<mjloggm ver="2.3"><GO type="225" lobby="0"/><UN n0="%E3%81%AF%E3%82%88%E3%81%8A%E3%81%98%E3%81%95%E3%82%93" n1="%E3%81%86%E3%82%8C%E3%81%9F%E3%82%93%E6%9E%95" n2="%E3%82%82%E3%81%90%E3%82%89" n3="%E3%81%82%E3%81%84%E3%81%82%E3%81%8A%E3%81%84" dan="16,16,16,18" rate="2100.52,2193.31,2214.81,2236.63" sx="M,F,M,M"/><TAIKYOKU oya="0"/><INIT seed="0,0,0,3,0,52" ten="250,250,250,250" oya="0" hai0="105,97,117,61,107,101,1,55,14,32,50,12,49" hai1="73,71,6,108,113,82,28,135,18,91,79,93,124" hai2="30,74,67,42,31,34,63,70,128,23,86,22,64" hai3="112,96,103,114,48,45,78,110,57,37,95,25,47"/><T123/><D117/><U65/><E108/><V102/><F74/><W13/><G110/><T3/><D123/><U38/><E135/><V115/><F115/><W134/><G134/><T17/><D32/><U66/><E124/><V81/><F128/><W129/><G129/><T9/><D105/><U99/><E28/><V122/><F122/><W8/><G78/><T44/><D61/><U15/><E38/><V24/><F31/><W120/><G120/><T90/><D90/><U21/><E113/><V125/><F125/><W5/><G25/><T92/><D107/><U56/><E71/><V27/><F27/><W39/><G39/><T109/><D109/><U83/><E6/><V35/><F42/><W62/><G37/><T46/><REACH who="0" step="1"/><D14/><REACH who="0" ten="240,250,250,250" step="2"/><U104/><E104/><V84/><F35/><W106/><G106/><T72/><D72/><U126/><E126/><V76/><F102/><W54/><REACH who="3" step="1"/><G47/><REACH who="3" ten="240,250,250,240" step="2"/><T119/><D119/><U127/><E127/><V68/><F34/><W111/><G111/><T130/><D130/><U33/><E33/><V36/><F36/><W88/><G88/><T116/><D116/><U29/><E91/><V40/><F76/><W121/><G121/><T59/><D59/><U60/><E79/><V89/><F70/><W53/><AGARI ba="0,2" hai="5,8,13,45,48,53,54,57,62,95,96,103,112,114" machi="53" ten="20,5200,0" yaku="1,1,0,1,7,1,52,1,53,0" doraHai="52" doraHaiUra="100" who="3" fromWho="3" sc="240,-26,250,-13,250,-13,240,72" /><INIT seed="1,0,0,2,2,83" ten="214,237,237,312" oya="1" hai0="13,1,52,126,22,80,91,38,42,2,24,47,77" hai1="129,31,108,61,55,95,85,3,54,105,17,109,115" hai2="69,84,4,5,20,130,104,119,23,89,131,92,67" hai3="44,102,96,36,37,21,32,63,112,50,111,40,6"/><U120/><E120/><V79/><F104/><W101/><G32/><T57/><D126/><U107/><E115/><V58/><F119/><W25/><G111/><N who="1" m="42570" /><E3/><V123/><F69/><W49/><G112/><T46/><D91/><N who="1" m="53743" /><E129/><N who="2" m="49163" /><F123/><W56/><G6/><N who="2" m="2665" /><F79/><W110/><G110/><T86/><D47/><U64/><E31/><V124/><F124/><W118/><G118/><T133/><D13/><U72/><E72/><V28/><F28/><W122/><G122/><T116/><D133/><U81/><E81/><V26/><F26/><W100/><G37/><T19/><REACH who="0" step="1"/><D116/><REACH who="0" ten="204,237,237,312" step="2"/><U10/><E10/><V90/><F90/><W9/><G9/><T113/><D113/><U59/><E17/><V45/><F45/><W66/><G44/><T76/><D76/><U39/><E39/><V65/><F65/><W82/><G66/><T41/><D41/><U128/><E128/><V127/><F127/><W125/><G40/><T53/><D53/><AGARI ba="0,1" hai="53,54,55,59,61,64,105,107" m="53743,42570" machi="53" ten="30,5800,0" yaku="14,1,10,1,52,1" doraHai="83" who="1" fromWho="0" sc="204,-58,237,68,237,0,312,0" /><INIT seed="1,1,0,1,3,86" ten="146,305,237,312" oya="1" hai0="28,130,99,24,37,95,4,45,117,18,110,60,125" hai1="124,49,44,46,111,73,42,41,67,98,1,123,92" hai2="22,76,5,116,2,55,20,126,58,15,89,47,29" hai3="9,43,78,26,70,50,118,31,12,96,65,121,56"/><U0/><E123/><V33/><F116/><W103/><G121/><T101/><D117/><U61/><E73/><V34/><F76/><W40/><G78/><T82/><D110/><U17/><E124/><V53/><F2/><W115/><G115/><T11/><D125/><U81/><E111/><V27/><F126/><W133/><G133/><T80/><D130/><U131/><E131/><V35/><F47/><W30/><G30/><T108/><D108/><U87/><E17/><V38/><F38/><W105/><G118/><T57/><D18/><U63/><E0/><V25/><F58/><W120/><G50/><T88/><D101/><U62/><E1/><V93/><F15/><W100/><G56/><T68/><D68/><U83/><E67/><V48/><F48/><W102/><G103/><T54/><D45/><N who="1" m="17515" /><E49/><V10/><F10/><W36/><G102/><T51/><D37/><U94/><E98/><V21/><F5/><W66/><G36/><T8/><D51/><U109/><E109/><V132/><F132/><W106/><G66/><T14/><REACH who="0" step="1"/><D8/><REACH who="0" ten="136,305,237,312" step="2"/><U39/><E39/><V104/><F104/><W134/><G106/><T112/><D112/><U114/><E114/><V90/><F29/><W69/><G69/><T122/><D122/><U135/><E135/><V16/><F16/><N who="3" m="8207" /><G120/><T6/><D6/><U113/><E113/><V64/><F27/><W129/><G129/><T7/><D7/><U128/><E128/><V127/><F25/><W75/><G134/><T72/><D72/><U119/><E119/><V74/><F74/><W79/><G75/><T91/><D91/><RYUUKYOKU ba="1,1" sc="136,30,305,-10,237,-10,312,-10" hai0="4,11,14,24,28,54,57,60,80,82,88,95,99" /><INIT seed="2,2,1,0,5,71" ten="166,295,227,302" oya="2" hai0="51,55,96,67,112,28,121,62,24,90,39,13,43" hai1="36,104,50,82,123,33,45,105,80,128,40,74,37" hai2="12,120,34,49,41,111,11,15,38,21,2,17,19" hai3="78,88,47,86,56,107,7,6,108,48,77,118,92"/><V126/><F120/><W133/><G118/><T72/><D112/><U114/><E114/><V18/><F34/><W132/><G107/><T4/><D121/><U134/><E123/><V1/><F126/><W0/><G108/><T25/><D72/><U68/><E134/><N who="3" m="51818" /><G56/><T54/><D39/><U130/><E33/><V100/><F111/><W27/><G27/><T60/><D43/><U119/><E119/><V65/><F65/><W66/><G66/><T83/><D67/><U106/><E68/><V125/><F125/><W87/><G0/><T14/><D4/><N who="3" m="1577" /><G87/><T76/><D76/><N who="1" m="44055" /><E82/><V61/><F61/><W46/><G46/><T64/><D64/><U59/><E59/><V30/><F30/><W42/><AGARI ba="2,1" hai="42,47,48,77,78,86,88,92" m="1577,51818" machi="42" ten="30,2000,0" yaku="20,1,54,1" doraHai="71" who="3" fromWho="3" sc="166,-7,295,-7,227,-12,302,36" /><INIT seed="3,0,0,0,3,105" ten="159,288,215,338" oya="3" hai0="45,122,52,107,4,36,31,1,35,85,42,101,119" hai1="103,38,77,128,113,69,30,25,89,8,75,108,54" hai2="132,91,63,74,27,130,102,114,124,40,23,88,98" hai3="87,18,44,133,13,7,79,115,86,109,61,116,83"/><W92/><G115/><T48/><D122/><U71/><E113/><V2/><F114/><W125/><G116/><T111/><D111/><U49/><E128/><V104/><F2/><W81/><G125/><T24/><D119/><U10/><E103/><V20/><F130/><W51/><G133/><T82/><D1/><U100/><E100/><V78/><F124/><W118/><G118/><T76/><D4/><U64/><E38/><V28/><F132/><W17/><G92/><T16/><D101/><U135/><E75/><V58/><F40/><N who="3" m="24967" /><G61/><T99/><D99/><U59/><E77/><V127/><F23/><W11/><G109/><T29/><D107/><U14/><E135/><V106/><F106/><W134/><G134/><T9/><D29/><U90/><E69/><V94/><F127/><W5/><G5/><T47/><REACH who="0" step="1"/><D9/><REACH who="0" ten="149,288,215,338" step="2"/><U117/><E10/><V50/><F104/><W41/><G7/><T34/><D34/><U120/><E8/><V43/><F102/><W19/><G41/><T32/><D32/><U93/><E30/><V67/><F43/><W97/><G97/><T56/><D56/><U37/><E59/><V110/><F98/><W65/><G11/><T66/><D66/><U33/><E64/><V26/><F67/><W22/><G65/><T121/><D121/><U131/><E120/><V57/><F28/><W46/><G46/><T72/><D72/><U96/><E108/><V0/><F74/><W60/><G19/><AGARI ba="0,1" hai="16,19,24,31,35,36,42,45,47,48,52,76,82,85" machi="19" ten="40,8000,1" yaku="1,1,54,2,53,1" doraHai="105" doraHaiUra="80" who="0" fromWho="3" sc="149,90,288,0,215,0,338,-80" /><INIT seed="4,0,0,3,3,69" ten="239,288,215,258" oya="0" hai0="43,9,25,77,66,24,101,130,63,51,135,75,134" hai1="16,62,35,0,79,48,58,90,124,38,61,1,68" hai2="56,23,32,26,67,109,29,105,6,91,64,3,65" hai3="30,8,60,99,112,74,73,95,86,131,94,96,127"/><T17/><D130/><U59/><E35/><V115/><F109/><W92/><G30/><T14/><D101/><U87/><E38/><V10/><F105/><W40/><G40/><T7/><D77/><U39/><E39/><V5/><F115/><W82/><G8/><T49/><D75/><N who="3" m="28681" /><G60/><T126/><D126/><U80/><E68/><V128/><F128/><W123/><G131/><T119/><D119/><U20/><E124/><V125/><F125/><W18/><G18/><T116/><D116/><U37/><E37/><V76/><F76/><N who="3" m="46407" /><G127/><T47/><D51/><U102/><E102/><V50/><F6/><W100/><G112/><T12/><D135/><U78/><E0/><V88/><F56/><N who="1" m="21545" /><E48/><V27/><REACH who="2" step="1"/><F50/><REACH who="2" ten="239,288,205,258" step="2"/><W84/><G123/><T104/><D104/><U122/><E122/><V22/><F22/><W52/><G100/><T55/><D134/><U2/><E2/><V133/><F133/><W97/><G52/><T89/><D55/><U33/><E1/><V54/><F54/><W44/><G44/><T85/><D66/><U111/><E111/><V98/><F98/><W118/><G118/><T11/><D63/><N who="1" m="24075" /><E33/><V28/><AGARI ba="0,1" hai="3,5,10,23,26,27,28,29,32,64,65,67,88,91" machi="28" ten="30,4000,0" yaku="1,1,0,1,54,1,53,0" doraHai="69" doraHaiUra="53" who="2" fromWho="2" sc="239,-20,288,-10,205,50,258,-10" /><INIT seed="5,0,0,3,5,48" ten="219,278,255,248" oya="1" hai0="69,9,37,115,124,77,35,47,26,87,85,58,0" hai1="31,128,82,29,94,93,83,118,75,106,120,131,51" hai2="113,32,50,22,30,36,99,64,109,68,127,100,96" hai3="1,46,8,76,39,15,114,123,110,79,17,10,73"/><U134/><E118/><V116/><F109/><W2/><G110/><T6/><D69/><U53/><E120/><V135/><F36/><W112/><G123/><T28/><D115/><N who="3" m="44073" /><G8/><T107/><D124/><U62/><E106/><V81/><F116/><W133/><G133/><T40/><D107/><U111/><E134/><V21/><F135/><W91/><G91/><T7/><D7/><U126/><E62/><V74/><F99/><W92/><G92/><N who="1" m="35434" /><E126/><V130/><F130/><N who="1" m="49705" /><E111/><V52/><F127/><W12/><G12/><T16/><D77/><N who="3" m="29769" /><G73/><T13/><REACH who="0" step="1"/><D58/><REACH who="0" ten="209,278,255,248" step="2"/><N who="1" m="33087" /><E75/><V43/><F74/><W90/><G90/><T89/><D89/><U41/><E82/><V78/><F81/><W98/><G98/><T101/><D101/><U3/><E83/><V66/><F78/><W104/><G104/><T122/><D122/><U105/><E105/><V86/><F100/><W125/><G125/><T44/><D44/><U65/><E3/><V54/><F96/><W102/><G102/><T25/><D25/><U45/><E65/><V117/><F66/><W5/><G5/><T61/><D61/><U67/><E67/><V27/><F113/><W18/><G1/><T103/><D103/><U132/><E132/><V70/><F117/><W34/><G2/><T19/><D19/><U55/><E29/><V129/><F129/><W59/><G59/><T49/><D49/><N who="1" m="29103" /><E31/><V24/><F70/><W95/><G46/><T88/><D88/><U71/><E71/><V119/><F68/><W11/><G17/><T33/><D33/><U56/><E56/><V60/><F32/><W23/><G34/><RYUUKYOKU ba="0,1" sc="209,15,278,15,255,-15,248,-15" hai0="0,6,9,13,16,26,28,35,37,40,47,85,87" hai1="41" /><INIT seed="5,1,1,5,4,68" ten="224,293,240,233" oya="1" hai0="79,55,43,127,42,107,29,87,129,125,52,9,57" hai1="0,119,93,65,78,37,103,99,88,63,90,39,67" hai2="62,21,105,123,94,111,8,58,44,122,113,46,80" hai3="101,112,30,85,91,50,59,53,18,41,82,81,72"/><U35/><E119/><V95/><F111/><W17/><G112/><T130/><D107/><U25/><E0/><V86/><F105/><W131/><G131/><N who="0" m="50187" /><D29/><U5/><E5/><V6/><F123/><W48/><G101/><T76/><D9/><U47/><E78/><N who="0" m="29737" /><D87/><U4/><E4/><V134/><F21/><W16/><G72/><T132/><D132/><U15/><E15/><N who="2" m="5527" /><F122/><W2/><G2/><T104/><D104/><U22/><E35/><V124/><F134/><W109/><G109/><T70/><D70/><U98/><E103/><V96/><F113/><W75/><G75/><T73/><D73/><U102/><E102/><N who="2" m="60695" /><F95/><N who="3" m="54767" /><G30/><T114/><D114/><U89/><E98/><V64/><F124/><N who="0" m="47690" /><D55/><U20/><E93/><V92/><F92/><W106/><G106/><T28/><D28/><U117/><E99/><V84/><F84/><W74/><G74/><T33/><D33/><U108/><E108/><V3/><F3/><W120/><G120/><T135/><D135/><U100/><E100/><V60/><F86/><W128/><G128/><T11/><D11/><U69/><E69/><V38/><F80/><N who="3" m="30827" /><G41/><T97/><D97/><U71/><E71/><V31/><F31/><W7/><G7/><T116/><D116/><U1/><E117/><V45/><F62/><AGARI ba="1,1" hai="16,17,18,48,50,53,59,62" m="30827,54767" machi="62" ten="30,2000,0" yaku="8,1,54,1" doraHai="68" who="3" fromWho="2" sc="224,0,293,0,240,-23,233,33" /><AGARI ba="1,0" hai="42,43,52,57,62" m="47690,29737,50187" machi="62" ten="30,3900,0" yaku="19,1,18,1,54,1" doraHai="68" who="0" fromWho="2" sc="224,39,293,0,217,-39,266,0" /><INIT seed="6,0,0,2,3,116" ten="263,293,178,266" oya="2" hai0="55,93,0,43,92,121,132,50,31,110,129,64,13" hai1="3,40,65,117,15,36,104,7,122,90,19,120,124" hai2="4,27,123,14,100,99,54,46,57,51,1,68,112" hai3="91,70,133,25,8,79,63,69,128,71,135,108,35"/><V73/><F123/><N who="1" m="47145" /><E117/><V52/><F112/><W72/><G108/><T82/><D110/><U119/><E119/><V101/><F73/><W103/><G128/><T17/><D0/><U5/><E104/><V113/><F113/><W11/><G103/><T134/><D121/><U96/><E124/><V42/><F68/><W28/><G63/><T97/><D129/><U6/><E65/><V45/><F1/><W58/><G58/><T44/><D64/><U62/><E62/><V49/><F27/><W98/><G98/><T125/><D31/><U74/><E74/><V78/><F78/><W95/><G79/><T81/><D43/><U24/><E24/><V41/><F54/><W9/><G72/><T77/><D93/><N who="1" m="56375" /><E40/><V33/><F33/><W37/><G37/><T47/><D44/><U76/><E76/><V53/><F53/><W10/><N who="3" m="2048" /><DORA hai="105" /><W87/><AGARI ba="0,0" hai="25,28,35,69,70,71,87,91,95,133,135" m="2048" machi="87" ten="50,3200,0" yaku="4,1,0,1" doraHai="116,105" who="3" fromWho="3" sc="263,-8,293,-8,178,-16,266,32" /><INIT seed="7,0,0,4,1,68" ten="255,285,162,298" oya="3" hai0="36,46,93,88,107,14,102,24,101,79,78,42,98" hai1="58,20,91,35,75,57,90,0,127,92,16,5,112" hai2="86,110,18,50,130,43,51,44,39,12,52,76,73" hai3="66,106,134,108,25,121,64,81,128,82,4,23,33"/><W47/><G121/><T30/><D14/><U55/><E35/><V89/><F130/><W49/><G106/><T27/><D27/><N who="1" m="14727" /><E0/><V8/><F110/><W71/><G33/><T113/><D113/><U70/><E70/><V6/><F73/><W38/><G38/><T117/><D117/><U118/><E75/><V96/><F96/><W13/><G71/><T125/><D125/><U132/><E132/><V2/><F76/><W11/><G134/><T74/><D74/><U9/><E127/><V114/><F114/><W119/><G128/><T26/><D26/><U80/><E118/><V45/><F51/><W40/><G119/><T122/><D122/><U63/><E80/><N who="3" m="30826" /><G108/><T133/><D133/><U95/><E9/><V115/><F115/><W103/><G103/><T19/><D19/><AGARI ba="0,0" hai="4,11,13,19,23,25,40,47,49,64,66" m="30826" machi="19" ten="30,1500,0" yaku="8,1" doraHai="68" who="3" fromWho="0" sc="255,-15,285,0,162,0,298,15" owari="240,-16.0,285,8.5,162,-33.8,313,41.3" /></mjloggm>