<mjloggm ver="2.3"><GO type="225" lobby="0"/><UN n0="%E7%99%BD%E6%97%A5%E9%9B%AA%E8%8F%9C" n1="%73%75%7A%75%6D%65%33" n2="%E3%80%93%E3%81%97%E3%83%BC%E3%82%89%E3%80%93" n3="%E3%81%B5%E3%81%98%E3%81%8B%E3%81%A4" dan="17,17,16,17" rate="2189.76,2251.41,2120.15,2190.05" sx="M,M,M,M"/><TAIKYOKU oya="0"/><INIT seed="0,0,0,4,1,77" ten="250,250,250,250" oya="0" hai0="65,109,10,129,79,23,50,123,82,39,74,105,11" hai1="13,112,33,51,113,108,32,134,64,84,71,62,28" hai2="92,122,47,7,135,45,76,85,54,117,63,93,14" hai3="126,61,69,66,83,49,58,40,16,35,25,97,9"/><T29/><D123/><U26/><E108/><V103/><F122/><W121/><G121/><T106/><D39/><U46/><E134/><V20/><F135/><W87/><G126/><T104/><D109/><U128/><E128/><V19/><F7/><W111/><G111/><T78/><D129/><U8/><E33/><V98/><F117/><W41/><G35/><T57/><D79/><U132/><E84/><V55/><F93/><W120/><G97/><T101/><D101/><U95/><E95/><V27/><F27/><W37/><G120/><T89/><D89/><U70/><E70/><V53/><REACH who="2" step="1"/><F63/><REACH who="2" ten="250,250,240,250" step="2"/><W110/><G25/><T60/><D106/><U44/><E132/><V68/><F68/><W114/><G69/><T72/><D105/><U99/><E113/><V5/><F5/><W90/><G114/><T18/><D104/><U17/><E112/><V88/><F88/><N who="3" m="51327" /><G110/><T59/><D60/><U133/><E133/><V125/><F125/><W102/><G102/><T56/><D78/><U30/><E26/><V130/><F130/><W119/><G90/><T124/><D124/><U80/><E62/><V96/><F96/><W94/><G94/><T67/><D29/><U127/><E30/><V118/><F118/><W21/><G119/><T12/><D18/><U52/><E71/><V115/><F115/><W24/><G37/><T43/><D82/><AGARI ba="0,1" hai="14,19,20,45,47,53,54,55,76,82,85,92,98,103" machi="82" ten="40,5200,0" yaku="1,1,8,1,52,1,53,0" doraHai="77" doraHaiUra="22" who="2" fromWho="0" sc="250,-52,250,0,240,62,250,0" /><INIT seed="1,0,0,1,2,99" ten="198,250,302,250" oya="1" hai0="31,66,77,53,10,107,40,6,79,98,44,65,4" hai1="95,33,78,13,70,118,97,25,23,22,104,16,82" hai2="112,103,59,1,3,21,39,58,69,132,121,67,68" hai3="122,29,75,54,48,93,80,92,86,88,17,49,18"/><U117/><E33/><V60/><F39/><W135/><G122/><T20/><D53/><U37/><E104/><V73/><F73/><W81/><G29/><T30/><D20/><U14/><E70/><V9/><F121/><W130/><G130/><T125/><D125/><U128/><E37/><V111/><F21/><W108/><G108/><T63/><D107/><U94/><E128/><V127/><F111/><W115/><G115/><T12/><D98/><U109/><E109/><V90/><F90/><W120/><G120/><T36/><D4/><U62/><E62/><V64/><F60/><W19/><G135/><T101/><D101/><U74/><E94/><N who="3" m="36458" /><G75/><T72/><D66/><U41/><E41/><V47/><F132/><W26/><G26/><T102/><D102/><U126/><E126/><V50/><F103/><W45/><G49/><T131/><D131/><U96/><E13/><V35/><F50/><W52/><G80/><T87/><D72/><U5/><E5/><V119/><F35/><W106/><G106/><T91/><D31/><U28/><E97/><V11/><F127/><W100/><G100/><AGARI ba="0,0" hai="14,16,22,23,25,28,74,78,82,95,96,100,117,118" machi="100" ten="30,5800,0" yaku="7,1,52,1,54,1" doraHai="99" who="1" fromWho="3" sc="198,0,250,58,302,0,250,-58" /><INIT seed="1,1,0,5,3,4" ten="198,308,302,192" oya="1" hai0="58,6,23,135,39,41,116,75,124,122,25,133,66" hai1="69,83,64,103,88,45,54,38,101,70,48,71,43" hai2="28,107,115,121,98,1,92,100,46,79,125,86,89" hai3="49,61,96,17,40,90,59,7,35,68,72,84,42"/><U129/><E129/><V97/><F1/><W94/><G68/><T108/><D116/><U113/><E113/><V117/><F28/><W27/><G72/><T63/><D75/><U2/><E2/><V119/><F46/><W62/><G7/><T130/><D130/><U74/><E64/><V30/><F30/><W132/><G132/><N who="0" m="50763" /><D108/><U85/><REACH who="1" step="1"/><E74/><REACH who="1" ten="198,298,302,192" step="2"/><V111/><F115/><W87/><G35/><T95/><D122/><U134/><E134/><V127/><F121/><W123/><G123/><T36/><D124/><N who="2" m="47690" /><F111/><W5/><G40/><T21/><D41/><U73/><E73/><V67/><F67/><W128/><G42/><T110/><D110/><U34/><E34/><V55/><F55/><W80/><G128/><T56/><D66/><U65/><E65/><V44/><F119/><W93/><G62/><T77/><D63/><U52/><E52/><V33/><F117/><W99/><G61/><T109/><D109/><U47/><AGARI ba="1,1" hai="38,43,45,47,48,54,69,70,71,83,85,88,101,103" machi="47" ten="40,12000,1" yaku="1,1,0,1,54,1,53,1" doraHai="4" doraHaiUra="37" who="1" fromWho="1" sc="198,-41,298,133,302,-41,192,-41" /><INIT seed="1,2,0,0,1,73" ten="157,431,261,151" oya="1" hai0="104,62,75,111,44,113,130,100,55,135,38,12,3" hai1="49,20,128,98,83,36,14,34,0,116,9,64,127" hai2="105,28,76,37,120,117,23,45,25,99,134,47,68" hai3="119,90,5,53,93,21,121,43,125,65,52,48,114"/><U78/><E116/><V67/><F120/><W103/><G121/><T107/><D3/><U59/><E36/><V122/><F122/><W86/><G119/><T11/><D113/><U61/><E34/><V32/><F117/><W123/><G123/><T97/><D111/><U2/><E127/><V118/><F118/><W24/><G114/><T54/><D130/><U69/><E128/><V31/><F134/><W4/><G125/><T16/><D135/><U42/><E20/><V126/><F126/><W17/><G65/><T60/><D75/><U22/><E22/><V109/><F109/><W72/><G72/><T94/><D38/><U13/><E13/><V40/><F47/><N who="3" m="25727" /><G103/><T33/><D33/><U95/><E69/><V131/><F131/><W71/><G71/><T124/><D124/><U15/><E15/><V80/><F31/><W74/><G74/><T92/><D107/><U84/><E49/><V106/><F32/><W35/><G35/><T115/><D115/><U96/><E42/><V8/><F8/><W19/><G19/><T39/><D39/><U112/><E112/><V66/><F68/><W57/><G53/><T132/><D132/><U6/><E98/><V101/><F106/><W102/><G102/><AGARI ba="2,0" hai="0,2,6,9,14,59,61,64,78,83,84,95,96,102" machi="102" ten="30,2900,0" yaku="7,1,52,1" doraHai="73" who="1" fromWho="3" sc="157,0,431,35,261,0,151,-35" /><INIT seed="1,3,0,3,5,121" ten="157,466,261,116" oya="1" hai0="8,71,45,63,129,80,0,48,20,50,5,92,35" hai1="6,135,33,83,118,58,3,125,42,54,16,34,108" hai2="18,2,127,122,131,24,21,10,17,87,84,60,97" hai3="76,13,70,57,11,46,90,81,31,68,55,40,37"/><U22/><E118/><V128/><F122/><W14/><G90/><T133/><D35/><U51/><E125/><V27/><F127/><W49/><G31/><T7/><D129/><U26/><E135/><V123/><F123/><W91/><G91/><T107/><D133/><U9/><E108/><V78/><F97/><W119/><G119/><T4/><D107/><U23/><E83/><V113/><F113/><W95/><G95/><T102/><D80/><U56/><E42/><V86/><F78/><W61/><G37/><T44/><D20/><U43/><E43/><V19/><F60/><W85/><REACH who="3" step="1"/><G14/><REACH who="3" ten="157,466,261,106" step="2"/><T12/><D12/><U62/><E34/><V29/><F2/><W126/><G126/><T66/><D92/><U116/><E116/><V28/><F10/><W124/><G124/><T99/><D102/><U59/><E33/><V47/><F131/><W79/><G79/><T105/><D105/><U82/><E82/><V52/><F128/><W98/><G98/><T75/><D99/><U38/><E38/><V53/><F29/><W73/><G73/><T89/><D75/><U115/><E115/><V30/><F30/><W64/><G64/><T104/><D104/><U1/><E1/><V101/><F28/><W130/><G130/><T94/><D89/><U117/><E117/><V25/><F86/><W120/><G120/><T67/><D94/><U111/><E3/><V93/><F84/><W15/><G15/><T96/><D96/><U36/><E36/><V132/><F87/><W114/><G114/><T32/><D67/><U134/><E134/><V77/><F132/><RYUUKYOKU ba="3,1" sc="157,-10,466,-10,261,-10,106,30" hai3="11,13,40,46,49,55,57,61,68,70,76,81,85" /><INIT seed="2,4,1,3,1,132" ten="147,456,251,136" oya="2" hai0="88,130,74,135,20,115,63,102,43,54,94,36,57" hai1="50,111,91,129,85,13,67,80,72,112,56,93,121" hai2="29,17,11,10,133,15,52,61,48,31,19,70,131" hai3="55,0,26,38,62,120,66,64,59,119,123,103,18"/><V16/><F133/><W98/><G119/><T65/><D115/><U32/><E32/><V96/><F131/><W39/><G0/><T9/><D135/><U46/><E112/><V106/><F70/><W8/><G66/><T95/><D74/><U25/><E121/><V5/><F61/><W86/><G86/><T110/><D130/><U126/><E129/><V73/><F73/><W2/><G123/><T90/><D110/><U92/><E111/><V58/><F106/><W99/><G99/><N who="0" m="59767" /><D36/><U33/><E13/><N who="2" m="5327" /><F96/><W76/><G76/><T122/><D43/><U79/><E67/><V44/><F58/><W71/><G120/><T128/><D128/><U83/><E56/><V100/><F100/><W109/><G109/><T7/><D122/><U114/><E114/><V40/><F40/><W51/><G2/><T108/><D108/><U81/><E72/><V47/><F47/><W4/><G4/><AGARI ba="4,1" hai="4,11,15,16,17,19,29,31,44,48,52" m="5327" machi="4" ten="30,5800,0" yaku="8,1,54,2" doraHai="132" who="2" fromWho="3" sc="147,0,456,0,251,80,136,-70" /><INIT seed="2,5,0,3,3,82" ten="147,456,331,66" oya="2" hai0="15,127,106,71,5,61,85,49,125,65,43,69,50" hai1="73,116,108,42,105,59,123,35,17,12,100,34,122" hai2="44,113,40,37,22,4,111,126,20,30,45,99,93" hai3="114,0,3,103,135,119,129,18,67,131,92,28,56"/><V26/><F113/><W31/><G92/><T115/><D106/><U91/><E116/><V128/><F126/><N who="0" m="48138" /><D115/><U13/><E73/><V66/><F128/><N who="3" m="49227" /><G103/><T68/><D85/><U97/><E108/><V27/><F111/><W118/><G56/><N who="0" m="37031" /><D43/><U110/><E110/><V7/><F45/><W121/><G67/><T46/><D46/><U120/><E42/><V83/><F66/><W80/><G80/><T55/><D55/><U38/><E38/><V78/><F93/><W51/><G51/><N who="0" m="19467" /><D15/><U88/><E13/><V48/><F99/><W25/><G114/><T87/><D87/><U63/><E35/><V60/><F60/><W90/><G90/><T98/><D5/><U117/><E34/><V23/><F37/><W134/><G121/><T74/><D98/><U57/><E117/><N who="3" m="44554" /><G18/><T94/><D94/><U132/><E59/><V9/><F83/><W6/><G6/><T96/><D96/><U54/><E91/><V76/><F7/><W33/><G31/><T86/><D86/><U21/><E88/><V36/><F36/><W72/><G72/><AGARI ba="5,0" hai="68,69,71,72,74" m="19467,37031,48138" machi="72" ten="40,1300,0" yaku="18,1" doraHai="82" who="0" fromWho="3" sc="147,28,456,0,331,0,66,-28" /><INIT seed="3,0,0,4,5,7" ten="175,456,331,38" oya="3" hai0="110,35,80,86,38,94,14,117,126,51,88,118,98" hai1="78,95,91,102,124,31,8,21,82,115,18,71,103" hai2="90,68,60,72,133,84,107,112,120,10,101,5,66" hai3="69,16,85,134,39,76,135,28,12,67,2,100,50"/><W125/><G39/><T131/><D38/><U63/><E115/><V29/><F72/><W79/><G2/><T13/><D110/><U33/><E124/><V44/><F112/><W47/><G125/><T106/><D126/><U93/><E93/><V59/><F120/><W34/><G100/><T62/><D35/><U74/><E8/><V132/><F29/><W53/><G67/><T30/><D30/><U52/><E31/><V6/><F6/><W73/><G69/><T42/><D106/><U45/><E33/><V32/><F44/><W130/><G130/><T37/><D37/><U129/><E129/><V92/><F32/><W43/><G73/><T65/><D131/><U3/><E3/><V89/><F68/><W41/><G34/><T119/><D42/><N who="3" m="15881" /><G28/><T81/><D51/><U109/><E109/><V11/><F5/><W105/><G105/><T55/><D55/><U54/><E54/><V40/><F40/><W23/><G85/><T57/><REACH who="0" step="1"/><D81/><REACH who="0" ten="165,456,331,38" step="2"/><N who="1" m="45271" /><E71/><V15/><F107/><W127/><G127/><T25/><D25/><U77/><E103/><AGARI ba="0,1" hai="13,14,57,62,65,80,86,88,94,98,103,117,118,119" machi="103" ten="40,2600,0" yaku="1,1,54,1,53,0" doraHai="7" doraHaiUra="108" who="0" fromWho="1" sc="165,36,456,-26,331,0,38,0" owari="201,-19.9,430,53.0,331,13.1,38,-46.2" /></mjloggm>