<mjloggm ver="2.3"><GO type="225" lobby="0"/><UN n0="%E8%A8%88%E7%AE%97%E6%A9%9F%E8%87%AA%E7%84%B6" n1="%E7%9C%9F%E4%B8%80" n2="%43%68%65" n3="%73%69%72%6F%75%74" dan="17,17,16,16" rate="2208.79,2253.31,2149.45,2149.09" sx="M,M,M,M"/><TAIKYOKU oya="0"/><INIT seed="0,0,0,0,1,54" ten="250,250,250,250" oya="0" hai0="29,108,109,79,135,117,23,4,89,25,62,28,5" hai1="102,105,64,131,114,27,118,9,58,123,71,116,81" hai2="12,56,34,83,104,100,26,21,3,124,133,31,7" hai3="63,44,50,130,74,99,67,30,33,134,95,103,53"/><T22/><D79/><U88/><E123/><V86/><F124/><W40/><G74/><T97/><D89/><U69/><E131/><V66/><F133/><W51/><G134/><T77/><D77/><U1/><E27/><V132/><F132/><W43/><G130/><T70/><D97/><U119/><E114/><V125/><F125/><W65/><G63/><T0/><D135/><U8/><E105/><V110/><F110/><N who="0" m="42602" /><D70/><U38/><E102/><V41/><F41/><W14/><G14/><T76/><D76/><U36/><E1/><V121/><F121/><W107/><G107/><T11/><D62/><U91/><E119/><V82/><F100/><W32/><G40/><T2/><D117/><U75/><E64/><V17/><F104/><W93/><G95/><T6/><D0/><U72/><REACH who="1" step="1"/><E58/><REACH who="1" ten="250,240,250,250" step="2"/><V94/><F56/><W15/><G67/><T60/><D60/><U16/><E16/><V85/><F66/><W126/><G65/><T20/><D28/><U39/><E39/><V47/><F47/><W84/><G126/><T68/><D68/><U19/><E19/><V48/><F48/><W24/><G33/><AGARI ba="0,1" hai="2,4,5,6,11,20,22,23,25,29,33" m="42602" machi="33" ten="30,11600,0" yaku="14,1,10,1,34,2" doraHai="54" who="0" fromWho="3" sc="250,126,240,0,250,0,250,-116" /><INIT seed="0,1,0,3,2,93" ten="376,240,250,134" oya="0" hai0="3,72,10,94,27,71,50,104,75,68,46,21,20" hai1="5,12,6,54,37,79,9,45,122,102,89,35,87" hai2="0,13,127,133,100,92,103,123,14,36,57,98,66" hai3="24,91,108,78,118,26,124,48,116,128,53,132,63"/><T8/><D104/><U1/><E122/><V17/><F123/><W74/><G108/><T60/><D94/><U22/><E35/><V106/><F0/><W65/><G124/><T42/><D20/><U33/><E33/><V80/><F36/><W58/><G128/><T7/><D8/><U95/><E79/><V62/><F133/><W30/><G132/><T126/><D126/><U52/><E102/><V110/><F110/><W19/><G74/><T55/><D68/><U29/><E5/><V15/><F127/><W101/><G78/><T67/><REACH who="0" step="1"/><D42/><REACH who="0" ten="366,240,250,134" step="2"/><U23/><E22/><V119/><F119/><W134/><G118/><T82/><D82/><U38/><E23/><V83/><F17/><AGARI ba="1,1" hai="3,7,10,17,21,27,46,50,55,60,67,71,72,75" machi="17" ten="30,2900,0" yaku="1,1,7,1,53,0" doraHai="93" doraHaiUra="39" who="0" fromWho="2" sc="366,42,240,0,250,-32,134,0" /><INIT seed="0,2,0,5,4,25" ten="408,240,218,134" oya="0" hai0="93,96,44,65,84,109,128,23,66,116,5,80,69" hai1="43,125,62,63,21,127,20,16,28,9,78,130,1" hai2="90,27,64,106,82,47,122,6,48,108,104,126,70" hai3="120,56,81,2,41,86,103,113,112,88,74,13,72"/><T32/><D32/><U4/><E78/><V119/><F122/><W100/><G2/><T102/><D116/><U124/><E130/><V89/><F119/><W39/><G39/><T15/><D69/><U58/><E43/><V24/><F6/><W57/><G41/><T35/><D35/><U11/><E58/><V60/><F108/><W107/><G13/><T97/><D128/><U76/><E76/><V121/><F121/><W59/><G120/><T37/><D37/><U18/><E11/><V133/><F133/><W42/><G42/><T134/><D44/><U91/><E91/><V38/><F126/><W46/><G46/><T29/><D134/><U7/><E7/><V87/><F38/><W52/><G107/><T75/><D75/><U123/><E123/><V53/><F27/><W115/><REACH who="3" step="1"/><G52/><REACH who="3" ten="408,240,218,124" step="2"/><T36/><D36/><U0/><E0/><V71/><F106/><W105/><G105/><T33/><D15/><N who="1" m="9247" /><E63/><V67/><F104/><W99/><G99/><T94/><D96/><U83/><E62/><V26/><F60/><W31/><G31/><T131/><D97/><U101/><E127/><V19/><F53/><W51/><G51/><T110/><D29/><U40/><E125/><V54/><F54/><W22/><G22/><T73/><D23/><U61/><E61/><V98/><F48/><W8/><G8/><T85/><D131/><U10/><E124/><V45/><F98/><W132/><G132/><T117/><D117/><U77/><E28/><V14/><F14/><W50/><G50/><T95/><D33/><U68/><E1/><V129/><F129/><RYUUKYOKU ba="2,1" sc="408,-10,240,-10,218,-10,124,30" hai3="56,57,59,72,74,81,86,88,100,103,112,113,115" /><INIT seed="1,3,1,4,5,55" ten="398,230,208,154" oya="1" hai0="0,103,49,24,30,43,33,121,68,76,125,133,82" hai1="34,22,25,87,11,4,117,74,85,5,90,107,21" hai2="122,1,132,111,80,73,3,89,44,40,12,108,45" hai3="71,50,14,10,69,75,114,126,96,131,46,66,93"/><U129/><E74/><V102/><F122/><W42/><G114/><T95/><D68/><U48/><E117/><V35/><F35/><W53/><G75/><T106/><D0/><U118/><E118/><V128/><F102/><W15/><G131/><T81/><D106/><U113/><E113/><V57/><F128/><W134/><G126/><T116/><D116/><U56/><E107/><V77/><F132/><W36/><G134/><T105/><D105/><U52/><E129/><V94/><F12/><W13/><G10/><T7/><D7/><U18/><E34/><V60/><F3/><W32/><G32/><T88/><D103/><U58/><E11/><V123/><F1/><W67/><G71/><T62/><D62/><U59/><E22/><V83/><F83/><W17/><G17/><T119/><D119/><U27/><E27/><V64/><F123/><W124/><G124/><T29/><D29/><U38/><E38/><V26/><F26/><W23/><G23/><T110/><D125/><U2/><E2/><V91/><F91/><W41/><G69/><T9/><D9/><U84/><E90/><V28/><F28/><W47/><REACH who="3" step="1"/><G41/><REACH who="3" ten="398,230,208,144" step="2"/><T98/><D133/><U20/><E20/><V112/><F112/><W100/><AGARI ba="3,2" hai="13,14,15,36,42,46,47,50,53,66,67,93,96,100" machi="100" ten="30,4000,0" yaku="1,1,2,1,0,1,53,0" doraHai="55" doraHaiUra="78" who="3" fromWho="3" sc="398,-13,230,-23,208,-13,144,69" /><INIT seed="2,0,0,4,2,77" ten="385,207,195,213" oya="2" hai0="14,62,8,107,57,101,93,121,44,99,17,67,73" hai1="114,84,100,131,92,58,61,3,60,129,105,64,13" hai2="80,94,50,86,36,117,1,81,9,33,83,29,78" hai3="109,70,24,42,40,30,124,59,26,133,128,49,119"/><V54/><F117/><W90/><G119/><T69/><D121/><U123/><E114/><V46/><F36/><W11/><G70/><T2/><D73/><U63/><E3/><V72/><F72/><W98/><G109/><T112/><D112/><U135/><E135/><V134/><F134/><W68/><G68/><T79/><D79/><U91/><E123/><V34/><F94/><N who="3" m="56663" /><G133/><T71/><D2/><U22/><E105/><V95/><F95/><W87/><G124/><T113/><D113/><U76/><E76/><V103/><F103/><W32/><G32/><T18/><D93/><U12/><E100/><V23/><F34/><W5/><G128/><N who="1" m="49226" /><E12/><V108/><F33/><W102/><G102/><T43/><D17/><AGARI ba="0,0" hai="13,17,22,58,60,61,63,64,84,91,92" m="49226" machi="17" ten="30,1000,0" yaku="19,1" doraHai="77" who="1" fromWho="0" sc="385,-10,207,10,195,0,213,0" /><INIT seed="3,0,0,4,2,118" ten="375,217,195,213" oya="3" hai0="110,113,125,121,76,21,65,10,36,13,16,102,7" hai1="97,4,37,92,132,57,106,133,9,90,81,101,60" hai2="27,15,51,107,117,127,66,103,89,109,19,108,104" hai3="47,119,124,120,20,70,64,129,123,1,111,54,88"/><W3/><G119/><T14/><D121/><U23/><E37/><V79/><F117/><W77/><G77/><T95/><D36/><U73/><E23/><V45/><F79/><W98/><G1/><T24/><D110/><N who="2" m="42602" /><F103/><W105/><G3/><T75/><D125/><U0/><E73/><V126/><F66/><W26/><G111/><T11/><D113/><U82/><E106/><N who="2" m="40491" /><F27/><W33/><G124/><N who="2" m="47657" /><F89/><W85/><G123/><T93/><D102/><U83/><REACH who="1" step="1"/><E101/><REACH who="1" ten="375,207,195,213" step="2"/><V18/><F15/><W78/><G120/><T8/><D13/><U122/><E122/><V68/><F68/><W2/><G70/><T56/><D21/><U28/><E28/><V63/><F63/><W112/><G105/><T42/><D75/><U99/><E99/><V72/><F72/><W38/><G98/><T69/><D69/><U67/><AGARI ba="0,1" hai="0,4,9,57,60,67,81,82,83,90,92,97,132,133" machi="67" ten="30,2000,0" yaku="1,1,0,1,53,0" doraHai="118" doraHaiUra="44" who="1" fromWho="1" sc="375,-5,207,30,195,-5,213,-10" owari="370,47.0,237,3.7,190,-31.0,203,-19.7" /></mjloggm>