<mjloggm ver="2.3"><GO type="225" lobby="0"/><UN n0="%E5%B8%86%E7%AB%8B%E5%A4%8F%E8%A1%A3" n1="%72%61%6B%33" n2="%E6%9D%BE%E6%9C%AC%E5%81%A5%E7%94%B7" n3="%E3%81%AF%E3%82%88%E3%81%8A%E3%81%98%E3%81%95%E3%82%93" dan="17,16,16,16" rate="2139.67,2216.60,2142.76,2160.32" sx="M,M,M,M"/><TAIKYOKU oya="0"/><INIT seed="0,0,0,3,1,84" ten="250,250,250,250" oya="0" hai0="110,61,62,48,24,105,57,120,103,29,104,111,59" hai1="42,38,66,74,82,100,130,86,107,43,64,46,90" hai2="45,13,72,22,85,2,128,51,73,97,19,35,91" hai3="65,15,49,126,121,131,53,33,96,1,95,21,67"/><T44/><D120/><U30/><E130/><V102/><F35/><W60/><G1/><T6/><D6/><U109/><E109/><N who="0" m="41481" /><D62/><U76/><E42/><V71/><F2/><W36/><G36/><T114/><D114/><U117/><E30/><V88/><F71/><W125/><G33/><N who="0" m="20647" /><D103/><U9/><E9/><V92/><F128/><W17/><G121/><T11/><D11/><U58/><E58/><N who="0" m="22025" /><D61/><U56/><E56/><V113/><F113/><W18/><G131/><T123/><D123/><U108/><E108/><V124/><F124/><N who="3" m="47723" /><G60/><T7/><D7/><U132/><E117/><V3/><F3/><W5/><G5/><T69/><D69/><U101/><E101/><V34/><F34/><W99/><G67/><T133/><D133/><U47/><E132/><V80/><REACH who="2" step="1"/><F102/><REACH who="2" ten="250,250,240,250" step="2"/><W135/><G135/><T89/><D89/><U52/><E100/><V70/><F70/><W122/><G122/><T40/><AGARI ba="0,1" hai="40,44,48,104,105" m="22025,20647,41481" machi="40" ten="30,3000,0" yaku="14,1,10,1" doraHai="84" who="0" fromWho="0" sc="250,40,250,-10,240,-10,250,-10" /><INIT seed="0,1,0,2,2,130" ten="290,240,230,240" oya="0" hai0="129,132,6,113,51,76,75,122,126,32,86,38,18" hai1="61,85,7,133,116,70,29,123,78,13,115,14,42" hai2="97,21,81,0,91,23,87,66,89,73,64,41,8" hai3="111,94,93,131,125,59,135,108,79,16,44,10,57"/><T107/><RYUUKYOKU type="yao9" ba="1,0" sc="290,0,240,0,230,0,240,0" hai0="6,18,32,38,51,75,76,86,107,113,122,126,129,132" /><INIT seed="0,2,0,2,4,12" ten="290,240,230,240" oya="0" hai0="51,75,106,99,116,120,53,117,64,131,79,124,36" hai1="11,102,103,65,30,135,107,45,5,8,54,6,39" hai2="87,122,69,71,34,40,23,60,118,35,125,115,113" hai3="86,49,78,134,85,74,59,72,41,89,47,37,105"/><T21/><D120/><U61/><E135/><V96/><F122/><W130/><G105/><T110/><D36/><U27/><E54/><V31/><F125/><W14/><G134/><T19/><D124/><U16/><E45/><V119/><F40/><W10/><G130/><T114/><D114/><U112/><E39/><V55/><F87/><W18/><G78/><T24/><D131/><U63/><E112/><V29/><F23/><W3/><G3/><T92/><D106/><U101/><E107/><V25/><F55/><W95/><G86/><T22/><D64/><U126/><E126/><V32/><F32/><W83/><G95/><T62/><D110/><U28/><E65/><V81/><F81/><W0/><G0/><T121/><D121/><U93/><E93/><V123/><F123/><W4/><G4/><T73/><D22/><N who="1" m="13767" /><E5/><V26/><REACH who="2" step="1"/><F60/><REACH who="2" ten="290,240,220,240" step="2"/><N who="1" m="23113" /><E8/><V104/><F104/><W7/><G72/><T98/><D75/><U70/><E70/><V82/><F82/><W38/><G74/><T13/><D73/><U1/><E1/><V20/><F20/><W132/><G132/><T57/><D21/><U43/><E43/><V66/><F66/><W46/><G38/><T90/><D53/><U33/><E33/><V128/><F128/><W127/><G127/><T2/><D2/><U17/><E6/><V129/><F129/><W108/><G108/><T52/><D52/><U100/><N who="1" m="25600" /><DORA hai="44" /><U109/><E109/><V77/><F77/><W50/><G47/><T42/><D79/><U68/><E68/><V9/><F9/><N who="3" m="6479" /><G59/><T56/><D57/><U76/><E76/><RYUUKYOKU ba="2,1" sc="290,-30,240,10,220,10,240,10" hai1="11,17,28,30" hai2="25,26,29,31,34,35,69,71,96,113,115,118,119" hai3="7,10,37,41,46,49,50,83,85,89" /><INIT seed="1,3,1,5,3,115" ten="260,250,230,250" oya="1" hai0="35,105,74,88,18,91,73,21,11,118,60,99,98" hai1="59,80,58,103,57,52,119,79,78,70,117,68,38" hai2="61,14,123,132,62,133,90,93,44,130,96,104,51" hai3="116,94,17,31,126,127,135,112,66,9,128,81,32"/><U82/><E103/><V108/><F123/><W39/><G39/><T129/><D35/><U134/><E38/><V24/><F108/><W89/><G112/><T92/><D129/><U13/><E13/><V83/><F130/><W33/><G128/><T1/><D118/><N who="1" m="45067" /><E52/><V85/><F104/><W46/><G116/><T72/><D60/><U75/><E75/><V43/><F24/><W5/><G66/><T86/><D105/><U97/><E97/><V7/><F7/><W53/><G17/><T131/><D131/><U40/><E40/><V25/><F25/><W19/><G19/><T4/><REACH who="0" step="1"/><D91/><REACH who="0" ten="250,250,230,250" step="2"/><U42/><E134/><N who="2" m="51819" /><F14/><AGARI ba="3,2" hai="1,4,11,14,18,21,72,73,74,86,88,92,98,99" machi="14" ten="40,8000,1" yaku="1,1,54,1,53,3" doraHai="115" doraHaiUra="107" who="0" fromWho="2" sc="250,109,250,0,230,-89,250,0" /><INIT seed="2,0,0,4,3,120" ten="359,250,141,250" oya="2" hai0="33,23,117,38,80,59,118,105,90,35,10,67,121" hai1="36,110,135,132,70,66,99,42,127,78,111,62,104" hai2="83,2,51,79,3,122,58,126,0,131,14,9,74" hai3="41,85,73,16,108,86,81,133,84,114,50,44,116"/><V5/><F122/><W98/><G116/><T109/><D105/><U47/><E78/><V13/><F126/><W12/><G133/><N who="1" m="51274" /><E127/><V124/><F124/><W11/><G114/><T49/><D38/><U82/><E82/><V48/><F131/><W129/><G129/><T91/><D23/><U65/><E65/><V95/><F14/><W102/><G73/><T40/><D49/><U115/><E115/><V75/><F75/><W103/><G108/><N who="1" m="41514" /><E99/><V93/><F51/><W100/><REACH who="3" step="1"/><G98/><REACH who="3" ten="359,250,141,240" step="2"/><T89/><D109/><U20/><E20/><V68/><REACH who="2" step="1"/><F68/><REACH who="2" ten="359,250,131,240" step="2"/><W55/><G55/><AGARI ba="0,2" hai="0,2,3,5,9,13,48,55,58,74,79,83,93,95" machi="55" ten="40,3900,0" yaku="1,1,2,1,53,0" doraHai="120" doraHaiUra="24" who="2" fromWho="3" sc="359,0,250,0,131,59,240,-39" /><INIT seed="2,1,0,2,3,105" ten="359,250,190,201" oya="2" hai0="35,70,28,9,132,101,130,40,96,22,79,26,129" hai1="75,18,30,4,66,8,45,61,99,114,93,11,76" hai2="54,37,110,134,77,20,111,47,127,122,39,33,29" hai3="113,92,81,17,128,25,59,106,88,102,90,104,119"/><V63/><F122/><W19/><G119/><T52/><D132/><U16/><E114/><V109/><F134/><W41/><G113/><T69/><D40/><U57/><E30/><V95/><F127/><W23/><G128/><N who="0" m="49259" /><D79/><U115/><E115/><V53/><F33/><W86/><G102/><T123/><D123/><U67/><E67/><V74/><F95/><W13/><G59/><T121/><D121/><U27/><E45/><V125/><F125/><W60/><G60/><T131/><D131/><U124/><E124/><V78/><F78/><W73/><G41/><T42/><D42/><U120/><E120/><V118/><F118/><W2/><G2/><T84/><D84/><U107/><E107/><V0/><F0/><W14/><G25/><N who="0" m="18831" /><D9/><U36/><E36/><V56/><F29/><W1/><G1/><T6/><D52/><U65/><E65/><V62/><F20/><W43/><G43/><T10/><D22/><U49/><E49/><N who="2" m="28863" /><F63/><W89/><G73/><T82/><D82/><AGARI ba="1,0" hai="37,39,54,56,62,74,77,82,109,110,111" m="28863" machi="82" ten="30,5800,0" yaku="14,1,10,1,52,1" doraHai="105" who="2" fromWho="0" sc="359,-61,250,0,190,61,201,0" /><INIT seed="2,2,0,0,1,112" ten="298,250,251,201" oya="2" hai0="0,117,102,27,122,82,71,126,76,105,63,113,92" hai1="44,69,7,61,9,28,38,18,41,31,11,53,79" hai2="32,89,116,5,43,17,62,74,97,133,10,72,91" hai3="55,29,67,70,42,23,109,56,80,22,12,73,25"/><V66/><F133/><W115/><G115/><T48/><D113/><U60/><E18/><V128/><F128/><W124/><G109/><T39/><D122/><U83/><E11/><V104/><F32/><W123/><G123/><T93/><D0/><U16/><E61/><V65/><F116/><W13/><G124/><T21/><D39/><U58/><E69/><V106/><F43/><W81/><G42/><T103/><D117/><U100/><E100/><V96/><F17/><W108/><G108/><T99/><D48/><U51/><E16/><V121/><F121/><W129/><G129/><T132/><D126/><U75/><REACH who="1" step="1"/><E60/><REACH who="1" ten="298,240,251,201" step="2"/><V20/><F62/><W36/><G70/><T134/><D103/><U120/><E120/><V84/><F10/><W33/><G67/><T49/><D63/><U26/><E26/><V95/><F65/><W125/><G125/><T2/><D71/><U135/><E135/><V35/><F66/><W3/><G3/><AGARI ba="2,1" hai="3,7,9,28,31,38,41,44,51,53,58,75,79,83" machi="3" ten="30,8000,1" yaku="1,1,7,1,25,2,53,1" doraHai="112" doraHaiUra="68" who="1" fromWho="3" sc="298,0,240,96,251,0,201,-86" /><INIT seed="3,0,0,3,1,94" ten="298,336,251,115" oya="3" hai0="45,29,19,106,44,17,52,134,40,22,64,119,79" hai1="87,56,115,93,133,135,99,97,53,121,42,21,15" hai2="37,38,108,39,23,82,132,50,66,88,59,96,73" hai3="32,84,105,107,8,85,20,75,0,60,68,98,28"/><W49/><G75/><T74/><D119/><U61/><E121/><V54/><F108/><W47/><G20/><T62/><D134/><N who="1" m="51211" /><E115/><V109/><F109/><W35/><G105/><T83/><D106/><U71/><E42/><V51/><F132/><W36/><G36/><T6/><D6/><U111/><E111/><V127/><F127/><W12/><G0/><T16/><D29/><U2/><E2/><V92/><F66/><N who="3" m="41031" /><G32/><T113/><D113/><U72/><E71/><V120/><F120/><W90/><G90/><T5/><D5/><U14/><E72/><V91/><F23/><W24/><G12/><N who="1" m="4650" /><E21/><V11/><F11/><W13/><G49/><T55/><D22/><U34/><E34/><V33/><F33/><W76/><G47/><T104/><D104/><U4/><E4/><V30/><F30/><W122/><G76/><T77/><D77/><U102/><E97/><V103/><F73/><W125/><G125/><T3/><D3/><U95/><E93/><V128/><F128/><W81/><G81/><T129/><D129/><U27/><E87/><V26/><F26/><AGARI ba="0,0" hai="26,27,53,56,61,95,99,102" m="4650,51211" machi="26" ten="30,2000,0" yaku="20,1,52,1" doraHai="94" who="1" fromWho="2" sc="298,0,336,20,251,-20,115,0" owari="298,9.8,356,45.6,231,-16.9,115,-38.5" /></mjloggm>