<mjloggm ver="2.3"><GO type="225" lobby="0"/><UN n0="%E3%81%A0%E3%81%8A" n1="%73%6C%69%63%6B%33%31%39" n2="%6D%75%75%6D%75%72%61" n3="%E7%99%BD%E6%97%A5%E9%9B%AA%E8%8F%9C" dan="16,16,16,16" rate="2047.65,2061.84,2077.02,2171.51" sx="M,M,F,F"/><TAIKYOKU oya="0"/><INIT seed="0,0,0,4,2,126" ten="250,250,250,250" oya="0" hai0="30,14,107,97,71,132,102,8,93,69,40,9,21" hai1="84,12,118,58,67,74,13,115,104,47,39,122,18" hai2="19,90,6,76,57,95,22,81,105,94,130,98,129" hai3="112,87,4,80,61,68,23,5,35,92,42,121,99"/><T108/><D132/><U53/><E74/><V82/><F6/><W44/><G35/><T110/><D40/><U78/><E118/><V135/><F105/><W127/><G112/><T96/><D30/><U37/><E104/><V55/><F135/><W125/><G121/><T62/><D21/><U0/><E0/><V113/><F94/><W75/><G75/><T38/><D38/><U131/><E122/><V77/><F113/><W133/><G133/><T117/><D117/><U1/><E1/><V33/><F33/><W91/><G23/><T54/><D54/><U128/><E67/><V36/><F36/><W72/><G72/><T60/><D60/><N who="1" m="35919" /><E115/><V116/><F116/><W41/><G41/><T15/><D15/><N who="1" m="5707" /><E18/><V10/><F10/><N who="0" m="4202" /><D14/><U3/><E3/><V119/><F119/><W46/><G68/><T49/><D49/><U120/><E47/><V79/><F19/><W88/><G61/><T106/><D62/><U85/><E120/><V100/><F22/><W124/><REACH who="3" step="1"/><G44/><REACH who="3" ten="250,250,250,240" step="2"/><T43/><D69/><U83/><E84/><V103/><F57/><W45/><G45/><T17/><D71/><U63/><E63/><V31/><F31/><W48/><AGARI ba="0,1" hai="4,5,42,46,48,80,87,88,91,92,99,124,125,127" machi="48" ten="30,12000,2" yaku="1,1,0,1,18,1,54,1,53,2" doraHai="126" doraHaiUra="86" who="3" fromWho="3" sc="250,-60,250,-30,250,-30,240,130" /><INIT seed="1,0,0,2,3,112" ten="190,220,220,370" oya="1" hai0="9,77,2,57,81,135,19,84,5,28,10,67,24" hai1="63,72,119,44,1,0,82,89,107,103,27,13,105" hai2="11,68,121,16,64,129,35,128,37,15,56,50,6" hai3="88,133,83,102,42,41,76,18,126,91,33,85,118"/><U130/><E130/><N who="2" m="50283" /><F37/><W75/><G33/><T106/><D135/><U94/><E107/><V124/><F35/><W96/><G133/><T22/><D106/><U20/><E119/><V113/><F121/><W43/><G126/><T54/><D67/><U49/><E105/><V3/><F124/><W62/><G118/><T12/><D57/><U53/><E13/><V51/><F113/><W45/><G62/><T52/><AGARI ba="0,0" hai="2,5,9,10,12,19,22,24,28,52,54,77,81,84" machi="52" ten="30,2000,0" yaku="0,1,54,1" doraHai="112" who="0" fromWho="0" sc="190,20,220,-10,220,-5,370,-5" /><INIT seed="2,0,0,4,5,38" ten="210,210,215,365" oya="2" hai0="42,6,17,122,79,67,99,87,116,93,33,68,132" hai1="30,41,58,12,52,26,53,66,27,0,121,95,8" hai2="90,118,134,109,35,1,102,101,97,78,2,133,74" hai3="119,23,86,113,56,60,69,126,13,81,54,57,127"/><V94/><F118/><W103/><G119/><T10/><D122/><U34/><E121/><V135/><F35/><W59/><G113/><T111/><D33/><U91/><E0/><V110/><F2/><W48/><G103/><N who="2" m="39433" /><F1/><W24/><G13/><T129/><D116/><U46/><E27/><V131/><F131/><W43/><G69/><T44/><D111/><N who="2" m="42506" /><F135/><W40/><G126/><T120/><D132/><U88/><E66/><V49/><F49/><W70/><G70/><T4/><D129/><U39/><E58/><N who="3" m="22634" /><G48/><T128/><D68/><U3/><E3/><V108/><F108/><W18/><G127/><T63/><D128/><U5/><E91/><AGARI ba="0,0" hai="18,23,24,40,43,54,59,60,81,86,91" m="22634" machi="91" ten="30,3900,0" yaku="8,1,52,2" doraHai="38" who="3" fromWho="1" sc="210,0,210,-39,215,0,365,39" /><INIT seed="3,0,0,3,0,29" ten="210,171,215,404" oya="3" hai0="17,68,99,56,61,38,91,93,100,9,73,39,25" hai1="30,77,0,80,113,135,33,2,28,18,35,116,114" hai2="89,130,105,40,63,78,101,95,132,52,42,134,51" hai3="7,102,58,107,121,53,41,3,82,16,6,71,103"/><W108/><G71/><T128/><D68/><U62/><E80/><V10/><F130/><W98/><G41/><T104/><D128/><U13/><E77/><V112/><F112/><N who="1" m="43113" /><E62/><V127/><F63/><W31/><G82/><T49/><D73/><U67/><E67/><V125/><F78/><W54/><G98/><T111/><D111/><U27/><E135/><N who="2" m="51755" /><F101/><W118/><G58/><T19/><D49/><U8/><E116/><V15/><F105/><W50/><G118/><T94/><D104/><U119/><E119/><V59/><F40/><W133/><G50/><T120/><D120/><U85/><E85/><N who="2" m="52655" /><F42/><W86/><G121/><T34/><D39/><U46/><E46/><V66/><F66/><W88/><G86/><T65/><D38/><U81/><E81/><V79/><F79/><W129/><G107/><T22/><D65/><U110/><E110/><V48/><F48/><W117/><G108/><T12/><D61/><U26/><AGARI ba="0,0" hai="0,2,8,13,18,26,27,28,30,33,35" m="43113" machi="26" ten="30,7900,0" yaku="34,2,52,2" doraHai="29" who="1" fromWho="1" sc="210,-20,171,79,215,-20,404,-39" owari="190,-31.0,250,5.0,195,-20.5,365,46.5" /></mjloggm>