<mjloggm ver="2.3"><GO type="225" lobby="0"/><UN n0="%E3%83%97%E3%83%AC%E3%83%B4%E3%82%A1%E3%83%86%E3%82%A3" n1="%72%65%6E%6B%75%6E" n2="%77%72%77%72%77%72%77%72" n3="%E6%B4%BE%E9%81%A3%E3%81%AE%E3%82%B8%E3%83%A3%E3%83%83%E3%82%AF" dan="16,17,16,17" rate="2105.03,2201.59,2239.72,2187.73" sx="F,M,M,M"/><TAIKYOKU oya="0"/><INIT seed="0,0,0,4,2,24" ten="250,250,250,250" oya="0" hai0="107,3,15,0,84,49,108,90,2,71,1,48,52" hai1="34,78,75,79,81,130,109,45,51,92,40,99,63" hai2="54,69,94,50,101,125,114,128,70,102,72,57,11" hai3="56,121,60,120,93,41,117,17,76,73,103,32,74"/><T67/><N who="0" m="0" /><DORA hai="133" /><T124/><D107/><U127/><E127/><V91/><F114/><W85/><G117/><T131/><D131/><U30/><E30/><V97/><F128/><W68/><G68/><T112/><D112/><U46/><E46/><V126/><F72/><W89/><G41/><T47/><D108/><U88/><E88/><V16/><F91/><W100/><G17/><T19/><D49/><U10/><E10/><V36/><F101/><N who="3" m="38987" /><G32/><T28/><D71/><U58/><E58/><V116/><F36/><W105/><G105/><T122/><D67/><U35/><E35/><V80/><F80/><N who="3" m="47239" /><G56/><T61/><D61/><U134/><E134/><V86/><F86/><N who="3" m="52407" /><G60/><T37/><D37/><U95/><E34/><V96/><F116/><W5/><G5/><T106/><D106/><U21/><E130/><V55/><F97/><W59/><G59/><T119/><D119/><U22/><E63/><V26/><F11/><W23/><G23/><T9/><D122/><AGARI ba="0,0" hai="73,74,120,121,122" m="52407,47239,38987" machi="122" ten="30,3900,0" yaku="13,1,34,2" doraHai="24,133" who="3" fromWho="0" sc="250,-39,250,0,250,0,250,39" /><INIT seed="1,0,0,2,4,128" ten="211,250,250,289" oya="1" hai0="108,4,83,80,59,118,82,12,134,122,96,68,69" hai1="43,9,42,5,101,125,129,113,97,63,58,86,45" hai2="109,119,47,74,81,73,3,36,54,22,66,100,133" hai3="30,102,111,71,37,131,46,8,25,99,53,35,91"/><U55/><E113/><V79/><F119/><W90/><G71/><T34/><D118/><U76/><E129/><V87/><F109/><W11/><G111/><T94/><D108/><U84/><E125/><V32/><F32/><W78/><G78/><T107/><D34/><U50/><E43/><V57/><F66/><W15/><G131/><T104/><D122/><U112/><E112/><V18/><F3/><W110/><G110/><T39/><D39/><U21/><E21/><V77/><F100/><W38/><G11/><T124/><D124/><U65/><E65/><V127/><F127/><W6/><G38/><T14/><D59/><U40/><E40/><V20/><F47/><W61/><G37/><T60/><D60/><U117/><E76/><V7/><F7/><W98/><G98/><T0/><D0/><U29/><E29/><V17/><F36/><W85/><G85/><T44/><D44/><U49/><E63/><V2/><F2/><W52/><G53/><T135/><D4/><U106/><REACH who="1" step="1"/><E117/><REACH who="1" ten="211,240,250,289" step="2"/><V24/><F77/><W28/><G28/><T95/><D80/><U41/><E41/><V121/><F73/><W33/><G33/><T1/><D1/><AGARI ba="0,1" hai="1,5,9,42,45,49,50,55,58,84,86,97,101,106" machi="1" ten="30,2900,0" yaku="1,1,7,1,53,0" doraHai="128" doraHaiUra="89" who="1" fromWho="0" sc="211,-29,240,39,250,0,289,0" /><INIT seed="1,1,0,4,1,66" ten="182,279,250,289" oya="1" hai0="128,7,131,26,12,14,117,115,114,19,21,52,79" hai1="84,55,67,100,135,95,126,64,38,13,70,29,92" hai2="98,44,80,34,121,82,9,10,91,88,53,130,3" hai3="133,65,93,104,73,107,62,90,11,36,30,60,81"/><U57/><E38/><V43/><F121/><W69/><G36/><T45/><D79/><U83/><E126/><V103/><F34/><W94/><G30/><T119/><D45/><U76/><E135/><V125/><F125/><W74/><G133/><T61/><D61/><U22/><E70/><V58/><F130/><N who="0" m="49706" /><D52/><U129/><E129/><V50/><F3/><W2/><G60/><T59/><D59/><U42/><E42/><V120/><F120/><W33/><G33/><T102/><D102/><U68/><E68/><V20/><F20/><W72/><G81/><T97/><D97/><N who="1" m="59431" /><E95/><N who="2" m="58847" /><F80/><W96/><G93/><T37/><D37/><U41/><E41/><V0/><F0/><W6/><AGARI ba="1,0" hai="2,6,11,62,65,69,72,73,74,90,94,96,104,107" machi="6" ten="40,2700,0" yaku="0,1,52,1" doraHai="66" who="3" fromWho="3" sc="182,-8,279,-14,250,-8,289,30" /><INIT seed="2,0,0,5,2,127" ten="174,265,242,319" oya="2" hai0="132,123,113,64,55,20,16,54,104,75,90,46,95" hai1="13,66,103,4,60,5,24,47,129,68,105,72,9" hai2="128,131,110,119,22,53,39,83,11,41,133,31,124" hai3="10,57,114,18,94,67,43,2,126,87,0,40,33"/><V28/><F119/><W3/><G33/><T6/><D113/><U130/><E72/><V69/><F124/><W79/><G126/><T23/><D123/><U35/><E47/><V135/><F69/><W101/><G114/><T100/><D75/><U8/><E103/><V63/><F110/><W52/><G67/><T86/><D132/><N who="2" m="50762" /><F11/><W93/><G93/><T80/><D64/><U78/><E105/><V44/><F83/><W37/><G37/><T58/><D6/><U92/><E92/><V42/><F42/><W70/><G70/><T73/><D23/><U120/><E78/><V84/><F84/><W7/><G18/><T36/><D36/><U71/><E71/><V122/><F122/><W107/><G107/><T125/><D125/><U82/><E82/><V14/><F14/><W56/><G56/><T117/><D117/><U134/><E120/><V111/><F111/><W59/><G59/><T50/><D104/><U102/><E102/><V12/><F12/><W32/><G32/><T116/><D116/><U34/><E134/><V115/><F115/><W25/><G25/><N who="0" m="14471" /><D73/><U21/><E8/><V1/><F1/><W89/><G79/><T17/><D17/><N who="1" m="12335" /><E5/><V91/><F91/><W65/><G101/><T88/><D100/><U19/><E19/><V49/><F39/><W38/><G38/><T85/><D58/><U74/><E74/><V15/><F15/><N who="3" m="5599" /><G65/><T97/><D85/><U118/><E118/><V45/><F22/><W29/><G29/><N who="2" m="11337" /><F45/><W62/><G0/><T96/><D96/><U109/><E109/><V27/><F27/><W76/><G76/><RYUUKYOKU ba="0,0" sc="174,0,265,0,242,0,319,0" hai0="46,50,54,55,80,86,88,90,95,97" hai1="4,9,13,34,35,60,66,68,129,130" hai2="41,44,49,53,63,128,131" hai3="2,3,40,43,52,57,62,87,89,94" /><INIT seed="2,1,0,2,1,109" ten="174,265,242,319" oya="2" hai0="60,11,36,126,77,108,74,53,110,49,69,21,127" hai1="14,28,120,100,76,92,114,27,80,96,0,116,132" hai2="91,130,52,17,119,111,45,9,44,55,37,46,23" hai3="62,105,128,48,40,85,18,71,51,35,20,81,2"/><V101/><F119/><W86/><G105/><T6/><D21/><U66/><E0/><V34/><F34/><W1/><G35/><T123/><D74/><U15/><E116/><V107/><F37/><W54/><G128/><T25/><D77/><U88/><E120/><V33/><F33/><W79/><G85/><T112/><D25/><U94/><E132/><V113/><F113/><W83/><G83/><T125/><D123/><U97/><E114/><V47/><F130/><W131/><G131/><T72/><D72/><U70/><E70/><V58/><F9/><W64/><G40/><T19/><D19/><U104/><E66/><V75/><F75/><W102/><G102/><T95/><D95/><U63/><E63/><N who="2" m="36295" /><F107/><W56/><G51/><T29/><D29/><U39/><E39/><V38/><F38/><W89/><G79/><T106/><D106/><U41/><E41/><V24/><F101/><W10/><G10/><T31/><D31/><U122/><E122/><V57/><F111/><N who="0" m="42538" /><D36/><U90/><E104/><V67/><F91/><W61/><G61/><T8/><D6/><U121/><E100/><V68/><F68/><W50/><G50/><T32/><D32/><U82/><E121/><V43/><F43/><W13/><AGARI ba="1,0" hai="1,2,13,18,20,48,54,56,62,64,71,81,86,89" machi="13" ten="20,1500,0" yaku="0,1,7,1" doraHai="109" who="3" fromWho="3" sc="174,-5,265,-5,242,-8,319,18" /><INIT seed="3,0,0,0,0,18" ten="169,260,234,337" oya="3" hai0="114,62,9,52,107,121,7,91,57,53,16,117,14" hai1="70,40,1,44,34,82,46,133,27,47,29,54,105" hai2="38,51,45,113,111,93,2,19,24,119,33,59,102" hai3="49,25,120,101,128,15,32,89,90,63,4,104,74"/><W79/><G104/><T41/><D107/><U37/><E133/><V48/><F113/><W123/><G101/><T127/><D114/><U69/><E1/><V13/><F119/><W81/><G63/><T43/><D117/><U73/><E105/><V124/><F111/><W86/><G90/><T80/><D121/><U129/><E129/><V94/><F2/><W71/><G71/><T66/><D127/><U85/><E73/><V67/><F38/><W60/><G60/><T5/><D41/><U39/><E47/><V10/><F102/><W12/><G12/><T76/><D43/><U110/><E110/><V96/><F96/><W0/><G15/><T97/><D97/><U65/><E65/><V11/><F11/><W100/><G100/><T87/><D76/><U106/><E106/><V131/><F131/><W58/><G0/><T28/><D28/><U64/><E64/><V36/><F36/><W61/><G79/><T42/><D42/><U83/><E37/><V8/><F8/><W6/><G74/><T23/><D5/><U108/><E108/><V56/><F67/><W78/><G4/><T122/><D122/><U75/><E75/><V109/><F124/><W31/><G6/><T84/><D84/><U132/><E132/><V30/><F109/><W115/><G86/><T72/><D72/><U35/><E85/><V116/><F116/><W77/><G115/><T22/><D22/><U50/><E35/><V98/><F98/><W112/><G123/><T126/><D126/><U99/><E99/><V95/><F33/><N who="3" m="20719" /><G120/><T92/><D80/><N who="1" m="30763" /><E39/><V130/><F130/><RYUUKYOKU ba="0,0" sc="169,15,260,15,234,-15,337,-15" hai0="7,9,14,16,23,52,53,57,62,66,87,91,92" hai1="27,29,34,40,44,46,50,54,69,70" owari="184,-31.6,275,7.5,219,-18.1,322,42.2" /></mjloggm>