<mjloggm ver="2.3"><GO type="225" lobby="0"/><UN n0="%E6%B4%BE%E9%81%A3%E3%81%AE%E3%82%B8%E3%83%A3%E3%83%83%E3%82%AF" n1="%E5%86%B7%E5%87%8D%E3%82%AE%E3%83%A7%E3%83%BC%E3%82%B6" n2="%E5%B0%8F%E9%B3%A5%E9%81%8A%E7%B7%B4%E7%84%A1%32%31%E6%AD%B3" n3="%E6%B8%A9%E2%98%85%E6%83%85%E2%98%85%E6%8E%AA%E2%98%85%E7%BD%AE" dan="16,16,16,16" rate="2172.29,2085.95,2190.21,2156.26" sx="M,M,F,M"/><TAIKYOKU oya="0"/><INIT seed="0,0,0,2,1,28" ten="250,250,250,250" oya="0" hai0="10,12,115,42,94,81,57,131,7,16,26,47,17" hai1="71,6,4,54,88,65,49,83,24,72,18,22,119" hai2="114,32,116,118,67,33,62,44,46,66,106,61,69" hai3="103,101,60,2,41,125,31,9,123,100,15,48,95"/><T27/><D115/><U11/><E119/><N who="2" m="45611" /><F106/><W68/><G125/><T130/><D81/><U76/><E71/><N who="2" m="42447" /><F114/><W121/><G2/><T21/><D57/><U74/><E65/><V77/><F77/><W43/><G31/><T104/><D94/><U45/><E72/><V84/><F84/><W29/><G29/><T82/><D82/><U79/><E79/><V35/><AGARI ba="0,0" hai="32,33,35,44,46,62,67,69" m="42447,45611" machi="35" ten="40,8000,1" yaku="12,1,52,3" doraHai="28" who="2" fromWho="2" sc="250,-40,250,-20,250,80,250,-20" /><INIT seed="1,0,0,0,2,98" ten="210,230,330,230" oya="1" hai0="81,125,35,95,83,12,106,0,46,8,74,56,101" hai1="134,64,91,123,27,48,75,102,3,119,104,40,116" hai2="62,92,70,135,97,16,17,59,7,43,105,93,87" hai3="72,78,41,42,111,10,26,37,84,63,45,47,79"/><U31/><E123/><V115/><F70/><W60/><G111/><T5/><D35/><U114/><E114/><V85/><F135/><W55/><G72/><T132/><D106/><U18/><E134/><V39/><F105/><W33/><G10/><T73/><D73/><U65/><E75/><V32/><F32/><W124/><G124/><T11/><D132/><U108/><E108/><V122/><F122/><W58/><G63/><T38/><D125/><U76/><E76/><V112/><F7/><W29/><REACH who="3" step="1"/><G84/><REACH who="3" ten="210,230,330,220" step="2"/><T88/><D74/><U67/><E119/><V25/><F87/><W20/><G20/><T21/><D21/><U129/><E116/><V34/><F85/><W120/><G120/><T109/><D109/><U90/><E129/><V103/><F115/><W110/><G110/><T131/><D131/><U86/><E86/><V71/><F112/><W89/><G89/><T82/><D88/><U117/><E90/><V9/><F9/><W68/><G68/><T118/><D118/><U22/><E91/><V51/><F71/><W57/><G57/><T80/><N who="0" m="20480" /><DORA hai="61" /><T30/><D56/><U13/><E117/><V49/><F59/><W1/><G1/><T77/><D11/><U99/><E3/><V121/><F62/><W19/><G19/><T107/><D0/><U54/><E18/><V133/><F16/><W96/><G96/><N who="0" m="59551" /><D77/><U52/><REACH who="1" step="1"/><E13/><REACH who="1" ten="210,220,330,220" step="2"/><V36/><F121/><W126/><G126/><T15/><D12/><U53/><E53/><V23/><F17/><W14/><G14/><T2/><D15/><U44/><AGARI ba="0,2" hai="22,27,31,40,44,48,52,54,64,65,67,99,102,104" machi="44" ten="30,24000,3" yaku="1,1,0,1,52,4,54,1,53,2" doraHai="98,61" doraHaiUra="94,24" who="1" fromWho="1" sc="210,-80,220,260,330,-80,220,-80" /><INIT seed="1,1,0,3,4,135" ten="130,480,250,140" oya="1" hai0="109,37,65,126,133,66,31,77,63,132,40,112,83" hai1="73,1,61,82,13,41,78,94,21,105,131,50,91" hai2="8,120,33,113,97,12,85,71,69,57,127,42,28" hai3="27,96,134,101,35,46,23,22,104,102,6,10,52"/><U67/><E1/><V70/><F120/><W59/><G134/><N who="0" m="51819" /><D112/><U84/><E105/><V44/><F113/><W64/><G102/><T74/><D109/><U76/><E76/><V7/><F97/><W103/><G103/><T116/><D116/><U60/><E131/><V87/><F57/><W115/><G115/><T53/><D31/><U68/><E61/><V26/><REACH who="2" step="1"/><F127/><REACH who="2" ten="130,480,240,140" step="2"/><W56/><G56/><N who="0" m="35215" /><D126/><U107/><E68/><V36/><AGARI ba="1,1" hai="7,8,12,26,28,33,36,42,44,69,70,71,85,87" machi="36" ten="30,2000,0" yaku="1,1,0,1,53,0" doraHai="135" doraHaiUra="72" who="2" fromWho="2" sc="130,-6,480,-11,240,33,140,-6" /><INIT seed="2,0,0,5,3,120" ten="124,469,273,134" oya="2" hai0="64,127,114,132,13,87,5,129,28,9,72,1,128" hai1="17,3,113,106,97,86,62,91,98,11,15,67,32" hai2="115,70,4,90,56,75,82,78,52,19,80,58,54" hai3="57,134,24,118,105,66,59,123,18,40,49,37,21"/><V102/><F115/><W130/><G123/><T61/><D72/><U92/><E113/><V45/><F70/><W35/><G118/><T8/><D114/><U99/><E32/><V47/><F102/><W33/><G105/><T94/><D28/><U25/><E25/><V29/><F4/><W48/><G134/><T83/><D94/><U6/><E106/><V133/><F29/><W0/><G0/><T121/><D132/><U122/><E122/><V88/><F78/><W43/><G37/><T85/><D127/><U41/><E41/><N who="3" m="15946" /><G35/><T117/><D121/><U50/><E50/><N who="3" m="19562" /><G33/><T76/><D87/><U14/><REACH who="1" step="1"/><E17/><REACH who="1" ten="124,459,273,134" step="2"/><V96/><F19/><N who="3" m="12351" /><G130/><T10/><D117/><U68/><AGARI ba="0,1" hai="3,6,11,14,15,62,67,68,86,91,92,97,98,99" machi="68" ten="30,2000,0" yaku="1,1,0,1,53,0" doraHai="120" doraHaiUra="124" who="1" fromWho="1" sc="124,-5,459,30,273,-10,134,-5" /><INIT seed="3,0,0,3,4,72" ten="119,489,263,129" oya="3" hai0="1,118,97,39,120,81,93,6,52,112,8,32,92" hai1="84,121,82,64,131,71,132,95,30,65,116,89,12" hai2="55,34,2,53,57,45,117,58,109,69,31,104,75" hai3="129,87,33,59,96,128,88,26,47,18,9,14,11"/><W7/><G96/><T98/><D118/><U119/><E121/><V133/><F109/><W0/><G59/><T16/><D120/><U4/><E131/><N who="3" m="50250" /><G47/><T135/><D39/><U25/><E132/><V63/><F45/><W42/><G42/><T60/><D32/><U62/><E65/><V46/><F46/><W99/><G99/><N who="0" m="37899" /><D1/><U127/><E127/><V134/><F2/><W94/><G33/><T90/><D135/><U19/><E4/><V40/><F34/><W68/><G26/><T103/><D6/><U24/><E95/><N who="0" m="36425" /><D112/><U107/><E107/><V3/><F40/><W48/><G48/><T106/><D106/><U83/><E83/><V77/><F104/><W43/><G43/><T66/><D103/><U111/><E119/><V122/><F57/><W85/><G68/><T76/><D76/><U80/><E24/><V115/><F58/><W113/><G87/><N who="0" m="50543" /><D66/><U23/><E62/><V50/><F50/><W126/><G126/><T74/><D74/><U73/><E84/><V105/><F63/><W35/><G35/><T44/><D60/><U67/><E25/><V17/><F69/><W51/><G51/><N who="0" m="28775" /><D8/><U114/><E116/><V86/><F117/><W56/><G56/><T100/><D100/><U54/><E71/><V20/><F134/><W110/><G113/><T124/><D124/><U38/><E114/><V27/><F115/><W108/><AGARI ba="0,0" hai="0,7,9,11,14,18,85,88,94,108,110" m="50250" machi="108" ten="40,3900,0" yaku="19,1,54,1" doraHai="72" who="3" fromWho="3" sc="119,-13,489,-13,263,-13,129,39" /><INIT seed="3,1,0,2,2,92" ten="106,476,250,168" oya="3" hai0="99,114,77,108,13,135,55,120,106,15,50,35,57" hai1="119,89,112,4,10,103,30,76,75,0,11,54,123" hai2="53,3,44,110,122,25,32,109,22,127,67,59,46" hai3="131,133,31,5,56,2,51,21,98,47,37,38,42"/><W73/><G73/><T83/><D120/><U62/><E112/><V63/><F122/><W80/><G133/><T71/><D71/><U129/><E103/><V64/><F32/><W40/><G131/><T121/><D121/><U36/><E89/><V52/><F3/><W19/><G31/><T101/><D35/><U28/><E76/><V102/><F102/><W90/><G42/><T69/><D69/><U115/><E54/><N who="2" m="21099" /><F127/><W100/><G56/><T48/><D135/><U66/><E10/><V8/><F8/><W26/><G5/><T29/><D114/><U96/><E66/><V14/><F14/><W81/><G2/><T125/><D125/><U104/><E4/><V18/><F67/><W116/><G116/><T61/><D29/><U65/><E30/><V79/><F79/><W23/><G23/><T68/><D108/><AGARI ba="1,0" hai="18,22,25,44,46,59,63,64,108,109,110" m="21099" machi="108" ten="30,2000,0" yaku="14,1,54,1" doraHai="92" who="2" fromWho="0" sc="106,-23,476,0,250,23,168,0" owari="83,-41.7,476,57.6,273,7.3,168,-23.2" /></mjloggm>