<mjloggm ver="2.3"><GO type="225" lobby="0"/><UN n0="%E5%8F%AF%E5%85%90%E9%82%A3%E7%94%B1%E5%A4%9A" n1="%E4%BE%BF%E6%89%80" n2="%E3%81%99%E3%81%84%E3%81%BE%E3%81%9B%E3%83%BC%E3%82%93" n3="%E3%81%A8%E3%82%93%E3%81%A8%E3%81%93%E3%81%A8%E3%82%93" dan="17,16,16,16" rate="2245.08,2073.71,2210.31,2107.37" sx="F,M,M,M"/><TAIKYOKU oya="0"/><INIT seed="0,0,0,5,2,51" ten="250,250,250,250" oya="0" hai0="94,98,109,12,6,47,91,7,31,132,50,17,40" hai1="52,14,2,11,60,45,101,49,22,111,97,54,73" hai2="29,127,95,78,93,33,0,84,122,99,13,120,113" hai3="58,123,57,67,56,44,133,26,126,5,28,46,24"/><T105/><D132/><U90/><E111/><V19/><F0/><W114/><G114/><T134/><D134/><U79/><E2/><V131/><F113/><W124/><G133/><T107/><D109/><U86/><E73/><V115/><F115/><W42/><G123/><T81/><D31/><U72/><E72/><V83/><F127/><N who="3" m="48683" /><G67/><T77/><D105/><U69/><E22/><V53/><F131/><W80/><G5/><T103/><D107/><U110/><E79/><V59/><F95/><W102/><G102/><T38/><D38/><U89/><E110/><V18/><F29/><W104/><G104/><T32/><D32/><U35/><E35/><V63/><F33/><W20/><G80/><T8/><REACH who="0" step="1"/><D103/><REACH who="0" ten="240,250,250,250" step="2"/><U65/><E101/><V117/><F117/><W125/><G125/><T116/><D116/><U62/><E97/><V55/><F122/><W71/><G71/><T70/><D70/><U88/><E86/><AGARI ba="0,1" hai="6,7,8,12,17,40,47,50,77,81,86,91,94,98" machi="86" ten="30,5800,0" yaku="1,1,7,1,8,1,53,0" doraHai="51" doraHaiUra="68" who="0" fromWho="1" sc="240,68,250,-58,250,0,250,0" /><INIT seed="0,1,0,0,1,21" ten="308,192,250,250" oya="0" hai0="39,1,69,27,3,55,54,106,31,130,14,86,56" hai1="7,61,97,9,33,98,40,132,111,92,18,64,48" hai2="79,91,6,84,133,22,135,78,118,30,109,105,112" hai3="104,28,77,49,126,119,129,65,36,58,74,85,131"/><T82/><D69/><U124/><E33/><V70/><F112/><W5/><G119/><T0/><D106/><U42/><E111/><V16/><F109/><W89/><G36/><T80/><D39/><U51/><E124/><V23/><F118/><W2/><G104/><T57/><D130/><U60/><E132/><N who="2" m="50763" /><F105/><W113/><G113/><T83/><D14/><U43/><E18/><V12/><F70/><W17/><G126/><T44/><D44/><U114/><E114/><V81/><F6/><W50/><G28/><T116/><D116/><U46/><E97/><V93/><F93/><W45/><G5/><T134/><D134/><U32/><E32/><V29/><F29/><W108/><G108/><T26/><D86/><U20/><E20/><V63/><F63/><N who="1" m="24137" /><E64/><V76/><F30/><W13/><G65/><T73/><D73/><U117/><E117/><V75/><F75/><W25/><G74/><T127/><D127/><U11/><E7/><V94/><F23/><W123/><G129/><T96/><D96/><U95/><E95/><V101/><F101/><W87/><G131/><T115/><D115/><U122/><E122/><V47/><F94/><W103/><G123/><T102/><D102/><N who="1" m="60743" /><E51/><V107/><F107/><W34/><G50/><T128/><D128/><U4/><E4/><V41/><F79/><W99/><G77/><T35/><D35/><U59/><E59/><N who="0" m="22601" /><D31/><U38/><E38/><AGARI ba="1,0" hai="12,16,22,38,41,47,76,78,81,84,91" m="50763" machi="38" ten="30,2000,0" yaku="20,1,54,1" doraHai="21" who="2" fromWho="1" sc="308,0,192,-23,250,23,250,0" /><INIT seed="1,0,0,5,1,133" ten="308,169,273,250" oya="1" hai0="80,121,7,123,106,111,116,84,40,25,67,74,135" hai1="46,18,125,10,129,128,19,76,115,42,83,71,98" hai2="22,21,45,108,99,8,63,20,126,102,35,62,54" hai3="48,44,52,50,90,101,9,24,59,55,118,122,64"/><U96/><E115/><V53/><F35/><W36/><G122/><N who="0" m="46603" /><D116/><U58/><E71/><V31/><F126/><W94/><G118/><T34/><D135/><U41/><E58/><V114/><F108/><W79/><G36/><T11/><D111/><U95/><E125/><V132/><F132/><W109/><G109/><T87/><D106/><U88/><E96/><V124/><F124/><W92/><G79/><N who="0" m="44151" /><D67/><U105/><E105/><V2/><F114/><W1/><G64/><T47/><D25/><U43/><E46/><V85/><F31/><W14/><G1/><N who="0" m="495" /><D34/><U38/><E38/><AGARI ba="0,0" hai="38,40,47,84,87" m="495,44151,46603" machi="38" ten="30,2000,0" yaku="25,1,13,1" doraHai="133" who="0" fromWho="1" sc="308,20,169,-20,273,0,250,0" /><INIT seed="2,0,0,5,5,100" ten="328,149,273,250" oya="2" hai0="69,93,56,25,61,81,60,32,22,70,31,129,86" hai1="106,18,104,68,13,29,34,97,23,35,83,123,118" hai2="72,40,50,39,101,43,82,7,76,16,36,84,98" hai3="52,15,45,113,4,24,3,26,64,77,53,27,91"/><V130/><F130/><W128/><G3/><T47/><D129/><U46/><E118/><V10/><F72/><W89/><G128/><T80/><D32/><U121/><E68/><V6/><F6/><W41/><G64/><T37/><D69/><U78/><E46/><V99/><F99/><W102/><G77/><T125/><D125/><U55/><E55/><V38/><F16/><W110/><G102/><T105/><D105/><N who="1" m="40555" /><E29/><V103/><F103/><W122/><G110/><T19/><D31/><U2/><E97/><V42/><F98/><W28/><G122/><N who="1" m="46602" /><E2/><V71/><F101/><W112/><G28/><T30/><D30/><U132/><E132/><V109/><F109/><W111/><G111/><T21/><D70/><U49/><E49/><V65/><F71/><W51/><G53/><T63/><D47/><U107/><N who="1" m="40563" /><U88/><DORA hai="11" /><E88/><V135/><F135/><W67/><G67/><T59/><D61/><U94/><E94/><V90/><F65/><W119/><G119/><T116/><D93/><U58/><E58/><V1/><F90/><W127/><G52/><T75/><D59/><U17/><E17/><V8/><F50/><W0/><G0/><T54/><D63/><U95/><E95/><V115/><F39/><W117/><G117/><T87/><D37/><U108/><E108/><V12/><F38/><W74/><G89/><N who="0" m="51399" /><D116/><U14/><E14/><V48/><F36/><W57/><G57/><T62/><D62/><U85/><AGARI ba="0,0" hai="13,18,23,34,35,78,83,85" m="46602,40563" machi="85" ten="50,12000,2" yaku="13,1,52,5" doraHai="100,11" who="1" fromWho="1" sc="328,-30,149,120,273,-60,250,-30" /><INIT seed="3,0,0,0,1,72" ten="298,269,213,220" oya="3" hai0="27,122,130,49,44,3,8,11,81,35,73,36,34" hai1="7,39,37,94,98,25,80,129,56,106,1,133,42" hai2="102,86,105,110,19,112,118,128,114,20,83,5,77" hai3="82,28,46,65,15,0,88,108,63,124,116,43,24"/><W30/><G0/><T85/><D122/><U96/><E133/><V78/><F118/><W134/><G116/><T100/><D130/><U53/><E129/><V45/><F128/><W76/><G134/><T21/><D73/><U103/><E42/><V23/><F110/><W119/><G119/><T41/><D100/><U6/><E25/><V50/><F5/><W9/><G124/><T68/><D68/><U95/><E106/><V70/><F70/><W17/><G108/><T127/><D127/><U120/><E120/><V10/><F10/><W93/><G24/><T87/><D87/><U40/><E40/><V111/><F111/><W4/><G17/><T79/><D36/><U60/><E80/><N who="2" m="47375" /><F105/><W135/><G135/><T16/><REACH who="0" step="1"/><D3/><REACH who="0" ten="288,269,213,220" step="2"/><U47/><E1/><V51/><F102/><W92/><G92/><T115/><D115/><U123/><E123/><V48/><F114/><W52/><G65/><T74/><D74/><U61/><E39/><V99/><F112/><W32/><G32/><AGARI ba="0,1" hai="8,11,16,21,27,32,34,35,41,44,49,79,81,85" machi="32" ten="40,5200,0" yaku="1,1,52,1,54,1,53,0" doraHai="72" doraHaiUra="90" who="0" fromWho="3" sc="288,62,269,0,213,0,220,-52" owari="350,45.0,269,6.9,213,-18.7,168,-33.2" /></mjloggm>