<mjloggm ver="2.3"><GO type="225" lobby="0"/><UN n0="%E3%83%81%E3%83%AF%E3%83%AF%E9%9A%8A%E9%95%B7" n1="%E7%89%B9%E6%9D%B1%E5%96%B0%E8%B5%A4%E9%80%9F" n2="%E3%80%90%E3%83%88%E3%83%AA%E3%83%A5%E3%83%95%E3%80%91" n3="%E6%81%A5%E6%99%92%E3%81%97" dan="16,16,16,16" rate="2110.27,2059.00,2064.04,2173.21" sx="M,M,F,M"/><TAIKYOKU oya="0"/><INIT seed="0,0,0,5,2,125" ten="250,250,250,250" oya="0" hai0="78,39,57,21,134,58,118,25,13,99,115,81,117" hai1="23,29,101,109,129,3,32,98,12,42,34,90,93" hai2="87,4,127,35,88,15,132,20,30,28,43,131,51" hai3="56,120,45,128,89,26,24,95,63,11,48,113,80"/><T47/><D115/><U85/><E3/><V6/><F127/><W44/><G113/><T31/><D134/><U74/><E109/><V36/><F35/><W53/><G120/><T9/><D99/><U1/><E1/><V54/><F132/><W14/><G128/><T37/><D118/><U102/><E102/><V130/><F43/><W108/><G108/><T61/><D117/><U82/><E42/><V77/><F77/><W16/><G45/><T8/><D47/><U75/><E129/><N who="2" m="49163" /><F36/><W18/><G18/><T72/><D57/><U84/><E74/><V73/><F73/><W122/><G122/><T86/><D8/><U65/><E75/><V60/><F60/><W97/><REACH who="3" step="1"/><G80/><REACH who="3" ten="250,250,250,240" step="2"/><T62/><D81/><U0/><E82/><N who="2" m="49271" /><F4/><W22/><G22/><T107/><D21/><U79/><E23/><V92/><F92/><W71/><G71/><T59/><D107/><U114/><E114/><V64/><F64/><AGARI ba="0,1" hai="11,14,16,24,26,44,48,53,56,63,64,89,95,97" machi="64" ten="30,7700,0" yaku="1,1,7,1,8,1,54,1,53,0" doraHai="125" doraHaiUra="135" who="3" fromWho="2" sc="250,0,250,0,250,-77,240,87" /><INIT seed="1,0,0,2,1,115" ten="250,250,173,327" oya="1" hai0="50,58,44,96,72,26,65,63,6,59,49,24,51" hai1="25,16,75,0,135,47,37,15,62,111,4,99,42" hai2="14,92,125,1,66,53,57,19,86,91,129,30,20" hai3="97,61,40,17,31,23,114,119,120,102,109,22,46"/><U21/><E135/><V36/><F129/><W100/><G114/><T116/><D72/><U123/><E123/><V81/><F125/><W13/><G109/><T94/><D6/><U84/><E111/><V80/><F1/><W124/><G124/><T73/><D73/><U32/><E75/><V110/><F36/><W11/><G120/><T34/><D116/><U68/><E99/><V27/><F66/><W122/><G119/><T101/><D34/><U69/><E62/><V38/><F38/><W56/><G122/><T83/><D83/><U39/><E84/><V76/><F76/><W8/><G31/><T107/><D44/><U43/><E42/><V54/><F110/><W79/><G23/><T131/><D131/><U93/><E93/><V106/><F106/><W133/><G79/><T103/><D103/><U104/><E37/><V60/><REACH who="2" step="1"/><F53/><REACH who="2" ten="250,250,163,327" step="2"/><W130/><G130/><T10/><D107/><U29/><E104/><V12/><F12/><W95/><G13/><T113/><D113/><U18/><E18/><V98/><F98/><W89/><G17/><T88/><D96/><U41/><E43/><V132/><F132/><W134/><G133/><T78/><D78/><U90/><E0/><V82/><F82/><W77/><G77/><T105/><D105/><U2/><E2/><V5/><F5/><W9/><G134/><T52/><D65/><U121/><E4/><V67/><F67/><W85/><G97/><T28/><D52/><U71/><E121/><V7/><F7/><W3/><G3/><T117/><D117/><U35/><E90/><V127/><F127/><RYUUKYOKU ba="0,1" sc="250,-15,250,15,163,15,327,-15" hai1="15,16,21,25,29,32,35,39,41,47,68,69,71" hai2="14,19,20,27,30,54,57,60,80,81,86,91,92" /><INIT seed="1,1,1,1,3,134" ten="235,265,178,312" oya="1" hai0="105,97,58,128,87,14,66,38,110,88,48,4,49" hai1="71,47,15,77,24,109,127,93,75,8,5,100,45" hai2="40,6,81,74,79,123,80,36,18,118,124,92,135" hai3="111,61,120,7,10,3,108,68,20,117,19,9,84"/><U30/><E71/><V70/><F135/><W17/><G84/><T115/><D115/><U32/><E109/><N who="3" m="42058" /><G120/><T44/><D38/><U76/><E127/><V54/><F18/><W131/><G131/><T55/><D110/><U63/><E63/><V103/><F54/><W94/><G117/><T121/><D128/><U53/><E75/><V62/><F6/><N who="3" m="1247" /><G94/><T107/><D121/><U31/><E31/><V46/><F123/><W23/><G61/><T1/><D1/><U126/><E126/><V57/><F70/><W98/><G98/><T86/><D86/><U29/><E29/><V104/><F118/><W113/><G113/><T72/><D72/><U78/><REACH who="1" step="1"/><E53/><REACH who="1" ten="235,255,178,312" step="2"/><V99/><F124/><W26/><G68/><T28/><D55/><U95/><E95/><V129/><F81/><W39/><G39/><T27/><D107/><U12/><E12/><V52/><F129/><W34/><G19/><T64/><D105/><U22/><E22/><V2/><F104/><W116/><G116/><T130/><D130/><U83/><E83/><V132/><F132/><W33/><G23/><T37/><D64/><U41/><E41/><V51/><F2/><AGARI ba="1,2" hai="2,7,10,17,20,26,33,34" m="1247,42058" machi="2" ten="30,3900,0" yaku="14,1,34,2" doraHai="134" who="3" fromWho="2" sc="235,0,255,0,178,-42,312,62" /><INIT seed="2,0,0,2,2,10" ten="235,255,136,374" oya="2" hai0="6,106,57,128,116,52,133,13,97,42,79,119,36" hai1="67,108,105,18,99,65,43,73,87,118,9,31,80" hai2="20,26,16,64,102,48,121,88,15,122,71,124,55" hai3="86,58,120,30,62,34,27,104,75,17,89,107,59"/><V23/><F102/><W113/><G120/><T32/><D32/><U8/><E118/><N who="0" m="45097" /><D128/><U53/><E108/><V29/><F124/><W41/><G75/><T125/><D125/><U11/><E73/><V77/><F77/><W115/><G41/><T68/><D68/><U19/><E19/><BYE who="1" /><V111/><F111/><W33/><G17/><T78/><D133/><U66/><E66/><V93/><F64/><W100/><G34/><T40/><D97/><U47/><E47/><V98/><REACH who="2" step="1"/><F71/><REACH who="2" ten="235,255,126,374" step="2"/><W22/><G100/><UN n1="%E7%89%B9%E6%9D%B1%E5%96%B0%E8%B5%A4%E9%80%9F" /><T3/><D78/><U45/><E65/><V28/><F28/><W123/><G30/><T38/><D79/><U44/><E31/><V90/><F90/><W112/><G107/><T129/><D106/><U91/><E67/><V82/><F82/><N who="3" m="49367" /><G104/><T94/><D129/><U135/><E105/><V96/><F96/><W49/><G115/><T81/><D81/><U7/><E99/><V5/><F5/><W46/><G113/><T2/><D6/><U39/><E7/><V114/><F114/><W103/><G103/><T25/><D94/><U76/><E76/><V54/><F54/><W117/><G112/><T1/><D52/><U134/><E135/><V35/><F35/><W69/><G33/><T127/><D127/><U56/><E134/><V12/><F12/><W24/><G117/><T50/><D13/><U60/><E18/><V126/><F126/><W132/><G132/><T21/><D1/><U4/><E4/><V72/><F72/><W51/><G69/><T92/><D2/><U130/><E130/><V110/><F110/><W83/><G83/><RYUUKYOKU ba="0,1" sc="235,-15,255,15,126,15,374,-15" hai1="8,9,11,39,43,44,45,53,56,60,80,87,91" hai2="15,16,20,23,26,29,48,55,88,93,98,121,122" /><INIT seed="2,1,1,2,5,25" ten="220,270,141,359" oya="2" hai0="57,11,109,118,104,97,70,6,19,130,46,73,40" hai1="112,39,69,38,125,3,32,14,1,63,24,121,124" hai2="107,5,110,71,33,77,131,15,9,129,135,49,78" hai3="52,4,65,87,44,106,105,126,36,96,62,108,35"/><V17/><F107/><W89/><G35/><T88/><D70/><U75/><E121/><V133/><F71/><W85/><G108/><T43/><D73/><U12/><E112/><V134/><F33/><W101/><G126/><N who="1" m="48746" /><E12/><N who="2" m="5167" /><F110/><W80/><G4/><T48/><D109/><U0/><E14/><V122/><F122/><W123/><G87/><T2/><D118/><U18/><E75/><V103/><F103/><W60/><G123/><T117/><D117/><U100/><E100/><V93/><F93/><W82/><G62/><T116/><D116/><U128/><E128/><N who="2" m="49227" /><F49/><W22/><G36/><T45/><D130/><U113/><E113/><V115/><F115/><W7/><G106/><T127/><D104/><U34/><E38/><V47/><F47/><W26/><G44/><T111/><D45/><U10/><E39/><V98/><F98/><W41/><G96/><T74/><D97/><U27/><E69/><V81/><F81/><W13/><G82/><T54/><D127/><U83/><E83/><V37/><F37/><W95/><G105/><T28/><D111/><U79/><E32/><V21/><AGARI ba="1,1" hai="15,17,21,77,78,133,134,135" m="49227,5167" machi="21" ten="40,3900,0" yaku="20,1,19,1" doraHai="25" who="2" fromWho="2" sc="220,-14,270,-14,141,52,359,-14" /><INIT seed="2,2,0,5,5,16" ten="206,256,193,345" oya="2" hai0="106,63,84,39,22,4,51,53,114,130,104,133,79" hai1="85,17,99,37,21,125,50,117,123,83,65,19,77" hai2="113,1,36,46,20,72,13,43,69,74,81,96,86" hai3="93,8,76,49,30,78,94,48,25,73,66,128,135"/><V107/><F113/><W2/><G128/><T122/><D114/><U75/><E117/><V12/><F1/><W45/><G135/><T126/><D122/><U109/><E37/><V118/><F118/><W80/><G78/><T121/><D121/><U98/><E123/><V7/><F69/><W40/><G66/><T57/><D39/><U33/><E33/><V54/><F54/><W105/><G105/><T132/><D130/><U103/><E109/><V124/><F124/><W32/><REACH who="3" step="1"/><G49/><REACH who="3" ten="206,256,193,335" step="2"/><T52/><D51/><U131/><E50/><V26/><F107/><W62/><G62/><T134/><D104/><U68/><E65/><V15/><F7/><AGARI ba="2,1" hai="2,7,8,25,30,32,40,45,48,73,76,80,93,94" machi="7" ten="40,1300,0" yaku="1,1,53,0" doraHai="16" doraHaiUra="64" who="3" fromWho="2" sc="206,0,256,0,193,-19,335,29" /><INIT seed="3,0,0,2,2,37" ten="206,256,174,364" oya="3" hai0="58,83,47,129,89,73,76,112,103,11,96,41,97" hai1="14,35,66,121,117,122,71,45,44,90,81,60,61" hai2="78,1,53,124,38,106,21,17,25,84,127,42,59" hai3="120,82,125,65,115,57,132,123,12,10,104,36,63"/><W43/><G104/><T67/><D112/><U135/><E35/><V131/><F106/><W95/><G115/><T86/><D129/><U107/><E107/><V99/><F131/><W110/><G125/><N who="2" m="48201" /><F1/><W48/><G132/><T109/><D109/><U105/><E90/><V30/><F38/><W79/><G110/><T128/><D128/><U91/><E14/><V55/><F99/><W23/><G23/><T56/><D11/><U15/><E81/><N who="2" m="47159" /><F30/><W22/><G36/><T50/><D96/><U80/><E105/><V70/><F70/><W119/><G22/><T32/><D32/><U75/><E71/><V18/><F18/><W16/><G119/><T113/><D113/><U64/><E117/><V8/><F8/><W87/><G95/><T26/><D97/><U114/><E114/><V51/><F55/><W130/><G130/><T31/><D31/><U34/><E121/><V24/><F24/><W92/><G92/><T134/><D26/><U5/><E122/><V54/><F54/><W62/><G120/><T2/><D2/><U33/><E5/><V116/><F116/><W29/><G29/><T27/><D27/><U68/><E15/><V72/><F72/><W40/><G123/><T101/><D134/><U102/><E135/><V19/><F19/><W3/><G3/><T69/><D69/><U94/><E68/><V77/><F77/><W74/><G79/><T6/><D6/><U52/><E75/><V93/><F93/><W28/><G74/><T9/><D9/><U46/><E94/><V108/><F108/><W126/><G126/><T0/><D0/><RYUUKYOKU ba="0,0" sc="206,-10,256,-10,174,30,364,-10" hai2="17,21,25,42,51,53,59" owari="196,-30.4,246,4.6,204,-19.6,354,45.4" /></mjloggm>