<mjloggm ver="2.3"><GO type="225" lobby="0"/><UN n0="%54%4F%52" n1="%6D%75%75%6D%75%72%61" n2="%E6%B4%BE%E9%81%A3%E3%81%AE%E3%82%B8%E3%83%A3%E3%83%83%E3%82%AF" n3="%E3%81%A9%E3%82%8F%E3%82%93%E3%81%94" dan="17,17,17,16" rate="2262.47,2242.33,2205.19,2078.13" sx="M,F,M,M"/><TAIKYOKU oya="0"/><INIT seed="0,0,0,0,4,79" ten="250,250,250,250" oya="0" hai0="33,112,29,17,54,83,62,102,19,120,116,70,117" hai1="107,118,130,121,87,36,45,40,7,37,16,59,26" hai2="58,46,52,22,97,41,95,96,84,35,63,42,106" hai3="65,88,72,57,82,81,111,131,110,68,93,101,66"/><T108/><D112/><U48/><E118/><V103/><F35/><W4/><G68/><T133/><D120/><U50/><E121/><V8/><F8/><W64/><G101/><T126/><D102/><U67/><E107/><V129/><F129/><W18/><G131/><T0/><D0/><U13/><E130/><V105/><F22/><W6/><G57/><T24/><D133/><U73/><E73/><V104/><F97/><W99/><G18/><T34/><D34/><U39/><E7/><N who="3" m="2602" /><G72/><T132/><D132/><U32/><E87/><V119/><F119/><W90/><G90/><T75/><D126/><U14/><E32/><V1/><F1/><W31/><G31/><T98/><D98/><U71/><E71/><V109/><F109/><AGARI ba="0,0" hai="64,65,66,81,82,88,93,99,109,110,111" m="2602" machi="109" ten="30,7700,0" yaku="14,1,52,2,54,1" doraHai="79" who="3" fromWho="2" sc="250,0,250,0,250,-77,250,77" /><INIT seed="1,0,0,2,1,91" ten="250,250,173,327" oya="1" hai0="93,82,86,118,92,90,45,103,69,68,24,34,101" hai1="31,46,122,51,67,102,40,33,127,56,23,72,129" hai2="94,88,89,10,109,47,110,107,131,26,15,85,87" hai3="80,119,128,16,43,83,4,61,1,115,17,81,54"/><U35/><E122/><V104/><F26/><W21/><G115/><T112/><D112/><U28/><E129/><V64/><F64/><W116/><G128/><T30/><D118/><N who="3" m="45097" /><G43/><T134/><D134/><U126/><E72/><V48/><F131/><W100/><G100/><T22/><D34/><U41/><E41/><V53/><F110/><W62/><G54/><T123/><D123/><U32/><E102/><V7/><REACH who="2" step="1"/><F109/><REACH who="2" ten="250,250,163,327" step="2"/><W117/><G117/><T38/><D68/><U135/><E135/><V60/><F60/><N who="3" m="23147" /><G21/><T133/><D69/><U36/><E67/><V130/><F130/><W6/><G1/><T97/><D133/><U76/><E23/><V29/><F29/><W108/><G108/><T18/><D30/><U63/><E31/><V37/><F37/><W27/><G27/><T77/><D38/><U44/><E28/><V0/><F0/><W42/><G42/><T13/><D24/><U78/><E63/><V105/><F105/><W39/><G39/><T19/><D22/><U49/><E36/><V95/><AGARI ba="0,1" hai="7,10,15,47,48,53,85,87,88,89,94,95,104,107" machi="95" ten="20,12000,2" yaku="1,1,0,1,7,1,9,1,52,2,54,1,53,0" doraHai="91" doraHaiUra="121" who="2" fromWho="2" sc="250,-30,250,-60,163,130,327,-30" /><INIT seed="2,0,0,4,2,87" ten="220,190,293,297" oya="2" hai0="38,54,40,102,86,135,1,119,134,51,46,80,10" hai1="83,133,33,73,108,41,67,60,126,103,45,106,132" hai2="56,76,53,97,115,128,93,123,6,68,17,29,2" hai3="111,118,107,58,110,59,50,7,36,82,74,71,105"/><V31/><F123/><W24/><G118/><T84/><D119/><U25/><E108/><N who="3" m="41514" /><G36/><T18/><D102/><U120/><E120/><V101/><F68/><W79/><G71/><T109/><D109/><U131/><E131/><V90/><F115/><W42/><G7/><T23/><D1/><U9/><E9/><V129/><F76/><W37/><G37/><T14/><D23/><U0/><E0/><V78/><F78/><W99/><G24/><T94/><D94/><U3/><E3/><V55/><F17/><W130/><G130/><N who="2" m="50281" /><F101/><N who="3" m="62655" /><G107/><T66/><D66/><U43/><E126/><V49/><F55/><W98/><G98/><T81/><D84/><U44/><E73/><V35/><F35/><W127/><G127/><T104/><D104/><U89/><E106/><V30/><F2/><W64/><G64/><T22/><D22/><U112/><E103/><V47/><F6/><W65/><G65/><T32/><D32/><U8/><E112/><V11/><F11/><W88/><G79/><T122/><D122/><U96/><E8/><V116/><F116/><W34/><G34/><T77/><REACH who="0" step="1"/><D81/><REACH who="0" ten="210,190,293,297" step="2"/><U85/><E83/><V117/><F117/><W12/><G82/><T62/><D62/><U61/><E67/><V21/><F21/><W48/><G74/><T16/><D16/><U69/><E69/><V121/><F121/><W19/><G19/><T113/><D113/><U91/><E33/><V28/><F28/><W26/><G26/><T70/><D70/><U124/><E124/><V52/><F31/><W63/><G63/><AGARI ba="0,1" hai="29,30,47,49,52,53,56,63,90,93,97" m="50281" machi="63" ten="30,5800,0" yaku="19,1,52,1,54,1" doraHai="87" who="2" fromWho="3" sc="210,0,190,0,293,68,297,-58" /><INIT seed="2,1,0,2,4,89" ten="210,190,361,239" oya="2" hai0="68,114,40,59,94,77,124,24,93,7,28,131,39" hai1="121,75,1,37,10,109,66,50,129,79,35,5,78" hai2="86,130,135,84,95,32,56,96,88,116,80,120,4" hai3="0,118,83,125,33,58,49,55,111,8,72,65,20"/><V100/><F120/><W13/><G118/><T127/><D68/><U51/><E37/><V122/><F122/><W31/><G111/><T42/><D114/><U91/><E121/><V73/><F32/><W101/><G125/><N who="0" m="48203" /><D131/><U57/><E109/><V74/><F4/><W133/><G133/><T63/><D77/><U22/><E129/><V112/><F56/><W126/><G126/><T102/><D7/><U43/><E35/><V82/><F130/><W113/><G33/><N who="0" m="20615" /><D102/><U69/><E69/><V23/><F23/><W34/><G34/><T99/><D99/><U119/><E119/><V3/><F3/><W108/><G0/><T21/><D21/><U128/><E128/><V85/><F116/><W47/><G108/><T61/><D61/><U2/><E2/><V30/><F30/><W29/><G113/><T106/><D106/><U64/><E75/><N who="2" m="28683" /><F112/><W60/><G20/><T44/><D42/><U52/><E78/><N who="2" m="46103" /><F135/><W25/><G25/><T76/><D76/><U97/><E79/><V110/><F110/><W11/><G72/><T27/><D27/><U41/><E22/><V105/><F85/><W103/><G31/><T9/><D9/><U90/><E41/><V53/><F53/><AGARI ba="1,0" hai="39,40,44,53,59,63,93,94" m="20615,48203" machi="53" ten="30,3900,0" yaku="18,1,52,2" doraHai="89" who="0" fromWho="2" sc="210,42,190,0,361,-42,239,0" /><INIT seed="3,0,0,4,1,76" ten="252,190,319,239" oya="3" hai0="69,91,130,109,33,4,40,26,10,89,117,15,13" hai1="50,125,106,52,70,102,0,134,42,30,96,35,37" hai2="47,87,93,57,112,34,66,116,127,88,3,6,75" hai3="36,107,14,82,101,68,92,90,85,58,20,95,133"/><W45/><G68/><T19/><D117/><U73/><E70/><V115/><F34/><W27/><G133/><T28/><D69/><U71/><E71/><V77/><F116/><W55/><G14/><T78/><D109/><U56/><E134/><V120/><F47/><W97/><G45/><T86/><D40/><U16/><E125/><V48/><F127/><W61/><REACH who="3" step="1"/><G36/><REACH who="3" ten="252,190,319,229" step="2"/><T18/><D15/><U54/><E37/><V108/><F112/><W132/><G132/><T65/><D13/><U7/><E0/><V5/><F115/><W122/><G122/><T12/><D12/><U114/><E114/><V63/><F120/><W123/><G123/><T104/><D4/><U25/><E7/><V72/><F3/><W8/><G8/><T1/><D10/><U59/><E42/><V23/><F5/><W119/><G119/><T84/><D1/><U80/><E59/><V64/><F6/><W99/><G99/><T121/><D121/><U38/><E38/><V29/><F57/><W103/><G103/><T51/><D130/><U100/><E102/><V124/><F124/><W2/><G2/><T81/><D26/><U105/><E105/><V111/><F111/><W128/><G128/><T9/><D9/><U22/><E54/><V83/><F108/><W135/><G135/><T118/><D104/><U43/><E43/><V46/><F46/><W129/><G129/><T32/><D118/><U98/><E98/><V79/><F66/><W62/><G62/><T113/><D113/><U110/><E110/><V131/><F63/><W94/><G94/><N who="0" m="54567" /><D65/><U126/><E126/><RYUUKYOKU ba="0,1" sc="252,-10,190,-10,319,-10,229,30" hai3="20,27,55,58,61,82,85,90,92,95,97,101,107" /><INIT seed="3,1,1,0,4,104" ten="242,180,309,259" oya="3" hai0="126,125,52,110,130,4,39,28,77,96,6,41,106" hai1="35,69,87,17,85,120,21,118,74,0,70,115,78" hai2="119,84,34,66,107,103,5,20,57,44,117,127,64" hai3="81,62,79,121,61,94,76,54,56,51,124,32,23"/><W132/><G121/><T113/><D110/><U42/><E120/><V105/><F34/><W71/><G32/><T72/><D130/><U13/><E115/><V59/><F5/><W36/><G36/><T11/><D113/><U75/><E0/><V12/><F44/><W80/><G132/><T2/><D6/><U19/><E35/><V134/><F84/><W10/><G124/><N who="0" m="47723" /><D28/><U15/><E42/><V37/><F37/><W40/><G10/><T67/><D67/><U9/><E118/><V26/><F12/><W111/><G111/><T43/><D52/><U55/><E55/><V53/><F127/><W45/><G23/><T38/><D38/><U100/><E100/><V25/><F53/><W89/><G62/><T16/><D16/><U86/><REACH who="1" step="1"/><E78/><REACH who="1" ten="242,170,309,259" step="2"/><N who="3" m="29738" /><G71/><AGARI ba="1,2" hai="9,13,15,17,19,21,69,70,71,74,75,85,86,87" machi="71" ten="40,5200,0" yaku="1,1,52,2,53,0" doraHai="104" doraHaiUra="98" who="1" fromWho="3" sc="242,0,170,75,309,0,259,-55" owari="242,-15.8,245,4.5,309,40.9,204,-29.6" /></mjloggm>