<mjloggm ver="2.3"><GO type="225" lobby="0"/><UN n0="%E5%86%B7%E5%87%8D%E3%82%AE%E3%83%A7%E3%83%BC%E3%82%B6" n1="%E6%B4%BE%E9%81%A3%E3%81%AE%E3%82%B8%E3%83%A3%E3%83%83%E3%82%AF" n2="%E6%A1%9C%E8%8A%B1%E9%96%83%E3%80%85" n3="%E9%80%9F%E6%B0%B4%E5%87%9B%E9%A6%99" dan="16,16,16,16" rate="2087.77,2178.56,2095.82,2132.16" sx="M,M,M,F"/><TAIKYOKU oya="0"/><INIT seed="0,0,0,3,4,36" ten="250,250,250,250" oya="0" hai0="126,115,37,6,73,22,49,51,92,101,69,91,88" hai1="67,66,9,43,10,130,118,125,75,79,134,21,52" hai2="90,64,82,74,35,1,122,44,93,135,128,47,104" hai3="14,17,83,106,23,65,33,112,102,13,108,99,103"/><T94/><D115/><U119/><E125/><V7/><F122/><W28/><G112/><T34/><D126/><U26/><E130/><V95/><F35/><W38/><G38/><T123/><D123/><U117/><E134/><V78/><F128/><W86/><G108/><T89/><D34/><U116/><E43/><V107/><F64/><W2/><G2/><T32/><D32/><U72/><N who="1" m="29696" /><DORA hai="98" /><U11/><E52/><V56/><F56/><W54/><G54/><T0/><D69/><U127/><E127/><V59/><F59/><W77/><G65/><T12/><D73/><U24/><E72/><V4/><F95/><N who="0" m="36394" /><D0/><U31/><REACH who="1" step="1"/><E26/><REACH who="1" ten="250,240,250,250" step="2"/><V63/><F44/><W29/><G33/><T105/><D37/><U121/><E121/><V39/><F47/><W46/><G46/><T133/><D133/><U45/><E45/><V15/><F135/><W97/><REACH who="3" step="1"/><G13/><REACH who="3" ten="250,240,250,240" step="2"/><T70/><D12/><U48/><E48/><V42/><F15/><W81/><G81/><AGARI ba="0,2" hai="9,10,11,21,24,31,66,67,75,79,81" m="29696" machi="81" ten="70,2300,0" yaku="1,1,53,0" doraHai="36,98" doraHaiUra="50,41" who="1" fromWho="3" sc="250,0,240,43,250,0,240,-23" /><INIT seed="1,0,0,1,4,86" ten="250,283,250,217" oya="1" hai0="33,114,89,7,90,93,40,135,113,77,107,26,122" hai1="9,109,39,84,12,49,53,111,68,30,45,47,72" hai2="37,19,64,69,8,23,44,48,29,2,42,88,4" hai3="129,83,5,76,131,18,56,98,41,106,112,121,54"/><U126/><E72/><V95/><F29/><W31/><G5/><T21/><D135/><U15/><E68/><V6/><F6/><W91/><G41/><T134/><D134/><U34/><E126/><V32/><F32/><W36/><G36/><T61/><D122/><U27/><E39/><V102/><F102/><W105/><G31/><T101/><D33/><U74/><E74/><V125/><F125/><W97/><G18/><T127/><D127/><U73/><E73/><V60/><F37/><W14/><G14/><T96/><D40/><U59/><E15/><V79/><F79/><W20/><G20/><T65/><D77/><U17/><REACH who="1" step="1"/><E84/><REACH who="1" ten="250,273,250,217" step="2"/><V94/><F69/><W10/><G121/><T43/><D114/><U25/><E25/><V55/><F2/><W51/><G112/><T87/><D113/><U103/><E103/><V52/><F4/><W118/><G118/><T133/><D7/><U123/><E123/><V67/><F8/><W24/><G10/><T128/><D133/><U3/><E3/><V99/><F42/><W66/><G24/><T11/><D43/><U71/><E71/><V108/><F108/><AGARI ba="0,1" hai="9,12,17,27,30,34,45,47,49,53,59,108,109,111" machi="108" ten="40,7700,0" yaku="1,1,14,1,10,1,53,0" doraHai="86" doraHaiUra="92" who="1" fromWho="2" sc="250,0,273,87,250,-77,217,0" /><INIT seed="1,1,0,2,5,89" ten="250,360,173,217" oya="1" hai0="19,66,131,9,16,85,6,1,123,36,39,124,57" hai1="69,130,32,51,55,114,91,106,133,7,65,86,48" hai2="58,14,5,100,17,87,44,108,28,97,79,74,132" hai3="68,21,0,99,129,35,26,93,23,61,29,115,96"/><U49/><E106/><V37/><F108/><W104/><G115/><T134/><D131/><U42/><E114/><V81/><F132/><W102/><G0/><T18/><D134/><U122/><E32/><V84/><F28/><W27/><G129/><T13/><D124/><U41/><E122/><V107/><F5/><W112/><G112/><T46/><D123/><U71/><E130/><V54/><F44/><W80/><G80/><T62/><D1/><U34/><E34/><V73/><F37/><W125/><G125/><T78/><D78/><U103/><E103/><V72/><F87/><W111/><G111/><T121/><D121/><U135/><E55/><V70/><F70/><W113/><G113/><T52/><REACH who="0" step="1"/><D85/><REACH who="0" ten="240,360,173,217" step="2"/><U92/><E133/><V90/><F79/><W127/><G127/><T75/><D75/><U98/><E86/><V67/><F74/><W116/><G116/><T59/><D59/><U33/><E135/><V105/><F73/><W94/><G104/><T64/><D64/><U60/><E69/><V3/><F67/><W119/><G119/><T53/><D53/><U12/><E33/><V22/><F3/><W40/><G40/><T11/><D11/><U20/><E42/><V25/><F72/><W10/><G10/><T4/><D4/><U77/><E77/><V101/><F54/><W88/><G68/><T128/><D128/><U47/><E7/><V126/><F58/><W118/><G118/><T15/><D15/><U50/><E12/><V38/><F126/><W2/><G2/><T109/><D109/><U31/><E20/><N who="3" m="7754" /><G26/><T83/><D83/><RYUUKYOKU ba="1,1" sc="240,10,360,10,173,-30,217,10" hai0="6,9,13,16,18,19,36,39,46,52,57,62,66" hai1="31,41,47,48,49,50,51,60,65,71,91,92,98" hai3="27,29,35,61,88,93,94,96,99,102" /><INIT seed="1,2,1,3,2,57" ten="250,370,143,227" oya="1" hai0="92,51,7,18,116,96,68,132,44,91,90,103,106" hai1="126,97,81,55,35,125,134,121,52,105,14,118,67" hai2="87,11,54,50,34,112,122,38,10,70,21,79,69" hai3="110,98,42,61,93,131,39,127,114,28,82,107,9"/><U111/><E118/><V102/><F122/><W47/><G114/><T72/><D116/><U53/><E121/><V3/><F34/><W5/><G107/><T117/><D117/><U74/><E35/><V0/><F38/><W135/><G110/><T76/><D132/><U24/><E134/><V85/><F102/><W27/><G135/><T63/><D7/><U78/><E111/><V86/><F21/><W108/><G108/><T32/><D32/><U130/><E130/><V4/><F79/><W40/><G131/><T104/><D18/><U46/><E67/><V65/><F112/><W2/><G127/><T62/><D68/><U19/><E24/><V15/><F65/><W12/><G40/><T99/><D91/><U49/><E97/><V120/><F120/><W48/><G82/><T22/><D22/><N who="1" m="11639" /><E105/><V58/><REACH who="2" step="1"/><F0/><REACH who="2" ten="250,370,133,227" step="2"/><W36/><G2/><T8/><D103/><U30/><E78/><V71/><F71/><W94/><G39/><T26/><D76/><U16/><E125/><V45/><F45/><W23/><G36/><T56/><D44/><U17/><E46/><V66/><F66/><W124/><G124/><T25/><D106/><U100/><E100/><V37/><F37/><W43/><G47/><T31/><D104/><U113/><E113/><V75/><F75/><W88/><G42/><T128/><D72/><U115/><E115/><V77/><F77/><W20/><G43/><T41/><D41/><U95/><E126/><V133/><F133/><W83/><G23/><T80/><D128/><U60/><E74/><V64/><F64/><W101/><G101/><RYUUKYOKU ba="2,2" sc="250,-10,370,-10,133,30,227,-10" hai2="3,4,10,11,15,50,54,58,69,70,85,86,87" /><INIT seed="2,3,2,5,2,49" ten="240,360,163,217" oya="2" hai0="69,13,45,100,131,55,109,48,26,53,52,36,73" hai1="6,96,58,7,132,124,121,106,122,62,12,0,128" hai2="72,20,33,94,95,104,110,3,135,70,76,43,108" hai3="32,98,8,42,11,54,103,23,1,28,29,59,111"/><V5/><F33/><W66/><G32/><T133/><D69/><U126/><E132/><V93/><F135/><W78/><G1/><T38/><D73/><U15/><E128/><V68/><F104/><W118/><G118/><T65/><D133/><U47/><E47/><V4/><F43/><W102/><G111/><N who="2" m="42537" /><F20/><W105/><G66/><T18/><D65/><U134/><E134/><V112/><F112/><W44/><G78/><T60/><D109/><U82/><E106/><V46/><F46/><W37/><G103/><T84/><D100/><U25/><E0/><V123/><F123/><W34/><G34/><T85/><D38/><U9/><E122/><V116/><F116/><W107/><G107/><T119/><D36/><U92/><E121/><V115/><F115/><W10/><REACH who="3" step="1"/><G23/><REACH who="3" ten="240,360,163,207" step="2"/><T125/><D119/><U117/><E117/><V90/><F90/><W74/><G74/><T77/><D77/><U56/><E126/><V17/><F17/><W19/><G19/><T88/><D125/><U130/><E124/><V40/><F40/><W61/><AGARI ba="3,3" hai="8,10,11,28,29,37,42,44,54,59,61,98,102,105" machi="61" ten="30,4000,0" yaku="1,1,0,1,52,1,53,0" doraHai="49" doraHaiUra="87" who="3" fromWho="3" sc="240,-13,360,-13,163,-23,207,79" /><INIT seed="3,0,0,1,4,135" ten="227,347,140,286" oya="3" hai0="104,107,81,43,31,22,69,89,106,42,33,82,110" hai1="9,130,51,64,88,76,28,86,124,26,55,25,32" hai2="96,93,39,45,125,94,58,97,103,102,126,48,108" hai3="98,56,19,113,120,114,77,115,61,46,109,79,15"/><W21/><G120/><T67/><D110/><U17/><E76/><V117/><F117/><W23/><G109/><T53/><D33/><U13/><E130/><V47/><F108/><W70/><G70/><T112/><D112/><U127/><E64/><V123/><F123/><W16/><G46/><T24/><D53/><U5/><E5/><V41/><REACH who="2" step="1"/><F58/><REACH who="2" ten="227,347,130,286" step="2"/><W14/><G115/><T118/><D118/><U100/><E32/><V60/><F60/><W0/><G114/><T122/><D122/><U132/><E132/><V72/><F72/><W133/><G113/><T121/><D121/><U57/><E57/><V34/><F34/><W116/><G133/><T74/><D74/><U3/><E3/><V30/><F30/><W131/><G116/><T99/><D31/><U90/><E28/><V27/><F27/><W29/><G0/><T10/><D24/><U37/><E26/><V65/><F65/><W52/><G29/><T129/><D67/><U36/><E25/><V87/><F87/><W63/><G131/><T83/><D129/><U11/><E86/><V35/><F35/><W80/><G63/><T111/><D111/><U49/><E13/><V95/><F95/><W91/><G80/><T54/><D82/><U12/><E12/><V4/><F4/><W73/><G73/><T38/><D81/><U7/><E7/><V78/><F78/><W128/><G128/><T85/><D83/><U40/><E9/><V101/><F101/><W2/><G2/><T62/><D85/><U6/><E100/><V1/><F1/><W59/><G59/><T50/><D62/><RYUUKYOKU ba="0,1" sc="227,-15,347,-15,130,15,286,15" hai2="39,41,45,47,48,93,94,96,97,102,103,125,126" hai3="14,15,16,19,21,23,52,56,61,77,79,91,98" /><INIT seed="3,1,1,3,2,59" ten="212,332,145,301" oya="3" hai0="29,38,127,35,54,109,60,77,95,42,104,43,49" hai1="69,118,48,133,2,79,98,19,51,112,62,14,103" hai2="129,9,73,58,36,47,71,8,56,4,76,30,15" hai3="64,39,21,17,33,20,22,116,88,5,1,113,89"/><W84/><G39/><T86/><D109/><U55/><E112/><V32/><F129/><W74/><G74/><T12/><D104/><U134/><E2/><V63/><F9/><W16/><G33/><T91/><D127/><U61/><E79/><V50/><F36/><W65/><G116/><T125/><D125/><U34/><E34/><V117/><F117/><W41/><G113/><T31/><D38/><U40/><E40/><N who="0" m="15401" /><D35/><U100/><E118/><V10/><F47/><W119/><G119/><T107/><D107/><U92/><E100/><V101/><F101/><W120/><G120/><T25/><D25/><U93/><E93/><V131/><F131/><W99/><G41/><T70/><D70/><U126/><E126/><V0/><F50/><N who="1" m="18985" /><E55/><V75/><F30/><W28/><G28/><T115/><D115/><U135/><E69/><V122/><F32/><W110/><G110/><T6/><D77/><U72/><E72/><V102/><F102/><W66/><G1/><T83/><D95/><U124/><E124/><V106/><F106/><W90/><G5/><T37/><D37/><U121/><E121/><V80/><F122/><W53/><G53/><T94/><D94/><U13/><E13/><V123/><F123/><W128/><G128/><T130/><D130/><U68/><E68/><V67/><REACH who="2" step="1"/><F75/><REACH who="2" ten="212,332,135,301" step="2"/><W87/><G99/><T114/><D114/><U7/><E7/><AGARI ba="1,2" hai="0,4,7,8,10,15,56,58,63,67,71,73,76,80" machi="7" ten="30,12000,2" yaku="1,1,2,1,7,1,52,1,53,2" doraHai="59" doraHaiUra="3" who="2" fromWho="1" sc="212,0,332,-123,135,143,301,0" owari="212,-18.8,209,-29.1,278,7.8,301,40.1" /></mjloggm>