<mjloggm ver="2.3"><GO type="225" lobby="0"/><UN n0="%72%61%6B%33" n1="%6E%69%63%6F%6E%74%6F" n2="%33%74%72%65%65" n3="%E6%AB%BB%E4%BA%95%E5%A5%8F" dan="16,17,16,17" rate="2090.65,2131.55,2117.06,2216.95" sx="M,M,F,M"/><TAIKYOKU oya="0"/><INIT seed="0,0,0,0,1,82" ten="250,250,250,250" oya="0" hai0="96,53,8,51,105,36,29,83,110,98,73,70,39" hai1="44,57,30,48,71,127,107,18,43,120,78,128,94" hai2="54,14,111,135,80,117,104,91,32,26,11,50,24" hai3="22,93,20,69,89,52,125,92,0,72,106,75,37"/><T124/><D70/><U95/><E120/><V134/><F104/><W130/><G106/><T42/><D124/><U58/><E128/><V132/><F111/><W2/><G130/><T38/><D110/><U131/><E131/><V46/><F32/><W64/><G37/><T59/><D29/><U19/><E127/><V55/><F55/><W56/><G125/><T25/><D25/><U115/><E115/><V116/><F26/><W81/><G69/><T12/><D42/><U123/><E123/><V62/><F62/><W15/><G64/><T101/><D98/><U84/><E107/><V45/><F45/><W60/><G93/><N who="1" m="35338" /><E30/><V109/><F24/><W100/><G100/><T77/><REACH who="0" step="1"/><D39/><REACH who="0" ten="240,250,250,250" step="2"/><U47/><E71/><V76/><F109/><W86/><G72/><T97/><D97/><U40/><E40/><V102/><F102/><W35/><G35/><T34/><D34/><U108/><E108/><V28/><F28/><W33/><G33/><T3/><D3/><U68/><E68/><V90/><F116/><W41/><G41/><T126/><D126/><U87/><E43/><V99/><F99/><N who="3" m="57743" /><G75/><T31/><D31/><U85/><E78/><V13/><F117/><W5/><G0/><T122/><D122/><U79/><E79/><V133/><F133/><W66/><G2/><T17/><AGARI ba="0,1" hai="8,12,17,36,38,51,53,59,73,77,83,96,101,105" machi="17" ten="20,3900,0" yaku="1,1,0,1,7,1,53,0" doraHai="82" doraHaiUra="63" who="0" fromWho="0" sc="240,49,250,-13,250,-13,250,-13" /><INIT seed="0,1,0,0,5,38" ten="289,237,237,237" oya="0" hai0="75,69,89,51,70,126,114,8,49,17,16,67,33" hai1="91,100,22,23,132,129,81,102,58,113,86,19,29" hai2="43,121,133,54,68,40,83,82,71,4,60,112,95" hai3="47,62,10,7,14,134,72,26,5,46,77,45,59"/><T37/><D37/><U88/><E132/><V42/><F121/><W36/><G134/><T96/><D114/><U98/><E129/><V74/><F133/><W97/><G36/><T32/><D75/><U111/><E111/><V9/><F112/><W25/><G5/><T94/><D126/><U117/><E117/><V66/><F71/><W28/><G77/><T104/><D104/><U31/><E113/><V61/><F74/><W3/><G72/><T92/><D67/><U122/><E122/><V56/><REACH who="2" step="1"/><F95/><REACH who="2" ten="289,237,227,237" step="2"/><W116/><G116/><T27/><D70/><U128/><E128/><V57/><F57/><W39/><G39/><T64/><D94/><N who="1" m="56647" /><E58/><V65/><F65/><W2/><G59/><T11/><D64/><U124/><E124/><V21/><F21/><N who="1" m="7689" /><E19/><V63/><F63/><W35/><G62/><T52/><D69/><U109/><E109/><V85/><F85/><W103/><REACH who="3" step="1"/><G26/><REACH who="3" ten="289,237,227,227" step="2"/><T84/><D27/><U118/><E118/><V135/><F135/><W87/><G87/><T12/><D84/><U50/><E50/><V119/><F119/><W0/><G0/><AGARI ba="1,2" hai="0,4,9,40,42,43,54,56,60,61,66,68,82,83" machi="0" ten="40,8000,1" yaku="1,1,52,3,53,0" doraHai="38" doraHaiUra="127" who="2" fromWho="3" sc="289,0,237,0,227,103,227,-83" /><INIT seed="1,0,0,3,0,116" ten="289,237,330,144" oya="1" hai0="21,93,63,5,78,85,76,50,99,39,95,66,117" hai1="74,71,120,114,32,34,119,44,11,7,107,83,4" hai2="23,108,19,109,52,12,115,49,59,94,53,73,70" hai3="14,80,13,28,125,41,77,31,127,26,131,16,57"/><U81/><E114/><V2/><F115/><W25/><G41/><T118/><D39/><U56/><E119/><V48/><F70/><W58/><G80/><T101/><D5/><U37/><E71/><V68/><F68/><W72/><G72/><T38/><D38/><U123/><E56/><V134/><F134/><W0/><G77/><T35/><D35/><N who="1" m="13355" /><E7/><V45/><F73/><W103/><G103/><T18/><D50/><U20/><E20/><V88/><REACH who="2" step="1"/><F2/><REACH who="2" ten="289,237,320,144" step="2"/><W67/><G0/><T36/><D118/><U22/><E123/><V129/><F129/><W98/><G67/><T24/><D117/><U124/><E120/><V65/><F65/><W113/><G113/><T104/><D36/><U75/><E124/><V110/><F110/><W96/><REACH who="3" step="1"/><G131/><REACH who="3" ten="289,237,320,134" step="2"/><T91/><REACH who="0" step="1"/><D104/><REACH who="0" ten="279,237,320,134" step="2"/><U10/><E107/><V43/><F43/><W8/><G8/><T42/><D42/><U6/><E11/><V61/><F61/><W102/><G102/><T55/><D55/><U128/><E10/><V92/><F92/><W135/><G135/><T111/><D111/><U132/><E128/><V133/><F133/><W122/><G122/><T112/><D112/><U64/><E132/><V3/><F3/><W40/><G40/><T105/><D105/><U9/><E64/><V62/><F62/><W126/><G126/><T106/><D106/><U90/><E9/><V86/><AGARI ba="0,3" hai="12,19,23,45,48,49,52,53,59,86,88,94,108,109" machi="86" ten="30,16000,3" yaku="1,1,0,1,25,2,54,2,53,2" doraHai="116" doraHaiUra="51" who="2" fromWho="2" sc="279,-40,237,-80,320,190,134,-40" /><INIT seed="2,0,0,3,1,97" ten="239,157,510,94" oya="2" hai0="18,121,58,34,104,16,130,117,98,93,126,115,120" hai1="38,80,90,9,68,83,41,45,95,59,105,123,82" hai2="127,91,113,32,72,134,19,20,78,1,133,135,24" hai3="3,2,7,131,53,129,8,102,60,122,0,55,84"/><V128/><F113/><W87/><G122/><T100/><D115/><U25/><E68/><V119/><F119/><W42/><G42/><T36/><D34/><U96/><E123/><V47/><F128/><N who="3" m="49227" /><G60/><T23/><D130/><U64/><E9/><V106/><F127/><W73/><G73/><T49/><D36/><U5/><E5/><V13/><F1/><N who="3" m="259" /><W26/><DORA hai="57" /><G26/><T11/><D126/><U112/><E112/><V132/><F132/><W35/><G35/><T46/><D117/><U94/><E105/><V69/><F24/><W14/><G102/><T107/><D107/><U44/><E25/><V43/><F106/><W12/><G7/><T65/><D104/><U88/><E41/><V31/><F32/><W66/><G66/><T79/><D65/><U61/><REACH who="1" step="1"/><E38/><REACH who="1" ten="239,147,510,94" step="2"/><V70/><F43/><W15/><G8/><T30/><D11/><U109/><E109/><V27/><F135/><W10/><G10/><T86/><D121/><U77/><E77/><V40/><F78/><W63/><G63/><T71/><D79/><U101/><E101/><V28/><F40/><W103/><G103/><T74/><D100/><U51/><E51/><V89/><F134/><W85/><AGARI ba="0,1" hai="12,14,15,53,55,84,85,87" m="259,49227" machi="85" ten="50,6400,0" yaku="28,2,19,1" doraHai="97,57" who="3" fromWho="3" sc="239,-16,147,-16,510,-32,94,74" /><INIT seed="3,0,0,5,3,19" ten="223,131,478,168" oya="3" hai0="46,5,60,45,59,17,68,37,36,40,49,3,15" hai1="107,52,63,58,51,42,103,8,112,122,131,73,26" hai2="34,102,72,83,41,10,57,82,67,93,9,95,132" hai3="43,120,110,118,88,123,114,133,98,29,11,106,92"/><W55/><G114/><T77/><D77/><U27/><E112/><V64/><F34/><W89/><G118/><T125/><D68/><U12/><E131/><V31/><F31/><W116/><G116/><T85/><D125/><U79/><E122/><V1/><F41/><W66/><G133/><T6/><D85/><U23/><E107/><V105/><F105/><W32/><G110/><T80/><D80/><U100/><E79/><V101/><F57/><W22/><G32/><T48/><D37/><U109/><E73/><V56/><F56/><W20/><G106/><T91/><D91/><N who="3" m="34889" /><G123/><T33/><D3/><U135/><E135/><V54/><F1/><W65/><G120/><T14/><D36/><U4/><E109/><V53/><F132/><W75/><G75/><AGARI ba="0,0" hai="9,10,53,54,64,67,72,75,82,83,93,95,101,102" machi="75" ten="25,1600,0" yaku="22,2" doraHai="19" who="2" fromWho="3" sc="223,0,131,0,478,16,168,-16" owari="223,2.3,131,-36.9,494,59.4,152,-24.8" /></mjloggm>