<mjloggm ver="2.3"><GO type="225" lobby="0"/><UN n0="%E3%82%B2%E3%82%B9%E8%8C%82%E5%8B%9D" n1="%E3%82%A2%E3%83%A1%E3%82%A2%E3%83%A9%E3%83%AC" n2="%6C%61%6D%62" n3="%E3%81%A4%E3%81%A3%E3%81%B1%E3%82%8A%E3%83%9D%E3%83%BC%E3%83%AB" dan="16,16,16,16" rate="2098.50,2153.16,2152.73,2119.47" sx="F,M,M,M"/><TAIKYOKU oya="0"/><INIT seed="0,0,0,3,0,112" ten="250,250,250,250" oya="0" hai0="23,52,80,87,86,99,93,24,64,90,58,70,76" hai1="104,107,110,65,67,12,73,88,92,6,111,10,25" hai2="18,34,101,26,36,63,28,38,35,53,49,134,91" hai3="113,7,57,4,54,61,14,133,126,85,20,97,95"/><T55/><D70/><U77/><E25/><V115/><F115/><W82/><G113/><T74/><D74/><U56/><E77/><V13/><F134/><W44/><G133/><T1/><D1/><U120/><E73/><V98/><F63/><W78/><G126/><T106/><D106/><N who="1" m="40491" /><E56/><V108/><F35/><W81/><G81/><T72/><D72/><U62/><E62/><V27/><F27/><W118/><G118/><T130/><D130/><U47/><E47/><V5/><F5/><W50/><G20/><T42/><D42/><U127/><E120/><V69/><F91/><W60/><G14/><T22/><D22/><U32/><E32/><V43/><F43/><W39/><G39/><T29/><D87/><N who="1" m="52255" /><E127/><V96/><F69/><W66/><REACH who="3" step="1"/><G61/><AGARI ba="0,0" hai="23,24,29,52,55,58,61,64,76,80,86,90,93,99" machi="61" ten="40,3900,0" yaku="8,1,54,1" doraHai="112" who="0" fromWho="3" sc="250,39,250,0,250,0,250,-39" /><INIT seed="0,1,0,1,2,98" ten="289,250,250,211" oya="0" hai0="63,40,33,29,24,3,59,2,84,87,79,133,32" hai1="107,96,41,108,13,74,30,78,115,11,89,125,132" hai2="66,77,36,23,12,134,31,88,70,117,80,81,102" hai3="68,83,67,131,103,72,127,56,8,69,86,116,18"/><T129/><D133/><U15/><E108/><V25/><F36/><W109/><G116/><T52/><D129/><U51/><E132/><V19/><F134/><W93/><G72/><T1/><D33/><U73/><E125/><V5/><F117/><W75/><G75/><T111/><D111/><U104/><E115/><V27/><F5/><W121/><G109/><T128/><D128/><U91/><E30/><V49/><F102/><W20/><G131/><T55/><D40/><U0/><E0/><V85/><F70/><W4/><G127/><T57/><REACH who="0" step="1"/><D79/><REACH who="0" ten="279,250,250,211" step="2"/><U60/><E78/><V43/><F77/><W71/><G121/><T99/><D99/><U106/><E96/><V90/><F43/><W54/><G69/><T64/><D64/><U94/><E41/><V45/><F66/><W92/><G67/><T95/><D95/><U123/><E94/><V39/><F39/><W118/><G93/><T6/><D6/><U53/><E123/><V17/><F80/><W42/><G42/><T9/><D9/><U16/><E11/><N who="2" m="6303" /><F90/><N who="3" m="51551" /><G118/><T97/><D97/><U62/><E91/><V7/><F7/><W22/><G4/><T35/><D35/><U46/><E89/><V38/><F38/><W124/><G68/><T126/><D126/><U105/><E105/><V130/><F130/><W76/><G71/><T50/><AGARI ba="1,1" hai="1,2,3,24,29,32,50,52,55,57,59,63,84,87" machi="50" ten="30,11700,0" yaku="1,1,0,1,54,1,53,1" doraHai="98" doraHaiUra="28" who="0" fromWho="0" sc="279,130,250,-40,250,-40,211,-40" /><INIT seed="0,2,0,3,4,66" ten="409,210,210,171" oya="0" hai0="4,91,89,53,76,37,74,117,109,70,105,43,102" hai1="47,92,80,116,63,40,59,96,38,42,56,21,52" hai2="84,62,71,17,41,61,86,22,51,13,77,99,101" hai3="5,8,93,82,36,10,26,90,32,19,100,64,39"/><T123/><D117/><U72/><E116/><V121/><F121/><W111/><G111/><T2/><D123/><U129/><E129/><V58/><F77/><W67/><G100/><T79/><D53/><U25/><E42/><V87/><F71/><W130/><G82/><T24/><D24/><U134/><E134/><V128/><F128/><W125/><G130/><T3/><D109/><U18/><E59/><V108/><F108/><W83/><G83/><T104/><D43/><U65/><E80/><V88/><F88/><W34/><G26/><T122/><D122/><U114/><E114/><V0/><F0/><W33/><G19/><T29/><D29/><U27/><E65/><N who="3" m="25162" /><G5/><T11/><D37/><N who="3" m="14409" /><G93/><T131/><D131/><U110/><E110/><V97/><F58/><W15/><G90/><T60/><D102/><U112/><E112/><V75/><F75/><W118/><G15/><T126/><D11/><N who="3" m="4137" /><G118/><T127/><D4/><U107/><E27/><V50/><F101/><W28/><G28/><T133/><D74/><U68/><E72/><V35/><F41/><W113/><G113/><T132/><D60/><N who="2" m="23146" /><F35/><N who="3" m="8963" /><W16/><DORA hai="31" /><G16/><T46/><D46/><U73/><E73/><V120/><F120/><W78/><G125/><T94/><D94/><U54/><E92/><V81/><F81/><W124/><G124/><T12/><D12/><U85/><E40/><V23/><F17/><W6/><G6/><T44/><D44/><U135/><E18/><V1/><F13/><W45/><G45/><T69/><AGARI ba="2,0" hai="2,3,69,70,76,79,89,91,104,105,126,127,132,133" machi="69" ten="25,12000,1" yaku="0,1,22,2,52,2" doraHai="66,31" who="0" fromWho="0" sc="409,126,210,-42,210,-42,171,-42" /><INIT seed="0,3,0,3,2,82" ten="535,168,168,129" oya="0" hai0="57,20,86,4,69,120,22,68,101,63,75,118,59" hai1="81,77,39,19,18,26,36,15,100,27,16,17,23" hai2="28,45,62,38,40,66,3,122,49,65,128,115,11" hai3="135,33,12,127,114,76,13,93,90,41,54,0,87"/><T98/><D118/><U51/><E100/><V108/><F115/><W116/><G114/><T129/><D120/><U61/><E61/><V9/><F122/><W30/><G116/><T48/><D75/><U111/><E111/><V14/><F108/><W56/><G0/><T126/><D126/><U110/><E110/><V47/><F128/><W5/><G127/><T31/><D129/><U8/><E51/><V34/><F3/><W1/><G135/><T37/><D37/><U58/><E58/><V46/><F9/><W50/><G41/><T103/><D4/><U55/><E55/><V94/><F34/><W2/><G76/><T99/><D48/><U109/><E109/><V130/><F28/><W106/><G106/><T96/><D31/><U125/><E125/><V88/><F130/><W42/><G42/><T107/><D107/><U43/><E43/><V112/><F112/><W24/><REACH who="3" step="1"/><G2/><REACH who="3" ten="535,168,168,119" step="2"/><T97/><D103/><U131/><E131/><V123/><F123/><W25/><G25/><T6/><D101/><U60/><E26/><V113/><F113/><W104/><G104/><T121/><D121/><U70/><E39/><V10/><F38/><W52/><G52/><T67/><D67/><U105/><E105/><V102/><F102/><W53/><G53/><T74/><D63/><U80/><E36/><V92/><F62/><W72/><G72/><T91/><D74/><U78/><E78/><V29/><F40/><W132/><G132/><T64/><D64/><N who="1" m="41223" /><E77/><V32/><F65/><W124/><G124/><T35/><D91/><U44/><E44/><V7/><F66/><RYUUKYOKU ba="3,1" sc="535,-15,168,15,168,-15,119,15" hai1="8,15,16,17,18,19,23,27,80,81" hai3="1,5,12,13,24,30,33,50,54,56,87,90,93" /><INIT seed="1,4,1,5,0,88" ten="520,183,153,134" oya="1" hai0="43,128,110,77,10,82,75,121,118,17,57,1,123" hai1="133,106,66,38,26,45,2,101,24,89,39,41,85" hai2="95,36,15,48,16,14,33,31,83,134,63,9,42" hai3="65,73,29,46,67,60,135,86,18,53,111,69,56"/><U119/><E119/><V81/><F36/><W96/><G73/><T129/><D110/><U37/><E133/><V55/><F134/><W22/><G135/><T132/><D118/><U126/><E126/><V115/><F115/><W27/><G111/><T32/><D32/><U109/><E109/><V61/><F42/><W91/><G69/><T116/><D116/><U44/><E2/><V87/><F31/><W70/><G70/><T13/><D132/><U78/><E78/><V117/><F33/><W114/><G114/><T52/><D43/><U125/><E66/><V98/><F15/><W25/><G46/><T68/><D68/><U47/><E41/><V72/><F72/><W112/><G112/><T19/><D19/><U21/><E125/><V64/><F117/><W131/><G131/><N who="0" m="50251" /><D1/><U4/><E4/><V34/><F34/><W92/><G86/><T103/><D103/><U74/><E74/><V127/><F64/><W49/><G49/><AGARI ba="4,1" hai="10,13,17,49,52,57,75,77,82,121,123" m="50251" machi="49" ten="30,2000,0" yaku="19,1,54,1" doraHai="88" who="0" fromWho="3" sc="520,42,183,0,153,0,134,-32" /><INIT seed="2,0,0,0,2,128" ten="562,183,153,102" oya="2" hai0="94,42,31,80,59,26,73,84,63,3,116,1,46" hai1="99,130,96,49,13,38,58,129,21,83,8,114,69" hai2="124,5,51,56,115,89,14,10,28,37,7,19,77" hai3="70,50,32,72,100,88,102,125,98,134,93,106,24"/><V34/><F37/><W65/><G125/><T36/><D116/><U101/><E69/><V11/><F115/><W62/><G72/><T78/><D94/><U0/><E38/><V20/><F77/><W23/><G50/><T53/><D73/><U61/><E49/><V30/><F89/><W76/><G76/><T107/><D107/><U110/><E114/><V135/><F56/><W67/><G67/><T60/><D60/><U54/><E83/><V44/><F51/><W43/><G43/><T118/><D118/><U71/><E71/><V112/><F44/><W35/><G102/><T131/><D131/><N who="1" m="50187" /><E110/><V15/><F135/><W105/><G134/><T9/><D9/><U122/><E122/><V90/><F90/><W75/><G75/><T29/><D29/><N who="2" m="11370" /><F124/><W133/><G133/><T113/><D113/><U52/><E54/><V123/><F123/><W97/><REACH who="3" step="1"/><G106/><REACH who="3" ten="562,183,153,92" step="2"/><T4/><D78/><U91/><E101/><V121/><F121/><W48/><G48/><T6/><D42/><U39/><E39/><V68/><F112/><W92/><G92/><T81/><D36/><U40/><E40/><V16/><F68/><W117/><G117/><T47/><D63/><U27/><E61/><V66/><F66/><W2/><G2/><T127/><D1/><U111/><E0/><N who="2" m="295" /><F34/><W109/><G109/><T86/><D3/><U132/><E111/><V104/><F104/><W108/><G108/><T41/><D41/><U120/><E132/><V25/><F7/><W103/><G103/><T18/><D4/><U33/><E120/><V12/><AGARI ba="0,1" hai="11,12,14,15,16,19,20,25" m="295,11370" machi="12" ten="30,18000,2" yaku="35,5,54,1" doraHai="128" who="2" fromWho="2" sc="562,-60,183,-60,153,190,92,-60" /><INIT seed="2,1,0,5,3,103" ten="502,123,343,32" oya="2" hai0="62,56,5,121,97,81,51,33,71,4,109,98,65" hai1="14,90,27,60,43,67,68,13,83,26,80,88,116" hai2="105,75,53,135,63,82,101,46,8,70,45,2,41" hai3="99,6,11,16,93,50,78,42,38,25,119,54,84"/><V110/><F135/><W55/><G119/><T69/><D109/><U0/><E0/><V7/><F110/><W9/><G38/><T40/><D121/><U30/><E116/><V79/><F53/><W122/><G122/><T128/><D128/><U117/><E117/><V58/><F58/><W17/><G42/><T12/><D33/><U28/><E43/><V73/><F46/><W86/><G78/><T118/><D118/><U106/><E68/><V125/><F125/><W104/><G104/><T19/><D69/><U32/><E32/><V96/><F73/><W72/><G72/><T111/><D111/><U91/><E106/><V115/><F115/><W23/><G17/><T49/><D81/><N who="1" m="31307" /><E60/><V131/><F131/><W29/><G55/><T76/><D76/><U100/><E100/><V102/><F102/><W129/><G29/><N who="1" m="11370" /><E67/><N who="2" m="41343" /><F45/><W120/><G120/><T10/><D71/><U133/><E133/><V95/><F95/><W37/><G37/><T22/><D4/><U52/><E52/><V87/><F87/><W24/><G129/><T74/><D74/><U36/><E36/><V48/><F48/><N who="0" m="18506" /><D40/><U94/><E94/><V64/><F64/><W108/><G108/><T3/><D3/><U61/><E61/><V59/><F59/><N who="3" m="33239" /><G86/><T44/><D44/><U20/><E20/><V66/><F66/><W126/><G84/><T1/><D1/><U15/><AGARI ba="1,0" hai="13,14,15,26,27,88,90,91" m="11370,31307" machi="15" ten="40,8000,1" yaku="28,2,8,1,54,1" doraHai="103" who="1" fromWho="1" sc="502,-21,123,83,343,-41,32,-21" /><INIT seed="3,0,0,5,0,107" ten="481,206,302,11" oya="3" hai0="79,54,135,99,96,106,102,85,47,55,125,123,2" hai1="57,12,87,39,61,20,94,21,6,92,43,3,108" hai2="26,86,58,42,134,103,25,81,64,59,124,84,117" hai3="110,13,24,52,16,48,89,82,65,120,116,36,28"/><W27/><G116/><T53/><D123/><U44/><E108/><V70/><F117/><W50/><G120/><T49/><D125/><U111/><E111/><V66/><F124/><W76/><G110/><T98/><D135/><U56/><E56/><N who="2" m="21547" /><F134/><W109/><G109/><T40/><D2/><U113/><E113/><V46/><F70/><W74/><G36/><T105/><D105/><U22/><E12/><V62/><F103/><W90/><G65/><N who="2" m="25193" /><F62/><W11/><G27/><N who="2" m="10249" /><F81/><W41/><G41/><T1/><D1/><U115/><E87/><V101/><F101/><W75/><G75/><T30/><D30/><U45/><E21/><V77/><F77/><W91/><REACH who="3" step="1"/><G52/><REACH who="3" ten="481,206,302,1" step="2"/><T38/><D38/><U132/><E43/><V34/><F34/><AGARI ba="0,1" hai="11,13,16,24,28,34,48,50,74,76,82,89,90,91" machi="34" ten="40,12000,1" yaku="1,1,2,1,52,1,54,1,53,0" doraHai="107" doraHaiUra="33" who="3" fromWho="2" sc="481,0,206,0,302,-120,1,130" /><INIT seed="3,1,0,5,2,122" ten="481,206,182,131" oya="3" hai0="129,26,83,114,40,76,42,131,82,100,27,28,62" hai1="19,110,132,84,130,81,134,107,70,24,94,104,118" hai2="57,97,60,45,47,73,22,32,85,55,87,68,77" hai3="79,98,80,75,20,31,78,124,102,113,121,51,95"/><W37/><G37/><T123/><D123/><U12/><E70/><V105/><F32/><W56/><G121/><T33/><D114/><U10/><E110/><V0/><F73/><W125/><G113/><T67/><D100/><U50/><E130/><N who="0" m="49673" /><D26/><U119/><E94/><V109/><F0/><W41/><G79/><T91/><D91/><N who="1" m="51599" /><E50/><V115/><F109/><W11/><G11/><T2/><D2/><U35/><E35/><V63/><F115/><W133/><G133/><N who="1" m="51306" /><E24/><V15/><F105/><AGARI ba="1,0" hai="10,12,19,104,105,107,118,119" m="51306,51599" machi="105" ten="30,1000,0" yaku="20,1" doraHai="122" who="1" fromWho="2" sc="481,0,206,13,182,-13,131,0" owari="481,58.1,219,1.9,169,-23.1,131,-36.9" /></mjloggm>