<mjloggm ver="2.3"><GO type="225" lobby="0"/><UN n0="%E3%82%BC%E3%83%AB%E3%83%80%E3%81%AE%E4%BC%9D%E8%AA%AC" n1="%E3%83%97%E3%83%AC%E3%83%B4%E3%82%A1%E3%83%86%E3%82%A3" n2="%28%EF%BF%A3%E2%96%BD%EF%BF%A3%29%CE%B4%E2%8C%92%E3%83%BB" n3="%EF%BC%AE%EF%BC%A1%EF%BC%AF%33%33%39" dan="17,16,16,16" rate="2252.67,2171.92,2134.73,2046.37" sx="M,F,M,M"/><TAIKYOKU oya="0"/><INIT seed="0,0,0,3,3,13" ten="250,250,250,250" oya="0" hai0="49,98,20,47,113,103,108,124,92,15,77,129,54" hai1="81,14,46,52,133,10,95,4,70,8,68,30,2" hai2="21,32,89,119,23,104,82,51,122,93,29,63,38" hai3="84,130,115,97,72,102,12,58,11,22,99,7,76"/><T106/><D113/><U43/><E133/><V19/><F38/><W90/><G115/><T125/><D129/><U88/><E30/><V131/><F104/><W94/><G130/><T79/><D108/><U85/><E95/><V37/><F37/><W96/><G72/><T83/><D106/><U78/><E78/><V16/><F131/><W127/><G127/><N who="0" m="48715" /><D83/><U65/><E65/><V123/><F119/><W101/><G76/><T105/><D105/><U1/><E1/><V132/><F132/><W135/><G135/><T44/><D44/><U59/><E43/><V69/><F32/><W9/><G9/><T34/><D34/><U45/><E45/><V75/><F29/><W53/><REACH who="3" step="1"/><G22/><REACH who="3" ten="250,250,250,240" step="2"/><T35/><D35/><U107/><E107/><V86/><F75/><W31/><G31/><T87/><D20/><U74/><E74/><V42/><F23/><W66/><G66/><T126/><D126/><U67/><E67/><V55/><F21/><W3/><G3/><T40/><D77/><U39/><E39/><V60/><F123/><W117/><G117/><T24/><D79/><U64/><E64/><V25/><F122/><W27/><G27/><T62/><D24/><U118/><E118/><V6/><F25/><W41/><G41/><T121/><D121/><U18/><REACH who="1" step="1"/><E46/><REACH who="1" ten="250,240,250,240" step="2"/><N who="2" m="28151" /><F42/><W114/><G114/><T110/><D40/><U73/><E73/><V112/><F112/><W91/><G91/><T57/><D47/><U33/><E33/><V111/><F89/><W128/><G128/><T109/><D109/><U0/><E0/><V56/><F111/><W116/><G116/><RYUUKYOKU ba="0,2" sc="250,-15,240,15,250,-15,240,15" hai1="2,4,8,10,14,18,52,59,68,70,81,85,88" hai3="7,11,12,53,58,84,90,94,96,97,99,101,102" /><INIT seed="1,1,2,1,0,133" ten="235,255,235,255" oya="1" hai0="1,103,67,38,2,87,16,33,107,7,83,18,71" hai1="134,64,104,26,5,92,9,98,114,11,53,41,15" hai2="121,63,20,60,24,68,45,95,88,10,128,115,59" hai3="135,66,105,44,122,46,89,119,77,110,112,91,130"/><U21/><E134/><V106/><F106/><W109/><G135/><T132/><D132/><U4/><E104/><V94/><F121/><W43/><G105/><T86/><D38/><U80/><E114/><V31/><F115/><W85/><G112/><T29/><D107/><U56/><E41/><V96/><F128/><W81/><G122/><T84/><D103/><U58/><E80/><V25/><F68/><W48/><G130/><T124/><D83/><U70/><E70/><V62/><F10/><N who="1" m="3593" /><E64/><V99/><F25/><W30/><G30/><T50/><D7/><N who="1" m="2635" /><E15/><V23/><F23/><W54/><G66/><T73/><D73/><U79/><E53/><V97/><F45/><W69/><G69/><T27/><D67/><U72/><E79/><V131/><F131/><W14/><G14/><T127/><D71/><U101/><E72/><V90/><REACH who="2" step="1"/><F59/><REACH who="2" ten="235,255,225,255" step="2"/><W28/><G46/><T19/><REACH who="0" step="1"/><D50/><REACH who="0" ten="225,255,225,255" step="2"/><U65/><E65/><V32/><F32/><W116/><G48/><T47/><D47/><U3/><E3/><AGARI ba="1,4" hai="1,2,3,16,18,19,27,29,33,84,86,87,124,127" machi="3" ten="50,8000,1" yaku="1,1,52,2,54,1,53,0" doraHai="133" doraHaiUra="118" who="0" fromWho="1" sc="225,123,255,-83,225,0,255,0" /><INIT seed="2,0,0,4,1,12" ten="348,172,225,255" oya="2" hai0="35,77,22,54,43,124,105,48,16,80,88,45,38" hai1="33,34,49,50,2,58,112,25,5,127,13,84,26" hai2="109,59,98,134,17,135,36,63,57,8,93,47,68" hai3="130,89,129,99,126,4,92,44,65,94,82,73,32"/><V46/><F68/><W72/><G32/><T86/><D35/><U132/><E112/><V101/><F109/><W107/><G65/><T114/><D124/><U20/><E127/><V96/><F96/><W9/><G44/><T122/><D122/><U39/><E39/><V121/><F121/><W11/><G11/><T128/><D128/><N who="3" m="49257" /><G126/><T64/><D114/><U53/><E132/><N who="2" m="50731" /><F36/><W118/><G118/><T10/><D105/><U52/><E2/><V18/><F8/><W7/><G7/><T76/><D64/><U30/><E5/><V67/><F59/><W24/><G24/><T42/><D10/><U133/><E133/><V40/><F40/><N who="0" m="15402" /><D38/><U120/><E120/><V91/><F101/><N who="3" m="62911" /><G9/><T102/><D102/><U75/><E75/><N who="3" m="28746" /><G4/><T51/><D51/><U95/><E13/><AGARI ba="0,0" hai="13,16,22,45,48,54,76,77,80,86,88" m="15402" machi="13" ten="30,7700,0" yaku="8,1,52,1,54,2" doraHai="12" who="0" fromWho="1" sc="348,77,172,-77,225,0,255,0" /><INIT seed="3,0,0,0,2,87" ten="425,95,225,255" oya="3" hai0="91,62,54,98,131,3,77,99,44,55,79,47,10" hai1="33,125,21,30,49,69,9,121,24,28,126,92,35" hai2="101,85,109,19,96,23,2,67,40,58,113,38,57" hai3="34,118,105,18,66,13,70,114,129,119,68,108,64"/><W78/><G105/><T29/><D131/><U83/><E69/><N who="3" m="26730" /><G34/><T4/><D29/><U32/><E49/><V117/><F2/><W22/><G78/><T110/><D10/><U1/><E83/><V97/><F113/><W14/><G22/><T51/><D51/><U17/><E92/><V7/><F7/><W65/><G18/><T88/><D62/><U120/><E1/><V81/><F117/><N who="3" m="44555" /><G114/><T134/><D3/><U104/><E104/><V42/><F109/><W11/><G11/><T72/><D110/><U80/><E80/><V60/><F58/><W56/><G108/><T112/><D112/><U6/><E6/><V122/><F122/><W111/><G111/><T45/><D4/><U61/><E61/><V86/><F86/><W116/><G116/><T52/><D72/><U63/><E63/><V103/><F96/><W107/><G107/><T84/><D84/><U15/><REACH who="1" step="1"/><E30/><REACH who="1" ten="425,85,225,255" step="2"/><V59/><F60/><W95/><G95/><T27/><D79/><U25/><E25/><V82/><F81/><W16/><G65/><T37/><D27/><U31/><E31/><V5/><F82/><W90/><G64/><T127/><D77/><U130/><E130/><V135/><F67/><W102/><G129/><T128/><D128/><U89/><E89/><V115/><F5/><W123/><G90/><T132/><D91/><U43/><E43/><V133/><F42/><W48/><G66/><T75/><D88/><U20/><E20/><V71/><F23/><W0/><G0/><T50/><D50/><U93/><E93/><V94/><F40/><W39/><G48/><RYUUKYOKU ba="0,1" sc="425,-10,85,30,225,-10,255,-10" hai1="9,15,17,21,24,28,32,33,35,120,121,125,126" owari="425,52.5,115,-38.5,215,-18.5,245,4.5" /></mjloggm>