<mjloggm ver="2.3"><GO type="225" lobby="0"/><UN n0="%E6%81%A5%E6%99%92%E3%81%97" n1="%70%6E%64%73%6E%67" n2="%E9%80%86%E9%80%A3%E5%B8%AF%E3%81%AE%E9%AC%BC" n3="%E3%81%A4%E3%81%A3%E3%81%B1%E3%82%8A%E3%83%9D%E3%83%BC%E3%83%AB" dan="16,16,17,16" rate="2124.88,2105.93,2181.61,2091.67" sx="M,M,M,M"/><TAIKYOKU oya="0"/><INIT seed="0,0,0,5,3,133" ten="250,250,250,250" oya="0" hai0="77,116,18,73,121,57,2,117,100,71,122,92,59" hai1="25,21,55,13,72,63,108,35,109,32,98,105,48" hai2="31,19,60,45,11,91,97,70,4,80,102,58,12" hai3="24,126,26,114,96,87,112,103,79,84,51,27,131"/><T9/><D71/><U89/><E72/><V29/><F70/><W75/><G131/><T128/><D57/><N who="1" m="35263" /><E13/><V50/><F4/><W40/><G75/><T78/><D59/><U85/><E105/><V22/><F22/><W3/><G3/><T15/><D128/><U130/><E48/><V124/><F124/><W111/><G111/><N who="1" m="42570" /><E130/><V95/><F80/><W68/><G68/><T94/><D2/><U62/><E62/><V66/><REACH who="2" step="1"/><F102/><REACH who="2" ten="250,250,240,250" step="2"/><W36/><G126/><T90/><D100/><U65/><E35/><V23/><F23/><W99/><G103/><T52/><D121/><U76/><E32/><V74/><F74/><W61/><G114/><T86/><D73/><U42/><E76/><V30/><F30/><W38/><G79/><T34/><D122/><U47/><E21/><V56/><F56/><W129/><G112/><T7/><D34/><U67/><E25/><V83/><F83/><W39/><G129/><T5/><D78/><U69/><E69/><V6/><F6/><N who="0" m="2058" /><D77/><U118/><E118/><V81/><F81/><W16/><G26/><T46/><D116/><U28/><E28/><V1/><F1/><W101/><G27/><T10/><D117/><U113/><E113/><V64/><F64/><W41/><G24/><T123/><D123/><U115/><E115/><V93/><F93/><W120/><G120/><T37/><D9/><U8/><E8/><V14/><F14/><W33/><G33/><T135/><D94/><U134/><E67/><V53/><AGARI ba="0,1" hai="11,12,19,29,31,45,50,53,58,60,66,91,95,97" machi="53" ten="20,8000,1" yaku="1,1,0,1,7,1,8,1,53,1" doraHai="133" doraHaiUra="49" who="2" fromWho="2" sc="250,-40,250,-20,240,90,250,-20" /><INIT seed="1,0,0,2,0,9" ten="210,230,330,230" oya="1" hai0="0,102,72,116,100,117,18,28,124,123,36,60,15" hai1="48,71,76,29,126,40,12,5,119,62,73,98,87" hai2="109,66,131,122,95,49,61,93,112,22,46,37,4" hai3="77,127,52,90,118,50,108,86,79,81,47,14,120"/><U110/><E119/><V27/><F122/><W35/><G120/><T135/><D123/><U26/><E73/><V21/><F112/><W34/><G118/><T6/><D36/><U11/><E126/><V92/><F131/><W20/><G127/><T43/><D124/><U106/><E110/><V80/><F37/><W16/><REACH who="3" step="1"/><G108/><REACH who="3" ten="210,230,330,220" step="2"/><T30/><D116/><U107/><E107/><V83/><F109/><W33/><AGARI ba="0,1" hai="14,16,20,33,34,35,47,50,52,77,79,81,86,90" machi="33" ten="30,12000,2" yaku="1,1,2,1,0,1,52,1,54,2,53,0" doraHai="9" doraHaiUra="25" who="3" fromWho="3" sc="210,-30,230,-60,330,-30,220,130" /><INIT seed="2,0,0,4,2,133" ten="180,170,300,350" oya="2" hai0="113,86,58,21,60,9,11,13,3,91,97,83,0" hai1="94,129,74,84,22,72,130,105,37,124,114,68,100" hai2="78,19,67,80,85,47,20,65,75,33,64,34,12" hai3="50,104,119,93,55,52,28,4,35,117,103,73,107"/><V96/><F96/><W122/><G73/><T1/><D113/><U30/><E68/><V45/><REACH who="2" step="1"/><F75/><REACH who="2" ten="180,170,290,350" step="2"/><W89/><G119/><T10/><D97/><U135/><E74/><V132/><F132/><W2/><G117/><T41/><D0/><U29/><E72/><V70/><F70/><W15/><G2/><T40/><D1/><U46/><E135/><V51/><F51/><W63/><G50/><T98/><D98/><U109/><E114/><V36/><F36/><W71/><G71/><T32/><D3/><U49/><E37/><V25/><F25/><W115/><G115/><T82/><D32/><AGARI ba="0,1" hai="12,19,20,32,33,34,45,47,64,65,67,78,80,85" machi="32" ten="40,2000,0" yaku="1,1,53,0" doraHai="133" doraHaiUra="123" who="2" fromWho="0" sc="180,-20,170,0,290,30,350,0" /><INIT seed="2,1,0,2,0,29" ten="160,170,320,350" oya="2" hai0="119,10,111,83,14,72,54,17,81,131,70,33,89" hai1="62,21,0,26,27,103,78,19,42,3,58,20,36" hai2="39,31,46,49,8,23,128,52,68,16,126,34,53" hai3="66,132,87,92,73,118,74,24,125,112,13,2,86"/><V117/><F117/><W121/><G2/><T67/><D119/><U6/><E78/><V45/><F128/><W82/><G118/><T85/><D131/><U90/><E103/><V1/><F126/><W84/><G121/><T79/><D111/><U59/><E42/><V130/><F130/><W88/><G125/><T113/><D113/><U11/><E36/><V124/><F68/><W9/><G112/><T134/><D134/><U96/><E3/><V47/><F124/><W104/><G104/><T97/><D54/><U115/><E115/><V18/><F39/><W120/><G120/><T98/><REACH who="0" step="1"/><D33/><REACH who="0" ten="150,170,320,350" step="2"/><U127/><E127/><V7/><F53/><W129/><G132/><T106/><D106/><U32/><E32/><V50/><F34/><W55/><G55/><T76/><D76/><U38/><E38/><V122/><F122/><W109/><G109/><T71/><D71/><U60/><E58/><V114/><F114/><W123/><G123/><T28/><D28/><U65/><E59/><V22/><F31/><W110/><G110/><T40/><D40/><U69/><E69/><V51/><F52/><W43/><G43/><T116/><D116/><U94/><E65/><V102/><F102/><W133/><G66/><T30/><D30/><AGARI ba="1,1" hai="0,6,11,19,20,21,26,27,30,60,62,90,94,96" machi="30" ten="30,1000,0" yaku="7,1" doraHai="29" who="1" fromWho="0" sc="150,-13,170,23,320,0,350,0" /><INIT seed="3,0,0,0,3,62" ten="137,193,320,350" oya="3" hai0="90,116,113,47,73,20,68,30,115,38,96,71,74" hai1="28,25,15,14,2,26,9,33,66,50,84,52,64" hai2="49,22,48,4,81,98,70,55,11,5,18,60,120" hai3="105,114,8,13,57,32,134,86,118,65,91,124,88"/><W122/><G122/><T34/><D116/><U111/><E2/><V23/><F120/><W45/><G118/><T24/><D20/><N who="1" m="15399" /><E111/><V69/><F98/><W117/><G105/><T129/><D129/><U72/><E72/><V127/><F127/><W36/><G32/><T54/><D96/><U108/><E33/><V130/><F130/><W109/><G117/><T76/><D90/><U100/><E26/><V10/><F81/><W59/><G114/><T12/><D12/><U92/><E108/><V125/><F125/><W107/><G107/><T75/><D76/><U16/><E15/><V41/><F60/><N who="3" m="38031" /><G124/><T126/><D126/><U58/><E100/><V21/><F18/><N who="3" m="8487" /><G36/><T77/><D77/><U82/><E92/><V110/><F110/><W0/><G0/><T119/><D119/><U53/><E53/><V39/><F39/><W51/><G59/><T61/><D54/><U79/><AGARI ba="0,0" hai="9,14,16,50,52,58,64,66,79,82,84" m="15399" machi="79" ten="30,8000,1" yaku="8,1,52,2,54,2" doraHai="62" who="1" fromWho="1" sc="137,-20,193,80,320,-20,350,-40" owari="117,-38.3,273,-12.7,300,10.0,310,41.0" /></mjloggm>