<mjloggm ver="2.3"><GO type="225" lobby="0"/><UN n0="%6D%75%75%6D%75%72%61" n1="%E3%81%82%E3%81%99%E3%81%AB%E3%82%83%E3%82%80" n2="%E7%B4%94%E6%BD%94%E3%83%94%E3%83%A9%E3%83%8B%E3%82%A2" n3="%E3%81%B8%E3%82%80%E3%81%B8%E3%82%80%EF%BC%92%E5%8F%B7" dan="16,16,18,16" rate="2141.92,2171.94,2305.14,2089.85" sx="F,F,M,M"/><TAIKYOKU oya="0"/><INIT seed="0,0,0,1,3,78" ten="250,250,250,250" oya="0" hai0="135,48,39,65,12,37,84,82,127,88,61,73,43" hai1="93,83,113,26,125,76,14,55,92,69,33,107,34" hai2="102,68,110,106,54,104,6,100,5,99,8,124,66" hai3="30,131,51,119,75,85,7,112,46,50,91,132,96"/><T52/><D73/><U122/><E107/><V56/><F110/><W49/><G112/><T17/><D127/><U4/><E113/><V77/><F124/><W38/><G119/><T58/><D135/><U72/><E125/><V98/><F68/><W40/><G132/><T31/><D31/><U25/><E69/><V121/><F121/><W120/><G120/><T59/><D43/><U116/><E116/><V28/><F66/><W45/><G75/><T103/><D103/><U80/><E122/><V97/><F97/><W22/><G7/><T27/><D27/><U3/><E3/><V42/><F42/><W9/><G9/><AGARI ba="0,0" hai="9,12,17,37,39,48,52,58,59,61,65,82,84,88" machi="9" ten="30,11600,0" yaku="7,1,52,1,54,2" doraHai="78" who="0" fromWho="3" sc="250,116,250,0,250,0,250,-116" /><INIT seed="0,1,0,3,3,29" ten="366,250,250,134" oya="0" hai0="28,96,4,129,117,75,81,74,95,38,121,62,102" hai1="30,7,68,41,26,82,14,45,70,37,80,13,99" hai2="110,22,108,20,0,134,89,2,34,125,128,15,109" hai3="54,32,52,104,113,60,84,127,118,88,135,67,83"/><T100/><D117/><U120/><E120/><V72/><F72/><W43/><G118/><T97/><D38/><U87/><E99/><V94/><F125/><W63/><G113/><T19/><D121/><U40/><E40/><V71/><F71/><W47/><G127/><T78/><D129/><U92/><E92/><V56/><F128/><W64/><G104/><T119/><D119/><U114/><E114/><V39/><F39/><W24/><G135/><T116/><D116/><U103/><E103/><V33/><F56/><W11/><G11/><T5/><D74/><U1/><E1/><N who="2" m="619" /><F134/><W111/><G111/><T35/><D19/><U48/><E37/><V21/><F15/><W124/><G124/><T42/><D62/><U3/><E14/><V79/><F79/><W93/><G83/><T115/><D42/><U91/><E82/><V122/><F122/><W66/><G60/><T76/><D76/><U69/><E3/><V90/><F94/><W106/><G63/><T58/><D58/><U10/><REACH who="1" step="1"/><E69/><REACH who="1" ten="366,240,250,134" step="2"/><V51/><F51/><W50/><REACH who="3" step="1"/><G106/><REACH who="3" ten="366,240,250,124" step="2"/><T49/><D115/><U133/><E133/><V101/><F101/><W12/><G12/><T55/><D102/><U85/><E85/><V86/><F86/><W36/><G36/><T27/><D96/><U8/><E8/><V131/><F131/><W44/><G44/><T9/><D9/><U73/><E73/><V16/><F89/><W77/><G77/><T132/><D132/><U98/><E98/><V130/><F90/><W105/><G105/><T25/><D97/><U31/><E31/><AGARI ba="1,2" hai="24,31,32,43,47,50,52,54,64,66,67,84,88,93" machi="31" ten="40,8000,1" yaku="1,1,52,1,54,2,53,0" doraHai="29" doraHaiUra="57" who="3" fromWho="1" sc="366,0,240,-83,250,0,124,103" /><INIT seed="1,0,0,1,1,60" ten="366,157,250,227" oya="1" hai0="122,48,55,98,23,135,50,56,5,73,119,9,18" hai1="29,69,71,132,79,87,67,82,41,107,93,96,45" hai2="53,22,14,103,131,47,78,4,128,26,61,114,84" hai3="117,35,89,91,1,11,133,106,52,77,58,21,57"/><U95/><E132/><V40/><F103/><W108/><G35/><T88/><D119/><U64/><E69/><V126/><F114/><W121/><G121/><T94/><D73/><U109/><E109/><V43/><F126/><W100/><G108/><T63/><D135/><U59/><E71/><V0/><F0/><W92/><G133/><T6/><D122/><U36/><E29/><V127/><F127/><W12/><G77/><T25/><D5/><U74/><E59/><N who="2" m="35055" /><F14/><AGARI ba="0,0" hai="6,9,14,18,23,25,48,50,55,56,63,88,94,98" machi="14" ten="30,8000,1" yaku="7,1,25,2,8,1,54,1" doraHai="60" who="0" fromWho="2" sc="366,80,157,0,250,-80,227,0" /><INIT seed="2,0,0,3,2,69" ten="446,157,170,227" oya="2" hai0="0,49,2,21,84,125,112,113,44,60,114,29,104" hai1="61,15,66,130,48,31,46,55,40,103,9,77,8" hai2="35,51,105,108,63,129,79,88,89,50,53,5,73" hai3="83,78,96,70,57,4,13,71,110,42,87,100,41"/><V28/><F105/><W122/><G122/><T32/><D104/><U16/><E130/><V134/><F129/><W76/><G76/><T64/><D32/><U62/><E31/><V109/><F5/><W18/><G110/><N who="2" m="42601" /><F134/><W99/><G4/><T102/><D125/><U30/><E30/><V90/><F63/><W74/><G74/><T107/><D84/><U65/><E77/><V3/><F3/><W38/><G57/><T72/><D72/><U23/><E103/><V14/><F14/><W116/><G116/><T86/><D86/><U59/><REACH who="1" step="1"/><E40/><REACH who="1" ten="446,147,170,227" step="2"/><V52/><F79/><W39/><G42/><T124/><D124/><U54/><E54/><N who="2" m="21099" /><F73/><W1/><G41/><T24/><D0/><U92/><E92/><V101/><F101/><W19/><G1/><T56/><D2/><U123/><E123/><V6/><F6/><W75/><G75/><T117/><D117/><U34/><E34/><V81/><F81/><W127/><G127/><T68/><D102/><U98/><E98/><V22/><F35/><W93/><G99/><T94/><D94/><U97/><E97/><V7/><F7/><W20/><G19/><T45/><D107/><U120/><E120/><V67/><F67/><W132/><G96/><T36/><D64/><U12/><E12/><V58/><F58/><AGARI ba="0,1" hai="8,9,15,16,23,46,48,55,58,59,61,62,65,66" machi="58" ten="30,12000,2" yaku="1,1,7,1,9,1,8,1,54,1,53,1" doraHai="69" doraHaiUra="11" who="1" fromWho="2" sc="446,0,147,130,170,-120,227,0" /><INIT seed="3,0,0,5,2,4" ten="446,277,50,227" oya="3" hai0="72,35,31,45,107,57,120,77,95,54,8,135,108" hai1="106,44,70,15,52,18,125,75,41,134,3,88,130" hai2="25,73,32,33,119,71,63,65,101,94,79,131,84" hai3="39,58,27,83,103,123,99,21,68,98,9,115,2"/><W5/><G115/><T85/><D107/><U37/><E3/><V81/><F119/><W113/><G68/><T60/><D120/><U104/><E134/><V89/><F131/><W62/><G113/><T100/><D135/><U86/><E75/><V56/><F25/><W127/><G127/><T7/><D72/><U118/><E130/><V11/><F32/><W24/><G39/><T78/><D108/><U114/><E114/><V128/><F33/><W74/><G123/><T17/><D35/><U38/><E38/><V20/><F20/><W96/><G103/><T14/><D31/><U22/><E70/><V55/><F128/><W1/><G1/><T90/><D100/><U34/><E34/><V6/><F71/><W93/><G93/><T51/><D7/><U49/><E125/><V47/><F47/><W36/><G36/><T92/><D92/><U42/><E42/><AGARI ba="0,0" hai="8,14,17,42,45,51,54,57,60,77,78,85,90,95" machi="42" ten="30,3900,0" yaku="7,1,8,1,52,1" doraHai="4" who="0" fromWho="1" sc="446,39,277,-39,50,0,227,0" owari="485,58.5,238,3.8,50,-45.0,227,-17.3" /></mjloggm>