<mjloggm ver="2.3"><GO type="225" lobby="0"/><UN n0="%E6%B0%B7%E5%B7%9D%E9%87%8C%E5%A5%88" n1="%E6%B4%BE%E9%81%A3%E3%81%AE%E3%82%B8%E3%83%A3%E3%83%83%E3%82%AF" n2="%E5%8D%A0%E3%81%84%E5%B8%AB%E8%A3%8F%E3%81%AA%E3%81%84%E3%81%97" n3="%E3%81%86%E3%81%A9%E3%82%93%E3%81%93" dan="16,17,16,16" rate="2163.70,2213.69,2147.49,2124.07" sx="F,M,M,M"/><TAIKYOKU oya="0"/><INIT seed="0,0,0,0,4,43" ten="250,250,250,250" oya="0" hai0="34,122,91,118,28,124,81,63,54,44,4,19,46" hai1="117,31,111,42,20,112,6,33,126,45,100,78,102" hai2="9,77,8,15,108,29,64,21,62,3,80,135,56" hai3="86,70,94,60,96,55,84,5,87,104,13,90,71"/><T129/><D118/><U93/><E117/><V22/><F108/><W50/><G104/><T35/><D122/><U41/><E111/><V0/><F135/><W88/><G90/><T16/><D124/><U121/><E121/><V39/><F39/><W85/><N who="3" m="21504" /><DORA hai="130" /><W99/><G99/><T113/><D113/><U128/><E128/><V68/><F68/><W107/><G107/><T82/><D129/><U115/><E33/><V53/><F64/><W79/><G79/><T69/><D4/><U116/><E116/><V75/><F9/><W65/><G5/><T106/><D106/><U105/><E105/><V131/><F131/><W83/><G13/><T89/><D54/><U95/><E6/><V134/><F134/><W119/><G119/><T103/><D63/><U52/><E126/><V11/><F11/><W98/><G98/><T7/><D7/><U2/><E2/><V47/><F8/><W67/><G67/><T92/><D28/><U24/><E78/><V12/><F29/><W58/><REACH who="3" step="1"/><G83/><REACH who="3" ten="250,250,250,240" step="2"/><T61/><D92/><N who="1" m="35403" /><E115/><V23/><F0/><W49/><G49/><T72/><D61/><U66/><E66/><V101/><F3/><W133/><G133/><T30/><D103/><N who="1" m="39467" /><E112/><V114/><F101/><W37/><G37/><T123/><D123/><U10/><E10/><V73/><F114/><W127/><G127/><T132/><D132/><U32/><E32/><V51/><REACH who="2" step="1"/><F75/><REACH who="2" ten="250,250,240,240" step="2"/><W25/><G25/><T76/><D72/><U17/><E24/><V109/><F109/><W36/><G36/><T125/><D125/><U27/><E27/><V48/><F48/><RYUUKYOKU ba="0,2" sc="250,-15,250,-15,240,15,240,15" hai2="12,15,21,22,23,47,51,53,56,62,73,77,80" hai3="50,55,58,60,65,70,71,88,94,96" /><INIT seed="1,1,2,0,3,64" ten="235,235,255,255" oya="1" hai0="72,63,79,84,52,49,36,31,20,54,66,116,43" hai1="46,92,87,10,56,33,118,18,135,131,103,71,62" hai2="55,11,99,74,40,114,97,101,104,77,129,50,30" hai3="9,34,94,35,81,2,126,44,105,80,19,90,29"/><U134/><E118/><V53/><F129/><W57/><G105/><T106/><D116/><U127/><E127/><V130/><F130/><W47/><G126/><T112/><D112/><U0/><E131/><V6/><F114/><W60/><G34/><T108/><D108/><U93/><E33/><V51/><F30/><W132/><G132/><N who="1" m="50730" /><E46/><N who="3" m="17450" /><G2/><T37/><D106/><U117/><E117/><V16/><F40/><W95/><G29/><T25/><D72/><U65/><E103/><V68/><F68/><W7/><G7/><T110/><D110/><U26/><E87/><V75/><F104/><W113/><G35/><T27/><D43/><U69/><E0/><V111/><F6/><W32/><G32/><T125/><D125/><U70/><E10/><V82/><F111/><W73/><G73/><T89/><D79/><U28/><E28/><V17/><F77/><W12/><G113/><T78/><D78/><U3/><E3/><V41/><F41/><W98/><G95/><T133/><D133/><U67/><E67/><AGARI ba="1,2" hai="9,12,19,57,60,67,80,81,90,94,98" m="17450" machi="67" ten="30,1000,0" yaku="8,1" doraHai="64" who="3" fromWho="1" sc="235,0,235,-13,255,0,255,33" /><INIT seed="2,0,0,1,1,54" ten="235,222,255,288" oya="2" hai0="89,17,45,0,95,30,24,80,63,131,44,100,29" hai1="71,31,61,81,115,99,20,75,49,117,68,46,2" hai2="10,43,23,116,110,55,8,93,14,74,113,73,38" hai3="107,32,26,87,108,19,135,134,22,48,78,130,69"/><V84/><F113/><W65/><G107/><T33/><D131/><U104/><E115/><V91/><F116/><W120/><G120/><T15/><D0/><U58/><E2/><V53/><F38/><W7/><G130/><T12/><D30/><U57/><E117/><V52/><F43/><W56/><G108/><T83/><D100/><U21/><E104/><V132/><F132/><N who="3" m="50731" /><G7/><T5/><D5/><U60/><E99/><V51/><F110/><W129/><G32/><T28/><D28/><U67/><E81/><V92/><F73/><W96/><G96/><T66/><D80/><U77/><E77/><V106/><F74/><W119/><G119/><T105/><D83/><U42/><E75/><V123/><F123/><W102/><G102/><T111/><D12/><U109/><E109/><V72/><F72/><W124/><G124/><T13/><D13/><U64/><E21/><V18/><F106/><W34/><G34/><T36/><D36/><U40/><E40/><V88/><F51/><W1/><G1/><T39/><D39/><U101/><E101/><V82/><F82/><N who="3" m="47575" /><G129/><T112/><D112/><U133/><E133/><V94/><F94/><W86/><G86/><AGARI ba="0,0" hai="8,10,14,18,23,52,53,55,84,86,88,91,92,93" machi="86" ten="40,12000,1" yaku="9,1,8,1,54,2" doraHai="54" who="2" fromWho="3" sc="235,0,222,0,255,120,288,-120" /><INIT seed="2,1,0,2,3,127" ten="235,222,375,168" oya="2" hai0="82,5,0,33,92,59,99,93,69,56,30,76,133" hai1="83,124,94,48,112,114,73,26,102,50,110,10,58" hai2="60,111,70,109,119,51,16,126,15,22,132,128,39" hai3="104,37,90,49,6,107,17,25,80,134,66,122,103"/><V27/><F119/><W85/><G37/><T101/><D69/><U88/><E124/><V7/><F39/><W46/><G122/><T19/><D133/><U72/><E110/><N who="2" m="41995" /><F126/><W135/><G6/><T20/><D0/><U1/><E26/><V61/><F132/><W35/><G66/><T42/><D5/><U78/><E73/><V32/><F70/><W29/><G104/><T34/><D42/><U12/><E1/><V79/><F79/><W63/><G63/><N who="2" m="24137" /><F51/><W28/><G28/><T117/><D117/><U91/><E50/><V9/><F32/><W87/><G103/><T71/><D71/><U100/><E91/><V57/><F57/><W55/><G107/><T67/><D67/><U53/><E102/><V89/><F89/><W4/><G4/><T36/><D36/><U41/><E100/><V120/><F120/><W45/><G45/><T64/><D64/><U121/><E121/><V43/><F43/><W98/><G98/><N who="0" m="59591" /><D34/><U52/><E41/><V8/><F8/><W54/><G54/><T108/><D108/><U14/><E53/><V11/><F11/><W74/><G74/><N who="0" m="43287" /><D33/><U47/><E47/><V21/><F21/><W77/><REACH who="3" step="1"/><G17/><REACH who="3" ten="235,222,375,158" step="2"/><T75/><D19/><U3/><E3/><V65/><F65/><W86/><G86/><T118/><D75/><U96/><E14/><V62/><F62/><W116/><G116/><T2/><D118/><U125/><E125/><V113/><F7/><AGARI ba="1,1" hai="7,10,12,48,52,58,72,78,83,88,94,96,112,114" machi="7" ten="30,3900,0" yaku="7,1,54,2" doraHai="127" who="1" fromWho="2" sc="235,0,222,52,375,-42,158,0" /><INIT seed="3,0,0,2,5,48" ten="235,274,333,158" oya="3" hai0="106,79,0,59,20,128,31,21,45,71,118,68,67" hai1="25,91,19,57,49,133,34,84,131,22,95,110,123" hai2="2,52,61,32,56,18,40,87,17,54,75,127,130" hai3="121,78,9,1,28,114,72,36,65,94,70,39,134"/><W113/><G94/><T73/><D118/><U26/><E110/><V120/><F75/><W23/><G121/><T10/><D106/><U16/><E133/><V62/><F2/><W6/><G134/><T81/><D45/><U58/><E131/><V122/><F32/><W80/><G23/><T93/><D128/><U103/><E123/><N who="2" m="47147" /><F130/><W112/><REACH who="3" step="1"/><G28/><REACH who="3" ten="235,274,333,148" step="2"/><T92/><D92/><U97/><E22/><V105/><F105/><W29/><G29/><T12/><D93/><U129/><E95/><V83/><F127/><W30/><G30/><T98/><D21/><U37/><E129/><V109/><F109/><W51/><G51/><T107/><D31/><U99/><E49/><V38/><F62/><AGARI ba="0,1" hai="1,6,9,36,39,62,65,70,72,78,80,112,113,114" machi="62" ten="40,7700,0" yaku="1,1,23,2,53,0" doraHai="48" doraHaiUra="116" who="3" fromWho="2" sc="235,0,274,0,333,-77,148,87" /><INIT seed="3,1,0,0,5,121" ten="235,274,256,235" oya="3" hai0="74,67,18,37,61,110,76,113,30,51,53,131,100" hai1="119,134,115,23,80,12,97,35,122,93,66,42,54" hai2="7,39,59,0,19,75,81,130,96,73,103,88,91" hai3="56,3,108,65,24,5,92,70,106,34,114,28,116"/><W104/><G114/><T21/><D113/><U58/><E115/><V10/><F130/><W4/><G116/><T13/><D37/><U99/><E35/><V118/><F118/><W125/><G56/><T78/><D131/><U9/><E122/><V15/><F59/><W57/><G57/><T84/><D74/><U41/><E134/><V60/><F60/><N who="3" m="40231" /><G92/><T82/><D100/><U33/><E33/><V117/><F117/><W135/><G5/><T48/><D30/><U17/><E119/><V68/><F68/><W45/><G135/><T27/><D76/><U52/><E80/><V16/><F19/><W40/><G125/><T127/><D127/><U55/><E23/><V83/><F83/><W64/><G64/><T63/><D67/><U126/><E126/><V69/><F69/><W85/><G85/><T49/><D53/><U32/><E32/><V102/><F102/><W111/><G4/><T36/><D36/><U44/><E44/><V11/><F39/><N who="3" m="21663" /><G3/><T109/><REACH who="0" step="1"/><D13/><REACH who="0" ten="225,274,256,235" step="2"/><U112/><E112/><V8/><F75/><W98/><G106/><T90/><D90/><N who="1" m="55479" /><E66/><V123/><F123/><W120/><G120/><T94/><D94/><U6/><E42/><V50/><F73/><W25/><G25/><T79/><D79/><U1/><E41/><V101/><F91/><W128/><G128/><T43/><D43/><U20/><E58/><V47/><F88/><W46/><G46/><T2/><D2/><U14/><E1/><V22/><F101/><AGARI ba="1,1" hai="24,28,34,98,101,104,108,111" m="21663,40231" machi="101" ten="30,11600,0" yaku="25,1,23,1,52,2" doraHai="121" who="3" fromWho="2" sc="225,0,274,0,256,-119,235,129" owari="225,-17.5,274,7.4,137,-36.3,364,46.4" /></mjloggm>