<mjloggm ver="2.3"><GO type="225" lobby="0"/><UN n0="%73%6C%69%63%6B%33%31%39" n1="%6D%75%75%6D%75%72%61" n2="%E3%82%BC%E3%83%AB%E3%83%80%E3%81%AE%E4%BC%9D%E8%AA%AC" n3="%E5%B8%86%E7%AB%8B%E5%A4%8F%E8%A1%A3" dan="16,17,17,16" rate="2103.31,2191.72,2248.13,2096.02" sx="M,F,M,M"/><TAIKYOKU oya="0"/><INIT seed="0,0,0,0,3,89" ten="250,250,250,250" oya="0" hai0="55,35,39,115,68,25,22,42,63,101,128,112,56" hai1="99,16,116,107,52,19,20,75,98,58,23,36,48" hai2="126,17,11,83,123,34,70,8,31,12,47,40,100" hai3="104,53,43,113,21,132,66,0,9,102,27,124,76"/><T108/><D35/><U37/><E116/><V26/><F123/><W125/><G113/><T30/><D128/><U45/><E75/><V114/><F126/><N who="3" m="48747" /><G43/><T85/><D108/><U15/><E107/><V79/><F114/><W90/><G76/><T117/><D117/><U120/><E120/><V91/><F70/><W61/><G132/><T33/><D101/><U72/><E72/><V24/><F100/><W10/><G53/><T78/><D33/><U64/><E36/><V94/><F26/><W86/><G102/><T69/><D69/><U38/><E38/><V2/><F2/><W92/><G0/><T122/><D122/><U109/><E109/><V81/><F11/><W105/><G10/><T74/><D74/><U110/><E110/><V97/><REACH who="2" step="1"/><F79/><REACH who="2" ten="250,250,240,250" step="2"/><W130/><G9/><T13/><D68/><U71/><E71/><V87/><F87/><W135/><G130/><T4/><D85/><U18/><E15/><V84/><F84/><W65/><G135/><T82/><D115/><U5/><E23/><V44/><F44/><W1/><G1/><T118/><D112/><U57/><E20/><V50/><AGARI ba="0,1" hai="8,12,17,24,31,34,40,47,50,81,83,91,94,97" machi="50" ten="20,5200,0" yaku="1,1,0,1,7,1,52,1,53,0" doraHai="89" doraHaiUra="129" who="2" fromWho="2" sc="250,-26,250,-13,240,62,250,-13" /><INIT seed="1,0,0,5,2,78" ten="224,237,302,237" oya="1" hai0="125,27,104,16,98,1,64,91,86,13,121,105,48" hai1="68,4,128,123,132,50,70,113,101,127,9,76,2" hai2="29,131,24,102,65,17,33,119,83,44,74,3,110" hai3="45,39,114,95,21,81,130,96,56,72,59,82,129"/><U15/><E113/><V118/><F3/><W35/><G35/><T12/><D1/><U46/><E123/><V28/><F110/><W8/><G114/><T80/><D121/><U10/><E128/><N who="3" m="49258" /><G8/><T85/><D125/><U63/><E127/><V90/><F131/><W122/><G122/><T6/><D64/><U7/><E132/><V111/><F111/><W69/><G69/><T43/><D98/><U73/><E101/><V100/><F29/><W92/><G21/><N who="0" m="13735" /><D105/><U36/><E36/><V47/><F65/><W89/><G95/><N who="0" m="54767" /><D104/><U115/><E115/><V135/><F135/><W79/><G81/><T32/><D6/><U124/><E124/><V62/><F83/><W54/><G54/><T52/><D43/><AGARI ba="0,0" hai="39,43,45,56,59,72,79,82,89,92,96" m="49258" machi="43" ten="30,2000,0" yaku="19,1,52,1" doraHai="78" who="3" fromWho="0" sc="224,-20,237,0,302,0,237,20" /><INIT seed="2,0,0,1,5,32" ten="204,237,302,257" oya="2" hai0="29,6,4,18,30,31,101,107,42,125,120,8,68" hai1="90,3,84,40,61,72,94,91,111,129,81,73,12" hai2="26,76,37,117,5,45,86,92,50,25,132,44,64" hai3="14,24,99,106,133,69,58,89,122,118,23,113,35"/><V39/><F117/><W9/><G118/><T75/><D68/><U13/><E111/><V20/><F132/><W70/><G122/><T59/><D120/><U56/><E129/><V85/><F64/><W74/><G74/><T98/><D125/><U1/><E40/><V36/><F5/><W130/><G35/><T7/><D75/><U53/><E73/><V19/><F76/><W47/><G133/><T54/><D42/><U114/><E114/><V83/><F83/><W33/><G33/><T43/><D43/><U79/><REACH who="1" step="1"/><E90/><REACH who="1" ten="204,227,302,257" step="2"/><V108/><F108/><W127/><G130/><T115/><D115/><U41/><E41/><V15/><F39/><W104/><G113/><T62/><REACH who="0" step="1"/><D18/><REACH who="0" ten="194,227,302,257" step="2"/><U105/><E105/><V100/><F37/><W48/><G106/><T112/><D112/><U38/><E38/><V82/><F36/><W34/><G104/><T49/><D49/><U121/><E121/><V0/><F50/><W71/><G48/><T51/><D51/><U22/><E22/><V63/><F19/><W65/><G23/><T10/><AGARI ba="0,2" hai="4,6,7,8,10,29,30,31,54,59,62,98,101,107" machi="10" ten="40,2700,0" yaku="1,1,0,1,53,0" doraHai="32" doraHaiUra="66" who="0" fromWho="0" sc="194,47,227,-7,302,-13,257,-7" /><INIT seed="3,0,0,2,2,2" ten="241,220,289,250" oya="3" hai0="22,21,62,88,63,65,53,129,39,55,95,128,117" hai1="96,0,112,5,126,52,101,14,20,8,103,7,116" hai2="35,40,110,28,121,97,132,127,133,93,69,33,109" hai3="124,1,34,25,30,3,70,102,83,58,37,114,92"/><W105/><G70/><T59/><D39/><U99/><E112/><V6/><F127/><W4/><G114/><T44/><D117/><U125/><E116/><V11/><F69/><W113/><G113/><T75/><D75/><U120/><E120/><V107/><F40/><W86/><G37/><T66/><D21/><U49/><E20/><V78/><F78/><W100/><G105/><T26/><D44/><U43/><E43/><V94/><F107/><W36/><G36/><T67/><D129/><U131/><E131/><V134/><F121/><W45/><G45/><T12/><D12/><U122/><E122/><V13/><F93/><W18/><G124/><N who="1" m="47722" /><E103/><N who="2" m="60855" /><F28/><W47/><G47/><T19/><D128/><U60/><E60/><N who="0" m="23081" /><D59/><N who="1" m="33167" /><E101/><V118/><F118/><W10/><G102/><T79/><D79/><U71/><E71/><V57/><F57/><W15/><G58/><T23/><D23/><U56/><E56/><V111/><AGARI ba="0,0" hai="6,11,13,33,35,109,110,111,132,133,134" m="60855" machi="111" ten="40,5200,0" yaku="14,1,20,1,52,1" doraHai="2" who="2" fromWho="2" sc="241,-13,220,-13,289,52,250,-26" owari="228,2.8,207,-29.3,341,44.1,224,-17.6" /></mjloggm>