<mjloggm ver="2.3"><GO type="225" lobby="0"/><UN n0="%E3%81%BF%E3%81%BF%E3%81%9A" n1="%45%6C%79%73%69%75%6D" n2="%E3%82%82%E3%81%90%E3%82%89" n3="%E8%BE%9B%E5%8F%A3%E3%82%AB%E3%83%AC%E3%83%BC%E3%83%A9%E3%82%A4%E3%82%B9" dan="16,17,17,16" rate="2108.67,2113.62,2201.60,2197.59" sx="M,F,F,M"/><TAIKYOKU oya="0"/><INIT seed="0,0,0,4,3,4" ten="250,250,250,250" oya="0" hai0="85,52,108,43,96,33,126,32,51,92,134,129,112" hai1="47,125,29,66,128,106,39,127,101,73,61,63,41" hai2="26,38,91,107,62,45,46,68,20,56,84,110,10" hai3="132,50,133,109,98,15,67,102,30,120,1,116,24"/><T42/><D112/><U87/><E87/><V35/><F107/><W64/><G116/><T115/><D115/><U111/><E111/><V34/><F110/><W100/><G1/><T59/><D108/><U60/><E73/><V74/><F68/><W21/><G109/><T89/><D126/><N who="1" m="48139" /><E29/><V123/><F74/><W75/><G75/><T55/><D129/><U49/><E128/><V118/><F123/><W119/><G119/><T97/><D134/><N who="3" m="51817" /><G120/><T65/><D32/><U48/><E101/><N who="3" m="39018" /><G98/><N who="0" m="37995" /><D33/><U93/><E93/><V17/><F118/><W40/><G15/><T11/><D65/><U22/><E22/><V90/><F35/><W94/><G94/><T53/><D11/><U57/><E106/><V124/><F34/><W3/><G3/><T5/><D5/><U72/><E72/><V76/><F124/><W44/><AGARI ba="0,0" hai="21,24,30,40,44,50,64,67" m="39018,51817" machi="44" ten="30,1100,0" yaku="20,1" doraHai="4" who="3" fromWho="3" sc="250,-5,250,-3,250,-3,250,11" /><INIT seed="1,0,0,2,4,117" ten="245,247,247,261" oya="1" hai0="26,86,69,42,24,9,50,0,28,79,99,54,120" hai1="44,7,56,93,48,71,78,13,124,3,31,128,116" hai2="126,68,96,75,87,12,34,95,55,109,62,43,108" hai3="129,134,17,29,97,18,101,94,133,115,36,19,106"/><U40/><E116/><V113/><F75/><W2/><G115/><T30/><D69/><U84/><E71/><V131/><F113/><W132/><G129/><T6/><D42/><U59/><E128/><V5/><F131/><W39/><G2/><T130/><D130/><U60/><E124/><V85/><F34/><W53/><G29/><T72/><D72/><U65/><E3/><V80/><F43/><W119/><G119/><T11/><D99/><U122/><E122/><V1/><F1/><W67/><G67/><T21/><D120/><U45/><E31/><V105/><F105/><W121/><G121/><T58/><D6/><U89/><E45/><V27/><F27/><W10/><G10/><T66/><D66/><U37/><E78/><V118/><F126/><W114/><G114/><T64/><D64/><U123/><E123/><V46/><F68/><W38/><G53/><T88/><D79/><U57/><REACH who="1" step="1"/><E37/><REACH who="1" ten="245,237,247,261" step="2"/><V61/><F118/><W73/><G73/><T74/><D0/><U23/><E23/><V135/><F46/><W112/><G112/><T102/><D74/><U82/><E82/><V49/><F80/><W35/><G35/><T83/><D102/><U41/><E41/><V92/><F109/><W107/><AGARI ba="0,1" hai="17,18,19,36,38,39,94,97,101,106,107,132,133,134" machi="107" ten="50,8000,1" yaku="0,1,29,2,20,1" doraHai="117" who="3" fromWho="3" sc="245,-20,237,-40,247,-20,261,90" /><INIT seed="2,0,0,4,5,93" ten="225,197,227,351" oya="2" hai0="66,80,78,91,13,21,87,63,54,16,38,90,70" hai1="95,123,1,24,111,118,46,98,69,82,18,28,71" hai2="120,125,62,22,117,88,134,126,59,11,57,25,129" hai3="104,84,96,27,50,102,10,113,17,0,51,122,105"/><V39/><F120/><W107/><G122/><T23/><D38/><U77/><E123/><V29/><F117/><W6/><G113/><T130/><D130/><U124/><E118/><V94/><F39/><W97/><G84/><T58/><REACH who="0" step="1"/><D23/><REACH who="0" ten="215,197,227,351" step="2"/><U81/><E111/><V73/><F129/><W34/><G34/><T116/><D116/><U4/><E124/><V47/><F134/><W132/><G132/><T110/><D110/><U41/><E69/><V12/><F126/><W65/><G107/><T55/><D55/><U44/><E71/><V42/><F125/><W49/><G65/><T30/><D30/><U35/><E35/><V7/><F73/><W9/><G105/><T14/><D14/><U127/><E28/><V43/><F47/><W8/><G104/><T135/><D135/><U103/><E127/><V106/><F106/><W72/><G0/><T33/><D33/><U32/><E32/><V100/><F59/><W5/><G9/><T89/><D89/><U83/><E1/><V61/><F100/><W56/><G10/><T115/><D115/><U131/><E131/><V36/><F36/><W92/><G8/><T60/><AGARI ba="0,1" hai="13,16,21,54,58,60,63,66,70,78,80,87,90,91" machi="60" ten="20,5200,0" yaku="1,1,0,1,7,1,54,1,53,0" doraHai="93" doraHaiUra="68" who="0" fromWho="0" sc="215,62,197,-13,227,-26,351,-13" /><INIT seed="3,0,0,3,0,65" ten="277,184,201,338" oya="3" hai0="1,76,25,90,56,78,42,17,49,9,73,117,104" hai1="118,74,22,95,41,84,48,67,83,119,96,58,24" hai2="121,7,79,10,97,98,134,135,132,30,112,53,8" hai3="19,106,15,100,60,36,111,39,18,3,32,38,110"/><W77/><G3/><T86/><D104/><U23/><E74/><V61/><F112/><W133/><G133/><T62/><D117/><N who="1" m="44555" /><E41/><V114/><F114/><W47/><G32/><T93/><D73/><U72/><E72/><V21/><F121/><W129/><G129/><T46/><D1/><U20/><E48/><V92/><F79/><W33/><G33/><T44/><D44/><U115/><E115/><V131/><F131/><W50/><G77/><T43/><D43/><U89/><E58/><N who="2" m="35023" /><F92/><W128/><G60/><T31/><D31/><N who="1" m="17799" /><E67/><V63/><F63/><W70/><G50/><T11/><D11/><N who="2" m="4138" /><F7/><W101/><G38/><T6/><D6/><U27/><E27/><AGARI ba="0,0" hai="21,27,30,97,98,132,134,135" m="4138,35023" machi="27" ten="40,1300,0" yaku="20,1" doraHai="65" who="2" fromWho="1" sc="277,0,184,-13,201,13,338,0" owari="277,7.7,171,-32.9,214,-18.6,338,43.8" /></mjloggm>