<mjloggm ver="2.3"><GO type="225" lobby="0"/><UN n0="%73%69%72%6F%75%74" n1="%E7%89%B9%E6%9D%B1%E3%81%AF%E4%B8%96%E7%95%8C%E3%82%92%E6%95%91%E3%81%86" n2="%E3%83%8F%E3%82%AC%E3%82%BF%E3%82%AB%E3%81%AE%E3%81%88%E3%81%98%E3%81%8D" n3="%4E%49%4A%49%49%52%4F" dan="16,16,16,16" rate="2039.24,2198.25,2128.91,2190.44" sx="M,M,M,M"/><TAIKYOKU oya="0"/><INIT seed="0,0,0,5,2,76" ten="250,250,250,250" oya="0" hai0="40,53,12,121,72,79,88,50,128,37,64,123,39" hai1="7,109,131,47,2,61,111,130,132,45,63,35,48" hai2="26,78,52,24,107,5,69,41,82,11,66,58,75" hai3="67,126,102,113,18,62,134,36,108,3,8,6,34"/><T23/><D128/><N who="1" m="49195" /><E35/><V122/><F107/><W65/><G113/><T30/><D64/><U22/><E2/><V74/><F122/><W20/><G108/><N who="1" m="41546" /><E7/><V124/><F41/><W127/><G134/><T87/><D79/><U25/><E22/><V31/><F75/><W15/><G36/><T54/><D72/><U106/><E106/><V112/><F124/><N who="3" m="47659" /><G34/><T86/><D40/><N who="1" m="24615" /><E25/><V81/><F81/><W94/><G62/><N who="1" m="23562" /><E47/><V68/><F26/><W16/><G18/><T99/><D30/><U60/><E60/><V43/><F24/><W28/><G28/><T120/><D50/><U118/><E118/><V125/><F31/><W44/><G44/><T4/><D37/><U116/><E116/><V13/><F74/><W129/><G129/><T101/><D39/><U104/><E104/><V115/><F125/><W32/><G32/><T133/><D101/><U84/><E84/><V98/><F98/><AGARI ba="0,0" hai="3,6,8,15,16,20,65,67,94,98,102" m="47659" machi="98" ten="30,2000,0" yaku="18,1,54,1" doraHai="76" who="3" fromWho="2" sc="250,0,250,0,250,-20,250,20" /><INIT seed="1,0,0,1,0,77" ten="250,250,230,270" oya="1" hai0="102,36,110,79,4,70,59,54,117,41,74,2,38" hai1="60,43,64,9,53,100,72,93,71,55,30,8,91" hai2="6,133,0,135,13,23,40,26,95,78,28,125,111" hai3="105,104,101,56,25,81,115,86,75,62,67,29,132"/><U120/><E120/><V48/><F78/><W37/><G37/><T27/><D102/><U32/><E72/><V21/><F95/><W73/><G132/><N who="2" m="50761" /><F48/><W112/><G75/><T88/><D27/><U109/><E100/><V94/><F94/><W123/><G73/><T116/><D38/><U106/><E106/><V118/><F40/><W131/><G131/><T46/><D110/><U108/><E43/><V22/><F118/><W121/><G121/><T89/><D70/><U20/><E55/><V65/><F65/><W87/><G87/><T76/><D76/><U66/><E66/><V61/><F61/><W134/><G134/><T63/><D117/><U114/><E53/><V113/><F113/><W24/><G123/><T122/><D116/><U127/><E114/><V19/><F125/><W92/><G25/><T39/><D39/><U15/><E127/><V82/><F82/><W80/><G112/><T42/><D42/><U90/><E90/><V57/><F57/><W1/><G115/><T98/><D98/><U128/><E128/><V14/><F111/><N who="1" m="42569" /><E93/><V97/><F97/><N who="3" m="59559" /><G104/><T126/><D126/><U51/><E51/><V34/><F0/><W52/><G1/><T5/><D2/><U50/><E50/><V11/><AGARI ba="0,0" hai="6,11,13,14,19,21,22,23,26,28,34" m="50761" machi="11" ten="30,4000,0" yaku="20,1,34,2" doraHai="77" who="2" fromWho="2" sc="250,-10,250,-20,230,40,270,-10" /><INIT seed="2,0,0,4,0,41" ten="240,230,270,260" oya="2" hai0="96,32,71,114,46,97,20,81,111,83,127,120,119" hai1="31,100,72,118,48,76,90,0,65,9,10,106,29" hai2="49,104,88,18,28,135,124,19,102,60,64,44,133" hai3="47,54,82,92,13,15,110,98,113,50,36,57,70"/><V128/><F28/><W126/><G110/><T53/><D71/><U99/><E118/><V130/><F102/><W129/><G126/><T33/><D114/><U3/><E65/><V30/><F30/><W34/><G34/><T12/><D111/><U37/><E37/><V56/><F104/><W63/><G113/><T68/><D68/><U17/><E10/><V132/><F88/><N who="3" m="55559" /><G36/><T134/><D120/><U55/><E0/><V91/><F91/><W61/><G70/><T43/><D127/><U89/><E89/><V116/><F124/><W5/><G129/><N who="2" m="49769" /><F116/><W109/><G109/><T105/><D134/><U2/><E2/><V87/><F87/><W101/><G101/><T93/><D33/><U39/><E39/><V73/><F73/><W26/><G5/><T22/><D32/><U8/><E8/><V79/><F79/><W78/><G26/><T27/><D105/><U125/><E125/><V74/><F74/><W85/><G63/><T107/><D107/><U21/><E90/><V115/><F115/><W84/><G84/><T6/><D97/><U23/><E76/><V67/><F67/><AGARI ba="0,0" hai="13,15,47,50,54,57,61,67,78,82,85" m="55559" machi="67" ten="30,3900,0" yaku="8,1,52,1,54,1" doraHai="41" who="3" fromWho="2" sc="240,0,230,0,270,-39,260,39" /><INIT seed="3,0,0,2,2,112" ten="240,230,231,299" oya="3" hai0="42,0,33,113,135,61,124,39,46,123,69,50,85" hai1="79,11,59,102,126,95,21,111,10,38,84,55,15" hai2="57,117,58,41,92,12,104,87,26,18,1,78,106" hai3="86,119,8,48,122,97,20,120,100,109,9,19,29"/><W22/><G119/><T74/><RYUUKYOKU type="yao9" ba="0,0" sc="240,0,230,0,231,0,299,0" hai0="0,33,39,42,46,50,61,69,74,85,113,123,124,135" /><INIT seed="3,1,0,1,1,93" ten="240,230,231,299" oya="3" hai0="36,46,58,98,130,1,128,57,53,88,125,26,105" hai1="123,115,8,12,15,13,40,124,60,7,61,21,70" hai2="82,0,52,14,38,108,25,99,109,79,83,10,37" hai3="95,101,17,2,107,129,106,6,118,120,43,19,86"/><W47/><G118/><T135/><D1/><U3/><E123/><V59/><F0/><W134/><G120/><T89/><D26/><U133/><E115/><V114/><F25/><W34/><G34/><T111/><D111/><N who="2" m="42570" /><F114/><W110/><G110/><T35/><D35/><U62/><E133/><V5/><F99/><W41/><G134/><T72/><D72/><U87/><E124/><V24/><F24/><W126/><G126/><T28/><D28/><U31/><E40/><V45/><F45/><W77/><G129/><N who="0" m="49771" /><D125/><U18/><E31/><V42/><F42/><W11/><G43/><N who="0" m="22887" /><D135/><U116/><E116/><V122/><F122/><W39/><G106/><T84/><D53/><U68/><REACH who="1" step="1"/><E87/><REACH who="1" ten="240,220,231,299" step="2"/><N who="2" m="48607" /><F83/><W131/><G131/><T85/><D85/><U65/><E65/><V100/><F100/><W104/><G101/><N who="0" m="62647" /><D89/><U63/><N who="1" m="15360" /><DORA hai="69" /><U91/><E91/><V76/><F76/><W97/><G77/><T50/><D50/><AGARI ba="1,1" hai="5,10,14,37,38,50,52,59" m="48607,42570" machi="50" ten="30,7700,0" yaku="14,1,52,2,54,1" doraHai="93,69" who="2" fromWho="0" sc="240,-80,220,0,231,90,299,0" owari="160,-34.0,220,-18.0,321,42.1,299,9.9" /></mjloggm>