<mjloggm ver="2.3"><GO type="225" lobby="0"/><UN n0="%72%69%6F%75%63%68%61%6E" n1="%E6%A1%9C%E8%8A%B1%E9%96%83%E3%80%85" n2="%73%75%7A%75%6D%65%33" n3="%E8%A8%88%E7%AE%97%E6%A9%9F%E8%87%AA%E7%84%B6" dan="17,18,17,17" rate="2247.44,2282.10,2193.63,2236.54" sx="M,M,M,M"/><TAIKYOKU oya="0"/><INIT seed="0,0,0,2,0,80" ten="250,250,250,250" oya="0" hai0="13,31,8,24,101,65,9,67,77,54,32,14,12" hai1="16,107,44,72,100,36,28,2,132,125,87,104,106" hai2="4,110,131,76,19,57,90,18,51,23,38,89,3" hai3="84,7,123,83,99,122,45,95,70,117,15,5,11"/><T71/><D101/><U114/><E72/><V86/><F38/><W85/><G117/><T58/><D77/><U127/><E2/><V60/><F131/><W103/><G70/><T49/><REACH who="0" step="1"/><D71/><REACH who="0" ten="240,250,250,250" step="2"/><U29/><E100/><V108/><F76/><W118/><G118/><T52/><D52/><U34/><E125/><V115/><F90/><W74/><G74/><T130/><D130/><U62/><E127/><V109/><F89/><W93/><G103/><T98/><D98/><U63/><E107/><V64/><F110/><W56/><G99/><T120/><D120/><U43/><E106/><V6/><F109/><W97/><G97/><T66/><AGARI ba="0,1" hai="8,9,12,13,14,24,31,32,49,54,58,65,66,67" machi="66" ten="30,12000,1" yaku="1,1,0,1,53,3" doraHai="80" doraHaiUra="61" who="0" fromWho="0" sc="240,130,250,-40,250,-40,250,-40" /><INIT seed="0,1,0,5,1,4" ten="370,210,210,210" oya="0" hai0="118,102,43,9,22,40,45,106,131,57,8,34,73" hai1="127,51,6,38,99,2,23,124,88,101,36,16,67" hai2="33,58,13,129,15,103,71,21,128,11,74,44,133" hai3="0,100,120,123,76,79,134,90,85,31,47,7,87"/><T132/><D118/><U59/><E67/><V116/><F71/><W62/><G134/><T112/><D34/><U95/><E101/><V113/><F74/><W125/><G125/><N who="1" m="48202" /><E59/><V69/><F69/><W96/><G31/><T28/><D112/><U70/><E51/><V5/><F103/><W50/><G62/><T130/><D132/><U72/><E72/><V60/><F133/><W66/><G66/><T55/><D73/><U80/><E80/><V20/><F33/><W83/><G7/><T92/><D106/><U37/><E70/><V104/><F104/><N who="3" m="63495" /><G0/><T18/><D28/><U86/><E99/><V19/><F113/><W29/><G29/><T27/><D92/><U14/><E37/><V93/><F116/><W49/><G47/><T91/><D91/><U32/><E32/><V126/><F126/><W111/><G49/><N who="0" m="30959" /><D102/><U39/><E39/><V46/><F21/><W105/><G50/><N who="0" m="26919" /><D43/><U26/><E2/><V24/><F93/><N who="3" m="54479" /><G105/><T107/><D107/><U3/><E3/><V1/><F1/><W114/><G114/><T41/><D41/><U75/><E75/><V108/><F46/><W98/><G98/><T68/><D68/><U77/><E77/><V35/><F44/><W64/><G76/><T63/><D63/><U10/><AGARI ba="1,0" hai="6,10,14,16,23,26,36,38,86,88,95" m="48202" machi="10" ten="30,7900,0" yaku="18,1,52,1,54,2" doraHai="4" who="1" fromWho="1" sc="370,-40,210,82,210,-21,210,-21" /><INIT seed="1,0,0,4,5,8" ten="330,292,189,189" oya="1" hai0="5,56,18,52,132,122,128,102,38,61,87,95,62" hai1="45,57,13,107,31,113,37,129,100,79,63,7,20" hai2="126,47,80,121,68,81,44,108,118,6,134,116,2" hai3="14,103,71,35,19,88,69,36,75,110,117,0,70"/><U90/><E113/><V60/><F121/><W9/><G75/><T114/><D114/><U11/><E129/><V27/><F108/><W125/><G36/><T135/><D128/><U3/><E79/><V112/><F112/><W17/><G35/><T86/><D122/><U78/><E78/><V15/><F2/><W111/><G125/><T85/><D38/><U73/><E73/><V50/><F126/><W92/><G117/><T127/><D127/><U119/><E119/><V28/><F134/><N who="0" m="51242" /><D5/><U133/><E90/><V65/><F47/><W4/><G103/><T59/><D18/><U10/><E31/><V96/><F96/><W24/><G24/><T64/><D102/><U115/><E20/><V130/><F130/><W104/><G104/><T66/><D64/><U97/><E115/><V131/><F131/><W29/><G29/><T99/><D99/><U89/><E89/><AGARI ba="0,0" hai="52,56,59,61,62,66,85,86,87,89,95" m="51242" machi="89" ten="30,2000,0" yaku="20,1,54,1" doraHai="8" who="0" fromWho="1" sc="330,20,292,-20,189,0,189,0" /><INIT seed="2,0,0,0,0,47" ten="350,272,189,189" oya="2" hai0="97,92,121,71,81,95,135,7,80,13,66,29,8" hai1="6,84,79,116,45,14,1,0,129,73,119,35,133" hai2="37,131,108,9,58,123,65,20,5,17,24,112,52" hai3="46,15,83,111,30,4,18,3,69,128,109,40,88"/><V54/><F123/><W101/><G69/><T67/><D121/><U59/><E84/><V82/><F112/><W31/><G101/><T127/><D127/><U94/><E94/><V96/><F37/><W2/><G128/><T89/><D135/><U77/><E59/><V42/><F131/><W117/><G117/><T57/><D71/><U19/><E79/><V34/><F34/><W63/><G63/><N who="0" m="38255" /><D67/><U39/><E129/><V103/><F42/><W75/><G30/><T51/><D29/><U56/><E56/><V53/><F82/><N who="0" m="31850" /><D92/><U25/><E0/><V55/><F108/><N who="3" m="41547" /><G31/><T10/><D8/><U105/><E105/><V33/><F33/><W70/><G70/><T113/><D113/><U64/><E35/><V87/><F65/><W50/><G4/><T126/><D126/><U110/><E6/><V49/><F87/><N who="3" m="50303" /><G75/><T102/><D102/><U98/><E73/><V44/><F58/><W41/><G40/><T91/><D89/><U61/><E110/><V100/><REACH who="2" step="1"/><F96/><REACH who="2" ten="350,272,179,189" step="2"/><W115/><G115/><T78/><D78/><U118/><E98/><V125/><F125/><W93/><G93/><T22/><D97/><U12/><E77/><V132/><F132/><W90/><G90/><T21/><D91/><U107/><E133/><V38/><F38/><W43/><G41/><T122/><D95/><U60/><E118/><V86/><F86/><W36/><G36/><T106/><D106/><U27/><E107/><V32/><F32/><W68/><G68/><T11/><D122/><U134/><E119/><V28/><F28/><W48/><G48/><T76/><D51/><RYUUKYOKU ba="0,1" sc="350,-15,272,-15,179,15,189,15" hai2="5,9,17,20,24,44,49,52,53,54,55,100,103" hai3="2,3,15,18,43,46,50" /><INIT seed="2,1,1,3,5,76" ten="335,257,194,204" oya="2" hai0="51,4,97,113,81,75,118,22,69,32,78,17,45" hai1="1,24,104,61,117,53,116,8,95,62,110,134,130" hai2="26,3,48,58,7,109,56,112,123,96,100,128,124" hai3="115,31,89,70,42,126,131,125,34,98,47,46,0"/><V11/><F123/><W21/><G0/><T36/><D113/><U39/><E104/><V121/><F121/><W82/><G70/><T80/><D32/><U60/><E39/><V27/><F112/><W41/><G34/><T107/><D69/><U37/><E37/><V102/><F128/><W87/><G115/><T90/><D118/><U59/><E130/><V25/><F124/><N who="3" m="47723" /><G131/><T132/><D132/><U14/><E1/><V84/><F109/><W29/><G98/><T94/><D36/><U122/><E122/><V5/><F5/><W18/><G46/><T85/><D4/><U63/><E134/><V19/><F84/><W2/><G2/><T103/><D81/><U120/><E120/><V93/><F102/><W44/><G47/><T20/><D17/><U65/><E110/><V127/><F127/><W68/><G68/><T52/><AGARI ba="1,1" hai="20,22,45,51,52,75,78,80,85,90,94,97,103,107" machi="52" ten="20,12000,2" yaku="0,1,7,1,24,2,52,1,54,1" doraHai="76" who="0" fromWho="0" sc="335,133,257,-31,194,-61,204,-31" /><INIT seed="3,0,0,0,5,37" ten="468,226,133,173" oya="3" hai0="60,24,68,13,122,125,120,7,93,38,95,6,8" hai1="72,2,121,23,11,79,54,3,51,52,94,70,85" hai2="25,124,66,99,98,59,53,61,58,123,89,119,63" hai3="12,108,42,44,32,48,19,76,111,1,77,130,10"/><W83/><G32/><T128/><D38/><U113/><E121/><V14/><F123/><W81/><G130/><T74/><D74/><U5/><E113/><V103/><F119/><W118/><G118/><T21/><D128/><U31/><E70/><V36/><F124/><W20/><G1/><T26/><D125/><U49/><E2/><V15/><F36/><W47/><G20/><T56/><D68/><U43/><E72/><V127/><F127/><W134/><G134/><T112/><D112/><U126/><E43/><V62/><F62/><W84/><REACH who="3" step="1"/><G44/><REACH who="3" ten="468,226,133,163" step="2"/><T100/><D122/><U87/><E23/><V73/><F73/><AGARI ba="0,1" hai="10,12,19,42,47,48,73,76,77,81,83,84,108,111" machi="73" ten="40,12000,1" yaku="1,1,2,1,52,1,53,1" doraHai="37" doraHaiUra="107" who="3" fromWho="2" sc="468,0,226,0,133,-120,163,130" /><INIT seed="3,1,0,4,3,51" ten="468,226,13,293" oya="3" hai0="120,96,22,69,64,61,63,109,132,46,123,54,18" hai1="47,14,115,70,48,73,65,23,129,83,81,42,92" hai2="106,91,5,44,118,59,50,82,37,6,130,11,13" hai3="16,74,99,133,4,97,1,62,122,19,121,24,10"/><W17/><G74/><T76/><D109/><U66/><E115/><V89/><F106/><W45/><G133/><T125/><D132/><U12/><E129/><V2/><F130/><W9/><G45/><T113/><D113/><U128/><E128/><V105/><F105/><W33/><G62/><T131/><D131/><U31/><E70/><V27/><F118/><W108/><G97/><T38/><D125/><U60/><E73/><V30/><F37/><W135/><G99/><T3/><D3/><U49/><E92/><V78/><F59/><W58/><G58/><T57/><D76/><U111/><E111/><V80/><F80/><W110/><G135/><T107/><D38/><U29/><E23/><V100/><F100/><W71/><G71/><T79/><D79/><U72/><E72/><V15/><F2/><W52/><G52/><T67/><D46/><U98/><E98/><V119/><F119/><W26/><G9/><T77/><D77/><U21/><E21/><V103/><F103/><W53/><G53/><T127/><D127/><U114/><E114/><V102/><F102/><W112/><G112/><T85/><D85/><U90/><E47/><V41/><F15/><W94/><G94/><T88/><D67/><U101/><E101/><V34/><F5/><W126/><G126/><T87/><D107/><U117/><E117/><V43/><F43/><W35/><G108/><T20/><D96/><U68/><E42/><V56/><F56/><W84/><G110/><T55/><D57/><U95/><E68/><V8/><F8/><W86/><G10/><T40/><D69/><RYUUKYOKU ba="1,0" sc="468,-10,226,-10,13,30,293,-10" hai2="6,11,13,27,30,34,41,44,50,78,82,89,91" owari="458,55.8,216,-18.4,43,-45.7,283,8.3" /></mjloggm>