<mjloggm ver="2.3"><GO type="225" lobby="0"/><UN n0="%65%6B%61%72%75%74%65" n1="%E3%83%B4%E3%83%A0%EF%BC%99%E3%81%A6" n2="%73%75%7A%75%6D%65%33" n3="%4B%2E%32%2E%4B%2E" dan="16,17,17,16" rate="2130.42,2190.28,2244.34,2123.40" sx="M,M,M,M"/><TAIKYOKU oya="0"/><INIT seed="0,0,0,1,1,52" ten="250,250,250,250" oya="0" hai0="54,87,62,102,19,89,18,43,73,99,94,10,81" hai1="119,31,122,90,95,72,93,111,12,24,0,114,34" hai2="57,92,33,125,130,15,26,55,123,1,80,5,132" hai3="71,79,36,127,4,77,28,13,3,29,48,112,133"/><T22/><D43/><U129/><E119/><V65/><F123/><W103/><G36/><T120/><D120/><U115/><E122/><V42/><F1/><W40/><G3/><T135/><D135/><U104/><E0/><V121/><F121/><W116/><G71/><T2/><D73/><U98/><E72/><V38/><F65/><W59/><G116/><T70/><D70/><U44/><E111/><V124/><F132/><W74/><G74/><T14/><D2/><U131/><E104/><V117/><F117/><W101/><G127/><N who="2" m="48713" /><F92/><W35/><G35/><T53/><REACH who="0" step="1"/><D62/><REACH who="0" ten="240,250,250,250" step="2"/><U78/><E115/><V83/><F42/><W88/><G112/><T45/><D45/><U106/><E114/><V105/><F38/><W75/><G133/><T67/><D67/><U32/><E44/><V84/><F55/><W69/><G69/><T51/><D51/><U8/><E131/><V108/><F130/><W30/><G75/><T56/><D56/><U134/><E129/><V82/><F57/><W110/><G110/><T27/><AGARI ba="0,1" hai="10,14,18,19,22,27,53,54,81,87,89,94,99,102" machi="27" ten="20,12000,1" yaku="1,1,0,1,7,1,8,1,53,1" doraHai="52" doraHaiUra="16" who="0" fromWho="0" sc="240,130,250,-40,250,-40,250,-40" /><INIT seed="0,1,0,1,0,67" ten="370,210,210,210" oya="0" hai0="118,58,18,85,127,107,93,66,115,121,65,87,57" hai1="84,3,106,38,61,25,32,12,71,10,116,39,83" hai2="123,103,36,99,119,117,111,24,77,59,27,50,133" hai3="114,44,0,78,79,128,2,23,5,110,88,120,90"/><T37/><D115/><U69/><E116/><N who="2" m="44619" /><F123/><W13/><G114/><T96/><D118/><U29/><E106/><N who="2" m="63871" /><F36/><W75/><G120/><T31/><D121/><U30/><E3/><V102/><F133/><W53/><G110/><T49/><D37/><U80/><E30/><V122/><F122/><W41/><G53/><T22/><D127/><U68/><E61/><V51/><F111/><W48/><G128/><T45/><D107/><U52/><E52/><N who="2" m="32151" /><F102/><W76/><G75/><T125/><D31/><U60/><E60/><V28/><F77/><W17/><REACH who="3" step="1"/><G5/><REACH who="3" ten="370,210,210,200" step="2"/><T34/><D125/><U130/><E130/><V129/><F129/><W109/><G109/><T108/><D108/><U26/><E26/><V64/><F64/><W1/><AGARI ba="1,1" hai="0,1,2,13,17,23,41,44,48,76,78,79,88,90" machi="1" ten="40,5200,0" yaku="1,1,0,1,54,1,53,0" doraHai="67" doraHaiUra="126" who="3" fromWho="3" sc="370,-27,210,-14,210,-14,200,65" /><INIT seed="1,0,0,2,0,135" ten="343,196,196,265" oya="1" hai0="131,45,41,127,23,94,83,86,10,25,61,39,81" hai1="31,72,73,50,62,90,97,53,100,121,108,88,34" hai2="47,116,122,24,58,26,18,77,51,133,120,75,71" hai3="65,93,48,117,82,6,91,36,49,68,128,4,119"/><U118/><E118/><N who="3" m="45066" /><G36/><T124/><D131/><U95/><E121/><V130/><F116/><W2/><G128/><T44/><D10/><U113/><E113/><V92/><F71/><W21/><G82/><T16/><D61/><U76/><E108/><V55/><F130/><W69/><G21/><T60/><D45/><U35/><E62/><V78/><F133/><W38/><G38/><T54/><D94/><U37/><E37/><V27/><F75/><W104/><G104/><T43/><D43/><U105/><E90/><V132/><F132/><W89/><G89/><T67/><D54/><U28/><E28/><V40/><F92/><W1/><G65/><T106/><D106/><U57/><E31/><V84/><F18/><W129/><G129/><T52/><D52/><U80/><REACH who="1" step="1"/><E73/><REACH who="1" ten="343,186,196,265" step="2"/><V102/><F122/><W42/><G91/><T85/><D60/><U15/><E15/><V101/><F120/><W9/><G1/><T123/><D123/><U107/><E107/><V13/><F13/><W64/><G2/><T115/><D115/><U110/><E110/><V59/><F102/><W96/><G49/><T19/><D39/><U29/><E29/><V125/><F101/><W20/><G48/><T66/><D67/><U46/><E46/><V22/><F47/><W134/><G134/><T70/><D66/><U74/><E74/><V7/><F51/><W103/><G64/><T56/><D44/><U32/><E32/><V112/><F112/><W33/><G33/><T109/><D109/><U30/><E30/><V3/><F3/><W114/><G114/><T99/><D70/><RYUUKYOKU ba="0,1" sc="343,-10,186,30,196,-10,265,-10" hai1="34,35,50,53,57,72,76,80,88,95,97,100,105" /><INIT seed="1,1,1,4,5,77" ten="333,216,186,255" oya="1" hai0="68,116,38,134,120,131,67,37,27,30,14,93,51" hai1="130,3,1,19,135,64,108,62,95,61,52,22,42" hai2="83,48,84,35,101,121,91,16,59,55,40,24,43" hai3="33,114,94,119,87,110,96,18,34,13,126,71,45"/><U88/><E130/><V90/><F121/><W66/><G114/><T23/><D120/><U20/><E135/><V102/><F91/><W97/><G110/><T12/><D131/><U21/><E108/><V4/><F4/><W92/><G126/><T32/><D134/><U117/><E117/><V49/><F35/><W113/><G113/><T89/><D116/><U105/><E105/><V80/><F80/><W99/><G66/><T107/><D107/><U28/><E42/><N who="2" m="15915" /><F49/><W5/><G5/><T132/><D132/><U118/><E118/><V112/><F112/><W57/><G71/><T7/><D51/><U46/><E28/><V70/><F70/><W74/><G74/><T82/><D7/><U26/><E1/><V53/><F53/><W10/><G119/><T104/><D32/><U86/><E3/><V29/><F29/><W50/><G57/><T78/><D104/><U15/><E26/><V36/><F36/><W0/><G0/><T6/><D6/><U8/><E64/><V44/><F59/><W54/><G34/><T2/><D2/><U103/><E103/><V69/><F69/><W72/><G72/><N who="0" m="43335" /><D38/><U75/><E75/><V25/><F25/><W41/><G33/><T81/><D37/><U98/><E98/><V128/><F128/><W11/><G41/><T17/><D30/><U123/><E123/><V56/><F56/><W31/><G31/><T85/><D68/><U9/><E9/><N who="3" m="3082" /><G87/><N who="0" m="52415" /><D67/><U111/><E111/><V129/><F129/><W100/><G100/><T124/><D124/><U58/><E58/><V65/><F65/><W76/><G76/><AGARI ba="1,1" hai="12,14,17,23,27,76,81,85" m="52415,43335" machi="76" ten="30,3900,0" yaku="6,1,52,2" doraHai="77" who="0" fromWho="3" sc="333,52,216,0,186,0,255,-42" /><INIT seed="2,0,0,5,2,96" ten="385,216,186,213" oya="2" hai0="19,113,104,37,62,73,88,0,132,26,77,44,61" hai1="49,81,91,131,129,100,63,84,58,67,38,22,59" hai2="60,40,47,109,4,76,108,29,79,130,54,68,52" hai3="134,18,55,69,13,125,80,105,41,20,106,45,128"/><V57/><F68/><W118/><G69/><T10/><D113/><U90/><E38/><V92/><F4/><W32/><G118/><T122/><D122/><U34/><E34/><V102/><F29/><W78/><G32/><T85/><D104/><U110/><E110/><N who="2" m="42603" /><F54/><W99/><G125/><T1/><D132/><U135/><E135/><V115/><F115/><W53/><G134/><T117/><D117/><U101/><E22/><V64/><F64/><W7/><G128/><N who="1" m="49226" /><E90/><V66/><F66/><W127/><G127/><T95/><D73/><U9/><E9/><V17/><F17/><W23/><G7/><T72/><D72/><U56/><E49/><N who="2" m="26855" /><F130/><W93/><G55/><T70/><D10/><U15/><E15/><V21/><F21/><W74/><G53/><T133/><D19/><U87/><E87/><V39/><F39/><W65/><G65/><T33/><D37/><U35/><E35/><V14/><F14/><W107/><G23/><T120/><D33/><U31/><E31/><V116/><F116/><W123/><G20/><T30/><D133/><U28/><E28/><V82/><F82/><W114/><G114/><T89/><D30/><U111/><E111/><V5/><F5/><W24/><G13/><T43/><D85/><U46/><E46/><V6/><F6/><W103/><G45/><T42/><D44/><U124/><E124/><V2/><F2/><W25/><G18/><T12/><D0/><U98/><E67/><V75/><F75/><W121/><G41/><T71/><D12/><U11/><E81/><V83/><F83/><W50/><G50/><RYUUKYOKU ba="0,0" sc="385,-15,216,-15,186,15,213,15" hai2="52,57,60,76,79,92,102" hai3="24,25,74,78,80,93,99,103,105,106,107,121,123" /><INIT seed="2,1,0,3,5,36" ten="370,201,201,228" oya="2" hai0="106,63,109,58,1,83,66,133,33,49,102,9,65" hai1="44,87,91,70,40,129,100,43,101,18,78,111,74" hai2="107,38,26,21,110,19,42,95,67,46,8,99,17" hai3="72,88,30,2,16,124,41,76,25,126,22,71,104"/><V122/><F122/><W14/><G104/><T11/><D33/><U37/><E70/><V31/><F110/><W86/><G71/><T105/><D109/><U123/><E111/><V96/><F107/><W57/><G2/><T60/><D133/><U81/><E123/><V85/><F67/><W0/><G0/><T54/><D83/><U34/><E34/><V32/><F8/><W51/><G72/><T7/><D102/><U27/><E129/><V68/><F68/><W117/><G76/><T128/><D128/><U28/><E18/><V45/><F19/><W134/><G117/><T12/><D63/><U56/><E56/><V131/><F131/><W52/><G41/><T47/><D66/><U39/><E43/><V84/><F46/><W103/><G103/><T119/><D119/><U59/><E59/><V121/><F121/><W23/><REACH who="3" step="1"/><G134/><REACH who="3" ten="370,201,201,218" step="2"/><T15/><D1/><U115/><E39/><V116/><F116/><W97/><G97/><T114/><D114/><U50/><E37/><V64/><F64/><W92/><AGARI ba="1,1" hai="14,16,22,23,25,30,51,52,57,86,88,92,124,126" machi="92" ten="30,12000,2" yaku="1,1,0,1,25,2,54,3,53,0" doraHai="36" doraHaiUra="108" who="3" fromWho="3" sc="370,-31,201,-31,201,-61,218,133" /><INIT seed="3,0,0,1,4,100" ten="339,170,140,351" oya="3" hai0="28,72,88,80,50,111,76,4,36,35,75,118,129" hai1="12,3,115,62,63,15,16,25,55,10,69,40,14" hai2="49,9,122,65,32,27,96,102,6,24,51,57,56" hai3="92,20,87,45,77,26,8,2,22,38,53,130,52"/><W98/><G130/><T132/><D118/><U23/><E115/><V5/><F122/><W83/><G38/><T39/><D129/><U18/><E40/><V17/><F32/><W127/><G127/><T0/><D75/><U106/><E106/><V1/><F5/><W104/><G104/><T112/><D112/><U79/><E79/><V134/><F134/><W37/><G37/><T58/><D132/><U30/><E69/><V125/><F125/><W89/><G45/><T97/><D111/><U60/><E3/><V31/><F17/><N who="1" m="6761" /><E55/><V101/><F101/><W108/><G108/><T41/><D35/><U7/><AGARI ba="0,0" hai="7,10,12,14,15,23,25,30,60,62,63" m="6761" machi="7" ten="30,2000,0" yaku="8,1,54,1" doraHai="100" who="1" fromWho="1" sc="339,-5,170,20,140,-5,351,-10" owari="334,13.4,190,-21.0,135,-36.5,341,44.1" /></mjloggm>