<mjloggm ver="2.3"><GO type="225" lobby="0"/><UN n0="%E3%81%82%E3%82%93%E3%81%AA%E3%81%A4" n1="%6D%75%75%73%61%6E%6D%75" n2="%E3%80%93%E3%81%97%E3%83%BC%E3%82%89%E3%80%93" n3="%E3%81%AA%E3%82%81%E3%81%93%E9%9B%80%E5%A3%AB" dan="17,17,17,16" rate="2177.37,2163.14,2199.06,2017.80" sx="M,F,M,M"/><TAIKYOKU oya="0"/><INIT seed="0,0,0,4,4,112" ten="250,250,250,250" oya="0" hai0="88,80,20,50,34,120,51,113,63,91,62,45,106" hai1="38,23,81,16,95,31,94,128,82,55,22,75,67" hai2="35,49,83,97,2,87,0,60,85,7,111,66,110" hai3="93,57,121,118,101,24,100,48,99,124,14,133,132"/><T28/><D113/><U3/><E3/><V114/><F35/><W135/><G124/><T42/><D106/><U56/><E38/><V79/><F114/><W108/><G108/><N who="2" m="41513" /><F7/><W8/><G24/><N who="0" m="16391" /><D34/><U17/><E128/><V4/><F4/><W69/><G69/><T86/><D120/><U119/><E67/><V19/><F49/><W74/><G74/><T71/><D71/><U72/><E31/><V32/><F32/><W5/><G121/><T70/><D70/><U103/><E103/><V105/><F19/><W90/><REACH who="3" step="1"/><G118/><REACH who="3" ten="250,250,250,240" step="2"/><T104/><D104/><U46/><E119/><V92/><F105/><W78/><G78/><N who="0" m="46359" /><D51/><N who="1" m="29175" /><E72/><N who="2" m="43495" /><F0/><W116/><G116/><T52/><D42/><U131/><E75/><V25/><F2/><W12/><G12/><T39/><D39/><U68/><E68/><N who="2" m="42055" /><F25/><W40/><G40/><T6/><D6/><U73/><E73/><V18/><F18/><N who="1" m="7273" /><E131/><V43/><F43/><W96/><G96/><T65/><D62/><U54/><E23/><V64/><F97/><W61/><G61/><T130/><D130/><U33/><E22/><V21/><F21/><W84/><G84/><T13/><D13/><U9/><E33/><V15/><F15/><W59/><G59/><T58/><AGARI ba="0,1" hai="45,50,52,58,63,65,88,91" m="46359,16391" machi="58" ten="30,6000,0" yaku="8,1,54,2" doraHai="112" who="0" fromWho="0" sc="250,70,250,-20,250,-20,240,-20" /><INIT seed="0,1,0,2,5,93" ten="320,230,230,220" oya="0" hai0="43,122,116,96,133,87,8,124,69,59,111,44,120" hai1="105,103,35,113,42,109,70,0,90,94,88,28,10" hai2="45,119,31,74,37,127,49,73,125,117,86,41,5" hai3="134,85,4,3,12,15,68,27,95,63,97,131,7"/><T135/><D116/><N who="2" m="44618" /><F31/><W71/><G131/><T56/><D69/><U83/><E70/><V39/><F5/><W29/><G134/><N who="0" m="51211" /><D124/><N who="2" m="47690" /><F86/><W75/><G85/><T126/><D126/><U98/><E109/><V53/><F39/><W110/><G110/><T106/><D87/><U104/><E113/><V22/><F22/><N who="3" m="15607" /><G75/><T80/><D8/><U9/><E83/><V24/><F24/><W19/><G71/><T67/><D80/><U114/><E114/><V34/><F34/><W64/><G68/><T17/><D111/><U72/><E72/><V11/><F11/><N who="3" m="6559" /><G15/><T30/><D122/><U16/><E35/><V118/><N who="2" m="44626" /><V132/><DORA hai="54" /><F132/><W1/><G1/><T100/><D120/><U47/><E28/><V13/><F13/><W21/><G21/><T52/><D30/><U55/><E10/><V23/><F23/><W115/><G115/><T102/><D17/><U2/><E16/><V129/><F129/><W33/><G33/><T25/><D25/><U92/><E2/><V112/><F112/><W82/><G82/><T60/><D106/><U50/><E104/><V123/><F123/><W18/><G18/><T99/><D102/><U32/><E32/><V66/><F66/><W79/><G3/><T77/><D100/><U61/><E105/><V101/><F101/><N who="3" m="60607" /><G79/><T65/><D77/><U36/><E9/><V84/><F84/><W78/><G78/><T58/><D67/><U107/><E0/><V6/><F6/><W76/><G76/><T128/><D128/><U26/><E26/><V108/><F108/><W14/><G14/><T46/><D65/><RYUUKYOKU ba="1,0" sc="320,-15,230,-15,230,15,220,15" hai2="37,41,45,49,53,73,74" hai3="4,7,63,64" /><INIT seed="1,2,0,5,3,109" ten="305,215,245,235" oya="1" hai0="27,121,92,133,132,17,40,110,5,134,62,30,37" hai1="83,96,28,3,103,63,130,2,82,127,53,114,93" hai2="61,10,123,55,50,49,135,21,89,97,94,107,0" hai3="22,129,52,59,25,124,47,128,32,66,19,101,12"/><U75/><E114/><V24/><F123/><W122/><G122/><T33/><D121/><U80/><E75/><V6/><F135/><W73/><G73/><T84/><D110/><U46/><E130/><N who="3" m="50282" /><G124/><T16/><D5/><U15/><E127/><V116/><F116/><W76/><G76/><T7/><D7/><U72/><E72/><V100/><F61/><N who="3" m="38207" /><G101/><T67/><D40/><U86/><E86/><V29/><REACH who="2" step="1"/><F55/><REACH who="2" ten="305,215,235,235" step="2"/><W79/><G79/><T11/><D62/><U102/><E63/><V65/><F65/><W68/><G68/><T119/><D67/><U60/><E60/><V105/><F105/><W104/><G104/><T69/><D119/><U58/><E58/><V1/><F1/><W87/><G87/><AGARI ba="2,1" hai="0,6,10,21,24,29,49,50,87,89,94,97,100,107" machi="87" ten="30,2000,0" yaku="1,1,7,1,53,0" doraHai="109" doraHaiUra="71" who="2" fromWho="3" sc="305,0,215,0,235,36,235,-26" /><INIT seed="2,0,0,1,4,69" ten="305,215,271,209" oya="2" hai0="53,74,19,107,122,35,37,117,77,16,81,10,127" hai1="111,2,135,120,59,58,6,4,36,78,22,102,0" hai2="34,56,1,13,92,8,3,132,101,72,65,43,21" hai3="125,112,40,18,129,113,96,76,85,83,55,103,63"/><V48/><F34/><W17/><G129/><T131/><D122/><U64/><E120/><V99/><F72/><W12/><G125/><T118/><D35/><U124/><E124/><V23/><F132/><W73/><G40/><T94/><D127/><U75/><E102/><V91/><F1/><W126/><G126/><T90/><D107/><U49/><E135/><V24/><F3/><W32/><G32/><T42/><D53/><U100/><E100/><V115/><F115/><N who="3" m="44107" /><G73/><T97/><D131/><U134/><E134/><V28/><F43/><W130/><G130/><T5/><D5/><U31/><E75/><V29/><F91/><W68/><G12/><T11/><D11/><U82/><E78/><V67/><F48/><W27/><G27/><T41/><D41/><U51/><E82/><V57/><F23/><W128/><G128/><T89/><D89/><U80/><E80/><V133/><F29/><W44/><G44/><N who="0" m="23631" /><D10/><U121/><E121/><V123/><F123/><W20/><G20/><T9/><D9/><U79/><E22/><V14/><F133/><W116/><G55/><T105/><D105/><U108/><E79/><V95/><F95/><N who="3" m="58783" /><G116/><AGARI ba="0,0" hai="16,19,74,77,81,90,94,97,116,117,118" m="23631" machi="116" ten="30,3900,0" yaku="12,1,52,1,54,1" doraHai="69" who="0" fromWho="3" sc="305,39,215,0,271,0,209,-39" /><INIT seed="3,0,0,3,5,118" ten="344,215,271,170" oya="3" hai0="112,129,105,3,130,109,101,88,30,11,13,31,1" hai1="117,128,4,24,122,69,90,0,33,77,10,133,62" hai2="57,46,102,79,67,113,93,48,34,53,17,32,58" hai3="83,86,120,38,22,85,72,94,132,63,60,71,39"/><W51/><G72/><T45/><D109/><U9/><E117/><V21/><F113/><W66/><G132/><T41/><D112/><U127/><E133/><V5/><F79/><W84/><G83/><T108/><D108/><U47/><E122/><V18/><F5/><W95/><G120/><T55/><D55/><U54/><E77/><V114/><F114/><W61/><G51/><T68/><D68/><U100/><E100/><V111/><F111/><W99/><G22/><T74/><D74/><U2/><E127/><V12/><F67/><W121/><G121/><T107/><D88/><U23/><E33/><V125/><F125/><W87/><N who="3" m="21504" /><DORA hai="116" /><W52/><G99/><T15/><D101/><U106/><E106/><V56/><F102/><W91/><G91/><T26/><D26/><U110/><E90/><V96/><F96/><W134/><G134/><T49/><D11/><U92/><E92/><N who="3" m="35370" /><G66/><T119/><D119/><U25/><E110/><V7/><F93/><W50/><G50/><T98/><D98/><U14/><E23/><V126/><F126/><W16/><G71/><T80/><D49/><N who="1" m="28991" /><E25/><V135/><F135/><W35/><G35/><T124/><D124/><U75/><E75/><V19/><REACH who="2" step="1"/><F21/><REACH who="2" ten="344,215,261,170" step="2"/><W28/><G28/><T70/><D31/><U40/><E69/><V6/><F6/><W8/><G52/><T36/><D30/><U65/><E65/><V43/><F43/><W20/><G20/><T82/><D41/><U37/><E40/><V81/><F81/><W29/><G29/><T115/><D80/><U27/><E4/><V44/><F44/><RYUUKYOKU ba="0,1" sc="344,-15,215,-15,261,15,170,15" hai2="7,12,17,18,19,32,34,46,48,53,56,57,58" hai3="8,16,38,39,60,61,63" /><INIT seed="3,1,1,5,5,45" ten="329,200,276,185" oya="3" hai0="86,87,53,21,99,69,35,63,88,24,56,30,23" hai1="16,38,68,2,135,65,9,18,67,115,8,113,79" hai2="121,71,34,82,44,102,123,19,129,28,73,55,25" hai3="3,131,17,10,50,92,15,72,120,93,98,77,14"/><W58/><G120/><N who="2" m="46153" /><F71/><W100/><G131/><T1/><D1/><U122/><E122/><V60/><F129/><W49/><G3/><T103/><D69/><U54/><E2/><V20/><F102/><W27/><G72/><T22/><REACH who="0" step="1"/><D88/><REACH who="0" ten="319,200,276,185" step="2"/><U26/><E68/><V32/><F82/><W61/><G93/><AGARI ba="1,2" hai="21,22,23,24,30,35,53,56,63,86,87,93,99,103" machi="93" ten="40,2600,0" yaku="1,1,2,1,53,0" doraHai="45" doraHaiUra="11" who="0" fromWho="3" sc="319,49,200,0,276,0,185,-29" owari="368,46.8,200,-20.0,276,7.6,156,-34.4" /></mjloggm>