<mjloggm ver="2.3"><GO type="225" lobby="0"/><UN n0="%E7%99%BD%E9%9B%AA%E4%B9%83%E6%84%9B" n1="%47%48%4F%53%54" n2="%72%69%6F%75%63%68%61%6E" n3="%E3%81%A8%E3%82%93%E3%81%A8%E3%81%93%E3%81%A8%E3%82%93" dan="16,17,17,16" rate="2062.36,2261.91,2220.24,2107.94" sx="F,M,M,F"/><TAIKYOKU oya="0"/><INIT seed="0,0,0,2,0,39" ten="250,250,250,250" oya="0" hai0="75,67,52,91,117,80,57,17,19,64,42,129,5" hai1="26,121,10,21,48,82,63,18,44,76,78,7,85" hai2="25,119,111,15,74,92,113,79,125,41,135,22,87" hai3="55,4,49,101,94,96,124,2,16,29,32,133,134"/><T14/><D117/><U34/><E121/><V97/><F113/><W128/><G128/><T103/><D129/><U100/><E34/><V118/><F111/><W99/><G124/><T1/><D103/><U98/><E63/><V56/><F135/><W83/><G83/><T62/><D42/><U115/><E115/><V106/><F125/><W112/><G112/><T72/><D72/><U77/><E98/><V122/><F122/><W132/><G2/><T51/><D1/><U123/><E100/><N who="2" m="62735" /><F15/><W102/><G4/><T104/><D104/><U13/><REACH who="1" step="1"/><E123/><REACH who="1" ten="250,240,250,250" step="2"/><V50/><F119/><W88/><G99/><T27/><D64/><U69/><E69/><V45/><F118/><W68/><G68/><T9/><D27/><U126/><E126/><V107/><F107/><W89/><G102/><T23/><D23/><U60/><E60/><V127/><F127/><W130/><G130/><T37/><D37/><U109/><E109/><V53/><F22/><W43/><G32/><T59/><REACH who="0" step="1"/><D75/><REACH who="0" ten="240,240,250,250" step="2"/><U54/><AGARI ba="0,2" hai="7,10,13,18,21,26,44,48,54,76,77,78,82,85" machi="54" ten="20,5200,0" yaku="1,1,0,1,7,1,8,1,53,0" doraHai="39" doraHaiUra="70" who="1" fromWho="1" sc="240,-26,240,72,250,-13,250,-13" /><INIT seed="1,0,0,0,2,65" ten="214,312,237,237" oya="1" hai0="78,40,80,14,31,34,118,20,77,54,124,15,36" hai1="115,26,87,82,52,41,35,85,113,109,33,11,68" hai2="127,99,71,23,116,70,133,94,57,104,22,48,89" hai3="134,83,135,29,96,84,88,58,100,9,91,107,61"/><U19/><E68/><V125/><F116/><W62/><G29/><T120/><D118/><U86/><E41/><V66/><F133/><W64/><G9/><T95/><D124/><N who="2" m="47690" /><F104/><W43/><G43/><T25/><D120/><U79/><E109/><V47/><F57/><W5/><G5/><T90/><D40/><U63/><E11/><V16/><F66/><W129/><G129/><T44/><D36/><U8/><E8/><V18/><F22/><W123/><G123/><T46/><D34/><U130/><E130/><V2/><F2/><W13/><G13/><N who="0" m="4619" /><D80/><U6/><E82/><V108/><F108/><W75/><G75/><T112/><D112/><U102/><E35/><V38/><F38/><W59/><REACH who="3" step="1"/><G91/><REACH who="3" ten="214,312,237,227" step="2"/><T72/><D72/><U30/><E6/><V101/><F89/><W1/><G1/><T106/><D106/><U10/><E30/><V81/><F81/><W39/><G39/><T27/><D90/><U114/><E114/><V121/><F121/><W21/><G21/><T3/><D3/><U97/><E115/><V119/><F119/><W42/><G42/><T12/><D12/><U24/><E113/><V93/><F93/><W7/><G7/><T60/><D95/><U126/><E126/><V105/><F105/><W67/><AGARI ba="0,1" hai="58,59,61,62,64,67,83,84,88,96,100,107,134,135" machi="67" ten="30,7900,0" yaku="1,1,0,1,9,1,54,1,53,0" doraHai="65" doraHaiUra="37" who="3" fromWho="3" sc="214,-20,312,-39,237,-20,227,89" /><INIT seed="2,0,0,0,2,72" ten="194,273,217,316" oya="2" hai0="31,25,66,16,30,48,15,6,5,71,40,133,46" hai1="47,44,112,79,51,28,55,80,83,93,111,68,108" hai2="63,109,117,104,39,61,86,11,24,135,94,1,64" hai3="107,54,77,42,52,125,34,7,88,90,37,101,12"/><V102/><F117/><W8/><G34/><T70/><D133/><U130/><E112/><V45/><F135/><W116/><G116/><T87/><D87/><U128/><E68/><V131/><F131/><N who="1" m="50217" /><E28/><V73/><F73/><W18/><G125/><T123/><D123/><U53/><E93/><V3/><F109/><N who="1" m="42057" /><E79/><V22/><F104/><W85/><G107/><T49/><D49/><AGARI ba="0,0" hai="44,47,49,51,53,55,80,83" m="42057,50217" machi="49" ten="30,2000,0" yaku="19,1,14,1" doraHai="72" who="1" fromWho="0" sc="194,-20,273,20,217,0,316,0" /><INIT seed="3,0,0,3,2,63" ten="174,293,217,316" oya="3" hai0="25,21,132,57,9,60,34,19,14,97,33,30,66" hai1="95,105,127,78,70,52,22,123,43,125,26,114,80" hai2="45,109,64,106,31,108,8,37,81,74,20,77,3" hai3="48,135,49,65,4,107,69,92,17,120,126,71,113"/><W50/><G107/><T85/><D132/><U10/><E105/><V79/><F106/><W103/><G113/><T53/><D85/><U102/><E114/><V47/><F79/><W42/><G120/><T118/><D118/><U38/><E70/><V46/><F64/><W11/><G135/><T99/><D34/><U55/><E43/><N who="2" m="22767" /><F31/><W7/><G42/><T39/><D39/><U98/><E38/><V36/><F20/><W83/><G126/><N who="1" m="48138" /><E10/><V129/><F129/><W28/><G28/><T117/><D117/><U27/><E123/><V18/><F18/><W119/><G119/><T96/><REACH who="0" step="1"/><D33/><REACH who="0" ten="164,293,217,316" step="2"/><U40/><E78/><N who="2" m="44247" /><F36/><W29/><G83/><T101/><D101/><U16/><E80/><V68/><F77/><W82/><G103/><T84/><D84/><U104/><E104/><V67/><F108/><W134/><G82/><T116/><D116/><U54/><E40/><V73/><F109/><W6/><G134/><T56/><D56/><U12/><AGARI ba="0,1" hai="12,16,22,26,27,52,54,55,95,98,102" m="48138" machi="12" ten="30,4000,0" yaku="18,1,54,2" doraHai="63" who="1" fromWho="1" sc="164,-10,293,50,217,-10,316,-20" owari="154,-34.6,343,44.3,207,-19.3,296,9.6" /></mjloggm>