<mjloggm ver="2.3"><GO type="225" lobby="0"/><UN n0="%E4%B8%89%E5%86%A0%E7%8E%8B%E3%83%BB%E5%B1%B1%E7%94%B0%E5%93%B2%E4%BA%BA" n1="%E3%81%B2%E3%81%AA%E3%81%AE%E3%82%8A%E3%81%8F" n2="%67%61%79%75%6E%79" n3="%4C%4F%4C%49%54%41" dan="17,17,16,16" rate="2166.18,2199.80,2091.32,2181.52" sx="M,M,M,F"/><TAIKYOKU oya="0"/><INIT seed="0,0,0,0,3,117" ten="250,250,250,250" oya="0" hai0="65,105,95,3,20,57,118,13,82,103,108,12,102" hai1="60,31,80,113,37,74,32,52,6,87,56,42,89" hai2="90,119,63,88,43,91,62,28,106,130,76,1,11" hai3="92,112,41,124,48,114,122,64,125,4,111,109,51"/><T26/><D3/><U27/><E113/><V129/><F106/><W9/><G64/><T17/><D118/><U5/><E74/><V116/><F28/><W7/><G92/><T71/><D105/><U78/><E37/><V8/><F43/><W107/><G107/><T93/><D71/><U16/><E42/><V35/><F35/><W131/><G41/><T72/><D108/><U133/><E133/><V23/><F23/><W24/><G24/><T34/><D72/><U50/><E78/><V121/><F1/><W30/><G30/><T36/><D36/><U99/><E99/><V44/><F76/><W22/><G22/><T79/><D34/><U49/><REACH who="1" step="1"/><E16/><REACH who="1" ten="250,240,250,250" step="2"/><V127/><F119/><W75/><G75/><T21/><D79/><U69/><E69/><V29/><F116/><W33/><G114/><T77/><D77/><U135/><E135/><V94/><F91/><W18/><G112/><T2/><D17/><U55/><E55/><V104/><F90/><W70/><G18/><T100/><D100/><U14/><E14/><V98/><F88/><W132/><G132/><T84/><D2/><U45/><E45/><V96/><F44/><W39/><G39/><T81/><D84/><U25/><E25/><V19/><F98/><W53/><G70/><T120/><D26/><U128/><E128/><V66/><F96/><W61/><G131/><T85/><D85/><U67/><E67/><V115/><F130/><W0/><G0/><T58/><D65/><U10/><E10/><V68/><F129/><W134/><G134/><T15/><D12/><U97/><E97/><RYUUKYOKU ba="0,1" sc="250,15,240,15,250,-15,250,-15" hai0="13,15,20,21,57,58,81,82,93,95,102,103,120" hai1="5,6,27,31,32,49,50,52,56,60,80,87,89" /><INIT seed="0,1,1,1,2,94" ten="265,255,235,235" oya="0" hai0="123,126,27,99,4,50,105,88,54,67,55,70,65" hai1="72,125,42,102,51,110,66,18,79,46,86,63,49" hai2="120,78,16,100,117,9,28,6,37,36,132,81,124" hai3="116,41,96,13,135,11,25,115,83,60,1,76,38"/><T31/><D123/><U129/><E110/><V119/><F120/><W121/><G115/><T68/><D126/><U98/><E129/><V69/><F69/><W12/><G116/><N who="2" m="44617" /><F124/><W20/><G135/><T2/><D70/><U7/><E72/><N who="2" m="43207" /><F132/><W101/><G121/><T19/><D19/><U53/><E125/><V73/><F73/><W15/><G60/><T24/><D68/><U17/><E7/><V26/><F16/><W118/><G118/><T74/><D74/><U133/><E133/><V10/><F100/><W77/><G41/><T43/><D43/><U34/><E34/><N who="2" m="20759" /><F10/><W107/><G38/><T128/><D128/><U56/><E86/><V0/><AGARI ba="1,1" hai="0,6,9,36,37" m="20759,43207,44617" machi="0" ten="30,2000,0" yaku="12,1,23,1" doraHai="94" who="2" fromWho="2" sc="265,-11,255,-6,235,33,235,-6" /><INIT seed="1,0,0,4,5,40" ten="254,249,268,229" oya="1" hai0="94,29,32,27,123,43,124,60,84,116,74,10,62" hai1="30,26,0,44,101,109,3,49,73,59,70,65,103" hai2="98,135,110,16,18,61,1,126,108,15,2,121,41" hai3="96,118,47,76,67,11,35,19,107,64,92,45,24"/><U75/><E70/><V48/><F121/><W113/><G113/><T128/><D74/><U69/><E69/><V79/><F126/><W31/><G107/><T57/><D116/><U125/><E125/><V34/><F34/><W21/><G118/><T6/><D124/><U122/><E122/><V83/><F135/><W104/><G104/><T5/><D123/><U4/><E75/><V28/><F28/><W111/><G111/><N who="2" m="42537" /><F61/><W81/><G11/><T91/><D128/><U134/><E134/><V50/><F98/><W39/><G39/><T80/><D62/><U37/><E73/><N who="2" m="43503" /><F18/><W115/><G115/><T129/><D129/><U53/><E109/><V58/><F58/><W100/><G67/><T9/><D57/><U130/><E130/><V56/><F56/><W51/><G64/><T68/><D60/><U66/><E66/><V90/><F90/><W131/><G131/><T33/><D33/><U46/><E65/><V38/><F38/><W89/><G89/><T78/><D68/><U105/><E105/><V71/><F71/><W36/><G36/><T14/><D32/><U82/><E82/><V85/><F85/><W132/><G132/><T114/><D29/><U8/><E3/><N who="2" m="1035" /><F41/><W55/><G55/><T88/><D43/><N who="1" m="22639" /><E59/><V93/><F93/><W77/><G51/><T119/><D114/><U99/><E99/><V133/><F133/><W54/><G54/><T86/><D119/><U102/><E30/><V117/><F117/><W112/><G112/><T95/><D91/><U106/><E106/><V72/><F72/><N who="3" m="43143" /><G77/><T52/><D78/><U13/><E0/><RYUUKYOKU ba="0,0" sc="254,-30,249,10,268,10,229,10" hai1="4,8,13,26,46,49,53,101,102,103" hai2="15,16,48,50" hai3="19,21,24,31,35,45,47,92,96,100" /><INIT seed="1,1,0,2,1,115" ten="224,259,278,239" oya="1" hai0="30,135,94,34,58,116,109,122,79,95,29,49,101" hai1="106,54,44,96,121,74,13,69,31,14,120,111,28" hai2="57,55,3,129,65,124,17,35,4,1,126,46,108" hai3="130,9,42,118,84,47,12,88,73,22,8,68,72"/><U71/><E74/><V16/><F35/><W18/><G68/><T38/><D38/><U2/><E2/><N who="2" m="523" /><F4/><W113/><G113/><T56/><D116/><U127/><E54/><V92/><F108/><W67/><G67/><T83/><D135/><U59/><E59/><V33/><F33/><W23/><G130/><T93/><D109/><U128/><E111/><V20/><F20/><W105/><G105/><T63/><D101/><U104/><E96/><V125/><F129/><W64/><G64/><T70/><D70/><U98/><E98/><V89/><F46/><W0/><G118/><T91/><D91/><U134/><E128/><V45/><F45/><W41/><G41/><T80/><D122/><U7/><E44/><V61/><F65/><W87/><G87/><AGARI ba="1,0" hai="16,17,55,57,61,87,89,92,124,125,126" m="523" machi="87" ten="40,2600,0" yaku="18,1,54,1" doraHai="115" who="2" fromWho="3" sc="224,0,259,0,278,29,239,-29" /><INIT seed="2,0,0,5,5,124" ten="224,259,307,210" oya="2" hai0="13,85,107,112,83,60,27,26,48,54,29,31,86" hai1="55,77,47,117,66,102,99,65,38,12,24,109,103" hai2="64,9,35,119,7,105,90,67,116,0,43,59,15" hai3="78,79,133,51,135,32,39,1,120,121,108,88,49"/><V44/><F105/><W89/><G1/><T131/><D107/><U129/><E117/><V69/><F35/><W23/><G23/><T94/><D60/><U61/><E77/><V50/><F0/><W113/><G39/><T127/><D112/><U42/><E109/><V20/><F69/><W63/><G63/><T115/><D115/><U4/><E55/><V45/><F59/><W17/><G113/><T22/><D127/><U25/><E66/><V132/><F132/><W75/><G17/><T19/><D131/><U41/><E41/><V71/><F71/><W70/><G70/><T106/><D106/><U87/><E87/><V33/><F33/><W91/><G32/><T128/><D128/><U21/><E129/><V84/><F20/><W74/><REACH who="3" step="1"/><G89/><REACH who="3" ten="224,259,307,200" step="2"/><N who="0" m="53551" /><D29/><U52/><E21/><V14/><F119/><W56/><G56/><N who="0" m="32839" /><D31/><U93/><E61/><V28/><F116/><W98/><G98/><T8/><D8/><U92/><E99/><V125/><F28/><W81/><G81/><T40/><D40/><U53/><E42/><V36/><F125/><W111/><AGARI ba="0,1" hai="49,51,74,75,78,79,88,91,108,111,120,121,133,135" machi="111" ten="25,8000,1" yaku="1,1,0,1,22,2,54,1,53,0" doraHai="124" doraHaiUra="11" who="3" fromWho="3" sc="224,-20,259,-20,307,-40,200,90" /><INIT seed="3,0,0,4,1,50" ten="204,239,267,290" oya="3" hai0="41,72,115,112,107,99,88,91,93,24,7,65,100" hai1="19,106,116,62,101,20,44,89,86,39,60,105,110" hai2="132,81,15,37,68,43,27,13,54,84,35,38,120" hai3="87,131,70,90,113,69,9,121,109,34,83,42,130"/><W126/><G113/><N who="0" m="43595" /><D41/><U52/><E110/><V40/><F68/><W96/><G121/><T80/><D65/><U129/><E129/><N who="3" m="49162" /><G109/><T123/><D24/><U29/><E29/><V77/><F132/><W53/><G126/><T47/><D7/><U124/><E124/><V0/><F0/><W57/><G34/><T18/><D18/><U17/><E39/><V71/><F71/><W61/><G42/><T73/><D47/><U2/><E2/><V46/><F120/><W82/><G82/><T63/><D63/><U56/><E116/><V135/><F135/><W108/><G108/><T97/><D123/><U5/><E5/><V119/><F119/><W33/><G33/><T98/><D98/><U26/><E44/><V12/><F43/><W25/><G25/><T16/><D16/><U95/><E19/><V21/><F35/><W128/><G128/><T122/><D122/><U14/><E26/><V103/><F38/><W48/><G9/><T31/><D31/><U118/><E118/><V22/><F27/><W104/><G61/><T67/><D67/><U127/><E127/><V114/><F114/><W10/><G10/><T85/><AGARI ba="0,0" hai="72,73,80,85,88,91,93,97,99,100,107" m="43595" machi="85" ten="30,7900,0" yaku="11,1,34,2,54,1" doraHai="50" who="0" fromWho="0" sc="204,79,239,-20,267,-20,290,-39" /><INIT seed="4,0,0,0,0,85" ten="283,219,247,251" oya="0" hai0="111,133,49,80,29,15,16,71,55,100,54,39,124" hai1="103,26,73,37,104,87,9,130,43,135,51,108,67" hai2="91,24,122,88,52,63,121,117,114,78,77,75,27" hai3="132,95,48,46,119,116,28,74,68,25,47,118,109"/><T2/><D39/><U44/><E108/><V106/><F106/><W4/><G74/><T19/><D2/><U42/><E73/><V65/><F75/><W30/><G109/><T3/><D3/><U83/><E135/><V131/><F114/><W18/><G68/><T10/><D111/><U33/><E130/><V113/><F113/><W60/><G132/><T32/><D133/><U17/><E67/><V66/><F63/><W61/><G4/><N who="0" m="3527" /><D32/><U5/><E104/><V31/><F131/><W50/><G118/><T102/><D71/><U82/><E103/><N who="0" m="39465" /><D124/><U128/><E82/><V72/><F72/><W98/><G116/><T94/><D29/><U40/><E128/><V22/><F117/><W58/><G28/><T57/><D94/><U21/><E37/><V11/><F122/><W129/><G30/><T86/><D55/><U97/><E97/><V56/><F121/><W34/><G95/><T1/><D1/><U13/><REACH who="1" step="1"/><E33/><REACH who="1" ten="283,209,247,251" step="2"/><V93/><F66/><W112/><G98/><T76/><AGARI ba="0,1" hai="16,19,49,54,57,76,80,86" m="39465,3527" machi="76" ten="30,3000,0" yaku="8,1,54,1" doraHai="85" who="0" fromWho="0" sc="283,40,209,-10,247,-10,251,-10" owari="323,42.3,199,-30.1,237,-16.3,241,4.1" /></mjloggm>