<mjloggm ver="2.3"><GO type="225" lobby="0"/><UN n0="%E3%83%B4%E3%82%A3%E3%83%AF%E3%82%B3%E3%82%B0%E3%83%8B" n1="%E3%83%88%E3%83%A9%E3%83%9E%E3%83%AB" n2="%E3%82%BC%E3%83%AB%E3%83%80%E3%81%AE%E4%BC%9D%E8%AA%AC" n3="%E5%8F%AF%E5%85%90%E9%82%A3%E7%94%B1%E5%A4%9A" dan="16,16,17,17" rate="2130.18,2093.32,2280.53,2247.75" sx="M,M,M,F"/><TAIKYOKU oya="0"/><INIT seed="0,0,0,4,0,28" ten="250,250,250,250" oya="0" hai0="94,95,50,70,61,68,120,110,51,31,45,86,30" hai1="99,39,65,77,92,81,66,93,17,112,79,21,41" hai2="96,15,24,46,113,35,37,12,67,88,117,75,133" hai3="132,129,7,73,102,32,38,90,82,56,60,106,124"/><T85/><D120/><U72/><E112/><V0/><F113/><W128/><G38/><T18/><D61/><U49/><E39/><V47/><F0/><W55/><G124/><T118/><D110/><U122/><E122/><V54/><F75/><W33/><G7/><T59/><D45/><U127/><E127/><V105/><F133/><W78/><G132/><T91/><D59/><U48/><E79/><V43/><F117/><W121/><G121/><T11/><D18/><U123/><E123/><V76/><F76/><W1/><G1/><T40/><D91/><U115/><E93/><V20/><F67/><W8/><G8/><T109/><D109/><U25/><E115/><V108/><F108/><W83/><G106/><T53/><D53/><U135/><E135/><V34/><F15/><W29/><G102/><T97/><D11/><U134/><E134/><V84/><F12/><W125/><G125/><T44/><D44/><U111/><E111/><V4/><F4/><W80/><G29/><T114/><D114/><U5/><E5/><V26/><F96/><W2/><G2/><T42/><REACH who="0" step="1"/><D97/><REACH who="0" ten="240,250,250,250" step="2"/><U36/><E99/><V69/><F54/><W52/><G55/><T130/><D130/><N who="3" m="50281" /><G90/><T58/><D58/><U6/><E66/><V13/><F47/><W14/><G14/><T104/><D104/><U100/><E65/><V10/><F105/><W57/><G57/><T23/><D23/><U119/><E21/><V87/><F88/><W101/><G101/><T9/><D9/><U27/><E17/><N who="2" m="8375" /><F20/><W71/><G71/><T103/><D103/><U64/><E100/><RYUUKYOKU ba="0,1" sc="240,15,250,-15,250,-15,250,15" hai0="30,31,40,42,50,51,68,70,85,86,94,95,118" hai3="32,33,52,56,60,73,78,80,82,83" /><INIT seed="0,1,1,0,2,11" ten="255,235,235,265" oya="0" hai0="65,10,64,102,86,6,8,58,70,12,41,91,77" hai1="134,45,80,119,76,107,24,83,81,25,113,135,105" hai2="110,131,5,29,111,126,1,27,104,62,3,133,53" hai3="125,32,14,44,122,37,23,34,56,55,130,26,123"/><T92/><D70/><U16/><E119/><V42/><F104/><W103/><G125/><T97/><D77/><U22/><E76/><V79/><F126/><W31/><G130/><T94/><D41/><U63/><E113/><V35/><F131/><W60/><G103/><T39/><D39/><U0/><E0/><V59/><F133/><N who="1" m="50697" /><E45/><V87/><F42/><N who="3" m="22607" /><G14/><N who="0" m="5399" /><D58/><U57/><E25/><V96/><F96/><W9/><G9/><T13/><D13/><U50/><E50/><V132/><F132/><W127/><G127/><T33/><D33/><U17/><E17/><AGARI ba="1,1" hai="10,12,17,64,65,86,91,92,94,97,102" m="5399" machi="17" ten="30,5800,0" yaku="8,1,52,2" doraHai="11" who="0" fromWho="1" sc="255,71,235,-61,235,0,265,0" /><INIT seed="0,2,0,5,0,39" ten="326,174,235,265" oya="0" hai0="38,92,47,119,66,57,64,48,49,50,131,58,11" hai1="120,113,17,44,107,77,15,86,16,2,114,105,43" hai2="29,19,26,99,79,108,130,8,3,103,59,27,53" hai3="102,73,106,25,87,129,56,63,45,30,69,127,104"/><T70/><D119/><U5/><E120/><V32/><F108/><W28/><G73/><T132/><D11/><U91/><E77/><V55/><F130/><W116/><G116/><T6/><D6/><U24/><E24/><V110/><F110/><W118/><G118/><T85/><D92/><U90/><E91/><V54/><F79/><W128/><G127/><T52/><D85/><U65/><E65/><N who="0" m="25193" /><D131/><N who="3" m="50249" /><G69/><T23/><D23/><U83/><E5/><V33/><F3/><W94/><G45/><N who="0" m="27727" /><D70/><U72/><E2/><V88/><F8/><W71/><G71/><T135/><D38/><U10/><E17/><V124/><F124/><W115/><G102/><T122/><D122/><U96/><E72/><V95/><F103/><W67/><G30/><T42/><D49/><N who="1" m="26783" /><E96/><V35/><F35/><W97/><G87/><T14/><D14/><U60/><E60/><N who="2" m="35951" /><F32/><W112/><G94/><T18/><D18/><U12/><E12/><V9/><F9/><W46/><G97/><T117/><D117/><U74/><E74/><V76/><F76/><W62/><G106/><T7/><D7/><U89/><E90/><V134/><F19/><W36/><G104/><T68/><D68/><U111/><E111/><V126/><F26/><W93/><G25/><T109/><D109/><U4/><E4/><V78/><F78/><W133/><G28/><T31/><D31/><U81/><E81/><V20/><F33/><W98/><G98/><T1/><D1/><U82/><E82/><V34/><F34/><W80/><G80/><T51/><D51/><U84/><E84/><V101/><F29/><RYUUKYOKU ba="2,0" sc="326,15,174,15,235,-15,265,-15" hai0="42,47,48,57,58,132,135" hai1="10,15,16,83,86,89,105,107,113,114" /><INIT seed="0,3,0,5,0,84" ten="341,189,220,250" oya="0" hai0="39,119,124,132,18,28,56,58,8,118,59,37,74" hai1="120,109,0,131,85,55,34,31,100,43,70,14,63" hai2="49,117,45,105,11,76,51,78,65,41,116,95,67" hai3="68,125,54,10,112,44,3,79,75,99,33,29,126"/><T104/><D74/><U130/><E0/><V57/><F105/><W108/><G112/><T64/><D104/><U129/><E120/><V107/><F107/><W62/><G108/><T123/><D123/><U69/><E43/><V110/><F110/><W47/><G99/><T42/><D64/><U52/><E100/><V6/><F67/><N who="3" m="41079" /><G54/><N who="1" m="20522" /><E109/><V72/><F72/><W102/><G102/><T88/><D28/><U53/><N who="1" m="20530" /><U4/><DORA hai="91" /><E31/><V17/><F17/><W1/><G47/><T27/><D124/><N who="3" m="47721" /><G44/><T135/><D42/><U38/><E38/><V66/><F49/><W16/><G29/><T30/><D37/><U5/><E34/><V73/><F66/><W106/><G33/><T80/><D39/><U111/><E111/><V32/><F32/><W98/><G106/><T81/><D118/><N who="2" m="45674" /><F73/><W77/><G75/><T2/><D30/><U115/><E63/><N who="2" m="38127" /><F95/><W23/><G1/><AGARI ba="3,0" hai="1,6,11,41,45,51,76,78" m="38127,45674" machi="1" ten="30,1000,0" yaku="12,1" doraHai="84,91" who="2" fromWho="3" sc="341,0,189,0,220,19,250,-19" /><INIT seed="1,0,0,5,5,2" ten="341,189,239,231" oya="1" hai0="125,90,105,100,26,85,20,36,0,132,127,112,83" hai1="129,109,17,76,96,119,108,94,54,62,101,113,65" hai2="133,88,25,47,15,3,128,66,103,6,50,68,22" hai3="23,91,51,56,24,13,135,31,44,19,106,33,63"/><U121/><E113/><V124/><F124/><N who="0" m="47690" /><D0/><U111/><E119/><V87/><F133/><W114/><G135/><T77/><D36/><U59/><E121/><V18/><F128/><W58/><G114/><T99/><D132/><U79/><E129/><V57/><F68/><W40/><G106/><T38/><D38/><U89/><E17/><V107/><F107/><W43/><G43/><T21/><D112/><U60/><REACH who="1" step="1"/><E101/><REACH who="1" ten="341,179,239,231" step="2"/><V30/><F103/><W35/><G91/><T12/><D90/><U117/><E117/><V39/><F18/><W45/><G45/><T130/><D130/><U118/><E118/><V78/><F88/><W4/><G35/><T80/><D100/><U34/><E34/><V70/><F47/><W69/><G33/><T102/><D102/><U27/><E27/><V42/><F25/><W52/><G19/><T1/><D26/><U67/><E67/><V7/><F66/><W95/><G24/><T72/><D105/><U73/><E73/><V115/><F115/><W84/><G44/><T98/><D72/><U9/><E9/><V61/><F30/><W82/><G31/><T93/><D21/><U41/><E41/><V46/><F22/><W134/><G23/><T110/><D20/><U123/><E123/><V37/><F37/><W55/><G40/><T92/><D99/><U49/><E49/><V122/><F122/><W8/><G134/><T104/><D98/><U11/><E11/><V53/><F39/><W10/><G10/><T116/><D104/><U86/><E86/><V32/><F42/><W131/><G131/><T29/><D116/><RYUUKYOKU ba="0,1" sc="341,-10,179,30,239,-10,231,-10" hai1="54,59,60,62,65,76,79,89,94,96,108,109,111" /><INIT seed="1,1,1,5,0,3" ten="331,209,229,221" oya="1" hai0="112,44,19,96,0,118,43,69,56,38,14,59,50" hai1="10,45,61,28,111,90,53,12,121,94,71,8,131" hai2="62,86,92,119,67,78,97,76,105,72,74,49,120" hai3="117,93,73,48,91,88,46,18,4,55,64,102,41"/><U60/><E121/><V5/><F120/><W33/><G73/><T35/><D0/><U128/><E28/><V22/><F119/><W114/><G114/><T27/><D69/><U109/><E71/><V16/><F5/><W40/><G33/><T36/><D112/><U21/><E21/><V85/><F105/><W17/><G117/><T99/><D118/><U51/><E10/><V75/><F49/><W39/><G64/><T87/><D36/><U80/><E80/><V2/><F2/><W25/><G4/><T130/><D130/><U26/><E26/><V37/><F37/><W129/><G129/><N who="1" m="49738" /><E94/><V15/><F78/><W54/><G39/><T42/><D87/><U106/><E90/><N who="3" m="34346" /><G41/><T52/><D42/><U89/><E89/><V123/><F76/><W66/><G66/><T82/><D82/><U7/><E106/><V31/><F31/><W47/><G25/><T32/><D27/><U29/><E29/><V9/><F9/><W108/><G40/><T1/><D35/><U135/><E135/><V30/><F30/><W113/><G113/><T57/><D32/><U132/><E132/><V134/><F134/><W116/><G116/><T122/><D122/><U58/><E45/><V68/><REACH who="2" step="1"/><F123/><REACH who="2" ten="331,209,219,221" step="2"/><W98/><G17/><T104/><D104/><U23/><E23/><V124/><F124/><W6/><G18/><T20/><D38/><U11/><E11/><V100/><AGARI ba="1,2" hai="15,16,22,62,67,68,72,74,75,85,86,92,97,100" machi="100" ten="30,4000,0" yaku="1,1,0,1,54,1,53,0" doraHai="3" doraHaiUra="79" who="2" fromWho="2" sc="331,-11,209,-21,219,63,221,-11" /><INIT seed="2,0,0,5,0,66" ten="320,188,282,210" oya="2" hai0="43,10,124,12,11,50,108,122,47,72,126,73,103" hai1="29,19,135,38,63,99,80,92,77,84,117,102,93" hai2="15,26,120,39,16,58,62,35,121,5,105,83,65" hai3="36,97,23,74,27,70,54,6,107,59,28,3,87"/><V131/><F131/><W110/><G74/><T69/><D108/><U68/><E38/><V98/><F39/><W24/><G36/><T71/><D122/><U127/><E117/><V91/><F5/><W100/><G110/><T0/><D103/><U20/><E29/><V30/><F83/><W41/><G41/><T134/><D134/><U48/><E127/><N who="0" m="48681" /><D0/><U88/><E135/><V9/><REACH who="2" step="1"/><F91/><REACH who="2" ten="320,188,272,210" step="2"/><W21/><G6/><N who="0" m="3159" /><D11/><U31/><E31/><V52/><F52/><W25/><G3/><T123/><D123/><U13/><E48/><V81/><F81/><W78/><G28/><T85/><D85/><U46/><E46/><V55/><F55/><W76/><G87/><T75/><AGARI ba="0,1" hai="43,47,50,69,71,72,73,75" m="3159,48681" machi="75" ten="40,5200,0" yaku="18,1,52,2" doraHai="66" who="0" fromWho="0" sc="320,62,188,-13,272,-26,210,-13" /><INIT seed="3,0,0,1,4,121" ten="382,175,246,197" oya="3" hai0="31,133,4,36,2,99,103,120,59,35,8,58,60" hai1="117,26,66,77,48,72,132,91,37,96,131,79,135" hai2="45,70,109,102,76,56,90,0,1,23,78,54,111" hai3="12,106,68,105,122,16,44,50,42,25,93,98,64"/><W61/><G122/><T83/><D120/><U116/><E37/><V101/><F70/><W28/><G28/><T119/><D36/><U15/><E66/><V5/><F45/><W7/><G25/><T38/><D38/><U34/><E15/><V124/><F90/><W67/><G7/><T11/><D119/><U47/><E131/><V108/><F124/><W73/><G73/><T129/><D11/><U53/><E72/><V63/><F23/><W114/><G67/><N who="0" m="39319" /><D83/><U85/><E117/><V126/><F126/><W30/><G30/><T125/><D31/><U27/><E116/><V6/><F6/><W134/><G134/><T81/><D81/><U43/><E34/><V40/><F40/><W104/><G114/><T118/><D118/><U57/><E96/><V19/><F19/><W84/><G84/><T14/><D14/><U41/><E41/><V51/><F63/><W113/><G113/><T115/><D115/><U22/><E27/><V89/><F89/><W80/><G80/><T86/><D86/><U20/><E20/><V87/><F87/><W82/><G82/><T110/><D133/><U39/><E135/><V29/><F29/><W123/><G123/><T46/><D4/><U112/><E132/><V71/><F71/><W52/><G42/><T94/><D125/><U13/><E26/><V69/><F69/><W62/><G62/><T33/><D33/><U9/><E22/><V107/><F107/><W3/><G105/><T32/><D32/><U100/><E100/><N who="2" m="38507" /><F5/><W17/><G64/><T21/><D35/><U24/><E112/><V18/><F18/><RYUUKYOKU ba="0,0" sc="382,-10,175,-10,246,30,197,-10" hai2="0,1,51,54,56,76,78,108,109,111" owari="372,47.2,165,-33.5,276,7.6,187,-21.3" /></mjloggm>