<mjloggm ver="2.3"><GO type="225" lobby="0"/><UN n0="%E3%82%B7%E3%83%B3%E5%A4%AA%E6%9C%97" n1="%E3%83%9D%E3%83%B3%E3%83%9D%E3%82%B3%E5%95%86%E4%BA%8B" n2="%4B%2E%32%2E%4B%2E" n3="%E3%81%A9%E3%82%8F%E3%82%93%E3%81%94" dan="16,16,16,16" rate="2153.43,2160.04,2181.71,2060.22" sx="M,M,M,M"/><TAIKYOKU oya="0"/><INIT seed="0,0,0,5,5,78" ten="250,250,250,250" oya="0" hai0="109,5,114,89,118,111,19,0,51,34,124,67,41" hai1="98,49,117,80,125,2,102,1,21,9,96,12,16" hai2="22,36,35,74,119,46,55,37,57,88,113,38,115" hai3="43,71,13,62,132,122,64,26,121,54,97,69,100"/><T133/><D118/><U93/><E125/><V58/><F35/><W47/><G132/><T42/><D114/><U68/><E68/><V65/><F74/><W66/><G26/><T48/><D124/><U106/><E117/><V107/><F107/><W127/><G13/><T134/><D34/><U44/><E21/><V75/><F75/><W94/><G127/><T27/><D5/><U14/><E14/><V108/><F119/><W40/><G54/><T61/><D0/><U130/><E130/><V52/><F88/><W79/><G79/><T4/><D4/><U83/><E2/><V105/><F105/><W45/><G66/><T128/><D89/><U104/><E1/><V24/><F108/><N who="0" m="41546" /><D19/><U50/><E106/><V135/><F135/><N who="0" m="51722" /><D27/><U60/><E60/><N who="2" m="38031" /><F22/><W63/><G63/><T126/><D126/><U131/><E131/><V86/><F24/><W81/><G62/><T129/><D128/><U17/><E17/><V33/><F33/><W28/><G64/><T123/><D123/><U76/><E76/><V70/><F115/><W7/><G122/><T110/><N who="0" m="41554" /><T23/><DORA hai="6" /><D23/><U90/><E50/><N who="0" m="18985" /><D129/><U11/><E11/><V120/><F120/><W56/><G121/><T77/><D77/><U20/><E20/><V25/><F113/><W3/><G3/><T8/><D8/><U18/><E18/><V15/><F25/><W87/><G7/><T39/><D39/><U85/><E98/><V112/><F112/><W29/><G97/><T82/><D82/><U73/><E73/><V31/><F36/><N who="3" m="21639" /><G81/><T32/><D32/><U30/><E30/><RYUUKYOKU ba="0,0" sc="250,15,250,15,250,-15,250,-15" hai0="41,42,61,67" hai1="9,12,16,44,49,80,83,85,90,93,96,102,104" /><INIT seed="0,1,0,0,5,47" ten="265,265,235,235" oya="0" hai0="74,26,53,19,95,121,100,55,41,119,22,46,44" hai1="27,51,115,133,126,69,118,42,43,97,127,0,49" hai2="12,56,25,109,73,38,130,62,82,57,79,98,7" hai3="78,34,111,129,101,80,1,99,87,122,110,32,60"/><T88/><D121/><U58/><E118/><V28/><F38/><W71/><G1/><T124/><D124/><N who="1" m="47659" /><E0/><V123/><F123/><W31/><G122/><T84/><D119/><U37/><E115/><V20/><F109/><N who="3" m="41483" /><G31/><T75/><D100/><U16/><E69/><V132/><F132/><W106/><G129/><T14/><D55/><U108/><E108/><V17/><F130/><W63/><G63/><T11/><D53/><U23/><E133/><V67/><F7/><W48/><G48/><N who="1" m="18506" /><E37/><V18/><F56/><W114/><G114/><T35/><D35/><U96/><E58/><V33/><F98/><AGARI ba="1,0" hai="16,23,27,42,43,96,97,98" m="18506,47659" machi="98" ten="30,8000,1" yaku="18,1,52,3,54,1" doraHai="47" who="1" fromWho="2" sc="265,0,265,83,235,-83,235,0" /><INIT seed="1,0,0,5,5,51" ten="265,348,152,235" oya="1" hai0="79,57,26,114,52,71,126,39,81,59,45,102,58" hai1="65,36,101,109,32,38,97,3,12,55,106,128,50" hai2="125,17,43,107,88,19,68,69,104,100,24,9,89" hai3="63,10,92,1,105,135,37,60,90,28,112,113,62"/><U132/><E3/><V99/><F125/><W54/><G105/><T15/><D126/><U27/><E128/><V61/><F43/><W120/><G37/><T94/><D71/><U111/><E65/><V30/><F107/><W21/><G120/><T2/><D2/><U95/><E106/><V118/><F118/><W74/><G74/><T91/><D114/><U5/><E132/><V96/><F69/><W73/><G73/><T34/><D102/><U115/><E115/><V18/><F9/><W123/><G123/><T78/><D15/><U46/><E5/><V122/><F96/><W7/><G135/><T0/><D0/><U6/><E6/><V29/><F29/><W110/><G110/><N who="1" m="41994" /><E12/><V31/><F30/><AGARI ba="0,0" hai="27,30,32,36,38,46,50,55,95,97,101" m="41994" machi="30" ten="30,5800,0" yaku="14,1,10,1,52,1" doraHai="51" who="1" fromWho="2" sc="265,0,348,58,152,-58,235,0" /><INIT seed="1,1,0,3,4,133" ten="265,406,94,235" oya="1" hai0="43,131,36,71,87,41,118,50,89,101,134,66,130" hai1="98,5,63,64,23,84,4,132,46,37,29,74,79" hai2="6,124,45,110,102,12,117,100,81,80,135,120,38" hai3="16,108,1,123,94,52,115,70,31,103,39,78,90"/><U72/><E132/><V111/><F135/><W19/><G115/><T62/><D134/><U86/><E86/><V85/><F45/><W88/><G123/><T27/><D118/><U32/><E32/><V67/><F38/><W125/><G70/><T60/><D101/><U68/><E84/><V22/><F67/><W28/><G1/><T93/><D36/><U95/><E74/><V54/><F54/><W35/><G78/><T77/><D77/><U51/><E37/><V119/><F22/><W126/><G39/><T59/><D27/><U97/><E97/><V24/><F24/><W34/><G103/><T8/><D8/><U75/><E29/><V53/><F53/><W10/><G10/><T83/><D83/><U0/><E23/><V13/><F85/><W58/><G108/><T25/><D25/><U82/><E0/><V92/><F92/><W73/><G73/><T3/><D3/><U26/><E26/><V55/><F55/><W40/><G40/><T109/><D109/><U128/><E128/><N who="0" m="49193" /><D50/><U57/><E68/><V30/><F6/><W15/><G15/><T112/><D112/><U127/><E75/><V44/><F44/><W49/><G35/><T20/><D20/><U9/><E9/><V61/><F61/><W2/><G2/><T69/><D69/><U105/><E63/><V106/><F106/><W48/><G34/><T114/><D114/><U113/><E105/><V33/><F33/><W122/><G49/><T121/><D121/><U56/><E51/><V99/><F120/><W18/><G122/><T7/><D7/><U47/><E113/><RYUUKYOKU ba="1,0" sc="265,30,406,-10,94,-10,235,-10" hai0="41,43,59,60,62,66,71,87,89,93" /><INIT seed="2,2,0,3,1,31" ten="295,396,84,225" oya="2" hai0="98,46,49,97,134,106,24,58,125,3,8,62,65" hai1="80,82,75,79,44,114,64,41,101,131,132,100,86" hai2="36,135,71,89,55,107,102,39,51,67,59,124,29" hai3="50,77,112,81,115,73,61,26,122,13,95,123,109"/><V66/><F124/><W120/><G61/><T34/><D125/><U21/><E114/><N who="3" m="43562" /><G13/><T104/><D134/><U45/><E132/><V20/><F135/><W15/><G15/><T53/><D106/><U28/><E64/><V54/><F20/><W118/><G118/><T37/><D104/><U90/><E45/><N who="2" m="28015" /><F29/><W42/><G109/><T91/><D37/><N who="2" m="14410" /><F107/><W69/><G69/><T113/><D113/><U127/><E127/><V88/><F102/><W43/><G50/><T1/><D91/><U130/><E21/><V93/><F88/><W6/><G6/><T48/><D1/><U84/><E28/><V32/><F32/><W72/><G26/><T52/><D34/><U30/><E30/><V126/><F126/><W108/><G108/><T25/><D3/><U76/><E101/><V121/><F71/><W57/><G73/><T22/><D8/><U70/><E70/><V12/><F12/><W56/><G95/><T40/><D22/><U60/><E100/><V19/><F19/><W96/><G96/><N who="0" m="36971" /><D65/><N who="2" m="24586" /><F121/><W23/><G23/><T85/><D85/><U92/><E75/><V110/><F110/><W2/><G2/><T18/><D18/><U105/><E86/><V133/><F133/><W5/><G5/><T78/><D78/><U68/><E79/><V83/><F83/><N who="1" m="31785" /><E76/><V7/><F7/><W35/><G35/><T9/><D9/><U128/><E105/><V14/><F14/><W4/><G4/><T103/><D103/><U116/><E84/><N who="2" m="52391" /><F59/><AGARI ba="2,0" hai="42,43,56,57,59,72,77,81,120,122,123" m="43562" machi="59" ten="40,1300,0" yaku="11,1" doraHai="31" who="3" fromWho="2" sc="295,0,396,0,84,-19,225,19" /><AGARI ba="2,0" hai="24,25,40,46,48,49,52,53,58,59,62" m="36971" machi="59" ten="30,2000,0" yaku="8,1,54,1" doraHai="31" who="0" fromWho="2" sc="295,20,396,0,65,-20,244,0" /><INIT seed="3,0,0,2,4,91" ten="315,396,45,244" oya="3" hai0="37,76,95,23,56,21,127,126,133,97,47,125,124" hai1="0,96,20,43,80,102,65,54,62,75,121,53,74" hai2="52,26,17,128,104,69,41,92,7,108,90,134,60" hai3="87,25,109,44,35,77,98,71,33,28,15,67,103"/><W31/><G44/><T49/><D133/><U11/><E121/><V1/><F104/><W9/><G109/><T100/><D76/><U115/><E115/><V114/><F114/><W93/><G77/><T86/><D37/><U13/><E0/><V129/><F108/><W73/><G73/><T19/><D56/><U61/><E43/><V48/><F134/><W14/><G87/><T135/><D135/><U8/><E75/><V107/><F107/><W94/><G94/><T51/><D86/><U32/><E32/><V113/><F113/><W66/><G71/><T5/><D5/><U2/><E2/><V4/><F1/><W81/><G81/><T117/><D117/><U82/><E74/><V36/><F128/><W68/><G68/><T132/><D132/><U106/><E20/><V112/><F17/><W12/><REACH who="3" step="1"/><G9/><REACH who="3" ten="315,396,45,234" step="2"/><T78/><D78/><U55/><E8/><V89/><F112/><W63/><G63/><T123/><D127/><U57/><REACH who="1" step="1"/><E62/><REACH who="1" ten="315,386,45,234" step="2"/><V119/><F129/><W34/><G34/><T29/><D123/><U64/><E64/><N who="2" m="41095" /><F119/><W42/><G42/><T79/><D126/><U45/><E45/><N who="2" m="23719" /><F26/><AGARI ba="0,2" hai="12,14,15,25,26,28,31,33,35,66,67,93,98,103" machi="26" ten="40,7700,0" yaku="1,1,9,1,52,1,53,0" doraHai="91" doraHaiUra="131" who="3" fromWho="2" sc="315,0,386,0,45,-77,234,97" owari="315,-8.5,386,48.6,-32,-53.2,331,13.1" /></mjloggm>