<mjloggm ver="2.3"><GO type="225" lobby="0"/><UN n0="%E3%83%A1%E3%82%AC%E3%83%87%E3%82%B8" n1="%E3%81%99%E3%81%84%E3%81%BE%E3%81%9B%E3%83%BC%E3%82%93" n2="%E3%82%A2%E3%83%BC%E3%83%A2%E3%83%AD%E3%83%BC%E3%83%B4%E3%82%A1" n3="%E3%81%82%E3%82%93%E3%81%AA%E3%81%A4" dan="16,16,16,16" rate="2087.03,2150.68,2139.78,2145.00" sx="F,M,M,M"/><TAIKYOKU oya="0"/><INIT seed="0,0,0,5,4,80" ten="250,250,250,250" oya="0" hai0="73,63,54,126,13,28,57,89,86,12,5,114,94" hai1="130,102,49,25,44,132,121,128,100,122,134,119,92" hai2="1,69,0,124,16,131,21,93,52,53,36,60,41" hai3="67,59,39,105,98,116,35,18,84,40,88,27,75"/><T22/><D114/><U127/><E25/><V133/><F131/><N who="1" m="50217" /><E119/><V19/><F133/><N who="1" m="51305" /><E92/><V109/><F109/><W125/><G75/><T15/><D126/><U58/><E58/><V101/><F124/><W33/><G125/><T83/><D73/><U37/><E37/><V6/><F93/><W74/><G74/><T104/><D104/><U81/><E81/><V23/><F36/><W7/><G39/><T66/><D5/><U68/><E68/><V32/><F69/><W77/><G7/><T55/><D83/><U30/><E30/><V51/><F6/><W17/><G59/><T71/><D71/><U103/><E127/><V96/><F32/><W62/><G33/><T14/><N who="0" m="3072" /><DORA hai="26" /><T2/><D2/><U8/><E8/><V47/><F0/><W56/><G35/><T72/><D72/><U99/><E99/><V85/><F96/><W118/><G98/><T123/><D123/><U120/><E120/><V90/><F1/><W3/><G3/><T95/><D94/><U10/><E10/><V111/><F23/><W31/><G27/><AGARI ba="0,0" hai="22,27,28,54,55,57,63,66,86,89,95" m="3072" machi="27" ten="50,9600,0" yaku="8,1,52,2" doraHai="80,26" who="0" fromWho="3" sc="250,96,250,0,250,0,250,-96" /><INIT seed="0,1,0,5,5,40" ten="346,250,250,154" oya="0" hai0="115,121,131,0,48,4,81,68,44,6,53,74,38" hai1="43,34,125,10,57,7,42,103,41,107,126,133,75" hai2="83,135,101,22,62,127,80,64,60,93,47,94,92" hai3="65,122,39,16,132,109,46,3,117,95,78,14,73"/><T20/><D115/><U29/><E133/><V77/><F135/><W88/><G117/><T79/><D121/><U82/><E29/><V106/><F127/><W71/><G3/><T23/><D131/><U31/><E31/><V70/><F22/><W19/><G132/><T116/><D116/><U113/><E34/><V12/><F12/><W134/><G134/><T17/><D68/><U89/><E113/><V130/><F130/><W87/><G122/><T120/><D120/><U30/><E30/><V69/><F77/><W110/><G65/><T124/><D124/><U59/><E125/><V27/><F27/><W104/><G104/><T119/><D119/><U15/><E126/><V91/><F91/><W28/><G28/><T99/><D99/><U111/><E111/><N who="3" m="42506" /><G14/><T67/><D67/><U90/><E103/><V32/><F32/><W58/><G58/><N who="1" m="22026" /><E75/><V96/><F69/><W105/><G105/><T52/><D53/><U102/><E102/><V112/><F112/><W61/><G61/><T123/><D123/><U26/><E26/><V9/><F62/><W97/><G73/><T37/><D23/><U108/><E108/><V11/><F9/><W1/><G1/><T76/><D0/><U118/><E118/><V33/><F11/><W55/><G71/><T25/><REACH who="0" step="1"/><D79/><REACH who="0" ten="336,250,250,154" step="2"/><U13/><E10/><V98/><F33/><W36/><G78/><T54/><D54/><U50/><E42/><V66/><F66/><W100/><G55/><T5/><AGARI ba="1,1" hai="4,5,6,17,20,25,37,38,44,48,52,74,76,81" machi="5" ten="30,11700,0" yaku="1,1,0,1,52,1,54,1,53,0" doraHai="40" doraHaiUra="85" who="0" fromWho="0" sc="336,130,250,-40,250,-40,154,-40" /><INIT seed="0,2,0,1,4,121" ten="466,210,210,114" oya="0" hai0="3,58,69,46,84,87,102,78,39,7,25,22,44" hai1="132,134,10,76,128,135,133,101,19,71,120,74,55" hai2="89,70,18,13,41,92,28,6,42,116,67,108,126" hai3="31,99,16,57,2,35,11,91,124,127,90,130,115"/><T65/><D69/><U72/><E120/><V75/><F75/><W82/><G115/><T63/><D3/><U77/><E128/><V37/><F6/><W17/><G130/><T4/><D102/><U26/><E71/><V98/><F126/><N who="3" m="48171" /><G57/><T14/><D39/><U81/><E101/><V5/><F5/><N who="0" m="2122" /><D14/><N who="1" m="7639" /><E135/><V50/><F37/><W33/><G2/><T27/><D27/><U109/><E26/><V93/><F116/><W21/><G11/><T36/><D36/><U88/><E55/><V1/><F1/><W9/><G9/><T104/><D104/><U68/><E68/><V23/><F70/><W34/><G31/><N who="0" m="17847" /><D78/><U12/><E12/><V100/><F28/><W66/><G21/><T113/><D113/><U95/><E77/><V15/><F23/><W97/><G66/><T96/><D96/><N who="3" m="36937" /><G82/><T32/><D32/><U59/><E72/><V105/><F67/><W43/><G43/><T114/><D114/><U47/><E134/><V48/><F41/><W64/><G64/><T62/><D62/><U53/><E133/><V106/><F42/><W80/><G80/><T103/><D65/><U38/><E74/><V117/><F105/><W45/><G45/><T29/><D44/><U20/><E47/><V49/><F106/><W131/><G131/><T129/><D46/><U112/><E112/><V60/><F60/><W52/><G52/><T83/><D58/><U0/><E0/><V111/><F13/><W54/><G54/><T24/><D63/><U110/><E132/><V123/><F15/><W125/><N who="3" m="48179" /><W94/><DORA hai="30" /><G94/><T8/><D129/><RYUUKYOKU ba="2,0" sc="466,-10,210,-10,210,-10,114,30" hai3="16,17,33,34,35,90,91" /><INIT seed="1,3,0,1,5,135" ten="456,200,200,144" oya="1" hai0="36,3,5,7,129,29,121,77,118,114,15,126,22" hai1="37,128,97,24,99,94,112,85,80,90,41,78,9" hai2="31,26,102,62,103,2,100,68,16,86,25,35,72" hai3="54,106,44,120,84,27,82,60,111,39,43,40,104"/><U23/><E112/><V92/><F72/><W83/><G120/><T4/><D36/><U53/><E128/><V132/><F2/><W14/><G111/><T38/><D38/><U133/><E133/><V109/><F132/><W47/><G14/><T46/><D46/><U56/><E9/><V134/><F134/><W8/><G8/><N who="0" m="2079" /><D77/><U98/><E41/><V50/><F109/><W125/><G27/><N who="0" m="16631" /><D114/><U101/><E101/><V30/><F50/><W91/><G83/><T122/><D118/><U127/><E127/><V65/><F86/><W34/><G34/><T11/><D129/><U51/><REACH who="1" step="1"/><E37/><REACH who="1" ten="456,190,200,144" step="2"/><V66/><F100/><W0/><G125/><T49/><D126/><U12/><E12/><V95/><F102/><W124/><G124/><T28/><D15/><U130/><E130/><V93/><F103/><W42/><G0/><T6/><D11/><U19/><AGARI ba="3,1" hai="19,23,24,51,53,56,78,80,85,90,94,97,98,99" machi="19" ten="20,7800,0" yaku="1,1,0,1,7,1,8,1,53,0" doraHai="135" doraHaiUra="57" who="1" fromWho="1" sc="456,-29,190,97,200,-29,144,-29" /><INIT seed="1,4,0,0,2,74" ten="427,287,171,115" oya="1" hai0="96,65,88,76,121,40,33,106,57,109,133,131,2" hai1="16,45,94,1,115,21,117,83,62,132,90,23,122" hai2="108,35,77,30,41,110,69,4,49,48,111,19,93" hai3="89,79,113,34,50,63,47,43,26,22,123,126,75"/><U129/><E115/><V101/><F69/><W10/><G123/><T39/><D2/><U56/><E122/><V7/><F19/><W3/><G113/><T71/><D121/><U24/><E117/><V67/><F67/><W73/><G126/><T6/><D33/><U52/><E129/><V119/><F119/><W42/><G34/><T85/><D131/><U95/><E1/><V18/><F18/><W84/><G43/><T27/><D6/><N who="2" m="2090" /><F41/><W55/><G10/><T54/><D27/><N who="1" m="14759" /><E132/><V0/><F0/><W60/><G3/><T64/><D71/><U127/><E127/><V31/><F77/><W87/><G42/><T15/><D15/><U86/><E45/><V58/><F58/><W72/><G79/><T107/><D40/><U53/><E53/><V80/><F80/><W59/><G47/><T120/><D133/><U116/><E116/><V91/><F101/><W105/><G105/><T25/><D54/><U68/><E68/><V20/><F20/><W114/><G114/><T112/><D57/><U78/><E90/><V102/><F102/><W118/><G118/><T46/><D88/><U66/><E66/><V97/><F35/><W13/><G13/><T37/><D65/><U5/><E5/><V17/><F17/><AGARI ba="4,0" hai="17,23,24,52,56,62,78,83,86,94,95" m="14759" machi="17" ten="30,11600,0" yaku="8,1,52,1,54,2" doraHai="74" who="1" fromWho="2" sc="427,0,287,128,171,-128,115,0" /><INIT seed="1,5,0,3,3,110" ten="427,415,43,115" oya="1" hai0="82,34,76,100,91,59,109,83,18,103,127,131,3" hai1="46,0,74,23,13,37,62,26,77,97,67,86,81" hai2="93,63,71,38,56,40,111,30,66,41,70,105,52" hai3="65,116,90,57,11,89,36,133,122,6,45,35,14"/><U124/><E0/><V118/><F105/><W87/><G122/><T60/><D34/><U55/><E124/><V1/><F1/><W115/><G35/><T135/><D109/><U48/><E37/><V132/><F111/><W107/><G107/><T16/><D127/><U7/><E97/><V73/><F73/><W20/><G90/><T28/><D3/><U85/><E13/><V88/><F118/><W68/><G57/><T120/><D28/><U112/><E7/><V78/><F78/><W98/><G98/><T95/><D131/><U75/><E75/><V2/><F2/><W96/><G96/><N who="0" m="57471" /><D135/><U9/><E9/><V44/><F132/><W19/><G20/><T121/><D103/><U61/><E61/><V114/><F30/><W72/><G65/><N who="0" m="39071" /><D100/><U54/><E54/><V21/><F21/><W108/><G36/><T58/><D58/><U134/><E134/><V10/><F10/><W27/><G11/><T130/><D130/><U104/><E104/><V99/><F41/><W69/><G133/><T80/><D76/><U49/><E112/><V29/><F29/><W12/><G115/><T128/><D128/><U125/><E125/><V4/><F4/><W126/><G6/><T129/><D129/><U119/><E119/><V123/><F114/><W31/><G108/><T47/><D47/><U94/><E94/><V50/><F123/><AGARI ba="5,0" hai="16,18,80,82,83,120,121,123" m="39071,57471" machi="123" ten="30,2000,0" yaku="13,1,54,1" doraHai="110" who="0" fromWho="2" sc="427,35,415,0,43,-35,115,0" /><INIT seed="2,0,0,2,4,7" ten="462,415,8,115" oya="2" hai0="12,24,13,40,46,51,45,64,17,81,68,108,94" hai1="71,120,0,43,77,66,31,104,58,130,38,34,111" hai2="89,101,117,86,41,47,78,92,97,56,91,123,132" hai3="96,124,128,42,3,1,23,83,49,48,57,75,29"/><V79/><F117/><W8/><G23/><N who="0" m="13423" /><D68/><U74/><E58/><V115/><F123/><W99/><G57/><T69/><D69/><U28/><E28/><V87/><F115/><W11/><G83/><T18/><D64/><U72/><E31/><V10/><F132/><W53/><G53/><T126/><D108/><U135/><E77/><N who="2" m="29195" /><F56/><W131/><G29/><T22/><D81/><U103/><E66/><V70/><F70/><W88/><G88/><N who="2" m="33865" /><F10/><W100/><G75/><T102/><D126/><U5/><E72/><V119/><F119/><W121/><G42/><T36/><D36/><U32/><E43/><V25/><F25/><W37/><G37/><T20/><D46/><U73/><E73/><V33/><F33/><W113/><G113/><T60/><D60/><U82/><E34/><V112/><F112/><W62/><G62/><T90/><D102/><U19/><E120/><V6/><F6/><W61/><G61/><T118/><D118/><U55/><E103/><V59/><F59/><W65/><G100/><T54/><D40/><U95/><E5/><V4/><F4/><W107/><G121/><T134/><D134/><U2/><E135/><V93/><F92/><W76/><G1/><T15/><D18/><U14/><E19/><V27/><F27/><W44/><G3/><T9/><D9/><U63/><E0/><V114/><F114/><W127/><G8/><T26/><D26/><U84/><E2/><V109/><F109/><W30/><G11/><T50/><D50/><AGARI ba="0,0" hai="41,47,50,86,87,93,97,101" m="33865,29195" machi="50" ten="30,2900,0" yaku="8,1,54,1" doraHai="7" who="2" fromWho="0" sc="462,-29,415,0,8,29,115,0" /><INIT seed="2,1,0,5,1,81" ten="433,415,37,115" oya="2" hai0="119,25,2,58,19,74,36,20,11,104,116,55,0" hai1="129,67,71,121,17,60,95,125,10,30,102,83,73" hai2="64,33,88,93,113,99,66,110,97,50,94,18,79" hai3="76,72,78,29,7,133,3,128,117,85,48,68,27"/><V47/><F113/><W130/><G117/><N who="0" m="45131" /><D74/><U108/><E108/><V87/><F110/><W124/><G72/><T62/><D104/><U98/><E125/><V28/><F33/><W34/><G68/><T31/><D36/><U109/><E109/><V59/><F28/><W6/><G133/><T114/><D114/><U111/><E111/><V52/><F18/><W39/><G39/><T91/><D91/><U89/><E129/><N who="3" m="49770" /><G3/><N who="0" m="1067" /><D11/><U23/><E121/><V115/><F115/><W40/><G124/><T69/><D69/><U135/><E135/><V42/><F79/><N who="3" m="30251" /><G85/><T77/><D77/><U45/><E73/><V9/><F9/><W16/><G16/><AGARI ba="1,0" hai="16,19,20,25,31,55,58,62" m="1067,45131" machi="16" ten="30,2000,0" yaku="12,1,54,1" doraHai="81" who="0" fromWho="3" sc="433,23,415,0,37,0,115,-23" /><INIT seed="3,0,0,0,3,119" ten="456,415,37,92" oya="3" hai0="79,89,59,67,33,27,57,22,26,6,84,17,127" hai1="46,16,65,3,109,97,129,91,75,70,1,62,10" hai2="61,122,19,71,87,30,60,53,105,101,18,128,94" hai3="23,95,51,20,123,124,106,13,118,96,56,132,35"/><W134/><G35/><T28/><D127/><U39/><E109/><V77/><F128/><W37/><G37/><T130/><D130/><U49/><E75/><V78/><F30/><W0/><G0/><T50/><D6/><U117/><E39/><V82/><F77/><W8/><G95/><T34/><D79/><U47/><E129/><V66/><F105/><W107/><G51/><T4/><D4/><U38/><E38/><V41/><F41/><W80/><G56/><T40/><D67/><U110/><E110/><V2/><F2/><W116/><G13/><T31/><D50/><U5/><E117/><V125/><F125/><W120/><G8/><T108/><D40/><U7/><E49/><V131/><F131/><W88/><G124/><T92/><D108/><U52/><E47/><V133/><F133/><W14/><G14/><AGARI ba="0,0" hai="14,17,22,26,27,28,31,33,34,57,59,84,89,92" machi="14" ten="30,2000,0" yaku="7,1,9,1" doraHai="119" who="0" fromWho="3" sc="456,20,415,0,37,0,92,-20" owari="476,57.6,415,21.5,37,-46.3,72,-32.8" /></mjloggm>