<mjloggm ver="2.3"><GO type="225" lobby="0"/><UN n0="%E3%83%B4%E3%83%A0%EF%BC%99%E3%81%A6" n1="%E3%81%95%E3%81%8D%E3%81%9F%E3%81%BE%E6%9E%97%E6%AA%8E" n2="%E3%81%AF%E3%82%88%E3%81%8A%E3%81%98%E3%81%95%E3%82%93" n3="%6E%69%63%6F%6E%74%6F" dan="17,16,16,17" rate="2185.36,2157.39,2130.51,2161.53" sx="M,M,M,M"/><TAIKYOKU oya="0"/><INIT seed="0,0,0,5,2,49" ten="250,250,250,250" oya="0" hai0="101,2,76,50,18,69,17,104,110,10,45,73,11" hai1="3,56,62,30,21,59,32,93,23,20,86,1,131" hai2="47,75,72,109,4,46,82,105,41,133,94,70,28" hai3="112,118,119,57,64,116,89,111,91,96,81,26,66"/><T113/><D113/><U132/><E132/><V52/><F105/><W80/><G112/><T88/><D69/><U78/><E131/><V40/><F70/><W38/><G38/><T123/><D123/><U126/><E126/><V121/><F121/><W102/><G26/><T36/><D36/><U7/><E32/><V77/><F133/><W108/><G57/><T13/><D110/><N who="3" m="42025" /><G64/><T22/><D73/><U106/><E106/><V5/><F109/><W25/><G25/><T67/><D76/><U74/><E74/><V39/><F75/><W90/><G66/><T100/><D67/><U43/><E59/><V134/><F28/><W51/><G51/><T33/><D33/><U117/><E117/><N who="3" m="29954" /><W124/><DORA hai="8" /><G124/><T65/><D65/><U92/><E30/><V99/><F134/><W129/><G129/><T125/><D104/><AGARI ba="0,0" hai="80,81,89,90,91,96,102,104" m="29954,42025" machi="104" ten="50,6400,0" yaku="14,1,34,2" doraHai="49,8" who="3" fromWho="0" sc="250,-64,250,0,250,0,250,64" /><INIT seed="1,0,0,0,5,59" ten="186,250,250,314" oya="1" hai0="97,18,31,134,121,63,14,58,80,91,69,71,48" hai1="85,56,60,34,113,33,40,90,9,110,37,6,43" hai2="26,65,102,64,41,112,117,49,27,54,62,4,99" hai3="67,114,95,93,94,120,20,45,122,44,104,128,78"/><U89/><E113/><V107/><F117/><W5/><G114/><T100/><D134/><U47/><E43/><V10/><F112/><W23/><G104/><T76/><D121/><U39/><E39/><V127/><F127/><W123/><G78/><T42/><D31/><U83/><E90/><V13/><F41/><W115/><G115/><T29/><D29/><U28/><E28/><V70/><REACH who="2" step="1"/><F65/><REACH who="2" ten="186,250,240,314" step="2"/><W96/><G67/><T19/><D42/><U16/><E110/><V52/><F52/><W15/><G128/><T74/><D69/><U30/><E30/><V2/><F2/><W124/><G124/><T53/><D71/><U7/><E34/><V129/><F129/><W109/><G109/><T88/><D48/><U50/><E33/><V25/><F25/><W101/><G101/><T72/><D72/><U51/><E50/><V87/><F87/><W126/><G126/><T133/><D133/><U135/><E135/><V81/><F81/><W38/><G38/><T1/><D1/><U22/><E37/><V73/><F73/><W111/><G111/><T55/><D55/><N who="1" m="33823" /><E9/><V119/><F119/><W0/><G0/><T103/><D103/><U36/><E36/><V17/><F17/><W130/><G130/><T106/><REACH who="0" step="1"/><D19/><REACH who="0" ten="176,250,240,314" step="2"/><U105/><E105/><V125/><F125/><W57/><G123/><T92/><D92/><U68/><E68/><V98/><F98/><W24/><G96/><T66/><D66/><U118/><E118/><V82/><F82/><W75/><G122/><T108/><D108/><U116/><E116/><V84/><F84/><W61/><G120/><RYUUKYOKU ba="0,2" sc="176,10,250,10,240,10,314,-30" hai0="14,18,53,58,63,74,76,80,88,91,97,100,106" hai1="6,7,16,22,40,47,51,83,85,89" hai2="4,10,13,26,27,49,54,62,64,70,99,102,107" /><INIT seed="1,1,2,4,4,72" ten="186,260,250,284" oya="1" hai0="81,1,41,24,61,114,88,100,77,31,80,83,119" hai1="125,127,123,46,133,12,116,50,117,94,43,132,15" hai2="11,42,5,65,28,112,23,34,62,10,30,111,84" hai3="36,59,48,49,105,85,20,104,4,22,97,54,18"/><U44/><E94/><V9/><F34/><W86/><G36/><T60/><D114/><U115/><E15/><V13/><F112/><W89/><G4/><T124/><D119/><N who="1" m="45643" /><E115/><V57/><F111/><W37/><G37/><T95/><D1/><U76/><E76/><V99/><F42/><W52/><G105/><T29/><D124/><N who="1" m="47691" /><E12/><V87/><F99/><W38/><G38/><T17/><D41/><N who="1" m="24847" /><E123/><V121/><F121/><W35/><G104/><T26/><D100/><U51/><AGARI ba="1,2" hai="43,46,51,132,133" m="24847,47691,45643" machi="51" ten="40,7800,0" yaku="18,1,34,2" doraHai="72" who="1" fromWho="1" sc="186,-27,260,101,250,-27,284,-27" /><INIT seed="1,2,0,3,0,29" ten="159,361,223,257" oya="1" hai0="80,63,81,121,39,49,61,77,79,127,111,48,37" hai1="57,126,107,52,1,32,53,118,62,33,30,135,19" hai2="50,22,2,17,55,112,90,125,93,116,34,66,99" hai3="106,27,43,87,129,124,117,46,60,54,105,70,97"/><U4/><E118/><V7/><F116/><W120/><G117/><T109/><REACH who="0" step="1"/><D127/><REACH who="0" ten="149,361,223,257" step="2"/><U108/><E126/><V0/><F125/><W16/><G124/><T92/><D92/><U78/><E107/><V69/><F93/><W123/><G106/><T40/><D40/><U104/><E104/><V24/><F0/><W100/><G43/><T132/><D132/><U110/><E135/><V98/><F2/><W47/><G105/><T131/><D131/><U76/><E1/><V21/><F112/><W26/><G129/><T12/><D12/><U102/><E4/><V71/><F7/><W122/><G122/><AGARI ba="2,1" hai="37,39,48,49,61,63,77,79,80,81,109,111,121,122" machi="122" ten="25,6400,0" yaku="21,2,22,2,53,0" doraHai="29" doraHaiUra="95" who="0" fromWho="3" sc="149,80,361,0,223,0,257,-70" /><INIT seed="2,0,0,0,0,87" ten="229,361,223,187" oya="2" hai0="80,43,35,90,105,48,11,58,126,40,109,82,112" hai1="64,18,51,102,134,12,88,78,117,71,83,116,8" hai2="49,16,46,2,62,121,91,84,19,0,69,9,47" hai3="98,29,5,89,79,54,103,77,132,119,33,99,27"/><V17/><F121/><W61/><G132/><T6/><D112/><U120/><E134/><V114/><F114/><W22/><G119/><T115/><D115/><U7/><E120/><V24/><F24/><W131/><G131/><T128/><D105/><U63/><E102/><V53/><F47/><W75/><G75/><T70/><D70/><U30/><E30/><V74/><F74/><W133/><G133/><T81/><D35/><U129/><E129/><V94/><REACH who="2" step="1"/><F9/><REACH who="2" ten="229,361,213,187" step="2"/><W55/><G33/><T26/><D26/><U96/><E116/><V123/><F123/><W38/><G38/><T101/><D128/><U57/><E117/><V67/><AGARI ba="0,1" hai="0,2,16,17,19,46,49,53,62,67,69,84,91,94" machi="67" ten="30,12000,1" yaku="1,1,0,1,52,1,54,1,53,1" doraHai="87" doraHaiUra="41" who="2" fromWho="2" sc="229,-40,361,-40,213,130,187,-40" /><INIT seed="2,1,0,4,3,95" ten="189,321,343,147" oya="2" hai0="116,106,132,19,92,8,119,91,66,34,61,124,87" hai1="112,30,46,53,12,28,129,38,120,135,133,26,56" hai2="45,40,9,3,121,25,24,54,96,76,103,57,109" hai3="72,105,77,43,11,100,0,101,81,29,58,5,49"/><V125/><F121/><W27/><G58/><T32/><D106/><U85/><E112/><V14/><F125/><W118/><G118/><N who="0" m="45099" /><D124/><U22/><E129/><V36/><F109/><W74/><G74/><T70/><D132/><N who="1" m="50763" /><E120/><V94/><F76/><W10/><G10/><T31/><D31/><N who="1" m="17879" /><E12/><AGARI ba="1,0" hai="8,12,19,32,34,61,66,70,87,91,92" m="45099" machi="12" ten="30,1000,0" yaku="12,1" doraHai="95" who="0" fromWho="1" sc="189,13,321,-13,343,0,147,0" /><INIT seed="3,0,0,4,3,24" ten="202,308,343,147" oya="3" hai0="65,20,89,79,104,86,8,115,73,48,23,106,75" hai1="124,131,102,118,7,129,72,42,69,68,37,45,52" hai2="111,63,30,26,22,34,81,18,135,54,4,110,98" hai3="114,5,127,82,67,40,101,50,3,92,19,78,80"/><W122/><G122/><T57/><D104/><U108/><E72/><V32/><F135/><W84/><G114/><T35/><D106/><U14/><E102/><V71/><F4/><W51/><G127/><T17/><D35/><U107/><E107/><V56/><F71/><W39/><G39/><T44/><D73/><U90/><E90/><V85/><F98/><N who="3" m="59591" /><G3/><T11/><D79/><U83/><E83/><V66/><F66/><W94/><G5/><T112/><D75/><U123/><E123/><V126/><F126/><W74/><G67/><T132/><D132/><U109/><E124/><V33/><REACH who="2" step="1"/><F18/><REACH who="2" ten="202,308,333,147" step="2"/><W91/><G74/><T96/><D17/><U1/><E1/><V59/><F59/><W133/><G133/><T28/><D57/><U76/><E76/><AGARI ba="0,1" hai="22,26,30,32,33,34,54,56,63,76,81,85,110,111" machi="76" ten="40,2600,0" yaku="1,1,52,1,53,0" doraHai="24" doraHaiUra="87" who="2" fromWho="1" sc="202,0,308,-26,333,36,147,0" owari="202,-19.8,282,8.2,369,46.9,147,-35.3" /></mjloggm>