<mjloggm ver="2.3"><GO type="225" lobby="0"/><UN n0="%72%69%6F%75%63%68%61%6E" n1="%33%74%72%65%65" n2="%E3%81%AC%E3%81%BE%E3%81%84%E3%81%91" n3="%E5%A4%9C%E5%85%89%E5%A4%A9%E6%A5%BC" dan="16,16,16,17" rate="2195.60,2182.79,2048.55,2131.30" sx="M,F,M,M"/><TAIKYOKU oya="0"/><INIT seed="0,0,0,1,0,130" ten="250,250,250,250" oya="0" hai0="9,13,120,16,122,53,28,41,133,84,56,80,119" hai1="121,96,32,64,0,135,30,131,98,54,4,128,45" hai2="62,22,58,29,134,114,33,46,104,106,95,44,59" hai3="99,73,75,71,79,100,110,91,116,85,117,12,63"/><T5/><D133/><U24/><E121/><V88/><F114/><W42/><G42/><T19/><D119/><N who="3" m="45641" /><G12/><T77/><D28/><U15/><E0/><V67/><F134/><W36/><G63/><T35/><D35/><U125/><E125/><V113/><F113/><W78/><G71/><T90/><D41/><U57/><E135/><V107/><F33/><W3/><G36/><T103/><D103/><U6/><E45/><V74/><F74/><N who="3" m="28171" /><G3/><T11/><D77/><U20/><E64/><V7/><F7/><N who="1" m="2601" /><E15/><V87/><REACH who="2" step="1"/><F59/><REACH who="2" ten="250,250,240,250" step="2"/><W37/><G110/><T10/><D5/><U21/><E32/><V38/><F38/><W94/><G37/><T129/><D129/><N who="1" m="49739" /><E21/><V109/><F109/><W18/><G18/><T17/><REACH who="0" step="1"/><D13/><REACH who="0" ten="240,250,240,250" step="2"/><U70/><E70/><V93/><F93/><AGARI ba="0,2" hai="78,79,85,91,93,94,99,100" m="28171,45641" machi="93" ten="30,2000,0" yaku="34,2" doraHai="130" who="3" fromWho="2" sc="240,0,250,0,240,-20,250,40" /><INIT seed="1,0,0,4,1,83" ten="240,250,220,290" oya="1" hai0="11,68,28,71,90,111,129,112,105,37,59,44,119" hai1="21,32,120,78,55,38,67,25,117,39,124,116,7" hai2="93,33,8,89,97,122,81,103,0,53,29,46,110" hai3="26,45,9,19,61,31,2,6,23,115,65,135,104"/><U72/><E120/><V54/><F122/><W84/><G115/><T50/><D112/><U57/><E124/><V17/><F110/><W109/><G109/><T76/><D119/><U77/><E32/><V27/><F46/><W91/><G104/><T123/><D111/><U60/><E116/><V96/><F17/><W51/><G135/><T108/><D108/><U52/><E117/><V16/><F0/><W85/><G91/><T107/><D123/><U127/><E127/><V48/><F48/><W3/><G31/><T13/><D76/><U101/><E101/><V41/><F41/><W10/><G10/><T100/><D129/><U134/><E134/><V35/><F35/><W20/><G20/><T36/><D28/><U131/><E7/><V102/><F102/><W126/><G2/><T15/><D90/><U128/><E77/><V87/><REACH who="2" step="1"/><F97/><REACH who="2" ten="240,250,210,290" step="2"/><W121/><G121/><T42/><D100/><U47/><E47/><V69/><F69/><W92/><G126/><T95/><D71/><U74/><E39/><V22/><F22/><W14/><G3/><T125/><D68/><U5/><E38/><V24/><F24/><W113/><G113/><T88/><D125/><U98/><E98/><V133/><F133/><W79/><G45/><T132/><D132/><U114/><E114/><V99/><F99/><W18/><G18/><N who="0" m="8511" /><D15/><AGARI ba="0,1" hai="8,15,16,27,29,33,53,54,81,87,89,93,96,103" machi="15" ten="40,5200,0" yaku="1,1,52,1,54,1,53,0" doraHai="83" doraHaiUra="62" who="2" fromWho="0" sc="240,-52,250,0,210,62,290,0" /><INIT seed="2,0,0,4,5,65" ten="188,250,272,290" oya="2" hai0="14,122,74,0,121,20,59,37,128,51,86,49,106" hai1="43,71,116,58,132,103,133,52,67,18,129,4,97" hai2="64,26,62,130,34,89,95,77,92,112,47,35,41" hai3="45,81,90,31,113,57,60,80,2,68,84,101,79"/><V3/><F112/><W56/><G2/><T46/><D74/><U111/><E116/><V127/><F3/><W54/><G113/><T63/><D0/><U10/><E111/><V100/><F130/><W98/><G31/><T110/><D106/><U87/><E129/><V93/><F127/><W135/><G135/><T61/><D128/><U107/><E43/><V12/><F77/><W70/><G45/><T131/><D131/><U40/><E40/><V120/><F100/><W125/><G57/><T123/><D110/><U50/><E18/><V91/><F12/><W13/><G13/><T11/><D20/><U36/><E36/><V119/><F120/><W118/><G118/><T24/><D24/><U117/><E117/><V99/><F26/><W105/><REACH who="3" step="1"/><G125/><REACH who="3" ten="188,250,272,280" step="2"/><T69/><D59/><U23/><E133/><V73/><F119/><W83/><G83/><T82/><D46/><U55/><E58/><V28/><F28/><W126/><G126/><T104/><D123/><U39/><E132/><V94/><F34/><W25/><G25/><T53/><D122/><U66/><E67/><V17/><F35/><W21/><G21/><T33/><D121/><U1/><E66/><V88/><F64/><W15/><G15/><T9/><D14/><U29/><E23/><V38/><F47/><W134/><G134/><T85/><D33/><U48/><E29/><V76/><F17/><W102/><G102/><T124/><D124/><U42/><E103/><V16/><F16/><W27/><G27/><T75/><D82/><U22/><E1/><V115/><N who="2" m="23552" /><DORA hai="7" /><V32/><F115/><RYUUKYOKU ba="0,1" sc="188,-10,250,-10,272,-10,280,30" hai3="54,56,60,68,70,79,80,81,84,90,98,101,105" /><INIT seed="3,1,1,5,3,90" ten="178,240,262,310" oya="3" hai0="103,58,36,92,27,14,26,40,101,107,46,93,123" hai1="35,129,109,23,32,75,113,86,4,117,19,89,99" hai2="29,127,11,73,64,135,1,130,80,98,30,96,119" hai3="122,25,17,56,76,131,70,3,112,42,102,7,134"/><W84/><G112/><T52/><D123/><U67/><E113/><V68/><F119/><W63/><G122/><T72/><D72/><U124/><E109/><V100/><F98/><W12/><G70/><T41/><D107/><U2/><E75/><V87/><F73/><W51/><G102/><N who="0" m="38923" /><D36/><U13/><E32/><V74/><F74/><W55/><G131/><T43/><D46/><U49/><E35/><V81/><F130/><W114/><G114/><T53/><D14/><U60/><E117/><V20/><F135/><W95/><G3/><T22/><D26/><U65/><E13/><V31/><F127/><W61/><G42/><N who="0" m="10755" /><T44/><DORA hai="115" /><D44/><U38/><E124/><V66/><F68/><W8/><G134/><T50/><D53/><U33/><E38/><V0/><F0/><W132/><G132/><T120/><D120/><U9/><E2/><V88/><F81/><W83/><G25/><T45/><D45/><U78/><E129/><V54/><F54/><W47/><G47/><T121/><D121/><U24/><E24/><V15/><F1/><W37/><G37/><T28/><AGARI ba="1,1" hai="22,27,28,50,52,58,92,93" m="10755,38923" machi="28" ten="40,8000,1" yaku="8,1,52,2,54,1" doraHai="90,115" who="0" fromWho="0" sc="178,93,240,-21,262,-21,310,-41" /><INIT seed="4,0,0,4,4,17" ten="271,219,241,269" oya="0" hai0="128,131,34,11,72,92,114,112,123,84,117,23,28" hai1="20,77,26,88,76,53,39,47,107,67,87,103,75" hai2="3,78,54,86,49,101,93,15,127,51,113,8,111" hai3="25,130,129,108,90,41,97,135,81,122,91,120,79"/><T35/><D117/><U43/><E67/><V12/><F111/><W70/><G70/><T21/><D123/><N who="3" m="47145" /><G41/><T40/><D72/><U18/><E75/><V133/><F113/><N who="0" m="43626" /><D40/><U13/><E53/><V58/><F133/><W134/><G25/><N who="0" m="16431" /><D23/><U50/><E39/><V89/><F127/><W100/><G108/><T95/><D11/><N who="1" m="6463" /><E103/><V60/><F3/><W82/><G134/><T99/><D84/><U32/><E107/><V104/><F15/><W102/><G135/><T118/><D118/><U24/><E32/><N who="0" m="12329" /><D92/><N who="1" m="54303" /><E26/><V119/><F119/><W6/><G97/><T69/><D69/><U27/><E27/><V19/><REACH who="2" step="1"/><F78/><REACH who="2" ten="271,219,231,269" step="2"/><W73/><G79/><T125/><D125/><U94/><E76/><V14/><F14/><W55/><G73/><T2/><D2/><U10/><E77/><V22/><F22/><W48/><G130/><T74/><D74/><U126/><E126/><V71/><F71/><W36/><G129/><T56/><D56/><U115/><E115/><V59/><F59/><W33/><G33/><T83/><D83/><U64/><E10/><V80/><F80/><W132/><G82/><T66/><D66/><U5/><E64/><V110/><F110/><W116/><G81/><T124/><D124/><U121/><E121/><V109/><F109/><W46/><G132/><T30/><D128/><U37/><E20/><V63/><F63/><W98/><G116/><T106/><D131/><U9/><E9/><V16/><F16/><W42/><G6/><T68/><D68/><U62/><E5/><V45/><F45/><N who="3" m="23751" /><G98/><AGARI ba="0,1" hai="8,12,19,49,51,54,58,60,86,89,93,98,101,104" machi="98" ten="40,1300,0" yaku="1,1,53,0" doraHai="17" doraHaiUra="31" who="2" fromWho="3" sc="271,0,219,0,231,23,269,-13" /><INIT seed="5,0,0,5,0,106" ten="271,219,254,256" oya="1" hai0="82,59,60,110,61,101,117,134,11,31,48,84,88" hai1="92,25,57,96,129,7,122,18,15,105,9,107,30" hai2="54,76,81,125,21,6,75,37,44,79,83,35,116" hai3="121,34,124,123,103,51,36,62,46,102,77,135,42"/><U5/><E122/><V22/><F116/><W17/><G34/><T72/><D110/><U56/><E129/><V89/><F35/><W55/><G121/><T119/><D134/><U45/><E107/><V20/><F125/><W52/><G124/><T78/><D31/><U63/><E105/><V32/><F32/><W85/><G135/><T90/><D101/><N who="1" m="60551" /><E45/><V1/><F89/><W114/><G123/><T73/><D48/><U104/><E104/><V43/><F54/><N who="3" m="20523" /><G36/><T74/><D11/><U26/><E56/><V13/><F13/><W115/><G17/><T69/><D69/><U108/><E108/><V50/><F50/><W120/><G62/><T39/><D39/><U118/><E118/><V8/><F22/><W38/><G38/><T98/><D61/><U112/><E112/><N who="3" m="43050" /><G120/><T28/><D28/><U86/><E86/><AGARI ba="0,0" hai="1,6,8,20,21,37,43,44,75,76,79,81,83,86" machi="86" ten="30,7700,0" yaku="7,1,25,2,52,1" doraHai="106" who="2" fromWho="1" sc="271,0,219,-77,254,77,256,0" owari="271,7.1,142,-35.8,331,43.1,256,-14.4" /></mjloggm>