<mjloggm ver="2.3"><GO type="225" lobby="0"/><UN n0="%E6%81%A5%E6%99%92%E3%81%97" n1="%E3%81%B9%E3%81%A3%E3%81%97%E3%83%BC" n2="%E9%80%86%E9%80%A3%E5%B8%AF%E3%81%AE%E9%AC%BC" n3="%4B%2E%32%2E%4B%2E" dan="16,16,17,17" rate="2138.59,2062.48,2132.75,2196.59" sx="M,M,M,M"/><TAIKYOKU oya="0"/><INIT seed="0,0,0,1,4,119" ten="250,250,250,250" oya="0" hai0="117,125,122,28,99,76,4,135,8,88,61,52,48" hai1="73,107,121,63,0,25,42,56,54,110,17,75,57" hai2="89,83,109,36,115,106,62,97,108,92,114,15,40" hai3="22,127,35,100,44,51,86,101,123,1,6,47,59"/><T90/><D117/><U87/><E0/><V95/><F62/><W84/><G35/><T26/><D125/><U70/><E70/><V126/><F40/><W50/><G1/><T77/><D135/><U65/><E107/><V128/><F36/><W33/><G33/><T71/><D122/><U104/><E104/><V30/><F30/><W2/><G2/><T91/><D99/><U12/><E110/><N who="2" m="42603" /><F15/><W37/><G37/><T21/><D8/><U67/><E42/><V102/><F126/><W85/><G22/><T80/><D4/><U64/><E57/><V82/><F128/><W118/><G6/><T81/><D61/><U46/><E46/><N who="3" m="17450" /><G59/><N who="0" m="33159" /><D71/><U7/><E7/><V20/><F20/><W111/><G111/><T133/><D133/><U130/><E130/><V53/><F53/><W3/><G3/><T38/><D38/><U11/><E25/><V134/><F134/><W14/><G14/><T45/><D45/><U58/><E58/><V55/><F55/><W105/><G105/><T98/><D98/><U94/><REACH who="1" step="1"/><E121/><REACH who="1" ten="250,240,250,250" step="2"/><V16/><F106/><W120/><G127/><T131/><D131/><U10/><E10/><V68/><F68/><W74/><G118/><T112/><D112/><U19/><E19/><V78/><F16/><W113/><G113/><T103/><D103/><U49/><E49/><N who="3" m="18442" /><G101/><T116/><D116/><U129/><E129/><V72/><F115/><W132/><G100/><T124/><D124/><U96/><E96/><N who="2" m="57359" /><F114/><W43/><G132/><T93/><D93/><U60/><E60/><V29/><F29/><W5/><G43/><T9/><D9/><RYUUKYOKU ba="0,1" sc="250,10,240,10,250,10,250,-30" hai0="21,26,28,76,77,80,81,88,90,91" hai1="11,12,17,54,56,63,64,65,67,73,75,87,94" hai2="72,78,82,83,95,97,102" /><INIT seed="0,1,1,3,3,40" ten="260,250,260,220" oya="0" hai0="18,113,39,47,22,16,42,69,108,20,130,49,88" hai1="50,72,58,56,121,120,38,17,12,34,134,133,53" hai2="102,117,15,106,9,63,32,37,80,95,23,31,71" hai3="33,8,19,76,77,14,85,127,10,52,101,30,114"/><T27/><D113/><U107/><E107/><V98/><F117/><W79/><G114/><T111/><D130/><U64/><E72/><V74/><F37/><W118/><G118/><T109/><D69/><U60/><E34/><V92/><F23/><W55/><G127/><T7/><D7/><U125/><E125/><V126/><F126/><W0/><G101/><T129/><D129/><U89/><E38/><V96/><F74/><W36/><G36/><T2/><D2/><U43/><E43/><V115/><F115/><W28/><G85/><T90/><D39/><U131/><E131/><V93/><F80/><W78/><N who="3" m="19456" /><DORA hai="57" /><W70/><G70/><T54/><D42/><U103/><E103/><V100/><F31/><W104/><G104/><T73/><D73/><U4/><E4/><V128/><F32/><W68/><G68/><T123/><D123/><U112/><E89/><V81/><F81/><W65/><G65/><T13/><AGARI ba="1,1" hai="13,16,18,20,22,27,47,49,54,88,90,108,109,111" machi="13" ten="30,18000,2" yaku="0,1,14,1,10,1,52,1,54,2" doraHai="40,57" who="0" fromWho="0" sc="260,193,250,-61,260,-61,220,-61" /><INIT seed="0,2,0,1,3,52" ten="453,189,199,159" oya="0" hai0="23,1,14,9,128,31,120,113,10,34,79,26,124" hai1="38,64,20,19,122,75,42,5,37,80,93,18,30" hai2="99,76,108,100,36,111,78,15,32,117,134,16,21" hai3="89,83,71,114,82,22,11,130,94,118,127,74,131"/><T97/><D79/><U55/><E122/><V132/><F32/><W48/><G71/><T56/><D120/><U95/><E64/><V101/><F36/><W54/><G114/><T86/><D86/><U81/><E5/><V121/><F117/><W110/><G118/><T60/><D124/><U133/><E55/><V129/><F129/><N who="3" m="49163" /><G127/><T61/><D113/><U68/><E68/><V29/><F121/><W12/><G22/><T103/><D61/><U126/><E126/><V3/><F3/><W44/><G74/><T107/><D1/><U88/><E133/><N who="2" m="51307" /><F29/><W125/><G110/><N who="2" m="42025" /><F101/><W105/><G105/><AGARI ba="2,0" hai="15,16,21,76,78,99,100,105" m="42025,51307" machi="105" ten="30,3900,0" yaku="20,1,14,1,54,1" doraHai="52" who="2" fromWho="3" sc="453,0,189,0,199,45,159,-45" /><INIT seed="1,0,0,5,0,17" ten="453,189,244,114" oya="1" hai0="70,48,22,85,20,6,2,21,65,36,4,23,30" hai1="97,105,74,61,46,24,42,73,43,57,51,69,123" hai2="93,56,114,47,127,58,45,118,37,122,35,135,8" hai3="10,128,106,26,75,28,27,100,44,79,110,60,94"/><U34/><E123/><V19/><F35/><W50/><G106/><T14/><D36/><U53/><E43/><V89/><F118/><W71/><G110/><T112/><D112/><U54/><E69/><V59/><F114/><W86/><G128/><T121/><D121/><U38/><E34/><V76/><F122/><W13/><G75/><T63/><D2/><U7/><E7/><V109/><F135/><W124/><G124/><T92/><D48/><U113/><E113/><V1/><F109/><W29/><G100/><T67/><D67/><U11/><E11/><V131/><F131/><W90/><G79/><T39/><D39/><U98/><E24/><N who="3" m="9258" /><G60/><T15/><D15/><U111/><E111/><V103/><F37/><W41/><G71/><T119/><D119/><U108/><E108/><V125/><F103/><W104/><G104/><T18/><D30/><U115/><E115/><V77/><F127/><W87/><G86/><T66/><D66/><U33/><E33/><V52/><F125/><W62/><G62/><T96/><REACH who="0" step="1"/><D85/><REACH who="0" ten="443,189,244,114" step="2"/><U0/><E0/><V129/><F1/><W68/><G68/><T116/><D116/><U16/><E73/><V9/><F129/><W3/><G3/><T91/><AGARI ba="0,1" hai="4,6,14,18,20,21,22,23,63,65,70,91,92,96" machi="91" ten="30,12000,2" yaku="1,1,0,1,52,4,53,0" doraHai="17" doraHaiUra="40" who="0" fromWho="0" sc="443,130,189,-60,244,-30,114,-30" /><INIT seed="2,0,0,5,2,16" ten="573,129,214,84" oya="2" hai0="128,58,7,26,83,112,84,63,36,46,72,38,2" hai1="17,4,119,35,42,20,22,61,89,41,49,97,88" hai2="69,47,93,133,37,124,115,113,53,11,13,131,99" hai3="75,28,30,120,39,129,64,92,32,55,85,103,123"/><V24/><F69/><W14/><G75/><T19/><D128/><U105/><E35/><V82/><F131/><W98/><G129/><T1/><D1/><U106/><E119/><V48/><F133/><W121/><G39/><T33/><D72/><U107/><E4/><V3/><F124/><W73/><G73/><T65/><D112/><U104/><N who="1" m="26624" /><DORA hai="79" /><U68/><E97/><V6/><F37/><W66/><G55/><T77/><D46/><U57/><E68/><V126/><F126/><W9/><G85/><T50/><D50/><U122/><E122/><V87/><F24/><W12/><G12/><T110/><D19/><U15/><E22/><V59/><F3/><W34/><G34/><T5/><D5/><U91/><REACH who="1" step="1"/><E49/><REACH who="1" ten="573,119,214,84" step="2"/><V44/><F115/><W132/><G132/><T116/><D7/><U130/><E130/><V134/><F113/><W94/><G32/><T127/><D33/><U51/><E51/><V52/><F134/><W29/><REACH who="3" step="1"/><G94/><REACH who="3" ten="573,119,214,74" step="2"/><T8/><D38/><U21/><E21/><V40/><F93/><W74/><G74/><T101/><D36/><U118/><E118/><V117/><F117/><W125/><G125/><T90/><D116/><U81/><E81/><V96/><F47/><W135/><G135/><T70/><D127/><U31/><E31/><V102/><F44/><W43/><G43/><T27/><D83/><U95/><E95/><N who="2" m="58655" /><F40/><W45/><G45/><T114/><D114/><U76/><E76/><V111/><F82/><W71/><G71/><T23/><D70/><U56/><E56/><V25/><F59/><W67/><G67/><AGARI ba="0,2" hai="15,17,20,41,42,57,61,67,88,89,91" m="26624" machi="67" ten="70,16000,3" yaku="1,1,6,1,52,1,54,1,53,5" doraHai="16,79" doraHaiUra="100,62" who="1" fromWho="3" sc="573,0,119,180,214,0,74,-160" owari="573,67.3,299,9.9,214,-18.6,-86,-58.6" /></mjloggm>