<mjloggm ver="2.3"><GO type="225" lobby="0"/><UN n0="%E5%A4%8F%E9%88%B4%E9%88%B4%E5%A4%8F" n1="%E3%81%AA%E3%81%8C%E3%81%95%E3%82%8F%E3%81%BE%E3%81%95%E3%81%BF" n2="%E5%B8%86%E7%AB%8B%E5%A4%8F%E8%A1%A3" n3="%E3%81%82%E3%81%84%E3%81%82%E3%81%8A%E3%81%84" dan="16,16,17,18" rate="2126.20,2099.44,2152.79,2178.96" sx="M,F,M,M"/><TAIKYOKU oya="0"/><INIT seed="0,0,0,2,3,47" ten="250,250,250,250" oya="0" hai0="40,121,50,8,30,102,14,116,101,25,5,27,90" hai1="120,41,46,26,22,7,21,130,117,131,129,82,34" hai2="64,61,16,89,63,70,85,75,93,49,83,6,3" hai3="1,31,20,28,45,111,73,18,44,80,11,122,109"/><T71/><BYE who="1" /><D116/><U10/><E10/><V107/><F107/><W0/><G73/><T17/><D71/><U77/><E77/><V81/><F3/><N who="3" m="1099" /><G80/><UN n1="%E3%81%AA%E3%81%8C%E3%81%95%E3%82%8F%E3%81%BE%E3%81%95%E3%81%BF" /><T128/><D121/><U32/><E7/><V106/><F6/><W132/><G45/><N who="0" m="25895" /><D128/><U13/><E82/><V94/><F106/><W43/><G11/><N who="0" m="6367" /><D90/><U123/><E13/><V52/><F63/><W56/><G56/><T87/><D87/><U29/><E21/><V135/><F135/><W97/><G97/><T33/><D33/><N who="1" m="12907" /><E117/><V79/><REACH who="2" step="1"/><F16/><REACH who="2" ten="250,250,240,250" step="2"/><W67/><G132/><T48/><D5/><U100/><E100/><V62/><F62/><W74/><G18/><T119/><D119/><U125/><E125/><V55/><F55/><W58/><G122/><T23/><D8/><U38/><AGARI ba="0,1" hai="22,26,29,38,41,46,120,123,129,130,131" m="12907" machi="38" ten="40,1500,0" yaku="19,1" doraHai="47" who="1" fromWho="1" sc="250,-7,250,25,240,-4,250,-4" /><INIT seed="1,0,0,3,1,78" ten="243,275,236,246" oya="1" hai0="75,16,20,63,109,120,130,36,27,13,99,34,2" hai1="82,113,39,14,25,122,17,0,84,38,47,129,56" hai2="57,102,51,19,50,128,86,71,77,31,46,43,121" hai3="104,93,98,35,119,1,95,110,5,88,8,7,100"/><U9/><E122/><V115/><F128/><W37/><G110/><T131/><D75/><U60/><E113/><V106/><F115/><W53/><G119/><T70/><D36/><U91/><E129/><N who="0" m="49161" /><D2/><U4/><E25/><V101/><F71/><W29/><G37/><T92/><D109/><U45/><E38/><V22/><F121/><W15/><G104/><T107/><D107/><U69/><E69/><V3/><F3/><W79/><G79/><T28/><D120/><U87/><E39/><V24/><F106/><W72/><G72/><T74/><D74/><U21/><REACH who="1" step="1"/><E87/><REACH who="1" ten="243,265,236,246" step="2"/><V80/><F31/><W114/><G114/><T83/><D70/><U103/><E103/><V58/><F51/><W40/><G29/><T134/><D134/><U59/><E59/><AGARI ba="0,1" hai="19,22,24,43,46,50,57,58,59,77,80,86,101,102" machi="59" ten="40,2600,0" yaku="8,1,52,1" doraHai="78" who="2" fromWho="1" sc="243,0,265,-26,236,36,246,0" /><INIT seed="2,0,0,0,2,80" ten="243,239,272,246" oya="2" hai0="61,117,0,88,66,133,22,20,49,129,11,68,43" hai1="40,127,18,84,4,101,124,36,96,21,7,5,45" hai2="26,60,1,75,14,134,37,34,6,46,10,131,130" hai3="27,70,112,113,31,63,56,23,62,65,99,38,48"/><V69/><F75/><W72/><G72/><T82/><D129/><N who="2" m="49162" /><F134/><W104/><G38/><T110/><D133/><U51/><E36/><V89/><F1/><W93/><G48/><T100/><D100/><U39/><E39/><V3/><F3/><W123/><G104/><T135/><D135/><U25/><REACH who="1" step="1"/><E84/><REACH who="1" ten="243,229,272,246" step="2"/><V12/><F37/><W77/><G123/><T19/><D117/><U53/><E53/><V47/><F14/><W102/><REACH who="3" step="1"/><G77/><REACH who="3" ten="243,229,272,236" step="2"/><T76/><D76/><U54/><E54/><AGARI ba="0,2" hai="23,27,31,54,56,62,63,65,70,93,99,102,112,113" machi="54" ten="40,2600,0" yaku="1,1,2,1,53,0" doraHai="80" doraHaiUra="33" who="3" fromWho="1" sc="243,0,229,-26,272,0,236,46" /><INIT seed="3,0,0,3,1,126" ten="243,203,272,282" oya="3" hai0="134,131,128,53,63,72,91,83,85,36,1,10,62" hai1="61,123,24,79,58,96,127,86,107,44,13,122,121" hai2="65,129,6,54,98,106,103,100,37,116,26,124,3" hai3="97,93,84,117,21,33,14,60,135,52,47,57,41"/><W66/><G33/><T4/><D134/><U71/><E71/><V108/><F124/><W39/><G135/><T40/><D72/><U56/><E127/><V9/><F116/><W20/><G117/><T22/><D22/><U80/><E24/><V95/><F129/><N who="0" m="49738" /><D53/><U112/><E112/><V32/><F54/><W109/><G109/><T38/><D40/><U11/><E44/><V12/><F108/><W35/><G35/><T99/><D99/><U118/><E118/><V110/><F110/><W105/><G105/><T43/><D43/><U73/><E73/><V0/><F37/><AGARI ba="0,0" hai="1,4,10,36,37,38,62,63,83,85,91" m="49738" machi="37" ten="30,7700,0" yaku="19,1,52,3" doraHai="126" who="0" fromWho="2" sc="243,77,203,0,272,-77,282,0" owari="320,42.0,203,-19.7,195,-30.5,282,8.2" /></mjloggm>