<mjloggm ver="2.3"><GO type="225" lobby="0"/><UN n0="%E3%83%A9%E3%83%96%E3%83%AC%E3%83%BC" n1="%E7%99%BD%E9%9B%AA%E4%B9%83%E6%84%9B" n2="%6D%75%75%6D%75%72%61" n3="%72%69%6F%75%63%68%61%6E" dan="18,16,17,17" rate="2170.75,2056.28,2175.58,2166.14" sx="M,F,F,M"/><TAIKYOKU oya="0"/><INIT seed="0,0,0,5,0,53" ten="250,250,250,250" oya="0" hai0="133,48,97,84,124,19,81,59,8,24,30,132,120" hai1="42,95,57,68,1,60,100,76,90,44,36,116,52" hai2="106,34,16,122,55,22,62,86,103,66,112,72,96" hai3="130,129,113,29,0,101,39,54,93,77,50,4,31"/><T11/><D120/><U110/><E116/><V85/><F122/><W99/><G113/><T33/><D124/><U131/><E110/><V7/><F34/><W119/><G39/><T105/><D19/><U6/><E131/><N who="3" m="50186" /><G119/><T121/><D121/><U15/><E1/><V104/><F112/><W92/><G77/><T49/><D49/><U37/><E76/><V61/><F72/><W78/><G78/><N who="0" m="46135" /><D59/><U91/><E68/><V64/><F104/><W63/><G63/><T98/><D48/><U75/><E75/><V25/><F7/><W3/><G92/><T38/><D38/><U41/><E6/><V127/><F127/><W35/><G35/><T115/><D115/><U73/><E15/><V67/><REACH who="2" step="1"/><F61/><REACH who="2" ten="250,250,240,250" step="2"/><W107/><G107/><T51/><D105/><U5/><E5/><V118/><F118/><W40/><G3/><T17/><D33/><U123/><E73/><V58/><AGARI ba="0,1" hai="16,22,25,55,58,62,64,66,67,85,86,96,103,106" machi="58" ten="30,8000,1" yaku="1,1,0,1,52,1,54,1,53,1" doraHai="53" doraHaiUra="12" who="2" fromWho="2" sc="250,-40,250,-20,240,90,250,-20" /><INIT seed="1,0,0,0,4,131" ten="210,230,330,230" oya="1" hai0="62,126,74,129,57,12,128,100,103,89,65,63,108" hai1="102,106,75,79,29,54,110,90,93,18,96,36,38" hai2="72,37,0,99,40,67,53,132,133,68,109,7,31" hai3="48,15,85,135,94,114,92,69,52,80,22,95,82"/><U1/><E1/><V134/><F72/><W59/><G135/><T115/><D74/><U20/><E29/><V76/><F109/><W2/><G114/><T9/><D115/><U24/><E110/><V21/><F76/><W58/><G69/><T56/><D108/><U104/><E54/><V34/><F34/><W66/><G2/><T19/><D126/><U88/><E90/><V46/><F99/><W11/><G22/><T116/><D116/><U8/><E8/><N who="2" m="2151" /><F53/><W123/><G123/><T125/><D125/><U41/><E41/><V83/><F83/><W44/><G66/><T10/><D89/><U17/><E17/><V51/><F37/><W13/><G13/><T30/><D30/><U3/><E3/><V97/><F97/><W47/><G47/><T4/><D4/><U112/><E112/><V61/><F31/><W25/><G25/><T50/><D50/><U32/><E32/><V117/><F21/><W118/><G118/><AGARI ba="0,0" hai="40,46,51,61,67,68,117,118,132,133,134" m="2151" machi="118" ten="30,7700,0" yaku="20,1,52,3" doraHai="131" who="2" fromWho="3" sc="210,0,230,0,330,77,230,-77" /><INIT seed="2,0,0,5,1,64" ten="210,230,407,153" oya="2" hai0="133,15,119,93,7,98,49,73,122,76,21,79,58" hai1="29,5,80,87,86,128,56,40,83,97,92,108,19" hai2="115,31,33,38,44,114,102,52,10,32,18,117,82" hai3="85,125,9,95,104,81,88,107,78,23,75,132,70"/><V109/><F117/><W131/><G70/><T43/><D122/><U41/><E108/><V63/><F109/><W69/><G69/><T65/><D73/><U16/><E128/><V2/><F102/><W55/><G131/><T90/><D133/><U26/><E5/><V130/><F130/><W103/><G132/><T118/><D43/><N who="1" m="16459" /><E29/><V72/><F38/><W11/><G125/><T30/><D119/><U101/><E56/><V46/><F46/><W62/><G23/><T134/><D134/><U120/><E120/><V96/><F96/><W91/><G91/><T105/><D105/><U124/><E124/><V116/><F116/><W68/><G107/><T53/><D65/><U100/><E100/><V50/><F63/><W51/><G62/><T1/><D1/><U123/><E123/><V106/><F106/><W127/><G68/><T6/><D118/><U111/><E111/><V61/><F61/><W129/><G129/><T54/><D53/><U135/><E135/><V14/><F2/><W13/><G127/><T121/><D121/><U3/><E3/><V37/><F37/><W67/><G67/><T59/><D58/><U24/><E24/><V74/><F115/><W45/><G13/><T60/><D60/><U112/><E112/><V48/><F114/><W94/><G94/><T4/><D15/><U34/><E34/><V47/><F14/><W110/><REACH who="3" step="1"/><G110/><REACH who="3" ten="210,230,407,143" step="2"/><T12/><D12/><U126/><E126/><V17/><F33/><W28/><G28/><T0/><D0/><U89/><E26/><AGARI ba="0,1" hai="4,6,7,21,26,30,49,54,59,76,79,90,93,98" machi="26" ten="40,1300,0" yaku="8,1" doraHai="64" who="0" fromWho="1" sc="210,23,230,-13,407,0,143,0" /><INIT seed="3,0,0,5,0,14" ten="233,217,407,143" oya="3" hai0="9,50,48,125,2,96,71,47,113,90,124,117,6" hai1="100,7,107,32,84,114,69,45,115,103,130,109,31" hai2="23,54,80,111,128,10,98,12,121,15,126,28,18" hai3="78,60,3,11,13,94,105,65,55,133,92,57,70"/><W40/><G105/><T37/><D113/><U25/><E69/><V75/><F111/><W56/><G133/><T129/><D71/><U91/><E109/><V43/><F126/><N who="0" m="48746" /><D117/><U30/><E7/><V106/><F43/><W81/><G3/><T20/><D129/><U74/><E74/><V134/><F128/><W22/><G70/><T4/><D4/><U132/><E130/><V41/><F41/><W88/><G40/><N who="0" m="22927" /><D20/><U21/><E45/><V33/><F121/><W110/><G110/><T62/><D62/><U77/><E77/><V27/><F75/><W123/><G123/><T1/><D2/><U97/><E132/><V120/><F120/><W112/><G112/><T38/><D38/><U51/><E51/><N who="0" m="19497" /><D90/><U52/><E52/><V79/><F79/><W93/><G22/><T66/><D96/><U67/><E67/><AGARI ba="0,0" hai="1,6,9,66,67" m="19497,22927,48746" machi="67" ten="30,1000,0" yaku="18,1" doraHai="14" who="0" fromWho="1" sc="233,10,217,-10,407,0,143,0" owari="243,4.3,207,-19.3,407,50.7,143,-35.7" /></mjloggm>