<mjloggm ver="2.3"><GO type="225" lobby="0"/><UN n0="%E5%AF%82%E5%AF%9E%E3%82%AE%E3%83%8D%E3%82%B9%E3%83%93%E3%83%BC%E3%83%AB" n1="%E9%A2%A8%E3%81%A7%E9%B3%B4%E3%81%8F" n2="%E3%81%B2%E3%81%AA%E3%81%AE%E3%82%8A%E3%81%8F" n3="%E7%B4%94%E6%BD%94%E3%83%94%E3%83%A9%E3%83%8B%E3%82%A2" dan="16,16,17,17" rate="2138.12,2140.41,2193.82,2235.43" sx="M,M,M,M"/><TAIKYOKU oya="0"/><INIT seed="0,0,0,2,2,66" ten="250,250,250,250" oya="0" hai0="135,63,69,4,57,60,111,95,67,72,110,20,1" hai1="7,16,64,35,122,131,39,88,102,96,62,43,103" hai2="79,10,47,106,59,105,15,19,129,44,50,127,78" hai3="117,75,21,100,9,125,130,93,34,49,113,83,5"/><T97/><D72/><U45/><E122/><V14/><F129/><W22/><G34/><T71/><D135/><U68/><E131/><V126/><F59/><W115/><G49/><T120/><D120/><U42/><E42/><V61/><F61/><W118/><G93/><T92/><D20/><U81/><E7/><V33/><F33/><W2/><G100/><N who="0" m="60455" /><D63/><U28/><E16/><N who="2" m="8279" /><F105/><W32/><G83/><T76/><D76/><N who="2" m="29226" /><F50/><W11/><G75/><T116/><D116/><U74/><E74/><V119/><F106/><W108/><G32/><T13/><D1/><U6/><E6/><V128/><F128/><W114/><G5/><T73/><D95/><U91/><E81/><V98/><F98/><W134/><G115/><T109/><D73/><U94/><REACH who="1" step="1"/><E103/><REACH who="1" ten="250,240,250,250" step="2"/><V0/><F119/><W133/><G130/><T104/><D104/><U38/><E38/><V77/><F0/><W26/><G2/><T3/><D3/><U54/><E54/><V86/><F126/><W31/><G125/><T90/><D90/><U82/><E82/><N who="2" m="47439" /><F127/><W40/><G40/><T52/><D52/><U53/><E53/><V30/><F30/><W132/><G132/><T123/><D123/><U87/><E87/><V37/><F37/><W41/><G41/><T18/><D4/><U25/><AGARI ba="0,1" hai="25,28,35,39,43,45,62,64,68,88,91,94,96,102" machi="25" ten="30,8000,1" yaku="1,1,0,1,52,1,54,1,53,1" doraHai="66" doraHaiUra="89" who="1" fromWho="1" sc="250,-40,240,90,250,-20,250,-20" /><INIT seed="1,0,0,5,0,87" ten="210,330,230,230" oya="1" hai0="135,122,71,86,4,12,13,84,47,14,25,33,0" hai1="133,9,75,76,132,43,100,79,98,42,17,5,62" hai2="101,16,96,34,29,36,49,131,23,22,97,124,19" hai3="81,48,129,8,89,72,27,53,102,61,45,64,10"/><U68/><E17/><V78/><F36/><W110/><G110/><T92/><D71/><U20/><E20/><V31/><F131/><W127/><G129/><T119/><D119/><U130/><E130/><V123/><F123/><W52/><G102/><T55/><D122/><U60/><E43/><V85/><F124/><W54/><G127/><T90/><D135/><N who="1" m="51787" /><E42/><V111/><F111/><W95/><G27/><T118/><D118/><U38/><E38/><V18/><F34/><W59/><G81/><T121/><D121/><U120/><E120/><V28/><F49/><W105/><G105/><T15/><D33/><U32/><E32/><V77/><F97/><N who="3" m="57583" /><G72/><T125/><D25/><U69/><E69/><V7/><F7/><W57/><G57/><T103/><D125/><U88/><E75/><V74/><F74/><W58/><G59/><T44/><D0/><N who="1" m="167" /><E100/><V80/><REACH who="2" step="1"/><F78/><REACH who="2" ten="210,330,220,230" step="2"/><N who="1" m="29737" /><E68/><V73/><F73/><W56/><G64/><T99/><D4/><U63/><E63/><AGARI ba="0,1" hai="8,10,45,48,52,53,54,56,58,61,63" m="57583" machi="63" ten="30,3900,0" yaku="8,1,52,1,54,1" doraHai="87" who="3" fromWho="1" sc="210,0,330,-39,220,0,230,49" /><INIT seed="2,0,0,0,5,16" ten="210,291,220,279" oya="2" hai0="109,60,52,55,89,131,108,22,82,67,25,48,4" hai1="70,83,129,63,5,98,79,32,36,132,50,126,14" hai2="65,130,13,64,86,26,71,46,51,119,72,27,66" hai3="12,105,95,56,43,1,133,88,61,54,58,30,127"/><V21/><F119/><W114/><G105/><T87/><D131/><U24/><E129/><V91/><F72/><W23/><G1/><T106/><D106/><U115/><E115/><V42/><F130/><W2/><G2/><T75/><D4/><U34/><E36/><V99/><F99/><W45/><G114/><T11/><D11/><U68/><E132/><V92/><F71/><W121/><G121/><T93/><D75/><U19/><E5/><V80/><REACH who="2" step="1"/><F92/><REACH who="2" ten="210,291,210,279" step="2"/><W41/><G133/><T81/><D109/><U135/><E98/><V62/><F62/><W116/><G116/><T29/><D108/><U7/><E63/><V39/><F39/><W125/><G56/><N who="0" m="34823" /><D67/><U128/><E68/><V33/><F33/><W74/><G74/><T9/><D9/><U0/><E70/><V97/><F97/><W18/><G125/><T118/><D118/><U117/><E117/><V102/><F102/><W15/><G127/><T40/><D40/><U8/><E126/><V38/><F38/><W78/><G41/><T134/><D134/><U35/><E135/><V84/><F84/><N who="3" m="52615" /><G43/><T57/><AGARI ba="0,1" hai="22,25,29,48,55,57,81,82,87,89,93" m="34823" machi="57" ten="30,4000,0" yaku="8,1,52,1,54,1" doraHai="16" who="0" fromWho="0" sc="210,50,291,-10,210,-20,279,-10" /><INIT seed="3,0,0,0,5,69" ten="260,281,190,269" oya="3" hai0="80,114,19,17,71,22,46,2,18,57,23,121,48" hai1="42,47,36,50,16,111,55,31,65,107,6,93,122" hai2="34,14,4,120,1,87,124,109,21,103,61,58,110" hai3="52,7,15,128,13,38,0,112,95,41,53,117,108"/><W125/><G117/><T98/><D121/><U130/><E107/><V62/><F34/><W40/><G112/><T78/><D71/><U116/><E122/><V29/><F120/><W11/><G125/><T8/><D114/><U76/><E31/><V92/><F124/><W97/><G128/><T82/><D57/><U35/><E35/><V118/><F118/><W126/><G126/><T119/><D119/><U43/><E116/><V113/><F113/><W26/><G26/><T94/><D8/><U102/><E130/><V44/><F1/><W9/><G108/><N who="2" m="41577" /><F44/><W12/><G11/><T54/><D2/><U89/><E111/><V67/><F61/><W30/><G30/><T3/><D3/><U24/><E36/><V99/><F87/><W91/><REACH who="3" step="1"/><G38/><REACH who="3" ten="260,281,190,259" step="2"/><T105/><D22/><U115/><E115/><V28/><F4/><W60/><G60/><T104/><D23/><U90/><E6/><V123/><F123/><W129/><G129/><T49/><D49/><U45/><E24/><V72/><F72/><W25/><G25/><T79/><D105/><U70/><E50/><V10/><F10/><W101/><G101/><N who="0" m="60631" /><D104/><U64/><E102/><V33/><F33/><W20/><G20/><T68/><D68/><U63/><E70/><V37/><F37/><W133/><G133/><T27/><D27/><U81/><E63/><V77/><F77/><AGARI ba="0,1" hai="17,18,19,46,48,54,77,78,79,80,82" m="60631" machi="77" ten="30,1000,0" yaku="8,1" doraHai="69" who="0" fromWho="2" sc="260,20,281,0,190,-10,259,0" /><INIT seed="4,0,0,3,2,130" ten="280,281,180,259" oya="0" hai0="88,34,131,2,91,53,21,44,118,54,87,81,43" hai1="90,133,72,71,84,99,126,0,1,103,68,64,89" hai2="5,60,13,116,45,15,32,36,114,101,65,49,105" hai3="6,119,78,113,117,52,122,94,30,85,59,58,121"/><T3/><D118/><N who="3" m="45065" /><G30/><T17/><D34/><U69/><E72/><V67/><F116/><W25/><G25/><N who="0" m="14511" /><D3/><U11/><E64/><V8/><F32/><W111/><G6/><T23/><D2/><U120/><E120/><N who="3" m="46186" /><G78/><N who="0" m="46519" /><D23/><U57/><E126/><V4/><F36/><W22/><G22/><T83/><D131/><U76/><E76/><V61/><F114/><W14/><G14/><T33/><D33/><U51/><E0/><V125/><F125/><W75/><G75/><T41/><D54/><U28/><E28/><V10/><F105/><W12/><G12/><T31/><D31/><U77/><E51/><V86/><F86/><W27/><G27/><T124/><D124/><U108/><E57/><V97/><F67/><W37/><G85/><N who="0" m="50239" /><D91/><U42/><E89/><V123/><F123/><W55/><G94/><T95/><D95/><U7/><E77/><V132/><F132/><W74/><G74/><T73/><D73/><U98/><E133/><V38/><F38/><W134/><G37/><T135/><D135/><U92/><E1/><V104/><REACH who="2" step="1"/><F65/><REACH who="2" ten="280,281,170,259" step="2"/><W46/><G134/><T79/><D79/><U48/><E84/><V110/><F110/><W70/><G111/><T93/><D93/><U9/><E108/><V20/><F20/><W35/><G35/><T82/><D82/><U50/><E11/><V63/><F63/><N who="3" m="36295" /><G113/><T62/><D62/><U47/><E9/><V26/><F26/><W115/><G115/><T127/><D127/><U107/><E7/><V39/><F39/><W128/><G128/><T80/><D80/><U129/><E129/><V100/><F100/><RYUUKYOKU ba="0,1" sc="280,10,281,10,170,10,259,-30" hai0="41,43,44,53" hai1="42,47,48,50,68,69,71,90,92,98,99,103,107" hai2="4,5,8,10,13,15,45,49,60,61,97,101,104" /><INIT seed="4,1,1,1,4,104" ten="290,291,180,229" oya="0" hai0="102,50,5,55,52,84,14,108,92,37,44,99,124" hai1="53,18,29,120,75,41,77,61,35,32,8,15,113" hai2="80,90,40,88,117,68,9,26,63,79,96,76,121" hai3="30,42,83,100,27,49,56,98,97,24,72,33,122"/><T86/><D124/><U112/><E120/><V47/><F121/><W70/><G70/><T23/><D108/><U93/><E29/><V59/><F117/><W106/><G122/><T54/><D37/><U71/><E41/><V111/><F111/><W74/><G97/><T1/><D1/><U6/><E6/><V10/><F68/><W69/><G69/><T58/><D23/><U85/><E53/><N who="0" m="19977" /><D44/><U25/><E75/><V123/><F123/><W78/><G56/><T46/><D46/><U20/><E77/><N who="2" m="29771" /><F26/><W119/><G119/><T89/><D102/><U73/><E73/><V2/><F2/><W114/><G114/><N who="1" m="44138" /><E85/><N who="2" m="50215" /><F47/><W64/><G27/><T21/><D21/><U132/><E93/><N who="2" m="56375" /><F40/><W107/><G42/><T129/><D129/><U135/><E20/><V17/><F17/><W38/><G38/><T7/><D7/><U22/><E22/><V125/><F125/><W11/><G72/><T4/><D4/><U109/><E25/><V116/><F116/><W134/><G106/><T118/><D118/><U31/><E31/><V13/><F13/><W91/><G107/><T36/><D36/><U95/><E109/><V81/><F81/><W101/><G83/><T45/><D45/><U34/><E95/><V130/><F130/><W57/><G74/><T16/><D16/><U65/><AGARI ba="1,1" hai="8,15,18,32,34,35,61,65,71,132,135" m="44138" machi="65" ten="40,2700,0" yaku="15,1,11,1" doraHai="104" who="1" fromWho="1" sc="290,-14,291,40,180,-8,229,-8" owari="276,7.6,331,43.1,172,-32.8,221,-17.9" /></mjloggm>