<mjloggm ver="2.3"><GO type="225" lobby="0"/><UN n0="%E7%99%BD%E9%9B%AA%E4%B9%83%E6%84%9B" n1="%E6%B4%BE%E9%81%A3%E3%81%AE%E3%82%B8%E3%83%A3%E3%83%83%E3%82%AF" n2="%E9%B3%B3%E6%9D%B1%E3%81%AE%E3%81%86%E3%81%95%E3%81%8E%E3%81%95%E3%82%93" n3="%4C%4F%4C%49%54%41" dan="16,16,17,16" rate="2086.59,2172.14,2195.01,2139.77" sx="F,M,M,F"/><TAIKYOKU oya="0"/><INIT seed="0,0,0,5,2,105" ten="250,250,250,250" oya="0" hai0="97,45,98,10,74,124,95,135,80,58,107,4,125" hai1="103,42,78,83,41,112,114,53,120,115,99,109,77" hai2="18,38,34,128,12,119,76,87,48,9,16,79,7" hai3="6,91,111,3,39,81,51,37,32,66,110,123,131"/><T22/><D135/><U67/><E67/><V31/><F128/><W19/><G32/><T72/><D22/><U70/><E70/><V118/><F38/><W8/><G131/><T55/><D45/><U68/><E68/><V13/><F48/><W108/><G123/><T133/><D107/><U101/><E120/><V47/><F47/><W43/><G66/><T113/><D133/><U46/><E109/><V62/><F62/><W130/><G130/><T117/><D113/><U59/><E46/><V0/><F87/><N who="3" m="50671" /><G43/><N who="1" m="16394" /><E99/><N who="0" m="37897" /><D80/><U69/><E69/><V65/><F65/><W2/><G51/><N who="0" m="31103" /><D95/><U29/><E29/><V104/><F104/><W127/><G127/><N who="0" m="48715" /><D117/><N who="2" m="44554" /><F79/><N who="1" m="30217" /><E83/><V60/><F76/><W92/><G92/><T61/><D61/><AGARI ba="0,0" hai="53,59,61,101,103,112,114,115" m="30217,16394" machi="61" ten="40,1300,0" yaku="11,1" doraHai="105" who="1" fromWho="0" sc="250,-13,250,13,250,0,250,0" /><INIT seed="1,0,0,5,1,36" ten="237,263,250,250" oya="1" hai0="133,73,116,71,51,52,3,13,85,94,83,97,68" hai1="27,8,129,57,135,134,66,60,86,29,119,48,49" hai2="19,2,33,102,126,28,130,15,80,32,89,4,34" hai3="50,124,106,22,54,62,120,44,105,17,92,11,41"/><U108/><E119/><V37/><F37/><W84/><G120/><T65/><D116/><U24/><E129/><V35/><F102/><W25/><G124/><T131/><D3/><U114/><E114/><V47/><F47/><W30/><G92/><T20/><D73/><U21/><E108/><V107/><F107/><W101/><G101/><T109/><D109/><U70/><E8/><N who="2" m="2071" /><F89/><W67/><G84/><T18/><D133/><N who="1" m="50699" /><E70/><V115/><F80/><W81/><G81/><T56/><D65/><U118/><E118/><V88/><F88/><W78/><G78/><T98/><D131/><U104/><E104/><V1/><F130/><W43/><G106/><T96/><REACH who="0" step="1"/><D94/><REACH who="0" ten="227,263,250,250" step="2"/><U76/><E66/><V113/><F1/><W93/><G93/><T9/><D9/><U64/><E27/><N who="2" m="18463" /><F126/><W132/><G132/><T128/><D128/><U23/><E64/><V91/><F91/><AGARI ba="0,1" hai="13,18,20,51,52,56,68,71,83,85,91,96,97,98" machi="91" ten="40,5200,0" yaku="1,1,54,1,53,1" doraHai="36" doraHaiUra="45" who="0" fromWho="2" sc="227,62,263,0,250,-52,250,0" /><INIT seed="2,0,0,3,0,23" ten="289,263,198,250" oya="2" hai0="61,0,85,36,17,99,28,131,97,102,70,80,24" hai1="113,72,6,56,117,93,62,79,31,122,135,90,101" hai2="132,34,25,106,8,33,77,58,13,133,43,110,55" hai3="30,123,76,46,92,57,53,87,86,49,124,60,116"/><V20/><F106/><W3/><G116/><T68/><D0/><U98/><E117/><V48/><F77/><W73/><G123/><T118/><D118/><U130/><E113/><V50/><F43/><W104/><G104/><T134/><D36/><U83/><E122/><V71/><F71/><W41/><G3/><T67/><D134/><N who="2" m="51818" /><F50/><W11/><G124/><T7/><D7/><U52/><E135/><V69/><F69/><W14/><G30/><T121/><D121/><U39/><E39/><V89/><F89/><W103/><G73/><T38/><D38/><U47/><E130/><V5/><F110/><W119/><G76/><T82/><D70/><U111/><E111/><V29/><AGARI ba="0,0" hai="5,8,13,20,25,29,33,34,48,55,58" m="51818" machi="29" ten="30,3000,0" yaku="20,1,52,1" doraHai="23" who="2" fromWho="2" sc="289,-10,263,-10,198,30,250,-10" /><INIT seed="2,1,0,2,1,102" ten="279,253,228,240" oya="2" hai0="17,13,4,92,125,132,103,71,85,101,21,83,33" hai1="73,62,123,15,118,100,18,112,122,41,77,38,1" hai2="105,26,66,31,39,86,12,11,42,36,104,25,16" hai3="63,113,107,74,68,89,35,124,91,81,87,23,90"/><V54/><F66/><W37/><G35/><T20/><D33/><U64/><E112/><V69/><F69/><W133/><G37/><T28/><D71/><U48/><E38/><V114/><F114/><W22/><G113/><T5/><D125/><U128/><E1/><V60/><F39/><W75/><G124/><T67/><D67/><U30/><E30/><V61/><F86/><W65/><G107/><T32/><D32/><U59/><E118/><V95/><F95/><W2/><G2/><T97/><D103/><U96/><E128/><V56/><F60/><W24/><G23/><T135/><D135/><U126/><E126/><V76/><F76/><W44/><G44/><T117/><D132/><U110/><E110/><V43/><F25/><W130/><G130/><T127/><D117/><U29/><E29/><V116/><F116/><W45/><G45/><T8/><D127/><U51/><E41/><V46/><F42/><W80/><G80/><T3/><D3/><U84/><E73/><V10/><F10/><W0/><G0/><T47/><D47/><U111/><E111/><V131/><F131/><W106/><G106/><T6/><D28/><U109/><E109/><V50/><F36/><W119/><G133/><T7/><N who="0" m="1024" /><DORA hai="55" /><T9/><D9/><N who="1" m="6511" /><E123/><V79/><F79/><AGARI ba="1,0" hai="8,13,17,20,21,79,83,85,92,97,101" m="1024" machi="79" ten="50,1600,0" yaku="8,1" doraHai="102,55" who="0" fromWho="2" sc="279,19,253,0,228,-19,240,0" /><INIT seed="3,0,0,4,4,108" ten="298,253,209,240" oya="3" hai0="47,19,91,123,33,124,50,11,102,46,114,125,98" hai1="118,43,5,88,62,8,27,42,10,3,112,52,93" hai2="78,63,89,21,29,111,85,73,110,22,34,41,94" hai3="119,134,25,7,99,17,20,67,59,109,132,61,12"/><W92/><G119/><T113/><D33/><U126/><E126/><N who="0" m="48745" /><D91/><U128/><E128/><V70/><F41/><W104/><G104/><N who="0" m="63575" /><D123/><U129/><E129/><V131/><F131/><W86/><G109/><N who="2" m="41481" /><F73/><W68/><G86/><T9/><D46/><U130/><E130/><V36/><F36/><W122/><G122/><T6/><D19/><U74/><E74/><V28/><F78/><W56/><G7/><T60/><D60/><U40/><E118/><V49/><F49/><W45/><G45/><T30/><D30/><N who="2" m="11882" /><F34/><W101/><REACH who="3" step="1"/><G25/><REACH who="3" ten="298,253,209,230" step="2"/><T76/><D76/><U53/><E27/><V51/><F51/><W13/><G13/><N who="0" m="5303" /><D11/><U48/><E8/><V54/><F54/><AGARI ba="0,1" hai="47,50,54,113,114" m="5303,63575,48745" machi="54" ten="30,3900,0" yaku="18,1,52,2" doraHai="108" who="0" fromWho="2" sc="298,49,253,0,209,-39,230,0" owari="347,44.7,253,5.3,170,-33.0,230,-17.0" /></mjloggm>