<mjloggm ver="2.3"><GO type="225" lobby="0"/><UN n0="%6E%69%63%6F%6E%74%6F" n1="%E3%81%A1%E3%82%85%E3%81%86%E3%81%A9%E3%81%8F%E8%B1%A1%E3%81%95%E3%82%93" n2="%33%74%72%65%65" n3="%E9%B3%B3%E6%9D%B1%E3%81%AE%E3%81%86%E3%81%95%E3%81%8E%E3%81%95%E3%82%93" dan="17,16,17,16" rate="2148.51,2102.98,2136.43,2210.94" sx="M,M,F,M"/><TAIKYOKU oya="0"/><INIT seed="0,0,0,0,0,38" ten="250,250,250,250" oya="0" hai0="108,10,130,28,128,31,22,32,97,106,70,20,1" hai1="69,93,48,49,134,56,83,57,27,65,35,105,115" hai2="118,50,73,14,42,121,72,52,63,26,5,44,102" hai3="4,82,88,71,103,34,109,114,107,53,46,11,23"/><T16/><D70/><U85/><E105/><V77/><F121/><W66/><G114/><T6/><D106/><U59/><E134/><V58/><F118/><W3/><G34/><T8/><D97/><U98/><E115/><V2/><F2/><W33/><G33/><T29/><D108/><U0/><E0/><V119/><F119/><W54/><G109/><T39/><D39/><U135/><E135/><V80/><F102/><W111/><G111/><T92/><D92/><U127/><E127/><V100/><F100/><W67/><G23/><N who="0" m="8747" /><D32/><U76/><E69/><V89/><F89/><W18/><G18/><T86/><D86/><U15/><E65/><V87/><F26/><W21/><G21/><T96/><D96/><U101/><E27/><V81/><F80/><W132/><G67/><T19/><D10/><AGARI ba="0,0" hai="5,10,14,42,44,50,52,58,63,72,73,77,81,87" machi="10" ten="40,8000,1" yaku="25,2,52,1,54,1" doraHai="38" who="2" fromWho="0" sc="250,-80,250,0,250,80,250,0" /><INIT seed="1,0,0,1,3,30" ten="170,250,330,250" oya="1" hai0="94,17,112,75,25,111,130,110,83,20,33,28,131" hai1="80,42,3,45,31,129,38,69,126,72,92,100,15" hai2="40,82,6,23,81,55,41,60,98,52,68,10,66" hai3="12,74,9,123,5,56,85,102,4,22,19,101,46"/><U91/><E69/><V86/><F98/><W13/><G123/><T36/><D36/><U8/><E129/><N who="0" m="49161" /><D94/><U118/><E118/><V107/><F107/><W96/><G74/><T35/><D83/><U93/><E126/><V14/><F81/><W29/><G85/><T67/><D75/><U39/><E31/><V113/><F113/><W58/><G46/><T11/><D112/><U65/><E65/><V47/><F23/><N who="3" m="11751" /><G4/><T0/><D67/><U99/><E3/><V125/><F125/><W120/><G120/><T133/><D133/><U87/><E39/><V106/><F106/><W26/><G96/><T108/><D28/><U135/><E135/><V54/><REACH who="2" step="1"/><F47/><REACH who="2" ten="170,250,320,250" step="2"/><W61/><G56/><T89/><D89/><AGARI ba="0,1" hai="6,10,14,40,41,52,54,55,60,66,68,82,86,89" machi="89" ten="40,8000,1" yaku="1,1,2,1,54,1,53,1" doraHai="30" doraHaiUra="62" who="2" fromWho="0" sc="170,-80,250,0,320,90,250,0" /><INIT seed="2,0,0,4,5,54" ten="90,250,410,250" oya="2" hai0="25,59,38,14,46,32,71,2,128,15,13,45,16" hai1="72,89,118,33,37,60,79,58,27,17,0,92,101" hai2="134,30,31,18,109,42,116,76,7,95,105,3,93" hai3="117,47,73,5,57,70,100,81,64,90,108,98,131"/><V63/><F105/><W77/><G117/><T68/><D2/><U53/><E118/><V114/><F116/><W129/><G108/><T22/><D128/><N who="3" m="49225" /><G70/><T51/><D32/><U121/><E121/><V1/><F95/><W82/><G5/><T115/><D115/><U55/><E0/><V6/><F93/><N who="3" m="58447" /><G47/><T83/><D83/><U19/><E37/><V10/><F7/><W127/><G127/><T29/><D29/><U96/><E72/><V97/><F30/><W119/><G119/><T23/><D23/><U130/><E130/><V40/><F31/><W80/><G90/><T26/><D26/><U74/><E74/><V132/><F6/><W56/><G64/><T91/><D91/><U112/><E112/><V78/><F114/><W103/><G103/><T133/><D133/><U67/><E79/><V50/><F78/><N who="3" m="44111" /><G82/><T124/><D124/><U84/><E33/><V21/><F109/><W35/><G35/><T85/><D85/><AGARI ba="0,0" hai="56,57,77,81,85" m="44111,58447,49225" machi="85" ten="30,3900,0" yaku="19,1,52,2" doraHai="54" who="3" fromWho="0" sc="90,-39,250,0,410,0,250,39" /><INIT seed="3,0,0,0,3,51" ten="51,250,410,289" oya="3" hai0="130,85,88,41,73,47,2,84,110,127,27,125,63" hai1="102,135,113,28,81,43,54,45,49,80,0,68,20" hai2="8,34,26,53,6,92,64,103,39,50,98,18,31" hai3="17,75,59,105,119,19,33,77,58,24,78,66,86"/><W65/><G119/><T57/><D2/><U109/><E113/><V14/><F39/><W96/><G75/><T128/><D27/><U61/><E0/><V104/><F64/><W117/><G117/><T52/><D73/><U100/><E109/><V70/><F70/><W121/><G121/><T132/><D110/><U44/><E135/><V93/><REACH who="2" step="1"/><F6/><REACH who="2" ten="51,250,400,289" step="2"/><W69/><G65/><T123/><D123/><U42/><E68/><V122/><F122/><W32/><G66/><T76/><D76/><U129/><E129/><V91/><F91/><W83/><G69/><T82/><D85/><U112/><E112/><V29/><F29/><W11/><G78/><T126/><REACH who="0" step="1"/><D132/><REACH who="0" ten="41,250,400,289" step="2"/><U25/><E81/><V13/><F13/><W95/><G86/><T10/><D10/><U74/><E80/><V133/><F133/><W9/><G9/><T40/><D40/><U36/><E74/><V71/><F71/><W62/><G11/><T67/><D67/><U108/><E108/><V35/><F35/><W106/><G32/><T37/><AGARI ba="0,2" hai="37,41,47,52,57,63,82,84,88,125,126,127,128,130" machi="37" ten="40,12000,2" yaku="1,1,0,1,18,1,52,1,54,2,53,0" doraHai="51" doraHaiUra="21" who="0" fromWho="0" sc="41,140,250,-30,400,-30,289,-60" owari="181,-31.9,220,-18.0,370,47.0,229,2.9" /></mjloggm>