<mjloggm ver="2.3"><GO type="225" lobby="0"/><UN n0="%E5%AE%AE%E4%BF%9D%E9%B6%8F%E8%82%89" n1="%E5%B8%86%E7%AB%8B%E5%A4%8F%E8%A1%A3" n2="%6D%75%75%6D%75%72%61" n3="%E6%A1%9C%E8%8A%B1%E9%96%83%E3%80%85" dan="16,16,17,17" rate="2098.35,2106.96,2203.71,2217.88" sx="M,M,F,M"/><TAIKYOKU oya="0"/><INIT seed="0,0,0,5,1,36" ten="250,250,250,250" oya="0" hai0="87,80,93,96,98,2,117,41,111,43,15,16,49" hai1="60,31,134,104,17,21,131,18,77,55,70,86,47" hai2="71,79,35,105,135,13,107,37,51,78,4,69,66" hai3="75,118,27,91,59,0,54,74,119,22,90,123,108"/><T112/><D112/><U99/><E131/><V82/><F37/><W12/><G0/><T65/><D117/><U26/><E134/><V126/><F35/><W57/><G12/><T92/><D2/><U19/><E70/><V8/><F135/><W29/><G108/><T129/><D65/><U64/><E104/><V106/><F126/><W61/><G123/><T121/><D129/><U133/><E133/><V115/><F115/><W28/><G22/><T94/><D121/><U10/><E99/><N who="0" m="37929" /><D49/><U103/><E103/><V25/><F25/><W62/><REACH who="3" step="1"/><G54/><REACH who="3" ten="250,250,250,240" step="2"/><T38/><D111/><U42/><E55/><V23/><F23/><W85/><G85/><T58/><D38/><U72/><E86/><V110/><F110/><W30/><G30/><T132/><D132/><U83/><E10/><V24/><F24/><AGARI ba="0,1" hai="24,27,28,29,57,59,61,62,74,75,90,91,118,119" machi="24" ten="25,3200,0" yaku="1,1,22,2,53,0" doraHai="36" doraHaiUra="125" who="3" fromWho="2" sc="250,0,250,0,250,-32,240,42" /><INIT seed="1,0,0,1,5,43" ten="250,250,218,282" oya="1" hai0="44,120,81,72,66,13,14,37,129,73,21,4,39" hai1="91,54,89,130,98,16,65,53,87,6,32,29,77" hai2="114,50,106,7,38,56,55,100,10,47,69,60,8" hai3="23,83,82,113,119,17,92,117,41,84,112,102,24"/><U105/><E130/><V99/><F114/><W19/><G41/><T118/><D118/><N who="3" m="45065" /><G17/><T35/><D35/><U68/><E6/><V2/><F10/><W134/><G134/><T34/><D34/><U115/><E115/><N who="3" m="44106" /><G102/><T42/><D66/><U124/><E124/><V28/><F28/><W30/><G19/><T85/><D129/><U109/><E109/><V86/><F38/><W70/><G70/><T57/><D120/><U79/><E32/><V101/><F69/><W48/><G48/><T110/><D39/><U135/><E29/><V26/><F100/><W3/><G3/><T61/><D110/><U123/><E123/><V127/><F127/><W31/><G30/><T122/><D122/><U107/><E135/><V116/><F116/><W78/><G78/><T40/><D40/><U62/><E16/><V90/><F26/><W58/><G58/><T25/><D4/><U22/><E77/><V64/><F90/><AGARI ba="0,0" hai="23,24,31,82,83,84,90,92" m="44106,45065" machi="90" ten="30,1000,0" yaku="12,1" doraHai="43" who="3" fromWho="2" sc="250,0,250,0,218,-10,282,10" /><INIT seed="2,0,0,4,1,75" ten="250,250,208,292" oya="2" hai0="87,133,61,68,110,36,69,65,92,96,89,90,100" hai1="4,53,74,80,25,41,43,101,112,56,49,129,125" hai2="47,81,17,123,104,97,114,115,13,39,14,26,73" hai3="67,51,29,108,15,66,118,131,106,113,0,134,12"/><V3/><F123/><W78/><G0/><T79/><D36/><U132/><E112/><V83/><F3/><W94/><G106/><T6/><D110/><U72/><E132/><V122/><F122/><W11/><G29/><T71/><D133/><U16/><E129/><V77/><F83/><W38/><G38/><T9/><D79/><U27/><E125/><V8/><F26/><W70/><G15/><T105/><D90/><U60/><E4/><V103/><REACH who="2" step="1"/><F14/><AGARI ba="0,0" hai="6,9,14,61,65,68,69,71,87,89,92,96,100,105" machi="14" ten="30,1000,0" yaku="7,1" doraHai="75" who="0" fromWho="2" sc="250,10,250,0,208,-10,292,0" /><INIT seed="3,0,0,5,3,65" ten="260,250,198,292" oya="3" hai0="24,30,20,33,39,69,112,44,134,79,88,35,110" hai1="91,118,102,29,18,4,38,57,111,22,113,81,70" hai2="8,40,19,75,106,21,119,109,85,128,83,62,66" hai3="27,23,36,32,115,132,3,76,117,55,93,120,99"/><W101/><G120/><T14/><D110/><U52/><E113/><V89/><F119/><W107/><G115/><T73/><D112/><U16/><E70/><V98/><F109/><W47/><G117/><T130/><D130/><U58/><E38/><V90/><F128/><W41/><G32/><T104/><D104/><U78/><E111/><V59/><F75/><W129/><G129/><T97/><D134/><U123/><E123/><V51/><F8/><W94/><G132/><T56/><D69/><U74/><E118/><V0/><F0/><W63/><G3/><T46/><D73/><U42/><E42/><V131/><F131/><W26/><G76/><T124/><D79/><U10/><E102/><V87/><F106/><W34/><G34/><T31/><D124/><U114/><E58/><V64/><F98/><W96/><G23/><T72/><D72/><U12/><E91/><V116/><F116/><W13/><G13/><T53/><D14/><U84/><E74/><V77/><F66/><W17/><G17/><T67/><D67/><U68/><E68/><V82/><F77/><W43/><G43/><T121/><D121/><U105/><E105/><V49/><REACH who="2" step="1"/><F40/><REACH who="2" ten="260,250,188,292" step="2"/><W7/><G107/><T71/><D97/><U50/><E114/><V15/><AGARI ba="0,1" hai="15,19,21,49,51,59,62,64,82,83,85,87,89,90" machi="15" ten="20,16000,3" yaku="1,1,2,1,0,1,7,1,9,1,8,1,53,2" doraHai="65" doraHaiUra="86" who="2" fromWho="2" sc="260,-40,250,-40,188,170,292,-80" owari="220,2.0,210,-29.0,358,45.8,212,-18.8" /></mjloggm>