<mjloggm ver="2.3"><GO type="225" lobby="0"/><UN n0="%74%61%6B%75%61%6B%61" n1="%E9%8A%80%E3%81%B0%E3%81%95%E3%81%BF" n2="%E3%81%95%E3%81%8D%E3%81%9F%E3%81%BE%E6%9E%97%E6%AA%8E" n3="%E9%B3%B3%E6%9D%B1%E3%81%AE%E3%81%86%E3%81%95%E3%81%8E%E3%81%95%E3%82%93" dan="17,17,16,16" rate="2226.87,2245.70,2153.09,2129.62" sx="M,M,M,M"/><TAIKYOKU oya="0"/><INIT seed="0,0,0,0,5,108" ten="250,250,250,250" oya="0" hai0="9,8,51,114,120,29,127,104,16,85,87,86,113" hai1="38,109,107,101,24,111,15,33,119,67,22,5,13" hai2="47,79,116,95,131,39,12,43,0,122,57,7,32" hai3="82,21,92,68,49,35,45,100,128,59,20,78,11"/><T58/><D120/><U94/><E38/><V76/><F131/><W74/><G68/><T80/><D104/><U83/><E107/><V89/><F122/><W56/><G35/><T19/><D127/><U54/><E33/><V31/><F0/><W6/><G128/><T99/><D29/><U90/><E119/><V64/><F116/><W44/><G20/><T73/><D99/><U123/><E123/><V72/><F72/><W88/><G100/><T110/><D110/><N who="1" m="41995" /><E67/><V77/><F7/><W66/><G21/><T81/><D58/><U124/><E5/><V50/><F12/><W30/><G30/><T10/><D51/><U84/><E54/><V65/><F32/><W2/><G66/><T69/><D69/><U115/><E124/><V135/><F135/><W41/><REACH who="3" step="1"/><G44/><REACH who="3" ten="250,250,250,240" step="2"/><T53/><D53/><U125/><E125/><V52/><REACH who="2" step="1"/><F31/><REACH who="2" ten="250,250,240,240" step="2"/><W129/><G129/><T97/><D73/><U70/><E22/><V63/><F63/><W42/><G42/><T23/><D23/><U118/><E118/><V71/><F71/><W62/><G62/><T103/><D9/><U37/><E70/><V133/><F133/><W14/><G14/><T34/><D34/><U48/><E15/><V1/><F1/><W40/><G40/><T4/><D8/><U75/><E13/><V105/><F105/><W3/><G3/><T55/><D10/><U18/><E24/><V102/><F102/><W93/><G93/><T91/><D103/><U126/><E101/><V106/><F106/><W61/><G61/><T36/><D4/><U130/><E126/><V28/><F28/><RYUUKYOKU ba="0,2" sc="250,-15,250,-15,240,15,240,15" hai2="39,43,47,50,52,57,64,65,76,77,79,89,95" hai3="2,6,11,41,45,49,56,59,74,78,82,88,92" /><INIT seed="1,1,2,5,4,22" ten="235,235,255,255" oya="1" hai0="21,87,47,6,111,116,132,128,124,54,114,8,77" hai1="108,38,63,27,44,123,45,102,24,115,76,17,28" hai2="37,106,51,81,41,36,99,9,75,82,88,56,127" hai3="5,126,100,118,90,33,119,12,91,117,72,13,52"/><U70/><E123/><V74/><F106/><W20/><G126/><T109/><D124/><U7/><E115/><V110/><F127/><W59/><G33/><T68/><D68/><U66/><E108/><N who="0" m="41545" /><D114/><U48/><E7/><V4/><F110/><W125/><G125/><T73/><D73/><U40/><E76/><V122/><F122/><W129/><G129/><T64/><D64/><U121/><E121/><V50/><F37/><W15/><G72/><T131/><D132/><U130/><E130/><N who="0" m="49705" /><D21/><U133/><E133/><V86/><F75/><W60/><G5/><T55/><D47/><U18/><E102/><V85/><F74/><W105/><G20/><T89/><D77/><U65/><E65/><V2/><F99/><AGARI ba="1,2" hai="12,13,15,52,59,60,90,91,99,100,105,117,118,119" machi="99" ten="50,3200,0" yaku="12,1,54,1" doraHai="22" who="3" fromWho="2" sc="235,0,235,0,255,-35,255,55" /><INIT seed="2,0,0,2,2,118" ten="235,235,220,310" oya="2" hai0="104,45,135,124,81,10,57,105,100,115,21,86,1" hai1="131,11,41,23,70,99,37,44,102,96,30,77,42" hai2="19,113,94,15,17,59,0,14,29,12,13,133,79" hai3="35,84,54,106,112,39,6,117,82,109,62,66,68"/><V95/><F113/><W90/><G117/><T26/><D115/><U2/><E70/><V28/><F79/><W73/><G112/><T58/><D124/><U7/><E131/><V67/><F133/><W72/><G35/><T38/><D135/><U24/><E42/><V47/><F0/><W108/><G39/><T134/><D134/><U129/><E129/><V107/><F107/><W128/><G128/><T127/><D127/><U32/><E102/><V83/><F83/><W33/><G106/><T103/><D105/><U92/><E92/><N who="2" m="35371" /><F47/><W75/><G33/><T91/><D104/><U123/><E123/><V101/><N who="2" m="3072" /><DORA hai="110" /><V87/><F87/><W20/><G6/><T125/><D45/><U78/><REACH who="1" step="1"/><E32/><REACH who="1" ten="235,225,220,310" step="2"/><V119/><F101/><W88/><G68/><T40/><D103/><U3/><E3/><V34/><F34/><W114/><G114/><T130/><D100/><U53/><E53/><V71/><F71/><W61/><G54/><T49/><D130/><U111/><E111/><V4/><F119/><W60/><G109/><T43/><D125/><U63/><E63/><N who="2" m="38399" /><F4/><W5/><G5/><T69/><D69/><U22/><E22/><V56/><F56/><N who="3" m="37127" /><G20/><T31/><D1/><U46/><E46/><V122/><F122/><W120/><G120/><T51/><D57/><U27/><E27/><V55/><F55/><W25/><G108/><T126/><D58/><U48/><E48/><V121/><F121/><W76/><G25/><T16/><D126/><U85/><E85/><V132/><F132/><W97/><G97/><AGARI ba="0,1" hai="2,7,11,23,24,30,37,41,44,77,78,96,97,99" machi="97" ten="40,2600,0" yaku="1,1,53,1" doraHai="118,110" doraHaiUra="116,18" who="1" fromWho="3" sc="235,0,225,36,220,0,310,-26" /><INIT seed="3,0,0,5,1,110" ten="235,261,220,284" oya="3" hai0="85,77,55,11,92,88,116,33,121,49,26,29,20" hai1="15,52,104,98,78,17,5,125,124,118,40,59,4" hai2="131,65,109,36,112,57,18,46,22,50,114,13,134" hai3="123,86,113,41,60,89,56,53,54,6,47,10,133"/><W27/><G113/><T51/><D121/><U39/><E118/><V95/><F36/><W70/><G123/><T71/><D116/><U93/><E104/><V34/><F34/><W35/><G70/><T119/><D119/><U38/><E78/><V43/><F109/><W61/><G133/><T32/><D71/><U101/><E5/><V130/><F134/><W81/><G35/><T120/><D120/><U12/><E4/><V19/><F19/><W14/><G27/><T115/><D115/><U24/><E24/><V58/><F95/><W30/><G30/><T79/><D11/><N who="1" m="6303" /><E40/><V100/><F100/><W45/><G41/><T44/><D32/><U103/><E15/><V67/><F58/><AGARI ba="0,0" hai="6,10,14,45,47,53,54,56,58,60,61,81,86,89" machi="58" ten="40,3900,0" yaku="9,1,8,1" doraHai="110" who="3" fromWho="2" sc="235,0,261,0,220,-39,284,39" owari="235,-16.5,261,6.1,181,-31.9,323,42.3" /></mjloggm>