<mjloggm ver="2.3"><GO type="225" lobby="0"/><UN n0="%E4%BF%BA%E3%81%A8%E5%A6%96%E5%A4%A2" n1="%4B%2E%32%2E%4B%2E" n2="%E3%80%93%E3%81%97%E3%83%BC%E3%82%89%E3%80%93" n3="%E3%81%8B%E3%82%8F%E3%81%A1%E3%82%83%E3%82%93%35%38" dan="17,16,16,17" rate="2187.68,2149.19,2175.48,2199.13" sx="F,M,M,M"/><TAIKYOKU oya="0"/><INIT seed="0,0,0,1,2,33" ten="250,250,250,250" oya="0" hai0="111,51,6,110,36,4,135,55,39,47,62,73,35" hai1="97,40,107,109,18,103,65,91,115,15,86,75,101" hai2="32,26,118,114,22,30,117,42,31,96,63,45,70" hai3="112,67,2,72,60,52,59,134,19,79,29,132,41"/><T50/><D35/><U38/><E75/><V113/><F96/><W131/><G112/><N who="2" m="43113" /><F63/><W116/><G2/><T9/><D73/><U10/><E109/><N who="0" m="41481" /><D135/><N who="3" m="51753" /><G29/><T25/><D25/><U27/><E27/><N who="2" m="18527" /><F70/><N who="3" m="42343" /><G19/><T130/><D130/><U94/><E65/><V66/><F66/><W85/><G85/><T90/><D62/><U128/><E103/><V122/><F45/><W64/><G79/><T13/><D4/><U83/><E115/><V95/><F42/><W43/><G72/><T121/><D121/><U11/><E128/><V124/><F95/><W92/><G92/><T100/><D100/><U71/><E94/><V88/><F88/><W58/><G131/><T34/><D34/><U17/><E91/><V84/><F84/><W126/><G64/><T68/><D68/><U102/><E71/><V16/><F124/><W69/><G69/><T24/><D24/><U3/><E101/><V87/><F87/><W5/><G126/><T108/><N who="0" m="41489" /><T129/><DORA hai="106" /><D129/><U123/><E107/><V93/><F93/><W99/><G99/><T44/><D90/><U80/><E97/><V77/><F77/><W104/><G104/><T57/><D47/><U105/><E105/><V61/><F61/><N who="3" m="36039" /><G59/><T133/><D133/><U28/><E102/><V53/><F122/><W14/><G116/><N who="2" m="44649" /><F53/><AGARI ba="0,0" hai="6,9,13,36,39,44,50,51,53,55,57" m="41489" machi="53" ten="40,3900,0" yaku="14,1,10,1" doraHai="33,106" who="0" fromWho="2" sc="250,39,250,0,250,-39,250,0" /><INIT seed="0,1,0,3,2,118" ten="289,250,211,250" oya="0" hai0="113,64,108,88,17,55,110,42,90,83,89,112,2" hai1="5,33,115,103,59,40,92,95,43,29,16,72,125" hai2="82,37,52,51,104,116,57,124,75,100,84,81,99" hai3="45,80,11,28,36,41,111,54,135,60,63,67,30"/><T53/><D2/><U126/><E72/><V26/><F37/><W93/><G111/><N who="0" m="42539" /><D42/><U94/><E115/><N who="0" m="44105" /><D64/><U39/><E39/><V31/><F116/><W19/><G135/><T8/><D83/><U50/><E43/><V133/><F124/><W78/><G54/><N who="0" m="20491" /><D17/><U117/><E16/><V114/><F114/><W13/><G93/><T23/><D23/><U73/><E92/><V20/><F133/><W10/><G10/><AGARI ba="1,0" hai="8,10,88,89,90" m="20491,44105,42539" machi="10" ten="40,12000,1" yaku="28,2,14,1,10,1,54,1" doraHai="118" who="0" fromWho="3" sc="289,123,250,0,211,0,250,-123" /><INIT seed="0,2,0,3,2,85" ten="412,250,211,127" oya="0" hai0="61,60,23,106,9,129,39,67,25,119,49,35,121" hai1="90,93,40,29,101,110,83,53,89,73,97,8,131" hai2="21,17,65,57,135,59,6,111,107,7,71,38,76" hai3="13,36,58,102,51,37,91,115,56,20,113,74,112"/><T44/><D119/><U103/><E110/><V81/><F107/><W43/><G74/><T26/><D121/><U45/><E131/><V10/><F38/><N who="3" m="14955" /><G13/><T14/><D39/><U84/><E73/><V64/><F111/><W69/><G20/><T99/><D129/><U80/><E40/><V62/><F135/><W134/><G102/><N who="1" m="38922" /><E29/><V104/><F104/><W24/><G24/><T41/><D60/><U87/><E8/><V11/><F65/><W30/><G30/><T122/><D106/><U86/><E53/><V22/><F22/><W0/><G0/><T15/><D35/><U123/><E45/><V5/><F59/><N who="3" m="22571" /><G91/><T32/><D32/><U70/><E70/><V116/><F71/><W78/><G78/><T31/><D25/><U114/><E123/><V100/><F100/><W50/><G69/><T126/><D122/><U120/><E120/><V94/><F94/><W88/><G88/><T124/><D9/><U118/><E83/><V48/><F116/><W47/><G134/><T92/><D15/><U18/><E118/><V19/><F19/><W1/><G1/><T132/><D14/><U16/><E114/><N who="3" m="29186" /><W117/><DORA hai="54" /><G117/><T52/><D132/><U130/><E130/><V127/><F17/><AGARI ba="2,0" hai="16,17,18,80,84,86,87,89,90,93,97" m="38922" machi="17" ten="30,7700,0" yaku="8,1,52,2,54,1" doraHai="85,54" who="1" fromWho="2" sc="412,0,250,83,211,-83,127,0" /><INIT seed="1,0,0,5,1,82" ten="412,333,128,127" oya="1" hai0="43,80,56,131,18,73,74,94,2,61,15,13,97" hai1="86,120,128,0,14,102,112,34,47,107,70,109,69" hai2="119,59,29,92,39,81,105,7,22,122,134,38,53" hai3="41,40,36,89,85,130,52,103,1,67,93,26,126"/><U48/><E0/><V27/><F105/><W79/><G1/><T54/><D2/><U28/><E112/><V121/><F119/><W95/><G36/><T129/><D43/><N who="3" m="16457" /><G130/><N who="0" m="49675" /><D80/><U65/><E128/><V20/><F134/><W66/><G126/><T115/><D115/><U83/><E120/><V111/><F111/><W100/><G79/><T116/><D116/><U106/><E109/><V10/><F22/><W91/><G26/><T110/><D110/><U8/><E102/><N who="3" m="38954" /><G52/><T124/><D124/><U72/><E72/><N who="0" m="27753" /><D18/><U46/><E46/><V117/><F39/><W31/><G31/><T76/><D76/><U3/><E3/><V55/><F38/><W64/><G64/><T5/><D5/><U101/><E65/><V21/><F55/><W133/><G133/><T33/><D33/><U58/><E34/><V96/><F117/><W118/><G118/><T57/><D57/><U88/><E58/><V45/><F45/><W127/><G127/><T4/><D4/><U68/><E28/><V135/><F135/><W75/><G75/><T49/><D49/><U78/><E78/><V123/><F29/><W113/><G113/><T87/><D54/><N who="1" m="29983" /><E101/><V6/><F123/><W50/><G50/><T25/><D56/><U114/><E114/><V108/><F59/><W35/><G35/><T77/><D61/><U60/><E60/><V132/><F121/><W42/><N who="3" m="16465" /><W19/><DORA hai="23" /><G19/><AGARI ba="0,0" hai="8,14,19,68,69,70,83,86,88,106,107" m="29983" machi="19" ten="30,5800,0" yaku="25,1,52,1,54,1" doraHai="82,23" who="1" fromWho="3" sc="412,0,333,58,128,0,127,-58" /><INIT seed="1,1,0,2,0,9" ten="412,391,128,69" oya="1" hai0="28,97,80,79,69,95,89,30,35,108,53,131,129" hai1="63,6,104,50,85,130,65,71,51,64,106,62,26" hai2="75,27,43,121,68,111,86,57,133,17,91,61,124" hai3="40,24,14,16,128,134,5,135,46,113,3,110,21"/><U101/><E130/><N who="0" m="49673" /><D69/><U100/><E6/><V15/><F75/><W48/><G128/><T87/><D35/><U102/><E26/><V70/><F111/><W92/><G113/><T20/><D108/><U119/><E119/><V112/><F112/><W49/><G110/><T105/><D53/><U98/><E85/><V96/><F121/><W60/><G3/><T31/><D105/><U25/><E25/><AGARI ba="1,0" hai="20,25,28,30,31,79,80,87,89,95,97" m="49673" machi="25" ten="30,1000,0" yaku="19,1" doraHai="9" who="0" fromWho="1" sc="412,13,391,-13,128,0,69,0" /><INIT seed="2,0,0,1,5,12" ten="425,378,128,69" oya="2" hai0="93,134,108,123,118,114,88,130,135,64,69,113,73" hai1="42,60,121,29,4,18,30,59,56,92,11,7,5" hai2="68,103,15,28,21,105,81,74,0,96,84,124,57" hai3="133,38,90,6,116,1,120,46,50,119,33,36,107"/><V77/><F68/><W2/><G90/><T112/><D64/><U54/><E121/><V47/><F0/><N who="3" m="107" /><G50/><T85/><D69/><U102/><E42/><V20/><F124/><W13/><G46/><T80/><D123/><U53/><E102/><V27/><F47/><W132/><G120/><T63/><D63/><U99/><E11/><V106/><F57/><W55/><G13/><T62/><D62/><U94/><E18/><V110/><F110/><W39/><G6/><T117/><D108/><U129/><E129/><V61/><F61/><W32/><G107/><T104/><D130/><U52/><E59/><V78/><F106/><W128/><G55/><T65/><D65/><U8/><E8/><V98/><F98/><W101/><G101/><T34/><D34/><N who="3" m="13417" /><G128/><T86/><D104/><U17/><E17/><V16/><F74/><W44/><G44/><T97/><D73/><U126/><E126/><V71/><F71/><W35/><N who="3" m="13425" /><W100/><DORA hai="70" /><G100/><N who="0" m="60463" /><D86/><U67/><REACH who="1" step="1"/><E99/><REACH who="1" ten="425,368,128,69" step="2"/><V43/><F43/><W23/><G23/><T76/><D76/><AGARI ba="0,1" hai="15,16,20,21,27,28,76,77,78,81,84,96,103,105" machi="76" ten="30,5800,0" yaku="7,1,52,1,54,1" doraHai="12,70" who="2" fromWho="0" sc="425,-58,368,0,128,68,69,0" /><INIT seed="2,1,0,0,3,1" ten="367,368,196,69" oya="2" hai0="80,76,25,16,115,6,22,42,24,12,118,62,78" hai1="111,92,91,113,54,99,2,86,13,79,117,40,26" hai2="4,128,65,96,15,55,95,60,38,84,109,89,70" hai3="14,83,23,132,134,104,87,8,100,31,97,73,43"/><V7/><F38/><W0/><G0/><T18/><D115/><U122/><E113/><V101/><F128/><W108/><G43/><T105/><D105/><U119/><E2/><V120/><F120/><W69/><G69/><T75/><D78/><U46/><E122/><V36/><F36/><W27/><G108/><T28/><D118/><U94/><E111/><V19/><F55/><W41/><G73/><T107/><D107/><U44/><E26/><V57/><F70/><W52/><G41/><T77/><D77/><U17/><E79/><V34/><F34/><W106/><G106/><T32/><D42/><U90/><E54/><V20/><F109/><W130/><G130/><T85/><D62/><U81/><E81/><AGARI ba="1,0" hai="4,7,15,19,20,57,60,65,81,84,89,95,96,101" machi="81" ten="30,11600,0" yaku="7,1,8,1,52,2" doraHai="1" who="2" fromWho="1" sc="367,0,368,-119,196,119,69,0" /><INIT seed="2,2,0,5,5,17" ten="367,249,315,69" oya="2" hai0="58,110,52,109,84,40,66,11,20,104,54,72,129" hai1="87,7,89,35,9,64,92,105,122,121,43,125,116" hai2="133,73,24,23,5,74,32,22,4,103,117,3,108" hai3="118,79,36,60,91,38,45,48,119,31,86,77,57"/><V123/><F123/><W111/><G31/><T49/><D72/><U130/><E116/><V134/><F117/><W80/><G111/><N who="0" m="42507" /><D104/><U25/><E105/><V96/><F108/><W10/><G119/><T81/><D129/><U70/><E125/><V62/><F62/><W83/><G118/><T61/><D11/><U50/><E130/><V0/><F32/><W47/><G38/><T67/><D40/><U112/><E112/><V14/><F24/><W28/><G36/><T100/><D100/><U6/><E64/><V120/><F120/><N who="1" m="46185" /><E70/><V27/><F27/><W107/><G107/><T30/><D30/><N who="1" m="19919" /><E9/><N who="2" m="4391" /><F96/><W128/><G28/><T132/><D132/><N who="2" m="50794" /><F103/><W13/><G128/><T68/><D20/><N who="2" m="7722" /><F5/><W90/><G10/><T69/><D69/><U12/><E12/><V29/><F29/><W2/><G13/><T95/><D68/><U8/><E8/><V39/><F39/><W101/><G101/><T98/><D67/><U42/><E7/><V53/><F53/><N who="3" m="31911" /><G60/><T85/><D66/><U51/><E6/><V59/><F59/><W26/><G26/><T44/><D98/><U126/><E43/><V33/><F33/><W82/><G45/><T63/><D63/><U18/><E42/><V16/><F16/><W115/><G47/><T76/><D54/><U21/><E18/><V65/><F65/><W55/><G55/><T127/><D61/><U124/><E21/><V78/><F78/><W46/><G79/><T113/><D58/><U34/><E34/><V131/><F131/><W1/><G77/><T106/><D52/><U93/><E50/><V71/><F71/><RYUUKYOKU ba="2,0" sc="367,-10,249,-10,315,30,69,-10" hai2="0,3,73,74" /><INIT seed="2,3,0,5,4,113" ten="357,239,345,59" oya="2" hai0="83,25,68,22,47,89,131,17,127,52,30,42,111" hai1="23,49,78,70,15,132,91,48,24,86,117,98,55" hai2="7,61,114,100,135,51,116,29,26,14,101,1,90" hai3="124,3,12,10,71,81,18,27,46,85,11,4,67"/><V102/><F114/><W88/><G124/><T0/><D68/><U5/><E70/><V54/><F135/><W20/><G71/><T38/><D127/><U103/><E132/><V16/><F116/><W13/><G67/><T80/><D0/><U37/><E37/><V66/><F1/><W73/><G73/><T75/><D111/><U133/><E78/><V82/><F7/><W104/><G104/><T129/><D75/><U122/><E122/><V120/><F120/><W19/><G3/><T33/><D89/><U36/><E36/><V84/><F61/><W34/><G34/><T126/><D52/><U105/><E133/><V63/><F63/><W79/><REACH who="3" step="1"/><G46/><REACH who="3" ten="357,239,345,49" step="2"/><T130/><REACH who="0" step="1"/><D126/><REACH who="0" ten="347,239,345,49" step="2"/><U115/><E115/><V108/><F66/><W123/><G123/><T125/><D125/><U44/><E44/><N who="2" m="28007" /><F108/><W118/><G118/><T106/><D106/><U32/><E117/><V134/><F134/><W99/><G99/><T57/><D57/><U64/><E98/><V35/><F102/><W56/><G56/><T41/><D41/><U69/><E103/><V94/><F101/><W6/><G6/><T92/><D92/><U40/><E40/><V74/><F100/><W72/><G72/><T2/><D2/><U59/><E105/><V112/><F74/><W76/><AGARI ba="3,2" hai="4,10,11,12,13,18,19,20,27,76,79,81,85,88" machi="76" ten="30,7900,0" yaku="1,1,0,1,8,1,54,1,53,0" doraHai="113" doraHaiUra="31" who="3" fromWho="3" sc="347,-23,239,-23,345,-42,49,108" /><INIT seed="3,0,0,0,2,96" ten="324,216,303,157" oya="3" hai0="29,88,99,75,89,44,135,134,28,42,124,26,4" hai1="71,49,63,6,13,62,94,95,87,132,41,21,64" hai2="72,104,35,90,92,106,101,7,123,38,1,115,83" hai3="59,36,109,32,34,98,12,74,133,79,116,5,78"/><W31/><G116/><T114/><D75/><U53/><E132/><N who="0" m="50729" /><D124/><U10/><E71/><V3/><F38/><W105/><G133/><T130/><D130/><U57/><E64/><V86/><F35/><W11/><G36/><T126/><D126/><U97/><E41/><V82/><F115/><W25/><G109/><T80/><D114/><U50/><E50/><V56/><F123/><W39/><G39/><N who="0" m="21599" /><D80/><U55/><E55/><V22/><F106/><W128/><G128/><T103/><D4/><U51/><E49/><V67/><F83/><W119/><G119/><T117/><D117/><U127/><E127/><V48/><F7/><W45/><G34/><N who="0" m="20759" /><D29/><U121/><E121/><V112/><F22/><W131/><G131/><T18/><D18/><U100/><E21/><V2/><F112/><W0/><G74/><T60/><D60/><U113/><E113/><V17/><F17/><W107/><G45/><T125/><D125/><U93/><REACH who="1" step="1"/><E87/><REACH who="1" ten="324,206,303,157" step="2"/><V16/><F67/><W15/><G59/><T8/><D8/><U23/><E23/><V69/><F69/><W108/><G108/><T33/><D33/><U61/><AGARI ba="0,1" hai="6,10,13,51,53,57,61,62,63,93,94,95,97,100" machi="61" ten="30,8000,1" yaku="1,1,0,1,8,1,52,1,53,1" doraHai="96" doraHaiUra="52" who="1" fromWho="1" sc="324,-20,206,90,303,-20,157,-40" owari="304,40.4,296,9.6,283,-11.7,117,-38.3" /></mjloggm>