<mjloggm ver="2.3"><GO type="225" lobby="0"/><UN n0="%E3%81%AF%E3%82%88%E3%81%8A%E3%81%98%E3%81%95%E3%82%93" n1="%E3%81%9F%E3%81%A3%E3%81%A1%E3%82%87" n2="%73%69%72%6F%75%74" n3="%72%69%6F%75%63%68%61%6E" dan="16,16,16,17" rate="2160.68,2070.43,2158.58,2291.72" sx="M,M,M,M"/><TAIKYOKU oya="0"/><INIT seed="0,0,0,1,3,33" ten="250,250,250,250" oya="0" hai0="82,51,6,90,61,128,77,40,115,88,37,135,105" hai1="11,72,26,16,18,20,122,87,102,116,89,58,45" hai2="24,73,8,9,1,109,107,59,118,42,100,38,117" hai3="80,85,93,13,79,103,84,60,106,53,101,110,111"/><T47/><D115/><U96/><E122/><V27/><F73/><W97/><G13/><T54/><D105/><U67/><E116/><N who="2" m="44651" /><F109/><N who="3" m="41483" /><G53/><T43/><D128/><U133/><E72/><V120/><F120/><W131/><G60/><T124/><D124/><U125/><E133/><V121/><F121/><W29/><G29/><T23/><D135/><U10/><E125/><V99/><F59/><W32/><G32/><T94/><D6/><U119/><E119/><V62/><F62/><W52/><G52/><T64/><D23/><N who="1" m="13671" /><E45/><N who="2" m="23767" /><F9/><W7/><G7/><AGARI ba="0,0" hai="1,7,8,24,27,99,100,107" m="23767,44651" machi="7" ten="30,2000,0" yaku="12,1,52,1" doraHai="33" who="2" fromWho="3" sc="250,0,250,0,250,20,250,-20" /><INIT seed="1,0,0,3,1,7" ten="250,250,270,230" oya="1" hai0="77,69,18,109,128,116,96,61,51,95,22,53,97" hai1="34,124,39,120,79,33,25,50,59,8,119,129,92" hai2="94,98,48,23,74,66,24,71,27,135,134,16,40" hai3="123,110,2,58,130,131,19,118,26,28,115,93,15"/><U49/><E119/><V36/><F74/><W13/><G123/><T35/><D35/><U57/><E120/><V21/><F36/><W72/><G72/><T89/><D116/><U67/><E39/><V105/><F105/><W62/><G118/><T30/><D109/><U90/><E79/><V133/><F71/><W107/><G107/><T113/><D113/><U63/><E129/><N who="3" m="49162" /><G115/><T100/><D128/><U78/><E78/><V103/><F66/><W132/><G2/><T46/><D77/><U4/><E124/><V73/><F73/><W64/><G110/><T117/><D117/><U11/><E33/><V122/><F122/><W29/><G132/><T68/><D30/><N who="3" m="11881" /><G93/><T41/><D41/><U45/><E25/><N who="2" m="14503" /><F23/><AGARI ba="0,0" hai="13,15,19,23,26,58,62,64" m="11881,49162" machi="23" ten="30,1000,0" yaku="19,1" doraHai="7" who="3" fromWho="2" sc="250,0,250,0,270,-10,230,10" /><INIT seed="2,0,0,3,2,51" ten="250,250,260,240" oya="2" hai0="121,57,36,130,30,9,40,46,86,11,92,117,102" hai1="38,79,71,61,3,66,76,98,42,44,47,70,91" hai2="69,133,27,67,125,74,23,12,60,2,129,82,33" hai3="63,116,122,50,78,77,22,87,16,134,59,124,99"/><V55/><F2/><W128/><G116/><T119/><D121/><U97/><E3/><V15/><F33/><W34/><G34/><T103/><D130/><U32/><E32/><V90/><F129/><W115/><G128/><T80/><D30/><U131/><E131/><V108/><F125/><W93/><G122/><T43/><D43/><U25/><E25/><V104/><F104/><W5/><G124/><T48/><D57/><U28/><E28/><V37/><F37/><W111/><G111/><T18/><D36/><U21/><E21/><V29/><F133/><W14/><G134/><T123/><D123/><U100/><E91/><V8/><F108/><W135/><G135/><T0/><D18/><U41/><E70/><V106/><F106/><W73/><G73/><T118/><D92/><U88/><E88/><V20/><F20/><W112/><G5/><N who="0" m="1191" /><D11/><U6/><E6/><V110/><F110/><W54/><G63/><T17/><D17/><U84/><E100/><V31/><F29/><W120/><G120/><T10/><D10/><U64/><E71/><V94/><F8/><W114/><G87/><T35/><D35/><U132/><E84/><V65/><F74/><W75/><G75/><T62/><D62/><U95/><E132/><V89/><F82/><W26/><G26/><T53/><D40/><U19/><E61/><V7/><F7/><W56/><G59/><T4/><D4/><U58/><E58/><N who="2" m="34911" /><F69/><W109/><G109/><T85/><D85/><U72/><E38/><V126/><F126/><W1/><G1/><T24/><D24/><U113/><E72/><RYUUKYOKU ba="0,0" sc="250,15,250,-15,260,-15,240,15" hai0="46,48,53,80,86,102,103,117,118,119" hai3="14,16,22,50,54,56,77,78,93,99,112,114,115" /><INIT seed="3,1,0,0,5,92" ten="265,235,245,255" oya="3" hai0="62,74,49,122,54,130,81,8,83,11,46,108,126" hai1="25,80,85,96,61,6,44,32,107,100,76,15,103" hai2="51,21,123,42,29,129,37,38,78,24,106,121,79" hai3="87,113,135,119,4,109,48,57,53,68,17,7,31"/><W59/><G113/><T71/><D122/><N who="2" m="46602" /><F129/><W34/><G119/><T5/><D130/><U28/><E103/><V99/><F51/><W40/><G68/><T30/><D108/><U97/><E97/><V55/><F55/><W65/><G109/><T118/><D118/><U43/><E61/><V131/><F131/><W94/><G135/><T64/><D126/><U102/><E100/><N who="2" m="62751" /><F42/><W73/><G73/><T127/><D127/><U20/><E32/><V105/><F105/><W12/><G40/><T1/><D74/><U124/><E124/><V2/><F2/><W134/><G134/><T101/><D101/><U72/><E72/><V67/><F67/><W77/><G31/><T125/><D30/><U98/><E107/><V14/><F14/><W128/><G34/><T69/><D71/><U16/><E102/><V23/><F21/><N who="3" m="11431" /><G128/><T84/><D125/><U114/><E114/><V70/><F70/><W110/><G110/><T26/><D26/><U86/><E6/><V52/><F52/><N who="3" m="31879" /><G65/><T35/><D35/><U112/><E112/><V120/><N who="2" m="46610" /><V132/><DORA hai="88" /><F132/><W27/><G27/><T39/><D39/><AGARI ba="1,0" hai="23,24,29,37,38,39,78,79" m="62751,46610" machi="39" ten="40,2600,0" yaku="13,1,52,1" doraHai="92,88" who="2" fromWho="0" sc="265,-29,235,0,245,29,255,0" /><INIT seed="4,0,0,5,3,108" ten="236,235,274,255" oya="0" hai0="86,61,14,93,76,11,100,75,37,95,6,133,5" hai1="97,36,118,19,64,18,17,47,30,55,77,58,31" hai2="122,29,134,48,126,23,89,88,104,43,78,15,10" hai3="116,117,8,66,57,85,53,121,131,127,60,44,54"/><T135/><D37/><U28/><E118/><V120/><F104/><W41/><G85/><T99/><D61/><U102/><E77/><V81/><F126/><W124/><G8/><T56/><D56/><U34/><E64/><V39/><F134/><N who="0" m="51210" /><D75/><U62/><E34/><V69/><F39/><W91/><G91/><N who="2" m="34889" /><F23/><W3/><G3/><T27/><D27/><U25/><E25/><V110/><F29/><W68/><G131/><T12/><D95/><U112/><E36/><V20/><F20/><W94/><G94/><T129/><D129/><U105/><REACH who="1" step="1"/><E47/><REACH who="1" ten="236,225,274,255" step="2"/><V80/><F120/><W40/><G121/><T26/><D26/><U4/><E4/><N who="0" m="1641" /><D11/><U119/><E119/><N who="3" m="45642" /><G44/><T83/><AGARI ba="0,1" hai="12,14,76,83,86,93,99,100" m="1641,51210" machi="83" ten="30,1500,0" yaku="20,1" doraHai="108" who="0" fromWho="0" sc="236,25,225,-5,274,-5,255,-5" /><INIT seed="4,1,0,2,4,3" ten="261,220,269,250" oya="0" hai0="82,17,2,114,100,39,71,55,123,125,58,28,79" hai1="77,92,11,132,121,74,63,107,44,23,35,45,0" hai2="33,50,126,78,38,32,7,47,117,68,97,19,16" hai3="70,108,119,51,64,48,89,57,72,22,56,120,43"/><T103/><D123/><U105/><E121/><V110/><F110/><W40/><G72/><T101/><D71/><U1/><E35/><V42/><F68/><W59/><G120/><T113/><D39/><U34/><E34/><V10/><F33/><W36/><G89/><T93/><D2/><N who="1" m="1131" /><E92/><V111/><F32/><W99/><G99/><T26/><D28/><U135/><E63/><V96/><F38/><W73/><G73/><T30/><D30/><U102/><E23/><V66/><F66/><W27/><G119/><T104/><D93/><U128/><E128/><V13/><F126/><W90/><G90/><T69/><D69/><U118/><E118/><V54/><F111/><W88/><G88/><T18/><D104/><N who="1" m="40011" /><E102/><V81/><F54/><W37/><G108/><T84/><D125/><U52/><E11/><V9/><F9/><W49/><G36/><T76/><D79/><U91/><E91/><V65/><F65/><W133/><G37/><T75/><D75/><U29/><E29/><V62/><F62/><N who="3" m="40215" /><G22/><T87/><D84/><U25/><E25/><V4/><F117/><W21/><G21/><T131/><D131/><U115/><E115/><N who="0" m="44041" /><D26/><U5/><E5/><N who="2" m="2123" /><F19/><W124/><G27/><T94/><D94/><U14/><E14/><V15/><F13/><W60/><G124/><T20/><D20/><U83/><E52/><V46/><F47/><W127/><G127/><T98/><D98/><U85/><E74/><V86/><AGARI ba="1,0" hai="10,15,16,42,46,50,78,81,86,96,97" m="2123" machi="86" ten="30,8000,1" yaku="8,1,52,3,54,1" doraHai="3" who="2" fromWho="2" sc="261,-41,220,-21,269,83,250,-21" owari="220,-18.0,199,-30.1,352,45.2,229,2.9" /></mjloggm>