<mjloggm ver="2.3"><GO type="225" lobby="0"/><UN n0="%33%74%72%65%65" n1="%E3%81%A8%E3%82%89%E3%81%84%E3%81%A1" n2="%E3%81%95%E3%81%8D%E3%81%9F%E3%81%BE%E6%9E%97%E6%AA%8E" n3="%E3%81%A1%E3%82%85%E3%81%86%E3%81%A9%E3%81%8F%E8%B1%A1%E3%81%95%E3%82%93" dan="17,16,16,17" rate="2195.13,2097.13,2160.69,2143.63" sx="F,M,M,M"/><TAIKYOKU oya="0"/><INIT seed="0,0,0,3,5,108" ten="250,250,250,250" oya="0" hai0="82,3,68,103,26,85,95,41,40,27,129,109,17" hai1="9,71,99,66,127,55,54,39,92,18,104,63,86" hai2="111,79,65,6,58,76,77,62,37,31,5,28,24" hai3="43,57,124,90,11,53,119,19,2,78,107,64,100"/><T97/><D109/><U23/><E39/><V73/><F37/><W16/><G119/><T116/><D116/><U125/><E104/><V132/><F132/><W60/><G43/><T36/><D129/><U45/><E86/><V14/><F73/><W123/><G78/><T44/><D3/><U52/><E9/><V91/><F111/><W131/><G131/><T20/><D68/><U81/><E81/><V13/><F91/><W96/><G124/><T75/><D41/><U133/><E45/><V51/><F51/><W128/><G128/><T121/><D121/><U10/><E10/><V112/><F112/><W15/><G123/><T7/><D7/><N who="2" m="2570" /><F24/><W115/><G2/><T70/><D70/><U1/><E1/><V69/><F69/><W135/><G135/><T122/><D122/><U105/><E105/><V29/><AGARI ba="0,0" hai="13,14,28,29,31,58,62,65,76,77,79" m="2570" machi="29" ten="40,1500,0" yaku="8,1" doraHai="108" who="2" fromWho="2" sc="250,-7,250,-4,250,15,250,-4" /><INIT seed="1,0,0,1,1,32" ten="243,246,265,246" oya="1" hai0="62,103,100,76,82,91,40,124,104,109,57,98,96" hai1="50,46,130,125,38,107,73,1,31,12,80,86,14" hai2="43,94,131,93,3,127,135,134,79,4,61,36,22" hai3="72,105,47,110,28,66,60,26,87,34,89,67,78"/><U54/><E73/><V15/><F3/><W126/><G110/><T70/><D109/><U51/><E38/><V16/><F4/><W81/><G126/><T63/><D124/><U84/><E125/><V71/><F131/><W9/><G105/><T49/><D91/><U8/><E107/><V132/><F79/><W119/><G119/><T118/><D118/><U97/><E130/><V21/><F127/><W121/><G121/><T13/><D70/><U88/><E97/><V35/><F35/><W99/><G99/><N who="0" m="37931" /><D104/><U111/><E31/><V7/><F7/><W68/><G66/><N who="0" m="39247" /><D63/><U65/><E65/><N who="2" m="41391" /><F22/><W108/><G108/><T37/><D37/><U64/><E64/><V6/><F6/><W58/><G47/><AGARI ba="0,0" hai="15,16,21,36,43,47,93,94,132,134,135" m="41391" machi="47" ten="30,2000,0" yaku="20,1,54,1" doraHai="32" who="2" fromWho="3" sc="243,0,246,0,265,20,246,-20" /><INIT seed="2,0,0,3,5,12" ten="243,246,285,226" oya="2" hai0="47,31,108,4,6,94,42,25,33,13,48,20,50" hai1="14,78,5,134,79,7,40,74,114,132,70,124,83" hai2="101,57,112,43,65,3,95,1,16,99,24,86,105" hai3="102,52,125,97,89,28,68,106,44,9,63,15,126"/><V103/><F112/><W129/><G28/><T41/><D108/><U133/><E114/><V38/><F38/><W23/><G129/><T21/><D94/><U60/><E124/><N who="3" m="47722" /><G23/><T55/><D41/><U111/><E111/><V81/><F43/><W59/><G89/><T88/><D88/><U85/><E40/><V66/><F1/><W18/><G44/><T69/><D69/><AGARI ba="0,0" hai="9,15,18,52,59,63,68,69,97,102,106" m="47722" machi="69" ten="30,3900,0" yaku="18,1,52,1,54,1" doraHai="12" who="3" fromWho="0" sc="243,-39,246,0,285,0,226,39" /><INIT seed="3,0,0,5,5,115" ten="204,246,285,265" oya="3" hai0="102,111,68,88,135,114,38,57,45,63,70,5,51" hai1="77,123,9,33,13,126,100,53,127,119,73,55,17" hai2="92,78,82,16,41,48,99,104,121,15,94,95,84" hai3="118,59,50,0,47,125,52,44,105,64,87,4,23"/><W131/><G105/><T28/><D114/><U128/><E123/><V21/><F121/><W22/><G118/><T71/><D28/><U60/><E128/><V85/><F104/><W86/><G131/><T113/><D102/><U43/><E33/><V103/><F85/><N who="3" m="32267" /><G0/><T34/><D34/><U89/><E100/><V35/><F35/><W117/><G117/><T27/><D27/><U24/><E119/><V30/><F30/><W46/><G125/><N who="1" m="47626" /><E43/><V42/><F42/><W107/><G107/><T65/><D113/><U120/><E89/><V62/><F62/><N who="3" m="37983" /><G4/><T32/><D32/><U40/><E40/><V37/><F37/><W69/><G69/><T101/><D38/><U3/><E3/><V49/><F49/><W132/><G132/><T98/><D135/><U18/><E60/><V26/><F26/><W74/><G74/><T6/><D101/><U11/><E120/><V20/><F20/><AGARI ba="0,0" hai="20,22,23,44,46,47,50,52" m="37983,32267" machi="20" ten="30,2900,0" yaku="8,1,54,1" doraHai="115" who="3" fromWho="2" sc="204,0,246,0,285,-29,265,29" /><INIT seed="3,1,0,4,5,75" ten="204,246,256,294" oya="3" hai0="93,35,103,71,83,101,20,61,39,66,134,87,77" hai1="70,33,132,104,135,82,126,108,120,123,67,131,119" hai2="50,95,94,105,14,25,13,78,47,115,24,63,29" hai3="21,84,36,38,8,49,116,118,30,18,32,6,46"/><W117/><G32/><T37/><D35/><U129/><E33/><V111/><F111/><W65/><G65/><T51/><D134/><N who="1" m="51243" /><E104/><V54/><F115/><W23/><G30/><T52/><D20/><U133/><E133/><V74/><F105/><W2/><G84/><T42/><D93/><U96/><E96/><V106/><F106/><W41/><REACH who="3" step="1"/><G23/><REACH who="3" ten="204,246,256,284" step="2"/><T112/><D112/><U92/><E67/><V125/><F29/><W22/><G22/><T55/><D55/><U121/><E123/><V68/><F54/><W45/><G45/><N who="0" m="23759" /><D39/><U79/><E121/><V109/><F47/><W44/><G44/><T7/><D7/><U40/><E120/><V5/><F109/><W80/><G80/><T57/><AGARI ba="1,1" hai="51,52,57,61,66,71,77,83,87,101,103" m="23759" machi="57" ten="30,4000,0" yaku="24,1,52,1,54,1" doraHai="75" who="0" fromWho="0" sc="204,53,246,-11,256,-11,284,-21" /><INIT seed="4,0,0,5,0,49" ten="257,235,245,263" oya="0" hai0="57,28,107,54,70,59,132,27,40,65,120,109,5" hai1="99,110,24,125,82,95,25,4,46,36,45,114,33" hai2="89,98,73,47,130,31,10,21,77,1,85,111,12" hai3="101,55,131,39,133,32,100,115,127,90,3,74,2"/><T94/><D120/><U126/><E110/><V96/><F111/><W75/><G32/><T72/><D107/><U76/><E4/><V8/><F130/><W79/><G131/><T135/><D72/><U18/><E18/><V60/><F1/><W128/><G128/><T80/><D40/><U112/><E95/><V20/><F73/><W103/><G39/><T93/><D109/><U104/><E99/><V71/><F77/><W84/><G115/><N who="1" m="44074" /><E104/><V66/><F47/><N who="1" m="17929" /><E36/><V116/><F116/><W92/><G75/><T56/><D80/><U134/><E134/><N who="0" m="51241" /><D5/><U26/><E33/><V123/><F123/><W29/><G133/><T78/><D78/><U86/><AGARI ba="0,0" hai="24,25,26,76,82,86,125,126" m="17929,44074" machi="86" ten="40,2700,0" yaku="15,1,11,1" doraHai="49" who="1" fromWho="1" sc="257,-13,235,27,245,-7,263,-7" /><INIT seed="5,0,0,0,3,7" ten="244,262,238,256" oya="1" hai0="55,58,21,1,73,13,76,120,126,89,14,90,99" hai1="47,135,42,102,15,66,4,101,119,65,124,54,25" hai2="98,59,50,103,78,5,32,91,72,88,67,12,39" hai3="26,114,87,48,40,110,129,9,24,0,64,113,35"/><U134/><E119/><V37/><F32/><W108/><G64/><N who="1" m="24682" /><E54/><V52/><F72/><W123/><G123/><T83/><D120/><U125/><E25/><N who="3" m="9834" /><G40/><T95/><D1/><U100/><E15/><V30/><F78/><W18/><G48/><T27/><D90/><U70/><E4/><V38/><F30/><W93/><G93/><T53/><D126/><N who="1" m="48747" /><E70/><V117/><F117/><W77/><G129/><T84/><D55/><U22/><E22/><V31/><F31/><W106/><G35/><T104/><D53/><U8/><E8/><V63/><F5/><N who="3" m="1191" /><G18/><N who="0" m="12727" /><D58/><U86/><E86/><V28/><F28/><W49/><G110/><T10/><D10/><U56/><E56/><V130/><F130/><W92/><G108/><T3/><D3/><U79/><E79/><V85/><F12/><W122/><G77/><T109/><D109/><U19/><E19/><V96/><F96/><W61/><G122/><T2/><D2/><U34/><E34/><V133/><F85/><W23/><G87/><T68/><D68/><U45/><E42/><V127/><F127/><W121/><G121/><T81/><D13/><U20/><E20/><V74/><F74/><W107/><G23/><T71/><D14/><U116/><E116/><V6/><F6/><W11/><G11/><T69/><D81/><U41/><E41/><V118/><F118/><W51/><G92/><T97/><D97/><U82/><E82/><V57/><REACH who="2" step="1"/><F133/><AGARI ba="0,0" hai="45,47,100,101,102,133,134,135" m="48747,24682" machi="133" ten="40,12000,1" yaku="28,2,20,1,18,1" doraHai="7" who="1" fromWho="2" sc="244,0,262,120,238,-120,256,0" owari="244,-15.6,382,48.2,118,-38.2,256,5.6" /></mjloggm>