<mjloggm ver="2.3"><GO type="225" lobby="0"/><UN n0="%E3%83%AD%E3%83%83%E3%83%86%E9%9B%80%E7%90%83" n1="%E6%A1%9C%E8%8A%B1%E9%96%83%E3%80%85" n2="%E6%97%A5%E6%9B%9C%E6%97%A5%E3%82%88%E3%82%8A%E3%81%AE%E4%BD%BF%E8%80%85" n3="%6D%75%75%6D%75%72%61" dan="17,18,18,16" rate="2246.45,2193.75,2176.25,2218.73" sx="M,M,M,F"/><TAIKYOKU oya="0"/><INIT seed="0,0,0,1,1,78" ten="250,250,250,250" oya="0" hai0="54,118,22,93,3,104,113,40,59,112,90,51,69" hai1="107,46,110,135,92,65,85,6,105,33,32,77,86" hai2="88,62,28,116,58,100,26,5,115,35,50,99,45" hai3="29,4,76,31,39,123,129,120,119,34,49,87,21"/><T15/><D118/><U132/><E6/><V134/><F115/><W36/><G119/><T64/><D3/><U67/><E46/><V52/><F116/><W55/><G34/><N who="1" m="13418" /><E77/><V53/><F134/><N who="1" m="51241" /><E92/><V47/><F5/><W95/><G4/><T102/><D40/><U70/><E70/><V11/><F11/><W91/><G76/><T13/><D104/><N who="1" m="40011" /><E110/><V125/><F47/><W111/><G111/><T63/><D102/><U30/><E30/><V83/><F100/><W18/><G31/><T42/><D42/><U71/><E71/><V108/><F108/><W94/><G29/><T38/><D13/><U73/><E73/><V109/><F109/><W66/><G95/><T12/><D12/><U114/><E114/><V9/><F28/><W81/><G94/><T10/><D10/><U16/><E16/><V68/><F9/><W130/><G36/><T14/><D38/><U103/><E103/><V117/><F68/><W74/><G39/><T96/><D14/><U101/><E101/><V17/><F117/><W89/><G74/><T23/><D15/><U44/><E44/><V131/><F17/><W82/><G18/><T121/><D113/><U72/><E72/><V20/><F35/><W8/><G8/><T24/><D112/><U128/><E128/><V106/><F131/><W43/><G87/><AGARI ba="0,0" hai="65,67,85,86,87" m="40011,51241,13418" machi="87" ten="40,5200,0" yaku="28,2,20,1" doraHai="78" who="1" fromWho="3" sc="250,0,250,52,250,0,250,-52" /><INIT seed="1,0,0,2,4,127" ten="250,302,250,198" oya="1" hai0="58,35,99,89,101,69,113,83,73,30,108,121,41" hai1="100,43,66,57,2,104,118,87,16,135,3,0,34" hai2="119,79,11,120,77,51,84,80,1,24,45,110,117" hai3="46,72,5,37,112,102,32,92,91,70,52,22,107"/><U111/><E118/><V53/><F120/><W123/><G123/><T55/><D113/><U50/><E34/><V10/><F110/><W134/><G32/><T128/><D69/><U86/><E135/><V78/><F24/><W4/><G112/><T15/><D121/><U9/><E111/><V6/><REACH who="2" step="1"/><F11/><REACH who="2" ten="250,302,240,198" step="2"/><W25/><G25/><T96/><D108/><U12/><E9/><V82/><F82/><W64/><G134/><T33/><D83/><U39/><E2/><V109/><F109/><W106/><G22/><T85/><D35/><U65/><E0/><V62/><F62/><W36/><G36/><T68/><D33/><U31/><E3/><V93/><F93/><W38/><G37/><T18/><D15/><U75/><E39/><V94/><F94/><W26/><G38/><T98/><D30/><U7/><E31/><V44/><F44/><W27/><G27/><T114/><D114/><U131/><E12/><V63/><F63/><W19/><G26/><T42/><D42/><U116/><E43/><V74/><F74/><W115/><G72/><T13/><D41/><U17/><E75/><V130/><F130/><W133/><G115/><T124/><D128/><U103/><E131/><V81/><F81/><W59/><G133/><T129/><D129/><U56/><E116/><AGARI ba="0,1" hai="1,6,10,45,51,53,77,78,79,80,84,116,117,119" machi="116" ten="40,1300,0" yaku="1,1,53,0" doraHai="127" doraHaiUra="67" who="2" fromWho="1" sc="250,0,302,-13,240,23,198,0" /><INIT seed="2,0,0,2,1,130" ten="250,289,263,198" oya="2" hai0="42,70,10,34,127,75,22,133,123,21,44,120,52" hai1="77,6,128,65,78,93,40,74,113,126,63,95,7" hai2="86,90,60,35,23,58,43,100,116,66,103,85,110" hai3="8,99,106,81,54,101,17,88,109,67,117,1,20"/><V98/><F35/><W41/><G117/><T64/><D34/><U124/><E40/><V114/><F116/><W48/><G109/><T96/><D75/><U111/><E113/><V30/><F114/><W12/><G67/><T104/><D127/><N who="1" m="48683" /><E128/><V82/><F43/><W72/><G72/><T132/><D52/><U14/><E111/><V51/><F110/><W15/><G41/><T105/><D10/><N who="1" m="4439" /><E7/><V87/><F51/><W119/><G1/><T32/><D32/><U29/><E29/><V69/><F69/><W131/><G119/><T121/><D70/><N who="1" m="42303" /><E74/><V102/><REACH who="2" step="1"/><F98/><REACH who="2" ten="250,289,253,198" step="2"/><W13/><G131/><T107/><D96/><U3/><E3/><V55/><F55/><W11/><G11/><T57/><D64/><U61/><E61/><V38/><F38/><W36/><G36/><N who="0" m="21575" /><D57/><U80/><E80/><V50/><F50/><W49/><G49/><T46/><D46/><U37/><E37/><V73/><F73/><W25/><G8/><T31/><D31/><U112/><E112/><V79/><F79/><AGARI ba="0,1" hai="77,78,79,93,95" m="42303,4439,48683" machi="79" ten="30,1000,0" yaku="18,1" doraHai="130" who="1" fromWho="2" sc="250,0,289,20,253,-10,198,0" /><INIT seed="3,0,0,2,0,45" ten="250,309,243,198" oya="3" hai0="109,32,129,135,102,133,54,43,131,15,28,8,0" hai1="120,76,3,85,79,80,103,63,14,90,35,98,29" hai2="100,25,40,71,33,111,74,110,132,13,77,30,67" hai3="70,20,58,50,1,114,19,17,16,118,27,94,86"/><W9/><G114/><T24/><D43/><U61/><E3/><V22/><F40/><W106/><G70/><T91/><D102/><U119/><E120/><V88/><F100/><W52/><G106/><T89/><D54/><U108/><E108/><N who="2" m="41515" /><F132/><N who="0" m="50762" /><D109/><U99/><E14/><V104/><F104/><W18/><G118/><T47/><D47/><U113/><E99/><V107/><F107/><W73/><G73/><T59/><D59/><U115/><E119/><V12/><F88/><N who="0" m="33866" /><D0/><U11/><E103/><V93/><F93/><W75/><G75/><T57/><D57/><U130/><E98/><V121/><F121/><W5/><REACH who="3" step="1"/><G19/><AGARI ba="0,0" hai="8,15,19,24,28,32,129,131" m="33866,50762" machi="19" ten="30,2000,0" yaku="20,1,54,1" doraHai="45" who="0" fromWho="3" sc="250,20,309,0,243,0,198,-20" owari="270,7.0,309,40.9,243,-15.7,178,-32.2" /></mjloggm>