<mjloggm ver="2.3"><GO type="225" lobby="0"/><UN n0="%E7%BD%AA%E5%88%91%E6%B3%95%E5%AE%9A%E4%B8%BB%E7%BE%A9" n1="%E3%81%BF%E3%81%BF%E3%81%9A" n2="%E9%B3%B3%E6%9D%B1%E3%81%AE%E3%81%86%E3%81%95%E3%81%8E%E3%81%95%E3%82%93" n3="%E9%80%86%E9%80%A3%E5%B8%AF%E3%81%AE%E9%AC%BC" dan="16,16,17,16" rate="2136.71,2145.52,2231.16,2106.70" sx="M,M,M,M"/><TAIKYOKU oya="0"/><INIT seed="0,0,0,2,2,128" ten="250,250,250,250" oya="0" hai0="62,39,66,114,50,78,130,21,34,2,110,17,105" hai1="63,20,99,97,116,67,115,90,119,61,72,45,51" hai2="131,89,29,15,129,12,13,122,109,111,25,16,76" hai3="132,93,85,74,118,1,9,95,24,42,57,87,41"/><T70/><D114/><U127/><E115/><V38/><F38/><W23/><G74/><T32/><D130/><N who="2" m="49674" /><F76/><W6/><G118/><T27/><D39/><U52/><E72/><V107/><F107/><W53/><G87/><T73/><D105/><U44/><E127/><V14/><F89/><W113/><G113/><T7/><D110/><N who="2" m="41994" /><F122/><W64/><G64/><T133/><D133/><U101/><E45/><V56/><F56/><W134/><G42/><T83/><D2/><U18/><E90/><V36/><F36/><W92/><G41/><T106/><D7/><U11/><E63/><V96/><F96/><W124/><G85/><T49/><REACH who="0" step="1"/><D106/><REACH who="0" ten="240,250,250,250" step="2"/><U100/><E116/><V82/><F82/><W108/><G108/><T84/><D84/><U135/><E119/><V35/><F12/><W69/><G124/><T86/><D86/><U54/><E99/><V126/><F126/><W79/><G79/><T5/><D5/><U71/><E97/><V88/><F88/><W80/><G80/><T46/><D46/><U19/><E101/><V94/><F94/><W91/><G91/><T104/><D104/><U26/><E100/><V10/><AGARI ba="0,1" hai="10,13,14,15,16,25,29,35" m="41994,49674" machi="10" ten="30,8000,1" yaku="19,1,14,1,34,2,54,1" doraHai="128" who="2" fromWho="2" sc="240,-40,250,-20,250,90,250,-20" /><INIT seed="1,0,0,3,2,36" ten="200,230,340,230" oya="1" hai0="68,132,109,117,94,29,118,101,110,80,54,26,34" hai1="30,60,8,10,92,95,67,14,55,25,70,98,51" hai2="61,69,100,40,0,6,97,127,4,79,83,17,44" hai3="19,116,22,18,103,59,123,122,50,16,82,52,108"/><U112/><E112/><V57/><F69/><W46/><G108/><N who="0" m="41579" /><D68/><U24/><E95/><V65/><F17/><W93/><G116/><T113/><D113/><U9/><E14/><V43/><F127/><W104/><G104/><T96/><D132/><U28/><E25/><V119/><F119/><W114/><G114/><T12/><D54/><U106/><E106/><V3/><F3/><W39/><G82/><T76/><D12/><U45/><REACH who="1" step="1"/><E24/><REACH who="1" ten="200,220,340,230" step="2"/><V77/><F0/><W35/><G123/><T88/><D101/><AGARI ba="0,1" hai="8,9,10,28,30,45,51,55,60,67,70,92,98,101" machi="101" ten="40,3900,0" yaku="1,1,2,1,53,0" doraHai="36" doraHaiUra="1" who="1" fromWho="0" sc="200,-39,220,49,340,0,230,0" /><INIT seed="1,1,0,0,3,99" ten="161,269,340,230" oya="1" hai0="93,95,14,69,74,62,55,7,96,31,127,48,52" hai1="54,82,28,75,117,1,112,5,108,118,29,11,92" hai2="122,135,45,91,13,32,104,23,120,59,34,64,129" hai3="22,53,60,126,41,85,21,132,40,71,9,110,103"/><U0/><E112/><V66/><F104/><W77/><G132/><T124/><D74/><U51/><E0/><V61/><F135/><W72/><G126/><N who="0" m="48171" /><D31/><U26/><E108/><V130/><F91/><W106/><G72/><T113/><D113/><U16/><E92/><V111/><F111/><W100/><G110/><T56/><D69/><U18/><E117/><V81/><F81/><W12/><G77/><T134/><D134/><U6/><E6/><V19/><F64/><W10/><G85/><T102/><D14/><U43/><E43/><V114/><F45/><W98/><G103/><T63/><D7/><U76/><E118/><V79/><F79/><W123/><G123/><N who="2" m="47145" /><F114/><W86/><G86/><T50/><D95/><U35/><REACH who="1" step="1"/><E29/><REACH who="1" ten="161,259,340,230" step="2"/><V90/><F130/><W83/><G41/><T101/><D102/><U68/><E68/><V109/><F129/><W42/><G71/><T105/><D105/><U20/><E20/><V15/><F23/><W115/><G22/><T36/><D36/><U84/><E84/><V2/><F2/><W57/><G115/><T4/><D4/><U8/><E8/><V78/><F109/><W3/><G9/><T39/><D39/><U73/><E73/><V49/><F32/><W121/><G121/><T94/><D93/><U37/><E37/><V131/><F34/><W107/><G107/><T128/><D128/><U25/><E25/><V24/><F24/><W133/><G133/><T65/><D65/><U88/><E88/><V80/><F90/><W58/><G3/><T119/><D119/><U30/><E30/><V67/><F131/><RYUUKYOKU ba="1,1" sc="161,15,259,15,340,-15,230,-15" hai0="48,50,52,55,56,62,63,94,96,101" hai1="1,5,11,16,18,26,28,35,51,54,75,76,82" /><INIT seed="1,2,1,2,0,49" ten="176,274,325,215" oya="1" hai0="133,18,35,135,54,78,69,34,72,109,82,120,79" hai1="51,90,110,106,6,42,43,3,56,119,98,22,87" hai2="73,58,50,71,46,21,29,126,4,97,61,115,94" hai3="102,70,14,23,53,86,36,84,44,131,32,17,127"/><U117/><E3/><V67/><F126/><W38/><G127/><T76/><D69/><U63/><E6/><V83/><F115/><W7/><G131/><T122/><D109/><U85/><E110/><V130/><F130/><W19/><G70/><T132/><D18/><U39/><E39/><V12/><F71/><W118/><G118/><T81/><D54/><U15/><E106/><V105/><F105/><W41/><G32/><N who="0" m="12331" /><D72/><U77/><E117/><V9/><F83/><AGARI ba="2,1" hai="76,78,79,81,82,83,120,122,132,133,135" m="12331" machi="83" ten="40,5200,0" yaku="28,2,20,1" doraHai="49" who="0" fromWho="2" sc="176,68,274,0,325,-58,215,0" /><INIT seed="2,0,0,0,2,5" ten="244,274,267,215" oya="2" hai0="28,116,25,117,58,100,96,63,86,15,84,66,88" hai1="24,112,120,132,89,78,36,31,81,101,41,110,74" hai2="56,135,91,2,85,44,47,73,42,12,21,107,129" hai3="48,33,119,111,118,49,18,54,105,23,87,57,70"/><V11/><F73/><W106/><G111/><T1/><D1/><U93/><E112/><V126/><F107/><W133/><G133/><T122/><D122/><U79/><E110/><V123/><F123/><W83/><G33/><T130/><D130/><U16/><E120/><V50/><F129/><W65/><G49/><T8/><D84/><U43/><E132/><V72/><F72/><W60/><G119/><T108/><D108/><U77/><E101/><V134/><F2/><W64/><G64/><T121/><D121/><U45/><E41/><V69/><F69/><W39/><G39/><T20/><D96/><U3/><E3/><V94/><F126/><W37/><G37/><T0/><D100/><U59/><E59/><V61/><F21/><W99/><G99/><T92/><REACH who="0" step="1"/><D0/><REACH who="0" ten="234,274,267,215" step="2"/><U35/><E74/><V40/><F135/><W67/><G118/><T34/><D34/><U76/><E76/><V19/><F134/><W97/><G97/><T6/><AGARI ba="0,1" hai="6,8,15,20,25,28,58,63,66,86,88,92,116,117" machi="6" ten="30,8000,1" yaku="1,1,0,1,52,1,54,1,53,1" doraHai="5" doraHaiUra="9" who="0" fromWho="0" sc="234,90,274,-20,267,-40,215,-20" /><INIT seed="3,0,0,4,0,122" ten="324,254,227,195" oya="3" hai0="107,75,114,127,47,61,69,112,4,83,97,55,49" hai1="8,66,120,88,32,46,76,102,117,24,29,2,13" hai2="121,43,35,77,81,134,45,99,41,20,113,6,130" hai3="37,5,39,22,25,84,53,70,63,128,54,62,12"/><W93/><G128/><T40/><D127/><U125/><E120/><V72/><F121/><W1/><G1/><T31/><D4/><U57/><E125/><V104/><F113/><N who="0" m="43626" /><D31/><U111/><E117/><V18/><F35/><W110/><G39/><T15/><D15/><U105/><E76/><V67/><F130/><W38/><G38/><N who="0" m="21911" /><D83/><U3/><E46/><V14/><F67/><W59/><G37/><T80/><D80/><U50/><E102/><V89/><F134/><W44/><G70/><T27/><D27/><U106/><E105/><V11/><F45/><W7/><G44/><N who="0" m="28071" /><D75/><U133/><E106/><V34/><F34/><W48/><G12/><T65/><D107/><U9/><E133/><V100/><REACH who="2" step="1"/><F89/><REACH who="2" ten="324,254,217,195" step="2"/><N who="3" m="53415" /><G54/><T115/><D115/><U129/><E129/><V42/><F42/><W124/><G124/><T109/><D65/><U90/><E66/><V98/><F98/><W60/><G110/><T58/><D97/><U135/><E111/><V91/><F91/><W26/><G26/><AGARI ba="0,1" hai="6,11,14,18,20,26,41,43,72,77,81,99,100,104" machi="26" ten="30,3900,0" yaku="1,1,7,1,53,1" doraHai="122" doraHaiUra="92" who="2" fromWho="3" sc="324,0,254,0,217,49,195,-39" owari="324,42.4,254,-14.6,266,6.6,156,-34.4" /></mjloggm>