<mjloggm ver="2.3"><GO type="225" lobby="0"/><UN n0="%E6%A0%B9%E5%85%83%E3%81%8B%E3%82%89%E5%90%B9%E3%81%A3%E9%A3%9B%E3%81%B6" n1="%E3%82%BC%E3%83%AB%E3%83%80%E3%81%AE%E4%BC%9D%E8%AA%AC" n2="%E3%81%86%E3%82%8C%E3%81%9F%E3%82%93%E6%9E%95" n3="%33%74%72%65%65" dan="17,16,16,16" rate="2225.93,2220.17,2085.88,2151.22" sx="F,M,F,F"/><TAIKYOKU oya="0"/><INIT seed="0,0,0,0,3,130" ten="250,250,250,250" oya="0" hai0="133,10,87,127,42,51,122,26,96,102,65,29,24" hai1="53,98,135,35,119,89,4,120,21,117,39,23,2" hai2="66,91,124,70,50,104,123,128,105,32,109,59,6" hai3="57,14,63,45,108,114,85,13,5,132,54,12,40"/><T56/><D122/><U3/><E39/><V111/><F123/><W73/><G114/><T93/><D127/><U58/><E120/><V79/><F128/><W112/><G112/><T0/><D0/><U31/><E89/><V107/><F124/><W41/><G73/><T60/><D10/><U49/><E98/><V126/><F126/><W61/><G108/><N who="2" m="41545" /><F79/><W28/><G132/><T72/><D72/><U116/><E135/><V1/><F32/><W75/><G75/><T84/><D133/><U134/><E134/><V19/><F19/><W131/><G131/><T38/><D38/><U68/><E68/><V36/><F36/><W9/><G28/><T62/><D62/><N who="3" m="23561" /><G85/><T97/><D97/><U125/><E125/><V30/><F30/><W47/><G9/><T78/><D24/><N who="1" m="18919" /><E2/><V37/><F37/><W94/><G94/><T22/><REACH who="0" step="1"/><D78/><REACH who="0" ten="240,250,250,250" step="2"/><U67/><E3/><V110/><F110/><W90/><G5/><T115/><D115/><U27/><E4/><V81/><F6/><W34/><G34/><T64/><D64/><U17/><E67/><V82/><F1/><W52/><G90/><T20/><D20/><U71/><E23/><V69/><F91/><W92/><G12/><T46/><AGARI ba="0,1" hai="22,26,29,42,46,51,56,60,65,84,87,93,96,102" machi="46" ten="30,12000,1" yaku="1,1,0,1,25,2,8,1,53,0" doraHai="130" doraHaiUra="100" who="0" fromWho="0" sc="240,130,250,-40,250,-40,250,-40" /><INIT seed="0,1,0,4,2,94" ten="370,210,210,210" oya="0" hai0="36,4,38,102,35,107,42,117,115,29,66,113,55" hai1="34,99,40,74,122,63,116,88,64,70,21,41,78" hai2="68,0,23,49,31,32,20,126,96,51,124,47,52" hai3="19,13,110,57,25,56,16,121,127,73,46,125,119"/><T58/><D117/><U129/><E116/><V76/><F0/><W95/><G119/><T53/><D4/><U123/><E34/><V6/><F6/><W100/><G110/><T103/><D29/><U50/><E129/><V131/><F68/><W30/><G73/><T11/><D35/><U7/><E7/><V86/><F131/><W98/><G46/><T67/><D11/><U93/><E21/><V104/><F32/><N who="3" m="20559" /><G121/><T81/><D81/><U130/><E130/><V80/><F49/><W87/><G87/><T109/><D107/><U101/><E101/><N who="2" m="62503" /><F31/><W71/><G71/><T72/><D72/><U97/><E97/><V69/><F69/><W114/><G114/><T135/><D135/><U54/><E78/><V61/><F61/><W39/><G39/><T26/><D26/><U60/><E60/><V84/><F84/><W8/><G19/><T12/><D42/><U28/><E28/><V22/><F22/><W3/><G3/><T106/><D38/><U15/><E74/><V105/><F105/><W37/><G37/><T75/><D106/><U82/><E123/><V14/><F14/><W5/><G5/><T10/><D12/><U133/><E122/><V44/><F44/><W111/><G111/><T18/><D36/><U48/><E15/><V134/><F134/><W1/><G1/><T65/><D109/><U118/><E133/><V132/><F132/><W9/><G9/><T59/><D10/><U83/><E118/><V2/><F2/><W85/><G85/><T112/><D75/><U43/><E50/><V27/><F20/><W108/><G108/><RYUUKYOKU ba="1,0" sc="370,-30,210,10,210,10,210,10" hai1="40,41,43,48,54,63,64,70,82,83,88,93,99" hai2="23,27,47,51,52,76,80,86,124,126" hai3="8,13,16,56,57,95,98,100,125,127" /><INIT seed="1,2,0,3,0,9" ten="340,220,220,220" oya="1" hai0="54,118,120,127,135,124,46,79,63,41,84,103,57" hai1="104,129,31,66,85,47,19,100,72,18,92,121,16" hai2="43,134,114,115,78,27,130,2,33,102,132,111,97" hai3="98,21,38,99,5,4,42,128,14,1,82,126,131"/><U95/><E121/><V55/><F2/><W77/><G126/><N who="0" m="48171" /><D118/><U65/><E72/><V101/><F43/><W37/><G1/><T113/><D135/><N who="2" m="51754" /><F111/><W123/><G123/><T107/><D113/><N who="2" m="43018" /><F78/><W28/><BYE who="0" /><G42/><UN n0="%E6%A0%B9%E5%85%83%E3%81%8B%E3%82%89%E5%90%B9%E3%81%A3%E9%A3%9B%E3%81%B6" /><T53/><D103/><N who="2" m="39434" /><F130/><W67/><G131/><T45/><D79/><U83/><E129/><V34/><F97/><W39/><G128/><T76/><D76/><N who="1" m="46311" /><E104/><V96/><F96/><W49/><G99/><T8/><D107/><U60/><E100/><V112/><N who="2" m="43026" /><V7/><DORA hai="74" /><F7/><W35/><G98/><T89/><D41/><U61/><E31/><N who="2" m="19711" /><F55/><W80/><G28/><T117/><D120/><U23/><E23/><V29/><F29/><W93/><G21/><T48/><D117/><U22/><E22/><V32/><AGARI ba="2,0" hai="32,34" m="19711,39434,43026,51754" machi="32" ten="50,3200,0" yaku="20,1,11,1" doraHai="9,74" who="2" fromWho="2" sc="340,-10,220,-18,220,38,220,-10" /><INIT seed="2,0,0,4,3,101" ten="330,202,258,210" oya="2" hai0="71,130,103,87,131,90,85,49,58,105,59,125,11" hai1="40,120,110,133,82,28,92,20,93,57,6,114,78" hai2="51,122,73,16,56,48,63,75,86,115,7,37,42" hai3="121,21,94,36,117,72,39,79,14,91,32,111,22"/><V129/><F115/><W108/><G121/><T61/><D125/><U74/><E114/><V35/><F122/><W84/><G117/><T107/><D103/><U3/><E120/><V104/><F104/><N who="0" m="40010" /><D11/><U26/><E110/><N who="3" m="42026" /><G32/><T100/><D100/><U24/><E133/><V124/><F129/><N who="0" m="49162" /><D49/><U80/><E3/><V13/><F124/><W45/><G39/><T19/><D19/><U62/><E6/><V44/><F7/><W15/><G36/><T64/><D87/><U77/><E40/><V43/><F43/><W66/><G84/><T29/><D29/><U106/><E106/><V97/><F86/><W33/><G72/><T23/><D23/><U99/><E99/><V54/><F75/><W126/><G21/><T17/><D17/><U113/><E113/><V8/><F73/><W127/><G22/><T67/><D64/><U41/><E41/><V128/><F128/><W60/><G66/><T112/><D112/><U132/><E132/><V12/><F35/><W109/><N who="3" m="42034" /><W123/><DORA hai="70" /><G123/><T69/><D69/><U65/><E24/><V53/><F97/><N who="3" m="57567" /><G126/><T98/><D98/><U0/><E0/><V102/><F102/><W46/><G127/><T68/><D68/><U116/><E116/><V31/><F31/><W119/><G119/><T95/><AGARI ba="0,0" hai="58,59,61,67,71,85,90,95" m="49162,40010" machi="95" ten="30,7900,0" yaku="19,1,52,3" doraHai="101,70" who="0" fromWho="0" sc="330,79,202,-20,258,-39,210,-20" /><INIT seed="3,0,0,4,0,11" ten="409,182,219,190" oya="3" hai0="104,125,8,51,83,75,37,113,57,69,12,67,45" hai1="107,13,62,105,126,58,92,29,41,112,43,111,38" hai2="36,10,70,122,4,42,97,124,110,47,54,23,120" hai3="1,50,133,103,85,118,128,100,48,77,59,102,87"/><W61/><G118/><T121/><D104/><U19/><E112/><V99/><F110/><W129/><G1/><T114/><D121/><N who="2" m="46698" /><F124/><W55/><G133/><T134/><D134/><U32/><E111/><V25/><F54/><W98/><G98/><T0/><D125/><U96/><E126/><V68/><F68/><W20/><G20/><T66/><D0/><U27/><E38/><V15/><F70/><W117/><G117/><T115/><D69/><U2/><E2/><V40/><F40/><W28/><G28/><AGARI ba="0,0" hai="4,10,15,23,25,28,36,42,47,97,99" m="46698" machi="28" ten="30,2000,0" yaku="13,1,52,1" doraHai="11" who="2" fromWho="3" sc="409,0,182,0,219,20,190,-20" owari="409,50.9,182,-21.8,239,3.9,170,-33.0" /></mjloggm>