<mjloggm ver="2.3"><GO type="225" lobby="0"/><UN n0="%48%61%61%61%6C%61%6E%64" n1="%E7%BD%AA%E5%88%91%E6%B3%95%E5%AE%9A%E4%B8%BB%E7%BE%A9" n2="%6D%75%75%6D%75%72%61" n3="%E3%81%AF%E3%82%88%E3%81%8A%E3%81%98%E3%81%95%E3%82%93" dan="17,16,17,16" rate="2239.72,2184.66,2123.75,2131.77" sx="M,M,F,M"/><TAIKYOKU oya="0"/><INIT seed="0,0,0,0,0,12" ten="250,250,250,250" oya="0" hai0="54,127,125,106,74,80,20,99,63,86,135,23,13" hai1="130,79,26,47,48,94,21,28,17,32,113,92,65" hai2="76,62,121,88,66,90,61,112,123,15,131,64,27" hai3="95,46,33,11,29,36,129,128,14,43,84,124,134"/><T116/><D116/><U19/><E130/><V45/><F112/><W101/><G124/><N who="0" m="47691" /><D74/><U85/><E113/><V109/><F109/><W6/><G134/><T82/><D135/><U40/><E19/><V93/><F76/><W103/><G29/><T2/><D2/><U70/><E70/><V89/><F131/><N who="3" m="50251" /><G33/><T71/><D80/><U67/><E79/><V7/><F93/><W34/><G34/><T37/><D37/><U30/><E85/><V24/><F45/><W108/><G108/><T104/><D99/><U22/><E32/><V68/><F7/><W115/><G115/><T96/><D96/><U8/><E8/><V105/><F15/><W102/><G84/><T91/><D54/><U114/><E30/><V81/><F81/><W18/><G95/><N who="1" m="36394" /><E114/><V49/><F105/><N who="0" m="40554" /><D13/><AGARI ba="0,0" hai="13,17,21,22,26,28,40,47,48,65,67" m="36394" machi="13" ten="30,2000,0" yaku="8,1,52,1" doraHai="12" who="1" fromWho="0" sc="250,-20,250,20,250,0,250,0" /><INIT seed="1,0,0,4,5,87" ten="230,270,250,250" oya="1" hai0="95,108,119,93,127,29,64,89,63,106,52,39,75" hai1="49,122,113,85,80,82,54,104,48,96,12,6,70" hai2="25,20,131,77,41,47,57,8,16,110,126,60,133" hai3="33,115,69,83,11,22,44,14,109,0,17,86,124"/><U61/><E113/><V32/><F110/><W134/><G115/><T112/><D112/><U117/><E117/><V3/><F126/><W58/><G69/><T99/><D119/><U4/><E122/><V81/><F131/><W91/><G33/><T40/><D108/><U123/><E123/><V129/><F129/><W62/><G109/><T59/><D75/><U37/><E37/><V120/><F120/><W45/><G134/><T18/><D127/><U1/><E1/><V43/><F133/><W23/><G124/><T105/><D29/><U67/><E48/><V55/><F32/><W19/><G0/><T10/><D40/><U68/><E68/><V128/><F128/><W130/><G130/><T36/><D105/><U88/><E12/><V118/><F118/><W78/><G78/><T114/><D106/><U9/><E9/><V38/><F43/><W132/><G132/><T24/><D114/><U21/><E21/><N who="3" m="7690" /><G17/><T98/><D64/><AGARI ba="0,0" hai="11,14,19,44,45,58,62,64,83,86,91" m="7690" machi="64" ten="30,2000,0" yaku="8,1,52,1" doraHai="87" who="3" fromWho="0" sc="230,-20,270,0,250,0,250,20" /><INIT seed="2,0,0,4,5,104" ten="210,270,250,270" oya="2" hai0="90,119,42,2,32,131,92,69,96,45,1,129,53" hai1="64,56,101,58,6,74,83,87,61,44,66,46,112" hai2="49,41,89,110,15,9,48,132,67,21,99,54,98" hai3="88,133,126,105,4,85,111,25,7,84,122,80,59"/><V26/><F132/><W38/><G122/><T27/><D119/><U33/><E112/><V128/><F128/><N who="0" m="49226" /><D69/><U70/><E33/><V23/><F67/><W47/><G105/><T115/><D53/><U109/><E109/><V117/><F117/><W114/><G111/><T116/><D116/><U37/><E101/><V13/><F110/><W134/><G114/><T130/><N who="0" m="49234" /><T57/><DORA hai="79" /><D57/><U103/><E103/><V77/><F77/><W65/><G126/><T120/><D115/><U121/><E121/><V94/><F41/><W62/><G25/><T14/><D14/><U18/><E74/><V75/><F75/><W73/><G73/><T43/><D120/><U82/><E6/><V108/><F108/><W102/><G102/><T10/><D10/><U106/><E106/><V51/><F54/><W68/><G68/><T0/><D45/><U24/><E37/><V35/><F35/><W12/><G12/><T71/><D71/><U113/><E113/><V97/><F15/><W123/><G123/><T118/><D118/><U86/><E70/><V93/><F89/><N who="3" m="51335" /><G47/><T125/><D125/><U8/><E8/><V5/><REACH who="2" step="1"/><F21/><REACH who="2" ten="210,270,240,270" step="2"/><W3/><G3/><N who="0" m="771" /><T30/><AGARI ba="0,1" hai="27,30,32,42,43,90,92,96" m="771,49234" machi="30" ten="60,4000,0" yaku="4,1,19,1" doraHai="104,79" who="0" fromWho="0" sc="210,50,270,-10,240,-20,270,-10" /><INIT seed="3,0,0,0,0,129" ten="260,260,220,260" oya="3" hai0="24,67,72,15,48,21,87,52,2,104,77,3,113" hai1="80,39,61,41,88,70,65,43,23,38,96,20,6" hai2="5,31,32,9,11,54,1,102,33,0,63,99,40" hai3="75,85,37,28,62,16,105,22,66,130,69,36,110"/><W30/><G75/><T94/><D104/><U78/><E6/><V42/><F54/><W50/><G105/><T107/><D107/><U124/><E124/><V117/><F117/><W114/><G114/><T119/><D119/><U112/><E112/><V135/><F63/><W35/><G130/><T8/><D67/><U13/><E39/><V74/><F74/><W19/><G35/><T103/><D72/><U79/><E38/><V73/><F73/><W76/><G36/><T49/><D49/><U58/><E70/><V100/><F5/><W46/><G37/><T95/><D2/><U128/><E128/><V68/><F68/><W118/><G118/><T47/><D3/><U131/><E131/><V121/><F121/><W84/><G19/><N who="0" m="8679" /><D103/><U109/><E109/><V89/><F89/><W108/><G28/><N who="0" m="17423" /><D113/><U55/><E65/><V26/><F26/><N who="3" m="14663" /><G30/><T34/><D34/><U98/><E13/><V97/><F31/><W82/><G82/><AGARI ba="0,0" hai="47,48,52,77,82,87,94,95" m="17423,8679" machi="82" ten="30,2000,0" yaku="8,1,54,1" doraHai="129" who="0" fromWho="3" sc="260,20,260,0,220,0,260,-20" /><INIT seed="4,0,0,1,0,88" ten="280,260,220,240" oya="0" hai0="54,52,13,6,16,129,27,122,1,34,107,19,14" hai1="114,65,62,37,78,72,0,116,106,18,69,12,95" hai2="104,20,11,17,101,58,73,26,49,32,77,57,25" hai3="89,81,94,61,53,84,38,59,22,56,109,5,102"/><T110/><D122/><U93/><E116/><V45/><F73/><W115/><G109/><T48/><D107/><U131/><E106/><V128/><F128/><W30/><G38/><T133/><D129/><U75/><E131/><V111/><F111/><W7/><G115/><T92/><D110/><U3/><E37/><V108/><F108/><W124/><G124/><T82/><D133/><U123/><E123/><V10/><F77/><W120/><G120/><T42/><D1/><U125/><E125/><V31/><F104/><W132/><G132/><T46/><D82/><U118/><E118/><V99/><F10/><W55/><G30/><T90/><D34/><U23/><E114/><V68/><F11/><W64/><G22/><N who="0" m="13767" /><D6/><U51/><E75/><V50/><F68/><W91/><G102/><T2/><D2/><U76/><E3/><V134/><F134/><W36/><G64/><T60/><D60/><U119/><E0/><V39/><F39/><W28/><G28/><T85/><D13/><U71/><E71/><V113/><F113/><W100/><G100/><T127/><D127/><U105/><E105/><V44/><F32/><W41/><G41/><T70/><D70/><U63/><E72/><V4/><F31/><W103/><G103/><T9/><AGARI ba="0,0" hai="9,14,19,42,46,48,52,54,85,90,92" m="13767" machi="9" ten="30,11700,0" yaku="8,1,52,1,54,2" doraHai="88" who="0" fromWho="0" sc="280,117,260,-39,220,-39,240,-39" owari="397,49.7,221,2.1,181,-31.9,201,-19.9" /></mjloggm>