<mjloggm ver="2.3"><GO type="225" lobby="0"/><UN n0="%E9%B3%B3%E6%9D%B1%E3%81%AE%E3%81%86%E3%81%95%E3%81%8E%E3%81%95%E3%82%93" n1="%E7%88%86%E8%A3%82%E9%83%BD%E5%B8%82%EF%BD%9E" n2="%E4%BF%BA%E3%81%A8%E5%A6%96%E5%A4%A2" n3="%33%74%72%65%65" dan="16,16,17,17" rate="2116.36,2108.53,2203.95,2230.16" sx="M,M,F,F"/><TAIKYOKU oya="0"/><INIT seed="0,0,0,5,4,61" ten="250,250,250,250" oya="0" hai0="54,15,13,28,103,77,90,101,104,57,110,35,130" hai1="112,75,120,63,43,12,93,39,53,98,123,47,25" hai2="32,46,118,72,111,29,59,17,91,62,58,80,41" hai3="31,106,83,100,34,24,66,20,4,117,23,11,50"/><T60/><D130/><U107/><E75/><V94/><F111/><W48/><G117/><T18/><D110/><U122/><E107/><V5/><F118/><W132/><G132/><T97/><D101/><U0/><E0/><V36/><F5/><W6/><G83/><T44/><D77/><U51/><E112/><V92/><F29/><W56/><G34/><T84/><D18/><U1/><E1/><V68/><F32/><W40/><G23/><T26/><REACH who="0" step="1"/><D44/><REACH who="0" ten="240,250,250,250" step="2"/><U108/><E108/><V73/><F17/><W67/><G100/><T85/><D85/><U2/><E123/><V105/><F46/><N who="3" m="25671" /><G106/><T22/><D22/><U14/><E122/><V88/><F105/><W119/><G119/><T126/><D126/><U99/><E47/><V89/><F72/><W125/><G125/><T21/><D21/><U127/><E127/><V116/><F73/><W96/><G96/><T135/><D135/><U115/><E99/><V37/><F116/><W55/><G11/><T8/><D8/><U81/><E98/><V114/><F114/><W131/><G131/><T38/><D38/><U133/><E39/><V109/><F36/><W45/><G45/><T33/><D33/><U129/><E133/><V9/><F37/><W71/><G71/><T64/><D64/><AGARI ba="0,1" hai="4,6,20,24,31,50,55,56,64,66,67" m="25671" machi="64" ten="30,7700,0" yaku="8,1,52,3" doraHai="61" who="3" fromWho="0" sc="240,-77,250,0,250,0,250,87" /><INIT seed="1,0,0,5,3,38" ten="163,250,250,337" oya="1" hai0="102,108,28,83,129,30,118,7,87,95,98,0,41" hai1="96,39,76,33,134,97,112,135,127,90,44,75,42" hai2="93,24,55,43,11,74,67,16,63,116,119,101,61" hai3="35,130,66,58,79,111,14,133,82,51,92,3,12"/><U84/><E33/><V126/><F74/><W50/><G3/><T47/><D129/><U85/><E112/><V103/><F126/><W91/><G35/><T45/><D108/><U37/><E127/><V70/><F119/><W27/><G111/><T52/><D118/><U13/><E39/><V109/><F116/><W86/><G27/><T72/><D72/><U5/><E75/><V77/><F77/><W4/><G133/><N who="1" m="50698" /><E76/><V110/><F110/><W128/><G128/><T19/><D7/><U36/><E36/><V121/><F121/><W122/><G122/><T17/><D0/><U65/><E65/><V125/><F125/><W1/><G1/><T49/><D28/><U10/><E85/><V46/><F93/><AGARI ba="0,0" hai="5,10,13,37,42,44,84,90,93,96,97" m="50698" machi="93" ten="30,2900,0" yaku="20,1,52,1" doraHai="38" who="1" fromWho="2" sc="163,0,250,29,250,-29,337,0" /><INIT seed="1,1,0,0,5,122" ten="163,279,221,337" oya="1" hai0="125,38,7,96,49,77,133,59,52,124,80,108,50" hai1="30,87,46,23,25,16,98,11,44,85,65,131,62" hai2="45,9,17,117,29,123,14,112,31,54,63,115,5" hai3="66,71,4,132,81,60,53,0,121,22,113,15,35"/><U24/><E131/><V57/><F123/><W72/><G113/><N who="2" m="43593" /><F117/><W67/><G35/><T8/><D38/><U118/><E118/><V69/><F69/><W86/><G72/><T97/><D133/><U88/><E98/><V10/><F45/><W120/><G132/><T6/><D50/><U61/><E61/><V55/><F55/><W73/><G73/><T109/><D96/><U135/><E135/><V68/><F68/><W90/><G67/><T13/><D6/><U51/><E51/><V19/><F19/><W20/><G0/><AGARI ba="1,0" hai="0,5,9,10,14,17,29,31,54,57,63" m="43593" machi="0" ten="30,1000,0" yaku="11,1" doraHai="122" who="2" fromWho="3" sc="163,0,279,0,221,13,337,-13" /><INIT seed="2,0,0,3,2,115" ten="163,279,234,324" oya="2" hai0="53,75,107,69,65,4,15,44,93,60,82,64,47" hai1="12,56,112,117,43,89,101,106,81,128,54,46,63" hai2="38,127,80,17,58,131,135,2,116,96,25,122,92" hai3="104,39,113,35,78,83,133,11,41,29,79,100,130"/><V32/><F122/><W0/><G79/><T88/><D107/><U102/><E112/><V31/><F38/><W74/><G113/><T67/><D75/><U34/><E34/><V73/><F135/><W98/><G133/><T13/><D82/><U10/><E106/><V114/><F114/><W103/><G103/><T19/><D69/><U28/><E28/><V126/><F131/><W27/><G130/><T23/><D60/><U86/><E117/><V124/><F2/><W55/><G55/><T70/><D70/><U51/><REACH who="1" step="1"/><E128/><REACH who="1" ten="163,269,234,324" step="2"/><V30/><F116/><W62/><G29/><T97/><REACH who="0" step="1"/><D53/><REACH who="0" ten="153,269,234,324" step="2"/><U9/><E9/><AGARI ba="0,2" hai="4,9,13,15,19,23,44,47,64,65,67,88,93,97" machi="9" ten="40,8000,1" yaku="1,1,2,1,8,1,54,1,53,0" doraHai="115" doraHaiUra="99" who="0" fromWho="1" sc="153,100,269,-80,234,0,324,0" /><INIT seed="3,0,0,4,1,20" ten="253,189,234,324" oya="3" hai0="52,91,118,86,64,117,79,67,80,54,77,87,43" hai1="33,75,46,60,7,63,114,30,98,6,11,102,120" hai2="97,81,57,116,99,38,115,23,69,40,110,72,134" hai3="92,47,41,61,125,9,42,59,27,126,93,90,8"/><W4/><G27/><T32/><D32/><U53/><E120/><V56/><F115/><W50/><G42/><T2/><D43/><U82/><E114/><V95/><F116/><W76/><G76/><N who="0" m="29259" /><D2/><U135/><E135/><V26/><F81/><W107/><G107/><T18/><D117/><U108/><E108/><V129/><F69/><W83/><G83/><N who="0" m="49631" /><D118/><U16/><E82/><V3/><F3/><W66/><G92/><T124/><D124/><N who="3" m="47721" /><G4/><T119/><D119/><U96/><E75/><V17/><F72/><W58/><G58/><T44/><D18/><U15/><E98/><AGARI ba="0,0" hai="8,9,41,47,50,59,61,66,90,93,98" m="47721" machi="98" ten="30,1500,0" yaku="18,1" doraHai="20" who="3" fromWho="1" sc="253,0,189,-15,234,0,324,15" owari="253,5.3,174,-32.6,234,-16.6,339,43.9" /></mjloggm>