<mjloggm ver="2.3"><GO type="225" lobby="0"/><UN n0="%E3%81%AA%E3%82%81%E3%81%93%E9%9B%80%E5%A3%AB" n1="%4C%4F%4C%49%54%41" n2="%E3%80%93%E3%81%97%E3%83%BC%E3%82%89%E3%80%93" n3="%E3%81%A4%E3%81%A3%E3%81%B1%E3%82%8A%E3%83%9D%E3%83%BC%E3%83%AB" dan="16,16,17,17" rate="2020.65,2163.31,2210.43,2211.82" sx="M,F,M,M"/><TAIKYOKU oya="0"/><INIT seed="0,0,0,5,2,36" ten="250,250,250,250" oya="0" hai0="33,123,40,32,92,129,18,2,127,76,134,56,46" hai1="5,135,30,55,24,66,94,96,84,29,25,111,114" hai2="117,19,45,68,93,64,104,98,101,31,12,83,49" hai3="95,62,131,57,15,35,61,3,82,50,73,63,85"/><T91/><D123/><U44/><E111/><V130/><F117/><W38/><G38/><T113/><D2/><U41/><E135/><V0/><F0/><W87/><G3/><T21/><D113/><U109/><E109/><V11/><F130/><W100/><G35/><T90/><D129/><U39/><E114/><V132/><F31/><W42/><G131/><T69/><D69/><U108/><E66/><V17/><F132/><W118/><G118/><T89/><D127/><U106/><E106/><V74/><F64/><W71/><G71/><T77/><D92/><U99/><E5/><V43/><F68/><W65/><G73/><T79/><D56/><U75/><E75/><V37/><F104/><W60/><G15/><T14/><REACH who="0" step="1"/><D134/><REACH who="0" ten="240,250,250,250" step="2"/><U120/><E120/><V10/><F93/><W110/><G110/><T8/><D8/><U13/><E108/><V112/><F10/><W16/><G82/><T81/><D81/><U133/><E133/><V52/><F112/><W88/><G100/><T28/><D28/><U47/><E29/><V59/><F83/><W1/><G1/><T72/><D72/><U9/><E30/><V6/><F74/><W126/><G126/><T20/><D20/><U119/><E9/><V27/><F11/><W4/><G4/><T54/><D54/><U34/><E55/><V122/><F52/><W97/><G16/><T80/><D80/><U22/><E22/><V124/><F19/><W23/><G23/><T115/><D115/><U121/><E121/><V102/><F122/><W51/><G42/><T105/><D105/><U103/><E41/><RYUUKYOKU ba="0,1" sc="240,15,250,-15,250,-15,250,15" hai0="14,18,21,32,33,40,46,76,77,79,89,90,91" hai3="50,51,57,60,61,62,63,65,85,87,88,95,97" /><INIT seed="0,1,1,0,0,119" ten="255,235,235,265" oya="0" hai0="81,47,2,120,74,26,27,67,98,38,124,86,65" hai1="13,135,29,100,80,90,96,89,15,103,131,63,75" hai2="30,46,93,107,117,110,66,84,34,32,97,12,57" hai3="39,82,108,60,11,44,53,43,70,58,6,112,91"/><T72/><D2/><U1/><E1/><V125/><F117/><W61/><G112/><T106/><D124/><U64/><E131/><V105/><F125/><W83/><G108/><T59/><D106/><U95/><E135/><V23/><F110/><W51/><G91/><T111/><D98/><U9/><E29/><V14/><F84/><W69/><G61/><T45/><D111/><U85/><E75/><V77/><F77/><W3/><REACH who="3" step="1"/><G70/><REACH who="3" ten="255,235,235,255" step="2"/><T87/><D38/><U115/><E115/><V41/><F66/><AGARI ba="1,2" hai="3,6,11,39,43,44,51,53,58,60,66,69,82,83" machi="66" ten="40,8000,1" yaku="1,1,2,1,24,2,53,0" doraHai="119" doraHaiUra="104" who="3" fromWho="2" sc="255,0,235,0,235,-83,255,103" /><INIT seed="1,0,0,2,0,47" ten="255,235,152,358" oya="1" hai0="30,107,50,87,17,34,40,37,134,97,13,20,36" hai1="10,33,88,31,79,69,63,9,61,100,123,92,44" hai2="8,106,26,99,62,28,128,94,6,130,109,115,58" hai3="86,95,35,120,93,98,52,75,112,82,32,38,7"/><U117/><E117/><V133/><F106/><W48/><G120/><T3/><D3/><U51/><E123/><V72/><F72/><W27/><G38/><T15/><D134/><U105/><E79/><V131/><F133/><W71/><G71/><T85/><D15/><U78/><E78/><V111/><F115/><W65/><G65/><T121/><D37/><U118/><E118/><V21/><F8/><N who="1" m="3177" /><E33/><V56/><F6/><W116/><G75/><T90/><D36/><U16/><E69/><V127/><F127/><W114/><G7/><T83/><D121/><U59/><E105/><V96/><F96/><W119/><G27/><T125/><D125/><U55/><E31/><V22/><F22/><W102/><G119/><T80/><D30/><U122/><E100/><V60/><F60/><W29/><G29/><T14/><D34/><U64/><E122/><V42/><F42/><W126/><G116/><T12/><D97/><N who="1" m="57479" /><E61/><V46/><F46/><N who="3" m="27671" /><G126/><T67/><D107/><U103/><E103/><V0/><F0/><W5/><G35/><T101/><D101/><U39/><E39/><V113/><F113/><W45/><G32/><T19/><D67/><U2/><E2/><V43/><F43/><W135/><G135/><T108/><D20/><U124/><E124/><V57/><REACH who="2" step="1"/><F62/><REACH who="2" ten="255,235,142,358" step="2"/><W4/><G112/><T41/><D41/><U132/><E132/><V81/><F81/><W70/><G114/><T54/><D40/><U89/><E16/><N who="0" m="6217" /><D83/><U77/><E77/><V49/><F49/><W84/><G82/><T73/><D73/><U68/><E68/><V110/><F110/><RYUUKYOKU ba="0,1" sc="255,-15,235,15,142,15,358,-15" hai1="44,51,55,59,63,64,89" hai2="21,26,28,56,57,58,94,99,109,111,128,130,131" /><INIT seed="1,1,1,5,3,58" ten="240,250,157,343" oya="1" hai0="126,12,130,24,121,6,11,111,22,70,89,95,52" hai1="112,7,13,78,100,19,15,103,41,117,26,20,8" hai2="69,42,5,107,57,125,82,90,46,64,29,48,2" hai3="94,23,88,120,47,119,37,77,4,62,16,38,109"/><U84/><E112/><V40/><F107/><W106/><G106/><T28/><D111/><U98/><E117/><V115/><F29/><W93/><G120/><T86/><D70/><U128/><E128/><V118/><F5/><W36/><G109/><T124/><D130/><U74/><E74/><V56/><F2/><W61/><G4/><T72/><D72/><U85/><E41/><N who="2" m="24655" /><F90/><W71/><G71/><T101/><D101/><U50/><E50/><V129/><F82/><W73/><G119/><T51/><REACH who="0" step="1"/><D121/><REACH who="0" ten="230,250,157,343" step="2"/><U132/><E100/><V127/><F129/><W3/><G73/><T131/><D131/><U31/><E132/><V63/><F118/><W97/><G38/><T34/><D34/><U76/><E78/><V133/><F133/><W32/><G32/><T122/><D122/><U18/><E76/><V53/><F115/><W49/><G37/><T35/><D35/><U68/><E68/><V1/><F1/><W87/><G36/><T55/><D55/><U27/><E103/><V60/><F69/><W105/><G3/><T75/><D75/><U113/><E113/><V67/><F53/><N who="3" m="29887" /><G77/><T33/><D33/><U39/><E39/><V102/><F102/><N who="3" m="60727" /><G105/><T17/><D17/><U9/><E18/><V43/><AGARI ba="1,2" hai="40,42,43,56,57,60,63,64,67,125,127" m="24655" machi="43" ten="30,7900,0" yaku="34,2,52,2" doraHai="58" who="2" fromWho="2" sc="230,-21,250,-40,157,102,343,-21" /><INIT seed="2,0,0,4,3,100" ten="209,210,259,322" oya="2" hai0="26,5,29,39,79,46,135,72,71,61,85,113,96" hai1="120,73,107,42,18,101,130,50,103,102,44,3,134" hai2="105,127,27,4,98,10,31,121,60,114,75,47,6" hai3="30,63,56,19,126,86,48,80,16,65,116,24,38"/><V119/><F75/><W124/><G38/><T83/><D113/><U132/><E73/><V111/><F114/><W81/><G116/><T123/><D123/><U52/><E3/><V108/><F121/><W76/><G48/><T33/><D85/><U0/><E120/><V2/><F119/><W82/><G82/><T90/><D90/><U92/><E0/><V35/><F6/><W59/><G59/><T37/><D135/><N who="1" m="51755" /><E130/><V125/><F47/><W115/><G81/><T54/><D5/><U104/><E92/><V12/><F60/><W23/><REACH who="3" step="1"/><G115/><REACH who="3" ten="209,210,259,312" step="2"/><T8/><D39/><N who="1" m="21599" /><E18/><AGARI ba="0,1" hai="16,18,19,23,24,30,56,63,65,76,80,86,124,126" machi="18" ten="40,2600,0" yaku="1,1,54,1,53,0" doraHai="100" doraHaiUra="40" who="3" fromWho="1" sc="209,0,210,-26,259,0,312,36" /><INIT seed="3,0,0,1,2,25" ten="209,184,259,348" oya="3" hai0="131,59,70,90,102,65,54,41,42,24,39,5,34" hai1="27,79,19,73,129,62,0,128,31,78,105,93,96" hai2="80,9,122,45,2,81,52,47,83,118,37,85,101" hai3="130,15,95,6,20,7,98,13,29,33,94,60,50"/><W36/><G36/><T125/><D131/><N who="1" m="50251" /><E105/><V40/><F118/><W134/><G33/><T121/><D121/><U92/><E0/><V68/><F68/><W28/><G134/><T10/><D125/><U49/><E73/><V22/><F122/><W11/><G130/><T106/><D39/><U126/><E126/><V48/><F101/><N who="3" m="60631" /><G60/><N who="0" m="40231" /><D90/><N who="1" m="55319" /><E19/><V12/><F22/><W82/><G82/><T91/><D5/><U67/><E49/><V61/><F61/><W88/><G50/><N who="0" m="31191" /><D10/><U135/><E93/><V69/><F69/><W112/><G112/><T110/><D110/><U8/><E8/><V4/><REACH who="2" step="1"/><F2/><REACH who="2" ten="209,184,249,348" step="2"/><W63/><G63/><T89/><D41/><U3/><E3/><V115/><F115/><W38/><G38/><T108/><D42/><U76/><E135/><V53/><F53/><W46/><G20/><T75/><D108/><U1/><E1/><V100/><F100/><W66/><G66/><T109/><D109/><U104/><E104/><V114/><F114/><W43/><G43/><T57/><D102/><U55/><E55/><V44/><F44/><W35/><G46/><T97/><D106/><U71/><E78/><AGARI ba="0,1" hai="4,9,12,37,40,45,47,48,52,78,80,81,83,85" machi="78" ten="30,3900,0" yaku="1,1,7,1,54,1,53,0" doraHai="25" doraHaiUra="86" who="2" fromWho="1" sc="209,0,184,-39,249,49,348,0" owari="209,-19.1,145,-35.5,298,9.8,348,44.8" /></mjloggm>