<mjloggm ver="2.3"><GO type="225" lobby="0"/><UN n0="%33%74%72%65%65" n1="%E6%81%A5%E6%99%92%E3%81%97" n2="%61%6D%65%6B%69" n3="%72%69%6F%75%63%68%61%6E" dan="16,16,16,16" rate="2123.09,2081.69,2081.39,2182.66" sx="F,M,M,M"/><TAIKYOKU oya="0"/><INIT seed="0,0,0,3,5,30" ten="250,250,250,250" oya="0" hai0="1,70,131,86,0,112,62,53,46,93,27,7,82" hai1="118,32,95,78,116,84,36,56,96,91,6,35,115" hai2="73,110,17,66,52,69,39,55,102,72,98,128,21" hai3="75,47,11,50,8,37,22,129,3,94,67,14,117"/><T85/><D112/><U23/><E36/><V80/><F39/><W16/><G117/><T108/><D131/><U100/><E115/><V34/><F34/><W114/><G114/><T19/><D108/><U45/><E78/><V88/><F73/><W127/><G129/><T107/><D107/><U57/><E6/><V111/><F128/><W81/><G127/><T87/><D82/><U77/><E77/><V124/><F124/><W120/><G120/><T92/><D7/><U15/><E45/><V123/><F66/><W90/><G37/><T99/><D70/><U51/><E116/><V48/><F69/><W65/><G81/><T38/><D38/><U43/><E118/><V83/><F83/><W42/><G75/><T135/><D135/><U49/><E43/><V103/><F103/><W133/><G133/><T134/><D134/><U105/><E51/><V10/><F10/><N who="3" m="3627" /><G3/><T18/><D92/><U60/><E57/><V13/><F123/><W121/><G121/><T41/><D1/><U33/><E49/><V63/><F63/><W126/><G126/><T68/><D0/><U59/><REACH who="1" step="1"/><E60/><REACH who="1" ten="250,240,250,250" step="2"/><V26/><F48/><W122/><G122/><T5/><D5/><U71/><E71/><V113/><F72/><W109/><G109/><N who="2" m="41481" /><F113/><W74/><G74/><T130/><D130/><U61/><E61/><V104/><F13/><W54/><G42/><T29/><D41/><U4/><E4/><V79/><F79/><W125/><G125/><T28/><D68/><U40/><E40/><V119/><F119/><W2/><G2/><T44/><D62/><U97/><E97/><AGARI ba="0,1" hai="14,16,22,47,50,54,65,67,90,94,97" m="3627" machi="97" ten="30,3900,0" yaku="6,1,8,1,54,1" doraHai="30" who="3" fromWho="1" sc="250,0,240,-39,250,0,250,49" /><INIT seed="1,0,0,5,1,64" ten="250,201,250,299" oya="1" hai0="75,92,62,115,0,90,95,29,96,23,36,15,40" hai1="116,42,46,1,68,104,97,20,108,128,48,8,94" hai2="25,52,107,39,41,43,56,100,121,132,9,44,35" hai3="89,53,72,57,31,27,133,47,6,123,49,81,101"/><U71/><E116/><V69/><F121/><W4/><G123/><T117/><D117/><U119/><E119/><V18/><F132/><W2/><G133/><T122/><D115/><U66/><E104/><V32/><F43/><W14/><G2/><T83/><D0/><U79/><E66/><V19/><F69/><N who="1" m="26697" /><E20/><V73/><F73/><W22/><G101/><T87/><D122/><U67/><E67/><V131/><F100/><W5/><G72/><T102/><D62/><U84/><E1/><V120/><F107/><W110/><G110/><T135/><D135/><U17/><E108/><V103/><F103/><W127/><G127/><T7/><D29/><U130/><E79/><V134/><F120/><W125/><G125/><T129/><D23/><U80/><E8/><V3/><F134/><W78/><G78/><T51/><D75/><U70/><N who="1" m="26705" /><U65/><DORA hai="13" /><E65/><V99/><F3/><W74/><G74/><T106/><D106/><U88/><E17/><V11/><F19/><W54/><G81/><T118/><D83/><U77/><E77/><V113/><F11/><N who="3" m="4455" /><G89/><T59/><D90/><U61/><E61/><AGARI ba="0,0" hai="5,6,22,27,31,47,49,53,54,57,61" m="4455" machi="61" ten="30,1000,0" yaku="8,1" doraHai="64,13" who="3" fromWho="1" sc="250,0,201,-10,250,0,299,10" /><INIT seed="2,0,0,3,3,48" ten="250,191,250,309" oya="2" hai0="135,126,70,17,112,52,53,124,63,114,105,39,92" hai1="40,102,29,60,69,25,12,108,55,133,74,116,28" hai2="96,65,127,9,86,106,115,4,45,11,0,99,49" hai3="13,134,1,80,54,19,51,130,46,75,131,89,68"/><V117/><F115/><N who="0" m="44074" /><D105/><U5/><E116/><V123/><F117/><W93/><G134/><T98/><D135/><U32/><E133/><V21/><F123/><W2/><G68/><T59/><D17/><U14/><E74/><V125/><F11/><N who="3" m="6591" /><G75/><T18/><D18/><U113/><E113/><V67/><F21/><W128/><G80/><T64/><D39/><U83/><E83/><V82/><F67/><W91/><G89/><N who="0" m="55567" /><D59/><U81/><E108/><V34/><F65/><W85/><AGARI ba="0,0" hai="1,2,46,51,54,85,91,93,128,130,131" m="6591" machi="85" ten="30,2000,0" yaku="19,1,52,1" doraHai="48" who="3" fromWho="3" sc="250,-5,191,-5,250,-10,309,20" /><INIT seed="3,0,0,1,2,86" ten="245,186,240,329" oya="3" hai0="26,82,128,19,135,31,83,116,120,91,34,132,106" hai1="99,40,94,97,0,112,16,64,62,56,57,115,38" hai2="28,114,78,58,61,102,8,35,52,22,113,105,42" hai3="33,107,101,24,39,96,76,92,74,93,95,17,11"/><W131/><G39/><T125/><D116/><U72/><E72/><V13/><F35/><W46/><G131/><T21/><D120/><U126/><E0/><V122/><F122/><W23/><G33/><T37/><D128/><U45/><E126/><V1/><F1/><W9/><REACH who="3" step="1"/><G46/><REACH who="3" ten="245,186,240,319" step="2"/><T121/><D34/><U110/><E110/><V47/><F114/><W70/><G70/><T85/><D37/><U18/><E57/><V15/><F113/><W29/><G29/><T89/><D31/><U104/><E112/><V133/><F28/><W130/><G130/><T14/><D121/><U88/><REACH who="1" step="1"/><E115/><REACH who="1" ten="245,176,240,319" step="2"/><V108/><F108/><W49/><G49/><T119/><D125/><U6/><E6/><V109/><F109/><W117/><G117/><T43/><D119/><U69/><E69/><V134/><F134/><W51/><G51/><T3/><D135/><U32/><E32/><V7/><F133/><W63/><G63/><T100/><D132/><U111/><E111/><V36/><F36/><W90/><G90/><T55/><D89/><U84/><E84/><V71/><F71/><W2/><G2/><T118/><D91/><U10/><E10/><V4/><F8/><W87/><G87/><T79/><D85/><U66/><E66/><V68/><F68/><W44/><G44/><T75/><D3/><U54/><E54/><V80/><F47/><W124/><G124/><T12/><D55/><U25/><E25/><V65/><F52/><W77/><G77/><T59/><D26/><U20/><E20/><V53/><F22/><W27/><G27/><T67/><D21/><RYUUKYOKU ba="0,2" sc="245,-15,176,15,240,-15,319,15" hai1="16,18,38,40,45,56,62,64,88,94,97,99,104" hai3="9,11,17,23,24,74,76,92,93,95,96,101,107" owari="230,3.0,191,-30.9,225,-17.5,354,45.4" /></mjloggm>