<mjloggm ver="2.3"><GO type="225" lobby="0"/><UN n0="%6D%75%75%6D%75%72%61" n1="%72%69%6F%75%63%68%61%6E" n2="%6E%69%63%6F%6E%74%6F" n3="%E5%B8%86%E7%AB%8B%E5%A4%8F%E8%A1%A3" dan="17,17,17,17" rate="2203.44,2268.40,2168.76,2160.07" sx="F,M,M,M"/><TAIKYOKU oya="0"/><INIT seed="0,0,0,1,0,133" ten="250,250,250,250" oya="0" hai0="113,91,52,71,125,14,89,93,100,25,74,55,119" hai1="76,109,19,42,98,27,69,40,3,53,92,101,21" hai2="94,23,97,2,131,58,126,104,11,61,32,57,81" hai3="72,4,30,51,123,37,96,105,128,62,64,134,26"/><T15/><D113/><U118/><E109/><V46/><F32/><W88/><G123/><T102/><D119/><U80/><E118/><V13/><F131/><W65/><G128/><T20/><D71/><U108/><E108/><V44/><F104/><W8/><G37/><T0/><D0/><U49/><E69/><V95/><F126/><W103/><G72/><T129/><D74/><U56/><REACH who="1" step="1"/><E3/><REACH who="1" ten="250,240,250,250" step="2"/><V29/><F2/><W132/><G132/><T66/><D129/><U24/><E24/><N who="2" m="16543" /><F81/><W67/><G134/><T5/><D25/><U35/><E35/><V47/><F95/><W106/><G106/><T54/><D93/><U48/><E48/><V38/><F38/><W85/><G51/><T33/><D33/><U18/><E18/><N who="2" m="8511" /><F61/><W127/><G62/><T16/><D16/><U73/><AGARI ba="0,1" hai="19,21,27,40,42,49,53,56,73,76,80,92,98,101" machi="73" ten="20,2700,0" yaku="1,1,0,1,7,1,53,0" doraHai="133" doraHaiUra="9" who="1" fromWho="1" sc="250,-13,240,37,250,-7,250,-7" /><INIT seed="1,0,0,2,3,24" ten="237,277,243,243" oya="1" hai0="14,25,54,107,77,114,57,126,99,62,67,97,31" hai1="13,93,132,109,84,118,33,120,129,18,124,90,35" hai2="60,70,56,133,82,69,128,96,122,134,36,104,105" hai3="106,85,53,8,92,7,117,20,125,103,50,46,40"/><U37/><E118/><V3/><F3/><W74/><G125/><T121/><D114/><U108/><E120/><V78/><F122/><W101/><G117/><T73/><D121/><U47/><E124/><V83/><F36/><W41/><G74/><T76/><D126/><U1/><E1/><V100/><F128/><W45/><G106/><T71/><D14/><U51/><E132/><N who="2" m="50795" /><F105/><W27/><G53/><T59/><D97/><U64/><E37/><V44/><F44/><W15/><G85/><T111/><D73/><U86/><E64/><N who="2" m="38919" /><F82/><W115/><G92/><T119/><D111/><N who="1" m="42571" /><E84/><AGARI ba="0,0" hai="69,70,78,83,84,96,100,104" m="38919,50795" machi="84" ten="30,1000,0" yaku="20,1" doraHai="24" who="2" fromWho="1" sc="237,0,277,-10,243,10,243,0" /><INIT seed="2,0,0,4,2,47" ten="237,267,253,243" oya="2" hai0="86,134,60,43,72,117,11,129,78,50,30,114,3" hai1="39,53,90,130,36,106,108,123,89,107,23,104,28" hai2="52,20,59,27,2,18,9,101,62,29,111,100,65" hai3="81,125,41,35,64,15,97,75,109,132,44,49,17"/><V80/><F111/><W16/><G109/><T84/><D114/><U121/><E108/><V67/><F80/><W76/><G125/><T22/><D129/><U79/><E130/><V46/><F2/><W25/><G132/><T88/><D134/><U6/><E79/><V0/><F0/><W8/><G64/><T54/><D72/><U118/><E118/><V83/><F83/><W48/><G97/><T87/><D78/><U120/><E6/><V112/><F112/><W33/><G25/><N who="0" m="16695" /><D3/><U38/><E53/><V96/><F46/><W40/><G40/><T69/><D69/><U21/><E28/><V124/><F124/><W74/><G74/><T61/><D43/><U1/><E1/><V131/><F131/><W66/><G48/><T126/><D11/><U13/><REACH who="1" step="1"/><E13/><REACH who="1" ten="237,257,253,243" step="2"/><N who="2" m="7471" /><F101/><W51/><G66/><T24/><D126/><U58/><E58/><V127/><F127/><W116/><G116/><T37/><D117/><U34/><E34/><V10/><F67/><W82/><G35/><T45/><D37/><U73/><E73/><V115/><F65/><W95/><G33/><T85/><D24/><U12/><E12/><V92/><F115/><W102/><G75/><T98/><N who="0" m="21504" /><DORA hai="94" /><T55/><D54/><U56/><E56/><V99/><F59/><W103/><G76/><T19/><D19/><U128/><E128/><V7/><F52/><N who="3" m="29735" /><G17/><T4/><D4/><U70/><E70/><V122/><F29/><W91/><G82/><T93/><AGARI ba="0,1" hai="45,50,55,60,61,88,93,98" m="21504,16695" machi="93" ten="40,8000,1" yaku="8,1,52,2,54,1" doraHai="47,94" who="0" fromWho="0" sc="237,90,257,-20,253,-40,243,-20" /><INIT seed="3,0,0,4,3,30" ten="327,237,213,223" oya="3" hai0="64,25,66,85,90,70,84,91,86,124,51,39,123" hai1="93,56,37,79,12,71,8,134,107,19,135,44,42" hai2="73,40,87,118,98,57,94,28,4,10,115,74,22" hai3="15,92,75,49,129,68,101,126,60,5,108,81,43"/><W96/><G126/><T62/><D39/><U11/><E107/><V125/><F115/><W65/><G129/><T130/><D123/><U121/><E121/><V114/><F118/><W29/><G108/><T112/><D130/><U14/><E71/><V16/><F114/><W23/><G75/><T59/><D112/><U102/><E79/><V38/><F125/><W35/><G81/><T20/><D124/><U116/><E116/><V127/><F127/><W117/><G117/><T120/><D120/><U63/><E93/><V104/><F104/><W67/><G67/><N who="0" m="25643" /><D51/><U111/><E102/><N who="2" m="60759" /><F74/><W105/><G92/><T54/><D70/><U17/><E111/><V53/><F73/><W47/><G5/><T9/><D9/><U77/><E77/><V45/><F38/><W41/><G41/><T50/><D50/><U88/><E88/><V32/><F32/><W48/><G48/><T1/><D1/><U36/><E36/><V80/><F45/><W113/><G113/><T24/><D24/><U34/><E34/><V31/><F40/><W109/><G109/><T110/><D110/><U61/><E61/><N who="2" m="36015" /><F10/><W76/><G76/><T72/><D72/><U18/><E18/><AGARI ba="0,0" hai="18,20,25,54,59,62,84,85,86,90,91" m="25643" machi="18" ten="30,1000,0" yaku="8,1" doraHai="30" who="0" fromWho="1" sc="327,10,237,-10,213,0,223,0" owari="337,43.7,227,2.7,213,-28.7,223,-17.7" /></mjloggm>