<mjloggm ver="2.3"><GO type="225" lobby="0"/><UN n0="%E3%82%BC%E3%83%AB%E3%83%80%E3%81%AE%E4%BC%9D%E8%AA%AC" n1="%E8%B6%85%E7%B4%9A%E9%B3%B3%E5%87%B0" n2="%E3%81%A8%E3%82%93%E3%81%A8%E3%81%93%E3%81%A8%E3%82%93" n3="%6D%75%75%6D%75%72%61" dan="17,16,16,16" rate="2151.10,2153.64,2134.16,2109.77" sx="M,M,F,F"/><TAIKYOKU oya="0"/><INIT seed="0,0,0,3,0,90" ten="250,250,250,250" oya="0" hai0="52,22,74,56,14,37,32,29,54,77,76,25,43" hai1="44,38,111,11,21,109,60,117,93,80,101,28,31" hai2="20,91,102,95,19,34,71,86,4,73,110,0,128" hai3="120,78,3,123,131,26,67,107,88,64,115,129,10"/><T35/><D74/><U42/><E117/><V17/><F34/><W81/><G115/><T82/><D32/><U39/><E80/><V72/><F71/><W63/><G107/><T106/><D106/><U75/><E75/><V5/><F110/><N who="1" m="41993" /><E39/><V124/><F124/><W50/><G50/><T98/><D98/><N who="1" m="59599" /><E60/><V97/><F19/><W40/><G40/><T103/><D103/><U48/><E38/><V130/><F73/><W57/><G26/><T119/><D119/><U7/><E21/><V89/><F72/><W6/><G78/><T108/><D108/><U51/><E51/><V49/><F49/><W96/><G67/><T61/><D82/><U116/><E116/><V12/><F128/><N who="3" m="49227" /><G81/><T1/><D54/><U36/><E36/><V68/><F130/><W59/><G59/><T23/><D35/><U66/><E66/><V133/><F68/><W92/><AGARI ba="0,0" hai="3,6,10,57,63,64,88,92,96,120,123" m="49227" machi="92" ten="30,4000,0" yaku="19,1,52,1,54,1" doraHai="90" who="3" fromWho="3" sc="250,-20,250,-10,250,-10,250,40" /><INIT seed="1,0,0,5,2,53" ten="230,240,240,290" oya="1" hai0="31,74,125,72,45,25,11,107,135,134,46,131,6" hai1="55,87,43,112,30,38,54,108,105,84,19,33,51" hai2="80,99,41,76,48,96,8,97,2,9,75,57,23" hai3="56,115,104,114,73,94,79,106,129,101,39,22,119"/><U29/><E112/><V34/><F34/><W35/><G39/><T90/><D107/><U63/><E105/><V32/><F32/><W18/><G35/><N who="0" m="20975" /><D90/><U3/><E3/><V110/><F2/><W65/><G129/><T27/><D27/><U85/><E108/><V64/><F110/><W44/><G79/><T91/><D91/><U68/><E19/><V126/><F126/><W7/><G73/><N who="0" m="28267" /><D125/><U66/><E33/><V130/><F130/><W52/><G65/><T50/><D50/><U28/><REACH who="1" step="1"/><E38/><REACH who="1" ten="230,230,240,290" step="2"/><V70/><F96/><W113/><G106/><T69/><D131/><U1/><E1/><V82/><F97/><N who="3" m="59575" /><G104/><T59/><D135/><U42/><E42/><V102/><F41/><W100/><G115/><T121/><D134/><U123/><E123/><V13/><F99/><W81/><G113/><T118/><D121/><U124/><E124/><V37/><F37/><W17/><G114/><T83/><D6/><U78/><E78/><V77/><F77/><W14/><G7/><T71/><D118/><U36/><E36/><V122/><F76/><W58/><G119/><T10/><D10/><U24/><E24/><V60/><F9/><W93/><G18/><T86/><D11/><U89/><E89/><V67/><F122/><W111/><G111/><T5/><D5/><U117/><E117/><V132/><F132/><W12/><G12/><T49/><D86/><U103/><E103/><V61/><F102/><W109/><G109/><T62/><D71/><U21/><E21/><V15/><F75/><W95/><G100/><T98/><D69/><U92/><E92/><RYUUKYOKU ba="0,1" sc="230,-10,230,30,240,-10,290,-10" hai1="28,29,30,43,51,54,55,63,66,68,84,85,87" /><INIT seed="1,1,1,5,4,74" ten="220,260,230,280" oya="1" hai0="65,28,50,24,52,32,4,0,132,112,34,117,56" hai1="14,49,39,125,46,130,73,127,9,11,118,7,85" hai2="102,25,54,31,1,97,107,78,131,42,89,53,128" hai3="80,100,23,123,83,81,110,43,116,115,93,26,63"/><U77/><E118/><V94/><F1/><W45/><G123/><T96/><D112/><U90/><E130/><N who="2" m="49707" /><F42/><W6/><G115/><T10/><D132/><U121/><E121/><V72/><F72/><W29/><G110/><T95/><D65/><U20/><E39/><V86/><F78/><W60/><G116/><T84/><D84/><U37/><E37/><V5/><F5/><W135/><G6/><T109/><D109/><U61/><E20/><AGARI ba="1,1" hai="20,25,31,53,54,86,89,94,97,102,107" m="49707" machi="20" ten="30,1000,0" yaku="19,1" doraHai="74" who="2" fromWho="1" sc="220,0,260,-13,230,23,280,0" /><INIT seed="2,0,0,0,1,119" ten="220,247,253,280" oya="2" hai0="72,29,59,120,118,13,31,40,113,134,133,18,6" hai1="66,24,64,103,94,95,33,85,0,123,99,25,86" hai2="17,90,97,42,5,68,124,36,74,62,128,63,9" hai3="126,7,35,47,67,21,117,2,16,65,102,108,121"/><V58/><F74/><W32/><G117/><T129/><D118/><U81/><E0/><V69/><F124/><W80/><G126/><T22/><D72/><U106/><E123/><V50/><F128/><W27/><G121/><T77/><D77/><U114/><E114/><V104/><F36/><W11/><G108/><T60/><D120/><U125/><E125/><V105/><F17/><W48/><G102/><T12/><D40/><U34/><E103/><V55/><F90/><W71/><G80/><T20/><D113/><U82/><REACH who="1" step="1"/><E99/><REACH who="1" ten="220,237,253,280" step="2"/><V26/><F97/><W38/><G2/><T43/><D129/><U101/><E101/><V107/><F104/><AGARI ba="0,1" hai="24,25,33,34,64,66,81,82,85,86,94,95,104,106" machi="104" ten="25,3200,0" yaku="1,1,22,2,53,0" doraHai="119" doraHaiUra="14" who="1" fromWho="2" sc="220,0,237,42,253,-32,280,0" /><INIT seed="3,0,0,1,5,34" ten="220,279,221,280" oya="3" hai0="112,83,36,70,45,130,69,107,59,103,89,105,54" hai1="43,42,2,123,18,14,1,29,131,93,122,99,128" hai2="61,67,111,19,109,40,6,98,24,125,88,78,95" hai3="57,8,64,113,31,32,82,62,51,85,49,75,129"/><W106/><G113/><T121/><D121/><N who="1" m="46091" /><E29/><V127/><F78/><W101/><G129/><N who="1" m="49738" /><E43/><V38/><F6/><W114/><G75/><T17/><D130/><U81/><E81/><V91/><F38/><W52/><G114/><T132/><D112/><U48/><E48/><V16/><F40/><W13/><G106/><T68/><D132/><U102/><E42/><V39/><F39/><W84/><G101/><T3/><D36/><U25/><E25/><V74/><F24/><W66/><G32/><T134/><D45/><U10/><AGARI ba="0,0" hai="1,2,10,14,18,93,99,102" m="49738,46091" machi="10" ten="30,4000,0" yaku="19,1,52,2" doraHai="34" who="1" fromWho="1" sc="220,-10,279,40,221,-10,280,-20" owari="210,-29.0,319,41.9,211,-18.9,260,6.0" /></mjloggm>