<mjloggm ver="2.3"><GO type="225" lobby="0"/><UN n0="%E3%82%B7%E3%83%B3%E5%A4%AA%E6%9C%97" n1="%72%69%6F%75%63%68%61%6E" n2="%E6%B4%BE%E9%81%A3%E3%81%AE%E3%82%B8%E3%83%A3%E3%83%83%E3%82%AF" n3="%4B%2E%32%2E%4B%2E" dan="16,16,16,16" rate="2126.59,2111.95,2158.50,2166.58" sx="M,M,M,M"/><TAIKYOKU oya="0"/><INIT seed="0,0,0,0,5,125" ten="250,250,250,250" oya="0" hai0="27,54,92,38,124,29,122,110,81,121,128,98,24" hai1="6,30,53,89,13,34,65,115,16,73,40,106,12" hai2="86,45,10,84,102,66,77,62,28,56,44,133,111" hai3="22,114,80,107,132,21,76,4,74,57,94,104,116"/><T131/><D38/><U79/><E106/><V83/><F111/><W55/><G114/><T103/><D124/><U60/><E115/><V26/><F133/><W118/><G132/><T7/><D110/><U68/><E40/><V9/><F102/><W11/><G94/><T37/><D37/><U3/><E89/><V70/><F70/><W17/><G107/><T20/><D7/><U1/><E6/><V108/><F108/><W85/><G74/><T112/><D112/><U8/><E12/><V127/><F127/><W33/><G33/><T72/><D54/><U101/><E101/><V130/><F130/><N who="0" m="49706" /><D27/><U123/><E123/><N who="0" m="47113" /><D81/><U14/><E53/><V61/><F61/><W51/><G4/><T96/><D96/><U82/><REACH who="1" step="1"/><E13/><REACH who="1" ten="250,240,250,250" step="2"/><V117/><F117/><W50/><G116/><T90/><D72/><U5/><E5/><V25/><F25/><AGARI ba="0,1" hai="1,3,8,14,16,25,30,34,60,65,68,73,79,82" machi="25" ten="40,5200,0" yaku="1,1,54,1,53,1" doraHai="125" doraHaiUra="15" who="1" fromWho="2" sc="250,0,240,62,250,-52,250,0" /><INIT seed="1,0,0,5,1,107" ten="250,302,198,250" oya="1" hai0="83,10,13,20,80,12,122,58,56,3,84,5,59" hai1="8,33,62,119,57,42,17,94,115,69,24,25,85" hai2="4,37,41,91,74,11,65,129,15,108,88,116,103" hai3="106,6,49,51,89,60,123,90,134,70,118,121,125"/><U36/><E115/><V34/><F34/><W66/><G106/><T105/><D105/><U114/><E114/><V1/><F116/><W14/><G118/><T97/><D122/><U44/><E119/><V127/><F127/><W71/><G125/><T18/><D97/><U43/><E69/><V75/><F65/><W102/><G102/><T32/><D32/><U76/><E42/><V53/><F103/><W130/><G130/><T112/><D112/><U86/><E76/><V124/><F124/><W2/><G2/><T9/><REACH who="0" step="1"/><D84/><REACH who="0" ten="240,302,198,250" step="2"/><U16/><E86/><V61/><F129/><W111/><G121/><T45/><D45/><U87/><E85/><V82/><F108/><W92/><G123/><T55/><D55/><U133/><E87/><V52/><F53/><W22/><G111/><T19/><AGARI ba="0,1" hai="3,5,9,10,12,13,18,19,20,56,58,59,80,83" machi="19" ten="30,2000,0" yaku="1,1,0,1,53,0" doraHai="107" doraHaiUra="47" who="0" fromWho="0" sc="240,30,302,-10,198,-5,250,-5" /><INIT seed="2,0,0,0,5,95" ten="270,292,193,245" oya="2" hai0="27,102,117,118,101,120,128,108,130,23,50,34,44" hai1="89,22,83,48,11,76,1,41,57,43,103,65,106" hai2="69,71,54,97,31,72,4,116,20,8,15,134,58" hai3="42,126,121,61,93,74,79,64,114,18,19,59,87"/><V60/><F116/><N who="0" m="44650" /><D108/><U78/><E89/><V90/><F72/><W81/><G121/><T75/><D75/><U62/><E78/><V80/><F134/><W100/><G126/><T105/><D120/><U40/><E1/><V21/><F80/><W104/><G114/><T35/><D34/><U53/><E11/><V82/><F82/><W94/><G94/><T85/><D85/><U39/><E22/><V36/><F36/><W68/><G42/><N who="0" m="24855" /><D35/><U86/><E103/><N who="0" m="39433" /><D105/><U29/><E106/><V96/><F90/><N who="3" m="53471" /><G68/><T45/><D45/><N who="1" m="23711" /><E29/><AGARI ba="0,0" hai="23,27,29,128,130" m="39433,24855,44650" machi="29" ten="30,1000,0" yaku="12,1" doraHai="95" who="0" fromWho="1" sc="270,10,292,-10,193,0,245,0" /><INIT seed="3,0,0,4,4,10" ten="280,282,193,245" oya="3" hai0="109,33,72,85,117,123,5,65,86,119,116,129,58" hai1="4,93,1,32,108,36,12,69,78,34,106,82,60" hai2="7,107,6,25,45,102,48,103,128,101,73,89,95" hai3="130,49,132,126,38,57,115,46,122,90,47,125,75"/><W26/><G75/><T44/><D123/><U91/><E106/><V43/><F128/><W13/><G122/><T50/><D72/><U0/><E36/><V74/><F107/><W92/><G115/><T134/><D129/><U41/><E41/><V55/><F73/><W110/><G130/><T40/><D134/><U98/><E108/><V113/><F74/><W62/><G38/><T88/><D33/><U67/><E32/><V29/><F113/><W2/><G2/><T131/><D131/><U56/><E34/><V54/><F29/><W28/><G132/><T21/><D5/><U127/><E127/><N who="3" m="48650" /><G49/><T105/><D105/><U80/><E69/><V120/><F25/><W35/><G13/><T9/><D109/><U77/><E0/><V121/><F121/><W100/><G100/><T59/><D65/><U31/><E31/><V61/><F120/><W96/><G110/><T135/><D135/><U112/><E1/><V3/><F3/><W83/><G83/><N who="1" m="31786" /><E112/><V81/><F81/><W22/><G35/><T42/><D42/><U17/><E4/><N who="2" m="1579" /><F61/><W68/><G68/><T11/><D116/><U30/><E30/><V124/><F124/><W19/><G28/><T133/><D117/><U111/><E111/><V18/><F18/><W84/><G84/><AGARI ba="0,0" hai="43,45,48,54,55,84,89,95,101,102,103" m="1579" machi="84" ten="30,1000,0" yaku="8,1" doraHai="10" who="2" fromWho="3" sc="280,0,282,0,193,10,245,-10" /><INIT seed="4,0,0,5,1,22" ten="280,282,203,235" oya="0" hai0="73,51,53,109,120,134,95,87,37,17,125,99,68" hai1="36,76,88,94,83,57,110,60,108,81,104,103,130" hai2="124,20,9,15,89,12,121,79,107,112,19,8,1" hai3="59,21,117,84,29,2,62,77,135,35,96,113,93"/><T92/><D120/><U123/><E123/><V52/><F107/><W4/><G117/><T119/><D73/><N who="1" m="43151" /><E36/><V129/><F121/><W50/><G113/><T64/><D119/><U127/><E127/><V58/><F124/><W3/><G135/><T72/><D72/><U133/><E133/><V16/><F112/><W49/><G35/><T69/><D37/><U30/><E30/><V67/><F129/><W44/><G4/><T106/><D106/><U122/><E122/><V56/><F79/><W6/><G6/><T24/><D125/><U46/><E46/><V13/><F1/><W65/><G3/><T42/><D42/><U23/><E23/><V115/><F115/><W38/><G38/><T33/><D64/><N who="1" m="38927" /><E83/><V0/><F0/><W111/><G111/><T126/><D126/><U55/><E55/><V31/><F89/><W34/><G34/><T105/><D105/><U61/><E61/><N who="2" m="38327" /><F31/><W116/><G2/><T32/><D109/><U7/><E130/><V63/><F19/><W11/><G11/><AGARI ba="0,0" hai="8,9,11,12,13,15,16,20,52,56,63" m="38327" machi="11" ten="30,3900,0" yaku="8,1,54,2" doraHai="22" who="2" fromWho="3" sc="280,0,282,0,203,39,235,-39" /><INIT seed="5,0,0,3,3,111" ten="280,282,242,196" oya="1" hai0="100,101,17,134,70,120,44,69,63,56,64,71,26" hai1="121,21,90,60,98,4,0,7,5,103,112,8,42" hai2="24,82,46,68,78,23,15,123,97,3,104,9,36" hai3="65,16,49,74,86,91,85,2,48,59,129,20,57"/><U62/><E112/><V79/><F123/><W58/><G74/><T88/><D120/><U116/><E116/><V77/><F68/><W128/><G2/><T113/><D113/><U45/><E121/><V75/><F97/><W6/><G6/><T33/><D134/><U14/><E90/><V72/><F104/><W105/><G65/><T11/><D33/><U87/><E87/><N who="3" m="33290" /><G91/><T29/><D44/><U118/><E118/><V124/><F72/><W51/><G105/><T32/><D17/><U106/><E21/><V109/><F124/><W13/><G20/><T34/><D34/><U80/><E80/><V122/><F109/><W133/><G13/><T40/><D40/><U30/><E30/><N who="2" m="17695" /><F15/><W95/><G16/><T53/><D11/><U1/><E1/><V131/><F122/><W50/><N who="3" m="12288" /><DORA hai="114" /><W38/><G38/><T47/><D47/><U61/><REACH who="1" step="1"/><E0/><REACH who="1" ten="280,272,242,196" step="2"/><V102/><F3/><W54/><G133/><T66/><D88/><U27/><E27/><V107/><F82/><W94/><G54/><T43/><D43/><U132/><E132/><V92/><F78/><W127/><G127/><T39/><D26/><U19/><E19/><V76/><F76/><W83/><G83/><T135/><D135/><U18/><E18/><V84/><F79/><W125/><G125/><T10/><D29/><U25/><E25/><V130/><F77/><W22/><G22/><T73/><D32/><U37/><AGARI ba="0,1" hai="4,5,7,8,14,37,42,45,60,61,62,98,103,106" machi="37" ten="30,3000,0" yaku="1,1,0,1,53,0" doraHai="111,114" doraHaiUra="31,115" who="1" fromWho="1" sc="280,-10,272,40,242,-10,196,-10" owari="270,7.0,312,41.2,232,-16.8,186,-31.4" /></mjloggm>