<mjloggm ver="2.3"><GO type="225" lobby="0"/><UN n0="%E6%A0%B9%E5%85%83%E3%81%8B%E3%82%89%E5%90%B9%E3%81%A3%E9%A3%9B%E3%81%B6" n1="%E3%81%95%E3%81%8D%E3%81%9F%E3%81%BE%E6%9E%97%E6%AA%8E" n2="%E3%81%AF%E3%82%88%E3%81%8A%E3%81%98%E3%81%95%E3%82%93" n3="%74%61%6B%75%61%6B%61" dan="16,16,16,17" rate="2184.55,2119.15,2073.41,2247.95" sx="F,M,M,M"/><TAIKYOKU oya="0"/><INIT seed="0,0,0,3,3,96" ten="250,250,250,250" oya="0" hai0="9,7,77,13,70,44,121,26,130,75,99,73,88" hai1="98,59,42,0,120,84,40,64,69,58,60,79,71" hai2="18,47,25,78,11,122,8,63,110,106,4,31,113" hai3="28,52,45,24,103,135,12,97,56,128,118,23,86"/><T115/><D115/><U30/><E120/><V62/><F122/><W67/><G128/><T32/><D121/><U129/><E0/><V131/><F113/><W102/><G135/><T66/><D130/><U95/><E129/><V5/><F131/><W76/><G118/><T105/><D77/><U38/><E38/><V93/><F106/><W36/><G97/><T19/><D44/><U50/><E71/><V17/><F110/><W54/><G12/><T48/><D48/><U53/><E69/><V6/><F78/><W83/><G36/><T116/><D116/><U74/><E74/><V127/><F127/><W68/><G68/><T1/><D66/><U29/><E79/><V21/><F47/><W90/><G76/><T119/><D70/><U3/><E84/><V27/><F93/><W85/><G85/><T20/><D119/><U51/><E51/><V15/><F63/><N who="3" m="36231" /><G67/><T65/><D65/><U112/><E112/><V101/><F101/><W117/><G117/><T39/><D39/><U104/><E104/><V107/><F107/><W57/><G45/><T49/><D105/><U16/><E3/><N who="2" m="31" /><F62/><AGARI ba="0,0" hai="23,24,28,54,57,62,83,86,90,102,103" m="36231" machi="62" ten="30,7700,0" yaku="8,1,52,2,54,1" doraHai="96" who="3" fromWho="2" sc="250,0,250,0,250,-77,250,77" /><INIT seed="1,0,0,3,0,132" ten="250,250,173,327" oya="1" hai0="66,14,125,94,123,63,50,29,95,82,98,133,91" hai1="87,43,75,134,84,30,8,121,37,77,79,16,5" hai2="60,18,103,33,118,45,109,93,74,86,83,96,52" hai3="110,11,107,4,99,122,22,10,34,20,89,67,58"/><U1/><E121/><V116/><F109/><W26/><G122/><T21/><D133/><U35/><E134/><V104/><F33/><W23/><G110/><T51/><D123/><U15/><E79/><V40/><F18/><W76/><G76/><T38/><D38/><U106/><E106/><V27/><F27/><W6/><G34/><T113/><D113/><U24/><E77/><V128/><F128/><W48/><G26/><N who="0" m="16591" /><D82/><U92/><E92/><V32/><F32/><W25/><G25/><T41/><D41/><U68/><E68/><V19/><F19/><W101/><G89/><T73/><D73/><U127/><E75/><V111/><F111/><W12/><G22/><T53/><D14/><U126/><E43/><V61/><F104/><W46/><G58/><N who="0" m="37239" /><D125/><N who="1" m="47627" /><E37/><V120/><F74/><W57/><G107/><T97/><D53/><U81/><E81/><V0/><F120/><W131/><G131/><T62/><D62/><U112/><E112/><V72/><F72/><W49/><G67/><T135/><D135/><U108/><E108/><V78/><F60/><W71/><G71/><T119/><D119/><U69/><E69/><V39/><REACH who="2" step="1"/><F0/><REACH who="2" ten="250,250,163,327" step="2"/><W129/><G129/><T47/><D47/><U90/><E90/><AGARI ba="0,1" hai="50,51,90,91,94,95,97,98" m="37239,16591" machi="90" ten="30,1000,0" yaku="8,1" doraHai="132" who="0" fromWho="1" sc="250,20,250,-10,163,0,327,0" /><INIT seed="2,0,0,2,2,80" ten="270,240,163,327" oya="2" hai0="98,56,8,60,54,130,62,12,25,95,52,65,36" hai1="113,90,43,126,2,110,68,114,120,125,122,7,38" hai2="45,117,48,124,23,75,6,77,134,115,83,33,111" hai3="118,71,82,99,94,88,89,18,28,47,19,31,41"/><V105/><F33/><W50/><G71/><T76/><D130/><U81/><E68/><V112/><F117/><W20/><G118/><T26/><D36/><U104/><E104/><V9/><F105/><W39/><G39/><T96/><D76/><U40/><E2/><V107/><F107/><W14/><G18/><T127/><D127/><N who="1" m="48651" /><E7/><V53/><F124/><W86/><AGARI ba="0,0" hai="14,19,20,28,31,41,47,50,82,86,88,89,94,99" machi="86" ten="30,7900,0" yaku="0,1,8,1,52,1,54,1" doraHai="80" who="3" fromWho="3" sc="270,-20,240,-20,163,-39,327,79" /><INIT seed="3,0,0,0,5,62" ten="250,220,124,406" oya="3" hai0="69,28,76,68,36,34,63,4,93,20,121,50,7" hai1="127,107,129,83,96,32,59,125,53,92,6,22,100" hai2="114,112,134,91,70,25,101,49,81,87,94,47,43" hai3="102,124,61,64,35,82,10,26,30,103,75,66,31"/><W39/><G39/><T117/><D117/><U106/><E129/><V74/><F134/><W73/><G64/><T135/><D36/><U111/><E111/><V45/><F70/><W44/><G44/><T41/><D121/><U131/><E131/><V58/><F25/><W1/><G30/><T12/><D34/><U46/><E32/><V90/><F58/><W88/><G124/><T71/><D76/><U0/><E83/><V38/><F101/><W2/><G88/><T29/><D135/><U128/><E128/><V97/><REACH who="2" step="1"/><F74/><REACH who="2" ten="250,220,114,406" step="2"/><W67/><G73/><T37/><D69/><U115/><E100/><V18/><F18/><W123/><G75/><T122/><D68/><U109/><E109/><V21/><F21/><W86/><G26/><T85/><D20/><U8/><E22/><V33/><F33/><W119/><G35/><T57/><D57/><U72/><E72/><V126/><F126/><W42/><G103/><T77/><D71/><U17/><E17/><V15/><F15/><W110/><G102/><T78/><D12/><U3/><E59/><V105/><F105/><W98/><G110/><T89/><D4/><U56/><E6/><V132/><F132/><W54/><G1/><T52/><D7/><U113/><E107/><V13/><F13/><W99/><G2/><T48/><D28/><U5/><E106/><V116/><F116/><W24/><G31/><T118/><D29/><U133/><E127/><V27/><F27/><W51/><G119/><T130/><D118/><U95/><E125/><V40/><AGARI ba="0,1" hai="38,40,43,45,47,49,81,87,90,91,94,97,112,114" machi="40" ten="20,5200,0" yaku="1,1,0,1,7,1,53,1" doraHai="62" doraHaiUra="80" who="2" fromWho="2" sc="250,-13,220,-13,114,62,406,-26" owari="237,3.7,207,-19.3,176,-32.4,380,48.0" /></mjloggm>