<mjloggm ver="2.3"><GO type="225" lobby="0"/><UN n0="%E7%B4%94%E6%BD%94%E3%83%94%E3%83%A9%E3%83%8B%E3%82%A2" n1="%E3%81%AF%E3%82%88%E3%81%8A%E3%81%98%E3%81%95%E3%82%93" n2="%E6%A0%B9%E5%85%83%E3%81%8B%E3%82%89%E5%90%B9%E3%81%A3%E9%A3%9B%E3%81%B6" n3="%E4%B8%89%E5%88%86%E5%B0%8F%E5%83%A7" dan="17,17,17,16" rate="2209.54,2148.95,2115.35,2091.90" sx="M,M,F,M"/><TAIKYOKU oya="0"/><INIT seed="0,0,0,4,1,53" ten="250,250,250,250" oya="0" hai0="34,93,126,19,21,50,72,14,56,41,40,37,75" hai1="117,0,85,57,94,18,22,48,73,65,86,55,66" hai2="113,28,27,105,84,104,30,89,87,79,3,97,77" hai3="119,115,8,134,124,127,125,15,31,120,17,102,26"/><T5/><D34/><U60/><E117/><V107/><F113/><W95/><G102/><T52/><D126/><U130/><E130/><V74/><F3/><W33/><G95/><T129/><D129/><U99/><E73/><V118/><F118/><W111/><G119/><T91/><D37/><U109/><E109/><V103/><F28/><W83/><G83/><T38/><D5/><U128/><E0/><V135/><F135/><W24/><G115/><T43/><REACH who="0" step="1"/><D38/><REACH who="0" ten="240,250,250,250" step="2"/><U29/><E128/><V108/><F108/><W68/><G111/><T114/><D114/><U96/><E29/><V81/><F30/><N who="3" m="19655" /><G68/><T121/><D121/><U10/><E10/><V2/><F2/><W67/><G120/><T7/><D7/><U46/><E66/><V100/><F27/><W122/><G67/><T112/><D112/><U76/><E76/><V47/><F79/><W4/><G122/><T123/><D123/><U23/><E23/><V45/><F45/><W32/><G134/><T11/><D11/><U1/><E1/><V62/><F47/><W101/><G101/><N who="2" m="38985" /><F62/><W54/><G54/><T106/><D106/><U78/><E22/><V90/><F90/><W64/><G64/><T36/><D36/><U61/><E60/><V39/><F39/><W44/><G44/><T35/><D35/><U88/><E18/><AGARI ba="0,1" hai="4,8,15,17,18,26,31,32,124,125,127" m="19655" machi="18" ten="30,3900,0" yaku="18,1,34,2" doraHai="53" who="3" fromWho="1" sc="240,0,250,-39,250,0,250,49" /><INIT seed="1,0,0,0,1,50" ten="240,211,250,299" oya="1" hai0="104,84,93,52,109,29,75,101,99,57,123,126,105" hai1="65,40,121,27,54,132,125,1,12,124,45,79,83" hai2="67,14,46,26,119,89,88,60,77,47,53,7,58" hai3="107,98,56,49,130,76,70,111,95,18,113,106,32"/><U102/><E1/><V36/><F119/><W15/><G113/><T112/><D112/><U31/><E121/><V30/><F77/><W100/><G70/><T68/><D68/><U81/><E132/><V129/><F129/><W92/><G32/><T117/><D117/><U97/><E65/><V39/><F39/><W43/><G130/><T33/><D123/><U91/><E91/><N who="2" m="34891" /><F36/><W135/><G135/><T16/><D75/><U116/><E116/><V96/><F96/><W74/><G95/><T9/><D84/><U133/><E133/><V17/><F7/><W64/><G111/><T34/><D109/><U61/><E12/><V73/><F73/><W41/><G41/><T21/><D9/><U72/><E83/><V90/><N who="2" m="34899" /><V10/><DORA hai="86" /><F67/><W128/><G128/><T4/><D4/><U69/><E69/><V0/><F0/><W134/><G134/><T8/><D8/><U51/><E97/><V62/><F62/><W110/><G110/><T118/><D118/><U5/><E5/><V35/><F35/><W13/><G76/><T131/><D33/><U19/><E102/><V78/><F78/><W87/><G74/><T25/><D131/><U120/><E120/><V59/><F59/><W63/><G87/><T38/><D38/><U122/><E122/><V44/><F26/><W6/><G6/><T94/><D105/><U2/><E2/><V24/><F24/><W28/><G107/><T48/><D126/><U3/><E3/><V127/><F127/><W55/><G106/><T23/><D34/><N who="1" m="20863" /><E19/><N who="2" m="8663" /><F30/><W71/><G28/><T115/><D115/><RYUUKYOKU ba="0,0" sc="240,10,211,10,250,10,299,-30" hai0="16,21,23,25,29,48,52,57,93,94,99,101,104" hai1="40,45,51,54,61,72,79,81,124,125" hai2="17,44,46,47,53,58,60" /><INIT seed="1,1,0,2,1,75" ten="250,221,260,269" oya="1" hai0="131,2,85,70,81,12,31,124,118,23,51,130,66" hai1="93,56,25,106,27,122,113,54,71,46,79,11,96" hai2="16,86,17,4,47,53,72,128,90,100,82,42,135" hai3="125,101,120,43,22,29,36,64,1,88,119,58,20"/><U89/><E113/><V102/><F135/><W57/><G120/><T83/><D2/><U105/><E122/><V78/><F128/><N who="0" m="49194" /><D118/><U98/><E71/><V103/><F4/><W97/><G1/><T107/><D107/><U24/><E79/><V38/><REACH who="2" step="1"/><F53/><REACH who="2" ten="250,221,250,269" step="2"/><W19/><G119/><T8/><D124/><U91/><E11/><V5/><F5/><W34/><G125/><T133/><D133/><U68/><E68/><V10/><F10/><W69/><G69/><T39/><D70/><U35/><E35/><V21/><F21/><W60/><G22/><T6/><D23/><U30/><E30/><V114/><F114/><W95/><G29/><T73/><D66/><U61/><E46/><V37/><F37/><W129/><G34/><T55/><D39/><U116/><E116/><V110/><F110/><W49/><G36/><T115/><D31/><U28/><E28/><V111/><F111/><W121/><G121/><T3/><D115/><U84/><REACH who="1" step="1"/><E98/><REACH who="1" ten="250,211,250,269" step="2"/><V94/><AGARI ba="1,2" hai="16,17,38,42,47,72,78,82,86,90,94,100,102,103" machi="94" ten="30,7900,0" yaku="1,1,0,1,52,1,54,1,53,0" doraHai="75" doraHaiUra="132" who="2" fromWho="2" sc="250,-21,211,-40,250,102,269,-21" /><INIT seed="2,0,0,5,5,133" ten="229,171,352,248" oya="2" hai0="85,123,84,25,110,15,88,38,40,37,76,94,55" hai1="82,64,3,29,100,99,54,43,24,73,10,68,12" hai2="67,75,77,79,22,89,49,48,135,47,130,116,20" hai3="56,125,7,18,126,21,71,70,45,103,122,14,119"/><V57/><F116/><W93/><G119/><T23/><D123/><U124/><E3/><V62/><F130/><W26/><G122/><T4/><D110/><U11/><E43/><V1/><F1/><W27/><G56/><T2/><D2/><U108/><E108/><V36/><F36/><W41/><G103/><T13/><D40/><U74/><E54/><V127/><F127/><N who="3" m="48651" /><G93/><T90/><D76/><N who="2" m="29258" /><F75/><W81/><G81/><N who="0" m="49423" /><D4/><U109/><E82/><V87/><F135/><W86/><G86/><T128/><D38/><U112/><E112/><V6/><F6/><W117/><G117/><T8/><D8/><U83/><E10/><V28/><F47/><W50/><G7/><T134/><D37/><U96/><E83/><V98/><F98/><W107/><G107/><T131/><D134/><U42/><E99/><V114/><F114/><W46/><G46/><T31/><D131/><U60/><E109/><V95/><F95/><W0/><G0/><T92/><D92/><U63/><E124/><V58/><F58/><W91/><G91/><T16/><D128/><U72/><E74/><V105/><F57/><W5/><G5/><T59/><D31/><U9/><E73/><V101/><F28/><N who="3" m="17487" /><G27/><T65/><D65/><U51/><E72/><V102/><F105/><W52/><G41/><T115/><D115/><U53/><E42/><V113/><F113/><W106/><G106/><T39/><D39/><U30/><E100/><V104/><F104/><W19/><G19/><T17/><D17/><U66/><E30/><V35/><F101/><W61/><G61/><AGARI ba="0,0" hai="13,15,16,23,25,55,59,61,85,88,94" m="49423" machi="61" ten="30,3900,0" yaku="8,1,54,2" doraHai="133" who="0" fromWho="3" sc="229,39,171,0,352,0,248,-39" /><INIT seed="3,0,0,1,2,11" ten="268,171,352,209" oya="3" hai0="51,57,35,26,20,2,76,41,85,109,5,45,79" hai1="64,55,94,15,121,14,130,83,115,52,50,102,135" hai2="98,116,28,60,134,99,118,16,49,24,125,32,10" hai3="18,58,90,54,96,4,46,71,1,80,42,40,29"/><W101/><G71/><T129/><D35/><U61/><E121/><V131/><F125/><W91/><G29/><T21/><D109/><U48/><E115/><V33/><F33/><W12/><G4/><T123/><D123/><U36/><E36/><V87/><F131/><W84/><G1/><T113/><D129/><U8/><E130/><V44/><F60/><W78/><G91/><T108/><D108/><U120/><E120/><V103/><F98/><W0/><G0/><T22/><D5/><U65/><E135/><V126/><F126/><W62/><G78/><T38/><D2/><U105/><E105/><V132/><F87/><W68/><G46/><T114/><D26/><U9/><E83/><V6/><F16/><W86/><G68/><T124/><D85/><U77/><E77/><V70/><F70/><W111/><G86/><T59/><D124/><U133/><E133/><N who="2" m="51307" /><F10/><N who="1" m="4201" /><E94/><N who="2" m="58871" /><F6/><W63/><G63/><T27/><D76/><U47/><E102/><V127/><F127/><W3/><G3/><T92/><D92/><U53/><E61/><V23/><F32/><W100/><G111/><T106/><D106/><U17/><E17/><V128/><F128/><W56/><G101/><T43/><D79/><U66/><E53/><AGARI ba="0,0" hai="23,24,28,44,49,53,116,118" m="58871,51307" machi="53" ten="30,1000,0" yaku="20,1" doraHai="11" who="2" fromWho="1" sc="268,0,171,-10,352,10,209,0" owari="268,6.8,161,-33.9,362,46.2,209,-19.1" /></mjloggm>