<mjloggm ver="2.3"><GO type="225" lobby="0"/><UN n0="%E4%BA%BA%E9%96%93%E3%83%81%E3%83%A3%E3%83%BC%E3%83%8F%E3%83%B3" n1="%E3%81%AD%E3%81%93%E3%81%AD%E3%81%93%E3%81%8B%E3%81%AD%E3%81%93" n2="%E3%81%BF%E3%81%BF%E3%81%9A" n3="%E3%81%AF%E3%82%88%E3%81%8A%E3%81%98%E3%81%95%E3%82%93" dan="16,16,18,17" rate="2091.57,2056.36,2239.63,2177.06" sx="M,M,M,M"/><TAIKYOKU oya="0"/><INIT seed="0,0,0,2,4,105" ten="250,250,250,250" oya="0" hai0="43,132,89,79,84,69,104,127,36,112,120,25,96" hai1="103,14,70,133,53,109,74,52,57,87,16,58,54" hai2="35,45,68,47,82,4,111,56,101,62,126,115,71" hai3="7,27,123,113,99,10,129,98,85,92,72,78,23"/><T106/><D69/><U50/><E70/><V81/><F35/><W134/><G113/><T34/><D112/><U93/><E109/><V11/><F115/><W40/><G129/><T95/><D120/><U21/><E133/><V38/><F101/><W118/><G118/><T2/><D2/><U28/><E74/><V67/><F111/><W119/><G119/><T42/><D132/><U1/><E1/><V59/><F126/><W86/><G40/><T13/><D127/><U121/><E121/><V9/><F38/><W49/><G49/><T39/><D13/><U131/><E131/><V124/><F124/><W48/><G48/><T66/><D66/><U83/><E28/><V88/><F67/><W0/><G123/><T76/><D25/><U6/><E6/><V77/><F77/><N who="0" m="29770" /><D84/><U12/><E12/><V107/><F62/><W55/><G55/><T75/><D95/><U80/><E53/><V46/><F46/><W65/><G65/><T73/><D89/><N who="1" m="53439" /><E103/><V125/><F125/><W30/><G134/><T32/><D96/><U26/><E26/><V18/><F4/><W20/><G20/><T100/><D100/><U3/><E3/><V37/><F37/><N who="0" m="14410" /><D43/><U91/><E91/><V64/><F64/><W128/><G128/><T90/><D90/><U114/><E114/><V116/><F88/><N who="3" m="55559" /><G99/><T51/><D42/><U44/><E44/><V19/><REACH who="2" step="1"/><F116/><REACH who="2" ten="250,250,240,250" step="2"/><W8/><G7/><T130/><D130/><U33/><E33/><N who="0" m="12905" /><D51/><AGARI ba="0,1" hai="14,16,21,50,51,52,54,57,58,80,83" m="53439" machi="51" ten="30,7700,0" yaku="25,1,8,1,54,2" doraHai="105" who="1" fromWho="0" sc="250,-77,250,87,240,0,250,0" /><INIT seed="1,0,0,0,0,56" ten="173,337,240,250" oya="1" hai0="85,79,87,64,19,0,12,70,88,74,61,42,28" hai1="4,134,128,67,37,95,68,77,108,30,33,52,75" hai2="46,16,129,125,112,132,126,29,135,15,93,130,1" hai3="23,114,78,35,118,47,82,89,6,66,60,50,107"/><U92/><E37/><V102/><F1/><W106/><G114/><T100/><D0/><U98/><E134/><N who="2" m="51243" /><F112/><W62/><G35/><T38/><D74/><U51/><E128/><N who="2" m="49259" /><F29/><W18/><G118/><T69/><D28/><U11/><E108/><V133/><N who="2" m="51251" /><V105/><DORA hai="83" /><F105/><W90/><G6/><T72/><D100/><U117/><E117/><V58/><F58/><W116/><G116/><T76/><D70/><U121/><E121/><V25/><F25/><W81/><G107/><T57/><D72/><U22/><E33/><V94/><F46/><W55/><G106/><T99/><D69/><U84/><E75/><V86/><F102/><W73/><G82/><T48/><D38/><U24/><E68/><V124/><F86/><N who="0" m="32778" /><D42/><U122/><E122/><V20/><AGARI ba="0,0" hai="15,16,20,93,94,124,125,126" m="49259,51251" machi="20" ten="50,32000,5" yakuman="39" doraHai="56,83" who="2" fromWho="2" sc="173,-80,337,-160,240,320,250,-80" /><INIT seed="2,0,0,3,3,34" ten="93,177,560,170" oya="2" hai0="84,103,12,38,68,107,131,102,36,110,31,76,89" hai1="9,135,93,124,87,91,14,32,125,20,49,86,56" hai2="77,40,5,15,64,101,57,69,92,117,85,82,60" hai3="26,37,115,18,42,13,22,39,78,105,23,118,61"/><V11/><F117/><W6/><G118/><T129/><D68/><U132/><E32/><V67/><F69/><W95/><G105/><T133/><D31/><U83/><E20/><V88/><F40/><W2/><G115/><T50/><D110/><U130/><E49/><V59/><F101/><N who="0" m="38410" /><D12/><U109/><E56/><V46/><F46/><W35/><G42/><T1/><D50/><U63/><E63/><V112/><F112/><W104/><G104/><T58/><D58/><U27/><E27/><V98/><REACH who="2" step="1"/><F59/><REACH who="2" ten="93,177,550,170" step="2"/><W55/><G39/><T127/><D38/><U66/><E109/><V41/><F41/><W62/><G37/><T126/><D36/><U94/><E94/><V0/><F0/><W8/><G95/><N who="0" m="54695" /><D107/><U51/><E125/><N who="0" m="47625" /><D1/><U21/><E124/><V79/><F79/><W30/><G78/><T43/><D43/><U10/><E93/><V45/><F45/><W28/><G55/><AGARI ba="0,1" hai="5,11,15,55,57,60,64,67,77,82,85,88,92,98" machi="55" ten="30,11600,0" yaku="1,1,7,1,8,1,54,1,53,0" doraHai="34" doraHaiUra="123" who="2" fromWho="3" sc="93,0,177,0,550,126,170,-116" /><INIT seed="2,1,0,0,1,48" ten="93,177,676,54" oya="2" hai0="40,58,35,51,97,117,102,66,15,30,38,53,61" hai1="13,45,108,87,90,2,119,93,57,21,80,67,132" hai2="16,131,81,89,14,6,78,47,120,76,55,70,12" hai3="115,83,91,110,26,118,109,22,3,34,112,62,127"/><V133/><F120/><W111/><G118/><T84/><D117/><U135/><E119/><V94/><F70/><W25/><G3/><T103/><D15/><U43/><E2/><V10/><F131/><W54/><G127/><T44/><D84/><U31/><E108/><V11/><F133/><N who="1" m="51273" /><E67/><V99/><F81/><W27/><G34/><T17/><D17/><N who="1" m="10415" /><E31/><V0/><F0/><W69/><G22/><T85/><D85/><U64/><E57/><V9/><F9/><W77/><G91/><T74/><D74/><U60/><E60/><V73/><F73/><N who="3" m="43439" /><G69/><N who="0" m="42191" /><D97/><U59/><E59/><V129/><F129/><W56/><AGARI ba="1,0" hai="25,26,27,54,56,62,109,110,111,112,115" m="43439" machi="56" ten="40,2700,0" yaku="14,1,52,1" doraHai="48" who="3" fromWho="3" sc="93,-8,177,-8,676,-14,54,30" /><INIT seed="3,0,0,2,4,31" ten="85,169,662,84" oya="3" hai0="50,115,81,1,69,90,23,29,43,6,70,134,112" hai1="44,2,57,132,97,54,48,106,79,26,67,85,96" hai2="61,9,53,42,77,46,52,91,102,18,0,118,120" hai3="122,124,121,131,68,60,21,93,7,95,37,101,64"/><W63/><G37/><T3/><D134/><U5/><E132/><V109/><F118/><W30/><G124/><T16/><D29/><U35/><E2/><N who="0" m="521" /><D6/><U86/><E5/><V28/><F109/><W135/><G131/><T14/><D43/><U87/><E79/><V4/><F120/><W19/><G135/><T11/><D50/><U13/><E13/><V49/><F102/><W47/><G7/><N who="0" m="3455" /><D90/><U111/><E111/><V123/><F123/><W78/><G30/><T110/><D81/><U104/><E26/><V116/><F116/><W71/><G78/><T108/><D70/><U27/><E27/><V107/><F107/><W75/><G75/><T51/><D51/><U83/><E83/><V66/><F77/><W55/><G47/><T114/><D69/><U20/><E20/><V130/><F130/><W65/><G55/><T105/><D105/><U126/><E126/><V72/><F72/><W117/><G117/><T58/><D58/><U33/><E106/><V74/><F74/><W133/><G133/><T59/><D59/><U89/><E89/><V17/><F28/><W125/><G125/><T15/><AGARI ba="0,0" hai="15,16,23,108,110,112,114,115" m="3455,521" machi="15" ten="40,8000,1" yaku="11,1,34,2,54,1" doraHai="31" who="0" fromWho="0" sc="85,80,169,-20,662,-20,84,-40" owari="165,-3.5,149,-25.1,642,74.2,44,-45.6" /></mjloggm>