<mjloggm ver="2.3"><GO type="225" lobby="0"/><UN n0="%74%61%6B%65%2D%79%6F%75" n1="%48%61%61%61%6C%61%6E%64" n2="%33%74%72%65%65" n3="%6D%75%75%6D%75%72%61" dan="16,17,17,16" rate="2176.44,2152.96,2211.22,2125.44" sx="M,M,F,F"/><TAIKYOKU oya="0"/><INIT seed="0,0,0,0,0,45" ten="250,250,250,250" oya="0" hai0="132,33,131,21,128,79,64,123,98,20,41,42,109" hai1="62,10,113,54,104,11,86,26,134,117,5,0,112" hai2="49,93,115,75,114,37,48,50,46,9,94,53,35" hai3="73,27,44,80,78,47,17,66,16,31,125,120,65"/><T89/><D123/><U110/><E117/><V97/><F35/><W118/><G118/><T83/><D33/><U14/><E104/><V43/><F75/><W4/><G120/><T90/><D132/><U8/><E134/><V29/><F29/><W28/><G125/><T124/><D124/><U101/><E101/><V63/><F9/><W6/><G73/><T58/><D109/><U130/><E110/><V102/><REACH who="2" step="1"/><F94/><REACH who="2" ten="250,250,240,250" step="2"/><W39/><G31/><T72/><D72/><U30/><E10/><V133/><F133/><W111/><G28/><T23/><D23/><U85/><E11/><V55/><F55/><W68/><G111/><T22/><D21/><U119/><E119/><V106/><F106/><W84/><G17/><T88/><D20/><U74/><E74/><V7/><F7/><W70/><G16/><T15/><D22/><N who="1" m="15703" /><E14/><V38/><F38/><W71/><G39/><T56/><D15/><U121/><E121/><V107/><F107/><W61/><G6/><T91/><D128/><U99/><E130/><V59/><AGARI ba="0,1" hai="37,43,46,48,49,50,53,59,63,93,97,102,114,115" machi="59" ten="30,8000,1" yaku="1,1,0,1,52,3,53,0" doraHai="45" doraHaiUra="2" who="2" fromWho="2" sc="250,-40,250,-20,240,90,250,-20" /><INIT seed="1,0,0,4,0,30" ten="210,230,330,230" oya="1" hai0="82,25,39,28,50,94,0,101,113,83,58,78,99" hai1="18,40,31,124,91,129,105,127,122,103,23,24,123" hai2="89,56,72,115,116,87,86,37,29,17,48,60,110" hai3="55,104,108,76,49,71,69,13,67,118,65,47,73"/><U35/><E40/><V100/><F116/><W120/><G104/><T46/><D113/><U15/><E91/><V112/><F37/><W106/><G106/><T36/><D0/><U38/><E38/><V70/><F72/><W97/><G120/><N who="1" m="46122" /><E103/><V66/><F100/><W131/><G97/><T96/><D96/><U11/><E105/><V41/><F29/><W45/><G76/><T2/><D2/><U7/><E129/><V79/><F79/><W134/><G73/><T4/><D4/><U114/><E114/><V130/><F17/><W109/><G13/><AGARI ba="0,0" hai="7,11,13,15,18,23,24,31,35,124,127" m="46122" machi="13" ten="30,5800,0" yaku="34,2,52,1" doraHai="30" who="1" fromWho="3" sc="210,0,230,58,330,0,230,-58" /><INIT seed="1,1,0,4,2,113" ten="210,288,330,172" oya="1" hai0="40,75,124,102,121,65,45,78,31,118,97,19,91" hai1="17,11,88,119,36,50,59,24,73,60,37,43,3" hai2="29,98,62,48,4,9,66,87,20,112,69,6,14" hai3="129,15,109,10,22,114,47,76,125,54,99,84,100"/><U117/><E73/><V123/><F123/><W79/><G114/><T51/><D121/><U56/><E36/><V131/><F112/><W26/><G109/><T5/><D124/><U122/><E37/><V108/><F108/><W12/><G125/><T101/><D118/><U130/><E122/><V116/><F116/><W28/><G129/><T38/><D31/><U34/><E130/><V135/><F135/><W2/><G2/><T95/><D65/><U77/><E77/><V81/><F131/><W106/><G84/><T126/><D126/><U72/><E72/><V115/><F115/><W111/><G111/><T8/><D19/><U110/><E110/><V93/><F48/><W104/><G104/><T21/><D21/><U86/><E34/><V42/><F42/><W82/><G82/><N who="0" m="45407" /><D51/><U132/><E132/><V134/><F134/><W58/><G47/><T13/><D13/><U127/><E127/><V80/><F6/><W1/><G15/><T105/><D105/><U63/><E3/><V53/><F53/><W68/><G68/><T39/><D38/><U27/><E117/><V7/><F7/><W18/><REACH who="3" step="1"/><G1/><REACH who="3" ten="210,288,330,162" step="2"/><T92/><D45/><N who="1" m="25919" /><E119/><V70/><F70/><W90/><G90/><T74/><D91/><U85/><E88/><V46/><F69/><W107/><G107/><T25/><D74/><U41/><E86/><V23/><F87/><W71/><G71/><T103/><D92/><U52/><E85/><V96/><F93/><W35/><G35/><T67/><D95/><U16/><E56/><V64/><F46/><W89/><G89/><T57/><D57/><RYUUKYOKU ba="1,1" sc="210,-10,288,-10,330,-10,162,30" hai3="10,12,18,22,26,28,54,58,76,79,99,100,106" /><INIT seed="2,2,1,4,4,42" ten="200,278,320,192" oya="2" hai0="52,85,71,77,88,49,41,20,95,80,33,129,93" hai1="27,121,106,46,69,15,96,103,98,51,35,40,105" hai2="133,113,53,70,117,82,83,84,45,119,10,118,102" hai3="19,50,13,28,24,57,131,76,104,9,3,86,1"/><V73/><F113/><W17/><G104/><T126/><D33/><U44/><E69/><V110/><F133/><W123/><G123/><T100/><D129/><U26/><E121/><V21/><F70/><W91/><G131/><T47/><D126/><U8/><E35/><V74/><F110/><W78/><G3/><T101/><D71/><U55/><E98/><V31/><F102/><N who="0" m="39530" /><D20/><U135/><E135/><V125/><F125/><W81/><G1/><T2/><D2/><U0/><E0/><V12/><F31/><W61/><G50/><N who="0" m="26991" /><D77/><U11/><E106/><V62/><F21/><W108/><G108/><T56/><AGARI ba="2,1" hai="49,52,56,80,85,88,93,95" m="26991,39530" machi="56" ten="30,7900,0" yaku="8,1,52,1,54,2" doraHai="42" who="0" fromWho="0" sc="200,95,278,-22,320,-41,192,-22" /><INIT seed="3,0,0,4,3,70" ten="295,256,279,170" oya="3" hai0="48,97,73,28,123,133,21,63,96,80,111,26,46" hai1="94,15,72,81,90,36,124,102,71,58,34,106,104" hai2="82,93,52,37,135,119,127,92,107,77,4,19,54" hai3="117,41,56,134,65,12,9,33,74,61,7,13,89"/><W30/><G117/><T114/><D123/><U76/><E71/><V47/><F119/><W64/><G134/><T125/><D133/><U84/><E34/><V25/><F107/><W20/><G74/><T122/><D122/><U29/><E29/><V39/><F135/><W62/><G33/><T10/><D111/><U108/><E108/><V0/><F127/><W2/><G41/><T53/><D125/><U43/><E124/><V132/><F37/><W38/><G38/><T23/><D114/><U130/><E130/><V75/><F19/><W59/><REACH who="3" step="1"/><G89/><REACH who="3" ten="295,256,279,160" step="2"/><T1/><D73/><U86/><E72/><V40/><F132/><W126/><G126/><T109/><D109/><U51/><E36/><V44/><F39/><W11/><G11/><T103/><D10/><U120/><E120/><V22/><F40/><W42/><G42/><T78/><D21/><U68/><E43/><V50/><F22/><W67/><G67/><T18/><D23/><U118/><E118/><V14/><F75/><W32/><G32/><T116/><D116/><U79/><E90/><V60/><F54/><W110/><G110/><T121/><D53/><U27/><E76/><V55/><F55/><W5/><G5/><T31/><D78/><U8/><E8/><V128/><F52/><W131/><G131/><T35/><D35/><U100/><E79/><V3/><F128/><W112/><G112/><T83/><D121/><U95/><E51/><V113/><F50/><W17/><G17/><T105/><D18/><U69/><E102/><V99/><F113/><W87/><G87/><T129/><D129/><RYUUKYOKU ba="0,1" sc="295,-10,256,-10,279,-10,160,30" hai3="2,7,9,12,13,20,30,56,59,61,62,64,65" /><INIT seed="3,1,1,5,1,35" ten="285,246,269,190" oya="3" hai0="75,95,93,16,23,39,45,102,103,133,83,119,70" hai1="114,48,49,25,54,113,104,37,42,36,99,110,41" hai2="22,57,90,101,30,59,77,79,38,107,121,62,5" hai3="115,51,20,118,60,8,85,92,19,71,7,129,125"/><W13/><G115/><T9/><D119/><U82/><E25/><N who="2" m="16695" /><F107/><W124/><G118/><T74/><D70/><U6/><E82/><V61/><F38/><N who="1" m="14953" /><E99/><V44/><F121/><W29/><G29/><T69/><D69/><U106/><E6/><V81/><F101/><W33/><G33/><T40/><D133/><U76/><E76/><N who="2" m="29259" /><F5/><W134/><G134/><T3/><D3/><U128/><E110/><V117/><F44/><W87/><G51/><N who="1" m="19530" /><E54/><V100/><F100/><W105/><G105/><N who="1" m="40554" /><E128/><V21/><F21/><W28/><G28/><T97/><D102/><U96/><E96/><V135/><F135/><W66/><G129/><T73/><D93/><U126/><E126/><N who="3" m="48746" /><G92/><T131/><D131/><U112/><AGARI ba="1,1" hai="41,42,112,113,114" m="40554,19530,14953" machi="112" ten="40,2700,0" yaku="28,2" doraHai="35" who="1" fromWho="1" sc="285,-8,246,40,269,-8,190,-14" /><INIT seed="4,0,0,1,2,39" ten="277,286,261,176" oya="0" hai0="28,134,76,80,135,46,32,115,110,133,49,99,52" hai1="40,30,70,128,51,18,121,125,9,98,92,38,122" hai2="5,105,117,89,103,14,8,7,33,42,2,102,66" hai3="94,79,35,57,83,25,54,34,64,85,111,15,130"/><T95/><D115/><U119/><E119/><V26/><F117/><W23/><G111/><T120/><D120/><U67/><E38/><V97/><F103/><W73/><G130/><T22/><D32/><U21/><E128/><V13/><F66/><W41/><G64/><T75/><D110/><U12/><E125/><V0/><F42/><W47/><G15/><T91/><D22/><U16/><E30/><AGARI ba="0,0" hai="28,30,46,49,52,75,76,80,91,95,99,133,134,135" machi="30" ten="40,3900,0" yaku="20,1,54,1" doraHai="39" who="0" fromWho="1" sc="277,39,286,-39,261,0,176,0" owari="316,41.6,247,-15.3,261,6.1,176,-32.4" /></mjloggm>