<mjloggm ver="2.3"><GO type="225" lobby="0"/><UN n0="%E3%81%BE%E3%81%A8%E3%81%9F" n1="%E6%9D%B1%E9%A2%A8%E3%81%AE%E3%81%8D%E3%82%83%E3%81%B7%E3%81%95%E3%82%93" n2="%E9%80%86%E9%80%A3%E5%B8%AF%E3%81%AE%E9%AC%BC" n3="%E3%82%BC%E3%83%AB%E3%83%80%E3%81%AE%E4%BC%9D%E8%AA%AC" dan="16,17,17,18" rate="2169.77,2163.53,2165.77,2238.43" sx="M,M,M,M"/><TAIKYOKU oya="0"/><INIT seed="0,0,0,3,2,88" ten="250,250,250,250" oya="0" hai0="115,85,74,103,2,57,119,28,129,108,128,125,105" hai1="122,79,48,97,110,107,51,117,11,91,38,66,82" hai2="75,104,7,132,56,23,52,37,20,70,46,31,83" hai3="35,63,39,49,99,8,26,65,126,100,47,130,17"/><T73/><D115/><U84/><E38/><V15/><F132/><W77/><G126/><T131/><D2/><U29/><E122/><V134/><F134/><W102/><G39/><T121/><D121/><U32/><E117/><V118/><F70/><W27/><G130/><T78/><D28/><U21/><E110/><V123/><F118/><W68/><G77/><T67/><D119/><U0/><E32/><V112/><F104/><W10/><G102/><T94/><D125/><U6/><E66/><V98/><F112/><W59/><G68/><T92/><D57/><U109/><E109/><V116/><F116/><W111/><G111/><T89/><D67/><U14/><E107/><V133/><F133/><W71/><G71/><T60/><D60/><U5/><E5/><V40/><F123/><W114/><G114/><T124/><D124/><U16/><REACH who="1" step="1"/><E29/><REACH who="1" ten="250,240,250,250" step="2"/><V45/><F31/><W127/><G127/><T90/><D108/><U9/><E9/><V62/><F7/><W25/><G35/><T3/><D3/><U58/><E58/><V69/><F69/><W81/><G10/><T4/><D4/><U41/><E41/><V13/><F40/><W86/><G8/><T113/><D113/><U120/><E120/><V96/><F37/><W64/><G64/><T50/><D105/><U34/><E34/><V93/><F56/><W76/><G47/><T61/><D128/><U18/><E18/><V1/><F46/><W53/><G17/><T106/><D131/><U101/><E101/><V95/><F45/><N who="3" m="27823" /><G100/><T19/><D129/><U22/><E22/><V30/><F23/><RYUUKYOKU ba="0,1" sc="250,-15,240,15,250,-15,250,15" hai1="0,6,11,14,16,21,48,51,79,82,84,91,97" hai3="25,26,27,59,63,65,76,81,86,99" /><INIT seed="1,1,1,2,5,109" ten="235,255,235,265" oya="1" hai0="14,65,131,52,51,54,117,39,130,3,129,19,6" hai1="108,38,16,126,123,101,31,83,41,55,88,97,95" hai2="79,105,135,30,64,92,17,49,20,125,121,133,36" hai3="72,34,2,124,112,128,28,67,85,9,63,84,46"/><U100/><E123/><V69/><F105/><W104/><G72/><T116/><D39/><U5/><E108/><V44/><F121/><W45/><G112/><T53/><D65/><U33/><E126/><V61/><F125/><W110/><G110/><T80/><D51/><U96/><E5/><V103/><F36/><W29/><G124/><T82/><D6/><U122/><E122/><V73/><F30/><W26/><G28/><T90/><D3/><U89/><E33/><V8/><F8/><W94/><G128/><T106/><D106/><U74/><E31/><V115/><F115/><W43/><G104/><T37/><D37/><U48/><E41/><V120/><F120/><W4/><G94/><T71/><D71/><U40/><E40/><V114/><F114/><W12/><G2/><T32/><D32/><U47/><E38/><V56/><F69/><W77/><G43/><T11/><REACH who="0" step="1"/><D90/><REACH who="0" ten="225,255,235,265" step="2"/><U91/><E74/><V50/><F50/><W22/><G34/><T111/><D111/><U132/><E132/><V10/><F135/><W42/><G67/><T134/><D134/><U1/><E1/><V86/><F73/><W76/><G63/><T107/><D107/><N who="1" m="63879" /><E83/><AGARI ba="1,2" hai="11,14,19,52,53,54,80,82,83,116,117,129,130,131" machi="83" ten="50,6400,0" yaku="1,1,19,1,54,1,53,0" doraHai="109" doraHaiUra="98" who="0" fromWho="1" sc="225,87,255,-67,235,0,265,0" /><INIT seed="2,0,0,0,0,38" ten="312,188,235,265" oya="2" hai0="15,116,102,12,32,78,115,84,71,34,55,47,134" hai1="75,48,125,52,31,70,53,13,30,25,109,58,106" hai2="91,5,128,57,121,130,95,17,21,4,29,37,83" hai3="99,132,98,10,110,24,45,124,33,6,60,118,119"/><V11/><F121/><W117/><G110/><T113/><D71/><U26/><E70/><V19/><F37/><W73/><G73/><T41/><D55/><U82/><E106/><V22/><F83/><W96/><G124/><T133/><D102/><U90/><E125/><V3/><F4/><W61/><G132/><N who="0" m="50795" /><D84/><N who="1" m="50455" /><E75/><V131/><F57/><W111/><G111/><T112/><D78/><U126/><E126/><V8/><F29/><N who="1" m="10761" /><E109/><V62/><F62/><W43/><G24/><N who="1" m="9322" /><E13/><N who="0" m="5193" /><D116/><U42/><E53/><V127/><F127/><W81/><G117/><T123/><D123/><U79/><E79/><V114/><F114/><W92/><G118/><T35/><D115/><U122/><E122/><V94/><F94/><W2/><G119/><T7/><D7/><U18/><E18/><N who="2" m="6667" /><F8/><W36/><G92/><T40/><D47/><U101/><E101/><V54/><F54/><W51/><G36/><T9/><D9/><U66/><E66/><V105/><F105/><W104/><G104/><T14/><D14/><U65/><E65/><V80/><F80/><W97/><G81/><T50/><D113/><U88/><E88/><V56/><F56/><W77/><G77/><T103/><D103/><U85/><E85/><AGARI ba="0,0" hai="3,5,11,21,22,85,91,95,128,130,131" m="6667" machi="85" ten="30,1500,0" yaku="19,1" doraHai="38" who="2" fromWho="1" sc="312,0,188,-15,235,15,265,0" /><INIT seed="2,1,0,3,5,118" ten="312,173,250,265" oya="2" hai0="9,89,114,75,61,101,55,109,98,91,121,50,105" hai1="24,83,2,0,115,6,37,22,30,23,8,96,97" hai2="39,21,1,86,40,92,42,20,67,125,119,95,32" hai3="60,124,49,36,25,4,34,128,53,133,72,107,14"/><V88/><F32/><W65/><G107/><T81/><D114/><U112/><E37/><V27/><F119/><W16/><G72/><T71/><D109/><U76/><E112/><V10/><F125/><W18/><G36/><T48/><D48/><U29/><E115/><V80/><F67/><W45/><G124/><T85/><D75/><U15/><E97/><V78/><F95/><W132/><G128/><T94/><D9/><U70/><E96/><V5/><F39/><W134/><G4/><T12/><D12/><U35/><E70/><V44/><F44/><W82/><G82/><T17/><D17/><N who="1" m="10559" /><E83/><V54/><F54/><W111/><G111/><T131/><D131/><U19/><E76/><V135/><F135/><W7/><G7/><T108/><D121/><U87/><E87/><V59/><F59/><N who="3" m="37023" /><G14/><T73/><D108/><U63/><E63/><V64/><F64/><W122/><G122/><T103/><D61/><U13/><E30/><AGARI ba="1,0" hai="16,18,25,30,34,45,49,53,132,133,134" m="37023" machi="30" ten="30,2000,0" yaku="20,1,54,1" doraHai="118" who="3" fromWho="1" sc="312,0,173,-23,250,0,265,23" /><INIT seed="3,0,0,5,5,31" ten="312,150,250,288" oya="3" hai0="42,50,126,80,33,0,53,51,15,41,30,109,98" hai1="75,132,86,114,47,82,101,56,108,110,85,25,135" hai2="99,16,55,9,32,3,62,6,39,91,79,69,49" hai3="4,21,88,102,73,19,121,17,72,38,123,115,118"/><W124/><G38/><T23/><D0/><U20/><E47/><V112/><F112/><W5/><G102/><T60/><D33/><U36/><E36/><V133/><F133/><N who="1" m="51273" /><E56/><V64/><F39/><W2/><G21/><T95/><D126/><U29/><E29/><V104/><F79/><W26/><G88/><N who="0" m="55655" /><D80/><U28/><E20/><V1/><F1/><W92/><G92/><T12/><D60/><U130/><E25/><V87/><F32/><W68/><G2/><T52/><D15/><U117/><E28/><V70/><F70/><W35/><G26/><N who="0" m="16735" /><D12/><U84/><E114/><V57/><F99/><W77/><G115/><T113/><D109/><N who="1" m="42091" /><E130/><V106/><REACH who="2" step="1"/><F16/><REACH who="2" ten="312,150,240,288" step="2"/><W76/><G68/><T18/><D18/><U37/><E37/><V43/><F43/><N who="0" m="16394" /><D113/><U40/><E40/><V107/><F107/><W71/><G71/><T81/><D81/><AGARI ba="0,1" hai="3,6,9,49,55,57,62,64,69,81,87,91,104,106" machi="81" ten="30,2000,0" yaku="1,1,7,1,53,0" doraHai="31" doraHaiUra="122" who="2" fromWho="0" sc="312,-20,150,0,240,30,288,0" /><INIT seed="4,0,0,5,5,82" ten="292,150,270,288" oya="0" hai0="80,60,54,91,36,81,17,42,70,65,135,75,40" hai1="111,15,107,30,71,133,35,21,11,127,22,26,76" hai2="68,130,102,112,115,48,74,14,50,132,89,5,45" hai3="61,1,90,113,63,67,84,52,38,73,8,20,66"/><T12/><D135/><U56/><E107/><V128/><F74/><W78/><G38/><T72/><D54/><U23/><E111/><V25/><F68/><W79/><G73/><T101/><D101/><U131/><E71/><V44/><F102/><W29/><G113/><N who="2" m="43593" /><F25/><N who="3" m="16551" /><G1/><T87/><D80/><U95/><E133/><V7/><F132/><W97/><G8/><T57/><D70/><U110/><E110/><V34/><F34/><W43/><G97/><T59/><D59/><U53/><E76/><N who="3" m="29226" /><G43/><T16/><D40/><U31/><E31/><V3/><F3/><W134/><G134/><T104/><D104/><U77/><E77/><V120/><F120/><W98/><G98/><T13/><D42/><U64/><E64/><N who="3" m="24618" /><G52/><T109/><D36/><U18/><E131/><N who="2" m="50219" /><F89/><W37/><G37/><T47/><D109/><U24/><E24/><V2/><F2/><W4/><G4/><N who="2" m="1609" /><F14/><W126/><G126/><T39/><D72/><U86/><E127/><V108/><F108/><W19/><G19/><T51/><D75/><U96/><E96/><V124/><F124/><W27/><G27/><T123/><D123/><U0/><E0/><V58/><F58/><W125/><G125/><T92/><D17/><U69/><E69/><V55/><F55/><W116/><G116/><T83/><D16/><U121/><E121/><V118/><F118/><W105/><G105/><T129/><D129/><U88/><REACH who="1" step="1"/><E35/><REACH who="1" ten="292,140,270,288" step="2"/><V106/><F106/><W93/><AGARI ba="0,1" hai="61,63,84,90,93" m="24618,29226,16551" machi="93" ten="30,2000,0" yaku="8,1,52,1" doraHai="82" who="3" fromWho="3" sc="292,-10,140,-5,270,-5,288,30" owari="282,8.2,135,-36.5,265,-13.5,318,41.8" /></mjloggm>