<mjloggm ver="2.3"><GO type="225" lobby="0"/><UN n0="%E3%82%BC%E3%83%AB%E3%83%80%E3%81%AE%E4%BC%9D%E8%AA%AC" n1="%E3%83%A9%E3%82%A4%E3%83%B3%E3%81%AE%E8%99%8E" n2="%4B%2E%32%2E%4B%2E" n3="%E6%97%A5%E6%9B%9C%E6%97%A5%E3%82%88%E3%82%8A%E3%81%AE%E4%BD%BF%E8%80%85" dan="17,16,17,16" rate="2176.03,2144.92,2202.07,2158.24" sx="M,M,M,M"/><TAIKYOKU oya="0"/><INIT seed="0,0,0,0,0,106" ten="250,250,250,250" oya="0" hai0="110,12,107,17,101,14,115,102,75,124,45,100,65" hai1="19,37,21,86,113,131,82,121,99,72,120,61,58" hai2="125,7,84,33,95,38,57,18,126,96,92,27,89" hai3="76,15,62,79,32,103,128,77,36,56,60,93,83"/><T5/><D115/><U48/><E37/><V11/><F38/><W50/><G36/><T129/><D124/><N who="2" m="47722" /><F57/><W114/><G32/><T87/><D129/><U73/><E48/><V41/><F41/><W71/><G71/><T24/><D75/><U132/><E99/><V97/><F95/><W122/><G114/><T68/><D110/><U1/><E1/><N who="2" m="495" /><F18/><W127/><G122/><T133/><D107/><U35/><E113/><V28/><AGARI ba="0,0" hai="27,28,33,84,89,92,96,97" m="495,47722" machi="28" ten="30,1100,0" yaku="18,1" doraHai="106" who="2" fromWho="2" sc="250,-5,250,-3,250,11,250,-3" /><INIT seed="1,0,0,3,1,56" ten="245,247,261,247" oya="1" hai0="118,8,80,93,82,59,10,15,99,72,4,81,106" hai1="126,73,98,104,70,68,27,53,45,31,7,74,43" hai2="87,112,110,71,28,134,36,116,21,42,11,90,25" hai3="47,40,66,127,102,105,57,1,75,128,77,24,33"/><U109/><E53/><V52/><F116/><W113/><G1/><T58/><D118/><U50/><E126/><V19/><F71/><W85/><G113/><T39/><D39/><U3/><E109/><V103/><F112/><W13/><G75/><T17/><D106/><U49/><E49/><V35/><F110/><W65/><G105/><T23/><D72/><U37/><E50/><V92/><F134/><W6/><G33/><T41/><D41/><U76/><E73/><V51/><F103/><W64/><G128/><T5/><D8/><N who="1" m="2175" /><E27/><V9/><F42/><W61/><G102/><T100/><REACH who="0" step="1"/><D5/><REACH who="0" ten="235,247,261,247" step="2"/><U129/><E129/><V117/><F36/><W62/><G127/><T95/><D95/><U12/><E104/><V14/><REACH who="2" step="1"/><F117/><REACH who="2" ten="235,247,251,247" step="2"/><W22/><G40/><T115/><D115/><U121/><E37/><V2/><F2/><AGARI ba="0,2" hai="2,4,10,15,17,23,58,59,80,81,82,93,99,100" machi="2" ten="40,2600,0" yaku="1,1,53,1" doraHai="56" doraHaiUra="18" who="0" fromWho="2" sc="235,46,247,0,251,-26,247,0" /><INIT seed="2,0,0,4,1,80" ten="281,247,225,247" oya="2" hai0="51,130,9,7,129,12,95,14,69,98,117,27,57" hai1="0,24,19,68,59,52,122,99,26,2,125,43,111" hai2="13,118,127,84,53,33,65,72,28,87,32,70,131" hai3="113,104,83,121,114,93,119,66,101,36,73,76,46"/><V41/><F118/><W25/><G119/><T133/><D69/><U48/><E68/><V60/><F72/><W38/><G121/><T61/><D117/><U134/><E122/><V56/><F127/><W110/><G110/><T74/><D74/><U58/><E111/><V67/><F131/><N who="0" m="50186" /><D133/><U128/><E128/><V86/><F41/><W22/><G104/><T88/><D27/><U15/><E134/><V18/><F28/><W21/><G66/><N who="0" m="39215" /><D51/><U3/><E125/><V31/><F31/><W5/><G5/><T49/><D49/><U123/><E123/><V8/><REACH who="2" step="1"/><F67/><REACH who="2" ten="281,247,215,247" step="2"/><W6/><G73/><T116/><D116/><U81/><E43/><V91/><F91/><W11/><G114/><T45/><D45/><U96/><E52/><V97/><F97/><W135/><G113/><T37/><D37/><U75/><E96/><V4/><F4/><W120/><G46/><T132/><D132/><U106/><E99/><V108/><F108/><W85/><G135/><T112/><D112/><U20/><E75/><V30/><F30/><W126/><G126/><T79/><D79/><U109/><E109/><V100/><F100/><W1/><G120/><T23/><D7/><U44/><E44/><V78/><F78/><W115/><G115/><T34/><D34/><U102/><E102/><V40/><F40/><W90/><G101/><T54/><D54/><U89/><E89/><V17/><F17/><W124/><G124/><T107/><D88/><U10/><E19/><V47/><F47/><W82/><G38/><T62/><D98/><U105/><E105/><V94/><F94/><RYUUKYOKU ba="0,1" sc="281,-10,247,-10,215,30,247,-10" hai2="8,13,18,32,33,53,56,60,65,70,84,86,87" /><INIT seed="2,1,1,0,4,101" ten="271,237,245,237" oya="2" hai0="33,89,12,103,70,16,120,134,106,96,34,133,97" hai1="127,18,121,37,98,17,116,61,36,3,115,104,76" hai2="49,83,117,25,4,42,124,126,35,50,58,21,27" hai3="54,128,81,57,9,47,85,78,130,31,88,74,73"/><V14/><F117/><W118/><G118/><T45/><D70/><U132/><E116/><V11/><F35/><W119/><G119/><T44/><D120/><U108/><E115/><V135/><F135/><N who="0" m="51722" /><D89/><U38/><E132/><V123/><F123/><W62/><G31/><T129/><D129/><N who="3" m="49769" /><G9/><N who="0" m="6159" /><D96/><U23/><E121/><V105/><F83/><N who="3" m="49215" /><G47/><AGARI ba="1,1" hai="33,34,44,45,47,97,103,106" m="6159,51722" machi="47" ten="30,3900,0" yaku="20,1,52,1,54,1" doraHai="101" who="0" fromWho="3" sc="271,52,237,0,245,0,237,-42" /><INIT seed="3,0,0,2,1,0" ten="323,237,245,195" oya="3" hai0="82,62,42,119,7,96,75,36,51,23,33,132,34" hai1="17,115,39,109,61,113,4,46,126,88,133,93,125" hai2="55,9,104,20,134,43,56,47,85,26,50,18,74" hai3="116,100,49,131,135,45,108,114,101,122,78,73,91"/><W40/><G114/><T89/><D119/><U124/><E109/><V123/><F74/><W94/><G116/><T71/><D23/><U48/><E39/><V83/><F104/><W14/><G122/><T79/><D51/><U111/><E111/><V129/><F123/><W54/><G108/><T105/><D7/><U52/><E133/><V66/><F134/><W117/><G117/><T107/><D89/><U98/><E4/><V13/><F129/><W63/><G135/><T16/><D16/><U44/><E44/><V21/><F66/><W12/><G131/><T92/><D92/><U2/><E2/><V37/><F26/><W112/><G112/><T103/><D107/><U128/><E128/><V57/><F56/><N who="3" m="35223" /><G78/><AGARI ba="0,0" hai="9,13,18,20,21,37,43,47,50,55,57,78,83,85" machi="78" ten="30,1000,0" yaku="7,1" doraHai="0" who="2" fromWho="3" sc="323,0,237,0,245,10,195,-10" owari="323,42.3,237,-16.3,255,5.5,185,-31.5" /></mjloggm>