<mjloggm ver="2.3"><GO type="225" lobby="0"/><UN n0="%E6%B8%A9%E2%98%85%E6%83%85%E2%98%85%E6%8E%AA%E2%98%85%E7%BD%AE" n1="%E8%A8%88%E7%AE%97%E6%A9%9F%E8%87%AA%E7%84%B6" n2="%66%67%67%68%68%64%66" n3="%E9%89%A2%E5%B7%BB%E3%82%AC%E3%83%96" dan="16,17,16,16" rate="2120.67,2236.87,2062.40,2112.11" sx="M,M,M,M"/><TAIKYOKU oya="0"/><INIT seed="0,0,0,5,3,80" ten="250,250,250,250" oya="0" hai0="19,98,63,130,87,122,125,11,18,27,57,6,99" hai1="69,9,120,111,35,65,102,110,55,128,135,115,21" hai2="52,116,13,86,45,95,40,82,41,91,103,77,107" hai3="31,126,108,106,101,112,37,68,49,119,15,47,117"/><T22/><D122/><U48/><E35/><V43/><F116/><W132/><G101/><T60/><D130/><U62/><E102/><V64/><F64/><W53/><G106/><T71/><D125/><U24/><E9/><V131/><F131/><W96/><G96/><T93/><D18/><U2/><E2/><V67/><F67/><W100/><G100/><T83/><D71/><U97/><E97/><V1/><F1/><W74/><G15/><N who="0" m="5623" /><D93/><U4/><E4/><V26/><F103/><W30/><G74/><T124/><D124/><U58/><E128/><V42/><F107/><W38/><G30/><T39/><D39/><U51/><E21/><V133/><F133/><W28/><G28/><T0/><D63/><N who="1" m="40127" /><E24/><V34/><F13/><W88/><G37/><T50/><D50/><N who="1" m="18987" /><E120/><V16/><F34/><W89/><G38/><T54/><D0/><U123/><E123/><V90/><F26/><W12/><G12/><T109/><D109/><N who="1" m="41483" /><E115/><V105/><F105/><W94/><G112/><T20/><D22/><U23/><E23/><V92/><F92/><W78/><G108/><T113/><D113/><U59/><E58/><V17/><F95/><W10/><G94/><T72/><D72/><U56/><E59/><V75/><F75/><W5/><G68/><T127/><D127/><U66/><E135/><V46/><F17/><W114/><G132/><T121/><D121/><U79/><E66/><V14/><F16/><W7/><G126/><T76/><AGARI ba="0,0" hai="19,20,27,54,57,60,76,83,87,98,99" m="5623" machi="76" ten="30,3000,0" yaku="8,1,52,1" doraHai="80" who="0" fromWho="0" sc="250,30,250,-10,250,-10,250,-10" /><INIT seed="0,1,0,3,1,25" ten="280,240,240,240" oya="0" hai0="93,28,111,67,85,64,101,78,57,66,21,77,38" hai1="40,125,10,12,123,47,84,27,118,26,58,56,30" hai2="24,102,63,103,62,94,22,124,15,105,14,70,61" hai3="96,0,1,48,92,99,128,131,107,49,53,16,54"/><T3/><D3/><U68/><E118/><V20/><F105/><W74/><G107/><T43/><D38/><U108/><E123/><V46/><F70/><W106/><G106/><T110/><D43/><U2/><E68/><V109/><F109/><N who="0" m="41482" /><D57/><U19/><E108/><V88/><F46/><W134/><G74/><T121/><D121/><U9/><E125/><V31/><F124/><W75/><G75/><T116/><D116/><U52/><E84/><N who="2" m="52487" /><F20/><W55/><G134/><T5/><D5/><U89/><E58/><V113/><F113/><W59/><G59/><T112/><D112/><U23/><E89/><V81/><F81/><W34/><G34/><T29/><D21/><N who="1" m="15695" /><E2/><V8/><F14/><W130/><G0/><T97/><D78/><U119/><E119/><V11/><F8/><W18/><G1/><T127/><D127/><U83/><E12/><V7/><AGARI ba="1,0" hai="7,11,15,22,24,31,61,62,63,102,103" m="52487" machi="7" ten="30,4000,0" yaku="8,1,52,1,54,1" doraHai="25" who="2" fromWho="2" sc="280,-21,240,-11,240,43,240,-11" /><INIT seed="1,0,0,3,5,46" ten="259,229,283,229" oya="1" hai0="118,42,119,1,107,17,81,65,67,4,73,110,10" hai1="120,135,133,21,16,104,132,24,30,8,66,69,108" hai2="39,33,101,127,71,123,109,64,72,82,125,9,96" hai3="40,112,11,14,44,88,25,92,103,129,34,54,41"/><U13/><E104/><V31/><F123/><W76/><G112/><T23/><D107/><U19/><E120/><V130/><F39/><W60/><G129/><T68/><D110/><U85/><E108/><V95/><F109/><W53/><G103/><T36/><D17/><U57/><E69/><V3/><F130/><W106/><G76/><N who="0" m="44175" /><D23/><U79/><E66/><N who="0" m="25097" /><D68/><U7/><REACH who="1" step="1"/><E57/><REACH who="1" ten="259,219,283,229" step="2"/><V102/><F71/><W27/><G106/><T97/><D97/><U26/><E26/><V18/><F64/><W32/><G25/><T131/><D131/><U121/><E121/><V84/><F96/><W115/><G27/><T28/><D28/><U49/><E49/><V128/><F31/><W80/><G32/><T74/><D74/><U77/><E77/><V89/><F33/><W100/><G34/><T90/><D90/><U75/><E75/><V35/><F35/><W0/><G88/><T87/><D36/><U126/><E126/><V113/><F128/><W12/><G115/><T15/><D119/><U99/><E99/><V22/><F113/><W122/><G122/><T29/><D29/><U114/><E114/><V48/><F127/><W20/><G100/><T116/><D116/><U52/><E52/><V50/><F72/><W6/><G54/><T93/><D118/><U98/><E98/><N who="2" m="59615" /><F125/><W63/><G53/><T94/><D87/><U111/><E111/><V45/><F102/><W70/><G70/><T38/><D38/><U55/><E55/><V37/><F37/><W58/><G58/><T83/><D42/><U124/><E124/><V51/><F84/><W5/><G41/><RYUUKYOKU ba="0,1" sc="259,-10,219,30,283,-10,229,-10" hai1="7,8,13,16,19,21,24,30,79,85,132,133,135" /><INIT seed="1,1,1,4,4,59" ten="249,249,273,219" oya="1" hai0="93,14,40,89,68,31,52,131,98,57,125,32,42" hai1="16,37,43,130,41,111,88,10,95,112,117,20,90" hai2="71,3,61,127,76,7,72,55,53,101,2,132,104" hai3="84,110,22,92,64,96,36,8,69,128,87,67,94"/><U99/><E117/><V129/><F129/><W39/><G110/><T81/><D68/><U107/><E112/><V21/><F132/><W5/><G69/><T33/><D131/><U60/><E130/><V73/><F127/><W26/><G128/><T56/><D125/><U11/><E111/><V0/><F7/><W28/><G39/><T30/><D33/><U121/><E121/><V1/><F1/><W19/><G36/><T17/><D56/><U38/><E107/><V135/><F135/><W66/><G28/><N who="0" m="10795" /><D81/><U106/><E106/><V124/><F21/><W120/><G120/><T58/><D58/><U27/><E37/><V91/><F124/><W46/><G46/><T54/><D32/><U70/><E38/><V115/><F115/><W34/><G34/><T102/><D102/><N who="1" m="60799" /><E70/><V118/><F118/><W62/><G62/><N who="0" m="36135" /><D54/><U25/><E60/><V15/><F55/><W9/><G94/><T108/><D108/><U13/><E41/><V35/><F35/><W4/><G5/><T86/><D98/><U114/><E43/><V24/><F53/><W29/><G29/><T123/><D123/><U45/><E45/><V48/><F71/><W82/><G82/><T119/><D119/><U97/><E114/><V6/><F0/><W80/><G80/><T126/><D126/><U113/><E113/><V83/><F2/><W109/><G109/><T23/><AGARI ba="1,1" hai="14,17,23,40,42,86,89,93" m="36135,10795" machi="23" ten="30,4000,0" yaku="8,1,52,1,54,1" doraHai="59" who="0" fromWho="0" sc="249,53,249,-21,273,-11,219,-11" /><INIT seed="2,0,0,5,5,119" ten="302,228,262,208" oya="2" hai0="43,23,37,53,132,31,39,92,15,133,72,46,6" hai1="14,113,108,97,104,111,21,54,107,61,62,28,5" hai2="86,122,3,66,49,80,83,130,118,45,68,76,51" hai3="134,90,84,38,82,79,106,71,85,127,24,95,13"/><V64/><F118/><W59/><G71/><T77/><D37/><U58/><E113/><V30/><F3/><W112/><G38/><T29/><D92/><U73/><E73/><V74/><F130/><W110/><G110/><N who="1" m="42026" /><E61/><V2/><F2/><W124/><G134/><N who="0" m="51819" /><D53/><U105/><E28/><V60/><F64/><W125/><G106/><T44/><D44/><U135/><E135/><V96/><F30/><W12/><G112/><T121/><D121/><U69/><E69/><V11/><F11/><W41/><G41/><T35/><D35/><U67/><E54/><V17/><F17/><W1/><G1/><T19/><D6/><U40/><E40/><V22/><F22/><W126/><N who="3" m="31744" /><DORA hai="52" /><W18/><REACH who="3" step="1"/><G59/><REACH who="3" ten="302,228,262,198" step="2"/><T10/><D43/><U115/><E115/><V114/><F114/><W4/><G4/><T33/><D39/><U75/><E5/><V116/><F68/><W8/><G8/><T56/><D56/><U98/><E75/><V81/><F74/><W87/><G87/><T89/><D10/><U25/><E14/><V109/><F86/><W34/><G34/><T32/><D32/><U91/><E97/><V55/><F96/><W36/><G36/><T42/><D33/><U9/><E9/><V47/><F109/><W48/><G48/><T99/><D72/><U93/><E21/><AGARI ba="0,1" hai="12,13,18,21,24,79,82,84,85,90,95" m="31744" machi="21" ten="70,4500,0" yaku="1,1,18,1,53,0" doraHai="119,52" doraHaiUra="50,57" who="3" fromWho="1" sc="302,0,228,-45,262,0,198,55" /><INIT seed="3,0,0,3,0,31" ten="302,183,262,253" oya="3" hai0="61,10,67,75,13,5,113,122,126,64,89,69,11" hai1="118,100,65,106,15,109,1,39,55,57,120,62,35" hai2="72,23,135,41,44,29,74,77,21,129,85,101,93" hai3="73,70,92,50,112,71,124,99,34,132,91,68,22"/><W86/><G112/><T51/><D122/><U52/><E120/><V131/><F135/><W2/><G73/><N who="2" m="28265" /><F29/><W63/><G2/><T8/><D75/><U80/><E1/><V17/><F17/><W59/><G124/><T48/><D126/><U4/><E109/><V3/><F3/><W26/><G132/><T66/><D113/><U88/><E39/><N who="2" m="21567" /><F101/><W116/><G116/><T40/><D69/><U54/><E118/><V82/><F93/><W107/><G50/><N who="0" m="18987" /><D40/><U96/><E35/><V125/><F125/><W104/><G86/><T12/><D61/><U111/><E111/><V49/><F49/><W123/><G123/><T76/><D76/><U127/><E127/><V84/><F84/><W56/><G34/><T43/><D43/><U97/><E80/><V134/><F134/><W95/><G95/><T37/><D37/><U121/><E121/><V9/><F9/><N who="0" m="3690" /><D89/><U30/><E30/><V42/><F42/><W24/><G24/><T47/><D13/><U110/><E110/><V130/><AGARI ba="0,0" hai="21,23,77,82,85,129,130,131" m="21567,28265" machi="130" ten="40,1500,0" yaku="19,1" doraHai="31" who="2" fromWho="2" sc="302,-4,183,-4,262,15,253,-7" /><INIT seed="4,0,0,1,0,75" ten="298,179,277,246" oya="0" hai0="5,72,37,12,89,110,86,28,46,4,6,74,14" hai1="126,64,77,69,66,121,92,122,133,9,8,48,90" hai2="87,13,117,42,20,24,21,99,35,131,118,33,34" hai3="123,27,81,26,70,80,129,58,31,2,67,41,51"/><T82/><D110/><U100/><E126/><V59/><F42/><W0/><G129/><T32/><D74/><U11/><E133/><V93/><F59/><W128/><G128/><T112/><D112/><U60/><E100/><V106/><F106/><W96/><G41/><T73/><D73/><U3/><E3/><V95/><F87/><W125/><G58/><T78/><D46/><U36/><E36/><V47/><F47/><W83/><G83/><T44/><D44/><U52/><E64/><V101/><F95/><W40/><G40/><T108/><D108/><U53/><E77/><V130/><F13/><W71/><G31/><T18/><D18/><U39/><E39/><V84/><F84/><W61/><G125/><T43/><D43/><U22/><E22/><V113/><F20/><W115/><G96/><T104/><D104/><U23/><E23/><V98/><F98/><W30/><G30/><T127/><D37/><U68/><E68/><V88/><F101/><W85/><G85/><T120/><D120/><U114/><E114/><V25/><F113/><W17/><G115/><T132/><D132/><U29/><E29/><N who="2" m="17551" /><F25/><W109/><G123/><T76/><D127/><U94/><E94/><V15/><F15/><N who="0" m="5674" /><D72/><U63/><E63/><V102/><F102/><W97/><G0/><T135/><D135/><U119/><E119/><AGARI ba="0,0" hai="33,34,35,88,93,99,117,118,119,130,131" m="17551" machi="119" ten="40,2600,0" yaku="12,1,54,1" doraHai="75" who="2" fromWho="1" sc="298,0,179,-26,277,26,246,0" owari="298,9.8,153,-34.7,303,40.3,246,-15.4" /></mjloggm>