<mjloggm ver="2.3"><GO type="225" lobby="0"/><UN n0="%E6%98%93%E5%88%A9%E8%96%A9%E4%BC%AF" n1="%33%74%72%65%65" n2="%77%72%77%72%77%72%77%72" n3="%E9%A6%AC%E4%BA%86%E9%9A%94%E5%A3%81" dan="16,16,17,17" rate="2090.79,2108.28,2231.81,2235.81" sx="F,F,M,M"/><TAIKYOKU oya="0"/><INIT seed="0,0,0,0,5,86" ten="250,250,250,250" oya="0" hai0="127,3,25,48,1,2,21,23,120,134,39,85,87" hai1="5,111,14,47,13,18,81,56,49,99,57,88,29" hai2="42,46,75,40,50,129,109,62,53,94,131,33,7" hai3="95,93,116,102,24,119,76,55,118,63,36,106,61"/><T79/><D120/><U130/><E111/><V35/><F75/><W22/><G36/><T54/><D39/><U112/><E112/><V12/><F109/><W59/><G76/><T90/><D134/><U104/><E130/><N who="2" m="49675" /><F94/><W98/><REACH who="3" step="1"/><G63/><REACH who="3" ten="250,250,250,240" step="2"/><T83/><D127/><U30/><E104/><V91/><F62/><W10/><G10/><T66/><D66/><U96/><E5/><V60/><F60/><W68/><G68/><T100/><D100/><U37/><E37/><V114/><F114/><W124/><G124/><T115/><D115/><U133/><E133/><V43/><F91/><W41/><G41/><T72/><D72/><U11/><E88/><V74/><F74/><W73/><G73/><T132/><D132/><U82/><E11/><AGARI ba="0,1" hai="7,11,12,33,35,40,42,43,46,50,53" m="49675" machi="11" ten="30,1000,0" yaku="19,1" doraHai="86" who="2" fromWho="1" sc="250,0,250,-10,250,20,240,0" /><INIT seed="1,0,0,0,1,124" ten="250,240,270,240" oya="1" hai0="113,22,72,7,11,96,25,73,26,53,93,88,106" hai1="80,98,49,102,9,101,30,128,40,39,38,130,78" hai2="44,36,28,71,68,20,56,34,103,125,69,35,4" hai3="17,95,15,110,121,14,118,21,64,33,126,27,19"/><U112/><E112/><V74/><F125/><W65/><G126/><T55/><D113/><U63/><E30/><V134/><F74/><W10/><G121/><T123/><D123/><U41/><E63/><V105/><F134/><W42/><G110/><T8/><D106/><U46/><E9/><V3/><F3/><W119/><G42/><T85/><D73/><U45/><E49/><V77/><F77/><W60/><G95/><T37/><D37/><U66/><E66/><V52/><F4/><W1/><G1/><T97/><D72/><N who="1" m="43079" /><E102/><V76/><F76/><W86/><G86/><T94/><D85/><U90/><E90/><V6/><F6/><W43/><G43/><T23/><D7/><U57/><E57/><V24/><F44/><W48/><G48/><T31/><D31/><U116/><E116/><N who="3" m="44586" /><G60/><T5/><D5/><U47/><E47/><V84/><F84/><W111/><G111/><T107/><D107/><AGARI ba="0,0" hai="38,39,40,41,45,46,98,101,107,128,130" m="43079" machi="107" ten="30,5800,0" yaku="23,1,52,2" doraHai="124" who="1" fromWho="0" sc="250,-58,240,58,270,0,240,0" /><INIT seed="1,1,0,0,4,60" ten="192,298,270,240" oya="1" hai0="43,64,112,120,20,123,100,116,69,132,67,71,4" hai1="93,13,73,89,24,119,52,105,12,128,103,95,37" hai2="70,72,127,125,39,122,79,96,1,80,55,10,111" hai3="68,82,57,90,84,76,22,88,109,86,81,17,91"/><U126/><E119/><V49/><F122/><N who="0" m="46634" /><D116/><U78/><E37/><V27/><F39/><W50/><G109/><T41/><D4/><U87/><E95/><V74/><F70/><N who="0" m="26634" /><D100/><U26/><E126/><N who="2" m="48139" /><F111/><W129/><G129/><T94/><D94/><U65/><E128/><V44/><F96/><W115/><G115/><T21/><D112/><U40/><E105/><V9/><F1/><W0/><G68/><T131/><D132/><U5/><E103/><V2/><F2/><W16/><G0/><T102/><D102/><U113/><E113/><V6/><F6/><W92/><G92/><T54/><D54/><U51/><E52/><V59/><F72/><W110/><G110/><T45/><D45/><N who="1" m="26023" /><E73/><V32/><F44/><W97/><G97/><T58/><D58/><U3/><E3/><V106/><F106/><W135/><G135/><T63/><D63/><U23/><E5/><V124/><F124/><W29/><G29/><AGARI ba="1,0" hai="9,10,27,29,32,49,55,59,74,79,80" m="48139" machi="29" ten="30,1000,0" yaku="18,1" doraHai="60" who="2" fromWho="3" sc="192,0,298,0,270,13,240,-13" /><INIT seed="2,0,0,3,4,91" ten="192,298,283,227" oya="2" hai0="68,73,107,35,130,88,65,66,39,114,83,87,41" hai1="22,94,47,5,7,9,6,33,115,11,108,80,104" hai2="18,124,70,26,61,60,32,113,76,133,79,90,74" hai3="109,75,17,64,102,116,85,111,59,29,71,97,21"/><V82/><F113/><W67/><G116/><T42/><D114/><U54/><E104/><V98/><F133/><W118/><G118/><T128/><D35/><U110/><E33/><V20/><F124/><W92/><G75/><T122/><D122/><U16/><E115/><V81/><F70/><W53/><G29/><T49/><D39/><U0/><E80/><V101/><F90/><W72/><G72/><T1/><D1/><U37/><E94/><V117/><F117/><W57/><G71/><T28/><D28/><U10/><E0/><V86/><REACH who="2" step="1"/><F32/><REACH who="2" ten="192,298,273,227" step="2"/><W131/><G111/><T43/><D68/><U31/><E110/><V15/><F15/><W13/><G109/><T106/><D73/><U52/><E108/><V129/><F129/><W44/><G131/><T63/><D130/><U126/><E126/><V134/><F134/><W103/><G103/><T56/><D128/><U38/><E31/><V69/><F69/><W23/><G13/><T84/><D66/><U45/><E37/><V48/><F48/><W19/><G67/><T100/><D100/><U99/><E38/><V96/><F96/><W132/><G64/><T121/><D121/><U58/><E99/><V78/><F78/><W40/><G132/><T3/><D3/><U77/><E77/><V51/><F51/><W25/><G85/><T105/><REACH who="0" step="1"/><D84/><REACH who="0" ten="182,298,273,227" step="2"/><U8/><E6/><V62/><F62/><N who="3" m="36143" /><G102/><T14/><D14/><N who="1" m="9495" /><E5/><V135/><F135/><W34/><G34/><T4/><D4/><U89/><N who="1" m="2048" /><DORA hai="27" /><U119/><E7/><V36/><F36/><N who="3" m="21511" /><G97/><T30/><D30/><U55/><E119/><RYUUKYOKU ba="0,2" sc="182,15,298,-15,273,15,227,-15" hai0="41,42,43,49,56,63,65,83,87,88,105,106,107" hai2="18,20,26,60,61,74,76,79,81,82,86,98,101" /><INIT seed="2,1,2,0,3,64" ten="197,283,288,212" oya="2" hai0="131,59,71,65,93,125,80,42,105,113,12,22,121" hai1="77,25,115,44,1,29,91,76,3,15,5,103,35" hai2="54,114,47,39,33,120,66,20,24,70,48,63,62" hai3="45,9,95,19,13,100,0,83,127,122,112,116,10"/><V89/><F114/><W31/><G116/><T75/><D121/><U27/><E115/><V61/><F120/><W6/><G122/><T94/><D105/><U78/><E103/><V11/><F33/><W69/><G112/><T85/><D113/><U108/><E108/><V36/><F11/><W130/><G130/><T92/><D75/><U56/><E44/><V46/><F89/><W106/><G106/><T128/><D42/><U132/><E132/><V60/><F20/><W30/><G127/><T37/><D37/><N who="2" m="14410" /><F24/><W18/><G69/><T21/><D59/><AGARI ba="1,2" hai="46,47,48,54,59,60,61,62,63,66,70" m="14410" machi="59" ten="30,18000,2" yaku="35,5,52,1" doraHai="64" who="2" fromWho="0" sc="197,-183,283,0,288,203,212,0" /><INIT seed="2,2,0,5,3,20" ten="14,283,491,212" oya="2" hai0="125,68,134,52,63,94,113,107,25,118,86,42,24" hai1="95,67,12,17,54,81,33,85,114,83,84,97,16" hai2="70,3,100,45,126,127,78,90,79,111,4,123,9" hai3="50,22,112,133,105,87,122,19,131,96,65,35,40"/><V120/><F70/><W128/><G35/><T23/><D113/><U74/><E33/><V92/><F100/><N who="3" m="62599" /><G122/><T56/><D107/><U103/><E114/><V119/><F119/><W44/><G112/><T15/><D118/><U98/><E67/><V7/><F45/><W93/><G65/><T11/><D134/><U13/><E74/><V77/><F111/><W132/><G87/><T32/><D125/><N who="2" m="47626" /><F7/><W29/><G29/><T6/><D68/><U58/><E97/><AGARI ba="2,0" hai="3,4,9,77,78,79,90,92,97,120,123" m="47626" machi="97" ten="30,1500,0" yaku="18,1" doraHai="20" who="2" fromWho="1" sc="14,0,283,-21,491,21,212,0" /><INIT seed="2,3,0,5,3,2" ten="14,262,512,212" oya="2" hai0="97,95,52,51,38,104,60,121,82,92,55,110,43" hai1="89,5,112,44,109,93,31,129,19,122,83,128,27" hai2="124,108,81,91,74,116,16,32,73,101,77,70,117" hai3="69,62,46,30,64,3,131,57,79,7,115,18,58"/><V99/><F16/><W35/><G131/><N who="1" m="50250" /><E112/><V106/><F32/><W68/><G115/><T45/><D121/><U17/><E109/><V24/><F24/><W11/><G79/><T23/><D110/><U100/><E122/><V98/><F70/><W94/><G46/><T134/><D134/><U36/><E100/><N who="2" m="62743" /><F108/><W135/><G135/><T119/><D119/><N who="2" m="45642" /><F124/><W20/><G94/><T65/><D82/><U59/><E83/><V34/><F34/><W96/><G96/><T90/><D23/><U12/><E19/><V56/><F56/><W111/><G58/><T86/><D104/><U8/><E59/><V33/><F33/><W40/><G40/><T39/><D39/><U53/><E17/><V0/><F0/><W22/><G22/><T15/><D38/><U103/><E27/><V76/><F91/><W42/><G42/><T75/><D75/><N who="2" m="28682" /><F81/><W50/><G50/><T133/><D133/><U41/><E31/><V113/><F113/><W61/><G61/><T67/><D15/><U84/><E53/><V78/><F78/><W63/><G63/><T71/><REACH who="0" step="1"/><D65/><REACH who="0" ten="4,262,512,212" step="2"/><U48/><E36/><V47/><F76/><W80/><G80/><T132/><D132/><U126/><E12/><V107/><F77/><W85/><G111/><T130/><D130/><U13/><E13/><V123/><F123/><W102/><G64/><T6/><D6/><U72/><E5/><V21/><F21/><W14/><G20/><T118/><D118/><U87/><E72/><V37/><F37/><W10/><G7/><T29/><D29/><U105/><E105/><V49/><F107/><RYUUKYOKU ba="3,1" sc="4,30,262,-10,512,-10,212,-10" hai0="43,45,51,52,55,60,67,71,86,90,92,95,97" /><INIT seed="3,4,1,2,5,20" ten="34,252,502,202" oya="3" hai0="73,87,130,98,41,9,83,89,31,127,90,19,80" hai1="110,100,70,132,58,63,107,5,10,122,14,54,28" hai2="112,48,2,79,128,93,27,85,103,47,22,36,0" hai3="82,76,62,52,117,109,129,86,133,34,126,7,21"/><W91/><G117/><T64/><D130/><U11/><E110/><V116/><F112/><W40/><G34/><T6/><D127/><U120/><E132/><V50/><F36/><W61/><G133/><T42/><D73/><U118/><E118/><V119/><F128/><W38/><G129/><T35/><D64/><U16/><E70/><V26/><F79/><W94/><G126/><T115/><D115/><U105/><E28/><V75/><F75/><W101/><G109/><T125/><D125/><U24/><E24/><V15/><F0/><W51/><G7/><T18/><D98/><U23/><E23/><V111/><F2/><W37/><G101/><T56/><D56/><U29/><E29/><V99/><F111/><W97/><G21/><T59/><D59/><U53/><E53/><V46/><F85/><W88/><G40/><T74/><D74/><U1/><REACH who="1" step="1"/><E100/><REACH who="1" ten="34,242,502,202" step="2"/><V30/><F119/><W49/><G49/><T84/><D31/><U121/><AGARI ba="4,2" hai="1,5,10,11,14,16,54,58,63,105,107,120,121,122" machi="121" ten="30,8000,1" yaku="1,1,2,1,0,1,54,1,53,1" doraHai="20" doraHaiUra="57" who="1" fromWho="1" sc="34,-24,242,112,502,-24,202,-44" owari="10,-49.0,354,15.4,478,57.8,158,-24.2" /></mjloggm>