<mjloggm ver="2.3"><GO type="225" lobby="0"/><UN n0="%73%69%72%6F%75%74" n1="%72%69%6F%75%63%68%61%6E" n2="%E6%81%AC%E6%B7%A1%E5%AF%82%E5%AF%9E" n3="%6D%75%75%6D%75%72%61" dan="16,17,16,16" rate="2078.11,2259.33,2122.09,2078.09" sx="M,M,M,F"/><TAIKYOKU oya="0"/><INIT seed="0,0,0,0,0,31" ten="250,250,250,250" oya="0" hai0="61,52,87,119,20,113,115,48,81,43,45,10,19" hai1="62,90,68,132,133,131,108,111,97,127,103,7,84" hai2="38,91,9,107,6,109,8,114,126,5,35,59,121" hai3="134,57,47,70,85,64,21,72,30,65,102,54,98"/><T96/><D119/><U32/><E7/><V39/><F121/><W73/><G70/><T123/><D123/><U116/><E68/><V28/><F114/><W66/><G134/><N who="1" m="51818" /><E62/><V130/><F107/><W105/><G85/><T92/><D10/><U42/><E42/><V128/><F126/><W0/><G0/><T67/><D43/><U95/><E32/><V135/><F135/><W74/><G47/><T83/><D87/><U24/><E24/><N who="2" m="18823" /><F59/><W22/><REACH who="3" step="1"/><G30/><REACH who="3" ten="250,250,250,240" step="2"/><T100/><D115/><U88/><E116/><V124/><F124/><W122/><G122/><T11/><D113/><U40/><E127/><V117/><F117/><W53/><G53/><T41/><D41/><U71/><E71/><V3/><F38/><W120/><G120/><T101/><D52/><U25/><E40/><V118/><F39/><W99/><G99/><T1/><D45/><U46/><E46/><V69/><F118/><W129/><G129/><T55/><D55/><U51/><E131/><V104/><F69/><W60/><AGARI ba="0,1" hai="21,22,54,57,60,64,65,66,72,73,74,98,102,105" machi="60" ten="40,2700,0" yaku="1,1,0,1,53,0" doraHai="31" doraHaiUra="34" who="3" fromWho="3" sc="250,-13,250,-7,250,-7,240,37" /><INIT seed="1,0,0,5,4,53" ten="237,243,243,277" oya="1" hai0="11,9,62,81,45,26,10,96,82,127,13,55,23" hai1="35,3,114,76,107,129,61,70,115,74,110,41,121" hai2="91,79,54,46,22,124,102,85,29,24,112,0,56" hai3="8,34,1,118,65,106,86,98,123,75,113,28,18"/><U133/><RYUUKYOKU type="yao9" ba="0,0" sc="237,0,243,0,243,0,277,0" hai1="3,35,41,61,70,74,76,107,110,114,115,121,129,133" /><INIT seed="1,1,0,3,5,96" ten="237,243,243,277" oya="1" hai0="47,21,17,113,112,98,18,19,27,51,132,64,14" hai1="73,75,36,58,133,10,63,49,108,20,127,11,107" hai2="123,69,125,30,23,83,126,111,78,46,50,91,134" hai3="122,116,101,48,114,55,16,110,3,70,37,103,43"/><U94/><E107/><V42/><F123/><W33/><G114/><T99/><D132/><U105/><E105/><V57/><F69/><W93/><G122/><T41/><D112/><U9/><E133/><V131/><F134/><W87/><G70/><T54/><D113/><U76/><E36/><V66/><F91/><N who="3" m="53503" /><G33/><T109/><D109/><U61/><E108/><V40/><F40/><W71/><G71/><T8/><D64/><U104/><E104/><V77/><F111/><W59/><G3/><T128/><D128/><U72/><E127/><N who="2" m="48651" /><F131/><W86/><G37/><T65/><D65/><U80/><E20/><V39/><F83/><W85/><G110/><T115/><D115/><U81/><E94/><V35/><F35/><W129/><G129/><T29/><REACH who="0" step="1"/><D41/><REACH who="0" ten="227,243,243,277" step="2"/><U102/><E76/><V1/><F77/><W5/><G43/><T15/><D15/><U24/><E24/><N who="2" m="16671" /><F66/><W32/><G116/><T130/><D130/><U68/><E68/><V82/><F78/><W97/><G32/><T135/><D135/><U117/><E117/><V88/><F1/><W6/><G6/><AGARI ba="1,1" hai="6,8,14,17,18,19,21,27,29,47,51,54,98,99" machi="6" ten="40,8000,1" yaku="1,1,8,1,53,3" doraHai="96" doraHaiUra="13" who="0" fromWho="3" sc="227,93,243,0,243,0,277,-83" /><INIT seed="2,0,0,0,1,95" ten="320,243,243,194" oya="2" hai0="110,65,40,83,134,80,2,104,13,117,79,38,54" hai1="111,63,109,99,57,46,81,76,84,128,15,16,127" hai2="122,37,108,59,73,4,66,115,125,96,43,101,64" hai3="35,22,55,42,106,51,17,75,67,94,102,61,48"/><V3/><F122/><W91/><G35/><T116/><D2/><U133/><E127/><V32/><F115/><W47/><G75/><T112/><D112/><U89/><E128/><V118/><F118/><N who="0" m="45674" /><D104/><U36/><E133/><V78/><F32/><W7/><G106/><T126/><D110/><N who="1" m="41995" /><E36/><V124/><F59/><W77/><G77/><T20/><D126/><N who="2" m="48746" /><F108/><W58/><G7/><T9/><D20/><N who="1" m="11295" /><E46/><N who="2" m="23919" /><F78/><W29/><G102/><T130/><D79/><U100/><E76/><V97/><F73/><W12/><G29/><T82/><D130/><U103/><E99/><N who="2" m="37963" /><F101/><W92/><REACH who="3" step="1"/><G91/><REACH who="3" ten="320,243,243,184" step="2"/><T21/><D134/><U119/><E119/><V11/><AGARI ba="0,1" hai="3,4,11,64,66" m="37963,23919,48746" machi="11" ten="30,11700,0" yaku="18,1,52,3" doraHai="95" who="2" fromWho="2" sc="320,-39,243,-39,243,127,184,-39" /><INIT seed="2,1,0,2,0,93" ten="281,204,370,145" oya="2" hai0="71,11,37,85,133,108,104,79,39,103,97,95,28" hai1="118,124,42,83,89,77,41,24,135,116,127,57,75" hai2="36,86,44,13,7,81,92,131,29,113,121,66,63" hai3="60,109,15,16,55,101,62,56,31,20,54,2,126"/><V88/><F121/><W106/><G109/><T132/><D71/><U1/><E1/><V58/><F113/><W115/><G126/><N who="1" m="48170" /><E135/><N who="0" m="51785" /><D28/><U99/><E24/><V27/><F131/><W67/><G115/><T94/><D11/><U70/><E70/><V91/><F36/><W98/><G2/><T35/><D35/><U59/><E59/><V122/><F122/><W26/><REACH who="3" step="1"/><G62/><REACH who="3" ten="281,204,370,135" step="2"/><T74/><D108/><U125/><E125/><V65/><F63/><W100/><G100/><T53/><D103/><U18/><E116/><V48/><F58/><W5/><G5/><T107/><D37/><U21/><E57/><V134/><F134/><W119/><G119/><T38/><D39/><U17/><E118/><V73/><F7/><W4/><G4/><T9/><D38/><U46/><E46/><V30/><F44/><W52/><G52/><T120/><D53/><U87/><E41/><V6/><F6/><W90/><G90/><T32/><D120/><U47/><E47/><V40/><F88/><W110/><G110/><T130/><D130/><U45/><E45/><V105/><F91/><W12/><G12/><T14/><D14/><U3/><E42/><V96/><F13/><W19/><G19/><T111/><D111/><U80/><E3/><V117/><F117/><W22/><AGARI ba="1,1" hai="15,16,20,22,26,31,54,55,56,60,67,98,101,106" machi="22" ten="20,8000,1" yaku="1,1,0,1,7,1,52,1,54,1,53,0" doraHai="93" doraHaiUra="34" who="3" fromWho="3" sc="281,-21,204,-21,370,-41,135,93" /><INIT seed="3,0,0,5,4,29" ten="260,183,329,228" oya="3" hai0="25,39,75,3,91,56,54,66,13,114,81,42,113" hai1="112,58,76,23,1,2,53,8,68,64,50,70,10" hai2="41,67,30,43,18,79,59,108,83,129,104,109,102" hai3="86,35,0,93,122,46,135,5,127,32,88,14,105"/><W90/><G122/><T36/><D3/><U116/><E112/><N who="0" m="43113" /><D25/><U31/><E116/><V11/><F30/><W94/><G105/><T24/><D13/><U101/><E76/><V37/><F129/><W26/><G0/><T57/><D91/><U63/><E70/><V118/><F118/><W17/><G127/><T115/><D24/><U4/><E101/><V22/><F11/><W87/><G135/><T85/><D75/><U38/><E31/><V132/><F132/><W97/><G5/><T134/><D134/><U47/><E23/><V27/><F59/><W40/><G26/><T110/><D42/><U55/><E55/><V133/><F67/><W20/><G97/><T124/><D110/><N who="2" m="42602" /><F37/><AGARI ba="0,0" hai="14,17,20,32,35,37,40,46,86,87,88,90,93,94" machi="37" ten="30,12000,1" yaku="7,1,9,1,52,2,54,1" doraHai="29" who="3" fromWho="2" sc="260,0,183,0,329,-120,228,120" owari="260,6.0,183,-31.7,209,-19.1,348,44.8" /></mjloggm>