<mjloggm ver="2.3"><GO type="225" lobby="0"/><UN n0="%E9%80%9F%E6%B0%B4%E5%87%9B%E9%A6%99" n1="%4E%49%4A%49%49%52%4F" n2="%54%4F%52" n3="%6D%75%75%6D%75%72%61" dan="16,16,17,17" rate="2123.63,2153.72,2247.41,2190.56" sx="F,M,M,F"/><TAIKYOKU oya="0"/><INIT seed="0,0,0,5,0,20" ten="250,250,250,250" oya="0" hai0="83,90,129,9,89,30,101,51,39,4,60,128,108" hai1="95,32,100,50,45,59,113,134,84,41,64,74,120" hai2="92,121,34,28,96,118,105,2,63,11,97,52,85" hai3="107,37,131,71,42,23,8,109,133,33,61,127,116"/><T40/><D101/><U73/><E120/><V86/><F121/><W132/><RYUUKYOKU type="yao9" ba="0,0" sc="250,0,250,0,250,0,250,0" hai3="8,23,33,37,42,61,71,107,109,116,127,131,132,133" /><INIT seed="0,1,0,5,1,31" ten="250,250,250,250" oya="0" hai0="13,129,78,7,29,113,135,88,22,18,104,30,103" hai1="51,67,134,24,110,122,21,66,56,42,108,111,2" hai2="76,69,47,112,120,39,114,79,37,98,6,102,23" hai3="34,52,115,26,45,14,90,86,57,15,92,19,60"/><T96/><D113/><U106/><E106/><V123/><F69/><W93/><G115/><T9/><D135/><U40/><E122/><V64/><F64/><N who="1" m="24617" /><E2/><V73/><F23/><W3/><G3/><T119/><D119/><U25/><E134/><V75/><F47/><W16/><G45/><T70/><D70/><U27/><E21/><V10/><F98/><W20/><G34/><T131/><D78/><U71/><E71/><V44/><F44/><W87/><G19/><T128/><REACH who="0" step="1"/><D88/><AGARI ba="1,0" hai="14,15,16,20,26,52,57,60,86,87,88,90,92,93" machi="88" ten="40,8000,1" yaku="9,1,8,1,54,3" doraHai="31" who="3" fromWho="0" sc="250,-83,250,0,250,0,250,83" /><INIT seed="1,0,0,2,1,57" ten="167,250,250,333" oya="1" hai0="41,97,116,2,108,82,10,132,51,103,125,122,39" hai1="3,101,47,99,29,50,96,104,34,131,90,61,38" hai2="4,23,24,83,128,20,31,56,27,30,129,107,14" hai3="91,17,21,0,7,87,88,16,58,73,81,40,25"/><U134/><E3/><V93/><F107/><W106/><G73/><T9/><D116/><U120/><E120/><V92/><F83/><W112/><G106/><T28/><D39/><U109/><E134/><V32/><F56/><W59/><G112/><T111/><D132/><U75/><E131/><V78/><F78/><W37/><G37/><T43/><D28/><U79/><E38/><V130/><REACH who="2" step="1"/><F32/><REACH who="2" ten="167,250,240,333" step="2"/><W95/><G59/><T71/><D71/><U65/><E79/><V119/><F119/><W85/><G58/><T80/><D80/><U63/><E109/><V70/><F70/><W126/><G81/><T11/><D82/><U42/><E75/><V113/><F113/><W6/><G95/><T123/><D125/><U54/><E65/><V67/><F67/><W12/><G126/><T48/><D2/><U68/><E68/><V46/><F46/><W1/><G0/><T45/><D45/><U55/><E55/><V19/><F19/><W76/><G17/><T105/><D43/><U100/><E54/><V121/><F121/><N who="0" m="46090" /><D41/><U15/><E34/><V8/><AGARI ba="0,1" hai="4,8,14,20,23,24,27,30,31,92,93,128,129,130" machi="8" ten="40,8000,1" yaku="1,1,0,1,9,1,19,1,53,0" doraHai="57" doraHaiUra="98" who="2" fromWho="2" sc="167,-20,250,-40,240,90,333,-20" /><INIT seed="2,0,0,5,0,57" ten="147,210,330,313" oya="2" hai0="92,96,16,41,43,30,101,132,126,129,55,19,40" hai1="2,85,91,128,122,53,90,86,33,14,46,65,73" hai2="7,83,11,109,114,124,103,39,56,4,80,47,67" hai3="134,58,131,98,107,31,74,22,63,24,130,119,125"/><V112/><F124/><W117/><G125/><T120/><D126/><U118/><E2/><V18/><F109/><W121/><G74/><T69/><D120/><U45/><E118/><V110/><F110/><W32/><G121/><T133/><D69/><U77/><E122/><V104/><F103/><N who="3" m="62967" /><G22/><T13/><D30/><U27/><E128/><N who="3" m="49194" /><G134/><N who="0" m="51819" /><D129/><U97/><E65/><AGARI ba="0,0" hai="24,31,32,58,63,65,117,119" m="49194,62967" machi="65" ten="30,2000,0" yaku="19,1,52,1" doraHai="57" who="3" fromWho="1" sc="147,0,210,-20,330,0,313,20" /><INIT seed="3,0,0,2,0,25" ten="147,190,330,333" oya="3" hai0="47,10,74,107,99,113,108,72,39,64,61,106,83" hai1="105,51,67,132,56,22,124,84,31,89,100,90,96" hai2="42,38,127,121,117,110,12,109,76,55,122,123,68" hai3="57,77,97,14,120,18,15,88,119,44,104,60,9"/><W33/><G119/><T23/><D108/><N who="2" m="41578" /><F117/><W52/><G120/><T80/><D113/><U21/><E124/><V126/><F68/><W91/><G33/><T4/><D23/><U2/><E132/><V41/><F76/><W133/><G133/><T128/><D128/><U50/><E2/><V134/><F134/><W102/><G77/><N who="0" m="44071" /><D83/><U93/><E90/><V45/><F41/><W71/><G71/><N who="0" m="42383" /><D99/><U48/><E31/><V26/><F26/><W19/><G44/><T54/><D54/><U27/><E27/><V8/><F55/><W118/><G118/><T87/><D87/><U111/><E111/><V11/><F11/><AGARI ba="0,0" hai="9,11,14,15,18,19,52,57,60,88,91,97,102,104" machi="11" ten="30,11600,0" yaku="7,1,9,1,54,2" doraHai="25" who="3" fromWho="2" sc="147,0,190,0,330,-116,333,116" owari="147,-35.3,190,-21.0,214,1.4,449,54.9" /></mjloggm>