<mjloggm ver="2.3"><GO type="225" lobby="0"/><UN n0="%74%61%6B%75%61%6B%61" n1="%E6%9C%AA%E6%9D%A5%E5%B0%91%E5%B9%B4" n2="%E3%83%B4%E3%82%A3%E3%83%AF%E3%82%B3%E3%82%B0%E3%83%8B" n3="%E9%B3%B3%E6%9D%B1%E3%81%AE%E3%81%86%E3%81%95%E3%81%8E%E3%81%95%E3%82%93" dan="17,16,16,16" rate="2190.42,2150.67,2179.87,2128.50" sx="M,M,M,M"/><TAIKYOKU oya="0"/><INIT seed="0,0,0,0,2,128" ten="250,250,250,250" oya="0" hai0="129,17,15,85,112,0,66,122,73,71,30,108,109" hai1="79,111,88,26,105,38,97,82,50,7,110,37,48" hai2="81,40,92,45,132,24,62,134,8,59,83,96,74" hai3="91,76,44,64,14,119,116,3,13,28,99,126,51"/><T93/><D0/><U113/><E113/><V118/><F118/><W1/><G76/><T16/><D73/><U53/><E7/><V103/><F8/><W102/><G64/><T100/><D122/><U75/><E26/><V33/><F33/><W95/><G126/><T11/><D112/><U39/><E105/><V36/><F24/><W84/><G28/><T9/><D30/><U123/><E123/><V135/><REACH who="2" step="1"/><F74/><REACH who="2" ten="250,250,240,250" step="2"/><W23/><G119/><T49/><D9/><U18/><E18/><BYE who="1" /><V6/><F6/><W63/><G116/><UN n1="%E6%9C%AA%E6%9D%A5%E5%B0%91%E5%B9%B4" /><T58/><D17/><U56/><E110/><V19/><F19/><W121/><G121/><T32/><D32/><U65/><E111/><V52/><AGARI ba="0,1" hai="36,40,45,52,59,62,81,83,92,96,103,132,134,135" machi="52" ten="30,12000,2" yaku="1,1,0,1,20,1,52,3,54,1,53,0" doraHai="128" doraHaiUra="20" who="2" fromWho="2" sc="250,-60,250,-30,240,130,250,-30" /><INIT seed="1,0,0,4,5,90" ten="190,220,370,220" oya="1" hai0="87,73,63,5,132,81,83,44,37,89,16,38,117" hai1="0,1,9,46,14,15,119,30,55,103,93,92,122" hai2="42,18,82,77,95,85,127,134,104,32,29,101,21" hai3="62,98,67,48,107,84,57,109,27,58,86,72,106"/><U53/><E119/><V129/><F32/><W19/><G72/><T23/><D117/><U51/><E122/><V105/><F29/><W120/><G120/><T50/><D132/><U130/><E130/><V79/><F127/><W45/><G109/><T11/><D63/><U4/><E30/><V94/><F134/><W111/><G111/><T43/><D73/><U128/><E128/><V34/><F34/><W7/><G7/><T39/><D81/><U113/><E113/><V17/><F77/><W126/><G126/><T64/><D64/><U10/><E103/><V40/><F17/><W69/><G106/><T31/><D31/><U100/><E100/><V91/><F129/><W80/><G107/><T102/><D102/><U108/><E108/><V123/><F123/><W99/><G58/><T125/><D125/><U6/><REACH who="1" step="1"/><E55/><REACH who="1" ten="190,210,370,220" step="2"/><V116/><F116/><W74/><G74/><T66/><D66/><U24/><E24/><V112/><F112/><W65/><G65/><T20/><REACH who="0" step="1"/><D16/><REACH who="0" ten="180,210,370,220" step="2"/><U71/><E71/><V115/><F105/><W13/><G69/><T88/><D88/><U35/><E35/><V135/><F101/><W118/><G118/><T96/><D96/><U131/><E131/><V26/><F104/><W12/><G99/><T8/><D8/><U25/><E25/><V124/><F124/><W78/><G98/><T61/><D61/><U36/><E36/><V2/><F115/><W59/><G27/><T22/><D22/><U3/><AGARI ba="0,2" hai="0,1,3,4,6,9,10,14,15,46,51,53,92,93" machi="3" ten="30,12000,1" yaku="1,1,0,1,9,1,52,2,53,0" doraHai="90" doraHaiUra="75" who="1" fromWho="1" sc="180,-40,210,140,370,-40,220,-40" /><INIT seed="1,1,0,4,4,59" ten="140,350,330,180" oya="1" hai0="111,78,55,123,82,74,76,62,0,63,6,7,83" hai1="66,30,61,92,103,88,89,19,2,96,34,41,21" hai2="98,132,25,97,85,16,116,73,105,90,118,52,31" hai3="38,11,84,110,1,126,117,102,99,81,72,65,130"/><U39/><E2/><V8/><F73/><W104/><G110/><T45/><D111/><U17/><E34/><V115/><F132/><W37/><G130/><T4/><D0/><U87/><E41/><V42/><F42/><W64/><G126/><T35/><D35/><U3/><E39/><V53/><F115/><W18/><G117/><T93/><D93/><U33/><E33/><V124/><F124/><W121/><G121/><T71/><D123/><U80/><E3/><V68/><F68/><W49/><G72/><T101/><D101/><U28/><E89/><V128/><F128/><W119/><G119/><T113/><D113/><U24/><E30/><V54/><F105/><W51/><G37/><T20/><D20/><U135/><E135/><V32/><F118/><W106/><G106/><T44/><D71/><AGARI ba="1,0" hai="17,19,21,24,28,61,66,71,80,87,88,92,96,103" machi="71" ten="30,5800,0" yaku="7,1,52,1,54,1" doraHai="59" who="1" fromWho="0" sc="140,-61,350,61,330,0,180,0" /><INIT seed="1,2,0,1,3,135" ten="79,411,330,180" oya="1" hai0="24,70,59,61,19,44,88,99,18,81,123,106,9" hai1="39,49,121,87,48,132,91,22,130,129,112,104,131" hai2="38,8,69,57,0,110,65,23,94,89,14,53,74" hai3="36,67,111,63,26,82,72,77,109,120,62,12,1"/><U118/><E112/><V4/><F110/><N who="3" m="41995" /><G120/><T50/><D123/><U95/><E118/><V43/><F74/><W92/><G1/><T76/><D70/><U103/><E121/><V79/><F79/><W90/><G36/><T114/><D114/><U97/><E132/><V84/><F69/><W52/><G67/><T5/><D24/><U128/><N who="1" m="32768" /><DORA hai="80" /><U55/><E39/><V86/><F65/><W96/><G12/><T31/><D31/><U10/><E22/><V66/><F66/><W47/><G26/><T13/><D106/><U28/><E28/><V21/><F0/><W108/><G108/><T107/><D107/><U127/><E10/><V17/><F4/><W11/><G11/><T124/><D124/><U85/><E127/><V46/><REACH who="2" step="1"/><F86/><REACH who="2" ten="79,411,320,180" step="2"/><W51/><AGARI ba="2,1" hai="47,51,52,62,63,72,77,82,90,92,96" m="41995" machi="51" ten="30,2000,0" yaku="14,1,54,1" doraHai="135,80" who="3" fromWho="3" sc="79,-7,411,-12,320,-7,180,36" /><INIT seed="2,0,0,1,1,115" ten="72,399,313,216" oya="2" hai0="18,57,87,26,73,8,74,96,3,98,79,33,22" hai1="66,39,119,121,27,129,72,103,68,110,91,47,19" hai2="97,67,100,0,20,51,116,37,114,90,118,35,99" hai3="113,62,107,56,111,76,43,93,31,128,48,102,52"/><V32/><F114/><W7/><G113/><T83/><D73/><U15/><E119/><N who="2" m="45611" /><F51/><W25/><G111/><T30/><D74/><U123/><E110/><V108/><F108/><W28/><G128/><T2/><D2/><U14/><E129/><V75/><F20/><W64/><G107/><T124/><D124/><U60/><E72/><V24/><F90/><W21/><G76/><T84/><D84/><U77/><E77/><V1/><F67/><W53/><G7/><T122/><D122/><N who="1" m="46603" /><E103/><V92/><F92/><W9/><G9/><T89/><D79/><U23/><E91/><V95/><F95/><W104/><G104/><T109/><D109/><U46/><E39/><V36/><F75/><W12/><G12/><AGARI ba="0,0" hai="12,14,15,19,23,27,46,47,60,66,68" m="46603" machi="12" ten="30,1000,0" yaku="13,1" doraHai="115" who="1" fromWho="3" sc="72,0,399,10,313,0,216,-10" /><INIT seed="3,0,0,1,5,119" ten="72,409,313,206" oya="3" hai0="12,17,4,73,83,44,94,7,107,9,66,121,97" hai1="36,67,57,2,5,98,101,28,74,24,53,92,27" hai2="111,8,48,33,104,115,102,85,15,43,45,49,64" hai3="91,50,23,60,72,38,11,10,103,20,134,116,82"/><W114/><G114/><T65/><D107/><U128/><E74/><V13/><F115/><W29/><G38/><T39/><D39/><U62/><E36/><V46/><F111/><W130/><G116/><T77/><D4/><U52/><E128/><V105/><F33/><W129/><G103/><T47/><D73/><U120/><E120/><V112/><F112/><W63/><G134/><T51/><D44/><U25/><E5/><V108/><F108/><W21/><G29/><T100/><D17/><U34/><E2/><V19/><F64/><W42/><G42/><T90/><D100/><U132/><E132/><V127/><F127/><W81/><G50/><T126/><D126/><U79/><E79/><V16/><F85/><W75/><G21/><T3/><D3/><U61/><E53/><V32/><F32/><W22/><G23/><T37/><D37/><U93/><E93/><V80/><F80/><W109/><G91/><T6/><D6/><U69/><AGARI ba="0,0" hai="24,25,27,28,34,52,57,61,62,67,69,92,98,101" machi="69" ten="20,2700,0" yaku="0,1,7,1,54,1" doraHai="119" who="1" fromWho="1" sc="72,-7,409,27,313,-7,206,-13" owari="65,-43.5,436,53.6,306,10.6,193,-20.7" /></mjloggm>