<mjloggm ver="2.3"><GO type="225" lobby="0"/><UN n0="%47%48%4F%53%54" n1="%45%6C%79%73%69%75%6D" n2="%E5%87%BA%E6%B0%B4" n3="%70%68%65%6E%6F%6D%65" dan="17,17,16,16" rate="2286.10,2132.06,2109.61,2122.45" sx="M,F,F,M"/><TAIKYOKU oya="0"/><INIT seed="0,0,0,1,4,32" ten="250,250,250,250" oya="0" hai0="67,79,68,132,100,49,111,116,12,48,75,92,70" hai1="7,39,15,114,134,40,35,93,86,76,36,90,13" hai2="56,64,127,72,46,130,45,103,19,107,38,113,55" hai3="43,44,91,47,62,28,69,11,104,126,26,82,3"/><T81/><D116/><U66/><E35/><V10/><F113/><W106/><G126/><T60/><D132/><U5/><E134/><V24/><F72/><W128/><G128/><T118/><D118/><U57/><E114/><V23/><F130/><W2/><G69/><T124/><D124/><U87/><E57/><V109/><F109/><W120/><G120/><T95/><D111/><U52/><E66/><V41/><F127/><W71/><G91/><T61/><D12/><U78/><E90/><V34/><F64/><N who="3" m="41367" /><G47/><T42/><D70/><U73/><E93/><V33/><F46/><W96/><G82/><T99/><D61/><U27/><E27/><V102/><F10/><W129/><G11/><T50/><REACH who="0" step="1"/><D95/><REACH who="0" ten="240,250,250,250" step="2"/><U98/><E13/><V25/><F107/><W131/><G106/><T85/><D85/><U121/><E15/><V65/><F25/><W14/><G14/><T94/><D94/><U59/><E86/><V54/><F24/><W30/><G104/><T16/><D16/><U123/><E87/><V89/><F19/><W115/><G115/><T18/><D18/><U51/><E73/><V117/><F117/><W53/><G26/><T21/><D21/><U97/><E97/><V77/><F23/><W20/><G96/><T1/><D1/><N who="3" m="9" /><G20/><T110/><D110/><U37/><E98/><V9/><F33/><W6/><G6/><T4/><D4/><U31/><E5/><V80/><F34/><W83/><G129/><T63/><D63/><N who="1" m="36327" /><E7/><V119/><F119/><W88/><G131/><T133/><D133/><U122/><E31/><V125/><F125/><RYUUKYOKU ba="0,1" sc="240,15,250,15,250,-15,250,-15" hai0="42,48,49,50,60,67,68,75,79,81,92,99,100" hai1="36,37,39,40,51,76,78,121,122,123" /><INIT seed="0,1,1,2,3,106" ten="255,265,235,235" oya="0" hai0="56,57,119,58,97,76,4,80,75,24,59,9,86" hai1="126,44,18,115,45,41,62,29,14,31,96,99,132" hai2="131,12,39,2,43,20,16,90,25,88,89,117,101" hai3="109,127,63,128,19,69,28,35,71,87,85,72,15"/><T36/><D119/><U37/><E132/><V122/><F122/><W49/><G109/><T113/><D113/><U130/><E115/><V91/><F131/><W10/><G128/><T83/><N who="0" m="14336" /><DORA hai="66" /><T92/><D36/><U17/><E62/><V123/><F123/><W11/><G72/><T84/><D24/><U98/><E130/><V21/><F2/><W121/><G121/><T22/><D22/><U81/><E126/><V105/><F117/><W60/><G127/><T47/><D47/><U52/><E81/><V70/><F70/><W110/><G49/><T67/><D67/><U55/><E17/><V74/><F74/><W104/><G104/><T129/><D83/><U34/><E34/><V100/><N who="2" m="22528" /><DORA hai="0" /><V46/><REACH who="2" step="1"/><F105/><REACH who="2" ten="255,265,225,235" step="2"/><W107/><G107/><T79/><D129/><U94/><E94/><V65/><F65/><W112/><G112/><T116/><D116/><U82/><E82/><V114/><F114/><W42/><G69/><T108/><D108/><U7/><E98/><V48/><F48/><W78/><G71/><T93/><D79/><U133/><E96/><V77/><F77/><W64/><G78/><T134/><D134/><U111/><E99/><V23/><F23/><W13/><G64/><T73/><D73/><U54/><E133/><V103/><F103/><W3/><G3/><N who="0" m="159" /><D97/><U125/><E125/><V5/><F5/><N who="3" m="3279" /><G110/><T27/><D27/><U61/><E111/><V6/><F6/><W68/><G68/><T118/><D118/><U135/><E7/><V26/><F26/><W124/><G124/><T95/><D75/><U40/><E135/><RYUUKYOKU ba="1,2" sc="255,15,265,-15,225,15,235,-15" hai0="76,80,84,86,92,93,95" hai2="12,16,20,21,25,39,43,46,100,101" /><INIT seed="0,2,2,2,4,101" ten="270,250,240,220" oya="0" hai0="72,114,88,96,4,118,81,23,51,121,21,9,25" hai1="84,50,16,22,35,93,126,45,59,41,102,57,15" hai2="6,75,105,10,31,70,111,77,55,49,61,47,116" hai3="120,65,92,39,100,133,44,66,18,29,130,53,3"/><T125/><D114/><U26/><E126/><V38/><F111/><W8/><G130/><T56/><D118/><U60/><E60/><V115/><F115/><W52/><G133/><T94/><D121/><U74/><E74/><V82/><F116/><W97/><G120/><T104/><D125/><U103/><E103/><V42/><F31/><W14/><G3/><T7/><D104/><U80/><E35/><V124/><F124/><W63/><G29/><N who="0" m="17583" /><D72/><U54/><E26/><V1/><F105/><W122/><G122/><T95/><D81/><U27/><E27/><V19/><F19/><W113/><G113/><T134/><D134/><U79/><E41/><V76/><F76/><W36/><G66/><T129/><D129/><U43/><E43/><V87/><F87/><W71/><REACH who="3" step="1"/><G44/><REACH who="3" ten="270,250,240,210" step="2"/><T28/><D28/><U37/><E45/><V20/><F70/><W85/><G85/><N who="0" m="52495" /><D9/><U62/><E84/><V13/><F1/><W132/><G132/><T131/><D131/><U119/><E119/><V24/><F75/><W33/><G33/><T108/><D108/><U64/><E64/><V123/><F123/><W90/><G90/><N who="0" m="55415" /><D23/><U73/><E22/><V68/><F68/><W86/><G86/><T69/><D69/><U106/><E73/><V12/><F20/><W2/><G2/><T117/><D117/><U46/><E80/><V40/><F77/><W32/><G32/><T0/><D0/><U107/><E79/><V89/><F89/><W83/><G83/><T17/><D17/><U91/><E16/><V110/><F110/><W30/><G30/><T99/><D99/><RYUUKYOKU ba="2,3" sc="270,15,250,-15,240,-15,210,15" hai0="4,7,51,56" hai3="8,14,18,36,39,52,53,63,65,71,92,97,100" /><INIT seed="0,3,3,3,2,114" ten="285,235,225,225" oya="0" hai0="95,67,131,34,23,33,66,4,63,113,54,13,116" hai1="80,59,28,24,21,120,85,5,42,43,123,31,102" hai2="40,1,79,16,100,82,9,119,62,61,110,122,99" hai3="17,6,51,36,45,49,56,19,81,2,98,38,69"/><T25/><D113/><U126/><E126/><V57/><F122/><W117/><G69/><T87/><D116/><U52/><E31/><V72/><F110/><W22/><G117/><T105/><D105/><U70/><E70/><V103/><F119/><W65/><G2/><T91/><D131/><U130/><E130/><V39/><F16/><W18/><G6/><T128/><D128/><U86/><E5/><N who="2" m="1199" /><F57/><W0/><G0/><T11/><D54/><U83/><E102/><N who="2" m="38955" /><F99/><W77/><G98/><T76/><D76/><N who="1" m="46215" /><E123/><V47/><AGARI ba="3,3" hai="39,40,47,61,62,72,79,82" m="38955,1199" machi="47" ten="30,1100,0" yaku="25,1" doraHai="114" who="2" fromWho="2" sc="285,-8,235,-6,225,50,225,-6" /><INIT seed="1,0,0,5,5,86" ten="277,229,275,219" oya="1" hai0="65,124,113,134,56,117,34,44,114,60,19,74,71" hai1="100,93,28,42,72,105,30,21,80,131,8,45,116" hai2="17,37,26,15,51,58,68,112,83,22,0,97,135" hai3="89,118,77,101,52,13,3,129,91,67,123,111,128"/><U81/><E116/><V50/><F135/><W76/><G3/><T94/><D74/><U14/><E131/><N who="3" m="50250" /><G123/><T85/><D34/><U69/><E69/><V47/><F68/><W23/><G118/><T115/><D117/><U126/><E105/><V48/><F0/><W95/><G67/><T64/><D134/><U55/><E126/><V11/><F37/><W20/><G111/><T16/><D124/><U40/><E72/><V121/><F121/><W70/><G70/><T82/><D94/><U10/><E55/><V106/><F58/><W12/><G101/><T9/><D9/><U2/><E2/><V62/><F62/><W96/><G52/><T90/><REACH who="0" step="1"/><D44/><REACH who="0" ten="267,229,275,219" step="2"/><U33/><E33/><V88/><F47/><W109/><G109/><T61/><AGARI ba="0,1" hai="16,19,56,60,61,64,65,71,82,85,90,113,114,115" machi="61" ten="40,8000,1" yaku="1,1,2,1,0,1,52,1,54,1,53,0" doraHai="86" doraHaiUra="46" who="0" fromWho="0" sc="267,90,229,-40,275,-20,219,-20" /><INIT seed="2,0,0,1,5,18" ten="357,189,255,199" oya="2" hai0="50,100,62,3,103,107,45,58,73,49,116,36,72" hai1="99,44,130,35,112,124,48,54,84,57,31,132,109" hai2="71,12,65,51,8,122,87,69,28,77,38,114,98" hai3="6,94,40,97,118,91,95,74,26,86,126,115,110"/><V92/><F114/><W85/><G6/><T52/><D116/><U125/><E112/><V88/><F38/><W64/><G115/><T120/><D3/><U133/><E109/><V101/><F65/><W106/><G40/><T15/><D120/><U2/><E2/><V42/><F28/><W32/><G118/><T66/><D15/><U4/><E4/><V55/><F42/><W7/><G7/><T117/><D117/><U17/><E99/><V16/><F77/><W60/><G74/><T13/><D13/><U43/><E84/><V1/><F1/><W128/><G128/><T59/><D36/><U104/><E104/><V46/><F122/><W129/><G129/><T89/><D89/><U105/><E105/><AGARI ba="0,0" hai="8,12,16,46,51,55,69,71,87,88,92,98,101,105" machi="105" ten="30,5800,0" yaku="7,1,54,2" doraHai="18" who="2" fromWho="1" sc="357,0,189,-58,255,58,199,0" /><INIT seed="2,1,0,5,3,22" ten="357,131,313,199" oya="2" hai0="73,8,25,99,131,50,110,81,128,75,134,37,11" hai1="83,48,5,10,102,98,29,72,109,96,1,122,106" hai2="104,74,125,24,45,71,40,92,80,61,49,17,82" hai3="42,26,34,76,21,88,44,28,120,19,65,46,12"/><V103/><F104/><W118/><G118/><T89/><D37/><U121/><E109/><V33/><F125/><W87/><G120/><T94/><D110/><U85/><E72/><V91/><F74/><W113/><G113/><T63/><D134/><U86/><E96/><V133/><F133/><W90/><G65/><T68/><D75/><U16/><E29/><V4/><F4/><W127/><G127/><T31/><D50/><U77/><E85/><V35/><F35/><W112/><G112/><T18/><D18/><U52/><REACH who="1" step="1"/><E16/><REACH who="1" ten="357,121,313,199" step="2"/><V56/><F17/><W108/><G108/><T129/><D73/><U51/><E51/><V2/><F49/><W30/><G28/><T69/><D81/><U53/><E53/><V57/><F82/><W20/><G34/><N who="0" m="20847" /><D63/><U41/><E41/><V60/><F80/><N who="3" m="47495" /><G42/><T100/><D100/><U64/><E64/><V124/><F103/><W38/><G38/><T62/><D62/><U132/><E132/><V67/><F124/><W0/><G30/><T27/><D27/><U78/><E78/><V9/><F24/><W105/><G26/><T7/><D7/><U111/><E111/><V119/><F33/><W55/><G19/><T14/><D131/><U107/><E107/><V93/><F61/><W47/><G105/><T66/><D129/><U130/><E130/><V15/><F60/><W32/><G32/><T3/><D128/><U117/><E117/><V79/><F119/><W43/><G43/><T126/><D126/><U95/><E95/><N who="2" m="36427" /><F67/><W59/><G55/><T84/><D66/><U135/><E135/><V23/><F79/><RYUUKYOKU ba="1,1" sc="357,-10,121,30,313,-10,199,-10" hai1="1,5,10,48,52,77,83,86,98,102,106,121,122" /><INIT seed="3,2,1,4,5,64" ten="347,151,303,189" oya="3" hai0="84,83,25,20,37,75,114,24,58,67,88,123,65" hai1="124,71,81,89,105,23,113,49,5,4,102,11,55" hai2="38,116,52,95,127,101,35,74,107,17,0,34,61" hai3="97,87,78,14,103,129,18,9,122,57,82,94,28"/><W77/><G122/><T53/><D123/><U33/><E113/><V27/><F116/><W6/><G129/><T131/><D114/><U32/><E124/><V110/><F110/><W30/><G78/><T90/><D131/><U125/><E125/><V133/><F127/><W128/><G128/><T120/><D37/><U31/><E23/><V15/><F0/><W56/><G18/><N who="0" m="12311" /><D75/><U132/><E132/><V134/><F38/><W47/><G47/><T93/><D25/><U21/><E21/><V106/><F74/><W41/><G41/><T108/><D108/><U126/><E126/><V16/><F95/><W29/><AGARI ba="2,1" hai="6,9,14,28,29,30,56,57,77,82,87,94,97,103" machi="29" ten="30,3000,0" yaku="0,1,8,1" doraHai="64" who="3" fromWho="3" sc="347,-12,151,-12,303,-12,189,46" /><INIT seed="3,3,0,0,3,130" ten="335,139,291,235" oya="3" hai0="14,128,48,55,54,97,28,11,103,64,115,126,86" hai1="24,98,32,25,124,2,38,84,68,77,63,95,81" hai2="37,112,7,106,127,116,105,133,35,69,123,74,43" hai3="114,57,120,20,16,75,132,21,9,129,93,104,60"/><W102/><G114/><T30/><D115/><U78/><E38/><V13/><F43/><W94/><G120/><T80/><D128/><U113/><E113/><V15/><F15/><W73/><G129/><T89/><D126/><U5/><E124/><V134/><F13/><W76/><G104/><T135/><D64/><U8/><E77/><V121/><F7/><W91/><G9/><T99/><D135/><N who="2" m="51722" /><F112/><W42/><G42/><T85/><D85/><U39/><E39/><V87/><F127/><W23/><G102/><T22/><D55/><U66/><REACH who="1" step="1"/><E32/><REACH who="1" ten="335,129,291,235" step="2"/><V72/><F35/><W1/><G132/><T49/><D49/><U50/><E50/><V36/><F36/><W6/><G76/><T51/><D51/><U53/><E53/><V19/><F37/><W58/><G75/><T118/><D54/><U67/><E67/><V101/><F74/><W88/><G73/><T108/><D48/><U18/><E18/><V117/><F72/><W56/><G16/><T47/><D30/><U119/><E119/><V110/><F19/><W33/><G33/><T92/><D28/><U26/><E26/><V65/><F117/><W90/><G60/><T41/><D118/><U10/><E10/><V34/><F34/><W40/><G40/><T52/><D11/><U29/><E29/><V46/><F116/><W71/><G21/><T62/><D22/><U131/><E131/><V79/><F79/><W31/><G23/><T17/><D41/><U12/><E12/><V70/><F123/><W111/><G31/><T4/><D17/><U125/><E125/><V107/><F121/><RYUUKYOKU ba="3,1" sc="335,-10,129,30,291,-10,235,-10" hai1="2,5,8,24,25,63,66,68,78,81,84,95,98" owari="335,43.5,159,-34.1,281,8.1,225,-17.5" /></mjloggm>