<mjloggm ver="2.3"><GO type="225" lobby="0"/><UN n0="%E6%9C%AA%E6%9D%A5%E5%B0%91%E5%B9%B4" n1="%72%69%6F%75%63%68%61%6E" n2="%E3%81%8F%E3%82%8A%E3%83%94%E3%83%BC" n3="%E2%91%A3%E9%81%BF%E9%81%8A%E6%88%AF%E3%80%90%E6%9D%B1%E5%8D%97%E3%80%91" dan="16,17,16,16" rate="2120.32,2279.74,2095.73,2097.49" sx="M,M,M,M"/><TAIKYOKU oya="0"/><INIT seed="0,0,0,4,1,17" ten="250,250,250,250" oya="0" hai0="85,14,10,74,89,3,29,135,116,61,81,16,47" hai1="32,83,126,92,123,41,121,37,106,19,73,33,82" hai2="54,39,132,1,23,27,8,34,21,15,0,124,109" hai3="7,9,94,122,95,59,63,93,98,65,108,58,101"/><T111/><D116/><U120/><E106/><V18/><F39/><W113/><G122/><T67/><D135/><U133/><E133/><V56/><F132/><W119/><G119/><T20/><D111/><U127/><E92/><V79/><F109/><W104/><G108/><T91/><D74/><U78/><E82/><V45/><F45/><W43/><G113/><T77/><D47/><N who="1" m="23983" /><E19/><V31/><F79/><W11/><G43/><T110/><D110/><U69/><E69/><V75/><F75/><W90/><G59/><N who="0" m="37311" /><D3/><N who="2" m="1098" /><F54/><W107/><G107/><T62/><D62/><U72/><E73/><V52/><F52/><W125/><G125/><AGARI ba="0,0" hai="32,33,72,78,83,120,121,123,125,126,127" m="23983" machi="125" ten="40,2600,0" yaku="18,1,23,1" doraHai="17" who="1" fromWho="3" sc="250,0,250,26,250,0,250,-26" /><INIT seed="1,0,0,1,5,16" ten="250,276,250,224" oya="1" hai0="74,95,121,6,55,133,109,51,0,2,83,132,34" hai1="40,19,129,116,61,43,67,103,128,62,28,1,36" hai2="113,15,130,47,93,26,119,33,82,97,31,57,111" hai3="50,72,100,125,134,45,98,13,106,9,12,126,99"/><U92/><E116/><V88/><F111/><W124/><G72/><T3/><D109/><U46/><E1/><V135/><F119/><W4/><G134/><N who="0" m="51819" /><D34/><U66/><E28/><V32/><F135/><W123/><G123/><T101/><D121/><U49/><E19/><V17/><F130/><N who="1" m="50281" /><E103/><V85/><F113/><W80/><G99/><N who="0" m="59647" /><D83/><U42/><E92/><V56/><F47/><W39/><G39/><T54/><D74/><U87/><E87/><V78/><REACH who="2" step="1"/><F33/><REACH who="2" ten="250,276,240,224" step="2"/><W107/><G125/><T63/><D2/><U7/><E7/><V102/><F102/><W68/><G126/><T91/><D3/><U104/><E104/><V105/><F105/><W30/><G107/><T23/><D6/><U76/><E76/><V41/><F41/><N who="1" m="15977" /><E36/><V108/><F108/><W11/><G124/><T27/><D0/><U60/><AGARI ba="0,1" hai="43,46,49,60,61,62,66,67" m="15977,50281" machi="60" ten="40,7800,0" yaku="19,1,34,2" doraHai="16" who="1" fromWho="1" sc="250,-26,276,88,240,-26,224,-26" /><INIT seed="1,1,0,3,5,66" ten="224,364,214,198" oya="1" hai0="32,125,73,108,105,35,26,43,76,36,116,100,54" hai1="97,41,1,107,38,79,121,18,87,99,91,21,129" hai2="69,60,7,12,103,46,96,37,122,62,48,92,17" hai3="19,95,4,94,50,82,78,33,8,25,70,128,75"/><U111/><E121/><V120/><F37/><W6/><G128/><T16/><D116/><U58/><E129/><V3/><F7/><W31/><G6/><T74/><D108/><U13/><E1/><V132/><F132/><W133/><G133/><T81/><D125/><U51/><E111/><V123/><F3/><W45/><G19/><T130/><D130/><U28/><E107/><V20/><REACH who="2" step="1"/><F69/><REACH who="2" ten="224,364,204,198" step="2"/><W118/><G70/><T104/><D36/><U52/><E38/><V101/><F101/><W106/><G118/><T39/><D100/><U127/><E127/><V68/><F68/><W64/><G106/><T131/><D104/><U42/><E79/><V30/><F30/><W110/><G110/><T134/><D105/><U27/><E99/><V10/><F10/><W112/><G112/><T22/><D134/><U109/><E97/><V84/><F84/><W117/><G117/><T29/><D131/><U80/><REACH who="1" step="1"/><E109/><REACH who="1" ten="224,354,204,198" step="2"/><V83/><F83/><W113/><G113/><T11/><D81/><U44/><E44/><V88/><F88/><W57/><G45/><T126/><D76/><U63/><E63/><V53/><AGARI ba="1,2" hai="12,17,20,46,48,53,60,62,92,96,103,120,122,123" machi="53" ten="30,2000,0" yaku="1,1,0,1,53,0" doraHai="66" doraHaiUra="34" who="2" fromWho="2" sc="224,-6,354,-11,204,43,198,-6" /><INIT seed="2,0,0,1,0,81" ten="218,343,247,192" oya="2" hai0="20,33,12,75,4,119,23,96,25,87,82,104,117" hai1="21,19,84,3,102,48,95,5,89,106,34,76,93" hai2="107,129,132,45,56,126,11,51,22,63,69,109,70" hai3="37,59,40,8,90,118,116,94,24,43,68,105,128"/><V2/><F107/><W49/><G105/><T10/><D75/><U47/><E34/><V6/><F126/><W31/><G68/><T14/><D33/><U53/><E106/><V38/><F132/><W67/><G128/><T41/><D41/><U112/><E112/><V79/><F129/><W114/><G114/><T60/><D60/><U32/><E32/><V35/><F38/><W46/><G8/><T100/><D14/><U99/><E76/><V97/><F35/><W16/><G31/><T57/><D57/><U54/><E3/><V66/><F109/><W83/><G83/><T77/><REACH who="0" step="1"/><D25/><REACH who="0" ten="208,343,247,192" step="2"/><N who="1" m="14527" /><E5/><V65/><F6/><W62/><G43/><AGARI ba="0,1" hai="43,47,48,53,54,84,89,93,95,99,102" m="14527" machi="43" ten="30,2000,0" yaku="8,1,52,1" doraHai="81" who="1" fromWho="3" sc="208,0,343,30,247,0,192,-20" /><INIT seed="3,0,0,1,3,125" ten="208,373,247,172" oya="3" hai0="28,11,0,42,72,46,108,25,18,117,34,37,43" hai1="20,3,29,41,38,110,17,12,130,76,94,39,92" hai2="64,134,26,27,52,57,127,132,51,107,48,118,67" hai3="96,109,102,10,24,115,31,122,32,36,124,82,1"/><W6/><G122/><T13/><D117/><U16/><E130/><V77/><F118/><W22/><G115/><T47/><D108/><U93/><E110/><V45/><F77/><W2/><G109/><T61/><D72/><U75/><E3/><V59/><F107/><W98/><G124/><T58/><D0/><U70/><E70/><V104/><F104/><W133/><G133/><N who="2" m="51305" /><F127/><W114/><G114/><T91/><D91/><U4/><E41/><N who="2" m="24623" /><F59/><W68/><G2/><T112/><D112/><U50/><E29/><V8/><F8/><W84/><G68/><T123/><D123/><U111/><E111/><V89/><F89/><W116/><G116/><T9/><D9/><U60/><E50/><V69/><F69/><W103/><G36/><T113/><D113/><U21/><E4/><V63/><F63/><W135/><G135/><T19/><D19/><U129/><E129/><V33/><F33/><W86/><G32/><T101/><D101/><U66/><E66/><AGARI ba="0,0" hai="26,27,51,52,57,64,66,67" m="24623,51305" machi="66" ten="30,2000,0" yaku="20,1,54,1" doraHai="125" who="2" fromWho="1" sc="208,0,373,-20,247,20,172,0" owari="208,-19.2,353,45.3,267,6.7,172,-32.8" /></mjloggm>