<mjloggm ver="2.3"><GO type="225" lobby="0"/><UN n0="%E9%89%A2%E5%B7%BB%E3%82%AC%E3%83%96" n1="%E6%80%AA%E3%81%97%E3%81%99%E3%81%8E%E3%82%8B%E3%83%81%E3%83%BC" n2="%72%69%6F%75%63%68%61%6E" n3="%E7%AD%89%E3%80%85%E5%8A%9B%E5%8A%87%E5%A0%B4" dan="16,16,17,16" rate="2083.60,2135.19,2195.75,2129.55" sx="M,M,M,M"/><TAIKYOKU oya="0"/><INIT seed="0,0,0,3,0,132" ten="250,250,250,250" oya="0" hai0="58,80,117,106,49,85,52,87,32,100,69,46,90" hai1="91,55,89,76,10,118,54,62,50,99,78,13,111" hai2="12,19,48,86,84,45,124,56,109,27,96,130,64" hai3="93,18,9,94,92,66,34,40,39,63,108,77,105"/><T70/><D117/><U71/><E118/><V2/><F124/><W38/><G105/><T120/><D120/><U29/><E111/><V122/><F109/><W44/><G34/><T59/><D32/><U126/><E126/><V88/><F130/><W82/><G108/><T97/><D58/><N who="1" m="35159" /><E71/><V4/><F122/><W133/><G133/><T67/><D67/><U3/><E3/><V11/><F27/><W17/><G38/><T30/><D30/><U81/><E29/><V8/><F96/><W114/><G9/><T121/><D121/><U104/><E104/><V83/><F86/><W42/><G42/><T101/><D101/><U74/><E74/><V127/><F127/><W26/><G26/><T1/><D1/><U131/><E131/><V35/><F35/><W73/><REACH who="3" step="1"/><G114/><REACH who="3" ten="250,250,250,240" step="2"/><T65/><D65/><U43/><E43/><V102/><F64/><W31/><G31/><T103/><D103/><U112/><E112/><V68/><F102/><W28/><G28/><T72/><D100/><U110/><E110/><V41/><REACH who="2" step="1"/><F56/><AGARI ba="0,1" hai="17,18,39,40,44,56,63,66,73,77,82,92,93,94" machi="56" ten="40,1300,0" yaku="1,1,53,0" doraHai="132" doraHaiUra="128" who="3" fromWho="2" sc="250,0,250,0,250,-13,240,23" /><INIT seed="1,0,0,2,1,113" ten="250,250,237,263" oya="1" hai0="56,58,86,88,90,21,51,106,14,128,126,23,31" hai1="22,75,40,54,65,130,107,120,38,16,43,111,67" hai2="108,34,1,45,37,7,81,115,123,109,62,71,5" hai3="15,19,25,8,78,127,52,83,66,101,99,24,6"/><U89/><E120/><V118/><F118/><W102/><G127/><T10/><D126/><U84/><E75/><V46/><F123/><W122/><G66/><N who="1" m="25098" /><E107/><V12/><F115/><W55/><G122/><T70/><D128/><U91/><E38/><V114/><F114/><W112/><G112/><T2/><D2/><U125/><E125/><V26/><F71/><W17/><G17/><T134/><D134/><U82/><E130/><V68/><F68/><W73/><G102/><T135/><D135/><U96/><E111/><N who="2" m="42571" /><F62/><W104/><REACH who="3" step="1"/><G19/><REACH who="3" ten="250,250,237,253" step="2"/><T49/><D70/><U103/><E103/><V42/><F1/><W95/><G95/><T27/><D106/><U30/><E30/><N who="2" m="19799" /><F12/><W64/><G64/><T53/><D31/><U41/><E54/><AGARI ba="0,1" hai="6,8,15,24,25,52,54,55,73,78,83,99,101,104" machi="54" ten="40,2600,0" yaku="1,1,54,1,53,0" doraHai="113" doraHaiUra="129" who="3" fromWho="1" sc="250,0,250,-26,237,0,253,36" /><INIT seed="2,0,0,5,1,6" ten="250,224,237,289" oya="2" hai0="13,9,98,106,81,87,72,11,52,25,99,97,83" hai1="16,91,43,84,62,76,78,128,4,33,130,103,96" hai2="67,74,29,115,119,51,42,28,66,79,120,85,112" hai3="71,108,20,127,7,75,123,40,95,113,114,14,59"/><V92/><F119/><W122/><G71/><T36/><D36/><U80/><E33/><V32/><F120/><W21/><G75/><T41/><D41/><U134/><E43/><V125/><F125/><W131/><G40/><T109/><D106/><N who="1" m="63847" /><E62/><V68/><F74/><W46/><G46/><T3/><D109/><U132/><E16/><V94/><F32/><W45/><G45/><T18/><D72/><U12/><E12/><V124/><F124/><W86/><G127/><T135/><D135/><N who="1" m="51755" /><E4/><V73/><F73/><W60/><G21/><N who="0" m="11471" /><D3/><U5/><E5/><V57/><F68/><W111/><G20/><T61/><D25/><U129/><AGARI ba="0,0" hai="76,78,80,84,91,128,129,130" m="51755,63847" machi="129" ten="40,8000,1" yaku="19,1,20,1,34,2" doraHai="6" who="1" fromWho="1" sc="250,-20,224,80,237,-40,289,-20" /><INIT seed="3,0,0,3,4,32" ten="230,304,197,269" oya="3" hai0="20,107,125,98,24,74,58,94,79,3,115,135,23" hai1="110,84,126,48,108,47,113,42,5,62,53,91,33" hai2="81,40,80,93,97,36,14,120,49,12,19,8,106" hai3="4,132,30,64,67,114,57,38,78,28,66,15,6"/><W109/><G38/><T1/><D107/><U105/><E113/><V61/><F36/><W117/><G117/><T104/><D104/><U7/><E126/><V77/><F120/><W129/><G114/><T133/><D115/><U88/><E105/><V116/><F116/><W76/><G15/><T87/><D74/><U70/><E33/><V95/><F106/><W83/><G57/><T111/><D58/><N who="1" m="35151" /><E70/><V43/><F61/><W101/><G83/><N who="0" m="47615" /><D111/><N who="1" m="42539" /><E88/><N who="2" m="55463" /><F95/><AGARI ba="0,0" hai="5,7,42,47,48,84,91,95" m="42539,35151" machi="95" ten="30,1000,0" yaku="14,1" doraHai="32" who="1" fromWho="2" sc="230,0,304,10,197,-10,269,0" owari="230,-17.0,314,41.4,187,-31.3,269,6.9" /></mjloggm>