<mjloggm ver="2.3"><GO type="225" lobby="0"/><UN n0="%E4%B8%89%E5%86%A0%E7%8E%8B%E3%83%BB%E5%B1%B1%E7%94%B0%E5%93%B2%E4%BA%BA" n1="%E3%81%A1%E3%82%85%E3%81%86%E3%81%A9%E3%81%8F%E8%B1%A1%E3%81%95%E3%82%93" n2="%6D%75%75%6D%75%72%61" n3="%E3%81%95%E3%81%8D%E3%81%9F%E3%81%BE%E6%9E%97%E6%AA%8E" dan="16,16,16,16" rate="2190.05,2142.97,2139.67,2103.30" sx="M,M,F,M"/><TAIKYOKU oya="0"/><INIT seed="0,0,0,3,3,135" ten="250,250,250,250" oya="0" hai0="37,72,6,19,132,58,46,61,116,18,92,79,24" hai1="25,57,68,27,52,131,85,59,88,77,73,8,34" hai2="121,20,111,124,49,44,65,120,2,133,13,26,130" hai3="21,100,105,91,15,118,16,95,108,96,47,22,69"/><T23/><D116/><U86/><E68/><V98/><F2/><W97/><G108/><T45/><D132/><U4/><E73/><V104/><F133/><W81/><G118/><T54/><D6/><U75/><E75/><V60/><F111/><W84/><G69/><T83/><D37/><U43/><E43/><V9/><F130/><W101/><REACH who="3" step="1"/><G47/><REACH who="3" ten="250,250,250,240" step="2"/><T33/><D33/><U36/><E131/><V17/><F44/><W126/><G126/><T127/><D127/><U56/><E34/><V12/><F124/><W1/><G1/><T3/><D3/><U129/><E129/><V93/><F120/><W64/><G64/><T106/><D106/><U53/><E36/><V87/><F65/><W114/><G114/><T40/><D40/><U134/><E134/><V35/><F104/><W90/><G90/><T67/><D67/><U51/><E59/><V38/><F121/><W32/><G32/><T14/><REACH who="0" step="1"/><D92/><REACH who="0" ten="240,250,250,240" step="2"/><U89/><E53/><V123/><F93/><W107/><G107/><T119/><D119/><U117/><E117/><V50/><F35/><W39/><G39/><T109/><D109/><U71/><E52/><V74/><F38/><W103/><G103/><T76/><D76/><U122/><E77/><V7/><F123/><W82/><G82/><T125/><D125/><U48/><E122/><V113/><F113/><W29/><G29/><T55/><D55/><U99/><E71/><V94/><F94/><W41/><G41/><T128/><D128/><U80/><E80/><V102/><F102/><W62/><G62/><T115/><D115/><U66/><E66/><RYUUKYOKU ba="0,2" sc="240,15,250,-15,250,-15,240,15" hai0="14,18,19,23,24,45,46,54,58,61,72,79,83" hai3="15,16,21,22,81,84,91,95,96,97,100,101,105" /><INIT seed="0,1,2,5,2,17" ten="255,235,235,255" oya="0" hai0="62,30,92,6,13,76,8,111,105,68,131,130,64" hai1="47,43,89,121,102,73,119,40,91,27,86,48,24" hai2="60,104,101,38,134,46,33,9,5,98,20,1,65" hai3="69,34,58,132,77,85,99,12,96,123,117,7,83"/><T87/><D105/><U80/><E121/><V114/><F114/><W52/><G117/><T39/><D39/><U0/><E73/><V100/><F134/><W116/><G132/><T72/><D111/><U67/><E0/><V113/><F113/><W50/><G116/><T22/><D72/><U84/><E119/><V37/><F100/><W106/><G69/><T133/><D133/><U112/><E112/><V11/><F11/><N who="3" m="4223" /><G34/><T49/><D49/><U108/><E108/><V88/><F33/><W120/><G106/><T53/><D53/><N who="1" m="29855" /><E67/><V18/><F88/><W125/><G125/><T78/><D92/><N who="1" m="54311" /><E102/><V29/><F46/><W23/><G23/><T97/><D97/><U26/><AGARI ba="1,2" hai="24,26,27,40,43,80,86,91" m="54311,29855" machi="26" ten="30,1100,0" yaku="8,1" doraHai="17" who="1" fromWho="1" sc="255,-6,235,34,235,-4,255,-4" /><INIT seed="1,0,0,0,0,102" ten="249,269,231,251" oya="1" hai0="121,11,26,122,111,127,53,63,92,58,42,66,79" hai1="36,85,64,117,135,24,115,13,4,89,87,27,14" hai2="37,91,61,62,134,125,41,81,8,105,22,38,59" hai3="52,33,133,69,34,68,3,12,132,2,5,60,75"/><U129/><E115/><V80/><F134/><N who="3" m="51819" /><G75/><T10/><D111/><U98/><E117/><V73/><F125/><W6/><G12/><T46/><D127/><U74/><E74/><V84/><F105/><W19/><G19/><T67/><D79/><U40/><E135/><V47/><F37/><W100/><G100/><T16/><D92/><U99/><E64/><N who="0" m="24617" /><D26/><U20/><E36/><V71/><F71/><N who="3" m="27211" /><G52/><N who="0" m="34247" /><D16/><U128/><E40/><V130/><F59/><W54/><G54/><T123/><D53/><U86/><E89/><V44/><F61/><W106/><G106/><T113/><D113/><U119/><E86/><V72/><F62/><W110/><G110/><T108/><D108/><U95/><E20/><V82/><F73/><W21/><G21/><T116/><D116/><U118/><E95/><V109/><F109/><W31/><G60/><T49/><AGARI ba="0,0" hai="10,11,42,46,49,121,122,123" m="34247,24617" machi="49" ten="40,2700,0" yaku="13,1,54,1" doraHai="102" who="0" fromWho="0" sc="249,27,269,-13,231,-7,251,-7" /><INIT seed="2,0,0,2,3,127" ten="276,256,224,244" oya="2" hai0="69,17,32,14,63,130,119,87,48,88,26,67,46" hai1="98,86,37,0,112,131,122,102,75,38,45,78,39" hai2="111,107,6,92,90,44,4,95,105,79,23,109,101" hai3="13,128,9,82,64,18,24,100,42,58,1,3,73"/><V22/><F79/><W65/><G128/><T20/><D119/><U76/><E86/><V132/><F44/><W35/><G100/><T113/><D130/><U134/><E78/><V71/><F101/><W118/><G118/><T52/><D113/><U133/><E112/><V81/><F81/><W40/><G73/><T94/><REACH who="0" step="1"/><D32/><REACH who="0" ten="266,256,224,244" step="2"/><U91/><E131/><V19/><F132/><W96/><G35/><T108/><D108/><U30/><E133/><V97/><F109/><W114/><G114/><T43/><D43/><U106/><E134/><V57/><F111/><W120/><G42/><T15/><AGARI ba="0,1" hai="14,15,17,20,26,46,48,52,63,67,69,87,88,94" machi="15" ten="30,7900,0" yaku="1,1,0,1,54,2,53,0" doraHai="127" doraHaiUra="33" who="0" fromWho="0" sc="266,89,256,-20,224,-39,244,-20" /><INIT seed="3,0,0,5,1,46" ten="355,236,185,224" oya="3" hai0="102,119,81,135,117,59,67,106,12,122,6,48,24" hai1="72,82,70,100,99,8,66,124,62,103,45,26,98" hai2="120,56,63,50,55,29,116,110,73,30,9,134,125" hai3="74,83,129,127,89,33,17,37,105,13,44,49,107"/><W130/><G37/><T21/><D106/><U109/><E109/><V3/><F116/><W27/><G127/><T23/><D102/><U19/><E124/><V14/><F125/><W52/><G74/><T90/><D67/><U113/><E45/><V51/><F110/><W97/><G27/><T15/><D15/><U35/><E113/><V123/><F73/><W118/><G33/><T69/><D69/><U47/><E47/><V57/><F3/><W20/><G118/><T5/><D5/><U16/><E8/><V42/><F134/><W53/><G53/><T101/><D101/><U10/><E10/><V43/><F57/><W32/><G32/><T131/><D81/><U1/><E1/><V54/><F54/><W0/><G0/><T79/><D90/><U4/><E4/><N who="2" m="3367" /><F123/><W65/><G65/><T75/><D59/><U132/><E132/><V7/><F7/><W96/><G96/><T95/><D75/><U133/><E133/><V40/><F120/><W11/><G20/><T31/><D23/><U111/><E111/><V41/><N who="2" m="10240" /><DORA hai="34" /><V92/><F92/><W25/><G25/><T61/><D95/><N who="1" m="58463" /><E82/><V93/><F93/><N who="3" m="56495" /><G83/><T64/><D122/><U126/><E72/><V94/><F94/><W114/><G114/><T84/><D119/><U76/><E126/><V77/><F77/><W68/><G68/><T18/><D79/><U58/><E76/><V28/><AGARI ba="0,0" hai="28,29,30,50,51,55,56,63" m="10240,3367" machi="28" ten="50,6400,0" yaku="8,1,52,2" doraHai="46,34" who="2" fromWho="2" sc="355,-16,236,-16,185,64,224,-32" owari="339,43.9,220,-18.0,249,4.9,192,-30.8" /></mjloggm>