<mjloggm ver="2.3"><GO type="225" lobby="0"/><UN n0="%72%69%6F%75%63%68%61%6E" n1="%E5%8F%AF%E5%85%90%E9%82%A3%E7%94%B1%E5%A4%9A" n2="%E8%81%B7%E6%A5%AD%E3%80%81%E9%A2%A8%32" n3="%E9%B3%B3%E6%9D%B1%E3%81%AE%E3%81%86%E3%81%95%E3%81%8E%E3%81%95%E3%82%93" dan="16,16,16,17" rate="2114.53,2159.24,2155.62,2250.25" sx="M,F,M,M"/><TAIKYOKU oya="0"/><INIT seed="0,0,0,0,0,117" ten="250,250,250,250" oya="0" hai0="27,44,60,17,89,55,35,15,65,121,50,87,76" hai1="1,40,116,85,97,106,77,134,33,102,64,18,74" hai2="79,69,9,68,49,103,131,88,34,98,80,24,28" hai3="114,30,16,82,126,38,129,29,19,118,84,70,109"/><T71/><D76/><U63/><E1/><V20/><F131/><W111/><G114/><T135/><D135/><U62/><E116/><V31/><F9/><W56/><G118/><T10/><D35/><U123/><E134/><V125/><F125/><W57/><G70/><T66/><D65/><U86/><E33/><V8/><F8/><W13/><G38/><T112/><D27/><U39/><E123/><V108/><F108/><N who="3" m="41547" /><G129/><T75/><D75/><U37/><E62/><V54/><F34/><W104/><G104/><T53/><D112/><U107/><E107/><V127/><F127/><W42/><G42/><T94/><REACH who="0" step="1"/><D53/><REACH who="0" ten="240,250,250,250" step="2"/><U122/><E74/><V25/><F25/><W90/><G126/><T95/><D95/><U48/><E77/><V93/><F31/><N who="3" m="11787" /><G19/><T3/><D3/><U12/><E18/><V7/><F7/><W73/><G73/><T78/><D78/><U52/><E106/><V72/><REACH who="2" step="1"/><F103/><REACH who="2" ten="240,250,240,250" step="2"/><W43/><G43/><T26/><D26/><U58/><E102/><V67/><F67/><W4/><G4/><T100/><D100/><U120/><E64/><V113/><F113/><W105/><G105/><T47/><D47/><AGARI ba="0,2" hai="20,24,28,47,49,54,68,69,72,79,80,88,93,98" machi="47" ten="30,7700,0" yaku="1,1,7,1,54,1,53,1" doraHai="117" doraHaiUra="22" who="2" fromWho="0" sc="240,-77,250,0,240,97,250,0" /><INIT seed="1,0,0,1,5,18" ten="163,250,337,250" oya="1" hai0="48,60,119,113,33,100,114,101,26,118,95,131,61" hai1="122,133,55,69,91,41,37,125,110,76,21,10,39" hai2="83,129,9,0,112,25,135,116,19,57,4,84,86" hai3="80,16,22,109,126,124,50,128,121,52,34,38,45"/><U132/><E122/><V53/><F116/><N who="0" m="44586" /><D26/><U27/><E69/><V67/><F129/><W107/><G121/><T49/><D95/><U54/><E125/><N who="3" m="48234" /><G109/><T117/><N who="0" m="44594" /><T127/><DORA hai="31" /><D127/><U88/><E76/><V82/><F135/><N who="1" m="51785" /><E110/><V58/><F112/><N who="0" m="43114" /><D131/><U103/><E103/><N who="0" m="39497" /><D33/><U66/><E66/><V71/><F25/><N who="3" m="14535" /><G128/><T44/><D44/><N who="1" m="23599" /><E39/><V15/><F82/><W13/><G38/><T93/><D93/><U29/><E10/><V98/><F83/><W59/><G34/><T75/><D75/><U87/><E91/><V5/><F9/><W46/><G80/><AGARI ba="0,0" hai="21,27,29,54,55,80,87,88" m="23599,51785" machi="80" ten="30,5800,0" yaku="20,1,52,1,54,1" doraHai="18,31" who="1" fromWho="3" sc="163,0,250,58,337,0,250,-58" /><INIT seed="1,1,0,5,0,56" ten="163,308,337,192" oya="1" hai0="49,98,74,109,40,84,4,134,113,132,42,112,95" hai1="69,117,47,129,62,108,55,27,127,67,51,35,68" hai2="83,21,131,111,0,38,119,63,72,44,79,90,58" hai3="46,31,130,9,105,128,14,29,54,123,36,103,53"/><U30/><E117/><V76/><F111/><W22/><G123/><T124/><D74/><U64/><E108/><V2/><F119/><W99/><G53/><T32/><D109/><U101/><E129/><N who="3" m="49770" /><G22/><T97/><D32/><U110/><E110/><V5/><F131/><W104/><G104/><T43/><D124/><U107/><E127/><V61/><F79/><W28/><G54/><T19/><D4/><U114/><E114/><N who="0" m="44137" /><D49/><U12/><E12/><V85/><F21/><W102/><G102/><T122/><D19/><U82/><E82/><V1/><F5/><N who="3" m="3375" /><G29/><T87/><D95/><U10/><E10/><V121/><F121/><W34/><G34/><T86/><D122/><U92/><E92/><V94/><REACH who="2" step="1"/><F58/><REACH who="2" ten="163,308,327,192" step="2"/><W93/><G105/><T6/><D6/><U126/><E126/><V15/><F15/><W48/><G28/><T77/><D77/><U16/><E107/><V57/><F57/><W45/><G31/><T106/><D106/><U71/><E30/><V41/><AGARI ba="1,1" hai="0,1,2,38,41,44,61,63,72,76,83,85,90,94" machi="41" ten="40,8000,1" yaku="1,1,0,1,52,2,53,0" doraHai="56" doraHaiUra="115" who="2" fromWho="2" sc="163,-21,308,-41,327,93,192,-21" /><INIT seed="2,0,0,3,1,111" ten="142,267,420,171" oya="2" hai0="100,27,73,122,81,83,63,42,14,24,133,72,107" hai1="126,31,115,104,5,64,69,9,98,61,52,56,25" hai2="45,68,108,29,12,62,53,103,34,22,65,93,82" hai3="48,121,33,58,116,6,74,105,41,3,8,114,36"/><V43/><F34/><W119/><G121/><T78/><D122/><U109/><E109/><V127/><F127/><W79/><G48/><T23/><D133/><U30/><E126/><V77/><F108/><W44/><G58/><T132/><D132/><U0/><E115/><V95/><F103/><W128/><G128/><T110/><D110/><U4/><E4/><V94/><F53/><W10/><G10/><T66/><D42/><U130/><E130/><V18/><F29/><W39/><G39/><T70/><D14/><U89/><E25/><V112/><F112/><W113/><G105/><T99/><REACH who="0" step="1"/><D23/><REACH who="0" ten="132,267,420,171" step="2"/><U55/><E0/><V2/><F2/><W28/><G119/><T120/><D120/><U88/><E9/><V117/><F117/><W54/><G116/><T37/><D37/><U90/><E5/><V20/><F43/><W129/><G129/><T7/><D7/><U124/><E124/><V19/><F22/><W47/><G33/><T49/><D49/><U38/><E38/><V17/><F20/><W134/><G134/><T21/><D21/><U67/><E61/><V15/><REACH who="2" step="1"/><F45/><REACH who="2" ten="132,267,410,171" step="2"/><W123/><G123/><T87/><D87/><AGARI ba="0,2" hai="12,15,17,18,19,62,65,68,77,82,87,93,94,95" machi="87" ten="40,3900,0" yaku="1,1,2,1,53,0" doraHai="111" doraHaiUra="1" who="2" fromWho="0" sc="132,-39,267,0,410,59,171,0" /><INIT seed="2,1,0,0,1,59" ten="93,267,469,171" oya="2" hai0="73,124,96,81,78,20,135,75,31,56,108,97,128" hai1="62,101,34,44,117,86,82,16,109,94,4,67,32" hai2="131,25,90,22,30,107,89,40,11,27,91,83,110" hai3="46,3,55,125,12,2,80,8,79,17,1,74,39"/><V106/><F131/><W14/><G125/><T49/><D124/><U6/><E117/><V116/><F116/><W13/><REACH who="3" step="1"/><G55/><REACH who="3" ten="93,267,469,161" step="2"/><N who="0" m="31855" /><D73/><U19/><E109/><V105/><F110/><W33/><G33/><T29/><D108/><U15/><E34/><V50/><F11/><W95/><G95/><T35/><D35/><U114/><E32/><V132/><F132/><W58/><G58/><T98/><D128/><U60/><E94/><V121/><F105/><W127/><G127/><T69/><D69/><U26/><E114/><V134/><F106/><W43/><AGARI ba="1,1" hai="1,2,3,8,12,13,14,17,39,43,46,74,79,80" machi="43" ten="40,2700,0" yaku="1,1,0,1,53,0" doraHai="59" doraHaiUra="92" who="3" fromWho="3" sc="93,-8,267,-8,469,-14,161,40" /><INIT seed="3,0,0,3,4,125" ten="85,259,455,201" oya="3" hai0="27,132,35,20,101,44,102,73,85,104,87,130,5" hai1="94,34,60,26,61,114,66,96,54,23,99,30,14" hai2="40,129,107,6,131,31,109,22,9,11,112,52,53" hai3="123,18,77,100,17,97,69,84,108,72,64,3,113"/><W13/><G113/><T36/><D35/><U46/><E114/><V1/><F109/><W110/><G123/><T48/><D36/><U89/><E34/><V38/><F107/><W83/><G3/><T106/><D73/><U126/><E126/><V71/><F71/><W116/><G116/><T37/><D37/><U7/><E99/><V119/><F119/><W42/><G42/><T127/><D127/><U56/><E46/><V24/><F112/><W4/><G72/><T105/><D5/><U88/><E89/><V19/><F11/><N who="3" m="4327" /><G64/><T55/><D132/><U32/><E32/><N who="2" m="20583" /><F40/><W21/><G69/><T103/><D85/><U98/><E98/><V0/><F0/><W70/><G21/><T79/><D87/><U29/><E29/><V92/><F38/><W67/><G67/><T15/><D79/><U82/><E82/><V2/><F2/><W25/><G25/><T68/><D68/><U8/><E66/><V91/><F131/><W51/><G51/><AGARI ba="0,0" hai="7,8,14,23,26,30,51,54,56,60,61,88,94,96" machi="51" ten="30,3900,0" yaku="7,1,8,1,54,1" doraHai="125" who="1" fromWho="3" sc="85,0,259,39,455,0,201,-39" owari="85,-41.5,298,9.8,455,55.5,162,-23.8" /></mjloggm>