<mjloggm ver="2.3"><GO type="225" lobby="0"/><UN n0="%6D%75%75%6D%75%72%61" n1="%E6%B8%A9%E2%98%85%E6%83%85%E2%98%85%E6%8E%AA%E2%98%85%E7%BD%AE" n2="%48%61%61%61%6C%61%6E%64" n3="%E3%83%B4%E3%82%A3%E3%83%AF%E3%82%B3%E3%82%B0%E3%83%8B" dan="17,16,18,16" rate="2166.92,2172.75,2217.88,2185.97" sx="F,M,M,M"/><TAIKYOKU oya="0"/><INIT seed="0,0,0,0,2,56" ten="250,250,250,250" oya="0" hai0="62,86,80,107,22,78,116,63,58,112,113,82,104" hai1="53,1,31,44,110,30,33,75,97,57,68,114,55" hai2="27,71,6,24,36,17,0,9,74,19,48,87,25" hai3="131,79,94,26,70,39,103,54,122,12,134,64,52"/><T49/><D116/><U8/><E110/><V120/><F74/><W51/><G79/><T66/><D49/><U35/><E114/><V76/><F36/><W72/><G72/><T117/><D117/><U92/><E68/><V95/><F120/><W60/><G39/><T102/><D82/><U125/><E125/><V132/><F132/><W84/><G134/><T88/><D78/><U3/><E75/><V50/><F71/><W109/><G109/><T37/><D37/><U7/><E3/><V69/><F69/><W126/><G131/><T5/><D5/><U96/><E44/><V108/><F108/><W28/><G122/><T130/><D130/><U42/><E42/><V100/><F100/><W23/><G126/><T32/><D32/><U135/><E135/><V85/><F85/><W77/><G51/><T106/><D102/><U40/><E40/><V93/><F50/><W101/><G12/><T61/><REACH who="0" step="1"/><D22/><REACH who="0" ten="240,250,250,250" step="2"/><U43/><E35/><V38/><F38/><W11/><G103/><T67/><D67/><U129/><E33/><V14/><F48/><W105/><G77/><T115/><AGARI ba="0,1" hai="58,61,62,63,66,80,86,88,104,106,107,112,113,115" machi="115" ten="40,18000,2" yaku="1,1,0,1,52,3,54,1,53,0" doraHai="56" doraHaiUra="124" who="0" fromWho="0" sc="240,190,250,-60,250,-60,250,-60" /><INIT seed="0,1,0,5,3,47" ten="430,190,190,190" oya="0" hai0="35,76,56,66,107,50,81,111,6,8,45,57,106" hai1="5,97,34,69,93,63,80,60,121,122,96,11,133" hai2="74,130,36,104,128,124,64,85,91,49,38,68,51" hai3="43,108,102,112,126,72,79,62,134,90,33,118,86"/><T89/><D35/><U53/><E133/><V9/><F74/><W100/><G33/><T129/><D129/><N who="2" m="49770" /><F104/><W87/><G43/><T13/><D111/><U29/><E80/><N who="2" m="49575" /><F124/><W23/><G23/><T109/><D109/><U12/><E97/><V78/><F78/><W27/><G27/><T46/><D89/><U115/><E115/><V116/><F116/><W25/><G25/><T120/><D45/><U98/><E98/><V18/><F64/><W14/><G62/><T39/><D39/><N who="2" m="14890" /><F68/><W55/><G72/><T48/><D120/><U65/><E65/><V103/><F103/><W67/><G67/><T24/><D66/><U37/><E69/><V77/><F77/><W31/><G79/><T125/><D125/><U20/><E122/><V132/><F132/><W44/><G134/><T88/><D76/><U99/><E121/><V119/><F119/><W22/><G118/><T54/><D24/><N who="1" m="16519" /><E37/><V92/><F92/><N who="3" m="54359" /><G126/><T3/><D3/><U94/><E94/><V19/><F9/><W21/><G108/><T32/><D32/><U82/><E93/><V40/><F40/><W135/><G135/><T17/><D106/><U95/><E95/><V105/><F105/><W83/><G112/><T42/><D107/><U4/><E99/><V117/><F117/><W7/><G100/><T61/><D88/><U113/><E96/><V127/><F127/><W131/><G102/><T70/><D70/><U1/><E113/><V16/><AGARI ba="1,0" hai="16,18,19,49,51" m="14890,49575,49770" machi="16" ten="40,8000,1" yaku="19,1,52,2,54,1" doraHai="47" who="2" fromWho="2" sc="430,-41,190,-21,190,83,190,-21" /><INIT seed="1,0,0,5,5,30" ten="389,169,273,169" oya="1" hai0="43,58,76,78,69,95,115,87,44,59,130,133,37" hai1="61,92,45,104,2,36,28,65,21,117,35,55,114" hai2="60,22,17,63,10,106,131,19,0,90,66,50,85" hai3="86,7,96,15,135,68,81,16,102,51,83,121,4"/><U97/><E114/><V111/><F106/><W64/><G121/><T49/><D115/><U32/><E117/><V88/><F111/><W93/><G135/><T54/><D69/><U26/><E2/><V74/><F74/><W125/><G125/><T62/><D133/><U84/><E84/><V129/><F50/><W53/><G64/><T82/><D130/><N who="2" m="49674" /><F85/><W107/><G68/><T75/><D95/><U120/><E104/><V127/><F127/><W72/><G72/><T34/><D34/><U101/><E120/><V132/><F132/><W25/><G25/><T110/><D110/><U6/><E6/><N who="3" m="2090" /><G86/><T108/><D108/><U20/><E20/><V73/><F73/><W103/><G103/><T1/><D1/><U105/><E105/><V118/><F118/><W18/><G107/><T123/><D123/><U109/><E109/><V122/><F122/><W71/><G71/><T119/><D119/><U31/><E31/><V57/><F0/><W47/><G18/><T38/><REACH who="0" step="1"/><D59/><REACH who="0" ten="379,169,273,169" step="2"/><N who="1" m="37055" /><E36/><V41/><F57/><W42/><G42/><T100/><D100/><U46/><E55/><V134/><F134/><W116/><G116/><T70/><D70/><U128/><E128/><V98/><F41/><W67/><G67/><T27/><D27/><U12/><E12/><N who="2" m="7319" /><F66/><W112/><G112/><T77/><D77/><U80/><E35/><V8/><F90/><W94/><G94/><T9/><D9/><AGARI ba="0,1" hai="9,15,16,47,51,53,81,83,93,96,102" m="2090" machi="9" ten="30,2000,0" yaku="8,1,54,1" doraHai="30" who="3" fromWho="0" sc="379,-20,169,0,273,0,169,30" /><INIT seed="2,0,0,0,3,86" ten="359,169,273,199" oya="2" hai0="91,60,126,118,78,61,119,53,83,108,114,48,116" hai1="64,26,103,40,135,14,106,112,122,81,125,46,10" hai2="29,39,80,13,23,98,102,110,55,82,104,32,115" hai3="49,85,63,94,120,76,6,12,133,21,105,3,37"/><V38/><F115/><W19/><G120/><T89/><D114/><U77/><E112/><V72/><F32/><W117/><G105/><T11/><D108/><U67/><E122/><V73/><F110/><W20/><G37/><T0/><D126/><U2/><E125/><V18/><F29/><W92/><G117/><T35/><D35/><U97/><E135/><V68/><F68/><W71/><G133/><T52/><D0/><U44/><E26/><V24/><F24/><W87/><G3/><T30/><D11/><U17/><E2/><V22/><F22/><W96/><G6/><T25/><D25/><U50/><REACH who="1" step="1"/><E46/><REACH who="1" ten="359,159,273,199" step="2"/><V1/><F1/><W90/><G71/><T107/><D116/><U62/><E62/><V101/><F13/><W129/><G63/><T16/><D118/><U131/><E131/><V99/><F72/><AGARI ba="0,1" hai="10,14,17,40,44,50,64,67,72,77,81,97,103,106" machi="72" ten="30,2000,0" yaku="1,1,7,1,53,0" doraHai="86" doraHaiUra="58" who="1" fromWho="2" sc="359,0,159,30,273,-20,199,0" /><INIT seed="3,0,0,0,1,87" ten="359,189,253,199" oya="3" hai0="99,130,124,85,23,27,90,126,17,40,11,59,103" hai1="54,131,119,26,3,6,122,82,1,62,31,88,66" hai2="74,47,22,77,86,95,35,102,94,33,25,101,4" hai3="79,114,72,93,92,50,16,28,64,0,73,9,45"/><W49/><G114/><T108/><D108/><U135/><E122/><V63/><F74/><W18/><G28/><T112/><D130/><U5/><E1/><V121/><F121/><W107/><G107/><T133/><D133/><U96/><E3/><V125/><F4/><W12/><G0/><T20/><D112/><U58/><E135/><V61/><F125/><N who="0" m="48234" /><D40/><U15/><E131/><V104/><F104/><W78/><G64/><T127/><D127/><U32/><E119/><V8/><F8/><W132/><G132/><T128/><D128/><U13/><E66/><V111/><F111/><W117/><G45/><T70/><D70/><U91/><E82/><N who="2" m="47439" /><F47/><W65/><G65/><T67/><D20/><U109/><E109/><V71/><F33/><W115/><G115/><T46/><D11/><U38/><E38/><V10/><F10/><W123/><G9/><T29/><D46/><U24/><E24/><V80/><F35/><W129/><G129/><T43/><D43/><U19/><E15/><V106/><F25/><W42/><G42/><T55/><D67/><U56/><E56/><V81/><F71/><W34/><G34/><T2/><D2/><U39/><E39/><V116/><F116/><W105/><G117/><T37/><D37/><U97/><E6/><V120/><F120/><W60/><G123/><T100/><D99/><N who="1" m="37963" /><E5/><V41/><F41/><W51/><G12/><T30/><D30/><U118/><E118/><V110/><F110/><W89/><G18/><T14/><D14/><U53/><E53/><V52/><F52/><W113/><G113/><T48/><D29/><RYUUKYOKU ba="0,0" sc="359,15,189,15,253,-15,199,-15" hai0="17,23,27,48,55,59,85,90,100,103" hai1="13,19,26,31,32,54,58,62,88,91" owari="374,47.4,204,-19.6,238,3.8,184,-31.6" /></mjloggm>