<mjloggm ver="2.3"><GO type="225" lobby="0"/><UN n0="%72%69%6F%75%63%68%61%6E" n1="%E5%8D%A0%E3%81%84%E5%B8%AB%E8%A3%8F%E3%81%AA%E3%81%84%E3%81%97" n2="%E7%89%B9%E6%9D%B1%E3%81%AF%E4%B8%96%E7%95%8C%E3%82%92%E6%95%91%E3%81%86" n3="%72%61%6B%33" dan="17,17,16,17" rate="2251.76,2137.52,2142.83,2130.03" sx="M,M,M,M"/><TAIKYOKU oya="0"/><INIT seed="0,0,0,0,5,31" ten="250,250,250,250" oya="0" hai0="76,3,54,66,130,16,67,84,37,59,30,55,105" hai1="124,23,86,81,90,60,7,36,129,99,131,89,127" hai2="50,29,72,126,18,108,65,119,63,73,61,80,27" hai3="26,117,71,87,68,110,12,2,43,79,9,0,6"/><T97/><D130/><N who="1" m="49675" /><E36/><V94/><F108/><W74/><G117/><T77/><D3/><U88/><E7/><V104/><F104/><W57/><G110/><T5/><D37/><U46/><E46/><V11/><F119/><W116/><G116/><T102/><D5/><U64/><E23/><V39/><F39/><W121/><G121/><T134/><D134/><U1/><E1/><V34/><F126/><N who="1" m="48169" /><E99/><V100/><F11/><W93/><G2/><T111/><D111/><U42/><E42/><V56/><F18/><W96/><G43/><T118/><D118/><U19/><E19/><V101/><F29/><W21/><G0/><T107/><D30/><U122/><E122/><V28/><F28/><W95/><G21/><T85/><D16/><U58/><AGARI ba="0,0" hai="58,60,64,81,86,88,89,90" m="48169,49675" machi="58" ten="30,4000,0" yaku="19,1,18,1,54,1" doraHai="31" who="1" fromWho="1" sc="250,-20,250,40,250,-10,250,-10" /><INIT seed="1,0,0,3,3,28" ten="230,290,240,240" oya="1" hai0="93,92,90,56,45,100,46,66,53,55,11,74,38" hai1="36,131,9,73,134,107,77,34,65,3,12,94,114" hai2="0,29,96,26,118,95,104,59,105,99,117,14,42" hai3="127,18,123,135,52,108,116,33,19,43,84,88,7"/><U79/><E107/><V40/><F0/><W51/><G123/><T22/><D74/><U4/><E114/><V87/><F87/><W71/><G71/><T119/><D119/><U112/><E112/><V24/><F14/><W89/><G116/><T39/><D38/><U124/><E65/><V81/><F95/><W91/><G108/><T41/><D11/><U10/><E134/><V35/><F29/><W62/><G135/><T57/><D66/><U20/><E20/><V69/><F81/><W85/><G33/><T76/><D76/><U61/><E61/><V133/><F133/><W97/><G127/><T80/><D80/><N who="1" m="45103" /><E79/><V25/><F25/><W111/><G111/><T110/><D110/><U27/><E27/><V86/><F86/><N who="3" m="33387" /><G7/><T128/><D128/><U98/><E131/><V6/><F6/><W47/><G97/><T31/><D46/><U106/><E34/><V101/><F59/><AGARI ba="0,0" hai="18,19,43,47,51,52,59,62,88,89,91" m="33387" machi="59" ten="30,3900,0" yaku="8,1,54,2" doraHai="28" who="3" fromWho="2" sc="230,0,290,0,240,-39,240,39" /><INIT seed="2,0,0,1,1,113" ten="230,290,201,279" oya="2" hai0="10,73,19,25,123,84,78,62,75,11,118,81,74" hai1="15,80,114,44,112,134,122,66,4,18,48,20,47" hai2="37,27,119,28,130,7,91,23,1,103,77,109,0" hai3="88,85,64,69,133,39,26,51,79,107,121,83,13"/><V29/><F130/><W42/><G121/><T36/><D123/><U31/><E122/><V54/><F37/><W110/><G110/><T92/><D36/><U82/><E134/><V49/><F109/><W129/><G133/><T70/><D118/><U59/><E31/><V40/><F40/><W96/><G129/><T90/><D25/><U22/><E114/><V68/><F68/><W105/><G39/><T9/><REACH who="0" step="1"/><D19/><REACH who="0" ten="220,290,201,279" step="2"/><U76/><E18/><V127/><F119/><W52/><G26/><T3/><D3/><U35/><E112/><V63/><F0/><W99/><G13/><T72/><D72/><U95/><E15/><V61/><F29/><W56/><G107/><T43/><D43/><U106/><E106/><V14/><F1/><W41/><G105/><T101/><D101/><U5/><E35/><V125/><F103/><W58/><G41/><T57/><D57/><U32/><E59/><N who="2" m="33231" /><F91/><W12/><G42/><T30/><D30/><U17/><E32/><V111/><F111/><W6/><G88/><T60/><D60/><U97/><E17/><V94/><F61/><N who="3" m="37927" /><G69/><T87/><D87/><U128/><E128/><V104/><F104/><W120/><G120/><T108/><D108/><U116/><E116/><V46/><F14/><W16/><G6/><T53/><D53/><U117/><E117/><V135/><F7/><W71/><G71/><T55/><D55/><U100/><E4/><V132/><F132/><W124/><G124/><T34/><D34/><U21/><E5/><V50/><F135/><W8/><AGARI ba="0,1" hai="8,12,16,51,52,58,79,83,85,96,99" m="37927" machi="8" ten="30,4000,0" yaku="8,1,54,2" doraHai="113" who="3" fromWho="3" sc="220,-10,290,-10,201,-20,279,50" /><INIT seed="3,0,0,4,0,109" ten="210,280,181,329" oya="3" hai0="42,114,81,12,41,107,10,55,51,32,93,91,77" hai1="125,116,26,40,120,79,66,59,124,36,113,0,87" hai2="69,6,123,49,50,128,71,108,99,23,5,102,11" hai3="62,21,86,16,33,67,92,17,37,117,111,25,8"/><W46/><G117/><T74/><D114/><U118/><E120/><V98/><F108/><W58/><G33/><T3/><D32/><U48/><E0/><V72/><F72/><W119/><G119/><N who="1" m="45610" /><E26/><V68/><F123/><W88/><G111/><T19/><D107/><U14/><E14/><V126/><F128/><W15/><G37/><T112/><D112/><U115/><E36/><V38/><F38/><W89/><G89/><T44/><D3/><U106/><E106/><V18/><F126/><N who="1" m="48745" /><E66/><V127/><F127/><W129/><G129/><T56/><D44/><AGARI ba="0,0" hai="8,15,16,17,21,25,44,46,58,62,67,86,88,92" machi="44" ten="40,7700,0" yaku="8,1,54,2" doraHai="109" who="3" fromWho="0" sc="210,-77,280,0,181,0,329,77" owari="133,-36.7,280,8.0,181,-21.9,406,50.6" /></mjloggm>