<mjloggm ver="2.3"><GO type="225" lobby="0"/><UN n0="%E5%80%89%E6%A9%8B%EF%BC%A0%E4%BA%8B%E5%8B%99" n1="%E3%81%9F%E3%81%93%E2%98%86%E7%84%BC%E3%81%8D" n2="%6D%75%75%6D%75%72%61" n3="%E3%81%A1%E3%82%85%E3%81%86%E3%81%A9%E3%81%8F%E8%B1%A1%E3%81%95%E3%82%93" dan="16,16,16,17" rate="2088.59,2118.71,2145.03,2205.08" sx="M,M,F,M"/><TAIKYOKU oya="0"/><INIT seed="0,0,0,1,4,50" ten="250,250,250,250" oya="0" hai0="54,80,1,33,67,40,61,100,34,133,47,84,27" hai1="134,115,51,26,29,110,23,39,56,31,121,116,129" hai2="28,60,6,85,102,89,37,106,79,72,66,17,43" hai3="74,123,22,124,92,18,76,125,81,120,118,78,59"/><T112/><D1/><U122/><E39/><V132/><F132/><W3/><G3/><T38/><D112/><U93/><E134/><V25/><F6/><W108/><G118/><T73/><D73/><U9/><E116/><V53/><F17/><W41/><G41/><T98/><D133/><U117/><E117/><V83/><F43/><W42/><G42/><T109/><D27/><U2/><E29/><V82/><F37/><W105/><G105/><T8/><D8/><U131/><E110/><V58/><F102/><W114/><G114/><T135/><D135/><U64/><E93/><V57/><F106/><W19/><G76/><T119/><D119/><U0/><E64/><V87/><F72/><W49/><G92/><T88/><D109/><U95/><E95/><V97/><F97/><W44/><G59/><T7/><D7/><U36/><E36/><V48/><F25/><W130/><G130/><N who="1" m="49674" /><E115/><V15/><F15/><N who="3" m="9567" /><G19/><T90/><D90/><U65/><E65/><V55/><REACH who="2" step="1"/><F66/><REACH who="2" ten="250,250,240,250" step="2"/><W24/><G24/><T68/><REACH who="0" step="1"/><D54/><REACH who="0" ten="240,250,240,250" step="2"/><N who="1" m="31839" /><E0/><V62/><F62/><W45/><G108/><T127/><D127/><U16/><E2/><V69/><F69/><W99/><G125/><T35/><D35/><N who="1" m="20983" /><E9/><V63/><F63/><W4/><G124/><T107/><AGARI ba="0,2" hai="33,34,38,40,47,61,67,68,80,84,88,98,100,107" machi="107" ten="20,7800,0" yaku="1,1,0,1,7,1,54,1,53,0" doraHai="50" doraHaiUra="14" who="0" fromWho="0" sc="240,98,250,-26,240,-26,250,-26" /><INIT seed="0,1,0,1,4,2" ten="338,224,214,224" oya="0" hai0="17,118,8,67,38,65,92,71,41,5,119,40,88" hai1="102,15,64,43,3,22,18,80,132,49,24,56,85" hai2="10,133,14,98,31,7,107,89,75,54,35,26,36" hai3="29,42,108,100,0,120,12,82,39,90,97,96,37"/><T6/><D71/><U13/><E3/><V86/><F133/><W129/><G0/><T93/><D38/><U27/><E102/><V134/><F134/><W69/><G69/><T76/><D17/><U4/><E64/><V61/><F75/><W116/><G116/><T23/><D23/><U32/><E32/><V47/><F61/><W25/><G108/><T60/><D60/><U46/><E56/><V84/><F54/><W91/><G129/><T73/><D8/><N who="1" m="4231" /><E132/><V68/><F68/><W95/><G120/><T79/><D73/><U70/><E70/><V77/><F77/><AGARI ba="1,0" hai="15,18,22,24,27,43,46,49,77,80,85" m="4231" machi="77" ten="30,3900,0" yaku="25,1,8,1,52,1" doraHai="2" who="1" fromWho="2" sc="338,0,224,42,214,-42,224,0" /><INIT seed="1,0,0,4,3,126" ten="338,266,172,224" oya="1" hai0="3,44,98,60,75,38,34,2,127,63,107,40,122" hai1="104,118,0,42,47,37,23,99,123,20,50,132,110" hai2="106,16,11,112,56,43,79,33,45,81,36,26,130" hai3="27,21,64,66,125,86,32,124,13,5,14,74,102"/><U31/><E0/><V108/><F108/><W18/><G74/><T119/><D119/><U120/><E118/><V73/><F130/><W29/><G102/><T28/><D127/><N who="3" m="48713" /><G86/><T9/><D122/><U71/><E71/><V4/><F112/><W7/><G66/><T85/><D75/><U82/><E132/><V1/><F106/><W111/><G64/><T19/><D85/><U101/><E82/><V78/><F78/><W30/><G111/><T48/><D38/><U6/><E6/><N who="3" m="2058" /><G29/><T22/><D107/><U105/><E105/><V95/><F95/><W94/><G94/><T97/><D28/><U83/><E83/><V109/><F109/><W58/><G58/><T116/><D98/><U49/><E110/><V39/><F56/><W89/><G89/><T57/><D97/><U15/><E37/><V12/><F39/><W90/><G90/><T41/><D57/><U65/><E65/><V61/><F61/><W115/><G13/><T129/><D60/><U53/><E15/><V128/><F128/><W100/><G100/><T69/><D129/><U8/><E31/><V103/><F103/><W77/><G77/><T54/><D63/><U133/><E133/><V62/><F62/><W93/><G93/><T17/><D69/><U131/><E131/><V35/><F26/><W25/><G27/><T87/><D116/><U67/><E67/><V121/><F121/><W135/><G135/><T10/><D87/><U92/><E104/><V24/><F24/><W52/><G52/><T59/><D54/><U46/><E8/><AGARI ba="0,0" hai="1,4,8,11,12,16,33,35,36,43,45,73,79,81" machi="8" ten="30,7700,0" yaku="7,1,25,2,54,1" doraHai="126" who="2" fromWho="1" sc="338,0,266,-77,172,77,224,0" /><INIT seed="2,0,0,0,0,55" ten="338,189,249,224" oya="2" hai0="94,91,23,12,1,124,115,46,103,102,37,6,63" hai1="14,64,120,104,10,32,58,69,121,81,34,80,2" hai2="24,43,90,36,97,99,116,76,114,9,78,105,11" hai3="4,50,61,33,107,71,73,122,28,72,13,26,88"/><V93/><F114/><W123/><G107/><T30/><D115/><U83/><E104/><V51/><F116/><W133/><G133/><T8/><D124/><U135/><E69/><V49/><F36/><W68/><G50/><N who="2" m="18953" /><F105/><W79/><G13/><T17/><D30/><U106/><E2/><V67/><F67/><N who="3" m="41071" /><G4/><T48/><D63/><N who="1" m="38007" /><E135/><V41/><F24/><W131/><G88/><T45/><D37/><U86/><E86/><V44/><F99/><W111/><G111/><T70/><D70/><U19/><E106/><V113/><F44/><W100/><G100/><T87/><D45/><U27/><E27/><V66/><F66/><W47/><G71/><T75/><D75/><N who="3" m="28745" /><G79/><N who="2" m="30249" /><F113/><W119/><G47/><T21/><D21/><U134/><E134/><V130/><F130/><W20/><G20/><T62/><D62/><U89/><E89/><V117/><F117/><W42/><G42/><AGARI ba="0,0" hai="1,6,8,12,17,23,42,46,48,87,91,94,102,103" machi="42" ten="30,1000,0" yaku="7,1" doraHai="55" who="0" fromWho="3" sc="338,10,189,0,249,0,224,-10" /><AGARI ba="0,0" hai="9,11,41,42,43,90,93,97" m="30249,18953" machi="42" ten="30,1500,0" yaku="8,1" doraHai="55" who="2" fromWho="3" sc="348,0,189,0,249,15,214,-15" /><INIT seed="2,1,0,4,2,28" ten="348,189,264,199" oya="2" hai0="30,65,125,20,56,91,133,45,61,39,115,41,15" hai1="109,104,54,25,48,12,89,71,10,105,84,76,80" hai2="124,103,88,60,52,72,127,117,128,97,3,46,6" hai3="119,32,74,78,100,5,98,50,116,49,16,90,51"/><V4/><F117/><W66/><G66/><T114/><D125/><N who="2" m="48202" /><F72/><W102/><G5/><T73/><D73/><U63/><E109/><V42/><F128/><W77/><G90/><T107/><D107/><U101/><E25/><V38/><F3/><W126/><G126/><T121/><D121/><U92/><E101/><V106/><F88/><W118/><G74/><T111/><D91/><U83/><E83/><V68/><F68/><W27/><G100/><T79/><D79/><U94/><E63/><V134/><F134/><W17/><G17/><T8/><D133/><U43/><E43/><V120/><F120/><W14/><G78/><T22/><D61/><U31/><E31/><V82/><F82/><W112/><G77/><T36/><D30/><U40/><E40/><V69/><F69/><W110/><G112/><T11/><D41/><U9/><E9/><V34/><F34/><W96/><G110/><T64/><D111/><U23/><E23/><V19/><F19/><W24/><G32/><T85/><D85/><U0/><E0/><V70/><F70/><W67/><G102/><T108/><D108/><U99/><E94/><V135/><F135/><W81/><G81/><T29/><D29/><U55/><E71/><V37/><F37/><W130/><G130/><T1/><D1/><U93/><E92/><V2/><F2/><W86/><G86/><T132/><D132/><U58/><E105/><V13/><F13/><W131/><G131/><T129/><D129/><U87/><E104/><V113/><F113/><W75/><G118/><T35/><D115/><U59/><E87/><RYUUKYOKU ba="1,0" sc="348,-10,189,-10,264,30,199,-10" hai2="4,6,38,42,46,52,60,97,103,106" /><INIT seed="2,2,0,4,0,97" ten="338,179,294,189" oya="2" hai0="95,85,7,88,45,53,21,118,98,37,91,54,73" hai1="131,66,47,77,59,14,4,130,123,115,70,126,111" hai2="127,62,80,23,109,74,33,19,90,117,82,12,20" hai3="1,104,134,81,13,107,96,120,133,132,84,86,100"/><V35/><F117/><W8/><G1/><T112/><D112/><U64/><E70/><V57/><F127/><W16/><G120/><T99/><D73/><U65/><E115/><V129/><F129/><N who="1" m="49161" /><E77/><V76/><F109/><W69/><G69/><T79/><D118/><U113/><E113/><V17/><F82/><W122/><G122/><T102/><D7/><U34/><E34/><V10/><F90/><N who="3" m="51471" /><G86/><T50/><D37/><U56/><E123/><V30/><F30/><W135/><N who="3" m="33792" /><DORA hai="52" /><W44/><G44/><T3/><D3/><U18/><E4/><V108/><F108/><W6/><G6/><T24/><D79/><U94/><E111/><V124/><F124/><W46/><G46/><T87/><D53/><U101/><E47/><V11/><F35/><W110/><G110/><T28/><D102/><U40/><E40/><V72/><F33/><W0/><G0/><T119/><D119/><U125/><E126/><V42/><F42/><W5/><G5/><T105/><D105/><AGARI ba="2,0" hai="8,13,16,96,100,104,105,107" m="33792,51471" machi="105" ten="60,7700,0" yaku="20,1,52,1,54,1" doraHai="97,52" who="3" fromWho="0" sc="338,-83,179,0,294,0,189,83" /><INIT seed="3,0,0,2,1,3" ten="255,179,294,272" oya="3" hai0="46,86,7,63,83,38,67,71,81,62,28,96,23" hai1="5,65,100,36,45,85,9,51,129,69,37,49,42" hai2="73,52,58,97,56,122,95,103,130,1,82,116,91" hai3="94,6,93,84,59,132,79,34,72,17,19,40,126"/><W113/><G113/><T110/><D110/><U77/><E100/><V61/><F116/><W43/><G34/><T99/><D63/><U20/><E129/><V64/><F1/><W26/><G72/><T50/><D38/><U30/><E49/><N who="2" m="30735" /><F130/><W135/><G126/><T123/><D123/><U76/><E76/><V124/><F73/><W105/><G105/><T41/><D81/><N who="1" m="47279" /><E65/><V112/><F112/><W89/><G79/><T15/><D28/><U32/><E32/><V78/><F122/><W4/><G59/><T2/><D2/><U25/><E69/><V10/><F10/><W35/><G35/><T44/><D44/><U88/><E88/><V90/><F124/><W8/><G94/><T119/><D119/><U75/><E75/><V111/><F111/><W108/><G108/><T48/><D48/><U21/><E21/><V115/><F115/><W47/><G8/><T98/><D23/><U14/><AGARI ba="0,0" hai="5,9,14,20,25,30,36,37,42,45,51" m="47279" machi="14" ten="30,2000,0" yaku="25,1,52,1" doraHai="3" who="1" fromWho="1" sc="255,-5,179,20,294,-5,272,-10" /><INIT seed="4,0,0,0,4,114" ten="250,199,289,262" oya="0" hai0="0,18,35,48,77,4,40,63,79,126,84,16,75" hai1="42,100,134,116,115,128,105,109,6,88,25,19,15" hai2="80,12,34,64,130,131,14,39,45,89,104,110,69" hai3="55,10,17,98,33,29,21,129,43,3,62,81,122"/><T124/><D35/><U28/><E109/><V44/><F110/><W7/><G129/><N who="2" m="49161" /><F104/><W125/><G125/><N who="0" m="48235" /><D75/><U132/><E42/><N who="2" m="22623" /><F34/><W111/><G111/><T135/><D135/><N who="1" m="51755" /><E6/><V117/><F45/><W108/><G43/><T96/><D96/><N who="1" m="61575" /><E115/><V123/><F123/><W52/><G122/><T74/><D74/><U121/><E128/><V58/><F69/><W76/><G98/><T91/><D4/><U78/><E78/><N who="0" m="29705" /><D0/><U102/><E102/><V70/><F70/><W36/><G36/><T120/><D120/><U27/><E121/><V50/><F89/><W51/><G108/><T119/><D40/><U49/><E49/><V106/><F106/><W95/><G51/><T72/><D72/><U92/><E116/><V68/><F117/><W11/><G62/><T20/><D119/><U71/><E28/><V65/><F68/><W118/><G118/><T93/><D48/><U41/><E41/><V112/><F112/><W9/><G3/><T8/><D63/><U23/><E71/><V113/><F113/><W82/><G7/><T24/><D8/><U13/><E25/><V2/><F2/><W31/><G33/><T59/><D59/><U107/><E107/><V5/><F50/><W47/><G9/><T26/><D26/><U97/><AGARI ba="0,0" hai="13,15,19,23,27,88,92,97" m="61575,51755" machi="97" ten="30,2000,0" yaku="20,1,54,1" doraHai="114" who="1" fromWho="1" sc="250,-10,199,20,289,-5,262,-5" /><INIT seed="5,0,0,4,0,87" ten="240,219,284,257" oya="1" hai0="28,72,41,117,70,34,104,15,3,35,36,45,52" hai1="19,9,82,67,122,98,47,126,94,26,135,77,83" hai2="97,5,13,23,124,123,46,102,85,21,120,132,115" hai3="11,106,60,103,17,73,128,18,129,84,12,78,134"/><U25/><E122/><V49/><F132/><W40/><G73/><T27/><D3/><U112/><E135/><V110/><F110/><W113/><G134/><T116/><D70/><U92/><E112/><V107/><F124/><W55/><G113/><T44/><D104/><U42/><E67/><V56/><F115/><W16/><G40/><T10/><D72/><U63/><E63/><V59/><F21/><W37/><G37/><T91/><D34/><U43/><E126/><V121/><F85/><W130/><G106/><T65/><D65/><U96/><E47/><V29/><F5/><W90/><G103/><T64/><D64/><U127/><E127/><V61/><F61/><W57/><G78/><T20/><D35/><U48/><E77/><V2/><F2/><W89/><G84/><T88/><D117/><U95/><E48/><V86/><F86/><W131/><G131/><T54/><D116/><U114/><E114/><V109/><F109/><W68/><G68/><T0/><D0/><U125/><E125/><V80/><F80/><N who="1" m="30761" /><E9/><V1/><F1/><W99/><G99/><N who="1" m="37930" /><E19/><AGARI ba="0,0" hai="11,12,16,17,18,19,55,57,60,89,90,128,129,130" machi="19" ten="50,8000,1" yaku="19,1,52,2,54,1" doraHai="87" who="3" fromWho="1" sc="240,0,219,-80,284,0,257,80" owari="240,-16.0,139,-36.1,284,8.4,337,43.7" /></mjloggm>