<mjloggm ver="2.3"><GO type="225" lobby="0"/><UN n0="%E3%82%B2%E3%82%B9%E8%8C%82%E5%8B%9D" n1="%E3%82%BF%E3%83%BC%E3%83%90%E3%83%B3%E9%87%8E%E5%8F%A3" n2="%E3%83%97%E3%83%AC%E3%83%B4%E3%82%A1%E3%83%86%E3%82%A3" n3="%72%69%6F%75%63%68%61%6E" dan="16,16,16,16" rate="2118.47,2134.23,2072.73,2146.76" sx="F,M,F,M"/><TAIKYOKU oya="0"/><INIT seed="0,0,0,0,5,128" ten="250,250,250,250" oya="0" hai0="39,81,127,90,35,67,132,101,100,72,96,5,63" hai1="55,34,7,99,30,25,28,15,10,130,116,123,133" hai2="58,78,73,53,3,50,11,4,76,105,57,110,38" hai3="56,106,126,111,93,70,9,6,71,36,65,95,85"/><T115/><D115/><U131/><E99/><V114/><F110/><W2/><G106/><T113/><D113/><U61/><E61/><V23/><F114/><W77/><G111/><T97/><D39/><U92/><E92/><V59/><F105/><W33/><G33/><T54/><D35/><N who="1" m="20879" /><E55/><V37/><F23/><W86/><G126/><T51/><D127/><U22/><E116/><V79/><REACH who="2" step="1"/><F73/><REACH who="2" ten="250,250,240,250" step="2"/><W18/><G70/><T124/><D72/><U17/><E123/><V46/><AGARI ba="0,1" hai="3,4,11,37,38,46,50,53,57,58,59,76,78,79" machi="46" ten="30,4000,0" yaku="1,1,2,1,0,1,53,0" doraHai="128" doraHaiUra="129" who="2" fromWho="2" sc="250,-20,250,-10,240,50,250,-10" /><INIT seed="1,0,0,4,1,32" ten="230,240,290,240" oya="1" hai0="79,9,128,103,13,43,12,68,23,127,109,4,46" hai1="70,118,47,124,6,60,87,39,112,26,120,122,10" hai2="78,45,44,36,93,57,114,48,18,66,75,80,119" hai3="111,62,67,65,126,2,15,42,130,28,5,104,90"/><U106/><E118/><V98/><F119/><W74/><G104/><T107/><D127/><U35/><E112/><V7/><F114/><W81/><G126/><T77/><D128/><U27/><E87/><V17/><F36/><W8/><G130/><T55/><D68/><U63/><E106/><V1/><F66/><W117/><G117/><T85/><D55/><U76/><E63/><V49/><F57/><W131/><G131/><T123/><D123/><U96/><E27/><V95/><F95/><W71/><G111/><T89/><D109/><U30/><E96/><V125/><F125/><W3/><G67/><T21/><D103/><U135/><E76/><V113/><F113/><W56/><G28/><T53/><D53/><U0/><E124/><V100/><F7/><W64/><G42/><T88/><D89/><U58/><E135/><V83/><F1/><W51/><G90/><T110/><D107/><U11/><E11/><V69/><F69/><W41/><G41/><T99/><D99/><U37/><E58/><V129/><F129/><W59/><G59/><T102/><D102/><U22/><E22/><N who="0" m="8201" /><D13/><U29/><E29/><V61/><F61/><W16/><G5/><T121/><D121/><N who="1" m="46699" /><E47/><N who="2" m="17995" /><F80/><W132/><G132/><T108/><D110/><U73/><E73/><V14/><F14/><W72/><G65/><AGARI ba="0,0" hai="0,6,10,26,30,35,37,39,60,65,70" m="46699" machi="65" ten="30,2900,0" yaku="23,1,52,1" doraHai="32" who="1" fromWho="3" sc="230,0,240,29,290,0,240,-29" /><INIT seed="1,1,0,0,2,94" ten="230,269,290,211" oya="1" hai0="82,3,12,91,65,22,16,122,72,96,134,115,62" hai1="59,114,106,119,42,0,40,51,52,126,69,27,135" hai2="13,102,105,6,2,79,54,131,74,86,103,83,118" hai3="47,45,67,61,129,25,53,21,36,89,58,88,85"/><U55/><E119/><V32/><F118/><W10/><G129/><T97/><D115/><U123/><E123/><V93/><F131/><W11/><G89/><T49/><D134/><U39/><E0/><V80/><F32/><W113/><G113/><T8/><D122/><U81/><E114/><V38/><F38/><W28/><G36/><T63/><D49/><U20/><E69/><V87/><F2/><W70/><G45/><T7/><D62/><N who="1" m="36199" /><E106/><V75/><F54/><W43/><G43/><T37/><D37/><U71/><E71/><V23/><F23/><W116/><G116/><T120/><D120/><U117/><E39/><V98/><F13/><W108/><G108/><T9/><D9/><U60/><E117/><V133/><F6/><W46/><G46/><T132/><D132/><U50/><E135/><V84/><F133/><W34/><G34/><T109/><D109/><U33/><E33/><V73/><F79/><W77/><G77/><T41/><D41/><N who="1" m="15979" /><E81/><V68/><F68/><W26/><G26/><T56/><REACH who="0" step="1"/><D91/><REACH who="0" ten="220,269,290,211" step="2"/><U101/><E126/><V17/><F17/><W19/><G19/><T127/><D127/><U14/><E60/><V111/><F111/><W130/><G130/><T35/><D35/><U30/><E50/><V107/><F103/><W110/><G110/><T90/><D90/><U78/><E101/><V15/><F15/><W64/><G47/><T18/><D18/><U92/><E14/><V125/><F125/><W1/><G1/><T99/><D99/><U100/><E100/><V31/><F31/><W4/><G28/><T44/><D44/><RYUUKYOKU ba="1,1" sc="220,15,269,-15,290,15,211,-15" hai0="3,7,8,12,16,22,56,63,65,72,82,96,97" hai2="73,74,75,80,83,84,86,87,93,98,102,105,107" /><INIT seed="2,2,1,4,0,14" ten="235,254,305,196" oya="2" hai0="106,86,135,41,13,65,78,129,51,77,120,56,80" hai1="121,44,9,34,118,134,83,79,6,38,18,108,104" hai2="126,81,91,37,82,73,1,23,92,75,67,26,74" hai3="54,87,127,84,48,45,89,124,113,60,10,71,55"/><V130/><F37/><W63/><G113/><T109/><D120/><U42/><E118/><V7/><F126/><N who="3" m="48171" /><G10/><T16/><D106/><U132/><E104/><V103/><F130/><W19/><G19/><T93/><D109/><U96/><E34/><V36/><F36/><W115/><G115/><T68/><D129/><U97/><E108/><V3/><F103/><W116/><G116/><T17/><D135/><N who="1" m="51755" /><E121/><V64/><F7/><W101/><G101/><T21/><D77/><U105/><E105/><V46/><F46/><W52/><G84/><T30/><D93/><U123/><E123/><V117/><F117/><W49/><G71/><T72/><D72/><N who="1" m="43495" /><E18/><V119/><F119/><W32/><G32/><T8/><D30/><U100/><E100/><V2/><F23/><W88/><G89/><T76/><D76/><U110/><E110/><V5/><F5/><W24/><G24/><N who="0" m="14375" /><D68/><U58/><E58/><V15/><F26/><W4/><G4/><T111/><D111/><U90/><E90/><V50/><F15/><AGARI ba="2,1" hai="6,9,15,38,42,44,96,97" m="43495,51755" machi="15" ten="30,1000,0" yaku="20,1" doraHai="14" who="1" fromWho="2" sc="235,0,254,26,305,-16,196,0" /><INIT seed="3,0,0,0,0,57" ten="235,280,289,196" oya="3" hai0="66,63,23,39,88,29,6,84,95,45,119,106,38" hai1="75,92,135,47,56,44,114,13,33,24,93,74,81" hai2="134,68,107,26,99,98,94,31,67,122,34,71,130" hai3="87,90,89,40,27,91,14,10,65,36,82,35,41"/><W64/><G35/><T102/><D119/><U124/><E114/><V72/><F72/><W69/><G27/><T86/><D6/><U25/><E56/><V7/><F130/><W118/><G118/><T110/><D110/><U105/><E13/><V62/><F134/><W42/><G36/><T52/><D84/><U117/><E117/><V127/><F127/><W17/><REACH who="3" step="1"/><G69/><REACH who="3" ten="235,280,289,186" step="2"/><T96/><D29/><U109/><E33/><V76/><F71/><W22/><G22/><T115/><D115/><U19/><E24/><V77/><F122/><W1/><G1/><T129/><D23/><U16/><E25/><V133/><F133/><W103/><G103/><T58/><D129/><U78/><E135/><V4/><F4/><W59/><G59/><T50/><AGARI ba="0,1" hai="38,39,45,50,52,58,63,66,86,88,95,96,102,106" machi="50" ten="30,7900,0" yaku="0,1,52,1,54,2" doraHai="57" who="0" fromWho="0" sc="235,89,280,-20,289,-20,186,-39" owari="324,42.4,260,-14.0,269,6.9,147,-35.3" /></mjloggm>