<mjloggm ver="2.3"><GO type="225" lobby="0"/><UN n0="%4D%50%43%32%38%30%30" n1="%E3%81%8A%E3%81%8B%E3%81%8F%E3%82%89" n2="%E3%81%8F%E3%81%BE%E3%81%96%E3%82%8F" n3="%E6%80%AA%E3%81%97%E3%81%99%E3%81%8E%E3%82%8B%E3%83%81%E3%83%BC" dan="16,16,16,16" rate="2079.51,2096.96,2062.15,2146.51" sx="M,M,M,M"/><TAIKYOKU oya="0"/><INIT seed="0,0,0,2,0,118" ten="250,250,250,250" oya="0" hai0="56,127,115,116,77,34,129,40,96,64,44,60,101" hai1="2,97,68,18,121,131,91,128,79,73,120,51,62" hai2="84,23,130,55,20,75,10,35,46,81,102,26,21" hai3="107,61,113,85,71,86,122,110,65,80,22,4,9"/><T95/><D116/><U48/><E2/><V93/><F130/><N who="1" m="49705" /><E18/><V30/><F75/><W74/><G113/><T92/><D129/><U69/><E79/><V83/><F10/><W105/><G110/><T28/><D115/><U111/><E73/><V112/><F112/><W5/><G22/><T25/><D127/><U19/><E19/><V88/><F55/><W47/><G47/><T52/><D77/><U50/><E111/><V66/><F66/><W100/><G86/><T82/><D82/><U90/><E62/><V119/><F119/><W38/><G74/><T117/><D117/><U59/><E59/><V78/><F78/><W3/><G5/><T72/><D72/><U54/><E54/><V39/><REACH who="2" step="1"/><F102/><REACH who="2" ten="250,250,240,250" step="2"/><W31/><G100/><T104/><REACH who="0" step="1"/><D64/><REACH who="0" ten="240,250,240,250" step="2"/><U1/><E1/><V123/><F123/><N who="1" m="47177" /><E97/><V67/><F67/><W87/><G65/><T43/><D43/><AGARI ba="0,2" hai="20,21,23,26,30,35,39,43,46,81,83,84,88,93" machi="43" ten="40,5200,0" yaku="1,1,54,1,53,1" doraHai="118" doraHaiUra="29" who="2" fromWho="0" sc="240,-52,250,0,240,72,250,0" /><INIT seed="1,0,0,5,0,13" ten="188,250,312,250" oya="1" hai0="100,129,28,99,93,58,25,114,120,33,119,9,126" hai1="61,32,97,92,53,91,102,24,16,35,117,75,89" hai2="62,10,11,18,54,37,131,12,121,51,96,107,113" hai3="79,66,7,68,23,49,63,108,78,88,101,55,115"/><U1/><E117/><V57/><F121/><W52/><G115/><T15/><D119/><U21/><E1/><V135/><F131/><W4/><G108/><T80/><D114/><U90/><REACH who="1" step="1"/><E75/><REACH who="1" ten="188,240,312,250" step="2"/><V98/><F113/><W122/><G122/><T40/><D120/><U56/><AGARI ba="0,1" hai="16,21,24,32,35,53,56,61,89,90,91,92,97,102" machi="56" ten="30,12000,1" yaku="1,1,2,1,0,1,52,1,54,1,53,0" doraHai="13" doraHaiUra="3" who="1" fromWho="1" sc="188,-40,240,130,312,-40,250,-40" /><INIT seed="1,1,0,0,0,23" ten="148,370,272,210" oya="1" hai0="57,129,102,98,127,55,85,10,110,52,134,112,49" hai1="40,91,18,35,80,48,45,77,2,104,47,71,128" hai2="21,42,101,118,117,22,106,11,0,69,122,8,50" hai3="53,82,14,67,133,105,30,116,27,36,4,65,97"/><U84/><E128/><V103/><F69/><W119/><G133/><T32/><D112/><U37/><E2/><V43/><F0/><W33/><G36/><T20/><D134/><U123/><E71/><V120/><REACH who="2" step="1"/><F50/><REACH who="2" ten="148,370,262,210" step="2"/><W75/><G116/><T88/><D129/><U87/><E48/><V115/><F115/><W62/><G119/><T113/><D113/><U39/><E37/><V99/><F99/><W38/><G97/><T24/><D127/><U121/><E39/><V12/><F12/><W100/><G38/><T3/><D110/><U46/><E121/><V132/><F132/><W89/><G14/><T17/><D32/><U64/><E35/><V70/><F70/><W81/><G33/><T66/><D49/><U9/><E123/><V29/><F29/><W58/><G30/><T51/><D51/><U130/><E130/><V79/><F79/><W68/><G68/><T34/><D34/><U56/><E77/><V25/><F25/><W135/><G27/><T125/><D125/><U109/><E109/><V1/><F1/><W111/><G111/><T83/><D3/><U90/><E46/><V54/><F54/><W41/><G53/><T26/><D26/><U76/><E76/><V124/><F124/><W93/><G135/><T44/><D44/><U59/><E45/><V5/><F5/><W7/><G4/><T96/><D96/><U73/><E47/><V86/><F86/><W61/><G7/><T108/><D108/><U16/><E87/><V94/><F94/><W126/><G126/><T74/><D98/><U13/><E84/><V31/><F31/><RYUUKYOKU ba="1,1" sc="148,-10,370,-10,262,30,210,-10" hai2="8,11,21,22,42,43,101,103,106,117,118,120,122" /><INIT seed="2,2,1,4,1,65" ten="138,360,292,200" oya="2" hai0="76,30,3,85,93,115,127,107,108,14,131,114,57" hai1="132,89,44,0,77,125,6,48,129,122,123,16,10" hai2="49,13,88,99,18,72,41,75,35,118,12,2,51" hai3="38,43,128,46,121,25,37,111,22,91,1,59,81"/><V26/><F118/><W116/><G121/><N who="1" m="46090" /><E132/><V134/><F134/><W28/><G116/><T135/><D30/><U73/><E129/><V61/><F2/><W20/><G128/><T24/><D24/><U82/><E89/><V60/><F75/><W54/><G111/><T4/><D14/><N who="2" m="5738" /><F35/><W98/><G1/><T40/><D40/><N who="1" m="24583" /><E16/><V106/><F72/><W96/><G37/><T74/><D4/><U55/><E55/><V130/><F106/><W42/><G22/><T23/><D23/><U32/><E125/><V69/><F69/><W78/><G91/><N who="0" m="53487" /><D57/><U80/><E80/><V53/><F130/><W5/><G42/><T95/><D3/><U9/><E9/><V94/><F41/><W110/><G5/><T87/><D131/><U21/><E21/><N who="2" m="13623" /><F61/><W47/><G110/><T103/><D135/><U112/><E32/><V104/><F104/><W45/><G38/><T52/><D52/><U117/><E117/><V31/><F31/><W84/><REACH who="3" step="1"/><G43/><REACH who="3" ten="138,360,292,190" step="2"/><T113/><D108/><U79/><E6/><V90/><F90/><W92/><G92/><T133/><D133/><U50/><E0/><V86/><F99/><W124/><G124/><T29/><D127/><U36/><E36/><V119/><F119/><W70/><G70/><T11/><D11/><U102/><E10/><V101/><F101/><W8/><G8/><T66/><D113/><U62/><E112/><V39/><F39/><W58/><G58/><AGARI ba="2,2" hai="49,51,53,58,60,86,88,94" m="13623,5738" machi="58" ten="30,2900,0" yaku="8,1,54,1" doraHai="65" who="2" fromWho="3" sc="138,0,360,0,292,55,190,-35" /><INIT seed="2,3,0,0,0,130" ten="138,360,347,155" oya="2" hai0="36,32,16,79,90,55,134,13,119,26,60,65,68" hai1="7,52,73,48,82,24,87,17,64,115,92,57,105" hai2="128,56,86,71,11,8,108,50,76,93,83,63,1" hai3="91,39,5,59,114,120,45,77,124,103,125,66,23"/><V106/><F106/><W113/><G120/><T14/><D119/><U69/><E105/><V96/><F128/><W47/><G103/><T132/><D36/><U122/><E115/><N who="3" m="44042" /><G77/><T15/><D79/><U98/><E7/><V51/><F108/><W2/><G23/><N who="0" m="13671" /><D32/><U49/><E73/><V30/><F71/><W101/><G101/><T126/><D126/><N who="3" m="48745" /><G91/><T18/><D55/><U70/><E64/><N who="2" m="39015" /><F1/><W109/><G39/><T20/><D90/><U58/><E70/><V12/><F30/><W133/><G109/><T29/><D29/><U3/><E69/><V112/><F112/><W46/><G5/><T34/><D34/><U61/><E3/><V104/><F104/><W129/><G2/><T4/><D4/><U102/><E122/><V116/><F116/><W72/><G72/><T85/><D85/><U9/><E58/><V19/><F8/><W84/><G84/><T111/><D111/><U25/><E9/><V95/><F95/><W80/><G80/><T44/><D44/><U35/><E35/><V28/><F28/><W117/><G129/><T135/><AGARI ba="3,0" hai="13,14,15,18,20,60,65,68,132,134,135" m="13671" machi="135" ten="30,8000,1" yaku="20,1,52,3,54,1" doraHai="130" who="0" fromWho="0" sc="138,89,360,-23,347,-43,155,-23" /><INIT seed="3,0,0,2,5,60" ten="227,337,304,132" oya="3" hai0="87,131,122,79,21,94,40,128,11,1,70,65,112" hai1="76,104,115,129,47,135,2,118,28,16,23,0,3" hai2="126,45,100,102,85,119,80,97,73,90,105,120,53" hai3="52,110,127,18,64,78,7,117,72,58,84,38,71"/><W48/><G117/><T55/><D122/><U8/><E104/><V33/><F33/><W5/><G127/><T114/><D40/><U19/><E115/><N who="0" m="44073" /><D55/><U123/><E123/><V62/><F119/><W68/><G110/><T10/><D1/><U4/><E76/><N who="2" m="44047" /><F62/><W89/><G38/><T125/><D125/><U31/><E47/><V86/><F45/><W95/><G18/><T37/><D37/><U13/><E118/><V50/><F53/><W121/><G121/><T49/><D49/><U44/><E44/><V103/><F50/><W35/><G35/><T101/><D21/><N who="1" m="11407" /><E135/><V26/><F26/><W39/><G39/><T74/><D70/><U77/><E129/><N who="0" m="49737" /><D65/><U42/><E77/><V113/><F120/><W12/><G12/><T69/><D69/><U9/><E42/><V88/><F113/><W124/><G124/><T24/><D24/><N who="1" m="14463" /><E9/><V111/><F111/><W34/><G34/><T98/><D74/><U29/><AGARI ba="0,0" hai="0,2,3,4,8,28,29,31" m="14463,11407" machi="29" ten="30,12000,2" yaku="35,5,54,1" doraHai="60" who="1" fromWho="1" sc="227,-30,337,120,304,-30,132,-60" owari="197,-20.3,457,55.7,274,7.4,72,-42.8" /></mjloggm>