<mjloggm ver="2.3"><GO type="225" lobby="0"/><UN n0="%E7%89%B9%E6%9D%B1%E3%81%AF%E4%B8%96%E7%95%8C%E3%82%92%E6%95%91%E3%81%86" n1="%48%61%61%61%6C%61%6E%64" n2="%E3%81%B5%E3%81%98%E3%81%8B%E3%81%A4" n3="%6D%61%74%69%67%75%73%61" dan="16,18,16,17" rate="2154.50,2183.09,2180.28,2133.48" sx="M,M,M,M"/><TAIKYOKU oya="0"/><INIT seed="0,0,0,0,4,11" ten="250,250,250,250" oya="0" hai0="119,65,126,7,27,22,79,35,84,127,70,34,0" hai1="25,81,53,115,73,46,76,58,121,38,33,130,118" hai2="36,99,15,108,109,23,45,16,24,116,62,104,64" hai3="85,122,41,114,42,47,125,13,96,43,94,124,83"/><T129/><D70/><U80/><E118/><V50/><F116/><W89/><G114/><T68/><D119/><U12/><E121/><V17/><F36/><W61/><G122/><T86/><D65/><U106/><E106/><V101/><F64/><W30/><G61/><T133/><D68/><U87/><E130/><V88/><F88/><N who="3" m="51263" /><G30/><T18/><D129/><U28/><E115/><V40/><REACH who="2" step="1"/><F62/><REACH who="2" ten="250,250,240,250" step="2"/><W60/><G60/><T110/><D127/><U59/><E38/><V105/><F105/><W78/><G125/><T113/><D126/><U128/><E128/><V10/><AGARI ba="0,1" hai="10,15,16,17,23,24,40,45,50,99,101,104,108,109" machi="10" ten="30,8000,1" yaku="1,1,0,1,52,1,54,1,53,1" doraHai="11" doraHaiUra="39" who="2" fromWho="2" sc="250,-40,250,-20,240,90,250,-20" /><INIT seed="1,0,0,0,1,109" ten="210,230,330,230" oya="1" hai0="77,42,76,134,15,73,11,59,79,25,47,93,135" hai1="94,34,112,61,9,53,83,88,87,102,19,80,52" hai2="68,107,63,115,30,121,54,66,0,64,124,92,35" hai3="22,46,126,99,95,39,105,60,50,62,72,48,13"/><U86/><E112/><V55/><F121/><W37/><G72/><T58/><D73/><U119/><E119/><V114/><F107/><W118/><G105/><T89/><D25/><U123/><E123/><V6/><F92/><W3/><G3/><T38/><D59/><U2/><E34/><V36/><F36/><W117/><G13/><T45/><D45/><U33/><E33/><V14/><F14/><W82/><G22/><T21/><D58/><N who="1" m="35015" /><E2/><V31/><F124/><W26/><G82/><N who="1" m="31274" /><E102/><V1/><F35/><W103/><G39/><T28/><D28/><U122/><E122/><V16/><F16/><W71/><G71/><T128/><D128/><U78/><E53/><N who="2" m="19979" /><F66/><W108/><G37/><T74/><D74/><U120/><E120/><V131/><F131/><W69/><G126/><T51/><D38/><U104/><E104/><V32/><F32/><W57/><G118/><T12/><D12/><N who="1" m="7567" /><E78/><V96/><F0/><W84/><G69/><T8/><D21/><U100/><E100/><V132/><F1/><W17/><G103/><T113/><D113/><N who="2" m="43018" /><F6/><W81/><G117/><T98/><REACH who="0" step="1"/><D11/><REACH who="0" ten="200,230,330,230" step="2"/><U20/><E20/><V75/><F75/><W129/><G129/><T85/><D85/><AGARI ba="0,1" hai="85,86,87,88,94" m="7567,31274,35015" machi="85" ten="30,5800,0" yaku="8,1,54,2" doraHai="109" who="1" fromWho="0" sc="200,-58,230,68,330,0,230,0" /><INIT seed="1,1,0,2,5,116" ten="142,298,330,230" oya="1" hai0="71,58,66,19,37,67,76,63,20,117,32,57,26" hai1="65,18,56,75,60,3,54,59,6,79,53,88,118" hai2="27,78,70,123,64,112,120,51,74,90,47,106,80" hai3="97,10,101,124,72,22,61,96,35,104,49,11,131"/><U41/><E118/><V94/><F106/><W1/><G35/><T14/><D117/><U45/><E18/><V86/><F112/><W52/><G72/><T38/><D76/><U105/><E105/><V7/><F7/><W132/><G131/><T48/><D71/><U12/><E12/><V127/><F127/><W92/><G132/><T31/><REACH who="0" step="1"/><D48/><REACH who="0" ten="132,298,330,230" step="2"/><U62/><E79/><V73/><F73/><W33/><G49/><T36/><D36/><U89/><E75/><V40/><REACH who="2" step="1"/><F27/><REACH who="2" ten="132,298,320,230" step="2"/><W29/><G124/><T107/><D107/><U83/><E6/><V122/><F122/><W23/><G104/><T98/><D98/><U15/><E3/><V5/><F5/><W87/><G97/><T119/><D119/><U69/><E15/><V85/><F85/><W25/><G96/><T128/><D128/><U16/><E16/><V115/><F115/><W121/><G1/><T135/><D135/><U8/><E60/><AGARI ba="1,2" hai="40,47,51,60,64,70,74,78,80,86,90,94,120,123" machi="60" ten="40,5200,0" yaku="1,1,52,2,53,0" doraHai="116" doraHaiUra="109" who="2" fromWho="1" sc="132,0,298,-55,320,75,230,0" /><AGARI ba="1,0" hai="14,19,20,26,31,32,37,38,57,58,60,63,66,67" machi="60" ten="40,2600,0" yaku="1,1,9,1,53,0" doraHai="116" doraHaiUra="109" who="0" fromWho="1" sc="132,26,243,-26,395,0,230,0" /><INIT seed="2,0,0,4,5,131" ten="158,217,395,230" oya="2" hai0="99,71,0,22,87,39,25,10,66,84,90,114,85" hai1="74,30,54,123,19,58,31,42,9,94,48,69,86" hai2="26,14,109,102,64,67,116,3,96,18,47,5,1" hai3="41,100,78,88,98,135,45,33,115,13,127,24,28"/><V40/><F116/><W122/><G122/><T7/><D114/><U110/><E74/><V103/><F26/><W121/><G78/><T56/><D39/><U89/><E123/><V95/><F109/><W57/><G127/><T16/><D71/><U101/><E110/><V72/><F72/><W128/><G128/><T118/><D118/><U34/><E69/><V65/><F103/><W119/><G57/><T107/><D107/><U76/><E76/><V68/><F68/><W12/><G121/><T93/><D66/><U36/><E34/><V46/><F5/><W49/><G115/><T130/><D130/><U53/><E101/><V79/><F79/><W81/><G135/><T112/><D112/><U133/><E133/><V83/><F83/><W113/><G113/><T117/><D117/><U27/><E42/><V108/><F108/><W15/><G119/><T120/><D120/><U6/><E36/><V29/><F29/><W91/><REACH who="3" step="1"/><G81/><REACH who="3" ten="158,217,395,220" step="2"/><T105/><D56/><U77/><E77/><V11/><REACH who="2" step="1"/><F47/><REACH who="2" ten="158,217,385,220" step="2"/><W82/><G82/><T63/><D105/><AGARI ba="0,2" hai="12,13,15,24,28,33,41,45,49,88,91,98,100,105" machi="105" ten="40,5200,0" yaku="1,1,54,1,53,1" doraHai="131" doraHaiUra="92" who="3" fromWho="0" sc="158,-52,217,0,385,0,220,72" /><INIT seed="3,0,0,0,1,117" ten="106,217,385,292" oya="3" hai0="80,116,118,32,54,62,73,26,101,8,6,28,51" hai1="87,46,134,41,77,68,99,103,129,7,123,89,13" hai2="67,53,97,110,130,71,42,85,131,34,43,9,107" hai3="37,132,122,40,27,64,1,111,108,83,74,45,65"/><W52/><G1/><T78/><D101/><U44/><E68/><V90/><F110/><N who="3" m="42027" /><G27/><T16/><D62/><U49/><E129/><N who="2" m="49163" /><F34/><W18/><G18/><T33/><D33/><U56/><E134/><V25/><F25/><W5/><G5/><T50/><D50/><U47/><E56/><V30/><F30/><W29/><G29/><T72/><D72/><U81/><E89/><V102/><F9/><W79/><G132/><T95/><D95/><N who="1" m="58879" /><E123/><V92/><F53/><W15/><G15/><T36/><D51/><U66/><E66/><N who="3" m="25706" /><G52/><T114/><D54/><U60/><E60/><AGARI ba="0,0" hai="42,43,60,67,71,85,90,92,97,102,107" m="49163" machi="60" ten="30,1000,0" yaku="19,1" doraHai="117" who="2" fromWho="1" sc="106,0,217,-10,385,10,292,0" owari="106,-39.4,207,-19.3,395,49.5,292,9.2" /></mjloggm>