<mjloggm ver="2.3"><GO type="225" lobby="0"/><UN n0="%72%61%6B%33" n1="%E3%82%BF%E3%83%BC%E3%83%90%E3%83%B3%E9%87%8E%E5%8F%A3" n2="%E7%B4%94%E6%BD%94%E3%83%94%E3%83%A9%E3%83%8B%E3%82%A2" n3="%77%72%77%72%77%72%77%72" dan="16,16,16,16" rate="2058.19,2140.42,2155.67,2238.38" sx="M,M,M,M"/><TAIKYOKU oya="0"/><INIT seed="0,0,0,2,2,125" ten="250,250,250,250" oya="0" hai0="0,61,107,97,56,3,7,98,67,4,79,24,126" hai1="43,51,26,25,86,45,115,53,33,94,28,27,52" hai2="72,104,22,1,135,123,124,48,131,17,9,110,89" hai3="134,46,120,87,58,128,66,41,76,100,21,93,83"/><T63/><D126/><U85/><E115/><V16/><F124/><W84/><G120/><T95/><D79/><U65/><E65/><V31/><F123/><W10/><G134/><T60/><D60/><U35/><E94/><V20/><F104/><W54/><G128/><T101/><D0/><U36/><E53/><V13/><F72/><W40/><G10/><T59/><D3/><U91/><E91/><V14/><F89/><N who="3" m="53415" /><G100/><T116/><D116/><U29/><REACH who="1" step="1"/><E25/><REACH who="1" ten="250,240,250,250" step="2"/><N who="2" m="16807" /><F135/><W117/><G66/><T38/><D24/><U133/><E133/><V108/><F48/><W55/><G117/><T78/><D38/><U102/><E102/><V88/><F88/><W30/><G54/><T74/><D107/><U50/><E50/><V129/><F1/><W90/><G90/><T73/><D98/><U109/><E109/><AGARI ba="0,1" hai="9,13,14,16,17,22,108,109,110,129,131" m="16807" machi="109" ten="30,12000,2" yaku="14,1,34,2,52,2,54,1" doraHai="125" who="2" fromWho="1" sc="250,0,240,-120,250,130,250,0" /><INIT seed="1,0,0,3,2,11" ten="250,120,380,250" oya="1" hai0="94,54,72,70,98,28,40,107,33,51,114,131,62" hai1="111,17,50,83,104,35,125,63,49,64,99,128,60" hai2="1,71,29,76,121,135,123,53,120,61,37,5,41" hai3="132,0,91,16,106,56,87,129,80,55,45,21,22"/><U10/><E35/><V77/><F29/><W18/><G129/><T14/><D72/><U6/><E128/><V31/><F31/><W8/><G106/><T24/><D131/><U36/><E36/><V92/><F92/><W127/><G127/><T15/><D114/><U7/><E125/><V48/><F5/><W19/><G132/><T117/><D117/><U39/><E39/><V20/><F20/><N who="3" m="7787" /><G0/><T112/><D40/><U13/><E83/><V97/><F97/><W118/><G118/><T109/><D109/><U69/><E111/><V26/><F26/><W42/><G42/><T115/><D115/><U59/><E104/><V78/><F1/><W58/><G58/><T103/><D94/><U32/><E32/><V3/><F3/><W47/><G8/><T122/><D122/><U96/><E96/><V105/><F105/><W102/><G102/><T57/><D112/><U74/><E74/><V82/><F41/><W124/><G124/><T119/><D119/><U108/><E108/><V30/><F30/><W79/><G91/><T84/><D84/><U116/><E116/><V73/><F37/><W81/><G80/><T27/><D27/><U93/><E69/><V52/><F71/><W90/><G90/><T134/><D134/><U38/><E38/><V68/><F68/><W44/><G44/><T113/><D113/><U85/><E85/><V9/><F135/><W95/><G95/><T4/><D4/><N who="1" m="1579" /><E63/><AGARI ba="0,0" hai="16,18,19,45,47,55,56,63,79,81,87" m="7787" machi="63" ten="30,2000,0" yaku="8,1,54,1" doraHai="11" who="3" fromWho="1" sc="250,0,120,-20,380,0,250,20" /><INIT seed="2,0,0,2,0,39" ten="250,100,380,270" oya="2" hai0="116,34,93,24,78,26,72,20,71,65,62,49,126" hai1="82,115,131,14,15,11,16,0,68,90,114,127,122" hai2="38,81,36,37,130,84,79,63,89,23,113,112,4" hai3="86,43,5,6,135,41,98,42,69,133,70,128,80"/><V75/><F130/><W46/><G128/><T55/><D126/><U12/><E68/><V66/><F4/><N who="3" m="1643" /><G98/><T119/><D93/><U100/><E131/><V7/><F7/><W95/><G95/><T67/><D67/><U92/><E127/><V94/><REACH who="2" step="1"/><F23/><REACH who="2" ten="250,100,370,270" step="2"/><W30/><G135/><T124/><D20/><U50/><E0/><V129/><F129/><W123/><G133/><T102/><D124/><U8/><E122/><V61/><F61/><W21/><G21/><T101/><D34/><U74/><E114/><V73/><F73/><W121/><G121/><T83/><D24/><U13/><E115/><V105/><F105/><W99/><G123/><T44/><D26/><U52/><E100/><V88/><F88/><W106/><G106/><T64/><D102/><U51/><E74/><V57/><AGARI ba="0,1" hai="36,37,38,57,63,66,75,79,81,84,89,94,112,113" machi="57" ten="30,3000,0" yaku="1,1,0,1,53,0" doraHai="39" doraHaiUra="25" who="2" fromWho="2" sc="250,-10,100,-10,370,40,270,-10" /><INIT seed="2,1,0,0,1,73" ten="240,90,410,260" oya="2" hai0="48,24,47,71,8,72,13,52,78,59,89,92,30" hai1="12,109,93,53,133,27,9,44,99,126,65,37,17" hai2="75,22,107,45,64,54,58,102,91,19,70,98,117" hai3="81,4,74,113,90,20,88,122,125,61,5,57,29"/><V28/><F117/><W66/><G122/><T124/><D71/><U62/><E109/><V55/><F75/><W108/><G108/><T83/><D124/><U39/><E126/><V114/><F114/><W123/><G123/><T14/><D8/><U112/><E133/><V42/><F70/><W60/><G125/><T84/><REACH who="0" step="1"/><D47/><REACH who="0" ten="230,90,410,260" step="2"/><U106/><E112/><V15/><F45/><W63/><G113/><T46/><D46/><U50/><E106/><V1/><F107/><W134/><G134/><T115/><D115/><U34/><E34/><AGARI ba="1,1" hai="13,14,24,30,34,48,52,59,72,78,83,84,89,92" machi="34" ten="30,7700,0" yaku="1,1,7,1,52,1,54,1,53,0" doraHai="73" doraHaiUra="2" who="0" fromWho="1" sc="230,90,90,-80,410,0,260,0" /><INIT seed="3,0,0,3,4,52" ten="320,10,410,260" oya="3" hai0="12,84,67,16,132,104,41,43,5,51,79,70,56" hai1="91,42,6,127,10,4,55,119,58,33,75,81,18" hai2="106,109,8,60,135,73,123,20,59,36,3,110,134" hai3="133,80,112,28,111,69,103,25,65,130,89,115,66"/><W32/><G130/><T44/><D132/><N who="2" m="50730" /><F36/><W45/><G133/><T102/><D70/><U64/><E33/><V39/><F39/><W87/><G111/><N who="2" m="42505" /><F73/><W88/><G103/><T61/><D104/><U71/><E18/><V7/><F106/><W46/><G89/><T131/><D131/><U19/><E19/><V48/><F48/><W30/><G30/><T83/><D102/><U93/><E127/><V34/><F20/><W113/><REACH who="3" step="1"/><G69/><REACH who="3" ten="320,10,410,250" step="2"/><T22/><D5/><U82/><E119/><V53/><F123/><W124/><G124/><T121/><D121/><U125/><E125/><V101/><F101/><W2/><G2/><T95/><D95/><U74/><E71/><V26/><F34/><W100/><G100/><T85/><REACH who="0" step="1"/><D41/><REACH who="0" ten="310,10,410,250" step="2"/><U126/><E42/><V117/><F117/><W35/><G35/><T47/><D47/><AGARI ba="0,2" hai="25,28,32,45,46,47,65,66,80,87,88,112,113,115" machi="47" ten="40,12000,1" yaku="1,1,54,1,53,2" doraHai="52" doraHaiUra="63" who="3" fromWho="0" sc="310,-120,10,0,410,0,250,140" /><INIT seed="3,1,0,2,2,108" ten="190,10,410,390" oya="3" hai0="53,113,42,13,14,129,60,101,120,55,26,86,9" hai1="92,20,21,114,109,61,77,83,98,28,132,46,59" hai2="115,97,39,47,70,56,58,34,116,3,89,12,102" hai3="81,85,130,110,37,123,100,15,30,0,2,135,80"/><W22/><G123/><T32/><D120/><U48/><E109/><V52/><F116/><W94/><G110/><T7/><D129/><U75/><E132/><V84/><F70/><W31/><G37/><T17/><D42/><U134/><E134/><V5/><F3/><W106/><G135/><T107/><D86/><U38/><E38/><V124/><F34/><W88/><G130/><T57/><D107/><U4/><E4/><V29/><F29/><N who="3" m="10763" /><G106/><T121/><D32/><U18/><E20/><V35/><F35/><W54/><G0/><T16/><D26/><U99/><E99/><V104/><F115/><W76/><G2/><T45/><D113/><U117/><E117/><V50/><F39/><W72/><G72/><T1/><D121/><U122/><E122/><V43/><F43/><W67/><G67/><T69/><D69/><U44/><E114/><V131/><F131/><W78/><G54/><T36/><D36/><U49/><E49/><V27/><F124/><W41/><G41/><T74/><D74/><U128/><E48/><V62/><F62/><W127/><G127/><T95/><D1/><U8/><E8/><V6/><F27/><W119/><G119/><T68/><D68/><U133/><E133/><V103/><F103/><W90/><G100/><T23/><D45/><U24/><E128/><V25/><F25/><W65/><G65/><N who="0" m="39055" /><D7/><N who="2" m="2570" /><F12/><W91/><G94/><T73/><D73/><U126/><E126/><V125/><F125/><W63/><G63/><T111/><D111/><U11/><E11/><V118/><F118/><W79/><G81/><T93/><D101/><RYUUKYOKU ba="1,0" sc="190,10,10,-30,410,10,390,10" hai0="9,13,14,16,17,23,53,55,93,95" hai2="47,50,52,56,58,84,89,97,102,104" hai3="15,22,76,78,79,80,85,88,90,91" owari="200,-20.0,-20,-52.0,420,52.0,400,20.0" /></mjloggm>