<mjloggm ver="2.3"><GO type="225" lobby="0"/><UN n0="%E5%A4%96%E5%B7%9D%E7%AB%9C%E6%88%90" n1="%E3%81%BE%E3%81%A8%E3%81%9F" n2="%E3%81%9F%E3%81%93%E2%98%86%E7%84%BC%E3%81%8D" n3="%72%65%6E%6B%75%6E" dan="16,16,16,17" rate="2103.23,2144.01,2110.97,2210.00" sx="M,M,M,M"/><TAIKYOKU oya="0"/><INIT seed="0,0,0,2,4,124" ten="250,250,250,250" oya="0" hai0="66,3,40,134,41,119,26,22,9,78,96,23,110" hai1="33,32,54,38,29,88,64,74,34,80,51,82,4" hai2="111,113,132,77,27,61,103,121,17,114,44,37,13" hai3="62,107,28,7,90,115,60,116,8,76,104,87,84"/><T43/><D119/><U47/><E29/><V48/><F121/><W50/><G115/><T91/><D134/><U81/><E64/><V69/><F37/><W97/><G28/><T73/><D23/><U95/><E4/><V79/><F111/><W46/><G116/><T21/><D21/><U6/><E6/><V75/><F103/><W20/><G20/><T56/><D78/><U126/><E38/><V108/><F27/><W117/><G76/><T93/><D73/><U39/><E39/><V72/><F108/><W31/><G31/><T10/><D3/><U18/><E18/><V131/><F13/><W100/><G104/><T71/><D71/><U59/><E126/><V94/><F48/><W127/><G127/><T125/><D110/><U83/><E74/><V118/><F17/><W24/><G24/><T112/><D112/><U42/><N who="1" m="20480" /><DORA hai="1" /><U99/><REACH who="1" step="1"/><E59/><REACH who="1" ten="250,240,250,250" step="2"/><V70/><F75/><W35/><G35/><T86/><D125/><U12/><E12/><V123/><F72/><W5/><G5/><T101/><D56/><U135/><E135/><V98/><F132/><W120/><G117/><T89/><D66/><U0/><E0/><V57/><F118/><W85/><G120/><T102/><D26/><U2/><E2/><V128/><F123/><W14/><REACH who="3" step="1"/><G90/><REACH who="3" ten="250,240,250,240" step="2"/><T106/><D91/><U15/><E15/><V52/><F79/><W49/><G49/><T130/><D89/><U92/><E92/><V122/><F77/><W55/><AGARI ba="0,2" hai="7,8,14,46,50,55,60,62,84,85,87,97,100,107" machi="55" ten="30,4000,0" yaku="1,1,0,1,52,1,53,0" doraHai="124,1" doraHaiUra="129,109" who="3" fromWho="3" sc="250,-20,240,-10,250,-10,240,60" /><INIT seed="1,0,0,2,0,1" ten="230,230,240,300" oya="1" hai0="109,113,33,121,10,84,120,129,8,99,48,123,89" hai1="3,125,29,54,73,67,108,37,124,95,52,115,116" hai2="97,93,27,19,92,35,63,36,28,0,42,101,96" hai3="135,91,25,58,134,32,46,87,119,60,118,128,50"/><U68/><E115/><V76/><F76/><W122/><G122/><T114/><D33/><U81/><E37/><V103/><F0/><W131/><G25/><T7/><D109/><U34/><E3/><V70/><F19/><W86/><G32/><T74/><D129/><N who="3" m="49737" /><G86/><T106/><D74/><U51/><E116/><N who="3" m="44586" /><G87/><T22/><D22/><U55/><E95/><V88/><F42/><N who="3" m="24919" /><G91/><T130/><D130/><U41/><E81/><V43/><F43/><W13/><G13/><N who="0" m="5279" /><D99/><U85/><E73/><V56/><F36/><W57/><G57/><T9/><D106/><U117/><E117/><V30/><F30/><W4/><G4/><T105/><D105/><U100/><E100/><V104/><F56/><W127/><G127/><N who="1" m="48714" /><E85/><V79/><F79/><W82/><G82/><N who="0" m="49303" /><D113/><U20/><E34/><V45/><F103/><W94/><G94/><T12/><D114/><U14/><E29/><V59/><F97/><W15/><G15/><T72/><D12/><U38/><E14/><V98/><F104/><W26/><G26/><T90/><D90/><U65/><E20/><V133/><F98/><W11/><G11/><N who="0" m="4107" /><D72/><U62/><E38/><V39/><F39/><W5/><G5/><T112/><D112/><U6/><E6/><V75/><F75/><W16/><G16/><T102/><D102/><U40/><E40/><V21/><F96/><W23/><G23/><T77/><D77/><U49/><E41/><V18/><F35/><W132/><G132/><T111/><D111/><U126/><N who="1" m="48722" /><U69/><DORA hai="61" /><E108/><V71/><F101/><W47/><G47/><T78/><D78/><RYUUKYOKU ba="0,0" sc="230,10,230,10,240,-30,300,10" hai0="48,120,121,123" hai1="49,51,52,54,55,62,65,67,68,69" hai3="58,60,134,135" /><INIT seed="1,1,0,0,4,91" ten="240,240,210,310" oya="1" hai0="69,29,24,22,100,47,112,117,26,106,48,18,54" hai1="7,4,50,45,72,122,87,135,64,76,43,32,33" hai2="93,40,75,109,23,14,44,121,118,128,126,123,104" hai3="95,61,41,131,51,78,110,0,107,113,88,2,5"/><U96/><E122/><V38/><F104/><W37/><G107/><T19/><D112/><U102/><E72/><V84/><F118/><W58/><G113/><T35/><D117/><U97/><E97/><V134/><F75/><W63/><G78/><T39/><D69/><U127/><E127/><V80/><F126/><W6/><G37/><T3/><D3/><U132/><E64/><V10/><F109/><W30/><G30/><T70/><D70/><U55/><E87/><V125/><F23/><W83/><G110/><T56/><D100/><U34/><E76/><V81/><F125/><W16/><G83/><T77/><D77/><U82/><E82/><V85/><F128/><W92/><G0/><T79/><D79/><U15/><E43/><V94/><F134/><N who="1" m="51241" /><E15/><V8/><F14/><W31/><G31/><T86/><D86/><U28/><E28/><V71/><F71/><W20/><G2/><T11/><D106/><AGARI ba="1,0" hai="4,7,32,33,34,45,50,55,96,102,106" m="51241" machi="106" ten="40,2000,0" yaku="20,1" doraHai="91" who="1" fromWho="0" sc="240,-23,240,23,210,0,310,0" /><INIT seed="1,2,0,4,4,111" ten="217,263,210,310" oya="1" hai0="133,7,3,55,20,106,66,109,51,121,110,102,81" hai1="11,2,58,35,27,67,75,78,4,92,80,59,10" hai2="117,71,87,38,56,62,34,89,22,99,114,70,103" hai3="47,96,41,124,40,69,97,13,28,29,12,30,119"/><U123/><E123/><V105/><F34/><W129/><G69/><T32/><D32/><U100/><E67/><V79/><F38/><W88/><G124/><T42/><D42/><N who="3" m="16489" /><G129/><T61/><D121/><U24/><E11/><V43/><F43/><W86/><G119/><T73/><D133/><U14/><E2/><V93/><F114/><W17/><G47/><T60/><D20/><U31/><E100/><V63/><F63/><W120/><G120/><T0/><D7/><U25/><E92/><V9/><F9/><N who="3" m="6287" /><G13/><T125/><D125/><U94/><E94/><AGARI ba="2,0" hai="28,29,30,86,88,94,96,97" m="6287,16489" machi="94" ten="30,2000,0" yaku="8,1,54,1" doraHai="111" who="3" fromWho="1" sc="217,0,263,-26,210,0,310,26" /><INIT seed="2,0,0,0,3,8" ten="217,237,210,336" oya="2" hai0="34,24,75,40,48,107,62,84,110,11,21,111,133" hai1="83,104,64,20,112,33,54,129,95,118,50,122,39" hai2="12,135,100,101,109,2,25,72,22,35,124,36,99" hai3="71,91,120,69,1,55,119,19,108,7,57,32,52"/><V6/><F36/><W77/><G32/><T81/><D107/><U18/><E118/><V0/><F72/><W85/><G119/><T106/><D106/><U56/><E104/><V53/><F100/><W60/><G120/><T43/><D75/><U132/><E122/><V58/><F135/><W65/><G108/><N who="0" m="41515" /><D34/><U51/><E132/><V86/><F86/><W61/><G77/><T9/><D62/><U13/><E39/><V113/><F124/><W66/><G19/><N who="0" m="12351" /><D133/><U92/><E33/><V5/><F113/><W103/><G103/><T67/><D67/><U28/><E28/><V26/><F109/><W102/><G102/><T74/><D74/><U76/><E129/><V97/><F101/><W46/><G46/><N who="0" m="25671" /><D43/><U116/><E112/><V123/><F35/><W128/><G128/><T27/><D27/><U131/><E131/><V121/><F53/><W38/><G38/><T87/><D87/><U16/><E116/><V15/><REACH who="2" step="1"/><F58/><REACH who="2" ten="217,237,200,336" step="2"/><W78/><G57/><T30/><D30/><U42/><E42/><V96/><F96/><W115/><G115/><T89/><AGARI ba="0,1" hai="9,11,81,84,89" m="25671,12351,41515" machi="89" ten="30,1100,0" yaku="14,1" doraHai="8" who="0" fromWho="0" sc="217,21,237,-3,200,-5,336,-3" /><INIT seed="3,0,0,1,0,39" ten="238,234,195,333" oya="3" hai0="115,90,118,16,86,77,53,99,124,73,127,75,20" hai1="88,36,58,134,62,82,85,14,43,93,125,92,97" hai2="133,59,105,79,84,42,44,74,109,95,112,128,23" hai3="76,8,107,102,123,18,80,17,130,68,70,91,129"/><W89/><G123/><T52/><D118/><U55/><E134/><V37/><F112/><W132/><G132/><T126/><D99/><U10/><E125/><V103/><F133/><W67/><G102/><T2/><D2/><U40/><E36/><V101/><F109/><W64/><G107/><T21/><D21/><U120/><E120/><V96/><F128/><W66/><G8/><T48/><D77/><N who="1" m="46287" /><E93/><V104/><F101/><W6/><G6/><AGARI ba="0,0" hai="6,10,14,40,43,55,58,62,88,92,97" m="46287" machi="6" ten="30,7700,0" yaku="8,1,52,2,54,1" doraHai="39" who="1" fromWho="3" sc="238,0,234,77,195,0,333,-77" owari="238,-16.2,311,41.1,195,-30.5,256,5.6" /></mjloggm>