<mjloggm ver="2.3"><GO type="225" lobby="0"/><UN n0="%E5%84%AA%40%41%42%43" n1="%6D%75%75%6D%75%72%61" n2="%E3%81%AF%E3%82%88%E3%81%8A%E3%81%98%E3%81%95%E3%82%93" n3="%E6%98%93%E5%88%A9%E8%96%A9%E4%BC%AF" dan="17,17,17,16" rate="2171.34,2149.41,2155.88,2077.86" sx="M,F,M,F"/><TAIKYOKU oya="0"/><INIT seed="0,0,0,2,2,93" ten="250,250,250,250" oya="0" hai0="90,103,55,1,0,100,25,111,126,67,69,49,127" hai1="37,83,117,10,78,35,12,26,75,11,130,125,29" hai2="81,96,3,28,18,85,38,72,102,32,9,112,131" hai3="66,40,70,59,80,116,98,20,68,115,108,57,122"/><T121/><D121/><U2/><E117/><V30/><F112/><W22/><G115/><T105/><D90/><U48/><E37/><V52/><F38/><W123/><G116/><T41/><D41/><U92/><E130/><V65/><F72/><W6/><G6/><T19/><D67/><U5/><E125/><N who="0" m="47625" /><D69/><U50/><REACH who="1" step="1"/><E92/><REACH who="1" ten="250,240,250,250" step="2"/><N who="2" m="58631" /><F131/><W39/><G39/><T118/><D118/><U91/><E91/><V89/><F32/><W51/><G123/><T82/><D103/><U42/><E42/><V97/><F89/><W15/><G40/><T107/><D100/><U4/><AGARI ba="0,1" hai="2,4,5,10,11,12,26,29,35,48,50,75,78,83" machi="4" ten="20,2700,0" yaku="1,1,0,1,7,1,53,0" doraHai="93" doraHaiUra="113" who="1" fromWho="1" sc="250,-13,240,37,250,-7,250,-7" /><INIT seed="1,0,0,3,4,121" ten="237,277,243,243" oya="1" hai0="44,71,45,9,80,106,24,47,75,130,111,17,13" hai1="20,94,99,8,10,60,6,96,118,16,43,104,26" hai2="113,29,95,135,53,46,63,14,112,28,124,77,70" hai3="11,48,123,40,97,65,110,27,125,25,42,103,109"/><U117/><E43/><V50/><F124/><W22/><G123/><T69/><D106/><U108/><E108/><N who="3" m="41578" /><G125/><T83/><D111/><U0/><E10/><V79/><F135/><W7/><G65/><T39/><D130/><U37/><E37/><V38/><F38/><W133/><G133/><T92/><D39/><U73/><E73/><V52/><F70/><W105/><G48/><T81/><D75/><U74/><E74/><V49/><F63/><W91/><G91/><T57/><D92/><U23/><E60/><V122/><F122/><W128/><G128/><T102/><D102/><U127/><E127/><V54/><F95/><W93/><G105/><T72/><D72/><U33/><E33/><V89/><F89/><W64/><G64/><T36/><D36/><U31/><E104/><V120/><F120/><W32/><G32/><T66/><D66/><U101/><REACH who="1" step="1"/><E96/><REACH who="1" ten="237,267,243,243" step="2"/><V131/><F131/><W107/><G107/><T41/><D41/><N who="3" m="15977" /><G22/><N who="0" m="13391" /><D71/><U55/><E55/><V98/><F54/><W21/><G21/><T87/><D69/><U58/><E58/><V132/><F132/><W67/><G67/><T84/><D57/><U86/><E86/><V82/><F53/><W30/><G30/><T88/><D87/><U35/><E35/><V119/><F52/><W12/><AGARI ba="0,1" hai="7,11,12,25,27,93,97,103" m="15977,41578" machi="12" ten="30,7900,0" yaku="14,1,52,3" doraHai="121" who="3" fromWho="3" sc="237,-20,267,-39,243,-20,243,89" /><INIT seed="2,0,0,3,0,0" ten="217,228,223,332" oya="2" hai0="16,56,32,64,19,25,63,114,67,132,38,17,97" hai1="125,79,106,18,48,98,82,112,128,14,110,70,10" hai2="31,105,77,2,100,28,83,76,46,49,23,102,33" hai3="73,15,99,44,66,88,129,78,54,35,123,127,27"/><V133/><F2/><W72/><G123/><T26/><D114/><U135/><E112/><V29/><F33/><W69/><G129/><T40/><D132/><U39/><E39/><V9/><F133/><W130/><G130/><T75/><D75/><U58/><E128/><V71/><F71/><W107/><G15/><T84/><D38/><U59/><E70/><V121/><F121/><W47/><G54/><N who="0" m="34199" /><D32/><U95/><E135/><V61/><F105/><W109/><G88/><T3/><D3/><U81/><E106/><V45/><F61/><N who="3" m="40143" /><G78/><N who="2" m="30313" /><F83/><W96/><G96/><T91/><D40/><U89/><E110/><V24/><F9/><W108/><G127/><T124/><D97/><U20/><E125/><V11/><F11/><W52/><G52/><T86/><D86/><U134/><E134/><V68/><F68/><W117/><G117/><T85/><D84/><U36/><E36/><V115/><F115/><W131/><G131/><T87/><D85/><U4/><E81/><V13/><F13/><W37/><G37/><T74/><D74/><U94/><E94/><V111/><F111/><N who="3" m="42571" /><G73/><T120/><D120/><U50/><E82/><V116/><F116/><W101/><G72/><T55/><D55/><U93/><E79/><V8/><F8/><W12/><G12/><T92/><D124/><U118/><E118/><V122/><F122/><W80/><G80/><T57/><D67/><U62/><E93/><V119/><F119/><W126/><G126/><T60/><AGARI ba="0,0" hai="16,17,19,25,26,57,60,64,87,91,92" m="34199" machi="60" ten="30,2000,0" yaku="8,1,54,1" doraHai="0" who="0" fromWho="0" sc="217,20,228,-5,223,-10,332,-5" /><INIT seed="3,0,0,5,2,71" ten="237,223,213,327" oya="3" hai0="23,37,8,36,106,111,68,1,32,122,67,112,45" hai1="48,38,126,107,123,43,39,115,26,102,90,108,76" hai2="3,40,78,11,95,19,121,85,118,61,105,18,104" hai3="6,0,47,52,20,125,109,132,88,35,16,117,110"/><W124/><G117/><T81/><D23/><U10/><E115/><V24/><F118/><W66/><G35/><T34/><D122/><U53/><E123/><V41/><F121/><W33/><G66/><T86/><D86/><U46/><E76/><V44/><F3/><W92/><G33/><N who="0" m="12907" /><D45/><U129/><E108/><N who="3" m="41578" /><G6/><N who="0" m="1103" /><D111/><U5/><E129/><V114/><F114/><W83/><G83/><T131/><D112/><U69/><E126/><V55/><F105/><W59/><G47/><T87/><D87/><U7/><E69/><V17/><F104/><W12/><G0/><T99/><D81/><U22/><E5/><V65/><F11/><W127/><G132/><T80/><D80/><U29/><E7/><V73/><F73/><W42/><G42/><N who="2" m="16489" /><F65/><W14/><G14/><T49/><D49/><U63/><E10/><V103/><F24/><W82/><G82/><T113/><D131/><U96/><E26/><V60/><F78/><W64/><G64/><T89/><D113/><U98/><E22/><V30/><F30/><W15/><G15/><T51/><D51/><U74/><E29/><V57/><F44/><W116/><G116/><T13/><D13/><U31/><E31/><V70/><F70/><W56/><G52/><T119/><D119/><U9/><E74/><V101/><F61/><W28/><G28/><T58/><D68/><U128/><E9/><V79/><F79/><W134/><G134/><T93/><D106/><U120/><E128/><V50/><F60/><W21/><G21/><T72/><D72/><U62/><E120/><V97/><F85/><AGARI ba="0,0" hai="12,16,20,56,59,85,88,92,124,125,127" m="41578" machi="85" ten="40,12000,1" yaku="18,1,14,1,10,1,54,2" doraHai="71" who="3" fromWho="2" sc="237,0,223,0,213,-120,327,120" owari="237,3.7,223,-17.7,93,-40.7,447,54.7" /></mjloggm>