<mjloggm ver="2.3"><GO type="225" lobby="0"/><UN n0="%E3%81%95%E3%81%8D%E3%81%9F%E3%81%BE%E6%9E%97%E6%AA%8E" n1="%E3%83%A9%E3%83%BC%E3%83%A1%E3%83%B3%E4%BA%94%E9%83%8E" n2="%6D%75%75%73%61%6E%6D%75" n3="%E6%98%93%E5%88%A9%E8%96%A9%E4%BC%AF" dan="16,16,17,16" rate="2073.77,2124.76,2161.23,2104.54" sx="M,M,F,F"/><TAIKYOKU oya="0"/><INIT seed="0,0,0,0,4,115" ten="250,250,250,250" oya="0" hai0="70,92,37,19,85,122,72,82,71,119,74,27,56" hai1="101,90,54,43,38,102,114,16,120,41,84,128,67" hai2="53,0,12,33,40,78,14,127,49,86,76,59,97" hai3="75,91,100,62,105,44,46,15,87,10,80,7,50"/><T51/><D119/><U116/><E120/><V132/><F0/><W107/><G75/><T6/><D122/><U9/><E114/><V5/><F33/><W98/><G62/><T64/><D37/><U79/><E128/><V112/><F112/><W24/><G107/><T30/><D6/><U31/><E67/><V69/><F127/><W39/><G39/><T108/><D108/><U65/><E65/><V29/><F132/><W36/><G36/><T42/><D19/><U61/><E79/><V55/><F69/><W68/><G68/><T131/><D131/><U17/><E31/><V22/><F97/><W95/><G105/><T21/><D92/><N who="1" m="54343" /><E38/><V88/><F40/><N who="1" m="15433" /><E116/><V32/><F32/><W4/><G24/><T26/><D26/><U129/><E129/><V60/><F29/><W47/><REACH who="3" step="1"/><G7/><REACH who="3" ten="250,250,250,240" step="2"/><T106/><D106/><U121/><E121/><V57/><F12/><W3/><G3/><T113/><D113/><U2/><E2/><V23/><F5/><W134/><G134/><T135/><D135/><U48/><E61/><V125/><F125/><W110/><G110/><T81/><D71/><U28/><E28/><V8/><F8/><W109/><G109/><T103/><D70/><U77/><E9/><V20/><F14/><W104/><G104/><T34/><D30/><U117/><E17/><V99/><F22/><W89/><G89/><T94/><D21/><U118/><E16/><V45/><F23/><W130/><G130/><T66/><D74/><U35/><E118/><V123/><F20/><W18/><G18/><T111/><D72/><U25/><E117/><RYUUKYOKU ba="0,1" sc="250,-10,250,-10,250,-10,240,30" hai3="4,10,15,44,46,47,50,80,87,91,95,98,100" /><INIT seed="1,1,1,3,4,33" ten="240,240,240,270" oya="1" hai0="26,3,79,76,24,10,43,56,77,101,31,97,67" hai1="38,60,20,58,51,59,90,100,113,64,65,109,118" hai2="126,42,72,54,25,134,107,103,44,13,108,12,112" hai3="116,7,11,70,125,40,119,30,8,89,41,135,2"/><U127/><E113/><V18/><F72/><W63/><G89/><T86/><D43/><U19/><E118/><N who="3" m="45098" /><G135/><T16/><D86/><U80/><E38/><V114/><F134/><W94/><G94/><T82/><D82/><U84/><E127/><V6/><F126/><W39/><G39/><T105/><D24/><N who="1" m="14367" /><E109/><V34/><F108/><W88/><G30/><T74/><D74/><U37/><E37/><V130/><F130/><W132/><G132/><T93/><D105/><U131/><E131/><V128/><F128/><W27/><G27/><T61/><D3/><U106/><E106/><V62/><F42/><W66/><G125/><T50/><D50/><U22/><E100/><V129/><F129/><W122/><G122/><T115/><D115/><N who="2" m="44074" /><F103/><W53/><G53/><T21/><REACH who="0" step="1"/><D79/><REACH who="0" ten="230,240,240,270" step="2"/><U85/><E51/><N who="2" m="29031" /><F107/><W104/><G104/><T92/><D92/><U45/><E85/><V28/><F28/><W71/><G2/><T0/><D0/><U14/><E84/><V36/><F36/><W5/><G41/><T47/><D47/><U120/><E45/><V75/><F75/><W110/><G40/><T17/><D17/><N who="1" m="10551" /><E80/><V87/><F87/><W83/><G110/><T124/><D124/><U49/><E120/><V52/><F18/><W91/><G83/><T78/><D78/><U117/><E117/><V102/><F25/><W46/><G46/><T111/><D111/><U1/><E1/><V123/><F123/><W29/><G29/><T133/><D133/><U23/><E49/><V98/><F13/><AGARI ba="1,2" hai="10,13,16,21,26,31,56,61,67,76,77,93,97,101" machi="13" ten="40,8000,1" yaku="1,1,25,2,8,1,54,1,53,0" doraHai="33" doraHaiUra="48" who="0" fromWho="2" sc="230,103,240,0,240,-83,270,0" /><INIT seed="2,0,0,5,5,43" ten="333,240,157,270" oya="2" hai0="134,49,61,104,68,62,126,25,69,56,39,94,125" hai1="87,20,71,58,7,74,24,89,28,85,118,82,109" hai2="100,9,120,34,33,98,114,13,113,2,110,4,64" hai3="80,129,50,66,22,26,53,123,38,42,135,88,122"/><V96/><F120/><W90/><G129/><T51/><D104/><U119/><E71/><N who="0" m="27209" /><D94/><U44/><E74/><V46/><F64/><W41/><G135/><T106/><D106/><U95/><E109/><V55/><F110/><W130/><G130/><T99/><D99/><U8/><E58/><V75/><F75/><W79/><G66/><T107/><D107/><U102/><E102/><V111/><F111/><W12/><G12/><T59/><D25/><U14/><REACH who="1" step="1"/><E44/><REACH who="1" ten="333,230,157,270" step="2"/><V63/><F113/><W72/><G123/><T93/><D59/><U35/><E35/><V37/><F114/><W77/><G122/><T112/><D56/><U47/><E47/><V30/><F63/><W52/><G72/><T131/><D62/><U78/><AGARI ba="0,1" hai="7,8,14,20,24,28,78,82,85,87,89,95,118,119" machi="78" ten="20,5200,0" yaku="1,1,0,1,7,1,53,1" doraHai="43" doraHaiUra="17" who="1" fromWho="1" sc="333,-13,230,62,157,-26,270,-13" /><INIT seed="3,0,0,4,0,127" ten="320,292,131,257" oya="3" hai0="88,9,114,39,5,1,71,83,121,84,32,44,6" hai1="86,130,73,77,4,53,29,42,57,2,82,104,35" hai2="20,62,12,45,67,17,38,3,97,133,100,60,64" hai3="122,28,81,119,128,134,87,135,46,116,101,36,115"/><W110/><G115/><T113/><D121/><U78/><E104/><V19/><F3/><W63/><G122/><T74/><D71/><U106/><E106/><V92/><F133/><N who="3" m="50699" /><G28/><T94/><D32/><U10/><E42/><V31/><F38/><W30/><G30/><T89/><D6/><U0/><E0/><V23/><F45/><W98/><G63/><T123/><D123/><U21/><E35/><V25/><F62/><W72/><G46/><T111/><D111/><U54/><E73/><V124/><F124/><W41/><G41/><N who="0" m="22591" /><D89/><U76/><E53/><V24/><REACH who="2" step="1"/><F60/><REACH who="2" ten="320,292,121,257" step="2"/><W49/><G36/><T16/><D1/><U51/><E2/><V70/><F70/><W99/><G116/><T11/><D114/><U18/><E57/><V85/><F85/><W58/><G58/><T91/><D84/><U47/><E86/><V13/><F13/><W96/><G119/><T33/><D113/><U103/><E47/><V90/><F90/><N who="3" m="51567" /><G72/><T120/><D74/><U52/><E77/><V26/><F26/><W107/><G110/><T37/><D37/><U40/><E76/><V75/><F75/><W59/><G59/><T132/><D132/><U80/><E78/><V8/><AGARI ba="0,1" hai="8,12,17,19,20,23,24,25,31,64,67,92,97,100" machi="8" ten="20,5200,0" yaku="1,1,0,1,7,1,8,1,53,0" doraHai="127" doraHaiUra="125" who="2" fromWho="2" sc="320,-13,292,-13,121,62,257,-26" owari="307,40.7,279,7.9,183,-31.7,231,-16.9" /></mjloggm>