<mjloggm ver="2.3"><GO type="225" lobby="0"/><UN n0="%E3%81%A1%E3%82%85%E3%81%86%E3%81%A9%E3%81%8F%E8%B1%A1%E3%81%95%E3%82%93" n1="%77%72%77%72%77%72%77%72" n2="%E7%9C%9F%E4%B8%80" n3="%6D%75%75%6D%75%72%61" dan="16,16,17,16" rate="2095.08,2108.95,2258.50,2123.99" sx="M,M,M,F"/><TAIKYOKU oya="0"/><INIT seed="0,0,0,1,4,11" ten="250,250,250,250" oya="0" hai0="59,110,124,84,60,25,48,70,26,23,74,125,18" hai1="1,14,63,118,38,122,107,94,46,87,49,41,134" hai2="69,64,56,62,15,78,82,27,123,90,79,40,39" hai3="73,96,126,19,108,43,9,101,115,99,52,36,80"/><T10/><D74/><U102/><E118/><V98/><F123/><W88/><G115/><T30/><D110/><U4/><E122/><V33/><F69/><W7/><G108/><T117/><D117/><U28/><E134/><V100/><F39/><W37/><G126/><N who="0" m="48747" /><D70/><U92/><E1/><V133/><F40/><W16/><G73/><T2/><D48/><U77/><E38/><V65/><F65/><W8/><G37/><T42/><D42/><U132/><E28/><V34/><F133/><W21/><G36/><T45/><D45/><U106/><E132/><V130/><F130/><W58/><G43/><T68/><D68/><U22/><E22/><V103/><F34/><W119/><G119/><T120/><D120/><U3/><E3/><V6/><F33/><W121/><G121/><T44/><D44/><U55/><E102/><N who="2" m="38955" /><F27/><W86/><G7/><N who="0" m="1399" /><D84/><U51/><E63/><V97/><F97/><N who="3" m="37451" /><G101/><T116/><D116/><U17/><E107/><V83/><F98/><W5/><G5/><T111/><D111/><U81/><E4/><V129/><F129/><W53/><G19/><T127/><D127/><U67/><E106/><V0/><F0/><W66/><G8/><T114/><D114/><U29/><E29/><V13/><F6/><W135/><G9/><T75/><D75/><U128/><E128/><V85/><F83/><W113/><G135/><T57/><D60/><U61/><E41/><V104/><F104/><W31/><G113/><T50/><D50/><U109/><E109/><V35/><F35/><AGARI ba="0,0" hai="18,23,25,26,30,35,57,59" m="1399,48747" machi="35" ten="30,1500,0" yaku="18,1" doraHai="11" who="0" fromWho="2" sc="250,15,250,0,250,-15,250,0" /><INIT seed="0,1,0,1,1,10" ten="265,250,235,250" oya="0" hai0="16,65,135,93,48,23,59,117,21,101,13,132,47" hai1="49,58,33,71,3,41,129,115,77,45,54,52,63" hai2="55,72,83,74,97,114,31,27,109,56,28,131,130" hai3="64,12,43,2,111,19,127,18,118,67,15,120,60"/><T96/><D117/><U40/><E3/><V90/><F114/><W99/><G118/><T119/><D119/><U88/><E33/><V85/><F109/><W62/><G2/><T37/><D37/><U91/><E115/><V5/><F5/><W122/><G111/><T105/><D105/><U22/><E129/><N who="2" m="49163" /><F97/><W36/><G99/><T20/><D59/><U6/><E71/><V70/><F70/><W110/><G110/><T1/><D1/><U106/><E106/><V102/><F102/><W39/><REACH who="3" step="1"/><G43/><REACH who="3" ten="265,250,235,240" step="2"/><N who="1" m="16458" /><E77/><V44/><F44/><W14/><G14/><T87/><D87/><U4/><E22/><N who="2" m="15479" /><F31/><W78/><G78/><T38/><D38/><U125/><E125/><AGARI ba="1,1" hai="12,15,18,19,36,39,60,62,64,67,120,122,125,127" machi="125" ten="25,8000,1" yaku="1,1,22,2,52,2,53,0" doraHai="10" doraHaiUra="121" who="3" fromWho="1" sc="265,0,250,-83,235,0,240,93" /><INIT seed="1,0,0,2,1,70" ten="265,167,235,333" oya="1" hai0="49,54,11,29,101,51,106,135,41,15,9,89,72" hai1="1,83,87,66,104,121,47,120,102,35,23,13,39" hai2="24,77,107,100,94,3,58,81,74,95,88,109,37" hai3="93,46,60,31,44,40,14,113,17,7,75,53,18"/><U78/><E35/><V92/><F3/><W2/><G113/><T57/><D72/><U133/><E1/><V129/><F37/><W91/><G75/><T26/><D135/><U20/><E133/><V118/><F118/><W131/><G131/><T76/><D76/><U99/><E66/><V21/><F129/><W63/><G2/><T115/><D115/><U43/><REACH who="1" step="1"/><E13/><REACH who="1" ten="265,157,235,333" step="2"/><V38/><F109/><W16/><G14/><T71/><D15/><U105/><E105/><V98/><F38/><W22/><G31/><T85/><D106/><U28/><E28/><V124/><F124/><W125/><G125/><T82/><D29/><U123/><AGARI ba="0,1" hai="20,23,39,43,47,78,83,87,99,102,104,120,121,123" machi="123" ten="30,6000,0" yaku="1,1,0,1,52,1,53,0" doraHai="70" doraHaiUra="55" who="1" fromWho="1" sc="265,-20,157,70,235,-20,333,-20" /><INIT seed="1,1,0,5,3,23" ten="245,227,215,313" oya="1" hai0="14,122,76,28,31,79,89,93,39,113,55,129,92" hai1="117,86,85,108,26,97,44,11,75,134,33,74,27" hai2="35,40,90,64,49,83,54,29,126,42,128,81,20" hai3="15,87,70,50,12,16,94,121,24,58,41,7,130"/><U62/><E117/><V43/><F35/><W37/><G70/><T125/><D113/><U119/><E119/><V6/><F128/><W53/><G121/><T68/><D68/><U100/><E33/><V132/><F132/><W95/><G130/><T34/><D129/><U51/><E134/><V105/><F105/><W135/><G135/><T25/><D39/><U1/><E108/><V47/><F126/><W18/><G37/><T101/><D125/><U48/><E62/><V17/><F29/><W96/><G41/><T104/><D104/><U73/><E1/><V36/><F36/><W82/><G7/><T69/><D69/><U59/><E11/><V32/><F32/><W57/><G57/><T116/><D116/><U21/><E59/><V123/><F123/><W63/><G63/><T3/><D3/><U111/><E111/><V84/><F64/><W66/><G66/><T45/><D14/><N who="3" m="5161" /><G24/><T77/><D28/><U106/><E48/><V0/><F6/><W78/><G95/><T5/><D5/><U13/><E13/><N who="2" m="9263" /><F0/><W115/><G115/><T109/><D109/><U110/><E110/><V99/><F99/><W30/><G30/><T80/><D122/><U19/><REACH who="1" step="1"/><E27/><REACH who="1" ten="245,217,215,313" step="2"/><V102/><F49/><W124/><G124/><T8/><D25/><U65/><E65/><V98/><F54/><AGARI ba="1,1" hai="19,21,26,44,51,54,73,74,75,85,86,97,100,106" machi="54" ten="40,3900,0" yaku="1,1,52,1,53,0" doraHai="23" doraHaiUra="10" who="1" fromWho="2" sc="245,0,217,52,215,-42,313,0" /><INIT seed="1,2,0,2,2,132" ten="245,269,173,313" oya="1" hai0="1,83,38,25,76,60,3,112,126,35,125,122,110" hai1="78,17,128,29,111,77,23,6,113,127,131,63,129" hai2="133,93,135,9,88,12,67,66,117,80,33,64,32" hai3="96,8,121,36,26,45,89,120,108,81,59,109,47"/><U54/><E113/><V50/><F117/><W86/><G36/><T52/><D112/><U104/><E104/><V130/><F130/><W98/><G59/><N who="0" m="34919" /><D38/><U123/><E123/><N who="3" m="47178" /><G26/><T13/><D122/><U24/><E111/><N who="3" m="42570" /><G8/><T2/><D110/><U92/><E6/><V19/><F80/><W39/><G39/><T10/><D25/><U124/><E92/><V16/><F19/><W42/><G42/><T90/><D90/><U95/><E95/><V18/><F18/><W101/><G98/><T43/><D43/><U134/><E134/><N who="2" m="51211" /><F50/><W102/><G102/><T116/><D116/><U106/><E106/><AGARI ba="2,0" hai="45,47,81,86,89,96,101,106" m="42570,47178" machi="106" ten="30,1000,0" yaku="14,1" doraHai="132" who="3" fromWho="1" sc="245,0,269,-16,173,0,313,16" /><INIT seed="2,0,0,3,4,13" ten="245,253,173,329" oya="2" hai0="98,123,132,124,88,30,113,1,82,84,121,2,4" hai1="58,135,28,10,16,92,0,76,71,47,18,119,72" hai2="5,85,93,91,131,97,39,117,105,102,87,109,80" hai3="95,35,56,40,96,3,49,90,55,7,61,78,14"/><V106/><F117/><W127/><G3/><T23/><D113/><U128/><E71/><V70/><F70/><W115/><G127/><T112/><D112/><U120/><E119/><V43/><F5/><W74/><G35/><T68/><D68/><U89/><E128/><V48/><F39/><W9/><G115/><T108/><D124/><U65/><E28/><V60/><F60/><W24/><G24/><T77/><D108/><U126/><E126/><V42/><F42/><W100/><G74/><T64/><D64/><U6/><E135/><V116/><F43/><W133/><G133/><T8/><D132/><U27/><E27/><V22/><F48/><W53/><G78/><T38/><D38/><U67/><E120/><V51/><F51/><W103/><G40/><T19/><D30/><U26/><E26/><V45/><F45/><AGARI ba="0,0" hai="7,9,14,45,49,53,55,56,61,90,95,96,100,103" machi="45" ten="30,2000,0" yaku="7,1,8,1" doraHai="13" who="3" fromWho="2" sc="245,0,253,0,173,-20,329,20" /><INIT seed="3,0,0,5,5,7" ten="245,253,153,349" oya="3" hai0="58,42,35,131,112,33,134,31,62,103,55,120,108" hai1="99,15,71,94,69,135,130,49,88,129,52,81,4" hai2="125,101,105,89,90,60,119,9,10,127,114,133,85" hai3="80,87,11,12,65,115,132,56,14,63,104,77,34"/><W122/><G115/><T74/><D120/><U92/><E81/><V98/><F119/><W3/><G104/><T43/><D108/><U47/><E135/><V113/><F133/><W70/><G34/><T51/><D134/><U50/><E50/><V27/><F27/><W82/><G3/><T68/><D74/><U26/><E26/><V21/><F21/><W124/><G14/><T32/><D112/><U24/><E24/><V17/><F60/><W16/><G124/><N who="2" m="47689" /><F17/><W5/><G5/><T30/><D131/><N who="1" m="50187" /><E92/><N who="2" m="54319" /><F90/><W41/><G63/><T123/><D68/><U83/><E83/><V121/><F121/><W44/><G82/><T107/><D123/><U6/><E6/><V117/><F117/><W93/><G70/><T67/><D30/><U95/><E95/><V102/><F102/><W38/><G93/><T86/><D31/><U64/><E64/><V126/><N who="2" m="47697" /><V0/><DORA hai="8" /><F0/><W84/><G65/><T20/><D103/><U13/><E4/><V61/><F61/><W109/><G80/><T72/><D20/><U28/><E28/><V40/><F40/><W97/><G41/><T110/><D32/><U116/><E116/><V45/><F45/><W106/><G44/><T66/><D42/><U19/><E19/><V2/><F2/><W75/><G16/><T25/><D43/><U36/><E36/><V29/><F29/><W48/><G38/><T100/><D33/><U59/><E47/><V57/><F57/><W18/><G56/><T73/><D58/><U118/><E118/><V96/><F96/><W76/><G132/><T111/><D35/><RYUUKYOKU ba="0,0" sc="245,-15,253,15,153,15,349,-15" hai1="13,15,49,52,59,69,71,88,94,99" hai2="9,10,98,101,105,113,114" owari="230,-17.0,268,6.8,168,-33.2,334,43.4" /></mjloggm>