<mjloggm ver="2.3"><GO type="225" lobby="0"/><UN n0="%E6%B8%A1%E5%A4%A9%E8%97%8D" n1="%E3%81%A9%E3%82%8F%E3%82%93%E3%81%94" n2="%6D%75%75%6D%75%72%61" n3="%E6%98%93%E5%88%A9%E8%96%A9%E4%BC%AF" dan="16,16,16,16" rate="2112.40,2056.92,2145.28,2052.39" sx="F,M,F,F"/><TAIKYOKU oya="0"/><INIT seed="0,0,0,2,4,3" ten="250,250,250,250" oya="0" hai0="59,0,22,32,11,8,31,69,14,53,115,42,114" hai1="26,83,127,73,34,95,24,90,23,57,5,79,96" hai2="89,43,16,122,20,108,58,88,9,85,51,132,15" hai3="2,120,118,63,56,13,71,116,105,91,19,131,60"/><T4/><D69/><U129/><E127/><V25/><F122/><W81/><G120/><T46/><D32/><U28/><E129/><V109/><F132/><W125/><G131/><T87/><D87/><U84/><E57/><V80/><F89/><W99/><G2/><T29/><D29/><U119/><E119/><V55/><REACH who="2" step="1"/><F43/><REACH who="2" ten="250,250,240,250" step="2"/><W104/><G91/><T47/><D42/><U70/><E70/><V128/><F128/><W78/><G125/><T121/><D121/><U75/><E5/><AGARI ba="0,1" hai="5,9,15,16,20,25,51,55,58,80,85,88,108,109" machi="5" ten="40,8000,1" yaku="1,1,52,1,54,2,53,0" doraHai="3" doraHaiUra="41" who="2" fromWho="1" sc="250,0,250,-80,240,90,250,0" /><INIT seed="1,0,0,0,0,100" ten="250,170,330,250" oya="1" hai0="119,124,26,65,97,1,82,76,81,90,93,78,80" hai1="56,109,4,123,11,92,94,20,118,49,115,121,44" hai2="12,51,30,70,3,61,35,60,34,67,86,54,127" hai3="47,113,131,112,46,83,59,132,16,23,36,32,135"/><U79/><E118/><V107/><F3/><W68/><G68/><T25/><D1/><U125/><E115/><V58/><F127/><W108/><G32/><T106/><D119/><U52/><E125/><V98/><F86/><W87/><G108/><T17/><D65/><U41/><E109/><V105/><F98/><W18/><G59/><T50/><D124/><U24/><E79/><N who="0" m="30249" /><D17/><N who="3" m="6761" /><G23/><T99/><D50/><U77/><E77/><V55/><F12/><W64/><G64/><T7/><D7/><U22/><E123/><V42/><F42/><W122/><G122/><T72/><D25/><U8/><E121/><V31/><F35/><W43/><G47/><T130/><D26/><U45/><E45/><V2/><F2/><W21/><G21/><N who="1" m="8298" /><E24/><V111/><F34/><W48/><G36/><T128/><D72/><U89/><E4/><V0/><F0/><W27/><G27/><T38/><D38/><U103/><E103/><AGARI ba="0,0" hai="80,81,82,90,93,97,99,103,106,128,130" m="30249" machi="103" ten="30,3900,0" yaku="34,2,52,1" doraHai="100" who="0" fromWho="1" sc="250,39,170,-39,330,0,250,0" /><INIT seed="2,0,0,5,4,73" ten="289,131,330,250" oya="2" hai0="0,86,127,48,43,89,65,55,97,5,130,113,54" hai1="99,87,26,78,75,112,16,92,62,85,52,102,74" hai2="110,68,36,9,119,131,33,59,94,28,41,100,3" hai3="82,120,122,115,2,129,11,107,30,42,56,29,83"/><V40/><F119/><W50/><G107/><T109/><D113/><U44/><E112/><V6/><F68/><W103/><G103/><T66/><D109/><U10/><E75/><V13/><F110/><W126/><G115/><T38/><D38/><U58/><E44/><V123/><F123/><W8/><G126/><T18/><D127/><U47/><E47/><V34/><F131/><W77/><G129/><T88/><D5/><U84/><E74/><V22/><F34/><W1/><G50/><T20/><D0/><U81/><E10/><V49/><F36/><W114/><G114/><T12/><D43/><U105/><E105/><V125/><F125/><W91/><G56/><N who="0" m="32839" /><D55/><U32/><E32/><V135/><F41/><W108/><G91/><T128/><D128/><U69/><E69/><V14/><F3/><W133/><G42/><T63/><D63/><U53/><E53/><V46/><F59/><W106/><G106/><T116/><D116/><U80/><E80/><V67/><F33/><W25/><G108/><T35/><D35/><U90/><E102/><V15/><F67/><W76/><G25/><T71/><D71/><U134/><E134/><AGARI ba="0,0" hai="1,2,8,11,29,30,76,77,82,83,120,122,133,134" machi="134" ten="25,6400,0" yaku="22,2,52,2" doraHai="73" who="3" fromWho="1" sc="289,0,131,-64,330,0,250,64" /><INIT seed="3,0,0,3,0,41" ten="289,67,330,314" oya="3" hai0="95,79,115,130,52,9,64,132,15,10,39,134,21" hai1="35,31,88,3,81,48,27,74,46,78,121,65,116" hai2="57,102,4,69,76,109,11,75,105,53,18,120,50" hai3="122,99,16,44,45,32,56,66,24,129,20,22,62"/><W38/><G122/><T47/><D64/><U113/><E121/><V127/><F120/><W42/><G129/><T108/><D130/><U119/><E113/><V5/><F69/><W7/><G7/><T117/><D117/><U33/><E3/><V19/><F109/><W37/><G32/><T25/><D108/><U135/><E135/><N who="0" m="51753" /><D39/><U128/><E128/><V126/><F76/><W131/><G131/><T49/><D115/><U55/><E119/><V1/><F75/><W118/><G118/><T107/><D107/><U13/><E116/><V100/><F5/><W72/><G72/><T93/><D79/><U71/><E35/><V98/><F102/><W23/><G99/><T30/><D9/><U84/><E71/><V8/><F8/><W86/><G86/><T83/><D83/><U89/><E65/><V80/><F80/><W73/><G73/><T14/><D14/><U40/><E74/><V96/><F96/><W0/><G0/><T82/><D82/><U133/><E133/><V58/><F58/><W54/><G66/><T68/><D68/><U26/><E26/><V67/><F67/><W36/><G36/><T28/><D30/><U2/><E2/><V63/><F63/><W43/><AGARI ba="0,0" hai="16,20,22,23,24,37,38,42,43,44,45,54,56,62" machi="43" ten="30,12000,1" yaku="0,1,9,1,52,2,54,1" doraHai="41" who="3" fromWho="3" sc="289,-40,67,-40,330,-40,314,120" owari="249,-15.1,27,-47.3,290,9.0,434,53.4" /></mjloggm>