<mjloggm ver="2.3"><GO type="225" lobby="0"/><UN n0="%E3%81%BF%E3%81%BF%E3%81%9A" n1="%E9%B3%B3%E6%9D%B1%E3%81%AE%E3%81%86%E3%81%95%E3%81%8E%E3%81%95%E3%82%93" n2="%E4%B8%AD%E5%B9%B4%E3%81%AE%E5%8D%B1%E6%A9%9F" n3="%33%74%72%65%65" dan="17,16,17,17" rate="2238.53,2120.90,2160.28,2248.98" sx="M,M,M,F"/><TAIKYOKU oya="0"/><INIT seed="0,0,0,5,3,29" ten="250,250,250,250" oya="0" hai0="122,21,129,43,22,11,123,103,130,134,10,23,102" hai1="120,60,2,107,114,19,115,52,55,30,3,111,132" hai2="46,91,121,59,25,5,126,53,69,80,31,47,78" hai3="87,27,54,124,71,65,50,24,6,105,42,86,58"/><T66/><D43/><U74/><E120/><N who="0" m="46121" /><D66/><U99/><E111/><V83/><F126/><W73/><G73/><T51/><D51/><U96/><E132/><V18/><F69/><W109/><G105/><T70/><D70/><U16/><E30/><V98/><F18/><N who="1" m="6697" /><E74/><V104/><F5/><W75/><G109/><T67/><D67/><U8/><E8/><N who="0" m="3113" /><D134/><U13/><E13/><V106/><F121/><W64/><G124/><T15/><D15/><U119/><E119/><V48/><F106/><W14/><G75/><T100/><AGARI ba="0,0" hai="21,22,23,100,102,103,129,130" m="3113,46121" machi="100" ten="40,3900,0" yaku="28,2" doraHai="29" who="0" fromWho="0" sc="250,39,250,-13,250,-13,250,-13" /><INIT seed="0,1,0,5,2,51" ten="289,237,237,237" oya="0" hai0="77,105,95,42,2,116,65,17,103,102,85,22,9" hai1="89,5,13,12,72,56,68,36,45,27,109,91,70" hai2="90,121,33,114,37,108,76,0,92,28,67,11,79" hai3="10,30,58,59,129,69,57,84,93,7,35,66,130"/><T48/><D116/><U88/><E109/><V112/><F37/><W52/><G69/><T55/><D105/><U99/><E72/><V118/><F67/><W60/><G30/><T101/><D2/><U134/><E134/><V122/><F92/><W111/><G35/><T43/><D9/><U83/><E83/><V74/><F90/><N who="3" m="53447" /><G66/><T25/><D65/><U73/><E73/><V47/><F47/><W120/><G111/><T131/><D131/><N who="3" m="50185" /><G120/><N who="2" m="46185" /><F76/><W24/><G24/><T117/><D117/><U106/><E27/><N who="2" m="18591" /><F108/><W53/><G60/><T119/><D119/><U100/><E56/><V31/><F118/><W44/><G44/><N who="0" m="28039" /><D95/><U104/><E104/><V38/><F38/><W98/><G98/><T29/><D29/><U18/><E36/><V1/><F31/><W21/><G21/><T15/><D25/><U81/><E70/><V110/><F110/><W6/><G6/><T14/><D15/><AGARI ba="1,0" hai="7,10,15,52,53,57,58,59" m="50185,53447" machi="15" ten="30,7700,0" yaku="19,1,52,2,54,1" doraHai="51" who="3" fromWho="0" sc="289,-80,237,0,237,0,237,80" /><INIT seed="1,0,0,4,2,94" ten="209,237,237,317" oya="1" hai0="67,6,113,83,120,89,21,121,119,34,37,5,77" hai1="50,122,19,45,134,97,12,85,28,80,53,88,48" hai2="117,30,86,75,126,69,98,49,13,125,130,127,15" hai3="17,79,104,76,84,25,63,95,7,133,32,131,42"/><U108/><E134/><V92/><F75/><W65/><G104/><T24/><D113/><U2/><E122/><N who="0" m="47209" /><D119/><U11/><E108/><V31/><F117/><W103/><G7/><T16/><D37/><U38/><E2/><V56/><F69/><W135/><G42/><T55/><D67/><U20/><E38/><V62/><F86/><W43/><G43/><T66/><D66/><U1/><E1/><V44/><F130/><W73/><G73/><N who="0" m="43439" /><D55/><U70/><E70/><V8/><F31/><N who="3" m="19567" /><G65/><T81/><D34/><U57/><E97/><V78/><F30/><W0/><G131/><T4/><D81/><U41/><E28/><V93/><F78/><W40/><G79/><T105/><D89/><U22/><AGARI ba="0,0" hai="11,12,19,20,22,41,45,48,50,53,57,80,85,88" machi="22" ten="30,6000,0" yaku="0,1,8,1,54,1" doraHai="94" who="1" fromWho="1" sc="209,-20,237,60,237,-20,317,-20" /><INIT seed="1,1,0,1,5,108" ten="189,297,217,297" oya="1" hai0="46,107,86,93,83,125,131,59,95,15,9,82,6" hai1="135,80,100,31,12,25,53,34,62,30,24,29,65" hai2="118,45,109,21,19,78,111,26,8,126,73,116,16" hai3="89,10,35,68,11,133,96,84,112,88,123,121,1"/><U91/><E135/><V124/><F73/><W130/><G133/><T37/><D107/><U103/><E53/><V105/><F78/><W128/><G68/><T94/><D131/><N who="3" m="50217" /><G35/><T61/><D125/><N who="2" m="48234" /><F45/><W58/><G1/><T2/><D2/><U36/><E36/><V17/><F105/><W134/><G134/><T90/><D37/><U92/><E80/><V27/><F8/><N who="3" m="3115" /><G58/><T87/><D46/><U120/><E12/><V79/><F79/><W3/><G3/><T129/><D129/><U114/><E120/><N who="3" m="46154" /><G84/><T51/><D51/><U66/><E62/><V117/><F26/><W104/><G112/><T85/><REACH who="0" step="1"/><D82/><REACH who="0" ten="179,297,217,297" step="2"/><U42/><E114/><V74/><F74/><W54/><G54/><AGARI ba="1,1" hai="6,9,15,54,59,61,83,85,86,87,90,93,94,95" machi="54" ten="40,8000,1" yaku="1,1,2,1,8,1,53,1" doraHai="108" doraHaiUra="5" who="0" fromWho="3" sc="179,93,297,0,217,0,297,-83" /><INIT seed="2,0,0,4,2,99" ten="272,297,217,214" oya="2" hai0="19,101,55,69,125,52,20,116,27,111,1,18,47" hai1="79,134,48,109,114,0,12,90,3,96,132,121,91" hai2="102,39,83,112,8,35,13,23,46,54,128,40,15" hai3="81,77,93,2,126,56,10,103,100,133,41,64,37"/><V130/><F112/><W120/><G120/><T97/><D111/><U74/><E114/><V110/><F35/><W95/><G37/><T123/><D123/><U106/><E121/><V4/><F110/><W32/><G32/><T89/><D125/><U135/><E109/><V92/><F54/><W104/><G104/><T65/><D116/><U21/><E48/><V119/><F119/><W5/><G41/><T51/><D1/><N who="1" m="587" /><E79/><V88/><F83/><W49/><G126/><T84/><D69/><U108/><E74/><V16/><REACH who="2" step="1"/><F102/><REACH who="2" ten="272,297,207,214" step="2"/><W66/><G103/><T75/><D55/><U67/><E108/><V17/><F17/><W44/><G100/><T30/><D65/><U7/><E67/><V9/><F9/><W11/><G11/><T82/><REACH who="0" step="1"/><D75/><REACH who="0" ten="262,297,207,214" step="2"/><U80/><E135/><V76/><F76/><W78/><G78/><T73/><D73/><U25/><E134/><V38/><F38/><W71/><G133/><T105/><AGARI ba="0,2" hai="18,19,20,27,30,47,51,52,82,84,89,97,101,105" machi="105" ten="20,12000,2" yaku="1,1,0,1,7,1,52,1,54,1,53,1" doraHai="99" doraHaiUra="85" who="0" fromWho="0" sc="262,140,297,-30,207,-60,214,-30" /><INIT seed="3,0,0,2,3,11" ten="402,267,147,184" oya="3" hai0="117,76,54,28,123,107,68,27,83,95,34,36,61" hai1="6,81,17,134,49,41,19,104,66,23,82,87,116" hai2="110,133,124,98,111,47,84,135,3,4,45,72,75" hai3="112,21,92,13,18,125,108,132,15,60,25,70,1"/><W35/><G112/><T53/><D123/><U7/><E104/><V26/><F4/><N who="1" m="1577" /><E134/><N who="2" m="51211" /><F3/><W94/><G132/><T32/><D95/><N who="3" m="36393" /><G35/><T64/><D117/><U30/><E116/><V42/><F84/><W37/><G37/><T10/><D10/><U88/><E66/><V2/><F2/><W93/><G1/><T59/><D36/><U46/><E81/><V77/><F77/><W0/><G0/><T131/><D131/><U51/><E51/><V8/><F98/><W86/><G70/><T90/><D90/><U62/><E62/><V52/><F124/><W91/><G125/><T89/><D89/><U109/><E109/><N who="2" m="41483" /><F26/><AGARI ba="0,0" hai="17,19,23,26,30,41,46,49,82,87,88" m="1577" machi="26" ten="30,2000,0" yaku="8,1,54,1" doraHai="11" who="1" fromWho="2" sc="402,0,267,20,147,-20,184,0" owari="402,50.2,287,8.7,127,-37.3,184,-21.6" /></mjloggm>