<mjloggm ver="2.3"><GO type="225" lobby="0"/><UN n0="%E9%BB%92%E9%89%84%E7%8F%A0%E9%9B%AB" n1="%E7%99%BD%E6%97%A5%E9%9B%AA%E8%8F%9C" n2="%73%6C%69%63%6B%33%31%39" n3="%E3%81%BF%E3%81%BF%E3%81%9A" dan="16,16,16,16" rate="2176.58,2184.39,2103.54,2175.62" sx="M,M,M,M"/><TAIKYOKU oya="0"/><INIT seed="0,0,0,4,1,63" ten="250,250,250,250" oya="0" hai0="59,110,6,82,74,122,25,88,108,53,62,20,48" hai1="2,22,32,54,135,87,126,60,99,89,23,16,24" hai2="1,90,5,27,50,81,43,12,4,30,18,107,38" hai3="66,51,35,101,58,10,129,111,103,123,113,31,83"/><T120/><D6/><U67/><E2/><V0/><F107/><W49/><G113/><T52/><D74/><U17/><E126/><V93/><F38/><W94/><G111/><N who="0" m="42539" /><D82/><U47/><E135/><V84/><F0/><W34/><G129/><T3/><D3/><U132/><E132/><V131/><F131/><W71/><G123/><T91/><D120/><U39/><E32/><V68/><F68/><W65/><G71/><T85/><D85/><U134/><E134/><V9/><F43/><W124/><G124/><T118/><D118/><U80/><E99/><V69/><F69/><W128/><G128/><T121/><D121/><U28/><E22/><N who="2" m="15735" /><F50/><W26/><G34/><T72/><D72/><U46/><E39/><V29/><F29/><W77/><G10/><T15/><D15/><U44/><REACH who="1" step="1"/><E54/><REACH who="1" ten="250,240,250,250" step="2"/><V42/><F42/><W70/><G35/><T133/><D133/><U98/><E98/><N who="2" m="57655" /><F1/><W127/><G127/><T45/><D122/><U75/><E75/><V7/><F7/><W78/><G103/><T41/><D41/><U36/><E36/><V104/><F104/><W114/><G101/><T116/><D116/><U102/><E102/><V73/><F73/><W14/><G114/><T130/><D130/><U125/><E125/><V13/><F4/><W55/><G55/><T105/><D105/><U109/><E109/><V8/><F84/><W57/><G31/><AGARI ba="0,1" hai="20,25,31,45,48,52,53,59,62,88,91" m="42539" machi="31" ten="30,11600,0" yaku="14,1,10,1,54,2" doraHai="63" who="0" fromWho="3" sc="250,126,240,0,250,0,250,-116" /><INIT seed="0,1,0,2,3,19" ten="376,240,250,134" oya="0" hai0="88,68,53,13,17,41,118,58,25,122,11,101,1" hai1="36,130,123,66,26,31,2,38,129,77,42,16,48" hai2="81,21,69,95,80,63,132,51,93,0,99,87,65" hai3="110,49,10,131,125,107,76,32,78,7,54,106,37"/><T12/><D122/><U104/><E123/><V43/><F0/><W120/><G37/><T119/><D68/><U102/><E2/><V133/><F95/><W98/><G120/><T72/><D1/><U91/><E77/><V97/><F99/><W117/><G32/><T67/><D72/><U100/><E66/><V15/><F51/><W4/><G117/><T8/><D67/><U74/><E74/><V114/><F43/><W103/><G110/><T6/><D101/><U57/><E91/><V70/><F70/><W9/><G125/><T83/><D25/><U86/><E86/><V52/><F114/><W59/><G131/><N who="1" m="50186" /><E16/><N who="2" m="10399" /><F52/><W64/><G64/><T47/><D41/><U134/><E134/><N who="2" m="51819" /><F87/><W128/><G128/><T22/><D47/><N who="1" m="25719" /><E57/><V126/><F126/><W108/><G108/><T23/><D118/><U96/><E102/><AGARI ba="1,0" hai="63,65,69,80,81,93,97,102" m="51819,10399" machi="102" ten="30,3900,0" yaku="20,1,52,1,54,1" doraHai="19" who="2" fromWho="1" sc="376,0,240,-42,250,42,134,0" /><INIT seed="1,0,0,3,2,41" ten="376,198,292,134" oya="1" hai0="20,116,101,0,42,19,73,81,3,114,120,131,118" hai1="6,25,88,50,70,99,92,121,26,37,82,79,94" hai2="97,74,10,17,68,112,1,91,64,45,39,105,2" hai3="130,71,13,44,90,60,104,67,96,43,107,5,23"/><U125/><E121/><V89/><F74/><W59/><G130/><T16/><D114/><U80/><E37/><V4/><F112/><W53/><G90/><T122/><D131/><U28/><E70/><V113/><F113/><W65/><G96/><T100/><D42/><U76/><E125/><V7/><F17/><N who="0" m="6730" /><D20/><U11/><E50/><V57/><F68/><W123/><G123/><N who="0" m="47147" /><D81/><U48/><E48/><V61/><F39/><W9/><G23/><T95/><D73/><U69/><E69/><V124/><F124/><W24/><G24/><T49/><D49/><U30/><E11/><V86/><F45/><W21/><G21/><T15/><D15/><U66/><E6/><V63/><F63/><W84/><G84/><T12/><D12/><U117/><E117/><N who="0" m="45161" /><D95/><U133/><E94/><V31/><F31/><W83/><G83/><T77/><D77/><U132/><E80/><V111/><F86/><W35/><G35/><T134/><D134/><N who="1" m="51819" /><E79/><V110/><F4/><W22/><G22/><T75/><D75/><U102/><E76/><V54/><F1/><AGARI ba="0,0" hai="0,1,3,100,101" m="45161,47147,6730" machi="1" ten="40,8000,1" yaku="28,2,13,1,54,1" doraHai="41" who="0" fromWho="2" sc="376,80,198,0,292,-80,134,0" /><INIT seed="2,0,0,1,0,112" ten="456,198,212,134" oya="2" hai0="95,11,121,109,123,54,19,99,97,35,42,79,65" hai1="57,18,82,89,60,71,88,40,105,87,5,115,14" hai2="130,10,16,4,23,72,17,64,8,132,127,81,44" hai3="91,26,48,56,133,49,33,108,120,103,69,41,94"/><V122/><F122/><W101/><G120/><T92/><D35/><U75/><E115/><V25/><F130/><W118/><G69/><T116/><D109/><U31/><E71/><V73/><F127/><W129/><G129/><T119/><D79/><U37/><E105/><V70/><F132/><W38/><G133/><T62/><D42/><U61/><E75/><V9/><F4/><W24/><G108/><T46/><D46/><U28/><E5/><V114/><F114/><W15/><G38/><T74/><D74/><U80/><E37/><V93/><F93/><W124/><G124/><T51/><D11/><U126/><E40/><V47/><F17/><W53/><G33/><T90/><D19/><U113/><E113/><V107/><F107/><W125/><G125/><T50/><D121/><U78/><E126/><V3/><F3/><W85/><G118/><N who="0" m="45099" /><D54/><N who="1" m="33847" /><E61/><N who="2" m="40207" /><F73/><W84/><G84/><T68/><D123/><U67/><E67/><V58/><F72/><W128/><G128/><T6/><D6/><U98/><E78/><V7/><F7/><W110/><G110/><T77/><D77/><U45/><E45/><V63/><F47/><W2/><G2/><T20/><D20/><N who="1" m="11351" /><E80/><V0/><F44/><N who="3" m="25615" /><G15/><T22/><D22/><U32/><E32/><V104/><F81/><W29/><G29/><T96/><D96/><U111/><E111/><V76/><F76/><W12/><G12/><T100/><AGARI ba="0,0" hai="50,51,62,65,68,90,92,95,97,99,100" m="45099" machi="100" ten="30,7900,0" yaku="12,1,52,3" doraHai="112" who="0" fromWho="0" sc="456,79,198,-20,212,-39,134,-20" /><INIT seed="3,0,0,0,1,131" ten="535,178,173,114" oya="3" hai0="56,93,126,66,74,64,83,49,24,57,99,95,6" hai1="92,72,122,17,59,52,45,103,127,116,40,60,90" hai2="19,85,39,123,23,69,96,128,41,50,86,4,117" hai3="114,102,47,15,54,97,2,115,112,129,25,29,120"/><W104/><G120/><T22/><D126/><U37/><E122/><V108/><F123/><W125/><G129/><T109/><D109/><U124/><E72/><V70/><F117/><W106/><G125/><N who="1" m="48202" /><E116/><V36/><F128/><W132/><G2/><T61/><D6/><U48/><E17/><V0/><F108/><W46/><G132/><T13/><D13/><U30/><E30/><V63/><F39/><W14/><G106/><T91/><D74/><U75/><E75/><V34/><F36/><W18/><G54/><N who="0" m="31823" /><D83/><U51/><E103/><V3/><F34/><W65/><G65/><N who="0" m="39087" /><D95/><U111/><E111/><V12/><F96/><AGARI ba="0,0" hai="37,40,45,48,51,52,59,60,90,92,96" m="48202" machi="96" ten="30,2000,0" yaku="18,1,54,1" doraHai="131" who="1" fromWho="2" sc="535,0,178,20,173,-20,114,0" owari="535,63.5,198,-0.2,153,-24.7,114,-38.6" /></mjloggm>