<mjloggm ver="2.3"><GO type="225" lobby="0"/><UN n0="%E3%83%AD%E3%83%83%E3%83%86%E9%9B%80%E7%90%83" n1="%72%61%6B%33" n2="%54%4F%52" n3="%48%61%61%61%6C%61%6E%64" dan="17,17,17,17" rate="2270.05,2279.12,2242.37,2244.90" sx="M,M,M,M"/><TAIKYOKU oya="0"/><INIT seed="0,0,0,4,3,67" ten="250,250,250,250" oya="0" hai0="10,29,63,42,8,130,110,132,64,32,89,102,127" hai1="73,39,38,93,3,119,60,43,34,22,75,123,46" hai2="96,53,118,45,106,33,134,86,114,66,107,14,52" hai3="58,133,101,68,56,59,31,121,6,112,71,111,74"/><T135/><D127/><U13/><E34/><V54/><F114/><W36/><G112/><T9/><D130/><U0/><E123/><V85/><F33/><W77/><G36/><T108/><D102/><U35/><E35/><V94/><F134/><N who="0" m="51242" /><D42/><U24/><E119/><V88/><F118/><W30/><G133/><T83/><D83/><U26/><E93/><V62/><F45/><W49/><G121/><T105/><D89/><U91/><E91/><V7/><F107/><W80/><G111/><N who="0" m="42539" /><D105/><U50/><E43/><V116/><F116/><W48/><G101/><T61/><D64/><U90/><E90/><V18/><F7/><W51/><REACH who="3" step="1"/><G6/><REACH who="3" ten="250,250,250,240" step="2"/><T15/><D15/><U27/><E13/><V40/><F106/><W131/><G131/><T97/><D97/><U19/><E39/><V47/><F14/><W44/><G44/><T55/><D55/><U79/><E46/><V2/><F2/><W104/><G104/><T5/><D5/><U16/><E38/><V57/><REACH who="2" step="1"/><F18/><REACH who="2" ten="250,250,240,240" step="2"/><W92/><G92/><T72/><D72/><U128/><E75/><V99/><F99/><W11/><G11/><T113/><D113/><U87/><E73/><V12/><F12/><W120/><G120/><T125/><D125/><U1/><E1/><V124/><F124/><W115/><G115/><T95/><D95/><U20/><E0/><V98/><F98/><W126/><G126/><T4/><D4/><U81/><E3/><V109/><F109/><W82/><G82/><T100/><D100/><U84/><E81/><V78/><F78/><W117/><G117/><T28/><D28/><AGARI ba="0,2" hai="28,30,31,48,49,51,56,58,59,68,71,74,77,80" machi="28" ten="40,8000,1" yaku="1,1,6,1,52,2,53,0" doraHai="67" doraHaiUra="122" who="3" fromWho="0" sc="250,-80,250,0,240,0,240,100" /><INIT seed="1,0,0,5,4,134" ten="170,250,240,340" oya="1" hai0="80,104,5,106,78,19,120,69,25,107,16,115,84" hai1="21,3,105,118,36,89,52,122,94,12,43,96,28" hai2="10,124,90,20,127,2,6,50,74,15,53,117,93" hai3="4,57,48,56,40,27,13,129,91,92,51,110,26"/><U54/><E118/><V67/><F74/><W111/><G129/><T38/><D115/><U116/><E116/><V83/><F117/><W98/><G4/><T64/><D120/><U47/><E122/><V119/><F119/><W45/><G13/><T114/><D114/><U33/><E3/><V41/><F83/><W42/><G42/><T71/><D38/><U18/><REACH who="1" step="1"/><E105/><REACH who="1" ten="170,240,240,340" step="2"/><V81/><F2/><W103/><G110/><T102/><D5/><U126/><E126/><V75/><F127/><W77/><G111/><T68/><D102/><U131/><E131/><V112/><F124/><W109/><G109/><T108/><D108/><U61/><E61/><V14/><F6/><W76/><G103/><T132/><D132/><U86/><E86/><V39/><F112/><W128/><G128/><T125/><D125/><U23/><E23/><V58/><F20/><W65/><G77/><T55/><D64/><U73/><E73/><V60/><F75/><W31/><G76/><T100/><D100/><U123/><E123/><V9/><F67/><W49/><G65/><T113/><D113/><U35/><E35/><V88/><F60/><W135/><G135/><T7/><D7/><U24/><AGARI ba="0,1" hai="12,18,21,24,28,33,36,43,47,52,54,89,94,96" machi="24" ten="30,11700,0" yaku="1,1,0,1,54,1,53,1" doraHai="134" doraHaiUra="17" who="1" fromWho="1" sc="170,-39,240,127,240,-39,340,-39" /><INIT seed="1,1,0,2,3,49" ten="131,367,201,301" oya="1" hai0="96,126,132,71,30,78,5,86,103,48,68,115,118" hai1="41,98,47,8,46,72,58,121,25,9,50,79,88" hai2="27,23,54,104,19,106,84,109,21,117,80,36,28" hai3="66,90,124,112,20,10,62,102,70,100,82,1,76"/><U31/><E121/><V40/><F117/><W110/><G112/><T64/><D115/><U77/><E58/><V128/><F109/><W105/><G110/><T3/><D118/><U107/><E107/><V87/><F128/><W26/><G124/><T120/><D126/><U37/><E8/><V29/><F36/><W69/><G69/><T60/><D132/><U95/><E9/><V133/><F40/><W116/><G116/><T129/><D129/><U45/><E72/><V12/><F133/><W6/><G90/><T123/><D71/><U92/><E92/><V24/><F87/><W131/><G105/><T89/><D78/><U127/><E127/><V125/><F125/><W17/><REACH who="3" step="1"/><G131/><REACH who="3" ten="131,367,201,291" step="2"/><T56/><D68/><U119/><E119/><V0/><F106/><W2/><G2/><T35/><D89/><U18/><E79/><V38/><F0/><W11/><G11/><T42/><D3/><U81/><E77/><V55/><F104/><W51/><G51/><T7/><D48/><U67/><E37/><V97/><F38/><W53/><G53/><N who="2" m="19977" /><F97/><W93/><G93/><T61/><D96/><U63/><E95/><V43/><F43/><W16/><G16/><T122/><D42/><U135/><E98/><V94/><F94/><W4/><G4/><T75/><D5/><U111/><E111/><V113/><F113/><W74/><AGARI ba="1,1" hai="1,6,10,17,20,26,62,66,70,74,76,82,100,102" machi="74" ten="20,5200,0" yaku="1,1,0,1,7,1,53,1" doraHai="49" doraHaiUra="65" who="3" fromWho="3" sc="131,-14,367,-27,201,-14,291,65" /><INIT seed="2,0,0,2,3,62" ten="117,340,187,356" oya="2" hai0="30,89,23,85,80,73,116,76,123,38,53,72,87" hai1="26,98,70,45,109,66,68,112,106,75,133,24,1" hai2="56,41,27,13,132,111,48,19,32,64,118,40,36" hai3="92,46,94,124,10,31,35,103,113,61,77,130,128"/><V126/><F118/><W108/><G108/><T59/><D123/><U127/><E112/><V114/><F114/><W83/><G113/><T55/><D38/><U47/><E1/><V99/><F36/><W90/><G124/><T81/><D116/><U84/><E75/><V91/><F126/><W44/><G103/><T86/><D73/><U2/><E2/><V6/><F132/><W4/><G61/><T25/><REACH who="0" step="1"/><D53/><REACH who="0" ten="107,340,187,356" step="2"/><U121/><E121/><V79/><F111/><W33/><G128/><T69/><D69/><U117/><E68/><V52/><F52/><W12/><G130/><T34/><D34/><U58/><E70/><V67/><F32/><W63/><G33/><T11/><D11/><U14/><E117/><V115/><F115/><W93/><G10/><T0/><D0/><U54/><E109/><V119/><F119/><W57/><G35/><T37/><D37/><U43/><E54/><V60/><F41/><W120/><G120/><T97/><D97/><U82/><E98/><V42/><F40/><W16/><G44/><T49/><AGARI ba="0,1" hai="23,25,30,49,55,59,72,76,80,81,85,86,87,89" machi="49" ten="20,2700,0" yaku="1,1,0,1,7,1,53,0" doraHai="62" doraHaiUra="129" who="0" fromWho="0" sc="107,37,340,-7,187,-13,356,-7" /><INIT seed="3,0,0,1,0,107" ten="144,333,174,349" oya="3" hai0="131,90,87,48,22,7,123,8,41,105,14,46,66" hai1="34,60,99,16,58,109,101,38,2,39,82,54,64" hai2="61,21,15,24,117,129,103,120,119,57,5,91,75" hai3="45,19,18,93,80,62,70,73,98,72,67,81,35"/><W86/><G35/><T124/><D124/><U102/><E2/><V63/><F75/><W134/><G134/><T78/><D131/><U133/><E133/><V36/><F36/><W44/><G18/><T59/><D123/><U11/><E34/><V33/><F129/><W76/><G19/><T30/><D105/><U97/><E109/><V71/><F120/><W10/><G10/><T112/><D112/><U83/><E38/><V127/><F127/><W52/><G52/><T96/><D96/><N who="1" m="36939" /><E39/><V9/><F103/><N who="1" m="39433" /><E64/><V20/><F71/><W23/><G23/><T125/><D125/><U6/><E6/><V130/><F130/><W17/><G17/><T42/><D42/><U65/><E65/><V1/><F91/><W132/><G132/><T69/><D69/><U100/><E100/><V31/><F63/><W13/><G72/><T40/><D40/><U115/><E115/><V0/><F0/><W88/><G13/><AGARI ba="0,0" hai="11,13,16,54,58,60,82,83" m="39433,36939" machi="13" ten="30,2000,0" yaku="8,1,54,1" doraHai="107" who="1" fromWho="3" sc="144,0,333,20,174,0,349,-20" owari="144,-35.6,353,45.3,174,-22.6,329,12.9" /></mjloggm>