<mjloggm ver="2.3"><GO type="225" lobby="0"/><UN n0="%E3%82%B7%E3%83%B3%E5%A4%AA%E6%9C%97" n1="%E8%83%83%E3%81%A8%E8%85%B8" n2="%E7%AD%89%E3%80%85%E5%8A%9B%E5%8A%87%E5%A0%B4" n3="%E9%80%9F%E6%B0%B4%E5%87%9B%E9%A6%99" dan="16,16,16,16" rate="2133.74,2185.57,2126.84,2088.17" sx="M,M,M,F"/><TAIKYOKU oya="0"/><INIT seed="0,0,0,4,1,54" ten="250,250,250,250" oya="0" hai0="122,124,74,130,106,62,95,10,96,69,110,134,53" hai1="30,31,44,27,94,116,33,104,6,119,2,105,112" hai2="127,78,12,84,120,15,89,8,58,129,114,35,45" hai3="100,13,86,50,18,0,5,133,97,32,108,66,118"/><T23/><D122/><U63/><E112/><V28/><F120/><W68/><G118/><T56/><D110/><U131/><E131/><V7/><F114/><W128/><G32/><T121/><D130/><U73/><E73/><V125/><F129/><W77/><G128/><T81/><D121/><U75/><E75/><V60/><F78/><W17/><G0/><T1/><D106/><U9/><E30/><V135/><F135/><W90/><G108/><T55/><D69/><U46/><E94/><V3/><F45/><W123/><G77/><T117/><D117/><U19/><E63/><V61/><F61/><W43/><G133/><T99/><D124/><N who="2" m="47690" /><F28/><W37/><G37/><T126/><D126/><U80/><E80/><N who="2" m="49287" /><F35/><W40/><G66/><AGARI ba="0,0" hai="3,7,8,12,15,58,60,66" m="49287,47690" machi="66" ten="30,2000,0" yaku="18,1,52,1" doraHai="54" who="2" fromWho="3" sc="250,0,250,0,250,20,250,-20" /><INIT seed="1,0,0,5,4,45" ten="250,250,270,230" oya="1" hai0="76,52,38,25,63,128,57,37,70,129,102,60,8" hai1="125,123,49,19,80,109,2,58,103,101,94,35,115" hai2="85,98,135,12,131,14,117,61,124,0,86,66,59" hai3="132,111,40,93,6,73,39,81,4,82,26,62,16"/><U7/><E115/><V67/><F117/><W121/><G73/><T9/><D102/><U17/><E123/><V106/><F0/><W44/><G121/><T89/><D76/><U100/><E125/><V56/><F135/><W13/><G132/><T27/><D89/><U42/><E35/><V33/><F33/><W48/><G26/><T118/><D118/><U43/><E109/><V1/><F1/><W90/><G39/><T104/><D104/><U72/><E94/><V24/><F24/><W113/><G62/><T11/><D27/><U46/><E42/><V29/><F29/><W54/><G40/><T68/><D25/><U10/><REACH who="1" step="1"/><E58/><REACH who="1" ten="250,240,270,230" step="2"/><V120/><F59/><W74/><G111/><T84/><D70/><U18/><E18/><V97/><F56/><W92/><G113/><T88/><D68/><U77/><AGARI ba="0,1" hai="2,7,10,17,19,43,46,49,72,77,80,100,101,103" machi="77" ten="30,11700,0" yaku="1,1,0,1,52,1,53,1" doraHai="45" doraHaiUra="75" who="1" fromWho="1" sc="250,-39,240,127,270,-39,230,-39" /><INIT seed="1,1,0,4,1,115" ten="211,367,231,191" oya="1" hai0="101,70,133,23,39,65,118,12,41,120,31,16,116" hai1="66,82,68,127,72,27,117,73,59,26,51,131,44" hai2="85,98,79,15,74,38,83,92,19,62,1,3,108" hai3="129,90,69,5,22,28,0,61,40,18,42,9,86"/><U119/><E68/><V45/><F108/><W94/><G129/><T37/><D133/><U126/><E131/><V8/><F74/><N who="1" m="28777" /><E82/><V96/><F96/><W57/><G69/><T58/><D70/><U33/><E33/><V30/><F30/><W75/><G75/><T123/><D101/><U21/><E59/><V55/><F62/><W77/><G77/><T7/><D7/><U60/><E60/><V128/><F128/><W10/><G28/><T24/><D65/><U53/><E66/><V80/><F80/><W104/><G104/><T52/><D41/><U91/><E91/><V47/><F45/><W99/><G86/><T102/><D102/><U132/><E26/><V110/><F110/><W103/><G9/><T121/><D37/><U49/><E49/><V84/><F84/><W88/><G90/><T114/><D39/><U32/><E32/><V67/><F67/><W6/><G6/><T13/><D114/><U125/><E132/><V17/><F38/><W78/><G78/><T4/><D4/><U20/><E20/><V46/><F79/><W64/><REACH who="3" step="1"/><G103/><REACH who="3" ten="211,367,231,181" step="2"/><T54/><D12/><AGARI ba="1,1" hai="0,5,10,12,18,22,40,42,57,61,64,88,94,99" machi="12" ten="30,8000,1" yaku="1,1,2,1,7,1,54,1,53,1" doraHai="115" doraHaiUra="87" who="3" fromWho="0" sc="211,-83,367,0,231,0,181,93" /><INIT seed="2,0,0,2,0,111" ten="128,367,231,274" oya="2" hai0="106,101,108,99,91,55,68,51,27,78,71,28,32" hai1="69,10,73,58,12,129,131,74,57,15,102,135,120" hai2="63,121,62,0,8,79,34,46,9,17,114,61,25" hai3="109,59,133,97,132,86,56,45,134,112,43,7,41"/><V76/><F121/><W40/><G7/><T125/><D108/><U96/><E69/><V11/><F0/><W65/><G109/><T33/><D125/><U127/><E127/><V2/><F2/><W44/><G97/><T113/><D113/><U30/><E30/><V6/><F6/><W20/><G20/><T89/><D78/><U100/><E120/><V107/><F107/><W122/><G122/><T87/><D33/><U35/><E35/><V14/><F114/><W83/><G112/><T103/><D103/><U23/><E23/><V67/><F67/><W72/><G72/><T38/><D38/><U123/><E123/><V26/><F34/><W50/><G65/><T94/><REACH who="0" step="1"/><D91/><REACH who="0" ten="118,367,231,274" step="2"/><U13/><E102/><V81/><F79/><W3/><G134/><T21/><D21/><U95/><E135/><V92/><F76/><W104/><G133/><T36/><D36/><U88/><E100/><V124/><F124/><W31/><G132/><T18/><D18/><U48/><E88/><V16/><F17/><W37/><G37/><T29/><D29/><U39/><E39/><V66/><F16/><W130/><G31/><T1/><D1/><U4/><E4/><V90/><F90/><W118/><G3/><T53/><D53/><U19/><E19/><V42/><F9/><W93/><G104/><T60/><D60/><U128/><E10/><V77/><F11/><W49/><G40/><T5/><D5/><U126/><E126/><V24/><F42/><W115/><G41/><T22/><D22/><U52/><E52/><V47/><F8/><W70/><G43/><RYUUKYOKU ba="0,1" sc="118,30,367,-10,231,-10,274,-10" hai0="27,28,32,51,55,68,71,87,89,94,99,101,106" /><INIT seed="3,1,1,2,3,104" ten="148,357,221,264" oya="3" hai0="124,81,83,79,57,132,86,89,63,33,24,15,10" hai1="58,1,131,48,51,88,23,121,28,36,96,92,129" hai2="126,98,56,123,34,44,125,7,42,40,114,13,37" hai3="25,12,70,46,26,80,72,20,21,105,101,54,53"/><W69/><G12/><T0/><D132/><U97/><E36/><V18/><F114/><W107/><G101/><T11/><D124/><N who="2" m="47722" /><F34/><W94/><G94/><T120/><D120/><U103/><E1/><V122/><F42/><W73/><G46/><T109/><D109/><U6/><E6/><V60/><F7/><W4/><G80/><T67/><D0/><U45/><E121/><V52/><F98/><W50/><G4/><T22/><D33/><U39/><E39/><V64/><F64/><W8/><G50/><T66/><D66/><U55/><E23/><AGARI ba="1,1" hai="13,18,23,37,40,44,52,56,60,122,123" m="47722" machi="23" ten="30,2000,0" yaku="18,1,54,1" doraHai="104" who="2" fromWho="1" sc="148,0,357,-23,221,33,264,0" owari="148,-35.2,334,43.4,254,-14.6,264,6.4" /></mjloggm>