<mjloggm ver="2.3"><GO type="225" lobby="0"/><UN n0="%28%EF%BF%A3%E2%96%BD%EF%BF%A3%29%CE%B4%E2%8C%92%E3%83%BB" n1="%EF%BC%AE%EF%BC%A1%EF%BC%AF%33%33%39" n2="%E4%BA%BA%E9%96%93%E3%83%81%E3%83%A3%E3%83%BC%E3%83%8F%E3%83%B3" n3="%E3%82%86%E3%82%88%E3%81%BD%E3%83%BC" dan="16,17,16,16" rate="2124.59,2152.19,2148.24,2104.30" sx="M,M,M,M"/><TAIKYOKU oya="0"/><INIT seed="0,0,0,0,5,27" ten="250,250,250,250" oya="0" hai0="53,67,49,95,120,32,2,91,63,11,31,79,26" hai1="90,116,112,29,104,84,7,102,59,101,114,1,5" hai2="72,78,69,21,18,43,70,118,71,82,68,48,16" hai3="97,108,9,22,4,64,47,135,17,44,85,132,93"/><T13/><D120/><U88/><E116/><V127/><N who="2" m="17408" /><DORA hai="55" /><V109/><F118/><W62/><G85/><T50/><D2/><U42/><E42/><V100/><F109/><W134/><G108/><T119/><D119/><U107/><E84/><V76/><F127/><W86/><G86/><T98/><D79/><U81/><E1/><V75/><F100/><W77/><G77/><T111/><D111/><U3/><E3/><V19/><F21/><W56/><G9/><T23/><D32/><U105/><E105/><V124/><F124/><W25/><REACH who="3" step="1"/><G4/><REACH who="3" ten="250,250,250,240" step="2"/><N who="0" m="3303" /><D67/><U73/><E81/><V52/><F43/><W126/><G126/><T80/><D80/><U40/><E40/><V24/><F76/><W30/><G30/><T6/><D6/><U61/><E29/><V66/><F75/><W46/><G46/><T106/><D106/><U38/><E73/><V57/><F24/><W99/><G99/><T65/><D65/><U115/><E5/><V36/><REACH who="2" step="1"/><F66/><REACH who="2" ten="250,250,240,240" step="2"/><W60/><G60/><T10/><D10/><U131/><E61/><V8/><F8/><W58/><G58/><AGARI ba="0,2" hai="23,26,31,49,50,53,58,63,91,95,98" m="3303" machi="58" ten="30,5800,0" yaku="8,1,52,2" doraHai="27,55" who="0" fromWho="3" sc="250,78,250,0,240,0,240,-58" /><INIT seed="0,1,0,0,1,40" ten="328,250,240,182" oya="0" hai0="13,115,4,131,117,45,95,122,30,69,3,101,55" hai1="128,47,114,97,79,92,1,104,88,56,8,67,62" hai2="20,106,133,129,24,48,29,87,93,89,28,23,31" hai3="96,7,49,10,60,116,39,80,113,134,14,65,119"/><T72/><D69/><U125/><E79/><V11/><F106/><W46/><G113/><T9/><D72/><U84/><E114/><V132/><F129/><W135/><G39/><T27/><D115/><U75/><E75/><V68/><F68/><W91/><G96/><T38/><D131/><U15/><E128/><V82/><F11/><W108/><G108/><T54/><D122/><U34/><E34/><V76/><F48/><W17/><G7/><T42/><D117/><U59/><E1/><V61/><F61/><W51/><G51/><T25/><D25/><U44/><E125/><V112/><F112/><W5/><G5/><T109/><D109/><U52/><E97/><V57/><F57/><W111/><G111/><T22/><D101/><U71/><E104/><V37/><F37/><W70/><G119/><T124/><D124/><U118/><E71/><V16/><REACH who="2" step="1"/><F23/><REACH who="2" ten="328,250,230,182" step="2"/><W26/><G116/><T90/><REACH who="0" step="1"/><D3/><REACH who="0" ten="318,250,230,182" step="2"/><U63/><REACH who="1" step="1"/><E118/><REACH who="1" ten="318,240,230,182" step="2"/><V2/><F2/><W66/><G70/><T18/><D18/><AGARI ba="1,3" hai="8,15,18,44,47,52,56,59,62,63,67,84,88,92" machi="18" ten="30,16000,3" yaku="1,1,2,1,7,1,8,1,52,2,54,2,53,0" doraHai="40" doraHaiUra="32" who="1" fromWho="0" sc="318,-163,240,193,230,0,182,0" /><INIT seed="1,0,0,0,1,134" ten="155,433,230,182" oya="1" hai0="17,120,7,33,44,24,126,128,46,135,42,49,100" hai1="16,102,89,131,60,73,13,106,43,103,121,94,56" hai2="112,88,14,101,79,41,85,63,72,82,27,28,59" hai3="76,122,92,53,115,83,40,62,6,23,81,61,78"/><U109/><E121/><V67/><F112/><W132/><G115/><T37/><D120/><U116/><E116/><V39/><F101/><W93/><G40/><T52/><D135/><U77/><E106/><V25/><F14/><W31/><G132/><T21/><D128/><U51/><E131/><V26/><F41/><W50/><G6/><T133/><D133/><U32/><E32/><V15/><F15/><W74/><G31/><T114/><D114/><U19/><E77/><V58/><F39/><W104/><G23/><T2/><D33/><U45/><E73/><V69/><REACH who="2" step="1"/><F28/><REACH who="2" ten="155,433,220,182" step="2"/><W35/><G122/><T87/><D100/><N who="1" m="38443" /><E13/><V38/><F38/><W57/><G104/><T119/><D119/><U98/><E109/><V20/><F20/><W90/><G35/><T99/><D2/><U125/><E125/><V123/><F123/><W110/><G110/><T96/><D126/><U97/><E97/><V65/><F65/><AGARI ba="0,1" hai="16,19,43,45,51,56,60,65,89,94,98" m="38443" machi="65" ten="30,2900,0" yaku="8,1,54,1" doraHai="134" who="1" fromWho="2" sc="155,0,433,39,220,-29,182,0" /><INIT seed="1,1,0,0,2,46" ten="155,472,191,182" oya="1" hai0="115,73,130,96,10,116,1,118,14,125,53,97,77" hai1="83,9,122,8,90,33,80,0,65,44,72,49,108" hai2="52,22,58,102,107,23,12,38,70,114,17,95,88" hai3="39,105,29,132,5,86,134,28,112,85,127,67,50"/><U126/><E122/><V59/><F70/><W54/><G112/><T13/><D115/><U121/><E121/><V123/><F38/><W25/><G39/><T113/><D113/><U27/><E65/><V34/><F34/><W56/><G127/><T89/><D1/><U37/><E37/><V101/><F123/><W2/><G105/><T133/><D125/><U94/><E126/><V26/><F114/><W35/><G28/><T11/><D77/><U93/><E93/><V61/><F59/><W30/><G30/><T48/><D73/><U42/><E108/><V40/><F40/><W63/><G5/><T106/><D133/><N who="3" m="51305" /><G2/><T19/><D130/><U75/><E75/><V110/><F107/><W64/><G64/><T45/><D89/><U99/><E72/><V119/><F119/><W24/><G25/><T124/><D124/><U76/><E76/><V43/><F43/><W21/><G35/><T131/><D131/><U55/><E42/><V31/><F110/><W92/><G92/><T87/><D87/><AGARI ba="1,0" hai="12,17,22,23,26,31,52,58,61,87,88,95,101,102" machi="87" ten="30,7700,0" yaku="7,1,8,1,54,2" doraHai="46" who="2" fromWho="0" sc="155,-80,472,0,191,80,182,0" /><INIT seed="2,0,0,1,2,45" ten="75,472,271,182" oya="2" hai0="101,54,6,24,62,85,3,51,11,73,86,130,97" hai1="61,13,22,57,40,55,64,107,91,105,75,117,119" hai2="32,53,112,60,104,102,19,78,122,59,25,109,79" hai3="87,35,131,108,30,113,2,63,21,52,133,7,31"/><V121/><F112/><W92/><G108/><T95/><D73/><U26/><E75/><V89/><F109/><W81/><G131/><T93/><D130/><U69/><E40/><V58/><F89/><W15/><G133/><T134/><D134/><U84/><E13/><V10/><F102/><W115/><G35/><T8/><D62/><U99/><E105/><V41/><F104/><W118/><G2/><T106/><D24/><U27/><E27/><V65/><F41/><W20/><G92/><T124/><D124/><U50/><E99/><V72/><F32/><W120/><G118/><T100/><D11/><U4/><E4/><V16/><F121/><W48/><G63/><T80/><D101/><U128/><E107/><V12/><F72/><W111/><G120/><T49/><D86/><U74/><E74/><V126/><F126/><W132/><G132/><T114/><D114/><N who="3" m="43529" /><G7/><T83/><D83/><U77/><E77/><V28/><F19/><N who="3" m="10367" /><G21/><T1/><D1/><U46/><E69/><V68/><F68/><W98/><G98/><T36/><D36/><U42/><E128/><V127/><F127/><W5/><G5/><T23/><D23/><U135/><E135/><V18/><F18/><W76/><G111/><T14/><D3/><U116/><E116/><V37/><F37/><W70/><G70/><T88/><REACH who="0" step="1"/><D51/><REACH who="0" ten="65,472,271,182" step="2"/><U82/><E64/><V71/><F122/><W129/><G129/><T44/><AGARI ba="0,1" hai="6,8,14,44,49,54,80,85,88,93,95,97,100,106" machi="44" ten="20,16000,3" yaku="1,1,2,1,0,1,7,1,52,1,54,1,53,2" doraHai="45" doraHaiUra="90" who="0" fromWho="0" sc="65,170,472,-40,271,-80,182,-40" /><INIT seed="3,0,0,1,3,50" ten="235,432,191,142" oya="3" hai0="120,2,45,17,36,54,28,85,115,112,105,72,57" hai1="88,110,33,121,52,73,23,71,75,94,0,32,123" hai2="79,104,11,68,106,10,59,4,6,84,13,7,116" hai3="87,128,18,74,107,21,22,70,90,15,27,134,96"/><W133/><G74/><T12/><D72/><U131/><E0/><V30/><F68/><W16/><G70/><T122/><D105/><U89/><E71/><V76/><F116/><W99/><G128/><T47/><D2/><U8/><E8/><N who="2" m="3115" /><F59/><W114/><G114/><N who="0" m="43563" /><D28/><U117/><E23/><V111/><F84/><W97/><REACH who="3" step="1"/><G107/><REACH who="3" ten="235,432,191,132" step="2"/><N who="2" m="41001" /><F111/><W39/><G39/><T34/><D36/><U53/><E110/><V86/><F30/><W35/><G35/><T130/><D34/><U109/><E109/><V124/><F124/><W135/><G135/><T69/><D69/><U78/><E131/><V80/><F86/><W129/><G129/><T56/><D130/><U9/><E73/><V29/><F29/><W91/><G91/><T125/><D85/><U61/><E75/><V92/><F92/><AGARI ba="0,1" hai="15,16,18,21,22,27,87,90,92,96,97,99,133,134" machi="92" ten="40,3900,0" yaku="1,1,54,1,53,0" doraHai="50" doraHaiUra="3" who="3" fromWho="2" sc="235,0,432,0,191,-39,132,49" /><INIT seed="3,1,0,5,5,92" ten="235,432,152,181" oya="3" hai0="116,65,24,101,32,59,18,36,40,39,86,21,13" hai1="47,91,123,58,76,30,95,46,4,35,43,5,8" hai2="83,107,111,64,61,33,115,71,129,132,128,0,57" hai3="113,97,74,85,34,51,72,118,133,54,48,31,10"/><W135/><G113/><T67/><D101/><U69/><E69/><N who="2" m="42127" /><F83/><W102/><G118/><T42/><D32/><U99/><E123/><V114/><F107/><W9/><G85/><T68/><D68/><U110/><E76/><V27/><F27/><W25/><G74/><T78/><D39/><U124/><E35/><V89/><F89/><W75/><G75/><T77/><D36/><U26/><E26/><V49/><F0/><W112/><G72/><T20/><D116/><U15/><E30/><V96/><F96/><W52/><G112/><N who="2" m="43049" /><F33/><W106/><G51/><T121/><D121/><U16/><E110/><V23/><F23/><W94/><G106/><T73/><D73/><U12/><E124/><V28/><F28/><W122/><G122/><T3/><D3/><U119/><E119/><V109/><F132/><N who="3" m="50763" /><G54/><T60/><D67/><U6/><E43/><N who="0" m="16425" /><D86/><U45/><E58/><AGARI ba="1,0" hai="9,10,25,31,34,48,52,58,94,97,102" m="50763" machi="58" ten="30,5800,0" yaku="20,1,52,1,54,1" doraHai="92" who="3" fromWho="1" sc="235,0,432,-61,152,0,181,61" /><INIT seed="3,2,0,2,0,14" ten="235,371,152,242" oya="3" hai0="91,9,98,30,26,37,53,66,124,22,134,1,71" hai1="93,104,12,120,79,76,87,41,25,88,32,11,3" hai2="130,43,86,42,101,70,95,80,115,128,123,107,10" hai3="100,84,116,77,29,106,73,19,52,125,129,114,58"/><W57/><G114/><T38/><D124/><U55/><E120/><V4/><F115/><W127/><G116/><T65/><D134/><U135/><E104/><V85/><F123/><W112/><G112/><T94/><D53/><U51/><E3/><V82/><F70/><W27/><G73/><T133/><D133/><U90/><E135/><V111/><F107/><W21/><G129/><T47/><D71/><U13/><E41/><V56/><F111/><W28/><G100/><T113/><D113/><U44/><E32/><V49/><F128/><W108/><G58/><T61/><D61/><U68/><E68/><V122/><F130/><W126/><G106/><T35/><D47/><U117/><E25/><V31/><F31/><W74/><G74/><T64/><D35/><U62/><E62/><V110/><F110/><W45/><G45/><T6/><AGARI ba="2,0" hai="1,6,9,22,26,30,37,38,64,65,66,91,94,98" machi="6" ten="30,1100,0" yaku="0,1" doraHai="14" who="0" fromWho="0" sc="235,17,371,-5,152,-5,242,-7" owari="252,5.2,366,46.6,147,-35.3,235,-16.5" /></mjloggm>