<mjloggm ver="2.3"><GO type="225" lobby="0"/><UN n0="%E6%80%AA%E3%81%97%E3%81%99%E3%81%8E%E3%82%8B%E3%83%81%E3%83%BC" n1="%70%68%65%6E%6F%6D%65" n2="%E3%81%A1%E3%82%85%E3%81%86%E3%81%A9%E3%81%8F%E8%B1%A1%E3%81%95%E3%82%93" n3="%6D%75%75%6D%75%72%61" dan="16,16,16,16" rate="2172.81,2146.33,2145.71,2108.22" sx="M,M,M,F"/><TAIKYOKU oya="0"/><INIT seed="0,0,0,2,3,69" ten="250,250,250,250" oya="0" hai0="16,123,104,94,119,37,66,77,23,18,32,50,7" hai1="67,63,109,20,125,95,106,90,15,68,42,55,29" hai2="117,3,28,46,97,41,71,33,10,78,6,49,129" hai3="124,86,62,92,133,24,31,122,98,132,135,61,54"/><T131/><D123/><U105/><E109/><V48/><F129/><W43/><G122/><T83/><D104/><U101/><E125/><V107/><F71/><W100/><G124/><T2/><D32/><U93/><E55/><V13/><F78/><W80/><G43/><T91/><D37/><U103/><E42/><V82/><F117/><W118/><G54/><T120/><D66/><U53/><E53/><V12/><F82/><W76/><REACH who="3" step="1"/><G118/><REACH who="3" ten="250,250,250,240" step="2"/><T44/><D119/><U51/><E67/><V57/><F41/><W4/><G4/><T72/><D120/><U27/><E105/><V121/><F107/><W85/><G85/><T52/><D131/><U39/><E106/><V70/><F121/><W25/><G25/><T56/><D44/><U17/><E27/><V74/><F6/><W26/><G26/><T102/><D7/><U45/><E45/><V126/><F46/><W5/><G5/><T87/><D2/><U59/><E63/><V84/><F3/><W47/><G47/><T113/><D113/><U14/><E15/><V19/><F12/><W79/><G79/><T130/><D130/><U35/><E14/><V81/><F126/><W58/><G58/><T115/><D115/><U127/><E59/><V11/><F70/><W21/><AGARI ba="0,1" hai="21,24,31,61,62,76,80,86,92,98,100,132,133,135" machi="21" ten="30,4000,0" yaku="1,1,0,1,20,1,53,0" doraHai="69" doraHaiUra="1" who="3" fromWho="3" sc="250,-20,250,-10,250,-10,240,50" /><INIT seed="1,0,0,5,5,119" ten="230,240,240,290" oya="1" hai0="58,67,129,44,39,21,99,126,48,33,28,5,94" hai1="55,62,100,45,19,26,17,53,13,83,117,31,135" hai2="11,132,9,125,42,131,3,8,7,80,23,69,52" hai3="56,76,54,25,116,43,15,91,78,16,96,101,30"/><U37/><E117/><V102/><F69/><W71/><G116/><T124/><D129/><U41/><E135/><V22/><F132/><W36/><G71/><T34/><D39/><U120/><E100/><V104/><F131/><W66/><G66/><T32/><D5/><U68/><E120/><V12/><F125/><N who="0" m="48234" /><D21/><U85/><E68/><V61/><F42/><W79/><G91/><N who="0" m="55775" /><D28/><U29/><E31/><V65/><F80/><W81/><G43/><N who="0" m="24607" /><D34/><U123/><E123/><V57/><F65/><W107/><G36/><T70/><D70/><U4/><E4/><V46/><F46/><W10/><G25/><T103/><D103/><U63/><E62/><AGARI ba="0,0" hai="32,33,58,62,67" m="24607,55775,48234" machi="62" ten="30,1000,0" yaku="18,1" doraHai="119" who="0" fromWho="1" sc="230,10,240,-10,240,0,290,0" /><INIT seed="2,0,0,1,4,59" ten="240,230,240,290" oya="2" hai0="6,7,78,51,17,62,126,97,25,113,27,116,33" hai1="90,61,80,54,76,41,29,122,133,42,129,88,30" hai2="121,8,13,9,32,40,110,60,47,135,87,2,132" hai3="68,108,115,81,38,94,72,128,65,99,19,96,12"/><V26/><F121/><W95/><G38/><T22/><D113/><U105/><E105/><V93/><F110/><W49/><G108/><T0/><D126/><U103/><E122/><V18/><F32/><W63/><G128/><T21/><D116/><U36/><E103/><V86/><F26/><W104/><G104/><T44/><D0/><U106/><E106/><V123/><F123/><W85/><G72/><T98/><D78/><U10/><E133/><N who="2" m="51275" /><F93/><W67/><G49/><T91/><D62/><U75/><E129/><V69/><F8/><W130/><G130/><T46/><D33/><U50/><E36/><N who="2" m="21895" /><F2/><W16/><G67/><AGARI ba="0,0" hai="9,13,18,60,67,69,86,87" m="21895,51275" machi="67" ten="30,2900,0" yaku="20,1,52,1" doraHai="59" who="2" fromWho="3" sc="240,0,230,0,240,29,290,-29" /><INIT seed="2,1,0,3,4,71" ten="240,230,269,261" oya="2" hai0="109,106,65,64,17,108,128,95,4,66,111,93,20" hai1="12,86,102,76,114,121,38,123,47,124,28,122,6" hai2="5,26,27,118,16,34,3,112,96,51,33,99,2" hai3="46,31,13,63,87,60,9,11,25,104,131,0,103"/><V126/><F118/><W40/><G131/><T8/><D106/><U56/><E114/><V67/><F112/><W57/><G0/><T132/><D132/><U82/><E124/><V130/><F67/><W32/><G87/><T83/><D83/><U62/><E102/><V23/><F130/><W69/><G69/><T43/><D43/><N who="1" m="23031" /><E28/><V10/><F126/><W70/><G60/><T54/><D54/><N who="1" m="34071" /><E12/><V77/><F77/><W80/><G80/><T14/><REACH who="0" step="1"/><D128/><REACH who="0" ten="230,230,269,261" step="2"/><U73/><E6/><V18/><F51/><W91/><G104/><T45/><D45/><U97/><E97/><V21/><F5/><W133/><G46/><T117/><D117/><U1/><E1/><AGARI ba="1,1" hai="1,4,8,14,17,20,64,65,66,93,95,108,109,111" machi="1" ten="50,3200,0" yaku="1,1,14,1,53,0" doraHai="71" doraHaiUra="116" who="0" fromWho="1" sc="230,45,230,-35,269,0,261,0" /><INIT seed="3,0,0,5,0,124" ten="275,195,269,261" oya="3" hai0="119,28,62,52,105,79,95,32,114,49,129,67,75" hai1="47,98,117,112,82,84,42,115,81,27,121,100,18" hai2="132,102,92,94,80,41,10,111,45,123,22,11,19" hai3="30,16,29,68,130,108,73,25,3,13,106,128,0"/><W131/><G108/><T40/><D129/><U1/><E1/><N who="3" m="586" /><G106/><T103/><D105/><U55/><E121/><V66/><F123/><W116/><G116/><T60/><D114/><U101/><E55/><V5/><F111/><W31/><G73/><T51/><D119/><U26/><E117/><V125/><F66/><W122/><G122/><T86/><D75/><U77/><E101/><V90/><F125/><W104/><G104/><T69/><D40/><U71/><E71/><V7/><F102/><W44/><G68/><T126/><D126/><U64/><E64/><V58/><F58/><W133/><G133/><T99/><D86/><U35/><E81/><V87/><F132/><W6/><G6/><T93/><D79/><U113/><E35/><V107/><F107/><W43/><G25/><T39/><D95/><U21/><E27/><V70/><F70/><W97/><G97/><T109/><D109/><U46/><REACH who="1" step="1"/><E42/><REACH who="1" ten="275,185,269,261" step="2"/><V85/><F80/><W65/><G65/><T15/><D67/><U48/><E48/><V38/><F41/><W12/><G16/><T2/><D69/><U9/><E9/><V78/><F19/><W36/><AGARI ba="0,1" hai="12,13,29,30,31,36,43,44,128,130,131" m="586" machi="36" ten="40,12000,1" yaku="19,1,52,3" doraHai="124" who="3" fromWho="3" sc="275,-40,185,-40,269,-40,261,130" owari="235,3.5,145,-35.5,229,-17.1,391,49.1" /></mjloggm>