<mjloggm ver="2.3"><GO type="225" lobby="0"/><UN n0="%6D%75%75%6D%75%72%61" n1="%6E%69%63%6B%6C%6F%77" n2="%73%61%6E%64%69%72%69%73" n3="%E9%89%A2%E5%B7%BB%E3%82%AC%E3%83%96" dan="16,16,16,16" rate="2132.83,2092.47,2128.82,2066.34" sx="F,F,M,M"/><TAIKYOKU oya="0"/><INIT seed="0,0,0,3,2,28" ten="250,250,250,250" oya="0" hai0="83,80,69,17,54,67,23,62,79,33,110,123,82" hai1="113,112,81,116,77,125,5,96,21,36,41,65,32" hai2="101,29,117,84,95,102,16,27,34,78,44,73,2" hai3="93,22,40,46,66,88,20,122,76,39,75,85,26"/><T47/><D123/><U35/><E116/><V4/><F117/><W133/><G133/><T25/><D110/><U97/><E65/><V126/><F126/><W135/><G135/><T91/><D91/><U52/><E125/><V129/><F73/><W53/><G122/><T45/><D79/><U51/><E41/><V104/><F104/><W99/><G66/><T124/><D124/><U55/><E36/><V9/><F129/><W103/><G53/><T108/><D108/><U30/><E5/><V64/><F64/><W87/><G87/><T11/><D11/><U57/><E55/><V119/><F119/><W24/><G24/><T118/><D118/><U115/><E21/><V120/><F120/><W13/><G13/><T74/><D74/><N who="1" m="43191" /><E30/><V42/><F16/><W60/><G60/><T100/><D100/><U10/><E10/><V98/><F84/><W8/><G8/><T1/><D1/><U3/><E3/><V63/><F78/><W132/><G132/><T134/><D134/><U131/><E131/><V12/><F63/><W109/><G109/><T58/><REACH who="0" step="1"/><D33/><AGARI ba="0,0" hai="32,33,35,51,52,57,96,97,112,113,115" m="43191" machi="33" ten="40,8000,1" yaku="11,1,52,3,54,1" doraHai="28" who="1" fromWho="0" sc="250,-80,250,80,250,0,250,0" /><INIT seed="1,0,0,3,5,79" ten="170,330,250,250" oya="1" hai0="59,77,90,134,98,84,102,2,110,11,114,14,111" hai1="70,89,103,13,55,29,82,53,61,76,65,92,69" hai2="33,15,116,52,124,118,42,107,24,22,57,60,25" hai3="6,106,80,19,133,75,129,81,131,27,83,87,58"/><U113/><E113/><V68/><F124/><W104/><G75/><T86/><D114/><U35/><E70/><V44/><F107/><W73/><G73/><T43/><D134/><U31/><E103/><V88/><F68/><W135/><G6/><T95/><D2/><U62/><E13/><V122/><F122/><W127/><G87/><T9/><D43/><U78/><E35/><V1/><F1/><W41/><G41/><T36/><D36/><U67/><E69/><V46/><F46/><W85/><G85/><T40/><D40/><U128/><E92/><V20/><F15/><W112/><G112/><T132/><D132/><N who="3" m="50761" /><G58/><T18/><D59/><U37/><E89/><V56/><F56/><W91/><G91/><T72/><D11/><U0/><E0/><V47/><F47/><W16/><G127/><T120/><D120/><U97/><E97/><V71/><F33/><W48/><G48/><T32/><D32/><U93/><E93/><V49/><F71/><W100/><G100/><T34/><D34/><U123/><E123/><V7/><F7/><W4/><G4/><T51/><D51/><U125/><E125/><V26/><REACH who="2" step="1"/><F88/><REACH who="2" ten="170,330,240,250" step="2"/><W3/><G3/><T108/><REACH who="0" step="1"/><D90/><REACH who="0" ten="160,330,240,250" step="2"/><U101/><E101/><V94/><F94/><W45/><G45/><T115/><D115/><U10/><E37/><V21/><AGARI ba="0,2" hai="20,21,22,24,25,26,42,44,49,52,57,60,116,118" machi="21" ten="30,4000,0" yaku="1,1,0,1,54,1,53,0" doraHai="79" doraHaiUra="66" who="2" fromWho="2" sc="160,-10,330,-20,240,60,250,-10" /><INIT seed="2,0,0,1,4,56" ten="150,310,300,240" oya="2" hai0="59,6,114,30,19,48,75,54,61,32,108,62,36" hai1="14,106,105,94,7,84,58,116,121,47,17,12,115" hai2="25,9,135,50,23,63,110,55,24,93,79,80,86" hai3="27,42,129,132,98,10,77,5,45,125,111,33,127"/><V51/><F135/><W88/><G111/><T31/><D114/><U40/><E115/><V103/><F110/><W67/><G132/><T37/><D108/><U71/><E116/><V52/><F9/><W91/><G129/><T66/><D75/><U60/><E71/><V85/><F25/><W4/><G77/><T13/><D6/><U89/><E121/><V78/><F103/><W46/><G67/><T57/><D48/><U43/><E7/><V3/><F3/><W38/><G27/><T28/><REACH who="0" step="1"/><D32/><REACH who="0" ten="140,310,300,240" step="2"/><U82/><E40/><V22/><F51/><W83/><G33/><T39/><D39/><U101/><E43/><V41/><F50/><W134/><G134/><T122/><D122/><U133/><E133/><V74/><F74/><W21/><G42/><T126/><D126/><U104/><E47/><V131/><F41/><W69/><G38/><T34/><D34/><U11/><E106/><V81/><F131/><W18/><G127/><T65/><D65/><U128/><E105/><V118/><F118/><W53/><G125/><T2/><D2/><U0/><E104/><V64/><F64/><W117/><G117/><T124/><D124/><U100/><E0/><V1/><F1/><W49/><G4/><T26/><D26/><U8/><E128/><V76/><F24/><W68/><G46/><T15/><D15/><U92/><E12/><V112/><F112/><W99/><G5/><T95/><D95/><N who="1" m="36395" /><E8/><AGARI ba="0,1" hai="8,13,19,28,30,31,36,37,54,57,59,61,62,66" machi="8" ten="40,5200,0" yaku="1,1,52,2,53,0" doraHai="56" doraHaiUra="16" who="0" fromWho="1" sc="140,62,310,-52,300,0,240,0" /><INIT seed="3,0,0,4,4,71" ten="202,258,300,240" oya="3" hai0="101,13,89,82,66,20,6,116,87,132,18,2,128" hai1="19,53,92,97,37,52,99,129,110,26,5,85,73" hai2="78,8,45,58,7,83,131,21,118,49,17,25,23" hai3="130,41,51,43,104,16,69,38,114,30,67,55,70"/><W105/><G114/><T4/><D116/><U90/><E73/><V74/><F131/><W50/><G30/><T24/><D128/><U10/><E129/><V54/><F118/><W44/><G130/><T134/><D2/><U29/><E110/><V72/><F23/><W111/><G111/><T107/><D66/><U42/><E19/><V77/><F58/><N who="3" m="33143" /><G16/><T96/><REACH who="0" step="1"/><D13/><REACH who="0" ten="192,258,300,240" step="2"/><U31/><E26/><V109/><F25/><W81/><G67/><T123/><D123/><U84/><E29/><V108/><F108/><W119/><G119/><T80/><D80/><U28/><E31/><V33/><F83/><W106/><G81/><T15/><D15/><U46/><E28/><V40/><F109/><W9/><G106/><T64/><D64/><U27/><E27/><V0/><F0/><W63/><G105/><T115/><D115/><U34/><E34/><V121/><F121/><W47/><G104/><T36/><D36/><U1/><REACH who="1" step="1"/><E85/><REACH who="1" ten="192,248,300,240" step="2"/><V86/><F86/><W65/><G9/><T62/><D62/><U11/><E11/><V98/><F33/><W113/><G113/><T14/><D14/><U122/><E122/><V60/><F8/><W93/><G63/><T59/><D59/><U120/><E120/><V48/><F60/><W39/><G69/><T61/><D61/><U91/><E91/><V127/><F74/><W112/><G112/><T76/><D76/><U133/><E133/><AGARI ba="0,2" hai="4,6,18,20,24,82,87,89,96,101,107,132,133,134" machi="133" ten="40,2600,0" yaku="1,1,20,1,53,0" doraHai="71" doraHaiUra="57" who="0" fromWho="1" sc="192,46,248,-26,300,0,240,0" owari="238,-16.2,222,-27.8,300,40.0,240,4.0" /></mjloggm>