<mjloggm ver="2.3"><GO type="225" lobby="0"/><UN n0="%E3%81%BF%E3%81%BF%E3%81%9A" n1="%6D%75%75%6D%75%72%61" n2="%E3%81%A8%E3%82%93%E3%81%A8%E3%81%93%E3%81%A8%E3%82%93" n3="%72%69%6F%75%63%68%61%6E" dan="16,17,16,17" rate="2144.19,2194.10,2119.79,2144.91" sx="M,F,F,M"/><TAIKYOKU oya="0"/><INIT seed="0,0,0,0,0,78" ten="250,250,250,250" oya="0" hai0="82,102,58,69,7,121,94,13,131,55,52,68,98" hai1="132,75,18,15,67,72,30,126,133,107,44,21,111" hai2="130,71,63,116,35,65,90,6,110,25,108,88,117" hai3="114,32,29,22,105,43,123,104,20,36,92,0,62"/><T60/><D121/><U81/><E111/><N who="2" m="42539" /><F6/><W26/><G114/><T70/><D131/><U134/><E126/><V1/><F1/><W59/><G123/><T40/><D40/><U11/><E107/><V19/><F130/><W77/><G0/><T24/><D24/><U73/><E67/><V124/><F124/><W56/><G77/><T89/><D55/><U93/><E93/><V83/><F19/><W14/><G56/><T45/><D45/><U2/><E44/><V113/><F113/><W28/><G36/><T12/><REACH who="0" step="1"/><D7/><REACH who="0" ten="240,250,250,250" step="2"/><N who="1" m="1527" /><E30/><N who="2" m="19919" /><F83/><AGARI ba="0,1" hai="15,18,21,72,73,75,81,83,132,133,134" m="1527" machi="83" ten="40,5200,0" yaku="20,1,52,2" doraHai="78" who="1" fromWho="2" sc="240,0,250,62,250,-52,250,0" /><INIT seed="1,0,0,2,2,95" ten="240,312,198,250" oya="1" hai0="63,108,54,80,19,127,50,29,53,42,73,28,36" hai1="14,34,58,69,74,26,61,22,113,8,104,48,129" hai2="64,133,110,23,132,89,2,6,25,92,88,107,117" hai3="38,93,130,55,67,86,57,35,76,71,125,17,102"/><U121/><E113/><V39/><F107/><W98/><G125/><T115/><D115/><U105/><E121/><V118/><F39/><W85/><G130/><T52/><D127/><U84/><E129/><V44/><F64/><W116/><G116/><T135/><D108/><U5/><E74/><V106/><F106/><W59/><G38/><T111/><D111/><U41/><E34/><V0/><F44/><W3/><G3/><T96/><D135/><U120/><E120/><V122/><F110/><W60/><G35/><T49/><D36/><U97/><E69/><V11/><F122/><W33/><G33/><T7/><D7/><U12/><E84/><V131/><F131/><W119/><G119/><T30/><D73/><U91/><E12/><V81/><F0/><W70/><G17/><T51/><D80/><U103/><E48/><V72/><F117/><W114/><G114/><T82/><D82/><U75/><E75/><V56/><F118/><W9/><G9/><T65/><D19/><U13/><E13/><V18/><F72/><W78/><G70/><T4/><D4/><U32/><E32/><V83/><F83/><W77/><REACH who="3" step="1"/><G71/><REACH who="3" ten="240,312,198,240" step="2"/><N who="0" m="42431" /><D42/><U47/><E41/><V101/><F132/><W126/><G126/><T15/><D15/><U45/><E8/><V68/><F68/><W16/><G16/><T46/><D46/><U100/><E47/><V21/><F133/><W87/><G87/><T37/><D37/><U99/><E45/><V109/><F109/><W124/><G124/><T24/><D24/><U123/><E123/><V1/><F25/><W112/><G112/><RYUUKYOKU ba="0,1" sc="240,15,312,-15,198,-15,240,15" hai0="28,29,30,49,50,51,52,53,54,96" hai3="55,57,59,60,67,76,77,78,85,86,93,98,102" /><INIT seed="2,1,1,1,5,131" ten="255,297,183,255" oya="2" hai0="8,108,79,17,35,90,77,32,88,112,56,62,13" hai1="113,34,107,49,16,63,39,52,80,83,115,28,46" hai2="19,93,29,65,31,14,106,76,18,101,109,85,27" hai3="74,116,41,61,70,94,47,73,134,105,127,135,7"/><V26/><F106/><W42/><G116/><T43/><D112/><U69/><E39/><V40/><F40/><W104/><G127/><T102/><D108/><U22/><E107/><N who="3" m="41034" /><G7/><T51/><D102/><U128/><E128/><V50/><F65/><N who="3" m="41263" /><G94/><T57/><D32/><U60/><E34/><V2/><F2/><W130/><G130/><T100/><D35/><U59/><E28/><V6/><F50/><W9/><G9/><T58/><D100/><U10/><E10/><N who="2" m="4439" /><F101/><W81/><G41/><T110/><D110/><U53/><E69/><V129/><F129/><W132/><G81/><T25/><D25/><N who="2" m="9226" /><F109/><W84/><G84/><T24/><D24/><N who="1" m="14407" /><E115/><V12/><F19/><W1/><G1/><T86/><D62/><N who="1" m="23595" /><E113/><V120/><F120/><W89/><G89/><T68/><D90/><U54/><E59/><V75/><F75/><W118/><G118/><T114/><D68/><U97/><E97/><V119/><F119/><W45/><G45/><N who="0" m="26047" /><D114/><U3/><E3/><V87/><F93/><AGARI ba="1,1" hai="8,13,17,56,57,58,77,79,86,88,93" m="26047" machi="93" ten="30,2000,0" yaku="8,1,54,1" doraHai="131" who="0" fromWho="2" sc="255,33,297,0,183,-23,255,0" /><INIT seed="3,0,0,1,1,45" ten="288,297,160,255" oya="3" hai0="128,106,95,123,84,58,90,32,80,107,135,53,30" hai1="2,124,31,87,122,62,59,109,42,33,16,72,41" hai2="126,5,130,74,46,37,50,89,79,125,112,61,27" hai3="98,118,52,99,63,64,3,55,85,96,17,121,102"/><W24/><G118/><T36/><D123/><U77/><E72/><V97/><F112/><W115/><G115/><T13/><D36/><U18/><E2/><V68/><F37/><W70/><G121/><T116/><D116/><U111/><E122/><V15/><F130/><W14/><G3/><T101/><D128/><U57/><E124/><N who="2" m="47723" /><F27/><W73/><G73/><T134/><D13/><U39/><E31/><V44/><F5/><W54/><G85/><T117/><D30/><U28/><E28/><V132/><F15/><W51/><G24/><T35/><D117/><U108/><E33/><N who="0" m="12873" /><D101/><U83/><E39/><V75/><F132/><N who="0" m="50730" /><D80/><U60/><E42/><N who="2" m="24855" /><F79/><W88/><G88/><T119/><D119/><U9/><E41/><V12/><F12/><W91/><G91/><T131/><D131/><U66/><E9/><V21/><F21/><W34/><G34/><T47/><D47/><U114/><E114/><V127/><N who="2" m="47731" /><V8/><DORA hai="76" /><F46/><W113/><G113/><T1/><D1/><U20/><E20/><V78/><F78/><W67/><G102/><T65/><D65/><AGARI ba="0,0" hai="16,18,57,59,60,62,65,66,77,83,87,108,109,111" machi="65" ten="40,8000,1" yaku="9,1,14,1,52,1,54,1" doraHai="45,76" who="1" fromWho="0" sc="288,-80,297,80,160,0,255,0" owari="208,-19.2,377,47.7,160,-34.0,255,5.5" /></mjloggm>