<mjloggm ver="2.3"><GO type="225" lobby="0"/><UN n0="%E9%A2%A8%E3%81%A7%E9%B3%B4%E3%81%8F" n1="%E3%81%AF%E3%82%88%E3%81%8A%E3%81%98%E3%81%95%E3%82%93" n2="%E6%A1%9C%E8%8A%B1%E9%96%83%E3%80%85" n3="%4D%50%43%32%38%30%30" dan="16,16,18,16" rate="2136.46,2121.55,2205.72,2188.35" sx="M,M,M,M"/><TAIKYOKU oya="0"/><INIT seed="0,0,0,5,1,59" ten="250,250,250,250" oya="0" hai0="100,6,124,11,37,113,87,92,79,83,32,29,102" hai1="112,47,132,3,126,40,68,93,127,72,61,42,85" hai2="1,101,48,120,12,0,114,44,105,7,53,25,35" hai3="95,108,4,45,26,56,10,121,106,119,30,117,49"/><T21/><D32/><U96/><E72/><V39/><F114/><W128/><G106/><T14/><D37/><U73/><E73/><V71/><F120/><W34/><G108/><T54/><D113/><U23/><E112/><V31/><F39/><W75/><G75/><T28/><D124/><U116/><E116/><V18/><F7/><W36/><G121/><T51/><D92/><U57/><E3/><V131/><F131/><W89/><G56/><T76/><D76/><U118/><E118/><V15/><F15/><W134/><G36/><T33/><D33/><U27/><E68/><V50/><F71/><W41/><G134/><T77/><D77/><U109/><E85/><V13/><F13/><W67/><G67/><T24/><REACH who="0" step="1"/><D29/><REACH who="0" ten="240,250,250,250" step="2"/><N who="1" m="17663" /><E132/><V52/><F105/><W9/><G128/><T70/><D70/><U65/><E109/><V2/><F101/><W22/><G34/><T20/><D20/><U66/><E126/><V130/><F130/><W62/><G117/><T38/><D38/><U97/><E127/><V58/><REACH who="2" step="1"/><F0/><REACH who="2" ten="240,250,240,250" step="2"/><W17/><G119/><T123/><D123/><U84/><E97/><V111/><F111/><W63/><G30/><T8/><D8/><AGARI ba="0,2" hai="1,2,8,12,18,25,31,35,44,48,50,52,53,58" machi="8" ten="30,3900,0" yaku="1,1,7,1,54,1,53,0" doraHai="59" doraHaiUra="80" who="2" fromWho="0" sc="240,-39,250,0,240,59,250,0" /><INIT seed="1,0,0,4,0,103" ten="201,250,299,250" oya="1" hai0="92,116,109,127,4,26,54,77,72,55,135,95,97" hai1="134,82,51,99,8,9,89,101,25,126,128,2,65" hai2="74,125,57,123,17,13,122,91,124,43,84,94,90" hai3="3,44,129,28,87,114,20,1,100,41,104,24,113"/><U63/><E126/><N who="2" m="48747" /><F74/><W15/><G129/><T120/><D127/><U61/><E128/><V105/><F43/><W16/><G87/><T56/><D116/><U71/><E134/><V81/><F57/><W11/><G113/><T52/><D109/><U85/><E2/><V80/><F105/><W7/><G114/><T130/><D130/><U73/><E61/><V31/><F31/><W18/><G18/><T46/><D4/><U0/><E0/><V38/><F38/><W79/><G79/><T45/><D135/><U50/><E73/><V76/><F81/><W132/><G132/><T68/><D68/><U115/><E115/><V78/><F13/><W58/><G58/><T108/><D95/><U119/><E119/><V102/><F17/><W34/><G3/><T27/><D108/><U14/><E25/><N who="0" m="9225" /><D72/><U10/><REACH who="1" step="1"/><E14/><REACH who="1" ten="201,240,299,250" step="2"/><V33/><F33/><W59/><G34/><T112/><D112/><U37/><E37/><V107/><F123/><W60/><G1/><T21/><D120/><U35/><E35/><V96/><F122/><W30/><G30/><T32/><D32/><U42/><E42/><V117/><F117/><W23/><G28/><T110/><D110/><U88/><E88/><V29/><F29/><W66/><G24/><T47/><D77/><U36/><E36/><V67/><F67/><W5/><G66/><T19/><D19/><U75/><E75/><V39/><F39/><N who="3" m="21567" /><G16/><T93/><D21/><U22/><E22/><V111/><F111/><W98/><G7/><T53/><D97/><AGARI ba="0,1" hai="76,78,80,84,90,91,94,96,97,102,107" m="48747" machi="97" ten="30,7700,0" yaku="18,1,34,2,52,1" doraHai="103" who="2" fromWho="0" sc="201,-77,240,0,299,87,250,0" /><INIT seed="2,0,0,4,2,122" ten="124,240,386,250" oya="2" hai0="25,36,73,83,43,12,113,106,0,41,8,85,135" hai1="121,132,1,134,130,29,57,28,21,103,133,60,114" hai2="53,19,91,66,95,26,16,45,108,80,118,64,92" hai3="3,6,90,86,107,46,101,10,15,81,13,62,82"/><V58/><F108/><W129/><G129/><T126/><D106/><U131/><E114/><V119/><F45/><W78/><G107/><T48/><D113/><U14/><E1/><V2/><F2/><W18/><G101/><T47/><D0/><U67/><E121/><V63/><F119/><W20/><G62/><T5/><D73/><U96/><E14/><V116/><F116/><W42/><G15/><T17/><D126/><U109/><E109/><V74/><F118/><W99/><G99/><T32/><D135/><U100/><E100/><V77/><F92/><W128/><G128/><N who="1" m="49194" /><E21/><V52/><F53/><W39/><G78/><T24/><D32/><U120/><E120/><V31/><F66/><W110/><REACH who="3" step="1"/><G82/><REACH who="3" ten="124,240,386,240" step="2"/><T44/><REACH who="0" step="1"/><D17/><REACH who="0" ten="114,240,386,240" step="2"/><U123/><E123/><V115/><F115/><W89/><G89/><AGARI ba="0,2" hai="5,8,12,24,25,36,41,43,44,47,48,83,85,89" machi="89" ten="30,7700,0" yaku="1,1,2,1,7,1,53,1" doraHai="122" doraHaiUra="84" who="0" fromWho="3" sc="114,97,240,0,386,0,240,-77" /><INIT seed="3,0,0,2,1,55" ten="211,240,386,163" oya="3" hai0="5,58,100,115,67,36,133,84,126,9,99,106,59" hai1="7,11,101,37,57,105,80,26,22,62,8,51,61" hai2="71,113,86,124,98,56,35,122,24,32,88,130,120" hai3="44,60,0,3,89,25,18,69,12,91,112,74,95"/><W15/><G112/><T83/><D36/><U2/><E37/><V97/><F71/><W52/><G74/><T77/><D67/><U85/><E11/><V87/><F113/><W50/><G3/><T117/><D115/><U116/><E116/><V96/><F124/><W49/><G0/><T102/><D117/><U28/><E105/><V17/><F56/><N who="3" m="34823" /><G69/><T19/><D126/><U134/><E134/><V132/><F132/><W107/><G107/><T93/><D133/><U33/><E101/><N who="0" m="39017" /><D5/><U46/><E57/><N who="0" m="21513" /><D106/><U29/><E29/><V39/><F130/><W31/><G95/><T30/><D30/><U73/><E33/><V111/><F39/><W94/><G50/><T4/><D4/><U13/><E73/><V38/><F38/><W6/><G6/><T27/><D9/><U127/><E2/><V131/><F131/><W129/><G129/><T21/><D93/><U68/><E68/><V114/><F114/><W1/><G1/><T14/><D99/><U82/><E127/><V65/><F32/><W23/><G31/><T123/><D123/><U76/><REACH who="1" step="1"/><E80/><REACH who="1" ten="211,230,386,163" step="2"/><N who="2" m="49223" /><F35/><W34/><G34/><T121/><D121/><U42/><AGARI ba="0,1" hai="7,8,13,22,26,28,42,46,51,61,62,76,82,85" machi="42" ten="20,12000,2" yaku="1,1,0,1,7,1,25,2,8,1,53,0" doraHai="55" doraHaiUra="53" who="1" fromWho="1" sc="211,-30,230,130,386,-30,163,-60" owari="181,-21.9,360,46.0,356,15.6,103,-39.7" /></mjloggm>