<mjloggm ver="2.3"><GO type="225" lobby="0"/><UN n0="%73%6C%69%63%6B%33%31%39" n1="%E9%B3%B3%E6%9D%B1%E3%81%AE%E3%81%86%E3%81%95%E3%81%8E%E3%81%95%E3%82%93" n2="%74%61%6B%75%61%6B%61" n3="%E3%82%A2%E3%83%9E%E3%83%9D%EF%BD%9E%EF%BD%9E%E3%83%A9" dan="16,16,16,17" rate="2183.96,2232.04,2168.61,2170.14" sx="M,M,M,M"/><TAIKYOKU oya="0"/><INIT seed="0,0,0,3,5,43" ten="250,250,250,250" oya="0" hai0="74,83,115,37,121,86,118,89,14,3,104,29,50" hai1="58,128,7,55,56,81,32,17,0,72,87,22,51" hai2="129,107,70,95,84,98,36,133,78,6,63,49,111" hai3="103,40,10,9,20,134,41,127,4,99,19,82,80"/><T26/><D115/><U131/><E32/><V119/><F36/><W53/><G127/><T59/><D118/><U105/><E72/><V132/><F111/><W13/><G134/><T48/><D3/><U120/><E120/><V47/><F119/><W91/><G10/><T73/><D37/><U96/><E7/><V77/><F129/><N who="1" m="49737" /><E0/><V65/><F6/><W67/><G67/><T79/><D104/><U30/><E30/><V34/><F34/><W52/><G41/><T124/><D124/><U106/><E56/><V1/><F107/><W27/><G40/><T5/><D121/><U112/><E96/><V31/><F31/><W54/><REACH who="3" step="1"/><G91/><REACH who="3" ten="250,250,250,240" step="2"/><T57/><D89/><N who="1" m="51439" /><E112/><V92/><F132/><W85/><G85/><T116/><D86/><U126/><E126/><V18/><F133/><W2/><G2/><T76/><D116/><U88/><E88/><V24/><F1/><W75/><G75/><T125/><D74/><U35/><E35/><V64/><F84/><W117/><G117/><T101/><D73/><U123/><E123/><V44/><F65/><W16/><G16/><T135/><D125/><U45/><E58/><V102/><F18/><W68/><G68/><T97/><D57/><U61/><E61/><V42/><F63/><W69/><G69/><T11/><D59/><U39/><E39/><V46/><F70/><W100/><G100/><T28/><D135/><U23/><E23/><V114/><F102/><W60/><G60/><T108/><D101/><U25/><AGARI ba="0,1" hai="17,22,25,45,51,55,105,106" m="51439,49737" machi="25" ten="30,2000,0" yaku="19,1,52,1" doraHai="43" who="1" fromWho="1" sc="250,-10,250,30,250,-5,240,-5" /><INIT seed="1,0,0,5,1,46" ten="240,280,245,235" oya="1" hai0="128,34,40,33,72,84,121,113,96,114,22,56,109" hai1="116,28,27,43,87,12,54,112,80,126,26,93,49" hai2="45,122,55,32,102,23,64,105,18,69,68,44,131" hai3="120,76,8,5,70,74,17,60,103,53,106,133,37"/><U85/><E126/><V58/><F32/><W2/><G120/><T123/><D72/><U39/><E112/><N who="0" m="43113" /><D96/><U4/><E116/><V75/><F75/><W41/><G17/><T98/><D98/><U115/><E115/><V99/><F122/><N who="0" m="46602" /><D109/><U9/><E39/><V89/><F131/><W100/><G133/><T134/><D134/><U132/><E132/><V79/><F79/><W52/><G106/><T1/><D128/><U91/><E43/><V125/><F125/><W63/><G103/><T83/><D1/><U124/><E28/><V15/><F89/><W62/><G100/><T78/><D40/><U47/><E124/><V10/><F10/><W88/><G88/><AGARI ba="0,0" hai="4,9,12,26,27,47,49,54,80,85,87,88,91,93" machi="88" ten="30,11600,0" yaku="7,1,8,1,52,1,54,1" doraHai="46" who="1" fromWho="3" sc="240,0,280,116,245,0,235,-116" /><INIT seed="1,1,0,4,2,71" ten="240,396,245,119" oya="1" hai0="4,70,111,133,122,135,24,33,79,77,134,126,81" hai1="68,115,37,63,78,108,129,87,116,21,107,10,82" hai2="73,114,90,67,94,7,9,89,98,75,56,32,11" hai3="125,27,100,57,102,128,132,58,14,0,54,59,96"/><U120/><E115/><V42/><F32/><W97/><G0/><T85/><D70/><U2/><E116/><V91/><F114/><W117/><G117/><T110/><D4/><U12/><E120/><V48/><F73/><W43/><G125/><T86/><D33/><U16/><E107/><V18/><F75/><W118/><G118/><T106/><D24/><U22/><E129/><V99/><F18/><W34/><G132/><T46/><D46/><U62/><E108/><N who="0" m="41513" /><D126/><U17/><E37/><V28/><F28/><W55/><G128/><T40/><D40/><U92/><E68/><V29/><F29/><W44/><G27/><T60/><D60/><U50/><E92/><V61/><F99/><W15/><G34/><T6/><D6/><U35/><E35/><V53/><F42/><W26/><G26/><T113/><D113/><U80/><E80/><V25/><F25/><W36/><G43/><T41/><D41/><U69/><E69/><V31/><F31/><W95/><G44/><T74/><D122/><U45/><E2/><V51/><F51/><W121/><G121/><T47/><D47/><U49/><E49/><V72/><F72/><W8/><G36/><T124/><D124/><U123/><E123/><V20/><F20/><N who="1" m="7785" /><E17/><V19/><F19/><W130/><G130/><T83/><D74/><U39/><E39/><V84/><F7/><N who="3" m="3359" /><G15/><T131/><D131/><U105/><E105/><AGARI ba="1,0" hai="77,79,81,83,85,86,105,106,133,134,135" m="41513" machi="105" ten="40,8000,1" yaku="20,1,14,1,34,2" doraHai="71" who="0" fromWho="1" sc="240,83,396,-83,245,0,119,0" /><INIT seed="2,0,0,3,4,120" ten="323,313,245,119" oya="2" hai0="32,46,98,34,63,114,52,73,35,133,97,109,102" hai1="111,89,51,116,100,103,104,49,124,33,131,53,12" hai2="72,62,3,68,55,29,27,71,45,48,1,41,99" hai3="113,57,20,125,18,105,0,135,44,88,77,7,23"/><V81/><F99/><W82/><G125/><T2/><D114/><U80/><E116/><V123/><F123/><W76/><G135/><T38/><D2/><U31/><E124/><V93/><F93/><W132/><G132/><T95/><D133/><U78/><E33/><V60/><F72/><W17/><G105/><T19/><D73/><U86/><E31/><V107/><F107/><W115/><G0/><T118/><D109/><U117/><E117/><V15/><F81/><W16/><G7/><T106/><D118/><U22/><E111/><V37/><F15/><W128/><G57/><T14/><D38/><U87/><E131/><V130/><F62/><W90/><G44/><T65/><D46/><N who="1" m="27831" /><E51/><V10/><F130/><W70/><G70/><T67/><D52/><U26/><E12/><V39/><F39/><W36/><G36/><T101/><REACH who="0" step="1"/><D63/><REACH who="0" ten="313,313,245,119" step="2"/><U122/><E122/><V74/><F74/><W54/><G54/><T108/><D108/><U79/><E104/><V127/><F127/><W6/><G128/><T58/><D58/><U83/><E79/><N who="3" m="30282" /><G6/><T61/><D61/><U5/><E5/><V11/><F60/><W40/><G40/><T8/><AGARI ba="0,1" hai="8,14,19,32,34,35,65,67,95,97,98,101,102,106" machi="8" ten="30,4000,0" yaku="1,1,0,1,53,1" doraHai="120" doraHaiUra="4" who="0" fromWho="0" sc="313,50,313,-10,245,-20,119,-10" /><INIT seed="3,0,0,1,5,85" ten="363,303,225,109" oya="3" hai0="37,7,41,42,39,31,95,3,88,36,133,125,57" hai1="21,64,23,135,96,83,16,50,127,29,111,69,119" hai2="91,28,45,77,15,32,52,113,108,43,114,122,79" hai3="18,116,121,126,76,89,58,92,117,80,124,40,73"/><W53/><G40/><T100/><D133/><U66/><E135/><V6/><F108/><W71/><G71/><T107/><D125/><N who="3" m="48233" /><G18/><T48/><D107/><U49/><E111/><V120/><F32/><W128/><G58/><T20/><D100/><U0/><E119/><N who="3" m="45642" /><G53/><T9/><D31/><U47/><E0/><V72/><F28/><W82/><G128/><T34/><D34/><U11/><E127/><V123/><F6/><W99/><G80/><T130/><D130/><U134/><E69/><V103/><F15/><W56/><G56/><T63/><D20/><U67/><E134/><V30/><F30/><W5/><G5/><T35/><D48/><U62/><E62/><V81/><F43/><W74/><G121/><T87/><REACH who="0" step="1"/><D35/><REACH who="0" ten="353,303,225,109" step="2"/><U112/><E50/><V60/><F60/><W38/><G38/><T22/><D22/><U27/><E21/><V12/><F12/><W115/><G115/><T90/><D90/><U14/><E112/><V93/><F45/><W68/><G68/><T118/><D118/><U97/><REACH who="1" step="1"/><E83/><REACH who="1" ten="353,293,225,109" step="2"/><V26/><F114/><W8/><G8/><T110/><D110/><U84/><E84/><AGARI ba="0,2" hai="73,74,76,82,84,89,92,99" m="45642,48233" machi="84" ten="30,11600,0" yaku="18,1,34,2,52,1" doraHai="85" who="3" fromWho="1" sc="353,0,293,-116,225,0,109,136" /><INIT seed="3,1,0,1,0,90" ten="353,177,225,245" oya="3" hai0="64,92,105,51,107,79,57,97,16,84,44,113,4" hai1="25,94,73,85,35,61,120,53,78,69,77,134,111" hai2="82,23,20,135,118,81,130,126,60,13,129,7,103" hai3="67,56,75,38,14,109,80,30,119,8,106,12,27"/><W47/><G119/><T3/><D3/><U114/><E114/><V93/><F118/><W132/><G106/><T59/><D113/><U33/><E134/><V86/><F135/><W39/><G109/><T5/><D105/><U29/><E120/><V1/><F1/><W100/><G100/><N who="0" m="60455" /><D107/><U49/><E111/><V72/><F126/><W123/><G47/><T22/><D79/><U48/><E33/><V26/><F60/><W96/><G96/><T102/><D84/><U32/><E32/><V0/><F0/><W52/><G67/><T83/><D83/><U54/><E73/><V110/><F110/><W50/><G14/><N who="0" m="9495" /><D102/><U42/><E69/><V98/><F72/><W40/><G40/><N who="0" m="24967" /><D57/><U63/><E42/><V74/><F74/><W46/><G56/><T131/><D131/><N who="2" m="50186" /><F86/><W91/><G123/><T127/><D127/><U18/><E78/><V121/><F121/><W66/><G132/><T65/><D65/><U10/><E77/><V116/><F116/><W104/><G66/><T58/><D58/><U36/><E36/><V133/><F133/><W37/><G104/><T28/><D28/><U41/><E41/><V117/><F117/><W112/><G112/><T101/><D101/><U68/><E68/><V45/><F45/><W99/><G75/><T108/><D108/><U11/><E54/><V71/><F71/><W62/><G52/><T122/><D122/><U88/><E53/><V124/><F124/><W43/><G38/><T115/><D115/><U24/><E49/><V125/><F125/><W89/><G39/><T31/><D31/><U76/><E48/><RYUUKYOKU ba="1,0" sc="353,30,177,-10,225,-10,245,-10" hai0="4,5,59,64" owari="383,48.3,167,-33.3,215,-18.5,235,3.5" /></mjloggm>