<mjloggm ver="2.3"><GO type="225" lobby="0"/><UN n0="%E3%81%9F%E3%81%8B%E3%80%82" n1="%EF%BC%94%36" n2="%E3%82%88%E3%82%8D%E3%81%97%E3%81%8F%E3%81%A7%E3%81%99%E2%99%AA" n3="%E6%B4%BE%E9%81%A3%E3%81%AE%E3%82%B8%E3%83%A3%E3%83%83%E3%82%AF" dan="16,16,16,17" rate="2091.42,2070.74,2115.71,2216.27" sx="M,M,F,M"/><TAIKYOKU oya="0"/><INIT seed="0,0,0,0,3,127" ten="250,250,250,250" oya="0" hai0="70,61,121,107,89,7,38,109,46,72,80,55,81" hai1="56,100,60,118,63,88,130,3,4,82,84,83,12" hai2="13,86,90,129,116,29,117,24,87,85,31,53,135" hai3="35,99,42,126,48,110,125,104,94,108,133,66,93"/><T111/><D121/><U22/><E118/><N who="2" m="45675" /><F135/><W10/><G35/><T30/><D107/><U44/><E3/><V2/><F2/><W15/><G66/><T74/><D7/><U65/><E100/><V75/><F75/><W11/><G104/><T64/><D30/><N who="2" m="11274" /><F24/><W123/><G133/><T77/><D55/><U112/><E112/><V95/><F129/><W78/><G78/><N who="0" m="44103" /><D89/><U101/><E130/><V1/><F1/><W21/><G123/><T131/><D131/><U51/><E101/><V119/><N who="2" m="45683" /><V47/><DORA hai="57" /><F13/><W128/><G128/><T91/><D91/><U14/><E22/><V52/><F47/><W6/><G21/><T8/><D8/><U73/><E4/><V17/><F17/><W33/><G33/><T49/><D49/><U124/><E124/><N who="3" m="47722" /><G10/><T96/><D96/><AGARI ba="0,0" hai="52,53,85,86,87,90,95,96" m="11274,45683" machi="96" ten="50,3200,0" yaku="12,1,54,1" doraHai="127,57" who="2" fromWho="0" sc="250,-32,250,0,250,32,250,0" /><INIT seed="1,0,0,0,2,27" ten="218,250,282,250" oya="1" hai0="93,99,133,88,120,115,11,1,106,117,78,3,81" hai1="72,35,55,73,58,22,8,52,77,36,41,29,119" hai2="132,32,128,71,105,57,129,108,21,84,10,101,63" hai3="91,4,13,134,103,85,96,17,14,40,49,83,121"/><U65/><E35/><V0/><F32/><W45/><G134/><T102/><D117/><U33/><E33/><V16/><F132/><W86/><G121/><T18/><D120/><U19/><E119/><V116/><F116/><W51/><G4/><T74/><D133/><U75/><E77/><V64/><F108/><W79/><G51/><T126/><D126/><U26/><E65/><V76/><F105/><W123/><G123/><T98/><REACH who="0" step="1"/><D115/><REACH who="0" ten="208,250,282,250" step="2"/><U125/><E125/><V60/><F129/><W114/><G114/><T54/><D54/><U62/><E55/><V135/><F128/><W48/><G48/><T24/><D24/><U37/><E41/><V47/><F135/><W25/><G25/><T42/><D42/><U66/><E66/><V107/><F64/><W50/><G50/><T87/><D87/><U113/><E113/><V15/><F84/><W59/><G85/><T20/><D20/><U110/><E110/><V38/><F21/><W100/><G79/><T5/><D5/><U61/><REACH who="1" step="1"/><E62/><REACH who="1" ten="208,240,282,250" step="2"/><V95/><F76/><W122/><G122/><T67/><D67/><U46/><E46/><V112/><F63/><W53/><G45/><T109/><D109/><U39/><E39/><V9/><F38/><W130/><G40/><T44/><D44/><U124/><E124/><V94/><F47/><W127/><G127/><T31/><D31/><U43/><E43/><V56/><F112/><W30/><G30/><T12/><AGARI ba="0,2" hai="1,3,11,12,18,74,78,81,88,93,98,99,102,106" machi="12" ten="30,7900,0" yaku="1,1,0,1,54,1,53,1" doraHai="27" doraHaiUra="6" who="0" fromWho="0" sc="208,99,240,-39,282,-20,250,-20" /><INIT seed="2,0,0,5,1,99" ten="307,201,262,230" oya="2" hai0="58,12,109,119,96,114,30,51,62,123,71,66,134" hai1="6,84,39,48,87,0,19,49,117,128,33,35,67" hai2="18,41,29,69,95,125,37,121,101,2,42,92,110" hai3="56,91,130,27,90,40,97,57,7,55,70,135,34"/><V23/><F121/><W126/><G70/><T127/><D123/><U53/><E39/><V94/><F69/><W112/><G40/><N who="2" m="15465" /><F37/><W100/><G7/><T61/><D119/><U103/><E103/><V36/><F36/><W8/><G8/><T122/><D122/><U24/><E67/><V76/><F2/><W118/><G118/><T102/><D114/><U88/><E87/><V105/><F105/><W113/><G126/><T3/><D3/><U73/><E49/><V10/><F125/><W28/><G130/><T46/><D134/><U60/><E60/><V1/><F1/><W17/><G17/><T116/><D116/><U5/><E73/><V15/><F76/><W131/><G131/><T106/><D127/><U72/><E72/><V43/><N who="2" m="15473" /><V68/><DORA hai="82" /><F68/><W78/><G78/><T63/><D71/><U9/><E5/><V38/><F38/><W26/><G26/><T21/><D109/><U93/><E128/><V50/><F50/><W25/><G25/><T83/><D51/><U22/><REACH who="1" step="1"/><E117/><REACH who="1" ten="307,191,262,230" step="2"/><V13/><F110/><W85/><G135/><T81/><D62/><U133/><E133/><V75/><F75/><W31/><G55/><T132/><D63/><U120/><E120/><V44/><F101/><W52/><G100/><T80/><D132/><U14/><E14/><V89/><F15/><W64/><G64/><T86/><D12/><U32/><E32/><V77/><F13/><W98/><G34/><T115/><D66/><U16/><E16/><V45/><F18/><W129/><G129/><T124/><D124/><U65/><E65/><RYUUKYOKU ba="0,1" sc="307,-10,191,30,262,-10,230,-10" hai1="0,6,9,19,22,24,33,35,48,53,84,88,93" /><INIT seed="3,1,1,5,0,90" ten="297,221,252,220" oya="3" hai0="88,44,106,108,86,82,27,72,23,78,53,101,98" hai1="109,17,115,129,92,41,103,122,87,45,134,121,8" hai2="58,20,10,1,4,30,75,9,131,83,80,5,14" hai3="28,48,2,135,69,117,11,133,102,34,52,77,111"/><W100/><G117/><T63/><D108/><U32/><E32/><V74/><F131/><W25/><G69/><T37/><D37/><U26/><E109/><V35/><F58/><W113/><G113/><T81/><D63/><U54/><E129/><V132/><F132/><N who="3" m="50763" /><G111/><T50/><D27/><U79/><E115/><V13/><F75/><W51/><G77/><T124/><REACH who="0" step="1"/><D23/><REACH who="0" ten="287,221,252,220" step="2"/><U61/><E26/><V120/><F20/><W70/><G70/><T67/><D67/><U6/><E61/><V39/><F35/><W15/><G2/><T16/><D16/><U105/><E17/><V46/><F1/><W104/><G104/><T118/><D118/><U66/><E105/><V38/><F38/><W73/><G73/><T130/><D130/><U93/><E134/><V65/><F39/><W33/><G33/><T125/><AGARI ba="1,2" hai="44,50,53,72,78,81,82,86,88,98,101,106,124,125" machi="125" ten="30,7900,0" yaku="1,1,0,1,54,1,53,1" doraHai="90" doraHaiUra="84" who="0" fromWho="0" sc="287,102,221,-21,252,-21,220,-40" owari="389,48.9,200,-20.0,231,3.1,180,-32.0" /></mjloggm>