<mjloggm ver="2.3"><GO type="225" lobby="0"/><UN n0="%6E%69%63%6F%6E%74%6F" n1="%E3%81%B5%E3%81%98%E3%81%8B%E3%81%A4" n2="%4C%4F%4C%49%54%41" n3="%77%72%77%72%77%72%77%72" dan="16,16,16,17" rate="2098.90,2175.28,2174.56,2171.00" sx="M,M,F,M"/><TAIKYOKU oya="0"/><INIT seed="0,0,0,5,3,45" ten="250,250,250,250" oya="0" hai0="1,66,71,56,106,53,80,63,35,113,16,109,131" hai1="89,112,119,78,14,17,74,33,73,21,4,22,122" hai2="130,133,41,72,92,87,62,104,48,88,51,132,121" hai3="60,28,10,111,13,46,96,7,19,128,84,102,110"/><T37/><D113/><U40/><E112/><V23/><F121/><W3/><G128/><T11/><D35/><U38/><E122/><V52/><F72/><W30/><G84/><T86/><D106/><U116/><E33/><V123/><F123/><W34/><G60/><T5/><D131/><U94/><E4/><V81/><F130/><W114/><G114/><T64/><D37/><U95/><E95/><V120/><F104/><W79/><G79/><T25/><D109/><N who="3" m="41481" /><G34/><T85/><D66/><U69/><E69/><V82/><F120/><W54/><G46/><T36/><D36/><U124/><E73/><V107/><F107/><N who="3" m="63943" /><G54/><T93/><D93/><U99/><E40/><V0/><F0/><W31/><G31/><T129/><D129/><U127/><E38/><V65/><F23/><AGARI ba="0,0" hai="3,7,10,13,19,23,28,30" m="63943,41481" machi="23" ten="30,1000,0" yaku="14,1" doraHai="45" who="3" fromWho="2" sc="250,0,250,0,250,-10,250,10" /><INIT seed="1,0,0,0,3,124" ten="250,250,240,260" oya="1" hai0="2,3,5,91,17,127,111,83,43,114,11,101,88" hai1="120,25,0,117,47,93,50,32,38,73,28,110,48" hai2="44,59,66,31,77,130,34,89,4,16,119,42,116" hai3="60,121,100,12,15,115,92,132,35,113,69,37,62"/><U135/><E117/><V8/><F77/><W105/><G105/><T106/><D114/><U13/><E120/><V24/><F130/><W96/><G121/><T57/><D127/><U40/><E135/><V6/><F89/><W27/><G132/><T7/><D111/><U134/><E134/><V76/><F76/><W18/><G37/><T85/><D17/><U103/><E0/><V80/><F80/><W49/><G49/><T98/><D43/><U75/><E110/><V129/><F129/><W64/><G60/><T56/><REACH who="0" step="1"/><D91/><REACH who="0" ten="240,250,240,260" step="2"/><U71/><E40/><V52/><F16/><W54/><G115/><T1/><D1/><U41/><E71/><V39/><F4/><W86/><G18/><T10/><AGARI ba="0,1" hai="2,3,5,7,10,11,56,57,83,85,88,98,101,106" machi="10" ten="30,8000,1" yaku="1,1,0,1,9,1,54,1,53,1" doraHai="124" doraHaiUra="82" who="0" fromWho="0" sc="240,90,250,-40,240,-20,260,-20" /><INIT seed="2,0,0,1,4,55" ten="330,210,220,240" oya="2" hai0="59,95,24,73,118,114,92,98,75,124,103,111,90" hai1="101,47,104,16,110,31,19,100,1,46,58,70,51" hai2="64,131,4,96,42,93,43,107,37,5,35,25,8" hai3="13,80,99,89,11,44,52,53,63,122,6,91,7"/><V21/><F35/><W28/><G122/><T57/><D114/><U127/><E70/><V2/><F107/><W112/><G112/><T77/><D111/><U66/><E1/><V130/><F4/><W20/><G6/><T65/><D124/><U84/><E127/><V61/><F37/><W82/><G44/><N who="1" m="16938" /><E31/><V72/><F72/><W34/><G34/><T56/><D118/><U18/><E104/><V23/><F131/><W125/><G125/><T133/><D133/><U48/><E110/><V68/><F130/><W76/><G76/><T41/><D41/><U30/><E30/><V40/><REACH who="2" step="1"/><F25/><REACH who="2" ten="330,210,210,240" step="2"/><W33/><G33/><T134/><D24/><U54/><E84/><V106/><F106/><W0/><G7/><T115/><D115/><U105/><E105/><V135/><F135/><W109/><G109/><T120/><D134/><U94/><E94/><V83/><F83/><W22/><G80/><T45/><D75/><U121/><E121/><V71/><F71/><W12/><G82/><T29/><D73/><U15/><E15/><V3/><F3/><W69/><G0/><T14/><D14/><U102/><E66/><V50/><F50/><AGARI ba="0,1" hai="16,18,19,48,50,51,54,58,100,101,102" m="16938" machi="50" ten="40,5200,0" yaku="8,1,52,1,54,1" doraHai="55" who="1" fromWho="2" sc="330,0,210,62,210,-52,240,0" /><INIT seed="3,0,0,1,1,102" ten="330,272,158,240" oya="3" hai0="91,109,10,115,120,104,118,82,92,5,124,66,130" hai1="80,133,63,53,101,100,25,9,3,103,38,46,13" hai2="8,135,117,125,90,30,16,33,72,114,77,69,37" hai3="99,75,11,111,85,122,44,134,17,68,43,57,1"/><W108/><G122/><T87/><D118/><U7/><E133/><V45/><F114/><W20/><G68/><T39/><D120/><U58/><E80/><V119/><F69/><W89/><G75/><T81/><D39/><U47/><E38/><V113/><F113/><W131/><G134/><T132/><D115/><U18/><REACH who="1" step="1"/><E25/><REACH who="1" ten="330,262,158,240" step="2"/><V65/><F135/><W127/><G127/><T48/><D132/><U59/><E59/><V98/><F125/><W55/><G131/><T79/><D124/><U40/><E40/><V27/><F65/><W116/><G99/><T51/><D130/><U129/><E129/><V6/><F77/><W50/><G116/><T19/><D82/><U31/><E31/><V22/><F72/><W29/><G1/><T73/><D19/><U110/><E110/><N who="3" m="42026" /><G11/><AGARI ba="0,1" hai="3,7,9,11,13,18,46,47,53,58,63,100,101,103" machi="11" ten="40,2600,0" yaku="1,1,53,1" doraHai="102" doraHaiUra="34" who="1" fromWho="3" sc="330,0,262,36,158,0,240,-26" owari="330,43.0,298,9.8,158,-34.2,214,-18.6" /></mjloggm>