<mjloggm ver="2.3"><GO type="225" lobby="0"/><UN n0="%6E%69%63%6B%6C%6F%77" n1="%E3%81%86%E3%82%8C%E3%81%9F%E3%82%93%E6%9E%95" n2="%E7%B4%94%E6%BD%94%E3%83%94%E3%83%A9%E3%83%8B%E3%82%A2" n3="%6D%75%75%6D%75%72%61" dan="16,16,17,16" rate="2130.38,2101.08,2209.31,2223.93" sx="F,F,M,F"/><TAIKYOKU oya="0"/><INIT seed="0,0,0,0,5,48" ten="250,250,250,250" oya="0" hai0="23,125,40,89,16,46,97,123,44,115,67,19,5" hai1="108,29,43,103,91,133,104,21,2,66,13,88,113" hai2="81,63,122,75,27,39,76,124,101,120,90,107,24" hai3="118,11,18,6,92,3,51,95,28,80,33,78,50"/><T60/><D115/><U53/><E108/><V93/><F39/><W65/><G118/><T73/><D123/><U20/><E133/><V31/><F24/><W105/><G105/><T58/><D73/><U77/><E2/><V8/><F8/><W41/><G65/><T15/><D125/><U68/><E43/><V106/><F63/><W0/><G0/><T83/><D5/><U22/><E77/><V86/><F124/><W38/><G18/><T45/><D19/><U85/><E91/><V126/><F126/><W71/><G71/><T36/><REACH who="0" step="1"/><D97/><REACH who="0" ten="240,250,250,250" step="2"/><U111/><E111/><V35/><F106/><W117/><G6/><T17/><D17/><U114/><E113/><V102/><F102/><W25/><G117/><T64/><D64/><U59/><E114/><V61/><F101/><W69/><G3/><T82/><D82/><U26/><E103/><V119/><F107/><W37/><G80/><T54/><D54/><U4/><E104/><V135/><F119/><W34/><G92/><T130/><D130/><U110/><E110/><V109/><F109/><W128/><G95/><T42/><D42/><U87/><E66/><V79/><F122/><W9/><G128/><T129/><D129/><U134/><E4/><V52/><F120/><W47/><G41/><T74/><D74/><U99/><E53/><V98/><F75/><W62/><G28/><T127/><D127/><U49/><E29/><V12/><F81/><W30/><G30/><T112/><D112/><U72/><E99/><V7/><F98/><W32/><G69/><T132/><D132/><U10/><E134/><RYUUKYOKU ba="0,1" sc="240,30,250,-10,250,-10,250,-10" hai0="15,16,23,36,40,44,45,46,58,60,67,83,89" /><INIT seed="0,1,1,0,5,43" ten="270,240,240,240" oya="0" hai0="64,88,50,10,103,77,57,48,100,35,19,18,30" hai1="129,26,61,45,53,91,127,44,9,79,13,67,116" hai2="32,70,131,118,71,133,109,22,98,86,96,132,65" hai3="25,95,104,51,33,6,62,119,47,11,99,112,36"/><T37/><D37/><U111/><E116/><V130/><F32/><W0/><G119/><T90/><D35/><U105/><E111/><V93/><F118/><W82/><G112/><T74/><D74/><U134/><E105/><V63/><F109/><W31/><G104/><T124/><D124/><U3/><E127/><V115/><F115/><W117/><G117/><T108/><D108/><U28/><E79/><V72/><F72/><W80/><G62/><N who="0" m="37967" /><D30/><U17/><E3/><V8/><F8/><W29/><G29/><T126/><D77/><U114/><E114/><V42/><F42/><W23/><G36/><T21/><D10/><U84/><E129/><N who="2" m="49163" /><F22/><W128/><G33/><T81/><D18/><U56/><E67/><V94/><F86/><W46/><G128/><T85/><D90/><U89/><E89/><N who="2" m="55343" /><F70/><W101/><REACH who="3" step="1"/><G47/><REACH who="3" ten="270,240,240,230" step="2"/><T69/><D126/><U97/><E134/><V60/><F63/><W7/><G7/><T113/><D113/><U122/><E122/><V39/><F39/><W135/><G135/><T110/><D110/><U2/><E45/><V106/><F106/><W120/><G120/><T15/><D69/><U52/><E44/><V58/><F71/><W20/><G20/><T59/><D59/><U123/><E123/><V12/><F133/><W24/><G24/><T14/><D15/><U87/><E28/><V75/><F132/><W49/><G49/><AGARI ba="1,2" hai="14,19,21,48,49,50,81,85,88,100,103" m="37967" machi="49" ten="30,2900,0" yaku="8,1,54,1" doraHai="43" who="0" fromWho="3" sc="270,52,240,0,240,0,230,-32" /><INIT seed="0,2,0,1,2,14" ten="322,240,240,198" oya="0" hai0="13,88,63,12,40,18,8,38,42,0,46,120,45" hai1="39,119,49,20,111,31,103,25,15,133,114,130,93" hai2="41,104,57,85,33,9,70,110,19,59,30,11,17" hai3="5,73,97,1,4,77,122,58,90,117,27,32,68"/><T37/><D120/><U47/><E111/><V109/><F104/><W54/><G117/><T78/><D78/><U91/><E130/><V69/><F33/><W126/><G122/><T105/><D105/><U44/><E133/><V82/><F30/><W124/><G68/><T72/><D72/><U79/><E114/><V56/><F41/><W121/><G121/><T116/><D116/><U71/><E71/><N who="2" m="27147" /><F85/><W74/><G90/><T94/><D63/><U43/><E103/><V75/><F82/><N who="3" m="45359" /><G97/><T50/><D12/><U23/><E79/><V107/><F107/><W99/><G99/><T106/><D106/><U34/><E15/><V89/><F89/><W3/><G74/><T10/><D50/><U52/><REACH who="1" step="1"/><E119/><REACH who="1" ten="322,230,240,198" step="2"/><V113/><F113/><W7/><G1/><T123/><D123/><U115/><E115/><V80/><F75/><W98/><G3/><T125/><D125/><U48/><E48/><V100/><F100/><W66/><G126/><T76/><D76/><U95/><E95/><V28/><F80/><W6/><G124/><T22/><D0/><U101/><E101/><V102/><F102/><W61/><G4/><T29/><REACH who="0" step="1"/><D29/><REACH who="0" ten="312,230,240,198" step="2"/><U51/><E51/><V36/><F28/><N who="3" m="19487" /><G6/><T81/><D81/><U67/><E67/><V127/><F127/><W55/><G5/><T84/><AGARI ba="2,2" hai="8,10,13,18,22,37,38,40,42,45,46,84,88,94" machi="84" ten="20,18000,2" yaku="1,1,0,1,7,1,9,1,52,1,54,1,53,0" doraHai="14" doraHaiUra="53" who="0" fromWho="0" sc="312,206,230,-62,240,-62,198,-62" /><INIT seed="0,3,0,0,5,58" ten="518,168,178,136" oya="0" hai0="78,42,2,119,11,103,41,45,123,92,1,47,44" hai1="46,124,98,88,70,105,122,135,6,49,48,107,77" hai2="61,52,126,83,24,37,72,82,87,20,99,81,121" hai3="69,15,111,65,35,64,16,9,10,91,94,131,14"/><T7/><D119/><U76/><E122/><V129/><F121/><W134/><G111/><T54/><D123/><U86/><E70/><V50/><F37/><W22/><G131/><T73/><D73/><U125/><E135/><V28/><F129/><W120/><G134/><T133/><D133/><U130/><E130/><V23/><F72/><W56/><G120/><T67/><D54/><U21/><E6/><V31/><F126/><N who="1" m="48745" /><E21/><V12/><F99/><W71/><G35/><T0/><D78/><N who="1" m="30315" /><E98/><V36/><F36/><W114/><G114/><T13/><D103/><U85/><E85/><V112/><F112/><W93/><G71/><T43/><D92/><N who="3" m="35433" /><G69/><T26/><D26/><U118/><E118/><V59/><F31/><W40/><G91/><T89/><D67/><N who="3" m="25673" /><G40/><T108/><REACH who="0" step="1"/><D89/><REACH who="0" ten="508,168,178,136" step="2"/><U117/><E117/><V60/><F87/><W51/><G14/><T63/><D63/><U29/><E86/><V74/><F74/><W79/><G79/><T127/><D127/><U19/><E88/><V100/><F100/><W53/><AGARI ba="3,1" hai="9,10,15,16,22,51,53,56" m="25673,35433" machi="53" ten="30,2000,0" yaku="8,1,54,1" doraHai="58" who="3" fromWho="3" sc="508,-13,168,-8,178,-8,136,39" /><INIT seed="1,0,0,2,4,130" ten="495,160,170,175" oya="1" hai0="41,46,80,65,104,103,126,70,128,27,135,5,124" hai1="15,3,127,133,85,82,86,117,64,116,62,131,40" hai2="100,14,87,134,107,112,102,52,19,67,97,55,123" hai3="132,39,66,10,13,68,89,92,7,17,88,30,76"/><U90/><E131/><V20/><F123/><W0/><G39/><T111/><D135/><U119/><E3/><V21/><F134/><W33/><G132/><T44/><D128/><U95/><E133/><V73/><F73/><W28/><G76/><T57/><D70/><U59/><E127/><V115/><F100/><W79/><G79/><T129/><D129/><U9/><E40/><V26/><F87/><W6/><G0/><T18/><D5/><N who="3" m="1545" /><G68/><T94/><D104/><U75/><E75/><V51/><F67/><W42/><G33/><T43/><D80/><U109/><E109/><V114/><REACH who="2" step="1"/><F51/><REACH who="2" ten="495,160,160,175" step="2"/><W101/><G66/><T2/><D111/><U106/><E106/><V63/><F63/><W16/><G101/><T121/><D121/><U93/><REACH who="1" step="1"/><E86/><REACH who="1" ten="495,150,160,175" step="2"/><V22/><F22/><W120/><G120/><T1/><D1/><U11/><E11/><V31/><AGARI ba="0,2" hai="14,19,20,21,26,31,52,55,97,102,107,112,114,115" machi="31" ten="30,7900,0" yaku="1,1,0,1,11,1,54,1,53,0" doraHai="130" doraHaiUra="35" who="2" fromWho="2" sc="495,-20,150,-39,160,99,175,-20" /><INIT seed="2,0,0,1,3,85" ten="475,111,259,155" oya="2" hai0="44,61,120,128,50,69,14,38,28,108,58,1,40" hai1="96,6,125,97,65,47,8,55,60,116,10,45,83" hai2="64,130,124,30,76,127,17,90,79,67,42,4,103" hai3="18,37,91,0,89,52,109,56,100,3,95,98,112"/><V25/><F103/><W48/><G109/><T123/><D1/><U78/><E116/><V82/><F4/><W70/><G70/><T134/><D108/><U63/><E125/><N who="2" m="48203" /><F42/><W20/><G37/><T24/><D14/><U101/><E97/><V66/><F17/><W92/><G112/><T131/><D69/><U16/><E55/><V99/><F130/><N who="0" m="49706" /><D50/><U115/><E115/><V107/><F107/><W23/><G23/><N who="0" m="15391" /><D134/><U86/><E10/><V21/><F99/><N who="3" m="57743" /><G3/><T31/><D31/><U75/><E75/><V2/><F2/><W126/><G0/><T84/><D84/><AGARI ba="0,0" hai="21,25,30,64,66,67,76,79,82,84,90" m="48203" machi="84" ten="30,2900,0" yaku="18,1,52,1" doraHai="85" who="2" fromWho="0" sc="475,-29,111,0,259,29,155,0" /><INIT seed="2,1,0,5,0,109" ten="446,111,288,155" oya="2" hai0="98,104,68,50,30,6,36,37,74,35,16,20,115" hai1="52,125,113,78,3,34,57,59,132,71,114,43,64" hai2="1,10,29,11,110,77,83,87,81,62,121,133,124" hai3="101,107,95,58,46,80,73,90,25,24,96,60,55"/><V85/><F110/><W99/><REACH who="3" step="1"/><G46/><REACH who="3" ten="446,111,288,145" step="2"/><T44/><D44/><U100/><E3/><V66/><F1/><W72/><G72/><T84/><D74/><U67/><E34/><V18/><F121/><W119/><G119/><T27/><D35/><U127/><E78/><AGARI ba="1,1" hai="24,25,55,58,60,73,78,80,90,95,96,99,101,107" machi="78" ten="40,2600,0" yaku="21,2,53,0" doraHai="109" doraHaiUra="134" who="3" fromWho="1" sc="446,0,111,-29,288,0,145,39" /><INIT seed="3,0,0,0,0,66" ten="446,82,288,184" oya="3" hai0="112,47,92,102,81,16,61,71,125,4,5,68,85" hai1="29,87,98,115,67,75,19,33,45,9,128,69,52" hai2="122,1,72,99,55,132,135,25,31,84,56,43,27" hai3="3,89,34,104,21,7,38,127,129,11,10,97,30"/><W124/><G38/><T42/><D125/><N who="3" m="48201" /><G89/><T13/><D71/><U123/><E128/><V109/><F43/><W57/><G97/><N who="0" m="59687" /><D68/><U0/><E115/><V77/><F99/><W80/><G57/><T90/><D61/><U15/><E123/><V6/><F77/><W53/><G53/><T36/><D36/><U119/><E75/><V39/><F72/><W131/><G80/><T117/><D117/><U130/><E119/><V134/><F39/><W17/><G104/><T82/><D112/><U76/><E130/><N who="3" m="49674" /><G11/><T54/><D42/><U24/><E98/><V93/><F56/><W114/><G114/><T79/><D79/><U28/><E76/><V32/><F55/><W23/><G17/><T51/><D81/><U100/><E87/><V118/><F84/><W94/><G94/><T105/><D105/><U133/><E100/><V59/><F93/><W40/><G40/><T70/><D70/><U111/><E29/><V22/><F59/><W18/><G18/><T96/><D96/><U120/><E120/><V91/><F122/><W60/><G60/><T73/><D73/><U107/><E107/><V49/><F118/><W106/><G106/><T46/><D46/><U20/><E67/><V35/><F91/><W95/><G95/><T83/><D82/><U37/><E69/><V8/><F49/><W12/><G3/><T113/><D113/><U26/><E0/><V48/><F48/><W50/><G50/><T86/><D85/><U101/><E37/><V74/><F74/><W44/><G34/><T63/><D63/><U103/><E52/><V126/><F126/><RYUUKYOKU ba="0,0" sc="446,30,82,-10,288,-10,184,-10" hai0="4,5,13,16,47,51,54,83,86,90" owari="476,57.6,72,-42.8,278,7.8,174,-22.6" /></mjloggm>