<mjloggm ver="2.3"><GO type="225" lobby="0"/><UN n0="%72%61%6B%33" n1="%E3%83%A1%E3%82%AC%E3%83%87%E3%82%B8" n2="%E7%89%87%E5%B9%B3%E5%89%9B" n3="%E2%91%A3%E9%81%BF%E9%81%8A%E6%88%AF%E3%80%90%E6%9D%B1%E5%8D%97%E3%80%91" dan="16,16,16,16" rate="2177.37,2091.86,2057.85,2128.12" sx="M,F,M,M"/><TAIKYOKU oya="0"/><INIT seed="0,0,0,4,4,75" ten="250,250,250,250" oya="0" hai0="74,17,39,46,78,16,133,129,116,91,130,60,76" hai1="55,121,112,73,27,51,67,95,70,40,50,113,31" hai2="101,61,47,19,90,109,81,4,66,102,68,9,134" hai3="128,118,115,10,54,135,88,32,120,126,22,37,38"/><T53/><D116/><U131/><E121/><V119/><F109/><W71/><RYUUKYOKU type="yao9" ba="0,0" sc="250,0,250,0,250,0,250,0" hai3="10,22,32,37,38,54,71,88,115,118,120,126,128,135" /><INIT seed="0,1,0,1,4,131" ten="250,250,250,250" oya="0" hai0="118,3,64,103,84,38,90,104,133,100,9,49,116" hai1="81,132,101,119,24,6,23,53,99,95,12,110,82" hai2="123,69,83,18,85,15,107,19,71,31,60,67,72" hai3="94,2,115,102,42,39,35,124,134,88,56,41,122"/><T114/><D38/><U11/><E110/><V66/><F123/><W63/><G115/><T128/><D114/><U55/><E132/><V112/><F107/><W29/><G2/><T86/><D128/><U135/><E135/><V80/><F31/><W5/><G134/><T33/><D133/><U68/><E68/><V54/><F112/><W40/><G5/><T45/><D33/><U65/><E65/><V8/><F54/><N who="1" m="20489" /><E119/><V108/><F108/><W25/><G122/><T4/><D64/><U59/><E59/><V44/><F44/><W28/><G28/><AGARI ba="1,0" hai="6,11,12,23,24,28,81,82,95,99,101" m="20489" machi="28" ten="30,1000,0" yaku="8,1" doraHai="131" who="1" fromWho="3" sc="250,0,250,13,250,0,250,-13" /><INIT seed="1,0,0,1,3,71" ten="250,263,250,237" oya="1" hai0="64,30,74,24,8,51,124,44,13,97,81,48,21" hai1="7,116,107,127,120,63,100,32,109,28,69,117,101" hai2="132,87,89,33,133,16,19,95,15,12,2,46,88" hai3="47,126,84,94,45,18,110,105,118,99,131,0,75"/><U59/><E120/><V82/><F33/><W66/><G75/><T6/><D124/><U103/><E127/><V129/><F2/><W25/><G126/><T39/><D64/><U67/><E7/><V128/><F46/><W3/><G105/><T65/><D65/><U43/><E109/><V14/><F89/><W52/><G110/><T73/><D97/><U5/><E59/><V134/><REACH who="2" step="1"/><F82/><REACH who="2" ten="250,263,240,237" step="2"/><W78/><G0/><T111/><D111/><U23/><E32/><V9/><F9/><W42/><G3/><T85/><D44/><U38/><E117/><V96/><F96/><W53/><G118/><T123/><D123/><U37/><E116/><V1/><F1/><W34/><G34/><T92/><D81/><U31/><E23/><V36/><F36/><W112/><G99/><T20/><D39/><U79/><E38/><V50/><F50/><W56/><G47/><T115/><D21/><U22/><E22/><V93/><F93/><W108/><G94/><T29/><D30/><U57/><E31/><V72/><F72/><W86/><G45/><T17/><D74/><U49/><E28/><V125/><F125/><W113/><G108/><T54/><D73/><U40/><E37/><V60/><F60/><W58/><G112/><T114/><D29/><U11/><E107/><V80/><F80/><W62/><G62/><T41/><D92/><U106/><E106/><V4/><F4/><W10/><G113/><N who="0" m="43019" /><D41/><U102/><N who="1" m="25600" /><DORA hai="77" /><U70/><E40/><V98/><F98/><W135/><G42/><T76/><D76/><U91/><E79/><V121/><F121/><RYUUKYOKU ba="0,1" sc="250,-10,263,-10,240,30,237,-10" hai2="12,14,15,16,19,87,88,95,128,129,132,133,134" /><INIT seed="2,1,1,1,3,25" ten="240,253,270,227" oya="2" hai0="0,134,109,108,33,63,2,84,94,44,20,133,104" hai1="74,3,87,4,130,24,98,37,54,61,16,80,22" hai2="121,85,113,76,6,38,47,30,107,92,69,110,49" hai3="18,100,88,46,128,83,31,58,11,34,23,115,41"/><V118/><F107/><W43/><G115/><T117/><D104/><U78/><E37/><V127/><F69/><W116/><G116/><T99/><D33/><U48/><E130/><V126/><F38/><W91/><G128/><T111/><D117/><U103/><E61/><V40/><F118/><W29/><G34/><T52/><D84/><U132/><E132/><N who="0" m="50793" /><D20/><U60/><E60/><V67/><F67/><W72/><G100/><N who="0" m="60535" /><D44/><U102/><E74/><V131/><F121/><W13/><G72/><T14/><D14/><U28/><E98/><V93/><F113/><W79/><G58/><AGARI ba="1,1" hai="0,2,52,58,63,108,109,111" m="60535,50793" machi="58" ten="40,5200,0" yaku="14,1,20,1,54,1" doraHai="25" who="0" fromWho="3" sc="240,65,253,0,270,0,227,-55" /><INIT seed="3,0,0,2,1,35" ten="305,253,270,172" oya="3" hai0="75,94,44,3,98,11,87,57,2,86,110,16,56" hai1="24,19,127,122,53,68,4,13,59,66,119,15,21" hai2="9,52,1,62,27,26,33,73,72,128,76,124,50" hai3="34,43,96,97,115,10,61,37,23,131,46,14,95"/><W123/><G123/><T0/><D75/><U36/><E122/><V31/><F128/><W70/><G34/><T117/><D117/><U84/><E127/><V77/><F124/><W90/><G131/><T111/><D44/><U39/><E119/><V121/><F121/><W54/><G115/><T134/><D134/><U30/><E68/><V5/><F62/><W93/><G23/><T91/><D86/><U20/><E66/><V40/><F40/><W48/><G70/><T82/><D16/><U29/><E29/><V135/><F135/><W116/><G116/><T100/><D11/><U133/><E133/><V85/><F27/><W8/><G61/><T41/><D41/><U22/><E84/><V118/><F118/><W60/><G60/><T58/><AGARI ba="0,0" hai="0,2,3,56,57,58,82,87,91,94,98,100,110,111" machi="58" ten="40,8000,1" yaku="0,1,52,3" doraHai="35" who="0" fromWho="0" sc="305,80,253,-20,270,-20,172,-40" owari="385,48.5,233,-16.7,250,5.0,132,-36.8" /></mjloggm>