<mjloggm ver="2.3"><GO type="225" lobby="0"/><UN n0="%E3%81%BF%E3%81%BF%E3%81%9A" n1="%E4%BF%BA%E3%81%A8%E5%A6%96%E5%A4%A2" n2="%33%74%72%65%65" n3="%E3%81%B5%E3%81%98%E3%81%8B%E3%81%A4" dan="18,17,16,16" rate="2252.68,2186.49,2101.26,2200.99" sx="M,F,F,M"/><TAIKYOKU oya="0"/><INIT seed="0,0,0,0,4,95" ten="250,250,250,250" oya="0" hai0="77,37,81,86,80,12,105,106,3,47,29,68,54" hai1="87,117,1,98,103,10,36,0,113,119,13,91,60" hai2="120,14,84,89,59,19,4,26,15,69,57,100,133" hai3="56,122,102,33,18,31,9,129,110,38,8,96,127"/><T85/><D3/><U118/><E36/><V116/><F120/><W51/><G110/><T42/><D68/><U132/><E132/><V62/><F133/><W30/><G122/><T46/><D29/><N who="3" m="10761" /><G38/><T73/><D73/><U24/><E24/><V23/><F116/><W123/><G33/><T109/><D109/><U90/><E60/><V131/><F131/><W128/><G123/><T21/><D47/><U25/><E25/><V67/><F100/><W101/><G101/><T11/><D21/><U75/><E75/><V43/><F43/><W92/><G18/><T79/><REACH who="0" step="1"/><D54/><REACH who="0" ten="240,250,250,250" step="2"/><U61/><E0/><V27/><F69/><W66/><G127/><T107/><D107/><U20/><E1/><V48/><F59/><W50/><G129/><T55/><D55/><U126/><E20/><V99/><F57/><W16/><G128/><T76/><D76/><U39/><E126/><V7/><F23/><W22/><G56/><T52/><D52/><U2/><E2/><V74/><F74/><W135/><G135/><T40/><D40/><U124/><E124/><V97/><F62/><W104/><G104/><T45/><D45/><U5/><E61/><V34/><F34/><W64/><G64/><T53/><D53/><U134/><E134/><V65/><F67/><W71/><G66/><T111/><D111/><U93/><E119/><V32/><F65/><W70/><G70/><T6/><AGARI ba="0,1" hai="6,11,12,37,42,46,77,79,80,81,85,86,105,106" machi="6" ten="20,7800,0" yaku="1,1,0,1,7,1,9,1,53,0" doraHai="95" doraHaiUra="17" who="0" fromWho="0" sc="240,88,250,-26,250,-26,250,-26" /><INIT seed="0,1,0,4,0,41" ten="328,224,224,224" oya="0" hai0="54,121,61,22,18,73,45,31,1,19,102,101,51" hai1="122,95,58,88,39,42,120,112,59,10,28,33,50" hai2="71,115,98,106,21,89,70,72,49,68,26,17,65" hai3="80,110,130,20,55,124,105,92,81,113,133,8,116"/><T67/><D121/><U82/><E112/><V77/><F115/><W118/><G20/><T85/><D73/><U104/><E104/><V126/><F126/><W90/><G8/><T29/><D1/><U11/><E39/><V16/><F72/><W69/><G69/><T93/><D85/><U103/><E120/><V119/><F119/><W64/><G64/><T132/><D132/><U56/><E122/><V129/><F129/><W83/><G55/><T123/><D123/><U57/><E28/><V3/><F3/><W114/><G105/><T5/><D5/><U62/><E33/><V7/><F7/><W107/><G107/><T127/><D127/><U78/><E103/><V35/><F77/><W43/><G43/><T47/><D47/><N who="1" m="25975" /><E82/><V37/><F37/><W2/><G2/><T76/><D76/><U60/><E78/><V9/><F35/><W87/><G124/><T32/><D32/><U66/><E60/><V63/><F106/><W15/><G15/><T79/><D79/><U53/><E53/><V4/><F49/><W38/><G38/><T109/><D109/><U75/><E75/><V14/><REACH who="2" step="1"/><F17/><REACH who="2" ten="328,224,214,224" step="2"/><W36/><G36/><T86/><D18/><U84/><AGARI ba="1,1" hai="10,11,56,57,58,59,62,66,84,88,95" m="25975" machi="84" ten="30,4000,0" yaku="8,1,52,1,54,1" doraHai="41" who="1" fromWho="1" sc="328,-21,224,53,214,-11,224,-11" /><INIT seed="1,0,0,2,5,39" ten="307,277,203,213" oya="1" hai0="97,130,53,101,37,131,66,30,4,54,94,118,126" hai1="99,91,21,33,92,75,103,2,81,60,5,129,127" hai2="90,18,89,40,100,47,83,35,67,106,109,98,76" hai3="23,63,74,49,73,3,42,128,26,122,104,14,20"/><U134/><E33/><V9/><F35/><W56/><G122/><T77/><D118/><U50/><E134/><V79/><F67/><W28/><G3/><T46/><D126/><U110/><E127/><V6/><F18/><W87/><G104/><T71/><D77/><U45/><E129/><N who="0" m="49161" /><D30/><U61/><E110/><V55/><F55/><N who="0" m="21002" /><D4/><U0/><E21/><V59/><F59/><W119/><G128/><T93/><D37/><U52/><E5/><V123/><F109/><W25/><G119/><T36/><D36/><U125/><E125/><V115/><F123/><W121/><G14/><T12/><D46/><U84/><REACH who="1" step="1"/><E75/><REACH who="1" ten="307,267,203,213" step="2"/><V113/><F113/><W133/><G121/><T111/><D111/><U16/><E16/><V116/><F115/><W102/><G133/><T58/><D12/><U1/><AGARI ba="0,1" hai="0,1,2,45,50,52,60,61,81,84,91,92,99,103" machi="1" ten="30,11700,0" yaku="1,1,0,1,54,1,53,1" doraHai="39" doraHaiUra="48" who="1" fromWho="1" sc="307,-39,267,127,203,-39,213,-39" /><INIT seed="1,1,0,3,2,52" ten="268,394,164,174" oya="1" hai0="99,110,135,129,69,76,68,18,79,121,34,128,58" hai1="55,103,49,59,77,43,15,113,66,124,107,26,70" hai2="106,127,6,22,36,38,1,133,73,50,11,132,47" hai3="5,86,114,27,30,104,46,54,16,91,85,62,122"/><U67/><E113/><V24/><F73/><W40/><G114/><T33/><D110/><U41/><E124/><V84/><F106/><W2/><G104/><T105/><D18/><U94/><E107/><V119/><F119/><W81/><G122/><T96/><D105/><U111/><E77/><N who="0" m="29769" /><D58/><N who="1" m="33135" /><E70/><N who="0" m="27241" /><D121/><U125/><E125/><V32/><F127/><W31/><G2/><T56/><D56/><U131/><E111/><V60/><F60/><W3/><G3/><T7/><D7/><U45/><E131/><N who="0" m="50249" /><D135/><U10/><E26/><V93/><F133/><W78/><G5/><T63/><D63/><N who="1" m="38271" /><E67/><V51/><F132/><W97/><G27/><T8/><D8/><U61/><E61/><V89/><F11/><W118/><G62/><T25/><D25/><U95/><E45/><V109/><F24/><W37/><G46/><T72/><D72/><U102/><E95/><V82/><F93/><W112/><G118/><T57/><D57/><U74/><E74/><V44/><F44/><W120/><G112/><T115/><D115/><U117/><E117/><V39/><F47/><W23/><G120/><T108/><D108/><U123/><E123/><V101/><F109/><W12/><G78/><T35/><AGARI ba="1,0" hai="33,34,35,96,99" m="50249,27241,29769" machi="35" ten="40,5200,0" yaku="28,2,19,1" doraHai="52" who="0" fromWho="0" sc="268,55,394,-27,164,-14,174,-14" /><INIT seed="2,0,0,3,4,41" ten="323,367,150,160" oya="2" hai0="39,67,4,11,131,16,38,78,134,107,45,8,82" hai1="22,25,122,83,69,1,7,70,89,108,9,2,72" hai2="37,58,61,105,49,52,20,93,86,127,124,77,110" hai3="60,87,129,3,130,112,75,64,44,33,100,125,97"/><V46/><F105/><N who="3" m="63631" /><G87/><T133/><D107/><U71/><E108/><V63/><F110/><W23/><G33/><T21/><D67/><U73/><E122/><V123/><F123/><W51/><G3/><N who="0" m="31" /><D11/><U29/><E1/><V95/><F37/><W0/><G0/><T5/><D5/><U18/><E89/><V15/><F63/><W132/><G75/><N who="0" m="43359" /><D131/><N who="3" m="50185" /><G125/><N who="2" m="48201" /><F77/><W81/><G132/><N who="0" m="50795" /><D45/><U32/><REACH who="1" step="1"/><E83/><REACH who="1" ten="323,357,150,160" step="2"/><V28/><F86/><W126/><G81/><T17/><D17/><U43/><E43/><N who="2" m="24799" /><F28/><W98/><G126/><T101/><D101/><U24/><AGARI ba="0,1" hai="2,7,9,18,22,24,25,29,32,69,70,71,72,73" machi="24" ten="40,2700,0" yaku="1,1,0,1,53,0" doraHai="41" doraHaiUra="116" who="1" fromWho="1" sc="323,-7,357,37,150,-13,160,-7" /><INIT seed="3,0,0,0,2,99" ten="316,394,137,153" oya="3" hai0="87,53,60,67,69,122,42,34,7,131,27,13,2" hai1="46,72,79,47,62,118,73,111,30,129,49,91,29" hai2="40,65,109,125,44,0,25,135,43,19,110,95,101" hai3="117,108,22,6,56,100,123,28,77,33,21,12,39"/><W134/><G39/><T52/><D122/><U4/><E111/><N who="2" m="42507" /><F135/><W127/><G117/><T51/><D2/><U61/><E129/><V16/><F125/><W68/><G127/><T48/><D131/><U98/><E79/><V75/><F75/><W85/><G134/><T128/><D128/><U26/><E4/><V126/><F126/><W113/><G68/><T88/><D34/><U54/><E118/><V18/><F0/><W89/><G33/><T5/><D27/><U45/><E73/><V14/><F65/><W84/><G123/><T90/><D42/><N who="2" m="15914" /><F44/><W119/><G119/><T31/><D31/><U82/><E30/><V103/><F25/><N who="3" m="16431" /><G113/><T38/><D38/><U124/><E98/><N who="2" m="59615" /><F103/><W35/><G100/><T8/><D5/><U78/><E91/><V130/><F130/><W64/><G108/><T116/><D116/><U24/><E24/><V81/><F81/><N who="3" m="47151" /><G6/><T66/><D66/><U20/><E124/><V63/><F63/><N who="3" m="37991" /><G35/><T70/><D70/><U86/><E72/><V132/><F132/><W76/><G76/><T96/><D96/><U74/><E74/><V37/><F37/><W114/><G114/><T1/><D1/><U9/><E62/><V11/><AGARI ba="0,0" hai="11,14,16,18,19" m="59615,15914,42507" machi="11" ten="30,4000,0" yaku="14,1,52,1,54,1" doraHai="99" who="2" fromWho="2" sc="316,-10,394,-10,137,40,153,-20" owari="306,10.6,384,48.4,177,-22.3,133,-36.7" /></mjloggm>