<mjloggm ver="2.3"><GO type="225" lobby="0"/><UN n0="%E7%99%BD%E9%9B%AA%E4%B9%83%E6%84%9B" n1="%E6%9D%B1%E9%A2%A8%E3%81%AE%E3%81%8D%E3%82%83%E3%81%B7%E3%81%95%E3%82%93" n2="%E3%81%82%E3%81%B9%E3%81%99%E3%81%91" n3="%28%EF%BF%A3%E2%96%BD%EF%BF%A3%29%CE%B4%E2%8C%92%E3%83%BB" dan="16,16,16,16" rate="2055.74,2144.29,2143.43,2116.79" sx="F,M,M,M"/><TAIKYOKU oya="0"/><INIT seed="0,0,0,2,2,16" ten="250,250,250,250" oya="0" hai0="122,92,101,134,103,104,2,61,131,105,5,124,10" hai1="60,22,109,40,63,27,106,78,107,54,132,24,36" hai2="120,81,84,35,44,42,21,28,125,93,48,52,32" hai3="11,50,118,82,102,77,46,37,72,47,99,58,65"/><T91/><D122/><U110/><E78/><V33/><F120/><W38/><G118/><T115/><D115/><U12/><E12/><V64/><F125/><W1/><G47/><T67/><D134/><U20/><E54/><V90/><F64/><W121/><G121/><T85/><D131/><U31/><E132/><V127/><F127/><W45/><G45/><T7/><D124/><U128/><E128/><V13/><F93/><W88/><G88/><T116/><D116/><U51/><E51/><V0/><F0/><W17/><G58/><T108/><D108/><N who="1" m="41579" /><E40/><V43/><REACH who="2" step="1"/><F13/><REACH who="2" ten="250,250,240,250" step="2"/><W95/><G65/><T14/><D105/><N who="1" m="39947" /><E36/><V119/><F119/><W98/><G38/><T112/><D112/><U59/><E59/><V49/><F49/><W135/><G37/><T86/><D104/><U74/><E74/><V57/><F57/><W75/><G72/><T19/><D2/><U25/><E31/><V133/><F133/><W29/><G1/><T89/><D67/><U87/><E87/><V94/><F94/><W70/><G29/><T76/><D61/><AGARI ba="0,1" hai="20,22,24,25,27,60,61,63" m="39947,41579" machi="61" ten="40,8000,1" yaku="28,2,14,1,52,2" doraHai="16" who="1" fromWho="0" sc="250,-80,250,90,240,0,250,0" /><INIT seed="1,0,0,5,2,15" ten="170,340,240,250" oya="1" hai0="62,105,80,25,86,4,52,92,81,22,88,28,3" hai1="63,43,57,113,93,85,54,32,74,115,79,70,103" hai2="6,18,24,125,8,46,120,23,112,72,27,117,16" hai3="90,121,123,108,60,98,102,55,12,21,119,44,0"/><U29/><E43/><V104/><F104/><W96/><G0/><T107/><D3/><U33/><E70/><V38/><F120/><W47/><G108/><T129/><D129/><U7/><E7/><V111/><F117/><W94/><G119/><T37/><D37/><U26/><E33/><V30/><F72/><W58/><G123/><T64/><D4/><U34/><E34/><V133/><F46/><W95/><G121/><T89/><D80/><U130/><E130/><V122/><F38/><W53/><G53/><T116/><D116/><U100/><E74/><V39/><F39/><W56/><G58/><T67/><D67/><U131/><E131/><V97/><F97/><W110/><G110/><T10/><D10/><U87/><E79/><V9/><F122/><W65/><G65/><T75/><D75/><U40/><E40/><V5/><F23/><W82/><G82/><T14/><D14/><U132/><E132/><V135/><F30/><W19/><AGARI ba="0,0" hai="12,19,21,44,47,55,56,60,90,94,95,96,98,102" machi="19" ten="30,4000,0" yaku="0,1,8,1,52,1" doraHai="15" who="3" fromWho="3" sc="170,-10,340,-20,240,-10,250,40" /><INIT seed="2,0,0,4,5,87" ten="160,320,230,290" oya="2" hai0="31,89,14,72,47,40,54,121,82,113,2,16,32" hai1="133,128,84,18,105,73,80,85,1,71,39,55,19" hai2="26,49,30,91,7,70,22,29,5,123,88,52,77" hai3="48,36,98,127,65,83,76,61,20,41,9,35,117"/><V118/><F118/><W57/><G35/><T94/><D121/><U6/><E105/><V124/><F70/><W130/><G117/><T68/><D113/><U95/><E39/><V46/><F123/><W112/><G112/><T134/><D134/><U99/><E71/><V75/><F124/><W108/><G108/><T114/><D114/><U28/><E28/><N who="2" m="10859" /><F75/><W12/><G130/><T110/><D110/><U74/><E1/><V126/><F77/><W17/><G36/><T42/><D68/><U3/><E3/><V63/><F126/><W13/><G98/><T93/><D2/><U131/><E99/><V56/><F7/><W100/><G100/><T103/><D31/><U120/><E6/><V106/><F106/><W10/><G13/><T59/><D32/><U64/><E120/><V43/><F5/><W51/><G127/><T60/><D103/><U107/><E107/><V62/><F63/><W97/><G97/><T69/><D69/><U21/><E73/><V135/><F135/><W78/><G78/><T132/><D132/><U115/><E74/><V66/><F43/><W79/><G79/><T125/><D42/><U25/><E115/><V92/><F92/><W0/><G0/><T96/><D125/><U122/><E95/><V50/><F50/><N who="3" m="18987" /><G41/><T4/><D4/><U33/><E133/><V58/><F58/><W67/><G65/><T109/><D109/><U81/><E33/><V102/><F102/><W34/><G34/><T129/><D129/><U101/><E122/><V27/><F27/><W38/><G38/><T111/><D111/><U44/><E128/><RYUUKYOKU ba="0,0" sc="160,-15,320,-15,230,15,290,15" hai2="22,26,46,49,52,56,62,66,88,91" hai3="9,10,12,17,20,57,61,67,76,83" /><INIT seed="2,1,0,1,5,114" ten="145,305,245,305" oya="2" hai0="129,81,131,111,64,106,108,39,20,133,25,65,123" hai1="17,67,68,15,85,44,69,60,36,115,94,99,90" hai2="48,1,135,101,53,31,109,118,82,57,80,26,54" hai3="6,120,30,29,33,37,91,113,59,0,96,78,134"/><V121/><F118/><W9/><G37/><T61/><D106/><U62/><E115/><V88/><F121/><W74/><G120/><T10/><D123/><U58/><E36/><V125/><F1/><W56/><G134/><T2/><D81/><U66/><E44/><V27/><F125/><W55/><G59/><T72/><D72/><U4/><E4/><V3/><F3/><W32/><G113/><T128/><D39/><U130/><E130/><V97/><F109/><N who="0" m="42058" /><D61/><U104/><E104/><V50/><F135/><W75/><G78/><T126/><D64/><U132/><E132/><V23/><F27/><W7/><G7/><N who="0" m="1399" /><D65/><U110/><E110/><V89/><F101/><W100/><G91/><N who="2" m="34889" /><F97/><W116/><G74/><T22/><D133/><U117/><E99/><V19/><F31/><W13/><G30/><N who="0" m="17703" /><D22/><U21/><E58/><AGARI ba="1,0" hai="19,23,26,48,50,53,54,57,58,80,82" m="34889" machi="58" ten="30,2900,0" yaku="8,1,54,1" doraHai="114" who="2" fromWho="1" sc="145,0,305,-32,245,32,305,0" /><INIT seed="2,2,0,3,4,72" ten="145,273,277,305" oya="2" hai0="125,29,102,39,44,129,28,127,74,112,6,38,60" hai1="70,36,47,100,26,34,121,134,16,108,11,113,35" hai2="119,59,99,68,105,18,1,116,106,51,114,94,122" hai3="63,92,8,120,24,12,71,56,104,64,41,128,45"/><V14/><F1/><W30/><G120/><T58/><D112/><U96/><E70/><V13/><F68/><W43/><G128/><T78/><D129/><U50/><E36/><V88/><F114/><W0/><G0/><T23/><D102/><U133/><E108/><V110/><F122/><W82/><G104/><T117/><D117/><U4/><E113/><V67/><F110/><W124/><G124/><N who="0" m="47691" /><D6/><U91/><E91/><V87/><F14/><W73/><G71/><T25/><D29/><U62/><E62/><V85/><F106/><W75/><G92/><T132/><D132/><N who="1" m="50795" /><E4/><V9/><F105/><W27/><G43/><T7/><D7/><U111/><E111/><V76/><F119/><W33/><G27/><T118/><D44/><U32/><E121/><V101/><F116/><W107/><G107/><T79/><D118/><U55/><E100/><V17/><F101/><W5/><REACH who="3" step="1"/><G82/><REACH who="3" ten="145,273,277,295" step="2"/><N who="0" m="45399" /><D79/><U54/><E96/><V37/><F99/><W95/><G95/><T10/><D10/><U65/><E26/><V31/><F9/><W90/><G90/><T109/><D109/><U89/><E89/><V93/><F88/><W48/><AGARI ba="2,1" hai="5,8,12,24,30,33,41,45,48,56,63,64,73,75" machi="48" ten="20,2700,0" yaku="1,1,0,1,7,1,53,0" doraHai="72" doraHaiUra="126" who="3" fromWho="3" sc="145,-9,273,-9,277,-15,295,43" /><INIT seed="3,0,0,1,4,39" ten="136,264,262,338" oya="3" hai0="104,60,109,15,65,84,124,110,90,106,130,108,72" hai1="0,103,112,50,42,120,61,53,14,36,121,45,56" hai2="16,8,81,33,20,79,111,41,32,107,135,98,49" hai3="4,5,63,57,78,23,89,94,7,40,48,95,25"/><W11/><G78/><T70/><D15/><U132/><E0/><V77/><F111/><W92/><G40/><T12/><D72/><U131/><E103/><V26/><F135/><W133/><G48/><T71/><D130/><U82/><E82/><V47/><F8/><W35/><G35/><T99/><D124/><U28/><E28/><V122/><F122/><W21/><G133/><T69/><D12/><U54/><E132/><V67/><F67/><N who="3" m="39407" /><G11/><T13/><D13/><U74/><E74/><V10/><F10/><W91/><G23/><T24/><D24/><U115/><E14/><V46/><F46/><W129/><G129/><T119/><D119/><U30/><E30/><AGARI ba="0,0" hai="4,5,7,21,25,30,89,91,92,94,95" m="39407" machi="30" ten="30,1500,0" yaku="8,1" doraHai="39" who="3" fromWho="1" sc="136,0,264,-15,262,0,338,15" owari="136,-36.4,249,-15.1,262,6.2,353,45.3" /></mjloggm>