<mjloggm ver="2.3"><GO type="225" lobby="0"/><UN n0="%E5%8D%A0%E3%81%84%E5%B8%AB%E8%A3%8F%E3%81%AA%E3%81%84%E3%81%97" n1="%E6%B4%BE%E9%81%A3%E3%81%AE%E3%82%B8%E3%83%A3%E3%83%83%E3%82%AF" n2="%72%69%6F%75%63%68%61%6E" n3="%E3%81%AA%E3%82%81%E3%81%93%E9%9B%80%E5%A3%AB" dan="17,17,17,16" rate="2166.53,2222.56,2269.46,2074.70" sx="M,M,M,M"/><TAIKYOKU oya="0"/><INIT seed="0,0,0,0,5,76" ten="250,250,250,250" oya="0" hai0="2,66,39,116,12,37,4,5,79,17,54,58,92" hai1="120,56,91,44,35,124,119,82,59,121,127,115,95" hai2="94,67,117,70,21,80,0,47,81,46,106,33,123" hai3="90,42,108,14,103,10,3,78,7,69,84,86,8"/><T6/><D116/><U68/><E68/><V118/><F123/><W52/><G108/><T93/><D2/><U128/><E35/><V104/><F33/><W97/><G69/><T100/><D66/><U55/><E119/><N who="2" m="45579" /><F0/><W43/><G84/><T11/><D79/><U20/><E20/><V29/><F94/><W87/><G86/><T135/><D135/><U45/><E128/><V110/><F110/><W77/><G77/><T105/><D105/><N who="2" m="40554" /><F29/><W111/><G78/><T130/><D130/><U53/><E95/><V23/><F21/><W30/><G97/><T101/><D93/><U109/><E109/><V113/><F23/><W89/><G103/><T16/><D17/><U64/><E91/><V112/><F67/><W98/><G90/><T126/><D126/><U25/><E64/><V18/><F18/><W57/><G98/><T63/><REACH who="0" step="1"/><D92/><REACH who="0" ten="240,250,250,250" step="2"/><U27/><REACH who="1" step="1"/><E115/><REACH who="1" ten="240,240,250,250" step="2"/><N who="2" m="44107" /><F70/><W74/><G111/><T19/><D19/><U88/><E88/><V107/><F107/><W132/><G89/><T1/><D1/><U75/><E75/><V22/><F22/><W114/><G74/><T26/><D26/><U38/><E38/><AGARI ba="0,2" hai="4,5,6,11,12,16,37,38,39,54,58,63,100,101" machi="38" ten="40,12000,1" yaku="1,1,54,1,53,2" doraHai="76" doraHaiUra="96" who="0" fromWho="1" sc="240,140,240,-120,250,0,250,0" /><INIT seed="0,1,0,2,5,12" ten="380,120,250,250" oya="0" hai0="112,98,45,133,68,117,115,102,73,88,103,86,94" hai1="106,114,127,4,89,57,50,104,47,109,56,85,77" hai2="41,92,53,75,18,33,25,128,131,32,46,129,10" hai3="124,16,134,126,7,81,28,2,59,8,61,83,44"/><T113/><D68/><U66/><E109/><V21/><F75/><W65/><G28/><T37/><D117/><U121/><E121/><V95/><F53/><W70/><G44/><T43/><D73/><U9/><E127/><N who="3" m="48682" /><G134/><T74/><D74/><U78/><E114/><V123/><F123/><W51/><G51/><T11/><D133/><U97/><E104/><V82/><F82/><N who="3" m="31243" /><G59/><T0/><REACH who="0" step="1"/><D86/><REACH who="0" ten="370,120,250,250" step="2"/><U120/><E120/><V26/><F131/><W108/><G108/><T76/><D76/><U91/><E85/><V87/><F87/><W79/><G79/><T111/><D111/><U58/><E66/><V20/><F129/><W118/><G118/><T119/><D119/><U5/><E77/><V48/><F128/><W39/><G39/><T116/><D116/><U67/><E67/><V100/><F10/><W52/><G52/><T105/><D105/><U35/><E78/><V30/><REACH who="2" step="1"/><F92/><REACH who="2" ten="370,120,240,250" step="2"/><W54/><G54/><T38/><D38/><U101/><E9/><V27/><F27/><W40/><G40/><T99/><D99/><AGARI ba="1,2" hai="18,20,21,25,26,30,32,33,41,46,48,95,99,100" machi="99" ten="40,2600,0" yaku="1,1,52,1,53,0" doraHai="12" doraHaiUra="62" who="2" fromWho="0" sc="370,-29,120,0,240,49,250,0" /><INIT seed="1,0,0,3,4,73" ten="341,120,289,250" oya="1" hai0="23,46,11,84,129,58,98,76,126,30,86,13,72" hai1="52,42,114,32,49,21,51,111,117,135,66,95,0" hai2="63,24,59,10,61,93,34,87,68,110,3,90,102" hai3="12,106,45,37,88,109,97,4,26,60,25,69,99"/><U67/><E117/><V103/><F110/><W31/><G109/><T108/><D108/><U94/><E111/><V115/><F115/><W120/><G120/><T29/><D126/><U132/><E32/><V55/><F3/><W54/><G26/><T81/><D129/><U56/><E0/><V105/><F105/><W123/><G123/><T124/><D124/><U65/><E114/><V41/><F41/><W44/><G37/><T107/><D72/><U92/><REACH who="1" step="1"/><E21/><REACH who="1" ten="341,110,289,250" step="2"/><V79/><F34/><W35/><G35/><T19/><D23/><U131/><E131/><V96/><F10/><W80/><G106/><T83/><D107/><U38/><E38/><V15/><F15/><W127/><G12/><T53/><D11/><U85/><E85/><V62/><F24/><W89/><G25/><T40/><D13/><U91/><E91/><V113/><F113/><W20/><G88/><N who="0" m="51215" /><D98/><U36/><E36/><V112/><F112/><W39/><G20/><T78/><D29/><U100/><E100/><N who="2" m="38443" /><F68/><W121/><G69/><T116/><D30/><U17/><E17/><V16/><F16/><W128/><G31/><T2/><D2/><U5/><E5/><V50/><F96/><N who="3" m="36939" /><G4/><T43/><D19/><U70/><E70/><V133/><F133/><W47/><G128/><T104/><D104/><U125/><E125/><V71/><F71/><W1/><G127/><T33/><D33/><U14/><E14/><V28/><F28/><W134/><G1/><T9/><D9/><U75/><E75/><V22/><F22/><W77/><G134/><T122/><D116/><U8/><E8/><RYUUKYOKU ba="0,1" sc="341,-15,110,15,289,15,250,-15" hai1="42,49,51,52,56,65,66,67,92,94,95,132,135" hai2="50,55,59,61,62,63,79,87,90,93" /><INIT seed="1,1,1,3,1,78" ten="326,125,304,235" oya="1" hai0="73,95,10,133,39,132,101,25,75,113,91,125,13" hai1="7,106,66,2,6,72,126,81,77,23,31,100,24" hai2="90,109,80,4,35,42,82,45,30,49,74,62,107" hai3="121,112,3,92,21,18,12,0,36,60,104,5,26"/><U114/><E114/><V34/><F107/><W129/><G104/><T134/><D113/><U79/><E126/><V110/><F4/><W59/><G112/><T87/><D125/><U86/><E2/><V127/><F127/><W53/><G129/><T33/><D39/><U83/><REACH who="1" step="1"/><E66/><REACH who="1" ten="326,115,304,235" step="2"/><V40/><F110/><W88/><G121/><T120/><D120/><U57/><E57/><V103/><F109/><W37/><G3/><T85/><D133/><U115/><E115/><V68/><F68/><W71/><G0/><T111/><D134/><U19/><E19/><V63/><F30/><W135/><G135/><T131/><D132/><U130/><E130/><V128/><F128/><W47/><G71/><T16/><D131/><U50/><E50/><V97/><F62/><W55/><G37/><T123/><D111/><U122/><E122/><V15/><F63/><W96/><G36/><T27/><D123/><U14/><E14/><V1/><F1/><W99/><G5/><T11/><D16/><U76/><E76/><V28/><F28/><W93/><G12/><T108/><D13/><U118/><E118/><V61/><F61/><W43/><G59/><T69/><D69/><U22/><E22/><V56/><F56/><W67/><G60/><T20/><D20/><U117/><E117/><V32/><F15/><W84/><G67/><T89/><D108/><U94/><E94/><N who="2" m="58807" /><F49/><N who="3" m="26879" /><G92/><T116/><D116/><U9/><E9/><V54/><F32/><W119/><G119/><T17/><D95/><U51/><E51/><V58/><F34/><W65/><G65/><T124/><D124/><RYUUKYOKU ba="1,2" sc="326,-15,115,15,304,-15,235,15" hai1="6,7,23,24,31,72,77,79,81,83,86,100,106" hai3="18,21,26,53,55,84,88,93,96,99" /><INIT seed="1,2,2,5,5,16" ten="311,130,289,250" oya="1" hai0="11,63,118,114,24,8,134,104,13,101,14,53,82" hai1="125,93,18,2,9,88,1,103,124,65,97,89,45" hai2="132,135,27,51,38,120,32,57,127,110,92,117,54" hai3="44,56,115,109,116,74,121,26,39,70,17,0,46"/><U43/><E65/><V30/><F110/><W61/><G121/><T40/><D114/><U23/><E9/><V52/><F127/><N who="1" m="48713" /><E2/><V128/><F128/><W19/><G115/><T66/><D118/><U5/><E5/><V102/><F117/><W42/><G109/><T35/><D134/><N who="2" m="51242" /><F120/><W95/><G74/><T12/><D40/><U78/><E78/><V64/><F38/><W15/><G0/><T4/><D4/><U47/><E1/><V75/><F75/><W85/><G44/><N who="1" m="16970" /><E43/><V37/><F37/><W130/><G70/><N who="0" m="42335" /><D53/><U94/><E94/><V3/><F3/><W79/><G130/><T106/><D106/><U10/><E10/><V80/><F80/><W55/><G95/><T87/><D82/><U25/><AGARI ba="2,2" hai="18,23,25,88,89,93,97,103" m="16970,48713" machi="25" ten="30,6000,0" yaku="18,1,52,1,54,1" doraHai="16" who="1" fromWho="1" sc="311,-22,130,86,289,-22,250,-22" /><INIT seed="1,3,0,0,3,68" ten="289,216,267,228" oya="1" hai0="47,80,87,46,11,106,127,71,30,54,14,23,132" hai1="49,51,81,53,3,1,125,86,78,114,34,70,108" hai2="48,63,8,116,85,9,98,95,20,73,111,82,22" hai3="134,40,0,45,59,110,57,77,75,84,89,44,29"/><U105/><E114/><V25/><F116/><W2/><G110/><T115/><D115/><U130/><E70/><V128/><F111/><W133/><G29/><T129/><D71/><U112/><E112/><V123/><F123/><W6/><G77/><T99/><D129/><U7/><E108/><V91/><F128/><W76/><G76/><T31/><D132/><N who="3" m="50793" /><G45/><T100/><D127/><U56/><E34/><V21/><F73/><W60/><G6/><T64/><D64/><U13/><E105/><V18/><F63/><W97/><G97/><T102/><D102/><U62/><E130/><V17/><F48/><N who="3" m="26631" /><G75/><T67/><D67/><U28/><E28/><V126/><F126/><W121/><G121/><T92/><D46/><U69/><E125/><V122/><F122/><W35/><G35/><T109/><D109/><U124/><E124/><V74/><F74/><W43/><G43/><T118/><D47/><U131/><E131/><V83/><F21/><W24/><G24/><T90/><D23/><U50/><REACH who="1" step="1"/><E69/><REACH who="1" ten="289,206,267,228" step="2"/><V55/><F25/><W36/><G36/><T103/><D30/><U19/><E19/><V52/><F17/><W107/><G107/><T12/><D31/><U32/><E32/><V94/><F18/><W120/><G120/><T26/><D26/><U66/><E66/><V135/><F135/><W38/><G38/><T117/><D106/><U61/><E61/><V39/><F39/><W104/><G104/><T16/><D16/><U5/><E5/><V119/><F20/><W93/><G60/><T27/><D27/><U42/><E42/><V15/><F22/><RYUUKYOKU ba="3,1" sc="289,-15,206,15,267,-15,228,15" hai1="1,3,7,13,49,50,51,53,56,62,78,81,86" hai3="0,2,57,59,84,89,93" /><INIT seed="1,4,1,4,4,80" ten="274,221,252,243" oya="1" hai0="31,135,85,65,92,23,113,8,122,30,101,57,40" hai1="20,6,26,107,115,25,14,105,89,111,42,134,37" hai2="0,79,2,59,87,95,126,55,116,22,4,97,84" hai3="52,50,70,83,103,100,32,18,91,125,75,128,53"/><U5/><E115/><V21/><F116/><W106/><G32/><T76/><D113/><U102/><E134/><V38/><F38/><W62/><G128/><T67/><D135/><U71/><E71/><V44/><F126/><W63/><G106/><T96/><D122/><U93/><E42/><V19/><F44/><N who="3" m="27719" /><G70/><T99/><D40/><U118/><E37/><V16/><F79/><W10/><G75/><T51/><D96/><U13/><E118/><V124/><F124/><W74/><G74/><T112/><D8/><U56/><E111/><V9/><F0/><W109/><G125/><T69/><D69/><U110/><E110/><V119/><F119/><W11/><G11/><T94/><D112/><U12/><E102/><N who="3" m="38954" /><G53/><N who="0" m="31935" /><D23/><U24/><E20/><V46/><F46/><W3/><G3/><T72/><D72/><U7/><E56/><V108/><F108/><W68/><G68/><T60/><D67/><U98/><AGARI ba="4,1" hai="5,6,7,12,13,14,24,25,26,89,93,98,105,107" machi="98" ten="40,7800,0" yaku="0,1,29,2" doraHai="80" who="1" fromWho="1" sc="274,-30,221,100,252,-30,243,-30" /><INIT seed="1,5,0,3,0,125" ten="244,321,222,213" oya="1" hai0="111,75,27,12,68,59,45,18,20,4,49,51,31" hai1="87,94,119,107,91,80,53,7,106,42,0,34,81" hai2="23,133,114,14,44,9,130,60,2,21,22,90,65" hai3="64,104,117,121,88,108,115,43,97,15,19,63,95"/><U92/><E119/><V76/><F130/><W29/><G121/><T102/><D68/><U24/><E42/><V66/><F133/><W67/><G115/><T116/><D116/><U118/><E118/><V93/><F114/><W82/><G108/><T8/><D111/><U54/><E7/><V127/><F127/><W69/><G67/><T52/><D75/><U48/><E0/><V10/><F76/><W37/><G104/><T129/><D102/><U47/><E54/><V85/><F2/><W39/><G43/><N who="0" m="24767" /><D129/><U26/><E34/><V40/><F14/><W36/><G29/><AGARI ba="5,0" hai="4,8,12,18,20,27,29,31,51,52,59" m="24767" machi="29" ten="30,2000,0" yaku="8,1,54,1" doraHai="125" who="0" fromWho="3" sc="244,35,321,0,222,0,213,-35" /><INIT seed="2,0,0,3,3,127" ten="279,321,222,178" oya="2" hai0="105,45,68,88,53,90,123,6,113,115,37,114,16" hai1="98,34,80,99,40,38,93,112,101,21,62,76,126" hai2="60,57,91,66,73,71,2,83,14,19,4,110,82" hai3="107,117,77,100,129,55,27,132,128,0,22,31,85"/><V54/><F110/><W42/><G117/><T87/><D123/><U44/><E34/><V92/><F73/><W103/><G0/><T135/><D105/><U49/><E126/><V118/><F118/><W50/><G107/><T23/><D68/><U43/><E112/><V81/><F2/><W130/><G42/><T17/><D6/><U116/><E116/><V13/><F4/><W108/><G132/><T96/><D135/><U15/><E62/><V18/><F13/><W122/><G108/><T131/><D131/><U84/><E98/><V58/><F14/><W1/><G1/><T75/><D75/><U47/><E21/><V51/><REACH who="2" step="1"/><F71/><REACH who="2" ten="279,321,212,178" step="2"/><W7/><G7/><T124/><D114/><U119/><E119/><V94/><F94/><W30/><G122/><T10/><D115/><U121/><E15/><V5/><F5/><W134/><G134/><T97/><D113/><U11/><E121/><V61/><F61/><W64/><G64/><T89/><D124/><U36/><E11/><V25/><F25/><W63/><G63/><T125/><D10/><U109/><E109/><V69/><F69/><W3/><G3/><T102/><D125/><U12/><E12/><V39/><F39/><AGARI ba="0,1" hai="36,38,39,40,43,44,47,49,76,80,84,93,99,101" machi="39" ten="30,1000,0" yaku="7,1" doraHai="127" who="1" fromWho="2" sc="279,0,321,20,212,-10,178,0" /><INIT seed="3,0,0,3,1,118" ten="279,341,202,178" oya="3" hai0="6,85,135,125,42,93,112,101,107,126,18,62,35" hai1="73,28,94,70,117,38,27,60,114,7,5,83,87" hai2="13,37,64,127,84,57,39,111,21,132,54,88,59" hai3="100,69,79,106,95,9,99,89,119,26,86,130,23"/><W41/><G119/><T122/><D135/><U124/><E114/><V74/><F111/><W90/><G130/><T45/><D122/><U121/><E121/><V80/><F132/><W34/><G69/><T47/><D107/><U105/><E105/><V129/><F129/><W67/><G34/><T115/><D35/><U32/><E38/><V133/><F133/><W30/><G41/><T92/><D6/><U46/><E46/><N who="0" m="17417" /><D42/><U82/><E82/><V43/><F127/><N who="0" m="48650" /><D18/><U10/><E7/><V77/><F43/><W109/><G109/><T71/><D85/><U81/><E73/><V104/><F104/><W113/><G113/><N who="0" m="43595" /><D101/><U102/><E102/><V72/><F72/><W58/><G106/><T36/><D36/><U116/><E124/><V15/><F37/><W120/><G120/><T75/><D75/><U8/><E5/><V40/><F40/><W2/><G2/><T108/><D108/><U96/><E87/><N who="2" m="48527" /><F39/><W63/><REACH who="3" step="1"/><G9/><REACH who="3" ten="279,341,202,168" step="2"/><T131/><D131/><U11/><E116/><V134/><F134/><W48/><G48/><T78/><D71/><U50/><E50/><N who="2" m="30935" /><F74/><W3/><G3/><T31/><D62/><U103/><E117/><V98/><F21/><W68/><G68/><T24/><D78/><U52/><E70/><V91/><F98/><W65/><G65/><T14/><D14/><N who="2" m="5130" /><F84/><W33/><G33/><T66/><D66/><U12/><E12/><V4/><F4/><W44/><G44/><T1/><D1/><U123/><E123/><V49/><F49/><W19/><G19/><T76/><D76/><U97/><E97/><V20/><F20/><RYUUKYOKU ba="0,1" sc="279,0,341,0,202,0,168,0" hai0="24,31,92,93" hai1="8,10,11,27,28,32,52,60,81,83,94,96,103" hai2="59,64,88,91" hai3="23,26,30,58,63,67,79,86,89,90,95,99,100" /><INIT seed="3,1,1,0,2,58" ten="279,341,202,168" oya="3" hai0="12,122,4,19,77,128,96,27,28,11,47,61,88" hai1="8,9,55,131,32,17,71,39,94,129,118,109,93" hai2="43,34,126,22,132,102,73,2,64,130,112,95,85" hai3="117,135,59,50,25,78,115,74,83,121,111,86,99"/><W48/><G115/><T107/><D122/><U72/><E109/><V108/><F112/><W53/><G121/><T68/><D128/><U125/><E72/><V123/><F34/><W106/><G117/><T14/><D77/><U116/><E71/><V75/><F123/><W7/><G135/><T114/><D114/><U20/><E125/><V80/><F2/><W1/><G111/><T15/><D47/><U21/><E55/><V16/><F108/><W37/><G37/><T29/><D29/><U33/><E17/><V62/><F43/><W120/><G120/><T56/><D68/><U76/><E76/><V44/><F44/><W81/><G25/><T60/><D107/><U0/><E0/><V98/><F130/><W45/><G83/><T87/><D96/><U70/><E70/><V13/><F126/><W63/><G74/><T97/><D97/><U134/><E39/><V31/><F31/><W127/><G127/><T103/><D103/><U26/><E26/><V79/><REACH who="2" step="1"/><F132/><AGARI ba="1,1" hai="8,9,20,21,32,33,93,94,116,118,129,131,132,134" machi="132" ten="25,1600,0" yaku="22,2" doraHai="58" who="1" fromWho="2" sc="279,0,341,29,202,-19,168,0" owari="279,7.9,370,47.0,183,-21.7,168,-33.2" /></mjloggm>