<mjloggm ver="2.3"><GO type="225" lobby="0"/><UN n0="%77%72%77%72%77%72%77%72" n1="%E9%B3%B3%E6%9D%B1%E3%81%AE%E3%81%86%E3%81%95%E3%81%8E%E3%81%95%E3%82%93" n2="%6B%69%72%61%64%6F%6B%69" n3="%E3%81%B5%E3%81%98%E3%81%8B%E3%81%A4" dan="16,17,16,16" rate="2220.21,2264.46,2074.20,2193.28" sx="M,M,M,M"/><TAIKYOKU oya="0"/><INIT seed="0,0,0,0,1,129" ten="250,250,250,250" oya="0" hai0="112,55,7,79,42,14,53,101,33,135,67,94,22" hai1="72,128,103,40,115,9,11,30,109,126,43,51,18" hai2="62,29,117,130,23,89,99,118,56,31,60,66,0" hai3="64,59,102,6,120,107,119,74,110,114,111,48,21"/><T39/><D112/><U17/><E115/><V80/><F0/><W127/><G114/><T20/><D33/><U44/><E128/><V57/><F130/><W13/><G119/><N who="2" m="45577" /><F23/><W37/><G37/><T98/><D67/><U84/><E72/><V41/><F41/><W2/><G2/><T77/><D135/><U105/><E109/><N who="3" m="41482" /><G74/><T132/><D132/><U61/><E30/><V50/><F50/><W123/><G127/><T75/><D75/><U4/><E126/><V95/><F80/><W5/><G107/><T87/><D42/><U45/><E61/><V34/><F34/><W38/><G102/><T104/><D104/><U25/><E103/><V46/><F46/><W83/><G83/><N who="0" m="47599" /><D79/><U100/><E100/><V76/><F76/><W96/><G96/><T97/><D97/><U3/><E105/><V71/><F71/><W82/><G82/><T10/><D39/><U12/><E84/><V131/><F131/><W24/><G38/><T90/><D101/><U15/><E3/><V92/><F92/><W78/><G78/><T35/><D35/><U88/><E88/><V70/><F70/><W26/><G64/><AGARI ba="0,0" hai="29,31,56,57,60,62,64,66,89,95,99" m="45577" machi="64" ten="30,1000,0" yaku="12,1" doraHai="129" who="2" fromWho="3" sc="250,0,250,0,250,10,250,-10" /><INIT seed="1,0,0,3,1,96" ten="250,250,260,240" oya="1" hai0="27,8,80,13,122,93,68,91,36,110,51,29,64" hai1="30,121,103,83,2,21,16,113,50,57,23,32,47" hai2="49,38,134,22,17,44,129,86,118,100,92,28,3" hai3="14,82,89,98,126,33,106,97,9,125,116,95,105"/><U58/><E113/><V73/><F118/><W81/><G33/><T108/><D36/><U65/><E121/><V11/><F73/><W117/><G14/><T63/><D122/><U25/><E2/><V84/><F38/><W114/><G9/><T75/><D51/><U79/><E32/><V70/><F70/><W133/><G114/><T43/><D43/><U66/><E103/><V111/><F111/><N who="0" m="42538" /><D80/><N who="3" m="30825" /><G133/><T39/><D39/><U104/><E104/><N who="3" m="40042" /><G98/><T90/><D93/><U71/><E71/><V119/><F134/><W124/><AGARI ba="0,0" hai="89,95,97,116,117,124,125,126" m="40042,30825" machi="124" ten="40,5200,0" yaku="18,1,34,2" doraHai="96" who="3" fromWho="3" sc="250,-13,250,-26,260,-13,240,52" /><INIT seed="2,0,0,4,0,96" ten="237,224,247,292" oya="2" hai0="68,46,85,9,32,78,53,43,133,130,104,122,58" hai1="110,10,23,63,59,1,123,27,25,88,102,71,34" hai2="5,33,100,6,67,55,117,128,15,74,8,18,40" hai3="93,129,20,92,70,61,47,3,11,54,125,107,109"/><V49/><F117/><W108/><G107/><T13/><D122/><U98/><E123/><V19/><F74/><W65/><G125/><T106/><D68/><U135/><E110/><N who="3" m="42602" /><G129/><T4/><D32/><U7/><E135/><V76/><F33/><W103/><G103/><T42/><D42/><U126/><E126/><V2/><F76/><W12/><G3/><T44/><D44/><U0/><E0/><V72/><F72/><W132/><G20/><T131/><D133/><U35/><E71/><V83/><F83/><W91/><G91/><T29/><D29/><U45/><E45/><V116/><F116/><W69/><G132/><T31/><D31/><U24/><E23/><V90/><F128/><N who="0" m="49194" /><D85/><U89/><E35/><V38/><F38/><W79/><G79/><T105/><D78/><U57/><E57/><V84/><F40/><W95/><G69/><T81/><D81/><U86/><E86/><V39/><F84/><W22/><G22/><T101/><D101/><U30/><E34/><V41/><F100/><W17/><G47/><T21/><D21/><U127/><E127/><V64/><F8/><N who="3" m="6279" /><G54/><T56/><D53/><U124/><E30/><V80/><F55/><W114/><G114/><T37/><AGARI ba="0,0" hai="4,9,13,37,43,46,56,58,104,105,106" m="49194" machi="37" ten="40,1500,0" yaku="19,1" doraHai="96" who="0" fromWho="0" sc="237,15,224,-4,247,-7,292,-4" /><INIT seed="3,0,0,5,4,133" ten="252,220,240,288" oya="3" hai0="49,123,1,84,121,129,61,50,108,69,66,10,48" hai1="134,71,4,14,109,20,27,92,24,81,0,53,51" hai2="44,16,97,62,119,86,33,76,80,45,28,7,36" hai3="104,111,100,2,120,117,22,52,98,78,124,54,75"/><W26/><G124/><T9/><D108/><U40/><E71/><V30/><F119/><W130/><G117/><T102/><D129/><U13/><E134/><V35/><F7/><W79/><G120/><T91/><D102/><U128/><E109/><V32/><F97/><W59/><G111/><T70/><D70/><U58/><E128/><V118/><F118/><W67/><G2/><T127/><D127/><U56/><E40/><V99/><F99/><W94/><G75/><T42/><D42/><U95/><E0/><V107/><F107/><W23/><G104/><T8/><REACH who="0" step="1"/><D1/><REACH who="0" ten="242,220,240,288" step="2"/><U72/><E72/><V31/><F36/><W73/><G73/><T115/><D115/><U5/><E81/><AGARI ba="0,1" hai="8,9,10,48,49,50,61,66,69,81,84,91,121,123" machi="81" ten="40,1300,0" yaku="1,1,53,0" doraHai="133" doraHaiUra="114" who="0" fromWho="1" sc="242,23,220,-13,240,0,288,0" /><INIT seed="4,0,0,2,2,25" ten="265,207,240,288" oya="0" hai0="89,20,102,85,52,74,31,105,97,104,107,70,43" hai1="40,0,118,34,32,125,59,2,48,123,62,54,15" hai2="39,28,100,115,26,65,72,33,44,73,99,6,19" hai3="127,45,29,17,13,133,77,119,18,53,63,94,5"/><T16/><D74/><U78/><E123/><V91/><F19/><W80/><G119/><T66/><D43/><U116/><E78/><V109/><F91/><W121/><G127/><T57/><D31/><U24/><E125/><V124/><F109/><W130/><G133/><T134/><D66/><U71/><E0/><V90/><F90/><W92/><G130/><T64/><D64/><U11/><E2/><V30/><F124/><W88/><G121/><T86/><D70/><U81/><E81/><V27/><F65/><W108/><G29/><T46/><D46/><U131/><E131/><V49/><F6/><W60/><G5/><T67/><D86/><U110/><E110/><V7/><F7/><W93/><G108/><T68/><D68/><U50/><E71/><V122/><F115/><W103/><G103/><T129/><D67/><U87/><E32/><N who="2" m="20503" /><F49/><N who="3" m="28847" /><G77/><T56/><D129/><U58/><E87/><V95/><F95/><N who="3" m="36427" /><G80/><T79/><D79/><U96/><E96/><V128/><F122/><W120/><G120/><T117/><D134/><U51/><E40/><N who="2" m="22559" /><F128/><W114/><G114/><T55/><D107/><U132/><E132/><V76/><F76/><W69/><G69/><T38/><D105/><U75/><E75/><V12/><F12/><W83/><G83/><N who="0" m="49343" /><D38/><U41/><E41/><V8/><F8/><N who="3" m="6311" /><G18/><T1/><D1/><U10/><E116/><V47/><F47/><W84/><AGARI ba="0,0" hai="60,63,84,88,94" m="6311,36427,28847" machi="84" ten="30,2000,0" yaku="8,1,54,1" doraHai="25" who="3" fromWho="3" sc="265,-10,207,-5,240,-5,288,20" owari="255,5.5,202,-29.8,235,-16.5,308,40.8" /></mjloggm>