<mjloggm ver="2.3"><GO type="225" lobby="0"/><UN n0="%E3%81%A8%E3%82%93%E3%81%A8%E3%81%93%E3%81%A8%E3%82%93" n1="%47%68%6F%73%74%55%30" n2="%6D%75%75%6D%75%72%61" n3="%E3%82%BC%E3%83%AB%E3%83%80%E3%81%AE%E4%BC%9D%E8%AA%AC" dan="16,17,16,17" rate="2170.84,2151.30,2139.28,2170.99" sx="F,M,F,M"/><TAIKYOKU oya="0"/><INIT seed="0,0,0,5,2,41" ten="250,250,250,250" oya="0" hai0="43,102,31,6,28,18,122,125,129,133,123,107,19" hai1="24,22,1,111,114,100,58,70,96,69,9,91,131" hai2="115,78,82,53,12,104,17,113,49,103,116,51,84" hai3="37,5,44,71,14,23,83,110,87,16,63,92,81"/><T40/><D6/><U106/><E111/><V86/><F116/><W27/><G110/><T72/><D72/><U73/><E73/><V42/><F104/><W0/><G0/><T130/><D107/><U135/><E135/><V101/><F86/><W11/><G71/><T128/><D102/><U66/><E131/><V109/><F109/><W7/><G7/><T67/><D67/><U2/><E91/><V79/><F79/><W48/><G37/><T65/><D65/><U21/><E21/><V54/><F42/><N who="3" m="24599" /><G63/><T112/><D129/><U98/><E114/><V10/><F113/><W30/><G30/><T121/><D121/><U68/><E2/><V95/><F115/><W124/><G124/><T94/><D112/><U4/><E66/><V45/><REACH who="2" step="1"/><F95/><REACH who="2" ten="250,250,240,250" step="2"/><W97/><G87/><T55/><D94/><U93/><E93/><V120/><F120/><W36/><G36/><T80/><D133/><U38/><E38/><V88/><F88/><AGARI ba="0,1" hai="5,11,14,16,23,27,81,83,88,92,97" m="24599" machi="88" ten="30,7700,0" yaku="8,1,52,1,54,2" doraHai="41" who="3" fromWho="2" sc="250,0,250,0,240,-77,250,87" /><INIT seed="1,0,0,3,4,60" ten="250,250,163,337" oya="1" hai0="113,43,30,87,132,98,90,1,54,61,17,85,52" hai1="96,39,89,20,47,3,22,108,59,8,68,84,81" hai2="10,80,92,42,99,15,114,135,55,31,123,122,134" hai3="45,58,126,36,24,62,32,104,51,133,67,74,91"/><U93/><E68/><V28/><F42/><W27/><G74/><T23/><D113/><U124/><E124/><V117/><F117/><W37/><G104/><T125/><D1/><U29/><E108/><V94/><F80/><W78/><G78/><T12/><D132/><N who="2" m="50730" /><F55/><W97/><G133/><T83/><D125/><U76/><E29/><N who="2" m="11339" /><F114/><W105/><G32/><T35/><D43/><U33/><E33/><V4/><F94/><W63/><G126/><T13/><D35/><U112/><E39/><V16/><F4/><W86/><G37/><T118/><D118/><U0/><E112/><V6/><F6/><W9/><G36/><T53/><D98/><U11/><E47/><V73/><F73/><W75/><G75/><T64/><D61/><U50/><E96/><V121/><F121/><W7/><G63/><T72/><D72/><U82/><E93/><V19/><F19/><W109/><G105/><T57/><D83/><U131/><E81/><V103/><AGARI ba="0,0" hai="10,15,16,92,99,103,122,123" m="11339,50730" machi="103" ten="30,2000,0" yaku="20,1,54,1" doraHai="60" who="2" fromWho="2" sc="250,-5,250,-10,163,20,337,-5" /><INIT seed="2,0,0,5,0,124" ten="245,240,183,332" oya="2" hai0="47,59,105,72,87,67,66,12,30,26,14,114,50" hai1="129,119,68,100,88,109,73,27,5,61,71,41,116" hai2="121,98,130,33,93,77,135,127,57,117,99,80,16" hai3="53,96,0,9,17,24,95,6,108,32,48,38,45"/><V101/><F117/><W113/><G108/><T65/><D72/><U46/><E73/><V79/><F121/><W39/><G113/><T126/><D105/><U3/><E100/><V85/><F33/><W94/><G94/><T110/><D114/><U22/><E109/><V10/><F127/><W40/><G53/><T125/><D110/><U42/><E42/><V104/><F135/><W102/><G32/><T60/><D125/><U4/><E61/><V34/><F34/><W92/><G92/><T90/><D126/><U28/><E68/><V74/><F57/><W15/><G24/><T49/><D30/><U82/><E71/><V37/><F37/><W62/><G62/><T84/><D26/><U123/><E123/><V115/><F115/><W35/><G35/><T56/><D60/><U76/><E4/><V69/><F69/><W112/><G112/><T78/><D78/><U128/><E76/><N who="2" m="44055" /><F10/><AGARI ba="0,0" hai="0,6,9,10,15,17,38,39,40,45,48,95,96,102" machi="10" ten="30,1000,0" yaku="7,1" doraHai="124" who="3" fromWho="2" sc="245,0,240,0,183,-10,332,10" /><INIT seed="3,0,0,0,0,35" ten="245,240,173,342" oya="3" hai0="66,128,131,16,99,39,103,20,104,69,38,111,21" hai1="56,15,71,7,65,94,64,132,63,3,30,0,113" hai2="76,126,44,91,36,134,93,41,92,107,101,13,11" hai3="130,88,45,109,58,105,24,47,73,34,121,119,31"/><W112/><G73/><T87/><D111/><U53/><E113/><V10/><F126/><W26/><G58/><T19/><D87/><U85/><E30/><V80/><F134/><W46/><G88/><T55/><D55/><U51/><E132/><V96/><F13/><W129/><G105/><T79/><D79/><U33/><E33/><V23/><F23/><N who="0" m="8778" /><D66/><U18/><E65/><V100/><F93/><W5/><G45/><T95/><D95/><U89/><E7/><V90/><F90/><W48/><G48/><T124/><D69/><U72/><E72/><V108/><F100/><W67/><G47/><T52/><D52/><U37/><REACH who="1" step="1"/><E37/><REACH who="1" ten="245,230,173,342" step="2"/><N who="0" m="13833" /><D124/><U14/><E14/><V127/><F127/><W57/><G67/><T25/><D25/><U32/><E32/><V12/><F12/><W6/><G34/><T110/><D110/><U120/><E120/><V28/><F108/><W116/><G26/><T9/><D9/><AGARI ba="0,1" hai="0,3,9,15,18,51,53,56,63,64,71,85,89,94" machi="9" ten="30,8000,1" yaku="1,1,7,1,52,2,53,1" doraHai="35" doraHaiUra="86" who="1" fromWho="0" sc="245,-80,230,90,173,0,342,0" owari="165,-33.5,320,12.0,173,-22.7,342,44.2" /></mjloggm>