<mjloggm ver="2.3"><GO type="225" lobby="0"/><UN n0="%E3%81%99%E3%81%84%E3%81%BE%E3%81%9B%E3%83%BC%E3%82%93" n1="%6D%75%75%6D%75%72%61" n2="%6B%65%6E%6E%64%69" n3="%E5%84%AA%40%41%42%43" dan="16,16,16,18" rate="2106.70,2120.26,2144.38,2202.98" sx="M,F,M,M"/><TAIKYOKU oya="0"/><INIT seed="0,0,0,3,5,42" ten="250,250,250,250" oya="0" hai0="72,29,95,127,79,34,6,4,114,97,22,82,59" hai1="86,7,39,89,60,94,81,25,110,41,40,37,87" hai2="55,84,14,91,71,120,101,105,107,33,1,118,67" hai3="73,83,130,30,23,85,69,36,119,88,49,113,99"/><T128/><D114/><U10/><E110/><V15/><F120/><W93/><G36/><T111/><D127/><U109/><E109/><V57/><F1/><W63/><G119/><T124/><D124/><U90/><E37/><V13/><F33/><W35/><G35/><T126/><D34/><U38/><E38/><V68/><F118/><W51/><G113/><T45/><D111/><U117/><E117/><V24/><F24/><W47/><G73/><T62/><D128/><U66/><E25/><V104/><F67/><W56/><G69/><T74/><D74/><U26/><E26/><V16/><F101/><W0/><G0/><T98/><D98/><U44/><E40/><V54/><F16/><W77/><G130/><T132/><D132/><U76/><E76/><V106/><N who="2" m="26624" /><DORA hai="17" /><V61/><REACH who="2" step="1"/><F54/><REACH who="2" ten="250,250,240,250" step="2"/><N who="3" m="31823" /><G30/><T112/><D112/><U2/><E66/><V43/><F43/><N who="3" m="25087" /><G63/><T48/><D126/><U102/><E102/><V19/><F19/><W100/><G23/><T28/><D22/><U108/><E108/><V31/><F31/><W32/><G32/><T8/><D29/><U50/><E60/><V12/><N who="2" m="3072" /><DORA hai="52" /><V121/><F121/><W129/><G129/><T64/><D28/><U115/><E115/><V65/><F65/><W58/><G58/><T21/><D21/><U135/><E135/><V3/><F3/><W53/><G53/><N who="0" m="29839" /><D8/><U70/><E70/><V116/><F116/><W27/><G27/><T103/><D6/><U20/><E20/><V46/><F46/><W92/><G100/><N who="0" m="60479" /><D4/><U131/><E131/><V5/><F5/><W96/><G96/><RYUUKYOKU ba="0,1" sc="250,0,250,0,240,0,250,0" hai0="59,62,64,72,79,82,103" hai1="2,7,10,39,41,44,50,81,86,87,89,90,94" hai2="55,57,61,68,71,84,91" hai3="77,83,85,88,92,93,99" /><INIT seed="0,1,1,3,0,117" ten="250,250,240,250" oya="0" hai0="107,57,79,87,106,85,61,22,59,74,111,51,114" hai1="129,102,115,135,104,118,105,50,131,10,58,121,39" hai2="48,43,13,54,63,30,33,1,95,112,132,119,64" hai3="90,38,3,16,12,35,68,92,97,32,7,75,96"/><T100/><D114/><U65/><E118/><V53/><F112/><W40/><G68/><T81/><D111/><U70/><E115/><V44/><F1/><W93/><G75/><T24/><D51/><U124/><E39/><V60/><F119/><W28/><G28/><T125/><D125/><U15/><E124/><V36/><F132/><W2/><G40/><T46/><D46/><U25/><E135/><V0/><F0/><W37/><G12/><T122/><D122/><U47/><E70/><N who="2" m="42247" /><F95/><W130/><G90/><T127/><D127/><U89/><E121/><V126/><F13/><W23/><G23/><T69/><D69/><U84/><E25/><V133/><F30/><W21/><G21/><T72/><D59/><U26/><E26/><V71/><F33/><W83/><G83/><T128/><D74/><U80/><E65/><N who="2" m="41407" /><F126/><W86/><G130/><N who="1" m="49674" /><E58/><N who="2" m="33063" /><F133/><W73/><G86/><T101/><D128/><U14/><E102/><V19/><F19/><W66/><G66/><N who="0" m="39215" /><D101/><U29/><E29/><V8/><F8/><W82/><G82/><T41/><D100/><U110/><E110/><V34/><F34/><W116/><G116/><T113/><D113/><U56/><E56/><V45/><F45/><W5/><G73/><T77/><D87/><U67/><E67/><V91/><F91/><W120/><G16/><N who="0" m="12359" /><D72/><U109/><E109/><V27/><F27/><W49/><G49/><T78/><D85/><U18/><E15/><V134/><F134/><W76/><G76/><T6/><D81/><U11/><E11/><V55/><AGARI ba="1,1" hai="36,43,44,54,55" m="33063,41407,42247" machi="55" ten="30,12000,2" yaku="24,1,35,5" doraHai="117" who="2" fromWho="2" sc="250,-61,250,-31,240,133,250,-31" /><INIT seed="1,0,0,2,0,85" ten="189,219,373,219" oya="1" hai0="114,14,134,123,4,128,64,125,36,71,13,115,132" hai1="122,108,10,69,40,20,95,50,37,107,54,118,72" hai2="16,62,41,27,0,49,84,119,79,110,2,63,101" hai3="126,83,3,59,15,45,34,8,51,22,33,102,105"/><U70/><E118/><V39/><F119/><W17/><G126/><T116/><D36/><U44/><E107/><V18/><F39/><W94/><G105/><T88/><D116/><U11/><E122/><V61/><F110/><W21/><G59/><T52/><D123/><U86/><E108/><V111/><F111/><W29/><G83/><T56/><D125/><U78/><E72/><V93/><F0/><W30/><G102/><T92/><D128/><U82/><E20/><N who="3" m="7786" /><G94/><T1/><D1/><U131/><E131/><V60/><F2/><W68/><G51/><N who="0" m="30751" /><D64/><U129/><E129/><V53/><F41/><W19/><G45/><T81/><D81/><U74/><E40/><V9/><F27/><W103/><G103/><T23/><D71/><U6/><E37/><V25/><F25/><W76/><G76/><T67/><D67/><U120/><E120/><V43/><F43/><W47/><G47/><T32/><D32/><N who="3" m="12393" /><G68/><T5/><D23/><U133/><E70/><V55/><F79/><W97/><G97/><N who="0" m="57479" /><D115/><U87/><E69/><V135/><F61/><W117/><G117/><T58/><D58/><U124/><E124/><V113/><F62/><W127/><G127/><T121/><D121/><U12/><E74/><V100/><F60/><W90/><G90/><T46/><D46/><U99/><E82/><V91/><F63/><W106/><G106/><T96/><D96/><U104/><E104/><V42/><F49/><W65/><G65/><T80/><D80/><U48/><E48/><V112/><F112/><W89/><G3/><T98/><D98/><U7/><E99/><RYUUKYOKU ba="0,0" sc="189,0,219,0,373,0,219,0" /><INIT seed="2,1,0,0,0,116" ten="189,219,373,219" oya="2" hai0="69,52,35,3,22,45,49,57,26,114,130,5,62" hai1="120,103,29,100,43,111,128,8,97,55,70,60,17" hai2="117,106,1,36,73,67,27,109,32,14,66,20,74" hai3="11,91,107,41,127,65,25,123,112,18,108,134,72"/><V50/><F117/><W51/><G123/><T37/><D114/><U122/><E111/><V86/><F36/><W96/><G72/><T6/><D3/><U135/><E43/><V2/><F106/><W19/><G108/><T95/><D35/><U125/><E29/><V80/><F109/><W56/><G134/><T13/><D130/><U75/><E75/><V99/><F99/><W68/><G68/><T42/><D13/><N who="1" m="7335" /><E128/><V82/><F32/><W119/><G127/><T94/><D69/><U58/><E125/><V113/><F14/><N who="3" m="7519" /><G107/><T59/><D59/><U79/><E79/><V48/><F86/><W84/><G96/><T133/><D37/><U7/><E135/><V30/><F20/><N who="3" m="13471" /><G112/><T34/><D34/><U118/><E118/><V16/><F16/><W132/><G132/><T81/><D133/><U115/><E115/><V76/><F113/><W33/><G33/><T71/><D71/><U90/><E7/><N who="0" m="2569" /><D81/><U15/><E15/><V121/><F74/><W129/><G129/><T83/><D83/><U31/><E31/><AGARI ba="1,0" hai="22,26,31,42,45,49,52,57,62,94,95" m="2569" machi="31" ten="30,2000,0" yaku="8,1,54,1" doraHai="116" who="0" fromWho="1" sc="189,23,219,-23,373,0,219,0" /><INIT seed="3,0,0,1,3,59" ten="212,196,373,219" oya="3" hai0="44,114,105,80,9,100,134,91,49,112,86,104,106" hai1="121,118,109,122,58,77,55,65,16,120,119,13,78" hai2="66,125,75,51,70,1,76,127,62,117,12,115,69" hai3="107,124,46,56,63,36,39,47,22,15,89,87,41"/><W116/><G107/><T21/><D134/><U8/><E65/><V30/><F1/><W129/><G129/><T31/><D9/><U83/><E109/><V81/><F115/><N who="0" m="44074" /><D21/><U101/><E101/><V42/><F117/><N who="1" m="44553" /><E83/><V43/><F30/><W130/><G124/><N who="2" m="47689" /><F12/><W113/><G130/><T68/><D31/><U24/><E24/><V48/><F70/><W132/><G132/><T27/><D68/><U84/><E84/><V111/><F111/><W19/><G113/><T38/><D27/><U71/><E71/><V99/><F99/><W26/><G116/><T95/><D38/><U128/><E128/><V10/><F10/><W45/><G26/><T103/><D80/><U64/><E64/><V61/><F66/><W18/><G19/><T97/><D97/><U28/><E28/><V53/><F69/><W29/><G39/><T52/><AGARI ba="0,0" hai="44,49,52,86,91,95,100,103,104,105,106" m="44074" machi="52" ten="40,2700,0" yaku="11,1,54,1" doraHai="59" who="0" fromWho="0" sc="212,27,196,-7,373,-7,219,-13" owari="239,3.9,189,-31.1,366,46.6,206,-19.4" /></mjloggm>