<mjloggm ver="2.3"><GO type="225" lobby="0"/><UN n0="%E3%82%B2%E3%82%B9%E8%8C%82%E5%8B%9D" n1="%E5%8F%AF%E5%85%90%E9%82%A3%E7%94%B1%E5%A4%9A" n2="%73%6C%69%63%6B%33%31%39" n3="%E6%B8%A1%E5%A4%A9%E8%97%8D" dan="16,17,16,16" rate="2091.61,2135.21,2062.03,2122.63" sx="F,F,M,M"/><TAIKYOKU oya="0"/><INIT seed="0,0,0,3,4,89" ten="250,250,250,250" oya="0" hai0="22,134,74,25,98,80,85,84,69,52,10,97,73" hai1="102,119,87,103,96,91,61,63,43,92,57,56,70" hai2="78,82,34,81,117,120,104,38,55,99,18,33,67" hai3="44,30,5,110,42,135,71,60,105,64,77,11,125"/><T93/><D134/><U50/><E119/><V107/><F120/><W72/><G110/><T123/><D123/><U90/><E70/><V0/><F0/><W36/><G30/><T37/><D69/><U16/><E43/><V115/><F115/><W53/><G125/><T65/><D65/><U83/><E50/><V122/><F38/><W9/><G9/><T19/><D37/><U13/><E56/><V59/><F67/><W46/><G135/><T128/><D128/><U8/><E63/><V129/><F122/><W58/><G105/><T127/><D127/><U35/><E35/><V68/><F68/><W113/><G113/><T126/><D126/><U75/><E75/><V66/><F66/><AGARI ba="0,0" hai="8,13,16,57,61,66,83,87,90,91,92,96,102,103" machi="66" ten="30,7700,0" yaku="7,1,8,1,52,1,54,1" doraHai="89" who="1" fromWho="2" sc="250,0,250,77,250,-77,250,0" /><INIT seed="1,0,0,1,5,60" ten="250,327,173,250" oya="1" hai0="110,119,21,86,22,56,6,91,83,92,31,3,43" hai1="106,52,66,131,65,15,36,126,116,49,53,11,38" hai2="85,37,62,39,59,50,9,75,58,17,55,33,96" hai3="79,26,94,98,100,112,115,99,34,32,107,74,20"/><U101/><E116/><V97/><F75/><W121/><G121/><T42/><D119/><U120/><E120/><V68/><F68/><W12/><G12/><T41/><D110/><U71/><E106/><V103/><F33/><W104/><G94/><T122/><D122/><U82/><E101/><V5/><F17/><W47/><G47/><T72/><D31/><U102/><E102/><V76/><F85/><W130/><G130/><T87/><D72/><U127/><E131/><V69/><F69/><W4/><G4/><T132/><D132/><U57/><E82/><V13/><F76/><W108/><G108/><T80/><D92/><U93/><E93/><V123/><F123/><W63/><G63/><T109/><D109/><U40/><E71/><V134/><F134/><W30/><G32/><T73/><D73/><U113/><E113/><V19/><F19/><W14/><G14/><T111/><D111/><U133/><E133/><V28/><F28/><W78/><G20/><T16/><D6/><U29/><E29/><V64/><REACH who="2" step="1"/><F96/><REACH who="2" ten="250,327,163,250" step="2"/><W67/><G98/><T23/><D3/><U7/><E127/><V46/><F46/><W84/><G74/><T81/><D56/><U44/><E126/><V129/><F129/><W1/><G78/><T2/><D2/><U95/><E57/><V118/><F118/><W18/><G79/><N who="0" m="46367" /><D81/><U128/><E128/><V35/><F35/><W117/><G34/><T25/><AGARI ba="0,1" hai="16,21,22,23,25,41,42,43,83,87,91" m="46367" machi="25" ten="30,2000,0" yaku="8,1,54,1" doraHai="60" who="0" fromWho="0" sc="250,30,327,-10,163,-5,250,-5" /><INIT seed="2,0,0,3,3,99" ten="280,317,158,245" oya="2" hai0="1,95,69,126,3,100,134,59,24,70,37,56,130" hai1="77,39,124,0,29,48,125,34,111,109,102,133,132" hai2="5,91,25,116,10,45,118,122,31,51,90,17,120" hai3="14,30,15,4,40,46,89,127,23,72,13,76,98"/><V108/><F90/><W6/><G127/><N who="1" m="48714" /><E39/><V50/><F50/><N who="3" m="26951" /><G72/><T43/><D126/><U86/><E0/><N who="2" m="295" /><F91/><W68/><G68/><T42/><D24/><N who="1" m="18727" /><E48/><V8/><F51/><W103/><G103/><T85/><D85/><U88/><E77/><V117/><F45/><W67/><G67/><T44/><D44/><U129/><E102/><V38/><F38/><W79/><G23/><T26/><D26/><U115/><E115/><V93/><F93/><N who="3" m="56623" /><G30/><T110/><D37/><U73/><E129/><V97/><F97/><W2/><G2/><T94/><D130/><U57/><E57/><V83/><F83/><W131/><G131/><T80/><D80/><N who="1" m="49223" /><E73/><V123/><F108/><AGARI ba="0,0" hai="108,109,111,132,133" m="49223,18727,48714" machi="108" ten="30,3900,0" yaku="14,1,18,1,54,1" doraHai="99" who="1" fromWho="2" sc="280,0,317,39,158,-39,245,0" /><INIT seed="3,0,0,5,1,33" ten="280,356,119,245" oya="3" hai0="9,114,79,112,131,37,97,75,49,101,71,70,40" hai1="2,133,116,0,20,67,1,117,63,88,18,103,12" hai2="64,90,122,52,129,69,5,109,110,22,8,16,66" hai3="130,61,31,48,111,78,27,39,36,86,106,135,15"/><W3/><G3/><T41/><D37/><U58/><E103/><V54/><F129/><W6/><G106/><T26/><D131/><U24/><E133/><V94/><F122/><W87/><G130/><T85/><D75/><U80/><E12/><V120/><F120/><W28/><G135/><T17/><D85/><U44/><E44/><V11/><F69/><W35/><G111/><T72/><D79/><U102/><E102/><V19/><F22/><W4/><G39/><T30/><D72/><U68/><E88/><V91/><REACH who="2" step="1"/><F5/><REACH who="2" ten="280,356,109,245" step="2"/><W81/><G4/><T57/><D71/><U14/><E68/><V65/><F65/><W50/><G6/><T47/><D70/><U56/><E67/><V89/><F89/><W10/><G35/><T13/><D112/><U128/><E128/><V74/><F74/><W51/><G78/><T32/><D114/><U92/><E20/><V60/><F60/><W7/><G61/><T96/><D101/><U25/><E63/><V98/><F98/><W104/><G7/><T23/><D57/><U113/><E58/><V118/><F118/><W115/><G115/><T42/><D32/><U107/><E56/><V123/><F123/><W62/><G62/><T43/><AGARI ba="0,1" hai="9,13,17,23,26,30,40,41,42,43,47,49,96,97" machi="43" ten="30,2000,0" yaku="0,1,8,1" doraHai="33" who="0" fromWho="0" sc="280,30,356,-5,109,-5,245,-10" owari="310,11.0,351,45.1,104,-39.6,235,-16.5" /></mjloggm>