<mjloggm ver="2.3"><GO type="225" lobby="0"/><UN n0="%E8%B6%85%E7%B4%9A%E9%B3%B3%E5%87%B0" n1="%E3%81%A9%E3%82%8F%E3%82%93%E3%81%94" n2="%E4%BA%95%E5%B8%AF" n3="%72%69%6F%75%63%68%61%6E" dan="16,16,16,16" rate="2160.73,2043.04,2047.05,2171.45" sx="M,M,M,M"/><TAIKYOKU oya="0"/><INIT seed="0,0,0,1,5,72" ten="250,250,250,250" oya="0" hai0="34,111,23,83,120,59,122,97,60,20,27,7,121" hai1="116,128,106,113,81,77,132,114,6,54,108,4,15" hai2="40,119,82,87,94,124,135,134,95,104,42,38,58" hai3="90,75,69,18,26,9,22,14,130,16,46,127,48"/><T33/><D111/><U133/><E116/><V37/><F104/><W50/><G127/><T126/><D126/><U73/><E106/><V98/><F124/><W115/><G115/><N who="1" m="44042" /><E108/><V36/><F58/><W76/><G130/><T91/><D7/><N who="1" m="2603" /><E128/><V84/><F119/><W107/><G69/><T11/><D11/><U125/><E125/><V51/><F51/><W92/><G107/><T56/><D56/><U100/><E100/><V17/><F17/><W67/><G67/><T43/><D43/><N who="2" m="16426" /><F98/><W55/><G48/><T2/><D2/><U30/><E30/><V66/><F66/><W88/><REACH who="3" step="1"/><G92/><REACH who="3" ten="250,250,250,240" step="2"/><N who="2" m="35369" /><F82/><AGARI ba="0,1" hai="9,14,16,18,22,26,46,50,55,75,76,82,88,90" machi="82" ten="40,8000,1" yaku="1,1,52,1,54,2,53,0" doraHai="72" doraHaiUra="61" who="3" fromWho="2" sc="250,0,250,0,250,-80,240,90" /><INIT seed="1,0,0,4,2,124" ten="250,250,170,330" oya="1" hai0="72,4,98,24,52,114,76,22,19,96,35,26,117" hai1="100,48,127,28,88,16,42,116,123,38,63,47,6" hai2="13,119,112,94,51,93,101,86,39,128,60,20,2" hai3="75,77,68,130,44,104,58,131,32,56,40,1,15"/><U83/><E123/><V120/><F39/><W0/><G32/><T82/><D114/><U90/><E116/><V31/><F2/><N who="3" m="1131" /><G68/><T33/><D117/><U89/><E127/><V122/><F119/><W9/><G104/><T29/><D4/><U108/><E6/><V37/><F37/><N who="3" m="21519" /><G77/><T105/><D105/><U95/><E28/><V69/><F112/><W59/><G75/><T85/><D72/><U107/><E107/><V3/><F3/><W78/><G78/><T43/><D43/><U11/><E38/><V7/><F69/><W17/><G56/><T103/><D103/><U67/><E108/><V111/><F111/><W64/><G64/><T92/><D92/><U135/><E135/><V10/><F60/><W110/><G110/><T66/><D66/><U125/><E125/><V49/><F93/><W34/><G34/><T5/><D5/><U62/><E83/><V71/><F71/><W91/><G91/><N who="1" m="34890" /><E100/><V46/><F101/><W129/><AGARI ba="0,0" hai="9,15,17,58,59,129,130,131" m="21519,1131" machi="129" ten="40,8000,1" yaku="19,1,52,3" doraHai="124" who="3" fromWho="3" sc="250,-20,250,-40,170,-20,330,80" /><INIT seed="2,0,0,1,2,116" ten="230,210,150,410" oya="2" hai0="109,121,53,101,64,0,40,27,72,24,25,23,91" hai1="87,79,37,89,123,103,30,9,97,88,32,122,112" hai2="65,22,98,124,68,107,86,99,130,74,85,3,96" hai3="134,80,60,61,83,51,48,28,115,31,21,11,56"/><V44/><F3/><W106/><G106/><T35/><D0/><U100/><E37/><V126/><F107/><W66/><G134/><T111/><D72/><U38/><E38/><V10/><F10/><W75/><G75/><T71/><D35/><U69/><E69/><V52/><F22/><W57/><G115/><T55/><D101/><U63/><E63/><N who="2" m="39999" /><F74/><W17/><G11/><T43/><D121/><N who="1" m="46091" /><E112/><V135/><F135/><W15/><G48/><T62/><D23/><U5/><E79/><V127/><F130/><W93/><G93/><T13/><D13/><N who="1" m="5295" /><E97/><N who="2" m="24835" /><V77/><DORA hai="118" /><F77/><W95/><G51/><AGARI ba="0,0" hai="44,51,52,85,86,124,126,127" m="24835,39999" machi="51" ten="40,3900,0" yaku="18,1,54,1" doraHai="116,118" who="2" fromWho="3" sc="230,0,210,0,150,39,410,-39" /><INIT seed="2,1,0,2,1,25" ten="230,210,189,371" oya="2" hai0="59,122,133,86,79,100,64,101,22,41,134,16,89" hai1="36,26,9,78,72,49,106,11,121,131,34,77,21" hai2="124,116,38,85,6,45,8,51,113,2,74,56,119" hai3="61,102,18,105,1,87,130,129,47,0,42,28,83"/><V65/><F113/><W69/><G28/><T33/><D41/><U123/><E36/><V135/><F124/><W46/><G18/><T66/><D33/><U32/><E106/><V109/><F135/><N who="0" m="51722" /><D122/><N who="1" m="46603" /><E49/><V110/><F74/><W43/><G102/><N who="0" m="39531" /><D59/><U68/><E68/><V126/><F85/><W120/><G105/><T15/><D79/><N who="1" m="30219" /><E72/><V104/><F104/><W88/><G120/><T24/><D24/><U50/><E50/><V117/><F126/><W17/><G17/><T111/><D111/><N who="2" m="42506" /><F38/><N who="3" m="21847" /><G61/><T84/><D84/><U71/><E71/><V12/><F65/><W39/><G69/><T76/><D76/><U92/><E92/><AGARI ba="1,0" hai="15,16,22,64,66,86,89,92" m="39531,51722" machi="92" ten="30,2000,0" yaku="20,1,54,1" doraHai="25" who="0" fromWho="1" sc="230,23,210,-23,189,0,371,0" /><INIT seed="3,0,0,3,0,54" ten="253,187,189,371" oya="3" hai0="89,77,38,34,105,20,25,135,15,33,56,44,1" hai1="73,2,90,116,11,110,85,8,76,74,64,71,102" hai2="7,99,66,45,75,109,17,37,36,96,82,46,115" hai3="12,111,52,22,128,57,67,92,108,83,35,131,55"/><W23/><G35/><T117/><D117/><U106/><E71/><V62/><F115/><W130/><G92/><T133/><D1/><U72/><E64/><V114/><F114/><W120/><G120/><T70/><D15/><U3/><E116/><V95/><F7/><W125/><G125/><T119/><D20/><N who="3" m="7721" /><G12/><T104/><D25/><U118/><E118/><V121/><F46/><W78/><G67/><T63/><D33/><U19/><E76/><V134/><F62/><N who="3" m="36135" /><G55/><T69/><D34/><U0/><E110/><V101/><F66/><W112/><G112/><T53/><D119/><U68/><E68/><V43/><F109/><W27/><G27/><T113/><D113/><U9/><E19/><V129/><F17/><W86/><AGARI ba="0,0" hai="78,83,86,108,111,128,130,131" m="36135,7721" machi="86" ten="40,7800,0" yaku="19,1,52,1,54,1" doraHai="54" who="3" fromWho="3" sc="253,-26,187,-26,189,-26,371,78" owari="227,2.7,161,-33.9,163,-23.7,449,54.9" /></mjloggm>