<mjloggm ver="2.3"><GO type="225" lobby="0"/><UN n0="%E4%BF%BA%E3%81%A8%E5%A6%96%E5%A4%A2" n1="%72%61%6B%33" n2="%E6%80%AA%E3%81%97%E3%81%99%E3%81%8E%E3%82%8B%E3%83%81%E3%83%BC" n3="%E7%88%86%E8%A3%82%E9%83%BD%E5%B8%82%EF%BD%9E" dan="17,16,16,16" rate="2205.11,2181.75,2068.97,2111.18" sx="F,M,M,M"/><TAIKYOKU oya="0"/><INIT seed="0,0,0,0,0,1" ten="250,250,250,250" oya="0" hai0="25,112,66,51,110,79,128,56,62,31,80,93,14" hai1="43,78,74,65,90,91,8,0,73,105,69,13,32" hai2="7,54,83,36,113,88,118,10,126,106,37,35,48" hai3="18,70,58,84,108,47,119,72,134,6,12,4,87"/><T102/><D112/><U59/><E32/><V23/><F113/><W121/><G72/><T5/><D128/><U133/><E105/><V30/><F35/><W86/><G70/><T109/><D51/><U27/><E133/><V33/><F33/><W116/><G134/><T76/><D102/><U26/><E0/><V50/><F106/><W20/><G108/><N who="0" m="41579" /><D93/><U77/><E69/><V11/><F126/><W60/><G47/><T129/><D129/><U17/><E43/><V39/><F118/><W130/><G130/><T99/><D99/><U104/><E104/><V123/><F123/><W67/><REACH who="3" step="1"/><G121/><REACH who="3" ten="250,250,250,240" step="2"/><T75/><D75/><U2/><E73/><V97/><F36/><W125/><G125/><T41/><D41/><U114/><E114/><V111/><F37/><W9/><G9/><N who="0" m="4399" /><D80/><U57/><E74/><V85/><F39/><W3/><G3/><T124/><D124/><U24/><E2/><V38/><F38/><W68/><G68/><T122/><D122/><U94/><E59/><V40/><F111/><W61/><G61/><T98/><D98/><U29/><E57/><N who="2" m="32967" /><F97/><W21/><G21/><AGARI ba="0,1" hai="21,25,31,56,62,66,76,79" m="4399,41579" machi="21" ten="30,5800,0" yaku="14,1,10,1,52,1" doraHai="1" who="0" fromWho="3" sc="250,68,250,0,250,0,240,-58" /><INIT seed="0,1,0,3,0,16" ten="318,250,250,182" oya="0" hai0="31,13,108,84,87,67,10,132,63,27,80,107,22" hai1="81,66,12,37,126,119,128,51,121,23,6,62,76" hai2="20,19,55,24,59,21,125,65,106,11,124,52,102" hai3="116,91,73,58,135,134,34,100,123,103,57,18,42"/><T98/><D132/><N who="3" m="50729" /><G34/><T30/><D108/><U82/><E37/><V111/><F111/><W97/><G116/><T79/><D107/><U15/><E119/><V0/><F65/><W122/><G42/><T49/><D98/><U96/><E121/><N who="3" m="46090" /><G73/><T64/><D31/><U93/><E126/><N who="2" m="48747" /><F59/><N who="3" m="22539" /><G18/><T40/><D63/><U94/><E62/><V127/><F127/><W48/><G48/><T29/><D29/><U41/><E51/><V45/><F45/><W14/><G14/><T61/><D61/><U56/><E12/><N who="2" m="9319" /><F0/><W95/><AGARI ba="1,0" hai="91,95,97,100,103" m="22539,46090,50729" machi="95" ten="40,2700,0" yaku="20,1,13,1" doraHai="16" who="3" fromWho="3" sc="318,-14,250,-8,250,-8,182,30" /><INIT seed="1,0,0,1,5,6" ten="304,242,242,212" oya="1" hai0="7,106,68,56,41,27,93,118,30,11,60,124,131" hai1="83,42,103,100,92,127,78,133,134,9,37,3,101" hai2="119,22,80,54,36,34,18,39,0,70,99,5,110" hai3="88,111,46,21,16,35,121,26,64,23,10,61,135"/><U55/><E127/><V43/><F34/><W120/><G111/><T51/><D118/><U73/><E55/><V69/><F119/><W40/><G135/><N who="1" m="51722" /><E92/><V96/><F110/><W115/><G35/><T122/><D106/><U77/><E77/><V67/><F54/><W113/><G113/><T128/><D124/><U72/><E72/><V17/><F80/><W33/><G33/><T29/><D68/><U28/><E28/><V13/><F67/><W59/><G115/><T50/><D122/><U2/><E9/><V105/><F43/><W130/><G130/><N who="0" m="49707" /><D93/><U104/><E104/><V47/><F105/><W57/><G57/><T48/><D41/><U76/><E76/><V108/><F108/><W117/><G117/><T107/><D107/><U102/><N who="1" m="25600" /><DORA hai="49" /><U79/><E79/><V98/><F69/><W8/><G88/><T132/><D132/><U38/><E38/><V4/><F70/><W126/><G126/><T32/><D30/><U89/><E89/><V25/><F39/><W15/><G121/><T24/><D29/><U81/><E81/><V94/><F94/><W109/><G120/><T75/><D75/><U1/><E37/><V19/><F36/><W84/><G109/><T97/><D32/><U71/><E71/><V66/><F66/><W14/><G84/><T129/><D129/><U45/><E42/><V52/><F96/><W116/><G116/><T65/><D97/><U114/><E114/><V12/><F98/><W58/><G58/><T31/><D31/><U86/><E73/><V20/><F99/><W90/><G64/><T91/><D91/><RYUUKYOKU ba="0,0" sc="304,15,242,15,242,-15,212,-15" hai0="7,11,24,27,48,50,51,56,60,65" hai1="1,2,3,45,78,83,86" /><INIT seed="1,1,0,1,4,105" ten="319,257,227,197" oya="1" hai0="27,67,25,61,11,82,65,77,38,117,104,84,83" hai1="98,125,30,41,127,50,7,49,13,71,5,102,131" hai2="75,91,85,12,62,118,74,79,108,26,1,86,113" hai3="73,109,56,4,112,2,14,66,121,130,78,80,93"/><U58/><E71/><V132/><F1/><W103/><G121/><T21/><D117/><U39/><E131/><V106/><F118/><W24/><G130/><T100/><D38/><U40/><E30/><V114/><F108/><W0/><G109/><T129/><D129/><U42/><E39/><V81/><F132/><W134/><G112/><N who="2" m="43113" /><F106/><W68/><G68/><T124/><D124/><N who="1" m="47691" /><E13/><V54/><F26/><W32/><G134/><T55/><D100/><U60/><E5/><V110/><F110/><W63/><G14/><T51/><D104/><N who="1" m="63575" /><E7/><V69/><F12/><W128/><G128/><T64/><D11/><U23/><E23/><V9/><F9/><W33/><G4/><T88/><D21/><U36/><E36/><V8/><F8/><W31/><G33/><T135/><D61/><U10/><E10/><V28/><F28/><W120/><G120/><T53/><D135/><U16/><E16/><V99/><F99/><W107/><G107/><T20/><D51/><U18/><E18/><V90/><F69/><W101/><G101/><T95/><D27/><U111/><E111/><V6/><F6/><W43/><G43/><T89/><D20/><U57/><E57/><N who="2" m="35127" /><F91/><W47/><G103/><T76/><D89/><U94/><E94/><AGARI ba="1,0" hai="74,75,79,81,85,86,90,94" m="35127,43113" machi="94" ten="30,3900,0" yaku="11,1,52,2" doraHai="105" who="2" fromWho="1" sc="319,0,257,-42,227,42,197,0" /><INIT seed="2,0,0,5,3,107" ten="319,215,269,197" oya="2" hai0="45,89,0,18,130,108,115,114,55,56,2,81,35" hai1="113,28,14,17,69,96,73,65,5,47,68,119,97" hai2="100,118,49,72,16,102,34,110,103,128,85,71,131" hai3="78,132,24,75,57,105,109,48,66,33,90,13,84"/><V32/><F118/><W116/><G116/><T74/><D35/><N who="2" m="13354" /><F71/><W23/><G33/><T1/><D108/><U87/><E113/><V63/><F63/><W98/><G109/><T83/><D130/><N who="2" m="49706" /><F110/><W94/><G13/><T9/><D45/><U135/><E47/><V25/><F85/><W7/><G7/><T88/><D114/><U58/><E5/><V93/><F49/><W39/><G39/><T82/><D115/><U15/><E87/><V30/><F72/><W52/><G75/><T6/><D74/><U21/><E68/><V40/><F40/><W53/><G66/><T76/><D76/><U51/><E65/><V37/><F30/><W29/><G29/><T86/><D89/><U70/><E28/><V50/><F50/><W59/><G78/><T36/><D36/><U77/><E77/><V123/><F123/><W38/><G38/><T20/><D81/><U79/><E79/><V101/><F101/><W44/><G84/><T80/><D80/><U120/><E119/><V104/><F104/><W129/><G129/><T11/><D83/><U122/><E73/><V26/><F37/><W67/><G105/><T124/><D82/><U61/><E120/><V133/><F133/><W126/><G132/><T95/><D86/><U54/><E135/><V22/><F93/><W106/><G106/><T111/><D111/><U92/><E122/><V91/><F91/><W10/><G67/><T64/><D64/><N who="1" m="41103" /><E70/><V60/><F60/><W127/><G94/><T4/><D95/><U3/><E92/><V31/><F31/><N who="3" m="17823" /><G90/><T19/><D88/><U117/><E117/><RYUUKYOKU ba="0,0" sc="319,-10,215,-10,269,30,197,-10" hai2="16,22,25,26,100,102,103" /><INIT seed="2,1,0,4,1,31" ten="309,205,299,187" oya="2" hai0="3,56,64,33,12,103,86,10,74,47,113,42,38" hai1="7,23,111,122,43,135,65,108,24,93,89,97,40" hai2="99,14,78,9,102,127,49,92,36,54,96,27,83" hai3="45,95,26,77,13,123,2,15,58,105,88,81,55"/><V63/><F36/><W29/><G123/><T91/><D113/><U100/><E122/><V119/><F119/><W109/><G2/><T6/><D74/><U126/><E126/><V35/><F127/><W116/><G105/><T17/><D103/><U19/><E135/><V132/><F132/><W114/><G116/><T118/><D118/><U76/><E65/><V73/><F63/><W104/><G104/><T52/><D64/><U71/><E71/><V51/><F99/><W57/><G45/><T70/><D33/><U121/><E121/><V101/><F101/><W5/><G109/><N who="1" m="42058" /><E76/><V85/><F73/><W130/><G130/><T62/><D70/><U11/><E100/><V21/><F35/><W87/><G5/><T68/><D68/><U61/><E61/><V90/><F54/><W134/><G58/><T129/><D129/><U110/><N who="1" m="42066" /><U125/><DORA hai="80" /><E125/><V37/><F102/><W131/><G131/><T67/><D67/><U4/><E4/><N who="2" m="3367" /><F37/><W60/><G114/><T25/><D25/><U32/><E32/><V120/><F120/><W79/><G134/><T48/><D38/><U84/><E97/><V41/><F41/><W34/><REACH who="3" step="1"/><G79/><REACH who="3" ten="309,205,299,177" step="2"/><T59/><D6/><U39/><E39/><V128/><F128/><W107/><G107/><T44/><D3/><AGARI ba="1,1" hai="3,7,11,19,23,24,40,43,84,89,93" m="42066" machi="3" ten="40,2600,0" yaku="14,1,52,1" doraHai="31,80" who="1" fromWho="0" sc="309,-29,205,39,299,0,177,0" /><INIT seed="3,0,0,4,5,19" ten="280,244,299,177" oya="3" hai0="2,72,99,7,79,26,61,66,114,37,74,34,43" hai1="24,126,67,5,110,56,127,95,21,116,94,28,18" hai2="14,104,22,97,17,87,44,49,36,42,52,41,46" hai3="20,90,85,60,47,30,39,107,4,35,53,108,9"/><W121/><G121/><T81/><D114/><U58/><E110/><V10/><F87/><W83/><G107/><T130/><D130/><U101/><E116/><V25/><F41/><W124/><G108/><T96/><D72/><U0/><E95/><V75/><F75/><W111/><G111/><T23/><D34/><U48/><E48/><V117/><F117/><W89/><G35/><T51/><D51/><U71/><E71/><V70/><F70/><W105/><G105/><T29/><D61/><U40/><E40/><V113/><F113/><W45/><G124/><T120/><D66/><U76/><E76/><V32/><F32/><W119/><G119/><T92/><D92/><U78/><E78/><V27/><REACH who="2" step="1"/><F10/><REACH who="2" ten="280,244,289,177" step="2"/><W133/><G133/><T135/><D135/><U132/><E132/><V77/><F77/><N who="3" m="46319" /><G39/><T31/><D120/><U106/><E127/><V82/><F82/><W62/><G9/><N who="0" m="2295" /><D31/><U64/><E28/><V8/><F8/><W6/><G30/><T129/><D129/><U123/><E126/><V73/><F73/><W33/><G33/><T38/><D38/><U12/><E123/><V55/><F55/><W59/><G20/><T134/><D134/><U98/><E21/><V112/><F112/><W100/><G100/><AGARI ba="0,1" hai="14,17,22,25,27,36,42,44,46,49,52,97,100,104" machi="100" ten="40,5200,0" yaku="1,1,52,1,54,1,53,0" doraHai="19" doraHaiUra="109" who="2" fromWho="3" sc="280,0,244,0,289,62,177,-52" owari="280,8.0,244,-15.6,351,45.1,125,-37.5" /></mjloggm>