<mjloggm ver="2.3"><GO type="225" lobby="0"/><UN n0="%E6%81%A5%E6%99%92%E3%81%97" n1="%E3%81%B5%E3%81%98%E3%81%8B%E3%81%A4" n2="%33%74%72%65%65" n3="%E3%81%86%E3%81%A9%E3%82%93%E3%81%93" dan="16,16,16,16" rate="2084.70,2183.50,2095.96,2113.76" sx="M,M,F,M"/><TAIKYOKU oya="0"/><INIT seed="0,0,0,5,2,8" ten="250,250,250,250" oya="0" hai0="125,89,122,130,54,88,92,38,114,84,72,124,44" hai1="76,115,80,123,39,83,106,78,6,58,113,64,127" hai2="118,133,105,7,22,62,20,26,109,42,101,91,74" hai3="40,31,79,99,100,135,32,66,104,14,2,121,116"/><T36/><D114/><N who="1" m="43531" /><E39/><V96/><F109/><W61/><G116/><T60/><D122/><U107/><E58/><V110/><F110/><W16/><G2/><T132/><D72/><N who="1" m="43015" /><E64/><V128/><F118/><W19/><G135/><T51/><D132/><U45/><E6/><V82/><F133/><W1/><G1/><T56/><D130/><U119/><E45/><V86/><F128/><W71/><G121/><T47/><D47/><U108/><E123/><V97/><F42/><W12/><G40/><T75/><D75/><N who="1" m="43487" /><E108/><V120/><F120/><W87/><G87/><T21/><D21/><U103/><E119/><V29/><F7/><W41/><G79/><T52/><REACH who="0" step="1"/><D89/><REACH who="0" ten="240,250,250,250" step="2"/><U3/><E103/><V98/><F20/><W134/><G134/><T37/><AGARI ba="0,1" hai="36,37,38,44,51,52,54,56,60,84,88,92,124,125" machi="37" ten="40,18000,2" yaku="1,1,2,1,0,1,54,2,53,1" doraHai="8" doraHaiUra="81" who="0" fromWho="0" sc="240,190,250,-60,250,-60,250,-60" /><INIT seed="0,1,0,0,4,49" ten="430,190,190,190" oya="0" hai0="51,64,52,112,34,15,133,42,83,36,103,14,19" hai1="72,82,25,61,56,81,68,95,105,57,117,125,67" hai2="20,16,45,128,3,41,31,33,99,108,94,53,46" hai3="116,135,12,106,107,77,7,28,88,119,74,129,131"/><T123/><D112/><U127/><E117/><N who="3" m="45130" /><G28/><T93/><D123/><U26/><E105/><N who="3" m="39946" /><G7/><T121/><D121/><U126/><E95/><V84/><F108/><W110/><G12/><T10/><D34/><U9/><E9/><V27/><F128/><N who="3" m="49227" /><G110/><T109/><D109/><U113/><E113/><V102/><F3/><W17/><G17/><T132/><D64/><U5/><E5/><V65/><F65/><W101/><G101/><T124/><D103/><U73/><E82/><V100/><F100/><W38/><G38/><T71/><D83/><U104/><E104/><V70/><F70/><W62/><G62/><T78/><D71/><U18/><E81/><V37/><F33/><W59/><G59/><N who="1" m="22602" /><E26/><V23/><F31/><W4/><G4/><T32/><D32/><U30/><E18/><V66/><F66/><W63/><G63/><T11/><D19/><U79/><E79/><V90/><F23/><AGARI ba="1,0" hai="23,25,30,61,67,68,72,73,125,126,127" m="22602" machi="23" ten="30,1000,0" yaku="18,1" doraHai="49" who="1" fromWho="2" sc="430,0,190,13,190,-13,190,0" /><INIT seed="1,0,0,2,0,124" ten="430,203,177,190" oya="1" hai0="54,43,113,121,83,126,69,0,90,133,53,86,110" hai1="92,66,22,47,12,45,101,58,18,41,59,94,64" hai2="35,134,42,29,21,72,24,80,98,49,91,128,89" hai3="33,3,62,44,78,105,57,95,81,11,119,112,130"/><U71/><E71/><V31/><F134/><W27/><G105/><T67/><D0/><U63/><E101/><V120/><F120/><W109/><G112/><T88/><D113/><U46/><REACH who="1" step="1"/><E41/><REACH who="1" ten="430,193,177,190" step="2"/><V118/><F42/><W34/><G119/><T75/><D43/><U2/><E2/><V5/><F118/><W129/><G109/><T77/><D110/><U76/><E76/><V50/><F128/><W9/><G3/><T30/><D69/><U16/><E16/><V97/><F31/><W82/><G78/><T37/><D30/><U106/><E106/><V52/><F29/><W111/><G111/><T19/><D19/><U131/><E131/><V68/><F68/><W84/><G129/><T14/><D77/><U25/><E25/><V132/><F24/><W127/><G130/><T7/><D121/><U20/><E20/><V15/><F21/><W115/><G27/><T104/><D104/><U108/><E108/><V40/><F40/><W116/><G116/><T123/><D123/><U28/><E28/><V23/><F23/><W99/><G115/><T103/><D103/><U26/><E26/><V56/><F35/><W32/><G32/><T61/><D7/><U6/><E6/><V74/><F5/><W17/><G34/><T117/><D117/><U4/><E4/><V125/><F15/><W73/><G17/><T48/><D14/><U93/><E93/><V1/><F1/><W79/><G33/><T85/><D37/><U51/><E51/><V38/><F38/><W96/><G79/><N who="0" m="44543" /><D48/><U70/><E70/><V102/><F49/><W122/><G122/><RYUUKYOKU ba="0,1" sc="430,-10,193,30,177,-10,190,-10" hai1="12,18,22,45,46,47,58,59,63,64,66,92,94" /><INIT seed="1,1,1,4,4,122" ten="420,223,167,180" oya="1" hai0="123,92,106,82,121,40,0,67,42,88,50,135,131" hai1="102,1,96,51,31,68,10,112,62,114,70,24,49" hai2="5,38,17,64,107,84,104,89,120,97,83,99,3" hai3="110,43,56,57,124,47,14,16,29,90,60,95,129"/><U23/><E112/><V125/><F120/><N who="0" m="46154" /><D131/><U113/><E113/><V117/><F117/><W27/><G129/><T69/><D135/><U132/><E132/><V11/><F125/><W63/><G124/><T93/><D106/><U91/><E91/><V109/><F38/><W22/><G110/><T53/><D0/><U105/><E114/><V72/><F109/><W78/><G78/><T66/><D82/><U103/><E103/><V58/><F72/><W45/><G56/><N who="0" m="32823" /><D93/><U77/><E77/><V26/><F107/><W20/><G43/><N who="0" m="16427" /><D69/><U13/><E1/><V100/><F99/><AGARI ba="1,1" hai="66,67,88,92,99" m="16427,32823,46154" machi="99" ten="30,2000,0" yaku="13,1,54,1" doraHai="122" who="0" fromWho="2" sc="420,33,223,0,167,-23,180,0" /><INIT seed="2,0,0,1,1,71" ten="453,223,144,180" oya="2" hai0="41,65,43,81,14,119,118,102,94,90,12,13,63" hai1="22,79,36,46,96,5,80,91,105,49,78,55,31" hai2="75,116,107,108,61,37,117,54,127,121,72,109,68" hai3="93,24,104,112,126,82,23,64,88,35,76,45,17"/><V120/><F107/><W111/><G104/><T103/><D118/><N who="2" m="45674" /><F54/><W40/><G111/><N who="2" m="42569" /><F61/><W135/><G135/><T34/><D34/><U132/><E55/><V25/><F25/><W92/><G126/><T4/><D4/><U7/><E46/><V28/><F28/><W19/><G64/><T115/><D115/><U57/><E31/><V33/><F33/><W133/><G133/><T29/><D119/><U123/><E105/><V3/><F3/><W32/><G112/><T74/><D29/><U129/><E123/><N who="2" m="47179" /><F68/><W122/><G122/><T52/><D52/><U84/><E132/><V114/><F127/><W18/><G93/><T60/><D63/><U106/><E106/><V59/><F59/><W131/><G32/><T124/><D94/><U100/><E57/><V16/><F16/><W69/><G35/><T87/><D60/><U89/><E22/><V38/><F114/><W77/><G69/><T53/><D53/><U56/><E56/><V73/><AGARI ba="0,0" hai="37,38,72,73,75" m="47179,42569,45674" machi="73" ten="50,24000,3" yaku="28,2,14,1,10,1,31,2,52,2" doraHai="71" who="2" fromWho="2" sc="453,-80,223,-80,144,240,180,-80" /><INIT seed="2,1,0,2,0,19" ten="373,143,384,100" oya="2" hai0="128,38,92,112,12,20,51,28,7,22,67,114,79" hai1="116,64,75,127,29,4,53,124,122,101,10,50,89" hai2="41,63,109,95,34,57,3,125,91,68,118,5,26" hai3="45,82,0,72,16,97,115,31,117,1,8,23,37"/><V107/><F118/><W69/><G117/><T2/><D38/><U99/><E116/><V24/><F107/><W86/><G69/><T102/><D128/><U18/><E64/><V48/><F125/><N who="1" m="48201" /><E29/><V133/><F133/><W47/><G115/><T66/><D112/><U70/><E70/><V76/><F34/><W103/><G72/><T88/><D114/><U59/><E75/><V49/><F109/><W25/><G37/><T43/><D102/><U9/><E89/><V13/><F3/><W42/><G0/><T77/><D2/><N who="1" m="151" /><E18/><V35/><F76/><N who="0" m="29258" /><D7/><U130/><E10/><N who="2" m="4303" /><F68/><W39/><G47/><N who="0" m="26111" /><D28/><U60/><E130/><V132/><F132/><W113/><G113/><T32/><D32/><U52/><E122/><V104/><F35/><W15/><G1/><T80/><D80/><U123/><E123/><V11/><F11/><W54/><G54/><T14/><D67/><N who="1" m="39327" /><E50/><V134/><F49/><W73/><G73/><T74/><D74/><U110/><E110/><V71/><F71/><W106/><REACH who="3" step="1"/><G82/><REACH who="3" ten="373,143,384,90" step="2"/><T126/><D126/><U40/><E40/><V58/><F134/><W131/><G131/><T65/><D66/><U85/><E53/><V61/><F41/><W87/><AGARI ba="1,1" hai="8,15,16,23,25,31,39,42,45,86,87,97,103,106" machi="87" ten="30,7900,0" yaku="1,1,0,1,52,1,54,1,53,0" doraHai="19" doraHaiUra="84" who="3" fromWho="3" sc="373,-21,143,-21,384,-40,90,92" /><INIT seed="3,0,0,2,4,64" ten="352,122,344,182" oya="3" hai0="85,111,117,71,20,83,35,32,69,130,1,38,23" hai1="10,127,21,6,39,101,62,5,77,18,59,40,80" hai2="81,43,82,36,7,103,86,31,98,91,22,47,13" hai3="92,17,108,66,79,109,53,93,24,114,58,76,44"/><W0/><G114/><T34/><D117/><U70/><E127/><V118/><F118/><W68/><G0/><T30/><D1/><U102/><E6/><V112/><F112/><W56/><G44/><T73/><D73/><U122/><E122/><V46/><F46/><W96/><G17/><T89/><D111/><N who="3" m="42569" /><G24/><T125/><D125/><U119/><E119/><V116/><F116/><W120/><G120/><T67/><D38/><U12/><E70/><V16/><F7/><W37/><G37/><T27/><D130/><U8/><E39/><V106/><F31/><W95/><G96/><T15/><D67/><U26/><E40/><V113/><F113/><W60/><G56/><T124/><D124/><U65/><REACH who="1" step="1"/><E10/><REACH who="1" ten="352,112,344,182" step="2"/><V107/><F107/><W99/><G99/><T29/><D69/><U132/><E132/><V131/><F131/><W121/><G121/><T41/><D71/><U123/><E123/><V63/><F63/><AGARI ba="0,1" hai="53,58,60,63,66,68,76,79,92,93,95" m="42569" machi="63" ten="30,5800,0" yaku="14,1,10,1,52,1" doraHai="64" who="3" fromWho="2" sc="352,0,112,0,344,-58,182,68" /><INIT seed="3,1,0,3,0,8" ten="352,112,286,250" oya="3" hai0="85,33,58,48,56,62,11,93,39,89,2,64,53" hai1="12,4,29,129,117,6,40,127,66,0,106,46,10" hai2="47,79,32,103,60,42,3,87,113,109,90,115,15" hai3="98,123,91,7,76,50,45,101,74,118,72,130,95"/><W75/><G118/><T37/><REACH who="0" step="1"/><D33/><REACH who="0" ten="342,112,286,250" step="2"/><U14/><E117/><V77/><F32/><W94/><G123/><T92/><D92/><U68/><E106/><V22/><F115/><W108/><G130/><T84/><D84/><U23/><E68/><V135/><F87/><W132/><G132/><T61/><D61/><U35/><E66/><V63/><F60/><W86/><G108/><T107/><D107/><U73/><E46/><V25/><F63/><W80/><REACH who="3" step="1"/><G7/><AGARI ba="1,1" hai="2,7,11,37,39,48,53,56,58,62,64,85,89,93" machi="7" ten="40,2600,0" yaku="21,2,53,0" doraHai="8" doraHaiUra="19" who="0" fromWho="3" sc="342,39,112,0,286,0,250,-29" owari="381,48.1,112,-38.8,286,8.6,221,-17.9" /></mjloggm>