<mjloggm ver="2.3"><GO type="225" lobby="0"/><UN n0="%E3%81%82%E3%81%84%E3%81%82%E3%81%8A%E3%81%84" n1="%41%54%53%4D" n2="%E5%80%89%E6%A9%8B%EF%BC%A0%E4%BA%8B%E5%8B%99" n3="%E3%82%B5%E3%83%AB%E3%82%B7%E3%83%B3" dan="18,16,16,16" rate="2191.33,2109.08,2089.11,2094.32" sx="M,M,M,F"/><TAIKYOKU oya="0"/><INIT seed="0,0,0,1,5,80" ten="250,250,250,250" oya="0" hai0="88,2,8,123,17,94,67,119,12,86,44,110,87" hai1="65,46,51,132,49,102,85,31,122,108,22,112,121" hai2="63,83,76,75,0,114,25,13,81,95,14,10,84" hai3="82,130,129,7,9,35,101,72,58,116,54,28,92"/><T40/><D119/><U48/><E108/><V128/><F114/><W53/><G116/><T73/><D123/><U57/><E132/><V109/><F109/><W74/><G28/><T106/><D110/><U43/><E112/><V32/><F128/><N who="3" m="49259" /><G35/><T90/><D73/><N who="3" m="28265" /><G82/><T107/><D2/><U97/><E85/><V71/><F32/><W77/><G77/><T64/><D106/><U50/><E22/><V104/><F25/><W78/><G78/><T36/><D107/><U118/><E31/><V61/><F83/><AGARI ba="0,0" hai="8,12,17,36,40,44,64,67,83,86,87,88,90,94" machi="83" ten="30,11600,0" yaku="7,1,52,2,54,1" doraHai="80" who="0" fromWho="2" sc="250,116,250,0,250,-116,250,0" /><INIT seed="0,1,0,2,2,128" ten="366,250,134,250" oya="0" hai0="44,113,92,28,135,33,67,15,25,104,97,103,24" hai1="13,76,78,90,69,23,30,63,39,16,72,62,57" hai2="22,27,41,54,48,60,34,29,125,53,8,32,122" hai3="6,100,132,1,121,95,115,112,10,83,65,56,119"/><T86/><D113/><U118/><E118/><V77/><F122/><W120/><G119/><T101/><D67/><U88/><E39/><V89/><F125/><W94/><G65/><T84/><D135/><U134/><E134/><V87/><F77/><N who="1" m="29801" /><E69/><V11/><F41/><W126/><G83/><T42/><D15/><U79/><E72/><V124/><F124/><W81/><G81/><T106/><D24/><N who="1" m="16671" /><E79/><V38/><F38/><W59/><G126/><T7/><D7/><U9/><E63/><V68/><F34/><W75/><G6/><T43/><D43/><U0/><E0/><V127/><F32/><W96/><G1/><T36/><REACH who="0" step="1"/><D103/><REACH who="0" ten="356,250,134,250" step="2"/><U91/><E91/><V98/><F127/><W3/><G100/><T130/><D130/><U17/><E17/><V93/><F68/><W12/><G3/><T85/><AGARI ba="1,1" hai="25,28,33,36,42,44,84,85,86,92,97,101,104,106" machi="85" ten="30,3000,0" yaku="1,1,0,1,53,0" doraHai="128" doraHaiUra="18" who="0" fromWho="0" sc="356,43,250,-11,134,-11,250,-11" /><INIT seed="0,2,0,3,3,56" ten="399,239,123,239" oya="0" hai0="69,10,112,18,117,107,78,115,28,90,45,105,75" hai1="60,29,74,47,95,13,104,70,37,102,23,55,46" hai2="81,26,40,63,35,50,123,73,131,33,86,71,38" hai3="5,119,61,7,133,116,99,110,93,77,72,49,51"/><T52/><D117/><U34/><E74/><V122/><F38/><W48/><G110/><T65/><D28/><U25/><E95/><V114/><F114/><W15/><G133/><T19/><D90/><U88/><E88/><V32/><F73/><W16/><G77/><T62/><D78/><U22/><E37/><V21/><F131/><W41/><G72/><T89/><D75/><U91/><E91/><V59/><F71/><W57/><G41/><T2/><D89/><U0/><E0/><V68/><F68/><W82/><G82/><T109/><D109/><U27/><E13/><V94/><F94/><W79/><G119/><T124/><D124/><U108/><E108/><V58/><F86/><W64/><G79/><T101/><D2/><U3/><E3/><V67/><F81/><W8/><G116/><T43/><D52/><U97/><E23/><V135/><F135/><W96/><G96/><T126/><D126/><U103/><E103/><AGARI ba="2,0" hai="5,7,8,15,16,48,49,51,57,61,64,93,99,103" machi="103" ten="40,5200,0" yaku="8,1,52,1,54,1" doraHai="56" who="3" fromWho="1" sc="399,0,239,-58,123,0,239,58" /><INIT seed="1,0,0,2,3,117" ten="399,181,123,297" oya="1" hai0="70,97,91,80,26,98,16,58,108,82,119,111,65" hai1="48,122,4,37,66,2,55,53,134,32,19,133,115" hai2="112,57,33,84,135,109,18,62,85,89,129,20,44" hai3="71,74,34,132,101,39,88,35,103,114,96,78,54"/><U104/><E115/><V9/><F33/><W36/><G71/><T29/><D70/><U41/><E104/><V127/><F112/><W43/><G114/><T7/><D7/><U63/><E32/><V14/><F109/><N who="0" m="42058" /><D119/><U81/><E19/><V99/><F129/><W67/><G67/><T3/><D3/><U56/><E81/><N who="0" m="31337" /><D91/><U38/><E4/><V113/><F113/><W116/><G78/><T49/><D16/><U59/><E2/><V95/><F135/><N who="1" m="51721" /><E122/><V15/><F44/><W52/><G116/><T124/><D124/><U105/><E105/><V6/><REACH who="2" step="1"/><F127/><REACH who="2" ten="399,181,113,297" step="2"/><W72/><G132/><T0/><D0/><U94/><E94/><V121/><F121/><W110/><G110/><T51/><D98/><U73/><E73/><V21/><F21/><W61/><G96/><T5/><D97/><U28/><E28/><V17/><F17/><W12/><G72/><T45/><D45/><N who="1" m="25647" /><E66/><AGARI ba="0,1" hai="6,9,14,15,18,20,57,62,66,84,85,89,95,99" machi="66" ten="30,3900,0" yaku="1,1,7,1,8,1,53,0" doraHai="117" doraHaiUra="128" who="2" fromWho="1" sc="399,0,181,-39,113,49,297,0" /><INIT seed="2,0,0,4,1,42" ten="399,142,162,297" oya="2" hai0="25,61,85,109,116,100,51,117,55,80,118,8,7" hai1="87,103,62,43,27,104,128,105,37,77,74,33,72" hai2="15,34,106,11,1,31,89,64,47,82,18,45,69" hai3="94,84,17,28,56,102,99,48,46,6,58,14,97"/><V24/><F106/><W90/><G28/><T101/><D61/><U91/><E128/><V54/><F54/><W122/><G6/><T107/><D25/><U30/><E62/><V71/><F64/><W132/><G132/><T63/><D63/><U108/><E108/><V111/><F111/><W2/><G2/><N who="0" m="119" /><D107/><U127/><E127/><V70/><REACH who="2" step="1"/><F1/><REACH who="2" ten="399,142,152,297" step="2"/><W125/><G125/><T52/><D109/><U135/><E135/><V5/><F5/><W36/><G122/><T92/><D55/><U121/><E121/><V49/><F49/><W65/><G65/><T35/><D52/><U40/><E37/><V57/><F57/><W12/><G36/><T93/><D51/><U123/><E123/><V112/><F112/><W38/><G38/><T29/><D117/><U114/><E114/><V4/><F4/><W81/><G58/><T68/><D118/><U66/><E66/><V120/><F120/><W131/><G56/><T75/><D116/><U41/><E104/><V73/><F73/><W83/><G48/><T78/><D75/><U88/><E74/><V130/><F130/><W86/><G131/><T32/><D68/><U0/><E0/><V124/><F124/><W10/><G12/><T67/><D67/><U50/><E50/><V98/><F98/><W22/><G14/><T26/><D85/><AGARI ba="0,1" hai="11,15,18,24,31,34,45,47,69,70,71,82,85,89" machi="85" ten="40,7700,0" yaku="1,1,52,2,53,0" doraHai="42" doraHaiUra="59" who="2" fromWho="0" sc="399,-77,142,0,152,87,297,0" /><INIT seed="2,1,0,3,1,66" ten="322,142,239,297" oya="2" hai0="120,98,53,102,70,0,35,21,121,100,8,28,109" hai1="25,86,47,44,27,61,55,68,26,106,63,89,104" hai2="58,134,92,42,90,126,22,57,51,50,118,9,20" hai3="62,111,32,3,23,112,24,123,127,14,101,65,122"/><V39/><F118/><W17/><G111/><T108/><D21/><U37/><E37/><V59/><F134/><W45/><G127/><T79/><D79/><U11/><E11/><V107/><F107/><W83/><G112/><T2/><D53/><U105/><E55/><V12/><F126/><W133/><G133/><T13/><D70/><U119/><E119/><V4/><F39/><W129/><G129/><T49/><D49/><U99/><E99/><V74/><F74/><W38/><G101/><T88/><D88/><U131/><E131/><V91/><F91/><W95/><G95/><T33/><D98/><U78/><E78/><V60/><F60/><W77/><G3/><N who="0" m="1067" /><D102/><U132/><E132/><V75/><F75/><W114/><G114/><T96/><D96/><U110/><E110/><N who="0" m="42601" /><D100/><U125/><E125/><V87/><REACH who="2" step="1"/><F51/><REACH who="2" ten="322,142,229,297" step="2"/><W128/><G128/><T93/><D121/><U43/><E43/><V94/><F94/><W56/><G123/><T80/><D93/><U10/><E63/><V52/><F52/><W71/><G122/><T135/><D135/><U31/><E31/><V73/><F73/><W40/><G38/><T85/><D28/><U67/><REACH who="1" step="1"/><E10/><REACH who="1" ten="322,132,229,297" step="2"/><V115/><F115/><W82/><G77/><N who="0" m="46223" /><D120/><U41/><E41/><V64/><F64/><W69/><G40/><T124/><D124/><U81/><AGARI ba="1,2" hai="25,26,27,44,47,61,67,68,81,86,89,104,105,106" machi="81" ten="40,5200,0" yaku="1,1,0,1,52,1,53,0" doraHai="66" doraHaiUra="15" who="1" fromWho="1" sc="322,-14,132,75,229,-27,297,-14" /><INIT seed="3,0,0,1,2,68" ten="308,207,202,283" oya="3" hai0="127,70,122,116,105,28,107,100,88,133,27,92,24" hai1="5,120,52,108,57,9,41,85,102,65,91,8,117" hai2="67,94,111,114,31,78,19,11,90,110,47,35,72" hai3="113,43,83,13,29,93,115,61,124,129,132,99,32"/><W2/><G2/><T130/><D116/><U118/><E120/><V25/><F114/><W97/><G129/><T126/><D122/><U79/><E108/><N who="2" m="41515" /><F67/><W125/><G132/><T15/><D70/><U39/><E65/><V54/><F78/><W16/><G61/><T56/><D100/><U98/><E79/><V84/><F72/><W20/><G83/><T80/><D80/><N who="1" m="49575" /><E5/><V86/><F86/><W63/><G63/><T104/><D133/><U81/><E81/><V51/><F19/><W3/><G3/><T112/><D112/><U49/><E41/><V6/><F6/><W87/><G43/><T95/><D28/><U131/><E39/><V48/><F48/><W121/><G121/><T40/><D40/><U96/><E131/><V14/><F14/><W37/><G37/><T18/><D15/><U4/><E8/><AGARI ba="0,0" hai="8,11,25,31,35,47,51,54,84,90,94" m="41515" machi="8" ten="30,1000,0" yaku="14,1" doraHai="68" who="2" fromWho="1" sc="308,0,207,-10,202,10,283,0" owari="308,40.8,197,-30.3,212,-18.8,283,8.3" /></mjloggm>