<mjloggm ver="2.3"><GO type="225" lobby="0"/><UN n0="%6D%75%75%73%61%6E%6D%75" n1="%E3%81%9F%E3%81%8C%E3%82%84%E3%81%99" n2="%E3%83%81%E3%83%AF%E3%83%AF%E9%9A%8A%E9%95%B7" n3="%48%61%61%61%6C%61%6E%64" dan="16,17,17,18" rate="2120.36,2254.77,2139.62,2132.18" sx="F,M,M,M"/><TAIKYOKU oya="0"/><INIT seed="0,0,0,3,0,101" ten="250,250,250,250" oya="0" hai0="65,126,33,79,45,112,35,27,29,41,28,113,48" hai1="117,121,115,55,88,19,16,26,74,97,10,72,36" hai2="84,17,80,130,114,44,85,98,63,4,50,100,37" hai3="38,94,77,81,102,91,135,49,116,12,128,111,54"/><T13/><D126/><U21/><E36/><V127/><F114/><W9/><G111/><T119/><D119/><U69/><E69/><V62/><F37/><W52/><G38/><T92/><D65/><U42/><E117/><V76/><F127/><W7/><G116/><T15/><D79/><U34/><E34/><V5/><F130/><W68/><G128/><T25/><REACH who="0" step="1"/><D92/><REACH who="0" ten="240,250,250,250" step="2"/><N who="1" m="56455" /><E115/><AGARI ba="0,1" hai="13,15,25,27,28,29,33,35,41,45,48,112,113,115" machi="115" ten="40,12000,1" yaku="1,1,9,1,53,2" doraHai="101" doraHaiUra="22" who="0" fromWho="1" sc="240,130,250,-120,250,0,250,0" /><INIT seed="0,1,0,4,2,118" ten="370,130,250,250" oya="0" hai0="123,116,61,4,93,72,106,133,11,21,50,24,32" hai1="9,85,105,95,130,40,110,132,100,41,80,0,44" hai2="17,74,12,14,39,127,76,99,79,86,90,38,37" hai3="124,48,20,1,134,119,19,54,13,52,107,120,34"/><T27/><D116/><U113/><E9/><V117/><F117/><W55/><G119/><T68/><D106/><U7/><E7/><V5/><F74/><W103/><G124/><T111/><D72/><U57/><E0/><V73/><F73/><W22/><G34/><T69/><D32/><U23/><E105/><V18/><F127/><W115/><G115/><T82/><D133/><U33/><E33/><V70/><F70/><W53/><G1/><T30/><D82/><U42/><E113/><V87/><F5/><W77/><G77/><T122/><D27/><U66/><E110/><V83/><F99/><W101/><G134/><T28/><D28/><U97/><E130/><V67/><F67/><W81/><G81/><T64/><D69/><U51/><E23/><V62/><F62/><W114/><G114/><T31/><D31/><U36/><E132/><V89/><F38/><W129/><G129/><T125/><D125/><U25/><E25/><V88/><F89/><W104/><G120/><T91/><D50/><U3/><E3/><V29/><F83/><W109/><G109/><T98/><D111/><U131/><E131/><V49/><F29/><W56/><REACH who="3" step="1"/><G22/><REACH who="3" ten="370,130,250,240" step="2"/><T2/><AGARI ba="1,1" hai="2,4,11,21,24,30,61,64,68,91,93,98,122,123" machi="2" ten="20,7800,0" yaku="0,1,7,1,52,2" doraHai="118" who="0" fromWho="0" sc="370,91,130,-27,250,-27,240,-27" /><INIT seed="0,2,0,4,2,82" ten="461,103,223,213" oya="0" hai0="0,14,129,98,112,10,74,97,121,73,35,55,23" hai1="20,79,47,12,75,61,128,53,125,59,119,21,17" hai2="46,118,86,85,120,31,117,38,106,37,122,45,8" hai3="131,68,9,94,33,3,69,11,25,111,80,27,28"/><T54/><D112/><U103/><E75/><V6/><F31/><W49/><G111/><T100/><D35/><U4/><E119/><N who="2" m="45579" /><F106/><W58/><G131/><T88/><D121/><N who="2" m="46698" /><F45/><W115/><G115/><T95/><D129/><U127/><E128/><V107/><F107/><W133/><G28/><T43/><D43/><U90/><E47/><V66/><F66/><W22/><G33/><T126/><D126/><U89/><E127/><V101/><F101/><W71/><G133/><T134/><D134/><U32/><E103/><V77/><F77/><W87/><G94/><T83/><D0/><U19/><E79/><V84/><F46/><W105/><G105/><T26/><D74/><U44/><E125/><V52/><F52/><N who="0" m="20010" /><D73/><U104/><E104/><V108/><F108/><W67/><G67/><T29/><D83/><U92/><E32/><V50/><F50/><W42/><G49/><T36/><D36/><U16/><E44/><V70/><F70/><W15/><G42/><T91/><D98/><U18/><E18/><BYE who="1" /><AGARI ba="2,0" hai="10,14,18,23,26,29,88,91,95,97,100" m="20010" machi="18" ten="30,5800,0" yaku="8,1,54,2" doraHai="82" who="0" fromWho="1" sc="461,64,103,-64,223,0,213,0" /><INIT seed="0,3,0,0,3,62" ten="525,39,223,213" oya="0" hai0="98,15,12,68,64,11,28,122,95,51,56,92,38" hai1="93,90,13,117,81,67,19,41,120,53,40,106,113" hai2="78,6,101,89,75,46,9,18,83,102,22,20,59" hai3="10,1,121,8,91,7,126,47,70,33,114,125,94"/><T135/><D122/><U73/><E73/><V99/><F46/><W25/><G114/><T21/><D38/><U85/><E85/><V5/><F5/><UN n1="%E3%81%9F%E3%81%8C%E3%82%84%E3%81%99" /><W4/><G121/><T116/><D116/><U100/><E106/><V45/><F45/><W97/><G70/><T107/><D135/><U134/><E120/><V35/><F35/><W30/><REACH who="3" step="1"/><G47/><REACH who="3" ten="525,39,223,203" step="2"/><T50/><D68/><U112/><E112/><V124/><F124/><W31/><G31/><T96/><D28/><U43/><E113/><V57/><F57/><W42/><G42/><T105/><D56/><U71/><E71/><V54/><F59/><W74/><G74/><T84/><D105/><U61/><E41/><V119/><F75/><W27/><G27/><T132/><D107/><U65/><E43/><V108/><F119/><W109/><G109/><T63/><D132/><U2/><E40/><V36/><F108/><W118/><G118/><T29/><D29/><U72/><E72/><V80/><F36/><W55/><G55/><T23/><D51/><U66/><E134/><V48/><F54/><W86/><G86/><T16/><D50/><U26/><E53/><V88/><F48/><W0/><AGARI ba="3,1" hai="0,1,4,7,8,10,25,30,33,91,94,97,125,126" machi="0" ten="30,8000,1" yaku="1,1,0,1,9,1,53,2" doraHai="62" doraHaiUra="133" who="3" fromWho="3" sc="525,-43,39,-23,223,-23,203,99" /><INIT seed="1,0,0,2,4,55" ten="482,16,200,302" oya="1" hai0="37,72,40,64,1,28,12,38,113,25,87,124,48" hai1="3,22,128,61,80,90,7,79,122,50,106,43,84" hai2="104,131,86,17,121,132,2,88,35,13,103,70,94" hai3="8,66,107,56,44,58,60,85,109,0,6,33,114"/><U91/><E106/><V126/><F121/><W115/><G109/><T51/><D1/><U89/><E122/><V119/><F119/><W68/><G33/><T21/><D72/><U78/><E128/><V75/><F2/><W112/><G107/><T134/><D113/><U24/><E3/><V108/><F35/><W123/><G123/><T59/><D124/><U67/><E7/><V29/><F29/><W16/><G85/><T14/><D38/><U111/><E111/><V100/><F75/><W69/><G69/><T30/><D37/><U54/><E78/><V96/><F108/><W57/><G44/><N who="0" m="25607" /><D134/><U120/><E43/><V19/><F70/><W71/><G71/><T36/><D36/><U125/><E125/><V23/><F126/><W11/><G11/><T9/><D30/><U4/><E4/><V5/><F132/><W63/><REACH who="3" step="1"/><G16/><REACH who="3" ten="482,16,200,292" step="2"/><N who="0" m="12455" /><D9/><U42/><E120/><V76/><F104/><W77/><G77/><T82/><D28/><N who="1" m="17431" /><E42/><V129/><F76/><W18/><G18/><T133/><D133/><U62/><E67/><AGARI ba="0,1" hai="0,6,8,56,57,58,60,63,66,67,68,112,114,115" machi="67" ten="40,8000,1" yaku="1,1,52,3,53,0" doraHai="55" doraHaiUra="116" who="3" fromWho="1" sc="482,0,16,-80,200,0,292,90" owari="482,58.2,-64,-56.4,200,-20.0,382,18.2" /></mjloggm>