<mjloggm ver="2.3"><GO type="225" lobby="0"/><UN n0="%E3%80%93%E3%81%97%E3%83%BC%E3%82%89%E3%80%93" n1="%E5%A4%9C%E5%85%89%E5%A4%A9%E6%A5%BC" n2="%6D%75%75%73%61%6E%6D%75" n3="%E6%B8%A9%E2%98%85%E6%83%85%E2%98%85%E6%8E%AA%E2%98%85%E7%BD%AE" dan="16,16,16,18" rate="2112.43,2074.62,2107.42,2218.14" sx="M,F,F,M"/><TAIKYOKU oya="0"/><INIT seed="0,0,0,5,0,83" ten="250,250,250,250" oya="0" hai0="59,133,64,52,120,22,126,135,82,38,101,80,53" hai1="31,99,32,56,61,69,121,36,6,45,37,3,92" hai2="112,2,131,94,54,76,107,97,77,106,25,75,87" hai3="98,39,47,15,35,65,24,18,103,73,85,11,115"/><T14/><D38/><U20/><E121/><V4/><F2/><W124/><G73/><T110/><D120/><U62/><E32/><V93/><F4/><W123/><G115/><T63/><D126/><U21/><E45/><V125/><F25/><W34/><G123/><T12/><D101/><N who="1" m="60647" /><E21/><V19/><F19/><W102/><G124/><T114/><D114/><U95/><E62/><V58/><F125/><W71/><G102/><T91/><D110/><U78/><E69/><V104/><F112/><W67/><G71/><T86/><D80/><U13/><E78/><N who="2" m="30315" /><F54/><N who="0" m="21098" /><D22/><U127/><E3/><V9/><F9/><W129/><G35/><T81/><D81/><U26/><E95/><N who="2" m="36363" /><F58/><W100/><G34/><T84/><D84/><U1/><E1/><V128/><F87/><W89/><G85/><T117/><D117/><U43/><E43/><V72/><F97/><W42/><G98/><T57/><D57/><U10/><E127/><V88/><F88/><W79/><G89/><T132/><AGARI ba="0,0" hai="12,14,59,63,64,82,86,91,132,133,135" m="21098" machi="132" ten="40,7800,0" yaku="20,1,52,1,54,1" doraHai="83" who="0" fromWho="0" sc="250,78,250,-26,250,-26,250,-26" /><INIT seed="0,1,0,0,5,122" ten="328,224,224,224" oya="0" hai0="78,13,68,54,132,134,81,126,38,37,92,66,82" hai1="74,69,135,9,89,100,5,62,29,52,106,23,36" hai2="19,40,117,114,14,26,97,95,0,35,49,87,1" hai3="4,90,34,63,110,75,101,53,111,33,22,20,102"/><T96/><D126/><U28/><E36/><V45/><F114/><W32/><G75/><T44/><D68/><U108/><E74/><V113/><F113/><W99/><G4/><T43/><D66/><U94/><E135/><N who="0" m="51753" /><D38/><U133/><E133/><V118/><F87/><W120/><G120/><T88/><D78/><U124/><E124/><V105/><F105/><W17/><G90/><T73/><D73/><U72/><E69/><V112/><F112/><W58/><G101/><T60/><D13/><U55/><E100/><V11/><F35/><W47/><G47/><T79/><D79/><U71/><E71/><V12/><F26/><W7/><G7/><T39/><D39/><U51/><E106/><V16/><F117/><W25/><REACH who="3" step="1"/><G22/><REACH who="3" ten="328,224,224,214" step="2"/><T31/><D88/><U42/><E72/><V107/><F118/><W77/><G77/><T115/><D44/><N who="1" m="26007" /><E23/><V27/><F107/><AGARI ba="1,1" hai="17,20,25,32,33,34,53,58,63,99,102,107,110,111" machi="107" ten="40,5200,0" yaku="1,1,52,2,53,0" doraHai="122" doraHaiUra="109" who="3" fromWho="2" sc="328,0,224,0,224,-55,214,65" /><INIT seed="1,0,0,4,0,73" ten="328,224,169,279" oya="1" hai0="91,70,118,104,71,35,3,128,22,14,84,2,131" hai1="9,98,124,33,37,66,122,27,119,53,5,107,19" hai2="15,51,4,69,47,58,54,36,94,95,62,32,81" hai3="133,23,50,93,64,24,38,61,44,29,59,86,105"/><U102/><E119/><V106/><F32/><W43/><G133/><T12/><D104/><U115/><E115/><V78/><F106/><W34/><G105/><T56/><D35/><U75/><E122/><V130/><F130/><N who="0" m="49706" /><D56/><U30/><E124/><V52/><F36/><W49/><REACH who="3" step="1"/><G34/><REACH who="3" ten="328,224,169,269" step="2"/><T57/><D118/><U77/><E33/><V129/><F129/><W109/><G109/><T97/><D71/><U10/><E107/><V7/><F69/><W8/><G8/><T60/><D70/><U21/><E10/><N who="2" m="4551" /><F7/><W40/><G40/><T114/><D114/><U48/><E5/><V103/><F103/><W120/><G120/><T0/><D22/><U113/><E21/><V31/><F31/><W125/><G125/><T74/><D97/><U17/><E98/><V1/><F1/><W20/><G20/><T121/><D121/><U90/><E30/><V80/><F80/><W26/><G26/><T126/><D126/><U72/><E9/><V39/><F39/><W28/><G28/><T79/><D2/><U13/><E37/><V88/><F88/><AGARI ba="0,1" hai="23,24,29,38,43,44,49,50,59,61,64,86,88,93" machi="88" ten="40,2600,0" yaku="1,1,54,1,53,0" doraHai="73" doraHaiUra="11" who="3" fromWho="2" sc="328,0,224,0,169,-26,269,36" /><INIT seed="2,0,0,4,4,39" ten="328,224,143,305" oya="2" hai0="34,129,73,70,68,135,37,31,41,94,102,49,54" hai1="23,75,109,123,55,9,91,112,64,130,108,56,119" hai2="121,59,6,89,14,44,60,21,100,95,33,38,118" hai3="97,104,36,107,40,63,115,42,0,71,114,99,101"/><V81/><F33/><W15/><G0/><T74/><D31/><U61/><E75/><V66/><F118/><W127/><G127/><T7/><D34/><U111/><E9/><V16/><F121/><W82/><G36/><T96/><D7/><U105/><E105/><V80/><F100/><N who="3" m="62479" /><G15/><T28/><D28/><U86/><E119/><V10/><F38/><W62/><G82/><T3/><D3/><U67/><E123/><V98/><REACH who="2" step="1"/><F44/><REACH who="2" ten="328,224,133,305" step="2"/><W93/><G107/><N who="0" m="63943" /><D37/><U43/><E111/><V128/><F128/><W20/><G101/><T125/><D129/><U24/><E130/><V26/><AGARI ba="0,1" hai="6,10,14,16,21,26,59,60,66,80,81,89,95,98" machi="26" ten="20,18000,2" yaku="1,1,0,1,7,1,8,1,54,1,53,1" doraHai="39" doraHaiUra="8" who="2" fromWho="2" sc="328,-60,224,-60,133,190,305,-60" /><INIT seed="2,1,0,1,0,84" ten="268,164,323,245" oya="2" hai0="130,97,14,54,85,129,135,104,9,131,22,44,83" hai1="8,5,63,98,71,132,29,115,74,134,2,105,49" hai2="34,40,72,76,6,94,68,70,125,20,107,82,92" hai3="25,42,90,24,99,109,47,100,27,127,69,91,121"/><V11/><F107/><W18/><G121/><T16/><D135/><U55/><E74/><V19/><F34/><W23/><G69/><T59/><D44/><U106/><E115/><V87/><F40/><W1/><G1/><T93/><D104/><U86/><E29/><V114/><F125/><W118/><G118/><T3/><D3/><U122/><E122/><V36/><F36/><W0/><G0/><T75/><D75/><U124/><E98/><V28/><F28/><W26/><G127/><T4/><D4/><U66/><E124/><V112/><F68/><W120/><G120/><T108/><D9/><U58/><E132/><V50/><F70/><W38/><REACH who="3" step="1"/><G109/><REACH who="3" ten="268,164,323,235" step="2"/><T48/><D108/><U43/><E134/><V56/><F112/><W111/><G111/><T57/><D57/><U37/><REACH who="1" step="1"/><E86/><REACH who="1" ten="268,154,323,235" step="2"/><V116/><F87/><W117/><G117/><T67/><D85/><U96/><E96/><V102/><F116/><W35/><G35/><T12/><D130/><U51/><E51/><V95/><F50/><W81/><G81/><T30/><D83/><U7/><E7/><V123/><F114/><W113/><G113/><T101/><D129/><U133/><E133/><V65/><F123/><W89/><G89/><T32/><D131/><U73/><E73/><V39/><F72/><W79/><G79/><T17/><D97/><U61/><E61/><V60/><F76/><W41/><G41/><T77/><D77/><U13/><E13/><V46/><F82/><W64/><G64/><T33/><D67/><U126/><E126/><V88/><F65/><W80/><G80/><RYUUKYOKU ba="1,2" sc="268,-15,154,15,323,-15,235,15" hai1="2,5,8,37,43,49,55,58,63,66,71,105,106" hai3="18,23,24,25,26,27,38,42,47,90,91,99,100" /><INIT seed="3,2,2,2,3,30" ten="253,169,308,250" oya="3" hai0="107,67,120,64,98,29,35,78,59,114,20,79,94" hai1="99,110,132,19,66,72,100,88,101,108,111,50,131" hai2="65,122,127,96,44,32,15,84,7,8,28,27,3" hai3="124,83,43,54,24,5,45,1,60,104,133,128,42"/><W118/><G118/><T121/><D107/><U26/><E66/><V91/><F127/><W57/><G104/><T103/><D114/><U102/><E19/><V37/><F65/><W13/><G1/><T41/><D67/><U86/><E50/><V39/><F96/><W93/><G124/><T9/><D41/><U117/><E26/><V129/><F129/><W126/><G126/><T71/><D71/><U74/><E131/><V85/><F85/><W47/><G128/><T97/><D97/><U81/><E132/><V80/><F122/><W70/><G70/><T95/><D95/><N who="1" m="56807" /><E117/><V82/><F82/><W21/><G83/><T134/><D9/><U58/><E58/><V106/><F106/><W31/><G93/><T125/><D134/><U10/><E10/><V38/><F3/><W77/><G77/><AGARI ba="2,2" hai="72,74,77,81,86,100,101,102,108,110,111" m="56807" machi="77" ten="40,8000,1" yaku="14,1,34,2,54,1" doraHai="30" who="1" fromWho="3" sc="253,0,169,106,308,0,250,-86" owari="253,-14.7,275,7.5,308,40.8,164,-33.6" /></mjloggm>