<mjloggm ver="2.3"><GO type="225" lobby="0"/><UN n0="%E3%81%8F%E3%81%BE%E3%81%96%E3%82%8F" n1="%72%69%6F%75%63%68%61%6E" n2="%66%67%67%68%68%64%66" n3="%48%61%61%61%6C%61%6E%64" dan="16,17,16,17" rate="2055.57,2211.07,2054.27,2170.42" sx="M,M,M,M"/><TAIKYOKU oya="0"/><INIT seed="0,0,0,5,5,89" ten="250,250,250,250" oya="0" hai0="5,69,32,132,104,93,63,77,27,37,133,66,86" hai1="52,67,80,1,129,118,15,74,61,55,23,121,88" hai2="106,109,99,128,92,114,46,122,49,101,100,70,4" hai3="84,3,85,56,36,17,41,2,60,0,35,22,62"/><T6/><D104/><U14/><E118/><V102/><F122/><W16/><G35/><T116/><D116/><U42/><E121/><V25/><F114/><W65/><G17/><T87/><D37/><U71/><E1/><V54/><F70/><W29/><G29/><N who="0" m="19519" /><D87/><U38/><E129/><V24/><F128/><W31/><G31/><T13/><D13/><U73/><E73/><V81/><F109/><W112/><G112/><T19/><D19/><U110/><E110/><V26/><F106/><W68/><G41/><T107/><D107/><U18/><E14/><V113/><F113/><W53/><REACH who="3" step="1"/><G36/><REACH who="3" ten="250,250,250,240" step="2"/><T82/><D5/><U12/><E38/><V34/><F34/><W43/><G43/><T9/><D6/><U48/><E42/><V131/><F131/><W72/><G72/><T11/><D11/><U111/><E111/><V90/><REACH who="2" step="1"/><F4/><REACH who="2" ten="250,250,240,240" step="2"/><W64/><G64/><T30/><D66/><U57/><E67/><V21/><F21/><W94/><G94/><T83/><D93/><U8/><E71/><V75/><F75/><W59/><G59/><T79/><D69/><U108/><E74/><V28/><F28/><W91/><G91/><T51/><D30/><U124/><E108/><V117/><F117/><W135/><G135/><T95/><D95/><U97/><E23/><V76/><F76/><W58/><G58/><T126/><D133/><U10/><E57/><V119/><F119/><W127/><G127/><T45/><D126/><U20/><E20/><V105/><F105/><W47/><G47/><T130/><D132/><U115/><E124/><V50/><F50/><RYUUKYOKU ba="0,2" sc="250,-15,250,-15,240,15,240,15" hai2="24,25,26,46,49,54,81,90,92,99,100,101,102" hai3="0,2,3,16,22,53,56,60,62,65,68,84,85" /><INIT seed="1,1,2,4,2,46" ten="235,235,255,255" oya="1" hai0="20,68,116,76,70,129,61,25,131,127,13,43,39" hai1="7,98,16,18,63,85,80,78,21,47,19,30,6" hai2="5,9,118,4,88,94,93,104,84,82,92,89,132" hai3="17,38,37,126,120,83,15,90,91,36,115,58,35"/><U109/><E109/><V26/><F118/><W0/><G115/><T32/><D116/><U67/><E98/><V27/><F104/><W69/><G69/><T130/><D127/><U73/><E73/><V24/><F132/><W103/><G120/><T72/><D13/><U79/><E78/><V40/><F40/><W56/><G0/><T100/><D100/><U28/><E47/><V101/><F101/><W14/><G35/><T96/><D96/><U34/><E34/><V54/><F54/><W52/><G126/><T107/><D107/><U111/><E111/><V99/><REACH who="2" step="1"/><F4/><REACH who="2" ten="235,235,245,255" step="2"/><N who="1" m="1577" /><E21/><V41/><F41/><W95/><G103/><T31/><D43/><U97/><E97/><V86/><F86/><W8/><G36/><T119/><D39/><U125/><E125/><V44/><F44/><W71/><G37/><T128/><D119/><U50/><E50/><V117/><F117/><W75/><G38/><T48/><D48/><U42/><E42/><V11/><F11/><W57/><G8/><T29/><D128/><U74/><E74/><V3/><AGARI ba="1,3" hai="3,5,9,24,26,27,82,84,88,89,92,93,94,99" machi="3" ten="30,4000,0" yaku="1,1,0,1,54,1,53,0" doraHai="46" doraHaiUra="108" who="2" fromWho="2" sc="235,-11,235,-21,245,73,255,-11" /><INIT seed="2,0,0,0,3,121" ten="224,214,318,244" oya="2" hai0="114,95,123,91,106,115,83,126,109,46,133,81,104" hai1="54,13,127,62,98,107,14,25,90,71,34,51,36" hai2="17,63,50,69,49,122,20,9,74,23,131,24,48" hai3="117,16,44,42,88,27,87,5,70,102,78,41,132"/><V65/><F122/><W58/><G70/><T0/><D46/><U28/><E36/><V77/><F131/><W80/><G117/><T31/><D31/><U135/><E127/><V86/><F74/><W43/><G132/><T4/><D4/><U116/><E135/><V30/><F9/><W75/><G102/><T103/><D0/><U101/><E116/><V52/><F86/><W129/><G129/><T57/><D57/><U112/><E112/><N who="0" m="43049" /><D133/><U124/><E90/><V105/><F105/><N who="0" m="40554" /><D123/><U45/><REACH who="1" step="1"/><E124/><REACH who="1" ten="224,204,318,244" step="2"/><V60/><F77/><W130/><G130/><T100/><D126/><U93/><E93/><V7/><F48/><W15/><G78/><T79/><D79/><U29/><E29/><V59/><REACH who="2" step="1"/><F7/><REACH who="2" ten="224,204,308,244" step="2"/><W39/><G5/><T37/><D37/><U55/><E55/><V125/><F125/><W33/><G39/><T134/><D134/><U128/><E128/><V32/><F32/><W3/><G33/><T119/><D119/><U2/><E2/><V76/><F76/><W21/><G3/><T18/><D81/><U120/><E120/><V40/><F40/><W108/><G41/><T19/><D83/><U94/><E94/><V96/><F96/><W111/><G42/><T97/><D97/><U99/><E99/><V38/><F38/><W113/><G113/><T8/><D95/><U66/><AGARI ba="0,2" hai="13,14,25,28,34,45,51,54,62,66,71,98,101,107" machi="66" ten="30,8000,1" yaku="1,1,0,1,25,2,53,1" doraHai="121" doraHaiUra="64" who="1" fromWho="1" sc="224,-20,204,100,308,-40,244,-20" /><INIT seed="3,0,0,4,1,73" ten="204,304,268,224" oya="3" hai0="124,21,1,40,59,92,35,43,128,18,11,131,97" hai1="104,54,71,55,66,76,134,86,23,7,2,33,82" hai2="106,56,64,75,10,125,50,41,47,28,19,53,45" hai3="116,15,81,122,52,96,16,37,84,61,98,130,65"/><W123/><G116/><T46/><D35/><U132/><E33/><V133/><F106/><W20/><G37/><T29/><D29/><U113/><E113/><V118/><F118/><W58/><G130/><N who="0" m="49707" /><D59/><U95/><E104/><V129/><F129/><W121/><REACH who="3" step="1"/><G65/><REACH who="3" ten="204,304,268,214" step="2"/><T101/><D124/><U108/><E66/><V3/><F64/><W112/><G112/><T90/><D101/><U119/><E119/><V69/><F125/><W26/><G26/><N who="0" m="14647" /><D46/><U5/><E134/><V70/><F47/><W63/><G63/><T27/><D27/><U103/><E132/><V42/><F45/><W36/><G36/><T83/><D83/><U74/><E82/><V114/><F133/><W49/><G49/><T9/><D9/><U109/><E108/><V88/><F50/><W91/><AGARI ba="0,1" hai="15,16,20,52,58,61,81,84,91,96,98,121,122,123" machi="91" ten="30,12000,1" yaku="1,1,0,1,54,2,53,1" doraHai="73" doraHaiUra="17" who="3" fromWho="3" sc="204,-40,304,-40,268,-40,214,130" owari="164,-33.6,264,6.4,228,-17.2,344,44.4" /></mjloggm>