<mjloggm ver="2.3"><GO type="225" lobby="0"/><UN n0="%E9%B3%B3%E6%9D%B1%E3%81%AE%E3%81%86%E3%81%95%E3%81%8E%E3%81%95%E3%82%93" n1="%E9%80%9F%E6%B0%B4%E5%87%9B%E9%A6%99" n2="%E5%8D%A0%E3%81%84%E5%B8%AB%E8%A3%8F%E3%81%AA%E3%81%84%E3%81%97" n3="%E2%91%A3%E9%81%BF%E9%81%8A%E6%88%AF%E3%80%90%E6%9D%B1%E5%8D%97%E3%80%91" dan="16,16,17,16" rate="2155.76,2120.26,2138.94,2120.84" sx="M,F,M,M"/><TAIKYOKU oya="0"/><INIT seed="0,0,0,4,0,128" ten="250,250,250,250" oya="0" hai0="50,10,27,86,9,103,60,36,11,32,94,110,98" hai1="121,2,17,66,84,83,77,15,1,58,49,30,117" hai2="131,6,54,87,97,20,43,55,19,25,0,107,96" hai3="75,18,114,70,14,57,16,22,78,40,51,7,67"/><T4/><D36/><U61/><E121/><V85/><F131/><W31/><G114/><T74/><D74/><U132/><E117/><V68/><F68/><W47/><G70/><T109/><D60/><U90/><E30/><V8/><F43/><W21/><G31/><N who="0" m="19583" /><D50/><U65/><E65/><V69/><F69/><W105/><G105/><T72/><D86/><U104/><E104/><V39/><F39/><W99/><G99/><T45/><D45/><U95/><E49/><V115/><F115/><W44/><G44/><T112/><D72/><U124/><E124/><V37/><F37/><W53/><G67/><T52/><D52/><U80/><E80/><V41/><F41/><W92/><G92/><T63/><D63/><U122/><E122/><V130/><F130/><W26/><G7/><T48/><D48/><U129/><E129/><V71/><F71/><W113/><G113/><T123/><D112/><U106/><E106/><V59/><F55/><W126/><G126/><T23/><D23/><U29/><E61/><N who="2" m="36087" /><F107/><W24/><G40/><T64/><D123/><U118/><E66/><V3/><F3/><W91/><G75/><T35/><D35/><U73/><E1/><V62/><F62/><W120/><G120/><T28/><D64/><U102/><E73/><V56/><F56/><W13/><G57/><T93/><D93/><U34/><E95/><V42/><F42/><W12/><G78/><T89/><D94/><U82/><E58/><V127/><F127/><W100/><G100/><T119/><D103/><U133/><E102/><V101/><F101/><W88/><AGARI ba="0,0" hai="12,13,14,16,18,21,22,24,26,47,51,53,88,91" machi="88" ten="30,12000,2" yaku="5,1,0,1,9,1,8,1,54,2" doraHai="128" who="3" fromWho="3" sc="250,-60,250,-30,250,-30,250,120" /><INIT seed="1,0,0,0,5,106" ten="190,220,220,370" oya="1" hai0="42,24,101,76,71,89,124,133,16,123,102,21,72" hai1="131,99,95,74,55,32,80,113,30,120,110,14,126" hai2="92,125,118,83,40,128,116,27,130,52,57,88,50" hai3="96,48,93,59,60,103,122,134,19,119,51,90,97"/><U100/><E120/><V6/><F125/><W61/><G122/><T3/><D123/><U9/><E113/><V117/><F6/><W33/><G119/><T68/><D124/><U15/><E126/><V17/><F83/><W23/><G33/><T79/><D3/><U28/><E131/><N who="2" m="50219" /><F40/><W29/><G61/><T114/><D114/><U13/><E110/><V104/><F104/><W132/><G134/><T107/><D133/><U1/><E1/><V8/><F8/><W31/><G31/><T87/><D42/><U82/><E32/><V35/><F35/><W129/><G129/><T41/><D41/><U10/><E74/><V115/><F115/><W26/><G132/><T70/><D107/><U7/><E15/><V25/><F17/><W69/><G69/><T44/><D44/><U62/><E30/><V46/><F46/><W91/><G91/><T84/><D72/><U75/><E28/><V53/><F53/><N who="3" m="33903" /><G29/><T38/><D38/><U43/><E43/><V65/><F65/><W12/><G12/><T20/><D20/><U66/><E75/><V37/><F37/><W98/><G103/><T121/><D121/><U63/><E55/><V56/><F56/><W127/><G127/><T67/><D67/><U58/><E63/><V49/><F49/><AGARI ba="0,0" hai="19,23,26,48,49,51,90,93,96,97,98" m="33903" machi="49" ten="30,2000,0" yaku="25,1,8,1" doraHai="106" who="3" fromWho="2" sc="190,0,220,0,220,-20,370,20" /><INIT seed="2,0,0,3,1,133" ten="190,220,200,390" oya="2" hai0="109,45,50,23,84,66,132,5,77,46,78,134,69" hai1="13,16,94,32,96,75,83,135,61,108,97,4,99" hai2="31,59,118,93,62,38,26,35,107,10,81,54,106" hai3="55,104,15,122,82,72,34,129,103,47,7,9,130"/><V56/><F118/><W53/><G122/><T131/><D109/><U29/><E108/><V124/><F38/><W33/><G103/><T127/><D131/><N who="3" m="50185" /><G104/><T92/><D5/><U88/><E135/><N who="0" m="51753" /><D127/><U52/><E4/><V1/><F124/><W71/><G71/><T86/><D23/><U37/><E37/><V39/><F39/><W68/><G68/><T48/><D66/><U60/><E32/><N who="3" m="12394" /><G47/><N who="0" m="17931" /><D69/><U20/><E75/><V40/><F40/><W119/><G119/><T65/><D65/><U70/><E83/><V25/><F81/><W110/><G110/><T8/><D8/><U102/><E102/><V18/><F93/><W30/><G30/><T64/><D64/><U12/><E29/><V58/><F107/><W74/><G82/><N who="0" m="47183" /><D78/><U87/><E70/><V51/><F106/><W120/><G120/><T42/><D42/><U73/><E73/><AGARI ba="0,0" hai="7,9,15,53,55,72,73,74" m="12394,50185" machi="73" ten="40,1300,0" yaku="19,1" doraHai="133" who="3" fromWho="1" sc="190,0,220,-13,200,0,390,13" /><INIT seed="3,0,0,5,2,111" ten="190,207,200,403" oya="3" hai0="28,99,127,119,58,135,54,91,67,68,102,118,128" hai1="7,62,77,14,9,26,80,36,134,3,17,49,113" hai2="116,100,83,109,86,4,106,89,125,133,110,60,39" hai3="101,37,38,19,104,59,21,52,34,0,85,5,132"/><W117/><G117/><T107/><D128/><U24/><E36/><V42/><F116/><W124/><G34/><T44/><D135/><U53/><E113/><V40/><F125/><W78/><G124/><T1/><D127/><U31/><E134/><V57/><F39/><W74/><G74/><T25/><D1/><U18/><E62/><V115/><F115/><W32/><G32/><N who="0" m="20495" /><D44/><U76/><E3/><V20/><F4/><W6/><G0/><T73/><D73/><U75/><E77/><V13/><F133/><W2/><G38/><T108/><D108/><N who="2" m="41578" /><F100/><W84/><G37/><T45/><D45/><U96/><E96/><V79/><F106/><W112/><G112/><T55/><D91/><U130/><E130/><V47/><F47/><W93/><G104/><N who="0" m="63583" /><D54/><U35/><E26/><V51/><F89/><W29/><G29/><T66/><D67/><U94/><E94/><V95/><F95/><W97/><G2/><T98/><D98/><U126/><E126/><V90/><F90/><W16/><G19/><T22/><D107/><U41/><E41/><V122/><F122/><W12/><G132/><T120/><D120/><U43/><E43/><V33/><F33/><W50/><G78/><T48/><D22/><U61/><E61/><AGARI ba="0,0" hai="48,55,58,61,66,68,118,119" m="63583,20495" machi="61" ten="30,1000,0" yaku="25,1" doraHai="111" who="0" fromWho="1" sc="190,10,207,-10,200,0,403,0" owari="200,0.0,197,-30.3,200,-20.0,403,50.3" /></mjloggm>