<mjloggm ver="2.3"><GO type="225" lobby="0"/><UN n0="%E6%A1%9C%E8%8A%B1%E9%96%83%E3%80%85" n1="%E3%81%A8%E3%82%89%E3%81%84%E3%81%A1" n2="%E3%82%A2%E3%83%A1%E3%82%A2%E3%83%A9%E3%83%AC" n3="%E3%81%8D%E3%82%83%E3%83%BC%E3%82%8D%E3%82%93" dan="16,16,16,16" rate="2187.49,2133.96,2163.66,2136.94" sx="M,M,M,M"/><TAIKYOKU oya="0"/><INIT seed="0,0,0,0,3,67" ten="250,250,250,250" oya="0" hai0="88,66,63,129,18,116,82,35,103,21,111,104,39" hai1="95,26,34,96,38,134,128,73,85,65,29,7,113" hai2="118,3,20,108,112,9,121,124,19,97,58,69,8" hai3="64,5,79,30,107,40,99,47,56,114,90,52,101"/><T14/><D116/><U89/><E73/><V76/><F112/><W51/><G114/><T81/><D129/><U12/><E113/><V55/><F121/><W17/><G30/><T70/><D39/><U94/><E38/><V49/><F108/><W24/><G5/><T62/><D111/><U106/><E128/><V109/><F109/><W83/><G90/><T92/><D35/><U80/><E134/><V68/><F124/><W86/><G64/><T78/><D63/><U1/><E1/><V54/><F118/><W11/><G11/><T41/><D41/><U130/><E130/><V135/><F135/><W57/><REACH who="3" step="1"/><G40/><REACH who="3" ten="250,250,250,240" step="2"/><T37/><D78/><U42/><E42/><V36/><F9/><W77/><G77/><T46/><D37/><U45/><E65/><V33/><F76/><W125/><G125/><T27/><D103/><U93/><E7/><V44/><F8/><W115/><G115/><T120/><D120/><U23/><E29/><V15/><F36/><W131/><G131/><T32/><D88/><U133/><E89/><V31/><F3/><W13/><G13/><T100/><D14/><U110/><E12/><V127/><F127/><W50/><G50/><T43/><D100/><U74/><E110/><V25/><F97/><W75/><G75/><T22/><D43/><U61/><E74/><V71/><REACH who="2" step="1"/><F54/><REACH who="2" ten="250,250,240,240" step="2"/><W6/><G6/><T91/><D66/><U87/><E96/><V102/><F102/><W119/><G119/><T117/><D117/><U0/><E133/><V122/><F122/><W10/><G10/><T98/><D98/><U4/><E0/><RYUUKYOKU ba="0,2" sc="250,-15,250,-15,240,15,240,15" hai2="15,19,20,25,31,33,44,49,55,58,68,69,71" hai3="17,24,47,51,52,56,57,79,83,86,99,101,107" /><INIT seed="1,1,2,3,2,111" ten="235,235,255,255" oya="1" hai0="29,39,116,126,105,135,97,87,19,119,84,26,30" hai1="68,25,75,72,54,93,3,91,55,99,115,107,58" hai2="20,82,61,117,45,32,23,114,123,11,7,130,127" hai3="89,95,73,48,1,22,31,101,98,71,42,43,0"/><U13/><E3/><V65/><F117/><N who="0" m="45130" /><D39/><U88/><E68/><V2/><F123/><W76/><G71/><T38/><D38/><U129/><E129/><V83/><F130/><W81/><G1/><T133/><D19/><U53/><E115/><V50/><F32/><W37/><G0/><T46/><D46/><U128/><E128/><V51/><F127/><W63/><G37/><T21/><D30/><U108/><E108/><V92/><F114/><W27/><G63/><T118/><N who="0" m="45138" /><T94/><DORA hai="41" /><D105/><U35/><E58/><V110/><F110/><W69/><G69/><T86/><D97/><U8/><E107/><V62/><F92/><W57/><G57/><T9/><D9/><U109/><E109/><V125/><F125/><W77/><G77/><T120/><D126/><U74/><E25/><V100/><F11/><W47/><REACH who="3" step="1"/><G43/><REACH who="3" ten="235,235,255,245" step="2"/><T134/><D120/><U44/><E44/><V122/><F45/><W96/><G96/><T17/><D29/><U24/><E99/><V78/><F62/><W52/><G52/><T15/><D94/><U90/><E93/><V40/><F61/><W33/><G33/><T106/><D106/><U85/><E35/><V80/><F2/><W79/><G79/><T121/><D121/><U102/><E54/><V70/><F78/><W124/><G124/><T6/><D87/><U112/><E85/><V59/><F122/><W10/><G10/><N who="0" m="4567" /><D84/><U18/><E53/><V28/><F40/><W12/><G12/><T66/><D86/><U56/><E55/><V5/><F28/><W132/><G132/><N who="0" m="33795" /><T67/><AGARI ba="1,3" hai="17,21,26,66,67" m="33795,4567,45138" machi="67" ten="60,4000,0" yaku="4,1,20,1" doraHai="111,41" who="0" fromWho="0" sc="235,73,235,-21,255,-11,245,-11" /><INIT seed="2,0,0,2,1,21" ten="308,214,244,234" oya="2" hai0="32,111,33,13,86,42,131,14,91,67,39,2,127" hai1="58,62,109,92,121,57,96,54,41,133,52,12,75" hai2="46,23,37,53,65,72,105,130,118,34,99,81,134" hai3="129,110,79,116,77,26,73,69,64,135,19,55,4"/><V126/><F118/><W88/><G116/><T43/><D2/><U25/><E75/><V115/><F115/><W132/><G110/><T18/><D111/><U123/><E109/><V107/><F34/><W119/><G119/><T125/><D67/><U9/><E133/><N who="3" m="51274" /><G4/><T124/><D131/><U84/><E84/><V117/><F126/><W36/><G36/><T98/><D98/><U28/><E41/><N who="0" m="15369" /><D39/><U87/><E87/><V17/><F37/><W51/><G73/><T5/><D5/><N who="1" m="3119" /><E92/><V106/><F130/><W11/><G129/><T10/><D13/><U15/><E15/><V94/><F65/><W20/><G11/><T90/><D90/><U114/><E96/><V120/><F117/><W40/><G40/><T76/><D76/><U68/><E68/><V82/><F134/><W8/><G8/><T95/><AGARI ba="0,0" hai="10,14,18,32,33,86,91,95,124,125,127" m="15369" machi="95" ten="40,1500,0" yaku="18,1" doraHai="21" who="0" fromWho="0" sc="308,15,214,-4,244,-7,234,-4" /><INIT seed="3,0,0,2,0,16" ten="323,210,237,230" oya="3" hai0="55,8,41,92,95,102,120,30,90,47,17,110,64" hai1="62,58,116,44,52,89,61,0,50,71,20,45,128" hai2="29,5,4,72,73,18,12,53,60,124,100,14,68" hai3="135,38,84,79,69,115,88,6,7,34,82,104,94"/><W23/><G115/><T74/><D120/><U125/><E0/><V2/><F29/><W122/><G122/><T19/><D74/><U40/><E128/><V123/><F100/><W101/><G69/><T46/><D110/><U86/><E125/><V121/><F68/><W57/><G38/><T130/><D64/><U93/><E116/><V11/><F2/><W75/><G34/><T35/><D130/><U77/><E71/><V70/><F70/><W117/><G117/><T10/><D95/><U109/><E109/><V118/><F118/><W127/><G127/><T51/><D102/><U126/><E126/><V63/><F18/><W1/><G1/><T43/><D19/><U81/><E20/><V80/><F124/><W105/><G135/><T112/><D17/><U15/><E15/><V42/><F42/><W25/><G105/><T48/><D55/><U103/><E103/><V97/><F53/><W39/><G39/><T3/><D112/><U28/><E28/><V22/><F121/><W67/><G104/><T108/><D108/><U49/><E45/><V107/><F107/><W133/><G133/><T32/><D30/><U129/><E129/><V99/><F123/><W119/><G119/><T114/><D114/><U24/><E24/><V37/><F37/><W13/><G101/><T96/><D10/><U113/><E113/><V85/><F11/><W27/><G13/><T76/><D76/><U59/><E59/><V66/><F14/><W36/><G36/><T54/><D43/><U9/><E9/><V33/><F12/><W26/><G23/><T87/><D96/><AGARI ba="0,0" hai="40,44,49,50,52,58,61,62,77,81,86,89,93,96" machi="96" ten="30,7700,0" yaku="6,1,7,1,8,1,54,1" doraHai="16" who="1" fromWho="0" sc="323,-77,210,77,237,0,230,0" /><INIT seed="4,0,0,2,5,134" ten="246,287,237,230" oya="0" hai0="19,2,82,117,113,47,16,8,89,97,60,14,96" hai1="123,51,99,107,53,83,128,87,20,119,76,27,67" hai2="0,43,68,21,65,94,108,102,61,103,100,22,129" hai3="49,24,45,59,6,132,54,127,42,48,133,55,64"/><T101/><D117/><U88/><E119/><V135/><F108/><W122/><G6/><T72/><D113/><U121/><E128/><V75/><F135/><N who="3" m="51787" /><G24/><T7/><D60/><U34/><E67/><V44/><F0/><W31/><G31/><T46/><D19/><U95/><E34/><V80/><F129/><W114/><G114/><T110/><D110/><U50/><E107/><V69/><F69/><W77/><G77/><T13/><D2/><U35/><E35/><V93/><F75/><W105/><G105/><T98/><D101/><U52/><E51/><V115/><F115/><W37/><G122/><T71/><D71/><U130/><E53/><N who="3" m="19978" /><G127/><T109/><D109/><U39/><E39/><V23/><REACH who="2" step="1"/><F80/><REACH who="2" ten="246,287,227,230" step="2"/><W11/><G11/><N who="0" m="6239" /><D72/><U41/><E130/><V33/><F33/><W12/><G12/><T106/><D106/><U17/><E121/><V62/><F62/><AGARI ba="0,1" hai="37,42,45,48,49,59,62,64" m="19978,51787" machi="62" ten="30,3900,0" yaku="20,1,34,2" doraHai="134" who="3" fromWho="2" sc="246,0,287,0,227,-39,230,49" /><INIT seed="5,0,0,1,2,45" ten="246,287,188,279" oya="1" hai0="76,30,132,80,135,69,31,118,37,106,102,3,47" hai1="42,110,8,123,75,128,17,121,97,83,130,98,77" hai2="111,50,63,84,129,101,60,108,11,34,70,7,81" hai3="109,78,15,113,22,21,124,44,115,131,85,59,25"/><U26/><E110/><V91/><F129/><N who="1" m="49769" /><E42/><V46/><F34/><W68/><G131/><T122/><D118/><U32/><E8/><V56/><F70/><W107/><G107/><T1/><D69/><U24/><E17/><V90/><F101/><W61/><G68/><T134/><D122/><N who="1" m="46603" /><E26/><V96/><F96/><W95/><G109/><T116/><D116/><U6/><E6/><V79/><F108/><W88/><G78/><T100/><D31/><AGARI ba="0,0" hai="24,31,32,75,77,83,97,98" m="46603,49769" machi="31" ten="30,1500,0" yaku="19,1" doraHai="45" who="1" fromWho="0" sc="246,-15,287,15,188,0,279,0" owari="231,-16.9,302,40.2,188,-31.2,279,7.9" /></mjloggm>