<mjloggm ver="2.3"><GO type="225" lobby="0"/><UN n0="%4C%4F%4C%49%54%41" n1="%6D%75%75%6D%75%72%61" n2="%67%61%79%75%6E%79" n3="%E9%B3%B3%E6%9D%B1%E3%81%AE%E3%81%86%E3%81%95%E3%81%8E%E3%81%95%E3%82%93" dan="16,16,16,16" rate="2200.44,2177.01,2133.54,2255.13" sx="F,F,M,M"/><TAIKYOKU oya="0"/><INIT seed="0,0,0,5,0,0" ten="250,250,250,250" oya="0" hai0="20,70,40,113,83,8,25,10,60,77,34,133,117" hai1="120,61,80,96,91,12,68,46,115,27,79,110,84" hai2="54,24,42,2,26,18,104,1,22,135,23,106,92" hai3="58,36,64,82,119,19,102,44,103,65,85,97,105"/><T47/><D113/><U89/><E120/><V59/><F135/><W5/><G119/><T55/><D117/><U124/><E115/><V134/><F42/><W56/><G102/><T109/><D34/><U51/><E110/><V3/><F134/><W39/><G19/><T107/><D107/><U125/><E27/><V53/><F92/><W52/><G5/><T11/><D133/><U81/><E12/><V74/><F74/><W43/><G36/><T16/><D109/><U121/><E121/><V132/><F132/><W78/><REACH who="3" step="1"/><G58/><REACH who="3" ten="250,250,250,240" step="2"/><T62/><D70/><U95/><E68/><V41/><F59/><W88/><G88/><T130/><D130/><U31/><E31/><V32/><F18/><W4/><G4/><T118/><D118/><U76/><E91/><V49/><F3/><W14/><G14/><T45/><D45/><U112/><E112/><V38/><F38/><W100/><G100/><T94/><D47/><U90/><E89/><V75/><F2/><W93/><G93/><T98/><D94/><U50/><E46/><V122/><F1/><W87/><G87/><T57/><D16/><U21/><E95/><V29/><F106/><W131/><G131/><T17/><D17/><U73/><E90/><V69/><F104/><W30/><G30/><T13/><D13/><U86/><E73/><V48/><F69/><W35/><G35/><T6/><D6/><U67/><E96/><V71/><F71/><W127/><G127/><T108/><D98/><U66/><E61/><AGARI ba="0,1" hai="39,43,44,52,56,61,64,65,78,82,85,97,103,105" machi="61" ten="30,3900,0" yaku="1,1,7,1,54,1,53,0" doraHai="0" doraHaiUra="116" who="3" fromWho="1" sc="250,0,250,-39,250,0,240,49" /><INIT seed="1,0,0,2,1,77" ten="250,211,250,289" oya="1" hai0="111,130,2,14,69,41,56,33,72,95,54,10,47" hai1="34,42,50,73,127,86,71,107,58,24,30,38,101" hai2="70,49,27,7,90,122,75,80,117,128,18,17,83" hai3="110,105,26,36,15,65,0,129,64,96,60,125,11"/><U45/><E73/><V3/><F122/><W20/><G36/><T43/><D69/><U37/><E127/><V84/><F70/><W66/><G125/><T28/><D2/><U123/><E123/><V19/><F117/><W59/><G0/><T5/><D72/><U85/><E71/><V55/><F128/><W99/><G110/><T35/><D111/><U114/><E114/><V109/><F109/><W81/><G129/><T68/><D68/><U48/><E37/><V87/><F75/><W40/><G40/><T53/><D28/><U93/><E107/><V31/><F7/><N who="3" m="3583" /><G105/><T51/><D130/><U94/><E58/><N who="2" m="33135" /><F3/><W103/><G81/><N who="2" m="31305" /><F90/><W92/><G99/><T21/><D35/><U112/><E112/><V115/><F115/><W126/><G126/><T98/><D33/><U67/><E67/><V29/><F27/><W39/><G39/><T76/><D76/><U82/><E101/><V6/><F6/><W135/><G135/><T12/><D5/><U113/><E113/><V1/><F1/><W102/><G103/><T22/><D14/><U4/><E4/><V63/><F63/><W89/><G89/><T131/><D12/><U118/><E118/><V16/><N who="2" m="4096" /><DORA hai="57" /><V132/><F132/><W124/><G124/><T91/><D131/><U23/><E34/><V46/><F46/><W120/><G120/><T61/><D10/><U44/><E44/><V133/><F133/><W100/><G100/><T62/><D61/><U104/><E104/><V8/><F8/><W78/><G78/><T106/><D106/><U108/><E108/><V97/><F97/><RYUUKYOKU ba="0,0" sc="250,10,211,-30,250,10,289,10" hai0="21,22,41,43,47,51,53,54,56,62,91,95,98" hai2="29,31,84,87" hai3="20,26,59,60,64,65,66,92,96,102" /><INIT seed="2,1,0,0,3,4" ten="260,181,260,299" oya="2" hai0="131,72,14,71,60,88,132,52,80,117,23,5,57" hai1="47,91,18,85,135,123,64,8,51,90,106,114,39" hai2="125,105,20,133,16,26,61,126,78,35,31,87,40" hai3="108,17,103,2,12,104,53,56,62,7,115,113,63"/><V29/><F105/><W46/><G108/><T83/><D71/><U10/><E114/><N who="3" m="43530" /><G2/><T127/><D72/><U66/><E39/><V11/><F133/><W134/><G134/><T119/><D132/><U79/><E106/><V122/><F122/><W1/><G1/><T96/><D131/><U55/><E123/><V15/><F40/><W41/><G7/><T81/><D127/><N who="2" m="48650" /><F61/><N who="3" m="35983" /><G103/><T84/><D96/><U74/><E74/><V120/><F120/><W107/><G63/><T102/><D102/><U32/><E32/><V59/><F59/><W130/><G62/><T98/><D98/><U58/><E135/><V45/><F45/><W76/><G76/><T19/><REACH who="0" step="1"/><D5/><REACH who="0" ten="250,181,260,299" step="2"/><U69/><E69/><V118/><F118/><AGARI ba="1,1" hai="14,19,23,52,57,60,80,81,83,84,88,117,118,119" machi="118" ten="40,12000,2" yaku="1,1,2,1,12,1,54,2,53,1" doraHai="4" doraHaiUra="49" who="0" fromWho="2" sc="250,133,181,0,260,-123,299,0" /><INIT seed="3,0,0,0,1,107" ten="383,181,137,299" oya="3" hai0="61,99,25,106,134,57,110,101,33,66,103,117,78" hai1="60,89,54,40,48,42,128,58,84,69,29,47,31" hai2="114,34,19,32,118,56,53,49,109,5,72,64,130" hai3="44,94,131,119,37,10,45,124,98,74,0,132,93"/><W26/><G119/><T67/><D117/><U87/><E128/><V68/><F118/><W16/><G131/><T122/><D122/><U70/><E70/><V104/><F130/><W1/><G132/><T126/><D103/><U12/><E69/><V102/><F114/><W18/><G124/><T51/><D134/><U112/><E112/><V105/><F109/><W108/><G108/><T13/><D110/><U50/><E12/><V123/><F123/><W28/><G74/><T38/><D38/><U55/><E40/><V121/><F121/><W11/><G37/><T86/><D126/><U65/><E65/><V41/><F5/><W46/><G28/><N who="1" m="10826" /><E89/><V23/><F41/><W129/><G129/><T2/><D86/><U113/><E113/><V59/><F68/><W83/><G83/><T30/><D51/><U71/><E71/><V6/><F6/><W62/><G62/><T39/><D57/><AGARI ba="0,0" hai="42,47,48,50,54,55,57,58,60,84,87" m="10826" machi="57" ten="30,1000,0" yaku="8,1" doraHai="107" who="1" fromWho="0" sc="383,-10,181,10,137,0,299,0" owari="373,47.3,191,-20.9,137,-36.3,299,9.9" /></mjloggm>