<mjloggm ver="2.3"><GO type="225" lobby="0"/><UN n0="%6D%75%75%6D%75%72%61" n1="%E6%B8%A9%E2%98%85%E6%83%85%E2%98%85%E6%8E%AA%E2%98%85%E7%BD%AE" n2="%E5%B7%9D%E7%80%AC%E6%99%BA%E5%AD%90" n3="%28%EF%BF%A3%E2%96%BD%EF%BF%A3%29%CE%B4%E2%8C%92%E3%83%BB" dan="17,16,16,16" rate="2148.95,2170.69,2102.60,2145.98" sx="F,M,M,M"/><TAIKYOKU oya="0"/><INIT seed="0,0,0,3,0,43" ten="250,250,250,250" oya="0" hai0="3,66,118,69,74,128,91,100,27,46,53,59,135" hai1="1,126,11,5,77,10,33,29,26,12,42,94,108" hai2="2,99,6,25,109,111,105,38,110,31,102,106,95" hai3="40,36,15,57,4,107,113,60,47,117,44,115,103"/><T134/><D118/><U54/><E108/><V75/><F75/><W89/><G103/><T9/><D74/><U22/><E126/><V125/><F38/><W20/><G107/><T121/><D121/><U132/><E132/><V30/><F125/><W28/><G89/><T16/><D128/><U116/><E116/><V39/><F39/><N who="3" m="21535" /><G20/><N who="0" m="13703" /><D100/><U82/><E42/><V130/><F130/><W70/><G15/><T78/><D78/><U45/><E94/><V112/><F112/><N who="3" m="43083" /><G28/><N who="2" m="10793" /><F25/><W34/><G4/><T68/><D91/><U62/><E62/><V93/><F93/><W131/><G34/><T96/><D96/><U90/><E90/><V58/><F58/><W88/><G88/><T122/><D9/><AGARI ba="0,0" hai="2,6,9,95,99,102,105,106,109,110,111" m="10793" machi="9" ten="40,1300,0" yaku="14,1" doraHai="43" who="2" fromWho="0" sc="250,-13,250,0,250,13,250,0" /><INIT seed="1,0,0,0,5,10" ten="237,250,263,250" oya="1" hai0="8,98,52,24,74,6,110,135,103,102,39,55,69" hai1="108,33,37,112,58,20,26,86,47,23,30,95,99" hai2="118,59,48,41,115,93,7,128,3,130,126,127,15" hai3="121,82,106,80,123,19,79,68,109,22,67,125,84"/><U92/><E112/><V54/><F3/><W81/><G106/><T32/><D110/><U113/><E113/><V25/><F115/><W53/><G109/><T104/><D135/><U44/><E108/><V101/><F118/><W27/><G125/><N who="2" m="47625" /><F41/><W131/><G131/><N who="2" m="50217" /><F25/><W107/><G107/><T18/><D74/><U43/><E47/><V49/><F49/><W116/><G116/><T129/><D129/><U78/><E58/><V4/><F15/><W70/><G53/><T111/><D111/><U28/><E28/><V100/><F93/><W105/><G105/><T40/><D69/><U50/><E50/><V29/><F29/><W132/><G70/><T124/><D124/><U2/><E2/><V1/><F1/><W90/><G68/><T61/><D61/><U65/><E95/><V87/><F87/><W63/><G84/><T94/><D104/><U21/><E33/><V34/><F34/><W83/><G83/><T134/><D39/><U73/><E86/><V11/><F11/><W38/><G82/><T60/><D60/><U16/><E30/><V51/><F51/><W122/><G81/><T85/><D85/><U14/><E26/><V89/><F89/><W71/><G90/><N who="0" m="55639" /><D32/><U0/><E0/><V133/><F133/><W75/><REACH who="3" step="1"/><G38/><REACH who="3" ten="237,250,263,240" step="2"/><T57/><D134/><AGARI ba="0,1" hai="19,22,27,63,67,71,75,79,80,121,122,123,132,134" machi="134" ten="50,3200,0" yaku="1,1,2,1,53,0" doraHai="10" doraHaiUra="42" who="3" fromWho="0" sc="237,-32,250,0,263,0,240,42" /><INIT seed="2,0,0,1,3,87" ten="205,250,263,282" oya="2" hai0="41,131,1,66,35,110,59,111,114,31,37,47,27" hai1="82,62,40,15,118,52,0,125,86,65,128,61,99" hai2="69,80,104,58,97,68,78,19,96,23,60,94,26" hai3="49,67,84,77,21,134,50,105,100,71,74,54,70"/><V11/><F104/><W130/><G74/><T79/><D114/><U106/><E118/><V57/><F11/><W38/><G38/><T76/><D131/><U44/><E0/><V129/><F129/><W132/><G130/><T17/><D1/><U9/><E128/><V39/><F39/><W8/><G67/><T135/><D135/><U72/><E72/><V14/><F14/><W89/><G77/><T63/><REACH who="0" step="1"/><D17/><REACH who="0" ten="195,250,263,282" step="2"/><U10/><E125/><V18/><F18/><W116/><G132/><T51/><D51/><U48/><E48/><V93/><F68/><W2/><G50/><T81/><D81/><U107/><E82/><V115/><F115/><W13/><G2/><T90/><D90/><U95/><E10/><V33/><F69/><W30/><G71/><T24/><D24/><U120/><E9/><V4/><F4/><W133/><G70/><T122/><D122/><U53/><E120/><V29/><F19/><W113/><G134/><T64/><D64/><U126/><E65/><V109/><F80/><W127/><G133/><T98/><D98/><U16/><E99/><V75/><F96/><W22/><G113/><T55/><D55/><U119/><E126/><V124/><F97/><W103/><G54/><N who="1" m="21098" /><E119/><V91/><F124/><W112/><G127/><T43/><D43/><U85/><E107/><V28/><F26/><W5/><G105/><T45/><D45/><U25/><E106/><V6/><F6/><W46/><G116/><T83/><D83/><U92/><E25/><V117/><F117/><W121/><G121/><T7/><D7/><U102/><E16/><RYUUKYOKU ba="0,1" sc="195,30,250,-10,263,-10,282,-10" hai0="27,31,35,37,41,47,59,63,66,76,79,110,111" /><INIT seed="3,1,1,3,5,68" ten="225,240,253,272" oya="3" hai0="35,8,77,65,78,80,54,7,101,110,5,38,59" hai1="88,113,30,43,119,2,74,83,131,99,3,121,25" hai2="115,104,49,70,41,126,95,128,20,69,81,23,123" hai3="67,89,103,71,26,52,12,60,120,39,33,18,107"/><W109/><G120/><T96/><D110/><U84/><E113/><V105/><F115/><W24/><G39/><T34/><D65/><U112/><E112/><V32/><F123/><W44/><G109/><T50/><D38/><U133/><E121/><V42/><F81/><W111/><G111/><T40/><D40/><U27/><E74/><V17/><F32/><W86/><G33/><T134/><D134/><U29/><E133/><V66/><F95/><W73/><G73/><T28/><D28/><U79/><E131/><V93/><F93/><W61/><G103/><T0/><D7/><U114/><E114/><V85/><F85/><W108/><G107/><T76/><REACH who="0" step="1"/><D80/><REACH who="0" ten="215,240,253,272" step="2"/><U47/><E30/><V91/><F66/><W72/><G108/><T124/><D124/><U98/><E29/><V127/><F42/><W14/><G67/><T92/><AGARI ba="1,2" hai="0,5,8,34,35,50,54,59,76,77,78,92,96,101" machi="92" ten="30,2000,0" yaku="1,1,0,1,53,0" doraHai="68" doraHaiUra="100" who="0" fromWho="0" sc="215,43,240,-6,253,-6,272,-11" /><INIT seed="4,0,0,4,3,107" ten="258,234,247,261" oya="0" hai0="91,32,1,105,121,115,96,135,83,81,42,33,119" hai1="37,4,51,27,45,23,85,21,18,66,52,35,124" hai2="44,31,29,3,122,11,25,28,0,30,89,19,72" hai3="117,24,10,102,5,22,126,129,64,99,59,58,61"/><T90/><D115/><U92/><E124/><V75/><F122/><W111/><G126/><T116/><D121/><U69/><E4/><V38/><F89/><W97/><G129/><T60/><D1/><U113/><E113/><V112/><F112/><W108/><G117/><T46/><D135/><U41/><E35/><V43/><F19/><W8/><G59/><T2/><D2/><U12/><E85/><V13/><F0/><W134/><G99/><T133/><D133/><U55/><E92/><V114/><F114/><W14/><G10/><T20/><D105/><U65/><E69/><V84/><F84/><W86/><G86/><T125/><D125/><U82/><E82/><V9/><F9/><W16/><REACH who="3" step="1"/><G134/><REACH who="3" ten="258,234,247,251" step="2"/><T132/><D132/><U71/><E71/><V48/><F11/><W130/><G130/><T100/><D96/><U68/><E68/><V63/><F72/><W70/><G70/><T57/><D57/><U104/><E104/><AGARI ba="0,1" hai="5,8,14,16,22,24,58,61,64,97,102,104,108,111" machi="104" ten="30,3900,0" yaku="1,1,7,1,54,1,53,0" doraHai="107" doraHaiUra="127" who="3" fromWho="1" sc="258,0,234,-39,247,0,251,49" owari="258,5.8,195,-30.5,247,-15.3,300,40.0" /></mjloggm>