<mjloggm ver="2.3"><GO type="225" lobby="0"/><UN n0="%43%68%65" n1="%E3%81%AF%E3%82%88%E3%81%8A%E3%81%98%E3%81%95%E3%82%93" n2="%4D%50%43%32%38%30%30" n3="%73%6C%69%63%6B%33%31%39" dan="16,16,16,17" rate="2072.35,2161.22,2077.42,2187.15" sx="M,M,M,M"/><TAIKYOKU oya="0"/><INIT seed="0,0,0,0,4,50" ten="250,250,250,250" oya="0" hai0="33,52,111,98,135,47,76,31,116,87,62,51,49" hai1="106,88,70,117,78,68,45,102,122,100,74,35,101" hai2="125,32,7,112,24,59,109,79,92,123,17,41,4" hai3="105,130,53,3,119,26,75,28,37,61,85,46,103"/><T19/><D116/><U29/><E117/><V18/><F123/><W0/><G75/><T1/><D135/><U22/><E122/><V21/><F112/><W113/><G113/><T9/><D111/><U95/><E35/><V63/><F109/><W73/><G73/><T38/><D38/><U69/><E106/><V91/><F32/><W127/><G119/><T90/><D33/><U57/><E45/><V110/><F110/><W36/><G36/><T6/><D31/><U5/><E5/><N who="2" m="2123" /><F79/><W11/><G11/><T77/><D98/><U60/><E78/><V48/><F125/><W121/><G121/><T99/><D99/><U80/><E80/><V44/><F21/><W83/><G103/><T94/><D62/><U84/><E74/><V34/><F24/><W16/><G105/><T27/><REACH who="0" step="1"/><D51/><REACH who="0" ten="240,250,250,250" step="2"/><U120/><E120/><V81/><F34/><W54/><G61/><T108/><D108/><U42/><E29/><V56/><F63/><W128/><G37/><T107/><D107/><U15/><E69/><V66/><F48/><W13/><G28/><T126/><D126/><U129/><E70/><V67/><F41/><W64/><G127/><T97/><D97/><U58/><E42/><V71/><F71/><W8/><G128/><T118/><D118/><U131/><E68/><V55/><F67/><W86/><G64/><T104/><D104/><U114/><E114/><V14/><F66/><W115/><G130/><N who="1" m="49674" /><E60/><V12/><F18/><AGARI ba="0,1" hai="15,18,22,57,58,84,88,95,100,101,102" m="49674" machi="18" ten="30,2000,0" yaku="19,1,54,1" doraHai="50" who="1" fromWho="2" sc="240,0,250,30,250,-20,250,0" /><INIT seed="1,0,0,3,1,78" ten="240,280,230,250" oya="1" hai0="53,14,64,93,0,124,21,106,18,27,130,48,115" hai1="108,94,15,52,86,127,125,63,23,44,5,72,42" hai2="26,50,75,87,58,62,24,16,100,92,85,134,88" hai3="98,99,123,47,3,32,73,90,133,43,38,37,36"/><U57/><E72/><V80/><F75/><W131/><G123/><T69/><D106/><U46/><E108/><V11/><F134/><W12/><G3/><T107/><D107/><U59/><E59/><V66/><F50/><W1/><G1/><T20/><D115/><U41/><E44/><V102/><F26/><W65/><G32/><T39/><D0/><U35/><E35/><V55/><F66/><W120/><G120/><T8/><D39/><U97/><E86/><V25/><F25/><W77/><G133/><T29/><D124/><N who="1" m="47691" /><E46/><V33/><F33/><W17/><G65/><T113/><D113/><U84/><E84/><V67/><F67/><W68/><G68/><T74/><D74/><U132/><E132/><V135/><F135/><W45/><G131/><T96/><D130/><U112/><E112/><V118/><F118/><W95/><G98/><T122/><D122/><U117/><E117/><V89/><REACH who="2" step="1"/><F11/><REACH who="2" ten="240,280,220,250" step="2"/><W61/><G61/><T56/><D64/><U34/><E34/><V110/><F110/><W28/><G38/><T101/><D69/><U10/><E23/><AGARI ba="0,1" hai="16,23,24,55,58,62,80,85,87,88,89,92,100,102" machi="23" ten="40,12000,2" yaku="1,1,8,1,52,1,54,2,53,1" doraHai="78" doraHaiUra="51" who="2" fromWho="1" sc="240,0,280,-120,220,130,250,0" /><AGARI ba="0,0" hai="8,14,18,20,21,23,27,29,48,53,56,93,96,101" machi="23" ten="30,2000,0" yaku="7,1,8,1" doraHai="78" who="0" fromWho="1" sc="240,20,160,-20,350,0,250,0" /><INIT seed="2,0,0,2,4,125" ten="260,140,350,250" oya="2" hai0="49,86,29,100,89,13,63,133,122,97,110,92,93" hai1="66,127,6,81,14,106,34,67,71,33,112,126,52" hai2="94,9,129,10,50,65,25,95,37,38,43,118,113" hai3="36,116,47,120,55,103,0,20,44,85,7,74,26"/><V24/><F65/><W21/><G120/><T31/><D122/><U57/><E112/><V130/><F50/><W105/><G74/><T84/><D110/><U48/><E106/><V115/><REACH who="2" step="1"/><F43/><REACH who="2" ten="260,140,340,250" step="2"/><W28/><G55/><T15/><D49/><U4/><E67/><V30/><F30/><W54/><G54/><T19/><D63/><U62/><E126/><V134/><F134/><W56/><G28/><T104/><D133/><U88/><E127/><V128/><F128/><W107/><G44/><T114/><D114/><U22/><E34/><V124/><F124/><W23/><G47/><T5/><D31/><U78/><E33/><V46/><F46/><W40/><G40/><T70/><D29/><U61/><E62/><V123/><F123/><W109/><G56/><T41/><D41/><U75/><E22/><V72/><F72/><W2/><G21/><T32/><D32/><U69/><E71/><V121/><F121/><W82/><G20/><T119/><D70/><U1/><E1/><V11/><F11/><W90/><G0/><T60/><D60/><U64/><E66/><V58/><F58/><W77/><G2/><T131/><D131/><U16/><E69/><V87/><F87/><W12/><G85/><T135/><D135/><U108/><E108/><V8/><F8/><W27/><G23/><N who="0" m="11759" /><D86/><N who="1" m="50255" /><E75/><V42/><F42/><W98/><G109/><T45/><D45/><N who="1" m="27663" /><E78/><V91/><F91/><W111/><G90/><T117/><D89/><U101/><E101/><V80/><F80/><W18/><G111/><T83/><D83/><U73/><E73/><V53/><F53/><RYUUKYOKU ba="0,1" sc="260,-15,140,15,340,15,250,-15" hai1="4,6,14,16,57,61,64" hai2="9,10,24,25,37,38,94,95,113,115,118,129,130" /><INIT seed="2,1,1,3,0,47" ten="245,155,355,235" oya="2" hai0="128,79,105,75,83,91,23,69,66,104,130,125,80" hai1="13,115,0,67,84,82,122,4,63,94,85,107,5" hai2="109,97,86,65,39,52,111,132,48,77,61,3,78" hai3="103,133,92,100,117,38,96,89,129,1,41,108,2"/><V42/><F3/><W58/><G117/><T46/><D69/><U21/><E115/><V59/><F132/><W19/><G133/><T64/><D125/><U7/><E107/><V55/><F97/><W127/><G127/><T90/><D46/><U35/><E35/><V24/><F39/><W25/><G38/><T30/><D23/><U76/><E122/><V71/><F42/><W118/><G118/><T12/><D12/><U106/><E106/><V73/><F73/><W11/><G41/><T43/><D43/><U88/><E0/><V9/><F9/><W54/><G108/><N who="2" m="41545" /><F55/><W40/><G40/><T32/><D75/><U37/><E37/><V68/><F24/><W51/><G129/><T131/><D131/><U57/><REACH who="1" step="1"/><E21/><REACH who="1" ten="245,145,355,235" step="2"/><V27/><F71/><W26/><G1/><T102/><D32/><U22/><E22/><V33/><F33/><W6/><G2/><T56/><D130/><U18/><E18/><V98/><F68/><W45/><G6/><T126/><D128/><U110/><E110/><V101/><F27/><W99/><G25/><T116/><D126/><U10/><AGARI ba="1,2" hai="4,5,7,10,13,57,63,67,76,82,84,85,88,94" machi="10" ten="30,8000,1" yaku="1,1,0,1,8,1,54,1,53,1" doraHai="47" doraHaiUra="87" who="1" fromWho="1" sc="245,-21,145,103,355,-41,235,-21" /><INIT seed="3,0,0,2,1,3" ten="224,248,314,214" oya="3" hai0="52,131,77,30,81,41,1,34,45,84,33,104,71" hai1="68,103,36,134,58,20,48,96,122,16,28,83,120" hai2="109,8,116,50,108,86,42,89,113,130,100,127,11" hai3="4,25,24,133,27,5,22,9,12,44,10,124,132"/><W102/><G102/><T35/><D131/><U51/><E36/><V91/><F130/><W135/><G44/><T53/><D71/><U67/><E68/><V119/><F113/><W62/><G62/><T46/><D104/><U110/><E110/><N who="2" m="42603" /><F127/><W70/><G70/><T78/><D78/><U73/><E28/><V26/><F100/><W61/><G61/><T117/><D117/><U129/><E51/><V107/><F107/><W112/><G112/><T114/><D114/><U97/><E83/><N who="2" m="49375" /><F26/><W76/><G76/><T57/><D30/><U101/><E20/><V99/><F99/><W82/><G82/><T40/><D1/><U123/><E58/><V115/><F115/><W43/><G43/><T88/><D77/><U80/><E67/><V32/><F32/><W29/><G124/><T39/><REACH who="0" step="1"/><D57/><REACH who="0" ten="214,248,314,214" step="2"/><U59/><E59/><V121/><F119/><W2/><AGARI ba="0,1" hai="2,4,5,9,10,12,22,24,25,27,29,132,133,135" machi="2" ten="30,18000,2" yaku="0,1,20,1,34,3,52,2" doraHai="3" who="3" fromWho="3" sc="214,-60,248,-60,314,-60,214,190" owari="154,-34.6,188,-21.2,254,5.4,404,50.4" /></mjloggm>