<mjloggm ver="2.3"><GO type="225" lobby="0"/><UN n0="%E3%81%9F%E3%81%8C%E3%82%84%E3%81%99" n1="%E9%B3%B3%E6%9D%B1%E3%81%AE%E3%81%86%E3%81%95%E3%81%8E%E3%81%95%E3%82%93" n2="%E5%A4%96%E5%B7%9D%E7%AB%9C%E6%88%90" n3="%73%75%7A%75%72%61%6E%65" dan="16,16,16,16" rate="2164.85,2250.45,2173.61,2088.01" sx="M,M,M,M"/><TAIKYOKU oya="0"/><INIT seed="0,0,0,5,5,80" ten="250,250,250,250" oya="0" hai0="86,111,107,45,119,63,22,127,100,73,18,93,78" hai1="131,69,2,32,135,9,122,59,53,37,81,8,31" hai2="117,82,28,48,57,101,77,33,11,55,49,96,60" hai3="91,14,130,62,40,56,118,120,72,99,67,43,19"/><T1/><D1/><U20/><E122/><V44/><F117/><W110/><G118/><T76/><D119/><U51/><E131/><V42/><F33/><W112/><G112/><T109/><D127/><U10/><E135/><V7/><F28/><W133/><G133/><T125/><D125/><U74/><E69/><V35/><F35/><W0/><G0/><T29/><D29/><U94/><E37/><V108/><F108/><N who="0" m="41546" /><D73/><U3/><E32/><V126/><F126/><W132/><G132/><T5/><D5/><U12/><E94/><V58/><F96/><W128/><G72/><T87/><D107/><U13/><E13/><V104/><F104/><W84/><G120/><T41/><D63/><U124/><E124/><V64/><F101/><W25/><G25/><N who="0" m="14551" /><D100/><U97/><E31/><V27/><F27/><W65/><G110/><T66/><D66/><U61/><E61/><V24/><F24/><W36/><G67/><T92/><D92/><U17/><E2/><V116/><F116/><W113/><G113/><T70/><D70/><U38/><E3/><V102/><F102/><W16/><G128/><T95/><D95/><U75/><E75/><V103/><F103/><W6/><G6/><T15/><D15/><U115/><E115/><V26/><F26/><W34/><G130/><T54/><D54/><U98/><REACH who="1" step="1"/><E38/><REACH who="1" ten="250,240,250,250" step="2"/><V123/><F123/><W30/><G36/><N who="0" m="21671" /><D93/><U88/><E88/><V134/><F134/><W121/><G91/><T105/><D105/><U46/><E46/><V106/><F106/><W71/><G121/><T68/><D68/><U114/><E114/><RYUUKYOKU ba="0,1" sc="250,15,240,15,250,-15,250,-15" hai0="76,78,86,87" hai1="8,9,10,12,17,20,51,53,59,74,81,97,98" /><INIT seed="0,1,1,5,3,42" ten="265,255,235,235" oya="0" hai0="131,86,105,130,36,126,34,91,30,22,29,82,74" hai1="46,95,133,81,108,121,55,96,79,68,61,77,85" hai2="93,92,6,99,47,122,20,107,135,88,35,100,57" hai3="37,2,5,7,14,94,66,40,72,75,54,50,23"/><T76/><D34/><U49/><E108/><V13/><F122/><W58/><G2/><T125/><D36/><U24/><E133/><V83/><F35/><W98/><G66/><T12/><D105/><U21/><E121/><V120/><F120/><W123/><G123/><T118/><D118/><U89/><E68/><V19/><F135/><W48/><G37/><T132/><D132/><U9/><E9/><V101/><F6/><W53/><G40/><T117/><D117/><U129/><E129/><N who="0" m="49161" /><D12/><U110/><E61/><V63/><F83/><W11/><G23/><T26/><D29/><N who="1" m="17551" /><E110/><V28/><F28/><W64/><G64/><T45/><D45/><U10/><E10/><V70/><F70/><W69/><G69/><T16/><D30/><U56/><E56/><V84/><F107/><W112/><G112/><T65/><D65/><U124/><E124/><N who="0" m="47721" /><D91/><AGARI ba="1,1" hai="46,49,55,77,79,81,85,89,91,95,96" m="17551" machi="91" ten="30,2000,0" yaku="8,1,52,1" doraHai="42" who="1" fromWho="0" sc="265,-23,255,33,235,0,235,0" /><INIT seed="1,0,0,3,5,26" ten="242,288,235,235" oya="1" hai0="111,55,87,60,67,15,121,8,75,69,128,41,112" hai1="36,94,6,40,20,108,33,0,78,68,2,9,88" hai2="3,63,5,117,72,73,133,34,132,103,22,130,53" hai3="125,134,59,64,38,43,113,85,19,84,119,28,97"/><U23/><E33/><V110/><F117/><W101/><G113/><T1/><D75/><U135/><E68/><V98/><F34/><W74/><G74/><T127/><D112/><U25/><E135/><N who="2" m="51787" /><F130/><W12/><G134/><T56/><D1/><U35/><E78/><V123/><F123/><W126/><G119/><T129/><D111/><U32/><E0/><V62/><F110/><W54/><G64/><T99/><D127/><N who="3" m="48649" /><G28/><T13/><D121/><U100/><E100/><V7/><F22/><N who="3" m="11623" /><G43/><T31/><D41/><U47/><E23/><V90/><F73/><W10/><G10/><T18/><D31/><U46/><E46/><V66/><F72/><W57/><G57/><T77/><D129/><U71/><E71/><N who="2" m="42455" /><F3/><W11/><G11/><T37/><D128/><U83/><E83/><V24/><F24/><W61/><G38/><T45/><D37/><U91/><E91/><V89/><F90/><W70/><G70/><T86/><D69/><U58/><E58/><N who="2" m="35279" /><F89/><W131/><G131/><T39/><D39/><U95/><E108/><V107/><AGARI ba="0,0" hai="5,7,98,103,107" m="35279,42455,51787" machi="107" ten="30,1100,0" yaku="20,1" doraHai="26" who="2" fromWho="2" sc="242,-3,288,-5,235,11,235,-3" /><INIT seed="2,0,0,3,2,127" ten="239,283,246,232" oya="2" hai0="87,93,3,39,11,59,130,118,113,110,132,96,85" hai1="109,124,74,47,123,36,73,40,45,105,48,61,23" hai2="42,6,66,112,97,55,18,100,62,35,79,115,77" hai3="29,91,94,126,92,58,81,120,71,24,51,2,20"/><V128/><F35/><W33/><G120/><T98/><D39/><U25/><E123/><V65/><F6/><W116/><G116/><T131/><D113/><U22/><E124/><V78/><F42/><W129/><G71/><T63/><D118/><U8/><E109/><V89/><F89/><W17/><G126/><T43/><D43/><U135/><E105/><V44/><F18/><W95/><G2/><T1/><D110/><U4/><E61/><V68/><F66/><W88/><G129/><N who="0" m="49163" /><D98/><U12/><E23/><V72/><F72/><W21/><G81/><T76/><D132/><U30/><E135/><V67/><F67/><W119/><G119/><T57/><D57/><U26/><E26/><V50/><REACH who="2" step="1"/><F128/><REACH who="2" ten="239,283,236,232" step="2"/><W54/><REACH who="3" step="1"/><G33/><REACH who="3" ten="239,283,236,222" step="2"/><T56/><D1/><U53/><AGARI ba="0,2" hai="4,8,12,22,25,30,36,40,45,47,48,53,73,74" machi="53" ten="20,1500,0" yaku="0,1,7,1" doraHai="127" who="1" fromWho="1" sc="239,-4,283,35,236,-7,222,-4" /><INIT seed="3,0,0,0,5,22" ten="235,318,229,218" oya="3" hai0="59,122,65,89,114,55,115,5,27,84,108,48,92" hai1="80,103,29,86,109,2,75,23,63,124,56,135,101" hai2="72,67,70,123,3,95,94,15,93,35,43,130,19" hai3="6,31,50,119,32,79,46,85,113,61,66,16,20"/><W131/><G113/><N who="0" m="43019" /><D108/><U77/><E2/><V52/><F3/><W62/><G119/><T118/><D122/><U54/><E109/><V51/><F35/><W117/><G117/><T8/><D118/><U102/><E135/><V125/><F72/><W83/><G131/><T128/><D27/><N who="1" m="16639" /><E75/><V39/><F125/><W44/><G6/><T1/><D65/><U129/><E124/><V17/><F17/><W81/><G66/><T73/><D73/><U36/><E36/><V78/><F78/><W107/><G107/><T18/><D18/><U49/><E129/><AGARI ba="0,0" hai="1,5,8,48,55,59,84,89,92,128,129" m="43019" machi="129" ten="30,1000,0" yaku="11,1" doraHai="22" who="0" fromWho="1" sc="235,10,318,-10,229,0,218,0" owari="245,4.5,308,40.8,229,-17.1,218,-28.2" /></mjloggm>