<mjloggm ver="2.3"><GO type="225" lobby="0"/><UN n0="%E3%83%AD%E3%83%83%E3%83%86%E9%9B%80%E7%90%83" n1="%6D%75%75%6D%75%72%61" n2="%E5%AF%82%E5%AF%9E%E3%82%AE%E3%83%8D%E3%82%B9%E3%83%93%E3%83%BC%E3%83%AB" n3="%E6%B8%A9%E2%98%85%E6%83%85%E2%98%85%E6%8E%AA%E2%98%85%E7%BD%AE" dan="17,16,16,16" rate="2187.89,2189.05,2129.61,2143.33" sx="M,F,M,M"/><TAIKYOKU oya="0"/><INIT seed="0,0,0,1,0,44" ten="250,250,250,250" oya="0" hai0="82,134,112,83,92,36,72,104,128,124,67,35,6" hai1="97,25,73,88,47,64,74,5,93,120,135,63,9" hai2="87,45,10,66,109,118,22,30,95,125,42,15,7" hai3="43,81,132,101,34,94,19,60,117,24,33,21,130"/><T91/><D67/><U26/><E120/><V17/><F109/><W27/><G117/><T29/><D6/><U55/><E135/><V99/><F125/><W85/><G132/><T54/><D54/><U3/><E74/><V38/><F118/><W70/><G130/><T131/><D29/><U49/><REACH who="1" step="1"/><E73/><REACH who="1" ten="250,240,250,250" step="2"/><V121/><F121/><W98/><G43/><T20/><D72/><U8/><E8/><V28/><F87/><W108/><G108/><T69/><D134/><U31/><E31/><V32/><F32/><W133/><G133/><T113/><D35/><U0/><E0/><V1/><REACH who="2" step="1"/><F66/><REACH who="2" ten="250,240,240,250" step="2"/><W12/><G34/><T116/><D116/><U61/><E61/><V57/><F57/><AGARI ba="0,2" hai="3,5,9,25,26,47,49,55,57,63,64,88,93,97" machi="57" ten="30,7700,0" yaku="1,1,7,1,52,1,54,1,53,0" doraHai="44" doraHaiUra="71" who="1" fromWho="2" sc="250,0,240,97,240,-77,250,0" /><INIT seed="1,0,0,2,5,91" ten="250,337,163,250" oya="1" hai0="35,29,75,79,34,47,28,124,106,58,109,99,4" hai1="90,36,114,18,118,69,72,3,111,121,128,83,32" hai2="37,62,89,134,64,86,16,103,12,13,82,68,20" hai3="54,123,65,131,27,15,45,11,51,17,46,14,101"/><U38/><RYUUKYOKU type="yao9" ba="0,0" sc="250,0,337,0,163,0,250,0" hai1="3,18,32,36,38,69,72,83,90,111,114,118,121,128" /><INIT seed="1,1,0,5,0,86" ten="250,337,163,250" oya="1" hai0="73,75,130,99,47,53,102,81,37,84,29,79,61" hai1="36,74,46,122,95,129,135,87,94,100,43,4,63" hai2="91,112,50,97,25,110,80,133,57,11,41,117,52" hai3="108,38,16,59,48,5,15,64,119,22,120,2,3"/><U104/><E122/><V114/><F117/><W128/><G120/><T96/><D130/><U33/><E74/><V14/><F110/><W89/><G38/><T118/><D118/><U68/><E129/><V20/><F133/><W126/><G119/><T66/><D29/><U30/><E135/><V18/><F41/><W32/><G128/><T23/><D23/><U71/><E4/><V34/><F34/><W13/><G32/><T107/><D99/><U125/><E125/><V70/><F70/><W134/><G134/><T42/><REACH who="0" step="1"/><D53/><REACH who="0" ten="240,337,163,250" step="2"/><U92/><E30/><V65/><F65/><W12/><G126/><T113/><D113/><U103/><E33/><V109/><F109/><W123/><G108/><T121/><D121/><U8/><E103/><V27/><F27/><W45/><G123/><T0/><D0/><U24/><E100/><V116/><F116/><W127/><G2/><T26/><D26/><U78/><E24/><V56/><F114/><W17/><G3/><T106/><D106/><U98/><E104/><V55/><F112/><W7/><G22/><T72/><D72/><U132/><E98/><V83/><F25/><W28/><G127/><T90/><D90/><U19/><E132/><V10/><F97/><W1/><G89/><T6/><D6/><N who="3" m="2057" /><G1/><T105/><D105/><U60/><E87/><N who="2" m="50663" /><F83/><W67/><G28/><T40/><D40/><U35/><E35/><V77/><F77/><W93/><G67/><T51/><D51/><AGARI ba="1,1" hai="10,11,14,18,20,50,51,52,55,56,57" m="50663" machi="51" ten="30,3900,0" yaku="8,1,52,1,54,1" doraHai="86" who="2" fromWho="0" sc="240,-42,337,0,163,52,250,0" /><INIT seed="2,0,0,3,3,135" ten="198,337,215,250" oya="2" hai0="8,66,29,23,106,115,118,79,37,61,1,114,131" hai1="22,13,91,57,42,59,109,9,58,126,27,74,120" hai2="65,110,84,7,41,62,134,15,116,85,124,18,98" hai3="127,40,3,67,21,70,128,20,99,12,47,17,117"/><V50/><F116/><W45/><G117/><T11/><D118/><U5/><E109/><V46/><F134/><W24/><G3/><T48/><D37/><U112/><E112/><V90/><F110/><W35/><G35/><T73/><D106/><U89/><E120/><V25/><F7/><W39/><G128/><T4/><D131/><U108/><E108/><V68/><F25/><W81/><G47/><T54/><D11/><U60/><E74/><V72/><F72/><W56/><G70/><T86/><D73/><U33/><E33/><V52/><F124/><W129/><G127/><T71/><D23/><U102/><E102/><V101/><F90/><N who="1" m="34313" /><E42/><V83/><F83/><W122/><G81/><T125/><D29/><N who="1" m="17655" /><E126/><V36/><F98/><W105/><G99/><T53/><D125/><U55/><AGARI ba="0,0" hai="5,9,13,55,57,58,59,60" m="17655,34313" machi="55" ten="30,1100,0" yaku="8,1" doraHai="135" who="1" fromWho="1" sc="198,-3,337,11,215,-5,250,-3" /><INIT seed="3,0,0,0,1,58" ten="195,348,210,247" oya="3" hai0="124,63,123,122,86,29,11,115,1,125,92,105,72" hai1="71,84,20,65,75,77,95,116,61,51,19,48,117" hai2="59,33,134,44,135,112,82,133,110,23,50,46,121" hai3="98,7,100,81,130,106,118,15,38,9,131,10,24"/><W32/><G118/><N who="1" m="45674" /><E75/><V79/><F33/><W88/><G38/><T85/><D115/><U36/><E36/><V42/><F110/><W62/><G9/><T90/><D72/><U70/><E70/><V31/><F112/><W28/><G62/><T54/><D105/><U60/><E60/><V93/><F93/><W27/><REACH who="3" step="1"/><G27/><REACH who="3" ten="195,348,210,237" step="2"/><T111/><D111/><U12/><E95/><V57/><F121/><W126/><G126/><N who="0" m="48747" /><D29/><U94/><E94/><V109/><F109/><W56/><G56/><N who="2" m="21577" /><F31/><W18/><G18/><T47/><D63/><U16/><E19/><V26/><F26/><W43/><G43/><T89/><D11/><U4/><E4/><V73/><F44/><W119/><G119/><T25/><D25/><U99/><E99/><V68/><F68/><W69/><G69/><T132/><D132/><U45/><E45/><V66/><F66/><W74/><G74/><T67/><D67/><U17/><E17/><V37/><F37/><W107/><G107/><T80/><D1/><U64/><E64/><V52/><F42/><W41/><G41/><T101/><D101/><U40/><E40/><V35/><F35/><W96/><G96/><T103/><D103/><U30/><E30/><V76/><F23/><W104/><G104/><T21/><D21/><U91/><E91/><V55/><F135/><W83/><G83/><AGARI ba="0,1" hai="12,16,20,48,51,61,65,71,77,83,84" m="45674" machi="83" ten="30,3900,0" yaku="12,1,52,1,54,1" doraHai="58" who="1" fromWho="3" sc="195,0,348,49,210,0,237,-39" owari="195,-30.5,397,49.7,210,1.0,198,-20.2" /></mjloggm>