<mjloggm ver="2.3"><GO type="225" lobby="0"/><UN n0="%E3%81%B5%E3%81%98%E3%81%8B%E3%81%A4" n1="%E3%81%BF%E3%81%BF%E3%81%9A" n2="%EF%BC%AE%EF%BC%A1%EF%BC%AF%33%33%39" n3="%73%73%6B%5F%66%72%65%65" dan="17,18,17,16" rate="2206.90,2228.02,2175.58,2110.02" sx="M,M,M,M"/><TAIKYOKU oya="0"/><INIT seed="0,0,0,3,5,8" ten="250,250,250,250" oya="0" hai0="126,67,36,106,25,129,42,17,68,109,54,29,78" hai1="134,83,63,122,86,0,114,88,75,28,7,35,81" hai2="40,101,51,1,124,47,20,41,44,43,115,80,92" hai3="131,84,73,39,99,94,61,120,64,135,62,52,4"/><T79/><D126/><U76/><E122/><V49/><F1/><W96/><G135/><T18/><D129/><U102/><E134/><V46/><F115/><W10/><G73/><T130/><D130/><U22/><E114/><V118/><F124/><W55/><G131/><T72/><D106/><U15/><E102/><V13/><F80/><W50/><G39/><T128/><D128/><U127/><E127/><V108/><F118/><W69/><G120/><T34/><D54/><U100/><E100/><V87/><F108/><W132/><G132/><T97/><D97/><U116/><E116/><V5/><F101/><W9/><G9/><T105/><D105/><U60/><E0/><V77/><F77/><W93/><G84/><T11/><D109/><U89/><E89/><N who="2" m="53311" /><F5/><W57/><G96/><T26/><D26/><U98/><E98/><V74/><F74/><W71/><G99/><T21/><D72/><U27/><REACH who="1" step="1"/><E7/><REACH who="1" ten="250,240,250,250" step="2"/><V82/><F82/><W19/><G4/><T65/><D79/><U53/><E53/><V58/><F43/><W31/><G55/><T103/><D78/><U6/><E6/><V123/><F41/><W48/><G52/><T12/><D103/><U24/><E24/><V91/><F91/><W95/><G62/><N who="0" m="39991" /><D67/><U85/><E85/><V33/><F123/><W37/><G64/><T56/><D42/><U111/><E111/><V70/><F40/><W121/><G61/><T133/><D133/><U59/><E59/><V23/><F58/><W30/><G57/><T113/><D56/><U66/><E66/><V14/><F70/><W125/><G69/><RYUUKYOKU ba="0,1" sc="250,-10,240,30,250,-10,250,-10" hai1="15,22,27,28,35,60,63,75,76,81,83,86,88" /><INIT seed="1,1,1,5,3,15" ten="240,270,240,240" oya="1" hai0="6,82,4,61,85,90,114,56,118,119,13,14,113" hai1="105,98,46,36,108,30,83,106,22,2,121,122,69" hai2="134,43,53,75,51,102,25,92,65,74,19,54,68" hai3="127,66,133,62,12,48,93,17,59,77,40,34,116"/><U89/><E2/><V115/><F68/><W135/><G127/><T23/><D114/><U111/><E69/><V117/><F65/><W126/><G126/><T0/><D0/><U7/><E7/><V10/><F117/><W88/><G116/><T71/><D71/><U84/><E36/><V131/><F75/><W73/><G34/><T103/><D113/><U132/><E46/><N who="2" m="26079" /><F74/><W16/><G77/><T35/><D35/><U11/><E11/><V26/><F115/><W3/><G73/><T9/><D103/><U55/><E55/><N who="2" m="21003" /><F131/><W63/><G3/><T37/><D37/><U5/><E5/><V67/><F67/><W58/><G40/><T70/><D70/><U130/><E130/><V41/><F41/><W104/><G48/><T123/><D123/><U76/><E132/><N who="3" m="50762" /><G104/><N who="1" m="40042" /><E30/><V79/><F79/><W20/><G63/><T94/><D82/><U95/><E22/><V29/><F29/><W97/><G17/><N who="0" m="10679" /><D119/><U87/><E87/><V39/><F39/><W129/><G129/><T27/><D118/><U96/><E96/><N who="2" m="59655" /><F134/><W28/><G28/><T80/><D80/><U86/><E98/><V107/><F107/><W72/><G59/><T120/><D120/><AGARI ba="1,1" hai="76,83,84,86,89,95,108,111,120,121,122" m="40042" machi="120" ten="40,3900,0" yaku="34,2" doraHai="15" who="1" fromWho="0" sc="240,-42,270,52,240,0,240,0" /><INIT seed="1,2,0,0,3,69" ten="198,322,240,240" oya="1" hai0="91,27,61,36,23,24,30,94,109,100,1,55,93" hai1="10,88,77,118,78,18,113,133,95,45,130,2,82" hai2="75,120,135,26,22,20,38,28,7,31,108,115,32" hai3="64,58,116,97,53,9,51,92,33,114,52,121,13"/><U43/><E113/><V90/><F75/><W60/><G121/><T72/><D72/><U3/><E118/><V29/><F120/><W76/><G116/><T123/><D123/><U125/><E125/><V131/><F90/><W74/><G114/><T101/><D1/><U5/><E130/><V42/><F115/><W68/><G33/><T84/><D109/><U102/><E133/><V21/><F42/><W0/><G74/><T54/><D36/><U19/><E102/><V44/><F44/><W104/><G76/><T15/><D15/><U80/><E2/><V39/><F7/><W87/><G87/><T103/><D94/><U41/><E41/><V71/><F71/><W111/><G111/><T46/><D46/><U99/><E78/><V79/><F79/><W89/><G104/><T11/><D11/><U106/><E106/><V132/><F108/><W124/><G124/><T96/><D61/><U63/><E63/><V107/><F107/><W37/><G53/><T56/><D56/><U73/><E80/><V85/><F85/><W14/><REACH who="3" step="1"/><G37/><AGARI ba="2,0" hai="3,5,10,18,19,37,43,45,73,77,82,88,95,99" machi="37" ten="30,12000,1" yaku="7,1,25,2,52,1,54,1" doraHai="69" who="1" fromWho="3" sc="198,0,322,126,240,0,240,-126" /><INIT seed="1,3,0,1,2,58" ten="198,448,240,114" oya="1" hai0="0,53,130,97,85,101,96,77,84,75,6,132,104" hai1="41,120,30,36,102,17,122,39,107,115,9,65,37" hai2="27,56,91,92,133,124,73,108,8,70,23,114,42" hai3="38,135,112,81,11,62,128,98,103,26,86,45,18"/><U67/><E30/><V71/><F73/><W66/><G112/><T89/><D0/><U87/><E115/><V54/><F114/><W55/><G128/><T13/><D6/><U68/><E41/><V109/><F42/><W2/><G135/><T94/><D13/><U35/><E35/><V16/><F8/><W4/><G38/><T131/><D53/><U99/><E87/><V59/><F59/><W24/><G18/><T28/><D28/><U60/><E17/><V25/><F25/><W50/><G86/><N who="0" m="33387" /><D132/><U117/><E117/><V40/><F40/><W49/><G81/><AGARI ba="3,0" hai="75,77,81,89,94,96,97,101,104,130,131" m="33387" machi="81" ten="30,2000,0" yaku="34,2" doraHai="58" who="0" fromWho="3" sc="198,29,448,0,240,0,114,-29" /><INIT seed="2,0,0,5,5,42" ten="227,448,240,85" oya="2" hai0="70,108,129,76,133,130,109,41,36,131,105,75,102" hai1="25,59,45,98,12,123,29,82,58,43,46,52,69" hai2="117,27,66,31,120,112,96,28,100,92,30,74,118" hai3="107,26,57,124,38,53,55,37,0,110,128,20,116"/><V87/><F74/><W111/><G0/><T44/><D70/><U132/><E69/><V79/><F112/><W115/><G107/><T5/><D5/><U106/><E132/><V56/><F120/><W65/><G20/><T15/><D15/><U4/><E123/><V33/><F117/><W78/><G78/><T17/><D17/><U127/><E127/><V126/><F126/><W39/><G26/><T2/><D2/><U34/><E82/><V93/><F118/><W40/><G116/><T21/><D21/><U80/><E80/><V60/><F79/><W3/><G3/><T114/><D114/><U8/><E43/><V68/><F68/><W81/><G81/><N who="0" m="45215" /><D133/><U71/><E59/><V24/><F33/><W14/><G14/><T90/><D90/><AGARI ba="0,0" hai="24,27,28,30,31,56,60,66,87,90,92,93,96,100" machi="90" ten="40,2000,0" yaku="8,1" doraHai="42" who="2" fromWho="0" sc="227,-20,448,0,240,20,85,0" /><INIT seed="2,1,0,1,1,127" ten="207,448,260,85" oya="2" hai0="36,105,2,6,62,114,121,12,21,42,93,49,18" hai1="100,52,48,84,16,71,30,75,57,63,128,78,117" hai2="1,126,11,0,115,116,119,22,14,94,53,59,104" hai3="73,123,83,80,9,17,108,46,10,44,96,112,129"/><V66/><F104/><W69/><G123/><T56/><D121/><U103/><E117/><V50/><F115/><W31/><G112/><T99/><D114/><U97/><E75/><V107/><F107/><W89/><G31/><T87/><D105/><U102/><E30/><V125/><F22/><W55/><G69/><T92/><D36/><U95/><E128/><V25/><F25/><W23/><G108/><T37/><D37/><U3/><E3/><V20/><F20/><W106/><G106/><T82/><D2/><U65/><E16/><N who="2" m="8287" /><F1/><W120/><G120/><T8/><D42/><U76/><REACH who="1" step="1"/><E84/><REACH who="1" ten="207,438,260,85" step="2"/><V85/><F0/><W118/><G73/><T32/><D87/><U51/><E51/><V67/><F116/><W40/><G118/><T98/><D49/><U24/><E24/><V15/><F119/><W110/><G129/><T77/><D18/><U13/><E13/><V41/><F15/><W58/><G17/><T135/><D12/><U60/><E60/><V54/><F125/><W47/><G10/><T72/><D62/><U74/><E74/><V122/><F126/><W39/><G9/><T109/><D8/><U26/><E26/><V68/><F122/><W132/><G39/><T35/><D72/><U134/><E134/><V7/><F7/><W101/><G132/><T5/><D6/><U33/><E33/><V86/><F86/><W70/><G23/><T45/><D21/><U130/><E130/><V4/><F4/><W61/><G61/><T111/><D135/><U88/><AGARI ba="1,1" hai="48,52,57,63,65,71,76,78,88,95,97,100,102,103" machi="88" ten="30,7900,0" yaku="1,1,0,1,54,2,53,0" doraHai="127" doraHaiUra="113" who="1" fromWho="1" sc="207,-21,438,92,260,-40,85,-21" /><INIT seed="3,0,0,0,1,106" ten="186,530,220,64" oya="3" hai0="87,20,64,12,7,34,124,38,18,0,83,97,110" hai1="17,5,95,81,134,35,86,130,25,99,78,127,91" hai2="41,10,33,84,117,27,116,1,24,74,47,49,133" hai3="32,43,51,66,50,46,98,72,30,42,71,53,135"/><W119/><G135/><T36/><D124/><U69/><E134/><V14/><F1/><W40/><G119/><T113/><D34/><U48/><E127/><V55/><F74/><W115/><G115/><T94/><D113/><U65/><E130/><V118/><F133/><W108/><G98/><T15/><D64/><U59/><E5/><V63/><F33/><W61/><G72/><T16/><D110/><U31/><E69/><V112/><F112/><W101/><G101/><T122/><D7/><U105/><E17/><V85/><F85/><W131/><G108/><T26/><D0/><U60/><E48/><V109/><F109/><W29/><G131/><T57/><D57/><U21/><E35/><V102/><F102/><W52/><REACH who="3" step="1"/><G32/><REACH who="3" ten="186,530,220,54" step="2"/><T82/><D122/><U75/><E75/><V80/><F117/><W107/><G107/><T121/><D121/><U111/><E111/><V11/><F118/><W76/><G76/><T39/><D97/><U4/><E105/><V128/><F128/><W88/><G88/><T68/><D38/><U93/><E99/><V37/><F116/><W54/><G54/><T104/><D39/><U13/><E78/><V19/><F37/><W129/><G129/><T3/><D36/><U23/><E91/><V45/><F55/><W89/><G89/><T22/><D104/><U56/><E86/><V6/><F84/><W125/><G125/><T79/><D87/><U126/><E126/><V100/><F100/><W28/><G28/><T120/><D79/><U70/><E95/><V96/><F96/><W114/><G114/><T9/><D94/><RYUUKYOKU ba="0,1" sc="186,-10,530,-10,220,-10,54,30" hai3="29,30,40,42,43,46,50,51,52,53,61,66,71" /><INIT seed="3,1,1,0,2,135" ten="176,520,210,84" oya="3" hai0="51,57,62,27,106,13,0,97,1,28,81,35,17" hai1="61,8,72,114,41,116,70,46,21,124,78,54,5" hai2="127,9,34,91,2,44,11,96,20,95,107,83,85" hai3="6,7,128,89,130,23,67,66,132,111,110,122,52"/><W73/><G132/><T71/><D51/><U31/><E114/><V53/><F34/><W56/><G122/><T105/><D81/><U25/><E124/><V82/><F127/><W4/><G73/><T77/><D77/><U121/><E121/><V40/><F107/><W42/><G89/><T123/><D123/><U92/><E116/><V3/><F3/><W109/><G42/><T37/><D37/><U90/><E78/><V86/><F2/><W58/><G23/><T112/><D112/><U19/><E72/><V24/><F53/><W119/><G119/><T38/><D38/><U117/><E117/><V102/><F44/><W68/><G68/><T33/><D57/><N who="3" m="22121" /><G52/><T115/><D115/><U10/><E70/><V64/><F64/><AGARI ba="1,1" hai="4,6,7,64,66,67,109,110,111,128,130" m="22121" machi="64" ten="40,12000,1" yaku="28,2,14,1,10,1" doraHai="135" who="3" fromWho="2" sc="176,0,520,0,210,-123,84,133" /><INIT seed="3,2,0,3,0,134" ten="176,520,87,217" oya="3" hai0="91,8,11,131,95,107,19,44,57,28,33,49,46" hai1="94,58,27,124,72,5,22,35,16,32,55,20,85" hai2="89,41,100,9,6,56,87,25,126,101,26,59,10" hai3="78,29,34,62,76,108,64,38,77,66,53,23,109"/><W92/><G34/><T122/><D122/><U73/><E124/><V106/><F41/><W93/><G38/><T24/><D107/><U110/><E110/><N who="3" m="42602" /><G53/><T97/><D131/><U98/><E85/><V45/><F45/><W12/><G66/><T75/><D75/><U84/><E84/><V118/><F118/><W71/><G12/><T17/><D57/><U111/><E111/><V0/><F106/><W114/><G114/><T132/><D132/><U68/><E68/><V37/><F37/><W82/><G82/><T3/><D3/><U63/><E5/><V70/><F70/><W67/><G67/><T36/><D36/><U135/><E135/><V86/><F0/><W117/><G117/><T43/><REACH who="0" step="1"/><D44/><REACH who="0" ten="166,520,87,217" step="2"/><U30/><E32/><V130/><F130/><W14/><G71/><T4/><D4/><U81/><E81/><V121/><F6/><W113/><G93/><T74/><D74/><U18/><E35/><V105/><F105/><W50/><G92/><T54/><D54/><U115/><E115/><V123/><REACH who="2" step="1"/><F89/><REACH who="2" ten="166,520,77,217" step="2"/><W42/><G113/><T69/><D69/><U15/><E18/><AGARI ba="2,2" hai="8,11,17,18,19,24,28,33,43,46,49,91,95,97" machi="18" ten="40,2600,0" yaku="1,1,53,1" doraHai="134" doraHaiUra="40" who="0" fromWho="1" sc="166,52,520,-32,77,0,217,0" owari="218,1.8,488,58.8,77,-42.3,217,-18.3" /></mjloggm>