<mjloggm ver="2.3"><GO type="225" lobby="0"/><UN n0="%E3%81%B5%E3%81%98%E3%81%8B%E3%81%A4" n1="%E6%81%A5%E6%99%92%E3%81%97" n2="%33%74%72%65%65" n3="%48%61%61%61%6C%61%6E%64" dan="16,16,16,18" rate="2183.86,2080.06,2107.54,2182.79" sx="M,M,F,M"/><TAIKYOKU oya="0"/><INIT seed="0,0,0,2,1,93" ten="250,250,250,250" oya="0" hai0="8,106,59,101,131,70,20,99,97,28,77,94,25" hai1="105,42,91,113,15,36,124,64,87,37,96,84,89" hai2="34,114,90,102,134,111,52,10,14,5,112,32,24" hai3="11,17,47,53,104,126,76,56,80,27,18,118,48"/><T86/><D131/><U107/><E64/><V43/><F111/><W30/><G118/><T116/><D116/><U98/><E15/><V72/><F134/><W58/><G104/><N who="1" m="40010" /><E42/><V4/><F102/><W65/><G126/><T29/><D70/><U110/><E110/><V51/><F43/><W82/><G82/><T26/><D59/><U121/><E124/><V79/><F5/><W6/><G58/><T22/><D8/><U69/><E69/><V128/><F128/><W83/><G83/><T81/><D106/><U74/><E113/><V40/><F40/><W39/><G39/><N who="1" m="14922" /><E74/><V46/><F90/><N who="1" m="34313" /><E121/><V135/><F135/><W13/><G56/><T16/><D99/><AGARI ba="0,0" hai="84,87,96,98,99" m="34313,14922,40010" machi="99" ten="40,8000,1" yaku="28,2,52,3" doraHai="93" who="1" fromWho="0" sc="250,-80,250,80,250,0,250,0" /><INIT seed="1,0,0,2,3,29" ten="170,330,250,250" oya="1" hai0="14,120,43,105,40,121,110,111,30,53,36,89,57" hai1="52,46,7,6,99,125,22,24,94,85,70,16,63" hai2="47,49,98,68,35,13,93,18,58,132,107,130,112" hai3="73,135,79,66,72,97,1,61,86,48,126,54,122"/><U65/><E125/><V59/><F68/><W109/><G122/><N who="0" m="47211" /><D30/><U28/><E85/><V123/><F123/><W34/><G1/><T11/><D105/><U114/><E114/><V60/><F112/><W129/><G126/><T118/><D89/><U67/><E28/><V80/><F107/><W84/><G109/><N who="0" m="41483" /><D11/><U74/><E74/><V41/><F93/><W77/><G129/><T116/><D14/><U71/><E71/><V83/><F130/><W106/><G135/><T27/><D27/><U15/><E15/><V134/><F98/><W115/><G115/><T117/><D36/><U100/><REACH who="1" step="1"/><E67/><REACH who="1" ten="170,320,250,250" step="2"/><V92/><F13/><W26/><G72/><T82/><D82/><U4/><E4/><V38/><F83/><W51/><G73/><T75/><D75/><U25/><E25/><V44/><F80/><W91/><G86/><T12/><D12/><U90/><E90/><V133/><F133/><W76/><G84/><T88/><D88/><U64/><E64/><V131/><F134/><W87/><G87/><T19/><D19/><U2/><E2/><V0/><F18/><W124/><G66/><T103/><D103/><U23/><E23/><V119/><F0/><W50/><G91/><T104/><D104/><U69/><E69/><V3/><F3/><W56/><G124/><T45/><D45/><U10/><E10/><V55/><F47/><W39/><G106/><T128/><D128/><U78/><E78/><V95/><F131/><W96/><G77/><T20/><D20/><U101/><E101/><V17/><F132/><W32/><G79/><T21/><D21/><RYUUKYOKU ba="0,1" sc="170,15,320,15,250,-15,250,-15" hai0="40,43,53,57,116,117,118" hai1="6,7,16,22,24,46,52,63,65,70,94,99,100" /><INIT seed="1,1,1,4,4,41" ten="185,335,235,235" oya="1" hai0="80,13,115,108,34,30,19,52,7,5,83,55,25" hai1="134,23,117,88,39,49,58,127,67,94,120,27,10" hai2="37,59,101,100,109,106,75,20,61,70,128,123,87" hai3="72,116,107,42,131,124,112,97,104,0,2,130,50"/><U31/><E117/><V9/><F123/><W45/><G112/><T110/><D115/><U77/><E120/><V66/><F75/><W103/><G116/><T92/><D92/><U73/><E39/><V11/><F109/><N who="0" m="42090" /><D83/><U74/><E127/><V21/><F37/><W43/><G124/><T71/><D71/><U135/><E10/><N who="2" m="3595" /><F70/><W126/><G126/><T64/><D64/><U40/><E67/><V47/><F106/><W125/><G125/><T57/><D80/><U133/><E77/><V114/><F114/><W81/><G107/><T85/><D85/><N who="1" m="52495" /><E58/><V69/><F69/><W98/><G98/><T79/><D79/><U12/><E12/><V14/><F14/><W68/><G68/><T93/><D93/><U90/><E90/><V51/><F87/><W18/><G72/><T65/><D65/><U89/><E89/><V15/><F15/><W24/><G81/><T62/><D55/><U46/><AGARI ba="1,1" hai="23,27,31,40,46,49,73,74,133,134,135" m="52495" machi="46" ten="40,7800,0" yaku="20,1,52,1,54,1" doraHai="41" who="1" fromWho="1" sc="185,-27,335,91,235,-27,235,-27" /><INIT seed="1,2,0,0,1,47" ten="158,426,208,208" oya="1" hai0="9,28,7,115,59,85,121,73,62,11,60,72,74" hai1="95,69,45,50,97,23,109,1,125,80,106,94,86" hai2="18,58,81,10,22,39,122,78,132,84,87,2,103" hai3="29,88,3,42,117,98,55,61,6,37,134,77,31"/><U92/><E69/><V30/><F122/><W46/><G134/><T64/><D115/><U41/><E125/><V123/><F123/><W44/><G117/><T129/><D121/><U110/><E1/><V90/><F132/><W120/><G120/><T127/><D129/><U75/><E75/><V130/><F130/><W40/><G77/><T108/><D108/><N who="1" m="41579" /><E23/><V135/><F135/><W107/><G6/><T79/><D127/><U13/><E13/><V124/><F22/><W32/><G3/><T126/><D126/><U100/><E106/><V83/><F2/><W5/><G5/><T113/><D113/><U38/><E38/><V101/><F39/><W82/><G32/><T89/><D28/><U48/><E48/><V70/><F30/><W15/><G15/><T51/><D79/><AGARI ba="2,0" hai="41,45,50,79,80,86,92,94,95,97,100" m="41579" machi="79" ten="30,5800,0" yaku="14,1,10,1,52,1" doraHai="47" who="1" fromWho="0" sc="158,-64,426,64,208,0,208,0" /><INIT seed="1,3,0,4,1,100" ten="94,490,208,208" oya="1" hai0="105,96,12,38,101,36,31,0,135,102,132,54,43" hai1="81,46,120,55,77,85,87,110,17,56,122,53,19" hai2="70,52,76,62,104,126,75,49,5,58,109,103,33" hai3="35,74,50,134,73,21,4,92,127,129,1,93,90"/><U14/><E110/><V42/><F126/><W71/><G35/><T99/><D0/><U124/><E124/><V106/><F33/><W107/><G127/><T45/><D31/><U89/><E19/><V79/><F109/><W37/><G37/><T67/><D67/><U13/><E13/><V8/><F103/><W63/><G107/><T48/><D12/><U39/><E55/><V80/><F76/><W117/><G129/><T41/><D36/><U44/><E39/><V6/><F6/><W59/><G134/><T51/><D51/><U130/><E130/><V97/><F97/><W20/><G50/><T116/><D116/><U111/><E111/><V72/><F72/><W91/><G71/><T30/><D30/><U16/><E17/><V98/><F98/><W113/><G113/><T32/><D32/><U94/><E120/><V28/><F28/><W7/><G59/><T61/><D61/><U64/><E64/><V125/><F125/><W18/><G63/><T57/><REACH who="0" step="1"/><D43/><REACH who="0" ten="84,490,208,208" step="2"/><U22/><E122/><V68/><F42/><W88/><G117/><T121/><D121/><U114/><E114/><V95/><F62/><AGARI ba="3,1" hai="14,16,22,44,46,53,56,62,77,81,85,87,89,94" machi="62" ten="30,5800,0" yaku="7,1,8,1,54,1" doraHai="100" who="1" fromWho="2" sc="84,0,490,77,208,-67,208,0" /><INIT seed="1,4,0,0,4,36" ten="84,567,141,208" oya="1" hai0="21,92,56,54,98,69,59,115,48,40,32,106,6" hai1="31,93,88,100,16,132,82,38,61,87,20,33,51" hai2="7,62,15,133,13,97,81,43,28,77,0,125,84" hai3="112,66,45,127,44,89,57,79,52,102,94,124,49"/><U22/><E38/><V27/><F133/><W128/><G112/><T37/><D115/><U99/><E33/><V75/><F125/><N who="3" m="48203" /><G128/><T24/><D106/><U130/><E31/><V120/><F120/><W96/><G79/><T5/><D69/><U109/><E61/><V8/><F97/><N who="3" m="57551" /><G66/><T68/><D32/><U135/><E51/><V134/><F134/><W46/><G57/><T90/><D68/><U108/><E130/><V105/><F105/><AGARI ba="4,0" hai="44,45,46,49,52,96,102,105" m="57551,48203" machi="105" ten="30,2000,0" yaku="18,1,54,1" doraHai="36" who="3" fromWho="2" sc="84,0,567,0,141,-32,208,32" /><INIT seed="2,0,0,5,2,11" ten="84,567,109,240" oya="2" hai0="112,5,110,18,38,127,98,67,124,35,61,21,60" hai1="24,99,52,113,134,94,79,97,111,73,39,129,33" hai2="64,6,3,119,7,56,19,28,40,103,9,106,96" hai3="133,17,92,1,75,55,51,25,10,16,29,13,32"/><V30/><F119/><W69/><G75/><T101/><D112/><U86/><E94/><V0/><F40/><W121/><G121/><T66/><D35/><U81/><E86/><V87/><F87/><W77/><G77/><T90/><D38/><U76/><E81/><V89/><F89/><W31/><G69/><T72/><D5/><U50/><E33/><V14/><F3/><W49/><G133/><T41/><D41/><U78/><E134/><V91/><F91/><W83/><G83/><T71/><D72/><U120/><E120/><V53/><F64/><W88/><G1/><T125/><D90/><U135/><E39/><V27/><F27/><W42/><G42/><T26/><D110/><U8/><E111/><V48/><REACH who="2" step="1"/><F7/><REACH who="2" ten="84,567,99,240" step="2"/><W80/><G25/><T65/><REACH who="0" step="1"/><D71/><REACH who="0" ten="74,567,99,240" step="2"/><U58/><E24/><V102/><F102/><W108/><G88/><T63/><D63/><U46/><E79/><V44/><F44/><W47/><G47/><T68/><D68/><U84/><E84/><V93/><F93/><AGARI ba="0,2" hai="18,21,26,60,61,65,66,67,93,98,101,124,125,127" machi="93" ten="50,6400,0" yaku="1,1,18,1,53,1" doraHai="11" doraHaiUra="95" who="0" fromWho="2" sc="74,84,567,0,99,-64,240,0" /><INIT seed="3,0,0,4,0,49" ten="158,567,35,240" oya="3" hai0="89,129,122,132,117,71,30,67,78,115,103,24,76" hai1="11,19,50,135,73,92,84,4,53,7,64,43,25" hai2="45,85,134,128,58,68,56,62,98,63,0,40,39" hai3="61,119,121,6,83,110,34,126,77,26,114,116,8"/><W52/><G114/><T3/><D3/><U93/><E73/><V94/><F85/><W31/><G121/><T27/><D103/><U124/><E135/><V105/><F105/><W65/><G126/><T131/><D24/><U86/><E124/><V95/><F0/><W90/><G90/><T60/><D122/><U15/><E64/><V130/><F98/><W79/><G110/><T113/><D117/><U108/><E43/><V47/><F134/><W88/><G88/><T35/><D132/><U28/><E86/><V120/><F120/><W59/><G65/><T37/><D37/><U36/><E36/><V81/><F39/><W17/><G17/><T87/><D76/><U72/><E72/><V22/><F40/><W123/><G123/><T13/><D78/><U21/><E108/><V32/><F32/><W99/><G99/><T96/><D96/><U44/><E84/><V14/><F68/><W51/><G61/><T23/><D35/><U10/><E28/><V5/><F5/><W82/><G77/><T12/><D113/><U16/><E19/><V69/><F69/><W38/><G38/><T91/><D115/><U111/><E111/><V74/><F74/><W1/><G82/><N who="0" m="49399" /><D91/><U106/><E106/><V75/><F75/><AGARI ba="0,0" hai="1,6,8,26,31,34,51,52,59,75,79,83,116,119" machi="75" ten="30,5800,0" yaku="7,1,52,1,54,1" doraHai="49" who="3" fromWho="2" sc="158,0,567,0,35,-58,240,58" owari="158,-24.2,567,66.7,-23,-52.3,298,9.8" /></mjloggm>