<mjloggm ver="2.3"><GO type="225" lobby="0"/><UN n0="%E3%82%8C%E3%81%99%E3%81%93" n1="%6D%75%75%73%61%6E%6D%75" n2="%E5%B8%86%E7%AB%8B%E5%A4%8F%E8%A1%A3" n3="%74%2E%6F%2E%6F%2E%73" dan="17,16,17,17" rate="2205.00,2085.52,2157.71,2097.51" sx="F,F,M,M"/><TAIKYOKU oya="0"/><INIT seed="0,0,0,5,2,115" ten="250,250,250,250" oya="0" hai0="81,50,36,55,75,128,91,47,45,123,31,86,111" hai1="127,63,73,46,35,124,117,27,17,114,135,20,116" hai2="60,96,62,122,113,77,34,57,49,84,83,51,42" hai3="100,70,112,132,14,134,97,103,121,23,40,90,64"/><T19/><D123/><U72/><E114/><V95/><F113/><W80/><G112/><T74/><D128/><U131/><E131/><V119/><F122/><W0/><G0/><T87/><D111/><U1/><E1/><V104/><F104/><W107/><G121/><T3/><D3/><U88/><E35/><V101/><F34/><W52/><G40/><T26/><D19/><U38/><E135/><V89/><F119/><W110/><G110/><T102/><D102/><U7/><E7/><V82/><F42/><W2/><G2/><T106/><D106/><U133/><E133/><V44/><F44/><W16/><G103/><T98/><D98/><U92/><E46/><V126/><F62/><W68/><G64/><T54/><D87/><U15/><E38/><V59/><F59/><W99/><G132/><T30/><D36/><U94/><E63/><V12/><F12/><W10/><G10/><T85/><D85/><U76/><E15/><V56/><F56/><W105/><G134/><T71/><D71/><U39/><E39/><V41/><F126/><N who="1" m="48169" /><E76/><V61/><F61/><W21/><G14/><T78/><D26/><U109/><E109/><V130/><F41/><W79/><G79/><T93/><REACH who="0" step="1"/><D75/><REACH who="0" ten="240,250,250,250" step="2"/><N who="1" m="28747" /><E92/><V32/><F130/><W11/><G107/><T5/><D5/><U48/><E48/><AGARI ba="0,1" hai="30,31,45,47,48,50,54,55,74,78,81,86,91,93" machi="48" ten="40,3900,0" yaku="1,1,9,1,53,0" doraHai="115" doraHaiUra="69" who="0" fromWho="1" sc="240,49,250,-39,250,0,250,0" /><INIT seed="0,1,0,3,5,31" ten="289,211,250,250" oya="0" hai0="36,38,64,54,81,87,90,84,20,102,65,26,6" hai1="89,93,58,79,46,39,114,119,1,111,29,8,80" hai2="32,94,60,128,10,59,76,0,130,4,131,110,44" hai3="97,12,113,106,112,51,25,122,96,134,70,13,21"/><T124/><D124/><U135/><E119/><V133/><F110/><W88/><G70/><T115/><D115/><U92/><E111/><V75/><F133/><W132/><G51/><T116/><D116/><U19/><E135/><N who="3" m="51754" /><G122/><T62/><D102/><U109/><E109/><V91/><F75/><W34/><G106/><T48/><D6/><U72/><E114/><N who="3" m="44138" /><G34/><T2/><D2/><U107/><E107/><V17/><F76/><W63/><G63/><T40/><D40/><N who="1" m="22815" /><E29/><V66/><F44/><W52/><G52/><T55/><D55/><U98/><E19/><V68/><F17/><N who="3" m="12463" /><G97/><T73/><D73/><U71/><E71/><V104/><F104/><W23/><G23/><T129/><D65/><U57/><E93/><AGARI ba="1,0" hai="12,13,88,93,96" m="12463,44138,51754" machi="93" ten="30,2000,0" yaku="20,1,54,1" doraHai="31" who="3" fromWho="1" sc="289,0,211,-23,250,0,250,23" /><INIT seed="1,0,0,0,2,93" ten="289,188,250,273" oya="1" hai0="63,22,96,102,135,129,56,60,44,33,131,36,7" hai1="16,49,50,11,15,85,18,123,14,119,37,57,55" hai2="115,134,113,3,83,78,0,65,31,35,81,122,40" hai3="52,20,19,74,91,58,126,73,117,108,79,61,4"/><U24/><E37/><V42/><F122/><W5/><G108/><T97/><D33/><U133/><E123/><V100/><F134/><W101/><G126/><T104/><D135/><U23/><E133/><V8/><F65/><W53/><G117/><T6/><D22/><U41/><E119/><V47/><F100/><W94/><G101/><N who="0" m="62503" /><D44/><U51/><E41/><V10/><F31/><W59/><G79/><T12/><D36/><U90/><E24/><V132/><F132/><W17/><G73/><T38/><D38/><U1/><E1/><V43/><F47/><W118/><G74/><T130/><D12/><U110/><E110/><V105/><F105/><W66/><G66/><N who="0" m="39175" /><D63/><U64/><E64/><V124/><F124/><W21/><G118/><T89/><D89/><U26/><E26/><V80/><F78/><W114/><G114/><N who="2" m="43529" /><F35/><W98/><G20/><T120/><D120/><U77/><E77/><V62/><F62/><N who="3" m="36175" /><G19/><T107/><AGARI ba="0,0" hai="6,7,97,102,107,129,130,131" m="39175,62503" machi="107" ten="30,4000,0" yaku="19,1,52,2" doraHai="93" who="0" fromWho="0" sc="289,40,188,-20,250,-10,273,-10" /><INIT seed="2,0,0,1,2,53" ten="329,168,240,263" oya="2" hai0="110,17,41,78,25,47,115,9,72,35,61,68,87" hai1="56,49,125,103,69,0,54,11,34,13,31,64,85" hai2="95,60,59,101,3,67,57,106,52,100,99,133,19" hai3="114,45,50,16,109,73,5,131,39,1,122,105,28"/><V51/><F133/><W15/><G122/><T36/><D115/><U124/><E0/><V22/><F3/><W62/><G109/><T83/><D110/><U37/><E37/><V98/><F22/><W21/><G73/><T76/><D35/><U48/><E103/><V26/><F26/><W65/><G105/><T32/><D32/><U128/><E128/><V2/><F2/><W63/><G39/><T102/><D102/><U92/><E34/><V113/><REACH who="2" step="1"/><F19/><REACH who="2" ten="329,168,230,263" step="2"/><W66/><G1/><T132/><D132/><U108/><E31/><V112/><AGARI ba="0,1" hai="51,52,57,59,60,67,95,98,99,100,101,106,112,113" machi="112" ten="30,18000,2" yaku="1,1,2,1,0,1,52,2,54,1,53,1" doraHai="53" doraHaiUra="90" who="2" fromWho="2" sc="329,-60,168,-60,230,190,263,-60" /><INIT seed="2,1,0,3,0,132" ten="269,108,420,203" oya="2" hai0="69,82,91,16,49,83,99,109,96,102,66,124,32" hai1="18,50,44,81,10,71,74,64,95,9,1,19,23" hai2="92,89,48,36,60,41,111,56,86,107,88,38,26" hai3="127,93,116,63,58,20,46,37,2,13,21,35,122"/><V51/><F107/><W113/><G2/><T103/><D32/><U108/><E108/><V87/><F111/><W40/><G35/><T100/><D109/><U24/><E1/><V131/><F131/><W117/><G122/><T12/><D124/><U4/><E71/><V130/><F130/><W57/><G113/><T70/><D66/><U133/><E133/><V34/><F34/><W101/><G57/><T62/><D62/><U27/><E64/><V25/><F41/><W52/><G127/><T31/><D31/><U76/><E4/><V55/><F38/><W7/><G7/><T114/><D114/><U90/><E27/><N who="2" m="10251" /><F36/><W42/><G42/><T105/><D49/><U65/><E65/><V72/><F72/><W77/><G77/><T0/><D0/><U121/><E121/><V8/><F8/><W54/><G54/><T118/><D118/><U22/><E22/><V129/><F129/><W134/><G134/><T11/><D103/><U14/><E19/><V68/><F68/><W97/><REACH who="3" step="1"/><G13/><REACH who="3" ten="269,108,420,193" step="2"/><T39/><D39/><U123/><E123/><V5/><F5/><W98/><G98/><T125/><D125/><U106/><E14/><V67/><F55/><W79/><G79/><T61/><D70/><U30/><E18/><V3/><F3/><W59/><G59/><T75/><D69/><U115/><E115/><V126/><F126/><W110/><G110/><T112/><D16/><U104/><E10/><V28/><F28/><W17/><G17/><T119/><D11/><U80/><E9/><V85/><F56/><W120/><G120/><T15/><D112/><RYUUKYOKU ba="1,1" sc="269,-10,108,-10,420,-10,193,30" hai3="20,21,37,40,46,52,58,63,93,97,101,116,117" /><INIT seed="3,2,1,4,1,103" ten="259,98,410,223" oya="3" hai0="9,39,99,37,49,53,46,43,115,85,41,28,5" hai1="71,94,75,80,96,16,72,35,114,52,54,122,120" hai2="83,117,81,8,79,127,20,110,130,32,27,0,107" hai3="106,116,112,55,56,7,31,4,24,97,21,13,67"/><W36/><G36/><T47/><D115/><U104/><E71/><V70/><F107/><W95/><G112/><T12/><D28/><U3/><E114/><V26/><F70/><W22/><G116/><T18/><D85/><U119/><E35/><V42/><F117/><W59/><G106/><T65/><D65/><U84/><E119/><V125/><F130/><W58/><G67/><T105/><D105/><U128/><E3/><V30/><F42/><W45/><G45/><T51/><D99/><U60/><E128/><V17/><F110/><W29/><G55/><T92/><D92/><U73/><E120/><V62/><F62/><W57/><N who="3" m="14336" /><DORA hai="118" /><W111/><G111/><T6/><D53/><U34/><E122/><V14/><F0/><W113/><G113/><T131/><D131/><U78/><E34/><V88/><F88/><W25/><REACH who="3" step="1"/><G13/><REACH who="3" ten="259,98,410,213" step="2"/><T33/><D33/><U38/><E60/><V48/><F14/><W102/><AGARI ba="2,2" hai="4,7,21,22,24,25,29,31,95,97,102" m="14336" machi="102" ten="40,12000,1" yaku="1,1,2,1,0,1,9,1,8,1,53,0" doraHai="103,118" doraHaiUra="15,123" who="3" fromWho="3" sc="259,-42,98,-42,410,-42,213,146" /><INIT seed="3,3,0,4,3,62" ten="217,56,368,359" oya="3" hai0="112,29,70,115,71,113,32,125,41,107,103,78,117" hai1="13,132,7,35,0,43,6,51,66,99,131,89,129" hai2="118,72,120,75,96,64,109,28,100,98,122,94,119" hai3="54,48,134,101,108,111,67,33,9,68,18,123,88"/><W36/><G123/><N who="2" m="47145" /><F109/><N who="3" m="42059" /><G36/><T37/><D117/><N who="2" m="44554" /><F64/><W27/><G134/><T83/><D125/><U21/><E35/><V121/><N who="2" m="47153" /><V23/><DORA hai="5" /><F23/><N who="3" m="13815" /><G33/><T34/><D103/><U46/><E132/><V1/><F1/><W97/><G88/><T106/><D41/><U59/><E0/><V95/><F28/><W4/><G67/><T50/><D50/><U40/><E40/><V38/><F38/><W25/><G25/><N who="0" m="18479" /><D37/><U11/><E6/><V2/><F2/><N who="3" m="151" /><G68/><N who="0" m="26155" /><D34/><U58/><E21/><V92/><F98/><W74/><G74/><AGARI ba="3,0" hai="74,78,83,106,107,112,113,115" m="26155,18479" machi="74" ten="40,2600,0" yaku="11,1,23,1" doraHai="62,5" who="0" fromWho="3" sc="217,35,56,0,368,0,359,-35" /><AGARI ba="3,0" hai="72,74,75,92,94,95,96,100" m="44554,47153" machi="74" ten="50,6400,0" yaku="13,1,34,2" doraHai="62,5" who="2" fromWho="3" sc="252,0,56,0,368,64,324,-64" owari="252,-14.8,56,-44.4,432,53.2,260,6.0" /></mjloggm>