<mjloggm ver="2.3"><GO type="225" lobby="0"/><UN n0="%E3%81%A0%E3%81%8A" n1="%E9%98%BF%E9%83%A8%E5%AF%9B%EF%BC%A0%E9%B3%B3%E5%8D%93" n2="%E3%81%A6%E3%81%A4%EF%BC%A3" n3="%73%61%6E%64%69%72%69%73" dan="16,16,16,16" rate="2033.10,2099.26,2063.92,2137.10" sx="M,F,M,M"/><TAIKYOKU oya="0"/><INIT seed="0,0,0,0,2,78" ten="250,250,250,250" oya="0" hai0="61,21,117,104,92,27,82,53,68,47,85,6,42" hai1="8,115,60,113,72,25,81,41,110,59,125,34,87" hai2="57,51,52,65,44,69,35,18,22,9,24,48,112" hai3="84,19,43,86,95,13,20,49,124,96,14,5,131"/><T120/><D104/><U107/><E110/><V76/><F112/><N who="1" m="43081" /><E107/><V100/><F100/><W11/><G131/><T39/><D117/><U40/><E72/><V132/><F132/><W83/><G124/><T127/><D127/><U108/><E108/><V63/><F76/><W1/><G1/><T128/><D128/><U31/><E8/><V94/><F94/><W71/><G71/><T77/><D6/><U116/><E116/><V4/><F35/><W79/><G84/><T109/><D109/><U133/><E133/><V89/><F89/><W114/><G114/><T28/><D120/><U36/><E36/><V37/><F51/><W29/><G29/><T80/><D80/><U135/><E135/><V26/><F26/><W67/><G67/><T99/><D68/><U62/><E125/><V16/><F37/><W64/><G64/><T122/><D122/><U102/><E102/><V30/><REACH who="2" step="1"/><F69/><REACH who="2" ten="250,250,240,250" step="2"/><W75/><G75/><T32/><D32/><U90/><E60/><V15/><AGARI ba="0,1" hai="4,9,15,16,18,22,24,30,44,48,52,57,63,65" machi="15" ten="20,12000,2" yaku="1,1,2,1,0,1,7,1,8,1,54,2,53,0" doraHai="78" doraHaiUra="74" who="2" fromWho="2" sc="250,-60,250,-30,240,130,250,-30" /><INIT seed="1,0,0,0,0,133" ten="190,220,370,220" oya="1" hai0="18,83,58,16,84,103,54,108,81,20,45,104,57" hai1="100,129,6,118,119,4,7,64,66,74,53,115,40" hai2="95,22,128,76,126,70,67,117,23,123,60,56,94" hai3="89,65,52,48,73,105,127,80,42,31,47,28,99"/><U97/><E115/><V134/><F117/><W27/><G127/><T36/><D108/><U102/><E129/><V79/><F128/><W10/><G65/><T88/><D36/><U41/><E74/><V14/><F134/><W116/><G116/><N who="1" m="44586" /><E53/><V30/><F123/><W3/><G31/><T0/><D0/><U96/><E64/><V13/><F67/><W122/><G122/><T101/><D104/><U34/><E66/><V125/><F56/><N who="0" m="21610" /><D83/><U8/><E8/><V120/><F120/><W51/><G10/><T107/><D107/><U39/><E39/><V121/><F121/><W37/><G3/><T113/><D113/><U111/><E34/><V124/><F125/><W33/><G105/><T46/><D18/><U130/><E111/><V21/><F21/><W85/><G73/><T72/><D72/><U86/><E86/><V68/><REACH who="2" step="1"/><F30/><REACH who="2" ten="190,220,360,220" step="2"/><W1/><G28/><T5/><D5/><U77/><E130/><V26/><F26/><W132/><G27/><N who="0" m="14727" /><D54/><U109/><E109/><V2/><F2/><W49/><G1/><T78/><D78/><U35/><E77/><V61/><AGARI ba="0,1" hai="13,14,22,23,60,61,68,70,76,79,94,95,124,126" machi="61" ten="25,16000,3" yaku="1,1,0,1,22,2,52,2,53,2" doraHai="133" doraHaiUra="11" who="2" fromWho="2" sc="190,-40,220,-80,360,170,220,-40" /><INIT seed="2,0,0,3,1,40" ten="150,140,530,180" oya="2" hai0="61,17,67,74,88,91,103,114,10,123,117,14,37" hai1="57,13,53,1,134,85,25,98,65,72,97,100,75" hai2="113,78,9,106,99,79,116,86,31,49,11,71,28" hai3="84,20,70,44,30,5,128,50,95,135,48,60,83"/><V66/><F116/><W45/><G135/><T102/><D123/><U132/><E1/><V118/><F118/><W63/><G128/><T2/><D114/><U109/><E65/><V22/><F113/><W68/><G5/><T101/><D74/><N who="1" m="28203" /><E13/><V104/><F66/><W112/><G112/><T46/><D117/><U107/><E25/><V122/><F86/><W12/><G95/><T119/><D119/><U133/><E109/><V23/><F99/><W105/><G105/><T41/><REACH who="0" step="1"/><D2/><REACH who="0" ten="140,140,530,180" step="2"/><U6/><E6/><V18/><F122/><W39/><G70/><AGARI ba="0,1" hai="10,14,17,37,41,46,61,67,70,88,91,101,102,103" machi="70" ten="40,8000,1" yaku="1,1,2,1,52,1,54,1,53,0" doraHai="40" doraHaiUra="108" who="0" fromWho="3" sc="140,90,140,0,530,0,180,-80" /><INIT seed="3,0,0,0,1,105" ten="230,140,530,100" oya="3" hai0="97,127,48,75,69,94,40,32,14,111,102,6,129" hai1="63,118,1,96,49,57,20,43,18,33,17,101,13" hai2="5,76,72,67,11,91,79,122,26,100,121,98,21" hai3="56,128,52,30,109,114,130,125,120,12,104,80,124"/><W8/><G104/><T103/><D69/><U55/><E33/><V82/><F79/><W92/><G114/><T112/><D111/><U16/><E1/><V88/><F67/><W35/><G120/><N who="2" m="46185" /><F100/><W132/><G92/><T107/><D32/><U74/><E74/><V90/><F98/><W84/><G30/><T3/><D75/><U131/><E131/><N who="3" m="50218" /><G35/><T42/><D94/><N who="1" m="58519" /><E118/><V62/><F62/><N who="3" m="36103" /><G109/><T46/><D107/><U113/><E113/><V110/><F110/><W95/><G95/><T36/><D112/><U115/><E115/><V87/><F87/><W7/><G132/><T4/><D103/><U47/><AGARI ba="0,0" hai="13,16,17,18,20,43,47,49,55,57,63" m="58519" machi="47" ten="30,2000,0" yaku="8,1,54,1" doraHai="105" who="1" fromWho="1" sc="230,-5,140,20,530,-5,100,-10" owari="225,2.5,160,-24.0,525,62.5,90,-41.0" /></mjloggm>