<mjloggm ver="2.3"><GO type="225" lobby="0"/><UN n0="%E3%81%BB%E3%81%86%E3%82%88%E3%81%86%E3%81%95%E3%81%8B%E3%81%AA" n1="%43%68%65" n2="%E3%81%AA%E3%81%A1%30%39%32%37" n3="%33%74%72%65%65" dan="16,16,16,16" rate="2131.21,2141.23,2109.47,2142.15" sx="M,M,M,F"/><TAIKYOKU oya="0"/><INIT seed="0,0,0,2,4,60" ten="250,250,250,250" oya="0" hai0="129,133,114,117,71,26,9,35,59,67,24,105,86" hai1="75,107,76,79,56,74,48,0,124,54,97,90,6" hai2="91,23,96,102,69,100,11,21,92,33,17,121,109" hai3="37,1,111,31,126,127,57,65,5,70,130,122,128"/><T72/><D117/><U32/><E32/><V46/><F121/><W93/><G111/><T95/><D72/><U51/><E124/><N who="3" m="47658" /><G122/><T16/><D71/><U115/><E115/><V81/><F109/><W64/><G70/><T49/><D114/><U73/><E0/><V110/><F110/><W28/><G37/><T112/><D112/><U13/><E51/><V4/><F33/><W132/><G132/><T134/><D105/><U118/><E118/><V108/><F69/><W89/><G5/><T119/><D119/><U38/><E38/><V82/><F46/><W68/><G1/><T123/><D123/><U80/><E107/><V41/><F41/><W12/><G12/><N who="0" m="7183" /><D35/><U101/><E101/><N who="2" m="39019" /><F4/><W58/><G68/><T8/><D129/><N who="3" m="49769" /><G28/><T15/><D133/><U84/><E6/><V52/><F108/><W25/><G31/><T36/><D36/><U113/><E113/><V120/><F120/><W50/><G25/><T2/><D2/><U99/><E13/><N who="2" m="7359" /><F52/><N who="3" m="31895" /><G58/><T7/><D134/><U19/><E19/><V103/><N who="2" m="39027" /><V55/><DORA hai="104" /><F55/><W18/><G18/><T85/><D24/><U44/><E56/><V63/><F63/><W29/><G29/><T87/><D26/><U27/><E27/><V34/><F34/><W77/><G77/><T94/><D49/><U62/><E62/><AGARI ba="0,0" hai="7,8,15,59,62,67,85,86,87,94,95" m="7183" machi="62" ten="30,5800,0" yaku="8,1,52,1,54,1" doraHai="60,104" who="0" fromWho="1" sc="250,58,250,-58,250,0,250,0" /><INIT seed="0,1,0,3,3,93" ten="308,192,250,250" oya="0" hai0="62,95,49,86,98,42,124,24,45,103,15,126,25" hai1="18,30,6,107,105,14,0,60,65,41,20,129,96" hai2="28,8,36,90,111,31,85,1,97,114,12,120,37" hai3="9,71,4,113,16,34,35,88,23,17,51,100,130"/><T61/><D15/><U133/><E133/><V116/><F120/><W7/><G113/><T11/><D11/><U92/><E129/><V50/><F114/><W117/><G117/><T59/><D62/><U132/><E132/><V79/><F111/><W40/><G130/><T64/><REACH who="0" step="1"/><D86/><REACH who="0" ten="298,192,250,250" step="2"/><U57/><E0/><V38/><F1/><W121/><G9/><T46/><D46/><U69/><E6/><V135/><F135/><W72/><G4/><T48/><D48/><U112/><E112/><V10/><F50/><W131/><G51/><T78/><D78/><U91/><E41/><V127/><F116/><W123/><G40/><T66/><D66/><U102/><E69/><V73/><F10/><W76/><G71/><T55/><D55/><U82/><REACH who="1" step="1"/><E30/><REACH who="1" ten="298,182,250,250" step="2"/><V109/><F109/><W80/><G7/><T13/><D13/><U94/><E94/><V21/><F12/><W63/><G131/><T53/><D53/><U128/><E128/><V74/><F8/><W67/><G123/><T77/><D77/><U119/><E119/><V99/><F31/><W43/><G76/><T125/><AGARI ba="1,2" hai="24,25,42,45,49,59,61,64,95,98,103,124,125,126" machi="125" ten="30,11700,0" yaku="1,1,0,1,18,1,52,1,53,0" doraHai="93" doraHaiUra="32" who="0" fromWho="0" sc="298,140,182,-40,250,-40,250,-40" /><INIT seed="0,2,0,2,4,24" ten="438,142,210,210" oya="0" hai0="11,60,7,117,127,47,126,115,122,10,0,119,105" hai1="49,28,101,36,17,110,69,18,106,31,134,21,57" hai2="97,83,52,40,81,13,48,111,79,29,104,114,124" hai3="4,95,46,65,118,125,25,39,1,74,42,76,43"/><T5/><D105/><U109/><E69/><V2/><F114/><W30/><G118/><N who="0" m="45067" /><D115/><U91/><E36/><V120/><F111/><N who="1" m="42505" /><E134/><V15/><F2/><W37/><G125/><N who="0" m="47627" /><D47/><U102/><E91/><V44/><F120/><W116/><G116/><T6/><D60/><U133/><E133/><V84/><F104/><W94/><G42/><T56/><D56/><U3/><E3/><V72/><F97/><W128/><G39/><T96/><D96/><N who="1" m="61735" /><E102/><V12/><F124/><W113/><G37/><T35/><D122/><U132/><E132/><V130/><F130/><W89/><G128/><T123/><D123/><U14/><E17/><V63/><F63/><W33/><G113/><T108/><D108/><U73/><E73/><V131/><F131/><W71/><G74/><T66/><D66/><U107/><E107/><V121/><F121/><W93/><G65/><T100/><D100/><U80/><E80/><V55/><F83/><W22/><G71/><T51/><D51/><U85/><E85/><V45/><F72/><W87/><G87/><T32/><D5/><U135/><E135/><V103/><F103/><W90/><G4/><T59/><D59/><U50/><E50/><V75/><F75/><W53/><G93/><T70/><D70/><U8/><E57/><V78/><F44/><W86/><G46/><T38/><D38/><U129/><E129/><V88/><F79/><W68/><G76/><T27/><D27/><N who="1" m="14775" /><E49/><V9/><F78/><W82/><G68/><T23/><D23/><U112/><E112/><V20/><F9/><N who="0" m="3082" /><D6/><U58/><E58/><V67/><F67/><RYUUKYOKU ba="2,0" sc="438,10,142,10,210,10,210,-30" hai0="0,7,32,35" hai1="8,14,28,31" hai2="12,13,15,20,29,40,45,48,52,55,81,84,88" /><INIT seed="0,3,0,4,5,54" ten="448,152,220,180" oya="0" hai0="79,110,83,74,97,34,120,100,36,127,9,87,96" hai1="60,0,7,91,48,8,124,50,18,45,61,70,28" hai2="20,115,17,68,51,76,106,16,102,125,41,40,69" hai3="49,42,72,103,101,62,114,104,112,86,65,13,43"/><T95/><D36/><U93/><E124/><V44/><F115/><W105/><G72/><T123/><D34/><U98/><E70/><V6/><F125/><W75/><G75/><T82/><D9/><U90/><E28/><V109/><F109/><W39/><G39/><T31/><D31/><U133/><E133/><V2/><F40/><W64/><G86/><T19/><D19/><U81/><E18/><V71/><F76/><W23/><G49/><T59/><D59/><U29/><E29/><V118/><F118/><W99/><G23/><T33/><D33/><U11/><E11/><V108/><F108/><W94/><G94/><N who="0" m="58391" /><D127/><U121/><E121/><V15/><F17/><W116/><G99/><T57/><D57/><U38/><E38/><V77/><F77/><W35/><G35/><T52/><D52/><U80/><E50/><V24/><F102/><W63/><REACH who="3" step="1"/><G13/><REACH who="3" ten="448,152,220,170" step="2"/><T3/><D110/><U27/><E27/><V58/><F106/><W134/><G134/><T88/><D3/><U37/><E37/><V46/><F2/><W32/><G32/><T21/><D21/><U14/><E0/><V26/><F26/><W10/><G10/><T78/><AGARI ba="3,1" hai="74,78,79,82,83,87,88,95,97,120,123" m="58391" machi="78" ten="30,6000,0" yaku="34,2,54,1" doraHai="54" who="0" fromWho="0" sc="448,79,152,-23,220,-23,170,-23" /><INIT seed="0,4,0,0,2,46" ten="527,129,197,147" oya="0" hai0="55,128,0,76,93,37,96,52,13,15,127,102,7" hai1="28,54,68,82,101,60,103,116,123,66,27,95,81" hai2="16,12,115,89,114,21,36,9,83,63,78,33,19" hai3="134,69,24,73,61,14,56,5,125,98,124,119,32"/><T90/><D37/><U22/><E116/><V31/><F36/><W94/><G119/><T49/><D128/><U71/><E71/><V47/><F89/><W20/><G73/><T42/><D127/><U1/><E123/><V133/><F133/><W135/><G69/><T4/><D76/><U131/><E131/><V39/><F33/><W48/><G32/><T85/><D0/><U86/><E1/><V70/><F31/><W3/><G3/><T87/><D42/><U108/><E108/><V106/><F106/><W74/><G74/><T77/><D77/><U113/><E113/><V105/><F105/><W45/><G14/><N who="0" m="5131" /><D55/><U11/><E11/><V121/><F121/><W92/><G5/><N who="0" m="2123" /><D102/><U91/><E103/><V99/><F9/><W80/><G125/><T51/><D51/><U84/><E101/><V8/><F8/><W17/><G124/><T62/><D62/><U2/><E2/><V110/><F63/><W50/><G135/><T88/><D90/><U130/><E130/><V59/><F70/><W30/><G61/><T53/><D53/><U43/><E43/><V97/><F39/><W117/><G134/><T10/><D10/><U67/><E67/><V100/><F78/><W132/><G117/><T126/><D126/><U35/><E35/><V29/><F115/><W38/><G132/><T26/><D26/><U34/><E34/><V129/><F12/><W79/><G24/><T109/><D109/><U104/><E54/><V65/><F110/><W23/><G38/><T75/><D75/><U112/><E112/><V107/><F114/><W118/><G118/><RYUUKYOKU ba="4,0" sc="527,30,129,-10,197,-10,147,-10" hai0="49,52,85,87,88,93,96" /><INIT seed="0,5,0,3,0,16" ten="557,119,187,137" oya="0" hai0="110,102,6,52,109,9,38,67,123,70,83,25,131" hai1="68,49,66,55,114,116,93,103,126,15,19,53,84" hai2="69,74,54,34,39,43,65,122,112,92,88,135,101" hai3="117,115,90,111,48,107,45,36,89,96,121,71,130"/><T61/><D123/><U47/><E116/><V129/><F122/><W134/><RYUUKYOKU type="yao9" ba="5,0" sc="557,0,119,0,187,0,137,0" hai3="36,45,48,71,89,90,96,107,111,115,117,121,130,134" /><INIT seed="0,6,0,4,2,79" ten="557,119,187,137" oya="0" hai0="76,24,84,26,82,81,33,2,50,133,41,31,22" hai1="48,29,68,111,116,11,60,37,124,96,0,25,63" hai2="85,106,89,19,18,72,119,74,110,13,69,131,123" hai3="62,21,45,9,134,15,35,12,102,90,8,1,71"/><T51/><D2/><U78/><E116/><V27/><F123/><W115/><G115/><T80/><D133/><U57/><E37/><V44/><F69/><W16/><G35/><T28/><D41/><U10/><E111/><V67/><F110/><W129/><G134/><T14/><D14/><U77/><E124/><V118/><F67/><W97/><G129/><T126/><D126/><U52/><E96/><V34/><F106/><W55/><G1/><T65/><D65/><U70/><E70/><V125/><F44/><W128/><G128/><T36/><D36/><U64/><E63/><V56/><F56/><N who="3" m="35103" /><G71/><T93/><REACH who="0" step="1"/><D76/><REACH who="0" ten="547,119,187,137" step="2"/><U53/><E53/><V75/><F13/><W20/><G12/><T109/><D109/><U108/><E108/><V99/><F125/><W120/><G15/><T92/><D92/><U107/><E107/><V103/><F131/><W105/><G105/><T30/><D30/><U130/><E130/><V32/><F119/><W66/><G66/><T7/><D7/><U49/><E0/><V94/><F118/><W95/><G95/><T3/><D3/><U121/><E78/><V127/><F127/><W61/><G8/><T122/><D122/><U98/><E121/><V39/><F39/><W87/><G9/><T73/><D73/><U104/><E77/><V4/><F4/><W6/><G6/><T113/><D113/><U59/><E29/><V17/><F75/><W40/><G40/><T101/><D101/><N who="1" m="62519" /><E25/><V42/><F42/><W58/><G120/><T100/><D100/><U38/><E38/><V5/><F5/><W86/><G102/><RYUUKYOKU ba="6,1" sc="547,15,119,15,187,-15,137,-15" hai0="22,24,26,28,31,33,50,51,80,81,82,84,93" hai1="10,11,48,49,52,57,59,60,64,68" /><INIT seed="0,7,1,3,5,69" ten="562,134,172,122" oya="0" hai0="129,11,99,49,116,101,127,32,33,63,42,109,40" hai1="36,14,7,66,132,20,130,92,124,10,83,39,38" hai2="57,37,30,98,53,121,52,118,94,104,117,2,79" hai3="21,105,13,31,19,47,23,115,135,55,62,91,97"/><T67/><D116/><N who="2" m="44650" /><F121/><W89/><G115/><T100/><D109/><U82/><E124/><V96/><F2/><W128/><G128/><T93/><D127/><U71/><E130/><V110/><F110/><W48/><G135/><T9/><D129/><U5/><E132/><V90/><F79/><W24/><G105/><T120/><D120/><U119/><E119/><V81/><F81/><W78/><G97/><T25/><D32/><U59/><E71/><V123/><F123/><W61/><G78/><T95/><D33/><U0/><E92/><N who="0" m="35401" /><D99/><U68/><E68/><V85/><F30/><W77/><REACH who="3" step="1"/><G77/><REACH who="3" ten="562,134,172,112" step="2"/><T133/><D133/><U4/><E0/><V3/><F3/><W86/><G86/><T122/><D122/><U22/><E83/><V46/><F104/><W108/><G108/><T102/><D102/><U27/><E82/><V107/><F107/><W65/><G65/><T73/><D100/><U44/><E44/><V1/><F1/><W58/><G58/><N who="0" m="37367" /><D101/><U70/><E70/><V29/><F98/><W72/><G72/><T41/><D73/><U54/><E66/><V16/><F85/><W43/><G43/><N who="0" m="16459" /><D25/><U6/><REACH who="1" step="1"/><E27/><REACH who="1" ten="562,124,172,112" step="2"/><V114/><F114/><W113/><G113/><T88/><D88/><AGARI ba="7,3" hai="13,19,21,23,24,31,47,48,55,61,62,88,89,91" machi="88" ten="40,5200,0" yaku="1,1,8,1,54,1,53,0" doraHai="69" doraHaiUra="34" who="3" fromWho="0" sc="562,-73,124,0,172,0,112,103" /><INIT seed="1,0,0,0,0,11" ten="489,124,172,215" oya="1" hai0="84,102,132,95,80,101,54,51,82,28,72,52,78" hai1="104,109,111,116,47,39,73,99,15,36,65,13,26" hai2="38,122,42,21,58,19,112,2,123,6,103,53,98" hai3="70,126,16,64,129,59,125,86,46,35,8,90,30"/><U40/><E116/><V69/><F112/><W34/><G129/><T71/><D71/><U32/><E73/><V62/><F2/><W94/><G70/><T134/><D28/><N who="1" m="19479" /><E65/><V81/><F6/><W23/><G8/><T5/><D5/><U127/><E39/><V113/><F113/><W88/><G46/><T67/><D67/><U74/><E74/><V96/><F69/><W25/><G64/><T37/><D37/><U66/><E66/><V106/><F42/><W108/><G59/><T114/><D114/><U60/><E60/><V57/><F38/><W50/><G50/><T20/><D95/><U41/><E41/><V76/><F98/><W117/><G117/><T29/><D54/><U68/><E68/><V4/><F4/><W120/><G120/><T63/><D63/><U27/><E27/><V33/><F33/><W110/><G34/><T14/><D82/><U7/><E7/><V43/><F43/><W45/><G45/><T89/><D72/><U115/><E115/><V10/><F58/><W91/><G91/><T24/><D89/><U9/><E9/><V22/><F10/><W135/><G90/><T97/><D97/><U92/><E104/><V17/><F22/><W48/><G48/><T83/><D83/><U130/><E130/><V0/><F0/><W107/><G107/><T121/><D121/><N who="2" m="46090" /><F21/><W55/><G55/><T61/><D61/><U124/><E99/><V100/><F100/><N who="0" m="38506" /><D52/><U79/><E79/><V56/><F56/><W1/><G35/><N who="0" m="20903" /><D51/><U12/><E92/><V93/><F93/><W128/><G128/><T131/><D131/><RYUUKYOKU ba="0,0" sc="489,10,124,10,172,10,215,-30" hai0="14,20,78,80,84,132,134" hai1="12,13,15,36,40,47,109,111,124,127" hai2="17,19,53,57,62,76,81,96,103,106" /><INIT seed="1,1,0,0,5,28" ten="499,134,182,185" oya="1" hai0="72,25,9,0,56,112,92,88,66,64,90,79,62" hai1="70,58,125,83,102,121,113,51,46,30,132,36,23" hai2="60,11,53,29,65,110,10,98,97,4,105,71,77" hai3="48,86,128,117,38,119,103,108,33,59,127,55,93"/><U89/><E113/><V124/><F110/><W99/><G108/><T32/><D112/><U31/><E121/><V1/><F124/><W15/><G127/><T19/><D66/><U54/><E125/><V41/><F53/><W52/><G128/><T123/><D123/><U27/><E70/><V101/><F41/><W75/><G75/><T81/><D92/><U106/><E132/><V78/><F97/><W131/><G131/><T85/><D72/><U67/><E106/><V134/><F134/><W37/><G33/><T13/><D0/><U109/><E109/><V114/><F114/><W91/><G15/><T73/><D73/><U111/><E111/><V16/><REACH who="2" step="1"/><F29/><REACH who="2" ten="499,134,172,185" step="2"/><W82/><REACH who="3" step="1"/><G55/><REACH who="3" ten="499,134,172,175" step="2"/><T68/><D32/><U6/><E54/><V18/><F18/><W115/><G115/><T7/><D19/><U133/><E133/><V96/><F96/><W104/><G104/><T126/><D126/><U57/><E31/><V26/><F26/><W35/><G35/><T8/><D25/><U34/><E34/><V118/><F118/><AGARI ba="1,2" hai="37,38,48,52,59,82,86,91,93,99,103,117,118,119" machi="118" ten="40,5200,0" yaku="1,1,12,1,54,1,53,0" doraHai="28" doraHaiUra="130" who="3" fromWho="2" sc="499,0,134,0,172,-55,175,75" /><INIT seed="2,0,0,1,4,23" ten="499,134,117,250" oya="2" hai0="129,82,47,72,11,93,89,0,102,95,64,56,61" hai1="62,31,118,133,111,119,45,117,6,71,120,92,115" hai2="76,51,74,20,15,103,55,128,84,63,88,80,18" hai3="90,69,16,106,35,123,10,99,110,66,105,127,58"/><V125/><F125/><W32/><G123/><T77/><D129/><U75/><E75/><V13/><F128/><W85/><G127/><T121/><D121/><U27/><E120/><V48/><F103/><W130/><G130/><T97/><D47/><U24/><E115/><V5/><F5/><W37/><G110/><T79/><D79/><U94/><E111/><V19/><F63/><W46/><G69/><T104/><D0/><U43/><E6/><V135/><F135/><W34/><G99/><T53/><D11/><U54/><E133/><V25/><F19/><W73/><G73/><T126/><D126/><U70/><E70/><V36/><F36/><W98/><G98/><T22/><D22/><U33/><E27/><V39/><F39/><W83/><G58/><T109/><D109/><U30/><E30/><V12/><REACH who="2" step="1"/><F55/><REACH who="2" ten="499,134,107,250" step="2"/><W124/><G124/><T108/><D108/><U59/><REACH who="1" step="1"/><E71/><REACH who="1" ten="499,124,107,250" step="2"/><V107/><F107/><W113/><G106/><T1/><D104/><U49/><AGARI ba="0,2" hai="24,31,33,43,45,49,54,59,62,92,94,117,118,119" machi="49" ten="30,8000,1" yaku="1,1,2,1,0,1,52,1,53,1" doraHai="23" doraHaiUra="21" who="1" fromWho="1" sc="499,-20,124,100,107,-40,250,-20" /><INIT seed="3,0,0,2,0,18" ten="479,224,67,230" oya="3" hai0="43,87,53,68,8,50,80,131,119,5,64,125,126" hai1="57,95,124,94,129,74,2,120,17,109,10,75,83" hai2="81,130,71,70,20,127,24,27,73,1,16,21,6" hai3="56,110,107,42,135,104,128,76,52,106,108,32,45"/><W41/><G128/><T30/><D119/><U28/><E120/><V101/><F130/><W0/><G135/><T31/><D43/><U97/><E129/><V55/><F127/><N who="0" m="48650" /><D131/><U39/><E39/><V92/><F1/><W14/><G0/><N who="0" m="39" /><D64/><U98/><E124/><V88/><F6/><W60/><G32/><T89/><D68/><U122/><E122/><V72/><F55/><W91/><G76/><T118/><D118/><U123/><E109/><N who="3" m="42090" /><G45/><AGARI ba="0,0" hai="30,31,45,50,53,80,87,89" m="39,48650" machi="45" ten="30,1000,0" yaku="18,1" doraHai="18" who="0" fromWho="3" sc="479,10,224,0,67,0,230,-10" owari="489,58.9,224,2.4,67,-43.3,220,-18.0" /></mjloggm>