<mjloggm ver="2.3"><GO type="225" lobby="0"/><UN n0="%E3%82%B2%E3%82%B9%E8%8C%82%E5%8B%9D" n1="%E3%82%A2%E3%82%A4%E3%82%B9%E3%83%86%E3%82%A3%E3%83%BC%E3%81%82%E3%81%B9" n2="%E4%BA%95%E5%B8%AF" n3="%E3%81%9F%E3%81%8C%E3%82%84%E3%81%99" dan="16,16,16,17" rate="2129.20,2065.87,2043.97,2207.60" sx="F,M,M,M"/><TAIKYOKU oya="0"/><INIT seed="0,0,0,2,2,34" ten="250,250,250,250" oya="0" hai0="99,21,96,14,93,59,115,22,52,31,44,36,84" hai1="47,32,33,57,61,104,27,101,23,35,95,29,91" hai2="92,51,39,49,2,24,113,73,132,75,30,78,127" hai3="116,80,74,0,68,48,87,134,103,64,71,53,124"/><T28/><D115/><U81/><E81/><V41/><F127/><W15/><G74/><T94/><D84/><U122/><E122/><V37/><F92/><W121/><G116/><T70/><D70/><U90/><E47/><V60/><F60/><W128/><G0/><T130/><D130/><U6/><E6/><V97/><F97/><W108/><G103/><T1/><D44/><U46/><E46/><V55/><F55/><W65/><G15/><T69/><D69/><U79/><E79/><V63/><F63/><W85/><G80/><T107/><D107/><U102/><E104/><V119/><F24/><W17/><G17/><T19/><D36/><U114/><E114/><V76/><F30/><N who="0" m="11306" /><D1/><U123/><E123/><V5/><F5/><W3/><G3/><T105/><D105/><U25/><E27/><V13/><F2/><W20/><G128/><T43/><D43/><U26/><E25/><V45/><F45/><W50/><G121/><T126/><D126/><U118/><E118/><V83/><F41/><W98/><G124/><T10/><D94/><U38/><E38/><V82/><F113/><W111/><G98/><N who="0" m="37419" /><D93/><U40/><E40/><V11/><F119/><W117/><G117/><T120/><D120/><U88/><REACH who="1" step="1"/><E95/><REACH who="1" ten="250,240,250,250" step="2"/><V42/><F42/><W100/><G100/><T67/><D67/><AGARI ba="0,1" hai="23,26,29,32,33,35,57,61,67,88,90,91,101,102" machi="67" ten="50,6400,0" yaku="1,1,2,1,54,1,53,0" doraHai="34" doraHaiUra="9" who="1" fromWho="0" sc="250,-64,240,74,250,0,250,0" /><INIT seed="1,0,0,4,1,82" ten="186,314,250,250" oya="1" hai0="77,114,67,117,17,32,73,28,104,55,69,18,71" hai1="99,89,81,63,59,118,16,85,87,25,90,61,110" hai2="19,91,2,124,20,98,9,120,92,62,95,15,13" hai3="30,101,31,130,125,34,96,134,108,3,65,47,112"/><U33/><E118/><V52/><F124/><W10/><G47/><T129/><D117/><U133/><E133/><V106/><F106/><W43/><G43/><T23/><D114/><U58/><E110/><V11/><F120/><W97/><G65/><T121/><D104/><U64/><E99/><V50/><F62/><W88/><G112/><T94/><D121/><U60/><E59/><V57/><F2/><W80/><G34/><T126/><D126/><U127/><E127/><V70/><F70/><W35/><G35/><T29/><D129/><U14/><E25/><V78/><F78/><W115/><G115/><T111/><D111/><U26/><E26/><V22/><REACH who="2" step="1"/><F92/><REACH who="2" ten="186,314,240,250" step="2"/><W53/><G3/><T56/><D94/><N who="1" m="54575" /><E33/><V38/><F38/><W119/><G125/><T37/><D77/><U109/><E109/><V41/><F41/><W107/><G108/><T122/><D37/><U12/><E12/><V113/><F113/><W48/><G119/><T66/><D122/><U103/><E103/><V76/><F76/><W24/><G101/><T105/><D105/><U27/><E27/><V79/><F79/><W8/><G24/><T21/><D32/><U4/><E4/><AGARI ba="0,1" hai="4,9,11,13,15,19,20,22,50,52,57,91,95,98" machi="4" ten="30,8000,1" yaku="1,1,7,1,8,1,54,1,53,1" doraHai="82" doraHaiUra="86" who="2" fromWho="1" sc="186,0,314,-80,240,90,250,0" /><INIT seed="2,0,0,4,3,89" ten="186,234,330,250" oya="2" hai0="104,25,18,110,32,19,37,11,69,46,24,39,121" hai1="13,101,10,53,34,111,0,75,82,9,1,124,112" hai2="35,127,100,63,55,62,115,94,6,36,66,105,78" hai3="93,26,90,5,54,51,28,95,3,130,109,99,68"/><V60/><F115/><W92/><G68/><T118/><D69/><U61/><E111/><V48/><F36/><W7/><G109/><T20/><D104/><U129/><E34/><V128/><F35/><W16/><G130/><T45/><D110/><U50/><E112/><V91/><F105/><W73/><G73/><T56/><D121/><U52/><E129/><V87/><F127/><W72/><G72/><T122/><D122/><U15/><E101/><V38/><F38/><W42/><G42/><T27/><D118/><U86/><E75/><V108/><F108/><W41/><G41/><T21/><D56/><N who="1" m="34951" /><E0/><V131/><F6/><N who="3" m="2059" /><G3/><T29/><D37/><U120/><E1/><V80/><F100/><W33/><G33/><T125/><D125/><U117/><E117/><V76/><F66/><W135/><G135/><T114/><D114/><U31/><E31/><V23/><F131/><W132/><G28/><T12/><REACH who="0" step="1"/><D39/><REACH who="0" ten="176,234,330,250" step="2"/><U30/><E124/><V59/><F128/><W126/><G126/><T22/><D22/><U83/><E120/><V64/><F23/><N who="3" m="13671" /><G132/><T113/><D113/><U102/><E10/><V44/><F64/><W123/><G123/><T47/><D47/><AGARI ba="0,1" hai="47,51,54,90,92,93,95,99" m="13671,2059" machi="47" ten="30,8000,1" yaku="8,1,52,3,54,1" doraHai="89" who="3" fromWho="0" sc="176,-80,234,0,330,0,250,90" /><INIT seed="3,0,0,4,5,27" ten="96,234,330,340" oya="3" hai0="90,7,87,63,50,79,108,118,3,48,135,128,38" hai1="93,56,123,106,1,114,76,73,58,95,96,98,64" hai2="84,8,57,94,77,18,17,116,130,124,53,21,34" hai3="51,62,83,52,105,11,5,16,121,134,9,100,126"/><W0/><G105/><T40/><D118/><U41/><E1/><V129/><F34/><W85/><G100/><T60/><D7/><U35/><E35/><V97/><F116/><W26/><G121/><T10/><D3/><U13/><E41/><V81/><F8/><W101/><G101/><T120/><D10/><U103/><E114/><V75/><F75/><W110/><G134/><T133/><D79/><U119/><E119/><V107/><F107/><W109/><G62/><T80/><D80/><U4/><E64/><V36/><F36/><W20/><G126/><T28/><D87/><U22/><E106/><V67/><F67/><W86/><G9/><T31/><D90/><U66/><E66/><V24/><F124/><W6/><G6/><T42/><D108/><N who="3" m="41577" /><G83/><T46/><D46/><AGARI ba="0,0" hai="0,5,11,16,20,26,46,51,52,85,86" m="41577" machi="46" ten="30,11600,0" yaku="14,1,10,1,54,2" doraHai="27" who="3" fromWho="0" sc="96,-116,234,0,330,0,340,116" owari="-20,-52.0,234,-16.6,330,13.0,456,55.6" /></mjloggm>