<mjloggm ver="2.3"><GO type="225" lobby="0"/><UN n0="%E3%82%A2%E3%83%BC%E3%83%A2%E3%83%AD%E3%83%BC%E3%83%B4%E3%82%A1" n1="%E3%81%A9%E3%82%8F%E3%82%93%E3%81%94" n2="%E5%84%AA%40%41%42%43" n3="%E6%A1%9C%E8%8A%B1%E9%96%83%E3%80%85" dan="16,16,17,16" rate="2180.53,2027.65,2161.47,2070.84" sx="M,M,M,M"/><TAIKYOKU oya="0"/><INIT seed="0,0,0,5,1,42" ten="250,250,250,250" oya="0" hai0="34,121,2,7,23,56,79,24,72,57,127,26,80" hai1="33,31,83,71,73,55,5,19,50,67,103,126,47" hai2="93,78,95,74,14,101,82,59,88,124,94,49,41" hai3="13,99,87,16,44,119,43,70,89,30,65,113,60"/><T105/><D121/><U36/><E126/><V9/><F124/><W107/><G113/><T84/><D127/><U40/><E5/><V112/><F112/><W69/><G119/><T98/><D34/><U0/><E0/><V81/><F81/><W61/><G30/><T66/><D66/><U15/><E103/><V18/><F101/><W48/><G99/><T110/><D72/><U35/><E31/><V76/><F78/><W102/><G107/><T27/><D23/><U11/><E83/><V115/><F115/><W116/><G102/><T108/><D98/><U135/><E73/><V68/><F68/><W54/><G116/><T20/><D20/><U17/><E17/><V104/><F104/><W28/><G28/><T52/><D105/><U46/><REACH who="1" step="1"/><E135/><REACH who="1" ten="250,240,250,250" step="2"/><V85/><F74/><W25/><G25/><T64/><D7/><U63/><AGARI ba="0,1" hai="11,15,19,33,35,36,40,46,47,50,55,63,67,71" machi="63" ten="30,8000,1" yaku="1,1,2,1,0,1,52,2,53,0" doraHai="42" doraHaiUra="118" who="1" fromWho="1" sc="250,-40,240,90,250,-20,250,-20" /><INIT seed="1,0,0,1,3,8" ten="210,330,230,230" oya="1" hai0="34,66,29,37,81,87,79,117,53,36,85,49,94" hai1="35,73,84,128,133,40,93,13,106,89,41,5,17" hai2="50,114,38,121,25,21,27,33,76,55,47,9,57" hai3="48,1,32,65,68,88,126,108,109,60,77,59,42"/><U11/><E73/><V43/><F121/><W16/><G126/><T125/><D117/><U44/><E35/><V63/><F114/><W80/><G1/><T113/><D113/><U122/><E106/><V120/><F120/><W46/><G32/><T70/><D125/><U75/><E75/><V115/><F115/><W119/><G119/><T111/><D111/><N who="3" m="42569" /><G88/><T4/><D4/><U2/><E128/><V110/><F110/><W19/><G68/><T54/><D66/><U112/><E133/><V98/><F33/><W62/><G62/><T131/><D70/><U90/><E112/><V123/><F76/><W39/><G39/><T82/><D94/><U69/><E69/><V105/><F9/><W116/><G116/><T67/><D67/><U61/><E61/><V134/><F134/><W3/><G3/><T23/><D131/><U64/><E64/><V95/><F105/><W101/><G101/><T74/><D34/><U129/><E129/><V83/><F83/><W18/><G18/><T52/><D49/><U127/><E2/><V28/><F123/><W124/><G124/><T15/><D29/><U130/><E127/><V135/><F135/><W86/><AGARI ba="0,0" hai="16,19,42,46,48,59,60,65,77,80,86" m="42569" machi="86" ten="30,2000,0" yaku="14,1,54,1" doraHai="8" who="3" fromWho="3" sc="210,-5,330,-10,230,-5,230,20" /><INIT seed="2,0,0,2,1,41" ten="205,320,225,250" oya="2" hai0="64,121,130,116,81,62,135,129,95,30,46,20,79" hai1="8,82,61,113,75,74,118,91,128,51,66,0,50" hai2="107,33,84,9,83,21,16,63,67,15,99,120,24" hai3="37,124,86,111,34,29,100,48,90,7,76,132,4"/><V80/><F120/><W12/><G37/><T105/><D121/><U17/><E118/><V88/><F33/><W19/><G111/><T122/><D122/><U13/><E113/><V92/><F107/><W60/><G124/><T93/><D105/><U94/><E128/><N who="0" m="49257" /><D135/><U42/><E0/><V26/><F83/><W58/><G132/><T18/><D30/><U49/><E82/><V27/><F63/><W123/><G76/><T115/><D115/><U11/><E11/><V98/><F67/><W2/><G2/><T44/><D116/><U31/><E31/><N who="2" m="17807" /><F99/><W106/><G123/><T77/><D95/><U127/><E127/><V104/><F104/><W25/><G106/><T78/><D93/><U43/><E75/><V54/><F54/><W52/><G60/><T23/><D81/><U6/><E74/><V59/><F59/><W73/><G73/><T22/><D18/><U119/><E17/><V56/><F56/><AGARI ba="0,0" hai="20,22,23,44,46,56,62,64,77,78,79" m="49257" machi="56" ten="40,5200,0" yaku="19,1,52,2" doraHai="41" who="0" fromWho="2" sc="205,52,320,0,225,-52,250,0" /><INIT seed="3,0,0,4,3,61" ten="257,320,173,250" oya="3" hai0="118,45,130,7,34,21,56,31,30,40,112,107,9" hai1="41,44,80,23,22,38,81,121,68,3,111,64,49" hai2="5,131,10,74,46,19,75,117,53,134,36,62,37" hai3="100,14,11,20,79,124,77,72,88,70,59,125,39"/><W66/><G70/><T65/><D118/><U126/><E3/><V104/><F117/><W50/><G39/><T42/><D107/><U29/><E121/><V135/><F104/><W2/><G2/><T109/><D34/><U91/><E38/><N who="2" m="14955" /><F5/><W123/><G123/><T83/><D109/><U115/><E126/><N who="3" m="48746" /><G100/><T97/><D97/><U71/><E23/><V60/><F46/><W16/><G72/><N who="2" m="27689" /><F53/><N who="3" m="32183" /><G66/><T99/><D45/><U86/><E64/><V27/><F10/><W51/><G51/><T47/><D47/><U63/><E49/><V95/><F95/><W87/><G11/><T35/><D65/><U90/><E44/><V4/><F4/><W84/><G84/><T73/><D7/><U33/><E86/><V129/><F19/><W98/><G98/><T15/><D99/><U106/><E71/><V54/><F54/><W127/><N who="3" m="48754" /><W32/><DORA hai="76" /><G32/><T92/><D35/><U28/><E33/><V17/><F17/><W133/><G133/><N who="2" m="50697" /><F27/><W110/><G110/><T48/><D9/><U25/><E111/><V132/><N who="2" m="50705" /><V119/><DORA hai="96" /><F119/><W13/><G13/><T82/><D15/><U26/><E25/><V57/><F57/><W120/><G120/><T55/><D56/><U8/><E26/><V108/><F108/><W69/><G69/><T114/><D55/><U67/><E68/><V1/><F1/><W43/><G43/><T94/><D73/><U116/><E41/><V122/><F122/><W0/><G0/><T89/><D42/><U128/><E8/><V12/><F12/><W6/><G6/><T85/><D40/><RYUUKYOKU ba="0,0" sc="257,-15,320,-15,173,15,250,15" hai2="60,62,129,131" hai3="14,16,20,77,79,87,88" /><INIT seed="3,1,0,0,4,28" ten="242,305,188,265" oya="3" hai0="74,114,129,3,30,51,104,90,18,81,98,97,11" hai1="54,49,19,14,76,113,0,77,37,131,42,59,27" hai2="84,124,107,125,127,89,4,103,117,1,43,5,72" hai3="67,55,15,100,23,12,134,17,45,73,52,119,85"/><W106/><G119/><T24/><D104/><U121/><E0/><V87/><F43/><W8/><G73/><T99/><D129/><U35/><E113/><V61/><F61/><W46/><G134/><T16/><D114/><U91/><E131/><V93/><F1/><W65/><G85/><N who="0" m="50479" /><D74/><U92/><E42/><V57/><F57/><W33/><G33/><T110/><D3/><U101/><E37/><V2/><F2/><W26/><G15/><N who="0" m="7295" /><D110/><U9/><E101/><V83/><F117/><W20/><G20/><N who="0" m="13335" /><D51/><U112/><E121/><V122/><F122/><W109/><G109/><T31/><AGARI ba="1,0" hai="30,31,97,98,99" m="13335,7295,50479" machi="31" ten="30,2000,0" yaku="8,1,54,1" doraHai="28" who="0" fromWho="0" sc="242,23,305,-6,188,-6,265,-11" /><INIT seed="4,0,0,5,2,105" ten="265,299,182,254" oya="0" hai0="33,134,128,45,97,103,59,80,101,4,32,28,96" hai1="62,10,30,63,60,50,36,67,44,95,35,125,77" hai2="16,99,74,92,108,76,39,81,48,20,115,46,13" hai3="22,38,114,72,21,26,18,88,49,34,56,122,104"/><T127/><D128/><U129/><E36/><V78/><F115/><W100/><G114/><T3/><D127/><U90/><E129/><V42/><F108/><W25/><G38/><T58/><D134/><U123/><E125/><V61/><F61/><W55/><G122/><T106/><D45/><U37/><E123/><V14/><F78/><W51/><G34/><T69/><D69/><U111/><E37/><V109/><F109/><W91/><G72/><T87/><D4/><U53/><E77/><V0/><F0/><W5/><G5/><T86/><D3/><U116/><E116/><V89/><REACH who="2" step="1"/><F39/><REACH who="2" ten="265,299,172,254" step="2"/><W121/><G121/><T52/><D33/><U83/><E111/><V112/><F112/><W130/><G130/><T102/><D32/><U126/><E126/><V65/><F65/><W15/><G51/><N who="0" m="31007" /><D106/><U119/><E119/><V133/><F133/><W19/><G15/><AGARI ba="0,1" hai="13,14,15,16,20,42,46,48,74,76,81,89,92,99" machi="15" ten="30,7700,0" yaku="1,1,7,1,52,1,54,1,53,0" doraHai="105" doraHaiUra="64" who="2" fromWho="3" sc="265,0,299,0,172,87,254,-77" /><INIT seed="5,0,0,1,1,62" ten="265,299,259,177" oya="1" hai0="54,2,102,19,44,52,42,43,110,36,53,133,47" hai1="5,113,109,134,130,66,29,122,4,74,6,34,97" hai2="65,124,95,114,119,18,81,14,126,135,128,28,120" hai3="104,27,108,69,76,115,96,99,58,106,68,64,78"/><U59/><E122/><V7/><F120/><W84/><G108/><T21/><D110/><U125/><E109/><V31/><F119/><W37/><G37/><T35/><D35/><U85/><E74/><V90/><F128/><W20/><G115/><T24/><D2/><U103/><E113/><V26/><F114/><W107/><G58/><T1/><D1/><U94/><E130/><V129/><F81/><W0/><G0/><T75/><D75/><U45/><E134/><V30/><F129/><W101/><G84/><T3/><D3/><U16/><E125/><N who="2" m="48235" /><F7/><W9/><G9/><T86/><D133/><U10/><E45/><V67/><F26/><W123/><G123/><T57/><D102/><U121/><E121/><V105/><F105/><W51/><G51/><T46/><D57/><U50/><E29/><N who="2" m="7427" /><V40/><DORA hai="89" /><F40/><W111/><G111/><T73/><D73/><U117/><E34/><V32/><F32/><W22/><G106/><T118/><D118/><U87/><E117/><V60/><F60/><W93/><G27/><T61/><D61/><N who="1" m="38207" /><E50/><V72/><F72/><W127/><G127/><T49/><D36/><U15/><AGARI ba="0,0" hai="4,5,6,10,15,16,85,87,94,97,103" m="38207" machi="15" ten="30,11700,0" yaku="8,1,52,2,54,1" doraHai="62,89" who="1" fromWho="1" sc="265,-39,299,117,259,-39,177,-39" owari="226,2.6,416,51.6,220,-18.0,138,-36.2" /></mjloggm>