<mjloggm ver="2.3"><GO type="225" lobby="0"/><UN n0="%6D%75%75%6D%75%72%61" n1="%E3%83%A9%E3%83%B3%E3%83%8A%E3%83%BC%E3%83%A9%E3%83%B3%E3%83%8A%E3%83%BC" n2="%E5%A4%96%E5%B7%9D%E7%AB%9C%E6%88%90" n3="%E3%81%82%E3%81%99%E3%81%AB%E3%82%83%E3%82%80" dan="16,16,16,16" rate="2216.79,2106.36,2245.96,2105.63" sx="F,M,M,F"/><TAIKYOKU oya="0"/><INIT seed="0,0,0,2,4,43" ten="250,250,250,250" oya="0" hai0="100,97,116,42,120,114,58,74,64,80,93,67,90" hai1="65,22,122,69,73,19,9,53,29,39,70,46,2" hai2="111,123,85,127,61,31,56,28,55,25,84,132,21" hai3="72,113,63,57,102,94,135,87,27,117,124,47,48"/><T79/><D114/><U106/><E122/><V75/><F123/><W78/><G113/><T101/><D120/><U118/><E118/><V51/><F75/><W23/><G117/><T1/><D116/><U98/><E73/><V129/><F111/><W121/><G121/><T77/><D1/><U88/><E29/><V34/><F127/><W40/><G124/><T104/><D77/><U133/><E65/><V99/><F132/><W32/><G32/><T68/><D68/><U16/><E133/><V11/><F129/><W125/><G125/><T95/><D58/><U128/><E128/><V6/><F99/><N who="3" m="59767" /><G72/><T12/><D101/><U36/><E36/><V108/><F108/><W10/><G10/><T8/><D42/><U86/><E98/><V130/><F130/><W44/><G135/><T92/><REACH who="0" step="1"/><D90/><REACH who="0" ten="240,250,250,250" step="2"/><U115/><E115/><V17/><F56/><W60/><G57/><T45/><D45/><U20/><E70/><V76/><F76/><W103/><G103/><T96/><D96/><U105/><E69/><V82/><F85/><W14/><G47/><T62/><D62/><U109/><E2/><V50/><F61/><W38/><G38/><T126/><D126/><U24/><E39/><V0/><F84/><W134/><G134/><T5/><AGARI ba="0,1" hai="5,8,12,64,67,74,79,80,92,93,95,97,100,104" machi="5" ten="30,3000,0" yaku="1,1,0,1,53,0" doraHai="43" doraHaiUra="83" who="0" fromWho="0" sc="240,40,250,-10,250,-10,250,-10" /><INIT seed="0,1,0,5,2,8" ten="280,240,240,240" oya="0" hai0="129,46,75,13,72,106,84,43,102,92,97,94,16" hai1="81,47,126,27,112,128,71,132,64,31,34,19,32" hai2="116,73,99,65,54,42,5,21,104,29,114,89,56" hai3="17,9,133,2,22,76,96,93,41,88,53,98,3"/><T57/><D129/><U130/><E81/><V69/><F114/><W74/><G133/><T131/><D131/><N who="1" m="50219" /><E47/><V48/><F73/><W83/><G41/><T7/><D57/><U51/><E51/><V28/><F116/><W109/><G109/><T117/><D117/><U103/><E103/><V63/><F5/><W44/><G9/><T121/><D121/><U25/><E132/><V10/><F10/><W62/><G98/><T33/><D7/><U40/><E40/><V80/><F21/><W12/><REACH who="3" step="1"/><G62/><REACH who="3" ten="280,240,240,230" step="2"/><T105/><D97/><U60/><E112/><V20/><F42/><W134/><G134/><T107/><D43/><U113/><E113/><V87/><REACH who="2" step="1"/><F20/><REACH who="2" ten="280,240,230,230" step="2"/><W77/><G77/><T15/><D72/><U66/><E34/><V85/><F85/><W123/><G123/><T45/><D75/><U90/><E32/><V91/><F91/><W26/><G26/><T4/><D84/><U18/><E90/><V122/><F122/><W37/><G37/><T58/><D33/><N who="1" m="20719" /><E27/><V115/><F115/><W120/><G120/><T111/><D111/><U110/><E110/><V125/><F125/><W36/><G36/><T50/><D102/><AGARI ba="1,2" hai="28,29,48,54,56,63,65,69,80,87,89,99,102,104" machi="102" ten="40,2600,0" yaku="1,1,53,1" doraHai="8" doraHaiUra="79" who="2" fromWho="0" sc="280,-29,240,0,230,49,230,0" /><INIT seed="1,0,0,3,4,134" ten="251,240,279,230" oya="1" hai0="23,37,48,109,47,44,34,62,54,6,35,25,61" hai1="4,36,128,132,87,113,81,86,49,38,101,88,107" hai2="112,79,116,75,76,52,19,15,13,9,43,56,131" hai3="3,46,126,30,70,120,106,110,45,42,72,82,18"/><U78/><E113/><V16/><F116/><W27/><G120/><T111/><D6/><U40/><E132/><V103/><F112/><W85/><G72/><T92/><D92/><U63/><E128/><V68/><F68/><W69/><G106/><T14/><D14/><U71/><E4/><V119/><F119/><W67/><G110/><N who="0" m="41995" /><D37/><U5/><E5/><V89/><F75/><W2/><G46/><T95/><D95/><U57/><E71/><V74/><F74/><W127/><G18/><N who="0" m="12535" /><D47/><N who="1" m="25831" /><E36/><V58/><F103/><W91/><G3/><T93/><D93/><N who="1" m="54423" /><E38/><V123/><F123/><W83/><G2/><T84/><D84/><U51/><E51/><V100/><F100/><W17/><G83/><T129/><D129/><U21/><E107/><V102/><F102/><W32/><G17/><T26/><D26/><U118/><E101/><V0/><F0/><W94/><G82/><T60/><AGARI ba="0,0" hai="34,35,44,48,54,60,61,62" m="12535,41995" machi="60" ten="30,1100,0" yaku="14,1" doraHai="134" who="0" fromWho="0" sc="251,11,240,-5,279,-3,230,-3" /><INIT seed="2,0,0,2,1,125" ten="262,235,276,227" oya="2" hai0="97,19,31,58,63,64,17,62,37,6,27,135,134" hai1="0,108,14,117,40,76,61,129,9,77,132,12,38" hai2="114,8,93,4,78,107,54,45,105,65,22,43,101" hai3="15,74,26,71,87,109,60,28,66,67,127,133,59"/><V7/><F114/><W124/><G74/><T118/><D37/><U13/><E117/><V128/><F65/><W23/><G109/><T25/><D118/><U106/><E108/><V1/><F78/><W42/><G133/><N who="0" m="50699" /><D6/><U52/><E106/><V39/><F7/><W56/><G42/><T80/><D80/><U48/><E132/><V98/><F54/><W50/><G50/><T2/><D2/><U49/><E129/><V55/><F55/><W16/><G87/><T24/><D31/><U10/><E0/><V53/><F53/><W79/><G79/><N who="1" m="30282" /><E38/><V35/><F35/><W21/><REACH who="3" step="1"/><G67/><REACH who="3" ten="262,235,276,217" step="2"/><N who="0" m="39383" /><D97/><U84/><E84/><V116/><F116/><W86/><G86/><T103/><D103/><U51/><E40/><V68/><F43/><W82/><G82/><T32/><D32/><U120/><E120/><V99/><F39/><W90/><G90/><T81/><D81/><U18/><E18/><V29/><F99/><W113/><G113/><T112/><D112/><U46/><E46/><V70/><F45/><W130/><G130/><T126/><D126/><AGARI ba="0,1" hai="15,16,21,23,26,28,56,59,60,66,71,124,126,127" machi="126" ten="40,5200,0" yaku="1,1,18,1,54,1,53,0" doraHai="125" doraHaiUra="36" who="3" fromWho="0" sc="262,-52,235,0,276,0,217,62" /><INIT seed="3,0,0,5,3,0" ten="210,235,276,279" oya="3" hai0="15,74,108,57,112,72,111,115,55,86,27,124,13" hai1="113,63,82,26,44,133,47,130,41,36,71,53,1" hai2="92,17,50,21,123,5,121,101,68,94,105,42,73" hai3="122,128,3,34,4,135,126,95,59,77,39,37,97"/><W51/><G122/><N who="2" m="46601" /><F68/><W80/><G34/><T118/><D118/><U49/><E1/><V114/><F73/><N who="0" m="28266" /><D27/><U19/><E82/><V11/><F114/><N who="0" m="43562" /><D86/><U32/><E113/><V12/><F101/><W78/><G135/><T35/><D35/><U61/><E133/><V100/><F100/><W18/><G18/><T14/><D124/><U75/><E75/><V54/><F42/><W134/><G134/><T38/><D38/><U127/><E127/><V31/><F31/><W43/><G126/><T29/><D29/><U70/><E130/><V96/><F96/><W125/><G128/><T7/><D7/><U85/><E85/><V102/><F102/><W52/><G125/><T69/><D69/><N who="1" m="26123" /><E19/><V33/><F105/><W10/><G80/><T120/><D120/><U76/><E76/><V91/><F91/><W116/><G77/><T88/><D88/><U107/><E107/><V48/><F33/><W67/><G78/><T2/><D2/><U28/><E28/><V110/><F110/><N who="0" m="42026" /><D55/><N who="1" m="30119" /><E26/><N who="2" m="14639" /><F54/><W22/><G52/><T90/><D90/><U99/><E99/><V131/><F131/><W9/><G97/><T104/><D104/><U79/><E79/><V6/><F6/><W84/><G4/><T46/><D46/><N who="1" m="23847" /><E32/><V106/><F106/><W98/><G3/><T109/><N who="0" m="42034" /><T8/><DORA hai="83" /><D8/><U60/><E47/><V16/><F5/><W89/><G98/><T64/><D64/><U87/><E87/><V40/><F40/><W24/><G67/><T58/><AGARI ba="0,0" hai="13,14,15,57,58" m="42034,43562,28266" machi="58" ten="60,8000,1" yaku="28,2,11,1,14,1" doraHai="0,83" who="0" fromWho="0" sc="210,80,235,-20,276,-20,279,-40" /><INIT seed="4,0,0,3,1,109" ten="290,215,256,239" oya="0" hai0="120,60,69,83,73,64,22,1,65,111,115,39,88" hai1="21,106,63,35,16,0,80,128,23,68,86,7,66" hai2="132,8,67,74,93,125,79,11,10,59,103,49,92" hai3="72,5,124,36,15,90,50,9,131,46,4,76,130"/><T121/><D39/><U48/><E106/><V81/><F125/><W105/><G105/><T40/><D1/><U70/><E35/><V3/><F132/><W108/><G108/><T71/><D111/><U82/><E128/><N who="3" m="49194" /><G36/><T58/><D40/><U78/><E70/><V12/><F3/><W52/><G124/><T20/><D73/><U77/><E48/><V96/><F93/><W84/><G76/><T129/><D129/><U99/><E99/><V114/><F114/><W51/><G51/><T75/><D75/><U19/><E0/><V119/><F119/><W28/><G28/><T29/><D115/><U32/><E32/><V100/><F100/><W6/><G72/><T113/><D113/><U110/><E7/><V107/><F107/><W33/><G33/><T91/><D29/><U31/><E31/><V98/><F98/><W57/><G57/><T101/><D58/><U42/><E42/><V26/><F26/><W122/><G122/><T118/><D101/><U62/><E110/><V27/><F27/><W127/><G127/><T25/><D25/><U123/><E123/><V117/><F117/><W94/><AGARI ba="0,0" hai="4,5,6,9,15,46,50,52,84,90,94" m="49194" machi="94" ten="30,2000,0" yaku="19,1,54,1" doraHai="109" who="3" fromWho="3" sc="290,-10,215,-5,256,-5,239,20" /><INIT seed="5,0,0,1,3,7" ten="280,210,251,259" oya="1" hai0="82,33,133,59,44,111,5,12,27,85,43,78,116" hai1="86,77,74,48,46,41,135,40,114,102,55,109,42" hai2="99,91,93,95,79,3,8,127,84,9,52,68,126" hai3="66,38,21,51,125,36,35,118,17,69,16,4,62"/><U94/><E74/><V24/><F68/><W1/><G35/><T73/><D111/><U18/><E114/><V56/><F24/><W0/><G125/><N who="2" m="47625" /><F3/><W53/><G118/><T37/><D116/><U23/><E135/><V128/><F128/><W119/><G119/><T123/><D133/><U101/><E109/><V28/><F28/><W26/><G1/><T47/><D47/><U58/><E77/><V50/><F79/><W129/><G129/><T108/><D108/><U130/><E130/><V90/><AGARI ba="0,0" hai="8,9,50,52,56,84,90,91,93,95,99" m="47625" machi="90" ten="30,7900,0" yaku="18,1,52,2,54,1" doraHai="7" who="2" fromWho="2" sc="280,-20,210,-39,251,79,259,-20" owari="260,6.0,171,-32.9,330,43.0,239,-16.1" /></mjloggm>