<mjloggm ver="2.3"><GO type="225" lobby="0"/><UN n0="%E7%B4%94%E6%BD%94%E3%83%94%E3%83%A9%E3%83%8B%E3%82%A2" n1="%E3%82%BF%E3%83%BC%E3%83%90%E3%83%B3%E9%87%8E%E5%8F%A3" n2="%72%69%6F%75%63%68%61%6E" n3="%E3%83%B4%E3%82%A3%E3%83%AF%E3%82%B3%E3%82%B0%E3%83%8B" dan="16,16,16,16" rate="2146.98,2132.57,2152.17,2160.90" sx="M,M,M,M"/><TAIKYOKU oya="0"/><INIT seed="0,0,0,3,2,19" ten="250,250,250,250" oya="0" hai0="131,103,106,98,14,9,71,3,0,32,90,95,127" hai1="39,45,5,23,60,62,126,99,82,38,52,83,100" hai2="63,42,91,132,85,54,67,31,66,36,35,121,108" hai3="94,65,119,110,105,15,118,11,125,68,104,18,129"/><T46/><D32/><U16/><E126/><V41/><F121/><W33/><G110/><T112/><D112/><U7/><E39/><V29/><F108/><W43/><G125/><T128/><D71/><U93/><E38/><V64/><F132/><W111/><G111/><T123/><D123/><U10/><E60/><V26/><F29/><W1/><G129/><N who="0" m="49739" /><D46/><U37/><E37/><V107/><F107/><W44/><G33/><T40/><D40/><U77/><E77/><V13/><F36/><W92/><G1/><T24/><D24/><N who="1" m="14439" /><E10/><V47/><F13/><W86/><G105/><T75/><D75/><U134/><E134/><V20/><F35/><W88/><G104/><T2/><D127/><U27/><E27/><V80/><REACH who="2" step="1"/><F63/><REACH who="2" ten="250,250,240,250" step="2"/><W97/><G119/><T133/><D133/><U115/><E115/><V113/><F113/><W102/><G118/><T78/><D106/><U12/><E62/><V81/><F81/><N who="1" m="30729" /><E12/><V101/><F101/><W57/><G102/><T79/><D103/><U122/><E122/><V117/><F117/><W72/><G15/><T28/><D28/><U58/><E58/><V61/><F61/><W51/><G57/><T76/><D0/><U89/><E100/><V34/><F34/><W109/><G109/><T74/><D74/><U70/><E70/><V130/><F130/><W49/><G72/><T116/><D116/><U69/><E69/><V84/><F84/><W96/><G68/><T48/><D2/><U73/><E73/><V135/><F135/><W56/><G56/><T114/><D3/><U22/><E22/><V25/><F25/><RYUUKYOKU ba="0,1" sc="250,-15,250,15,240,15,250,-15" hai1="5,7,45,52,89,93,99" hai2="20,26,31,41,42,47,54,64,66,67,80,85,91" /><INIT seed="1,1,1,5,5,60" ten="235,265,255,235" oya="1" hai0="82,29,133,121,85,88,70,36,69,21,5,84,77" hai1="58,56,42,129,43,71,90,8,49,48,54,13,127" hai2="79,116,83,12,39,52,113,47,104,112,114,110,33" hai3="20,67,28,17,53,96,95,2,3,19,66,10,35"/><U86/><E129/><V106/><F116/><W72/><G72/><T63/><D36/><U73/><E71/><V46/><F110/><W80/><G35/><T64/><D121/><U55/><E73/><V101/><F33/><W99/><G80/><T18/><D5/><U125/><E127/><V75/><F101/><W131/><G131/><T24/><D133/><U51/><E51/><N who="2" m="28791" /><F12/><N who="3" m="7319" /><G2/><T89/><D70/><U23/><E125/><V111/><F111/><W40/><G3/><T135/><D135/><U16/><REACH who="1" step="1"/><E8/><REACH who="1" ten="235,255,255,235" step="2"/><V44/><F44/><W34/><G40/><AGARI ba="1,2" hai="39,40,47,75,79,83,104,106,112,113,114" m="28791" machi="40" ten="30,2000,0" yaku="11,1,54,1" doraHai="60" who="2" fromWho="3" sc="235,0,255,0,255,43,235,-23" /><INIT seed="2,0,0,1,2,62" ten="235,255,298,212" oya="2" hai0="99,2,60,70,20,88,8,109,34,96,101,3,56" hai1="54,98,38,93,106,47,121,132,24,110,23,22,35" hai2="53,86,71,94,117,124,87,116,107,103,37,44,5" hai3="11,115,63,76,111,31,73,127,6,59,27,25,74"/><V97/><F124/><W1/><G111/><T0/><D34/><U41/><E110/><V9/><F71/><W52/><G127/><T133/><D109/><U49/><E132/><V68/><F68/><W61/><G115/><T119/><D133/><U84/><E121/><V120/><F120/><W89/><G61/><T134/><D134/><U16/><E35/><V92/><F94/><W26/><G76/><T72/><D70/><U85/><E106/><V40/><F53/><W43/><G31/><T80/><D119/><U19/><E38/><V102/><F102/><W91/><REACH who="3" step="1"/><G43/><REACH who="3" ten="235,255,298,202" step="2"/><T17/><D60/><U135/><E41/><V45/><F117/><W65/><G65/><T57/><D72/><AGARI ba="0,1" hai="1,6,11,25,26,27,52,59,63,72,73,74,89,91" machi="72" ten="40,2600,0" yaku="1,1,54,1,53,0" doraHai="62" doraHaiUra="129" who="3" fromWho="0" sc="235,-26,255,0,298,0,202,36" /><INIT seed="3,0,0,5,5,27" ten="209,255,298,238" oya="3" hai0="73,37,110,15,65,82,94,133,10,113,55,19,78" hai1="98,8,51,47,21,20,58,22,77,67,18,13,92" hai2="41,64,106,120,129,131,103,59,38,108,95,17,126" hai3="112,69,117,39,52,127,114,68,119,101,125,75,97"/><W124/><G75/><T123/><D110/><U23/><E77/><V121/><F126/><W5/><G5/><T14/><D133/><U83/><E83/><V30/><F108/><W89/><G89/><T134/><D134/><U48/><E67/><V32/><F106/><W0/><G0/><T63/><D123/><N who="2" m="47178" /><F17/><W85/><G85/><T25/><D25/><U54/><E23/><V109/><F109/><W86/><G86/><T88/><D113/><N who="3" m="43625" /><G39/><T53/><D37/><U81/><E81/><V61/><F30/><W7/><G7/><T29/><D15/><U90/><REACH who="1" step="1"/><E22/><REACH who="1" ten="209,245,298,238" step="2"/><V116/><F32/><W79/><G79/><T56/><REACH who="0" step="1"/><D29/><REACH who="0" ten="199,245,298,238" step="2"/><U104/><E104/><V102/><F131/><W31/><G31/><T44/><D44/><U50/><E50/><V34/><F129/><W36/><G36/><T57/><D57/><U35/><E35/><V130/><F34/><W66/><G69/><T93/><D93/><U9/><E9/><V16/><F95/><N who="3" m="58559" /><G68/><T2/><D2/><U105/><E105/><V115/><F130/><W40/><G125/><T49/><D49/><U76/><E76/><V12/><F115/><W3/><G127/><T80/><D80/><U84/><E84/><AGARI ba="0,2" hai="10,14,19,53,55,56,63,65,73,78,82,84,88,94" machi="84" ten="30,3900,0" yaku="1,1,7,1,54,1,53,0" doraHai="27" doraHaiUra="122" who="0" fromWho="1" sc="199,59,245,-39,298,0,238,0" /><INIT seed="4,0,0,2,4,112" ten="258,206,298,238" oya="0" hai0="68,95,53,48,77,4,42,123,34,91,43,15,94" hai1="39,130,9,49,37,11,2,38,41,99,92,81,119" hai2="114,85,23,71,126,45,35,70,88,7,26,17,14" hai3="121,116,78,103,110,102,52,133,58,100,30,67,113"/><T62/><D34/><U90/><E130/><V82/><F114/><W73/><G110/><T134/><D123/><U72/><E2/><V57/><F126/><W65/><G113/><T32/><D32/><U104/><E104/><V44/><F57/><W29/><G116/><T5/><D77/><U129/><E129/><V33/><F33/><W86/><G73/><T109/><D109/><U6/><E119/><V120/><F120/><W97/><G97/><T108/><D108/><U13/><E11/><V12/><F12/><W20/><G133/><T18/><D68/><U80/><REACH who="1" step="1"/><E72/><REACH who="1" ten="258,196,298,238" step="2"/><V107/><F107/><W106/><G106/><T54/><D134/><U122/><E122/><V125/><F125/><W135/><G121/><T127/><D127/><U105/><E105/><V24/><F7/><W40/><G135/><T76/><D5/><U47/><AGARI ba="0,1" hai="6,9,13,37,38,39,41,47,49,80,81,90,92,99" machi="47" ten="40,2700,0" yaku="1,1,0,1,53,0" doraHai="112" doraHaiUra="22" who="1" fromWho="1" sc="258,-13,196,37,298,-7,238,-7" /><INIT seed="5,0,0,2,3,52" ten="245,233,291,231" oya="1" hai0="80,57,71,14,61,118,119,111,84,54,100,5,103" hai1="26,114,90,132,16,94,53,43,23,121,74,47,76" hai2="89,28,40,42,79,68,44,73,67,86,66,97,130" hai3="0,50,99,87,34,58,39,77,115,17,133,98,128"/><U1/><E121/><V78/><F73/><W60/><G115/><T41/><D111/><U7/><E114/><V126/><F68/><W112/><G112/><T134/><D134/><U131/><E132/><V135/><F135/><W22/><G39/><T35/><D35/><U91/><E131/><V31/><F130/><W120/><G34/><T32/><D32/><U2/><E53/><V4/><F4/><W88/><G0/><T95/><D71/><U101/><E101/><V56/><F126/><W107/><G107/><T59/><D41/><N who="2" m="15978" /><F44/><W102/><G50/><N who="0" m="30935" /><D95/><U93/><E94/><N who="2" m="56527" /><F66/><N who="3" m="39191" /><G120/><T108/><D108/><U33/><E33/><V24/><F24/><N who="3" m="14415" /><G128/><T92/><D92/><U55/><E1/><V105/><F105/><W29/><G102/><T125/><D125/><U6/><E93/><V21/><F21/><W36/><G36/><T109/><D119/><U83/><E55/><V124/><F124/><W104/><G104/><T45/><D45/><U81/><E81/><N who="2" m="47415" /><F79/><W69/><G77/><N who="0" m="46095" /><D118/><U51/><REACH who="1" step="1"/><E2/><REACH who="1" ten="245,223,291,231" step="2"/><V70/><F70/><W8/><G69/><T13/><D109/><U30/><E30/><V96/><F96/><W64/><G29/><T25/><D103/><U9/><E9/><V49/><F49/><W123/><G123/><T127/><D100/><U72/><E72/><V63/><AGARI ba="0,1" hai="28,31,56,63,67" m="47415,56527,15978" machi="63" ten="30,2000,0" yaku="8,1,52,1" doraHai="52" who="2" fromWho="2" sc="245,-5,223,-10,291,30,231,-5" owari="240,4.0,213,-28.7,321,42.1,226,-17.4" /></mjloggm>