<mjloggm ver="2.3"><GO type="225" lobby="0"/><UN n0="%E3%81%86%E3%82%8B%E3%81%8A%E3%81%A1%E3%82%83" n1="%E3%81%86%E3%83%BC%E3%81%B1%E3%83%BC" n2="%6D%75%75%6D%75%72%61" n3="%E7%99%BD%E9%9B%AA%E4%B9%83%E6%84%9B" dan="16,16,17,16" rate="2062.38,2147.35,2192.53,2059.07" sx="F,F,F,F"/><TAIKYOKU oya="0"/><INIT seed="0,0,0,2,4,22" ten="250,250,250,250" oya="0" hai0="29,50,96,123,120,111,10,102,70,65,103,24,92" hai1="36,27,18,105,109,117,20,106,6,23,127,112,107" hai2="78,66,94,99,98,37,80,28,90,45,67,21,115" hai3="9,5,86,63,43,101,131,85,0,71,132,33,68"/><T32/><D111/><U95/><E117/><V89/><F115/><W15/><G43/><T38/><D38/><U48/><E36/><V19/><F28/><W26/><G131/><T25/><D50/><U8/><E112/><V57/><F37/><W77/><G132/><T119/><D119/><U104/><E127/><V39/><F45/><W124/><G124/><T133/><D133/><U30/><E109/><V83/><F39/><W113/><G113/><T125/><D125/><U135/><E135/><V11/><F11/><W82/><G101/><T108/><D108/><U49/><N who="1" m="26624" /><DORA hai="76" /><U3/><REACH who="1" step="1"/><E95/><REACH who="1" ten="250,240,250,250" step="2"/><N who="2" m="56687" /><F78/><W72/><G0/><T7/><D92/><U110/><E110/><V34/><F34/><W46/><G46/><T121/><D32/><U88/><E88/><V53/><F66/><W41/><G41/><T31/><D65/><U134/><E134/><V87/><F67/><W126/><G126/><T1/><D103/><U16/><E16/><V75/><F75/><W81/><G72/><T129/><D102/><U84/><E84/><V60/><F87/><W51/><G33/><T91/><D96/><U128/><E128/><V100/><F100/><W40/><G40/><T118/><D129/><U74/><E74/><V13/><AGARI ba="0,1" hai="13,19,21,53,57,60,80,83,90,94,99" m="56687" machi="13" ten="30,4000,0" yaku="8,1,52,2" doraHai="22,76" who="2" fromWho="2" sc="250,-20,240,-10,250,50,250,-10" /><INIT seed="1,0,0,3,2,66" ten="230,230,300,240" oya="1" hai0="36,16,54,57,129,25,109,60,52,39,65,18,6" hai1="117,3,13,23,62,15,123,89,20,37,59,49,85" hai2="55,69,8,12,61,95,17,30,131,103,50,64,108" hai3="121,100,77,32,106,40,96,84,2,120,102,79,81"/><U87/><E123/><V72/><F108/><W104/><G2/><T44/><D109/><U56/><E117/><V116/><F116/><W75/><G32/><T14/><D129/><U130/><E37/><V113/><F131/><W115/><G40/><T94/><D39/><U38/><E38/><V21/><F72/><W26/><G26/><T43/><D94/><U125/><E125/><V45/><F113/><W90/><G115/><T86/><D86/><U74/><E74/><V51/><F51/><W46/><G46/><T132/><D132/><U114/><E3/><V101/><REACH who="2" step="1"/><F95/><REACH who="2" ten="230,230,290,240" step="2"/><W19/><G75/><T124/><D124/><U0/><E114/><V1/><F1/><W34/><G120/><T88/><D25/><AGARI ba="0,1" hai="8,12,17,21,25,30,45,50,55,61,64,69,101,103" machi="25" ten="40,2600,0" yaku="1,1,52,1,53,0" doraHai="66" doraHaiUra="133" who="2" fromWho="0" sc="230,-26,230,0,290,36,240,0" /><INIT seed="2,0,0,4,5,49" ten="204,230,326,240" oya="2" hai0="16,65,50,60,67,41,114,73,87,2,54,134,89" hai1="124,4,129,64,96,103,79,121,43,71,78,48,104" hai2="108,19,11,123,22,31,97,42,27,20,34,58,56" hai3="45,130,92,62,80,36,120,29,37,47,33,57,91"/><V85/><F123/><W30/><G120/><T53/><D73/><U128/><E121/><V5/><F108/><W7/><G130/><N who="1" m="50282" /><E124/><V76/><F42/><W101/><G7/><T112/><D2/><U88/><E4/><V106/><F106/><W12/><G36/><T18/><D134/><U125/><E125/><V15/><F97/><W44/><G37/><T8/><D112/><U52/><E43/><V61/><F34/><W102/><G12/><N who="0" m="7175" /><D114/><U9/><E9/><V131/><F131/><W3/><G3/><T26/><D41/><U21/><E21/><V107/><F107/><W127/><G127/><T28/><D28/><N who="3" m="10857" /><G80/><T40/><D40/><U70/><E88/><V110/><F110/><W100/><G33/><T109/><D109/><U82/><E64/><N who="0" m="24649" /><D60/><U6/><E6/><V59/><F61/><W75/><G75/><T77/><D77/><N who="1" m="29195" /><E82/><V118/><F118/><W51/><G62/><T10/><D50/><U81/><E81/><V74/><F74/><W63/><G63/><T99/><D99/><U105/><E105/><V68/><F76/><W25/><G51/><T55/><D10/><U111/><E111/><V24/><F11/><W126/><G126/><T66/><N who="0" m="24657" /><T90/><DORA hai="1" /><D87/><U115/><E115/><V14/><F85/><N who="3" m="52335" /><G102/><T13/><D13/><U132/><E132/><V39/><F15/><W72/><G72/><T95/><D95/><U17/><E17/><V32/><F19/><W133/><G133/><T119/><D119/><U23/><E23/><AGARI ba="0,0" hai="18,23,26,53,54,55,89,90" m="24657,7175" machi="23" ten="40,8000,1" yaku="8,1,52,3,54,1" doraHai="49,1" who="0" fromWho="1" sc="204,80,230,-80,326,0,240,0" /><INIT seed="3,0,0,5,1,66" ten="284,150,326,240" oya="3" hai0="5,134,85,6,82,43,18,129,116,61,17,40,126" hai1="98,49,24,102,124,57,14,122,99,77,41,30,94" hai2="117,37,110,62,71,107,47,92,111,52,33,96,84" hai3="16,105,132,128,12,63,103,32,64,68,79,60,56"/><W135/><G32/><T38/><D116/><U115/><E124/><V1/><F117/><W72/><G128/><T45/><D126/><U8/><E122/><V59/><F33/><W73/><G103/><T20/><D134/><N who="3" m="51241" /><G105/><T3/><D129/><U23/><E115/><V7/><F107/><W27/><G27/><T51/><D61/><U0/><E0/><V130/><F130/><W42/><G42/><T113/><D113/><U69/><E77/><V100/><F71/><W127/><G127/><T36/><D36/><U15/><E69/><V75/><F75/><W80/><G72/><T21/><D38/><U90/><E8/><V48/><F37/><W125/><G125/><T22/><D40/><U78/><E78/><V11/><REACH who="2" step="1"/><F84/><REACH who="2" ten="284,150,316,240" step="2"/><W55/><G12/><T54/><D3/><U35/><E35/><V67/><AGARI ba="0,1" hai="1,7,11,47,48,52,59,62,67,92,96,100,110,111" machi="67" ten="30,7900,0" yaku="1,1,2,1,0,1,54,1,53,0" doraHai="66" doraHaiUra="101" who="2" fromWho="2" sc="284,-20,150,-20,316,89,240,-39" owari="264,6.4,130,-37.0,405,50.5,201,-19.9" /></mjloggm>