<mjloggm ver="2.3"><GO type="225" lobby="0"/><UN n0="%E7%9C%9F%E4%B8%80" n1="%73%69%72%6F%75%74" n2="%45%6C%79%73%69%75%6D" n3="%E3%81%A9%E3%82%8F%E3%82%93%E3%81%94" dan="17,16,17,16" rate="2236.14,2037.54,2138.02,2190.14" sx="M,M,F,M"/><TAIKYOKU oya="0"/><INIT seed="0,0,0,0,5,69" ten="250,250,250,250" oya="0" hai0="21,25,88,93,66,134,13,34,23,71,91,70,126" hai1="38,120,17,42,83,3,24,77,101,27,46,97,9" hai2="116,124,10,62,123,92,45,47,113,98,135,117,14" hai3="133,1,54,82,4,114,22,61,103,95,8,121,19"/><T84/><D134/><U63/><E120/><V41/><F123/><W59/><G133/><T73/><D73/><U28/><E63/><V67/><F135/><W94/><G121/><T11/><D34/><U76/><E76/><V107/><F107/><W105/><G114/><T16/><D126/><U115/><E115/><V31/><F31/><W60/><G105/><T15/><D66/><U29/><E29/><V102/><F113/><W129/><G129/><T79/><D79/><U74/><E28/><V49/><F47/><W122/><G122/><T80/><D23/><U109/><E109/><V118/><F124/><W89/><G103/><T53/><D13/><U78/><E78/><V130/><F130/><W96/><G82/><T68/><D53/><U39/><E39/><V52/><F14/><W0/><G95/><T43/><D43/><U112/><E112/><V75/><F75/><W48/><G1/><T127/><D127/><U58/><E58/><N who="2" m="37335" /><F10/><W33/><G33/><T44/><D44/><U108/><E108/><V35/><F35/><W50/><G61/><T106/><D106/><N who="1" m="63791" /><E17/><V57/><F57/><W86/><REACH who="3" step="1"/><G86/><REACH who="3" ten="250,250,250,240" step="2"/><T55/><D93/><U2/><E3/><V85/><F85/><W30/><G30/><T132/><D132/><U26/><E2/><V90/><F102/><W81/><G81/><T51/><D84/><U32/><E32/><V5/><F117/><W12/><AGARI ba="0,1" hai="0,4,8,12,19,22,48,50,54,59,60,89,94,96" machi="12" ten="20,2700,0" yaku="1,1,0,1,7,1,53,0" doraHai="69" doraHaiUra="72" who="3" fromWho="3" sc="250,-13,250,-7,250,-7,240,37" /><INIT seed="1,0,0,2,4,68" ten="237,243,243,277" oya="1" hai0="24,0,122,9,46,94,30,48,26,61,58,55,8" hai1="87,100,73,110,13,12,121,92,74,59,91,70,28" hai2="4,78,69,135,84,44,6,72,75,124,54,127,85" hai3="67,82,116,98,14,43,126,32,49,39,29,52,134"/><U65/><E70/><V101/><F69/><W97/><G134/><T16/><D122/><U64/><E121/><V132/><F54/><W105/><G32/><T37/><D37/><U130/><E130/><V109/><F44/><W15/><G29/><T40/><D0/><U2/><E2/><V21/><F21/><W111/><G67/><T119/><D119/><U106/><E74/><N who="2" m="28203" /><F109/><W107/><G111/><T103/><D30/><U79/><E110/><V112/><F112/><W113/><G116/><T88/><D103/><U41/><E28/><V57/><F57/><W51/><G113/><T129/><D129/><U102/><E41/><V56/><F56/><W90/><G43/><T115/><D115/><U23/><E102/><V118/><F118/><W108/><G39/><T27/><REACH who="0" step="1"/><D16/><REACH who="0" ten="227,243,243,277" step="2"/><U114/><E114/><V10/><F101/><W11/><G108/><T18/><D18/><U125/><E12/><V38/><F38/><W81/><G14/><T5/><D5/><U36/><E36/><V34/><F4/><W128/><G15/><T131/><D131/><U95/><E13/><V104/><F6/><W89/><G128/><T133/><D133/><U20/><E100/><V93/><F132/><W60/><G11/><T80/><D80/><U83/><E83/><N who="2" m="47223" /><F10/><W33/><G33/><T96/><AGARI ba="0,1" hai="8,9,24,26,27,40,46,48,55,58,61,88,94,96" machi="96" ten="30,7900,0" yaku="1,1,0,1,8,1,54,1,53,0" doraHai="68" doraHaiUra="35" who="0" fromWho="0" sc="227,89,243,-39,243,-20,277,-20" /><INIT seed="2,0,0,0,5,90" ten="316,204,223,257" oya="2" hai0="79,106,65,29,20,82,76,43,8,47,30,80,54" hai1="101,109,71,22,27,96,108,3,13,67,62,97,95" hai2="10,9,1,26,105,46,24,4,64,110,39,87,114" hai3="40,38,129,131,113,23,59,94,12,73,68,60,77"/><V35/><F114/><W98/><G113/><T2/><D106/><U28/><E3/><V58/><F105/><W36/><G68/><T112/><D54/><U92/><REACH who="1" step="1"/><E13/><REACH who="1" ten="316,194,223,257" step="2"/><V104/><F1/><W85/><G12/><T16/><D2/><U78/><E78/><V91/><F110/><W103/><G77/><T42/><D112/><U21/><E21/><V135/><F35/><W86/><G23/><T15/><D20/><U41/><E41/><V66/><F24/><W120/><G40/><T118/><D43/><U53/><E53/><V125/><F26/><W49/><G131/><T124/><D65/><U45/><E45/><V117/><F46/><W132/><G129/><T51/><D118/><U83/><E83/><V128/><F117/><W74/><G74/><T70/><D82/><U134/><E134/><V121/><F135/><W48/><G73/><T18/><D79/><U37/><E37/><V44/><F128/><W122/><G132/><T102/><D80/><U33/><E33/><V0/><F39/><W61/><G38/><T32/><D76/><U11/><E11/><V57/><F44/><W107/><G36/><T63/><D32/><U31/><E31/><V72/><F10/><W88/><G122/><T133/><D133/><U127/><E127/><V52/><F125/><W100/><G120/><T99/><D124/><U6/><E6/><V14/><F121/><W19/><G19/><T69/><D18/><U7/><E7/><V89/><F72/><W75/><G75/><T130/><D130/><U115/><E115/><V126/><F126/><W17/><G17/><RYUUKYOKU ba="0,1" sc="316,-10,194,30,223,-10,257,-10" hai1="22,27,28,62,67,71,92,95,96,97,101,108,109" /><INIT seed="3,1,1,3,4,109" ten="306,224,213,247" oya="3" hai0="71,133,5,120,68,32,16,67,31,97,42,86,101" hai1="107,57,28,128,117,83,64,50,0,77,70,111,105" hai2="132,112,73,8,88,3,84,72,46,39,47,27,12" hai3="38,4,52,21,126,40,66,90,25,37,118,115,14"/><W91/><G118/><T100/><D120/><U96/><E0/><V82/><F132/><W30/><G66/><T129/><D5/><U122/><E122/><V127/><F3/><W106/><G106/><T15/><D42/><U51/><E111/><V113/><F127/><W79/><G115/><N who="2" m="44105" /><F27/><W92/><G126/><T26/><D129/><U93/><E128/><V9/><F9/><W56/><G79/><T33/><D133/><U58/><E28/><V61/><F61/><W59/><G59/><T43/><D33/><U63/><E117/><V103/><F103/><W116/><G116/><T35/><D35/><U75/><E70/><V110/><F110/><W108/><G108/><T102/><D71/><U13/><E13/><V41/><F47/><W55/><G55/><T60/><D43/><U18/><E18/><N who="2" m="8455" /><F39/><W17/><G40/><T76/><D102/><U2/><E2/><V99/><F99/><W121/><G121/><T134/><D97/><U69/><E69/><V53/><F41/><W104/><G38/><T34/><D134/><U23/><E23/><V65/><F65/><W11/><G37/><T29/><D34/><U87/><E57/><V130/><F130/><W7/><G104/><T114/><D114/><U49/><REACH who="1" step="1"/><E75/><REACH who="1" ten="306,214,213,247" step="2"/><V89/><F89/><AGARI ba="1,2" hai="49,50,51,58,63,64,77,83,87,89,93,96,105,107" machi="89" ten="40,5200,0" yaku="1,1,2,1,53,1" doraHai="109" doraHaiUra="54" who="1" fromWho="2" sc="306,0,214,75,213,-55,247,0" owari="306,40.6,289,8.9,158,-34.2,247,-15.3" /></mjloggm>