<mjloggm ver="2.3"><GO type="225" lobby="0"/><UN n0="%4B%2E%32%2E%4B%2E" n1="%E8%81%B7%E6%A5%AD%E3%80%81%E9%A2%A8%32" n2="%72%61%6B%33" n3="%E9%A2%A8%E3%81%A7%E9%B3%B4%E3%81%8F" dan="16,16,18,16" rate="2110.39,2150.26,2237.23,2158.92" sx="M,M,M,M"/><TAIKYOKU oya="0"/><INIT seed="0,0,0,0,3,92" ten="250,250,250,250" oya="0" hai0="46,50,65,53,131,12,62,112,107,3,30,109,11" hai1="98,96,40,20,111,88,27,8,35,1,134,117,75" hai2="32,0,26,119,2,76,38,130,13,80,48,110,95" hai3="118,6,18,5,115,66,77,94,59,69,86,97,89"/><T120/><D112/><U25/><E117/><V113/><F38/><W22/><G69/><T84/><D120/><U108/><E75/><V58/><F110/><N who="1" m="42025" /><E134/><V91/><F130/><W132/><G118/><T41/><D109/><U39/><E39/><V23/><F32/><W57/><G132/><T10/><D131/><U74/><E74/><V43/><F13/><W127/><G127/><T54/><D107/><U103/><E40/><V73/><F113/><W122/><G122/><T100/><D100/><U4/><E35/><V63/><F48/><W29/><G29/><T124/><D124/><U67/><E67/><V52/><F43/><W78/><G59/><T28/><D84/><U7/><E7/><N who="3" m="2570" /><G86/><T15/><D15/><U19/><E103/><V55/><F55/><N who="0" m="21002" /><D3/><U104/><E104/><V123/><F123/><W82/><G82/><T37/><D37/><U106/><E106/><V9/><F9/><N who="0" m="3082" /><D12/><N who="1" m="9319" /><E88/><V24/><F119/><W101/><G101/><T21/><D21/><U83/><E83/><V81/><F81/><W114/><G115/><T121/><D121/><U79/><E79/><V60/><F24/><AGARI ba="0,0" hai="1,4,8,24,25,27,96,98" m="9319,42025" machi="24" ten="30,3900,0" yaku="14,1,52,2" doraHai="92" who="1" fromWho="2" sc="250,0,250,39,250,-39,250,0" /><INIT seed="1,0,0,5,4,64" ten="250,289,211,250" oya="1" hai0="119,23,27,12,69,67,1,41,36,33,132,4,84" hai1="15,90,97,8,47,55,105,42,93,2,65,71,6" hai2="112,17,24,122,46,125,83,30,73,113,52,92,25" hai3="114,11,87,48,100,9,110,61,99,51,108,58,91"/><U102/><E55/><V89/><F122/><W72/><G72/><T121/><D119/><U63/><E2/><V16/><F125/><W68/><G114/><N who="2" m="44137" /><F83/><W10/><G68/><T76/><D121/><U111/><E111/><V78/><F78/><W59/><G59/><T85/><D132/><U21/><E21/><N who="2" m="15631" /><F73/><W66/><G108/><T44/><D1/><U109/><E109/><V96/><F25/><W26/><G26/><T57/><D76/><U79/><E79/><V56/><F46/><W35/><G35/><T38/><D44/><U20/><E20/><V101/><F101/><W123/><G123/><T115/><D27/><U13/><E13/><V82/><F82/><W34/><G34/><T74/><D74/><U81/><E81/><V62/><AGARI ba="0,0" hai="16,17,52,56,62,89,92,96" m="15631,44137" machi="62" ten="30,4000,0" yaku="11,1,54,2" doraHai="64" who="2" fromWho="2" sc="250,-10,289,-20,211,40,250,-10" /><INIT seed="2,0,0,0,1,37" ten="240,269,251,240" oya="2" hai0="73,94,124,26,5,114,48,92,68,135,31,76,52" hai1="121,126,69,11,6,87,23,97,0,66,61,54,125" hai2="12,9,118,107,129,62,21,122,35,102,85,39,96" hai3="83,16,63,101,79,117,14,105,90,60,88,3,123"/><V53/><F35/><W25/><G3/><T19/><D68/><U55/><E121/><V111/><F122/><W99/><G117/><T112/><D135/><U58/><E97/><V77/><F118/><W24/><G123/><T38/><D38/><U132/><E132/><V116/><F116/><W103/><G63/><T82/><D124/><N who="1" m="47723" /><E87/><V44/><F129/><W113/><G60/><T15/><D5/><U130/><E130/><V43/><F111/><W28/><G103/><T64/><D64/><U8/><E69/><V75/><F21/><W45/><G45/><T65/><D65/><U30/><E11/><V13/><F75/><W18/><G25/><AGARI ba="0,0" hai="0,6,8,23,25,30,54,55,58,61,66" m="47723" machi="25" ten="30,1000,0" yaku="18,1" doraHai="37" who="1" fromWho="3" sc="240,0,269,10,251,0,240,-10" /><INIT seed="3,0,0,3,4,134" ten="240,279,251,230" oya="3" hai0="90,72,40,100,5,93,53,3,83,51,61,71,135" hai1="124,74,7,43,32,37,77,18,47,99,25,103,29" hai2="79,107,75,81,128,76,111,16,31,133,33,1,54" hai3="63,121,68,58,6,132,118,23,104,15,65,59,101"/><W91/><G118/><T96/><D135/><U14/><E7/><V38/><F1/><W120/><G132/><T108/><D108/><U4/><E4/><V45/><F107/><W22/><G101/><T126/><D126/><U69/><E124/><V64/><F64/><W13/><G104/><T95/><D40/><U110/><E110/><V89/><F128/><W46/><G46/><T26/><D26/><U19/><E69/><V17/><F79/><W56/><G91/><T113/><D113/><U127/><E127/><V35/><F133/><W55/><G55/><T109/><D109/><U36/><E36/><V8/><F111/><W123/><REACH who="3" step="1"/><G6/><REACH who="3" ten="240,279,251,220" step="2"/><T116/><D116/><U129/><E103/><V42/><F54/><W11/><G11/><T105/><D105/><U27/><E47/><V12/><F89/><W0/><G0/><T86/><D5/><U60/><E43/><V73/><F42/><W10/><G10/><T28/><D3/><U52/><E52/><V85/><F45/><W67/><G67/><N who="0" m="41455" /><D53/><U24/><E37/><V9/><F38/><W114/><G114/><T97/><D51/><U39/><E39/><V62/><F8/><W2/><G2/><T70/><D100/><U57/><E60/><V41/><F62/><W102/><G102/><T50/><D50/><U66/><E66/><V115/><F41/><W112/><G112/><T130/><D90/><U122/><E29/><V94/><F31/><W49/><G49/><T21/><D28/><U125/><E125/><V20/><F115/><W34/><G34/><T119/><D119/><U106/><E106/><RYUUKYOKU ba="0,1" sc="240,-10,279,-10,251,-10,220,30" hai3="13,15,22,23,56,58,59,63,65,68,120,121,123" /><INIT seed="3,1,1,1,4,20" ten="230,269,241,250" oya="3" hai0="115,131,26,90,103,54,102,134,86,12,63,120,89" hai1="104,40,4,108,87,13,17,31,61,97,96,69,113" hai2="121,72,64,128,9,51,116,6,101,122,2,135,105" hai3="93,57,14,75,59,10,125,133,8,18,126,82,5"/><W67/><G133/><T37/><D120/><U39/><E108/><V100/><F116/><W91/><G67/><T24/><D37/><U132/><E113/><V70/><F135/><W123/><G82/><N who="0" m="49367" /><D134/><U34/><E39/><V79/><F51/><W22/><G75/><T129/><D115/><U35/><E35/><V0/><F0/><W118/><G10/><T21/><D90/><U28/><E34/><V53/><F53/><W19/><G118/><T127/><D127/><N who="3" m="48649" /><G123/><T106/><D106/><U71/><E104/><V55/><F55/><W112/><G112/><T81/><D81/><U60/><E69/><V32/><F32/><W65/><G65/><T99/><D12/><U76/><E13/><V15/><F15/><N who="3" m="9567" /><G5/><T36/><D36/><U130/><E4/><V84/><F72/><W52/><G52/><T49/><D63/><U44/><E60/><V48/><F6/><W30/><G30/><N who="0" m="17679" /><D26/><U41/><E61/><V11/><F122/><W74/><G74/><T42/><D42/><U95/><E41/><V73/><F73/><W50/><G50/><T68/><D68/><U23/><E71/><V1/><F48/><W109/><G109/><T66/><D66/><U33/><E40/><V124/><F124/><W43/><G43/><T85/><D85/><AGARI ba="1,1" hai="8,14,19,57,59,85,91,93" m="9567,48649" machi="85" ten="30,1500,0" yaku="18,1" doraHai="20" who="3" fromWho="0" sc="230,-18,269,0,241,0,250,28" /><INIT seed="3,2,0,4,1,104" ten="212,269,241,278" oya="3" hai0="129,31,19,75,18,114,44,98,121,74,131,29,33" hai1="48,30,35,102,56,130,100,39,1,15,101,4,94" hai2="92,79,49,32,17,8,108,50,64,99,24,59,0" hai3="45,22,13,69,26,73,70,124,120,106,88,40,125"/><W28/><G106/><T109/><D121/><U96/><E130/><N who="0" m="49673" /><D109/><U46/><E39/><V11/><F108/><W14/><G120/><T5/><D114/><U61/><E1/><V89/><F32/><W93/><G73/><N who="0" m="27659" /><D5/><U116/><E116/><V112/><F79/><W81/><G81/><T83/><D83/><U63/><E4/><V71/><F71/><W77/><G77/><T111/><D111/><U126/><E126/><N who="3" m="48746" /><G70/><T16/><D33/><U128/><E35/><V67/><F112/><W133/><G69/><T113/><D113/><U65/><E128/><V12/><F24/><W53/><G53/><T118/><D118/><U37/><E15/><V134/><F134/><W58/><G133/><T54/><D98/><U115/><E115/><V60/><F67/><W20/><G22/><T41/><D54/><U25/><E65/><V95/><F0/><W119/><G119/><T27/><D27/><U36/><E25/><V117/><F117/><W57/><G14/><T2/><D2/><U90/><E96/><N who="2" m="57359" /><F8/><W80/><G13/><T38/><AGARI ba="2,0" hai="16,18,19,29,31,38,41,44" m="27659,49673" machi="38" ten="40,8000,1" yaku="19,1,52,3,54,1" doraHai="104" who="0" fromWho="0" sc="212,86,269,-22,241,-22,278,-42" /><INIT seed="4,0,0,3,1,3" ten="298,247,219,236" oya="0" hai0="75,42,134,29,22,110,126,14,20,50,43,18,8" hai1="114,95,10,131,103,60,119,73,48,49,69,100,124" hai2="67,98,85,87,113,129,63,107,71,97,130,52,38" hai3="19,105,81,94,82,56,39,88,44,96,133,24,16"/><T118/><D75/><U66/><E73/><V99/><F107/><W58/><G105/><T86/><D118/><U53/><E119/><V12/><F38/><W89/><G133/><T127/><D134/><U57/><E124/><N who="0" m="47657" /><D110/><U84/><E131/><N who="2" m="50187" /><F113/><W59/><G39/><T13/><D86/><N who="2" m="32778" /><F12/><W78/><G78/><T9/><D29/><U135/><E114/><V0/><F0/><W101/><G44/><N who="0" m="25879" /><D43/><U46/><E135/><V21/><F21/><N who="3" m="13351" /><G19/><AGARI ba="0,0" hai="8,9,13,14,18,19,20,22" m="25879,47657" machi="19" ten="30,1500,0" yaku="18,1" doraHai="3" who="0" fromWho="3" sc="298,15,247,0,219,0,236,-15" owari="313,41.3,247,4.7,219,-28.1,221,-17.9" /></mjloggm>