<mjloggm ver="2.3"><GO type="225" lobby="0"/><UN n0="%74%61%6B%75%61%6B%61" n1="%77%72%77%72%77%72%77%72" n2="%72%69%6F%75%63%68%61%6E" n3="%E3%81%95%E3%81%8D%E3%81%9F%E3%81%BE%E6%9E%97%E6%AA%8E" dan="17,16,16,16" rate="2256.72,2140.77,2131.61,2120.22" sx="M,M,M,M"/><TAIKYOKU oya="0"/><INIT seed="0,0,0,4,2,19" ten="250,250,250,250" oya="0" hai0="112,44,133,28,82,99,55,10,69,130,58,73,17" hai1="23,132,30,102,100,95,62,31,35,85,11,98,47" hai2="6,105,46,26,7,64,27,77,14,38,93,106,25" hai3="45,39,56,59,41,2,115,103,91,107,33,18,108"/><T16/><D112/><U3/><E35/><V60/><F77/><W21/><G108/><T12/><D69/><U116/><E116/><V24/><F93/><W124/><G33/><T117/><D117/><U13/><E132/><V37/><N who="2" m="6144" /><DORA hai="22" /><V36/><F46/><W54/><G115/><T57/><D133/><U129/><E3/><V78/><F78/><W110/><G110/><T74/><D28/><N who="1" m="10795" /><E85/><V86/><F86/><W109/><G109/><T0/><D0/><U70/><E70/><V125/><F125/><W72/><G72/><T79/><D130/><U131/><E23/><V63/><F14/><W1/><G59/><T76/><D17/><N who="1" m="8383" /><E47/><V92/><F92/><W61/><G124/><T48/><REACH who="0" step="1"/><D99/><REACH who="0" ten="240,250,250,250" step="2"/><U97/><E129/><V119/><F119/><W75/><G1/><T4/><D4/><N who="2" m="1578" /><F64/><W20/><G2/><T126/><D126/><U49/><E131/><V34/><F34/><W120/><G120/><T123/><D123/><U122/><E122/><V88/><F88/><W113/><G91/><T40/><D40/><U114/><E114/><V84/><F84/><W135/><G41/><T90/><D90/><U66/><E98/><V121/><F121/><W53/><G113/><T9/><D9/><U128/><E128/><V71/><F71/><W118/><G135/><T127/><D127/><U15/><E15/><V104/><AGARI ba="0,1" hai="36,37,38,60,63,104,105,106" m="1578,6144" machi="104" ten="60,16000,3" yaku="29,2,28,2,52,4" doraHai="19,22" who="2" fromWho="2" sc="240,-80,250,-40,250,170,250,-40" /><INIT seed="1,0,0,5,3,83" ten="160,210,420,210" oya="1" hai0="36,41,71,94,108,60,8,79,49,34,118,40,68" hai1="29,46,81,120,101,70,84,129,44,62,22,30,19" hai2="16,63,89,51,23,113,6,124,125,27,24,92,75" hai3="130,3,122,13,20,48,106,43,61,97,132,54,102"/><U78/><E120/><V52/><F113/><W11/><G122/><T111/><D34/><U99/><E129/><V17/><F75/><W109/><G109/><N who="0" m="42059" /><D79/><U73/><E73/><V28/><F6/><W103/><G132/><T31/><D94/><N who="1" m="58615" /><E62/><V127/><F63/><W77/><G130/><T117/><D31/><N who="1" m="11787" /><E70/><N who="0" m="26665" /><D8/><U33/><E33/><V107/><F107/><W80/><G103/><T18/><D18/><U123/><E123/><V12/><F24/><AGARI ba="0,0" hai="19,22,24,44,46,78,81,84" m="11787,58615" machi="24" ten="30,2900,0" yaku="8,1,52,1" doraHai="83" who="1" fromWho="2" sc="160,0,210,29,420,-29,210,0" /><INIT seed="1,1,0,5,4,105" ten="160,239,391,210" oya="1" hai0="53,95,109,85,98,113,66,86,52,124,120,80,102" hai1="2,63,108,74,67,71,31,65,112,49,34,14,130" hai2="62,117,24,13,132,29,121,45,61,27,131,40,64" hai3="89,10,7,133,21,3,103,119,73,30,87,82,17"/><U96/><E112/><V134/><F117/><W72/><G133/><N who="2" m="51305" /><F121/><W16/><G119/><T127/><D113/><U104/><E2/><V44/><F131/><W4/><G4/><T97/><D109/><U43/><E67/><V91/><F13/><W11/><G103/><T76/><D66/><U18/><E130/><V135/><F135/><W23/><G11/><T33/><D33/><U25/><E49/><N who="2" m="26759" /><F91/><W106/><G106/><T128/><D128/><U83/><E43/><V38/><F29/><W41/><G41/><T81/><D120/><U8/><E108/><V6/><F6/><W94/><G30/><T0/><D0/><U26/><E26/><N who="2" m="9771" /><F64/><W54/><G54/><T51/><D97/><U77/><E96/><V9/><F9/><W93/><G23/><T22/><D22/><U39/><E39/><V50/><F38/><W5/><G5/><T107/><D107/><U47/><E47/><V123/><F123/><W84/><G17/><T99/><D99/><U12/><E12/><V115/><F115/><W37/><G37/><T35/><D35/><U42/><E42/><AGARI ba="1,0" hai="42,45,50,61,62" m="9771,26759,51305" machi="42" ten="30,1000,0" yaku="20,1" doraHai="105" who="2" fromWho="1" sc="160,0,239,-13,391,13,210,0" /><INIT seed="2,0,0,5,5,79" ten="160,226,404,210" oya="2" hai0="77,134,39,26,18,29,56,129,19,5,40,93,84" hai1="0,48,95,20,25,23,52,15,130,63,6,47,43" hai2="60,36,4,41,119,132,7,21,105,78,87,30,123" hai3="12,34,83,89,3,126,65,92,96,28,120,49,50"/><V86/><F119/><W124/><G120/><T57/><D129/><U88/><E0/><V118/><F118/><W62/><G3/><T37/><D134/><U53/><E130/><V11/><F123/><W32/><G12/><T22/><D5/><U1/><E1/><V46/><F105/><W76/><G50/><T80/><D37/><U106/><E106/><V114/><F114/><W58/><G49/><T69/><D69/><U31/><E63/><V72/><F132/><W13/><G13/><T111/><D111/><U27/><E15/><V101/><F101/><W33/><REACH who="3" step="1"/><G28/><REACH who="3" ten="160,226,404,200" step="2"/><T121/><D121/><U122/><E122/><V115/><F30/><W70/><G70/><T107/><D107/><U110/><E110/><V133/><F133/><W82/><G82/><T16/><REACH who="0" step="1"/><D93/><REACH who="0" ten="150,226,404,200" step="2"/><U73/><E6/><V9/><F4/><W81/><G81/><T100/><D100/><U10/><E95/><V99/><F7/><W67/><G67/><T8/><D8/><U131/><E10/><V24/><F9/><W104/><G104/><T98/><D98/><U128/><E128/><V116/><F99/><W85/><AGARI ba="0,2" hai="32,33,34,58,62,65,76,83,85,89,92,96,124,126" machi="85" ten="40,5200,0" yaku="1,1,0,1,52,1,53,0" doraHai="79" doraHaiUra="66" who="3" fromWho="3" sc="150,-13,226,-13,404,-26,200,72" /><INIT seed="3,0,0,1,5,33" ten="137,213,378,272" oya="3" hai0="49,51,8,40,133,22,63,101,131,13,46,77,60" hai1="83,52,119,79,105,14,112,59,120,128,103,87,72" hai2="94,67,3,21,57,122,90,35,110,106,6,93,1" hai3="109,18,45,104,56,115,25,111,17,48,91,89,19"/><W85/><G115/><T134/><D131/><U50/><E112/><V127/><F35/><W47/><G104/><T107/><D133/><U97/><E120/><V38/><F106/><W69/><G69/><T74/><D134/><U125/><E128/><V43/><F6/><W65/><G25/><T36/><D107/><U126/><E119/><V7/><F7/><W41/><G47/><T135/><D135/><U98/><E98/><V5/><F5/><W44/><G44/><T32/><D32/><U121/><E121/><V61/><F122/><W132/><G132/><T73/><D101/><U24/><E14/><V66/><F43/><W10/><G10/><T81/><D73/><U42/><E24/><V124/><F38/><W39/><G39/><T53/><D22/><U4/><E4/><V15/><F110/><N who="3" m="41995" /><G85/><T114/><D114/><U64/><E42/><V95/><F90/><W99/><G99/><T113/><D113/><U123/><E123/><V12/><F66/><W68/><G68/><T28/><D28/><U27/><E64/><V34/><F34/><W11/><G11/><T0/><D36/><U100/><E27/><V75/><F75/><W55/><G65/><T86/><D74/><U26/><E26/><V23/><F23/><W102/><G102/><T16/><REACH who="0" step="1"/><D0/><REACH who="0" ten="127,213,378,272" step="2"/><U62/><E100/><V58/><F21/><W80/><G80/><T130/><D130/><U20/><E72/><V117/><F1/><W71/><G71/><T37/><D37/><U96/><E20/><V30/><F3/><W92/><G92/><N who="2" m="35433" /><F117/><W84/><G84/><T88/><D88/><RYUUKYOKU ba="0,1" sc="127,15,213,-15,378,-15,272,15" hai0="8,13,16,40,46,49,51,53,60,63,77,81,86" hai3="17,18,19,41,45,48,55,56,89,91" /><INIT seed="3,1,1,3,3,108" ten="142,198,363,287" oya="3" hai0="109,33,0,129,5,92,28,77,133,73,131,3,24" hai1="81,11,16,80,119,57,95,46,61,42,120,84,87" hai2="79,38,97,52,27,62,13,107,37,56,53,60,30" hai3="47,100,117,68,23,114,36,59,110,7,65,91,122"/><W58/><G114/><T51/><D92/><U83/><E120/><V49/><F79/><W43/><G117/><T96/><D96/><U4/><E119/><V20/><F13/><W19/><G122/><T48/><D48/><N who="1" m="26711" /><E4/><V45/><REACH who="2" step="1"/><F62/><REACH who="2" ten="142,198,353,287" step="2"/><W71/><G110/><T22/><D77/><U113/><E61/><V98/><F98/><W12/><G100/><AGARI ba="1,2" hai="20,27,30,37,38,45,49,52,53,56,60,97,100,107" machi="100" ten="40,2600,0" yaku="1,1,54,1,53,0" doraHai="108" doraHaiUra="32" who="2" fromWho="3" sc="142,0,198,0,353,49,287,-29" owari="142,-35.8,198,-20.2,402,50.2,258,5.8" /></mjloggm>