<mjloggm ver="2.3"><GO type="225" lobby="0"/><UN n0="%6D%75%75%73%61%6E%6D%75" n1="%E8%BE%9B%E5%8F%A3%E3%82%AB%E3%83%AC%E3%83%BC%E3%83%A9%E3%82%A4%E3%82%B9" n2="%E4%B8%89%E5%88%86%E5%B0%8F%E5%83%A7" n3="%E3%80%90%E3%83%88%E3%83%AA%E3%83%A5%E3%83%95%E3%80%91" dan="17,17,16,16" rate="2164.47,2233.93,2094.12,2088.13" sx="F,M,M,M"/><TAIKYOKU oya="0"/><INIT seed="0,0,0,4,5,107" ten="250,250,250,250" oya="0" hai0="6,44,69,64,33,25,62,39,116,36,125,95,54" hai1="130,123,4,18,37,89,66,132,51,41,86,17,94" hai2="26,59,7,49,92,55,47,27,103,79,122,48,14" hai3="9,43,45,114,24,77,100,102,135,76,23,70,38"/><T30/><D116/><U113/><E123/><V88/><F122/><W50/><G114/><T90/><D125/><U20/><E37/><V46/><F103/><W16/><G135/><T101/><D6/><U105/><E105/><V58/><F79/><W34/><G70/><T115/><D115/><U0/><E113/><V68/><F68/><W109/><G109/><T73/><D101/><N who="3" m="39017" /><G38/><T112/><D112/><U65/><E132/><V57/><F7/><W15/><G34/><T81/><D54/><U104/><E104/><V82/><F14/><W85/><G85/><T96/><REACH who="0" step="1"/><D44/><REACH who="0" ten="240,250,250,250" step="2"/><U40/><E4/><AGARI ba="0,1" hai="4,9,15,16,23,24,43,45,50,76,77" m="39017" machi="4" ten="30,2000,0" yaku="8,1,54,1" doraHai="107" who="3" fromWho="1" sc="240,0,250,-20,250,0,250,30" /><INIT seed="1,0,0,1,1,69" ten="240,230,250,280" oya="1" hai0="15,24,7,28,121,42,41,107,102,131,25,59,36" hai1="129,64,62,9,108,0,98,48,70,39,93,33,119" hai2="89,125,120,66,4,51,65,112,43,12,103,19,52" hai3="91,115,27,74,101,2,55,58,124,87,44,37,100"/><U86/><E119/><V11/><F120/><W127/><G115/><T16/><D121/><U83/><E33/><V45/><F125/><N who="3" m="48203" /><G2/><T84/><D131/><U38/><E129/><V21/><F112/><W54/><G74/><T5/><D107/><U134/><E134/><V113/><F113/><W1/><G1/><T106/><D106/><U32/><E32/><V92/><F103/><N who="3" m="39499" /><G27/><N who="0" m="10315" /><D36/><U3/><E3/><V97/><REACH who="2" step="1"/><F43/><REACH who="2" ten="240,230,240,280" step="2"/><N who="0" m="16394" /><D102/><U23/><E108/><V47/><F47/><W35/><G35/><T13/><D28/><U8/><E23/><V130/><F130/><W132/><G132/><T114/><D114/><U133/><E133/><V63/><F63/><W80/><G44/><T81/><D59/><U77/><E9/><V29/><F29/><W73/><G37/><T79/><D15/><AGARI ba="0,1" hai="4,11,12,15,19,21,45,51,52,65,66,89,92,97" machi="15" ten="30,7700,0" yaku="1,1,7,1,8,1,54,1,53,0" doraHai="69" doraHaiUra="105" who="2" fromWho="0" sc="240,-77,230,0,240,87,280,0" /><INIT seed="2,0,0,1,3,19" ten="163,230,327,280" oya="2" hai0="45,51,33,131,17,126,1,63,106,8,69,64,110" hai1="94,52,6,34,12,62,92,104,82,72,78,50,61" hai2="36,129,77,85,46,26,133,107,79,118,57,53,87" hai3="11,2,95,67,60,9,115,38,18,98,3,81,48"/><V23/><F118/><W128/><G38/><T5/><D33/><U91/><E104/><V59/><F107/><W21/><G128/><T7/><D131/><U13/><E34/><V56/><F129/><W117/><G117/><T123/><D123/><U134/><E134/><V32/><F32/><W29/><G81/><T27/><D110/><U127/><E127/><V84/><F133/><W10/><G29/><T135/><D135/><U58/><E94/><V22/><F36/><W66/><G48/><T35/><D126/><U113/><E113/><V102/><F102/><W4/><G115/><T108/><D108/><U125/><E125/><V15/><F15/><W41/><G41/><T99/><D1/><U96/><E6/><V49/><REACH who="2" step="1"/><F22/><REACH who="2" ten="163,230,317,280" step="2"/><W80/><G2/><T100/><D8/><U105/><E105/><V111/><F111/><W114/><G114/><T44/><D44/><U42/><E13/><V90/><F90/><N who="3" m="55671" /><G3/><T75/><D75/><U97/><E12/><V39/><F39/><W119/><G119/><T124/><D124/><U31/><E72/><V25/><F25/><W65/><G4/><T73/><D73/><U47/><E47/><V112/><F112/><W24/><G80/><T70/><D70/><U93/><E82/><V76/><F76/><W103/><G103/><T120/><D120/><U88/><E78/><V37/><F37/><W74/><G74/><T116/><D116/><U89/><E89/><V20/><F20/><W122/><G122/><T0/><D0/><U40/><E31/><AGARI ba="0,1" hai="23,26,31,46,49,53,56,57,59,77,79,84,85,87" machi="31" ten="40,7700,0" yaku="1,1,8,1,52,1,53,0" doraHai="19" doraHaiUra="130" who="2" fromWho="1" sc="163,0,230,-77,317,87,280,0" /><INIT seed="2,1,0,5,5,118" ten="163,153,404,280" oya="2" hai0="24,133,2,79,105,66,16,115,46,3,93,78,34" hai1="18,31,104,69,123,41,48,134,108,126,62,35,38" hai2="70,97,40,124,37,95,50,51,13,117,130,89,116" hai3="60,12,0,88,101,45,53,44,114,91,90,87,6"/><V27/><F70/><W10/><G114/><T59/><D105/><U99/><E108/><V14/><F124/><W8/><G101/><T111/><D115/><U25/><E126/><V43/><F130/><W128/><G128/><T85/><D111/><U113/><E113/><V77/><F77/><W55/><G87/><T98/><D133/><U36/><E134/><V71/><F71/><W73/><G73/><T107/><D107/><U120/><E18/><V72/><F72/><W56/><REACH who="3" step="1"/><G53/><REACH who="3" ten="163,153,404,270" step="2"/><T61/><D85/><U94/><E104/><V63/><F117/><W17/><AGARI ba="1,1" hai="0,6,8,10,12,17,44,45,55,56,60,88,90,91" machi="17" ten="30,7900,0" yaku="1,1,2,1,0,1,54,1,53,0" doraHai="118" doraHaiUra="68" who="3" fromWho="3" sc="163,-21,153,-21,404,-40,270,92" /><INIT seed="3,0,0,0,5,22" ten="142,132,364,362" oya="3" hai0="2,93,115,42,124,106,43,30,135,35,17,125,57" hai1="114,25,62,8,90,79,120,32,108,84,99,39,110" hai2="3,73,68,58,109,122,103,119,83,56,0,61,47" hai3="13,112,21,116,88,78,24,41,91,50,127,72,85"/><W36/><G112/><T14/><D106/><U10/><E120/><V69/><F119/><W38/><G116/><T101/><D2/><U23/><E114/><V97/><F109/><N who="1" m="42089" /><E32/><V63/><F122/><W95/><G13/><T28/><D115/><U89/><E39/><V98/><F47/><W51/><G127/><N who="0" m="48715" /><D135/><U31/><E62/><V75/><F83/><W49/><G41/><N who="0" m="15371" /><D35/><U27/><E27/><V45/><F45/><W118/><G118/><T15/><D57/><U12/><E99/><V121/><F121/><W60/><G60/><T105/><D105/><U9/><E12/><N who="0" m="4649" /><D17/><U123/><E123/><V67/><F103/><W92/><G72/><T117/><D117/><U37/><E37/><V113/><F113/><W71/><G71/><T20/><D20/><U29/><E29/><V64/><AGARI ba="0,0" hai="0,3,56,58,61,63,64,67,68,69,73,75,97,98" machi="64" ten="25,3200,0" yaku="0,1,22,2" doraHai="22" who="2" fromWho="2" sc="142,-8,132,-8,364,32,362,-16" owari="134,-26.6,124,-37.6,396,49.6,346,14.6" /></mjloggm>