<mjloggm ver="2.3"><GO type="225" lobby="0"/><UN n0="%E3%81%91%E3%83%BC%E3%81%9E%E3%81%88" n1="%72%69%6F%75%63%68%61%6E" n2="%6D%75%75%6D%75%72%61" n3="%E3%81%BF%E3%81%BF%E3%81%9A" dan="16,17,16,17" rate="2175.09,2150.31,2121.17,2171.34" sx="F,M,F,M"/><TAIKYOKU oya="0"/><INIT seed="0,0,0,4,0,37" ten="250,250,250,250" oya="0" hai0="99,53,128,0,39,67,84,109,23,77,120,112,7" hai1="25,121,114,89,133,92,33,52,13,111,19,41,14" hai2="15,91,34,20,118,69,93,115,60,51,134,74,28" hai3="71,72,10,9,94,107,61,40,73,47,76,90,101"/><T4/><D120/><U97/><E121/><V131/><F115/><W49/><G71/><T116/><D112/><U83/><E114/><V48/><F74/><W22/><G61/><T6/><D116/><U103/><E111/><V110/><F110/><W31/><G107/><T123/><D39/><U56/><E133/><V87/><F131/><W35/><G35/><T78/><D0/><U119/><E119/><V58/><F134/><W63/><G101/><T27/><D128/><U125/><E125/><V1/><F69/><W64/><G73/><T66/><D123/><U127/><E127/><V75/><F75/><W50/><G76/><N who="0" m="29291" /><D84/><N who="1" m="50335" /><E33/><V106/><F1/><W38/><G72/><T45/><D99/><U104/><E104/><V108/><F106/><W3/><G3/><T24/><D24/><U54/><E41/><V2/><F2/><W30/><G38/><T12/><D12/><N who="1" m="4715" /><E56/><V100/><F108/><W68/><G50/><N who="2" m="18985" /><F34/><W36/><G36/><T11/><D109/><U81/><E81/><V43/><F118/><W117/><G117/><T105/><D105/><U70/><E70/><V42/><F100/><W16/><G9/><T113/><D11/><U79/><E79/><V59/><F59/><W122/><G10/><T135/><D135/><U130/><E130/><V124/><F124/><W8/><G8/><T132/><D132/><U88/><E103/><V95/><F95/><W57/><G122/><T44/><D113/><U82/><E82/><V29/><F58/><W26/><G68/><T17/><D45/><U80/><E80/><V129/><F129/><W96/><AGARI ba="0,0" hai="16,22,26,30,31,40,47,49,57,63,64,90,94,96" machi="96" ten="20,12000,2" yaku="5,1,0,1,7,1,8,1,52,1,54,1" doraHai="37" who="3" fromWho="3" sc="250,-60,250,-30,250,-30,250,120" /><INIT seed="1,0,0,5,5,91" ten="190,220,220,370" oya="1" hai0="54,33,128,131,103,36,11,67,31,53,60,9,4" hai1="77,73,134,16,119,44,65,106,74,121,72,105,28" hai2="80,55,38,48,7,70,13,92,15,97,46,115,0" hai3="101,14,17,66,50,57,45,27,96,56,63,88,34"/><U2/><E119/><V6/><F115/><W112/><G112/><T135/><D36/><U10/><E121/><V58/><F70/><W5/><G5/><N who="2" m="1545" /><F0/><W20/><G57/><T68/><D135/><U69/><E134/><V37/><F37/><W124/><G124/><T110/><D110/><U1/><E28/><V41/><F38/><W84/><G34/><T90/><D103/><U81/><E44/><V100/><F80/><W86/><G27/><T32/><D11/><U85/><E65/><V114/><F114/><W87/><G101/><T94/><D32/><U29/><E29/><V111/><F111/><W133/><G133/><T51/><D31/><U26/><E69/><V47/><F41/><N who="3" m="24879" /><G96/><T40/><D40/><U8/><E1/><V61/><F47/><W129/><G129/><N who="0" m="49739" /><D51/><U102/><E2/><V123/><F123/><W71/><G71/><T35/><D35/><U19/><E102/><V39/><F39/><W21/><G20/><T43/><D43/><U42/><E42/><V83/><F46/><W130/><G130/><T125/><D125/><U127/><E127/><V89/><F48/><W118/><G118/><T108/><D108/><U52/><E106/><V76/><F100/><W126/><G126/><T30/><D30/><U3/><E105/><V24/><F24/><W104/><G104/><T78/><D33/><U82/><E26/><V59/><F59/><W95/><AGARI ba="0,0" hai="14,17,21,56,63,66,84,86,87,88,95" m="24879" machi="95" ten="30,4000,0" yaku="8,1,52,1,54,1" doraHai="91" who="3" fromWho="3" sc="190,-10,220,-20,220,-10,370,40" /><INIT seed="2,0,0,5,5,105" ten="180,200,210,410" oya="2" hai0="66,109,92,131,80,116,73,20,100,36,60,45,114" hai1="21,125,57,37,59,27,38,52,35,33,96,117,55" hai2="119,62,43,34,76,111,30,18,23,85,82,8,26" hai3="89,128,64,81,88,94,2,132,112,17,84,65,19"/><V98/><F119/><W70/><G2/><T121/><D114/><U130/><E117/><V106/><F111/><W9/><G112/><T29/><D121/><U40/><E125/><V28/><F43/><W87/><G128/><T83/><D109/><U78/><E130/><V39/><F39/><W127/><G127/><T6/><D116/><U5/><E78/><V74/><F8/><W115/><G115/><T71/><D131/><U69/><E69/><V14/><F30/><W0/><G132/><T22/><D6/><U3/><E96/><V48/><F48/><W12/><G0/><T126/><D126/><U50/><E40/><V16/><F18/><W25/><G70/><T49/><D36/><U24/><E37/><V134/><F134/><W123/><G123/><T101/><D83/><U99/><E38/><V104/><F98/><W10/><G25/><T135/><D135/><U93/><E24/><V75/><REACH who="2" step="1"/><F62/><REACH who="2" ten="180,200,200,410" step="2"/><W46/><G46/><T133/><D29/><U90/><E5/><V86/><F86/><W108/><G108/><T44/><D133/><U77/><E3/><V129/><F129/><W79/><G9/><T15/><D60/><N who="1" m="35879" /><E77/><V124/><F124/><W67/><G19/><AGARI ba="0,1" hai="19,21,27,33,35,50,55,59,90,93,99" m="35879" machi="19" ten="30,2000,0" yaku="25,1,54,1" doraHai="105" who="1" fromWho="3" sc="180,0,200,30,200,0,410,-20" /><INIT seed="3,0,0,0,1,61" ten="180,230,200,390" oya="3" hai0="118,48,57,80,87,89,95,18,31,66,63,110,84" hai1="42,101,21,128,29,94,78,117,23,133,39,122,59" hai2="67,77,37,76,1,30,99,34,6,112,27,109,53" hai3="24,19,100,41,71,22,82,62,98,26,65,38,64"/><W33/><G65/><T35/><D110/><U90/><E122/><V12/><F112/><W46/><G82/><T106/><D106/><U44/><E101/><V114/><F114/><W97/><G97/><T96/><D118/><U105/><E105/><V9/><F109/><W121/><G121/><T124/><D124/><U75/><E117/><V51/><F37/><W73/><G73/><T4/><D4/><U32/><E133/><V56/><F99/><W8/><G8/><T60/><D35/><U17/><E128/><V85/><F67/><W74/><G74/><T43/><D31/><U13/><E32/><V92/><REACH who="2" step="1"/><F1/><REACH who="2" ten="180,230,190,390" step="2"/><W2/><G2/><T50/><D63/><U45/><E39/><V16/><F16/><W126/><G126/><T5/><D5/><U132/><E17/><V115/><F115/><W81/><G33/><T7/><D7/><U104/><E132/><V91/><AGARI ba="0,1" hai="6,9,12,27,30,34,51,53,56,76,77,85,91,92" machi="91" ten="30,4000,0" yaku="1,1,0,1,53,1" doraHai="61" doraHaiUra="54" who="2" fromWho="2" sc="180,-10,230,-10,190,50,390,-20" owari="170,-33.0,220,-18.0,240,4.0,370,47.0" /></mjloggm>