<mjloggm ver="2.3"><GO type="225" lobby="0"/><UN n0="%E6%81%A5%E6%99%92%E3%81%97" n1="%E3%82%BD%E3%83%83%E3%82%AF%E3%82%B9%E2%99%AA" n2="%E3%81%A4%E3%81%A3%E3%81%B1%E3%82%8A%E3%83%9D%E3%83%BC%E3%83%AB" n3="%4B%2E%32%2E%4B%2E" dan="16,16,17,16" rate="2105.79,2041.01,2212.84,2160.37" sx="M,M,M,M"/><TAIKYOKU oya="0"/><INIT seed="0,0,0,0,1,21" ten="250,250,250,250" oya="0" hai0="30,53,47,87,135,44,23,4,41,48,121,14,81" hai1="10,28,83,86,8,103,82,99,113,17,130,18,11" hai2="56,50,22,20,89,78,92,26,120,60,88,29,24" hai3="134,85,111,93,49,52,6,105,94,131,3,76,74"/><T13/><D135/><U57/><E130/><V124/><F124/><W128/><G105/><T25/><D121/><U0/><E0/><V114/><F120/><W98/><G74/><T19/><D4/><U39/><E113/><V127/><F127/><W69/><G69/><T62/><D30/><U55/><E28/><N who="2" m="17415" /><F114/><W27/><G111/><T115/><D115/><U54/><E39/><V104/><F104/><W45/><G134/><T61/><D61/><U118/><E118/><V12/><F78/><W9/><G27/><T72/><D72/><U91/><E83/><V66/><F92/><W35/><G35/><T107/><D107/><U7/><E7/><V79/><F79/><W58/><G45/><T37/><REACH who="0" step="1"/><D62/><REACH who="0" ten="240,250,250,250" step="2"/><N who="1" m="36151" /><E55/><V77/><F77/><AGARI ba="0,1" hai="13,14,19,23,25,37,41,44,47,48,53,77,81,87" machi="77" ten="30,5800,0" yaku="1,1,7,1,52,1,53,0" doraHai="21" doraHaiUra="64" who="0" fromWho="2" sc="240,68,250,0,250,-58,250,0" /><INIT seed="0,1,0,3,1,134" ten="308,250,192,250" oya="0" hai0="71,124,28,24,68,132,89,82,73,38,92,37,97" hai1="65,5,101,13,12,81,135,53,74,58,87,22,35" hai2="106,4,76,103,96,41,45,78,42,55,117,19,67" hai3="100,133,69,111,64,125,44,127,51,56,11,70,93"/><T123/><D123/><U52/><E135/><V121/><F121/><W27/><G133/><T80/><D132/><U32/><E74/><V102/><F117/><W15/><G111/><T62/><D71/><U91/><E35/><V14/><F67/><W20/><G56/><T72/><D72/><U26/><E32/><V77/><F4/><N who="3" m="3559" /><G64/><T107/><D82/><U30/><E101/><V113/><F113/><W47/><G93/><T61/><D61/><N who="1" m="38071" /><E5/><V8/><REACH who="2" step="1"/><F103/><REACH who="2" ten="308,250,182,250" step="2"/><W114/><G100/><T50/><D68/><U57/><E53/><V104/><F104/><W1/><G114/><T120/><D107/><U98/><E98/><V59/><F59/><W128/><G69/><T110/><D120/><U25/><E25/><V29/><F29/><W90/><G70/><T105/><D28/><U130/><E130/><V94/><F94/><W118/><G128/><T2/><D24/><U0/><E0/><V16/><F16/><W33/><G1/><T36/><D2/><U66/><E66/><V3/><F3/><W54/><G118/><T115/><D115/><U126/><E57/><V95/><F95/><W86/><G33/><T88/><D92/><U131/><E131/><V43/><F43/><W63/><G27/><T10/><D105/><U99/><E99/><V17/><F17/><W34/><G34/><T9/><D97/><U48/><E52/><V75/><F75/><W49/><G54/><T108/><D73/><U21/><E30/><V23/><F23/><W84/><G20/><T18/><D110/><U83/><E26/><V6/><F6/><W60/><G84/><RYUUKYOKU ba="1,1" sc="308,-10,250,-10,182,30,250,-10" hai2="8,14,19,41,42,45,55,76,77,78,96,102,106" /><INIT seed="1,2,1,4,5,24" ten="298,240,212,240" oya="1" hai0="4,100,101,121,95,65,117,68,59,80,58,19,51" hai1="10,104,108,56,22,5,77,69,78,102,91,93,132" hai2="9,20,12,13,15,6,7,34,103,73,84,61,49" hai3="126,86,110,3,47,106,54,135,128,64,16,113,133"/><U44/><E69/><V71/><F73/><W88/><G106/><T90/><D117/><U81/><E132/><N who="3" m="50762" /><G3/><T2/><D68/><U31/><E108/><V8/><F103/><W55/><G113/><T83/><D2/><U26/><E56/><N who="0" m="21545" /><D4/><U122/><E122/><V89/><F34/><W53/><G64/><T40/><D65/><U76/><E44/><V23/><F71/><W41/><G110/><T35/><D35/><U96/><E104/><V43/><F61/><W87/><G126/><T45/><D121/><U14/><REACH who="1" step="1"/><E102/><REACH who="1" ten="298,230,212,240" step="2"/><V85/><F15/><W119/><G47/><T60/><D100/><U118/><E118/><V63/><F63/><W75/><G119/><T67/><D101/><U11/><E11/><V28/><F49/><W114/><G114/><T30/><D60/><U92/><E92/><V70/><F70/><W33/><G53/><T46/><D51/><U131/><E131/><V52/><F52/><W1/><G128/><T127/><D95/><U120/><E120/><V125/><F125/><W124/><G124/><T38/><D127/><U109/><E109/><V32/><F43/><W0/><G41/><T25/><D40/><U98/><E98/><V107/><F107/><W97/><G97/><T50/><D50/><U74/><AGARI ba="2,2" hai="5,10,14,22,26,31,74,76,77,78,81,91,93,96" machi="74" ten="20,7800,0" yaku="1,1,0,1,7,1,52,1,53,0" doraHai="24" doraHaiUra="115" who="1" fromWho="1" sc="298,-28,230,104,212,-28,240,-28" /><INIT seed="1,3,0,4,1,8" ten="270,334,184,212" oya="1" hai0="26,1,122,132,113,5,11,119,95,78,46,60,18" hai1="31,36,21,110,76,90,35,101,83,43,54,131,121" hai2="125,123,50,71,22,102,109,37,16,82,74,64,41" hai3="105,87,130,75,15,9,115,112,129,133,45,34,73"/><U19/><E121/><V107/><F123/><W52/><G34/><T99/><D122/><U84/><E131/><N who="3" m="50186" /><G105/><T49/><D132/><U69/><E110/><V53/><F109/><W62/><G133/><T29/><D119/><U20/><E69/><V61/><F125/><W57/><G87/><T32/><D113/><N who="3" m="43593" /><G45/><T2/><D2/><U65/><E84/><V92/><F107/><W77/><G77/><T104/><D60/><U128/><E76/><V66/><F82/><W93/><G93/><T106/><D78/><U47/><E35/><V114/><F74/><W59/><G57/><T94/><D94/><U135/><E47/><N who="2" m="23983" /><F114/><W81/><G81/><T12/><D49/><U27/><E83/><V55/><F92/><W97/><G97/><T96/><D46/><U126/><E135/><V85/><F85/><W3/><G3/><T17/><D99/><U4/><E128/><V30/><F102/><W67/><G67/><T7/><D104/><U98/><E65/><N who="2" m="41391" /><F55/><W89/><G89/><T120/><D106/><U25/><E90/><V111/><F111/><W86/><G86/><T40/><D120/><U33/><E101/><V10/><F53/><W108/><G108/><T23/><D40/><U58/><E43/><V63/><F50/><W42/><G42/><T118/><D95/><U117/><E54/><V70/><F64/><W24/><G24/><N who="0" m="18471" /><D96/><U127/><E98/><V91/><F91/><W124/><G124/><T72/><D72/><U116/><E127/><V38/><F38/><W100/><G100/><T44/><D1/><U0/><E126/><V80/><F80/><RYUUKYOKU ba="3,0" sc="270,-10,334,-10,184,-10,212,30" hai3="9,15,52,59,62,73,75" /><INIT seed="2,4,0,0,5,6" ten="260,324,174,242" oya="2" hai0="101,80,74,83,73,28,92,99,79,111,32,119,23" hai1="122,125,135,46,11,41,55,126,130,49,29,89,109" hai2="128,132,105,38,103,123,65,67,124,112,40,134,34" hai3="114,53,30,21,20,22,91,10,98,100,120,39,9"/><V86/><F34/><W27/><G120/><T3/><D3/><U133/><E109/><V24/><F123/><W17/><G39/><T82/><D32/><U18/><E130/><V2/><F2/><W104/><G114/><T77/><D111/><U60/><E122/><V87/><F112/><W51/><G91/><T131/><D131/><U13/><E89/><V116/><F116/><W0/><G0/><T115/><D115/><U72/><E72/><N who="0" m="27753" /><D23/><U106/><E106/><V61/><F128/><W37/><G37/><T95/><D28/><U52/><E29/><V84/><F124/><N who="1" m="47721" /><E55/><V50/><F38/><W118/><G118/><T36/><D36/><U85/><E85/><V113/><F113/><W129/><G129/><T59/><D59/><AGARI ba="4,0" hai="11,13,18,41,46,49,52,59,60,133,135" m="47721" machi="59" ten="30,3900,0" yaku="18,1,52,1,54,1" doraHai="6" who="1" fromWho="0" sc="260,-51,324,51,174,0,242,0" /><INIT seed="3,0,0,5,4,103" ten="209,375,174,242" oya="3" hai0="100,9,118,54,108,17,24,53,84,50,28,67,57" hai1="81,83,135,130,25,93,120,89,15,36,114,133,14" hai2="126,33,41,85,37,117,8,69,58,21,75,123,48" hai3="16,55,5,70,61,128,46,26,62,60,49,1,66"/><W0/><G128/><T29/><D118/><U40/><E114/><V10/><F75/><W22/><REACH who="3" step="1"/><G5/><REACH who="3" ten="209,375,174,232" step="2"/><T64/><D108/><U20/><E130/><V92/><F117/><W13/><G13/><T104/><D29/><U56/><E14/><V38/><F123/><W116/><G116/><T34/><D28/><U106/><E15/><V101/><F126/><W86/><G86/><T44/><D24/><U72/><E120/><V78/><F85/><W47/><G47/><T107/><D84/><U91/><E25/><V19/><F38/><W27/><G27/><T112/><D44/><U113/><E36/><V87/><F37/><W109/><G109/><T102/><D112/><U71/><E113/><V31/><F87/><W95/><G95/><T30/><D107/><U45/><E93/><V121/><F121/><W4/><G4/><T18/><D104/><U105/><E45/><N who="2" m="25647" /><F31/><W134/><G134/><T129/><D129/><U3/><E106/><V43/><F92/><W94/><G94/><T51/><D30/><U63/><E105/><V65/><F33/><W6/><G6/><T115/><D115/><U42/><E135/><V2/><F2/><AGARI ba="0,1" hai="0,1,2,16,22,26,46,49,55,60,61,62,66,70" machi="2" ten="40,3900,0" yaku="1,1,54,1,53,0" doraHai="103" doraHaiUra="99" who="3" fromWho="2" sc="209,0,375,0,174,-39,232,49" /><INIT seed="3,1,0,3,1,102" ten="209,375,135,281" oya="3" hai0="117,42,57,73,62,112,113,75,37,122,134,78,41" hai1="11,98,15,13,127,91,120,3,22,66,30,114,53" hai2="31,20,25,125,67,104,107,133,131,36,123,39,27" hai3="43,74,64,108,12,38,132,82,34,56,94,48,50"/><W116/><G34/><T119/><D122/><U90/><E120/><V99/><F123/><W111/><G116/><N who="0" m="44619" /><D78/><U129/><E114/><N who="0" m="44137" /><D37/><U97/><E127/><V68/><F125/><W76/><G132/><T2/><D2/><U86/><E129/><V128/><F99/><W130/><G130/><N who="2" m="49705" /><F133/><W45/><G94/><T126/><D134/><U8/><E66/><V101/><F101/><W14/><G38/><N who="2" m="14377" /><F27/><W89/><G89/><T26/><D26/><N who="1" m="16727" /><E53/><V60/><F20/><W7/><G7/><T5/><D5/><N who="1" m="3215" /><E3/><V79/><F79/><W23/><G23/><T124/><D126/><U35/><E35/><V69/><F69/><W54/><REACH who="3" step="1"/><G64/><REACH who="3" ten="209,375,135,271" step="2"/><N who="0" m="38991" /><D124/><U61/><E91/><V49/><F49/><W40/><G40/><AGARI ba="1,1" hai="40,41,42,73,75" m="38991,44137,44619" machi="40" ten="30,1000,0" yaku="11,1" doraHai="102" who="0" fromWho="3" sc="209,23,375,0,135,0,271,-13" owari="232,-16.8,375,47.5,135,-36.5,258,5.8" /></mjloggm>