<mjloggm ver="2.3"><GO type="225" lobby="0"/><UN n0="%72%69%6F%75%63%68%61%6E" n1="%E3%81%B5%E3%81%98%E3%81%8B%E3%81%A4" n2="%28%EF%BF%A3%E2%96%BD%EF%BF%A3%29%CE%B4%E2%8C%92%E3%83%BB" n3="%E3%81%99%E3%81%84%E3%81%BE%E3%81%9B%E3%83%BC%E3%82%93" dan="17,16,16,18" rate="2196.03,2163.00,2207.05,2200.92" sx="M,M,M,M"/><TAIKYOKU oya="0"/><INIT seed="0,0,0,3,4,113" ten="250,250,250,250" oya="0" hai0="30,25,67,98,107,29,75,9,56,130,87,17,27" hai1="7,40,122,52,44,14,70,108,34,99,125,59,84" hai2="13,116,129,76,132,23,55,119,26,85,41,106,54" hai3="16,50,32,36,109,28,74,47,123,15,115,22,24"/><T134/><D75/><U60/><E122/><V48/><F106/><W131/><G115/><T31/><D130/><U39/><E34/><V18/><F129/><W43/><G131/><T112/><D112/><U127/><E99/><V72/><F72/><W0/><G109/><T73/><D73/><U64/><E84/><V82/><F132/><W45/><G74/><T88/><D134/><U6/><E108/><V63/><F63/><W46/><G123/><T51/><D9/><U90/><E90/><V53/><F41/><W66/><G0/><T104/><D17/><U62/><REACH who="1" step="1"/><E14/><REACH who="1" ten="250,240,250,250" step="2"/><V128/><F128/><W133/><G133/><T38/><D98/><U126/><AGARI ba="0,1" hai="6,7,39,40,44,52,59,60,62,64,70,125,126,127" machi="126" ten="30,8000,1" yaku="1,1,2,1,0,1,18,1,54,1,53,0" doraHai="113" doraHaiUra="103" who="1" fromWho="1" sc="250,-40,240,90,250,-20,250,-20" /><INIT seed="1,0,0,1,1,26" ten="210,330,230,230" oya="1" hai0="24,40,90,48,14,80,115,111,65,94,127,89,27" hai1="11,74,63,21,135,61,31,35,41,20,110,6,3" hai2="96,43,78,133,108,50,0,129,76,99,101,64,66" hai3="88,37,34,51,9,54,84,15,102,92,83,98,12"/><U122/><E74/><V60/><F0/><W56/><G34/><T128/><D111/><U71/><E41/><V59/><F108/><W18/><G37/><T117/><D117/><U77/><E110/><V118/><F118/><W29/><G29/><T17/><D127/><U126/><E77/><N who="2" m="29803" /><F133/><W114/><G114/><T119/><D128/><U10/><E126/><V68/><F68/><W103/><REACH who="3" step="1"/><G15/><REACH who="3" ten="210,330,230,220" step="2"/><T85/><D115/><U52/><E35/><V30/><F30/><W105/><G105/><T124/><D124/><U107/><E31/><V38/><F38/><W120/><G120/><T116/><D119/><U42/><E107/><V100/><F129/><W134/><G134/><T49/><D116/><U4/><E135/><V81/><F101/><AGARI ba="0,1" hai="9,12,18,51,54,56,83,84,88,92,98,101,102,103" machi="101" ten="30,7700,0" yaku="1,1,7,1,8,1,54,1,53,0" doraHai="26" doraHaiUra="121" who="3" fromWho="2" sc="210,0,330,0,230,-77,220,87" /><INIT seed="2,0,0,3,2,98" ten="210,330,153,307" oya="2" hai0="58,7,75,110,39,96,30,40,35,91,46,88,66" hai1="60,37,27,95,111,73,127,102,106,8,126,97,74" hai2="119,77,18,129,63,25,120,101,121,49,92,53,82" hai3="70,123,47,79,76,29,94,1,44,124,57,34,33"/><V23/><F129/><W117/><G70/><T93/><D110/><U45/><E111/><V5/><F119/><W125/><G117/><T42/><D75/><U32/><E60/><V24/><F5/><W68/><G68/><T85/><D40/><N who="1" m="22671" /><E8/><V20/><F63/><W9/><G123/><T71/><D71/><U2/><E2/><V130/><F130/><W78/><G94/><T105/><D7/><U16/><E95/><V62/><F62/><W89/><G89/><T11/><D58/><U115/><E115/><V131/><F131/><W108/><G108/><T54/><D54/><U83/><E83/><V80/><F80/><W87/><G87/><T103/><D11/><U52/><E52/><V128/><F128/><W26/><G34/><T99/><D66/><U22/><E32/><V56/><F92/><W67/><G9/><T116/><D116/><U81/><E81/><V132/><F132/><W50/><G1/><T135/><D135/><U28/><E28/><V41/><F41/><W0/><G0/><T113/><D113/><U19/><E19/><V36/><F36/><W122/><G122/><T51/><D39/><U43/><E43/><V100/><F121/><W13/><G13/><T38/><D38/><U90/><E90/><V59/><F59/><W14/><G14/><T61/><D61/><U114/><E114/><V4/><F4/><W64/><G64/><T107/><D91/><U84/><E84/><N who="2" m="48207" /><F120/><W12/><G67/><T55/><D42/><U109/><E109/><V65/><F65/><W72/><G57/><T15/><D46/><U133/><E133/><RYUUKYOKU ba="0,0" sc="210,-15,330,15,153,15,307,-15" hai1="16,22,27,73,74,97,102,106,126,127" hai2="18,20,23,24,25,49,53,56,100,101" /><INIT seed="2,1,0,3,3,104" ten="195,345,168,292" oya="2" hai0="2,117,13,21,87,114,75,94,5,69,108,65,134" hai1="36,57,81,124,55,4,72,122,93,47,10,50,39" hai2="73,111,23,1,44,80,24,60,18,30,76,127,46" hai3="54,29,106,56,74,123,85,98,79,120,20,107,15"/><V32/><F127/><W86/><G74/><T45/><D114/><U116/><E124/><V102/><F111/><W129/><G129/><T121/><D121/><U130/><E130/><V53/><F102/><W61/><G107/><T101/><D75/><U95/><E122/><V59/><REACH who="2" step="1"/><F1/><REACH who="2" ten="195,345,158,292" step="2"/><W126/><G126/><T14/><D108/><U83/><E116/><V135/><F135/><W0/><G0/><T28/><D134/><U99/><E39/><V113/><F113/><W43/><G123/><T115/><D115/><U125/><E36/><V100/><F100/><W133/><G133/><T77/><D117/><U112/><E112/><V91/><F91/><W33/><G120/><T63/><D101/><U25/><E125/><V38/><F38/><W70/><G106/><T19/><D2/><U11/><E95/><V3/><F3/><W62/><G70/><T88/><D77/><U119/><E93/><V6/><F6/><W71/><G79/><T37/><D37/><U110/><E4/><V42/><F42/><W96/><G43/><T22/><D5/><U89/><E89/><V49/><F49/><W7/><G7/><T103/><D103/><U66/><E50/><V78/><F78/><W48/><G48/><T31/><D45/><U97/><E47/><V68/><F68/><W34/><G71/><T64/><D65/><U52/><E66/><V40/><F40/><W132/><G132/><T84/><D84/><U92/><E119/><V118/><F118/><W128/><G86/><T8/><D8/><U67/><E10/><V17/><F17/><AGARI ba="1,1" hai="13,14,17,19,21,22,28,31,63,64,69,87,88,94" machi="17" ten="40,2600,0" yaku="9,1,54,1" doraHai="104" who="0" fromWho="2" sc="195,39,345,0,158,-29,292,0" /><INIT seed="3,0,0,1,4,18" ten="234,345,129,292" oya="3" hai0="13,7,107,51,2,67,123,113,70,50,129,80,6" hai1="23,46,77,87,114,25,111,125,44,17,24,118,103" hai2="15,66,81,9,132,21,8,4,108,22,26,95,133" hai3="0,61,74,94,102,72,86,127,63,49,104,93,73"/><W110/><G0/><T105/><D123/><U16/><E114/><V57/><F81/><W29/><G29/><T91/><D113/><U90/><E111/><V53/><F66/><W58/><G49/><T14/><D129/><U1/><E1/><V115/><F115/><W32/><G32/><T130/><D2/><U31/><E125/><V106/><F106/><W88/><G127/><T59/><D67/><U126/><E17/><V71/><F71/><W11/><G11/><T55/><D70/><U42/><E42/><V121/><F108/><W78/><G63/><T27/><D130/><U124/><E103/><V83/><F83/><N who="3" m="49247" /><G58/><T122/><D122/><U45/><E77/><V92/><F121/><W116/><G61/><T117/><D117/><U52/><E118/><V98/><F9/><W38/><G38/><T34/><D34/><U120/><E120/><V101/><F92/><N who="3" m="35435" /><G116/><T19/><D50/><N who="1" m="28743" /><E126/><V3/><F3/><W109/><G78/><T119/><D119/><U131/><E131/><V40/><F40/><W100/><G100/><T79/><D79/><U97/><E97/><AGARI ba="0,0" hai="72,73,74,97,102,104,109,110" m="35435,49247" machi="97" ten="40,7700,0" yaku="34,2,54,1" doraHai="18" who="3" fromWho="1" sc="234,0,345,-77,129,0,292,77" owari="234,-16.6,268,6.8,129,-37.1,369,46.9" /></mjloggm>