<mjloggm ver="2.3"><GO type="225" lobby="0"/><UN n0="%6D%75%75%6D%75%72%61" n1="%E3%81%86%E3%81%A9%E3%82%93%E3%81%93" n2="%E3%81%95%E3%81%8D%E3%81%9F%E3%81%BE%E6%9E%97%E6%AA%8E" n3="%E6%A0%B9%E5%85%83%E3%81%8B%E3%82%89%E5%90%B9%E3%81%A3%E9%A3%9B%E3%81%B6" dan="16,16,16,16" rate="2153.44,2114.84,2063.52,2173.64" sx="F,M,M,F"/><TAIKYOKU oya="0"/><INIT seed="0,0,0,2,1,36" ten="250,250,250,250" oya="0" hai0="90,72,75,88,34,61,67,70,113,79,118,108,28" hai1="126,98,128,44,45,115,80,73,53,116,68,69,40" hai2="133,134,27,11,105,41,100,54,37,119,46,50,52" hai3="83,91,4,86,55,64,63,77,135,107,82,29,93"/><T122/><D113/><U38/><E98/><V0/><F119/><W62/><G4/><T1/><D118/><U110/><E80/><V21/><F105/><W125/><G125/><T101/><D122/><U31/><E31/><V117/><F117/><W2/><G2/><T130/><D1/><U35/><E73/><V30/><F100/><W32/><G135/><N who="2" m="51721" /><F37/><W47/><G107/><T131/><D101/><U85/><E85/><V112/><F112/><W124/><G124/><T76/><D75/><U58/><E35/><V74/><F74/><W132/><G132/><T92/><D108/><U84/><E126/><V14/><F0/><W94/><G29/><T123/><D123/><U106/><E106/><V51/><F51/><N who="3" m="29183" /><G32/><T12/><D12/><U39/><E84/><V109/><F109/><W48/><G48/><T19/><D19/><AGARI ba="0,0" hai="11,14,19,21,27,30,41,46,50,52,54" m="51721" machi="19" ten="30,3900,0" yaku="20,1,52,1,54,1" doraHai="36" who="2" fromWho="0" sc="250,-39,250,0,250,39,250,0" /><INIT seed="1,0,0,3,3,83" ten="211,250,289,250" oya="1" hai0="49,115,53,38,105,68,101,27,66,15,60,22,88" hai1="112,12,109,51,121,119,102,117,24,106,32,39,104" hai2="127,52,111,61,20,47,70,7,74,65,90,29,73" hai3="125,21,120,94,1,18,95,43,69,28,72,110,19"/><U31/><E39/><V16/><F111/><W36/><G72/><T6/><D38/><U67/><E112/><V114/><F114/><W86/><G120/><T64/><D115/><U58/><E121/><V129/><F129/><W134/><G1/><T25/><D64/><U11/><E109/><V124/><F7/><W14/><G110/><T55/><D105/><U99/><E106/><V9/><F9/><W103/><G69/><T41/><D101/><U107/><E104/><V23/><F29/><W57/><G125/><N who="2" m="48201" /><F90/><N who="3" m="53591" /><G36/><T116/><D41/><U10/><E10/><V113/><F113/><W63/><G43/><T34/><D116/><U35/><E35/><V2/><F2/><W26/><G134/><T133/><D133/><U71/><E51/><N who="2" m="28799" /><F23/><N who="3" m="15455" /><G19/><T37/><D37/><U118/><E58/><V132/><F132/><W33/><G33/><T5/><D34/><U3/><E3/><V82/><F82/><W93/><G103/><T77/><D5/><U13/><REACH who="1" step="1"/><E11/><REACH who="1" ten="211,240,289,250" step="2"/><V40/><F40/><W44/><G44/><T96/><D68/><U78/><E78/><V80/><F80/><W50/><G50/><T98/><D77/><U122/><E122/><V0/><F0/><W30/><G30/><T131/><D49/><U92/><E92/><V91/><F70/><W123/><G123/><T97/><D131/><U81/><E81/><V42/><F20/><W128/><G128/><T87/><D22/><U75/><E75/><V130/><F74/><W48/><G48/><T8/><D8/><U135/><E135/><V62/><F73/><W126/><G126/><T89/><D6/><RYUUKYOKU ba="0,1" sc="211,-15,240,15,289,-15,250,15" hai1="12,13,24,31,32,67,71,99,102,107,117,118,119" hai3="14,18,21,57,63,93,95" /><INIT seed="1,1,1,1,3,2" ten="196,255,274,265" oya="1" hai0="10,116,9,103,131,69,55,60,58,0,105,79,54" hai1="93,108,34,112,32,97,92,106,52,13,127,134,75" hai2="22,41,39,88,121,50,46,59,25,87,117,15,85" hai3="28,66,80,33,29,119,98,62,96,37,120,16,23"/><U107/><E112/><V21/><F121/><W115/><G120/><T40/><D116/><U31/><E75/><V64/><F117/><W113/><G37/><T125/><D69/><U12/><E134/><V132/><F132/><W67/><G119/><T123/><D123/><U109/><E127/><V84/><F39/><W122/><G122/><T53/><D125/><U35/><E31/><N who="3" m="11850" /><G33/><T43/><D131/><U83/><E83/><V18/><F64/><N who="3" m="24619" /><G80/><T5/><D79/><U133/><E133/><V57/><F59/><W17/><G62/><T118/><D118/><U7/><E52/><N who="2" m="31895" /><F41/><W124/><G23/><T95/><D105/><U4/><E34/><V77/><F46/><W20/><G20/><T27/><D27/><U45/><E97/><N who="3" m="37482" /><G124/><T38/><D38/><U63/><E63/><V30/><F77/><W102/><G102/><T65/><D103/><U114/><E114/><AGARI ba="1,1" hai="16,17,113,114,115" m="37482,24619,11850" machi="114" ten="30,3900,0" yaku="28,2,54,1" doraHai="2" who="3" fromWho="1" sc="196,0,255,-42,274,0,265,52" /><INIT seed="2,0,0,1,5,57" ten="196,213,274,317" oya="2" hai0="81,130,46,92,51,27,54,123,93,5,116,87,103" hai1="34,45,66,16,104,22,128,107,44,113,125,39,55" hai2="94,74,78,40,0,63,114,80,58,135,127,82,2" hai3="61,126,47,37,33,19,12,43,83,41,7,115,25"/><V26/><F114/><W120/><G120/><T88/><D123/><U52/><E34/><V71/><F71/><W76/><G126/><T89/><D130/><U35/><E35/><V13/><F127/><W62/><G41/><T9/><D116/><U129/><E113/><V1/><F135/><W68/><G68/><T20/><D103/><U14/><E125/><V6/><F40/><W134/><G134/><T97/><D97/><U38/><E66/><V70/><F70/><W117/><G117/><T4/><D89/><U49/><E39/><V56/><F56/><W133/><G133/><T53/><D53/><U85/><E85/><V91/><F82/><W72/><G115/><T90/><D90/><U112/><E112/><V24/><F13/><W79/><G79/><T64/><D64/><U75/><E75/><V69/><F69/><W102/><G102/><T73/><D73/><U124/><E124/><V131/><F6/><N who="0" m="2666" /><D9/><U99/><E99/><V122/><F122/><W132/><G132/><T109/><D109/><U48/><E38/><V32/><F32/><W121/><G121/><T105/><D105/><AGARI ba="0,0" hai="14,16,22,44,45,48,49,52,55,104,105,107,128,129" machi="105" ten="40,5200,0" yaku="9,1,54,2" doraHai="57" who="1" fromWho="0" sc="196,-52,213,52,274,0,317,0" /><INIT seed="3,0,0,1,2,58" ten="144,265,274,317" oya="3" hai0="112,120,46,80,81,100,122,29,56,22,34,6,87" hai1="91,121,73,16,107,17,45,117,30,72,114,47,39" hai2="48,50,65,123,90,104,86,51,129,135,99,19,32" hai3="113,18,82,95,96,116,94,115,55,103,127,1,78"/><W5/><G1/><T9/><D34/><U101/><E114/><V106/><F32/><W64/><G5/><T44/><D112/><U83/><E121/><V33/><F33/><W24/><G116/><T124/><D124/><U59/><E117/><V36/><F36/><W75/><G127/><T52/><D100/><U130/><E130/><V63/><F135/><W27/><G64/><T3/><D120/><U41/><E47/><V126/><F129/><W60/><G27/><T98/><D98/><U42/><E42/><V119/><F126/><W97/><G18/><T25/><D122/><U21/><E30/><V13/><F119/><W71/><G24/><T8/><D8/><U43/><E43/><V108/><F108/><W68/><G68/><T57/><D57/><U110/><E110/><V7/><F7/><W54/><G54/><T31/><D31/><U132/><E132/><V4/><F4/><W131/><G131/><T88/><REACH who="0" step="1"/><D81/><REACH who="0" ten="134,265,274,317" step="2"/><U93/><E83/><N who="2" m="49503" /><F123/><W11/><G11/><T10/><D10/><U79/><E101/><V23/><F99/><W20/><G20/><T67/><D67/><U69/><E59/><N who="2" m="37119" /><F106/><W35/><G35/><T38/><D38/><U76/><E107/><V37/><F37/><W2/><G113/><T118/><D118/><U133/><E69/><V111/><F111/><W74/><G71/><T62/><AGARI ba="0,1" hai="3,6,9,22,25,29,44,46,52,56,62,80,87,88" machi="62" ten="20,12000,2" yaku="1,1,0,1,7,1,52,1,54,2,53,0" doraHai="58" doraHaiUra="134" who="0" fromWho="0" sc="134,130,265,-30,274,-30,317,-60" /><INIT seed="4,0,0,3,3,52" ten="264,235,244,257" oya="0" hai0="7,112,45,26,50,1,93,107,61,3,20,66,78" hai1="40,62,63,77,99,103,10,18,127,114,29,119,129" hai2="4,6,95,5,64,118,104,91,106,88,79,120,132" hai3="30,53,68,86,100,76,49,90,72,109,135,134,83"/><T21/><D107/><U57/><E119/><V80/><F120/><W84/><G68/><T35/><D35/><U116/><E116/><V34/><F118/><W13/><G30/><T55/><D112/><U123/><E123/><V0/><F0/><W67/><G67/><T65/><D65/><U117/><E117/><V28/><F34/><W42/><G42/><T12/><D78/><U39/><E114/><V122/><F122/><W81/><G13/><T31/><D93/><U41/><E129/><V97/><F28/><W121/><G121/><T16/><REACH who="0" step="1"/><D7/><REACH who="0" ten="254,235,244,257" step="2"/><U46/><E127/><V69/><F64/><W47/><G76/><T85/><D85/><U56/><E77/><V126/><F126/><W105/><G84/><T96/><D96/><U32/><E32/><V108/><F104/><W98/><G86/><T54/><D54/><U8/><E99/><V110/><F106/><W75/><G98/><T128/><D128/><U74/><E41/><V23/><F6/><W33/><G53/><T19/><D19/><U113/><E113/><V15/><F4/><W87/><G87/><T38/><D38/><U22/><E29/><V101/><F5/><W70/><G105/><T25/><D25/><N who="1" m="14551" /><E74/><V44/><F79/><W71/><G33/><T124/><D124/><U131/><E131/><V92/><F97/><W73/><G75/><T89/><D89/><U17/><E17/><N who="2" m="10687" /><F91/><W115/><G90/><T125/><D125/><U37/><E37/><V82/><F88/><W102/><G72/><T2/><D2/><U59/><E103/><N who="3" m="39466" /><G73/><T24/><D24/><U9/><AGARI ba="0,1" hai="8,9,10,39,40,46,56,57,59,62,63" m="14551" machi="9" ten="30,7900,0" yaku="5,1,52,3" doraHai="52" who="1" fromWho="1" sc="254,-39,235,89,244,-20,257,-20" owari="215,-28.5,324,42.4,224,-17.6,237,3.7" /></mjloggm>