<mjloggm ver="2.3"><GO type="225" lobby="0"/><UN n0="%72%69%6F%75%63%68%61%6E" n1="%6D%75%75%6D%75%72%61" n2="%E9%81%85%E5%88%BB%E3%81%AE%E3%83%97%E3%83%AA%E3%83%B3%E3%82%B9%E2%99%AA" n3="%48%61%61%61%6C%61%6E%64" dan="17,16,16,17" rate="2236.96,2069.27,2178.09,2246.95" sx="M,F,F,M"/><TAIKYOKU oya="0"/><INIT seed="0,0,0,0,5,60" ten="250,250,250,250" oya="0" hai0="130,88,2,87,64,102,34,22,112,5,90,3,62" hai1="133,77,107,19,81,30,10,54,126,46,132,15,47" hai2="124,52,98,111,0,76,25,129,72,122,14,117,114" hai3="13,105,45,66,131,74,57,50,37,113,21,120,16"/><T67/><D112/><U128/><E107/><V49/><F122/><W41/><G113/><T84/><D34/><U29/><E128/><V78/><F114/><W68/><G131/><T95/><D130/><U73/><E126/><V70/><F129/><W35/><G120/><T39/><D39/><U92/><E92/><V127/><F0/><W134/><G134/><N who="1" m="51818" /><E54/><V71/><F111/><W18/><G105/><T82/><D102/><U26/><E30/><V69/><F117/><W118/><G118/><T17/><D5/><U100/><E100/><V1/><F1/><W48/><G35/><AGARI ba="0,0" hai="10,15,19,26,29,35,46,47,73,77,81" m="51818" machi="35" ten="30,1000,0" yaku="20,1" doraHai="60" who="1" fromWho="3" sc="250,0,250,10,250,0,250,-10" /><INIT seed="1,0,0,1,3,105" ten="250,260,250,240" oya="1" hai0="97,22,62,135,128,10,19,87,125,66,106,24,99" hai1="91,17,132,25,49,13,42,111,102,104,67,26,46" hai2="58,131,18,82,112,69,129,44,122,70,107,117,33" hai3="36,101,6,68,35,39,71,37,96,124,48,60,21"/><U1/><E132/><V92/><F117/><W89/><G35/><T12/><D128/><N who="2" m="49226" /><F122/><W3/><G124/><T116/><D125/><U8/><E111/><V53/><F107/><W123/><G123/><T63/><D135/><U15/><E1/><V113/><F33/><W23/><G89/><T28/><D116/><U41/><E67/><V34/><F34/><W94/><G48/><T77/><D106/><U127/><E127/><V29/><F29/><W118/><G118/><T86/><D62/><U119/><E119/><V11/><F92/><W100/><G101/><T81/><REACH who="0" step="1"/><D86/><REACH who="0" ten="240,260,250,240" step="2"/><U95/><E104/><V126/><F126/><W109/><G60/><T134/><D134/><U98/><E102/><V20/><F113/><W74/><G100/><T78/><D78/><U55/><REACH who="1" step="1"/><E15/><REACH who="1" ten="240,250,250,240" step="2"/><V83/><F112/><W76/><G109/><T110/><D110/><U43/><AGARI ba="0,2" hai="8,13,17,25,26,41,42,43,46,49,55,91,95,98" machi="43" ten="30,12000,1" yaku="1,1,2,1,0,1,8,1,53,1" doraHai="105" doraHaiUra="7" who="1" fromWho="1" sc="240,-40,250,140,250,-40,240,-40" /><INIT seed="1,1,0,3,5,33" ten="200,390,210,200" oya="1" hai0="46,31,87,119,12,6,3,101,105,111,96,135,67" hai1="92,35,54,116,20,16,48,123,41,68,56,95,132" hai2="133,0,52,47,11,44,19,81,128,39,75,79,130" hai3="61,24,23,84,125,60,82,63,62,49,97,13,106"/><U10/><E116/><V29/><F133/><W66/><G125/><T127/><D119/><U99/><E123/><V4/><F29/><W124/><G124/><T38/><D111/><U1/><E68/><V129/><F39/><W8/><G49/><T70/><D127/><U7/><E35/><V107/><F107/><W117/><G117/><T76/><D135/><U115/><E115/><V110/><F110/><W122/><G122/><T55/><D31/><U120/><E120/><V45/><REACH who="2" step="1"/><F19/><REACH who="2" ten="200,390,200,200" step="2"/><W59/><G106/><T22/><D38/><U83/><E132/><V30/><F30/><N who="3" m="17695" /><G97/><T21/><D105/><U28/><E28/><V80/><F80/><W25/><G25/><T53/><D96/><U71/><E99/><V9/><F9/><W58/><N who="3" m="15360" /><DORA hai="102" /><W27/><G27/><T69/><D69/><U65/><E71/><V42/><F42/><W73/><G66/><T121/><D67/><U134/><E65/><V113/><F113/><W131/><G131/><T103/><D70/><U57/><E134/><V26/><F26/><W104/><G104/><T114/><D114/><U91/><E41/><V100/><F100/><N who="0" m="38474" /><D121/><U17/><E17/><V126/><F126/><W34/><G34/><T98/><D98/><U90/><E16/><V74/><F74/><W72/><G73/><T15/><D53/><AGARI ba="1,1" hai="0,4,11,44,45,47,52,53,75,79,81,128,129,130" machi="53" ten="50,12000,2" yaku="1,1,19,1,52,1,54,1,53,2" doraHai="33,102" doraHaiUra="86,51" who="2" fromWho="0" sc="200,-123,390,0,200,133,200,0" /><INIT seed="2,0,0,5,2,8" ten="77,390,333,200" oya="2" hai0="124,70,77,84,115,99,71,62,50,60,35,126,101" hai1="29,49,42,81,87,43,38,109,4,1,118,82,98" hai2="114,73,20,59,13,121,37,46,39,112,83,97,56" hai3="78,130,34,21,103,40,64,117,116,107,0,63,96"/><V23/><F121/><W122/><G122/><T95/><D115/><U93/><E118/><V132/><F97/><W92/><G130/><T75/><D35/><U127/><E38/><V22/><F132/><W17/><G0/><T123/><D123/><U65/><E109/><V100/><F100/><W110/><G110/><T91/><D50/><U66/><E127/><V36/><F46/><W120/><G120/><T67/><D60/><U15/><E1/><V7/><F83/><W26/><G40/><N who="1" m="15402" /><E29/><V90/><F90/><W72/><G34/><T51/><D71/><U25/><E25/><V69/><F69/><W45/><G45/><T94/><REACH who="0" step="1"/><D51/><REACH who="0" ten="67,390,333,200" step="2"/><U12/><E49/><V89/><F112/><W80/><G116/><T27/><D27/><U2/><E65/><V104/><F114/><W68/><G117/><T53/><D53/><U48/><E66/><V129/><F129/><W74/><G68/><T24/><D24/><U16/><E48/><V54/><F54/><W79/><G64/><T85/><D85/><U76/><E87/><V57/><F73/><W108/><G108/><T10/><D10/><N who="1" m="4167" /><E2/><V30/><F36/><W55/><G63/><T128/><D128/><U131/><E131/><V133/><F37/><W11/><G55/><T28/><D28/><U106/><E76/><V119/><F39/><W135/><G78/><T32/><D32/><U18/><E98/><V102/><F119/><W105/><G74/><T14/><D14/><U3/><E3/><V134/><F30/><N who="3" m="17743" /><G135/><N who="2" m="51721" /><F13/><N who="3" m="7359" /><G72/><T52/><D52/><U5/><E15/><V31/><F31/><W41/><G41/><RYUUKYOKU ba="0,1" sc="67,15,390,-15,333,-15,200,15" hai0="62,67,70,75,77,84,91,94,95,99,101,124,126" hai3="79,80,92,96,103,105,107" /><INIT seed="3,1,1,3,5,33" ten="82,375,318,215" oya="3" hai0="78,16,82,116,106,41,0,91,26,63,27,4,66" hai1="135,37,99,11,124,7,24,51,1,112,96,48,103" hai2="56,127,94,21,110,43,105,111,19,17,58,113,102" hai3="70,73,109,97,133,130,28,2,9,134,64,81,129"/><W65/><G28/><T86/><D116/><U20/><E37/><V131/><F113/><W121/><G121/><T123/><D123/><U23/><E112/><V57/><F105/><W5/><G97/><T92/><D106/><U100/><E124/><V50/><F127/><W122/><G122/><T38/><D38/><U18/><E135/><N who="3" m="51722" /><G109/><N who="2" m="41481" /><F131/><N who="3" m="50187" /><G70/><T13/><D41/><U128/><E128/><V118/><F118/><W14/><G14/><T55/><D55/><U90/><E90/><V12/><F19/><W120/><G120/><T76/><D4/><U44/><E96/><N who="2" m="59671" /><F43/><W67/><G81/><T40/><D0/><U59/><E99/><V10/><F10/><W71/><G71/><T42/><D40/><U31/><E100/><V62/><F50/><W126/><G73/><T35/><D42/><U34/><E103/><V104/><F104/><W36/><G36/><T98/><D76/><U53/><E18/><V72/><F72/><W89/><G89/><T107/><D107/><U47/><E59/><V75/><F75/><W29/><G29/><T74/><D74/><U79/><E79/><V119/><F119/><W45/><G45/><T32/><D27/><U77/><E77/><V3/><F3/><W132/><G132/><T125/><D26/><U60/><E60/><AGARI ba="1,1" hai="12,17,21,56,57,58,60,62" m="59671,41481" machi="60" ten="30,1000,0" yaku="14,1" doraHai="33" who="2" fromWho="1" sc="82,0,375,-13,318,23,215,0" owari="82,-41.8,362,46.2,341,14.1,215,-18.5" /></mjloggm>