<mjloggm ver="2.3"><GO type="225" lobby="0"/><UN n0="%E5%B8%86%E7%AB%8B%E5%A4%8F%E8%A1%A3" n1="%E5%8D%A0%E3%81%84%E5%B8%AB%E8%A3%8F%E3%81%AA%E3%81%84%E3%81%97" n2="%E6%B4%BE%E9%81%A3%E3%81%AE%E3%82%B8%E3%83%A3%E3%83%83%E3%82%AF" n3="%E3%81%AB%E3%82%80%E3%81%B8%E3%81%84" dan="16,17,16,16" rate="2085.42,2118.60,2197.73,2114.12" sx="M,M,M,M"/><TAIKYOKU oya="0"/><INIT seed="0,0,0,4,1,44" ten="250,250,250,250" oya="0" hai0="56,83,57,13,4,12,54,106,25,52,45,50,130" hai1="5,133,51,48,67,29,101,89,123,40,66,110,115" hai2="78,30,109,42,34,94,24,81,39,22,1,116,113" hai3="41,112,17,14,62,72,98,105,125,31,85,74,36"/><T77/><D130/><U18/><E123/><V11/><F113/><W122/><G112/><T38/><D106/><U60/><E115/><V92/><F109/><W65/><G125/><T127/><D127/><U100/><E110/><V82/><F116/><W90/><G31/><T132/><D132/><U120/><E120/><V135/><F135/><W73/><G41/><T134/><D134/><U61/><E133/><V68/><F68/><W87/><G36/><T35/><D38/><U64/><E40/><V80/><F78/><W37/><G37/><T26/><D45/><U75/><E75/><V0/><F42/><W128/><G128/><T124/><D124/><U32/><E5/><V118/><F39/><W111/><G122/><T70/><D70/><U63/><E18/><V2/><F118/><W23/><G111/><T16/><D4/><U55/><E55/><V15/><F34/><W69/><REACH who="3" step="1"/><G90/><REACH who="3" ten="250,250,250,240" step="2"/><T59/><D35/><U58/><E89/><V33/><F33/><W28/><G28/><T102/><D102/><AGARI ba="0,1" hai="14,17,23,62,65,69,72,73,74,85,87,98,102,105" machi="102" ten="40,2600,0" yaku="1,1,53,1" doraHai="44" doraHaiUra="8" who="3" fromWho="0" sc="250,-26,250,0,250,0,240,36" /><INIT seed="1,0,0,4,5,115" ten="224,250,250,276" oya="1" hai0="119,56,101,26,102,44,112,18,11,59,73,105,2" hai1="74,15,92,97,123,133,91,124,58,100,103,129,128" hai2="77,66,98,94,113,21,64,131,41,76,42,43,83" hai3="126,88,99,52,30,27,28,63,16,71,93,7,36"/><U86/><E123/><V55/><F131/><N who="1" m="50249" /><E58/><N who="0" m="22057" /><D2/><U104/><E15/><V1/><F1/><W78/><G126/><T134/><D73/><U127/><E74/><V108/><F108/><W4/><G36/><T85/><D105/><U109/><E109/><V81/><F55/><W17/><G78/><N who="2" m="30313" /><F21/><N who="3" m="13735" /><G71/><T106/><D106/><N who="1" m="63759" /><E133/><V49/><F49/><W75/><G17/><T62/><D112/><U24/><E24/><V39/><F39/><W9/><G75/><T53/><D134/><U25/><E25/><V60/><F113/><W35/><G35/><T10/><D26/><U40/><E40/><V82/><F60/><W110/><G110/><T45/><D62/><U68/><E68/><V89/><AGARI ba="0,0" hai="41,42,43,64,66,81,82,83,89,94,98" m="30313" machi="89" ten="40,1500,0" yaku="8,1" doraHai="115" who="2" fromWho="2" sc="224,-4,250,-7,250,15,276,-4" /><INIT seed="2,0,0,1,1,25" ten="220,243,265,272" oya="2" hai0="68,3,22,56,123,6,59,13,41,57,108,85,121" hai1="33,28,4,2,80,53,67,87,107,117,97,7,40" hai2="26,48,104,111,112,43,131,32,100,73,120,58,78" hai3="106,66,11,89,115,69,122,16,23,133,110,72,127"/><V84/><F120/><W65/><G110/><T60/><D108/><U102/><E117/><V82/><F112/><W94/><G115/><T54/><D41/><U96/><E2/><V129/><F111/><W76/><G122/><T27/><D3/><U130/><E130/><N who="2" m="49675" /><F73/><W8/><G106/><T10/><D68/><U37/><E96/><N who="2" m="61447" /><F43/><W125/><G127/><T64/><D85/><U52/><E40/><V46/><F58/><W83/><G133/><T116/><D57/><U99/><E99/><V47/><F48/><W135/><G135/><T14/><D14/><U90/><E37/><V88/><F78/><W34/><G125/><T17/><REACH who="0" step="1"/><D116/><REACH who="0" ten="210,243,265,272" step="2"/><U105/><E105/><V119/><F119/><W91/><G72/><T126/><D126/><U75/><E75/><V30/><AGARI ba="0,1" hai="26,30,32,46,47,82,84,88" m="61447,49675" machi="30" ten="30,6000,0" yaku="19,1,52,1,54,1" doraHai="25" who="2" fromWho="2" sc="210,-20,243,-20,265,70,272,-20" /><INIT seed="2,1,0,2,4,27" ten="190,223,335,252" oya="2" hai0="68,77,23,5,85,6,11,79,118,130,61,87,65" hai1="66,52,105,53,40,63,25,67,91,42,12,124,126" hai2="98,44,72,121,82,16,113,37,86,31,135,119,129" hai3="38,99,96,57,17,9,108,132,110,101,19,51,115"/><V71/><F119/><W74/><G38/><T97/><D130/><U2/><E2/><V80/><F121/><W106/><G74/><T134/><D134/><U122/><E105/><V109/><F71/><W103/><G132/><T69/><D118/><U75/><E75/><V94/><F113/><W59/><G115/><T131/><D131/><U90/><E25/><V100/><F129/><W93/><G9/><T70/><D97/><U117/><E117/><V4/><F4/><W14/><G14/><T35/><D35/><U111/><E12/><V30/><F135/><W64/><G64/><T88/><D23/><U125/><E111/><N who="3" m="42538" /><G51/><T33/><D33/><U10/><E10/><V41/><F109/><W49/><G49/><T112/><D112/><U39/><E39/><V127/><F127/><W62/><G62/><T45/><D45/><U56/><E122/><V34/><F34/><W46/><G46/><T120/><D120/><U83/><E83/><V3/><F3/><W102/><G103/><T114/><D114/><U81/><E81/><V26/><F80/><W128/><G128/><T36/><D36/><U50/><E90/><V8/><F72/><W84/><G84/><N who="0" m="32331" /><D88/><U107/><E91/><V20/><F8/><W1/><G1/><N who="0" m="431" /><D6/><U29/><E107/><V22/><F22/><W92/><G106/><T7/><D7/><U54/><E29/><V24/><F24/><W43/><G43/><N who="1" m="16426" /><E66/><V123/><F123/><W133/><G133/><T32/><D32/><U76/><E76/><AGARI ba="1,0" hai="16,20,26,30,31,37,41,44,76,82,86,94,98,100" machi="76" ten="30,11600,0" yaku="7,1,52,2,54,1" doraHai="27" who="2" fromWho="1" sc="190,0,223,-119,335,119,252,0" /><INIT seed="2,2,0,3,4,120" ten="190,104,454,252" oya="2" hai0="14,30,122,118,10,59,71,132,15,11,43,65,76" hai1="45,123,60,55,31,1,34,47,57,85,3,121,33" hai2="81,63,110,127,36,48,99,93,62,80,6,74,53" hai3="100,64,24,86,66,134,32,90,39,91,40,109,49"/><V89/><F36/><W82/><G109/><T79/><D71/><U28/><E85/><V27/><F127/><W9/><G134/><T113/><D113/><U72/><E72/><V112/><F112/><W56/><G39/><T94/><D132/><U44/><E57/><V119/><F119/><W116/><G116/><T51/><D118/><U77/><E60/><V46/><F6/><W114/><G114/><T78/><D122/><N who="1" m="46603" /><E55/><V84/><F110/><W19/><G100/><T41/><D94/><U2/><E77/><V108/><F108/><W73/><G73/><T101/><D101/><U70/><E70/><V106/><F106/><W111/><G111/><T17/><D30/><AGARI ba="2,0" hai="1,2,3,28,30,31,33,34,44,45,47" m="46603" machi="30" ten="40,5200,0" yaku="28,2,13,1" doraHai="120" who="1" fromWho="0" sc="190,-58,104,58,454,0,252,0" /><INIT seed="3,0,0,3,2,70" ten="132,162,454,252" oya="3" hai0="100,105,58,26,31,9,27,71,99,20,135,42,89" hai1="75,37,130,13,115,2,87,67,84,8,92,69,16" hai2="30,113,4,21,15,78,52,5,59,45,79,98,123" hai3="103,81,41,12,29,124,110,107,72,46,57,134,65"/><W91/><G124/><T85/><D135/><U48/><E115/><V73/><F113/><W127/><G127/><T106/><D71/><U60/><E37/><V96/><F123/><W23/><G134/><T109/><D109/><U28/><E75/><V101/><F45/><W55/><G65/><T22/><D42/><U40/><E130/><V126/><F126/><W64/><G64/><T133/><D133/><U56/><E2/><V86/><F73/><W90/><G107/><T122/><D122/><U39/><E28/><V1/><F1/><W114/><G103/><T108/><D108/><U14/><E92/><N who="2" m="58503" /><F98/><W17/><G114/><T68/><D68/><U117/><E117/><V43/><F43/><W62/><G110/><T47/><D47/><N who="1" m="23967" /><E14/><V19/><F30/><W50/><REACH who="3" step="1"/><G29/><REACH who="3" ten="132,162,454,242" step="2"/><T88/><D106/><U10/><E10/><V63/><F79/><AGARI ba="0,1" hai="12,17,23,41,46,50,55,57,62,72,79,81,90,91" machi="79" ten="40,3900,0" yaku="1,1,2,1,53,0" doraHai="70" doraHaiUra="0" who="3" fromWho="2" sc="132,0,162,0,454,-39,242,49" /><INIT seed="3,1,0,5,3,81" ten="132,162,415,291" oya="3" hai0="19,91,48,80,9,2,20,85,24,0,45,96,128" hai1="55,98,88,14,67,84,41,107,99,40,27,97,54" hai2="70,63,65,10,110,13,114,17,95,51,58,3,7" hai3="36,120,69,56,61,4,132,103,47,31,44,116,11"/><W78/><G120/><T25/><D128/><U43/><E107/><V105/><F105/><W121/><G121/><T42/><D9/><U93/><E67/><V72/><F72/><W131/><G116/><T100/><REACH who="0" step="1"/><D25/><REACH who="0" ten="122,162,415,291" step="2"/><U57/><E27/><V135/><F10/><W23/><G131/><T74/><D74/><U106/><E106/><AGARI ba="1,1" hai="0,2,19,20,24,42,45,48,80,85,91,96,100,106" machi="106" ten="30,3900,0" yaku="1,1,7,1,52,1,53,0" doraHai="81" doraHaiUra="59" who="0" fromWho="1" sc="122,52,162,-42,415,0,291,0" owari="174,-22.6,120,-38.0,415,51.5,291,9.1" /></mjloggm>