<mjloggm ver="2.3"><GO type="225" lobby="0"/><UN n0="%E6%98%93%E5%88%A9%E8%96%A9%E4%BC%AF" n1="%E3%83%B4%E3%83%A0%EF%BC%99%E3%81%A6" n2="%E3%81%95%E3%81%8D%E3%81%9F%E3%81%BE%E6%9E%97%E6%AA%8E" n3="%6D%75%75%6D%75%72%61" dan="16,17,16,16" rate="2151.08,2152.06,2138.87,2164.89" sx="F,M,M,F"/><TAIKYOKU oya="0"/><INIT seed="0,0,0,5,4,79" ten="250,250,250,250" oya="0" hai0="98,123,131,18,21,87,77,121,26,69,63,60,35" hai1="45,117,115,37,54,109,59,31,96,41,24,62,93" hai2="104,43,10,118,15,102,51,25,85,14,46,103,70" hai3="129,39,67,86,132,135,73,95,8,50,13,52,19"/><T11/><D131/><U112/><E109/><V99/><F70/><W57/><G73/><T17/><D35/><U100/><REACH who="1" step="1"/><E117/><REACH who="1" ten="250,240,250,250" step="2"/><V83/><F118/><W22/><G132/><T2/><D123/><U92/><E92/><V42/><F104/><W76/><G135/><T28/><D121/><U124/><E124/><V74/><F43/><W88/><G129/><T90/><D69/><U12/><E12/><V5/><F15/><W126/><G126/><T75/><D2/><U32/><AGARI ba="0,1" hai="24,31,32,37,41,45,54,59,62,93,96,100,112,115" machi="32" ten="30,4000,0" yaku="1,1,0,1,53,1" doraHai="79" doraHaiUra="30" who="1" fromWho="1" sc="250,-20,240,50,250,-10,250,-10" /><INIT seed="1,0,0,3,4,105" ten="230,290,240,240" oya="1" hai0="118,121,25,10,17,96,112,97,106,113,56,101,52" hai1="41,0,67,55,111,59,71,40,134,58,102,84,107" hai2="80,27,1,11,115,94,60,14,90,77,99,50,61" hai3="64,2,51,125,100,89,75,129,48,5,26,21,32"/><U116/><E0/><V69/><F115/><W12/><G129/><T46/><D118/><U124/><E107/><V72/><F1/><W127/><G100/><T117/><D117/><U31/><E116/><V34/><F69/><W18/><G64/><T16/><D121/><U132/><E102/><V68/><F68/><W43/><G89/><T44/><D97/><U6/><E6/><V42/><F42/><N who="1" m="16489" /><E31/><V81/><F50/><W28/><G75/><T74/><D74/><U79/><E84/><V57/><F81/><W15/><G15/><T65/><D65/><U19/><E19/><V120/><F120/><W37/><G37/><T122/><D122/><U62/><E79/><V36/><F36/><W110/><G110/><T49/><D10/><U30/><E30/><V3/><F3/><W38/><G38/><T119/><D119/><U82/><E82/><V22/><F34/><W29/><G29/><T133/><D133/><N who="1" m="51307" /><E111/><V123/><F123/><W88/><G88/><T47/><REACH who="0" step="1"/><D25/><REACH who="0" ten="220,290,240,240" step="2"/><U109/><E109/><V13/><F11/><N who="3" m="2487" /><G43/><T53/><D53/><U85/><E85/><V63/><F27/><W23/><G23/><T87/><D87/><U108/><E108/><V9/><F22/><W35/><G35/><T104/><D104/><U91/><E55/><V126/><F9/><W135/><G135/><T92/><D92/><U93/><E93/><V83/><F94/><W73/><G73/><T66/><D66/><U128/><E67/><V76/><F72/><W114/><G114/><AGARI ba="0,1" hai="16,17,44,46,47,49,52,56,96,101,106,112,113,114" machi="114" ten="40,5200,0" yaku="1,1,54,2,53,0" doraHai="105" doraHaiUra="4" who="0" fromWho="3" sc="220,62,290,0,240,0,240,-52" /><INIT seed="2,0,0,1,5,66" ten="282,290,240,188" oya="2" hai0="47,101,117,7,115,124,107,18,132,52,76,9,68" hai1="111,134,113,82,74,110,61,116,65,105,15,121,91" hai2="71,2,12,29,122,84,30,108,114,81,8,98,17" hai3="87,46,78,92,50,36,3,77,80,16,54,69,27"/><V19/><F114/><W13/><G3/><T127/><D115/><U123/><E113/><V90/><F122/><N who="1" m="46601" /><E105/><V95/><F2/><W135/><G135/><T48/><D132/><U103/><E134/><V21/><F71/><W11/><G36/><T58/><D76/><N who="1" m="44311" /><E103/><V128/><F128/><W72/><G69/><T129/><D117/><U106/><E106/><V56/><F56/><W28/><G92/><T88/><D68/><N who="1" m="42031" /><E116/><V109/><F108/><W57/><G77/><T0/><D101/><U118/><E118/><V40/><F109/><W85/><REACH who="3" step="1"/><G57/><REACH who="3" ten="282,290,240,178" step="2"/><T32/><D107/><U125/><E125/><V31/><F40/><W20/><AGARI ba="0,1" hai="11,13,16,20,27,28,46,50,54,72,78,80,85,87" machi="20" ten="20,8000,1" yaku="1,1,2,1,0,1,7,1,54,1,53,0" doraHai="66" doraHaiUra="126" who="3" fromWho="3" sc="282,-20,290,-20,240,-40,178,90" /><INIT seed="3,0,0,3,1,34" ten="262,270,200,268" oya="3" hai0="69,85,39,113,40,95,118,125,63,117,106,61,41" hai1="18,124,82,65,42,67,17,56,115,103,29,60,84" hai2="134,54,33,122,32,48,75,10,104,105,86,6,79" hai3="120,80,114,127,101,28,92,22,119,45,130,27,93"/><W16/><G114/><T46/><D106/><U68/><E115/><V26/><F75/><W36/><G119/><N who="0" m="45579" /><D95/><U96/><E124/><V44/><F134/><W74/><G127/><T64/><D85/><U9/><E42/><N who="0" m="16489" /><D113/><U81/><E81/><V1/><F122/><W131/><G120/><T0/><D0/><U83/><E83/><V62/><F79/><N who="3" m="44151" /><G45/><T126/><D63/><U78/><E29/><V132/><F132/><W107/><G36/><T35/><D35/><U133/><E133/><V89/><F62/><W21/><G107/><T24/><D24/><U37/><E37/><V108/><F33/><W55/><G55/><T88/><D88/><U100/><E100/><V94/><REACH who="2" step="1"/><F108/><REACH who="2" ten="262,270,190,268" step="2"/><W15/><G101/><T19/><D126/><U123/><E123/><V99/><F99/><W30/><G30/><AGARI ba="0,1" hai="1,6,10,26,30,32,44,48,54,86,89,94,104,105" machi="30" ten="40,2600,0" yaku="1,1,52,1,53,0" doraHai="34" doraHaiUra="97" who="2" fromWho="3" sc="262,0,270,0,190,36,268,-26" /><INIT seed="4,0,0,1,5,7" ten="262,270,226,242" oya="0" hai0="104,119,21,25,47,98,22,69,88,61,90,9,121" hai1="93,92,44,116,133,113,125,135,86,126,74,75,73" hai2="34,123,95,124,91,76,8,79,60,94,42,31,6" hai3="68,49,114,59,85,24,112,38,62,33,110,13,43"/><T29/><D119/><U118/><E113/><N who="3" m="43626" /><G110/><T45/><D121/><U108/><E44/><V32/><F123/><W96/><G68/><T40/><D22/><U70/><E70/><V19/><F124/><N who="1" m="47721" /><E108/><V107/><F107/><W122/><G122/><T130/><D47/><U100/><E86/><V11/><F42/><W117/><G117/><N who="1" m="45162" /><E100/><V84/><F34/><W115/><G115/><T109/><D130/><U27/><E27/><V28/><F32/><W78/><G24/><T72/><D72/><U77/><E77/><N who="2" m="29771" /><F6/><W10/><G33/><T99/><D109/><U56/><E56/><V51/><F19/><N who="3" m="8631" /><G38/><T5/><D69/><U3/><E3/><V37/><F37/><W14/><G43/><T134/><D40/><U55/><E55/><V35/><F35/><W20/><G78/><T132/><D45/><U36/><E36/><V120/><F120/><W48/><G85/><T26/><D26/><U129/><E129/><V63/><F51/><W66/><G96/><T50/><D99/><U15/><E15/><V53/><F53/><W4/><G4/><T1/><D50/><U81/><E81/><V57/><F57/><W131/><G131/><T16/><D29/><N who="2" m="11338" /><F95/><AGARI ba="0,0" hai="73,74,75,92,93,95,133,135" m="45162,47721" machi="95" ten="40,8000,1" yaku="28,2,18,1,34,2" doraHai="7" who="1" fromWho="2" sc="262,0,270,80,226,-80,242,0" owari="262,6.2,350,45.0,146,-35.4,242,-15.8" /></mjloggm>