<mjloggm ver="2.3"><GO type="225" lobby="0"/><UN n0="%E3%83%81%E3%83%AF%E3%83%AF%E9%9A%8A%E9%95%B7" n1="%E3%81%B5%E3%81%98%E3%81%8B%E3%81%A4" n2="%4B%2E%32%2E%4B%2E" n3="%E7%99%BD%E6%97%A5%E9%9B%AA%E8%8F%9C" dan="16,17,16,17" rate="2107.41,2198.16,2099.96,2202.37" sx="M,M,M,M"/><TAIKYOKU oya="0"/><INIT seed="0,0,0,5,1,87" ten="250,250,250,250" oya="0" hai0="51,3,15,111,90,88,84,74,80,49,129,83,42" hai1="31,128,102,77,95,44,41,115,103,100,133,71,66" hai2="108,118,6,92,43,9,96,93,131,126,14,114,48" hai3="2,107,124,130,21,47,89,33,65,120,98,38,99"/><T8/><D3/><U73/><E133/><V86/><F114/><W61/><G33/><T5/><D129/><U54/><E115/><V109/><F131/><W26/><G2/><T121/><D121/><U7/><E128/><V0/><F126/><W70/><G124/><T22/><D111/><N who="2" m="42570" /><F118/><W82/><G120/><T135/><D135/><U134/><E134/><V57/><F86/><W79/><G130/><T16/><D74/><U4/><E31/><V63/><F0/><W62/><G62/><T32/><D32/><U94/><E54/><N who="2" m="34231" /><F96/><W29/><G107/><T19/><D19/><U117/><E117/><V18/><F6/><W119/><G119/><T23/><D23/><U75/><E71/><V52/><F43/><W50/><G38/><T46/><D49/><U10/><E66/><V91/><F91/><N who="0" m="34858" /><D84/><U69/><E69/><V59/><AGARI ba="0,0" hai="9,14,18,48,52,59,92,93" m="34231,42570" machi="59" ten="30,2000,0" yaku="14,1,54,1" doraHai="87" who="2" fromWho="2" sc="250,-10,250,-5,250,20,250,-5" /><INIT seed="1,0,0,0,1,63" ten="240,245,270,245" oya="1" hai0="8,53,4,13,115,61,38,18,37,67,60,35,22" hai1="46,65,74,80,90,114,0,125,19,49,69,76,12" hai2="135,77,68,15,95,109,1,30,2,100,72,16,119" hai3="7,134,117,73,126,106,36,85,108,87,9,130,112"/><U101/><E114/><V123/><F119/><W93/><RYUUKYOKU type="yao9" ba="0,0" sc="240,0,245,0,270,0,245,0" hai3="7,9,36,73,85,87,93,106,108,112,117,126,130,134" /><INIT seed="1,1,0,3,3,97" ten="240,245,270,245" oya="1" hai0="87,105,90,7,20,85,117,71,130,13,76,86,84" hai1="72,57,69,109,56,1,59,77,17,112,39,62,55" hai2="45,60,118,132,116,104,46,12,25,78,21,82,51" hai3="36,26,38,32,9,22,96,49,94,24,106,42,10"/><U120/><E1/><V63/><F104/><W101/><G32/><T135/><D71/><U18/><E120/><V111/><F111/><W28/><G24/><T27/><D117/><U68/><E109/><V47/><F132/><W4/><G106/><T5/><D135/><U129/><E129/><V44/><F12/><W30/><G28/><T0/><D0/><U89/><E112/><V31/><F118/><W123/><G123/><T108/><D130/><U128/><E128/><V33/><F33/><W50/><G9/><N who="0" m="4271" /><D105/><U79/><E39/><V40/><REACH who="2" step="1"/><F116/><REACH who="2" ten="240,245,260,245" step="2"/><W92/><G4/><T54/><D7/><U98/><E72/><AGARI ba="1,1" hai="21,25,31,40,44,45,46,47,51,60,63,72,78,82" machi="72" ten="40,2600,0" yaku="1,1,2,1,53,0" doraHai="97" doraHaiUra="119" who="2" fromWho="1" sc="240,0,245,-29,260,39,245,0" /><INIT seed="2,0,0,1,5,18" ten="240,216,299,245" oya="2" hai0="38,110,48,5,77,90,65,54,63,37,35,104,86" hai1="81,123,30,45,27,82,70,76,131,107,56,26,60" hai2="95,29,14,130,133,106,120,0,73,101,94,111,69" hai3="74,116,87,99,112,55,13,39,92,134,68,52,12"/><V83/><F0/><W62/><G74/><T33/><D104/><U121/><E107/><V66/><F69/><W135/><G116/><T8/><D110/><U72/><E70/><V89/><F66/><W40/><G112/><T96/><D77/><U44/><E131/><V71/><F71/><W24/><G87/><T127/><D96/><U42/><E82/><V4/><F29/><W32/><G40/><T84/><D127/><U91/><E91/><V57/><F57/><W46/><G39/><T119/><D84/><U114/><E114/><V2/><F2/><W117/><G117/><T108/><D108/><U126/><E126/><V16/><F4/><W21/><G32/><T10/><D10/><U43/><E43/><V41/><F133/><N who="3" m="50699" /><G46/><T6/><D119/><U125/><E125/><V36/><F120/><N who="1" m="46153" /><E42/><V67/><F41/><W28/><G68/><T51/><D38/><U113/><E113/><V53/><F130/><W50/><G62/><T85/><D37/><U129/><E129/><V20/><F36/><W34/><G34/><T98/><D33/><N who="1" m="20695" /><E27/><V22/><F73/><W59/><G55/><AGARI ba="0,0" hai="44,45,55,56,60,72,76,81" m="20695,46153" machi="55" ten="30,1000,0" yaku="13,1" doraHai="18" who="1" fromWho="3" sc="240,0,216,10,299,0,245,-10" /><INIT seed="3,0,0,0,0,130" ten="240,226,299,235" oya="3" hai0="64,134,74,60,19,104,97,54,88,78,28,63,103" hai1="124,76,20,36,80,68,79,57,27,112,67,71,121" hai2="123,31,99,127,41,129,48,55,73,98,1,91,14" hai3="82,2,72,50,34,40,111,4,37,51,105,10,107"/><W3/><G34/><T108/><D108/><U24/><E121/><V110/><F1/><W125/><G125/><T53/><D28/><U100/><E124/><V75/><F127/><W94/><G2/><T118/><D118/><U65/><E112/><V115/><F115/><W77/><G111/><T7/><D7/><U95/><E36/><V33/><F110/><W38/><G94/><T120/><D120/><U89/><E100/><V42/><F75/><W96/><G37/><T93/><D63/><U47/><E47/><V43/><F73/><W86/><G86/><N who="0" m="52375" /><D19/><U83/><E57/><V117/><F129/><W133/><G133/><T119/><D134/><U15/><E15/><V132/><F132/><W92/><G107/><T102/><D102/><U52/><E52/><V44/><F14/><W13/><G13/><T23/><D23/><U106/><E106/><V87/><F117/><W46/><G105/><T101/><D101/><AGARI ba="0,0" hai="3,4,10,38,40,46,50,51,72,77,82,92,96,101" machi="101" ten="30,5800,0" yaku="7,1,25,2" doraHai="130" who="3" fromWho="0" sc="240,-58,226,0,299,0,235,58" /><INIT seed="3,1,0,3,0,100" ten="182,226,299,293" oya="3" hai0="17,11,117,76,30,33,38,82,15,97,25,20,59" hai1="68,89,63,106,12,121,32,88,105,98,36,62,74" hai2="75,58,79,85,23,108,57,60,46,52,83,78,6" hai3="104,55,91,41,95,119,130,69,8,64,133,47,109"/><W126/><G119/><T94/><D38/><U99/><E32/><V0/><F108/><W114/><G114/><T96/><D117/><U73/><E36/><V39/><F0/><W34/><G34/><T27/><D59/><U125/><E12/><V90/><F6/><W71/><G104/><T53/><D53/><U131/><E68/><V26/><F75/><W81/><G109/><T110/><D110/><U128/><REACH who="1" step="1"/><E125/><REACH who="1" ten="182,216,299,293" step="2"/><V22/><F39/><W16/><G126/><T19/><REACH who="0" step="1"/><D94/><REACH who="0" ten="172,216,299,293" step="2"/><U86/><E86/><AGARI ba="1,2" hai="11,15,17,19,20,25,27,30,33,76,82,86,96,97" machi="86" ten="30,7700,0" yaku="1,1,2,1,7,1,53,1" doraHai="100" doraHaiUra="7" who="0" fromWho="1" sc="172,100,216,-80,299,0,293,0" /><INIT seed="4,0,0,0,0,87" ten="272,136,299,293" oya="0" hai0="4,84,47,78,123,130,110,23,131,27,28,134,51" hai1="133,39,37,102,45,99,60,65,86,70,42,73,132" hai2="1,119,8,126,92,104,3,33,24,128,135,129,62" hai3="120,18,0,58,122,105,68,13,56,127,125,89,121"/><T111/><D123/><U48/><E73/><V12/><F104/><W26/><G0/><T20/><D134/><N who="1" m="51819" /><E86/><V83/><F135/><W11/><G68/><T94/><D4/><U25/><E25/><V66/><F126/><N who="3" m="48139" /><G105/><AGARI ba="0,0" hai="37,39,42,45,48,60,65,70,99,102,105" m="51819" machi="105" ten="30,1000,0" yaku="20,1" doraHai="87" who="1" fromWho="3" sc="272,0,136,10,299,0,293,-10" /><INIT seed="5,0,0,5,5,8" ten="272,146,299,283" oya="1" hai0="45,27,11,26,22,127,125,38,112,132,129,116,89" hai1="46,41,65,59,54,83,77,48,113,80,67,94,6" hai2="82,17,53,87,131,25,43,103,49,84,3,121,96" hai3="130,120,13,71,14,126,20,61,4,57,109,70,31"/><U106/><E106/><V124/><F3/><W102/><G120/><T81/><D116/><U18/><E113/><V75/><F121/><W36/><G109/><T91/><D112/><U79/><E94/><V99/><F43/><W118/><G36/><T16/><D129/><U9/><E18/><V37/><F37/><W107/><G130/><T56/><D132/><U122/><E122/><V24/><F131/><W97/><G118/><T68/><D68/><U72/><E79/><V50/><F124/><N who="0" m="47690" /><D26/><N who="2" m="10346" /><F75/><W90/><G31/><T108/><D108/><U63/><REACH who="1" step="1"/><E83/><REACH who="1" ten="272,136,299,283" step="2"/><V135/><F17/><W1/><G126/><T85/><D85/><U29/><E29/><V74/><F87/><W21/><G107/><T19/><D81/><U66/><E66/><V128/><F128/><W39/><G97/><T95/><D95/><U47/><E47/><V115/><F115/><W42/><G4/><T28/><D45/><U44/><E44/><V134/><F84/><W93/><G93/><T5/><D28/><U117/><E117/><V86/><F96/><W60/><G102/><T0/><D19/><U52/><E52/><V32/><F53/><W73/><G73/><T15/><D16/><U98/><E98/><V111/><F74/><W92/><G92/><T10/><D89/><U55/><E55/><V104/><F86/><W133/><G90/><T76/><D91/><U12/><AGARI ba="0,1" hai="6,9,12,41,46,48,54,59,63,65,67,72,77,80" machi="12" ten="20,12000,1" yaku="1,1,0,1,7,1,52,1,53,1" doraHai="8" doraHaiUra="2" who="1" fromWho="1" sc="272,-40,136,130,299,-40,283,-40" /><INIT seed="5,1,0,5,2,48" ten="232,266,259,243" oya="1" hai0="117,36,106,96,122,12,50,78,66,133,39,60,118" hai1="8,75,114,105,24,26,61,15,0,99,17,100,23" hai2="74,45,53,14,135,47,65,13,93,30,70,126,1" hai3="46,123,69,88,18,42,82,64,130,89,91,72,4"/><U16/><E114/><V11/><F74/><W41/><G123/><T31/><D122/><U67/><E75/><V56/><F126/><W94/><G4/><T33/><D133/><U129/><E0/><V121/><F121/><W112/><G112/><T58/><D78/><U81/><E81/><V76/><F135/><W80/><G69/><N who="0" m="42183" /><D12/><U20/><E129/><V63/><F76/><W132/><G64/><T79/><D79/><U52/><E67/><V86/><F30/><W55/><G72/><T110/><D110/><U22/><REACH who="1" step="1"/><E26/><REACH who="1" ten="232,256,259,243" step="2"/><V62/><F65/><W2/><G130/><T49/><D117/><U54/><E54/><V87/><F53/><W38/><G2/><T134/><D118/><U9/><E9/><V124/><F1/><W44/><G55/><T43/><D134/><U102/><E102/><V109/><F11/><W19/><G132/><T29/><D43/><U51/><E51/><V73/><F73/><W77/><G77/><T85/><D49/><U71/><E71/><V120/><F70/><W116/><G116/><T95/><D50/><U25/><E25/><V111/><F120/><W84/><G82/><T98/><D39/><U6/><E6/><V34/><F63/><W119/><G80/><T104/><D36/><U125/><E125/><V115/><F115/><W83/><G119/><T5/><D5/><U107/><E107/><V28/><F62/><W35/><G83/><T90/><D104/><U113/><E113/><V59/><F111/><W92/><G38/><T127/><D106/><U57/><AGARI ba="1,1" hai="8,15,16,17,20,22,23,24,52,57,61,99,100,105" machi="57" ten="30,12000,1" yaku="1,1,0,1,52,1,54,2,53,0" doraHai="48" doraHaiUra="68" who="1" fromWho="1" sc="232,-41,256,133,259,-41,243,-41" owari="191,-30.9,389,48.9,218,1.8,202,-19.8" /></mjloggm>