<mjloggm ver="2.3"><GO type="225" lobby="0"/><UN n0="%E9%A2%A8%E3%81%A7%E9%B3%B4%E3%81%8F" n1="%72%61%6B%33" n2="%45%6C%79%73%69%75%6D" n3="%E3%81%8B%E3%82%8F%E3%81%A1%E3%82%83%E3%82%93%35%38" dan="16,16,17,17" rate="2153.74,2080.09,2133.23,2144.77" sx="M,M,F,M"/><TAIKYOKU oya="0"/><INIT seed="0,0,0,4,4,85" ten="250,250,250,250" oya="0" hai0="47,38,21,116,131,115,9,105,46,118,99,7,13" hai1="110,37,31,120,106,40,34,83,87,63,127,74,64" hai2="108,130,1,82,29,20,67,3,76,30,89,55,48" hai3="62,18,54,45,60,53,111,95,51,123,41,119,71"/><T102/><D115/><U25/><E110/><V90/><F67/><W39/><G119/><T86/><D131/><U59/><E127/><V112/><F112/><W104/><G104/><T32/><D32/><U81/><E106/><V44/><F108/><W2/><G2/><T4/><D4/><U103/><E120/><V36/><F36/><W101/><G111/><T5/><D5/><U79/><E103/><V57/><F130/><W11/><G123/><T126/><D126/><U42/><REACH who="1" step="1"/><E37/><REACH who="1" ten="250,240,250,250" step="2"/><V114/><F114/><W27/><G39/><T65/><D38/><U33/><E33/><V78/><F1/><W61/><G101/><T132/><D132/><U134/><E134/><V52/><F3/><W124/><G124/><T117/><D65/><U6/><E6/><V88/><F82/><W80/><G71/><T15/><D116/><U69/><E69/><V43/><F43/><W135/><G80/><T128/><D117/><U96/><E96/><V17/><F29/><W70/><G70/><T14/><D118/><U107/><E107/><V22/><F30/><W97/><G135/><T58/><D128/><U109/><E109/><V122/><F122/><W66/><G66/><T94/><D105/><U125/><E125/><V10/><F10/><W24/><G41/><T49/><D102/><U93/><E93/><V8/><F8/><W72/><G11/><T98/><D99/><U56/><E56/><V0/><F0/><W133/><G97/><T113/><D98/><U28/><E28/><V16/><F20/><N who="3" m="13335" /><G133/><T23/><D113/><U77/><AGARI ba="0,1" hai="25,31,34,40,42,59,63,64,74,77,79,81,83,87" machi="77" ten="20,2700,0" yaku="1,1,0,1,7,1,53,0" doraHai="85" doraHaiUra="84" who="1" fromWho="1" sc="250,-13,240,37,250,-7,250,-7" /><INIT seed="1,0,0,0,3,97" ten="237,277,243,243" oya="1" hai0="68,94,74,115,22,65,119,26,102,42,47,58,99" hai1="105,1,48,63,37,38,106,59,30,82,91,84,20" hai2="69,122,51,62,33,34,118,101,13,112,75,123,45" hai3="132,67,86,85,120,52,8,24,43,103,2,16,4"/><U113/><E1/><V108/><F118/><W104/><G120/><T60/><D115/><U28/><E113/><V61/><F112/><W14/><G132/><T3/><D119/><U40/><E48/><V111/><F75/><W87/><G43/><T110/><D110/><N who="2" m="42026" /><F13/><W125/><G125/><T29/><D74/><U35/><E35/><N who="2" m="13323" /><F101/><W12/><G67/><T92/><D3/><U131/><E131/><V133/><F133/><W46/><G103/><T56/><REACH who="0" step="1"/><D92/><REACH who="0" ten="227,277,243,243" step="2"/><U54/><E106/><V5/><F122/><W66/><G104/><T15/><D15/><U41/><E105/><V93/><F93/><W31/><G14/><T49/><AGARI ba="0,1" hai="22,26,29,42,47,49,56,58,60,65,68,94,99,102" machi="49" ten="20,5200,0" yaku="1,1,0,1,7,1,52,1,53,0" doraHai="97" doraHaiUra="81" who="0" fromWho="0" sc="227,62,277,-26,243,-13,243,-13" /><INIT seed="2,0,0,2,2,134" ten="289,251,230,230" oya="2" hai0="46,23,135,37,84,104,17,59,31,51,53,80,57" hai1="97,21,20,56,36,79,26,101,7,24,85,71,0" hai2="125,19,69,105,86,39,4,121,126,11,72,58,13" hai3="82,28,1,119,55,47,49,111,127,114,118,99,43"/><V14/><F69/><W35/><G1/><T133/><D104/><U117/><E36/><V70/><F70/><W108/><G35/><T50/><D31/><U107/><E71/><V89/><F121/><W78/><G28/><T77/><D37/><U8/><E117/><N who="3" m="44554" /><G99/><T110/><D110/><N who="3" m="42025" /><G114/><T98/><D98/><U3/><E3/><V112/><F39/><W60/><G82/><T90/><D77/><U10/><E10/><V12/><F112/><W88/><G88/><T91/><D91/><U74/><E74/><V27/><F105/><W34/><G78/><T115/><D115/><U62/><E24/><V95/><F72/><W33/><G127/><N who="2" m="48649" /><F58/><AGARI ba="0,0" hai="33,34,43,47,49,55,58,60" m="42025,44554" machi="58" ten="30,1000,0" yaku="14,1" doraHai="134" who="3" fromWho="2" sc="289,0,251,0,230,-10,230,10" /><INIT seed="3,0,0,5,0,3" ten="289,251,220,240" oya="3" hai0="119,87,37,2,88,84,8,86,92,10,12,104,53" hai1="85,18,28,99,129,105,52,4,42,55,73,11,49" hai2="98,123,54,67,61,29,106,113,36,103,5,19,63" hai3="83,64,43,26,110,77,101,132,44,130,114,66,65"/><W108/><G114/><T133/><D104/><U128/><E73/><V34/><F113/><W32/><G101/><T107/><D107/><U24/><E18/><V1/><F123/><W100/><G100/><T127/><D119/><U68/><E68/><V124/><F124/><W109/><G132/><T50/><D37/><U74/><E74/><V72/><F72/><W14/><G130/><T78/><D127/><U96/><E85/><V89/><F36/><W126/><G126/><T16/><D133/><U135/><E42/><V38/><F38/><W46/><G43/><T7/><D78/><U102/><E99/><V95/><F19/><W17/><G26/><T125/><D125/><U111/><E111/><V112/><F112/><W41/><G32/><T94/><D94/><U31/><E135/><V134/><F134/><W62/><G62/><T15/><D2/><U56/><E55/><V22/><F54/><W20/><REACH who="3" step="1"/><G41/><REACH who="3" ten="289,251,220,230" step="2"/><T97/><D97/><U70/><E96/><V116/><F116/><W35/><G35/><T75/><D75/><AGARI ba="0,1" hai="14,17,20,44,46,64,65,66,75,77,83,108,109,110" machi="75" ten="50,9600,0" yaku="1,1,14,1,10,1,53,0" doraHai="3" doraHaiUra="93" who="3" fromWho="0" sc="289,-96,251,0,220,0,230,106" owari="193,-30.7,251,5.1,220,-18.0,336,43.6" /></mjloggm>