<mjloggm ver="2.3"><GO type="225" lobby="0"/><UN n0="%72%61%6B%33" n1="%E6%80%AA%E3%81%97%E3%81%99%E3%81%8E%E3%82%8B%E3%83%81%E3%83%BC" n2="%6D%75%75%6D%75%72%61" n3="%33%74%72%65%65" dan="17,16,16,16" rate="2270.07,2105.94,2187.96,2071.85" sx="M,M,F,M"/><TAIKYOKU oya="0"/><INIT seed="0,0,0,2,4,116" ten="250,250,250,250" oya="0" hai0="47,20,81,42,53,114,45,103,9,43,96,100,133" hai1="105,129,63,91,72,87,93,109,22,88,117,77,31" hai2="35,23,16,10,37,15,4,58,106,46,131,78,113" hai3="54,94,121,12,108,62,102,132,3,32,99,111,28"/><T123/><D133/><U92/><E117/><V65/><F113/><W30/><G3/><T119/><D114/><U126/><E105/><V21/><F106/><W50/><G132/><T14/><D123/><U1/><E109/><N who="3" m="42058" /><G121/><T101/><D119/><U69/><E1/><V79/><F35/><W124/><G124/><T2/><D2/><U0/><E0/><V84/><F131/><W55/><G32/><T8/><D96/><U52/><E129/><V13/><F23/><W118/><G118/><T33/><D33/><U44/><E126/><V73/><F73/><W41/><G41/><T11/><D81/><U51/><E72/><V5/><F5/><W125/><G125/><T76/><D76/><U64/><E77/><V97/><F97/><W74/><G74/><T95/><D95/><U75/><E75/><V60/><REACH who="2" step="1"/><F84/><REACH who="2" ten="250,250,240,250" step="2"/><W98/><G98/><T110/><D110/><U71/><E22/><V40/><AGARI ba="0,1" hai="4,10,13,15,16,21,37,40,46,58,60,65,78,79" machi="40" ten="30,7900,0" yaku="1,1,2,1,0,1,54,1,53,0" doraHai="116" doraHaiUra="128" who="2" fromWho="2" sc="250,-39,250,-20,240,89,250,-20" /><INIT seed="1,0,0,0,4,83" ten="211,230,329,230" oya="1" hai0="45,16,94,72,99,66,63,29,65,44,110,132,25" hai1="98,115,108,71,75,19,30,46,35,0,93,10,116" hai2="61,18,54,7,120,96,125,17,21,37,47,28,14" hai3="36,56,74,57,107,2,86,24,78,50,118,70,114"/><U80/><E115/><V87/><F120/><W49/><G114/><T127/><D110/><U6/><E71/><V134/><F134/><W101/><G70/><T111/><D111/><U51/><E108/><V8/><F125/><W53/><G36/><T112/><D112/><U130/><E116/><V122/><F122/><W68/><G68/><T126/><D72/><U79/><E130/><V13/><F37/><W106/><G2/><T121/><D132/><U82/><E82/><V15/><F96/><W81/><G118/><T128/><D128/><U103/><E19/><V73/><F73/><W1/><G1/><T20/><D121/><U39/><E30/><V85/><F28/><W59/><G101/><T3/><D3/><U77/><E77/><V100/><F100/><W129/><G129/><T105/><D105/><U42/><E51/><N who="2" m="29055" /><F61/><W62/><G24/><T88/><D29/><U97/><REACH who="1" step="1"/><E98/><REACH who="1" ten="211,220,329,230" step="2"/><V52/><F17/><W123/><G123/><T91/><D127/><U109/><E109/><V84/><F18/><W11/><G49/><T41/><D126/><U4/><E4/><V58/><F21/><W22/><G50/><T31/><D31/><U5/><E5/><V48/><AGARI ba="0,1" hai="7,8,13,14,15,48,52,58,84,85,87" m="29055" machi="48" ten="30,8000,1" yaku="8,1,52,3,54,1" doraHai="83" who="2" fromWho="2" sc="211,-20,220,-40,329,90,230,-20" /><INIT seed="2,0,0,4,0,61" ten="191,180,419,210" oya="2" hai0="67,41,96,42,36,89,44,27,79,1,106,32,88" hai1="24,134,40,121,46,28,100,49,37,111,109,30,125" hai2="57,4,72,122,33,38,29,112,73,64,5,104,68" hai3="110,13,9,51,116,126,54,16,34,48,58,113,91"/><V43/><F112/><W6/><G116/><T129/><D1/><U128/><E125/><V18/><F68/><W11/><G113/><T53/><D79/><U80/><E134/><V118/><F118/><W83/><G126/><T17/><D129/><U3/><E128/><V12/><F104/><W123/><G123/><T105/><D53/><U86/><E121/><V76/><F122/><W65/><G34/><T130/><D130/><U90/><E3/><V70/><F70/><W85/><G110/><N who="1" m="41994" /><E100/><V26/><F43/><W10/><G6/><T2/><D2/><U97/><E97/><V120/><F38/><W23/><G51/><T98/><D36/><U131/><E131/><V31/><F31/><N who="1" m="11817" /><E24/><V114/><F114/><W77/><G77/><T75/><D27/><U119/><E119/><V45/><F76/><W22/><G22/><T78/><D78/><U74/><E37/><V133/><F26/><W94/><G83/><T69/><D32/><U8/><E8/><V66/><F33/><W39/><G39/><T95/><D98/><U93/><E74/><V117/><F117/><W108/><G108/><T0/><D96/><U71/><E71/><V135/><F73/><W56/><G10/><T35/><D75/><U15/><E15/><V47/><F72/><W59/><G59/><T19/><D69/><U21/><E21/><V115/><F57/><W52/><G54/><T55/><D35/><U127/><E127/><V102/><F115/><W101/><G101/><T132/><D55/><U107/><E107/><V20/><F102/><W99/><G99/><T87/><D106/><RYUUKYOKU ba="0,0" sc="191,-15,180,15,419,-15,210,15" hai1="40,46,49,80,86,90,93" hai3="9,11,13,16,23,48,52,56,58,65,85,91,94" /><INIT seed="3,1,0,0,1,92" ten="176,195,404,225" oya="3" hai0="43,4,87,1,80,63,18,96,66,13,70,114,9" hai1="117,85,54,119,86,101,40,100,135,55,108,46,16" hai2="23,28,126,33,71,42,57,82,29,73,53,116,50" hai3="110,44,22,56,72,69,93,32,103,99,104,35,88"/><W27/><G69/><T128/><D128/><U77/><E108/><V17/><F116/><N who="1" m="44617" /><E135/><V39/><F33/><W20/><G72/><T36/><D114/><U38/><E16/><V8/><F8/><W49/><G110/><T12/><D36/><U41/><E41/><V51/><F126/><W124/><G56/><T6/><D43/><U64/><E64/><V94/><F39/><W78/><G78/><T2/><D96/><U58/><E55/><V65/><F65/><W11/><G11/><T130/><D130/><U122/><E122/><V48/><F73/><W52/><G22/><T90/><REACH who="0" step="1"/><D6/><REACH who="0" ten="166,195,404,225" step="2"/><U76/><E85/><V59/><F42/><W7/><G7/><T79/><D79/><N who="1" m="30283" /><E86/><V134/><F134/><W105/><G124/><T132/><D132/><U131/><E131/><V109/><F109/><W15/><G99/><T123/><D123/><U106/><E106/><V75/><F71/><W67/><G105/><T14/><D14/><U10/><E10/><AGARI ba="1,1" hai="1,2,4,9,10,12,13,18,63,66,70,80,87,90" machi="10" ten="30,3900,0" yaku="1,1,7,1,53,1" doraHai="92" doraHaiUra="3" who="0" fromWho="1" sc="166,52,195,-42,404,0,225,0" owari="218,-18.2,153,-34.7,404,50.4,225,2.5" /></mjloggm>