<mjloggm ver="2.3"><GO type="225" lobby="0"/><UN n0="%E3%80%90%E8%92%BC%E7%90%89%E3%80%91" n1="%E8%81%B7%E6%A5%AD%E3%80%81%E9%A2%A8%32" n2="%E5%AF%82%E5%AF%9E%E3%82%AE%E3%83%8D%E3%82%B9%E3%83%93%E3%83%BC%E3%83%AB" n3="%72%69%6F%75%63%68%61%6E" dan="16,16,16,17" rate="2130.74,2132.18,2157.60,2164.80" sx="F,M,M,M"/><TAIKYOKU oya="0"/><INIT seed="0,0,0,5,1,60" ten="250,250,250,250" oya="0" hai0="131,52,127,76,99,81,62,69,38,63,80,13,85" hai1="17,125,74,28,4,35,113,119,31,95,24,106,43" hai2="14,53,108,103,32,44,124,132,122,111,93,33,94" hai3="40,37,41,128,45,90,25,10,135,75,19,48,92"/><T98/><D38/><U133/><E106/><V68/><F122/><W72/><G128/><T16/><D131/><U49/><E74/><V58/><F68/><W57/><G135/><T12/><D127/><U5/><E119/><V105/><F132/><W121/><G121/><T34/><D34/><U83/><E125/><V27/><F44/><W7/><G25/><T91/><D69/><U11/><E113/><V51/><F124/><W2/><G19/><T118/><D12/><U97/><E83/><V102/><F14/><W55/><REACH who="3" step="1"/><G40/><REACH who="3" ten="250,250,250,240" step="2"/><T117/><D117/><U42/><E133/><V82/><F27/><W109/><G109/><T96/><D118/><U116/><E116/><V21/><F111/><W71/><G71/><T130/><D130/><U30/><E43/><V126/><F108/><W66/><G66/><T86/><REACH who="0" step="1"/><D52/><REACH who="0" ten="240,250,250,240" step="2"/><U23/><E24/><V1/><F126/><W15/><G15/><T101/><D101/><U115/><E115/><V26/><F103/><W3/><G3/><T56/><D56/><U46/><E35/><V100/><F1/><W104/><G104/><T22/><AGARI ba="0,2" hai="13,16,22,62,63,76,80,81,85,86,91,96,98,99" machi="22" ten="30,11700,0" yaku="1,1,0,1,8,1,54,1,53,0" doraHai="60" doraHaiUra="36" who="0" fromWho="0" sc="240,137,250,-39,250,-39,240,-39" /><INIT seed="0,1,0,5,4,129" ten="377,211,211,201" oya="0" hai0="0,28,73,135,78,22,30,116,33,105,118,44,82" hai1="133,113,114,59,122,54,125,65,112,69,111,43,130" hai2="134,36,76,29,13,64,71,106,107,109,38,47,124" hai3="20,2,37,50,46,16,60,104,19,72,77,84,66"/><T48/><D0/><U74/><E111/><V67/><F109/><W126/><G126/><T90/><D105/><U21/><E74/><V123/><F123/><W86/><G2/><T110/><D110/><U5/><E21/><V79/><F13/><W55/><G104/><T34/><D135/><U68/><E133/><V115/><F47/><W91/><G37/><T18/><D90/><U117/><E117/><V6/><F29/><W31/><G72/><T41/><D28/><U132/><E132/><V10/><F134/><W99/><G99/><T62/><D62/><U95/><E5/><V11/><F6/><W70/><G77/><T128/><D128/><U81/><E81/><V35/><F71/><W101/><G101/><T17/><D17/><U89/><E122/><V119/><F35/><W51/><G51/><T127/><D127/><U8/><E125/><V26/><F124/><W88/><G31/><T12/><REACH who="0" step="1"/><D34/><REACH who="0" ten="367,211,211,201" step="2"/><U96/><E130/><V103/><F103/><W100/><G100/><T98/><D98/><U85/><E96/><V4/><F4/><W40/><G19/><T52/><D52/><U97/><E54/><V15/><F107/><W53/><G91/><T42/><D42/><U108/><E43/><V120/><F106/><W14/><REACH who="3" step="1"/><G84/><REACH who="3" ten="367,211,211,191" step="2"/><T25/><AGARI ba="1,2" hai="12,18,22,25,30,33,41,44,48,73,78,82,116,118" machi="25" ten="30,3000,0" yaku="1,1,0,1,53,0" doraHai="129" doraHaiUra="87" who="0" fromWho="0" sc="367,53,211,-11,211,-11,191,-11" /><INIT seed="0,2,0,2,5,94" ten="420,200,200,180" oya="0" hai0="25,28,75,133,1,14,0,31,35,34,110,81,66" hai1="13,128,41,33,87,112,78,12,129,55,76,52,49" hai2="74,16,15,62,134,30,38,67,123,127,90,132,39" hai3="106,122,48,85,83,3,5,97,118,101,37,104,51"/><T22/><D66/><U109/><E109/><V59/><F123/><W96/><G118/><T54/><D54/><N who="1" m="20523" /><E33/><N who="0" m="12297" /><D81/><N who="1" m="47527" /><E78/><V121/><F121/><W32/><G37/><T131/><D75/><U27/><E27/><V77/><F30/><N who="0" m="11306" /><D133/><N who="2" m="51306" /><F127/><W64/><G32/><T95/><D95/><U119/><E119/><V58/><F58/><W56/><G122/><T20/><D131/><N who="1" m="50251" /><E112/><V111/><F111/><W43/><G64/><T130/><D130/><U68/><E68/><V60/><F60/><W9/><G56/><T57/><D57/><U126/><E126/><V70/><F70/><W29/><G29/><N who="0" m="17575" /><D110/><U120/><E120/><V40/><F77/><W6/><G43/><T17/><AGARI ba="2,0" hai="0,1,14,17,22" m="17575,11306,12297" machi="17" ten="30,12000,1" yaku="35,5" doraHai="94" who="0" fromWho="0" sc="420,126,200,-42,200,-42,180,-42" /><INIT seed="0,3,0,2,0,24" ten="546,158,158,138" oya="0" hai0="99,88,13,37,8,116,62,102,85,76,2,86,57" hai1="1,112,49,23,33,92,29,34,52,26,121,39,63" hai2="65,48,100,0,41,56,90,81,103,74,70,21,133" hai3="55,59,104,84,118,120,115,20,107,32,96,68,58"/><T67/><D37/><U69/><E39/><V75/><F0/><W51/><G115/><T79/><D2/><U38/><E38/><V105/><F133/><W123/><G118/><T113/><D86/><U54/><E1/><V19/><F70/><W124/><G124/><T11/><D116/><U131/><E121/><N who="3" m="46666" /><G68/><T111/><D111/><U134/><E131/><V47/><F105/><N who="3" m="40523" /><G32/><T127/><D127/><U36/><E36/><V132/><F132/><W125/><G125/><T109/><D109/><U44/><E134/><V43/><F43/><W94/><G20/><T117/><D117/><U77/><E112/><V42/><F42/><W64/><G84/><T71/><D71/><U114/><E114/><V35/><F35/><W72/><G72/><T12/><D113/><U22/><E34/><V135/><F135/><W95/><G96/><T30/><D99/><U110/><E110/><V15/><F75/><W28/><G28/><T97/><D30/><U91/><E69/><V7/><F74/><W10/><G10/><T66/><D97/><N who="1" m="57503" /><E33/><V89/><F81/><W5/><G5/><N who="0" m="3087" /><D102/><N who="2" m="38954" /><F7/><W119/><G119/><T50/><D67/><U122/><E122/><V27/><F27/><W4/><G4/><N who="0" m="3303" /><D50/><U83/><E26/><V82/><F82/><AGARI ba="3,0" hai="57,62,66,76,79,82,85,88" m="3303,3087" machi="82" ten="30,2900,0" yaku="8,1,54,1" doraHai="24" who="0" fromWho="2" sc="546,38,158,0,158,-38,138,0" /><INIT seed="0,4,0,1,3,22" ten="584,158,120,138" oya="0" hai0="68,65,116,127,0,86,62,64,117,109,13,9,70" hai1="17,47,81,20,28,80,97,121,46,45,10,27,21" hai2="57,73,129,29,90,85,26,94,43,69,74,5,88" hai3="16,77,99,33,108,96,4,83,40,59,71,25,35"/><T124/><D0/><U63/><E121/><V31/><F69/><W58/><G71/><T42/><D86/><U23/><E97/><V103/><F103/><W76/><G108/><T92/><D92/><U30/><E63/><V118/><F129/><W37/><G4/><T78/><D78/><U51/><E51/><V1/><F118/><W60/><G37/><T3/><D3/><U82/><E30/><V98/><F43/><W72/><G40/><T32/><D32/><U52/><E52/><V120/><F31/><W39/><G39/><T101/><D101/><U104/><E104/><V41/><F41/><W114/><G114/><T7/><D42/><U110/><E110/><V84/><F57/><W75/><G59/><T111/><D111/><U44/><N who="1" m="11264" /><DORA hai="93" /><U38/><REACH who="1" step="1"/><E38/><REACH who="1" ten="584,148,120,138" step="2"/><V119/><F120/><W49/><G49/><T14/><D109/><U107/><E107/><V24/><F29/><W89/><G99/><T66/><D62/><U50/><E50/><V48/><F48/><W131/><G96/><T11/><D64/><U125/><E125/><V36/><F36/><W132/><G60/><T34/><D66/><U100/><E100/><V113/><F98/><W102/><G102/><T115/><D65/><U8/><E8/><N who="2" m="2095" /><F119/><W128/><G128/><T67/><D116/><U61/><E61/><V135/><F135/><W122/><G132/><T6/><D117/><U79/><E79/><V133/><F133/><W87/><G131/><T95/><D124/><U134/><E134/><V19/><F113/><W106/><G122/><T55/><D127/><U105/><E105/><RYUUKYOKU ba="4,1" sc="584,-10,148,30,120,-10,138,-10" hai1="10,17,20,21,23,27,28,80,81,82" /><INIT seed="1,5,1,5,5,135" ten="574,178,110,128" oya="1" hai0="46,38,47,88,62,86,124,42,65,48,97,41,21" hai1="23,93,10,72,120,131,53,119,125,94,117,91,104" hai2="75,13,58,39,27,56,37,129,61,87,101,108,24" hai3="3,92,113,22,16,66,34,78,100,105,49,28,45"/><U64/><E120/><V70/><F75/><W121/><G121/><T81/><D124/><U35/><E104/><V106/><F70/><W114/><G3/><T11/><D21/><U29/><E125/><V134/><F134/><W116/><G105/><T44/><D44/><U71/><E72/><V112/><F108/><W40/><G116/><T7/><D97/><U9/><E131/><V32/><F112/><W5/><G5/><T68/><D11/><U118/><E35/><V15/><F61/><W133/><G133/><T31/><D31/><U76/><E76/><V74/><F74/><W85/><G66/><T115/><REACH who="0" step="1"/><D7/><REACH who="0" ten="564,178,110,128" step="2"/><U126/><E126/><V84/><F32/><W50/><G28/><T43/><D43/><U110/><E29/><V77/><F129/><W132/><G34/><T26/><D26/><U52/><E23/><V128/><F128/><W2/><G132/><T4/><D4/><U98/><E10/><V33/><F33/><W109/><G114/><AGARI ba="5,2" hai="38,41,42,46,47,48,62,65,68,81,86,88,114,115" machi="114" ten="40,2600,0" yaku="1,1,54,1,53,0" doraHai="135" doraHaiUra="54" who="0" fromWho="3" sc="564,61,178,0,110,0,128,-41" /><INIT seed="2,0,0,0,4,114" ten="625,178,110,87" oya="2" hai0="67,116,129,19,53,90,84,63,5,126,60,17,52" hai1="36,78,65,91,95,70,32,61,80,135,99,10,124" hai2="109,111,28,112,40,82,44,37,71,94,86,120,87" hai3="131,125,2,100,59,130,22,3,102,57,62,21,13"/><V73/><F112/><W25/><G13/><T35/><D35/><U56/><E124/><V64/><F120/><W6/><G6/><T24/><D126/><U27/><E135/><V34/><F94/><W7/><G7/><T33/><D129/><N who="3" m="49161" /><G125/><T85/><D116/><U4/><E36/><V18/><F18/><W39/><G39/><T105/><D105/><U12/><E27/><N who="2" m="18719" /><F64/><W58/><G62/><T69/><D5/><U74/><REACH who="1" step="1"/><E32/><REACH who="1" ten="625,168,110,87" step="2"/><V75/><F37/><W29/><G21/><T50/><D33/><U0/><E0/><AGARI ba="0,1" hai="0,2,3,22,25,29,57,58,59,100,102" m="49161" machi="0" ten="40,1300,0" yaku="19,1" doraHai="114" who="3" fromWho="1" sc="625,0,168,-13,110,0,87,23" /><INIT seed="3,0,0,0,1,45" ten="625,155,110,110" oya="3" hai0="8,47,42,89,79,83,68,48,4,106,119,17,66" hai1="71,81,99,58,118,132,14,100,63,133,121,64,44" hai2="12,84,131,40,37,105,16,117,23,126,130,87,27" hai3="115,92,108,74,1,3,2,104,10,76,95,73,112"/><W50/><G104/><T35/><D35/><U69/><E121/><V94/><F117/><W43/><G10/><T19/><D89/><U59/><E118/><V111/><F105/><W97/><G76/><T123/><D106/><U110/><E110/><V96/><F111/><W107/><G107/><T127/><D123/><U91/><E44/><N who="2" m="23567" /><F12/><W9/><G9/><T51/><D51/><U21/><E100/><N who="2" m="60439" /><F126/><W62/><G108/><T128/><D128/><AGARI ba="0,0" hai="16,23,27,84,87,128,130,131" m="60439,23567" machi="128" ten="30,2000,0" yaku="19,1,54,1" doraHai="45" who="2" fromWho="0" sc="625,-20,155,0,110,20,110,0" owari="605,70.5,155,-4.5,130,-27.0,110,-39.0" /></mjloggm>