<mjloggm ver="2.3"><GO type="225" lobby="0"/><UN n0="%73%6C%69%63%6B%33%31%39" n1="%33%74%72%65%65" n2="%E3%81%82%E3%81%84%E3%81%82%E3%81%8A%E3%81%84" n3="%47%32%E9%BE%8D%E9%96%80" dan="17,17,18,16" rate="2190.46,2211.45,2215.86,2097.44" sx="M,F,M,M"/><TAIKYOKU oya="0"/><INIT seed="0,0,0,0,4,51" ten="250,250,250,250" oya="0" hai0="123,68,39,30,35,70,114,32,25,117,76,135,37" hai1="58,18,13,91,62,120,94,60,8,16,34,45,53" hai2="52,26,127,115,64,65,82,27,46,97,112,107,55" hai3="43,63,129,29,101,87,89,61,40,17,33,22,69"/><T47/><D114/><N who="2" m="43562" /><F82/><W31/><G129/><T126/><D117/><U11/><E34/><V7/><F97/><W12/><G101/><T71/><D123/><U15/><E120/><V104/><F46/><W105/><G105/><N who="2" m="40521" /><F7/><W134/><G134/><T133/><D76/><U109/><E109/><V108/><F108/><W5/><G5/><T49/><D32/><U20/><E45/><V90/><F90/><W119/><G119/><T125/><D49/><N who="1" m="31023" /><E8/><V21/><F21/><W92/><G33/><T102/><D102/><U130/><E130/><V88/><F88/><W54/><G69/><T103/><D103/><U77/><E77/><V14/><F14/><W93/><G93/><T44/><D47/><U57/><E57/><V6/><F6/><W28/><G63/><T118/><D118/><U131/><E131/><V81/><F81/><W23/><G22/><T38/><REACH who="0" step="1"/><D44/><REACH who="0" ten="240,250,250,250" step="2"/><U67/><E67/><N who="2" m="25675" /><F127/><AGARI ba="0,1" hai="25,30,35,37,38,39,68,70,71,125,126,127,133,135" machi="127" ten="60,12000,1" yaku="1,1,18,1,23,2,53,0" doraHai="51" doraHaiUra="98" who="0" fromWho="2" sc="240,130,250,0,250,-120,250,0" /><INIT seed="0,1,0,3,5,5" ten="370,250,130,250" oya="0" hai0="69,130,47,60,100,7,86,10,68,132,27,0,103" hai1="123,13,114,46,99,11,116,43,94,51,91,98,72" hai2="49,133,95,127,73,74,26,71,3,33,82,81,29" hai3="35,106,52,9,23,135,22,53,6,41,58,16,64"/><T17/><D130/><U110/><E116/><V2/><F71/><W111/><G35/><T117/><D117/><U108/><E123/><V55/><F127/><W119/><G119/><T83/><D132/><U19/><E72/><V88/><F133/><W93/><G106/><T30/><D47/><U42/><E114/><V70/><F70/><W66/><G111/><T126/><D126/><U31/><E31/><V128/><F128/><W122/><G122/><T32/><D17/><U105/><REACH who="1" step="1"/><E43/><REACH who="1" ten="370,240,130,250" step="2"/><V25/><F74/><W28/><G41/><T89/><REACH who="0" step="1"/><D69/><REACH who="0" ten="360,240,130,250" step="2"/><U54/><E54/><V50/><F55/><W61/><G135/><T40/><D40/><U59/><E59/><V120/><F120/><W85/><G53/><T4/><D4/><U1/><E1/><V112/><F2/><W34/><G6/><T24/><D24/><U21/><E21/><V57/><F26/><N who="3" m="16479" /><G22/><T37/><D37/><U96/><E96/><V90/><F3/><W56/><G56/><T18/><D18/><U92/><E92/><V12/><F95/><W134/><G134/><T76/><D76/><U107/><E107/><V109/><F57/><W77/><G77/><T113/><D113/><U115/><E115/><V38/><F112/><W15/><G34/><T104/><D104/><U48/><E48/><V78/><F50/><W44/><G44/><T118/><D118/><U75/><E75/><V79/><F49/><W121/><G121/><T62/><D62/><U84/><E84/><V36/><F38/><W97/><G85/><T80/><D80/><U8/><E8/><V125/><F36/><RYUUKYOKU ba="1,2" sc="360,10,240,10,130,-30,250,10" hai0="0,7,10,27,30,32,60,68,83,86,89,100,103" hai1="11,13,19,42,46,51,91,94,98,99,105,108,110" hai3="9,15,16,52,58,61,64,66,93,97" /><INIT seed="0,2,2,2,5,103" ten="370,250,100,260" oya="0" hai0="77,32,63,99,117,64,92,116,98,97,20,83,102" hai1="121,11,33,8,81,17,69,120,56,15,113,36,115" hai2="95,39,30,52,1,110,0,14,70,31,123,78,55" hai3="85,45,129,22,88,114,68,25,119,60,2,105,44"/><T4/><D32/><U108/><E69/><V29/><F123/><N who="1" m="47177" /><E56/><V104/><F70/><W37/><G119/><T59/><D4/><U61/><E61/><V19/><F39/><W16/><G114/><N who="1" m="43530" /><E36/><V40/><F40/><W67/><G129/><T35/><D35/><U130/><E81/><V65/><F65/><W106/><G2/><T72/><D99/><U3/><E33/><V93/><F78/><W132/><G132/><T87/><D98/><U75/><E75/><V27/><F27/><W42/><G45/><T26/><REACH who="0" step="1"/><D72/><REACH who="0" ten="360,250,100,260" step="2"/><U82/><E130/><V80/><F0/><W111/><REACH who="3" step="1"/><G111/><REACH who="3" ten="360,250,100,250" step="2"/><T112/><D112/><U28/><E108/><V84/><F1/><W109/><G109/><T10/><D10/><U118/><E8/><V107/><F110/><W94/><AGARI ba="2,4" hai="16,22,25,37,42,44,60,67,68,85,88,94,105,106" machi="94" ten="20,12000,2" yaku="1,1,0,1,7,1,52,2,54,2,53,0" doraHai="103" doraHaiUra="50" who="3" fromWho="3" sc="360,-62,250,-32,100,-32,250,166" /><INIT seed="1,0,0,2,0,35" ten="298,218,68,416" oya="1" hai0="56,33,96,12,88,52,117,65,106,59,111,84,36" hai1="27,17,67,128,133,30,23,43,48,37,114,120,53" hai2="134,58,60,115,1,7,68,5,55,46,14,85,79" hai3="69,0,109,72,98,108,83,80,123,86,99,97,90"/><U110/><E114/><V44/><F134/><W70/><G0/><T127/><D33/><U132/><E120/><V34/><F34/><W24/><G24/><T40/><D117/><U64/><E128/><V13/><F115/><W77/><REACH who="3" step="1"/><G123/><REACH who="3" ten="298,218,68,406" step="2"/><T6/><D127/><U122/><E122/><V49/><F1/><W104/><G104/><T113/><D106/><U112/><E27/><V2/><F2/><W4/><G4/><T107/><D6/><U119/><E132/><V21/><F5/><W26/><G26/><T73/><D107/><U9/><E133/><V121/><F7/><W89/><G89/><T10/><D88/><U105/><E105/><V45/><F121/><W3/><G3/><T63/><D113/><U41/><E112/><V74/><F13/><W102/><G102/><T54/><D12/><U75/><E119/><V31/><F14/><W93/><G93/><T95/><D95/><U15/><E15/><V51/><F79/><W91/><G91/><T92/><D92/><U126/><E9/><V71/><F21/><W130/><G130/><T22/><D10/><U81/><E23/><V28/><F28/><W11/><G11/><T124/><D22/><U25/><E30/><V135/><F31/><W125/><G125/><T101/><D124/><U116/><E126/><V87/><F135/><W131/><G131/><T94/><D94/><U100/><E116/><V38/><F38/><W78/><G78/><T50/><D36/><U20/><E37/><V118/><F118/><W66/><G66/><N who="0" m="39271" /><D101/><U62/><E20/><V82/><F82/><W18/><G18/><RYUUKYOKU ba="0,1" sc="298,-10,218,-10,68,-10,406,30" hai3="69,70,72,77,80,83,86,90,97,98,99,108,109" /><INIT seed="2,1,1,4,5,9" ten="288,208,58,436" oya="2" hai0="106,76,49,86,75,125,120,23,55,13,80,126,65" hai1="93,39,14,121,31,33,20,4,16,45,69,122,10" hai2="105,103,48,60,68,51,35,2,127,67,1,18,98" hai3="6,54,111,15,5,99,11,78,84,135,3,102,50"/><V88/><F35/><W7/><G111/><T113/><D106/><U28/><E69/><V130/><F127/><N who="0" m="48650" /><D120/><N who="1" m="46187" /><E33/><V83/><F130/><W12/><G135/><T109/><D109/><U43/><E93/><V73/><F18/><W42/><G42/><T19/><D65/><U107/><E107/><V30/><F30/><W118/><G118/><T63/><D63/><U24/><AGARI ba="1,1" hai="4,10,14,16,20,24,28,31,39,43,45" m="46187" machi="24" ten="30,4000,0" yaku="13,1,52,1,54,1" doraHai="9" who="1" fromWho="1" sc="288,-11,208,53,58,-21,436,-11" /><INIT seed="3,0,0,5,0,85" ten="277,261,37,425" oya="3" hai0="73,124,82,125,57,117,68,25,112,24,28,93,92" hai1="107,29,0,108,80,109,123,127,99,89,71,91,59" hai2="97,115,105,53,133,6,75,87,11,30,2,130,132" hai3="118,7,129,27,77,100,113,54,45,135,16,101,134"/><W76/><G118/><T18/><D117/><U114/><E114/><V9/><F75/><W94/><G129/><T23/><D68/><U60/><E123/><V1/><F53/><W90/><G7/><T22/><D112/><U5/><E71/><V34/><F87/><W50/><G113/><T48/><D73/><U37/><E37/><V88/><F115/><W63/><G63/><T69/><D69/><U47/><E47/><V66/><F130/><W41/><G41/><T67/><D82/><U35/><E80/><V119/><F66/><W55/><G55/><N who="0" m="31975" /><D67/><N who="1" m="39327" /><E127/><AGARI ba="0,0" hai="18,22,23,24,25,28,92,93,124,125,127" m="31975" machi="127" ten="30,1000,0" yaku="18,1" doraHai="85" who="0" fromWho="1" sc="277,10,261,-10,37,0,425,0" owari="287,8.7,251,-14.9,37,-46.3,425,52.5" /></mjloggm>