<mjloggm ver="2.3"><GO type="225" lobby="0"/><UN n0="%6D%75%75%73%61%6E%6D%75" n1="%E6%97%A5%E6%9B%9C%E6%97%A5%E3%82%88%E3%82%8A%E3%81%AE%E4%BD%BF%E8%80%85" n2="%E6%81%A5%E6%99%92%E3%81%97" n3="%E6%A1%9C%E8%8A%B1%E9%96%83%E3%80%85" dan="16,16,16,16" rate="2127.45,2100.94,2093.30,2222.41" sx="F,M,M,M"/><TAIKYOKU oya="0"/><INIT seed="0,0,0,1,3,114" ten="250,250,250,250" oya="0" hai0="91,14,54,57,126,101,2,135,130,98,20,85,113" hai1="62,41,11,31,13,92,123,17,36,7,118,71,45" hai2="75,88,102,80,34,110,106,55,50,9,78,73,70" hai3="37,87,109,68,131,93,63,28,8,95,103,43,47"/><T18/><D113/><U72/><E123/><V56/><F34/><W76/><G109/><T49/><D126/><U74/><E118/><V100/><F75/><W48/><G131/><T12/><D130/><U117/><E117/><V39/><F110/><W42/><G28/><T16/><D135/><U129/><E129/><V81/><F39/><W84/><G43/><T21/><D2/><U107/><E107/><V33/><F33/><W134/><G134/><T104/><D85/><U0/><E31/><V122/><F106/><W19/><G37/><T82/><D82/><U40/><E40/><V35/><F35/><W128/><G103/><T5/><D5/><U86/><E71/><V120/><F70/><W32/><G32/><T105/><D91/><U30/><E62/><V59/><F59/><W111/><G87/><T64/><D105/><U127/><E127/><V69/><F69/><W115/><G115/><T15/><REACH who="0" step="1"/><D64/><REACH who="0" ten="240,250,250,250" step="2"/><U10/><E86/><N who="2" m="50247" /><F120/><W24/><G128/><T77/><D77/><U60/><E92/><V58/><F122/><W65/><G111/><T94/><D94/><U67/><E67/><V53/><F100/><W112/><G112/><T89/><D89/><U52/><E74/><V124/><F102/><W46/><G76/><T79/><D79/><U99/><E72/><V38/><F124/><W25/><G84/><T6/><D6/><U29/><E99/><V125/><F125/><W90/><G90/><T96/><D96/><U27/><E27/><AGARI ba="0,1" hai="12,14,15,16,18,20,21,27,49,54,57,98,101,104" machi="27" ten="30,5800,0" yaku="1,1,7,1,54,1,53,0" doraHai="114" doraHaiUra="119" who="0" fromWho="1" sc="240,68,250,-58,250,0,250,0" /><INIT seed="0,1,0,1,2,86" ten="308,192,250,250" oya="0" hai0="120,32,36,123,71,33,41,117,66,126,78,61,53" hai1="69,128,116,110,44,10,76,107,57,54,60,83,58" hai2="73,129,84,102,122,127,80,95,90,65,45,115,49" hai3="47,131,40,50,99,35,81,48,72,79,75,119,106"/><T30/><D117/><U74/><E116/><V109/><F122/><W101/><G119/><T113/><D113/><U77/><E107/><V112/><F65/><W3/><G131/><T28/><D78/><U31/><E128/><V46/><F129/><W9/><G35/><T2/><D2/><U114/><E114/><V96/><F109/><W63/><G63/><T91/><D126/><U17/><E110/><V55/><F127/><W62/><G62/><T24/><D53/><U67/><E77/><V1/><F1/><W124/><G124/><T100/><D100/><U15/><E31/><V88/><F73/><W8/><G75/><T39/><D91/><U5/><REACH who="1" step="1"/><E17/><REACH who="1" ten="308,182,250,250" step="2"/><V135/><F135/><W130/><G130/><T37/><D41/><U108/><E108/><V134/><F134/><W85/><G72/><T98/><D98/><U0/><E0/><V87/><F46/><W11/><REACH who="3" step="1"/><G3/><REACH who="3" ten="308,182,250,240" step="2"/><T94/><D120/><U26/><E26/><V14/><F14/><W59/><G59/><T82/><D123/><U121/><E121/><V103/><F103/><W43/><G43/><T42/><D42/><U12/><E12/><V23/><F112/><W4/><G4/><T27/><D27/><U19/><E19/><V89/><F115/><W64/><G64/><T92/><D24/><U20/><E20/><V133/><F133/><W118/><G118/><T125/><D125/><U7/><E7/><V13/><F102/><W132/><G132/><T25/><D25/><U93/><E93/><V105/><F105/><W29/><G29/><N who="0" m="11371" /><D94/><U18/><E18/><N who="2" m="10703" /><F96/><W38/><AGARI ba="1,2" hai="8,9,11,38,40,47,48,50,79,81,85,99,101,106" machi="38" ten="30,4000,0" yaku="1,1,5,1,0,1,53,0" doraHai="86" doraHaiUra="52" who="3" fromWho="3" sc="308,-21,182,-11,250,-11,240,63" /><INIT seed="1,0,0,4,1,132" ten="287,171,239,303" oya="1" hai0="36,17,100,27,69,92,10,105,54,44,8,70,129" hai1="117,46,28,104,49,62,31,124,15,22,131,97,5" hai2="89,126,111,65,26,63,83,18,53,19,107,74,95" hai3="30,130,72,87,101,3,14,96,113,88,6,84,125"/><U21/><E117/><V52/><F111/><W11/><G113/><T58/><D105/><U103/><E131/><V127/><F107/><W135/><G72/><T76/><D129/><U48/><E62/><V86/><F74/><W37/><G130/><T123/><D123/><U93/><E104/><V1/><F1/><W128/><G128/><T47/><D76/><U80/><E80/><V118/><F118/><W0/><G125/><N who="2" m="47625" /><F95/><W110/><G37/><T98/><D36/><U122/><E122/><V24/><F19/><W55/><G0/><T67/><D70/><U43/><E124/><V41/><F41/><W57/><G3/><T79/><D69/><U120/><E120/><V109/><F109/><W102/><G135/><T66/><D17/><U114/><E114/><V61/><F61/><N who="3" m="36031" /><G110/><T38/><D92/><U13/><E5/><V42/><F42/><W20/><G102/><T16/><D100/><U7/><E7/><V12/><F24/><N who="3" m="16647" /><G101/><T78/><D27/><N who="1" m="16495" /><E49/><V39/><F26/><AGARI ba="0,0" hai="13,15,22,26,31,43,46,48,93,97,103" m="16495" machi="26" ten="30,1500,0" yaku="8,1" doraHai="132" who="1" fromWho="2" sc="287,0,171,15,239,-15,303,0" /><INIT seed="1,1,0,3,4,133" ten="287,186,224,303" oya="1" hai0="70,16,50,21,76,129,57,14,55,120,29,94,17" hai1="89,23,112,115,44,123,48,46,51,118,45,66,135" hai2="5,53,110,47,35,128,40,26,2,3,9,1,82" hai3="25,15,6,103,98,19,52,38,102,126,13,78,31"/><U24/><E118/><V97/><F110/><W49/><G126/><T71/><D129/><U77/><E123/><V125/><F128/><W101/><G38/><T95/><D120/><U56/><E77/><V79/><F53/><W107/><G78/><T41/><D76/><U42/><E135/><V87/><F97/><W119/><G6/><T60/><D29/><U124/><E124/><V33/><F125/><W134/><G119/><T69/><D41/><U10/><E10/><V127/><F127/><W28/><G13/><T0/><D0/><U58/><E89/><V81/><F81/><W75/><G31/><T91/><D60/><U121/><E121/><V8/><F26/><W109/><G109/><T93/><REACH who="0" step="1"/><D17/><REACH who="0" ten="277,186,224,303" step="2"/><U130/><E130/><V4/><REACH who="2" step="1"/><F1/><REACH who="2" ten="277,186,214,303" step="2"/><W65/><G134/><T54/><D54/><N who="1" m="31815" /><E115/><V132/><F132/><W27/><G52/><T11/><D11/><U39/><E112/><V32/><F32/><W64/><G64/><T111/><D111/><U106/><E66/><V43/><F43/><W84/><G65/><T105/><D105/><U62/><E106/><V18/><F18/><W7/><G19/><T116/><D116/><U104/><E104/><V114/><F114/><W83/><G107/><T108/><D108/><U122/><E122/><V59/><F59/><W92/><G28/><T74/><D74/><U30/><E62/><V99/><F99/><AGARI ba="1,2" hai="14,16,21,50,55,57,69,70,71,91,93,94,95,99" machi="99" ten="40,8000,1" yaku="1,1,54,1,53,3" doraHai="133" doraHaiUra="88" who="0" fromWho="2" sc="277,103,186,0,214,-83,303,0" /><INIT seed="2,0,0,5,3,93" ten="380,186,131,303" oya="2" hai0="18,5,112,123,97,81,67,88,69,130,4,98,31" hai1="42,80,58,21,119,32,24,0,44,101,71,38,125" hai2="77,9,29,66,94,12,91,89,132,117,37,41,30" hai3="14,120,16,72,106,84,115,104,110,51,1,79,6"/><V48/><F117/><W15/><G120/><T28/><D123/><U23/><E119/><V34/><F37/><W40/><G1/><T73/><D112/><U19/><E71/><V25/><F132/><W100/><G72/><T76/><D130/><U43/><E125/><V60/><F30/><W2/><G2/><T13/><D69/><U102/><E0/><V105/><F105/><W52/><G110/><T109/><D67/><U116/><E116/><V63/><F77/><W99/><G40/><T26/><D109/><U108/><E108/><V65/><F65/><W78/><G115/><T87/><D28/><U17/><E32/><V83/><F83/><W96/><G6/><N who="0" m="2667" /><D73/><U95/><E43/><V114/><F114/><W35/><G35/><T86/><D26/><U92/><E58/><V59/><F63/><W53/><G84/><N who="0" m="48167" /><D31/><U133/><E133/><V75/><F75/><W39/><G39/><T47/><D47/><U61/><E61/><V103/><F41/><W126/><G126/><T56/><D56/><U11/><E42/><V36/><F48/><W113/><G113/><T70/><D70/><U62/><E62/><V74/><F74/><W118/><G118/><T27/><D27/><U64/><E64/><V127/><F36/><W85/><G51/><T82/><D86/><U49/><E38/><V8/><F127/><W3/><G53/><T50/><D50/><U129/><E49/><V55/><F66/><W128/><G52/><T10/><AGARI ba="0,0" hai="10,13,18,82,87,88,97,98" m="48167,2667" machi="10" ten="30,7900,0" yaku="8,1,52,2,54,1" doraHai="93" who="0" fromWho="0" sc="380,79,186,-20,131,-39,303,-20" /><INIT seed="3,0,0,0,4,105" ten="459,166,92,283" oya="3" hai0="25,37,87,64,119,70,133,3,63,79,106,57,128" hai1="1,89,9,71,102,82,60,126,30,94,77,74,114" hai2="47,131,12,90,91,100,92,22,101,109,43,11,10" hai3="130,7,111,104,13,69,4,45,49,86,62,115,16"/><W0/><G115/><T24/><D119/><U59/><E114/><V84/><F109/><W108/><G104/><T81/><D3/><U95/><E71/><V65/><F131/><W110/><G130/><T35/><D128/><U5/><E126/><V51/><F65/><N who="3" m="41143" /><G86/><T98/><D37/><U55/><E30/><V2/><F2/><W121/><G121/><T18/><D57/><U61/><E102/><V73/><F73/><W17/><G0/><T123/><D123/><U14/><E1/><V124/><F124/><W134/><G134/><T67/><D67/><U52/><E89/><V83/><F22/><N who="3" m="11535" /><G17/><T15/><D133/><U8/><E8/><V93/><F83/><W97/><G97/><T112/><D112/><U6/><E6/><V76/><F76/><W96/><G96/><T127/><D127/><U36/><E36/><V85/><REACH who="2" step="1"/><F11/><REACH who="2" ten="459,166,82,283" step="2"/><W20/><G20/><T103/><D35/><U125/><E125/><V21/><F21/><AGARI ba="0,1" hai="15,18,21,24,25,63,64,70,79,81,87,98,103,106" machi="21" ten="30,1000,0" yaku="7,1" doraHai="105" who="0" fromWho="2" sc="459,20,166,0,82,-10,283,0" owari="479,57.9,166,-23.4,72,-42.8,283,8.3" /></mjloggm>