<mjloggm ver="2.3"><GO type="225" lobby="0"/><UN n0="%33%74%72%65%65" n1="%E3%81%BF%E3%81%BF%E3%81%9A" n2="%E8%80%81%E6%A5%BD" n3="%4B%2E%32%2E%4B%2E" dan="16,16,16,17" rate="2150.36,2154.95,2111.23,2188.54" sx="F,M,M,M"/><TAIKYOKU oya="0"/><INIT seed="0,0,0,1,2,110" ten="250,250,250,250" oya="0" hai0="126,104,67,34,35,94,111,20,59,116,124,112,62" hai1="135,123,122,43,72,105,129,86,30,69,92,83,45" hai2="29,130,127,102,115,80,7,119,2,39,85,66,56" hai3="101,121,77,51,95,24,103,21,58,89,133,15,90"/><T87/><D116/><U99/><E69/><V120/><F39/><W14/><G133/><T134/><D104/><U74/><E30/><V81/><F2/><W78/><G121/><N who="1" m="46090" /><E45/><V118/><F7/><W52/><G78/><T98/><D134/><U75/><E43/><V93/><F29/><W113/><G77/><T9/><D111/><U33/><E33/><V131/><F56/><W22/><G22/><T42/><D42/><U50/><E50/><V8/><F8/><W96/><G90/><T108/><D108/><U125/><E135/><V97/><F66/><W79/><G79/><T31/><D20/><U1/><E1/><V55/><F55/><W25/><G25/><N who="0" m="18799" /><D9/><U12/><E12/><N who="3" m="4650" /><G113/><T44/><D112/><U4/><E4/><V36/><F36/><W0/><G0/><T71/><D35/><U23/><E23/><V28/><F120/><W32/><G32/><T57/><D44/><U49/><E49/><V11/><F115/><W38/><G38/><T5/><D5/><U26/><E26/><V18/><F28/><AGARI ba="0,0" hai="21,24,28,51,52,58,89,95,96,101,103" m="4650" machi="28" ten="30,2000,0" yaku="8,1,54,1" doraHai="110" who="3" fromWho="2" sc="250,0,250,0,250,-20,250,20" /><INIT seed="1,0,0,3,2,39" ten="250,250,230,270" oya="1" hai0="118,102,43,61,59,128,35,111,14,103,81,78,82" hai1="40,1,45,29,91,47,31,89,42,55,75,15,125" hai2="96,64,57,90,94,104,53,34,41,26,19,115,22" hai3="79,46,122,123,69,85,0,23,4,6,113,98,92"/><U49/><E1/><V17/><F115/><W110/><G113/><T58/><D118/><U100/><E75/><V20/><F34/><W9/><G69/><T109/><D35/><U28/><E125/><V76/><F104/><W18/><G110/><N who="0" m="41995" /><D128/><U62/><E100/><N who="0" m="38441" /><D14/><U77/><E77/><V74/><F64/><W126/><G126/><T135/><D135/><U127/><E127/><V13/><F74/><W131/><G6/><T27/><D27/><U71/><E15/><V12/><F76/><W114/><G114/><T21/><D21/><U124/><E124/><V8/><F41/><N who="1" m="15977" /><E71/><V80/><F80/><N who="0" m="30826" /><D78/><U16/><E62/><V70/><F70/><W52/><G131/><T87/><D61/><U99/><E99/><V86/><F96/><W95/><G98/><T54/><D87/><U107/><E107/><V3/><F3/><W88/><G79/><T36/><D54/><N who="1" m="29999" /><E16/><V67/><F67/><W72/><G72/><T130/><D130/><U97/><E97/><V134/><F134/><W68/><G0/><T33/><D33/><U73/><E73/><V56/><REACH who="2" step="1"/><F53/><REACH who="2" ten="250,250,220,270" step="2"/><W105/><G52/><T132/><D132/><U63/><E63/><V10/><F10/><W121/><G9/><T84/><D84/><U119/><E119/><V133/><F133/><W65/><G85/><T101/><D101/><U51/><AGARI ba="0,1" hai="28,29,31,47,51,55,89,91" m="29999,15977" machi="51" ten="30,11700,0" yaku="8,1,52,3" doraHai="39" who="1" fromWho="1" sc="250,-39,250,127,220,-39,270,-39" /><INIT seed="1,1,0,3,3,66" ten="211,377,181,231" oya="1" hai0="129,117,97,65,75,34,76,54,17,62,25,53,27" hai1="3,85,51,38,57,60,19,61,9,113,12,28,70" hai2="93,63,126,112,74,49,133,101,23,96,123,95,59" hai3="94,83,35,18,41,36,115,72,99,77,109,22,105"/><U10/><E113/><V37/><F37/><W31/><G115/><T20/><D117/><U127/><E38/><V124/><F112/><W0/><G109/><T1/><D129/><U8/><E28/><V45/><F123/><W88/><G0/><T131/><D131/><U130/><E130/><V32/><F74/><W86/><G35/><T33/><D1/><U42/><E127/><V119/><F32/><W26/><G41/><T21/><D33/><U108/><E108/><V46/><F119/><W128/><G36/><T81/><D97/><U100/><E100/><V11/><F133/><W5/><G5/><T43/><D43/><U78/><E70/><V103/><F11/><W104/><G128/><T132/><D34/><U111/><E111/><V125/><F49/><W40/><G40/><T7/><D7/><U134/><E134/><V73/><F73/><W110/><G110/><T98/><D98/><U118/><E118/><V82/><F82/><W50/><G50/><T58/><REACH who="0" step="1"/><D132/><REACH who="0" ten="201,377,181,231" step="2"/><U84/><E3/><V52/><F23/><W79/><G99/><AGARI ba="1,1" hai="45,46,52,59,63,93,95,96,99,101,103,124,125,126" machi="99" ten="40,5200,0" yaku="9,1,18,1,54,1" doraHai="66" who="2" fromWho="3" sc="201,0,377,0,181,65,231,-55" /><INIT seed="2,0,0,0,0,22" ten="201,377,246,176" oya="2" hai0="126,76,2,123,117,27,41,13,62,18,98,125,93" hai1="68,96,40,130,11,129,29,4,87,43,135,119,103" hai2="56,80,19,78,107,89,74,24,45,133,69,105,84" hai3="6,124,61,58,30,52,64,128,112,9,36,42,8"/><V35/><F69/><W23/><G124/><N who="0" m="47723" /><D123/><U65/><E119/><V55/><F45/><W115/><G128/><N who="1" m="49258" /><E135/><V70/><F70/><W81/><G81/><T75/><D2/><N who="1" m="407" /><E29/><V114/><F114/><N who="3" m="43563" /><G6/><T46/><D62/><N who="1" m="39991" /><E87/><V60/><F133/><W111/><G111/><T83/><D117/><U92/><AGARI ba="0,0" hai="40,43,92,96,103" m="39991,407,49258" machi="92" ten="30,1100,0" yaku="19,1" doraHai="22" who="1" fromWho="1" sc="201,-3,377,11,246,-5,176,-3" /><INIT seed="3,0,0,5,0,8" ten="198,388,241,173" oya="3" hai0="111,130,43,92,55,112,123,87,90,126,124,18,115" hai1="24,61,107,35,54,70,84,82,81,56,73,71,114" hai2="48,72,26,86,40,116,77,113,16,34,128,131,122" hai3="44,27,5,31,98,57,23,135,106,78,12,22,79"/><W59/><G135/><T25/><D123/><U46/><E114/><N who="0" m="43561" /><D111/><U7/><E7/><V30/><F113/><W52/><G106/><T36/><D130/><N who="2" m="49706" /><F122/><W120/><G98/><T95/><D55/><U65/><E107/><V28/><F116/><W33/><G120/><T21/><D92/><U91/><E35/><V75/><F16/><N who="3" m="10503" /><G33/><T93/><D93/><U89/><E24/><V129/><F30/><W41/><G5/><T32/><D32/><U127/><E73/><V17/><F17/><W19/><G31/><T119/><D119/><U63/><E46/><AGARI ba="0,0" hai="18,21,25,36,43,46,87,90,95,124,126" m="43561" machi="46" ten="30,1000,0" yaku="11,1" doraHai="8" who="0" fromWho="1" sc="198,10,388,-10,241,0,173,0" owari="208,-19.2,378,47.8,241,4.1,173,-32.7" /></mjloggm>