<mjloggm ver="2.3"><GO type="225" lobby="0"/><UN n0="%4B%2E%32%2E%4B%2E" n1="%E7%89%B9%E6%9D%B1%E3%81%AF%E4%B8%96%E7%95%8C%E3%82%92%E6%95%91%E3%81%86" n2="%E6%B0%B7%E5%B7%9D%E9%87%8C%E5%A5%88" n3="%E5%B0%8F%E9%B3%A5%E9%81%8A%E7%B7%B4%E7%84%A1%32%31%E6%AD%B3" dan="17,16,16,16" rate="2179.74,2096.67,2157.42,2141.02" sx="M,M,F,F"/><TAIKYOKU oya="0"/><INIT seed="0,0,0,4,3,123" ten="250,250,250,250" oya="0" hai0="18,126,124,41,1,111,3,8,35,104,80,127,45" hai1="33,16,98,95,106,37,128,76,67,86,29,50,66" hai2="107,118,43,55,38,99,94,91,84,89,21,81,57" hai3="105,129,133,71,46,59,0,73,69,100,13,68,114"/><T54/><D35/><U112/><E37/><V97/><F118/><W10/><G114/><T36/><D104/><U77/><E106/><V113/><F113/><W34/><G133/><T108/><D54/><U17/><E112/><V131/><F131/><W70/><G73/><T39/><D39/><U20/><E128/><V15/><F107/><W96/><G129/><T63/><D63/><U49/><E33/><V65/><F65/><N who="1" m="24585" /><E29/><V30/><F38/><W122/><G122/><T12/><D80/><N who="1" m="47367" /><E77/><V74/><F43/><W120/><G120/><T7/><D1/><U88/><E17/><N who="2" m="10431" /><F74/><W116/><G116/><T101/><D101/><U14/><AGARI ba="0,0" hai="14,16,20,49,50,88,95,98" m="47367,24585" machi="14" ten="30,4000,0" yaku="8,1,54,2" doraHai="123" who="1" fromWho="1" sc="250,-20,250,40,250,-10,250,-10" /><INIT seed="1,0,0,3,5,107" ten="230,290,240,240" oya="1" hai0="50,129,71,91,94,99,75,45,60,44,10,92,118" hai1="61,14,46,104,5,114,82,122,108,51,102,23,101" hai2="3,55,35,41,121,2,110,130,30,127,31,69,117" hai3="90,8,52,113,6,66,22,21,135,56,65,119,25"/><U95/><E114/><V74/><RYUUKYOKU type="yao9" ba="0,0" sc="230,0,290,0,240,0,240,0" hai2="2,3,30,31,35,41,55,69,74,110,117,121,127,130" /><INIT seed="1,1,0,2,1,123" ten="230,290,240,240" oya="1" hai0="50,45,13,76,51,90,101,113,47,34,96,48,108" hai1="52,66,30,107,89,71,119,63,46,26,32,27,114" hai2="111,81,94,22,128,12,120,29,103,95,105,121,53" hai3="58,134,40,6,112,49,20,23,74,130,3,69,77"/><U72/><E114/><V59/><F128/><W5/><G112/><T38/><D113/><U116/><E72/><V87/><F105/><W10/><G69/><T109/><D34/><U25/><E107/><V36/><F36/><W68/><G68/><T61/><D76/><U88/><E30/><V37/><F37/><W73/><G134/><T18/><D61/><U33/><E46/><V65/><F65/><W21/><G130/><T1/><D1/><U15/><E52/><V117/><F117/><W19/><G77/><T39/><D90/><U82/><E15/><V135/><F135/><W133/><G133/><T43/><D38/><U7/><E7/><V106/><F106/><W93/><G5/><T9/><REACH who="0" step="1"/><D47/><REACH who="0" ten="220,290,240,240" step="2"/><U35/><REACH who="1" step="1"/><E89/><REACH who="1" ten="220,280,240,240" step="2"/><V127/><F120/><W115/><G115/><T67/><D67/><U86/><AGARI ba="1,2" hai="25,26,27,32,33,35,63,66,71,82,86,88,116,119" machi="86" ten="40,12000,1" yaku="1,1,2,1,0,1,54,1,53,0" doraHai="123" doraHaiUra="11" who="1" fromWho="1" sc="220,-41,280,143,240,-41,240,-41" /><INIT seed="1,2,0,4,1,46" ten="179,423,199,199" oya="1" hai0="109,108,35,65,27,104,25,28,70,100,88,78,126" hai1="19,74,18,72,96,20,23,12,97,83,132,111,16" hai2="49,68,7,3,134,38,42,32,29,75,6,85,33" hai3="79,52,57,54,121,10,63,8,0,59,34,130,115"/><U107/><E132/><V90/><F75/><W71/><G115/><T64/><D70/><U17/><E111/><N who="0" m="42569" /><D78/><U122/><E122/><V66/><F38/><W58/><G121/><T101/><D126/><U129/><E129/><V67/><F134/><W116/><G130/><T15/><D15/><U133/><E133/><V5/><F3/><W82/><G116/><T37/><D37/><U81/><E19/><V128/><F128/><W118/><G34/><T39/><D39/><U93/><E93/><V48/><F42/><W4/><G118/><T2/><D2/><U84/><E18/><V123/><F123/><W40/><G40/><T45/><D25/><U56/><E56/><V92/><F68/><W131/><G131/><T77/><D77/><U21/><E21/><V127/><F127/><W110/><G110/><T22/><D35/><U95/><E95/><V105/><F105/><W1/><G71/><T87/><D45/><U14/><REACH who="1" step="1"/><E84/><REACH who="1" ten="179,413,199,199" step="2"/><V69/><F33/><W119/><G119/><T24/><D104/><AGARI ba="2,1" hai="12,14,16,17,20,23,72,74,81,83,96,97,104,107" machi="104" ten="25,12000,1" yaku="1,1,2,1,22,2,54,1,53,0" doraHai="46" doraHaiUra="73" who="1" fromWho="0" sc="179,-126,413,136,199,0,199,0" /><INIT seed="1,3,0,4,2,47" ten="53,549,199,199" oya="1" hai0="5,117,60,74,133,84,24,79,22,8,107,37,88" hai1="27,116,56,32,0,18,104,120,101,76,118,45,65" hai2="4,30,63,126,106,94,20,134,92,93,2,3,67" hai3="112,98,55,75,108,115,132,97,57,73,103,49,77"/><U78/><E120/><V23/><F106/><W46/><G108/><T17/><D133/><U66/><E0/><V100/><F100/><W39/><G132/><T95/><D117/><U96/><E118/><V122/><F134/><W51/><G39/><T81/><D107/><U99/><E99/><V52/><F122/><W29/><G29/><T70/><D37/><U69/><E116/><V90/><F126/><W102/><G77/><T10/><REACH who="0" step="1"/><D5/><REACH who="0" ten="43,549,199,199" step="2"/><U41/><E104/><V25/><F4/><W109/><G109/><T42/><D42/><U21/><E41/><V6/><F6/><W113/><G98/><T71/><D71/><U130/><E69/><V13/><F2/><W58/><G97/><T34/><D34/><U36/><E32/><V110/><F3/><W83/><G103/><T123/><D123/><U15/><E36/><V44/><F110/><W68/><G102/><T26/><D26/><U16/><E27/><V35/><F35/><W54/><G68/><T43/><D43/><U31/><E96/><V91/><F13/><W59/><G83/><T124/><D124/><U89/><E15/><V28/><F25/><W14/><G14/><T87/><D87/><U1/><E1/><V53/><F92/><W128/><G128/><T11/><D11/><U121/><E130/><V85/><F85/><W38/><G38/><T48/><D48/><U33/><E121/><V19/><F93/><W62/><G62/><T40/><D40/><U80/><E80/><V50/><F63/><W12/><G12/><T82/><D82/><U61/><E101/><V131/><F131/><RYUUKYOKU ba="3,1" sc="43,15,549,-15,199,-15,199,15" hai0="8,10,17,22,24,60,70,74,79,81,84,88,95" hai3="46,49,51,54,55,57,58,59,73,75,112,113,115" /><INIT seed="2,4,1,3,1,70" ten="58,534,184,214" oya="2" hai0="83,125,44,115,94,48,86,90,22,78,14,133,15" hai1="33,10,100,54,72,67,103,46,60,55,2,63,104" hai2="79,82,9,27,6,131,65,12,68,106,26,111,119" hai3="1,25,61,96,24,129,132,49,58,31,50,71,76"/><V130/><F119/><W89/><G129/><N who="2" m="49161" /><F106/><W120/><G120/><T101/><D125/><U32/><E72/><N who="2" m="43367" /><F111/><W102/><G132/><T69/><D115/><U19/><E104/><V75/><F75/><W113/><G1/><T80/><D69/><U56/><E2/><V99/><F99/><W85/><G76/><T84/><D133/><U110/><E110/><V0/><F0/><W11/><G71/><T47/><D22/><U7/><E32/><V109/><F109/><W8/><G113/><T93/><D44/><U17/><E33/><V95/><F95/><N who="3" m="58655" /><G24/><N who="2" m="9257" /><F68/><W105/><G105/><T5/><D101/><U51/><E103/><V114/><F114/><W77/><G77/><T126/><D126/><U13/><E100/><V40/><F40/><W74/><G74/><T91/><D78/><U117/><E117/><V42/><F42/><W38/><G25/><T59/><D59/><AGARI ba="4,1" hai="7,10,13,17,19,46,51,54,55,56,59,60,63,67" machi="59" ten="30,2000,0" yaku="7,1,8,1" doraHai="70" who="1" fromWho="0" sc="58,-32,534,42,184,0,214,0" /><INIT seed="3,0,0,1,4,80" ten="26,576,184,214" oya="3" hai0="30,109,17,84,73,77,55,91,133,53,131,85,51" hai1="96,49,8,125,13,52,102,28,130,101,108,64,21" hai2="33,116,47,79,24,82,113,129,34,69,57,105,119" hai3="117,10,103,41,74,62,134,72,90,120,37,15,48"/><W88/><G120/><T54/><D109/><U42/><E108/><V70/><F57/><W94/><G37/><T107/><D131/><U122/><E122/><V81/><F113/><W114/><G117/><N who="2" m="45129" /><F82/><W121/><G114/><T93/><D133/><U11/><E125/><V31/><F47/><N who="3" m="25711" /><G72/><T20/><D73/><U89/><E130/><V46/><F46/><W39/><G39/><T92/><D107/><U110/><E110/><V58/><F58/><W2/><G74/><T100/><D100/><N who="1" m="38507" /><E42/><V87/><F87/><W97/><G2/><T86/><D30/><U4/><E64/><V40/><F40/><W25/><G134/><T128/><D128/><U76/><E76/><V83/><F83/><W104/><G104/><T3/><D3/><U19/><E28/><V67/><F105/><W132/><G121/><T23/><D77/><U5/><E11/><V118/><F129/><W0/><G0/><T111/><D111/><U27/><E89/><V123/><F123/><W14/><G62/><T32/><D32/><U60/><E96/><V95/><F34/><W99/><G132/><T16/><D51/><U22/><E60/><V78/><F78/><W71/><G71/><T135/><D135/><U44/><E27/><V61/><F118/><W98/><G25/><N who="0" m="14479" /><D91/><N who="3" m="34857" /><G15/><T35/><D35/><U127/><E127/><V115/><F115/><W26/><G26/><T106/><D106/><U6/><AGARI ba="0,0" hai="4,5,6,8,13,19,21,22,44,49,52" m="38507" machi="6" ten="30,2000,0" yaku="8,1,54,1" doraHai="80" who="1" fromWho="1" sc="26,-5,576,20,184,-5,214,-10" owari="21,-47.9,596,69.6,179,-22.1,204,0.4" /></mjloggm>