<mjloggm ver="2.3"><GO type="225" lobby="0"/><UN n0="%E5%A4%9C%E5%85%89%E5%A4%A9%E6%A5%BC" n1="%72%69%6F%75%63%68%61%6E" n2="%E3%83%A9%E3%83%BC%E3%83%A1%E3%83%B3%E4%BA%94%E9%83%8E" n3="%E3%82%BC%E3%83%AB%E3%83%80%E3%81%AE%E4%BC%9D%E8%AA%AC" dan="17,16,16,17" rate="2171.00,2163.42,2084.27,2194.30" sx="F,M,M,M"/><TAIKYOKU oya="0"/><INIT seed="0,0,0,1,1,42" ten="250,250,250,250" oya="0" hai0="114,134,117,14,83,8,64,69,6,104,12,46,122" hai1="127,62,34,37,131,50,24,79,1,2,40,26,38" hai2="66,59,96,56,31,129,92,58,67,93,18,105,121" hai3="74,133,78,120,10,116,91,113,89,81,98,20,36"/><T5/><D114/><U87/><E127/><V99/><F121/><W119/><G20/><T109/><D117/><U51/><E131/><V68/><F129/><W25/><G25/><N who="1" m="9834" /><E62/><V77/><F77/><W132/><G10/><T48/><D122/><U21/><E40/><V47/><F31/><W22/><G22/><T70/><D104/><U86/><E21/><V43/><F68/><W52/><G36/><N who="1" m="13930" /><E79/><V55/><F43/><W45/><G113/><T30/><D30/><U53/><E53/><V32/><F32/><W49/><G120/><T85/><D64/><N who="2" m="24618" /><F105/><W33/><G33/><T63/><D63/><U125/><E34/><V3/><F3/><N who="1" m="1033" /><E125/><V112/><F112/><W95/><REACH who="3" step="1"/><G91/><REACH who="3" ten="250,250,250,240" step="2"/><T11/><D134/><AGARI ba="0,1" hai="45,49,52,74,78,81,89,95,98,116,119,132,133,134" machi="134" ten="40,8000,1" yaku="1,1,2,1,20,1,52,1,54,1,53,0" doraHai="42" doraHaiUra="61" who="3" fromWho="0" sc="250,-80,250,0,250,0,240,90" /><INIT seed="1,0,0,3,4,40" ten="170,250,250,330" oya="1" hai0="98,3,112,111,9,63,48,58,125,92,57,54,130" hai1="101,116,131,43,108,25,128,38,107,49,114,0,113" hai2="79,15,5,67,102,18,55,41,20,42,110,87,120" hai3="118,65,94,132,33,90,105,109,28,56,4,29,121"/><U27/><E116/><V17/><F120/><W47/><G105/><T117/><D117/><U14/><E0/><V2/><F110/><W36/><G118/><T23/><D111/><U84/><E108/><V22/><F67/><W44/><G121/><T68/><D112/><U72/><E72/><V52/><F102/><W133/><G109/><T91/><D125/><U64/><E38/><V51/><F5/><W127/><G4/><T1/><D130/><N who="1" m="49707" /><E64/><V129/><F2/><W75/><G75/><T115/><D115/><N who="1" m="44043" /><E84/><V71/><F71/><W86/><G127/><T97/><D68/><U61/><E61/><V82/><F129/><W88/><G90/><T11/><D3/><U70/><E70/><V80/><F80/><W45/><G36/><T76/><D1/><U95/><E107/><V126/><F126/><W31/><REACH who="3" step="1"/><G33/><REACH who="3" ten="170,250,250,320" step="2"/><T123/><D123/><U83/><E101/><V60/><F60/><AGARI ba="0,1" hai="28,29,31,44,45,47,56,60,65,86,88,94,132,133" machi="60" ten="50,12000,2" yaku="1,1,2,1,52,3,54,1,53,0" doraHai="40" doraHaiUra="46" who="3" fromWho="2" sc="170,0,250,0,250,-120,320,130" /><INIT seed="2,0,0,3,3,13" ten="170,250,130,450" oya="2" hai0="74,132,33,82,23,20,45,127,83,60,117,49,9" hai1="63,110,5,66,68,100,37,115,111,76,38,75,54" hai2="17,71,41,39,35,43,104,61,65,25,56,40,64" hai3="89,6,36,2,78,120,59,72,134,93,52,48,121"/><V11/><F104/><W73/><G36/><T90/><D33/><U80/><E115/><V10/><F35/><W22/><G134/><T99/><D132/><U105/><E54/><V70/><F39/><N who="1" m="14857" /><E5/><V46/><F46/><W69/><G69/><T1/><D1/><U91/><E91/><V62/><REACH who="2" step="1"/><F56/><REACH who="2" ten="170,250,120,450" step="2"/><W27/><G59/><T135/><D127/><U14/><E105/><V112/><F112/><W4/><G120/><T108/><D135/><U101/><E14/><V122/><F122/><W113/><G113/><T0/><D108/><AGARI ba="0,1" hai="63,66,68,75,76,80,100,101,108,110,111" m="14857" machi="108" ten="30,1000,0" yaku="14,1" doraHai="13" who="1" fromWho="0" sc="170,-10,250,20,120,0,450,0" /><INIT seed="3,0,0,1,0,36" ten="160,270,120,450" oya="3" hai0="28,128,124,2,99,4,59,129,69,77,53,81,15" hai1="7,121,70,94,32,57,5,118,19,127,112,88,90" hai2="86,64,17,111,78,83,110,52,30,120,34,119,9" hai3="49,79,33,123,12,27,63,73,20,37,113,10,14"/><W107/><G37/><T71/><D124/><U3/><E121/><V1/><F119/><W74/><G49/><T115/><D115/><U131/><E112/><V16/><F120/><W44/><G44/><T95/><D28/><U39/><E70/><V23/><F64/><W97/><G63/><N who="0" m="36335" /><D2/><U8/><E32/><V109/><F34/><W0/><G14/><T117/><D117/><U125/><E131/><N who="0" m="50249" /><D4/><U55/><E118/><V134/><F134/><W43/><G43/><T47/><D15/><N who="1" m="7655" /><E39/><V65/><F65/><W92/><G20/><T106/><D47/><U46/><E46/><V122/><F122/><W100/><G92/><T31/><D31/><U11/><E7/><V58/><F1/><W50/><G73/><N who="0" m="43183" /><D106/><U54/><E94/><V98/><F9/><W41/><G10/><T76/><D76/><U91/><E57/><V40/><F40/><W38/><G41/><T21/><D21/><U66/><E66/><V114/><F114/><W85/><G74/><T42/><D42/><U132/><E132/><V51/><F98/><W101/><G97/><T102/><AGARI ba="0,0" hai="69,71,95,99,102" m="43183,50249,36335" machi="102" ten="30,1100,0" yaku="19,1" doraHai="36" who="0" fromWho="0" sc="160,11,270,-3,120,-3,450,-5" owari="171,-22.9,267,6.7,117,-38.3,445,54.5" /></mjloggm>