<mjloggm ver="2.3"><GO type="225" lobby="0"/><UN n0="%73%6C%69%63%6B%33%31%39" n1="%72%61%6B%33" n2="%E8%90%BD%E6%97%A5" n3="%E9%80%86%E9%80%A3%E5%B8%AF%E3%81%AE%E9%AC%BC" dan="17,16,19,16" rate="2165.05,2208.52,2265.78,2172.70" sx="M,M,F,M"/><TAIKYOKU oya="0"/><INIT seed="0,0,0,2,0,59" ten="250,250,250,250" oya="0" hai0="95,56,130,117,104,133,18,115,76,134,40,127,118" hai1="97,94,116,62,45,21,87,82,105,15,30,70,90" hai2="67,111,38,0,51,32,7,52,120,84,16,112,78" hai3="5,81,124,49,110,107,54,33,60,11,72,23,31"/><T109/><D104/><U98/><E116/><N who="0" m="44649" /><D76/><U42/><E105/><V99/><F120/><W74/><G124/><T2/><D2/><U92/><E30/><V86/><F112/><W26/><G110/><T50/><D95/><U8/><E21/><V41/><F32/><W79/><G107/><T128/><D18/><U113/><E113/><V37/><F7/><W47/><G33/><T63/><D115/><U27/><E27/><V89/><F0/><W55/><G74/><T43/><D109/><U61/><E70/><V106/><F111/><W53/><REACH who="3" step="1"/><G60/><REACH who="3" ten="250,250,250,240" step="2"/><N who="1" m="23146" /><E98/><V4/><F99/><W66/><G66/><N who="0" m="39271" /><D127/><U19/><E97/><V100/><F67/><W125/><G125/><T68/><D68/><U96/><E96/><V3/><F106/><W114/><G114/><T36/><D36/><U135/><E135/><N who="0" m="51721" /><D50/><AGARI ba="0,1" hai="8,15,19,42,45,50,82,87,90,92,94" m="23146" machi="50" ten="30,7700,0" yaku="8,1,52,3" doraHai="59" who="1" fromWho="0" sc="250,-77,250,87,250,0,240,0" /><INIT seed="1,0,0,5,2,110" ten="173,337,250,240" oya="1" hai0="8,87,77,65,1,16,53,108,134,130,125,34,73" hai1="9,109,100,91,127,121,68,11,69,124,102,35,71" hai2="32,95,131,3,118,58,19,41,116,84,93,22,47" hai3="129,15,18,40,7,4,52,75,38,88,30,50,54"/><U115/><E121/><V126/><F131/><W63/><G129/><T113/><D130/><U80/><E35/><V43/><F126/><N who="1" m="48169" /><E91/><V86/><F32/><W112/><G75/><T123/><D125/><U79/><E109/><V36/><F3/><W0/><G30/><T78/><D108/><U72/><E115/><V27/><F43/><W120/><G120/><T17/><D123/><U94/><E94/><V37/><F37/><W49/><G63/><T61/><D34/><U59/><E59/><V133/><F133/><W104/><G104/><T101/><D134/><U135/><E135/><V117/><F58/><W44/><G112/><T92/><D73/><U97/><E97/><V13/><F95/><W62/><G62/><T39/><D39/><U89/><E89/><V119/><N who="2" m="29696" /><DORA hai="106" /><V20/><REACH who="2" step="1"/><F93/><REACH who="2" ten="173,337,240,240" step="2"/><W2/><G2/><T76/><D113/><U56/><E56/><V14/><F14/><W48/><G0/><T81/><D1/><U24/><E24/><V31/><AGARI ba="0,1" hai="13,19,20,22,27,31,36,41,47,84,86" m="29696" machi="31" ten="60,12000,2" yaku="1,1,0,1,53,5" doraHai="110,106" doraHaiUra="114,10" who="2" fromWho="2" sc="173,-30,337,-60,240,130,240,-30" /><INIT seed="2,0,0,3,4,111" ten="143,277,370,210" oya="2" hai0="80,81,20,24,117,6,39,21,120,83,0,17,14" hai1="94,58,9,96,135,59,113,29,53,100,97,4,84" hai2="104,16,28,72,56,85,101,62,88,119,67,43,118" hai3="45,133,46,60,69,22,38,92,33,107,71,52,64"/><V89/><F72/><W26/><G107/><T49/><D120/><U105/><E135/><V103/><F28/><W55/><G133/><T86/><D39/><U134/><E134/><V78/><F78/><W91/><G33/><T10/><D117/><U13/><E84/><V131/><F131/><W126/><G126/><T121/><D121/><U7/><E29/><V2/><F2/><W34/><G34/><T30/><D0/><U3/><E113/><V41/><F104/><W112/><G71/><T23/><D86/><U51/><E59/><V54/><F67/><W122/><G112/><T102/><D102/><U44/><E44/><V19/><F85/><W50/><G38/><T87/><D87/><U124/><E124/><V114/><F56/><W125/><G125/><T79/><D79/><U108/><E108/><V48/><F48/><W129/><G129/><T8/><D49/><U25/><E25/><V73/><F73/><W93/><G122/><T40/><D40/><U130/><E130/><V99/><F99/><W98/><G93/><T132/><D132/><U74/><E74/><V32/><F32/><W47/><REACH who="3" step="1"/><G55/><REACH who="3" ten="143,277,370,200" step="2"/><T127/><D127/><U110/><E110/><V66/><F54/><W12/><G12/><T37/><D37/><U75/><E3/><V65/><F114/><W95/><G95/><T11/><REACH who="0" step="1"/><D6/><REACH who="0" ten="133,277,370,200" step="2"/><N who="1" m="3255" /><E75/><V63/><AGARI ba="0,2" hai="16,19,41,43,62,63,65,66,88,89,101,103,118,119" machi="63" ten="25,12000,1" yaku="0,1,22,2,54,2" doraHai="111" who="2" fromWho="2" sc="133,-40,277,-40,370,140,200,-40" /><INIT seed="2,1,0,5,2,104" ten="93,237,510,160" oya="2" hai0="58,86,52,108,123,36,115,106,105,92,4,56,117" hai1="68,5,7,94,0,83,133,116,125,101,134,135,126" hai2="100,81,80,107,27,91,23,132,131,19,85,3,18" hai3="114,130,54,84,90,98,82,43,129,76,30,10,55"/><V22/><F3/><W51/><G114/><T15/><D123/><U46/><E116/><V26/><F131/><W103/><G30/><T66/><D115/><U24/><E68/><V102/><F132/><W49/><G43/><T47/><D117/><U73/><E24/><V124/><F124/><N who="1" m="47721" /><E46/><V77/><F107/><W33/><G33/><T41/><D108/><U74/><E83/><V97/><REACH who="2" step="1"/><F97/><REACH who="2" ten="93,237,500,160" step="2"/><W64/><G98/><T71/><D106/><U44/><E0/><V60/><F60/><W45/><G130/><T63/><D105/><U31/><E135/><V21/><F21/><W20/><G129/><T1/><D1/><U8/><E134/><V39/><F39/><W6/><G20/><T110/><D110/><U12/><E133/><V111/><F111/><W40/><G51/><T65/><D36/><U35/><E35/><V34/><F34/><W127/><G127/><T29/><D63/><U88/><E8/><V11/><F11/><W109/><G109/><T72/><D66/><U32/><E32/><V53/><F53/><W93/><G64/><T37/><D65/><U2/><E2/><V75/><AGARI ba="1,1" hai="18,19,22,23,26,27,75,77,80,81,85,91,100,102" machi="75" ten="20,12000,1" yaku="1,1,0,1,7,1,9,1,52,1,53,0" doraHai="104" doraHaiUra="112" who="2" fromWho="2" sc="93,-41,237,-41,500,133,160,-41" /><INIT seed="2,2,0,2,0,116" ten="52,196,633,119" oya="2" hai0="119,123,115,109,87,55,49,93,72,20,32,63,31" hai1="103,110,50,37,70,85,57,113,107,84,122,67,40" hai2="104,43,27,23,75,133,97,90,124,59,9,131,78" hai3="39,61,18,71,91,62,28,68,108,73,5,19,45"/><V0/><F124/><W83/><G108/><T42/><D115/><U4/><E122/><V101/><F131/><W48/><G39/><T121/><D72/><U25/><E4/><V127/><F127/><W35/><G5/><T95/><D32/><U3/><E3/><V117/><F9/><W106/><G106/><T7/><D7/><U94/><E25/><V114/><F0/><W36/><G36/><T15/><D42/><U111/><E94/><V29/><F114/><W79/><G91/><N who="0" m="53503" /><D31/><U126/><E126/><V30/><F133/><W98/><G98/><T17/><D109/><U96/><E85/><V112/><F112/><W105/><G105/><T92/><D63/><N who="1" m="40319" /><E84/><V22/><F117/><W11/><G71/><T46/><D46/><N who="1" m="23823" /><E113/><V13/><F43/><W56/><G35/><T41/><D41/><U53/><AGARI ba="2,0" hai="50,53,57,96,103,107,110,111" m="23823,40319" machi="53" ten="30,1100,0" yaku="24,1" doraHai="116" who="1" fromWho="1" sc="52,-5,196,17,633,-7,119,-5" /><INIT seed="3,0,0,0,3,127" ten="47,213,626,114" oya="3" hai0="128,130,89,134,63,46,72,69,77,91,98,95,68" hai1="6,55,52,88,5,103,1,62,75,43,4,30,44" hai2="117,26,60,126,29,56,23,112,82,10,115,105,121" hai3="59,100,96,120,65,58,111,2,71,20,81,40,18"/><W79/><G120/><T106/><D134/><U87/><E75/><V74/><F105/><W7/><G111/><T97/><D72/><U125/><E125/><V24/><F126/><W13/><G40/><T70/><D77/><U12/><E1/><V42/><F117/><W92/><G71/><T132/><D132/><U25/><E103/><V28/><F121/><W129/><G129/><N who="0" m="49771" /><D46/><U22/><E12/><V116/><F116/><W61/><G2/><T17/><D17/><U104/><E104/><V73/><F10/><W36/><G36/><T53/><D91/><U84/><E62/><V9/><F9/><W31/><G31/><T11/><D11/><U21/><E21/><V16/><F42/><W102/><G7/><T48/><D48/><N who="1" m="26655" /><E87/><V110/><F110/><W35/><G35/><T0/><D0/><U45/><E45/><V94/><F16/><W109/><G109/><T27/><D27/><U3/><E3/><V131/><F94/><AGARI ba="0,0" hai="4,5,6,22,25,30,52,55,84,88,94" m="26655" machi="94" ten="30,3900,0" yaku="8,1,54,2" doraHai="127" who="1" fromWho="2" sc="47,0,213,39,626,-39,114,0" owari="47,-45.3,252,5.2,587,68.7,114,-28.6" /></mjloggm>