<mjloggm ver="2.3"><GO type="225" lobby="0"/><UN n0="%6B%65%6E%6E%64%69" n1="%4B%2E%32%2E%4B%2E" n2="%E5%A4%96%E5%B7%9D%E7%AB%9C%E6%88%90" n3="%6D%75%75%6D%75%72%61" dan="16,16,16,16" rate="2142.86,2163.93,2219.46,2176.21" sx="M,M,M,F"/><TAIKYOKU oya="0"/><INIT seed="0,0,0,0,4,112" ten="250,250,250,250" oya="0" hai0="53,32,88,23,48,123,80,71,114,78,55,109,63" hai1="110,7,0,128,100,102,133,35,3,16,46,40,26" hai2="95,86,111,37,42,121,31,2,97,118,82,47,87" hai3="130,14,65,105,98,106,91,131,25,68,52,29,74"/><T79/><D114/><U20/><E110/><V101/><F121/><W36/><G74/><T49/><D32/><U119/><E128/><N who="3" m="49194" /><G36/><T75/><D123/><U19/><E133/><V5/><F111/><W44/><G68/><T24/><D109/><U18/><E119/><V60/><F31/><W108/><G65/><T43/><D43/><U33/><E33/><V116/><F60/><W6/><G108/><T8/><D8/><U89/><E35/><V30/><F30/><W135/><G135/><T51/><D79/><U4/><E0/><V62/><F62/><W66/><G66/><T1/><D1/><U45/><E89/><V13/><F2/><W83/><G14/><T107/><D107/><U41/><E3/><V39/><F39/><W129/><N who="3" m="49202" /><W122/><DORA hai="117" /><G6/><N who="1" m="2090" /><E20/><V104/><F13/><W69/><G69/><T92/><D63/><U124/><E26/><V59/><F5/><W76/><G122/><T77/><D77/><U50/><E124/><V38/><F38/><W115/><G115/><T9/><D9/><U127/><E127/><V61/><F104/><W120/><G120/><T90/><D90/><U99/><E99/><V57/><F118/><W34/><G91/><T93/><D71/><U22/><E22/><V84/><F116/><W17/><G17/><T113/><D113/><U67/><E67/><V12/><F12/><W54/><G98/><N who="0" m="57607" /><D93/><U103/><E103/><V94/><F94/><W28/><G28/><T85/><D75/><U56/><E56/><N who="2" m="21579" /><F82/><W126/><G126/><T125/><D125/><U72/><E72/><V81/><F81/><RYUUKYOKU ba="0,0" sc="250,10,250,10,250,10,250,-30" hai0="23,24,48,49,51,53,55,78,80,85" hai1="16,18,19,40,41,45,46,50,100,102" hai2="37,42,47,61,84,86,87,95,97,101" /><INIT seed="0,1,0,4,3,120" ten="260,260,260,220" oya="0" hai0="6,63,97,59,50,131,58,19,105,39,66,43,2" hai1="36,64,12,14,51,8,80,91,117,22,62,135,25" hai2="53,71,93,115,68,94,134,16,7,55,47,102,124" hai3="42,26,126,109,111,70,31,101,27,23,17,40,103"/><T10/><D131/><U4/><E36/><V81/><F7/><W104/><G70/><T69/><D39/><U48/><E117/><V86/><F115/><W3/><G3/><T107/><D19/><U87/><E14/><V60/><F124/><W76/><G76/><T21/><D21/><U11/><E11/><V118/><F118/><W45/><G126/><T46/><REACH who="0" step="1"/><D97/><REACH who="0" ten="250,260,260,220" step="2"/><U29/><REACH who="1" step="1"/><E135/><REACH who="1" ten="250,250,260,220" step="2"/><V112/><F134/><W127/><G127/><T74/><D74/><U99/><E99/><V35/><F112/><W79/><G111/><T41/><D41/><U108/><E108/><V89/><F35/><W125/><G109/><T123/><D123/><U77/><E77/><V13/><F86/><W84/><G125/><T56/><AGARI ba="1,2" hai="2,6,10,43,46,50,56,58,59,63,66,69,105,107" machi="56" ten="30,3000,0" yaku="1,1,0,1,53,0" doraHai="120" doraHaiUra="129" who="0" fromWho="0" sc="250,53,250,-11,260,-11,220,-11" /><INIT seed="0,2,0,4,3,21" ten="303,239,249,209" oya="0" hai0="3,67,96,60,94,89,5,16,37,11,12,129,9" hai1="131,23,118,108,88,104,102,128,34,93,84,124,105" hai2="20,61,130,65,4,115,50,30,112,103,113,27,41" hai3="18,66,13,1,54,58,125,63,90,22,35,15,24"/><T47/><D129/><N who="1" m="49739" /><E118/><V122/><F122/><W55/><G125/><T44/><REACH who="0" step="1"/><D37/><REACH who="0" ten="293,239,249,209" step="2"/><U70/><E124/><V132/><F130/><W75/><G1/><T101/><D101/><U45/><E102/><V28/><F103/><W87/><G75/><T7/><D7/><U68/><E105/><V97/><F4/><W40/><G40/><T56/><AGARI ba="2,1" hai="3,5,9,11,12,16,44,47,56,60,67,89,94,96" machi="56" ten="20,7800,0" yaku="1,1,0,1,7,1,54,1,53,0" doraHai="21" doraHaiUra="19" who="0" fromWho="0" sc="293,94,239,-28,249,-28,209,-28" /><INIT seed="0,3,0,3,4,19" ten="387,211,221,181" oya="0" hai0="56,42,115,76,68,28,14,58,66,57,61,89,87" hai1="44,79,81,18,103,60,47,96,95,100,0,48,32" hai2="72,135,6,120,130,121,39,54,36,34,133,33,8" hai3="38,53,84,69,119,83,99,3,112,23,37,2,134"/><T86/><D115/><U64/><E0/><N who="2" m="71" /><F54/><W35/><G112/><T4/><D28/><U13/><E32/><N who="2" m="12395" /><F72/><W74/><G35/><T94/><D42/><U1/><E1/><V59/><F59/><W51/><G119/><T108/><D108/><U55/><E103/><V88/><F88/><W12/><G69/><T102/><D102/><U9/><E48/><V126/><F36/><W114/><G74/><T73/><D73/><U10/><E10/><V124/><F39/><W71/><G114/><T5/><REACH who="0" step="1"/><D14/><REACH who="0" ten="377,211,221,181" step="2"/><U104/><E100/><V30/><F30/><W46/><G3/><T45/><D45/><U77/><E13/><V113/><F113/><W129/><G2/><T22/><D22/><U40/><E44/><V29/><F29/><W97/><G23/><T110/><D110/><U49/><E40/><V123/><F130/><W20/><G20/><T17/><D17/><U21/><E18/><V93/><F93/><W116/><G12/><T78/><D78/><U7/><E95/><V125/><AGARI ba="3,1" hai="120,121,123,124,125,126,133,135" m="12395,71" machi="125" ten="50,8000,1" yaku="18,1,23,1,34,2" doraHai="19" who="2" fromWho="2" sc="377,-43,211,-23,221,99,181,-23" /><INIT seed="1,0,0,3,4,60" ten="334,188,320,158" oya="1" hai0="70,13,117,76,67,135,25,18,98,33,37,91,81" hai1="97,55,64,23,75,83,62,14,115,50,63,72,52" hai2="65,29,47,77,128,43,58,2,68,0,122,57,40" hai3="90,22,101,96,9,12,121,46,32,87,110,86,114"/><U131/><E115/><V28/><F122/><W16/><G121/><T102/><D117/><U104/><E131/><V120/><F77/><W88/><G114/><T123/><D123/><U92/><E104/><V49/><F120/><W19/><G32/><T56/><D135/><U106/><E106/><V129/><F68/><W108/><G46/><T107/><D56/><U5/><E62/><N who="2" m="38095" /><F58/><W85/><G101/><T31/><D91/><U54/><E50/><V80/><F80/><W109/><G96/><T125/><D125/><U74/><E83/><V39/><F40/><W78/><G78/><T71/><D37/><U30/><E5/><V15/><F15/><AGARI ba="0,0" hai="9,12,15,16,19,22,85,86,87,88,90,108,109,110" machi="15" ten="50,6400,0" yaku="14,1,54,2" doraHai="60" who="3" fromWho="2" sc="334,0,188,0,320,-64,158,64" /><INIT seed="2,0,0,3,4,3" ten="334,188,256,222" oya="2" hai0="59,2,98,53,6,95,72,43,99,78,20,64,104" hai1="68,83,107,110,123,19,39,7,52,84,54,132,86" hai2="51,75,33,102,92,10,81,73,111,109,32,127,14" hai3="50,62,1,26,124,96,35,128,8,29,12,106,38"/><V71/><F71/><W108/><G38/><T61/><D104/><U88/><E107/><V24/><F127/><W28/><G124/><T56/><D43/><U45/><E68/><V4/><F51/><W11/><G108/><N who="2" m="41545" /><F24/><W82/><G128/><T85/><D72/><N who="2" m="27722" /><F81/><W30/><G82/><T69/><D69/><U37/><E110/><V130/><F130/><W25/><G62/><T36/><D36/><U57/><E132/><V126/><F126/><W47/><G96/><AGARI ba="0,0" hai="4,10,14,32,33,92,96,102" m="27722,41545" machi="96" ten="30,5800,0" yaku="14,1,10,1,52,1" doraHai="3" who="2" fromWho="3" sc="334,0,188,0,256,58,222,-58" /><INIT seed="2,1,0,1,5,107" ten="334,188,314,164" oya="2" hai0="3,39,68,65,22,128,122,19,12,27,40,29,101" hai1="105,71,24,66,14,45,108,31,83,74,52,25,58" hai2="20,54,124,42,87,129,135,73,57,62,126,36,0" hai3="106,46,78,21,117,4,49,121,53,69,97,130,123"/><V6/><F87/><W5/><G117/><T116/><D122/><U110/><E105/><V67/><F20/><W70/><G130/><T111/><D128/><U37/><E14/><V114/><F6/><W2/><G78/><T89/><D116/><U44/><E71/><N who="2" m="42487" /><F0/><W11/><G5/><T1/><D111/><N who="1" m="42539" /><E66/><V131/><F73/><W8/><G8/><T120/><D120/><U119/><E119/><V13/><F13/><W115/><G115/><T133/><D101/><U104/><E104/><V16/><F16/><W85/><G121/><T82/><D82/><U72/><E37/><V51/><F114/><W60/><G123/><T95/><D89/><U96/><E96/><V98/><F98/><W56/><G85/><T112/><D29/><U35/><E24/><V79/><F79/><W15/><G2/><T41/><D22/><U134/><E134/><V18/><F18/><W61/><G21/><T50/><D133/><U48/><E83/><V102/><F102/><W32/><G32/><T103/><D103/><U84/><E84/><V88/><F88/><W26/><G26/><T76/><D76/><U10/><E10/><V86/><F86/><W47/><G106/><T125/><D112/><U38/><E38/><V93/><F93/><W7/><G97/><T80/><D39/><U127/><E127/><N who="2" m="48683" /><F135/><W118/><G118/><T64/><D125/><U63/><E63/><N who="3" m="24138" /><G7/><T92/><D95/><U34/><E35/><V23/><F23/><W109/><G109/><T55/><D92/><U132/><E132/><V77/><F77/><W75/><G75/><AGARI ba="1,0" hai="25,31,34,44,45,48,52,58,72,74,75" m="42539" machi="75" ten="30,8000,1" yaku="14,1,52,3,54,1" doraHai="107" who="1" fromWho="3" sc="334,0,188,83,314,0,164,-83" /><INIT seed="3,0,0,0,1,110" ten="334,271,314,81" oya="3" hai0="54,37,30,76,28,114,71,67,89,131,49,100,78" hai1="74,35,122,4,0,102,10,42,120,36,23,87,31" hai2="47,64,48,29,83,94,91,9,15,84,103,11,43" hai3="8,129,32,38,3,123,61,132,85,111,124,133,112"/><W24/><RYUUKYOKU type="yao9" ba="0,0" sc="334,0,271,0,314,0,81,0" hai3="3,8,24,32,38,61,85,111,112,123,124,129,132,133" /><INIT seed="3,1,0,2,3,104" ten="334,271,314,81" oya="3" hai0="53,97,58,50,100,2,113,130,135,30,14,127,6" hai1="33,70,36,110,26,25,116,3,65,121,114,106,91" hai2="129,120,37,94,88,44,62,56,103,87,132,98,52" hai3="111,51,40,122,49,46,66,123,47,20,27,82,17"/><W9/><G111/><T28/><D2/><U61/><RYUUKYOKU type="yao9" ba="1,0" sc="334,0,271,0,314,0,81,0" hai1="3,25,26,33,36,61,65,70,91,106,110,114,116,121" /><INIT seed="3,2,0,4,4,111" ten="334,271,314,81" oya="3" hai0="84,13,46,61,80,114,127,38,5,106,68,30,75" hai1="95,76,22,49,109,27,36,112,35,34,87,82,69" hai2="131,115,121,2,3,130,118,8,101,66,6,96,88" hai3="48,59,119,116,85,28,122,12,19,54,94,83,7"/><W51/><G122/><T123/><D123/><U21/><E109/><V50/><F121/><W134/><G134/><T55/><D106/><U93/><E36/><V89/><F118/><W110/><G110/><T103/><D103/><U52/><E69/><V132/><F115/><W92/><G28/><T78/><D114/><U42/><E42/><V90/><F132/><W74/><G74/><T39/><D127/><U17/><E112/><V104/><F66/><W44/><G7/><T20/><D75/><U77/><E77/><V62/><F62/><W99/><G116/><T71/><D39/><U18/><E35/><V63/><F63/><W70/><G70/><T26/><D38/><U56/><REACH who="1" step="1"/><E34/><REACH who="1" ten="334,261,314,81" step="2"/><V81/><F2/><W10/><G119/><T120/><D71/><U128/><E128/><N who="2" m="49195" /><F50/><W11/><G11/><N who="0" m="4335" /><D68/><U43/><E43/><V67/><F67/><W108/><G108/><T126/><D120/><U25/><AGARI ba="2,1" hai="17,18,21,22,25,27,49,52,56,76,82,87,93,95" machi="25" ten="20,12000,2" yaku="1,1,0,1,7,1,9,1,8,1,54,1,53,0" doraHai="111" doraHaiUra="98" who="1" fromWho="1" sc="334,-32,261,136,314,-32,81,-62" owari="302,10.2,397,49.7,282,-11.8,19,-48.1" /></mjloggm>