<mjloggm ver="2.3"><GO type="225" lobby="0"/><UN n0="%E4%BA%BA%E9%96%93%E3%83%81%E3%83%A3%E3%83%BC%E3%83%8F%E3%83%B3" n1="%E3%81%86%E3%81%A9%E3%82%93%E3%81%93" n2="%28%EF%BF%A3%E2%96%BD%EF%BF%A3%29%CE%B4%E2%8C%92%E3%83%BB" n3="%72%69%6F%75%63%68%61%6E" dan="16,16,16,16" rate="2096.47,2142.28,2142.20,2238.29" sx="M,M,M,M"/><TAIKYOKU oya="0"/><INIT seed="0,0,0,0,2,75" ten="250,250,250,250" oya="0" hai0="113,40,101,103,14,69,13,97,83,85,117,94,108" hai1="42,66,135,47,4,0,39,52,128,35,45,73,106" hai2="53,6,102,17,133,129,10,1,12,78,24,65,124" hai3="7,86,34,90,87,112,36,50,59,51,131,30,38"/><T123/><D69/><U120/><E106/><V21/><F102/><W37/><G112/><T116/><D113/><U127/><E35/><V41/><F65/><W44/><G131/><T121/><D40/><U134/><E120/><N who="0" m="46153" /><D14/><U71/><E73/><V109/><F41/><W105/><G105/><T54/><D54/><U61/><E4/><V5/><F129/><W93/><G7/><T43/><D13/><U98/><E0/><V111/><F53/><W118/><G118/><N who="0" m="45675" /><D43/><N who="1" m="22783" /><E98/><V130/><F130/><W122/><G122/><T27/><D27/><U80/><E80/><V70/><F70/><W18/><G59/><T49/><D49/><N who="1" m="26871" /><E128/><V16/><F6/><W3/><G3/><T96/><D108/><U48/><E127/><V92/><F124/><W79/><G44/><AGARI ba="0,0" hai="44,48,52,61,66,71,134,135" m="26871,22783" machi="44" ten="30,3900,0" yaku="34,2,54,1" doraHai="75" who="1" fromWho="3" sc="250,0,250,39,250,0,250,-39" /><INIT seed="1,0,0,2,5,100" ten="250,289,250,211" oya="1" hai0="61,5,45,9,36,75,54,70,133,68,0,20,83" hai1="28,125,85,48,81,92,3,104,18,58,108,46,17" hai2="123,13,66,74,15,73,16,10,49,12,41,76,1" hai3="24,89,25,35,50,29,65,103,124,102,44,107,129"/><U91/><E125/><V14/><F123/><W71/><G124/><T19/><D133/><U21/><E3/><V135/><F135/><W79/><G129/><T57/><D75/><U52/><E104/><V56/><F1/><W111/><G111/><T127/><D127/><U97/><E108/><V132/><F132/><W82/><G89/><T134/><D134/><U4/><E4/><V11/><F76/><W120/><G120/><T7/><D7/><U126/><E126/><V98/><F98/><N who="3" m="61911" /><G103/><T38/><D83/><U116/><E116/><V2/><F2/><W27/><G50/><T67/><D68/><U122/><E122/><V33/><F33/><W69/><G71/><T95/><D95/><U84/><E84/><V109/><F109/><W87/><G44/><T106/><D106/><U131/><E131/><V96/><F96/><W121/><G121/><T40/><D38/><U112/><E112/><V118/><F118/><W110/><G110/><T130/><D130/><U43/><E28/><V80/><F80/><W6/><G6/><T23/><REACH who="0" step="1"/><D19/><REACH who="0" ten="240,289,250,211" step="2"/><U117/><E117/><V59/><F74/><W90/><G79/><T93/><D93/><U32/><E32/><V39/><F73/><W51/><G51/><AGARI ba="0,1" hai="0,5,9,20,23,36,40,45,51,54,57,61,67,70" machi="51" ten="30,7700,0" yaku="1,1,7,1,24,2,53,0" doraHai="100" doraHaiUra="26" who="0" fromWho="3" sc="240,87,289,0,250,0,211,-77" /><INIT seed="2,0,0,4,1,78" ten="327,289,250,134" oya="2" hai0="25,113,60,22,61,1,121,111,58,108,117,76,55" hai1="130,103,71,83,29,35,125,131,9,90,110,114,56" hai2="26,4,31,89,39,96,67,93,101,95,88,15,69" hai3="112,127,98,46,11,62,81,75,34,16,18,13,36"/><V41/><F39/><W6/><G34/><T45/><D121/><U123/><E71/><V27/><F41/><W42/><G127/><T73/><D113/><U87/><E125/><V124/><F124/><W94/><G112/><T38/><D1/><U102/><E114/><V24/><F69/><W20/><G62/><T128/><D128/><N who="1" m="49195" /><E110/><N who="0" m="42025" /><D117/><U49/><E123/><V100/><F67/><W51/><G36/><T86/><D73/><U70/><E70/><V92/><F31/><W97/><G94/><N who="2" m="36457" /><F101/><N who="1" m="38409" /><E9/><AGARI ba="0,0" hai="4,9,15,24,26,27,88,89,95,96,100" m="36457" machi="9" ten="30,2900,0" yaku="8,1,54,1" doraHai="78" who="2" fromWho="1" sc="327,0,289,-29,250,29,134,0" /><INIT seed="2,1,0,0,4,45" ten="327,260,279,134" oya="2" hai0="13,113,23,118,130,116,100,91,99,127,64,61,3" hai1="106,2,80,74,58,22,78,34,25,109,117,68,70" hai2="86,112,97,42,49,63,32,96,84,7,131,28,126" hai3="0,125,65,11,132,26,129,102,41,121,89,48,30"/><V53/><F112/><W37/><G121/><T103/><D113/><U114/><E109/><V57/><F126/><W55/><G125/><T50/><D127/><U31/><E117/><N who="0" m="45161" /><D130/><U134/><E114/><V18/><F131/><W73/><G129/><T16/><D3/><U128/><E128/><V85/><F7/><W87/><G132/><T9/><D50/><U115/><E115/><V62/><F32/><W5/><G73/><T124/><D124/><U44/><E106/><V15/><F28/><W27/><G102/><N who="0" m="38955" /><D91/><U66/><E2/><V122/><F122/><W59/><G30/><T39/><D99/><N who="2" m="37962" /><F42/><W120/><G120/><T119/><N who="0" m="45169" /><T110/><DORA hai="81" /><D39/><U43/><E134/><V72/><F72/><W38/><G38/><T98/><D98/><U51/><REACH who="1" step="1"/><E34/><REACH who="1" ten="327,250,279,134" step="2"/><V90/><F90/><W111/><G111/><T12/><D110/><U133/><E133/><V17/><F17/><W6/><G6/><N who="0" m="3127" /><D64/><U56/><E56/><V4/><F4/><W40/><G65/><T29/><D29/><U52/><E52/><V8/><AGARI ba="1,1" hai="8,15,18,49,53,57,62,63,84,85,86" m="37962" machi="8" ten="30,12000,1" yaku="8,1,52,4" doraHai="45,81" who="2" fromWho="2" sc="327,-41,250,-41,279,133,134,-41" /><INIT seed="2,2,0,3,5,86" ten="286,209,412,93" oya="2" hai0="121,101,119,74,96,25,65,35,126,107,84,30,59" hai1="114,77,18,98,57,78,13,123,60,50,109,10,55" hai2="135,90,40,80,19,36,11,53,43,89,22,46,23" hai3="54,72,73,103,32,5,1,128,58,99,49,110,42"/><V41/><F135/><W27/><G128/><T15/><D121/><U120/><E114/><V31/><F36/><W91/><G110/><T8/><D74/><U113/><E113/><V67/><F67/><W92/><G1/><T125/><D119/><U108/><E98/><V97/><F80/><W131/><G131/><T133/><D133/><U105/><E105/><V37/><F37/><W93/><G5/><T28/><D28/><U94/><E94/><V26/><F11/><W117/><G117/><T81/><D59/><U134/><E134/><V64/><F64/><W111/><G111/><N who="1" m="42570" /><E60/><V3/><F97/><W34/><G27/><T112/><D65/><U106/><E106/><V70/><F70/><W9/><G9/><T130/><D130/><U21/><E10/><V17/><F3/><W33/><REACH who="3" step="1"/><G42/><REACH who="3" ten="286,209,412,83" step="2"/><T14/><D112/><U0/><E0/><V100/><F41/><W76/><G76/><AGARI ba="2,1" hai="13,18,21,50,55,57,76,77,78,120,123" m="42570" machi="76" ten="30,1000,0" yaku="14,1" doraHai="86" who="1" fromWho="3" sc="286,0,209,26,412,0,83,-16" /><INIT seed="3,0,0,4,1,126" ten="286,235,412,67" oya="3" hai0="76,62,28,65,33,53,0,36,42,95,37,133,83" hai1="61,97,123,63,72,15,96,35,110,21,66,116,128" hai2="34,98,105,118,107,113,20,55,9,134,22,67,39" hai3="16,131,81,78,91,57,117,124,88,122,75,108,3"/><W54/><G117/><T71/><D0/><U44/><E72/><V52/><F39/><W132/><G122/><T125/><D125/><U17/><E123/><V43/><F34/><W14/><G124/><T112/><D133/><U82/><E110/><V29/><F43/><W1/><G132/><T99/><D112/><U24/><E116/><V127/><F29/><W7/><G7/><T87/><D42/><U12/><E12/><V90/><F67/><W119/><G119/><T69/><D69/><U85/><E63/><V84/><F9/><W70/><G70/><T6/><D6/><U79/><E35/><V94/><F107/><W48/><G108/><T102/><REACH who="0" step="1"/><D53/><REACH who="0" ten="276,235,412,67" step="2"/><U58/><E128/><V77/><F55/><W4/><G131/><T104/><D104/><U73/><E73/><V93/><F105/><W121/><G121/><T56/><D56/><U41/><REACH who="1" step="1"/><E15/><REACH who="1" ten="276,225,412,67" step="2"/><V103/><F118/><W50/><G1/><T115/><D115/><U129/><E129/><V45/><F113/><W31/><G31/><T80/><D80/><U10/><E10/><V49/><F127/><W5/><G4/><T100/><D100/><U46/><E46/><V30/><F45/><W11/><REACH who="3" step="1"/><G50/><AGARI ba="0,2" hai="17,21,24,41,44,50,58,61,66,79,82,85,96,97" machi="50" ten="30,3900,0" yaku="1,1,7,1,8,1,53,0" doraHai="126" doraHaiUra="2" who="1" fromWho="3" sc="276,0,225,59,412,0,67,-39" owari="276,-12.4,284,8.4,412,51.2,28,-47.2" /></mjloggm>