<mjloggm ver="2.3"><GO type="225" lobby="0"/><UN n0="%E7%AB%8B%E7%9B%B4%E5%A5%BD%E6%A3%92%40%E5%BF%98" n1="%E6%9D%B1%E9%A2%A8%E3%81%AE%E3%81%8D%E3%82%83%E3%81%B7%E3%81%95%E3%82%93" n2="%72%69%6F%75%63%68%61%6E" n3="%6D%61%74%69%67%75%73%61" dan="17,16,16,17" rate="2136.22,2185.13,2203.97,2154.86" sx="M,M,M,M"/><TAIKYOKU oya="0"/><INIT seed="0,0,0,2,4,86" ten="250,250,250,250" oya="0" hai0="63,124,62,3,43,52,74,87,10,114,2,76,27" hai1="20,77,57,93,61,101,127,65,6,117,31,16,12" hai2="54,96,37,17,75,42,118,72,56,7,80,116,71" hai3="113,5,40,89,49,115,73,109,126,122,51,132,59"/><T44/><D114/><U30/><E127/><V70/><F7/><W125/><G73/><N who="2" m="28233" /><F80/><W13/><G5/><T119/><D119/><N who="2" m="45610" /><F17/><W34/><G13/><T110/><D124/><U98/><E117/><V50/><F96/><W14/><G14/><T90/><D110/><U95/><E77/><V60/><F37/><W102/><G109/><T9/><D74/><U128/><E128/><V64/><F42/><W69/><G40/><T32/><D76/><U47/><E47/><AGARI ba="0,0" hai="47,50,54,56,60,64,70,71" m="45610,28233" machi="47" ten="30,1000,0" yaku="12,1" doraHai="86" who="2" fromWho="1" sc="250,0,250,-10,250,10,250,0" /><INIT seed="1,0,0,4,5,16" ten="250,240,260,250" oya="1" hai0="82,8,17,33,59,14,68,31,98,132,20,10,51" hai1="42,38,77,135,44,129,64,111,53,121,73,69,65" hai2="81,133,87,3,119,50,134,108,26,41,11,71,62" hai3="30,23,88,89,122,91,29,109,93,78,2,115,49"/><U22/><E121/><V1/><F108/><W32/><G122/><T45/><D68/><U123/><E123/><V83/><F119/><W7/><G115/><T117/><D117/><U12/><E111/><V90/><F81/><W56/><G32/><T70/><D70/><U28/><E135/><N who="2" m="51723" /><F11/><W113/><G113/><T96/><D132/><U127/><E127/><V80/><F26/><W128/><G128/><T120/><D120/><U5/><E129/><V107/><F107/><W126/><G78/><T124/><D124/><U18/><E69/><V63/><F80/><W118/><G2/><N who="2" m="521" /><F71/><W48/><G7/><T35/><D35/><U125/><E125/><V6/><F6/><W57/><G126/><T116/><D33/><U74/><E5/><V86/><F86/><W94/><G118/><T40/><D116/><U106/><E106/><V102/><F102/><W19/><G109/><T55/><D82/><U54/><E28/><N who="3" m="10858" /><G94/><T101/><D31/><U84/><E84/><V105/><F105/><W43/><G93/><N who="0" m="58511" /><D98/><U79/><E79/><V47/><AGARI ba="0,0" hai="41,47,50,62,63,83,87,90" m="521,51723" machi="47" ten="40,1500,0" yaku="20,1" doraHai="16" who="2" fromWho="2" sc="250,-4,240,-7,260,15,250,-4" /><INIT seed="2,0,0,0,5,103" ten="246,233,275,246" oya="2" hai0="74,134,67,68,84,26,72,127,92,64,58,79,62" hai1="133,88,60,77,8,129,108,125,124,132,96,34,11" hai2="15,91,70,94,53,95,24,32,69,36,5,75,59" hai3="35,117,104,13,44,4,97,121,61,14,98,2,128"/><V43/><F75/><W65/><G117/><T19/><D127/><N who="1" m="48715" /><E34/><V100/><F100/><W51/><G121/><T50/><D134/><N who="1" m="51819" /><E60/><V112/><F112/><W3/><G128/><T48/><D74/><U135/><N who="1" m="51827" /><U47/><DORA hai="126" /><E47/><V27/><F95/><W55/><G35/><T111/><D72/><U110/><E77/><V101/><F101/><W25/><G25/><T63/><D111/><N who="1" m="42539" /><E129/><V122/><F122/><W81/><G61/><T21/><D79/><U73/><E73/><V83/><F43/><W18/><G44/><T49/><D68/><U71/><E71/><V105/><F36/><W78/><G78/><T16/><D63/><U99/><E88/><V28/><F69/><W130/><G130/><T120/><D120/><U46/><E46/><V86/><F70/><W6/><G65/><T116/><D64/><U114/><E114/><V7/><F59/><W109/><G109/><T56/><D56/><U119/><E119/><V76/><F53/><W0/><G55/><T102/><D116/><U106/><E106/><V45/><F105/><W85/><G104/><T118/><D118/><U31/><E31/><N who="2" m="19559" /><F45/><W93/><G51/><T40/><D40/><U33/><E33/><N who="2" m="20639" /><F76/><N who="3" m="46247" /><G93/><T9/><D102/><U90/><E90/><V30/><F94/><W54/><G54/><T107/><D107/><U123/><E123/><V115/><F30/><W39/><G39/><T42/><D42/><U12/><E12/><V22/><F115/><W66/><G66/><T82/><D92/><U41/><E41/><V20/><F15/><N who="3" m="5643" /><G18/><N who="0" m="12599" /><D9/><AGARI ba="0,0" hai="8,9,11,96,99" m="42539,51827,48715" machi="9" ten="50,8000,1" yaku="28,2,18,1,20,1,14,1" doraHai="103,126" who="1" fromWho="0" sc="246,-80,233,80,275,0,246,0" /><INIT seed="3,0,0,0,2,103" ten="166,313,275,246" oya="3" hai0="99,26,116,81,49,84,66,73,94,96,64,38,77" hai1="133,98,16,135,31,118,19,121,113,6,17,83,55" hai2="62,30,112,45,120,123,101,7,91,126,85,132,104" hai3="127,114,35,18,117,36,46,40,33,76,102,12,130"/><W90/><G114/><T54/><D38/><U82/><E113/><V115/><F7/><W93/><G117/><T86/><D116/><U25/><E118/><V125/><F30/><W72/><G102/><T89/><D26/><U22/><E121/><N who="2" m="46667" /><F62/><W20/><G130/><T34/><D34/><U39/><E39/><V44/><F132/><N who="1" m="50761" /><E6/><V43/><F44/><W78/><G127/><N who="2" m="48649" /><F91/><W15/><G12/><T95/><D73/><U11/><E11/><V97/><F85/><W57/><G57/><T3/><D3/><U48/><E98/><V122/><N who="2" m="46675" /><V61/><DORA hai="92" /><F61/><W56/><G56/><AGARI ba="0,0" hai="16,17,19,22,25,31,48,55,56,82,83" m="50761" machi="56" ten="30,2000,0" yaku="20,1,54,1" doraHai="103,92" who="1" fromWho="3" sc="166,0,313,20,275,0,246,-20" owari="166,-33.4,333,43.3,275,7.5,226,-17.4" /></mjloggm>