<mjloggm ver="2.3"><GO type="225" lobby="0"/><UN n0="%E3%81%BF%E3%81%BF%E3%81%9A" n1="%E3%81%99%E3%81%84%E3%81%BE%E3%81%9B%E3%83%BC%E3%82%93" n2="%E3%81%AF%E3%82%88%E3%81%8A%E3%81%98%E3%81%95%E3%82%93" n3="%E3%81%B5%E3%81%98%E3%81%8B%E3%81%A4" dan="17,17,17,16" rate="2247.09,2240.70,2164.29,2216.25" sx="M,M,M,M"/><TAIKYOKU oya="0"/><INIT seed="0,0,0,4,1,128" ten="250,250,250,250" oya="0" hai0="76,72,68,9,20,12,94,86,96,104,0,30,81" hai1="112,90,62,24,17,65,108,129,27,47,2,45,59" hai2="71,99,39,54,25,31,38,82,32,40,83,46,11" hai3="131,127,123,18,89,6,91,53,100,3,13,33,97"/><T58/><D68/><U66/><E129/><V8/><F38/><W36/><G33/><T85/><D0/><U113/><E108/><V130/><F130/><W50/><G131/><T1/><D1/><U49/><E2/><V93/><F71/><W51/><G36/><T64/><D104/><U116/><E116/><V67/><F67/><W95/><G51/><T70/><D70/><U103/><E66/><V5/><F54/><W109/><G109/><T79/><D20/><U121/><E121/><V74/><F74/><W114/><G127/><T88/><D30/><U87/><E103/><V84/><F5/><W111/><G111/><T98/><D76/><U115/><E17/><V57/><F57/><W117/><G117/><T61/><REACH who="0" step="1"/><D72/><REACH who="0" ten="240,250,250,250" step="2"/><U78/><E78/><V19/><F8/><N who="3" m="4247" /><G3/><T42/><D42/><U21/><E21/><V126/><F126/><W102/><G114/><T15/><D15/><U101/><E115/><V69/><F69/><W80/><G123/><T118/><D118/><U10/><E113/><V22/><F11/><W4/><G4/><AGARI ba="0,1" hai="4,9,12,58,61,64,79,81,85,86,88,94,96,98" machi="4" ten="30,11600,0" yaku="1,1,7,1,8,1,54,1,53,0" doraHai="128" doraHaiUra="134" who="0" fromWho="3" sc="240,126,250,0,250,0,250,-116" /><INIT seed="0,1,0,0,0,104" ten="366,250,250,134" oya="0" hai0="29,97,43,30,18,4,1,34,5,117,105,78,73" hai1="75,114,53,71,106,103,50,65,21,84,64,121,89" hai2="128,90,70,112,123,87,95,39,13,108,9,57,3" hai3="119,36,62,135,88,74,2,42,129,124,12,15,91"/><T118/><D18/><U115/><E121/><V40/><F70/><W85/><G119/><T31/><D34/><U11/><E75/><V49/><F112/><N who="1" m="43049" /><E71/><V131/><F123/><W72/><G2/><T19/><D19/><U63/><E63/><V110/><F3/><W47/><G124/><T134/><D134/><U56/><E11/><V14/><F39/><W96/><G135/><T99/><D43/><U107/><E21/><V122/><F122/><W16/><G129/><N who="2" m="49737" /><F40/><W130/><G12/><N who="2" m="4713" /><F9/><W45/><G130/><T17/><D17/><U22/><E22/><V127/><F127/><W54/><G96/><T6/><D1/><U133/><E133/><V46/><F46/><W100/><G100/><T52/><D52/><AGARI ba="1,0" hai="49,52,57,87,90,95,108,110" m="4713,49737" machi="52" ten="30,2000,0" yaku="19,1,54,1" doraHai="104" who="2" fromWho="0" sc="366,-23,250,0,250,23,134,0" /><INIT seed="1,0,0,2,3,48" ten="343,250,273,134" oya="1" hai0="94,64,37,33,1,59,19,36,78,65,10,132,96" hai1="31,117,107,108,82,9,119,3,67,46,115,105,127" hai2="32,98,43,7,68,104,135,50,0,89,16,51,126" hai3="102,52,42,2,95,17,11,21,4,88,6,14,40"/><U53/><E115/><V26/><F68/><W101/><G6/><T72/><D132/><U122/><E122/><V79/><F135/><W103/><G2/><T100/><D33/><U118/><E127/><V106/><F126/><W81/><G81/><T129/><D129/><U5/><E108/><V62/><F79/><W24/><REACH who="3" step="1"/><G52/><REACH who="3" ten="343,250,273,124" step="2"/><T92/><D1/><U114/><E53/><V60/><F7/><W121/><G121/><T45/><D65/><U38/><E67/><V80/><F80/><W39/><G39/><T66/><D64/><U18/><E82/><V86/><F0/><W22/><G22/><T69/><D36/><U27/><E38/><V13/><F50/><W71/><G71/><T128/><D37/><U57/><E57/><V123/><F51/><W109/><G109/><T12/><D59/><U41/><E46/><V133/><F133/><W90/><G90/><T28/><D45/><U77/><E41/><V76/><F89/><W130/><G130/><T125/><D66/><U73/><E77/><V112/><F76/><W113/><G113/><T15/><D69/><U70/><E70/><V120/><F43/><W97/><AGARI ba="0,1" hai="4,11,14,17,21,24,40,42,88,95,97,101,102,103" machi="97" ten="30,7900,0" yaku="1,1,0,1,8,1,54,1,53,0" doraHai="48" doraHaiUra="63" who="3" fromWho="3" sc="343,-20,250,-39,273,-20,124,89" /><INIT seed="2,0,0,2,4,35" ten="323,211,253,213" oya="2" hai0="75,87,5,102,99,58,13,96,51,113,7,67,80" hai1="37,133,26,88,44,116,22,106,110,135,40,73,65" hai2="43,74,78,109,98,76,20,105,55,47,60,84,82" hai3="34,62,15,14,29,39,17,128,120,36,24,23,31"/><V132/><F132/><N who="1" m="50761" /><E116/><V10/><F109/><W118/><G120/><T38/><D38/><U134/><N who="1" m="50769" /><U124/><DORA hai="42" /><E110/><V121/><F121/><W112/><G118/><T4/><D75/><U19/><E106/><V101/><F10/><W122/><G122/><T21/><D113/><U114/><E73/><V107/><F105/><W53/><G112/><T9/><D21/><U129/><E114/><V30/><F76/><W8/><G128/><T45/><D58/><U63/><E124/><V126/><F126/><W90/><G31/><T69/><D67/><U3/><E3/><V92/><F20/><W104/><G104/><T100/><D69/><N who="1" m="42175" /><E88/><N who="2" m="53255" /><F30/><W27/><G90/><N who="0" m="51559" /><D99/><U61/><E61/><V33/><F33/><W130/><G130/><AGARI ba="0,0" hai="19,22,26,37,40,44,129,130" m="42175,50769" machi="130" ten="40,2600,0" yaku="20,1,52,1" doraHai="35,42" who="1" fromWho="3" sc="323,0,211,26,253,0,213,-26" /><INIT seed="3,0,0,2,2,84" ten="323,237,253,187" oya="3" hai0="3,48,110,125,64,24,102,86,13,55,73,50,69" hai1="131,65,49,23,39,121,27,2,11,56,41,103,17" hai2="7,94,35,18,78,51,38,91,61,22,124,29,67" hai3="53,90,0,32,82,106,101,105,33,96,31,128,95"/><W6/><G128/><T85/><D73/><U81/><E121/><V47/><F38/><W19/><G19/><T119/><D3/><U77/><E131/><V10/><F124/><W37/><G37/><T15/><D102/><U76/><E103/><V123/><F123/><W14/><G0/><T12/><D119/><U129/><E129/><V21/><F35/><W36/><G36/><T120/><D120/><U26/><E26/><V62/><F78/><W99/><G82/><T16/><D64/><U52/><E65/><V89/><F94/><W100/><G53/><T46/><D69/><U20/><E20/><V122/><F122/><W40/><G40/><N who="0" m="24647" /><D110/><U70/><E70/><V93/><F93/><W44/><G44/><N who="0" m="28103" /><D125/><U66/><E66/><V83/><F29/><W54/><G54/><T111/><D111/><U60/><E39/><V112/><F83/><W43/><G43/><T72/><D72/><U63/><E81/><V1/><F112/><W59/><G59/><T87/><D24/><U25/><E27/><V117/><F117/><W133/><G133/><T75/><D75/><U97/><E41/><N who="2" m="25071" /><F62/><W126/><G126/><T108/><D108/><U28/><E63/><V109/><F109/><W4/><G31/><T79/><D79/><N who="1" m="30283" /><E60/><V132/><F132/><W115/><G115/><T57/><D57/><U30/><E97/><V118/><F118/><W104/><G104/><T9/><AGARI ba="0,0" hai="9,12,13,15,16,85,86,87" m="28103,24647" machi="9" ten="30,2000,0" yaku="8,1,54,1" doraHai="84" who="0" fromWho="0" sc="323,20,237,-5,253,-5,187,-10" owari="343,44.3,232,-16.8,248,4.8,177,-32.3" /></mjloggm>