<mjloggm ver="2.3"><GO type="225" lobby="0"/><UN n0="%E3%82%A2%E3%83%BC%E3%83%A2%E3%83%AD%E3%83%BC%E3%83%B4%E3%82%A1" n1="%73%75%7A%75%72%61%6E%65" n2="%E3%81%86%E3%82%8C%E3%81%9F%E3%82%93%E6%9E%95" n3="%73%69%72%6F%75%74" dan="16,16,16,16" rate="2102.37,2068.44,2103.26,2102.21" sx="M,M,F,M"/><TAIKYOKU oya="0"/><INIT seed="0,0,0,1,1,115" ten="250,250,250,250" oya="0" hai0="61,88,76,35,118,33,74,63,130,39,129,75,51" hai1="114,66,104,30,82,45,55,44,120,96,11,8,46" hai2="135,1,102,49,36,99,58,105,13,53,133,131,47" hai3="20,124,112,95,28,110,107,121,134,18,98,10,50"/><T31/><D39/><U119/><E120/><V14/><F131/><N who="0" m="50186" /><D118/><U100/><E114/><V113/><F1/><W70/><G112/><T15/><D51/><U64/><E30/><V6/><F113/><W48/><G70/><T24/><D33/><U73/><E119/><V22/><F6/><W117/><G107/><T52/><D76/><U5/><E55/><V79/><F79/><W77/><G117/><T90/><D15/><U106/><E106/><V62/><F36/><W9/><G110/><T41/><D41/><U3/><E73/><N who="0" m="27657" /><D63/><U93/><E82/><V16/><REACH who="2" step="1"/><F13/><REACH who="2" ten="250,250,240,250" step="2"/><W92/><G77/><T12/><D12/><U122/><E3/><V17/><F17/><W2/><G18/><T37/><D37/><U97/><E5/><V126/><F126/><W80/><G124/><T38/><D38/><U4/><E4/><V71/><F71/><W91/><G2/><T42/><D42/><AGARI ba="0,1" hai="14,16,22,42,47,49,53,58,62,99,102,105,133,135" machi="42" ten="40,2600,0" yaku="1,1,54,1,53,0" doraHai="115" doraHaiUra="127" who="2" fromWho="0" sc="250,-26,250,0,240,36,250,0" /><INIT seed="1,0,0,5,2,93" ten="224,250,276,250" oya="1" hai0="67,75,44,2,100,125,99,38,69,58,130,126,3" hai1="18,87,16,74,7,53,51,117,4,10,56,48,23" hai2="62,116,132,30,131,113,79,39,5,80,1,24,103" hai3="71,70,65,73,84,135,118,54,106,6,42,41,15"/><U32/><E74/><V50/><F116/><W47/><G73/><T85/><D75/><U25/><E117/><V14/><F131/><W91/><G106/><N who="0" m="63775" /><D85/><U102/><E32/><V9/><F132/><W95/><G135/><T121/><D58/><U96/><E87/><V97/><F113/><W72/><G72/><T68/><D130/><U111/><E111/><V107/><F39/><W94/><G71/><N who="0" m="27211" /><D67/><U114/><E114/><V124/><F124/><N who="0" m="47722" /><D121/><U112/><E112/><V33/><F50/><N who="3" m="29023" /><G65/><T57/><D57/><U19/><E51/><V66/><F80/><W59/><G59/><T55/><D55/><U104/><REACH who="1" step="1"/><E4/><REACH who="1" ten="224,240,276,250" step="2"/><V98/><F5/><W0/><G84/><T119/><D119/><U76/><E76/><V37/><F79/><W82/><G6/><T8/><D8/><U92/><E92/><V63/><F37/><W49/><G94/><T31/><D31/><U127/><E127/><V83/><F30/><W115/><G95/><T28/><D28/><U29/><E29/><V110/><F107/><W78/><G78/><T122/><D122/><U134/><E134/><V129/><F33/><W101/><G118/><T109/><D109/><U89/><E89/><V90/><F90/><W11/><G91/><T108/><D108/><U60/><E60/><V40/><F63/><W22/><G115/><T45/><D45/><U34/><E34/><V20/><F62/><W61/><G61/><T21/><D21/><U120/><E120/><V36/><F20/><W26/><G70/><T43/><AGARI ba="0,1" hai="2,3,38,43,44" m="47722,27211,63775" machi="43" ten="40,5200,0" yaku="18,1,23,1,52,1" doraHai="93" who="0" fromWho="0" sc="224,62,240,-26,276,-13,250,-13" /><INIT seed="2,0,0,4,0,57" ten="286,214,263,237" oya="2" hai0="123,64,19,94,43,28,65,52,112,93,33,118,27" hai1="23,1,70,42,99,96,30,86,113,92,46,83,104" hai2="45,9,121,116,3,2,73,130,122,60,91,134,109" hai3="117,44,124,16,22,8,119,56,49,54,85,129,135"/><V59/><F116/><W20/><G124/><T105/><D123/><U106/><E1/><V38/><F130/><W55/><G135/><T103/><D112/><U126/><E113/><V87/><F134/><W78/><G129/><T84/><D43/><U25/><E126/><V39/><F73/><W40/><G55/><T127/><D127/><U26/><E70/><V66/><F109/><W90/><G78/><T102/><D105/><U36/><E26/><V110/><F110/><W132/><G132/><T34/><D19/><U101/><REACH who="1" step="1"/><E96/><REACH who="1" ten="286,204,263,237" step="2"/><V47/><F121/><W15/><G119/><T4/><D27/><U95/><E95/><V75/><F122/><W128/><G117/><T5/><D118/><U51/><E51/><V114/><F114/><W6/><G128/><T79/><D93/><U82/><E82/><V29/><F2/><W53/><G6/><T10/><D94/><U115/><E115/><V69/><F69/><W50/><G40/><T14/><D4/><U133/><E133/><V48/><F48/><W62/><G50/><T68/><D68/><U74/><E74/><V107/><F75/><W21/><G21/><T131/><D131/><U125/><E125/><V88/><F107/><W58/><G44/><T35/><D33/><U24/><E24/><V67/><F3/><W81/><AGARI ba="0,1" hai="8,15,16,20,22,49,53,54,56,58,62,81,85,90" machi="81" ten="20,8000,1" yaku="0,1,7,1,8,1,52,1,54,1" doraHai="57" who="3" fromWho="3" sc="286,-20,204,-20,263,-40,237,90" /><INIT seed="3,0,0,0,3,116" ten="266,184,223,327" oya="3" hai0="38,132,33,124,115,67,26,2,123,84,21,102,95" hai1="8,60,108,45,3,51,58,6,69,14,113,77,25" hai2="121,64,28,100,98,90,30,107,74,19,93,62,9" hai3="23,37,24,57,46,92,85,39,0,68,47,112,35"/><W80/><G68/><T71/><D123/><U134/><E134/><V54/><F74/><W106/><G106/><T16/><D38/><U75/><E108/><V103/><F121/><W63/><G35/><T97/><D2/><U88/><E113/><V43/><F43/><W44/><G0/><T36/><D36/><U119/><E119/><V61/><F54/><N who="3" m="34231" /><G39/><T111/><D124/><U87/><E69/><V48/><F48/><W118/><G37/><T120/><D120/><U72/><E25/><V78/><F78/><N who="3" m="46231" /><G112/><T55/><D33/><U101/><E101/><V94/><F19/><N who="3" m="12415" /><G118/><T7/><D71/><U129/><E129/><V56/><F9/><W29/><G29/><T65/><D132/><U20/><E77/><V13/><F94/><AGARI ba="0,0" hai="44,46,47,92,94" m="12415,46231,34231" machi="94" ten="30,1500,0" yaku="8,1" doraHai="116" who="3" fromWho="2" sc="266,0,184,0,223,-15,327,15" owari="266,6.6,184,-31.6,208,-19.2,342,44.2" /></mjloggm>