<mjloggm ver="2.3"><GO type="225" lobby="0"/><UN n0="%E7%B4%94%E6%BD%94%E3%83%94%E3%83%A9%E3%83%8B%E3%82%A2" n1="%E9%B3%B3%E6%9D%B1%E3%81%AE%E3%81%86%E3%81%95%E3%81%8E%E3%81%95%E3%82%93" n2="%E9%89%A2%E5%B7%BB%E3%82%AC%E3%83%96" n3="%6E%69%63%6B%6C%6F%77" dan="17,17,16,16" rate="2255.85,2278.07,2068.68,2099.79" sx="M,M,M,F"/><TAIKYOKU oya="0"/><INIT seed="0,0,0,3,1,102" ten="250,250,250,250" oya="0" hai0="125,43,46,10,128,42,72,62,79,95,15,6,56" hai1="36,108,65,29,97,2,111,20,63,61,135,5,124" hai2="134,122,113,82,77,1,116,130,50,119,25,91,117" hai3="45,123,16,68,28,105,107,53,118,3,19,18,13"/><T96/><D125/><U44/><E124/><V33/><F1/><W17/><G118/><T112/><D112/><U89/><E135/><V32/><F122/><W52/><G3/><T110/><D128/><U87/><E97/><V86/><F113/><W48/><G123/><T100/><D110/><N who="1" m="42027" /><E29/><V71/><F71/><W12/><G68/><T81/><REACH who="0" step="1"/><D46/><REACH who="0" ten="240,250,250,250" step="2"/><U40/><E65/><AGARI ba="0,1" hai="6,10,15,42,43,56,62,65,72,79,81,95,96,100" machi="65" ten="30,5800,0" yaku="1,1,2,1,7,1,53,0" doraHai="102" doraHaiUra="131" who="0" fromWho="1" sc="240,68,250,-58,250,0,250,0" /><INIT seed="0,1,0,0,4,60" ten="308,192,250,250" oya="0" hai0="42,130,5,80,3,12,112,117,85,95,22,102,14" hai1="29,131,58,86,71,27,118,109,90,72,0,101,64" hai2="35,53,121,45,87,129,135,81,28,120,103,48,100" hai3="89,8,77,108,43,1,122,21,111,62,94,6,110"/><T23/><D112/><U30/><E118/><V75/><F75/><W61/><G77/><T96/><D117/><U66/><E72/><V57/><F129/><W98/><G122/><T76/><D130/><U82/><E131/><V84/><F135/><W128/><G128/><T93/><D3/><U55/><E109/><V59/><F35/><W19/><REACH who="3" step="1"/><G43/><REACH who="3" ten="308,192,250,240" step="2"/><T10/><D42/><U17/><E0/><V113/><F121/><W78/><G78/><T119/><D119/><U73/><E73/><V47/><F120/><W2/><G2/><T68/><D68/><U15/><E71/><V34/><F113/><W39/><G39/><T91/><REACH who="0" step="1"/><D14/><AGARI ba="1,1" hai="1,6,8,14,19,21,61,62,89,94,98,108,110,111" machi="14" ten="40,5200,0" yaku="1,1,14,1,53,1" doraHai="60" doraHaiUra="13" who="3" fromWho="0" sc="308,-55,192,0,250,0,240,65" /><INIT seed="1,0,0,4,1,121" ten="253,192,250,305" oya="1" hai0="113,20,22,89,65,15,23,8,76,43,132,40,57" hai1="21,116,83,72,2,10,45,60,108,11,3,36,96" hai2="28,32,66,52,123,110,27,105,128,125,34,107,50" hai3="88,29,7,31,25,130,69,19,135,5,97,91,54"/><U44/><E116/><V86/><F123/><W98/><G69/><T117/><D113/><U37/><E21/><V81/><F128/><W99/><G130/><T82/><D117/><U114/><E114/><V122/><F122/><W0/><G0/><T26/><D26/><U39/><E60/><V6/><F125/><W92/><G135/><T70/><D70/><U75/><E96/><V30/><F66/><W55/><G19/><T111/><D132/><U112/><E112/><V56/><F6/><N who="3" m="2059" /><G25/><T18/><D89/><N who="3" m="34377" /><G92/><T118/><D118/><U46/><E83/><V17/><F30/><AGARI ba="0,0" hai="29,30,31,54,55,97,98,99" m="34377,2059" machi="30" ten="30,7700,0" yaku="28,2,8,1,54,1" doraHai="121" who="3" fromWho="2" sc="253,0,192,0,250,-77,305,77" /><INIT seed="2,0,0,5,2,81" ten="253,192,173,382" oya="2" hai0="16,48,44,46,49,133,1,97,71,99,78,85,107" hai1="19,134,65,74,12,115,96,101,100,132,13,76,122" hai2="130,23,41,106,113,60,98,8,5,125,118,58,47" hai3="121,103,127,34,67,129,40,112,89,35,93,54,4"/><V53/><F113/><W104/><G121/><T75/><D75/><U120/><E115/><V77/><F118/><W102/><G40/><T61/><D1/><U69/><E74/><V68/><F130/><W126/><G67/><T105/><D71/><U119/><E119/><V62/><F125/><N who="3" m="47627" /><G4/><T38/><D61/><N who="1" m="40111" /><E76/><V66/><F77/><W32/><G104/><T108/><D78/><U33/><E33/><V111/><F111/><W9/><G9/><T73/><D108/><U42/><E42/><V45/><F23/><W27/><G129/><T109/><D109/><U84/><E84/><V90/><F41/><W92/><G92/><T29/><D85/><U124/><E12/><V70/><F70/><W128/><G128/><T80/><D80/><U59/><E59/><V24/><F24/><W83/><G83/><T18/><D73/><U135/><E124/><V28/><F28/><W37/><G37/><T82/><D82/><U116/><E116/><V15/><REACH who="2" step="1"/><F90/><REACH who="2" ten="253,192,163,382" step="2"/><W6/><G27/><T50/><D29/><U22/><E100/><AGARI ba="0,1" hai="5,8,15,45,47,53,58,60,62,66,68,98,100,106" machi="100" ten="40,3900,0" yaku="1,1,2,1,53,0" doraHai="81" doraHaiUra="117" who="2" fromWho="1" sc="253,0,192,-39,163,49,382,0" /><INIT seed="2,1,0,2,5,45" ten="253,153,212,382" oya="2" hai0="55,54,115,62,118,20,56,25,52,75,64,116,17" hai1="80,7,72,87,6,30,127,95,93,112,99,123,36" hai2="60,12,14,82,35,51,96,134,110,29,3,126,73" hai3="132,57,43,122,32,91,68,71,15,49,40,114,84"/><V23/><F3/><W2/><G2/><T124/><D75/><U88/><E36/><V121/><F121/><W89/><G122/><T79/><D79/><U8/><E123/><V58/><F73/><W101/><G32/><T16/><D115/><U1/><E127/><V81/><F35/><W107/><G114/><T44/><D124/><U65/><E112/><V111/><F134/><W59/><G132/><T131/><D131/><U76/><E6/><V48/><F96/><W46/><G68/><T0/><D0/><U129/><E129/><V77/><F77/><W38/><G71/><T67/><D67/><U13/><E65/><V18/><F29/><W41/><G91/><T90/><D44/><U109/><E109/><N who="2" m="41483" /><F12/><W74/><G74/><T24/><D90/><U103/><E1/><V27/><F27/><W4/><G107/><T108/><D108/><U85/><REACH who="1" step="1"/><E72/><REACH who="1" ten="253,143,212,382" step="2"/><V42/><F126/><W66/><G66/><T69/><D69/><U10/><E10/><V83/><F42/><W125/><G41/><T11/><D11/><U39/><E39/><V113/><F113/><W9/><G40/><T63/><D63/><U97/><E97/><V78/><F78/><W102/><G38/><T135/><D135/><U33/><E33/><V47/><F47/><W26/><G125/><T100/><D100/><U22/><E22/><AGARI ba="1,1" hai="16,17,20,22,24,25,52,54,55,56,62,64,116,118" machi="22" ten="40,5200,0" yaku="9,1,54,2" doraHai="45" who="0" fromWho="1" sc="253,65,143,-55,212,0,382,0" /><INIT seed="3,0,0,3,2,87" ten="318,88,212,382" oya="3" hai0="58,110,23,63,81,92,34,120,52,119,44,42,66" hai1="70,24,18,7,40,47,85,126,6,117,106,29,78" hai2="100,112,127,26,43,9,5,21,93,11,49,56,37" hai3="61,115,41,109,108,36,71,82,113,31,118,54,125"/><W32/><G118/><T99/><D34/><U0/><E126/><V38/><F56/><N who="3" m="34967" /><G71/><T128/><D110/><N who="3" m="42601" /><G125/><T2/><D2/><U57/><E106/><V68/><F49/><W86/><G41/><T122/><D128/><U55/><E70/><V4/><F21/><W91/><G36/><T90/><D119/><U111/><E111/><V96/><F26/><AGARI ba="0,0" hai="26,31,32,82,86,91,113,115" m="42601,34967" machi="26" ten="30,5800,0" yaku="14,1,10,1,52,1" doraHai="87" who="3" fromWho="2" sc="318,0,88,0,212,-58,382,58" owari="318,11.8,88,-41.2,154,-24.6,440,54.0" /></mjloggm>