<mjloggm ver="2.3"><GO type="225" lobby="0"/><UN n0="%E3%80%93%E3%81%97%E3%83%BC%E3%82%89%E3%80%93" n1="%6D%75%75%73%61%6E%6D%75" n2="%E6%81%A5%E6%99%92%E3%81%97" n3="%4B%2E%32%2E%4B%2E" dan="16,16,16,16" rate="2175.60,2147.02,2100.19,2151.89" sx="M,F,M,M"/><TAIKYOKU oya="0"/><INIT seed="0,0,0,0,3,15" ten="250,250,250,250" oya="0" hai0="69,55,44,68,28,115,106,30,45,53,110,1,80" hai1="48,63,132,97,79,116,4,5,71,87,27,57,23" hai2="124,70,40,114,43,64,134,81,65,113,83,2,36" hai3="122,12,22,104,109,11,67,56,102,26,39,127,103"/><T33/><D1/><U47/><E116/><V126/><F2/><W85/><G39/><T24/><D106/><U123/><E71/><V98/><F98/><W34/><G34/><T74/><D115/><U117/><E132/><V19/><F70/><W90/><G109/><T50/><D110/><U52/><E123/><V61/><F61/><N who="3" m="38311" /><G104/><T49/><REACH who="0" step="1"/><D30/><REACH who="0" ten="240,250,250,250" step="2"/><N who="1" m="17791" /><E117/><V0/><F0/><W31/><G122/><T7/><D7/><U129/><E129/><V120/><F120/><W10/><G127/><T20/><D20/><U13/><E4/><V88/><F134/><W89/><G10/><T14/><D14/><U108/><E108/><V37/><F19/><N who="3" m="8607" /><G90/><AGARI ba="0,1" hai="36,37,40,43,64,65,81,83,88,90,113,114,124,126" machi="90" ten="25,3200,0" yaku="22,2,54,1" doraHai="15" who="2" fromWho="3" sc="240,0,250,0,250,42,250,-32" /><INIT seed="1,0,0,4,1,126" ten="240,250,292,218" oya="1" hai0="99,48,8,11,61,106,41,56,33,1,17,40,81" hai1="42,58,66,19,9,60,16,85,46,49,78,124,90" hai2="44,20,92,129,103,72,64,30,127,102,50,6,89" hai3="110,101,122,108,55,38,54,114,131,76,22,100,32"/><U109/><E124/><V74/><F127/><W112/><G32/><T98/><D33/><U5/><E109/><N who="3" m="42090" /><G22/><T25/><D81/><U84/><E78/><V95/><F64/><W75/><G38/><T107/><D1/><U28/><E28/><V65/><F65/><W105/><G105/><T113/><D113/><N who="3" m="43625" /><G122/><T53/><D107/><U111/><E111/><V24/><F6/><W135/><G135/><T87/><D87/><U120/><E120/><V2/><F2/><W80/><G131/><T14/><D8/><U118/><E118/><V0/><F0/><W57/><G54/><N who="0" m="33943" /><D25/><U123/><E123/><V94/><F129/><W10/><G10/><T43/><D106/><U18/><REACH who="1" step="1"/><E90/><REACH who="1" ten="240,240,292,218" step="2"/><V130/><F89/><W34/><G34/><T133/><D133/><U37/><E37/><V51/><F74/><W96/><G96/><T93/><D93/><U7/><E7/><V91/><F91/><W73/><G75/><T68/><D68/><U97/><E97/><V36/><F72/><W4/><G4/><T31/><D31/><U88/><E88/><V39/><F36/><W86/><G73/><T59/><AGARI ba="0,1" hai="11,14,17,40,41,43,48,53,59,98,99" m="33943" machi="59" ten="30,1100,0" yaku="8,1" doraHai="126" who="0" fromWho="0" sc="240,21,240,-5,292,-3,218,-3" /><INIT seed="2,0,0,4,2,115" ten="261,235,289,215" oya="2" hai0="59,94,135,16,80,99,114,53,93,91,13,4,19" hai1="50,85,6,109,17,133,111,82,84,55,130,110,124" hai2="24,60,45,15,28,3,68,23,62,51,14,116,38" hai3="129,125,123,18,41,12,35,7,74,5,26,72,61"/><V90/><F3/><W86/><G123/><T21/><D114/><U108/><N who="1" m="27648" /><DORA hai="104" /><U127/><E130/><V79/><F38/><W65/><G129/><T77/><D135/><U36/><E36/><V92/><F116/><W81/><G41/><T107/><D107/><U69/><E133/><V71/><F79/><W106/><G106/><T58/><D4/><U112/><E112/><V47/><F68/><W10/><G125/><N who="1" m="48202" /><E69/><V67/><F60/><W89/><G7/><T27/><D93/><U117/><E117/><V83/><F83/><W100/><G100/><T121/><D121/><U11/><E17/><V87/><REACH who="2" step="1"/><F47/><REACH who="2" ten="261,235,279,215" step="2"/><W25/><G61/><T132/><D132/><U54/><E50/><V57/><F57/><W63/><G63/><T103/><D59/><U1/><E84/><V122/><F122/><W31/><REACH who="3" step="1"/><G65/><REACH who="3" ten="261,235,279,205" step="2"/><T118/><D118/><U34/><E34/><V56/><F56/><W22/><AGARI ba="0,2" hai="5,10,12,18,22,25,26,31,35,72,74,81,86,89" machi="22" ten="30,8000,1" yaku="1,1,2,1,0,1,52,2,53,0" doraHai="115,104" doraHaiUra="120,131" who="3" fromWho="3" sc="261,-20,235,-20,279,-40,205,100" /><INIT seed="3,0,0,1,1,119" ten="241,215,239,305" oya="3" hai0="32,87,59,106,50,134,67,83,98,62,52,23,120" hai1="109,37,34,129,126,26,71,30,27,0,74,17,25" hai2="46,49,11,54,102,64,132,9,112,101,5,96,1" hai3="29,40,103,90,21,114,16,68,57,55,128,105,131"/><W44/><G114/><T61/><D32/><U91/><E71/><V33/><F112/><W15/><G68/><T111/><D111/><U104/><E37/><V79/><F33/><W36/><G90/><T31/><D134/><U53/><E104/><V108/><F108/><W73/><G73/><T99/><D120/><U28/><E74/><V113/><F113/><W116/><G116/><T58/><D106/><U42/><E42/><V43/><F132/><W4/><G4/><T35/><D35/><N who="1" m="20879" /><E91/><V69/><F79/><W2/><G2/><T66/><D31/><N who="1" m="19831" /><E53/><V6/><F54/><W133/><G29/><T121/><D121/><U12/><E109/><V80/><F80/><W13/><G133/><T24/><D24/><U56/><E56/><V93/><F64/><W48/><G13/><T45/><D23/><N who="1" m="15743" /><E129/><N who="3" m="49738" /><G105/><T75/><D75/><U123/><E126/><V130/><F69/><W118/><G118/><T38/><D38/><U85/><E85/><V82/><F82/><W117/><G117/><T51/><D51/><U135/><E135/><V47/><F47/><N who="3" m="23943" /><G103/><T63/><D63/><U110/><E110/><V7/><F130/><W19/><G44/><T10/><D10/><N who="2" m="3594" /><F1/><W86/><G86/><T97/><D97/><U127/><E127/><V107/><F107/><W122/><G48/><T92/><D92/><U70/><E70/><V94/><F94/><W41/><G41/><T8/><D8/><N who="1" m="6279" /><E0/><V84/><F84/><W89/><G55/><T20/><D20/><U88/><E88/><AGARI ba="0,0" hai="5,6,7,43,46,49,88,93,96,101,102" m="3594" machi="88" ten="30,2000,0" yaku="8,1,54,1" doraHai="119" who="2" fromWho="1" sc="241,0,215,-20,239,20,305,0" /><AGARI ba="0,0" hai="45,50,52,58,59,61,62,66,67,83,87,88,98,99" machi="88" ten="30,8000,1" yaku="7,1,9,1,8,1,54,2" doraHai="119" who="0" fromWho="1" sc="241,80,195,-80,259,0,305,0" owari="321,42.1,115,-38.5,259,-14.1,305,10.5" /></mjloggm>