<mjloggm ver="2.3"><GO type="225" lobby="0"/><UN n0="%6B%79%6F%6E%6B%6F%31%31" n1="%E4%B8%89%E5%86%A0%E7%8E%8B%E3%83%BB%E5%B1%B1%E7%94%B0%E5%93%B2%E4%BA%BA" n2="%72%61%6B%33" n3="%E6%98%93%E5%88%A9%E8%96%A9%E4%BC%AF" dan="17,16,16,16" rate="2212.67,2149.30,2120.61,2092.28" sx="M,M,M,F"/><TAIKYOKU oya="0"/><INIT seed="0,0,0,4,2,53" ten="250,250,250,250" oya="0" hai0="127,95,99,14,123,112,41,57,62,42,121,33,76" hai1="114,44,122,0,60,91,29,111,47,71,54,40,52" hai2="73,115,68,97,98,67,49,135,8,94,82,35,23" hai3="78,22,90,113,37,103,125,93,104,126,32,109,108"/><T102/><D112/><U89/><E0/><V4/><F35/><W48/><G37/><T38/><D33/><U85/><E122/><V100/><F115/><W128/><G32/><T116/><D116/><U30/><E114/><V119/><F135/><W45/><G113/><T124/><D76/><U58/><E111/><N who="3" m="42570" /><G22/><T132/><D132/><U12/><E71/><V10/><F119/><W55/><G128/><T28/><D28/><U107/><E107/><V20/><F49/><W21/><G78/><T5/><D14/><U130/><E130/><V61/><F97/><N who="3" m="61551" /><G21/><T88/><D5/><U9/><E54/><V105/><F105/><W110/><N who="3" m="42578" /><W134/><DORA hai="79" /><G134/><T80/><D123/><U69/><E69/><V25/><F20/><W118/><G118/><T7/><D7/><U18/><E91/><V6/><F6/><W3/><G3/><T81/><D121/><U72/><E72/><V56/><F4/><W129/><G129/><T133/><D133/><U17/><E17/><V39/><F68/><W26/><G26/><T50/><D38/><U70/><E70/><V51/><F39/><W46/><G46/><N who="0" m="25935" /><D42/><U66/><E40/><V27/><F27/><W106/><G106/><T43/><D43/><U19/><E19/><V87/><F73/><W1/><G1/><T101/><D101/><U74/><E74/><V24/><F24/><W131/><G131/><T65/><D102/><U31/><REACH who="1" step="1"/><E66/><REACH who="1" ten="250,240,250,250" step="2"/><V59/><F67/><W77/><G77/><T64/><D64/><U84/><E84/><AGARI ba="0,1" hai="45,48,55,84,90,93,125,126" m="61551,42578" machi="84" ten="40,1300,0" yaku="14,1" doraHai="53,79" who="3" fromWho="1" sc="250,0,240,-13,250,0,250,23" /><INIT seed="1,0,0,4,0,131" ten="250,227,250,273" oya="1" hai0="50,45,80,117,76,95,81,36,35,125,49,94,56" hai1="61,3,43,41,15,121,22,64,107,128,16,135,59" hai2="7,108,25,62,47,39,18,102,118,52,67,40,14" hai3="120,77,5,2,109,32,99,34,91,4,115,88,132"/><U60/><E121/><V42/><F108/><W87/><G120/><T21/><D35/><U19/><E128/><V29/><F118/><W96/><G115/><T51/><D117/><U112/><E112/><V79/><F79/><W58/><G77/><T17/><D125/><U90/><E3/><V116/><F116/><W127/><G58/><T74/><D81/><U44/><E107/><V134/><F7/><N who="3" m="2635" /><G87/><T92/><D56/><U26/><E135/><V54/><F134/><W83/><G83/><T57/><D57/><U75/><E75/><V53/><F53/><W84/><G84/><T31/><D31/><U110/><E110/><V85/><F85/><W46/><G46/><T30/><D30/><U63/><E90/><N who="3" m="34346" /><G109/><T129/><D36/><U130/><E130/><V97/><F97/><BYE who="2" /><N who="3" m="37451" /><G2/><T0/><D0/><U12/><E26/><V73/><F73/><W86/><G86/><T8/><D129/><U105/><E105/><V37/><F37/><W10/><G10/><T24/><REACH who="0" step="1"/><D8/><REACH who="0" ten="240,227,250,273" step="2"/><N who="1" m="6151" /><E44/><AGARI ba="0,1" hai="17,21,24,44,45,49,50,51,74,76,80,92,94,95" machi="44" ten="40,1300,0" yaku="1,1,53,0" doraHai="131" doraHaiUra="101" who="0" fromWho="1" sc="240,23,227,-13,250,0,273,0" /><INIT seed="2,0,0,1,3,35" ten="263,214,250,273" oya="2" hai0="31,10,39,69,51,113,129,18,23,15,58,119,56" hai1="110,74,6,4,123,26,81,44,107,131,11,118,95" hai2="124,64,47,1,73,2,91,122,87,71,54,78,79" hai3="92,109,61,72,133,135,97,112,13,28,94,114,108"/><V29/><F29/><W93/><G28/><T34/><D113/><N who="3" m="43625" /><G13/><T117/><D39/><U102/><E118/><N who="0" m="45065" /><D69/><U132/><E110/><N who="3" m="42602" /><G61/><T67/><D129/><U121/><E131/><V85/><F85/><W103/><G72/><T17/><D67/><U49/><E26/><V68/><F68/><W27/><G27/><N who="0" m="18815" /><D51/><U3/><E74/><V76/><F76/><W33/><G33/><T104/><D104/><AGARI ba="0,0" hai="92,93,94,97,103,104,133,135" m="42602,43625" machi="104" ten="40,8000,1" yaku="11,1,14,1,34,2" doraHai="35" who="3" fromWho="0" sc="263,-80,214,0,250,0,273,80" /><INIT seed="3,0,0,1,2,1" ten="183,214,250,353" oya="3" hai0="122,48,49,5,46,89,3,110,16,7,86,63,100" hai1="57,84,60,25,54,107,112,6,77,44,126,76,123" hai2="58,104,78,125,62,53,118,82,28,27,72,109,119" hai3="131,0,80,88,47,39,79,92,98,134,103,56,8"/><W64/><G131/><T50/><D122/><U59/><E112/><V51/><F51/><N who="0" m="19530" /><D3/><U121/><E107/><V66/><F66/><W23/><G23/><T13/><D110/><U45/><E126/><V69/><F69/><W65/><G56/><T30/><D30/><U12/><E123/><V132/><F132/><W87/><G134/><T14/><D63/><N who="1" m="36279" /><E25/><V91/><F91/><W42/><G103/><T20/><D13/><U93/><E121/><V24/><F24/><W73/><G98/><T22/><D22/><U17/><E17/><V115/><F115/><W105/><G105/><UN n2="%72%61%6B%33" /><T2/><D100/><U18/><E18/><V75/><F109/><W130/><G130/><T95/><D2/><U15/><E15/><V83/><F125/><W10/><G10/><T96/><D96/><U94/><E45/><V128/><F104/><W61/><G61/><T41/><AGARI ba="0,0" hai="5,7,14,16,20,41,46,50,86,89,95" m="19530" machi="41" ten="30,7900,0" yaku="8,1,52,2,54,1" doraHai="1" who="0" fromWho="0" sc="183,79,214,-20,250,-20,353,-39" owari="262,6.2,194,-30.6,230,-17.0,314,41.4" /></mjloggm>