<mjloggm ver="2.3"><GO type="225" lobby="0"/><UN n0="%E3%81%A1%E3%82%85%E3%81%86%E3%81%A9%E3%81%8F%E8%B1%A1%E3%81%95%E3%82%93" n1="%E5%B8%86%E7%AB%8B%E5%A4%8F%E8%A1%A3" n2="%E3%83%A1%E3%82%AC%E3%83%87%E3%82%B8" n3="%4C%4F%4C%49%54%41" dan="17,17,16,16" rate="2192.21,2144.84,2137.49,2146.47" sx="M,M,F,F"/><TAIKYOKU oya="0"/><INIT seed="0,0,0,1,1,15" ten="250,250,250,250" oya="0" hai0="37,7,40,28,23,82,113,61,115,77,19,91,54" hai1="96,5,39,107,11,117,50,33,85,104,90,81,99" hai2="112,118,126,59,121,55,30,122,123,35,20,97,106" hai3="68,34,124,73,95,18,2,94,114,3,74,41,89"/><T48/><D7/><U64/><E117/><V22/><F112/><W42/><G114/><T58/><D28/><U38/><E33/><V72/><F72/><W109/><G34/><T6/><D6/><U32/><E32/><V63/><F126/><W135/><G68/><T60/><D91/><U36/><E64/><V111/><F111/><W53/><G109/><T75/><D37/><U31/><E31/><V46/><F118/><W12/><G135/><T105/><D105/><U25/><E25/><V78/><F78/><W127/><G89/><T87/><D75/><U131/><E131/><V44/><F35/><W9/><G12/><T80/><D80/><U133/><E50/><V49/><F46/><W130/><G53/><T79/><D79/><U56/><E56/><V102/><REACH who="2" step="1"/><F30/><REACH who="2" ten="250,250,240,250" step="2"/><W47/><G47/><N who="0" m="25703" /><D115/><U103/><E133/><V66/><AGARI ba="0,1" hai="20,22,44,49,55,59,63,66,97,102,106,121,122,123" machi="66" ten="30,4000,0" yaku="1,1,0,1,53,1" doraHai="15" doraHaiUra="98" who="2" fromWho="2" sc="250,-20,250,-10,240,50,250,-10" /><INIT seed="1,0,0,5,0,114" ten="230,240,290,240" oya="1" hai0="76,134,45,43,64,102,58,11,66,26,111,95,25" hai1="78,67,48,51,80,33,103,85,98,93,18,2,53" hai2="14,100,46,94,84,132,126,97,101,75,133,107,118" hai3="7,44,5,86,106,42,15,34,129,60,105,10,6"/><U62/><E33/><V40/><F126/><W54/><G34/><T92/><D111/><U49/><E2/><V91/><F118/><W41/><G129/><T135/><D76/><U130/><E130/><V24/><F75/><W116/><G116/><T69/><D69/><U55/><REACH who="1" step="1"/><E18/><REACH who="1" ten="230,230,290,240" step="2"/><V104/><F133/><W109/><G6/><T20/><D135/><U131/><E131/><V108/><F132/><W9/><G5/><T82/><D134/><U68/><AGARI ba="0,1" hai="48,49,51,53,55,62,67,68,78,80,85,93,98,103" machi="68" ten="30,6000,0" yaku="1,1,0,1,53,1" doraHai="114" doraHaiUra="99" who="1" fromWho="1" sc="230,-20,230,70,290,-20,240,-20" /><INIT seed="1,1,0,1,0,81" ten="210,300,270,220" oya="1" hai0="66,121,40,13,34,11,14,96,21,86,31,92,33" hai1="62,46,112,20,131,133,90,94,130,100,128,61,4" hai2="113,1,47,135,6,109,42,122,53,118,80,71,104" hai3="49,51,57,35,32,93,116,105,30,48,8,106,54"/><U37/><E112/><V84/><F118/><W15/><G116/><T63/><D121/><U82/><E4/><V26/><F122/><W67/><G67/><T111/><D40/><N who="1" m="22799" /><E133/><V22/><F71/><W52/><G49/><T69/><D111/><U2/><E2/><V36/><F109/><W68/><G68/><T123/><D123/><U108/><E108/><V132/><F104/><W5/><G93/><T7/><D86/><N who="1" m="50519" /><E20/><V73/><F53/><W79/><G79/><T119/><D119/><U65/><E65/><V76/><F84/><W28/><G28/><T97/><D97/><AGARI ba="1,0" hai="61,62,94,97,100,128,130,131" m="50519,22799" machi="97" ten="30,2900,0" yaku="19,1,52,1" doraHai="81" who="1" fromWho="0" sc="210,-32,300,32,270,0,220,0" /><INIT seed="1,2,0,3,5,42" ten="178,332,270,220" oya="1" hai0="2,37,134,41,64,23,35,48,62,65,106,105,99" hai1="24,101,53,14,84,45,83,21,5,90,110,122,50" hai2="108,30,11,126,76,103,58,17,123,113,109,52,89" hai3="10,27,32,9,131,117,112,54,51,133,93,4,22"/><U92/><E122/><V125/><F123/><W116/><G112/><T121/><D35/><U7/><E110/><N who="2" m="42603" /><F30/><W1/><G131/><T43/><D121/><U39/><E39/><V36/><F36/><W68/><G68/><T104/><D2/><U86/><E14/><N who="2" m="7391" /><F113/><W26/><G133/><T118/><D118/><U97/><E86/><V46/><F103/><W114/><G114/><T12/><D134/><U59/><E59/><V135/><F135/><W8/><G93/><T13/><D37/><U71/><E71/><V38/><F89/><W74/><G74/><T72/><D72/><U47/><E47/><V87/><F87/><W88/><G88/><T25/><D99/><U19/><AGARI ba="2,0" hai="5,7,19,21,24,45,50,53,83,84,90,92,97,101" machi="19" ten="20,7800,0" yaku="0,1,7,1,8,1,52,1" doraHai="42" who="1" fromWho="1" sc="178,-28,332,84,270,-28,220,-28" /><INIT seed="1,3,0,4,5,77" ten="150,416,242,192" oya="1" hai0="31,116,49,12,46,89,85,98,99,16,58,60,95" hai1="9,61,107,127,91,44,30,68,100,135,56,108,120" hai2="38,34,36,59,134,96,101,40,20,83,50,117,97" hai3="52,118,54,43,27,72,124,1,125,5,13,11,63"/><U8/><E120/><V87/><F34/><W70/><G118/><T65/><D116/><U81/><E68/><V64/><F134/><W130/><G130/><T128/><D31/><U24/><E135/><V82/><F117/><W105/><G105/><T122/><D122/><U14/><E127/><N who="3" m="48714" /><G43/><T67/><D67/><U103/><E108/><V112/><F97/><W57/><G70/><T23/><REACH who="0" step="1"/><D128/><REACH who="0" ten="140,416,242,192" step="2"/><U109/><E109/><V119/><F64/><N who="3" m="39023" /><G72/><T86/><D86/><U4/><E30/><V129/><F87/><W39/><G39/><T133/><D133/><U102/><E107/><V84/><F84/><W6/><G27/><T41/><AGARI ba="3,1" hai="12,16,23,41,46,49,58,60,65,85,89,95,98,99" machi="41" ten="20,12000,2" yaku="1,1,0,1,7,1,8,1,54,1,53,1" doraHai="77" doraHaiUra="19" who="0" fromWho="0" sc="140,139,416,-63,242,-33,192,-33" /><INIT seed="2,0,0,2,0,55" ten="279,353,209,159" oya="2" hai0="77,13,72,11,41,71,130,26,120,122,14,76,85" hai1="125,47,58,31,10,62,52,35,75,32,43,56,45" hai2="108,24,18,88,109,73,46,36,68,23,115,33,48" hai3="117,39,3,2,54,60,64,21,126,133,86,17,15"/><V6/><F115/><W69/><G117/><T113/><D71/><U111/><E111/><N who="2" m="42571" /><F73/><W29/><G39/><T105/><D105/><U100/><E125/><V107/><F107/><W87/><G126/><T8/><D26/><U81/><E100/><V25/><F68/><W114/><G133/><T131/><D85/><U4/><E31/><N who="2" m="19695" /><F6/><W119/><G119/><T82/><D41/><U95/><E95/><V50/><F88/><W124/><G124/><T70/><D70/><U30/><E30/><V49/><F36/><W53/><G114/><T99/><D99/><U38/><E47/><AGARI ba="0,0" hai="18,23,24,46,47,48,49,50" m="19695,42571" machi="47" ten="30,2900,0" yaku="14,1,10,1" doraHai="55" who="2" fromWho="1" sc="279,0,353,-29,209,29,159,0" /><INIT seed="2,1,0,4,0,0" ten="279,324,238,159" oya="2" hai0="128,44,87,100,82,94,83,52,133,47,84,131,21" hai1="97,42,5,132,69,10,46,70,93,35,41,79,57" hai2="124,33,135,59,60,99,54,77,64,78,8,17,19" hai3="25,14,7,98,30,115,74,111,62,71,26,108,86"/><V107/><F33/><W116/><G74/><T75/><D75/><U3/><E132/><V31/><F135/><W120/><G116/><T125/><D133/><U18/><E79/><N who="2" m="30219" /><F107/><W1/><G120/><T34/><D34/><U81/><E81/><N who="0" m="30729" /><D21/><U119/><E119/><V28/><F124/><W76/><G1/><T80/><D125/><U127/><E35/><V95/><F54/><W121/><G121/><T118/><D118/><U96/><E127/><V24/><F8/><N who="3" m="4383" /><G115/><T58/><D100/><U114/><E114/><V51/><F51/><W103/><G86/><N who="0" m="32811" /><D94/><U16/><E70/><V89/><F24/><W32/><G76/><T12/><D12/><U43/><E69/><V68/><F68/><W134/><G134/><T13/><D13/><U73/><E73/><V117/><F117/><W20/><G20/><T22/><D22/><U110/><E3/><V113/><F113/><W126/><G126/><T104/><D104/><U109/><E10/><V56/><F56/><W27/><G32/><T23/><D23/><U90/><E57/><V49/><F49/><W15/><G15/><T105/><D105/><U29/><E93/><V11/><F11/><W130/><G30/><AGARI ba="1,0" hai="17,19,28,30,31,59,60,64,89,95,99" m="30219" machi="30" ten="30,1500,0" yaku="8,1" doraHai="0" who="2" fromWho="3" sc="279,0,324,0,238,18,159,-18" /><INIT seed="2,2,0,4,2,77" ten="279,324,256,141" oya="2" hai0="129,48,81,15,95,66,79,133,11,7,130,98,52" hai1="46,126,88,24,18,42,89,75,13,116,117,70,33" hai2="26,85,38,92,119,124,115,9,83,101,91,23,8" hai3="113,123,73,72,68,65,14,32,118,96,37,3,135"/><V47/><F115/><W107/><RYUUKYOKU type="yao9" ba="2,0" sc="279,0,324,0,256,0,141,0" hai3="3,14,32,37,65,68,72,73,96,107,113,118,123,135" /><INIT seed="2,3,0,2,4,51" ten="279,324,256,141" oya="2" hai0="116,1,23,60,38,55,118,83,28,122,14,66,124" hai1="97,86,76,89,44,31,50,132,81,105,121,17,91" hai2="78,65,94,68,3,5,115,61,103,59,110,42,29" hai3="114,133,112,100,25,85,75,92,11,22,39,82,26"/><V41/><F115/><W119/><G119/><N who="0" m="45611" /><D122/><U6/><E132/><V111/><F78/><W34/><G133/><T20/><D1/><U107/><E121/><V27/><F68/><W129/><G129/><T125/><D38/><U120/><E120/><V18/><F18/><W48/><G39/><T63/><D83/><U30/><E6/><V98/><F5/><W93/><G75/><T33/><D33/><U79/><E107/><V128/><F3/><W73/><G73/><T54/><D14/><U130/><E130/><V10/><F10/><W0/><G34/><T52/><D28/><N who="1" m="10795" /><E105/><V2/><F2/><W7/><G25/><T131/><D131/><U46/><E17/><V8/><F8/><W134/><G134/><T43/><D43/><N who="1" m="24863" /><E46/><V15/><F15/><W70/><G70/><N who="0" m="42311" /><D63/><U45/><E45/><V49/><F49/><W101/><G112/><T21/><AGARI ba="3,0" hai="20,21,23,52,54,55,124,125" m="42311,45611" machi="21" ten="40,8000,1" yaku="12,1,52,3,54,1" doraHai="51" who="0" fromWho="0" sc="279,89,324,-23,256,-43,141,-23" /><INIT seed="3,0,0,2,1,3" ten="368,301,213,118" oya="3" hai0="18,129,105,32,92,58,100,4,67,102,76,66,26" hai1="24,107,43,19,133,56,17,28,8,41,22,36,80" hai2="65,101,132,113,134,94,37,49,82,64,75,0,20" hai3="23,123,44,29,122,124,95,68,99,61,83,48,114"/><W120/><G114/><T2/><D105/><U111/><E107/><V97/><F37/><W55/><G124/><T127/><D76/><U135/><E80/><V130/><F113/><W70/><G83/><T117/><D117/><U87/><E56/><V42/><F0/><W63/><G29/><T98/><D127/><U118/><E87/><V77/><F130/><W47/><G23/><N who="0" m="13687" /><D32/><N who="1" m="20487" /><E36/><V53/><F20/><W74/><G74/><T50/><D2/><U15/><E43/><V46/><F42/><W90/><REACH who="3" step="1"/><G47/><REACH who="3" ten="368,301,213,108" step="2"/><T103/><D129/><U60/><E22/><V121/><F121/><W93/><G93/><T54/><D92/><U79/><E118/><V78/><F78/><W131/><G131/><T35/><D35/><U110/><E79/><V7/><F134/><W21/><G21/><T40/><D40/><U9/><E41/><V62/><F132/><W71/><AGARI ba="0,1" hai="44,48,55,61,63,68,70,71,90,95,99,120,122,123" machi="71" ten="40,3900,0" yaku="1,1,0,1,53,0" doraHai="3" doraHaiUra="73" who="3" fromWho="3" sc="368,-13,301,-13,213,-13,108,49" /><INIT seed="3,1,0,5,4,1" ten="355,288,200,157" oya="3" hai0="78,42,3,61,55,56,74,99,80,14,57,2,120" hai1="69,24,52,66,75,76,133,94,35,29,9,18,103" hai2="119,5,60,59,68,73,26,92,108,50,95,131,49" hai3="104,135,27,77,11,46,4,98,12,79,84,64,85"/><W34/><G135/><T41/><D120/><U89/><E133/><V67/><F119/><W65/><G46/><T128/><D128/><U28/><E69/><V125/><F73/><W129/><G129/><T101/><D14/><U82/><E66/><V134/><F131/><W71/><G79/><T121/><D121/><U91/><E29/><V81/><F134/><W13/><G13/><T53/><D2/><U31/><E31/><V102/><F68/><W23/><G34/><T19/><D19/><U8/><E103/><V37/><F37/><W118/><G118/><T43/><D3/><U39/><E39/><V21/><F108/><W30/><G71/><T127/><D127/><U17/><E9/><V124/><F81/><W15/><G15/><T106/><D41/><U112/><E112/><V114/><F5/><W72/><G72/><T86/><D74/><U48/><E8/><V7/><F7/><W115/><G115/><T62/><AGARI ba="1,0" hai="42,43,53,55,56,57,61,62,78,80,86,99,101,106" machi="62" ten="20,2700,0" yaku="0,1,7,1,9,1" doraHai="1" who="0" fromWho="0" sc="355,30,288,-8,200,-8,157,-14" owari="385,48.5,280,8.0,192,-20.8,143,-35.7" /></mjloggm>