<mjloggm ver="2.3"><GO type="225" lobby="0"/><UN n0="%E7%BD%AA%E5%88%91%E6%B3%95%E5%AE%9A%E4%B8%BB%E7%BE%A9" n1="%E7%89%B9%E6%9D%B1%E3%81%AF%E4%B8%96%E7%95%8C%E3%82%92%E6%95%91%E3%81%86" n2="%E3%83%A1%E3%82%AC%E3%83%87%E3%82%B8" n3="%E3%81%95%E3%81%8D%E3%81%9F%E3%81%BE%E6%9E%97%E6%AA%8E" dan="16,16,16,16" rate="2162.37,2101.78,2131.51,2114.00" sx="M,M,F,M"/><TAIKYOKU oya="0"/><INIT seed="0,0,0,0,3,15" ten="250,250,250,250" oya="0" hai0="100,47,9,55,34,28,87,27,114,88,127,45,57" hai1="58,115,54,85,2,91,117,11,63,92,43,49,5" hai2="17,4,131,20,111,83,6,26,119,108,86,101,123" hai3="79,97,84,31,121,124,60,37,116,12,110,135,128"/><T80/><D127/><U35/><E117/><V73/><F131/><W24/><G110/><N who="2" m="42025" /><F123/><W82/><G116/><T62/><D114/><U42/><E35/><V68/><F68/><W81/><G124/><T76/><D100/><U51/><E115/><V41/><F119/><W125/><G125/><T102/><D102/><U56/><REACH who="1" step="1"/><E49/><REACH who="1" ten="250,240,250,250" step="2"/><V104/><F73/><W18/><G128/><T3/><REACH who="0" step="1"/><D76/><REACH who="0" ten="240,240,250,250" step="2"/><U90/><E90/><N who="2" m="51551" /><F41/><W16/><G79/><T103/><D103/><U72/><E72/><V112/><F112/><W77/><G77/><T7/><AGARI ba="0,2" hai="3,7,9,27,28,34,45,47,55,57,62,80,87,88" machi="7" ten="30,11700,0" yaku="1,1,0,1,54,1,53,1" doraHai="15" doraHaiUra="33" who="0" fromWho="0" sc="240,137,240,-39,250,-39,250,-39" /><INIT seed="0,1,0,5,5,127" ten="377,201,211,211" oya="0" hai0="3,125,123,78,23,50,35,57,44,61,28,132,109" hai1="39,29,27,21,59,19,73,72,81,26,38,102,30" hai2="71,74,64,6,60,99,107,122,56,93,58,62,10" hai3="110,79,48,47,37,98,20,41,70,77,115,130,111"/><T118/><D123/><U8/><E102/><V68/><F122/><W120/><G120/><T5/><D118/><U100/><E100/><V124/><F74/><W75/><G115/><T4/><D35/><U76/><E73/><V55/><F107/><W63/><G130/><T2/><D125/><U22/><REACH who="1" step="1"/><E59/><REACH who="1" ten="377,191,211,211" step="2"/><V15/><F124/><W97/><G75/><T69/><D57/><U105/><E105/><V108/><F108/><W121/><G111/><T34/><D109/><U66/><E66/><V114/><F114/><W80/><G110/><T90/><D69/><U25/><E25/><V83/><REACH who="2" step="1"/><F83/><REACH who="2" ten="377,191,201,211" step="2"/><W86/><G80/><T52/><D132/><U51/><E51/><V128/><F128/><W31/><G48/><T49/><D50/><U17/><E17/><V1/><F1/><W7/><G121/><T0/><D3/><U88/><E88/><AGARI ba="1,2" hai="6,10,15,55,56,58,60,62,64,68,71,88,93,99" machi="88" ten="30,7700,0" yaku="1,1,7,1,54,1,53,1" doraHai="127" doraHaiUra="91" who="2" fromWho="1" sc="377,0,191,-80,201,100,211,0" /><INIT seed="1,0,0,1,0,93" ten="377,111,301,211" oya="1" hai0="74,26,115,84,76,43,44,123,16,134,42,91,11" hai1="33,12,53,71,92,54,49,102,132,21,114,50,27" hai2="117,88,4,63,101,128,110,111,70,116,99,48,120" hai3="29,69,58,90,103,109,13,130,94,24,51,61,97"/><U113/><E132/><V131/><F120/><W83/><G109/><N who="2" m="41481" /><F4/><W121/><G130/><N who="2" m="49705" /><F48/><W95/><G121/><T52/><D115/><U9/><E71/><V96/><F88/><N who="3" m="55495" /><G69/><T20/><D123/><U127/><E127/><V38/><F38/><W77/><G77/><T80/><D134/><U23/><E33/><V105/><F99/><N who="3" m="57847" /><G103/><T82/><REACH who="0" step="1"/><D11/><REACH who="0" ten="367,111,301,211" step="2"/><U5/><E113/><V2/><F2/><W60/><G83/><T66/><D66/><AGARI ba="0,1" hai="63,66,70,96,101,105,116,117" m="49705,41481" machi="66" ten="30,7700,0" yaku="14,1,19,1,23,1,52,1" doraHai="93" who="2" fromWho="0" sc="367,-77,111,0,301,87,211,0" /><INIT seed="2,0,0,5,4,122" ten="290,111,388,211" oya="2" hai0="26,82,0,2,7,41,104,8,59,36,73,72,99" hai1="38,24,52,34,100,42,130,129,13,28,70,32,120" hai2="78,83,66,3,135,40,117,45,1,49,92,23,111" hai3="90,29,86,84,74,58,60,93,11,54,131,102,56"/><V107/><F107/><W116/><G131/><N who="1" m="50186" /><E120/><V31/><F117/><W10/><G116/><T6/><D59/><U121/><E121/><V5/><F135/><W88/><G74/><T51/><D51/><U17/><E70/><V109/><F66/><W63/><G29/><T94/><D26/><U112/><E100/><V114/><F114/><W126/><G126/><T95/><D104/><U133/><E112/><V16/><F92/><W25/><G25/><T124/><D124/><U69/><E69/><V87/><F31/><W71/><G102/><T15/><D15/><U65/><E65/><V125/><F125/><W48/><G48/><T50/><D50/><U89/><E89/><V98/><F98/><W30/><G30/><T9/><D99/><U35/><E133/><V127/><F127/><W27/><G27/><T97/><D97/><U81/><E81/><V103/><F103/><W85/><G85/><T75/><REACH who="0" step="1"/><D82/><REACH who="0" ten="280,111,388,211" step="2"/><U108/><E24/><N who="2" m="14439" /><F5/><W123/><G71/><T115/><D115/><U64/><E28/><V132/><F132/><W61/><G61/><T37/><D37/><U62/><E38/><V39/><F39/><W113/><G113/><T19/><D19/><U67/><E17/><V80/><F83/><N who="3" m="49183" /><G123/><T46/><AGARI ba="0,1" hai="0,2,6,7,8,9,36,41,46,72,73,75,94,95" machi="46" ten="40,5200,0" yaku="1,1,0,1,9,1,53,0" doraHai="122" doraHaiUra="110" who="0" fromWho="0" sc="280,62,111,-13,388,-26,211,-13" /><INIT seed="3,0,0,5,4,22" ten="342,98,362,198" oya="3" hai0="63,59,132,82,48,1,44,96,70,35,36,113,55" hai1="103,117,34,40,78,16,50,49,37,6,56,21,41" hai2="128,102,30,14,5,83,18,86,58,114,75,122,107" hai3="97,25,64,109,24,72,99,116,66,76,127,69,112"/><W9/><G112/><T106/><D1/><U85/><E117/><V60/><F114/><W104/><G116/><T57/><D113/><U81/><E34/><V119/><F119/><W17/><G72/><T0/><D0/><U91/><E37/><V79/><F128/><W80/><G69/><T120/><D120/><U10/><E103/><V95/><F5/><W68/><G68/><T93/><D132/><U39/><E39/><V129/><F129/><W88/><G104/><T108/><D108/><U28/><E28/><V111/><F111/><W29/><G29/><T32/><D106/><U54/><E50/><V89/><F30/><W84/><G127/><T123/><D123/><U27/><REACH who="1" step="1"/><E78/><REACH who="1" ten="342,88,362,198" step="2"/><V121/><F102/><W67/><G109/><T73/><D70/><U110/><E110/><V134/><F121/><W51/><G51/><T100/><D36/><U20/><E20/><V3/><F79/><W115/><G115/><T23/><D23/><U101/><E101/><V42/><F122/><W130/><G130/><T11/><D11/><U94/><E94/><V7/><F95/><W126/><G76/><N who="0" m="44303" /><D63/><U131/><E131/><V71/><F60/><W133/><G126/><T15/><D15/><AGARI ba="0,1" hai="6,10,15,16,21,27,40,41,49,54,56,81,85,91" machi="15" ten="30,8000,1" yaku="1,1,7,1,8,1,52,1,54,1,53,0" doraHai="22" doraHaiUra="26" who="1" fromWho="0" sc="342,-80,88,90,362,0,198,0" owari="262,6.2,178,-32.2,362,46.2,198,-20.2" /></mjloggm>