<mjloggm ver="2.3"><GO type="225" lobby="0"/><UN n0="%6D%75%75%6D%75%72%61" n1="%72%69%6F%75%63%68%61%6E" n2="%E6%97%A5%E6%9B%9C%E6%97%A5%E3%82%88%E3%82%8A%E3%81%AE%E4%BD%BF%E8%80%85" n3="%E3%81%AF%E3%82%88%E3%81%8A%E3%81%98%E3%81%95%E3%82%93" dan="17,17,17,17" rate="2187.13,2272.92,2142.81,2183.02" sx="F,M,M,M"/><TAIKYOKU oya="0"/><INIT seed="0,0,0,3,1,113" ten="250,250,250,250" oya="0" hai0="65,53,30,45,71,77,129,67,104,0,14,46,89" hai1="41,3,81,51,7,128,19,54,124,31,10,33,131" hai2="87,96,50,110,2,23,111,61,88,43,117,1,55" hai3="101,26,107,29,16,122,18,34,76,17,69,4,112"/><T105/><D0/><U5/><E124/><V36/><F61/><W63/><G112/><T99/><D77/><U120/><E120/><V132/><F96/><N who="3" m="61863" /><G122/><T95/><D129/><N who="1" m="49739" /><E41/><V44/><F23/><W74/><G4/><T42/><D30/><U115/><E115/><V57/><F132/><W48/><G48/><T60/><D67/><U80/><E7/><V108/><REACH who="2" step="1"/><F117/><REACH who="2" ten="250,250,240,250" step="2"/><W133/><G133/><T12/><D104/><U13/><E33/><V37/><F37/><W90/><G63/><T25/><D105/><U82/><E31/><V103/><F103/><W100/><G100/><T73/><D73/><U98/><E98/><V27/><F27/><W116/><G116/><T72/><D72/><U127/><E127/><V97/><F97/><W85/><G74/><T84/><D25/><U35/><E35/><V59/><F59/><W22/><G69/><T93/><D71/><U135/><E135/><V130/><F130/><W56/><G56/><T32/><D32/><U119/><E119/><V79/><F79/><W49/><G76/><T15/><D99/><U83/><N who="1" m="20480" /><DORA hai="91" /><U39/><E39/><V126/><F126/><W109/><G34/><T70/><D70/><U114/><E114/><V38/><F38/><W86/><G29/><T28/><D28/><U40/><E51/><V58/><F58/><W8/><G49/><T125/><D125/><U94/><E54/><V121/><F121/><W75/><G75/><T123/><D123/><U66/><E66/><V6/><F6/><W106/><G106/><T9/><D65/><U20/><E40/><V62/><F62/><RYUUKYOKU ba="0,1" sc="250,-15,250,15,240,15,250,-15" hai1="3,5,10,13,19,20,94" hai2="1,2,36,43,44,50,55,57,87,88,108,110,111" /><INIT seed="1,1,1,1,5,5" ten="235,265,255,235" oya="1" hai0="21,9,19,22,47,120,95,59,55,113,35,87,126" hai1="92,26,10,16,48,11,42,3,43,25,61,135,129" hai2="124,102,69,29,110,2,109,46,70,81,101,30,28" hai3="117,128,133,84,93,112,77,88,56,90,13,108,0"/><U66/><E129/><V45/><F81/><W4/><G112/><T14/><D113/><U41/><E135/><V134/><F2/><W38/><G38/><T54/><D126/><U104/><E104/><V99/><F134/><W24/><G133/><T34/><D120/><U125/><E125/><V20/><F20/><W23/><G0/><T74/><D74/><U1/><E48/><V15/><F15/><W52/><G128/><T39/><D22/><N who="1" m="13511" /><E1/><V107/><F124/><W96/><G108/><N who="2" m="41577" /><F101/><W106/><G117/><T118/><D118/><U127/><E3/><V36/><F36/><W122/><G122/><T78/><D21/><U82/><E127/><V65/><F65/><W6/><G77/><T8/><D8/><N who="1" m="3115" /><E82/><V63/><F63/><N who="3" m="36231" /><G13/><T75/><D75/><U7/><E7/><V80/><F80/><N who="3" m="49159" /><G106/><T116/><D116/><U131/><E131/><V53/><F45/><W123/><G123/><T98/><D34/><U37/><E37/><V64/><F64/><W68/><G68/><T27/><D35/><U50/><E26/><V60/><F60/><W114/><G114/><T49/><D27/><U71/><E50/><AGARI ba="1,1" hai="28,29,30,46,50,53,69,70,99,102,107" m="41577" machi="50" ten="30,1000,0" yaku="14,1" doraHai="5" who="2" fromWho="1" sc="235,0,265,-13,255,23,235,0" /><INIT seed="2,0,0,1,1,104" ten="235,252,278,235" oya="2" hai0="20,131,94,134,31,89,2,96,67,46,61,120,78" hai1="15,43,60,42,52,23,27,33,44,106,74,91,80" hai2="59,1,39,93,56,109,133,82,124,36,0,8,103" hai3="45,54,38,113,129,118,128,119,21,110,97,49,77"/><V16/><F82/><W105/><G110/><T72/><D120/><U55/><E106/><V84/><F103/><W41/><G77/><T17/><D2/><U88/><E33/><V40/><F40/><N who="1" m="15401" /><E74/><V86/><F93/><W102/><G21/><T10/><D131/><N who="3" m="50249" /><G113/><T107/><D134/><U62/><E15/><V4/><F4/><W35/><G35/><T127/><D107/><U22/><E23/><V24/><F24/><W34/><G34/><T47/><D127/><U117/><E117/><V75/><F8/><W65/><G65/><T116/><D116/><U51/><E55/><V73/><F124/><W57/><AGARI ba="0,0" hai="38,41,45,49,54,57,97,102,105,118,119" m="50249" machi="57" ten="30,1100,0" yaku="19,1" doraHai="104" who="3" fromWho="3" sc="235,-3,252,-3,278,-5,235,11" /><INIT seed="3,0,0,1,5,91" ten="232,249,273,246" oya="3" hai0="92,2,119,28,31,40,60,79,35,9,124,32,63" hai1="47,96,81,98,59,13,37,42,77,101,20,76,51" hai2="19,3,23,88,26,39,6,65,109,103,4,126,115" hai3="93,22,62,83,50,8,132,118,43,48,55,120,121"/><W94/><G118/><T46/><D119/><U135/><E135/><V12/><F39/><W75/><G132/><T73/><D124/><U108/><E108/><V18/><F115/><W127/><G127/><T129/><D129/><U34/><E34/><V131/><F126/><W1/><G22/><T25/><D32/><U29/><E13/><V71/><F3/><W104/><G104/><T21/><D35/><U134/><E134/><V113/><F103/><W84/><G75/><T90/><D31/><U70/><E70/><V7/><F113/><W45/><G62/><T72/><D2/><U44/><E59/><V27/><F109/><W130/><G130/><T17/><D73/><U14/><E14/><V57/><F71/><W105/><G105/><T74/><D74/><U78/><E81/><V97/><F131/><W87/><G87/><T0/><D79/><U33/><E33/><V86/><F97/><W30/><G30/><T117/><D72/><U64/><E64/><V110/><F110/><W16/><G120/><T95/><D117/><U41/><REACH who="1" step="1"/><E101/><REACH who="1" ten="232,239,273,246" step="2"/><V125/><F125/><W112/><G1/><T85/><D0/><U10/><E10/><N who="2" m="6423" /><F57/><N who="3" m="32999" /><G112/><T116/><D116/><U66/><E66/><V15/><F65/><W122/><G121/><T54/><D9/><U67/><E67/><V80/><AGARI ba="0,1" hai="4,6,7,15,19,23,26,27,80,86,88" m="6423" machi="80" ten="30,2000,0" yaku="8,1,54,1" doraHai="91" who="2" fromWho="2" sc="232,-5,239,-5,273,30,246,-10" owari="227,-27.3,234,-16.6,303,40.3,236,3.6" /></mjloggm>