<mjloggm ver="2.3"><GO type="225" lobby="0"/><UN n0="%E7%9C%9F%E4%B8%80" n1="%E6%A1%9C%E8%8A%B1%E9%96%83%E3%80%85" n2="%E8%81%B7%E6%A5%AD%E3%80%81%E9%A2%A8%32" n3="%E3%83%A9%E3%83%B3%E3%83%8A%E3%83%BC%E3%83%A9%E3%83%B3%E3%83%8A%E3%83%BC" dan="17,18,16,16" rate="2255.58,2279.50,2117.97,2172.95" sx="M,M,M,M"/><TAIKYOKU oya="0"/><INIT seed="0,0,0,2,2,10" ten="250,250,250,250" oya="0" hai0="57,58,56,106,61,67,8,84,129,85,16,64,33" hai1="107,2,126,108,125,75,119,81,6,112,117,62,71" hai2="113,99,13,116,70,9,79,76,49,55,97,34,47" hai3="92,96,14,111,15,103,5,40,91,53,18,44,121"/><T115/><D115/><U50/><E50/><V39/><F70/><W43/><G111/><T88/><D129/><U60/><E107/><V77/><F34/><W127/><G127/><N who="1" m="48650" /><E108/><V29/><F116/><W68/><G68/><T128/><D106/><U135/><E112/><V100/><F113/><W73/><G73/><T48/><D33/><U83/><E135/><V38/><F29/><W7/><G121/><T51/><D128/><U95/><E95/><V41/><F100/><W11/><G103/><T78/><D78/><N who="1" m="44255" /><E83/><V104/><F104/><W4/><G15/><N who="0" m="7271" /><D85/><U87/><E87/><V94/><F94/><W123/><G123/><T54/><D48/><AGARI ba="0,0" hai="4,5,7,11,14,18,40,43,44,48,53,91,92,96" machi="48" ten="40,2600,0" yaku="8,1,52,1" doraHai="10" who="3" fromWho="0" sc="250,-26,250,0,250,0,250,26" /><INIT seed="1,0,0,1,3,103" ten="224,250,250,276" oya="1" hai0="86,48,74,28,96,21,2,129,133,124,37,15,36" hai1="8,100,73,78,110,40,130,38,128,126,117,51,135" hai2="82,95,29,90,71,72,91,44,113,132,112,58,46" hai3="134,16,63,120,12,23,80,41,19,109,111,52,62"/><U14/><E117/><V107/><F71/><W42/><G120/><T54/><D74/><U11/><E38/><V94/><F29/><W35/><G35/><T18/><D2/><U122/><E122/><V68/><F68/><W39/><G39/><T99/><D129/><N who="1" m="49771" /><E135/><V10/><F10/><W22/><G134/><T32/><D133/><U108/><E126/><V70/><F70/><W116/><G116/><T45/><D124/><U61/><E61/><V50/><F58/><N who="3" m="35143" /><G63/><T64/><D64/><U87/><E73/><V60/><F60/><W104/><G80/><T4/><D37/><U93/><E78/><N who="2" m="44359" /><F107/><W83/><G104/><T0/><D36/><U98/><E87/><N who="2" m="52575" /><F50/><W59/><G83/><T85/><D86/><U102/><E8/><V97/><F132/><W24/><G59/><T89/><D85/><U67/><E67/><V88/><F91/><W25/><G12/><T105/><D89/><N who="1" m="55599" /><E51/><V115/><AGARI ba="0,0" hai="44,46,88,95,97,112,113,115" m="52575,44359" machi="115" ten="30,2000,0" yaku="11,1,54,1" doraHai="103" who="2" fromWho="2" sc="224,-5,250,-10,250,20,276,-5" /><INIT seed="2,0,0,3,3,60" ten="219,240,270,271" oya="2" hai0="110,91,109,80,125,34,132,63,42,50,26,98,95" hai1="90,79,29,76,20,120,13,122,52,40,59,119,27" hai2="93,22,101,8,3,10,19,111,115,28,127,37,12" hai3="104,118,9,77,96,46,78,86,116,48,24,74,114"/><V73/><F37/><W131/><G74/><T25/><D132/><U100/><E119/><V99/><F73/><W89/><G131/><T117/><D125/><U126/><E126/><V32/><F115/><W11/><G24/><T51/><D117/><U16/><E100/><V53/><F127/><W56/><G114/><T107/><D107/><U38/><E90/><V87/><F111/><N who="0" m="42506" /><D25/><U94/><E94/><V124/><F124/><W15/><G104/><T62/><D80/><U66/><E66/><V21/><F32/><W54/><G96/><T130/><D130/><U129/><E129/><V44/><F3/><W71/><G71/><T17/><D42/><U58/><E58/><V72/><F72/><W69/><G69/><T1/><D1/><U7/><E7/><V75/><F75/><W14/><G118/><T65/><D62/><N who="1" m="36199" /><E40/><V67/><F87/><W128/><G128/><T2/><D2/><U68/><E38/><V83/><F83/><N who="3" m="49375" /><G46/><T36/><D36/><U57/><E68/><V88/><F101/><W5/><G116/><T30/><D17/><AGARI ba="0,0" hai="5,9,11,14,15,17,48,54,56,77,78" m="49375" machi="17" ten="30,1000,0" yaku="8,1" doraHai="60" who="3" fromWho="0" sc="219,-10,240,0,270,0,271,10" /><INIT seed="3,0,0,2,0,98" ten="209,240,270,281" oya="3" hai0="66,44,91,45,22,88,94,5,102,9,34,93,90" hai1="77,55,69,73,71,49,114,85,128,87,62,33,2" hai2="56,82,23,65,126,67,132,8,105,122,133,111,131" hai3="95,6,51,53,135,58,109,54,123,15,113,124,75"/><W101/><G113/><T11/><D34/><U84/><E114/><V25/><F111/><W27/><G123/><T81/><D66/><U40/><E33/><V100/><F82/><W26/><G75/><T20/><D81/><U115/><E2/><V104/><F104/><W97/><G124/><T12/><D11/><U37/><E115/><V68/><F68/><W116/><G116/><T42/><D94/><U99/><E99/><N who="2" m="61599" /><F126/><W3/><G3/><T92/><D92/><U0/><E128/><V60/><F131/><W36/><G36/><T21/><REACH who="0" step="1"/><D42/><REACH who="0" ten="199,240,270,281" step="2"/><U112/><E40/><V63/><F8/><N who="3" m="4503" /><G135/><T129/><D129/><U18/><E112/><V50/><F67/><W106/><G106/><T10/><D10/><U29/><E71/><V70/><F65/><W79/><G109/><T103/><D103/><U72/><E69/><V121/><F70/><W86/><G54/><T74/><D74/><U108/><E72/><V52/><F133/><W118/><G118/><T64/><D64/><U32/><E108/><V59/><F132/><W39/><G39/><T117/><D117/><U110/><E37/><V19/><F122/><W1/><G1/><T41/><D41/><U4/><E110/><V107/><F121/><W96/><G97/><AGARI ba="0,1" hai="5,9,12,20,21,22,44,45,88,90,91,93,97,102" machi="97" ten="40,8000,1" yaku="1,1,8,1,52,1,54,1,53,0" doraHai="98" doraHaiUra="134" who="0" fromWho="3" sc="199,90,240,0,270,0,281,-80" /><INIT seed="4,0,0,0,4,17" ten="289,240,270,201" oya="0" hai0="1,92,38,63,8,31,122,18,123,21,41,87,75" hai1="45,130,67,79,11,5,119,121,108,60,73,28,12" hai2="91,25,0,82,111,19,37,126,72,116,22,105,90" hai3="33,115,125,104,47,62,29,89,59,133,71,70,110"/><T42/><D75/><U134/><E121/><V65/><F0/><W26/><G110/><T54/><D31/><U132/><E108/><V27/><F105/><W113/><G104/><T34/><D34/><U57/><E119/><V99/><F37/><W120/><G120/><T83/><D38/><U129/><E45/><V95/><F126/><W50/><G125/><T30/><D30/><U10/><E28/><V53/><F116/><W131/><G89/><T39/><D39/><U76/><E11/><V96/><F72/><W66/><G131/><N who="1" m="50186" /><E73/><V109/><F65/><W114/><REACH who="3" step="1"/><G133/><AGARI ba="0,0" hai="5,10,12,57,60,67,76,79,132,133,134" m="50186" machi="133" ten="30,2000,0" yaku="20,1,19,1" doraHai="17" who="1" fromWho="3" sc="289,0,240,20,270,0,201,-20" /><INIT seed="5,0,0,1,1,89" ten="289,260,270,181" oya="1" hai0="60,80,3,29,23,72,85,132,0,135,108,27,134" hai1="116,2,125,103,93,66,126,32,77,94,99,95,90" hai2="122,70,52,34,115,123,49,64,14,102,113,36,107" hai3="7,11,117,105,5,129,88,21,91,10,51,69,13"/><U17/><E116/><V65/><F36/><W26/><G105/><T133/><D108/><U31/><E2/><V37/><F37/><W109/><G129/><T86/><D135/><U28/><E77/><V53/><F34/><W4/><G69/><T97/><D60/><U56/><E17/><V22/><F102/><W118/><G109/><T18/><D97/><N who="1" m="57527" /><E32/><V74/><F107/><W111/><G111/><T82/><D72/><U96/><E66/><N who="2" m="25707" /><F74/><W46/><G117/><T121/><D121/><N who="2" m="46090" /><F70/><W40/><G118/><T30/><D0/><U84/><E84/><N who="0" m="32361" /><D3/><U98/><E98/><V57/><F14/><W58/><G58/><T131/><D131/><U45/><E56/><N who="2" m="32783" /><F22/><W41/><G41/><T127/><D127/><N who="1" m="48651" /><E45/><V71/><F71/><W55/><G40/><T101/><D101/><AGARI ba="0,0" hai="28,31,94,95,96,99,101,103" m="48651,57527" machi="101" ten="30,11600,0" yaku="18,1,52,3" doraHai="89" who="1" fromWho="0" sc="289,-116,260,116,270,0,181,0" owari="173,-32.7,376,47.6,270,7.0,181,-21.9" /></mjloggm>