<mjloggm ver="2.3"><GO type="225" lobby="0"/><UN n0="%E5%A4%8F%E9%88%B4%E9%88%B4%E5%A4%8F" n1="%E3%81%AF%E3%82%88%E3%81%8A%E3%81%98%E3%81%95%E3%82%93" n2="%6D%75%75%6D%75%72%61" n3="%72%69%6F%75%63%68%61%6E" dan="16,17,16,16" rate="2126.28,2222.07,2078.04,2161.41" sx="M,M,F,M"/><TAIKYOKU oya="0"/><INIT seed="0,0,0,2,2,20" ten="250,250,250,250" oya="0" hai0="76,104,19,96,101,88,83,23,102,67,110,91,3" hai1="55,27,108,87,11,0,17,123,51,116,94,115,114" hai2="56,63,84,132,9,89,125,6,44,43,111,112,100" hai3="15,98,28,90,109,61,4,30,12,68,121,34,77"/><T32/><D32/><U29/><E116/><V35/><F112/><N who="1" m="43049" /><E123/><V131/><F111/><W92/><G109/><T54/><D110/><U129/><E108/><V118/><F131/><W1/><G121/><T65/><D3/><U126/><E129/><V7/><F125/><W59/><G68/><T26/><D102/><U31/><E126/><V135/><F35/><W80/><G1/><T49/><D65/><U71/><E71/><V70/><F100/><W62/><G61/><T82/><D67/><U133/><E133/><V58/><F58/><W13/><G4/><T21/><D23/><N who="1" m="13807" /><E87/><V50/><F70/><W8/><G8/><T93/><D104/><U81/><E94/><V74/><F74/><W105/><G105/><T46/><REACH who="0" step="1"/><D83/><REACH who="0" ten="240,250,250,250" step="2"/><U113/><E81/><V14/><F118/><W103/><G103/><T72/><AGARI ba="0,1" hai="19,21,26,46,49,54,72,76,82,88,91,93,96,101" machi="72" ten="20,18000,2" yaku="1,1,2,1,0,1,7,1,52,1,54,1,53,1" doraHai="20" doraHaiUra="106" who="0" fromWho="0" sc="240,190,250,-60,250,-60,250,-60" /><INIT seed="0,1,0,2,0,80" ten="430,190,190,190" oya="0" hai0="83,85,129,7,105,18,71,67,1,88,107,45,36" hai1="10,61,70,55,38,50,24,13,77,20,25,112,28" hai2="95,113,110,68,123,98,124,109,23,99,63,21,120" hai3="9,27,58,119,49,29,65,132,108,15,2,128,90"/><T101/><D129/><U19/><E38/><V5/><F113/><W39/><G119/><T92/><D7/><U75/><E112/><V30/><F5/><W102/><G128/><T51/><D1/><U56/><E75/><V115/><F115/><W44/><G108/><N who="2" m="41577" /><F124/><W46/><G132/><T116/><D36/><U78/><E70/><V54/><F30/><W84/><G2/><T131/><D116/><U26/><E26/><V74/><F74/><W3/><G3/><T122/><D122/><U48/><E48/><V111/><N who="2" m="41585" /><V73/><DORA hai="118" /><F73/><W81/><G39/><T89/><D131/><U8/><E8/><V4/><F4/><W114/><G114/><T33/><D33/><U106/><E106/><V31/><F98/><W64/><G102/><T117/><D101/><U87/><E25/><N who="2" m="16815" /><F23/><N who="3" m="15615" /><G58/><T103/><D117/><U94/><E50/><V34/><F34/><W11/><G44/><T40/><D51/><U121/><E121/><V127/><F127/><W135/><G135/><T134/><D45/><U59/><E56/><N who="2" m="35223" /><F68/><W133/><G133/><T79/><D134/><U62/><E61/><V130/><F130/><W6/><G9/><T47/><D47/><U41/><E41/><AGARI ba="1,0" hai="6,11,15,41,46,49,64,65,81,84,90" m="15615" machi="41" ten="30,2000,0" yaku="8,1,52,1" doraHai="80,118" who="3" fromWho="1" sc="430,0,190,-23,190,0,190,23" /><INIT seed="1,0,0,4,2,84" ten="430,167,190,213" oya="1" hai0="98,9,105,52,118,75,90,93,122,102,135,51,96" hai1="53,23,127,65,33,61,27,24,78,48,97,120,46" hai2="17,58,63,67,86,92,108,56,82,132,29,44,49" hai3="123,99,15,1,10,129,83,116,59,36,57,22,128"/><U39/><E120/><V50/><F108/><W114/><G123/><T126/><D122/><U130/><E127/><V11/><F132/><W2/><G114/><T31/><D118/><U62/><E130/><N who="3" m="50282" /><G116/><T87/><D75/><U28/><E78/><V71/><F29/><W45/><G22/><T117/><D117/><U89/><E39/><V94/><F58/><N who="3" m="22027" /><G99/><N who="0" m="59759" /><D105/><U19/><REACH who="1" step="1"/><E65/><REACH who="1" ten="430,157,190,213" step="2"/><V43/><F67/><W111/><G111/><T34/><D126/><U80/><E80/><V18/><F82/><W85/><G36/><T21/><D135/><U112/><E112/><V107/><F63/><W95/><G95/><AGARI ba="0,1" hai="19,23,24,27,28,33,46,48,53,61,62,89,95,97" machi="95" ten="40,3900,0" yaku="1,1,52,1,53,0" doraHai="84" doraHaiUra="38" who="1" fromWho="3" sc="430,0,157,49,190,0,213,-39" /><INIT seed="1,1,0,1,0,60" ten="430,206,190,174" oya="1" hai0="121,27,4,107,0,114,63,66,80,124,58,98,110" hai1="87,1,18,45,79,3,126,9,118,94,85,38,95" hai2="61,77,73,76,24,135,69,28,32,106,35,72,56" hai3="44,93,2,89,57,7,36,67,42,108,127,5,83"/><U37/><E118/><V19/><F135/><W100/><G108/><T91/><D114/><U8/><E18/><V116/><F116/><W81/><G127/><T21/><D0/><U71/><E45/><V120/><F120/><W103/><G83/><T23/><D4/><U20/><E20/><V97/><F35/><W17/><G81/><T115/><D107/><U78/><REACH who="1" step="1"/><E71/><REACH who="1" ten="430,196,190,174" step="2"/><V119/><F69/><W125/><G17/><T123/><D21/><U51/><E51/><V131/><F119/><W70/><G70/><T122/><D23/><U109/><E109/><V16/><F19/><W128/><G125/><AGARI ba="1,1" hai="1,3,8,9,37,38,78,79,85,87,94,95,125,126" machi="125" ten="25,4800,0" yaku="1,1,22,2,53,0" doraHai="60" doraHaiUra="111" who="1" fromWho="3" sc="430,0,196,61,190,0,174,-51" /><INIT seed="1,2,0,1,5,117" ten="430,257,190,123" oya="1" hai0="1,109,48,65,54,39,47,130,38,53,24,8,17" hai1="13,10,6,41,18,7,133,21,118,107,34,30,49" hai2="93,129,95,89,3,46,23,132,128,5,68,78,134" hai3="102,135,73,60,91,87,15,121,16,115,131,103,57"/><U100/><E118/><V66/><F68/><W85/><G115/><T72/><D72/><U126/><E126/><V11/><F66/><W124/><G73/><T31/><D65/><U127/><E127/><V71/><F71/><W111/><G124/><T70/><D70/><U122/><E122/><V123/><F78/><W27/><G111/><T104/><D104/><U120/><E120/><V25/><F46/><W2/><G2/><T106/><D106/><U92/><E107/><V67/><F67/><W113/><G113/><T55/><D130/><N who="2" m="50282" /><F123/><W108/><G108/><T64/><D64/><U44/><E34/><V84/><F93/><N who="3" m="54511" /><G131/><T75/><D75/><U37/><E133/><V80/><F95/><W45/><G121/><T90/><D90/><U69/><E37/><V52/><F52/><N who="3" m="33831" /><G135/><T36/><D109/><U79/><E69/><V61/><F61/><W112/><G112/><T125/><D125/><U33/><E33/><V40/><F40/><W77/><G27/><T99/><D99/><N who="1" m="59495" /><E79/><V4/><F4/><W96/><G96/><T42/><D38/><U59/><E59/><V82/><F80/><N who="3" m="47503" /><G45/><T97/><D36/><U43/><E41/><V14/><F3/><W12/><G12/><N who="0" m="7303" /><D1/><U110/><E110/><V76/><F76/><W114/><G114/><T88/><D39/><U32/><E32/><V22/><F25/><AGARI ba="2,0" hai="6,7,10,13,18,21,25,30,43,44,49" m="59495" machi="25" ten="30,1500,0" yaku="8,1" doraHai="117" who="1" fromWho="2" sc="430,0,257,21,190,-21,123,0" /><INIT seed="1,3,0,5,0,101" ten="430,278,169,123" oya="1" hai0="117,70,54,49,60,65,57,108,135,37,77,53,20" hai1="8,21,118,112,122,61,51,119,5,81,120,106,7" hai2="92,116,17,133,42,55,105,78,100,74,87,115,2" hai3="30,96,109,75,4,46,103,52,104,9,36,69,26"/><U90/><E106/><V126/><F116/><W80/><G109/><T82/><D117/><U14/><E112/><V99/><F115/><W95/><G69/><T73/><D37/><U76/><E118/><V28/><F2/><N who="3" m="151" /><G52/><T130/><D108/><U1/><E119/><V24/><F42/><N who="3" m="22855" /><G95/><T113/><D113/><U64/><E90/><V50/><F17/><W62/><G62/><T3/><D3/><U47/><E7/><V56/><F126/><W93/><G93/><T48/><D130/><U13/><E21/><V121/><F133/><W18/><G18/><T131/><D131/><U66/><E13/><V25/><F121/><W111/><G111/><T83/><D135/><U125/><E125/><V123/><F123/><W12/><G12/><T127/><D127/><U86/><E64/><V134/><F134/><W19/><G19/><T15/><D20/><U129/><E129/><V128/><F128/><W84/><G84/><T71/><D15/><U124/><E1/><V88/><F28/><W132/><G132/><T33/><D33/><U23/><E23/><V91/><F91/><W79/><G26/><T22/><D22/><U44/><E44/><V97/><F99/><N who="3" m="61567" /><G30/><T63/><D71/><U58/><REACH who="1" step="1"/><E124/><REACH who="1" ten="430,268,169,123" step="2"/><V39/><F39/><W0/><G0/><T10/><D65/><U114/><E114/><V43/><F43/><AGARI ba="3,1" hai="5,8,14,43,47,51,58,61,66,76,81,86,120,122" machi="43" ten="30,11600,0" yaku="1,1,7,1,25,2,53,0" doraHai="101" doraHaiUra="27" who="1" fromWho="2" sc="430,0,268,135,169,-125,123,0" /><INIT seed="1,4,0,2,3,120" ten="430,403,44,123" oya="1" hai0="107,97,50,47,96,34,110,76,66,32,33,77,105" hai1="65,10,69,72,55,38,70,39,81,1,42,6,104" hai2="56,102,67,80,98,108,111,60,89,36,88,86,61" hai3="29,115,41,100,59,113,119,112,84,30,52,12,71"/><U79/><E55/><V133/><F36/><W68/><G119/><T87/><D66/><U85/><E85/><V40/><F40/><W23/><G100/><T27/><D110/><N who="2" m="42026" /><F133/><W0/><G0/><T43/><D27/><U3/><E3/><V124/><F124/><W78/><G41/><T35/><D35/><U121/><E121/><V123/><F123/><W45/><G45/><T130/><D130/><U122/><E122/><V116/><F116/><W117/><G117/><T92/><D97/><U129/><E129/><V14/><F14/><W2/><G2/><T64/><D64/><U95/><E95/><N who="2" m="58719" /><F61/><W28/><G12/><T11/><D11/><U131/><E131/><V101/><F101/><W127/><G127/><T9/><D9/><U31/><E42/><V128/><F128/><W26/><G84/><T132/><D132/><U4/><E39/><V118/><F118/><W109/><G109/><T114/><D87/><U49/><E38/><V46/><F46/><W94/><G94/><T99/><D99/><U82/><E10/><V53/><F53/><W20/><G78/><AGARI ba="4,0" hai="56,60,67,78,80,86,88,89" m="58719,42026" machi="78" ten="30,8000,1" yaku="14,1,52,3,54,1" doraHai="120" who="2" fromWho="3" sc="430,0,403,0,44,92,123,-92" /><INIT seed="2,0,0,0,2,24" ten="430,403,136,31" oya="2" hai0="70,9,81,123,35,108,78,17,48,120,4,113,21" hai1="41,87,75,34,14,104,105,30,132,67,117,106,49" hai2="38,133,6,2,57,64,73,124,99,28,84,20,92" hai3="32,18,116,11,60,68,42,5,119,86,125,74,59"/><V94/><F73/><W51/><G74/><T63/><D35/><U97/><E117/><V80/><F38/><W25/><G125/><T121/><D113/><U79/><E132/><V43/><F43/><W62/><G68/><T98/><D108/><U16/><E75/><V107/><F124/><W19/><G86/><T65/><D48/><U56/><E97/><V36/><F36/><W52/><G119/><T31/><D31/><U53/><E67/><V96/><F133/><W39/><G116/><T115/><D115/><U8/><E41/><V7/><F107/><W112/><G112/><T126/><D126/><U13/><E13/><V47/><F47/><W89/><G89/><T83/><D98/><U40/><E40/><V29/><F2/><W1/><G39/><T134/><D78/><U71/><E71/><V23/><F64/><W128/><G128/><T45/><D45/><U131/><E131/><V91/><F57/><W27/><G27/><T33/><D33/><U114/><E114/><V58/><F58/><W122/><G122/><T66/><D66/><U111/><E111/><V69/><F69/><W12/><G42/><T85/><D85/><U88/><E79/><V26/><F84/><W118/><G118/><T109/><D109/><U135/><E135/><V46/><F46/><W37/><G37/><T103/><D134/><U44/><E44/><V54/><F26/><W10/><REACH who="3" step="1"/><G18/><REACH who="3" ten="430,403,136,21" step="2"/><T93/><D121/><U101/><E87/><V3/><F91/><W110/><G110/><T100/><D120/><U61/><E88/><N who="2" m="55303" /><F80/><W0/><G0/><T90/><D123/><RYUUKYOKU ba="0,1" sc="430,-10,403,-10,136,-10,21,30" hai3="1,5,10,11,12,19,25,32,51,52,59,60,62" /><INIT seed="3,1,1,3,2,131" ten="420,393,126,51" oya="3" hai0="105,77,0,135,86,35,71,20,124,123,85,8,72" hai1="82,134,109,45,42,44,114,117,36,10,62,21,59" hai2="107,57,4,13,7,56,46,1,70,23,64,99,113" hai3="16,26,29,96,63,38,18,101,67,84,118,28,61"/><W91/><G118/><T75/><D35/><U17/><E114/><V47/><F1/><W43/><G38/><T53/><D71/><U58/><E117/><V15/><F70/><W80/><G43/><T14/><D105/><U115/><E115/><V116/><F107/><W51/><G51/><T76/><D0/><U102/><E109/><V11/><F113/><W83/><G83/><T22/><D75/><U120/><E120/><V93/><F116/><W32/><G28/><T34/><D34/><U98/><E134/><V66/><F57/><W121/><G121/><T49/><D124/><U95/><E45/><N who="2" m="16907" /><F56/><W130/><G130/><T2/><D2/><U132/><E132/><V104/><F104/><N who="3" m="63527" /><G61/><T129/><D135/><U9/><E82/><V31/><F31/><W122/><G122/><T100/><D129/><U94/><E95/><V19/><F4/><W111/><G111/><T97/><D123/><U128/><E128/><V69/><F69/><AGARI ba="1,1" hai="16,18,26,29,32,63,67,69,80,84,91" m="63527" machi="69" ten="30,2900,0" yaku="25,1,54,1" doraHai="131" who="3" fromWho="2" sc="420,0,393,0,126,-32,51,42" /><INIT seed="3,2,0,5,2,115" ten="420,393,94,93" oya="3" hai0="94,66,10,59,44,77,24,12,75,87,101,2,55" hai1="41,11,89,133,26,61,90,42,121,71,63,97,120" hai2="0,19,110,48,118,17,96,58,88,114,1,99,18" hai3="46,57,122,39,69,128,29,15,28,49,25,127,9"/><W53/><G122/><N who="1" m="47210" /><E11/><V80/><F118/><W62/><G127/><T124/><D2/><U83/><E26/><V27/><F110/><W20/><G128/><T86/><D124/><U74/><E71/><V103/><F27/><W104/><G104/><T112/><D112/><U130/><E61/><V106/><F114/><W8/><G29/><T79/><D66/><U76/><E63/><V91/><F91/><N who="1" m="34825" /><E41/><V73/><F96/><W95/><G95/><T72/><D44/><U23/><E42/><V68/><F68/><W78/><G78/><N who="0" m="29707" /><D24/><U4/><E4/><V6/><F6/><W30/><G39/><T70/><D70/><U92/><E23/><V119/><F119/><W22/><G69/><T14/><D72/><U56/><E56/><V5/><F5/><N who="3" m="3471" /><G9/><T117/><D75/><U135/><E130/><V43/><F73/><W84/><G84/><N who="0" m="32299" /><D10/><U16/><E16/><V132/><F1/><W125/><G125/><T67/><D67/><U113/><E113/><V82/><F0/><W129/><G129/><T3/><D3/><U36/><E36/><V93/><F19/><N who="3" m="12447" /><G22/><T65/><D117/><U7/><E7/><V109/><F109/><W107/><G107/><T111/><D111/><U102/><AGARI ba="2,0" hai="74,76,83,92,97,102,133,135" m="34825,47210" machi="102" ten="30,2000,0" yaku="34,2" doraHai="115" who="1" fromWho="1" sc="420,-7,393,26,94,-7,93,-12" owari="413,21.3,419,51.9,87,-31.3,81,-41.9" /></mjloggm>