<mjloggm ver="2.3"><GO type="225" lobby="0"/><UN n0="%6D%75%75%6D%75%72%61" n1="%72%65%6E%6B%75%6E" n2="%E3%81%86%E3%82%8C%E3%81%9F%E3%82%93%E6%9E%95" n3="%E6%97%A5%E6%9B%9C%E6%97%A5%E3%82%88%E3%82%8A%E3%81%AE%E4%BD%BF%E8%80%85" dan="16,17,16,18" rate="2213.13,2309.26,2062.78,2148.47" sx="F,M,F,M"/><TAIKYOKU oya="0"/><INIT seed="0,0,0,0,1,91" ten="250,250,250,250" oya="0" hai0="14,33,108,29,57,11,126,32,93,82,113,124,98" hai1="110,69,112,51,47,65,35,60,87,23,38,74,92" hai2="89,118,81,67,6,59,100,4,102,24,45,27,106" hai3="28,96,104,117,25,73,22,53,52,30,63,36,131"/><T101/><D113/><U123/><E35/><V107/><F118/><W19/><G117/><T115/><D115/><U68/><E74/><V40/><F89/><W75/><G36/><T12/><D108/><U9/><E38/><V64/><F81/><W72/><G131/><T54/><D82/><U46/><E123/><V18/><F59/><W26/><G63/><T121/><D121/><U43/><E112/><V119/><F119/><W134/><G134/><T13/><D11/><U7/><E110/><V61/><F61/><W83/><G83/><T79/><D79/><U8/><E23/><V105/><F18/><W2/><G2/><T109/><D109/><U15/><E47/><V122/><F122/><W44/><G44/><T55/><D55/><U103/><E8/><V84/><F84/><W111/><G111/><T99/><D99/><U133/><E133/><V39/><F27/><W0/><G0/><T34/><REACH who="0" step="1"/><D29/><REACH who="0" ten="240,250,250,250" step="2"/><U62/><E62/><AGARI ba="0,1" hai="12,13,14,32,33,34,54,57,62,93,98,101,124,126" machi="62" ten="50,9600,0" yaku="1,1,2,1,52,1,53,0" doraHai="91" doraHaiUra="80" who="0" fromWho="1" sc="240,106,250,-96,250,0,250,0" /><INIT seed="0,1,0,0,0,14" ten="346,154,250,250" oya="0" hai0="13,46,4,86,114,3,125,99,116,113,76,121,19" hai1="48,119,24,131,56,87,104,132,39,28,11,94,109" hai2="91,52,43,118,20,112,128,15,53,106,111,37,115" hai3="29,0,78,126,124,93,49,85,79,90,60,82,1"/><T117/><D46/><U105/><E39/><V133/><F111/><W69/><G29/><T97/><D121/><U12/><E119/><V75/><F128/><W96/><G79/><T17/><D76/><U88/><E109/><V2/><F133/><W66/><REACH who="3" step="1"/><G49/><REACH who="3" ten="346,154,250,240" step="2"/><T33/><D117/><U70/><E131/><V100/><F118/><W41/><G41/><T34/><D116/><U77/><E132/><V71/><F43/><W57/><G57/><T21/><D114/><U36/><E36/><V120/><F37/><W92/><G92/><T98/><D113/><U129/><E129/><V67/><F115/><W51/><G51/><T47/><D47/><U61/><E48/><V54/><F112/><W65/><G65/><T6/><D34/><U26/><E70/><V73/><F71/><W84/><G84/><T134/><D33/><U25/><E77/><V63/><F67/><W107/><G107/><T83/><D134/><U35/><E104/><V127/><F106/><W103/><G103/><T9/><D125/><AGARI ba="1,1" hai="0,1,60,66,69,78,82,85,90,93,96,124,125,126" machi="125" ten="40,2600,0" yaku="1,1,18,1,53,0" doraHai="14" doraHaiUra="40" who="3" fromWho="0" sc="346,-29,154,0,250,0,240,39" /><INIT seed="1,0,0,0,1,130" ten="317,154,250,279" oya="1" hai0="34,16,2,115,120,43,19,15,77,51,104,69,127" hai1="59,13,57,74,3,58,41,37,108,106,52,56,14" hai2="113,91,21,80,71,119,61,63,76,53,129,5,121" hai3="117,133,8,35,29,84,40,0,49,125,65,64,25"/><U114/><E3/><V54/><F129/><W36/><G36/><T4/><D115/><U67/><E74/><V109/><F119/><W95/><G125/><T27/><D69/><U7/><E106/><V93/><F121/><W90/><G117/><T66/><D127/><U26/><E114/><V30/><F113/><W68/><G68/><T87/><D104/><U111/><E67/><V22/><F5/><W101/><G101/><T70/><D120/><U60/><E26/><V75/><F109/><N who="1" m="42057" /><E7/><V103/><F103/><W135/><G40/><T1/><D66/><U92/><E92/><V107/><F107/><W20/><G49/><T86/><D70/><U50/><E37/><V17/><F71/><W79/><G79/><T100/><D4/><U126/><E126/><V38/><F38/><W105/><G105/><T62/><D2/><U82/><E82/><V33/><F63/><W98/><G0/><T39/><D27/><U46/><AGARI ba="0,0" hai="13,14,41,46,50,52,56,57,58,59,60" m="42057" machi="46" ten="40,7800,0" yaku="14,1,10,1,54,1" doraHai="130" who="1" fromWho="1" sc="317,-26,154,78,250,-26,279,-26" /><INIT seed="1,1,0,0,2,92" ten="291,232,224,253" oya="1" hai0="129,26,75,52,62,99,117,82,114,49,19,30,76" hai1="130,59,96,67,72,6,95,18,133,100,104,11,109" hai2="107,65,27,34,69,57,55,40,122,101,89,106,70" hai3="44,63,120,61,85,125,22,8,127,118,50,64,42"/><U121/><E121/><V4/><F122/><W80/><G120/><T123/><D114/><U78/><E130/><V10/><F40/><W81/><G118/><T60/><D123/><U128/><E128/><V28/><F65/><W48/><G22/><T135/><D129/><U110/><E18/><V43/><F43/><W33/><G33/><T54/><D117/><U126/><E126/><N who="3" m="48138" /><G8/><T111/><D135/><U35/><E35/><V51/><F89/><N who="3" m="51367" /><G81/><T103/><D111/><N who="1" m="42507" /><E133/><V15/><REACH who="2" step="1"/><F101/><REACH who="2" ten="291,232,214,253" step="2"/><W131/><G131/><T90/><D90/><U32/><E78/><V3/><F3/><W98/><G64/><T38/><D38/><U66/><E72/><V58/><F58/><W53/><G98/><T134/><D134/><U86/><E32/><V115/><F115/><W16/><G16/><T74/><D74/><U12/><E59/><AGARI ba="1,1" hai="42,44,48,50,53,59,61,63" m="51367,48138" machi="59" ten="30,1000,0" yaku="18,1" doraHai="92" who="3" fromWho="1" sc="291,0,232,-13,214,0,253,23" /><INIT seed="2,0,0,5,2,125" ten="291,219,214,276" oya="2" hai0="27,78,35,122,116,101,8,3,124,81,112,21,115" hai1="82,60,28,1,80,29,114,84,92,4,64,109,25" hai2="97,51,15,69,59,132,48,5,107,12,63,68,45" hai3="102,118,134,38,75,70,131,62,58,67,87,50,129"/><V91/><F132/><W99/><G75/><T22/><D122/><U94/><E114/><V103/><F91/><W117/><G134/><T93/><D124/><U105/><E105/><V128/><F128/><N who="3" m="49227" /><G38/><T133/><D133/><U44/><E109/><V42/><F51/><W71/><G87/><T135/><D135/><U126/><E126/><V7/><F7/><W56/><G56/><T66/><D35/><U98/><E44/><V14/><REACH who="2" step="1"/><F5/><REACH who="2" ten="291,219,204,276" step="2"/><W47/><G118/><T53/><D116/><U104/><E4/><V86/><F86/><W52/><G117/><T85/><D85/><U119/><E84/><V90/><F90/><W120/><G120/><T20/><D115/><U121/><E121/><V73/><F73/><W17/><G17/><T36/><D112/><U26/><E98/><V77/><F77/><W6/><G6/><T2/><D78/><U79/><E119/><V41/><F41/><W49/><G50/><T18/><D18/><U31/><E79/><V37/><F37/><W55/><G55/><AGARI ba="0,1" hai="12,14,15,42,45,48,55,59,63,68,69,97,103,107" machi="55" ten="40,2000,0" yaku="1,1,53,0" doraHai="125" doraHaiUra="88" who="2" fromWho="3" sc="291,0,219,0,204,30,276,-20" /><INIT seed="2,1,0,2,2,39" ten="291,219,234,256" oya="2" hai0="53,92,69,86,75,58,26,18,130,97,55,33,83" hai1="131,124,20,98,106,28,109,0,70,94,11,91,108" hai2="132,56,59,6,115,7,99,80,25,49,126,128,38" hai3="19,64,100,15,95,1,50,89,44,8,61,17,2"/><V101/><F115/><W37/><G37/><T90/><D69/><U103/><E70/><V135/><F38/><W119/><G119/><T35/><D75/><U84/><E124/><V79/><F126/><W81/><G100/><T43/><D130/><U32/><E32/><V123/><F25/><W22/><G81/><T46/><D35/><U45/><E131/><V93/><F123/><W41/><G22/><N who="0" m="13655" /><D33/><U122/><E122/><V27/><F27/><W42/><G19/><T72/><D72/><U30/><E20/><V9/><F49/><W3/><G42/><T105/><D105/><U111/><REACH who="1" step="1"/><E45/><REACH who="1" ten="291,209,234,256" step="2"/><V14/><F128/><W117/><G117/><T102/><D58/><U71/><E71/><V68/><F68/><W67/><REACH who="3" step="1"/><G61/><REACH who="3" ten="291,209,234,246" step="2"/><T134/><D134/><U127/><E127/><V120/><F132/><W21/><G21/><T51/><AGARI ba="1,2" hai="43,46,51,53,55,83,86,90,92,97,102" m="13655" machi="51" ten="30,2000,0" yaku="8,1,52,1" doraHai="39" who="0" fromWho="0" sc="291,43,209,-6,234,-11,246,-6" /><INIT seed="3,0,0,1,0,5" ten="334,203,223,240" oya="3" hai0="45,90,84,94,88,23,60,126,83,100,46,37,117" hai1="28,95,96,3,109,120,86,113,102,47,119,1,80" hai2="99,64,22,78,53,69,57,125,63,20,122,8,48" hai3="13,130,98,89,7,75,81,134,71,16,92,129,59"/><W38/><G71/><T12/><D117/><U0/><E113/><V121/><F125/><W33/><G33/><T115/><D126/><U114/><E114/><V132/><F132/><W116/><G116/><T36/><D36/><U93/><E119/><V31/><F78/><W43/><G7/><T97/><D115/><U4/><E120/><N who="2" m="46187" /><F31/><W24/><G24/><T76/><D37/><U112/><E112/><V91/><F8/><N who="3" m="6183" /><G59/><T19/><D60/><U72/><E72/><V70/><F70/><W77/><G38/><T85/><D90/><U67/><E28/><V55/><F55/><W10/><G43/><T103/><D103/><U6/><E67/><V65/><F65/><W27/><G27/><T128/><D128/><N who="3" m="49257" /><G10/><T39/><D39/><U30/><E30/><V52/><F53/><W35/><G35/><T56/><D56/><U133/><E133/><AGARI ba="0,0" hai="75,77,81,89,92,98,133,134" m="49257,6183" machi="133" ten="30,5800,0" yaku="19,1,52,1,54,1" doraHai="5" who="3" fromWho="1" sc="334,0,203,-58,223,0,240,58" /><INIT seed="3,1,0,5,2,24" ten="334,145,223,298" oya="3" hai0="46,48,115,87,122,97,89,36,130,90,57,132,11" hai1="28,1,45,51,91,39,4,14,102,119,135,42,10" hai2="80,13,124,37,117,16,111,103,49,75,25,112,85" hai3="123,120,18,101,64,127,114,108,31,79,2,95,40"/><W77/><G114/><T35/><D122/><U33/><E135/><V20/><F111/><W74/><G2/><T134/><D36/><U55/><E119/><V19/><F124/><W8/><G74/><T53/><D115/><U17/><E102/><V9/><F37/><W65/><G123/><T99/><D35/><U6/><E91/><V27/><F112/><W21/><G120/><T7/><D130/><U133/><E133/><N who="0" m="51305" /><D46/><U72/><E72/><V81/><F117/><W58/><G40/><T60/><D60/><U23/><E4/><V3/><F3/><W126/><G108/><T94/><D90/><U96/><E96/><V63/><F63/><N who="3" m="38007" /><G65/><T59/><D59/><U76/><E76/><N who="3" m="29258" /><G8/><T131/><D131/><U62/><E62/><V68/><F68/><W84/><G84/><T0/><AGARI ba="1,0" hai="0,7,11,48,53,57,87,89,94,97,99" m="51305" machi="0" ten="30,1100,0" yaku="20,1" doraHai="24" who="0" fromWho="0" sc="334,14,145,-4,223,-4,298,-6" owari="348,44.8,141,-35.9,219,-18.1,292,9.2" /></mjloggm>