<mjloggm ver="2.3"><GO type="225" lobby="0"/><UN n0="%E3%81%A9%E3%82%8F%E3%82%93%E3%81%94" n1="%E3%81%99%E3%81%84%E3%81%BE%E3%81%9B%E3%83%BC%E3%82%93" n2="%E6%A1%9C%E8%8A%B1%E9%96%83%E3%80%85" n3="%72%69%6F%75%63%68%61%6E" dan="16,17,16,16" rate="2093.95,2237.71,2126.15,2126.83" sx="M,M,M,M"/><TAIKYOKU oya="0"/><INIT seed="0,0,0,1,3,125" ten="250,250,250,250" oya="0" hai0="106,4,79,44,131,45,30,21,41,25,111,20,85" hai1="24,17,58,15,38,105,95,32,60,74,52,69,57" hai2="0,81,90,132,93,7,16,116,75,56,110,9,48" hai3="112,72,71,120,13,134,42,68,101,36,98,91,61"/><T123/><D106/><U23/><E105/><V39/><F110/><W40/><G112/><T64/><D123/><U76/><E38/><V37/><F132/><W6/><G72/><T19/><D111/><U33/><E69/><V3/><F116/><W34/><G134/><T118/><D118/><U67/><E76/><V104/><F104/><W122/><G34/><T5/><D64/><U130/><E74/><V99/><F3/><W108/><G108/><T127/><D127/><U113/><E113/><V8/><F48/><W18/><G6/><T47/><D41/><N who="3" m="15977" /><G91/><T10/><D10/><U103/><E130/><V53/><F56/><W128/><G61/><T97/><D97/><N who="1" m="59839" /><E33/><V14/><REACH who="2" step="1"/><F53/><REACH who="2" ten="250,250,240,250" step="2"/><W129/><G68/><T124/><D124/><U117/><E117/><V92/><F92/><N who="3" m="58567" /><G71/><T100/><D131/><N who="3" m="50249" /><G36/><T55/><D45/><U31/><E58/><V11/><F11/><AGARI ba="0,1" hai="11,13,18,120,122" m="50249,58567,15977" machi="11" ten="30,7700,0" yaku="19,1,52,3" doraHai="125" who="3" fromWho="2" sc="250,0,250,0,240,-77,250,87" /><INIT seed="1,0,0,2,4,10" ten="250,250,163,337" oya="1" hai0="50,44,25,43,7,105,84,34,111,23,82,41,36" hai1="67,134,38,80,72,31,89,30,28,118,129,88,6" hai2="64,26,125,55,85,122,131,57,35,75,66,62,86" hai3="79,98,96,130,69,48,101,74,110,70,104,106,9"/><U93/><E118/><V13/><F122/><W97/><G110/><T126/><D111/><U99/><E129/><V4/><F75/><W121/><G121/><T116/><D126/><U117/><E117/><V92/><F125/><W37/><G37/><T40/><D105/><U120/><E120/><V76/><F131/><W128/><G48/><T19/><D116/><U24/><E134/><V51/><F76/><W54/><G54/><T46/><D34/><U33/><E38/><V61/><F35/><W78/><G9/><T94/><D94/><U56/><E6/><V22/><F4/><W42/><G42/><T65/><D65/><N who="2" m="25194" /><F13/><W135/><G96/><T68/><D68/><N who="3" m="26217" /><G79/><T20/><D7/><U60/><REACH who="1" step="1"/><E72/><REACH who="1" ten="250,240,163,337" step="2"/><V16/><F92/><W123/><G135/><T103/><D36/><U11/><E11/><V114/><F114/><W81/><G123/><T17/><D41/><U3/><E3/><V18/><F18/><W27/><G27/><T2/><D43/><U15/><E15/><V119/><F119/><W32/><G32/><T14/><D2/><U100/><E100/><AGARI ba="0,1" hai="74,78,81,97,98,100,101,104,106,128,130" m="26217" machi="100" ten="30,1000,0" yaku="23,1" doraHai="10" who="3" fromWho="1" sc="250,0,240,-10,163,0,337,20" /><INIT seed="2,0,0,4,5,14" ten="250,230,163,357" oya="2" hai0="113,52,22,84,1,37,68,5,74,108,121,49,0" hai1="66,122,58,47,3,61,110,57,109,96,62,67,19" hai2="129,35,82,29,53,131,76,31,105,73,41,12,104" hai3="56,15,101,94,2,44,34,81,93,65,71,78,54"/><V43/><F53/><W134/><G2/><T32/><D121/><U36/><E3/><V92/><F92/><W38/><G34/><T9/><D32/><U75/><E75/><V6/><F6/><W114/><G134/><T63/><D37/><U23/><E122/><V13/><F35/><W24/><G114/><T60/><D74/><U102/><E47/><V125/><F125/><W28/><G101/><T130/><D113/><U70/><E70/><V11/><F11/><W69/><G15/><T46/><D68/><U18/><E36/><V30/><F12/><W40/><G71/><T123/><D123/><U86/><E86/><V85/><F13/><W72/><G69/><T111/><D84/><U107/><E23/><V100/><F73/><W117/><G65/><T77/><D77/><U120/><E120/><V80/><F80/><W51/><G117/><T112/><D112/><U25/><E25/><V59/><F59/><W42/><G42/><N who="2" m="15881" /><F100/><W20/><AGARI ba="0,0" hai="20,24,28,38,40,44,51,54,56,72,78,81,93,94" machi="20" ten="20,1500,0" yaku="0,1,7,1" doraHai="14" who="3" fromWho="3" sc="250,-4,230,-4,163,-7,357,15" /><INIT seed="3,0,0,0,2,130" ten="246,226,156,372" oya="3" hai0="50,102,16,21,62,129,44,61,38,68,106,15,18" hai1="30,59,107,75,64,97,87,135,2,0,69,86,90" hai2="121,43,88,12,125,99,7,91,89,111,54,79,58" hai3="119,53,11,6,127,3,72,70,66,82,13,80,33"/><W124/><G119/><T96/><D38/><U109/><E69/><V17/><F111/><W40/><G33/><T5/><D129/><U73/><E109/><V103/><F125/><W84/><G40/><T122/><D122/><U78/><E30/><V132/><F121/><W63/><G72/><T36/><D36/><U49/><E107/><V34/><F34/><W114/><G114/><T126/><D126/><N who="3" m="48169" /><G53/><T1/><D68/><U52/><E64/><V112/><F112/><W71/><G71/><T65/><D65/><U134/><E97/><V117/><F117/><W94/><G13/><T39/><D39/><U20/><E20/><V100/><F43/><W9/><G9/><T85/><D1/><U83/><E86/><V77/><F7/><W48/><G48/><T27/><D5/><U101/><E101/><V23/><F132/><N who="1" m="50729" /><E75/><V113/><F113/><W42/><G84/><T105/><D85/><U32/><E32/><V47/><F47/><W24/><G66/><T76/><D106/><U46/><E59/><V131/><F131/><W55/><G70/><T115/><D115/><U81/><AGARI ba="0,0" hai="0,2,46,49,52,73,78,81,83,87,90" m="50729" machi="81" ten="30,8000,1" yaku="20,1,52,3,54,1" doraHai="130" who="1" fromWho="1" sc="246,-20,226,80,156,-20,372,-40" owari="226,-17.4,306,10.6,136,-36.4,332,43.2" /></mjloggm>