<mjloggm ver="2.3"><GO type="225" lobby="0"/><UN n0="%E3%82%A2%E3%83%9E%E3%83%9D%EF%BD%9E%EF%BD%9E%E3%83%A9" n1="%E7%AD%89%E3%80%85%E5%8A%9B%E5%8A%87%E5%A0%B4" n2="%E3%83%B4%E3%82%A3%E3%83%AF%E3%82%B3%E3%82%B0%E3%83%8B" n3="%E8%81%B7%E6%A5%AD%E3%80%81%E9%A2%A8%32" dan="17,16,16,16" rate="2188.10,2153.38,2118.43,2133.72" sx="M,M,M,M"/><TAIKYOKU oya="0"/><INIT seed="0,0,0,1,0,9" ten="250,250,250,250" oya="0" hai0="28,95,54,76,129,118,113,31,102,86,29,58,91" hai1="122,41,59,1,13,99,5,71,98,14,10,74,64" hai2="77,23,68,49,19,114,46,20,48,88,30,115,104" hai3="125,117,109,70,34,92,6,42,90,107,80,93,0"/><T18/><D113/><U112/><E122/><V65/><F104/><W62/><G109/><T32/><D129/><U60/><E74/><V133/><F133/><W63/><G107/><T81/><D118/><U130/><E130/><V110/><F110/><W24/><G117/><T120/><D120/><U89/><E112/><V50/><F77/><W103/><G125/><T73/><D102/><U84/><E41/><V134/><F134/><W53/><G80/><T15/><D32/><U131/><E131/><V51/><F30/><W7/><G0/><T4/><D4/><U55/><E99/><V106/><F23/><W123/><G70/><T25/><D25/><U38/><E98/><V85/><F106/><W11/><G42/><T12/><REACH who="0" step="1"/><D18/><REACH who="0" ten="240,250,250,250" step="2"/><U26/><E26/><V56/><F115/><W128/><G7/><T100/><D100/><U66/><E5/><V79/><F114/><W119/><G6/><T36/><D36/><U96/><E38/><V111/><F111/><W3/><G24/><T67/><D67/><U124/><E66/><V97/><F65/><W87/><G103/><T37/><D37/><U44/><E64/><V17/><F17/><W78/><G34/><T33/><D33/><U52/><E71/><V16/><F68/><W116/><G123/><T94/><D94/><U35/><E35/><V8/><F19/><W108/><G93/><T121/><D121/><U132/><E1/><V72/><F16/><W127/><G119/><T83/><D83/><U101/><E101/><V45/><F20/><W82/><G128/><T105/><D105/><U69/><E69/><RYUUKYOKU ba="0,1" sc="240,30,250,-10,250,-10,250,-10" hai0="12,15,28,29,31,54,58,73,76,81,86,91,95" /><INIT seed="0,1,1,5,4,6" ten="270,240,240,240" oya="0" hai0="24,114,8,72,4,3,91,74,108,111,131,78,54" hai1="75,10,112,51,88,40,130,58,117,1,135,92,31" hai2="52,49,125,87,84,20,83,21,62,9,19,14,94" hai3="5,129,109,82,29,36,53,12,43,101,56,39,104"/><T100/><D114/><U17/><E117/><V80/><F125/><W123/><G109/><N who="0" m="42059" /><D131/><U118/><E118/><V132/><F62/><W32/><G129/><T69/><D78/><U50/><E130/><V133/><F94/><W93/><G123/><T23/><D100/><U110/><E110/><V16/><F84/><W98/><G104/><T95/><D54/><U38/><E75/><V45/><F80/><W113/><G113/><T41/><D41/><U103/><E112/><V27/><REACH who="2" step="1"/><F21/><REACH who="2" ten="270,240,230,240" step="2"/><W115/><G115/><T26/><D69/><U116/><E116/><V107/><F107/><W57/><G93/><T73/><D23/><U126/><E126/><V59/><F59/><W97/><G82/><T89/><D89/><AGARI ba="1,2" hai="9,14,16,19,20,27,45,49,52,83,87,89,132,133" machi="89" ten="40,12000,2" yaku="1,1,25,2,52,1,54,2,53,1" doraHai="6" doraHaiUra="18" who="2" fromWho="0" sc="270,-123,240,0,230,143,240,0" /><INIT seed="1,0,0,2,2,108" ten="147,240,373,240" oya="1" hai0="52,82,83,44,54,68,117,134,38,73,58,89,22" hai1="35,18,102,120,99,26,86,135,10,12,23,2,19" hai2="119,31,88,127,61,69,111,105,98,34,14,116,60" hai3="20,17,55,92,95,63,40,87,75,57,30,24,125"/><U0/><E120/><V90/><F111/><W43/><G125/><T21/><D117/><U48/><E135/><V5/><F127/><W41/><G75/><T114/><D68/><U79/><E35/><V124/><F124/><W93/><REACH who="3" step="1"/><G87/><REACH who="3" ten="147,240,373,230" step="2"/><T29/><D134/><U62/><E86/><V126/><F126/><W84/><G84/><T85/><D73/><U50/><E79/><V74/><F74/><W36/><G36/><T91/><D38/><U8/><E0/><V97/><F119/><W132/><G132/><T76/><D76/><U81/><E2/><V106/><F116/><W32/><G32/><T128/><D85/><U78/><E78/><V131/><F34/><W104/><G104/><T70/><D83/><U71/><E81/><V123/><F105/><W80/><G80/><T59/><D82/><U28/><E99/><V118/><F106/><W121/><G121/><T107/><D107/><U66/><E102/><V103/><F123/><W46/><G46/><T56/><D44/><U115/><E115/><V3/><F118/><W65/><G65/><T27/><D114/><U25/><E66/><V110/><F3/><W112/><G112/><T64/><D64/><U11/><E71/><V133/><F69/><W129/><G129/><T67/><D128/><U109/><E109/><V122/><F131/><W4/><G4/><T9/><D67/><U96/><E96/><V51/><F110/><W39/><G39/><T72/><D70/><U77/><E77/><V7/><F133/><W13/><G13/><T45/><D72/><U16/><E12/><V94/><F122/><RYUUKYOKU type="nm" ba="0,1" sc="147,-20,240,-40,373,80,230,-20" hai3="17,20,24,30,40,41,43,55,57,63,92,93,95" /><INIT seed="2,1,1,2,4,52" ten="127,200,453,210" oya="2" hai0="47,33,48,95,57,2,101,103,0,29,46,73,27" hai1="115,79,14,99,20,100,21,77,4,67,106,53,72" hai2="121,96,12,87,64,3,16,84,128,8,59,66,58" hai3="97,50,37,39,114,11,91,90,31,38,104,22,41"/><V127/><F121/><W85/><G114/><T92/><D73/><U126/><E115/><V116/><F116/><W68/><G68/><T71/><D71/><U86/><E72/><V130/><F127/><W23/><G11/><T17/><D17/><U34/><E34/><V35/><F35/><W123/><G123/><T133/><D133/><U107/><E126/><V55/><F96/><W120/><G31/><T25/><D33/><U19/><E107/><V93/><F3/><W26/><G26/><T108/><D48/><U117/><E117/><V7/><F7/><W124/><G124/><T30/><REACH who="0" step="1"/><D108/><REACH who="0" ten="117,200,453,210" step="2"/><U65/><E19/><V110/><F110/><W119/><G50/><T28/><D28/><U32/><E32/><V78/><F16/><W135/><G135/><T109/><D109/><U6/><E6/><V1/><F130/><W56/><G39/><T80/><D80/><U75/><E4/><V112/><F128/><W42/><G38/><T118/><D118/><U61/><E75/><V122/><F112/><W69/><G37/><T60/><D60/><U132/><E61/><V70/><F70/><W43/><G69/><T49/><D49/><U40/><E132/><V113/><F122/><W81/><G119/><T5/><D5/><U111/><E111/><V88/><F113/><W24/><G81/><T10/><D10/><U63/><E63/><V74/><F74/><W44/><G120/><T134/><D134/><U9/><E9/><V54/><F8/><W89/><G23/><T129/><D129/><U62/><E21/><V82/><F82/><W102/><G22/><RYUUKYOKU ba="1,2" sc="117,30,200,-10,453,-10,210,-10" hai0="0,2,25,27,29,30,46,47,57,92,95,101,103" /><INIT seed="3,2,2,0,3,104" ten="147,190,443,200" oya="3" hai0="4,117,120,18,41,63,125,72,127,33,34,75,106" hai1="65,31,100,132,119,76,130,84,2,70,14,126,92" hai2="13,39,89,98,10,87,48,32,36,27,129,30,19" hai3="68,56,60,11,108,23,7,38,109,53,6,85,121"/><W0/><G7/><T115/><D117/><U128/><E2/><V74/><F74/><N who="0" m="28202" /><D120/><U105/><E31/><V43/><F129/><N who="1" m="49769" /><E14/><V26/><F98/><W51/><G121/><T67/><D18/><U54/><E54/><V66/><F66/><W37/><G85/><T123/><D123/><U16/><E16/><V46/><F26/><W103/><G23/><T81/><D81/><AGARI ba="2,2" hai="10,13,19,27,30,32,36,39,43,46,48,81,87,89" machi="81" ten="30,1000,0" yaku="7,1" doraHai="104" who="2" fromWho="0" sc="147,-16,190,0,443,36,200,0" owari="131,-36.9,190,-21.0,479,57.9,200,0.0" /></mjloggm>