<mjloggm ver="2.3"><GO type="225" lobby="0"/><UN n0="%72%65%6E%6B%75%6E" n1="%E6%A1%9C%E8%8A%B1%E9%96%83%E3%80%85" n2="%E4%BF%BA%E3%81%A8%E5%A6%96%E5%A4%A2" n3="%E6%81%A5%E6%99%92%E3%81%97" dan="17,16,16,16" rate="2265.43,2177.48,2108.66,2114.32" sx="M,M,F,M"/><TAIKYOKU oya="0"/><INIT seed="0,0,0,3,0,49" ten="250,250,250,250" oya="0" hai0="87,55,6,122,62,114,37,120,128,8,52,107,82" hai1="48,28,133,70,10,57,42,111,74,112,9,29,92" hai2="5,134,34,53,22,77,12,102,66,129,96,67,101" hai3="65,44,115,85,98,59,86,81,104,75,100,72,89"/><T109/><D114/><U3/><E112/><V15/><F34/><W73/><G115/><T125/><D37/><U94/><E111/><V41/><F129/><W116/><G116/><T110/><D107/><U60/><E74/><V27/><F41/><W18/><G44/><T50/><D128/><U95/><E133/><V127/><F127/><W40/><G40/><T58/><D125/><U45/><E70/><V7/><F77/><N who="3" m="46255" /><G18/><T61/><D122/><U26/><E3/><V130/><F134/><W14/><G14/><N who="0" m="5399" /><D120/><U38/><E38/><V4/><F130/><W1/><G59/><N who="0" m="33175" /><D109/><U118/><E118/><V68/><F68/><W54/><G54/><T56/><D110/><U25/><E25/><V20/><F53/><W30/><G30/><N who="1" m="11882" /><E26/><V63/><F4/><W2/><G65/><AGARI ba="0,0" hai="9,10,42,45,48,57,60,65,92,94,95" m="11882" machi="65" ten="30,1000,0" yaku="8,1" doraHai="49" who="1" fromWho="3" sc="250,0,250,10,250,0,250,-10" /><INIT seed="1,0,0,3,4,119" ten="250,260,250,240" oya="1" hai0="66,128,120,115,105,37,130,2,53,77,43,54,98" hai1="28,52,48,7,11,56,70,9,126,79,64,117,72" hai2="27,4,125,44,35,45,97,90,135,50,62,29,121" hai3="20,123,100,80,40,63,110,92,106,88,118,102,55"/><U82/><E117/><V93/><F135/><W17/><G118/><T95/><D115/><U91/><E126/><V38/><F125/><W21/><G123/><T134/><D2/><U34/><E91/><V57/><F38/><W84/><G110/><T13/><D134/><U127/><E127/><V132/><F132/><W78/><G40/><T89/><D105/><U111/><E111/><V131/><F131/><N who="0" m="50218" /><D77/><U109/><E109/><V108/><F108/><W41/><G41/><T69/><D120/><U75/><E75/><V113/><F113/><W74/><G106/><T18/><D66/><U73/><E73/><V24/><F121/><W26/><REACH who="3" step="1"/><G21/><REACH who="3" ten="250,260,250,230" step="2"/><N who="0" m="11471" /><D69/><U22/><E22/><V61/><F35/><W47/><G47/><AGARI ba="0,1" hai="37,43,47,53,54,89,95,98" m="11471,50218" machi="47" ten="30,1000,0" yaku="19,1" doraHai="119" who="0" fromWho="3" sc="250,20,260,0,250,0,230,-10" /><INIT seed="2,0,0,4,2,71" ten="270,260,250,220" oya="2" hai0="134,65,117,8,56,42,111,1,47,91,29,14,52" hai1="54,19,93,38,28,67,40,61,94,84,64,25,20" hai2="107,96,105,69,22,125,31,133,120,34,5,41,49" hai3="2,132,15,89,6,18,101,7,46,24,130,86,10"/><V114/><F114/><W58/><G130/><T32/><D111/><U39/><E40/><V104/><F120/><W4/><G132/><T98/><D134/><U95/><E84/><V124/><F133/><W16/><G101/><T36/><D1/><U37/><E54/><V79/><F34/><W53/><G46/><T59/><D117/><U63/><REACH who="1" step="1"/><E28/><REACH who="1" ten="270,250,250,220" step="2"/><V129/><F41/><W11/><G86/><T57/><D52/><U103/><E103/><V30/><F30/><W68/><G89/><T27/><D65/><AGARI ba="0,1" hai="19,20,25,37,38,39,61,63,64,65,67,93,94,95" machi="65" ten="50,8000,1" yaku="1,1,52,3,53,0" doraHai="71" doraHaiUra="9" who="1" fromWho="0" sc="270,-80,250,90,250,0,220,0" /><INIT seed="3,0,0,2,0,65" ten="190,340,250,220" oya="3" hai0="31,81,78,99,131,106,36,63,100,15,75,83,66" hai1="41,3,80,22,88,68,93,47,111,34,25,0,2" hai2="46,21,76,27,61,5,69,134,118,58,124,1,60" hai3="12,89,23,7,109,133,32,116,98,125,127,121,103"/><W26/><G121/><T71/><D131/><U24/><E68/><V82/><F118/><W90/><G116/><T79/><D15/><U132/><E111/><V91/><F91/><W50/><G109/><T64/><D64/><U48/><E132/><V29/><F134/><W135/><G50/><T33/><D31/><U13/><E80/><V19/><F61/><W8/><G32/><T70/><D33/><U73/><E73/><V108/><F108/><W110/><G110/><T112/><D112/><U37/><E37/><V17/><F69/><W120/><G120/><T18/><D18/><U84/><E34/><V102/><F102/><W105/><G133/><T51/><D51/><U56/><E56/><V38/><F124/><W11/><G11/><T30/><D30/><U128/><E128/><V4/><F46/><W101/><G101/><T104/><D70/><U59/><E59/><V114/><F114/><W44/><G44/><T6/><D6/><N who="2" m="2666" /><F1/><W119/><G119/><T20/><D20/><U117/><E117/><V62/><F62/><W126/><REACH who="3" step="1"/><G135/><REACH who="3" ten="190,340,250,210" step="2"/><T72/><REACH who="0" step="1"/><D36/><REACH who="0" ten="180,340,250,210" step="2"/><U130/><E130/><V107/><F38/><W67/><G67/><T123/><D123/><U28/><E48/><V42/><F60/><W52/><G52/><T86/><D86/><U53/><E53/><V54/><F54/><W94/><G94/><AGARI ba="0,2" hai="63,66,71,72,75,78,79,81,83,94,99,100,104,106" machi="94" ten="30,7700,0" yaku="1,1,7,1,9,1,52,1,53,0" doraHai="65" doraHaiUra="10" who="0" fromWho="3" sc="180,97,340,0,250,0,210,-77" owari="277,7.7,340,44.0,250,-15.0,133,-36.7" /></mjloggm>