<mjloggm ver="2.3"><GO type="225" lobby="0"/><UN n0="%E2%91%A3%E9%81%BF%E9%81%8A%E6%88%AF%E3%80%90%E6%9D%B1%E5%8D%97%E3%80%91" n1="%E5%80%89%E6%A9%8B%EF%BC%A0%E4%BA%8B%E5%8B%99" n2="%61%6D%65%6B%69" n3="%E3%81%A1%E3%82%85%E3%81%86%E3%81%A9%E3%81%8F%E8%B1%A1%E3%81%95%E3%82%93" dan="16,16,16,17" rate="2135.21,2087.85,2088.19,2126.03" sx="M,M,M,M"/><TAIKYOKU oya="0"/><INIT seed="0,0,0,5,2,72" ten="250,250,250,250" oya="0" hai0="0,113,70,93,49,75,101,52,71,17,67,87,82" hai1="112,48,74,23,123,7,135,57,3,50,28,40,88" hai2="120,61,86,125,64,1,60,81,95,77,121,14,130" hai3="62,117,26,6,134,8,9,100,59,36,114,90,111"/><T118/><D118/><U98/><E123/><V110/><F1/><W104/><G117/><T122/><D122/><U15/><E135/><V116/><F116/><W63/><G114/><T33/><D113/><U12/><E74/><V119/><F119/><W55/><G36/><T41/><D75/><U107/><E3/><V16/><F110/><W30/><G111/><T103/><D0/><U56/><E112/><V131/><F61/><W96/><G134/><T47/><D33/><U10/><E107/><V73/><F125/><W126/><G90/><T43/><D71/><U32/><E32/><V20/><F95/><W25/><G126/><T127/><D127/><U108/><E108/><V94/><F94/><W124/><G124/><T29/><D29/><U128/><E128/><N who="2" m="49195" /><F73/><W24/><G30/><T80/><D67/><U69/><E69/><AGARI ba="0,0" hai="14,16,20,60,64,69,77,81,86,120,121" m="49195" machi="69" ten="30,3900,0" yaku="19,1,52,1,54,1" doraHai="72" who="2" fromWho="1" sc="250,0,250,-39,250,39,250,0" /><INIT seed="1,0,0,5,2,62" ten="250,211,289,250" oya="1" hai0="38,11,115,23,41,102,70,81,13,28,55,9,108" hai1="46,87,63,92,80,6,75,1,132,94,32,106,15" hai2="89,118,126,8,73,5,27,105,104,31,76,53,66" hai3="131,43,18,84,17,123,45,50,7,114,60,4,68"/><U57/><E106/><V109/><F118/><W29/><G114/><T78/><D115/><U0/><E75/><V51/><F109/><W98/><G123/><T3/><D108/><U72/><E72/><V48/><F48/><W26/><G131/><T113/><D102/><U34/><E132/><V111/><F111/><W71/><G84/><T67/><D11/><U97/><E15/><V128/><F128/><W86/><G86/><T134/><D55/><U42/><E34/><V117/><F89/><W107/><G71/><T129/><D3/><U37/><E32/><V69/><F126/><W39/><G39/><T49/><D38/><U36/><E36/><V93/><F93/><W122/><G122/><T103/><D103/><U121/><E92/><V120/><F120/><W47/><G47/><T77/><D77/><U88/><E6/><V83/><F117/><W33/><G4/><T21/><D28/><U91/><REACH who="1" step="1"/><E121/><REACH who="1" ten="250,201,289,250" step="2"/><V59/><F27/><W74/><G7/><N who="0" m="3263" /><D134/><U100/><E100/><V110/><F110/><W10/><G74/><T101/><D101/><U52/><AGARI ba="0,1" hai="0,1,37,42,46,52,57,63,80,87,88,91,94,97" machi="52" ten="20,12000,1" yaku="1,1,0,1,7,1,54,2,53,0" doraHai="62" doraHaiUra="24" who="1" fromWho="1" sc="250,-40,201,130,289,-40,250,-40" /><INIT seed="1,1,0,3,2,33" ten="210,331,249,210" oya="1" hai0="19,94,8,58,77,134,21,23,71,67,25,11,64" hai1="106,118,6,29,47,5,76,68,86,95,110,72,112" hai2="103,108,18,121,131,129,15,82,88,49,122,39,78" hai3="12,24,83,46,4,91,1,109,96,115,74,99,65"/><U93/><E112/><V75/><F39/><W36/><G115/><T124/><D124/><U20/><E106/><V116/><F116/><W117/><G65/><T85/><D134/><U79/><E118/><V81/><F103/><W57/><G117/><T102/><D71/><U66/><E72/><V40/><F108/><W126/><G109/><T133/><D133/><U43/><E110/><V52/><F40/><N who="3" m="22791" /><G12/><T7/><D77/><U32/><E32/><V44/><F122/><W26/><G57/><T104/><D104/><U125/><E125/><V87/><REACH who="2" step="1"/><F121/><REACH who="2" ten="210,331,239,210" step="2"/><W55/><G126/><T114/><D102/><U50/><E43/><V14/><F14/><W60/><G24/><T56/><D25/><U127/><E127/><V9/><AGARI ba="1,1" hai="9,15,18,44,49,52,75,78,81,82,87,88,129,131" machi="9" ten="30,12000,2" yaku="1,1,0,1,25,2,54,2,53,0" doraHai="33" doraHaiUra="59" who="2" fromWho="2" sc="210,-31,331,-61,239,133,210,-31" /><INIT seed="2,0,0,4,2,125" ten="179,270,372,179" oya="2" hai0="55,104,94,80,107,76,119,127,5,129,42,56,112" hai1="32,98,17,109,62,135,111,59,19,26,97,110,100" hai2="15,4,18,84,52,54,73,10,3,120,1,78,92" hai3="131,8,28,117,126,116,16,105,34,91,0,47,38"/><V114/><F114/><W49/><G38/><T60/><D112/><U13/><E135/><V93/><F120/><W36/><G36/><T115/><D115/><U27/><E32/><V20/><F3/><W65/><G105/><T88/><D127/><U86/><E86/><V45/><F73/><W44/><G126/><T89/><D119/><U66/><E98/><V81/><F45/><W77/><G77/><T21/><D42/><U72/><E72/><V87/><REACH who="2" step="1"/><F92/><REACH who="2" ten="179,270,362,179" step="2"/><W48/><G0/><T6/><D107/><U29/><E109/><V79/><F79/><W128/><G44/><T68/><D104/><U41/><E111/><V50/><F50/><W53/><G48/><T57/><D94/><U134/><E110/><V74/><F74/><W30/><G117/><T58/><D76/><U33/><E134/><V9/><F9/><W132/><G116/><T118/><D118/><U63/><E63/><V103/><F103/><W106/><G132/><T22/><D60/><U90/><E62/><V39/><F39/><W130/><G106/><T99/><D55/><U96/><E100/><V31/><F31/><N who="3" m="11819" /><G65/><T102/><D102/><U122/><E29/><V14/><F14/><N who="3" m="7239" /><G91/><AGARI ba="0,1" hai="1,4,10,15,18,20,52,54,78,81,84,87,91,93" machi="91" ten="40,3900,0" yaku="1,1,54,1,53,0" doraHai="125" doraHaiUra="64" who="2" fromWho="3" sc="179,0,270,0,362,49,179,-39" /><INIT seed="2,1,0,0,2,16" ten="179,270,411,140" oya="2" hai0="121,54,20,31,79,46,86,11,42,7,117,77,68" hai1="33,8,72,12,75,122,36,133,93,99,35,14,24" hai2="29,47,118,90,44,45,101,9,126,102,132,85,113" hai3="37,135,66,64,130,114,108,52,63,116,57,62,40"/><V32/><F113/><W82/><G82/><T58/><D121/><U59/><E36/><V21/><F32/><W26/><G26/><T131/><D68/><U80/><E133/><V4/><F118/><W41/><G116/><T28/><D117/><U91/><E122/><V70/><F126/><W96/><G96/><T56/><D31/><U87/><E59/><V18/><F29/><W127/><G114/><T5/><D5/><U125/><E125/><V78/><F70/><N who="3" m="42263" /><G127/><T110/><D54/><U69/><E69/><V105/><F132/><W53/><G135/><T88/><D77/><U97/><E97/><V74/><F105/><W109/><G130/><T17/><D79/><U94/><E94/><V1/><F78/><W123/><G123/><T61/><D28/><U104/><E104/><V111/><F74/><W107/><G107/><T22/><D61/><U51/><E33/><V67/><F67/><W0/><G0/><T89/><D131/><U95/><E35/><V23/><F18/><W60/><G53/><T98/><D17/><U112/><E75/><V13/><F1/><W30/><G30/><T48/><D98/><U81/><E99/><V39/><F102/><W106/><G106/><T55/><D55/><U92/><E72/><V10/><F101/><W65/><G65/><T2/><D89/><U119/><E119/><V83/><F90/><W76/><G76/><T73/><D88/><U124/><E91/><V103/><F103/><W115/><G115/><T19/><D73/><U6/><E124/><V100/><F100/><W25/><G109/><T50/><D110/><RYUUKYOKU ba="1,0" sc="179,0,270,0,411,0,140,0" /><INIT seed="3,2,0,3,3,121" ten="179,270,411,140" oya="3" hai0="109,69,30,14,34,68,118,76,107,90,131,10,42" hai1="29,125,80,129,98,122,62,50,56,51,102,4,58" hai2="91,85,60,15,17,97,0,46,36,6,130,32,104" hai3="18,114,23,21,33,82,132,94,79,89,31,88,27"/><W127/><G114/><T52/><D118/><U57/><E122/><V71/><F32/><W65/><G132/><T86/><D107/><U20/><E129/><V124/><F124/><W35/><G127/><T16/><D76/><U8/><E125/><V64/><F130/><W87/><G65/><T59/><D42/><U49/><E80/><V103/><F6/><W112/><G112/><T72/><D72/><U12/><E62/><V93/><F0/><W45/><G45/><T5/><D5/><U19/><E29/><V11/><F46/><W66/><G66/><T26/><D131/><U117/><E117/><V77/><F77/><W120/><G120/><T47/><D47/><U37/><E37/><V119/><F119/><W67/><G67/><T126/><D126/><U81/><E81/><V128/><F128/><W53/><G53/><T123/><D123/><U22/><REACH who="1" step="1"/><E4/><REACH who="1" ten="179,260,411,140" step="2"/><V116/><F36/><W55/><G55/><T135/><D30/><U13/><E13/><V110/><F116/><W113/><G113/><T41/><D14/><U83/><E83/><V78/><F78/><W101/><G101/><T28/><D52/><U108/><E108/><V40/><F110/><W7/><G7/><T39/><D109/><U96/><E96/><V84/><F40/><W105/><G105/><AGARI ba="2,1" hai="8,12,19,20,22,49,50,51,56,57,58,98,102,105" machi="105" ten="40,1300,0" yaku="1,1,53,0" doraHai="121" doraHaiUra="111" who="1" fromWho="3" sc="179,0,260,29,411,0,140,-19" owari="179,-22.1,289,8.9,411,51.1,121,-37.9" /></mjloggm>