<mjloggm ver="2.3"><GO type="225" lobby="0"/><UN n0="%4E%6F%2E%30%30%30%31" n1="%E9%80%9F%E6%B0%B4%E5%87%9B%E9%A6%99" n2="%E5%B8%86%E7%AB%8B%E5%A4%8F%E8%A1%A3" n3="%41%54%53%4D" dan="18,16,17,16" rate="2227.37,2160.54,2139.32,2079.60" sx="M,F,M,M"/><TAIKYOKU oya="0"/><INIT seed="0,0,0,2,4,6" ten="250,250,250,250" oya="0" hai0="123,83,3,78,94,32,101,134,93,38,24,9,39" hai1="135,47,52,70,115,34,97,49,48,64,110,106,90" hai2="22,128,33,42,71,127,11,62,91,44,119,4,104" hai3="36,75,23,10,63,84,54,125,26,107,72,46,103"/><T129/><D123/><U105/><E34/><V118/><F127/><W5/><G125/><T0/><D129/><U96/><E110/><V132/><F128/><W57/><G84/><T35/><D24/><U112/><E135/><V80/><F132/><W120/><G120/><T30/><D134/><U12/><E64/><V100/><F22/><W40/><G103/><T17/><D17/><U25/><E25/><V56/><F71/><W99/><G99/><T122/><D122/><U116/><E70/><V1/><F33/><W15/><REACH who="3" step="1"/><G107/><REACH who="3" ten="250,250,250,240" step="2"/><T133/><D101/><U67/><E106/><V89/><F100/><W131/><G131/><T59/><D133/><U27/><E97/><V65/><F104/><W98/><G98/><T20/><D93/><U21/><E105/><V7/><F80/><W76/><G76/><T87/><D94/><U117/><E96/><V114/><F114/><W16/><AGARI ba="0,1" hai="5,10,15,16,23,26,36,40,46,54,57,63,72,75" machi="16" ten="20,12000,2" yaku="1,1,0,1,7,1,52,1,54,1,53,1" doraHai="6" doraHaiUra="50" who="3" fromWho="3" sc="250,-60,250,-30,250,-30,240,130" /><INIT seed="1,0,0,3,3,31" ten="190,220,220,370" oya="1" hai0="135,96,129,125,131,80,118,3,72,86,13,0,16" hai1="15,94,79,77,58,47,90,63,130,62,6,28,4" hai2="24,67,105,29,56,103,127,133,82,48,92,61,20" hai3="101,97,30,119,99,66,120,54,42,84,115,39,122"/><U132/><E130/><N who="0" m="49673" /><D118/><U65/><E132/><V70/><F127/><W95/><G115/><T108/><D135/><U114/><E114/><V23/><F133/><W44/><G119/><T38/><D125/><U89/><E28/><V2/><F2/><W78/><G66/><T57/><D72/><U49/><E63/><V32/><F82/><W17/><G30/><T34/><D38/><U104/><E104/><V11/><F92/><W134/><G134/><T123/><D108/><U100/><E100/><V124/><F11/><W106/><G17/><T85/><D96/><U75/><E75/><V52/><F124/><W27/><G27/><T69/><D69/><U18/><E79/><V55/><F55/><W8/><G8/><T98/><D98/><AGARI ba="0,0" hai="20,23,24,29,32,48,52,56,61,67,70,98,103,105" machi="98" ten="40,8000,1" yaku="25,2,52,1,54,1" doraHai="31" who="2" fromWho="0" sc="190,-80,220,0,220,80,370,0" /><INIT seed="2,0,0,1,1,41" ten="110,220,300,370" oya="2" hai0="70,128,27,101,132,131,3,66,9,63,107,32,17" hai1="25,134,5,54,16,111,8,95,74,96,45,115,6" hai2="35,61,39,123,113,89,98,129,31,2,118,91,57" hai3="97,75,18,11,106,23,78,77,12,37,117,88,51"/><V82/><F113/><W42/><G37/><T65/><D65/><U0/><E74/><V108/><F123/><W114/><G75/><T19/><D132/><U52/><E115/><V109/><F118/><W102/><G114/><T43/><D43/><U33/><E33/><V64/><F2/><W125/><G117/><T58/><D58/><U72/><E72/><V30/><F39/><W73/><G73/><T10/><D19/><U126/><E134/><V49/><F129/><W86/><G125/><T1/><D17/><U84/><E111/><N who="2" m="42571" /><F35/><W24/><G51/><T120/><D10/><U122/><E126/><V36/><F36/><W135/><G42/><T80/><D80/><U38/><E122/><V13/><F13/><W26/><G135/><T46/><D46/><U124/><E124/><V87/><F49/><W116/><G116/><T48/><D48/><N who="1" m="28687" /><E38/><V71/><F71/><W67/><G67/><T112/><D112/><U110/><E110/><V92/><AGARI ba="0,0" hai="30,31,57,61,64,82,87,89,91,92,98" m="42571" machi="92" ten="30,3000,0" yaku="14,1,10,1" doraHai="41" who="2" fromWho="2" sc="110,-10,220,-10,300,30,370,-10" /><INIT seed="2,1,0,5,4,7" ten="100,210,330,360" oya="2" hai0="4,92,75,87,121,130,88,17,52,66,79,76,116" hai1="129,91,134,11,30,85,106,18,81,86,60,62,32" hai2="41,96,22,45,35,51,68,127,46,71,97,119,2" hai3="33,82,49,9,99,89,55,34,47,54,70,78,94"/><V61/><F35/><W132/><G70/><T16/><D121/><U57/><E106/><V58/><F119/><W113/><G132/><T133/><D133/><U114/><E134/><V93/><F2/><W98/><G113/><T102/><D130/><U59/><E114/><V40/><F127/><W112/><G112/><T105/><D116/><U19/><E129/><V111/><F22/><W109/><G109/><T31/><D66/><U23/><E32/><V12/><F12/><W53/><G98/><N who="0" m="61655" /><D31/><U84/><E30/><V42/><F111/><W10/><G34/><T73/><D79/><U107/><E107/><V72/><F72/><W67/><G67/><T124/><D75/><U123/><E123/><V3/><F3/><W39/><G39/><T25/><D25/><U117/><E117/><V120/><F120/><W0/><G33/><T77/><D77/><U69/><E69/><N who="2" m="26699" /><F97/><W135/><G135/><T14/><D52/><N who="3" m="20073" /><G0/><T65/><D65/><U13/><E85/><AGARI ba="1,0" hai="9,10,47,49,55,78,82,85,89,94,99" m="20073" machi="85" ten="30,7700,0" yaku="8,1,52,2,54,1" doraHai="7" who="3" fromWho="1" sc="100,0,210,-80,330,0,360,80" /><INIT seed="3,0,0,3,1,20" ten="100,130,330,440" oya="3" hai0="27,91,55,80,102,41,16,62,75,19,95,43,56" hai1="9,133,132,126,135,18,42,54,50,127,34,105,28" hai2="10,113,5,46,65,68,53,104,81,89,40,100,3" hai3="37,130,112,88,119,82,4,120,47,83,51,71,131"/><W115/><G37/><T129/><D129/><N who="3" m="49161" /><G71/><T0/><D0/><U114/><E105/><V60/><F113/><N who="3" m="43595" /><G120/><T106/><D106/><U108/><E42/><N who="0" m="15881" /><D75/><U39/><E39/><V30/><F89/><W124/><G124/><N who="1" m="47658" /><E108/><V11/><F11/><W125/><G119/><T94/><D19/><U110/><E110/><V87/><F53/><N who="3" m="29951" /><G125/><T32/><D32/><U67/><E34/><V96/><F87/><W38/><G38/><T117/><D102/><U33/><E114/><V17/><F17/><W99/><G4/><T13/><D117/><U14/><E67/><V25/><F81/><W92/><AGARI ba="0,0" hai="82,83,88,92,99" m="29951,43595,49161" machi="92" ten="40,3900,0" yaku="19,1,54,1" doraHai="20" who="3" fromWho="3" sc="100,-13,130,-13,330,-13,440,39" owari="87,-41.3,117,-28.3,317,11.7,479,57.9" /></mjloggm>