<mjloggm ver="2.3"><GO type="225" lobby="0"/><UN n0="%E3%81%A1%E3%82%85%E3%81%86%E3%81%A9%E3%81%8F%E8%B1%A1%E3%81%95%E3%82%93" n1="%73%6C%69%63%6B%33%31%39" n2="%48%61%61%61%6C%61%6E%64" n3="%E7%89%B9%E6%9D%B1%E3%81%AF%E4%B8%96%E7%95%8C%E3%82%92%E6%95%91%E3%81%86" dan="17,16,17,16" rate="2206.92,2180.61,2257.06,2185.57" sx="M,M,M,M"/><TAIKYOKU oya="0"/><INIT seed="0,0,0,4,2,82" ten="250,250,250,250" oya="0" hai0="122,37,70,117,27,59,65,58,102,24,64,16,41" hai1="110,106,40,28,69,112,12,21,39,46,127,80,34" hai2="6,132,11,95,3,104,118,45,114,71,0,62,20" hai3="29,23,101,83,32,125,113,126,111,133,61,63,9"/><T92/><D122/><U89/><E106/><V84/><F114/><W116/><G113/><T130/><D117/><U97/><E112/><V134/><F104/><W107/><G116/><T109/><D130/><U4/><E69/><V131/><F118/><W74/><G32/><T99/><D24/><U17/><E110/><V42/><F131/><W5/><G111/><T105/><D109/><U54/><E127/><V33/><F33/><W85/><G74/><T26/><D105/><U49/><E4/><V30/><F3/><W96/><G23/><T98/><D98/><U52/><E97/><V124/><F124/><N who="3" m="47723" /><G29/><T43/><D26/><N who="1" m="16463" /><E39/><V60/><F20/><W78/><G133/><N who="2" m="51305" /><F71/><W53/><G53/><T66/><D70/><U35/><E35/><V81/><F95/><W86/><G85/><T120/><D120/><U77/><E77/><N who="2" m="46127" /><F30/><W75/><G75/><T135/><D135/><U47/><E34/><V121/><F121/><W115/><G115/><T10/><D37/><AGARI ba="0,0" hai="0,6,11,37,42,45,60,62" m="46127,51305" machi="37" ten="30,2000,0" yaku="20,1,52,1" doraHai="82" who="2" fromWho="0" sc="250,-20,250,0,250,20,250,0" /><INIT seed="1,0,0,2,4,45" ten="230,250,270,250" oya="1" hai0="109,132,88,112,33,83,104,82,10,63,117,119,4" hai1="61,11,31,89,16,97,5,12,72,53,103,125,121" hai2="50,2,58,102,100,46,81,40,66,75,41,20,24" hai3="134,64,34,99,110,85,14,124,62,120,84,30,54"/><U13/><E121/><V3/><F40/><W43/><G120/><T126/><D112/><U107/><E72/><V68/><F68/><W130/><G43/><T129/><D33/><U74/><E74/><V70/><F70/><W69/><G110/><T78/><D104/><U47/><E125/><V1/><F66/><W73/><G73/><T123/><D109/><U91/><E31/><V95/><F58/><W122/><G122/><T86/><D123/><U32/><E32/><V56/><F56/><W80/><G124/><T90/><D126/><U7/><E7/><V6/><F6/><W9/><G130/><T25/><D25/><U65/><E53/><V26/><F95/><W29/><G134/><T38/><D38/><U55/><E55/><V113/><F24/><W77/><G34/><T111/><D111/><U94/><E47/><V0/><N who="2" m="0" /><DORA hai="135" /><V48/><F48/><W8/><G8/><T128/><D63/><U23/><REACH who="1" step="1"/><E107/><REACH who="1" ten="230,240,270,250" step="2"/><V15/><F46/><W116/><G54/><T49/><D132/><U57/><AGARI ba="0,1" hai="5,11,12,13,16,23,57,61,65,89,91,94,97,103" machi="57" ten="20,18000,2" yaku="1,1,2,1,0,1,7,1,8,1,54,1,53,1" doraHai="45,135" doraHaiUra="60,101" who="1" fromWho="1" sc="230,-60,240,190,270,-60,250,-60" /><INIT seed="1,1,0,3,5,71" ten="170,430,210,190" oya="1" hai0="64,95,96,2,121,124,44,39,94,102,59,27,72" hai1="50,101,77,104,43,113,28,5,29,85,26,76,60" hai2="38,48,8,109,115,110,23,100,58,125,9,54,87" hai3="61,133,128,86,14,66,127,49,65,16,1,129,0"/><U63/><E113/><V117/><F117/><W123/><G123/><T80/><D2/><U74/><E74/><V118/><F118/><W79/><G133/><T83/><D121/><U10/><E104/><V62/><F115/><W81/><G127/><T105/><D124/><U37/><E101/><V47/><F125/><W55/><G1/><T19/><D64/><U107/><E107/><V69/><F100/><W111/><G111/><N who="2" m="42505" /><F23/><W134/><G0/><T91/><D59/><U13/><E37/><V20/><F20/><W116/><G134/><T15/><D27/><U114/><E114/><V75/><F75/><W56/><G116/><T46/><D95/><U135/><E135/><V45/><F87/><W108/><G108/><T52/><D72/><U106/><E106/><V120/><F120/><W12/><G12/><T126/><D126/><U24/><E85/><V90/><F90/><W42/><G42/><T32/><D32/><U88/><E88/><V122/><F122/><W40/><G40/><T51/><D44/><N who="2" m="16970" /><F38/><W41/><G41/><T36/><D83/><U67/><E43/><V22/><F22/><N who="3" m="11543" /><G49/><T99/><D80/><U31/><E50/><V73/><F73/><W17/><G17/><T3/><D3/><U35/><E26/><V30/><F30/><W25/><G25/><T68/><D68/><U112/><E112/><V92/><F92/><W98/><G98/><T18/><D18/><U131/><E24/><V7/><F7/><W57/><G57/><T78/><D78/><U33/><E76/><V53/><F69/><W119/><G119/><T103/><D103/><RYUUKYOKU ba="1,0" sc="170,10,430,-30,210,10,190,10" hai0="15,19,36,39,46,51,52,91,94,96,99,102,105" hai2="8,9,48,53,54,58,62" hai3="55,56,61,65,66,79,81,86,128,129" /><INIT seed="2,2,0,4,0,100" ten="180,400,220,200" oya="2" hai0="31,44,88,104,99,63,10,133,81,78,56,0,89" hai1="41,65,34,77,135,9,22,94,12,76,71,131,105" hai2="15,60,59,118,42,73,69,24,124,52,2,127,96" hai3="18,97,70,16,48,8,67,113,82,123,115,85,55"/><V130/><F2/><W35/><G35/><T68/><D68/><U80/><E105/><V27/><F118/><W128/><G123/><T103/><D133/><U53/><E34/><V79/><F130/><W29/><G29/><T37/><D31/><U98/><E135/><V72/><F42/><W86/><G128/><T51/><D37/><U95/><E131/><V11/><F69/><W125/><G125/><N who="2" m="48201" /><F96/><W3/><G97/><T101/><D101/><U126/><E126/><V62/><F62/><N who="3" m="40311" /><G3/><T129/><D10/><U4/><E41/><V40/><F40/><W19/><G82/><T33/><D33/><U109/><E109/><V58/><F58/><N who="3" m="33127" /><G8/><T134/><D134/><U26/><E71/><V84/><F84/><W54/><G54/><T132/><D132/><U50/><E65/><V38/><F38/><W6/><G6/><T92/><D0/><U7/><E7/><N who="2" m="3583" /><F79/><N who="1" m="30281" /><E80/><V116/><F116/><W110/><G110/><T17/><D129/><U108/><E98/><V43/><F43/><W93/><G93/><T90/><D92/><U47/><E108/><V120/><F120/><W83/><G83/><T14/><D81/><U106/><E106/><V23/><F24/><W20/><G86/><T13/><D78/><U75/><E26/><V46/><F46/><W57/><G57/><T49/><D44/><U39/><E39/><V66/><F66/><W21/><G85/><T25/><D25/><U64/><E64/><V36/><F36/><W74/><G74/><T122/><D122/><U5/><E75/><V102/><F102/><W107/><G107/><T117/><D117/><RYUUKYOKU ba="2,0" sc="180,-15,400,-15,220,15,200,15" hai2="23,27,52,59,60,72,73" hai3="16,18,19,20,21,113,115" /><INIT seed="2,3,0,4,3,98" ten="165,385,235,215" oya="2" hai0="57,41,16,26,28,132,7,22,67,100,10,12,37" hai1="99,79,43,0,121,91,118,58,17,60,63,61,45" hai2="21,5,114,56,116,122,86,46,124,39,125,49,130" hai3="90,42,15,70,53,108,34,9,115,107,69,89,14"/><V117/><F114/><W40/><G34/><T59/><D132/><U44/><E118/><V23/><F122/><W74/><G107/><T35/><D37/><U112/><E112/><V135/><F135/><W75/><G9/><T96/><D41/><U52/><E0/><V88/><F130/><W72/><G115/><T27/><REACH who="0" step="1"/><D67/><REACH who="0" ten="155,385,235,215" step="2"/><U6/><E43/><N who="3" m="16426" /><G53/><T95/><AGARI ba="3,1" hai="7,10,12,16,22,26,27,28,35,57,59,95,96,100" machi="95" ten="20,12000,2" yaku="1,1,0,1,7,1,52,1,54,1,53,1" doraHai="98" doraHaiUra="92" who="0" fromWho="0" sc="155,139,385,-33,235,-63,215,-33" /><INIT seed="3,0,0,4,4,67" ten="294,352,172,182" oya="3" hai0="42,129,48,38,47,123,120,13,50,86,97,69,92" hai1="103,113,49,1,17,29,2,4,128,55,8,117,12" hai2="106,88,73,44,112,115,130,78,91,26,76,133,80" hai3="77,71,16,53,14,9,125,114,132,101,83,41,45"/><W124/><G114/><N who="2" m="43561" /><F26/><W118/><G118/><T93/><D129/><U81/><E113/><V89/><F44/><W104/><G132/><T110/><D110/><U57/><E128/><V119/><F130/><W72/><G53/><T36/><D13/><U51/><E117/><V21/><F21/><W60/><G101/><T5/><D5/><U23/><E103/><V46/><F46/><W127/><G104/><T15/><D15/><U70/><E70/><V74/><F119/><W134/><G134/><T94/><D86/><U7/><E29/><V122/><F133/><W108/><G108/><T98/><D94/><U79/><E51/><V35/><F35/><W20/><G60/><T40/><D47/><U96/><E96/><V95/><F106/><W10/><REACH who="3" step="1"/><G71/><AGARI ba="0,0" hai="36,38,40,42,48,50,69,71,92,93,97,98,120,123" machi="71" ten="25,6400,0" yaku="22,2,52,2" doraHai="67" who="0" fromWho="3" sc="294,64,352,0,172,0,182,-64" owari="358,45.8,352,15.2,172,-22.8,118,-38.2" /></mjloggm>