<mjloggm ver="2.3"><GO type="225" lobby="0"/><UN n0="%E9%B3%B3%E6%9D%B1%E3%81%AE%E3%81%86%E3%81%95%E3%81%8E%E3%81%95%E3%82%93" n1="%33%74%72%65%65" n2="%4E%6F%2E%30%30%30%31" n3="%E9%80%9F%E6%B0%B4%E5%87%9B%E9%A6%99" dan="16,17,18,17" rate="2141.14,2216.56,2236.49,2170.21" sx="M,F,M,F"/><TAIKYOKU oya="0"/><BYE who="1" /><UN n1="%33%74%72%65%65" /><INIT seed="0,0,0,2,0,126" ten="250,250,250,250" oya="0" hai0="91,71,94,122,72,42,107,83,4,36,58,50,30" hai1="1,99,10,132,77,25,37,55,54,62,6,93,14" hai2="33,59,38,131,2,43,119,40,24,116,20,118,29" hai3="9,121,45,113,82,17,81,124,63,85,130,75,96"/><T114/><D114/><U106/><E132/><V98/><F2/><W18/><G113/><T117/><D117/><U19/><E106/><V68/><F68/><W46/><G124/><T70/><D122/><U90/><E37/><V103/><F38/><W67/><G121/><T47/><D107/><U111/><E111/><V27/><F59/><W0/><G0/><T115/><D115/><U64/><E77/><V52/><F52/><W56/><G75/><T22/><D4/><U80/><E80/><V135/><F135/><W125/><G81/><T21/><D83/><U57/><REACH who="1" step="1"/><E25/><REACH who="1" ten="250,240,250,250" step="2"/><V49/><F131/><W102/><G130/><T123/><D123/><U92/><E92/><N who="2" m="58823" /><F49/><W7/><G125/><T95/><D50/><U133/><E133/><V32/><F32/><W13/><G82/><T87/><D36/><U101/><E101/><V109/><F109/><W60/><G60/><T88/><D72/><U69/><E69/><V15/><F15/><W12/><G85/><T134/><D70/><U110/><E110/><V89/><F89/><W26/><G102/><T84/><D71/><U129/><E129/><V127/><F127/><W73/><G26/><T34/><D134/><U31/><E31/><AGARI ba="0,1" hai="20,24,27,29,31,33,40,43,116,118,119" m="58823" machi="31" ten="30,1000,0" yaku="12,1" doraHai="126" who="2" fromWho="1" sc="250,0,240,-10,250,20,250,0" /><INIT seed="1,0,0,4,5,24" ten="250,230,270,250" oya="1" hai0="77,45,130,93,74,108,58,97,85,2,102,124,14" hai1="12,47,126,75,17,57,46,44,78,25,26,5,76" hai2="91,89,122,123,41,83,119,131,128,61,9,65,133" hai3="33,121,35,56,34,82,49,120,48,50,39,113,1"/><U36/><E36/><V3/><F119/><W107/><G39/><T72/><D2/><U109/><E126/><V116/><F116/><W104/><G1/><T100/><D124/><U54/><E5/><N who="2" m="1215" /><F41/><W13/><G56/><T105/><D108/><U103/><E103/><V4/><F4/><W118/><G118/><T90/><D130/><N who="2" m="49706" /><F133/><W27/><G27/><N who="1" m="10250" /><E75/><V110/><F83/><W8/><G82/><T0/><D0/><U129/><E109/><V30/><F30/><W70/><G70/><T84/><D72/><U6/><E6/><V40/><F40/><W69/><G69/><T98/><D74/><U94/><E94/><V37/><F37/><W92/><G92/><T19/><D93/><U42/><E42/><V52/><F52/><W7/><REACH who="3" step="1"/><G113/><REACH who="3" ten="250,230,270,240" step="2"/><T134/><D58/><U64/><E129/><V51/><F110/><W86/><G86/><T23/><D84/><U63/><E64/><V32/><F32/><W111/><G111/><T106/><D85/><U117/><E117/><V67/><F67/><W132/><G132/><T96/><D134/><U55/><E55/><V20/><F65/><W59/><G59/><T99/><D45/><U135/><E135/><V95/><F95/><W115/><G115/><T114/><D114/><U80/><E80/><V127/><F127/><W31/><G31/><T38/><D38/><U88/><E88/><V112/><F112/><W71/><G71/><T53/><D90/><U79/><E47/><V15/><F91/><W21/><G21/><AGARI ba="0,1" hai="12,17,21,44,46,54,57,63,76,78,79" m="10250" machi="21" ten="30,1500,0" yaku="8,1" doraHai="24" who="1" fromWho="3" sc="250,0,230,25,270,0,240,-15" /><INIT seed="1,1,0,2,4,47" ten="250,255,270,225" oya="1" hai0="108,35,89,133,27,50,5,86,93,106,32,45,28" hai1="127,96,33,48,78,16,7,31,126,13,94,59,51" hai2="134,117,120,113,22,19,43,84,54,44,79,42,71" hai3="63,15,38,82,55,90,81,4,73,112,64,72,80"/><U6/><E78/><V67/><F117/><W121/><G38/><T125/><D108/><U88/><E31/><V77/><F120/><W131/><G121/><T104/><D133/><U56/><E33/><V17/><F134/><W11/><G112/><T105/><D125/><N who="1" m="47627" /><E59/><V12/><F71/><W41/><G41/><N who="2" m="15369" /><F67/><W115/><G115/><T66/><D5/><N who="1" m="1547" /><E56/><V85/><F113/><W135/><G135/><T53/><D66/><U132/><E132/><V92/><F79/><W74/><G131/><T97/><REACH who="0" step="1"/><D32/><REACH who="0" ten="240,255,270,225" step="2"/><U75/><E75/><V3/><F3/><W2/><G2/><T109/><D109/><U129/><E129/><V10/><F77/><W29/><G64/><T8/><D8/><AGARI ba="1,1" hai="8,13,16,48,51,88,94,96" m="1547,47627" machi="8" ten="30,12000,1" yaku="18,1,52,2,54,2" doraHai="47" who="1" fromWho="0" sc="240,-123,255,133,270,0,225,0" /><INIT seed="1,2,0,3,3,74" ten="117,388,270,225" oya="1" hai0="64,95,109,25,58,100,87,1,49,81,127,106,76" hai1="110,57,91,5,63,54,6,96,7,14,17,112,98" hai2="59,97,134,89,99,68,51,20,38,71,30,70,44" hai3="77,41,93,133,104,114,26,102,80,79,119,27,128"/><U52/><E112/><V43/><F134/><W37/><G114/><T32/><D127/><U126/><E126/><V107/><F107/><W46/><G133/><T9/><D109/><U101/><E110/><V56/><F89/><W47/><G104/><T67/><D106/><U24/><E101/><V4/><F4/><W34/><G128/><T103/><D1/><U23/><E54/><V18/><F30/><W10/><G119/><T135/><D135/><U50/><E50/><V111/><F111/><W8/><G102/><T72/><D9/><N who="1" m="4399" /><E98/><V65/><F59/><W29/><G93/><AGARI ba="2,0" hai="6,7,17,23,24,52,57,63,91,93,96" m="4399" machi="93" ten="30,5800,0" yaku="25,1,8,1,54,1" doraHai="74" who="1" fromWho="3" sc="117,0,388,64,270,0,225,-64" /><INIT seed="1,3,0,1,5,87" ten="117,452,270,161" oya="1" hai0="78,42,111,16,33,13,25,84,21,104,77,6,28" hai1="74,19,23,52,130,15,125,127,68,133,98,58,88" hai2="80,3,126,113,75,30,44,120,86,115,105,17,81" hai3="67,0,129,8,76,40,72,117,27,38,116,90,31"/><U36/><E74/><V131/><F3/><W114/><G67/><T132/><D132/><U12/><E68/><V123/><F30/><W103/><G114/><N who="2" m="43529" /><F44/><W7/><G129/><T97/><D111/><U124/><E36/><V50/><F50/><W83/><G103/><T82/><D42/><U70/><E70/><V71/><F17/><W29/><G29/><T20/><D6/><U134/><E12/><V135/><F71/><W128/><G128/><T43/><D43/><U122/><E122/><V2/><F2/><W63/><G63/><T62/><D62/><N who="1" m="36167" /><E130/><V55/><F55/><W110/><G110/><T101/><REACH who="0" step="1"/><D77/><REACH who="0" ten="107,452,270,161" step="2"/><U56/><E134/><V118/><F131/><W45/><REACH who="3" step="1"/><G90/><REACH who="3" ten="107,452,270,151" step="2"/><T4/><D4/><U107/><E133/><V94/><F135/><W66/><G66/><T37/><D37/><U59/><E127/><V46/><F126/><W1/><G1/><T100/><D100/><U121/><E125/><V73/><F123/><W93/><G93/><T39/><D39/><U99/><E121/><V89/><F120/><W108/><G108/><T10/><AGARI ba="3,2" hai="10,13,16,20,21,25,28,33,78,82,84,97,101,104" machi="10" ten="20,8000,1" yaku="1,1,0,1,7,1,54,1,53,1" doraHai="87" doraHaiUra="5" who="0" fromWho="0" sc="107,109,452,-43,270,-23,151,-23" /><INIT seed="2,0,0,3,3,63" ten="216,409,247,128" oya="2" hai0="10,114,75,111,58,30,2,83,43,31,19,120,28" hai1="25,130,3,9,132,36,29,93,34,100,92,78,97" hai2="45,5,117,103,102,77,88,26,44,99,121,110,129" hai3="65,24,14,94,128,13,79,16,52,107,82,22,61"/><V85/><F117/><W115/><G107/><T68/><D68/><U33/><E36/><V73/><F121/><W84/><G128/><T37/><D114/><U17/><E132/><V1/><F129/><W95/><G115/><T124/><D120/><U71/><E78/><V51/><F103/><W122/><G122/><T62/><D111/><U69/><E34/><V59/><F110/><W11/><G52/><T67/><D124/><U48/><E130/><V0/><F26/><W98/><G98/><T7/><D19/><U66/><E71/><V80/><F59/><W42/><G42/><T105/><D105/><N who="1" m="63631" /><E48/><V81/><F5/><W18/><REACH who="3" step="1"/><G14/><REACH who="3" ten="216,409,247,118" step="2"/><T35/><D43/><U57/><E3/><V112/><F112/><W60/><G60/><T50/><D62/><N who="1" m="40151" /><E57/><AGARI ba="0,1" hai="11,13,16,18,22,24,57,61,65,79,82,84,94,95" machi="57" ten="30,8000,1" yaku="1,1,7,1,8,1,52,1,54,1,53,0" doraHai="63" doraHaiUra="113" who="3" fromWho="1" sc="216,0,409,-80,247,0,118,90" /><INIT seed="3,0,0,1,4,120" ten="216,329,247,208" oya="3" hai0="55,98,128,20,43,25,35,88,49,78,13,26,39" hai1="63,41,74,96,132,131,44,72,59,113,51,89,87" hai2="19,53,97,37,107,14,42,30,92,50,62,105,80" hai3="28,15,109,18,86,7,52,103,40,27,102,57,5"/><W116/><G116/><T104/><D35/><U70/><E113/><V118/><F118/><W115/><G40/><T0/><D0/><U34/><E34/><V61/><F30/><W106/><G106/><T71/><D71/><U133/><E96/><V1/><F1/><W48/><G115/><T4/><D128/><U124/><E70/><V84/><F37/><W29/><G109/><T125/><D125/><U130/><E74/><V6/><F6/><N who="3" m="2059" /><G27/><N who="0" m="10251" /><D104/><U32/><E72/><V23/><F42/><W56/><G56/><N who="0" m="32879" /><D39/><U129/><E32/><V64/><F64/><W10/><G86/><T82/><D43/><U99/><E124/><V17/><F107/><W65/><G65/><T11/><D20/><U100/><E99/><V90/><F105/><W45/><G57/><T31/><D31/><AGARI ba="0,0" hai="10,15,18,28,29,31,45,48,52,102,103" m="2059" machi="31" ten="30,2900,0" yaku="8,1,54,1" doraHai="120" who="3" fromWho="0" sc="216,-29,329,0,247,0,208,29" /><INIT seed="3,1,0,5,1,53" ten="187,329,247,237" oya="3" hai0="49,28,88,69,3,24,80,2,35,19,34,117,12" hai1="43,68,89,126,98,108,45,128,93,121,67,78,59" hai2="60,5,127,134,130,41,16,31,21,46,107,54,101" hai3="38,83,66,25,85,96,8,22,39,113,131,111,7"/><W123/><G113/><T44/><D117/><U62/><E121/><V114/><F114/><W94/><G123/><T32/><D69/><U56/><E108/><V81/><F130/><W105/><G105/><T132/><D132/><U26/><E128/><V51/><F134/><W63/><G131/><T86/><D2/><U10/><E126/><V71/><F127/><W52/><G111/><T14/><D3/><U15/><E26/><V120/><F31/><W129/><G129/><T110/><D12/><U33/><E78/><V97/><F5/><W55/><G38/><T9/><REACH who="0" step="1"/><D110/><REACH who="0" ten="177,329,247,237" step="2"/><U0/><E0/><V75/><F71/><W1/><G1/><T103/><D103/><U84/><E15/><V91/><F101/><N who="3" m="60567" /><G7/><T112/><D112/><U48/><E68/><V76/><F120/><W100/><G100/><T79/><D79/><U122/><E122/><V64/><F76/><N who="3" m="46311" /><G8/><T133/><D133/><U17/><E10/><V119/><F119/><W73/><G73/><T50/><D50/><U87/><E48/><V40/><F51/><W124/><G124/><T30/><D30/><U106/><E89/><V6/><F91/><W11/><G11/><T135/><D135/><U27/><E106/><V104/><F6/><W36/><G36/><T90/><D90/><U70/><E70/><N who="2" m="42247" /><F107/><W57/><G39/><T65/><D65/><U82/><E67/><V42/><F104/><W92/><G92/><T23/><D23/><U116/><E93/><V20/><F20/><W109/><G109/><T58/><D58/><U72/><E116/><V102/><F75/><W74/><G74/><RYUUKYOKU ba="1,1" sc="177,15,329,-15,247,-15,237,15" hai0="9,14,19,24,28,32,34,35,44,49,80,86,88" hai3="22,25,52,55,57,63,66" /><INIT seed="3,2,1,5,1,95" ten="192,314,232,252" oya="3" hai0="121,129,132,116,75,13,82,14,77,54,2,96,81" hai1="1,123,25,99,113,52,109,74,39,68,86,33,56" hai2="34,94,119,103,32,134,20,0,111,125,49,41,36" hai3="107,76,15,83,118,114,9,17,69,128,135,48,98"/><W131/><G69/><T31/><D116/><U51/><E74/><V70/><F119/><W80/><G118/><T22/><D121/><U130/><E123/><V63/><F0/><W124/><G114/><T40/><D2/><U78/><E113/><V57/><F111/><W85/><G135/><T84/><D132/><U28/><E109/><V104/><F104/><W67/><G67/><T65/><D129/><U37/><E1/><V91/><F103/><W23/><G83/><T45/><D65/><U8/><E8/><V10/><F10/><W105/><G124/><T72/><D54/><U102/><E68/><V60/><F134/><W50/><G23/><T106/><D31/><U43/><E43/><V21/><F125/><W133/><G133/><T59/><D59/><U53/><E53/><N who="2" m="31919" /><F34/><W7/><G7/><T93/><D106/><U4/><E4/><V27/><F70/><W73/><G73/><T3/><D3/><U66/><E66/><V108/><F108/><W18/><G18/><T88/><D22/><N who="2" m="8810" /><F27/><W46/><G107/><T12/><REACH who="0" step="1"/><D82/><REACH who="0" ten="182,314,232,252" step="2"/><U89/><E130/><V58/><F58/><W127/><G127/><T55/><D55/><U122/><E52/><V5/><F32/><W71/><G131/><T87/><D87/><U42/><E86/><N who="2" m="52599" /><F63/><W26/><G128/><T126/><D126/><U120/><E120/><V62/><F60/><W6/><G71/><T30/><D30/><N who="1" m="19663" /><E122/><V92/><F62/><W79/><G105/><T16/><D16/><U11/><E28/><V90/><F5/><W97/><G6/><T112/><D112/><U100/><E56/><RYUUKYOKU ba="2,2" sc="182,30,314,-10,232,-10,252,-10" hai0="12,13,14,40,45,72,75,77,81,84,88,93,96" owari="212,-28.8,324,42.4,222,-17.8,242,4.2" /></mjloggm>