<mjloggm ver="2.3"><GO type="225" lobby="0"/><UN n0="%E6%80%AA%E3%81%97%E3%81%99%E3%81%8E%E3%82%8B%E3%83%81%E3%83%BC" n1="%E3%82%BC%E3%83%AB%E3%83%80%E3%81%AE%E4%BC%9D%E8%AA%AC" n2="%E8%A8%88%E7%AE%97%E6%A9%9F%E8%87%AA%E7%84%B6" n3="%E3%81%8F%E3%82%8A%E3%83%94%E3%83%BC" dan="16,16,17,16" rate="2151.14,2105.24,2224.23,2090.69" sx="M,M,M,M"/><TAIKYOKU oya="0"/><INIT seed="0,0,0,0,5,19" ten="250,250,250,250" oya="0" hai0="88,133,28,6,29,25,108,14,15,70,132,103,7" hai1="75,22,63,54,81,117,130,44,106,58,79,113,112" hai2="47,76,86,97,46,10,99,55,127,68,2,96,78" hai3="43,92,57,23,11,98,24,34,41,77,48,105,59"/><T38/><D38/><U85/><E117/><V31/><F68/><W93/><G105/><T100/><D70/><U134/><E134/><N who="0" m="51817" /><D108/><U129/><E106/><V64/><F64/><W71/><G34/><N who="0" m="20751" /><D29/><U17/><E44/><V42/><F127/><W107/><G107/><T120/><D120/><U0/><E0/><V89/><F31/><W1/><G71/><T52/><D88/><U104/><E104/><V20/><F2/><W122/><G1/><T37/><D37/><U3/><E3/><V39/><F10/><W30/><G77/><T21/><D52/><U5/><E75/><V50/><REACH who="2" step="1"/><F20/><REACH who="2" ten="250,250,240,250" step="2"/><W126/><G23/><T121/><D121/><U32/><E32/><V131/><F131/><N who="1" m="50185" /><E5/><N who="0" m="1545" /><D21/><U95/><E22/><V33/><F33/><W74/><G126/><T53/><D15/><U60/><E17/><V101/><F101/><W66/><G122/><T26/><D14/><U80/><E113/><V51/><F51/><W36/><G48/><T87/><D26/><U114/><E114/><V115/><F115/><W82/><G24/><T119/><D100/><U84/><E112/><V102/><F102/><W13/><G13/><T125/><D103/><U72/><E63/><V123/><F123/><W124/><G124/><T61/><D125/><U9/><E9/><V8/><F8/><W90/><G11/><T118/><D87/><U94/><E84/><V16/><F16/><W69/><G30/><T128/><D128/><U83/><E85/><V62/><F62/><N who="3" m="38223" /><G36/><T18/><D18/><U4/><E4/><V116/><F116/><N who="0" m="44586" /><D61/><U67/><E67/><V135/><F135/><RYUUKYOKU ba="0,1" sc="250,10,250,10,240,10,250,-30" hai0="53" hai1="54,58,60,72,79,80,81,83,94,95" hai2="39,42,46,47,50,55,76,78,86,89,96,97,99" /><INIT seed="0,1,1,5,3,107" ten="260,260,250,220" oya="0" hai0="82,4,63,59,19,134,103,0,112,56,128,58,131" hai1="33,54,47,1,57,123,7,91,9,45,8,30,61" hai2="121,90,46,26,78,23,109,50,101,87,21,77,35" hai3="60,73,76,6,115,69,95,70,48,44,133,96,79"/><T106/><D112/><U105/><E123/><V127/><F121/><W92/><G115/><T102/><D134/><U28/><E105/><V32/><F109/><W88/><G133/><T117/><D117/><U52/><E33/><V36/><F36/><W135/><G135/><T120/><D120/><U18/><E91/><V2/><F2/><W93/><G6/><T27/><D63/><U114/><E114/><V13/><F101/><W99/><G93/><T31/><D19/><U16/><E45/><V124/><F13/><W104/><G104/><T125/><D125/><N who="2" m="48202" /><F77/><W98/><G60/><T43/><D43/><U55/><E47/><V89/><F78/><W119/><G119/><T72/><D106/><U116/><E116/><V75/><F75/><W100/><G98/><T108/><D108/><U67/><REACH who="1" step="1"/><E8/><REACH who="1" ten="260,250,250,220" step="2"/><V84/><F32/><W24/><G79/><N who="0" m="44391" /><D103/><U68/><E68/><V113/><F113/><W53/><REACH who="3" step="1"/><G24/><REACH who="3" ten="260,250,250,210" step="2"/><T25/><D27/><U74/><E74/><V94/><F26/><W65/><G65/><T122/><D25/><U42/><E42/><N who="2" m="24919" /><F35/><W37/><G37/><T81/><D122/><U111/><E111/><V22/><F89/><W34/><G34/><T15/><D102/><U85/><E85/><AGARI ba="1,3" hai="21,22,23,84,85,87,90,94" m="24919,48202" machi="85" ten="30,1000,0" yaku="18,1" doraHai="107" who="2" fromWho="1" sc="260,0,250,-13,250,43,210,0" /><INIT seed="1,0,0,3,2,16" ten="260,237,293,210" oya="1" hai0="98,8,104,96,65,2,57,69,18,22,131,91,66" hai1="67,17,42,43,112,33,116,133,102,93,25,95,90" hai2="64,56,120,44,118,72,30,117,99,58,134,83,84" hai3="80,1,81,36,7,50,52,63,126,92,13,20,62"/><U40/><E112/><V14/><F120/><W10/><G36/><T35/><D35/><U0/><E116/><V71/><F72/><W79/><G126/><T23/><D131/><U31/><E0/><V48/><F134/><W47/><G81/><T73/><D73/><U110/><E133/><V97/><F71/><W46/><G46/><T60/><D104/><U100/><E110/><V9/><F30/><W6/><G92/><T106/><D106/><U4/><E4/><N who="2" m="3367" /><F118/><W88/><G88/><T21/><D69/><U108/><E108/><V125/><F125/><W75/><REACH who="3" step="1"/><G6/><REACH who="3" ten="260,237,293,200" step="2"/><T24/><D66/><U41/><E67/><V87/><F117/><W105/><G105/><T123/><D123/><U119/><E95/><V53/><F84/><W49/><G49/><T32/><D91/><U38/><E119/><V127/><F127/><W77/><G77/><T29/><REACH who="0" step="1"/><D2/><REACH who="0" ten="250,237,293,200" step="2"/><U11/><E38/><V26/><F64/><W101/><G101/><T103/><D103/><U124/><E124/><V94/><F94/><W107/><G107/><T59/><D59/><U121/><E121/><V132/><F132/><W89/><G89/><T135/><D135/><U129/><E102/><V28/><F56/><W34/><G34/><T19/><D19/><AGARI ba="0,2" hai="1,7,10,13,19,20,47,50,52,62,63,75,79,80" machi="19" ten="40,8000,1" yaku="1,1,52,1,54,1,53,1" doraHai="16" doraHaiUra="51" who="3" fromWho="0" sc="250,-80,237,0,293,0,200,100" /><INIT seed="2,0,0,5,1,35" ten="170,237,293,300" oya="2" hai0="79,32,90,15,61,92,120,132,98,94,52,66,71" hai1="17,44,20,129,117,13,99,89,85,104,133,119,77" hai2="30,18,1,62,78,14,40,43,59,111,33,56,64" hai3="26,105,108,122,102,37,23,73,107,9,0,88,65"/><V101/><F111/><W48/><G122/><T123/><D132/><U118/><E133/><V27/><F78/><W53/><G37/><T7/><D32/><U75/><E129/><V114/><F114/><W109/><G73/><T110/><D110/><N who="3" m="42601" /><G102/><T21/><D79/><U36/><E36/><V124/><F124/><W19/><G65/><T16/><D7/><U25/><E44/><V76/><F101/><W128/><G128/><T34/><D34/><U24/><E99/><V31/><F31/><W72/><G72/><T134/><D134/><U6/><E104/><V74/><F56/><N who="3" m="32807" /><G88/><T50/><REACH who="0" step="1"/><D94/><REACH who="0" ten="160,237,293,300" step="2"/><U100/><E6/><AGARI ba="0,1" hai="0,6,9,19,23,26,105,107" m="32807,42601" machi="6" ten="30,2000,0" yaku="14,1,52,1" doraHai="35" who="3" fromWho="1" sc="160,0,237,-20,293,0,300,30" /><INIT seed="3,0,0,3,2,135" ten="160,217,293,330" oya="3" hai0="88,108,0,1,50,97,122,124,115,9,80,87,59" hai1="35,21,66,56,121,54,127,27,53,43,133,4,75" hai2="51,36,120,19,123,62,83,10,46,107,98,33,37" hai3="102,128,77,82,109,44,70,58,117,65,48,22,92"/><W52/><G117/><T101/><D122/><U30/><E75/><V71/><F33/><W125/><G125/><T38/><D38/><U2/><E43/><V116/><F83/><W11/><G128/><T118/><D118/><U5/><E66/><N who="2" m="41431" /><F19/><W131/><G131/><T119/><D119/><U8/><E54/><N who="2" m="30071" /><F10/><W13/><G70/><T81/><D108/><U134/><E5/><V93/><F107/><W3/><G3/><T25/><D124/><U45/><E127/><V86/><F86/><N who="3" m="48463" /><G22/><T42/><D115/><U34/><E34/><V100/><F116/><W106/><G106/><T57/><D81/><U105/><E105/><V67/><F93/><W113/><G109/><T39/><D39/><N who="2" m="14922" /><F98/><N who="3" m="59719" /><G113/><T17/><D1/><U26/><E21/><V29/><F29/><W72/><G72/><T12/><D0/><U63/><E30/><V32/><F100/><W7/><G65/><T103/><D25/><U61/><E27/><V69/><F32/><W126/><G126/><T94/><REACH who="0" step="1"/><D101/><REACH who="0" ten="150,217,293,330" step="2"/><U55/><E26/><V40/><F120/><W23/><G13/><T14/><D14/><U96/><E2/><V31/><F123/><W16/><G7/><T111/><D111/><U110/><E110/><V60/><F31/><W130/><G130/><T104/><D104/><U18/><E121/><V112/><F112/><W79/><G79/><T6/><D6/><U64/><E4/><V91/><F91/><W73/><G73/><T49/><D49/><U78/><E78/><V28/><F28/><W74/><G74/><T15/><D15/><U85/><E35/><V76/><F76/><RYUUKYOKU ba="0,1" sc="150,15,217,-15,293,15,330,-15" hai0="9,12,17,42,50,57,59,80,87,88,94,97,103" hai2="40,60,67,69" owari="165,-33.5,202,-19.8,308,10.8,325,42.5" /></mjloggm>