<mjloggm ver="2.3"><GO type="225" lobby="0"/><UN n0="%E6%A1%9C%E8%8A%B1%E9%96%83%E3%80%85" n1="%E3%81%BF%E3%81%BF%E3%81%9A" n2="%E3%81%B5%E3%81%98%E3%81%8B%E3%81%A4" n3="%61%73%61%64%61%31%32" dan="16,17,16,16" rate="2112.82,2245.35,2213.81,2097.95" sx="M,M,M,M"/><TAIKYOKU oya="0"/><INIT seed="0,0,0,3,0,56" ten="250,250,250,250" oya="0" hai0="90,51,77,21,126,98,73,16,20,49,97,95,39" hai1="12,59,117,26,80,27,105,37,110,38,79,9,89" hai2="2,129,127,122,42,88,14,25,103,123,81,65,43" hai3="33,17,114,7,22,120,30,23,3,45,121,92,102"/><T60/><D126/><U0/><E117/><V24/><F2/><W28/><G102/><T119/><D119/><U55/><E105/><V70/><F127/><W71/><G92/><T41/><D97/><U68/><E68/><V108/><F103/><W134/><G45/><T76/><D39/><U104/><E104/><V66/><F14/><N who="3" m="9527" /><G71/><T52/><D21/><U48/><E0/><V107/><F107/><W64/><G64/><T125/><D125/><U34/><E110/><V29/><F29/><W8/><G114/><T19/><D19/><U112/><E112/><V11/><F11/><W83/><G83/><T4/><D4/><U47/><E89/><V15/><F15/><W133/><G28/><T100/><D100/><U91/><E91/><V18/><F70/><W116/><G23/><T67/><D41/><U130/><E34/><V87/><F108/><W36/><G36/><T13/><D73/><U124/><E124/><V57/><F66/><W135/><G116/><T86/><D98/><U61/><E130/><V32/><F129/><W113/><G113/><T85/><D85/><N who="1" m="48287" /><E37/><V69/><F69/><W109/><G109/><T132/><D132/><U10/><E38/><V131/><F131/><W31/><G31/><T118/><D118/><U35/><E35/><V63/><F32/><W75/><G75/><T40/><D40/><N who="1" m="24679" /><E9/><V94/><F81/><W93/><G93/><T82/><D82/><U5/><AGARI ba="0,0" hai="5,10,12,26,27,55,59,61" m="24679,48287" machi="5" ten="30,4000,0" yaku="25,1,8,1,52,1" doraHai="56" who="1" fromWho="1" sc="250,-20,250,40,250,-10,250,-10" /><INIT seed="1,0,0,0,3,43" ten="230,290,240,240" oya="1" hai0="35,79,115,51,90,124,22,89,131,29,59,120,34" hai1="46,101,26,106,21,31,69,74,61,58,83,20,28" hai2="40,93,78,36,103,75,122,50,33,39,125,17,60" hai3="42,113,87,10,1,19,111,41,105,57,108,65,54"/><U7/><E7/><V112/><F122/><W23/><G105/><T63/><D115/><U109/><E109/><N who="3" m="42058" /><G65/><T5/><D120/><U27/><E69/><V84/><F17/><W104/><G104/><T85/><D124/><U62/><E106/><V66/><F50/><N who="3" m="30935" /><G113/><T38/><D38/><U95/><E74/><V88/><F112/><W96/><G96/><T128/><D5/><U2/><E2/><V130/><F130/><N who="0" m="49706" /><D51/><U98/><E83/><V72/><F33/><N who="0" m="12298" /><D22/><U15/><E15/><V32/><F32/><W119/><G119/><T73/><D29/><U56/><E46/><V48/><F36/><W118/><G118/><T3/><D3/><U47/><E47/><V86/><F39/><W76/><G10/><T126/><D73/><U68/><E68/><V14/><F14/><N who="3" m="9719" /><G1/><T12/><D12/><U132/><E132/><V99/><F72/><W16/><G16/><T91/><D126/><U44/><E44/><V45/><F75/><W52/><G52/><N who="0" m="34279" /><D79/><U82/><E58/><N who="2" m="37143" /><F78/><W97/><G97/><T94/><AGARI ba="0,0" hai="85,89,90,91,94" m="34279,12298,49706" machi="94" ten="30,2000,0" yaku="19,1,54,1" doraHai="43" who="0" fromWho="0" sc="230,20,290,-10,240,-5,240,-5" /><INIT seed="2,0,0,0,0,102" ten="250,280,235,235" oya="2" hai0="132,105,39,107,131,33,46,26,16,28,1,118,29" hai1="72,15,30,91,123,60,36,63,99,8,57,120,47" hai2="27,124,44,95,20,80,76,52,119,94,49,100,55" hai3="45,54,90,103,82,92,53,32,59,40,51,115,4"/><V122/><F119/><W0/><G32/><T23/><D118/><U6/><E72/><V41/><F122/><N who="1" m="46633" /><E30/><V7/><F124/><W85/><G115/><T84/><D131/><U133/><E133/><V19/><F7/><W22/><G0/><T13/><D132/><U98/><E91/><V89/><F100/><W108/><G108/><T78/><D29/><U5/><E5/><V61/><F61/><N who="1" m="23625" /><E57/><V50/><F89/><W110/><G110/><T62/><D62/><U9/><E9/><V116/><F116/><W112/><G4/><T135/><D135/><U69/><E69/><V43/><F43/><AGARI ba="0,0" hai="6,8,15,36,43,47,98,99" m="23625,46633" machi="43" ten="30,1000,0" yaku="13,1" doraHai="102" who="1" fromWho="2" sc="250,0,280,10,235,-10,235,0" /><INIT seed="3,0,0,1,2,105" ten="250,290,225,235" oya="3" hai0="96,0,89,10,48,86,103,39,104,78,53,100,60" hai1="116,52,46,55,30,118,44,121,122,120,59,42,24" hai2="82,20,57,88,115,54,130,91,18,29,84,124,11" hai3="4,26,27,133,63,7,5,129,65,22,28,70,13"/><W23/><G133/><T125/><D39/><N who="1" m="21599" /><E46/><V3/><F124/><W49/><G129/><T117/><D117/><N who="1" m="45163" /><E59/><V128/><F115/><W14/><REACH who="3" step="1"/><G49/><REACH who="3" ten="250,290,225,225" step="2"/><T92/><D48/><U134/><E134/><V67/><F130/><W72/><G72/><T79/><D125/><U34/><AGARI ba="0,1" hai="24,30,34,52,55,120,121,122" m="45163,21599" machi="34" ten="40,2700,0" yaku="12,1,54,1" doraHai="105" who="1" fromWho="1" sc="250,-7,290,37,225,-7,225,-13" owari="243,4.3,327,42.7,218,-18.2,212,-28.8" /></mjloggm>