<mjloggm ver="2.3"><GO type="225" lobby="0"/><UN n0="%62%6F%6E%6F%73%2E%2E" n1="%72%69%6F%75%63%68%61%6E" n2="%72%61%6B%33" n3="%6D%75%75%6D%75%72%61" dan="17,17,18,16" rate="2227.98,2246.14,2280.34,2144.17" sx="M,M,M,F"/><TAIKYOKU oya="0"/><INIT seed="0,0,0,2,4,44" ten="250,250,250,250" oya="0" hai0="59,123,105,106,65,114,41,122,2,126,125,130,21" hai1="17,27,19,80,20,77,36,47,83,120,112,31,51" hai2="99,3,29,1,115,127,124,118,129,6,23,5,60" hai3="89,64,11,131,57,25,73,56,38,12,101,86,119"/><T84/><D2/><U82/><E120/><N who="0" m="46121" /><D41/><U13/><E112/><V128/><F99/><W111/><G73/><T78/><D65/><U98/><E36/><V37/><F60/><W133/><G119/><T24/><D59/><U53/><E98/><V72/><F72/><W58/><G38/><T67/><D67/><U34/><REACH who="1" step="1"/><E19/><REACH who="1" ten="250,240,250,250" step="2"/><V90/><F37/><W43/><G64/><T79/><D114/><U121/><E121/><V134/><F115/><W62/><G62/><T49/><D125/><U46/><E46/><V45/><F45/><W95/><G57/><T61/><D126/><U55/><E55/><V50/><F127/><W117/><G58/><T14/><D61/><U71/><E71/><V107/><F124/><W91/><G56/><T92/><D49/><U87/><AGARI ba="0,1" hai="13,17,20,27,31,34,47,51,53,77,80,82,83,87" machi="87" ten="20,5200,0" yaku="1,1,0,1,7,1,52,1,53,0" doraHai="44" doraHaiUra="102" who="1" fromWho="1" sc="250,-26,240,62,250,-13,250,-13" /><INIT seed="1,0,0,3,0,18" ten="224,302,237,237" oya="1" hai0="46,34,20,73,103,0,50,16,60,121,123,122,58" hai1="4,13,118,67,86,106,78,27,11,107,70,110,75" hai2="37,5,97,102,82,134,19,8,88,61,104,81,49" hai3="56,108,23,7,38,98,40,30,42,64,74,128,130"/><U92/><E118/><V25/><F37/><W133/><G108/><T120/><D34/><U113/><E113/><V43/><F134/><W76/><G133/><T62/><D0/><U57/><E110/><V83/><F61/><N who="3" m="37927" /><G38/><T52/><D73/><U101/><E70/><V59/><F43/><W87/><G74/><T129/><N who="0" m="30720" /><DORA hai="36" /><T69/><D129/><N who="3" m="49769" /><G7/><T126/><D126/><U85/><E75/><V71/><F71/><W24/><G98/><T117/><D117/><U22/><E78/><V47/><F59/><W99/><G99/><T100/><D69/><U1/><E1/><V51/><F47/><W127/><G127/><T21/><D62/><N who="1" m="38351" /><E107/><V93/><F104/><W2/><G2/><T55/><REACH who="0" step="1"/><D21/><REACH who="0" ten="214,302,237,237" step="2"/><U131/><E131/><V3/><REACH who="2" step="1"/><F102/><REACH who="2" ten="214,302,227,237" step="2"/><W90/><G76/><T45/><D45/><U63/><E63/><V29/><F29/><W95/><AGARI ba="0,2" hai="23,24,30,40,42,87,90,95" m="49769,37927" machi="95" ten="30,7900,0" yaku="19,1,52,3" doraHai="18,36" who="3" fromWho="3" sc="214,-20,302,-39,227,-20,237,99" /><INIT seed="2,0,0,3,4,53" ten="194,263,207,336" oya="2" hai0="126,103,54,55,117,110,68,102,58,114,7,4,82" hai1="124,44,52,29,71,129,127,116,57,100,28,107,31" hai2="49,112,90,109,86,42,83,0,36,15,70,135,132" hai3="72,8,3,16,99,61,39,79,41,101,125,12,17"/><V98/><F0/><W108/><G3/><T35/><D114/><U93/><E116/><V133/><F112/><W96/><G108/><T22/><D68/><U47/><E107/><V45/><F109/><W19/><G125/><N who="1" m="48202" /><E71/><V46/><F70/><W63/><G72/><T91/><D35/><U76/><E129/><V119/><F119/><W24/><G79/><T21/><D117/><U88/><E100/><N who="0" m="38441" /><D126/><U115/><E76/><V10/><F98/><W34/><G96/><T33/><D33/><U122/><E122/><V48/><REACH who="2" step="1"/><F45/><REACH who="2" ten="194,263,197,336" step="2"/><W2/><G2/><T113/><D113/><U123/><E115/><V94/><F94/><W32/><G99/><T50/><D110/><U81/><E123/><V75/><F75/><W77/><G101/><T73/><D73/><U38/><E38/><V56/><F56/><W11/><G39/><T106/><D106/><U64/><E81/><V13/><F13/><W62/><G12/><T74/><D74/><U51/><E64/><V20/><F20/><N who="0" m="7786" /><D82/><U92/><E93/><V30/><F30/><W23/><G34/><T85/><D85/><AGARI ba="0,1" hai="28,29,31,44,47,51,52,57,85,88,92" m="48202" machi="85" ten="30,7700,0" yaku="18,1,52,1,54,2" doraHai="53" who="1" fromWho="0" sc="194,-77,263,87,197,0,336,0" /><INIT seed="3,0,0,0,2,68" ten="117,350,197,336" oya="3" hai0="110,40,81,117,38,0,108,57,41,69,59,97,30" hai1="80,90,105,53,56,72,66,71,106,16,126,89,129" hai2="62,112,37,19,49,32,101,9,65,109,27,91,79" hai3="60,111,76,45,24,15,58,12,44,48,10,23,115"/><W96/><G115/><T124/><D117/><U134/><E129/><V75/><F109/><W6/><G111/><N who="0" m="42539" /><D0/><U51/><E126/><V31/><F112/><W34/><G34/><T5/><D5/><U116/><E116/><V13/><F49/><W70/><G70/><T131/><D30/><U22/><E134/><V118/><F118/><W42/><G76/><T20/><D20/><U73/><E106/><V85/><F101/><W78/><G78/><T50/><D131/><U47/><E105/><V55/><F79/><W99/><G45/><N who="0" m="23703" /><D81/><U54/><E71/><V114/><F114/><W17/><G12/><T98/><D97/><U7/><E66/><AGARI ba="0,0" hai="6,10,15,17,23,24,42,44,48,58,60,66,96,99" machi="66" ten="30,2900,0" yaku="7,1,8,1" doraHai="68" who="3" fromWho="1" sc="117,0,350,-29,197,0,336,29" owari="117,-38.3,321,12.1,197,-20.3,365,46.5" /></mjloggm>