<mjloggm ver="2.3"><GO type="225" lobby="0"/><UN n0="%E3%81%BF%E3%81%BF%E3%81%9A" n1="%E7%99%BD%E6%97%A5%E9%9B%AA%E8%8F%9C" n2="%33%74%72%65%65" n3="%E3%80%93%E3%81%97%E3%83%BC%E3%82%89%E3%80%93" dan="17,17,16,16" rate="2278.53,2217.61,2118.51,2104.43" sx="M,M,F,M"/><TAIKYOKU oya="0"/><INIT seed="0,0,0,0,1,69" ten="250,250,250,250" oya="0" hai0="67,119,43,1,134,41,111,102,7,29,6,25,42" hai1="105,0,12,124,83,3,14,48,50,60,131,116,54" hai2="86,72,5,89,87,66,27,19,18,73,79,91,57" hai3="65,109,56,37,40,113,17,77,127,88,34,81,85"/><T11/><D119/><U106/><E116/><V75/><F5/><W26/><G113/><T92/><D134/><U108/><E108/><V52/><F66/><W63/><G109/><T16/><D111/><U21/><E124/><V117/><F117/><W76/><G127/><T132/><D132/><U97/><E60/><V96/><F79/><W30/><REACH who="3" step="1"/><G17/><REACH who="3" ten="250,250,250,240" step="2"/><T107/><D16/><U8/><E131/><V78/><F18/><W44/><AGARI ba="0,1" hai="26,30,34,37,40,44,56,63,65,76,77,81,85,88" machi="44" ten="30,12000,2" yaku="1,1,2,1,0,1,52,1,54,1,53,1" doraHai="69" doraHaiUra="22" who="3" fromWho="3" sc="250,-60,250,-30,250,-30,240,130" /><INIT seed="1,0,0,3,3,40" ten="190,220,220,370" oya="1" hai0="125,116,76,123,85,51,89,121,93,34,109,108,60" hai1="9,82,63,96,17,81,56,23,45,49,118,3,134" hai2="50,73,37,58,28,22,113,36,87,90,53,38,69" hai3="133,47,68,135,39,18,33,128,35,110,71,78,129"/><U11/><E118/><V61/><F73/><W92/><G78/><T88/><D34/><N who="3" m="12809" /><G18/><T130/><D116/><U111/><E134/><N who="3" m="51210" /><G92/><T27/><D27/><U95/><E111/><N who="0" m="42569" /><D130/><N who="3" m="50281" /><G110/><T21/><D125/><U10/><E3/><V114/><F114/><W80/><G80/><N who="0" m="47239" /><D21/><U65/><E23/><V103/><F22/><W13/><G13/><T26/><D26/><U24/><E24/><V101/><F113/><W94/><G94/><T131/><D131/><U124/><E17/><V48/><F28/><W79/><G79/><T25/><D25/><U74/><E74/><V102/><REACH who="2" step="1"/><F69/><REACH who="2" ten="190,220,210,370" step="2"/><W84/><G84/><T107/><D121/><U29/><E29/><V70/><F70/><W77/><G77/><T106/><D123/><U55/><REACH who="1" step="1"/><E124/><REACH who="1" ten="190,210,210,370" step="2"/><V43/><F43/><AGARI ba="0,2" hai="39,43,47,68,71" m="50281,51210,12809" machi="43" ten="40,8000,1" yaku="20,1,19,1,23,1,52,1" doraHai="40" who="3" fromWho="2" sc="190,0,210,0,210,-80,370,100" /><INIT seed="2,0,0,5,5,41" ten="190,210,130,470" oya="2" hai0="53,4,36,26,55,98,39,73,71,8,34,50,135" hai1="95,97,38,44,37,9,60,111,90,103,57,66,20" hai2="121,28,130,112,124,110,92,18,82,87,123,23,118" hai3="1,102,16,108,63,45,7,52,125,13,131,29,49"/><V79/><F112/><W47/><G108/><T56/><D73/><U70/><E111/><V69/><F118/><W10/><G125/><T33/><D71/><U126/><E126/><V32/><F110/><W77/><G131/><T129/><D129/><U75/><E75/><V120/><F124/><W113/><G77/><T127/><D127/><U133/><E133/><V89/><F130/><W43/><G102/><T62/><D135/><U72/><E72/><V122/><N who="2" m="30720" /><DORA hai="27" /><V61/><F32/><W85/><G29/><T114/><D114/><U134/><E134/><V116/><F116/><W96/><G85/><T58/><D98/><U65/><E20/><V5/><F5/><W78/><G96/><T128/><D128/><U6/><E44/><V119/><F119/><W115/><G78/><T24/><D24/><U30/><E30/><V46/><F28/><W25/><G25/><T15/><REACH who="0" step="1"/><D26/><REACH who="0" ten="180,210,130,470" step="2"/><U67/><E70/><V12/><F69/><W35/><G115/><T105/><D105/><U76/><E103/><V94/><F61/><W93/><G63/><T51/><D51/><U99/><E99/><V19/><F19/><W48/><G113/><T88/><D88/><U14/><REACH who="1" step="1"/><E76/><REACH who="1" ten="180,200,130,470" step="2"/><V86/><REACH who="2" step="1"/><F46/><REACH who="2" ten="180,200,120,470" step="2"/><W109/><G47/><T84/><D84/><U101/><E101/><V59/><F59/><W42/><G45/><T83/><D83/><AGARI ba="0,3" hai="12,18,23,79,82,83,86,87,89,92,94" m="30720" machi="83" ten="70,3400,0" yaku="1,1,53,0" doraHai="41,27" doraHaiUra="104,106" who="2" fromWho="0" sc="180,-34,200,0,120,64,470,0" /><INIT seed="2,1,0,2,2,76" ten="146,200,184,470" oya="2" hai0="78,93,105,98,58,106,55,113,68,103,110,59,89" hai1="80,56,133,108,116,11,36,51,39,27,104,50,8" hai2="119,83,41,130,102,5,79,87,43,61,127,35,53" hai3="0,74,96,97,37,20,47,16,132,30,114,123,99"/><V90/><F119/><W112/><G0/><T111/><D113/><N who="3" m="43625" /><G30/><T54/><D68/><U28/><E116/><V70/><F130/><W44/><G132/><T75/><D59/><U84/><E104/><V10/><F127/><W92/><G74/><T7/><D7/><U135/><E108/><N who="0" m="41513" /><D58/><U1/><E1/><V82/><F35/><W100/><G123/><T73/><D54/><N who="1" m="31831" /><E39/><V95/><F53/><W4/><G4/><T52/><D106/><U120/><E36/><V60/><F70/><W12/><G44/><T48/><D48/><U125/><E51/><V62/><F102/><W121/><G121/><T117/><D117/><U122/><E125/><V57/><F57/><W107/><G92/><T64/><D64/><U32/><E122/><V19/><F95/><W128/><G128/><T115/><D115/><U77/><E120/><V24/><F5/><W29/><G29/><T45/><D45/><U22/><E32/><V15/><REACH who="2" step="1"/><F24/><REACH who="2" ten="146,200,174,470" step="2"/><N who="3" m="14343" /><G100/><T134/><D134/><AGARI ba="1,1" hai="8,11,22,27,28,77,80,84,133,134,135" m="31831" machi="134" ten="30,2000,0" yaku="20,1,52,1" doraHai="76" who="1" fromWho="0" sc="146,-23,200,33,174,0,470,0" /><INIT seed="3,0,0,0,3,46" ten="123,233,174,470" oya="3" hai0="61,6,23,25,3,5,33,103,43,123,119,85,128" hai1="129,70,110,26,48,53,27,15,87,112,42,118,40" hai2="19,72,120,115,133,58,8,95,11,127,32,67,59" hai3="71,52,130,90,22,97,44,99,132,29,125,10,1"/><W74/><G71/><T56/><D119/><U68/><E112/><V45/><F115/><W124/><G74/><T108/><D123/><U28/><E118/><V51/><F133/><W17/><G29/><T80/><D108/><U64/><E129/><V102/><F127/><W81/><G10/><N who="2" m="3625" /><F32/><W12/><G1/><T55/><D33/><U76/><E15/><V117/><F72/><W63/><G132/><T7/><D128/><U14/><E14/><V84/><F117/><W121/><G130/><T30/><D3/><U57/><E26/><V104/><F104/><W105/><G121/><T54/><D43/><U4/><E4/><V35/><F35/><W114/><G105/><T77/><REACH who="0" step="1"/><D103/><REACH who="0" ten="113,233,174,470" step="2"/><U92/><E42/><N who="2" m="25015" /><F120/><W79/><G124/><T91/><D91/><U135/><E110/><V116/><F116/><W31/><G90/><T131/><D131/><U73/><E135/><V109/><F109/><W62/><G125/><T122/><D122/><U36/><E40/><V88/><F102/><W39/><G114/><T89/><D89/><U107/><E76/><V9/><F67/><AGARI ba="0,1" hai="5,6,7,23,25,30,54,55,56,61,67,77,80,85" machi="67" ten="40,2600,0" yaku="1,1,8,1,53,0" doraHai="46" doraHaiUra="37" who="0" fromWho="2" sc="113,36,233,0,174,-26,470,0" owari="149,-25.1,233,3.3,148,-35.2,470,57.0" /></mjloggm>