<mjloggm ver="2.3"><GO type="225" lobby="0"/><UN n0="%E3%82%B2%E3%82%B9%E8%8C%82%E5%8B%9D" n1="%E3%81%BF%E3%81%BF%E3%81%9A" n2="%4C%4F%4C%49%54%41" n3="%70%68%65%6E%6F%6D%65" dan="16,16,16,16" rate="2136.34,2167.98,2171.68,2099.09" sx="F,M,F,M"/><TAIKYOKU oya="0"/><INIT seed="0,0,0,0,3,91" ten="250,250,250,250" oya="0" hai0="119,6,126,75,50,73,65,19,90,130,62,89,57" hai1="58,84,51,68,40,5,33,43,113,131,124,4,106" hai2="64,95,0,98,39,86,27,66,79,111,122,9,46" hai3="129,108,48,63,59,133,112,110,69,54,81,135,38"/><T47/><D126/><U70/><E33/><V15/><F122/><W8/><G8/><T92/><D130/><U77/><E106/><V100/><F0/><W34/><G34/><T93/><D119/><U116/><E116/><V20/><F111/><N who="3" m="42539" /><G81/><T125/><D125/><U82/><E124/><V85/><F46/><W60/><G129/><T36/><D36/><U67/><E131/><V109/><F39/><W88/><G38/><T3/><D19/><U101/><E113/><V99/><F99/><W120/><G120/><T56/><D6/><U41/><E101/><V28/><F109/><W102/><G102/><T17/><D3/><U12/><E70/><V31/><F31/><W76/><G76/><T49/><D17/><U96/><E96/><V87/><REACH who="2" step="1"/><F79/><REACH who="2" ten="250,250,240,250" step="2"/><W16/><G112/><T114/><D114/><U80/><E77/><V11/><F11/><W72/><G133/><T74/><D47/><U35/><E43/><V30/><F30/><W117/><G135/><T14/><D73/><U18/><E40/><V22/><F22/><W45/><G72/><T123/><D123/><U10/><E41/><V121/><F121/><W118/><G117/><T55/><D74/><U105/><E35/><V7/><AGARI ba="0,1" hai="7,9,15,20,27,28,64,66,85,86,87,95,98,100" machi="7" ten="30,8000,1" yaku="1,1,0,1,8,1,52,1,53,1" doraHai="91" doraHaiUra="26" who="2" fromWho="2" sc="250,-40,250,-20,240,90,250,-20" /><INIT seed="1,0,0,4,5,114" ten="210,230,330,230" oya="1" hai0="37,125,22,134,85,112,111,58,64,96,17,82,119" hai1="62,10,8,38,2,19,74,50,113,105,115,133,110" hai2="69,80,7,27,93,55,23,14,45,67,78,94,15" hai3="16,100,3,123,40,70,0,124,99,29,79,92,42"/><U76/><E38/><V89/><F69/><W32/><G123/><T102/><D112/><U1/><E105/><V77/><F67/><W44/><G70/><T66/><D111/><U88/><E62/><V95/><F89/><W39/><G124/><T43/><D125/><U28/><E50/><N who="2" m="29135" /><F80/><W72/><G42/><T26/><D134/><U117/><E19/><N who="2" m="12799" /><F7/><W97/><G79/><AGARI ba="0,0" hai="14,15,77,78,79,93,94,95" m="12799,29135" machi="79" ten="30,1000,0" yaku="8,1" doraHai="114" who="2" fromWho="3" sc="210,0,230,0,330,10,230,-10" /><INIT seed="2,0,0,0,5,96" ten="210,230,340,220" oya="2" hai0="31,27,41,64,87,102,49,52,62,40,58,88,22" hai1="132,25,115,15,116,134,93,103,18,76,120,121,75" hai2="65,106,56,30,86,4,97,80,16,29,83,37,69" hai3="133,61,32,44,111,72,59,21,57,113,89,101,82"/><V131/><F37/><W63/><G32/><T13/><D13/><U129/><E25/><V26/><F69/><W91/><G111/><T124/><D124/><U12/><E115/><V7/><F131/><W68/><G68/><T79/><D79/><U19/><E116/><V78/><F106/><W98/><G113/><T95/><D102/><U45/><E45/><AGARI ba="0,0" hai="22,27,31,40,41,45,49,52,58,62,64,87,88,95" machi="45" ten="30,7700,0" yaku="7,1,8,1,54,2" doraHai="96" who="0" fromWho="1" sc="210,77,230,-77,340,0,220,0" /><INIT seed="3,0,0,5,2,8" ten="287,153,340,220" oya="3" hai0="14,59,104,101,49,69,118,79,108,117,135,89,33" hai1="90,16,68,88,39,43,94,109,81,86,44,53,45" hai2="42,78,113,9,57,98,24,85,29,100,91,126,115" hai3="21,12,96,61,50,20,65,3,35,80,121,124,72"/><W106/><G3/><T32/><D69/><U82/><E109/><V130/><F126/><W34/><G121/><T54/><D108/><U84/><E68/><V18/><F130/><W58/><G124/><T128/><D128/><U5/><E5/><V92/><F42/><W66/><G65/><T116/><D135/><U36/><E94/><V56/><F78/><W38/><G38/><T83/><D89/><U25/><E53/><V23/><F113/><W77/><G50/><T40/><D40/><U11/><E45/><V41/><F41/><W97/><G21/><T129/><D129/><U67/><E67/><V51/><F51/><W1/><G1/><T95/><D104/><U112/><E112/><V133/><F133/><W62/><G62/><T99/><D83/><U111/><E111/><V127/><F127/><W123/><G123/><T46/><D79/><U131/><E131/><V2/><F115/><W27/><G106/><T119/><D46/><U13/><E25/><V31/><F2/><W48/><G48/><AGARI ba="0,0" hai="11,13,16,36,39,43,44,48,81,82,84,86,88,90" machi="48" ten="30,8000,1" yaku="7,1,9,1,52,1,54,2" doraHai="8" who="1" fromWho="3" sc="287,0,153,80,340,0,220,-80" owari="287,8.7,233,-16.7,340,44.0,140,-36.0" /></mjloggm>