<mjloggm ver="2.3"><GO type="225" lobby="0"/><UN n0="%E3%81%9F%E3%81%A3%E3%81%A1%E3%82%87" n1="%6D%75%75%6D%75%72%61" n2="%E3%81%A9%E3%82%8F%E3%82%93%E3%81%94" n3="%E3%81%8C%E3%81%9F" dan="16,16,16,16" rate="2086.32,2142.11,2150.18,2151.65" sx="M,F,M,F"/><TAIKYOKU oya="0"/><INIT seed="0,0,0,2,2,51" ten="250,250,250,250" oya="0" hai0="9,115,120,24,45,52,66,113,4,132,126,55,31" hai1="44,84,28,94,121,117,20,3,95,116,122,130,39" hai2="65,46,58,129,30,70,114,35,2,10,110,105,62" hai3="134,79,8,34,26,85,41,112,103,16,56,22,57"/><T15/><D120/><U100/><E3/><V14/><F114/><W47/><G112/><T23/><D126/><U1/><E1/><V124/><F110/><W125/><G125/><T127/><D127/><U106/><E28/><V101/><F124/><W90/><G79/><T12/><D132/><U59/><E20/><V91/><F2/><W36/><G134/><T87/><D66/><U64/><E39/><V88/><F46/><W133/><G133/><T135/><D135/><U74/><E44/><V32/><F129/><W118/><G118/><T82/><D15/><U68/><E68/><V83/><F58/><W77/><G77/><N who="0" m="46543" /><D113/><U128/><E74/><V102/><F102/><W123/><G123/><T99/><D115/><U76/><E64/><V97/><F83/><W67/><G67/><T108/><D108/><U60/><E76/><V107/><F107/><W131/><G131/><T49/><D99/><U21/><E106/><V89/><REACH who="2" step="1"/><F30/><REACH who="2" ten="250,250,240,250" step="2"/><W40/><G103/><T37/><D37/><U63/><E122/><V50/><F50/><W61/><G36/><T13/><D13/><U104/><E121/><V33/><F33/><W86/><G34/><T92/><D92/><U48/><E104/><V5/><AGARI ba="0,1" hai="5,10,14,32,35,62,65,70,88,89,91,97,101,105" machi="5" ten="30,4000,0" yaku="1,1,0,1,54,1,53,0" doraHai="51" doraHaiUra="73" who="2" fromWho="2" sc="250,-20,250,-10,240,50,250,-10" /><INIT seed="1,0,0,1,0,73" ten="230,240,290,240" oya="1" hai0="105,120,54,81,76,115,132,106,11,33,39,62,6" hai1="15,131,130,40,86,68,99,57,116,35,124,114,70" hai2="87,1,85,95,107,49,47,9,103,101,36,117,21" hai3="83,29,24,118,3,19,125,121,78,110,5,18,22"/><U112/><E35/><V51/><F117/><W84/><G121/><T44/><D115/><U2/><E116/><V31/><F107/><W60/><G118/><T135/><D120/><U23/><E2/><V134/><F36/><W77/><G110/><T88/><D62/><U67/><E40/><V126/><F126/><W80/><G125/><T17/><D17/><N who="1" m="10687" /><E124/><V123/><F134/><N who="0" m="51242" /><D33/><U98/><E57/><V72/><F72/><W16/><G60/><T26/><D88/><U82/><E67/><V37/><F1/><W75/><REACH who="3" step="1"/><G16/><REACH who="3" ten="230,240,290,230" step="2"/><T129/><D26/><U122/><E122/><V48/><F123/><W59/><G59/><T93/><D129/><N who="1" m="49163" /><E114/><V30/><F47/><W109/><G109/><T96/><D44/><U27/><E112/><V74/><F31/><W13/><G13/><T45/><D45/><U8/><E27/><V0/><F30/><W38/><G38/><T12/><D39/><U28/><E28/><V41/><F37/><W119/><G119/><T55/><D105/><U42/><E8/><AGARI ba="0,1" hai="3,5,8,18,19,22,24,29,75,77,78,80,83,84" machi="8" ten="40,5200,0" yaku="1,1,52,2,53,0" doraHai="73" doraHaiUra="91" who="3" fromWho="1" sc="230,0,240,-52,290,0,230,62" /><INIT seed="2,0,0,3,0,5" ten="230,188,290,292" oya="2" hai0="54,104,115,93,113,63,118,39,133,98,73,75,26" hai1="64,128,31,22,109,66,81,25,99,28,92,7,34" hai2="107,106,84,101,69,10,13,21,79,9,85,37,100" hai3="24,60,86,90,44,3,126,50,2,57,58,33,67"/><V78/><F37/><W6/><G126/><T91/><D39/><U72/><E109/><V83/><F69/><W121/><G121/><T103/><D26/><U102/><E128/><V123/><F21/><W42/><G57/><T41/><D63/><U116/><E116/><V70/><F70/><W74/><G74/><N who="0" m="28171" /><D54/><U56/><E31/><V20/><F20/><W30/><REACH who="3" step="1"/><G6/><REACH who="3" ten="230,188,290,282" step="2"/><T16/><D118/><U117/><E117/><V132/><F123/><W27/><G27/><T119/><D119/><U32/><E32/><V127/><F127/><W23/><G23/><T125/><D113/><U96/><E34/><V129/><F129/><W77/><G77/><T122/><D115/><U17/><E28/><V35/><F35/><W88/><G88/><N who="0" m="55591" /><D125/><U62/><E7/><V8/><F13/><W112/><G112/><T61/><D122/><U68/><E68/><V53/><F10/><W124/><G124/><T47/><D91/><U89/><E72/><V38/><F9/><W19/><G19/><T0/><D16/><U4/><E4/><V82/><F8/><W14/><G14/><T15/><D15/><U134/><E134/><V94/><F132/><W40/><G40/><T105/><D133/><U43/><E43/><V71/><F71/><W52/><G52/><T55/><D41/><U65/><REACH who="1" step="1"/><E81/><AGARI ba="0,1" hai="2,3,24,30,33,42,44,50,58,60,67,81,86,90" machi="81" ten="30,3900,0" yaku="1,1,7,1,53,1" doraHai="5" doraHaiUra="36" who="3" fromWho="1" sc="230,0,188,-39,290,0,282,49" /><INIT seed="3,0,0,3,0,82" ten="230,149,290,331" oya="3" hai0="73,122,96,32,16,14,31,112,105,80,91,25,126" hai1="116,30,71,88,60,0,86,99,69,77,101,98,38" hai2="65,67,62,54,7,100,20,95,76,106,78,4,120" hai3="52,85,48,21,117,118,56,119,3,2,64,121,42"/><W92/><G121/><T33/><D122/><U34/><E0/><V114/><F120/><W109/><G109/><T72/><D126/><U131/><E38/><V87/><F114/><W111/><G111/><T18/><D112/><U45/><E131/><V115/><F115/><W47/><G64/><T22/><D32/><U110/><E110/><V15/><F106/><W97/><G85/><T68/><D68/><U49/><E116/><V51/><F67/><W135/><G21/><T55/><D55/><U28/><E77/><V63/><F4/><W11/><G11/><T79/><D72/><U107/><E98/><V50/><F50/><W125/><G135/><T29/><D33/><U53/><E34/><V40/><F40/><W17/><G17/><T27/><D27/><U133/><E133/><V37/><F37/><W123/><G123/><T46/><D46/><U108/><E108/><V127/><F127/><W128/><G128/><T59/><D59/><U81/><REACH who="1" step="1"/><E60/><REACH who="1" ten="230,139,290,331" step="2"/><V89/><F63/><N who="3" m="36231" /><G2/><T19/><D105/><U24/><E24/><V94/><F62/><W83/><G125/><T43/><D25/><U41/><E41/><V8/><F76/><W61/><G119/><T1/><D43/><U132/><E132/><V70/><F78/><W23/><G118/><T130/><D1/><U57/><E57/><V66/><F70/><AGARI ba="0,1" hai="28,30,45,49,53,69,70,71,81,86,88,99,101,107" machi="70" ten="40,5200,0" yaku="1,1,52,1,54,1,53,0" doraHai="82" doraHaiUra="9" who="1" fromWho="2" sc="230,0,139,62,290,-52,331,0" owari="230,-17.0,201,-29.9,238,3.8,331,43.1" /></mjloggm>