<mjloggm ver="2.3"><GO type="225" lobby="0"/><UN n0="%77%72%77%72%77%72%77%72" n1="%E3%81%B5%E3%81%98%E3%81%8B%E3%81%A4" n2="%E3%81%BF%E3%81%BF%E3%81%9A" n3="%6D%61%74%69%67%75%73%61" dan="16,16,16,17" rate="2243.31,2133.00,2147.49,2246.34" sx="M,M,M,M"/><TAIKYOKU oya="0"/><INIT seed="0,0,0,3,3,4" ten="250,250,250,250" oya="0" hai0="122,71,87,76,7,107,60,25,70,20,14,40,29" hai1="98,69,18,21,79,33,58,95,1,12,135,50,120" hai2="62,127,91,42,104,100,123,101,111,36,86,128,115" hai3="94,8,13,61,102,93,55,113,16,131,103,114,96"/><T106/><D122/><U112/><E120/><V32/><F123/><W51/><G131/><T5/><D40/><U57/><E33/><V30/><F115/><W75/><G75/><T80/><D5/><U66/><E112/><V17/><F111/><W44/><G61/><T64/><REACH who="0" step="1"/><D70/><REACH who="0" ten="240,250,250,250" step="2"/><U11/><E69/><V23/><F128/><W34/><G34/><T28/><D28/><U72/><E135/><V89/><F42/><W117/><G117/><T110/><D110/><U124/><E124/><V52/><F30/><W99/><AGARI ba="0,1" hai="8,13,16,44,51,55,93,94,96,99,102,103,113,114" machi="99" ten="30,7900,0" yaku="0,1,9,1,52,1,54,1" doraHai="4" who="3" fromWho="3" sc="240,-39,250,-20,250,-20,250,89" /><INIT seed="1,0,0,3,0,73" ten="201,230,230,339" oya="1" hai0="33,15,123,132,34,90,67,9,68,8,55,45,83" hai1="114,115,23,71,135,58,117,121,63,19,14,119,102" hai2="0,116,70,80,11,26,22,76,4,54,25,92,111" hai3="49,133,74,65,113,72,100,17,10,42,77,131,106"/><U59/><E121/><V124/><F111/><W107/><G65/><T82/><D123/><U40/><E135/><V30/><F124/><W27/><G113/><T7/><D132/><U134/><E134/><V2/><F116/><W97/><G131/><T99/><D68/><U1/><E1/><V69/><F0/><W88/><G107/><T91/><D67/><U87/><E119/><V62/><F92/><W29/><G77/><T98/><D34/><U75/><E75/><V21/><F54/><W3/><G88/><N who="0" m="33835" /><D33/><U103/><E117/><V5/><F62/><W95/><G106/><T126/><D126/><U52/><E40/><V96/><F5/><W36/><G36/><T104/><D104/><U122/><E122/><V86/><REACH who="2" step="1"/><F96/><REACH who="2" ten="201,230,220,339" step="2"/><N who="0" m="36906" /><D9/><U53/><E114/><V109/><F109/><W41/><G10/><T81/><D55/><U37/><E115/><V110/><F110/><W61/><G133/><T93/><D93/><U128/><E128/><V79/><F79/><W24/><G95/><T43/><D43/><U47/><E103/><V125/><F125/><W6/><G100/><T35/><D35/><U16/><E102/><V51/><F51/><W56/><G49/><T112/><D112/><U28/><E37/><V44/><F44/><AGARI ba="0,1" hai="7,8,15,44,45,81,82,83" m="36906,33835" machi="44" ten="30,2000,0" yaku="8,1,54,1" doraHai="73" who="0" fromWho="2" sc="201,30,230,0,220,-20,339,0" /><INIT seed="2,0,0,1,5,11" ten="231,230,200,339" oya="2" hai0="8,110,53,15,39,116,0,14,26,22,34,82,84" hai1="67,32,83,92,64,69,28,59,12,106,130,122,4" hai2="119,13,134,20,98,76,79,102,89,75,105,41,93" hai3="125,49,117,70,61,113,135,126,1,54,132,27,50"/><V66/><F119/><W121/><G117/><T60/><D116/><U112/><E106/><V52/><F134/><W118/><G118/><T77/><D39/><U97/><E112/><V101/><F41/><W128/><G1/><T9/><D34/><U2/><E2/><V81/><F66/><W43/><G121/><T91/><D110/><U99/><E122/><V23/><F79/><W55/><G27/><T30/><D0/><U56/><E69/><V96/><F102/><W107/><G128/><T68/><D91/><U16/><E4/><V90/><F89/><W38/><G107/><T85/><D85/><U18/><E28/><V25/><F25/><W19/><G43/><T100/><D100/><U37/><E32/><V114/><F114/><W21/><G38/><T124/><D124/><U74/><E37/><V120/><F120/><W31/><G31/><T73/><D73/><U127/><E83/><V108/><F108/><W3/><G113/><T51/><D60/><N who="1" m="37895" /><E74/><V129/><F129/><W47/><G126/><T29/><D29/><U10/><E127/><V42/><F42/><W63/><G125/><T71/><D71/><U87/><E18/><V35/><F35/><W80/><G19/><T103/><D103/><U5/><E5/><V123/><F123/><W45/><G70/><T48/><D68/><U115/><E130/><V131/><F131/><W46/><G135/><T109/><D109/><U44/><E115/><V17/><REACH who="2" step="1"/><F23/><REACH who="2" ten="231,230,190,339" step="2"/><W57/><G21/><T104/><D104/><U88/><E44/><V86/><F86/><W6/><G132/><T78/><D22/><RYUUKYOKU ba="0,1" sc="231,-15,230,15,190,15,339,-15" hai1="10,12,16,59,67,87,88,92,97,99" hai2="13,17,20,52,75,76,81,90,93,96,98,101,105" /><INIT seed="2,1,1,4,0,134" ten="216,245,205,324" oya="2" hai0="115,82,39,16,116,34,69,132,1,19,67,73,99" hai1="91,64,74,81,75,111,5,41,0,130,54,47,87" hai2="3,38,27,78,72,105,28,42,133,6,117,20,31" hai3="66,80,7,93,88,102,109,112,26,24,135,43,52"/><V4/><F117/><W110/><G135/><T53/><D132/><U128/><E111/><N who="3" m="42506" /><G112/><T107/><D115/><U35/><E35/><V89/><F133/><W106/><G66/><T51/><D39/><U95/><E54/><V48/><F105/><W104/><G43/><T25/><D1/><U13/><E64/><V37/><F31/><W96/><G7/><T70/><D70/><U125/><E125/><V127/><F127/><W79/><G52/><T118/><D82/><U49/><E0/><V131/><F131/><N who="1" m="50217" /><E95/><V77/><F72/><N who="3" m="43111" /><G106/><T57/><D73/><U30/><E30/><V18/><F38/><W103/><G103/><N who="0" m="62975" /><D118/><U122/><E122/><V71/><F37/><W113/><G113/><T33/><D116/><U119/><E119/><V120/><F120/><W62/><G62/><N who="0" m="40183" /><D34/><U121/><E121/><V126/><F126/><W86/><AGARI ba="1,1" hai="24,26,86,88,93,96,102,104" m="43111,42506" machi="86" ten="30,4000,0" yaku="24,1,14,1,54,1" doraHai="134" who="3" fromWho="3" sc="216,-11,245,-11,205,-21,324,53" /><INIT seed="3,0,0,0,2,10" ten="205,234,184,377" oya="3" hai0="16,92,6,124,45,91,26,109,65,68,41,0,79" hai1="97,130,76,106,14,77,31,39,125,38,18,86,63" hai2="123,62,111,73,90,113,105,61,43,32,72,2,88" hai3="74,115,132,69,27,48,95,134,103,114,93,99,11"/><W80/><G69/><T21/><D109/><U85/><E31/><V34/><F113/><W118/><G118/><T12/><D124/><U135/><E63/><N who="2" m="24075" /><F43/><W122/><G122/><T55/><D68/><U51/><E125/><V110/><F105/><W47/><G27/><T4/><D0/><U128/><E106/><V7/><F7/><W13/><G95/><T5/><D79/><U15/><E18/><V89/><F2/><W57/><G57/><T28/><D65/><U23/><E23/><V107/><F107/><W87/><G74/><N who="2" m="28777" /><F123/><W20/><G20/><N who="0" m="11271" /><D55/><U9/><E77/><V116/><F116/><W56/><G56/><T78/><D78/><U40/><E76/><V42/><F42/><W112/><G112/><T84/><D41/><U104/><E40/><V3/><F3/><W102/><G115/><T117/><D117/><U54/><E104/><V101/><F101/><W66/><G103/><T83/><D45/><U126/><E54/><V53/><F53/><W36/><G114/><T35/><D35/><AGARI ba="0,0" hai="32,34,35,88,89,90,110,111" m="28777,24075" machi="35" ten="40,5200,0" yaku="28,2,54,1" doraHai="10" who="2" fromWho="0" sc="205,-52,234,0,184,52,377,0" owari="153,-34.7,234,-16.6,236,3.6,377,47.7" /></mjloggm>