<mjloggm ver="2.3"><GO type="225" lobby="0"/><UN n0="%E8%A8%88%E7%AE%97%E6%A9%9F%E8%87%AA%E7%84%B6" n1="%E7%B4%94%E6%BD%94%E3%83%94%E3%83%A9%E3%83%8B%E3%82%A2" n2="%E3%81%99%E3%81%84%E3%81%BE%E3%81%9B%E3%83%BC%E3%82%93" n3="%E7%BD%AA%E5%88%91%E6%B3%95%E5%AE%9A%E4%B8%BB%E7%BE%A9" dan="17,16,16,16" rate="2215.45,2085.48,2109.53,2149.06" sx="M,M,M,M"/><TAIKYOKU oya="0"/><INIT seed="0,0,0,2,5,92" ten="250,250,250,250" oya="0" hai0="126,17,55,75,63,108,121,61,6,23,84,131,34" hai1="5,95,80,0,67,46,49,128,114,79,103,37,58" hai2="12,35,134,109,21,104,54,113,86,50,125,135,101" hai3="112,122,11,62,47,28,44,130,106,19,64,3,69"/><T20/><D121/><U56/><E128/><V24/><F113/><W40/><G112/><T81/><D34/><U39/><E114/><V116/><F125/><W66/><G130/><T36/><D131/><U4/><E39/><V15/><F109/><W59/><G122/><T53/><D75/><U18/><E37/><V57/><F35/><W16/><G106/><T119/><D36/><U30/><E18/><V29/><F116/><W31/><G69/><T74/><D74/><U90/><E103/><V7/><F86/><W93/><G93/><T42/><D42/><U87/><E30/><V76/><F76/><W129/><G129/><T13/><D119/><U118/><E118/><V132/><REACH who="2" step="1"/><F7/><REACH who="2" ten="250,250,240,250" step="2"/><W85/><G85/><T94/><D6/><U10/><E5/><V88/><F88/><W1/><G40/><T60/><D126/><U123/><E123/><V82/><F82/><W99/><G99/><AGARI ba="0,1" hai="12,15,21,24,29,50,54,57,99,101,104,132,134,135" machi="99" ten="40,8000,1" yaku="1,1,20,1,52,1,53,1" doraHai="92" doraHaiUra="96" who="2" fromWho="3" sc="250,0,250,0,240,90,250,-80" /><INIT seed="1,0,0,3,1,92" ten="250,250,330,170" oya="1" hai0="104,94,101,122,65,17,37,68,61,60,127,83,41" hai1="98,4,91,135,46,77,79,95,70,5,26,48,72" hai2="69,50,31,49,29,109,118,96,86,13,126,28,71" hai3="59,110,123,51,12,23,53,90,67,82,73,133,57"/><U128/><E135/><V11/><F118/><W99/><G123/><T112/><D112/><U0/><E70/><V120/><F120/><W14/><G133/><T21/><D122/><U22/><E128/><V6/><F126/><W103/><G110/><T80/><D104/><U130/><E130/><V76/><F109/><W18/><G14/><T107/><D107/><U88/><E91/><V131/><F131/><W108/><G108/><T54/><D127/><U100/><E100/><V55/><F50/><W63/><G73/><T106/><D106/><U44/><E44/><V52/><F55/><W97/><G103/><T2/><D2/><U40/><E0/><V81/><REACH who="2" step="1"/><F96/><REACH who="2" ten="250,250,320,170" step="2"/><W43/><REACH who="3" step="1"/><G43/><REACH who="3" ten="250,250,320,160" step="2"/><T119/><D41/><N who="1" m="24655" /><E72/><V117/><F117/><W66/><G66/><T134/><D65/><U7/><E40/><V45/><AGARI ba="0,2" hai="6,11,13,28,29,31,45,49,52,69,71,76,81,86" machi="45" ten="30,4000,0" yaku="1,1,0,1,54,1,53,0" doraHai="92" doraHaiUra="87" who="2" fromWho="2" sc="250,-10,250,-20,320,60,160,-10" /><INIT seed="2,0,0,0,5,51" ten="240,230,380,150" oya="2" hai0="4,7,95,70,14,58,121,48,96,87,22,36,37" hai1="104,100,9,2,42,97,127,126,25,71,27,133,52" hai2="111,46,44,67,16,66,0,57,23,132,31,60,68" hai3="98,105,118,19,50,85,114,128,83,78,130,124,119"/><V113/><F113/><W125/><G19/><N who="0" m="10615" /><D70/><U26/><E42/><V35/><F0/><W3/><G50/><T8/><D121/><U5/><E71/><V84/><F132/><W47/><G47/><T112/><D112/><U116/><E116/><V54/><F111/><W53/><G53/><N who="0" m="32039" /><D96/><U99/><E133/><V115/><F115/><W21/><G21/><T30/><D30/><U102/><REACH who="1" step="1"/><E52/><REACH who="1" ten="240,220,380,150" step="2"/><V6/><F68/><W32/><G114/><T123/><D123/><U90/><E90/><V107/><F66/><W122/><G122/><T92/><D36/><U81/><E81/><V65/><F67/><W77/><G32/><T89/><D37/><U86/><E86/><V72/><F84/><W88/><G3/><T55/><D55/><U49/><E49/><V106/><F65/><W91/><G119/><T79/><D79/><N who="3" m="30217" /><G118/><T117/><D117/><U93/><AGARI ba="0,1" hai="2,5,9,25,26,27,93,97,99,100,102,104,126,127" machi="93" ten="30,2000,0" yaku="1,1,0,1,53,0" doraHai="51" doraHaiUra="18" who="1" fromWho="1" sc="240,-5,220,30,380,-10,150,-5" /><INIT seed="3,0,0,2,4,14" ten="235,250,370,145" oya="3" hai0="56,94,88,27,65,21,51,41,79,133,106,16,1" hai1="45,72,59,54,99,13,103,134,40,102,90,80,57" hai2="91,44,19,46,108,12,4,36,10,129,119,96,97" hai3="110,128,120,101,125,132,116,111,24,95,18,35,135"/><W6/><G116/><T29/><D106/><U114/><E114/><V123/><F119/><W76/><G120/><T52/><D133/><N who="3" m="51273" /><G76/><T107/><D107/><U11/><E134/><V26/><F123/><W105/><G105/><T30/><D1/><U121/><E121/><V34/><F108/><N who="3" m="41515" /><G125/><T17/><D79/><U85/><E72/><V74/><F74/><W84/><G128/><T77/><D77/><U93/><E103/><V43/><F129/><W22/><G6/><T50/><D65/><U98/><E54/><V81/><F4/><W48/><G48/><T32/><D32/><U63/><E63/><V100/><F34/><W23/><G35/><T117/><D29/><U89/><E102/><V0/><F100/><W83/><G23/><T33/><D117/><U66/><E66/><V28/><F0/><W47/><G47/><N who="0" m="25967" /><D33/><U42/><E45/><V2/><F2/><W53/><G53/><T61/><D51/><U67/><E67/><V112/><F46/><W75/><G75/><T8/><D8/><U92/><E42/><V127/><F127/><W5/><G5/><T60/><D60/><U15/><E40/><V122/><F122/><W118/><G118/><T87/><AGARI ba="0,0" hai="16,17,21,27,30,52,56,61,87,88,94" m="25967" machi="87" ten="30,12000,2" yaku="8,1,52,2,54,3" doraHai="14" who="0" fromWho="0" sc="235,120,250,-30,370,-30,145,-60" owari="355,45.5,220,-18.0,340,14.0,85,-41.5" /></mjloggm>