<mjloggm ver="2.3"><GO type="225" lobby="0"/><UN n0="%E3%80%93%E3%81%97%E3%83%BC%E3%82%89%E3%80%93" n1="%77%72%77%72%77%72%77%72" n2="%E3%81%B2%E3%81%AA%E3%81%AE%E3%82%8A%E3%81%8F" n3="%E3%81%BF%E3%81%BF%E3%81%9A" dan="16,17,17,17" rate="2097.52,2176.63,2170.93,2260.28" sx="M,M,M,M"/><TAIKYOKU oya="0"/><INIT seed="0,0,0,0,5,85" ten="250,250,250,250" oya="0" hai0="74,102,73,6,75,51,95,46,34,27,18,19,10" hai1="9,133,117,54,31,53,96,130,111,63,79,121,104" hai2="87,62,103,21,92,52,55,61,4,77,57,11,13" hai3="7,68,0,5,99,81,25,123,122,1,107,49,100"/><T125/><D125/><U23/><E117/><V36/><F36/><W39/><G39/><T120/><D120/><N who="3" m="46121" /><G68/><T12/><D34/><U98/><E121/><V71/><F71/><W118/><G118/><T28/><D28/><U89/><E111/><V41/><F41/><W33/><G49/><T58/><D58/><U108/><E108/><V67/><F62/><W50/><G50/><T64/><D64/><U44/><E130/><V8/><F8/><W78/><G25/><T70/><D70/><U76/><E104/><V101/><F21/><W88/><G33/><T66/><D66/><U94/><E9/><V128/><F128/><W110/><G110/><T14/><D27/><N who="1" m="16895" /><E133/><V86/><F77/><N who="1" m="29769" /><E44/><V26/><F26/><W126/><G126/><T38/><D38/><U113/><E113/><V35/><F35/><W3/><G78/><T84/><D14/><U127/><E127/><V65/><F65/><W72/><G72/><T124/><D124/><U115/><E115/><V112/><F112/><W42/><G42/><T43/><REACH who="0" step="1"/><D102/><REACH who="0" ten="240,250,250,250" step="2"/><N who="1" m="60695" /><E63/><V135/><F135/><W17/><G17/><T105/><D105/><U16/><E16/><V2/><F2/><W109/><G109/><T83/><D83/><U60/><E60/><V131/><F131/><W20/><G20/><T129/><D129/><U30/><E30/><V48/><F67/><W91/><G81/><T106/><D106/><U32/><E32/><V82/><F82/><W37/><G37/><T97/><D97/><U47/><E47/><N who="2" m="27679" /><F103/><W80/><G80/><T15/><D15/><U22/><E22/><V69/><F69/><RYUUKYOKU ba="0,1" sc="240,0,250,0,250,0,250,0" hai0="6,10,12,18,19,43,46,51,73,74,75,84,95" hai1="53,54,89,98" hai2="4,11,13,55,57,61,86,87,92,101" hai3="0,1,3,5,7,88,91,99,100,107" /><INIT seed="0,1,1,3,5,23" ten="240,250,250,250" oya="0" hai0="63,19,42,87,96,37,22,55,78,76,28,43,68" hai1="106,113,74,39,105,64,90,18,10,103,49,118,45" hai2="50,132,111,21,46,125,133,115,107,0,24,101,12" hai3="16,29,84,7,91,25,108,52,121,99,86,31,100"/><T6/><D37/><U95/><E118/><V34/><F0/><W71/><G71/><T33/><D33/><U72/><E39/><V58/><F115/><W126/><G108/><T130/><D28/><N who="3" m="10825" /><G126/><T13/><D130/><U80/><E113/><V47/><F34/><W123/><G7/><T117/><D117/><U32/><E32/><V56/><F111/><W122/><G52/><T81/><D76/><U131/><E64/><V26/><F125/><W15/><G91/><T59/><D68/><U69/><E69/><V128/><F12/><W102/><G25/><N who="2" m="9833" /><F128/><W38/><G38/><T109/><D109/><U2/><E2/><V67/><F21/><N who="3" m="11423" /><G102/><T20/><D20/><U124/><E124/><V48/><F107/><AGARI ba="1,1" hai="84,86,99,100,107,121,122,123" m="11423,10825" machi="107" ten="30,2000,0" yaku="13,1,54,1" doraHai="23" who="3" fromWho="2" sc="240,0,250,0,250,-23,250,33" /><INIT seed="1,0,0,4,3,133" ten="240,250,227,283" oya="1" hai0="43,4,126,80,112,88,118,35,135,2,17,62,44" hai1="55,91,52,60,97,101,16,6,82,66,90,0,27" hai2="49,120,20,129,86,30,75,38,13,121,73,110,93" hai3="63,53,39,108,48,100,33,37,61,41,111,57,14"/><U103/><E0/><V50/><F38/><N who="3" m="14347" /><G33/><T132/><D35/><U45/><E6/><V117/><F117/><W58/><G100/><N who="1" m="38474" /><E45/><V81/><F110/><N who="3" m="42027" /><G14/><T77/><D118/><U124/><E124/><V113/><F129/><W51/><G41/><T19/><D126/><U71/><E71/><V47/><F113/><W64/><AGARI ba="0,0" hai="48,51,53,57,58,61,63,64" m="42027,14347" machi="64" ten="30,4000,0" yaku="14,1,34,2" doraHai="133" who="3" fromWho="3" sc="240,-10,250,-20,227,-10,283,40" /><INIT seed="2,0,0,0,5,1" ten="230,230,217,323" oya="2" hai0="4,52,6,42,106,34,95,112,80,27,56,66,23" hai1="5,119,25,77,12,110,16,61,36,115,59,48,108" hai2="39,64,31,129,65,57,124,7,50,103,32,118,87" hai3="14,2,26,75,67,30,44,11,101,93,28,88,105"/><V70/><F118/><W43/><G75/><T54/><D106/><U128/><E36/><V126/><F39/><W125/><G2/><T133/><D34/><U53/><E119/><V116/><F116/><W19/><G125/><N who="2" m="48233" /><F70/><W73/><G73/><T83/><D112/><U38/><E38/><V111/><F129/><W49/><G67/><T15/><D133/><U71/><E115/><V134/><F134/><W102/><G105/><T10/><D42/><U13/><E128/><V29/><F103/><N who="3" m="39435" /><G26/><T96/><D66/><N who="2" m="25706" /><F32/><W35/><G35/><T8/><D95/><U135/><E71/><V79/><F111/><W122/><G122/><T24/><D96/><AGARI ba="0,0" hai="11,14,19,28,30,43,44,49,88,93,96" m="39435" machi="96" ten="30,2000,0" yaku="8,1,54,1" doraHai="1" who="3" fromWho="0" sc="230,-20,230,0,217,0,323,20" /><INIT seed="3,0,0,1,4,47" ten="210,230,217,343" oya="3" hai0="70,75,88,21,114,90,25,78,23,69,66,111,17" hai1="67,125,127,18,36,9,123,107,59,80,133,29,119" hai2="82,49,28,115,41,54,39,31,4,37,8,63,86" hai3="94,35,71,68,131,55,109,26,91,1,65,6,120"/><W60/><G120/><T10/><D111/><U84/><E123/><V130/><F115/><W32/><G109/><T85/><D75/><U83/><E133/><V53/><F130/><W38/><G38/><T58/><D114/><U124/><E107/><V87/><F63/><W20/><G71/><T7/><D70/><U118/><E36/><V64/><F64/><W57/><G6/><T129/><D69/><U89/><E29/><N who="2" m="11339" /><F39/><W27/><G27/><T135/><D135/><U40/><E40/><V106/><F106/><W11/><G11/><T79/><D23/><U100/><E100/><V14/><F37/><W52/><G1/><T0/><D129/><U103/><E103/><V24/><F24/><W61/><G55/><N who="2" m="21001" /><F82/><W5/><G5/><T76/><REACH who="0" step="1"/><D85/><REACH who="0" ten="200,230,217,343" step="2"/><U128/><E128/><V102/><F102/><W42/><G131/><T73/><D73/><U12/><E124/><V98/><F98/><W108/><G68/><T117/><D117/><N who="1" m="44555" /><E127/><V93/><F93/><W62/><G94/><T113/><D113/><U45/><E125/><V72/><F72/><W2/><G32/><T34/><D34/><U74/><E74/><V81/><F81/><W77/><G35/><T101/><D101/><U121/><E121/><V132/><F132/><W105/><G20/><T46/><D46/><AGARI ba="0,1" hai="4,8,14,41,46,49,86,87" m="21001,11339" machi="46" ten="30,2000,0" yaku="8,1,52,1" doraHai="47" who="2" fromWho="0" sc="200,-20,230,0,217,30,343,0" owari="180,-32.0,230,-17.0,247,4.7,343,44.3" /></mjloggm>