<mjloggm ver="2.3"><GO type="225" lobby="0"/><UN n0="%E6%AF%9B%E8%8D%92%E3%82%8C%E3%83%BB%E3%82%B9%E3%83%9F%E3%82%B9" n1="%E6%BC%AB%E6%89%8D%E9%BA%BB%E5%B0%86%E5%91%86%E5%91%86" n2="%E3%81%A9%E3%82%93%E3%82%88%E3%81%8F%4D%6B%2E%32" n3="%E7%AD%89%E3%80%85%E5%8A%9B%E5%8A%87%E5%A0%B4" dan="16,16,16,16" rate="2108.71,2070.28,2129.54,2134.70" sx="F,F,M,M"/><TAIKYOKU oya="0"/><INIT seed="0,0,0,2,3,76" ten="250,250,250,250" oya="0" hai0="130,46,78,60,18,132,49,31,47,113,23,7,99" hai1="115,65,92,93,75,81,15,52,117,0,28,116,16" hai2="50,110,36,106,131,44,100,38,20,32,24,67,123" hai3="112,89,88,41,1,86,122,108,27,66,70,94,9"/><T97/><D113/><U56/><E115/><V124/><F123/><W61/><G112/><T129/><D132/><U42/><E0/><V101/><F32/><W25/><G108/><T29/><D7/><U111/><E42/><V55/><F110/><W102/><G122/><T118/><D118/><U6/><E111/><V103/><F106/><W119/><G119/><T91/><D78/><U87/><E75/><V68/><F124/><W35/><G35/><T40/><D60/><N who="1" m="35847" /><E116/><V77/><F77/><W33/><G33/><T22/><D91/><N who="1" m="51695" /><E117/><V121/><F121/><W5/><G41/><T58/><D58/><U98/><E28/><N who="0" m="10825" /><D46/><U3/><E3/><V19/><F131/><N who="0" m="50186" /><D23/><N who="1" m="11679" /><E6/><V64/><F68/><W109/><G109/><T45/><D47/><U17/><E65/><V105/><F105/><W21/><G102/><T10/><D10/><U82/><E82/><V125/><F125/><W8/><G8/><T90/><D90/><N who="1" m="55575" /><E17/><V34/><REACH who="2" step="1"/><F34/><REACH who="2" ten="250,250,240,250" step="2"/><W57/><G70/><T73/><D73/><U114/><E114/><V62/><F62/><W4/><G61/><T85/><D85/><U84/><E84/><V11/><F11/><W12/><G9/><T133/><D133/><U134/><E134/><V48/><F48/><W37/><G86/><T43/><D43/><U69/><E69/><V71/><F71/><W72/><G5/><T126/><D126/><U83/><E83/><V2/><F2/><W80/><G1/><T39/><D39/><AGARI ba="0,1" hai="19,20,24,36,38,39,44,50,55,64,67,100,101,103" machi="39" ten="40,1300,0" yaku="1,1,53,0" doraHai="76" doraHaiUra="127" who="2" fromWho="0" sc="250,-13,250,0,240,23,250,0" /><INIT seed="1,0,0,2,0,114" ten="237,250,263,250" oya="1" hai0="39,117,121,24,132,10,37,11,58,82,93,65,2" hai1="30,77,79,100,5,51,112,91,110,133,122,36,47" hai2="59,69,101,123,97,57,74,116,104,85,128,18,9" hai3="103,48,96,113,40,53,34,88,72,131,46,118,31"/><U50/><E112/><V8/><F69/><W64/><G113/><T52/><D117/><U95/><E122/><V56/><F123/><W102/><G72/><T61/><D121/><U6/><E110/><V4/><F74/><W67/><G131/><T81/><D132/><U49/><E133/><V14/><F128/><W105/><G118/><T111/><D111/><U60/><E30/><V107/><F85/><W84/><G103/><T92/><D24/><U125/><E125/><V106/><REACH who="2" step="1"/><F116/><REACH who="2" ten="237,250,253,250" step="2"/><W63/><G84/><T7/><D37/><U70/><E36/><V35/><F35/><W17/><G34/><T87/><D39/><U62/><E70/><V89/><F89/><W20/><G88/><T42/><D87/><N who="1" m="52735" /><E100/><V94/><F94/><W68/><G102/><T33/><D33/><U90/><E90/><V127/><F127/><W129/><G68/><T23/><D93/><U80/><E47/><V54/><F54/><W1/><G53/><T13/><D92/><U19/><E80/><V83/><F83/><W32/><G46/><T98/><D52/><U21/><E79/><V3/><AGARI ba="0,1" hai="3,4,8,9,14,18,56,57,59,97,101,104,106,107" machi="3" ten="30,2000,0" yaku="1,1,0,1,53,0" doraHai="114" doraHaiUra="26" who="2" fromWho="2" sc="237,-5,250,-10,253,30,250,-5" /><INIT seed="2,0,0,1,2,127" ten="232,240,283,245" oya="2" hai0="60,46,21,37,2,1,133,20,40,108,49,42,94" hai1="45,135,65,63,116,52,71,3,14,89,109,83,31" hai2="43,77,86,113,75,30,106,131,82,98,6,23,54" hai3="79,66,10,57,80,12,111,76,64,96,129,29,125"/><V112/><F43/><W88/><G125/><T81/><D108/><U56/><E116/><V87/><F6/><W36/><G36/><T58/><D133/><U120/><E3/><V33/><F33/><W61/><G111/><T38/><D81/><U62/><E109/><V119/><F119/><W47/><G129/><T34/><D34/><U16/><E135/><V39/><F39/><W101/><G29/><T123/><D123/><U90/><E31/><V91/><F54/><W78/><G47/><T102/><D37/><U72/><E45/><V115/><F30/><W32/><G32/><T51/><D38/><U107/><E107/><V132/><F23/><N who="0" m="8778" /><D1/><U9/><REACH who="1" step="1"/><E120/><REACH who="1" ten="232,230,283,245" step="2"/><V17/><F132/><W59/><G12/><T118/><D2/><U15/><E15/><V19/><F106/><W53/><G10/><T122/><D122/><U103/><E103/><V67/><F112/><W4/><G101/><T128/><D118/><U5/><E5/><V73/><F113/><W84/><G4/><T22/><D22/><U105/><E105/><V25/><F115/><W95/><REACH who="3" step="1"/><G66/><REACH who="3" ten="232,230,283,235" step="2"/><N who="0" m="39191" /><D46/><U114/><E114/><V11/><F11/><W130/><G130/><T68/><D128/><U126/><E126/><V99/><F131/><W0/><G0/><T134/><D134/><U18/><E18/><V69/><F19/><W44/><G44/><T41/><D102/><U121/><E121/><V124/><F124/><W74/><G74/><T70/><D40/><U93/><E93/><N who="2" m="54527" /><F73/><W7/><G7/><T97/><D41/><U28/><E28/><V8/><F75/><W100/><G100/><RYUUKYOKU ba="0,2" sc="232,-15,230,15,283,-15,235,15" hai1="9,14,16,52,56,62,63,65,71,72,83,89,90" hai3="53,57,59,61,64,76,78,79,80,84,88,95,96" /><INIT seed="3,1,2,3,4,16" ten="217,245,268,250" oya="3" hai0="91,110,89,51,128,11,99,8,2,124,14,18,20" hai1="35,55,78,0,57,79,45,15,73,107,30,130,12" hai2="7,80,88,111,59,129,132,125,61,95,77,41,29" hai3="127,131,94,10,1,46,49,101,65,66,102,60,25"/><W19/><G131/><T84/><D110/><U47/><E107/><V36/><F111/><W109/><G109/><T98/><D124/><U68/><E0/><V112/><F112/><W113/><G113/><T119/><D119/><U103/><E68/><V74/><F29/><W121/><G121/><T106/><D128/><U135/><E130/><V9/><F129/><W26/><G127/><T38/><D38/><U75/><E35/><V48/><F48/><W63/><G1/><T23/><D106/><U115/><E115/><V56/><F132/><W120/><G120/><T4/><D51/><U82/><E103/><N who="3" m="39434" /><G94/><T83/><REACH who="0" step="1"/><D98/><REACH who="0" ten="207,245,268,250" step="2"/><U21/><E135/><V28/><F125/><W58/><G63/><T81/><D81/><U87/><E73/><V6/><F61/><W67/><G67/><T108/><D108/><U118/><E75/><V126/><F126/><W44/><G66/><T116/><D116/><U85/><E118/><V70/><F80/><W34/><G49/><T123/><D123/><U39/><E39/><V32/><F74/><W50/><G50/><T37/><D37/><U93/><E85/><V52/><F36/><W53/><G65/><T114/><D114/><U69/><E93/><AGARI ba="1,3" hai="2,4,8,11,14,18,20,23,83,84,89,91,93,99" machi="93" ten="40,5200,0" yaku="1,1,52,2,53,0" doraHai="16" doraHaiUra="105" who="0" fromWho="1" sc="207,85,245,-55,268,0,250,0" /><INIT seed="4,0,0,3,0,19" ten="292,190,268,250" oya="0" hai0="63,80,60,20,70,79,38,125,17,86,95,21,103" hai1="69,66,37,28,94,58,131,98,62,115,26,133,88" hai2="85,40,24,113,1,57,71,3,134,46,9,31,16" hai3="121,44,104,128,51,97,74,45,102,100,0,83,2"/><T129/><D38/><U135/><E37/><V15/><F71/><W36/><G128/><T117/><D117/><U107/><E131/><V33/><F134/><N who="1" m="51209" /><E107/><V5/><F113/><W112/><G112/><T122/><D122/><U29/><E115/><V101/><F101/><W55/><G121/><T41/><D129/><U42/><E42/><V23/><F57/><W73/><G102/><T39/><D125/><U34/><E29/><V111/><F85/><W89/><G89/><T72/><D70/><AGARI ba="0,0" hai="26,28,34,58,62,66,69,70,88,94,98" m="51209" machi="70" ten="30,2000,0" yaku="20,1,54,1" doraHai="19" who="1" fromWho="0" sc="292,-20,190,20,268,0,250,0" /><INIT seed="5,0,0,2,0,69" ten="272,210,268,250" oya="1" hai0="66,60,38,88,111,61,119,3,52,72,98,16,11" hai1="106,26,107,125,27,116,68,64,100,40,55,8,1" hai2="42,62,80,87,18,112,114,132,67,70,24,39,99" hai3="31,0,19,90,25,33,71,131,117,17,122,113,37"/><U46/><E116/><V96/><F132/><W91/><G71/><T44/><D111/><U7/><E55/><V5/><F5/><W103/><G0/><T81/><D119/><U45/><E125/><V79/><F18/><W43/><G117/><T104/><D38/><N who="1" m="21655" /><E26/><V57/><F24/><W21/><G122/><T118/><D118/><U63/><E46/><N who="2" m="23903" /><F70/><W41/><G113/><AGARI ba="0,0" hai="57,62,67,79,80,87,96,99,112,113,114" m="23903" machi="113" ten="30,3900,0" yaku="15,1,11,1,52,1" doraHai="69" who="2" fromWho="3" sc="272,0,210,0,268,39,250,-39" owari="272,7.2,210,-29.0,307,40.7,211,-18.9" /></mjloggm>