<mjloggm ver="2.3"><GO type="225" lobby="0"/><UN n0="%E3%83%B4%E3%82%A3%E3%83%AF%E3%82%B3%E3%82%B0%E3%83%8B" n1="%E3%81%82%E3%83%BC%E3%81%97" n2="%E5%A4%96%E5%B7%9D%E7%AB%9C%E6%88%90" n3="%E7%9C%9F%E4%B8%80" dan="16,16,16,16" rate="2185.24,2118.48,2064.47,2129.18" sx="M,M,M,M"/><TAIKYOKU oya="0"/><INIT seed="0,0,0,1,5,134" ten="250,250,250,250" oya="0" hai0="54,117,86,29,56,78,3,63,88,76,18,125,123" hai1="122,90,59,98,57,111,14,107,45,30,38,41,97" hai2="52,73,110,127,68,2,118,106,129,96,43,65,105" hai3="1,4,80,109,39,55,33,20,121,10,62,112,26"/><T27/><D117/><U23/><E122/><V115/><RYUUKYOKU type="yao9" ba="0,0" sc="250,0,250,0,250,0,250,0" hai2="2,43,52,65,68,73,96,105,106,110,115,118,127,129" /><INIT seed="0,1,0,0,1,35" ten="250,250,250,250" oya="0" hai0="54,37,8,126,9,65,68,77,24,130,34,105,15" hai1="41,81,85,133,103,27,134,83,97,115,3,84,127" hai2="107,108,90,17,92,113,6,98,69,87,32,73,93" hai3="82,18,129,110,128,53,106,116,55,31,72,56,121"/><T88/><D37/><U51/><E27/><V12/><F69/><W28/><G116/><T71/><D105/><U43/><E51/><V119/><F32/><W99/><G110/><T67/><D77/><U100/><E97/><V58/><F119/><W70/><G70/><T30/><D126/><U86/><E127/><V59/><F6/><W10/><G121/><T33/><D130/><N who="3" m="50281" /><G72/><T25/><D54/><N who="3" m="20489" /><G56/><T19/><D88/><U23/><E23/><V64/><F73/><W91/><G82/><N who="1" m="31242" /><E3/><V94/><F108/><W36/><G36/><T118/><D15/><U11/><E11/><V42/><F113/><W132/><G132/><N who="1" m="50794" /><E115/><V44/><F107/><W123/><G123/><T49/><D49/><U52/><E52/><V135/><F135/><W80/><G80/><T0/><D19/><U95/><E95/><V109/><F109/><W117/><G117/><T26/><D118/><U111/><E111/><V120/><F120/><W101/><G91/><T89/><D89/><U102/><AGARI ba="1,0" hai="41,43,84,85,86,100,102,103" m="50794,31242" machi="102" ten="40,5200,0" yaku="28,2,20,1" doraHai="35" who="1" fromWho="1" sc="250,-27,250,55,250,-14,250,-14" /><INIT seed="1,0,0,0,3,80" ten="223,305,236,236" oya="1" hai0="5,32,16,82,76,54,121,14,87,109,98,29,15" hai1="71,74,39,125,134,62,58,20,63,40,88,22,25" hai2="59,56,45,133,91,117,89,116,26,8,12,132,114" hai3="99,34,100,17,38,10,42,130,24,107,131,30,66"/><U112/><E112/><V126/><F114/><W95/><G95/><T0/><D109/><U65/><E74/><V57/><F45/><W1/><G17/><T47/><D0/><U48/><E134/><N who="2" m="51819" /><F26/><W119/><G119/><N who="2" m="45641" /><F126/><W81/><G81/><T9/><D121/><U50/><E39/><V108/><F108/><W44/><REACH who="3" step="1"/><G66/><REACH who="3" ten="223,305,236,226" step="2"/><T102/><D16/><AGARI ba="0,1" hai="8,12,16,56,57,59,89,91" m="45641,51819" machi="16" ten="40,2600,0" yaku="20,1,54,1" doraHai="80" who="2" fromWho="0" sc="223,-26,305,0,236,36,226,0" /><INIT seed="2,0,0,1,4,47" ten="197,305,272,226" oya="2" hai0="3,34,51,53,9,61,75,107,130,103,23,72,37" hai1="64,84,116,125,106,10,73,133,78,60,59,86,31" hai2="76,88,131,109,129,91,66,4,49,5,128,13,87" hai3="124,22,8,27,117,0,118,110,70,81,111,30,48"/><V6/><F109/><N who="3" m="41483" /><G70/><T108/><D108/><U7/><E116/><N who="3" m="44650" /><G81/><T101/><D34/><U92/><E106/><V50/><F66/><W93/><G93/><T20/><D37/><U46/><E133/><V65/><F65/><W16/><G48/><N who="2" m="18537" /><F13/><N who="3" m="7207" /><G124/><T114/><D107/><U83/><E125/><V119/><F119/><W134/><G134/><T85/><D75/><U55/><E73/><V24/><F24/><W113/><G113/><T28/><D114/><U95/><E64/><V35/><F35/><W69/><G69/><T115/><D72/><U52/><E46/><V71/><F71/><W79/><G79/><T14/><D115/><U38/><E38/><V12/><F12/><W19/><G30/><T80/><D28/><U44/><E31/><V2/><F2/><AGARI ba="0,0" hai="0,2,19,22,27" m="7207,44650,41483" machi="2" ten="30,7700,0" yaku="14,1,34,2,54,1" doraHai="47" who="3" fromWho="2" sc="197,0,305,0,272,-77,226,77" /><INIT seed="3,0,0,5,4,106" ten="197,305,195,303" oya="3" hai0="48,32,28,54,103,126,117,88,63,53,89,24,57" hai1="94,26,98,45,20,58,64,3,83,96,79,42,36" hai2="46,113,14,82,71,55,104,135,56,12,92,102,68" hai3="70,23,100,76,116,112,49,121,18,110,133,69,119"/><W15/><G121/><T61/><D117/><U127/><E3/><V87/><F113/><W30/><G112/><T97/><D126/><U6/><E6/><V19/><F135/><W67/><G133/><T107/><REACH who="0" step="1"/><D63/><REACH who="0" ten="187,305,195,303" step="2"/><U50/><E127/><V93/><F71/><W122/><G70/><T125/><D125/><U95/><E36/><V85/><F68/><W8/><G69/><T81/><D81/><U16/><E83/><V73/><F73/><W118/><G116/><T22/><D22/><U0/><E79/><N who="2" m="46303" /><F104/><W60/><G23/><T109/><D109/><U31/><E95/><V99/><F46/><AGARI ba="0,1" hai="24,28,32,46,48,53,54,57,61,88,89,97,103,107" machi="46" ten="30,3900,0" yaku="1,1,7,1,54,1,53,0" doraHai="106" doraHaiUra="39" who="0" fromWho="2" sc="187,49,305,0,195,-39,303,0" owari="236,-16.4,305,40.5,156,-34.4,303,10.3" /></mjloggm>