<mjloggm ver="2.3"><GO type="225" lobby="0"/><UN n0="%E3%81%AF%E3%82%88%E3%81%8A%E3%81%98%E3%81%95%E3%82%93" n1="%E3%81%B5%E3%81%98%E3%81%8B%E3%81%A4" n2="%61%73%61%64%61%31%32" n3="%E9%87%8E%E3%80%85%E5%AE%AE%E8%97%8D" dan="17,16,16,17" rate="2162.19,2220.76,2086.98,2167.01" sx="M,M,M,F"/><TAIKYOKU oya="0"/><INIT seed="0,0,0,3,5,133" ten="250,250,250,250" oya="0" hai0="98,58,67,20,54,3,30,105,86,4,70,36,28" hai1="120,77,56,123,127,132,72,124,128,17,23,82,99" hai2="21,122,32,50,96,39,55,103,14,130,0,126,95" hai3="113,49,18,125,29,43,109,26,10,33,37,7,115"/><T92/><D36/><U75/><E132/><V12/><F39/><W84/><G37/><T9/><D70/><U34/><E34/><V40/><F32/><W35/><G35/><T74/><D74/><U61/><E75/><V38/><F0/><W102/><G102/><T31/><D67/><N who="1" m="39335" /><E99/><V90/><F122/><W51/><G51/><T47/><D47/><U71/><E71/><V117/><F117/><W100/><G100/><T91/><D105/><U48/><E48/><V129/><F40/><W24/><G84/><T13/><D3/><U111/><E111/><V85/><F38/><W114/><G49/><T112/><D112/><U6/><E6/><V63/><F63/><W59/><G59/><T78/><D58/><U73/><E128/><N who="2" m="49259" /><F21/><N who="3" m="13367" /><G43/><T119/><D119/><U44/><E44/><N who="2" m="28103" /><F126/><N who="1" m="48169" /><E73/><V57/><F57/><W80/><G125/><T101/><D54/><U83/><E83/><AGARI ba="0,0" hai="12,14,83,85,90,95,96,103" m="28103,49259" machi="83" ten="30,1000,0" yaku="19,1" doraHai="133" who="2" fromWho="1" sc="250,0,250,-10,250,10,250,0" /><INIT seed="1,0,0,3,0,59" ten="250,240,260,250" oya="1" hai0="135,6,123,11,41,73,64,10,88,58,24,9,80" hai1="125,13,53,132,122,28,68,87,2,8,83,3,16" hai2="7,0,60,121,22,129,118,18,110,97,42,72,95" hai3="5,78,130,112,77,26,109,89,4,31,98,119,54"/><U102/><E122/><V34/><F72/><W35/><G112/><T133/><D123/><U43/><E125/><V40/><F118/><W126/><G126/><T131/><D131/><U114/><E114/><V128/><F34/><W37/><G37/><T63/><D41/><U67/><E132/><N who="0" m="50761" /><D24/><U108/><E102/><V61/><F121/><W1/><G130/><N who="2" m="50281" /><F110/><W91/><G109/><T50/><D50/><U23/><E43/><N who="2" m="16427" /><F7/><W71/><G71/><T111/><D111/><U81/><E108/><V84/><F84/><W21/><G35/><T45/><D45/><U92/><E83/><V107/><F107/><W14/><G1/><N who="0" m="207" /><D73/><U62/><E92/><V36/><F0/><W94/><G119/><T105/><D105/><U85/><E85/><AGARI ba="0,0" hai="10,11,58,63,64,80,85,88" m="207,50761" machi="85" ten="30,3900,0" yaku="20,1,52,1,54,1" doraHai="59" who="0" fromWho="1" sc="250,39,240,-39,260,0,250,0" /><INIT seed="2,0,0,1,3,113" ten="289,201,260,250" oya="2" hai0="0,75,26,8,80,47,99,111,50,64,102,52,86" hai1="57,95,127,54,63,92,38,55,9,4,129,90,134" hai2="131,105,76,108,117,93,110,107,70,118,22,46,35" hai3="121,14,87,79,36,56,61,82,29,45,130,48,25"/><V106/><F35/><W53/><G130/><T32/><D111/><N who="2" m="42538" /><F131/><W65/><G121/><T125/><D125/><U10/><E129/><V18/><F70/><W77/><G14/><T123/><D123/><U39/><E127/><V88/><F76/><W20/><G36/><T21/><D75/><U23/><E134/><V135/><F46/><W37/><G37/><T124/><D124/><U43/><E23/><V41/><F41/><W13/><G13/><T51/><D32/><U98/><E10/><V11/><F11/><W5/><G5/><T73/><D73/><U133/><E133/><V49/><F49/><W100/><G100/><T89/><D64/><U17/><E17/><V19/><F135/><W3/><G3/><T115/><D115/><U16/><E43/><V28/><F28/><W6/><G6/><T96/><D102/><U109/><E109/><V27/><F18/><W66/><G77/><T68/><D68/><U78/><E78/><V103/><F103/><W84/><G84/><AGARI ba="0,0" hai="19,22,27,84,88,93,105,106,107,117,118" m="42538" machi="84" ten="40,12000,1" yaku="14,1,10,1,52,2,54,1" doraHai="113" who="2" fromWho="3" sc="289,0,201,0,260,120,250,-120" /><INIT seed="2,1,0,0,2,16" ten="289,201,380,130" oya="2" hai0="19,27,102,5,88,131,9,28,58,76,39,110,107" hai1="21,96,74,121,134,106,68,65,51,12,30,36,123" hai2="59,91,23,126,83,25,111,90,93,132,20,32,15" hai3="108,41,7,2,8,37,73,13,98,57,34,42,33"/><V103/><F126/><W29/><G73/><T117/><D39/><U53/><E36/><V81/><F132/><W44/><G108/><T129/><D110/><U71/><E134/><V61/><F111/><W99/><G41/><T80/><D117/><U130/><E74/><V105/><F32/><W72/><G72/><T67/><D19/><N who="1" m="10471" /><E30/><N who="2" m="17703" /><F105/><W89/><G57/><T119/><D119/><U40/><E40/><V84/><F103/><W113/><G113/><T52/><D67/><U11/><E11/><V0/><F0/><W55/><G55/><T85/><D76/><U135/><E65/><N who="2" m="39103" /><F91/><W94/><G29/><T3/><D102/><N who="1" m="62791" /><E135/><V60/><F60/><W47/><G2/><T70/><D107/><U43/><E43/><V86/><F86/><W26/><G99/><T6/><D6/><U1/><E1/><V69/><F69/><W24/><G34/><T50/><REACH who="0" step="1"/><D70/><REACH who="0" ten="279,201,380,130" step="2"/><U54/><E71/><V115/><F115/><W95/><G33/><AGARI ba="1,1" hai="3,5,9,27,28,33,50,52,58,80,85,88,129,131" machi="33" ten="40,8000,1" yaku="1,1,2,1,54,2,53,1" doraHai="16" doraHaiUra="45" who="0" fromWho="3" sc="279,93,201,0,380,0,130,-83" /><INIT seed="3,0,0,4,5,77" ten="372,201,380,47" oya="3" hai0="97,55,67,0,20,80,91,95,2,65,62,21,54" hai1="133,68,26,30,36,43,90,28,87,93,122,19,56" hai2="71,129,66,52,8,116,9,103,13,130,94,70,82" hai3="75,76,106,132,72,78,38,107,44,60,61,73,27"/><W39/><G27/><T85/><D0/><U18/><E68/><V108/><F116/><W49/><G49/><T81/><D2/><U117/><E56/><V4/><F108/><W34/><G44/><T50/><D81/><U115/><E87/><V32/><F32/><W6/><G6/><T16/><D20/><U74/><E90/><V47/><F9/><W3/><G3/><T109/><D109/><U118/><E122/><V98/><F82/><W88/><G34/><T112/><D112/><U96/><E93/><V17/><F4/><W31/><G31/><T53/><D50/><U113/><E96/><V69/><F66/><W110/><G110/><T25/><D62/><N who="3" m="24169" /><G88/><AGARI ba="0,0" hai="16,21,25,53,54,55,65,67,80,85,88,91,95,97" machi="88" ten="40,8000,1" yaku="8,1,52,1,54,2" doraHai="77" who="0" fromWho="3" sc="372,80,201,0,380,0,47,-80" owari="452,55.2,201,-19.9,380,18.0,-33,-53.3" /></mjloggm>