<mjloggm ver="2.3"><GO type="225" lobby="0"/><UN n0="%48%61%61%61%6C%61%6E%64" n1="%E6%97%A5%E6%9B%9C%E6%97%A5%E3%82%88%E3%82%8A%E3%81%AE%E4%BD%BF%E8%80%85" n2="%6D%75%75%73%61%6E%6D%75" n3="%E3%81%99%E3%81%84%E3%81%BE%E3%81%9B%E3%83%BC%E3%82%93" dan="18,16,16,18" rate="2139.08,2087.90,2145.58,2298.48" sx="M,M,F,M"/><TAIKYOKU oya="0"/><INIT seed="0,0,0,5,4,86" ten="250,250,250,250" oya="0" hai0="11,132,106,66,102,5,120,126,95,18,98,9,133" hai1="37,109,118,81,123,84,69,73,44,25,94,135,121" hai2="24,31,128,52,14,96,38,119,46,74,63,90,68" hai3="72,91,56,108,17,34,131,112,122,134,60,1,89"/><T92/><D120/><U85/><E69/><V115/><F115/><W7/><G112/><T29/><D126/><U41/><E118/><V70/><F74/><W50/><G34/><T13/><D29/><U78/><E109/><V2/><F2/><W116/><G116/><T45/><D66/><U10/><E135/><N who="0" m="51785" /><D45/><U111/><E111/><V22/><F119/><W97/><G134/><T83/><D83/><U40/><E40/><V82/><F128/><W62/><G108/><T88/><D92/><U61/><E61/><V64/><F38/><W103/><G122/><T28/><D28/><U65/><E65/><V124/><F124/><W20/><G72/><T39/><D39/><U117/><E117/><V93/><F82/><W48/><G62/><T42/><D42/><U127/><E127/><V12/><REACH who="2" step="1"/><F70/><REACH who="2" ten="250,250,240,250" step="2"/><W27/><G131/><T6/><D9/><U75/><E10/><V125/><F125/><W107/><G1/><T99/><AGARI ba="0,1" hai="5,6,11,13,18,88,95,98,99,102,106" m="51785" machi="99" ten="30,6000,0" yaku="20,1,52,1,54,1" doraHai="86" who="0" fromWho="0" sc="250,70,250,-20,240,-20,250,-20" /><INIT seed="0,1,0,4,3,117" ten="320,230,220,230" oya="0" hai0="71,39,97,50,111,69,85,16,99,7,5,101,47" hai1="66,83,6,118,17,119,1,65,55,112,109,89,4" hai2="104,78,35,52,129,107,100,3,102,105,126,75,51" hai3="9,0,95,125,124,13,116,81,128,127,63,26,28"/><T94/><D39/><U12/><E119/><V45/><F126/><W76/><G116/><T80/><D111/><U54/><E118/><V133/><F133/><W108/><G108/><T11/><D99/><U32/><E32/><V37/><F129/><W87/><G128/><T74/><D74/><U91/><E1/><V48/><F37/><W25/><G0/><T72/><D72/><U20/><E112/><V132/><F132/><W46/><G46/><T49/><D49/><U70/><E109/><V44/><F3/><W82/><G28/><T135/><D135/><U10/><E70/><V121/><F35/><W40/><G40/><N who="0" m="24935" /><D69/><U92/><E83/><V43/><REACH who="2" step="1"/><F121/><REACH who="2" ten="320,230,210,230" step="2"/><W130/><G130/><T33/><D33/><U96/><E91/><V22/><F22/><W42/><G127/><T62/><D71/><U24/><E4/><V34/><F34/><W14/><G125/><T134/><D134/><U103/><E103/><V115/><F115/><W27/><G124/><T59/><D5/><U93/><E93/><V98/><F98/><W21/><G95/><T36/><D7/><U23/><E23/><V2/><F2/><W73/><G21/><T38/><D94/><U31/><E6/><V84/><F84/><W90/><G9/><T56/><D97/><U79/><E79/><V106/><N who="2" m="26624" /><DORA hai="77" /><V58/><F58/><W15/><G42/><T114/><D114/><U29/><E29/><V88/><F88/><W41/><G41/><T19/><D101/><U18/><REACH who="1" step="1"/><E31/><REACH who="1" ten="320,220,210,230" step="2"/><V68/><F68/><W30/><G30/><T61/><D11/><U53/><AGARI ba="1,2" hai="10,12,17,18,20,24,53,54,55,65,66,89,92,96" machi="53" ten="30,8000,1" yaku="1,1,2,1,5,1,0,1,8,1,53,0" doraHai="117,77" doraHaiUra="110,122" who="1" fromWho="1" sc="320,-41,220,103,210,-21,230,-21" /><INIT seed="1,0,0,0,0,64" ten="279,323,189,209" oya="1" hai0="43,61,85,67,74,11,37,68,53,14,117,27,87" hai1="33,131,60,98,69,5,21,2,24,101,79,88,114" hai2="113,120,108,112,100,128,52,122,109,66,46,44,93" hai3="89,49,105,48,118,16,83,22,75,123,124,96,20"/><U132/><E114/><N who="2" m="44139" /><F100/><W59/><G123/><N who="2" m="47145" /><F93/><W73/><G124/><T38/><D117/><U84/><E131/><V50/><F128/><W41/><G118/><T42/><D74/><U106/><E132/><V104/><F104/><W95/><G105/><T3/><D3/><U30/><E79/><V81/><F81/><W0/><G0/><T56/><D27/><U116/><E116/><V82/><F82/><W40/><G75/><T1/><D1/><U47/><E47/><N who="2" m="27743" /><F66/><W12/><G73/><T97/><D97/><U57/><E98/><V13/><F13/><W119/><G119/><T34/><D87/><U39/><E101/><V51/><F46/><N who="3" m="25671" /><G83/><T18/><D85/><U58/><E106/><V133/><F133/><W127/><G127/><T26/><D26/><U76/><E24/><V4/><F4/><W126/><G126/><T103/><D103/><U54/><E5/><V63/><F63/><W62/><G62/><N who="0" m="40055" /><D34/><U80/><E33/><V15/><F15/><W72/><G72/><T45/><D45/><U36/><E84/><V29/><F29/><W35/><G35/><T91/><D91/><U134/><E88/><V31/><F31/><W28/><G28/><T135/><D135/><U17/><E134/><V90/><F90/><W9/><G59/><T111/><D56/><U23/><E57/><V94/><F94/><W86/><G86/><T130/><D130/><U99/><E58/><V110/><F110/><W6/><G6/><T125/><D111/><U115/><E115/><V102/><F102/><W7/><G7/><T92/><D125/><U65/><E80/><RYUUKYOKU ba="0,0" sc="279,-15,323,-15,189,15,209,15" hai2="44,51,108,109" hai3="9,12,16,20,22,41,49,89,95,96" /><INIT seed="2,1,0,5,1,63" ten="264,308,204,224" oya="2" hai0="20,15,120,22,36,128,8,28,52,32,66,13,108" hai1="11,131,10,31,65,88,58,61,130,111,42,47,21" hai2="44,14,129,18,99,1,86,48,91,95,75,79,16" hai3="114,121,43,100,41,24,25,55,30,73,35,49,98"/><V19/><F129/><N who="1" m="49161" /><E111/><V70/><F1/><W94/><G121/><T118/><D128/><U2/><E2/><V57/><F70/><W59/><G73/><T9/><D36/><N who="1" m="21959" /><E88/><N who="2" m="55783" /><F75/><W97/><G114/><T77/><D77/><U96/><E96/><V83/><F57/><W134/><G134/><T122/><D108/><U135/><E135/><V89/><F14/><W29/><REACH who="3" step="1"/><G98/><REACH who="3" ten="264,308,204,214" step="2"/><T27/><D120/><U67/><E67/><V133/><F133/><W51/><G51/><T112/><D66/><U60/><E60/><V39/><F39/><W12/><G12/><T103/><D122/><U110/><E110/><V107/><F107/><W6/><G6/><T117/><D112/><U56/><E56/><V126/><F126/><W123/><G123/><T40/><D15/><U113/><E113/><V92/><F92/><W132/><G132/><T71/><D13/><U23/><E31/><V50/><F50/><W76/><G76/><T34/><D28/><U81/><E65/><V26/><F26/><W90/><G90/><T37/><D27/><U78/><E58/><V127/><F127/><W80/><G80/><T3/><D3/><U7/><E61/><V5/><F5/><W62/><G62/><T102/><D37/><U115/><E115/><V105/><F105/><W124/><G124/><T93/><D71/><U82/><E82/><V17/><N who="2" m="4096" /><DORA hai="33" /><V0/><F0/><W116/><G116/><T101/><D93/><U53/><E7/><V72/><F72/><W74/><G74/><T69/><D69/><U109/><E109/><V125/><F125/><W38/><G38/><RYUUKYOKU ba="1,1" sc="264,-15,308,-15,204,15,214,15" hai2="44,48,79,83,86,89,91" hai3="24,25,29,30,35,41,43,49,55,59,94,97,100" /><INIT seed="2,2,1,1,5,2" ten="249,293,219,229" oya="2" hai0="20,78,70,77,13,62,11,52,105,129,29,21,47" hai1="25,26,3,7,14,35,104,118,134,101,91,116,127" hai2="6,28,92,73,42,30,34,56,90,57,45,36,117" hai3="51,41,124,133,113,27,65,121,63,128,43,135,59"/><V89/><F117/><N who="1" m="45161" /><E91/><V55/><F73/><W40/><G121/><T22/><D105/><U109/><E101/><V67/><F89/><W102/><G102/><T10/><D129/><U39/><E104/><V81/><F81/><W120/><G120/><T16/><D29/><N who="1" m="19887" /><E39/><V79/><F79/><N who="0" m="30218" /><D70/><U58/><E58/><V54/><F67/><W132/><G128/><T75/><D75/><U110/><E127/><V107/><F107/><W111/><G124/><T71/><D71/><U86/><E86/><V72/><F72/><W123/><G123/><T9/><D47/><U80/><E80/><V0/><F34/><W122/><G122/><T44/><D44/><U130/><E130/><V53/><F57/><AGARI ba="2,1" hai="9,10,11,13,16,20,21,22,52,57,62" m="30218" machi="57" ten="30,3900,0" yaku="8,1,54,2" doraHai="2" who="0" fromWho="2" sc="249,55,293,0,219,-45,229,0" /><INIT seed="3,0,0,4,0,91" ten="304,293,174,229" oya="3" hai0="129,0,24,43,82,51,105,102,109,77,66,69,99" hai1="73,71,5,133,111,50,9,119,27,35,33,76,3" hai2="36,61,22,41,86,78,134,100,34,85,54,57,18" hai3="4,59,127,98,110,32,56,31,118,122,1,87,74"/><W135/><G74/><T125/><D0/><U112/><E112/><V67/><F34/><W124/><G122/><T97/><D109/><U16/><E71/><V107/><F134/><W117/><G135/><T101/><D125/><U48/><E133/><V21/><F36/><W17/><G110/><T95/><D129/><U92/><E111/><V113/><F113/><W65/><G65/><T75/><D24/><U88/><E119/><V52/><F41/><W81/><G1/><T28/><D28/><U40/><E76/><V44/><F107/><W26/><G4/><T58/><D69/><U12/><E73/><V63/><F100/><W123/><G123/><T25/><D25/><U89/><E89/><V15/><F78/><W46/><G31/><T103/><D103/><U45/><E50/><V126/><F126/><W11/><G118/><T114/><D114/><U64/><E64/><V13/><F44/><W80/><G46/><T120/><D120/><U53/><E27/><V132/><F132/><W106/><G26/><T116/><D116/><U90/><E90/><V94/><F94/><W38/><G106/><T30/><D30/><U79/><E79/><V130/><F130/><W42/><G117/><T104/><D104/><U7/><E40/><V108/><F108/><W131/><G42/><T84/><D43/><U49/><E49/><V96/><F96/><W8/><G131/><T115/><D115/><U19/><E5/><V6/><F6/><W2/><G127/><T23/><D75/><U121/><E121/><V29/><F67/><W10/><G124/><T70/><D66/><RYUUKYOKU ba="0,0" sc="304,0,293,0,174,0,229,0" owari="304,40.4,293,9.3,174,-32.6,229,-17.1" /></mjloggm>