<mjloggm ver="2.3"><GO type="225" lobby="0"/><UN n0="%E3%81%95%E3%81%8D%E3%81%9F%E3%81%BE%E6%9E%97%E6%AA%8E" n1="%6D%75%75%6D%75%72%61" n2="%E3%81%AF%E3%82%88%E3%81%8A%E3%81%98%E3%81%95%E3%82%93" n3="%E3%81%A1%E3%82%85%E3%81%86%E3%81%A9%E3%81%8F%E8%B1%A1%E3%81%95%E3%82%93" dan="16,17,16,17" rate="2143.31,2219.39,2160.31,2195.28" sx="M,F,M,M"/><TAIKYOKU oya="0"/><INIT seed="0,0,0,3,1,73" ten="250,250,250,250" oya="0" hai0="48,115,122,2,42,96,58,28,106,80,88,38,18" hai1="29,110,89,85,16,102,44,119,61,121,45,12,51" hai2="79,108,63,54,70,135,7,46,13,14,120,8,5" hai3="129,52,37,17,24,94,109,20,39,101,91,59,98"/><T15/><D115/><U81/><E110/><V93/><F120/><W84/><G109/><T65/><D122/><U105/><E121/><V32/><F32/><W72/><G72/><T127/><D127/><U30/><E119/><V25/><F108/><W43/><G43/><T99/><D2/><U117/><E117/><V118/><F118/><W36/><G129/><T75/><D38/><U133/><E133/><V76/><F135/><W49/><REACH who="3" step="1"/><G36/><REACH who="3" ten="250,250,250,240" step="2"/><T3/><D42/><U67/><E30/><V1/><F1/><W107/><AGARI ba="0,1" hai="17,20,24,37,39,49,52,59,84,91,94,98,101,107" machi="107" ten="20,12000,2" yaku="1,1,2,1,0,1,7,1,54,1,53,1" doraHai="73" doraHaiUra="97" who="3" fromWho="3" sc="250,-60,250,-30,250,-30,240,130" /><INIT seed="1,0,0,1,0,1" ten="190,220,220,370" oya="1" hai0="17,89,123,26,32,2,114,21,90,7,110,9,76" hai1="128,53,27,95,122,36,101,91,24,6,55,34,77" hai2="11,111,79,87,20,93,85,58,33,10,82,94,46" hai3="51,84,43,124,59,38,60,120,107,72,131,61,69"/><U125/><E122/><V134/><F33/><W54/><G72/><T116/><D110/><U113/><E113/><V92/><F111/><W98/><G120/><T3/><D114/><U14/><E125/><V39/><F134/><W45/><G124/><T25/><D116/><U80/><E36/><V121/><F121/><W28/><G28/><T99/><D123/><U74/><E101/><V88/><F39/><W118/><G118/><T35/><D76/><U81/><E81/><N who="2" m="47295" /><F46/><W132/><G132/><T66/><D66/><U86/><E128/><V75/><F75/><W16/><G131/><T102/><D90/><U65/><E65/><V4/><F4/><W12/><G84/><T126/><D89/><U50/><E34/><N who="0" m="12841" /><D102/><U63/><E63/><V62/><F20/><W5/><G5/><N who="0" m="1207" /><D99/><U96/><E74/><V30/><F30/><W37/><G37/><T67/><D67/><AGARI ba="0,0" hai="10,11,58,62,67,82,87,88,92,93,94" m="47295" machi="67" ten="30,2000,0" yaku="8,1,54,1" doraHai="1" who="2" fromWho="0" sc="190,-20,220,0,220,20,370,0" /><INIT seed="2,0,0,0,4,122" ten="170,220,240,370" oya="2" hai0="124,126,52,94,73,130,79,72,90,93,77,26,75" hai1="59,69,135,102,70,60,86,20,107,53,51,119,30" hai2="36,10,32,34,71,82,103,117,129,7,49,116,22" hai3="2,131,8,115,61,16,24,68,5,76,6,67,9"/><V12/><F36/><W123/><G123/><T4/><D4/><U78/><E119/><V109/><F71/><W87/><G131/><T88/><D26/><U46/><E135/><V0/><F103/><W1/><G115/><T113/><D52/><U81/><E107/><V127/><F82/><W118/><G118/><N who="2" m="45673" /><F49/><W99/><G99/><N who="0" m="57767" /><D130/><U108/><E102/><V110/><F127/><N who="0" m="48682" /><D113/><U58/><E70/><V28/><F129/><W121/><G121/><T105/><D105/><U27/><E69/><V33/><F0/><W80/><G24/><AGARI ba="0,0" hai="7,10,12,22,24,28,32,33,34,109,110" m="45673" machi="24" ten="40,12000,1" yaku="34,2,52,2" doraHai="122" who="2" fromWho="3" sc="170,0,220,0,240,120,370,-120" /><INIT seed="2,1,0,1,4,22" ten="170,220,360,250" oya="2" hai0="111,26,31,65,55,9,85,127,1,88,113,36,11" hai1="121,97,37,131,53,74,33,108,42,80,46,23,124" hai2="115,91,70,47,86,84,3,7,38,50,25,66,90" hai3="45,120,73,4,98,68,34,125,92,93,27,96,6"/><V64/><F38/><W21/><G120/><T77/><D111/><U35/><E108/><V112/><F3/><W0/><G68/><T67/><D36/><U100/><E121/><V69/><F7/><W95/><G34/><T117/><D117/><U99/><E124/><V89/><F50/><W32/><G32/><T81/><D127/><U114/><E114/><V40/><F47/><W87/><G125/><T63/><D113/><U71/><E131/><V54/><F91/><W122/><G122/><T134/><D134/><U75/><E71/><V24/><F54/><W62/><G73/><T126/><D126/><U82/><E53/><V129/><F40/><W105/><G87/><T29/><D29/><U14/><E75/><V5/><F5/><W15/><G0/><T12/><D1/><U18/><E97/><N who="3" m="37482" /><G105/><T16/><D9/><U78/><REACH who="1" step="1"/><E80/><REACH who="1" ten="170,210,360,250" step="2"/><V10/><F129/><W39/><G95/><AGARI ba="1,1" hai="14,18,23,33,35,37,42,46,74,78,82,95,99,100" machi="95" ten="30,7700,0" yaku="1,1,2,1,7,1,53,1" doraHai="22" doraHaiUra="13" who="1" fromWho="3" sc="170,0,210,90,360,0,250,-80" /><INIT seed="3,0,0,3,4,44" ten="170,300,360,170" oya="3" hai0="14,107,75,30,100,55,25,6,59,58,117,119,60" hai1="33,61,38,41,12,20,92,22,112,110,99,88,17" hai2="120,103,28,26,36,62,50,98,46,52,83,109,90" hai3="53,115,51,73,74,134,16,96,121,9,97,77,69"/><W95/><G121/><T35/><D75/><U132/><E110/><V123/><F109/><W45/><G115/><T39/><D39/><U102/><E132/><V111/><F111/><W66/><G134/><T29/><D29/><U85/><E33/><V130/><F130/><W72/><G77/><T89/><D107/><U7/><E7/><V124/><F124/><W87/><G87/><T94/><D100/><U116/><E112/><V126/><F126/><W19/><G96/><T104/><D104/><U27/><E116/><V118/><F118/><W80/><G80/><T128/><D128/><U113/><E113/><V86/><F62/><W4/><G66/><T67/><D14/><U10/><E38/><V93/><REACH who="2" step="1"/><F36/><REACH who="2" ten="170,300,350,170" step="2"/><W129/><G129/><T0/><D60/><U131/><E131/><V91/><F91/><W57/><G69/><T56/><D89/><U37/><E37/><V105/><F105/><W63/><G63/><T11/><D119/><U31/><E61/><V76/><F76/><W114/><G114/><T125/><D125/><U42/><REACH who="1" step="1"/><E10/><REACH who="1" ten="170,290,350,170" step="2"/><V3/><F3/><W47/><G9/><T1/><D11/><U127/><E127/><V15/><F15/><W106/><G106/><AGARI ba="0,2" hai="12,17,20,22,27,31,41,42,85,88,92,99,102,106" machi="106" ten="30,7700,0" yaku="1,1,7,1,54,1,53,1" doraHai="44" doraHaiUra="23" who="1" fromWho="3" sc="170,0,290,97,350,0,170,-77" owari="170,-23.0,387,48.7,350,15.0,93,-40.7" /></mjloggm>