<mjloggm ver="2.3"><GO type="225" lobby="0"/><UN n0="%48%61%61%61%6C%61%6E%64" n1="%E6%A1%9C%E8%8A%B1%E9%96%83%E3%80%85" n2="%E3%82%B5%E3%83%AB%E3%82%B7%E3%83%B3" n3="%E3%81%86%E3%82%8C%E3%81%9F%E3%82%93%E6%9E%95" dan="17,17,16,16" rate="2162.48,2258.64,2099.37,2153.28" sx="M,M,M,F"/><TAIKYOKU oya="0"/><INIT seed="0,0,0,0,0,63" ten="250,250,250,250" oya="0" hai0="27,134,132,80,108,114,110,99,22,57,50,93,23" hai1="32,75,86,122,43,18,112,120,103,113,94,11,73" hai2="78,127,96,56,13,46,106,62,76,65,49,36,4" hai3="0,90,47,109,87,66,119,98,3,54,107,58,44"/><T53/><D114/><N who="1" m="44139" /><E32/><V67/><F36/><W116/><G109/><N who="0" m="42091" /><D80/><U135/><E43/><V59/><F127/><W52/><G58/><N who="2" m="22057" /><F106/><W104/><G87/><T123/><D123/><N who="1" m="47147" /><E18/><V89/><F96/><W41/><G98/><T35/><D35/><U51/><E51/><V34/><F89/><W70/><G90/><N who="0" m="55735" /><D22/><U1/><E11/><N who="2" m="4327" /><F62/><W101/><G101/><T105/><D105/><U83/><E1/><V92/><F92/><W30/><G107/><T74/><D74/><U126/><E126/><V60/><F60/><W102/><G104/><T25/><D25/><U6/><E94/><V95/><F95/><W79/><G116/><T8/><D8/><U84/><E103/><V33/><F33/><W117/><G102/><T118/><D118/><U131/><E75/><V121/><F34/><W72/><G72/><T5/><D5/><U82/><E6/><V16/><F16/><AGARI ba="0,0" hai="16,23,27,50,53,57,132,134" m="55735,42091" machi="16" ten="30,5800,0" yaku="14,1,10,1,54,1" doraHai="63" who="0" fromWho="2" sc="250,58,250,0,250,-58,250,0" /><INIT seed="0,1,0,0,1,114" ten="308,250,192,250" oya="0" hai0="12,129,10,34,83,135,74,88,26,77,18,115,69" hai1="40,122,15,14,45,64,111,17,104,39,131,119,76" hai2="21,29,128,81,56,92,99,127,106,7,102,3,89" hai3="113,42,23,62,107,38,37,72,20,57,85,13,121"/><T50/><D115/><U1/><E122/><V41/><F128/><W73/><G113/><T25/><D129/><U67/><E131/><V112/><F112/><W66/><G121/><T61/><D135/><U44/><E1/><V31/><F127/><W33/><G33/><T101/><D101/><U126/><E104/><V118/><F41/><W82/><G107/><T123/><D123/><U48/><E126/><V75/><F118/><W58/><G58/><T108/><D108/><U116/><E76/><V91/><F21/><W46/><G37/><T55/><D34/><U36/><E111/><V96/><F56/><W8/><G73/><T132/><D132/><U24/><E24/><V133/><F133/><W110/><G72/><T80/><D61/><U68/><E17/><V124/><F124/><W49/><G38/><T63/><D63/><U97/><E97/><V19/><F19/><W32/><G32/><T125/><D69/><U54/><E68/><V11/><REACH who="2" step="1"/><F91/><REACH who="2" ten="308,250,182,250" step="2"/><N who="3" m="51639" /><G110/><T93/><D125/><U51/><E54/><V134/><F134/><W109/><G109/><T27/><D55/><U6/><E6/><AGARI ba="1,1" hai="6,8,13,20,23,42,46,49,57,62,66" m="51639" machi="6" ten="30,1000,0" yaku="8,1" doraHai="114" who="3" fromWho="1" sc="308,0,250,-13,182,0,250,23" /><INIT seed="1,0,0,1,0,102" ten="308,237,182,273" oya="1" hai0="80,88,115,51,104,118,73,2,122,23,7,49,58" hai1="108,82,44,84,93,69,68,101,47,60,53,114,11" hai2="20,83,86,35,78,77,106,95,99,116,59,33,17" hai3="75,12,21,91,134,97,72,36,87,120,81,39,31"/><U16/><E114/><V62/><F116/><W74/><G120/><T132/><D115/><U112/><E112/><V92/><F78/><W107/><G134/><T65/><D118/><U85/><E108/><V32/><F99/><W29/><G29/><T0/><D132/><U48/><E44/><V50/><F50/><W57/><G57/><T100/><D122/><U30/><E30/><V26/><REACH who="2" step="1"/><F106/><REACH who="2" ten="308,237,172,273" step="2"/><W28/><G107/><T40/><D51/><U15/><E60/><V34/><N who="2" m="8192" /><DORA hai="25" /><V131/><F131/><W126/><G39/><T61/><D104/><U42/><E42/><V14/><F14/><W67/><G36/><T24/><D49/><U71/><REACH who="1" step="1"/><E82/><REACH who="1" ten="308,227,172,273" step="2"/><V117/><F117/><W8/><G81/><T3/><D40/><U22/><E22/><V94/><F94/><W135/><G21/><T56/><D23/><U45/><E45/><V119/><F119/><W54/><G135/><T98/><D80/><U4/><E4/><V105/><F105/><W52/><G31/><T5/><D7/><U89/><E89/><V38/><F38/><W41/><G28/><T64/><D5/><U103/><E103/><V90/><F90/><W1/><G91/><T18/><D88/><U66/><E66/><AGARI ba="0,2" hai="17,20,26,59,62,66,77,83,86,92,95" m="8192" machi="66" ten="70,2300,0" yaku="1,1,53,0" doraHai="102,25" doraHaiUra="130,27" who="2" fromWho="1" sc="308,0,227,-23,172,43,273,0" /><INIT seed="2,0,0,1,5,94" ten="308,204,215,273" oya="2" hai0="24,95,11,68,93,42,13,80,135,48,47,26,40" hai1="90,7,110,62,25,30,12,14,84,122,33,58,99" hai2="100,130,132,5,74,97,75,1,45,78,77,15,50" hai3="52,134,41,65,116,104,129,17,6,37,81,126,127"/><V59/><F130/><W107/><G129/><T56/><D68/><U76/><E110/><V51/><F132/><W36/><G134/><T18/><D135/><U60/><E122/><V131/><F131/><W55/><G6/><T119/><D119/><U53/><E7/><V86/><F1/><W63/><G116/><T91/><D40/><U28/><E28/><V111/><F111/><W54/><G81/><T113/><D113/><U128/><E128/><V85/><F75/><W0/><G0/><T73/><D56/><U35/><E35/><V71/><F71/><W123/><G123/><T67/><D67/><U49/><E76/><N who="2" m="29291" /><F74/><W118/><G118/><T4/><D73/><U112/><E112/><V44/><F59/><W114/><G114/><T23/><D24/><U57/><E99/><V21/><F51/><W124/><G17/><T72/><D72/><U115/><E115/><V105/><F44/><N who="3" m="23591" /><G37/><T43/><D43/><U66/><REACH who="1" step="1"/><E49/><REACH who="1" ten="308,194,215,273" step="2"/><V38/><F38/><W121/><G121/><T2/><D2/><U96/><E96/><V46/><F5/><W29/><G29/><T79/><D79/><U89/><E89/><V70/><F46/><W117/><G117/><T87/><AGARI ba="0,1" hai="4,11,13,18,23,26,42,47,48,80,87,91,93,95" machi="87" ten="30,2000,0" yaku="0,1,8,1" doraHai="94" who="0" fromWho="0" sc="308,30,194,-5,215,-10,273,-5" /><INIT seed="3,0,0,0,2,33" ten="338,189,205,268" oya="3" hai0="93,60,17,10,20,85,53,94,123,63,96,102,14" hai1="108,59,132,125,104,7,19,74,11,70,13,98,45" hai2="72,128,127,58,3,73,124,42,36,5,112,18,111" hai3="32,65,126,76,103,82,37,91,66,9,83,115,129"/><W21/><G115/><T97/><D123/><U67/><E70/><V24/><F112/><W1/><G126/><N who="2" m="48169" /><F111/><W75/><G129/><T52/><D85/><U95/><E125/><V78/><F128/><W113/><G32/><T30/><D30/><U54/><E104/><V16/><F24/><W6/><G113/><T92/><D20/><U51/><E132/><V50/><F36/><W86/><G37/><T40/><D40/><U119/><E108/><V130/><F130/><W80/><G103/><N who="0" m="60807" /><D94/><U105/><E105/><V110/><F110/><W35/><G35/><T49/><D53/><U120/><E74/><N who="2" m="28779" /><F78/><W77/><G75/><T27/><D27/><U4/><E120/><V84/><F84/><W2/><G77/><T116/><D116/><U131/><E119/><V62/><F42/><W23/><G76/><T114/><D114/><U134/><E134/><V0/><F50/><W118/><G118/><T12/><D12/><U56/><E131/><V81/><F81/><W68/><G83/><T109/><D109/><U135/><E135/><V117/><F117/><W106/><G82/><T71/><D71/><U46/><E59/><AGARI ba="0,0" hai="10,14,17,49,52,59,60,63,93,97,102" m="60807" machi="59" ten="30,2000,0" yaku="8,1,54,1" doraHai="33" who="0" fromWho="1" sc="338,20,189,-20,205,0,268,0" owari="358,45.8,169,-33.1,205,-19.5,268,6.8" /></mjloggm>