<mjloggm ver="2.3"><GO type="225" lobby="0"/><UN n0="%E3%83%A1%E3%82%AC%E3%83%87%E3%82%B8" n1="%E3%81%A1%E3%82%85%E3%81%86%E3%81%A9%E3%81%8F%E8%B1%A1%E3%81%95%E3%82%93" n2="%43%68%65" n3="%E3%81%B2%E3%81%AA%E3%81%AE%E3%82%8A%E3%81%8F" dan="16,17,16,16" rate="2088.77,2153.43,2124.84,2136.78" sx="F,M,M,M"/><TAIKYOKU oya="0"/><INIT seed="0,0,0,1,3,135" ten="250,250,250,250" oya="0" hai0="98,65,24,101,49,57,22,107,62,67,75,43,39" hai1="91,44,77,34,4,126,64,35,55,82,16,86,0" hai2="45,9,21,80,63,5,122,83,119,134,97,128,58" hai3="87,52,66,29,133,118,125,42,17,70,102,48,106"/><T130/><D75/><U47/><E64/><V124/><F122/><W108/><G118/><T95/><D130/><U33/><E126/><V36/><F128/><W111/><G133/><T113/><D113/><U25/><E77/><V30/><F134/><W103/><G42/><T85/><D39/><U56/><E4/><V112/><F112/><W32/><G106/><T53/><D107/><U69/><E69/><V79/><F97/><W121/><G121/><T3/><D3/><U31/><E0/><V116/><F124/><W13/><G125/><T109/><D109/><N who="3" m="42057" /><G29/><T2/><D2/><U26/><E16/><V51/><F36/><W38/><G32/><T15/><D15/><U37/><E37/><V84/><F80/><W40/><G40/><T100/><D85/><U28/><REACH who="1" step="1"/><E33/><REACH who="1" ten="250,240,250,250" step="2"/><V11/><F5/><W73/><G66/><T23/><D23/><U72/><E72/><V78/><F79/><W120/><G70/><T129/><D129/><U19/><E19/><V132/><F132/><W20/><G73/><T12/><D12/><U76/><E76/><V74/><F74/><W10/><G38/><T93/><D22/><U18/><E18/><V7/><F7/><N who="3" m="3295" /><G87/><T71/><D24/><U110/><E110/><V1/><F1/><W117/><G120/><T88/><D67/><U115/><E115/><V68/><F68/><W46/><G117/><T27/><D27/><AGARI ba="0,1" hai="17,20,27,46,48,52,102,103" m="3295,42057" machi="27" ten="30,2000,0" yaku="14,1,54,1" doraHai="135" who="3" fromWho="0" sc="250,-20,240,0,250,0,250,30" /><INIT seed="1,0,0,1,5,91" ten="230,240,250,280" oya="1" hai0="126,99,104,51,117,48,47,73,7,78,35,38,121" hai1="24,131,85,57,96,3,65,89,93,122,63,80,75" hai2="127,46,18,90,41,17,4,19,50,135,76,119,110" hai3="12,8,44,118,95,115,106,2,114,81,29,6,9"/><U101/><E122/><V23/><F119/><W79/><G106/><T61/><D117/><U56/><E3/><V42/><F110/><W33/><G118/><T77/><D35/><U84/><E131/><V123/><F123/><W71/><G71/><T5/><D38/><U67/><E75/><V16/><F127/><W108/><G108/><T1/><D121/><U60/><E84/><V112/><F135/><W69/><G69/><T62/><D126/><U98/><E98/><V72/><F112/><W30/><G44/><T31/><D31/><U124/><E124/><V116/><F116/><W130/><G130/><T32/><D32/><U87/><E87/><V34/><F34/><W113/><G95/><T82/><D77/><U22/><E22/><V21/><F4/><W70/><G70/><T43/><D51/><U105/><REACH who="1" step="1"/><E24/><REACH who="1" ten="230,230,250,280" step="2"/><V125/><F125/><W27/><G27/><T10/><D99/><U58/><E58/><V64/><F72/><W53/><G33/><T37/><D104/><AGARI ba="0,1" hai="56,57,60,63,65,67,80,85,89,93,96,101,104,105" machi="104" ten="40,12000,1" yaku="1,1,9,1,52,1,53,2" doraHai="91" doraHaiUra="59" who="1" fromWho="0" sc="230,-120,230,130,250,0,280,0" /><INIT seed="1,1,0,2,4,57" ten="110,360,250,280" oya="1" hai0="124,93,1,27,54,71,2,82,11,127,41,37,119" hai1="48,40,17,66,16,91,10,45,12,6,53,96,78" hai2="32,129,26,28,56,13,52,120,44,100,80,85,97" hai3="68,132,14,5,33,84,34,39,50,72,74,43,118"/><U18/><E78/><V123/><F129/><W101/><G39/><T19/><D119/><U83/><E66/><V109/><F109/><W89/><G101/><T107/><D107/><U67/><E67/><V30/><F30/><W60/><G118/><T105/><D105/><U70/><E70/><V25/><F25/><W24/><G43/><T63/><D93/><N who="1" m="56383" /><E83/><V112/><F112/><W79/><G79/><T42/><D82/><U29/><E29/><V65/><F13/><W51/><G72/><T128/><D128/><U62/><E40/><N who="0" m="15465" /><D37/><U7/><E6/><V35/><F35/><W76/><G76/><T47/><D47/><U135/><E135/><V95/><F44/><W69/><G69/><T110/><D110/><U106/><E106/><V115/><F65/><W86/><G74/><T81/><D81/><U15/><E12/><V21/><F32/><W22/><G5/><T88/><D71/><U111/><E111/><V92/><F92/><W73/><G73/><T114/><D27/><U61/><AGARI ba="1,0" hai="7,10,15,16,17,18,45,48,53,61,62" m="56383" machi="61" ten="30,11700,0" yaku="8,1,52,2,54,1" doraHai="57" who="1" fromWho="1" sc="110,-40,360,120,250,-40,280,-40" /><INIT seed="1,2,0,2,3,59" ten="70,480,210,240" oya="1" hai0="41,112,50,106,114,34,52,57,42,29,11,116,55" hai1="105,23,77,13,85,51,134,118,30,103,53,80,10" hai2="19,63,54,39,7,121,4,66,107,128,43,44,124" hai3="37,125,120,119,28,113,99,15,32,93,5,81,64"/><U2/><E118/><V100/><F121/><W17/><G37/><T1/><D106/><U70/><E70/><V22/><F128/><W83/><G120/><T91/><D116/><U14/><E134/><V9/><F124/><W130/><G113/><T56/><D29/><U21/><E2/><V27/><F54/><W96/><G130/><T132/><D34/><U94/><E105/><V69/><REACH who="2" step="1"/><F9/><REACH who="2" ten="70,480,200,240" step="2"/><W104/><G125/><T38/><D114/><U12/><E10/><V78/><F78/><W6/><G119/><T36/><D112/><U18/><E53/><V71/><F71/><W67/><G67/><T16/><D42/><U46/><E77/><V8/><F8/><W122/><G64/><T24/><D41/><U123/><E123/><V101/><F101/><W65/><G65/><T73/><D1/><U97/><E103/><V92/><F92/><W48/><G93/><T25/><D11/><U26/><E94/><V133/><F133/><W61/><G122/><T108/><D132/><U45/><E80/><V33/><F33/><W74/><G83/><T62/><D91/><U88/><E88/><V75/><F75/><W86/><G74/><T90/><D73/><U31/><E21/><V79/><F79/><W89/><G89/><T98/><D90/><U68/><E23/><V58/><F58/><W126/><G32/><T35/><D57/><U76/><E68/><V49/><F49/><W40/><G126/><T72/><D35/><U115/><E51/><V117/><F117/><W109/><G48/><T102/><D50/><U111/><E115/><V110/><F110/><RYUUKYOKU ba="2,1" sc="70,-10,480,-10,200,30,240,-10" hai2="4,7,19,22,27,39,43,44,63,66,69,100,107" /><INIT seed="2,3,1,1,3,15" ten="60,470,230,230" oya="2" hai0="84,9,114,7,109,124,27,126,57,1,95,43,49" hai1="21,0,102,53,52,16,130,35,105,30,107,50,78" hai2="20,116,45,125,11,66,73,92,70,134,64,3,74" hai3="40,93,48,12,26,88,17,112,119,91,44,59,115"/><V118/><F92/><W103/><G119/><T29/><D109/><U80/><E0/><V98/><F20/><W79/><G79/><T33/><D114/><N who="3" m="43561" /><G26/><T104/><D104/><U28/><E102/><V108/><F108/><W101/><G59/><T13/><D95/><U122/><E122/><V135/><F45/><W97/><G91/><T82/><D1/><U129/><E28/><V23/><F23/><AGARI ba="3,1" hai="12,17,23,40,44,48,88,93,97,101,103" m="43561" machi="23" ten="30,3900,0" yaku="11,1,52,1,54,1" doraHai="15" who="3" fromWho="2" sc="60,0,470,0,230,-48,230,58" /><INIT seed="3,0,0,2,2,73" ten="60,470,182,288" oya="3" hai0="97,95,109,78,37,60,27,50,128,134,0,67,90" hai1="30,86,32,87,52,26,132,106,70,16,13,21,91" hai2="10,63,22,57,55,34,35,47,99,6,29,36,38" hai3="82,11,58,66,113,79,83,62,19,20,102,53,31"/><W120/><G120/><T80/><D37/><U45/><E106/><V98/><F22/><W101/><G31/><T1/><D109/><U14/><E132/><V74/><F74/><W61/><G11/><T126/><D134/><U72/><E72/><V104/><F104/><W133/><G83/><T39/><D39/><U96/><E70/><V92/><F99/><W84/><G113/><T24/><D0/><U8/><E96/><V81/><F81/><W12/><G133/><T76/><D1/><U127/><E127/><V88/><F38/><W59/><AGARI ba="0,0" hai="12,19,20,53,58,59,61,62,66,79,82,84,101,102" machi="59" ten="20,7800,0" yaku="0,1,7,1,8,1,52,1" doraHai="73" who="3" fromWho="3" sc="60,-26,470,-26,182,-26,288,78" /><INIT seed="3,1,0,5,2,107" ten="34,444,156,366" oya="3" hai0="60,67,125,39,53,112,86,40,20,59,16,81,122" hai1="35,27,88,109,92,134,63,75,103,31,124,102,42" hai2="114,32,58,123,15,17,119,130,115,41,96,90,78" hai3="64,57,82,87,2,48,116,74,46,6,56,13,12"/><W104/><G104/><T111/><D111/><U11/><E75/><V70/><F70/><W133/><G116/><T28/><D125/><U3/><E42/><V113/><F32/><W65/><G133/><T105/><D105/><U89/><E109/><V126/><F119/><W61/><G74/><T68/><D122/><U69/><E134/><V94/><F126/><W117/><G2/><T18/><D112/><U62/><E124/><V121/><F130/><W9/><G117/><T80/><D28/><U128/><E89/><V8/><F78/><W129/><G129/><T52/><D53/><U5/><E128/><V77/><F77/><W24/><G24/><T37/><D18/><U51/><E51/><V1/><F41/><W33/><G13/><T93/><D93/><U14/><E3/><V19/><F1/><W83/><G33/><T45/><D86/><U120/><E120/><N who="2" m="46155" /><F58/><W7/><G6/><AGARI ba="1,0" hai="6,8,15,17,19,90,94,96,113,114,115" m="46155" machi="6" ten="40,1300,0" yaku="13,1" doraHai="107" who="2" fromWho="3" sc="34,0,444,0,156,16,366,-16" owari="34,-46.6,444,54.4,172,-22.8,350,15.0" /></mjloggm>