<mjloggm ver="2.3"><GO type="225" lobby="0"/><UN n0="%E5%8D%A0%E3%81%84%E5%B8%AB%E8%A3%8F%E3%81%AA%E3%81%84%E3%81%97" n1="%E9%80%86%E9%80%A3%E5%B8%AF%E3%81%AE%E9%AC%BC" n2="%4B%2E%32%2E%4B%2E" n3="%E4%BF%BA%E3%81%A8%E5%A6%96%E5%A4%A2" dan="17,16,16,17" rate="2215.29,2166.76,2129.28,2181.99" sx="M,M,M,F"/><TAIKYOKU oya="0"/><INIT seed="0,0,0,3,5,70" ten="250,250,250,250" oya="0" hai0="34,17,1,41,89,128,84,83,37,39,12,19,45" hai1="93,97,16,88,63,29,86,77,119,38,10,100,101" hai2="20,40,98,130,121,47,8,80,25,56,104,3,6" hai3="110,133,92,32,134,43,65,60,135,5,42,95,57"/><T122/><D122/><U48/><E119/><V72/><F121/><W59/><G32/><T87/><D1/><U126/><E126/><V24/><F130/><W129/><G129/><T33/><D128/><U132/><E132/><V117/><F117/><W74/><G74/><T127/><D127/><U66/><E38/><V21/><F56/><N who="3" m="21579" /><G5/><T111/><D111/><U35/><E29/><V114/><F114/><W14/><G14/><T78/><D37/><U69/><E35/><V96/><F21/><W27/><G27/><T53/><D53/><U62/><E62/><V106/><F25/><W85/><G85/><T67/><D17/><U9/><E77/><N who="2" m="44071" /><F104/><W103/><G103/><T75/><D67/><U124/><E124/><V118/><F106/><W91/><G91/><T90/><D89/><U125/><E125/><V13/><F13/><W71/><G110/><T4/><D4/><U76/><E76/><V107/><F107/><W58/><N who="3" m="21587" /><W46/><DORA hai="109" /><G42/><T49/><D49/><AGARI ba="0,0" hai="43,46,49,60,65,71,92,95,133,134,135" m="21587" machi="49" ten="40,1300,0" yaku="20,1" doraHai="70,109" who="3" fromWho="0" sc="250,-13,250,0,250,0,250,13" /><INIT seed="1,0,0,1,2,133" ten="237,250,250,263" oya="1" hai0="116,132,64,101,19,114,46,41,32,42,97,25,33" hai1="8,38,47,27,14,15,4,78,31,26,23,18,71" hai2="104,89,84,103,81,55,44,95,1,102,111,9,21" hai3="17,68,80,113,35,125,11,65,48,130,83,58,127"/><U67/><E71/><V82/><F111/><W86/><G113/><T69/><D114/><U6/><E67/><V37/><F104/><W128/><G35/><T88/><D116/><U30/><E78/><V51/><F37/><W0/><G68/><T45/><D132/><U112/><E112/><V93/><F1/><W124/><G80/><N who="2" m="30825" /><F9/><W7/><G17/><T126/><D19/><N who="1" m="8647" /><E47/><V29/><F95/><W75/><G75/><T62/><D88/><U76/><E76/><V34/><F34/><W134/><G134/><T106/><D126/><U36/><E36/><V87/><F87/><W16/><G16/><T122/><D122/><U3/><E38/><V40/><F40/><W73/><G73/><T24/><D32/><N who="1" m="20567" /><E3/><V131/><F131/><W60/><G48/><T91/><D91/><AGARI ba="0,0" hai="0,7,11,58,60,65,83,86,91,124,125,127,128,130" machi="91" ten="40,8000,1" yaku="18,1,52,3" doraHai="133" who="3" fromWho="0" sc="237,-80,250,0,250,0,263,80" /><INIT seed="2,0,0,0,5,73" ten="157,250,250,343" oya="2" hai0="9,22,125,110,23,119,60,102,30,90,86,49,18" hai1="92,112,104,31,33,11,127,15,44,111,77,76,67" hai2="128,1,81,35,54,80,39,120,108,101,96,70,87" hai3="74,83,68,40,64,36,124,53,55,62,71,13,122"/><V5/><F120/><W107/><G107/><T117/><D110/><U109/><E104/><V61/><F35/><W57/><G122/><T78/><D125/><U56/><E112/><V118/><F118/><W133/><G124/><T129/><D129/><U24/><E127/><V135/><F39/><W75/><G133/><T51/><D102/><U116/><E116/><N who="0" m="44617" /><D30/><U10/><E44/><V121/><F135/><W93/><G93/><T16/><D60/><U103/><E10/><V38/><F38/><W3/><G3/><T66/><D66/><U52/><E67/><V19/><F101/><W2/><G2/><T114/><D114/><U85/><E111/><V97/><F61/><W7/><G55/><T84/><D9/><U6/><E109/><V69/><F54/><W79/><G74/><T131/><D90/><U91/><E103/><V42/><F108/><W28/><G28/><T45/><D131/><U43/><E43/><V14/><F42/><W106/><G106/><T58/><D58/><U4/><E4/><V48/><F5/><W32/><G32/><T115/><D115/><U98/><E98/><V20/><F128/><W37/><G71/><T50/><D45/><U29/><E29/><V0/><F70/><W72/><G68/><T59/><D59/><U63/><AGARI ba="0,0" hai="6,11,15,24,31,33,52,56,63,76,77,85,91,92" machi="63" ten="20,8000,1" yaku="0,1,7,1,52,2,54,1" doraHai="73" who="1" fromWho="1" sc="157,-20,250,80,250,-40,343,-20" /><INIT seed="3,0,0,3,0,119" ten="137,330,210,323" oya="3" hai0="95,81,127,34,39,61,10,82,130,2,99,121,84" hai1="135,70,7,3,63,88,12,94,52,19,18,32,56" hai2="50,117,97,35,54,64,123,80,15,65,37,45,92" hai3="40,91,17,59,114,31,46,23,113,120,6,4,72"/><W66/><G72/><T11/><D34/><U101/><E135/><V24/><F117/><W76/><G120/><T57/><D39/><U75/><E32/><V20/><F123/><W105/><G76/><T49/><D127/><U21/><E75/><V132/><F132/><W55/><G105/><T85/><D130/><U98/><E70/><V108/><F108/><W53/><G31/><T78/><D49/><U131/><E131/><V102/><F37/><W107/><G107/><T22/><D2/><U90/><E3/><V67/><F80/><W110/><G110/><T13/><D121/><U93/><E7/><N who="3" m="2602" /><G114/><T77/><D22/><N who="1" m="11591" /><E93/><V25/><F35/><W71/><G71/><T60/><D13/><AGARI ba="0,0" hai="13,19,21,52,56,63,88,90,94,98,101" m="11591" machi="13" ten="30,3900,0" yaku="8,1,54,2" doraHai="119" who="1" fromWho="0" sc="137,-39,330,39,210,0,323,0" owari="98,-40.2,369,46.9,210,-19.0,323,12.3" /></mjloggm>