<mjloggm ver="2.3"><GO type="225" lobby="0"/><UN n0="%6D%61%74%69%67%75%73%61" n1="%63%62%69%73%6B%65%74" n2="%E6%9D%B1%E9%A2%A8%E3%81%AE%E3%81%8D%E3%82%83%E3%81%B7%E3%81%95%E3%82%93" n3="%E3%83%97%E3%83%AC%E3%83%B4%E3%82%A1%E3%83%86%E3%82%A3" dan="17,16,16,16" rate="2184.81,2057.43,2173.81,2080.96" sx="M,M,M,F"/><TAIKYOKU oya="0"/><INIT seed="0,0,0,3,5,39" ten="250,250,250,250" oya="0" hai0="103,61,83,27,45,112,43,135,98,82,94,99,88" hai1="20,68,9,44,89,6,46,126,37,52,28,108,3" hai2="18,50,116,71,51,110,13,11,56,34,69,29,30" hai3="23,100,105,106,76,14,90,15,31,73,32,120,33"/><T70/><D112/><U115/><E115/><V72/><F110/><W129/><G120/><T48/><D135/><U5/><E108/><V107/><F116/><W78/><G129/><T35/><D35/><U104/><E68/><V79/><F107/><W65/><G65/><T26/><D70/><U62/><E126/><V58/><F79/><W81/><G100/><T124/><D61/><U113/><E113/><V133/><F72/><W123/><G123/><T41/><D124/><U12/><E104/><V92/><F92/><W101/><G101/><T118/><D118/><U95/><E37/><V53/><F133/><W25/><G90/><T67/><D67/><U80/><E80/><N who="0" m="30761" /><D41/><U131/><E131/><V117/><F117/><W86/><G73/><T19/><D19/><U0/><E0/><V38/><F38/><W42/><G106/><T84/><D103/><U2/><E2/><V16/><F34/><W36/><G105/><T59/><D59/><U77/><E3/><V75/><F75/><W60/><G76/><T8/><D8/><U49/><E77/><V47/><F11/><W40/><G36/><T1/><D1/><U10/><E62/><V93/><F47/><W109/><G109/><T121/><D121/><U128/><E128/><V134/><F134/><W66/><G33/><T4/><D4/><N who="1" m="1643" /><E46/><V63/><F71/><W21/><G32/><T119/><D119/><U132/><E132/><V102/><F69/><N who="3" m="42183" /><G23/><T87/><D87/><N who="1" m="52671" /><E28/><V127/><F127/><W54/><G54/><T57/><D57/><U125/><E125/><V85/><F58/><W114/><G114/><RYUUKYOKU ba="0,0" sc="250,10,250,10,250,-30,250,10" hai0="26,27,43,45,48,84,88,94,98,99" hai1="9,10,12,20,44,49,52" hai3="14,15,21,25,31,40,42,78,81,86" /><INIT seed="0,1,0,5,3,103" ten="260,260,220,260" oya="0" hai0="115,13,130,95,110,96,48,20,43,117,75,46,109" hai1="90,2,99,120,33,57,22,92,38,49,65,69,106" hai2="11,74,126,89,60,47,16,85,8,29,113,80,4" hai3="63,32,78,123,10,14,39,18,28,56,17,105,9"/><T94/><D115/><U36/><E33/><V12/><F113/><W66/><G123/><T81/><D117/><U23/><E120/><V101/><F126/><W27/><G39/><T73/><D130/><U114/><E2/><V53/><F74/><W84/><G78/><T44/><D20/><U31/><E114/><V77/><F29/><W102/><G84/><T54/><D13/><U131/><E69/><V50/><F101/><W52/><G66/><T3/><D3/><U71/><E131/><V93/><F60/><W118/><G118/><T100/><D94/><U45/><E31/><V15/><REACH who="2" step="1"/><F93/><REACH who="2" ten="260,260,210,260" step="2"/><W61/><G61/><T125/><D125/><U134/><E92/><V98/><F98/><W19/><REACH who="3" step="1"/><G10/><REACH who="3" ten="260,260,210,250" step="2"/><T128/><D128/><U135/><E135/><V76/><AGARI ba="1,2" hai="4,8,11,12,15,16,47,50,53,76,77,80,85,89" machi="76" ten="30,12000,2" yaku="1,1,0,1,25,2,8,1,54,1,53,0" doraHai="103" doraHaiUra="67" who="2" fromWho="2" sc="260,-61,260,-31,210,143,250,-31" /><INIT seed="1,0,0,3,0,12" ten="199,229,353,219" oya="1" hai0="27,54,106,51,10,17,103,76,18,88,74,98,77" hai1="28,69,56,3,45,124,66,46,13,92,55,31,75" hai2="91,63,128,6,99,48,19,90,108,82,96,32,105" hai3="58,71,112,33,34,134,129,72,135,14,102,117,49"/><U37/><E3/><V93/><F32/><W125/><G71/><T133/><D133/><N who="3" m="50697" /><G72/><T114/><D114/><U15/><E75/><V130/><F108/><W50/><G112/><T101/><D74/><U65/><E124/><V62/><F6/><W132/><N who="3" m="50705" /><W86/><DORA hai="61" /><G117/><T78/><D106/><U38/><E92/><V9/><F48/><N who="3" m="18539" /><G102/><N who="0" m="38923" /><D10/><U30/><E56/><V22/><F9/><W53/><G86/><T26/><D26/><U123/><E55/><V121/><F121/><W39/><G39/><N who="1" m="14858" /><E69/><V24/><F105/><W84/><G84/><T119/><D27/><U70/><E70/><V8/><F8/><W109/><G109/><T25/><D25/><U107/><E107/><V104/><F104/><W95/><G95/><N who="0" m="56679" /><D119/><U89/><E123/><V0/><F0/><W80/><G80/><T87/><D87/><U126/><E126/><V115/><F115/><W110/><G110/><T113/><D113/><U11/><E11/><V85/><REACH who="2" step="1"/><F99/><REACH who="2" ten="199,229,343,219" step="2"/><W73/><G125/><T47/><AGARI ba="0,1" hai="17,18,47,51,54,76,77,78" m="56679,38923" machi="47" ten="30,7900,0" yaku="8,1,52,2,54,1" doraHai="12,61" who="0" fromWho="0" sc="199,89,229,-39,343,-20,219,-20" /><INIT seed="2,0,0,5,5,90" ten="288,190,323,199" oya="2" hai0="98,71,13,35,87,4,38,96,50,7,43,41,124" hai1="15,25,123,62,70,132,23,27,39,16,56,19,32" hai2="108,42,80,10,53,102,107,64,2,48,47,129,77" hai3="84,1,34,6,109,12,29,14,65,26,93,21,59"/><V91/><F91/><N who="3" m="53479" /><G109/><T119/><D35/><U46/><E70/><V116/><F64/><W45/><G1/><T49/><D71/><U57/><E132/><V110/><F116/><W60/><G34/><T120/><D38/><U28/><E123/><V31/><F31/><W105/><G105/><T79/><D124/><U0/><E0/><V133/><F133/><W113/><G113/><T131/><D131/><U86/><E86/><V115/><F129/><W89/><G6/><T95/><D120/><U3/><E3/><V134/><F134/><W5/><G5/><T92/><D87/><U20/><REACH who="1" step="1"/><E62/><REACH who="1" ten="288,180,323,199" step="2"/><V99/><F2/><W61/><G60/><T51/><D119/><U58/><E58/><V52/><F115/><W101/><G45/><T40/><D79/><U118/><E118/><V83/><F77/><W114/><G114/><T121/><D121/><U106/><E106/><V85/><F85/><W122/><G122/><T126/><D126/><U73/><E73/><V111/><F107/><W44/><G44/><T30/><D30/><U117/><E117/><V66/><F111/><W125/><G125/><T82/><D82/><U130/><E130/><V68/><F83/><W81/><G81/><T63/><D63/><U72/><E72/><V67/><F80/><W11/><G11/><N who="0" m="4327" /><D7/><U22/><E22/><V69/><F110/><W103/><G89/><T74/><D74/><U24/><E24/><V128/><F128/><W17/><G29/><T78/><D78/><U94/><E94/><AGARI ba="0,1" hai="40,41,43,49,50,51,92,94,95,96,98" m="4327" machi="94" ten="30,7700,0" yaku="8,1,52,3" doraHai="90" who="0" fromWho="1" sc="288,87,180,-77,323,0,199,0" /><INIT seed="3,0,0,4,1,93" ten="375,103,323,199" oya="3" hai0="78,58,108,49,21,30,121,61,128,5,96,79,92" hai1="51,11,35,89,62,66,4,24,116,41,120,117,72" hai2="0,76,135,18,10,100,99,46,7,105,43,31,97" hai3="29,3,81,23,38,34,53,98,12,91,60,130,103"/><W52/><G38/><T115/><D121/><U15/><E120/><V125/><F31/><W71/><G3/><T118/><D118/><U106/><E72/><V32/><F18/><W122/><G122/><T112/><D108/><U33/><E89/><V95/><F32/><W113/><G113/><N who="0" m="43595" /><D49/><U73/><E73/><V48/><F76/><W39/><G39/><T124/><D5/><U85/><E85/><V57/><F135/><W134/><G134/><T67/><D128/><U2/><E41/><V59/><REACH who="2" step="1"/><F125/><REACH who="2" ten="375,103,313,199" step="2"/><W101/><G130/><T123/><D124/><U70/><E51/><V27/><F27/><N who="3" m="18751" /><G103/><AGARI ba="0,1" hai="0,7,10,43,46,48,57,59,95,97,99,100,103,105" machi="103" ten="30,7700,0" yaku="1,1,7,1,52,2,53,0" doraHai="93" doraHaiUra="68" who="2" fromWho="3" sc="375,0,103,0,313,87,199,-77" owari="375,17.5,103,-39.7,400,50.0,122,-27.8" /></mjloggm>