<mjloggm ver="2.3"><GO type="225" lobby="0"/><UN n0="%E3%81%86%E3%81%A9%E3%82%93%E3%81%93" n1="%E3%83%A9%E3%83%BC%E3%83%A1%E3%83%B3%E4%BA%94%E9%83%8E" n2="%E3%81%B5%E3%81%98%E3%81%8B%E3%81%A4" n3="%72%65%6E%6B%75%6E" dan="16,16,16,17" rate="2183.09,2067.62,2187.47,2222.58" sx="M,M,M,M"/><TAIKYOKU oya="0"/><INIT seed="0,0,0,4,5,4" ten="250,250,250,250" oya="0" hai0="26,7,13,20,131,30,40,24,97,82,117,115,32" hai1="58,69,122,10,48,98,57,25,114,55,112,28,62" hai2="120,2,93,63,43,9,21,0,84,18,100,134,44" hai3="103,27,8,14,72,78,110,65,83,106,118,41,17"/><T51/><D115/><N who="1" m="44075" /><E122/><V102/><F120/><W60/><G118/><T108/><D117/><U128/><E128/><V107/><F134/><W101/><G110/><T68/><D108/><U113/><N who="1" m="44083" /><U111/><DORA hai="53" /><E111/><V87/><F107/><W29/><G41/><T71/><D131/><U16/><E69/><V79/><F63/><W125/><G106/><T109/><D109/><U124/><E124/><V52/><F79/><W74/><G74/><T11/><D97/><U66/><E98/><N who="2" m="59471" /><F0/><W54/><G54/><T126/><D126/><U81/><E81/><V127/><F43/><W96/><G96/><T132/><D132/><U6/><E16/><V35/><F2/><W61/><G61/><T130/><D130/><U116/><E116/><V77/><F35/><W45/><G45/><T38/><D38/><U33/><E6/><V86/><F77/><W42/><G125/><T59/><D82/><U23/><E10/><V67/><F127/><W46/><G27/><T50/><D50/><U85/><E85/><V15/><F102/><W3/><G29/><T76/><D76/><U12/><E12/><V91/><F21/><AGARI ba="0,0" hai="21,23,25,28,33,48,55,57,58,62,66" m="44083" machi="21" ten="40,5200,0" yaku="11,1,52,2" doraHai="4,53" who="1" fromWho="2" sc="250,0,250,52,250,-52,250,0" /><INIT seed="1,0,0,3,4,130" ten="250,302,198,250" oya="1" hai0="60,3,118,97,0,115,129,16,38,35,80,99,17" hai1="14,94,123,10,124,18,4,6,71,102,133,54,41" hai2="92,21,88,23,61,119,59,52,81,108,27,85,22" hai3="51,93,126,77,101,100,105,70,111,30,34,11,31"/><U8/><E123/><V69/><F108/><W65/><G111/><T120/><D120/><U58/><E71/><V127/><F119/><W37/><G37/><T33/><D38/><U5/><E124/><V9/><F127/><W114/><G114/><T46/><D46/><U91/><E102/><V64/><F9/><W110/><G77/><T121/><D121/><U125/><E41/><V116/><F116/><W48/><G105/><T50/><D50/><N who="1" m="31063" /><E125/><V49/><REACH who="2" step="1"/><F81/><REACH who="2" ten="250,302,188,250" step="2"/><W29/><G11/><T104/><D80/><U68/><E10/><V28/><AGARI ba="0,1" hai="21,22,23,27,28,49,52,59,61,64,69,85,88,92" machi="28" ten="20,12000,2" yaku="1,1,2,1,0,1,7,1,54,2,53,0" doraHai="130" doraHaiUra="98" who="2" fromWho="2" sc="250,-30,302,-60,188,130,250,-30" /><INIT seed="2,0,0,0,1,78" ten="220,242,318,220" oya="2" hai0="28,112,99,6,90,74,97,76,20,135,42,59,88" hai1="12,68,71,36,86,133,49,15,21,128,44,102,131" hai2="60,18,70,122,92,82,56,31,29,105,48,11,98" hai3="17,63,65,25,38,54,64,51,73,93,103,58,47"/><V62/><F122/><W45/><G73/><T121/><D121/><U55/><E133/><V83/><F105/><W0/><G0/><T3/><D112/><U134/><E134/><V46/><F70/><N who="1" m="26665" /><E36/><V67/><F60/><W2/><G2/><T10/><D135/><U32/><E32/><V81/><F18/><W120/><G120/><T129/><D129/><N who="1" m="49739" /><E102/><N who="2" m="60743" /><F11/><W106/><G106/><T57/><D42/><AGARI ba="0,0" hai="29,31,42,46,48,56,62,67,81,82,83" m="60743" machi="42" ten="30,11600,0" yaku="8,1,52,3" doraHai="78" who="2" fromWho="0" sc="220,-116,242,0,318,116,220,0" /><INIT seed="2,1,0,1,3,40" ten="104,242,434,220" oya="2" hai0="51,63,99,16,29,7,32,127,81,56,34,46,121" hai1="107,9,66,118,64,130,62,0,68,82,67,76,36" hai2="109,31,60,96,28,2,86,83,18,45,65,48,44" hai3="8,91,120,78,55,125,20,111,42,4,87,47,43"/><V1/><F109/><W11/><G120/><T134/><D121/><U13/><E118/><V84/><F96/><W25/><G111/><T97/><D134/><U135/><E135/><V10/><F1/><W114/><G78/><T93/><D127/><U94/><E107/><V115/><F2/><W22/><G114/><T112/><D112/><U108/><E108/><V6/><F6/><W80/><G125/><T35/><D7/><U52/><E36/><V24/><F48/><N who="3" m="29087" /><G22/><T41/><D29/><U122/><E122/><V15/><F31/><N who="3" m="17831" /><G4/><T104/><D104/><U90/><E0/><V73/><F73/><W119/><G119/><T54/><D81/><U110/><E110/><V17/><F86/><W85/><G85/><T72/><D72/><U116/><E116/><V69/><F18/><W70/><G70/><T57/><D93/><U101/><E130/><V53/><F53/><W26/><G26/><T38/><REACH who="0" step="1"/><D16/><REACH who="0" ten="94,242,434,220" step="2"/><N who="1" m="8239" /><E94/><V128/><F128/><W50/><G42/><T49/><D49/><U74/><E74/><V89/><F115/><W19/><G19/><T14/><D14/><U61/><E82/><V102/><F102/><W129/><G129/><T131/><D131/><U133/><E101/><V27/><F27/><W30/><G30/><T106/><D106/><U71/><E133/><V77/><F77/><W88/><G91/><T23/><D23/><AGARI ba="1,1" hai="10,15,17,23,24,28,44,45,60,65,69,83,84,89" machi="23" ten="30,5800,0" yaku="7,1,52,2" doraHai="40" who="2" fromWho="0" sc="94,-61,242,0,434,71,220,0" /><INIT seed="2,2,0,1,2,103" ten="33,242,505,220" oya="2" hai0="94,15,50,98,132,9,37,86,63,91,33,44,8" hai1="61,105,104,4,124,29,111,27,108,74,99,25,131" hai2="20,77,82,35,5,135,46,101,95,3,116,10,129" hai3="58,6,79,16,107,18,24,14,57,2,40,65,112"/><V76/><F116/><W55/><G112/><T83/><D132/><U90/><E74/><V13/><F135/><W56/><G107/><N who="1" m="41034" /><E124/><V22/><F129/><W49/><G2/><T122/><D122/><U96/><E131/><V72/><F35/><W119/><G119/><T121/><D121/><U48/><E48/><V51/><F77/><W64/><G79/><T69/><D37/><U1/><E61/><V93/><F3/><W11/><G40/><T73/><D73/><U118/><E118/><V102/><F102/><W66/><REACH who="3" step="1"/><G24/><REACH who="3" ten="33,242,505,210" step="2"/><T120/><D120/><U80/><E25/><V75/><F76/><W59/><AGARI ba="2,1" hai="6,11,14,16,18,49,55,56,57,58,59,64,65,66" machi="59" ten="30,8000,1" yaku="1,1,2,1,0,1,8,1,54,1,53,0" doraHai="103" doraHaiUra="85" who="3" fromWho="3" sc="33,-22,242,-22,505,-42,210,96" /><INIT seed="3,0,0,5,1,64" ten="11,220,463,306" oya="3" hai0="119,27,46,56,120,103,61,66,14,40,91,19,83" hai1="68,133,20,42,11,105,108,41,65,116,38,69,51" hai2="29,34,77,4,134,107,111,132,35,75,9,117,70" hai3="80,100,102,33,104,53,122,15,48,71,110,7,10"/><W115/><G115/><T5/><D119/><U98/><E20/><V2/><F117/><W16/><G122/><T106/><D120/><U94/><E11/><V96/><F111/><W17/><G33/><T44/><D106/><U78/><E94/><V76/><F29/><W125/><G125/><T82/><D103/><N who="3" m="39465" /><G71/><N who="1" m="27210" /><E98/><V22/><F22/><W67/><G104/><T12/><D27/><U30/><E78/><V74/><F70/><W126/><G126/><T87/><D40/><N who="1" m="15467" /><E30/><V88/><F96/><W58/><G67/><T47/><D5/><U32/><E32/><N who="2" m="12331" /><F107/><W59/><G59/><T130/><D130/><U36/><E105/><V52/><F77/><W1/><G1/><T93/><D14/><U37/><E116/><V92/><F76/><W63/><G63/><T60/><D60/><U31/><E31/><V62/><F74/><W3/><G110/><T8/><D93/><U6/><E6/><V54/><F75/><W21/><G3/><T101/><D101/><U109/><E133/><N who="2" m="51307" /><F62/><W18/><G80/><T85/><D83/><U13/><E13/><V79/><F79/><W131/><G131/><T113/><D113/><U73/><E73/><V121/><F121/><W43/><G43/><T84/><D82/><U128/><E128/><V135/><F135/><W99/><G99/><T118/><D118/><U89/><E65/><V24/><F2/><W90/><G90/><T114/><D114/><U50/><E89/><V112/><F88/><W55/><G21/><T49/><D91/><U124/><E124/><V39/><F112/><W95/><G95/><T86/><D86/><RYUUKYOKU ba="0,0" sc="11,10,220,10,463,-30,306,10" hai0="8,12,19,44,46,47,49,56,61,66,84,85,87" hai1="36,37,38,50,51,108,109" hai3="7,10,15,16,17,18,48,53,55,58" /><INIT seed="3,1,0,2,4,65" ten="21,230,433,316" oya="3" hai0="89,77,116,79,62,61,126,25,75,44,58,91,73" hai1="63,107,56,130,94,37,132,129,49,60,18,86,59" hai2="3,41,29,10,119,21,7,72,50,93,90,121,54" hai3="16,109,24,123,43,82,0,131,53,104,51,99,128"/><W110/><G0/><T85/><D116/><U70/><E107/><V13/><F119/><W2/><G2/><T17/><D126/><U111/><E18/><V100/><F72/><W5/><G5/><T78/><D44/><U46/><E94/><V64/><F64/><W81/><G43/><T22/><D85/><U122/><E86/><V14/><F41/><W47/><G123/><T115/><D58/><N who="1" m="22059" /><E122/><V87/><F100/><N who="3" m="62495" /><G82/><T48/><D48/><U98/><E98/><V134/><F121/><W26/><G81/><T96/><D96/><U124/><E124/><V42/><F42/><W12/><G26/><T34/><D34/><U127/><E127/><V68/><F3/><W84/><G24/><T23/><D25/><U105/><E105/><V9/><F29/><W74/><G84/><T114/><D17/><U113/><E113/><V133/><F21/><N who="3" m="11399" /><G74/><T32/><D32/><U19/><E19/><N who="2" m="8623" /><F50/><W28/><G28/><T6/><D6/><U67/><E37/><V97/><F87/><W135/><G135/><N who="2" m="51721" /><F54/><W80/><G80/><T40/><D40/><N who="1" m="24775" /><E132/><V38/><F38/><W55/><G53/><T11/><D11/><U20/><E20/><V76/><F76/><W30/><G30/><T4/><D4/><U102/><E102/><V95/><F95/><W52/><G55/><T101/><D78/><U57/><E57/><V35/><F35/><W66/><G66/><T33/><D33/><U108/><E60/><V39/><F39/><W45/><G45/><T120/><D120/><U117/><E117/><V31/><F31/><W118/><G118/><T27/><D27/><RYUUKYOKU ba="1,0" sc="21,0,230,0,433,0,316,0" hai0="22,23,61,62,73,75,77,79,89,91,101,114,115" hai1="63,67,70,108,111,129,130" hai2="7,10,14,68,90,93,97" hai3="47,51,52,109,110,128,131" /><INIT seed="3,2,0,0,5,34" ten="21,230,433,316" oya="3" hai0="35,93,70,99,12,103,111,76,86,106,17,69,84" hai1="129,124,8,97,87,114,38,115,4,135,90,121,85" hai2="10,89,49,108,72,14,41,81,131,0,132,77,18" hai3="24,102,128,110,20,83,134,112,75,2,6,26,113"/><W100/><G75/><T16/><D111/><U59/><E121/><V55/><F108/><W107/><G110/><T79/><D35/><U57/><E38/><V33/><F33/><W123/><G83/><T50/><D106/><U95/><E124/><V126/><F126/><W80/><G80/><T88/><D69/><U11/><E129/><V64/><F131/><W56/><G128/><T71/><D71/><U127/><E127/><V21/><F132/><W43/><G43/><T96/><D70/><U78/><E135/><V120/><F120/><W44/><G44/><T58/><D17/><U30/><E30/><V54/><F64/><W52/><G134/><T27/><D27/><U51/><E114/><V1/><F89/><W104/><G123/><T98/><D86/><U66/><E115/><V92/><F92/><W7/><G56/><T109/><D109/><U39/><E39/><V25/><F41/><W82/><G82/><T117/><D117/><U9/><E4/><V53/><REACH who="2" step="1"/><F49/><REACH who="2" ten="21,230,423,316" step="2"/><W60/><G60/><T61/><D61/><U133/><E133/><V19/><AGARI ba="2,1" hai="0,1,10,14,18,19,21,25,53,54,55,72,77,81" machi="19" ten="30,12000,2" yaku="1,1,2,1,0,1,52,2,53,1" doraHai="34" doraHaiUra="105" who="2" fromWho="2" sc="21,-32,230,-32,423,136,316,-62" owari="-11,-51.1,198,-20.2,559,65.9,254,5.4" /></mjloggm>