<mjloggm ver="2.3"><GO type="225" lobby="0"/><UN n0="%E6%A0%B9%E5%85%83%E3%81%8B%E3%82%89%E5%90%B9%E3%81%A3%E9%A3%9B%E3%81%B6" n1="%E6%A1%9C%E8%8A%B1%E9%96%83%E3%80%85" n2="%E3%81%B5%E3%81%98%E3%81%8B%E3%81%A4" n3="%33%74%72%65%65" dan="17,16,17,16" rate="2167.28,2226.57,2203.80,2161.53" sx="F,M,M,F"/><TAIKYOKU oya="0"/><INIT seed="0,0,0,2,5,135" ten="250,250,250,250" oya="0" hai0="41,5,0,126,130,91,84,30,123,70,111,46,42" hai1="60,15,20,86,78,120,18,118,74,3,66,108,117" hai2="58,21,53,72,37,39,57,116,49,128,43,50,95" hai3="93,121,25,29,106,14,19,104,75,51,17,62,131"/><T54/><D123/><U122/><E74/><V114/><F114/><W32/><G131/><T112/><D112/><U48/><E3/><V67/><F72/><W28/><G121/><T132/><D70/><U76/><E120/><V97/><F128/><W109/><G109/><T94/><D132/><U61/><E122/><V82/><F116/><W44/><G75/><T16/><D30/><U134/><E134/><V98/><F82/><W1/><G29/><T133/><D5/><U8/><E108/><V119/><F119/><W55/><G1/><T102/><D0/><U45/><E117/><V11/><F11/><W100/><G19/><T96/><D130/><U9/><E61/><N who="2" m="38327" /><F21/><W88/><G62/><T59/><D46/><U69/><E118/><V113/><F98/><W105/><G100/><T99/><D99/><U4/><E86/><V124/><F97/><W125/><G125/><T10/><D126/><U23/><E23/><V115/><F95/><W103/><G103/><T110/><D133/><U47/><E47/><N who="2" m="25855" /><F124/><W68/><G68/><T73/><D73/><U71/><E71/><V129/><F129/><W85/><REACH who="3" step="1"/><G106/><REACH who="3" ten="250,250,250,240" step="2"/><T56/><D111/><U89/><E4/><V22/><F115/><W79/><G79/><T80/><D110/><U31/><E31/><V12/><F113/><W63/><G63/><T24/><D102/><U90/><E78/><V33/><F33/><W87/><G87/><T107/><D84/><U2/><E76/><V65/><F65/><W35/><G35/><T6/><D107/><U38/><E2/><V34/><F34/><W81/><G81/><RYUUKYOKU ba="0,1" sc="250,-15,250,-15,250,15,240,15" hai2="12,22,37,39,50,53,57" hai3="14,17,25,28,32,44,51,55,85,88,93,104,105" /><INIT seed="1,1,1,3,2,29" ten="235,235,265,255" oya="1" hai0="133,8,102,131,38,6,17,91,7,69,64,25,121" hai1="19,78,126,132,117,62,119,80,134,103,61,87,88" hai2="33,12,84,110,51,115,52,42,18,11,26,122,75" hai3="108,41,86,123,59,76,20,124,47,0,66,104,106"/><U125/><E19/><V44/><F122/><W129/><G123/><T116/><D116/><N who="1" m="44619" /><E61/><V92/><F75/><W37/><G0/><T10/><D38/><U56/><E56/><V72/><F72/><W1/><G1/><T118/><D64/><U3/><E62/><V39/><F110/><W23/><G108/><T135/><D69/><U113/><E3/><V74/><F74/><W57/><G57/><T32/><D118/><U35/><E103/><V67/><F67/><W2/><G2/><N who="0" m="87" /><D102/><U73/><E35/><V105/><F105/><W21/><G104/><T95/><D91/><U43/><E43/><V89/><F115/><W99/><G59/><T111/><D95/><N who="1" m="54687" /><E113/><V16/><F33/><W70/><G41/><T63/><D111/><U100/><E100/><V77/><F26/><W127/><G66/><T85/><D63/><U15/><E15/><V96/><F39/><W98/><G37/><T31/><D17/><U81/><E81/><N who="2" m="47151" /><F18/><W34/><G34/><N who="0" m="20847" /><D121/><U79/><E79/><V82/><F82/><W112/><G76/><T130/><D32/><U128/><E128/><N who="0" m="49193" /><D85/><U9/><E9/><N who="2" m="6159" /><F42/><W46/><G129/><T40/><D40/><U50/><E50/><N who="2" m="28743" /><F11/><W90/><G112/><T60/><D60/><U13/><E13/><AGARI ba="1,1" hai="7,10,13,133,135" m="49193,20847,87" machi="13" ten="30,7700,0" yaku="19,1,34,2,52,1" doraHai="29" who="0" fromWho="1" sc="235,90,235,-80,265,0,255,0" /><INIT seed="2,0,0,1,5,67" ten="325,155,265,255" oya="2" hai0="105,10,54,76,25,63,6,61,115,9,21,58,29" hai1="27,47,91,55,57,106,93,72,79,120,17,126,22" hai2="80,100,0,7,75,36,127,59,64,82,50,32,60" hai3="116,97,52,99,74,71,98,44,73,103,95,24,62"/><V125/><F36/><W83/><G116/><T129/><D105/><U56/><E106/><V85/><F32/><W111/><G111/><T26/><D115/><U89/><E126/><N who="2" m="48139" /><F100/><W81/><G98/><T28/><D129/><U68/><E120/><V18/><F75/><W31/><G99/><T119/><D119/><U12/><E72/><V66/><F18/><W38/><G74/><T134/><D134/><U41/><E79/><N who="2" m="46239" /><F50/><W34/><G73/><T123/><D123/><U113/><E113/><V46/><F46/><W133/><G133/><T121/><D76/><U135/><E89/><V92/><F92/><W30/><G30/><T94/><D94/><U110/><E91/><V11/><F82/><W48/><REACH who="3" step="1"/><G38/><REACH who="3" ten="325,155,265,245" step="2"/><T37/><D37/><U132/><E132/><V40/><F40/><W39/><G39/><T114/><D114/><U13/><E135/><V112/><F112/><W77/><G77/><T131/><D121/><U23/><E41/><V3/><F66/><AGARI ba="0,1" hai="24,31,34,44,48,52,62,66,71,81,83,95,97,103" machi="66" ten="40,5200,0" yaku="1,1,52,1,54,1,53,0" doraHai="67" doraHaiUra="128" who="3" fromWho="2" sc="325,0,155,0,265,-52,245,62" /><INIT seed="3,0,0,1,0,118" ten="325,155,213,307" oya="3" hai0="106,49,15,110,48,5,113,67,10,63,1,89,53" hai1="0,112,46,77,29,88,75,73,65,57,122,105,44" hai2="9,64,34,23,38,39,56,26,135,47,69,8,109" hai3="31,22,85,62,123,51,92,40,16,117,68,107,32"/><W115/><G115/><T82/><D110/><U96/><E112/><V134/><F34/><W81/><G117/><T61/><D106/><U101/><E0/><V79/><F79/><W7/><G107/><T91/><D1/><U37/><E29/><V55/><F109/><W84/><G123/><T78/><D113/><U3/><E3/><V114/><F114/><W24/><G7/><T43/><D49/><U13/><E13/><V50/><F39/><W36/><G36/><T76/><D43/><U42/><E46/><V86/><F86/><W14/><G92/><T21/><D21/><U27/><E27/><V99/><F99/><W11/><G32/><T52/><D53/><U66/><E77/><N who="0" m="29801" /><D67/><U95/><E122/><V25/><F25/><W83/><G62/><N who="0" m="23563" /><D82/><N who="3" m="31241" /><G68/><T103/><D103/><U20/><E20/><V100/><F100/><W33/><G33/><T2/><D2/><U119/><E119/><V18/><F69/><W124/><G124/><T97/><D97/><U4/><E57/><AGARI ba="0,0" hai="5,10,15,48,52,57,89,91" m="23563,29801" machi="57" ten="30,2000,0" yaku="8,1,54,1" doraHai="118" who="0" fromWho="1" sc="325,20,155,-20,213,0,307,0" owari="345,44.5,135,-36.5,213,-18.7,307,10.7" /></mjloggm>