<mjloggm ver="2.3"><GO type="225" lobby="0"/><UN n0="%E8%BE%9B%E5%8F%A3%E3%82%AB%E3%83%AC%E3%83%BC%E3%83%A9%E3%82%A4%E3%82%B9" n1="%E9%80%86%E9%80%A3%E5%B8%AF%E3%81%AE%E9%AC%BC" n2="%E5%8F%AF%E5%85%90%E9%82%A3%E7%94%B1%E5%A4%9A" n3="%E5%8D%A0%E3%81%84%E5%B8%AB%E8%A3%8F%E3%81%AA%E3%81%84%E3%81%97" dan="16,16,17,16" rate="2233.31,2107.37,2247.04,2135.65" sx="M,M,F,M"/><TAIKYOKU oya="0"/><INIT seed="0,0,0,3,4,118" ten="250,250,250,250" oya="0" hai0="94,84,98,29,68,75,125,67,70,41,111,37,45" hai1="12,10,116,89,61,64,65,90,103,51,21,48,20" hai2="129,112,120,99,18,133,40,50,36,59,63,25,28" hai3="74,96,58,117,123,83,114,57,5,23,127,49,32"/><T15/><D75/><U54/><E116/><V108/><F112/><W2/><G32/><T13/><D125/><U30/><E103/><V88/><F108/><W69/><G69/><T17/><D111/><U135/><E135/><V44/><F133/><W122/><G117/><T35/><D84/><U109/><E109/><V79/><F129/><W71/><G71/><T101/><D67/><U73/><E73/><V9/><F79/><N who="3" m="44535" /><G114/><T121/><D121/><N who="3" m="46089" /><G127/><T119/><D119/><U3/><E3/><V95/><F120/><W92/><G23/><T107/><D107/><U72/><E21/><V86/><F36/><W11/><G49/><T16/><D29/><U131/><E51/><V132/><F132/><W7/><G7/><T22/><D35/><U31/><E48/><V81/><F28/><W66/><G66/><T47/><D47/><U53/><E65/><V60/><F59/><W110/><G110/><T19/><D19/><U91/><E31/><V39/><F39/><W78/><G78/><T85/><REACH who="0" step="1"/><D85/><REACH who="0" ten="240,250,250,250" step="2"/><U113/><E30/><V14/><F25/><W38/><G38/><T24/><D24/><U93/><E72/><V42/><F42/><W128/><G128/><T4/><D4/><U80/><E131/><V52/><F40/><W46/><G46/><T97/><D97/><U104/><E64/><V76/><AGARI ba="0,1" hai="9,14,18,44,50,52,60,63,76,81,86,88,95,99" machi="76" ten="20,8000,1" yaku="0,1,7,1,8,1,54,2" doraHai="118" who="2" fromWho="2" sc="240,-40,250,-20,250,90,250,-20" /><INIT seed="1,0,0,0,1,38" ten="200,230,340,230" oya="1" hai0="7,31,103,45,76,107,124,11,55,59,87,44,15" hai1="3,129,49,19,75,57,113,53,78,91,8,27,25" hai2="4,0,50,99,47,135,37,74,115,128,73,93,34" hai3="85,14,6,81,114,101,68,16,23,54,108,100,130"/><U12/><E113/><V131/><F34/><W43/><G114/><T121/><D124/><U133/><E133/><V10/><F115/><W117/><G68/><T110/><D110/><U42/><E129/><N who="2" m="49739" /><F37/><W36/><G130/><T125/><D125/><U33/><E3/><V72/><F135/><W46/><G108/><T82/><D121/><U123/><E123/><V65/><F65/><W60/><G117/><T127/><D127/><U41/><E91/><N who="2" m="55743" /><F74/><W40/><G6/><T21/><D103/><N who="3" m="39497" /><G36/><T1/><D107/><U56/><E56/><V96/><F96/><W79/><G60/><T97/><D97/><U62/><E62/><V64/><F64/><W126/><G126/><T132/><D132/><U22/><E33/><V63/><F63/><W52/><G54/><AGARI ba="0,0" hai="0,4,10,47,50,54,72,73" m="55743,49739" machi="54" ten="30,1000,0" yaku="19,1" doraHai="38" who="2" fromWho="3" sc="200,0,230,0,340,10,230,-10" /><INIT seed="2,0,0,0,2,70" ten="200,230,350,220" oya="2" hai0="104,17,125,78,39,94,64,23,82,65,128,48,13" hai1="77,30,5,110,51,63,16,71,38,22,129,102,25" hai2="122,32,100,101,115,36,66,54,91,108,133,37,29" hai3="72,55,95,117,60,0,67,12,18,105,7,96,74"/><V49/><F115/><W44/><G117/><T119/><D104/><U31/><E129/><V26/><F122/><W27/><G105/><T47/><D119/><U76/><E110/><V83/><F66/><W24/><G0/><T135/><D128/><U75/><E38/><V126/><F108/><W131/><G7/><T80/><D125/><U130/><E130/><V6/><F126/><W8/><G131/><T113/><D113/><U52/><E102/><V98/><F133/><W111/><G111/><T69/><D135/><U73/><E5/><V118/><F118/><W9/><G9/><T50/><D69/><U87/><E87/><V92/><F6/><W11/><G11/><T58/><D94/><U79/><E75/><V62/><F62/><W59/><G72/><T120/><D120/><U112/><E73/><V33/><F33/><W61/><G74/><T88/><D39/><U19/><E19/><V127/><F101/><W15/><G15/><T1/><D1/><U134/><E134/><V28/><F28/><W68/><REACH who="3" step="1"/><G44/><REACH who="3" ten="200,230,350,210" step="2"/><T56/><D47/><U20/><E112/><V107/><F127/><W14/><G14/><T57/><D78/><U97/><E77/><V84/><F107/><W45/><G45/><AGARI ba="0,1" hai="26,29,32,36,37,45,49,54,83,84,91,92,98,100" machi="45" ten="30,5800,0" yaku="7,1,52,2" doraHai="70" who="2" fromWho="3" sc="200,0,230,0,350,68,210,-58" /><INIT seed="2,1,0,4,5,1" ten="200,230,418,152" oya="2" hai0="118,9,113,6,94,60,81,20,63,55,86,103,87" hai1="28,56,82,48,45,134,78,58,26,50,42,2,35" hai2="77,66,106,121,65,62,98,11,40,72,36,104,61" hai3="108,124,101,99,43,12,31,27,13,80,116,53,84"/><V54/><F121/><W117/><G108/><T59/><D113/><U89/><E134/><V37/><F54/><W88/><G124/><T95/><D118/><U0/><E89/><V29/><F29/><W30/><G43/><T93/><D20/><U70/><E70/><V44/><F37/><W114/><G114/><T16/><D103/><U85/><E50/><V25/><F25/><W120/><G120/><T126/><D126/><U112/><E112/><V68/><F98/><W21/><G30/><T90/><D16/><U38/><E38/><V33/><F33/><W107/><REACH who="3" step="1"/><G53/><REACH who="3" ten="200,230,418,142" step="2"/><T100/><D100/><U131/><E28/><V4/><F66/><W52/><G52/><T49/><REACH who="0" step="1"/><D86/><REACH who="0" ten="190,230,418,142" step="2"/><U57/><E85/><V127/><F127/><W14/><AGARI ba="1,2" hai="12,13,14,21,27,31,80,84,88,99,101,107,116,117" machi="14" ten="30,4000,0" yaku="1,1,0,1,54,1,53,0" doraHai="1" doraHaiUra="5" who="3" fromWho="3" sc="190,-11,230,-11,418,-21,142,63" /><INIT seed="3,0,0,1,5,73" ten="179,219,397,205" oya="3" hai0="24,44,65,101,106,25,43,95,125,46,74,97,45" hai1="92,112,10,9,8,93,131,104,2,130,124,4,6" hai2="48,78,0,118,41,3,80,30,22,89,75,111,133" hai3="68,120,102,7,29,113,21,105,135,32,16,110,57"/><W34/><G113/><T39/><D125/><U67/><E112/><V116/><F111/><W79/><G120/><T17/><D74/><U77/><E124/><V100/><F133/><W103/><G68/><T15/><D65/><U72/><E104/><V117/><F100/><W123/><G123/><T132/><D132/><U28/><E28/><V1/><F89/><W66/><G110/><T63/><D63/><U115/><E115/><V91/><F91/><W109/><G109/><T71/><D71/><U107/><E107/><V37/><F48/><W99/><G103/><T47/><REACH who="0" step="1"/><D106/><REACH who="0" ten="169,219,397,205" step="2"/><U11/><E67/><V81/><F75/><W40/><G135/><T134/><D134/><U49/><E72/><V36/><F117/><W122/><G122/><T54/><D54/><U5/><E5/><V56/><F116/><W83/><G7/><T53/><D53/><U19/><E6/><V76/><F118/><W55/><G66/><T129/><D129/><U87/><E4/><V94/><F0/><W20/><G40/><T52/><D52/><U35/><E2/><V12/><F41/><W64/><G64/><T128/><D128/><U13/><E131/><V114/><F114/><W70/><G70/><T69/><D69/><U108/><E130/><V58/><F1/><W127/><G127/><T51/><D51/><U60/><E108/><V42/><F42/><W90/><G90/><T62/><D62/><U98/><E49/><V121/><F3/><W50/><G29/><T38/><D38/><U27/><E60/><V31/><F121/><W88/><G88/><T86/><D86/><RYUUKYOKU ba="0,1" sc="169,30,219,-10,397,-10,205,-10" hai0="15,17,24,25,39,43,44,45,46,47,95,97,101" owari="199,-20.1,209,0.9,397,49.7,195,-30.5" /></mjloggm>