<mjloggm ver="2.3"><GO type="225" lobby="0"/><UN n0="%E3%82%B2%E3%82%B9%E8%8C%82%E5%8B%9D" n1="%E3%81%BF%E3%81%BF%E3%81%9A" n2="%E3%81%82%E3%81%99%E3%81%AB%E3%82%83%E3%82%80" n3="%E3%81%AF%E3%82%88%E3%81%8A%E3%81%98%E3%81%95%E3%82%93" dan="16,16,16,17" rate="2083.70,2142.45,2147.46,2227.25" sx="F,M,F,M"/><TAIKYOKU oya="0"/><INIT seed="0,0,0,1,2,29" ten="250,250,250,250" oya="0" hai0="134,66,100,120,45,119,20,21,62,53,0,77,58" hai1="117,2,101,110,9,97,104,8,65,15,11,56,10" hai2="76,25,54,59,36,86,87,118,3,98,24,6,95" hai3="108,80,49,31,82,5,112,91,72,88,19,130,68"/><T26/><D120/><U22/><E117/><V96/><F36/><W28/><G112/><T123/><D123/><U33/><E110/><V85/><F118/><W131/><G68/><T57/><D134/><U39/><E39/><V124/><F124/><W99/><G108/><T128/><D128/><N who="3" m="49193" /><G5/><T132/><D132/><U32/><E2/><V17/><F76/><N who="3" m="44039" /><G19/><T38/><D0/><U111/><E111/><V129/><F129/><W55/><G99/><T83/><D100/><U103/><E103/><V71/><F71/><W125/><G125/><T92/><D119/><U12/><E22/><V73/><F17/><W43/><G43/><T23/><D92/><U44/><E44/><V74/><F98/><W60/><G60/><T109/><D109/><U34/><N who="1" m="2048" /><DORA hai="1" /><U50/><REACH who="1" step="1"/><E65/><REACH who="1" ten="250,240,250,250" step="2"/><V106/><F3/><W79/><G28/><N who="0" m="17479" /><D45/><U14/><E14/><V37/><F37/><W13/><G13/><T64/><D38/><U135/><E135/><V70/><F54/><AGARI ba="0,1" hai="12,15,32,33,34,50,54,56,97,101,104" m="2048" machi="54" ten="60,8000,1" yaku="1,1,52,3,53,0" doraHai="29,1" doraHaiUra="107,121" who="1" fromWho="2" sc="250,0,240,90,250,-80,250,0" /><INIT seed="1,0,0,1,0,59" ten="250,330,170,250" oya="1" hai0="126,3,131,36,34,124,81,122,46,90,85,118,10" hai1="130,32,11,99,37,19,70,68,82,95,103,89,110" hai2="8,49,115,33,21,48,28,128,13,15,83,84,53" hai3="94,86,50,80,22,113,60,16,100,69,40,74,125"/><U29/><E37/><V64/><F128/><W23/><G113/><T75/><D118/><U4/><E130/><V88/><F115/><W55/><G125/><N who="0" m="48235" /><D131/><U133/><E133/><V51/><F33/><W9/><G74/><T30/><D75/><U127/><E127/><V61/><F53/><W0/><G0/><T97/><D97/><U2/><E110/><V66/><F66/><W92/><G69/><T123/><D30/><U27/><E19/><V35/><F35/><W31/><G40/><N who="0" m="22791" /><D34/><U67/><E67/><V38/><F38/><W57/><G50/><T17/><D17/><U132/><E132/><V7/><F21/><N who="3" m="7691" /><G100/><T25/><D25/><U134/><E134/><V119/><F119/><W114/><G31/><T65/><D65/><U121/><E121/><V56/><REACH who="2" step="1"/><F28/><REACH who="2" ten="250,330,160,250" step="2"/><W43/><G114/><T52/><D52/><U111/><E111/><V26/><F26/><W135/><G135/><T120/><D120/><U20/><E32/><V24/><F24/><W87/><G43/><T63/><D123/><U42/><E42/><V109/><F109/><W77/><G55/><T98/><D122/><U116/><E116/><V62/><F62/><W104/><G60/><T5/><D63/><U96/><E29/><V47/><F47/><W45/><G45/><T41/><D41/><U91/><E27/><V106/><F106/><W108/><G104/><T72/><D10/><U39/><E20/><V54/><F54/><W78/><G108/><T12/><D5/><U1/><E39/><V112/><F112/><W6/><G6/><T76/><D3/><AGARI ba="0,1" hai="3,7,8,13,15,48,49,51,56,61,64,83,84,88" machi="3" ten="40,5200,0" yaku="1,1,52,1,54,1,53,0" doraHai="59" doraHaiUra="117" who="2" fromWho="0" sc="250,-52,330,0,160,62,250,0" /><INIT seed="2,0,0,3,5,10" ten="198,330,222,250" oya="2" hai0="71,56,53,15,126,84,90,93,2,95,69,122,118" hai1="0,14,8,121,98,129,33,64,111,132,5,41,27" hai2="34,42,29,23,25,76,51,107,79,38,35,75,55" hai3="134,4,83,106,18,28,103,68,135,97,50,112,99"/><V46/><F107/><W45/><G68/><T66/><D118/><U102/><E111/><V81/><REACH who="2" step="1"/><F76/><REACH who="2" ten="198,330,212,250" step="2"/><W9/><G106/><T80/><D122/><U100/><E121/><V91/><F91/><W92/><G103/><T39/><D126/><U21/><E102/><V105/><F105/><W131/><G135/><T36/><D2/><U60/><E132/><V48/><F48/><W130/><G50/><T30/><D39/><U44/><E0/><V78/><F78/><W13/><G134/><T94/><D36/><U54/><E100/><V123/><F123/><W26/><G131/><T70/><D30/><U74/><E129/><V12/><F12/><W110/><G13/><T17/><D66/><U6/><E14/><V37/><F37/><W40/><G130/><T20/><REACH who="0" step="1"/><D95/><REACH who="0" ten="188,330,212,250" step="2"/><U59/><E64/><V117/><F117/><W82/><G92/><T1/><D1/><U109/><E109/><V120/><F120/><W19/><G28/><T73/><D73/><U43/><E74/><V125/><F125/><W65/><G65/><T24/><D24/><U87/><E27/><V114/><F114/><W115/><G26/><T85/><D85/><U57/><E87/><V49/><F49/><AGARI ba="0,2" hai="15,17,20,49,53,56,69,70,71,80,84,90,93,94" machi="49" ten="40,5200,0" yaku="1,1,52,1,53,1" doraHai="10" doraHaiUra="47" who="0" fromWho="2" sc="188,72,330,0,212,-52,250,0" /><INIT seed="3,0,0,1,5,125" ten="260,330,160,250" oya="3" hai0="0,6,129,18,135,33,133,112,97,31,43,93,28" hai1="106,109,26,88,19,50,114,21,75,95,131,79,59" hai2="81,69,57,118,38,130,44,120,76,105,116,16,25" hai3="132,30,1,66,110,92,5,3,12,126,4,84,17"/><W48/><G126/><T117/><D112/><U122/><E122/><V54/><F69/><W103/><G132/><N who="0" m="50763" /><D117/><U78/><E114/><V91/><F105/><W94/><G110/><T74/><D74/><U42/><E106/><V9/><F120/><W127/><G127/><T53/><D43/><U40/><E109/><V58/><F91/><W15/><G30/><T104/><D104/><U61/><E131/><V60/><F130/><W2/><G66/><T67/><D67/><N who="1" m="39359" /><E75/><V36/><F36/><W128/><G128/><T35/><D18/><U119/><E119/><V68/><F68/><W27/><G27/><T29/><D53/><U24/><E24/><V39/><F39/><W65/><G65/><T55/><D55/><U111/><E111/><V63/><F38/><W123/><G94/><T49/><D49/><U83/><E83/><V71/><F71/><W89/><G103/><N who="0" m="60847" /><D129/><U101/><E101/><V102/><F102/><W107/><G12/><T90/><D90/><U56/><E56/><V64/><F44/><W96/><G48/><T113/><D113/><U70/><E70/><V45/><F45/><W85/><G123/><T51/><D51/><U115/><E115/><V124/><F124/><W121/><G121/><T77/><D77/><N who="1" m="29195" /><E50/><V72/><F25/><W32/><G32/><T98/><D98/><AGARI ba="0,0" hai="19,21,26,40,42,88,95,98" m="29195,39359" machi="98" ten="30,2000,0" yaku="8,1,54,1" doraHai="125" who="1" fromWho="0" sc="260,-20,330,20,160,0,250,0" owari="240,-16.0,350,45.0,160,-34.0,250,5.0" /></mjloggm>