<mjloggm ver="2.3"><GO type="225" lobby="0"/><UN n0="%33%74%72%65%65" n1="%E3%83%AD%E3%83%83%E3%83%86%E9%9B%80%E7%90%83" n2="%43%68%65" n3="%6D%75%75%6D%75%72%61" dan="17,17,16,17" rate="2144.08,2175.73,2142.25,2135.26" sx="F,M,M,F"/><TAIKYOKU oya="0"/><INIT seed="0,0,0,4,4,105" ten="250,250,250,250" oya="0" hai0="106,97,36,6,88,63,37,5,14,119,71,125,107" hai1="120,113,11,16,98,59,87,35,18,92,99,2,44" hai2="53,56,66,127,108,45,117,47,128,91,109,130,83" hai3="58,60,73,27,80,95,75,110,42,7,123,55,126"/><T85/><D119/><U52/><E120/><V22/><F22/><W77/><G123/><T4/><D125/><U51/><E35/><V26/><F26/><W129/><G126/><T50/><D14/><N who="1" m="7263" /><E2/><V65/><F91/><W111/><G129/><N who="2" m="49769" /><F83/><W9/><G42/><T133/><D85/><U67/><E113/><V74/><F74/><N who="3" m="43063" /><G95/><T70/><D106/><U103/><E18/><V104/><F104/><W17/><G17/><T96/><D107/><U23/><E23/><V69/><F117/><W40/><G40/><T29/><D29/><U124/><E124/><V48/><F127/><W121/><G27/><T43/><D43/><U20/><E20/><V89/><F89/><W10/><G10/><T102/><D102/><U13/><E13/><V116/><F116/><W118/><G118/><T33/><D33/><U72/><E72/><V39/><F39/><W114/><G114/><T49/><D36/><U81/><E99/><V131/><N who="2" m="49777" /><V134/><DORA hai="1" /><F134/><W28/><G28/><T15/><D37/><U78/><E67/><N who="2" m="25611" /><F69/><W68/><G68/><T122/><D133/><U0/><E0/><V100/><F100/><W62/><G121/><T61/><D122/><U57/><AGARI ba="0,0" hai="44,51,52,57,59,78,81,87,92,98,103" m="7263" machi="57" ten="30,4000,0" yaku="8,1,54,2" doraHai="105,1" who="1" fromWho="1" sc="250,-20,250,40,250,-10,250,-10" /><INIT seed="1,0,0,5,5,97" ten="230,290,240,240" oya="1" hai0="125,13,35,36,29,99,40,22,124,93,20,113,116" hai1="83,21,109,121,132,61,68,95,39,19,18,101,129" hai2="4,30,126,53,76,16,7,106,44,80,123,34,75" hai3="9,57,62,65,84,114,45,92,70,6,79,8,71"/><U77/><E121/><V42/><F123/><W51/><G114/><T32/><D116/><U107/><E107/><V48/><F126/><N who="0" m="48746" /><D113/><U38/><E129/><V64/><F64/><W108/><G108/><T133/><D133/><U47/><E132/><V82/><F106/><W11/><G70/><T63/><D63/><U2/><E2/><V59/><F82/><W58/><G58/><T0/><D0/><U104/><E104/><V91/><F91/><W14/><G71/><T96/><D96/><N who="1" m="59551" /><E19/><V67/><F67/><W73/><G73/><T69/><D69/><U98/><E98/><V52/><F53/><W135/><G135/><T87/><D87/><U27/><E47/><V5/><F16/><W10/><G92/><T23/><D13/><U1/><E1/><V119/><F119/><W134/><G134/><T111/><D111/><U37/><E61/><V55/><REACH who="2" step="1"/><F59/><REACH who="2" ten="230,290,230,240" step="2"/><W110/><G110/><T100/><D29/><U54/><E109/><V33/><F33/><W90/><G90/><T131/><D131/><U31/><E31/><V81/><F81/><N who="3" m="47167" /><G9/><T26/><D35/><U41/><E68/><V89/><F89/><W102/><G102/><T50/><D32/><U78/><E83/><V66/><F66/><W122/><G122/><T130/><D130/><U24/><E78/><V46/><F46/><W120/><G120/><T60/><D100/><U115/><E77/><V112/><F112/><W25/><G25/><AGARI ba="0,1" hai="4,5,7,25,30,34,42,44,48,52,55,75,76,80" machi="25" ten="40,5200,0" yaku="1,1,54,1,53,1" doraHai="97" doraHaiUra="105" who="2" fromWho="3" sc="230,0,290,0,230,62,240,-52" /><INIT seed="2,0,0,5,1,124" ten="230,290,292,188" oya="2" hai0="69,111,6,13,84,26,18,40,24,34,130,102,80" hai1="120,89,105,1,125,10,71,50,110,70,98,9,128" hai2="38,14,30,100,109,68,67,122,76,2,16,22,94" hai3="86,79,0,25,53,20,88,95,101,112,15,36,27"/><V8/><F122/><W72/><G0/><T126/><D111/><U19/><E125/><V57/><F68/><W44/><G112/><T96/><D126/><U85/><E110/><V92/><F109/><W74/><G101/><T29/><D69/><U81/><E10/><V5/><F38/><W87/><G15/><T121/><D121/><U17/><E17/><V104/><F76/><W35/><G35/><T61/><D61/><U4/><E19/><V47/><F47/><W127/><G127/><T123/><D123/><U117/><E117/><V59/><F67/><W66/><G66/><T46/><D26/><U83/><E83/><V55/><F59/><W91/><G79/><T131/><D6/><U48/><E48/><V11/><F104/><W45/><G36/><T133/><D133/><U82/><E50/><V49/><F100/><W12/><G12/><T23/><D46/><U65/><E82/><V21/><F21/><W90/><G90/><T39/><D40/><U75/><E75/><V41/><F41/><W52/><REACH who="3" step="1"/><G95/><REACH who="3" ten="230,290,292,178" step="2"/><T31/><D39/><U43/><E65/><V62/><F94/><W7/><G7/><T99/><D102/><U54/><E4/><V97/><F2/><W103/><G103/><T135/><D34/><U129/><E1/><V119/><F92/><W132/><G132/><T77/><D135/><U37/><E37/><V93/><F5/><W113/><G113/><T78/><D78/><U58/><E89/><V73/><F93/><W114/><G114/><T107/><D13/><U115/><E120/><V108/><F108/><W32/><G32/><RYUUKYOKU ba="0,1" sc="230,-10,290,-10,292,-10,178,30" hai3="20,25,27,44,45,52,53,72,74,86,87,88,91" /><INIT seed="3,1,1,5,1,109" ten="220,280,282,208" oya="3" hai0="86,18,116,2,59,11,88,27,119,7,131,42,32" hai1="25,80,57,91,120,26,107,97,33,66,108,21,93" hai2="89,83,9,70,60,103,16,49,90,77,4,128,99" hai3="105,71,58,104,20,115,87,127,123,112,24,14,52"/><W76/><G123/><T3/><D131/><U61/><E120/><V8/><F128/><W35/><G71/><T22/><D2/><U31/><E108/><V72/><F49/><W34/><G14/><T19/><D42/><U73/><E107/><V114/><F114/><W65/><G65/><T68/><D68/><U50/><E50/><V81/><F81/><W38/><G38/><T96/><D96/><U39/><E39/><V124/><F124/><W41/><G41/><T62/><D19/><U55/><E80/><V85/><F16/><W63/><G127/><T121/><D32/><U10/><E10/><V111/><F111/><W48/><G63/><T37/><D37/><U36/><E73/><V102/><F102/><W53/><G87/><T125/><D125/><U1/><E1/><V118/><F118/><W134/><G76/><T67/><REACH who="0" step="1"/><D121/><REACH who="0" ten="210,280,282,208" step="2"/><U135/><E36/><V78/><F99/><W5/><G35/><T6/><D6/><U117/><E117/><V82/><F4/><W13/><G34/><T56/><D56/><U100/><E33/><V122/><F122/><W30/><G105/><T51/><D51/><U84/><E97/><V79/><F70/><W45/><G104/><T75/><D75/><U74/><E57/><V43/><F43/><W133/><G112/><T95/><AGARI ba="1,2" hai="3,7,11,18,22,27,59,62,67,86,88,95,116,119" machi="95" ten="20,5200,0" yaku="1,1,0,1,7,1,54,1,53,0" doraHai="109" doraHaiUra="94" who="0" fromWho="0" sc="210,75,280,-14,282,-14,208,-27" /><INIT seed="4,0,0,3,4,28" ten="285,266,268,181" oya="0" hai0="38,31,121,59,56,5,72,11,134,44,102,107,37" hai1="41,98,109,92,131,112,105,48,82,68,71,33,73" hai2="129,70,40,55,21,66,119,88,124,30,103,86,13" hai3="135,118,4,25,58,6,14,122,91,17,75,111,110"/><T36/><D121/><U127/><E109/><V7/><F124/><W2/><G118/><T108/><D108/><U35/><E127/><V1/><F119/><W34/><G122/><T16/><D72/><U29/><E29/><V20/><F129/><W22/><G75/><T45/><D31/><U128/><E112/><V133/><F133/><W87/><G135/><T80/><D134/><U120/><E120/><V106/><F40/><W61/><G110/><T99/><D80/><U101/><E92/><V46/><F1/><W57/><G111/><T63/><D16/><U18/><E48/><V8/><F30/><W89/><G2/><T67/><REACH who="0" step="1"/><D59/><REACH who="0" ten="275,266,268,181" step="2"/><U125/><E18/><V95/><F70/><N who="1" m="26665" /><E125/><V114/><F114/><W26/><G58/><T42/><D42/><U39/><E82/><V49/><F66/><N who="3" m="39215" /><G34/><N who="1" m="12810" /><E73/><V27/><F27/><N who="3" m="10251" /><G91/><T77/><D77/><U53/><E53/><V24/><F24/><W64/><G64/><T69/><D69/><U85/><E85/><V52/><F55/><W76/><G76/><T3/><AGARI ba="0,1" hai="3,5,11,36,37,38,44,45,56,63,67,99,102,107" machi="3" ten="30,6000,0" yaku="1,1,0,1,53,1" doraHai="28" doraHaiUra="62" who="0" fromWho="0" sc="275,70,266,-20,268,-20,181,-20" owari="345,44.5,246,-15.4,248,4.8,161,-33.9" /></mjloggm>