<mjloggm ver="2.3"><GO type="225" lobby="0"/><UN n0="%E3%81%95%E3%81%8D%E3%81%9F%E3%81%BE%E6%9E%97%E6%AA%8E" n1="%E3%81%99%E3%81%84%E3%81%BE%E3%81%9B%E3%83%BC%E3%82%93" n2="%E4%B8%89%E5%86%A0%E7%8E%8B%E3%83%BB%E5%B1%B1%E7%94%B0%E5%93%B2%E4%BA%BA" n3="%E3%81%9F%E3%81%93%E2%98%86%E7%84%BC%E3%81%8D" dan="16,16,16,16" rate="2091.47,2112.86,2143.81,2074.64" sx="M,M,M,M"/><TAIKYOKU oya="0"/><INIT seed="0,0,0,1,5,112" ten="250,250,250,250" oya="0" hai0="129,15,65,62,102,83,7,90,132,122,49,17,108" hai1="125,113,21,118,121,55,39,78,24,88,133,14,60" hai2="81,53,104,20,98,44,54,23,93,75,46,3,73" hai3="45,52,27,84,101,34,109,96,16,89,1,0,50"/><T25/><D122/><U123/><E113/><V12/><F3/><W95/><G109/><T9/><D132/><U119/><E39/><V127/><F104/><W40/><G34/><T70/><D129/><U116/><E78/><V22/><F127/><W35/><G35/><T32/><D108/><U120/><E125/><V37/><F12/><W72/><G72/><T68/><D102/><U51/><E133/><V130/><F130/><W66/><G66/><T48/><D70/><U19/><E88/><V97/><F81/><W124/><G124/><T135/><D135/><U29/><E60/><V18/><F18/><W33/><G33/><T69/><D69/><U5/><E5/><V131/><F131/><W106/><REACH who="3" step="1"/><G40/><REACH who="3" ten="250,250,250,240" step="2"/><T11/><D32/><U57/><REACH who="1" step="1"/><E123/><REACH who="1" ten="250,240,250,240" step="2"/><V43/><F75/><W38/><G38/><T6/><D6/><U117/><E117/><V61/><F73/><W30/><G30/><T107/><D7/><U110/><E110/><V80/><F37/><W8/><G8/><AGARI ba="0,2" hai="8,14,19,21,24,29,51,55,57,116,118,119,120,121" machi="8" ten="40,12000,2" yaku="1,1,52,3,53,3" doraHai="112" doraHaiUra="115" who="1" fromWho="3" sc="250,0,240,140,250,0,240,-120" /><INIT seed="1,0,0,1,2,122" ten="250,380,250,120" oya="1" hai0="45,85,80,50,119,88,123,87,59,134,58,69,92" hai1="14,118,131,42,133,110,13,12,108,44,101,56,66" hai2="65,38,31,11,73,105,28,126,77,90,0,60,10" hai3="109,7,34,112,135,76,99,121,27,41,97,23,63"/><U37/><E118/><V48/><F105/><W21/><G121/><T54/><D119/><U36/><E131/><V19/><F38/><W72/><G112/><T83/><D123/><U52/><E133/><V43/><F126/><W57/><G41/><T64/><D134/><U93/><E66/><V62/><F73/><W100/><G7/><T91/><D69/><U75/><E75/><V116/><F77/><W9/><G9/><T125/><D125/><U39/><E101/><V30/><F116/><W46/><G46/><T117/><D117/><U82/><E93/><V61/><F0/><W15/><G34/><T49/><D64/><U128/><E82/><V84/><F65/><W120/><G99/><T51/><D92/><U107/><E107/><V96/><F96/><W67/><G120/><T71/><D71/><U106/><E106/><V124/><F19/><W127/><G135/><T29/><D29/><U8/><E8/><V17/><F17/><W113/><G21/><T18/><D18/><U22/><E22/><V94/><F124/><W98/><G97/><T35/><D35/><U130/><E130/><V55/><REACH who="2" step="1"/><F43/><REACH who="2" ten="250,380,240,120" step="2"/><W26/><G127/><T114/><D114/><U33/><E128/><V79/><F79/><W70/><G113/><T53/><D51/><U102/><E37/><V1/><F1/><W74/><G76/><T111/><D111/><U89/><E39/><V115/><F115/><W86/><G109/><T81/><D81/><U78/><E110/><V4/><F4/><W68/><G74/><T20/><D20/><U5/><E108/><V40/><F40/><RYUUKYOKU ba="0,1" sc="250,15,380,-15,240,15,120,-15" hai0="45,49,50,53,54,58,59,80,83,85,87,88,91" hai2="10,11,28,30,31,48,55,60,61,62,84,90,94" /><INIT seed="2,1,1,5,5,8" ten="265,365,255,105" oya="2" hai0="87,77,33,27,120,117,72,21,79,26,23,31,24" hai1="53,107,104,128,46,125,40,44,19,132,108,47,131" hai2="97,20,55,41,83,106,67,42,75,99,112,91,14" hai3="103,109,43,61,114,134,28,59,69,48,11,82,88"/><V25/><F112/><W51/><G109/><T94/><D117/><U13/><E108/><V81/><F67/><W35/><G69/><T38/><D38/><U84/><E125/><V85/><F75/><W110/><G110/><T118/><D118/><U95/><E132/><V92/><F55/><W89/><G134/><T16/><D120/><U63/><E40/><N who="2" m="15467" /><F106/><W121/><G103/><T58/><D72/><U60/><E104/><V62/><F62/><W5/><G114/><T0/><D0/><U127/><E107/><V3/><F3/><W111/><G121/><T70/><D70/><U64/><E64/><V36/><F36/><W18/><G18/><T74/><D74/><U86/><E127/><V130/><F130/><W133/><G28/><T10/><D79/><U102/><E53/><V78/><F14/><N who="3" m="5487" /><G35/><T115/><D115/><U124/><E124/><V50/><F50/><N who="3" m="18987" /><G43/><T34/><D34/><U126/><E126/><V22/><F22/><W96/><G111/><T76/><D23/><N who="1" m="11759" /><E131/><V68/><F68/><W7/><G7/><T116/><D116/><U29/><E29/><N who="2" m="17575" /><F78/><W122/><G122/><T135/><D77/><U32/><E32/><V101/><F101/><W71/><G71/><T80/><D76/><U1/><E1/><V39/><F39/><W30/><G30/><T65/><D31/><U98/><E128/><V4/><F4/><W45/><G133/><T2/><D135/><U129/><E129/><V93/><F99/><W73/><G96/><T17/><D33/><U52/><E52/><V119/><F119/><W54/><G45/><T105/><D105/><RYUUKYOKU ba="1,1" sc="265,-30,365,10,255,10,105,10" hai1="44,46,47,60,63,84,86,95,98,102" hai2="81,83,85,91,92,93,97" hai3="54,59,61,73,82,88,89" /><INIT seed="2,2,1,5,4,101" ten="235,375,265,115" oya="2" hai0="87,52,130,10,83,84,2,88,131,3,104,18,57" hai1="112,15,53,51,74,114,77,108,135,118,106,11,55" hai2="116,85,59,24,91,56,12,97,4,124,47,65,89" hai3="43,96,27,30,127,48,7,62,105,68,90,69,60"/><V40/><F116/><W32/><G127/><T71/><D71/><U102/><E118/><V29/><F124/><W21/><G7/><T67/><D67/><U54/><E108/><V50/><F97/><W73/><G73/><T42/><D42/><U119/><E119/><V123/><F123/><W113/><G113/><T107/><D87/><U120/><E135/><V44/><F65/><W134/><G134/><T61/><D18/><U1/><E1/><N who="0" m="9" /><D10/><U26/><E26/><V41/><F12/><W34/><G69/><T117/><D117/><U37/><E37/><V93/><F91/><W14/><G90/><T86/><D86/><U45/><E120/><V36/><REACH who="2" step="1"/><F4/><REACH who="2" ten="235,375,255,115" step="2"/><W19/><G68/><T16/><D16/><U100/><E15/><V99/><F99/><W17/><G17/><T115/><D115/><U63/><E114/><V38/><F38/><W25/><G96/><T92/><D92/><U95/><E95/><V0/><F0/><W133/><G133/><T13/><D13/><U121/><E112/><V49/><F49/><W82/><G48/><T5/><D5/><U81/><E51/><V109/><F109/><W79/><G19/><T110/><D110/><U78/><E121/><V23/><AGARI ba="2,2" hai="23,24,29,36,40,41,44,47,50,56,59,85,89,93" machi="23" ten="20,3900,0" yaku="1,1,0,1,7,1,53,0" doraHai="101" doraHaiUra="76" who="2" fromWho="2" sc="235,-15,375,-15,255,65,115,-15" /><INIT seed="2,3,0,4,2,47" ten="220,360,320,100" oya="2" hai0="2,133,96,53,124,48,94,22,25,68,36,20,116" hai1="29,60,45,4,90,99,69,52,79,125,15,130,14" hai2="95,0,118,17,111,21,131,120,3,57,88,122,28" hai3="55,24,105,91,50,82,114,84,61,72,7,81,119"/><V110/><F118/><W54/><G119/><T37/><D2/><N who="2" m="554" /><F28/><W87/><G105/><T113/><D113/><U117/><E117/><V38/><F57/><W43/><G72/><T75/><D75/><U129/><E125/><V40/><F40/><W89/><G114/><T26/><D68/><U78/><E29/><V12/><F38/><W58/><G7/><T39/><D116/><U30/><E30/><V35/><F35/><W93/><G43/><T49/><D124/><U16/><E69/><V32/><F32/><W70/><G70/><T9/><D9/><N who="1" m="4391" /><E130/><V5/><F5/><W65/><G24/><N who="0" m="9323" /><D53/><U132/><E132/><V80/><F80/><W41/><G93/><T77/><D77/><U134/><E134/><V8/><F8/><W67/><REACH who="3" step="1"/><G41/><REACH who="3" ten="220,360,320,90" step="2"/><T115/><D115/><U51/><E129/><V127/><F131/><W10/><G10/><T6/><D6/><U106/><E106/><V123/><F127/><W74/><G74/><T107/><D107/><U97/><E15/><V13/><F12/><W44/><AGARI ba="3,1" hai="44,50,54,55,58,61,65,67,81,82,84,87,89,91" machi="44" ten="20,12000,2" yaku="1,1,0,1,7,1,9,1,8,1,52,1,53,1" doraHai="47" doraHaiUra="46" who="3" fromWho="3" sc="220,-33,360,-33,320,-63,90,139" /><INIT seed="3,0,0,2,4,93" ten="187,327,257,229" oya="3" hai0="103,45,13,68,64,131,4,72,46,84,109,89,19" hai1="7,105,79,49,75,114,134,29,54,10,48,0,6" hai2="22,94,113,9,18,61,8,2,50,24,43,91,92" hai3="53,128,20,28,21,76,39,60,110,135,66,97,77"/><W26/><G39/><T71/><D72/><U31/><E114/><V130/><F113/><W62/><G128/><T108/><D4/><U83/><E105/><V11/><F130/><W15/><G135/><T35/><D35/><U67/><E134/><V56/><F2/><W101/><G60/><T55/><D131/><U133/><E133/><V32/><F32/><W58/><G110/><T70/><D64/><U117/><E117/><V3/><F3/><W41/><G41/><T115/><D115/><U16/><E67/><N who="2" m="39335" /><F91/><W88/><G88/><T47/><D103/><U99/><E7/><V90/><F90/><W85/><G53/><T100/><D100/><U30/><E54/><V40/><F40/><W36/><G36/><T1/><D1/><U57/><E57/><V112/><F112/><W107/><G85/><T119/><D119/><U27/><E49/><V34/><F34/><W33/><REACH who="3" step="1"/><G15/><REACH who="3" ten="187,327,257,219" step="2"/><T42/><D42/><U52/><E52/><V12/><F12/><W127/><G127/><T17/><D55/><U116/><E116/><V14/><F14/><W63/><G63/><T129/><D129/><U78/><E0/><V132/><F132/><W5/><G5/><T73/><D73/><U74/><E6/><V44/><AGARI ba="0,1" hai="8,9,11,18,22,24,43,44,50,92,94" m="39335" machi="44" ten="30,1100,0" yaku="8,1" doraHai="93" who="2" fromWho="2" sc="187,-3,327,-3,257,21,219,-5" owari="184,-31.6,324,42.4,278,7.8,214,-18.6" /></mjloggm>