<mjloggm ver="2.3"><GO type="225" lobby="0"/><UN n0="%E3%82%BC%E3%83%AB%E3%83%80%E3%81%AE%E4%BC%9D%E8%AA%AC" n1="%E3%81%82%E3%81%B9%E3%81%99%E3%81%91" n2="%E3%81%BE%E3%81%8B%E3%81%B7%E3%82%93" n3="%6D%75%75%6D%75%72%61" dan="16,16,16,16" rate="2184.67,2112.77,2104.72,2141.99" sx="M,M,M,F"/><TAIKYOKU oya="0"/><INIT seed="0,0,0,1,4,60" ten="250,250,250,250" oya="0" hai0="84,17,131,48,97,101,126,79,38,89,16,7,106" hai1="94,18,88,100,103,43,121,1,98,63,68,80,0" hai2="3,51,132,6,123,10,117,25,28,50,56,75,42" hai3="36,120,37,5,21,35,124,52,102,62,128,34,110"/><T2/><D38/><U14/><E121/><V9/><F123/><W26/><G120/><T104/><D104/><U116/><E116/><V81/><F132/><W31/><G110/><T61/><D126/><U69/><E43/><V20/><F117/><W83/><G124/><T113/><D113/><U78/><E103/><V71/><F71/><W65/><G128/><T87/><D131/><U72/><E100/><V90/><F10/><W135/><G135/><T76/><D48/><U73/><E72/><V15/><F42/><W92/><G5/><T70/><D7/><U99/><E99/><V125/><F125/><W66/><G83/><T129/><D2/><U30/><E30/><V95/><F3/><W40/><G35/><T96/><D129/><U58/><E68/><V127/><F127/><W19/><G34/><T24/><D96/><U47/><E69/><V67/><F81/><W4/><G4/><T86/><D89/><U130/><E47/><V54/><F75/><W115/><G115/><T27/><D27/><U32/><E32/><V29/><F29/><W105/><G105/><T74/><D24/><U57/><E57/><V133/><F133/><W108/><G108/><T134/><D134/><U8/><REACH who="1" step="1"/><E130/><REACH who="1" ten="250,240,250,250" step="2"/><V64/><REACH who="2" step="1"/><F51/><REACH who="2" ten="250,240,240,250" step="2"/><W91/><G36/><T13/><D74/><U122/><E122/><V109/><F109/><W119/><G37/><T112/><D112/><U11/><E11/><V45/><F45/><W55/><G119/><T33/><D70/><U111/><E111/><V49/><F49/><W39/><G39/><T59/><D33/><U114/><E114/><RYUUKYOKU ba="0,2" sc="250,-15,240,15,240,15,250,-15" hai1="0,1,8,14,18,58,63,73,78,80,88,94,98" hai2="6,9,15,20,25,28,50,54,56,64,67,90,95" /><INIT seed="1,1,2,1,2,66" ten="235,255,255,235" oya="1" hai0="51,34,115,31,49,15,40,50,117,43,90,21,67" hai1="106,128,81,134,116,6,62,19,4,28,0,76,58" hai2="73,104,102,111,18,63,133,29,26,33,44,121,5" hai3="7,13,53,120,101,16,25,74,11,129,70,79,9"/><U22/><E116/><V135/><F121/><W78/><G120/><T72/><D115/><U60/><E106/><V119/><F119/><W80/><G129/><T39/><D117/><U97/><E62/><V55/><F111/><W10/><G78/><T124/><D72/><U82/><E128/><V98/><F73/><W12/><G70/><T8/><D39/><U94/><E28/><V95/><F5/><N who="1" m="2153" /><E76/><V125/><F125/><W23/><G101/><T52/><D34/><U96/><E0/><V123/><F123/><W69/><G69/><T57/><D124/><U112/><E134/><N who="2" m="51211" /><F18/><W56/><REACH who="3" step="1"/><G7/><REACH who="3" ten="235,255,255,225" step="2"/><N who="0" m="3487" /><D90/><N who="1" m="55383" /><E112/><V32/><F32/><W99/><G99/><T24/><D67/><N who="1" m="39319" /><E97/><V41/><F98/><W114/><G114/><T132/><D132/><U36/><E36/><V89/><F33/><W103/><G103/><T92/><D92/><U54/><E54/><V108/><F102/><W87/><G87/><T45/><D43/><U77/><E77/><V64/><F41/><W86/><G86/><T93/><D93/><U59/><E59/><V17/><F95/><W131/><G131/><T14/><D40/><U42/><E42/><V113/><F113/><W118/><G118/><T30/><D57/><U130/><E130/><V91/><F91/><W47/><G47/><T48/><D45/><U1/><E1/><V105/><F89/><W122/><G122/><T110/><D52/><U27/><AGARI ba="1,3" hai="19,22,27,81,82" m="39319,55383,2153" machi="27" ten="30,1500,0" yaku="8,1" doraHai="66" who="1" fromWho="1" sc="235,-6,255,48,255,-6,225,-6" /><INIT seed="1,2,0,3,3,111" ten="229,303,249,219" oya="1" hai0="135,110,77,95,104,117,122,108,134,51,56,131,24" hai1="27,7,87,96,65,132,31,21,103,47,13,16,14" hai2="124,48,39,36,93,97,49,70,74,101,73,123,114" hai3="22,106,113,41,2,78,12,129,68,75,82,37,54"/><U86/><E132/><N who="0" m="50729" /><D24/><U127/><E127/><V118/><F123/><W59/><G2/><T32/><D32/><U102/><E65/><V105/><F118/><W33/><G33/><T17/><D17/><U71/><E71/><V15/><F124/><W90/><G68/><T83/><D51/><U57/><E47/><V92/><F70/><W116/><G116/><T38/><D56/><U9/><E57/><V85/><F15/><W28/><G129/><T91/><D38/><U81/><E96/><V25/><F97/><W4/><G37/><T80/><D117/><U79/><REACH who="1" step="1"/><E87/><REACH who="1" ten="229,293,249,219" step="2"/><V115/><F85/><W98/><G59/><T29/><D131/><U52/><E52/><V6/><F105/><W84/><G54/><T3/><D104/><U20/><AGARI ba="2,1" hai="7,9,13,14,16,20,21,27,31,79,81,86,102,103" machi="20" ten="20,18000,2" yaku="1,1,0,1,7,1,8,1,54,1,53,2" doraHai="111" doraHaiUra="18" who="1" fromWho="1" sc="229,-62,293,196,249,-62,219,-62" /><INIT seed="1,3,0,5,3,41" ten="167,489,187,157" oya="1" hai0="83,26,31,9,135,3,104,93,114,37,99,121,32" hai1="4,39,43,56,77,117,89,113,34,80,73,85,92" hai2="55,72,49,129,35,70,0,21,128,64,86,88,103" hai3="40,90,107,98,18,87,61,54,17,53,20,79,127"/><U23/><E34/><V96/><F35/><W36/><G127/><T132/><D114/><U133/><E113/><V124/><F124/><W109/><G109/><T46/><D121/><U15/><E117/><V118/><F118/><W12/><G79/><T91/><D104/><U112/><E112/><V105/><F0/><W22/><G61/><T101/><D3/><U30/><E133/><N who="0" m="51273" /><D9/><U108/><E108/><V5/><F72/><W58/><G107/><T44/><D37/><U25/><E56/><V38/><F38/><W50/><G98/><T62/><D62/><U11/><E43/><V94/><F5/><W100/><G36/><T45/><D83/><U120/><REACH who="1" step="1"/><E39/><REACH who="1" ten="167,479,187,157" step="2"/><V68/><F64/><W116/><G116/><T29/><D29/><U82/><E82/><V97/><F68/><W119/><G119/><T78/><D78/><U6/><E6/><V16/><F70/><W2/><G58/><T134/><D134/><U102/><E102/><AGARI ba="3,1" hai="26,31,32,44,45,46,91,93,99,101,102" m="51273" machi="102" ten="30,7700,0" yaku="20,1,52,3" doraHai="41" who="0" fromWho="1" sc="167,96,479,-86,187,0,157,0" /><INIT seed="2,0,0,0,1,21" ten="263,393,187,157" oya="2" hai0="128,58,77,79,48,37,62,5,109,104,9,49,69" hai1="110,34,51,2,115,123,29,98,118,55,68,95,71" hai2="25,108,19,65,70,63,135,93,67,61,133,72,40" hai3="32,83,7,131,132,129,101,90,86,13,87,107,91"/><V121/><F121/><W74/><G32/><T75/><D37/><U105/><E118/><V99/><F72/><W26/><G7/><T20/><D104/><U127/><E110/><V102/><F108/><W78/><G13/><T85/><D109/><U126/><E2/><V134/><F40/><W73/><G26/><T30/><D75/><N who="3" m="28681" /><G132/><T3/><D128/><N who="3" m="49225" /><G87/><T80/><D77/><U76/><E76/><V89/><F102/><W124/><G124/><T116/><D69/><U60/><E34/><V1/><F1/><W52/><G52/><T0/><D116/><U14/><E55/><V97/><F97/><AGARI ba="0,0" hai="78,83,86,90,91,97,101,107" m="49225,28681" machi="97" ten="30,3900,0" yaku="19,1,34,2" doraHai="21" who="3" fromWho="2" sc="263,0,393,0,187,-39,157,39" /><INIT seed="3,0,0,4,1,1" ten="263,393,148,196" oya="3" hai0="113,44,47,46,11,91,85,123,128,126,10,66,125" hai1="23,4,28,120,30,117,72,132,97,58,38,35,2" hai2="114,122,5,127,43,39,51,98,8,50,54,103,13" hai3="14,29,18,101,86,76,48,88,52,82,83,33,121"/><W111/><G121/><T100/><D123/><U36/><E58/><V16/><F122/><W61/><G33/><T87/><D128/><U104/><E23/><V131/><F114/><W74/><G111/><T134/><D113/><U79/><E2/><V27/><F131/><W70/><G101/><T59/><D100/><U9/><E9/><N who="0" m="3081" /><D134/><U106/><E79/><V75/><F75/><W60/><G70/><T7/><D7/><U102/><E4/><V73/><F73/><W89/><G29/><T68/><D68/><U99/><E72/><V110/><F110/><W124/><G124/><N who="0" m="47723" /><D91/><N who="3" m="34889" /><G74/><T24/><D24/><U40/><E102/><V42/><F127/><W26/><G26/><T96/><D96/><U49/><E99/><V62/><F62/><AGARI ba="0,0" hai="44,46,47,59,62,66,85,87" m="47723,3081" machi="62" ten="40,1300,0" yaku="18,1" doraHai="1" who="0" fromWho="2" sc="263,13,393,0,148,-13,196,0" owari="276,7.6,393,49.3,135,-36.5,196,-20.4" /></mjloggm>