<mjloggm ver="2.3"><GO type="225" lobby="0"/><UN n0="%E5%8F%AF%E5%85%90%E9%82%A3%E7%94%B1%E5%A4%9A" n1="%E3%82%B7%E3%83%B3%E5%A4%AA%E6%9C%97" n2="%E3%81%AA%E3%81%A1%30%39%32%37" n3="%E7%BD%AA%E5%88%91%E6%B3%95%E5%AE%9A%E4%B8%BB%E7%BE%A9" dan="17,16,16,16" rate="2249.45,2127.44,2121.19,2184.33" sx="F,M,M,M"/><TAIKYOKU oya="0"/><INIT seed="0,0,0,0,5,21" ten="250,250,250,250" oya="0" hai0="18,59,95,116,105,96,13,30,120,111,123,79,22" hai1="64,57,0,1,118,2,42,14,10,50,41,130,83" hai2="61,74,134,91,70,12,60,87,88,44,110,24,102" hai3="72,126,75,53,56,128,7,76,4,26,113,9,98"/><T80/><D116/><U11/><E130/><V104/><F74/><W5/><G113/><T45/><D105/><U35/><E118/><V121/><F121/><W93/><G128/><T55/><D45/><U54/><E35/><V81/><F110/><W85/><G126/><T99/><D111/><U3/><E64/><V17/><F134/><W127/><G127/><T25/><D59/><U31/><E31/><V46/><F102/><W109/><G109/><T37/><D55/><U125/><E125/><V58/><F70/><W28/><G9/><T8/><D37/><U82/><N who="1" m="0" /><DORA hai="135" /><U131/><E131/><V38/><F104/><W49/><G85/><T129/><D99/><U119/><E119/><V43/><F46/><W71/><G76/><T101/><REACH who="0" step="1"/><D129/><REACH who="0" ten="240,250,250,250" step="2"/><U39/><E39/><V65/><F60/><W67/><G71/><T69/><D69/><U90/><E42/><V124/><F124/><W36/><G36/><T23/><D23/><U84/><E41/><V122/><F44/><W62/><G67/><T73/><AGARI ba="0,1" hai="8,13,18,22,25,30,73,79,80,95,96,101,120,123" machi="73" ten="20,12000,1" yaku="1,1,0,1,7,1,52,1,53,1" doraHai="21,135" doraHaiUra="15,47" who="0" fromWho="0" sc="240,130,250,-40,250,-40,250,-40" /><INIT seed="0,1,0,3,3,41" ten="370,210,210,210" oya="0" hai0="36,103,28,58,38,60,22,134,44,94,86,112,70" hai1="68,89,97,119,88,120,56,62,121,99,66,27,11" hai2="111,87,46,116,26,117,93,69,77,50,84,54,114" hai3="102,100,8,83,39,90,59,19,52,34,15,30,14"/><T47/><D112/><U63/><E119/><N who="2" m="45643" /><F69/><W110/><G39/><T129/><D70/><U135/><E135/><V5/><F114/><W91/><G110/><T20/><D129/><U6/><E27/><V21/><F111/><W108/><G108/><T12/><D134/><U42/><E42/><V67/><F67/><W109/><G109/><T71/><D71/><U51/><E51/><V3/><F77/><W61/><G30/><T98/><D38/><U40/><E40/><V2/><F93/><W18/><G34/><T96/><D36/><U85/><E89/><N who="3" m="33802" /><G83/><T101/><D86/><N who="2" m="32810" /><F5/><W35/><G35/><T125/><D125/><U0/><E120/><V80/><F80/><W115/><G115/><T57/><D98/><U17/><E17/><AGARI ba="1,0" hai="2,3,17,21,26,46,50,54" m="32810,45643" machi="17" ten="30,2000,0" yaku="12,1,52,1" doraHai="41" who="2" fromWho="1" sc="370,0,210,-23,210,23,210,0" /><INIT seed="1,0,0,2,2,119" ten="370,187,233,210" oya="1" hai0="132,100,3,62,122,84,6,79,71,80,16,94,130" hai1="109,20,88,127,78,43,106,58,49,37,112,126,123" hai2="83,113,27,73,5,103,52,64,36,53,41,57,87" hai3="92,38,7,110,69,111,104,18,4,121,0,11,55"/><U54/><E112/><V135/><F135/><W117/><G104/><T32/><D32/><U82/><E106/><V133/><F133/><W35/><G35/><T81/><D132/><U134/><E134/><V50/><F113/><W42/><G117/><T85/><D130/><U75/><E109/><N who="3" m="41482" /><G69/><T25/><D6/><U99/><E123/><V14/><F73/><W115/><G115/><T76/><D3/><U120/><E120/><V114/><F114/><W23/><G121/><T86/><D122/><U90/><E20/><V101/><F27/><W77/><G77/><T91/><D100/><U22/><E22/><V98/><F36/><W56/><G92/><T9/><D71/><U46/><REACH who="1" step="1"/><E99/><REACH who="1" ten="370,177,233,210" step="2"/><V44/><F98/><W28/><G23/><N who="0" m="13543" /><D9/><U48/><E48/><V24/><F50/><W31/><G11/><T125/><D125/><AGARI ba="0,1" hai="37,43,46,49,54,58,75,78,82,88,90,125,126,127" machi="125" ten="40,7700,0" yaku="1,1,18,1,54,1,53,0" doraHai="119" doraHaiUra="29" who="1" fromWho="0" sc="370,-77,177,87,233,0,210,0" /><INIT seed="1,1,0,0,4,14" ten="293,264,233,210" oya="1" hai0="120,102,39,71,5,93,94,23,27,1,132,51,76" hai1="9,34,73,104,92,124,47,42,17,121,0,99,114" hai2="96,112,90,63,56,100,81,98,64,116,41,46,38" hai3="66,31,36,8,43,91,20,54,118,133,32,70,131"/><U52/><E121/><V15/><F112/><W40/><G131/><T10/><D39/><U62/><E114/><V13/><F116/><W110/><G110/><T75/><D71/><U135/><E104/><V97/><REACH who="2" step="1"/><F100/><REACH who="2" ten="293,264,223,210" step="2"/><W48/><G118/><T67/><D102/><U89/><E135/><V21/><F21/><W123/><G133/><T25/><D23/><U117/><E117/><V111/><F111/><W78/><G20/><T19/><D132/><U30/><E34/><V125/><F125/><W106/><G32/><T6/><D120/><U33/><E124/><V115/><F115/><W26/><G123/><T49/><D25/><U103/><E103/><V95/><F95/><W134/><G134/><T3/><D27/><U44/><E33/><V101/><F101/><W126/><G26/><T50/><D94/><U119/><E119/><V16/><F16/><W84/><G126/><T77/><D19/><U37/><E30/><V108/><F108/><W130/><G31/><T45/><D93/><U11/><E17/><V24/><F24/><W68/><G106/><T4/><D4/><U72/><E11/><V113/><F113/><W83/><G8/><T12/><D6/><U128/><E9/><V61/><F61/><W80/><G130/><T65/><D5/><U22/><E128/><V87/><AGARI ba="1,1" hai="13,15,38,41,46,56,63,64,81,87,90,96,97,98" machi="87" ten="30,4000,0" yaku="1,1,0,1,53,1" doraHai="14" doraHaiUra="59" who="2" fromWho="2" sc="293,-11,264,-21,223,53,210,-11" /><INIT seed="2,0,0,1,1,31" ten="282,243,276,199" oya="2" hai0="125,78,19,70,21,74,76,39,42,4,75,5,8" hai1="34,94,96,66,71,77,12,38,1,116,130,113,51" hai2="0,50,32,127,10,92,120,88,69,83,24,22,100" hai3="15,33,73,65,40,79,2,98,104,35,121,117,87"/><V59/><F120/><W47/><G117/><T27/><D70/><U62/><E116/><V41/><F69/><W52/><G2/><T133/><D133/><U11/><E113/><V107/><F107/><W118/><G118/><T115/><D115/><U101/><E130/><V18/><F127/><W132/><G121/><T105/><D105/><U91/><E38/><V68/><F68/><W89/><G73/><T17/><D125/><U44/><E77/><V123/><F100/><W25/><G65/><T63/><D63/><U43/><E1/><V14/><F83/><W122/><G122/><T23/><D42/><U7/><REACH who="1" step="1"/><E101/><REACH who="1" ten="282,233,276,199" step="2"/><V9/><F123/><W36/><G79/><T97/><D39/><U85/><E85/><V129/><F129/><W81/><G132/><T106/><D76/><U29/><E29/><V82/><F0/><W28/><G35/><AGARI ba="0,1" hai="7,11,12,34,35,43,44,51,62,66,71,91,94,96" machi="35" ten="40,5200,0" yaku="1,1,52,2,53,0" doraHai="31" doraHaiUra="112" who="1" fromWho="3" sc="282,0,233,62,276,0,199,-52" /><INIT seed="3,0,0,3,4,108" ten="282,295,276,147" oya="3" hai0="4,53,64,125,23,115,132,82,72,130,17,22,113" hai1="99,98,32,14,27,101,105,29,96,34,102,61,6" hai2="50,49,62,3,51,81,93,66,11,31,7,118,44" hai3="89,26,35,55,18,48,123,63,45,41,65,94,87"/><W67/><G123/><T47/><D130/><U104/><E99/><V73/><F118/><W110/><G110/><T95/><D132/><U97/><E98/><V25/><F93/><W122/><G122/><T111/><D111/><U60/><E32/><V19/><F19/><W2/><G2/><T75/><D125/><U121/><E121/><V120/><F120/><W58/><REACH who="3" step="1"/><G35/><REACH who="3" ten="282,295,276,137" step="2"/><T114/><D114/><U28/><E28/><V52/><F73/><W135/><G135/><T116/><D75/><U76/><E29/><V84/><F31/><W77/><G77/><T36/><D72/><U134/><E34/><V0/><F0/><W88/><G88/><T103/><D115/><U10/><E134/><V85/><F25/><W79/><G79/><T117/><D113/><U68/><E76/><V124/><F124/><W30/><G30/><T56/><D117/><U9/><E27/><V71/><F85/><W112/><G112/><T54/><D116/><U1/><E68/><V106/><F106/><W131/><G131/><T83/><D103/><U133/><E133/><V12/><F3/><W5/><G5/><AGARI ba="0,1" hai="1,5,6,9,10,14,60,61,96,97,101,102,104,105" machi="5" ten="30,2000,0" yaku="7,1,9,1" doraHai="108" who="1" fromWho="3" sc="282,0,295,30,276,0,137,-20" owari="282,8.2,325,42.5,276,-12.4,117,-38.3" /></mjloggm>