<mjloggm ver="2.3"><GO type="225" lobby="0"/><UN n0="%6D%61%74%69%67%75%73%61" n1="%4C%4F%4C%49%54%41" n2="%E6%B4%BE%E9%81%A3%E3%81%AE%E3%82%B8%E3%83%A3%E3%83%83%E3%82%AF" n3="%E7%89%B9%E6%9D%B1%E3%81%AF%E4%B8%96%E7%95%8C%E3%82%92%E6%95%91%E3%81%86" dan="17,16,17,16" rate="2197.71,2188.48,2228.06,2141.48" sx="M,F,M,M"/><TAIKYOKU oya="0"/><INIT seed="0,0,0,2,1,1" ten="250,250,250,250" oya="0" hai0="9,132,59,102,29,24,35,79,135,125,51,11,111" hai1="41,61,99,27,15,126,117,46,119,109,19,48,39" hai2="120,103,113,64,36,12,77,40,62,18,122,63,25" hai3="91,82,86,96,3,93,73,100,105,98,43,112,89"/><T33/><D102/><U134/><E109/><V84/><F113/><W28/><G3/><T7/><D79/><U133/><E126/><V21/><F103/><N who="3" m="62711" /><G28/><N who="0" m="19591" /><D59/><U115/><E27/><V69/><F62/><W88/><G43/><T10/><D51/><U16/><E115/><V95/><F25/><W49/><G49/><T53/><D53/><U60/><E99/><V75/><F75/><W81/><G112/><T45/><D45/><U34/><E34/><V106/><F106/><W20/><G20/><T90/><D90/><N who="3" m="34921" /><G73/><T42/><D42/><U2/><E19/><V118/><F40/><W129/><G129/><T80/><D80/><AGARI ba="0,0" hai="80,81,82,86,91,93,96,100" m="34921,62711" machi="80" ten="30,12000,2" yaku="35,5,54,1" doraHai="1" who="3" fromWho="0" sc="250,-120,250,0,250,0,250,120" /><INIT seed="1,0,0,2,5,124" ten="130,250,250,370" oya="1" hai0="10,105,48,43,21,12,88,100,25,94,11,67,51" hai1="128,40,134,14,1,131,75,130,31,96,120,58,65" hai2="16,26,33,44,93,36,121,39,111,2,15,83,135" hai3="0,108,63,61,9,114,122,59,107,80,129,87,42"/><U76/><E1/><V4/><F121/><W79/><G122/><T116/><D116/><U5/><E120/><V85/><F111/><W35/><G114/><T49/><D105/><U119/><E119/><V72/><F135/><W18/><G108/><T71/><D100/><U32/><E134/><V53/><F72/><W62/><G107/><T106/><D106/><U91/><E40/><V123/><F123/><W113/><G35/><T127/><D127/><U38/><E38/><V132/><F132/><W86/><G113/><T17/><D71/><U97/><E76/><V77/><F93/><W126/><G126/><T28/><D67/><U8/><E75/><V7/><F53/><W50/><G87/><T24/><D24/><N who="1" m="18535" /><E91/><V37/><F44/><W82/><G82/><T125/><D125/><U22/><E22/><V69/><F69/><W110/><G110/><T68/><D68/><U118/><E118/><V46/><F46/><W73/><G73/><T99/><REACH who="0" step="1"/><D10/><REACH who="0" ten="120,250,250,370" step="2"/><U55/><E65/><V133/><F133/><W29/><G9/><T109/><D109/><U54/><E54/><V103/><F103/><W70/><G70/><T60/><D60/><AGARI ba="0,1" hai="5,8,14,55,58,60,96,97,128,130,131" m="18535" machi="60" ten="30,11600,0" yaku="19,1,52,3" doraHai="124" who="1" fromWho="0" sc="120,-116,250,126,250,0,370,0" /><INIT seed="1,1,0,2,2,83" ten="4,376,250,370" oya="1" hai0="19,32,10,57,30,74,26,108,76,9,4,34,81" hai1="21,107,131,125,105,70,48,126,104,135,114,96,18" hai2="36,23,77,97,102,27,46,13,127,42,50,112,99" hai3="115,133,63,40,2,100,122,33,56,79,117,11,12"/><U17/><E114/><V44/><F127/><N who="1" m="48649" /><E70/><V31/><F112/><W52/><G115/><T109/><D57/><U43/><E131/><V92/><F77/><W80/><G122/><T47/><D34/><U71/><E71/><V103/><F13/><W121/><G121/><T113/><D113/><U116/><E116/><V0/><F0/><W84/><G117/><T119/><D119/><U91/><E135/><V15/><F15/><W68/><G133/><T134/><D134/><U110/><E110/><V22/><F22/><W55/><G33/><T88/><D19/><N who="1" m="7179" /><E21/><V49/><F44/><W39/><G68/><T3/><D10/><U118/><E118/><V38/><F38/><W128/><G2/><T64/><D64/><U35/><E35/><V5/><F5/><W82/><G128/><T24/><D24/><U53/><E43/><V16/><F31/><W58/><G100/><T25/><D25/><U124/><N who="1" m="48657" /><U87/><DORA hai="59" /><E96/><V60/><REACH who="2" step="1"/><F60/><REACH who="2" ten="4,376,240,370" step="2"/><W85/><G39/><T54/><D109/><U29/><E29/><V89/><F89/><N who="3" m="51335" /><G40/><T37/><D108/><U14/><E14/><V90/><F90/><W8/><G12/><T106/><D106/><AGARI ba="1,1" hai="16,23,27,36,42,46,49,50,92,97,99,102,103,106" machi="106" ten="30,7700,0" yaku="1,1,7,1,54,1,53,1" doraHai="83,59" doraHaiUra="61,69" who="2" fromWho="0" sc="4,-80,376,0,240,90,370,0" owari="-76,-57.6,376,47.6,330,-7.0,370,17.0" /></mjloggm>