<mjloggm ver="2.3"><GO type="225" lobby="0"/><UN n0="%E3%81%82%E3%83%BC%E3%81%97" n1="%E3%81%99%E3%81%84%E3%81%BE%E3%81%9B%E3%83%BC%E3%82%93" n2="%E3%81%BF%E3%81%BF%E3%81%9A" n3="%E5%A4%8F%E9%88%B4%E9%88%B4%E5%A4%8F" dan="16,16,17,16" rate="2122.08,2159.86,2226.15,2117.45" sx="M,M,M,M"/><TAIKYOKU oya="0"/><INIT seed="0,0,0,2,1,37" ten="250,250,250,250" oya="0" hai0="99,26,98,105,101,120,10,96,118,55,41,134,135" hai1="94,109,92,60,97,91,31,127,123,30,82,130,67" hai2="28,16,6,12,23,84,4,51,107,81,27,52,62" hai3="85,128,22,73,8,13,7,25,35,38,111,45,115"/><T3/><D120/><U121/><E109/><V95/><F107/><W59/><G73/><T114/><D118/><U47/><E127/><V117/><F117/><W66/><G115/><T89/><D114/><U24/><E130/><V46/><F95/><W65/><G111/><T58/><D26/><U0/><E0/><V21/><REACH who="2" step="1"/><F62/><REACH who="2" ten="250,250,240,250" step="2"/><W19/><G128/><T9/><D105/><U11/><E94/><V34/><F34/><W133/><G35/><T103/><D134/><U100/><E60/><V56/><F56/><W79/><G133/><T112/><D135/><U125/><E123/><V102/><F102/><W80/><REACH who="3" step="1"/><G59/><REACH who="3" ten="250,250,240,240" step="2"/><T90/><D112/><U57/><E121/><V122/><F122/><W116/><G116/><T69/><D69/><U74/><E125/><V32/><F32/><W29/><G29/><T49/><D103/><U77/><E30/><V61/><F61/><W78/><G78/><AGARI ba="0,2" hai="4,6,12,16,21,23,27,28,46,51,52,78,81,84" machi="78" ten="30,8000,1" yaku="1,1,7,1,8,1,54,2,53,0" doraHai="37" doraHaiUra="126" who="2" fromWho="3" sc="250,0,250,0,240,100,240,-80" /><INIT seed="1,0,0,2,0,85" ten="250,250,340,160" oya="1" hai0="109,45,116,130,115,112,30,15,121,21,87,107,90" hai1="56,36,124,132,88,29,27,22,25,40,74,84,33" hai2="24,82,94,104,110,75,9,59,58,6,4,57,23" hai3="99,38,26,44,5,95,83,54,113,125,65,2,120"/><U46/><E124/><V60/><F104/><W80/><G120/><T18/><D116/><U20/><E74/><V131/><F110/><W50/><G113/><T98/><D109/><U77/><E132/><V66/><F131/><W1/><G125/><T62/><D130/><U19/><E77/><V91/><F82/><W63/><G38/><T8/><D121/><U81/><REACH who="1" step="1"/><E56/><REACH who="1" ten="250,240,340,160" step="2"/><N who="2" m="21611" /><F75/><W28/><G1/><T117/><D115/><U67/><E67/><V64/><F66/><W35/><G2/><T49/><D112/><U13/><E13/><V34/><F34/><AGARI ba="0,1" hai="19,20,22,25,27,29,33,34,36,40,46,81,84,88" machi="34" ten="40,7700,0" yaku="1,1,52,1,54,1,53,0" doraHai="85" doraHaiUra="106" who="1" fromWho="2" sc="250,0,240,87,340,-77,160,0" /><INIT seed="1,1,0,1,4,121" ten="250,327,263,160" oya="1" hai0="61,13,40,18,76,42,44,89,108,93,88,37,41" hai1="22,129,45,128,47,74,31,113,77,59,68,94,122" hai2="14,28,56,24,65,119,125,0,43,11,99,26,86" hai3="126,114,130,101,29,60,69,134,67,104,135,12,73"/><U57/><E113/><V17/><F119/><W9/><G114/><T115/><D115/><U23/><E68/><V112/><F112/><W4/><G73/><T90/><D76/><U39/><E122/><V64/><F125/><W103/><G126/><T25/><D25/><U123/><E123/><V55/><F43/><W6/><G130/><T35/><D35/><U32/><E94/><V120/><F120/><W5/><G29/><T98/><D108/><U84/><E84/><V52/><F0/><W87/><G87/><T48/><D61/><U19/><E39/><V133/><F133/><W38/><G38/><T15/><D15/><U80/><E32/><V16/><F99/><W127/><G127/><T21/><REACH who="0" step="1"/><D37/><REACH who="0" ten="240,327,263,160" step="2"/><U97/><E77/><V117/><F117/><W50/><G50/><T2/><D2/><U70/><E129/><V30/><F14/><W8/><G12/><T10/><D10/><N who="3" m="4201" /><G104/><T75/><D75/><U105/><E105/><V131/><F11/><W109/><G109/><T83/><D83/><U81/><E81/><V116/><F131/><W53/><G135/><T34/><D34/><U49/><E74/><V58/><F116/><W36/><G36/><T107/><D107/><U71/><E128/><V96/><F86/><W92/><G134/><T63/><D63/><U62/><E62/><V91/><F96/><W118/><G118/><T66/><D66/><U54/><E97/><V3/><F3/><W102/><G92/><T106/><D106/><U1/><E1/><V20/><F20/><W100/><N who="3" m="25600" /><DORA hai="79" /><W51/><G4/><T95/><D95/><RYUUKYOKU ba="1,1" sc="240,10,327,-30,263,10,160,10" hai0="13,18,21,40,41,42,44,48,88,89,90,93,98" hai2="16,17,24,26,28,30,52,55,56,58,64,65,91" hai3="5,6,51,53,60,67,69" /><INIT seed="2,2,1,5,2,11" ten="250,297,273,170" oya="2" hai0="130,120,56,36,85,101,100,3,28,125,127,45,121" hai1="31,83,112,52,71,88,131,115,24,53,124,74,35" hai2="79,25,72,113,91,119,78,73,50,14,68,97,32" hai3="39,41,29,99,76,111,58,98,16,135,84,133,66"/><V34/><F68/><W59/><G29/><T42/><D3/><U87/><E124/><N who="0" m="47689" /><D28/><U15/><E71/><V9/><F113/><W6/><G6/><T122/><D130/><U23/><E131/><V22/><F119/><W55/><G111/><T126/><N who="0" m="47697" /><T37/><DORA hai="106" /><D37/><U103/><E74/><V43/><F97/><W89/><G76/><T116/><D116/><U4/><E103/><N who="0" m="39497" /><D85/><U70/><E70/><V48/><F91/><W46/><G66/><T2/><D2/><U30/><E30/><V90/><F90/><W51/><G58/><AGARI ba="2,1" hai="36,42,45,56,58,120,121,122" m="39497,47697" machi="58" ten="50,1600,0" yaku="18,1" doraHai="11,106" who="0" fromWho="3" sc="250,32,297,0,273,0,170,-22" /><INIT seed="3,0,0,3,3,6" ten="282,297,273,148" oya="3" hai0="108,50,53,30,107,61,126,116,71,109,114,68,37" hai1="77,78,14,40,39,23,12,67,135,58,4,52,94" hai2="88,42,113,2,104,48,45,74,16,119,3,112,99" hai3="81,47,72,19,123,93,118,90,43,127,11,0,85"/><W55/><G127/><T120/><D107/><U132/><E67/><V66/><F119/><W18/><G123/><T33/><D116/><U122/><E122/><V105/><F74/><W56/><G118/><T121/><D30/><U17/><E94/><V92/><F66/><W101/><G101/><T1/><D33/><U97/><E97/><V89/><F105/><W130/><G130/><T111/><D126/><U46/><E12/><V95/><F104/><W15/><G0/><T124/><D124/><U73/><E4/><V51/><F16/><N who="3" m="8319" /><G72/><T100/><D100/><U87/><E87/><V79/><F79/><N who="3" m="46271" /><G43/><T106/><D106/><U125/><E125/><V64/><F64/><W10/><G47/><N who="0" m="27871" /><D1/><U29/><E73/><V41/><F45/><W24/><G24/><T13/><D114/><U22/><E46/><V59/><F99/><N who="3" m="57783" /><G10/><T103/><D103/><U98/><E40/><V82/><F82/><W69/><G69/><T96/><D37/><U65/><E39/><V54/><F54/><W115/><G115/><T102/><D102/><U80/><E65/><V44/><F44/><W28/><G28/><T129/><D129/><U25/><E80/><V9/><F9/><W34/><G34/><T86/><D121/><U5/><E29/><V26/><F26/><W7/><G7/><T110/><D120/><U49/><E5/><V20/><F20/><W35/><G35/><T27/><D111/><U128/><E128/><V133/><F59/><W36/><G36/><T60/><D110/><U91/><E23/><V8/><F8/><W75/><G75/><T131/><D109/><RYUUKYOKU ba="0,0" sc="282,-15,297,-15,273,15,148,15" hai2="2,3,41,42,48,51,88,89,92,95,112,113,133" hai3="18,19,55,56" /><INIT seed="3,1,0,3,4,19" ten="267,282,288,163" oya="3" hai0="126,2,26,51,73,82,59,15,20,53,127,1,48" hai1="133,3,107,60,94,6,112,70,105,69,123,22,79" hai2="24,91,31,131,129,44,116,128,55,102,32,25,47" hai3="77,9,103,43,57,12,100,5,49,95,18,86,46"/><W122/><G122/><T132/><D15/><U61/><E112/><V74/><F116/><W108/><G108/><T45/><D132/><U84/><E123/><V8/><F74/><W29/><G29/><N who="0" m="17607" /><D82/><U34/><E34/><V80/><F102/><W65/><G18/><T50/><D73/><U14/><E14/><V115/><F115/><W134/><G134/><T66/><D66/><U16/><E16/><V83/><F25/><W75/><G75/><T98/><D98/><U11/><E79/><V110/><F110/><W36/><G36/><T27/><D27/><U130/><E84/><N who="2" m="50567" /><F83/><N who="3" m="47471" /><G95/><T106/><D106/><U38/><E94/><V67/><F67/><W0/><G0/><N who="0" m="107" /><D59/><U78/><E38/><V54/><F8/><W119/><G119/><T114/><D114/><U52/><E11/><V7/><F7/><W37/><G37/><T40/><D40/><U33/><E6/><V42/><F42/><W124/><G124/><AGARI ba="1,0" hai="45,48,50,51,53,124,126,127" m="107,17607" machi="124" ten="30,2000,0" yaku="18,1,52,1" doraHai="19" who="0" fromWho="3" sc="267,23,282,0,288,0,163,-23" /><INIT seed="4,0,0,3,4,97" ten="290,282,288,140" oya="0" hai0="8,15,124,134,113,108,57,96,69,34,25,77,68" hai1="70,54,55,0,106,60,87,81,59,61,26,109,63" hai2="46,91,47,95,32,120,103,58,98,4,73,72,65" hai3="107,131,20,7,99,80,37,64,66,28,121,9,21"/><T3/><D3/><U122/><E122/><V78/><F120/><W12/><G121/><T118/><D118/><U38/><E0/><V16/><F32/><W89/><G131/><T125/><D113/><U127/><E106/><V19/><F4/><W53/><G37/><T85/><D108/><U100/><E38/><V119/><F119/><W130/><G130/><T18/><D96/><U27/><E127/><N who="0" m="48713" /><D57/><U24/><E70/><V94/><F78/><W31/><G107/><T114/><D134/><U93/><E109/><V135/><F72/><W62/><G53/><T2/><D2/><U35/><E35/><V129/><F73/><W111/><G111/><T132/><D132/><U126/><E55/><V133/><F129/><W74/><G74/><T123/><D123/><U71/><E71/><V104/><F104/><W84/><G99/><T11/><D11/><U43/><E43/><V33/><F33/><W101/><G101/><T49/><D49/><U110/><E110/><V128/><F128/><W42/><G42/><T105/><D105/><U41/><E41/><V44/><F133/><W48/><G48/><T115/><D69/><U76/><E126/><V10/><F10/><W5/><G5/><T45/><D68/><U90/><E100/><V88/><F135/><W92/><G92/><T83/><D45/><N who="2" m="11522" /><V86/><DORA hai="29" /><F103/><W82/><G82/><T22/><D34/><U51/><E93/><V17/><F58/><N who="3" m="36951" /><G66/><AGARI ba="0,0" hai="16,17,19,65,66,86,88,91,94,95,98" m="11522" machi="66" ten="40,5200,0" yaku="8,1,54,2" doraHai="97,29" who="2" fromWho="3" sc="290,0,282,0,288,52,140,-52" owari="290,9.0,282,-11.8,340,44.0,88,-41.2" /></mjloggm>