<mjloggm ver="2.3"><GO type="225" lobby="0"/><UN n0="%E8%81%B7%E6%A5%AD%E3%80%81%E9%A2%A8%32" n1="%73%75%7A%75%6D%65%33" n2="%6C%61%6D%62" n3="%E9%89%A2%E5%B7%BB%E3%82%AC%E3%83%96" dan="16,17,16,16" rate="2174.47,2207.66,2130.49,2052.22" sx="M,M,M,M"/><TAIKYOKU oya="0"/><INIT seed="0,0,0,1,1,52" ten="250,250,250,250" oya="0" hai0="112,24,120,47,95,121,31,56,77,44,109,85,67" hai1="66,23,91,11,75,64,13,55,62,124,90,117,36" hai2="53,129,97,63,86,114,79,7,78,113,17,72,2" hai3="71,28,0,27,15,94,60,105,65,6,128,49,101"/><T30/><D112/><U42/><E75/><V34/><F72/><W25/><G128/><T89/><D109/><U99/><E117/><V116/><F129/><W1/><G94/><T93/><D31/><U119/><E119/><V20/><F34/><N who="3" m="20751" /><G27/><T40/><D77/><U18/><E124/><V131/><F131/><W14/><G49/><T33/><D93/><U21/><E36/><V46/><F116/><W69/><G69/><T81/><D95/><N who="1" m="56823" /><E42/><V87/><F7/><W96/><G6/><T50/><REACH who="0" step="1"/><D47/><REACH who="0" ten="240,250,250,250" step="2"/><U68/><E68/><V38/><F46/><W76/><G76/><T106/><D106/><U134/><E91/><V57/><F78/><W4/><G0/><T111/><D111/><U37/><E134/><V82/><F113/><W125/><G125/><T51/><D51/><U74/><E37/><V107/><F114/><W108/><G108/><T8/><D8/><AGARI ba="0,1" hai="1,4,8,14,15,60,65,71,96,101,105" m="20751" machi="8" ten="30,1000,0" yaku="25,1" doraHai="52" who="3" fromWho="0" sc="240,-10,250,0,250,0,250,20" /><INIT seed="1,0,0,2,1,56" ten="230,250,250,270" oya="1" hai0="58,8,121,55,44,108,26,98,3,88,24,21,66" hai1="19,34,31,83,118,130,113,57,10,120,25,104,80" hai2="43,79,125,128,112,6,29,101,69,45,103,78,114" hai3="116,117,111,5,39,16,95,97,133,17,89,105,60"/><U54/><E120/><V124/><F69/><W123/><G123/><T40/><D108/><U77/><E118/><N who="3" m="45674" /><G39/><T131/><D121/><U135/><E113/><N who="2" m="43627" /><F29/><W74/><G74/><T62/><D131/><U7/><E104/><V46/><F6/><W41/><G41/><T132/><D132/><U49/><E135/><V107/><F107/><W75/><G75/><T81/><D3/><U72/><E130/><V64/><F64/><W127/><G133/><T27/><D8/><U14/><REACH who="1" step="1"/><E83/><REACH who="1" ten="230,240,250,270" step="2"/><V38/><F128/><W76/><G105/><T122/><D122/><U11/><E11/><V53/><F124/><W68/><G127/><T84/><D98/><U99/><E99/><V33/><F125/><W119/><G119/><T91/><D66/><U28/><E28/><V51/><F33/><W4/><G111/><T71/><D21/><U92/><E92/><V47/><F47/><W67/><G76/><AGARI ba="0,1" hai="38,43,45,46,51,53,76,78,79,101,103" m="43627" machi="76" ten="30,1000,0" yaku="11,1" doraHai="56" who="2" fromWho="3" sc="230,0,240,0,250,20,270,-10" /><INIT seed="2,0,0,4,1,62" ten="230,240,270,260" oya="2" hai0="10,29,35,27,15,20,91,78,116,8,83,81,7" hai1="37,107,12,17,122,72,57,47,41,97,105,92,2" hai2="68,13,28,99,31,56,82,117,55,71,119,1,11" hai3="32,94,84,54,76,111,85,53,95,108,58,86,93"/><V4/><F99/><W38/><G38/><T87/><D116/><U25/><E2/><V16/><F119/><W21/><G32/><T100/><D100/><U44/><E72/><V103/><F103/><W121/><G121/><T3/><D35/><U112/><E112/><V102/><F102/><W43/><G43/><T124/><D124/><U33/><E47/><V40/><F40/><W88/><G21/><T34/><D34/><U135/><E135/><V66/><F82/><N who="3" m="47175" /><G58/><T9/><REACH who="0" step="1"/><D3/><REACH who="0" ten="220,240,270,260" step="2"/><U18/><E33/><V129/><F117/><W52/><G108/><T64/><D64/><U96/><E122/><V106/><F66/><W65/><G65/><T14/><D14/><U115/><E115/><V90/><F1/><W67/><G67/><T5/><D5/><U114/><E114/><V45/><F4/><W39/><G111/><T49/><D49/><U24/><E12/><V6/><F6/><W63/><G39/><T132/><D132/><U30/><E37/><V118/><F118/><W60/><G85/><AGARI ba="0,1" hai="7,8,9,10,15,20,27,29,78,81,83,85,87,91" machi="85" ten="30,7700,0" yaku="1,1,7,1,8,1,53,1" doraHai="62" doraHaiUra="22" who="0" fromWho="3" sc="220,87,240,0,270,0,260,-77" /><INIT seed="3,0,0,4,4,9" ten="307,240,270,183" oya="3" hai0="85,61,86,93,76,46,44,32,14,6,12,31,8" hai1="53,55,33,131,1,101,122,11,113,115,48,97,84" hai2="7,35,41,91,134,94,129,13,77,133,43,118,99" hai3="106,38,130,88,112,104,119,17,19,135,110,26,69"/><W3/><RYUUKYOKU type="yao9" ba="0,0" sc="307,0,240,0,270,0,183,0" hai3="3,17,19,26,38,69,88,104,106,110,112,119,130,135" /><INIT seed="3,1,0,5,3,107" ten="307,240,270,183" oya="3" hai0="2,100,21,9,60,69,8,129,80,5,33,0,45" hai1="99,117,119,111,42,39,93,92,30,10,20,82,23" hai2="22,98,94,13,51,47,7,68,124,128,134,97,58" hai3="15,74,123,16,133,132,113,84,52,130,56,64,106"/><W121/><G113/><T48/><D33/><U40/><E111/><V120/><F68/><W35/><G106/><T90/><D100/><U101/><E10/><V28/><F128/><W44/><G35/><T62/><D21/><N who="1" m="8267" /><E30/><V32/><F32/><W66/><G130/><T95/><D80/><U43/><E39/><V125/><F134/><N who="3" m="51819" /><G44/><T79/><D79/><U54/><E54/><V76/><F76/><W89/><G74/><T96/><D69/><U19/><E19/><N who="2" m="10607" /><F28/><W115/><G115/><T6/><D129/><U4/><E4/><V83/><F83/><N who="3" m="49311" /><G123/><T109/><D109/><U127/><E82/><V12/><F120/><W14/><G121/><T41/><AGARI ba="1,0" hai="0,2,5,6,8,9,41,45,48,60,62,90,95,96" machi="41" ten="20,2700,0" yaku="0,1,7,1,9,1" doraHai="107" who="0" fromWho="0" sc="307,30,240,-8,270,-8,183,-14" owari="337,43.7,232,-16.8,262,6.2,169,-33.1" /></mjloggm>