<mjloggm ver="2.3"><GO type="225" lobby="0"/><UN n0="%E6%A1%9C%E8%8A%B1%E9%96%83%E3%80%85" n1="%72%69%6F%75%63%68%61%6E" n2="%E6%9D%B1%E9%A2%A8%E3%81%AE%E3%81%8D%E3%82%83%E3%81%B7%E3%81%95%E3%82%93" n3="%E4%BF%BA%E3%81%A8%E5%A6%96%E5%A4%A2" dan="16,16,17,17" rate="2215.51,2185.97,2206.84,2180.63" sx="M,M,M,F"/><TAIKYOKU oya="0"/><INIT seed="0,0,0,1,0,93" ten="250,250,250,250" oya="0" hai0="88,21,105,55,87,34,13,53,114,83,135,110,94" hai1="104,74,118,33,47,124,75,52,48,121,112,14,86" hai2="100,128,16,56,113,103,36,102,76,7,131,46,49" hai3="0,29,3,54,45,4,119,91,35,70,18,28,66"/><T40/><D114/><U130/><E118/><V68/><F68/><W60/><G119/><T27/><D105/><U85/><E121/><V19/><F113/><W133/><G133/><T11/><D34/><U61/><E112/><V125/><F36/><W84/><G35/><T17/><D135/><U2/><E2/><V96/><F7/><W115/><G115/><T62/><D110/><U22/><E33/><V107/><F56/><W95/><G0/><T1/><D1/><U80/><E124/><V132/><F76/><W117/><G117/><T51/><D62/><U23/><E130/><N who="2" m="49707" /><F125/><W31/><G18/><N who="2" m="6697" /><F132/><W101/><G4/><N who="0" m="3303" /><D83/><U92/><E104/><V98/><F107/><W58/><G3/><T97/><D87/><U71/><E86/><V79/><F79/><W67/><G70/><T123/><D123/><U82/><E75/><V120/><F120/><W41/><REACH who="3" step="1"/><G101/><REACH who="3" ten="250,250,250,240" step="2"/><T50/><D40/><AGARI ba="0,1" hai="40,46,49,96,98,100,102,103" m="6697,49707" machi="40" ten="30,7700,0" yaku="19,1,52,2,54,1" doraHai="93" who="2" fromWho="0" sc="250,-77,250,0,250,87,240,0" /><INIT seed="1,0,0,1,4,98" ten="173,250,337,240" oya="1" hai0="74,63,49,116,104,15,77,108,134,67,102,81,14" hai1="45,65,57,5,73,93,11,114,24,120,131,43,103" hai2="38,94,96,20,37,95,61,112,51,35,56,19,135" hai3="4,124,68,16,26,82,91,47,28,18,122,3,0"/><U62/><E114/><V25/><F135/><W107/><G122/><T99/><D116/><U17/><E120/><V89/><F112/><W121/><G121/><T59/><D134/><U64/><E131/><V101/><F51/><W83/><G68/><T85/><D108/><U88/><E73/><V80/><F80/><W29/><G107/><T54/><REACH who="0" step="1"/><D74/><REACH who="0" ten="163,250,337,240" step="2"/><U70/><E70/><AGARI ba="0,1" hai="14,15,49,54,59,63,67,70,77,81,85,99,102,104" machi="70" ten="30,8000,1" yaku="1,1,2,1,7,1,52,1,53,1" doraHai="98" doraHaiUra="52" who="0" fromWho="1" sc="163,90,250,-80,337,0,240,0" /><INIT seed="2,0,0,1,2,122" ten="253,170,337,240" oya="2" hai0="62,134,82,135,32,94,81,89,127,29,133,92,105" hai1="121,99,0,86,73,7,54,126,57,69,93,113,43" hai2="120,4,50,130,61,53,41,38,3,87,25,46,17" hai3="102,49,131,56,48,63,98,26,33,35,31,66,12"/><V52/><F120/><W90/><G131/><T39/><D39/><U36/><E121/><V117/><F130/><W22/><G90/><T64/><D105/><U79/><E113/><V72/><F72/><W85/><G85/><N who="0" m="50359" /><D127/><U2/><E126/><V75/><F75/><W129/><G129/><T76/><D29/><U5/><E73/><V104/><F104/><W8/><G35/><T19/><D19/><U95/><E69/><V80/><F117/><W107/><REACH who="3" step="1"/><G33/><REACH who="3" ten="253,170,337,230" step="2"/><T132/><D32/><U71/><E71/><V24/><F87/><W14/><G14/><T13/><D13/><U119/><E119/><V115/><F3/><W40/><G40/><T108/><D133/><U77/><E0/><V45/><F41/><W118/><G118/><T110/><D76/><N who="1" m="29259" /><E2/><V15/><F15/><W37/><G37/><T125/><D125/><U106/><E106/><V21/><F38/><W97/><G97/><T23/><D81/><U6/><E36/><V30/><F80/><W88/><G88/><T70/><D23/><U114/><E114/><V60/><F115/><W112/><G112/><T28/><D28/><U123/><E123/><V74/><F74/><W128/><G128/><T109/><AGARI ba="0,1" hai="62,64,70,92,94,108,109,110,132,134,135" m="50359" machi="109" ten="40,8000,1" yaku="14,1,20,1,52,3" doraHai="122" who="0" fromWho="0" sc="253,90,170,-20,337,-40,230,-20" /><INIT seed="3,0,0,5,5,84" ten="343,150,297,210" oya="3" hai0="10,15,118,98,30,53,92,57,108,19,78,62,58" hai1="69,135,116,76,35,79,12,102,38,52,101,104,5" hai2="71,4,120,56,90,96,11,111,27,73,33,26,59" hai3="67,89,91,9,42,86,28,60,85,51,87,16,81"/><W103/><G103/><T93/><D108/><U34/><E38/><V68/><F73/><W63/><G28/><T100/><D118/><U132/><E69/><V115/><F111/><W18/><G85/><T2/><D2/><U46/><E116/><V114/><F120/><W124/><G124/><T75/><D30/><U20/><E104/><V31/><F26/><W106/><G106/><T45/><D75/><U22/><E46/><V125/><F125/><W122/><G122/><T97/><D78/><N who="1" m="29739" /><E12/><V43/><F43/><W24/><G9/><T40/><D58/><U44/><E5/><V13/><F71/><W39/><G39/><T55/><D55/><U82/><E82/><V49/><F68/><W95/><G24/><T36/><D98/><U0/><E0/><V107/><F107/><AGARI ba="0,0" hai="10,15,19,36,40,45,53,57,62,92,93,97,100,107" machi="107" ten="30,1000,0" yaku="7,1" doraHai="84" who="0" fromWho="2" sc="343,10,150,0,297,-10,210,0" owari="353,45.3,150,-35.0,287,8.7,210,-19.0" /></mjloggm>