<mjloggm ver="2.3"><GO type="225" lobby="0"/><UN n0="%E3%83%97%E3%83%AC%E3%83%B4%E3%82%A1%E3%83%86%E3%82%A3" n1="%E3%81%B2%E3%81%AA%E3%81%AE%E3%82%8A%E3%81%8F" n2="%E5%B8%86%E7%AB%8B%E5%A4%8F%E8%A1%A3" n3="%E5%8F%AF%E5%85%90%E9%82%A3%E7%94%B1%E5%A4%9A" dan="16,17,16,17" rate="2117.77,2236.00,2119.82,2186.47" sx="F,M,M,F"/><TAIKYOKU oya="0"/><INIT seed="0,0,0,1,3,83" ten="250,250,250,250" oya="0" hai0="28,12,120,23,115,43,131,57,68,24,101,80,22" hai1="124,99,113,102,19,13,27,91,4,21,96,52,135" hai2="118,127,111,26,7,72,8,73,0,60,129,65,64" hai3="56,134,119,15,105,1,74,98,94,69,121,133,90"/><T38/><D120/><U81/><E124/><V6/><F127/><W36/><G1/><T17/><D115/><U37/><E37/><V50/><F111/><W85/><G69/><T10/><D68/><U20/><E113/><V71/><F65/><W32/><G32/><T88/><D131/><U70/><E70/><V92/><F129/><W95/><G36/><T39/><D43/><U46/><E135/><N who="3" m="51722" /><G56/><T82/><D101/><U58/><E46/><V114/><F114/><W66/><G15/><T67/><D39/><U112/><E4/><V51/><F118/><W41/><G41/><T42/><D42/><U54/><E112/><V25/><F7/><W125/><G66/><T104/><D104/><U49/><E54/><V123/><F123/><W106/><G125/><T34/><D38/><U76/><E91/><V100/><F26/><W77/><G121/><T53/><D67/><U29/><REACH who="1" step="1"/><E102/><REACH who="1" ten="250,240,250,250" step="2"/><V9/><F100/><N who="3" m="60511" /><G119/><T48/><REACH who="0" step="1"/><D80/><AGARI ba="0,1" hai="74,77,80,85,90,94,105,106" m="60511,51722" machi="80" ten="30,7700,0" yaku="20,1,34,2,52,1" doraHai="83" who="3" fromWho="0" sc="250,-77,240,0,250,0,250,87" /><INIT seed="1,0,0,0,0,132" ten="173,240,250,337" oya="1" hai0="23,108,123,47,9,54,120,72,89,117,52,31,67" hai1="7,99,85,71,33,30,58,74,114,56,109,111,4" hai2="88,10,34,106,110,62,24,78,66,2,16,130,115" hai3="125,42,77,18,39,28,80,96,76,59,46,121,87"/><U45/><E71/><V102/><F110/><N who="1" m="41993" /><E74/><V3/><F130/><W44/><G121/><N who="0" m="46667" /><D108/><U90/><E114/><V14/><F78/><W107/><G28/><T124/><D72/><U22/><E33/><V82/><F115/><W37/><G59/><N who="1" m="22570" /><E99/><N who="2" m="61791" /><F88/><W100/><G18/><T15/><D67/><U135/><E135/><V41/><F41/><W17/><G17/><N who="0" m="8431" /><D117/><U97/><E97/><V26/><F82/><W32/><G32/><T48/><D89/><U122/><E122/><V118/><F26/><W81/><G81/><T95/><D95/><N who="1" m="54735" /><E45/><V65/><F65/><W20/><G77/><T61/><D61/><U113/><E113/><V93/><F93/><W19/><G46/><T84/><D84/><U116/><E116/><V6/><F118/><W21/><G87/><T105/><D105/><U69/><E69/><N who="2" m="42199" /><F6/><W75/><G75/><T134/><D134/><U92/><E92/><V73/><F73/><W133/><G133/><T86/><D86/><U49/><E49/><V29/><AGARI ba="0,0" hai="2,3,10,14,16,24,29,34" m="42199,61791" machi="29" ten="30,2000,0" yaku="25,1,54,1" doraHai="132" who="2" fromWho="2" sc="173,-5,240,-10,250,20,337,-5" /><INIT seed="2,0,0,5,2,87" ten="168,230,270,332" oya="2" hai0="50,6,61,49,127,82,69,18,42,111,116,36,134" hai1="118,37,67,39,63,3,46,59,32,85,106,68,64" hai2="112,8,94,14,55,13,126,70,104,105,51,102,28" hai3="130,38,34,88,54,47,26,99,41,25,7,89,16"/><V129/><F112/><W22/><G130/><T79/><D116/><U123/><E106/><V27/><F126/><W83/><G7/><T103/><D127/><U20/><E32/><V17/><F129/><W119/><G119/><T120/><D120/><U93/><E3/><V62/><F14/><W43/><G43/><T114/><D114/><U48/><E118/><V74/><F74/><W109/><G109/><T86/><D111/><U56/><E123/><V80/><F80/><W23/><G34/><T60/><D134/><U101/><E68/><V15/><F15/><W31/><G83/><T57/><D103/><U98/><E20/><V30/><F30/><W117/><G117/><T107/><D107/><U110/><E110/><V9/><F9/><W75/><G75/><T84/><D6/><U12/><E85/><V66/><F94/><W24/><G24/><T90/><D36/><U0/><E12/><V2/><F2/><W125/><G125/><T124/><D124/><U35/><E35/><V135/><F135/><W72/><G72/><T5/><D5/><U73/><E73/><V10/><F10/><W131/><G131/><T78/><D18/><U44/><E0/><V58/><F102/><W19/><G31/><T128/><D128/><U115/><E101/><V52/><F55/><W95/><G54/><N who="0" m="31951" /><D69/><U29/><E115/><V65/><F65/><W113/><G113/><T133/><D133/><U71/><E67/><V77/><F77/><N who="0" m="29194" /><D84/><U21/><E64/><V33/><AGARI ba="0,0" hai="8,13,17,27,28,33,51,52,58,62,66,70,104,105" machi="33" ten="20,3900,0" yaku="0,1,7,1,54,1" doraHai="87" who="2" fromWho="2" sc="168,-13,230,-13,270,39,332,-13" /><INIT seed="2,1,0,5,0,112" ten="155,217,309,319" oya="2" hai0="10,31,53,116,108,6,66,82,27,131,18,76,41" hai1="8,128,22,43,37,26,84,104,15,124,36,115,24" hai2="126,47,83,17,3,54,97,134,79,23,35,55,110" hai3="60,16,25,33,135,11,4,45,49,50,88,20,80"/><V133/><F35/><W67/><G135/><N who="2" m="51721" /><F3/><W68/><G33/><T7/><D108/><U92/><E104/><V61/><F126/><W90/><G80/><T96/><D66/><U19/><E115/><V77/><F110/><W32/><G32/><T5/><D131/><U113/><E113/><V75/><F79/><W127/><G127/><T132/><D132/><U74/><E74/><V78/><F77/><W102/><G102/><T117/><D41/><U38/><E128/><V65/><F47/><W69/><G69/><T44/><D96/><U123/><E123/><V119/><F97/><W94/><G94/><T12/><D44/><U122/><E92/><V125/><F125/><W99/><G99/><T40/><D40/><U59/><E43/><V71/><F119/><N who="0" m="45642" /><D53/><U114/><E114/><V106/><F106/><W121/><G121/><T58/><D58/><U89/><E59/><V57/><F71/><W129/><G129/><T109/><D109/><U0/><E124/><V72/><F72/><W42/><G50/><T105/><D105/><U13/><E38/><V87/><F75/><W107/><G107/><T46/><D46/><U1/><E37/><V52/><F65/><W64/><G64/><T86/><D31/><U30/><E36/><V39/><F39/><W81/><G68/><T51/><D51/><U95/><E30/><V14/><AGARI ba="1,0" hai="14,17,23,52,54,55,57,61,78,83,87" m="51721" machi="14" ten="30,3000,0" yaku="20,1,54,1" doraHai="112" who="2" fromWho="2" sc="155,-11,217,-11,309,33,319,-11" /><INIT seed="2,2,0,0,1,133" ten="144,206,342,308" oya="2" hai0="21,102,87,99,29,25,35,13,14,24,79,40,1" hai1="98,134,3,50,6,112,95,120,10,132,41,11,33" hai2="100,97,80,116,103,37,27,110,93,52,49,117,123" hai3="73,42,74,108,60,4,121,7,20,96,92,118,9"/><V8/><F123/><W71/><G118/><T30/><D40/><U75/><E75/><V59/><F37/><W5/><G121/><T45/><D45/><N who="1" m="25903" /><E120/><V38/><F38/><W44/><G108/><T90/><D79/><U126/><E33/><V109/><F103/><W106/><G106/><T78/><D78/><U124/><E11/><V125/><F125/><N who="1" m="48233" /><E112/><V61/><F80/><W19/><G9/><T32/><D1/><U34/><E34/><V85/><F85/><W48/><G60/><T119/><D21/><U130/><E130/><V55/><F27/><W84/><G71/><T65/><D65/><U129/><E129/><V46/><REACH who="2" step="1"/><F8/><REACH who="2" ten="144,206,332,308" step="2"/><W122/><G84/><T68/><D119/><AGARI ba="2,1" hai="46,49,52,55,59,61,93,97,100,109,110,116,117,119" machi="119" ten="40,7700,0" yaku="1,1,2,1,54,1,53,0" doraHai="133" doraHaiUra="62" who="2" fromWho="0" sc="144,-83,206,0,332,93,308,0" /><INIT seed="2,3,0,2,2,125" ten="61,206,425,308" oya="2" hai0="28,77,6,35,47,55,85,99,43,129,81,76,25" hai1="0,23,97,127,65,109,69,42,34,132,74,29,36" hai2="22,72,27,32,39,94,124,40,133,14,101,64,107" hai3="108,118,8,87,46,93,126,33,54,5,91,128,66"/><V120/><F120/><W79/><G118/><T52/><D77/><U67/><E34/><V4/><F133/><W19/><G33/><T134/><D134/><U37/><E0/><V112/><F112/><W2/><G126/><T111/><D111/><U3/><E3/><V71/><F94/><W44/><G108/><T30/><D30/><U20/><E74/><V103/><F103/><W102/><G66/><T59/><D129/><U75/><E75/><V78/><F22/><W18/><G128/><T7/><D99/><U10/><E10/><V98/><F14/><W60/><G102/><T119/><D119/><U123/><E42/><V100/><F100/><W114/><G114/><T21/><D35/><U13/><E13/><V116/><F4/><W49/><G60/><T57/><D43/><U135/><E97/><V31/><F124/><W105/><G105/><T104/><D47/><U12/><E12/><V90/><F90/><W17/><G79/><T89/><D104/><U9/><E9/><V80/><F116/><W84/><G84/><T50/><REACH who="0" step="1"/><D76/><REACH who="0" ten="51,206,425,308" step="2"/><U61/><E29/><V115/><F115/><W16/><N who="3" m="4096" /><DORA hai="88" /><W106/><REACH who="3" step="1"/><G106/><REACH who="3" ten="51,206,425,298" step="2"/><T56/><D56/><AGARI ba="3,2" hai="2,5,8,44,46,49,54,56,87,91,93" m="4096" machi="56" ten="50,8000,1" yaku="1,1,2,1,52,1,54,1,53,0" doraHai="125,88" doraHaiUra="62,131" who="3" fromWho="0" sc="51,-89,206,0,425,0,298,109" owari="-38,-53.8,206,-19.4,425,52.5,407,20.7" /></mjloggm>