<mjloggm ver="2.3"><GO type="225" lobby="0"/><UN n0="%E6%80%AA%E3%81%97%E3%81%99%E3%81%8E%E3%82%8B%E3%83%81%E3%83%BC" n1="%E3%81%A1%E3%82%85%E3%81%86%E3%81%A9%E3%81%8F%E8%B1%A1%E3%81%95%E3%82%93" n2="%E6%A1%9C%E8%8A%B1%E9%96%83%E3%80%85" n3="%E3%82%82%E3%81%90%E3%82%89" dan="16,16,18,17" rate="2136.64,2104.04,2259.49,2152.76" sx="M,M,M,M"/><TAIKYOKU oya="0"/><INIT seed="0,0,0,1,0,106" ten="250,250,250,250" oya="0" hai0="115,79,114,89,68,104,30,131,21,19,11,27,87" hai1="40,50,95,96,22,47,1,83,80,111,56,10,18" hai2="35,26,101,93,2,123,118,8,13,41,51,49,91" hai3="73,81,9,46,121,99,64,67,60,85,3,33,45"/><T36/><D36/><U31/><E111/><V124/><F123/><W112/><G112/><T102/><D68/><U69/><E69/><V92/><F2/><W135/><G33/><T14/><D131/><U42/><E42/><V98/><F124/><W122/><G135/><T5/><D79/><U107/><E107/><V108/><F108/><W66/><G60/><T59/><D59/><U25/><E56/><V61/><F61/><W132/><G132/><T84/><D84/><U117/><E117/><V15/><F15/><W17/><G99/><T63/><D63/><U0/><E0/><V71/><F41/><W110/><G110/><T28/><D104/><U32/><E1/><V97/><F71/><W6/><G17/><T20/><D102/><U16/><E10/><V78/><F78/><W129/><G129/><T53/><D53/><U116/><E116/><V62/><F62/><W24/><G24/><T34/><D30/><U82/><REACH who="1" step="1"/><E32/><REACH who="1" ten="250,240,250,250" step="2"/><V57/><F57/><W77/><REACH who="3" step="1"/><G85/><REACH who="3" ten="250,240,250,240" step="2"/><T52/><D34/><U55/><E55/><V7/><F118/><W103/><G103/><AGARI ba="0,2" hai="16,18,22,25,31,40,47,50,80,82,83,95,96,103" machi="103" ten="40,8000,1" yaku="1,1,8,1,54,1,53,1" doraHai="106" doraHaiUra="37" who="1" fromWho="3" sc="250,0,240,100,250,0,240,-80" /><INIT seed="1,0,0,5,4,2" ten="250,340,250,160" oya="1" hai0="127,61,28,114,119,101,130,7,72,37,94,53,50" hai1="51,5,66,3,90,121,13,116,8,47,115,35,126" hai2="4,78,96,1,71,46,42,12,133,105,32,23,16" hai3="49,123,128,29,24,117,86,113,58,20,64,135,34"/><U74/><E121/><V0/><F133/><W48/><G123/><T39/><D114/><U82/><E35/><V104/><F71/><W55/><G113/><T111/><D119/><U9/><E115/><V76/><F32/><W52/><G135/><T102/><D72/><U87/><E74/><V25/><F0/><W112/><G112/><T97/><D102/><U30/><E30/><V122/><F122/><W118/><G128/><T95/><D95/><U132/><E132/><V10/><F1/><W79/><G64/><T80/><D130/><U110/><E116/><V91/><F91/><W11/><G34/><T45/><D111/><U70/><E126/><V33/><F33/><W15/><G86/><T92/><D80/><U124/><E124/><V77/><REACH who="2" step="1"/><F96/><REACH who="2" ten="250,340,240,160" step="2"/><W65/><G79/><T109/><D127/><U19/><E110/><V67/><F67/><W100/><G65/><T125/><D109/><U68/><E66/><V84/><F84/><W73/><G73/><T43/><D97/><U60/><E70/><V17/><F17/><W41/><G100/><T134/><D134/><U56/><E68/><V98/><F98/><W22/><G118/><T120/><D101/><U69/><E69/><V6/><F6/><N who="3" m="3575" /><G117/><T129/><D120/><U62/><E56/><V81/><F81/><W131/><G131/><T14/><D129/><U27/><E3/><V54/><F54/><N who="3" m="32071" /><G20/><T89/><D125/><U93/><E87/><V21/><F21/><W88/><G88/><T31/><D89/><U57/><E90/><V63/><F63/><W40/><G55/><T18/><D53/><RYUUKYOKU ba="0,1" sc="250,-15,340,-15,240,15,160,15" hai2="4,10,12,16,23,25,42,46,76,77,78,104,105" hai3="22,24,29,40,41,49,52" /><INIT seed="2,1,1,4,5,104" ten="235,325,255,175" oya="2" hai0="126,0,77,46,59,54,90,135,45,14,9,37,58" hai1="12,40,34,41,130,119,102,31,35,97,69,91,98" hai2="109,123,88,4,18,15,95,113,60,127,72,57,79" hai3="42,129,118,55,6,101,8,64,84,38,51,124,13"/><V21/><F113/><W107/><G118/><T78/><D0/><U100/><E119/><V19/><F123/><W114/><G129/><T74/><D126/><U111/><E69/><V61/><F127/><W82/><G124/><T121/><D135/><U63/><E63/><V27/><F4/><W115/><G64/><T5/><D74/><U20/><E111/><V68/><F68/><W30/><G30/><T86/><D121/><U112/><E91/><V65/><F61/><W66/><G66/><T39/><D37/><U73/><E73/><V125/><F125/><W131/><G131/><T49/><D39/><U75/><E75/><V120/><F109/><W71/><G71/><T62/><D59/><U81/><E31/><V96/><F120/><W22/><G38/><T80/><REACH who="0" step="1"/><D45/><REACH who="0" ten="225,325,255,175" step="2"/><U23/><E130/><V128/><F128/><W122/><G122/><T1/><D1/><U132/><E132/><V48/><F48/><W108/><G108/><T10/><D10/><U105/><E112/><V67/><F72/><W7/><G8/><T87/><D87/><U47/><E47/><V2/><F2/><W70/><G70/><T24/><D24/><U25/><E25/><V133/><F133/><W94/><G115/><T134/><D134/><U52/><E98/><V11/><F79/><W106/><G114/><T92/><D92/><U43/><E97/><V56/><F56/><W89/><G94/><T53/><AGARI ba="1,2" hai="5,9,14,46,49,53,54,58,62,77,78,80,86,90" machi="53" ten="20,5200,0" yaku="1,1,0,1,7,1,8,1,53,0" doraHai="104" doraHaiUra="29" who="0" fromWho="0" sc="225,75,325,-14,255,-27,175,-14" /><INIT seed="3,0,0,3,1,13" ten="300,311,228,161" oya="3" hai0="52,30,58,120,0,81,45,3,32,84,106,71,128" hai1="7,65,41,78,12,132,15,74,124,89,125,53,51" hai2="11,66,99,43,103,9,60,115,28,112,121,122,109" hai3="69,22,114,19,101,20,126,1,49,57,25,111,48"/><W14/><G114/><T73/><D71/><U107/><E107/><N who="2" m="63999" /><F43/><W27/><G69/><T108/><D108/><U80/><E132/><V104/><F104/><W91/><G1/><T62/><D128/><U86/><E65/><V50/><F28/><W92/><G126/><N who="1" m="48746" /><E41/><V44/><F109/><W110/><G101/><T56/><D120/><N who="2" m="46186" /><F11/><W90/><G14/><T79/><D106/><U135/><E7/><V63/><F9/><W119/><G119/><T26/><D73/><U54/><E135/><V18/><F18/><W117/><G117/><T10/><D10/><U64/><E64/><V70/><F63/><W38/><G38/><T87/><D87/><U5/><E5/><V23/><F23/><W55/><G49/><T100/><D100/><U2/><E2/><V4/><F4/><W34/><G34/><T123/><D123/><U102/><E102/><V75/><F75/><W118/><G118/><T16/><D16/><U67/><E67/><V82/><F82/><W88/><REACH who="3" step="1"/><G92/><REACH who="3" ten="300,311,228,151" step="2"/><T93/><D93/><N who="1" m="54455" /><E51/><V61/><F61/><W59/><G59/><T127/><D127/><U8/><E12/><V37/><F37/><W36/><G36/><T21/><D58/><U131/><E131/><V17/><F50/><W76/><G76/><T133/><D32/><U46/><E46/><V94/><F44/><W116/><G116/><T77/><D77/><U83/><E83/><V39/><F94/><W6/><G6/><T130/><D45/><U95/><E95/><V68/><F68/><W72/><G72/><T96/><D130/><U31/><E74/><V98/><F39/><RYUUKYOKU ba="0,1" sc="300,-10,311,-10,228,-10,151,30" hai3="19,20,22,25,27,48,55,57,88,90,91,110,111" /><INIT seed="3,1,1,2,3,5" ten="290,301,218,181" oya="3" hai0="109,97,72,53,50,64,11,60,129,40,86,131,116" hai1="128,103,7,29,30,38,27,73,32,12,75,1,107" hai2="2,28,62,127,82,115,104,14,0,88,126,61,102" hai3="52,54,25,13,84,77,35,19,58,93,114,89,105"/><W8/><G114/><T21/><D116/><U16/><E38/><V10/><F115/><W101/><G77/><T111/><D11/><N who="1" m="2543" /><E128/><N who="0" m="49225" /><D72/><U90/><E29/><V119/><F28/><W43/><G43/><T133/><D133/><U31/><E31/><V99/><F119/><W96/><G35/><T55/><D97/><N who="1" m="61935" /><E90/><V69/><F0/><W67/><REACH who="3" step="1"/><G25/><REACH who="3" ten="290,301,218,171" step="2"/><T20/><D109/><U49/><E73/><V98/><F2/><W57/><G57/><T56/><D111/><U94/><E75/><V68/><F68/><W26/><G26/><T120/><D40/><U15/><E27/><V51/><F69/><W45/><G45/><T80/><D120/><U41/><E32/><V78/><F78/><W39/><G39/><T85/><D55/><U44/><E41/><V108/><F108/><W123/><G123/><T66/><D66/><U17/><E44/><V76/><F76/><W125/><G125/><T33/><D33/><U23/><E30/><V130/><F130/><W132/><G132/><T48/><D53/><U46/><E46/><V71/><F71/><W34/><G34/><T112/><D112/><U79/><E79/><V47/><F127/><W59/><G59/><T70/><D56/><U18/><E23/><V4/><F126/><W134/><G134/><T22/><D21/><U87/><E12/><V24/><F24/><W121/><G121/><T3/><D22/><U42/><E15/><V100/><F47/><W6/><G6/><T65/><D20/><U36/><E36/><V106/><F4/><W135/><G135/><T118/><D3/><U92/><E42/><RYUUKYOKU ba="1,2" sc="290,-10,301,-10,218,-10,171,30" hai3="8,13,19,52,54,58,67,84,89,93,96,101,105" /><INIT seed="3,2,2,4,4,63" ten="280,291,208,201" oya="3" hai0="19,17,95,76,126,94,10,96,27,18,40,100,4" hai1="11,0,128,29,72,38,105,69,54,32,50,47,35" hai2="111,60,41,52,62,129,101,88,85,86,21,34,48" hai3="130,12,14,70,132,28,103,8,90,119,98,44,123"/><W22/><G123/><T116/><D116/><U64/><E72/><V99/><F34/><W53/><G119/><T87/><D126/><U81/><E105/><V33/><F33/><W6/><G70/><T113/><D113/><U134/><E81/><N who="2" m="49199" /><F111/><W93/><G130/><T74/><D74/><U114/><E114/><V15/><F41/><W78/><G132/><T49/><D27/><U77/><E77/><V110/><F110/><W57/><G78/><T121/><D121/><U67/><E128/><V37/><F37/><W84/><G44/><N who="0" m="25735" /><D4/><U46/><E134/><V31/><F86/><W39/><G39/><T127/><D127/><U20/><E20/><V122/><F129/><W26/><G8/><T45/><D45/><U65/><E69/><V120/><F120/><W13/><G6/><T108/><D108/><U97/><E97/><V66/><F66/><W124/><G124/><T109/><D109/><U58/><E38/><V23/><F23/><W30/><G30/><T7/><D7/><U43/><E43/><V5/><F122/><W16/><G28/><T75/><D75/><U102/><E32/><V117/><F117/><W1/><G1/><T91/><D76/><U71/><E71/><V24/><F15/><AGARI ba="2,2" hai="10,15,17,18,19,87,91,94,95,96,100" m="25735" machi="15" ten="30,1000,0" yaku="8,1" doraHai="63" who="0" fromWho="2" sc="280,36,291,0,208,-16,201,0" owari="316,41.6,291,9.1,192,-30.8,201,-19.9" /></mjloggm>