<mjloggm ver="2.3"><GO type="225" lobby="0"/><UN n0="%E3%81%A1%E3%82%85%E3%81%86%E3%81%A9%E3%81%8F%E8%B1%A1%E3%81%95%E3%82%93" n1="%70%68%65%6E%6F%6D%65" n2="%E3%82%B5%E3%83%AB%E3%82%B7%E3%83%B3" n3="%E3%83%A9%E3%83%96%E3%83%AC%E3%83%BC" dan="17,17,16,18" rate="2162.20,2177.21,2108.32,2271.76" sx="M,M,M,M"/><TAIKYOKU oya="0"/><INIT seed="0,0,0,2,1,37" ten="250,250,250,250" oya="0" hai0="18,117,114,57,91,104,76,131,98,82,19,80,27" hai1="31,60,32,56,36,25,74,116,75,11,55,108,16" hai2="49,67,46,69,70,84,45,115,101,34,54,119,133" hai3="33,134,1,42,9,130,92,102,71,87,113,6,4"/><T23/><D117/><U20/><E116/><V40/><F34/><W47/><G33/><T48/><D114/><U79/><E108/><V10/><F101/><W8/><G71/><T83/><D131/><U0/><E36/><V15/><F119/><W107/><G130/><T50/><D76/><U96/><E96/><V62/><F115/><W78/><G134/><T12/><D57/><U109/><E109/><V95/><F133/><W22/><G22/><N who="0" m="13783" /><D104/><U59/><E79/><V44/><F70/><W64/><G64/><T53/><D53/><U97/><E59/><V100/><F54/><W2/><G107/><T13/><D12/><N who="1" m="9223" /><E97/><V41/><F49/><W68/><G68/><T77/><D77/><U28/><E28/><V135/><F135/><W122/><G122/><T26/><D13/><U112/><E112/><V73/><F73/><W94/><G113/><T110/><D110/><U105/><E105/><V111/><F111/><W7/><G1/><T30/><D30/><U14/><E14/><V43/><F100/><W39/><G102/><T103/><D103/><U129/><E129/><V65/><F62/><W121/><G121/><T72/><D72/><U86/><E86/><V58/><F58/><W38/><G38/><T106/><D106/><U88/><E88/><N who="2" m="53639" /><F69/><W126/><G2/><T123/><D123/><U132/><E132/><V120/><F120/><W85/><G78/><T63/><D63/><U61/><E61/><V127/><F127/><W24/><G126/><T52/><D52/><U90/><E90/><V51/><F51/><N who="0" m="19498" /><D98/><U125/><E125/><V5/><AGARI ba="0,0" hai="5,10,15,40,41,43,44,45,46,65,67" m="53639" machi="5" ten="30,12000,2" yaku="5,1,8,1,52,3,54,1" doraHai="37" who="2" fromWho="2" sc="250,-60,250,-30,250,120,250,-30" /><INIT seed="1,0,0,4,3,31" ten="190,220,370,220" oya="1" hai0="69,20,71,14,66,83,22,48,62,122,129,46,89" hai1="112,65,91,3,114,108,106,110,34,86,79,107,85" hai2="55,33,53,38,98,95,28,47,78,93,18,80,128" hai3="102,26,103,87,9,113,43,90,32,24,58,42,88"/><U44/><E3/><V76/><F128/><W19/><G113/><N who="1" m="43626" /><E65/><V4/><F78/><W100/><G58/><T0/><D122/><U116/><E44/><V52/><F4/><W111/><G111/><N who="1" m="42538" /><E34/><V96/><F18/><W119/><G119/><T118/><D0/><U120/><E116/><V6/><F6/><W70/><G90/><T117/><D129/><U56/><E56/><V7/><F7/><W16/><G70/><T133/><D133/><U61/><E61/><V63/><F63/><W37/><G37/><T131/><D71/><U99/><E120/><V135/><F135/><W27/><G32/><T97/><D131/><U109/><N who="1" m="42546" /><U130/><DORA hai="29" /><E130/><V60/><F33/><W68/><G68/><T81/><D117/><U13/><E13/><V126/><F47/><W105/><G105/><N who="1" m="39946" /><E79/><V2/><F2/><W92/><G19/><T101/><D118/><U39/><E39/><V40/><F28/><W77/><G77/><T82/><D14/><AGARI ba="0,0" hai="9,14,16,24,26,27,42,43,87,88,92,100,102,103" machi="14" ten="40,5200,0" yaku="8,1,54,2" doraHai="31,29" who="3" fromWho="0" sc="190,-52,220,0,370,0,220,52" /><INIT seed="2,0,0,5,5,83" ten="138,220,370,272" oya="2" hai0="13,23,132,17,36,34,52,114,108,102,96,71,97" hai1="117,118,27,134,35,54,129,131,81,3,10,113,6" hai2="112,135,75,51,26,115,79,106,33,59,61,53,103" hai3="22,7,21,37,120,58,98,130,29,65,90,124,87"/><V66/><F135/><W11/><G37/><T63/><D132/><U76/><E54/><V8/><F75/><W48/><G120/><T19/><D36/><U9/><E134/><V24/><F79/><W119/><G119/><T30/><D108/><U84/><E113/><V85/><F8/><W133/><G130/><N who="1" m="49674" /><E10/><V116/><F116/><W42/><G124/><T95/><D114/><U43/><E43/><V15/><F15/><W41/><G98/><T125/><D125/><U88/><E76/><V78/><F33/><W46/><G42/><T40/><D40/><U28/><AGARI ba="0,0" hai="3,6,9,27,28,35,81,84,88,117,118" m="49674" machi="28" ten="30,4000,0" yaku="19,1,52,1,54,1" doraHai="83" who="1" fromWho="1" sc="138,-10,220,40,370,-20,272,-10" /><INIT seed="3,0,0,4,0,50" ten="128,260,350,262" oya="3" hai0="45,109,12,111,75,100,47,38,72,33,46,32,114" hai1="74,64,1,13,103,26,131,40,95,34,92,113,56" hai2="9,24,18,126,0,53,25,132,110,15,115,118,48" hai3="98,65,77,42,16,6,82,41,86,91,27,5,87"/><W30/><G65/><T39/><D100/><U134/><E1/><V58/><F115/><W57/><G98/><T124/><D12/><U123/><E123/><V79/><F118/><W43/><G57/><T71/><D71/><U116/><E74/><V28/><F0/><W10/><G30/><T37/><D114/><U22/><E131/><V99/><F132/><W35/><G35/><T63/><D63/><U8/><E34/><V89/><F126/><W105/><G105/><T68/><D68/><U93/><E116/><V90/><F110/><W29/><G29/><T23/><D23/><U127/><E127/><V2/><F2/><W106/><G106/><T36/><N who="0" m="9216" /><DORA hai="55" /><T122/><D122/><U104/><E134/><V81/><F99/><W135/><G135/><T133/><D133/><U11/><E40/><V21/><F25/><W129/><G129/><T121/><D124/><U130/><E130/><V49/><F49/><W119/><G119/><T94/><D94/><U66/><E11/><V97/><F97/><W31/><G31/><T7/><D7/><N who="1" m="3231" /><E113/><V17/><F28/><W52/><G52/><T60/><D60/><N who="1" m="37895" /><E66/><V125/><F125/><W70/><G70/><T80/><D121/><U107/><E103/><V117/><F117/><W83/><G10/><T88/><D88/><U44/><E44/><N who="0" m="11265" /><T128/><DORA hai="20" /><D128/><U101/><E101/><V96/><F96/><W54/><G54/><T4/><D4/><U84/><E104/><V76/><F76/><W78/><G91/><T61/><D61/><U3/><E107/><V73/><AGARI ba="0,0" hai="9,15,17,18,21,24,48,53,58,73,79,81,89,90" machi="73" ten="20,8000,1" yaku="0,1,7,1,52,3" doraHai="50,55,20" who="2" fromWho="2" sc="128,-20,260,-20,350,80,262,-40" owari="108,-39.2,240,4.0,430,53.0,222,-17.8" /></mjloggm>