<mjloggm ver="2.3"><GO type="225" lobby="0"/><UN n0="%E3%81%9F%E3%81%93%E2%98%86%E7%84%BC%E3%81%8D" n1="%E3%81%9F%E3%81%A3%E3%81%A1%E3%82%87" n2="%E3%81%95%E3%81%8D%E3%81%9F%E3%81%BE%E6%9E%97%E6%AA%8E" n3="%E9%8A%80%E3%81%B0%E3%81%95%E3%81%BF" dan="16,16,16,17" rate="2112.42,2070.23,2078.51,2236.34" sx="M,M,M,M"/><TAIKYOKU oya="0"/><INIT seed="0,0,0,3,0,17" ten="250,250,250,250" oya="0" hai0="125,3,59,60,67,131,109,65,111,96,112,80,104" hai1="70,85,46,23,13,108,82,126,7,89,115,10,117" hai2="123,4,33,77,105,75,124,25,87,30,64,21,55" hai3="76,101,6,94,29,42,11,135,37,15,27,53,8"/><T83/><D3/><U44/><E117/><V78/><F124/><W98/><G135/><T58/><D125/><U31/><E70/><V79/><F123/><W34/><G76/><T90/><D112/><U19/><E126/><V47/><F75/><W18/><G53/><T113/><D113/><U134/><E115/><V32/><F105/><W88/><G42/><T52/><D104/><U69/><E69/><V118/><F118/><W103/><REACH who="3" step="1"/><G37/><REACH who="3" ten="250,250,250,240" step="2"/><T95/><D67/><U102/><E134/><V68/><F79/><W84/><G84/><T56/><D131/><U5/><E108/><N who="0" m="41545" /><D58/><U0/><E44/><V110/><F64/><W63/><G63/><AGARI ba="0,1" hai="52,56,59,60,63,65,80,83,90,95,96" m="41545" machi="63" ten="30,5800,0" yaku="14,1,10,1,54,1" doraHai="17" who="0" fromWho="3" sc="250,68,250,0,250,0,240,-58" /><INIT seed="0,1,0,1,5,3" ten="318,250,250,182" oya="0" hai0="41,63,33,34,72,23,120,119,53,114,37,69,113" hai1="61,19,94,129,127,36,107,83,99,56,75,5,70" hai2="101,91,67,65,2,29,103,43,105,68,82,46,93" hai3="60,38,86,108,25,15,92,18,115,48,76,87,128"/><T35/><D119/><U88/><E127/><V125/><F2/><W118/><G38/><T79/><D120/><U54/><E36/><V57/><F68/><W21/><G115/><T47/><D79/><U126/><E126/><V17/><F125/><W49/><G118/><T14/><D72/><U39/><E39/><V55/><F29/><W134/><G108/><T74/><D74/><U22/><E129/><V66/><F105/><W64/><G128/><T77/><D77/><N who="1" m="44479" /><E70/><V40/><F82/><W95/><G134/><T30/><D30/><U89/><E89/><V124/><F124/><W85/><G76/><T122/><D122/><U52/><E54/><V42/><F46/><W78/><G78/><T97/><D97/><U132/><E107/><V112/><F17/><W27/><G95/><T44/><D44/><U111/><E111/><V96/><REACH who="2" step="1"/><F112/><REACH who="2" ten="318,250,240,182" step="2"/><W10/><G92/><T123/><D47/><U58/><E58/><V110/><F110/><W9/><G27/><T7/><D69/><U1/><E1/><V26/><F26/><W50/><REACH who="3" step="1"/><G25/><REACH who="3" ten="318,250,240,172" step="2"/><T8/><D114/><U121/><E132/><V80/><F80/><W98/><G98/><T62/><D113/><U104/><E99/><V24/><F24/><W6/><G6/><T20/><D7/><U133/><E5/><V59/><F59/><AGARI ba="1,2" hai="9,10,15,18,21,48,49,50,59,60,64,85,86,87" machi="59" ten="40,2600,0" yaku="1,1,8,1,53,0" doraHai="3" doraHaiUra="90" who="3" fromWho="2" sc="318,0,250,0,240,-29,172,49" /><INIT seed="1,0,0,1,1,74" ten="318,250,211,221" oya="1" hai0="26,9,29,77,55,28,61,80,116,105,47,91,7" hai1="133,65,85,104,83,15,58,1,122,13,110,123,23" hai2="39,95,125,90,49,118,134,60,112,93,12,97,27" hai3="120,86,2,46,45,68,78,73,67,88,20,21,31"/><U17/><E104/><V87/><F118/><W117/><G120/><T14/><D91/><U71/><E71/><V4/><F134/><W38/><G2/><T107/><D28/><U130/><E1/><V101/><F125/><W0/><G0/><T100/><D100/><U82/><E133/><V126/><F126/><W53/><G117/><T43/><D55/><U102/><E130/><V79/><F39/><W113/><G113/><T16/><D61/><U131/><E131/><V40/><F112/><W114/><G114/><T41/><D41/><U19/><E102/><V115/><F115/><W25/><G73/><T66/><D66/><U42/><E110/><V127/><F127/><W63/><G78/><T96/><D96/><U109/><E42/><V70/><F70/><W36/><G20/><T6/><D6/><U3/><E3/><V18/><F79/><W132/><G132/><T37/><D7/><U30/><E109/><V72/><F72/><W62/><G45/><T94/><D94/><U75/><E82/><V44/><F4/><W103/><G103/><T106/><D106/><U124/><E75/><V57/><F27/><W34/><G34/><T8/><D8/><N who="1" m="6311" /><E124/><V35/><F35/><W98/><G98/><T24/><D116/><U52/><E65/><N who="2" m="39055" /><F12/><W84/><G84/><N who="0" m="48143" /><D26/><N who="1" m="16735" /><E122/><V76/><F76/><W129/><G129/><T119/><D119/><U64/><E64/><V89/><F101/><W32/><G32/><N who="0" m="20519" /><D107/><U81/><E123/><V128/><F128/><W11/><G36/><N who="0" m="21991" /><D105/><U121/><E85/><V92/><F92/><W56/><G38/><T111/><D37/><RYUUKYOKU ba="0,0" sc="318,15,250,-15,211,15,221,-15" hai0="9,14,16,111" hai2="18,40,44,49,87,89,90,93,95,97" /><INIT seed="2,1,0,5,1,79" ten="333,235,226,206" oya="2" hai0="13,104,31,93,22,76,9,72,57,0,110,28,1" hai1="19,97,35,133,43,24,78,67,95,40,4,107,16" hai2="25,121,89,37,127,39,74,54,83,71,113,63,42" hai3="106,111,103,11,68,96,130,50,34,100,92,117,15"/><V58/><F113/><W126/><G117/><T47/><D104/><U60/><E133/><V8/><F121/><W91/><G34/><T114/><D57/><U64/><E64/><V108/><F127/><W38/><G38/><T21/><D93/><U7/><E78/><V2/><F108/><W120/><G120/><T129/><D47/><U99/><E107/><V61/><F71/><W118/><G118/><T70/><D70/><U55/><E35/><V109/><F109/><W29/><G111/><T30/><D72/><U102/><E97/><V87/><F74/><W119/><G119/><T10/><D76/><U59/><E67/><V27/><F63/><W128/><G68/><T86/><D86/><U80/><E80/><V23/><F42/><N who="1" m="15913" /><E24/><V115/><F115/><W18/><G126/><T122/><D129/><U53/><E55/><V125/><F27/><W124/><G124/><T69/><D69/><U135/><E135/><V116/><F125/><W52/><G29/><T36/><D36/><U6/><AGARI ba="1,0" hai="4,6,7,16,19,53,59,60,95,99,102" m="15913" machi="6" ten="30,2000,0" yaku="8,1,54,1" doraHai="79" who="1" fromWho="1" sc="333,-6,235,23,226,-11,206,-6" /><INIT seed="3,0,0,0,1,12" ten="327,258,215,200" oya="3" hai0="111,129,114,112,41,17,95,131,23,104,14,58,8" hai1="53,125,45,0,123,59,96,86,133,39,103,52,93" hai2="15,30,132,84,107,6,97,11,28,2,130,87,22" hai3="26,40,105,82,73,71,3,4,102,20,56,88,29"/><W113/><G71/><T101/><D104/><U19/><E0/><V75/><F75/><W134/><G113/><N who="0" m="43627" /><D41/><U115/><E123/><V109/><F109/><W94/><G134/><T85/><D58/><U122/><E122/><V76/><F132/><W35/><G40/><T46/><D46/><U44/><E125/><V127/><F127/><W77/><G56/><T9/><D111/><U61/><E133/><V31/><F130/><W70/><G70/><T38/><D38/><U89/><E39/><V54/><F54/><W124/><G124/><T135/><D135/><U98/><E53/><V34/><F34/><W92/><G35/><T91/><D101/><U78/><E115/><V99/><F2/><W119/><G119/><T121/><D121/><U90/><E78/><V118/><F118/><W32/><G32/><T18/><D8/><U83/><REACH who="1" step="1"/><E19/><REACH who="1" ten="327,248,215,200" step="2"/><V10/><F76/><W79/><G79/><T65/><D65/><U55/><E55/><V69/><F69/><W110/><G110/><T25/><AGARI ba="0,1" hai="9,14,17,18,23,25,85,91,95,129,131" m="43627" machi="25" ten="30,4000,0" yaku="11,1,52,2" doraHai="12" who="0" fromWho="0" sc="327,50,248,-10,215,-10,200,-20" owari="377,47.7,238,3.8,205,-19.5,180,-32.0" /></mjloggm>