<mjloggm ver="2.3"><GO type="225" lobby="0"/><UN n0="%E7%AB%8B%E8%8A%B1%E9%9F%BF" n1="%73%73%6B%5F%66%72%65%65" n2="%E3%81%8B%E3%82%8F%E3%81%A1%E3%82%83%E3%82%93%35%38" n3="%E6%81%A5%E6%99%92%E3%81%97" dan="17,16,16,16" rate="2156.18,2212.00,2138.75,2140.89" sx="F,M,M,M"/><TAIKYOKU oya="0"/><INIT seed="0,0,0,3,4,6" ten="250,250,250,250" oya="0" hai0="76,1,72,11,70,61,83,50,31,52,127,7,121" hai1="51,71,35,117,23,43,45,20,103,123,77,27,86" hai2="113,55,47,13,34,32,44,12,14,49,66,53,17" hai3="85,97,21,99,64,132,82,107,10,109,68,115,73"/><T56/><D127/><U93/><E117/><V39/><F113/><W126/><G115/><T69/><D121/><U33/><E123/><V22/><F66/><W30/><G126/><T67/><REACH who="0" step="1"/><D31/><REACH who="0" ten="240,250,250,250" step="2"/><U40/><E71/><AGARI ba="0,1" hai="1,7,11,50,52,56,61,67,69,70,71,72,76,83" machi="71" ten="30,18000,2" yaku="1,1,2,1,7,1,52,1,54,1,53,1" doraHai="6" doraHaiUra="48" who="0" fromWho="1" sc="240,190,250,-180,250,0,250,0" /><INIT seed="0,1,0,3,4,20" ten="430,70,250,250" oya="0" hai0="32,86,24,54,83,95,127,13,108,56,81,110,48" hai1="104,1,39,89,35,31,85,118,94,29,64,91,0" hai2="77,92,105,4,97,67,15,96,74,33,88,2,76" hai3="3,22,7,115,114,79,111,72,42,52,119,134,30"/><T49/><D127/><U47/><E118/><V68/><F68/><W66/><G119/><T78/><D13/><U55/><E104/><V102/><F2/><W63/><G111/><N who="0" m="42539" /><D83/><U65/><E35/><V121/><F67/><W6/><G134/><T19/><D95/><U98/><E39/><V112/><F33/><W43/><G79/><N who="2" m="30281" /><F15/><W40/><G72/><T60/><D19/><U26/><E55/><V126/><F4/><W38/><G38/><T41/><D41/><U45/><E94/><N who="2" m="56391" /><F121/><W116/><G116/><T57/><D56/><U69/><E98/><N who="2" m="61655" /><F112/><W34/><G114/><T120/><D120/><U131/><E69/><V80/><F126/><W17/><G3/><T14/><D14/><U23/><E23/><V12/><F12/><W84/><G115/><T93/><D93/><U132/><E65/><V10/><F10/><W73/><G66/><T129/><D129/><U44/><E64/><V62/><F80/><W18/><G22/><T5/><D5/><U113/><E0/><V130/><F130/><W11/><G7/><T128/><D128/><U58/><E1/><V124/><F124/><W8/><G6/><T135/><D32/><U28/><E131/><V90/><F62/><W87/><G34/><T51/><D135/><U133/><E132/><V53/><F53/><W25/><G52/><N who="0" m="33831" /><D24/><U109/><E26/><V107/><F107/><W70/><G25/><T16/><D16/><U59/><E133/><V117/><F117/><W101/><G17/><T9/><D54/><U50/><E113/><V82/><F82/><W122/><G18/><T125/><D125/><RYUUKYOKU ba="1,0" sc="430,15,70,-15,250,15,250,-15" hai0="9,48,49,51,78,81,86" hai2="74,90,92,97" /><INIT seed="0,2,0,4,5,83" ten="445,55,265,235" oya="0" hai0="127,104,116,31,133,3,41,75,60,119,98,40,89" hai1="52,11,22,44,14,57,132,63,12,38,16,17,88" hai2="8,95,49,118,53,96,123,27,24,26,65,71,9" hai3="33,102,91,105,77,62,74,130,101,56,79,103,29"/><T97/><D3/><U86/><E132/><V126/><F123/><W21/><G130/><T50/><D133/><U58/><E38/><V23/><F126/><W87/><G33/><T81/><D31/><U120/><E120/><V94/><F118/><W107/><G107/><T112/><D60/><U5/><E58/><N who="2" m="33071" /><F71/><W99/><G79/><T54/><D127/><U13/><E44/><V51/><F65/><W76/><G76/><T121/><D112/><U73/><E73/><V20/><F51/><W34/><G34/><T110/><D121/><U55/><E55/><V90/><F95/><W0/><G0/><T59/><D110/><U69/><E69/><V35/><F35/><W18/><G29/><T10/><D119/><U93/><REACH who="1" step="1"/><E17/><REACH who="1" ten="445,45,265,235" step="2"/><N who="2" m="12303" /><F27/><AGARI ba="2,1" hai="5,11,12,13,14,16,22,27,52,57,63,86,88,93" machi="27" ten="30,12000,2" yaku="1,1,7,1,8,1,52,1,54,3,53,0" doraHai="83" doraHaiUra="42" who="1" fromWho="2" sc="445,0,45,136,265,-126,235,0" /><INIT seed="1,0,0,4,1,120" ten="445,181,139,235" oya="1" hai0="106,4,76,95,25,66,86,55,102,9,100,73,27" hai1="118,123,96,99,10,17,111,103,127,133,52,110,43" hai2="19,44,50,2,8,109,97,37,56,40,47,54,51" hai3="112,42,48,90,21,88,107,108,7,121,53,105,87"/><U59/><E118/><V28/><F28/><W60/><G112/><T30/><D66/><U3/><E123/><V16/><F109/><N who="1" m="41481" /><E133/><V64/><F64/><W129/><G121/><T128/><D73/><U84/><E127/><V32/><F32/><W72/><G72/><T36/><D36/><U68/><E68/><V45/><F56/><W114/><G114/><T20/><D106/><N who="1" m="63847" /><E43/><V94/><F8/><W23/><G129/><T113/><D128/><U22/><E84/><V67/><F2/><W35/><G87/><T93/><D86/><U122/><E122/><V29/><F29/><W79/><G42/><T115/><D102/><U83/><E83/><V18/><F67/><W6/><G108/><T117/><D100/><U65/><E99/><V78/><F78/><W135/><G135/><T33/><D76/><U98/><E98/><V81/><F81/><W11/><G105/><T116/><D115/><U75/><E75/><V31/><F31/><W49/><G107/><T134/><D134/><U34/><E34/><V89/><REACH who="2" step="1"/><F18/><REACH who="2" ten="445,181,129,235" step="2"/><W15/><G79/><T12/><D113/><U80/><E65/><V38/><F38/><W71/><G35/><T130/><D130/><U69/><E80/><V5/><F5/><W46/><G6/><T101/><D117/><U41/><E69/><V85/><F85/><W74/><G71/><T26/><D116/><U104/><E3/><V58/><F58/><N who="3" m="34895" /><G74/><T132/><D33/><U62/><E10/><V125/><F125/><W57/><G57/><T14/><D9/><U1/><E1/><V91/><F91/><N who="3" m="34859" /><G46/><T124/><D124/><RYUUKYOKU ba="0,1" sc="445,-15,181,-15,129,15,235,15" hai2="16,19,37,40,44,45,47,50,51,54,89,94,97" hai3="7,11,15,21,23,48,49" /><INIT seed="2,1,1,5,0,81" ten="430,166,144,250" oya="2" hai0="92,95,130,37,117,60,115,93,44,83,123,114,66" hai1="11,132,32,41,4,100,1,82,10,65,108,131,73" hai2="20,5,51,119,7,35,70,90,97,55,67,121,75" hai3="103,34,89,30,59,105,69,52,39,43,106,57,25"/><V134/><F119/><W112/><G112/><T50/><D123/><U94/><E108/><V24/><F121/><W40/><G69/><T33/><D33/><U38/><E131/><V78/><F35/><W29/><G39/><T101/><D37/><U54/><E65/><V14/><F75/><W88/><G34/><T47/><D130/><U53/><E11/><V104/><F78/><W113/><G52/><T91/><D117/><U107/><E107/><V122/><F122/><W2/><G103/><T18/><D18/><U3/><E132/><V98/><F134/><W80/><G80/><T86/><D101/><U125/><E1/><V58/><F70/><W62/><G62/><T15/><D15/><U56/><E56/><N who="2" m="32895" /><F104/><W36/><G36/><T79/><D79/><N who="1" m="44399" /><E32/><V128/><F128/><W9/><G9/><T16/><D16/><U48/><E48/><V22/><F22/><W116/><G116/><T109/><D109/><U124/><E53/><V99/><F90/><W111/><G111/><T46/><REACH who="0" step="1"/><D50/><REACH who="0" ten="420,166,144,250" step="2"/><U63/><E38/><V19/><F14/><W0/><G113/><T28/><D28/><U118/><E118/><V85/><F5/><W17/><G17/><T74/><D74/><U45/><E4/><V61/><F7/><W68/><G25/><T129/><D129/><U72/><E72/><V21/><F21/><W126/><G29/><T135/><D135/><U27/><E27/><V42/><F42/><W77/><G30/><T133/><D133/><U13/><E41/><V120/><F120/><W23/><G40/><T71/><AGARI ba="1,2" hai="44,46,47,60,66,71,83,86,91,92,93,95,114,115" machi="71" ten="30,7900,0" yaku="1,1,0,1,52,1,53,1" doraHai="81" doraHaiUra="76" who="0" fromWho="0" sc="420,102,166,-21,144,-40,250,-21" /><INIT seed="3,0,0,3,1,68" ten="522,145,104,229" oya="3" hai0="83,63,98,25,71,55,120,8,64,121,36,65,61" hai1="48,28,39,72,96,75,31,9,58,3,53,47,89" hai2="100,78,95,43,30,88,37,13,106,17,118,4,33" hai3="32,57,49,27,110,74,67,0,29,52,87,85,66"/><W18/><G74/><T80/><D36/><U19/><E75/><V134/><F118/><W69/><G0/><T20/><D55/><N who="1" m="30111" /><E72/><V76/><F134/><W103/><G67/><T92/><D8/><U81/><E39/><V6/><F106/><W26/><G110/><T126/><D126/><U133/><E3/><V132/><F100/><W59/><G59/><T2/><D2/><U77/><E77/><V38/><F132/><W16/><G103/><T44/><D44/><U41/><E41/><V108/><F108/><W107/><G107/><T7/><D7/><U79/><E79/><V62/><F62/><W115/><G115/><T119/><D119/><U35/><E35/><V73/><F33/><W127/><G127/><T102/><D83/><U109/><E109/><V15/><F73/><W34/><G66/><T90/><D80/><U45/><E45/><V105/><F105/><W24/><G69/><T116/><D90/><U1/><E1/><V84/><F30/><W70/><G70/><T82/><D82/><U125/><E125/><V22/><F4/><W128/><G128/><T5/><D5/><U40/><E31/><V46/><REACH who="2" step="1"/><F38/><REACH who="2" ten="522,145,94,229" step="2"/><W114/><G29/><N who="0" m="17575" /><D116/><U94/><E28/><V14/><F14/><W91/><G34/><T56/><AGARI ba="0,1" hai="56,61,63,64,65,71,92,98,102,120,121" m="17575" machi="56" ten="30,1100,0" yaku="25,1" doraHai="68" who="0" fromWho="0" sc="522,21,145,-3,94,-3,229,-5" owari="543,64.3,142,-25.8,91,-40.9,224,2.4" /></mjloggm>