<mjloggm ver="2.3"><GO type="225" lobby="0"/><UN n0="%E5%8F%AF%E5%85%90%E9%82%A3%E7%94%B1%E5%A4%9A" n1="%72%69%6F%75%63%68%61%6E" n2="%6D%75%75%6D%75%72%61" n3="%E6%9D%BE%E6%9C%AC%E5%81%A5%E7%94%B7" dan="16,17,17,16" rate="2190.95,2243.11,2197.34,2168.63" sx="F,M,F,M"/><TAIKYOKU oya="0"/><INIT seed="0,0,0,5,0,81" ten="250,250,250,250" oya="0" hai0="69,14,70,47,27,124,68,54,91,109,71,130,89" hai1="0,125,65,11,93,16,104,52,98,135,79,23,10" hai2="29,78,90,60,134,45,88,114,95,34,41,6,107" hai3="105,129,40,128,30,133,123,92,50,127,4,8,37"/><T59/><D124/><U77/><E125/><V25/><F107/><W18/><G127/><T96/><D130/><U56/><E135/><V64/><F134/><W99/><G133/><T3/><D3/><U62/><E104/><V33/><F114/><W20/><G105/><T75/><D75/><U103/><E65/><V22/><F78/><N who="1" m="29705" /><E0/><V12/><F6/><W13/><G30/><T85/><D109/><U28/><E28/><V122/><F12/><AGARI ba="0,0" hai="10,11,12,16,23,52,56,62,93,98,103" m="29705" machi="12" ten="30,3900,0" yaku="8,1,54,2" doraHai="81" who="1" fromWho="2" sc="250,0,250,39,250,-39,250,0" /><INIT seed="1,0,0,0,3,20" ten="250,289,211,250" oya="1" hai0="46,57,31,12,110,82,72,37,41,120,9,38,53" hai1="126,35,54,75,30,117,125,5,19,15,14,42,132" hai2="73,106,124,33,128,28,22,87,11,67,2,113,71" hai3="112,121,74,92,135,134,78,1,107,88,52,85,24"/><U79/><E117/><V62/><F73/><W8/><G121/><T44/><D120/><U115/><E115/><V70/><F113/><W127/><G127/><N who="1" m="48650" /><E42/><V25/><F124/><W98/><G112/><T39/><D110/><U118/><E118/><V111/><F111/><W68/><G68/><T84/><D72/><U130/><E75/><V50/><F128/><W105/><G74/><T81/><D31/><U133/><E79/><V21/><F106/><W95/><G24/><T77/><D82/><U102/><E102/><V6/><F71/><W114/><G114/><T26/><D26/><N who="1" m="18903" /><E54/><V104/><F104/><W93/><G107/><T119/><D119/><U76/><E76/><V83/><REACH who="2" step="1"/><F50/><REACH who="2" ten="250,289,201,250" step="2"/><W129/><G129/><T61/><REACH who="0" step="1"/><D41/><REACH who="0" ten="240,289,201,250" step="2"/><U99/><E130/><V96/><F96/><W101/><G98/><T13/><D13/><U4/><E99/><V43/><F43/><W97/><G97/><T80/><D80/><U109/><E109/><V16/><F16/><AGARI ba="0,2" hai="9,12,16,37,38,39,44,46,53,57,61,77,81,84" machi="16" ten="40,5200,0" yaku="1,1,54,1,53,1" doraHai="20" doraHaiUra="58" who="0" fromWho="2" sc="240,72,289,0,201,-52,250,0" /><INIT seed="2,0,0,2,5,44" ten="312,289,149,250" oya="2" hai0="32,62,55,108,25,109,76,105,68,48,14,100,60" hai1="47,12,131,117,102,17,52,106,61,53,119,113,36" hai2="10,1,77,30,112,121,59,79,96,40,5,56,78" hai3="92,91,132,3,18,38,128,22,67,37,72,34,99"/><V129/><F112/><W29/><G132/><T81/><D14/><U116/><E113/><V85/><F121/><W86/><G128/><T126/><D126/><U98/><E131/><V11/><F129/><W0/><G72/><T75/><D100/><U13/><E13/><V125/><F125/><W54/><G67/><T104/><D25/><U123/><E123/><V2/><F30/><W63/><G34/><T97/><D32/><U130/><E130/><V82/><F96/><W51/><G63/><N who="0" m="24107" /><D97/><U58/><E36/><V41/><F1/><W39/><G29/><T90/><D90/><U80/><E80/><V20/><F10/><W70/><G70/><T127/><D68/><U64/><REACH who="1" step="1"/><E47/><REACH who="1" ten="312,279,149,250" step="2"/><V95/><F20/><AGARI ba="0,1" hai="12,17,20,52,53,58,61,64,98,102,106,116,117,119" machi="20" ten="40,5200,0" yaku="1,1,2,1,54,1,53,0" doraHai="44" doraHaiUra="42" who="1" fromWho="2" sc="312,0,279,62,149,-52,250,0" /><INIT seed="3,0,0,2,4,124" ten="312,341,97,250" oya="3" hai0="9,77,82,108,114,87,53,61,42,55,99,64,117" hai1="103,20,118,122,109,31,113,89,70,69,105,12,3" hai2="81,133,14,5,125,119,71,0,30,80,85,90,24" hai3="27,17,10,97,116,58,62,88,33,2,68,36,123"/><W92/><G116/><T13/><D117/><U96/><E113/><V6/><F119/><W41/><G123/><T47/><D108/><U126/><E122/><V43/><F71/><W86/><G68/><T32/><D32/><U26/><E118/><V66/><F125/><W107/><G36/><T29/><D114/><U49/><E3/><V127/><F127/><W130/><G41/><T25/><D99/><U7/><E126/><V84/><F0/><W38/><G38/><T74/><D74/><U28/><E109/><V115/><F115/><W78/><G130/><T65/><D25/><U52/><E28/><V98/><F133/><W4/><G78/><T72/><D29/><U11/><E89/><V94/><F43/><W129/><G129/><T79/><D72/><U34/><E34/><V48/><F48/><W51/><G51/><N who="0" m="27127" /><D79/><U19/><E31/><V46/><F46/><AGARI ba="0,0" hai="7,11,12,19,20,26,46,49,52,69,70,96,103,105" machi="46" ten="30,2000,0" yaku="7,1,54,1" doraHai="124" who="1" fromWho="2" sc="312,0,341,20,97,-20,250,0" owari="312,11.2,361,46.1,77,-42.3,250,-15.0" /></mjloggm>