<mjloggm ver="2.3"><GO type="225" lobby="0"/><UN n0="%E7%99%BD%E5%92%B2%E8%8A%B1%E3%81%A1%E3%82%83%E3%82%93" n1="%E3%82%A2%E3%83%A1%E3%82%A2%E3%83%A9%E3%83%AC" n2="%E3%81%BF%E3%81%BF%E3%81%9A" n3="%E9%AC%BC%E7%95%9C%E7%B1%B3%E5%85%B5" dan="16,16,18,16" rate="2136.29,2060.57,2265.93,2114.19" sx="F,M,M,M"/><TAIKYOKU oya="0"/><BYE who="0" /><INIT seed="0,0,0,1,0,115" ten="250,250,250,250" oya="0" hai0="44,2,38,121,112,70,63,22,31,8,9,94,59" hai1="18,34,130,39,13,61,81,68,57,109,14,1,26" hai2="53,3,17,32,58,118,43,77,123,124,129,96,71" hai3="64,126,10,83,113,45,75,11,42,47,120,111,98"/><T105/><D105/><U117/><E109/><UN n0="%E7%99%BD%E5%92%B2%E8%8A%B1%E3%81%A1%E3%82%83%E3%82%93" /><V85/><F123/><W127/><G120/><T41/><D121/><U74/><E39/><V100/><F71/><W93/><G113/><T62/><D112/><U88/><E1/><V0/><F32/><W101/><G111/><T4/><D9/><U24/><E68/><V5/><F43/><W79/><G64/><T54/><D94/><U72/><E130/><V106/><F129/><W46/><REACH who="3" step="1"/><G42/><REACH who="3" ten="250,250,250,240" step="2"/><T15/><D70/><U73/><E73/><V37/><F124/><AGARI ba="0,1" hai="10,11,45,46,47,75,79,83,93,98,101,124,126,127" machi="124" ten="40,5200,0" yaku="1,1,2,1,18,1,53,0" doraHai="115" doraHaiUra="21" who="3" fromWho="2" sc="250,0,250,0,250,-52,240,62" /><INIT seed="1,0,0,5,0,32" ten="250,250,198,302" oya="1" hai0="66,105,1,28,69,24,76,96,97,40,30,48,5" hai1="107,117,83,128,63,20,94,8,60,98,31,129,91" hai2="43,101,122,0,52,125,38,111,102,120,3,95,46" hai3="89,86,68,21,35,29,116,64,19,2,114,74,65"/><U80/><BYE who="2" /><E117/><V58/><F58/><W104/><G74/><T132/><D132/><U6/><E107/><V54/><F54/><W14/><G104/><UN n2="%E3%81%BF%E3%81%BF%E3%81%9A" /><T50/><D76/><U87/><E31/><V25/><F111/><W7/><G114/><T118/><D30/><U92/><E20/><V93/><F125/><W84/><G68/><T22/><D40/><U115/><E115/><V135/><F135/><W126/><G84/><T78/><D78/><U17/><E17/><V67/><F67/><W124/><G116/><T61/><D118/><U4/><E4/><V134/><F134/><W109/><G109/><T100/><REACH who="0" step="1"/><D97/><REACH who="0" ten="240,250,198,302" step="2"/><U27/><E98/><V13/><F122/><W90/><G29/><T123/><D123/><U133/><E133/><V44/><F120/><W106/><G124/><T42/><D42/><U85/><E128/><V57/><F44/><W34/><G126/><T70/><D70/><U18/><E129/><V73/><F73/><W37/><G34/><T121/><D121/><U45/><E45/><V103/><F25/><W62/><G35/><T130/><D130/><U36/><E27/><V75/><F75/><W10/><G90/><T99/><D99/><U51/><E91/><V53/><F13/><W16/><G89/><T59/><D59/><U26/><E26/><V108/><F108/><W56/><G56/><T41/><D41/><U71/><E71/><V77/><F77/><W88/><G88/><T113/><D113/><U112/><E112/><V47/><F47/><W11/><G14/><T39/><D39/><U23/><E36/><V127/><F38/><RYUUKYOKU ba="0,1" sc="240,30,250,-10,198,-10,302,-10" hai0="1,5,22,24,28,48,50,61,66,69,96,100,105" /><INIT seed="2,1,1,2,5,38" ten="270,240,188,292" oya="2" hai0="4,76,107,108,29,86,17,131,2,63,81,95,52" hai1="64,6,54,61,34,30,21,25,31,53,110,50,132" hai2="62,74,104,35,1,5,113,32,20,59,78,100,129" hai3="9,90,99,130,121,8,118,71,33,126,56,66,41"/><V101/><F113/><W12/><G33/><T57/><D107/><U122/><E110/><V75/><F20/><W98/><G71/><T117/><D108/><U123/><E132/><V24/><F59/><W89/><G121/><N who="1" m="46090" /><E6/><V7/><F62/><W70/><G70/><T97/><D131/><U60/><E64/><V0/><F78/><W115/><G66/><T18/><D29/><U119/><E119/><V125/><F24/><W94/><G56/><T69/><D117/><U106/><E106/><V26/><F26/><W3/><G3/><T37/><D37/><U96/><E31/><V88/><F104/><W65/><G65/><T68/><D68/><U109/><E34/><V19/><F19/><W111/><G115/><T80/><D69/><U124/><E109/><V46/><F46/><W92/><G111/><T112/><D112/><U40/><E96/><V134/><F134/><W49/><G99/><T16/><D81/><U36/><E36/><V13/><F13/><W58/><G98/><T72/><D72/><U120/><E120/><V79/><F79/><W73/><G12/><T28/><D28/><U133/><E133/><V102/><F102/><W83/><G118/><T103/><D2/><U48/><E25/><V116/><F116/><W105/><G105/><T67/><D67/><U55/><E30/><V128/><F125/><W10/><G126/><T91/><D4/><U84/><E124/><V14/><F14/><W87/><G130/><T45/><D103/><U39/><E39/><V22/><F22/><W51/><G9/><T44/><AGARI ba="1,1" hai="16,17,18,44,45,52,57,63,76,80,86,91,95,97" machi="44" ten="30,7900,0" yaku="0,1,8,1,54,2" doraHai="38" who="0" fromWho="0" sc="270,92,240,-21,188,-40,292,-21" /><INIT seed="3,0,0,5,2,117" ten="362,219,148,271" oya="3" hai0="41,4,36,67,71,124,77,132,45,80,70,128,13" hai1="34,50,87,116,123,2,75,5,9,121,113,89,104" hai2="47,95,49,7,42,135,88,134,59,122,115,91,92" hai3="16,15,51,11,33,68,28,32,20,57,39,46,21"/><W106/><G68/><T83/><D124/><U96/><E113/><V30/><F115/><W130/><G106/><T101/><D128/><U53/><E75/><V37/><F7/><W109/><G130/><T0/><D132/><N who="2" m="50730" /><F30/><W94/><G39/><T78/><D13/><U62/><E34/><V22/><F22/><W98/><G33/><T126/><D67/><U35/><E35/><V56/><F37/><W103/><G57/><N who="2" m="22089" /><F92/><W125/><G32/><T72/><D101/><U65/><E116/><V82/><F91/><W10/><G28/><T108/><D126/><U119/><E119/><V100/><F82/><W97/><G125/><T129/><D129/><U118/><E118/><V114/><F100/><W107/><G21/><T93/><D93/><U18/><E18/><V8/><F114/><W81/><G81/><T19/><D83/><U54/><E96/><N who="2" m="57447" /><F8/><W60/><G11/><T133/><D133/><U105/><E105/><V84/><F84/><W79/><G10/><T27/><D4/><U85/><E104/><V52/><F42/><W25/><G107/><T69/><D41/><U64/><E89/><V40/><F40/><W127/><G127/><T1/><D80/><U48/><E9/><V24/><F24/><W63/><G25/><T90/><D27/><U14/><E5/><V74/><F74/><W58/><G20/><T112/><D72/><U43/><E43/><V31/><F31/><W17/><G103/><T102/><D102/><U86/><E86/><V66/><F66/><W44/><G94/><T29/><D36/><U131/><E131/><V12/><F12/><RYUUKYOKU ba="0,0" sc="362,-10,219,-10,148,30,271,-10" hai2="47,49,52,122" owari="352,45.2,209,-19.1,178,-32.2,261,6.1" /></mjloggm>