<mjloggm ver="2.3"><GO type="225" lobby="0"/><UN n0="%72%65%6E%6B%75%6E" n1="%E6%A9%9F%E7%8E%87%E4%B9%8B%E9%96%80%E7%9A%84%E4%BF%A1%E5%BE%92" n2="%73%75%7A%75%6D%65%33" n3="%E6%A1%9C%E8%8A%B1%E9%96%83%E3%80%85" dan="17,16,18,17" rate="2288.08,2153.91,2204.13,2124.70" sx="M,M,M,M"/><TAIKYOKU oya="0"/><INIT seed="0,0,0,0,2,1" ten="250,250,250,250" oya="0" hai0="104,13,90,98,68,21,73,82,58,9,117,128,43" hai1="115,46,44,7,74,127,51,100,55,106,12,123,84" hai2="59,103,31,91,83,65,129,17,81,134,10,8,45" hai3="35,92,80,42,119,33,39,122,22,57,29,121,0"/><T16/><D117/><U28/><E74/><V71/><F71/><W78/><G119/><T37/><D68/><U111/><E123/><V79/><F134/><W47/><G57/><T60/><D128/><U41/><E111/><V95/><F129/><W34/><G92/><N who="0" m="56599" /><D104/><U61/><E28/><V94/><F31/><W24/><REACH who="3" step="1"/><G0/><REACH who="3" ten="250,250,250,240" step="2"/><T131/><D131/><U89/><E106/><V118/><F94/><W38/><G38/><T133/><D37/><U116/><E116/><V48/><F59/><W14/><G14/><N who="0" m="9367" /><D133/><U87/><E12/><V52/><F95/><W54/><G54/><N who="0" m="33879" /><D73/><AGARI ba="0,1" hai="22,24,29,33,34,35,39,42,47,73,78,80,121,122" machi="73" ten="40,1300,0" yaku="1,1,53,0" doraHai="1" doraHaiUra="132" who="3" fromWho="0" sc="250,-13,250,0,250,0,240,23" /><INIT seed="1,0,0,4,5,98" ten="237,250,250,263" oya="1" hai0="30,34,40,23,44,82,111,29,67,99,94,84,86" hai1="20,118,12,132,50,64,55,122,128,134,76,38,47" hai2="31,35,95,125,58,120,93,102,15,2,104,21,96" hai3="49,24,97,77,114,6,90,124,112,91,22,59,42"/><U83/><E118/><V72/><F120/><W123/><G123/><T45/><D34/><U3/><E122/><V87/><F125/><W80/><G124/><T10/><D111/><U100/><E3/><V60/><F72/><W119/><G6/><T107/><D107/><U41/><E64/><V9/><F2/><W88/><G119/><T130/><D130/><U110/><E128/><V54/><F35/><W131/><G131/><T39/><D67/><U81/><E110/><V116/><F116/><W135/><G135/><N who="1" m="51754" /><E76/><V26/><REACH who="2" step="1"/><F87/><REACH who="2" ten="237,250,240,263" step="2"/><W74/><G114/><T121/><D84/><U106/><E106/><V56/><F56/><W7/><G59/><T8/><D121/><U27/><E12/><V79/><F79/><W53/><G77/><T1/><D86/><U37/><E100/><V36/><F36/><N who="1" m="13929" /><E41/><V65/><F65/><W17/><G42/><T14/><D40/><U109/><E109/><V61/><F61/><W103/><G112/><T75/><D39/><U13/><E13/><V70/><F70/><W0/><G103/><N who="0" m="60919" /><D1/><U78/><E78/><V28/><F28/><AGARI ba="0,1" hai="20,27,28,47,50,55,81,83" m="13929,51754" machi="28" ten="30,1500,0" yaku="20,1" doraHai="98" who="1" fromWho="2" sc="237,0,250,25,240,-15,263,0" /><INIT seed="1,1,0,5,2,30" ten="237,275,225,263" oya="1" hai0="89,71,104,10,3,113,28,126,123,108,64,78,116" hai1="43,11,63,105,97,48,21,22,31,87,118,130,69" hai2="65,96,135,132,41,66,61,67,101,84,93,56,76" hai3="17,73,72,88,55,27,90,14,129,8,6,50,121"/><U134/><E118/><V18/><F41/><W16/><G121/><T12/><D89/><N who="3" m="34409" /><G73/><T106/><D12/><U95/><E105/><V35/><F18/><N who="3" m="7275" /><G72/><T68/><D78/><U19/><E87/><V2/><F2/><W42/><G129/><T94/><D64/><U81/><E81/><V99/><F99/><W58/><G42/><T20/><D94/><U103/><E134/><N who="2" m="51243" /><F35/><W45/><G27/><T122/><D116/><U86/><E86/><V38/><F38/><W107/><G107/><T98/><D98/><U127/><E43/><V117/><F117/><W39/><G39/><T26/><D106/><U80/><E97/><V1/><F1/><W131/><G131/><T0/><D0/><U24/><E24/><V109/><F109/><W114/><G114/><T29/><D104/><U53/><E130/><V33/><F33/><W125/><G125/><T79/><D108/><U51/><E127/><V57/><F76/><W85/><G85/><T46/><D79/><U5/><E80/><V102/><F84/><W112/><G112/><T77/><D113/><U23/><E95/><V119/><F119/><W52/><G55/><T25/><D77/><U54/><E53/><N who="2" m="33935" /><F102/><W49/><G49/><T40/><D126/><U91/><E48/><V83/><F83/><W36/><G36/><N who="0" m="21767" /><D123/><U37/><E37/><V15/><F15/><W34/><G34/><N who="0" m="20751" /><D122/><U60/><E103/><V115/><F115/><W9/><G8/><T59/><D10/><U82/><E91/><V92/><F92/><W120/><G120/><T13/><D3/><U7/><E82/><V70/><F70/><RYUUKYOKU ba="1,0" sc="237,-15,275,-15,225,15,263,15" hai2="57,65,66,67,93,96,101" hai3="6,9,14,45,50,52,58" /><INIT seed="2,2,0,4,3,57" ten="222,260,240,278" oya="2" hai0="79,29,71,5,61,83,101,72,119,66,34,128,95" hai1="51,92,82,68,127,93,135,54,116,6,122,107,60" hai2="97,81,8,50,31,100,52,109,73,123,12,14,9" hai3="18,114,13,124,48,126,76,87,74,130,40,44,55"/><V85/><F73/><W115/><G130/><T134/><D128/><U22/><E107/><V37/><F37/><W2/><G2/><T111/><D111/><U21/><E116/><V7/><F123/><W10/><G74/><T27/><D119/><U45/><E127/><N who="3" m="48682" /><G55/><T102/><D134/><U105/><E105/><V133/><F133/><W26/><G26/><T16/><D5/><U23/><E122/><V77/><F109/><W84/><G76/><T46/><D95/><U112/><E112/><AGARI ba="2,0" hai="10,13,18,40,44,48,84,87,112,114,115" m="48682" machi="112" ten="30,2000,0" yaku="11,1,18,1" doraHai="57" who="3" fromWho="1" sc="222,0,260,-26,240,0,278,26" /><INIT seed="3,0,0,0,5,67" ten="222,234,240,304" oya="3" hai0="32,90,11,116,134,7,72,34,13,80,23,64,19" hai1="49,8,38,60,88,73,105,69,44,29,132,16,12" hai2="106,58,99,35,87,89,120,78,97,86,108,45,131" hai3="75,104,107,133,117,83,0,114,95,113,68,2,14"/><W6/><G95/><T128/><D116/><U51/><E73/><V103/><F35/><W59/><G59/><T41/><D134/><U118/><E105/><N who="3" m="40522" /><G14/><T20/><D41/><U115/><E115/><V48/><F58/><W33/><G117/><T102/><D102/><U135/><E29/><V37/><F37/><W53/><G53/><T129/><D64/><N who="1" m="41095" /><E118/><V9/><F9/><N who="3" m="2247" /><G68/><T56/><D56/><U46/><E88/><V10/><F10/><W3/><G33/><N who="0" m="12907" /><D72/><U36/><E46/><V65/><F45/><W123/><G123/><T109/><D80/><U110/><E44/><V100/><F120/><W84/><G84/><T79/><D79/><U24/><E38/><V42/><F78/><N who="3" m="44511" /><G133/><T18/><D90/><U21/><E36/><V43/><F89/><W119/><G119/><T26/><D109/><U39/><E110/><V55/><F108/><W76/><G76/><T93/><D93/><U15/><E39/><V31/><F106/><W130/><G130/><T124/><D124/><U98/><E135/><V85/><F131/><N who="0" m="50250" /><D20/><N who="1" m="11271" /><E132/><V54/><F103/><W121/><G121/><T40/><D40/><N who="2" m="15402" /><F100/><W62/><G62/><T66/><D66/><U4/><E98/><N who="2" m="37387" /><F65/><W30/><G30/><AGARI ba="0,0" hai="7,11,13,18,19,23,26,30" m="50250,12907" machi="30" ten="30,3900,0" yaku="19,1,34,2" doraHai="67" who="0" fromWho="3" sc="222,39,234,0,240,0,304,-39" /><INIT seed="4,0,0,0,0,65" ten="261,234,240,265" oya="0" hai0="123,79,125,83,76,73,4,77,6,134,3,48,11" hai1="84,10,86,98,104,80,113,106,97,62,8,135,36" hai2="53,85,19,88,117,13,38,99,131,22,95,57,5" hai3="12,28,118,111,14,56,26,91,132,78,64,94,102"/><T96/><D123/><U110/><E110/><V107/><F38/><W32/><G118/><T116/><D116/><U87/><E36/><V100/><F117/><W105/><G132/><T70/><D70/><U101/><E135/><V112/><F112/><W2/><G2/><T29/><D134/><U129/><E113/><V33/><F33/><W37/><G37/><T60/><D125/><U103/><E129/><V55/><F131/><W23/><G78/><T58/><D29/><U16/><E80/><V20/><F5/><W93/><G105/><T114/><D114/><U74/><E74/><V54/><REACH who="2" step="1"/><F22/><REACH who="2" ten="261,234,230,265" step="2"/><W108/><G32/><T1/><D4/><U34/><E34/><V43/><F43/><W46/><G111/><T24/><D6/><U115/><E115/><V18/><F18/><W63/><G108/><T68/><D3/><U44/><E16/><V92/><F92/><W41/><G94/><T50/><D1/><U25/><E25/><V9/><F9/><W90/><G23/><T49/><D11/><U89/><E10/><V133/><F133/><W126/><G26/><T109/><D24/><U120/><E8/><V39/><F39/><N who="3" m="21823" /><G126/><T122/><D109/><U66/><E120/><V67/><F67/><W0/><G0/><T119/><D119/><U27/><E27/><V75/><F75/><W72/><G72/><T17/><D17/><U40/><E40/><V7/><F7/><W42/><G42/><T15/><D122/><U81/><REACH who="1" step="1"/><E44/><REACH who="1" ten="261,224,230,265" step="2"/><V61/><AGARI ba="0,2" hai="13,19,20,53,54,55,57,61,85,88,95,99,100,107" machi="61" ten="20,5200,0" yaku="1,1,0,1,7,1,54,1,53,0" doraHai="65" doraHaiUra="130" who="2" fromWho="2" sc="261,-26,224,-13,230,72,265,-13" owari="235,-16.5,211,-28.9,302,40.2,252,5.2" /></mjloggm>