<mjloggm ver="2.3"><GO type="225" lobby="0"/><UN n0="%E3%83%AD%E3%83%83%E3%83%86%E9%9B%80%E7%90%83" n1="%54%4F%52" n2="%EF%BC%AE%EF%BC%A1%EF%BC%AF%33%33%39" n3="%74%61%6B%75%61%6B%61" dan="16,17,17,16" rate="2155.65,2185.96,2152.13,2074.51" sx="M,M,M,M"/><TAIKYOKU oya="0"/><INIT seed="0,0,0,3,3,56" ten="250,250,250,250" oya="0" hai0="24,75,11,82,60,63,39,43,102,104,4,71,10" hai1="79,62,87,17,1,20,25,68,72,76,58,125,118" hai2="101,91,47,109,69,49,67,19,113,132,64,9,18" hai3="105,83,99,51,106,88,35,38,129,8,61,14,27"/><T81/><D71/><U0/><E118/><V40/><F113/><W134/><G38/><T37/><D104/><U100/><E125/><V128/><F101/><W15/><G129/><T77/><D102/><U94/><E68/><V6/><F128/><W121/><G134/><T36/><D43/><U66/><E72/><V78/><F78/><W107/><G121/><T48/><D48/><U110/><E110/><V45/><F109/><W7/><G51/><T5/><D24/><U28/><E17/><V133/><F47/><W44/><G44/><T33/><D33/><U29/><E29/><V116/><F91/><W70/><G14/><T30/><D30/><U86/><E86/><V115/><F115/><W126/><G126/><T22/><D22/><U95/><E95/><V92/><F92/><W85/><G35/><T42/><D42/><U57/><E57/><V127/><F127/><W3/><G27/><T122/><D122/><U53/><E53/><V26/><F116/><W41/><G41/><T123/><D123/><U84/><E84/><V108/><F108/><W93/><G3/><T21/><D21/><U124/><E124/><V74/><F74/><W89/><REACH who="3" step="1"/><G107/><REACH who="3" ten="250,250,250,240" step="2"/><T16/><D37/><U12/><E12/><N who="2" m="5175" /><F26/><W119/><G119/><T98/><D39/><U103/><E1/><V34/><F34/><W31/><G31/><T54/><D36/><U73/><E0/><V117/><F117/><W90/><G90/><T96/><D77/><N who="1" m="29771" /><E73/><V114/><F114/><W80/><G80/><T52/><D75/><U135/><E135/><V65/><F133/><W59/><G59/><RYUUKYOKU ba="0,1" sc="250,10,250,10,250,-30,240,10" hai0="4,5,10,11,16,52,54,60,63,81,82,96,98" hai1="20,25,28,58,62,66,87,94,100,103" hai3="7,8,15,61,70,83,85,88,89,93,99,105,106" /><INIT seed="0,1,1,4,2,39" ten="260,260,220,250" oya="0" hai0="3,72,98,68,59,112,28,101,34,117,55,9,123" hai1="102,74,33,82,95,103,67,100,43,24,116,135,79" hai2="64,73,132,41,60,7,126,111,54,5,115,6,69" hai3="85,13,15,19,120,109,88,83,96,105,99,45,22"/><T42/><D112/><U86/><E116/><V91/><F115/><W118/><G118/><T51/><D123/><U49/><E135/><V53/><F73/><W110/><G120/><T25/><D117/><U119/><E119/><V32/><F32/><W121/><G121/><T61/><D72/><U66/><E74/><V52/><F132/><W78/><G13/><T20/><D20/><U93/><E33/><V113/><F113/><W2/><G2/><T14/><D3/><U8/><E24/><V131/><F111/><N who="3" m="42507" /><G105/><T29/><D29/><U38/><E38/><V134/><F134/><W71/><G71/><T16/><D68/><U106/><E106/><V50/><F131/><W114/><G114/><T4/><D4/><U133/><E8/><V11/><F126/><W87/><G45/><T62/><REACH who="0" step="1"/><D42/><REACH who="0" ten="250,260,220,250" step="2"/><U125/><E133/><V21/><F21/><W48/><G48/><T57/><D57/><U46/><REACH who="1" step="1"/><E125/><REACH who="1" ten="250,250,220,250" step="2"/><V128/><F11/><W70/><G70/><T47/><D47/><U40/><E40/><V77/><F41/><W23/><G23/><T129/><D129/><U80/><E80/><AGARI ba="1,3" hai="15,19,22,78,80,83,85,87,88,96,99" m="42507" machi="80" ten="30,2000,0" yaku="14,1,54,1" doraHai="39" who="3" fromWho="1" sc="250,0,250,-23,220,0,250,53" /><INIT seed="1,0,0,2,0,91" ten="250,227,220,303" oya="1" hai0="21,97,25,103,114,84,101,133,75,14,16,132,23" hai1="98,77,51,83,56,4,76,32,33,123,66,61,6" hai2="113,68,22,62,57,44,99,2,90,17,13,116,53" hai3="100,35,78,67,79,29,92,0,85,38,30,72,129"/><U109/><E123/><V50/><F116/><W52/><G0/><T45/><D75/><U120/><E120/><V121/><F121/><W87/><G72/><T93/><D114/><U74/><E77/><N who="3" m="29194" /><G38/><T118/><D118/><U27/><E109/><V89/><F2/><W1/><G35/><T42/><D84/><N who="3" m="32329" /><G1/><T70/><D103/><U48/><E33/><V122/><F122/><W55/><G67/><T69/><D69/><U88/><E32/><V24/><F113/><W46/><G129/><T117/><D70/><U8/><E27/><V94/><F68/><W63/><G63/><T111/><D111/><U96/><E4/><V40/><F90/><W41/><G41/><T86/><D86/><U59/><E59/><V39/><REACH who="2" step="1"/><F13/><REACH who="2" ten="250,227,210,303" step="2"/><W71/><G71/><T3/><D3/><U105/><E88/><V125/><F125/><W131/><G131/><T9/><D117/><U130/><E130/><V43/><F43/><W106/><G106/><T127/><D127/><U18/><E105/><V12/><F12/><W119/><G119/><T20/><REACH who="0" step="1"/><D25/><REACH who="0" ten="240,227,210,303" step="2"/><U80/><E74/><V128/><F128/><W124/><G124/><T5/><D5/><U108/><E6/><V54/><F54/><W81/><G55/><T102/><D102/><U19/><E108/><V11/><F11/><W60/><G100/><T134/><D134/><U15/><E8/><V82/><F82/><W115/><G81/><T7/><D7/><U135/><E83/><V126/><F126/><W58/><G115/><T73/><D73/><U31/><E80/><V28/><F28/><W104/><G29/><RYUUKYOKU ba="0,2" sc="240,15,227,-15,210,15,303,-15" hai0="9,14,16,20,21,23,42,45,93,97,101,132,133" hai2="17,22,24,39,40,44,50,53,57,62,89,94,99" /><INIT seed="2,1,2,5,3,42" ten="255,212,225,288" oya="2" hai0="119,99,114,35,9,40,68,30,130,14,116,95,133" hai1="124,6,123,101,24,34,77,79,90,54,39,32,49" hai2="129,57,23,3,52,64,20,33,128,37,15,80,83" hai3="65,73,53,48,16,108,8,117,7,132,98,43,109"/><V66/><F37/><W107/><G117/><N who="0" m="45131" /><D130/><N who="2" m="50282" /><F33/><W103/><G132/><T75/><D114/><U38/><E124/><V45/><F3/><W78/><G43/><T94/><D133/><U31/><E34/><V70/><F70/><W122/><G65/><N who="2" m="25193" /><F45/><W22/><G122/><T59/><D68/><U126/><E126/><V55/><F15/><W131/><G131/><T74/><D40/><U28/><E28/><V105/><F105/><W118/><G118/><T85/><D59/><U89/><E123/><V61/><F55/><W110/><G53/><T91/><D30/><U19/><E39/><V67/><N who="2" m="25201" /><V25/><DORA hai="93" /><F20/><W125/><G22/><T58/><D58/><U46/><E38/><V56/><F57/><W84/><G125/><T127/><D35/><U4/><E4/><V135/><F135/><W17/><G7/><N who="0" m="3391" /><D127/><U121/><E6/><V102/><F102/><AGARI ba="1,2" hai="74,75,85,91,94,95,99,102" m="3391,45131" machi="102" ten="30,2000,0" yaku="12,1,52,1" doraHai="42,93" who="0" fromWho="2" sc="255,43,212,0,225,-23,288,0" /><INIT seed="3,0,0,3,0,30" ten="298,212,202,288" oya="3" hai0="114,132,64,105,119,13,45,77,72,59,103,43,51" hai1="23,9,108,117,2,61,95,14,79,101,22,122,91" hai2="97,24,116,10,104,106,76,67,107,4,71,17,21" hai3="109,98,88,85,65,38,68,19,73,80,70,90,29"/><W3/><G73/><T87/><D119/><U48/><E122/><V12/><F116/><W52/><G38/><T36/><D72/><U66/><E117/><V74/><F71/><W16/><G3/><T86/><D77/><U40/><E2/><V99/><REACH who="2" step="1"/><F67/><REACH who="2" ten="298,212,192,288" step="2"/><W123/><G70/><T32/><D64/><U82/><E108/><V0/><F0/><W1/><G1/><T127/><D114/><U118/><E118/><V81/><AGARI ba="0,1" hai="4,10,12,17,21,24,74,76,81,97,99,104,106,107" machi="81" ten="40,2700,0" yaku="1,1,0,1,53,0" doraHai="30" doraHaiUra="84" who="2" fromWho="2" sc="298,-7,212,-7,192,37,288,-13" /><INIT seed="4,0,0,2,1,125" ten="291,205,229,275" oya="0" hai0="2,74,31,64,87,85,76,23,121,118,59,80,56" hai1="126,131,111,51,43,21,92,96,52,8,84,37,104" hai2="114,86,98,72,109,134,54,48,5,41,70,67,22" hai3="115,77,47,106,69,25,24,97,61,122,15,110,58"/><T12/><D118/><U68/><E111/><V71/><F109/><W94/><G110/><T81/><D121/><U66/><E126/><V3/><F72/><W6/><G106/><T105/><D2/><U79/><E104/><V89/><F41/><W34/><G69/><T88/><D105/><U50/><E37/><V132/><F98/><W1/><G1/><T78/><D64/><U120/><E120/><V130/><F67/><W29/><G115/><T44/><D44/><N who="1" m="25887" /><E68/><V95/><F114/><W0/><G0/><T46/><D46/><N who="1" m="27767" /><E131/><V38/><F38/><W7/><G77/><T30/><D74/><U13/><E66/><V73/><F73/><W128/><G128/><T11/><D78/><U16/><E79/><V9/><F130/><W42/><G122/><T112/><D112/><U127/><E127/><V133/><REACH who="2" step="1"/><F22/><REACH who="2" ten="291,205,219,275" step="2"/><W62/><G42/><T116/><D116/><U36/><E36/><V135/><N who="2" m="33792" /><DORA hai="55" /><V28/><F28/><N who="0" m="10794" /><D23/><U32/><E32/><V35/><F35/><W53/><G34/><T17/><AGARI ba="0,1" hai="11,12,17,56,59,76,80,81,85,87,88" m="10794" machi="17" ten="30,11700,0" yaku="8,1,52,2,54,1" doraHai="125,55" who="0" fromWho="0" sc="291,127,205,-39,219,-39,275,-39" owari="418,51.8,166,-33.4,180,-22.0,236,3.6" /></mjloggm>