<mjloggm ver="2.3"><GO type="225" lobby="0"/><UN n0="%E3%82%BC%E3%83%AB%E3%83%80%E3%81%AE%E4%BC%9D%E8%AA%AC" n1="%77%72%77%72%77%72%77%72" n2="%6D%75%75%6D%75%72%61" n3="%E8%B1%86%59%E5%A4%AA%E9%83%8E" dan="17,16,17,16" rate="2159.15,2126.21,2187.24,2025.81" sx="M,M,F,M"/><TAIKYOKU oya="0"/><INIT seed="0,0,0,4,1,7" ten="250,250,250,250" oya="0" hai0="109,42,40,62,50,65,129,128,117,14,92,97,54" hai1="44,123,107,108,60,41,11,113,3,29,96,57,18" hai2="93,126,89,33,20,37,67,34,49,80,55,10,115" hai3="122,68,48,110,5,35,12,39,19,47,46,86,15"/><T69/><D117/><U119/><E119/><V21/><F115/><W100/><G68/><T135/><D135/><U52/><E123/><V98/><F37/><W73/><G35/><T101/><D109/><U66/><E108/><V71/><F126/><W6/><G73/><T102/><D102/><U87/><E113/><V22/><F80/><W32/><G32/><T74/><D74/><U125/><E125/><V17/><F71/><W131/><G131/><N who="0" m="50251" /><D14/><U45/><E29/><V79/><F79/><W124/><G122/><T78/><D78/><U56/><E87/><V72/><F67/><W13/><G100/><T120/><D120/><U116/><E116/><V16/><F72/><W0/><G124/><T23/><D23/><N who="2" m="8778" /><F34/><W95/><G0/><T99/><D99/><U84/><E107/><V36/><F36/><W121/><G121/><T88/><D101/><U24/><E96/><V134/><F33/><W127/><G127/><T104/><D104/><U132/><E132/><V75/><F75/><W77/><G39/><T27/><D27/><U76/><E3/><V8/><F134/><W82/><G95/><T85/><D97/><U28/><E28/><V4/><F4/><N who="3" m="1643" /><G110/><T103/><D103/><U38/><E24/><N who="2" m="14407" /><F17/><W1/><G1/><T61/><D61/><U83/><E18/><V63/><F63/><W26/><G26/><T111/><D111/><U90/><E76/><V53/><F53/><N who="3" m="29847" /><G19/><T106/><D106/><U51/><REACH who="1" step="1"/><E44/><RYUUKYOKU type="ron3" ba="0,0" sc="250,0,250,0,250,0,250,0" hai0="40,42,50,54,62,65,69,85,88,92" hai2="8,10,49,55,89,93,98" hai3="12,13,15,47,77,82,86" /><INIT seed="0,1,0,2,1,117" ten="250,250,250,250" oya="0" hai0="104,38,76,100,86,58,90,21,124,74,11,29,103" hai1="53,81,73,80,78,91,129,18,34,17,5,67,128" hai2="94,30,48,97,8,59,64,72,75,45,130,4,3" hai3="69,44,40,51,132,2,19,31,121,49,108,95,22"/><T63/><D38/><U122/><E34/><V82/><F130/><N who="1" m="50281" /><E67/><V126/><F126/><W92/><G69/><T13/><D124/><U47/><E5/><V6/><F30/><W23/><G2/><T112/><D112/><U28/><E28/><V119/><F119/><W61/><G61/><T102/><D104/><U66/><E66/><V65/><F6/><W85/><G132/><T1/><D1/><U7/><E7/><V88/><F59/><W93/><G121/><T56/><D74/><U24/><E24/><V107/><F107/><W62/><G62/><T50/><D76/><N who="1" m="44047" /><E91/><V10/><F10/><W70/><G70/><T123/><D123/><U35/><E35/><V101/><F75/><W84/><G108/><T87/><D50/><N who="1" m="28895" /><E122/><V98/><F72/><AGARI ba="1,0" hai="17,18,72,78,81" m="28895,44047,50281" machi="72" ten="30,1000,0" yaku="19,1" doraHai="117" who="1" fromWho="2" sc="250,0,250,13,250,-13,250,0" /><INIT seed="1,0,0,4,1,25" ten="250,263,237,250" oya="1" hai0="120,7,95,135,18,58,111,75,89,80,73,6,112" hai1="77,118,133,0,39,37,69,127,66,101,79,92,84" hai2="99,63,46,117,52,47,91,87,86,124,71,33,68" hai3="72,125,129,14,107,108,67,17,31,28,90,22,123"/><U96/><E118/><V16/><F117/><W53/><G107/><T29/><D112/><U93/><E0/><V21/><F33/><W78/><G123/><T98/><D120/><U106/><E133/><V70/><F124/><W59/><G67/><T60/><D135/><U85/><E127/><V113/><F113/><W122/><G129/><T94/><D111/><U132/><E132/><V55/><F99/><W102/><G102/><T100/><D29/><N who="3" m="11337" /><G72/><T105/><D18/><U62/><E37/><V104/><F104/><W3/><G3/><T34/><D94/><U48/><E48/><V114/><F114/><W57/><G108/><T5/><D34/><U43/><E43/><V109/><F109/><W61/><G78/><T128/><D128/><U56/><E39/><V40/><F63/><N who="3" m="36271" /><G122/><T115/><D115/><U65/><E65/><V8/><F8/><W24/><G90/><T1/><D1/><U126/><E69/><V15/><F47/><W13/><G125/><T82/><D73/><U12/><E126/><V76/><F76/><W30/><G17/><T121/><D75/><U116/><E79/><V131/><F131/><W88/><G88/><T49/><D121/><U50/><E77/><V110/><F110/><W10/><G10/><T42/><D89/><U130/><E130/><V54/><REACH who="2" step="1"/><F91/><REACH who="2" ten="250,263,227,250" step="2"/><W19/><G19/><T35/><D105/><U103/><E116/><V134/><F134/><W45/><G45/><N who="0" m="25783" /><D35/><U20/><E106/><V38/><AGARI ba="0,1" hai="15,16,21,38,40,46,52,54,55,68,70,71,86,87" machi="38" ten="40,8000,1" yaku="1,1,0,1,54,2,53,0" doraHai="25" doraHaiUra="74" who="2" fromWho="2" sc="250,-20,263,-40,227,90,250,-20" /><INIT seed="2,0,0,4,2,107" ten="230,223,317,230" oya="2" hai0="53,101,10,97,78,100,130,56,41,14,16,122,69" hai1="135,96,47,84,91,62,32,17,108,82,35,70,18" hai2="40,98,50,74,7,94,103,89,37,67,55,116,0" hai3="52,123,24,38,111,3,4,54,46,71,13,57,19"/><V102/><F116/><W73/><G73/><T119/><D122/><U115/><E115/><V22/><F67/><W23/><G71/><T113/><D113/><U129/><E108/><V124/><F124/><W104/><G104/><T76/><D119/><U49/><E129/><V58/><F74/><W6/><G111/><T68/><D130/><U64/><E135/><V121/><F121/><W86/><G3/><T83/><D41/><U93/><E32/><V75/><F75/><W11/><G86/><T125/><D125/><U12/><E35/><V45/><F7/><W110/><G110/><T92/><D101/><U79/><REACH who="1" step="1"/><E12/><REACH who="1" ten="230,213,317,230" step="2"/><V90/><F0/><W48/><G123/><T81/><D69/><U132/><E132/><V63/><F37/><W59/><G38/><T61/><D68/><U95/><E95/><V77/><F94/><W21/><G21/><T39/><D39/><U8/><E8/><V20/><F20/><W65/><G65/><T27/><D27/><U88/><E88/><V29/><F90/><W43/><G4/><T2/><D2/><U80/><E80/><AGARI ba="0,1" hai="10,14,16,53,56,61,76,78,80,81,83,92,97,100" machi="80" ten="40,2600,0" yaku="8,1,54,1" doraHai="107" who="0" fromWho="1" sc="230,36,213,-26,317,0,230,0" /><INIT seed="3,0,0,1,5,65" ten="266,187,317,230" oya="3" hai0="101,132,73,12,94,16,8,40,72,131,134,62,43" hai1="33,28,32,86,0,34,103,20,48,75,74,15,51" hai2="29,39,119,122,107,69,37,21,124,97,135,113,4" hai3="27,79,68,120,84,91,67,13,22,100,88,5,26"/><W59/><G68/><T133/><D131/><U81/><E0/><V63/><F113/><W30/><G100/><T126/><D126/><U70/><E103/><V116/><F124/><W61/><G27/><T54/><D54/><U23/><E15/><V87/><F87/><W57/><G57/><T52/><D101/><U129/><E129/><V77/><F21/><W108/><G108/><T110/><D94/><U19/><E19/><V109/><F109/><W46/><G46/><T115/><D115/><U90/><E70/><V25/><F77/><W98/><G98/><T17/><D17/><U14/><E14/><V130/><F4/><W66/><G66/><T121/><D121/><U41/><E41/><N who="0" m="15945" /><D110/><U31/><E90/><V64/><F130/><W36/><G36/><N who="2" m="13897" /><F135/><W42/><G42/><T60/><D60/><U111/><E111/><V44/><F44/><W117/><G120/><T71/><D71/><U55/><E55/><V9/><F9/><N who="3" m="4271" /><G117/><T80/><D80/><AGARI ba="0,0" hai="22,26,30,59,61,67,79,80,84,88,91" m="4271" machi="80" ten="30,2900,0" yaku="8,1,54,1" doraHai="65" who="3" fromWho="0" sc="266,-29,187,0,317,0,230,29" /><INIT seed="3,1,0,2,5,83" ten="237,187,317,259" oya="3" hai0="113,72,98,39,21,31,19,125,97,14,111,112,16" hai1="35,130,123,37,44,126,67,96,74,46,100,93,76" hai2="116,95,108,27,7,8,47,124,28,5,122,120,38" hai3="33,60,65,58,66,92,118,70,0,106,41,1,54"/><W105/><G33/><T56/><D111/><U49/><E123/><N who="2" m="47147" /><F116/><W114/><G114/><N who="0" m="44139" /><D125/><U135/><E126/><V34/><F124/><W61/><G118/><T64/><D39/><U81/><E130/><V121/><F108/><W133/><G133/><T73/><D31/><U99/><E135/><V22/><F121/><W12/><G41/><T91/><D19/><U6/><E35/><V110/><F110/><W84/><G12/><T94/><D97/><U2/><E67/><V104/><F104/><W117/><G117/><T77/><D77/><U86/><E99/><V69/><F69/><W53/><G106/><T132/><D132/><U32/><E32/><V30/><F95/><W85/><G105/><T129/><D129/><U4/><E2/><V134/><F134/><W59/><G92/><T75/><D56/><U18/><E18/><V90/><F90/><W71/><AGARI ba="1,0" hai="0,1,53,54,58,59,60,61,65,66,70,71,84,85" machi="71" ten="25,12000,1" yaku="0,1,22,2,52,2" doraHai="83" who="3" fromWho="3" sc="237,-41,187,-41,317,-41,259,123" owari="196,-20.4,146,-35.4,276,7.6,382,48.2" /></mjloggm>