<mjloggm ver="2.3"><GO type="225" lobby="0"/><UN n0="%E3%82%BC%E3%83%AB%E3%83%80%E3%81%AE%E4%BC%9D%E8%AA%AC" n1="%E8%81%B7%E6%A5%AD%E3%80%81%E9%A2%A8%32" n2="%E5%B0%8F%E9%B3%A5%E9%81%8A%E7%B7%B4%E7%84%A1%32%31%E6%AD%B3" n3="%E8%83%83%E3%81%A8%E8%85%B8" dan="17,16,16,17" rate="2137.91,2135.81,2174.15,2259.21" sx="M,M,F,M"/><TAIKYOKU oya="0"/><INIT seed="0,0,0,0,4,127" ten="250,250,250,250" oya="0" hai0="100,62,82,129,131,23,61,77,105,135,63,55,124" hai1="86,57,19,20,106,54,71,128,25,76,72,85,40" hai2="101,11,0,120,32,125,45,2,73,10,89,15,56" hai3="116,115,69,98,121,74,90,84,3,17,102,43,39"/><T114/><D114/><U123/><E71/><V35/><F120/><W66/><G3/><T75/><D124/><U59/><E123/><V26/><F125/><W5/><G5/><T47/><D135/><U79/><E106/><V16/><F73/><W112/><G17/><T109/><D109/><U134/><E134/><V118/><F89/><W107/><G43/><T78/><D78/><N who="1" m="29739" /><E40/><V34/><F56/><N who="1" m="21577" /><E72/><V103/><F45/><W64/><G39/><T9/><D23/><N who="1" m="13567" /><E128/><N who="0" m="49225" /><D9/><N who="2" m="3082" /><F103/><W33/><G112/><T49/><D100/><U13/><E54/><V21/><F101/><W58/><G102/><T83/><D83/><U14/><E20/><N who="2" m="11295" /><F118/><W31/><G116/><T104/><AGARI ba="0,0" hai="47,49,55,61,62,63,75,77,82,104,105" m="49225" machi="104" ten="40,12000,1" yaku="19,1,52,3" doraHai="127" who="0" fromWho="0" sc="250,120,250,-40,250,-40,250,-40" /><INIT seed="0,1,0,2,1,113" ten="370,210,210,210" oya="0" hai0="117,83,69,101,129,54,16,19,27,131,55,98,94" hai1="28,110,90,100,7,31,71,58,107,37,128,21,68" hai2="23,60,35,78,93,80,127,4,123,103,49,39,15" hai3="63,91,74,77,82,130,41,106,85,125,34,17,43"/><T36/><D117/><U22/><E37/><V6/><F39/><W5/><G130/><N who="0" m="49675" /><D36/><U45/><E128/><V92/><F35/><W134/><G134/><T12/><D69/><U97/><E110/><V122/><F127/><W135/><G135/><T95/><D83/><U99/><E7/><V48/><F60/><W88/><G125/><T81/><D81/><U115/><E115/><V65/><F65/><W114/><G114/><T105/><D27/><U46/><E58/><V52/><F48/><W121/><G121/><T126/><D126/><U76/><E90/><V13/><F23/><W20/><G34/><T119/><D119/><U32/><E32/><V53/><F103/><W33/><G33/><T26/><D26/><U70/><E70/><V51/><F80/><W59/><G106/><T112/><D112/><U111/><E111/><V96/><F96/><W0/><G74/><T116/><D116/><U84/><E84/><V8/><REACH who="2" step="1"/><F78/><REACH who="2" ten="370,210,200,210" step="2"/><W132/><G132/><T42/><D98/><U104/><REACH who="1" step="1"/><E76/><REACH who="1" ten="370,200,200,210" step="2"/><V1/><F1/><W102/><G0/><T67/><D101/><AGARI ba="1,2" hai="21,22,28,31,45,46,68,71,97,99,100,101,104,107" machi="101" ten="25,6400,0" yaku="1,1,2,1,22,2,53,0" doraHai="113" doraHaiUra="133" who="1" fromWho="0" sc="370,-67,200,87,200,0,210,0" /><INIT seed="1,0,0,1,5,82" ten="303,287,200,210" oya="1" hai0="112,71,7,90,83,4,32,17,66,27,96,73,117" hai1="85,102,10,3,14,91,39,80,6,58,132,119,97" hai2="46,21,121,30,135,35,108,131,70,95,84,74,128" hai3="101,52,34,129,12,120,127,125,77,57,105,24,56"/><U81/><E119/><V13/><F13/><W15/><G120/><T133/><D112/><U31/><E39/><V20/><F30/><N who="3" m="19783" /><G56/><T19/><D117/><U61/><E132/><V26/><F26/><W103/><G77/><T113/><D113/><U29/><E81/><V47/><F95/><W63/><G129/><T87/><D133/><U43/><E43/><V37/><F135/><W118/><G118/><T45/><D73/><U53/><REACH who="1" step="1"/><E3/><REACH who="1" ten="303,277,200,210" step="2"/><V36/><F37/><W68/><G68/><T51/><D71/><U40/><E40/><V64/><F70/><W123/><G123/><T11/><D83/><U124/><E124/><N who="3" m="47690" /><G105/><AGARI ba="0,1" hai="6,10,14,29,31,53,58,61,80,85,91,97,102,105" machi="105" ten="30,11600,0" yaku="1,1,7,1,52,1,53,1" doraHai="82" doraHaiUra="9" who="1" fromWho="3" sc="303,0,277,126,200,0,210,-116" /><INIT seed="1,1,0,0,3,50" ten="303,403,200,94" oya="1" hai0="109,56,13,5,72,61,102,26,47,52,70,45,89" hai1="20,101,106,71,108,78,79,15,46,130,86,111,100" hai2="18,35,68,4,14,132,28,84,99,120,123,133,38" hai3="19,122,32,60,12,113,24,129,57,94,40,48,131"/><U1/><E1/><V22/><F38/><W124/><G113/><T77/><D109/><N who="1" m="42059" /><E71/><V90/><F68/><W105/><G105/><T88/><D70/><U66/><E66/><V58/><F4/><W63/><G122/><T43/><D102/><N who="1" m="39531" /><E106/><V85/><F99/><W62/><G124/><T67/><D67/><U49/><E130/><N who="3" m="49674" /><G94/><T65/><D65/><U114/><E114/><V103/><F103/><W121/><G121/><T75/><D75/><U51/><E51/><V64/><F84/><W96/><G96/><T119/><D119/><U107/><E86/><V127/><F127/><W3/><G3/><T17/><D72/><U134/><E107/><V117/><F117/><W116/><G116/><T8/><D77/><U7/><E134/><V92/><F123/><W37/><G37/><T76/><D76/><U25/><E15/><V21/><F120/><W97/><G97/><T104/><D104/><U74/><E7/><V110/><F110/><W30/><G40/><T9/><D43/><N who="1" m="24799" /><E74/><V112/><F112/><W135/><G135/><T41/><D41/><U2/><E2/><V31/><F133/><W29/><G48/><T83/><D47/><U16/><AGARI ba="1,0" hai="16,20,25,78,79" m="24799,39531,42059" machi="16" ten="30,6000,0" yaku="14,1,10,1,54,1" doraHai="50" who="1" fromWho="1" sc="303,-21,403,63,200,-21,94,-21" /><INIT seed="1,2,0,5,2,64" ten="282,466,179,73" oya="1" hai0="91,2,47,38,32,132,35,11,107,96,88,8,77" hai1="12,79,7,128,17,94,93,20,52,14,110,26,39" hai2="9,104,111,25,36,40,80,23,114,15,113,84,30" hai3="95,27,51,121,13,116,85,101,124,86,76,126,65"/><U45/><E128/><V19/><F104/><W75/><G27/><T48/><D38/><U102/><E110/><V29/><F111/><W3/><G3/><T28/><D132/><U6/><E79/><V108/><F108/><W72/><G65/><T46/><D77/><U90/><E102/><V66/><F66/><W103/><G51/><T125/><D125/><N who="3" m="48233" /><G13/><N who="1" m="5226" /><E39/><V129/><F36/><W89/><G121/><T59/><D107/><U37/><E37/><V119/><F40/><W73/><G116/><T54/><D2/><U100/><E100/><V60/><F119/><W130/><G130/><T61/><D47/><U22/><E22/><V83/><F129/><W33/><G33/><T97/><D32/><U92/><E90/><N who="0" m="34345" /><D28/><U67/><E67/><V10/><F30/><W106/><G106/><T57/><D35/><U118/><E118/><V74/><F74/><N who="3" m="18947" /><W135/><DORA hai="5" /><G135/><T68/><D68/><U4/><E45/><V18/><F114/><W21/><G21/><T53/><D46/><U24/><E24/><V71/><F113/><W16/><G16/><T133/><D133/><U0/><E0/><V63/><F18/><W99/><G85/><T58/><D58/><U56/><E7/><V115/><F84/><W62/><G62/><AGARI ba="2,0" hai="4,6,17,20,26,52,56,62,92,93,94" m="5226" machi="62" ten="30,2900,0" yaku="8,1,54,1" doraHai="64,5" who="1" fromWho="3" sc="282,0,466,35,179,0,73,-35" /><INIT seed="1,3,0,2,0,18" ten="282,501,179,38" oya="1" hai0="135,82,33,28,3,58,113,102,55,25,66,86,134" hai1="22,73,77,48,19,72,70,75,54,97,9,41,26" hai2="108,69,100,7,42,112,111,43,128,64,31,11,4" hai3="32,17,71,133,56,6,50,16,23,60,119,116,59"/><U34/><E70/><V121/><F121/><W120/><G32/><T2/><D113/><U114/><E114/><V89/><F128/><W80/><G120/><T81/><D102/><U85/><E41/><V118/><F100/><W35/><G35/><T127/><D66/><U20/><E34/><V21/><F112/><W10/><G133/><N who="0" m="50699" /><D127/><U79/><E97/><V115/><F115/><W0/><G71/><T130/><D130/><U52/><E9/><V98/><F118/><W95/><G95/><T110/><D110/><N who="2" m="42026" /><F64/><W103/><G103/><T14/><D14/><U106/><E106/><V88/><F69/><W53/><G80/><N who="0" m="30827" /><D86/><U68/><E68/><V44/><F4/><W36/><G36/><T87/><D87/><U30/><E85/><V27/><F98/><W15/><REACH who="3" step="1"/><G17/><REACH who="3" ten="282,501,179,28" step="2"/><T39/><D39/><U49/><E49/><AGARI ba="3,1" hai="2,3,25,28,33,49,55,58" m="30827,50699" machi="49" ten="30,1000,0" yaku="20,1" doraHai="18" who="0" fromWho="1" sc="282,29,501,-19,179,0,28,0" /><INIT seed="2,0,0,2,4,29" ten="311,482,179,28" oya="2" hai0="24,111,18,75,13,99,2,121,105,8,4,79,42" hai1="38,21,62,120,94,17,95,89,12,50,132,87,114" hai2="96,118,76,91,53,124,88,47,131,14,10,110,49" hai3="100,81,36,55,130,133,52,64,3,23,44,60,134"/><V103/><F118/><W108/><G3/><T98/><D111/><U40/><E114/><V128/><F124/><W61/><G100/><T80/><D121/><U22/><E132/><N who="3" m="50794" /><G23/><T123/><D123/><U30/><E120/><V28/><F76/><W32/><G81/><T1/><D105/><U16/><E38/><V9/><F28/><W20/><G20/><T54/><D54/><N who="3" m="20521" /><G32/><T125/><D125/><U82/><E62/><N who="3" m="24170" /><G64/><T69/><D1/><U15/><E30/><V90/><F110/><W113/><G113/><T126/><D126/><U97/><E97/><V31/><F31/><W33/><G33/><T135/><D24/><U39/><E82/><V46/><F9/><W129/><G108/><T122/><D122/><U70/><E21/><V65/><F65/><W59/><G59/><T37/><D135/><U107/><E22/><V77/><F77/><W45/><G36/><T116/><D99/><U93/><E39/><V117/><F10/><W11/><G11/><T83/><D98/><U68/><E15/><V43/><F14/><W58/><G58/><T101/><D101/><U119/><E12/><V56/><F117/><W57/><G57/><T7/><D116/><U19/><E119/><V72/><F56/><W78/><G78/><T5/><D2/><U27/><E107/><V84/><F72/><W86/><G86/><T51/><D75/><U115/><E115/><V127/><F84/><W73/><G73/><T0/><D79/><U34/><E34/><V109/><F127/><W48/><G48/><T41/><D8/><U85/><E85/><V25/><F25/><RYUUKYOKU ba="0,0" sc="311,-10,482,-10,179,-10,28,30" hai3="44,45,129,130" /><INIT seed="3,1,0,5,4,86" ten="301,472,169,58" oya="3" hai0="78,112,74,20,26,116,85,132,71,75,73,96,94" hai1="42,82,46,1,17,47,49,12,70,63,33,58,6" hai2="77,125,93,9,81,13,27,54,72,28,106,7,98" hai3="134,4,61,110,115,31,117,32,55,114,23,53,95"/><W128/><G117/><T65/><D116/><U44/><E33/><V127/><F106/><W87/><G110/><T25/><D112/><U18/><E70/><V22/><REACH who="2" step="1"/><F54/><REACH who="2" ten="301,472,159,58" step="2"/><W37/><G128/><T76/><D132/><U129/><E129/><V102/><AGARI ba="1,1" hai="7,9,13,22,27,28,72,77,81,93,98,102,125,127" machi="102" ten="30,7900,0" yaku="1,1,2,1,0,1,53,1" doraHai="86" doraHaiUra="24" who="2" fromWho="2" sc="301,-21,472,-21,159,92,58,-40" owari="280,8.0,451,55.1,251,-14.9,18,-48.2" /></mjloggm>