<mjloggm ver="2.3"><GO type="225" lobby="0"/><UN n0="%E6%A0%B9%E5%85%83%E3%81%8B%E3%82%89%E5%90%B9%E3%81%A3%E9%A3%9B%E3%81%B6" n1="%E3%81%82%E3%81%99%E3%81%AB%E3%82%83%E3%82%80" n2="%6D%75%75%6D%75%72%61" n3="%72%69%6F%75%63%68%61%6E" dan="17,16,16,17" rate="2185.63,2177.38,2192.09,2199.97" sx="F,F,F,M"/><TAIKYOKU oya="0"/><INIT seed="0,0,0,1,0,114" ten="250,250,250,250" oya="0" hai0="50,113,52,90,130,23,5,88,98,104,17,94,60" hai1="74,99,128,93,8,57,67,111,123,41,103,12,119" hai2="120,43,127,48,3,101,54,36,108,68,28,83,122" hai3="105,61,72,77,118,71,34,133,76,0,46,30,53"/><T87/><D130/><U38/><E111/><V20/><F108/><W14/><G118/><T62/><D5/><U15/><E123/><V63/><F3/><W1/><G133/><T24/><D113/><U125/><E74/><V35/><F35/><W9/><G105/><T124/><D124/><U73/><E73/><V11/><F127/><W58/><G71/><T66/><D66/><U129/><E125/><V109/><F109/><W22/><G34/><T49/><D49/><U25/><E25/><V18/><F101/><W55/><G72/><T21/><D21/><U65/><E119/><V80/><F11/><W89/><G0/><T84/><D104/><U16/><E15/><V2/><F28/><W32/><G32/><T40/><D40/><U79/><E79/><V96/><F96/><W116/><G1/><T121/><D121/><U102/><E57/><N who="2" m="32967" /><F2/><W97/><G116/><T45/><D98/><U131/><REACH who="1" step="1"/><E102/><REACH who="1" ten="250,240,250,250" step="2"/><V33/><F122/><W37/><G77/><T69/><REACH who="0" step="1"/><D69/><REACH who="0" ten="240,240,250,250" step="2"/><U135/><E135/><V86/><F120/><W132/><G132/><T82/><AGARI ba="0,2" hai="17,23,24,45,50,52,60,62,82,84,87,88,90,94" machi="82" ten="20,18000,2" yaku="1,1,2,1,0,1,7,1,8,1,54,2,53,0" doraHai="114" doraHaiUra="117" who="0" fromWho="0" sc="240,200,240,-60,250,-60,250,-60" /><INIT seed="0,1,0,2,0,22" ten="440,180,190,190" oya="0" hai0="96,15,121,119,36,116,65,63,24,32,56,23,108" hai1="74,58,131,37,43,9,6,0,77,78,2,103,47" hai2="4,5,89,102,33,113,94,50,80,135,48,130,16" hai3="61,92,85,29,51,124,134,72,49,100,101,114,129"/><T82/><D121/><U81/><E78/><V25/><F113/><W112/><G72/><T83/><D36/><U26/><E131/><V52/><F130/><W133/><G129/><T1/><D1/><U90/><E103/><N who="3" m="39498" /><G29/><T79/><D96/><U30/><E58/><V115/><F115/><N who="3" m="44075" /><G61/><T104/><D104/><U128/><E128/><V127/><F33/><W71/><G71/><T44/><D44/><U7/><E7/><V88/><F127/><W27/><G124/><T66/><D66/><U46/><E46/><N who="2" m="27671" /><F50/><N who="3" m="18955" /><G85/><T11/><D32/><U86/><E0/><V31/><F135/><N who="3" m="51723" /><G92/><T73/><D82/><U17/><E17/><V68/><F31/><W117/><G27/><T40/><D24/><U59/><E59/><V84/><F68/><W62/><G62/><T14/><D63/><U34/><E86/><N who="2" m="52503" /><F102/><W41/><G41/><T18/><D40/><U120/><REACH who="1" step="1"/><E90/><REACH who="1" ten="440,170,190,190" step="2"/><V13/><F25/><W91/><G91/><T21/><D79/><U109/><E109/><V110/><F110/><W53/><G53/><T35/><D108/><U57/><E57/><V69/><F69/><W39/><G117/><T132/><D56/><U54/><E54/><V60/><F60/><W106/><G39/><T105/><D132/><U76/><E76/><V12/><F12/><W123/><G123/><AGARI ba="1,1" hai="2,6,9,26,30,34,37,43,47,74,77,81,120,123" machi="123" ten="40,12000,2" yaku="1,1,25,2,23,2,52,1,53,0" doraHai="22" doraHaiUra="67" who="1" fromWho="3" sc="440,0,170,133,190,0,190,-123" /><INIT seed="1,0,0,2,5,19" ten="440,303,190,67" oya="1" hai0="42,54,10,94,12,135,69,21,16,107,114,60,6" hai1="109,45,98,5,90,119,36,64,43,22,81,130,31" hai2="50,35,25,110,67,121,55,113,66,87,95,101,117" hai3="88,37,82,105,86,53,103,131,76,71,40,26,115"/><U49/><E119/><V1/><F117/><W108/><G115/><T70/><D107/><U79/><E130/><V92/><F121/><W23/><G108/><T39/><D135/><U47/><E64/><V61/><F110/><W127/><G131/><T74/><D74/><U134/><E109/><V27/><F113/><W78/><G127/><T14/><D114/><U128/><E134/><V123/><F1/><W56/><G71/><T100/><D39/><U96/><E5/><V7/><F7/><W106/><G40/><T102/><D42/><U75/><E128/><V29/><F123/><W18/><G37/><T85/><D70/><U4/><E4/><V125/><F125/><W72/><G103/><T65/><D54/><U118/><E90/><V111/><F111/><W99/><G76/><T59/><D69/><U46/><E118/><V57/><F101/><W32/><G32/><T52/><D65/><U132/><E132/><V104/><F104/><W41/><G41/><T48/><D60/><U89/><E89/><AGARI ba="0,0" hai="6,10,12,14,16,21,48,52,59,85,89,94,100,102" machi="89" ten="40,12000,2" yaku="25,2,8,1,52,1,54,2" doraHai="19" who="0" fromWho="1" sc="440,120,303,-120,190,0,67,0" /><INIT seed="2,0,0,4,5,100" ten="560,183,190,67" oya="2" hai0="16,7,94,28,104,101,113,76,31,134,114,65,62" hai1="118,66,50,26,19,79,41,81,52,30,129,6,45" hai2="9,54,74,91,0,103,119,80,88,98,110,63,82" hai3="29,12,131,49,69,128,25,47,90,21,86,51,71"/><V109/><F119/><W55/><G12/><T44/><D134/><U37/><E129/><V59/><F0/><W102/><G102/><T95/><D7/><U123/><E118/><V11/><F82/><W33/><G33/><T99/><D76/><U27/><E6/><V117/><F117/><W72/><G72/><T56/><D44/><U35/><E123/><V96/><F74/><W83/><REACH who="3" step="1"/><G51/><REACH who="3" ten="560,183,190,57" step="2"/><T64/><D101/><U48/><E50/><V34/><F34/><W40/><G40/><T20/><D114/><U112/><E112/><V124/><F103/><W43/><G43/><T127/><D113/><U125/><E41/><V130/><F130/><AGARI ba="0,1" hai="21,25,29,47,49,55,69,71,83,86,90,128,130,131" machi="130" ten="40,2600,0" yaku="1,1,19,1,53,0" doraHai="100" doraHaiUra="115" who="3" fromWho="2" sc="560,0,183,0,190,-26,57,36" /><INIT seed="3,0,0,3,2,134" ten="560,183,164,93" oya="3" hai0="83,45,80,21,117,3,95,86,98,77,99,76,91" hai1="128,2,22,8,58,114,27,116,51,62,78,47,65" hai2="46,69,82,94,17,104,84,43,42,12,57,38,111" hai3="71,124,107,29,25,41,85,5,132,123,34,10,44"/><W87/><G132/><T14/><D3/><U54/><E114/><V13/><F104/><W67/><G123/><T119/><D45/><U102/><E102/><V113/><F69/><W16/><G107/><T39/><D39/><U105/><E105/><V106/><F106/><W125/><G16/><N who="0" m="10391" /><D119/><U90/><E78/><N who="0" m="30313" /><D117/><U56/><E128/><V52/><F113/><W88/><G67/><T6/><D6/><U48/><E90/><N who="2" m="51479" /><F38/><W32/><G71/><T127/><D127/><N who="3" m="48713" /><G32/><T37/><D37/><U15/><E2/><V28/><F28/><W36/><G88/><N who="0" m="55655" /><D83/><U89/><E89/><V11/><F94/><W73/><G73/><T26/><D26/><U23/><E27/><V103/><F103/><W4/><G4/><T40/><D40/><N who="1" m="24679" /><E116/><V74/><F74/><W30/><G29/><T121/><D121/><U129/><E129/><V0/><F0/><AGARI ba="0,0" hai="0,5,10,25,30,34,36,41,44,85,87" m="48713" machi="0" ten="30,11600,0" yaku="18,1,52,3" doraHai="134" who="3" fromWho="2" sc="560,0,183,0,164,-116,93,116" /><INIT seed="3,1,0,4,4,57" ten="560,183,48,209" oya="3" hai0="45,23,93,115,133,123,87,113,75,31,83,32,82" hai1="120,97,103,24,39,121,117,101,22,54,52,35,64" hai2="5,69,100,6,9,15,21,47,135,108,98,53,95" hai3="26,2,62,114,76,46,0,128,79,89,80,38,28"/><W90/><G114/><N who="0" m="43531" /><D133/><U131/><E39/><V116/><F135/><W56/><G128/><T3/><D3/><U78/><E35/><V68/><F116/><W66/><G0/><T110/><D75/><U94/><E117/><V10/><F108/><W124/><G2/><T118/><D110/><U109/><E109/><V104/><F104/><W88/><G124/><T86/><D32/><U122/><E131/><V81/><F68/><W44/><G38/><T29/><D93/><U125/><E125/><V91/><F69/><W41/><G41/><T63/><D45/><N who="3" m="17513" /><G80/><T106/><D106/><U70/><E78/><V40/><F21/><AGARI ba="1,0" hai="21,26,28,56,62,66,76,79,88,89,90" m="17513" machi="21" ten="30,5800,0" yaku="8,1,52,1,54,1" doraHai="57" who="3" fromWho="2" sc="560,0,183,0,48,-61,209,61" owari="560,66.0,183,-21.7,-13,-51.3,270,7.0" /></mjloggm>