<mjloggm ver="2.3"><GO type="225" lobby="0"/><UN n0="%E8%BE%9B%E5%8F%A3%E3%82%AB%E3%83%AC%E3%83%BC%E3%83%A9%E3%82%A4%E3%82%B9" n1="%E8%81%B7%E6%A5%AD%E3%80%81%E9%A2%A8%32" n2="%E3%81%9F%E3%81%8C%E3%82%84%E3%81%99" n3="%73%6C%69%63%6B%33%31%39" dan="16,16,16,16" rate="2170.77,2109.03,2140.07,2201.54" sx="M,M,M,M"/><TAIKYOKU oya="0"/><INIT seed="0,0,0,4,5,29" ten="250,250,250,250" oya="0" hai0="38,122,119,129,92,42,126,82,55,84,62,45,60" hai1="121,106,98,133,130,4,52,97,56,134,117,21,48" hai2="39,88,46,103,111,19,32,17,11,91,15,9,57" hai3="128,99,66,72,132,1,89,51,61,100,13,59,78"/><T25/><D119/><U77/><E121/><V8/><F103/><W43/><G1/><T67/><D122/><U28/><E117/><V87/><F32/><W36/><G36/><T20/><D126/><U81/><E130/><V110/><F57/><W108/><G128/><T86/><D129/><U49/><E48/><V35/><F35/><W94/><G108/><N who="2" m="41513" /><F19/><W95/><G132/><N who="1" m="50794" /><E106/><V18/><F18/><W10/><G72/><T116/><D116/><U68/><E68/><V131/><F131/><W70/><G70/><T105/><D105/><U120/><E120/><V104/><F104/><W0/><G0/><T50/><D92/><U80/><E4/><V125/><F125/><W90/><G78/><T113/><D113/><U101/><E101/><V23/><F87/><W75/><G75/><T3/><D86/><N who="1" m="48399" /><E81/><V5/><F5/><N who="3" m="3279" /><G95/><T83/><D83/><U47/><E56/><V109/><F109/><W6/><G6/><T26/><D82/><U2/><E2/><V114/><F114/><W31/><G31/><T85/><D3/><U93/><E93/><V65/><F65/><W12/><G12/><T118/><D118/><U102/><E102/><V53/><F39/><W73/><G73/><T34/><D38/><U30/><E30/><V63/><F63/><W107/><G107/><T112/><D62/><U124/><E124/><V14/><F14/><W27/><G27/><AGARI ba="0,0" hai="21,27,28,47,49,52,97,98" m="48399,50794" machi="27" ten="30,2000,0" yaku="20,1,54,1" doraHai="29" who="1" fromWho="3" sc="250,0,250,20,250,0,250,-20" /><INIT seed="1,0,0,2,5,94" ten="250,270,250,230" oya="1" hai0="101,110,127,103,96,115,106,60,56,134,120,21,77" hai1="35,100,31,124,126,79,8,122,19,116,50,54,63" hai2="129,58,123,47,53,41,66,131,91,44,64,18,39" hai3="95,81,55,102,113,12,133,76,93,82,92,1,24"/><U61/><E122/><V36/><F91/><W90/><G1/><T128/><D115/><U14/><E116/><V49/><F18/><W121/><G121/><T11/><D120/><U13/><E79/><V72/><F72/><W85/><G113/><T68/><D110/><U0/><E0/><V98/><F98/><N who="3" m="57623" /><G12/><T30/><D128/><N who="2" m="49226" /><F123/><W7/><G55/><T105/><D127/><N who="1" m="48683" /><E100/><V22/><F22/><W118/><G24/><T97/><D134/><U10/><E31/><V78/><F78/><N who="3" m="46263" /><G7/><T17/><D77/><U119/><E35/><V112/><F112/><W43/><G43/><AGARI ba="0,0" hai="36,39,41,43,44,47,49,53,58,64,66" m="49226" machi="43" ten="30,3900,0" yaku="19,1,34,2" doraHai="94" who="2" fromWho="3" sc="250,0,270,0,250,39,230,-39" /><INIT seed="2,0,0,4,4,22" ten="250,270,289,191" oya="2" hai0="110,71,97,89,36,29,113,131,54,107,42,120,128" hai1="40,86,121,79,44,76,12,81,93,5,35,115,58" hai2="32,0,17,102,129,9,126,34,63,37,38,46,101" hai3="39,103,4,41,135,8,98,99,96,1,14,109,45"/><V100/><F63/><W31/><G109/><T70/><D113/><U25/><E115/><V82/><F126/><W84/><G135/><T7/><D120/><U6/><E121/><V51/><F82/><W10/><G84/><T43/><D7/><U53/><E79/><V15/><F0/><W2/><G31/><T55/><D29/><U106/><E106/><V112/><F112/><W56/><G56/><T19/><D19/><U59/><E35/><V27/><F34/><W87/><G87/><T66/><D89/><U117/><E117/><V28/><REACH who="2" step="1"/><F129/><REACH who="2" ten="250,270,279,191" step="2"/><W21/><G1/><T119/><D128/><U75/><E81/><V65/><F65/><W61/><G61/><T23/><D66/><U92/><E75/><V114/><F114/><W33/><G33/><T132/><D131/><U116/><E116/><V50/><F50/><W88/><G2/><T49/><D49/><U123/><E123/><V47/><F47/><W57/><G45/><T94/><D119/><U124/><E44/><V26/><F26/><W18/><G39/><T125/><D36/><U85/><E25/><V134/><F134/><W3/><G3/><T90/><D132/><U80/><E124/><V108/><F108/><W72/><G41/><AGARI ba="0,1" hai="9,15,17,27,28,32,37,38,41,46,51,100,101,102" machi="41" ten="40,3900,0" yaku="1,1,52,1,53,0" doraHai="22" doraHaiUra="83" who="2" fromWho="3" sc="250,0,270,0,279,49,191,-39" /><INIT seed="2,1,0,2,2,54" ten="250,270,328,152" oya="2" hai0="125,25,93,105,101,81,31,45,103,94,77,13,116" hai1="129,84,118,17,100,113,59,95,0,37,61,64,73" hai2="89,8,53,76,3,98,4,42,57,24,34,33,91" hai3="114,130,49,21,69,46,66,85,134,133,70,107,55"/><V75/><F76/><W110/><G107/><T112/><D112/><U26/><E73/><V67/><F75/><W23/><G23/><T65/><D125/><U86/><E37/><V27/><F67/><W2/><G2/><T78/><D116/><U38/><E38/><V111/><F42/><W1/><G1/><T58/><D45/><U123/><E0/><V119/><F119/><W14/><G14/><T122/><D122/><U6/><E113/><V83/><F83/><W68/><G114/><T87/><D78/><U74/><E74/><V41/><F41/><W92/><G85/><T108/><D108/><U62/><E6/><V52/><F53/><W28/><G110/><T109/><D109/><U97/><E123/><V79/><F79/><W99/><G130/><T80/><D80/><U44/><E129/><V15/><F111/><W82/><G82/><T120/><D120/><U132/><E132/><V35/><F3/><W7/><G7/><T11/><D105/><U30/><E118/><V127/><F127/><W43/><G66/><T126/><D126/><U121/><E121/><V104/><F91/><W102/><REACH who="3" step="1"/><G43/><REACH who="3" ten="250,270,328,142" step="2"/><T90/><D81/><U96/><E64/><V88/><F104/><W117/><G117/><T12/><D12/><U19/><E86/><V50/><F15/><W106/><G106/><T56/><D65/><U22/><E84/><V128/><F128/><W36/><G36/><T48/><D87/><U63/><E22/><V47/><F33/><W16/><G16/><N who="0" m="8255" /><D93/><U72/><E95/><V32/><F32/><W131/><G131/><T10/><D94/><RYUUKYOKU ba="1,1" sc="250,-10,270,-10,328,-10,142,30" hai3="21,28,46,49,55,68,69,70,92,99,102,133,134" /><INIT seed="3,2,1,4,2,115" ten="240,260,318,172" oya="3" hai0="10,61,89,85,29,83,19,33,24,63,17,80,99" hai1="70,132,66,14,103,46,8,128,92,2,78,124,69" hai2="77,95,88,109,25,1,112,67,45,114,57,9,127" hai3="5,22,44,32,31,4,34,119,43,51,118,13,28"/><W130/><G51/><T60/><D99/><N who="1" m="59879" /><E2/><V94/><F77/><W36/><G44/><T18/><REACH who="0" step="1"/><D80/><REACH who="0" ten="230,260,318,172" step="2"/><U21/><E124/><V72/><F127/><W6/><G43/><T106/><D106/><U96/><E128/><V58/><F94/><W47/><G47/><T7/><D7/><U135/><E96/><V53/><F95/><W74/><G36/><T100/><D100/><U117/><E78/><V104/><F104/><W40/><G40/><T39/><D39/><U11/><E46/><V87/><F45/><W113/><G74/><T81/><D81/><U76/><E76/><V62/><F72/><W20/><G130/><T54/><D54/><U3/><E3/><V15/><F53/><W52/><G52/><T129/><D129/><U64/><E64/><V84/><F1/><W68/><G68/><T73/><D73/><U133/><E66/><V16/><F67/><W35/><G113/><T26/><D26/><U134/><E69/><V90/><F25/><W56/><G56/><T123/><D123/><U120/><E120/><V116/><F58/><W42/><G42/><T79/><D79/><U37/><E70/><V91/><F112/><W125/><G125/><T65/><D65/><U102/><E102/><V93/><F114/><W97/><G97/><T27/><D27/><U59/><E59/><V55/><F55/><W0/><G0/><T101/><D101/><U121/><E121/><V49/><F57/><W107/><G107/><T126/><D126/><U71/><E37/><V38/><F38/><W50/><G50/><T41/><D41/><U75/><E71/><RYUUKYOKU ba="2,2" sc="230,30,260,-10,318,-10,172,-10" hai0="10,17,18,19,24,29,33,60,61,63,83,85,89" owari="260,6.0,250,-15.0,328,42.8,162,-33.8" /></mjloggm>