<mjloggm ver="2.3"><GO type="225" lobby="0"/><UN n0="%E9%80%9F%E6%B0%B4%E5%87%9B%E9%A6%99" n1="%72%69%6F%75%63%68%61%6E" n2="%E9%A2%A8%E3%81%A7%E9%B3%B4%E3%81%8F" n3="%E3%81%8F%E3%81%BE%E3%81%96%E3%82%8F" dan="16,17,16,16" rate="2055.07,2270.53,2123.46,2041.89" sx="F,M,M,M"/><TAIKYOKU oya="0"/><INIT seed="0,0,0,5,1,57" ten="250,250,250,250" oya="0" hai0="79,20,50,94,75,85,2,6,36,42,72,45,123" hai1="25,91,40,30,96,4,114,16,15,82,81,109,51" hai2="11,48,22,7,88,5,78,92,130,13,39,119,117" hai3="24,52,63,126,116,74,12,90,73,97,33,23,47"/><T105/><D123/><U64/><E109/><V100/><F39/><W103/><G116/><N who="2" m="44617" /><F130/><W121/><G33/><T41/><D105/><U21/><E114/><V27/><F78/><W122/><G12/><T133/><D133/><U54/><E40/><V80/><F80/><W84/><G126/><T10/><D20/><U127/><E127/><V118/><N who="2" m="44625" /><V77/><DORA hai="102" /><F77/><W112/><G112/><T17/><D17/><U62/><E4/><N who="2" m="3303" /><F48/><W93/><G74/><T110/><D110/><U71/><E96/><N who="2" m="57351" /><F100/><W76/><G76/><T115/><D115/><U106/><E91/><V58/><F58/><W134/><G73/><T28/><D41/><U44/><REACH who="1" step="1"/><E106/><REACH who="1" ten="250,240,250,250" step="2"/><V46/><F46/><W65/><G122/><T56/><D45/><U131/><E131/><V101/><F101/><W55/><G47/><T8/><D42/><U89/><E89/><V68/><F68/><W14/><G121/><T67/><D6/><U69/><E69/><V1/><F1/><W18/><G134/><T3/><D2/><U34/><AGARI ba="0,1" hai="15,16,21,25,30,34,44,51,54,62,64,71,81,82" machi="34" ten="20,8000,1" yaku="1,1,0,1,7,1,52,1,54,1,53,0" doraHai="57,102" doraHaiUra="129,37" who="1" fromWho="1" sc="250,-40,240,90,250,-20,250,-20" /><INIT seed="1,0,0,0,5,72" ten="210,330,230,230" oya="1" hai0="39,84,90,4,61,68,54,65,30,2,59,57,105" hai1="35,20,124,113,67,63,88,131,73,1,101,103,95" hai2="94,47,92,120,75,102,85,50,55,56,93,24,26" hai3="15,69,27,81,53,117,109,19,87,37,45,82,0"/><U116/><E113/><V135/><F75/><W5/><G109/><T108/><D105/><U98/><E124/><V119/><F120/><W60/><G117/><T100/><D39/><U111/><E131/><V3/><F3/><W51/><G37/><T12/><D108/><U99/><E116/><V114/><F119/><W21/><G0/><T7/><D2/><U80/><E35/><V121/><F121/><W122/><G122/><T46/><D100/><U71/><E111/><V8/><F135/><W66/><G5/><T6/><D30/><U86/><E1/><V126/><F126/><W76/><REACH who="3" step="1"/><G82/><REACH who="3" ten="210,330,230,220" step="2"/><T34/><D34/><U10/><E10/><V49/><F8/><W74/><G74/><T134/><D134/><U123/><E123/><V78/><F114/><W48/><G48/><T33/><D33/><U36/><E36/><V32/><F32/><W77/><G77/><T41/><D4/><U104/><REACH who="1" step="1"/><E73/><REACH who="1" ten="210,320,230,220" step="2"/><V118/><F118/><W115/><G115/><T112/><D112/><U83/><E83/><N who="2" m="47351" /><F102/><W43/><G43/><AGARI ba="0,2" hai="24,26,43,47,49,50,55,56,92,93,94" m="47351" machi="43" ten="30,2000,0" yaku="8,1,52,1" doraHai="72" who="2" fromWho="3" sc="210,0,320,0,230,40,220,-20" /><INIT seed="2,0,0,5,3,53" ten="210,320,270,200" oya="2" hai0="119,87,60,26,122,100,121,110,15,71,108,4,78" hai1="69,109,27,43,42,6,92,101,57,12,79,10,49" hai2="5,48,75,24,128,47,112,90,82,102,105,131,88" hai3="126,89,67,130,38,32,96,44,86,62,20,56,93"/><V16/><F5/><W99/><G126/><T118/><D100/><U9/><E69/><V94/><F112/><W19/><G32/><T91/><D26/><U125/><E109/><N who="0" m="42089" /><D4/><U17/><E125/><V28/><F105/><W83/><G130/><N who="2" m="49705" /><F75/><W11/><G11/><T95/><D15/><N who="1" m="5559" /><E79/><V55/><F82/><W2/><G2/><T23/><D23/><N who="1" m="13807" /><E49/><V77/><F77/><W50/><G38/><T73/><D60/><U129/><E57/><N who="2" m="32999" /><F28/><W45/><G50/><T64/><D64/><U0/><E0/><V41/><F16/><W52/><G67/><T124/><D71/><U13/><E129/><V34/><F24/><N who="3" m="14367" /><G99/><T85/><D73/><U29/><E29/><V76/><F76/><AGARI ba="0,0" hai="44,45,52,56,62,76,83,86,89,93,96" m="14367" machi="76" ten="30,7700,0" yaku="25,1,8,1,52,1,54,1" doraHai="53" who="3" fromWho="2" sc="210,0,320,0,270,-77,200,77" /><INIT seed="3,0,0,4,2,33" ten="210,320,193,277" oya="3" hai0="107,97,48,0,67,43,56,36,72,9,40,19,126" hai1="127,4,62,71,25,15,46,22,1,38,129,92,128" hai2="130,16,3,14,29,53,20,73,30,120,61,80,99" hai3="111,47,123,115,34,125,98,12,104,10,94,32,68"/><W112/><G123/><T96/><D72/><U64/><E127/><V39/><F39/><W116/><G116/><T24/><D36/><U66/><E1/><V41/><F3/><W122/><G122/><T79/><D126/><U85/><E66/><V101/><F120/><W59/><G68/><T26/><D107/><U86/><E15/><V37/><F130/><N who="1" m="50281" /><E4/><V131/><F131/><W8/><G104/><T50/><D79/><U102/><E102/><V100/><F100/><W87/><G125/><T74/><D74/><U75/><E75/><V65/><F53/><W70/><G70/><T6/><D0/><U2/><E2/><V35/><F35/><W63/><G111/><T51/><D6/><U42/><E92/><V105/><F41/><W31/><G115/><T109/><D109/><U106/><E106/><V133/><F37/><W45/><G34/><T108/><D108/><U57/><E71/><V89/><F133/><W55/><G112/><T52/><D67/><U110/><E110/><V95/><F73/><W21/><G32/><T90/><D40/><U13/><E13/><V119/><F119/><W88/><G87/><T117/><D43/><U60/><E60/><V114/><F114/><W28/><G12/><N who="0" m="7567" /><D117/><U11/><E11/><N who="3" m="4138" /><G21/><T78/><D78/><U103/><E103/><V58/><F105/><W113/><G113/><T81/><D97/><U44/><E44/><AGARI ba="0,0" hai="28,31,44,45,47,55,59,63,88,94,98" m="4138" machi="44" ten="30,2900,0" yaku="8,1,54,1" doraHai="33" who="3" fromWho="1" sc="210,0,320,-29,193,0,277,29" owari="210,-19.0,291,9.1,193,-30.7,306,40.6" /></mjloggm>