<mjloggm ver="2.3"><GO type="225" lobby="0"/><UN n0="%70%68%65%6E%6F%6D%65" n1="%47%48%4F%53%54" n2="%E8%83%83%E3%81%A8%E8%85%B8" n3="%E3%83%97%E3%83%AC%E3%83%B4%E3%82%A1%E3%83%86%E3%82%A3" dan="16,17,17,16" rate="2132.12,2291.58,2236.16,2149.40" sx="M,M,M,F"/><TAIKYOKU oya="0"/><INIT seed="0,0,0,1,4,114" ten="250,250,250,250" oya="0" hai0="75,54,111,83,10,96,13,82,73,59,15,19,98" hai1="7,67,81,79,120,46,42,86,135,35,90,5,118" hai2="85,125,115,105,63,64,52,95,65,74,40,93,27" hai3="77,92,116,112,14,124,122,16,131,12,6,23,57"/><T30/><D111/><U62/><E118/><V68/><F74/><W31/><G112/><T113/><D113/><U91/><E120/><V44/><F115/><W109/><G122/><T17/><D30/><U84/><E135/><V99/><F125/><W55/><G124/><T104/><D104/><U119/><E35/><V103/><F64/><W132/><G109/><T24/><D24/><U69/><E119/><V106/><F27/><W48/><G132/><T127/><D127/><U18/><E18/><V29/><F29/><W11/><G131/><T20/><D75/><U51/><REACH who="1" step="1"/><E79/><REACH who="1" ten="250,240,250,250" step="2"/><V78/><F78/><W66/><G116/><T107/><D73/><U32/><E32/><V45/><F106/><W3/><G77/><T1/><D1/><U128/><E128/><V53/><F105/><W38/><G3/><T25/><D25/><U102/><E102/><V80/><F93/><AGARI ba="0,1" hai="5,7,42,46,51,62,67,69,81,84,86,90,91,93" machi="93" ten="30,3900,0" yaku="1,1,7,1,53,1" doraHai="114" doraHaiUra="58" who="1" fromWho="2" sc="250,0,240,49,250,-39,250,0" /><INIT seed="1,0,0,1,0,40" ten="250,289,211,250" oya="1" hai0="36,46,91,131,87,52,117,100,93,121,123,23,96" hai1="29,92,58,21,78,9,4,20,111,98,33,25,113" hai2="129,11,105,50,24,70,89,126,85,69,74,132,51" hai3="72,32,27,86,15,39,80,18,125,79,106,53,12"/><U133/><E113/><V55/><F74/><W88/><G39/><T119/><D131/><U61/><E133/><V102/><F132/><W94/><G125/><T1/><D1/><U90/><E78/><V108/><F126/><W103/><G53/><T42/><D23/><U54/><REACH who="1" step="1"/><E111/><REACH who="1" ten="250,279,211,250" step="2"/><V110/><F108/><W124/><G124/><T75/><D75/><U35/><E35/><V128/><F110/><W37/><G37/><T112/><D112/><U84/><E84/><V99/><F128/><W62/><G62/><T97/><D119/><U116/><E116/><V115/><F129/><W63/><G63/><T67/><D117/><U107/><E107/><V76/><F76/><W65/><G65/><T14/><D67/><U68/><E68/><V41/><F69/><W57/><G57/><T34/><D34/><U114/><E114/><V10/><F70/><W109/><G109/><T8/><D87/><U19/><E19/><V56/><F115/><W95/><G18/><T48/><D36/><U104/><E104/><V73/><F73/><W83/><G32/><T7/><REACH who="0" step="1"/><D42/><REACH who="0" ten="240,279,211,250" step="2"/><U118/><E118/><V38/><F38/><W16/><G72/><T64/><D64/><U127/><E127/><V49/><F41/><W2/><G79/><T47/><D47/><U59/><E59/><V120/><F56/><W71/><G71/><T122/><D122/><U45/><E45/><V60/><F120/><W17/><G86/><T135/><D135/><U26/><E26/><V77/><F24/><W6/><G27/><T31/><D31/><U0/><AGARI ba="0,2" hai="0,4,9,20,21,25,29,33,54,58,61,90,92,98" machi="0" ten="20,7800,0" yaku="1,1,0,1,7,1,53,1" doraHai="40" doraHaiUra="3" who="1" fromWho="1" sc="240,-26,279,98,211,-26,250,-26" /><INIT seed="1,1,0,0,5,68" ten="214,377,185,224" oya="1" hai0="47,49,9,27,30,107,42,56,133,11,36,65,99" hai1="96,91,84,12,39,24,121,28,82,37,77,41,111" hai2="67,88,29,33,35,48,90,113,15,73,105,66,16" hai3="1,134,51,26,10,6,4,117,63,40,23,70,44"/><U21/><E121/><V13/><F105/><W98/><G117/><T81/><D133/><U69/><E69/><V106/><F106/><W102/><G134/><T118/><D118/><U54/><E41/><V34/><F73/><W131/><G131/><T3/><D81/><U62/><E111/><V57/><F113/><W86/><G6/><T5/><D11/><U18/><E62/><V104/><F29/><W93/><G86/><T124/><D124/><U110/><E54/><V85/><F104/><W2/><G70/><T61/><D107/><U25/><E25/><V52/><F15/><W120/><G63/><T103/><D99/><U80/><E110/><V101/><F101/><W108/><G108/><T130/><D103/><U114/><E114/><V119/><F119/><W94/><G120/><T43/><D130/><U126/><E126/><V19/><F19/><W17/><REACH who="3" step="1"/><G93/><REACH who="3" ten="214,377,185,214" step="2"/><T100/><D5/><U75/><REACH who="1" step="1"/><E96/><REACH who="1" ten="214,367,185,214" step="2"/><V14/><F14/><AGARI ba="1,2" hai="1,2,4,10,14,17,23,26,40,44,51,94,98,102" machi="14" ten="30,3900,0" yaku="1,1,2,1,7,1,53,0" doraHai="68" doraHaiUra="123" who="3" fromWho="2" sc="214,0,367,0,185,-42,214,62" /><INIT seed="2,0,0,1,4,77" ten="214,367,143,276" oya="2" hai0="70,54,60,113,84,128,124,62,51,132,129,86,131" hai1="40,12,102,121,99,13,93,119,6,78,80,50,18" hai2="28,64,122,114,118,71,10,75,45,32,1,22,87" hai3="95,33,39,108,94,31,133,25,79,9,69,115,24"/><V8/><F75/><W104/><G69/><T61/><D113/><U116/><E121/><V43/><F114/><W46/><G115/><T7/><D70/><U42/><E6/><V65/><F122/><W14/><G108/><T55/><D124/><U82/><E119/><V2/><F32/><W130/><G104/><T36/><D36/><U96/><E78/><V57/><F71/><W29/><G130/><T109/><D109/><U21/><E116/><V30/><F118/><W11/><G133/><T127/><D127/><U58/><E99/><V52/><F2/><W90/><G79/><T76/><D132/><U41/><E13/><V89/><F1/><W37/><G46/><T134/><D134/><U106/><E106/><V91/><F45/><W49/><G49/><T72/><D7/><U100/><E100/><V15/><F43/><W47/><G47/><N who="0" m="28031" /><D55/><AGARI ba="0,0" hai="12,18,21,40,41,42,50,55,58,80,82,93,96,102" machi="55" ten="40,5200,0" yaku="8,1,52,2" doraHai="77" who="1" fromWho="0" sc="214,-52,367,52,143,0,276,0" /><INIT seed="3,0,0,5,5,58" ten="162,419,143,276" oya="3" hai0="31,82,106,57,52,24,22,88,14,45,113,4,23" hai1="96,116,124,91,76,114,40,115,46,43,55,11,50" hai2="59,107,29,99,15,65,41,78,86,69,10,3,84" hai3="54,134,77,74,17,35,2,129,85,73,93,72,132"/><W63/><G2/><T61/><D106/><U64/><E124/><V48/><F3/><W60/><G35/><T25/><D113/><U19/><E116/><V66/><F69/><W9/><G129/><T37/><D37/><U89/><E76/><V13/><F107/><W12/><G54/><T0/><D0/><U27/><E64/><V103/><F29/><W1/><G1/><T95/><D82/><U112/><E96/><V110/><F110/><W8/><G8/><N who="0" m="4359" /><D45/><U118/><E118/><V16/><F13/><W101/><G101/><T49/><D49/><U79/><E79/><V121/><F121/><W122/><G122/><T123/><D123/><U83/><E27/><N who="0" m="10313" /><D31/><U75/><E75/><V109/><F109/><W135/><REACH who="3" step="1"/><G77/><REACH who="3" ten="162,419,143,266" step="2"/><T39/><D39/><U62/><E55/><N who="2" m="32231" /><F78/><W98/><G98/><AGARI ba="0,1" hai="22,23,52,57,61,88,95,98" m="10313,4359" machi="98" ten="30,7700,0" yaku="8,1,52,1,54,2" doraHai="58" who="0" fromWho="3" sc="162,87,419,0,143,0,266,-77" owari="249,4.9,419,51.9,143,-35.7,189,-21.1" /></mjloggm>