<mjloggm ver="2.3"><GO type="225" lobby="0"/><UN n0="%E4%BA%95%E5%B8%AF" n1="%E6%9D%B1%E9%A2%A8%E3%81%AE%E3%81%8D%E3%82%83%E3%81%B7%E3%81%95%E3%82%93" n2="%E3%83%94%E3%83%B3%E3%82%B5%E3%83%AD%E5%BA%97%E5%93%A1" n3="%4C%4F%4C%49%54%41" dan="16,17,16,16" rate="2058.44,2232.59,2151.02,2140.57" sx="M,M,M,F"/><TAIKYOKU oya="0"/><INIT seed="0,0,0,3,3,81" ten="250,250,250,250" oya="0" hai0="117,44,77,60,18,47,107,125,4,78,83,103,16" hai1="121,5,112,22,55,23,45,28,91,108,61,113,82" hai2="48,57,69,128,41,93,70,67,97,8,118,94,79" hai3="104,29,76,116,39,50,6,95,53,87,133,98,73"/><T75/><D117/><U11/><E108/><V13/><F118/><W119/><G39/><T10/><D125/><U20/><E121/><V127/><F127/><W129/><G133/><T12/><D78/><U15/><E28/><V24/><F128/><W32/><G129/><T80/><D83/><U64/><E45/><N who="2" m="25647" /><F70/><W123/><G123/><T111/><D111/><U102/><E55/><V126/><F69/><W135/><G135/><T30/><D30/><U17/><E102/><V34/><F34/><W7/><G32/><T49/><D60/><U120/><E120/><V101/><F79/><W114/><G114/><T3/><D18/><U88/><E5/><V46/><F46/><W99/><G29/><T109/><D109/><U84/><REACH who="1" step="1"/><E91/><REACH who="1" ten="250,240,250,250" step="2"/><V130/><F126/><W100/><G116/><T66/><D66/><U85/><E85/><V9/><F130/><W134/><G119/><T56/><D103/><U132/><E132/><V54/><F67/><W52/><G134/><T96/><D96/><U106/><E106/><V51/><F97/><W110/><G110/><T37/><D107/><U21/><N who="1" m="5120" /><DORA hai="115" /><U1/><E1/><V36/><F101/><N who="3" m="60639" /><G87/><T2/><D2/><U42/><E42/><V74/><F74/><W72/><G53/><N who="0" m="31791" /><D3/><U33/><E33/><V43/><F43/><W0/><G0/><T68/><D4/><N who="3" m="1577" /><G73/><T131/><D131/><U122/><E122/><V86/><F86/><W92/><G104/><T59/><D75/><U124/><E124/><V35/><F35/><W26/><G72/><T89/><D89/><U62/><E62/><V25/><F54/><RYUUKYOKU ba="0,1" sc="250,-10,240,30,250,-10,250,-10" hai1="11,15,17,61,64,82,84,88,112,113" /><INIT seed="1,1,1,2,3,4" ten="240,270,240,240" oya="1" hai0="118,77,92,119,26,40,101,68,14,110,20,133,130" hai1="34,5,122,125,127,1,41,123,78,117,12,10,35" hai2="103,23,42,3,25,105,76,44,58,79,54,71,85" hai3="0,49,81,63,60,112,31,82,106,135,124,69,59"/><U48/><E78/><V50/><F71/><W131/><G112/><T84/><D110/><U99/><E99/><V128/><F128/><W121/><G121/><N who="1" m="46090" /><E41/><V24/><F3/><W57/><G106/><T129/><D68/><U98/><E98/><V88/><F103/><W9/><G69/><T37/><D37/><U11/><E48/><V83/><F105/><W28/><G124/><N who="1" m="47690" /><E117/><V32/><F32/><W95/><G49/><T86/><D40/><U115/><E115/><V89/><F79/><W36/><G36/><T94/><D77/><U108/><E108/><V67/><F67/><W80/><G95/><T7/><D101/><U100/><E100/><V75/><F75/><W27/><G59/><T72/><D72/><U132/><E132/><V104/><F104/><W114/><G114/><T13/><D133/><U109/><E109/><V70/><F70/><W39/><G39/><T64/><D64/><U90/><E90/><N who="2" m="34923" /><F23/><W43/><G135/><T65/><D65/><U15/><E1/><V46/><F46/><W116/><G0/><T22/><D118/><U52/><E52/><V6/><F6/><AGARI ba="1,1" hai="5,6,10,11,12,15,34,35" m="47690,46090" machi="6" ten="30,12000,1" yaku="18,1,34,2,52,2" doraHai="4" who="1" fromWho="2" sc="240,0,270,133,240,-123,240,0" /><INIT seed="1,2,0,5,5,72" ten="240,403,117,240" oya="1" hai0="8,4,108,18,24,45,114,115,61,25,76,7,117" hai1="103,27,23,133,21,98,110,41,97,123,34,51,125" hai2="116,85,62,67,30,135,16,121,20,10,1,43,19" hai3="131,95,79,92,82,80,48,74,127,53,71,107,63"/><U55/><E123/><V78/><F116/><W64/><G107/><T35/><D117/><U6/><E133/><V2/><F121/><W26/><G127/><T37/><D61/><U96/><E110/><V134/><F43/><W50/><G131/><T3/><D45/><U111/><E111/><V118/><F118/><W89/><G26/><T105/><D37/><U101/><E41/><V87/><F30/><W129/><G129/><T44/><D44/><U52/><E6/><V113/><F113/><W99/><G53/><T84/><D105/><U39/><E39/><V49/><F49/><W17/><G17/><T28/><D108/><U100/><E125/><V132/><F19/><W109/><G109/><T0/><D84/><U106/><E106/><V77/><F87/><W112/><G112/><T69/><D76/><N who="2" m="29290" /><F85/><W32/><G32/><T104/><D69/><U14/><E34/><V124/><F10/><W38/><G38/><T15/><D104/><U68/><E68/><N who="2" m="42103" /><F124/><W58/><G71/><T31/><D115/><U66/><E66/><V46/><F46/><W73/><G73/><T91/><D114/><U57/><E14/><AGARI ba="2,0" hai="1,2,14,16,20,132,134,135" m="42103,29290" machi="14" ten="30,8000,1" yaku="20,1,52,3,54,1" doraHai="72" who="2" fromWho="1" sc="240,0,403,-86,117,86,240,0" /><INIT seed="2,0,0,0,0,62" ten="240,317,203,240" oya="2" hai0="88,115,73,25,78,102,20,101,6,5,77,24,31" hai1="129,41,35,44,67,51,38,90,2,64,59,13,63" hai2="54,122,60,130,39,132,127,47,119,55,21,57,72" hai3="108,23,96,46,33,91,58,110,128,89,94,74,124"/><V66/><F72/><W42/><G33/><T117/><D115/><U95/><E2/><V16/><F119/><W92/><G74/><T76/><D73/><U12/><E35/><V52/><F122/><W49/><G124/><T135/><D135/><U103/><E129/><V4/><F130/><W86/><G128/><T37/><D37/><U80/><E38/><V48/><F127/><W134/><G134/><T14/><D117/><U36/><E36/><V1/><F132/><W131/><G131/><T22/><D14/><U17/><E80/><V126/><F126/><W85/><G23/><T84/><D6/><U93/><E67/><V75/><F75/><W28/><G28/><N who="0" m="17415" /><D5/><U11/><E103/><V40/><F4/><W123/><G123/><T111/><D111/><U70/><E70/><N who="2" m="42311" /><F1/><W68/><G68/><T99/><D99/><U100/><E100/><V118/><F118/><W104/><G104/><T105/><D105/><U15/><E95/><AGARI ba="0,0" hai="22,25,31,76,77,78,84,88,95,101,102" m="17415" machi="95" ten="30,2000,0" yaku="8,1,54,1" doraHai="62" who="0" fromWho="1" sc="240,20,317,-20,203,0,240,0" /><INIT seed="3,0,0,2,4,97" ten="260,297,203,240" oya="3" hai0="92,111,4,63,116,73,84,24,86,1,28,88,59" hai1="66,10,129,6,51,13,62,126,71,60,79,125,106" hai2="89,8,102,11,134,18,16,33,43,96,110,85,90" hai3="27,130,133,20,49,94,3,112,115,80,78,82,72"/><W98/><G3/><T35/><D73/><U53/><E106/><V83/><F110/><W65/><G130/><T55/><D116/><U32/><E129/><V68/><F68/><W61/><G49/><T124/><D124/><N who="1" m="47723" /><E79/><V76/><F33/><W75/><G133/><T19/><D111/><U31/><E32/><V95/><F43/><W30/><G80/><T91/><D19/><N who="2" m="7210" /><F134/><W54/><G54/><T108/><D108/><U12/><E31/><V37/><F37/><W29/><G29/><T122/><D122/><U22/><E62/><V57/><F57/><W15/><G15/><T64/><D1/><N who="1" m="335" /><E22/><V21/><F21/><W14/><G14/><T56/><D4/><U42/><E42/><V5/><F5/><W9/><G9/><AGARI ba="0,0" hai="8,9,11,76,83,85,89,90,95,96,102" m="7210" machi="9" ten="30,3900,0" yaku="8,1,52,1,54,1" doraHai="97" who="2" fromWho="3" sc="260,0,297,0,203,39,240,-39" /><INIT seed="4,0,0,5,3,101" ten="260,297,242,201" oya="0" hai0="20,106,19,67,105,28,53,12,4,34,96,124,25" hai1="32,115,119,120,31,100,52,84,63,45,77,27,46" hai2="62,126,64,114,98,73,92,134,65,89,68,1,33" hai3="69,129,88,13,61,127,111,132,55,3,15,107,26"/><T93/><D124/><U50/><E120/><V117/><F33/><W116/><G111/><T118/><D118/><U48/><E119/><V121/><F117/><W39/><G116/><T35/><D67/><U59/><E115/><V5/><F121/><W86/><G3/><T17/><D35/><U8/><E100/><V9/><F114/><W80/><G39/><T0/><D53/><U66/><E8/><V29/><F134/><W78/><G127/><T6/><D19/><U125/><E125/><V36/><F36/><W70/><G129/><T75/><D75/><U7/><E7/><V128/><F126/><W49/><G132/><T95/><D95/><U135/><E135/><V43/><F43/><W30/><G107/><T2/><D6/><U18/><E18/><V44/><F44/><W10/><G78/><T113/><D0/><U82/><E48/><V72/><F29/><W54/><G54/><T41/><D41/><U104/><E104/><V56/><F128/><W60/><G70/><AGARI ba="0,0" hai="27,31,32,45,46,50,52,59,63,66,70,77,82,84" machi="70" ten="30,2000,0" yaku="7,1,54,1" doraHai="101" who="1" fromWho="3" sc="260,0,297,20,242,0,201,-20" owari="260,6.0,317,41.7,242,-15.8,181,-31.9" /></mjloggm>