<mjloggm ver="2.3"><GO type="225" lobby="0"/><UN n0="%EF%BC%81%E3%81%BC%E3%81%9F%E3%82%82%E3%81%A1%EF%BC%81" n1="%E6%80%AA%E3%81%97%E3%81%99%E3%81%8E%E3%82%8B%E3%83%81%E3%83%BC" n2="%72%61%6B%33" n3="%E9%89%A2%E5%B7%BB%E3%82%AC%E3%83%96" dan="17,16,18,16" rate="2204.24,2175.29,2250.42,2077.03" sx="M,M,M,M"/><TAIKYOKU oya="0"/><INIT seed="0,0,0,2,2,84" ten="250,250,250,250" oya="0" hai0="42,64,75,4,100,85,127,86,112,7,44,65,1" hai1="21,93,54,76,68,99,46,125,5,70,57,9,109" hai2="3,134,74,16,126,63,98,53,82,48,92,88,118" hai3="6,37,14,94,67,105,15,77,41,31,28,8,80"/><T25/><D75/><U60/><E109/><V113/><F113/><W29/><G105/><T43/><D112/><U135/><E125/><V24/><F126/><W103/><G67/><T73/><D73/><U95/><E135/><V117/><F134/><W124/><G124/><T83/><D127/><U122/><E122/><V115/><F3/><W19/><G37/><T104/><D100/><U49/><E76/><V36/><F36/><W39/><G39/><T45/><D104/><U52/><E21/><N who="2" m="13351" /><F115/><W116/><G41/><T69/><D1/><U78/><E78/><N who="2" m="44375" /><F48/><W90/><G103/><T47/><D25/><U128/><E128/><V81/><F81/><W27/><G27/><T129/><D83/><U10/><E95/><V131/><F131/><W130/><G80/><T26/><D129/><U66/><E66/><N who="0" m="25705" /><D26/><U30/><E30/><V79/><F79/><W59/><G77/><T107/><D69/><U106/><E106/><V18/><F18/><W56/><G130/><T20/><D107/><U71/><REACH who="1" step="1"/><E5/><REACH who="1" ten="250,240,250,250" step="2"/><N who="0" m="2121" /><D20/><U55/><E55/><V38/><F38/><W0/><G29/><T87/><AGARI ba="0,1" hai="42,43,44,45,47,85,86,87" m="2121,25705" machi="87" ten="40,7800,0" yaku="28,2,8,1" doraHai="84" who="0" fromWho="0" sc="250,88,240,-26,250,-26,250,-26" /><INIT seed="0,1,0,3,4,89" ten="338,214,224,224" oya="0" hai0="124,76,107,4,7,24,86,51,43,114,0,49,96" hai1="20,100,27,14,1,12,32,3,45,63,119,104,79" hai2="80,121,36,59,19,133,65,135,30,82,22,116,21" hai3="41,60,71,122,40,5,99,92,91,68,85,38,48"/><T16/><D114/><U111/><E119/><V131/><F36/><W105/><G122/><T102/><D124/><U8/><E111/><V113/><F121/><W15/><G38/><T25/><D25/><U37/><E79/><V108/><F108/><W28/><G28/><T64/><D64/><U115/><E115/><V103/><F131/><W77/><G60/><T46/><D0/><U129/><E129/><V54/><F65/><W70/><G48/><T57/><D76/><U110/><E110/><V44/><F44/><W75/><G15/><T56/><D86/><U117/><E63/><V127/><F103/><N who="3" m="62719" /><G5/><T2/><D2/><U10/><E32/><V33/><F33/><W47/><G47/><T118/><D118/><U52/><E117/><V9/><F116/><W98/><G98/><T94/><D107/><U78/><E78/><V29/><F113/><W84/><G84/><T125/><D125/><U55/><E104/><V17/><F127/><W90/><G90/><T53/><D57/><U58/><E100/><V126/><F126/><W97/><G97/><T39/><D39/><U42/><E3/><V66/><F66/><W26/><G26/><T13/><D24/><U101/><E101/><V50/><F59/><W81/><AGARI ba="1,0" hai="40,41,68,70,71,75,77,81,85,91,92" m="62719" machi="81" ten="40,2700,0" yaku="24,1,52,1" doraHai="89" who="3" fromWho="3" sc="338,-14,214,-8,224,-8,224,30" /><INIT seed="1,0,0,1,2,126" ten="324,206,216,254" oya="1" hai0="44,106,70,116,119,0,78,15,50,123,22,95,81" hai1="105,40,37,56,18,132,91,101,35,21,36,72,9" hai2="79,124,66,52,4,47,129,23,60,63,39,12,93" hai3="67,122,117,10,71,88,51,107,54,17,11,29,49"/><U115/><E115/><V30/><F129/><W133/><G122/><T61/><D0/><U46/><E35/><V48/><F124/><W55/><G107/><T58/><D106/><U64/><E132/><V68/><F79/><W26/><G67/><T114/><D70/><U98/><E72/><V19/><F63/><W20/><G71/><T5/><D114/><U62/><E9/><V45/><F30/><W113/><G113/><T90/><D123/><U41/><E91/><V25/><F93/><W128/><G133/><T69/><D69/><U65/><E65/><V13/><REACH who="2" step="1"/><F4/><REACH who="2" ten="324,206,206,254" step="2"/><W74/><G29/><T92/><D92/><U108/><E108/><V76/><F76/><W82/><G128/><T118/><D78/><U99/><E99/><V77/><F77/><W125/><G125/><T89/><D81/><U24/><REACH who="1" step="1"/><E40/><AGARI ba="0,1" hai="12,13,19,23,25,39,40,45,47,48,52,60,66,68" machi="40" ten="40,2600,0" yaku="1,1,54,1,53,0" doraHai="126" doraHaiUra="102" who="2" fromWho="1" sc="324,0,206,-26,206,36,254,0" /><INIT seed="2,0,0,2,0,32" ten="324,180,242,254" oya="2" hai0="73,64,53,51,80,70,59,12,61,97,18,126,66" hai1="72,121,122,23,130,68,47,28,25,107,71,43,101" hai2="17,110,56,96,75,86,123,132,99,24,58,4,120" hai3="48,14,116,79,127,27,41,87,7,67,62,100,95"/><V111/><F75/><W1/><G1/><T84/><D126/><U135/><E72/><V10/><F86/><W52/><G116/><T133/><D133/><U83/><E135/><V114/><F132/><W88/><G41/><T35/><D35/><N who="1" m="20879" /><E83/><V90/><F114/><W39/><G39/><T113/><D113/><U115/><E23/><V57/><F24/><W85/><G100/><T45/><D97/><N who="2" m="37450" /><F17/><W105/><G105/><T0/><D73/><U60/><E101/><V117/><F90/><W98/><G127/><T16/><D0/><U22/><E22/><V124/><F124/><W37/><G37/><T21/><D18/><U109/><E107/><V6/><F117/><W77/><G27/><T9/><D21/><U31/><E31/><V81/><F81/><W11/><G79/><N who="0" m="46111" /><D70/><N who="1" m="26667" /><E115/><V103/><F103/><W20/><G20/><T108/><D16/><U5/><E5/><N who="2" m="2155" /><F10/><W55/><G77/><T74/><D74/><U92/><E92/><V3/><F3/><W104/><G104/><T15/><D9/><U49/><E60/><V65/><F65/><W19/><G19/><T33/><D66/><U36/><E49/><V26/><F26/><W118/><G118/><T89/><D89/><U91/><E91/><V2/><F2/><W30/><G30/><T78/><D15/><U94/><E94/><V102/><F102/><W131/><G67/><T50/><D12/><U13/><E13/><V40/><F40/><W38/><G88/><T82/><D64/><U54/><E43/><V93/><F93/><W8/><G95/><T46/><D82/><U34/><E36/><RYUUKYOKU ba="0,0" sc="324,-10,180,-10,242,30,254,-10" hai2="56,57,58,110,111,120,123" /><INIT seed="2,1,0,3,3,1" ten="314,170,272,244" oya="2" hai0="8,75,81,32,41,93,86,92,91,112,30,89,87" hai1="54,85,50,28,48,69,115,99,104,79,98,31,43" hai2="27,58,63,106,130,78,68,97,110,39,45,4,53" hai3="118,128,133,20,73,71,134,67,17,13,42,3,55"/><V72/><F130/><W11/><G73/><T61/><D112/><U94/><E115/><V119/><F119/><W0/><G118/><T60/><D41/><U113/><E113/><V105/><F110/><W109/><G42/><T56/><D32/><U62/><E104/><V83/><F27/><N who="3" m="14735" /><G55/><T114/><D30/><N who="1" m="11307" /><E69/><V100/><F68/><W111/><G67/><T123/><D114/><U26/><E26/><V25/><F25/><W77/><G77/><T24/><D24/><U37/><E37/><V2/><F97/><N who="1" m="36873" /><E43/><V116/><F100/><W70/><G71/><T96/><D75/><U126/><E126/><V127/><F127/><W84/><G84/><T121/><D121/><U40/><E40/><N who="2" m="22687" /><F116/><W36/><G36/><T22/><D123/><U33/><E33/><V66/><F66/><W135/><G70/><T5/><D96/><U88/><E79/><V7/><F2/><N who="3" m="555" /><G128/><T129/><D129/><U59/><AGARI ba="1,0" hai="48,50,54,59,62,85,88,94" m="36873,11307" machi="59" ten="30,2000,0" yaku="8,1,54,1" doraHai="1" who="1" fromWho="1" sc="314,-6,170,23,272,-11,244,-6" /><INIT seed="3,0,0,1,0,129" ten="308,193,261,238" oya="3" hai0="87,82,86,85,32,67,88,115,8,24,89,132,109" hai1="92,111,19,54,51,15,4,38,59,6,61,23,48" hai2="128,55,90,103,25,7,112,33,53,123,74,36,119" hai3="20,98,97,5,75,133,17,31,42,120,60,27,62"/><W105/><G120/><T9/><D132/><U104/><E104/><V21/><F36/><W73/><G133/><T80/><D115/><U39/><E111/><V58/><F33/><W52/><G5/><T0/><D109/><U45/><E38/><V118/><F74/><W126/><G42/><T11/><D0/><U107/><E107/><V66/><F112/><W10/><G126/><T57/><D86/><U16/><E39/><V76/><F76/><W131/><G131/><T77/><D77/><U70/><E70/><V69/><F7/><W79/><G62/><N who="0" m="38351" /><D32/><U13/><E92/><V28/><F123/><W43/><G43/><T14/><D24/><U18/><E51/><V49/><F128/><W106/><G97/><T29/><D29/><U34/><E34/><V63/><F103/><W94/><G10/><T102/><D102/><U12/><REACH who="1" step="1"/><E23/><REACH who="1" ten="308,183,261,238" step="2"/><V40/><F21/><N who="3" m="15855" /><G106/><T37/><D37/><U44/><E44/><V125/><F69/><W108/><G105/><T56/><D56/><U96/><E96/><V78/><F58/><N who="3" m="34887" /><G108/><T83/><D83/><U127/><E127/><V30/><F125/><W110/><G110/><T65/><D82/><U135/><E135/><V116/><F116/><W100/><G79/><T50/><D80/><U46/><E46/><V26/><F78/><W93/><G93/><T95/><D50/><U101/><E101/><V124/><F119/><W1/><G75/><T41/><D95/><U122/><E122/><V71/><F118/><W114/><G73/><T22/><D22/><U2/><E2/><V47/><F124/><W121/><G1/><RYUUKYOKU ba="0,1" sc="308,-10,183,30,261,-10,238,-10" hai1="4,6,12,13,15,16,18,19,45,48,54,59,61" /><INIT seed="4,1,1,5,4,98" ten="298,213,251,228" oya="0" hai0="107,117,12,6,40,99,109,114,133,46,135,25,8" hai1="54,50,101,41,128,74,89,70,23,17,97,22,36" hai2="85,33,5,81,66,126,2,4,26,82,72,39,76" hai3="21,42,35,67,10,88,106,122,34,16,53,92,62"/><T1/><D117/><U120/><E120/><V131/><F126/><W20/><G106/><T63/><D114/><U112/><E70/><V31/><F131/><W78/><G122/><T0/><D109/><U55/><E74/><V125/><F125/><W132/><G132/><N who="0" m="50763" /><D63/><U113/><E128/><V37/><F66/><W9/><G42/><T60/><D60/><U116/><E116/><V134/><F134/><W100/><G78/><T38/><D25/><N who="1" m="14543" /><E89/><V110/><F110/><W91/><G67/><T58/><D58/><U19/><E36/><V11/><REACH who="2" step="1"/><F4/><REACH who="2" ten="298,213,241,228" step="2"/><W96/><G35/><T24/><D24/><N who="1" m="14463" /><E113/><V29/><F29/><W118/><G34/><T52/><D52/><N who="1" m="20011" /><E112/><V61/><F61/><W127/><G62/><T86/><D6/><U7/><E7/><V43/><F43/><W15/><G127/><T123/><D123/><U83/><E41/><V73/><F73/><W121/><G53/><T104/><D40/><U129/><E129/><V65/><F65/><W28/><G121/><T69/><D38/><U93/><E50/><V108/><F108/><W115/><G115/><T59/><D69/><U49/><E49/><V90/><AGARI ba="1,2" hai="2,5,11,26,31,33,37,39,72,76,81,82,85,90" machi="90" ten="20,5200,0" yaku="1,1,0,1,7,1,53,1" doraHai="98" doraHaiUra="27" who="2" fromWho="2" sc="298,-27,213,-14,241,75,228,-14" owari="271,7.1,199,-30.1,316,41.6,214,-18.6" /></mjloggm>