<mjloggm ver="2.3"><GO type="225" lobby="0"/><UN n0="%72%65%6E%6B%75%6E" n1="%E6%B8%A9%E2%98%85%E6%83%85%E2%98%85%E6%8E%AA%E2%98%85%E7%BD%AE" n2="%63%68%78%62%64" n3="%E3%81%86%E3%82%8B%E3%81%8A%E3%81%A1%E3%82%83" dan="17,17,16,16" rate="2266.67,2261.88,2137.21,2075.23" sx="M,M,M,F"/><TAIKYOKU oya="0"/><INIT seed="0,0,0,3,2,88" ten="250,250,250,250" oya="0" hai0="48,32,63,55,119,65,115,39,44,45,19,67,62" hai1="42,21,9,78,53,43,23,58,66,57,73,64,129" hai2="25,109,46,108,40,31,77,91,113,12,126,1,123" hai3="110,24,60,100,26,96,131,3,20,75,76,52,5"/><T33/><D115/><U82/><E129/><V116/><F113/><W97/><G131/><T16/><D119/><U72/><E9/><V135/><F123/><W130/><G130/><T71/><D39/><U117/><E117/><V13/><F116/><W37/><G37/><T10/><D45/><U84/><E53/><V54/><F135/><W56/><G110/><N who="2" m="42601" /><F1/><W81/><G96/><T11/><D11/><U127/><E127/><V99/><F54/><W30/><G26/><T87/><D87/><U112/><E112/><V90/><F77/><W35/><G3/><T36/><D36/><U79/><REACH who="1" step="1"/><E84/><REACH who="1" ten="250,240,250,250" step="2"/><V69/><F126/><W128/><G128/><T80/><D80/><AGARI ba="0,1" hai="21,23,42,43,57,58,64,66,72,73,78,79,80,82" machi="80" ten="25,6400,0" yaku="1,1,2,1,22,2,53,0" doraHai="88" doraHaiUra="85" who="1" fromWho="0" sc="250,-64,240,74,250,0,250,0" /><INIT seed="1,0,0,0,4,39" ten="186,314,250,250" oya="1" hai0="32,100,36,108,14,3,26,63,47,53,55,11,107" hai1="4,33,91,60,45,101,25,76,0,50,116,57,83" hai2="38,16,40,9,127,92,106,114,105,85,72,122,46" hai3="43,71,109,82,87,125,90,120,7,135,118,35,30"/><U51/><E116/><V88/><F122/><W78/><G71/><T27/><D3/><U93/><E101/><V28/><F72/><W112/><G7/><T48/><D108/><U5/><E0/><V66/><F127/><W79/><G30/><T6/><D36/><U24/><E33/><V73/><F73/><W104/><G104/><T119/><D119/><U80/><E5/><V98/><F114/><W124/><G35/><T111/><D111/><U74/><E4/><V12/><F28/><W56/><G135/><T129/><D129/><U97/><E83/><V89/><F66/><W95/><G112/><T2/><D2/><U131/><E131/><V102/><F89/><W121/><G109/><T41/><D32/><U34/><E34/><V37/><F37/><W68/><G68/><T19/><D63/><U115/><E115/><V113/><F113/><W117/><G118/><T96/><REACH who="0" step="1"/><D6/><REACH who="0" ten="176,314,250,250" step="2"/><U81/><E60/><V134/><REACH who="2" step="1"/><F134/><REACH who="2" ten="176,314,240,250" step="2"/><W128/><G117/><T103/><D103/><N who="1" m="60847" /><E74/><V8/><F8/><W23/><G128/><T84/><D84/><U69/><E69/><V94/><AGARI ba="0,2" hai="9,12,16,38,40,46,85,88,92,94,98,102,105,106" machi="94" ten="20,12000,2" yaku="1,1,0,1,7,1,52,1,54,2,53,1" doraHai="39" doraHaiUra="15" who="2" fromWho="2" sc="176,-30,314,-60,240,140,250,-30" /><INIT seed="2,0,0,0,4,68" ten="146,254,380,220" oya="2" hai0="23,46,92,29,118,111,101,21,56,26,75,9,95" hai1="86,63,18,127,105,134,88,52,16,0,98,81,108" hai2="8,54,112,83,80,85,125,17,50,32,126,71,130" hai3="24,107,11,82,61,100,65,43,91,90,14,67,22"/><V48/><F112/><W15/><G107/><T4/><D75/><U19/><E0/><V53/><F71/><W33/><G33/><T124/><D111/><U114/><E114/><V87/><F32/><W119/><G119/><T42/><D124/><N who="2" m="47722" /><F130/><W31/><G100/><T3/><D118/><U99/><E127/><V97/><F97/><N who="1" m="36873" /><E105/><V60/><F17/><W25/><G43/><T64/><D101/><U78/><E108/><V109/><F109/><W1/><G1/><T28/><D64/><U93/><E134/><V89/><F8/><W133/><G133/><T35/><D56/><N who="1" m="35207" /><E93/><V58/><F54/><W66/><G25/><T69/><D69/><U120/><E120/><V13/><F13/><W135/><G135/><T12/><D29/><U84/><E84/><V72/><F72/><W132/><G15/><T116/><D116/><U41/><E41/><V102/><F102/><W7/><G132/><T79/><D79/><AGARI ba="0,0" hai="16,18,19,78,79,81,86,88" m="35207,36873" machi="79" ten="30,7700,0" yaku="8,1,54,3" doraHai="68" who="1" fromWho="0" sc="146,-77,254,77,380,0,220,0" /><AGARI ba="0,0" hai="48,50,53,58,60,79,80,83,85,87,89" m="47722" machi="79" ten="30,1500,0" yaku="18,1" doraHai="68" who="2" fromWho="0" sc="69,-15,331,0,380,15,220,0" /><INIT seed="2,1,0,4,3,17" ten="54,331,395,220" oya="2" hai0="92,120,90,64,2,20,87,57,30,117,36,97,46" hai1="80,42,101,41,32,105,98,59,102,111,95,133,91" hai2="58,108,11,99,51,131,0,83,45,55,79,43,62" hai3="121,68,119,44,100,35,10,22,103,23,9,69,107"/><V21/><F108/><W34/><G119/><T29/><D2/><U118/><E118/><V18/><F131/><W81/><G121/><T85/><D117/><U106/><E111/><V126/><F99/><W3/><G107/><T125/><D125/><U28/><E133/><V53/><F126/><W61/><G3/><T76/><D120/><U67/><E80/><V24/><F0/><W116/><G116/><T77/><D36/><U72/><E72/><V124/><F11/><W54/><G81/><T114/><D46/><U40/><E106/><V25/><F124/><W14/><G14/><T82/><D114/><U115/><E115/><V7/><F7/><W39/><G44/><T128/><D128/><U78/><E78/><V134/><F134/><W93/><G93/><T1/><D1/><U19/><E19/><V15/><REACH who="2" step="1"/><F43/><REACH who="2" ten="54,331,385,220" step="2"/><W130/><G130/><T63/><D30/><U47/><E40/><V13/><F13/><W48/><G10/><T65/><D65/><U71/><E42/><V74/><AGARI ba="1,1" hai="15,18,21,24,25,45,51,53,55,58,62,74,79,83" machi="74" ten="20,7800,0" yaku="1,1,0,1,7,1,52,1,53,0" doraHai="17" doraHaiUra="33" who="2" fromWho="2" sc="54,-27,331,-27,385,91,220,-27" /><INIT seed="2,2,0,5,2,112" ten="27,304,476,193" oya="2" hai0="80,60,29,14,10,40,91,16,74,76,72,73,21" hai1="124,111,47,7,6,94,100,35,85,89,108,11,115" hai2="79,63,125,88,118,114,59,15,31,123,56,8,38" hai3="48,99,30,50,37,84,55,102,126,24,4,22,1"/><V66/><F118/><W129/><G37/><T96/><D40/><U45/><E115/><V78/><F123/><W64/><G126/><T33/><D33/><U77/><E124/><V39/><F114/><W71/><G129/><T65/><D91/><U19/><E35/><V27/><F125/><W119/><G119/><T17/><D29/><U61/><E77/><V32/><F39/><W90/><G48/><T52/><D96/><U5/><E100/><V41/><F41/><W46/><G71/><T120/><D120/><U135/><E135/><V98/><F38/><W68/><G68/><T87/><D65/><U103/><E103/><V133/><F133/><W57/><G1/><T53/><REACH who="0" step="1"/><D60/><REACH who="0" ten="17,304,476,193" step="2"/><U25/><E89/><V86/><F98/><W69/><G99/><T51/><D51/><U2/><E61/><V13/><F63/><W113/><G90/><T127/><D127/><U26/><E111/><V9/><F66/><W104/><G64/><T75/><N who="0" m="18432" /><DORA hai="0" /><T20/><D20/><U128/><E108/><V58/><F8/><W132/><G22/><T95/><D95/><U44/><E94/><V131/><F131/><W81/><G30/><T83/><D83/><U116/><E11/><V97/><F97/><W121/><G81/><T3/><D3/><U34/><E2/><V62/><F62/><W106/><G50/><T18/><D18/><U117/><E128/><V43/><F43/><W93/><G93/><T134/><D134/><U130/><E130/><V107/><F9/><W36/><G121/><T67/><D67/><U70/><E34/><V12/><F107/><RYUUKYOKU ba="2,1" sc="17,15,304,-15,476,15,193,-15" hai0="10,14,16,17,21,52,53,76,80,87" hai2="12,13,15,27,31,32,56,58,59,78,79,86,88" /><INIT seed="2,3,1,0,0,118" ten="32,289,491,178" oya="2" hai0="42,34,116,11,29,12,128,53,111,14,57,99,26" hai1="98,20,129,91,51,22,38,95,127,86,134,18,79" hai2="44,103,106,131,88,41,71,67,25,55,7,96,72" hai3="32,59,117,39,54,23,110,43,87,21,120,5,63"/><V37/><F131/><W4/><G32/><T9/><D116/><U77/><E38/><V61/><F55/><W114/><G120/><T6/><D128/><U13/><E129/><V49/><F72/><W15/><G110/><T28/><D111/><U119/><E119/><V90/><F49/><W33/><G33/><T24/><D42/><U105/><E134/><V62/><F62/><W113/><G117/><T78/><D78/><U135/><E135/><V92/><F7/><W125/><G125/><T82/><D82/><U109/><E109/><V64/><F64/><W66/><G39/><T115/><D99/><U101/><E127/><V17/><F92/><W133/><G43/><T2/><D57/><U65/><E65/><V8/><F8/><W108/><G108/><T68/><D53/><U46/><REACH who="1" step="1"/><E22/><REACH who="1" ten="32,279,491,178" step="2"/><V130/><F130/><W85/><G21/><N who="0" m="15375" /><D68/><U121/><E121/><V126/><F126/><W84/><G133/><T74/><D115/><U36/><E36/><V52/><F37/><W30/><G114/><T0/><D74/><U1/><E1/><V80/><F67/><W94/><G113/><T76/><D76/><U97/><E97/><V27/><F96/><W56/><G66/><T10/><D9/><U89/><E89/><V75/><F88/><W124/><G124/><T31/><D29/><U123/><E123/><V35/><F90/><W112/><G30/><T48/><D48/><U50/><E50/><V107/><F35/><W58/><G112/><T60/><D60/><U83/><E83/><V19/><F61/><W3/><G63/><T47/><D47/><RYUUKYOKU ba="3,2" sc="32,15,279,15,491,-15,178,-15" hai0="0,2,6,10,11,12,14,26,31,34" hai1="13,18,20,46,51,77,79,86,91,95,98,101,105" /><INIT seed="3,4,2,0,5,4" ten="47,294,476,163" oya="3" hai0="13,17,1,123,131,118,40,31,62,48,133,3,124" hai1="41,102,38,69,106,81,58,125,14,135,121,99,83" hai2="104,34,84,111,103,91,9,70,42,89,101,116,105" hai3="52,16,126,50,37,108,43,119,44,22,67,0,25"/><W112/><G112/><T86/><D86/><U29/><E69/><V110/><F34/><W11/><G119/><T82/><D82/><U24/><E121/><V72/><F70/><W113/><G113/><T132/><D62/><U92/><E135/><N who="0" m="51785" /><D48/><U21/><E125/><V87/><F42/><W55/><G126/><T71/><D40/><U93/><E106/><V80/><F9/><W46/><G108/><N who="2" m="41513" /><F72/><W100/><G100/><N who="2" m="38473" /><F116/><W127/><G127/><T85/><D71/><U57/><E93/><AGARI ba="4,2" hai="80,84,87,89,91,93,104,105" m="38473,41513" machi="93" ten="30,3900,0" yaku="14,1,34,2" doraHai="4" who="2" fromWho="1" sc="47,0,294,-51,476,71,163,0" owari="47,-45.3,243,4.3,547,64.7,163,-23.7" /></mjloggm>