<mjloggm ver="2.3"><GO type="225" lobby="0"/><UN n0="%E3%81%AF%E3%82%88%E3%81%8A%E3%81%98%E3%81%95%E3%82%93" n1="%E4%B8%89%E5%88%86%E5%B0%8F%E5%83%A7" n2="%E3%81%BD%E3%81%A1%E3%81%9F%E3%81%93%E3%82%84" n3="%E3%82%8F%E3%81%A3%E3%81%97%E3%82%87%E3%81%84%E5%90%9B%32%E5%8F%B7" dan="17,16,17,20" rate="2159.20,2092.63,2166.44,2209.57" sx="M,M,M,M"/><TAIKYOKU oya="0"/><INIT seed="0,0,0,0,0,7" ten="250,250,250,250" oya="0" hai0="86,80,31,132,72,119,116,111,81,70,130,64,15" hai1="6,14,128,71,16,56,95,93,5,13,2,50,1" hai2="36,30,103,43,11,61,58,120,118,77,108,104,89" hai3="91,129,44,23,29,22,34,48,79,18,19,10,57"/><T21/><D130/><U9/><E71/><V83/><F120/><W87/><G34/><T121/><D121/><U123/><E123/><V25/><F108/><W114/><G114/><T126/><D111/><U88/><E128/><V66/><F118/><W84/><G29/><T68/><D126/><U59/><E95/><V24/><F89/><W109/><G109/><T49/><D132/><U17/><E1/><V105/><F103/><W78/><G57/><N who="1" m="22090" /><E50/><V76/><F76/><W102/><G102/><T101/><D101/><U60/><E60/><V96/><F96/><W26/><G129/><T55/><D72/><U40/><E40/><V67/><F67/><W85/><G91/><T39/><D39/><U92/><E92/><V32/><F43/><W134/><G134/><T47/><D81/><U115/><E2/><V94/><F94/><W65/><G65/><T97/><D97/><N who="1" m="57511" /><E115/><V0/><F36/><W62/><G62/><T135/><D135/><U117/><E117/><V100/><F100/><W112/><G112/><T28/><D116/><U99/><E99/><V122/><F122/><W45/><G48/><T38/><D38/><U35/><E35/><V110/><F110/><W69/><G69/><N who="0" m="26731" /><D64/><U33/><E33/><V8/><F0/><W73/><G73/><T124/><D124/><U27/><E27/><V53/><F25/><N who="3" m="14551" /><G78/><N who="0" m="46359" /><D119/><U127/><E127/><V125/><F125/><W4/><G79/><T42/><D42/><U133/><E133/><V98/><F66/><W113/><G113/><T74/><D74/><U20/><AGARI ba="0,0" hai="5,6,9,13,14,16,17,20" m="57511,22090" machi="20" ten="30,7900,0" yaku="8,1,52,1,54,2" doraHai="7" who="1" fromWho="1" sc="250,-39,250,79,250,-20,250,-20" /><INIT seed="1,0,0,1,0,81" ten="211,329,230,230" oya="1" hai0="130,32,102,86,101,120,33,125,70,56,83,12,40" hai1="89,80,42,15,10,132,92,105,117,21,104,46,79" hai2="103,100,66,39,122,93,0,65,47,69,7,37,129" hai3="133,91,50,62,84,38,88,61,71,118,9,90,96"/><U60/><E132/><V106/><F122/><W28/><G38/><T11/><D70/><U77/><E21/><V55/><F93/><W57/><G133/><T75/><D75/><U43/><E60/><N who="3" m="23146" /><G71/><T99/><D120/><U119/><E79/><V14/><F69/><W113/><G113/><T49/><D125/><U126/><E43/><V16/><F0/><W4/><G118/><T29/><D130/><U74/><E126/><V58/><F7/><W107/><G107/><T111/><D111/><U45/><E45/><V72/><F72/><W128/><G28/><T127/><D127/><U121/><E121/><V18/><F106/><W51/><G96/><T85/><D29/><U44/><E44/><V98/><F98/><W2/><G2/><T87/><D83/><U36/><E117/><V25/><F47/><W35/><G35/><T112/><D112/><U95/><E95/><V1/><F1/><W59/><G128/><T97/><D40/><U3/><E119/><V6/><F39/><W123/><G123/><T68/><D68/><U110/><E110/><V115/><F37/><W24/><G24/><T27/><D27/><U124/><E124/><V82/><F25/><W114/><G114/><T30/><D30/><U19/><REACH who="1" step="1"/><E3/><REACH who="1" ten="211,319,230,230" step="2"/><V94/><F94/><W109/><G109/><T73/><D32/><U5/><E5/><V23/><F6/><W67/><G4/><N who="0" m="3175" /><D33/><U52/><E52/><V78/><F55/><W17/><G67/><T41/><D41/><U13/><E13/><V135/><F115/><W48/><G84/><AGARI ba="0,1" hai="10,15,19,36,42,46,74,77,80,84,89,92,104,105" machi="84" ten="30,5800,0" yaku="1,1,7,1,52,1,53,0" doraHai="81" doraHaiUra="53" who="1" fromWho="3" sc="211,0,319,68,230,0,230,-58" /><INIT seed="1,1,0,2,0,120" ten="211,387,230,172" oya="1" hai0="45,84,97,26,0,107,112,16,48,66,77,57,46" hai1="118,114,74,71,83,58,125,75,81,18,89,41,116" hai2="61,7,82,4,63,103,34,72,126,133,29,10,15" hai3="99,80,43,91,13,30,102,6,24,121,54,134,86"/><U70/><E58/><V39/><F39/><W122/><G134/><T31/><D112/><U105/><E18/><V78/><F133/><W8/><G43/><T104/><D0/><U33/><E41/><V130/><F130/><W117/><G117/><T17/><D104/><U37/><E37/><V52/><F126/><W101/><G54/><T42/><D46/><U49/><E49/><V68/><F103/><W119/><G119/><T19/><D107/><U108/><E33/><V64/><F4/><W98/><G99/><T1/><D1/><U123/><E105/><V96/><F96/><W5/><G5/><T135/><D135/><U23/><E23/><V88/><F88/><W51/><G51/><T94/><D84/><U21/><E21/><V106/><F106/><W11/><G8/><T111/><D77/><U128/><E89/><V92/><F92/><W2/><G2/><T132/><D132/><U67/><E67/><V9/><F9/><W95/><REACH who="3" step="1"/><G102/><REACH who="3" ten="211,387,230,162" step="2"/><T127/><D97/><U25/><E116/><V14/><F10/><W129/><G129/><T60/><D48/><U85/><E118/><V65/><F7/><W87/><G87/><T109/><D42/><U69/><E85/><V50/><F50/><W38/><G38/><T40/><D40/><U28/><E128/><V20/><F52/><W79/><G79/><T115/><D66/><U100/><E100/><V53/><F65/><W90/><G90/><T44/><D94/><U36/><E36/><V76/><F64/><W55/><G55/><T124/><D45/><U22/><E70/><V131/><F68/><RYUUKYOKU ba="1,1" sc="211,-10,387,-10,230,-10,162,30" hai3="6,11,13,24,30,80,86,91,95,98,101,121,122" /><INIT seed="2,2,1,2,5,14" ten="201,377,220,192" oya="2" hai0="62,120,67,98,73,85,72,86,131,105,102,74,7" hai1="61,71,6,90,106,29,81,54,47,117,44,63,134" hai2="36,104,33,79,135,91,25,68,43,88,41,112,125" hai3="65,97,35,50,26,17,1,5,42,31,34,126,129"/><V20/><F112/><W84/><G126/><T19/><D120/><U32/><E106/><V66/><F125/><W100/><G129/><T23/><D7/><U110/><E110/><V122/><F33/><W82/><G65/><T92/><D131/><U39/><E6/><V22/><F122/><W46/><G5/><T27/><REACH who="0" step="1"/><D105/><REACH who="0" ten="191,377,220,192" step="2"/><U93/><E134/><V87/><F104/><W8/><G1/><T107/><D107/><U78/><E117/><V118/><F118/><W94/><G31/><T12/><D12/><U99/><E29/><V56/><F135/><W60/><G60/><T119/><D119/><U113/><E63/><V133/><F133/><W49/><G49/><T109/><D109/><U53/><E61/><V37/><F36/><W21/><REACH who="3" step="1"/><G8/><REACH who="3" ten="191,377,220,182" step="2"/><T121/><D121/><U80/><E39/><V38/><F37/><W13/><G13/><T89/><D89/><AGARI ba="2,3" hai="17,21,26,34,35,42,46,50,82,84,89,94,97,100" machi="89" ten="30,3900,0" yaku="1,1,7,1,52,1,53,0" doraHai="14" doraHaiUra="57" who="3" fromWho="0" sc="191,-45,377,0,220,0,182,75" /><INIT seed="3,0,0,4,5,110" ten="146,377,220,257" oya="3" hai0="106,93,25,17,115,37,8,108,18,104,42,24,86" hai1="9,40,95,67,121,5,80,2,116,43,74,130,91" hai2="56,68,124,1,94,65,39,30,21,72,77,102,71" hai3="57,23,113,125,4,45,29,90,84,16,58,76,88"/><W36/><G113/><T19/><D108/><U132/><E67/><V89/><F39/><W15/><G125/><T131/><D131/><U83/><E132/><V100/><F1/><W69/><G69/><T46/><D8/><U75/><E121/><V107/><F124/><W31/><G36/><T49/><D37/><U79/><E116/><V126/><F126/><W61/><G45/><T59/><D59/><N who="3" m="22537" /><G61/><T10/><D10/><U3/><E3/><V13/><F107/><W64/><G64/><T51/><D51/><U34/><E34/><V99/><F71/><W117/><G117/><T122/><D122/><U53/><E53/><V12/><F68/><W20/><G4/><T81/><D93/><U128/><E43/><V105/><F72/><W101/><G101/><N who="2" m="39017" /><F77/><W111/><G111/><T85/><D104/><U52/><E52/><V97/><F97/><W32/><G32/><T60/><D106/><U92/><E92/><V26/><F105/><W98/><G98/><T70/><D70/><U44/><E83/><V22/><F21/><W123/><G123/><T133/><D133/><U96/><E75/><V118/><F118/><W129/><G129/><T103/><D103/><U11/><E11/><V7/><F7/><W62/><G62/><AGARI ba="0,0" hai="12,13,22,26,30,56,62,65,89,94,99" m="39017" machi="62" ten="30,1000,0" yaku="8,1" doraHai="110" who="2" fromWho="3" sc="146,0,377,0,220,10,257,-10" owari="146,-35.4,377,47.7,230,-17.0,247,4.7" /></mjloggm>