<mjloggm ver="2.3"><GO type="225" lobby="0"/><UN n0="%E3%81%99%E3%81%84%E3%81%BE%E3%81%9B%E3%83%BC%E3%82%93" n1="%E3%83%81%E3%83%AF%E3%83%AF%E9%9A%8A%E9%95%B7" n2="%E6%A1%9C%E8%8A%B1%E9%96%83%E3%80%85" n3="%E5%8F%AF%E5%85%90%E9%82%A3%E7%94%B1%E5%A4%9A" dan="18,16,16,16" rate="2197.31,2178.15,2143.55,2090.57" sx="M,M,M,F"/><TAIKYOKU oya="0"/><INIT seed="0,0,0,0,0,79" ten="250,250,250,250" oya="0" hai0="69,77,81,100,37,55,73,32,130,124,106,119,35" hai1="72,114,94,44,126,22,12,78,3,75,134,17,74" hai2="11,93,34,10,63,7,8,101,82,84,16,91,109" hai3="33,31,20,59,21,4,121,47,118,27,116,45,24"/><T49/><D119/><N who="3" m="45609" /><G59/><T99/><D130/><U43/><E3/><V28/><F109/><W86/><G47/><T120/><D120/><U112/><E126/><V56/><F34/><W80/><G45/><T23/><D124/><U64/><E134/><V13/><F28/><N who="3" m="19615" /><G80/><T48/><D37/><U15/><E64/><N who="2" m="39015" /><F7/><W1/><G86/><T42/><D69/><U98/><E78/><N who="2" m="46167" /><F101/><W97/><G97/><AGARI ba="0,0" hai="8,10,11,13,16,91,93,97" m="46167,39015" machi="97" ten="30,3900,0" yaku="8,1,52,1,54,1" doraHai="79" who="2" fromWho="3" sc="250,0,250,0,250,39,250,-39" /><INIT seed="1,0,0,3,5,109" ten="250,250,289,211" oya="1" hai0="60,42,110,17,129,68,11,107,4,65,96,66,29" hai1="131,81,62,20,56,80,32,39,111,24,18,70,101" hai2="63,124,53,84,27,102,50,105,49,99,52,54,35" hai3="34,37,100,116,5,120,106,40,3,89,28,83,22"/><U85/><E39/><V15/><F124/><W31/><G120/><T95/><D110/><U97/><E111/><V117/><F117/><W9/><G116/><T0/><D129/><U55/><E131/><V126/><F126/><W8/><G34/><T93/><D29/><U115/><E32/><V46/><F15/><W59/><G9/><T51/><D66/><U57/><E70/><V76/><F63/><W6/><G6/><T44/><REACH who="0" step="1"/><D17/><REACH who="0" ten="240,250,289,211" step="2"/><U77/><E18/><V72/><F35/><W64/><G31/><T7/><D7/><U119/><E119/><V94/><F46/><W23/><G28/><T122/><D122/><U25/><E57/><V103/><F54/><W30/><G30/><T71/><D71/><U112/><E55/><V123/><F52/><W41/><G64/><T88/><D88/><U87/><E56/><V14/><F53/><W2/><G59/><T69/><D69/><U21/><E62/><V43/><F123/><W92/><G89/><T98/><D98/><U127/><E127/><V58/><F58/><W16/><G16/><T36/><D36/><U128/><E128/><V91/><F50/><W33/><G37/><T75/><D75/><U135/><E97/><V104/><F72/><W133/><G5/><T74/><D74/><U130/><E130/><V48/><F48/><W134/><G134/><T13/><D13/><U125/><E125/><V113/><F14/><W61/><G133/><T1/><D1/><U45/><E135/><V10/><F99/><N who="3" m="61727" /><G2/><T26/><D26/><U132/><E132/><V78/><F49/><W118/><G118/><RYUUKYOKU ba="0,1" sc="240,30,250,-10,289,-10,211,-10" hai0="0,4,11,42,44,51,60,65,68,93,95,96,107" /><INIT seed="2,1,1,3,5,43" ten="270,240,279,201" oya="2" hai0="22,68,36,52,47,114,84,8,77,91,51,90,134" hai1="35,122,29,121,79,112,75,41,57,72,6,65,24" hai2="132,58,81,125,123,38,97,42,87,109,33,80,126" hai3="130,11,100,106,16,61,5,131,116,1,40,0,99"/><V66/><F123/><N who="1" m="47113" /><E112/><V107/><F33/><W9/><G116/><T88/><D114/><U113/><E113/><V44/><F132/><W55/><G40/><T32/><D32/><U20/><E6/><V15/><F15/><W103/><G103/><T71/><D134/><U82/><E41/><V83/><F109/><W10/><G1/><T54/><D36/><U28/><E75/><V18/><F18/><W89/><G89/><T119/><D119/><U67/><E57/><V111/><F111/><W37/><G37/><T31/><D8/><U19/><E29/><V21/><F21/><W70/><G11/><T133/><D133/><U101/><E101/><N who="2" m="62895" /><F58/><W7/><G7/><T94/><D71/><U115/><E115/><V56/><F56/><W102/><G102/><T92/><D68/><U95/><E95/><N who="0" m="36393" /><D77/><U96/><E96/><V120/><F120/><W110/><G110/><T17/><D31/><U53/><E53/><V39/><F39/><W73/><G55/><N who="0" m="30207" /><D84/><U60/><E60/><V2/><F2/><W45/><G73/><T124/><D124/><N who="2" m="47722" /><F66/><N who="3" m="41295" /><G10/><T23/><D23/><U86/><E65/><V76/><AGARI ba="1,1" hai="38,42,44,76,80,81,83,87" m="47722,62895" machi="76" ten="30,3000,0" yaku="18,1,52,1" doraHai="43" who="2" fromWho="2" sc="270,-11,240,-11,279,43,201,-11" /><INIT seed="2,2,0,5,0,104" ten="259,229,322,190" oya="2" hai0="19,28,87,59,63,51,76,41,2,127,6,70,78" hai1="92,69,50,98,115,74,47,44,27,112,10,97,99" hai2="84,9,93,22,67,54,3,103,24,100,60,109,133" hai3="26,77,114,122,45,91,0,72,53,40,121,34,66"/><V23/><F133/><W120/><G114/><T35/><D127/><U80/><E69/><V12/><F3/><W20/><G0/><T128/><D128/><U129/><E129/><V37/><F37/><W36/><G66/><T110/><D110/><U64/><E64/><V83/><F54/><W5/><G5/><T94/><D19/><U25/><E92/><V29/><F22/><W90/><G34/><T96/><D70/><U31/><E10/><V135/><F93/><W30/><REACH who="3" step="1"/><G53/><REACH who="3" ten="259,229,322,180" step="2"/><T57/><D6/><U39/><E115/><V88/><F109/><W61/><G61/><T117/><D63/><U89/><E112/><V68/><F135/><W126/><G126/><T7/><D7/><AGARI ba="2,1" hai="7,9,12,23,24,29,60,67,68,83,84,88,100,103" machi="7" ten="30,2900,0" yaku="7,1,54,1" doraHai="104" who="2" fromWho="0" sc="259,-35,229,0,322,45,180,0" /><INIT seed="2,3,0,0,1,31" ten="224,229,367,180" oya="2" hai0="109,57,68,128,96,27,105,131,90,120,79,5,108" hai1="40,100,107,30,41,97,7,28,87,111,53,29,15" hai2="130,23,11,63,64,14,91,39,77,94,89,65,113" hai3="132,110,0,18,32,126,104,116,49,46,80,118,61"/><V20/><F113/><W1/><G104/><T42/><D120/><U112/><E112/><V4/><F130/><N who="0" m="49706" /><D68/><U103/><E111/><N who="0" m="42569" /><D42/><U45/><E103/><V78/><F39/><W35/><G110/><T50/><D5/><U70/><E70/><V135/><F135/><W21/><G61/><T75/><D27/><U2/><E2/><N who="3" m="1130" /><G80/><N who="0" m="45183" /><D50/><U13/><E41/><V43/><F43/><W48/><G48/><T19/><D19/><U74/><E7/><V59/><F64/><W17/><G49/><T125/><D57/><U98/><E40/><V102/><F23/><W72/><G46/><T92/><D125/><U71/><E45/><V95/><F20/><W119/><G72/><T88/><D105/><U9/><E107/><V83/><F59/><W52/><G52/><T55/><D55/><U33/><E53/><V86/><F63/><W121/><G121/><T115/><D115/><U62/><E62/><V66/><F66/><W54/><G54/><T24/><D24/><U22/><E71/><V34/><F65/><W124/><G17/><T12/><D12/><U85/><E13/><V134/><F14/><N who="3" m="9431" /><G132/><T25/><D25/><U81/><E15/><V129/><F134/><W47/><G47/><T58/><D58/><U99/><E9/><V123/><F11/><W51/><G51/><T44/><D44/><U106/><E106/><V37/><F123/><W36/><G36/><T8/><D8/><U73/><E22/><V76/><F37/><W38/><G38/><T3/><D3/><U16/><E16/><V117/><F129/><W10/><G10/><T84/><D84/><RYUUKYOKU ba="3,0" sc="224,15,229,-15,367,-15,180,15" hai0="88,90,92,96" hai3="32,35,116,118,119,124,126" /><INIT seed="3,4,0,1,0,0" ten="239,214,352,195" oya="3" hai0="7,108,63,25,56,72,70,102,87,17,88,85,112" hai1="131,45,135,37,132,11,15,14,73,97,128,32,111" hai2="118,101,130,75,47,100,35,90,103,134,65,82,27" hai3="34,31,94,117,44,23,124,66,78,69,24,1,39"/><W83/><G117/><T95/><D108/><U116/><E32/><V26/><F118/><W46/><G1/><T114/><D72/><U119/><E73/><V123/><F123/><W76/><G124/><T125/><D125/><U92/><E111/><V96/><F130/><N who="1" m="49705" /><E116/><V22/><F35/><W57/><G69/><T105/><D70/><U93/><E119/><V91/><F134/><N who="1" m="51241" /><E15/><V58/><F47/><N who="3" m="17963" /><G39/><T86/><D102/><U55/><E97/><V89/><F96/><W8/><G34/><T68/><D68/><U74/><E74/><V36/><F36/><W104/><G104/><T67/><D105/><U2/><E2/><V59/><F27/><W12/><G94/><T77/><D95/><U122/><E122/><V107/><F107/><W20/><G20/><T29/><D25/><U5/><E55/><V80/><F75/><W109/><G109/><T81/><D114/><U53/><E53/><V48/><F26/><W54/><G83/><T106/><D106/><U18/><E18/><V19/><F19/><N who="3" m="8583" /><G66/><T28/><D67/><U50/><E50/><AGARI ba="4,0" hai="23,24,31,50,54,57,76,78" m="8583,17963" machi="50" ten="30,1500,0" yaku="8,1" doraHai="0" who="3" fromWho="1" sc="239,0,214,-27,352,0,195,27" /><INIT seed="3,5,0,3,2,56" ten="239,187,352,222" oya="3" hai0="19,33,26,105,9,114,66,110,85,24,93,109,2" hai1="126,61,45,4,42,40,115,58,67,23,39,16,28" hai2="64,5,30,7,47,106,13,50,132,18,48,118,8" hai3="6,127,97,95,36,35,73,34,86,14,107,32,112"/><W113/><G73/><T134/><D105/><U10/><E115/><V111/><F118/><W76/><G36/><T83/><D134/><U125/><E42/><V121/><F132/><W3/><G3/><T102/><D114/><U11/><E28/><V117/><F117/><W37/><G37/><T44/><D66/><U43/><E43/><V25/><F106/><W49/><G127/><N who="1" m="48650" /><E4/><V74/><F74/><W55/><G107/><T15/><D2/><U77/><E77/><V20/><F111/><N who="0" m="42506" /><D44/><U80/><E80/><V68/><F121/><W124/><G124/><T96/><D33/><U17/><E17/><V91/><F5/><W21/><G6/><T123/><D123/><U104/><E104/><V72/><F47/><W75/><G75/><T69/><D69/><U38/><E38/><V62/><F72/><W92/><G76/><AGARI ba="5,0" hai="9,15,19,24,26,76,83,85,93,96,102" m="42506" machi="76" ten="30,1000,0" yaku="14,1" doraHai="56" who="0" fromWho="3" sc="239,25,187,0,352,0,222,-25" owari="264,6.4,187,-31.3,352,45.2,197,-20.3" /></mjloggm>