<mjloggm ver="2.3"><GO type="225" lobby="0"/><UN n0="%6D%75%75%6D%75%72%61" n1="%E3%83%A9%E3%83%BC%E3%83%A1%E3%83%B3%E4%BA%94%E9%83%8E" n2="%E3%82%BC%E3%83%AB%E3%83%80%E3%81%AE%E4%BC%9D%E8%AA%AC" n3="%E3%83%AD%E3%83%83%E3%83%86%E9%9B%80%E7%90%83" dan="16,16,16,17" rate="2143.49,2106.64,2120.03,2222.17" sx="F,M,M,M"/><TAIKYOKU oya="0"/><INIT seed="0,0,0,1,2,101" ten="250,250,250,250" oya="0" hai0="51,97,103,92,16,110,72,87,46,105,36,88,111" hai1="4,64,112,54,83,39,50,108,14,130,129,123,85" hai2="133,116,31,21,114,30,109,27,113,117,42,84,25" hai3="26,104,100,47,1,102,3,53,95,122,37,120,115"/><T24/><D36/><U93/><E123/><N who="3" m="47146" /><G115/><N who="2" m="44041" /><F42/><N who="3" m="22991" /><G95/><T91/><D72/><U29/><E112/><V79/><F79/><W41/><G41/><T132/><D132/><U2/><E39/><V68/><F68/><W82/><G82/><T9/><D91/><U8/><E108/><V80/><F84/><W99/><G102/><T59/><D59/><U70/><E29/><V45/><F45/><W96/><G96/><T121/><D121/><U44/><E93/><V33/><F80/><W126/><G126/><T12/><REACH who="0" step="1"/><D24/><REACH who="0" ten="240,250,250,250" step="2"/><U7/><E70/><V32/><F133/><W52/><G26/><T15/><D15/><U28/><E14/><V119/><F109/><W128/><G128/><T125/><D125/><U43/><E129/><V61/><F61/><W6/><G1/><T20/><D20/><AGARI ba="0,1" hai="20,21,25,27,30,31,32,33,116,117,119" m="44041" machi="20" ten="40,5200,0" yaku="12,1,34,2" doraHai="101" who="2" fromWho="0" sc="240,-52,250,0,250,62,250,0" /><INIT seed="1,0,0,5,3,58" ten="188,250,312,250" oya="1" hai0="113,71,119,16,98,123,27,84,14,53,112,63,15" hai1="60,64,65,8,24,72,56,134,133,122,7,0,125" hai2="50,61,92,17,35,100,55,45,120,13,42,132,73" hai3="94,101,32,36,76,107,41,68,87,52,99,124,126"/><U96/><E122/><V1/><F120/><W25/><G68/><T102/><D123/><U78/><E125/><N who="3" m="48234" /><G52/><T59/><D119/><U81/><E96/><V130/><F1/><W30/><G76/><T2/><D2/><U131/><E131/><V48/><F35/><W115/><G115/><T62/><D84/><U70/><REACH who="1" step="1"/><E24/><REACH who="1" ten="188,240,312,250" step="2"/><V80/><F130/><W34/><G25/><T12/><D27/><U90/><E90/><V6/><F132/><W57/><G99/><T33/><D33/><U104/><E104/><V46/><F100/><W135/><G101/><T121/><D121/><U49/><E49/><V86/><F48/><W3/><G107/><T23/><D112/><U93/><E93/><V129/><F92/><W91/><G94/><N who="0" m="58711" /><D113/><U43/><E43/><V85/><F42/><W97/><G41/><T82/><D82/><U69/><E69/><V31/><F50/><W22/><G34/><T40/><D71/><U89/><E89/><V39/><F80/><W117/><G91/><T9/><D40/><U19/><E19/><V4/><F17/><W103/><G103/><T47/><D14/><U54/><E54/><V74/><F55/><W38/><G32/><T128/><D128/><U88/><E88/><V109/><F129/><W66/><G97/><T21/><D15/><U28/><E28/><V108/><F13/><W67/><G30/><T127/><D127/><U106/><E106/><V105/><F105/><W79/><G3/><T77/><D77/><U95/><E95/><V116/><F31/><W83/><G79/><T111/><D12/><U20/><E20/><RYUUKYOKU ba="0,1" sc="188,-10,240,30,312,-10,250,-10" hai1="0,7,8,56,60,64,65,70,72,78,81,133,134" /><INIT seed="1,1,1,5,3,17" ten="178,270,302,240" oya="1" hai0="36,132,94,4,87,102,2,39,66,122,93,3,1" hai1="7,35,74,119,20,124,44,48,30,27,83,22,59" hai2="130,78,79,26,16,67,125,47,19,12,64,115,37" hai3="50,114,70,54,128,131,60,89,105,77,127,116,107"/><U72/><E119/><V134/><F125/><W103/><G114/><T52/><D132/><U14/><E124/><V106/><F106/><W98/><G127/><T29/><D122/><U86/><E72/><V126/><F126/><W45/><G116/><T120/><D120/><U71/><E71/><V68/><F134/><W123/><G123/><T112/><D112/><U13/><E74/><V73/><F115/><W133/><G133/><T90/><D66/><U95/><E35/><V0/><F0/><W57/><G70/><T10/><D29/><U97/><E59/><V46/><F73/><W81/><G89/><T32/><D32/><U109/><E109/><V15/><F26/><W121/><G107/><T135/><D135/><U23/><E7/><V88/><F88/><W6/><G6/><T18/><D18/><U53/><E27/><V96/><F96/><W58/><G121/><T31/><D31/><U129/><E129/><N who="3" m="49738" /><G60/><T61/><D102/><N who="1" m="60735" /><E30/><V5/><F130/><W99/><G99/><T21/><D94/><U113/><E113/><V84/><F5/><W92/><G105/><T117/><D117/><U9/><E9/><V33/><F68/><W101/><G101/><T43/><D10/><U76/><AGARI ba="1,1" hai="13,14,20,22,23,44,48,53,76,83,86" m="60735" machi="76" ten="30,11700,0" yaku="8,1,52,3" doraHai="17" who="1" fromWho="1" sc="178,-40,270,130,302,-40,240,-40" /><INIT seed="1,2,0,5,1,127" ten="138,400,262,200" oya="1" hai0="133,58,85,33,112,6,80,49,67,108,95,88,13" hai1="30,10,124,117,40,101,37,34,99,126,83,31,51" hai2="4,50,79,38,11,103,110,18,61,23,63,102,53" hai3="27,62,135,82,55,19,21,44,116,29,97,3,125"/><U84/><E117/><V42/><F110/><W36/><G3/><T92/><D112/><U77/><E37/><V8/><F38/><W48/><G125/><N who="1" m="48234" /><E34/><V121/><F79/><W109/><G109/><T98/><D108/><U106/><E10/><V64/><F42/><W0/><G135/><T70/><D133/><U134/><E134/><V17/><F121/><W118/><G0/><T52/><D33/><U81/><E83/><V75/><F75/><W114/><G114/><T131/><D131/><U130/><E130/><V39/><F39/><W66/><G36/><T123/><D123/><U12/><E12/><V93/><F93/><W15/><G97/><T24/><D24/><U9/><E9/><V41/><F41/><W71/><REACH who="3" step="1"/><G82/><REACH who="3" ten="138,400,262,190" step="2"/><T69/><D95/><U47/><AGARI ba="2,1" hai="30,31,40,47,51,77,81,84,99,101,106" m="48234" machi="47" ten="30,1500,0" yaku="18,1" doraHai="127" who="1" fromWho="1" sc="138,-7,400,31,262,-7,190,-7" /><INIT seed="1,3,0,4,3,57" ten="131,431,255,183" oya="1" hai0="6,70,100,77,69,18,121,62,32,12,46,84,117" hai1="110,30,71,123,129,72,61,76,97,1,36,60,5" hai2="9,111,113,112,39,128,24,10,92,50,73,80,109" hai3="115,94,23,105,126,40,67,88,101,74,127,31,3"/><U17/><E123/><V93/><F39/><W14/><G3/><T78/><D117/><U106/><E36/><V132/><F50/><W59/><G115/><N who="2" m="44105" /><F24/><W44/><G74/><T131/><D32/><U22/><E30/><V107/><F10/><W53/><G101/><T51/><D121/><U122/><E71/><V7/><F9/><W34/><G105/><T38/><D38/><U42/><E122/><V19/><F19/><W28/><G67/><T114/><D114/><U8/><E42/><V54/><F54/><W65/><G65/><T33/><D33/><U96/><E22/><V4/><F107/><W11/><G34/><T25/><D70/><U108/><E106/><V66/><F66/><W37/><G23/><T29/><D69/><U82/><E17/><V20/><F20/><W52/><G31/><T35/><D6/><N who="2" m="2090" /><F132/><W26/><G26/><T56/><D131/><U119/><E129/><V27/><F27/><W63/><G28/><T116/><D116/><U103/><E119/><V120/><F120/><W102/><G53/><T79/><D51/><U55/><E55/><V125/><F128/><W133/><G102/><T16/><D100/><U15/><E1/><V43/><F43/><W91/><G133/><T75/><D75/><U2/><E2/><V47/><F47/><W41/><G41/><T83/><D46/><U0/><E0/><V49/><F49/><W99/><REACH who="3" step="1"/><G91/><REACH who="3" ten="131,431,255,173" step="2"/><N who="0" m="51615" /><D12/><U130/><E130/><V104/><F104/><W45/><G45/><T48/><D48/><U90/><E103/><V95/><F125/><W81/><G81/><T135/><D135/><RYUUKYOKU ba="3,1" sc="131,10,431,-30,255,10,173,10" hai0="16,18,25,29,35,56,62,77,78,79" hai2="73,80,92,93,95,109,111" hai3="11,14,37,40,44,52,59,63,88,94,99,126,127" /><INIT seed="2,4,1,5,3,99" ten="141,401,265,183" oya="2" hai0="48,67,29,98,101,59,56,110,132,78,93,103,77" hai1="80,95,15,97,88,134,79,102,6,24,10,129,116" hai2="90,66,112,7,58,121,53,76,84,13,113,83,131" hai3="63,0,46,130,18,47,69,44,57,64,125,71,106"/><V37/><F121/><W14/><G0/><T85/><D110/><U61/><E116/><V25/><F131/><W28/><G130/><T118/><D118/><U62/><E129/><V5/><F37/><W38/><G125/><T54/><D132/><U127/><E134/><V55/><F113/><W91/><G38/><T50/><D29/><U52/><E127/><V68/><F112/><W51/><G106/><T126/><D126/><U114/><E114/><V100/><F68/><W122/><G122/><T119/><D119/><U70/><E70/><V9/><F7/><W105/><G105/><T1/><D1/><U109/><E109/><V43/><F43/><W23/><G51/><T8/><D8/><U31/><E102/><N who="0" m="38921" /><D98/><U72/><E52/><N who="2" m="20043" /><F100/><W3/><G3/><T117/><D117/><U87/><E72/><V2/><F2/><W60/><G60/><N who="0" m="38279" /><D48/><U94/><E95/><V111/><F111/><W120/><G120/><T107/><D107/><U22/><AGARI ba="4,1" hai="6,10,15,22,24,31,61,62,79,80,87,88,94,97" machi="22" ten="20,5200,0" yaku="0,1,7,1,8,1,54,1" doraHai="99" who="1" fromWho="1" sc="141,-17,401,74,265,-30,183,-17" /><INIT seed="3,0,0,2,0,32" ten="124,475,235,166" oya="3" hai0="114,19,9,108,68,4,74,96,101,124,51,75,43" hai1="93,6,87,131,83,102,48,30,77,56,76,0,99" hai2="104,97,22,14,45,33,80,60,40,89,116,61,70" hai3="62,41,117,127,84,15,115,42,63,129,47,23,103"/><W125/><G115/><T8/><D108/><U64/><E131/><V25/><F70/><W65/><G103/><T59/><D68/><U105/><E30/><V27/><F14/><W21/><G84/><T53/><D124/><N who="3" m="47689" /><G15/><T1/><D114/><U28/><E28/><V3/><F33/><W54/><G21/><T29/><D29/><U98/><E0/><V18/><F3/><W132/><G23/><T86/><D43/><N who="3" m="16393" /><G117/><T35/><D35/><U110/><E6/><V52/><F27/><W100/><G100/><T112/><D112/><U81/><E105/><V82/><F82/><W55/><G129/><T106/><REACH who="0" step="1"/><D86/><REACH who="0" ten="114,475,235,166" step="2"/><U121/><E102/><V67/><F116/><W58/><G132/><T130/><D130/><U34/><E83/><V44/><F80/><W12/><G12/><AGARI ba="0,1" hai="1,4,8,9,12,19,51,53,59,74,75,96,101,106" machi="12" ten="40,2600,0" yaku="1,1,52,1,53,0" doraHai="32" doraHaiUra="135" who="0" fromWho="3" sc="114,36,475,0,235,0,166,-26" owari="150,-25.0,475,57.5,235,3.5,140,-36.0" /></mjloggm>