<mjloggm ver="2.3"><GO type="225" lobby="0"/><UN n0="%E6%80%AA%E3%81%97%E3%81%99%E3%81%8E%E3%82%8B%E3%83%81%E3%83%BC" n1="%E5%A4%96%E5%B7%9D%E7%AB%9C%E6%88%90" n2="%72%61%6B%33" n3="%E3%81%BE%E3%81%A8%E3%81%9F" dan="16,16,18,16" rate="2120.90,2207.96,2261.72,2174.06" sx="M,M,M,M"/><TAIKYOKU oya="0"/><INIT seed="0,0,0,4,0,109" ten="250,250,250,250" oya="0" hai0="7,63,54,19,12,52,117,33,2,94,53,125,3" hai1="41,29,95,112,114,113,133,34,64,134,40,62,107" hai2="118,135,87,22,73,51,70,98,61,20,99,80,90" hai3="56,26,79,50,88,103,123,130,21,1,85,91,66"/><T132/><D117/><U128/><E107/><V9/><F135/><N who="1" m="51721" /><E128/><V81/><F118/><W30/><G130/><T124/><D132/><U129/><E129/><V18/><F70/><W101/><G1/><N who="0" m="11" /><D7/><U93/><E29/><V13/><F61/><W37/><G37/><T83/><D33/><U27/><E27/><V97/><F73/><W28/><G28/><T48/><D63/><U122/><E34/><V72/><F72/><W110/><G110/><T75/><D94/><N who="1" m="35851" /><E122/><V47/><REACH who="2" step="1"/><F81/><REACH who="2" ten="250,250,240,250" step="2"/><W14/><G123/><T116/><D83/><U38/><E38/><V111/><F111/><W36/><G36/><T49/><D75/><U60/><E60/><V6/><F6/><W96/><G103/><T8/><D116/><U78/><E78/><V5/><F5/><W77/><G101/><T121/><D121/><U55/><E55/><AGARI ba="0,1" hai="9,13,18,20,22,47,51,55,80,87,90,97,98,99" machi="55" ten="40,8000,1" yaku="1,1,25,2,8,1,53,0" doraHai="109" doraHaiUra="67" who="2" fromWho="1" sc="250,0,250,-80,240,90,250,0" /><INIT seed="1,0,0,2,2,87" ten="250,170,330,250" oya="1" hai0="134,16,65,119,46,109,11,107,71,34,127,3,114" hai1="90,112,29,58,14,12,131,37,98,48,9,68,47" hai2="57,78,74,118,36,124,23,42,125,49,126,130,82" hai3="86,13,76,85,104,120,54,26,0,5,21,60,45"/><U63/><E112/><V101/><F118/><W79/><G104/><T110/><RYUUKYOKU type="yao9" ba="0,0" sc="250,0,170,0,330,0,250,0" hai0="3,11,16,34,46,65,71,107,109,110,114,119,127,134" /><INIT seed="1,1,0,2,2,22" ten="250,170,330,250" oya="1" hai0="73,76,65,7,77,119,135,86,11,118,99,96,30" hai1="78,24,131,0,32,117,100,28,23,134,107,104,58" hai2="26,14,34,56,43,33,10,89,71,106,46,60,35" hai3="75,64,59,108,16,133,121,45,114,8,49,94,130"/><U38/><E117/><N who="0" m="44553" /><D11/><U9/><E38/><V122/><F122/><W17/><G121/><T123/><D30/><U44/><E131/><V124/><F124/><W126/><G126/><T53/><D53/><U63/><E134/><V87/><F106/><W69/><G69/><T129/><D65/><U116/><E116/><V42/><F71/><W97/><G75/><T15/><D15/><U93/><E78/><N who="0" m="30313" /><D7/><N who="1" m="1255" /><E44/><V1/><F1/><W68/><G114/><T111/><D123/><U101/><E101/><V88/><F26/><W61/><G130/><T52/><D52/><U51/><E51/><V36/><F43/><W29/><G133/><T47/><D47/><U2/><E2/><V55/><REACH who="2" step="1"/><F87/><REACH who="2" ten="250,170,320,250" step="2"/><W85/><G85/><T110/><D135/><U39/><E32/><V21/><F21/><W27/><G68/><T113/><D129/><U128/><E128/><V57/><F57/><W74/><G74/><T90/><D73/><U102/><E107/><V105/><F105/><W5/><G27/><T125/><D125/><U6/><E104/><V82/><F82/><W92/><G92/><N who="0" m="54359" /><D113/><U37/><E93/><V40/><F40/><W3/><G29/><T79/><D79/><U127/><E127/><V67/><F67/><W103/><G94/><T132/><D132/><U98/><E98/><AGARI ba="1,1" hai="96,98,99,110,111" m="54359,30313,44553" machi="98" ten="30,2000,0" yaku="34,2" doraHai="22" who="0" fromWho="1" sc="250,33,170,-23,320,0,250,0" /><INIT seed="2,0,0,0,5,96" ten="283,147,320,250" oya="2" hai0="1,122,40,59,29,25,37,38,104,78,84,121,12" hai1="133,74,10,75,48,53,14,46,5,81,31,77,9" hai2="50,82,92,118,129,56,116,55,24,39,131,106,95" hai3="87,93,94,119,54,112,3,124,11,15,66,28,62"/><V33/><F106/><W41/><G119/><T2/><D104/><U67/><E133/><V127/><F82/><W103/><G124/><T26/><D59/><U85/><E67/><V130/><F39/><W73/><G73/><T114/><D12/><U68/><E68/><V52/><F127/><W44/><G3/><T71/><D84/><U128/><E128/><V32/><F24/><W65/><G28/><T47/><D78/><U105/><E105/><V36/><F36/><W98/><G112/><T21/><D71/><U30/><E75/><V102/><F55/><W27/><G27/><T49/><D114/><U115/><E115/><V80/><F80/><W126/><G54/><T61/><D61/><U109/><E109/><V43/><F43/><W4/><G62/><T110/><D110/><U107/><E107/><V45/><F45/><W63/><G63/><T125/><D125/><U70/><E70/><V13/><F13/><W120/><G120/><T58/><D38/><U101/><E74/><V42/><F42/><W19/><G4/><T16/><D121/><U123/><E123/><V91/><F92/><W108/><G108/><T113/><D113/><U0/><REACH who="1" step="1"/><E101/><REACH who="1" ten="283,137,320,250" step="2"/><V134/><F102/><W135/><G135/><T111/><D122/><U132/><E132/><V60/><F134/><W79/><G126/><T117/><D111/><U90/><E90/><V22/><F131/><W88/><G79/><T18/><D117/><N who="2" m="45162" /><F130/><W17/><G66/><T83/><D1/><U34/><E34/><V8/><F129/><W97/><G65/><T100/><D2/><U51/><E51/><RYUUKYOKU ba="0,1" sc="283,-10,137,30,320,-10,250,-10" hai1="0,5,9,10,14,30,31,46,48,53,77,81,85" /><INIT seed="3,1,1,4,3,29" ten="273,167,310,240" oya="3" hai0="10,73,38,108,101,7,16,12,124,57,59,52,31" hai1="26,41,119,75,9,49,58,93,104,17,60,4,19" hai2="68,125,120,66,20,89,116,1,105,42,103,54,130" hai3="78,85,98,128,34,126,48,79,99,123,63,33,81"/><W62/><G123/><T87/><D73/><U115/><E115/><V65/><F20/><W51/><G85/><T94/><D38/><U69/><E104/><V121/><F54/><W97/><G97/><N who="0" m="59575" /><D108/><U95/><E75/><V76/><F1/><W24/><G128/><T86/><D31/><U13/><E69/><V23/><F68/><W39/><G39/><T61/><D124/><U112/><E112/><V45/><F130/><W117/><G117/><T30/><D30/><U107/><E107/><V22/><F105/><W82/><REACH who="3" step="1"/><G24/><REACH who="3" ten="273,167,310,230" step="2"/><T27/><D87/><U18/><E119/><V114/><F116/><W32/><G32/><T11/><D86/><U35/><E35/><V71/><F120/><W83/><G83/><T100/><D27/><U91/><E26/><V0/><F121/><W2/><G2/><T122/><D122/><U129/><E129/><V56/><F114/><W96/><G96/><T90/><D100/><U113/><E113/><V132/><F0/><W21/><G21/><T92/><D11/><U84/><E95/><V43/><F103/><W44/><G44/><T53/><D92/><U40/><REACH who="1" step="1"/><E49/><REACH who="1" ten="273,157,310,230" step="2"/><V102/><F102/><W67/><G67/><AGARI ba="1,3" hai="4,9,13,17,18,19,40,41,58,60,67,84,91,93" machi="67" ten="40,5200,0" yaku="1,1,2,1,8,1,53,0" doraHai="29" doraHaiUra="74" who="1" fromWho="3" sc="273,0,157,85,310,0,230,-55" owari="273,7.3,242,-15.8,310,41.0,175,-32.5" /></mjloggm>