<mjloggm ver="2.3"><GO type="225" lobby="0"/><UN n0="%E3%81%A4%E3%81%A3%E3%81%B1%E3%82%8A%E3%83%9D%E3%83%BC%E3%83%AB" n1="%E3%82%B3%E3%83%90%E3%83%AC%E3%82%A4" n2="%4B%2E%32%2E%4B%2E" n3="%E6%9D%B1%E9%A2%A8%E3%81%AE%E3%81%8D%E3%82%83%E3%81%B7%E3%81%95%E3%82%93" dan="17,16,16,17" rate="2235.64,2079.97,2097.14,2199.19" sx="M,M,M,M"/><TAIKYOKU oya="0"/><INIT seed="0,0,0,2,3,122" ten="250,250,250,250" oya="0" hai0="73,127,95,39,61,6,108,117,87,32,74,41,17" hai1="25,60,10,70,8,64,28,48,132,106,24,47,113" hai2="4,54,93,12,126,2,129,112,69,124,1,31,19" hai3="43,123,133,22,68,18,42,103,46,125,121,86,99"/><T130/><D117/><U91/><E132/><V14/><F69/><W111/><G68/><T79/><D32/><U119/><E113/><V35/><F54/><W77/><G133/><T20/><D6/><U72/><E72/><V110/><F93/><W90/><G77/><T16/><D39/><U80/><E106/><V50/><F50/><W23/><G125/><N who="2" m="48233" /><F112/><W82/><G111/><T57/><D127/><U44/><E44/><V30/><F129/><W13/><G23/><T65/><D41/><U71/><E70/><V105/><F105/><W3/><G3/><N who="2" m="1033" /><F110/><W78/><G78/><T52/><D108/><U33/><E119/><V115/><F115/><W75/><G75/><T97/><D130/><U15/><E91/><V120/><F120/><N who="3" m="46155" /><G46/><T11/><D74/><U94/><E80/><V83/><F83/><W51/><G51/><T55/><D73/><U49/><E94/><AGARI ba="0,0" hai="13,18,22,42,43,82,86,90,94,99,103" m="46155" machi="94" ten="30,1000,0" yaku="13,1" doraHai="122" who="3" fromWho="1" sc="250,0,250,-10,250,0,250,10" /><INIT seed="1,0,0,5,2,94" ten="250,240,250,260" oya="1" hai0="47,131,29,60,106,86,57,9,75,16,14,108,42" hai1="7,81,116,71,127,102,53,123,99,23,25,40,122" hai2="69,125,17,119,114,37,68,77,1,87,38,8,6" hai3="66,50,121,28,97,118,70,15,59,133,110,22,12"/><U4/><E71/><V67/><F119/><W30/><G121/><T115/><D75/><U10/><E116/><V51/><F125/><W19/><G118/><T107/><D115/><U61/><E127/><V34/><F114/><W48/><G133/><T84/><D108/><U103/><E4/><V91/><F77/><W18/><G110/><T32/><D131/><U130/><E103/><V2/><F2/><W64/><G70/><T58/><D58/><U0/><E40/><V135/><F135/><W113/><G113/><T45/><D45/><U26/><E26/><V62/><F69/><W101/><G30/><T31/><D107/><U49/><E61/><V100/><F34/><W11/><G28/><N who="0" m="10827" /><D106/><U44/><E130/><V72/><F72/><W129/><G129/><T35/><D35/><U46/><E46/><V13/><F51/><W112/><G112/><T56/><D56/><U98/><E81/><V78/><F78/><W54/><REACH who="3" step="1"/><G48/><REACH who="3" ten="250,240,250,250" step="2"/><N who="0" m="26743" /><D32/><U74/><E74/><V109/><F109/><W55/><G55/><AGARI ba="0,1" hai="9,14,16,55,57,60,84,86" m="26743,10827" machi="55" ten="30,2000,0" yaku="8,1,54,1" doraHai="94" who="0" fromWho="3" sc="250,30,240,0,250,0,250,-20" /><INIT seed="2,0,0,5,4,72" ten="280,240,250,230" oya="2" hai0="47,63,88,40,76,4,50,82,48,28,87,105,53" hai1="134,34,57,97,49,17,90,108,125,132,83,103,106" hai2="16,35,12,123,7,70,118,128,129,20,5,30,133" hai3="2,56,71,21,25,102,131,110,91,81,73,36,11"/><V111/><F70/><W24/><G71/><T96/><D28/><U1/><E34/><V100/><F100/><W130/><G36/><T78/><D4/><N who="2" m="1610" /><F118/><W32/><G102/><T26/><D26/><U13/><E1/><V62/><F62/><W115/><G110/><T0/><D0/><U92/><E108/><V64/><F64/><W65/><G115/><T9/><D9/><U41/><E125/><V126/><F111/><W93/><G56/><N who="0" m="35215" /><D105/><U101/><E83/><V31/><F126/><W14/><G65/><T55/><D96/><U85/><E103/><V15/><F123/><W44/><G44/><AGARI ba="0,0" hai="40,44,47,48,50,55,76,78,82,87,88" m="35215" machi="44" ten="30,7700,0" yaku="8,1,52,2,54,1" doraHai="72" who="0" fromWho="3" sc="280,77,240,0,250,0,230,-77" /><INIT seed="3,0,0,4,4,68" ten="357,240,250,153" oya="3" hai0="42,19,127,1,18,89,66,94,63,45,62,43,37" hai1="75,33,103,125,110,27,71,91,102,79,107,111,22" hai2="4,120,64,52,73,114,108,130,118,47,58,88,54" hai3="39,135,36,65,122,132,72,7,16,11,41,112,29"/><W85/><G29/><T14/><D127/><U123/><E71/><V12/><F73/><W105/><G41/><T35/><D1/><U60/><E125/><V133/><F118/><W76/><G122/><T82/><D35/><U17/><E123/><V92/><F120/><W104/><G112/><T6/><D82/><U24/><E107/><N who="3" m="41034" /><G85/><T49/><D37/><N who="3" m="14409" /><G65/><T96/><D43/><U69/><E79/><V51/><F64/><W109/><G16/><N who="0" m="6187" /><D66/><N who="1" m="41159" /><E91/><V48/><F88/><W40/><G40/><T90/><D90/><U99/><E75/><V101/><F114/><W55/><G55/><T26/><D26/><U78/><E78/><V121/><F54/><W131/><G131/><T70/><D70/><U50/><E50/><V2/><F130/><W23/><G23/><T32/><D32/><U119/><E119/><V86/><F121/><W100/><G100/><T30/><D30/><N who="1" m="19679" /><E99/><V59/><F48/><W126/><G126/><T124/><D124/><U13/><E13/><V0/><F12/><W83/><G109/><AGARI ba="0,0" hai="17,22,24,102,103,109,110,111" m="19679,41159" machi="109" ten="30,1000,0" yaku="14,1" doraHai="68" who="1" fromWho="3" sc="357,0,240,10,250,0,153,-10" owari="357,45.7,250,5.0,250,-15.0,143,-35.7" /></mjloggm>