<mjloggm ver="2.3"><GO type="225" lobby="0"/><UN n0="%E3%81%86%E3%82%8C%E3%81%9F%E3%82%93%E6%9E%95" n1="%70%6E%64%73%6E%67" n2="%E3%82%A2%E3%83%A1%E3%82%A2%E3%83%A9%E3%83%AC" n3="%E7%82%8E%E3%83%8E%E6%9C%B1%E9%9B%80" dan="16,16,16,16" rate="2076.82,2132.37,2126.40,2166.15" sx="F,M,M,M"/><TAIKYOKU oya="0"/><INIT seed="0,0,0,0,5,83" ten="250,250,250,250" oya="0" hai0="3,32,116,8,16,119,13,77,45,85,66,72,130" hai1="28,82,121,14,1,112,69,53,133,70,101,41,78" hai2="131,113,56,104,39,100,30,42,34,49,17,92,98" hai3="105,18,25,132,102,5,15,65,50,73,128,22,95"/><T81/><D130/><U74/><E121/><V19/><F113/><W33/><G128/><T79/><D32/><U84/><E1/><V99/><F131/><W36/><G73/><T107/><D107/><U35/><E133/><V125/><F125/><W10/><G36/><T106/><D106/><U48/><E41/><V76/><F39/><W54/><G105/><T46/><D3/><U52/><E112/><V110/><F110/><W57/><G132/><T97/><D97/><U124/><E124/><V26/><F76/><W123/><G123/><T47/><D66/><U122/><E101/><V90/><REACH who="2" step="1"/><F56/><REACH who="2" ten="250,250,240,250" step="2"/><W40/><G65/><T20/><D79/><U61/><E78/><V9/><F9/><W38/><G38/><T68/><D68/><U0/><E69/><V109/><F109/><W134/><G134/><T24/><REACH who="0" step="1"/><D72/><REACH who="0" ten="240,250,240,250" step="2"/><U135/><E74/><V12/><F12/><W117/><G15/><T127/><D127/><U51/><E14/><V129/><F129/><W64/><G64/><T118/><D118/><U62/><E70/><V7/><F7/><AGARI ba="0,2" hai="7,8,13,16,20,24,45,46,47,77,81,85,116,119" machi="7" ten="40,12000,1" yaku="1,1,52,1,54,1,53,1" doraHai="83" doraHaiUra="6" who="0" fromWho="2" sc="240,140,250,0,240,-120,250,0" /><INIT seed="0,1,0,4,1,42" ten="380,250,120,250" oya="0" hai0="54,25,65,11,27,131,90,21,100,45,86,91,47" hai1="119,122,104,39,125,7,32,102,71,108,99,83,52" hai2="94,24,135,22,56,111,123,126,124,51,74,63,109" hai3="28,13,4,12,69,79,62,134,8,116,58,43,117"/><T97/><D131/><U129/><RYUUKYOKU type="yao9" ba="1,0" sc="380,0,250,0,120,0,250,0" hai1="7,32,39,52,71,83,99,102,104,108,119,122,125,129" /><INIT seed="0,2,0,4,3,103" ten="380,250,120,250" oya="0" hai0="135,41,72,58,128,33,111,105,88,76,129,55,90" hai1="109,131,62,19,49,42,46,86,114,54,9,127,51" hai2="91,47,65,12,8,80,123,14,66,37,5,81,60" hai3="82,116,43,68,84,124,106,61,115,38,18,94,89"/><T64/><D33/><U52/><E109/><V7/><F123/><W34/><G115/><T92/><D135/><U113/><E131/><V121/><F121/><W10/><G116/><T50/><D111/><U87/><E127/><V97/><F37/><W35/><G124/><T79/><D105/><U104/><E104/><V70/><F47/><W6/><G18/><T99/><D72/><U118/><E118/><V31/><F31/><W17/><G17/><T98/><D41/><U45/><E62/><V63/><F97/><W112/><G112/><N who="1" m="43114" /><E42/><V2/><F91/><W23/><G23/><T100/><D64/><U71/><E71/><V130/><F130/><N who="0" m="50282" /><D100/><U69/><E69/><V125/><F125/><W134/><G134/><T26/><D26/><U21/><E9/><V83/><REACH who="2" step="1"/><F7/><REACH who="2" ten="380,250,110,250" step="2"/><W22/><G6/><T107/><D107/><U57/><E45/><V102/><F102/><W126/><G106/><T96/><D96/><U0/><E0/><V11/><F11/><W101/><G10/><T4/><D4/><U119/><E119/><V67/><F67/><N who="3" m="41071" /><G126/><T108/><D108/><U3/><E3/><V74/><F74/><W27/><G101/><T78/><D90/><U20/><E20/><V29/><F29/><W56/><G89/><T53/><D99/><U132/><E132/><V15/><F15/><AGARI ba="2,1" hai="15,19,21,46,49,51,52,54,57,86,87" m="43114" machi="15" ten="30,2000,0" yaku="11,1,54,1" doraHai="103" who="1" fromWho="2" sc="380,0,250,36,110,-26,250,0" /><INIT seed="1,0,0,5,5,132" ten="380,286,84,250" oya="1" hai0="56,22,55,63,83,114,96,60,135,113,3,14,6" hai1="25,61,99,126,45,117,77,123,91,122,85,100,119" hai2="48,27,66,76,32,34,35,2,51,13,31,129,110" hai3="46,101,58,86,4,121,67,9,23,68,69,112,10"/><U70/><E25/><V124/><F110/><W21/><G112/><T131/><D3/><U57/><E45/><V93/><F129/><W12/><G121/><N who="1" m="46090" /><E57/><V47/><F2/><W54/><G101/><T84/><D135/><U28/><E28/><V65/><F76/><W78/><G10/><T92/><D131/><U36/><E61/><V118/><F118/><W109/><G109/><T75/><D63/><U133/><E36/><V53/><F93/><W98/><G98/><T71/><D71/><U80/><E70/><V111/><F111/><W15/><G68/><T16/><D75/><N who="1" m="43071" /><E133/><V88/><F13/><W87/><G69/><T19/><D19/><U134/><E134/><V116/><F116/><W72/><G15/><T62/><D62/><U38/><E38/><V97/><F48/><W49/><G67/><T43/><D43/><U33/><E33/><V125/><F66/><W37/><G23/><T64/><D6/><U82/><E126/><N who="2" m="48747" /><F65/><W81/><G21/><T106/><D64/><U73/><E73/><V44/><F44/><W102/><G46/><T103/><D114/><U1/><E1/><V105/><F88/><W95/><G37/><T26/><D113/><U74/><E74/><V89/><F89/><N who="3" m="53687" /><G72/><T94/><D14/><U18/><E119/><V128/><F128/><W0/><G0/><T41/><D41/><U29/><E91/><AGARI ba="0,0" hai="16,22,26,55,56,60,83,84,91,92,94,96,103,106" machi="91" ten="30,2000,0" yaku="7,1,54,1" doraHai="132" who="0" fromWho="1" sc="380,20,286,-20,84,0,250,0" /><INIT seed="2,0,0,4,0,93" ten="400,266,84,250" oya="2" hai0="121,6,12,27,7,99,63,118,128,90,82,105,104" hai1="1,88,92,66,129,2,23,70,91,116,58,24,84" hai2="117,61,18,77,114,123,135,122,45,46,107,49,110" hai3="101,20,21,94,39,81,80,133,5,112,26,31,97"/><V72/><F114/><W111/><G111/><T67/><D121/><U40/><E116/><V83/><F117/><W96/><G112/><T73/><D128/><U50/><E70/><V53/><F110/><W22/><G39/><T0/><D0/><U134/><E134/><V74/><F135/><W15/><G133/><T10/><D118/><U124/><E124/><V76/><F107/><W44/><G44/><T33/><D6/><U71/><E71/><V115/><F115/><W109/><G109/><T60/><D60/><U113/><E113/><V35/><F35/><W28/><G97/><T120/><D99/><U100/><E100/><V126/><F126/><W43/><G43/><T68/><D120/><U98/><E129/><V64/><F18/><W19/><G5/><T89/><D89/><U69/><E69/><V3/><F3/><W4/><G4/><T34/><D34/><U29/><E40/><V41/><F64/><W131/><G131/><T47/><D47/><U108/><E108/><V125/><F125/><W87/><G87/><T51/><D51/><U17/><E17/><V52/><F61/><W36/><G36/><T75/><D75/><U42/><E42/><V16/><F16/><W25/><AGARI ba="0,0" hai="15,19,20,21,22,25,26,28,31,80,81,94,96,101" machi="25" ten="30,7900,0" yaku="0,1,9,1,8,1,52,1" doraHai="93" who="3" fromWho="3" sc="400,-20,266,-20,84,-39,250,79" /><INIT seed="3,0,0,4,1,30" ten="380,246,45,329" oya="3" hai0="132,109,62,128,4,26,3,60,105,100,78,47,131" hai1="83,99,117,7,28,70,63,50,103,133,90,96,66" hai2="37,112,38,134,58,114,27,92,80,68,82,56,11" hai3="135,87,36,13,9,124,14,81,73,12,88,25,106"/><W20/><G124/><T35/><D109/><U16/><E133/><V41/><F27/><W115/><G115/><T69/><D132/><U32/><E7/><V108/><F11/><W122/><G122/><T45/><D78/><U72/><E117/><V49/><F92/><W89/><G135/><T121/><D62/><U19/><E50/><V130/><F82/><W57/><G36/><T39/><D121/><U127/><E127/><V21/><F80/><W95/><G106/><T0/><D4/><U126/><E126/><V8/><F21/><W51/><G73/><T23/><D23/><U52/><E52/><V18/><F18/><W79/><G9/><T77/><D77/><U129/><E129/><V54/><F8/><W110/><G110/><T46/><D39/><U76/><E96/><V97/><F97/><W44/><G57/><T104/><D100/><U102/><E103/><V40/><F134/><W74/><G74/><T65/><D105/><U53/><E53/><V113/><F108/><W34/><G34/><T98/><D104/><U93/><E90/><V101/><F101/><W85/><G79/><T43/><D98/><U55/><E55/><V2/><F2/><W107/><G107/><T29/><D43/><U86/><E72/><V31/><F31/><N who="3" m="17831" /><G12/><T6/><D0/><U84/><E84/><V1/><F1/><W94/><G81/><T71/><D69/><U22/><E32/><V123/><F123/><W59/><G59/><N who="2" m="22569" /><F68/><W64/><G64/><T10/><AGARI ba="0,0" hai="3,6,10,26,29,35,45,46,47,60,65,71,128,131" machi="10" ten="30,2000,0" yaku="0,1,52,1" doraHai="30" who="0" fromWho="0" sc="380,20,246,-5,45,-5,329,-10" owari="400,50.0,241,-15.9,40,-46.0,319,11.9" /></mjloggm>