<mjloggm ver="2.3"><GO type="225" lobby="0"/><UN n0="%E3%83%8F%E3%83%B3%E3%83%89%E3%83%A9%E3%83%BC%E3%83%BB%E3%83%AF%E3%83%B3" n1="%E5%AD%90%E4%BE%9B%E4%BC%9A%E5%93%A1" n2="%E3%81%A4%E3%81%A3%E3%81%B1%E3%82%8A%E3%83%9D%E3%83%BC%E3%83%AB" n3="%E3%81%AA%E3%82%81%E3%81%93%E9%9B%80%E5%A3%AB" dan="17,17,17,16" rate="2202.33,2122.00,2213.19,2047.80" sx="M,M,M,M"/><TAIKYOKU oya="0"/><INIT seed="0,0,0,4,4,113" ten="250,250,250,250" oya="0" hai0="101,115,100,73,41,103,51,75,4,129,30,90,114" hai1="117,135,20,66,48,97,60,107,2,93,119,88,87" hai2="6,68,50,78,126,65,102,80,32,71,81,105,8" hai3="40,12,111,116,95,49,124,11,35,94,18,31,17"/><T45/><D129/><U57/><E135/><V27/><F126/><W120/><G124/><T13/><D30/><U67/><E2/><V3/><F50/><W1/><G111/><T0/><D0/><U99/><E67/><V130/><F130/><W70/><G70/><T53/><D90/><U56/><E20/><V23/><F65/><W77/><G1/><T134/><D134/><U28/><E28/><N who="2" m="19487" /><F80/><W62/><G62/><T96/><D96/><U112/><E112/><V127/><F23/><W109/><G116/><T84/><D84/><U10/><E10/><V92/><F92/><W89/><G95/><T123/><D123/><U22/><E22/><V131/><F131/><W52/><G40/><T69/><D69/><U19/><E19/><V98/><F127/><W5/><G109/><T82/><D115/><U79/><E99/><V104/><F105/><W58/><G77/><T21/><D82/><U44/><E57/><V122/><F122/><W55/><G55/><T39/><D114/><U7/><E7/><V25/><F25/><W125/><G120/><T61/><D61/><U43/><REACH who="1" step="1"/><E79/><REACH who="1" ten="250,240,250,250" step="2"/><V24/><F24/><W54/><G125/><T133/><D133/><U74/><E74/><AGARI ba="0,1" hai="3,6,8,68,71,74,78,81,98,102,104" m="19487" machi="74" ten="30,2000,0" yaku="33,2" doraHai="113" who="2" fromWho="1" sc="250,0,240,-20,250,30,250,0" /><INIT seed="1,0,0,0,0,124" ten="250,220,280,250" oya="1" hai0="94,96,39,89,47,69,43,31,66,56,6,121,90" hai1="95,79,123,53,37,99,101,33,44,65,135,85,119" hai2="16,55,126,92,14,114,52,60,70,8,133,88,61" hai3="105,103,115,9,102,107,28,57,81,21,71,77,10"/><U93/><E123/><V83/><F126/><W46/><G71/><T120/><D69/><U127/><E119/><V23/><F70/><W87/><G115/><T24/><D6/><U64/><E127/><V26/><F114/><W111/><G111/><T97/><D66/><N who="1" m="25707" /><E37/><V82/><F133/><W113/><G113/><T62/><D56/><U130/><E33/><V72/><F72/><W59/><G107/><T128/><D62/><N who="2" m="24170" /><F83/><W15/><G10/><T32/><D128/><U80/><E135/><V112/><F82/><W5/><G105/><T18/><D18/><U29/><E130/><V129/><F129/><W75/><G75/><T7/><D7/><U132/><E132/><V68/><F68/><W1/><G1/><T27/><D27/><U108/><E108/><V49/><F49/><W19/><G28/><T110/><D110/><U25/><E95/><AGARI ba="0,0" hai="24,31,32,39,43,47,89,90,94,95,96,97,120,121" machi="95" ten="40,1300,0" yaku="9,1" doraHai="124" who="0" fromWho="1" sc="250,13,220,-13,280,0,250,0" /><INIT seed="2,0,0,4,3,7" ten="263,207,280,250" oya="2" hai0="48,37,109,23,106,69,101,16,94,99,57,45,49" hai1="83,41,127,118,55,126,132,44,123,59,128,56,70" hai2="15,131,91,3,74,34,4,5,116,88,77,63,47" hai3="86,72,29,64,8,53,68,67,76,103,92,28,19"/><V42/><F116/><W95/><G72/><T46/><D69/><U20/><E83/><N who="2" m="45495" /><F34/><W122/><G68/><T120/><D120/><U66/><E20/><V93/><F131/><W84/><G122/><T97/><D109/><U114/><E123/><V38/><F63/><W115/><G115/><T2/><D2/><U89/><E89/><V61/><F93/><N who="3" m="35915" /><G103/><T1/><D1/><U60/><E132/><V117/><F117/><W11/><G19/><T35/><D35/><U113/><E118/><V108/><F108/><W10/><G53/><T62/><D37/><N who="1" m="21551" /><E128/><V119/><F119/><W17/><G17/><T75/><D75/><U107/><E107/><V124/><F61/><W80/><G86/><T90/><D46/><U121/><E56/><V25/><F25/><W54/><G54/><T81/><D45/><U21/><E21/><V96/><F96/><W52/><G52/><T6/><D81/><U79/><E79/><V9/><F91/><W98/><G98/><T31/><D31/><AGARI ba="0,0" hai="8,10,11,28,29,31,64,67,76,80,84" m="35915" machi="31" ten="30,7700,0" yaku="8,1,52,3" doraHai="7" who="3" fromWho="0" sc="263,-77,207,0,280,0,250,77" /><INIT seed="3,0,0,1,4,76" ten="186,207,280,327" oya="3" hai0="22,7,100,9,41,128,55,47,18,124,54,34,29" hai1="107,60,83,58,20,51,71,68,27,74,102,106,31" hai2="97,135,36,79,127,132,104,112,8,91,59,19,26" hai3="134,89,46,0,116,53,30,35,12,72,98,92,82"/><W10/><G116/><T87/><D128/><U21/><E51/><V93/><F112/><W44/><G134/><N who="2" m="51241" /><F127/><W56/><G0/><T15/><D124/><U73/><E20/><N who="2" m="13599" /><F36/><W105/><G105/><T40/><D100/><U118/><E118/><V43/><F43/><W129/><G129/><T84/><D41/><U88/><E74/><V57/><F79/><W5/><G35/><T121/><D121/><U33/><E33/><V11/><F104/><W119/><G30/><T45/><D29/><U120/><E120/><V3/><F11/><W110/><G110/><T95/><D34/><U65/><E107/><V52/><F52/><W77/><G119/><T109/><D109/><U125/><E125/><V85/><F97/><W123/><G123/><T38/><D95/><U48/><E48/><AGARI ba="0,0" hai="5,10,12,44,46,48,53,56,72,77,82,89,92,98" machi="48" ten="30,2900,0" yaku="7,1,52,1" doraHai="76" who="3" fromWho="1" sc="186,0,207,-29,280,0,327,29" owari="186,-21.4,178,-32.2,280,8.0,356,45.6" /></mjloggm>