<mjloggm ver="2.3"><GO type="225" lobby="0"/><UN n0="%72%61%6B%33" n1="%43%68%65" n2="%4D%50%43%32%38%30%30" n3="%E9%80%86%E9%80%A3%E5%B8%AF%E3%81%AE%E9%AC%BC" dan="16,16,16,16" rate="2177.89,2162.90,2101.69,2128.48" sx="M,M,M,M"/><TAIKYOKU oya="0"/><INIT seed="0,0,0,0,1,106" ten="250,250,250,250" oya="0" hai0="45,15,73,21,39,4,58,102,105,8,66,72,134" hai1="36,125,133,44,3,25,123,40,13,30,60,110,120" hai2="53,67,85,35,91,63,88,129,94,11,46,132,48" hai3="114,107,7,115,24,9,118,1,38,89,74,82,70"/><T122/><D122/><U103/><E3/><V80/><F132/><W12/><G118/><T56/><D134/><U93/><E133/><V111/><F111/><W121/><G121/><T22/><D105/><U43/><E110/><V20/><F129/><W10/><G70/><T117/><D117/><U97/><E125/><V96/><F35/><W79/><G107/><T98/><D21/><U92/><E43/><V135/><F135/><W130/><G130/><T124/><D124/><U84/><E13/><V14/><F20/><W81/><G38/><T28/><D98/><U59/><E84/><V61/><REACH who="2" step="1"/><F67/><REACH who="2" ten="250,250,240,250" step="2"/><W55/><G115/><T42/><D66/><N who="1" m="39199" /><E93/><V104/><F104/><W57/><G114/><T23/><D22/><AGARI ba="0,1" hai="22,25,30,36,40,44,92,97,103,120,123" m="39199" machi="22" ten="30,1000,0" yaku="25,1" doraHai="106" who="1" fromWho="0" sc="250,-10,250,20,240,0,250,0" /><INIT seed="1,0,0,5,1,129" ten="240,270,240,250" oya="1" hai0="69,115,104,87,55,123,45,132,78,81,75,71,111" hai1="118,65,13,62,126,119,95,88,86,96,108,94,1" hai2="9,43,79,61,72,99,83,124,110,38,42,89,19" hai3="11,14,58,125,67,29,10,92,33,105,74,35,113"/><U59/><E1/><V68/><F110/><W41/><G105/><T109/><D115/><U4/><E108/><N who="0" m="41545" /><D104/><U130/><E126/><V90/><F124/><W112/><G74/><T36/><D123/><U3/><E3/><V102/><F43/><W128/><G125/><T22/><D22/><U30/><E130/><V64/><F42/><W16/><G128/><T120/><D120/><U31/><E119/><V53/><F38/><W76/><G76/><T15/><D15/><U54/><E65/><V82/><F82/><W135/><G41/><N who="0" m="22695" /><D132/><U114/><E114/><V73/><F73/><W51/><G135/><T37/><D37/><U20/><E118/><V12/><REACH who="2" step="1"/><F53/><REACH who="2" ten="240,270,230,250" step="2"/><W77/><G113/><T106/><D75/><U34/><E34/><V6/><F6/><W84/><G35/><T85/><D55/><U5/><E5/><V127/><F127/><W50/><G33/><T100/><D81/><U80/><E95/><AGARI ba="0,1" hai="9,12,19,61,64,68,72,79,83,89,90,95,99,102" machi="95" ten="30,3900,0" yaku="1,1,7,1,53,1" doraHai="129" doraHaiUra="98" who="2" fromWho="1" sc="240,0,270,-39,230,49,250,0" /><INIT seed="2,0,0,1,5,112" ten="240,231,279,250" oya="2" hai0="128,45,85,17,90,118,132,27,15,33,0,88,62" hai1="42,29,122,80,71,13,16,107,5,98,109,95,7" hai2="56,64,74,82,104,46,26,59,60,28,34,65,63" hai3="117,35,123,38,97,21,131,111,4,106,119,54,113"/><V103/><F46/><W84/><G35/><T100/><D0/><U8/><E109/><V121/><F121/><W120/><G38/><T22/><D128/><U24/><E122/><V76/><F103/><W25/><G111/><T134/><D100/><U116/><E116/><V110/><F104/><W101/><G131/><T94/><D62/><U114/><E114/><V44/><F44/><W91/><G113/><T9/><D33/><U124/><E107/><V102/><F102/><W2/><G54/><T77/><D77/><U10/><E71/><V93/><F93/><W43/><G43/><T66/><D66/><U19/><E124/><V51/><F51/><W30/><G123/><T78/><D78/><U96/><E80/><V40/><REACH who="2" step="1"/><F110/><REACH who="2" ten="240,231,269,250" step="2"/><W53/><G120/><T105/><D105/><U37/><E37/><V129/><F129/><W36/><G36/><T48/><D48/><U89/><E42/><AGARI ba="0,1" hai="26,28,34,40,42,56,59,60,63,64,65,74,76,82" machi="42" ten="40,7700,0" yaku="1,1,9,1,53,1" doraHai="112" doraHaiUra="79" who="2" fromWho="1" sc="240,0,231,-77,269,87,250,0" /><INIT seed="2,1,0,2,1,107" ten="240,154,356,250" oya="2" hai0="119,120,43,18,34,4,75,45,103,81,37,66,100" hai1="109,21,99,101,73,42,72,55,82,93,53,111,28" hai2="39,7,49,50,124,16,60,10,31,118,36,116,96" hai3="80,77,123,113,104,97,89,48,26,54,74,5,110"/><V38/><F31/><W51/><G110/><N who="1" m="41994" /><E42/><V27/><F124/><W85/><G113/><T59/><D120/><U68/><E68/><V13/><F60/><W127/><G127/><T71/><D119/><U115/><E115/><V2/><F27/><W102/><G123/><T69/><D34/><U84/><E28/><V95/><F116/><W98/><G5/><T132/><D132/><U87/><E21/><V83/><F83/><W92/><G26/><T61/><D18/><U112/><E112/><V106/><F106/><W86/><REACH who="3" step="1"/><G48/><REACH who="3" ten="240,154,356,240" step="2"/><T126/><D126/><U94/><E55/><V130/><F118/><W14/><G14/><T129/><D4/><U22/><E53/><V128/><F50/><W41/><G41/><T91/><D43/><U52/><E52/><V20/><REACH who="2" step="1"/><F49/><REACH who="2" ten="240,154,346,240" step="2"/><W88/><G88/><AGARI ba="1,2" hai="2,7,10,13,16,20,36,38,39,88,95,96,128,130" machi="88" ten="40,12000,1" yaku="1,1,2,1,54,2,53,1" doraHai="107" doraHaiUra="6" who="2" fromWho="3" sc="240,0,154,0,346,143,240,-123" /><INIT seed="2,2,0,0,2,116" ten="240,154,489,117" oya="2" hai0="135,125,77,71,74,106,111,83,97,80,14,117,30" hai1="8,127,59,44,76,17,42,79,67,61,58,82,39" hai2="122,104,96,33,21,92,43,84,13,56,115,85,93" hai3="126,133,38,57,24,123,29,34,12,15,46,65,22"/><V64/><F33/><W41/><G133/><T124/><D14/><U36/><E127/><V63/><F115/><W134/><G126/><T128/><D30/><U62/><E39/><V16/><F122/><W54/><G134/><T35/><D83/><U19/><E8/><V132/><F132/><W131/><G131/><T27/><D27/><U66/><REACH who="1" step="1"/><E79/><REACH who="1" ten="240,144,489,117" step="2"/><V121/><F121/><W103/><G123/><T113/><D77/><U75/><AGARI ba="2,1" hai="17,19,36,42,44,58,59,61,62,66,67,75,76,82" machi="75" ten="20,8000,1" yaku="1,1,2,1,0,1,7,1,9,1,53,0" doraHai="116" doraHaiUra="23" who="1" fromWho="1" sc="240,-22,144,96,489,-42,117,-22" /><INIT seed="3,0,0,0,4,103" ten="218,240,447,95" oya="3" hai0="33,135,25,66,106,81,84,125,124,24,3,72,77" hai1="79,91,36,7,105,17,51,68,69,102,134,29,45" hai2="10,121,12,82,23,78,6,94,114,75,127,63,61" hai3="96,67,21,57,118,42,70,109,113,11,47,48,19"/><W1/><G118/><T100/><D3/><U27/><E36/><V9/><F121/><W87/><G113/><T62/><D84/><U65/><E79/><V110/><F110/><W86/><G109/><T111/><D111/><U20/><E7/><V120/><F120/><W22/><G70/><N who="0" m="42327" /><D135/><U80/><E134/><V41/><F127/><N who="0" m="48714" /><D33/><U18/><E80/><V5/><F41/><W93/><G1/><T92/><D92/><U115/><E91/><V104/><F104/><W129/><G129/><T58/><D58/><U85/><E85/><V71/><F71/><W32/><G32/><T54/><D54/><U30/><E115/><V0/><F114/><W123/><G123/><T15/><D15/><U128/><E128/><V53/><F53/><W90/><G87/><T50/><D50/><U31/><E51/><V88/><F23/><W44/><G44/><T2/><D2/><U133/><E45/><V40/><F40/><W97/><G22/><T132/><D132/><U131/><E133/><V8/><F8/><W37/><G11/><T39/><D39/><U13/><E131/><V43/><F43/><W46/><G46/><T107/><D100/><U59/><E59/><V35/><F35/><W49/><G37/><T56/><D56/><U117/><E117/><V60/><F60/><N who="3" m="38287" /><G49/><T112/><D112/><U98/><E65/><V73/><F73/><W64/><G64/><T108/><D108/><U16/><E17/><V122/><F122/><W99/><G86/><AGARI ba="0,0" hai="0,5,6,9,10,12,61,63,75,78,82,86,88,94" machi="86" ten="30,2000,0" yaku="7,1,54,1" doraHai="103" who="2" fromWho="3" sc="218,0,240,0,447,20,95,-20" owari="218,-18.2,240,4.0,467,56.7,75,-42.5" /></mjloggm>