<mjloggm ver="2.3"><GO type="225" lobby="0"/><UN n0="%E3%81%BF%E3%81%BF%E3%81%9A" n1="%63%68%78%62%64" n2="%E3%81%8B%E3%82%8F%E3%81%A1%E3%82%83%E3%82%93%35%38" n3="%E3%81%A9%E3%82%8F%E3%82%93%E3%81%94" dan="16,16,17,16" rate="2144.99,2157.48,2137.65,2083.73" sx="M,M,M,M"/><TAIKYOKU oya="0"/><INIT seed="0,0,0,5,3,91" ten="250,250,250,250" oya="0" hai0="26,2,108,51,60,36,0,52,32,8,34,23,53" hai1="103,132,133,61,100,118,30,22,64,84,72,1,54" hai2="102,121,87,13,101,3,99,97,44,71,85,92,62" hai3="45,43,29,4,40,94,68,128,35,90,112,105,16"/><T93/><D36/><U69/><E72/><V48/><F3/><W111/><G112/><T38/><D38/><U70/><E1/><V89/><F121/><W18/><G68/><T6/><D0/><U5/><E5/><V33/><F33/><W113/><G105/><T65/><D108/><U83/><E69/><V122/><F122/><W134/><G4/><T107/><D107/><U57/><E118/><V126/><F126/><W75/><G75/><T104/><D104/><U66/><E66/><V98/><F85/><W116/><G116/><T81/><D81/><U76/><E22/><V24/><F24/><W20/><G35/><T63/><D93/><U12/><E12/><V82/><F102/><W47/><G113/><T124/><D53/><U135/><REACH who="1" step="1"/><E30/><REACH who="1" ten="250,240,250,250" step="2"/><V78/><F13/><N who="3" m="9231" /><G29/><T10/><D10/><U96/><E96/><V109/><F101/><W131/><G111/><T74/><D74/><U130/><E130/><N who="3" m="49706" /><G18/><N who="0" m="12663" /><D34/><U37/><E37/><V9/><F109/><W119/><G119/><T95/><D32/><U28/><E28/><V120/><F120/><W19/><G19/><T88/><D2/><U129/><E129/><V56/><F71/><W46/><G134/><T7/><D8/><U123/><E123/><V11/><F9/><W117/><G117/><T79/><D6/><U125/><E125/><V41/><REACH who="2" step="1"/><F11/><REACH who="2" ten="250,240,240,250" step="2"/><W106/><G106/><T86/><D7/><U127/><E127/><V31/><F31/><W55/><G43/><T27/><D124/><U115/><E115/><V58/><F58/><W49/><G40/><T110/><D110/><U77/><E77/><RYUUKYOKU ba="0,2" sc="250,-30,240,10,240,10,250,10" hai1="54,57,61,64,70,76,83,84,100,103,132,133,135" hai2="41,44,48,56,62,78,82,87,89,92,97,98,99" hai3="45,46,47,49,55,90,94" /><INIT seed="1,1,2,3,4,109" ten="220,250,250,260" oya="1" hai0="115,34,43,80,56,14,67,92,31,12,130,94,90" hai1="106,100,76,119,61,64,4,104,8,102,128,70,54" hai2="22,129,16,101,24,36,121,123,49,112,59,98,51" hai3="32,50,29,84,7,96,120,87,23,26,95,15,21"/><U11/><E119/><V82/><F36/><W126/><G126/><T103/><D34/><U19/><E128/><V20/><F129/><W117/><G120/><T133/><D130/><U39/><E39/><V71/><F71/><W132/><G132/><T124/><D133/><U65/><E76/><V1/><F1/><W118/><G50/><T18/><D124/><U6/><E19/><V25/><F112/><W5/><G32/><T113/><D31/><U48/><E48/><V52/><F82/><W38/><G38/><T37/><D37/><U62/><E54/><V57/><F57/><W27/><G118/><T10/><D43/><U127/><E127/><V125/><F125/><W77/><G117/><T134/><D134/><U47/><E70/><V89/><F89/><N who="3" m="55407" /><G77/><T110/><D110/><U58/><E58/><V35/><F35/><W97/><G97/><N who="0" m="59815" /><D115/><U86/><REACH who="1" step="1"/><E86/><REACH who="1" ten="220,240,250,260" step="2"/><V0/><F51/><W41/><G41/><T33/><D113/><U44/><AGARI ba="1,3" hai="4,6,8,11,44,47,61,62,64,65,100,102,104,106" machi="44" ten="25,12000,1" yaku="1,1,2,1,0,1,22,2,53,0" doraHai="109" doraHaiUra="83" who="1" fromWho="1" sc="220,-41,240,153,250,-41,260,-41" /><INIT seed="1,2,0,3,1,34" ten="179,393,209,219" oya="1" hai0="35,101,71,111,109,17,51,128,97,67,68,70,13" hai1="32,80,119,8,52,43,133,85,61,88,127,25,102" hai2="95,26,135,73,99,41,114,53,121,30,105,63,47" hai3="27,132,28,79,106,115,9,96,14,103,134,22,110"/><U66/><E119/><V108/><F121/><W82/><G115/><T48/><D67/><U131/><E127/><V125/><F73/><W37/><G37/><T16/><D35/><U86/><E133/><V5/><F105/><W44/><G44/><T31/><D31/><U89/><E131/><V36/><F135/><W46/><G46/><T112/><D112/><U45/><E102/><V11/><F114/><W59/><G110/><N who="0" m="41995" /><D128/><U91/><E8/><V19/><F108/><W93/><G59/><T69/><N who="0" m="17408" /><DORA hai="10" /><T7/><D7/><U54/><E66/><V65/><F65/><W58/><G58/><T60/><D60/><U29/><E61/><V57/><F125/><W116/><G106/><N who="0" m="63791" /><D17/><U107/><E107/><V50/><F19/><W123/><G123/><T56/><D56/><U94/><REACH who="1" step="1"/><E91/><REACH who="1" ten="179,383,209,219" step="2"/><V126/><F126/><W49/><G116/><T62/><D62/><U12/><E12/><V84/><F63/><W33/><G134/><T118/><D118/><U92/><E92/><V42/><F95/><W78/><G132/><T21/><AGARI ba="2,1" hai="13,16,21,48,51" m="63791,17408,41995" machi="21" ten="60,7900,0" yaku="14,1,52,1,54,1" doraHai="34,10" who="0" fromWho="0" sc="179,95,383,-41,209,-22,219,-22" /><INIT seed="2,0,0,3,5,5" ten="274,342,187,197" oya="2" hai0="17,25,51,27,79,77,87,11,52,101,126,48,125" hai1="54,33,134,19,72,3,9,102,105,45,24,122,57" hai2="62,31,82,23,73,115,75,120,65,47,76,61,35" hai3="1,96,106,49,66,26,0,2,56,14,118,131,63"/><V104/><F115/><W107/><G118/><T34/><D101/><U99/><E134/><V80/><F120/><W22/><G131/><T91/><D51/><U117/><E117/><V60/><F104/><W93/><G14/><N who="0" m="7391" /><D34/><U20/><E122/><V95/><F35/><W18/><REACH who="3" step="1"/><G49/><REACH who="3" ten="274,342,187,187" step="2"/><T127/><D25/><U121/><E24/><V28/><F65/><W53/><G53/><T110/><D27/><U103/><E54/><V111/><F111/><W78/><G78/><T38/><D38/><U6/><E3/><V86/><F23/><W81/><G81/><N who="0" m="49647" /><D110/><U7/><E20/><V40/><F95/><W123/><G123/><T30/><D30/><U124/><E33/><V114/><F114/><W8/><G8/><T108/><D108/><U133/><E9/><V89/><REACH who="2" step="1"/><F75/><REACH who="2" ten="274,342,177,187" step="2"/><W67/><G67/><T83/><D83/><U130/><E72/><V13/><F13/><W36/><G36/><AGARI ba="0,2" hai="28,31,36,40,47,60,61,62,73,76,80,82,86,89" machi="36" ten="40,12000,1" yaku="1,1,53,3" doraHai="5" doraHaiUra="58" who="2" fromWho="3" sc="274,0,342,0,177,140,187,-120" /><INIT seed="2,1,0,4,3,23" ten="274,342,317,67" oya="2" hai0="134,113,16,90,124,116,111,99,112,46,44,61,60" hai1="86,63,117,59,3,62,91,93,6,129,4,18,57" hai2="94,28,1,56,45,55,19,130,29,41,12,26,64" hai3="14,47,50,37,89,104,107,67,2,72,80,36,133"/><V120/><F1/><W97/><G2/><T51/><D111/><U106/><E106/><V49/><F130/><W34/><G34/><T68/><D124/><U53/><E117/><V78/><F120/><W84/><G67/><T108/><D108/><U98/><E129/><V96/><F78/><W123/><G123/><T31/><D31/><U13/><E3/><V125/><F125/><W114/><G72/><T8/><D116/><U48/><E98/><V9/><F64/><W75/><G75/><T52/><D134/><U65/><E62/><N who="0" m="24169" /><D68/><U17/><E17/><V76/><F76/><W135/><G114/><T92/><D113/><U103/><E103/><V42/><F56/><W58/><G58/><N who="0" m="33055" /><D112/><U71/><E71/><V115/><F115/><W0/><G0/><T105/><D105/><U81/><E81/><V5/><F19/><W83/><G37/><T33/><D33/><U35/><E35/><V66/><F66/><W22/><G36/><T20/><D8/><AGARI ba="1,0" hai="4,6,8,13,18,48,53,57,59,63,65,86,91,93" machi="8" ten="30,2000,0" yaku="7,1,8,1" doraHai="23" who="1" fromWho="0" sc="274,-23,342,23,317,0,67,0" /><INIT seed="3,0,0,3,5,23" ten="251,365,317,67" oya="3" hai0="120,91,26,101,122,73,63,31,56,88,132,105,52" hai1="25,90,47,95,134,54,44,13,8,124,111,19,99" hai2="74,96,97,117,85,16,17,103,49,62,61,93,40" hai3="53,3,38,5,12,108,98,18,59,6,121,81,39"/><W14/><G121/><T75/><D120/><U36/><E111/><V133/><F74/><W15/><G108/><T30/><D122/><U57/><E134/><V92/><F133/><W125/><G125/><T21/><D132/><U68/><E68/><V1/><F1/><W10/><G6/><T110/><D110/><U22/><E36/><V102/><F117/><W43/><G98/><T67/><D75/><U116/><E124/><V115/><F115/><W41/><G81/><T83/><D105/><U55/><E116/><V126/><F126/><W58/><G58/><T119/><D119/><U28/><E55/><V60/><F85/><W70/><G70/><T32/><D101/><U4/><E4/><V76/><F76/><W7/><G7/><T107/><D107/><U87/><E87/><V118/><F118/><W64/><G64/><T131/><D131/><U69/><E69/><V130/><F130/><W65/><G65/><T34/><D67/><U46/><E46/><AGARI ba="0,0" hai="16,17,40,46,49,60,61,62,92,93,96,97,102,103" machi="46" ten="40,5200,0" yaku="9,1,8,1,54,1" doraHai="23" who="2" fromWho="1" sc="251,0,365,-52,317,52,67,0" owari="251,-14.9,313,11.3,369,46.9,67,-43.3" /></mjloggm>