<mjloggm ver="2.3"><GO type="225" lobby="0"/><UN n0="%41%54%53%4D" n1="%E3%83%AB%E3%83%9B%E3%83%B3%E3%83%87%E3%82%A3%E3%82%A8" n2="%E3%81%9F%E3%81%A3%E3%81%A1%E3%82%87" n3="%47%48%4F%53%54" dan="16,17,16,17" rate="2095.13,2180.31,2068.20,2239.81" sx="M,M,M,M"/><TAIKYOKU oya="0"/><INIT seed="0,0,0,3,1,101" ten="250,250,250,250" oya="0" hai0="92,120,80,132,60,76,25,112,20,26,27,37,126" hai1="82,2,55,79,32,106,59,102,125,108,29,97,41" hai2="117,111,83,130,134,4,133,98,94,123,38,8,62" hai3="115,73,86,70,65,53,66,16,72,121,118,39,31"/><T11/><D112/><U14/><E108/><V9/><F38/><W46/><G115/><T113/><D113/><U99/><E125/><V17/><F123/><W63/><G118/><T105/><D120/><U6/><E2/><V127/><F117/><W67/><G121/><T107/><D37/><U100/><E41/><V131/><F62/><W12/><G31/><T56/><D126/><U68/><E68/><V30/><F83/><W90/><G70/><T21/><D132/><N who="2" m="50794" /><F111/><W15/><G15/><T3/><D92/><U78/><E32/><V40/><F40/><W18/><G18/><T114/><D114/><U109/><E29/><V91/><F30/><W33/><G33/><T122/><D122/><U135/><E109/><V47/><F47/><W119/><G119/><T50/><D50/><U124/><E124/><V24/><F127/><W64/><G64/><T5/><D20/><U35/><E35/><V13/><F24/><W54/><G63/><T43/><D21/><U52/><E135/><V1/><AGARI ba="0,0" hai="1,4,8,9,13,17,91,94,98,130,131" m="50794" machi="1" ten="30,1100,0" yaku="20,1" doraHai="101" who="2" fromWho="2" sc="250,-5,250,-3,250,11,250,-3" /><INIT seed="1,0,0,0,5,89" ten="245,247,261,247" oya="1" hai0="122,68,51,21,133,24,36,120,84,30,80,125,1" hai1="10,124,57,102,14,3,11,15,40,26,70,2,75" hai2="121,66,22,94,110,0,6,53,48,73,109,88,34" hai3="33,98,72,29,49,62,130,131,65,132,42,9,114"/><U101/><E70/><V63/><F34/><W61/><G114/><T38/><D1/><U54/><E75/><V13/><F73/><W46/><G72/><T100/><D68/><U105/><E124/><V82/><F82/><W97/><G132/><T43/><D133/><U41/><E26/><V117/><F121/><N who="0" m="46698" /><D125/><U19/><E105/><V16/><F117/><W45/><G9/><T93/><D51/><U78/><E78/><V104/><F104/><W134/><G134/><T27/><D43/><U39/><E39/><V83/><F83/><W74/><G74/><T81/><D27/><U35/><E35/><V116/><F116/><W47/><G49/><T28/><D28/><U52/><E19/><V92/><F6/><W108/><G42/><T20/><D20/><U31/><REACH who="1" step="1"/><E57/><REACH who="1" ten="245,237,261,247" step="2"/><N who="2" m="37231" /><F109/><W67/><G108/><T91/><D100/><U123/><E123/><V128/><F110/><W129/><G33/><T5/><D5/><U4/><E4/><V107/><F107/><W44/><N who="3" m="11264" /><DORA hai="17" /><W64/><REACH who="3" step="1"/><G29/><AGARI ba="0,1" hai="2,3,10,11,14,15,29,31,40,41,52,54,101,102" machi="29" ten="25,9600,0" yaku="1,1,22,2,54,1,53,0" doraHai="89,17" doraHaiUra="119,18" who="1" fromWho="3" sc="245,0,237,106,261,0,247,-96" /><INIT seed="1,1,0,0,2,75" ten="245,343,261,151" oya="1" hai0="80,87,58,31,85,53,100,106,70,120,103,52,74" hai1="7,78,104,96,34,55,56,35,127,17,48,83,99" hai2="13,38,95,109,123,92,47,69,21,124,42,119,133" hai3="118,94,117,33,131,81,77,32,89,9,115,43,125"/><U97/><E104/><V129/><F69/><W12/><G125/><T113/><D70/><U14/><E7/><V122/><F119/><W22/><G131/><T66/><D113/><U15/><E127/><V20/><F124/><W130/><G115/><T65/><D120/><U116/><E116/><N who="3" m="44650" /><G130/><T0/><D0/><U28/><E28/><V102/><F109/><W54/><G43/><T18/><D31/><U98/><N who="1" m="24576" /><DORA hai="25" /><U59/><E59/><V132/><F47/><W64/><G64/><N who="0" m="24683" /><D74/><U16/><E14/><V114/><F13/><W90/><G22/><T1/><D1/><U112/><E112/><V121/><F121/><W61/><G94/><T128/><D128/><U41/><E41/><V67/><F42/><W30/><G30/><T39/><D39/><U107/><E107/><V82/><F67/><W40/><G40/><T105/><D105/><U26/><E26/><V60/><F129/><W57/><G33/><T2/><D2/><U37/><E37/><V86/><F38/><W51/><G32/><T3/><D3/><U49/><E49/><V110/><F114/><W23/><G51/><T24/><D106/><U88/><E88/><N who="3" m="33898" /><G23/><N who="0" m="13431" /><D80/><U135/><E34/><V44/><F82/><W68/><G68/><T5/><D103/><U19/><E35/><V11/><F102/><W63/><G63/><N who="0" m="36295" /><D100/><U76/><E48/><V29/><F122/><W72/><G9/><T93/><D93/><N who="2" m="35914" /><F11/><W84/><G72/><T4/><D53/><U8/><E55/><V111/><F29/><W73/><G73/><T126/><D126/><U91/><E83/><V45/><F123/><RYUUKYOKU ba="1,0" sc="245,15,343,-15,261,-15,151,15" hai0="4,5,85,87" hai3="12,54,57,61,77,81,84" /><INIT seed="2,2,0,1,1,3" ten="260,328,246,166" oya="2" hai0="51,80,30,21,36,98,4,26,126,121,13,55,123" hai1="122,37,15,73,57,54,90,107,23,101,114,0,86" hai2="31,41,75,29,25,131,128,34,79,33,78,67,61" hai3="135,28,66,50,9,93,27,63,47,85,81,100,44"/><V20/><F41/><W91/><G135/><T49/><D36/><U92/><E37/><V35/><F29/><W103/><G9/><T24/><D126/><U60/><E0/><V124/><F124/><W40/><G47/><T84/><D51/><U125/><E114/><V16/><F31/><W2/><G2/><T64/><D64/><U48/><E73/><V88/><F88/><W65/><G81/><T46/><D98/><U96/><E125/><V45/><F45/><W43/><G43/><T106/><D106/><U52/><E122/><V12/><F25/><W53/><G40/><T130/><D130/><N who="2" m="49706" /><F75/><W104/><G104/><T99/><D99/><U113/><E113/><V133/><F133/><W32/><REACH who="3" step="1"/><G66/><REACH who="3" ten="260,328,246,156" step="2"/><T68/><D46/><U56/><E107/><V17/><F17/><W111/><G111/><T108/><D108/><U38/><E38/><V10/><F10/><W94/><G94/><T127/><D127/><U118/><E118/><V134/><F134/><W8/><G8/><T105/><D105/><U5/><E92/><V71/><AGARI ba="2,1" hai="12,16,20,33,34,35,61,67,71,78,79" m="49706" machi="71" ten="40,3900,0" yaku="19,1,54,1" doraHai="3" who="2" fromWho="2" sc="260,-15,328,-15,246,55,156,-15" /><INIT seed="2,3,0,0,0,66" ten="245,313,301,141" oya="2" hai0="48,98,100,51,131,83,125,26,69,22,14,95,60" hai1="4,62,121,50,27,63,28,106,115,118,113,108,101" hai2="120,10,79,17,42,134,16,130,37,77,133,45,127" hai3="67,92,73,103,109,84,65,58,7,102,87,39,75"/><V104/><F120/><W47/><G109/><T20/><D125/><U76/><E50/><V78/><F104/><W86/><G7/><T43/><D131/><U11/><E118/><V49/><F127/><W24/><G24/><T119/><D119/><U9/><E9/><V25/><F130/><W82/><G82/><T112/><D112/><U1/><E76/><V88/><F37/><W71/><G92/><T44/><D83/><U2/><E2/><V124/><F124/><W85/><N who="3" m="21504" /><DORA hai="97" /><W80/><G58/><T34/><D51/><U72/><E72/><V105/><F88/><W68/><G80/><T33/><D14/><U70/><E63/><V110/><F105/><W57/><G57/><T30/><REACH who="0" step="1"/><D34/><REACH who="0" ten="235,313,301,141" step="2"/><N who="1" m="20767" /><E108/><V128/><F110/><W21/><G39/><T126/><D126/><U81/><E81/><V23/><F128/><W135/><G135/><N who="2" m="51721" /><F77/><W18/><G47/><T99/><D99/><N who="1" m="61759" /><E121/><V8/><F78/><W15/><G75/><T3/><D3/><U107/><E107/><V46/><F79/><W111/><G73/><T64/><AGARI ba="3,1" hai="20,22,26,30,33,43,44,48,60,64,69,95,98,100" machi="64" ten="30,8000,1" yaku="1,1,0,1,52,2,53,1" doraHai="66,97" doraHaiUra="41,5" who="0" fromWho="0" sc="235,99,313,-23,301,-43,141,-23" /><INIT seed="3,0,0,5,3,127" ten="334,290,258,118" oya="3" hai0="63,48,4,130,56,6,58,50,68,9,1,47,42" hai1="34,104,118,28,75,101,36,107,134,54,46,76,52" hai2="99,16,20,25,117,129,27,0,72,22,59,135,110" hai3="105,60,121,95,11,21,45,33,73,89,19,5,82"/><W108/><G121/><T30/><D130/><U74/><E34/><V133/><F72/><W112/><G112/><T85/><D30/><U8/><E28/><N who="2" m="17447" /><F117/><W66/><G105/><T13/><D68/><U83/><E75/><V15/><F99/><W43/><G33/><T97/><D97/><U14/><E134/><N who="2" m="51211" /><F59/><W114/><G114/><T111/><D111/><U62/><E118/><V61/><F61/><W128/><G108/><T53/><D85/><U88/><E62/><V35/><F110/><W80/><G128/><T49/><D1/><U90/><E101/><V51/><F51/><N who="0" m="19530" /><D58/><U41/><E104/><V69/><F69/><W57/><G73/><T109/><D109/><U17/><E107/><V23/><F35/><W124/><G124/><T31/><D31/><U3/><REACH who="1" step="1"/><E3/><REACH who="1" ten="334,280,258,118" step="2"/><V123/><F0/><W100/><G100/><T2/><D2/><U126/><E126/><V18/><F129/><W64/><G64/><T71/><D71/><U78/><E78/><V32/><F32/><W91/><G5/><AGARI ba="0,1" hai="4,5,6,9,13,42,47,50,53,56,63" m="19530" machi="5" ten="30,1000,0" yaku="8,1" doraHai="127" who="0" fromWho="3" sc="334,20,280,0,258,0,118,-10" owari="354,45.4,280,8.0,258,-14.2,108,-39.2" /></mjloggm>