<mjloggm ver="2.3"><GO type="225" lobby="0"/><UN n0="%72%69%6F%75%63%68%61%6E" n1="%E5%AF%82%E5%AF%9E%E3%82%AE%E3%83%8D%E3%82%B9%E3%83%93%E3%83%BC%E3%83%AB" n2="%E3%81%BE%E3%81%A8%E3%81%9F" n3="%E3%81%AF%E3%82%88%E3%81%8A%E3%81%98%E3%81%95%E3%82%93" dan="17,16,16,16" rate="2302.18,2131.71,2162.36,2199.02" sx="M,M,M,M"/><TAIKYOKU oya="0"/><INIT seed="0,0,0,2,5,128" ten="250,250,250,250" oya="0" hai0="21,14,20,32,34,36,116,122,84,102,18,99,64" hai1="132,75,7,45,30,117,95,1,106,51,8,33,56" hai2="105,49,63,124,0,28,113,94,120,82,118,114,66" hai3="91,111,68,43,17,96,61,39,86,81,59,110,87"/><T112/><D112/><U27/><E117/><V19/><F105/><W76/><G68/><T101/><D122/><U40/><E106/><V93/><F120/><W65/><G96/><T53/><D116/><U13/><E75/><V26/><F118/><W5/><G5/><T15/><D36/><U12/><E132/><V73/><F0/><W25/><G43/><T55/><D64/><U41/><E41/><V119/><F119/><W22/><REACH who="3" step="1"/><G39/><REACH who="3" ten="250,250,250,240" step="2"/><T135/><D99/><U130/><E130/><V4/><F114/><W16/><G16/><T127/><D127/><U109/><E109/><V3/><F19/><W23/><G23/><T125/><D125/><U9/><E9/><V42/><F4/><W44/><G44/><T98/><D98/><U108/><E108/><V78/><F42/><W126/><G126/><T6/><D6/><U134/><E56/><V97/><F124/><W69/><G69/><T89/><D32/><U100/><E134/><V29/><F113/><W47/><G47/><T92/><D34/><U35/><E35/><V131/><F97/><W79/><G79/><T24/><D135/><U60/><E100/><N who="0" m="38505" /><D20/><U57/><REACH who="1" step="1"/><E95/><AGARI ba="0,1" hai="17,22,25,59,61,65,76,81,86,87,91,95,110,111" machi="95" ten="40,5200,0" yaku="1,1,53,2" doraHai="128" doraHaiUra="83" who="3" fromWho="1" sc="250,0,250,-52,250,0,240,62" /><INIT seed="1,0,0,4,5,129" ten="250,198,250,302" oya="1" hai0="59,130,42,122,20,110,87,85,126,132,0,106,131" hai1="112,51,11,116,121,77,104,115,92,93,60,1,41" hai2="113,109,84,78,37,100,19,12,68,86,125,57,18" hai3="38,76,32,43,10,127,36,98,6,63,69,99,26"/><U91/><E116/><V34/><F68/><W47/><G36/><T16/><D132/><U128/><E121/><V89/><F37/><W31/><G127/><T50/><D110/><U24/><E128/><N who="0" m="49193" /><D126/><U61/><E104/><V118/><F125/><W105/><G76/><T123/><D0/><U81/><E24/><V58/><F34/><W3/><G105/><T53/><D106/><U25/><E25/><V124/><F118/><W67/><AGARI ba="0,0" hai="3,6,10,26,31,32,38,43,47,63,67,69,98,99" machi="67" ten="30,1100,0" yaku="0,1" doraHai="129" who="3" fromWho="3" sc="250,-3,198,-5,250,-3,302,11" /><INIT seed="2,0,0,0,3,0" ten="247,193,247,313" oya="2" hai0="62,117,129,109,60,90,3,19,112,53,41,67,27" hai1="71,25,115,7,61,12,8,43,76,64,128,51,121" hai2="124,88,23,77,93,63,126,119,125,73,37,131,30" hai3="104,18,46,79,52,1,59,33,42,39,110,91,85"/><V101/><F119/><W94/><G104/><T36/><D109/><U116/><E116/><V66/><F37/><W86/><G110/><T83/><D117/><U24/><E115/><V35/><F35/><W96/><G33/><T81/><D112/><U48/><E128/><V120/><F120/><W74/><G1/><T15/><D3/><U17/><E121/><V97/><F131/><W99/><G74/><T2/><D2/><U50/><E43/><V123/><F123/><W105/><G18/><T28/><D129/><U44/><E44/><V65/><F65/><W9/><G9/><T114/><D114/><U106/><E106/><V122/><F122/><W55/><G55/><T45/><D53/><U87/><REACH who="1" step="1"/><E17/><REACH who="1" ten="247,183,247,313" step="2"/><V49/><F124/><W20/><G105/><T113/><D113/><U5/><E5/><V34/><F126/><W78/><G46/><T11/><D45/><U80/><AGARI ba="0,1" hai="7,8,12,24,25,48,50,51,61,64,71,76,80,87" machi="80" ten="30,7900,0" yaku="1,1,0,1,52,1,53,1" doraHai="0" doraHaiUra="4" who="1" fromWho="1" sc="247,-20,183,89,247,-39,313,-20" /><INIT seed="3,0,0,5,4,79" ten="227,272,208,293" oya="3" hai0="64,69,115,121,35,26,118,52,108,8,67,85,39" hai1="116,29,41,40,19,102,68,95,4,54,132,99,59" hai2="90,91,55,9,45,125,112,17,34,12,98,65,80" hai3="84,13,87,31,134,30,130,60,50,22,44,114,1"/><W75/><G114/><T82/><D118/><U92/><E68/><V73/><F112/><W66/><G75/><T109/><D121/><U104/><E116/><V74/><F125/><W2/><G1/><T63/><D115/><U71/><E71/><V122/><F122/><W117/><G2/><T14/><D39/><U72/><E72/><V57/><F34/><W6/><G117/><T33/><D64/><U78/><E78/><V5/><F74/><W43/><G130/><T105/><D105/><U46/><E4/><V110/><F73/><W106/><G106/><T88/><D52/><U124/><E29/><N who="3" m="10762" /><G134/><T93/><D93/><U38/><E41/><V61/><F110/><N who="0" m="42602" /><D26/><U48/><E124/><V7/><F98/><W28/><G6/><AGARI ba="0,0" hai="6,8,14,33,35,63,67,69,82,85,88" m="42602" machi="6" ten="30,3900,0" yaku="14,1,52,1,54,1" doraHai="79" who="0" fromWho="3" sc="227,39,272,0,208,0,293,-39" /><INIT seed="4,0,0,5,4,33" ten="266,272,208,254" oya="0" hai0="135,103,46,84,75,87,95,96,17,98,6,127,131" hai1="109,55,118,134,89,11,73,106,32,25,104,28,35" hai2="81,62,9,74,29,68,65,88,43,3,93,79,123" hai3="119,63,125,38,49,108,13,44,56,5,53,107,36"/><T8/><D127/><U72/><E118/><V1/><F123/><W0/><G119/><T12/><D135/><U58/><E134/><V122/><F122/><W100/><G108/><T15/><D131/><U77/><E109/><V31/><F43/><W83/><G125/><T18/><D75/><U111/><E35/><V116/><F116/><W7/><G7/><T114/><D114/><U133/><E111/><V2/><REACH who="2" step="1"/><F9/><REACH who="2" ten="266,272,198,254" step="2"/><W51/><G36/><T120/><D120/><U34/><E11/><V117/><F117/><W59/><G38/><T66/><D66/><U54/><E133/><V37/><F37/><W105/><G53/><T16/><D15/><U124/><E55/><V102/><F102/><W10/><G100/><N who="0" m="60447" /><D46/><U129/><E129/><V128/><F128/><W85/><G13/><T130/><D130/><U19/><E124/><V20/><F20/><W115/><G115/><T24/><D24/><U57/><E25/><V91/><F91/><W92/><G44/><T50/><D50/><U97/><E89/><V110/><F110/><W76/><G49/><T30/><D30/><U22/><E28/><V45/><F45/><W48/><G51/><T101/><D103/><U69/><E32/><V42/><F42/><W82/><G48/><T86/><D101/><U27/><E34/><V112/><F112/><W60/><G10/><T47/><D47/><U39/><E39/><V99/><AGARI ba="0,1" hai="1,2,3,29,31,62,65,68,74,79,81,88,93,99" machi="99" ten="30,12000,2" yaku="1,1,0,1,52,3,54,1,53,1" doraHai="33" doraHaiUra="67" who="2" fromWho="2" sc="266,-60,272,-30,198,130,254,-30" owari="206,-29.4,242,4.2,328,42.8,224,-17.6" /></mjloggm>