<mjloggm ver="2.3"><GO type="225" lobby="0"/><UN n0="%77%72%77%72%77%72%77%72" n1="%E3%83%B4%E3%82%A3%E3%83%AF%E3%82%B3%E3%82%B0%E3%83%8B" n2="%E5%B0%8F%E9%B3%A5%E9%81%8A%E7%B7%B4%E7%84%A1%32%31%E6%AD%B3" n3="%47%48%4F%53%54" dan="16,16,16,17" rate="2199.21,2150.96,2150.79,2288.79" sx="M,M,F,M"/><TAIKYOKU oya="0"/><INIT seed="0,0,0,2,3,105" ten="250,250,250,250" oya="0" hai0="15,1,98,4,11,47,135,39,35,16,110,23,50" hai1="17,24,69,123,53,100,95,43,52,7,83,115,84" hai2="32,54,127,118,46,129,104,36,18,75,93,88,134" hai3="86,13,22,92,133,8,61,0,64,80,28,109,26"/><T128/><D128/><U124/><E124/><V70/><RYUUKYOKU type="yao9" ba="0,0" sc="250,0,250,0,250,0,250,0" hai2="18,32,36,46,54,70,75,88,93,104,118,127,129,134" /><INIT seed="0,1,0,3,1,89" ten="250,250,250,250" oya="0" hai0="36,88,30,133,65,75,90,118,5,60,82,85,71" hai1="83,6,45,67,114,120,91,66,1,0,105,16,15" hai2="80,116,101,109,39,35,57,41,122,74,11,98,77" hai3="40,113,73,68,78,54,48,131,55,94,24,29,111"/><T20/><D118/><U44/><E120/><V99/><F116/><W26/><G113/><T61/><D133/><U110/><E110/><V97/><F122/><W38/><G111/><T33/><D36/><U25/><E105/><V79/><F109/><W59/><G131/><T103/><D103/><U22/><E0/><V76/><F35/><W42/><G68/><T130/><D130/><U8/><E114/><V18/><F57/><N who="3" m="32967" /><G78/><N who="2" m="30313" /><F18/><W52/><G73/><T31/><D75/><U86/><REACH who="1" step="1"/><E1/><REACH who="1" ten="250,240,250,250" step="2"/><V51/><F74/><W106/><G106/><T56/><D33/><U127/><E127/><V49/><F101/><W84/><G38/><T17/><D5/><U23/><E23/><V4/><F39/><W53/><G59/><T12/><REACH who="0" step="1"/><D90/><REACH who="0" ten="240,240,250,250" step="2"/><U126/><E126/><V123/><F123/><W64/><G29/><T72/><D72/><U43/><E43/><V81/><F41/><W129/><G42/><T135/><D135/><U93/><E93/><V69/><F79/><W10/><G40/><T124/><D124/><U28/><E28/><V58/><F80/><W134/><G129/><T9/><D9/><U112/><E112/><V119/><F11/><W100/><G134/><T62/><D62/><U47/><AGARI ba="1,2" hai="6,8,15,16,22,25,44,45,47,66,67,83,86,91" machi="47" ten="30,8000,1" yaku="1,1,0,1,8,1,54,1,53,1" doraHai="89" doraHaiUra="3" who="1" fromWho="1" sc="240,-41,240,103,250,-21,250,-21" /><INIT seed="1,0,0,0,0,84" ten="199,343,229,229" oya="1" hai0="41,130,5,26,9,23,117,74,20,126,60,31,92" hai1="15,69,107,99,53,71,76,103,91,32,51,8,123" hai2="116,114,12,127,43,25,98,78,37,28,96,61,2" hai3="0,40,56,58,21,45,59,65,118,14,1,134,52"/><U17/><E123/><V94/><F2/><W72/><G72/><T10/><D117/><U47/><E32/><V13/><F127/><W89/><G118/><T80/><D80/><U29/><E29/><V112/><F116/><W125/><G134/><T81/><D126/><U49/><E76/><V113/><F78/><W88/><G125/><T66/><D130/><U104/><E104/><V11/><F61/><W16/><G65/><T44/><D74/><U54/><REACH who="1" step="1"/><E91/><REACH who="1" ten="199,333,229,229" step="2"/><N who="2" m="55391" /><F11/><W128/><G128/><T85/><D10/><U19/><E19/><V121/><F121/><W34/><G34/><T100/><D9/><U39/><E39/><V64/><F37/><W101/><G88/><T82/><D20/><U48/><E48/><V106/><F106/><W111/><G89/><N who="0" m="53295" /><D100/><U133/><E133/><V22/><F113/><W27/><G101/><T42/><D5/><U33/><E33/><V79/><F79/><W122/><G122/><T83/><D44/><AGARI ba="0,1" hai="8,15,17,44,47,49,51,53,54,69,71,99,103,107" machi="44" ten="30,5800,0" yaku="1,1,7,1,9,1,53,0" doraHai="84" doraHaiUra="115" who="1" fromWho="0" sc="199,-58,333,68,229,0,229,0" /><INIT seed="1,1,0,0,3,119" ten="141,401,229,229" oya="1" hai0="69,129,93,130,7,19,96,60,28,67,82,3,89" hai1="20,42,15,9,24,41,6,81,49,122,87,73,135" hai2="133,32,63,57,115,50,53,80,105,4,83,17,112" hai3="16,39,79,36,2,64,10,48,117,46,84,111,126"/><U103/><E135/><V31/><F105/><W107/><G117/><T86/><D28/><U66/><E73/><V95/><F4/><W25/><G107/><T54/><D7/><U109/><E122/><V52/><F17/><W61/><G111/><T100/><D3/><U47/><E109/><V101/><F133/><W97/><G126/><T131/><D19/><U21/><E103/><V72/><F31/><W55/><G97/><T98/><D98/><U11/><E66/><V51/><F32/><W29/><G79/><T116/><D116/><U38/><E38/><V124/><F63/><W90/><G2/><T43/><D43/><U5/><E41/><V104/><F104/><W113/><G113/><N who="2" m="43593" /><F72/><W132/><G132/><T77/><REACH who="0" step="1"/><D54/><REACH who="0" ten="131,401,229,229" step="2"/><U59/><E5/><V44/><F124/><W118/><G118/><T76/><AGARI ba="1,1" hai="60,67,69,76,77,82,86,89,93,96,100,129,130,131" machi="76" ten="40,8000,1" yaku="1,1,2,1,0,1,19,1,53,0" doraHai="119" doraHaiUra="13" who="0" fromWho="0" sc="131,93,401,-41,229,-21,229,-21" /><INIT seed="2,0,0,5,2,81" ten="224,360,208,208" oya="2" hai0="110,71,62,103,86,46,31,87,77,34,54,127,112" hai1="104,83,24,53,119,41,107,113,42,98,58,14,117" hai2="12,23,7,131,35,124,38,44,5,28,109,33,134" hai3="93,21,116,52,100,3,115,50,79,123,69,82,126"/><V74/><F134/><W72/><G116/><T57/><D112/><U128/><E113/><V26/><F74/><W2/><G115/><T94/><D110/><U64/><E64/><V59/><F59/><W88/><G123/><T10/><D71/><U15/><E58/><V13/><F44/><W96/><G69/><T65/><D127/><U51/><E83/><V80/><F80/><W90/><G126/><T130/><D77/><U66/><E66/><V135/><F38/><W61/><G61/><T60/><D130/><U102/><E98/><V132/><F124/><W47/><REACH who="3" step="1"/><G21/><REACH who="3" ten="224,360,208,198" step="2"/><T16/><D60/><U84/><E117/><V121/><F121/><W17/><G17/><T101/><D34/><N who="2" m="12810" /><F131/><W133/><G133/><N who="2" m="51273" /><F109/><W1/><AGARI ba="0,1" hai="1,2,3,47,50,52,72,79,82,88,90,93,96,100" machi="1" ten="30,8000,1" yaku="1,1,0,1,54,2,53,1" doraHai="81" doraHaiUra="106" who="3" fromWho="3" sc="224,-20,360,-20,208,-40,198,90" /><INIT seed="3,0,0,0,2,52" ten="204,340,168,288" oya="3" hai0="101,70,68,122,115,88,77,103,72,37,108,50,104" hai1="11,74,94,27,133,61,23,90,66,59,100,12,32" hai2="130,13,51,112,78,19,54,28,109,105,83,6,123" hai3="42,44,56,22,69,46,17,30,95,96,98,36,89"/><W127/><G127/><T75/><D122/><U92/><E133/><V117/><F117/><W128/><G128/><T113/><D37/><U25/><E74/><N who="0" m="28201" /><D77/><U64/><E32/><V129/><F109/><W43/><G69/><N who="0" m="26731" /><D108/><U116/><E116/><V16/><F105/><W110/><G110/><T33/><D33/><U1/><E1/><V9/><F123/><W0/><G0/><T49/><D104/><U71/><E71/><V14/><F28/><W35/><G35/><T114/><D88/><U39/><E39/><V48/><F6/><W106/><G30/><T60/><D60/><U99/><E23/><V2/><F2/><W119/><G119/><T24/><D24/><U131/><E66/><V124/><F124/><W21/><G98/><T97/><D97/><N who="1" m="57495" /><E131/><N who="2" m="50187" /><F112/><W18/><G106/><T102/><AGARI ba="0,0" hai="49,50,101,102,103,113,114,115" m="26731,28201" machi="102" ten="50,6400,0" yaku="28,2,11,1" doraHai="52" who="0" fromWho="0" sc="204,64,340,-16,168,-16,288,-32" owari="268,6.8,324,42.4,152,-34.8,256,-14.4" /></mjloggm>