<mjloggm ver="2.3"><GO type="225" lobby="0"/><UN n0="%E4%BF%BA%E3%81%A8%E5%A6%96%E5%A4%A2" n1="%E3%81%8B%E3%82%8F%E3%81%A1%E3%82%83%E3%82%93%35%38" n2="%6D%75%75%6D%75%72%61" n3="%E9%80%86%E9%80%A3%E5%B8%AF%E3%81%AE%E9%AC%BC" dan="17,16,16,16" rate="2204.57,2090.81,2133.28,2157.93" sx="F,M,F,M"/><TAIKYOKU oya="0"/><INIT seed="0,0,0,2,0,126" ten="250,250,250,250" oya="0" hai0="71,116,61,54,98,78,132,10,81,112,52,121,21" hai1="17,33,62,31,49,25,1,83,103,9,90,66,87" hai2="59,77,122,131,130,101,11,84,5,16,105,55,56" hai3="37,15,0,100,53,106,39,28,86,97,3,26,93"/><T74/><D112/><U13/><E103/><V123/><F105/><W119/><G119/><T30/><D116/><U109/><E109/><V72/><F72/><W92/><G53/><T134/><D121/><U34/><E49/><V48/><F101/><W70/><G70/><T135/><D10/><U76/><E1/><V85/><F16/><W96/><G15/><T69/><D98/><U42/><E42/><V57/><F57/><W125/><G125/><T40/><D40/><U111/><E111/><V127/><F127/><W80/><G39/><T47/><D47/><U58/><REACH who="1" step="1"/><E76/><REACH who="1" ten="250,240,250,250" step="2"/><V89/><F122/><W20/><G37/><T91/><D91/><U45/><E45/><V43/><F123/><W124/><G124/><T32/><D132/><U114/><E114/><V67/><F43/><W68/><G0/><T36/><D134/><U102/><E102/><V2/><F77/><W107/><G3/><T113/><D135/><U29/><E29/><V63/><REACH who="2" step="1"/><F89/><REACH who="2" ten="250,240,240,250" step="2"/><W24/><G100/><T22/><D113/><U35/><AGARI ba="0,2" hai="9,13,17,25,31,33,34,35,58,62,66,83,87,90" machi="35" ten="20,2700,0" yaku="1,1,0,1,7,1,53,0" doraHai="126" doraHaiUra="38" who="1" fromWho="1" sc="250,-13,240,47,240,-7,250,-7" /><INIT seed="1,0,0,4,0,80" ten="237,287,233,243" oya="1" hai0="33,26,32,91,4,54,105,0,9,64,67,58,51" hai1="1,88,125,69,123,5,13,23,119,113,87,29,76" hai2="115,112,66,72,129,84,8,11,120,22,109,21,59" hai3="31,20,60,101,97,95,14,37,6,128,107,133,39"/><U46/><E113/><N who="2" m="43595" /><F72/><W132/><G128/><T50/><D105/><U27/><E119/><V63/><F120/><W114/><G114/><T44/><D33/><U68/><E123/><V103/><F129/><W85/><G60/><T12/><D0/><U102/><E102/><V86/><F103/><W56/><G56/><T15/><D15/><U73/><E1/><V34/><F34/><W24/><G6/><T74/><D74/><U18/><E5/><V92/><F92/><W42/><G14/><T43/><REACH who="0" step="1"/><D91/><REACH who="0" ten="227,287,233,243" step="2"/><U83/><E73/><V65/><F109/><W134/><G42/><T79/><D79/><U127/><E76/><V41/><F41/><W89/><AGARI ba="0,1" hai="20,24,31,37,39,85,89,95,97,101,107,132,133,134" machi="89" ten="40,5200,0" yaku="0,1,20,1,52,1" doraHai="80" who="3" fromWho="3" sc="227,-13,287,-26,233,-13,243,62" /><INIT seed="2,0,0,1,4,108" ten="214,261,220,305" oya="2" hai0="123,85,134,52,48,70,29,10,102,4,58,119,105" hai1="35,40,101,30,122,73,23,71,72,91,107,112,43" hai2="116,81,50,62,54,110,82,28,104,20,103,125,11" hai3="115,59,106,67,114,129,2,32,46,118,17,95,61"/><V87/><F116/><W9/><G106/><T21/><D123/><U45/><E23/><V60/><F110/><W19/><G118/><T15/><D119/><U97/><E43/><V49/><F125/><W90/><G32/><T63/><D134/><U16/><E16/><V78/><F104/><W25/><G129/><T56/><D70/><U18/><E18/><V34/><F103/><W132/><G132/><T6/><D6/><U47/><E47/><V44/><F34/><W41/><G2/><T22/><D85/><U12/><E12/><V99/><F99/><W57/><G57/><T8/><D8/><U26/><E122/><V55/><F11/><W117/><G117/><T0/><D0/><U88/><E112/><N who="3" m="43050" /><G25/><T66/><D105/><U77/><E71/><V13/><F81/><W64/><G64/><T68/><D102/><U3/><E3/><V84/><F84/><N who="3" m="52679" /><G9/><T42/><D68/><U126/><E126/><V94/><F13/><W37/><AGARI ba="0,0" hai="17,19,37,41,46,59,61,67" m="52679,43050" machi="37" ten="30,7900,0" yaku="11,1,52,3" doraHai="108" who="3" fromWho="3" sc="214,-20,261,-20,220,-39,305,79" /><INIT seed="3,0,0,3,3,14" ten="194,241,181,384" oya="3" hai0="6,73,16,74,5,97,111,25,38,50,20,48,31" hai1="118,19,125,116,42,28,35,105,66,63,98,129,9" hai2="53,126,115,51,57,43,70,134,55,39,0,23,86" hai3="80,79,33,10,81,76,122,135,89,92,114,84,3"/><W121/><G33/><T7/><D38/><U117/><E125/><V77/><F115/><W4/><G114/><T2/><D2/><U22/><E129/><V99/><F0/><W132/><G81/><T72/><D111/><U124/><E124/><V34/><F126/><W88/><G89/><T62/><D62/><U49/><E9/><V108/><F34/><W29/><G29/><T8/><D8/><U69/><E28/><V87/><F70/><W60/><G60/><T61/><D61/><U26/><E35/><V37/><F108/><W40/><G40/><T107/><REACH who="0" step="1"/><D31/><REACH who="0" ten="184,241,181,384" step="2"/><U101/><E49/><N who="2" m="30895" /><F37/><W13/><G3/><T41/><D41/><AGARI ba="0,1" hai="19,22,26,41,42,63,66,69,98,101,105,116,117,118" machi="41" ten="40,2600,0" yaku="12,1,52,1" doraHai="14" who="1" fromWho="0" sc="184,-26,241,36,181,0,384,0" owari="158,-34.2,277,7.7,181,-21.9,384,48.4" /></mjloggm>