<mjloggm ver="2.3"><GO type="225" lobby="0"/><UN n0="%E3%83%81%E3%83%AF%E3%83%AF%E9%9A%8A%E9%95%B7" n1="%E7%89%B9%E6%9D%B1%E3%81%AF%E4%B8%96%E7%95%8C%E3%82%92%E6%95%91%E3%81%86" n2="%33%74%72%65%65" n3="%E3%81%A4%E3%81%A3%E3%81%B1%E3%82%8A%E3%83%9D%E3%83%BC%E3%83%AB" dan="17,16,16,17" rate="2141.47,2162.89,2127.19,2240.27" sx="M,M,F,M"/><TAIKYOKU oya="0"/><INIT seed="0,0,0,2,2,72" ten="250,250,250,250" oya="0" hai0="116,2,39,62,43,3,85,8,96,21,89,20,108" hai1="113,104,53,68,24,27,88,95,71,25,19,35,14" hai2="74,29,107,79,55,52,97,83,40,110,64,70,128" hai3="30,61,135,118,129,127,18,114,101,99,37,12,32"/><T80/><D116/><U78/><E104/><V31/><F110/><W126/><G118/><T42/><D108/><U93/><E35/><V84/><F128/><W36/><G114/><T115/><D115/><U9/><E113/><V91/><F40/><W10/><G135/><T57/><D2/><U51/><E95/><N who="2" m="54759" /><F70/><W131/><G61/><T73/><D73/><U120/><E120/><V45/><F64/><W6/><G6/><T81/><D81/><U49/><E78/><V47/><F45/><W4/><G4/><T23/><D39/><N who="3" m="14921" /><G30/><N who="2" m="11273" /><F47/><W112/><G32/><T103/><D8/><U15/><E15/><V90/><F90/><W102/><G102/><AGARI ba="0,0" hai="52,55,74,79,83,97,102,107" m="11273,54759" machi="102" ten="30,3900,0" yaku="24,1,52,1,54,1" doraHai="72" who="2" fromWho="3" sc="250,0,250,0,250,39,250,-39" /><INIT seed="1,0,0,0,2,74" ten="250,250,289,211" oya="1" hai0="121,98,100,49,118,92,63,24,97,54,60,133,127" hai1="55,89,14,95,38,44,10,42,112,69,5,99,93" hai2="30,47,90,111,134,9,3,86,43,85,130,70,13" hai3="18,117,21,88,73,39,78,120,64,20,109,23,119"/><U58/><E112/><V79/><F111/><W123/><G39/><T77/><D118/><N who="3" m="45065" /><G64/><T132/><D121/><N who="3" m="46665" /><G109/><T31/><D127/><U0/><E69/><V102/><F70/><W122/><N who="3" m="46673" /><W33/><DORA hai="87" /><G33/><T105/><D77/><U57/><E95/><V16/><F79/><W41/><G41/><T113/><D113/><U51/><REACH who="1" step="1"/><E57/><REACH who="1" ten="250,240,289,211" step="2"/><V81/><F81/><N who="3" m="45263" /><G88/><T26/><D133/><U29/><E29/><V62/><F30/><W124/><G124/><T61/><D132/><U135/><E135/><V11/><F90/><W110/><G110/><T17/><D31/><U104/><E104/><V84/><F134/><W114/><G114/><T75/><D105/><U106/><E106/><V53/><F130/><W12/><AGARI ba="0,1" hai="12,18,20,21,23" m="45263,46673,45065" machi="12" ten="50,3200,0" yaku="12,1,52,1" doraHai="74,87" who="3" fromWho="3" sc="250,-8,240,-16,289,-8,211,42" /><INIT seed="2,0,0,5,0,106" ten="242,224,281,253" oya="2" hai0="129,14,5,21,8,27,85,17,101,7,88,125,81" hai1="118,43,66,0,104,82,34,126,62,33,64,95,3" hai2="74,115,54,105,67,99,77,110,122,80,124,38,86" hai3="94,107,22,71,30,100,36,12,16,61,69,28,114"/><V42/><F115/><W20/><G36/><T4/><D125/><U52/><E118/><V65/><F122/><W84/><G107/><T58/><D129/><U26/><E104/><V111/><F124/><W57/><G114/><T19/><D101/><U45/><E126/><V6/><F6/><W133/><G133/><T127/><D127/><U76/><E95/><V60/><F54/><W72/><G72/><T93/><REACH who="0" step="1"/><D58/><REACH who="0" ten="232,224,281,253" step="2"/><U2/><E52/><V35/><F65/><N who="3" m="39087" /><G71/><T63/><D63/><U123/><E123/><V18/><F60/><W78/><G69/><T103/><D103/><U29/><E62/><V10/><F67/><W68/><G68/><T13/><D13/><U40/><E34/><V47/><F35/><W96/><G22/><T117/><D117/><U24/><E24/><V1/><F1/><W53/><G53/><T50/><D50/><U25/><E25/><V56/><F56/><W130/><G130/><T51/><D51/><U102/><E102/><V23/><F23/><W119/><G119/><T109/><D109/><U83/><E40/><V41/><F41/><W128/><G128/><T92/><AGARI ba="0,1" hai="4,5,7,8,14,17,19,21,27,81,85,88,92,93" machi="92" ten="30,7900,0" yaku="1,1,0,1,8,1,54,1,53,0" doraHai="106" doraHaiUra="31" who="0" fromWho="0" sc="232,89,224,-20,281,-39,253,-20" /><INIT seed="3,0,0,1,0,30" ten="321,204,242,233" oya="3" hai0="24,75,112,21,35,116,104,38,9,81,76,2,50" hai1="16,89,109,19,46,99,122,71,83,105,72,18,79" hai2="132,124,66,78,131,65,80,74,43,113,110,17,3" hai3="6,111,15,13,60,98,41,29,4,39,107,126,127"/><W88/><G111/><T95/><D116/><U36/><E122/><V52/><F113/><W77/><G77/><T49/><D104/><U47/><E71/><V101/><F3/><W40/><G29/><T115/><D38/><U55/><E109/><V91/><F43/><N who="3" m="16459" /><G39/><T27/><D35/><U14/><E36/><V125/><F78/><W123/><G123/><T62/><D62/><U119/><E119/><V64/><F74/><W31/><G31/><N who="0" m="17807" /><D27/><U45/><E89/><V128/><F110/><W117/><G60/><T96/><D9/><U7/><E7/><N who="3" m="2602" /><G117/><T63/><D63/><U26/><E26/><V1/><F1/><W130/><G130/><T34/><D2/><U56/><E56/><V59/><F59/><W23/><G23/><T106/><D106/><U20/><REACH who="1" step="1"/><E55/><REACH who="1" ten="321,194,242,233" step="2"/><V70/><F52/><W87/><G98/><T54/><D96/><U68/><E68/><V102/><F70/><W42/><G42/><T48/><D115/><U28/><E28/><V133/><F131/><W5/><G5/><T129/><D112/><U73/><E73/><V8/><F128/><W118/><G118/><T108/><D129/><U0/><E0/><V12/><F66/><W33/><G33/><T97/><D108/><U57/><E57/><V69/><F65/><W103/><G15/><T11/><D34/><U100/><AGARI ba="0,1" hai="14,16,18,19,20,45,46,47,72,79,83,99,100,105" machi="100" ten="30,4000,0" yaku="1,1,0,1,54,1,53,0" doraHai="30" doraHaiUra="114" who="1" fromWho="1" sc="321,-10,194,50,242,-10,233,-20" owari="311,41.1,244,4.4,232,-16.8,213,-28.7" /></mjloggm>