<mjloggm ver="2.3"><GO type="225" lobby="0"/><UN n0="%E3%81%B6%E3%82%8B%E3%82%8B%E3%81%B6%E3%81%B6" n1="%E6%B1%9D%E6%9C%89%E4%BD%95%E7%96%91" n2="%72%61%6B%33" n3="%4C%4F%4C%49%54%41" dan="16,16,17,16" rate="2086.73,2120.79,2216.81,2196.30" sx="M,M,M,F"/><TAIKYOKU oya="0"/><INIT seed="0,0,0,0,2,2" ten="250,250,250,250" oya="0" hai0="25,31,114,10,107,62,38,88,80,103,50,63,94" hai1="51,96,60,119,52,71,20,95,100,84,77,58,134" hai2="9,28,130,30,7,90,113,66,69,91,105,36,57" hai3="124,125,23,55,70,59,45,32,61,72,35,111,18"/><T118/><D118/><U79/><E119/><V21/><F113/><W0/><G72/><T22/><D38/><U89/><E134/><V131/><F105/><W74/><G74/><T120/><D120/><U133/><E133/><V15/><F69/><W97/><G111/><T42/><D114/><U81/><E71/><V1/><F36/><W101/><G0/><T128/><D128/><N who="2" m="49194" /><F1/><W65/><G45/><N who="0" m="25911" /><D107/><U121/><E121/><V92/><F21/><W102/><G32/><T129/><D129/><U39/><E39/><V83/><F83/><W108/><G35/><T14/><D80/><U98/><E20/><V127/><F127/><N who="3" m="48715" /><G97/><N who="0" m="57543" /><D103/><U126/><E126/><V99/><F91/><W117/><G108/><T16/><AGARI ba="0,0" hai="10,14,16,22,25,31,62,63" m="57543,25911" machi="16" ten="30,6000,0" yaku="8,1,54,2" doraHai="2" who="0" fromWho="0" sc="250,60,250,-20,250,-20,250,-20" /><INIT seed="0,1,0,0,5,49" ten="310,230,230,230" oya="0" hai0="26,8,77,61,82,104,14,0,87,85,98,95,101" hai1="88,79,83,128,50,76,30,129,117,112,75,57,130" hai2="94,36,93,43,62,37,103,35,110,6,86,27,74" hai3="12,16,68,41,28,3,21,65,114,46,59,64,54"/><T99/><D0/><U10/><E117/><V17/><F74/><W9/><G114/><T40/><D40/><U100/><E112/><V72/><F72/><W123/><G68/><T55/><D26/><U120/><E120/><V42/><F110/><W106/><G106/><T31/><D31/><U39/><E39/><V97/><F6/><W105/><G105/><T48/><D61/><U45/><E100/><V52/><F36/><W90/><G123/><T81/><D99/><U124/><E124/><V134/><F134/><W51/><G90/><T71/><D71/><U63/><E30/><V118/><F118/><W47/><G3/><T122/><D122/><U58/><E10/><V70/><F37/><W126/><G126/><T111/><D111/><U133/><E133/><V7/><F7/><N who="3" m="3135" /><G28/><T34/><D34/><U29/><E29/><V33/><F33/><W66/><G41/><T84/><D104/><U116/><E116/><V1/><F1/><W108/><G108/><T56/><REACH who="0" step="1"/><D82/><REACH who="0" ten="300,230,230,230" step="2"/><U20/><E63/><V92/><F70/><W109/><G109/><T15/><D15/><AGARI ba="1,1" hai="15,16,21,46,47,51,54,59,64,65,66" m="3135" machi="15" ten="30,3900,0" yaku="8,1,52,1,54,1" doraHai="49" who="3" fromWho="0" sc="300,-42,230,0,230,0,230,52" /><INIT seed="1,0,0,5,3,21" ten="258,230,230,282" oya="1" hai0="31,107,115,33,58,89,82,38,126,22,95,12,35" hai1="62,68,100,91,20,18,8,40,61,36,84,110,13" hai2="46,43,113,99,29,63,54,109,90,111,135,2,55" hai3="125,56,65,114,26,30,87,28,101,76,5,57,52"/><U11/><E110/><V50/><F2/><W124/><G114/><T34/><D115/><U112/><E112/><V93/><F113/><W19/><G5/><T103/><D38/><U94/><E68/><V73/><F73/><W106/><G106/><T102/><D82/><U86/><E100/><V69/><F135/><W66/><G101/><T49/><D107/><U123/><E123/><V116/><F116/><W1/><G1/><T74/><D74/><U129/><E129/><V60/><F29/><N who="3" m="11371" /><G57/><T134/><D126/><N who="3" m="48745" /><G87/><N who="0" m="52671" /><D31/><U92/><E36/><V32/><F32/><W117/><G76/><T132/><D103/><U23/><E40/><V15/><F15/><W7/><G7/><T75/><D102/><U3/><E3/><V0/><F0/><W51/><G117/><T104/><D75/><U41/><E41/><V122/><F122/><W44/><G44/><T9/><D104/><U128/><E128/><V70/><F70/><W45/><G45/><T4/><D132/><U79/><E79/><V71/><F71/><W27/><G19/><N who="0" m="10599" /><D4/><U108/><E108/><N who="2" m="41547" /><F69/><W120/><G120/><T88/><D134/><U64/><E91/><V118/><F118/><W97/><G97/><T105/><D88/><U14/><REACH who="1" step="1"/><E18/><REACH who="1" ten="258,220,230,282" step="2"/><V85/><F99/><W16/><G16/><T39/><D39/><U42/><E42/><V37/><F37/><W81/><G81/><T47/><D105/><U121/><E121/><V25/><F43/><W6/><G6/><T48/><D35/><U67/><AGARI ba="0,1" hai="8,11,13,14,20,23,61,62,64,67,84,86,92,94" machi="67" ten="25,18000,2" yaku="1,1,0,1,22,2,8,1,53,2" doraHai="21" doraHaiUra="17" who="1" fromWho="1" sc="258,-60,220,190,230,-60,282,-60" /><INIT seed="1,1,0,1,1,84" ten="198,410,170,222" oya="1" hai0="106,8,105,78,85,135,16,108,40,96,2,5,37" hai1="13,14,25,114,53,29,99,121,6,98,26,75,90" hai2="69,82,28,9,134,63,89,120,130,79,52,48,44" hai3="64,68,97,10,19,132,104,47,23,54,127,65,119"/><U129/><E121/><V131/><F120/><W101/><G132/><T122/><D108/><U59/><E75/><V15/><F134/><W103/><G127/><T111/><D111/><U49/><E114/><V126/><F28/><W46/><G119/><T87/><D135/><U95/><E129/><V12/><F126/><W77/><G77/><T56/><D122/><U36/><E36/><V88/><F69/><W3/><G101/><T133/><D56/><U34/><E6/><V92/><F63/><W115/><G115/><T30/><D30/><U41/><E41/><V58/><F58/><W67/><G68/><T61/><D61/><U33/><E98/><V39/><F39/><W107/><G107/><T116/><D116/><U80/><E80/><V76/><F15/><W20/><G54/><T117/><D117/><U27/><REACH who="1" step="1"/><E29/><REACH who="1" ten="198,400,170,222" step="2"/><V51/><F82/><W118/><G97/><T32/><D96/><U128/><E128/><N who="2" m="49195" /><F48/><W17/><G118/><T62/><D37/><U66/><E66/><V45/><F45/><W93/><G47/><T125/><D133/><U18/><E18/><N who="2" m="8463" /><F92/><W91/><G46/><T109/><D106/><U50/><E50/><V22/><F22/><N who="3" m="8235" /><G104/><T0/><D105/><U86/><E86/><V35/><F35/><AGARI ba="1,1" hai="13,14,25,26,27,33,34,35,49,53,59,90,95,99" machi="35" ten="40,3900,0" yaku="1,1,52,1,53,0" doraHai="84" doraHaiUra="110" who="1" fromWho="2" sc="198,0,400,52,170,-42,222,0" /><INIT seed="1,2,0,2,3,92" ten="198,452,128,222" oya="1" hai0="23,83,41,72,50,97,3,114,42,15,109,34,30" hai1="7,69,49,44,117,112,79,111,61,60,56,93,107" hai2="115,99,90,64,54,16,19,82,48,129,2,65,71" hai3="126,43,27,45,68,6,119,8,20,89,13,63,66"/><U53/><E107/><V55/><F2/><W132/><G132/><T76/><D109/><U100/><E112/><V39/><F39/><W78/><G126/><T12/><D114/><U29/><E117/><V113/><F129/><W5/><G119/><T122/><D3/><U36/><E111/><V86/><F115/><W118/><G118/><T22/><D122/><U74/><E7/><V127/><F127/><W103/><G89/><T1/><D1/><U70/><E36/><V102/><F113/><W52/><G78/><T10/><D34/><U47/><E29/><V108/><F108/><W85/><G85/><T133/><D12/><U32/><E32/><V31/><F31/><W33/><G33/><T120/><D133/><U46/><E79/><V130/><F130/><W67/><G103/><T35/><D35/><U14/><E74/><V28/><F28/><W128/><G128/><T84/><D72/><U57/><E14/><V62/><F64/><W134/><G134/><T131/><D131/><U98/><REACH who="1" step="1"/><E49/><REACH who="1" ten="198,442,128,222" step="2"/><V18/><REACH who="2" step="1"/><F48/><REACH who="2" ten="198,442,118,222" step="2"/><W104/><G5/><T40/><D50/><U125/><E125/><V51/><F51/><W58/><G6/><N who="0" m="3543" /><D30/><U17/><E17/><V135/><F135/><W106/><G45/><T123/><D120/><U95/><E95/><AGARI ba="2,2" hai="16,18,19,54,55,62,65,71,82,86,90,95,99,102" machi="95" ten="40,5200,0" yaku="1,1,52,1,54,1,53,0" doraHai="92" doraHaiUra="24" who="2" fromWho="1" sc="198,0,442,-58,118,78,222,0" /><INIT seed="2,0,0,0,5,113" ten="198,384,196,222" oya="2" hai0="123,74,31,88,13,8,116,26,124,110,72,122,39" hai1="49,134,96,22,66,25,29,0,1,129,27,53,118" hai2="130,37,102,48,120,78,76,84,32,131,12,121,63" hai3="87,68,73,132,47,5,9,95,75,94,128,98,97"/><V62/><F37/><W6/><G68/><T125/><D39/><U45/><E118/><V7/><F32/><W18/><G128/><N who="2" m="49193" /><F102/><W106/><G132/><T114/><D114/><U30/><E129/><V42/><F7/><W67/><G67/><T135/><D110/><U119/><E119/><V56/><F12/><W14/><G106/><T82/><D116/><U70/><E134/><V115/><F115/><W133/><G133/><T50/><D50/><U80/><E70/><V51/><F84/><W46/><G87/><N who="0" m="50295" /><D72/><U99/><E1/><V109/><F109/><W59/><G59/><T34/><D74/><U79/><E0/><V35/><F35/><W111/><G111/><T104/><D104/><U65/><E96/><V81/><F81/><W24/><G24/><T58/><D135/><U93/><E99/><V40/><F78/><W15/><G9/><T19/><D58/><U23/><E93/><V61/><F76/><W90/><G90/><T100/><D100/><U89/><E89/><V103/><F103/><W52/><G18/><T41/><D123/><N who="2" m="47178" /><F56/><W10/><G10/><T108/><D122/><U4/><E4/><V28/><F28/><W60/><G75/><AGARI ba="0,0" hai="22,23,25,27,29,30,45,49,53,65,66,75,79,80" machi="75" ten="30,2000,0" yaku="7,1,9,1" doraHai="113" who="1" fromWho="3" sc="198,0,384,20,196,0,222,-20" /><INIT seed="3,0,0,4,4,29" ten="198,404,196,202" oya="3" hai0="5,4,87,121,18,21,32,101,45,129,96,109,105" hai1="74,79,27,82,90,10,22,61,39,84,78,80,30" hai2="64,107,97,128,120,8,110,7,75,6,91,89,118" hai3="62,133,37,15,3,106,134,112,54,99,85,55,50"/><W69/><G3/><T66/><D121/><U33/><E39/><V135/><F118/><W52/><G112/><T35/><D109/><U94/><E10/><V0/><F110/><W123/><G123/><T126/><D66/><U68/><E68/><V113/><F120/><W132/><G37/><T23/><D23/><U115/><E115/><V93/><F113/><W116/><G116/><T92/><D45/><U70/><E70/><V124/><F75/><W60/><G85/><T53/><D53/><N who="3" m="19977" /><G69/><T130/><D126/><U14/><E61/><V63/><F124/><W127/><G127/><T19/><D19/><U49/><E49/><V102/><F135/><W76/><G76/><T12/><D87/><U25/><E14/><V42/><F128/><N who="0" m="49258" /><D105/><U81/><E79/><V28/><F42/><W73/><G15/><T88/><D101/><U26/><E26/><V98/><F6/><AGARI ba="0,0" hai="4,5,6,12,18,21,32,35,88,92,96" m="49258" machi="6" ten="30,7700,0" yaku="19,1,52,2,54,1" doraHai="29" who="0" fromWho="2" sc="198,77,404,0,196,-77,202,0" owari="275,7.5,404,50.4,119,-38.1,202,-19.8" /></mjloggm>