<mjloggm ver="2.3"><GO type="225" lobby="0"/><UN n0="%79%75%72%69%6D%6F%67" n1="%E6%A1%9C%E8%8A%B1%E9%96%83%E3%80%85" n2="%E4%BF%BA%E3%81%A8%E5%A6%96%E5%A4%A2" n3="%E3%80%93%E3%81%97%E3%83%BC%E3%82%89%E3%80%93" dan="17,16,17,16" rate="2163.83,2147.29,2189.31,2168.18" sx="F,M,F,M"/><TAIKYOKU oya="0"/><INIT seed="0,0,0,0,0,54" ten="250,250,250,250" oya="0" hai0="34,123,7,100,79,0,62,92,114,122,81,98,115" hai1="116,89,68,21,57,96,6,11,80,44,64,117,132" hai2="53,4,72,46,16,5,126,43,30,50,39,131,95" hai3="3,121,61,93,71,97,10,125,109,27,28,82,32"/><T73/><D34/><U13/><E68/><V85/><F72/><W134/><G121/><T51/><D7/><U45/><E132/><V120/><F120/><N who="0" m="46122" /><D0/><U94/><E116/><V26/><F131/><W60/><G134/><T63/><D51/><U29/><E117/><V52/><F126/><W74/><G125/><T47/><D47/><U76/><E29/><V112/><F112/><N who="0" m="43050" /><D63/><N who="1" m="37999" /><E21/><N who="2" m="13607" /><F39/><W78/><G71/><T99/><D62/><U18/><E6/><N who="2" m="2667" /><F30/><W104/><G3/><T77/><D77/><U135/><E135/><V33/><F33/><W110/><G10/><T42/><D42/><U55/><E55/><V127/><F127/><W56/><G61/><T37/><D37/><U15/><E15/><V20/><F20/><W66/><REACH who="3" step="1"/><G104/><REACH who="3" ten="250,250,250,240" step="2"/><T128/><D99/><U35/><E96/><V87/><F87/><W102/><AGARI ba="0,1" hai="27,28,32,56,60,66,74,78,82,93,97,102,109,110" machi="102" ten="30,7900,0" yaku="1,1,2,1,0,1,52,1,53,0" doraHai="54" doraHaiUra="8" who="3" fromWho="3" sc="250,-39,250,-20,250,-20,240,89" /><INIT seed="1,0,0,1,4,42" ten="211,230,230,329" oya="1" hai0="31,1,135,129,20,46,68,21,25,29,96,30,103" hai1="23,110,24,64,57,55,52,36,18,126,121,0,11" hai2="50,9,120,119,54,93,86,106,78,44,45,80,84" hai3="14,34,111,66,56,116,134,117,100,130,7,22,133"/><U70/><E121/><V89/><F119/><N who="3" m="45643" /><G34/><T72/><D68/><U59/><E36/><V88/><F120/><W98/><G130/><T77/><D129/><U17/><E126/><V118/><F118/><W112/><G111/><T115/><D1/><U47/><E110/><V123/><F123/><W105/><G112/><T71/><D71/><U102/><E102/><V3/><F106/><W101/><G101/><T127/><D115/><U32/><E32/><V128/><F128/><W75/><G75/><T87/><D127/><U2/><E70/><V122/><F122/><W132/><G22/><T28/><D72/><U131/><E64/><V104/><F104/><W114/><G114/><T37/><D135/><U94/><E94/><V60/><F60/><N who="3" m="38151" /><G14/><T10/><D10/><U107/><E107/><V16/><F78/><W53/><G53/><T51/><D37/><U13/><E131/><V85/><F85/><W113/><G113/><T4/><D87/><U61/><REACH who="1" step="1"/><E47/><REACH who="1" ten="211,220,230,329" step="2"/><N who="2" m="27999" /><F3/><W73/><G134/><T109/><D109/><U90/><E90/><V92/><F92/><W69/><G69/><T33/><D77/><U15/><E15/><AGARI ba="0,1" hai="9,15,16,44,45,80,84,86,88,89,93" m="27999" machi="15" ten="30,12000,2" yaku="25,1,8,1,52,3,54,2" doraHai="42" who="2" fromWho="1" sc="211,0,220,-120,230,130,329,0" /><INIT seed="2,0,0,4,5,125" ten="211,100,360,329" oya="2" hai0="1,130,82,131,134,75,93,34,42,128,47,94,49" hai1="88,116,25,8,87,72,6,123,50,96,51,74,86" hai2="80,48,117,97,4,11,83,81,45,26,67,54,120" hai3="101,30,66,107,19,109,43,132,20,16,9,63,104"/><V23/><F117/><W56/><G109/><T13/><D34/><U118/><E123/><V119/><F120/><W70/><G132/><T92/><D1/><U61/><E74/><V71/><F119/><W100/><G104/><T135/><D13/><U24/><E72/><V106/><F67/><W7/><G70/><T102/><D102/><U112/><E112/><V111/><F71/><W21/><G43/><T38/><D38/><U3/><E116/><V28/><F111/><W18/><G107/><T65/><D65/><U27/><E118/><V122/><F122/><W60/><G63/><T0/><D0/><U114/><E114/><V39/><F39/><W90/><G90/><T73/><D82/><U99/><E61/><V64/><F64/><W31/><G9/><T41/><REACH who="0" step="1"/><D42/><REACH who="0" ten="201,100,360,329" step="2"/><U44/><E87/><V10/><F4/><W14/><G7/><T85/><D85/><U12/><E3/><V126/><F126/><W52/><G14/><T76/><D76/><U69/><E69/><V37/><F37/><W113/><G66/><T15/><D15/><U55/><REACH who="1" step="1"/><E50/><REACH who="1" ten="201,90,360,329" step="2"/><V59/><F48/><W103/><G113/><T110/><D110/><U79/><E79/><V78/><F78/><W22/><AGARI ba="0,2" hai="16,18,19,20,21,22,30,31,52,56,60,100,101,103" machi="22" ten="40,12000,2" yaku="0,1,29,2,8,1,54,2" doraHai="125" who="3" fromWho="3" sc="201,-30,90,-30,360,-60,329,140" /><INIT seed="3,0,0,3,3,1" ten="171,60,300,469" oya="3" hai0="25,80,126,24,16,87,58,72,94,100,125,33,38" hai1="116,69,103,55,60,131,7,36,121,10,102,31,6" hai2="21,98,75,65,90,115,81,74,132,3,44,119,93" hai3="105,48,19,113,14,76,106,88,42,54,110,129,83"/><W128/><G88/><T28/><D38/><U41/><E121/><V104/><F21/><N who="3" m="11511" /><G42/><T101/><D72/><U17/><E131/><N who="3" m="50250" /><G110/><T15/><D25/><U99/><E116/><V118/><F44/><N who="3" m="27911" /><G113/><T84/><D125/><U85/><E31/><V91/><F65/><W29/><G29/><T9/><D126/><U135/><E135/><V34/><F34/><W79/><G79/><T11/><D94/><U57/><E69/><V120/><F3/><W56/><G56/><T23/><D87/><AGARI ba="0,0" hai="76,83,87,105,106" m="27911,50250,11511" machi="87" ten="30,1500,0" yaku="19,1" doraHai="1" who="3" fromWho="0" sc="171,-15,60,0,300,0,469,15" owari="156,-24.4,60,-44.0,300,10.0,484,58.4" /></mjloggm>