<mjloggm ver="2.3"><GO type="225" lobby="0"/><UN n0="%E3%83%B4%E3%83%A0%EF%BC%99%E3%81%A6" n1="%33%74%72%65%65" n2="%E3%82%BC%E3%83%AB%E3%83%80%E3%81%AE%E4%BC%9D%E8%AA%AC" n3="%E2%98%86%41%64%72%69%61%6E" dan="17,16,16,17" rate="2190.20,2149.56,2227.38,2153.26" sx="M,F,M,M"/><TAIKYOKU oya="0"/><INIT seed="0,0,0,0,4,39" ten="250,250,250,250" oya="0" hai0="51,78,76,130,118,89,85,45,103,93,4,0,94" hai1="28,13,83,135,33,2,57,22,19,38,17,35,12" hai2="1,14,42,34,25,101,56,79,86,95,48,77,106" hai3="126,53,9,111,72,27,73,110,97,107,18,119,112"/><T65/><D118/><U71/><E71/><V6/><F1/><W40/><G112/><T44/><D130/><U100/><E38/><V114/><F106/><W49/><G119/><T133/><D133/><U15/><E100/><V43/><F114/><W115/><G126/><T88/><D103/><U29/><E57/><V10/><F34/><N who="1" m="12809" /><E83/><N who="2" m="47471" /><F79/><W124/><G97/><T125/><D125/><U32/><E135/><V96/><F25/><W41/><G107/><T37/><D65/><U52/><E52/><AGARI ba="0,0" hai="6,10,14,42,43,48,52,56,95,96,101" m="47471" machi="52" ten="30,7700,0" yaku="8,1,52,2,54,1" doraHai="39" who="2" fromWho="1" sc="250,0,250,-77,250,77,250,0" /><INIT seed="1,0,0,2,5,71" ten="250,173,327,250" oya="1" hai0="39,67,1,59,113,96,16,17,125,73,28,78,47" hai1="29,6,46,31,36,94,103,105,77,72,8,0,3" hai2="49,55,100,89,95,132,70,2,33,53,80,13,20" hai3="15,81,129,120,135,63,5,84,117,68,107,128,48"/><U62/><E0/><V12/><F33/><W133/><G107/><T123/><D113/><U24/><E105/><V40/><F2/><W69/><G120/><T74/><D74/><U61/><E103/><V58/><F70/><N who="3" m="27243" /><G63/><T119/><D119/><U110/><E94/><V27/><F132/><N who="3" m="50763" /><G48/><T43/><D28/><N who="1" m="10827" /><E24/><V44/><F80/><W30/><G30/><T64/><D123/><U51/><E51/><V38/><F100/><W98/><G98/><T45/><D96/><U66/><E66/><V32/><F32/><W99/><G99/><T92/><D1/><U57/><E57/><V83/><F83/><W35/><G117/><T75/><D59/><U54/><E54/><N who="2" m="32079" /><F27/><W116/><G116/><T91/><D67/><U79/><E79/><V109/><F12/><W18/><G5/><T126/><D64/><U131/><E131/><V41/><F55/><W121/><G121/><T9/><D75/><U134/><E134/><V52/><F53/><W86/><G35/><T127/><D73/><U90/><E90/><V26/><F26/><W130/><G81/><T106/><D78/><U4/><E4/><V10/><F89/><W87/><G15/><N who="0" m="7279" /><D106/><U22/><E72/><V104/><F104/><W34/><G34/><T56/><D56/><U115/><E115/><V23/><F13/><W108/><G18/><T42/><D17/><U85/><E3/><V82/><F82/><W122/><G122/><T114/><D114/><U102/><E6/><V65/><F65/><W19/><G19/><T37/><D92/><U7/><E7/><V101/><F95/><W88/><G88/><AGARI ba="0,0" hai="37,39,42,43,45,47,88,91,125,126,127" m="7279" machi="88" ten="30,12000,2" yaku="6,1,18,1,52,2,54,2" doraHai="71" who="0" fromWho="3" sc="250,120,173,0,327,0,250,-120" /><INIT seed="2,0,0,4,2,28" ten="370,173,327,130" oya="2" hai0="58,64,42,4,117,132,7,54,104,66,57,8,52" hai1="62,30,20,6,61,33,23,5,65,32,3,135,107" hai2="82,96,88,134,31,116,128,44,114,49,91,123,76" hai3="101,39,51,90,86,13,89,74,34,92,102,130,78"/><V85/><F114/><W121/><G39/><T27/><D104/><U99/><E135/><V22/><F116/><W83/><G121/><T70/><D70/><U19/><E30/><V50/><F123/><W79/><G130/><T105/><D105/><U126/><E126/><V69/><F134/><W56/><G79/><T68/><D68/><U15/><E23/><V75/><F128/><W122/><G122/><T103/><D103/><U72/><E72/><V94/><F69/><W1/><G1/><T36/><D132/><U29/><E29/><V55/><F50/><W100/><G13/><T17/><D117/><U0/><E107/><V21/><REACH who="2" step="1"/><F31/><REACH who="2" ten="370,173,317,130" step="2"/><W67/><G51/><T46/><D36/><U2/><E61/><V35/><F35/><W109/><G34/><T113/><D113/><U14/><E32/><V12/><F12/><W16/><G56/><T10/><D27/><U26/><E33/><V118/><F118/><W111/><G67/><T131/><D131/><U93/><E15/><V60/><F60/><W18/><REACH who="3" step="1"/><G90/><REACH who="3" ten="370,173,317,120" step="2"/><T48/><D48/><U53/><E14/><V81/><AGARI ba="0,2" hai="21,22,44,49,55,75,76,81,82,85,88,91,94,96" machi="81" ten="20,12000,1" yaku="1,1,0,1,7,1,54,1,53,1" doraHai="28" doraHaiUra="40" who="2" fromWho="2" sc="370,-40,173,-40,317,140,120,-40" /><INIT seed="2,1,0,3,2,107" ten="330,133,457,80" oya="2" hai0="46,96,108,110,16,73,14,82,131,117,39,50,75" hai1="37,10,63,106,83,20,76,88,78,51,41,36,135" hai2="52,32,118,68,125,91,72,24,102,92,47,9,61" hai3="13,11,45,7,113,21,98,0,80,129,115,65,71"/><V22/><F118/><W121/><G121/><T44/><D117/><U6/><E106/><V62/><F125/><W123/><G123/><T67/><D67/><U55/><E135/><V8/><F32/><W58/><G71/><T133/><D133/><U57/><E20/><V99/><F72/><W90/><G129/><T85/><D96/><U33/><E33/><V54/><F102/><W126/><G126/><T101/><D101/><U128/><E128/><V120/><F120/><W84/><G45/><N who="0" m="17515" /><D50/><U2/><E41/><V86/><F86/><W48/><G98/><T1/><D1/><U124/><E124/><V69/><F69/><W38/><G38/><T31/><D31/><U116/><E116/><V42/><F68/><W5/><G65/><T40/><D39/><U130/><E130/><V26/><F26/><W23/><G0/><T29/><D29/><U105/><E105/><V12/><F62/><W109/><G109/><N who="0" m="42091" /><D40/><U114/><E51/><V93/><F61/><W81/><G48/><T3/><D3/><U17/><E37/><V111/><F111/><W127/><G127/><T18/><D131/><U59/><E36/><V43/><F43/><W77/><G58/><T97/><D97/><U15/><E57/><V112/><F42/><W19/><G115/><T94/><D94/><U28/><E114/><V56/><F93/><W119/><G113/><T100/><D100/><U53/><E28/><V87/><F99/><W104/><G104/><T25/><D25/><U70/><E70/><V35/><F112/><W89/><G119/><T95/><D95/><U103/><E103/><RYUUKYOKU ba="1,0" sc="330,0,133,0,457,0,80,0" /><INIT seed="3,2,0,5,0,28" ten="330,133,457,80" oya="3" hai0="36,119,117,116,130,84,105,103,43,75,104,82,108" hai1="120,89,44,0,19,78,25,77,110,111,14,30,71" hai2="5,67,102,26,132,47,118,80,37,72,2,56,98" hai3="20,109,85,3,69,53,131,97,101,15,86,64,135"/><W34/><G3/><T52/><D36/><U21/><E120/><V54/><F118/><W95/><G34/><T61/><D43/><U93/><E0/><V8/><F132/><W133/><G131/><T33/><D61/><U51/><E71/><V65/><F26/><W46/><G109/><N who="1" m="41482" /><E93/><N who="2" m="58703" /><F56/><W134/><G15/><T91/><D52/><N who="1" m="29799" /><E89/><V49/><F49/><N who="3" m="28855" /><G20/><AGARI ba="2,0" hai="14,19,20,21,25,30,77,78" m="29799,41482" machi="20" ten="30,2000,0" yaku="14,1,54,1" doraHai="28" who="1" fromWho="3" sc="330,0,133,26,457,0,80,-26" owari="330,13.0,159,-24.1,457,55.7,54,-44.6" /></mjloggm>