<mjloggm ver="2.3"><GO type="225" lobby="0"/><UN n0="%45%6C%79%73%69%75%6D" n1="%E3%81%8F%E3%81%BE%E3%81%96%E3%82%8F" n2="%E3%83%AB%E3%83%9B%E3%83%B3%E3%83%87%E3%82%A3%E3%82%A8" n3="%73%6C%69%63%6B%33%31%39" dan="18,16,17,16" rate="2209.19,2054.00,2180.47,2159.42" sx="F,M,M,M"/><TAIKYOKU oya="0"/><INIT seed="0,0,0,5,0,103" ten="250,250,250,250" oya="0" hai0="0,71,34,48,89,9,72,80,132,57,119,96,5" hai1="49,40,51,97,22,45,13,16,37,2,79,47,78" hai2="32,127,110,82,135,58,63,41,23,77,94,88,30" hai3="1,86,29,105,87,75,118,95,14,36,124,83,74"/><T107/><D119/><U27/><E2/><V26/><F110/><W113/><G113/><T133/><D71/><U116/><E116/><V54/><F135/><N who="0" m="51786" /><D34/><U101/><E37/><V50/><F127/><W53/><G118/><T61/><D48/><U21/><E97/><V55/><F41/><W38/><G1/><T76/><D89/><U24/><E101/><V98/><F32/><W20/><G124/><T4/><D4/><U15/><E40/><V67/><REACH who="2" step="1"/><F50/><REACH who="2" ten="250,250,240,250" step="2"/><W6/><G36/><T90/><D61/><U114/><E114/><V117/><F117/><W42/><G42/><T129/><D129/><U66/><E51/><V104/><F104/><W3/><G38/><T12/><D107/><U35/><E35/><V68/><F68/><W126/><G105/><T121/><D121/><U69/><E49/><V84/><AGARI ba="0,1" hai="23,26,30,54,55,58,63,67,77,82,84,88,94,98" machi="84" ten="20,8000,1" yaku="1,1,0,1,7,1,8,1,54,1,53,0" doraHai="103" doraHaiUra="99" who="2" fromWho="2" sc="250,-40,250,-20,240,90,250,-20" /><BYE who="3" /><UN n3="%73%6C%69%63%6B%33%31%39" /><INIT seed="1,0,0,0,3,7" ten="210,230,330,230" oya="1" hai0="124,55,93,119,129,104,110,83,75,48,45,38,76" hai1="50,42,125,115,67,35,19,79,70,92,105,108,133" hai2="78,112,128,21,58,135,34,102,14,66,123,18,25" hai3="71,132,69,27,60,101,111,3,114,121,28,1,31"/><U36/><E115/><V8/><F123/><W81/><G121/><T84/><D119/><U16/><E105/><V134/><F112/><W120/><G120/><T2/><D104/><U106/><E106/><V61/><F128/><W9/><G114/><T74/><D129/><U122/><E122/><V29/><F102/><W63/><G111/><T116/><D116/><U90/><E35/><V77/><F34/><W30/><G132/><AGARI ba="0,0" hai="8,14,18,21,25,29,58,61,66,77,78,132,134,135" machi="132" ten="40,2600,0" yaku="20,1,52,1" doraHai="7" who="2" fromWho="3" sc="210,0,230,0,330,26,230,-26" /><INIT seed="2,0,0,5,5,0" ten="210,230,356,204" oya="2" hai0="60,86,52,90,1,79,96,125,35,88,29,130,117" hai1="26,104,89,59,17,4,36,109,50,135,37,31,71" hai2="80,122,2,38,75,112,3,81,12,28,68,18,33" hai3="127,40,76,19,121,67,10,98,58,22,133,45,69"/><V62/><F38/><W91/><G121/><T61/><D1/><U132/><E71/><V131/><F81/><W83/><G127/><T49/><D125/><U11/><E109/><V57/><F57/><W74/><G133/><N who="1" m="51274" /><E104/><V92/><F92/><W78/><G69/><T119/><D130/><U20/><E89/><N who="0" m="34409" /><D96/><U9/><E9/><V115/><F80/><W54/><G67/><T113/><D113/><U47/><E59/><V21/><F75/><W63/><G10/><T73/><D73/><U14/><E31/><V55/><F68/><W25/><G74/><T30/><D79/><U101/><E101/><V95/><F95/><N who="3" m="56703" /><G83/><T56/><D86/><U93/><E93/><V129/><F122/><W114/><G114/><T53/><D35/><U85/><E85/><V97/><F97/><W7/><G7/><T5/><D5/><U23/><E23/><V39/><F21/><W110/><G110/><T100/><D100/><U123/><E123/><V42/><F2/><W51/><AGARI ba="0,0" hai="19,22,25,40,45,51,54,58,63,76,78" m="56703" machi="51" ten="30,2000,0" yaku="25,1,8,1" doraHai="0" who="3" fromWho="3" sc="210,-5,230,-5,356,-10,204,20" /><INIT seed="3,0,0,5,2,18" ten="205,225,346,224" oya="3" hai0="21,57,110,19,24,43,105,36,9,126,27,135,79" hai1="84,33,15,109,46,86,88,59,125,67,111,107,70" hai2="35,13,65,102,23,28,73,122,54,1,116,51,90" hai3="44,6,133,64,60,40,75,58,80,113,93,25,121"/><W30/><G113/><T17/><D105/><U0/><E0/><V61/><F1/><W128/><G121/><T123/><D123/><U98/><E125/><V34/><F73/><W124/><G124/><T20/><D126/><U101/><E70/><V89/><F102/><W69/><G128/><T100/><D110/><N who="1" m="41995" /><E33/><V66/><F54/><W31/><G133/><T127/><D135/><U38/><E15/><V7/><F13/><W97/><G6/><T5/><D127/><U130/><E130/><V4/><F28/><W87/><G75/><T3/><D100/><U115/><E115/><V129/><F89/><N who="3" m="55471" /><G69/><T39/><D43/><N who="1" m="22903" /><E88/><V81/><F4/><W85/><G25/><T41/><D41/><U77/><E77/><V12/><F7/><W117/><G117/><T91/><D79/><U83/><E83/><V96/><F35/><W108/><G108/><T92/><D57/><U76/><E76/><V48/><F34/><W134/><G134/><T56/><D56/><U37/><E37/><V131/><F122/><W71/><G71/><T119/><D119/><U118/><E118/><V78/><F129/><W53/><G80/><T11/><D9/><U132/><E132/><V120/><F81/><W62/><G40/><T114/><D114/><U63/><AGARI ba="0,0" hai="59,63,67,84,86,98,101,107" m="22903,41995" machi="63" ten="30,1100,0" yaku="14,1" doraHai="18" who="1" fromWho="1" sc="205,-3,225,11,346,-3,224,-5" owari="202,-29.8,236,3.6,343,44.3,219,-18.1" /></mjloggm>