<mjloggm ver="2.3"><GO type="225" lobby="0"/><UN n0="%E6%B8%A9%E2%98%85%E6%83%85%E2%98%85%E6%8E%AA%E2%98%85%E7%BD%AE" n1="%E9%B3%B3%E6%9D%B1%E3%81%AE%E3%81%86%E3%81%95%E3%81%8E%E3%81%95%E3%82%93" n2="%6B%65%6E%6E%64%69" n3="%4B%2E%32%2E%4B%2E" dan="16,17,16,16" rate="2132.44,2232.71,2167.20,2181.68" sx="M,M,M,M"/><TAIKYOKU oya="0"/><INIT seed="0,0,0,4,0,107" ten="250,250,250,250" oya="0" hai0="129,76,73,130,53,0,35,15,94,116,44,135,55" hai1="13,40,32,112,59,124,104,120,29,111,69,103,77" hai2="6,70,65,4,42,90,78,48,20,117,8,93,38" hai3="91,134,46,131,64,97,108,63,19,83,10,101,5"/><T99/><D116/><U95/><E120/><V25/><F117/><W115/><G115/><T18/><D0/><U57/><E112/><V61/><F38/><W39/><G108/><T88/><D35/><U100/><E111/><V119/><F119/><W87/><G131/><N who="0" m="50187" /><D135/><U49/><E69/><V45/><F8/><W89/><G134/><T41/><D76/><U2/><E2/><V23/><F78/><W123/><G19/><T75/><D55/><U109/><E104/><V72/><F72/><W7/><G91/><T16/><D53/><U105/><E105/><V37/><F37/><W118/><G123/><T121/><D121/><U11/><E103/><V54/><F54/><W92/><G10/><N who="0" m="6263" /><D18/><U33/><E33/><V81/><F23/><W126/><G126/><T85/><D99/><U52/><E32/><V56/><F20/><W102/><G118/><T43/><D43/><U3/><E40/><V86/><F25/><W30/><G5/><T14/><D14/><U62/><E13/><V127/><F127/><W24/><G7/><T110/><D110/><U114/><E124/><V74/><F4/><W17/><G17/><T66/><D66/><N who="1" m="39247" /><E109/><V58/><F6/><W80/><G24/><T36/><AGARI ba="0,0" hai="36,41,44,73,75,85,88,94" m="6263,50187" machi="36" ten="30,12000,1" yaku="19,1,52,2,54,2" doraHai="107" who="0" fromWho="0" sc="250,120,250,-40,250,-40,250,-40" /><INIT seed="0,1,0,4,0,17" ten="370,210,210,210" oya="0" hai0="128,57,122,95,102,14,5,131,42,41,18,119,114" hai1="89,100,118,15,76,37,58,44,80,67,125,88,62" hai2="71,39,109,81,117,77,74,64,3,24,19,103,1" hai3="113,82,83,35,106,33,121,38,132,78,108,72,69"/><T68/><D68/><U99/><E125/><V25/><F109/><W92/><RYUUKYOKU type="yao9" ba="1,0" sc="370,0,210,0,210,0,210,0" hai3="33,35,38,69,72,78,82,83,92,106,108,113,121,132" /><INIT seed="0,2,0,0,2,81" ten="370,210,210,210" oya="0" hai0="116,5,65,34,124,75,111,129,122,72,105,131,106" hai1="17,47,70,71,80,123,15,115,16,69,109,112,4" hai2="33,23,39,43,62,36,1,32,74,22,37,49,126" hai3="103,54,46,40,63,107,64,134,88,127,8,9,102"/><T93/><D34/><U86/><E123/><V130/><F74/><N who="0" m="28202" /><D65/><U73/><E73/><V0/><F130/><N who="0" m="49674" /><D5/><U94/><E94/><V92/><F126/><W120/><G127/><T45/><D45/><U95/><E95/><V3/><F92/><W85/><G120/><T108/><D124/><U83/><E109/><N who="0" m="42057" /><D122/><U132/><E47/><V13/><F37/><W117/><G46/><T133/><D116/><U118/><E118/><V48/><F39/><W59/><G117/><T27/><D133/><U44/><E132/><V78/><F36/><W14/><G134/><T60/><D60/><U110/><E110/><V97/><F1/><W28/><G64/><T84/><D27/><U128/><E128/><V76/><F62/><W58/><G63/><T96/><D84/><U38/><E44/><V18/><F33/><W114/><G85/><T30/><D30/><U19/><E38/><V113/><F32/><W2/><G28/><T67/><D67/><U41/><E41/><V51/><F43/><W42/><G42/><T121/><D121/><U100/><E86/><V52/><F49/><W82/><G40/><T35/><D35/><U79/><E4/><V61/><F51/><W53/><G59/><T66/><D66/><U50/><E50/><V31/><F48/><W21/><G58/><T7/><D7/><U10/><E71/><V24/><F61/><W11/><G54/><T20/><D20/><U98/><E70/><V91/><F52/><W104/><G21/><T68/><D68/><U26/><E69/><V6/><F23/><W90/><G53/><T135/><D135/><RYUUKYOKU ba="2,0" sc="370,30,210,-10,210,-10,210,-10" hai0="93,96,105,106" /><INIT seed="0,3,0,5,4,111" ten="400,200,200,200" oya="0" hai0="117,121,133,12,104,41,13,132,44,55,30,48,53" hai1="35,129,75,124,28,39,90,17,7,20,2,60,112" hai2="85,26,99,37,135,14,34,126,49,6,54,51,43" hai3="87,31,128,36,100,66,82,109,103,18,70,69,119"/><T24/><D117/><U1/><E39/><V130/><F130/><W113/><G119/><T105/><D121/><U42/><E42/><V50/><F135/><N who="0" m="51786" /><D12/><U127/><E75/><V125/><F99/><W23/><G36/><T76/><D76/><U8/><E129/><V59/><F85/><W110/><G31/><T78/><D78/><U16/><E60/><N who="2" m="35959" /><F34/><W67/><G128/><T40/><D13/><N who="1" m="5279" /><E90/><V65/><F26/><W83/><G87/><T21/><D41/><U38/><E38/><V114/><F14/><W22/><G18/><N who="1" m="7274" /><E35/><V122/><F122/><W73/><G73/><T33/><D33/><U57/><E57/><V72/><F72/><W5/><G5/><T68/><D68/><U9/><E9/><V27/><F6/><W95/><G95/><T4/><D4/><U101/><E101/><V115/><F27/><W97/><G97/><T74/><D74/><U79/><E79/><V77/><F77/><W107/><G107/><AGARI ba="3,0" hai="21,24,30,40,44,48,53,55,104,105,107" m="51786" machi="107" ten="30,1500,0" yaku="20,1" doraHai="111" who="0" fromWho="3" sc="400,24,200,0,200,0,200,-24" /><INIT seed="0,4,0,5,1,89" ten="424,200,200,176" oya="0" hai0="121,103,12,125,16,55,82,76,84,70,79,39,111" hai1="87,30,67,113,59,96,54,46,106,3,43,77,62" hai2="107,129,44,60,105,47,18,37,35,57,104,122,130" hai3="19,100,71,34,26,33,2,38,92,21,65,124,63"/><T52/><D121/><U6/><E113/><V123/><F35/><W98/><G124/><T4/><D70/><U95/><E106/><V102/><F18/><W41/><REACH who="3" step="1"/><G2/><REACH who="3" ten="424,200,200,166" step="2"/><T42/><D125/><U68/><E3/><V61/><F123/><W56/><G56/><T101/><D111/><U131/><E59/><V86/><F122/><W49/><G49/><T115/><D115/><U94/><E68/><V74/><F57/><W126/><G126/><T109/><D109/><U133/><E133/><V10/><F61/><W97/><G97/><T17/><D39/><U120/><E96/><V72/><F60/><W91/><G91/><T53/><D79/><U127/><E77/><V23/><F37/><W128/><G128/><T110/><D110/><U135/><E62/><V78/><F130/><W51/><G51/><T20/><D42/><U27/><E43/><V50/><F129/><W90/><G90/><T108/><D108/><U25/><E131/><V69/><F69/><W85/><G85/><T36/><D36/><U40/><E87/><V31/><F86/><W11/><G11/><N who="0" m="4199" /><D103/><U24/><E40/><V58/><F102/><W45/><AGARI ba="4,1" hai="19,21,26,33,34,38,41,45,63,65,71,92,98,100" machi="45" ten="30,8000,1" yaku="1,1,0,1,52,1,53,2" doraHai="89" doraHaiUra="28" who="3" fromWho="3" sc="424,-44,200,-24,200,-24,166,102" /><INIT seed="1,0,0,1,1,66" ten="380,176,176,268" oya="1" hai0="132,118,125,6,37,24,68,131,109,115,59,103,38" hai1="19,76,20,27,17,85,65,84,116,67,120,58,100" hai2="114,64,30,60,61,18,95,3,35,9,106,82,90" hai3="99,107,133,98,34,22,55,75,25,134,42,91,1"/><U94/><E116/><V71/><F106/><W127/><G75/><T12/><D103/><U50/><E120/><V14/><F114/><W53/><G34/><T63/><D24/><U11/><E67/><V129/><F129/><W86/><G1/><T110/><D115/><U119/><E119/><V46/><F60/><W83/><G42/><T105/><D105/><U73/><E73/><V40/><F3/><W135/><G127/><T36/><D118/><U32/><E32/><V10/><F82/><W78/><G78/><T44/><D68/><U74/><E74/><V92/><F9/><W47/><G47/><T101/><D101/><U93/><E76/><V102/><F102/><N who="3" m="62935" /><G99/><T81/><D81/><U45/><E100/><V79/><F79/><W15/><G15/><T52/><D131/><U56/><E94/><V2/><F2/><W72/><G72/><T0/><D0/><U123/><E123/><V23/><F35/><W51/><G51/><T29/><D125/><U88/><E85/><V49/><REACH who="2" step="1"/><F90/><REACH who="2" ten="380,176,166,268" step="2"/><W48/><G91/><T41/><D63/><U69/><E69/><V112/><F112/><W62/><G62/><T126/><D126/><U39/><E65/><V117/><F117/><W16/><G133/><T87/><D132/><U77/><E77/><V80/><F80/><W121/><G121/><T96/><D110/><U13/><REACH who="1" step="1"/><E39/><REACH who="1" ten="380,166,166,268" step="2"/><V108/><F108/><W31/><G135/><T124/><D109/><U89/><E89/><V122/><F122/><W4/><G134/><T128/><D38/><U8/><E8/><V57/><F57/><W104/><G104/><RYUUKYOKU ba="0,2" sc="380,-15,166,15,166,15,268,-15" hai1="11,13,17,19,20,27,45,50,56,58,84,88,93" hai2="10,14,18,23,30,40,46,49,61,64,71,92,95" /><INIT seed="1,1,2,1,0,19" ten="365,181,181,253" oya="1" hai0="13,71,9,14,117,30,133,25,5,104,66,50,129" hai1="29,12,47,113,41,57,63,6,23,115,75,27,85" hai2="100,96,20,101,112,53,49,37,55,119,99,79,54" hai3="10,1,132,124,36,125,3,82,111,34,39,11,70"/><U4/><E75/><V106/><F119/><W89/><G70/><T128/><D117/><U127/><E127/><N who="3" m="48714" /><G34/><N who="0" m="20815" /><D104/><U95/><E115/><V122/><F122/><W130/><G111/><T56/><D133/><U77/><E113/><V43/><F112/><W72/><G132/><T98/><D98/><U28/><E28/><V32/><F32/><W94/><G130/><N who="0" m="50283" /><D71/><U61/><E12/><V91/><F37/><N who="3" m="14411" /><G82/><T107/><D107/><U21/><E23/><V48/><F106/><W110/><G72/><T0/><D50/><N who="2" m="19562" /><F79/><W102/><G102/><N who="2" m="39529" /><F43/><W16/><G110/><T84/><D84/><U126/><E126/><V120/><F120/><W108/><G108/><T18/><D18/><U58/><E41/><V68/><F68/><W2/><G16/><T114/><D114/><U24/><E47/><V46/><F46/><W135/><G135/><T80/><D80/><N who="1" m="47247" /><E95/><N who="2" m="56447" /><F99/><AGARI ba="1,2" hai="1,2,3,10,11,89,94,99" m="14411,48714" machi="99" ten="40,1300,0" yaku="18,1" doraHai="19" who="3" fromWho="2" sc="365,0,181,0,181,-16,253,36" /><INIT seed="2,0,0,2,4,37" ten="365,181,165,289" oya="2" hai0="19,71,79,35,108,90,96,22,45,53,18,103,104" hai1="29,76,123,86,48,11,1,13,110,78,61,2,77" hai2="94,129,99,89,23,80,26,17,134,15,133,33,128" hai3="51,119,57,132,52,62,122,105,115,16,34,49,9"/><V46/><F80/><W27/><G119/><T91/><D35/><U100/><E29/><V107/><F107/><W58/><G122/><T131/><D71/><U75/><E75/><V44/><F33/><W87/><G105/><T6/><D108/><U126/><E110/><V7/><F7/><W73/><G73/><T55/><D6/><U95/><E123/><V106/><F106/><W114/><G132/><N who="2" m="50793" /><F15/><N who="3" m="7279" /><G87/><T14/><D131/><AGARI ba="0,0" hai="17,23,26,44,46,89,94,99,128,129,131" m="50793" machi="131" ten="30,2900,0" yaku="19,1,20,1" doraHai="37" who="2" fromWho="0" sc="365,-29,181,0,165,29,289,0" /><INIT seed="2,1,0,2,4,89" ten="336,181,194,289" oya="2" hai0="58,111,131,129,97,15,91,7,134,96,117,105,28" hai1="29,42,11,12,61,17,60,9,77,50,49,75,0" hai2="48,67,72,83,88,44,1,18,24,85,31,113,115" hai3="16,93,27,127,116,2,64,104,135,124,47,5,81"/><V30/><F1/><W100/><G116/><T86/><D117/><U90/><E75/><V19/><F72/><W4/><G104/><T130/><D111/><U95/><E77/><V69/><F69/><W43/><G135/><T99/><D134/><U94/><E29/><V3/><F3/><W57/><G81/><N who="0" m="49615" /><D28/><U37/><E37/><V107/><F107/><W14/><G27/><T59/><D105/><U20/><E0/><V128/><F128/><W46/><G57/><T26/><D26/><N who="1" m="14607" /><E9/><AGARI ba="1,0" hai="7,9,15,58,59,96,97,99,129,130,131" m="49615" machi="9" ten="40,1300,0" yaku="19,1" doraHai="89" who="0" fromWho="1" sc="336,16,181,-16,194,0,289,0" /><INIT seed="3,0,0,2,0,7" ten="352,165,194,289" oya="3" hai0="126,122,10,23,48,43,81,117,112,2,110,99,59" hai1="120,50,129,16,119,64,19,65,42,69,28,107,37" hai2="38,40,93,91,26,79,105,125,74,100,27,108,109" hai3="90,73,88,82,36,106,77,46,31,22,13,44,134"/><W98/><G134/><T39/><D117/><U102/><E120/><V115/><F125/><W132/><G132/><T94/><D122/><U113/><E113/><V4/><F115/><W66/><G66/><N who="1" m="25706" /><E37/><V97/><F4/><W56/><G56/><T78/><D23/><U20/><E107/><V87/><F40/><W92/><G106/><T62/><D48/><U101/><E129/><V61/><F61/><W135/><G135/><T55/><D94/><U21/><E69/><V54/><F54/><W41/><G46/><N who="0" m="23935" /><D99/><U75/><E75/><V124/><F124/><W25/><REACH who="3" step="1"/><G13/><REACH who="3" ten="352,165,194,279" step="2"/><T57/><D57/><U49/><E119/><V11/><F105/><W45/><G45/><T130/><D126/><U86/><E28/><V60/><F109/><W58/><G58/><T32/><D110/><U71/><E71/><V70/><F108/><W103/><AGARI ba="0,1" hai="22,25,31,36,41,44,73,77,82,88,90,92,98,103" machi="103" ten="20,7800,0" yaku="1,1,0,1,7,1,54,1,53,0" doraHai="7" doraHaiUra="8" who="3" fromWho="3" sc="352,-26,165,-26,194,-26,279,88" owari="326,12.6,139,-36.1,168,-23.2,367,46.7" /></mjloggm>