<mjloggm ver="2.3"><GO type="225" lobby="0"/><UN n0="%6B%65%6E%6E%64%69" n1="%6D%75%75%6D%75%72%61" n2="%E4%B8%AD%E5%B9%B4%E3%81%AE%E5%8D%B1%E6%A9%9F" n3="%E5%AF%82%E5%AF%9E%E3%82%AE%E3%83%8D%E3%82%B9%E3%83%93%E3%83%BC%E3%83%AB" dan="16,16,17,16" rate="2133.82,2114.35,2232.15,2125.38" sx="M,F,M,M"/><TAIKYOKU oya="0"/><INIT seed="0,0,0,2,3,14" ten="250,250,250,250" oya="0" hai0="1,88,77,117,100,44,81,19,56,67,70,17,118" hai1="92,10,133,131,80,99,90,34,11,62,36,110,42" hai2="39,112,46,13,85,91,86,51,125,40,111,32,135" hai3="58,57,134,97,121,93,27,53,49,30,29,78,5"/><T0/><D70/><U8/><E110/><V35/><F111/><W74/><G134/><T9/><D100/><U124/><E133/><V89/><F135/><W21/><G121/><T130/><D130/><U107/><E131/><V47/><F112/><W127/><G127/><T98/><D67/><U65/><E124/><V87/><F125/><W52/><G5/><T55/><D44/><U83/><E107/><V108/><F108/><W102/><G74/><T109/><D109/><U75/><E34/><V101/><F101/><W31/><REACH who="3" step="1"/><G78/><REACH who="3" ten="250,250,250,240" step="2"/><T54/><D118/><U18/><E75/><V69/><F69/><W129/><G129/><T122/><D117/><U66/><E80/><V103/><F103/><W16/><G16/><T120/><D81/><U72/><E83/><V61/><F91/><W4/><G4/><T113/><D77/><U15/><E72/><V96/><F89/><W20/><G20/><T24/><D88/><U2/><E2/><V60/><F32/><W6/><G6/><T45/><D9/><U3/><E3/><V76/><F35/><W37/><G37/><T128/><D128/><U23/><REACH who="1" step="1"/><E62/><AGARI ba="0,1" hai="21,27,29,30,31,49,52,53,57,58,62,93,97,102" machi="62" ten="30,12000,2" yaku="1,1,7,1,8,1,54,1,53,3" doraHai="14" doraHaiUra="26" who="3" fromWho="1" sc="250,0,250,-120,250,0,240,130" /><INIT seed="1,0,0,0,5,45" ten="250,130,250,370" oya="1" hai0="72,95,66,14,81,65,121,12,1,123,94,107,10" hai1="44,131,86,90,5,55,46,130,13,40,25,23,100" hai2="112,50,48,52,78,68,93,42,134,7,33,124,102" hai3="99,129,82,34,122,128,91,97,36,120,56,127,58"/><U0/><E0/><V21/><F33/><W35/><G82/><T6/><D107/><U43/><E100/><V18/><F68/><W116/><G91/><T47/><D47/><U125/><E125/><V101/><F112/><W19/><G19/><T30/><D30/><U105/><E105/><V16/><F124/><W11/><G11/><T37/><D37/><U2/><E2/><V109/><F134/><W111/><G127/><T89/><D66/><U114/><E114/><V32/><F32/><W20/><G20/><T77/><D65/><U61/><E5/><V57/><F7/><W27/><G36/><T69/><D69/><U53/><E13/><N who="0" m="5225" /><D89/><U133/><E133/><V70/><F70/><W28/><G28/><T85/><D72/><U110/><E110/><V3/><F3/><W87/><G87/><T24/><D24/><U22/><E130/><V83/><F109/><W9/><G9/><T76/><D76/><U59/><E131/><V88/><F78/><W104/><G27/><T108/><D108/><U118/><E118/><V39/><F39/><W73/><G111/><T17/><D17/><N who="2" m="6762" /><F21/><N who="1" m="7689" /><E25/><V60/><F42/><N who="1" m="15913" /><E53/><V15/><F15/><W62/><G104/><T26/><D26/><U49/><E61/><V79/><F102/><W80/><G62/><T117/><D117/><U92/><AGARI ba="0,0" hai="44,46,49,55,59,86,90,92" m="15913,7689" machi="92" ten="30,3000,0" yaku="8,1,52,1" doraHai="45" who="1" fromWho="1" sc="250,-10,130,30,250,-10,370,-10" /><INIT seed="1,1,0,5,0,68" ten="240,160,240,360" oya="1" hai0="96,9,111,14,23,52,22,46,78,55,15,72,38" hai1="135,70,28,51,69,100,126,4,108,67,63,99,71" hai2="115,102,120,40,6,26,2,110,80,49,50,12,61" hai3="127,58,41,125,56,91,103,76,47,44,42,104,48"/><U128/><E128/><V11/><F120/><W98/><G76/><T77/><D111/><U45/><E108/><V79/><F110/><W3/><G3/><T43/><D96/><U27/><E126/><N who="3" m="48138" /><G91/><T121/><D121/><U10/><E135/><V36/><F115/><W17/><G17/><T112/><D112/><U21/><E10/><V54/><F102/><W60/><G60/><T57/><D55/><U82/><E82/><V106/><F106/><W39/><AGARI ba="1,0" hai="39,41,42,44,47,48,56,58,98,103,104" m="48138" machi="39" ten="30,2000,0" yaku="18,1,52,1" doraHai="68" who="3" fromWho="3" sc="240,-6,160,-11,240,-6,360,23" /><INIT seed="2,0,0,0,4,15" ten="234,149,234,383" oya="2" hai0="57,122,21,115,109,85,106,49,20,112,34,52,102" hai1="38,69,61,42,25,58,133,94,6,81,101,29,4" hai2="9,11,13,75,91,67,108,73,78,44,88,36,19" hai3="30,117,95,59,53,119,56,39,125,40,16,96,70"/><V131/><F131/><W99/><G70/><T87/><D122/><U55/><E133/><V111/><F67/><W104/><G30/><T10/><D34/><U110/><E110/><N who="2" m="42027" /><F11/><W33/><G33/><T26/><D109/><U98/><E69/><V45/><F45/><W127/><G104/><T28/><D106/><U128/><E128/><V79/><F79/><W64/><G64/><T93/><D10/><U86/><E38/><V14/><F14/><W68/><G68/><T8/><D8/><U66/><E42/><N who="2" m="22599" /><F78/><W124/><G40/><T47/><D47/><U74/><E66/><V132/><F132/><W32/><G39/><T105/><D105/><U130/><E74/><AGARI ba="0,0" hai="9,13,19,73,74,75,88,91" m="22599,42027" machi="74" ten="30,11600,0" yaku="14,1,10,1,52,1,54,1" doraHai="15" who="2" fromWho="1" sc="234,0,149,-116,234,116,383,0" /><INIT seed="2,1,0,4,3,108" ten="234,33,350,383" oya="2" hai0="11,89,105,114,19,32,117,76,0,10,131,42,86" hai1="78,18,91,59,70,50,119,26,64,103,125,62,135" hai2="111,13,3,104,79,60,75,102,120,121,43,12,107" hai3="53,54,82,73,4,99,106,134,71,124,52,92,27"/><V28/><F60/><W36/><G71/><T61/><D105/><N who="2" m="40522" /><F13/><W72/><G106/><T88/><D32/><U112/><E91/><V123/><F12/><W1/><G36/><T29/><D131/><U30/><E103/><V55/><F55/><W83/><G134/><T85/><D117/><U115/><E78/><V15/><F15/><W45/><G45/><T100/><D100/><U40/><E119/><V109/><F43/><W68/><G68/><T24/><D76/><U5/><E135/><V20/><F20/><W58/><G58/><T113/><D61/><U41/><E125/><V63/><F63/><W98/><G27/><T57/><D19/><U44/><E40/><V33/><F3/><W65/><G65/><T90/><D42/><U34/><E70/><V101/><F28/><W9/><G124/><T128/><D128/><U16/><REACH who="1" step="1"/><E5/><REACH who="1" ten="234,23,350,383" step="2"/><V47/><F102/><W37/><G4/><T84/><D89/><U81/><E81/><N who="2" m="45311" /><F101/><W48/><G83/><T96/><D90/><U87/><E87/><V38/><F38/><W39/><G82/><T118/><D88/><U49/><E49/><V95/><F95/><W129/><G92/><T21/><D85/><U25/><E25/><V130/><F130/><W122/><G48/><T93/><D84/><U74/><E74/><V51/><F51/><W97/><G73/><T35/><D86/><U22/><E22/><V2/><F33/><W66/><G72/><T80/><D35/><U133/><E133/><V14/><F111/><W17/><G129/><T127/><D24/><U69/><E69/><V132/><F109/><RYUUKYOKU ba="1,1" sc="234,-10,23,30,350,-10,383,-10" hai1="16,18,26,30,34,41,44,50,59,62,64,112,115" /><INIT seed="3,2,1,5,2,68" ten="224,53,340,373" oya="3" hai0="62,19,50,67,55,75,48,102,100,21,20,13,57" hai1="38,28,83,90,49,8,30,116,99,105,130,127,84" hai2="35,26,86,4,132,121,82,63,94,107,7,131,18" hai3="29,122,118,104,88,25,81,2,32,95,69,114,46"/><W56/><G122/><T125/><D125/><U126/><E130/><V22/><F107/><W77/><G69/><T12/><D75/><U41/><E116/><V23/><F35/><W97/><G2/><T33/><D33/><U124/><E49/><V78/><F131/><W73/><G114/><T135/><D135/><U45/><E8/><V16/><F132/><W43/><G56/><T44/><D48/><U24/><E24/><N who="2" m="14423" /><F121/><W91/><G104/><T42/><D67/><U31/><E105/><V27/><F94/><W111/><G111/><T112/><D112/><U106/><E106/><V72/><F72/><W9/><G9/><T103/><D21/><U134/><E134/><V36/><F36/><W65/><G65/><T0/><D0/><U53/><E99/><V5/><F63/><W14/><G14/><AGARI ba="2,1" hai="12,13,14,19,20,42,44,50,55,57,62,100,102,103" machi="14" ten="40,1300,0" yaku="8,1" doraHai="68" who="0" fromWho="3" sc="224,29,53,0,340,0,373,-19" /><AGARI ba="2,0" hai="4,5,7,14,16,23,26,27,78,82,86" m="14423" machi="14" ten="30,2000,0" yaku="8,1,54,1" doraHai="68" who="2" fromWho="3" sc="253,0,53,0,340,20,354,-20" owari="253,-14.7,53,-44.7,360,46.0,334,13.4" /></mjloggm>