<mjloggm ver="2.3"><GO type="225" lobby="0"/><UN n0="%E5%8D%A0%E3%81%84%E5%B8%AB%E8%A3%8F%E3%81%AA%E3%81%84%E3%81%97" n1="%E5%B3%B6%E7%94%B0%E7%9C%9F%E5%A4%A2" n2="%E9%9B%B7%E9%BE%8D" n3="%E4%BF%BA%E3%81%A8%E5%A6%96%E5%A4%A2" dan="17,16,16,17" rate="2225.76,2115.12,2072.43,2190.94" sx="M,F,M,F"/><TAIKYOKU oya="0"/><INIT seed="0,0,0,5,0,42" ten="250,250,250,250" oya="0" hai0="20,7,40,47,38,60,30,88,17,133,128,32,127" hai1="116,113,11,19,130,16,45,110,12,59,77,87,71" hai2="8,69,111,99,86,126,43,66,102,49,82,34,52" hai3="75,91,114,5,124,35,76,2,90,118,68,119,33"/><T18/><D128/><U39/><E116/><V93/><F34/><W3/><G114/><T107/><D107/><U65/><E113/><V21/><F126/><W125/><G76/><T25/><D127/><N who="3" m="48713" /><G75/><T31/><D133/><U134/><E130/><V22/><F111/><W115/><G68/><T24/><D7/><U97/><E110/><V48/><F66/><W37/><G37/><T98/><REACH who="0" step="1"/><D60/><REACH who="0" ten="240,250,250,250" step="2"/><N who="1" m="38047" /><E134/><V27/><F69/><W54/><G115/><T108/><D108/><U72/><E71/><V131/><F131/><W23/><G118/><T61/><D61/><U85/><E72/><V117/><F117/><W103/><G119/><T57/><D57/><U46/><E39/><V92/><F92/><AGARI ba="0,1" hai="17,18,20,24,25,30,31,32,38,40,47,88,92,98" machi="92" ten="40,12000,1" yaku="1,1,52,1,54,1,53,1" doraHai="42" doraHaiUra="28" who="0" fromWho="2" sc="240,130,250,0,250,-120,250,0" /><INIT seed="0,1,0,5,0,13" ten="370,250,130,250" oya="0" hai0="83,130,102,34,101,43,127,107,126,123,119,68,58" hai1="45,31,76,114,14,111,7,37,95,133,56,28,69" hai2="118,39,89,129,109,54,5,50,105,120,11,124,36" hai3="100,61,135,77,73,99,35,104,70,79,3,0,74"/><T9/><D119/><U15/><E111/><V121/><F118/><W72/><G35/><T18/><D68/><U117/><E69/><V71/><F71/><W63/><G135/><T122/><D34/><U62/><E117/><V24/><F105/><W42/><G42/><T106/><D43/><U27/><E133/><V6/><F109/><W33/><G33/><T132/><D132/><U55/><E114/><V80/><F129/><W75/><N who="3" m="18432" /><DORA hai="49" /><W85/><G85/><T134/><D134/><U93/><E76/><V57/><F124/><N who="0" m="47658" /><D58/><U47/><E37/><V25/><F39/><W113/><G113/><T91/><D9/><N who="1" m="4415" /><E15/><V86/><F36/><W38/><G38/><T81/><D18/><U8/><E8/><V110/><F110/><W94/><G104/><N who="0" m="39979" /><D91/><U90/><E95/><V40/><F40/><W1/><REACH who="3" step="1"/><G70/><REACH who="3" ten="370,250,130,240" step="2"/><T98/><D130/><U108/><E108/><V2/><REACH who="2" step="1"/><F5/><REACH who="2" ten="370,250,120,240" step="2"/><W51/><G51/><T59/><D123/><AGARI ba="1,2" hai="2,6,11,24,25,50,54,57,80,86,89,120,121,123" machi="123" ten="40,8000,1" yaku="1,1,2,1,52,1,53,2" doraHai="13,49" doraHaiUra="112,21" who="2" fromWho="0" sc="370,-83,250,0,120,103,240,0" /><INIT seed="1,0,0,4,3,65" ten="287,250,223,240" oya="1" hai0="63,15,8,12,66,128,82,83,14,31,98,26,81" hai1="110,99,109,114,40,90,51,121,119,120,32,47,76" hai2="3,21,35,57,13,107,101,62,95,42,86,25,20" hai3="117,112,105,37,93,72,69,9,19,22,43,97,27"/><U74/><E32/><V56/><F3/><W49/><G112/><T67/><D128/><U73/><E114/><V94/><F42/><W85/><G72/><N who="1" m="27754" /><E76/><V113/><F113/><W0/><G37/><T60/><D8/><U89/><E119/><V64/><F86/><W103/><G117/><T118/><D118/><U28/><E28/><V129/><F129/><W2/><G9/><T33/><D98/><U108/><E99/><V131/><F131/><W48/><G69/><T100/><D100/><U6/><E6/><V102/><F35/><W135/><G135/><T59/><REACH who="0" step="1"/><D12/><REACH who="0" ten="277,250,223,240" step="2"/><U132/><E132/><V5/><F102/><W23/><G0/><T106/><D106/><U71/><E71/><AGARI ba="0,1" hai="14,15,26,31,33,59,60,63,66,67,71,81,82,83" machi="71" ten="40,5200,0" yaku="1,1,52,1,53,1" doraHai="65" doraHaiUra="30" who="0" fromWho="1" sc="277,62,250,-52,223,0,240,0" /><INIT seed="2,0,0,0,2,96" ten="339,198,223,240" oya="2" hai0="67,127,29,49,129,103,92,106,85,33,87,47,102" hai1="7,19,11,44,18,8,12,43,57,126,46,117,61" hai2="118,20,45,50,9,60,123,35,134,56,72,98,130" hai3="86,55,52,39,116,124,132,53,34,16,28,128,104"/><V5/><F123/><W107/><G116/><T70/><D106/><U119/><E117/><V76/><F118/><W89/><G124/><T25/><D127/><U110/><E126/><V24/><F35/><W13/><G39/><T79/><D70/><U78/><E110/><V121/><F121/><W58/><G128/><T59/><D129/><U109/><E109/><V22/><F130/><W48/><G132/><T94/><D79/><U69/><E69/><V27/><F134/><W82/><G104/><T83/><D67/><U115/><E115/><V15/><F76/><W68/><G68/><T37/><D59/><U30/><E30/><V14/><F72/><W88/><G107/><T111/><D37/><U63/><E119/><V51/><F98/><W108/><G108/><T105/><D105/><U64/><E78/><V23/><F15/><W125/><G89/><T75/><D75/><U74/><E74/><V10/><F9/><W1/><G1/><T21/><D33/><U93/><E93/><N who="0" m="35945" /><D111/><U42/><E63/><V133/><F133/><W95/><G82/><T112/><D112/><U36/><REACH who="1" step="1"/><E11/><REACH who="1" ten="339,188,223,240" step="2"/><V80/><F80/><W3/><G125/><T73/><D73/><U40/><E40/><N who="2" m="24871" /><F51/><AGARI ba="0,1" hai="7,8,12,18,19,36,42,43,44,46,51,57,61,64" machi="51" ten="30,2000,0" yaku="1,1,7,1,53,0" doraHai="96" doraHaiUra="91" who="1" fromWho="2" sc="339,0,188,30,223,-20,240,0" /><INIT seed="3,0,0,2,1,63" ten="339,218,203,240" oya="3" hai0="41,53,27,132,18,68,82,108,77,91,24,109,89" hai1="46,49,16,93,90,86,35,59,128,0,118,9,85" hai2="56,57,106,22,81,123,21,29,66,75,96,11,47" hai3="2,55,32,69,52,39,88,73,12,111,116,3,131"/><W44/><G116/><T104/><D104/><U100/><E118/><V124/><F123/><W94/><G73/><T70/><D41/><U45/><E35/><V54/><F124/><W33/><G69/><N who="0" m="26731" /><D53/><N who="1" m="32175" /><E128/><V7/><F106/><W28/><G131/><T14/><D132/><U121/><E121/><V43/><F96/><W107/><G107/><T50/><D50/><U10/><E0/><V129/><F129/><W19/><G111/><N who="0" m="42571" /><D91/><N who="1" m="53487" /><E100/><V62/><F29/><W105/><G105/><T127/><D89/><U103/><E103/><V65/><F81/><W20/><G2/><T125/><D127/><U102/><E102/><V17/><F75/><W5/><G39/><T71/><D71/><U64/><E64/><N who="2" m="24683" /><F7/><W101/><G101/><T130/><D130/><U6/><E6/><V67/><N who="2" m="24691" /><V38/><DORA hai="112" /><F38/><W4/><G4/><T120/><D120/><U115/><E115/><V97/><F97/><W92/><G33/><T34/><D34/><U122/><E122/><V36/><F36/><W25/><G94/><T40/><D125/><U30/><E30/><V119/><F119/><W76/><G76/><T98/><D77/><U58/><E58/><N who="2" m="35159" /><F43/><W1/><G1/><T117/><D40/><U84/><E84/><V79/><F79/><W8/><G3/><T133/><D117/><U15/><E9/><V87/><F87/><N who="3" m="52255" /><G32/><T23/><D82/><AGARI ba="0,0" hai="10,15,16,45,46,82,86,90" m="53487,32175" machi="82" ten="30,2000,0" yaku="8,1,54,1" doraHai="63,112" who="1" fromWho="0" sc="339,-20,218,20,203,0,240,0" owari="319,41.9,238,-16.2,203,-29.7,240,4.0" /></mjloggm>