<mjloggm ver="2.3"><GO type="225" lobby="0"/><UN n0="%E3%81%BE%E3%81%8B%E3%81%B7%E3%82%93" n1="%E3%83%AB%E3%83%9B%E3%83%B3%E3%83%87%E3%82%A3%E3%82%A8" n2="%77%72%77%72%77%72%77%72" n3="%E3%82%A2%E3%83%BC%E3%83%A2%E3%83%AD%E3%83%BC%E3%83%B4%E3%82%A1" dan="16,17,16,16" rate="2098.29,2190.99,2219.51,2151.28" sx="M,M,M,M"/><TAIKYOKU oya="0"/><INIT seed="0,0,0,0,3,18" ten="250,250,250,250" oya="0" hai0="44,87,54,110,16,69,67,95,109,78,118,98,81" hai1="61,100,82,25,122,6,27,92,19,131,68,94,46" hai2="23,121,107,105,125,104,41,36,97,72,117,45,32" hai3="75,22,132,26,48,134,77,55,85,93,79,135,88"/><T0/><D118/><U70/><E122/><V90/><F121/><W31/><REACH who="3" step="1"/><G75/><REACH who="3" ten="250,250,250,240" step="2"/><T3/><D69/><U112/><E68/><V115/><F72/><W12/><G12/><T21/><D67/><U89/><E70/><V20/><F117/><W103/><G103/><N who="0" m="60895" /><D54/><U42/><E100/><V83/><F115/><W34/><G34/><T8/><D44/><AGARI ba="0,1" hai="22,26,31,44,48,55,77,79,85,88,93,132,134,135" machi="44" ten="40,12000,2" yaku="21,2,20,1,52,1,54,1,53,1" doraHai="18" doraHaiUra="17" who="3" fromWho="0" sc="250,-120,250,0,250,0,240,130" /><INIT seed="1,0,0,0,2,16" ten="130,250,250,370" oya="1" hai0="11,95,75,42,24,73,45,41,38,17,80,108,93" hai1="70,94,7,65,101,134,19,82,61,27,37,98,104" hai2="113,107,22,90,54,53,51,14,31,105,9,120,67" hai3="79,10,112,1,126,63,40,132,25,62,21,135,36"/><U91/><E134/><N who="3" m="51242" /><G126/><T30/><D108/><U56/><E37/><V2/><F120/><W48/><G36/><T76/><D42/><U35/><E7/><V128/><F128/><W129/><G112/><T4/><D75/><U122/><E122/><V69/><F2/><W130/><G79/><T29/><D17/><U5/><E5/><V121/><F54/><W100/><G100/><T47/><D47/><U102/><E82/><V58/><F90/><W8/><G48/><T23/><REACH who="0" step="1"/><D30/><REACH who="0" ten="120,250,250,370" step="2"/><U99/><E19/><N who="2" m="10615" /><F31/><N who="3" m="17839" /><G40/><T44/><D44/><U92/><E104/><V83/><F105/><W39/><G39/><T97/><D97/><U116/><E98/><V106/><F107/><W123/><G123/><T50/><D50/><U81/><E99/><V118/><F51/><W43/><G43/><T13/><AGARI ba="0,1" hai="4,11,13,23,24,29,38,41,45,73,76,80,93,95" machi="13" ten="20,5200,0" yaku="1,1,0,1,7,1,52,1,53,0" doraHai="16" doraHaiUra="115" who="0" fromWho="0" sc="120,62,250,-26,250,-13,370,-13" /><INIT seed="2,0,0,1,0,28" ten="182,224,237,357" oya="2" hai0="71,73,128,58,75,120,127,52,83,17,103,104,117" hai1="86,106,118,40,96,16,76,112,99,54,45,60,69" hai2="63,88,33,18,134,19,98,23,101,113,11,109,80" hai3="93,72,6,122,0,81,57,48,2,116,4,131,90"/><V44/><F113/><W133/><G116/><T43/><D120/><U105/><E118/><V115/><F115/><W107/><G107/><T110/><D117/><U10/><E112/><V125/><F33/><W124/><G122/><T85/><D71/><U65/><E76/><V135/><F125/><W26/><G26/><T119/><D119/><U77/><E77/><V50/><F63/><W53/><G124/><T121/><D127/><U92/><E86/><N who="2" m="50247" /><F109/><W21/><G81/><T61/><D121/><U5/><E96/><V68/><F68/><W36/><G36/><T37/><D110/><U126/><E54/><N who="2" m="30023" /><F23/><W123/><G21/><T70/><D128/><U132/><E132/><N who="2" m="50731" /><F11/><W78/><G133/><T108/><D108/><U84/><E126/><V102/><F102/><W62/><G62/><T3/><D3/><U79/><E60/><V89/><F89/><W24/><G90/><T64/><D17/><U29/><E10/><V91/><F91/><W49/><G0/><T94/><D104/><AGARI ba="0,0" hai="18,19,98,101,104" m="50731,30023,50247" machi="104" ten="30,2900,0" yaku="20,1,54,1" doraHai="28" who="2" fromWho="0" sc="182,-29,224,0,237,29,357,0" /><INIT seed="2,1,0,4,3,119" ten="153,224,266,357" oya="2" hai0="82,9,124,98,23,21,105,125,121,113,69,31,101" hai1="104,0,88,30,129,32,27,65,14,40,38,89,54" hai2="7,17,66,97,8,63,87,115,42,127,75,106,16" hai3="86,18,58,134,15,85,11,52,10,26,72,28,51"/><V59/><F75/><W130/><G72/><T61/><D113/><U79/><E0/><V102/><F115/><W33/><G134/><T45/><D45/><U81/><E104/><V84/><F127/><N who="0" m="48714" /><D9/><U25/><E129/><V92/><F42/><W132/><G132/><T12/><D82/><U55/><E65/><V90/><REACH who="2" step="1"/><F87/><REACH who="2" ten="153,224,256,357" step="2"/><W117/><G130/><T107/><D107/><U64/><E40/><V110/><F110/><W74/><G74/><T123/><D31/><U126/><E30/><V39/><F39/><W118/><G86/><T35/><D35/><U41/><E32/><V3/><AGARI ba="1,1" hai="3,7,8,16,17,59,63,66,84,90,92,97,102,106" machi="3" ten="20,7800,0" yaku="1,1,0,1,7,1,54,1,53,0" doraHai="119" doraHaiUra="70" who="2" fromWho="2" sc="153,-27,224,-27,256,91,357,-27" /><INIT seed="2,2,0,3,0,25" ten="126,197,347,330" oya="2" hai0="115,34,61,130,91,72,28,63,122,134,30,18,118" hai1="36,88,76,90,70,71,114,99,108,85,10,86,121" hai2="116,16,80,24,22,46,60,64,100,106,2,35,84" hai3="77,57,73,131,7,43,6,51,54,58,103,129,79"/><V52/><F116/><W101/><G43/><T113/><D122/><U48/><E36/><V49/><F2/><W44/><G44/><T41/><D72/><U133/><E114/><N who="0" m="43529" /><D41/><U32/><E32/><V14/><F106/><W117/><G117/><T29/><D118/><U17/><E121/><V94/><F35/><W124/><G124/><T12/><D91/><U132/><E108/><V9/><F94/><W74/><G54/><T112/><N who="0" m="43537" /><T11/><DORA hai="123" /><D61/><U69/><E48/><AGARI ba="2,0" hai="6,7,48,51,57,58,73,74,77,79,101,103,129,131" machi="48" ten="25,1600,0" yaku="22,2" doraHai="25,123" who="3" fromWho="1" sc="126,0,197,-22,347,0,330,22" /><INIT seed="3,0,0,1,2,108" ten="126,175,347,352" oya="3" hai0="49,76,80,55,59,56,77,8,109,113,90,67,65" hai1="73,31,17,63,134,129,71,38,122,2,33,126,75" hai2="43,105,19,15,34,95,115,110,22,91,88,85,118" hai3="26,117,47,48,124,57,93,24,94,125,53,112,86"/><W72/><G112/><T123/><D109/><U131/><RYUUKYOKU type="yao9" ba="0,0" sc="126,0,175,0,347,0,352,0" hai1="2,17,31,33,38,63,71,73,75,122,126,129,131,134" /><INIT seed="3,1,0,0,5,53" ten="126,175,347,352" oya="3" hai0="60,70,22,50,98,45,8,67,12,32,82,3,37" hai1="69,47,91,71,63,118,124,74,61,26,99,116,86" hai2="49,94,83,103,121,1,4,97,107,109,77,72,44" hai3="135,120,79,40,65,54,5,31,15,117,112,62,16"/><W29/><G120/><T123/><D123/><U17/><E74/><V36/><F121/><W128/><G112/><T133/><D133/><U18/><E124/><V43/><F109/><W129/><G135/><T132/><D132/><U110/><E110/><V90/><F49/><W20/><G117/><N who="1" m="45162" /><E99/><V68/><F68/><N who="1" m="26185" /><E47/><V115/><F115/><W92/><G40/><T41/><D32/><U48/><E48/><V106/><F90/><W100/><G79/><T96/><D82/><N who="1" m="49623" /><E26/><V11/><AGARI ba="1,0" hai="1,4,11,36,43,44,72,77,83,94,97,103,106,107" machi="11" ten="30,4000,0" yaku="0,1,25,2" doraHai="53" who="2" fromWho="2" sc="126,-11,175,-11,347,43,352,-21" owari="115,-38.5,164,-23.6,390,49.0,331,13.1" /></mjloggm>