<mjloggm ver="2.3"><GO type="225" lobby="0"/><UN n0="%E3%82%B8%E3%83%A3%E3%83%9E%E3%83%BC%E3%83%AB%E3%83%9E%E3%83%AC%E3%83%BC" n1="%65%6B%61%72%75%74%65" n2="%E7%89%B9%E6%9D%B1%E3%81%AF%E4%B8%96%E7%95%8C%E3%82%92%E6%95%91%E3%81%86" n3="%E3%83%8F%E3%82%BF%E3%83%A2%E3%83%88%E3%83%92%E3%83%AD" dan="17,16,16,17" rate="2198.95,2102.53,2136.75,2135.81" sx="M,M,M,M"/><TAIKYOKU oya="0"/><INIT seed="0,0,0,5,0,27" ten="250,250,250,250" oya="0" hai0="29,52,2,69,43,19,45,119,81,108,15,46,120" hai1="133,129,90,56,12,68,101,32,78,73,64,71,123" hai2="10,4,80,92,30,109,86,41,135,93,89,77,6" hai3="33,76,18,107,116,95,105,124,39,16,130,25,82"/><T38/><D119/><U9/><E123/><V126/><F109/><W37/><G116/><T5/><D120/><U65/><E32/><V134/><F126/><W22/><G124/><T13/><D69/><U59/><E129/><V53/><F41/><W127/><G130/><T74/><D108/><U57/><E133/><N who="2" m="50699" /><F30/><W104/><G33/><T67/><D67/><U128/><E128/><V48/><F10/><W20/><G95/><N who="2" m="36425" /><F89/><W84/><REACH who="3" step="1"/><G127/><REACH who="3" ten="250,250,250,240" step="2"/><T106/><D106/><U44/><E71/><V34/><F34/><W87/><G87/><T72/><D72/><U70/><E68/><V8/><F8/><W58/><G58/><AGARI ba="0,1" hai="4,6,48,53,58,77,80,86" m="36425,50699" machi="58" ten="30,1000,0" yaku="20,1" doraHai="27" who="2" fromWho="3" sc="250,0,250,0,250,20,240,-10" /><INIT seed="1,0,0,5,3,77" ten="250,250,270,230" oya="1" hai0="107,26,53,20,39,30,133,34,5,37,132,122,69" hai1="68,17,120,130,127,110,114,4,72,108,105,96,101" hai2="2,1,38,97,125,18,84,66,12,82,29,41,86" hai3="59,32,94,76,50,81,85,90,15,7,74,91,31"/><U6/><E114/><V9/><F125/><W60/><G50/><T25/><D107/><U118/><E127/><V23/><F66/><W106/><G106/><T28/><D69/><U80/><E118/><V128/><F128/><W102/><G102/><T113/><D113/><U62/><E130/><V57/><F57/><W93/><G32/><T87/><D122/><U43/><E120/><V42/><F97/><W0/><G31/><T78/><D5/><U13/><E43/><V135/><F135/><N who="0" m="51786" /><D53/><U134/><E134/><V33/><F86/><W58/><G0/><T131/><D131/><U44/><E44/><V45/><F33/><W24/><G24/><T36/><D87/><U64/><E6/><V99/><F99/><W121/><G121/><T89/><D89/><U92/><E4/><V14/><F41/><W98/><REACH who="3" step="1"/><G60/><REACH who="3" ten="250,250,270,220" step="2"/><T117/><D117/><U19/><E105/><V52/><F29/><W10/><AGARI ba="0,1" hai="7,10,15,58,59,74,76,81,85,90,91,93,94,98" machi="10" ten="30,7900,0" yaku="1,1,2,1,0,1,52,1,53,0" doraHai="77" doraHaiUra="21" who="3" fromWho="3" sc="250,-20,250,-39,270,-20,220,89" /><INIT seed="2,0,0,0,2,50" ten="230,211,250,309" oya="2" hai0="116,27,97,36,12,84,120,33,64,59,61,46,135" hai1="29,15,40,32,111,63,65,93,17,18,94,112,118" hai2="90,76,20,42,25,2,99,4,80,133,72,53,56" hai3="106,121,30,96,31,45,24,98,83,11,87,16,88"/><V128/><F128/><W51/><G121/><T23/><D120/><U8/><E112/><V79/><F133/><W43/><G106/><T67/><D135/><U117/><E111/><V73/><F42/><W129/><G129/><T35/><D116/><U39/><E32/><V44/><F44/><W6/><G31/><T57/><D12/><U100/><E29/><V104/><F4/><W114/><G114/><T109/><D109/><U91/><E39/><V101/><F2/><W78/><G78/><T55/><D97/><U49/><E100/><V81/><F90/><W54/><G43/><T71/><D84/><U85/><E18/><V122/><F122/><W123/><G123/><T107/><D107/><U132/><E94/><V119/><F119/><W130/><G130/><T110/><D110/><U95/><E93/><V3/><F3/><W102/><G102/><T5/><D5/><U9/><E9/><V134/><F134/><W34/><G16/><N who="0" m="12775" /><D59/><U13/><E13/><AGARI ba="0,0" hai="6,11,13,24,30,34,45,51,54,83,87,88,96,98" machi="13" ten="30,3900,0" yaku="7,1,52,1,54,1" doraHai="50" who="3" fromWho="1" sc="230,0,211,-39,250,0,309,39" /><INIT seed="3,0,0,3,1,83" ten="230,172,250,348" oya="3" hai0="25,113,34,12,16,20,58,128,33,60,132,108,104" hai1="109,65,82,64,112,8,45,125,11,2,96,95,134" hai2="79,38,4,28,17,115,73,1,40,6,121,93,69" hai3="41,66,18,59,70,37,22,107,61,101,99,124,55"/><W67/><G124/><T57/><D104/><U29/><E109/><V94/><F115/><W90/><G70/><T71/><D108/><U120/><E134/><V51/><F69/><W126/><G126/><T23/><D132/><U131/><E131/><V88/><F28/><W97/><G41/><T54/><D128/><U72/><E120/><V81/><F121/><W129/><G37/><T53/><D71/><U9/><E112/><V63/><F63/><W122/><G129/><T114/><D114/><U30/><E125/><V49/><F94/><N who="3" m="56535" /><G122/><T47/><D47/><U62/><E2/><V133/><F133/><W52/><G55/><T39/><D39/><U19/><E45/><N who="2" m="23703" /><F17/><W91/><G91/><T46/><D46/><U50/><E50/><V13/><F13/><W48/><G48/><T5/><D5/><U98/><E19/><V123/><F6/><W10/><G10/><T92/><D92/><U24/><E24/><AGARI ba="0,0" hai="18,22,24,52,59,61,66,67,99,101,107" m="56535" machi="24" ten="30,2900,0" yaku="25,1,54,1" doraHai="83" who="3" fromWho="1" sc="230,0,172,-29,250,0,348,29" owari="230,-17.0,143,-35.7,250,5.0,377,47.7" /></mjloggm>