<mjloggm ver="2.3"><GO type="225" lobby="0"/><UN n0="%E6%9D%B1%E9%A2%A8%E3%81%AE%E3%81%8D%E3%82%83%E3%81%B7%E3%81%95%E3%82%93" n1="%E5%84%AA%40%41%42%43" n2="%65%6B%61%72%75%74%65" n3="%E3%81%B5%E3%81%98%E3%81%8B%E3%81%A4" dan="17,17,16,17" rate="2218.38,2146.60,2139.30,2234.44" sx="M,M,M,M"/><TAIKYOKU oya="0"/><INIT seed="0,0,0,5,3,54" ten="250,250,250,250" oya="0" hai0="0,17,89,82,61,94,6,79,70,106,119,12,48" hai1="123,127,24,135,92,47,124,51,90,80,133,9,102" hai2="109,35,10,19,57,85,113,15,88,59,22,116,34" hai3="118,98,71,46,103,33,14,21,1,75,64,23,50"/><T55/><D119/><U93/><E123/><V97/><F113/><W91/><G118/><T132/><D106/><U84/><E24/><V129/><F116/><W2/><G33/><T7/><D132/><N who="1" m="50763" /><E9/><V13/><F109/><W53/><G91/><T3/><D3/><U78/><E102/><V110/><F110/><W105/><G75/><T45/><D0/><U39/><E39/><V44/><F129/><W4/><G23/><T125/><D125/><N who="1" m="48203" /><E90/><V112/><F112/><W96/><G96/><T95/><D95/><U40/><AGARI ba="0,0" hai="40,47,51,78,80,84,92,93" m="48203,50763" machi="40" ten="30,2000,0" yaku="20,1,18,1" doraHai="54" who="1" fromWho="1" sc="250,-10,250,20,250,-5,250,-5" /><INIT seed="1,0,0,3,0,70" ten="240,270,245,245" oya="1" hai0="11,105,50,86,66,21,28,10,77,53,100,81,117" hai1="71,122,75,114,119,39,125,131,55,116,72,62,110" hai2="22,32,54,58,90,51,31,38,42,14,87,111,134" hai3="52,91,115,68,107,18,92,113,99,6,82,44,4"/><U63/><RYUUKYOKU type="yao9" ba="0,0" sc="240,0,270,0,245,0,245,0" hai1="39,55,62,63,71,72,75,110,114,116,119,122,125,131" /><INIT seed="1,1,0,1,2,76" ten="240,270,245,245" oya="1" hai0="14,18,22,7,126,113,80,12,108,11,95,37,119" hai1="72,71,120,112,40,103,83,39,105,51,109,24,121" hai2="118,133,36,46,125,10,4,33,27,106,116,42,5" hai3="32,131,78,111,26,92,17,1,77,98,117,128,13"/><U52/><E112/><V102/><F125/><W29/><G1/><T66/><D37/><U74/><E71/><V6/><F133/><W64/><G64/><T70/><D126/><U68/><E68/><V20/><F33/><W122/><G122/><T34/><D34/><U38/><E109/><V101/><F10/><W28/><G111/><T25/><D108/><U16/><E105/><V104/><F104/><W58/><G58/><T86/><D119/><U88/><E103/><V90/><F90/><W9/><G29/><T75/><D75/><U135/><E135/><V63/><F63/><W48/><G48/><T0/><D95/><U43/><E72/><V130/><F130/><N who="3" m="49707" /><G117/><T81/><D113/><U67/><E67/><V99/><REACH who="2" step="1"/><F102/><AGARI ba="1,0" hai="9,13,17,26,28,32,77,78,92,98,102" m="49707" machi="102" ten="30,1000,0" yaku="19,1" doraHai="76" who="3" fromWho="2" sc="240,0,270,0,245,-13,245,13" /><INIT seed="2,0,0,0,0,55" ten="240,270,232,258" oya="2" hai0="131,0,114,32,5,65,130,2,7,29,54,67,74" hai1="3,77,26,19,40,95,42,25,102,119,98,80,24" hai2="23,9,96,30,126,105,108,86,72,90,73,82,28" hai3="13,93,88,50,100,4,21,48,36,66,46,62,44"/><V110/><F9/><W135/><G135/><T118/><D74/><N who="2" m="28778" /><F23/><W87/><G100/><T109/><D54/><U83/><E119/><V111/><F126/><W34/><G34/><T104/><D32/><U101/><E3/><V122/><F122/><W85/><G85/><T58/><D118/><U99/><E19/><V132/><F132/><W31/><G36/><T89/><D104/><U60/><E60/><V43/><F43/><N who="1" m="16425" /><E77/><V106/><F106/><W12/><G4/><T35/><D35/><U22/><E22/><V120/><F120/><W39/><G39/><T17/><D17/><U14/><E14/><V45/><F45/><W38/><G38/><T16/><D16/><U127/><E127/><V52/><F52/><N who="3" m="29703" /><G31/><T76/><D29/><U11/><E11/><V63/><F63/><W81/><G21/><T53/><D53/><U129/><E26/><V78/><F78/><N who="3" m="46519" /><G46/><T70/><D5/><U49/><E49/><V133/><F133/><W10/><G50/><T51/><D51/><U91/><E25/><V79/><F79/><W47/><G47/><T92/><D76/><U56/><E24/><V84/><F86/><N who="3" m="52375" /><G10/><T128/><D7/><U115/><E56/><AGARI ba="0,0" hai="12,13,56,62,66" m="52375,46519,29703" machi="56" ten="30,7700,0" yaku="8,1,52,1,54,2" doraHai="55" who="3" fromWho="1" sc="240,0,270,-77,232,0,258,77" /><INIT seed="3,0,0,1,3,96" ten="240,193,232,335" oya="3" hai0="51,129,76,107,94,92,43,14,4,18,54,112,21" hai1="29,135,40,7,61,1,110,32,41,63,134,69,30" hai2="124,27,118,127,68,38,8,106,103,15,17,73,116" hai3="55,10,22,89,36,25,34,58,122,111,98,28,57"/><W125/><G122/><T78/><D107/><U0/><E7/><V23/><F68/><W104/><G36/><T100/><D129/><U79/><E69/><V75/><F38/><W88/><G125/><N who="2" m="48201" /><F103/><W123/><G123/><T46/><D112/><U48/><E32/><V66/><F66/><W133/><G133/><N who="1" m="50698" /><E48/><V5/><F106/><W6/><G111/><T74/><D74/><AGARI ba="0,0" hai="5,8,15,17,23,27,73,74,75,116,118" m="48201" machi="74" ten="30,1000,0" yaku="18,1" doraHai="96" who="2" fromWho="0" sc="240,-10,193,0,232,10,335,0" owari="230,-17.0,193,-30.7,242,4.2,335,43.5" /></mjloggm>