<mjloggm ver="2.3"><GO type="225" lobby="0"/><UN n0="%E9%80%86%E9%80%A3%E5%B8%AF%E3%81%AE%E9%AC%BC" n1="%33%74%72%65%65" n2="%6D%75%75%6D%75%72%61" n3="%72%69%6F%75%63%68%61%6E" dan="16,17,16,16" rate="2136.50,2217.75,2116.90,2213.24" sx="M,F,F,M"/><TAIKYOKU oya="0"/><INIT seed="0,0,0,1,3,55" ten="250,250,250,250" oya="0" hai0="83,46,96,106,25,47,103,114,126,122,112,0,73" hai1="27,31,90,95,60,34,43,49,80,33,134,105,97" hai2="6,69,72,107,24,81,100,101,52,18,113,42,51" hai3="89,58,39,77,66,21,32,62,70,36,2,16,127"/><T14/><D122/><U9/><E134/><V20/><F113/><W29/><G2/><T57/><D126/><U64/><E105/><V67/><F42/><W86/><G127/><T135/><D0/><U5/><E80/><V22/><F6/><W91/><G32/><T87/><D135/><U7/><E34/><V117/><F117/><W35/><G35/><T82/><D73/><U128/><E128/><V30/><F107/><W71/><G29/><T75/><D25/><U78/><E78/><V54/><F72/><W124/><G124/><T1/><D1/><U102/><E9/><V63/><F81/><W111/><G111/><T65/><D83/><U84/><E84/><V10/><F10/><W121/><G77/><T50/><D75/><U108/><E102/><V92/><F54/><W15/><G121/><T53/><D14/><U131/><E131/><V109/><F92/><W88/><REACH who="3" step="1"/><G86/><REACH who="3" ten="250,250,250,240" step="2"/><T59/><D114/><U116/><E108/><V132/><F109/><W110/><G110/><T68/><D112/><U76/><E76/><V120/><F132/><W13/><G13/><T19/><D68/><AGARI ba="0,1" hai="15,16,21,36,39,58,62,66,68,70,71,88,89,91" machi="68" ten="40,8000,1" yaku="1,1,52,1,54,2,53,1" doraHai="55" doraHaiUra="8" who="3" fromWho="0" sc="250,-80,250,0,250,0,240,90" /><INIT seed="1,0,0,3,4,97" ten="170,250,250,330" oya="1" hai0="13,133,79,78,11,41,115,130,76,51,113,61,87" hai1="111,92,58,128,63,45,14,54,36,12,52,118,124" hai2="4,86,59,82,56,62,91,127,106,101,117,109,15" hai3="107,100,30,110,108,84,125,132,83,33,81,19,72"/><U35/><E118/><V55/><F117/><W74/><G19/><T77/><D133/><U28/><E128/><V3/><F109/><N who="3" m="42091" /><G30/><T88/><D130/><U90/><E111/><V23/><F127/><W116/><G33/><T37/><D37/><U95/><E124/><V80/><F3/><W25/><G25/><T105/><D105/><U38/><E38/><V120/><F120/><W0/><G0/><T71/><N who="0" m="19456" /><DORA hai="102" /><T21/><D21/><U8/><E35/><V27/><F82/><N who="3" m="31243" /><G125/><T94/><D51/><N who="1" m="28783" /><E36/><V29/><F4/><W119/><G84/><T44/><D44/><U85/><E28/><V24/><F59/><W39/><G39/><T40/><D115/><U10/><E92/><V42/><F42/><W99/><G132/><T60/><D113/><U22/><E22/><V96/><REACH who="2" step="1"/><F29/><REACH who="2" ten="170,250,240,330" step="2"/><W93/><G116/><T53/><D71/><U16/><E16/><AGARI ba="0,1" hai="15,16,23,24,27,55,56,62,80,86,91,96,101,106" machi="16" ten="40,8000,1" yaku="1,1,2,1,52,2,54,1,53,0" doraHai="97,102" doraHaiUra="69,26" who="2" fromWho="1" sc="170,0,250,-80,240,90,330,0" /><INIT seed="2,0,0,5,5,62" ten="170,170,330,330" oya="2" hai0="92,121,49,116,75,135,107,90,13,40,68,20,98" hai1="96,102,109,77,41,19,103,8,129,47,51,127,27" hai2="130,66,119,79,61,33,74,111,58,59,30,42,89" hai3="94,131,125,24,108,32,4,128,35,118,36,114,99"/><V82/><F119/><W16/><G36/><T115/><D116/><U104/><E109/><V56/><F130/><N who="3" m="49707" /><G118/><T73/><D121/><U44/><E129/><V85/><F111/><W80/><G108/><T34/><D135/><U3/><E127/><V122/><F122/><W132/><G125/><T25/><D115/><U18/><E103/><V11/><F42/><W55/><G132/><T48/><D68/><U9/><E77/><V37/><F37/><W7/><G114/><T39/><D39/><U45/><E3/><V31/><F11/><W133/><G133/><T64/><D64/><U93/><E104/><V72/><F72/><W87/><G55/><T123/><D123/><U112/><E112/><V88/><F89/><N who="3" m="51431" /><G16/><N who="1" m="6186" /><E27/><V65/><F30/><N who="3" m="19527" /><G35/><T10/><D34/><U69/><E69/><V70/><F31/><W78/><G78/><T57/><D107/><U53/><E41/><V29/><F29/><W50/><G50/><T23/><D75/><U113/><E113/><V17/><F17/><W5/><G4/><T14/><D73/><U63/><E63/><V106/><F106/><W95/><G95/><T101/><D101/><AGARI ba="0,0" hai="5,7,94,99,101" m="19527,51431,49707" machi="101" ten="30,1000,0" yaku="19,1" doraHai="62" who="3" fromWho="0" sc="170,-10,170,0,330,0,330,10" /><INIT seed="3,0,0,1,2,49" ten="160,170,330,340" oya="3" hai0="55,35,81,80,46,67,1,128,107,7,132,68,120" hai1="103,56,98,89,47,109,28,52,74,133,125,0,114" hai2="104,30,121,108,48,26,131,14,126,43,88,32,20" hai3="113,51,29,15,21,100,39,97,11,106,72,4,130"/><W60/><G113/><T71/><D120/><U102/><E114/><V66/><F104/><W17/><G39/><T8/><D35/><U40/><E74/><V94/><F121/><W85/><G72/><T77/><D132/><U13/><E0/><V93/><F108/><W59/><G130/><T27/><D128/><U110/><E133/><V42/><F131/><W83/><G51/><T91/><D107/><U44/><E125/><V96/><F126/><W134/><G134/><T64/><D27/><U54/><E28/><V45/><F32/><W69/><G69/><T50/><D91/><U101/><E13/><V92/><F43/><W127/><G127/><T3/><D3/><U2/><E2/><V75/><F75/><W12/><G29/><T5/><D5/><U84/><E98/><V90/><F66/><W18/><G4/><T58/><D81/><N who="1" m="49295" /><E56/><V25/><F30/><W135/><G135/><T19/><D19/><U57/><E57/><V63/><F63/><W53/><G85/><T65/><REACH who="0" step="1"/><D58/><REACH who="0" ten="150,170,330,340" step="2"/><U119/><E119/><V33/><F33/><W112/><G83/><T37/><D37/><N who="1" m="21519" /><E47/><V70/><F70/><W78/><G112/><T61/><D61/><U105/><E105/><V115/><F115/><W10/><G78/><T41/><D41/><U117/><E117/><V73/><F73/><AGARI ba="0,1" hai="1,7,8,46,50,55,64,65,67,68,71,73,77,80" machi="73" ten="40,2600,0" yaku="1,1,52,1,53,0" doraHai="49" doraHaiUra="22" who="0" fromWho="2" sc="150,36,170,0,330,-26,340,0" owari="186,-21.4,170,-33.0,304,10.4,340,44.0" /></mjloggm>