<mjloggm ver="2.3"><GO type="225" lobby="0"/><UN n0="%E7%99%BD%E6%97%A5%E9%9B%AA%E8%8F%9C" n1="%E3%81%99%E3%81%84%E3%81%BE%E3%81%9B%E3%83%BC%E3%82%93" n2="%E3%81%AF%E3%82%88%E3%81%8A%E3%81%98%E3%81%95%E3%82%93" n3="%E5%A4%9C%E3%81%AE%E3%82%AC%E3%82%B9%E3%83%91%E3%83%BC%E3%83%AB" dan="16,17,17,16" rate="2165.21,2258.88,2244.74,2126.18" sx="M,M,M,M"/><TAIKYOKU oya="0"/><INIT seed="0,0,0,3,1,132" ten="250,250,250,250" oya="0" hai0="2,40,114,20,6,135,75,74,66,84,121,91,119" hai1="97,88,94,63,5,96,87,78,48,76,65,110,83" hai2="122,81,99,11,43,123,22,105,95,100,21,131,102" hai3="80,89,86,77,27,25,107,45,120,39,125,108,3"/><T61/><D119/><U49/><E110/><V62/><F131/><W52/><G107/><T31/><D114/><U90/><E5/><V38/><F43/><W104/><G104/><T14/><D121/><U70/><E78/><V35/><F38/><W50/><G3/><T0/><D135/><U133/><E133/><V34/><F105/><W32/><G108/><T26/><D40/><U13/><REACH who="1" step="1"/><E13/><REACH who="1" ten="250,240,250,250" step="2"/><V55/><F122/><W33/><G77/><T101/><D14/><U10/><E10/><V124/><F11/><W85/><G120/><T128/><D128/><U126/><E126/><V57/><F124/><W82/><G125/><T111/><D111/><U68/><E68/><V1/><F123/><W15/><G15/><T127/><D127/><U72/><E72/><V4/><F4/><W64/><G39/><T9/><D0/><U134/><E134/><V103/><F1/><W16/><G27/><T60/><D101/><U109/><E109/><V73/><F100/><W106/><G106/><T44/><D44/><U47/><E47/><V129/><F102/><W56/><G45/><T8/><D9/><U130/><E130/><V19/><F129/><W115/><G115/><T92/><REACH who="0" step="1"/><D61/><REACH who="0" ten="240,240,250,250" step="2"/><U117/><E117/><V113/><F113/><W28/><G25/><T12/><D12/><U23/><E23/><V112/><F112/><W37/><G37/><T42/><D42/><U69/><E69/><AGARI ba="0,2" hai="2,6,8,20,26,31,60,66,69,74,75,84,91,92" machi="69" ten="30,2900,0" yaku="1,1,7,1,53,0" doraHai="132" doraHaiUra="29" who="0" fromWho="1" sc="240,49,240,-29,250,0,250,0" /><INIT seed="0,1,0,0,0,7" ten="289,211,250,250" oya="0" hai0="108,103,111,15,107,72,122,24,40,21,18,125,102" hai1="32,123,91,39,101,16,68,110,2,51,87,132,6" hai2="93,88,55,100,81,133,113,1,28,78,129,90,128" hai3="73,131,20,49,42,10,61,126,97,105,75,13,130"/><T95/><D122/><U62/><E123/><V106/><F1/><W99/><G126/><T76/><D125/><U66/><E39/><V115/><F28/><W85/><G20/><T4/><D107/><U118/><E118/><V65/><F65/><W19/><G61/><T67/><D67/><U31/><E110/><N who="0" m="42025" /><D40/><U46/><E132/><V26/><F26/><W86/><G105/><T116/><D116/><U11/><E101/><V121/><F55/><W69/><G69/><T33/><D95/><U104/><E104/><V83/><F106/><W96/><G75/><T52/><D52/><U9/><E31/><V50/><F50/><W119/><G73/><T80/><D33/><U117/><E32/><V58/><F58/><W47/><REACH who="3" step="1"/><G119/><REACH who="3" ten="289,211,250,240" step="2"/><T30/><D30/><U54/><E117/><V135/><F121/><W63/><G63/><T48/><D48/><U89/><REACH who="1" step="1"/><E87/><AGARI ba="1,1" hai="10,13,19,42,47,49,85,86,87,96,97,99,130,131" machi="87" ten="40,2600,0" yaku="1,1,52,1,53,0" doraHai="7" doraHaiUra="64" who="3" fromWho="1" sc="289,0,211,-29,250,0,240,39" /><INIT seed="1,0,0,4,2,91" ten="289,182,250,279" oya="1" hai0="45,18,3,32,128,60,19,115,126,98,61,78,8" hai1="33,113,110,121,0,112,123,43,52,109,127,95,39" hai2="89,116,119,101,87,1,133,25,5,82,28,114,67" hai3="42,49,9,29,46,77,99,2,10,68,31,65,27"/><U56/><E0/><V70/><F133/><W50/><G77/><T81/><D115/><N who="1" m="44107" /><E33/><V58/><F70/><W57/><G68/><T64/><D32/><U15/><E15/><V41/><F114/><W66/><G66/><T107/><D126/><U76/><E76/><V73/><F73/><W92/><G2/><T103/><D128/><U4/><E4/><V37/><F101/><W125/><G125/><T12/><D3/><U59/><E95/><V40/><F37/><W63/><G50/><T23/><D45/><N who="1" m="23807" /><E127/><V117/><F5/><W120/><G120/><N who="1" m="46154" /><E59/><V79/><F1/><W11/><G27/><T118/><D19/><U132/><E132/><V130/><F130/><W97/><G97/><T36/><D8/><U131/><E131/><V85/><F87/><W84/><G84/><T129/><D129/><U51/><AGARI ba="0,0" hai="51,52,56,109,110" m="46154,23807,44107" machi="51" ten="40,7800,0" yaku="34,2,54,1" doraHai="91" who="1" fromWho="1" sc="289,-26,182,78,250,-26,279,-26" /><INIT seed="1,1,0,1,0,77" ten="263,260,224,253" oya="1" hai0="118,131,88,101,26,64,102,31,0,33,115,116,68" hai1="35,109,4,12,95,18,2,106,7,90,57,76,25" hai2="130,96,27,13,52,84,124,51,21,10,89,69,119" hai3="42,70,23,49,48,43,16,74,20,5,50,39,97"/><U91/><E106/><V15/><F119/><W123/><G123/><T58/><D115/><U14/><E109/><V121/><F121/><W120/><G120/><T34/><D0/><U98/><E2/><V53/><F69/><W45/><G70/><T41/><D68/><U66/><E76/><V117/><F117/><W40/><G74/><T86/><D33/><U55/><E66/><V100/><F124/><W135/><G135/><T132/><D132/><U133/><E133/><V127/><F130/><W108/><G108/><T37/><D131/><U73/><E73/><V1/><F1/><W92/><G20/><T62/><D116/><U67/><E67/><V24/><F127/><W28/><G5/><N who="1" m="2122" /><E35/><V110/><F110/><W44/><G28/><T29/><D31/><U122/><E91/><V17/><F15/><N who="3" m="9631" /><G39/><T103/><D118/><U83/><E122/><V105/><F10/><W93/><G93/><T126/><D126/><U63/><E83/><V107/><F105/><W8/><G8/><T56/><D56/><U47/><E47/><V129/><F129/><W134/><G134/><T113/><D113/><U59/><E59/><V128/><F128/><W80/><G80/><T60/><D60/><U104/><E104/><V111/><F111/><W65/><G65/><T71/><D71/><U38/><E38/><V94/><F51/><W22/><G22/><AGARI ba="1,0" hai="12,14,18,22,25,55,57,63,90,95,98" m="2122" machi="22" ten="30,2900,0" yaku="25,1,8,1" doraHai="77" who="1" fromWho="3" sc="263,0,260,32,224,0,253,-32" /><INIT seed="1,2,0,3,0,61" ten="263,292,224,221" oya="1" hai0="19,18,99,58,5,40,4,51,69,38,102,55,92" hai1="111,68,59,63,79,0,39,113,132,30,89,35,48" hai2="134,2,124,80,67,60,23,120,83,33,65,129,73" hai3="114,81,135,26,37,8,34,116,28,12,117,76,93"/><U66/><E113/><V121/><F33/><W13/><G114/><T44/><REACH who="0" step="1"/><D69/><REACH who="0" ten="253,292,224,221" step="2"/><U15/><E68/><V50/><F120/><W56/><G135/><T106/><D106/><U27/><E132/><V112/><F121/><W103/><G37/><T6/><AGARI ba="2,1" hai="4,5,6,18,19,38,40,44,51,55,58,92,99,102" machi="6" ten="30,4000,0" yaku="21,2,0,1,53,0" doraHai="61" doraHaiUra="107" who="0" fromWho="0" sc="253,56,292,-22,224,-12,221,-12" /><INIT seed="2,0,0,3,5,111" ten="309,270,212,209" oya="2" hai0="15,83,128,99,55,19,33,25,115,41,71,102,121" hai1="32,114,112,79,110,76,108,21,49,57,17,40,46" hai2="37,24,59,53,100,60,131,92,29,58,35,88,85" hai3="95,107,126,31,129,56,132,38,86,90,16,42,61"/><V133/><F131/><W93/><G107/><T73/><D121/><U65/><E32/><V2/><F133/><W30/><G129/><T28/><D71/><U68/><E68/><V135/><F135/><W87/><G132/><T125/><D128/><U103/><E103/><V78/><F2/><W82/><G126/><T74/><D125/><U47/><E47/><V8/><F37/><W54/><G42/><T6/><D41/><U63/><E79/><V104/><F78/><W105/><G105/><T64/><D64/><U80/><E110/><V109/><F109/><W34/><G38/><T0/><D115/><U12/><REACH who="1" step="1"/><E108/><REACH who="1" ten="309,260,212,209" step="2"/><V134/><F134/><W120/><G120/><T123/><D123/><U130/><E130/><V18/><F100/><W119/><G34/><T27/><D102/><U101/><E101/><V89/><F104/><W113/><G113/><T51/><D33/><U23/><E23/><V66/><F89/><W81/><G119/><T5/><D73/><AGARI ba="0,1" hai="12,17,21,40,46,49,57,63,65,73,76,80,112,114" machi="73" ten="30,7700,0" yaku="1,1,7,1,52,2,53,0" doraHai="111" doraHaiUra="50" who="1" fromWho="0" sc="309,-77,260,87,212,0,209,0" /><INIT seed="3,0,0,3,3,134" ten="232,347,212,209" oya="3" hai0="76,74,106,122,1,8,71,29,56,113,129,3,9" hai1="14,87,57,72,110,114,51,0,95,42,78,31,116" hai2="135,96,59,40,5,69,38,33,6,94,86,37,48" hai3="32,101,132,126,18,117,89,7,120,52,13,47,54"/><W45/><G117/><T128/><D71/><U103/><E0/><N who="0" m="73" /><D122/><U70/><E114/><V44/><F69/><W41/><G120/><T125/><D106/><U115/><E70/><V79/><F33/><W111/><G32/><T92/><D113/><U82/><E31/><V80/><F135/><W109/><G132/><T12/><D125/><U98/><E110/><N who="3" m="41994" /><G126/><T105/><D105/><U123/><E123/><V55/><F38/><N who="3" m="21687" /><G7/><T121/><D121/><U124/><E124/><V75/><F75/><W15/><G101/><AGARI ba="0,0" hai="5,6,37,40,44,48,55,59,79,80,86,94,96,101" machi="101" ten="30,1000,0" yaku="7,1" doraHai="134" who="2" fromWho="3" sc="232,0,347,0,212,10,209,-10" owari="232,3.2,347,44.7,222,-17.8,199,-30.1" /></mjloggm>