<mjloggm ver="2.3"><GO type="225" lobby="0"/><UN n0="%E3%82%A2%E3%82%A4%E3%82%B9%E3%83%86%E3%82%A3%E3%83%BC%E3%81%82%E3%81%B9" n1="%E3%82%BC%E3%83%AB%E3%83%80%E3%81%AE%E4%BC%9D%E8%AA%AC" n2="%E3%82%B2%E3%82%B9%E8%8C%82%E5%8B%9D" n3="%73%6C%69%63%6B%33%31%39" dan="16,17,16,16" rate="2105.86,2141.04,2090.73,2134.53" sx="M,M,F,M"/><TAIKYOKU oya="0"/><INIT seed="0,0,0,1,5,72" ten="250,250,250,250" oya="0" hai0="1,99,84,68,14,3,61,120,93,112,113,109,4" hai1="13,94,66,83,19,37,82,102,80,60,81,42,74" hai2="35,57,18,12,75,40,7,86,6,23,63,79,51" hai3="98,104,85,130,110,15,127,107,41,90,43,25,67"/><T30/><D120/><U92/><E37/><V53/><F35/><W50/><G110/><T32/><D109/><U46/><E102/><V100/><F75/><W126/><G67/><T118/><D118/><U132/><E132/><V31/><F31/><W62/><G62/><T124/><D124/><N who="3" m="47657" /><G130/><T56/><D68/><U24/><E24/><V116/><F100/><N who="3" m="62487" /><G107/><T0/><D84/><U39/><N who="1" m="20480" /><DORA hai="91" /><U125/><E74/><V27/><F79/><W77/><G77/><T44/><D44/><U73/><E73/><V114/><F114/><W101/><G101/><T17/><D4/><U26/><E26/><V8/><F86/><W97/><G85/><T5/><D5/><U129/><E129/><V69/><F116/><W87/><G87/><T133/><D30/><U48/><E39/><V28/><F69/><W58/><G15/><T131/><D32/><U59/><REACH who="1" step="1"/><E125/><REACH who="1" ten="250,240,250,250" step="2"/><V65/><F28/><W52/><G25/><T108/><D133/><U9/><AGARI ba="0,1" hai="9,13,19,42,46,48,59,60,66,92,94" m="20480" machi="9" ten="40,12000,2" yaku="1,1,2,1,0,1,8,1,52,2,53,0" doraHai="72,91" doraHaiUra="117,135" who="1" fromWho="1" sc="250,-60,240,130,250,-30,250,-30" /><INIT seed="1,0,0,5,2,106" ten="190,370,220,220" oya="1" hai0="120,4,129,54,50,39,126,38,69,135,83,84,71" hai1="53,19,40,9,24,80,0,125,23,78,105,130,37" hai2="95,21,77,100,32,61,6,57,13,117,31,1,10" hai3="119,28,94,75,43,8,91,74,85,62,87,93,41"/><U3/><E125/><V76/><F117/><W128/><G119/><T2/><D2/><U29/><E105/><V18/><F100/><W134/><G28/><T20/><D4/><U73/><E130/><V33/><F95/><W98/><G128/><T107/><D107/><U123/><E123/><V133/><F133/><W17/><G134/><T55/><D135/><U70/><E70/><V11/><F11/><W14/><G62/><T30/><D129/><U81/><E53/><V42/><F42/><W103/><REACH who="3" step="1"/><G87/><REACH who="3" ten="190,370,220,210" step="2"/><T104/><D84/><U5/><E29/><V60/><F61/><W7/><G7/><T102/><D30/><U12/><E5/><V89/><F33/><W51/><G51/><T67/><D50/><U124/><E37/><V112/><F112/><W92/><G92/><T59/><D104/><U48/><E124/><V86/><F31/><W113/><G113/><T88/><D39/><U66/><E48/><V127/><F32/><W35/><G35/><T72/><D38/><U27/><E81/><V49/><F49/><W58/><G58/><T97/><D59/><U108/><E80/><N who="2" m="49351" /><F127/><W132/><G132/><T118/><D126/><U44/><E44/><V63/><F63/><W64/><G64/><T16/><D67/><U36/><E66/><V25/><F1/><W114/><G114/><T101/><D71/><U121/><E3/><V131/><F131/><W22/><G22/><T111/><D20/><U90/><E23/><V45/><F45/><W110/><G110/><T122/><D111/><U79/><E108/><V68/><F68/><W65/><G65/><AGARI ba="0,1" hai="6,10,13,18,21,25,57,60,65,76,77" m="49351" machi="65" ten="30,2000,0" yaku="6,1,8,1" doraHai="106" who="2" fromWho="3" sc="190,0,370,0,220,30,210,-20" /><INIT seed="2,0,0,3,4,43" ten="190,370,250,190" oya="2" hai0="83,72,103,26,93,61,121,107,59,2,69,120,115" hai1="13,30,16,128,112,119,87,0,50,19,105,135,44" hai2="71,100,129,38,62,1,80,114,21,10,84,74,133" hai3="7,4,116,36,73,39,48,18,102,53,86,5,47"/><V31/><F114/><W82/><G116/><T76/><D2/><U63/><E119/><V40/><F129/><W77/><G102/><T20/><D69/><U125/><E0/><V52/><F133/><W88/><REACH who="3" step="1"/><G18/><REACH who="3" ten="190,370,250,180" step="2"/><T29/><D115/><U85/><E16/><V101/><F100/><W3/><G3/><T58/><D107/><U95/><E19/><V22/><F101/><W23/><G23/><T130/><D130/><U51/><E105/><V117/><F21/><W108/><G108/><T67/><REACH who="0" step="1"/><D59/><REACH who="0" ten="180,370,250,180" step="2"/><U89/><E128/><V81/><F117/><W42/><G42/><T14/><D14/><U104/><E13/><V60/><F40/><W109/><G109/><T96/><AGARI ba="0,2" hai="20,26,29,58,61,67,72,76,83,93,96,103,120,121" machi="96" ten="30,8000,1" yaku="1,1,0,1,25,2,53,1" doraHai="43" doraHaiUra="92" who="0" fromWho="0" sc="180,100,370,-20,250,-40,180,-20" /><INIT seed="3,0,0,2,4,33" ten="280,350,210,160" oya="3" hai0="15,119,13,111,53,85,48,38,135,56,2,37,100" hai1="9,3,71,78,121,133,6,54,107,27,92,69,21" hai2="57,28,97,51,123,120,109,42,66,131,61,43,87" hai3="81,122,99,129,5,29,23,84,20,112,60,59,41"/><W18/><G122/><N who="2" m="46633" /><F109/><W130/><G112/><T0/><D119/><U12/><E107/><V134/><F134/><W72/><G72/><T93/><D111/><U77/><E77/><V16/><F28/><W108/><G108/><T63/><D135/><U128/><E69/><N who="2" m="42191" /><F97/><W132/><G132/><T82/><D38/><U65/><E92/><V40/><F87/><W14/><G41/><T26/><D37/><U49/><E54/><N who="2" m="31967" /><F16/><N who="3" m="10263" /><G29/><T88/><D26/><U46/><E12/><V86/><F86/><W83/><G5/><T75/><D15/><U124/><E21/><V70/><F70/><W35/><G35/><T64/><D13/><U106/><E9/><V7/><F131/><N who="3" m="50187" /><G99/><T89/><D100/><U90/><E6/><AGARI ba="0,0" hai="6,7,40,42,43" m="31967,42191,46633" machi="6" ten="30,1000,0" yaku="13,1" doraHai="33" who="2" fromWho="1" sc="280,0,350,-10,210,10,160,0" owari="280,8.0,340,44.0,220,-18.0,160,-34.0" /></mjloggm>