<mjloggm ver="2.3"><GO type="225" lobby="0"/><UN n0="%E3%81%8B%E3%82%8F%E3%81%A1%E3%82%83%E3%82%93%35%38" n1="%E5%8D%A0%E3%81%84%E5%B8%AB%E8%A3%8F%E3%81%AA%E3%81%84%E3%81%97" n2="%E5%A4%9C%E3%81%AE%E3%82%AC%E3%82%B9%E3%83%91%E3%83%BC%E3%83%AB" n3="%E6%98%93%E5%88%A9%E8%96%A9%E4%BC%AF" dan="17,17,17,16" rate="2193.03,2177.39,2159.12,2084.37" sx="M,M,M,F"/><TAIKYOKU oya="0"/><INIT seed="0,0,0,2,0,35" ten="250,250,250,250" oya="0" hai0="26,52,93,41,21,130,73,98,134,90,19,135,72" hai1="57,95,55,122,70,24,46,113,0,3,65,48,51" hai2="121,76,99,112,61,92,118,16,132,34,59,67,110" hai3="115,23,49,58,7,5,87,124,80,15,81,25,29"/><T27/><D41/><U102/><E122/><V2/><F121/><W14/><G115/><T107/><D107/><U20/><E113/><V106/><F112/><W6/><G124/><T33/><D130/><U125/><E125/><V86/><F34/><W28/><G28/><T1/><D1/><U123/><E123/><V40/><F106/><W83/><REACH who="3" step="1"/><G87/><REACH who="3" ten="250,250,250,240" step="2"/><T4/><D4/><U131/><E131/><V17/><F86/><W96/><G96/><T101/><D101/><U85/><E85/><V50/><F99/><W42/><G42/><T32/><D32/><U64/><E70/><V39/><F118/><W56/><G56/><T75/><D33/><U8/><E102/><V109/><F59/><W54/><AGARI ba="0,1" hai="5,6,7,14,15,23,25,29,49,54,58,80,81,83" machi="54" ten="40,5200,0" yaku="1,1,0,1,8,1,53,0" doraHai="35" doraHaiUra="71" who="3" fromWho="3" sc="250,-26,250,-13,250,-13,240,62" /><INIT seed="1,0,0,3,2,78" ten="224,237,237,302" oya="1" hai0="64,60,88,41,118,6,25,69,33,62,117,32,31" hai1="93,7,20,94,114,77,87,101,99,1,8,113,2" hai2="106,81,34,22,30,67,84,27,29,100,104,53,57" hai3="19,89,134,18,42,102,125,132,111,50,5,12,116"/><U123/><E123/><V135/><F135/><N who="3" m="51755" /><G102/><T90/><D6/><U51/><E1/><V38/><F38/><W17/><G111/><T9/><D41/><U73/><E73/><V48/><F100/><W3/><G125/><T54/><D9/><U80/><E51/><V37/><F37/><W133/><G116/><T72/><D72/><U49/><E94/><V36/><F36/><W43/><G3/><T0/><D0/><U109/><E109/><V108/><F108/><W121/><G121/><T52/><D25/><U86/><E86/><V96/><F96/><W10/><G133/><T129/><D64/><U39/><E39/><V83/><F30/><W47/><G89/><N who="0" m="34411" /><D31/><U103/><E103/><V124/><F34/><N who="0" m="13418" /><D69/><U28/><REACH who="1" step="1"/><E49/><REACH who="1" ten="224,227,237,302" step="2"/><V92/><F124/><W79/><G79/><T23/><D129/><U74/><E74/><V40/><F92/><W55/><AGARI ba="0,1" hai="5,10,12,17,18,19,42,43,47,50,55" m="51755" machi="55" ten="30,1100,0" yaku="20,1" doraHai="78" who="3" fromWho="3" sc="224,-3,227,-5,237,-3,302,21" /><INIT seed="2,0,0,2,4,100" ten="221,222,234,323" oya="2" hai0="62,76,93,123,81,16,90,6,24,60,28,67,129" hai1="121,71,130,47,5,44,106,49,37,13,99,68,132" hai2="11,117,3,38,43,42,2,110,23,58,9,12,77" hai3="105,134,51,111,112,31,91,50,92,45,14,102,35"/><V125/><F117/><W127/><G111/><T70/><D123/><U120/><E130/><V15/><F125/><W96/><G134/><T63/><D129/><U115/><E115/><V126/><F126/><W40/><G127/><T118/><D6/><U74/><E74/><V30/><F77/><W65/><G112/><T55/><D55/><U107/><E132/><V1/><F38/><W101/><G65/><T17/><D118/><U48/><E99/><V46/><F58/><W95/><G105/><N who="1" m="39946" /><E13/><N who="2" m="5195" /><F46/><N who="1" m="17449" /><E5/><N who="2" m="1199" /><F43/><W8/><G51/><N who="1" m="19530" /><E37/><V27/><F42/><W113/><G113/><T122/><D122/><AGARI ba="0,0" hai="68,71,120,121,122" m="19530,17449,39946" machi="122" ten="40,12000,2" yaku="28,2,13,1,52,3" doraHai="100" who="1" fromWho="0" sc="221,-120,222,120,234,0,323,0" /><INIT seed="3,0,0,0,1,119" ten="101,342,234,323" oya="3" hai0="57,96,92,125,46,73,7,72,39,1,131,118,6" hai1="81,30,20,44,89,114,104,75,53,8,51,101,111" hai2="4,83,134,93,97,103,100,133,13,99,70,106,120" hai3="85,74,58,69,91,48,122,32,108,56,33,12,116"/><W95/><G122/><T80/><D57/><U35/><E114/><V109/><F70/><W45/><G116/><T31/><D31/><U2/><E35/><V64/><F64/><W25/><G69/><T41/><D7/><U14/><E111/><V17/><F4/><W77/><G108/><T59/><D59/><N who="3" m="22569" /><G33/><T126/><D6/><U71/><E71/><V87/><F109/><W115/><G74/><T62/><D46/><U60/><E75/><V65/><F65/><W128/><G32/><T26/><D26/><N who="1" m="16711" /><E2/><V0/><F0/><W61/><G128/><T121/><D41/><U55/><E104/><V129/><F129/><W43/><G115/><T49/><D49/><U94/><E101/><V88/><F17/><W5/><G77/><T68/><D62/><U117/><E117/><V102/><F13/><W42/><G25/><T37/><D80/><U82/><E53/><V28/><F28/><W54/><G61/><T23/><D23/><U34/><E34/><V27/><F27/><W113/><G113/><T10/><D10/><U36/><E36/><N who="0" m="13897" /><D118/><U19/><E60/><V18/><F18/><W24/><G24/><T67/><D131/><U105/><E105/><V90/><REACH who="2" step="1"/><F120/><REACH who="2" ten="101,342,224,323" step="2"/><W132/><G132/><AGARI ba="0,1" hai="83,87,88,90,93,97,99,100,102,103,106,132,133,134" machi="132" ten="40,12000,2" yaku="1,1,2,1,20,1,34,3,54,1,53,0" doraHai="119" doraHaiUra="16" who="2" fromWho="3" sc="101,0,342,0,224,130,323,-120" owari="101,-39.9,342,14.2,354,45.4,203,-19.7" /></mjloggm>