<mjloggm ver="2.3"><GO type="225" lobby="0"/><UN n0="%E3%82%A2%E3%83%A1%E3%82%A2%E3%83%A9%E3%83%AC" n1="%E6%81%A5%E6%99%92%E3%81%97" n2="%E3%81%A4%E3%81%A3%E3%81%B1%E3%82%8A%E3%83%9D%E3%83%BC%E3%83%AB" n3="%4B%2E%32%2E%4B%2E" dan="16,16,17,16" rate="2161.93,2107.53,2211.10,2154.34" sx="M,M,M,M"/><TAIKYOKU oya="0"/><INIT seed="0,0,0,0,4,38" ten="250,250,250,250" oya="0" hai0="97,28,60,123,132,1,76,59,133,50,65,26,107" hai1="105,0,71,47,74,98,122,115,21,113,112,103,111" hai2="39,84,25,92,17,79,85,90,23,6,135,119,40" hai3="95,49,125,70,106,2,78,75,8,130,109,69,18"/><T101/><D123/><U83/><E0/><V20/><F135/><N who="0" m="51786" /><D1/><U81/><E122/><V73/><F119/><W24/><G95/><T10/><D10/><U67/><E111/><V45/><F6/><W35/><G8/><T126/><D126/><U16/><E74/><V102/><F102/><W12/><G69/><T110/><D110/><U43/><E67/><V87/><REACH who="2" step="1"/><F23/><REACH who="2" ten="250,250,240,250" step="2"/><W34/><G109/><T9/><D9/><U116/><E116/><V96/><F96/><W129/><G2/><T128/><D128/><U82/><E71/><V37/><F37/><W42/><G129/><T62/><D97/><U99/><E98/><V80/><AGARI ba="0,1" hai="17,20,25,39,40,45,73,79,80,84,85,87,90,92" machi="80" ten="30,4000,0" yaku="1,1,0,1,52,1,53,0" doraHai="38" doraHaiUra="61" who="2" fromWho="2" sc="250,-20,250,-10,240,50,250,-10" /><INIT seed="1,0,0,3,0,13" ten="230,240,290,240" oya="1" hai0="85,36,66,9,62,43,106,74,131,103,16,37,128" hai1="76,42,48,127,23,100,89,124,56,22,113,35,0" hai2="32,109,2,61,83,65,134,52,45,92,97,14,129" hai3="10,110,71,33,101,121,11,95,107,34,26,91,90"/><U1/><E113/><V27/><F2/><N who="1" m="1129" /><E76/><V44/><F134/><W31/><G121/><T46/><D74/><U47/><E35/><V114/><F129/><N who="0" m="49738" /><D85/><U21/><E100/><V126/><F114/><W49/><G34/><T69/><D36/><U118/><E118/><V41/><F14/><W64/><G49/><T53/><D53/><U20/><E89/><V108/><F83/><W133/><G133/><T5/><D103/><U130/><E56/><N who="2" m="34951" /><F65/><W15/><G101/><T82/><D82/><U4/><E4/><V93/><F45/><W68/><G90/><T54/><D54/><U116/><E116/><V29/><F97/><W102/><G71/><T98/><D98/><U94/><E130/><V135/><F135/><W12/><G102/><T119/><D119/><U39/><E94/><V73/><F73/><W105/><G105/><T123/><D106/><U63/><E39/><N who="2" m="21567" /><F126/><N who="1" m="48169" /><E23/><V117/><F117/><W30/><G107/><T79/><D79/><U70/><E70/><V60/><F60/><AGARI ba="0,0" hai="20,21,22,42,47,48,60,63" m="48169,1129" machi="60" ten="40,2000,0" yaku="18,1" doraHai="13" who="1" fromWho="2" sc="230,0,240,20,290,-20,240,0" /><INIT seed="1,1,0,2,3,83" ten="230,260,270,240" oya="1" hai0="94,90,82,130,128,6,10,122,21,3,4,8,35" hai1="15,41,70,55,112,50,69,1,101,71,111,74,120" hai2="64,103,34,47,89,12,7,129,124,88,51,20,132" hai3="96,78,110,63,99,118,44,31,53,114,11,86,60"/><U84/><E74/><V126/><F34/><W109/><G114/><T73/><D35/><U59/><E112/><V46/><F132/><W49/><G118/><T81/><D21/><U91/><E120/><V107/><F129/><N who="0" m="49770" /><D73/><U29/><E1/><V28/><F64/><W68/><G31/><T25/><D25/><U125/><E125/><N who="2" m="48235" /><F103/><W102/><G11/><T39/><D39/><U123/><E123/><V80/><F107/><W105/><G96/><N who="0" m="57431" /><D122/><U116/><E116/><V40/><F80/><N who="3" m="47383" /><G68/><T106/><D106/><U32/><E101/><V5/><F28/><W13/><G13/><AGARI ba="1,0" hai="3,4,6,8,10,13,81,82" m="57431,49770" machi="13" ten="30,1000,0" yaku="19,1" doraHai="83" who="0" fromWho="3" sc="230,13,260,0,270,0,240,-13" /><INIT seed="2,0,0,1,1,66" ten="243,260,270,227" oya="2" hai0="20,89,119,130,28,97,113,116,118,34,36,3,62" hai1="125,49,88,63,90,123,100,72,112,127,129,13,56" hai2="50,78,5,99,74,51,7,96,33,38,84,115,43" hai3="87,132,55,111,21,52,32,47,6,103,131,108,10"/><V40/><F33/><W57/><G32/><T86/><D113/><U1/><E112/><V82/><F115/><W64/><G131/><T67/><D130/><U75/><E1/><V106/><F74/><N who="1" m="28201" /><E129/><V70/><F70/><W73/><G132/><T54/><D3/><U35/><E35/><V48/><F106/><W134/><G73/><T76/><D36/><U65/><E123/><V93/><F38/><W114/><G114/><T92/><D34/><U22/><E100/><V91/><REACH who="2" step="1"/><F99/><REACH who="2" ten="243,260,260,227" step="2"/><W128/><G128/><T101/><D97/><U29/><E125/><V135/><F135/><W12/><G134/><T19/><D118/><U42/><E127/><V120/><F120/><W24/><G111/><T124/><D124/><U31/><E29/><V14/><F14/><W81/><G108/><T117/><D28/><U121/><E31/><V58/><F58/><W83/><G12/><T95/><D117/><U4/><E56/><V53/><F53/><W61/><G55/><T18/><D54/><U8/><E121/><V98/><F98/><W109/><G109/><T80/><D116/><U9/><E13/><V126/><F126/><W94/><G52/><T107/><D107/><U37/><E37/><V71/><F71/><W69/><G69/><T26/><D119/><U46/><E42/><AGARI ba="0,1" hai="5,7,40,42,43,48,50,51,78,82,84,91,93,96" machi="42" ten="40,3900,0" yaku="1,1,8,1,53,0" doraHai="66" doraHaiUra="41" who="2" fromWho="1" sc="243,0,260,-39,260,49,227,0" /><INIT seed="2,1,0,4,4,30" ten="243,221,309,227" oya="2" hai0="124,77,35,10,46,84,115,80,7,22,114,64,12" hai1="111,81,56,86,134,11,85,40,42,9,52,67,88" hai2="102,18,25,121,33,89,130,49,59,70,29,34,63" hai3="38,71,43,135,60,8,122,28,108,0,36,72,26"/><V6/><F121/><W24/><G122/><T13/><D124/><U74/><E111/><V103/><F130/><W20/><G108/><T57/><D35/><U78/><E134/><V41/><F34/><W27/><G135/><T109/><D109/><U65/><E74/><V92/><F6/><N who="3" m="1095" /><G20/><T129/><D129/><U4/><E65/><V104/><F104/><W76/><G43/><N who="1" m="16426" /><E67/><V61/><F18/><W116/><G24/><T1/><D46/><U5/><E11/><V2/><F2/><W97/><G26/><T44/><D44/><U131/><E9/><V105/><F105/><W66/><G97/><T17/><D1/><U94/><E131/><V128/><F128/><W113/><G116/><T16/><REACH who="0" step="1"/><D7/><REACH who="0" ten="233,221,309,227" step="2"/><U37/><E37/><V96/><F33/><N who="3" m="20639" /><G113/><T133/><D133/><U126/><E126/><V82/><F41/><W21/><G21/><T112/><D112/><U58/><E58/><V48/><F59/><W51/><G51/><AGARI ba="1,1" hai="4,5,51,52,56,78,81,85,86,88,94" m="16426" machi="51" ten="30,3900,0" yaku="8,1,54,2" doraHai="30" who="1" fromWho="3" sc="233,0,221,52,309,0,227,-42" /><INIT seed="3,0,0,3,3,45" ten="233,273,309,185" oya="3" hai0="31,125,103,110,119,114,64,84,109,49,76,116,115" hai1="120,113,4,58,2,51,60,95,50,57,91,34,38" hai2="6,14,78,47,126,35,20,85,133,128,56,96,134" hai3="32,80,86,90,123,122,67,72,100,1,42,17,33"/><W99/><G1/><T124/><D31/><U97/><E120/><V36/><F35/><W66/><G72/><T55/><D103/><U82/><E113/><N who="0" m="43017" /><D64/><N who="1" m="38927" /><E34/><V15/><F128/><W23/><G42/><T104/><D84/><N who="1" m="50583" /><E38/><V129/><F129/><W93/><G33/><T130/><D76/><U75/><E75/><V69/><F69/><W22/><G32/><T25/><D25/><U53/><E2/><V87/><F126/><N who="0" m="48746" /><D104/><U59/><E4/><V77/><F6/><W39/><G39/><T16/><D16/><U30/><E30/><V54/><F36/><W89/><G122/><T68/><D68/><U112/><E112/><V44/><F77/><W79/><G123/><T65/><D65/><N who="3" m="24585" /><G23/><T3/><D3/><U8/><E8/><V0/><F20/><W102/><G102/><T43/><D43/><U111/><E59/><V46/><F0/><W107/><G107/><T74/><D74/><U94/><E94/><V70/><F70/><W101/><G100/><T24/><D24/><AGARI ba="0,0" hai="17,22,24,79,80,86,89,90,93,99,101" m="24585" machi="24" ten="30,1500,0" yaku="8,1" doraHai="45" who="3" fromWho="0" sc="233,-15,273,0,309,0,185,15" /><INIT seed="3,1,0,3,0,124" ten="218,273,309,200" oya="3" hai0="74,63,52,76,117,58,66,4,14,18,32,122,111" hai1="42,7,94,40,8,99,16,100,31,132,70,103,86" hai2="12,45,92,51,131,20,109,62,35,67,49,82,26" hai3="90,41,27,126,37,39,3,112,133,127,15,61,34"/><W85/><G112/><T80/><D111/><U78/><E132/><V30/><F131/><W71/><G3/><T134/><D134/><U120/><E70/><V102/><F109/><W38/><G133/><T24/><D117/><U73/><E73/><V130/><F130/><W107/><G107/><T25/><D122/><U79/><E7/><V91/><F35/><W17/><G41/><N who="1" m="15978" /><E31/><V11/><F102/><N who="1" m="38953" /><E86/><N who="2" m="50647" /><F45/><W19/><G61/><T28/><D25/><U53/><E53/><V55/><F92/><N who="3" m="54351" /><G71/><T60/><D4/><U110/><E120/><V48/><F67/><W65/><G65/><T87/><D66/><U81/><E81/><V23/><F62/><W68/><G15/><T1/><D1/><U116/><E116/><V125/><F125/><N who="3" m="47627" /><G68/><T44/><D63/><U21/><E110/><V50/><F55/><W29/><AGARI ba="1,0" hai="17,19,27,29,34,37,38,39" m="47627,54351" machi="29" ten="40,2100,0" yaku="18,1" doraHai="124" who="3" fromWho="3" sc="218,-8,273,-8,309,-8,200,24" /><INIT seed="3,2,0,1,1,99" ten="210,265,301,224" oya="3" hai0="62,28,57,79,25,88,48,118,12,71,2,58,18" hai1="65,116,23,15,27,21,53,84,97,126,24,13,63" hai2="49,74,106,92,103,8,55,47,135,0,5,83,76" hai3="115,31,16,46,66,22,122,117,33,44,51,32,14"/><W121/><G115/><T17/><D118/><U102/><E126/><V78/><F78/><W104/><G117/><T131/><D131/><U34/><E34/><V61/><F135/><W110/><G104/><T68/><D2/><U6/><E53/><V37/><F37/><W130/><G130/><T72/><D72/><U89/><E116/><V41/><F106/><W67/><G110/><T105/><D79/><U112/><E23/><V29/><F29/><W7/><G7/><T134/><D134/><U77/><E77/><V124/><F124/><W60/><G44/><T90/><D105/><U10/><E15/><V133/><F133/><W113/><G67/><N who="0" m="39375" /><D68/><U128/><E112/><V75/><F61/><W70/><G113/><T19/><D71/><U101/><E97/><V69/><F69/><W86/><G86/><T80/><D12/><U85/><E85/><V123/><F123/><W35/><REACH who="3" step="1"/><G31/><REACH who="3" ten="210,265,301,214" step="2"/><T50/><D80/><U96/><E84/><V9/><F75/><W3/><G3/><T39/><D39/><U73/><E73/><V94/><F5/><W81/><G81/><T4/><D4/><U129/><E128/><V114/><F0/><W93/><G93/><T127/><D127/><U95/><E129/><V11/><F114/><W1/><G1/><T45/><D58/><U107/><E107/><V132/><F94/><W42/><AGARI ba="2,1" hai="14,16,22,32,33,35,42,46,51,60,66,70,121,122" machi="42" ten="30,6000,0" yaku="1,1,0,1,54,1,53,0" doraHai="99" doraHaiUra="109" who="3" fromWho="3" sc="210,-22,265,-22,301,-22,214,76" /><INIT seed="3,3,0,2,2,123" ten="188,243,279,290" oya="3" hai0="79,68,110,21,23,57,30,10,27,121,124,18,65" hai1="88,131,120,50,32,42,86,60,85,22,77,52,93" hai2="51,105,66,107,7,17,5,115,135,2,94,103,9" hai3="129,34,122,118,37,55,26,104,58,128,101,80,78"/><W14/><G122/><T87/><D121/><U19/><E131/><N who="3" m="50250" /><G37/><T97/><D68/><U31/><E120/><V28/><F115/><W112/><G118/><T40/><D124/><U126/><E126/><V117/><F28/><N who="3" m="19735" /><G112/><T70/><D70/><U82/><E32/><V43/><F94/><W15/><G101/><T108/><D10/><U36/><E36/><V11/><F103/><W4/><G4/><T13/><D40/><U89/><E42/><V96/><F96/><W90/><G90/><T44/><D44/><N who="1" m="27719" /><E60/><V102/><F66/><W20/><G20/><T127/><D127/><U83/><E31/><V81/><F117/><W69/><G104/><T29/><D97/><N who="1" m="57511" /><E22/><V53/><F107/><W39/><G39/><T133/><D30/><U111/><E111/><N who="0" m="42537" /><D133/><U24/><E19/><V72/><F43/><W109/><G109/><T67/><D57/><U33/><E33/><V45/><F135/><W98/><G69/><T41/><D41/><U47/><E47/><V84/><F45/><W119/><G119/><T48/><D48/><U95/><E24/><V6/><F51/><N who="3" m="31103" /><G98/><T99/><D99/><U54/><E54/><V73/><F53/><W75/><AGARI ba="3,0" hai="14,15,75,78,80" m="31103,19735,50250" machi="75" ten="30,1500,0" yaku="19,1" doraHai="123" who="3" fromWho="3" sc="188,-8,243,-8,279,-8,290,24" owari="180,-32.0,235,-16.5,271,7.1,314,41.4" /></mjloggm>