<mjloggm ver="2.3"><GO type="225" lobby="0"/><UN n0="%E5%8F%AF%E5%85%90%E9%82%A3%E7%94%B1%E5%A4%9A" n1="%6D%61%74%69%67%75%73%61" n2="%E3%81%B5%E3%81%98%E3%81%8B%E3%81%A4" n3="%E6%B8%A9%E2%98%85%E6%83%85%E2%98%85%E6%8E%AA%E2%98%85%E7%BD%AE" dan="17,17,16,17" rate="2151.53,2219.63,2231.95,2224.16" sx="F,M,M,M"/><TAIKYOKU oya="0"/><INIT seed="0,0,0,4,1,133" ten="250,250,250,250" oya="0" hai0="117,15,27,93,13,64,123,60,39,107,21,87,26" hai1="59,11,71,41,50,105,10,2,31,46,88,16,85" hai2="110,124,38,3,6,8,125,18,28,108,86,80,57" hai3="118,95,58,23,35,44,43,113,78,36,83,77,109"/><T129/><D117/><U51/><E71/><V92/><F38/><W56/><G35/><T17/><D123/><U112/><E105/><V48/><F28/><W34/><G34/><T25/><D107/><U14/><E112/><V132/><F132/><W100/><G118/><T72/><D72/><U91/><E31/><V65/><F92/><W0/><G113/><T127/><D39/><U121/><E121/><V130/><F130/><W134/><G134/><T74/><D74/><U131/><E131/><V97/><F97/><W89/><G100/><T75/><D75/><U128/><E128/><V99/><F99/><W47/><G0/><T42/><D42/><U33/><E33/><V55/><F18/><W68/><G68/><T54/><D129/><U49/><E91/><N who="2" m="51655" /><F65/><W53/><G23/><T76/><D54/><N who="1" m="32223" /><E49/><V126/><AGARI ba="0,0" hai="3,6,8,48,55,57,108,110,124,125,126" m="51655" machi="126" ten="40,8000,1" yaku="18,1,52,3" doraHai="133" who="2" fromWho="2" sc="250,-40,250,-20,250,80,250,-20" /><INIT seed="1,0,0,0,1,99" ten="210,230,330,230" oya="1" hai0="1,42,7,119,58,87,35,101,0,133,126,34,115" hai1="61,38,14,70,31,128,111,74,16,79,27,78,10" hai2="107,13,53,103,97,75,112,91,82,59,130,90,67" hai3="76,22,134,106,24,45,86,57,52,23,9,73,44"/><U104/><E38/><V93/><F112/><W95/><G106/><T65/><D115/><U28/><E104/><V50/><F130/><W92/><G73/><T43/><D119/><U72/><E128/><V4/><F67/><W55/><G134/><T5/><D133/><U96/><E96/><V135/><F135/><W54/><G9/><T29/><D87/><U36/><E36/><V71/><F71/><W21/><G57/><T25/><D58/><U32/><E31/><V11/><F75/><W19/><G19/><T117/><D65/><U20/><E111/><V80/><F91/><W116/><G24/><T102/><D117/><U127/><E127/><V113/><F113/><W129/><G129/><T15/><D15/><U12/><E74/><V41/><F41/><W109/><G109/><T17/><D17/><U110/><E110/><V47/><F47/><N who="3" m="17995" /><G116/><T125/><D25/><U49/><E49/><V60/><F60/><W46/><N who="3" m="18003" /><W124/><DORA hai="37" /><G124/><T51/><D51/><U56/><E70/><V100/><F107/><W68/><G68/><T2/><D2/><U88/><E72/><V6/><F6/><W131/><G131/><T3/><D0/><U94/><E32/><V40/><F40/><W122/><G122/><T120/><D29/><U85/><E14/><V66/><F66/><AGARI ba="0,0" hai="10,12,16,20,27,28,56,61,66,78,79,85,88,94" machi="66" ten="30,11600,0" yaku="7,1,8,1,54,2" doraHai="99,37" who="1" fromWho="2" sc="210,0,230,116,330,-116,230,0" /><INIT seed="1,1,0,4,1,101" ten="210,346,214,230" oya="1" hai0="5,131,33,129,133,21,14,99,83,19,112,67,10" hai1="103,62,86,80,115,87,104,118,41,78,7,116,17" hai2="16,69,130,109,26,24,6,100,76,111,63,113,53" hai3="73,59,65,20,68,117,126,23,121,106,88,28,64"/><U98/><E7/><V3/><F113/><W66/><G121/><T11/><D67/><U31/><E31/><V74/><F100/><W45/><G73/><T70/><D70/><U82/><E62/><V94/><F130/><N who="0" m="49674" /><D83/><U96/><E41/><V1/><F94/><W13/><G68/><T119/><D99/><U37/><E37/><V71/><F76/><W93/><G106/><T90/><D90/><U57/><E57/><N who="2" m="35247" /><F74/><W0/><G117/><T122/><D112/><U15/><E98/><V124/><F124/><W91/><G126/><T18/><D119/><U50/><E50/><V36/><F36/><W25/><G91/><T46/><D46/><U108/><E115/><V102/><F102/><W132/><G132/><T81/><D81/><U72/><E72/><V22/><F26/><W48/><G0/><N who="2" m="73" /><F6/><W135/><G135/><T49/><D133/><U2/><E2/><V97/><F97/><N who="3" m="57511" /><G59/><T75/><D75/><U84/><E84/><V27/><F24/><W42/><G66/><T12/><D122/><U120/><E120/><V38/><F38/><W127/><G127/><T51/><D33/><U114/><E114/><V77/><F77/><W60/><G60/><T92/><D92/><U44/><E118/><V128/><F128/><W56/><G56/><T58/><D58/><U39/><E116/><V8/><F8/><W4/><G4/><T52/><D5/><U30/><E39/><V79/><F79/><W47/><G47/><N who="0" m="27711" /><D10/><N who="1" m="6391" /><E44/><V95/><F95/><W9/><G9/><T55/><D51/><U34/><E78/><V43/><F43/><W125/><G125/><RYUUKYOKU ba="1,0" sc="210,10,346,-30,214,10,230,10" hai0="11,12,14,18,19,21,55" hai2="16,22,27,69,71,109,111" hai3="13,20,23,25,28,42,45,48,64,65" /><INIT seed="2,2,0,0,4,13" ten="220,316,224,240" oya="2" hai0="79,53,57,87,19,117,90,98,46,51,113,30,11" hai1="36,80,17,114,10,38,37,78,77,64,70,92,35" hai2="95,94,31,81,50,71,119,132,89,83,130,29,32" hai3="105,131,63,25,60,82,128,112,56,22,28,96,116"/><V125/><F119/><W65/><G116/><T26/><D113/><U134/><E35/><V107/><F107/><W109/><G112/><T66/><D117/><U108/><E114/><V67/><F125/><W91/><G109/><T21/><D79/><U72/><E134/><V111/><F111/><W104/><G63/><N who="0" m="38255" /><D98/><U8/><E77/><V59/><F132/><W33/><G33/><T97/><D97/><U86/><E92/><V75/><F71/><W43/><G43/><T52/><D11/><U18/><E72/><V3/><F3/><W69/><G69/><T2/><D2/><U12/><E108/><V115/><F115/><W73/><G73/><T76/><D76/><U84/><E84/><N who="2" m="50335" /><F32/><W99/><G99/><T100/><D100/><U47/><E47/><V133/><F133/><W118/><G118/><T24/><D53/><U110/><E110/><V54/><F130/><N who="3" m="49707" /><G96/><T9/><D9/><U123/><E123/><V44/><F75/><W74/><G74/><T122/><D122/><U42/><E42/><N who="2" m="24855" /><F81/><W61/><G82/><N who="0" m="49527" /><D26/><U129/><E129/><V34/><F34/><W4/><G105/><T45/><D45/><U49/><E70/><V40/><F40/><W68/><G104/><T6/><D6/><U102/><E37/><V93/><F67/><N who="3" m="39303" /><G4/><T121/><D121/><U14/><E38/><V58/><F54/><W103/><G91/><T101/><D101/><AGARI ba="2,0" hai="22,25,28,61,65,68,101,103" m="39303,49707" machi="101" ten="30,1000,0" yaku="19,1" doraHai="13" who="3" fromWho="0" sc="220,-16,316,0,224,0,240,16" /><INIT seed="3,0,0,2,1,30" ten="204,316,224,256" oya="3" hai0="34,4,70,65,42,104,122,126,73,11,120,116,3" hai1="89,74,33,60,115,119,108,99,78,124,46,16,103" hai2="24,102,15,134,18,83,100,90,48,96,66,61,19" hai3="128,56,107,25,127,20,26,69,135,2,55,110,47"/><W31/><G69/><T38/><RYUUKYOKU type="yao9" ba="0,0" sc="204,0,316,0,224,0,256,0" hai0="3,4,11,34,38,42,65,70,73,104,116,120,122,126" /><INIT seed="3,1,0,1,1,42" ten="204,316,224,256" oya="3" hai0="19,53,16,46,45,92,108,1,133,6,8,110,67" hai1="29,94,28,91,135,126,122,85,80,54,78,117,65" hai2="14,131,18,21,37,130,86,125,22,116,15,7,121" hai3="96,97,44,62,55,5,57,26,23,105,107,35,56"/><W70/><G70/><T118/><D118/><U9/><E122/><V120/><F37/><W34/><G5/><T71/><D133/><U51/><E126/><V76/><F116/><W83/><G35/><T20/><D67/><U99/><E117/><V49/><F125/><W102/><G34/><T79/><D71/><U13/><E65/><V10/><F49/><W33/><G33/><T27/><D79/><U93/><E93/><V38/><F38/><W36/><G83/><T69/><D69/><U75/><E75/><V11/><F86/><W74/><G74/><T2/><D2/><U0/><E0/><V43/><F43/><W89/><G57/><T124/><D124/><U66/><E66/><V119/><F76/><W112/><G112/><T104/><D104/><U106/><E106/><V17/><F119/><W77/><G77/><T132/><D132/><U90/><E135/><V98/><F98/><W87/><G102/><T47/><D92/><U81/><E81/><V61/><F61/><W73/><G73/><T134/><D134/><U64/><E64/><V123/><F7/><W103/><G103/><T48/><REACH who="0" step="1"/><D19/><REACH who="0" ten="194,316,224,256" step="2"/><N who="1" m="8623" /><E78/><V41/><F41/><W59/><G107/><T113/><D113/><U100/><E100/><V101/><F101/><W111/><G105/><T30/><D30/><U88/><E91/><V115/><F115/><W68/><G68/><T129/><D129/><AGARI ba="1,1" hai="10,11,14,15,17,18,21,22,120,121,123,129,130,131" machi="129" ten="50,12000,2" yaku="9,1,13,1,19,1,34,3" doraHai="42" who="2" fromWho="0" sc="194,-123,316,0,224,133,256,0" owari="71,-42.9,316,11.6,357,45.7,256,-14.4" /></mjloggm>