<mjloggm ver="2.3"><GO type="225" lobby="0"/><UN n0="%72%61%6B%33" n1="%E9%80%9F%E6%B0%B4%E5%87%9B%E9%A6%99" n2="%62%6F%6E%6F%73%2E%2E" n3="%6B%73%77%72%74" dan="16,16,17,17" rate="2185.73,2151.95,2211.50,2195.39" sx="M,F,M,M"/><TAIKYOKU oya="0"/><INIT seed="0,0,0,2,1,88" ten="250,250,250,250" oya="0" hai0="119,17,110,107,9,4,77,126,131,34,113,120,23" hai1="21,22,12,122,121,82,61,98,66,111,64,78,3" hai2="83,74,29,123,35,80,54,81,84,75,25,94,114" hai3="40,5,13,55,73,76,72,135,133,104,50,93,42"/><T0/><RYUUKYOKU type="yao9" ba="0,0" sc="250,0,250,0,250,0,250,0" hai0="0,4,9,17,23,34,77,107,110,113,119,120,126,131" /><INIT seed="0,1,0,4,2,105" ten="250,250,250,250" oya="0" hai0="7,29,120,96,114,28,66,101,27,103,31,115,76" hai1="39,64,94,106,89,63,41,0,35,118,109,19,122" hai2="100,119,95,70,6,17,45,121,116,72,57,32,79" hai3="81,67,58,84,107,133,127,30,8,74,12,93,61"/><T68/><D120/><U47/><E0/><V83/><F70/><W62/><G107/><T97/><D7/><U77/><E122/><V110/><F121/><W20/><G133/><T117/><D117/><N who="2" m="45130" /><F32/><W82/><G127/><T37/><D37/><U73/><E118/><V36/><F110/><W71/><G74/><T86/><D27/><U111/><E35/><V2/><F2/><W10/><G93/><T99/><D68/><U102/><E102/><V135/><F6/><W33/><G33/><T125/><D66/><U87/><E106/><V22/><F135/><W46/><G46/><T38/><D38/><U124/><E124/><V123/><F123/><W134/><G81/><T50/><D125/><U14/><E77/><V80/><F80/><W21/><G30/><T98/><D50/><U112/><E112/><V69/><F69/><W130/><G10/><T3/><D3/><U54/><E54/><V11/><F11/><W90/><G130/><T129/><D129/><U55/><E55/><V15/><F57/><W60/><G134/><T65/><D65/><U59/><REACH who="1" step="1"/><E73/><REACH who="1" ten="250,240,250,250" step="2"/><V128/><F128/><W26/><G71/><T18/><D103/><U49/><E49/><V34/><F34/><W13/><G67/><T52/><D52/><U53/><E53/><V24/><F36/><W16/><G58/><T4/><D101/><U40/><E40/><V1/><F1/><W42/><G42/><T131/><D131/><U108/><E108/><V48/><F48/><W56/><G56/><T88/><D115/><U44/><E44/><V91/><F45/><W51/><G51/><RYUUKYOKU ba="1,1" sc="250,-10,240,30,250,-10,250,-10" hai1="14,19,39,41,47,59,63,64,87,89,94,109,111" /><INIT seed="1,2,1,4,1,47" ten="240,270,240,240" oya="1" hai0="100,108,74,57,56,21,33,76,22,114,16,2,121" hai1="130,11,134,41,72,13,35,101,29,19,0,3,44" hai2="37,131,58,132,48,123,27,65,124,80,104,12,97" hai3="45,55,125,31,38,95,99,10,88,42,71,90,78"/><U67/><E72/><V107/><F123/><W127/><G71/><T109/><D114/><U128/><E67/><V70/><F37/><W46/><G78/><T103/><D33/><U77/><E77/><V105/><F124/><W73/><G73/><T51/><BYE who="3" /><D2/><U69/><E101/><V83/><F131/><N who="1" m="50217" /><E69/><V82/><F132/><W110/><G110/><N who="0" m="42603" /><D121/><U87/><E87/><V61/><F12/><UN n3="%6B%73%77%72%74" /><W49/><G31/><T98/><D22/><U9/><E134/><V28/><F97/><W116/><G116/><T84/><D74/><U126/><E126/><N who="3" m="48138" /><G10/><T50/><D56/><U75/><E75/><V68/><REACH who="2" step="1"/><F48/><REACH who="2" ten="240,270,230,240" step="2"/><N who="0" m="18474" /><D98/><U39/><E9/><V59/><F59/><W24/><G24/><AGARI ba="2,2" hai="0,3,11,13,19,24,29,35,39,41,44" m="50217" machi="24" ten="30,1500,0" yaku="19,1" doraHai="47" who="1" fromWho="3" sc="240,0,270,41,230,0,240,-21" /><INIT seed="1,3,0,2,4,101" ten="240,311,230,219" oya="1" hai0="32,104,92,64,129,24,41,5,85,88,47,124,51" hai1="109,38,93,17,123,63,30,77,1,134,105,28,55" hai2="27,67,21,94,26,56,23,69,127,43,50,82,96" hai3="76,15,66,113,19,118,65,90,10,99,2,60,128"/><U81/><E38/><V108/><F108/><W132/><G113/><T33/><D124/><U52/><E1/><V68/><F127/><W95/><G128/><T106/><D129/><U4/><E123/><V22/><F82/><W119/><G132/><T61/><D5/><U70/><E4/><V0/><F0/><W130/><G130/><T75/><D75/><U31/><E105/><V45/><F68/><W122/><G122/><T120/><D120/><U117/><E117/><N who="3" m="44554" /><G2/><T14/><D14/><U59/><E70/><V6/><F6/><W126/><G126/><T114/><D114/><U9/><E134/><V78/><F78/><W73/><G60/><T44/><D44/><U53/><E109/><V86/><F86/><W18/><G19/><T80/><D80/><AGARI ba="3,0" hai="10,15,18,65,66,73,76,80,90,95,99" m="44554" machi="80" ten="30,1000,0" yaku="12,1" doraHai="101" who="3" fromWho="0" sc="240,-19,311,0,230,0,219,19" /><INIT seed="2,0,0,3,0,43" ten="221,311,230,238" oya="2" hai0="23,86,88,30,83,68,111,89,58,14,17,52,87" hai1="122,65,51,108,72,105,49,109,62,123,107,61,96" hai2="40,25,15,9,69,90,97,119,2,134,44,45,39" hai3="80,131,85,53,104,26,36,42,101,48,55,79,24"/><V21/><F119/><W6/><G131/><T133/><D111/><N who="1" m="42571" /><E72/><V132/><F69/><W84/><G36/><T63/><D133/><N who="2" m="51306" /><F2/><W121/><G121/><N who="1" m="46090" /><E96/><V50/><F90/><W112/><G112/><T22/><D68/><N who="1" m="42031" /><E62/><V99/><F21/><W77/><G101/><T110/><D110/><U129/><E129/><V34/><F25/><W16/><G26/><T10/><REACH who="0" step="1"/><D30/><REACH who="0" ten="211,311,230,238" step="2"/><U67/><E67/><V66/><F66/><W28/><G28/><T91/><D91/><U130/><E130/><V95/><F34/><W118/><G118/><T38/><D38/><U1/><E1/><V27/><F27/><W128/><G24/><T56/><D56/><U114/><E114/><V29/><F29/><W18/><G128/><T12/><D12/><U124/><E124/><V32/><F32/><W3/><G3/><T19/><D19/><U81/><E81/><AGARI ba="0,1" hai="10,14,17,22,23,52,58,63,81,83,86,87,88,89" machi="81" ten="30,12000,2" yaku="1,1,7,1,9,1,8,1,54,2,53,0" doraHai="43" doraHaiUra="64" who="0" fromWho="1" sc="211,130,311,-120,230,0,238,0" /><INIT seed="3,0,0,2,2,6" ten="341,191,230,238" oya="3" hai0="17,79,38,84,41,27,23,133,28,16,51,5,116" hai1="33,8,50,107,62,98,74,44,7,37,93,18,68" hai2="121,73,70,110,119,3,108,113,24,19,90,125,1" hai3="34,48,87,117,127,75,115,2,126,22,96,40,78"/><W4/><G117/><T104/><D116/><U35/><E107/><V12/><F119/><W10/><G115/><T131/><D104/><U124/><E74/><V57/><F70/><W60/><G34/><T29/><D38/><U46/><E37/><V120/><F113/><W109/><G75/><T118/><D118/><U94/><E124/><V71/><F71/><W11/><G109/><N who="2" m="42089" /><F125/><N who="3" m="47627" /><G96/><T128/><D133/><U88/><E46/><V91/><F24/><W123/><G123/><N who="2" m="47177" /><F73/><W111/><G111/><T53/><D41/><U52/><E18/><V92/><F57/><W101/><G101/><T14/><D5/><U0/><REACH who="1" step="1"/><E93/><REACH who="1" ten="341,181,230,238" step="2"/><V20/><F91/><W72/><G72/><T100/><D17/><U95/><E95/><V36/><F36/><W114/><G114/><T134/><D16/><U86/><E86/><AGARI ba="0,1" hai="1,3,12,19,20,86,90,92" m="47177,42089" machi="86" ten="30,2000,0" yaku="14,1,13,1" doraHai="6" who="2" fromWho="1" sc="341,0,181,-20,230,30,238,0" owari="341,44.1,161,-33.9,260,6.0,238,-16.2" /></mjloggm>