<mjloggm ver="2.3"><GO type="225" lobby="0"/><UN n0="%48%61%61%61%6C%61%6E%64" n1="%E7%89%B9%E6%9D%B1%E3%81%AF%E4%B8%96%E7%95%8C%E3%82%92%E6%95%91%E3%81%86" n2="%6D%75%75%6D%75%72%61" n3="%E3%81%AF%E3%82%88%E3%81%8A%E3%81%98%E3%81%95%E3%82%93" dan="17,16,17,16" rate="2158.85,2129.13,2177.62,2142.20" sx="M,M,F,M"/><TAIKYOKU oya="0"/><INIT seed="0,0,0,0,4,100" ten="250,250,250,250" oya="0" hai0="12,1,81,128,27,106,16,133,112,52,113,28,99" hai1="101,96,114,79,59,94,66,60,75,15,84,119,67" hai2="111,8,70,49,50,121,132,31,18,88,2,78,95" hai3="21,108,134,25,104,37,125,127,51,115,126,63,47"/><T35/><D1/><U58/><E119/><V53/><F121/><W86/><G115/><T85/><D128/><U80/><E114/><V23/><F111/><W82/><G108/><T131/><D131/><U107/><E15/><V83/><F132/><W41/><G134/><T55/><D133/><U46/><E46/><V10/><F70/><W24/><G104/><T32/><D32/><U77/><E77/><V43/><F31/><W0/><G0/><T33/><D33/><U120/><E120/><V72/><F43/><W117/><G117/><T123/><D123/><U109/><E109/><V29/><F29/><W14/><G63/><T129/><D129/><U20/><E20/><V71/><F71/><W130/><G130/><T92/><D106/><U97/><E97/><V102/><F102/><W9/><G21/><T62/><D112/><U54/><E59/><V87/><F2/><W90/><REACH who="3" step="1"/><G37/><REACH who="3" ten="250,250,250,240" step="2"/><T34/><D34/><U36/><REACH who="1" step="1"/><E36/><REACH who="1" ten="250,240,250,240" step="2"/><V26/><REACH who="2" step="1"/><F50/><REACH who="2" ten="250,240,240,240" step="2"/><W68/><G68/><T13/><D113/><U110/><E110/><V19/><F19/><AGARI ba="0,3" hai="9,14,19,24,25,41,47,51,82,86,90,125,126,127" machi="19" ten="40,5200,0" yaku="1,1,18,1,53,1" doraHai="100" doraHaiUra="76" who="3" fromWho="2" sc="250,0,240,0,240,-52,240,82" /><INIT seed="1,0,0,2,1,127" ten="250,240,188,322" oya="1" hai0="124,82,60,33,18,50,66,125,49,118,96,27,10" hai1="76,95,56,5,45,128,44,29,104,69,55,63,15" hai2="85,35,90,8,65,99,113,84,31,26,59,133,135" hai3="130,100,101,68,43,126,131,107,61,98,67,129,47"/><U92/><E104/><V37/><F113/><W51/><REACH who="3" step="1"/><G101/><REACH who="3" ten="250,240,188,312" step="2"/><T34/><D124/><AGARI ba="0,1" hai="43,47,51,61,67,68,98,100,107,124,126,129,130,131" machi="124" ten="50,12000,2" yaku="21,2,2,1,19,1,52,3,53,0" doraHai="127" doraHaiUra="54" who="3" fromWho="0" sc="250,-120,240,0,188,0,312,130" /><INIT seed="2,0,0,2,5,127" ten="130,240,188,442" oya="2" hai0="90,85,67,117,6,93,103,118,114,14,83,37,129" hai1="133,76,123,89,61,22,0,130,7,134,106,71,107" hai2="62,113,125,9,126,51,119,112,36,32,20,59,38" hai3="69,57,23,27,102,135,60,21,17,31,108,100,52"/><V104/><F32/><W40/><G108/><T8/><D37/><N who="2" m="14442" /><F104/><W46/><G135/><N who="1" m="51722" /><E130/><V82/><F20/><W86/><G69/><T73/><D114/><N who="2" m="44138" /><F82/><W87/><G46/><T2/><D67/><N who="1" m="41455" /><E123/><V132/><F9/><W15/><G40/><T41/><D41/><U47/><E76/><V44/><F132/><W45/><G45/><T98/><D129/><U34/><E34/><V55/><F119/><W128/><G128/><T29/><D29/><U19/><E89/><V131/><F131/><W88/><G87/><T97/><D97/><U26/><E47/><V58/><F58/><W116/><G116/><N who="0" m="44651" /><D73/><U35/><E35/><V68/><F68/><W39/><G39/><T110/><D110/><U30/><E30/><V64/><AGARI ba="0,0" hai="44,51,55,59,62,64,125,126" m="44138,14442" machi="64" ten="40,3900,0" yaku="34,2" doraHai="127" who="2" fromWho="2" sc="130,-13,240,-13,188,39,442,-13" /><INIT seed="2,1,0,1,3,87" ten="117,227,227,429" oya="2" hai0="22,106,46,89,39,122,83,81,17,74,104,82,79" hai1="34,108,38,105,78,12,26,86,52,130,92,134,127" hai2="94,124,30,27,121,13,2,107,77,51,71,118,19" hai3="61,64,43,15,55,84,25,96,131,1,47,95,91"/><V37/><F118/><W119/><G1/><T21/><D122/><U100/><E38/><V75/><F121/><W85/><G119/><T120/><D120/><U20/><E105/><V117/><F37/><W14/><G131/><T135/><D135/><U5/><E34/><V62/><F107/><W123/><G123/><T24/><D82/><U41/><E41/><V3/><F117/><W8/><G25/><T110/><D110/><U49/><E127/><V59/><F124/><W33/><G33/><T54/><D22/><U32/><E32/><V63/><F75/><W28/><G28/><T114/><D114/><U129/><E108/><V101/><F77/><W102/><G55/><T66/><D66/><U6/><E100/><V99/><F71/><W9/><G14/><T90/><D104/><U116/><E12/><V113/><F51/><N who="3" m="27135" /><G84/><T40/><D106/><U103/><E116/><V42/><F42/><W98/><G8/><T73/><REACH who="0" step="1"/><D54/><REACH who="0" ten="107,227,227,429" step="2"/><U16/><E52/><V80/><F113/><W4/><G102/><T125/><D125/><U60/><E103/><V45/><F101/><W50/><G50/><T44/><D44/><U70/><E49/><V93/><F45/><W31/><G31/><T48/><D48/><U115/><E129/><V126/><F126/><W88/><G91/><T29/><D29/><U0/><E130/><V65/><F30/><W7/><G64/><T53/><D53/><U109/><E115/><V68/><F65/><W132/><G132/><T58/><D58/><U56/><E134/><V18/><F59/><W57/><G57/><T10/><D10/><RYUUKYOKU ba="1,1" sc="107,30,227,-10,227,-10,429,-10" hai0="17,21,24,39,40,46,73,74,79,81,83,89,90" /><INIT seed="3,2,1,5,5,108" ten="137,217,217,419" oya="3" hai0="17,33,90,53,100,22,48,28,10,44,129,103,84" hai1="98,51,7,1,41,64,15,134,72,27,135,123,119" hai2="56,54,47,122,83,93,77,118,5,81,130,101,109" hai3="121,95,8,111,69,42,96,120,4,133,23,24,76"/><W99/><G69/><T107/><D129/><U26/><E123/><V36/><F118/><W78/><G42/><T82/><D107/><U21/><E72/><V45/><F130/><W20/><G111/><T58/><D33/><U49/><E1/><V65/><F109/><W73/><G133/><T114/><D114/><U50/><E41/><V70/><F70/><W63/><G63/><T112/><D112/><U68/><E119/><V60/><F36/><W126/><G126/><T0/><D0/><U38/><E38/><V104/><F104/><W89/><G99/><T131/><D131/><U19/><E98/><N who="2" m="59599" /><F122/><W40/><G40/><T18/><D58/><U80/><E80/><N who="2" m="30795" /><F77/><W115/><G115/><T37/><D37/><U75/><E75/><V132/><F132/><N who="1" m="50729" /><E7/><V29/><F5/><W67/><G67/><T102/><REACH who="0" step="1"/><D10/><REACH who="0" ten="127,217,217,419" step="2"/><U13/><E68/><V25/><F65/><W46/><G8/><T110/><D110/><U85/><E64/><V30/><F56/><W87/><G120/><T113/><D113/><U92/><E15/><V12/><F12/><W128/><G121/><T91/><D91/><AGARI ba="2,2" hai="13,19,21,26,27,49,50,51,85,91,92" m="50729" machi="91" ten="30,1000,0" yaku="20,1" doraHai="108" who="1" fromWho="0" sc="127,-16,217,36,217,0,419,0" owari="111,-38.9,253,5.3,217,-18.3,419,51.9" /></mjloggm>