<mjloggm ver="2.3"><GO type="225" lobby="0"/><UN n0="%E3%81%B8%E3%82%80%E3%81%B8%E3%82%80%EF%BC%92%E5%8F%B7" n1="%28%EF%BF%A3%E2%96%BD%EF%BF%A3%29%CE%B4%E2%8C%92%E3%83%BB" n2="%E3%81%A9%E3%82%8F%E3%82%93%E3%81%94" n3="%E3%81%99%E3%81%84%E3%81%BE%E3%81%9B%E3%83%BC%E3%82%93" dan="16,16,16,17" rate="2131.83,2120.40,2072.97,2232.26" sx="M,M,M,M"/><TAIKYOKU oya="0"/><INIT seed="0,0,0,4,5,26" ten="250,250,250,250" oya="0" hai0="86,59,118,16,33,79,35,25,46,36,62,54,75" hai1="3,14,1,57,109,12,96,8,80,20,24,110,42" hai2="131,70,82,77,53,61,71,92,31,125,117,112,2" hai3="108,27,83,44,7,60,65,97,107,4,123,32,11"/><T38/><D118/><U43/><E80/><V47/><F112/><W69/><G108/><N who="1" m="41578" /><E96/><V18/><F2/><N who="1" m="521" /><E57/><V49/><F131/><W129/><G129/><T5/><D75/><U101/><E101/><V39/><F125/><W48/><G123/><T95/><D5/><N who="1" m="3087" /><E14/><V74/><F39/><W55/><G11/><T124/><D124/><U81/><E81/><V58/><F117/><W10/><G10/><T98/><D86/><U134/><E134/><V40/><F92/><W22/><G83/><T85/><D85/><U103/><E103/><V23/><F71/><W87/><G87/><T102/><D79/><U52/><E52/><V116/><F70/><W50/><G50/><T128/><D128/><U104/><E104/><V119/><F116/><W99/><G99/><T135/><D135/><U133/><E133/><V88/><F119/><W15/><G97/><T126/><D126/><U111/><N who="1" m="41586" /><U113/><DORA hai="37" /><E113/><V72/><F72/><W66/><G66/><T78/><D78/><U63/><E63/><V130/><F130/><W17/><G107/><T84/><D84/><U106/><E106/><V67/><F67/><W115/><G115/><T56/><D56/><U127/><E127/><V19/><F88/><W90/><G90/><T13/><D46/><U68/><E68/><V30/><F74/><W51/><G51/><T132/><D132/><U21/><E21/><V105/><F105/><W114/><G114/><T0/><D0/><U45/><E45/><V64/><F64/><W28/><AGARI ba="0,0" hai="4,7,15,17,22,27,28,32,44,48,55,60,65,69" machi="28" ten="30,2000,0" yaku="0,1,52,1" doraHai="26,37" who="3" fromWho="3" sc="250,-10,250,-5,250,-5,250,20" /><INIT seed="1,0,0,5,5,9" ten="240,245,245,270" oya="1" hai0="54,110,30,50,36,73,89,88,57,113,16,87,32" hai1="63,125,123,42,37,99,55,74,2,85,94,25,135" hai2="116,122,35,58,56,80,33,1,115,128,39,34,121" hai3="27,62,3,7,53,84,75,4,104,23,69,17,79"/><U29/><E74/><V129/><F39/><W70/><G75/><T124/><D113/><U40/><E2/><V59/><F115/><W108/><G104/><T43/><D73/><U14/><E123/><N who="2" m="47115" /><F1/><W6/><G3/><T109/><D124/><U101/><E125/><V20/><F80/><W60/><G108/><N who="0" m="41579" /><D32/><U47/><E135/><V90/><F90/><N who="0" m="34922" /><D30/><U24/><E85/><V119/><F20/><W97/><G97/><T98/><D98/><U0/><E0/><V117/><AGARI ba="0,0" hai="33,34,35,56,58,59,116,117,119,128,129" m="47115" machi="117" ten="50,8000,1" yaku="29,2,28,2" doraHai="9" who="2" fromWho="2" sc="240,-20,245,-40,245,80,270,-20" /><INIT seed="2,0,0,3,0,84" ten="220,205,325,250" oya="2" hai0="44,65,135,103,5,83,100,61,134,132,2,121,98" hai1="94,77,6,96,34,63,109,129,79,67,23,14,30" hai2="7,92,110,4,125,43,71,118,51,102,8,9,108" hai3="0,50,24,36,3,57,28,48,75,78,56,20,88"/><V16/><F118/><W41/><G36/><T81/><D121/><U106/><E129/><V37/><F71/><W128/><G128/><T126/><D126/><U112/><E112/><V74/><F37/><W10/><G78/><T69/><D44/><U38/><E38/><V13/><F74/><W104/><G104/><T114/><D114/><U27/><E109/><N who="2" m="42091" /><F125/><W47/><G75/><T64/><D64/><U82/><E106/><V21/><F43/><W127/><G127/><T58/><D69/><U66/><E82/><V95/><F51/><W70/><G70/><T1/><D103/><U124/><E124/><V130/><F102/><W117/><G117/><T19/><D19/><U18/><E6/><V87/><F130/><W113/><G113/><T32/><D32/><U99/><E99/><V131/><F131/><W15/><G50/><T107/><REACH who="0" step="1"/><D5/><REACH who="0" ten="210,205,325,250" step="2"/><U120/><E120/><V35/><F35/><W29/><G47/><T62/><D62/><U86/><E67/><V53/><F7/><W55/><G48/><T49/><D49/><U115/><E115/><V33/><F33/><W12/><G41/><T116/><D116/><U59/><REACH who="1" step="1"/><E86/><REACH who="1" ten="210,195,325,250" step="2"/><V11/><F4/><W52/><G0/><AGARI ba="0,2" hai="0,1,2,58,61,65,81,83,98,100,107,132,134,135" machi="0" ten="50,8000,1" yaku="1,1,20,1,53,2" doraHai="84" doraHaiUra="76" who="0" fromWho="3" sc="210,100,195,0,325,0,250,-80" /><INIT seed="3,0,0,5,1,59" ten="310,195,325,170" oya="3" hai0="14,109,53,70,111,88,106,91,29,86,51,22,62" hai1="119,17,18,13,102,112,56,47,75,7,46,65,42" hai2="124,39,4,15,99,76,82,114,123,35,61,71,12" hai3="37,3,83,6,110,32,30,84,79,16,41,103,20"/><W95/><G37/><T50/><D106/><U23/><E75/><V133/><F114/><W69/><G69/><T58/><D91/><U31/><E112/><V0/><F39/><W135/><G41/><T93/><D70/><U19/><E119/><V5/><F35/><W80/><G135/><T108/><D14/><U40/><E102/><V26/><F133/><W24/><G110/><T73/><D73/><U10/><E31/><V130/><F26/><AGARI ba="0,0" hai="22,26,29,50,51,53,58,62,86,88,93,108,109,111" machi="26" ten="40,5200,0" yaku="14,1,52,1,54,1" doraHai="59" who="0" fromWho="2" sc="310,52,195,0,325,-52,170,0" owari="362,46.2,195,-20.5,273,7.3,170,-33.0" /></mjloggm>