<mjloggm ver="2.3"><GO type="225" lobby="0"/><UN n0="%E6%B0%B7%E5%B7%9D%E9%87%8C%E5%A5%88" n1="%E3%81%86%E3%83%BC%E3%81%B1%E3%83%BC" n2="%E7%AD%89%E3%80%85%E5%8A%9B%E5%8A%87%E5%A0%B4" n3="%38%63%E3%81%AF%E3%81%A3%E3%81%97%E3%83%BC" dan="16,17,16,16" rate="2122.74,2172.78,2077.52,2122.85" sx="F,F,M,M"/><TAIKYOKU oya="0"/><INIT seed="0,0,0,4,4,5" ten="250,250,250,250" oya="0" hai0="66,114,55,90,118,69,24,17,129,0,28,22,97" hai1="43,16,77,86,61,15,117,102,10,112,29,131,107" hai2="64,70,12,6,65,100,14,2,19,108,119,67,13" hai3="33,92,83,115,130,80,31,110,91,99,60,89,73"/><T58/><D114/><U51/><E117/><V56/><F70/><W87/><G33/><T96/><D118/><U103/><E107/><V48/><F119/><W68/><G31/><T81/><D129/><U21/><E131/><V133/><F108/><W113/><G68/><T123/><D123/><U85/><E112/><V63/><F133/><W106/><G60/><T44/><D0/><U46/><E61/><V30/><F2/><W39/><G39/><T125/><D125/><U23/><E85/><V27/><F6/><W52/><G52/><T79/><D44/><U104/><E104/><V132/><F132/><W71/><G71/><T40/><D40/><U88/><E77/><V94/><F48/><W36/><G36/><T62/><D90/><U25/><E23/><N who="2" m="15743" /><F19/><W3/><G3/><T101/><D101/><U124/><E124/><V38/><F38/><W34/><G34/><T26/><D66/><U4/><E4/><V41/><F41/><W116/><G130/><T50/><D69/><U35/><E35/><V122/><F122/><W134/><G134/><T49/><D26/><U11/><E11/><V84/><F84/><W72/><G116/><T93/><D28/><U75/><E75/><N who="3" m="28746" /><G110/><T42/><D42/><U98/><E98/><AGARI ba="0,0" hai="12,13,14,56,63,64,65,67,94,98,100" m="15743" machi="98" ten="30,2000,0" yaku="25,1,8,1" doraHai="5" who="2" fromWho="1" sc="250,0,250,-20,250,20,250,0" /><INIT seed="1,0,0,1,0,79" ten="250,230,270,250" oya="1" hai0="30,21,74,15,101,73,93,88,76,57,34,120,12" hai1="33,43,50,91,68,80,72,96,53,69,84,83,67" hai2="38,94,45,86,129,4,70,14,63,106,39,110,47" hai3="90,65,58,62,26,128,16,75,42,123,2,111,131"/><U97/><E33/><V95/><F106/><W115/><G123/><T112/><D112/><U133/><E43/><V126/><F110/><W77/><G2/><T37/><D37/><U132/><E67/><V11/><F129/><W0/><G0/><T54/><D120/><U49/><E84/><V19/><F126/><W122/><G122/><T98/><D34/><U51/><E91/><V89/><F39/><W9/><G111/><T125/><D125/><U78/><E53/><V121/><F121/><W134/><G134/><N who="1" m="51818" /><E78/><V104/><F104/><W17/><G115/><T55/><D55/><U102/><E72/><V32/><F32/><W127/><G90/><T46/><D46/><U103/><E97/><V113/><F113/><W119/><G42/><T10/><D101/><N who="1" m="38411" /><E96/><V1/><F38/><W59/><G127/><T118/><D118/><U48/><N who="1" m="12288" /><DORA hai="81" /><U44/><E44/><V35/><F35/><W85/><G75/><T71/><D71/><AGARI ba="0,0" hai="68,69,71,80,83" m="12288,38411,51818" machi="71" ten="50,12000,1" yaku="28,2,20,1,52,2" doraHai="79,81" who="1" fromWho="0" sc="250,-120,230,120,270,0,250,0" /><INIT seed="1,1,0,0,4,65" ten="130,350,270,250" oya="1" hai0="52,125,110,67,92,123,4,37,135,106,48,25,21" hai1="120,79,90,0,108,68,18,30,24,77,27,88,131" hai2="14,10,122,2,15,85,43,118,63,96,33,57,61" hai3="62,1,115,126,119,89,46,114,60,78,116,76,130"/><U22/><E120/><V9/><F118/><W124/><G1/><T84/><D123/><U34/><E131/><V7/><F122/><W94/><G46/><T95/><D106/><U121/><E121/><V111/><F33/><W19/><G19/><T74/><D74/><U69/><E0/><V28/><F111/><W16/><G16/><T41/><D110/><U6/><E6/><V127/><F127/><N who="3" m="48683" /><G62/><T51/><D125/><U75/><E108/><V82/><F28/><W98/><G60/><T104/><D135/><U101/><E101/><V132/><F132/><W38/><G38/><T81/><D104/><U26/><E26/><V107/><F43/><W73/><G130/><T66/><D4/><U3/><E3/><V97/><F2/><W117/><G73/><T32/><D32/><U93/><E90/><V53/><F107/><W8/><G8/><T64/><D37/><U45/><E45/><V58/><F10/><W13/><G13/><T36/><D36/><U86/><REACH who="1" step="1"/><E75/><REACH who="1" ten="130,340,270,250" step="2"/><V11/><F7/><W99/><G99/><T83/><D25/><U29/><E29/><V128/><F128/><W49/><G49/><T87/><D67/><U100/><E100/><V103/><F103/><W31/><G31/><T39/><D39/><U91/><E91/><V59/><F97/><W113/><AGARI ba="1,1" hai="76,78,89,94,98,113,114,115,116,117,119" m="48683" machi="113" ten="50,8000,1" yaku="12,1,18,1,34,2" doraHai="65" who="3" fromWho="3" sc="130,-21,340,-41,270,-21,250,93" /><INIT seed="2,0,0,2,2,70" ten="109,299,249,343" oya="2" hai0="13,56,43,38,22,16,21,63,7,98,23,65,104" hai1="46,89,133,69,105,17,82,132,18,4,15,129,122" hai2="31,27,118,86,12,113,121,72,124,74,48,35,73" hai3="85,68,33,42,77,20,58,106,83,29,49,14,66"/><V84/><F113/><W97/><G33/><T81/><D7/><U3/><E69/><V62/><F118/><W36/><G68/><T6/><D6/><U61/><E105/><V53/><F121/><W93/><G106/><T40/><D40/><U51/><E61/><V8/><F62/><W96/><G96/><T101/><REACH who="0" step="1"/><D81/><REACH who="0" ten="99,299,249,343" step="2"/><U1/><E4/><V130/><F130/><W102/><G42/><T5/><D5/><U99/><E82/><V135/><F135/><W52/><G66/><T9/><D9/><U100/><E129/><V25/><F8/><W57/><G36/><T95/><D95/><U131/><E131/><V120/><F120/><W112/><G112/><T126/><D126/><U115/><E122/><V117/><F124/><W75/><G75/><T116/><D116/><U91/><E115/><V10/><F117/><W119/><G119/><T79/><D79/><U78/><E78/><V94/><F10/><W76/><G77/><T127/><D127/><U114/><E114/><V32/><F94/><W41/><G41/><T80/><D80/><U44/><E133/><V59/><F73/><W45/><G14/><T28/><D28/><U110/><E15/><V39/><F39/><W30/><G29/><T54/><D54/><U34/><E132/><V60/><F12/><W37/><G37/><T92/><D92/><U19/><E1/><V24/><F74/><W123/><G123/><T107/><D107/><U0/><E3/><V108/><F72/><W47/><G47/><AGARI ba="0,1" hai="13,16,21,22,23,38,43,47,56,63,65,98,101,104" machi="47" ten="40,8000,1" yaku="1,1,52,1,54,1,53,1" doraHai="70" doraHaiUra="103" who="0" fromWho="3" sc="99,90,299,0,249,0,343,-80" /><INIT seed="3,0,0,1,1,81" ten="189,299,249,263" oya="3" hai0="80,32,105,102,85,118,22,104,44,61,42,51,0" hai1="97,73,101,11,45,8,13,40,128,33,54,121,95" hai2="28,56,119,135,35,23,82,3,7,117,5,36,96" hai3="39,58,130,29,10,124,115,62,64,69,90,91,111"/><W70/><G115/><T67/><D118/><U50/><E121/><V60/><F36/><W74/><G74/><T55/><D32/><U53/><E128/><V98/><F35/><W4/><G130/><T76/><D0/><U100/><E33/><V47/><F135/><W109/><G39/><T89/><D102/><N who="1" m="60735" /><E73/><V99/><F47/><W59/><G29/><T108/><D108/><N who="3" m="41545" /><G124/><T48/><D22/><U113/><E8/><V92/><F92/><W37/><G37/><T83/><D51/><N who="1" m="27047" /><E113/><V18/><F28/><W132/><G132/><T34/><D34/><U103/><E50/><V49/><F49/><W9/><G58/><T88/><D42/><U129/><E129/><V19/><F19/><AGARI ba="0,0" hai="11,13,19,53,54,100,101,103" m="27047,60735" machi="19" ten="30,1000,0" yaku="8,1" doraHai="81" who="1" fromWho="2" sc="189,0,299,10,249,-10,263,0" owari="189,-31.1,309,40.9,239,-16.1,263,6.3" /></mjloggm>