<mjloggm ver="2.3"><GO type="225" lobby="0"/><UN n0="%E3%82%B2%E3%82%B9%E8%8C%82%E5%8B%9D" n1="%77%72%77%72%77%72%77%72" n2="%E3%83%97%E3%83%AC%E3%83%B4%E3%82%A1%E3%83%86%E3%82%A3" n3="%E9%9B%80%E6%A5%B5%E3%81%AE%E3%81%B8" dan="16,16,16,16" rate="2095.42,2233.12,2090.27,2138.63" sx="F,M,F,M"/><TAIKYOKU oya="0"/><INIT seed="0,0,0,5,3,4" ten="250,250,250,250" oya="0" hai0="81,18,2,105,73,28,67,45,80,34,118,24,72" hai1="124,116,122,115,70,128,134,48,1,22,64,133,11" hai2="108,40,90,58,60,19,31,47,88,50,113,23,13" hai3="89,7,43,33,103,99,36,109,79,29,54,93,12"/><T30/><D118/><U76/><E116/><V62/><F113/><W85/><G109/><T16/><D105/><U15/><E122/><V68/><F108/><W127/><G127/><T84/><D2/><U74/><E124/><V120/><F120/><W20/><G36/><T25/><D45/><U55/><E115/><V71/><F62/><W95/><G43/><T126/><D126/><U135/><E128/><V59/><F59/><W26/><G79/><T96/><D96/><U130/><E130/><V112/><F112/><W53/><REACH who="3" step="1"/><G33/><REACH who="3" ten="250,250,250,240" step="2"/><T38/><D38/><U35/><E35/><V75/><F75/><W92/><G92/><T5/><D34/><U119/><E74/><V94/><F31/><W8/><AGARI ba="0,1" hai="7,8,12,20,26,29,53,54,85,89,93,95,99,103" machi="8" ten="30,7900,0" yaku="1,1,0,1,8,1,52,1,53,0" doraHai="4" doraHaiUra="101" who="3" fromWho="3" sc="250,-39,250,-20,250,-20,240,89" /><INIT seed="1,0,0,1,5,56" ten="211,230,230,329" oya="1" hai0="79,38,49,24,37,19,89,46,98,125,134,87,36" hai1="78,100,8,96,16,64,29,72,57,70,18,58,26" hai2="131,5,104,119,11,82,21,105,32,128,116,114,1" hai3="85,99,59,3,115,83,25,14,84,122,63,17,45"/><U109/><E109/><V93/><F93/><W28/><G3/><T88/><D134/><U127/><E127/><V31/><F82/><W73/><G115/><T108/><D108/><U80/><E70/><V107/><F114/><W42/><G99/><T75/><D125/><U27/><E27/><V120/><F21/><W101/><G101/><T9/><D75/><U133/><E133/><V65/><F65/><W92/><G92/><T62/><D98/><U124/><E124/><V103/><F103/><W4/><G4/><T77/><D79/><U10/><E10/><V13/><F13/><W41/><G73/><T48/><D77/><U33/><E8/><V113/><F113/><W91/><G85/><T86/><D9/><U66/><E66/><V51/><F51/><W68/><G68/><T60/><D36/><U76/><E76/><V106/><N who="2" m="26624" /><DORA hai="94" /><V35/><F120/><W95/><G83/><T54/><D24/><U43/><E43/><V44/><F44/><W34/><G45/><T110/><D110/><U112/><E112/><V81/><F81/><W69/><G69/><T67/><D67/><U123/><E123/><V22/><F22/><W130/><G122/><T0/><D46/><U97/><E57/><V121/><F121/><W2/><G59/><T40/><D40/><U12/><E18/><V74/><F74/><W30/><G42/><T15/><D19/><U90/><E100/><V6/><F6/><W55/><G34/><N who="2" m="12841" /><F31/><W102/><G30/><T111/><D111/><U52/><E64/><V39/><F39/><W129/><G28/><T118/><D37/><RYUUKYOKU ba="0,0" sc="211,-10,230,-10,230,30,329,-10" hai2="1,5,11,116,119,128,131" /><INIT seed="2,1,0,2,0,84" ten="201,220,260,319" oya="2" hai0="14,128,101,6,77,118,98,113,76,45,82,25,48" hai1="68,54,46,4,32,28,129,119,42,12,62,80,86" hai2="105,70,78,59,134,19,9,10,72,133,115,51,7" hai3="75,131,21,100,41,111,88,126,117,123,27,61,67"/><V94/><F105/><W132/><G75/><T120/><D118/><U93/><E119/><V104/><F104/><W130/><G117/><T31/><D120/><U43/><E129/><V71/><F115/><W17/><G123/><T135/><D128/><U127/><E127/><V116/><F116/><W99/><G126/><T90/><D135/><N who="2" m="51722" /><F19/><W124/><G124/><T18/><D6/><U56/><E93/><V40/><F94/><W60/><G132/><T125/><D125/><U49/><E68/><N who="2" m="26155" /><F7/><W55/><G17/><T47/><D113/><U108/><E108/><V36/><F36/><W23/><G111/><T96/><D101/><U109/><E32/><V44/><F59/><W24/><G100/><T8/><D45/><U87/><E28/><V26/><F26/><W33/><G27/><T66/><D98/><U122/><E122/><V29/><F29/><W95/><G24/><T57/><D96/><U102/><E102/><V89/><F89/><W11/><G88/><T30/><D30/><U81/><E109/><V85/><F85/><W74/><G99/><T114/><D114/><U97/><E97/><V63/><F63/><W22/><G61/><N who="0" m="38191" /><D25/><U16/><E4/><V121/><F121/><W110/><G110/><T13/><D31/><U53/><E86/><V15/><F15/><W35/><G130/><T92/><D14/><U20/><E81/><AGARI ba="1,0" hai="9,10,40,44,51,72,78,81" m="26155,51722" machi="81" ten="30,1500,0" yaku="20,1" doraHai="84" who="2" fromWho="1" sc="201,0,220,-18,260,18,319,0" /><INIT seed="2,2,0,4,0,33" ten="201,202,278,319" oya="2" hai0="45,43,62,74,104,123,111,83,110,10,13,17,37" hai1="102,29,92,129,22,76,21,47,126,34,25,23,16" hai2="122,116,58,40,120,36,15,127,77,75,88,67,107" hai3="90,115,30,109,82,20,101,49,42,46,97,131,108"/><V51/><F116/><W63/><G131/><T85/><D123/><U12/><E129/><V71/><F107/><W73/><G115/><T80/><D104/><U7/><E126/><V96/><F127/><W70/><G20/><T124/><D124/><U121/><E121/><V2/><F75/><W6/><G30/><T103/><D103/><U18/><E76/><V35/><F77/><W86/><G6/><T61/><D74/><U72/><E72/><V48/><F35/><W52/><G73/><T11/><D10/><U31/><E47/><N who="2" m="23943" /><F15/><W9/><G9/><T27/><D27/><N who="1" m="18751" /><E92/><N who="2" m="56327" /><F48/><W79/><G79/><N who="0" m="46239" /><D83/><U130/><E102/><V91/><F91/><W84/><G84/><T134/><D134/><U81/><E81/><V125/><F125/><W54/><G70/><T56/><D56/><U113/><E130/><V99/><F99/><W59/><REACH who="3" step="1"/><G42/><REACH who="3" ten="201,202,278,309" step="2"/><T105/><D105/><AGARI ba="2,1" hai="46,49,52,54,59,63,82,86,90,97,101,105,108,109" machi="105" ten="40,5200,0" yaku="1,1,2,1,54,1,53,0" doraHai="33" doraHaiUra="38" who="3" fromWho="0" sc="201,-58,202,0,278,0,309,68" /><INIT seed="3,0,0,0,2,1" ten="143,202,278,377" oya="3" hai0="14,112,48,105,46,29,77,13,93,92,0,121,117" hai1="125,66,9,106,80,118,28,6,107,7,55,69,87" hai2="94,33,113,15,110,17,2,18,108,50,24,60,103" hai3="76,39,67,100,26,61,97,89,30,65,85,73,104"/><W95/><G39/><T34/><D105/><U25/><E125/><V91/><F113/><W79/><G73/><T84/><D112/><U40/><E40/><V70/><F2/><W86/><G86/><T53/><D117/><U115/><E115/><V81/><F50/><W72/><G72/><T43/><D121/><U27/><E118/><V126/><F126/><W56/><G67/><T63/><D0/><U120/><E120/><V22/><F33/><AGARI ba="0,0" hai="26,30,33,56,61,65,76,79,85,89,95,97,100,104" machi="33" ten="30,1500,0" yaku="7,1" doraHai="1" who="3" fromWho="2" sc="143,0,202,0,278,-15,377,15" owari="143,-35.7,202,-19.8,263,6.3,392,49.2" /></mjloggm>