<mjloggm ver="2.3"><GO type="225" lobby="0"/><UN n0="%E3%82%A2%E3%83%A1%E3%82%A2%E3%83%A9%E3%83%AC" n1="%E5%AD%90%E4%BE%9B%E4%BC%9A%E5%93%A1" n2="%E3%81%A0%E3%81%8A" n3="%E3%81%A4%E3%81%A3%E3%81%B1%E3%82%8A%E3%83%9D%E3%83%BC%E3%83%AB" dan="16,17,16,16" rate="2092.46,2141.45,2035.94,2069.62" sx="M,M,M,M"/><TAIKYOKU oya="0"/><INIT seed="0,0,0,5,4,39" ten="250,250,250,250" oya="0" hai0="63,20,64,111,14,24,58,113,17,59,76,84,107" hai1="11,91,70,101,127,35,68,49,46,34,134,60,2" hai2="42,19,97,28,114,77,122,73,102,50,71,126,56" hai3="10,118,6,27,0,74,72,109,32,8,13,62,30"/><T87/><D113/><U83/><E101/><V12/><F122/><W79/><G118/><T21/><D107/><U85/><E127/><V88/><F71/><W33/><G109/><T133/><D133/><U103/><E103/><V104/><F114/><W123/><G123/><T69/><D111/><U95/><E134/><V41/><F126/><W90/><G79/><T105/><D105/><U26/><E83/><V100/><F100/><W82/><G33/><T38/><D38/><U89/><E89/><V40/><F28/><W81/><G62/><T92/><D76/><U5/><E26/><V55/><F88/><W121/><G121/><T23/><D92/><U22/><E22/><V115/><F115/><W61/><G61/><T43/><D43/><U106/><E106/><V75/><REACH who="2" step="1"/><F77/><REACH who="2" ten="250,250,240,250" step="2"/><W78/><G90/><T47/><D69/><U112/><E112/><V9/><AGARI ba="0,1" hai="9,12,19,40,41,42,50,55,56,73,75,97,102,104" machi="9" ten="30,12000,2" yaku="1,1,2,1,0,1,52,3,53,0" doraHai="39" doraHaiUra="119" who="2" fromWho="2" sc="250,-60,250,-30,240,130,250,-30" /><INIT seed="1,0,0,3,5,114" ten="190,220,370,220" oya="1" hai0="84,85,1,20,107,134,60,58,19,135,87,126,2" hai1="115,108,130,127,34,42,86,129,53,10,38,118,13" hai2="54,91,72,37,15,5,124,92,109,73,29,52,125" hai3="56,9,97,25,104,48,11,88,111,62,35,120,32"/><U123/><E123/><V133/><F37/><W100/><G120/><T96/><D126/><N who="2" m="48746" /><F109/><W59/><G111/><T90/><D107/><U49/><E115/><V77/><F29/><W67/><G88/><T81/><D81/><U44/><E108/><V112/><F133/><N who="0" m="50698" /><D90/><U110/><E110/><V117/><F112/><W17/><G35/><T82/><D96/><U0/><E127/><V102/><F102/><W22/><REACH who="3" step="1"/><G32/><REACH who="3" ten="190,220,370,210" step="2"/><T94/><D82/><U45/><E34/><V66/><F91/><W121/><G121/><T101/><D101/><U71/><E130/><V69/><F77/><W47/><G47/><T61/><D94/><U75/><E45/><V24/><F92/><W8/><G8/><T106/><D106/><U76/><E10/><V4/><F73/><W131/><G131/><T98/><D98/><U128/><E75/><V14/><F72/><W18/><G18/><T83/><D83/><U3/><E129/><V132/><F132/><W46/><G46/><T63/><D58/><U30/><E128/><V116/><F4/><W68/><G68/><T55/><D19/><U33/><E71/><V57/><F69/><W21/><G21/><T7/><D20/><U12/><E33/><V89/><F89/><W41/><G41/><T51/><D7/><U31/><E42/><V50/><F5/><W79/><G79/><T39/><D39/><U36/><E36/><V80/><F80/><W119/><G119/><T78/><D78/><U16/><E118/><V74/><F117/><W93/><G93/><T95/><D95/><U105/><E105/><V113/><F116/><RYUUKYOKU ba="0,1" sc="190,15,220,-15,370,-15,210,15" hai0="1,2,51,55,60,61,63,84,85,87" hai3="9,11,17,22,25,48,56,59,62,67,97,100,104" /><INIT seed="2,1,1,2,0,127" ten="205,205,355,225" oya="2" hai0="93,43,92,86,115,60,135,94,118,0,1,23,28" hai1="53,34,45,7,122,116,77,107,70,4,55,113,25" hai2="58,20,130,117,68,66,121,37,51,95,101,2,81" hai3="33,97,61,110,14,63,39,3,56,103,83,87,47"/><V90/><F37/><W46/><G3/><T76/><D115/><U16/><E113/><V134/><F117/><W71/><G33/><T22/><D135/><U67/><E116/><V24/><F121/><W30/><G110/><T84/><D118/><U89/><E107/><V49/><F2/><N who="0" m="1130" /><D60/><U104/><E104/><V44/><F68/><W88/><G39/><T120/><D28/><U17/><E122/><V123/><F134/><W65/><G30/><T80/><D120/><U11/><E77/><V29/><F29/><W119/><G14/><T124/><D76/><U112/><E112/><V128/><F123/><W8/><G8/><T78/><D78/><U131/><E131/><N who="2" m="50219" /><F101/><W111/><G111/><T38/><D38/><U133/><E133/><V6/><F6/><W100/><G100/><T108/><D108/><U114/><E114/><V91/><F81/><W126/><G126/><T102/><D102/><U12/><E89/><N who="2" m="33803" /><F95/><W72/><G119/><T109/><D80/><U40/><E34/><V64/><F58/><W13/><G103/><T19/><D109/><U73/><E4/><V57/><F57/><W106/><G56/><T9/><D124/><U54/><E7/><V59/><F59/><W79/><G63/><T31/><D31/><U48/><E70/><V5/><F5/><W129/><G129/><T62/><D62/><U32/><E32/><V98/><F66/><W26/><G106/><T35/><D35/><U75/><REACH who="1" step="1"/><E67/><REACH who="1" ten="205,195,355,225" step="2"/><V50/><F64/><W99/><G65/><T10/><D93/><U41/><E41/><V85/><F85/><W74/><G71/><RYUUKYOKU ba="1,2" sc="205,-10,195,30,355,-10,225,-10" hai1="11,12,16,17,25,40,45,48,53,54,55,73,75" /><INIT seed="3,2,2,3,4,75" ten="195,225,345,215" oya="3" hai0="97,17,2,122,111,56,10,52,120,110,99,103,124" hai1="114,3,115,64,6,118,62,65,95,67,132,113,48" hai2="89,9,20,7,12,31,83,0,69,47,37,88,76" hai3="130,25,117,51,112,16,71,123,100,45,92,121,54"/><W13/><G112/><T55/><D124/><U68/><E132/><V1/><F69/><W21/><G117/><T131/><D131/><U49/><E118/><V80/><F0/><W96/><G130/><T39/><D39/><U11/><REACH who="1" step="1"/><E95/><REACH who="1" ten="195,215,345,215" step="2"/><V29/><F83/><W128/><G128/><T46/><D120/><U81/><E81/><V94/><F80/><W109/><G109/><N who="0" m="41483" /><D122/><U86/><E86/><V129/><F94/><W5/><G71/><T24/><D99/><U28/><E28/><V58/><F29/><W116/><G116/><T91/><D97/><U93/><E93/><V102/><F31/><W105/><G105/><T133/><D133/><U87/><E87/><V33/><F129/><W107/><G107/><T98/><D98/><U108/><E108/><V38/><F102/><W101/><G101/><T60/><D103/><U78/><E78/><V22/><F76/><W72/><G72/><T23/><D91/><U43/><E43/><V32/><F89/><W59/><G123/><T42/><D42/><U8/><E8/><V26/><F9/><N who="3" m="4271" /><G121/><T44/><D55/><U82/><E82/><V14/><F88/><W77/><G77/><T30/><D30/><U119/><E119/><V90/><F90/><W61/><G100/><T127/><D127/><U34/><E34/><V84/><F33/><W35/><G35/><T57/><D57/><U27/><E27/><V106/><F32/><W53/><G96/><T104/><D104/><U74/><E74/><V73/><F73/><W126/><G126/><T135/><D135/><U79/><E79/><V85/><F26/><RYUUKYOKU ba="2,3" sc="195,10,215,10,345,-30,215,10" hai0="2,10,17,23,24,44,46,52,56,60" hai1="3,6,11,48,49,62,64,65,67,68,113,114,115" hai3="16,21,25,45,51,53,54,59,61,92" /><INIT seed="3,3,3,3,0,40" ten="205,225,315,225" oya="3" hai0="37,103,22,43,10,5,24,104,18,92,100,83,54" hai1="8,87,19,114,45,30,76,35,9,63,71,47,32" hai2="13,111,48,34,122,88,124,85,3,125,70,1,21" hai3="69,78,66,33,86,50,58,74,118,106,56,46,38"/><W121/><G118/><T4/><D104/><U102/><E114/><V97/><F70/><W17/><G121/><T119/><D119/><U27/><E35/><V128/><F34/><W73/><G33/><T132/><D132/><U53/><E102/><N who="0" m="38953" /><D37/><U68/><E68/><V112/><F112/><W80/><G106/><T123/><D123/><U61/><E71/><V57/><F111/><W23/><G38/><T65/><D43/><U12/><E9/><V6/><F128/><W39/><G39/><T49/><D65/><U41/><E41/><V130/><F130/><W25/><G69/><T29/><D92/><U11/><E11/><V31/><F97/><W28/><G66/><T16/><D83/><U113/><E113/><V115/><F115/><W14/><G73/><T60/><D60/><U94/><E94/><V64/><F64/><W62/><G62/><T99/><D99/><U107/><E107/><V127/><F122/><W116/><G74/><T79/><D79/><U101/><E101/><V110/><F110/><W126/><G116/><T98/><D98/><U109/><E109/><V52/><F1/><W135/><G135/><T36/><D36/><U82/><REACH who="1" step="1"/><E63/><REACH who="1" ten="205,215,315,225" step="2"/><V0/><F127/><W105/><G126/><T59/><D10/><U75/><E75/><V117/><F125/><W67/><G105/><T129/><D129/><U26/><E26/><V108/><F124/><W95/><G95/><T134/><D134/><U44/><E44/><V120/><F108/><W81/><G81/><T90/><D90/><U93/><E93/><V84/><F117/><W42/><G67/><RYUUKYOKU ba="3,4" sc="205,10,215,10,315,-30,225,10" hai0="4,5,16,18,22,24,29,49,54,59" hai1="8,12,19,27,30,32,45,47,53,61,76,82,87" hai3="14,17,23,25,28,42,46,50,56,58,78,80,86" /><INIT seed="3,4,4,1,2,117" ten="215,225,285,235" oya="3" hai0="9,125,112,101,124,97,41,107,127,70,18,64,103" hai1="99,57,106,40,11,26,98,58,110,84,120,126,68" hai2="104,5,62,111,63,52,27,81,76,115,123,108,83" hai3="122,51,80,46,119,36,90,92,12,21,88,78,85"/><W87/><G119/><T116/><D116/><U44/><E120/><V130/><F115/><W30/><G122/><T43/><D112/><U22/><E68/><V48/><F123/><W4/><G36/><T29/><D29/><N who="1" m="17623" /><E106/><V66/><F130/><W24/><G4/><T89/><D103/><U2/><E2/><V132/><F104/><W16/><G78/><T1/><D89/><U39/><E39/><V105/><F105/><W94/><G80/><N who="2" m="30793" /><F76/><W74/><G74/><T131/><D131/><U59/><E126/><V86/><F86/><W93/><G93/><T109/><D109/><N who="2" m="42058" /><F132/><W13/><G30/><T133/><D133/><U19/><E84/><V69/><F63/><W37/><G37/><T95/><D107/><U10/><E110/><V38/><F38/><W54/><AGARI ba="4,4" hai="12,13,16,21,24,46,51,54,85,87,88,90,92,94" machi="54" ten="20,18000,2" yaku="0,1,7,1,9,1,8,1,54,2" doraHai="117" who="3" fromWho="3" sc="215,-64,225,-64,285,-64,235,232" owari="151,-34.9,161,-23.9,221,2.1,467,56.7" /></mjloggm>