<mjloggm ver="2.3"><GO type="225" lobby="0"/><UN n0="%73%61%6E%64%69%72%69%73" n1="%E6%A1%9C%E8%8A%B1%E9%96%83%E3%80%85" n2="%E5%8F%AF%E5%85%90%E9%82%A3%E7%94%B1%E5%A4%9A" n3="%E6%B8%A9%E2%98%85%E6%83%85%E2%98%85%E6%8E%AA%E2%98%85%E7%BD%AE" dan="16,16,16,16" rate="2138.60,2072.68,2206.50,2154.32" sx="M,M,F,M"/><TAIKYOKU oya="0"/><INIT seed="0,0,0,1,0,21" ten="250,250,250,250" oya="0" hai0="115,6,75,41,3,79,65,30,125,36,100,40,124" hai1="7,108,24,134,12,56,16,135,54,89,10,71,59" hai2="129,15,70,126,133,85,116,90,118,105,97,47,113" hai3="52,37,111,27,99,69,81,94,120,131,58,57,60"/><T91/><D115/><U132/><E108/><V84/><F70/><W11/><G37/><T92/><D100/><U2/><E71/><V17/><F113/><W29/><G111/><T49/><D65/><U53/><E89/><V119/><F133/><W107/><G69/><T114/><D114/><U74/><E74/><V14/><F129/><W98/><G131/><T48/><D30/><U45/><E45/><V55/><F126/><N who="0" m="48746" /><D6/><U4/><E24/><V46/><F55/><N who="1" m="21001" /><E7/><V64/><F64/><W102/><G120/><T63/><D63/><U13/><E2/><V88/><F97/><W130/><G130/><T77/><D3/><U106/><E106/><V20/><F105/><W18/><G58/><T95/><D95/><U76/><E76/><N who="0" m="29257" /><D75/><U42/><E42/><N who="0" m="16489" /><D36/><U117/><E117/><V35/><F35/><W23/><G107/><T109/><D109/><U127/><E127/><V28/><F28/><W82/><G99/><AGARI ba="0,0" hai="48,49,91,92,99" m="16489,29257,48746" machi="99" ten="30,1500,0" yaku="18,1" doraHai="21" who="0" fromWho="3" sc="250,15,250,0,250,0,250,-15" /><INIT seed="0,1,0,3,3,87" ten="265,250,250,235" oya="0" hai0="58,23,94,2,91,135,133,115,28,37,29,98,33" hai1="100,45,25,122,52,56,59,69,18,79,34,132,119" hai2="54,120,15,89,65,80,96,111,48,76,74,16,14" hai3="126,71,17,57,66,93,26,75,110,4,40,124,31"/><T73/><D115/><U85/><E119/><V11/><F120/><W129/><G110/><T6/><D73/><U13/><E69/><V102/><F111/><W127/><G75/><T77/><D37/><U114/><E122/><V128/><F128/><W51/><G129/><T103/><D77/><U109/><E109/><V72/><F65/><W21/><G4/><T50/><D33/><U101/><E132/><N who="0" m="50761" /><D23/><U130/><E130/><V44/><F74/><W97/><G71/><T46/><D58/><N who="1" m="22059" /><E25/><V67/><F67/><W60/><G17/><T35/><D35/><U38/><E38/><V83/><F14/><W99/><REACH who="3" step="1"/><G93/><REACH who="3" ten="265,250,250,225" step="2"/><N who="0" m="58831" /><D6/><U95/><E114/><V32/><F32/><W116/><G116/><T113/><D113/><U19/><E34/><V117/><F117/><W61/><G61/><T1/><D29/><U53/><E19/><V5/><F5/><W10/><G10/><T64/><D28/><U90/><E18/><V70/><F70/><W92/><G92/><T24/><D94/><U12/><E100/><V105/><REACH who="2" step="1"/><F80/><REACH who="2" ten="265,250,240,225" step="2"/><W82/><G82/><T134/><D134/><U112/><E112/><V125/><F125/><W43/><G43/><T49/><D1/><U0/><E0/><V41/><F41/><W108/><G108/><T118/><D2/><U68/><E68/><V9/><F9/><W107/><G107/><T36/><D118/><U88/><E101/><V47/><F47/><AGARI ba="1,2" hai="21,26,31,40,47,51,57,60,66,97,99,124,126,127" machi="47" ten="40,5200,0" yaku="1,1,18,1,53,1" doraHai="87" doraHaiUra="27" who="3" fromWho="2" sc="265,0,250,0,240,-55,225,75" /><INIT seed="1,0,0,2,0,101" ten="265,250,185,300" oya="1" hai0="52,96,4,116,9,121,103,129,36,24,43,19,39" hai1="32,22,33,114,53,112,84,57,10,64,47,11,102" hai2="3,120,92,83,113,74,55,130,29,25,16,0,2" hai3="105,68,13,135,8,76,106,63,86,17,88,23,34"/><U133/><E64/><V93/><F120/><W20/><G34/><N who="1" m="13418" /><E47/><V79/><F130/><W75/><G135/><T42/><D129/><U73/><E102/><V89/><F113/><W26/><G75/><T54/><D116/><U80/><E84/><V104/><F29/><W28/><G76/><T44/><D121/><U108/><E53/><V38/><F38/><W59/><G68/><T31/><D19/><U90/><E57/><V118/><F118/><W7/><G59/><T1/><D43/><U27/><E90/><V12/><F25/><W67/><G63/><T66/><D66/><U128/><E80/><V69/><F69/><W62/><G62/><T100/><D100/><U45/><E45/><V14/><F104/><W50/><G50/><T99/><D39/><U107/><E107/><V71/><F71/><W126/><G126/><T56/><D56/><U111/><E73/><V78/><F78/><W87/><G87/><T6/><D6/><U125/><E125/><V51/><F12/><W123/><G123/><T49/><D99/><U85/><E85/><V65/><F89/><W40/><G67/><T77/><D36/><U58/><E133/><V127/><F127/><W109/><G40/><T117/><D117/><U95/><E128/><V119/><F119/><W30/><G106/><N who="0" m="63847" /><D77/><U91/><E27/><V122/><F122/><W41/><G105/><T5/><D5/><U35/><E35/><V37/><F37/><W72/><G72/><T94/><D94/><N who="2" m="36458" /><F65/><W97/><G88/><T131/><D131/><U61/><E114/><V48/><F55/><W60/><G41/><RYUUKYOKU ba="0,0" sc="265,15,250,-15,185,15,300,-15" hai0="1,4,9,24,31,42,44,49,52,54" hai2="0,2,3,14,16,48,51,74,79,83" /><INIT seed="2,1,0,2,1,41" ten="280,235,200,285" oya="2" hai0="66,80,109,31,43,39,106,115,9,77,135,37,21" hai1="83,3,108,65,5,69,61,26,88,128,8,122,113" hai2="99,96,102,15,85,68,120,57,34,86,45,78,0" hai3="127,111,49,19,38,30,123,133,58,11,53,112,118"/><V23/><F120/><W121/><G118/><T129/><D115/><U1/><E113/><V18/><F68/><W60/><G38/><T76/><D106/><U116/><E116/><V44/><F0/><W104/><G112/><T97/><D66/><U32/><E108/><V25/><F34/><W13/><G104/><T50/><D109/><U33/><E128/><V132/><F132/><W55/><G111/><T82/><D97/><N who="2" m="37450" /><F102/><W7/><G133/><T24/><D129/><U14/><E122/><V4/><F57/><W63/><G127/><T95/><D95/><U73/><E73/><V6/><F86/><W27/><G7/><N who="2" m="2601" /><F15/><W46/><G63/><T20/><D135/><U22/><E3/><V35/><F35/><AGARI ba="1,0" hai="11,13,19,27,30,35,46,49,53,55,58,60,121,123" machi="35" ten="30,2000,0" yaku="7,1,52,1" doraHai="41" who="3" fromWho="2" sc="280,0,235,0,200,-23,285,23" /><INIT seed="3,0,0,0,0,24" ten="280,235,177,308" oya="3" hai0="77,121,2,114,10,22,23,54,70,21,85,83,73" hai1="79,115,93,133,39,45,134,9,117,17,66,96,25" hai2="108,16,74,61,20,53,62,107,38,109,112,57,106" hai3="12,72,41,132,37,69,43,49,75,130,65,94,122"/><W120/><G94/><T129/><D121/><U78/><E115/><V86/><F74/><W128/><G132/><N who="1" m="50794" /><E66/><V76/><F38/><W135/><G135/><T105/><D105/><U59/><E59/><V64/><F112/><W56/><G69/><T46/><D114/><U89/><E117/><V88/><F76/><W63/><G37/><T98/><D129/><N who="3" m="49769" /><G12/><T84/><D70/><U0/><E25/><N who="2" m="14471" /><F62/><W116/><G116/><T95/><D2/><U1/><E17/><V15/><F15/><W99/><G99/><T97/><D10/><U58/><E58/><V27/><F27/><W103/><G103/><T126/><D98/><U48/><E39/><V131/><F64/><W90/><G49/><T68/><D68/><U124/><E0/><V71/><F71/><W31/><G75/><T35/><D73/><U28/><E1/><V67/><F67/><W47/><G72/><T13/><D13/><U40/><E9/><V55/><F55/><W18/><G122/><T36/><D54/><U50/><E50/><V19/><F19/><W3/><G3/><T14/><D14/><U101/><E79/><V5/><F5/><W110/><G120/><T7/><D7/><U6/><E78/><V80/><F131/><W100/><G63/><T91/><D36/><U127/><E6/><V81/><F81/><W125/><G65/><T118/><D118/><U4/><E4/><V119/><F119/><W60/><G60/><T29/><D83/><U51/><E51/><V113/><F113/><W82/><G82/><T87/><D77/><U11/><E48/><V92/><F80/><RYUUKYOKU ba="0,0" sc="280,-10,235,-10,177,30,308,-10" hai2="53,57,61,86,88,92,106,107,108,109" /><INIT seed="4,1,0,2,2,57" ten="270,225,207,298" oya="0" hai0="125,82,22,121,28,89,116,86,85,38,132,11,18" hai1="87,103,61,135,72,4,109,98,1,128,60,51,17" hai2="131,101,31,70,133,63,62,119,88,41,100,92,107" hai3="8,105,96,93,76,37,52,2,95,46,108,91,118"/><T27/><D116/><U39/><E39/><V56/><F107/><W127/><G118/><T126/><D121/><U42/><E72/><V13/><F119/><W106/><G108/><T53/><D38/><U47/><E109/><V122/><F122/><W74/><G127/><T15/><D132/><U24/><E135/><V0/><F0/><W35/><G35/><T50/><D86/><U69/><E128/><V110/><F110/><W97/><G76/><T77/><D77/><U55/><E69/><V113/><F133/><W45/><G74/><T34/><D34/><U23/><E87/><N who="2" m="52255" /><F70/><W99/><G99/><T71/><D71/><U80/><E80/><V40/><F131/><W20/><G20/><T7/><D7/><U83/><E83/><V29/><F113/><W129/><G129/><T48/><D48/><U75/><E75/><V26/><F13/><W130/><G130/><T19/><D28/><N who="2" m="10826" /><F26/><W64/><G106/><T115/><D115/><U14/><E1/><V44/><F63/><N who="1" m="24137" /><E42/><N who="2" m="16491" /><F44/><AGARI ba="1,0" hai="11,15,18,19,22,27,44,50,53,82,85,89,125,126" machi="44" ten="40,3900,0" yaku="25,2" doraHai="57" who="0" fromWho="2" sc="270,42,225,0,207,-42,298,0" owari="312,41.2,225,-17.5,165,-33.5,298,9.8" /></mjloggm>