<mjloggm ver="2.3"><GO type="225" lobby="0"/><UN n0="%E3%82%BC%E3%83%AB%E3%83%80%E3%81%AE%E4%BC%9D%E8%AA%AC" n1="%6D%75%75%6D%75%72%61" n2="%E5%8F%AF%E5%85%90%E9%82%A3%E7%94%B1%E5%A4%9A" n3="%E7%B4%94%E6%BD%94%E3%83%94%E3%83%A9%E3%83%8B%E3%82%A2" dan="16,16,16,17" rate="2215.87,2139.01,2174.11,2192.49" sx="M,F,F,M"/><TAIKYOKU oya="0"/><INIT seed="0,0,0,3,0,27" ten="250,250,250,250" oya="0" hai0="24,129,91,46,43,35,104,15,0,99,60,29,51" hai1="66,87,22,40,54,65,133,38,134,85,96,50,132" hai2="118,32,70,30,8,86,102,57,69,17,127,114,93" hai3="63,23,74,47,128,64,67,116,106,52,97,78,44"/><T105/><D0/><U75/><E75/><V124/><F114/><W61/><G116/><T88/><D129/><U19/><E96/><V18/><F118/><W48/><G128/><T13/><D60/><U100/><E100/><V28/><F32/><W135/><G135/><T73/><D73/><U34/><E34/><V122/><F122/><W109/><G109/><T71/><D71/><U45/><E66/><V123/><F123/><W55/><G106/><T80/><D105/><U81/><E65/><V76/><F57/><N who="3" m="36911" /><G97/><T112/><D112/><U131/><E131/><V125/><F102/><W98/><G98/><T126/><D126/><U20/><E19/><N who="2" m="7179" /><F8/><W83/><G23/><N who="1" m="8746" /><E81/><N who="2" m="47399" /><F93/><W11/><G11/><T95/><REACH who="0" step="1"/><D104/><REACH who="0" ten="240,250,250,250" step="2"/><U113/><E113/><V79/><F79/><W58/><G78/><T53/><D53/><U6/><E6/><V26/><F26/><W59/><G74/><T72/><D72/><U5/><E5/><V36/><F36/><W4/><G4/><T82/><D82/><U130/><E130/><V14/><F14/><W120/><G83/><T94/><D94/><U103/><E103/><V21/><F21/><W68/><G120/><T89/><D89/><U10/><E10/><V7/><F7/><W107/><G107/><T1/><D1/><U56/><AGARI ba="0,1" hai="38,40,45,50,54,56,85,87,132,133,134" m="8746" machi="56" ten="40,1500,0" yaku="20,1" doraHai="27" who="1" fromWho="1" sc="240,-7,250,25,250,-4,250,-4" /><INIT seed="1,0,0,4,0,68" ten="233,275,246,246" oya="1" hai0="86,129,46,102,71,15,28,45,33,135,81,94,79" hai1="108,11,87,64,41,78,42,122,93,18,83,4,31" hai2="37,56,124,10,36,92,98,48,60,76,134,32,20" hai3="34,97,114,118,6,55,21,90,25,47,75,3,23"/><U121/><E108/><V52/><F32/><W111/><G75/><T65/><D135/><U27/><E64/><V89/><F134/><W54/><G114/><T80/><D129/><U49/><E18/><V38/><F124/><W16/><G118/><T62/><D15/><U5/><E93/><V109/><F109/><W96/><G34/><T51/><D51/><U7/><E11/><V107/><F107/><W85/><G111/><T14/><D14/><U77/><E77/><V99/><F76/><W0/><G6/><T58/><D81/><U74/><E74/><V24/><F10/><W57/><G0/><T50/><D50/><U125/><E125/><V117/><F117/><W113/><G3/><T35/><D58/><U30/><E49/><V70/><F70/><W95/><G47/><T126/><D126/><U29/><REACH who="1" step="1"/><E27/><REACH who="1" ten="233,265,246,246" step="2"/><V2/><F48/><N who="3" m="30919" /><G55/><T61/><D65/><U39/><E39/><V103/><F2/><W84/><G113/><T13/><D79/><U119/><E119/><V12/><F12/><N who="3" m="9351" /><G97/><T127/><D127/><U131/><E131/><V8/><F8/><W66/><G66/><T132/><D132/><U69/><E69/><V91/><REACH who="2" step="1"/><F99/><REACH who="2" ten="233,265,236,246" step="2"/><W115/><G115/><T130/><D71/><U104/><E104/><V1/><F1/><W105/><G105/><T9/><D130/><U67/><E67/><V116/><F116/><W123/><G96/><T59/><D9/><U128/><E128/><V120/><F120/><AGARI ba="0,2" hai="4,5,7,29,30,31,41,42,78,83,87,120,121,122" machi="120" ten="50,2400,0" yaku="1,1,53,0" doraHai="68" doraHaiUra="63" who="1" fromWho="2" sc="233,0,265,44,236,-24,246,0" /><INIT seed="1,1,0,0,2,39" ten="233,309,212,246" oya="1" hai0="110,126,72,89,73,36,53,2,52,85,114,27,44" hai1="135,130,62,6,19,112,51,79,42,46,107,41,13" hai2="70,117,61,86,60,95,33,21,115,69,68,26,82" hai3="81,128,31,10,125,92,50,100,80,103,11,15,22"/><U43/><E112/><V64/><F117/><W67/><G125/><T1/><D114/><U12/><E107/><V55/><F115/><W74/><G128/><T105/><D105/><U18/><E130/><V23/><F33/><W14/><G67/><T98/><D98/><U9/><E135/><V54/><F95/><W88/><G50/><T40/><D126/><U83/><E62/><V49/><F61/><W118/><G118/><T16/><D1/><U28/><E28/><V99/><F99/><W0/><G0/><T25/><D2/><U132/><E132/><V38/><F38/><W17/><G74/><T134/><D134/><U120/><E120/><V63/><F63/><W37/><G37/><T45/><D110/><U90/><E90/><V78/><F21/><W111/><G111/><T29/><D16/><N who="1" m="6187" /><E13/><V71/><REACH who="2" step="1"/><F49/><REACH who="2" ten="233,309,202,246" step="2"/><W59/><G22/><T56/><D36/><U104/><E104/><V24/><F24/><W113/><G113/><T102/><D25/><U4/><E4/><V108/><F108/><W58/><G17/><AGARI ba="1,1" hai="17,23,26,54,55,60,64,68,69,70,71,78,82,86" machi="17" ten="40,1300,0" yaku="1,1,53,0" doraHai="39" doraHaiUra="5" who="2" fromWho="3" sc="233,0,309,0,202,26,246,-16" /><INIT seed="2,0,0,1,2,60" ten="233,309,228,230" oya="2" hai0="6,81,62,108,54,59,134,46,57,133,5,135,40" hai1="112,43,0,70,74,19,3,63,82,86,49,125,44" hai2="104,113,28,4,123,1,129,65,41,52,20,88,9" hai3="77,106,64,22,42,71,15,33,14,10,85,53,79"/><V90/><F113/><W72/><G72/><T119/><D108/><U37/><E112/><V115/><F115/><W118/><G118/><T92/><D119/><U76/><E125/><V48/><F123/><W95/><G106/><T116/><D116/><U89/><E37/><V102/><F129/><W36/><G33/><T24/><D92/><U105/><E105/><V97/><F41/><W51/><G36/><T117/><D117/><U120/><E120/><V124/><F124/><W78/><G42/><T66/><D24/><U67/><E19/><V121/><F65/><W38/><G38/><N who="0" m="21783" /><D81/><AGARI ba="0,0" hai="0,3,43,44,49,63,67,70,74,76,81,82,86,89" machi="81" ten="30,2000,0" yaku="7,1,52,1" doraHai="60" who="1" fromWho="0" sc="233,-20,309,20,228,0,230,0" /><INIT seed="3,0,0,1,3,39" ten="213,329,228,230" oya="3" hai0="125,103,41,1,84,122,101,55,53,48,67,58,89" hai1="25,17,14,129,92,131,9,63,118,52,37,44,130" hai2="35,108,27,62,106,28,126,91,3,78,32,13,123" hai3="24,81,45,111,23,8,18,107,134,6,94,121,20"/><W50/><G107/><T64/><D122/><U21/><E118/><V95/><F3/><W77/><G121/><T110/><D110/><U74/><E74/><V54/><F106/><W132/><G111/><T40/><D125/><U46/><E37/><V16/><F108/><W47/><G94/><N who="0" m="54567" /><D1/><U72/><E72/><V33/><F78/><W65/><G65/><N who="0" m="25163" /><D53/><U30/><E92/><V31/><F126/><W116/><G23/><T22/><D22/><U83/><E83/><V56/><F123/><W117/><G117/><T80/><D80/><U119/><E119/><V82/><F82/><W71/><G71/><T104/><D104/><U2/><E2/><V11/><F31/><W49/><G116/><T75/><D75/><U68/><E68/><V15/><F15/><N who="3" m="5527" /><G49/><T76/><D76/><U112/><E112/><V10/><F10/><W127/><G127/><T4/><D4/><U120/><E120/><V0/><F0/><W109/><G109/><T102/><AGARI ba="0,0" hai="40,41,48,55,58,101,102,103" m="25163,54567" machi="102" ten="30,4000,0" yaku="8,1,52,2" doraHai="39" who="0" fromWho="0" sc="213,40,329,-10,228,-10,230,-20" owari="253,5.3,319,41.9,218,-18.2,210,-29.0" /></mjloggm>