<mjloggm ver="2.3"><GO type="225" lobby="0"/><UN n0="%E6%98%93%E5%88%A9%E8%96%A9%E4%BC%AF" n1="%E3%81%BE%E3%81%A8%E3%81%9F" n2="%E7%99%BD%E6%97%A5%E9%9B%AA%E8%8F%9C" n3="%E3%82%BC%E3%83%AB%E3%83%80%E3%81%AE%E4%BC%9D%E8%AA%AC" dan="16,16,16,17" rate="2068.46,2089.03,2153.29,2147.82" sx="F,M,M,M"/><TAIKYOKU oya="0"/><INIT seed="0,0,0,0,0,113" ten="250,250,250,250" oya="0" hai0="13,23,106,35,43,103,79,38,72,65,129,131,86" hai1="104,80,98,17,0,15,87,59,134,28,1,78,135" hai2="91,126,51,41,22,63,90,117,110,132,48,123,109" hai3="9,37,50,6,122,133,83,81,33,94,16,44,11"/><T114/><D35/><U84/><E28/><V64/><F123/><W25/><G133/><N who="1" m="50698" /><E84/><V32/><F32/><W128/><G128/><T107/><D72/><U62/><E98/><V111/><F132/><W119/><G119/><T112/><D65/><N who="1" m="39135" /><E104/><V92/><F126/><W108/><G108/><T76/><D103/><U39/><E39/><V95/><F117/><W52/><G122/><T5/><D86/><U99/><E99/><N who="2" m="57751" /><F22/><AGARI ba="0,0" hai="0,1,15,17,22,78,80,87" m="39135,50698" machi="22" ten="30,1000,0" yaku="20,1" doraHai="113" who="1" fromWho="2" sc="250,0,250,10,250,-10,250,0" /><INIT seed="1,0,0,3,1,38" ten="250,260,240,250" oya="1" hai0="64,98,45,100,120,133,125,44,62,51,80,12,110" hai1="57,18,117,88,30,96,107,114,113,9,24,6,71" hai2="39,7,85,115,61,109,124,95,66,102,105,128,90" hai3="73,59,79,46,65,15,40,16,131,21,103,94,23"/><U116/><E71/><V84/><F109/><W108/><G108/><T106/><D125/><U4/><E18/><V77/><F124/><W47/><G131/><T101/><D133/><U58/><E107/><V89/><F128/><W130/><G130/><T28/><D120/><U123/><E123/><V67/><F39/><W26/><G73/><T126/><D126/><U129/><E129/><V19/><F77/><W122/><G122/><T42/><D101/><U17/><E17/><V99/><F115/><W20/><G79/><T2/><D2/><U49/><E9/><V87/><F7/><W5/><G5/><T86/><D12/><U27/><E49/><V29/><F29/><N who="3" m="17607" /><G23/><T119/><D119/><U34/><E96/><V121/><F121/><W32/><G32/><T97/><D97/><U111/><E111/><V118/><F118/><W75/><G75/><T22/><D45/><N who="3" m="16905" /><G40/><T48/><D110/><U76/><E76/><V53/><F105/><W60/><G94/><T36/><D22/><U37/><E37/><V63/><F19/><W134/><G134/><T74/><D74/><U8/><E34/><V13/><F13/><W52/><G103/><T11/><D11/><U135/><E8/><V1/><F1/><W112/><G112/><T3/><D28/><U31/><E88/><N who="2" m="33899" /><F53/><AGARI ba="0,0" hai="15,16,21,52,53,59,60,65" m="16905,17607" machi="53" ten="30,3900,0" yaku="8,1,54,2" doraHai="38" who="3" fromWho="2" sc="250,0,260,0,240,-39,250,39" /><INIT seed="2,0,0,5,5,133" ten="250,260,201,289" oya="2" hai0="87,72,26,68,79,56,71,20,117,13,94,112,8" hai1="103,102,82,47,80,135,62,90,88,84,129,38,95" hai2="66,34,53,42,70,75,0,73,30,105,45,52,17" hai3="99,78,121,41,83,19,115,44,104,100,120,74,9"/><V23/><F0/><W122/><G115/><T67/><D112/><U15/><E135/><V76/><F105/><W37/><G19/><T3/><D3/><U89/><E38/><V48/><F34/><W106/><G9/><T86/><D72/><U108/><E108/><V130/><F30/><W58/><G58/><T1/><D1/><U18/><E129/><V46/><F130/><W131/><G106/><T123/><D123/><U24/><E24/><V125/><F125/><W36/><G36/><T85/><D79/><U69/><E47/><V11/><F11/><W96/><G96/><T64/><D94/><U35/><E35/><V107/><F107/><W128/><AGARI ba="0,0" hai="37,41,44,74,78,83,99,100,104,120,121,122,128,131" machi="128" ten="40,5200,0" yaku="0,1,23,2" doraHai="133" who="3" fromWho="3" sc="250,-13,260,-13,201,-26,289,52" /><INIT seed="3,0,0,4,1,13" ten="237,247,175,341" oya="3" hai0="64,112,84,2,104,118,0,81,105,125,116,133,113" hai1="78,89,28,86,101,110,100,99,9,129,95,128,49" hai2="42,73,96,15,106,48,46,66,34,27,108,44,92" hai3="135,11,76,33,111,29,130,25,26,68,51,63,16"/><W60/><G76/><N who="0" m="46119" /><D64/><U61/><E110/><V17/><F108/><W47/><G135/><T107/><D2/><U88/><E28/><V36/><F73/><W5/><G130/><N who="1" m="50282" /><E49/><V134/><F134/><W85/><G5/><T19/><D0/><U23/><E23/><V10/><F106/><N who="0" m="41066" /><D133/><U126/><E126/><V43/><F66/><W56/><G56/><T77/><D19/><U58/><E78/><V119/><F119/><N who="0" m="45610" /><D125/><U52/><E9/><V12/><F12/><W4/><G11/><T65/><D65/><U20/><E20/><V40/><F40/><W30/><G30/><T35/><D35/><U109/><E109/><V120/><F120/><W57/><G29/><T117/><N who="0" m="45618" /><T18/><DORA hai="83" /><D18/><U45/><E45/><V79/><F79/><W97/><G16/><T90/><D77/><U91/><E101/><V21/><F34/><W98/><G47/><T122/><D122/><U31/><E31/><V102/><REACH who="2" step="1"/><F10/><REACH who="2" ten="237,247,165,341" step="2"/><W123/><G33/><T7/><D107/><AGARI ba="0,1" hai="52,58,61,86,88,89,91,95,99,100,107" m="50282" machi="107" ten="30,7700,0" yaku="19,1,52,1,54,2" doraHai="13,83" who="1" fromWho="0" sc="237,-77,247,87,165,0,341,0" owari="160,-34.0,334,13.4,165,-23.5,341,44.1" /></mjloggm>