<mjloggm ver="2.3"><GO type="225" lobby="0"/><UN n0="%E8%81%B7%E6%A5%AD%E3%80%81%E9%A2%A8%32" n1="%72%61%6B%33" n2="%E6%A1%9C%E8%8A%B1%E9%96%83%E3%80%85" n3="%E6%B8%A9%E2%98%85%E6%83%85%E2%98%85%E6%8E%AA%E2%98%85%E7%BD%AE" dan="16,17,16,16" rate="2128.90,2172.50,2106.59,2165.98" sx="M,M,M,M"/><TAIKYOKU oya="0"/><INIT seed="0,0,0,5,5,97" ten="250,250,250,250" oya="0" hai0="22,10,132,11,65,125,63,88,110,52,25,75,43" hai1="71,62,17,114,23,36,68,126,102,38,51,56,0" hai2="5,26,113,117,20,81,67,61,107,49,3,96,19" hai3="101,15,14,90,122,69,79,127,12,116,124,48,105"/><T98/><D75/><U8/><E126/><N who="3" m="48170" /><G116/><T131/><D125/><U54/><E114/><V119/><F113/><W44/><G69/><T6/><D131/><U86/><E0/><V106/><F49/><W39/><G122/><T13/><D132/><U57/><E8/><N who="2" m="2111" /><F81/><W129/><G129/><T9/><D110/><U31/><E31/><V37/><F96/><N who="3" m="61607" /><G79/><T35/><D35/><U59/><E86/><V109/><F37/><N who="1" m="14441" /><E102/><V84/><F84/><W47/><G39/><T70/><D43/><U95/><E95/><V28/><F19/><W99/><G48/><T134/><D134/><U128/><E17/><V33/><F20/><W21/><G21/><T24/><D24/><U76/><E23/><V115/><F115/><W40/><G40/><T89/><D65/><N who="1" m="39111" /><E76/><V50/><F50/><W118/><G118/><N who="2" m="45065" /><F109/><W42/><G42/><T32/><D32/><U73/><E73/><V45/><F45/><W130/><G130/><T53/><D70/><AGARI ba="0,0" hai="26,28,33,61,67,70,106,107" m="45065,2111" machi="70" ten="30,2000,0" yaku="12,1,23,1" doraHai="97" who="2" fromWho="0" sc="250,-20,250,0,250,20,250,0" /><INIT seed="1,0,0,2,5,95" ten="230,250,270,250" oya="1" hai0="58,6,37,110,130,86,108,67,88,22,57,28,27" hai1="97,17,75,45,8,69,1,24,78,7,92,128,61" hai2="125,70,25,56,60,115,109,113,124,35,73,39,11" hai3="31,79,38,72,112,23,41,9,66,2,114,107,98"/><U131/><E45/><V21/><F73/><W133/><G66/><T63/><D37/><U34/><E78/><V4/><F70/><W99/><G133/><T105/><D105/><U96/><E75/><V13/><F39/><W117/><G117/><T19/><D130/><N who="1" m="49707" /><E92/><V18/><F109/><N who="0" m="42090" /><D6/><U122/><E122/><V74/><F74/><W118/><G118/><T126/><D126/><N who="2" m="48746" /><F35/><W3/><G3/><T15/><D58/><U134/><E134/><V119/><F119/><W76/><G107/><T84/><D88/><U111/><E111/><V89/><F89/><W123/><G123/><T65/><D67/><AGARI ba="0,0" hai="4,11,13,18,21,25,56,60,67,113,115" m="48746" machi="67" ten="30,1000,0" yaku="18,1" doraHai="95" who="2" fromWho="0" sc="230,-10,250,0,270,10,250,0" /><INIT seed="2,0,0,0,5,5" ten="220,250,280,250" oya="2" hai0="80,127,25,12,46,59,95,132,56,52,109,61,24" hai1="92,101,33,135,39,20,122,111,16,2,55,44,23" hai2="90,116,8,81,43,37,41,1,130,89,74,76,104" hai3="91,129,112,51,42,65,35,77,34,40,57,9,68"/><V17/><F116/><W70/><G77/><T31/><D109/><U115/><E33/><V96/><F130/><W83/><G112/><T6/><D132/><U49/><E115/><V110/><F110/><W124/><G129/><T97/><D127/><U60/><E111/><V54/><F54/><N who="3" m="31967" /><G35/><T105/><D105/><U32/><E32/><V48/><F48/><W134/><G34/><T36/><D36/><U28/><E2/><V121/><F121/><W69/><G91/><T58/><D80/><U117/><E117/><V62/><F62/><N who="3" m="39991" /><G83/><T120/><D120/><U66/><E39/><V15/><F1/><W22/><G22/><N who="0" m="15767" /><D25/><U4/><E135/><V72/><F72/><W126/><G9/><N who="0" m="4151" /><D46/><U73/><E73/><V87/><F74/><W38/><G134/><T106/><D106/><U45/><E28/><V119/><F119/><W30/><G30/><T113/><D113/><U108/><E108/><V82/><F82/><W19/><G19/><T79/><D79/><U75/><E4/><V133/><F133/><W7/><G7/><T18/><D18/><U88/><E75/><V125/><F104/><W26/><G26/><T11/><D11/><U85/><E122/><V14/><F17/><W47/><G42/><T78/><D78/><U103/><E20/><V29/><F43/><W107/><G107/><T86/><D86/><U100/><E23/><V123/><F41/><W118/><G118/><T63/><D63/><U71/><E16/><V27/><F87/><W98/><G98/><T94/><D97/><U3/><E3/><V131/><F96/><W10/><G10/><RYUUKYOKU ba="0,0" sc="220,10,250,10,280,-30,250,10" hai0="52,56,58,59,61,94,95" hai1="44,45,49,55,60,66,71,85,88,92,100,101,103" hai3="38,40,47,69,70,124,126" /><INIT seed="3,1,0,0,1,30" ten="230,260,250,260" oya="3" hai0="107,125,93,80,43,74,39,62,92,128,37,131,97" hai1="119,55,15,115,72,127,113,122,112,21,67,73,58" hai2="120,104,36,116,118,111,31,49,54,46,76,86,19" hai3="133,71,84,65,70,2,16,95,79,10,6,1,26"/><W60/><G133/><T96/><D125/><U82/><E122/><V8/><F104/><W24/><G2/><T108/><D107/><U41/><E127/><V48/><F36/><N who="0" m="13898" /><D43/><U85/><E41/><V101/><F101/><W63/><G79/><N who="0" m="44151" /><D62/><U7/><E67/><V18/><F120/><W135/><G135/><T22/><D22/><U106/><E106/><V57/><F18/><W103/><G16/><T110/><D92/><U77/><E119/><V0/><F19/><W38/><G38/><T14/><D14/><U5/><E21/><V132/><F49/><W114/><G114/><T126/><D126/><U81/><E15/><V33/><F48/><W12/><G12/><T45/><D45/><U102/><E102/><V130/><F46/><W56/><G71/><T91/><D97/><U51/><REACH who="1" step="1"/><E72/><REACH who="1" ten="230,250,250,260" step="2"/><V47/><F116/><W32/><G103/><T78/><D78/><AGARI ba="1,1" hai="5,7,51,55,58,73,77,78,81,82,85,112,113,115" machi="78" ten="40,2600,0" yaku="1,1,2,1,53,0" doraHai="30" doraHaiUra="68" who="1" fromWho="0" sc="230,-29,250,39,250,0,260,0" /><INIT seed="4,0,0,4,3,131" ten="201,289,250,260" oya="0" hai0="18,117,91,27,118,22,76,86,98,84,19,1,73" hai1="12,66,3,77,69,134,104,46,53,108,45,123,126" hai2="2,47,26,87,102,38,40,13,64,7,83,56,23" hai3="57,65,129,116,20,16,130,128,78,110,113,75,30"/><T51/><D1/><U44/><E134/><V112/><F112/><W14/><G110/><T62/><D73/><U111/><E3/><V132/><F2/><W35/><G116/><T9/><D118/><U120/><E104/><V63/><F102/><W36/><G36/><T28/><D117/><U107/><E107/><V15/><F7/><W59/><G113/><T114/><D114/><U17/><E77/><V41/><F41/><W109/><G109/><N who="1" m="42058" /><E12/><V11/><F11/><W121/><G121/><T8/><D62/><N who="1" m="40151" /><E17/><N who="0" m="6153" /><D51/><N who="1" m="28903" /><E126/><V124/><F124/><W32/><G65/><T82/><D98/><U52/><E52/><V67/><F67/><W92/><G92/><AGARI ba="0,0" hai="8,9,22,27,28,76,82,84,86,91,92" m="6153" machi="92" ten="30,1500,0" yaku="8,1" doraHai="131" who="0" fromWho="3" sc="201,15,289,0,250,0,260,-15" /><INIT seed="4,1,0,4,2,116" ten="216,289,250,245" oya="0" hai0="124,39,20,57,99,31,100,45,105,121,66,50,114" hai1="75,47,15,102,82,119,89,11,122,25,133,51,83" hai2="94,1,26,77,19,93,118,27,46,97,54,108,4" hai3="6,9,112,5,104,29,52,63,16,109,43,111,68"/><T81/><D121/><U87/><E122/><V134/><F108/><W98/><G29/><T33/><D114/><U80/><E133/><V107/><F107/><W36/><G112/><T55/><D124/><U61/><E119/><V37/><F118/><W130/><G43/><T67/><D33/><U91/><E75/><V90/><F77/><W92/><G36/><T79/><D39/><U22/><E61/><V18/><F4/><W131/><G104/><T34/><D34/><U7/><E102/><V41/><F1/><W132/><G132/><T71/><D71/><U113/><E91/><V126/><F54/><W59/><G68/><T10/><D10/><U78/><E89/><V106/><F106/><W120/><G120/><T95/><D105/><U30/><E113/><V103/><F126/><W56/><G56/><T8/><D8/><U21/><E21/><V0/><F0/><W23/><G111/><T123/><D123/><U48/><E48/><N who="2" m="26703" /><F134/><W65/><G65/><T135/><D135/><U3/><E3/><V28/><F28/><W74/><G74/><T110/><D110/><U128/><E128/><N who="3" m="49194" /><G9/><T127/><D127/><U76/><E76/><V88/><F90/><N who="3" m="55575" /><G109/><T24/><REACH who="0" step="1"/><D45/><REACH who="0" ten="206,289,250,245" step="2"/><U49/><E49/><V14/><F37/><W35/><G35/><T44/><D44/><U58/><E58/><V38/><F38/><W2/><G2/><T53/><D53/><AGARI ba="1,1" hai="7,11,15,22,25,30,47,51,53,78,80,82,83,87" machi="53" ten="30,2000,0" yaku="7,1,8,1" doraHai="116" who="1" fromWho="0" sc="206,-23,289,33,250,0,245,0" owari="183,-31.7,322,42.2,250,5.0,245,-15.5" /></mjloggm>