<mjloggm ver="2.3"><GO type="225" lobby="0"/><UN n0="%48%61%61%61%6C%61%6E%64" n1="%E6%A1%9C%E8%8A%B1%E9%96%83%E3%80%85" n2="%E3%82%A2%E3%83%BC%E3%83%A2%E3%83%AD%E3%83%BC%E3%83%B4%E3%82%A1" n3="%E7%AD%92%E9%9A%A0%E6%9C%88%E5%AD%90" dan="18,16,16,16" rate="2279.34,2118.44,2150.46,2065.80" sx="M,M,M,M"/><TAIKYOKU oya="0"/><INIT seed="0,0,0,4,3,96" ten="250,250,250,250" oya="0" hai0="26,100,0,74,75,134,109,53,87,47,113,40,7" hai1="56,58,48,59,118,77,131,93,11,71,111,29,24" hai2="42,55,85,64,37,44,16,54,123,3,68,129,127" hai3="128,125,27,133,57,12,63,35,79,22,122,73,34"/><T17/><D113/><U61/><E118/><V120/><F3/><W69/><G128/><T115/><D115/><U2/><E111/><V39/><F16/><W98/><G125/><T119/><D119/><U102/><E131/><V107/><F85/><W28/><G133/><T89/><D134/><U6/><E77/><V38/><F107/><W108/><G108/><T21/><D53/><N who="2" m="19978" /><F129/><W4/><G69/><T10/><D109/><U106/><E48/><N who="2" m="26647" /><F127/><W30/><G30/><T32/><D32/><U97/><E106/><V20/><F20/><W78/><G122/><T95/><REACH who="0" step="1"/><D100/><REACH who="0" ten="240,250,250,250" step="2"/><U8/><E102/><V91/><F91/><W105/><G34/><T52/><D52/><U135/><E135/><V49/><F49/><AGARI ba="0,1" hai="0,7,10,17,21,26,40,47,49,74,75,87,89,95" machi="49" ten="30,2900,0" yaku="1,1,7,1,53,0" doraHai="96" doraHaiUra="121" who="0" fromWho="2" sc="240,39,250,0,250,-29,250,0" /><INIT seed="0,1,0,4,4,84" ten="279,250,221,250" oya="0" hai0="133,49,6,55,101,30,76,108,65,19,24,74,50" hai1="15,32,107,106,64,110,9,129,34,90,116,46,39" hai2="104,127,56,37,85,119,79,59,22,95,29,91,87" hai3="126,123,100,27,102,111,89,57,98,53,63,71,70"/><T52/><D133/><U93/><E116/><V97/><F127/><W12/><G126/><T3/><D108/><U132/><E110/><V62/><F37/><W114/><G111/><T113/><D113/><U122/><E122/><V82/><F119/><W31/><G114/><T43/><D65/><U130/><E64/><V66/><F104/><N who="1" m="39977" /><E46/><V120/><F120/><W60/><G123/><T103/><D43/><U11/><E39/><V4/><F4/><W42/><G42/><T21/><D6/><N who="1" m="3511" /><E11/><V135/><F135/><W118/><G118/><T92/><D3/><U117/><E117/><V80/><F56/><W58/><G12/><T125/><D125/><U28/><E28/><V81/><REACH who="2" step="1"/><F97/><REACH who="2" ten="279,250,211,250" step="2"/><W72/><G70/><T94/><D49/><U96/><E132/><V18/><F18/><W68/><G71/><T124/><D19/><U88/><E96/><V105/><F105/><W75/><G68/><T112/><D50/><U128/><E93/><V8/><F8/><W47/><G47/><T131/><D92/><U0/><E0/><V16/><F16/><W99/><G99/><T54/><D124/><U14/><E14/><V7/><F7/><W78/><G98/><T44/><D112/><U61/><E61/><V20/><F20/><N who="3" m="15847" /><G63/><T2/><D2/><U40/><E40/><V23/><F23/><W73/><G58/><T33/><D44/><U25/><E25/><AGARI ba="1,1" hai="22,25,29,59,62,66,79,80,81,82,85,87,91,95" machi="25" ten="40,5200,0" yaku="1,1,8,1,52,1,53,0" doraHai="84" doraHaiUra="38" who="2" fromWho="1" sc="279,0,250,-55,211,65,250,0" /><INIT seed="1,0,0,5,1,116" ten="279,195,276,250" oya="1" hai0="8,130,29,53,47,80,41,48,111,20,13,93,35" hai1="90,77,18,44,67,64,33,15,84,133,120,17,24" hai2="97,78,65,128,61,0,2,95,58,126,6,40,112" hai3="26,103,31,105,117,7,100,92,113,69,96,19,52"/><U27/><E133/><V82/><F128/><W110/><G113/><T72/><D130/><U38/><E77/><V49/><F126/><W28/><G69/><T94/><D35/><U11/><E120/><V99/><F112/><W56/><G117/><T9/><D111/><U123/><E123/><V43/><F6/><W106/><G110/><T57/><D72/><U1/><E1/><V42/><F49/><W66/><G66/><N who="1" m="25130" /><E38/><V30/><F30/><W50/><G7/><T104/><D104/><U12/><E44/><V108/><F108/><W132/><G132/><T81/><D81/><N who="1" m="49423" /><E33/><V129/><F129/><W32/><G31/><T87/><D93/><U125/><E125/><V115/><F115/><W4/><G4/><T39/><D94/><U34/><E34/><V79/><F79/><W121/><G121/><T62/><D39/><U124/><E124/><V102/><REACH who="2" step="1"/><F99/><REACH who="2" ten="279,195,266,250" step="2"/><W63/><G50/><T54/><D29/><U14/><E14/><V5/><F5/><W23/><G103/><T88/><D41/><U45/><E45/><V25/><F25/><AGARI ba="0,1" hai="19,23,25,26,28,32,52,56,63,92,96,100,105,106" machi="25" ten="30,2000,0" yaku="7,1,54,1" doraHai="116" who="3" fromWho="2" sc="279,0,195,0,266,-20,250,30" /><INIT seed="2,0,0,2,3,129" ten="279,195,246,280" oya="2" hai0="106,66,124,61,123,76,56,6,58,67,20,55,11" hai1="65,99,3,97,29,27,15,54,120,28,40,110,114" hai2="93,42,5,125,77,88,33,51,45,4,118,108,86" hai3="130,32,112,7,14,39,48,80,78,23,75,34,135"/><V95/><F118/><W12/><G39/><T133/><D123/><U119/><E119/><V43/><F125/><W17/><G130/><T63/><D124/><U44/><E114/><V127/><F127/><W59/><G112/><T91/><D133/><U53/><E110/><V22/><F33/><W10/><G135/><T90/><D106/><U104/><E3/><V41/><F108/><W25/><G25/><T2/><D76/><U113/><E113/><V21/><F77/><W37/><G37/><T122/><D122/><U72/><E72/><V81/><F22/><W85/><G75/><T9/><D9/><U126/><E65/><V94/><REACH who="2" step="1"/><F21/><REACH who="2" ten="279,195,236,280" step="2"/><W83/><G32/><T0/><D20/><U26/><E126/><V132/><F132/><W98/><G34/><T92/><D2/><U109/><E109/><V102/><F102/><W36/><G78/><T107/><D0/><U38/><E120/><V62/><F62/><W31/><G31/><T16/><D61/><U105/><E29/><V79/><F79/><W24/><G23/><T71/><D63/><U117/><E28/><V46/><F46/><W30/><G30/><T64/><D71/><U100/><E117/><V87/><F87/><W121/><G121/><T115/><D115/><U57/><E27/><V134/><F134/><W18/><G85/><T8/><D58/><U73/><E26/><V101/><F101/><W69/><G59/><T84/><D56/><U68/><E68/><V49/><F49/><W116/><G48/><T47/><D47/><U19/><E57/><V89/><F89/><W13/><G69/><RYUUKYOKU ba="0,1" sc="279,-10,195,-10,236,30,280,-10" hai2="4,5,41,42,43,45,51,81,86,88,93,94,95" /><INIT seed="2,1,1,2,4,132" ten="269,185,266,270" oya="2" hai0="59,96,54,1,31,72,71,64,17,16,14,119,82" hai1="68,10,4,48,65,61,30,33,131,128,74,52,39" hai2="110,27,100,51,11,49,113,89,45,43,121,66,15" hai3="98,83,123,67,36,20,88,75,86,76,32,8,78"/><V12/><F113/><W120/><G32/><T55/><D1/><U109/><E109/><V79/><F121/><N who="3" m="46667" /><G20/><T85/><D119/><U99/><E39/><V134/><F134/><W97/><G8/><T69/><D72/><U56/><E74/><V115/><F115/><W91/><G67/><T70/><D31/><U104/><E99/><N who="3" m="37898" /><G36/><T114/><D96/><U62/><E104/><V40/><F110/><W77/><G75/><T63/><D114/><U93/><E93/><V26/><F100/><W46/><G46/><T53/><REACH who="0" step="1"/><D14/><REACH who="0" ten="259,185,266,270" step="2"/><U107/><E107/><V106/><F106/><W81/><G91/><AGARI ba="1,2" hai="16,17,53,54,55,59,63,64,69,70,71,82,85,91" machi="91" ten="50,6400,0" yaku="1,1,2,1,54,1,53,0" doraHai="132" doraHaiUra="42" who="0" fromWho="3" sc="259,87,185,0,266,0,270,-67" /><INIT seed="3,0,0,5,1,134" ten="346,185,266,203" oya="3" hai0="63,21,109,97,20,1,96,80,37,65,58,45,52" hai1="59,28,43,70,116,103,102,13,88,29,0,82,77" hai2="84,67,49,39,73,38,64,50,128,34,132,7,107" hai3="86,60,5,42,112,129,106,68,117,91,133,119,90"/><W83/><G112/><T78/><D109/><U30/><E70/><V3/><F73/><W6/><G133/><T57/><D1/><U18/><E0/><V108/><F34/><W126/><G106/><T93/><D45/><U54/><E43/><V12/><F3/><W61/><G129/><T104/><D37/><U87/><E77/><V17/><F7/><W9/><G42/><T94/><D104/><U2/><E2/><V66/><F107/><W124/><G68/><T69/><D69/><U127/><E127/><N who="3" m="48682" /><G91/><N who="0" m="55359" /><D80/><U55/><E116/><N who="3" m="44618" /><G9/><T75/><D75/><U98/><E98/><V44/><F128/><W11/><G11/><T122/><D78/><U95/><E82/><V51/><F132/><W99/><G99/><T33/><D33/><U4/><E4/><AGARI ba="0,0" hai="4,5,6,60,61,83,86,90" m="44618,48682" machi="4" ten="30,11600,0" yaku="18,1,52,3" doraHai="134" who="3" fromWho="1" sc="346,0,185,-116,266,0,203,116" /><INIT seed="3,1,0,1,5,46" ten="346,69,266,319" oya="3" hai0="132,15,53,3,105,130,124,81,48,22,54,38,107" hai1="19,89,77,80,82,23,126,115,118,72,120,93,110" hai2="45,92,9,40,13,108,134,129,31,112,0,84,41" hai3="33,49,18,37,95,127,70,74,104,100,88,122,96"/><W109/><G37/><T131/><BYE who="1" /><D38/><U128/><E128/><N who="0" m="49193" /><D3/><U79/><E79/><V5/><F129/><W17/><G122/><T86/><D132/><U135/><E135/><V83/><F134/><W55/><G70/><T94/><D94/><U121/><E121/><V52/><F108/><W2/><G2/><T44/><D54/><U59/><E59/><V14/><F112/><W116/><G116/><T68/><D68/><U125/><E125/><V57/><F31/><W61/><G33/><T78/><D124/><U106/><E106/><V76/><F92/><W16/><G127/><T75/><D75/><U119/><E119/><V7/><F7/><W28/><G74/><T98/><D98/><U25/><E25/><V50/><REACH who="2" step="1"/><F40/><REACH who="2" ten="346,69,256,319" step="2"/><W35/><G109/><T69/><D107/><U24/><E24/><V113/><F113/><W114/><G114/><T27/><D105/><U123/><E123/><V6/><F6/><W63/><G28/><T10/><D27/><U71/><E71/><V26/><F26/><W1/><G35/><T62/><D69/><U36/><E36/><AGARI ba="1,1" hai="0,5,9,13,14,36,41,45,50,52,57,76,83,84" machi="36" ten="30,7700,0" yaku="1,1,7,1,52,1,54,1,53,0" doraHai="46" doraHaiUra="58" who="2" fromWho="1" sc="346,0,69,-80,256,90,319,0" owari="346,44.6,-11,-51.1,346,14.6,319,-8.1" /></mjloggm>