<mjloggm ver="2.3"><GO type="225" lobby="0"/><UN n0="%33%74%72%65%65" n1="%65%6B%61%72%75%74%65" n2="%E4%BF%BA%E3%81%A8%E5%A6%96%E5%A4%A2" n3="%E6%A1%9C%E8%8A%B1%E9%96%83%E3%80%85" dan="16,16,17,16" rate="2141.94,2099.94,2144.84,2144.84" sx="F,M,F,M"/><TAIKYOKU oya="0"/><INIT seed="0,0,0,3,1,65" ten="250,250,250,250" oya="0" hai0="28,66,91,77,32,87,129,15,14,81,23,39,73" hai1="30,76,110,21,82,3,78,130,17,107,117,96,128" hai2="52,63,125,47,94,83,59,79,68,43,124,92,55" hai3="2,71,16,86,106,40,72,100,38,6,37,45,41"/><T12/><D129/><U53/><E117/><V34/><F34/><W22/><G72/><T46/><D32/><U8/><E110/><V18/><F55/><W1/><G86/><T99/><D99/><U111/><E111/><V31/><F31/><W19/><G71/><T9/><D66/><U102/><E53/><V42/><F18/><W103/><G106/><T29/><D9/><U20/><E30/><V13/><F13/><W36/><G6/><T80/><REACH who="0" step="1"/><D23/><REACH who="0" ten="240,250,250,250" step="2"/><U135/><E21/><V11/><F11/><W70/><G22/><T114/><D114/><U122/><E20/><V54/><F124/><W44/><G100/><T120/><D120/><U4/><E122/><V113/><F125/><W98/><G103/><T109/><D109/><U112/><E112/><V33/><F33/><W50/><G98/><T27/><D27/><U61/><E130/><V115/><F115/><W64/><G64/><T134/><D134/><U105/><E135/><V133/><F133/><W85/><G1/><T26/><D26/><U75/><E128/><V74/><F113/><W24/><G2/><T10/><D10/><U7/><E7/><V93/><REACH who="2" step="1"/><F68/><REACH who="2" ten="240,250,240,250" step="2"/><W48/><G70/><T118/><D118/><U57/><E8/><V69/><F69/><W51/><G24/><T88/><D88/><U116/><E116/><V67/><F67/><W5/><G5/><T25/><D25/><U89/><E4/><V62/><F62/><W127/><G127/><T126/><D126/><U95/><E61/><V121/><F121/><W35/><G35/><T108/><D108/><U104/><E89/><RYUUKYOKU ba="0,2" sc="240,15,250,-15,240,15,250,-15" hai0="12,14,15,28,29,39,46,73,77,80,81,87,91" hai2="42,43,47,52,54,59,63,74,79,83,92,93,94" /><INIT seed="0,1,2,3,5,87" ten="255,235,255,235" oya="0" hai0="59,117,49,52,60,37,89,50,106,63,110,25,34" hai1="7,112,20,62,77,98,4,121,122,18,61,94,55" hai2="73,35,54,30,70,47,31,27,103,8,71,131,113" hai3="19,85,43,88,107,51,32,5,10,15,105,84,97"/><T96/><D117/><U100/><E112/><V64/><F113/><W79/><G32/><T93/><D37/><U124/><E124/><V118/><F73/><W40/><G105/><T9/><D110/><U119/><E119/><V120/><F120/><W83/><G51/><T69/><D106/><U0/><E77/><V3/><F118/><W127/><G127/><T23/><D34/><U102/><E102/><V92/><F131/><W90/><G5/><T57/><D9/><U135/><E135/><V101/><F31/><W108/><G108/><T81/><D81/><U109/><E109/><V80/><F80/><N who="3" m="49191" /><G107/><T99/><D99/><U28/><E28/><V86/><F70/><W53/><G53/><N who="0" m="33839" /><D69/><U66/><E55/><V56/><F47/><W74/><G74/><T11/><D11/><U42/><E42/><N who="3" m="15914" /><G97/><T12/><D12/><U6/><E0/><V29/><F3/><W133/><G133/><T82/><D82/><U111/><E111/><V46/><F71/><W132/><G132/><T123/><D123/><U126/><E126/><V21/><F35/><W68/><G68/><T48/><D48/><U1/><E1/><V58/><F54/><W125/><G125/><T44/><D44/><U33/><E33/><V128/><F46/><W41/><N who="3" m="15922" /><W45/><DORA hai="130" /><G45/><T114/><D114/><U36/><E36/><V115/><F128/><W39/><G39/><T17/><AGARI ba="1,2" hai="17,23,25,49,50,52,59,63,89,93,96" m="33839" machi="17" ten="30,11700,0" yaku="25,1,8,1,52,1,54,1" doraHai="87,130" who="0" fromWho="0" sc="255,140,235,-40,255,-40,235,-40" /><INIT seed="0,2,0,3,0,75" ten="395,195,215,195" oya="0" hai0="30,62,91,114,72,47,103,35,99,74,36,11,78" hai1="48,125,113,37,57,115,89,96,77,39,94,110,40" hai2="34,10,25,73,66,100,95,85,107,6,112,23,54" hai3="32,63,92,5,67,41,135,19,38,33,12,90,122"/><T2/><D114/><N who="1" m="43531" /><E110/><V29/><F112/><W116/><G116/><T9/><D91/><U31/><E125/><V49/><F73/><W131/><G5/><T123/><D123/><U88/><E31/><V13/><F107/><W111/><G111/><T50/><D36/><N who="1" m="13899" /><E77/><V45/><F66/><W52/><G131/><T44/><D78/><U51/><E40/><V24/><F100/><W68/><G135/><T16/><D30/><U42/><E42/><V70/><F70/><W8/><G122/><T87/><D72/><U132/><E132/><V128/><F128/><W59/><G41/><T80/><D74/><U129/><E129/><V0/><F95/><W58/><G38/><T117/><D103/><N who="1" m="60823" /><E51/><V7/><F85/><W134/><G68/><T118/><D87/><U61/><E48/><V56/><F45/><W86/><REACH who="3" step="1"/><G134/><REACH who="3" ten="395,195,215,185" step="2"/><T81/><D118/><U21/><E21/><V43/><F43/><W53/><G53/><AGARI ba="2,1" hai="53,57,61,88,89" m="60823,13899,43531" machi="53" ten="30,2000,0" yaku="11,1,54,1" doraHai="75" who="1" fromWho="3" sc="395,0,195,36,215,0,185,-26" /><INIT seed="1,0,0,2,0,92" ten="395,231,215,159" oya="1" hai0="104,69,110,67,114,106,0,128,13,53,98,72,103" hai1="17,135,74,88,93,35,49,87,89,9,68,118,101" hai2="125,16,81,73,115,30,31,44,65,94,27,70,28" hai3="48,123,79,124,78,7,24,90,47,63,131,108,32"/><U127/><E118/><V64/><F125/><W62/><G123/><T133/><D0/><U29/><E127/><V50/><F115/><W18/><G124/><T12/><D114/><U34/><E135/><V96/><F73/><W25/><G108/><T4/><D72/><U19/><E68/><V84/><F70/><W38/><G38/><T105/><D110/><U58/><E74/><V77/><F27/><N who="3" m="10315" /><G32/><T132/><D128/><U57/><E35/><V116/><F116/><W82/><G7/><T41/><D41/><U52/><E34/><V120/><F120/><W129/><G18/><T21/><D53/><N who="1" m="31919" /><E29/><V11/><F50/><W111/><G90/><N who="1" m="34922" /><E9/><V10/><F44/><W23/><G23/><T134/><D21/><U6/><E6/><V99/><F10/><W86/><G111/><T56/><D69/><U59/><E59/><V85/><F85/><W76/><G76/><T54/><D133/><U109/><E109/><V39/><F39/><W100/><G79/><T42/><D134/><U43/><E43/><V117/><F117/><W36/><G36/><T75/><D42/><U97/><E87/><V40/><F40/><N who="3" m="24679" /><G100/><T5/><D75/><U121/><E121/><V80/><F80/><W66/><G131/><T107/><D132/><U22/><E22/><V60/><F94/><W113/><G129/><T51/><D4/><U3/><E3/><V61/><F61/><AGARI ba="0,0" hai="17,19,52,58,61,93,97,101" m="34922,31919" machi="61" ten="30,11600,0" yaku="8,1,52,1,54,2" doraHai="92" who="1" fromWho="2" sc="395,0,231,116,215,-116,159,0" /><INIT seed="1,1,0,4,5,125" ten="395,347,99,159" oya="1" hai0="29,103,58,102,128,40,4,49,19,112,25,72,5" hai1="16,135,101,114,85,73,90,129,82,87,2,120,55" hai2="33,64,81,98,39,121,117,92,127,11,28,74,118" hai3="126,27,100,32,10,22,69,105,3,119,37,70,8"/><U134/><E120/><V93/><F121/><W71/><G126/><T107/><D112/><U0/><E114/><V24/><F127/><W1/><G119/><T17/><D72/><U30/><E73/><V132/><F39/><W86/><G86/><T111/><D111/><U133/><E30/><V35/><F35/><W75/><G22/><N who="0" m="15543" /><D107/><U20/><E101/><N who="0" m="38409" /><D128/><U57/><E87/><V65/><F132/><W109/><G109/><T9/><D58/><U63/><REACH who="1" step="1"/><E129/><REACH who="1" ten="395,337,99,159" step="2"/><V48/><F117/><W21/><G75/><T7/><D9/><U23/><E23/><V44/><F118/><W31/><G21/><T45/><AGARI ba="1,1" hai="4,5,7,17,19,40,45,49" m="38409,15543" machi="45" ten="30,1100,0" yaku="8,1" doraHai="125" who="0" fromWho="0" sc="395,24,337,-6,99,-4,159,-4" /><INIT seed="2,0,0,3,5,116" ten="419,331,95,155" oya="2" hai0="88,38,113,75,32,69,52,131,78,85,73,81,91" hai1="128,33,71,6,112,134,53,107,117,21,122,70,86" hai2="46,108,15,54,23,1,126,0,50,30,135,96,119" hai3="92,37,127,51,74,130,133,47,12,17,18,101,26"/><V57/><F119/><W98/><G37/><T82/><D113/><U79/><E107/><V44/><F135/><W64/><G133/><T10/><D38/><U63/><E33/><V123/><F126/><W99/><G127/><T4/><D69/><U80/><E117/><V114/><F114/><W61/><G74/><T42/><D42/><U2/><E112/><V89/><F108/><W60/><G130/><T3/><D131/><U22/><E128/><V62/><F46/><W124/><G124/><T14/><D32/><U55/><E134/><V72/><F72/><W93/><G26/><T40/><D40/><U104/><E104/><V5/><F5/><W58/><G60/><T39/><D39/><U59/><E2/><V90/><F90/><N who="3" m="55575" /><G12/><T9/><D73/><U68/><E6/><V67/><F123/><W56/><G56/><T115/><D115/><U129/><E129/><V83/><F96/><W109/><G109/><T24/><D24/><U66/><E122/><V102/><F102/><W77/><G77/><T84/><D75/><U45/><E45/><V110/><F110/><W97/><G99/><T34/><D34/><U43/><E43/><AGARI ba="0,0" hai="17,18,43,47,51,58,61,64,93,97,101" m="55575" machi="43" ten="30,1000,0" yaku="8,1" doraHai="116" who="3" fromWho="1" sc="419,0,331,-10,95,0,155,10" /><INIT seed="3,0,0,5,5,62" ten="419,321,95,165" oya="3" hai0="132,57,70,108,92,89,6,86,109,51,110,22,28" hai1="93,129,27,130,32,24,19,81,76,46,97,111,18" hai2="40,61,39,98,133,88,100,119,9,13,85,75,14" hai3="67,23,73,112,37,25,7,69,122,126,26,118,78"/><W16/><G118/><T4/><D132/><U94/><E111/><V127/><F119/><W117/><G117/><T135/><D135/><U121/><E121/><V131/><F133/><W43/><G122/><T115/><D115/><U123/><E123/><V124/><F75/><W11/><G112/><T66/><D70/><U60/><E46/><V53/><F40/><W83/><G126/><T90/><D90/><U44/><E44/><V33/><F39/><W35/><G37/><T8/><D8/><U65/><E32/><V71/><F33/><W134/><G43/><T101/><D101/><U107/><E107/><V54/><F131/><W128/><G134/><T103/><D103/><U42/><E42/><V58/><F71/><W77/><G77/><T17/><D28/><U41/><E41/><V82/><F54/><W47/><G47/><T34/><D34/><U74/><E129/><V87/><F85/><W125/><G125/><T102/><D102/><U68/><E130/><V96/><F13/><W104/><G104/><T50/><D4/><U56/><E68/><V20/><F20/><W3/><G128/><T59/><D6/><U1/><E1/><V5/><REACH who="2" step="1"/><F96/><REACH who="2" ten="419,321,85,165" step="2"/><W55/><G55/><N who="0" m="31991" /><D109/><U30/><E94/><V116/><F116/><W113/><G23/><T10/><D22/><U91/><REACH who="1" step="1"/><E30/><REACH who="1" ten="419,311,85,165" step="2"/><V45/><F45/><W36/><G35/><T31/><D31/><U0/><E0/><V84/><F84/><W48/><G3/><T80/><D108/><U29/><E29/><V12/><F12/><W2/><G2/><T95/><D110/><U52/><E52/><RYUUKYOKU ba="0,2" sc="419,-15,311,15,85,15,165,-15" hai1="18,19,24,27,56,60,65,74,76,81,91,93,97" hai2="5,9,14,53,58,61,82,87,88,98,100,124,127" owari="424,52.4,326,12.6,100,-40.0,150,-25.0" /></mjloggm>