<mjloggm ver="2.3"><GO type="225" lobby="0"/><UN n0="%E3%83%A1%E3%82%AC%E3%83%87%E3%82%B8" n1="%72%69%6F%75%63%68%61%6E" n2="%E3%81%A1%E3%82%85%E3%81%86%E3%81%A9%E3%81%8F%E8%B1%A1%E3%81%95%E3%82%93" n3="%77%72%77%72%77%72%77%72" dan="16,17,16,16" rate="2089.69,2240.94,2116.69,2116.48" sx="F,M,M,M"/><TAIKYOKU oya="0"/><INIT seed="0,0,0,0,1,67" ten="250,250,250,250" oya="0" hai0="85,34,95,125,54,77,37,89,111,119,41,56,51" hai1="132,44,76,4,120,42,22,97,21,94,112,110,55" hai2="124,64,45,14,130,79,99,98,90,106,11,43,53" hai3="33,35,78,66,135,60,134,82,71,100,113,59,87"/><T116/><D34/><U81/><E110/><V49/><F130/><W2/><G113/><T40/><D125/><U122/><E132/><N who="3" m="50730" /><G2/><T10/><D111/><U103/><E112/><V101/><F124/><W52/><G100/><T118/><D37/><U65/><E4/><V1/><F1/><W50/><AGARI ba="0,0" hai="33,35,50,52,59,60,66,71,78,82,87" m="50730" machi="50" ten="30,4000,0" yaku="20,1,52,1,54,1" doraHai="67" who="3" fromWho="3" sc="250,-20,250,-10,250,-10,250,40" /><INIT seed="1,0,0,0,4,107" ten="230,240,240,290" oya="1" hai0="37,67,75,52,48,92,53,15,14,106,108,18,32" hai1="87,131,132,110,83,30,114,26,3,121,6,63,66" hai2="91,133,1,59,46,16,27,4,34,123,100,0,12" hai3="9,74,35,49,130,2,13,57,85,41,73,38,51"/><U80/><E114/><V21/><F123/><W98/><G2/><T89/><D106/><U102/><E121/><V104/><F133/><W56/><G35/><T31/><D37/><U24/><E132/><V29/><F46/><W61/><G38/><T45/><D108/><U90/><E131/><V95/><F59/><W125/><G130/><T94/><D67/><U64/><E110/><V62/><F62/><W117/><G125/><T33/><D75/><U99/><E80/><V28/><F28/><W7/><G98/><T36/><D36/><U81/><E81/><V118/><F118/><W111/><G111/><T20/><D31/><U122/><E122/><V65/><F65/><W116/><G85/><T39/><D39/><U40/><E40/><V109/><F109/><W86/><G86/><T58/><D14/><U55/><E55/><V44/><F44/><N who="3" m="25743" /><G56/><T71/><D71/><U134/><E134/><V76/><F76/><W105/><G51/><N who="0" m="31007" /><D94/><N who="1" m="58743" /><E64/><V22/><F104/><W101/><G101/><T25/><D25/><N who="1" m="9835" /><E30/><V93/><F0/><W11/><G105/><T42/><D42/><U69/><E3/><V82/><F100/><W79/><G117/><T43/><D43/><U119/><E119/><V47/><F47/><W70/><G70/><T126/><D126/><U135/><E135/><V77/><F1/><N who="3" m="239" /><G116/><T68/><D68/><U17/><E6/><V124/><F124/><W112/><G112/><T129/><D129/><U115/><E115/><V60/><F4/><N who="3" m="3303" /><G79/><T78/><D78/><U72/><E72/><V8/><F77/><W84/><G84/><AGARI ba="0,0" hai="15,18,20,32,33,45,48,53,84,89,92" m="31007" machi="84" ten="30,2000,0" yaku="25,1,54,1" doraHai="107" who="0" fromWho="3" sc="230,20,240,0,240,0,290,-20" /><INIT seed="2,0,0,0,0,11" ten="250,240,240,270" oya="2" hai0="111,91,14,64,7,12,9,103,130,92,100,10,17" hai1="44,3,55,40,32,80,125,74,72,114,96,2,19" hai2="27,134,15,131,78,75,45,16,133,118,48,58,47" hai3="87,1,13,126,18,53,62,121,4,132,105,23,0"/><V6/><F118/><W89/><G121/><T37/><D111/><U119/><E114/><V51/><F131/><W59/><G105/><T29/><D37/><U35/><E119/><V88/><F6/><W117/><G117/><T49/><D130/><U112/><E112/><V43/><F27/><W60/><G132/><N who="2" m="50793" /><F58/><W104/><G104/><T116/><D116/><U97/><E55/><N who="2" m="30095" /><F78/><W108/><G108/><T21/><D64/><U56/><E56/><V36/><F75/><N who="1" m="28713" /><E19/><V76/><F76/><W38/><G126/><T30/><D49/><U68/><E125/><V46/><F88/><W106/><G62/><T129/><D129/><U71/><E80/><V67/><F67/><W63/><G63/><T85/><D30/><U101/><E44/><N who="2" m="26015" /><F36/><W26/><G38/><T28/><D29/><U69/><E40/><V70/><F70/><N who="1" m="17921" /><U135/><DORA hai="93" /><E135/><V110/><F110/><W109/><G109/><T95/><D95/><U31/><E31/><V24/><F24/><AGARI ba="0,0" hai="7,9,10,12,14,17,21,24,28,85,91,92,100,103" machi="24" ten="40,5200,0" yaku="8,1,52,2" doraHai="11,93" who="0" fromWho="2" sc="250,52,240,0,240,-52,270,0" /><INIT seed="3,0,0,1,3,99" ten="302,240,188,270" oya="3" hai0="69,44,59,88,72,13,6,61,20,22,11,48,70" hai1="34,30,52,114,79,118,133,37,92,105,17,5,36" hai2="125,46,39,107,78,116,103,21,19,31,74,109,68" hai3="29,56,4,134,51,126,121,55,80,115,82,60,49"/><W65/><G115/><T7/><D72/><U28/><E114/><V130/><F116/><W102/><G121/><T104/><D104/><U15/><E105/><V123/><F68/><W12/><G134/><T81/><D6/><U85/><E133/><V54/><F123/><W119/><G126/><T63/><D70/><U129/><E129/><V62/><F130/><W66/><G29/><T96/><D69/><U8/><E118/><V50/><F125/><W71/><G119/><T9/><D9/><U77/><E36/><V98/><F109/><W35/><G35/><T89/><D63/><U73/><E37/><V76/><F74/><W26/><G26/><T42/><D96/><U53/><E73/><V84/><F39/><W67/><G102/><T40/><D40/><U135/><E135/><V91/><F62/><W43/><G43/><T106/><D106/><U64/><E64/><V90/><F31/><N who="1" m="11817" /><E34/><V110/><F110/><W18/><G4/><T23/><D81/><N who="3" m="31337" /><G71/><T86/><D86/><U87/><E5/><V75/><F75/><W108/><G108/><T57/><D57/><U0/><E0/><V33/><F33/><W94/><G94/><T113/><D113/><U95/><E92/><V101/><F101/><W83/><N who="3" m="31345" /><W3/><DORA hai="127" /><G3/><T124/><D124/><U45/><E95/><N who="2" m="54727" /><F91/><W112/><G112/><T117/><D117/><U38/><E38/><V2/><F2/><W122/><G122/><T128/><D128/><U27/><E27/><N who="2" m="14783" /><F76/><N who="1" m="29257" /><E53/><AGARI ba="0,0" hai="7,11,13,20,22,23,42,44,48,53,59,61,88,89" machi="53" ten="40,2600,0" yaku="8,1,54,1" doraHai="99,127" who="0" fromWho="1" sc="302,26,240,-26,188,0,270,0" owari="328,42.8,214,-18.6,188,-31.2,270,7.0" /></mjloggm>