<mjloggm ver="2.3"><GO type="225" lobby="0"/><UN n0="%E3%81%B2%E3%81%AA%E3%81%AE%E3%82%8A%E3%81%8F" n1="%E3%81%95%E3%81%8D%E3%81%9F%E3%81%BE%E6%9E%97%E6%AA%8E" n2="%48%61%61%61%6C%61%6E%64" n3="%72%65%6E%6B%75%6E" dan="17,16,18,17" rate="2158.36,2069.69,2142.92,2258.58" sx="M,M,M,M"/><TAIKYOKU oya="0"/><INIT seed="0,0,0,4,4,127" ten="250,250,250,250" oya="0" hai0="114,48,100,47,120,110,2,39,3,64,69,111,9" hai1="24,83,56,46,60,71,35,28,108,21,68,121,7" hai2="33,10,117,0,112,77,34,52,36,53,95,119,93" hai3="25,65,75,85,76,106,41,79,59,113,109,70,31"/><T62/><D114/><U72/><E121/><V19/><F112/><W130/><G113/><T84/><D120/><U128/><E108/><N who="0" m="41513" /><D39/><U134/><E134/><V87/><F36/><W101/><G79/><T89/><D100/><U6/><E35/><N who="2" m="13323" /><F77/><W51/><G76/><T133/><D9/><U20/><E128/><V55/><F87/><W99/><G130/><T131/><D133/><U50/><E83/><V94/><F19/><W1/><G101/><T98/><D98/><U73/><E56/><V43/><F43/><W22/><G99/><T116/><D116/><N who="2" m="44618" /><F10/><W12/><G75/><T23/><D23/><U82/><E82/><V67/><F67/><W92/><G22/><T27/><D27/><U102/><E102/><V18/><F18/><W103/><G25/><T88/><D131/><U16/><E16/><V45/><F0/><N who="0" m="42" /><D84/><U30/><E24/><V86/><F86/><W91/><G85/><T37/><D37/><U115/><E73/><V66/><F66/><W104/><G1/><T61/><D61/><U38/><E60/><V123/><F123/><W8/><G8/><T135/><D135/><U11/><E11/><V54/><N who="2" m="13312" /><DORA hai="29" /><V5/><F45/><W26/><G26/><T124/><D124/><U13/><E46/><V14/><F14/><W80/><G12/><T17/><D17/><U15/><E38/><V126/><F126/><W118/><G118/><T129/><D129/><U97/><E72/><V49/><F49/><W125/><G125/><T63/><D63/><U74/><E74/><V132/><F132/><W44/><G109/><T105/><D48/><RYUUKYOKU ba="0,0" sc="250,-10,250,-10,250,30,250,-10" hai2="5,93,94,95" /><INIT seed="1,1,0,5,2,39" ten="240,240,280,240" oya="1" hai0="100,126,30,134,16,84,117,6,78,89,1,94,75" hai1="7,80,35,70,87,132,59,69,67,135,28,99,103" hai2="116,122,2,93,95,46,50,71,26,51,47,90,43" hai3="108,42,120,110,112,91,109,123,57,101,29,74,3"/><U37/><E7/><V20/><F116/><W8/><G74/><T79/><D117/><U21/><E35/><V11/><F71/><W102/><G112/><T127/><D30/><U98/><E37/><V105/><F105/><W40/><G29/><T60/><D134/><N who="1" m="51243" /><E59/><V115/><F122/><N who="3" m="46635" /><G91/><T15/><D1/><U66/><E21/><V23/><F115/><W4/><G57/><T32/><D32/><U106/><E99/><V49/><F20/><W56/><G56/><T52/><D6/><U48/><E48/><N who="2" m="26719" /><F2/><W86/><G86/><T0/><D0/><U62/><E28/><N who="2" m="17503" /><F11/><W121/><N who="3" m="46643" /><W114/><DORA hai="44" /><G114/><T107/><D60/><U34/><E34/><V63/><F63/><W12/><G3/><T24/><D24/><U27/><E27/><V38/><F38/><W133/><G133/><T88/><D75/><U97/><E97/><V64/><F64/><N who="1" m="24617" /><E62/><V9/><F9/><W77/><G77/><AGARI ba="1,0" hai="69,70,77,80,87,98,103,106" m="24617,51243" machi="77" ten="30,1500,0" yaku="20,1" doraHai="39,44" who="1" fromWho="3" sc="240,0,240,18,280,0,240,-18" /><INIT seed="1,2,0,0,3,93" ten="240,258,280,222" oya="1" hai0="64,89,80,128,81,75,17,59,8,42,105,99,62" hai1="79,86,103,26,91,36,6,58,39,74,53,24,76" hai2="100,22,35,102,65,87,49,29,127,129,41,109,98" hai3="34,33,32,90,9,14,78,125,60,5,40,27,1"/><U120/><E120/><V66/><F35/><N who="3" m="13387" /><G78/><T132/><D132/><U108/><E6/><V104/><F109/><W7/><G40/><T97/><D128/><U16/><E108/><V61/><F129/><W43/><G43/><T71/><D71/><U112/><E112/><V121/><F121/><W63/><G63/><T122/><D122/><U106/><E39/><V113/><F113/><W117/><G90/><T84/><D105/><U51/><E36/><V56/><F102/><W96/><G96/><N who="0" m="36939" /><D42/><U12/><E74/><V126/><F87/><W13/><G60/><T72/><D72/><U133/><E133/><V28/><F65/><W47/><G47/><T114/><D114/><U124/><E106/><V116/><F41/><W19/><G117/><T31/><D31/><U57/><E103/><V18/><F116/><W11/><G125/><N who="2" m="47625" /><F49/><W95/><G95/><N who="0" m="54695" /><D75/><U135/><E124/><V45/><F45/><W37/><G37/><T46/><D46/><U21/><E135/><V54/><F100/><W73/><G73/><T111/><D111/><U67/><E58/><V4/><F104/><W88/><G88/><T0/><D0/><U52/><E91/><V101/><F101/><W123/><G123/><T85/><D85/><U30/><E86/><V94/><F98/><W83/><G83/><T110/><D110/><U2/><E2/><V48/><F94/><W115/><G115/><T38/><D38/><U119/><E119/><V82/><F82/><W50/><G1/><T130/><D130/><U3/><E3/><V70/><F56/><W23/><N who="3" m="13395" /><W44/><DORA hai="68" /><G44/><RYUUKYOKU ba="2,0" sc="240,15,258,-15,280,-15,222,15" hai0="8,17,59,62,64,80,81" hai3="5,7,9,11,13,14,19,23,27,50" /><INIT seed="2,3,0,0,3,129" ten="255,243,265,237" oya="2" hai0="81,97,63,3,88,23,133,79,27,85,37,32,82" hai1="49,135,126,98,43,1,83,69,89,106,51,38,121" hai2="134,102,58,5,50,66,13,64,93,40,74,72,110" hai3="19,92,36,65,78,54,56,100,119,7,59,104,53"/><V131/><F131/><W122/><G36/><T10/><D32/><U17/><E69/><V2/><F2/><W14/><G119/><T112/><D112/><U60/><E1/><V77/><F110/><W124/><G122/><T18/><D37/><U94/><E121/><V87/><F74/><W48/><G104/><T34/><D34/><U6/><E6/><V68/><F68/><W16/><G124/><T21/><D97/><U61/><E126/><V108/><F72/><W96/><G65/><T105/><D105/><U41/><E38/><V99/><F108/><W86/><G86/><T115/><D115/><U11/><E106/><V80/><F134/><W91/><G78/><T39/><D39/><U12/><E83/><V33/><F33/><W90/><G7/><T35/><D35/><U30/><E30/><V125/><F125/><W24/><G24/><T109/><D109/><U120/><E135/><V47/><F58/><W4/><G4/><T62/><D133/><U29/><E29/><V55/><F55/><W45/><G19/><N who="0" m="12799" /><D63/><N who="1" m="24139" /><E120/><V0/><F0/><W130/><G130/><T128/><D128/><U44/><E51/><V84/><F84/><W9/><G45/><T118/><D118/><U67/><E67/><V70/><F70/><W76/><G76/><T95/><D62/><AGARI ba="3,0" hai="9,14,16,48,53,54,56,59,62,90,91,92,96,100" machi="62" ten="30,3900,0" yaku="7,1,8,1,54,1" doraHai="129" who="3" fromWho="0" sc="255,-48,243,0,265,0,237,48" /><INIT seed="3,0,0,5,0,113" ten="207,243,265,285" oya="3" hai0="50,67,58,66,101,24,122,64,1,41,42,90,133" hai1="118,19,13,6,7,104,112,2,135,35,93,85,117" hai2="77,76,124,32,23,21,61,48,103,78,9,54,28" hai3="98,52,80,70,89,115,5,95,120,108,39,81,20"/><W97/><G115/><T94/><D122/><U128/><E112/><V44/><F124/><W55/><G120/><T102/><D133/><U87/><E135/><V63/><F32/><W45/><G70/><T8/><D24/><U26/><E128/><V3/><F103/><N who="0" m="39434" /><D1/><U123/><E123/><V119/><F119/><N who="1" m="45577" /><E104/><V62/><REACH who="2" step="1"/><F28/><REACH who="2" ten="207,243,255,285" step="2"/><W107/><G108/><T116/><D116/><U105/><E35/><V11/><F11/><W96/><G107/><T59/><D8/><N who="1" m="6567" /><E105/><V74/><F74/><W109/><G109/><T82/><D82/><U4/><E2/><V134/><F134/><W37/><G80/><T114/><D114/><U53/><E93/><V18/><F18/><W56/><G81/><T34/><D34/><U69/><E69/><V15/><F15/><W47/><G20/><T57/><D50/><U51/><E26/><V31/><F31/><W100/><G39/><T72/><D72/><U17/><E17/><V92/><F92/><W30/><G37/><T131/><D131/><U38/><E38/><V73/><F73/><W132/><G132/><T68/><D68/><U99/><E99/><AGARI ba="0,1" hai="41,42,57,58,59,64,66,67,90,94,99" m="39434" machi="99" ten="30,1000,0" yaku="8,1" doraHai="113" who="0" fromWho="1" sc="207,20,243,-10,255,0,285,0" /><INIT seed="4,0,0,0,1,75" ten="227,233,255,285" oya="0" hai0="99,116,118,65,34,9,33,56,130,100,77,53,71" hai1="66,125,43,40,67,51,107,8,12,52,129,4,120" hai2="2,126,122,132,108,5,46,26,121,76,30,84,1" hai3="93,57,17,103,18,135,89,69,16,131,83,54,97"/><T50/><D130/><U23/><E120/><V60/><F108/><W13/><G131/><T92/><D71/><U74/><E74/><V133/><F126/><W14/><G69/><T0/><D65/><N who="1" m="24587" /><E129/><V114/><F60/><N who="3" m="35895" /><G135/><N who="2" m="51785" /><F114/><W15/><G83/><T119/><REACH who="0" step="1"/><D77/><REACH who="0" ten="217,233,255,285" step="2"/><U90/><E125/><V44/><F121/><W6/><G89/><T58/><D58/><N who="1" m="33055" /><E107/><V109/><F122/><W24/><G24/><T61/><D61/><U96/><E23/><V105/><F76/><W134/><G134/><T115/><D115/><U10/><E10/><AGARI ba="0,1" hai="6,10,13,14,15,16,17,18,93,97,103" m="35895" machi="10" ten="30,2000,0" yaku="8,1,54,1" doraHai="75" who="3" fromWho="1" sc="217,0,233,-20,255,0,285,30" owari="217,-18.3,213,-28.7,255,5.5,315,41.5" /></mjloggm>