<mjloggm ver="2.3"><GO type="225" lobby="0"/><UN n0="%E3%81%95%E3%81%8D%E3%81%9F%E3%81%BE%E6%9E%97%E6%AA%8E" n1="%E3%81%86%E3%82%8C%E3%81%9F%E3%82%93%E6%9E%95" n2="%E8%BE%9B%E5%8F%A3%E3%82%AB%E3%83%AC%E3%83%BC%E3%83%A9%E3%82%A4%E3%82%B9" n3="%6D%75%75%6D%75%72%61" dan="16,16,16,16" rate="2078.34,2190.42,2156.71,2173.11" sx="M,F,M,F"/><TAIKYOKU oya="0"/><INIT seed="0,0,0,3,1,54" ten="250,250,250,250" oya="0" hai0="65,7,66,84,52,126,135,31,10,115,18,134,46" hai1="1,91,78,14,102,121,64,88,76,38,13,55,48" hai2="4,40,45,98,43,72,117,9,103,93,90,28,47" hai3="71,70,94,120,51,85,21,35,3,86,108,128,97"/><T77/><D115/><U83/><E121/><V107/><F72/><W114/><G35/><T34/><D126/><U60/><E38/><V36/><F117/><W79/><G114/><T129/><D129/><U92/><E1/><V19/><F28/><W123/><G108/><T82/><D18/><U11/><E13/><V109/><F109/><W99/><G3/><T67/><D31/><U118/><E118/><V95/><F19/><W2/><G2/><T111/><D111/><U53/><E102/><V69/><F69/><W58/><G128/><T62/><D34/><U132/><E132/><N who="0" m="50729" /><D10/><U110/><E110/><V22/><F22/><W104/><G21/><T119/><D119/><U122/><E122/><V32/><F32/><W96/><G104/><T5/><D46/><U26/><E26/><V100/><F107/><W30/><G30/><T39/><D39/><U81/><E11/><V15/><REACH who="2" step="1"/><F93/><REACH who="2" ten="250,250,240,250" step="2"/><W50/><G94/><T59/><AGARI ba="0,1" hai="5,7,52,59,62,65,66,67,77,82,84" m="50729" machi="59" ten="40,7800,0" yaku="20,1,52,1,54,1" doraHai="54" who="0" fromWho="0" sc="250,88,250,-26,240,-26,250,-26" /><INIT seed="0,1,0,0,4,11" ten="338,224,214,224" oya="0" hai0="12,51,71,95,83,96,118,57,80,85,104,129,98" hai1="52,35,15,53,131,106,42,5,31,21,55,8,41" hai2="102,90,4,130,128,59,125,34,10,14,49,2,110" hai3="124,40,39,108,67,119,69,1,105,115,84,64,133"/><T134/><D71/><U92/><E106/><V135/><F110/><W43/><RYUUKYOKU type="yao9" ba="1,0" sc="338,0,224,0,214,0,224,0" hai3="1,39,40,43,64,67,69,84,105,108,115,119,124,133" /><INIT seed="0,2,0,5,2,87" ten="338,224,214,224" oya="0" hai0="100,20,127,31,101,35,113,134,89,51,96,23,46" hai1="66,54,12,43,85,93,131,103,99,102,124,77,73" hai2="10,18,97,130,0,29,24,117,118,55,38,116,64" hai3="14,61,47,123,88,39,119,1,25,76,41,110,7"/><T56/><D113/><U82/><E131/><V49/><F130/><W95/><G119/><T58/><D134/><U65/><E124/><V27/><F38/><W68/><G110/><T57/><D127/><U59/><E43/><V128/><F128/><W4/><G1/><T104/><D35/><U120/><E120/><V72/><F72/><W8/><G123/><T5/><D5/><U135/><E135/><V98/><F64/><N who="1" m="24681" /><E73/><V86/><F86/><W112/><G61/><T45/><D104/><U105/><E105/><V28/><F18/><W34/><G68/><T111/><D111/><U114/><E114/><V106/><F106/><W22/><G34/><T11/><D11/><U44/><E12/><V83/><F83/><W63/><G63/><T90/><D31/><U60/><E44/><N who="0" m="17001" /><D51/><U69/><E69/><V94/><F10/><W62/><G62/><T19/><D96/><U48/><E48/><V81/><F0/><W115/><G76/><T32/><D32/><U91/><AGARI ba="2,0" hai="54,59,60,77,82,85,91,93,99,102,103" m="24681" machi="91" ten="30,2000,0" yaku="8,1,52,1" doraHai="87" who="1" fromWho="1" sc="338,-12,224,26,214,-7,224,-7" /><INIT seed="1,0,0,4,1,93" ten="326,250,207,217" oya="1" hai0="116,126,16,120,4,28,108,50,39,53,123,52,92" hai1="31,1,64,99,43,76,96,29,89,131,41,22,35" hai2="111,118,40,17,5,20,133,91,54,130,47,98,0" hai3="27,58,26,24,81,65,109,101,49,113,48,83,55"/><U94/><E1/><V90/><F118/><W84/><G113/><T135/><D108/><U11/><E35/><V97/><F111/><W129/><G109/><T38/><D116/><U51/><E131/><V37/><F130/><W6/><G129/><T71/><D71/><U70/><E76/><V80/><F133/><W105/><G65/><T36/><D126/><U104/><E11/><V110/><F110/><W42/><G6/><T8/><D135/><U69/><E69/><V7/><F54/><W112/><G112/><T114/><D28/><U124/><E124/><V100/><F0/><W15/><G15/><N who="0" m="7271" /><D4/><U10/><E10/><V78/><F5/><W12/><G12/><T95/><D53/><U119/><E119/><V46/><F7/><W103/><G105/><T59/><D114/><U127/><E127/><V34/><F34/><W106/><G106/><T86/><D86/><N who="1" m="52535" /><E104/><V18/><F47/><N who="3" m="25719" /><G83/><T21/><D21/><U45/><E70/><V75/><F18/><W66/><G66/><T44/><D44/><N who="1" m="25999" /><E64/><V30/><F30/><N who="1" m="11273" /><E22/><V117/><F117/><W102/><G27/><T122/><AGARI ba="0,0" hai="36,38,39,50,52,59,92,95,120,122,123" m="7271" machi="122" ten="40,5200,0" yaku="13,1,54,2" doraHai="93" who="0" fromWho="0" sc="326,52,250,-26,207,-13,217,-13" /><INIT seed="2,0,0,0,3,101" ten="378,224,194,204" oya="2" hai0="71,44,22,125,73,47,17,85,34,32,112,30,31" hai1="64,94,82,76,58,92,128,1,132,3,74,133,124" hai2="28,116,56,39,110,46,61,27,81,53,63,49,102" hai3="66,9,105,72,70,91,10,2,38,100,65,19,87"/><V33/><F116/><W106/><G72/><T41/><D73/><U135/><E124/><V51/><F110/><W55/><G100/><T111/><D111/><U84/><E128/><V29/><F29/><W48/><G38/><T62/><D125/><U86/><E64/><V5/><F5/><W127/><G127/><T12/><D112/><U104/><E58/><V121/><F121/><W108/><G108/><T6/><D6/><U18/><E18/><V36/><F102/><W4/><G10/><T35/><D85/><N who="1" m="32875" /><E104/><V16/><F81/><W75/><G19/><T69/><D47/><U54/><E54/><V122/><F122/><W50/><G50/><T114/><D114/><U80/><E80/><V119/><F119/><W11/><G11/><T43/><D43/><U15/><E15/><V60/><REACH who="2" step="1"/><F16/><REACH who="2" ten="378,224,184,204" step="2"/><W98/><G4/><T109/><D109/><U52/><E94/><V0/><F0/><W8/><G2/><T95/><D95/><U13/><E92/><V77/><F77/><W37/><G8/><T120/><D31/><U90/><E13/><V24/><F24/><W126/><G9/><T103/><D30/><U79/><E79/><V67/><F67/><W45/><G126/><T134/><D103/><U123/><E123/><V59/><F59/><N who="3" m="33255" /><G66/><T88/><D120/><U7/><E7/><V57/><F57/><W97/><G65/><T118/><D118/><U21/><E1/><V40/><AGARI ba="0,1" hai="27,28,33,36,39,40,46,49,51,53,56,60,61,63" machi="40" ten="30,3000,0" yaku="1,1,0,1,53,0" doraHai="101" doraHaiUra="14" who="2" fromWho="2" sc="378,-10,224,-10,184,40,204,-10" /><INIT seed="2,1,0,2,0,92" ten="368,214,224,194" oya="2" hai0="127,96,4,71,37,15,5,87,110,115,57,70,17" hai1="25,10,131,107,36,59,31,97,8,89,38,66,79" hai2="43,104,95,81,0,93,114,124,83,105,7,86,123" hai3="125,40,1,134,74,77,73,67,120,27,53,32,133"/><V85/><F43/><W108/><G120/><T65/><D110/><U3/><E131/><V103/><F7/><W102/><G1/><T72/><D72/><U48/><E79/><N who="2" m="46271" /><F0/><W45/><G108/><T29/><D37/><U101/><E89/><N who="2" m="53431" /><F123/><W116/><G67/><T16/><D29/><U111/><E111/><V129/><F129/><W26/><G53/><T75/><D87/><U98/><E98/><N who="2" m="59871" /><F114/><W22/><G32/><T62/><D115/><U132/><E38/><V21/><F21/><W128/><G22/><T47/><D5/><U52/><E36/><V6/><F6/><W46/><G40/><T2/><D2/><U113/><E3/><V69/><F69/><W78/><G128/><T64/><D4/><U30/><E113/><V118/><F118/><W84/><G116/><T34/><D34/><U106/><E8/><V58/><F58/><W90/><G73/><T76/><D75/><U44/><E10/><V99/><F124/><W49/><G125/><T12/><D127/><U33/><E31/><V13/><F13/><W112/><G112/><T42/><D12/><U60/><REACH who="1" step="1"/><E107/><REACH who="1" ten="368,204,224,194" step="2"/><V14/><F105/><W117/><G117/><T82/><D76/><U51/><E51/><V20/><F104/><W100/><G49/><T56/><D62/><U130/><E130/><V91/><F99/><W109/><G109/><T80/><D96/><U11/><E11/><V54/><F91/><W35/><G90/><T119/><D119/><U18/><E18/><N who="2" m="10327" /><F83/><W39/><G77/><T94/><D82/><U135/><AGARI ba="1,1" hai="25,30,33,44,48,52,59,60,66,97,101,106,132,135" machi="135" ten="30,7900,0" yaku="1,1,0,1,52,1,54,1,53,0" doraHai="92" doraHaiUra="122" who="1" fromWho="1" sc="368,-21,204,92,224,-40,194,-21" /><INIT seed="3,0,0,1,5,37" ten="347,296,184,173" oya="3" hai0="119,79,36,43,86,100,7,114,42,80,107,61,51" hai1="50,115,93,122,16,82,58,110,99,52,31,21,45" hai2="132,113,76,96,39,75,92,64,70,49,33,28,112" hai3="121,118,109,88,68,133,63,24,102,130,6,26,71"/><W67/><G118/><T2/><D36/><U85/><E115/><V84/><F39/><W3/><G121/><T44/><D119/><U0/><E110/><V12/><F75/><W111/><G71/><T104/><D114/><U126/><E126/><V11/><F132/><W23/><G133/><T10/><D100/><N who="1" m="60527" /><E0/><V17/><F33/><W4/><G130/><T32/><D32/><U30/><E122/><V34/><F34/><W13/><G3/><T125/><D125/><U98/><E98/><V78/><F28/><W65/><G102/><T20/><D20/><U120/><E45/><V72/><F72/><W116/><G116/><T66/><D43/><U46/><E46/><V25/><F25/><N who="3" m="9835" /><G67/><T83/><D83/><U15/><E120/><V108/><F64/><W124/><G124/><T40/><D40/><U87/><E87/><V129/><F70/><AGARI ba="0,0" hai="2,7,10,42,44,51,61,66,70,79,80,86,104,107" machi="70" ten="30,2000,0" yaku="7,1,52,1" doraHai="37" who="0" fromWho="2" sc="347,20,296,0,184,-20,173,0" owari="367,46.7,296,9.6,164,-33.6,173,-22.7" /></mjloggm>