<mjloggm ver="2.3"><GO type="225" lobby="0"/><UN n0="%E3%81%82%E3%81%84%E3%81%82%E3%81%8A%E3%81%84" n1="%E5%B8%86%E7%AB%8B%E5%A4%8F%E8%A1%A3" n2="%E3%82%B5%E3%83%AB%E3%82%B7%E3%83%B3" n3="%E3%81%8C%E3%81%9F" dan="18,17,16,16" rate="2201.33,2159.59,2110.34,2095.92" sx="M,M,M,F"/><TAIKYOKU oya="0"/><INIT seed="0,0,0,5,0,66" ten="250,250,250,250" oya="0" hai0="48,97,9,119,113,100,6,21,69,68,51,91,32" hai1="55,14,17,3,135,101,22,10,54,56,75,18,35" hai2="81,125,30,134,124,31,118,128,20,112,80,77,8" hai3="111,61,130,33,63,42,98,132,1,12,108,114,92"/><T99/><D32/><U25/><E135/><V72/><F112/><W7/><G1/><T103/><D113/><U64/><E75/><V82/><F134/><W94/><G114/><T37/><D37/><U49/><E35/><V28/><F128/><W58/><G132/><T105/><D119/><U70/><E3/><V109/><F118/><W5/><G33/><T16/><D91/><U74/><E74/><V38/><F38/><W96/><G130/><T60/><D60/><U85/><E101/><V52/><F109/><W76/><G76/><T116/><D116/><U104/><E104/><V36/><F36/><W43/><G12/><T0/><D51/><U13/><E55/><V120/><F120/><W86/><G86/><T62/><D48/><U34/><E34/><V93/><F8/><W26/><REACH who="3" step="1"/><G58/><REACH who="3" ten="250,250,250,240" step="2"/><T47/><D47/><U4/><E85/><V106/><F77/><W19/><G19/><T133/><D133/><U27/><REACH who="1" step="1"/><E18/><REACH who="1" ten="250,240,250,240" step="2"/><V23/><F31/><W73/><G73/><T87/><D87/><U123/><E123/><V79/><F30/><W127/><G127/><T67/><D99/><U115/><E115/><V110/><F28/><W117/><G117/><T78/><D78/><U126/><E126/><V44/><F125/><W59/><G59/><T24/><D103/><U71/><E71/><AGARI ba="0,2" hai="0,6,9,16,21,24,62,67,68,69,71,97,100,105" machi="71" ten="30,12000,1" yaku="7,1,52,3,54,1" doraHai="66" who="0" fromWho="1" sc="250,140,240,-120,250,0,240,0" /><INIT seed="0,1,0,3,5,103" ten="390,120,250,240" oya="0" hai0="13,29,33,71,91,8,24,63,110,6,54,134,35" hai1="105,40,122,111,66,74,132,31,53,32,131,58,27" hai2="72,80,75,128,101,16,92,20,45,9,44,43,119" hai3="108,81,7,127,120,1,70,59,36,116,114,77,17"/><T41/><D134/><U25/><E111/><V94/><F128/><W39/><G70/><T118/><D118/><U89/><E132/><V60/><F119/><W83/><G114/><T126/><D126/><U79/><E122/><V61/><F9/><W38/><G116/><T19/><D110/><U130/><E105/><V23/><F80/><W78/><G108/><T37/><D35/><U5/><E40/><V0/><F101/><W107/><G127/><T115/><D115/><U98/><E5/><V28/><F28/><W18/><G59/><T73/><D73/><U133/><E66/><V30/><F30/><W69/><G69/><T112/><D112/><U47/><E47/><V125/><F125/><W85/><G120/><T55/><D91/><U65/><E65/><V100/><F100/><W21/><G21/><T123/><D123/><U11/><E133/><V129/><F0/><W90/><G107/><T68/><D68/><U12/><E74/><V57/><F57/><W4/><G90/><T34/><D34/><U42/><E79/><V48/><F43/><W10/><REACH who="3" step="1"/><G4/><REACH who="3" ten="390,120,250,230" step="2"/><T49/><D6/><N who="1" m="3191" /><E131/><V51/><F129/><W96/><G96/><T52/><D71/><U93/><E130/><V56/><F56/><W46/><G46/><T86/><D33/><U82/><E32/><V121/><F121/><W26/><G26/><T135/><D24/><N who="1" m="9291" /><E31/><V22/><F22/><W106/><G106/><T14/><D29/><U84/><E58/><V99/><F99/><W76/><G76/><T97/><D135/><U117/><E117/><V102/><F102/><W113/><G113/><RYUUKYOKU ba="1,1" sc="390,-15,120,-15,250,15,230,15" hai2="16,20,23,44,45,48,51,60,61,72,75,92,94" hai3="1,7,10,17,18,36,38,39,77,78,81,83,85" /><INIT seed="1,2,1,1,3,112" ten="375,105,265,245" oya="1" hai0="18,65,41,101,114,103,87,89,34,85,26,5,29" hai1="53,128,3,106,47,129,50,19,8,111,55,32,66" hai2="43,122,81,35,135,2,16,52,59,82,40,42,134" hai3="49,133,0,60,67,13,63,17,68,22,15,121,77"/><U46/><E106/><V61/><F122/><W11/><G121/><T48/><D114/><U6/><E32/><V57/><F2/><W96/><G133/><N who="2" m="50697" /><F35/><W125/><G125/><T80/><D5/><U27/><E66/><N who="2" m="39215" /><F16/><W93/><G0/><T56/><D18/><U99/><E99/><V37/><F82/><W84/><G49/><T107/><D107/><U95/><E95/><V7/><F81/><N who="3" m="47151" /><G67/><T20/><D34/><U54/><E111/><V130/><F7/><N who="3" m="3327" /><G68/><T94/><D65/><U97/><E97/><V23/><F23/><W120/><G120/><T127/><D127/><U92/><E92/><V45/><F130/><N who="1" m="50281" /><E50/><AGARI ba="2,1" hai="37,40,42,43,45,50,52,59" m="39215,50697" machi="50" ten="30,7700,0" yaku="20,1,34,2,54,1" doraHai="112" who="2" fromWho="1" sc="375,0,105,-83,265,93,245,0" /><INIT seed="2,0,0,2,1,22" ten="375,22,358,245" oya="2" hai0="83,44,92,100,120,37,113,80,53,109,97,32,131" hai1="52,2,8,125,87,86,6,95,10,135,51,126,54" hai2="3,25,108,112,62,61,68,45,118,5,102,89,82" hai3="117,114,90,123,29,67,57,64,27,30,85,13,122"/><V79/><F118/><W119/><G13/><T38/><D113/><U104/><E135/><V50/><F112/><W9/><G9/><T63/><D120/><U14/><E104/><V78/><F102/><W70/><G114/><T16/><D32/><U121/><E121/><V115/><F115/><W56/><G85/><T15/><D109/><U20/><E126/><V103/><F103/><W110/><G90/><T107/><D107/><U39/><E39/><V41/><F108/><W55/><G55/><T133/><D133/><U71/><E71/><V35/><F68/><W101/><G70/><T105/><D105/><U24/><E125/><V42/><F3/><W124/><G101/><T73/><D131/><U91/><E87/><N who="2" m="50423" /><F35/><W134/><G110/><T7/><D7/><U81/><E95/><V99/><F42/><W4/><G124/><T84/><D73/><U93/><E93/><V46/><F46/><W47/><G134/><T23/><D83/><U96/><E96/><V31/><F99/><W106/><G106/><T65/><D44/><U60/><E60/><N who="2" m="23147" /><F5/><W59/><G4/><T129/><D53/><U49/><E2/><V58/><F58/><W18/><G57/><T19/><D129/><U98/><E98/><V116/><F116/><W66/><G66/><T132/><D132/><U21/><E8/><V111/><F111/><W76/><G117/><T28/><D65/><U88/><E91/><V36/><F36/><W75/><G119/><T94/><D38/><U43/><E43/><V77/><F77/><W17/><G122/><T128/><D37/><U127/><E127/><RYUUKYOKU ba="0,0" sc="375,-10,22,-10,358,30,245,-10" hai2="25,31,41,45,50,78,79" /><INIT seed="2,1,0,5,5,71" ten="365,12,388,235" oya="2" hai0="38,52,109,107,92,44,53,51,126,101,128,79,100" hai1="98,118,106,31,93,124,7,34,130,95,76,105,115" hai2="75,60,33,15,82,41,0,61,80,129,64,70,91" hai3="110,55,119,54,40,57,68,11,45,35,117,10,46"/><V50/><F0/><W77/><G35/><T104/><D38/><U6/><E115/><V28/><F75/><W39/><G110/><T108/><D126/><U87/><E124/><V86/><F129/><W47/><G77/><T84/><D128/><U123/><E130/><V48/><F61/><N who="3" m="36023" /><G11/><T78/><D92/><U24/><E118/><N who="3" m="45066" /><G10/><T125/><D125/><U43/><E123/><V9/><F82/><W32/><G32/><T25/><D25/><U66/><E43/><V1/><F1/><W132/><G132/><T103/><D53/><U74/><E66/><V59/><F28/><W90/><G90/><T23/><D23/><U67/><E67/><V69/><F33/><W63/><G68/><T36/><D36/><U30/><E30/><V134/><F134/><W37/><G40/><T19/><D19/><U73/><E73/><V133/><F133/><W112/><G112/><T14/><D14/><U135/><E135/><V85/><F41/><W127/><G127/><T18/><D18/><U97/><E74/><V99/><F70/><W81/><G81/><N who="0" m="47159" /><D79/><U121/><E121/><V62/><F99/><N who="1" m="37897" /><E106/><V27/><F27/><W13/><G13/><T122/><D122/><U4/><E105/><V65/><F86/><W116/><G116/><T2/><D2/><U94/><E76/><V72/><F72/><W8/><G8/><T89/><D89/><U113/><E113/><V83/><F83/><W56/><AGARI ba="1,0" hai="37,39,45,46,47,55,56,63" m="45066,36023" machi="56" ten="40,8000,1" yaku="34,2,52,2" doraHai="71" who="3" fromWho="3" sc="365,-21,12,-21,388,-41,235,83" owari="344,14.4,-9,-50.9,347,44.7,318,-8.2" /></mjloggm>