<mjloggm ver="2.3"><GO type="225" lobby="0"/><UN n0="%E3%81%AA%E3%81%BE%E3%81%91%E8%80%85" n1="%73%6C%69%63%6B%33%31%39" n2="%6A%70%74%77%61%32" n3="%E3%82%B8%E3%83%A3%E3%83%9E%E3%83%BC%E3%83%AB%E3%83%9E%E3%83%AC%E3%83%BC" dan="16,16,16,17" rate="2081.93,2200.63,2053.61,2212.86" sx="M,M,M,M"/><TAIKYOKU oya="0"/><INIT seed="0,0,0,3,4,31" ten="250,250,250,250" oya="0" hai0="57,79,50,11,62,60,135,86,81,33,108,129,120" hai1="49,68,69,32,103,47,59,122,46,39,3,80,63" hai2="107,28,73,84,53,44,90,114,7,96,18,131,30" hai3="109,19,41,37,91,16,25,29,94,40,42,128,0"/><T6/><D120/><U77/><E122/><V89/><F73/><W45/><G0/><T111/><D135/><U13/><E3/><V83/><F114/><W17/><G109/><N who="0" m="42059" /><D129/><U21/><E103/><V38/><F131/><W8/><G8/><T66/><D50/><U88/><E32/><V126/><F7/><W20/><REACH who="3" step="1"/><G128/><REACH who="3" ten="250,250,250,240" step="2"/><T22/><D62/><U102/><E63/><V56/><F126/><W112/><G112/><T12/><D22/><U5/><E21/><V24/><F38/><W115/><G115/><T100/><D100/><U70/><E102/><V10/><F10/><W119/><G119/><T134/><D134/><U124/><E39/><V85/><F28/><W97/><AGARI ba="0,1" hai="16,17,19,20,25,29,37,40,41,42,45,91,94,97" machi="97" ten="30,7900,0" yaku="1,1,0,1,54,1,53,1" doraHai="31" doraHaiUra="27" who="3" fromWho="3" sc="250,-39,250,-20,250,-20,240,89" /><INIT seed="1,0,0,0,0,83" ten="211,230,230,329" oya="1" hai0="24,80,9,131,37,87,126,91,41,38,0,127,47" hai1="95,19,64,109,17,110,66,71,21,36,60,124,107" hai2="42,65,74,123,108,79,32,35,27,14,25,29,92" hai3="12,62,122,53,10,115,67,88,105,118,11,6,102"/><U33/><E107/><V89/><F123/><W132/><G115/><T129/><D24/><U57/><E36/><V55/><F108/><N who="1" m="41577" /><E33/><V48/><F65/><W40/><G122/><T68/><D68/><U59/><E124/><N who="0" m="47657" /><D37/><U81/><E95/><V31/><F42/><W4/><G132/><T106/><D106/><U18/><E66/><V28/><F14/><W22/><G40/><T94/><D9/><U84/><E21/><V2/><F2/><W90/><G22/><T96/><D0/><U44/><E44/><V134/><F134/><W49/><G53/><T97/><D97/><U112/><E112/><V133/><F133/><W98/><G118/><T43/><D43/><U15/><E15/><V75/><F79/><AGARI ba="0,0" hai="38,41,47,79,80,87,91,94,96,129,131" m="47657" machi="79" ten="30,2000,0" yaku="18,1,52,1" doraHai="83" who="0" fromWho="2" sc="211,20,230,0,230,-20,329,0" /><AGARI ba="0,0" hai="17,18,19,57,59,60,64,71,79,81,84" m="41577" machi="79" ten="30,5800,0" yaku="14,1,10,1,52,1" doraHai="83" who="1" fromWho="2" sc="231,0,230,58,210,-58,329,0" /><INIT seed="1,1,0,5,0,83" ten="231,288,152,329" oya="1" hai0="81,74,85,101,7,86,116,111,51,39,94,31,76" hai1="104,128,20,105,92,40,47,62,103,97,115,73,24" hai2="9,90,32,19,66,0,119,38,61,134,35,11,33" hai3="16,28,106,121,75,135,67,53,68,8,34,17,14"/><U18/><E128/><V44/><F119/><W125/><G121/><T54/><D39/><U127/><E127/><V126/><F134/><W64/><G75/><T41/><D41/><U133/><E133/><V87/><F126/><W88/><G125/><T4/><D116/><U30/><E73/><V55/><F0/><W56/><G68/><T43/><D43/><U63/><E115/><V120/><F120/><W25/><G135/><T37/><D37/><U23/><E105/><V89/><F89/><W71/><G71/><T82/><D111/><U100/><E100/><V99/><F99/><W12/><G88/><N who="0" m="51247" /><D74/><U130/><E104/><V109/><F109/><W117/><G106/><T98/><D31/><U65/><E65/><V42/><F55/><W78/><G78/><T124/><D124/><U77/><E77/><V2/><F19/><W84/><G84/><T102/><D101/><U80/><E80/><V58/><REACH who="2" step="1"/><F2/><REACH who="2" ten="231,288,142,329" step="2"/><W26/><G117/><T70/><D70/><U108/><E108/><V69/><F69/><W22/><G14/><T132/><D132/><U45/><E130/><V114/><F114/><W131/><G131/><T96/><D98/><U93/><E97/><V15/><F15/><W21/><G8/><T112/><D112/><U52/><E103/><V57/><F57/><AGARI ba="1,1" hai="4,7,51,54,57,76,82,86,94,96,102" m="51247" machi="57" ten="30,7700,0" yaku="8,1,52,2,54,1" doraHai="83" who="0" fromWho="2" sc="231,90,288,0,142,-80,329,0" /><INIT seed="2,0,0,0,4,72" ten="321,288,62,329" oya="2" hai0="17,26,64,124,34,104,31,5,35,77,48,62,105" hai1="29,117,73,84,85,21,50,15,22,90,14,46,97" hai2="75,18,135,68,59,24,57,23,49,54,12,38,78" hai3="115,42,58,133,131,40,6,106,71,116,66,114,86"/><V83/><F68/><W123/><G116/><T127/><D35/><U20/><E117/><V119/><F119/><W122/><G106/><T27/><D5/><U65/><E73/><V103/><F38/><W4/><G71/><T94/><D94/><N who="1" m="56535" /><E65/><V128/><F135/><W16/><G133/><T7/><D7/><N who="3" m="2601" /><G131/><T43/><D43/><N who="3" m="16425" /><G86/><N who="1" m="33386" /><E29/><V51/><F128/><W99/><G99/><T91/><D34/><U47/><E50/><V132/><F132/><W113/><G16/><T63/><D48/><U53/><E53/><V32/><F103/><W30/><G30/><T81/><D17/><U11/><E11/><V13/><REACH who="2" step="1"/><F32/><REACH who="2" ten="321,288,52,329" step="2"/><W56/><G115/><T120/><D120/><U39/><E39/><V0/><F0/><W1/><G1/><T100/><D100/><U10/><E10/><V134/><F134/><W45/><G114/><T95/><D127/><U36/><E36/><V109/><F109/><W126/><G113/><T33/><D124/><U82/><E20/><V111/><F111/><W101/><G126/><T125/><D125/><U25/><E22/><V70/><F70/><W61/><G101/><T28/><D33/><U110/><E110/><V98/><F98/><W93/><G123/><T69/><D69/><U19/><E21/><V130/><F130/><W60/><G122/><T87/><D91/><U102/><E102/><V129/><F129/><W76/><G56/><T88/><D88/><U74/><E46/><V8/><F8/><W79/><G45/><T37/><D37/><U112/><E112/><V96/><F96/><W80/><G58/><T41/><D105/><RYUUKYOKU ba="0,1" sc="321,-10,288,-10,52,30,329,-10" hai2="12,13,18,23,24,49,51,54,57,59,75,78,83" /><INIT seed="2,1,1,0,2,13" ten="311,278,82,319" oya="2" hai0="69,92,64,31,41,45,84,110,90,131,100,22,42" hai1="122,106,103,12,71,1,119,128,104,38,120,65,20" hai2="23,81,2,28,53,46,89,4,35,61,16,133,70" hai3="21,62,82,91,112,93,63,99,59,26,47,56,52"/><V86/><F133/><W17/><G112/><T33/><D33/><U11/><E119/><V75/><F35/><W87/><G47/><T37/><D110/><U96/><E38/><V102/><F28/><W135/><G135/><T130/><D42/><U29/><E1/><V72/><F102/><W85/><G82/><T32/><D32/><U50/><E128/><N who="0" m="49193" /><D64/><AGARI ba="1,1" hai="17,21,26,52,56,59,62,63,64,85,87,91,93,99" machi="64" ten="30,12000,2" yaku="7,1,25,2,8,1,52,1,54,1" doraHai="13" who="3" fromWho="0" sc="311,-123,278,0,82,0,319,133" /><INIT seed="3,0,0,0,2,104" ten="188,278,82,452" oya="3" hai0="28,116,97,68,20,69,72,9,115,79,94,60,85" hai1="122,73,33,107,54,100,27,67,93,17,43,18,0" hai2="51,109,119,95,24,121,34,135,111,99,96,123,15" hai3="120,50,38,59,61,10,87,30,22,75,25,114,42"/><W105/><G75/><T36/><D36/><U45/><E0/><V62/><F51/><W71/><G105/><T32/><D116/><U77/><E107/><V48/><F48/><W101/><G114/><T6/><D60/><U86/><E73/><V47/><F47/><N who="3" m="25975" /><G71/><T44/><D44/><U21/><E33/><V56/><F56/><W5/><G120/><N who="2" m="46153" /><F62/><W82/><G101/><T130/><D32/><U8/><E67/><V131/><F15/><N who="3" m="5583" /><G38/><T117/><D20/><U102/><E54/><V108/><F24/><W132/><G132/><T113/><D28/><U110/><E110/><N who="2" m="28163" /><V74/><DORA hai="11" /><F34/><W63/><G59/><T91/><D68/><U92/><E93/><V112/><F119/><W3/><G3/><T133/><D69/><U39/><E86/><V66/><F66/><W40/><G40/><T128/><D117/><U37/><E77/><AGARI ba="0,0" hai="22,25,30,61,63,77,82,87" m="5583,25975" machi="77" ten="30,5800,0" yaku="25,1,8,1,52,1" doraHai="104,11" who="3" fromWho="1" sc="188,0,278,-58,82,0,452,58" owari="188,-21.2,220,2.0,82,-41.8,510,61.0" /></mjloggm>