<mjloggm ver="2.3"><GO type="225" lobby="0"/><UN n0="%E9%A6%AC%E4%BA%86%E9%9A%94%E5%A3%81" n1="%E6%A1%9C%E8%8A%B1%E9%96%83%E3%80%85" n2="%E6%B4%BE%E9%81%A3%E3%81%AE%E3%82%B8%E3%83%A3%E3%83%83%E3%82%AF" n3="%2D%E8%B1%8A%E5%8F%A3%E3%82%81%E3%81%90%E3%81%BF%2D" dan="18,16,17,16" rate="2203.71,2198.93,2204.61,2086.66" sx="M,M,M,F"/><TAIKYOKU oya="0"/><INIT seed="0,0,0,4,5,40" ten="250,250,250,250" oya="0" hai0="86,122,23,50,126,131,25,54,132,128,37,10,98" hai1="11,33,129,89,27,8,44,104,69,107,68,71,2" hai2="102,36,62,39,80,78,95,20,55,101,19,42,103" hai3="46,120,4,47,5,113,116,56,53,31,51,67,14"/><T9/><D122/><U59/><E129/><N who="0" m="49737" /><D37/><U21/><E33/><V6/><F6/><N who="3" m="2667" /><G113/><T15/><D132/><U48/><E59/><V28/><F28/><W85/><G116/><T87/><D126/><U94/><E2/><V35/><F35/><W123/><G31/><N who="0" m="17855" /><D98/><U124/><E124/><V18/><F95/><W109/><G109/><T83/><D15/><U0/><E0/><V70/><F70/><W1/><G1/><T58/><D87/><U22/><E104/><V75/><F36/><W16/><G85/><T81/><D81/><U38/><E107/><V100/><N who="2" m="25600" /><DORA hai="26" /><V17/><F20/><W118/><G118/><T127/><D127/><U76/><E22/><V79/><F80/><W125/><G125/><T130/><N who="0" m="49745" /><T88/><AGARI ba="0,0" hai="9,10,50,54,58,83,86,88" m="17855,49745" machi="88" ten="40,12000,1" yaku="4,1,19,1,52,1,54,1" doraHai="40,26" who="0" fromWho="0" sc="250,120,250,-40,250,-40,250,-40" /><INIT seed="0,1,0,1,4,29" ten="370,210,210,210" oya="0" hai0="51,65,74,99,41,30,64,37,20,119,59,9,133" hai1="87,43,50,90,15,40,52,134,85,23,114,109,82" hai2="125,17,93,81,0,101,117,110,54,61,113,77,107" hai3="18,103,62,36,96,88,27,53,116,95,79,49,6"/><T112/><D112/><U75/><E75/><V45/><F113/><W19/><G36/><T83/><D119/><U14/><E114/><V60/><F0/><W94/><G116/><T13/><D37/><U105/><E109/><V32/><F107/><W5/><G79/><T38/><D38/><U106/><E134/><V80/><F110/><W69/><G69/><T48/><D133/><U46/><E105/><V135/><F135/><W102/><G62/><T47/><D99/><U84/><E106/><V68/><F117/><W57/><G103/><T10/><D83/><U121/><E121/><V28/><F17/><N who="3" m="6155" /><G27/><N who="0" m="16743" /><D74/><U92/><E23/><V1/><F1/><W120/><G120/><T44/><D59/><U72/><E72/><V127/><F68/><W76/><G76/><T4/><D9/><U66/><E66/><V111/><F111/><W12/><G12/><N who="1" m="4650" /><E82/><V73/><F80/><W16/><N who="3" m="6163" /><W31/><DORA hai="98" /><G31/><T56/><D56/><U78/><E78/><V131/><F81/><W115/><G115/><T58/><D58/><U42/><AGARI ba="1,0" hai="40,42,43,46,50,52,84,85,87,90,92" m="4650" machi="42" ten="30,2000,0" yaku="8,1,54,1" doraHai="29,98" who="1" fromWho="1" sc="370,-11,210,23,210,-6,210,-6" /><INIT seed="1,0,0,4,2,132" ten="359,233,204,204" oya="1" hai0="93,60,24,57,40,134,94,78,101,33,31,16,115" hai1="14,32,98,21,61,42,9,45,73,110,48,123,121" hai2="77,106,54,72,76,52,23,12,56,26,11,96,20" hai3="36,87,104,82,0,59,13,111,63,128,108,41,80"/><U130/><E32/><V6/><F72/><W51/><G0/><T75/><D115/><U133/><E133/><V74/><F74/><W38/><G104/><T64/><D134/><U116/><E116/><V18/><F23/><W103/><G103/><T100/><D40/><U53/><E130/><V79/><REACH who="2" step="1"/><F56/><REACH who="2" ten="359,233,194,204" step="2"/><W44/><G128/><T8/><D75/><U69/><E73/><V35/><F35/><W66/><G111/><T113/><D57/><N who="1" m="34991" /><E110/><V17/><F17/><W29/><G108/><T135/><D33/><U27/><E121/><V4/><F4/><W112/><G112/><T25/><D113/><U91/><E123/><V70/><F70/><W50/><G29/><T84/><D31/><U107/><E69/><V92/><F92/><W99/><G82/><T30/><D30/><U97/><E107/><V125/><F125/><W71/><G71/><T5/><D135/><U129/><E129/><V95/><F95/><W3/><G59/><T28/><D28/><N who="1" m="17519" /><E91/><V83/><F83/><W62/><G80/><T88/><D88/><U15/><E9/><V34/><F34/><W19/><G19/><T47/><D8/><U126/><E126/><V2/><F2/><W90/><G3/><T127/><D127/><U124/><E124/><V89/><F89/><W122/><G122/><T65/><D16/><U10/><E10/><V119/><F119/><W85/><G90/><T105/><D105/><U55/><E42/><V7/><F7/><W120/><G120/><T109/><D5/><U49/><E98/><V43/><F43/><N who="3" m="24863" /><G99/><T102/><D109/><U114/><E97/><RYUUKYOKU ba="0,1" sc="359,-10,233,-10,194,30,204,-10" hai2="6,11,12,18,20,26,52,54,76,77,79,96,106" /><INIT seed="2,1,1,5,4,120" ten="349,223,224,194" oya="2" hai0="80,56,103,3,110,134,37,52,73,76,126,60,42" hai1="117,112,25,10,57,54,14,102,6,88,125,87,44" hai2="123,19,35,63,36,1,59,92,51,93,29,121,17" hai3="43,50,111,100,23,48,21,107,113,109,31,81,99"/><V9/><F36/><W106/><G113/><T72/><D134/><U13/><E112/><V15/><F51/><N who="3" m="19499" /><G43/><T94/><D126/><U84/><E117/><V70/><F70/><W47/><G47/><T24/><D3/><U90/><E125/><V58/><F1/><W97/><G81/><T128/><D128/><U30/><E102/><V124/><F124/><W69/><G69/><T12/><D24/><U71/><E14/><V8/><F15/><W104/><G31/><T119/><D12/><U135/><E44/><V11/><F29/><W0/><G0/><T74/><D119/><U32/><E71/><V101/><F101/><W64/><G64/><T2/><D2/><U108/><E135/><V77/><F77/><W114/><G114/><T82/><D76/><U33/><E33/><V53/><F35/><W83/><G83/><T62/><D62/><N who="1" m="36151" /><E90/><V75/><F75/><W85/><G85/><N who="1" m="32842" /><E88/><V86/><F86/><W65/><G65/><T39/><D39/><U105/><E105/><V98/><F98/><N who="3" m="37387" /><G100/><T66/><D66/><U115/><E115/><V49/><F121/><W131/><G131/><T133/><D133/><U127/><E127/><V38/><F38/><W22/><AGARI ba="1,1" hai="21,22,23,104,106,107,109,111" m="37387,19499" machi="22" ten="40,8000,1" yaku="28,2,52,2" doraHai="120" who="3" fromWho="3" sc="349,-21,223,-21,224,-41,194,93" /><INIT seed="3,0,0,2,3,83" ten="328,202,183,287" oya="3" hai0="40,56,58,5,93,39,61,121,100,52,122,64,133" hai1="0,29,66,125,36,28,26,134,32,89,129,37,118" hai2="8,113,92,110,69,91,135,128,74,119,86,1,84" hai3="123,116,30,17,46,50,60,70,130,131,15,2,124"/><W24/><G2/><T79/><D79/><U97/><E125/><V4/><F119/><W55/><G123/><N who="0" m="47115" /><D93/><U105/><E129/><V85/><F128/><W47/><G116/><T35/><D100/><U20/><E134/><V33/><F113/><W78/><G124/><T95/><D95/><U22/><E118/><V72/><F33/><W96/><G96/><T117/><D5/><U67/><E0/><V106/><F106/><W109/><G109/><T21/><D21/><U51/><E51/><V90/><F69/><W18/><G46/><N who="0" m="23839" /><D35/><U103/><E89/><V104/><F110/><W98/><G30/><T114/><D117/><U94/><E105/><V48/><F135/><W43/><G60/><N who="0" m="37895" /><D133/><U132/><E132/><V126/><F126/><W102/><G55/><T57/><D57/><U12/><E12/><V49/><F104/><W115/><G50/><T108/><D108/><U99/><E99/><V34/><F34/><W44/><G44/><T14/><D14/><U111/><E111/><V9/><F84/><W73/><G43/><T42/><D42/><U77/><E77/><V19/><F1/><W31/><G70/><T112/><AGARI ba="0,0" hai="52,58,61,112,114" m="37895,23839,47115" machi="112" ten="30,4000,0" yaku="34,2,54,1" doraHai="83" who="0" fromWho="0" sc="328,40,202,-10,183,-10,287,-20" owari="368,46.8,192,-20.8,173,-32.7,267,6.7" /></mjloggm>