<mjloggm ver="2.3"><GO type="225" lobby="0"/><UN n0="%E3%81%AF%E3%82%88%E3%81%8A%E3%81%98%E3%81%95%E3%82%93" n1="%6D%75%75%6D%75%72%61" n2="%E4%B8%89%E6%A7%93%E5%AD%90" n3="%E7%82%8E%E3%81%AE%E3%83%88%E3%83%AC%E3%83%BC%E3%83%80%E3%83%BC" dan="16,16,16,16" rate="2205.43,2184.50,2059.60,2150.41" sx="M,F,F,M"/><TAIKYOKU oya="0"/><INIT seed="0,0,0,5,3,71" ten="250,250,250,250" oya="0" hai0="5,84,18,14,75,88,8,127,101,4,50,74,85" hai1="21,42,89,90,32,99,44,56,41,11,112,47,65" hai2="20,0,61,131,120,134,45,30,55,39,123,15,79" hai3="53,17,29,107,122,46,67,52,117,95,34,111,104"/><T110/><D127/><U102/><E32/><V130/><F0/><W43/><G117/><T9/><D110/><U68/><E68/><V92/><F79/><W93/><G67/><T33/><D33/><U128/><E128/><N who="2" m="49195" /><F92/><W132/><G132/><T124/><D124/><U78/><E112/><V105/><F15/><W2/><G2/><T73/><D101/><U1/><E78/><V35/><F20/><W108/><G17/><T126/><D126/><U118/><E118/><V62/><F105/><W114/><G114/><T109/><D109/><N who="3" m="42057" /><G122/><N who="2" m="46633" /><F30/><W40/><G29/><T36/><D36/><U28/><E1/><V70/><F35/><W49/><G34/><T103/><D103/><U77/><E77/><V83/><F83/><W133/><G133/><T60/><D60/><N who="2" m="23146" /><F70/><W26/><G26/><T13/><D18/><U129/><E11/><V125/><F125/><W58/><G107/><T3/><D3/><U76/><E76/><V66/><F66/><W69/><G69/><T10/><D9/><U64/><E129/><V63/><F134/><W97/><G104/><T80/><D84/><U96/><E28/><V59/><F45/><W22/><G22/><T57/><D74/><U135/><E135/><V16/><F16/><W12/><G12/><T24/><D24/><U27/><E102/><V91/><F91/><N who="3" m="55487" /><G95/><T116/><D116/><U81/><E27/><V100/><F100/><W106/><G106/><T31/><D31/><U38/><E21/><V7/><F7/><W23/><G23/><T121/><D121/><U113/><E113/><V6/><F6/><W115/><G115/><RYUUKYOKU ba="0,0" sc="250,10,250,-30,250,10,250,10" hai0="4,5,8,10,13,14,50,57,73,75,80,85,88" hai2="39,55,59,63" hai3="40,43,46,49,52,53,58" /><INIT seed="0,1,0,0,2,62" ten="260,220,260,260" oya="0" hai0="128,43,47,109,42,132,16,30,28,12,110,90,31" hai1="49,124,13,65,89,105,95,134,1,78,25,14,114" hai2="6,41,56,11,120,72,119,133,39,29,101,86,116" hai3="32,131,84,76,118,35,87,15,52,2,92,91,45"/><T104/><D128/><U135/><E105/><V21/><F72/><W115/><G2/><T81/><D132/><N who="1" m="50731" /><E1/><N who="2" m="463" /><F86/><W111/><G131/><T55/><D104/><U24/><E124/><V53/><F101/><W63/><G115/><T75/><D75/><U4/><E78/><V83/><F83/><W99/><G111/><N who="0" m="42507" /><D81/><U80/><E80/><V94/><F94/><W57/><G118/><T122/><D122/><U54/><E114/><V129/><F41/><W125/><G125/><T96/><D96/><N who="1" m="57455" /><E4/><V79/><F39/><W121/><G121/><T127/><D127/><U97/><E97/><V18/><F79/><W123/><G123/><T126/><D126/><U64/><E13/><V112/><F112/><W23/><G76/><T22/><D90/><U36/><E14/><V58/><F120/><W51/><G87/><T44/><D44/><N who="1" m="27943" /><E36/><V82/><F82/><W117/><G84/><T113/><D113/><U60/><E60/><V107/><F107/><W7/><G117/><T108/><N who="0" m="42515" /><T73/><DORA hai="59" /><D73/><U34/><E34/><V98/><F129/><W20/><G32/><T106/><D106/><U27/><AGARI ba="1,0" hai="24,25,27,64,65" m="27943,57455,50731" machi="27" ten="30,4000,0" yaku="20,1,52,2" doraHai="62,59" who="1" fromWho="1" sc="260,-21,220,43,260,-11,260,-11" /><INIT seed="1,0,0,1,3,3" ten="239,263,249,249" oya="1" hai0="124,57,130,84,43,117,11,72,73,7,110,61,18" hai1="27,60,120,66,115,96,118,54,89,51,5,1,62" hai2="16,92,70,15,91,102,59,113,41,109,99,101,26" hai3="108,127,20,8,47,106,67,111,103,78,85,90,125"/><U63/><E115/><V116/><F116/><W100/><G20/><T9/><D117/><U52/><E118/><V29/><F113/><W38/><G67/><T76/><D110/><N who="3" m="42025" /><G38/><T46/><D124/><N who="3" m="47689" /><G47/><T0/><D130/><U44/><E120/><V21/><F70/><W6/><G78/><T10/><D10/><U71/><E27/><V39/><F109/><W74/><G74/><T112/><D112/><U58/><E89/><V22/><F39/><W114/><G114/><T80/><D11/><U121/><E96/><V35/><F41/><W30/><G30/><T93/><D18/><U32/><E32/><V49/><REACH who="2" step="1"/><F35/><REACH who="2" ten="239,263,239,249" step="2"/><W25/><G106/><T86/><D43/><U83/><E121/><V23/><F23/><W50/><G25/><T88/><REACH who="0" step="1"/><D46/><REACH who="0" ten="229,263,239,249" step="2"/><U119/><E119/><V97/><F97/><W105/><G105/><T13/><D13/><U40/><E40/><V98/><F98/><W75/><G8/><T14/><D14/><U34/><E44/><V107/><F107/><W37/><G37/><T31/><D31/><U94/><E1/><V133/><F133/><W87/><G75/><T64/><AGARI ba="0,2" hai="0,7,9,57,61,64,72,73,76,80,84,86,88,93" machi="64" ten="20,8000,1" yaku="1,1,0,1,7,1,52,1,54,1,53,0" doraHai="3" doraHaiUra="17" who="0" fromWho="0" sc="229,100,263,-40,239,-20,249,-20" /><INIT seed="2,0,0,2,5,14" ten="329,223,219,229" oya="2" hai0="1,60,41,115,110,96,19,10,87,47,38,24,11" hai1="16,134,99,105,117,90,56,54,92,44,122,3,123" hai2="126,20,70,128,57,35,18,21,95,52,58,108,100" hai3="9,124,130,62,121,103,61,32,12,81,102,118,64"/><V135/><F70/><W17/><G32/><T114/><D110/><U76/><E117/><V97/><F35/><W8/><G118/><T42/><D42/><U66/><E3/><V48/><F126/><W36/><G124/><T51/><D38/><U67/><E134/><V22/><F135/><W71/><G36/><T53/><D87/><U37/><E105/><V93/><F128/><W88/><G130/><T111/><D111/><U72/><E72/><V120/><F120/><N who="1" m="46121" /><E76/><V34/><F34/><W79/><G79/><T98/><D114/><U15/><E37/><V45/><F108/><W5/><G121/><T83/><D83/><U31/><E31/><V131/><F131/><W28/><G62/><T77/><D77/><U40/><E44/><V107/><F58/><W116/><G28/><T0/><D0/><U133/><E40/><V91/><F107/><W73/><G73/><T39/><D39/><U49/><E133/><V7/><F7/><W65/><G65/><T94/><D96/><U78/><E78/><V86/><F57/><W113/><G113/><T29/><D29/><U27/><E27/><AGARI ba="0,0" hai="18,20,21,22,27,45,48,52,86,91,93,95,97,100" machi="27" ten="30,11600,0" yaku="7,1,8,1,52,1,54,1" doraHai="14" who="2" fromWho="1" sc="329,0,223,-116,219,116,229,0" /><INIT seed="2,1,0,4,0,14" ten="329,107,335,229" oya="2" hai0="15,0,122,62,123,64,82,26,51,113,13,57,131" hai1="4,45,30,114,108,124,96,89,3,110,65,52,126" hai2="75,128,55,25,71,60,127,106,93,119,47,6,40" hai3="38,12,56,95,18,97,5,103,41,54,48,86,101"/><V116/><F106/><W78/><G5/><T53/><D113/><U34/><E114/><V23/><F75/><W9/><G38/><T91/><D0/><U31/><E65/><V79/><F127/><N who="1" m="48681" /><E4/><V49/><F128/><W16/><G41/><T1/><D1/><U67/><E67/><V92/><F79/><W94/><G78/><T33/><D131/><U132/><E3/><V112/><F112/><W107/><G86/><T102/><D102/><U61/><E132/><V11/><F116/><W17/><G107/><T22/><D33/><U115/><E115/><V28/><F119/><W99/><AGARI ba="1,0" hai="9,12,16,17,18,48,54,56,94,95,97,99,101,103" machi="99" ten="30,12000,2" yaku="0,1,9,1,8,1,52,3,54,1" doraHai="14" who="3" fromWho="3" sc="329,-31,107,-31,335,-61,229,123" /><INIT seed="3,0,0,5,1,24" ten="298,76,274,352" oya="3" hai0="6,44,111,118,7,80,89,26,30,10,40,126,51" hai1="49,11,132,97,130,20,112,70,8,78,133,104,87" hai2="46,127,4,121,2,0,60,122,28,66,50,42,85" hai3="107,113,47,25,93,41,92,52,91,16,134,65,106"/><W59/><G65/><T100/><D118/><U76/><E112/><V39/><F127/><W33/><G134/><T36/><D126/><U110/><E70/><V29/><F39/><W18/><G93/><T128/><D111/><U55/><E110/><V81/><F2/><W58/><G58/><T108/><D108/><U32/><E32/><V109/><F0/><W34/><G107/><T54/><D128/><U21/><E130/><V99/><F4/><W77/><G77/><T22/><D100/><U129/><E129/><V3/><F3/><W84/><G106/><T123/><D123/><N who="2" m="47114" /><F99/><W35/><G113/><T19/><D40/><U101/><E104/><V71/><F109/><W9/><G9/><T48/><D51/><U95/><E87/><V116/><F116/><W1/><G25/><T14/><D36/><U74/><E74/><V86/><F86/><AGARI ba="0,0" hai="6,7,10,14,19,22,26,30,44,48,54,80,86,89" machi="86" ten="40,8000,1" yaku="25,2,8,1,52,1" doraHai="24" who="0" fromWho="2" sc="298,80,76,0,274,-80,352,0" owari="378,47.8,76,-42.4,194,-20.6,352,15.2" /></mjloggm>