<mjloggm ver="2.3"><GO type="225" lobby="0"/><UN n0="%E3%81%BF%E3%81%BF%E3%81%9A" n1="%E3%81%9F%E3%81%8B%E3%80%82" n2="%E3%81%99%E3%81%84%E3%81%BE%E3%81%9B%E3%83%BC%E3%82%93" n3="%61%6D%65%6B%69" dan="18,16,18,16" rate="2258.92,2083.54,2293.50,2060.65" sx="M,M,M,M"/><TAIKYOKU oya="0"/><INIT seed="0,0,0,5,2,61" ten="250,250,250,250" oya="0" hai0="108,86,15,91,62,16,12,111,26,36,42,125,17" hai1="46,47,3,75,109,121,95,41,124,115,13,39,6" hai2="33,60,89,10,72,5,106,114,88,20,98,66,32" hai3="78,58,77,129,37,103,35,14,64,104,83,50,133"/><T135/><D125/><U97/><E121/><V99/><F72/><W7/><G37/><T79/><D135/><U63/><E115/><V56/><F114/><W118/><G35/><T18/><D79/><U52/><E75/><V134/><F134/><W94/><G104/><T84/><D26/><U71/><E109/><N who="0" m="42057" /><D62/><U34/><E34/><V116/><F116/><W9/><G118/><T44/><D86/><U43/><E3/><V55/><F33/><W102/><G129/><T87/><D84/><U82/><E82/><AGARI ba="0,0" hai="12,15,16,17,18,36,42,44,82,87,91" m="42057" machi="82" ten="30,5800,0" yaku="14,1,10,1,54,1" doraHai="61" who="0" fromWho="1" sc="250,58,250,-58,250,0,250,0" /><INIT seed="0,1,0,0,4,5" ten="308,192,250,250" oya="0" hai0="35,12,25,54,98,80,39,22,29,83,122,135,58" hai1="11,102,117,100,21,41,124,33,13,44,55,129,24" hai2="134,20,105,87,15,75,30,23,110,68,109,16,72" hai3="62,130,3,36,92,50,6,38,118,31,34,76,85"/><T97/><D122/><U56/><E117/><V53/><F134/><W81/><G118/><T67/><D39/><U8/><E33/><V127/><F127/><W4/><G130/><T47/><D135/><U70/><E70/><V7/><F105/><W0/><G31/><T96/><D35/><U51/><E124/><V106/><F106/><W49/><G34/><T79/><D79/><U63/><E129/><V26/><F7/><W52/><G92/><T95/><D95/><U90/><E90/><V91/><F53/><W9/><G62/><N who="0" m="38359" /><D12/><U113/><E113/><V27/><F68/><W32/><G32/><T93/><D93/><U64/><E64/><V19/><F110/><W77/><G77/><T131/><D131/><U101/><REACH who="1" step="1"/><E13/><REACH who="1" ten="308,182,250,250" step="2"/><V66/><F66/><W74/><G74/><T17/><D29/><AGARI ba="1,1" hai="8,11,21,24,29,41,44,51,55,56,63,100,101,102" machi="29" ten="40,8000,1" yaku="1,1,2,1,8,1,52,2,53,0" doraHai="5" doraHaiUra="128" who="1" fromWho="0" sc="308,-83,182,93,250,0,250,0" /><INIT seed="1,0,0,3,3,43" ten="225,275,250,250" oya="1" hai0="111,46,21,93,34,63,69,48,125,83,45,99,3" hai1="92,61,36,38,107,130,30,98,129,70,73,22,59" hai2="71,62,5,58,96,128,11,82,87,56,90,57,7" hai3="4,131,68,14,8,78,114,97,35,40,84,44,120"/><U85/><E73/><V25/><F128/><N who="1" m="49257" /><E70/><V66/><F25/><W64/><G131/><T20/><D34/><U89/><E107/><V117/><F117/><W33/><G120/><T16/><D3/><U2/><E2/><V42/><F11/><W103/><G114/><T52/><D111/><U101/><E22/><V79/><F42/><W127/><G127/><T121/><D125/><U65/><E30/><V104/><REACH who="2" step="1"/><F90/><REACH who="2" ten="225,275,240,250" step="2"/><W29/><G29/><T86/><D121/><U47/><E89/><V31/><F31/><W112/><G112/><T134/><D134/><U41/><E38/><V1/><F1/><W39/><G78/><N who="0" m="46455" /><D69/><U105/><E105/><V113/><F113/><W49/><G39/><T132/><D132/><U126/><E126/><V102/><AGARI ba="0,1" hai="5,7,56,57,58,62,66,71,79,82,87,96,102,104" machi="102" ten="30,2000,0" yaku="1,1,0,1,53,0" doraHai="43" doraHaiUra="37" who="2" fromWho="2" sc="225,-5,275,-10,240,30,250,-5" /><INIT seed="2,0,0,5,3,11" ten="220,265,270,245" oya="2" hai0="46,73,132,126,101,88,67,79,4,70,85,113,30" hai1="31,60,17,54,96,133,6,62,97,43,61,69,18" hai2="91,82,33,130,42,49,36,95,78,58,121,50,107" hai3="124,9,55,129,56,102,34,75,65,87,12,8,83"/><V13/><F121/><W123/><G123/><T66/><D113/><U116/><E116/><V112/><F112/><W10/><G34/><T32/><D126/><U72/><E72/><V20/><F33/><W51/><G75/><T39/><D101/><U63/><E133/><V44/><F107/><W119/><G119/><T41/><D132/><U53/><E43/><V19/><F130/><W90/><G129/><T81/><D70/><U92/><E31/><V5/><F5/><W80/><G124/><T108/><D108/><U64/><E6/><V109/><F109/><W15/><G102/><T84/><D84/><U122/><E122/><V40/><F40/><W125/><G125/><T104/><D104/><U127/><E127/><V23/><F23/><W100/><G100/><T22/><D32/><U74/><E74/><V1/><F1/><W86/><REACH who="3" step="1"/><G65/><REACH who="3" ten="220,265,270,235" step="2"/><T2/><D2/><U115/><E115/><V76/><F76/><AGARI ba="0,1" hai="8,9,10,12,15,51,55,56,76,80,83,86,87,90" machi="76" ten="40,8000,1" yaku="1,1,2,1,8,1,52,2,53,0" doraHai="11" doraHaiUra="134" who="3" fromWho="2" sc="220,0,265,0,270,-80,235,90" /><INIT seed="3,0,0,2,0,2" ten="220,265,190,325" oya="3" hai0="0,89,44,82,7,111,109,113,81,71,41,22,60" hai1="123,10,95,125,14,35,94,5,43,49,70,126,114" hai2="79,33,80,117,78,58,50,40,100,32,132,54,108" hai3="15,72,93,9,52,20,76,124,135,64,12,105,68"/><W104/><G64/><N who="0" m="41351" /><D22/><U107/><E107/><V18/><F117/><W90/><G68/><T66/><D66/><U38/><E70/><V30/><F132/><W65/><G65/><T120/><D120/><U56/><E35/><V59/><F108/><N who="0" m="41546" /><D113/><U88/><E123/><V19/><F100/><W27/><G135/><T8/><D89/><U29/><E29/><V39/><F59/><W13/><G124/><N who="1" m="47722" /><E114/><V115/><F115/><W118/><G118/><T55/><D55/><N who="1" m="31855" /><E38/><AGARI ba="0,0" hai="0,7,8,38,41,44,81,82" m="41546,41351" machi="38" ten="30,2000,0" yaku="14,1,52,1" doraHai="2" who="0" fromWho="1" sc="220,20,265,-20,190,0,325,0" owari="240,-16.0,245,4.5,190,-31.0,325,42.5" /></mjloggm>