<mjloggm ver="2.3"><GO type="225" lobby="0"/><UN n0="%4E%6F%2E%30%30%30%31" n1="%6D%75%75%6D%75%72%61" n2="%E6%98%93%E5%88%A9%E8%96%A9%E4%BC%AF" n3="%72%69%6F%75%63%68%61%6E" dan="18,16,16,16" rate="2193.96,2107.30,2098.33,2168.66" sx="F,F,F,M"/><TAIKYOKU oya="0"/><INIT seed="0,0,0,0,3,58" ten="250,250,250,250" oya="0" hai0="50,42,52,76,99,118,94,63,53,104,15,71,54" hai1="3,0,93,37,19,40,41,132,108,17,70,95,43" hai2="88,30,7,128,12,120,68,9,78,13,61,2,57" hai3="109,110,135,62,84,28,25,44,66,72,39,101,55"/><T134/><D118/><U31/><E37/><V82/><F120/><W26/><G135/><T97/><D134/><U11/><E132/><V74/><F128/><W85/><G72/><T1/><D1/><U4/><E108/><N who="3" m="41578" /><G101/><T86/><D104/><U119/><E119/><V29/><F68/><N who="3" m="42071" /><G25/><T115/><D115/><U67/><E3/><V46/><F46/><W83/><G83/><N who="0" m="47463" /><D71/><U90/><E31/><V121/><F121/><W113/><G113/><T131/><D131/><U81/><E81/><V126/><F126/><W47/><G47/><N who="0" m="25975" /><D15/><U91/><E67/><V102/><F102/><W69/><G69/><T111/><D111/><U51/><E70/><V22/><F88/><W56/><G44/><T125/><D125/><U16/><E91/><V98/><F98/><N who="0" m="37386" /><D94/><U65/><E90/><V59/><F59/><AGARI ba="0,0" hai="52,53,54,59,63" m="37386,25975,47463" machi="59" ten="30,5800,0" yaku="8,1,52,1,54,1" doraHai="58" who="0" fromWho="2" sc="250,58,250,0,250,-58,250,0" /><INIT seed="0,1,0,3,5,30" ten="308,250,192,250" oya="0" hai0="103,34,37,67,116,120,25,129,20,1,111,52,117" hai1="113,133,118,85,104,100,69,65,43,76,64,2,66" hai2="29,60,73,107,59,57,125,102,68,75,72,50,0" hai3="98,17,3,134,38,86,112,42,126,26,56,31,127"/><T90/><D120/><U46/><E118/><V41/><F0/><W18/><G112/><T110/><D34/><U27/><E113/><V92/><F125/><W61/><G3/><T54/><D1/><U84/><E2/><V95/><F68/><W71/><G71/><T114/><D114/><U79/><E69/><V49/><F29/><W130/><G130/><T128/><D103/><U58/><E58/><V124/><F124/><N who="3" m="47659" /><G134/><T109/><D37/><U132/><E27/><V99/><F59/><W28/><G28/><N who="0" m="17447" /><D90/><U48/><E100/><V4/><F4/><W94/><G86/><N who="1" m="33386" /><E104/><V88/><F41/><W40/><G38/><T97/><D67/><U53/><E43/><N who="3" m="16426" /><G94/><T9/><D97/><U74/><E74/><V47/><F47/><W6/><G6/><T11/><D116/><U23/><E79/><V93/><REACH who="2" step="1"/><F88/><REACH who="2" ten="308,250,182,250" step="2"/><W115/><G115/><T78/><D117/><U45/><E45/><V13/><F13/><W10/><G98/><T87/><D128/><U39/><E39/><V22/><F22/><N who="3" m="15831" /><G10/><N who="0" m="3595" /><D129/><U21/><E21/><V96/><F96/><W33/><G33/><T135/><D135/><U7/><E23/><V105/><F105/><W83/><G83/><AGARI ba="1,1" hai="52,54,78,83,87,109,110,111" m="3595,17447" machi="83" ten="40,7700,0" yaku="14,1,10,1,54,1" doraHai="30" who="0" fromWho="3" sc="308,90,250,0,182,0,250,-80" /><INIT seed="0,2,0,5,1,101" ten="398,250,182,170" oya="0" hai0="61,64,98,99,109,128,112,46,133,52,43,135,48" hai1="74,16,108,111,60,125,127,54,70,75,124,47,0" hai2="82,116,96,78,22,73,83,5,57,107,28,89,106" hai3="103,17,6,131,115,122,18,117,20,94,21,12,93"/><T27/><D112/><U2/><E47/><V34/><F34/><W67/><G115/><T7/><D128/><U84/><E84/><V91/><F5/><W24/><G117/><T14/><D109/><N who="1" m="42059" /><E54/><V55/><F116/><W95/><G131/><T105/><D27/><U87/><E87/><V118/><F118/><W29/><G122/><T113/><D113/><U1/><E16/><V72/><F28/><W69/><G6/><T110/><D110/><U104/><E104/><V62/><F22/><W53/><G53/><T38/><D7/><U10/><E10/><V132/><F132/><N who="0" m="50762" /><D14/><U41/><E41/><V121/><F121/><W58/><G69/><N who="0" m="42127" /><D105/><U88/><E88/><V40/><F40/><W102/><REACH who="3" step="1"/><G18/><REACH who="3" ten="398,250,182,160" step="2"/><T3/><D3/><U26/><E26/><V50/><F62/><AGARI ba="2,1" hai="12,17,20,21,24,29,58,62,67,93,94,95,102,103" machi="62" ten="40,12000,2" yaku="1,1,2,1,8,1,53,3" doraHai="101" doraHaiUra="90" who="3" fromWho="2" sc="398,0,250,0,182,-126,160,136" /><INIT seed="1,0,0,4,1,134" ten="398,250,56,296" oya="1" hai0="122,79,101,10,128,82,84,23,126,33,1,58,41" hai1="77,32,113,19,83,61,117,94,73,21,99,46,114" hai2="8,72,68,55,60,88,85,112,81,39,95,26,2" hai3="135,130,9,13,133,17,120,3,116,97,76,64,56"/><U24/><E117/><V105/><F105/><W98/><G120/><T59/><D33/><U89/><E32/><V12/><F112/><W80/><G116/><T118/><D118/><U25/><E25/><V57/><F39/><W30/><G130/><T0/><D101/><U54/><E46/><V111/><F111/><W71/><G71/><T127/><D128/><U22/><REACH who="1" step="1"/><E21/><REACH who="1" ten="398,240,56,296" step="2"/><V121/><F121/><W110/><G135/><T28/><D122/><U4/><E4/><V100/><F26/><W47/><G133/><T31/><D23/><U104/><E104/><V52/><F68/><W53/><G47/><T5/><D5/><U15/><E15/><V131/><F2/><W45/><G45/><T27/><D27/><U63/><E63/><V51/><F131/><W74/><G3/><T106/><D106/><U96/><E96/><V70/><F70/><W109/><G98/><T66/><D0/><U43/><E43/><V18/><F100/><W37/><G97/><T67/><D41/><U65/><E65/><N who="0" m="24585" /><D1/><U102/><E102/><V62/><REACH who="2" step="1"/><F55/><REACH who="2" ten="398,240,46,296" step="2"/><W87/><G53/><T50/><D31/><U93/><E93/><V115/><F115/><W124/><G30/><T34/><D28/><U36/><E36/><V86/><F86/><W14/><G37/><T75/><D84/><U108/><E108/><V129/><F129/><W44/><G87/><T48/><D34/><U7/><E7/><V91/><F91/><W132/><G132/><T11/><D75/><U42/><E42/><V35/><F35/><W123/><G110/><T38/><D38/><U40/><E40/><RYUUKYOKU ba="0,2" sc="398,-15,240,15,46,15,296,-15" hai1="19,22,24,54,61,73,77,83,89,94,99,113,114" hai2="8,12,18,51,52,57,60,62,72,81,85,88,95" /><INIT seed="1,1,2,4,0,9" ten="383,255,61,281" oya="1" hai0="124,112,6,23,88,95,132,73,45,55,49,59,62" hai1="4,48,52,134,133,71,119,81,108,84,101,122,27" hai2="78,115,75,123,90,87,18,116,135,61,79,28,80" hai3="63,76,3,15,30,113,53,82,47,12,126,131,26"/><U70/><E119/><V21/><F116/><W5/><G113/><T14/><D112/><U0/><E122/><V85/><F123/><W25/><G126/><T57/><D73/><U10/><E101/><V129/><F115/><W106/><G106/><T74/><D74/><U104/><E27/><V8/><F135/><N who="1" m="51721" /><E104/><V100/><F129/><W99/><G131/><T37/><D132/><U91/><E108/><V66/><F100/><W46/><G3/><T111/><D124/><U17/><E17/><V1/><F75/><W35/><G5/><T29/><D37/><U128/><E128/><V68/><F28/><W42/><G26/><N who="0" m="16607" /><D111/><U34/><E34/><V16/><F87/><W56/><G99/><N who="0" m="57831" /><D62/><U64/><E64/><V127/><F127/><W43/><G47/><AGARI ba="1,2" hai="0,4,10,47,48,52,70,71,81,84,91" m="51721" machi="47" ten="30,2900,0" yaku="20,1,54,1" doraHai="9" who="1" fromWho="3" sc="383,0,255,52,61,0,281,-32" /><INIT seed="1,2,0,4,2,77" ten="383,307,61,249" oya="1" hai0="134,16,13,18,65,100,79,132,21,84,91,117,9" hai1="52,112,114,56,73,25,32,90,83,98,61,2,30" hai2="10,45,88,60,44,62,57,102,69,76,5,15,17" hai3="68,53,22,8,82,78,70,66,118,105,120,37,51"/><U43/><E2/><V130/><F130/><W41/><G120/><T48/><D117/><U75/><E43/><V119/><F119/><W59/><G105/><T123/><D123/><U1/><E1/><V14/><F102/><W115/><G115/><T101/><D79/><U124/><E124/><V99/><F76/><W55/><G118/><T71/><D48/><U6/><E6/><V110/><F110/><W109/><G109/><T125/><D125/><U103/><E75/><V46/><F69/><N who="3" m="26731" /><G82/><N who="0" m="49559" /><D65/><U135/><E135/><N who="0" m="51753" /><D71/><U20/><E32/><V93/><REACH who="2" step="1"/><F57/><REACH who="2" ten="383,307,51,249" step="2"/><W87/><G59/><T36/><D36/><U108/><E108/><V116/><F116/><W50/><G37/><T11/><D11/><AGARI ba="2,1" hai="5,10,11,14,15,17,44,45,46,60,62,88,93,99" machi="11" ten="40,5200,0" yaku="1,1,8,1,54,1,53,0" doraHai="77" doraHaiUra="96" who="2" fromWho="0" sc="383,-58,307,0,51,68,249,0" /><INIT seed="2,0,0,2,5,53" ten="325,307,119,249" oya="2" hai0="127,65,135,61,49,57,10,79,121,78,98,132,73" hai1="68,101,70,118,52,102,13,128,27,94,124,83,28" hai2="16,95,41,12,2,37,76,129,11,85,17,21,69" hai3="44,108,1,5,59,35,96,48,20,93,42,26,51"/><V64/><F129/><W88/><G108/><T99/><D121/><U8/><E118/><V36/><F41/><W33/><G1/><T81/><D127/><U111/><E111/><V71/><F2/><W38/><G5/><T84/><D10/><U14/><E124/><V0/><F0/><W23/><G23/><T123/><D123/><U72/><E128/><V92/><F92/><W30/><REACH who="3" step="1"/><G59/><REACH who="3" ten="325,307,119,239" step="2"/><T24/><D57/><U39/><E70/><V22/><F11/><W62/><G62/><T50/><D61/><U32/><E68/><V67/><F71/><W75/><G75/><T133/><D73/><U114/><E72/><V104/><F69/><W116/><G116/><T18/><D135/><U117/><E117/><V131/><F131/><W105/><G105/><T31/><D133/><U46/><E32/><AGARI ba="0,1" hai="20,26,30,32,33,35,38,42,44,48,51,88,93,96" machi="32" ten="40,2600,0" yaku="1,1,54,1,53,0" doraHai="53" doraHaiUra="120" who="3" fromWho="1" sc="325,0,307,-26,119,0,239,36" /><INIT seed="3,0,0,3,5,28" ten="325,281,119,275" oya="3" hai0="5,51,124,93,109,48,66,135,117,32,39,40,61" hai1="127,97,74,72,112,89,118,52,56,85,2,91,84" hai2="10,11,15,121,116,130,122,80,17,46,132,34,30" hai3="26,106,115,8,95,113,99,14,58,96,47,36,63"/><W71/><G71/><T111/><D117/><U57/><E112/><V12/><F80/><W22/><G106/><T131/><D131/><U79/><E118/><V31/><F46/><W100/><G99/><T107/><D107/><U24/><E2/><V4/><F116/><W125/><G125/><T114/><D124/><U105/><E127/><V25/><F130/><W126/><G126/><T3/><D135/><U53/><E79/><V20/><F132/><W62/><G62/><T92/><D32/><U41/><E41/><V42/><REACH who="2" step="1"/><F42/><REACH who="2" ten="325,281,109,275" step="2"/><W29/><G47/><T18/><D40/><U33/><E72/><V68/><F68/><W13/><G115/><T43/><D43/><U102/><E74/><V65/><F65/><W128/><G113/><T54/><D66/><U108/><E108/><V64/><F64/><N who="3" m="39031" /><G128/><T110/><D114/><U67/><E67/><V1/><F1/><W70/><G70/><T103/><D3/><U21/><E53/><V7/><F7/><W88/><G36/><T6/><D39/><U35/><E52/><V81/><F81/><W83/><G8/><T78/><D110/><U55/><E55/><V38/><F38/><W123/><G123/><T60/><D54/><U76/><E56/><V119/><F119/><W86/><AGARI ba="0,1" hai="13,14,22,26,29,83,86,88,95,96,100" m="39031" machi="86" ten="30,6000,0" yaku="25,1,8,1,54,1" doraHai="28" who="3" fromWho="3" sc="325,-20,281,-20,109,-20,275,70" owari="305,10.5,261,-13.9,89,-41.1,345,44.5" /></mjloggm>