<mjloggm ver="2.3"><GO type="225" lobby="0"/><UN n0="%72%65%6E%6B%75%6E" n1="%61%6D%65%6B%69" n2="%E3%81%BF%E3%81%BF%E3%81%9A" n3="%4B%2E%32%2E%4B%2E" dan="17,16,18,16" rate="2233.71,2091.44,2255.35,2126.79" sx="M,M,M,M"/><TAIKYOKU oya="0"/><INIT seed="0,0,0,4,0,89" ten="250,250,250,250" oya="0" hai0="21,2,18,3,74,106,48,93,33,124,78,28,130" hai1="53,55,85,98,133,51,66,10,52,44,104,47,43" hai2="102,116,23,83,134,37,64,72,135,117,9,129,79" hai3="63,80,25,70,112,61,60,5,114,22,11,27,68"/><T113/><D106/><U50/><E133/><N who="2" m="50699" /><F37/><W107/><G107/><T62/><D113/><U29/><E29/><V46/><F46/><W81/><G11/><T118/><D28/><U86/><E66/><V96/><F23/><W75/><G5/><T32/><D78/><U84/><E104/><N who="2" m="63559" /><F64/><W82/><G75/><T26/><D74/><U38/><E38/><V41/><F41/><W109/><G109/><T65/><D33/><U103/><E10/><V54/><F54/><W76/><G76/><T94/><D32/><U36/><E36/><V59/><F59/><W24/><REACH who="3" step="1"/><G22/><REACH who="3" ten="250,250,250,240" step="2"/><T45/><D21/><U121/><E121/><V31/><F9/><W19/><G19/><T119/><D18/><U71/><E71/><AGARI ba="0,1" hai="24,25,27,60,61,63,68,70,71,80,81,82,112,114" machi="71" ten="50,8000,1" yaku="1,1,29,2,28,2,53,0" doraHai="89" doraHaiUra="16" who="3" fromWho="1" sc="250,0,250,-80,250,0,240,90" /><INIT seed="1,0,0,2,3,27" ten="250,170,250,330" oya="1" hai0="71,121,78,134,37,40,122,104,123,119,5,61,84" hai1="114,105,115,67,42,1,2,45,56,95,128,94,53" hai2="112,3,98,32,55,6,135,35,44,103,130,74,86" hai3="21,18,4,54,12,81,63,118,16,30,13,25,91"/><U90/><E105/><V131/><F74/><W38/><G38/><T117/><D104/><U107/><E107/><N who="2" m="63991" /><F86/><N who="3" m="50639" /><G118/><N who="0" m="45067" /><D134/><U108/><E67/><V34/><F135/><W7/><G13/><T15/><D71/><U110/><E128/><N who="2" m="49195" /><F112/><W17/><G12/><T59/><D40/><U24/><E115/><V101/><F101/><W60/><G54/><N who="0" m="34039" /><D37/><U83/><E114/><V22/><F22/><W11/><G11/><N who="0" m="4591" /><D84/><N who="1" m="50463" /><E2/><V48/><F6/><AGARI ba="0,0" hai="4,6,7,16,17,18,21,25,30,60,63" m="50639" machi="6" ten="30,3900,0" yaku="8,1,52,1,54,1" doraHai="27" who="3" fromWho="2" sc="250,0,170,0,250,-39,330,39" /><INIT seed="2,0,0,3,1,48" ten="250,170,211,369" oya="2" hai0="88,100,35,13,61,11,23,58,95,70,117,1,85" hai1="18,17,126,103,84,42,62,10,37,21,120,109,98" hai2="6,76,121,12,81,97,86,28,45,47,89,92,94" hai3="82,38,3,41,43,124,83,51,39,71,105,133,118"/><V114/><F114/><W131/><G105/><T104/><D35/><U135/><E120/><V113/><F113/><W60/><G3/><T50/><D117/><U24/><E135/><V25/><F121/><W77/><G118/><T54/><D1/><U74/><E74/><V59/><F6/><W27/><G27/><T8/><D104/><U2/><E109/><V33/><F12/><W75/><G124/><T31/><D100/><U0/><E126/><V36/><F36/><W69/><G131/><T90/><D90/><U57/><E84/><V101/><REACH who="2" step="1"/><F59/><REACH who="2" ten="250,170,201,369" step="2"/><W19/><G39/><T80/><D70/><U9/><E37/><V107/><F107/><W123/><G38/><T16/><D31/><U99/><E2/><V122/><F122/><W91/><G69/><T108/><D108/><U102/><E0/><V127/><F127/><W93/><G71/><T78/><REACH who="0" step="1"/><D61/><REACH who="0" ten="240,170,201,369" step="2"/><U64/><E62/><V66/><F66/><W32/><G60/><T34/><D34/><U15/><E64/><V79/><F79/><W52/><G32/><T49/><D49/><U96/><E57/><V87/><AGARI ba="0,2" hai="25,28,33,45,47,76,81,86,87,89,92,94,97,101" machi="87" ten="20,12000,1" yaku="1,1,0,1,7,1,53,2" doraHai="48" doraHaiUra="40" who="2" fromWho="2" sc="240,-40,170,-40,201,140,369,-40" /><INIT seed="2,1,0,3,1,116" ten="200,130,341,329" oya="2" hai0="89,100,58,117,30,18,48,23,132,107,44,87,133" hai1="77,76,88,80,75,4,106,114,102,112,98,45,123" hai2="63,135,86,42,90,69,65,84,94,6,105,74,79" hai3="10,93,122,115,34,1,32,22,125,27,36,57,91"/><V95/><F105/><W54/><G36/><T9/><D117/><U71/><E71/><V111/><F135/><N who="0" m="51786" /><D58/><U17/><E4/><V15/><F111/><W113/><G125/><T25/><D107/><U61/><E61/><V39/><F74/><W104/><G104/><T33/><D100/><U37/><E77/><V11/><F79/><W12/><G122/><T59/><D59/><U66/><E66/><V127/><F127/><W38/><G1/><T121/><D9/><U85/><E17/><V99/><F42/><W126/><G38/><T81/><D121/><U46/><E123/><V73/><F73/><W21/><G126/><T130/><D130/><U43/><REACH who="1" step="1"/><E46/><REACH who="1" ten="200,120,341,329" step="2"/><V3/><F63/><W82/><G57/><T118/><D118/><U128/><E128/><V14/><F65/><W47/><G47/><T31/><D44/><U134/><E134/><V70/><F69/><W50/><G113/><T5/><D5/><U62/><E62/><V124/><F70/><W20/><G115/><T72/><D72/><U83/><AGARI ba="1,1" hai="37,43,45,75,76,80,83,85,88,98,102,106,112,114" machi="83" ten="20,5200,0" yaku="1,1,0,1,7,1,54,1,53,0" doraHai="116" doraHaiUra="13" who="1" fromWho="1" sc="200,-14,120,65,341,-27,329,-14" /><INIT seed="3,0,0,1,1,110" ten="186,185,314,315" oya="3" hai0="2,90,92,10,55,39,26,69,102,15,129,57,14" hai1="108,80,99,0,75,77,12,71,67,78,7,135,60" hai2="118,112,96,53,117,68,130,37,87,81,89,17,61" hai3="48,84,8,40,88,1,46,5,100,56,114,76,58"/><W79/><G114/><T94/><D69/><U122/><E108/><V25/><F112/><W32/><G32/><T64/><D39/><U44/><E122/><V11/><F37/><W29/><G29/><T42/><D42/><U98/><E135/><V109/><F109/><W28/><G28/><T133/><D133/><U119/><E119/><V20/><F130/><W86/><G100/><T82/><D129/><U132/><E132/><V72/><F72/><W93/><REACH who="3" step="1"/><G84/><REACH who="3" ten="186,185,314,305" step="2"/><T111/><D102/><U54/><E0/><V70/><F117/><W3/><G3/><T50/><D111/><U123/><E123/><V43/><F118/><W73/><G73/><T120/><D120/><U104/><E104/><V38/><F11/><W47/><G47/><T128/><D2/><U121/><E121/><V13/><F13/><W52/><G52/><T27/><D128/><U91/><E78/><AGARI ba="0,1" hai="1,5,8,40,46,48,56,58,76,78,79,86,88,93" machi="78" ten="40,3900,0" yaku="1,1,54,1,53,0" doraHai="110" doraHaiUra="115" who="3" fromWho="1" sc="186,0,185,-39,314,0,305,49" owari="186,-21.4,146,-35.4,314,11.4,354,45.4" /></mjloggm>