<mjloggm ver="2.3"><GO type="225" lobby="0"/><UN n0="%E3%82%B7%E3%83%B3%E5%A4%AA%E6%9C%97" n1="%61%6D%65%6B%69" n2="%E3%82%A2%E3%83%A1%E3%82%A2%E3%83%A9%E3%83%AC" n3="%E3%81%A4%E3%81%A3%E3%81%B1%E3%82%8A%E3%83%9D%E3%83%BC%E3%83%AB" dan="16,16,16,17" rate="2152.09,2100.23,2160.68,2233.21" sx="M,M,M,M"/><TAIKYOKU oya="0"/><INIT seed="0,0,0,3,1,28" ten="250,250,250,250" oya="0" hai0="39,27,2,102,35,14,59,76,119,13,23,6,106" hai1="100,42,122,120,85,10,127,93,87,44,131,53,125" hai2="123,63,132,49,22,116,7,17,70,38,109,114,126" hai3="103,61,72,118,130,105,51,15,69,11,46,133,41"/><T66/><D119/><U57/><E100/><V90/><F123/><N who="1" m="47145" /><E93/><V8/><F114/><W98/><G118/><T78/><D39/><N who="1" m="21599" /><E10/><V113/><F38/><W9/><G130/><T74/><D2/><U110/><E87/><V0/><F109/><W65/><G133/><T112/><D112/><U54/><E85/><V111/><F111/><W84/><G72/><T94/><D106/><U67/><E110/><V25/><F132/><W47/><G15/><T43/><D74/><U4/><E4/><V18/><F90/><W60/><G60/><N who="0" m="38175" /><D43/><U71/><E131/><V62/><F8/><W73/><G73/><T101/><D35/><U24/><E24/><V32/><F25/><W97/><G97/><N who="0" m="59575" /><D102/><U64/><E54/><V1/><F1/><W37/><G84/><T108/><D108/><U124/><E71/><V21/><F70/><W91/><G91/><T115/><D115/><U12/><E12/><N who="0" m="4713" /><D6/><U45/><E45/><V80/><F7/><W36/><G36/><T79/><D79/><U88/><E88/><V20/><F0/><W117/><G117/><T68/><D68/><U56/><E56/><V81/><F116/><W26/><G26/><T129/><D129/><U3/><E3/><V52/><F32/><W86/><G86/><T121/><D121/><U19/><E19/><AGARI ba="0,0" hai="19,23,27,76,78" m="4713,59575,38175" machi="19" ten="30,1500,0" yaku="8,1" doraHai="28" who="0" fromWho="1" sc="250,15,250,-15,250,0,250,0" /><INIT seed="0,1,0,3,1,121" ten="265,235,250,250" oya="0" hai0="116,46,129,13,82,99,122,74,89,60,33,66,8" hai1="41,23,4,119,84,103,107,56,29,36,85,79,123" hai2="52,9,44,68,97,111,101,12,71,95,34,7,112" hai3="73,62,45,86,18,81,15,2,30,67,55,61,130"/><T93/><D122/><U32/><E32/><V88/><F112/><W0/><G130/><T106/><D129/><U126/><E119/><V3/><F34/><W96/><G73/><T83/><D116/><U16/><E79/><V31/><F31/><W64/><G30/><T132/><D132/><U117/><E117/><V110/><F3/><W125/><G125/><T35/><D106/><U128/><E29/><V133/><F133/><W27/><G27/><T87/><D46/><U50/><E126/><V39/><F101/><W100/><G2/><T54/><D54/><U120/><E4/><V20/><F20/><W6/><G6/><T49/><D49/><U21/><E128/><V92/><F92/><N who="3" m="58375" /><G0/><T25/><D25/><U124/><E124/><V109/><REACH who="2" step="1"/><F52/><REACH who="2" ten="265,235,240,250" step="2"/><W134/><G134/><T90/><D74/><U37/><E103/><V19/><F19/><W135/><G135/><T28/><D28/><U76/><E16/><V77/><F77/><N who="3" m="46383" /><G45/><T22/><D22/><U59/><E76/><V17/><F17/><W48/><G62/><T58/><REACH who="0" step="1"/><D82/><REACH who="0" ten="255,235,240,250" step="2"/><U26/><E107/><V1/><F1/><W14/><G55/><T113/><D113/><U114/><E26/><V94/><F94/><W104/><G104/><T80/><D80/><U70/><E114/><V51/><F51/><W24/><G48/><T38/><D38/><U43/><E50/><V11/><F11/><W65/><G61/><T75/><D75/><U105/><E105/><V91/><F91/><W108/><G65/><T78/><D78/><U42/><E42/><AGARI ba="1,2" hai="7,9,12,39,42,44,68,71,88,95,97,109,110,111" machi="42" ten="40,12000,2" yaku="1,1,14,1,52,3,54,1,53,0" doraHai="121" doraHaiUra="47" who="2" fromWho="1" sc="255,0,235,-123,240,143,250,0" /><INIT seed="1,0,0,5,4,23" ten="255,112,383,250" oya="1" hai0="84,17,11,51,110,31,54,83,132,47,24,63,43" hai1="122,40,60,113,20,29,7,130,56,133,120,18,75" hai2="6,38,125,3,62,2,131,32,41,33,25,107,21" hai3="5,22,119,129,127,103,104,118,109,58,8,72,124"/><U64/><E113/><V70/><F107/><W82/><G58/><T112/><D132/><U26/><E75/><V57/><F70/><W16/><G103/><T77/><D110/><U91/><E133/><V65/><F131/><W10/><G104/><T73/><D112/><U96/><E130/><V48/><F38/><W108/><G129/><T87/><D11/><N who="3" m="4137" /><G5/><T128/><D17/><U61/><E7/><V134/><F6/><W74/><G82/><T12/><D12/><U53/><E40/><V76/><F76/><W52/><G52/><T97/><D97/><U37/><E37/><V92/><F92/><W36/><G36/><T67/><D43/><U102/><E91/><V126/><F48/><W135/><G135/><T49/><D51/><U0/><E0/><N who="2" m="43" /><F134/><W99/><G99/><T121/><D121/><U55/><E18/><N who="2" m="12471" /><F41/><W19/><G19/><T89/><D89/><U85/><E85/><V9/><F9/><W90/><G90/><T114/><D114/><U45/><E45/><V50/><F50/><W68/><G68/><T66/><D128/><U116/><E116/><N who="3" m="44586" /><G109/><T14/><D14/><U95/><REACH who="1" step="1"/><E55/><REACH who="1" ten="255,102,383,250" step="2"/><V79/><F79/><W86/><G86/><T27/><D84/><U69/><AGARI ba="0,1" hai="20,26,29,53,56,60,61,64,69,95,96,102,120,122" machi="69" ten="20,12000,1" yaku="1,1,2,1,0,1,7,1,52,1,53,0" doraHai="23" doraHaiUra="101" who="1" fromWho="1" sc="255,-40,102,130,383,-40,250,-40" /><INIT seed="1,1,0,5,1,62" ten="215,232,343,210" oya="1" hai0="135,36,89,113,93,11,39,92,45,66,83,55,26" hai1="78,14,94,61,134,75,52,108,69,20,76,95,64" hai2="16,63,53,13,12,97,7,41,51,86,101,19,77" hai3="2,3,118,124,47,42,29,21,6,56,90,27,80"/><U18/><E134/><V110/><F110/><W28/><G124/><T131/><D135/><U119/><E119/><V68/><F41/><W105/><G105/><T44/><D131/><U81/><E108/><V50/><F7/><W73/><G118/><T25/><D113/><U1/><E1/><V67/><F86/><W99/><G29/><T30/><D11/><U8/><E78/><V98/><F77/><W33/><G33/><T127/><D127/><U133/><E133/><V104/><F97/><W109/><G109/><T38/><D66/><U88/><E95/><V115/><F115/><W91/><G56/><T116/><D116/><U125/><E125/><V114/><F114/><W112/><G112/><T70/><D70/><U15/><E52/><V87/><F87/><W65/><G65/><T5/><D5/><U35/><E35/><V72/><F72/><W82/><G99/><T71/><D71/><U106/><E106/><V40/><F40/><W32/><G32/><T4/><D4/><U107/><E107/><V84/><F84/><W103/><G103/><T122/><D93/><U17/><REACH who="1" step="1"/><E94/><REACH who="1" ten="215,222,343,210" step="2"/><V123/><F53/><W85/><G82/><T37/><D55/><U60/><E60/><V59/><F63/><W129/><G129/><T96/><D122/><U22/><E22/><V23/><F123/><W10/><G3/><T0/><D0/><U120/><E120/><V57/><F104/><W100/><G73/><T132/><D132/><U43/><E43/><V48/><F23/><W126/><G126/><T46/><N who="0" m="9216" /><DORA hai="9" /><T74/><D30/><U58/><E58/><RYUUKYOKU ba="1,1" sc="215,15,222,15,343,-15,210,-15" hai0="25,26,44,45,46,74,83,89,92,96" hai1="8,14,15,17,18,20,61,64,69,75,76,81,88" /><INIT seed="1,2,1,0,5,70" ten="230,237,328,195" oya="1" hai0="23,0,134,52,78,72,69,2,130,41,30,24,4" hai1="135,16,71,80,119,51,81,105,115,89,68,77,92" hai2="83,109,91,61,39,75,13,95,40,26,63,128,54" hai3="90,25,114,79,27,97,117,120,34,121,127,45,132"/><U87/><E115/><V93/><F109/><W116/><G114/><T1/><D134/><U101/><E119/><N who="3" m="45642" /><G79/><T43/><D130/><U94/><E135/><V125/><F128/><W37/><G132/><T20/><D69/><U76/><E51/><V123/><F123/><N who="3" m="47179" /><G127/><T46/><D4/><U112/><E112/><V15/><F83/><W56/><G56/><T50/><REACH who="0" step="1"/><D23/><REACH who="0" ten="220,237,328,195" step="2"/><U66/><E71/><V12/><F125/><W107/><G34/><T11/><D11/><U42/><E68/><V106/><F13/><W113/><G113/><T96/><D96/><U88/><E66/><V131/><F15/><W18/><G18/><T67/><D67/><U9/><E16/><V53/><F12/><W57/><G57/><T108/><D108/><U62/><E9/><V47/><F131/><W59/><G59/><T98/><D98/><N who="1" m="61623" /><E42/><V36/><F40/><N who="3" m="22671" /><G107/><T10/><D10/><U74/><E62/><V55/><F106/><W3/><G3/><T33/><D33/><U32/><E32/><V82/><F63/><W124/><G124/><T17/><D17/><U110/><E110/><V29/><F61/><W133/><G133/><T118/><D118/><U111/><E111/><V84/><F29/><W49/><G49/><T99/><D99/><U86/><E74/><V22/><F75/><W104/><G104/><T65/><D65/><U60/><E60/><V19/><F47/><W14/><G14/><T122/><D122/><U6/><E6/><V7/><F7/><W44/><G44/><T85/><D85/><U5/><E5/><V35/><F35/><W31/><G31/><RYUUKYOKU ba="2,2" sc="220,0,237,0,328,0,195,0" hai0="0,1,2,20,24,30,41,43,46,50,52,72,78" hai1="76,77,80,81,86,87,88,89,92,94" hai2="19,22,26,36,39,53,54,55,82,84,91,93,95" hai3="25,27,90,97" /><INIT seed="1,3,2,0,5,6" ten="220,237,328,195" oya="1" hai0="35,125,90,23,83,87,30,15,20,84,96,135,97" hai1="8,115,102,39,62,5,123,129,118,40,77,110,89" hai2="17,121,51,11,42,126,57,98,114,104,33,72,38" hai3="100,88,75,2,101,109,130,95,82,50,63,53,46"/><U66/><E115/><V107/><F121/><W18/><G109/><T19/><D135/><U119/><E123/><V128/><F72/><W54/><G130/><T49/><D125/><U79/><E129/><V94/><F33/><W73/><G2/><T67/><D35/><U43/><E102/><V108/><F108/><W122/><G122/><T52/><D67/><U113/><E113/><V47/><F114/><W74/><G82/><T120/><D120/><U64/><E110/><V44/><F128/><W26/><G63/><T59/><REACH who="0" step="1"/><D87/><REACH who="0" ten="210,237,328,195" step="2"/><U27/><E66/><V3/><F126/><W131/><G131/><T86/><D86/><U10/><E119/><V7/><F57/><W127/><G127/><T48/><D48/><U41/><E39/><V25/><F51/><W58/><G58/><T93/><D93/><U56/><E118/><V132/><F132/><W12/><G75/><T91/><D91/><U85/><E27/><AGARI ba="3,3" hai="15,19,20,23,27,30,49,52,59,83,84,90,96,97" machi="27" ten="40,8000,1" yaku="1,1,8,1,54,1,53,1" doraHai="6" doraHaiUra="24" who="0" fromWho="1" sc="210,119,237,-89,328,0,195,0" /><INIT seed="2,0,0,2,4,42" ten="329,148,328,195" oya="2" hai0="105,24,127,116,44,38,62,18,101,134,97,117,9" hai1="93,63,30,32,15,115,86,34,83,126,5,98,95" hai2="61,50,121,58,71,1,94,80,69,35,59,29,49" hai3="16,56,57,72,131,21,130,68,8,48,51,45,125"/><V111/><F121/><W128/><G68/><T53/><D134/><U65/><E115/><V76/><F1/><W89/><G125/><T123/><D123/><U2/><E2/><V107/><F107/><W43/><G72/><T114/><D114/><U91/><E126/><V74/><F29/><W104/><G104/><T52/><D127/><U96/><E32/><V54/><F35/><W67/><G67/><T129/><D129/><U28/><E34/><V22/><F22/><W79/><G79/><T122/><D122/><U99/><E28/><V12/><F12/><N who="3" m="9351" /><G89/><T133/><D133/><U25/><E25/><V120/><F120/><W124/><G124/><T60/><D60/><U73/><E30/><V14/><F14/><W119/><G119/><N who="0" m="45643" /><D62/><U112/><E73/><V78/><F61/><W13/><G51/><T55/><D24/><U46/><E112/><V39/><F39/><W75/><G75/><T106/><D18/><AGARI ba="0,0" hai="8,13,18,43,45,48,56,57,128,130,131" m="9351" machi="18" ten="30,3900,0" yaku="19,1,52,1,54,1" doraHai="42" who="3" fromWho="0" sc="329,-39,148,0,328,0,195,39" /><INIT seed="3,0,0,2,4,52" ten="290,148,328,234" oya="3" hai0="122,71,68,135,42,74,70,25,63,93,124,49,8" hai1="107,60,112,22,50,103,7,78,40,119,12,48,75" hai2="56,114,62,6,129,66,44,91,20,79,105,72,113" hai3="118,23,88,95,21,99,38,104,29,36,126,26,83"/><W111/><G118/><T110/><D110/><U80/><E112/><V96/><F129/><W59/><G111/><T128/><D128/><U67/><E119/><V64/><F64/><W55/><G126/><T81/><D135/><U17/><E40/><V120/><F6/><W3/><G3/><T0/><D124/><U73/><E107/><V121/><F20/><W125/><G125/><T28/><D122/><N who="2" m="47210" /><F44/><W33/><G104/><T46/><D93/><U47/><E103/><N who="2" m="62695" /><F91/><W15/><G83/><AGARI ba="0,0" hai="56,62,66,72,79,83,113,114" m="62695,47210" machi="83" ten="30,2000,0" yaku="13,1,52,1" doraHai="52" who="2" fromWho="3" sc="290,0,148,0,328,20,234,-20" owari="290,9.0,148,-35.2,348,44.8,214,-18.6" /></mjloggm>