<mjloggm ver="2.3"><GO type="225" lobby="0"/><UN n0="%E3%81%AA%E3%81%BE%E3%81%91%E8%80%85" n1="%E3%81%99%E3%81%84%E3%81%BE%E3%81%9B%E3%83%BC%E3%82%93" n2="%E6%B4%BE%E9%81%A3%E3%81%AE%E3%82%B8%E3%83%A3%E3%83%83%E3%82%AF" n3="%4C%4F%4C%49%54%41" dan="16,18,17,16" rate="2107.64,2271.51,2246.01,2195.17" sx="M,M,M,F"/><TAIKYOKU oya="0"/><INIT seed="0,0,0,1,3,79" ten="250,250,250,250" oya="0" hai0="43,35,36,122,115,108,107,89,69,5,62,130,118" hai1="75,40,104,55,22,109,135,77,93,106,37,64,117" hai2="11,76,18,74,33,125,30,25,128,6,95,14,133" hai3="91,39,129,0,34,114,44,38,126,49,124,28,131"/><T51/><RYUUKYOKU type="yao9" ba="0,0" sc="250,0,250,0,250,0,250,0" hai0="5,35,36,43,51,62,69,89,107,108,115,118,122,130" /><INIT seed="0,1,0,5,4,37" ten="250,250,250,250" oya="0" hai0="130,16,20,85,99,92,121,97,15,19,4,76,33" hai1="48,18,133,27,47,51,106,111,57,63,122,135,41" hai2="8,56,120,3,66,45,101,43,124,10,60,14,73" hai3="34,17,107,36,59,29,95,25,80,98,40,128,102"/><T81/><D121/><U123/><E106/><V70/><F120/><N who="1" m="46121" /><E18/><V62/><F73/><W100/><G128/><T89/><D130/><U93/><E93/><V87/><F124/><W78/><G59/><T13/><D33/><U58/><E27/><V103/><F3/><W114/><G114/><T53/><D4/><U0/><E0/><V30/><F30/><W61/><G61/><T84/><REACH who="0" step="1"/><D53/><REACH who="0" ten="240,250,250,250" step="2"/><N who="1" m="31911" /><E111/><V91/><F101/><W7/><G102/><T113/><D113/><U44/><E44/><V129/><F103/><W127/><G100/><T112/><D112/><U22/><E22/><AGARI ba="1,1" hai="13,15,16,19,20,22,76,81,84,85,89,92,97,99" machi="22" ten="30,12000,1" yaku="1,1,7,1,9,1,8,1,54,1,53,0" doraHai="37" doraHaiUra="131" who="0" fromWho="1" sc="240,133,250,-123,250,0,250,0" /><INIT seed="0,2,0,5,4,69" ten="373,127,250,250" oya="0" hai0="40,57,83,41,90,4,44,15,111,82,38,72,104" hai1="100,25,135,96,29,24,17,91,73,39,22,114,77" hai2="134,12,88,66,45,105,27,34,51,52,124,6,132" hai3="37,123,117,108,60,50,107,86,70,99,18,8,28"/><T87/><D104/><U95/><E135/><N who="2" m="51755" /><F105/><W0/><G117/><T131/><D131/><U62/><E114/><V115/><F66/><W125/><G50/><T7/><D111/><U118/><E118/><V130/><F124/><W92/><G28/><T9/><D41/><U16/><E77/><V76/><F76/><W129/><G37/><T127/><D127/><U35/><E73/><V71/><F71/><W11/><G125/><T112/><D112/><U10/><E39/><V36/><F115/><W61/><G107/><T122/><D122/><U56/><E10/><V65/><F65/><W113/><G113/><T20/><D72/><U120/><E120/><V103/><F103/><W55/><G70/><T46/><D46/><U80/><E80/><V98/><F130/><W85/><G108/><T2/><D82/><U30/><REACH who="1" step="1"/><E91/><REACH who="1" ten="373,117,250,250" step="2"/><V64/><F36/><W74/><G8/><T21/><D2/><U79/><E79/><V126/><F88/><W42/><G74/><T43/><D7/><U128/><E128/><V109/><F126/><W59/><G129/><T78/><D78/><U47/><E47/><V63/><F109/><W75/><G75/><T54/><D40/><U31/><E31/><V121/><F121/><W93/><G42/><T5/><D5/><U97/><E97/><V48/><F98/><W23/><G123/><T14/><D4/><U101/><E101/><V19/><F6/><W67/><G0/><T106/><D9/><U53/><AGARI ba="2,1" hai="16,17,22,24,25,29,30,35,53,56,62,95,96,100" machi="53" ten="20,5200,0" yaku="1,1,0,1,7,1,54,1,53,0" doraHai="69" doraHaiUra="102" who="1" fromWho="1" sc="373,-28,117,68,250,-15,250,-15" /><INIT seed="1,0,0,4,1,54" ten="345,185,235,235" oya="1" hai0="93,88,42,27,61,8,127,55,63,106,13,86,74" hai1="130,2,68,73,119,116,109,129,58,44,16,113,17" hai2="94,1,30,25,14,64,0,112,70,95,57,117,92" hai3="107,4,102,45,75,81,39,132,40,124,83,62,24"/><U97/><E113/><V35/><F117/><W9/><G132/><T82/><D106/><U50/><E68/><V85/><F112/><W134/><G134/><T22/><D127/><U118/><E73/><V18/><F70/><W101/><G124/><T114/><D114/><U67/><E2/><V125/><F85/><W91/><G107/><T12/><D42/><N who="1" m="24855" /><E97/><V66/><F125/><W56/><G24/><T19/><D74/><U103/><E103/><V120/><F120/><W7/><G7/><T43/><D43/><U87/><E87/><V49/><F64/><W48/><G48/><T5/><D13/><U111/><E58/><V46/><F46/><W31/><G31/><T34/><D34/><U121/><E67/><V15/><F15/><W69/><G69/><T123/><D123/><U84/><E84/><V65/><F65/><N who="3" m="39111" /><G91/><T47/><D82/><U29/><E29/><V72/><F72/><W76/><G83/><T128/><D128/><N who="1" m="49259" /><E121/><V36/><F36/><W51/><G51/><AGARI ba="0,0" hai="5,8,12,19,22,27,47,51,55,61,63,86,88,93" machi="51" ten="40,2600,0" yaku="8,1,54,1" doraHai="54" who="0" fromWho="3" sc="345,26,185,0,235,0,235,-26" /><INIT seed="2,0,0,1,0,26" ten="371,185,235,209" oya="2" hai0="94,103,74,108,71,116,77,124,72,43,81,99,110" hai1="129,134,46,12,91,109,68,70,98,28,115,125,44" hai2="76,10,33,54,135,60,1,32,67,75,30,101,106" hai3="133,27,2,132,128,35,121,89,131,62,0,7,39"/><V16/><F135/><N who="3" m="51787" /><G39/><T47/><D71/><U51/><E134/><V22/><F54/><W5/><G89/><T104/><D124/><U92/><E115/><V84/><F75/><W130/><G121/><T90/><D47/><U65/><E125/><V112/><F112/><W73/><G62/><T40/><D116/><U86/><E109/><N who="0" m="42089" /><D74/><U119/><E119/><V55/><F55/><W23/><G35/><T36/><D36/><U21/><E129/><V88/><F76/><W24/><G73/><T120/><D120/><U38/><E38/><V20/><F106/><W52/><G52/><T107/><D107/><U50/><E46/><V58/><F101/><W6/><G24/><T9/><D9/><U4/><E44/><V85/><F85/><AGARI ba="0,0" hai="40,43,72,77,81,85,90,94,99,103,104" m="42089" machi="85" ten="30,2000,0" yaku="24,1,14,1" doraHai="26" who="0" fromWho="2" sc="371,20,185,0,235,-20,209,0" /><INIT seed="3,0,0,1,3,120" ten="391,185,215,209" oya="3" hai0="3,96,128,50,94,116,106,127,16,81,124,83,89" hai1="43,2,9,75,80,77,22,105,5,63,130,57,12" hai2="115,54,119,117,29,65,84,100,0,112,47,31,7" hai3="33,59,78,48,88,30,66,129,125,103,134,85,25"/><W95/><G129/><T35/><D35/><U20/><E105/><V38/><F100/><W42/><G134/><T51/><D3/><U69/><E130/><V72/><F72/><W64/><G125/><N who="0" m="48203" /><D128/><U110/><E69/><V91/><F65/><W60/><G78/><T104/><D116/><U118/><E118/><V109/><F109/><W44/><REACH who="3" step="1"/><G103/><REACH who="3" ten="391,185,215,199" step="2"/><N who="0" m="62567" /><D106/><U49/><E110/><V36/><F117/><W74/><G74/><T21/><D83/><U18/><E22/><V86/><F119/><W56/><G56/><T87/><D81/><U46/><E57/><V108/><F108/><W79/><G79/><T6/><D6/><U61/><AGARI ba="0,1" hai="2,5,9,12,18,20,43,46,49,61,63,75,77,80" machi="61" ten="30,1100,0" yaku="0,1" doraHai="120" who="1" fromWho="1" sc="391,-3,185,21,215,-3,199,-5" owari="388,48.8,206,-19.4,212,1.2,194,-30.6" /></mjloggm>