<mjloggm ver="2.3"><GO type="225" lobby="0"/><UN n0="%E6%A0%B9%E5%85%83%E3%81%8B%E3%82%89%E5%90%B9%E3%81%A3%E9%A3%9B%E3%81%B6" n1="%47%48%4F%53%54" n2="%E9%80%86%E9%80%A3%E5%B8%AF%E3%81%AE%E9%AC%BC" n3="%E3%83%A1%E3%82%AC%E3%83%87%E3%82%B8" dan="16,17,16,16" rate="2158.83,2227.27,2148.28,2106.36" sx="F,M,M,F"/><TAIKYOKU oya="0"/><INIT seed="0,0,0,1,5,111" ten="250,250,250,250" oya="0" hai0="80,97,59,133,132,32,116,66,7,56,84,120,60" hai1="8,102,18,45,110,72,130,135,47,77,118,52,113" hai2="11,34,12,69,98,53,94,23,14,105,127,68,5" hai3="4,65,38,36,87,89,67,49,37,76,90,95,55"/><T134/><D116/><U75/><E118/><V26/><F127/><W81/><G4/><T131/><D120/><U19/><E110/><V82/><F105/><W63/><G63/><T29/><D131/><U41/><E130/><V124/><F124/><W50/><G90/><T44/><D7/><U106/><E135/><V79/><F34/><W17/><G17/><T21/><D44/><U35/><E35/><V43/><F43/><W33/><G33/><T114/><D114/><U109/><E109/><V93/><F53/><W108/><G108/><T91/><D21/><U31/><E31/><V40/><F40/><W73/><REACH who="3" step="1"/><G50/><REACH who="3" ten="250,250,250,240" step="2"/><T22/><D32/><U51/><E51/><V122/><F5/><W107/><G107/><T27/><REACH who="0" step="1"/><D97/><REACH who="0" ten="240,250,250,240" step="2"/><U70/><E19/><V101/><F98/><W1/><G1/><T119/><D119/><U0/><E18/><V2/><F2/><W123/><G123/><T126/><D126/><U24/><E0/><V100/><F122/><W99/><G99/><T71/><AGARI ba="0,2" hai="22,27,29,56,59,60,66,71,80,84,91,132,133,134" machi="71" ten="30,11700,0" yaku="1,1,0,1,20,1,53,1" doraHai="111" doraHaiUra="16" who="0" fromWho="0" sc="240,137,250,-39,250,-39,240,-39" /><INIT seed="0,1,0,1,1,109" ten="377,211,211,201" oya="0" hai0="80,87,96,76,36,79,65,44,56,57,30,97,22" hai1="88,49,127,93,129,8,43,59,5,115,16,6,85" hai2="39,67,82,77,68,98,53,21,55,7,75,102,124" hai3="99,95,131,107,112,48,78,46,91,133,132,9,51"/><T1/><D1/><U66/><E127/><V111/><F124/><W69/><G69/><T12/><D36/><U28/><E129/><V54/><F111/><W58/><G131/><T33/><D44/><N who="1" m="25759" /><E28/><V110/><F110/><W62/><G112/><T10/><D33/><U63/><E115/><V92/><F39/><W18/><G78/><T35/><D35/><U73/><E73/><V40/><F40/><W0/><G107/><T13/><D79/><U83/><E83/><V24/><F7/><W89/><G89/><T61/><D65/><U42/><E42/><V17/><REACH who="2" step="1"/><F54/><REACH who="2" ten="377,211,201,201" step="2"/><W71/><G133/><T120/><D120/><U119/><E119/><V11/><F11/><W38/><G9/><T125/><D125/><U47/><E47/><V106/><F106/><W116/><G46/><T27/><D10/><U52/><E66/><V19/><F19/><W25/><G18/><T104/><D104/><U4/><E4/><V64/><F64/><W94/><G38/><T126/><D126/><U14/><AGARI ba="1,1" hai="5,6,8,14,16,52,59,63,85,88,93" m="25759" machi="14" ten="30,7900,0" yaku="8,1,54,3" doraHai="109" who="1" fromWho="1" sc="377,-40,211,92,201,-21,201,-21" /><INIT seed="1,0,0,1,2,85" ten="337,303,180,180" oya="1" hai0="34,25,5,8,32,124,134,64,119,58,35,100,43" hai1="71,115,135,13,106,17,49,76,44,128,90,133,116" hai2="23,91,70,41,127,9,60,103,39,31,125,98,29" hai3="50,65,45,7,113,26,61,87,51,89,96,102,2"/><U75/><E115/><V38/><F9/><W16/><G113/><T129/><D119/><U94/><E116/><V72/><F72/><W37/><G37/><T123/><D124/><U121/><E106/><V88/><F70/><W111/><G111/><T117/><D129/><U112/><E71/><V47/><F39/><W81/><G7/><T74/><D134/><N who="1" m="51211" /><E121/><V109/><F109/><W52/><G50/><T59/><D43/><N who="1" m="24735" /><E128/><V56/><F127/><W107/><G2/><T84/><D74/><U54/><E54/><V3/><F3/><W86/><G86/><T15/><D123/><U0/><E0/><V33/><F33/><W14/><G26/><T12/><D25/><U79/><E112/><V62/><F125/><W82/><G82/><T69/><D15/><U19/><E75/><V110/><F110/><W95/><G107/><T55/><D69/><U48/><E48/><V73/><F73/><W67/><G61/><T83/><D55/><U114/><E114/><V42/><F62/><W68/><G68/><T105/><D64/><U21/><E19/><V99/><F42/><W63/><G63/><T130/><D130/><U80/><E80/><V11/><F11/><AGARI ba="0,0" hai="11,14,16,45,51,52,65,67,81,87,89,95,96,102" machi="11" ten="30,12000,2" yaku="7,1,25,2,8,1,52,1,54,2" doraHai="85" who="3" fromWho="2" sc="337,0,303,0,180,-120,180,120" /><INIT seed="2,0,0,3,2,132" ten="337,303,60,300" oya="2" hai0="2,71,103,9,17,56,20,5,126,45,111,81,43" hai1="54,37,104,47,23,62,79,99,67,87,70,135,55" hai2="128,92,36,110,21,117,40,83,18,22,93,28,41" hai3="29,33,109,38,98,49,52,88,127,76,19,133,31"/><V11/><F117/><W134/><G38/><T4/><D111/><U114/><E114/><V48/><F128/><W30/><G109/><T59/><D71/><U53/><E135/><N who="3" m="51722" /><G76/><T82/><D5/><U100/><E23/><V74/><F110/><W27/><G19/><T65/><D103/><U0/><E0/><V105/><F36/><W13/><G13/><T75/><D126/><U14/><E14/><V57/><F105/><W107/><G127/><T16/><D65/><U34/><E34/><V94/><F74/><W129/><G129/><T50/><D17/><U90/><E79/><V97/><F83/><W1/><G1/><T112/><D112/><U89/><REACH who="1" step="1"/><E87/><REACH who="1" ten="337,293,60,300" step="2"/><V78/><F78/><W12/><G12/><T130/><D130/><U131/><E131/><V6/><F28/><W85/><G29/><T46/><D2/><U61/><E61/><V116/><F116/><W66/><G30/><T39/><D20/><U3/><E3/><V119/><F119/><W60/><G85/><T121/><D9/><U42/><AGARI ba="0,1" hai="37,42,47,53,54,55,62,67,70,89,90,99,100,104" machi="42" ten="30,2000,0" yaku="1,1,0,1,53,0" doraHai="132" doraHaiUra="115" who="1" fromWho="1" sc="337,-5,293,30,60,-10,300,-5" /><INIT seed="3,0,0,4,1,74" ten="332,323,50,295" oya="3" hai0="62,135,17,102,0,63,46,45,49,106,70,28,37" hai1="125,58,115,90,123,55,82,107,4,75,7,8,69" hai2="87,113,54,43,116,68,109,134,38,26,61,129,122" hai3="51,15,96,40,59,133,39,11,12,2,30,130,5"/><W128/><G133/><T52/><D0/><U22/><E115/><V33/><F87/><W126/><G126/><T101/><D106/><U57/><E123/><V21/><F54/><N who="3" m="32223" /><G30/><T97/><D28/><U121/><E121/><V77/><F61/><N who="0" m="23050" /><D70/><U119/><E107/><V29/><F43/><W112/><G112/><T88/><D37/><U92/><E69/><V111/><F21/><W25/><G25/><T32/><D32/><U91/><E119/><V44/><F44/><N who="0" m="17002" /><D135/><U67/><E75/><V16/><F26/><W35/><G35/><T31/><D31/><U10/><E125/><V1/><F29/><W98/><G40/><T13/><D88/><N who="1" m="33835" /><E67/><V60/><F60/><W114/><G39/><T20/><D97/><N who="3" m="37481" /><G114/><T89/><D89/><U19/><E92/><V80/><F113/><W41/><G41/><T71/><D71/><U83/><E83/><V84/><F122/><W27/><G27/><T118/><D118/><U100/><E82/><V79/><F116/><W104/><G104/><T34/><D34/><U132/><E132/><V73/><F68/><W81/><G81/><T105/><D105/><U36/><E36/><V108/><F38/><W42/><G42/><T120/><D120/><U56/><E55/><V66/><F134/><W24/><G24/><T78/><D78/><U86/><E86/><V47/><F73/><W18/><G2/><T94/><D94/><U72/><E72/><V14/><F1/><W103/><G103/><T131/><D131/><U127/><E100/><V117/><F117/><W64/><G64/><T23/><D23/><U53/><E127/><RYUUKYOKU ba="0,0" sc="332,15,323,-15,50,-15,295,15" hai0="13,17,20,49,52,101,102" hai3="5,11,12,15,18,128,130" /><INIT seed="3,1,0,2,4,37" ten="347,308,35,310" oya="3" hai0="34,20,63,99,35,85,70,6,31,17,21,83,79" hai1="126,41,62,0,4,66,27,78,13,28,8,61,129" hai2="82,101,134,133,120,131,84,52,98,40,121,24,44" hai3="15,72,67,69,89,113,12,1,77,57,91,109,115"/><W23/><G1/><T117/><D117/><U81/><E126/><V32/><F131/><W48/><G69/><T92/><D6/><U55/><E129/><V124/><F124/><W75/><G109/><T59/><D70/><U45/><E55/><V53/><F32/><W10/><G77/><T58/><D58/><U130/><E130/><V125/><F24/><W39/><G39/><T42/><D42/><U38/><E13/><V43/><F125/><W30/><G75/><T102/><D21/><U2/><E2/><V49/><F98/><W100/><G100/><T97/><D97/><U68/><E62/><V51/><F84/><W90/><G72/><T106/><D106/><U73/><E27/><V123/><F82/><W111/><G111/><T94/><D94/><U9/><E9/><V116/><F101/><W122/><G122/><T19/><D34/><U112/><E112/><V36/><F36/><W119/><G119/><T132/><D35/><U26/><E26/><V128/><F128/><W135/><G135/><T7/><D7/><U47/><E47/><V65/><F65/><W114/><G10/><T14/><D132/><N who="2" m="50794" /><F116/><W3/><G3/><T18/><D31/><AGARI ba="1,0" hai="0,4,8,28,31,38,41,45,61,66,68,73,78,81" machi="31" ten="40,5200,0" yaku="25,2,52,1" doraHai="37" who="1" fromWho="0" sc="347,-55,308,55,35,0,310,0" owari="292,-10.8,363,46.3,35,-46.5,310,11.0" /></mjloggm>