<mjloggm ver="2.3"><GO type="225" lobby="0"/><UN n0="%72%69%6F%75%63%68%61%6E" n1="%E4%BF%BA%E3%81%A8%E5%A6%96%E5%A4%A2" n2="%E3%80%90%E3%83%88%E3%83%AA%E3%83%A5%E3%83%95%E3%80%91" n3="%E6%98%93%E5%88%A9%E8%96%A9%E4%BC%AF" dan="16,16,16,16" rate="2203.63,2140.72,2107.44,2101.82" sx="M,F,M,F"/><TAIKYOKU oya="0"/><INIT seed="0,0,0,3,1,135" ten="250,250,250,250" oya="0" hai0="94,58,72,57,89,65,91,130,113,125,18,16,123" hai1="20,46,62,44,104,71,23,67,36,110,4,119,70" hai2="33,0,116,2,13,133,42,82,53,11,108,24,112" hai3="124,107,29,45,69,9,63,19,81,102,54,99,49"/><T28/><D125/><U39/><E104/><V76/><F133/><W96/><G81/><T68/><D113/><U87/><E4/><V5/><F112/><W101/><G29/><T55/><D123/><U88/><E119/><V31/><F108/><W38/><G38/><T43/><D72/><U17/><E110/><V95/><F116/><W51/><G124/><T1/><D1/><U37/><E71/><V59/><F95/><W98/><G51/><T129/><D43/><U15/><REACH who="1" step="1"/><E23/><REACH who="1" ten="250,240,250,250" step="2"/><V22/><F22/><W50/><G107/><T26/><D68/><U118/><E118/><V114/><F114/><W78/><G69/><T115/><D115/><U83/><AGARI ba="0,1" hai="15,17,20,36,37,39,44,46,62,67,70,83,87,88" machi="83" ten="30,7900,0" yaku="1,1,0,1,54,1,53,1" doraHai="135" doraHaiUra="12" who="1" fromWho="1" sc="250,-39,240,89,250,-20,250,-20" /><INIT seed="1,0,0,4,1,40" ten="211,329,230,230" oya="1" hai0="45,110,99,59,7,122,10,134,66,17,76,31,48" hai1="125,44,52,58,101,120,105,4,123,89,50,77,96" hai2="0,75,37,100,13,117,34,72,113,82,16,14,111" hai3="62,128,112,116,29,41,57,24,49,21,68,87,106"/><U133/><E133/><V35/><F117/><W64/><G112/><T98/><D110/><U124/><E77/><V71/><F111/><W60/><G128/><T11/><D134/><U61/><E89/><V102/><F113/><W2/><G2/><T103/><D122/><U42/><REACH who="1" step="1"/><E4/><REACH who="1" ten="211,319,230,230" step="2"/><V6/><F6/><W129/><G116/><T25/><D76/><U104/><E104/><V22/><F0/><W19/><G106/><T80/><D7/><U85/><E85/><V30/><F102/><W32/><G87/><T67/><D99/><U78/><E78/><V28/><F100/><W107/><G107/><T127/><D98/><U69/><E69/><V47/><F71/><W114/><G114/><T27/><D103/><U91/><E91/><V70/><F70/><W56/><G68/><T95/><D95/><U9/><E9/><V131/><F72/><W109/><G109/><T43/><D80/><U73/><E73/><V18/><F75/><W63/><G129/><T94/><D94/><U8/><E8/><V108/><F82/><W51/><G64/><T132/><D67/><U90/><E90/><V88/><F88/><W118/><G118/><T126/><D132/><U135/><E135/><V36/><F131/><W54/><G32/><N who="0" m="20591" /><D127/><AGARI ba="0,1" hai="42,44,50,52,58,61,96,101,105,120,123,124,125,127" machi="127" ten="40,12000,1" yaku="1,1,18,1,52,1,54,1,53,0" doraHai="40" doraHaiUra="12" who="1" fromWho="0" sc="211,-120,319,130,230,0,230,0" /><INIT seed="1,1,0,1,5,102" ten="91,449,230,230" oya="1" hai0="84,124,85,125,106,24,76,89,129,100,25,94,83" hai1="116,98,4,105,93,42,51,88,128,3,41,11,19" hai2="28,78,67,95,99,9,47,87,17,34,31,80,6" hai3="111,121,132,15,122,55,38,54,12,57,97,53,14"/><U39/><E116/><V109/><F109/><W103/><G111/><T74/><D129/><U133/><E39/><V18/><F67/><W33/><G132/><T50/><D50/><U49/><E133/><V127/><F127/><N who="0" m="48714" /><D24/><U46/><E128/><V114/><F114/><W8/><G33/><T2/><D2/><U27/><E105/><V120/><F120/><W48/><G38/><T96/><D25/><U75/><E75/><AGARI ba="1,0" hai="74,75,76,83,84,85,89,94,96,100,106" m="48714" machi="75" ten="30,7700,0" yaku="18,1,34,2,52,1" doraHai="102" who="0" fromWho="1" sc="91,80,449,-80,230,0,230,0" /><INIT seed="2,0,0,5,5,92" ten="171,369,230,230" oya="2" hai0="107,57,69,14,130,63,88,73,1,24,103,83,22" hai1="66,86,61,4,28,23,68,99,38,17,112,56,31" hai2="76,126,30,65,11,78,46,40,51,113,79,95,121" hai3="132,60,13,59,44,101,12,58,102,93,111,120,94"/><V35/><F113/><W127/><G120/><T39/><D1/><U21/><E112/><V128/><F121/><W20/><G111/><T75/><D130/><U5/><E38/><V19/><F128/><W8/><G132/><T124/><D124/><U36/><E36/><V25/><F126/><W34/><G34/><T104/><D39/><U115/><E115/><V117/><F117/><W116/><G116/><T125/><D125/><U131/><E131/><V6/><F65/><W10/><G20/><T84/><D69/><U64/><E99/><V42/><F95/><W7/><G127/><T129/><D129/><U48/><E86/><V123/><F123/><W15/><G44/><T53/><D14/><U55/><E66/><V29/><F40/><W118/><G118/><T91/><D91/><U16/><E31/><V133/><F133/><W106/><G106/><T97/><REACH who="0" step="1"/><D104/><REACH who="0" ten="161,369,230,230" step="2"/><U9/><E68/><V62/><F76/><W109/><G15/><T100/><D100/><U45/><E28/><AGARI ba="0,1" hai="22,24,28,53,57,63,73,75,83,84,88,97,103,107" machi="28" ten="30,7700,0" yaku="1,1,7,1,52,1,54,1,53,0" doraHai="92" doraHaiUra="41" who="0" fromWho="1" sc="161,87,369,-77,230,0,230,0" /><INIT seed="3,0,0,3,4,37" ten="248,292,230,230" oya="3" hai0="123,93,84,15,96,41,95,10,14,81,79,135,5" hai1="49,80,100,83,110,39,88,77,130,128,18,50,40" hai2="109,26,133,94,85,116,53,31,107,126,118,115,34" hai3="97,0,16,54,29,108,122,90,69,43,30,9,12"/><W72/><G122/><T111/><D111/><U106/><E110/><V92/><F107/><W57/><G69/><T7/><D135/><U99/><E88/><V102/><F115/><W35/><G108/><T114/><D123/><U75/><E80/><V13/><F133/><W2/><G72/><T66/><D114/><U103/><E18/><V38/><F38/><W28/><G35/><T76/><D66/><U117/><E103/><V134/><F134/><W51/><REACH who="3" step="1"/><G43/><REACH who="3" ten="248,292,230,220" step="2"/><T52/><D41/><U25/><E40/><V70/><F70/><W42/><G42/><T36/><D36/><U33/><E39/><V113/><F109/><W17/><G17/><T46/><D5/><U21/><E33/><V55/><F113/><W22/><G22/><T64/><D7/><U67/><E75/><V8/><F116/><W20/><G20/><T23/><D23/><U58/><E117/><V24/><F118/><W19/><G19/><T62/><D10/><U68/><E21/><V132/><F132/><W6/><G6/><T125/><D125/><U4/><E4/><V129/><F34/><W105/><G105/><T121/><D121/><U65/><E68/><V131/><F126/><W3/><G3/><T78/><D14/><U47/><E106/><V45/><F129/><W104/><G104/><T127/><D15/><U101/><E130/><V56/><F131/><W86/><G86/><N who="0" m="48423" /><D127/><U74/><E128/><V82/><F13/><W48/><G48/><N who="0" m="28695" /><D84/><U120/><E120/><V60/><F85/><W61/><G61/><T119/><D119/><U11/><E74/><V44/><F60/><RYUUKYOKU ba="0,1" sc="248,-10,292,-10,230,-10,220,30" hai3="0,2,9,12,16,28,29,30,51,54,57,90,97" /><INIT seed="3,1,1,4,1,118" ten="238,282,220,250" oya="3" hai0="16,19,34,25,58,72,96,75,36,121,6,56,100" hai1="51,28,134,54,5,125,2,102,22,38,59,84,8" hai2="48,132,111,127,41,18,87,85,122,116,7,37,83" hai3="60,63,124,135,66,57,49,81,24,133,70,108,73"/><W126/><G108/><T109/><D121/><U101/><E38/><V26/><F116/><W88/><G24/><T30/><D109/><U12/><E134/><N who="3" m="51210" /><G73/><T117/><D36/><U130/><E130/><V17/><F37/><W32/><G32/><T61/><D117/><U107/><E125/><N who="3" m="48234" /><G49/><T86/><D6/><U112/><E112/><V95/><F127/><W13/><G13/><T4/><D4/><U76/><E107/><V14/><F132/><W53/><G81/><T110/><D110/><U89/><E76/><N who="2" m="46311" /><F111/><W98/><G98/><T103/><D75/><U27/><E2/><V50/><F122/><W113/><G88/><T62/><D72/><U20/><E20/><N who="2" m="13583" /><F7/><W80/><G80/><AGARI ba="1,1" hai="5,8,12,22,27,28,51,54,59,80,84,89,101,102" machi="80" ten="30,2000,0" yaku="7,1,8,1" doraHai="118" who="1" fromWho="3" sc="238,0,282,33,220,0,250,-23" owari="238,3.8,315,41.5,220,-28.0,227,-17.3" /></mjloggm>