<mjloggm ver="2.3"><GO type="225" lobby="0"/><UN n0="%E3%81%B5%E3%81%98%E3%81%8B%E3%81%A4" n1="%E3%81%92%E3%81%A3%E3%81%A1" n2="%77%72%77%72%77%72%77%72" n3="%4C%4F%4C%49%54%41" dan="16,17,16,16" rate="2193.51,2224.70,2214.30,2149.19" sx="M,M,M,F"/><TAIKYOKU oya="0"/><INIT seed="0,0,0,3,5,71" ten="250,250,250,250" oya="0" hai0="45,53,83,116,68,0,101,11,99,96,120,131,21" hai1="84,31,113,4,117,69,67,24,16,60,56,75,26" hai2="13,102,115,95,5,130,125,97,58,108,59,119,74" hai3="17,20,55,73,65,36,2,44,93,41,19,100,57"/><T51/><D116/><U121/><E75/><V12/><F115/><W50/><G73/><T7/><D120/><U79/><E113/><V112/><F112/><W33/><G33/><T122/><D122/><U77/><E117/><V46/><F119/><W105/><G2/><T27/><D131/><U111/><E121/><V9/><F130/><W18/><G105/><T92/><D68/><U62/><E4/><V134/><F74/><W66/><REACH who="3" step="1"/><G20/><REACH who="3" ten="250,250,250,240" step="2"/><T118/><D118/><U107/><E107/><V52/><F108/><W35/><G35/><T23/><D27/><U91/><E26/><V37/><F134/><W106/><G106/><T132/><D132/><U103/><E24/><V88/><F125/><W15/><G15/><T43/><D43/><U114/><E111/><V40/><F12/><W38/><G38/><T87/><REACH who="0" step="1"/><D99/><AGARI ba="0,1" hai="17,18,19,36,41,44,50,55,57,65,66,93,99,100" machi="99" ten="40,2600,0" yaku="1,1,52,1,53,0" doraHai="71" doraHaiUra="3" who="3" fromWho="0" sc="250,-26,250,0,250,0,240,36" /><INIT seed="1,0,0,5,1,129" ten="224,250,250,276" oya="1" hai0="27,118,86,109,35,83,64,132,3,40,101,99,105" hai1="62,8,104,52,51,120,65,11,0,63,77,54,26" hai2="131,58,78,29,106,36,84,53,37,107,128,4,125" hai3="103,44,22,127,28,49,91,116,7,87,75,96,19"/><U46/><E104/><V122/><F122/><W48/><G127/><T23/><D118/><U80/><E120/><V97/><F125/><W15/><G116/><T10/><D35/><U61/><E65/><V100/><F4/><W13/><G75/><T85/><D40/><U90/><E0/><V50/><F107/><W82/><G28/><T25/><D64/><U45/><E90/><V76/><F29/><W2/><G2/><T72/><D109/><U134/><E134/><V1/><F1/><W92/><REACH who="3" step="1"/><G44/><REACH who="3" ten="224,250,250,266" step="2"/><T18/><D132/><U98/><E46/><V94/><F131/><W12/><G12/><T115/><D3/><U110/><E110/><V135/><F128/><W123/><G123/><T57/><D72/><U67/><E26/><V126/><F126/><W121/><G121/><T108/><D108/><U9/><E67/><V34/><F135/><W81/><G81/><T21/><D115/><U74/><REACH who="1" step="1"/><E98/><REACH who="1" ten="224,240,250,266" step="2"/><V79/><F97/><W6/><G6/><T33/><D99/><U24/><E24/><V112/><F112/><W119/><G119/><T31/><D27/><U14/><E14/><V30/><F30/><W43/><G43/><AGARI ba="0,2" hai="8,9,11,43,45,51,52,54,61,62,63,74,77,80" machi="43" ten="40,3900,0" yaku="1,1,54,1,53,0" doraHai="129" doraHaiUra="32" who="1" fromWho="3" sc="224,0,240,59,250,0,266,-39" /><INIT seed="1,1,0,0,4,69" ten="224,299,250,227" oya="1" hai0="1,23,18,134,89,66,130,96,40,124,68,97,43" hai1="102,113,70,32,103,67,48,13,45,128,94,8,65" hai2="31,120,125,11,122,132,42,0,108,3,39,9,118" hai3="64,116,107,135,17,92,35,111,121,24,78,72,16"/><U117/><E113/><V95/><F118/><W133/><G121/><T127/><D1/><U30/><E117/><V105/><F95/><W25/><G116/><T10/><D10/><U90/><E128/><V28/><F42/><W61/><G107/><T34/><D34/><U44/><E30/><V27/><F27/><N who="3" m="10315" /><G35/><T26/><D130/><U73/><E73/><V75/><F75/><W59/><G111/><T7/><D7/><U60/><E67/><V12/><F12/><W88/><G78/><T37/><D134/><N who="3" m="51209" /><G72/><T131/><D131/><U83/><E83/><V19/><F132/><W85/><AGARI ba="1,0" hai="16,17,59,61,64,85,88,92" m="51209,10315" machi="85" ten="30,4000,0" yaku="20,1,54,2" doraHai="69" who="3" fromWho="3" sc="224,-11,299,-21,250,-11,227,43" /><INIT seed="2,0,0,0,3,83" ten="213,278,239,270" oya="2" hai0="34,123,41,1,48,21,74,32,102,98,75,73,87" hai1="30,67,19,72,114,31,135,35,111,78,39,119,2" hai2="79,89,44,86,47,4,45,20,8,0,109,18,12" hai3="94,122,13,60,116,134,118,130,9,115,85,110,17"/><V57/><F109/><W56/><G122/><T25/><D123/><U81/><E114/><V63/><F79/><W84/><G110/><T29/><D1/><U112/><E112/><V108/><F108/><W127/><G115/><T36/><D36/><U26/><E135/><V95/><REACH who="2" step="1"/><F44/><REACH who="2" ten="213,278,229,270" step="2"/><W76/><G76/><T5/><D74/><U96/><E78/><V131/><F131/><W104/><G130/><T61/><D73/><U40/><E72/><V68/><F68/><W65/><G118/><T91/><D75/><U121/><E119/><V124/><F124/><W62/><G127/><T129/><D129/><U132/><E111/><V128/><F128/><W99/><G116/><T101/><D34/><U77/><E35/><V107/><F107/><W6/><G104/><T42/><D32/><U105/><E77/><V58/><F58/><N who="3" m="37015" /><G134/><T92/><D5/><U50/><E105/><V125/><F125/><W126/><G6/><T103/><D61/><U22/><E132/><V120/><F120/><W55/><G126/><T66/><D66/><AGARI ba="0,1" hai="0,4,8,12,18,20,45,47,57,63,66,86,89,95" machi="66" ten="30,5800,0" yaku="1,1,7,1,52,1,53,0" doraHai="83" doraHaiUra="38" who="2" fromWho="0" sc="213,-58,278,0,229,68,270,0" /><INIT seed="2,1,0,0,2,48" ten="155,278,297,270" oya="2" hai0="111,61,104,50,76,88,53,38,46,110,123,58,86" hai1="64,79,77,28,71,2,55,36,24,17,27,93,103" hai2="119,127,63,132,14,83,7,80,54,49,112,92,42" hai3="40,43,94,85,107,47,26,32,120,60,116,56,29"/><V72/><F112/><W3/><G120/><T4/><D123/><U21/><E2/><V125/><F119/><W52/><G107/><T41/><D104/><U62/><E36/><V90/><F72/><W66/><G3/><T0/><D76/><U126/><E126/><N who="2" m="48139" /><F42/><W124/><G124/><T78/><D78/><U8/><E8/><N who="2" m="4383" /><F63/><W81/><G94/><T133/><D133/><U134/><E134/><V10/><F10/><W106/><G106/><T34/><D34/><U105/><E93/><V109/><F109/><N who="0" m="41482" /><D4/><U15/><E15/><V91/><F91/><W11/><G11/><T23/><D23/><U108/><E108/><V121/><F121/><W96/><G116/><T22/><D22/><U45/><E105/><V70/><F70/><W128/><G128/><T9/><D9/><U57/><E103/><V115/><F115/><W117/><G117/><T101/><D0/><U113/><E113/><V18/><F18/><W44/><G32/><T67/><D101/><U65/><E79/><V99/><F132/><W84/><G29/><T39/><D41/><U122/><E77/><V31/><F31/><W98/><G43/><T82/><AGARI ba="1,0" hai="38,39,46,50,53,58,61,67,82,86,88" m="41482" machi="82" ten="30,4000,0" yaku="14,1,52,1,54,1" doraHai="48" who="0" fromWho="0" sc="155,43,278,-11,297,-21,270,-11" /><INIT seed="3,0,0,1,0,93" ten="198,267,276,259" oya="3" hai0="61,14,62,128,28,134,35,15,22,52,48,86,88" hai1="32,121,24,2,43,36,110,54,38,0,46,64,115" hai2="21,102,58,111,107,45,118,65,122,4,29,37,73" hai3="41,50,1,114,40,101,123,7,60,66,9,135,106"/><W117/><G114/><T13/><D134/><U109/><E115/><V96/><F118/><W11/><G117/><T113/><D128/><U18/><E121/><V56/><F122/><W44/><G123/><T27/><D35/><U76/><E76/><V8/><F73/><W131/><G135/><T105/><D105/><U91/><E64/><V74/><F74/><W10/><G131/><T99/><D99/><U97/><E38/><V108/><F65/><W90/><G41/><T103/><D103/><U55/><E55/><V129/><F129/><W39/><G39/><T116/><D116/><U100/><E54/><V23/><F56/><W87/><G101/><T119/><D119/><U47/><E91/><V72/><F58/><W104/><G106/><T82/><REACH who="0" step="1"/><D113/><REACH who="0" ten="188,267,276,259" step="2"/><U57/><E32/><V63/><F107/><W125/><G104/><T112/><D112/><U31/><E97/><V98/><F98/><W81/><REACH who="3" step="1"/><G125/><REACH who="3" ten="188,267,276,249" step="2"/><T95/><D95/><U19/><E100/><V126/><F102/><W80/><G80/><T71/><D71/><AGARI ba="0,2" hai="1,7,9,10,11,40,44,50,60,66,71,81,87,90" machi="71" ten="30,2900,0" yaku="1,1,7,1,53,0" doraHai="93" doraHaiUra="133" who="3" fromWho="0" sc="188,-29,267,0,276,0,249,49" /><INIT seed="3,1,0,5,4,56" ten="159,267,276,298" oya="3" hai0="44,52,128,116,131,113,64,37,50,103,19,42,134" hai1="117,17,111,11,120,60,105,79,40,99,86,127,32" hai2="9,16,5,38,130,112,108,20,69,30,110,89,81" hai3="7,51,48,85,10,33,61,25,83,124,31,109,39"/><W49/><G39/><T135/><D116/><U59/><E120/><V123/><F112/><W78/><G109/><N who="2" m="42089" /><F69/><W118/><G118/><T22/><D103/><U18/><E32/><V46/><F130/><N who="0" m="49706" /><D19/><U15/><E127/><V1/><F30/><W71/><G124/><T21/><D113/><U96/><E117/><V100/><F100/><W133/><G133/><N who="0" m="50699" /><D64/><U122/><E105/><V107/><F107/><W27/><G27/><T125/><D125/><U41/><E122/><V3/><F123/><W26/><G26/><T106/><D106/><U95/><E18/><V6/><F16/><W115/><G115/><T82/><D82/><N who="1" m="47455" /><E111/><V88/><F81/><W97/><G97/><N who="1" m="37450" /><E95/><V43/><F20/><W80/><G83/><T34/><D34/><U23/><E23/><N who="0" m="8713" /><D37/><U72/><E72/><V132/><F132/><W57/><G80/><T12/><D12/><U68/><E68/><V90/><F6/><W66/><G71/><T58/><D58/><U45/><E15/><AGARI ba="1,0" hai="1,3,5,9,15,38,43,46,88,89,90" m="42089" machi="15" ten="30,2000,0" yaku="14,1,54,1" doraHai="56" who="2" fromWho="1" sc="159,0,267,-23,276,23,298,0" /><INIT seed="4,0,0,0,4,10" ten="159,244,299,298" oya="0" hai0="55,26,48,127,108,0,31,27,32,16,90,34,86" hai1="30,120,24,44,43,40,117,114,83,135,95,77,78" hai2="102,47,133,4,97,38,121,33,58,25,21,113,106" hai3="17,105,18,71,100,116,14,75,131,66,60,134,56"/><T79/><D127/><U37/><E117/><V64/><F121/><W51/><G116/><T89/><D0/><U15/><E120/><V57/><F33/><W61/><G75/><T99/><D108/><U63/><E135/><V68/><F4/><W119/><G119/><T53/><D99/><U76/><E114/><V12/><F12/><W93/><G105/><T3/><D3/><U20/><E43/><V35/><F133/><W91/><G131/><T112/><D112/><U82/><E63/><N who="2" m="39967" /><F21/><W122/><G134/><T111/><D111/><U123/><E123/><V84/><F84/><W118/><G118/><T128/><D128/><U69/><E69/><V94/><F94/><W88/><G51/><T45/><D53/><U103/><REACH who="1" step="1"/><E15/><REACH who="1" ten="159,234,299,298" step="2"/><V8/><F113/><W6/><G14/><T72/><D72/><U87/><E87/><V81/><F38/><W115/><G115/><T42/><D42/><U7/><E7/><V23/><F97/><AGARI ba="0,1" hai="20,24,30,37,40,44,76,77,78,82,83,95,97,103" machi="97" ten="40,1300,0" yaku="1,1,53,0" doraHai="10" doraHaiUra="67" who="1" fromWho="2" sc="159,0,234,23,299,-13,298,0" /><INIT seed="5,0,0,0,4,0" ten="159,257,286,298" oya="1" hai0="56,126,36,108,94,105,73,49,6,133,66,19,101" hai1="21,62,20,90,102,45,83,123,77,50,11,70,80" hai2="37,48,61,96,98,9,74,26,121,110,67,47,79" hai3="51,122,38,30,92,112,81,15,89,135,34,8,64"/><U132/><E123/><V111/><F121/><W106/><G38/><T69/><D108/><U59/><E70/><V55/><F37/><W65/><G106/><T84/><D73/><U60/><E132/><V16/><F74/><W46/><G81/><T103/><D133/><U130/><E130/><V53/><F79/><W104/><G104/><T71/><D36/><U68/><E68/><V42/><F111/><W129/><G135/><T114/><D114/><U58/><E102/><V87/><F87/><W107/><G107/><T32/><D32/><U2/><E90/><V109/><F109/><W95/><G95/><T76/><D105/><U93/><E93/><V116/><F116/><W23/><G34/><T86/><D71/><U120/><E120/><V75/><F75/><W85/><G112/><T54/><D126/><U40/><E2/><V12/><F26/><N who="3" m="16735" /><G129/><T17/><D69/><U97/><E97/><N who="2" m="37483" /><F110/><W100/><G100/><N who="0" m="38475" /><D66/><N who="1" m="39191" /><E11/><V44/><F44/><W31/><G31/><T29/><D29/><U4/><E77/><V99/><F99/><W131/><G131/><T117/><D117/><U88/><E83/><V35/><F35/><W39/><G39/><T127/><D127/><U27/><E80/><V28/><F28/><W113/><G113/><T115/><D115/><U5/><E88/><V124/><F124/><W119/><G122/><T25/><D25/><U57/><E57/><AGARI ba="0,0" hai="9,12,16,42,47,48,53,55,57,61,67" m="37483" machi="57" ten="30,2000,0" yaku="8,1,54,1" doraHai="0" who="2" fromWho="1" sc="159,0,257,-20,286,20,298,0" owari="159,-34.1,237,-16.3,306,40.6,298,9.8" /></mjloggm>