<mjloggm ver="2.3"><GO type="225" lobby="0"/><UN n0="%4E%6F%2E%30%30%30%31" n1="%72%69%6F%75%63%68%61%6E" n2="%E9%80%9F%E6%B0%B4%E5%87%9B%E9%A6%99" n3="%4E%49%4A%49%49%52%4F" dan="18,16,17,16" rate="2201.73,2190.16,2171.84,2173.99" sx="M,M,F,M"/><TAIKYOKU oya="0"/><INIT seed="0,0,0,5,5,68" ten="250,250,250,250" oya="0" hai0="99,36,66,1,98,119,16,111,110,39,126,15,21" hai1="50,93,28,123,90,45,133,62,6,12,42,120,44" hai2="18,101,122,46,69,27,106,0,56,96,10,87,102" hai3="58,65,82,71,48,24,30,26,57,52,17,94,91"/><T124/><D119/><U19/><E133/><V76/><F69/><W77/><G71/><T127/><D1/><U84/><E28/><V134/><F122/><W64/><G17/><T13/><D66/><U3/><E62/><V117/><F117/><W11/><G11/><T100/><D13/><U8/><REACH who="1" step="1"/><E44/><REACH who="1" ten="250,240,250,250" step="2"/><V40/><F46/><W114/><G114/><T38/><D98/><U80/><E80/><V115/><F96/><W22/><G58/><T81/><D81/><U14/><E14/><V55/><F56/><W79/><G26/><T89/><D89/><U49/><E49/><V43/><F115/><W2/><G2/><T108/><D124/><U95/><E95/><AGARI ba="0,1" hai="15,16,21,36,38,39,95,99,100,108,110,111,126,127" machi="95" ten="50,18000,2" yaku="14,1,10,1,52,3,54,1" doraHai="68" who="0" fromWho="1" sc="250,190,240,-180,250,0,250,0" /><INIT seed="0,1,0,4,0,118" ten="440,60,250,250" oya="0" hai0="74,55,12,67,105,100,14,129,128,94,22,39,0" hai1="96,23,106,124,92,99,60,53,49,66,79,13,87" hai2="30,28,20,45,34,120,41,42,122,7,103,104,5" hai3="70,6,89,95,36,47,69,72,132,48,117,80,63"/><T24/><D0/><U76/><E124/><V27/><F103/><W88/><G117/><T123/><D123/><N who="2" m="47146" /><F45/><W57/><G36/><T62/><D74/><U101/><E87/><V81/><F81/><W131/><G131/><N who="0" m="50251" /><D39/><U32/><E32/><V50/><F50/><W84/><G132/><T37/><D37/><U61/><E23/><V77/><F77/><W97/><G72/><T19/><D105/><U127/><E13/><N who="0" m="5225" /><D55/><U21/><E21/><V68/><F68/><W2/><G2/><T109/><D109/><U33/><E33/><V75/><F75/><W91/><G6/><N who="2" m="2057" /><F104/><W110/><G110/><T56/><D94/><U98/><E127/><V46/><F46/><W71/><G89/><T121/><D121/><U11/><E11/><V111/><F111/><W3/><G3/><T17/><D100/><U4/><E4/><V115/><F115/><W85/><G85/><T40/><D40/><N who="2" m="15466" /><F34/><W119/><G119/><T78/><D78/><N who="1" m="29739" /><E106/><V107/><F107/><W52/><REACH who="3" step="1"/><G47/><REACH who="3" ten="440,60,250,240" step="2"/><T29/><AGARI ba="1,1" hai="17,19,22,24,29,56,62,67" m="5225,50251" machi="29" ten="30,1500,0" yaku="19,1" doraHai="118" who="0" fromWho="0" sc="440,28,60,-6,250,-6,240,-6" /><INIT seed="0,2,0,4,0,90" ten="468,54,244,234" oya="0" hai0="121,100,58,113,92,27,134,87,123,114,80,131,95" hai1="38,104,57,130,56,82,18,52,54,78,2,67,19" hai2="135,34,70,1,83,105,66,132,115,73,120,69,102" hai3="32,72,28,35,43,20,81,118,14,4,22,48,86"/><T25/><D58/><U79/><E2/><V60/><F120/><N who="0" m="46154" /><D25/><U61/><E130/><V91/><F115/><N who="0" m="44042" /><D27/><U29/><E104/><V46/><F1/><W68/><G118/><T75/><D131/><U10/><E38/><V96/><F34/><W74/><G68/><T31/><D31/><U77/><E82/><V122/><F122/><W53/><G43/><T107/><D75/><U65/><E29/><V3/><F3/><W9/><G28/><T23/><D23/><U5/><E5/><V101/><F70/><W44/><G32/><T49/><D49/><U98/><E98/><V63/><F63/><W37/><G35/><T94/><D134/><U36/><E36/><V42/><F73/><W59/><G72/><T8/><D8/><U40/><E40/><V62/><F62/><W15/><G74/><T39/><D39/><U13/><REACH who="1" step="1"/><E18/><REACH who="1" ten="468,44,244,234" step="2"/><V26/><F42/><W41/><G37/><T116/><D116/><U51/><AGARI ba="2,1" hai="10,13,19,51,52,54,56,57,61,65,67,77,78,79" machi="51" ten="30,8000,1" yaku="1,1,2,1,0,1,8,1,54,1,53,0" doraHai="90" doraHaiUra="110" who="1" fromWho="1" sc="468,-42,44,96,244,-22,234,-22" /><INIT seed="1,0,0,0,1,9" ten="426,140,222,212" oya="1" hai0="100,1,49,18,16,62,87,97,89,96,12,112,95" hai1="2,80,78,8,17,93,98,72,33,5,10,44,119" hai2="26,104,24,124,74,118,133,27,21,108,20,63,83" hai3="109,91,71,110,38,69,75,90,46,129,61,43,114"/><U115/><E115/><V107/><F118/><W106/><G114/><T37/><D37/><U135/><E135/><V32/><F32/><W58/><G75/><T25/><D1/><U88/><E119/><V103/><F133/><W73/><G73/><T132/><D132/><U101/><E33/><V48/><F103/><W56/><G106/><T51/><D112/><U84/><E44/><V0/><F0/><W76/><G76/><T126/><D126/><U66/><E66/><V22/><F124/><W99/><G129/><T19/><D25/><U39/><E39/><V85/><F74/><W3/><G3/><T29/><D29/><U127/><E127/><V94/><F94/><W14/><G99/><N who="0" m="37963" /><D100/><U55/><E55/><V52/><F63/><W15/><G58/><T70/><D70/><U31/><E31/><V116/><F116/><W128/><G128/><T35/><D35/><U45/><E45/><V86/><F108/><N who="3" m="41579" /><G69/><T23/><D62/><U113/><E113/><V53/><F48/><AGARI ba="0,0" hai="12,16,18,19,23,48,49,51,87,89,95" m="37963" machi="48" ten="30,3900,0" yaku="8,1,52,1,54,1" doraHai="9" who="0" fromWho="2" sc="426,39,140,0,222,-39,212,0" /><INIT seed="2,0,0,0,0,90" ten="465,140,183,212" oya="2" hai0="42,106,100,85,112,49,56,87,119,124,82,24,80" hai1="53,55,58,39,28,46,117,25,12,111,43,16,33" hai2="78,103,95,92,118,18,63,94,52,122,97,98,4" hai3="108,81,73,2,114,107,36,116,30,91,132,88,62"/><V123/><F118/><W71/><RYUUKYOKU type="yao9" ba="0,0" sc="465,0,140,0,183,0,212,0" hai3="2,30,36,62,71,73,81,88,91,107,108,114,116,132" /><INIT seed="2,1,0,0,4,128" ten="465,140,183,212" oya="2" hai0="52,112,62,131,0,76,92,123,57,7,65,80,108" hai1="84,67,2,107,68,31,129,11,20,4,96,91,103" hai2="39,19,42,115,17,35,86,34,43,64,48,121,21" hai3="15,90,89,118,28,41,18,51,47,16,119,54,40"/><V69/><F121/><W24/><G118/><T82/><D123/><U104/><E129/><V74/><F115/><W32/><G119/><T53/><D131/><U46/><E107/><V132/><F74/><W81/><G18/><T125/><D112/><U106/><E106/><V130/><F39/><W102/><G102/><T26/><D108/><U109/><E109/><V61/><F130/><W63/><G63/><T124/><D92/><U95/><E46/><V8/><F132/><W133/><G133/><T73/><D82/><U79/><E79/><V33/><F8/><N who="3" m="6247" /><G90/><T114/><D114/><U56/><E68/><V30/><F86/><AGARI ba="1,0" hai="24,28,32,40,41,47,51,54,81,86,89" m="6247" machi="86" ten="30,2000,0" yaku="25,1,54,1" doraHai="128" who="3" fromWho="2" sc="465,0,140,0,183,-23,212,23" /><INIT seed="3,0,0,4,4,17" ten="465,140,160,235" oya="3" hai0="70,129,40,18,117,62,88,11,75,28,57,110,103" hai1="100,66,128,121,3,19,10,132,61,51,49,33,47" hai2="134,26,114,24,22,2,1,135,53,29,55,84,4" hai3="94,16,107,48,109,96,59,80,104,58,78,38,60"/><W13/><G38/><T71/><D117/><U21/><E121/><V7/><F84/><W69/><G69/><T105/><D75/><U6/><E33/><N who="2" m="20647" /><F55/><W54/><G109/><T86/><D129/><U120/><E120/><V108/><F53/><W67/><G78/><T35/><D40/><U46/><E128/><V118/><F118/><W52/><G80/><T101/><D110/><U119/><E119/><V92/><F92/><W125/><G125/><T25/><D18/><U32/><E32/><V72/><F72/><W97/><G67/><T76/><D76/><U68/><E132/><N who="2" m="50731" /><F114/><W133/><G133/><T14/><D105/><U39/><E100/><V5/><F108/><W31/><G31/><AGARI ba="0,0" hai="1,2,4,5,7,22,26,31" m="50731,20647" machi="31" ten="30,7700,0" yaku="20,1,34,2,52,1" doraHai="17" who="2" fromWho="3" sc="465,0,140,0,160,77,235,-77" owari="465,56.5,140,-36.0,237,3.7,158,-24.2" /></mjloggm>