<mjloggm ver="2.3"><GO type="225" lobby="0"/><UN n0="%E6%B8%A9%E2%98%85%E6%83%85%E2%98%85%E6%8E%AA%E2%98%85%E7%BD%AE" n1="%E5%8F%AF%E5%85%90%E9%82%A3%E7%94%B1%E5%A4%9A" n2="%E3%81%8B%E3%82%8F%E3%81%A1%E3%82%83%E3%82%93%35%38" n3="%63%68%78%62%64" dan="16,16,16,16" rate="2169.79,2189.88,2181.57,2112.07" sx="M,F,M,M"/><TAIKYOKU oya="0"/><INIT seed="0,0,0,5,5,41" ten="250,250,250,250" oya="0" hai0="75,81,43,7,86,16,109,118,126,128,84,59,57" hai1="98,122,67,64,72,112,34,61,0,129,25,28,19" hai2="79,60,103,131,71,22,1,113,83,58,38,20,11" hai3="13,3,65,111,121,69,5,135,105,134,44,14,54"/><T46/><D118/><U63/><E122/><V93/><F113/><W97/><G121/><T35/><D35/><U119/><E119/><V132/><F71/><W117/><G111/><T70/><D70/><U100/><E112/><V92/><F38/><W27/><G117/><T24/><D109/><U108/><E108/><V77/><F132/><N who="3" m="50731" /><G65/><T18/><D128/><U73/><E129/><V33/><F33/><W78/><G69/><T62/><D126/><U32/><E0/><V66/><F131/><W104/><G27/><T48/><D7/><U116/><E116/><V2/><F103/><N who="3" m="62575" /><G105/><T85/><D24/><U4/><E4/><V106/><F106/><W130/><G78/><T47/><D47/><U89/><E89/><V26/><F79/><W123/><G123/><T82/><D75/><U110/><E110/><V127/><F127/><W107/><G107/><T125/><D125/><U40/><E34/><V51/><F77/><W102/><G102/><T15/><D59/><U74/><E67/><V124/><F58/><W52/><G130/><T9/><D18/><U87/><E19/><V10/><F66/><AGARI ba="0,0" hai="9,15,16,43,46,48,57,62,66,81,82,84,85,86" machi="66" ten="40,7700,0" yaku="8,1,52,1,54,1" doraHai="41" who="0" fromWho="2" sc="250,77,250,0,250,-77,250,0" /><INIT seed="0,1,0,5,4,35" ten="327,250,173,250" oya="0" hai0="104,8,36,40,32,126,71,26,42,124,13,106,94" hai1="22,112,110,68,33,60,127,53,57,117,119,23,128" hai2="95,72,121,52,3,45,78,109,34,107,10,88,74" hai3="135,85,76,43,122,37,113,111,12,29,98,6,0"/><T73/><D71/><U44/><E33/><V66/><F121/><W15/><G113/><T51/><D73/><U58/><E23/><V84/><F107/><N who="0" m="41002" /><D36/><U25/><E110/><V61/><F34/><W103/><G111/><T116/><D94/><U87/><E128/><V48/><F109/><W134/><G29/><N who="0" m="19511" /><D51/><U83/><E68/><V99/><F78/><W38/><G122/><T56/><D56/><U19/><E112/><V27/><F27/><W9/><G85/><T47/><D47/><U50/><E127/><N who="0" m="48681" /><D116/><U120/><E57/><V90/><F61/><W24/><G38/><T16/><AGARI ba="1,0" hai="8,13,16,40,42" m="48681,19511,41002" machi="16" ten="30,3000,0" yaku="18,1,54,1" doraHai="35" who="0" fromWho="0" sc="327,33,250,-11,173,-11,250,-11" /><INIT seed="0,2,0,4,3,95" ten="360,239,162,239" oya="0" hai0="30,7,114,128,19,102,13,71,32,43,101,81,64" hai1="25,34,47,113,122,129,31,10,120,39,62,97,22" hai2="18,85,78,55,126,65,60,66,99,108,69,53,86" hai3="9,59,73,91,4,45,88,98,15,61,93,79,54"/><T49/><D114/><U72/><E72/><V131/><F108/><W132/><G132/><T12/><D128/><U2/><E129/><V16/><F131/><W33/><G33/><T0/><D71/><U76/><E113/><V58/><F126/><W127/><G127/><T103/><D64/><U56/><E76/><V121/><F121/><W24/><G24/><T5/><D0/><U63/><E34/><V8/><F69/><W135/><G135/><T17/><D81/><U20/><E20/><V35/><F35/><W75/><G79/><T28/><D32/><U115/><E115/><V83/><F66/><W41/><REACH who="3" step="1"/><G91/><REACH who="3" ten="360,239,162,229" step="2"/><T46/><D30/><U124/><E124/><V67/><F78/><W48/><AGARI ba="2,1" hai="4,9,15,41,45,48,54,59,61,73,75,88,93,98" machi="48" ten="20,12000,2" yaku="1,1,2,1,0,1,7,1,52,1,54,1,53,0" doraHai="95" doraHaiUra="23" who="3" fromWho="3" sc="360,-62,239,-32,162,-32,229,136" /><INIT seed="1,0,0,0,2,68" ten="298,207,130,365" oya="1" hai0="9,65,85,29,13,98,119,39,134,41,2,15,19" hai1="24,36,123,51,124,83,77,26,61,42,16,21,3" hai2="46,56,62,47,93,22,115,27,114,60,97,102,50" hai3="99,43,34,107,67,80,81,53,7,59,28,82,113"/><U74/><E123/><V4/><F4/><W91/><G113/><T71/><D119/><U132/><E3/><V128/><F128/><W70/><G7/><T0/><D134/><U48/><E132/><V116/><F116/><W35/><G43/><T17/><D29/><U20/><E124/><V104/><F104/><W6/><G6/><T79/><D98/><U130/><E130/><V12/><F12/><W111/><G111/><T55/><D55/><U125/><E125/><V133/><F133/><W122/><G122/><T117/><D117/><U109/><E109/><V94/><F115/><W76/><G76/><T126/><D126/><U101/><E101/><V100/><F114/><W118/><G118/><T31/><D31/><U127/><E61/><V33/><F33/><W95/><G107/><T38/><D41/><U108/><E108/><V110/><F110/><W18/><G28/><T90/><D79/><U120/><E120/><V88/><F100/><W52/><G53/><T64/><D71/><U72/><E72/><V63/><F56/><W103/><G103/><T54/><D54/><U89/><E89/><V78/><F78/><W30/><G30/><T37/><D2/><U10/><E127/><V112/><F112/><W86/><G86/><T66/><D0/><U69/><E69/><V14/><F14/><W45/><G70/><T23/><REACH who="0" step="1"/><D65/><REACH who="0" ten="288,207,130,365" step="2"/><U87/><E42/><V58/><F97/><W5/><G67/><T40/><D40/><U121/><E77/><V75/><F75/><W73/><G73/><T106/><D106/><U129/><E74/><V25/><F102/><RYUUKYOKU ba="0,1" sc="288,30,207,-10,130,-10,365,-10" hai0="9,13,15,17,19,23,37,38,39,64,66,85,90" /><INIT seed="2,1,1,4,1,11" ten="318,197,120,355" oya="2" hai0="113,13,129,47,92,3,91,87,42,20,132,75,8" hai1="4,100,70,57,27,112,116,19,115,107,89,12,26" hai2="55,51,9,130,85,0,52,69,97,53,90,58,1" hai3="78,46,118,45,29,99,110,67,77,34,71,7,114"/><V25/><F69/><W36/><G118/><T127/><D113/><N who="1" m="43595" /><E70/><V39/><F130/><W121/><G121/><T30/><D129/><U76/><E76/><V125/><F125/><W93/><G110/><T126/><D75/><U73/><E89/><V17/><F39/><W41/><G7/><T124/><D132/><U28/><E57/><V50/><F97/><W119/><G119/><T62/><D62/><U103/><E73/><V15/><F25/><W65/><G45/><T80/><D3/><U128/><E103/><V133/><F133/><W86/><G86/><T106/><D106/><U81/><E81/><V37/><F37/><W5/><G5/><N who="0" m="3215" /><D80/><U18/><E100/><V98/><F98/><W22/><G34/><T2/><D2/><U120/><E107/><V54/><REACH who="2" step="1"/><F51/><REACH who="2" ten="318,197,110,355" step="2"/><W43/><G71/><T56/><D127/><U40/><E128/><V63/><F63/><W135/><G36/><T101/><D126/><U14/><E116/><V66/><F66/><W31/><G65/><T72/><D124/><U60/><E60/><V24/><F24/><W83/><G67/><T59/><D101/><U134/><E134/><V109/><F109/><W117/><G135/><T104/><D104/><U61/><E61/><V84/><F84/><W108/><G99/><T95/><D72/><U64/><E64/><V32/><F32/><W21/><G108/><T44/><D87/><U16/><E26/><V74/><F74/><W88/><G114/><T96/><D96/><U6/><E27/><V23/><F23/><W122/><G22/><T49/><D49/><U82/><E120/><RYUUKYOKU ba="1,2" sc="318,-10,197,-10,110,30,355,-10" hai2="0,1,9,15,17,50,52,53,54,55,58,85,90" /><INIT seed="2,2,2,2,2,42" ten="308,187,140,345" oya="2" hai0="45,43,114,124,24,107,30,128,85,36,11,131,129" hai1="52,117,106,38,125,4,69,25,92,84,41,44,99" hai2="65,9,97,126,119,7,67,81,13,120,50,33,10" hai3="88,89,47,32,133,0,46,61,105,90,83,28,110"/><V35/><F120/><W1/><G105/><T135/><D114/><U18/><E117/><V49/><F119/><W98/><G110/><T127/><D107/><U70/><E125/><N who="0" m="48201" /><D11/><U29/><E4/><V39/><F126/><W102/><G133/><T87/><D135/><U72/><E72/><V96/><F39/><W3/><G83/><T130/><N who="0" m="32768" /><DORA hai="14" /><T60/><D60/><U23/><E106/><V123/><F81/><W80/><G80/><T54/><D54/><U134/><E134/><V68/><F123/><W63/><G98/><T93/><D93/><U76/><E52/><V66/><F68/><W19/><G102/><T101/><D101/><U31/><E70/><V73/><F73/><W78/><G78/><T112/><D112/><U20/><E69/><V108/><F108/><W77/><G77/><T111/><D111/><U48/><E76/><V26/><F26/><W62/><G19/><T12/><D12/><U2/><E18/><V118/><F118/><W132/><G132/><T5/><D5/><U86/><E92/><V74/><F74/><W109/><G109/><T6/><D6/><U79/><E79/><V94/><F10/><W75/><G75/><T57/><D57/><U58/><E58/><V121/><F121/><W82/><G82/><T91/><D91/><U59/><E59/><V22/><F97/><W115/><G115/><T104/><D104/><U116/><E116/><V37/><F96/><W55/><G55/><T40/><D43/><U15/><E41/><V53/><F94/><W122/><G122/><T95/><D95/><U64/><E99/><RYUUKYOKU ba="2,2" sc="308,15,187,-15,140,-15,345,15" hai0="24,30,36,40,45,85,87" hai3="0,1,3,28,32,46,47,61,62,63,88,89,90" /><INIT seed="3,3,2,0,5,123" ten="323,172,125,360" oya="3" hai0="14,94,134,129,78,62,92,111,87,130,80,84,91" hai1="70,133,72,28,19,18,105,114,128,1,47,46,25" hai2="71,39,9,90,64,0,13,4,79,135,89,30,43" hai3="115,116,3,77,93,15,110,106,96,53,11,120,117"/><W52/><G115/><T21/><D111/><U24/><E72/><V81/><F30/><W85/><G110/><T119/><D119/><U60/><E105/><V34/><F34/><W20/><G120/><T8/><D134/><U58/><E1/><V2/><F135/><W118/><G3/><T86/><D62/><U33/><E70/><V127/><F127/><W76/><G20/><T40/><D40/><U121/><E121/><V55/><F0/><W73/><G73/><T63/><D63/><U16/><E133/><V17/><F55/><W38/><G38/><T101/><D21/><U88/><E114/><V54/><F54/><W32/><G32/><T109/><D109/><U61/><E128/><N who="0" m="49257" /><D101/><U102/><E102/><V125/><F125/><W48/><G53/><T36/><D36/><U42/><E24/><V68/><F68/><W37/><G37/><T95/><D78/><U83/><E42/><V67/><F67/><W131/><G131/><T49/><D49/><U50/><E50/><V108/><F108/><W57/><G77/><T12/><D12/><U98/><E61/><V107/><F107/><W7/><G106/><T99/><D80/><U82/><E82/><V22/><F64/><W26/><G26/><T75/><D75/><U5/><E83/><V132/><F71/><W27/><G27/><T10/><D10/><U112/><E28/><V23/><F23/><W74/><G74/><T56/><D56/><U31/><E31/><V100/><F132/><W41/><G41/><T44/><D44/><U97/><E33/><V104/><F39/><W35/><G35/><RYUUKYOKU ba="3,2" sc="323,30,172,-10,125,-10,360,-10" hai0="8,14,84,86,87,91,92,94,95,99" owari="373,47.3,162,-23.8,115,-38.5,350,15.0" /></mjloggm>