<mjloggm ver="2.3"><GO type="225" lobby="0"/><UN n0="%E8%A8%88%E7%AE%97%E6%A9%9F%E8%87%AA%E7%84%B6" n1="%73%61%6E%64%69%72%69%73" n2="%E5%84%AA%40%41%42%43" n3="%33%74%72%65%65" dan="17,16,17,16" rate="2222.59,2172.98,2257.36,2103.55" sx="M,M,M,M"/><TAIKYOKU oya="0"/><INIT seed="0,0,0,2,0,114" ten="250,250,250,250" oya="0" hai0="99,133,100,98,41,19,18,78,47,53,49,101,36" hai1="14,22,3,10,28,104,116,45,46,120,26,24,21" hai2="30,16,1,125,62,71,7,88,81,106,124,82,44" hai3="109,32,77,54,31,115,40,39,50,110,119,69,112"/><T87/><D133/><U74/><E120/><V92/><F106/><W75/><G77/><T20/><D78/><U97/><E74/><V12/><F30/><W96/><G96/><T60/><D87/><U52/><E3/><V68/><F7/><W34/><G75/><T121/><D121/><U132/><E132/><V113/><F1/><W27/><G34/><T15/><D18/><U38/><E38/><V4/><F4/><W23/><G69/><T64/><D98/><U76/><E116/><V118/><F44/><N who="3" m="23583" /><G23/><T73/><D73/><U129/><E129/><V17/><F113/><N who="3" m="43595" /><G50/><T90/><D90/><U93/><E76/><V95/><F118/><W80/><G54/><T59/><REACH who="0" step="1"/><D99/><REACH who="0" ten="240,250,250,250" step="2"/><U85/><E85/><N who="2" m="50223" /><F17/><W0/><G80/><T94/><D94/><U134/><E134/><V48/><F82/><W63/><G119/><T51/><D51/><U2/><E93/><N who="2" m="35915" /><F48/><W35/><G63/><T122/><D122/><U11/><E97/><V91/><F62/><W107/><G107/><T13/><D13/><U86/><E14/><V43/><F91/><W33/><G0/><T57/><AGARI ba="0,1" hai="15,19,20,36,41,47,49,53,57,59,60,64,100,101" machi="57" ten="20,3900,0" yaku="1,1,0,1,7,1,53,0" doraHai="114" doraHaiUra="67" who="0" fromWho="0" sc="240,49,250,-13,250,-13,250,-13" /><INIT seed="0,1,0,4,4,61" ten="289,237,237,237" oya="0" hai0="33,94,3,95,43,71,47,34,123,27,117,57,9" hai1="127,113,116,120,1,5,51,102,68,46,114,28,122" hai2="104,97,31,74,125,75,101,48,69,6,12,98,72" hai3="36,54,24,132,10,112,106,111,128,11,131,15,4"/><T59/><D71/><U39/><E102/><V108/><F108/><W90/><G111/><T87/><D117/><U37/><E28/><V26/><F125/><W130/><G112/><N who="1" m="43114" /><E5/><V30/><F69/><W85/><G106/><T109/><D123/><N who="1" m="47147" /><E1/><V89/><F48/><W53/><G36/><N who="1" m="13898" /><E68/><V40/><F30/><W50/><G132/><T91/><D109/><U41/><E127/><V52/><F12/><N who="3" m="5191" /><G24/><T126/><D126/><U77/><E77/><V62/><F6/><N who="3" m="3575" /><G50/><T8/><D3/><U124/><E124/><V21/><F72/><W55/><G55/><T70/><D70/><U17/><E17/><V56/><REACH who="2" step="1"/><F40/><REACH who="2" ten="289,237,227,237" step="2"/><W76/><G76/><T96/><D27/><U86/><E86/><V78/><F78/><W103/><G85/><T79/><D79/><U80/><E80/><V60/><F60/><W13/><G131/><T134/><D87/><U0/><E0/><V100/><F100/><W119/><G103/><T42/><D42/><U2/><E2/><V83/><F83/><W22/><G130/><T49/><D43/><U93/><E93/><AGARI ba="1,1" hai="21,26,31,52,56,62,74,75,89,93,97,98,101,104" machi="93" ten="40,2600,0" yaku="1,1,54,1,53,0" doraHai="61" doraHaiUra="121" who="2" fromWho="1" sc="289,0,237,-29,227,39,237,0" /><INIT seed="1,0,0,2,4,14" ten="289,208,266,237" oya="1" hai0="8,55,61,83,109,4,130,25,106,124,125,47,67" hai1="28,26,31,135,22,82,38,12,81,100,57,96,21" hai2="120,35,110,71,42,69,48,70,87,40,80,126,49" hai3="60,127,62,16,15,123,36,111,19,0,133,132,86"/><U1/><E1/><V65/><F120/><W44/><G123/><T54/><D106/><U121/><E121/><V10/><F35/><W63/><G0/><T103/><D103/><U90/><E38/><V72/><F72/><W30/><G111/><T33/><D109/><U41/><E135/><N who="3" m="51786" /><G127/><N who="0" m="48715" /><D130/><U58/><E41/><V6/><F65/><W23/><G30/><N who="0" m="19663" /><D83/><N who="1" m="31755" /><E100/><V50/><F110/><W43/><G86/><T85/><D85/><U5/><E31/><V74/><F74/><W97/><G97/><T113/><D47/><U104/><E104/><V91/><REACH who="2" step="1"/><F126/><REACH who="2" ten="289,208,256,237" step="2"/><W101/><G101/><T84/><D113/><U107/><E107/><V24/><F24/><N who="3" m="14439" /><G62/><T94/><D61/><U27/><E27/><V46/><F46/><W13/><G13/><AGARI ba="0,1" hai="6,10,13,40,42,48,49,50,69,70,71,80,87,91" machi="13" ten="50,1600,0" yaku="1,1,53,0" doraHai="14" doraHaiUra="117" who="2" fromWho="3" sc="289,0,208,0,256,26,237,-16" /><INIT seed="2,0,0,5,2,91" ten="289,208,282,221" oya="2" hai0="121,114,130,63,74,40,38,39,101,0,54,97,43" hai1="22,23,12,57,77,32,105,52,72,14,16,84,122" hai2="35,117,85,25,44,45,58,120,79,7,83,111,71" hai3="1,15,65,112,127,61,68,95,66,108,132,69,88"/><V10/><F71/><W98/><G1/><T93/><D121/><U62/><E122/><V124/><F117/><W87/><G108/><T55/><D114/><U73/><E32/><V104/><F104/><W129/><G112/><T18/><D74/><U96/><E84/><V90/><F120/><W100/><G132/><T115/><D0/><U116/><E77/><V82/><F124/><W106/><G127/><T89/><D38/><U33/><E33/><V70/><F70/><W11/><G129/><T30/><D30/><U67/><E116/><V48/><F25/><W113/><G113/><T76/><D39/><U28/><E67/><V9/><F35/><W131/><G131/><T134/><D76/><U94/><E105/><V13/><F10/><W21/><G21/><T27/><D134/><U102/><E28/><V78/><F90/><W20/><G20/><N who="0" m="13719" /><D130/><U60/><E60/><V6/><F6/><W119/><G119/><T42/><D115/><U3/><E3/><V50/><F111/><W135/><G135/><T128/><D128/><U75/><REACH who="1" step="1"/><E23/><REACH who="1" ten="289,198,282,221" step="2"/><V26/><F79/><W49/><G66/><T36/><D63/><U24/><AGARI ba="0,1" hai="12,14,16,22,24,52,57,62,72,73,75,94,96,102" machi="24" ten="30,12000,2" yaku="1,1,2,1,0,1,52,1,54,2,53,0" doraHai="91" doraHaiUra="2" who="1" fromWho="1" sc="289,-30,198,130,282,-60,221,-30" /><INIT seed="3,0,0,1,4,36" ten="259,328,222,191" oya="3" hai0="23,43,113,59,41,124,99,66,76,81,9,132,134" hai1="58,88,102,71,6,114,67,119,26,72,40,3,133" hai2="111,11,85,100,31,53,50,83,18,0,39,69,109" hai3="27,91,54,110,118,106,95,90,8,47,37,75,48"/><W135/><G118/><T78/><D9/><U24/><E72/><V51/><F39/><W60/><G106/><T33/><D33/><U44/><E71/><V68/><F31/><W105/><G105/><T89/><D124/><U42/><E102/><V96/><F69/><W52/><G75/><T25/><D113/><U122/><E122/><V17/><F68/><W2/><G135/><N who="0" m="51755" /><D89/><U30/><E6/><V131/><F50/><W116/><G116/><T28/><D99/><U97/><E3/><V127/><F0/><W12/><G2/><T38/><D38/><U62/><E44/><N who="2" m="27879" /><F11/><W61/><G37/><T74/><D76/><U20/><E114/><V73/><F131/><W123/><G123/><T7/><D7/><U87/><E97/><V112/><F73/><W13/><G110/><N who="2" m="41993" /><F127/><W98/><G90/><T121/><D121/><U4/><E4/><V5/><F5/><W94/><G94/><T19/><D28/><N who="1" m="17415" /><E119/><V1/><F1/><W64/><G8/><T70/><D70/><U120/><E120/><V15/><F15/><W107/><G107/><T129/><D129/><U65/><E65/><V103/><F112/><W45/><G27/><T125/><D125/><U29/><E133/><V128/><F128/><W108/><G108/><T35/><D35/><U92/><E30/><V22/><F96/><W82/><G82/><T115/><D115/><U21/><AGARI ba="0,0" hai="21,26,29,40,42,58,62,67,87,88,92" m="17415" machi="21" ten="30,7900,0" yaku="8,1,52,2,54,1" doraHai="36" who="1" fromWho="1" sc="259,-20,328,79,222,-20,191,-39" owari="239,3.9,407,50.7,202,-19.8,152,-34.8" /></mjloggm>