<mjloggm ver="2.3"><GO type="225" lobby="0"/><UN n0="%72%69%6F%75%63%68%61%6E" n1="%E3%82%B3%E3%83%90%E3%83%AC%E3%82%A4" n2="%E3%83%9D%E3%83%B3%E3%83%9D%E3%82%B3%E5%95%86%E4%BA%8B" n3="%E4%BA%BA%E9%96%93%E3%83%81%E3%83%A3%E3%83%BC%E3%83%8F%E3%83%B3" dan="16,16,16,16" rate="2229.41,2124.95,2089.92,2147.30" sx="M,M,M,M"/><TAIKYOKU oya="0"/><INIT seed="0,0,0,4,5,31" ten="250,250,250,250" oya="0" hai0="53,10,83,52,129,54,80,12,130,24,27,84,50" hai1="113,18,102,101,47,98,16,1,11,106,46,3,91" hai2="125,36,34,119,122,103,62,13,108,29,28,123,127" hai3="79,133,117,22,114,85,70,60,5,93,96,8,110"/><T131/><D50/><U124/><E113/><V104/><F36/><W75/><G114/><T111/><D111/><U116/><E116/><V0/><F119/><W15/><G117/><T14/><D84/><U43/><E124/><N who="2" m="47691" /><F108/><W68/><G110/><T45/><D45/><U109/><E109/><V89/><F0/><W135/><G75/><T26/><REACH who="0" step="1"/><D10/><REACH who="0" ten="240,250,250,250" step="2"/><U61/><E46/><V57/><F122/><W74/><G74/><T17/><D17/><U42/><E42/><V59/><F123/><W90/><G60/><T92/><D92/><U118/><E118/><V38/><F62/><W21/><G85/><T78/><D78/><U69/><E47/><V55/><F104/><W126/><G79/><T33/><D33/><U115/><E43/><V112/><F34/><W39/><G126/><T99/><D99/><U6/><E98/><V121/><F112/><W77/><G77/><T132/><D132/><N who="3" m="50761" /><G39/><T41/><D41/><U63/><E115/><V105/><F38/><W4/><G4/><T82/><AGARI ba="0,1" hai="12,14,24,26,27,52,53,54,80,82,83,129,130,131" machi="82" ten="50,48000,5" yakuman="40" doraHai="31" doraHaiUra="19" who="0" fromWho="0" sc="240,490,250,-160,250,-160,250,-160" /><INIT seed="0,1,0,5,2,19" ten="730,90,90,90" oya="0" hai0="95,10,91,75,38,23,2,64,59,114,94,82,29" hai1="41,100,30,118,104,62,122,11,0,37,70,3,107" hai2="36,18,87,73,6,125,49,40,81,72,32,34,89" hai3="33,108,116,63,50,93,86,98,102,90,97,35,27"/><T109/><D114/><U124/><E118/><V46/><F125/><W4/><G116/><T80/><D38/><U44/><E124/><V12/><F6/><W127/><G127/><T77/><D109/><U31/><E122/><V39/><F39/><W53/><G108/><T57/><D80/><U47/><E47/><V74/><REACH who="2" step="1"/><F36/><REACH who="2" ten="730,90,80,90" step="2"/><W103/><G4/><T8/><D2/><U105/><E3/><V110/><F110/><W52/><G35/><T115/><D115/><U96/><E0/><V132/><F132/><W15/><G33/><T119/><D119/><U126/><E126/><V1/><F1/><W83/><G15/><T92/><D91/><U13/><E107/><V101/><F101/><W66/><G27/><T99/><D99/><U69/><E105/><V7/><F7/><W78/><G97/><T45/><D45/><U117/><E117/><V120/><F120/><W60/><G102/><T5/><D5/><U22/><E104/><V85/><F85/><W76/><G103/><T79/><D77/><U24/><E100/><V88/><F88/><W113/><G76/><T25/><REACH who="0" step="1"/><D57/><REACH who="0" ten="720,90,80,90" step="2"/><U134/><E96/><V130/><F130/><W17/><G113/><T58/><D58/><U111/><E111/><V51/><F51/><W55/><G50/><T28/><D28/><U54/><E30/><V128/><F128/><W106/><G106/><T67/><D67/><U65/><E65/><V48/><F48/><W112/><G112/><T26/><D26/><U71/><E24/><V123/><F123/><W9/><G66/><T43/><D43/><U135/><E41/><RYUUKYOKU ba="1,2" sc="720,10,90,-30,80,10,90,10" hai0="8,10,23,25,29,59,64,75,79,82,92,94,95" hai2="12,18,32,34,40,46,49,72,73,74,81,87,89" hai3="9,17,52,53,55,60,63,78,83,86,90,93,98" /><INIT seed="0,2,2,1,1,84" ten="730,60,90,100" oya="0" hai0="70,85,63,18,96,55,43,112,38,65,133,10,53" hai1="6,2,47,129,32,101,110,31,46,100,48,124,20" hai2="56,73,115,95,45,40,78,17,98,130,33,0,80" hai3="76,107,51,66,99,7,42,54,35,74,119,68,118"/><T36/><D112/><U127/><E32/><V21/><F115/><W60/><G7/><T39/><D133/><U41/><E129/><V24/><F130/><W15/><G35/><T62/><D96/><U59/><E59/><V49/><F33/><W131/><G131/><T113/><D113/><U102/><E46/><V94/><F0/><W37/><G15/><T1/><D18/><U72/><E72/><V9/><F9/><W88/><G76/><T90/><D43/><U27/><E110/><V16/><F17/><W22/><G74/><T3/><D63/><U30/><E30/><V79/><F79/><W69/><G69/><T23/><D23/><U26/><E26/><V108/><F108/><W89/><G22/><T92/><D1/><U122/><E122/><V58/><REACH who="2" step="1"/><F95/><REACH who="2" ten="730,60,80,100" step="2"/><W135/><G135/><T105/><REACH who="0" step="1"/><D105/><REACH who="0" ten="720,60,80,100" step="2"/><U81/><E2/><V82/><F82/><W28/><G107/><T111/><D111/><U126/><E6/><AGARI ba="2,4" hai="3,6,10,36,38,39,53,55,62,65,70,85,90,92" machi="6" ten="40,7700,0" yaku="1,1,52,1,53,1" doraHai="84" doraHaiUra="64" who="0" fromWho="1" sc="720,123,60,-83,80,0,100,0" owari="843,94.3,-23,-52.3,80,-32.0,100,-10.0" /></mjloggm>