<mjloggm ver="2.3"><GO type="225" lobby="0"/><UN n0="%E6%80%AA%E3%81%97%E3%81%99%E3%81%8E%E3%82%8B%E3%83%81%E3%83%BC" n1="%70%68%65%6E%6F%6D%65" n2="%E7%89%B9%E6%9D%B1%E3%81%AF%E4%B8%96%E7%95%8C%E3%82%92%E6%95%91%E3%81%86" n3="%E3%81%BF%E3%81%BF%E3%81%9A" dan="16,16,16,17" rate="2093.24,2138.90,2143.65,2175.06" sx="M,M,M,M"/><TAIKYOKU oya="0"/><INIT seed="0,0,0,2,1,19" ten="250,250,250,250" oya="0" hai0="70,124,110,0,77,112,25,97,101,74,53,5,131" hai1="98,68,108,120,1,39,102,123,92,109,22,2,128" hai2="113,100,69,59,89,71,28,41,6,9,90,75,32" hai3="55,67,40,48,45,76,12,60,58,135,127,93,21"/><T115/><D70/><U133/><E128/><V99/><F113/><W107/><G107/><T103/><D131/><U47/><E68/><V117/><F75/><W36/><G135/><T87/><D124/><U30/><E133/><V95/><F117/><W38/><G127/><T132/><D132/><U79/><E79/><V125/><F41/><W94/><G76/><T44/><D74/><U26/><E2/><V81/><F125/><W27/><G12/><T33/><D110/><N who="1" m="42603" /><E1/><V51/><F32/><W104/><G104/><T17/><D5/><U46/><E39/><V50/><F28/><W23/><G38/><T62/><D0/><U3/><E3/><V31/><F31/><W80/><G80/><T63/><D33/><U83/><E83/><V54/><F50/><W72/><G72/><T126/><D126/><U18/><E30/><V106/><F81/><W16/><REACH who="3" step="1"/><G23/><REACH who="3" ten="250,250,250,240" step="2"/><T82/><D77/><U114/><E114/><V121/><F106/><W24/><G24/><T88/><D112/><U96/><E98/><V10/><F99/><W61/><G61/><N who="0" m="23051" /><D115/><U34/><E34/><V78/><F78/><W64/><G64/><T43/><D97/><U122/><AGARI ba="0,1" hai="18,22,26,46,47,92,96,102,120,122,123" m="42603" machi="122" ten="40,2700,0" yaku="14,1,52,1" doraHai="19" who="1" fromWho="1" sc="250,-13,250,37,250,-7,240,-7" /><INIT seed="1,0,0,4,3,111" ten="237,287,243,233" oya="1" hai0="13,68,97,9,131,2,115,103,14,66,132,126,118" hai1="98,110,133,106,121,91,56,58,122,23,35,61,105" hai2="78,39,41,82,116,6,1,77,22,0,94,71,90" hai3="31,102,21,38,130,26,8,36,44,19,76,83,79"/><U63/><E35/><V16/><F71/><W29/><G130/><T51/><D118/><U114/><E110/><V7/><F116/><W96/><G79/><T73/><D73/><U75/><E75/><V15/><F39/><W47/><G38/><T81/><D131/><U30/><E133/><V107/><F107/><W64/><G64/><T54/><D132/><U101/><E91/><V24/><F41/><W104/><G36/><T18/><D126/><U109/><E109/><V5/><F24/><W129/><G129/><T33/><D2/><U119/><E119/><V60/><F60/><W124/><G124/><T88/><D33/><U84/><E84/><V99/><REACH who="2" step="1"/><F78/><REACH who="2" ten="237,287,233,233" step="2"/><W32/><G31/><T134/><D68/><U69/><E69/><V85/><AGARI ba="0,1" hai="0,1,5,6,7,15,16,22,77,82,85,90,94,99" machi="85" ten="30,8000,1" yaku="1,1,2,1,0,1,54,1,53,1" doraHai="111" doraHaiUra="12" who="2" fromWho="2" sc="237,-20,287,-40,233,90,233,-20" /><INIT seed="2,0,0,1,5,126" ten="217,247,323,213" oya="2" hai0="51,117,46,58,67,88,45,20,29,104,53,71,87" hai1="3,16,92,129,39,90,35,18,7,12,73,97,8" hai2="108,107,24,0,62,66,64,50,109,133,72,31,22" hai3="70,132,57,21,5,14,84,49,44,37,23,9,6"/><V79/><F107/><W118/><G118/><T106/><D117/><U15/><E129/><V85/><F0/><W65/><G132/><T112/><D112/><U60/><E39/><V105/><F105/><W96/><G96/><T19/><D29/><U116/><E116/><V1/><F1/><W131/><G5/><T54/><D71/><U114/><E114/><V30/><F72/><W69/><G131/><T34/><D67/><U115/><E115/><V130/><F130/><W74/><G74/><T125/><D34/><U10/><E35/><V32/><F133/><W80/><G37/><T123/><D123/><U47/><E73/><V89/><F79/><N who="3" m="46111" /><G70/><T93/><D125/><U120/><E120/><V100/><F100/><W28/><G28/><T102/><D102/><U36/><E60/><V55/><F30/><W75/><G69/><T78/><D78/><U122/><E122/><V98/><F98/><W99/><G99/><T111/><D111/><N who="2" m="42570" /><F32/><W63/><G75/><T81/><D81/><U59/><E3/><V76/><F76/><W94/><G94/><T52/><D46/><U103/><E103/><V2/><F2/><W61/><G61/><T42/><REACH who="0" step="1"/><D58/><REACH who="0" ten="207,247,323,213" step="2"/><U26/><E59/><V77/><F77/><W121/><G121/><T113/><D113/><U48/><E47/><V135/><F135/><W56/><G56/><T25/><AGARI ba="0,1" hai="19,20,25,42,45,51,52,53,54,87,88,93,104,106" machi="25" ten="30,8000,1" yaku="1,1,0,1,54,2,53,1" doraHai="126" doraHaiUra="43" who="0" fromWho="0" sc="207,90,247,-20,323,-40,213,-20" /><INIT seed="3,0,0,3,4,119" ten="297,227,283,193" oya="3" hai0="120,31,16,123,14,118,132,76,43,83,17,114,91" hai1="116,53,18,33,74,66,75,60,10,102,47,26,28" hai2="129,52,7,8,134,34,22,56,112,90,59,99,105" hai3="82,30,51,67,131,9,40,41,113,95,23,106,117"/><W100/><G113/><T89/><D118/><U4/><E116/><V85/><F112/><W80/><G117/><T71/><D114/><U125/><E102/><V44/><F34/><W124/><G106/><T109/><D71/><U21/><E125/><V88/><F129/><W57/><G124/><T93/><D31/><U87/><E87/><V2/><F134/><W92/><G9/><T42/><D132/><U111/><E53/><V50/><F22/><W126/><G131/><T48/><D109/><U35/><E47/><V81/><REACH who="2" step="1"/><F88/><REACH who="2" ten="297,227,273,193" step="2"/><W103/><G126/><T108/><D108/><U97/><E33/><V49/><F49/><W36/><G36/><T128/><D128/><U25/><E111/><V64/><F64/><W77/><G95/><T133/><D133/><U70/><E97/><V104/><F104/><W84/><G82/><T107/><D107/><U12/><AGARI ba="0,1" hai="4,10,12,18,21,25,26,28,35,60,66,70,74,75" machi="12" ten="20,1500,0" yaku="0,1,7,1" doraHai="119" who="1" fromWho="1" sc="297,-4,227,25,273,-4,193,-7" /><INIT seed="4,0,0,1,0,32" ten="293,252,269,186" oya="0" hai0="2,40,114,58,101,96,50,16,103,91,104,64,70" hai1="117,54,134,132,66,71,121,108,4,6,78,95,17" hai2="76,98,120,7,15,77,19,3,135,57,67,80,115" hai3="112,31,111,68,56,37,94,73,81,9,89,100,35"/><T118/><D114/><U25/><E117/><V82/><F120/><W47/><G68/><T93/><D2/><U60/><E108/><V45/><F115/><W129/><G111/><T14/><D118/><U75/><E121/><V86/><F135/><N who="1" m="51753" /><E95/><V34/><F34/><W1/><G112/><T5/><D5/><U107/><E107/><V11/><F45/><W28/><G100/><T74/><D74/><U53/><E78/><V52/><F67/><W133/><G133/><T36/><D36/><U8/><E75/><V55/><F98/><W130/><G56/><T41/><D70/><U65/><E66/><V125/><F125/><W24/><G31/><T87/><D103/><U99/><E99/><V84/><F57/><W38/><G94/><N who="0" m="54655" /><D104/><U13/><E6/><V46/><F46/><W128/><G47/><T10/><D50/><U124/><E124/><V106/><F106/><W27/><G27/><T110/><D110/><U29/><E4/><V122/><F122/><W39/><G89/><T61/><AGARI ba="0,0" hai="10,14,16,40,41,58,61,64,93,96,101" m="54655" machi="61" ten="30,3000,0" yaku="8,1,54,1" doraHai="32" who="0" fromWho="0" sc="293,30,252,-10,269,-10,186,-10" owari="323,42.3,242,-15.8,259,5.9,176,-32.4" /></mjloggm>