<mjloggm ver="2.3"><GO type="225" lobby="0"/><UN n0="%E9%BB%92%E9%89%84%E7%8F%A0%E9%9B%AB" n1="%72%61%6B%33" n2="%E3%81%A1%E3%82%85%E3%81%86%E3%81%A9%E3%81%8F%E8%B1%A1%E3%81%95%E3%82%93" n3="%E3%81%B8%E3%82%80%E3%81%B8%E3%82%80%EF%BC%92%E5%8F%B7" dan="16,16,16,17" rate="2182.46,2180.94,2135.22,2184.13" sx="F,M,M,M"/><TAIKYOKU oya="0"/><INIT seed="0,0,0,4,2,119" ten="250,250,250,250" oya="0" hai0="59,52,63,122,127,71,109,67,0,29,96,15,120" hai1="89,14,83,10,77,38,129,16,41,12,88,26,131" hai2="116,46,123,110,130,21,18,19,37,84,79,60,28" hai3="100,102,30,81,6,11,31,74,106,20,17,61,118"/><T73/><D0/><U49/><E38/><V76/><F116/><W56/><G118/><T113/><D113/><U50/><E26/><V8/><F110/><W23/><G106/><T94/><D73/><U87/><E131/><V105/><F105/><W43/><G43/><T57/><D109/><U126/><E126/><V90/><F130/><W66/><G81/><T103/><D127/><U65/><E65/><V72/><F60/><W58/><G74/><T22/><D71/><U39/><E129/><V35/><F35/><W24/><G31/><T114/><D114/><U48/><REACH who="1" step="1"/><E14/><REACH who="1" ten="250,240,250,250" step="2"/><V133/><F37/><W53/><G30/><T5/><D5/><U54/><E54/><V97/><F28/><W108/><G108/><T93/><D15/><U85/><E85/><V107/><F84/><W121/><G121/><T3/><D3/><U33/><E33/><V55/><F123/><W40/><G40/><T91/><D29/><U69/><E69/><V98/><F72/><W104/><G104/><T117/><D117/><U80/><E80/><V34/><F107/><W1/><REACH who="3" step="1"/><G20/><REACH who="3" ten="250,240,250,240" step="2"/><T125/><D22/><U2/><E2/><V44/><F21/><W132/><G132/><T25/><D125/><U78/><E78/><V32/><F133/><W68/><G68/><T13/><D120/><U64/><E64/><V101/><F34/><W45/><G45/><AGARI ba="0,2" hai="10,12,16,39,41,45,48,49,50,77,83,87,88,89" machi="45" ten="40,5200,0" yaku="1,1,54,2,53,0" doraHai="119" doraHaiUra="111" who="1" fromWho="3" sc="250,0,240,72,250,0,240,-52" /><INIT seed="1,0,0,5,4,58" ten="250,312,250,188" oya="1" hai0="100,92,42,33,53,110,125,28,32,93,90,104,133" hai1="120,1,94,102,18,16,128,43,117,62,82,106,14" hai2="83,29,67,8,131,68,2,129,72,7,26,73,57" hai3="98,85,108,63,40,113,3,52,47,122,80,95,0"/><U12/><E1/><V59/><F59/><N who="3" m="35303" /><G113/><T87/><D104/><U119/><E120/><V130/><F57/><W109/><G122/><T11/><D110/><N who="3" m="42601" /><G95/><T44/><D133/><U89/><E128/><V64/><F83/><W127/><G98/><T46/><D93/><U124/><E82/><V15/><F15/><W37/><G127/><T105/><D125/><U39/><E124/><V97/><F97/><W19/><G19/><T132/><D132/><U91/><E94/><V121/><F121/><W20/><G20/><T49/><D105/><U55/><E106/><V60/><F67/><W41/><G41/><T79/><D42/><U13/><E43/><V45/><F45/><W17/><G17/><T81/><D44/><U38/><E102/><V23/><AGARI ba="0,0" hai="2,7,8,23,26,29,60,64,68,72,73,129,130,131" machi="23" ten="30,4000,0" yaku="0,1,19,1,52,1" doraHai="58" who="2" fromWho="2" sc="250,-10,312,-20,250,40,188,-10" /><INIT seed="2,0,0,5,4,104" ten="240,292,290,178" oya="2" hai0="100,106,89,11,6,20,77,70,96,54,117,55,1" hai1="47,59,57,42,95,38,115,12,114,25,19,67,80" hai2="9,92,97,134,39,4,126,79,24,34,26,125,74" hai3="23,105,44,69,82,135,43,120,45,94,13,30,99"/><V3/><F134/><W86/><G120/><T73/><D70/><U127/><E127/><N who="2" m="48651" /><F39/><W14/><G69/><T91/><D117/><U71/><E25/><V93/><F34/><W17/><G105/><T60/><D20/><U37/><E95/><N who="2" m="36427" /><F97/><W108/><G108/><T27/><D27/><N who="2" m="10282" /><F79/><W87/><G30/><T41/><D77/><U72/><E38/><V113/><F113/><W83/><G135/><T58/><D96/><U81/><E37/><V111/><F111/><W50/><G45/><T36/><D36/><U0/><E47/><V78/><F78/><W130/><G130/><T102/><D102/><U16/><E115/><V53/><F53/><W131/><G131/><T88/><D100/><U52/><E52/><V98/><F98/><W110/><G110/><T129/><D54/><U21/><E114/><V109/><F109/><W65/><G99/><T64/><D55/><U103/><E103/><V5/><F4/><W49/><G94/><T8/><D106/><U85/><E42/><V46/><F46/><W40/><G44/><T76/><D41/><U31/><E31/><V90/><F90/><W33/><G33/><T61/><D129/><U15/><E67/><V132/><F132/><W63/><G65/><T118/><D118/><U35/><E35/><V68/><F68/><W10/><G43/><T62/><REACH who="0" step="1"/><D11/><REACH who="0" ten="230,292,290,178" step="2"/><U101/><E101/><V18/><F9/><W121/><G40/><T28/><D28/><U32/><E71/><V48/><F48/><W116/><G50/><T128/><D128/><U133/><E133/><V75/><F18/><N who="1" m="6697" /><E32/><V51/><F51/><RYUUKYOKU ba="0,1" sc="230,15,292,-15,290,15,178,-15" hai0="1,6,8,58,60,61,62,64,73,76,88,89,91" hai2="3,5,74,75" /><INIT seed="2,1,1,4,0,121" ten="245,277,305,163" oya="2" hai0="94,135,77,128,26,80,38,19,52,6,108,110,87" hai1="55,96,39,9,3,49,113,27,1,33,102,92,40" hai2="14,98,61,35,120,117,58,115,8,36,74,118,43" hai3="64,28,7,57,66,76,126,105,132,60,116,12,44"/><V67/><F120/><W48/><G116/><T134/><D38/><U89/><E113/><V107/><F115/><W78/><G105/><T15/><D128/><U103/><E39/><V85/><F74/><W79/><G126/><T0/><D26/><U45/><E40/><V86/><F35/><W122/><G132/><N who="0" m="50731" /><D94/><U13/><E3/><V73/><F73/><W16/><G122/><T41/><D41/><U71/><E1/><V91/><F86/><W114/><G114/><T69/><D69/><U97/><E71/><V84/><F84/><W47/><G28/><T62/><D0/><U24/><E33/><V95/><F43/><W130/><G130/><T131/><D6/><U37/><E37/><V101/><F36/><W133/><G133/><T11/><D131/><U17/><REACH who="1" step="1"/><E89/><REACH who="1" ten="245,267,305,163" step="2"/><V2/><F2/><W82/><G7/><AGARI ba="1,2" hai="7,8,14,58,61,67,85,91,95,98,101,107,117,118" machi="7" ten="30,1500,0" yaku="7,1" doraHai="121" who="2" fromWho="3" sc="245,0,267,0,305,38,163,-18" /><INIT seed="2,2,0,3,5,65" ten="245,267,343,145" oya="2" hai0="28,53,109,22,7,27,125,5,2,41,26,76,57" hai1="94,56,116,102,130,85,6,91,111,101,123,128,72" hai2="71,1,127,40,37,84,78,82,44,51,87,86,122" hai3="129,121,115,117,95,34,64,43,108,49,0,33,21"/><V14/><F122/><W104/><G95/><T31/><D109/><U97/><E6/><V120/><F120/><W59/><G59/><T96/><D125/><U66/><E123/><V99/><F127/><W17/><G49/><T9/><D76/><U126/><E126/><V90/><F1/><W25/><G43/><T112/><D112/><U119/><E56/><V69/><F37/><W68/><G64/><T8/><D41/><U47/><E47/><V42/><F42/><W23/><G25/><T70/><D96/><U114/><E66/><V93/><REACH who="2" step="1"/><F14/><REACH who="2" ten="245,267,333,145" step="2"/><W135/><G0/><T73/><D2/><U39/><E39/><V35/><F35/><W63/><G121/><T98/><D26/><U83/><E114/><V107/><F107/><W124/><G104/><T89/><D27/><U113/><E113/><V24/><F24/><W77/><G115/><T131/><D131/><N who="1" m="50219" /><E111/><V67/><F67/><W45/><G108/><T103/><D28/><U74/><E102/><V32/><F32/><W10/><G34/><T133/><D31/><U100/><E101/><V30/><F30/><W36/><G33/><T46/><D103/><U132/><E132/><V75/><AGARI ba="2,1" hai="40,44,51,69,71,75,78,82,84,86,87,90,93,99" machi="75" ten="30,11700,0" yaku="1,1,0,1,52,2,53,0" doraHai="65" doraHaiUra="118" who="2" fromWho="2" sc="245,-41,267,-41,333,133,145,-41" /><INIT seed="2,3,0,1,3,118" ten="204,226,466,104" oya="2" hai0="7,114,82,58,98,110,32,30,44,64,134,13,119" hai1="108,79,102,39,83,48,126,75,54,101,66,131,14" hai2="99,17,9,71,105,46,97,106,45,107,95,55,111" hai3="40,81,89,91,8,117,72,80,122,51,90,12,85"/><V1/><F71/><W113/><G113/><T27/><D114/><U104/><E39/><V23/><F97/><W25/><G117/><T123/><D119/><U0/><E0/><V87/><F87/><W47/><G72/><T37/><D110/><U4/><E108/><V33/><F33/><W121/><G25/><T103/><D134/><U28/><E126/><V63/><F1/><W130/><G130/><T68/><D82/><U70/><E28/><V109/><F9/><W26/><G26/><T16/><D7/><U61/><E104/><V50/><F63/><W52/><G40/><T15/><D58/><U59/><E131/><V21/><F45/><W41/><G41/><T133/><D133/><U129/><E129/><V57/><F46/><W6/><REACH who="3" step="1"/><G80/><REACH who="3" ten="204,226,466,94" step="2"/><T135/><D135/><U78/><E75/><V124/><F124/><W22/><G22/><T36/><D27/><U49/><E83/><V86/><F111/><W42/><G42/><T76/><D32/><U2/><E79/><AGARI ba="3,1" hai="6,8,12,47,51,52,79,81,85,89,90,91,121,122" machi="79" ten="40,8000,1" yaku="1,1,52,2,54,1,53,0" doraHai="118" doraHaiUra="92" who="3" fromWho="1" sc="204,0,226,-89,466,0,94,99" /><INIT seed="3,0,0,0,4,96" ten="204,137,466,193" oya="3" hai0="35,76,133,135,92,81,46,126,17,121,40,111,32" hai1="50,97,120,65,15,1,130,98,26,105,74,19,20" hai2="22,131,23,84,106,85,125,10,87,59,89,42,122" hai3="71,12,0,56,88,57,18,112,128,51,3,75,49"/><W9/><G71/><T38/><D121/><U83/><E120/><V99/><F42/><W39/><G39/><T53/><D111/><U31/><E1/><V70/><F70/><W79/><G112/><T69/><D69/><U21/><E130/><V30/><F10/><W52/><G128/><T16/><D126/><U124/><E124/><V33/><F125/><W127/><G127/><T95/><D53/><U78/><E65/><V2/><F2/><W6/><G79/><T108/><D108/><U58/><E105/><V110/><F110/><W67/><G75/><N who="0" m="43167" /><D95/><U129/><E129/><V28/><F33/><N who="0" m="12874" /><D92/><U63/><REACH who="1" step="1"/><E50/><REACH who="1" ten="204,127,466,193" step="2"/><V25/><F131/><W24/><G67/><T54/><D38/><U13/><E13/><V101/><F89/><W114/><G88/><T60/><D60/><U66/><AGARI ba="0,1" hai="15,19,20,21,26,31,58,63,66,74,78,83,97,98" machi="66" ten="20,2700,0" yaku="1,1,0,1,7,1,53,0" doraHai="96" doraHaiUra="29" who="1" fromWho="1" sc="204,-7,127,37,466,-7,193,-13" owari="197,-0.3,164,-33.6,459,55.9,180,-22.0" /></mjloggm>