<mjloggm ver="2.3"><GO type="225" lobby="0"/><UN n0="%E3%81%BF%E3%81%BF%E3%81%9A" n1="%E4%BA%95%E5%B8%AF" n2="%E3%81%AF%E3%82%88%E3%81%8A%E3%81%98%E3%81%95%E3%82%93" n3="%E3%81%B5%E3%81%98%E3%81%8B%E3%81%A4" dan="16,16,17,16" rate="2246.33,2057.47,2165.28,2182.73" sx="M,M,M,M"/><TAIKYOKU oya="0"/><INIT seed="0,0,0,3,3,107" ten="250,250,250,250" oya="0" hai0="105,68,56,125,60,72,114,73,45,74,111,9,118" hai1="30,52,78,76,59,103,113,85,121,122,126,106,40" hai2="117,13,5,99,58,61,37,15,32,48,44,12,94" hai3="42,46,2,35,91,49,98,134,24,88,77,75,34"/><T47/><D114/><U100/><E113/><V79/><F32/><W120/><G2/><T19/><D118/><U63/><E126/><V64/><F117/><W83/><G134/><T17/><D68/><U108/><E108/><V8/><F79/><W53/><G120/><T51/><D125/><U65/><E40/><V116/><F37/><W86/><G24/><T92/><D105/><U0/><E0/><V36/><F36/><W26/><G26/><T1/><D111/><U102/><E30/><V95/><F116/><W129/><G129/><T119/><D119/><U124/><E106/><V69/><F69/><W16/><G98/><T133/><D133/><U97/><E97/><V28/><F28/><W10/><G42/><T101/><D92/><U55/><E124/><V93/><REACH who="2" step="1"/><F99/><REACH who="2" ten="250,250,240,250" step="2"/><W23/><G91/><T50/><D101/><U82/><REACH who="1" step="1"/><E78/><REACH who="1" ten="250,240,240,250" step="2"/><V89/><F89/><W110/><G110/><T41/><D1/><U7/><E7/><V127/><F127/><W3/><G3/><T115/><D115/><U67/><E67/><V33/><F33/><W4/><G34/><T104/><D19/><U14/><E14/><V71/><F71/><W11/><G35/><T132/><D17/><U128/><E128/><V87/><F87/><W70/><G70/><T90/><D132/><U66/><E66/><V84/><F84/><N who="3" m="48239" /><G4/><T39/><D90/><U81/><E81/><V22/><F22/><W27/><G75/><T43/><D39/><U62/><E62/><V54/><AGARI ba="0,2" hai="5,8,12,13,15,44,48,54,58,61,64,93,94,95" machi="54" ten="30,4000,0" yaku="1,1,0,1,8,1,53,0" doraHai="107" doraHaiUra="80" who="2" fromWho="2" sc="250,-20,240,-10,240,60,250,-10" /><INIT seed="1,0,0,3,1,52" ten="230,230,300,240" oya="1" hai0="83,102,112,48,32,123,93,60,78,14,88,98,96" hai1="135,106,118,125,61,73,7,44,9,117,26,87,11" hai2="15,17,121,103,6,37,94,31,115,33,127,134,67" hai3="100,131,50,104,54,108,10,22,59,13,24,84,36"/><U38/><E73/><V76/><F121/><W46/><G108/><T113/><D32/><U19/><E106/><V0/><F37/><W119/><G131/><T133/><D123/><U12/><E125/><V57/><F127/><W99/><G119/><T8/><D133/><U80/><E135/><V122/><F122/><W5/><G84/><T114/><D48/><U71/><E38/><V3/><F134/><W81/><G81/><T97/><D60/><U23/><E44/><V120/><F120/><W25/><REACH who="3" step="1"/><G22/><REACH who="3" ten="230,230,300,230" step="2"/><T89/><D97/><U95/><E9/><V116/><F116/><W49/><G49/><T79/><D98/><U65/><REACH who="1" step="1"/><E95/><REACH who="1" ten="230,220,300,230" step="2"/><V86/><F94/><W58/><G58/><T111/><D111/><U41/><E41/><AGARI ba="0,2" hai="5,10,13,24,25,36,41,46,50,54,59,99,100,104" machi="41" ten="40,2600,0" yaku="1,1,52,1,53,0" doraHai="52" doraHaiUra="18" who="3" fromWho="1" sc="230,0,220,-26,300,0,230,46" /><INIT seed="2,0,0,2,3,125" ten="230,194,300,276" oya="2" hai0="14,127,16,113,70,135,11,69,76,58,121,32,114" hai1="88,10,49,26,5,63,117,7,38,60,61,134,54" hai2="95,18,120,106,94,50,115,6,129,8,118,3,130" hai3="107,21,52,85,80,17,110,133,41,126,64,97,72"/><V92/><F115/><W31/><G126/><T33/><D121/><U43/><E134/><V119/><F120/><W75/><G133/><T23/><D127/><U59/><E117/><V44/><F106/><W22/><G64/><T132/><D76/><U122/><E122/><V53/><REACH who="2" step="1"/><F18/><REACH who="2" ten="230,194,290,276" step="2"/><W24/><G107/><T102/><D135/><U57/><E7/><V30/><F30/><W86/><G31/><T81/><D132/><U77/><E77/><V12/><F12/><W25/><G17/><T90/><D114/><U40/><E38/><V34/><F34/><W99/><G25/><T128/><D32/><U56/><E26/><V27/><F27/><W101/><G24/><T78/><D33/><U35/><E35/><V2/><F2/><W108/><G110/><T42/><D113/><U1/><REACH who="1" step="1"/><E88/><REACH who="1" ten="230,184,290,276" step="2"/><V13/><F13/><W96/><G108/><T66/><D90/><U48/><E48/><V9/><F9/><W15/><G15/><T68/><D11/><U47/><AGARI ba="0,2" hai="1,5,10,40,43,47,49,54,56,57,59,60,61,63" machi="47" ten="30,2000,0" yaku="1,1,0,1,53,0" doraHai="125" doraHaiUra="73" who="1" fromWho="1" sc="230,-5,184,40,290,-10,276,-5" /><INIT seed="3,0,0,1,5,10" ten="225,224,280,271" oya="3" hai0="120,64,15,12,84,128,135,32,78,5,131,130,1" hai1="45,40,69,105,2,53,76,101,111,112,23,54,48" hai2="96,82,6,65,75,16,36,68,132,91,61,41,31" hai3="72,79,103,86,38,129,127,93,73,125,4,88,37"/><W133/><G4/><T34/><D120/><U33/><E112/><V83/><F132/><W81/><G133/><T27/><D135/><U24/><E33/><N who="0" m="12905" /><D64/><U113/><E113/><V49/><F31/><W74/><G129/><N who="0" m="33027" /><T66/><DORA hai="98" /><D66/><U62/><E111/><V58/><F6/><W107/><G37/><T8/><D27/><U46/><E2/><V47/><F75/><N who="3" m="28747" /><G38/><T99/><D99/><AGARI ba="0,0" hai="74,79,81,86,88,93,99,103,107,125,127" m="28747" machi="99" ten="30,12000,1" yaku="24,1,34,2,52,1,54,1" doraHai="10,98" who="3" fromWho="0" sc="225,-120,224,0,280,0,271,120" owari="105,-39.5,224,-17.6,280,8.0,391,49.1" /></mjloggm>