<mjloggm ver="2.3"><GO type="225" lobby="0"/><UN n0="%E3%81%AF%E3%82%88%E3%81%8A%E3%81%98%E3%81%95%E3%82%93" n1="%6D%75%75%6D%75%72%61" n2="%E3%83%A9%E3%83%96%E3%83%AC%E3%83%BC" n3="%E3%81%B7%E3%82%8A%E3%82%93%E8%81%96%E4%BA%BA" dan="16,17,18,16" rate="2141.58,2191.23,2268.26,2082.46" sx="M,F,M,M"/><TAIKYOKU oya="0"/><INIT seed="0,0,0,4,2,27" ten="250,250,250,250" oya="0" hai0="24,15,134,74,109,34,131,65,45,121,86,72,44" hai1="53,59,62,80,125,110,96,31,132,61,47,102,103" hai2="37,89,126,9,88,20,10,30,92,19,93,78,105" hai3="58,112,77,94,120,36,4,81,69,118,119,91,71"/><T75/><D121/><U54/><E110/><V14/><F105/><W11/><G36/><T130/><D109/><U128/><E125/><V63/><F37/><W133/><G120/><T51/><D134/><U33/><E132/><V113/><F113/><W55/><G112/><T16/><D65/><U104/><E128/><N who="0" m="49193" /><D86/><U22/><E102/><V68/><F78/><W12/><G71/><T17/><D15/><U26/><E80/><V85/><F126/><W1/><G69/><T25/><D45/><U101/><E101/><V42/><F42/><W39/><G39/><T84/><D84/><U43/><E33/><V52/><F68/><W87/><G1/><T106/><D106/><U8/><E8/><V48/><F63/><W35/><G35/><T70/><D70/><U124/><E124/><V28/><F9/><W100/><G100/><T108/><D108/><U49/><REACH who="1" step="1"/><E61/><REACH who="1" ten="250,240,250,250" step="2"/><V83/><F10/><W107/><G133/><T123/><D123/><U57/><E57/><N who="2" m="32903" /><F83/><W99/><G107/><T111/><D111/><U135/><E135/><V116/><F116/><W56/><G58/><T60/><D60/><AGARI ba="0,1" hai="4,11,12,55,56,60,77,81,87,91,94,99,118,119" machi="60" ten="30,1000,0" yaku="7,1" doraHai="27" who="3" fromWho="0" sc="250,-10,240,0,250,0,250,20" /><INIT seed="1,0,0,5,0,65" ten="240,240,250,270" oya="1" hai0="6,42,104,60,29,4,31,19,22,101,59,133,105" hai1="16,108,81,110,24,67,0,117,2,56,32,96,127" hai2="98,39,77,119,5,70,122,9,15,91,52,30,13" hai3="100,18,68,26,45,75,135,64,62,84,58,55,80"/><U57/><E117/><V46/><F122/><W48/><G75/><T69/><D133/><U102/><E127/><V85/><F70/><W10/><G135/><T53/><D42/><U33/><E81/><V40/><F30/><W128/><G128/><T38/><D38/><U103/><E67/><V94/><F119/><W112/><G112/><T27/><D69/><U25/><REACH who="1" step="1"/><E96/><REACH who="1" ten="240,230,250,270" step="2"/><V95/><F98/><W123/><G123/><T106/><D101/><U3/><E3/><V79/><F79/><W41/><G100/><T86/><D86/><U43/><E43/><V35/><F77/><W93/><G80/><T66/><D66/><U34/><E34/><V49/><F35/><W1/><G1/><T83/><D83/><U126/><E126/><V20/><F85/><W61/><G84/><T21/><REACH who="0" step="1"/><D29/><REACH who="0" ten="230,230,250,270" step="2"/><U72/><E72/><V7/><F40/><W132/><G132/><T54/><D54/><U36/><E36/><V73/><F39/><W82/><G82/><T44/><D44/><U116/><E116/><V114/><F73/><W63/><G68/><T47/><D47/><U131/><E131/><V118/><F118/><W120/><G64/><T50/><D50/><U12/><E12/><AGARI ba="0,2" hai="4,6,12,19,21,22,27,31,53,59,60,104,105,106" machi="12" ten="40,1300,0" yaku="1,1,53,0" doraHai="65" doraHaiUra="107" who="0" fromWho="1" sc="230,33,230,-13,250,0,270,0" /><INIT seed="2,0,0,3,1,48" ten="263,217,250,270" oya="2" hai0="23,47,49,41,113,69,61,66,13,77,112,116,38" hai1="124,105,10,111,94,24,34,96,16,79,1,20,107" hai2="97,25,98,28,52,68,51,54,2,129,19,74,27" hai3="135,70,4,119,131,36,114,90,40,35,57,44,133"/><V30/><F74/><W43/><G119/><T128/><D77/><U118/><E118/><V134/><F68/><W22/><G35/><T18/><D116/><U0/><E111/><V82/><F2/><W109/><G109/><T103/><D128/><U46/><E124/><V50/><F82/><W80/><G43/><T64/><D64/><U91/><E34/><V106/><F19/><W67/><G4/><T58/><D103/><U84/><E46/><V5/><F5/><W99/><G114/><T3/><D3/><U14/><E0/><V32/><F32/><W7/><G7/><T89/><D89/><U65/><E65/><V17/><F17/><W121/><G121/><T60/><D60/><U55/><E55/><AGARI ba="0,0" hai="13,18,23,38,41,47,49,55,58,61,66,69,112,113" machi="55" ten="40,5200,0" yaku="24,2,52,1" doraHai="48" who="0" fromWho="1" sc="263,52,217,-52,250,0,270,0" /><INIT seed="3,0,0,2,2,32" ten="315,165,250,270" oya="3" hai0="102,61,55,76,46,43,21,39,98,40,108,95,86" hai1="89,23,48,5,58,100,77,112,123,120,75,0,17" hai2="80,121,91,125,119,59,18,64,114,132,36,105,22" hai3="131,34,49,71,78,7,9,44,106,74,11,134,41"/><W101/><G71/><T128/><D108/><U94/><E112/><V33/><F33/><W54/><G131/><T110/><D128/><U90/><E100/><V65/><F36/><W38/><G34/><T2/><D2/><U126/><E126/><V45/><F105/><W70/><G70/><T84/><D110/><U60/><E75/><V10/><F114/><W116/><G11/><T103/><D103/><U127/><E77/><V93/><F125/><W26/><G26/><T107/><D107/><U56/><E127/><V29/><F45/><W81/><G101/><T118/><D118/><U124/><E124/><V135/><F80/><W8/><G8/><T85/><D76/><U28/><E28/><V15/><F121/><W30/><G106/><T104/><D104/><U37/><E37/><V4/><F29/><W16/><G30/><T20/><D40/><U53/><E5/><V62/><F65/><W66/><G66/><T83/><D83/><U133/><E133/><V63/><F62/><W31/><G31/><T109/><D109/><U50/><E0/><V111/><F119/><W115/><G116/><T99/><D98/><U12/><E90/><V13/><F111/><W3/><G16/><T122/><D122/><U14/><E14/><V69/><F69/><W1/><G1/><T72/><D72/><U24/><E12/><V25/><F15/><W68/><G68/><T47/><D46/><U35/><E35/><V52/><F64/><W27/><G27/><T6/><D6/><U113/><E113/><V67/><F67/><W129/><G115/><T92/><D92/><RYUUKYOKU ba="0,0" sc="315,15,165,-15,250,15,270,-15" hai0="20,21,39,43,47,55,61,84,85,86,95,99,102" hai2="4,10,13,18,22,25,52,59,63,91,93,132,135" owari="330,43.0,150,-35.0,265,6.5,255,-14.5" /></mjloggm>