<mjloggm ver="2.3"><GO type="225" lobby="0"/><UN n0="%45%6C%79%73%69%75%6D" n1="%6D%75%75%6D%75%72%61" n2="%73%6C%69%63%6B%33%31%39" n3="%74%61%6B%65%2D%79%6F%75" dan="18,17,17,16" rate="2162.28,2192.33,2176.72,2208.66" sx="F,F,M,M"/><TAIKYOKU oya="0"/><INIT seed="0,0,0,3,0,0" ten="250,250,250,250" oya="0" hai0="57,40,60,107,51,7,104,130,78,25,115,123,87" hai1="32,116,14,68,55,117,39,13,103,95,111,23,102" hai2="73,132,94,90,100,69,85,36,133,92,24,29,61" hai3="121,75,67,112,62,52,131,83,45,47,31,66,74"/><T97/><D123/><U120/><E120/><V124/><F36/><W127/><G121/><T59/><D115/><U49/><E32/><V18/><F73/><W21/><G112/><T96/><D130/><U42/><E68/><V81/><F18/><W98/><G131/><T65/><D104/><U26/><E111/><V128/><F128/><W4/><G127/><T53/><D107/><U71/><E71/><V33/><F124/><W3/><G98/><T76/><D25/><U86/><E39/><V9/><F100/><W54/><G31/><T2/><D40/><U79/><E42/><V125/><F125/><W22/><G83/><T10/><REACH who="0" step="1"/><D87/><REACH who="0" ten="240,250,250,250" step="2"/><U64/><E86/><V6/><F132/><W20/><G74/><T101/><D101/><U129/><E102/><V119/><F133/><W72/><G75/><T16/><D16/><U30/><E129/><V5/><F119/><W41/><G72/><T82/><D82/><U122/><E122/><V44/><F81/><W99/><G41/><T109/><D109/><U19/><E116/><V135/><F135/><W70/><G70/><T88/><D88/><U134/><E134/><V43/><F90/><W28/><G28/><T89/><D89/><U126/><E126/><V113/><F85/><W110/><G110/><T58/><D58/><N who="1" m="33135" /><E117/><V80/><F113/><W38/><G45/><T37/><D37/><U15/><E30/><V34/><F34/><W108/><G38/><T84/><D84/><U77/><E103/><V63/><F80/><W8/><G108/><T17/><D17/><U11/><E19/><V12/><F33/><RYUUKYOKU ba="0,1" sc="240,30,250,-10,250,-10,250,-10" hai0="2,7,10,51,53,57,59,60,65,76,78,96,97" /><INIT seed="0,1,1,4,3,52" ten="270,240,240,240" oya="0" hai0="18,86,125,62,28,128,45,51,10,66,72,129,34" hai1="101,44,132,59,75,82,29,90,94,25,91,55,37" hai2="87,1,84,50,26,114,113,49,81,6,39,19,85" hai3="116,106,123,64,12,79,104,68,9,27,73,14,24"/><T110/><D72/><U74/><E132/><V134/><F39/><W96/><G116/><T111/><D28/><U69/><E69/><V130/><F81/><W22/><G123/><T121/><D34/><U63/><E101/><V71/><F71/><W131/><G131/><N who="0" m="50251" /><D86/><U115/><E115/><V92/><F130/><W65/><G73/><T102/><D102/><U33/><E82/><V126/><F134/><W5/><G79/><T23/><D10/><U70/><E70/><V89/><F6/><W48/><G48/><T76/><D76/><U67/><E90/><V105/><F1/><W11/><G68/><N who="0" m="42071" /><D121/><U47/><E47/><V120/><F120/><W95/><G5/><T0/><D0/><U58/><E44/><V103/><F103/><W98/><G22/><T8/><D8/><U93/><E37/><V35/><F35/><W17/><G95/><T3/><D3/><U60/><E93/><V40/><F92/><W2/><G2/><T38/><D38/><U112/><E112/><V109/><F89/><W122/><G122/><T54/><D125/><U43/><E43/><V124/><F40/><W117/><G17/><T42/><D42/><U56/><REACH who="1" step="1"/><E59/><REACH who="1" ten="270,230,240,240" step="2"/><V16/><F114/><W30/><G117/><T36/><D36/><U7/><E7/><V20/><F113/><W127/><G127/><T97/><D97/><AGARI ba="1,2" hai="25,29,33,55,56,58,60,63,67,74,75,91,94,97" machi="97" ten="30,7700,0" yaku="1,1,7,1,52,2,53,0" doraHai="52" doraHaiUra="32" who="1" fromWho="0" sc="270,-80,230,100,240,0,240,0" /><INIT seed="1,0,0,4,4,89" ten="190,330,240,240" oya="1" hai0="110,14,105,65,92,9,87,51,32,44,29,91,131" hai1="56,134,10,82,119,111,57,135,79,93,39,63,73" hai2="64,106,113,55,37,22,62,99,72,8,128,121,50" hai3="24,80,11,1,88,69,12,6,53,36,97,23,0"/><U109/><E119/><V26/><F121/><W118/><G118/><T103/><D110/><N who="1" m="41995" /><E39/><V108/><F108/><W46/><G69/><T18/><D131/><U59/><E10/><V45/><F72/><W35/><G35/><T40/><D65/><U132/><E93/><V42/><F128/><W74/><G74/><T68/><D68/><U115/><E115/><V114/><F8/><W33/><G33/><T102/><REACH who="0" step="1"/><D105/><REACH who="0" ten="180,330,240,240" step="2"/><U49/><E49/><V94/><F106/><W34/><G36/><T112/><D112/><U4/><E4/><V30/><F37/><W98/><G6/><T38/><D38/><U47/><E47/><V122/><F122/><W20/><G46/><T28/><D28/><U127/><E127/><V83/><F113/><W133/><G133/><T90/><D90/><U70/><E70/><V60/><F64/><AGARI ba="0,1" hai="56,57,59,63,64,73,79,82,132,134,135" m="41995" machi="64" ten="40,7700,0" yaku="20,1,14,1,10,1" doraHai="89" who="1" fromWho="2" sc="180,0,330,87,240,-77,240,0" /><INIT seed="1,1,0,1,4,42" ten="180,417,163,240" oya="1" hai0="119,108,118,121,25,67,5,45,93,9,54,6,36" hai1="59,111,122,134,76,57,32,101,105,74,0,126,48" hai2="124,97,49,40,47,90,44,64,109,39,11,78,58" hai3="92,43,68,75,94,88,8,60,96,31,104,114,99"/><U34/><E122/><V51/><F109/><W131/><G114/><T84/><D108/><U129/><E111/><V14/><F124/><W112/><G112/><T26/><D121/><U55/><E0/><V85/><F39/><W7/><G131/><T22/><D67/><U61/><E134/><V73/><F73/><W80/><G104/><T127/><D127/><U13/><E126/><V106/><F106/><W120/><G120/><T102/><D26/><U15/><E129/><V117/><F117/><W66/><G31/><T79/><D102/><U107/><E74/><V135/><F135/><W23/><G23/><T19/><D5/><U69/><E69/><V77/><F97/><W115/><G115/><T41/><D54/><U12/><E76/><V86/><F58/><W123/><G123/><T29/><D29/><U24/><E24/><V95/><F85/><W28/><G28/><T3/><REACH who="0" step="1"/><D93/><REACH who="0" ten="170,417,163,240" step="2"/><U63/><E101/><V87/><F64/><W20/><G66/><T71/><D71/><U83/><E105/><V125/><F125/><W128/><G68/><T27/><D27/><U38/><E107/><V21/><F21/><W100/><G20/><T17/><D17/><U89/><E55/><N who="2" m="30119" /><F87/><W91/><G75/><T52/><D52/><U30/><E30/><V1/><F1/><W35/><G128/><T37/><D37/><U4/><E38/><V130/><F130/><W116/><G7/><AGARI ba="1,1" hai="7,11,14,40,47,51,77,78,86,90,95" m="30119" machi="7" ten="30,3900,0" yaku="8,1,52,2" doraHai="42" who="2" fromWho="3" sc="170,0,417,0,163,52,240,-42" /><INIT seed="2,0,0,5,1,22" ten="170,417,215,198" oya="2" hai0="108,57,27,11,61,39,103,47,69,75,44,77,9" hai1="46,88,124,41,131,85,102,127,17,91,80,78,67" hai2="116,55,119,54,56,42,120,51,60,23,30,5,28" hai3="112,15,134,83,2,50,62,125,40,72,25,121,18"/><V48/><F5/><W86/><G121/><T35/><D108/><U16/><E131/><V106/><F106/><W70/><G134/><T33/><D69/><U6/><E102/><V34/><F34/><W99/><G125/><N who="1" m="48202" /><E67/><V29/><F120/><W95/><G2/><T43/><D103/><U81/><E6/><V97/><F42/><W21/><G40/><T130/><D44/><U82/><E91/><V19/><F97/><W76/><G99/><T32/><D130/><U104/><E104/><V93/><F93/><W87/><G95/><T71/><D71/><U31/><E31/><V107/><F107/><W20/><G112/><T110/><D110/><U36/><E81/><V123/><F123/><W101/><G101/><T66/><REACH who="0" step="1"/><D27/><REACH who="0" ten="160,417,215,198" step="2"/><U117/><E117/><V64/><F119/><W118/><G118/><T53/><D53/><N who="2" m="19978" /><F116/><W114/><G70/><T8/><D8/><U96/><E96/><V74/><F74/><AGARI ba="0,1" hai="16,17,36,41,46,74,78,80,82,85,88" m="48202" machi="74" ten="30,3900,0" yaku="18,1,54,2" doraHai="22" who="1" fromWho="2" sc="160,0,417,49,215,-39,198,0" /><INIT seed="3,0,0,5,0,51" ten="160,466,176,198" oya="3" hai0="119,128,20,132,22,32,70,72,88,120,100,7,82" hai1="73,98,48,6,64,130,42,38,77,21,52,127,76" hai2="133,16,40,107,117,39,110,12,28,43,2,71,23" hai3="94,103,95,25,27,131,68,30,15,50,46,61,124"/><W13/><G131/><T59/><D120/><U54/><E130/><V37/><F71/><W84/><G124/><T3/><D70/><U10/><E38/><V91/><F107/><W29/><G68/><T75/><D32/><U115/><E73/><V58/><F117/><W69/><G69/><T56/><D128/><U26/><E115/><V57/><F2/><W90/><G61/><T106/><D119/><U0/><E64/><V78/><F39/><W53/><G103/><T45/><D132/><U18/><E127/><V85/><F37/><W112/><G112/><T83/><D45/><N who="1" m="25655" /><E0/><V5/><F133/><W14/><G94/><T11/><D106/><U89/><E6/><V35/><F5/><W93/><G93/><T34/><D100/><U122/><E122/><V17/><F78/><N who="1" m="30313" /><E10/><N who="2" m="6167" /><F35/><W99/><G99/><T123/><D34/><U129/><E129/><V47/><F110/><W126/><G126/><T108/><D108/><U19/><E19/><V74/><F28/><AGARI ba="0,0" hai="13,14,15,25,27,28,29,30,46,50,53,84,90,95" machi="28" ten="40,3900,0" yaku="8,1,52,1" doraHai="51" who="3" fromWho="2" sc="160,0,466,0,176,-39,198,39" /><INIT seed="3,1,0,2,4,129" ten="160,466,137,237" oya="3" hai0="1,135,133,4,31,29,100,62,128,19,57,113,24" hai1="92,115,61,89,98,65,12,111,108,22,60,106,80" hai2="5,37,55,13,48,6,15,88,49,112,122,84,28" hai3="8,77,91,119,97,71,99,54,38,75,93,69,103"/><W85/><G119/><T73/><D73/><U104/><E115/><V39/><F112/><W102/><G38/><T16/><D113/><U41/><E41/><V110/><F110/><N who="1" m="42025" /><E80/><N who="2" m="49159" /><F39/><W42/><G42/><T47/><D47/><U132/><E132/><N who="0" m="50761" /><D128/><U82/><E82/><V25/><F37/><W40/><G40/><T130/><D100/><U10/><E22/><N who="2" m="15415" /><F122/><W74/><G102/><T87/><D87/><U11/><E11/><V105/><F105/><N who="1" m="40553" /><E65/><V35/><F35/><W125/><G75/><T96/><D96/><U117/><E117/><V86/><F86/><W20/><G85/><T123/><D130/><U79/><E79/><V116/><F116/><W45/><G77/><T17/><D123/><U3/><E3/><V72/><F72/><W66/><G74/><T95/><D95/><U81/><E81/><V2/><F2/><W43/><G93/><T124/><D24/><U63/><E63/><V36/><F36/><W76/><G76/><T46/><D124/><U118/><E118/><V107/><F107/><W64/><G125/><T101/><D101/><U70/><E70/><V9/><F55/><W114/><G114/><T109/><D109/><U90/><E90/><V34/><F34/><W121/><G91/><T23/><D23/><U59/><E59/><V33/><F33/><W18/><G20/><T26/><D46/><U83/><E83/><V14/><F9/><W67/><G8/><N who="0" m="2063" /><D26/><U21/><E21/><V126/><F126/><W7/><G121/><T78/><D78/><U131/><E131/><V0/><F0/><W127/><G127/><T120/><D120/><RYUUKYOKU ba="1,0" sc="160,10,466,10,137,10,237,-30" hai0="16,17,19,29,31,57,62" hai1="10,12,60,61,89,92,98" hai2="5,6,13,14,15,48,49" owari="170,-23.0,476,57.6,147,-35.3,207,0.7" /></mjloggm>