<mjloggm ver="2.3"><GO type="225" lobby="0"/><UN n0="%E7%89%B9%E6%9D%B1%E3%81%AF%E4%B8%96%E7%95%8C%E3%82%92%E6%95%91%E3%81%86" n1="%E3%81%AA%E3%81%A1%30%39%32%37" n2="%56%65%6E%75%73%53%61%79" n3="%E3%81%82%E3%81%99%E3%81%AB%E3%82%83%E3%82%80" dan="16,16,16,16" rate="2111.39,2063.05,2175.29,2118.51" sx="M,M,M,F"/><TAIKYOKU oya="0"/><INIT seed="0,0,0,5,3,39" ten="250,250,250,250" oya="0" hai0="26,70,59,124,130,85,62,58,95,25,116,80,29" hai1="88,77,18,61,47,64,20,12,105,78,87,123,91" hai2="22,42,68,14,134,90,119,65,84,83,106,66,5" hai3="71,35,36,44,0,128,131,33,17,1,113,76,11"/><T57/><D116/><U32/><E123/><V69/><F119/><W112/><G71/><T49/><D130/><N who="3" m="49705" /><G76/><T109/><D124/><U82/><E32/><N who="3" m="12362" /><G17/><T132/><D132/><U129/><E129/><V74/><F106/><W133/><G133/><T135/><D135/><U51/><E91/><V2/><F134/><W31/><G31/><T125/><D125/><U40/><REACH who="1" step="1"/><E105/><REACH who="1" ten="250,240,250,250" step="2"/><V30/><F90/><W3/><G11/><T23/><D109/><U102/><E102/><V110/><F110/><W100/><G100/><T126/><D126/><U63/><E63/><V97/><F83/><W21/><G21/><N who="0" m="15535" /><D95/><U72/><E72/><V6/><F22/><W111/><G111/><T67/><D23/><U118/><E118/><V101/><F74/><W43/><AGARI ba="0,1" hai="0,1,3,36,43,44,112,113" m="12362,49705" machi="43" ten="40,5200,0" yaku="19,1,23,1,52,1" doraHai="39" who="3" fromWho="3" sc="250,-26,240,-13,250,-13,250,62" /><INIT seed="1,0,0,5,5,112" ten="224,227,237,312" oya="1" hai0="59,38,23,77,25,28,50,41,71,64,109,119,79" hai1="54,120,82,88,51,74,6,97,0,95,103,104,110" hai2="128,39,36,30,10,3,70,20,33,22,43,14,98" hai3="60,111,117,83,5,9,124,67,15,62,75,134,114"/><U11/><E120/><V105/><F128/><W31/><G114/><T61/><D109/><U7/><E110/><V65/><F20/><W101/><G111/><T131/><D131/><U66/><E66/><V85/><F85/><W13/><G134/><T78/><D119/><U26/><E26/><N who="2" m="18647" /><F22/><W8/><G124/><T92/><D92/><U45/><E7/><N who="2" m="1407" /><F43/><W4/><G31/><T126/><D126/><U42/><E42/><V17/><F14/><W90/><G101/><T113/><D113/><U18/><E18/><V53/><F53/><W37/><G37/><T86/><D86/><U58/><E58/><V135/><F17/><W1/><G1/><T107/><D107/><U102/><REACH who="1" step="1"/><E104/><REACH who="1" ten="224,217,237,312" step="2"/><V48/><F135/><W115/><G115/><T69/><REACH who="0" step="1"/><D38/><REACH who="0" ten="214,217,237,312" step="2"/><U29/><E29/><V56/><F36/><W132/><G132/><T73/><D73/><U125/><E125/><V2/><F39/><W24/><G75/><T46/><AGARI ba="0,2" hai="23,25,28,41,46,50,59,61,64,69,71,77,78,79" machi="46" ten="30,2000,0" yaku="1,1,0,1,53,0" doraHai="112" doraHaiUra="127" who="0" fromWho="0" sc="214,40,217,-10,237,-5,312,-5" /><INIT seed="2,0,0,1,4,89" ten="254,207,232,307" oya="2" hai0="0,94,107,98,47,15,104,74,45,70,10,105,33" hai1="41,130,73,64,135,31,52,125,28,3,14,46,122" hai2="127,58,67,51,26,71,97,79,40,2,95,78,134" hai3="106,36,109,108,34,121,116,42,90,85,21,37,81"/><V96/><F2/><W113/><G34/><T120/><D120/><U80/><E3/><V23/><F134/><W103/><G121/><T118/><D70/><U112/><E112/><V66/><F127/><W30/><G116/><T1/><D74/><U117/><E117/><V55/><F40/><W44/><G113/><T61/><D33/><U8/><E122/><V72/><F97/><N who="3" m="61807" /><G21/><T18/><D118/><U65/><E125/><V16/><F71/><W59/><G59/><T54/><D47/><U119/><E119/><V115/><F115/><W82/><G30/><N who="1" m="11306" /><E73/><V5/><F5/><W50/><G81/><T56/><REACH who="0" step="1"/><D45/><REACH who="0" ten="244,207,232,307" step="2"/><U25/><E135/><V6/><F72/><W68/><G68/><T129/><D129/><U84/><E130/><V91/><F6/><W17/><G17/><T22/><D22/><U7/><E41/><V12/><F26/><W110/><AGARI ba="0,1" hai="36,37,42,44,50,82,85,90,108,109,110" m="61807" machi="110" ten="30,1100,0" yaku="14,1" doraHai="89" who="3" fromWho="3" sc="244,-3,207,-3,232,-5,307,21" /><INIT seed="3,0,0,1,3,37" ten="241,204,227,328" oya="3" hai0="53,19,111,36,121,126,75,119,67,16,12,128,59" hai1="124,88,74,71,87,93,18,131,61,48,29,90,33" hai2="105,96,40,62,55,129,123,97,60,115,102,51,45" hai3="65,28,22,80,77,91,11,47,94,98,84,104,78"/><W4/><G65/><T31/><D119/><U82/><E131/><V86/><F115/><W20/><G104/><T135/><D121/><U24/><E124/><V68/><F129/><W52/><G28/><T2/><D2/><U110/><E110/><V13/><F123/><W30/><G30/><T57/><D75/><U69/><E61/><V103/><F86/><W6/><G77/><T85/><D36/><U15/><E48/><V5/><F68/><W118/><G118/><T133/><D31/><U101/><E101/><N who="2" m="38411" /><F105/><W35/><G35/><T81/><D111/><U8/><REACH who="1" step="1"/><E74/><REACH who="1" ten="241,194,227,328" step="2"/><V132/><F132/><W64/><G64/><T0/><D128/><U130/><E130/><V21/><F62/><W58/><G47/><T34/><D67/><U108/><E108/><V10/><F21/><N who="3" m="8299" /><G11/><T113/><D133/><U106/><E106/><V125/><F125/><W63/><AGARI ba="0,1" hai="4,6,52,58,63,78,80,84,91,94,98" m="8299" machi="63" ten="30,3000,0" yaku="8,1,54,1" doraHai="37" who="3" fromWho="3" sc="241,-10,194,-10,227,-10,328,40" owari="231,3.1,184,-31.6,217,-18.3,368,46.8" /></mjloggm>