<mjloggm ver="2.3"><GO type="225" lobby="0"/><UN n0="%E3%81%8C%E3%81%9F" n1="%E5%B8%86%E7%AB%8B%E5%A4%8F%E8%A1%A3" n2="%E3%81%AF%E3%82%88%E3%81%8A%E3%81%98%E3%81%95%E3%82%93" n3="%E3%81%AA%E3%81%8C%E3%81%95%E3%82%8F%E3%81%BE%E3%81%95%E3%81%BF" dan="16,17,16,16" rate="2097.61,2143.15,2164.67,2086.49" sx="M,M,M,F"/><TAIKYOKU oya="0"/><INIT seed="0,0,0,4,0,10" ten="250,250,250,250" oya="0" hai0="127,28,102,33,97,36,133,100,7,89,43,51,27" hai1="134,82,60,109,120,114,5,34,50,106,77,53,47" hai2="98,31,108,16,58,83,54,17,39,1,21,122,57" hai3="118,110,87,48,73,19,14,9,93,117,32,125,132"/><T13/><D36/><U124/><E120/><V30/><F122/><W75/><G32/><T128/><D127/><U20/><E34/><V40/><F1/><W78/><G125/><T46/><D128/><U119/><E124/><V101/><F108/><W70/><G70/><T103/><D133/><U38/><E134/><V35/><F35/><W24/><G132/><T69/><D69/><U123/><E123/><V8/><F39/><W67/><G110/><T52/><D89/><U105/><E119/><V90/><F40/><W56/><G75/><T104/><REACH who="0" step="1"/><D43/><REACH who="0" ten="240,250,250,250" step="2"/><U0/><E38/><V95/><F90/><W72/><G118/><T92/><D92/><U49/><E109/><V113/><F113/><W79/><G117/><T76/><D76/><U66/><E77/><V6/><F83/><W44/><G73/><T64/><D64/><U42/><E82/><V55/><F55/><N who="3" m="30087" /><G72/><T62/><D62/><U80/><E80/><V15/><F54/><W107/><G107/><T22/><D22/><U2/><E20/><V25/><F30/><W29/><G79/><T74/><D74/><U3/><E114/><V91/><F91/><W12/><G78/><T84/><D84/><U26/><E106/><V88/><F88/><W111/><G87/><T121/><D121/><U59/><E105/><V63/><F63/><W94/><G111/><T81/><D81/><U130/><E130/><V131/><F131/><W37/><G37/><T11/><AGARI ba="0,1" hai="7,11,13,27,28,33,46,51,52,97,100,102,103,104" machi="11" ten="30,11700,0" yaku="1,1,0,1,52,1,54,1,53,0" doraHai="10" doraHaiUra="85" who="0" fromWho="0" sc="240,127,250,-39,250,-39,250,-39" /><INIT seed="0,1,0,4,3,89" ten="367,211,211,211" oya="0" hai0="92,13,29,39,59,37,38,19,48,2,87,114,126" hai1="78,113,28,32,47,14,3,68,116,100,24,30,5" hai2="58,17,56,103,90,99,134,98,127,72,49,76,11" hai3="22,55,71,77,1,82,81,35,121,15,65,27,69"/><T53/><D114/><U43/><E113/><V128/><F127/><W57/><G1/><T45/><D2/><U75/><E116/><V46/><F128/><W130/><G121/><T33/><D126/><U86/><E86/><V132/><F76/><W84/><G130/><T110/><D110/><U16/><E68/><V123/><F72/><W34/><G65/><T9/><D29/><N who="1" m="19495" /><E100/><V131/><F123/><W101/><G101/><T122/><D33/><U120/><E78/><V44/><F131/><W108/><G108/><T50/><D122/><U106/><E106/><V129/><F129/><W12/><G34/><T52/><D87/><U135/><E75/><V107/><F46/><W23/><G35/><T67/><D67/><U18/><E135/><N who="2" m="51755" /><F11/><W79/><G69/><T102/><D102/><U60/><E60/><V73/><F17/><N who="1" m="6761" /><E120/><V124/><F73/><W62/><G71/><T6/><D92/><U88/><E88/><V125/><F125/><W64/><G64/><T95/><D95/><U93/><E93/><N who="2" m="56631" /><F124/><W54/><G82/><T31/><D39/><U51/><E3/><V112/><F112/><W94/><G94/><T97/><D38/><U36/><E36/><V10/><F10/><W85/><G79/><T25/><D37/><U111/><E111/><V66/><F66/><N who="3" m="39247" /><G85/><T21/><D97/><U63/><E63/><V83/><F83/><W7/><G84/><T117/><D117/><U4/><E4/><V42/><AGARI ba="1,0" hai="42,44,49,56,58,99,103,107" m="56631,51755" machi="42" ten="30,2000,0" yaku="20,1,52,1" doraHai="89" who="2" fromWho="2" sc="367,-11,211,-6,211,23,211,-6" /><INIT seed="1,0,0,3,4,106" ten="356,205,234,205" oya="1" hai0="108,110,105,13,93,123,129,16,34,73,53,96,25" hai1="83,35,54,57,68,126,124,132,90,77,130,2,127" hai2="104,50,119,47,18,70,101,5,7,97,107,43,23" hai3="20,128,51,85,115,79,26,48,49,82,33,55,86"/><U117/><E35/><V75/><F119/><W112/><G33/><T94/><D129/><U131/><E2/><V63/><F104/><W40/><G128/><N who="1" m="49194" /><E68/><V44/><F75/><W122/><G122/><T11/><D73/><N who="1" m="43439" /><E117/><V52/><F70/><W1/><G1/><T125/><D125/><U10/><E10/><V95/><F107/><W91/><G40/><T30/><D123/><U102/><E102/><V0/><F0/><W67/><G67/><T31/><D31/><U28/><E28/><V88/><F101/><W9/><G9/><T113/><D113/><U98/><E98/><V135/><F135/><W56/><G115/><T109/><D105/><U78/><E78/><V71/><F71/><W60/><G112/><T66/><D96/><U32/><E32/><V118/><F118/><W58/><G58/><T14/><D34/><U116/><E90/><V120/><F120/><W81/><REACH who="3" step="1"/><G60/><REACH who="3" ten="356,205,234,195" step="2"/><T21/><D11/><U62/><E116/><V111/><F111/><W84/><G84/><T27/><D110/><U74/><E74/><V19/><F63/><W29/><AGARI ba="0,1" hai="20,26,29,48,49,51,55,56,79,81,82,85,86,91" machi="29" ten="20,8000,1" yaku="1,1,0,1,7,1,8,1,53,1" doraHai="106" doraHaiUra="22" who="3" fromWho="3" sc="356,-20,205,-40,234,-20,195,90" /><INIT seed="2,0,0,0,5,71" ten="336,165,214,285" oya="2" hai0="134,93,120,68,81,57,15,77,124,62,96,50,86" hai1="18,82,119,91,16,19,69,36,32,125,4,87,64" hai2="30,126,63,23,113,2,99,131,100,103,5,111,49" hai3="40,60,27,76,118,74,94,109,46,90,122,98,112"/><V44/><F113/><W104/><G118/><T8/><D120/><U102/><E119/><V108/><F126/><W79/><G122/><T47/><D134/><U133/><E133/><V1/><F131/><W135/><G135/><T97/><D124/><U117/><E125/><V115/><F115/><W52/><G112/><T80/><D80/><U67/><E117/><V95/><F100/><W45/><G109/><N who="2" m="42057" /><F5/><W130/><G104/><T53/><D93/><U13/><E32/><V92/><F92/><W41/><G27/><T66/><D68/><U61/><E102/><V6/><F6/><AGARI ba="0,0" hai="6,8,15,47,50,53,57,62,66,77,81,86,96,97" machi="6" ten="30,2000,0" yaku="7,1,8,1" doraHai="71" who="0" fromWho="2" sc="336,20,165,0,214,-20,285,0" /><INIT seed="3,0,0,2,2,14" ten="356,165,194,285" oya="3" hai0="67,82,41,43,52,106,119,24,80,10,53,71,96" hai1="1,34,11,39,129,118,77,32,70,86,3,62,60" hai2="90,40,66,68,114,130,76,64,134,111,44,83,123" hai3="126,28,102,36,121,85,125,94,26,98,27,49,103"/><W57/><G36/><T127/><D119/><U56/><E39/><V84/><F114/><W7/><G121/><T128/><D128/><U9/><E129/><V104/><F130/><W110/><G110/><T23/><D127/><N who="3" m="48649" /><G7/><T89/><D10/><U16/><E118/><V65/><F104/><W101/><G85/><T133/><D133/><U59/><E86/><V78/><F68/><W132/><G132/><T61/><D41/><U91/><E91/><V45/><F134/><W122/><G122/><T107/><D43/><U87/><E87/><V55/><F123/><W29/><G49/><T22/><D22/><U63/><E70/><V131/><F131/><W50/><G50/><T75/><D107/><U30/><E63/><V37/><F111/><W54/><G54/><T99/><D99/><U113/><E113/><V47/><F37/><W38/><G57/><N who="0" m="37295" /><D75/><U15/><E77/><N who="2" m="29803" /><F40/><W124/><G38/><T17/><D71/><U93/><E93/><V79/><F79/><W5/><G5/><T18/><D106/><U2/><E2/><V95/><F55/><N who="0" m="21066" /><D18/><U88/><E16/><V33/><F33/><N who="3" m="20631" /><G124/><T21/><D21/><AGARI ba="0,0" hai="21,27,29,94,98,101,102,103" m="20631,48649" machi="21" ten="30,1500,0" yaku="18,1" doraHai="14" who="3" fromWho="0" sc="356,-15,165,0,194,0,285,15" /><INIT seed="3,1,0,0,1,52" ten="341,165,194,300" oya="3" hai0="99,97,132,48,77,82,76,20,104,73,23,111,39" hai1="53,87,34,129,13,100,18,3,118,8,36,112,83" hai2="4,35,110,124,32,19,113,24,134,93,74,95,130" hai3="107,65,120,105,123,45,135,22,127,78,79,55,90"/><W106/><G65/><T75/><D39/><U6/><E112/><V119/><F119/><W9/><G9/><T72/><D48/><U96/><E36/><V98/><F113/><W7/><G7/><T41/><D41/><U66/><E118/><V12/><F74/><W103/><G22/><T17/><D111/><U51/><E129/><V67/><F110/><W0/><G0/><T38/><D38/><U29/><E66/><V64/><F130/><W60/><G103/><T33/><D33/><U109/><E109/><V40/><F124/><W115/><G115/><T91/><D132/><U62/><E62/><V101/><F134/><W16/><G135/><T69/><D69/><U47/><E34/><V44/><F32/><W46/><G127/><T126/><D126/><U58/><E29/><V14/><F93/><W31/><G31/><T28/><D28/><U37/><E37/><V25/><F35/><W92/><G16/><T10/><D10/><U50/><E3/><V71/><F4/><W26/><G26/><N who="2" m="10345" /><F71/><W1/><G1/><T68/><D68/><U42/><E6/><V43/><F12/><W85/><G45/><T128/><D128/><U11/><E11/><N who="2" m="6623" /><F40/><W89/><G46/><T108/><D108/><U125/><E125/><V2/><F2/><W49/><G49/><AGARI ba="1,0" hai="43,44,49,64,67,95,98,101" m="6623,10345" machi="49" ten="30,1000,0" yaku="8,1" doraHai="52" who="2" fromWho="3" sc="341,0,165,0,194,13,300,-13" owari="341,44.1,165,-33.5,207,-19.3,287,8.7" /></mjloggm>