<mjloggm ver="2.3"><GO type="225" lobby="0"/><UN n0="%72%61%6B%33" n1="%E3%82%BC%E3%83%AB%E3%83%80%E3%81%AE%E4%BC%9D%E8%AA%AC" n2="%E3%81%86%E3%83%BC%E3%81%B1%E3%83%BC" n3="%E5%B8%86%E7%AB%8B%E5%A4%8F%E8%A1%A3" dan="17,16,17,16" rate="2157.28,2203.16,2224.79,2071.32" sx="M,M,F,M"/><TAIKYOKU oya="0"/><INIT seed="0,0,0,2,5,118" ten="250,250,250,250" oya="0" hai0="59,3,41,22,4,83,28,26,129,32,45,58,11" hai1="20,56,65,123,112,34,60,86,0,51,120,82,54" hai2="13,81,30,64,101,23,126,37,92,25,74,36,52" hai3="94,27,106,102,88,131,73,96,31,71,98,66,10"/><T16/><D129/><U91/><E34/><V133/><F126/><W103/><G131/><T40/><D83/><U77/><E112/><V135/><F64/><W8/><G73/><T18/><D18/><U62/><E0/><V79/><F13/><W78/><G78/><T15/><REACH who="0" step="1"/><D41/><REACH who="0" ten="240,250,250,250" step="2"/><U76/><E76/><V38/><F81/><W87/><G71/><T1/><D1/><U130/><E130/><V125/><F79/><W48/><G48/><AGARI ba="0,1" hai="3,4,11,15,16,22,26,28,32,40,45,48,58,59" machi="48" ten="30,12000,1" yaku="1,1,7,1,24,2,54,1,53,0" doraHai="118" doraHaiUra="124" who="0" fromWho="3" sc="240,130,250,0,250,0,250,-120" /><INIT seed="0,1,0,5,4,18" ten="370,250,250,130" oya="0" hai0="61,46,6,47,135,28,23,95,130,39,112,84,91" hai1="125,133,32,60,70,87,34,77,14,9,37,30,78" hai2="48,119,36,35,121,20,126,55,0,41,122,109,44" hai3="81,72,24,94,96,100,68,69,13,7,123,56,115"/><T62/><D112/><U127/><E37/><V131/><F35/><W38/><G115/><T117/><D117/><U19/><E133/><V85/><F0/><W40/><G123/><T129/><D135/><U82/><E78/><V1/><F1/><W16/><G38/><T107/><D107/><U102/><E102/><V43/><F109/><W75/><G40/><T128/><D6/><U64/><REACH who="1" step="1"/><E30/><REACH who="1" ten="370,240,250,130" step="2"/><V26/><F36/><W73/><G81/><T83/><D83/><U111/><E111/><V108/><F108/><W118/><G118/><T42/><D47/><U134/><E134/><V17/><F119/><W120/><G120/><T5/><D5/><U97/><E97/><V89/><F122/><W3/><G3/><T110/><D110/><U132/><E132/><V31/><F121/><W53/><G7/><T98/><D98/><U29/><E29/><V45/><F44/><W88/><G100/><T59/><D59/><U90/><E90/><V58/><F45/><W114/><G114/><T104/><D104/><U92/><E92/><N who="2" m="54319" /><F31/><W54/><G54/><T57/><D57/><U8/><E8/><V116/><F116/><W27/><G53/><T33/><D33/><AGARI ba="1,1" hai="9,14,19,32,33,34,60,64,70,77,82,87,125,127" machi="33" ten="40,1300,0" yaku="1,1,53,0" doraHai="18" doraHaiUra="25" who="1" fromWho="0" sc="370,-16,240,26,250,0,130,0" /><INIT seed="1,0,0,0,2,84" ten="354,266,250,130" oya="1" hai0="123,25,82,129,50,12,83,108,104,134,128,40,46" hai1="102,93,2,58,33,5,135,131,132,0,73,111,53" hai2="130,31,78,21,109,120,13,57,14,91,80,100,56" hai3="26,112,105,3,77,11,18,17,4,59,62,27,74"/><U116/><E116/><V85/><F120/><W64/><G112/><T126/><D104/><U79/><E33/><V54/><F109/><W88/><G105/><T29/><D108/><U107/><E111/><V87/><F130/><N who="0" m="50282" /><D123/><U39/><E107/><V96/><F31/><W81/><G27/><T133/><D12/><U127/><E39/><V115/><F115/><W20/><REACH who="3" step="1"/><G18/><REACH who="3" ten="354,266,250,120" step="2"/><T124/><D25/><U118/><E131/><V110/><F110/><W72/><G72/><T10/><D29/><U97/><E73/><V9/><F9/><W38/><G38/><T66/><D10/><U67/><E118/><V52/><F21/><W86/><G86/><T19/><D19/><U106/><E106/><V55/><F85/><W7/><G7/><T121/><D121/><U35/><E5/><V101/><F78/><W43/><G43/><T42/><D40/><U98/><E79/><V103/><F96/><W70/><G70/><T36/><D36/><U44/><E98/><V119/><F119/><W24/><G24/><T69/><D69/><U49/><E35/><V76/><F76/><W89/><AGARI ba="0,1" hai="3,4,11,17,20,26,59,62,64,74,77,81,88,89" machi="89" ten="30,8000,1" yaku="1,1,0,1,52,2,54,1,53,0" doraHai="84" doraHaiUra="68" who="3" fromWho="3" sc="354,-20,266,-40,250,-20,120,90" /><INIT seed="2,0,0,4,2,82" ten="334,226,230,210" oya="2" hai0="21,86,19,122,105,1,67,77,35,22,130,8,125" hai1="92,114,109,123,73,5,134,112,56,99,49,38,24" hai2="115,18,90,15,58,71,84,64,93,3,76,60,101" hai3="50,88,57,46,108,75,81,45,13,10,96,70,74"/><V16/><F115/><W20/><G70/><T29/><D122/><U6/><E38/><V83/><F3/><W94/><G108/><T36/><D105/><U40/><E73/><V91/><F101/><W61/><G75/><T100/><D36/><U128/><E109/><V32/><F32/><W9/><G74/><T2/><D100/><U69/><E69/><V53/><F15/><W63/><G81/><T41/><D41/><U133/><E123/><V14/><F14/><W31/><G63/><T51/><D67/><U113/><E24/><V124/><F124/><W55/><G46/><T54/><D29/><U116/><E116/><V68/><F71/><W30/><G20/><T78/><D22/><U28/><E28/><V26/><F26/><W47/><G47/><T17/><D21/><U104/><E104/><V121/><F121/><W43/><G10/><T34/><D8/><U120/><E128/><V110/><F110/><W80/><G80/><T39/><D39/><U12/><E120/><V59/><F68/><W117/><G117/><T103/><D130/><U107/><E107/><V87/><F76/><W97/><G96/><T72/><D72/><U4/><E12/><V52/><F64/><W65/><G65/><T11/><D1/><U95/><E40/><V48/><AGARI ba="0,0" hai="16,18,48,52,53,58,59,60,83,84,87,90,91,93" machi="48" ten="20,18000,2" yaku="0,1,7,1,8,1,52,2,54,2" doraHai="82" who="2" fromWho="2" sc="334,-60,226,-60,230,180,210,-60" /><INIT seed="2,1,0,0,1,52" ten="274,166,410,150" oya="2" hai0="0,78,58,96,1,54,112,61,99,115,26,133,57" hai1="110,91,17,69,40,81,76,32,98,3,66,7,104" hai2="18,122,30,9,67,107,37,114,95,92,109,28,44" hai3="21,88,29,20,86,105,65,63,4,120,19,127,71"/><V45/><F114/><W73/><G120/><T23/><D133/><U74/><E17/><V11/><F107/><W118/><G118/><T55/><D78/><U132/><E132/><V10/><F37/><W119/><G119/><T70/><D70/><U56/><E32/><V22/><F122/><W84/><G73/><T27/><D61/><U2/><E110/><V5/><F5/><W36/><G36/><T53/><D55/><U123/><E123/><V16/><F67/><W38/><G38/><T108/><REACH who="0" step="1"/><D23/><REACH who="0" ten="264,166,410,150" step="2"/><U103/><E69/><V126/><F22/><W42/><G21/><T101/><D101/><U100/><E100/><V33/><F33/><W131/><G20/><T80/><D80/><U87/><E40/><V60/><F60/><W128/><G42/><T124/><D124/><U75/><E75/><V34/><F34/><W79/><G127/><T90/><D90/><U13/><E74/><V68/><F126/><W31/><G88/><T15/><D15/><U72/><E72/><V14/><F68/><W46/><G79/><T62/><D62/><N who="1" m="38215" /><E91/><V48/><F14/><W93/><G71/><T59/><D59/><U121/><E121/><V129/><F30/><W25/><G63/><T6/><D6/><U117/><E117/><V51/><F28/><N who="3" m="10827" /><G4/><T77/><D77/><U43/><E43/><V50/><F45/><W94/><G46/><T135/><D135/><U113/><E113/><V39/><F44/><W64/><G64/><T111/><AGARI ba="1,1" hai="0,1,26,27,53,54,57,58,96,99,108,111,112,115" machi="111" ten="25,12000,2" yaku="1,1,0,1,22,2,52,2,53,0" doraHai="52" doraHaiUra="12" who="0" fromWho="0" sc="264,133,166,-31,410,-61,150,-31" /><INIT seed="3,0,0,2,2,4" ten="397,135,349,119" oya="3" hai0="123,72,106,64,60,14,115,74,39,7,40,44,38" hai1="107,24,57,111,94,84,101,9,41,31,110,53,66" hai2="62,127,113,63,71,11,75,98,131,73,105,89,135" hai3="77,82,78,76,114,126,87,28,23,109,55,16,81"/><W26/><G126/><T116/><D116/><U37/><E66/><V36/><F113/><W51/><G114/><T97/><D115/><U100/><E107/><V95/><F105/><W124/><G124/><T13/><D123/><U88/><E9/><V129/><F36/><W43/><G109/><N who="1" m="41482" /><E41/><V130/><F127/><W83/><G43/><T96/><D60/><N who="1" m="35887" /><E37/><V25/><F135/><W79/><REACH who="3" step="1"/><G28/><REACH who="3" ten="397,135,349,109" step="2"/><T134/><D40/><U121/><E121/><V58/><F131/><W22/><G22/><AGARI ba="0,1" hai="22,24,31,84,88,94,100,101" m="35887,41482" machi="22" ten="30,2000,0" yaku="14,1,54,1" doraHai="4" who="1" fromWho="3" sc="397,0,135,30,349,0,109,-20" owari="397,49.7,165,-23.5,349,14.9,89,-41.1" /></mjloggm>