<mjloggm ver="2.3"><GO type="225" lobby="0"/><UN n0="%E4%B8%89%E5%88%86%E5%B0%8F%E5%83%A7" n1="%E6%98%93%E5%88%A9%E8%96%A9%E4%BC%AF" n2="%E6%A1%9C%E8%8A%B1%E9%96%83%E3%80%85" n3="%E6%B8%A1%E5%A4%A9%E8%97%8D" dan="16,16,17,16" rate="2101.99,2101.02,2188.90,2114.32" sx="M,F,M,M"/><TAIKYOKU oya="0"/><INIT seed="0,0,0,2,0,41" ten="250,250,250,250" oya="0" hai0="116,102,94,16,55,28,53,23,121,37,35,127,91" hai1="78,84,9,20,106,56,14,0,40,131,123,59,113" hai2="15,22,105,19,44,33,6,104,46,126,132,31,103" hai3="67,69,17,71,48,21,97,18,118,34,83,75,68"/><T64/><D116/><U1/><E123/><V114/><F114/><W73/><G118/><T96/><D121/><U92/><E106/><V128/><F128/><W29/><G34/><T125/><D64/><U10/><E113/><V107/><F132/><W66/><G29/><T38/><D28/><U7/><E131/><V124/><F103/><W58/><G97/><T122/><D35/><U27/><E40/><V98/><F98/><W110/><G110/><T120/><D120/><U3/><E10/><V88/><F6/><W112/><G112/><T52/><D102/><U25/><E25/><N who="2" m="18671" /><F88/><W61/><G66/><T63/><D63/><U39/><E39/><V62/><F62/><W4/><G4/><T95/><D95/><U99/><E84/><V50/><F50/><W93/><G93/><T70/><D70/><U47/><E47/><V51/><F51/><W36/><G36/><T74/><D74/><U49/><E78/><V82/><F82/><W42/><G83/><T5/><D5/><U90/><REACH who="1" step="1"/><E49/><REACH who="1" ten="250,240,250,250" step="2"/><V76/><F76/><W81/><G48/><T77/><D77/><U13/><E13/><V108/><F108/><W54/><G42/><T115/><D115/><U89/><E89/><V86/><F86/><W8/><G75/><T2/><D122/><U134/><E134/><V101/><F101/><W24/><G73/><T117/><D117/><U79/><E79/><V26/><F26/><W109/><G109/><T12/><D2/><U80/><E80/><V30/><F30/><AGARI ba="0,1" hai="0,1,3,7,9,14,20,27,30,56,59,90,92,99" machi="30" ten="40,1300,0" yaku="1,1,53,0" doraHai="41" doraHaiUra="45" who="1" fromWho="2" sc="250,0,240,23,250,-13,250,0" /><INIT seed="1,0,0,0,1,24" ten="250,263,237,250" oya="1" hai0="107,69,65,41,118,112,9,82,133,30,84,22,76" hai1="57,58,27,135,2,29,98,25,126,15,75,100,1" hai2="92,19,131,49,45,122,5,37,119,6,125,0,116" hai3="71,42,128,36,115,97,23,127,60,83,55,61,80"/><U10/><E75/><V53/><F122/><W21/><G115/><T101/><D112/><U113/><E113/><V4/><F0/><W114/><G114/><T51/><D118/><U63/><E58/><V95/><F125/><W102/><G127/><T89/><D133/><U48/><E48/><V67/><F131/><W62/><G128/><T110/><D110/><U111/><E27/><V28/><F37/><W78/><G36/><T3/><D69/><U64/><E111/><V85/><F67/><W94/><G42/><T44/><D65/><U93/><E135/><V54/><F28/><W74/><G71/><T72/><D30/><U129/><E129/><V79/><F19/><W50/><REACH who="3" step="1"/><G80/><REACH who="3" ten="250,263,237,240" step="2"/><T40/><D41/><U59/><E126/><V68/><F68/><W87/><G87/><T103/><D84/><U18/><REACH who="1" step="1"/><E59/><AGARI ba="0,1" hai="21,23,50,55,59,60,61,62,74,78,83,94,97,102" machi="59" ten="40,2600,0" yaku="1,1,53,1" doraHai="24" doraHaiUra="47" who="3" fromWho="1" sc="250,0,263,-26,237,0,240,36" /><INIT seed="2,0,0,5,0,15" ten="250,237,237,276" oya="2" hai0="32,66,8,39,97,38,119,28,95,86,108,31,83" hai1="112,3,46,2,110,99,109,25,126,11,54,56,124" hai2="84,103,44,133,92,88,51,130,1,82,94,129,14" hai3="30,34,114,125,89,16,24,45,50,105,23,74,93"/><V43/><F1/><N who="1" m="9" /><E99/><V100/><F133/><W111/><G111/><N who="1" m="42506" /><E46/><V49/><F49/><W9/><G125/><N who="1" m="48234" /><E112/><V42/><F42/><W91/><G114/><T13/><D108/><U78/><E78/><V104/><F104/><W73/><G105/><T77/><D119/><U81/><E81/><V36/><F36/><W59/><G59/><T35/><D66/><U121/><E121/><V7/><F129/><W18/><G89/><T80/><D80/><U90/><E90/><V72/><F130/><W96/><G74/><T0/><D0/><U102/><E102/><N who="2" m="38955" /><F72/><W75/><G75/><T55/><D39/><U58/><E25/><V29/><F29/><W128/><G73/><T62/><D38/><U101/><E101/><V131/><F131/><W20/><G128/><T115/><D115/><U134/><E134/><V27/><F27/><W70/><G24/><T57/><D31/><U6/><E54/><V19/><F7/><W106/><G30/><T61/><D28/><U123/><E123/><V17/><F17/><N who="3" m="6763" /><G106/><T135/><D135/><U60/><E60/><V48/><F48/><W64/><G50/><T10/><D62/><U85/><E85/><V98/><F98/><W87/><G96/><T47/><D47/><U21/><E21/><AGARI ba="0,0" hai="14,19,21,43,44,51,82,84,88,92,94" m="38955" machi="21" ten="30,5800,0" yaku="8,1,52,1,54,1" doraHai="15" who="2" fromWho="1" sc="250,0,237,-58,237,58,276,0" /><INIT seed="2,1,0,1,2,53" ten="250,179,295,276" oya="2" hai0="54,108,72,133,12,17,115,15,106,109,86,24,107" hai1="39,4,41,102,35,134,79,27,83,112,32,75,113" hai2="46,71,59,85,97,38,98,47,74,36,82,87,89" hai3="119,118,70,0,42,63,132,66,5,100,64,93,45"/><V10/><F71/><W73/><G73/><T123/><D123/><U8/><E134/><V90/><F10/><W117/><G5/><T3/><D72/><U77/><E77/><V19/><F74/><W116/><G0/><T125/><D3/><U28/><E102/><V2/><F2/><W6/><G6/><T14/><D115/><U80/><E80/><V20/><F59/><N who="3" m="36991" /><G93/><T21/><D133/><U18/><E18/><V131/><F131/><W135/><G100/><T37/><D37/><U68/><E35/><V130/><F130/><W114/><G114/><T92/><D125/><U65/><E8/><V61/><F61/><N who="3" m="40271" /><G117/><T96/><D54/><U29/><E29/><V120/><F120/><W33/><G33/><T88/><REACH who="0" step="1"/><D86/><REACH who="0" ten="240,179,295,276" step="2"/><U23/><E113/><V9/><F87/><W58/><G58/><T44/><D44/><U94/><E112/><V81/><F46/><W50/><AGARI ba="1,1" hai="42,45,50,116,118,119,132,135" m="40271,36991" machi="50" ten="40,5200,0" yaku="34,2,52,1" doraHai="53" who="3" fromWho="3" sc="240,-14,179,-14,295,-27,276,65" /><INIT seed="3,0,0,4,5,68" ten="226,165,268,341" oya="3" hai0="84,111,114,25,87,34,17,66,81,43,0,78,29" hai1="75,72,19,129,42,21,48,54,107,26,119,79,14" hai2="95,115,49,37,116,118,9,105,104,97,94,33,51" hai3="20,38,112,69,106,122,80,46,63,62,61,16,132"/><W12/><G112/><T128/><D114/><U101/><E129/><V24/><F115/><W71/><G106/><T131/><D111/><U6/><E119/><V133/><F9/><W50/><G122/><T102/><D0/><U22/><E42/><V41/><F24/><W36/><G132/><T65/><D43/><U32/><E32/><V96/><F41/><W73/><G69/><T67/><D102/><U92/><E107/><V88/><F33/><W83/><G71/><T5/><D5/><U100/><E75/><V57/><F57/><W8/><G73/><T127/><D127/><U82/><E92/><V55/><F55/><N who="3" m="30167" /><G36/><T15/><REACH who="0" step="1"/><D87/><REACH who="0" ten="216,165,268,341" step="2"/><U70/><E70/><V1/><F1/><W56/><G38/><T125/><D125/><U27/><E6/><V126/><F126/><W86/><G86/><T4/><D4/><U117/><E117/><V121/><F37/><W98/><G98/><T85/><D85/><U59/><REACH who="1" step="1"/><E14/><REACH who="1" ten="216,155,268,341" step="2"/><V77/><F118/><W35/><G12/><T10/><AGARI ba="0,2" hai="10,15,17,25,29,34,65,66,67,78,81,84,128,131" machi="10" ten="30,2000,0" yaku="1,1,0,1,53,0" doraHai="68" doraHaiUra="91" who="0" fromWho="0" sc="216,40,155,-5,268,-5,341,-10" owari="256,-14.4,150,-35.0,263,6.3,331,43.1" /></mjloggm>