<mjloggm ver="2.3"><GO type="225" lobby="0"/><UN n0="%E5%8D%A0%E3%81%84%E5%B8%AB%E8%A3%8F%E3%81%AA%E3%81%84%E3%81%97" n1="%E6%A1%9C%E8%8A%B1%E9%96%83%E3%80%85" n2="%E3%81%99%E3%81%84%E3%81%A1%E3%82%83%E3%82%93%E5%A4%A7%E5%A5%BD%E3%81%8D" n3="%E9%BB%99%E8%81%B4%E3%81%AE%E3%81%99%E3%82%9D%E3%82%81" dan="17,17,16,16" rate="2230.24,2197.49,2135.21,2125.99" sx="M,M,M,M"/><TAIKYOKU oya="0"/><INIT seed="0,0,0,5,0,121" ten="250,250,250,250" oya="0" hai0="131,33,107,115,125,10,22,38,133,102,129,14,23" hai1="42,101,123,100,113,84,97,40,61,56,69,122,29" hai2="47,11,31,64,124,66,77,79,132,116,119,32,52" hai3="93,68,28,130,36,90,6,82,30,39,51,16,89"/><T109/><D38/><U24/><E113/><V117/><F124/><W59/><G68/><T112/><D102/><U5/><E101/><V45/><F132/><W70/><G70/><T127/><D107/><U62/><E5/><V3/><F31/><W126/><G6/><N who="0" m="3415" /><D33/><U104/><E84/><V4/><F32/><W96/><G130/><N who="0" m="49675" /><D109/><U67/><E122/><V48/><REACH who="2" step="1"/><F47/><REACH who="2" ten="250,250,240,250" step="2"/><W75/><G126/><N who="0" m="48139" /><D133/><U88/><E123/><V114/><F114/><AGARI ba="0,1" hai="22,23,112,114,115" m="48139,49675,3415" machi="114" ten="40,12000,1" yaku="19,1,18,1,34,2" doraHai="121" who="0" fromWho="2" sc="250,130,250,0,240,-120,250,0" /><INIT seed="0,1,0,2,5,116" ten="380,250,120,250" oya="0" hai0="47,81,46,123,56,109,65,37,122,80,9,101,95" hai1="74,36,85,44,27,77,21,58,38,118,39,114,48" hai2="1,33,29,42,55,119,115,30,126,132,105,23,99" hai3="57,61,133,69,20,87,104,124,71,66,43,72,117"/><T103/><D37/><U67/><E74/><V75/><F119/><W97/><G72/><T34/><D34/><U25/><E118/><V82/><F115/><W127/><G133/><T2/><D109/><U15/><E114/><V94/><F132/><W64/><G43/><T8/><D56/><U16/><E77/><V14/><F105/><W79/><G20/><T90/><D95/><U121/><E85/><V68/><F1/><W19/><G19/><T84/><D84/><U54/><REACH who="1" step="1"/><E121/><REACH who="1" ten="380,240,120,250" step="2"/><V12/><F75/><W3/><G79/><T83/><D123/><U130/><E130/><V96/><F82/><W53/><G87/><T70/><D122/><U86/><E86/><V92/><F99/><W18/><G97/><T52/><D81/><U4/><E4/><V110/><F96/><W113/><G113/><T35/><D83/><U112/><E112/><V51/><F110/><W129/><G129/><T125/><D80/><U11/><E11/><V45/><F94/><W78/><G78/><T100/><D8/><U24/><E24/><V76/><F92/><W88/><G117/><T108/><D9/><U128/><E128/><V106/><F76/><W131/><G131/><T0/><D108/><U7/><E7/><V111/><F106/><W49/><G104/><T28/><D101/><U98/><E98/><V6/><F111/><W31/><G127/><T135/><D125/><U41/><E41/><V89/><F126/><W93/><G124/><T59/><D100/><U10/><E10/><V50/><F42/><W91/><G3/><N who="0" m="1067" /><D103/><U102/><E102/><V26/><F6/><RYUUKYOKU ba="1,1" sc="380,-10,240,30,120,-10,250,-10" hai1="15,16,21,25,27,36,38,39,44,48,54,58,67" /><INIT seed="1,2,1,3,1,107" ten="370,270,110,240" oya="1" hai0="10,71,92,97,84,39,100,52,6,112,4,31,21" hai1="117,132,26,103,114,128,86,0,48,99,57,80,83" hai2="135,102,126,85,55,77,40,122,98,41,124,87,62" hai3="65,106,9,56,127,43,66,67,25,129,76,111,3"/><U8/><E114/><V38/><F122/><W14/><G3/><T15/><D39/><U36/><E36/><V119/><F135/><W53/><G106/><T30/><D71/><U72/><E117/><V24/><F119/><W63/><G111/><T12/><D112/><U96/><E132/><V47/><F41/><W18/><G129/><T22/><D84/><U134/><E134/><V11/><F77/><W29/><G127/><T90/><D100/><U73/><E26/><V123/><F123/><W16/><G43/><T121/><D121/><U69/><E69/><V20/><F11/><W109/><G76/><T93/><D93/><U50/><E57/><V13/><F13/><W32/><REACH who="3" step="1"/><G109/><REACH who="3" ten="370,270,110,230" step="2"/><T105/><D105/><U94/><E128/><V37/><F126/><W60/><G60/><T101/><D4/><AGARI ba="2,2" hai="4,9,14,16,18,25,29,32,53,56,63,65,66,67" machi="4" ten="40,5200,0" yaku="1,1,54,1,53,1" doraHai="107" doraHaiUra="1" who="3" fromWho="0" sc="370,-58,270,0,110,0,230,78" /><INIT seed="2,0,0,3,1,83" ten="312,270,110,308" oya="2" hai0="127,76,28,67,95,121,30,64,53,12,43,84,107" hai1="18,21,6,11,86,80,57,99,37,68,130,71,45" hai2="7,49,110,74,62,101,98,87,50,33,111,91,61" hai3="119,35,42,46,8,27,112,81,48,85,51,4,24"/><V72/><F33/><W15/><G119/><T36/><D107/><U134/><E134/><V2/><F2/><W66/><G112/><T3/><D121/><U29/><E29/><V9/><F9/><W88/><G66/><T103/><D3/><U115/><E115/><V69/><F7/><W94/><G35/><T122/><D122/><U93/><E57/><V104/><F49/><W40/><G94/><T65/><D127/><U116/><E130/><V10/><F10/><W106/><G106/><T31/><D43/><U135/><E45/><AGARI ba="0,0" hai="4,8,15,24,27,40,42,45,46,48,51,81,85,88" machi="45" ten="40,8000,1" yaku="9,1,8,1,52,1,54,1" doraHai="83" who="3" fromWho="1" sc="312,0,270,-80,110,0,308,80" /><INIT seed="3,0,0,1,4,110" ten="312,190,110,388" oya="3" hai0="88,134,102,52,95,96,92,37,58,16,66,113,18" hai1="120,51,64,75,107,77,29,101,45,34,132,50,71" hai2="82,124,26,15,115,74,130,60,24,4,62,17,111" hai3="61,39,20,44,40,10,7,129,19,121,14,117,72"/><W65/><G117/><T21/><D37/><U126/><E120/><V25/><F111/><W38/><G129/><T1/><D1/><U3/><E3/><V12/><F130/><W59/><G72/><T89/><D134/><U68/><E132/><V70/><F70/><W11/><G121/><T54/><D113/><U9/><E9/><V5/><F124/><W90/><G90/><T43/><D43/><U69/><E126/><V81/><F74/><W119/><G119/><T93/><D66/><U112/><E112/><V63/><F115/><W85/><G85/><N who="0" m="52239" /><D58/><U36/><E77/><V23/><REACH who="2" step="1"/><F15/><REACH who="2" ten="312,190,100,388" step="2"/><W33/><G14/><N who="0" m="9367" /><D18/><U31/><E75/><V125/><F125/><W108/><G19/><T73/><D73/><U123/><E69/><V41/><F41/><W6/><G40/><T83/><D83/><U84/><E71/><V30/><F30/><W127/><G127/><T91/><D102/><U128/><E29/><V28/><F28/><W105/><G108/><T103/><D103/><U42/><E31/><V87/><F87/><AGARI ba="0,1" hai="52,54,87,89,91,93,95,96" m="9367,52239" machi="87" ten="30,7700,0" yaku="8,1,54,3" doraHai="110" who="0" fromWho="2" sc="312,87,190,0,100,-77,388,0" owari="399,49.9,190,-21.0,23,-47.7,388,18.8" /></mjloggm>