<mjloggm ver="2.3"><GO type="225" lobby="0"/><UN n0="%6D%75%75%6D%75%72%61" n1="%73%7A%2E%64%31" n2="%63%68%78%62%64" n3="%63%62%69%73%6B%65%74" dan="17,16,16,16" rate="2140.55,2145.01,2140.99,2057.10" sx="F,M,M,M"/><TAIKYOKU oya="0"/><INIT seed="0,0,0,3,2,133" ten="250,250,250,250" oya="0" hai0="53,83,51,96,47,40,20,46,55,99,109,23,3" hai1="11,42,82,33,31,4,90,123,52,36,56,103,66" hai2="19,84,16,131,81,18,74,117,61,25,39,49,89" hai3="86,13,124,9,59,135,115,69,63,106,122,41,126"/><T107/><D3/><U45/><E123/><V100/><F39/><W34/><G115/><T44/><D109/><U35/><E103/><V98/><F117/><W111/><G135/><T17/><D107/><U50/><E31/><V12/><F74/><W127/><G111/><T30/><D83/><U121/><E121/><V104/><F131/><W65/><G122/><T75/><D75/><U80/><E66/><V28/><F61/><W92/><G106/><T32/><D32/><U37/><E37/><V0/><F49/><W85/><G41/><T114/><D114/><U67/><E67/><V60/><F60/><N who="3" m="40103" /><G92/><T22/><D40/><U119/><E119/><V112/><F0/><W125/><G34/><T5/><D5/><U68/><E68/><V105/><F105/><W24/><G24/><N who="0" m="16647" /><D23/><U6/><E6/><V70/><F70/><W88/><G88/><T14/><D55/><U76/><E90/><V116/><F116/><W73/><G73/><T10/><D22/><U71/><E82/><V43/><F43/><W64/><N who="3" m="31744" /><DORA hai="54" /><W108/><G108/><T72/><D72/><N who="1" m="43015" /><E71/><V132/><F132/><W15/><G15/><T93/><D99/><U57/><E35/><V102/><F112/><W7/><AGARI ba="0,0" hai="7,9,13,59,63,64,85,86" m="31744,40103" machi="7" ten="60,12000,2" yaku="18,1,52,5" doraHai="133,54" who="3" fromWho="3" sc="250,-60,250,-30,250,-30,250,120" /><INIT seed="1,0,0,0,2,5" ten="190,220,220,370" oya="1" hai0="3,78,24,111,80,66,53,39,13,77,52,113,20" hai1="2,107,46,59,30,129,75,94,31,10,120,51,23" hai2="115,16,67,40,106,73,68,114,87,45,112,29,126" hai3="81,109,88,76,133,84,58,85,132,7,131,92,17"/><U8/><E120/><V83/><F73/><N who="3" m="43151" /><G7/><T121/><D3/><U108/><E107/><V90/><F106/><W134/><G17/><T27/><D113/><U44/><E75/><V79/><F126/><W105/><G58/><T18/><D39/><U43/><E129/><V32/><F79/><N who="0" m="30218" /><D111/><U61/><E108/><V1/><F1/><W33/><G33/><T118/><D118/><U15/><E2/><V25/><F67/><W47/><G105/><T54/><D121/><U62/><E44/><V130/><F68/><W89/><G109/><T36/><D36/><U98/><E61/><V28/><F130/><W42/><G131/><T19/><D66/><N who="1" m="39263" /><E15/><V128/><F128/><W72/><G72/><T60/><D60/><U116/><E116/><V11/><F29/><N who="1" m="10761" /><E23/><V86/><F86/><N who="3" m="33387" /><G92/><T34/><D34/><U100/><AGARI ba="0,0" hai="8,10,43,46,51,94,98,100" m="10761,39263" machi="100" ten="30,6000,0" yaku="8,1,52,2" doraHai="5" who="1" fromWho="1" sc="190,-20,220,60,220,-20,370,-20" /><INIT seed="1,1,0,4,0,24" ten="170,280,200,350" oya="1" hai0="117,45,87,133,29,127,70,31,69,130,25,49,3" hai1="4,51,119,40,105,17,71,48,104,2,22,106,65" hai2="83,108,23,86,64,97,102,68,7,46,35,121,32" hai3="98,19,15,37,18,94,100,20,55,76,21,82,101"/><U128/><E119/><V84/><F121/><W6/><G37/><T36/><D117/><U91/><E128/><V8/><F108/><W77/><G6/><T28/><D36/><U72/><E72/><V57/><F68/><W123/><G123/><T54/><D130/><U114/><E114/><V103/><F103/><W26/><G101/><T60/><D3/><U43/><E71/><V44/><F23/><W122/><G122/><T120/><D120/><U42/><E65/><V74/><F74/><W112/><G112/><T61/><D127/><U132/><E132/><V96/><F96/><W126/><G126/><T79/><D133/><U78/><E78/><V81/><F57/><W109/><G109/><T53/><D70/><U134/><E134/><V5/><F64/><W129/><G129/><T58/><D69/><U12/><E91/><V93/><F32/><W73/><G73/><T30/><N who="0" m="7168" /><DORA hai="99" /><T50/><D25/><U125/><E125/><V124/><F124/><W52/><G26/><T75/><D75/><U39/><E39/><V85/><F35/><W16/><G20/><T11/><D11/><U38/><E38/><V95/><F95/><W0/><G21/><T67/><D67/><U113/><E113/><V107/><F107/><W10/><G0/><T41/><D53/><U47/><E2/><V90/><F8/><W59/><G55/><T14/><D14/><U56/><E4/><N who="2" m="1611" /><F83/><AGARI ba="1,0" hai="41,45,49,50,54,58,60,61,79,83,87" m="7168" machi="83" ten="50,8000,1" yaku="8,1,52,4" doraHai="24,99" who="0" fromWho="2" sc="170,83,280,0,200,-83,350,0" /><INIT seed="2,0,0,4,3,92" ten="253,280,117,350" oya="2" hai0="9,49,10,48,105,75,98,123,107,36,120,0,103" hai1="99,28,134,60,73,67,63,44,55,66,47,129,14" hai2="41,87,58,131,128,77,85,37,51,100,74,70,89" hai3="78,62,4,65,115,52,88,54,106,45,109,38,2"/><V30/><F70/><W108/><G106/><T68/><D75/><U59/><E73/><V90/><F37/><W39/><G115/><T64/><D36/><N who="3" m="13865" /><G78/><T102/><D68/><U3/><E3/><V93/><F100/><W72/><G72/><T84/><D0/><U31/><E134/><V57/><F74/><W113/><G113/><T24/><D24/><U34/><E129/><N who="2" m="49739" /><F77/><W119/><G119/><T91/><D64/><U112/><E112/><V110/><F30/><W61/><G88/><N who="2" m="33897" /><F110/><N who="3" m="42603" /><G45/><T1/><D1/><U25/><E28/><V81/><F93/><W21/><G21/><T104/><D104/><U32/><E32/><V19/><F19/><W111/><G111/><T42/><D91/><U76/><E76/><N who="2" m="46247" /><F87/><W82/><G82/><T7/><D84/><U16/><E16/><V97/><F97/><W50/><G50/><T23/><D98/><U86/><E99/><V69/><F69/><N who="3" m="42159" /><G62/><T96/><D96/><U79/><E86/><V15/><F15/><W6/><G2/><T12/><D12/><U80/><E14/><V56/><F41/><W35/><G35/><T20/><D42/><U94/><E79/><V8/><F8/><W71/><G71/><T53/><D7/><AGARI ba="0,0" hai="4,6,7,52,54" m="42159,42603,13865" machi="7" ten="30,2000,0" yaku="14,1,54,1" doraHai="92" who="3" fromWho="0" sc="253,-20,280,0,117,0,350,20" /><INIT seed="3,0,0,2,2,55" ten="233,280,117,370" oya="3" hai0="9,5,75,4,125,88,37,79,80,127,7,57,93" hai1="3,107,49,86,59,33,114,16,94,21,11,13,48" hai2="27,18,47,102,89,22,78,106,87,115,41,73,124" hai3="113,35,45,30,1,61,17,2,14,100,39,72,119"/><W70/><G119/><T62/><D37/><U8/><E107/><V131/><F115/><W53/><G113/><T74/><D9/><U95/><E114/><V117/><F131/><W51/><G72/><T71/><D71/><U44/><E33/><V36/><F117/><W54/><G100/><T122/><D75/><U82/><E3/><V43/><F124/><N who="0" m="47690" /><D122/><U84/><E84/><V19/><F41/><W98/><G98/><N who="0" m="57639" /><D5/><U32/><E32/><V40/><F40/><W134/><G39/><T20/><D20/><U31/><E8/><V50/><F36/><W109/><G70/><T46/><D46/><U105/><E105/><V118/><F118/><W52/><G45/><T110/><D110/><U133/><E133/><V10/><F73/><W63/><G134/><T67/><AGARI ba="0,0" hai="4,7,57,62,67,74,79,80" m="57639,47690" machi="67" ten="30,4000,0" yaku="18,1,52,1,54,1" doraHai="55" who="0" fromWho="0" sc="233,40,280,-10,117,-10,370,-20" owari="273,7.3,270,-13.0,107,-39.3,350,45.0" /></mjloggm>