<mjloggm ver="2.3"><GO type="225" lobby="0"/><UN n0="%6D%75%75%6D%75%72%61" n1="%E3%81%99%E3%81%84%E3%81%BE%E3%81%9B%E3%83%BC%E3%82%93" n2="%E3%81%95%E3%81%8D%E3%81%9F%E3%81%BE%E6%9E%97%E6%AA%8E" n3="%E3%81%86%E3%82%8B%E3%81%8A%E3%81%A1%E3%82%83" dan="16,16,16,16" rate="2163.83,2155.56,2124.80,2106.98" sx="F,M,M,F"/><TAIKYOKU oya="0"/><INIT seed="0,0,0,2,2,109" ten="250,250,250,250" oya="0" hai0="29,94,66,57,123,135,68,99,39,24,54,5,11" hai1="59,127,132,12,37,15,23,52,106,7,21,25,17" hai2="79,88,117,97,48,131,75,104,9,76,10,115,49" hai3="35,107,77,50,43,51,122,58,3,124,0,95,27"/><T42/><D123/><U67/><E127/><V92/><F115/><W128/><G107/><T65/><D135/><U111/><E132/><V46/><F131/><W85/><G122/><T83/><D68/><U91/><E37/><V62/><F117/><W129/><G124/><T18/><D18/><U28/><E106/><V89/><F104/><W110/><G110/><T13/><D83/><U6/><E67/><V19/><F75/><W118/><G118/><T34/><D42/><U31/><E111/><V134/><F62/><W103/><G50/><T32/><D32/><U90/><E31/><V93/><F134/><W55/><G43/><T119/><D39/><U87/><E15/><V60/><F60/><W14/><G14/><T26/><D26/><U133/><E133/><V44/><F19/><W126/><G126/><T8/><D8/><U20/><E20/><V84/><F84/><W116/><G116/><T113/><D113/><U56/><E56/><V102/><F102/><W114/><G114/><T61/><REACH who="0" step="1"/><D119/><REACH who="0" ten="240,250,250,250" step="2"/><U41/><E41/><V80/><F80/><N who="3" m="47247" /><G35/><T86/><D86/><U105/><E87/><V96/><AGARI ba="0,1" hai="9,10,44,46,48,49,76,79,88,89,92,93,96,97" machi="96" ten="25,8000,1" yaku="0,1,22,2,8,1,54,1" doraHai="109" who="2" fromWho="2" sc="240,-40,250,-20,250,90,250,-20" /><INIT seed="1,0,0,2,4,87" ten="200,230,340,230" oya="1" hai0="40,36,59,38,86,96,54,50,85,18,101,26,4" hai1="126,116,105,16,119,41,60,12,112,98,23,28,97" hai2="69,75,68,120,95,46,84,3,94,131,61,79,103" hai3="91,0,93,77,6,122,102,130,80,1,56,118,45"/><U25/><E112/><V9/><F120/><W47/><G122/><T7/><D38/><U104/><E126/><V51/><F75/><W106/><G130/><T128/><D128/><U107/><E41/><V37/><F37/><W78/><G118/><T92/><D36/><U127/><E127/><V66/><F131/><W5/><G56/><T8/><D40/><U22/><REACH who="1" step="1"/><E60/><REACH who="1" ten="200,220,340,230" step="2"/><V27/><F61/><W81/><G47/><T90/><D50/><U42/><E42/><V82/><F51/><W132/><G45/><T34/><D54/><U76/><E76/><V29/><F79/><W30/><G78/><T135/><D135/><U32/><E32/><V2/><F46/><W123/><G77/><T121/><D121/><U89/><E89/><V53/><F53/><W35/><G91/><T65/><D34/><U99/><AGARI ba="0,1" hai="12,16,22,23,25,28,97,98,99,104,105,107,116,119" machi="99" ten="40,12000,1" yaku="1,1,0,1,54,1,53,2" doraHai="87" doraHaiUra="114" who="1" fromWho="1" sc="200,-40,220,130,340,-40,230,-40" /><INIT seed="1,1,0,2,0,97" ten="160,350,300,190" oya="1" hai0="66,61,85,123,131,53,84,130,13,72,4,48,110" hai1="82,19,0,132,70,45,34,121,9,105,126,8,111" hai2="26,36,74,92,107,127,25,52,62,47,135,117,3" hai3="73,55,88,89,43,40,101,15,103,35,57,124,12"/><U1/><E105/><V29/><F117/><W27/><G73/><T134/><D72/><U7/><E70/><V93/><F74/><W113/><G113/><T96/><D110/><U133/><E121/><V22/><F107/><W115/><G124/><T125/><D125/><U76/><E126/><V114/><F127/><W6/><G35/><T49/><D123/><U42/><E34/><V64/><F135/><W79/><G79/><T44/><D134/><U31/><E31/><V39/><F3/><W54/><G27/><T11/><D49/><U90/><E90/><N who="3" m="34922" /><G115/><T83/><D96/><U106/><E106/><V69/><F114/><W122/><G122/><T95/><D95/><U28/><E28/><V118/><F118/><W78/><G78/><T50/><D50/><U91/><E91/><V119/><F119/><W32/><G32/><T77/><REACH who="0" step="1"/><D84/><REACH who="0" ten="150,350,300,190" step="2"/><U18/><E111/><V60/><F93/><W112/><G112/><T21/><D21/><U81/><E133/><V38/><F22/><W14/><G6/><T116/><D116/><U86/><E132/><V94/><F94/><W33/><G33/><T59/><AGARI ba="1,1" hai="4,11,13,44,48,53,59,61,66,77,83,85,130,131" machi="59" ten="30,2000,0" yaku="1,1,0,1,53,0" doraHai="97" doraHaiUra="108" who="0" fromWho="0" sc="150,33,350,-11,300,-6,190,-6" /><INIT seed="2,0,0,1,2,127" ten="183,339,294,184" oya="2" hai0="72,0,92,111,107,51,61,103,59,93,42,54,1" hai1="84,66,63,108,76,27,28,37,23,32,67,44,8" hai2="95,122,86,20,128,121,116,130,38,110,132,18,101" hai3="77,69,53,112,80,90,29,12,17,85,50,120,83"/><V25/><F38/><W113/><G69/><T94/><D111/><U123/><E108/><V129/><F116/><W68/><G68/><T105/><D72/><U4/><E123/><V15/><F110/><W87/><G29/><T124/><D124/><U11/><E32/><V98/><F132/><W52/><G120/><T13/><D13/><U22/><E22/><N who="2" m="11615" /><F86/><W21/><REACH who="3" step="1"/><G50/><REACH who="3" ten="183,339,294,174" step="2"/><T55/><D42/><U14/><E28/><AGARI ba="0,1" hai="20,25,28,95,98,101,121,122,128,129,130" m="11615" machi="28" ten="30,11600,0" yaku="19,1,52,3" doraHai="127" who="2" fromWho="1" sc="183,0,339,-116,294,126,174,0" /><INIT seed="2,1,0,3,3,108" ten="183,223,420,174" oya="2" hai0="69,38,49,115,37,8,87,104,118,72,7,18,48" hai1="20,53,133,131,45,129,66,84,27,36,106,0,16" hai2="13,11,19,24,103,17,123,130,43,50,42,107,56" hai3="110,112,127,94,35,71,96,4,21,51,15,121,82"/><V29/><F123/><W102/><G35/><T46/><D87/><U2/><E133/><V47/><F130/><N who="1" m="49673" /><E106/><V1/><F1/><W125/><G71/><T113/><D72/><U6/><E66/><V98/><F56/><W99/><G121/><T55/><D69/><U33/><E6/><V135/><F135/><W22/><G110/><T74/><D74/><U39/><E33/><V88/><F19/><W90/><G112/><T83/><D104/><U41/><E53/><V40/><REACH who="2" step="1"/><F88/><REACH who="2" ten="183,223,410,174" step="2"/><W119/><G90/><T32/><D18/><U86/><E0/><V122/><F122/><W80/><G4/><T14/><D7/><U44/><E2/><V26/><F26/><W97/><G80/><T65/><D83/><U76/><E76/><V109/><F109/><W52/><G82/><T12/><D115/><U93/><E16/><V30/><F30/><W61/><G97/><T73/><D113/><U75/><E27/><V120/><F120/><W64/><G99/><T81/><D81/><U91/><E91/><V101/><F101/><W5/><G5/><T100/><D100/><U116/><E45/><V10/><F10/><W57/><G102/><T105/><D46/><U28/><E44/><V95/><F95/><W124/><G94/><T114/><D8/><U34/><E28/><V78/><F78/><W134/><G96/><T79/><D79/><U58/><E93/><V89/><F89/><W128/><G134/><T31/><D114/><U25/><E25/><V23/><AGARI ba="1,1" hai="11,13,17,23,24,29,40,42,43,47,50,98,103,107" machi="23" ten="20,3900,0" yaku="1,1,0,1,7,1,53,0" doraHai="108" doraHaiUra="63" who="2" fromWho="2" sc="183,-14,223,-14,410,52,174,-14" /><INIT seed="2,2,0,4,3,3" ten="169,209,462,160" oya="2" hai0="115,122,4,43,53,75,78,117,111,24,135,104,9" hai1="52,26,70,103,1,94,2,97,116,118,41,92,0" hai2="91,55,85,73,61,69,128,60,102,35,16,51,108" hai3="12,130,31,33,32,109,39,18,90,99,80,98,84"/><V37/><F128/><W21/><G130/><T107/><D115/><U28/><E70/><V6/><F73/><W8/><G109/><T126/><D122/><U89/><E41/><V113/><F37/><W105/><G39/><T19/><D111/><U71/><E71/><V119/><F108/><W86/><G33/><T133/><D126/><U46/><E46/><V120/><F120/><W72/><G72/><T50/><D43/><U63/><E52/><V10/><F113/><W125/><G105/><T34/><D117/><U57/><E57/><V65/><F119/><W87/><G32/><T25/><D78/><U54/><E54/><V11/><F102/><W67/><G67/><T47/><D75/><U81/><E81/><V49/><F35/><W38/><G38/><T96/><D19/><U13/><E63/><V88/><F60/><W114/><G125/><T36/><D36/><U76/><E76/><V5/><F51/><W121/><G121/><T40/><D40/><U58/><E58/><V44/><F91/><W68/><G68/><T95/><D34/><U82/><E82/><N who="2" m="49207" /><F11/><W22/><G114/><T106/><D133/><U127/><E127/><V83/><F83/><W20/><G31/><T110/><D110/><U23/><E118/><V132/><F132/><W93/><REACH who="3" step="1"/><G98/><REACH who="3" ten="169,209,462,150" step="2"/><T64/><D64/><U124/><E124/><V123/><F123/><W101/><AGARI ba="2,1" hai="8,12,18,20,21,22,80,84,86,87,90,93,99,101" machi="101" ten="30,7900,0" yaku="1,1,2,1,0,1,8,1,53,0" doraHai="3" doraHaiUra="131" who="3" fromWho="3" sc="169,-22,209,-22,462,-41,150,95" /><INIT seed="3,0,0,2,2,4" ten="147,187,421,245" oya="3" hai0="127,47,114,123,85,24,43,69,75,130,112,83,41" hai1="78,72,98,131,31,48,61,26,118,116,105,33,29" hai2="110,63,13,46,106,9,117,97,88,6,92,40,66" hai3="122,56,0,1,102,134,77,59,76,2,51,35,126"/><W119/><G119/><N who="1" m="45610" /><E131/><V5/><F110/><W87/><G122/><T99/><D123/><U82/><E31/><V135/><F117/><W57/><G35/><T39/><D130/><U96/><E105/><V101/><F135/><W121/><G121/><T38/><D127/><U93/><E48/><V22/><F22/><W120/><G120/><T21/><D75/><U54/><E93/><V129/><F129/><W23/><G134/><T3/><D69/><U107/><E107/><V53/><F53/><W27/><G126/><T108/><D108/><U37/><E37/><V67/><F6/><W42/><G102/><T12/><D3/><U111/><E111/><V133/><F133/><W20/><G87/><T74/><D74/><U115/><E115/><V68/><F67/><W7/><G7/><T124/><D124/><U18/><E18/><V19/><F5/><W55/><G42/><T80/><D99/><U60/><E54/><V49/><F106/><W36/><G36/><T95/><D95/><U15/><E15/><V113/><F113/><W71/><G71/><T103/><D103/><U44/><E44/><V89/><AGARI ba="0,0" hai="9,13,19,40,46,49,63,66,68,88,89,92,97,101" machi="89" ten="30,4000,0" yaku="0,1,52,1,54,1" doraHai="4" who="2" fromWho="2" sc="147,-10,187,-10,421,40,245,-20" owari="137,-36.3,177,-22.3,461,56.1,225,2.5" /></mjloggm>