<mjloggm ver="2.3"><GO type="225" lobby="0"/><UN n0="%E3%82%BC%E3%83%AB%E3%83%80%E3%81%AE%E4%BC%9D%E8%AA%AC" n1="%E6%A0%B9%E5%85%83%E3%81%8B%E3%82%89%E5%90%B9%E3%81%A3%E9%A3%9B%E3%81%B6" n2="%E3%81%BD%E3%82%8D" n3="%72%69%6F%75%63%68%61%6E" dan="18,17,16,17" rate="2230.84,2162.53,2102.47,2289.97" sx="M,F,M,M"/><TAIKYOKU oya="0"/><INIT seed="0,0,0,3,0,77" ten="250,250,250,250" oya="0" hai0="21,124,112,8,19,133,101,24,107,97,59,125,11" hai1="1,130,115,64,26,72,58,38,132,41,109,126,82" hai2="34,53,44,80,43,105,14,73,9,36,76,45,86" hai3="46,54,35,65,29,120,28,123,89,22,61,56,110"/><T131/><D112/><U49/><E26/><V92/><F105/><W62/><G110/><T104/><D104/><U42/><E82/><V78/><F34/><W90/><G35/><T68/><D68/><U113/><E72/><V2/><F92/><W40/><G89/><T3/><D133/><U33/><E33/><V15/><F78/><W75/><G75/><T55/><D131/><U70/><E1/><V98/><F98/><W99/><G22/><T118/><D118/><U116/><E116/><V135/><F135/><W47/><G47/><T95/><D107/><U69/><E109/><V6/><F86/><W51/><G90/><T39/><D39/><U32/><E32/><V128/><F128/><W10/><G99/><T60/><REACH who="0" step="1"/><D3/><REACH who="0" ten="240,250,250,250" step="2"/><U122/><E38/><V106/><F106/><W50/><G123/><T85/><D85/><U117/><E122/><V79/><F76/><W57/><G120/><T18/><D18/><U17/><E117/><V103/><F103/><W0/><REACH who="3" step="1"/><G51/><AGARI ba="0,1" hai="2,6,9,14,15,36,43,44,45,51,53,73,79,80" machi="51" ten="40,5200,0" yaku="25,2,52,1" doraHai="77" who="2" fromWho="3" sc="240,0,250,0,250,62,250,-52" /><INIT seed="1,0,0,0,3,105" ten="240,250,312,198" oya="1" hai0="88,21,77,35,61,112,13,78,114,121,102,124,54" hai1="28,66,134,16,43,133,109,89,59,15,31,108,49" hai2="55,70,111,74,58,44,122,93,18,57,48,83,12" hai3="101,116,34,46,1,75,40,17,127,68,5,130,23"/><U39/><E39/><V106/><F122/><W22/><G34/><T36/><D35/><U24/><E66/><V27/><F106/><W52/><G68/><T135/><D36/><U85/><E43/><V41/><F70/><W92/><G127/><T10/><D102/><U25/><E49/><V47/><F111/><N who="1" m="42569" /><E59/><V110/><F110/><W76/><G130/><T20/><D124/><U118/><E118/><V119/><F93/><W14/><G116/><T80/><D121/><U128/><E128/><V131/><F131/><W33/><G33/><T37/><D37/><U60/><E60/><V81/><F119/><W107/><G107/><T53/><D114/><U120/><E120/><V129/><F27/><N who="1" m="10313" /><E85/><V3/><F3/><W99/><G52/><T73/><D61/><U87/><E87/><V69/><F69/><W72/><G23/><T51/><D54/><U97/><E97/><V62/><F129/><W117/><G117/><T126/><D53/><U32/><E32/><V6/><F57/><W84/><G84/><T64/><D64/><U82/><E82/><V4/><F83/><W94/><G92/><T95/><D95/><U29/><E89/><V56/><F58/><W9/><G76/><T132/><D78/><U98/><E98/><V91/><F91/><W103/><G103/><T0/><D88/><U63/><E63/><V26/><F47/><W115/><G115/><T90/><D90/><U30/><N who="1" m="7168" /><DORA hai="42" /><U67/><E67/><V7/><F81/><W86/><G86/><T79/><D112/><U113/><E113/><V96/><F96/><W45/><G45/><RYUUKYOKU ba="0,0" sc="240,-15,250,15,312,-15,198,15" hai1="15,16,133,134" hai3="1,5,9,14,17,22,40,46,72,75,94,99,101" /><INIT seed="1,1,0,2,4,82" ten="225,265,297,213" oya="1" hai0="53,7,43,75,116,54,81,125,93,105,50,18,23" hai1="128,135,21,122,67,4,20,34,51,121,63,76,8" hai2="12,2,114,33,3,10,96,30,71,29,118,98,120" hai3="57,1,130,14,73,15,88,13,111,83,74,47,106"/><U17/><E34/><V60/><F118/><W56/><G1/><T103/><D116/><U90/><E128/><V55/><F120/><W49/><G106/><T99/><D125/><U112/><E112/><V104/><F114/><W102/><G102/><T134/><D134/><U115/><E115/><V27/><F30/><W124/><G130/><T68/><D68/><U89/><E135/><V39/><F39/><W129/><G129/><T126/><D126/><U35/><E76/><V79/><F79/><W26/><G124/><T92/><D7/><U9/><E35/><V109/><F109/><W86/><G111/><T91/><D43/><U58/><E51/><V59/><F71/><W85/><G26/><T133/><D133/><U37/><E37/><V72/><F72/><W32/><G32/><T131/><D131/><U48/><E48/><V95/><F104/><W66/><G66/><T108/><D108/><U94/><E20/><V61/><F60/><W36/><G36/><T24/><D54/><U44/><E44/><V64/><F55/><N who="3" m="30143" /><G73/><T46/><REACH who="0" step="1"/><D75/><REACH who="0" ten="215,265,297,213" step="2"/><U6/><E122/><V45/><F64/><W41/><G74/><T28/><D28/><U107/><E121/><V11/><F29/><W5/><G41/><T38/><D38/><U132/><E4/><V113/><F113/><W25/><G5/><T87/><AGARI ba="1,1" hai="18,23,24,46,50,53,81,87,91,92,93,99,103,105" machi="87" ten="30,4000,0" yaku="1,1,0,1,52,1,53,0" doraHai="82" doraHaiUra="70" who="0" fromWho="0" sc="215,53,265,-21,297,-11,213,-11" /><INIT seed="2,0,0,3,4,109" ten="268,244,286,202" oya="2" hai0="112,125,128,11,116,74,9,114,91,103,81,73,97" hai1="120,71,12,4,127,29,100,67,24,57,5,27,119" hai2="38,14,0,80,39,23,1,10,60,117,49,16,107" hai3="58,111,129,85,126,101,131,2,90,37,94,8,48"/><V86/><F107/><W63/><G37/><T31/><D31/><U18/><E119/><V30/><F117/><W106/><G111/><T132/><D116/><U55/><E120/><V121/><F121/><W28/><G126/><T82/><D11/><U76/><E76/><V130/><F130/><W34/><G48/><T75/><D9/><U64/><E100/><V61/><F49/><W134/><G134/><T46/><D46/><U51/><E127/><V59/><F61/><W42/><G42/><T118/><D118/><U108/><E71/><V110/><F110/><W56/><G34/><T95/><D125/><U43/><E43/><V93/><F93/><W87/><G28/><T115/><D128/><N who="3" m="49225" /><G85/><N who="0" m="52719" /><D132/><U45/><E108/><V88/><F0/><W105/><G101/><T22/><D22/><N who="1" m="11591" /><E29/><V32/><F32/><W41/><G41/><T96/><D96/><U92/><E92/><AGARI ba="0,0" hai="73,74,75,81,82,92,97,103,112,114,115" m="52719" machi="92" ten="40,8000,1" yaku="34,2,52,3" doraHai="109" who="0" fromWho="1" sc="268,80,244,-80,286,0,202,0" /><INIT seed="3,0,0,0,3,94" ten="348,164,286,202" oya="3" hai0="14,119,104,36,80,28,91,133,37,113,42,48,110" hai1="102,13,53,16,127,2,29,93,89,24,120,8,12" hai2="11,61,41,51,132,56,98,71,43,40,64,0,9" hai3="90,35,72,117,69,34,135,122,22,7,77,70,32"/><W20/><G117/><T5/><D104/><U97/><E120/><V18/><F132/><W75/><G122/><T121/><D121/><U76/><E127/><V92/><F0/><W58/><G7/><T45/><D119/><U52/><E76/><V79/><F79/><W33/><G77/><T87/><D133/><U134/><E2/><V4/><F4/><W57/><G135/><T131/><D110/><U115/><E115/><V54/><REACH who="2" step="1"/><F18/><REACH who="2" ten="348,164,276,202" step="2"/><W31/><G31/><T65/><D28/><U96/><E134/><V30/><F30/><W125/><G125/><T109/><D109/><U83/><E13/><V49/><F49/><W44/><G75/><T82/><D14/><U85/><E97/><V129/><F129/><W128/><G72/><T1/><D48/><U50/><E50/><V112/><F112/><W3/><G128/><T60/><D5/><U21/><AGARI ba="0,1" hai="8,12,16,21,24,29,52,53,83,85,89,93,96,102" machi="21" ten="20,12000,2" yaku="0,1,7,1,8,1,52,1,54,2" doraHai="94" who="1" fromWho="1" sc="348,-30,164,130,276,-30,202,-60" owari="318,41.8,294,9.4,246,-15.4,142,-35.8" /></mjloggm>