<mjloggm ver="2.3"><GO type="225" lobby="0"/><UN n0="%E7%89%B9%E6%9D%B1%E3%81%AF%E4%B8%96%E7%95%8C%E3%82%92%E6%95%91%E3%81%86" n1="%4B%2E%32%2E%4B%2E" n2="%77%72%77%72%77%72%77%72" n3="%33%74%72%65%65" dan="16,16,17,16" rate="2038.89,2124.67,2156.96,2180.88" sx="M,M,M,F"/><TAIKYOKU oya="0"/><INIT seed="0,0,0,5,5,59" ten="250,250,250,250" oya="0" hai0="91,52,87,48,128,102,126,46,3,132,109,65,117" hai1="33,20,38,57,10,116,36,24,105,6,43,23,112" hai2="90,15,53,58,60,61,11,76,17,50,111,9,77" hai3="62,106,12,22,82,78,127,73,114,129,89,14,101"/><T25/><D117/><U104/><E116/><V35/><F111/><W54/><G114/><T130/><D3/><U100/><E112/><V63/><F35/><W51/><G127/><T16/><D126/><U49/><E33/><V44/><F90/><W41/><G129/><N who="0" m="49771" /><D109/><U80/><E80/><V56/><F9/><W18/><G41/><T28/><D102/><U70/><E70/><V98/><F98/><W42/><G42/><T32/><D132/><U118/><E23/><V39/><F39/><W21/><G89/><T5/><D5/><U120/><E120/><V86/><F86/><W74/><G74/><T34/><D34/><U84/><E84/><V97/><F97/><W123/><G123/><T71/><D16/><U134/><E134/><V110/><F110/><W8/><G14/><T108/><D108/><U4/><E4/><V75/><F75/><W68/><G101/><T2/><D2/><U66/><E100/><V99/><F99/><W31/><G31/><T107/><D107/><U94/><E105/><V30/><F30/><W131/><G106/><T64/><D71/><U122/><E104/><V19/><F17/><W96/><G131/><T135/><D135/><U88/><E122/><V67/><F67/><W83/><G96/><T115/><D115/><U26/><E118/><V1/><F1/><W29/><G29/><T119/><D119/><U81/><E66/><V47/><F44/><N who="3" m="28007" /><G68/><T125/><D125/><U92/><E6/><V45/><F47/><W55/><G18/><T0/><D0/><U7/><E7/><V69/><F69/><W95/><G12/><RYUUKYOKU ba="0,0" sc="250,15,250,-15,250,15,250,-15" hai0="25,28,32,46,48,52,64,65,87,91" hai2="11,15,19,45,50,53,56,58,60,61,63,76,77" /><INIT seed="0,1,0,3,5,101" ten="265,235,265,235" oya="0" hai0="17,123,68,9,18,7,40,100,69,122,130,97,113" hai1="36,64,53,50,21,70,128,49,124,71,131,106,79" hai2="48,103,126,8,83,127,125,34,27,78,15,62,86" hai3="116,118,30,114,110,82,104,14,19,20,105,108,88"/><T57/><D113/><U134/><E79/><V120/><F120/><W72/><G114/><T31/><D130/><N who="1" m="49707" /><E21/><V1/><F1/><W51/><G30/><T74/><D74/><U22/><E22/><V65/><F48/><N who="1" m="18537" /><E106/><N who="3" m="41066" /><G51/><T52/><D31/><U102/><E102/><V132/><F132/><W12/><G12/><T112/><D112/><U76/><E76/><V6/><F103/><W11/><G20/><T117/><D123/><U32/><E32/><V91/><F27/><W59/><G59/><T98/><D122/><U63/><E134/><V46/><F46/><W3/><G3/><T44/><D98/><U55/><E124/><V94/><F34/><W16/><G19/><T26/><D26/><U28/><E28/><V66/><REACH who="2" step="1"/><F62/><REACH who="2" ten="265,235,255,235" step="2"/><W4/><G118/><T107/><D117/><U99/><E36/><V41/><F41/><W95/><G116/><T93/><D107/><U25/><E25/><V56/><F56/><W5/><G72/><AGARI ba="1,1" hai="6,8,15,65,66,72,78,83,86,91,94,125,126,127" machi="72" ten="40,5200,0" yaku="1,1,18,1,53,1" doraHai="101" doraHaiUra="80" who="2" fromWho="3" sc="265,0,235,0,255,65,235,-55" /><INIT seed="1,0,0,5,3,33" ten="265,235,320,180" oya="1" hai0="130,63,14,68,22,131,86,1,67,74,25,115,17" hai1="42,61,126,5,16,84,31,121,93,76,21,104,117" hai2="127,28,128,32,52,6,43,92,134,96,118,71,81" hai3="80,88,98,47,3,15,54,58,113,56,44,36,41"/><U34/><E117/><V4/><F118/><W55/><G113/><T105/><D74/><U60/><E121/><V18/><F71/><W102/><G3/><T13/><D115/><U2/><E104/><V120/><F120/><W125/><G125/><T50/><D105/><U116/><E116/><V11/><F127/><W10/><G44/><T8/><D86/><U70/><E126/><V45/><F128/><N who="0" m="49194" /><D50/><U12/><E42/><V109/><F109/><W94/><G56/><T101/><D101/><U9/><E70/><V59/><F134/><W48/><G54/><T100/><D100/><U39/><E39/><V108/><F108/><W24/><G24/><T38/><D38/><U103/><E103/><V40/><F81/><W73/><G73/><T57/><D68/><U49/><E49/><N who="2" m="31119" /><F28/><W69/><G69/><T79/><D79/><U75/><E75/><V99/><F99/><W19/><G80/><T62/><D62/><U29/><E29/><V72/><F32/><W30/><G30/><T23/><D1/><U123/><E123/><V66/><F66/><W114/><G114/><T129/><D129/><U87/><E87/><V124/><F72/><W89/><AGARI ba="0,0" hai="10,15,19,36,41,47,48,55,58,88,89,94,98,102" machi="89" ten="30,2000,0" yaku="0,1,54,1" doraHai="33" who="3" fromWho="3" sc="265,-5,235,-10,320,-5,180,20" /><INIT seed="2,0,0,0,1,28" ten="260,225,315,200" oya="2" hai0="95,117,13,5,104,69,88,16,58,120,39,36,47" hai1="2,67,40,98,79,113,131,57,48,63,26,15,18" hai2="6,125,80,126,68,61,10,97,1,71,115,59,135" hai3="60,133,53,11,32,100,30,33,82,34,73,24,108"/><V35/><F115/><W122/><G122/><T50/><D120/><U37/><E113/><V107/><F135/><W27/><G133/><T85/><D69/><U105/><E2/><V43/><F43/><W22/><G108/><T110/><D110/><U127/><E37/><V54/><F80/><W106/><G11/><T75/><D117/><U92/><E105/><V83/><F83/><W3/><G3/><T94/><D104/><U8/><E127/><N who="2" m="48651" /><F35/><W116/><G116/><T103/><D5/><U76/><E26/><V81/><F81/><W55/><G27/><T78/><D58/><U112/><E131/><V130/><F130/><W21/><G21/><T70/><D70/><U77/><E112/><V46/><F46/><W51/><G60/><T118/><D75/><U9/><E9/><V72/><F72/><W65/><G65/><T19/><D78/><U25/><E25/><V124/><N who="2" m="48659" /><V86/><DORA hai="132" /><F86/><W44/><G82/><T128/><D118/><U109/><E109/><V123/><F123/><W7/><G73/><T64/><D64/><U29/><E79/><V14/><F1/><W84/><G84/><T62/><D128/><U0/><E0/><V74/><F74/><W49/><G44/><T99/><D39/><U38/><E38/><V42/><F42/><W66/><G66/><T4/><D36/><U17/><E77/><V102/><AGARI ba="0,0" hai="6,10,14,54,59,61,68,71,97,102,107" m="48659" machi="102" ten="40,12000,1" yaku="18,1,52,4" doraHai="28,132" who="2" fromWho="2" sc="260,-40,225,-40,315,120,200,-40" /><INIT seed="2,1,0,2,5,67" ten="220,185,435,160" oya="2" hai0="34,105,58,59,74,127,43,61,117,8,124,33,129" hai1="123,63,38,19,18,86,81,134,97,115,30,110,95" hai2="29,42,1,93,55,128,76,108,133,119,62,122,26" hai3="7,84,2,23,40,79,77,103,35,41,10,113,94"/><V56/><F119/><W121/><G121/><T28/><D117/><U50/><E38/><V130/><F122/><W72/><G35/><T9/><D74/><U17/><E123/><V52/><F1/><W91/><G113/><T112/><D105/><U27/><E115/><V78/><F133/><W13/><G103/><T53/><D112/><U3/><E3/><V69/><F42/><W54/><G72/><T111/><D111/><U36/><E36/><V24/><F108/><W85/><G54/><T57/><D43/><U89/><E134/><V102/><F69/><W125/><G125/><N who="0" m="48203" /><D129/><N who="2" m="49770" /><F55/><W48/><G48/><N who="0" m="30887" /><D59/><U101/><E110/><V0/><F0/><W31/><G2/><T25/><D33/><U12/><E50/><V6/><F6/><W90/><G41/><T73/><D73/><U21/><REACH who="1" step="1"/><E63/><REACH who="1" ten="220,175,435,160" step="2"/><V5/><F62/><W87/><G40/><T82/><D82/><U120/><E120/><V15/><F78/><N who="3" m="29707" /><G90/><T44/><D44/><U64/><E64/><AGARI ba="1,1" hai="8,9,25,28,34,58,61,64" m="30887,48203" machi="64" ten="30,1000,0" yaku="18,1" doraHai="67" who="0" fromWho="1" sc="220,23,175,-13,435,0,160,0" /><INIT seed="3,0,0,4,2,83" ten="243,162,435,160" oya="3" hai0="8,84,126,20,116,124,62,16,45,11,17,14,131" hai1="112,90,89,30,29,36,101,103,77,119,105,24,41" hai2="33,79,113,86,61,23,130,121,59,106,129,65,27" hai3="6,48,50,98,9,102,114,99,107,44,42,93,51"/><W75/><G114/><T100/><D116/><U49/><E36/><V72/><F113/><W87/><G75/><T91/><D131/><N who="2" m="50186" /><F121/><W60/><G60/><T125/><D100/><U21/><E112/><V118/><F118/><W67/><G67/><T54/><D17/><U32/><E119/><V68/><F106/><W57/><G57/><N who="0" m="35127" /><D45/><U63/><E101/><V1/><F1/><W133/><G133/><T13/><D13/><U47/><E32/><V64/><F33/><W80/><G99/><T18/><D18/><U5/><E5/><V95/><F72/><W15/><G107/><T69/><D69/><U53/><E103/><V94/><F65/><W12/><G12/><T22/><D22/><U56/><E105/><V96/><F96/><W117/><G117/><T0/><D0/><U34/><E34/><V128/><F68/><W85/><G85/><T135/><D135/><U25/><E21/><V76/><F128/><W28/><G28/><T120/><D120/><U58/><E58/><V35/><F86/><W81/><G81/><AGARI ba="0,0" hai="8,11,14,16,20,81,84,91,124,125,126" m="35127" machi="81" ten="30,3900,0" yaku="18,1,52,1,54,1" doraHai="83" who="0" fromWho="3" sc="243,39,162,0,435,0,160,-39" owari="282,8.2,162,-23.8,435,53.5,121,-37.9" /></mjloggm>