<mjloggm ver="2.3"><GO type="225" lobby="0"/><UN n0="%E6%A1%9C%E8%8A%B1%E9%96%83%E3%80%85" n1="%77%72%77%72%77%72%77%72" n2="%72%61%6B%33" n3="%E3%81%B5%E3%81%98%E3%81%8B%E3%81%A4" dan="16,17,16,16" rate="2094.78,2242.49,2063.51,2209.34" sx="M,M,M,M"/><TAIKYOKU oya="0"/><INIT seed="0,0,0,3,3,120" ten="250,250,250,250" oya="0" hai0="95,81,77,86,31,101,98,53,2,121,113,32,109" hai1="103,52,71,37,10,48,38,45,0,42,1,94,24" hai2="72,16,100,12,17,90,58,126,127,21,128,61,67" hai3="118,39,5,14,110,124,3,18,19,15,97,73,35"/><T60/><D113/><U56/><E10/><V40/><F128/><W114/><G73/><T43/><D121/><U51/><E71/><V28/><F72/><W119/><G39/><T25/><D2/><U62/><E24/><V27/><F100/><W20/><G97/><T87/><D43/><U122/><E122/><V8/><F40/><W115/><G35/><T46/><D87/><U96/><REACH who="1" step="1"/><E51/><REACH who="1" ten="250,240,250,250" step="2"/><V50/><F50/><W6/><G124/><N who="2" m="47657" /><F90/><W4/><G3/><AGARI ba="0,1" hai="0,1,3,37,38,42,45,48,52,56,62,94,96,103" machi="3" ten="40,8000,1" yaku="1,1,54,1,53,2" doraHai="120" doraHaiUra="68" who="1" fromWho="3" sc="250,0,240,90,250,0,250,-80" /><INIT seed="1,0,0,1,3,38" ten="250,330,250,170" oya="1" hai0="59,26,23,113,86,33,107,127,40,13,78,54,85" hai1="21,46,84,130,37,80,4,43,72,67,7,94,89" hai2="28,131,75,106,65,97,73,81,63,1,98,90,39" hai3="47,22,53,12,56,50,34,52,17,122,133,42,60"/><U104/><E130/><V15/><F131/><W92/><G34/><T48/><D113/><U9/><E104/><V41/><F1/><W6/><G133/><T135/><D135/><U105/><E105/><V16/><F28/><W99/><G122/><T76/><D127/><U82/><E67/><V57/><F98/><W111/><G111/><T108/><D107/><U87/><E72/><V10/><F81/><W116/><G116/><T103/><D33/><U77/><E21/><V93/><REACH who="2" step="1"/><F106/><REACH who="2" ten="250,330,240,170" step="2"/><W62/><G6/><T120/><D120/><U102/><E4/><V71/><F71/><W69/><G69/><T61/><D108/><U119/><E82/><V58/><F58/><W11/><G11/><T14/><D86/><U64/><E9/><V125/><F125/><W29/><G29/><N who="0" m="17631" /><D85/><U68/><E84/><V30/><F30/><W19/><G19/><T27/><D76/><U49/><E87/><V51/><F51/><W126/><G126/><T91/><D78/><U5/><E80/><V24/><F24/><W128/><G128/><T0/><D0/><U118/><E77/><V114/><F114/><W66/><REACH who="3" step="1"/><G62/><REACH who="3" ten="250,330,240,160" step="2"/><T117/><D61/><U110/><E68/><V129/><F129/><W101/><AGARI ba="0,2" hai="12,17,22,42,47,50,52,53,56,60,66,92,99,101" machi="101" ten="20,12000,2" yaku="1,1,2,1,0,1,7,1,8,1,52,1,54,1,53,0" doraHai="38" doraHaiUra="31" who="3" fromWho="3" sc="250,-30,330,-60,240,-30,160,140" /><INIT seed="2,0,0,0,2,51" ten="220,270,210,300" oya="2" hai0="17,55,18,38,112,13,32,62,2,97,111,21,115" hai1="56,132,84,107,9,125,88,80,14,36,49,52,74" hai2="131,40,25,135,130,109,37,47,27,15,57,19,118" hai3="53,7,129,85,75,60,113,5,29,76,117,121,63"/><V82/><F118/><W61/><G117/><T120/><D120/><U45/><E132/><V46/><F135/><W3/><G121/><T16/><D38/><U43/><E125/><V65/><F109/><W103/><G75/><T33/><D97/><U78/><E107/><V77/><F47/><W72/><G72/><T28/><D55/><U44/><E44/><V92/><F92/><W20/><G113/><N who="0" m="43595" /><D62/><U34/><E34/><N who="0" m="13417" /><D111/><U100/><E100/><V41/><F41/><W133/><G133/><T128/><D128/><N who="2" m="49194" /><F65/><W10/><G129/><T71/><D71/><U114/><E114/><V50/><F57/><N who="3" m="34863" /><G3/><T22/><D2/><U68/><E68/><V93/><F93/><W79/><G103/><T6/><D6/><U119/><E119/><V122/><F37/><W81/><G79/><T70/><D70/><U11/><E14/><V89/><F89/><W64/><G5/><T58/><D58/><U35/><E35/><V106/><F106/><W48/><G64/><T12/><D28/><U87/><E74/><N who="2" m="43319" /><F122/><W26/><G48/><T23/><AGARI ba="0,0" hai="12,13,16,17,18,21,22,23" m="13417,43595" machi="23" ten="40,8000,1" yaku="28,2,34,2,54,1" doraHai="51" who="0" fromWho="0" sc="220,80,270,-20,210,-40,300,-20" /><INIT seed="3,0,0,1,2,128" ten="300,250,170,280" oya="3" hai0="74,84,59,30,123,112,98,101,12,61,26,40,95" hai1="96,91,29,82,120,9,20,66,14,94,34,63,77" hai2="121,107,111,22,129,67,2,11,92,130,21,3,4" hai3="134,75,37,65,106,23,64,7,69,93,102,83,13"/><W108/><G37/><T73/><D123/><U105/><E120/><V104/><F121/><W97/><G69/><T60/><D112/><U117/><E117/><V50/><F111/><W124/><G124/><T110/><D110/><U43/><E43/><V78/><F2/><W52/><G108/><T42/><D61/><U18/><E105/><N who="2" m="40523" /><F78/><W76/><G134/><T33/><D74/><U46/><E46/><V85/><F67/><W16/><G7/><T114/><D73/><U115/><E115/><V99/><F85/><W0/><G0/><T100/><D114/><U125/><E125/><V113/><F50/><W87/><G52/><T5/><D100/><U1/><E34/><V54/><F54/><W70/><G70/><T24/><D84/><U132/><E1/><V39/><F39/><W103/><G103/><T56/><D56/><U79/><E79/><V89/><F113/><W53/><G53/><N who="0" m="33903" /><D33/><U133/><E29/><V122/><F122/><W28/><G28/><T49/><D49/><U86/><REACH who="1" step="1"/><E20/><REACH who="1" ten="300,240,170,280" step="2"/><V55/><F55/><W127/><G127/><T68/><D30/><U118/><E118/><V6/><F6/><W131/><G131/><N who="2" m="50185" /><F21/><W35/><G35/><T126/><D126/><U62/><E62/><V45/><F22/><W72/><G72/><T36/><D42/><U135/><E135/><V27/><F45/><W32/><G32/><T58/><D40/><U8/><E8/><V25/><AGARI ba="0,1" hai="3,4,11,25,27,89,92,99" m="50185,40523" machi="25" ten="40,1500,0" yaku="19,1" doraHai="128" who="2" fromWho="2" sc="300,-4,240,-4,170,25,280,-7" /><INIT seed="4,0,0,2,3,105" ten="296,236,195,273" oya="0" hai0="89,13,90,75,11,110,10,44,107,31,59,87,127" hai1="98,83,74,115,73,51,67,71,34,15,3,112,91" hai2="93,134,35,52,18,39,66,102,54,4,117,42,41" hai3="48,78,121,114,20,58,28,53,57,82,92,23,68"/><T60/><D75/><U123/><E3/><V69/><F35/><W76/><G68/><T101/><D127/><U55/><E34/><V40/><F4/><W2/><G2/><T111/><D31/><U46/><E123/><V64/><F18/><W9/><G9/><N who="0" m="3083" /><D13/><U56/><E71/><V26/><F26/><W130/><G114/><N who="1" m="43562" /><E15/><V116/><F93/><W77/><G121/><T79/><D44/><U122/><E122/><V124/><F102/><W72/><G130/><T135/><D135/><U128/><E128/><V17/><F17/><W25/><G20/><T38/><D38/><U103/><E91/><V125/><F39/><W81/><G81/><N who="0" m="47551" /><D101/><U104/><E83/><V22/><F22/><W24/><G24/><T50/><D50/><U132/><E132/><V43/><F43/><W36/><G36/><T12/><D107/><U86/><E86/><V14/><F14/><W33/><G33/><T27/><D27/><U6/><E6/><V62/><F134/><W113/><G113/><T96/><D12/><U47/><E104/><V119/><REACH who="2" step="1"/><F66/><REACH who="2" ten="296,236,185,273" step="2"/><W63/><G92/><T109/><D109/><U45/><E67/><AGARI ba="0,1" hai="23,25,28,48,53,57,58,63,67,72,76,77,78,82" machi="67" ten="30,2000,0" yaku="7,1,52,1" doraHai="105" who="3" fromWho="1" sc="296,0,236,-20,185,0,273,30" owari="296,9.6,216,-18.4,185,-31.5,303,40.3" /></mjloggm>