<mjloggm ver="2.3"><GO type="225" lobby="0"/><UN n0="%E3%83%AD%E3%83%83%E3%83%86%E9%9B%80%E7%90%83" n1="%4E%49%4A%49%49%52%4F" n2="%E3%81%9F%E3%81%A3%E3%81%A1%E3%82%87" n3="%73%6C%69%63%6B%33%31%39" dan="17,16,16,16" rate="2129.71,2184.26,2106.59,2196.15" sx="M,M,M,M"/><TAIKYOKU oya="0"/><INIT seed="0,0,0,3,1,87" ten="250,250,250,250" oya="0" hai0="18,83,90,68,12,114,73,93,103,8,31,56,37" hai1="38,22,13,135,20,59,63,53,29,80,121,120,116" hai2="27,1,112,36,81,15,34,76,48,99,96,57,82" hai3="41,131,71,95,19,51,74,14,117,104,133,107,49"/><T44/><D114/><U5/><E38/><V61/><F112/><W69/><G117/><T134/><D68/><U89/><E116/><V0/><F36/><W129/><G74/><T25/><D134/><U130/><E130/><N who="3" m="49674" /><G95/><T111/><D111/><U118/><E135/><V21/><F48/><N who="3" m="18507" /><G41/><T97/><D56/><U106/><E106/><N who="3" m="40490" /><G133/><T16/><D37/><U94/><E118/><V55/><F82/><W98/><G98/><T115/><D115/><U35/><E35/><V43/><F34/><W10/><AGARI ba="0,0" hai="10,14,19,69,71" m="40490,18507,49674" machi="10" ten="40,1500,0" yaku="19,1" doraHai="87" who="3" fromWho="3" sc="250,-7,250,-4,250,-4,250,15" /><INIT seed="1,0,0,3,4,92" ten="243,246,246,265" oya="1" hai0="16,11,110,96,43,90,8,122,97,17,72,109,78" hai1="39,32,84,87,76,98,120,63,67,134,133,129,86" hai2="0,83,117,36,28,10,111,103,102,29,85,79,33" hai3="80,6,22,125,56,135,105,50,130,64,52,60,48"/><U66/><E120/><V127/><F117/><W23/><G105/><T45/><D122/><U59/><E32/><V37/><F111/><N who="0" m="42506" /><D90/><U58/><E39/><V91/><F127/><W19/><G125/><T38/><D8/><U104/><E129/><V68/><F68/><W1/><G130/><T4/><D78/><U15/><E15/><V25/><F28/><W112/><G112/><T51/><D72/><U34/><E34/><V21/><F33/><W7/><G135/><N who="1" m="51722" /><E76/><V2/><F79/><W47/><G1/><N who="0" m="399" /><D38/><U24/><E24/><V14/><F0/><W126/><G126/><T123/><D123/><U5/><E5/><V101/><REACH who="2" step="1"/><F2/><REACH who="2" ten="243,246,236,265" step="2"/><W61/><G80/><T128/><D128/><U106/><E59/><V132/><F132/><W3/><G3/><T12/><D12/><U42/><E42/><V116/><F116/><W94/><G22/><T73/><D73/><U107/><E66/><V40/><F40/><W82/><G82/><T54/><D43/><U131/><E131/><V70/><F70/><W113/><G113/><T119/><D119/><U95/><E107/><V114/><F114/><W65/><G94/><T115/><D115/><U89/><AGARI ba="0,1" hai="58,63,67,84,86,87,89,95,98,104,106" m="51722" machi="89" ten="30,3000,0" yaku="20,1,52,1" doraHai="92" who="1" fromWho="1" sc="243,-10,246,40,236,-10,265,-10" /><INIT seed="1,1,0,5,2,18" ten="233,286,226,255" oya="1" hai0="11,57,112,76,5,1,71,8,66,37,13,52,15" hai1="43,113,68,120,124,91,14,4,96,109,106,108,60" hai2="73,135,77,99,63,115,40,41,101,93,88,133,67" hai3="72,128,89,110,21,53,130,56,100,131,74,119,50"/><U114/><E124/><V116/><F116/><W59/><G119/><T39/><D112/><U69/><E43/><V103/><F115/><N who="1" m="44041" /><E120/><V92/><F77/><W38/><G38/><T83/><D66/><U48/><E48/><V23/><F73/><W104/><G110/><N who="1" m="42602" /><E60/><V94/><F23/><W44/><G89/><T19/><D71/><U118/><E118/><V26/><F26/><W97/><G59/><T102/><D102/><N who="2" m="38922" /><F40/><W121/><G121/><T34/><D34/><U82/><E106/><V81/><F41/><W75/><G56/><T9/><D1/><U42/><E42/><V3/><F3/><W107/><REACH who="3" step="1"/><G21/><REACH who="3" ten="233,286,226,245" step="2"/><T80/><D39/><U54/><E69/><V35/><F35/><W17/><G17/><T33/><D37/><U62/><E68/><V47/><F47/><W6/><G6/><T84/><D33/><U20/><E4/><V45/><F45/><W58/><G58/><T0/><D5/><U105/><E20/><V87/><F63/><W30/><G30/><T2/><D19/><U127/><E62/><V70/><F70/><W10/><G10/><T122/><D9/><U12/><E127/><V79/><F67/><W31/><G31/><T123/><D57/><U85/><E91/><V29/><F29/><W49/><G49/><T36/><D36/><U78/><E54/><V16/><F16/><W98/><G98/><T22/><D22/><U64/><E64/><V32/><F32/><W27/><G27/><T28/><D52/><U134/><E96/><V51/><F51/><W24/><G24/><T129/><D28/><U117/><E117/><RYUUKYOKU ba="1,1" sc="233,-15,286,-15,226,15,245,15" hai2="79,81,87,88,92,93,94,99,133,135" hai3="44,50,53,72,74,75,97,100,104,107,128,130,131" /><INIT seed="2,2,1,5,5,98" ten="218,271,241,260" oya="2" hai0="3,129,99,31,123,86,55,48,81,57,65,126,109" hai1="45,107,133,124,116,34,88,114,56,29,10,44,21" hai2="59,33,91,2,13,84,66,83,95,80,28,75,90" hai3="12,47,51,131,15,76,119,64,105,63,50,85,115"/><V0/><F33/><W70/><G119/><T73/><D123/><U14/><E116/><V78/><F28/><W97/><G131/><T9/><D129/><U125/><E114/><V69/><F69/><W89/><G115/><T71/><D109/><U67/><E107/><V130/><F130/><W4/><G4/><T122/><D126/><N who="1" m="48747" /><E34/><V113/><F113/><W54/><G76/><T101/><D73/><U6/><E133/><V20/><F20/><W121/><G121/><T40/><D122/><U16/><E29/><V68/><F68/><W26/><G26/><T117/><D31/><U27/><E67/><V106/><F106/><W74/><G74/><T118/><D40/><U100/><E100/><V36/><F36/><W52/><G97/><T120/><D120/><U17/><E56/><V108/><F108/><W103/><G103/><T112/><D112/><U24/><E88/><V5/><F59/><W96/><G96/><T72/><D65/><U32/><E32/><V25/><F66/><W93/><REACH who="3" step="1"/><G105/><REACH who="3" ten="218,271,241,250" step="2"/><N who="0" m="63679" /><D118/><U41/><E24/><V82/><F25/><W134/><G134/><T38/><D117/><U18/><E6/><V92/><F0/><W135/><G135/><T53/><D72/><U19/><E44/><AGARI ba="2,2" hai="12,15,44,47,50,51,52,54,63,64,70,85,89,93" machi="44" ten="30,8000,1" yaku="1,1,7,1,9,1,54,1,53,1" doraHai="98" doraHaiUra="60" who="3" fromWho="1" sc="218,0,271,-86,241,0,250,106" /><INIT seed="3,0,0,4,4,99" ten="218,185,241,356" oya="3" hai0="62,91,95,24,52,73,55,72,15,25,127,97,86" hai1="19,80,48,16,17,122,42,111,12,37,116,9,5" hai2="126,98,76,35,108,129,96,109,40,34,65,44,84" hai3="14,28,63,105,13,92,64,26,2,119,104,59,83"/><W57/><G2/><T131/><D127/><U135/><E122/><V61/><F126/><W100/><G119/><T20/><D131/><U32/><E116/><V121/><F129/><W45/><G45/><T47/><D73/><U113/><E113/><V70/><F121/><W94/><G83/><N who="0" m="49631" /><D72/><U7/><E37/><N who="2" m="21519" /><F84/><W39/><G39/><T68/><D68/><U115/><E115/><V38/><F76/><W85/><G59/><N who="0" m="35175" /><D55/><U51/><E111/><N who="2" m="42571" /><F38/><W4/><G94/><T132/><D47/><U118/><E118/><V18/><F18/><W110/><G110/><T0/><D0/><U130/><E135/><V11/><F11/><N who="3" m="4327" /><G85/><T58/><D58/><U107/><E107/><V27/><F34/><W1/><G14/><T134/><D134/><U33/><E130/><V8/><F8/><W46/><G46/><T102/><D132/><U53/><E42/><V36/><F36/><W74/><G74/><T125/><D125/><U29/><E7/><V123/><F123/><W23/><G1/><T93/><D93/><U69/><E69/><V117/><F117/><W79/><G79/><T75/><D75/><U50/><E80/><V101/><F70/><W6/><G104/><T82/><D82/><U71/><E71/><V56/><F56/><W106/><G105/><T90/><D90/><U31/><REACH who="1" step="1"/><E53/><REACH who="1" ten="218,175,241,356" step="2"/><V128/><F128/><W49/><G106/><T81/><D81/><U77/><E77/><V30/><F65/><W89/><G6/><T124/><D124/><U60/><E60/><V88/><F61/><W133/><G133/><T87/><D87/><U41/><E41/><RYUUKYOKU ba="0,1" sc="218,15,175,15,241,-15,356,-15" hai0="15,20,24,25,95,97,102" hai1="5,9,12,16,17,19,29,31,32,33,48,50,51" owari="233,3.3,190,-31.0,226,-17.4,351,45.1" /></mjloggm>