<mjloggm ver="2.3"><GO type="225" lobby="0"/><UN n0="%E6%81%A5%E6%99%92%E3%81%97" n1="%E3%82%A2%E3%83%A1%E3%82%A2%E3%83%A9%E3%83%AC" n2="%E3%81%A4%E3%81%A3%E3%81%B1%E3%82%8A%E3%83%9D%E3%83%BC%E3%83%AB" n3="%E3%83%8F%E3%82%AC%E3%82%BF%E3%82%AB%E3%81%AE%E3%81%88%E3%81%98%E3%81%8D" dan="16,16,17,17" rate="2104.26,2136.12,2212.56,2169.10" sx="M,M,M,M"/><TAIKYOKU oya="0"/><INIT seed="0,0,0,5,3,36" ten="250,250,250,250" oya="0" hai0="119,87,123,44,23,27,7,59,127,68,55,78,19" hai1="42,120,74,96,121,64,18,24,25,22,117,43,130" hai2="77,60,45,116,26,39,93,1,32,109,98,92,82" hai3="17,67,103,81,129,63,99,69,46,75,4,34,8"/><T5/><D119/><U9/><E117/><V97/><F116/><W90/><G129/><T35/><D123/><U100/><E74/><V16/><F1/><W89/><G34/><T112/><D112/><U94/><E130/><V49/><F39/><W86/><G75/><T85/><D68/><U71/><E9/><V56/><F109/><W84/><G17/><T115/><D127/><U72/><E72/><V6/><F6/><W2/><G46/><T132/><D132/><U114/><E114/><V125/><F125/><W51/><G51/><T110/><D35/><U29/><E120/><V12/><F26/><W106/><REACH who="3" step="1"/><G86/><REACH who="3" ten="250,250,250,240" step="2"/><T66/><D87/><U104/><E121/><V118/><F32/><W40/><G40/><T11/><D115/><U15/><E25/><V54/><F118/><W88/><AGARI ba="0,1" hai="2,4,8,63,67,69,81,84,88,89,90,99,103,106" machi="88" ten="20,8000,1" yaku="1,1,0,1,7,1,54,1,53,1" doraHai="36" doraHaiUra="79" who="3" fromWho="3" sc="250,-40,250,-20,250,-20,240,90" /><INIT seed="1,0,0,2,2,1" ten="210,230,230,330" oya="1" hai0="36,81,98,35,24,83,41,95,67,7,9,101,84" hai1="19,135,114,3,54,37,18,115,124,89,112,27,77" hai2="96,17,46,117,14,91,107,73,75,50,103,120,97" hai3="122,33,53,58,21,113,129,48,106,99,56,116,4"/><U128/><E37/><V49/><F120/><W126/><G122/><T20/><D35/><U125/><E77/><V43/><F117/><W104/><G33/><T69/><D69/><U31/><E135/><V134/><F134/><W72/><G116/><T79/><D67/><U52/><E3/><V131/><F131/><W123/><G72/><T51/><D36/><U12/><E89/><V88/><F50/><W55/><G129/><T80/><D51/><U16/><E12/><V110/><F110/><W62/><G126/><N who="1" m="48746" /><E128/><V26/><F26/><W127/><G113/><N who="1" m="28930" /><U30/><DORA hai="42" /><E27/><V34/><F34/><W40/><G123/><T44/><D9/><U45/><E45/><V47/><F47/><W63/><G127/><T100/><D100/><U85/><E85/><V82/><F91/><W105/><G99/><T86/><D86/><U13/><E13/><V23/><REACH who="2" step="1"/><F82/><REACH who="2" ten="210,230,220,330" step="2"/><W32/><G32/><T11/><D83/><U29/><AGARI ba="0,1" hai="16,18,19,29,30,31,52,54" m="28930,48746" machi="29" ten="50,12000,1" yaku="28,2,18,1,54,2" doraHai="1,42" who="1" fromWho="1" sc="210,-40,230,130,220,-40,330,-40" /><INIT seed="1,1,0,5,3,113" ten="170,360,180,290" oya="1" hai0="125,95,132,61,22,91,123,78,97,6,43,11,133" hai1="52,104,117,15,50,37,79,41,48,1,18,55,3" hai2="53,106,126,130,105,93,119,27,24,122,34,54,129" hai3="99,74,70,47,7,19,21,16,115,89,98,116,58"/><U114/><E114/><V49/><F122/><W36/><G115/><T63/><D123/><U57/><E104/><V71/><F71/><W73/><G70/><T28/><D125/><U56/><E79/><V5/><F126/><W108/><G108/><T30/><D43/><U107/><E107/><N who="2" m="40971" /><F5/><W39/><G7/><T80/><D132/><U10/><E117/><V51/><F93/><W25/><G116/><T26/><D30/><U65/><REACH who="1" step="1"/><E65/><REACH who="1" ten="170,350,180,290" step="2"/><V88/><F119/><W64/><G64/><T85/><D133/><U40/><E40/><V103/><F130/><W69/><G73/><T17/><REACH who="0" step="1"/><D28/><REACH who="0" ten="160,350,180,290" step="2"/><U33/><E33/><V75/><F34/><W118/><G118/><T128/><D128/><U124/><E124/><V127/><F129/><W2/><G74/><T42/><D42/><U4/><E4/><V23/><F75/><W101/><G19/><T86/><D86/><U20/><E20/><V121/><F23/><W68/><G16/><T120/><D120/><U14/><E14/><AGARI ba="1,2" hai="6,11,14,17,22,26,61,63,78,80,85,91,95,97" machi="14" ten="30,3900,0" yaku="1,1,7,1,8,1,53,0" doraHai="113" doraHaiUra="110" who="0" fromWho="1" sc="160,62,350,-42,180,0,290,0" /><INIT seed="2,0,0,2,1,79" ten="222,308,180,290" oya="2" hai0="38,63,21,73,9,120,29,94,60,24,75,84,62" hai1="7,80,98,102,43,10,95,25,40,5,41,48,33" hai2="89,104,66,2,69,12,134,127,97,81,91,32,49" hai3="61,128,17,101,13,111,121,50,22,85,77,82,90"/><V8/><F134/><W56/><G111/><T3/><D120/><U107/><E33/><V129/><F129/><W118/><G128/><T92/><D38/><U100/><E25/><V65/><F127/><W126/><G126/><T53/><D53/><U131/><E131/><V52/><F2/><W4/><G121/><T57/><D57/><U16/><E80/><V15/><F32/><W119/><G101/><N who="1" m="39018" /><E48/><V26/><F26/><W47/><G4/><N who="1" m="1610" /><E107/><V44/><F104/><W39/><G39/><T55/><D3/><U116/><E116/><V51/><F69/><W59/><G59/><T46/><D75/><U125/><E125/><V45/><F97/><W54/><REACH who="3" step="1"/><G77/><REACH who="3" ten="222,308,180,280" step="2"/><T27/><D63/><U132/><E132/><V122/><F122/><W6/><G6/><T64/><D62/><U58/><E58/><V67/><F8/><W130/><G130/><T30/><D9/><U11/><E16/><V74/><F74/><W0/><G0/><T87/><D60/><U83/><E11/><V103/><F103/><W109/><G109/><T42/><D29/><U114/><E10/><V112/><F112/><W35/><G35/><T19/><D19/><U124/><E114/><V37/><F37/><W123/><G123/><T23/><D30/><U135/><E124/><V117/><F117/><W20/><G20/><T99/><D21/><U78/><E135/><V18/><F18/><W108/><G108/><T68/><D23/><U88/><E78/><V14/><F81/><W70/><G70/><T133/><D68/><U76/><E83/><V96/><F96/><W106/><G106/><RYUUKYOKU ba="0,1" sc="222,-30,308,10,180,10,280,10" hai1="40,41,43,76,88,95,98" hai2="12,14,15,44,45,49,51,52,65,66,67,89,91" hai3="13,17,22,47,50,54,56,61,82,85,90,118,119" /><INIT seed="2,1,1,3,2,87" ten="192,318,190,290" oya="2" hai0="32,17,56,42,31,63,135,107,14,97,25,47,90" hai1="96,99,88,69,131,106,123,76,100,55,103,5,53" hai2="40,30,73,134,7,67,15,120,116,101,1,74,59" hai3="20,128,22,114,52,94,119,93,89,133,117,34,104"/><V9/><F116/><W86/><G34/><T109/><D109/><U82/><E69/><V125/><F120/><W3/><G104/><T124/><D124/><U108/><E108/><V77/><F125/><W132/><G3/><T122/><D135/><N who="3" m="51785" /><G128/><T95/><D107/><U118/><E118/><V21/><F134/><W37/><G37/><T98/><D122/><U126/><E126/><V6/><F40/><W44/><G114/><T83/><D83/><U45/><E123/><V121/><F121/><W0/><G0/><T78/><D78/><U57/><E5/><V12/><F77/><W92/><G119/><T13/><D98/><N who="1" m="37419" /><E106/><V112/><F101/><W64/><G64/><T24/><D24/><U36/><E36/><V66/><F112/><W26/><G20/><T10/><D17/><U130/><E76/><V84/><F1/><W54/><G117/><T111/><D10/><U129/><E45/><V91/><F21/><W68/><G68/><T80/><D80/><U65/><E65/><V115/><F115/><W81/><G44/><T35/><D32/><U28/><E28/><AGARI ba="1,1" hai="22,26,28,52,54,81,86,89,92,93,94" m="51785" machi="28" ten="30,3900,0" yaku="20,1,52,1,54,1" doraHai="87" who="3" fromWho="1" sc="192,0,318,-42,190,0,290,52" /><INIT seed="3,0,0,2,5,117" ten="192,276,190,342" oya="3" hai0="16,23,99,87,123,74,84,36,43,134,82,59,40" hai1="25,49,83,72,93,39,118,102,100,112,70,47,28" hai2="60,135,18,94,75,104,80,32,128,11,31,113,73" hai3="38,121,124,42,45,86,109,17,89,92,62,29,22"/><W30/><G121/><T63/><D123/><U131/><E70/><V24/><F104/><W58/><G109/><T129/><D129/><U15/><E39/><V79/><F113/><W14/><G124/><T119/><D134/><U116/><E72/><V33/><F128/><W37/><G37/><T5/><D119/><U68/><E68/><V51/><F135/><W71/><G71/><T132/><D132/><U106/><E106/><V61/><F75/><W130/><G130/><T0/><D99/><U6/><E83/><V85/><F33/><W126/><G126/><T69/><D69/><U53/><E112/><V20/><F11/><W4/><G4/><T107/><D107/><U34/><E131/><V3/><F3/><W55/><AGARI ba="0,0" hai="14,17,22,29,30,38,42,45,55,58,62,86,89,92" machi="55" ten="20,2100,0" yaku="0,1,7,1" doraHai="117" who="3" fromWho="3" sc="192,-7,276,-7,190,-7,342,21" owari="185,-21.5,269,6.9,183,-31.7,363,46.3" /></mjloggm>