<mjloggm ver="2.3"><GO type="225" lobby="0"/><UN n0="%E3%81%8F%E3%81%BE%E3%81%96%E3%82%8F" n1="%E6%97%A5%E6%9B%9C%E6%97%A5%E3%82%88%E3%82%8A%E3%81%AE%E4%BD%BF%E8%80%85" n2="%33%74%72%65%65" n3="%6D%75%75%6D%75%72%61" dan="16,17,17,17" rate="2044.82,2165.06,2222.78,2208.20" sx="M,M,F,F"/><TAIKYOKU oya="0"/><INIT seed="0,0,0,3,5,45" ten="250,250,250,250" oya="0" hai0="105,58,41,112,97,115,12,8,18,36,5,119,32" hai1="101,22,79,68,87,82,125,130,76,128,61,70,124" hai2="78,43,27,80,127,51,46,126,135,85,52,83,114" hai3="67,93,29,4,108,0,113,55,57,39,95,109,23"/><T59/><D119/><U92/><E22/><V25/><F114/><W89/><G113/><T88/><D32/><U24/><E24/><V111/><F111/><W131/><G131/><N who="1" m="50218" /><E61/><V117/><F117/><W107/><G107/><T74/><D74/><U14/><E14/><V6/><F6/><W26/><G67/><T120/><D120/><U21/><E21/><V53/><F135/><W116/><G39/><T56/><D36/><U30/><E30/><V31/><F80/><W54/><G116/><T132/><D132/><U60/><E60/><V90/><F78/><N who="1" m="29737" /><E68/><V129/><F129/><W50/><G55/><T98/><D41/><U42/><E42/><V40/><F40/><W66/><G66/><T84/><D105/><U96/><E70/><V11/><F11/><N who="3" m="2439" /><G89/><AGARI ba="0,0" hai="82,87,89,92,96,101,124,125" m="29737,50218" machi="89" ten="30,3900,0" yaku="19,1,34,2" doraHai="45" who="1" fromWho="3" sc="250,0,250,39,250,0,250,-39" /><INIT seed="1,0,0,3,4,90" ten="250,289,250,211" oya="1" hai0="56,103,55,102,113,110,33,93,37,29,128,132,4" hai1="0,57,121,38,7,117,15,17,88,99,81,12,134" hai2="130,28,127,75,24,48,96,2,62,9,5,125,41" hai3="61,21,52,101,104,112,65,39,76,16,20,14,54"/><U73/><E117/><V44/><F75/><W63/><G39/><T30/><D113/><U46/><E121/><V122/><F122/><W126/><G112/><T85/><D110/><U11/><E134/><V114/><F114/><W68/><G126/><N who="2" m="48137" /><F62/><W36/><G36/><T1/><D37/><U51/><E57/><V25/><F130/><W42/><G42/><T6/><D33/><U107/><E107/><V71/><F71/><W26/><G76/><T64/><D64/><U79/><E17/><V106/><F28/><W84/><G84/><T116/><D1/><U35/><E35/><V82/><F82/><W40/><G40/><T89/><D116/><U59/><E59/><V77/><F77/><W19/><REACH who="3" step="1"/><G63/><REACH who="3" ten="250,289,250,201" step="2"/><T18/><D128/><U98/><E38/><V47/><F47/><W66/><G66/><T100/><D132/><U45/><E45/><V124/><F124/><W23/><G23/><T94/><D56/><U27/><E46/><V10/><F10/><W49/><G49/><T50/><D50/><U34/><E51/><V87/><F87/><W74/><G74/><T80/><D85/><U13/><E73/><V83/><F83/><W53/><G53/><T22/><D55/><U119/><E79/><V120/><F120/><W43/><G43/><T115/><D80/><U133/><E133/><V31/><F48/><W129/><G129/><T135/><D115/><U131/><E131/><V60/><F60/><W92/><G92/><T111/><D111/><U91/><E119/><V108/><F108/><W32/><G32/><T105/><D135/><U118/><E118/><RYUUKYOKU ba="0,1" sc="250,-10,289,-10,250,-10,201,30" hai3="14,16,19,20,21,26,52,54,61,65,68,101,104" /><INIT seed="2,1,1,4,2,102" ten="240,279,240,231" oya="2" hai0="63,117,71,25,100,91,1,34,92,81,53,93,76" hai1="80,5,46,0,85,82,11,32,89,135,22,114,7" hai2="17,30,12,125,28,66,77,33,103,128,115,31,18" hai3="14,110,26,52,47,133,87,29,59,90,69,27,13"/><V54/><F115/><W68/><G110/><T74/><D117/><U62/><E114/><V113/><F113/><W15/><G47/><T111/><D111/><U126/><E32/><V122/><F122/><W79/><G79/><T127/><D127/><U19/><E126/><V40/><F125/><W16/><G133/><T37/><D1/><U73/><E135/><V132/><F132/><W98/><G98/><T108/><D37/><U6/><E62/><V48/><F33/><W99/><G99/><T4/><D4/><U42/><E80/><V60/><F103/><W65/><G65/><T86/><D108/><U43/><E73/><V104/><F104/><W38/><G38/><T84/><D53/><U41/><REACH who="1" step="1"/><E46/><REACH who="1" ten="240,269,240,231" step="2"/><V9/><F60/><N who="3" m="35943" /><G69/><T72/><D63/><U112/><E112/><V107/><F66/><W8/><G68/><T119/><D71/><U3/><E3/><V64/><F64/><W49/><G49/><T88/><D119/><U130/><E130/><V129/><F129/><W75/><G75/><T123/><D123/><U39/><E39/><V118/><F128/><W55/><G55/><T116/><D116/><U134/><E134/><V124/><F118/><W121/><G121/><T83/><D74/><U2/><E2/><V95/><F54/><W51/><G51/><T120/><D120/><U10/><E10/><V50/><F50/><W58/><G58/><T109/><D109/><U23/><E23/><V97/><F48/><W21/><G8/><T67/><D67/><U20/><E20/><V106/><F124/><W94/><G29/><N who="0" m="19759" /><D100/><U101/><E101/><RYUUKYOKU ba="1,2" sc="240,10,269,10,240,-30,231,10" hai0="72,76,81,83,84,86,88,91,92,93" hai1="0,5,6,7,11,19,22,41,42,43,82,85,89" hai3="13,14,15,16,21,26,27,87,90,94" /><INIT seed="3,2,2,1,0,126" ten="250,279,210,241" oya="3" hai0="93,89,37,118,127,52,49,63,15,119,134,27,35" hai1="11,41,115,8,116,57,113,22,99,65,4,43,97" hai2="14,32,78,5,72,98,110,124,73,94,23,56,103" hai3="120,20,7,75,58,88,135,68,92,33,21,105,48"/><W84/><G120/><T40/><D37/><U1/><E115/><V125/><F32/><W6/><G68/><T18/><D127/><N who="2" m="48714" /><F110/><W82/><G33/><T69/><D134/><U128/><E113/><V132/><F132/><W12/><G105/><T9/><D40/><N who="1" m="15435" /><E1/><V80/><F56/><W62/><G48/><T71/><D119/><U47/><E128/><V131/><F131/><W67/><G135/><T81/><D81/><U101/><E116/><V46/><F46/><W26/><G75/><T19/><D118/><U51/><E22/><V66/><F66/><W129/><G129/><T39/><D39/><U83/><E83/><V112/><F112/><W54/><G67/><T53/><D71/><U31/><E31/><V111/><F111/><W74/><G74/><T60/><D69/><U36/><E36/><V87/><F23/><W10/><G82/><T13/><D35/><U30/><E30/><V123/><F123/><W44/><G44/><T100/><D49/><U91/><E57/><V16/><F16/><N who="3" m="12551" /><G21/><N who="0" m="13751" /><D53/><U76/><E65/><V29/><F29/><W79/><G79/><T50/><D50/><U121/><E76/><V38/><F38/><W107/><G107/><T42/><D42/><U90/><E121/><V109/><F109/><W59/><G58/><T55/><D55/><U96/><E101/><V108/><F108/><W70/><G70/><T3/><D100/><U17/><E17/><AGARI ba="2,2" hai="6,7,10,12,17,54,59,62,84,88,92" m="12551" machi="17" ten="30,5800,0" yaku="8,1,54,2" doraHai="126" who="3" fromWho="1" sc="250,0,279,-64,210,0,241,84" owari="250,5.0,215,-18.5,210,-29.0,325,42.5" /></mjloggm>