<mjloggm ver="2.3"><GO type="225" lobby="0"/><UN n0="%E3%81%9F%E3%81%93%E2%98%86%E7%84%BC%E3%81%8D" n1="%72%69%6F%75%63%68%61%6E" n2="%E5%80%89%E6%A9%8B%EF%BC%A0%E4%BA%8B%E5%8B%99" n3="%E9%80%9F%E6%B0%B4%E5%87%9B%E9%A6%99" dan="16,17,16,16" rate="2108.81,2280.63,2061.81,2153.84" sx="M,M,M,F"/><TAIKYOKU oya="0"/><INIT seed="0,0,0,2,2,71" ten="250,250,250,250" oya="0" hai0="30,129,43,131,88,26,46,10,24,68,22,72,102" hai1="59,109,99,63,34,134,2,94,130,41,23,103,0" hai2="120,126,110,89,44,84,80,19,96,100,36,5,123" hai3="4,65,97,108,49,95,90,3,42,6,28,79,39"/><T11/><D68/><U98/><E109/><V13/><F5/><W51/><G108/><T12/><D72/><U69/><E34/><V57/><F110/><W17/><G28/><T70/><D102/><U64/><E130/><N who="0" m="49673" /><D70/><U61/><E134/><V75/><F126/><W101/><G79/><T93/><D12/><U9/><E41/><V132/><F132/><W14/><G65/><T111/><D26/><U54/><E9/><V119/><F119/><W47/><G3/><T76/><D76/><U27/><REACH who="1" step="1"/><E98/><REACH who="1" ten="250,240,250,250" step="2"/><V18/><F96/><W32/><G32/><T112/><D111/><U125/><E125/><V67/><F123/><W29/><G42/><T20/><D112/><U91/><E91/><V37/><F89/><W135/><G90/><T8/><D22/><U133/><E133/><V1/><F120/><W117/><G135/><T45/><D43/><U25/><E25/><V87/><F1/><W66/><G117/><T118/><D118/><U16/><AGARI ba="0,1" hai="0,2,16,23,27,54,59,61,63,64,69,94,99,103" machi="16" ten="20,8000,1" yaku="1,1,0,1,7,1,54,1,53,1" doraHai="71" doraHaiUra="48" who="1" fromWho="1" sc="250,-40,240,90,250,-20,250,-20" /><INIT seed="1,0,0,5,4,66" ten="210,330,230,230" oya="1" hai0="114,56,103,14,40,95,94,122,121,133,18,37,55" hai1="17,116,110,119,3,118,36,27,32,127,23,10,12" hai2="7,69,79,93,102,72,22,51,90,73,96,24,109" hai3="25,98,15,47,8,16,65,34,2,111,86,21,107"/><U44/><E127/><V63/><F109/><W20/><G111/><T6/><D6/><U105/><E110/><V130/><F130/><W48/><G65/><T101/><D114/><U89/><E105/><V84/><F7/><W78/><G107/><T100/><D40/><U106/><E106/><V13/><F13/><W134/><G134/><T82/><D82/><U38/><E44/><V124/><F124/><W26/><G98/><T126/><D37/><U80/><E32/><V135/><F135/><W112/><G112/><T88/><D94/><U113/><E3/><V115/><F115/><W67/><G67/><T35/><D35/><U19/><REACH who="1" step="1"/><E113/><REACH who="1" ten="210,320,230,230" step="2"/><V68/><F73/><W29/><G2/><T0/><D0/><U128/><E128/><V61/><F72/><W74/><G34/><T83/><D126/><U81/><E81/><V1/><F1/><W99/><G47/><T46/><D83/><U50/><E50/><V64/><F51/><W58/><G48/><N who="0" m="30823" /><D46/><U59/><E59/><V41/><F61/><W60/><G58/><T108/><D108/><U62/><E62/><V117/><F63/><W11/><G60/><T91/><D133/><U57/><E57/><V53/><F117/><W49/><G49/><T30/><D95/><U45/><E45/><V129/><F93/><W33/><G33/><T43/><D43/><U42/><E42/><V104/><F41/><W85/><G74/><T54/><D54/><U131/><E131/><V5/><F129/><W39/><G39/><T71/><D122/><U125/><E125/><V4/><F53/><W9/><G78/><RYUUKYOKU ba="0,1" sc="210,-10,320,30,230,-10,230,-10" hai1="10,12,17,19,23,27,36,38,80,89,116,118,119" /><INIT seed="1,1,1,1,0,12" ten="200,350,220,220" oya="1" hai0="109,104,106,94,3,32,39,96,91,131,46,101,77" hai1="63,125,7,88,86,70,99,75,105,80,97,134,42" hai2="45,44,71,30,115,72,31,79,69,13,119,65,129" hai3="2,133,117,18,59,76,29,6,49,10,107,95,55"/><U128/><E125/><V68/><F119/><W58/><G107/><N who="0" m="63911" /><D3/><U38/><E128/><V82/><F129/><W36/><G36/><T54/><D54/><U11/><E134/><V67/><F115/><W24/><G133/><T111/><D46/><U93/><E105/><N who="0" m="40553" /><D32/><U103/><E70/><V132/><F132/><W83/><G117/><T41/><D41/><U57/><E75/><V114/><F114/><W110/><G110/><N who="0" m="41995" /><D39/><U19/><E99/><V23/><F31/><W64/><G95/><T123/><D131/><U34/><E34/><V0/><F0/><W118/><G118/><T28/><D28/><U14/><E38/><V16/><REACH who="2" step="1"/><F30/><REACH who="2" ten="200,350,210,220" step="2"/><W108/><G108/><T127/><D127/><U52/><REACH who="1" step="1"/><E42/><REACH who="1" ten="200,340,210,220" step="2"/><V47/><AGARI ba="1,3" hai="13,16,23,44,45,47,65,67,68,69,71,72,79,82" machi="47" ten="40,8000,1" yaku="1,1,2,1,0,1,52,1,54,1,53,0" doraHai="12" doraHaiUra="27" who="2" fromWho="2" sc="200,-21,340,-41,210,113,220,-21" /><INIT seed="2,0,0,0,5,28" ten="179,299,323,199" oya="2" hai0="124,127,3,117,133,47,109,99,15,118,89,63,131" hai1="81,1,92,52,128,115,31,66,13,86,110,87,12" hai2="27,54,82,111,57,93,95,100,6,65,74,17,80" hai3="94,105,84,18,85,59,49,50,112,96,120,24,33"/><V20/><F74/><W67/><G105/><T103/><D3/><U22/><E115/><V104/><F65/><W88/><G120/><T41/><D63/><U130/><E110/><V132/><F132/><W53/><G112/><T135/><D15/><U29/><E1/><V39/><F39/><W61/><G50/><T134/><D89/><N who="1" m="53303" /><E66/><V10/><F111/><W73/><G73/><T75/><D75/><U107/><E107/><V8/><F104/><W21/><REACH who="3" step="1"/><G33/><REACH who="3" ten="179,299,323,189" step="2"/><T4/><D109/><U14/><E22/><V116/><F20/><W51/><G51/><N who="0" m="27119" /><D131/><N who="1" m="50219" /><E52/><V19/><F54/><W70/><AGARI ba="0,1" hai="18,21,24,49,53,59,61,67,70,84,85,88,94,96" machi="70" ten="20,5200,0" yaku="1,1,0,1,7,1,54,1,53,0" doraHai="28" doraHaiUra="9" who="3" fromWho="3" sc="179,-13,299,-13,323,-26,189,62" /><INIT seed="3,0,0,1,3,42" ten="166,286,297,251" oya="3" hai0="102,11,130,33,103,134,127,28,107,119,61,70,27" hai1="16,78,87,112,1,128,109,120,122,57,117,52,115" hai2="13,49,65,54,105,34,72,6,86,4,64,7,43" hai3="75,80,56,58,25,44,67,17,125,131,69,10,132"/><W94/><G132/><T111/><D134/><U30/><E1/><V38/><F72/><W20/><G131/><T100/><D130/><U0/><E0/><V60/><F105/><W82/><G125/><T63/><D127/><U85/><E128/><V92/><F34/><W73/><G73/><T76/><D76/><U21/><E30/><V74/><F74/><W90/><G75/><T110/><D119/><U97/><E117/><V96/><F38/><W47/><G69/><T3/><D61/><U32/><E32/><V14/><F43/><W68/><G68/><T37/><D37/><U124/><E124/><V77/><F86/><W39/><G39/><T46/><D46/><N who="3" m="17449" /><G10/><T98/><D11/><U116/><E116/><V8/><F8/><W22/><G22/><T5/><D5/><U12/><E122/><V50/><F4/><W9/><G9/><T121/><D121/><U36/><E120/><V126/><F6/><W51/><G67/><N who="0" m="41343" /><D3/><U79/><E36/><V40/><F65/><W101/><G101/><AGARI ba="0,0" hai="27,28,33,98,100,101,102,103,107,110,111" m="41343" machi="101" ten="30,1000,0" yaku="25,1" doraHai="42" who="0" fromWho="3" sc="166,10,286,0,297,0,251,-10" /><INIT seed="4,0,0,2,4,13" ten="176,286,297,241" oya="0" hai0="5,10,2,133,3,35,12,56,14,109,115,76,119" hai1="46,30,104,69,84,63,60,29,89,120,38,131,58" hai2="18,7,21,47,57,40,24,66,27,77,11,36,50" hai3="102,64,124,72,26,95,62,134,114,28,87,125,61"/><T81/><D119/><U85/><E120/><V83/><F24/><W99/><G72/><T71/><D35/><U55/><E104/><V113/><F113/><W101/><G114/><T118/><D118/><U48/><E131/><V42/><F42/><W135/><G87/><T44/><D115/><U130/><E130/><V127/><F127/><N who="3" m="48715" /><G102/><T1/><D71/><U0/><E0/><V25/><F25/><W128/><G128/><T23/><D133/><N who="3" m="50697" /><G64/><T20/><D56/><U6/><E6/><V59/><F66/><W41/><G41/><T92/><D92/><U45/><E85/><N who="2" m="48367" /><F36/><W79/><G79/><T126/><D109/><U17/><E69/><V91/><F91/><W8/><G8/><T88/><D76/><U100/><E100/><V123/><F123/><W52/><G52/><T39/><D126/><U86/><E86/><V103/><F103/><W80/><G80/><T93/><D81/><N who="1" m="49295" /><E38/><V90/><F90/><W116/><G116/><T122/><D122/><U121/><E121/><V108/><F108/><W49/><G49/><T78/><D78/><U34/><E48/><V33/><F59/><W4/><G4/><N who="0" m="3143" /><D44/><N who="1" m="17003" /><E63/><V67/><F57/><W15/><G15/><T132/><D39/><U106/><E106/><V73/><F73/><W75/><G75/><T53/><D53/><U96/><E96/><V43/><F43/><W37/><G37/><T110/><D110/><U70/><E70/><V117/><F117/><W129/><G129/><T111/><D111/><U16/><E34/><AGARI ba="0,0" hai="26,28,34,61,62,95,99,101" m="50697,48715" machi="34" ten="30,2000,0" yaku="18,1,20,1" doraHai="13" who="3" fromWho="1" sc="176,0,286,-20,297,0,241,20" /><INIT seed="5,0,0,2,0,114" ten="176,266,297,261" oya="1" hai0="45,55,78,107,12,63,59,53,71,26,76,132,13" hai1="22,87,85,108,38,129,131,77,29,46,40,98,103" hai2="93,21,1,34,15,110,109,134,92,16,100,135,127" hai3="2,47,99,86,25,32,122,42,56,52,41,60,31"/><U57/><E108/><N who="2" m="41579" /><F1/><W23/><G122/><T120/><D107/><U19/><E29/><V17/><F34/><W43/><G2/><T24/><D71/><U97/><E57/><V27/><F100/><W10/><G10/><T101/><D101/><U66/><E66/><V62/><F62/><W64/><G32/><T28/><D132/><N who="2" m="50730" /><F127/><W33/><G33/><T5/><D28/><U54/><E54/><V79/><F79/><N who="0" m="30250" /><D120/><U117/><E117/><V30/><F30/><W4/><G4/><T130/><D130/><N who="1" m="49675" /><E77/><V121/><F121/><W96/><G86/><N who="1" m="32778" /><E103/><V115/><F115/><W61/><REACH who="3" step="1"/><G47/><REACH who="3" ten="176,266,297,251" step="2"/><T102/><D102/><U73/><E73/><V119/><F119/><W125/><G125/><T94/><D94/><U65/><E65/><V9/><AGARI ba="0,1" hai="9,15,16,17,21,27,92,93" m="50730,41579" machi="9" ten="30,2000,0" yaku="20,1,54,1" doraHai="114" who="2" fromWho="2" sc="176,-5,266,-10,297,30,251,-5" owari="171,-32.9,256,5.6,327,42.7,246,-15.4" /></mjloggm>