<mjloggm ver="2.3"><GO type="225" lobby="0"/><UN n0="%33%74%72%65%65" n1="%72%69%6F%75%63%68%61%6E" n2="%E3%81%AF%E3%82%88%E3%81%8A%E3%81%98%E3%81%95%E3%82%93" n3="%E3%81%82%E3%81%B9%E3%81%99%E3%81%91" dan="16,16,17,16" rate="2093.61,2167.94,2240.05,2106.61" sx="F,M,M,M"/><TAIKYOKU oya="0"/><INIT seed="0,0,0,5,0,91" ten="250,250,250,250" oya="0" hai0="50,64,125,69,47,37,66,9,25,23,71,44,40" hai1="92,107,7,73,33,49,58,60,98,10,45,62,28" hai2="2,27,75,111,15,97,90,1,51,53,119,101,8" hai3="39,36,29,77,12,120,21,43,35,72,122,4,68"/><T79/><D125/><U24/><E73/><V95/><F111/><W103/><G68/><T31/><D79/><U5/><E107/><V13/><F119/><W123/><G103/><T96/><D71/><U14/><E5/><V19/><F75/><W105/><G105/><T126/><D126/><U114/><E114/><V135/><F135/><W133/><G133/><T38/><D69/><U129/><E129/><V67/><F67/><W46/><G35/><T74/><D74/><U20/><E33/><V113/><F113/><W34/><G34/><T110/><D110/><U93/><E98/><V134/><F134/><W0/><G0/><T55/><D38/><U127/><E127/><V131/><F131/><W61/><G61/><N who="1" m="23658" /><E58/><V83/><F27/><N who="3" m="16623" /><G77/><T100/><REACH who="0" step="1"/><D9/><REACH who="0" ten="240,250,250,250" step="2"/><U106/><E106/><AGARI ba="0,1" hai="23,25,31,37,40,44,47,50,55,64,66,96,100,106" machi="106" ten="30,5800,0" yaku="1,1,2,1,7,1,53,0" doraHai="91" doraHaiUra="82" who="0" fromWho="1" sc="240,68,250,-58,250,0,250,0" /><INIT seed="0,1,0,4,3,113" ten="308,192,250,250" oya="0" hai0="73,40,90,47,20,19,127,116,97,17,76,33,28" hai1="0,16,35,18,43,3,51,1,80,22,32,64,5" hai2="45,125,58,48,13,11,4,23,85,26,54,21,46" hai3="59,129,112,130,15,61,30,111,89,52,57,12,27"/><T72/><D116/><U39/><E39/><V114/><F125/><W75/><G75/><T53/><D127/><U44/><E64/><V67/><F114/><W60/><G112/><T87/><D97/><U8/><E18/><V37/><F37/><W25/><G89/><T42/><D53/><U68/><E68/><V107/><F107/><W81/><G81/><T6/><D6/><U9/><E80/><V122/><F122/><W69/><G69/><T71/><D71/><U94/><E94/><V132/><F132/><W110/><G30/><T82/><D40/><U108/><E108/><V124/><F124/><W95/><G95/><T66/><D66/><U133/><E133/><V119/><F119/><W93/><G93/><T120/><D120/><U79/><E79/><V135/><F135/><W10/><G10/><T7/><D7/><U29/><E29/><V96/><F96/><W109/><G109/><T24/><D76/><U121/><E121/><V99/><F99/><W55/><AGARI ba="1,0" hai="12,15,25,27,52,55,57,59,60,61,110,111,129,130" machi="55" ten="25,6400,0" yaku="0,1,22,2,54,1" doraHai="113" who="3" fromWho="3" sc="308,-33,192,-17,250,-17,250,67" /><INIT seed="1,0,0,0,2,1" ten="275,175,233,317" oya="1" hai0="28,54,22,26,50,119,25,31,127,89,34,83,15" hai1="43,56,71,67,7,35,95,44,23,11,79,42,91" hai2="98,85,101,5,52,33,16,134,74,19,13,126,66" hai3="40,30,84,32,78,96,80,110,70,102,10,100,90"/><U104/><E104/><V115/><F74/><W111/><G70/><T107/><D119/><U97/><E35/><V129/><F33/><W9/><G40/><T94/><D107/><U20/><E71/><V77/><F126/><W123/><G123/><T21/><D127/><U105/><E105/><V48/><F129/><W118/><G118/><T124/><D124/><U38/><E79/><V131/><F131/><W116/><G116/><T106/><D106/><U0/><REACH who="1" step="1"/><E42/><REACH who="1" ten="275,165,233,317" step="2"/><V87/><F77/><W65/><G78/><T49/><D34/><U46/><E46/><V112/><F115/><W39/><G32/><T24/><D28/><U59/><E59/><V58/><F112/><W63/><G30/><T36/><D31/><U135/><E135/><V99/><F134/><W117/><G117/><T17/><D21/><U121/><E121/><V60/><F58/><W4/><G111/><T103/><D22/><U62/><AGARI ba="0,1" hai="0,7,11,20,23,38,43,44,56,62,67,91,95,97" machi="62" ten="30,11700,0" yaku="1,1,0,1,52,1,53,1" doraHai="1" doraHaiUra="88" who="1" fromWho="1" sc="275,-39,165,127,233,-39,317,-39" /><INIT seed="1,1,0,2,5,41" ten="236,292,194,278" oya="1" hai0="33,71,8,111,31,32,16,6,132,130,59,95,9" hai1="122,10,11,74,82,46,44,66,133,97,4,101,81" hai2="18,88,124,104,127,48,2,107,83,129,118,54,26" hai3="7,40,70,78,89,110,37,45,0,98,58,1,53"/><U108/><E122/><V94/><F118/><W90/><G110/><T56/><D71/><U67/><E108/><V63/><F2/><W50/><G70/><T116/><D116/><U35/><E35/><V126/><F129/><W42/><G78/><T96/><D130/><U62/><E133/><V57/><F83/><N who="1" m="31753" /><E74/><V100/><F100/><W128/><G42/><T72/><D72/><U125/><E125/><V103/><F103/><W113/><G113/><T79/><D79/><U69/><E69/><V5/><F5/><W117/><G117/><T106/><D106/><U73/><E73/><V30/><F48/><W15/><G90/><T114/><D114/><U91/><E101/><V28/><F28/><W109/><G109/><T105/><D105/><U25/><E25/><V34/><REACH who="2" step="1"/><F18/><REACH who="2" ten="236,292,184,278" step="2"/><W121/><G128/><T131/><D131/><U68/><E4/><V93/><F93/><N who="3" m="56623" /><G1/><T80/><D111/><U86/><E62/><V119/><F119/><W120/><G0/><T85/><D6/><U115/><E115/><V23/><F23/><W75/><G121/><T112/><D112/><U27/><E10/><V84/><AGARI ba="1,1" hai="26,30,34,54,57,63,84,88,94,104,107,124,126,127" machi="84" ten="30,7900,0" yaku="1,1,0,1,18,1,54,1,53,0" doraHai="41" doraHaiUra="76" who="2" fromWho="2" sc="236,-21,292,-40,184,92,278,-21" /><INIT seed="2,0,0,2,3,51" ten="215,252,276,257" oya="2" hai0="106,8,32,46,103,133,36,108,0,121,115,5,56" hai1="68,113,21,82,105,19,43,71,99,75,132,84,117" hai2="92,110,45,123,116,39,1,62,114,34,7,109,18" hai3="104,119,48,14,20,107,131,40,52,94,27,73,13"/><V50/><F116/><W81/><G119/><T95/><D121/><U118/><E113/><V66/><F123/><W37/><G131/><T10/><D115/><U2/><E2/><V127/><F114/><W134/><G37/><T126/><D108/><N who="2" m="41578" /><F34/><W135/><G40/><T60/><D126/><U100/><E75/><V111/><N who="2" m="41586" /><V25/><DORA hai="11" /><F39/><W28/><G94/><T49/><D133/><N who="3" m="50697" /><G107/><T38/><D106/><U79/><E132/><V90/><F127/><W64/><G104/><T80/><D38/><U31/><E43/><V55/><F7/><W41/><G41/><T86/><D36/><U58/><E31/><V17/><F25/><W22/><G64/><T57/><D5/><U102/><E102/><V122/><F1/><W24/><G73/><T47/><D103/><U44/><E118/><V67/><F67/><W96/><G96/><T65/><D65/><U12/><E117/><V26/><F26/><W98/><G98/><T72/><D72/><U74/><E74/><V61/><F61/><W54/><G27/><T87/><D60/><U89/><E99/><N who="2" m="57751" /><F122/><W4/><G24/><T53/><D0/><U15/><E105/><V16/><F17/><W120/><G120/><T29/><D32/><U83/><E19/><V129/><F129/><W97/><G4/><T35/><D35/><U6/><E6/><V88/><F88/><W91/><G91/><T3/><D3/><U112/><E89/><V85/><F85/><W76/><G97/><T9/><D87/><U124/><E84/><V70/><AGARI ba="0,0" hai="16,18,45,50,55,62,66,70" m="57751,41586" machi="70" ten="40,12000,1" yaku="14,1,10,1,52,1,54,1" doraHai="51,11" who="2" fromWho="2" sc="215,-40,252,-40,276,120,257,-40" /><INIT seed="2,1,0,1,4,110" ten="175,212,396,217" oya="2" hai0="33,32,115,86,58,97,85,14,129,2,6,75,29" hai1="3,79,103,27,68,4,39,50,19,130,16,1,122" hai2="56,126,84,111,38,121,61,53,63,125,87,92,45" hai3="48,101,26,120,112,23,133,7,51,73,127,113,37"/><V17/><F121/><W90/><G120/><T98/><D75/><U34/><E122/><V66/><F111/><W65/><G73/><T28/><D2/><U74/><E39/><V107/><F107/><W35/><G37/><T11/><D129/><U22/><E68/><V82/><F17/><W31/><G133/><T40/><D40/><U123/><E123/><V25/><F25/><N who="3" m="18927" /><G101/><T118/><D58/><U60/><E130/><V72/><F72/><W64/><G7/><T94/><D118/><U46/><E103/><V41/><F92/><W88/><G64/><T52/><D52/><U116/><E116/><V131/><F131/><W42/><G65/><T0/><D0/><U77/><E34/><V76/><REACH who="2" step="1"/><F87/><REACH who="2" ten="175,212,386,217" step="2"/><W47/><G23/><T43/><D94/><U20/><E74/><V15/><F15/><W80/><G26/><T13/><D13/><U78/><E4/><V5/><F5/><W96/><G80/><T71/><D14/><N who="1" m="9239" /><E1/><V59/><AGARI ba="1,1" hai="38,41,45,53,56,59,61,63,66,76,82,84,125,126" machi="59" ten="30,3000,0" yaku="1,1,0,1,53,0" doraHai="110" doraHaiUra="10" who="2" fromWho="2" sc="175,-11,212,-11,386,43,217,-11" /><INIT seed="2,2,0,2,0,9" ten="164,201,429,206" oya="2" hai0="97,73,63,71,93,19,25,111,61,4,95,79,103" hai1="58,96,123,54,0,64,1,122,57,121,129,3,46" hai2="88,15,107,52,41,101,38,30,83,118,23,72,134" hai3="92,16,100,127,60,80,27,47,21,70,69,116,131"/><V82/><F118/><W98/><G116/><T45/><D111/><U86/><E129/><V7/><F134/><W87/><G131/><T133/><D133/><U81/><E64/><V135/><F135/><W48/><G127/><T110/><D110/><U112/><E112/><V102/><F38/><W33/><G60/><T10/><D93/><U115/><E115/><V104/><F41/><W126/><G33/><T32/><D71/><U84/><E96/><V20/><F72/><W11/><G11/><T109/><D109/><U59/><E81/><V105/><F7/><W99/><G99/><T94/><D94/><U68/><E68/><V91/><F30/><W117/><G117/><T28/><D19/><U13/><E13/><V43/><F43/><W5/><G5/><T51/><D79/><U120/><E121/><V90/><F52/><W85/><G126/><T2/><REACH who="0" step="1"/><D73/><REACH who="0" ten="154,201,429,206" step="2"/><U22/><E22/><V8/><F20/><W31/><G70/><T36/><D36/><U132/><E132/><V108/><F23/><W6/><G69/><T55/><AGARI ba="2,1" hai="2,4,10,25,28,32,45,51,55,61,63,95,97,103" machi="55" ten="20,5200,0" yaku="1,1,0,1,7,1,53,1" doraHai="9" doraHaiUra="89" who="0" fromWho="0" sc="154,68,201,-15,429,-28,206,-15" /><INIT seed="3,0,0,0,0,123" ten="222,186,401,191" oya="3" hai0="78,89,102,12,6,122,56,98,35,4,83,70,68" hai1="49,55,101,1,62,65,50,72,18,124,48,119,60" hai2="110,29,135,58,106,131,0,81,88,40,47,20,28" hai3="59,51,66,75,69,94,8,38,118,108,109,26,42"/><W77/><G118/><T92/><D122/><U85/><E72/><V3/><F110/><N who="3" m="42603" /><G8/><T80/><D35/><U11/><E119/><V93/><F0/><W54/><G69/><T127/><D127/><U45/><E124/><V24/><F3/><W133/><G133/><T112/><D112/><U39/><E39/><V126/><F135/><W52/><G66/><T115/><D68/><U84/><E101/><V57/><F126/><W15/><G15/><T23/><D12/><N who="1" m="7455" /><E1/><V17/><F131/><W71/><G71/><T16/><D102/><U27/><E27/><V121/><F121/><W104/><G54/><T107/><D70/><U114/><E114/><V63/><F106/><W43/><G104/><T95/><D107/><U34/><E34/><V13/><F13/><W53/><G53/><T99/><D115/><U120/><E120/><V33/><F58/><W82/><G38/><T14/><D14/><U130/><E130/><V116/><F116/><W86/><G26/><T103/><D56/><N who="1" m="36999" /><E45/><V22/><F24/><W132/><G132/><T41/><D6/><U74/><E74/><V113/><F47/><W87/><G75/><T21/><D4/><U44/><E44/><V90/><F113/><W125/><G125/><T100/><D21/><U32/><E32/><V9/><F33/><W76/><G76/><T117/><D78/><U105/><E105/><V25/><F9/><W30/><G30/><T64/><D64/><U37/><E37/><V96/><F20/><W97/><G97/><N who="0" m="36875" /><D23/><U111/><E111/><V19/><F28/><W67/><G67/><T128/><D117/><RYUUKYOKU ba="0,0" sc="222,-15,186,15,401,-15,191,15" hai1="48,49,50,55,62,84,85" hai3="42,43,51,52,59,77,82,86,87,94" /><INIT seed="3,1,0,2,2,67" ten="207,201,386,206" oya="3" hai0="65,25,73,18,89,49,109,85,91,50,81,59,104" hai1="82,119,111,64,3,57,90,120,72,74,126,133,69" hai2="5,32,79,27,6,123,7,60,88,42,24,113,30" hai3="70,121,107,51,92,78,84,75,63,129,132,15,33"/><W2/><G121/><T22/><D109/><U103/><E120/><V62/><F113/><W26/><G2/><T36/><D36/><U40/><E3/><V130/><F123/><W56/><G107/><T53/><D104/><U17/><E69/><V11/><F130/><W4/><G129/><T45/><D73/><U80/><E111/><V14/><F79/><W0/><G0/><T94/><D65/><U41/><E103/><V127/><F127/><W116/><G70/><T29/><D29/><U12/><E126/><V46/><F27/><W28/><G116/><T35/><D35/><U8/><E119/><V23/><F32/><W76/><G75/><T47/><D50/><U135/><E74/><V128/><F128/><W21/><G51/><T122/><D122/><U68/><E68/><V1/><F1/><W125/><G125/><T61/><D49/><U38/><E72/><V100/><F100/><W19/><G4/><T134/><D134/><N who="1" m="51211" /><E90/><V95/><F46/><W114/><G114/><T43/><D43/><N who="1" m="16459" /><E38/><V37/><F42/><W10/><G33/><T131/><D131/><U77/><E77/><V96/><F37/><W54/><G132/><T52/><D53/><U117/><E117/><V83/><F83/><W9/><G10/><T93/><D81/><U110/><E110/><V108/><F108/><W20/><G9/><T16/><D18/><AGARI ba="1,0" hai="5,6,7,11,14,18,23,24,30,60,62,88,95,96" machi="18" ten="40,2600,0" yaku="8,1,54,1" doraHai="67" who="2" fromWho="0" sc="207,-29,201,0,386,29,206,0" owari="178,-32.2,201,-19.9,415,51.5,206,0.6" /></mjloggm>