<mjloggm ver="2.3"><GO type="225" lobby="0"/><UN n0="%E6%B8%A9%E2%98%85%E6%83%85%E2%98%85%E6%8E%AA%E2%98%85%E7%BD%AE" n1="%E3%81%A8%E3%82%93%E3%81%A8%E3%81%93%E3%81%A8%E3%82%93" n2="%E3%82%B7%E3%83%B3%E5%A4%AA%E6%9C%97" n3="%4B%2E%32%2E%4B%2E" dan="17,16,16,16" rate="2220.85,2102.92,2124.78,2114.89" sx="M,F,M,M"/><TAIKYOKU oya="0"/><INIT seed="0,0,0,5,0,57" ten="250,250,250,250" oya="0" hai0="125,113,2,130,95,61,107,100,19,40,134,33,89" hai1="14,68,7,111,96,44,37,35,59,13,114,81,98" hai2="12,69,29,15,34,117,36,87,133,135,67,71,78" hai3="24,132,99,58,104,17,56,82,0,88,30,118,85"/><T93/><D113/><U20/><E68/><V32/><F36/><W62/><G118/><T102/><D2/><U9/><E35/><V101/><F101/><W27/><G0/><T1/><D1/><U65/><E111/><V41/><F41/><W60/><G132/><N who="2" m="50761" /><F117/><W25/><G30/><T90/><D33/><N who="2" m="12906" /><F29/><W109/><G109/><T39/><D40/><U73/><E114/><V123/><F123/><W108/><G108/><T103/><D39/><U70/><E70/><N who="2" m="26635" /><F67/><N who="3" m="39303" /><G104/><T5/><D107/><U23/><E37/><V66/><F66/><N who="3" m="39255" /><G99/><T52/><D134/><U26/><E98/><V31/><F31/><W94/><G94/><T63/><D95/><U21/><E96/><V110/><F110/><W50/><G50/><T129/><D93/><U54/><E65/><V4/><F4/><W128/><G128/><T116/><D5/><U79/><E7/><V28/><F28/><W38/><G38/><T77/><D116/><U10/><E23/><AGARI ba="0,0" hai="17,23,24,25,27,82,85,88" m="39255,39303" machi="23" ten="30,7700,0" yaku="8,1,52,2,54,1" doraHai="57" who="3" fromWho="1" sc="250,0,250,-77,250,0,250,77" /><INIT seed="1,0,0,0,1,79" ten="250,173,250,327" oya="1" hai0="86,32,94,37,45,46,83,105,128,53,49,44,43" hai1="36,27,120,116,35,95,133,55,52,54,2,68,108" hai2="111,48,60,100,76,69,67,29,65,92,99,129,91" hai3="90,64,75,71,82,121,81,118,103,117,7,131,40"/><U96/><E116/><N who="3" m="44650" /><G121/><T47/><D128/><U110/><E120/><V104/><F129/><W78/><G131/><T50/><D105/><U107/><E107/><V63/><F111/><N who="1" m="42537" /><E2/><V6/><F29/><W17/><G40/><T41/><D32/><U124/><E68/><V42/><F6/><W3/><G17/><T102/><D37/><U12/><E36/><V62/><F76/><W16/><G103/><T39/><D39/><U113/><E113/><V9/><F9/><N who="3" m="2303" /><G16/><T26/><D26/><U28/><E124/><V89/><F60/><N who="3" m="40327" /><G90/><N who="0" m="51551" /><D41/><U72/><E72/><V74/><F74/><W57/><G82/><T97/><AGARI ba="0,0" hai="43,44,45,46,47,49,50,53,94,97,102" m="51551" machi="97" ten="30,2000,0" yaku="8,1,52,1" doraHai="79" who="0" fromWho="0" sc="250,20,173,-10,250,-5,327,-5" /><INIT seed="2,0,0,4,0,106" ten="270,163,245,322" oya="2" hai0="133,1,67,82,100,84,63,85,97,75,20,45,11" hai1="61,30,98,52,65,22,122,86,80,76,127,115,113" hai2="69,16,34,19,18,8,32,3,126,102,25,130,117" hai3="71,83,56,120,4,111,36,33,135,28,47,78,35"/><V26/><F69/><W5/><G120/><T49/><D133/><U0/><E0/><V38/><F38/><W132/><G71/><T89/><D1/><U72/><E127/><V59/><F102/><W24/><G35/><N who="2" m="13353" /><F59/><W58/><G36/><T129/><D11/><U109/><E109/><V104/><F104/><W10/><G47/><T39/><D39/><U95/><E122/><V7/><F117/><W101/><G101/><T13/><D85/><U27/><E86/><V23/><F126/><W94/><G94/><T51/><D45/><U40/><E40/><V131/><F26/><W14/><G4/><T68/><D100/><U90/><REACH who="1" step="1"/><E52/><REACH who="1" ten="270,153,245,322" step="2"/><V73/><F73/><N who="3" m="43471" /><G111/><T31/><D75/><U12/><E12/><V9/><F9/><W55/><G55/><T54/><D54/><U6/><E6/><V53/><F53/><W116/><G116/><T110/><D13/><U103/><E103/><V57/><F57/><AGARI ba="0,1" hai="22,27,30,57,61,65,72,76,80,90,95,98,113,115" machi="57" ten="30,7700,0" yaku="1,1,7,1,52,1,53,1" doraHai="106" doraHaiUra="91" who="1" fromWho="2" sc="270,0,153,87,245,-77,322,0" /><INIT seed="3,0,0,4,4,131" ten="270,240,168,322" oya="3" hai0="61,130,98,85,33,75,44,32,67,43,11,31,57" hai1="42,127,118,122,36,92,115,46,38,121,76,86,124" hai2="84,70,69,48,14,134,12,104,97,41,63,126,114" hai3="94,49,125,68,90,27,34,17,13,23,66,35,99"/><W79/><G125/><N who="1" m="48202" /><E115/><V5/><F126/><W100/><G79/><T8/><D75/><U95/><E36/><V50/><F114/><W129/><G129/><T93/><D130/><U54/><E118/><V82/><F104/><W81/><G68/><T87/><D33/><U132/><E132/><V128/><F97/><W45/><G66/><T1/><D31/><U119/><E119/><V30/><F128/><W91/><G81/><T83/><D32/><U19/><E19/><V24/><F63/><W105/><G27/><T55/><D67/><U0/><E0/><V88/><F14/><W59/><G59/><T71/><D71/><U53/><E76/><V96/><F96/><W47/><G47/><T20/><D20/><U10/><E10/><V6/><F6/><W108/><G91/><N who="0" m="55615" /><D1/><U101/><E101/><V103/><F103/><W52/><G108/><T22/><D22/><U7/><E7/><V102/><F102/><W56/><G56/><T28/><D28/><U37/><E37/><V113/><F113/><W107/><G105/><T2/><D2/><U62/><E121/><V123/><F123/><W39/><G39/><T16/><D16/><U3/><E3/><V89/><F89/><W58/><G58/><T112/><D112/><U106/><E122/><V9/><F134/><W135/><G135/><T109/><D109/><U73/><E73/><V29/><F29/><W60/><G60/><T25/><D61/><U111/><E62/><V18/><F5/><W77/><G77/><T4/><D4/><U74/><E111/><V26/><F50/><W21/><G21/><RYUUKYOKU ba="0,0" sc="270,-10,240,-10,168,-10,322,30" hai3="13,17,23,34,35,45,49,52,90,94,99,100,107" owari="260,6.0,230,-17.0,158,-34.2,352,45.2" /></mjloggm>