<mjloggm ver="2.3"><GO type="225" lobby="0"/><UN n0="%E3%81%B5%E3%81%98%E3%81%8B%E3%81%A4" n1="%E3%81%BF%E3%81%BF%E3%81%9A" n2="%E6%B4%BE%E9%81%A3%E3%81%AE%E3%82%B8%E3%83%A3%E3%83%83%E3%82%AF" n3="%77%72%77%72%77%72%77%72" dan="16,18,17,17" rate="2104.50,2250.69,2219.66,2183.02" sx="M,M,M,M"/><TAIKYOKU oya="0"/><INIT seed="0,0,0,5,1,26" ten="250,250,250,250" oya="0" hai0="17,18,117,10,102,92,85,45,109,83,8,21,60" hai1="25,7,98,39,48,34,53,62,72,82,95,20,111" hai2="32,135,116,69,61,22,77,123,106,67,52,124,41" hai3="15,118,51,27,133,134,56,93,58,100,1,76,2"/><T24/><D117/><U131/><E39/><V59/><F123/><W112/><G112/><T36/><D36/><U103/><E111/><V63/><F106/><W114/><G114/><T105/><D105/><U16/><E131/><V29/><F116/><W122/><G118/><T84/><D109/><U13/><E62/><V14/><F124/><W44/><G122/><T90/><D60/><U49/><E49/><V71/><F135/><N who="3" m="51723" /><G76/><N who="0" m="46183" /><D102/><U132/><E132/><V104/><F104/><W43/><G15/><N who="0" m="7415" /><D8/><U30/><E82/><V19/><F41/><W120/><G120/><T23/><D23/><U31/><E72/><V9/><F77/><W68/><G68/><T73/><D73/><U101/><E101/><V6/><F69/><W57/><G27/><T129/><D129/><U11/><REACH who="1" step="1"/><E34/><REACH who="1" ten="250,240,250,250" step="2"/><V126/><F32/><W127/><G127/><T0/><D0/><U87/><E87/><V5/><REACH who="2" step="1"/><F126/><REACH who="2" ten="250,240,240,250" step="2"/><W94/><G100/><T99/><D85/><U55/><E55/><V3/><F3/><AGARI ba="0,2" hai="1,2,3,43,44,51,56,57,58,93,94" m="51723" machi="3" ten="40,1300,0" yaku="20,1" doraHai="26" who="3" fromWho="2" sc="250,0,240,0,240,-13,250,33" /><INIT seed="1,0,0,1,4,101" ten="250,240,227,283" oya="1" hai0="86,49,96,25,120,123,132,43,89,103,69,3,112" hai1="30,41,34,6,117,55,119,61,67,56,5,100,94" hai2="126,58,22,92,113,104,4,50,12,75,95,18,10" hai3="37,79,88,26,17,71,77,74,124,121,1,29,9"/><U84/><E41/><V63/><F75/><W80/><G121/><N who="0" m="46667" /><D112/><U27/><E117/><V93/><F126/><W105/><G124/><T128/><D69/><U32/><E119/><V40/><F113/><W57/><G71/><T106/><D3/><U72/><E72/><V81/><F81/><W24/><G37/><T107/><D132/><U16/><E32/><V98/><F40/><W54/><G105/><N who="0" m="63719" /><D128/><U44/><E44/><V111/><F111/><W78/><G1/><T31/><D49/><U7/><E100/><V66/><F50/><W116/><G116/><T134/><D134/><U11/><E67/><V70/><F70/><W122/><G122/><T38/><D38/><U60/><E61/><V91/><REACH who="2" step="1"/><F104/><REACH who="2" ten="250,240,217,283" step="2"/><W2/><G80/><N who="0" m="49351" /><D43/><U53/><E60/><V51/><F51/><W130/><G74/><T102/><D102/><U114/><E114/><V64/><F64/><W19/><G130/><T13/><D13/><AGARI ba="0,1" hai="4,10,12,13,18,22,58,63,66,91,92,93,95,98" machi="13" ten="30,3900,0" yaku="1,1,7,1,8,1,53,0" doraHai="101" doraHaiUra="83" who="2" fromWho="0" sc="250,-39,240,0,217,49,283,0" /><INIT seed="2,0,0,3,2,52" ten="211,240,266,283" oya="2" hai0="62,38,87,78,106,96,13,97,109,5,90,98,31" hai1="133,119,19,104,40,126,76,49,17,94,120,124,32" hai2="3,72,69,2,65,50,53,116,86,14,79,91,115" hai3="110,111,85,54,102,28,33,84,16,66,44,88,27"/><V6/><F116/><W8/><G102/><T122/><D122/><U135/><E119/><V93/><F115/><W80/><G66/><T118/><D118/><U10/><E104/><V73/><F14/><N who="3" m="7239" /><G84/><T60/><D38/><U18/><E32/><V130/><F130/><W41/><G41/><T21/><D109/><N who="3" m="41481" /><G54/><T43/><D43/><U11/><E120/><V112/><F112/><W61/><G61/><T25/><D78/><U30/><E30/><V100/><F100/><W89/><G44/><T45/><D45/><N who="1" m="25767" /><E76/><AGARI ba="0,0" hai="27,28,33,76,80,85,88,89" m="41481,7239" machi="76" ten="30,3900,0" yaku="14,1,54,2" doraHai="52" who="3" fromWho="1" sc="211,0,240,-39,266,0,283,39" /><INIT seed="3,0,0,0,0,25" ten="211,201,266,322" oya="3" hai0="76,123,26,89,30,21,6,72,103,131,31,98,107" hai1="24,127,100,34,64,66,29,36,62,60,125,11,97" hai2="119,63,118,129,120,68,14,79,57,111,7,51,59" hai3="124,32,80,23,1,45,86,74,43,84,4,132,116"/><W39/><G116/><T71/><D123/><U106/><E36/><V2/><F79/><N who="3" m="44151" /><G32/><T5/><D71/><N who="1" m="42375" /><E11/><V81/><F14/><W69/><G69/><AGARI ba="0,0" hai="24,29,34,62,66,69,97,100,106,125,127" m="42375" machi="69" ten="30,3900,0" yaku="25,1,23,1,52,1" doraHai="25" who="1" fromWho="3" sc="211,0,201,39,266,0,322,-39" /><INIT seed="4,0,0,5,3,5" ten="211,240,266,283" oya="0" hai0="7,16,23,37,70,96,77,17,101,119,89,41,22" hai1="74,38,83,75,42,135,19,76,104,80,132,114,62" hai2="27,35,60,66,11,32,131,1,126,88,57,61,49" hai3="13,43,63,25,44,79,105,95,39,59,26,82,47"/><T45/><D119/><U102/><E62/><V64/><F126/><W68/><G105/><T90/><D70/><U51/><E51/><V106/><F106/><W122/><G122/><T123/><D123/><U15/><E42/><V21/><F49/><W4/><G68/><T0/><D77/><N who="1" m="44087" /><E38/><V87/><F131/><W92/><G44/><T34/><D34/><U127/><E127/><V84/><F84/><W124/><G124/><T133/><D133/><N who="1" m="51275" /><E15/><V111/><F111/><W93/><G4/><T107/><D7/><U73/><E19/><V55/><F32/><W50/><G13/><T3/><D3/><U125/><E125/><V6/><F35/><W33/><G33/><T24/><REACH who="0" step="1"/><D0/><REACH who="0" ten="201,240,266,283" step="2"/><U130/><E130/><V46/><F64/><W2/><G2/><T71/><D71/><U8/><E114/><V86/><F1/><W53/><REACH who="3" step="1"/><G39/><REACH who="3" ten="201,240,266,273" step="2"/><T113/><D113/><U67/><E73/><AGARI ba="0,2" hai="25,26,43,47,50,53,59,63,73,79,82,92,93,95" machi="73" ten="40,2600,0" yaku="1,1,2,1,53,0" doraHai="5" doraHaiUra="121" who="3" fromWho="1" sc="201,0,240,-26,266,0,273,46" owari="201,-29.9,214,-18.6,266,6.6,319,41.9" /></mjloggm>