<mjloggm ver="2.3"><GO type="225" lobby="0"/><UN n0="%E3%83%94%E3%83%B3%E3%82%B5%E3%83%AD%E5%BA%97%E5%93%A1" n1="%6D%75%75%6D%75%72%61" n2="%E3%82%B2%E3%82%B9%E8%8C%82%E5%8B%9D" n3="%2D%E8%B1%8A%E5%8F%A3%E3%82%81%E3%81%90%E3%81%BF%2D" dan="17,16,16,16" rate="2163.14,2132.34,2058.24,2108.72" sx="M,F,F,F"/><TAIKYOKU oya="0"/><INIT seed="0,0,0,0,4,18" ten="250,250,250,250" oya="0" hai0="1,43,93,55,130,19,75,40,26,126,110,20,117" hai1="14,13,84,36,31,16,0,100,30,51,87,3,9" hai2="68,108,37,28,82,125,32,59,128,54,132,56,85" hai3="73,70,92,8,34,98,120,72,21,12,44,71,27"/><T78/><D117/><U58/><E36/><V133/><F68/><W38/><G34/><T81/><D130/><U24/><E100/><V41/><F128/><W60/><G120/><T77/><D126/><U10/><E3/><V127/><F108/><W33/><G33/><T65/><D1/><U94/><E0/><V102/><F102/><W49/><G38/><T99/><D110/><U29/><E24/><V123/><F123/><W135/><G135/><N who="2" m="51785" /><F28/><W96/><G73/><T118/><D118/><U107/><E107/><V53/><F32/><W90/><G72/><T114/><D114/><U103/><E103/><V121/><F121/><W22/><G98/><T6/><D6/><U23/><E94/><V116/><F116/><W124/><G124/><N who="2" m="47689" /><F41/><W63/><G71/><T86/><D43/><U80/><E13/><V106/><F106/><W25/><G25/><T111/><D40/><U105/><E105/><V109/><F37/><W129/><G70/><T17/><D111/><U97/><E97/><V45/><F109/><W50/><G27/><T2/><D26/><U115/><E115/><V101/><F101/><W57/><G129/><T122/><D122/><U83/><E87/><V66/><F66/><W104/><G104/><T39/><D65/><U46/><E84/><V4/><F4/><W52/><G12/><T5/><D39/><U62/><E9/><V61/><F85/><W48/><G8/><T119/><D119/><U7/><E10/><V95/><F95/><W131/><G131/><T69/><D93/><U134/><E7/><V74/><F74/><W64/><G92/><RYUUKYOKU ba="0,0" sc="250,0,250,0,250,0,250,0" /><INIT seed="1,1,0,0,0,134" ten="250,250,250,250" oya="1" hai0="128,30,106,42,37,84,4,77,111,31,68,132,39" hai1="71,52,26,103,88,115,67,43,104,81,5,14,112" hai2="86,91,72,25,125,75,36,90,28,105,89,116,64" hai3="0,41,6,46,97,2,7,69,40,123,44,92,108"/><U1/><E1/><V57/><F36/><W85/><G69/><T22/><D106/><U131/><E43/><V74/><F116/><W98/><G85/><T29/><D68/><U100/><E131/><V27/><F105/><W87/><G87/><T58/><D132/><U93/><E81/><V95/><F125/><W120/><REACH who="3" step="1"/><G92/><REACH who="3" ten="250,250,250,240" step="2"/><T114/><D84/><N who="1" m="52359" /><E104/><V83/><F95/><W10/><G10/><T35/><D128/><U110/><E71/><V45/><F72/><W94/><G94/><T117/><D117/><U63/><E115/><V9/><F74/><W78/><G78/><T73/><D77/><U16/><E112/><V20/><F75/><W18/><G18/><T79/><D79/><U121/><E121/><V24/><F86/><W21/><G21/><T47/><D22/><N who="1" m="13639" /><E110/><AGARI ba="1,1" hai="0,2,6,7,40,41,44,46,97,98,108,110,120,123" machi="110" ten="25,3200,0" yaku="1,1,22,2,53,0" doraHai="134" doraHaiUra="127" who="3" fromWho="1" sc="250,0,250,-35,250,0,240,45" /><INIT seed="2,0,0,4,0,90" ten="250,215,250,285" oya="2" hai0="75,97,11,65,116,111,131,2,42,36,16,128,96" hai1="134,113,133,33,6,43,87,124,37,76,82,51,89" hai2="12,79,77,34,58,99,70,31,52,126,125,122,18" hai3="29,28,66,17,94,1,107,101,121,54,118,4,105"/><V67/><F122/><W119/><G121/><T49/><D75/><U9/><E37/><V98/><F31/><W73/><G73/><T13/><D36/><U84/><E113/><V30/><F67/><W25/><G66/><T123/><D123/><U110/><E33/><V106/><F70/><W114/><G114/><T127/><D111/><U10/><E124/><N who="2" m="47723" /><F30/><W85/><G29/><T117/><D2/><U60/><E60/><N who="2" m="35911" /><F34/><W93/><G28/><T62/><D127/><U19/><E19/><V86/><F86/><W0/><G85/><T20/><D20/><U80/><E110/><V61/><F61/><W102/><G17/><T45/><D97/><N who="2" m="36874" /><F106/><W91/><G4/><T57/><REACH who="0" step="1"/><D96/><REACH who="0" ten="240,215,250,285" step="2"/><U95/><E82/><V78/><F78/><W55/><G91/><T32/><D32/><U40/><E133/><V103/><F103/><W14/><G102/><T24/><D24/><U46/><E134/><V132/><F132/><W92/><G25/><T135/><D135/><U69/><E69/><V59/><F79/><W63/><G101/><T27/><D27/><U115/><E115/><V53/><F77/><W39/><G39/><T100/><D100/><U81/><E81/><V64/><F12/><W112/><G14/><T5/><D5/><U23/><E6/><V22/><F22/><W129/><G112/><T83/><D83/><U15/><E15/><V130/><F18/><W7/><G7/><T56/><D56/><U71/><E23/><V48/><F130/><AGARI ba="0,1" hai="11,13,16,42,45,49,57,62,65,116,117,128,130,131" machi="130" ten="40,5200,0" yaku="1,1,19,1,54,1,53,0" doraHai="90" doraHaiUra="3" who="0" fromWho="2" sc="240,62,215,0,250,-52,285,0" /><INIT seed="3,0,0,5,0,43" ten="302,215,198,285" oya="3" hai0="93,48,64,0,91,34,109,73,1,3,113,17,54" hai1="77,74,33,50,130,72,60,44,87,119,61,36,133" hai2="75,46,121,81,9,28,69,26,14,118,110,19,27" hai3="32,128,24,55,2,30,22,47,70,100,31,53,102"/><W5/><G70/><T98/><D34/><U122/><E122/><V78/><F110/><W56/><G128/><T135/><D73/><U123/><E123/><V120/><F118/><W126/><G126/><T59/><D109/><U11/><E36/><V80/><F69/><W116/><G116/><T92/><D135/><U7/><E33/><V115/><F115/><W12/><G2/><T117/><D117/><U97/><E119/><V6/><F19/><W63/><G32/><T124/><D124/><U114/><E114/><V104/><F104/><W62/><G31/><T89/><D113/><U111/><E111/><V105/><F105/><W58/><G47/><T39/><D39/><U103/><E133/><V49/><F81/><W95/><G95/><T40/><D40/><N who="1" m="24839" /><E72/><V52/><REACH who="2" step="1"/><F26/><REACH who="2" ten="302,215,188,285" step="2"/><W38/><G24/><T20/><D93/><N who="1" m="58799" /><E130/><V42/><F42/><W129/><G129/><T51/><D92/><U15/><E74/><V134/><F134/><W82/><G82/><AGARI ba="0,1" hai="7,11,15,60,61,77,82,87" m="58799,24839" machi="82" ten="30,3900,0" yaku="25,1,8,1,52,1" doraHai="43" who="1" fromWho="3" sc="302,0,215,49,188,0,285,-39" owari="302,40.2,264,6.4,188,-31.2,246,-15.4" /></mjloggm>