<mjloggm ver="2.3"><GO type="225" lobby="0"/><UN n0="%43%68%65" n1="%E3%81%B7%E3%82%8A%E3%82%93%E8%81%96%E4%BA%BA" n2="%E3%81%AF%E3%82%88%E3%81%8A%E3%81%98%E3%81%95%E3%82%93" n3="%E3%81%A9%E3%82%8F%E3%82%93%E3%81%94" dan="16,16,16,16" rate="2115.98,2108.65,2134.40,2186.34" sx="M,M,M,M"/><TAIKYOKU oya="0"/><INIT seed="0,0,0,1,2,52" ten="250,250,250,250" oya="0" hai0="87,100,61,131,40,116,56,113,26,128,14,31,16" hai1="41,19,12,35,92,27,43,103,21,133,51,72,33" hai2="6,10,59,42,64,101,28,82,55,96,114,105,11" hai3="86,48,119,109,66,17,124,134,37,120,62,8,135"/><T58/><D113/><U67/><E72/><V0/><F114/><W30/><G119/><T53/><D116/><U121/><E121/><V127/><F127/><W91/><G37/><T112/><D112/><U20/><E67/><V15/><F28/><W70/><G124/><T118/><D118/><U83/><E35/><V89/><F42/><W117/><G120/><T75/><D75/><U110/><E33/><V46/><F64/><W108/><G30/><T68/><D68/><U1/><E1/><V39/><F39/><W29/><G29/><T90/><D100/><U74/><E74/><V47/><F89/><W34/><G34/><T106/><D106/><U126/><E126/><V81/><F82/><W78/><G78/><T104/><D104/><U84/><E133/><N who="3" m="50698" /><G48/><T71/><D71/><U99/><E51/><V97/><F81/><N who="3" m="49615" /><G117/><T85/><D40/><U98/><E98/><V23/><F97/><W95/><G95/><T13/><D31/><U38/><E38/><V7/><REACH who="2" step="1"/><F23/><REACH who="2" ten="250,250,240,250" step="2"/><W107/><G107/><T102/><D102/><U88/><E43/><V54/><F54/><W22/><G8/><T24/><D90/><U25/><E41/><V115/><F115/><W77/><G77/><T2/><D87/><U111/><REACH who="1" step="1"/><E21/><REACH who="1" ten="250,240,240,250" step="2"/><V3/><F3/><W76/><G22/><N who="0" m="13383" /><D2/><U18/><E18/><V94/><F94/><W44/><G17/><T93/><D131/><U73/><E73/><V123/><F123/><W79/><G109/><AGARI ba="0,2" hai="12,19,20,25,27,83,84,88,92,99,103,109,110,111" machi="109" ten="40,12000,2" yaku="1,1,14,1,54,1,53,3" doraHai="52" doraHaiUra="122" who="1" fromWho="3" sc="250,0,240,140,240,0,250,-120" /><INIT seed="1,0,0,1,2,107" ten="250,380,240,130" oya="1" hai0="109,134,84,46,27,98,123,85,129,52,59,57,41" hai1="26,60,96,54,20,42,3,92,44,133,36,16,69" hai2="135,112,99,49,62,23,11,48,25,91,90,19,6" hai3="80,14,106,58,108,77,1,88,105,126,83,82,87"/><U119/><E3/><V33/><F135/><W130/><G1/><T38/><D134/><U79/><E133/><V50/><F112/><W30/><G30/><T12/><D109/><U127/><E127/><V75/><F75/><N who="3" m="43071" /><G58/><T45/><D129/><U24/><E79/><V71/><F33/><W22/><G22/><T94/><D123/><U95/><E95/><V73/><F73/><W76/><G14/><T18/><D46/><U43/><E43/><V31/><F31/><W29/><G29/><T9/><D59/><N who="1" m="34935" /><E69/><V7/><F7/><W132/><G132/><T102/><REACH who="0" step="1"/><D27/><REACH who="0" ten="240,380,240,130" step="2"/><N who="1" m="14727" /><E119/><V131/><F131/><W111/><G130/><T47/><D47/><U56/><E56/><V0/><F71/><W65/><G126/><T40/><D40/><U21/><E44/><V86/><F62/><AGARI ba="0,1" hai="9,12,18,38,41,45,52,57,62,84,85,94,98,102" machi="62" ten="30,7700,0" yaku="1,1,7,1,54,1,53,1" doraHai="107" doraHaiUra="4" who="0" fromWho="2" sc="240,87,380,0,240,-77,130,0" /><INIT seed="2,0,0,2,3,64" ten="327,380,163,130" oya="2" hai0="60,59,78,107,1,51,52,130,27,45,100,129,75" hai1="128,71,29,42,122,11,98,121,26,4,105,126,127" hai2="36,81,35,65,66,72,132,76,109,93,112,32,10" hai3="69,94,50,135,99,111,48,110,68,120,2,34,63"/><V58/><F112/><W9/><G120/><N who="1" m="46186" /><E42/><V30/><F36/><W83/><G34/><T87/><D1/><N who="1" m="399" /><E128/><N who="0" m="49257" /><D75/><U24/><E24/><V97/><F132/><W90/><G135/><T12/><D12/><U40/><E40/><V38/><F38/><W61/><G83/><N who="0" m="47607" /><D27/><U91/><E91/><V41/><F41/><W89/><G2/><T47/><D51/><U104/><E71/><N who="3" m="27210" /><G9/><T43/><D43/><U85/><E85/><V119/><F119/><W134/><G134/><T14/><D14/><U133/><E133/><V31/><F10/><W20/><G20/><T125/><D125/><N who="1" m="47627" /><E98/><AGARI ba="0,0" hai="45,47,52,59,60,98,100,107" m="47607,49257" machi="98" ten="30,2000,0" yaku="19,1,54,1" doraHai="64" who="0" fromWho="1" sc="327,20,380,-20,163,0,130,0" /><INIT seed="3,0,0,1,2,131" ten="347,360,163,130" oya="3" hai0="110,99,0,126,44,113,69,70,46,92,100,17,123" hai1="59,18,63,33,106,72,124,60,134,119,49,74,41" hai2="62,38,66,135,10,132,120,35,96,107,12,73,127" hai3="103,111,55,5,122,22,2,50,79,27,11,116,36"/><W20/><G122/><T25/><D123/><U13/><E106/><V48/><F120/><W125/><G116/><T118/><D118/><U39/><E39/><V16/><F38/><W71/><G36/><T133/><D0/><U15/><E15/><V130/><F130/><W104/><G71/><T21/><D110/><U68/><E33/><V28/><F73/><W64/><G64/><T77/><D126/><U82/><E124/><V57/><F127/><W85/><G125/><T94/><D133/><N who="2" m="51274" /><F48/><W51/><G111/><T34/><D34/><U67/><E119/><V47/><F47/><W128/><G128/><T129/><D129/><U117/><E117/><V121/><F121/><W3/><G3/><T95/><D113/><U65/><E134/><V9/><F10/><W37/><G37/><T90/><D77/><U108/><E108/><V7/><F7/><W86/><G51/><T58/><D70/><U80/><E72/><V84/><F84/><W14/><G2/><T114/><D69/><U61/><E61/><V24/><F96/><N who="3" m="61543" /><G79/><T109/><D109/><U45/><E74/><V30/><F107/><W81/><G81/><T56/><D114/><U115/><E115/><V29/><AGARI ba="0,0" hai="9,12,16,24,28,29,30,35,57,62,66" m="51274" machi="29" ten="30,8000,1" yaku="20,1,52,3,54,1" doraHai="131" who="2" fromWho="2" sc="347,-20,360,-20,163,80,130,-40" owari="327,12.7,340,44.0,243,-15.7,90,-41.0" /></mjloggm>