<mjloggm ver="2.3"><GO type="225" lobby="0"/><UN n0="%E6%98%93%E5%88%A9%E8%96%A9%E4%BC%AF" n1="%48%61%61%61%6C%61%6E%64" n2="%72%61%6B%33" n3="%E3%81%BF%E3%81%BF%E3%81%9A" dan="16,17,16,17" rate="2099.72,2163.33,2162.41,2242.17" sx="F,M,M,M"/><TAIKYOKU oya="0"/><INIT seed="0,0,0,2,2,23" ten="250,250,250,250" oya="0" hai0="63,135,122,100,64,65,61,53,131,91,69,90,108" hai1="99,36,41,76,81,67,38,132,127,72,1,39,89" hai2="74,19,33,51,120,35,26,30,94,45,31,9,24" hai3="7,21,114,115,68,5,133,48,96,62,11,103,49"/><T14/><D122/><U118/><E118/><V34/><F120/><W59/><G68/><T70/><D131/><U25/><E132/><V13/><F74/><W6/><G11/><T73/><D73/><U101/><E127/><V28/><REACH who="2" step="1"/><F94/><REACH who="2" ten="250,250,240,250" step="2"/><W125/><G125/><T86/><D135/><U43/><E72/><V77/><F77/><W121/><G133/><T8/><D108/><U56/><E76/><V84/><F84/><W60/><G121/><T119/><D119/><U57/><E99/><V129/><F129/><W82/><G115/><T93/><D53/><AGARI ba="0,1" hai="9,13,19,24,26,28,30,31,33,34,35,45,51,53" machi="53" ten="50,6400,0" yaku="1,1,52,2,53,0" doraHai="23" doraHaiUra="124" who="2" fromWho="0" sc="250,-64,250,0,240,74,250,0" /><INIT seed="1,0,0,3,3,62" ten="186,250,314,250" oya="1" hai0="66,93,100,126,20,31,0,97,17,83,122,47,43" hai1="94,61,29,5,115,9,92,76,74,98,108,87,40" hai2="129,45,64,57,117,33,78,121,79,132,37,124,44" hai3="131,6,130,107,101,42,86,10,134,68,14,81,16"/><U90/><E115/><V88/><F117/><W109/><G109/><T8/><D126/><U127/><E127/><V58/><F121/><W96/><G134/><T104/><D122/><U135/><E135/><V50/><F124/><W114/><G114/><T67/><D104/><U133/><E133/><V70/><F132/><W125/><G125/><T39/><D83/><U26/><E108/><V36/><F33/><W110/><G110/><T56/><D56/><U71/><E40/><V128/><F50/><W24/><G68/><T23/><D31/><U85/><E74/><V59/><F88/><N who="3" m="51279" /><G24/><T53/><D53/><U123/><E123/><V13/><F13/><W51/><G42/><T102/><D102/><U99/><E61/><N who="2" m="40207" /><F79/><W65/><G65/><T19/><D0/><U1/><E71/><V38/><F78/><W52/><G6/><T49/><D39/><U4/><E4/><V89/><F89/><W113/><G113/><T80/><D80/><U32/><REACH who="1" step="1"/><E76/><REACH who="1" ten="186,240,314,250" step="2"/><V46/><AGARI ba="0,1" hai="36,37,38,44,45,46,57,58,59,128,129" m="40207" machi="46" ten="40,8000,1" yaku="29,2,34,2,52,1" doraHai="62" who="2" fromWho="2" sc="186,-20,240,-40,314,90,250,-20" /><INIT seed="2,0,0,0,4,21" ten="166,200,404,230" oya="2" hai0="56,0,52,86,101,37,110,3,15,84,29,70,89" hai1="85,104,48,65,100,36,41,111,124,64,109,26,31" hai2="128,9,121,44,117,93,125,32,91,76,95,14,6" hai3="28,24,34,12,45,13,62,55,87,5,59,2,88"/><V106/><F106/><W49/><G5/><T46/><D70/><U102/><E36/><V69/><F117/><W126/><G2/><T42/><D110/><N who="1" m="41995" /><E124/><V75/><F121/><W38/><G38/><T20/><D101/><N who="1" m="39019" /><E104/><V99/><F69/><W116/><G116/><T133/><D86/><U135/><E135/><V81/><F125/><W22/><G34/><T119/><D133/><U79/><E41/><V47/><F128/><W123/><G123/><T57/><D57/><U113/><E48/><V7/><F32/><W127/><G126/><T122/><D122/><U71/><E71/><V105/><F105/><W35/><G35/><T90/><D119/><U43/><E43/><V114/><F114/><W8/><G8/><T78/><D78/><U97/><E97/><V39/><F39/><W118/><G118/><T107/><D90/><U131/><E131/><V108/><F108/><W72/><G72/><T1/><D107/><U134/><E113/><V68/><F68/><W33/><G33/><T30/><D15/><U54/><E134/><V27/><F6/><W67/><G127/><T51/><REACH who="0" step="1"/><D20/><REACH who="0" ten="156,200,404,230" step="2"/><N who="1" m="15815" /><E85/><V83/><F14/><W96/><G96/><T16/><D16/><U19/><E19/><V94/><F99/><W11/><G11/><T63/><D63/><U58/><E79/><V115/><F76/><W73/><G73/><T129/><D129/><U82/><E82/><AGARI ba="0,1" hai="12,13,22,24,28,45,49,55,59,62,67,82,87,88" machi="82" ten="30,7700,0" yaku="7,1,8,1,52,1,54,1" doraHai="21" who="3" fromWho="1" sc="156,0,200,-77,404,0,230,87" /><AGARI ba="0,0" hai="0,1,3,29,30,37,42,46,51,52,56,82,84,89" machi="82" ten="40,2600,0" yaku="1,1,54,1,53,0" doraHai="21" doraHaiUra="60" who="0" fromWho="1" sc="156,26,123,-26,404,0,317,0" /><INIT seed="3,0,0,1,1,35" ten="182,97,404,317" oya="3" hai0="132,4,134,8,19,62,57,110,116,29,75,76,33" hai1="7,3,133,27,78,87,61,79,15,131,68,108,13" hai2="23,74,64,1,93,43,113,32,47,107,51,34,69" hai3="96,121,105,128,11,100,2,90,89,114,18,16,84"/><W58/><G114/><T97/><D116/><U54/><E108/><V26/><F1/><W6/><G121/><T124/><D124/><U127/><E127/><V118/><F107/><W65/><G128/><T129/><D129/><U80/><E131/><V50/><F118/><W10/><G10/><T55/><D110/><U30/><E133/><V14/><F74/><W102/><G102/><T83/><D19/><U112/><E112/><V81/><F81/><W125/><G125/><T120/><D120/><U109/><E79/><V122/><F113/><W70/><G70/><T72/><D72/><U44/><E109/><V36/><F14/><W104/><G104/><T42/><D42/><U99/><E99/><V24/><F122/><W56/><G90/><T123/><D123/><U71/><E71/><V111/><F111/><W52/><G65/><T37/><D37/><U119/><E119/><V91/><F64/><W117/><G117/><T135/><D97/><U31/><E68/><V101/><F101/><W73/><G73/><T77/><D77/><U92/><E92/><V5/><F5/><W49/><G58/><T82/><D76/><U63/><E3/><V103/><F103/><W130/><G130/><T40/><D75/><U9/><E15/><V67/><F67/><W106/><G106/><T28/><D40/><U126/><E126/><V45/><F69/><W98/><G98/><T22/><D82/><AGARI ba="0,0" hai="2,6,11,16,18,49,52,56,82,84,89,96,100,105" machi="82" ten="30,11600,0" yaku="7,1,52,1,54,2" doraHai="35" who="3" fromWho="0" sc="182,-116,97,0,404,0,317,116" owari="66,-43.4,97,-30.3,404,20.4,433,53.3" /></mjloggm>