<mjloggm ver="2.3"><GO type="225" lobby="0"/><UN n0="%72%65%6E%6B%75%6E" n1="%E6%A1%9C%E8%8A%B1%E9%96%83%E3%80%85" n2="%52%61%69%61%6E%2E" n3="%E3%81%AA%E3%82%81%E3%81%93%E9%9B%80%E5%A3%AB" dan="17,16,16,16" rate="2213.01,2154.44,2011.20,2062.17" sx="M,M,M,M"/><TAIKYOKU oya="0"/><INIT seed="0,0,0,1,1,45" ten="250,250,250,250" oya="0" hai0="0,60,88,39,102,96,113,59,89,1,97,32,131" hai1="8,36,127,114,22,74,7,124,134,20,65,12,78" hai2="106,69,100,82,105,112,43,40,68,119,28,42,63" hai3="10,31,122,51,66,37,71,99,125,116,13,53,54"/><T135/><D39/><U92/><E36/><V19/><F112/><W26/><G116/><T62/><D113/><U48/><E114/><V57/><F28/><W103/><G37/><T104/><D32/><U117/><E117/><V16/><F119/><W15/><G125/><N who="1" m="48202" /><E134/><V123/><F123/><W79/><G79/><T64/><D135/><U91/><E65/><V50/><F82/><W80/><G80/><T72/><D72/><U24/><E78/><V56/><F50/><W3/><G54/><T118/><D118/><U30/><E74/><V109/><F109/><W101/><G101/><T55/><D131/><U130/><E48/><V17/><F100/><W61/><G10/><T107/><D107/><N who="2" m="40970" /><F63/><W6/><G6/><T14/><D14/><U132/><E130/><V49/><F49/><W76/><G76/><T115/><D115/><U121/><E121/><V11/><F11/><W38/><G3/><T75/><D75/><U93/><E132/><V73/><F73/><W9/><G9/><T81/><D81/><U94/><E22/><V126/><F126/><W52/><G53/><T2/><REACH who="0" step="1"/><D97/><AGARI ba="0,0" hai="7,8,12,20,24,30,91,92,93,94,97" m="48202" machi="97" ten="30,1000,0" yaku="18,1" doraHai="45" who="1" fromWho="0" sc="250,-10,250,10,250,0,250,0" /><INIT seed="1,0,0,5,2,39" ten="240,260,250,250" oya="1" hai0="86,96,8,27,106,16,89,72,87,76,81,42,4" hai1="75,117,47,25,74,134,77,91,49,88,65,14,120" hai2="15,43,46,111,6,84,101,99,64,56,130,122,97" hai3="2,85,45,71,135,24,7,126,37,110,68,51,63"/><U38/><E117/><V104/><F122/><W118/><G110/><T9/><D72/><U129/><E120/><V21/><F111/><W18/><G37/><T10/><D106/><U0/><E0/><V132/><F132/><W114/><G114/><T123/><D123/><U41/><E134/><V59/><F130/><W5/><G135/><T116/><D116/><U52/><E129/><V17/><F64/><W34/><G126/><T70/><D70/><U102/><E102/><V44/><F44/><W3/><G3/><T79/><D96/><U98/><E65/><V100/><F84/><W69/><G2/><T125/><D125/><U19/><E25/><V112/><F6/><W115/><G63/><T1/><D42/><U107/><E107/><V36/><REACH who="2" step="1"/><F112/><REACH who="2" ten="240,260,240,250" step="2"/><W124/><G115/><T109/><D109/><U26/><E75/><V121/><F121/><W61/><G124/><T103/><D103/><U73/><E73/><V11/><F11/><W80/><G118/><T60/><D1/><U54/><E74/><V95/><AGARI ba="0,1" hai="15,17,21,36,43,46,56,59,95,97,99,100,101,104" machi="95" ten="20,5200,0" yaku="1,1,0,1,7,1,52,1,53,0" doraHai="39" doraHaiUra="20" who="2" fromWho="2" sc="240,-13,260,-26,240,62,250,-13" /><INIT seed="2,0,0,1,3,128" ten="227,234,302,237" oya="2" hai0="65,7,70,63,18,97,8,89,133,31,109,61,68" hai1="92,78,11,119,110,106,87,59,28,126,102,132,21" hai2="15,26,67,81,88,32,16,55,3,98,17,51,96" hai3="45,0,29,120,76,22,34,40,116,99,84,35,105"/><V100/><F3/><W108/><G116/><T129/><D109/><U86/><E119/><V14/><F67/><W134/><G120/><T13/><D129/><U130/><E106/><V42/><F42/><W37/><G0/><T79/><D79/><U114/><E114/><V20/><F32/><W113/><G113/><T95/><D31/><U64/><E130/><V39/><F39/><W50/><G108/><T9/><D63/><N who="1" m="38015" /><E126/><V25/><F81/><W24/><G37/><T5/><D133/><U53/><E78/><V74/><F74/><W57/><G57/><T56/><REACH who="0" step="1"/><D18/><REACH who="0" ten="217,234,302,237" step="2"/><U121/><E132/><V93/><F17/><W131/><G131/><T58/><D58/><U104/><E110/><V112/><F112/><W122/><G134/><T111/><D111/><U47/><E121/><V43/><F25/><W103/><REACH who="3" step="1"/><G122/><REACH who="3" ten="217,234,302,227" step="2"/><T124/><D124/><U75/><E75/><V94/><F43/><W72/><G72/><T90/><D90/><U54/><E102/><V60/><F60/><W30/><G30/><T19/><D19/><U135/><E28/><V46/><AGARI ba="0,2" hai="14,15,16,20,26,46,51,55,88,93,94,96,98,100" machi="46" ten="20,12000,1" yaku="0,1,7,1,8,1,54,2" doraHai="128" who="2" fromWho="2" sc="217,-40,234,-40,302,140,227,-40" /><INIT seed="2,1,0,2,4,47" ten="177,194,442,187" oya="2" hai0="104,105,89,0,74,61,108,135,18,113,21,52,81" hai1="68,121,55,10,75,51,129,77,19,1,14,100,63" hai2="107,86,9,119,65,25,60,88,13,67,58,30,42" hai3="134,66,97,27,127,29,111,79,117,83,41,82,98"/><V64/><F119/><W4/><G117/><T122/><D0/><U87/><E75/><V53/><F107/><W84/><G111/><T28/><D113/><U24/><E129/><V38/><F38/><W109/><G109/><T70/><D122/><U130/><E130/><V49/><F42/><W90/><G127/><T103/><D108/><U35/><E121/><V11/><F60/><W33/><G134/><T54/><D28/><U26/><E1/><V62/><F62/><W101/><G66/><T46/><D135/><U132/><E35/><V131/><F131/><W3/><G41/><T99/><D104/><U114/><E100/><V110/><F110/><W118/><G118/><T92/><D46/><U8/><E114/><V23/><F13/><W37/><G37/><T20/><D20/><N who="1" m="11383" /><E63/><V125/><F125/><W124/><G124/><T31/><D31/><U32/><E32/><V116/><F116/><W96/><G3/><T123/><D123/><U16/><E68/><V80/><AGARI ba="1,0" hai="9,11,23,25,30,49,53,58,64,65,67,80,86,88" machi="80" ten="30,11700,0" yaku="0,1,8,1,52,1,54,1" doraHai="47" who="2" fromWho="2" sc="177,-40,194,-40,442,120,187,-40" /><INIT seed="2,2,0,5,2,15" ten="137,154,562,147" oya="2" hai0="64,106,76,94,54,26,101,73,116,81,92,32,131" hai1="47,87,24,100,70,11,82,50,0,51,30,110,14" hai2="36,130,3,84,85,71,59,128,112,58,104,61,53" hai3="117,96,108,79,16,129,88,8,105,35,90,39,42"/><V118/><F3/><W48/><G117/><T66/><D116/><U97/><E110/><V120/><F104/><W12/><G35/><T109/><D109/><U75/><E75/><V107/><F107/><W113/><G108/><T4/><D4/><U124/><E124/><V80/><F112/><W22/><G39/><T134/><D134/><U29/><E70/><V10/><F118/><W23/><G129/><T34/><D131/><U25/><E0/><V56/><F36/><W69/><G69/><T67/><D54/><N who="1" m="30047" /><E51/><V2/><F84/><W55/><G113/><T49/><D49/><U111/><E111/><V119/><F119/><W37/><G79/><T121/><D121/><U13/><E13/><V7/><F120/><W63/><G105/><T46/><D46/><U28/><E97/><V9/><F9/><W33/><G33/><T6/><D32/><U83/><E100/><V102/><F102/><W126/><G126/><T45/><D45/><U44/><E44/><V52/><F59/><N who="3" m="33255" /><G42/><T20/><D34/><U91/><E82/><V133/><F133/><W123/><G123/><T95/><D106/><U127/><E127/><V31/><F71/><W1/><G37/><T68/><D101/><U99/><E99/><V93/><F80/><W5/><G96/><T57/><D68/><U21/><E25/><V78/><F2/><W41/><G41/><T103/><D103/><U125/><E125/><V38/><F128/><W135/><G135/><T43/><D43/><U27/><E24/><V114/><F130/><W89/><G63/><N who="0" m="37999" /><D6/><AGARI ba="2,0" hai="6,11,14,21,27,28,29,30,83,87,91" m="30047" machi="6" ten="30,1000,0" yaku="8,1" doraHai="15" who="1" fromWho="0" sc="137,-16,154,16,562,0,147,0" /><INIT seed="3,0,0,4,3,84" ten="121,170,562,147" oya="3" hai0="25,54,80,66,104,83,30,111,72,118,59,127,55" hai1="91,88,93,70,8,101,107,106,43,125,26,13,110" hai2="32,7,14,67,1,98,87,122,135,0,38,126,112" hai3="114,21,46,6,3,73,79,22,49,29,92,10,64"/><W16/><G114/><T94/><D104/><U133/><E70/><V35/><F38/><W132/><G132/><T23/><D118/><U86/><E133/><V36/><F36/><W82/><G64/><T44/><D111/><U50/><E110/><V63/><F87/><W74/><G74/><T62/><D127/><U120/><E120/><V53/><F53/><W81/><G81/><T47/><D72/><U57/><E125/><V128/><F98/><W45/><G92/><T117/><D117/><U99/><E26/><V97/><F97/><W129/><G129/><T48/><D94/><U121/><E121/><V102/><F102/><W51/><G29/><T85/><D85/><U100/><E107/><V60/><F112/><W108/><G108/><T119/><D119/><U69/><E69/><V33/><F126/><W123/><G123/><T34/><D34/><U96/><E86/><V18/><F32/><W41/><G16/><T116/><D116/><U19/><E57/><V89/><F18/><W113/><G113/><T124/><D124/><U12/><E12/><V95/><F33/><W130/><G130/><T39/><D39/><U131/><E131/><V105/><F35/><W42/><AGARI ba="0,0" hai="3,6,10,21,22,41,42,45,46,49,51,73,79,82" machi="42" ten="20,3900,0" yaku="0,1,7,1,9,1" doraHai="84" who="3" fromWho="3" sc="121,-13,170,-13,562,-13,147,39" /><INIT seed="3,1,0,4,1,82" ten="108,157,549,186" oya="3" hai0="124,29,112,57,131,88,44,7,49,66,64,35,56" hai1="1,115,99,14,61,126,87,121,75,51,77,20,41" hai2="80,129,81,0,127,123,95,117,5,85,103,15,59" hai3="72,106,32,31,67,92,73,120,22,116,63,13,11"/><W55/><G106/><T60/><D35/><U43/><E115/><V45/><F117/><W4/><G32/><T58/><D29/><U54/><E75/><V104/><F0/><W26/><G116/><T101/><D101/><U9/><E126/><V78/><F127/><W86/><G55/><T8/><D124/><U21/><E1/><V130/><F95/><W62/><G62/><T102/><D102/><U28/><E61/><V107/><F103/><W100/><G120/><T97/><D112/><U113/><E99/><V110/><F123/><W37/><G37/><T52/><D131/><U114/><E121/><V34/><F34/><W93/><G93/><N who="0" m="56487" /><D60/><U38/><E38/><V48/><F59/><N who="0" m="15106" /><T65/><DORA hai="16" /><D8/><U19/><E113/><V30/><F15/><W91/><G100/><T109/><D109/><U46/><E114/><V111/><F5/><AGARI ba="1,0" hai="5,7,44,49,52,64,65,66" m="15106,56487" machi="5" ten="40,5200,0" yaku="8,1,54,2" doraHai="82,16" who="0" fromWho="2" sc="108,55,157,0,549,-55,186,0" owari="163,-23.7,157,-34.3,494,59.4,186,-1.4" /></mjloggm>