<mjloggm ver="2.3"><GO type="225" lobby="0"/><UN n0="%72%61%6B%33" n1="%E3%82%A2%E3%82%A4%E3%82%B9%E3%83%86%E3%82%A3%E3%83%BC%E3%81%82%E3%81%B9" n2="%E7%B4%94%E6%BD%94%E3%83%94%E3%83%A9%E3%83%8B%E3%82%A2" n3="%E3%81%AA%E3%81%A1%30%39%32%37" dan="17,16,17,16" rate="2137.88,2099.37,2135.58,2099.36" sx="M,M,M,M"/><TAIKYOKU oya="0"/><INIT seed="0,0,0,1,3,23" ten="250,250,250,250" oya="0" hai0="76,38,18,89,41,22,98,9,124,14,64,70,118" hai1="27,130,82,40,133,132,54,66,93,69,1,119,84" hai2="60,3,37,125,129,90,50,15,114,126,101,72,53" hai3="108,112,36,77,13,120,5,116,111,117,26,11,122"/><T10/><D118/><N who="3" m="45673" /><G36/><T67/><D124/><N who="2" m="47722" /><F3/><W52/><G77/><T33/><D33/><U28/><E1/><V25/><F15/><W56/><G26/><T105/><D76/><U29/><E29/><V55/><F72/><W58/><G58/><T121/><D121/><N who="3" m="46697" /><G52/><N who="2" m="20041" /><F50/><W65/><G65/><T61/><D67/><U127/><E54/><V7/><F7/><W42/><G56/><T88/><D38/><U30/><E66/><V128/><F60/><W43/><G43/><T104/><D41/><U46/><E40/><V99/><F90/><W96/><G96/><T51/><D51/><U48/><E48/><V21/><F37/><W47/><G47/><T131/><D89/><U73/><E46/><V107/><F114/><W86/><G86/><T71/><D88/><U135/><E84/><V100/><F100/><W8/><G42/><T57/><D61/><U83/><E119/><V12/><F12/><N who="3" m="5135" /><G112/><T123/><D123/><U109/><E127/><V74/><F74/><W110/><G110/><T6/><D64/><U87/><E109/><V20/><F20/><W34/><G34/><T19/><D22/><U106/><E73/><V62/><F62/><W95/><G13/><T59/><D14/><U91/><E91/><V81/><F81/><W2/><G2/><T49/><D49/><U115/><E83/><V80/><F80/><W134/><G11/><T39/><D39/><U79/><E82/><V113/><F113/><W94/><G134/><T44/><D44/><U45/><E133/><V75/><F75/><W17/><G17/><AGARI ba="0,0" hai="17,21,25,99,101,107,128,129" m="20041,47722" machi="17" ten="30,3900,0" yaku="18,1,52,1,54,1" doraHai="23" who="2" fromWho="3" sc="250,0,250,0,250,39,250,-39" /><INIT seed="1,0,0,5,1,127" ten="250,250,289,211" oya="1" hai0="78,94,41,88,40,2,93,5,26,109,87,44,92" hai1="50,47,62,11,54,80,100,117,63,48,77,134,103" hai2="110,104,112,74,85,84,19,33,68,95,106,3,25" hai3="75,121,0,81,7,56,98,46,9,13,57,129,79"/><U99/><E134/><V18/><F68/><W130/><G121/><T89/><D109/><U32/><E32/><V38/><F38/><W67/><G98/><T70/><D70/><U15/><E117/><V122/><F3/><W126/><G126/><T108/><D108/><U91/><E91/><V20/><F74/><W97/><G97/><T66/><D66/><U71/><E71/><V23/><F33/><W132/><G132/><T107/><D107/><U8/><E50/><V65/><F65/><W90/><G90/><T119/><D119/><U21/><E21/><V29/><F95/><W116/><G116/><T1/><D26/><U115/><E11/><V36/><F36/><W101/><G101/><N who="1" m="38986" /><E99/><V42/><F25/><W43/><G13/><T16/><D89/><U82/><E115/><V30/><F110/><W37/><G56/><T102/><D102/><U35/><E35/><V52/><F42/><W55/><G67/><T58/><D58/><N who="1" m="35159" /><E63/><AGARI ba="0,0" hai="0,7,9,37,43,46,55,57,63,75,79,81,129,130" machi="63" ten="40,8000,1" yaku="25,2,52,2" doraHai="127" who="3" fromWho="1" sc="250,0,250,-80,289,0,211,80" /><INIT seed="2,0,0,5,1,115" ten="250,170,289,291" oya="2" hai0="101,45,76,7,100,15,47,31,95,34,71,58,77" hai1="37,79,110,50,92,123,13,56,8,122,26,54,83" hai2="114,125,88,46,20,82,44,49,96,108,57,129,74" hai3="107,99,69,36,119,27,132,22,111,128,18,30,4"/><V121/><F114/><W124/><G111/><T9/><D71/><U112/><E112/><V40/><F121/><W113/><G113/><T24/><D58/><U78/><E37/><V105/><F108/><W12/><G36/><T133/><D133/><U14/><E110/><V6/><F129/><W116/><G69/><T53/><D47/><U65/><E26/><V94/><F125/><W104/><G124/><T135/><D135/><U109/><E109/><V55/><F105/><N who="3" m="40523" /><G132/><T51/><REACH who="0" step="1"/><D95/><REACH who="0" ten="240,170,289,291" step="2"/><U52/><E92/><V118/><F44/><W117/><G128/><T84/><D84/><U134/><E134/><V59/><F57/><W67/><G99/><T28/><D28/><U103/><E65/><V130/><F130/><W106/><G106/><T90/><D90/><U11/><E103/><AGARI ba="0,1" hai="7,9,15,24,31,34,45,51,53,76,77,100,101,103" machi="103" ten="40,8000,1" yaku="1,1,53,3" doraHai="115" doraHaiUra="97" who="0" fromWho="1" sc="240,90,170,-80,289,0,291,0" /><INIT seed="3,0,0,3,0,100" ten="330,90,289,291" oya="3" hai0="128,89,39,36,135,75,133,38,119,15,118,25,45" hai1="34,11,91,4,12,80,108,37,130,111,98,125,1" hai2="16,124,18,64,10,99,93,3,42,116,127,56,2" hai3="44,57,85,17,77,68,30,76,58,40,112,20,24"/><W87/><G112/><T103/><D128/><U105/><E80/><V88/><F42/><W49/><G68/><T31/><D75/><U78/><E78/><V55/><F64/><W53/><G58/><T62/><D45/><U63/><E12/><N who="2" m="7191" /><F18/><W59/><G59/><T106/><D15/><U19/><E19/><V134/><F116/><N who="0" m="44586" /><D89/><U43/><E91/><V47/><F47/><W79/><REACH who="3" step="1"/><G17/><REACH who="3" ten="330,90,289,281" step="2"/><T110/><D62/><AGARI ba="0,1" hai="20,24,30,40,44,49,53,57,62,76,77,79,85,87" machi="62" ten="40,7700,0" yaku="1,1,2,1,8,1,53,0" doraHai="100" doraHaiUra="86" who="3" fromWho="0" sc="330,-77,90,0,289,0,281,87" owari="253,-14.7,90,-41.0,289,8.9,368,46.8" /></mjloggm>