<mjloggm ver="2.3"><GO type="225" lobby="0"/><UN n0="%E3%82%B7%E3%83%A5%E3%83%9E%E3%82%A4%E3%82%B1%E3%83%AB" n1="%E2%91%A3%E9%81%BF%E9%81%8A%E6%88%AF%E3%80%90%E6%9D%B1%E5%8D%97%E3%80%91" n2="%E3%81%86%E3%82%8B%E3%81%8A%E3%81%A1%E3%82%83" n3="%E8%90%BD%E6%97%A5" dan="16,16,16,19" rate="2187.55,2044.99,2119.51,2231.96" sx="M,M,F,F"/><TAIKYOKU oya="0"/><INIT seed="0,0,0,3,0,46" ten="250,250,250,250" oya="0" hai0="31,23,47,84,125,13,81,2,7,34,115,93,70" hai1="67,78,99,97,74,105,88,122,22,111,82,112,64" hai2="62,27,17,102,75,56,94,21,100,39,123,104,130" hai3="103,35,38,33,114,29,77,9,121,80,86,124,61"/><T120/><D120/><U117/><E122/><V37/><F123/><W53/><G121/><RYUUKYOKU type="kaze4" ba="0,0" sc="250,0,250,0,250,0,250,0" /><INIT seed="0,1,0,2,4,123" ten="250,250,250,250" oya="0" hai0="73,37,40,89,106,132,48,69,100,54,56,68,1" hai1="131,21,85,65,22,119,122,87,7,98,53,25,13" hai2="57,126,31,9,66,51,63,36,117,27,11,105,74" hai3="60,91,5,33,12,95,34,75,115,86,29,135,97"/><T93/><D1/><U96/><E122/><V129/><F36/><W18/><G115/><T102/><D73/><U67/><E119/><V8/><F74/><W82/><G135/><T46/><D132/><U55/><E131/><V124/><F105/><W50/><G75/><T45/><D106/><U127/><E127/><V116/><F51/><W114/><G114/><T130/><D130/><U41/><E7/><V111/><F111/><W110/><G110/><T121/><D121/><U30/><E13/><V26/><F129/><W14/><G29/><T42/><D68/><U59/><E41/><V70/><F70/><W61/><G12/><T49/><REACH who="0" step="1"/><D69/><REACH who="0" ten="240,250,250,250" step="2"/><U84/><E55/><V43/><F43/><W88/><G5/><T81/><D81/><U101/><E22/><V20/><REACH who="2" step="1"/><F27/><REACH who="2" ten="240,250,240,250" step="2"/><W47/><G34/><T112/><D112/><U15/><E25/><V62/><F62/><W28/><G33/><T80/><D80/><U58/><E21/><V35/><F35/><W4/><G61/><T77/><D77/><U24/><E24/><V64/><F64/><W103/><G60/><T108/><D108/><U76/><E67/><V38/><F38/><W104/><G104/><T72/><D72/><U90/><E65/><V52/><F52/><W128/><G128/><T23/><D23/><U17/><E53/><V2/><F2/><W120/><G120/><T113/><D113/><U107/><E107/><V94/><F94/><W10/><G95/><T6/><D6/><U134/><E76/><V83/><F83/><W125/><G82/><T19/><D19/><U39/><E17/><RYUUKYOKU ba="1,2" sc="240,15,250,-15,240,15,250,-15" hai0="37,40,42,45,46,48,49,54,56,89,93,100,102" hai2="8,9,11,20,26,31,57,63,66,116,117,124,126" /><INIT seed="0,2,2,4,3,89" ten="255,235,255,235" oya="0" hai0="62,112,55,54,87,20,56,104,63,95,3,128,131" hai1="73,45,70,121,23,14,17,96,60,118,64,78,68" hai2="32,21,119,44,4,19,99,65,37,76,5,120,98" hai3="11,13,24,74,0,15,115,80,97,90,42,100,9"/><T92/><D104/><U47/><E121/><V52/><F32/><W61/><G115/><T2/><D112/><U59/><E118/><V123/><F65/><W31/><G42/><T40/><D40/><U113/><E113/><V29/><F76/><W22/><G61/><T91/><D20/><U126/><E126/><V50/><F37/><W114/><G114/><T110/><D110/><U127/><E127/><V134/><F29/><W81/><G0/><T71/><D95/><U57/><E78/><V102/><F98/><W18/><G74/><T10/><D10/><U122/><E73/><V125/><F119/><W46/><G46/><T83/><D83/><U12/><E122/><V1/><F125/><W28/><G90/><T30/><D30/><U66/><E96/><V33/><F33/><W7/><REACH who="3" step="1"/><G28/><REACH who="3" ten="255,235,255,225" step="2"/><T51/><D63/><U129/><E60/><V101/><F1/><W84/><G84/><T8/><D71/><U130/><E17/><V58/><F120/><W85/><G85/><T53/><D53/><U72/><E72/><V69/><F69/><W86/><G86/><T39/><D2/><U48/><E48/><V107/><F123/><W75/><G75/><T111/><D39/><U88/><E88/><V82/><F50/><W106/><AGARI ba="2,3" hai="7,9,11,13,15,18,22,24,31,80,81,97,100,106" machi="106" ten="20,5200,0" yaku="1,1,0,1,7,1,53,1" doraHai="89" doraHaiUra="27" who="3" fromWho="3" sc="255,-28,235,-15,255,-15,225,88" /><INIT seed="1,0,0,3,5,22" ten="227,220,240,313" oya="1" hai0="53,51,52,43,110,88,79,129,67,73,37,109,45" hai1="95,10,104,46,89,54,84,80,77,26,130,71,62" hai2="133,90,131,118,16,12,81,125,38,42,98,1,61" hai3="82,4,101,7,28,107,116,83,97,11,35,6,100"/><U17/><E104/><V113/><F118/><W49/><G116/><T8/><D129/><U102/><E130/><V14/><F1/><W23/><G35/><T64/><D79/><U50/><E102/><V20/><F131/><W31/><G101/><T120/><D73/><U30/><E71/><V66/><F125/><W60/><G11/><T85/><D8/><U58/><E10/><V126/><F126/><W5/><G31/><T21/><D21/><U13/><E13/><V19/><F133/><W132/><G132/><T122/><D67/><U92/><E17/><V0/><F0/><W128/><G128/><T134/><D64/><U135/><E135/><V94/><F113/><W103/><G103/><T69/><D69/><U47/><E47/><V105/><F105/><W96/><G96/><T65/><D65/><U41/><REACH who="1" step="1"/><E77/><REACH who="1" ten="227,210,240,313" step="2"/><V40/><F19/><W124/><G124/><T39/><D134/><U27/><E27/><V112/><F12/><W33/><G4/><T86/><D120/><U91/><E91/><V87/><F112/><W3/><G3/><T117/><D122/><U2/><E2/><V108/><F14/><W123/><G123/><T57/><D117/><U32/><AGARI ba="0,1" hai="26,30,32,41,46,50,54,58,62,80,84,89,92,95" machi="32" ten="20,7800,0" yaku="1,1,0,1,7,1,52,1,53,0" doraHai="22" doraHaiUra="127" who="1" fromWho="1" sc="227,-26,210,88,240,-26,313,-26" /><INIT seed="1,1,0,3,0,27" ten="201,298,214,287" oya="1" hai0="93,112,50,71,117,58,124,59,0,3,79,26,123" hai1="43,41,31,54,95,103,85,74,94,107,66,96,75" hai2="49,92,2,15,20,130,61,89,122,76,13,47,116" hai3="88,19,40,80,113,131,64,28,118,39,29,120,48"/><U46/><E43/><N who="2" m="24831" /><F2/><W16/><G120/><T38/><D38/><U8/><E54/><V65/><F116/><W63/><G113/><T128/><D71/><U77/><E66/><V129/><F122/><W105/><G105/><T53/><D112/><U115/><E31/><N who="3" m="11850" /><G39/><T78/><D117/><U69/><E69/><V51/><F76/><W121/><G131/><N who="2" m="50185" /><F51/><W100/><G100/><T55/><D128/><U109/><E115/><V134/><F20/><W106/><G106/><T125/><D123/><U127/><E75/><V1/><F1/><W52/><G40/><T36/><D36/><U34/><E34/><V21/><F21/><W135/><G135/><T45/><D0/><U9/><E74/><V44/><F44/><N who="3" m="27655" /><G121/><T110/><D3/><U4/><E107/><V18/><F18/><W24/><G24/><T82/><D26/><U68/><E4/><V87/><F134/><W101/><G101/><T35/><D35/><U91/><E103/><V133/><F133/><W56/><G118/><T60/><D45/><U70/><E9/><V10/><F10/><W90/><G80/><T17/><D82/><U14/><E8/><V73/><F73/><W102/><G102/><T67/><D124/><U99/><E127/><V86/><F13/><W62/><G62/><T97/><D125/><U81/><E14/><V104/><F104/><W12/><G12/><T22/><D60/><U83/><E81/><V7/><F15/><W84/><G84/><T119/><D119/><U126/><E126/><V132/><F132/><W25/><G25/><T32/><D32/><U42/><E83/><RYUUKYOKU ba="1,0" sc="201,-10,298,-10,214,-10,287,30" hai3="16,19,56,63,64,88,90" /><INIT seed="2,2,0,2,5,75" ten="191,288,204,317" oya="2" hai0="35,73,3,92,26,89,135,61,66,57,17,52,58" hai1="86,120,79,29,27,106,113,33,117,94,54,8,47" hai2="1,62,18,49,91,93,87,43,56,69,21,72,50" hai3="25,124,53,133,123,85,100,104,16,98,95,122,90"/><V96/><F72/><W7/><G133/><T38/><D38/><U99/><E117/><V134/><F134/><W6/><G124/><T39/><D135/><U97/><E120/><V36/><F1/><W101/><G101/><T119/><D39/><U0/><E113/><V41/><F69/><W84/><G84/><T114/><D3/><U65/><E65/><V110/><F110/><W9/><G7/><T112/><D73/><U44/><E106/><V59/><F36/><W80/><G104/><T20/><D35/><U60/><E99/><V118/><F118/><W5/><G5/><T82/><D82/><U115/><E115/><V81/><F43/><W30/><G53/><T46/><D46/><U15/><E0/><V132/><F132/><W130/><G130/><T11/><D11/><U4/><E60/><V77/><F41/><W32/><REACH who="3" step="1"/><G16/><REACH who="3" ten="191,288,204,307" step="2"/><T63/><D119/><U14/><E54/><V131/><F131/><W121/><G121/><T126/><D126/><U78/><E86/><AGARI ba="2,1" hai="17,20,26,52,57,58,61,63,66,86,89,92,112,114" machi="86" ten="30,2000,0" yaku="7,1,54,1" doraHai="75" who="0" fromWho="1" sc="191,36,288,-26,204,0,307,0" /><INIT seed="3,0,0,2,5,54" ten="227,262,204,307" oya="3" hai0="104,26,109,28,63,112,87,44,122,15,0,78,115" hai1="69,5,133,68,88,13,119,96,107,100,65,105,31" hai2="47,24,84,135,48,43,134,98,118,74,64,114,55" hai3="106,120,53,62,101,29,14,50,126,71,32,52,89"/><W56/><G120/><T37/><D122/><U49/><E133/><N who="2" m="50699" /><F74/><W17/><G126/><T46/><D0/><U131/><E131/><V85/><F114/><N who="0" m="43562" /><D104/><U93/><E119/><V27/><F118/><W8/><G32/><T132/><D132/><U25/><E49/><N who="2" m="26879" /><F64/><W129/><G29/><T2/><D109/><U60/><E69/><V124/><F98/><W125/><G125/><T9/><D2/><U92/><E13/><V36/><F36/><W91/><G129/><T90/><D78/><U12/><E12/><V35/><F124/><W18/><G71/><T38/><D63/><U58/><E5/><V33/><F33/><W39/><G39/><T80/><D37/><U23/><E68/><V108/><F108/><W97/><G18/><N who="0" m="8559" /><D38/><U79/><E79/><V116/><F116/><W57/><AGARI ba="0,0" hai="8,14,17,50,52,53,56,57,62,89,91,97,101,106" machi="57" ten="20,12000,1" yaku="0,1,7,1,52,2,54,1" doraHai="54" who="3" fromWho="3" sc="227,-40,262,-40,204,-40,307,120" owari="187,-21.3,222,2.2,164,-33.6,427,52.7" /></mjloggm>