<mjloggm ver="2.3"><GO type="225" lobby="0"/><UN n0="%E8%A8%88%E7%AE%97%E6%A9%9F%E8%87%AA%E7%84%B6" n1="%E6%A1%9C%E8%8A%B1%E9%96%83%E3%80%85" n2="%57%69%73%68%61%72%74" n3="%E3%83%9D%E3%82%B1%E3%83%83%E3%83%88" dan="17,17,16,16" rate="2192.73,2185.79,2067.69,2106.74" sx="M,M,M,M"/><TAIKYOKU oya="0"/><INIT seed="0,0,0,4,4,106" ten="250,250,250,250" oya="0" hai0="84,20,54,126,87,39,17,32,118,98,77,7,112" hai1="81,66,113,45,64,74,99,28,37,76,71,52,96" hai2="85,14,47,129,123,80,44,131,89,19,31,11,120" hai3="125,92,29,60,21,114,119,43,108,10,5,93,12"/><T82/><D112/><U109/><E113/><V3/><F31/><W103/><G114/><T65/><D118/><U102/><E109/><V73/><F73/><W107/><G119/><T105/><D32/><U88/><E28/><V59/><F59/><W34/><G108/><T101/><D39/><U70/><E37/><V27/><F27/><W38/><G125/><T91/><D126/><U36/><E36/><V13/><F13/><W128/><G128/><N who="2" m="49225" /><F3/><W133/><G133/><T132/><D132/><U79/><E71/><V33/><F33/><W49/><G34/><T25/><D65/><U130/><E130/><V78/><F78/><N who="1" m="29737" /><E74/><V50/><F47/><W30/><G30/><T15/><D54/><AGARI ba="0,0" hai="11,14,19,44,50,54,80,85,89,120,123" m="49225" machi="54" ten="30,2000,0" yaku="25,1,19,1" doraHai="106" who="2" fromWho="0" sc="250,-20,250,0,250,20,250,0" /><INIT seed="1,0,0,0,1,39" ten="230,250,270,250" oya="1" hai0="57,25,29,121,21,111,59,0,26,33,20,43,88" hai1="119,56,130,127,84,1,68,101,53,35,45,62,64" hai2="50,34,61,14,10,5,8,16,135,85,82,112,95" hai3="52,28,87,73,99,36,128,83,19,98,41,46,22"/><U15/><E1/><V124/><F34/><W24/><G73/><T6/><D111/><U12/><E119/><V92/><F124/><W131/><G28/><T40/><D121/><U129/><E127/><V93/><F135/><W107/><G52/><T47/><D33/><U90/><E101/><V66/><F112/><W91/><REACH who="3" step="1"/><G107/><REACH who="3" ten="230,250,270,240" step="2"/><T122/><D122/><U118/><E118/><V38/><F38/><W106/><G106/><T23/><D29/><U7/><E35/><V116/><F116/><W109/><G109/><T51/><D40/><U37/><E130/><AGARI ba="0,1" hai="19,22,24,36,41,46,83,87,91,98,99,128,130,131" machi="130" ten="40,5200,0" yaku="1,1,19,1,52,1,53,0" doraHai="39" doraHaiUra="75" who="3" fromWho="1" sc="230,0,250,-52,270,0,240,62" /><INIT seed="2,0,0,5,3,48" ten="230,198,270,302" oya="2" hai0="11,121,25,119,131,84,127,88,36,75,97,92,3" hai1="89,82,116,105,80,33,125,15,72,107,98,32,66" hai2="126,134,9,60,71,20,23,55,39,106,117,43,17" hai3="63,45,112,58,83,120,8,113,57,133,31,16,101"/><V7/><F117/><W99/><G120/><T100/><D121/><U103/><E116/><V54/><F106/><W37/><G133/><T41/><D119/><U1/><E1/><V129/><F134/><W19/><G31/><T78/><D131/><U22/><E66/><V47/><F129/><W38/><G83/><N who="0" m="45535" /><D25/><U79/><E125/><V74/><F126/><W86/><G86/><T128/><D128/><U49/><E105/><V95/><F23/><W87/><G87/><T4/><D127/><U93/><E82/><V21/><F21/><W90/><G90/><T46/><D84/><N who="1" m="52391" /><E49/><V2/><F95/><W59/><G63/><T6/><D6/><U27/><E15/><V67/><REACH who="2" step="1"/><F74/><REACH who="2" ten="230,198,260,302" step="2"/><W111/><G112/><T123/><D123/><U13/><E13/><AGARI ba="0,1" hai="2,7,9,13,17,20,39,43,47,54,55,60,67,71" machi="13" ten="30,12000,1" yaku="1,1,2,1,7,1,52,2,53,0" doraHai="48" doraHaiUra="81" who="2" fromWho="1" sc="230,0,198,-120,260,130,302,0" /><INIT seed="2,1,0,4,3,20" ten="230,78,390,302" oya="2" hai0="129,47,10,112,26,78,88,75,107,3,115,25,94" hai1="73,11,29,5,8,99,104,56,113,63,59,122,65" hai2="50,98,108,19,6,64,15,12,86,24,1,85,132" hai3="28,131,111,130,45,44,66,83,34,18,81,23,84"/><V117/><F117/><W38/><G111/><T133/><D107/><U93/><E113/><V72/><F72/><W92/><G66/><T48/><D78/><U62/><E122/><V103/><F132/><W51/><G38/><T91/><D75/><U68/><E104/><V52/><F108/><W97/><G28/><T14/><D3/><U46/><E73/><V114/><F64/><W37/><G34/><T110/><D110/><U123/><E123/><V32/><F1/><W33/><G33/><T125/><D133/><U36/><E29/><V41/><F41/><W60/><G60/><T49/><D129/><N who="3" m="49161" /><G37/><T76/><D76/><U31/><E31/><V120/><F32/><W53/><G45/><T69/><D69/><U40/><E63/><V35/><F35/><W0/><G84/><T17/><D125/><U121/><E121/><V77/><F120/><W89/><G0/><T82/><D82/><U7/><E68/><V106/><F114/><W74/><G74/><T80/><D115/><U9/><REACH who="1" step="1"/><E56/><REACH who="1" ten="230,68,390,302" step="2"/><V61/><F61/><W4/><G4/><T102/><D112/><U71/><E71/><V42/><F6/><W109/><G109/><T87/><D102/><AGARI ba="1,1" hai="5,7,8,9,11,36,40,46,59,62,65,93,99,102" machi="102" ten="40,1300,0" yaku="1,1,53,0" doraHai="20" doraHaiUra="30" who="1" fromWho="0" sc="230,-16,68,26,390,0,302,0" /><INIT seed="3,0,0,5,4,83" ten="214,94,390,302" oya="3" hai0="27,74,122,62,73,112,71,116,9,36,129,104,37" hai1="16,44,100,93,123,133,21,57,47,70,68,76,88" hai2="40,128,120,63,95,23,126,25,72,13,30,77,118" hai3="91,130,80,108,52,17,75,114,105,28,56,49,96"/><W7/><G114/><T64/><D9/><U19/><E123/><V33/><F118/><W69/><G69/><T1/><D27/><U41/><E133/><V55/><F120/><W121/><G121/><T46/><D46/><U54/><E68/><V98/><F128/><W119/><G119/><T124/><D62/><U92/><E70/><V32/><F126/><W113/><G113/><T60/><D60/><U89/><E76/><V15/><F40/><W26/><G130/><T84/><D84/><U109/><E109/><V2/><F77/><W6/><G108/><T97/><D97/><U31/><E100/><V107/><F72/><W103/><G17/><T106/><D37/><U14/><E31/><V79/><F79/><W5/><G75/><T43/><D43/><U102/><E102/><N who="2" m="60767" /><F107/><W29/><REACH who="3" step="1"/><G26/><REACH who="3" ten="214,94,390,292" step="2"/><T3/><D73/><U53/><E57/><N who="2" m="35263" /><F2/><W94/><G94/><T11/><D1/><U34/><E41/><V127/><F127/><W45/><G45/><T78/><D104/><U48/><E34/><V39/><F33/><W0/><G0/><T125/><D124/><U87/><E19/><V42/><F32/><W35/><G35/><T18/><D125/><U12/><E12/><V110/><F110/><W65/><G65/><T117/><D122/><U10/><E21/><V22/><F22/><W90/><G90/><T59/><D117/><U66/><E66/><V20/><F23/><W51/><G51/><T111/><D116/><U58/><REACH who="1" step="1"/><E53/><REACH who="1" ten="214,84,390,292" step="2"/><V50/><F39/><W8/><G8/><T99/><D71/><U82/><E82/><V38/><F38/><RYUUKYOKU ba="0,2" sc="214,-30,84,10,390,10,292,10" hai1="10,14,16,44,47,48,54,58,87,88,89,92,93" hai2="13,15,20,25,30,42,50" hai3="5,6,7,28,29,49,52,56,80,91,96,103,105" /><INIT seed="3,1,2,5,0,32" ten="184,94,400,302" oya="3" hai0="27,68,48,18,106,133,82,83,94,29,119,57,71" hai1="8,107,126,47,20,101,37,30,5,11,84,10,97" hai2="99,95,96,9,63,54,118,102,45,103,26,79,104" hai3="59,62,117,77,35,93,132,64,1,113,55,134,110"/><W108/><G35/><T56/><D106/><U92/><E126/><V53/><F118/><W81/><G117/><T69/><D119/><U129/><E129/><V130/><F130/><W70/><G93/><T4/><D18/><U112/><E112/><V25/><F79/><W43/><G113/><T17/><D17/><U85/><E37/><V67/><F9/><W122/><G1/><T105/><D105/><U24/><E47/><V51/><F54/><W12/><G12/><T33/><D133/><N who="3" m="51305" /><G122/><T19/><D19/><U123/><E123/><V78/><F78/><W100/><G100/><T74/><D74/><U0/><REACH who="1" step="1"/><E107/><REACH who="1" ten="184,84,400,302" step="2"/><V76/><F76/><W6/><G77/><T124/><D124/><U73/><E73/><V127/><F127/><W21/><G81/><T91/><D83/><U75/><E75/><V58/><AGARI ba="1,3" hai="25,26,45,51,53,58,63,67,95,96,99,102,103,104" machi="58" ten="20,1500,0" yaku="0,1,7,1" doraHai="32" who="2" fromWho="2" sc="184,-5,84,-5,400,48,302,-8" owari="179,-22.1,79,-42.1,448,54.8,294,9.4" /></mjloggm>