<mjloggm ver="2.3"><GO type="225" lobby="0"/><UN n0="%E5%8F%AF%E5%85%90%E9%82%A3%E7%94%B1%E5%A4%9A" n1="%72%61%6B%33" n2="%E3%81%A8%E3%82%93%E3%81%A8%E3%81%93%E3%81%A8%E3%82%93" n3="%E5%B0%8F%E9%B3%A5%E9%81%8A%E7%B7%B4%E7%84%A1%32%31%E6%AD%B3" dan="17,16,16,16" rate="2247.70,2109.09,2122.55,2150.12" sx="F,M,M,F"/><TAIKYOKU oya="0"/><INIT seed="0,0,0,3,3,113" ten="250,250,250,250" oya="0" hai0="7,52,17,19,109,3,8,48,34,100,81,44,118" hai1="13,117,29,35,82,32,95,45,10,122,49,104,68" hai2="42,5,97,85,41,28,14,39,105,87,135,33,26" hai3="38,20,90,6,64,66,31,79,67,70,129,15,120"/><T0/><D34/><U47/><E104/><V24/><F135/><W83/><G70/><T125/><D125/><U132/><E68/><V37/><F5/><W88/><G129/><T130/><D130/><U46/><E122/><V111/><F14/><W59/><G38/><T126/><D126/><U61/><E132/><V103/><F111/><W50/><G120/><T57/><D0/><U108/><E108/><V121/><F121/><W51/><G6/><T22/><D109/><U114/><E61/><V74/><F74/><W16/><G31/><T131/><D131/><U65/><E65/><V94/><F94/><W93/><G59/><T30/><D118/><U72/><E117/><V92/><F92/><W12/><G12/><T89/><D100/><U25/><E95/><V56/><F56/><W110/><G110/><T115/><D115/><U54/><E32/><V80/><F24/><W71/><G71/><T53/><D30/><U1/><E1/><V21/><F33/><W4/><G4/><T91/><D81/><U134/><E134/><V116/><F116/><W62/><G62/><T123/><D123/><U58/><E114/><V78/><REACH who="2" step="1"/><F85/><REACH who="2" ten="250,250,240,250" step="2"/><N who="3" m="50239" /><G79/><T76/><D76/><U75/><REACH who="1" step="1"/><E82/><REACH who="1" ten="250,240,240,250" step="2"/><V18/><F18/><AGARI ba="0,2" hai="10,13,18,25,29,35,45,46,47,49,54,58,72,75" machi="18" ten="40,2600,0" yaku="1,1,2,1,53,0" doraHai="113" doraHaiUra="102" who="1" fromWho="2" sc="250,0,240,46,240,-26,250,0" /><INIT seed="1,0,0,5,2,9" ten="250,286,214,250" oya="1" hai0="88,19,56,58,120,111,28,107,109,42,59,10,78" hai1="34,17,26,45,68,33,8,3,53,81,122,65,98" hai2="27,13,15,131,70,106,29,57,71,79,90,83,46" hai3="38,60,132,105,128,22,55,30,101,4,115,21,36"/><U135/><E122/><V54/><F106/><W6/><G115/><T108/><D107/><U39/><E135/><V100/><F100/><W92/><G105/><T89/><D120/><U67/><E98/><V110/><F110/><W77/><G77/><T119/><D119/><U114/><E114/><V62/><F131/><W5/><G132/><T91/><D78/><U18/><E68/><V37/><F90/><W73/><G73/><T2/><D28/><U124/><E124/><V99/><F99/><W75/><G75/><T97/><D42/><U52/><E3/><V129/><F129/><W32/><G32/><T1/><D97/><U127/><E127/><V80/><F80/><W40/><G101/><T64/><D64/><U104/><E81/><V134/><F134/><W0/><G92/><T35/><D35/><U47/><E104/><V102/><F102/><W24/><G0/><T61/><D61/><U123/><E8/><V121/><F121/><W14/><G40/><T130/><D130/><U126/><E123/><V72/><F46/><W96/><G96/><T133/><D133/><U50/><E126/><V74/><F37/><W23/><G38/><T76/><D76/><U25/><REACH who="1" step="1"/><E50/><REACH who="1" ten="250,276,214,250" step="2"/><V43/><F72/><W44/><G128/><T63/><D63/><U16/><E16/><V94/><F94/><W84/><G60/><T20/><D10/><U66/><E66/><V48/><F70/><W103/><G36/><AGARI ba="0,1" hai="17,18,25,26,33,34,36,39,45,47,52,53,65,67" machi="36" ten="25,9600,0" yaku="1,1,22,2,54,1,53,0" doraHai="9" doraHaiUra="95" who="1" fromWho="3" sc="250,0,276,106,214,0,250,-96" /><INIT seed="1,1,0,4,0,102" ten="250,382,214,154" oya="1" hai0="29,111,44,80,93,75,32,105,132,42,17,31,49" hai1="95,61,101,57,33,104,40,23,50,110,9,46,81" hai2="4,10,117,2,97,66,113,65,109,79,86,24,27" hai3="77,13,78,100,115,45,47,53,8,64,89,7,35"/><U69/><E33/><V20/><F117/><W12/><G35/><T84/><D111/><U122/><E122/><V130/><F109/><W98/><G115/><T91/><D132/><U11/><E110/><V37/><F37/><W123/><G123/><T134/><D134/><U54/><E81/><V103/><F130/><W92/><G64/><T1/><D1/><U107/><E23/><V70/><F113/><W125/><G125/><T25/><D105/><U48/><E95/><V74/><F74/><W85/><G13/><T76/><D29/><U34/><E34/><V3/><F3/><W41/><G53/><T39/><REACH who="0" step="1"/><D17/><REACH who="0" ten="240,382,214,154" step="2"/><U52/><E107/><V38/><F2/><W56/><G56/><T59/><D59/><U128/><E128/><V21/><F70/><W112/><G112/><T43/><D43/><U58/><E69/><V71/><F71/><W51/><REACH who="3" step="1"/><G47/><REACH who="3" ten="240,382,214,144" step="2"/><T90/><D90/><U36/><E58/><V73/><F79/><W124/><G124/><T62/><D62/><U68/><E61/><V126/><F126/><W106/><AGARI ba="1,2" hai="7,8,12,41,45,51,77,78,85,89,92,98,100,106" machi="106" ten="20,5200,0" yaku="1,1,0,1,7,1,52,1,53,0" doraHai="102" doraHaiUra="14" who="3" fromWho="3" sc="240,-14,382,-27,214,-14,144,75" /><INIT seed="2,0,0,1,4,94" ten="226,355,200,219" oya="2" hai0="108,40,6,90,12,104,50,69,55,4,24,124,25" hai1="96,83,33,44,36,43,41,116,91,95,97,48,61" hai2="105,133,111,16,117,79,107,34,32,17,8,66,126" hai3="49,62,54,45,58,112,84,3,128,122,30,99,110"/><V27/><F117/><W88/><G122/><T20/><D69/><U76/><E116/><V47/><F126/><W118/><G118/><T68/><D68/><U7/><E33/><V2/><F79/><W19/><G3/><T93/><D104/><U22/><E61/><V0/><F66/><W57/><G128/><T78/><D78/><U120/><E120/><V9/><F47/><W98/><G110/><T31/><D40/><U125/><E125/><V60/><F60/><W1/><G1/><N who="2" m="617" /><F133/><W59/><G30/><T80/><D108/><U86/><E36/><V5/><F111/><W132/><G132/><T46/><D124/><U35/><E35/><N who="2" m="13355" /><F27/><W85/><G85/><T106/><D106/><N who="2" m="40458" /><F5/><W109/><G109/><T64/><D64/><U119/><E119/><V37/><F37/><W52/><G112/><T42/><D80/><U39/><E7/><V26/><F26/><W135/><G135/><T75/><D24/><U130/><E39/><V15/><F15/><W28/><G28/><T113/><D12/><U38/><E38/><V23/><F23/><W14/><G58/><T13/><D13/><U115/><E22/><V121/><F121/><W18/><G57/><T101/><D4/><U71/><E41/><V11/><AGARI ba="0,0" hai="8,9,11,16,17" m="40458,13355,617" machi="11" ten="40,7800,0" yaku="28,2,54,1" doraHai="94" who="2" fromWho="2" sc="226,-26,355,-26,200,78,219,-26" /><INIT seed="2,1,0,5,0,84" ten="200,329,278,193" oya="2" hai0="78,61,126,14,130,112,26,73,28,122,30,7,54" hai1="88,66,34,121,42,60,15,50,107,21,133,58,32" hai2="80,110,49,18,37,69,22,91,96,6,81,33,71" hai3="5,82,115,77,113,39,31,75,35,109,9,41,92"/><V117/><F37/><W45/><G109/><T48/><D112/><U59/><E107/><V97/><F33/><W11/><G11/><T129/><D122/><U87/><E133/><V114/><F117/><W106/><G92/><T64/><D126/><U108/><E108/><V135/><F114/><W127/><G127/><T44/><D73/><U51/><E121/><V98/><F110/><W46/><G46/><T118/><D78/><U101/><E101/><V103/><F135/><W25/><REACH who="3" step="1"/><G106/><REACH who="3" ten="200,329,278,183" step="2"/><T83/><D118/><U116/><E116/><V1/><F80/><W10/><G10/><N who="0" m="4447" /><D83/><U131/><E131/><N who="0" m="50185" /><D26/><U3/><E3/><AGARI ba="1,1" hai="3,5,9,25,31,35,39,41,45,75,77,82,113,115" machi="3" ten="40,12000,2" yaku="1,1,25,2,23,2,53,1" doraHai="84" doraHaiUra="0" who="3" fromWho="1" sc="200,0,329,-123,278,0,183,133" /><INIT seed="3,0,0,5,0,122" ten="200,206,278,316" oya="3" hai0="69,16,29,98,91,123,127,62,118,108,119,13,19" hai1="59,101,7,106,31,21,25,78,37,97,87,95,51" hai2="68,18,17,3,30,8,22,64,5,39,38,54,2" hai3="117,109,67,92,88,14,99,128,134,80,86,131,81"/><W71/><G117/><T83/><D123/><U4/><E37/><V82/><F2/><W110/><G134/><T115/><D29/><U130/><E130/><N who="3" m="49706" /><G14/><T73/><D108/><N who="3" m="41577" /><G71/><T102/><D127/><U70/><E70/><V12/><F30/><W79/><G80/><T74/><D115/><U10/><E106/><V56/><F82/><W27/><G27/><T52/><D19/><U125/><E125/><V120/><F120/><W132/><G132/><T33/><D33/><U133/><E133/><V49/><F18/><W24/><G24/><T60/><D69/><U111/><E111/><V58/><F68/><W55/><G55/><T103/><D119/><U53/><E10/><V43/><F43/><W47/><G47/><T28/><D118/><U76/><E4/><V41/><F41/><W6/><G67/><T44/><D28/><U116/><E7/><AGARI ba="0,0" hai="6,7,79,81,86,88,92,99" m="41577,49706" machi="7" ten="30,18000,2" yaku="19,1,14,1,10,1,52,3,54,1" doraHai="122" who="3" fromWho="1" sc="200,0,206,-180,278,0,316,180" owari="200,-20.0,26,-47.4,278,7.8,496,59.6" /></mjloggm>