<mjloggm ver="2.3"><GO type="225" lobby="0"/><UN n0="%2D%E8%B1%8A%E5%8F%A3%E3%82%81%E3%81%90%E3%81%BF%2D" n1="%E3%83%89%E3%83%A9%E3%81%8F%E3%82%8C" n2="%E5%A4%9C%E3%81%AE%E3%82%AC%E3%82%B9%E3%83%91%E3%83%BC%E3%83%AB" n3="%E3%81%BE%E3%81%A8%E3%81%9F" dan="17,17,17,17" rate="2184.57,2303.90,2233.03,2245.47" sx="F,M,M,M"/><TAIKYOKU oya="0"/><INIT seed="0,0,0,4,4,23" ten="250,250,250,250" oya="0" hai0="135,118,17,108,84,21,110,82,100,81,28,115,67" hai1="62,94,40,18,22,132,134,69,4,57,54,105,73" hai2="37,25,90,123,102,64,92,75,11,59,130,104,70" hai3="6,78,0,125,47,29,1,114,133,71,48,116,35"/><T103/><D115/><U19/><E105/><V12/><F123/><W33/><G71/><T98/><D118/><U131/><E73/><V86/><F37/><W89/><G78/><T44/><D135/><N who="1" m="51755" /><E131/><V55/><F130/><W53/><G116/><T60/><D44/><U43/><E4/><V56/><F70/><W27/><G114/><T91/><D81/><U87/><E69/><V119/><F119/><W109/><G133/><T13/><D28/><U26/><E18/><V76/><F64/><W112/><G6/><T107/><REACH who="0" step="1"/><D103/><REACH who="0" ten="240,250,250,250" step="2"/><U3/><E3/><V124/><F102/><W51/><G112/><T45/><D45/><U121/><E121/><V5/><F124/><W14/><G0/><T58/><AGARI ba="0,1" hai="13,17,21,58,60,67,82,84,91,98,100,107,108,110" machi="58" ten="30,3000,0" yaku="1,1,0,1,53,0" doraHai="23" doraHaiUra="128" who="0" fromWho="0" sc="240,40,250,-10,250,-10,250,-10" /><INIT seed="0,1,0,5,3,83" ten="280,240,240,240" oya="0" hai0="21,20,96,76,8,93,126,59,72,113,43,70,84" hai1="44,125,81,61,92,130,124,48,6,60,35,119,110" hai2="134,7,52,56,78,73,32,98,18,58,64,88,111" hai3="50,9,25,26,109,39,55,106,4,31,27,123,118"/><T132/><D113/><U2/><E119/><V91/><F32/><W74/><G118/><T133/><D70/><U71/><E35/><V69/><F111/><W10/><G74/><T19/><D72/><U115/><E110/><V135/><F69/><W112/><G39/><T94/><D43/><U62/><E115/><V95/><F7/><W14/><G106/><T23/><D126/><N who="1" m="48747" /><E130/><V105/><F105/><W77/><G77/><T36/><D36/><U46/><E71/><V29/><F29/><W11/><G109/><T90/><D59/><U24/><E24/><V67/><F18/><W40/><G112/><T85/><D76/><U16/><E16/><V22/><F22/><N who="3" m="15799" /><G40/><T30/><D30/><U129/><E129/><V107/><F107/><W99/><G99/><T28/><D28/><U45/><E92/><V79/><F95/><W122/><G55/><T49/><D49/><U100/><E100/><V104/><F104/><W116/><G50/><T15/><REACH who="0" step="1"/><D94/><REACH who="0" ten="270,240,240,240" step="2"/><U80/><E48/><V102/><F73/><W121/><G116/><T131/><D131/><U33/><E33/><V3/><F79/><W75/><G75/><T5/><D5/><U127/><E127/><V63/><F78/><W87/><G4/><T68/><D68/><U12/><E2/><V17/><F3/><W114/><G114/><T41/><D41/><U57/><E57/><V1/><F1/><W97/><G123/><T13/><D13/><U53/><E53/><V117/><F117/><W37/><G14/><T128/><D128/><U65/><E65/><V101/><F58/><W34/><G122/><RYUUKYOKU ba="1,1" sc="270,15,240,15,240,-15,240,-15" hai0="8,15,19,20,21,23,84,85,90,93,96,132,133" hai1="6,12,44,45,46,60,61,62,80,81" /><INIT seed="0,2,1,1,3,38" ten="285,255,225,225" oya="0" hai0="120,36,28,76,6,75,97,69,66,118,5,113,70" hai1="60,4,87,71,53,3,7,39,34,88,62,78,10" hai2="47,72,98,65,30,121,52,51,25,24,126,15,123" hai3="133,134,33,110,20,124,94,63,103,0,54,102,26"/><T96/><D113/><U8/><E34/><V122/><F72/><W105/><G105/><T132/><D118/><U93/><E71/><V107/><F126/><W135/><G33/><T82/><D120/><U95/><E39/><V12/><F65/><W129/><G0/><T81/><D132/><U99/><E53/><V104/><F25/><W111/><G124/><T21/><D36/><U92/><E78/><V17/><F98/><N who="3" m="59735" /><G103/><T9/><D82/><U130/><E130/><V108/><F108/><N who="3" m="41515" /><G54/><T112/><D112/><U91/><REACH who="1" step="1"/><E95/><REACH who="1" ten="285,245,225,225" step="2"/><V90/><F107/><W22/><G129/><T101/><D70/><U68/><E68/><V74/><F104/><W131/><G131/><T100/><D69/><U64/><E64/><V119/><F119/><W27/><G63/><T37/><D66/><U57/><E57/><V73/><F123/><W86/><G86/><T43/><D75/><U44/><E44/><V35/><F122/><W79/><G79/><T32/><D76/><U85/><E85/><V80/><F121/><W13/><G135/><T109/><D32/><U48/><E48/><V116/><F116/><W40/><G134/><T11/><D37/><U89/><E89/><V114/><F114/><W59/><G59/><T41/><D109/><U61/><E61/><V45/><F45/><W42/><G133/><T56/><D56/><U55/><E55/><V19/><F90/><W106/><G106/><T29/><D81/><U77/><E77/><N who="2" m="44079" /><F74/><W128/><G128/><T31/><D31/><U117/><E117/><V14/><F52/><W83/><G83/><T58/><D58/><RYUUKYOKU ba="2,2" sc="285,10,245,10,225,10,225,-30" hai0="5,6,9,11,21,28,29,41,43,96,97,100,101" hai1="3,4,7,8,10,60,62,87,88,91,92,93,99" hai2="12,14,15,17,19,24,30,35,47,51" /><INIT seed="0,3,2,3,0,50" ten="295,255,235,195" oya="0" hai0="19,104,37,41,36,95,124,88,65,40,32,62,82" hai1="39,86,116,12,0,42,96,6,106,69,84,61,52" hai2="81,135,48,3,76,25,119,15,30,4,114,29,22" hai3="24,73,122,100,120,43,125,18,98,23,68,7,131"/><T44/><D104/><U57/><E116/><V64/><F114/><W129/><G68/><T115/><D115/><U20/><E0/><V134/><F119/><W67/><G73/><T109/><D32/><U91/><E69/><V47/><F64/><W103/><G67/><T45/><D124/><U111/><E111/><V113/><F3/><W66/><G66/><T8/><D82/><U90/><E39/><V127/><F113/><W35/><G125/><T46/><D109/><U70/><E70/><V123/><F123/><N who="3" m="47147" /><G43/><T60/><D46/><U107/><E96/><V71/><F71/><W78/><G78/><T132/><D132/><N who="2" m="50730" /><F127/><W110/><G110/><T74/><D74/><U14/><E42/><V93/><F93/><W99/><G7/><T28/><D28/><U59/><E6/><V89/><F89/><N who="1" m="33801" /><E107/><V63/><F30/><W77/><G77/><T101/><D101/><N who="3" m="38985" /><G35/><T38/><D65/><N who="1" m="39087" /><E106/><V85/><F4/><W27/><G99/><T10/><D38/><U49/><E20/><V92/><F22/><N who="3" m="13399" /><G98/><T21/><D10/><U126/><E126/><V112/><F112/><W53/><G53/><T75/><D8/><U117/><E117/><V5/><F5/><W31/><AGARI ba="3,2" hai="23,27,31,129,131" m="13399,38985,47147" machi="31" ten="30,1100,0" yaku="13,1" doraHai="50" who="3" fromWho="3" sc="295,-8,255,-6,235,-6,195,40" /><INIT seed="1,0,0,4,4,133" ten="287,249,229,235" oya="1" hai0="74,97,92,116,15,28,89,105,36,6,131,45,1" hai1="99,134,72,41,52,110,16,19,60,73,18,47,54" hai2="30,104,37,70,107,5,101,29,85,96,98,122,77" hai3="83,3,55,64,111,35,39,13,49,48,34,86,53"/><U71/><E134/><V126/><F122/><W87/><G3/><T46/><D116/><U69/><E110/><V61/><F37/><W68/><G39/><T63/><D74/><U66/><E71/><V84/><F5/><W10/><G64/><T32/><D1/><U4/><E4/><V58/><F70/><W121/><G68/><T94/><D105/><U112/><E112/><V114/><F77/><W128/><G128/><T40/><D46/><U59/><E99/><V103/><F114/><W129/><G129/><T2/><D2/><U65/><E65/><V113/><F113/><W38/><G38/><T95/><D131/><U33/><E33/><V12/><F12/><W31/><G31/><T93/><D63/><U78/><E78/><V108/><F108/><W127/><G121/><T44/><D44/><U106/><E106/><V119/><F119/><W124/><G13/><T23/><D32/><U80/><E80/><V0/><F0/><W117/><G111/><T120/><D120/><U27/><E27/><V62/><F58/><W43/><G83/><T118/><D118/><U51/><REACH who="1" step="1"/><E54/><REACH who="1" ten="287,239,229,235" step="2"/><V56/><F56/><W115/><G115/><T26/><D6/><U125/><E125/><AGARI ba="0,1" hai="29,30,61,62,84,85,96,98,101,103,104,107,125,126" machi="125" ten="25,6400,0" yaku="22,2,52,2" doraHai="133" who="2" fromWho="1" sc="287,0,239,-64,229,74,235,0" /><INIT seed="2,0,0,5,3,106" ten="287,175,303,235" oya="2" hai0="43,48,80,84,54,35,49,61,100,1,78,88,77" hai1="95,71,126,10,63,76,13,23,73,79,99,105,123" hai2="47,12,108,56,98,40,0,74,93,37,45,46,66" hai3="94,135,3,124,31,17,42,121,28,131,103,122,116"/><V70/><F0/><W90/><G116/><T24/><D1/><U82/><E126/><V51/><F70/><W118/><G118/><T130/><D130/><U34/><E123/><V39/><F108/><W91/><G3/><T30/><D100/><U59/><E34/><V58/><F74/><W62/><G124/><T15/><D15/><U55/><E71/><V38/><F12/><W57/><G42/><T9/><D9/><U117/><E117/><V7/><F7/><W4/><G4/><T120/><D120/><U52/><E105/><V109/><F109/><W112/><G112/><T18/><D18/><U87/><E23/><V81/><F81/><W60/><G17/><T27/><D27/><U32/><E32/><V97/><F97/><W133/><G57/><T8/><D8/><U6/><E55/><N who="2" m="30191" /><F93/><W44/><G94/><T25/><D25/><U119/><E119/><V33/><F98/><W102/><REACH who="3" step="1"/><G44/><REACH who="3" ten="287,175,303,225" step="2"/><T96/><D43/><U129/><E129/><AGARI ba="0,1" hai="28,31,60,62,90,91,102,103,121,122,129,131,133,135" machi="129" ten="25,6400,0" yaku="1,1,2,1,22,2,53,0" doraHai="106" doraHaiUra="75" who="3" fromWho="1" sc="287,0,175,-64,303,0,225,74" /><INIT seed="3,0,0,3,5,115" ten="287,111,303,299" oya="3" hai0="53,130,59,79,57,32,73,11,80,74,125,77,85" hai1="42,92,48,117,98,61,78,118,10,66,89,35,63" hai2="84,52,38,23,110,71,36,81,9,76,99,1,41" hai3="25,75,69,105,17,49,27,55,95,93,65,96,113"/><W121/><G75/><T88/><D32/><U123/><E123/><V30/><F71/><W131/><G113/><T129/><D125/><U111/><E35/><V97/><F110/><W24/><G121/><T60/><D11/><U68/><E111/><V18/><F30/><W50/><G69/><T43/><D43/><U14/><E78/><N who="0" m="29705" /><D59/><U87/><E63/><V124/><F124/><W107/><G65/><T104/><D104/><U6/><REACH who="1" step="1"/><E87/><REACH who="1" ten="287,101,303,299" step="2"/><V67/><F84/><W82/><G131/><AGARI ba="0,1" hai="53,57,60,73,74,80,85,88,129,130,131" m="29705" machi="131" ten="30,2000,0" yaku="19,1,54,1" doraHai="115" who="0" fromWho="3" sc="287,30,101,0,303,0,299,-20" owari="317,41.7,101,-39.9,303,10.3,279,-12.1" /></mjloggm>