<mjloggm ver="2.3"><GO type="225" lobby="0"/><UN n0="%E3%81%86%E3%82%8C%E3%81%9F%E3%82%93%E6%9E%95" n1="%E5%84%AA%40%41%42%43" n2="%E3%81%AF%E3%82%88%E3%81%8A%E3%81%98%E3%81%95%E3%82%93" n3="%6D%75%75%6D%75%72%61" dan="16,17,16,17" rate="2119.28,2220.17,2123.52,2131.56" sx="F,M,M,F"/><TAIKYOKU oya="0"/><INIT seed="0,0,0,3,3,86" ten="250,250,250,250" oya="0" hai0="130,102,101,124,25,50,27,67,99,48,83,34,97" hai1="103,22,125,69,0,36,4,96,44,62,57,33,52" hai2="74,91,64,84,108,129,28,43,116,58,79,82,88" hai3="17,65,14,75,56,47,21,10,76,35,92,19,15"/><T93/><D130/><U54/><E33/><V114/><F114/><W3/><G35/><T70/><D124/><U85/><E125/><V131/><F28/><W95/><G3/><T5/><D5/><U7/><E0/><V119/><F43/><W13/><G13/><T128/><D128/><N who="2" m="49226" /><F108/><W38/><G75/><T41/><D83/><U94/><E69/><V72/><F58/><W133/><G76/><T16/><D41/><U117/><E117/><N who="2" m="45131" /><F64/><W39/><G133/><T80/><D80/><U24/><E85/><V109/><F109/><W53/><G65/><T49/><D34/><U111/><E111/><V87/><F79/><W55/><G39/><T73/><D73/><U30/><E36/><V42/><F42/><W98/><G38/><T29/><D29/><U115/><E115/><V121/><F121/><W9/><G47/><T26/><D67/><U45/><E45/><V123/><F123/><W110/><G110/><T60/><D60/><U105/><E105/><V112/><F112/><W68/><G68/><T2/><D2/><U126/><E126/><V59/><F59/><W1/><G1/><T37/><D37/><U122/><E122/><V23/><F23/><W18/><G56/><T32/><D70/><U113/><E113/><V77/><F77/><W89/><G21/><N who="0" m="13479" /><D32/><U20/><E20/><V107/><F107/><W90/><G19/><T104/><D104/><U11/><E11/><V118/><N who="2" m="45139" /><V135/><DORA hai="106" /><F135/><W66/><G66/><T71/><D71/><U40/><E40/><V12/><F12/><W127/><G127/><T8/><D8/><RYUUKYOKU ba="0,0" sc="250,0,250,0,250,0,250,0" hai0="26,27,48,49,50,93,97,99,101,102" hai1="4,7,22,24,30,44,52,54,57,62,94,96,103" hai2="72,74,82,84,87,88,91" hai3="9,10,14,15,17,18,53,55,89,90,92,95,98" /><INIT seed="0,1,0,3,5,131" ten="250,250,250,250" oya="0" hai0="112,28,93,48,98,90,113,100,109,128,104,126,75" hai1="123,49,105,89,84,70,54,14,36,97,133,11,60" hai2="81,22,58,117,29,96,99,31,78,110,102,55,107" hai3="15,41,86,27,10,46,125,57,111,34,50,74,91"/><T52/><D128/><U92/><E123/><V24/><F110/><W37/><G74/><T17/><D75/><U68/><E36/><V20/><F117/><W47/><G111/><T76/><D76/><U130/><E130/><V118/><F118/><W42/><G125/><T124/><D109/><U134/><E105/><V40/><F40/><W77/><G57/><T101/><D28/><U85/><E85/><V65/><F65/><W53/><G77/><T73/><D73/><U7/><E97/><V72/><F99/><W82/><G42/><T13/><D113/><U39/><E39/><V132/><F132/><N who="1" m="50793" /><E60/><V9/><F9/><W108/><G108/><T103/><D104/><U114/><E114/><V83/><F81/><W122/><G122/><T21/><REACH who="0" step="1"/><D112/><REACH who="0" ten="240,250,250,250" step="2"/><U119/><E119/><V4/><F72/><W135/><G135/><T64/><D64/><U35/><E35/><V87/><F107/><W8/><G34/><T106/><D106/><U66/><E66/><V129/><F129/><W44/><G37/><T79/><D79/><U26/><E26/><V94/><F24/><W43/><G27/><T38/><D38/><U45/><AGARI ba="1,1" hai="7,11,14,45,49,54,68,70,84,89,92" m="50793" machi="45" ten="30,7900,0" yaku="20,1,52,3" doraHai="131" who="1" fromWho="1" sc="240,-40,250,92,250,-21,250,-21" /><INIT seed="1,0,0,4,0,77" ten="200,342,229,229" oya="1" hai0="124,129,8,70,27,20,11,29,93,82,107,61,106" hai1="103,135,108,39,69,46,84,3,97,36,35,15,16" hai2="4,130,98,56,76,55,22,10,83,75,25,128,90" hai3="79,9,53,122,24,127,73,91,87,13,6,54,95"/><U45/><E3/><V118/><F118/><W132/><G122/><T86/><D129/><U41/><E35/><V21/><F90/><W74/><G127/><T66/><D124/><U57/><E69/><V37/><F98/><W121/><G132/><T126/><D126/><U85/><E108/><V34/><F37/><W42/><G121/><T92/><D106/><U44/><E57/><V67/><F67/><W99/><G42/><T110/><D107/><U12/><E135/><V49/><F34/><W116/><G116/><T31/><D31/><U51/><E51/><V81/><F83/><W14/><G24/><T26/><D26/><U71/><E71/><V123/><F123/><W17/><G74/><T47/><D47/><U60/><E60/><V30/><REACH who="2" step="1"/><F21/><REACH who="2" ten="200,342,219,229" step="2"/><N who="3" m="11439" /><G73/><T18/><D110/><U62/><E39/><V64/><F64/><W105/><G105/><T109/><D109/><U94/><E36/><V23/><F23/><W115/><G115/><T58/><D70/><U120/><E97/><V134/><F134/><W72/><G72/><T19/><D8/><U113/><E120/><V68/><F68/><W131/><G131/><T88/><D11/><U63/><E113/><V28/><F28/><W52/><G99/><T102/><D102/><U80/><E103/><V5/><F5/><W33/><G33/><T111/><D111/><U78/><E80/><V100/><F100/><W48/><G79/><T2/><D2/><AGARI ba="0,1" hai="2,4,10,22,25,30,49,55,56,75,76,81,128,130" machi="2" ten="40,8000,1" yaku="1,1,52,1,53,2" doraHai="77" doraHaiUra="125" who="2" fromWho="0" sc="200,-80,342,0,219,90,229,0" /><INIT seed="2,0,0,3,0,24" ten="120,342,309,229" oya="2" hai0="77,3,64,33,46,28,52,78,20,96,57,4,106" hai1="2,59,75,84,69,66,123,37,31,97,25,0,92" hai2="16,119,110,120,122,89,82,107,131,85,12,1,93" hai3="99,124,63,129,104,6,18,135,79,48,83,73,21"/><V55/><F119/><W49/><G124/><T34/><D3/><U81/><E75/><V29/><F1/><W51/><G129/><T80/><D4/><U14/><E69/><V68/><F107/><W47/><G135/><T38/><D64/><U74/><E37/><V133/><F68/><W103/><G6/><T76/><D80/><U102/><E14/><V45/><F131/><W41/><REACH who="3" step="1"/><G63/><REACH who="3" ten="120,342,309,219" step="2"/><T36/><D36/><U112/><E123/><V109/><F133/><W130/><G130/><T13/><D38/><U127/><E127/><V100/><F122/><W65/><G65/><T128/><D128/><U67/><E67/><V23/><F120/><W126/><G126/><T98/><D46/><U134/><E134/><V56/><F45/><W5/><G5/><T15/><D34/><U121/><E121/><V27/><F100/><W125/><G125/><T8/><D33/><U42/><E102/><V50/><REACH who="2" step="1"/><F82/><REACH who="2" ten="120,342,299,219" step="2"/><W10/><G10/><AGARI ba="0,2" hai="10,12,16,23,27,29,50,55,56,85,89,93,109,110" machi="10" ten="40,12000,1" yaku="1,1,2,1,52,1,54,1,53,1" doraHai="24" doraHaiUra="88" who="2" fromWho="3" sc="120,0,342,0,299,140,219,-120" /><INIT seed="2,1,0,4,0,56" ten="120,342,439,99" oya="2" hai0="61,33,16,66,6,83,38,62,3,131,82,110,97" hai1="85,21,57,72,18,96,29,118,12,41,104,77,40" hai2="102,119,121,49,74,75,105,43,111,84,9,7,47" hai3="64,42,103,35,101,100,88,48,36,69,86,113,108"/><V31/><F121/><W95/><G108/><T128/><D110/><U71/><E118/><V55/><F119/><W68/><G36/><T92/><D38/><U37/><E71/><V109/><F31/><W20/><G35/><T1/><D33/><U73/><E72/><V115/><F115/><W44/><G113/><T13/><D83/><U91/><E37/><V124/><F124/><W5/><G5/><T79/><D6/><U114/><E114/><V135/><F135/><W22/><REACH who="3" step="1"/><G69/><REACH who="3" ten="120,342,439,89" step="2"/><T15/><D3/><U0/><E0/><V70/><F70/><W65/><G65/><T63/><D66/><U107/><E73/><V99/><F111/><W24/><G24/><T94/><D1/><U106/><E106/><V39/><F109/><W54/><G54/><T45/><D45/><U93/><E107/><V78/><F55/><W89/><G89/><T134/><D134/><U127/><E104/><V132/><F39/><W76/><G76/><T126/><D126/><U19/><E127/><V51/><F132/><W58/><G58/><T34/><D34/><U125/><E125/><V80/><F74/><W60/><AGARI ba="1,1" hai="20,22,42,44,48,60,64,68,86,88,95,100,101,103" machi="60" ten="30,7900,0" yaku="1,1,0,1,52,1,54,1,53,0" doraHai="56" doraHaiUra="4" who="3" fromWho="3" sc="120,-21,342,-21,439,-40,89,92" /><INIT seed="3,0,0,0,3,87" ten="99,321,399,181" oya="3" hai0="105,43,122,114,60,84,12,38,96,66,116,79,37" hai1="44,28,16,57,119,26,32,23,124,123,22,2,54" hai2="81,14,88,78,20,90,25,93,42,86,30,74,99" hai3="91,59,117,71,112,68,75,29,53,15,104,1,7"/><W8/><G112/><T108/><D116/><U21/><E123/><V127/><F127/><W132/><G117/><T135/><D122/><U13/><E119/><V3/><F3/><W45/><G132/><T126/><D108/><U17/><E124/><V0/><F0/><W63/><G75/><T77/><D135/><U129/><E129/><V64/><F64/><W134/><G104/><T106/><D126/><U121/><E121/><V80/><F42/><W97/><G134/><T48/><D114/><U111/><E111/><V82/><F14/><W62/><G45/><T101/><D106/><U52/><E2/><V33/><F33/><W113/><G29/><T10/><D38/><U118/><E118/><V120/><F120/><W35/><G35/><T65/><D37/><U94/><E44/><V73/><F81/><W34/><G34/><T76/><D43/><U49/><E54/><V107/><F107/><W9/><G63/><T5/><D48/><U102/><REACH who="1" step="1"/><E13/><REACH who="1" ten="99,311,399,181" step="2"/><V100/><F73/><W109/><G109/><T40/><D40/><U92/><E92/><V41/><F41/><W55/><G55/><T61/><D65/><U133/><E133/><V95/><F95/><W110/><G110/><T89/><REACH who="0" step="1"/><D66/><REACH who="0" ten="89,311,399,181" step="2"/><U103/><E103/><V70/><F100/><W4/><G113/><T130/><D130/><U125/><E125/><V85/><F74/><W6/><G53/><T128/><D128/><U72/><E72/><V46/><F46/><W67/><G67/><T24/><D24/><U98/><AGARI ba="0,2" hai="16,17,21,22,23,26,28,32,49,52,57,94,98,102" machi="98" ten="30,8000,1" yaku="1,1,0,1,54,2,53,1" doraHai="87" doraHaiUra="27" who="1" fromWho="1" sc="89,-20,311,100,399,-20,181,-40" owari="69,-43.1,411,51.1,379,17.9,141,-25.9" /></mjloggm>