<mjloggm ver="2.3"><GO type="225" lobby="0"/><UN n0="%E7%B4%94%E6%BD%94%E3%83%94%E3%83%A9%E3%83%8B%E3%82%A2" n1="%E3%82%BC%E3%83%AB%E3%83%80%E3%81%AE%E4%BC%9D%E8%AA%AC" n2="%E6%B4%BE%E9%81%A3%E3%81%AE%E3%82%B8%E3%83%A3%E3%83%83%E3%82%AF" n3="%61%69%73%79%6F" dan="18,16,16,17" rate="2214.20,2171.89,2158.51,2222.73" sx="M,M,M,M"/><TAIKYOKU oya="0"/><INIT seed="0,0,0,5,3,54" ten="250,250,250,250" oya="0" hai0="30,103,67,71,55,85,42,116,1,21,109,86,45" hai1="32,133,94,97,7,19,9,59,132,92,48,60,28" hai2="36,13,108,91,76,51,46,127,73,4,125,104,63" hai3="44,40,81,65,72,37,102,82,135,107,87,119,117"/><T61/><D116/><U113/><E113/><V128/><F108/><W88/><G135/><N who="1" m="51786" /><E19/><V99/><F128/><W14/><G65/><T47/><D109/><U16/><E48/><V62/><F36/><W43/><G43/><T64/><D1/><U56/><E60/><V0/><F0/><W22/><G102/><T78/><D103/><N who="1" m="60839" /><E94/><N who="2" m="56799" /><F104/><W106/><G106/><T53/><D78/><U58/><E16/><V110/><F110/><W34/><G107/><T105/><D105/><U69/><E69/><V83/><F13/><W134/><G134/><T123/><D123/><U20/><E20/><V124/><F4/><W49/><G37/><T5/><D5/><U114/><E114/><V70/><F70/><W41/><G41/><AGARI ba="0,0" hai="41,46,51,62,63,73,76,83,124,125,127" m="56799" machi="41" ten="30,1000,0" yaku="18,1" doraHai="54" who="2" fromWho="3" sc="250,0,250,0,250,10,250,-10" /><INIT seed="1,0,0,4,1,32" ten="250,250,260,240" oya="1" hai0="105,24,48,63,114,89,111,69,122,67,44,131,100" hai1="43,9,51,73,79,2,133,46,116,31,107,86,135" hai2="14,75,0,50,15,27,49,25,52,128,95,121,83" hai3="33,20,72,59,61,77,99,17,47,127,115,56,124"/><U80/><E116/><V119/><F119/><W19/><G115/><T91/><D114/><U11/><E107/><V68/><F68/><W42/><G33/><T106/><D122/><U96/><E96/><V88/><F121/><W45/><G99/><T8/><D111/><U62/><E31/><V55/><F128/><W16/><G20/><T28/><D131/><U18/><E62/><V53/><F0/><W30/><G30/><T10/><D91/><U93/><E93/><V85/><F75/><W120/><G120/><T29/><D89/><U126/><E126/><N who="3" m="48170" /><G42/><T26/><D28/><U98/><E98/><V58/><F95/><W92/><G92/><T1/><D100/><U39/><E51/><N who="2" m="19467" /><F58/><N who="3" m="22059" /><G61/><T13/><D29/><U84/><E11/><V112/><F112/><W4/><G4/><T22/><D22/><U117/><E117/><V108/><F108/><W21/><G21/><T34/><D34/><U74/><E74/><V123/><F123/><W7/><G7/><T134/><D106/><U94/><E94/><V70/><F70/><W132/><G132/><N who="1" m="50762" /><E18/><N who="3" m="4610" /><W118/><DORA hai="113" /><G118/><T129/><D105/><U76/><E9/><V130/><F130/><W103/><G103/><T101/><D101/><U3/><E73/><V71/><F71/><W60/><G60/><T54/><D134/><U64/><E64/><V90/><F90/><W97/><G97/><T38/><D129/><U6/><E6/><V36/><F36/><W23/><G23/><T65/><D38/><U82/><AGARI ba="0,0" hai="2,3,39,43,46,76,79,80,82,84,86" m="50762" machi="82" ten="30,6000,0" yaku="20,1,52,2" doraHai="32,113" who="1" fromWho="1" sc="250,-20,250,60,260,-20,240,-20" /><INIT seed="1,1,0,2,3,29" ten="230,310,240,220" oya="1" hai0="89,64,32,44,73,26,25,46,36,86,101,130,107" hai1="34,14,81,70,117,103,79,21,27,3,53,90,30" hai2="76,4,12,124,48,31,43,54,42,91,108,112,92" hai3="75,93,61,1,40,135,118,105,104,6,24,127,114"/><U82/><E117/><V49/><F108/><W77/><G114/><T72/><D64/><U55/><E3/><V96/><F124/><W113/><G113/><T13/><D130/><U38/><E38/><V109/><F109/><W59/><G127/><T67/><D67/><U98/><E70/><V39/><F39/><W66/><G118/><T20/><D107/><U23/><E90/><V83/><F112/><W74/><G40/><T11/><D101/><U51/><E14/><V97/><F31/><W8/><G135/><T37/><D32/><U126/><E126/><V17/><F96/><W0/><G0/><T100/><D100/><U16/><E81/><V7/><F7/><W9/><G9/><T60/><D60/><U2/><E2/><V102/><F102/><W10/><G10/><T33/><D33/><U50/><E50/><N who="2" m="19563" /><F54/><W110/><G110/><T129/><D129/><U19/><E23/><N who="2" m="11687" /><F4/><W123/><G123/><T65/><D65/><U78/><E34/><V88/><F76/><N who="1" m="29225" /><E82/><V58/><F58/><W125/><G77/><T47/><D36/><U71/><E71/><V122/><F122/><W15/><G125/><T116/><D37/><U80/><E80/><V57/><F57/><W85/><G1/><T63/><D116/><U106/><E55/><V41/><F41/><W115/><G115/><T120/><D120/><U18/><E30/><V35/><F35/><W52/><G66/><T5/><D63/><U132/><E132/><V99/><F83/><W133/><G133/><T128/><D128/><U111/><E111/><V28/><F28/><W87/><G74/><RYUUKYOKU ba="1,0" sc="230,-15,310,15,240,15,220,-15" hai1="16,18,19,21,27,51,53,98,103,106" hai2="42,43,88,91,92,97,99" /><INIT seed="1,2,0,5,4,7" ten="215,325,255,205" oya="1" hai0="66,5,84,111,123,53,57,34,122,27,51,71,101" hai1="89,93,20,99,13,29,35,82,117,42,90,16,81" hai2="24,96,64,15,54,0,95,56,58,128,31,132,106" hai3="6,130,104,116,85,135,61,44,10,63,17,9,37"/><U79/><E117/><V131/><F0/><W38/><G104/><T46/><D101/><U102/><E42/><V108/><F108/><W100/><G116/><T26/><D111/><U133/><E133/><V33/><F106/><W12/><G135/><T28/><D71/><U126/><E126/><V43/><F132/><W134/><G134/><T32/><D84/><U97/><E97/><V80/><F43/><W107/><G130/><N who="2" m="49705" /><F80/><W76/><G100/><T98/><D98/><U3/><E3/><V110/><F110/><W39/><G107/><T18/><D5/><U69/><E69/><V73/><F73/><W55/><G44/><T60/><D18/><U112/><E112/><V40/><F40/><W11/><G6/><T41/><REACH who="0" step="1"/><D66/><REACH who="0" ten="205,325,255,205" step="2"/><U25/><E82/><V62/><F64/><W2/><G2/><T121/><D121/><U52/><E81/><V72/><F72/><W48/><G85/><T23/><D23/><U124/><E79/><V14/><F58/><W115/><G76/><T4/><D4/><U47/><E124/><V21/><F21/><W70/><G115/><T119/><D119/><U67/><E67/><V103/><AGARI ba="2,1" hai="14,15,24,31,33,54,56,62,95,96,103" m="49705" machi="103" ten="30,1100,0" yaku="19,1" doraHai="7" who="2" fromWho="2" sc="205,-5,325,-7,255,27,205,-5" /><INIT seed="2,0,0,0,1,55" ten="200,318,282,200" oya="2" hai0="116,110,38,91,40,62,16,20,11,10,113,51,41" hai1="82,6,73,67,124,47,117,135,5,120,60,48,76" hai2="3,18,102,104,80,12,9,36,128,33,70,64,106" hai3="29,89,81,49,42,127,98,13,109,129,68,66,99"/><V95/><F36/><W69/><G109/><T26/><D113/><U4/><E117/><V97/><F33/><W21/><G129/><T74/><D74/><U54/><E124/><V8/><F128/><W112/><G127/><T31/><D110/><U34/><E34/><V86/><F70/><W35/><G35/><T52/><D116/><U72/><E135/><V134/><F134/><W37/><G37/><T50/><D38/><U39/><E39/><V61/><F3/><W32/><G32/><T7/><D91/><U94/><E120/><V133/><F133/><W59/><G69/><T0/><D51/><U126/><E126/><V121/><F121/><W115/><G68/><T100/><D62/><U87/><REACH who="1" step="1"/><E94/><REACH who="1" ten="200,308,282,200" step="2"/><V105/><F105/><W93/><G115/><T15/><REACH who="0" step="1"/><D100/><REACH who="0" ten="190,308,282,200" step="2"/><U57/><AGARI ba="0,2" hai="4,5,6,47,48,54,57,60,67,72,73,76,82,87" machi="57" ten="30,8000,1" yaku="1,1,2,1,0,1,52,1,53,1" doraHai="55" doraHaiUra="63" who="1" fromWho="1" sc="190,-20,308,100,282,-40,200,-20" /><INIT seed="3,0,0,3,0,118" ten="170,408,242,180" oya="3" hai0="70,42,15,51,82,71,8,0,131,88,52,18,74" hai1="48,39,100,29,124,95,23,68,11,37,57,7,10" hai2="9,76,14,126,60,83,92,115,112,36,94,122,1" hai3="19,99,3,67,65,130,116,119,4,107,16,25,49"/><W34/><G130/><T72/><D131/><U63/><E68/><N who="0" m="26153" /><D0/><U111/><E111/><V61/><F126/><W75/><G75/><T113/><D42/><U90/><E124/><V86/><F36/><W2/><G49/><T66/><D66/><N who="3" m="25097" /><G4/><T32/><D32/><U73/><E73/><V98/><F1/><N who="3" m="11" /><G25/><T78/><D78/><U123/><E48/><V127/><F127/><W134/><G34/><T59/><D59/><U45/><E57/><V21/><F21/><W31/><G31/><T80/><D80/><U89/><E23/><V54/><F54/><W28/><G28/><T102/><D102/><U12/><E100/><V109/><F109/><W96/><G107/><T41/><D41/><U47/><E29/><V30/><F30/><W117/><G134/><T114/><D74/><U133/><E133/><V87/><F83/><W62/><G62/><T55/><D72/><U84/><E63/><V53/><F53/><W64/><N who="3" m="25105" /><W44/><DORA hai="24" /><G44/><N who="0" m="27751" /><D55/><U97/><E47/><V50/><F50/><W121/><G121/><T6/><D6/><U27/><E123/><V40/><F122/><W103/><G103/><T93/><D93/><U26/><E45/><V135/><F135/><W35/><G35/><T33/><D33/><U22/><E26/><V105/><F105/><W38/><G38/><T13/><D13/><U128/><E39/><V20/><F40/><W79/><G79/><T81/><D81/><U5/><E37/><V132/><F76/><W108/><G108/><T120/><D120/><U46/><E46/><V77/><F132/><W17/><AGARI ba="0,0" hai="16,17,19,96,99,116,117,119" m="11,25105" machi="17" ten="50,12000,1" yaku="5,1,28,2,54,1" doraHai="118,24" who="3" fromWho="3" sc="170,-40,408,-40,242,-40,180,120" /><INIT seed="3,1,0,1,4,134" ten="130,368,202,300" oya="3" hai0="121,18,60,82,17,38,61,83,110,10,111,6,122" hai1="14,119,12,86,46,106,94,117,41,102,70,49,9" hai2="78,57,19,71,54,63,100,103,35,26,0,98,2" hai3="125,53,66,34,124,16,79,105,127,113,39,99,13"/><W108/><G113/><T81/><D38/><U50/><E70/><V52/><F78/><W93/><G39/><T73/><D73/><U128/><E128/><V132/><F132/><W33/><G105/><T44/><D44/><N who="1" m="25743" /><E106/><N who="2" m="63767" /><F19/><W112/><G112/><T67/><D10/><U48/><E48/><V32/><F32/><N who="3" m="12395" /><G79/><T116/><D116/><N who="1" m="44619" /><E9/><V114/><F103/><N who="3" m="60911" /><G66/><T92/><D92/><U5/><E5/><V87/><F87/><W31/><G31/><T58/><D6/><U25/><E25/><V51/><F54/><W68/><G53/><T85/><D85/><U129/><E129/><V95/><F95/><W59/><G59/><T130/><D130/><U135/><E135/><V36/><F36/><W104/><G104/><T97/><D97/><N who="1" m="59703" /><E86/><V27/><F114/><W56/><G56/><T30/><D30/><U126/><E50/><V72/><F35/><W69/><G108/><T74/><D74/><U120/><E120/><V15/><F72/><W21/><AGARI ba="1,0" hai="13,16,21,68,69,124,125,127" m="60911,12395" machi="21" ten="40,12000,1" yaku="18,1,52,3,54,1" doraHai="134" who="3" fromWho="3" sc="130,-41,368,-41,202,-41,300,123" owari="89,-41.1,327,12.7,161,-23.9,423,52.3" /></mjloggm>