<mjloggm ver="2.3"><GO type="225" lobby="0"/><UN n0="%4D%6F%6E%61%6E%61" n1="%E6%B4%BE%E9%81%A3%E3%81%AE%E3%82%B8%E3%83%A3%E3%83%83%E3%82%AF" n2="%E5%B8%86%E7%AB%8B%E5%A4%8F%E8%A1%A3" n3="%E8%B6%85%E7%B4%9A%E9%B3%B3%E5%87%B0" dan="16,17,16,16" rate="2092.47,2229.32,2156.13,2125.64" sx="F,M,M,F"/><TAIKYOKU oya="0"/><INIT seed="0,0,0,0,2,70" ten="250,250,250,250" oya="0" hai0="52,110,135,102,6,34,88,36,71,124,17,107,31" hai1="12,121,63,92,24,119,86,69,35,128,103,59,129" hai2="1,8,46,4,78,39,115,38,73,43,53,51,29" hai3="64,50,25,120,15,54,127,5,16,109,134,72,132"/><T48/><D71/><U133/><E121/><V100/><F115/><W123/><G72/><T104/><D6/><U3/><E3/><V60/><F100/><W66/><G109/><T41/><D34/><U95/><E119/><V7/><F7/><W13/><G127/><T114/><D31/><U117/><E117/><V67/><F29/><W19/><G5/><T81/><D114/><U28/><E69/><V122/><F122/><N who="3" m="46635" /><G25/><T118/><D118/><U26/><E133/><N who="3" m="51306" /><G15/><T42/><D102/><U75/><E75/><V89/><F89/><W22/><G19/><T14/><D135/><U98/><E26/><V33/><F33/><W94/><G94/><T80/><D124/><U62/><E12/><V99/><F99/><W84/><G84/><N who="0" m="50183" /><D81/><U116/><E116/><V82/><REACH who="2" step="1"/><F43/><REACH who="2" ten="250,250,240,250" step="2"/><W49/><G49/><T130/><D110/><U9/><E103/><V56/><AGARI ba="0,1" hai="1,4,8,38,39,46,51,53,56,60,67,73,78,82" machi="56" ten="20,12000,2" yaku="1,1,2,1,0,1,7,1,52,2,53,1" doraHai="70" doraHaiUra="57" who="2" fromWho="2" sc="250,-60,250,-30,240,130,250,-30" /><INIT seed="1,0,0,2,0,11" ten="190,220,370,220" oya="1" hai0="126,128,112,107,41,121,134,57,64,113,84,78,67" hai1="26,15,132,38,66,115,58,99,75,73,6,31,33" hai2="79,30,102,34,49,74,28,55,47,122,63,22,25" hai3="97,104,42,124,129,32,10,120,108,52,39,19,110"/><U93/><E115/><V77/><F122/><W106/><G120/><T0/><D107/><U105/><E38/><V94/><F74/><W117/><G32/><T56/><D0/><U29/><E29/><V60/><F30/><W54/><G129/><T36/><D78/><N who="2" m="29706" /><F34/><W40/><G124/><T24/><D24/><U46/><E105/><V76/><F76/><W3/><G117/><T43/><D84/><U103/><E132/><V50/><F49/><W20/><G10/><T69/><D121/><U111/><E46/><V8/><F8/><W72/><G3/><T16/><D134/><U51/><E111/><N who="3" m="42538" /><G72/><T119/><D119/><U59/><E59/><V17/><F17/><W118/><G118/><T82/><D82/><U65/><E73/><V86/><F86/><W23/><G104/><T68/><D36/><U18/><E6/><V13/><F13/><N who="3" m="9327" /><G23/><T98/><D98/><AGARI ba="0,0" hai="22,25,28,47,50,55,60,63,94,98,102" m="29706" machi="98" ten="30,1000,0" yaku="8,1" doraHai="11" who="2" fromWho="0" sc="190,-10,220,0,370,10,220,0" /><INIT seed="2,0,0,5,4,56" ten="180,220,380,220" oya="2" hai0="65,98,32,76,123,116,82,55,64,47,20,11,50" hai1="95,39,133,23,106,110,131,54,22,96,79,125,134" hai2="92,118,24,38,104,99,80,14,41,67,26,45,63" hai3="17,74,122,40,18,87,121,115,49,107,120,111,0"/><V102/><F118/><W43/><G74/><T10/><D32/><U28/><E39/><V94/><F104/><W57/><G107/><T1/><D123/><U33/><E110/><V89/><F80/><W72/><G72/><T119/><D98/><U30/><E106/><V37/><F37/><W126/><G0/><T84/><D20/><U114/><E114/><V109/><F109/><W135/><G111/><T71/><D10/><U91/><E79/><V93/><F14/><W9/><G115/><T21/><D21/><U129/><E125/><V88/><F102/><W97/><G126/><T86/><D86/><U75/><E75/><V130/><F93/><W103/><G135/><N who="1" m="51722" /><E23/><V35/><F35/><W29/><G29/><N who="1" m="11370" /><E33/><V117/><F130/><N who="1" m="49673" /><E22/><V81/><F81/><W15/><G121/><T2/><D11/><U101/><E54/><V5/><F117/><W113/><G113/><T19/><D19/><U13/><E13/><V12/><F12/><W68/><G15/><T85/><D85/><U100/><AGARI ba="0,0" hai="91,95,96,100,101" m="49673,11370,51722" machi="100" ten="40,2700,0" yaku="20,1,19,1" doraHai="56" who="1" fromWho="1" sc="180,-7,220,27,380,-13,220,-7" /><INIT seed="3,0,0,5,1,18" ten="173,247,367,213" oya="3" hai0="104,13,67,34,106,40,105,51,83,38,72,92,135" hai1="134,100,53,130,112,5,111,103,42,41,36,55,54" hai2="6,9,89,108,66,2,80,81,102,61,11,71,12" hai3="15,26,93,107,22,1,3,113,97,59,43,45,129"/><W82/><G113/><T96/><D34/><U119/><E112/><V25/><F108/><W19/><G129/><T124/><D124/><U74/><E111/><V58/><F102/><W63/><G107/><T16/><D135/><U79/><E134/><V132/><F132/><W88/><G82/><T33/><D33/><U14/><E130/><V8/><F8/><W29/><G29/><T77/><D67/><U78/><E119/><V49/><F89/><W131/><G15/><T87/><D38/><U62/><E62/><V127/><F25/><W126/><G131/><T0/><D0/><U70/><E70/><V85/><F85/><W114/><G114/><T64/><D64/><U91/><E91/><V117/><F117/><W23/><G23/><T65/><D65/><U110/><E110/><V44/><F71/><W20/><G20/><T48/><D40/><U27/><E27/><V46/><F127/><W37/><G126/><T30/><D30/><U32/><E32/><V10/><F10/><W121/><G121/><T47/><D47/><U52/><N who="1" m="13312" /><DORA hai="90" /><U57/><E57/><V60/><F60/><W31/><G19/><T7/><D7/><U39/><E74/><V84/><F49/><W50/><G37/><T75/><D75/><U115/><E115/><V94/><F46/><W69/><G69/><T95/><D72/><U24/><E24/><V118/><F44/><W86/><G97/><T109/><D109/><U128/><E128/><V101/><F118/><W99/><G99/><T35/><D35/><U56/><E39/><V76/><F2/><W98/><G98/><RYUUKYOKU ba="0,0" sc="173,-10,247,-10,367,-10,213,30" hai3="1,3,22,26,31,43,45,50,59,63,86,88,93" /><INIT seed="3,1,0,2,0,55" ten="163,237,357,243" oya="3" hai0="81,5,97,119,95,122,21,56,20,87,34,123,52" hai1="64,101,22,50,59,73,80,53,14,11,94,62,70" hai2="8,27,2,84,58,109,0,85,44,105,130,19,33" hai3="107,116,82,36,100,17,126,134,102,111,127,115,6"/><W43/><G115/><T63/><D34/><U76/><E22/><V71/><F71/><W99/><G116/><T124/><D119/><U29/><E29/><V15/><F105/><W42/><G111/><T24/><D124/><N who="3" m="47657" /><G134/><T16/><D5/><U67/><E67/><V125/><F130/><W131/><G131/><T88/><REACH who="0" step="1"/><D21/><REACH who="0" ten="153,237,357,243" step="2"/><U113/><E113/><V135/><F125/><W74/><G6/><T1/><D1/><U133/><E133/><V118/><F135/><W75/><G17/><T57/><D57/><U30/><E30/><V54/><F118/><W120/><G120/><T103/><AGARI ba="1,1" hai="16,20,24,52,56,63,81,87,88,95,97,103,122,123" machi="103" ten="20,12000,2" yaku="1,1,0,1,7,1,52,1,54,3,53,0" doraHai="55" doraHaiUra="104" who="0" fromWho="0" sc="153,133,237,-31,357,-31,243,-61" owari="286,8.6,206,-19.4,326,42.6,182,-31.8" /></mjloggm>