<mjloggm ver="2.3"><GO type="225" lobby="0"/><UN n0="%4C%4F%4C%49%54%41" n1="%28%EF%BF%A3%E2%96%BD%EF%BF%A3%29%CE%B4%E2%8C%92%E3%83%BB" n2="%E6%B8%A9%E2%98%85%E6%83%85%E2%98%85%E6%8E%AA%E2%98%85%E7%BD%AE" n3="%E3%81%99%E3%81%84%E3%81%BE%E3%81%9B%E3%83%BC%E3%82%93" dan="16,17,17,18" rate="2197.96,2262.64,2171.19,2182.81" sx="F,M,M,M"/><TAIKYOKU oya="0"/><INIT seed="0,0,0,5,3,117" ten="250,250,250,250" oya="0" hai0="56,50,106,121,8,13,102,114,10,74,7,42,123" hai1="93,64,90,118,24,89,78,113,107,122,130,104,41" hai2="132,128,67,16,85,65,12,75,53,116,62,46,18" hai3="44,70,39,88,133,100,124,103,79,59,126,98,108"/><T101/><D114/><U131/><E64/><V45/><F75/><W81/><G70/><T5/><D74/><U68/><E68/><V27/><F116/><W135/><G59/><T71/><D71/><U83/><E41/><V94/><F128/><N who="1" m="49193" /><E24/><V19/><F132/><N who="3" m="50763" /><G44/><N who="2" m="17001" /><F27/><W33/><G39/><T63/><D50/><U3/><E3/><V120/><F120/><W38/><G38/><T0/><D42/><U84/><E118/><V129/><F129/><W127/><G33/><T96/><REACH who="0" step="1"/><D102/><REACH who="0" ten="240,250,250,250" step="2"/><U17/><E113/><V99/><F62/><W22/><G108/><T119/><D119/><U47/><E47/><V77/><F53/><AGARI ba="0,1" hai="0,5,7,8,10,13,53,56,63,96,101,106,121,123" machi="53" ten="30,11600,0" yaku="1,1,7,1,52,2,53,0" doraHai="117" doraHaiUra="72" who="0" fromWho="2" sc="240,126,250,0,250,-116,250,0" /><INIT seed="0,1,0,5,0,135" ten="366,250,134,250" oya="0" hai0="95,115,121,92,106,57,99,90,107,100,31,72,21" hai1="44,9,60,110,40,112,43,18,89,53,111,39,49" hai2="86,38,119,35,118,97,85,2,47,127,19,12,79" hai3="28,62,64,48,59,109,24,69,101,10,132,16,20"/><T88/><D115/><U50/><E9/><V82/><F2/><W71/><G132/><T42/><D72/><U45/><E18/><V66/><F35/><W98/><G109/><N who="1" m="41482" /><E89/><V84/><F66/><W27/><G48/><N who="1" m="18538" /><E112/><V114/><F114/><W29/><G29/><T7/><D121/><U103/><E103/><V30/><F30/><W93/><REACH who="3" step="1"/><G10/><REACH who="3" ten="366,250,134,240" step="2"/><T134/><D31/><U34/><E34/><AGARI ba="1,1" hai="16,20,24,27,28,34,59,62,64,69,71,93,98,101" machi="34" ten="30,8000,1" yaku="1,1,2,1,7,1,54,1,53,1" doraHai="135" doraHaiUra="91" who="3" fromWho="1" sc="366,0,250,-83,134,0,240,93" /><INIT seed="1,0,0,5,5,87" ten="366,167,134,333" oya="1" hai0="14,70,67,10,133,94,8,44,1,97,0,83,61" hai1="11,18,90,98,4,115,33,37,119,102,19,68,89" hai2="50,92,65,114,123,60,31,76,88,79,111,62,71" hai3="48,13,5,40,36,55,75,29,108,12,120,135,91"/><U128/><E37/><V30/><F123/><W82/><G120/><T84/><D133/><U109/><E68/><V7/><F111/><W124/><G108/><T27/><D27/><U57/><E109/><V131/><F131/><W41/><G29/><N who="2" m="10761" /><F71/><W2/><G135/><T26/><D26/><U130/><E33/><V134/><F134/><W129/><G124/><T9/><D14/><N who="1" m="5479" /><E115/><V39/><F39/><W6/><G129/><N who="1" m="49770" /><E57/><N who="2" m="37007" /><F7/><W52/><G36/><T132/><D44/><U59/><E59/><V78/><F114/><W28/><G2/><T113/><D113/><U86/><E119/><V110/><F110/><W24/><G75/><T72/><D72/><U42/><E42/><V3/><F3/><W100/><G41/><T121/><D121/><U34/><E34/><V43/><F62/><W104/><G40/><T101/><REACH who="0" step="1"/><D132/><REACH who="0" ten="356,167,134,333" step="2"/><U69/><E69/><V127/><F127/><W122/><G122/><T66/><D66/><U106/><E86/><N who="2" m="52247" /><F79/><AGARI ba="0,1" hai="0,1,8,9,10,61,67,70,79,83,84,94,97,101" machi="79" ten="40,1300,0" yaku="1,1,53,0" doraHai="87" doraHaiUra="125" who="0" fromWho="2" sc="356,23,167,0,134,-13,333,0" /><INIT seed="2,0,0,5,4,119" ten="379,167,121,333" oya="2" hai0="23,72,53,20,71,99,70,6,82,98,74,118,121" hai1="49,114,79,68,96,117,122,60,133,100,36,80,8" hai2="12,32,55,83,54,95,7,106,51,61,110,34,59" hai3="120,62,44,75,92,57,86,81,111,37,41,5,47"/><V103/><F106/><W58/><G120/><T77/><D121/><U64/><E36/><V67/><F110/><W42/><G111/><T127/><D118/><U22/><E122/><V112/><F112/><W43/><G75/><T18/><D6/><U4/><E117/><V27/><F83/><W66/><G5/><T93/><D127/><U16/><E114/><V26/><F34/><W102/><G58/><T30/><D74/><U56/><E133/><V130/><F130/><W29/><G29/><T116/><D116/><U113/><E113/><V28/><F27/><W25/><G25/><T128/><D128/><U10/><E4/><V40/><F40/><W78/><G37/><T94/><D30/><U39/><E39/><V134/><F134/><W17/><G17/><T109/><D109/><U65/><E65/><V115/><F115/><W123/><G123/><T9/><D9/><U3/><E3/><V104/><F104/><W73/><G73/><T13/><D23/><U125/><E125/><V124/><F124/><W21/><G21/><T0/><D0/><U14/><E49/><V126/><F126/><W45/><G102/><N who="0" m="60751" /><D53/><U48/><E48/><V131/><F131/><W76/><G92/><T107/><D107/><N who="1" m="63879" /><E68/><V108/><F108/><W2/><G2/><T11/><D20/><U97/><E97/><N who="2" m="59839" /><F51/><W31/><G31/><T69/><D69/><U24/><E24/><V90/><F90/><AGARI ba="0,0" hai="41,42,43,44,45,47,57,62,66,76,78,81,86,90" machi="90" ten="40,1300,0" yaku="8,1" doraHai="119" who="3" fromWho="2" sc="379,0,167,0,121,-13,333,13" /><INIT seed="3,0,0,0,1,6" ten="379,167,108,346" oya="3" hai0="81,10,63,108,15,56,86,31,126,132,97,49,123" hai1="62,96,93,73,125,84,87,64,22,115,24,47,2" hai2="14,36,65,67,119,116,27,16,109,85,95,45,101" hai3="103,28,57,40,11,23,33,105,0,113,100,82,17"/><W99/><G113/><T92/><D123/><U12/><E73/><V34/><F109/><W90/><G103/><T72/><D108/><U66/><E2/><V3/><F3/><W42/><G57/><T120/><D120/><U135/><E115/><V18/><F36/><W55/><G55/><T60/><D132/><U70/><E125/><V52/><F119/><W111/><G111/><T44/><D31/><U25/><E66/><N who="2" m="25099" /><F34/><W50/><G50/><T76/><D72/><U35/><E135/><V51/><F116/><W21/><G21/><T124/><D56/><N who="1" m="36935" /><E35/><V94/><F101/><W53/><G53/><N who="0" m="29863" /><D124/><U121/><E70/><V13/><F27/><N who="1" m="10313" /><E47/><V91/><F95/><W133/><G133/><T107/><D107/><U98/><E121/><V68/><F68/><W130/><G33/><T30/><D30/><U117/><E117/><V29/><F29/><W112/><G112/><T32/><D126/><U79/><E93/><V127/><F127/><W7/><G28/><T106/><D106/><U5/><E79/><V38/><F38/><W131/><G42/><T26/><D26/><U118/><E118/><V61/><F61/><W46/><G40/><T41/><D41/><U110/><E110/><V104/><F104/><W75/><G46/><T19/><D32/><U74/><E74/><V58/><F45/><W8/><G23/><T114/><D114/><U9/><E22/><V69/><F69/><W37/><G37/><T4/><D4/><U71/><E71/><V77/><F77/><N who="3" m="44351" /><G90/><AGARI ba="0,0" hai="10,15,19,60,63,76,81,86,90,92,97" m="29863" machi="90" ten="30,2000,0" yaku="8,1,52,1" doraHai="6" who="0" fromWho="3" sc="379,20,167,0,108,0,346,-20" owari="399,49.9,167,-23.3,108,-39.2,326,12.6" /></mjloggm>