<mjloggm ver="2.3"><GO type="225" lobby="0"/><UN n0="%E3%83%B4%E3%82%A3%E3%83%AF%E3%82%B3%E3%82%B0%E3%83%8B" n1="%E3%80%90%E3%83%88%E3%83%AA%E3%83%A5%E3%83%95%E3%80%91" n2="%6E%69%63%6F%6E%74%6F" n3="%6D%75%75%73%61%6E%6D%75" dan="16,16,16,17" rate="2212.51,2097.32,2147.89,2162.65" sx="M,M,M,F"/><TAIKYOKU oya="0"/><INIT seed="0,0,0,1,3,30" ten="250,250,250,250" oya="0" hai0="9,118,51,119,42,133,117,39,64,69,55,46,116" hai1="17,68,90,98,96,61,58,24,115,45,101,107,48" hai2="85,41,81,60,129,32,110,130,112,67,59,70,97" hai3="78,77,100,79,84,18,52,92,50,128,123,22,11"/><T43/><N who="0" m="29696" /><DORA hai="114" /><T106/><D106/><U0/><E115/><V7/><F112/><W26/><G128/><T126/><D133/><U16/><E0/><V36/><F110/><W20/><G123/><T122/><D122/><U12/><E68/><V14/><F97/><N who="3" m="59431" /><G20/><T63/><D126/><U2/><E2/><V23/><F70/><W74/><G74/><T108/><D108/><U13/><E101/><V131/><F32/><W8/><G84/><T35/><D35/><U89/><E107/><V127/><F127/><W44/><AGARI ba="0,0" hai="8,11,18,22,26,44,50,52,77,78,79" m="59431" machi="44" ten="30,2000,0" yaku="8,1,54,1" doraHai="30,114" who="3" fromWho="3" sc="250,-10,250,-5,250,-5,250,20" /><INIT seed="1,0,0,0,1,49" ten="240,245,245,270" oya="1" hai0="133,76,46,9,47,34,66,2,50,102,131,17,56" hai1="75,14,10,95,91,62,119,117,129,81,26,88,80" hai2="125,79,27,114,115,31,77,19,57,122,99,85,110" hai3="83,6,68,15,128,12,70,89,100,39,33,53,64"/><U60/><E129/><V16/><F122/><W30/><G39/><T29/><D131/><U22/><E75/><V124/><F99/><W123/><G128/><T107/><D107/><U92/><E14/><V93/><F93/><W18/><G123/><T40/><D102/><U52/><E10/><V25/><F110/><W3/><G100/><T98/><D98/><U65/><E22/><V109/><F109/><W72/><G64/><T61/><D76/><U135/><E65/><V84/><F57/><W116/><G116/><T38/><D133/><U23/><E23/><V87/><REACH who="2" step="1"/><F84/><REACH who="2" ten="240,245,235,270" step="2"/><W7/><G68/><T113/><D56/><N who="1" m="34823" /><E117/><V101/><F101/><W51/><G70/><T59/><D59/><U35/><E119/><V71/><F71/><W78/><G72/><T132/><D132/><U8/><E135/><V24/><F24/><W105/><G105/><T41/><D113/><U104/><E26/><V13/><F13/><W36/><G15/><T118/><D118/><U32/><E104/><V0/><F0/><W69/><G12/><T48/><D2/><U11/><E11/><V4/><F4/><W20/><G7/><T120/><D120/><U97/><E8/><V121/><F121/><W55/><G3/><T63/><D9/><U58/><E32/><V21/><F21/><W37/><G33/><T86/><D34/><U127/><E35/><V106/><F106/><W73/><G69/><T54/><D86/><N who="1" m="52247" /><E127/><V5/><F5/><W74/><G6/><T28/><D28/><AGARI ba="0,1" hai="16,19,25,27,28,31,77,79,85,87,114,115,124,125" machi="28" ten="25,12000,2" yaku="1,1,22,2,54,1,53,2" doraHai="49" doraHaiUra="108" who="2" fromWho="0" sc="240,-120,245,0,235,130,270,0" /><INIT seed="2,0,0,5,2,25" ten="120,245,365,270" oya="2" hai0="66,64,41,17,49,5,20,35,67,18,105,98,46" hai1="73,10,14,100,68,62,101,76,113,39,79,33,95" hai2="21,108,89,92,16,38,123,52,74,22,55,116,37" hai3="28,87,125,88,61,90,70,30,60,129,117,32,19"/><V9/><F116/><W109/><G117/><T120/><D120/><U72/><E113/><V82/><F123/><W127/><G109/><T12/><D35/><U115/><E115/><V103/><F108/><W65/><G32/><T57/><D105/><U43/><E33/><V26/><F38/><W99/><G129/><T107/><D107/><U56/><E68/><V80/><F37/><W6/><G6/><T8/><D98/><U54/><E43/><V29/><F9/><W75/><G75/><T114/><D114/><U71/><E71/><V119/><F119/><W45/><G45/><T133/><D133/><U130/><E130/><V106/><F106/><W85/><G19/><T50/><REACH who="0" step="1"/><D20/><REACH who="0" ten="110,245,365,270" step="2"/><U48/><E73/><V77/><F103/><W102/><G102/><T135/><D135/><U111/><E72/><V24/><F82/><W7/><G125/><T23/><D23/><U124/><E124/><V4/><F4/><W63/><G127/><T128/><D128/><U3/><E101/><V78/><F78/><W51/><G7/><T11/><D11/><U86/><E100/><V134/><F134/><W126/><G126/><T97/><D97/><AGARI ba="0,1" hai="16,21,22,24,26,29,52,55,74,77,80,89,92,97" machi="97" ten="30,11600,0" yaku="7,1,52,1,54,2" doraHai="25" who="2" fromWho="0" sc="110,-116,245,0,365,126,270,0" owari="-6,-50.6,245,-15.5,491,59.1,270,7.0" /></mjloggm>