<mjloggm ver="2.3"><GO type="225" lobby="0"/><UN n0="%E3%81%95%E3%81%8D%E3%81%9F%E3%81%BE%E6%9E%97%E6%AA%8E" n1="%E3%81%BF%E3%81%BF%E3%81%9A" n2="%E6%A1%9C%E8%8A%B1%E9%96%83%E3%80%85" n3="%72%69%6F%75%63%68%61%6E" dan="16,18,16,16" rate="2065.47,2245.49,2228.87,2152.90" sx="M,M,M,M"/><TAIKYOKU oya="0"/><INIT seed="0,0,0,1,0,12" ten="250,250,250,250" oya="0" hai0="113,118,85,97,37,100,102,134,129,49,75,9,79" hai1="31,29,115,111,68,107,94,83,18,99,101,88,6" hai2="71,14,8,61,57,103,74,120,93,116,87,70,126" hai3="125,91,41,130,3,60,23,17,28,65,1,36,127"/><T73/><D37/><U30/><E68/><V92/><F120/><W119/><G119/><T10/><D118/><U50/><E111/><V81/><F116/><W16/><G130/><T45/><D113/><U104/><E115/><V2/><F2/><N who="3" m="523" /><G91/><T121/><D121/><U90/><E6/><V133/><F126/><N who="3" m="48139" /><G28/><T63/><D129/><U53/><E107/><V47/><F133/><W20/><G23/><T76/><D134/><U58/><E104/><V13/><F13/><W64/><G20/><T54/><D75/><U112/><E112/><V86/><F86/><W5/><G5/><T98/><D73/><U108/><E108/><V128/><F103/><N who="0" m="39466" /><D63/><U124/><E124/><V44/><F74/><W52/><G52/><N who="0" m="29743" /><D85/><N who="1" m="50239" /><E101/><V43/><F128/><W21/><G21/><T122/><D122/><U24/><E24/><V131/><F131/><W59/><G65/><T19/><D54/><U84/><E84/><V82/><F87/><W89/><G89/><T62/><D62/><U15/><E31/><V51/><F82/><W0/><N who="3" m="531" /><W27/><DORA hai="67" /><G27/><T106/><D106/><U35/><E35/><V109/><F81/><W110/><G110/><T7/><D7/><U117/><E117/><V46/><F109/><W95/><G95/><T114/><D114/><U40/><E40/><V72/><F93/><W66/><G66/><T38/><D38/><U39/><E39/><V105/><F92/><W132/><G132/><T11/><D98/><U77/><E77/><N who="0" m="29769" /><D97/><U96/><E99/><V25/><F105/><W56/><G56/><T48/><D48/><U26/><E26/><RYUUKYOKU ba="0,0" sc="250,10,250,10,250,-30,250,10" hai0="9,10,11,19" hai1="15,18,29,30,50,53,58,90,94,96" hai3="16,17,36,41,59,60,64" /><INIT seed="0,1,0,4,0,49" ten="260,260,220,260" oya="0" hai0="44,135,22,75,51,57,62,13,108,116,12,21,30" hai1="123,134,110,45,85,52,100,32,107,132,15,6,109" hai2="7,1,124,127,131,61,26,33,60,19,77,83,121" hai3="78,63,56,84,16,18,86,70,47,9,2,4,73"/><T69/><D116/><U115/><E123/><V112/><F121/><W50/><G70/><T128/><D75/><U3/><E3/><V24/><F112/><W71/><G71/><T94/><D69/><U97/><E32/><V74/><F131/><W59/><G73/><T43/><D128/><U80/><E115/><V82/><F7/><W29/><G29/><T20/><D135/><N who="1" m="51755" /><E15/><N who="0" m="5705" /><D108/><N who="1" m="41579" /><E6/><V64/><F1/><W98/><G98/><T92/><D30/><U53/><E45/><V99/><F33/><W72/><G72/><T88/><D88/><AGARI ba="1,0" hai="52,53,80,85,88,97,100,107" m="41579,51755" machi="88" ten="30,12000,2" yaku="20,1,14,1,52,2,54,2" doraHai="49" who="1" fromWho="0" sc="260,-123,260,123,220,0,260,0" /><INIT seed="1,0,0,3,5,104" ten="137,383,220,260" oya="1" hai0="67,39,57,41,11,48,130,15,71,128,106,121,133" hai1="108,103,31,77,94,44,87,117,93,6,7,78,17" hai2="92,122,90,61,68,8,131,66,45,62,63,105,14" hai3="42,21,70,54,76,86,116,2,24,119,58,50,56"/><U51/><E117/><N who="3" m="45130" /><G2/><T124/><D106/><U25/><E108/><V55/><F122/><W18/><G70/><T65/><D15/><U34/><E17/><V129/><F105/><W5/><G5/><T88/><D11/><U19/><E19/><N who="2" m="8647" /><F45/><N who="3" m="27983" /><G42/><T9/><D9/><U74/><E78/><V12/><F55/><W84/><G76/><T72/><D39/><U27/><E27/><V109/><F12/><W134/><G134/><T83/><D133/><U16/><E16/><V89/><F89/><W43/><G43/><T1/><D88/><U110/><E110/><V107/><F107/><W80/><G80/><T40/><D1/><U3/><E94/><V102/><F102/><W85/><AGARI ba="0,0" hai="18,21,24,56,58,84,85,86" m="27983,45130" machi="85" ten="30,1100,0" yaku="12,1" doraHai="104" who="3" fromWho="3" sc="137,-3,383,-5,220,-3,260,11" /><INIT seed="2,0,0,4,2,56" ten="134,378,217,271" oya="2" hai0="29,106,126,93,77,64,23,134,28,36,120,11,32" hai1="86,4,44,20,22,72,87,8,35,60,105,94,46" hai2="63,31,15,108,131,133,102,103,116,54,53,33,69" hai3="128,80,82,7,16,81,129,9,118,115,119,75,30"/><V95/><F116/><N who="3" m="44587" /><G30/><T100/><D36/><U50/><E72/><V37/><F37/><W26/><G115/><T107/><D120/><U66/><E105/><V0/><F0/><N who="3" m="231" /><G26/><T17/><D77/><U21/><E35/><V52/><F131/><N who="3" m="50251" /><G16/><T110/><D32/><U124/><E124/><V99/><F133/><W123/><G123/><T109/><D126/><U42/><E46/><V65/><F108/><N who="0" m="41578" /><D134/><U2/><REACH who="1" step="1"/><E94/><REACH who="1" ten="134,368,217,271" step="2"/><V91/><REACH who="2" step="1"/><F15/><REACH who="2" ten="134,368,207,271" step="2"/><W114/><G114/><T49/><D107/><U88/><E88/><V73/><F73/><AGARI ba="0,2" hai="73,75,80,81,82" m="50251,231,44587" machi="73" ten="40,1300,0" yaku="19,1" doraHai="56" who="3" fromWho="2" sc="134,0,368,0,207,-13,271,33" /><INIT seed="3,0,0,2,3,96" ten="134,368,194,304" oya="3" hai0="76,135,118,2,68,20,132,70,104,130,27,18,49" hai1="116,98,66,38,73,45,124,57,11,126,94,113,33" hai2="89,100,16,86,122,8,117,44,53,120,17,52,112" hai3="37,47,72,108,71,39,13,127,56,103,48,5,19"/><W82/><G71/><T84/><D118/><U93/><E113/><V25/><F112/><W10/><G127/><N who="1" m="48682" /><E116/><V79/><F117/><W107/><G108/><T97/><D2/><U34/><E73/><V65/><F79/><W99/><G56/><T77/><D130/><U0/><E66/><V114/><F114/><W24/><G24/><T22/><D84/><U85/><E57/><V119/><F100/><W133/><G133/><T6/><D6/><N who="1" m="1479" /><E85/><V95/><F119/><W101/><G101/><T60/><D49/><U81/><E81/><V115/><F115/><W46/><G5/><T134/><D22/><U64/><E64/><V87/><F65/><W15/><G15/><T36/><D36/><U59/><E59/><V83/><F25/><W92/><G107/><T128/><D128/><U123/><E123/><N who="2" m="47147" /><F8/><W69/><G69/><T54/><D70/><U12/><E12/><V61/><F61/><W4/><G4/><T43/><D43/><N who="1" m="22775" /><E93/><V55/><F44/><W62/><G62/><T28/><D28/><U14/><E14/><V30/><F89/><AGARI ba="0,0" hai="33,34,89,94,98" m="22775,1479,48682" machi="89" ten="30,1000,0" yaku="18,1" doraHai="96" who="1" fromWho="2" sc="134,0,368,10,194,-10,304,0" owari="134,-36.6,378,47.8,184,-21.6,304,10.4" /></mjloggm>