<mjloggm ver="2.3"><GO type="225" lobby="0"/><UN n0="%E8%BE%9B%E5%8F%A3%E3%82%AB%E3%83%AC%E3%83%BC%E3%83%A9%E3%82%A4%E3%82%B9" n1="%E3%82%A2%E3%83%A1%E3%82%A2%E3%83%A9%E3%83%AC" n2="%E3%81%A4%E3%81%A3%E3%81%B1%E3%82%8A%E3%83%9D%E3%83%BC%E3%83%AB" n3="%E3%81%8B%E3%82%8F%E3%81%A1%E3%82%83%E3%82%93%35%38" dan="17,16,17,16" rate="2238.73,2130.12,2144.69,2128.37" sx="M,M,M,M"/><TAIKYOKU oya="0"/><INIT seed="0,0,0,0,5,19" ten="250,250,250,250" oya="0" hai0="112,46,98,55,25,34,111,20,103,102,58,135,134" hai1="90,96,63,24,1,71,47,29,127,130,78,53,107" hai2="133,75,4,122,30,88,77,72,38,22,110,42,17" hai3="60,69,91,59,37,120,132,73,40,101,36,99,124"/><T66/><D112/><U81/><E1/><V2/><F122/><W52/><G124/><T49/><D34/><U121/><E121/><V33/><F77/><W48/><G132/><N who="0" m="50731" /><D111/><U6/><E6/><V82/><F133/><W125/><G125/><T108/><D108/><U126/><E130/><V23/><F110/><W27/><G73/><T61/><D98/><U51/><E71/><V50/><F38/><W76/><G76/><T26/><D26/><U100/><E90/><V8/><F23/><W97/><G120/><T105/><D105/><U115/><E63/><V7/><F7/><W3/><G3/><T16/><AGARI ba="0,0" hai="16,20,25,46,49,55,58,61,66,102,103" m="50731" machi="16" ten="30,6000,0" yaku="20,1,52,1,54,1" doraHai="19" who="0" fromWho="0" sc="250,60,250,-20,250,-20,250,-20" /><INIT seed="0,1,0,4,5,131" ten="310,230,230,230" oya="0" hai0="71,103,26,62,14,77,107,85,129,76,125,15,46" hai1="64,73,113,104,118,119,87,36,97,121,38,4,124" hai2="50,8,2,69,57,74,117,7,39,123,91,22,135" hai3="19,83,120,6,122,101,3,24,86,21,48,33,84"/><T23/><D125/><U41/><E4/><V82/><F123/><N who="3" m="47147" /><G101/><T68/><D129/><U49/><E73/><V94/><F69/><W42/><G33/><T67/><D71/><U75/><E75/><V5/><F117/><W128/><G128/><T110/><D110/><U28/><E28/><V66/><F39/><W93/><G93/><T47/><D107/><U56/><E87/><V112/><F112/><W100/><G100/><T11/><D103/><U34/><E97/><V20/><F7/><W116/><G116/><T54/><D54/><U51/><E34/><V81/><F74/><W99/><G99/><T126/><D126/><U53/><E104/><V59/><F82/><W72/><G72/><T127/><D127/><U9/><E124/><V40/><F81/><W16/><G19/><T90/><D77/><U25/><E121/><V132/><F22/><W98/><G98/><T105/><D76/><U88/><E113/><V95/><F20/><W78/><G84/><T65/><D105/><U61/><E118/><V18/><F18/><W55/><G42/><T134/><D23/><U13/><E41/><V37/><F40/><W108/><G108/><T111/><D85/><U109/><E109/><V60/><F37/><W35/><G35/><T45/><D111/><U44/><E38/><V79/><F79/><W52/><G48/><T130/><D130/><U43/><E119/><V63/><F50/><W96/><G96/><T17/><D17/><N who="1" m="8367" /><E49/><V0/><F95/><W10/><AGARI ba="1,0" hai="3,6,10,16,21,24,52,55,78,83,86" m="47147" machi="10" ten="30,4000,0" yaku="13,1,54,2" doraHai="131" who="3" fromWho="3" sc="310,-21,230,-11,230,-11,230,43" /><INIT seed="1,0,0,3,0,48" ten="289,219,219,273" oya="1" hai0="30,36,93,21,5,121,94,58,20,74,33,110,76" hai1="112,131,135,105,42,80,18,70,39,25,7,55,122" hai2="117,10,65,123,4,3,64,113,29,87,119,52,77" hai3="81,125,66,54,101,115,69,35,106,116,98,92,27"/><U73/><E112/><V132/><F123/><W38/><G115/><T6/><D36/><U49/><E122/><V41/><F113/><W120/><G120/><T108/><D121/><U1/><E105/><V86/><F29/><W22/><G38/><T53/><D33/><U8/><E135/><V99/><F41/><W126/><G116/><T71/><D71/><U37/><E70/><V78/><F132/><W59/><G35/><T95/><D76/><U102/><E102/><V97/><F10/><W40/><G40/><T63/><D74/><U103/><E103/><V68/><F68/><W107/><G66/><T79/><D79/><U17/><E131/><V118/><F118/><W134/><G81/><T0/><D0/><U67/><E67/><V60/><F60/><N who="3" m="35959" /><G69/><T84/><D84/><U34/><E73/><V13/><F3/><W23/><G23/><N who="0" m="8779" /><D30/><U28/><E80/><V72/><F72/><W24/><G134/><T91/><D91/><U111/><E37/><V82/><F82/><W128/><G128/><T114/><D114/><U89/><E89/><V85/><F85/><W75/><G75/><T88/><D88/><U61/><E61/><V100/><F100/><W32/><G32/><T46/><D46/><U96/><E39/><V90/><F90/><W56/><G56/><T50/><D63/><U43/><E34/><V47/><F47/><W15/><G106/><T124/><D124/><N who="3" m="47721" /><G107/><T51/><D51/><U14/><E49/><V31/><F119/><W9/><G22/><T127/><D127/><U26/><E42/><V16/><F117/><W57/><G57/><RYUUKYOKU ba="0,0" sc="289,15,219,-15,219,-15,273,15" hai0="5,6,50,53,58,93,94,95,108,110" hai3="9,15,24,27,92,98,101" /><INIT seed="2,1,0,2,4,117" ten="304,204,204,288" oya="2" hai0="103,77,74,67,50,4,43,126,132,76,58,11,33" hai1="69,135,84,91,5,79,56,72,115,45,71,26,122" hai2="129,8,39,73,85,19,104,108,83,47,6,51,105" hai3="131,98,125,101,12,16,123,21,49,2,110,34,42"/><V90/><F129/><W124/><G123/><T95/><D33/><U100/><E115/><V3/><F108/><W62/><G2/><T120/><D120/><U111/><E135/><V36/><F73/><W107/><G34/><T29/><D132/><U109/><E122/><V113/><F113/><W20/><G110/><N who="1" m="41994" /><E100/><V89/><F19/><W31/><G131/><T88/><D103/><U93/><E5/><V0/><F0/><W18/><G31/><T130/><D29/><U1/><E1/><V112/><F112/><W53/><G62/><N who="0" m="38359" /><D74/><U30/><E56/><V68/><F68/><W99/><G42/><T15/><D126/><N who="3" m="48745" /><G101/><T106/><D106/><U52/><E79/><V64/><F64/><W24/><G107/><T119/><D119/><U114/><E72/><V41/><F105/><W80/><G80/><T40/><D130/><U82/><E82/><V22/><F104/><W86/><G86/><N who="0" m="52631" /><D43/><U7/><E114/><V87/><REACH who="2" step="1"/><F22/><REACH who="2" ten="304,204,194,288" step="2"/><W121/><G121/><T94/><D4/><U35/><E7/><V32/><F32/><W102/><G102/><T61/><D15/><U46/><E71/><V134/><F134/><W54/><G20/><T38/><D11/><U57/><E69/><V48/><F48/><AGARI ba="1,1" hai="26,30,35,45,46,48,52,57,84,91,93" m="41994" machi="48" ten="30,2000,0" yaku="14,1,54,1" doraHai="117" who="1" fromWho="2" sc="304,0,204,33,194,-23,288,0" /><INIT seed="3,0,0,4,0,129" ten="304,237,171,288" oya="3" hai0="59,113,83,6,96,18,133,122,32,28,78,104,1" hai1="61,38,91,123,126,30,16,105,57,135,21,72,43" hai2="7,11,3,22,65,131,79,93,64,99,2,31,100" hai3="62,114,27,95,125,110,34,88,44,102,50,10,124"/><W111/><G114/><T4/><D133/><U86/><E123/><V115/><F131/><W106/><G106/><T42/><D1/><U87/><E72/><V92/><F115/><W69/><G102/><T103/><D122/><U77/><E105/><V94/><F3/><W121/><G121/><T112/><D112/><U41/><E126/><N who="3" m="48746" /><G10/><T98/><D42/><U56/><E30/><V36/><F36/><W97/><G34/><T14/><D98/><U75/><E75/><V60/><F79/><W66/><G27/><T40/><D40/><AGARI ba="0,0" hai="40,44,50,62,66,69,88,95,97,110,111" m="48746" machi="40" ten="30,2900,0" yaku="18,1,54,1" doraHai="129" who="3" fromWho="0" sc="304,-29,237,0,171,0,288,29" owari="275,7.5,237,-16.3,171,-32.9,317,41.7" /></mjloggm>