<mjloggm ver="2.3"><GO type="225" lobby="0"/><UN n0="%E8%90%BD%E6%97%A5" n1="%E3%83%B4%E3%83%A0%EF%BC%99%E3%81%A6" n2="%E7%88%86%E8%A3%82%E9%83%BD%E5%B8%82%EF%BD%9E" n3="%72%61%6B%33" dan="19,16,16,16" rate="2242.77,2144.54,2117.73,2202.95" sx="F,M,M,M"/><TAIKYOKU oya="0"/><INIT seed="0,0,0,5,2,4" ten="250,250,250,250" oya="0" hai0="63,62,76,23,40,48,98,95,83,73,97,5,118" hai1="94,96,60,33,66,2,70,69,93,10,43,125,111" hai2="47,46,78,85,81,56,108,131,17,15,127,84,92" hai3="26,50,104,133,86,41,28,31,114,123,88,135,109"/><T52/><D118/><U102/><E33/><V30/><F108/><W18/><G114/><T67/><D40/><U6/><E111/><V38/><F131/><W112/><G112/><T12/><D98/><U49/><E125/><V51/><F127/><W8/><G109/><T54/><D54/><U20/><E20/><V14/><F30/><W75/><G75/><T34/><D34/><U19/><E19/><V7/><F56/><W25/><G104/><T107/><D107/><U32/><E32/><V37/><F14/><N who="3" m="7495" /><G123/><T44/><D67/><U128/><E128/><V27/><F7/><W132/><G28/><T74/><D74/><U77/><E77/><V113/><F47/><N who="3" m="25967" /><G31/><T71/><D71/><U122/><E122/><V110/><F110/><W91/><G91/><T35/><D35/><U124/><E124/><V0/><F0/><W80/><AGARI ba="0,0" hai="25,26,80,86,88,132,133,135" m="25967,7495" machi="80" ten="30,4000,0" yaku="20,1,52,1,54,1" doraHai="4" who="3" fromWho="3" sc="250,-20,250,-10,250,-10,250,40" /><INIT seed="1,0,0,3,3,65" ten="230,240,240,290" oya="1" hai0="135,97,44,92,2,28,104,108,34,37,77,55,56" hai1="87,85,83,41,52,113,130,26,35,120,36,31,98" hai2="17,11,109,118,61,73,123,131,96,124,80,60,125" hai3="42,13,62,117,78,32,93,110,84,20,107,64,39"/><U134/><E113/><V54/><F123/><W6/><G32/><T119/><D119/><U25/><E120/><V16/><F118/><W101/><G117/><T21/><D2/><U75/><E134/><V23/><F109/><W89/><G110/><T68/><D108/><U71/><E130/><V111/><F131/><W70/><G78/><T10/><D34/><U67/><E75/><V63/><F111/><W51/><G39/><T58/><D104/><U86/><E98/><V8/><F96/><W19/><G6/><T76/><D68/><U90/><E25/><V100/><F100/><W18/><G18/><N who="2" m="7273" /><F23/><W9/><G42/><T59/><D10/><N who="2" m="3626" /><F73/><W95/><G51/><N who="0" m="29159" /><D37/><U106/><E106/><V49/><F80/><W50/><G50/><T116/><D135/><U133/><E133/><V132/><F132/><W79/><G9/><T57/><N who="0" m="14336" /><DORA hai="24" /><T99/><D116/><U81/><E81/><V0/><F0/><W7/><G7/><T30/><D99/><U102/><E36/><V47/><F47/><W38/><G38/><T105/><D105/><U74/><E74/><V12/><F49/><W14/><G107/><T4/><D4/><U114/><E114/><V48/><F48/><W121/><G121/><T45/><D45/><U53/><E41/><V94/><F12/><W128/><G128/><T33/><D33/><U127/><E35/><V22/><F54/><W69/><G13/><T112/><D112/><U15/><E15/><V72/><F22/><W122/><G122/><T40/><D40/><U91/><E53/><V43/><F72/><W27/><G14/><RYUUKYOKU ba="0,0" sc="230,0,240,0,240,0,290,0" /><INIT seed="2,1,0,3,4,122" ten="230,240,240,290" oya="2" hai0="117,95,103,111,35,52,123,65,10,5,34,80,84" hai1="86,18,54,28,93,79,87,129,43,25,0,91,82" hai2="92,131,58,83,44,90,51,99,75,78,24,133,67" hai3="73,2,89,1,20,107,120,108,40,105,56,41,62"/><V96/><F131/><W97/><G73/><T15/><D117/><U19/><E129/><V60/><F133/><W23/><G97/><T130/><D123/><U104/><E104/><V63/><F24/><W106/><G89/><T71/><D130/><U88/><E0/><V7/><F7/><W98/><G98/><T45/><D95/><U17/><E43/><V132/><F132/><W57/><G62/><T113/><D103/><U36/><E36/><V70/><F90/><W59/><G108/><T124/><D113/><U11/><E54/><V119/><F92/><W126/><G126/><T53/><D124/><U100/><E100/><V49/><F119/><W121/><G121/><T61/><D111/><U29/><E11/><V114/><F114/><W125/><G125/><T38/><D38/><U31/><REACH who="1" step="1"/><E79/><REACH who="1" ten="230,230,240,290" step="2"/><V66/><F51/><W47/><G120/><T118/><D118/><U81/><E81/><V127/><F127/><W102/><G102/><T64/><D64/><U9/><E9/><V12/><F12/><W112/><G112/><T14/><D53/><AGARI ba="1,1" hai="44,49,53,58,60,63,66,67,70,75,78,83,96,99" machi="53" ten="30,1500,0" yaku="7,1" doraHai="122" who="2" fromWho="0" sc="230,-18,230,0,240,28,290,0" /><INIT seed="2,2,0,0,4,120" ten="212,230,268,290" oya="2" hai0="41,74,27,80,89,20,92,125,0,24,62,87,86" hai1="73,85,11,131,32,101,66,93,133,63,135,19,81" hai2="118,123,67,76,132,78,98,129,31,30,43,12,60" hai3="97,29,48,82,83,51,107,91,16,112,72,79,96"/><V121/><F118/><W23/><G112/><T77/><D125/><U14/><E32/><V84/><F129/><W95/><G29/><T109/><D0/><U49/><E131/><V114/><F114/><W15/><REACH who="3" step="1"/><G82/><REACH who="3" ten="212,230,268,280" step="2"/><T69/><D80/><U57/><E133/><V54/><F31/><W105/><G105/><T35/><D92/><U40/><E135/><V21/><F30/><W106/><G106/><T34/><D34/><U7/><E93/><V99/><F132/><W59/><G59/><T42/><D35/><U3/><E57/><V88/><F123/><W64/><G64/><T25/><D69/><U108/><E66/><V134/><F121/><W122/><G122/><T38/><D109/><U39/><E108/><V103/><F67/><W111/><G111/><T100/><D25/><U94/><E94/><V10/><F134/><W37/><G37/><T28/><D38/><U102/><E39/><V127/><F127/><W33/><G33/><T65/><D27/><U61/><E81/><V8/><F76/><W52/><G52/><T50/><D65/><U5/><E40/><V6/><F43/><W56/><G56/><T17/><D41/><U90/><E61/><V4/><F78/><W130/><G130/><T22/><D62/><U71/><E63/><V46/><F60/><W47/><G47/><T2/><D77/><U75/><E71/><V117/><F54/><W104/><G104/><T126/><D126/><U58/><E58/><V1/><F46/><W116/><G116/><T55/><D42/><U9/><E49/><V18/><F117/><W113/><G113/><RYUUKYOKU ba="2,1" sc="212,-10,230,-10,268,-10,280,30" hai3="15,16,23,48,51,72,79,83,91,95,96,97,107" /><INIT seed="3,3,1,0,1,133" ten="202,220,258,310" oya="3" hai0="109,23,96,47,78,38,18,90,52,76,50,86,74" hai1="94,36,77,118,119,8,20,27,21,128,110,69,24" hai2="41,79,89,45,115,44,70,49,17,37,82,9,29" hai3="57,91,111,25,93,102,31,65,1,63,124,95,55"/><W68/><G124/><T87/><D109/><U99/><E110/><V85/><F115/><W88/><G111/><T131/><D131/><U129/><E69/><V106/><F70/><W39/><G1/><T92/><D38/><U67/><E67/><V34/><F106/><W62/><G39/><T30/><D30/><N who="1" m="17671" /><E8/><V32/><F29/><W48/><G95/><T22/><D22/><U125/><E77/><N who="0" m="29801" /><D74/><U40/><E125/><V114/><F114/><W43/><G102/><T28/><D28/><N who="1" m="17519" /><E40/><V100/><F100/><W5/><G5/><T15/><AGARI ba="3,1" hai="15,18,23,47,50,52,86,87,90,92,96" m="29801" machi="15" ten="30,2000,0" yaku="8,1,54,1" doraHai="133" who="0" fromWho="0" sc="202,39,220,-8,258,-8,310,-13" /><INIT seed="4,0,0,1,3,68" ten="241,212,250,297" oya="0" hai0="79,58,90,101,127,106,47,112,100,34,63,27,71" hai1="80,73,18,128,104,37,50,114,82,70,41,7,46" hai2="60,1,3,2,35,97,28,86,84,62,5,65,107" hai3="122,118,78,29,81,49,45,91,26,9,21,103,33"/><T10/><D112/><U95/><E104/><V115/><F115/><W96/><G118/><T133/><D127/><U88/><E114/><V105/><F62/><W30/><G122/><T109/><D133/><U38/><E70/><N who="2" m="42279" /><F5/><W64/><G64/><T117/><D71/><U0/><E128/><V69/><F107/><W72/><G9/><T125/><D125/><U14/><E7/><V25/><F69/><W44/><G91/><T129/><D129/><U4/><E4/><V113/><F113/><W66/><G66/><T15/><D117/><U134/><E0/><V119/><F119/><W130/><G130/><T124/><D109/><U48/><E134/><V32/><F32/><W40/><G44/><T43/><D106/><U59/><E50/><V19/><F19/><W110/><G110/><T16/><D124/><U111/><E111/><V8/><F8/><W39/><G33/><T98/><D79/><U126/><E126/><V99/><F99/><W102/><G30/><T67/><D34/><U52/><E37/><V31/><F31/><W116/><G116/><T85/><D27/><U123/><E73/><V61/><F61/><W121/><G121/><T22/><D10/><U76/><E76/><V13/><F13/><W57/><G96/><T55/><D98/><U74/><E74/><V89/><F89/><W93/><G93/><N who="0" m="54479" /><D67/><U53/><E53/><V24/><F24/><W120/><G120/><T11/><D11/><U94/><E123/><V54/><F54/><N who="3" m="31951" /><G103/><AGARI ba="0,0" hai="1,2,3,25,28,35,84,86,97,103,105" m="42279" machi="103" ten="30,1000,0" yaku="25,1" doraHai="68" who="2" fromWho="3" sc="241,0,212,0,250,10,297,-10" /><INIT seed="5,0,0,5,4,61" ten="241,212,260,287" oya="1" hai0="79,128,9,39,7,107,123,15,32,96,103,109,53" hai1="48,77,13,110,63,55,12,80,56,115,133,27,40" hai2="98,17,119,71,75,22,4,62,117,93,129,70,59" hai3="35,125,5,118,46,105,29,30,92,97,24,121,54"/><U6/><E115/><V38/><F38/><W99/><G121/><T124/><D109/><U106/><E110/><V113/><F75/><W72/><G72/><T104/><D123/><U68/><E133/><V74/><F74/><W28/><G125/><T73/><D124/><U100/><E106/><V66/><F129/><W50/><G118/><T127/><D127/><U67/><E100/><V89/><F4/><W116/><G116/><T91/><D128/><U3/><E27/><V1/><F1/><W134/><G134/><T58/><D32/><U45/><E3/><V81/><F113/><W112/><G112/><T83/><D39/><U44/><E6/><V47/><F47/><W10/><G105/><T87/><D104/><U31/><E31/><V51/><F81/><W65/><G65/><T8/><D8/><U69/><E69/><V120/><F120/><W64/><G64/><T11/><D11/><U60/><REACH who="1" step="1"/><E45/><REACH who="1" ten="241,202,260,287" step="2"/><V130/><F130/><W52/><G29/><T18/><D7/><U34/><E34/><V101/><F101/><W102/><G28/><T21/><D21/><U19/><E19/><V114/><F114/><W132/><G132/><T126/><D126/><U95/><E95/><V111/><F111/><W37/><G102/><T16/><D18/><U26/><E26/><V122/><F122/><W84/><G35/><T135/><D135/><U131/><E131/><V41/><F71/><W90/><G30/><T36/><D58/><U14/><E14/><N who="2" m="9527" /><F70/><W25/><G5/><T43/><D103/><U86/><AGARI ba="0,1" hai="12,13,40,44,48,55,56,60,63,67,68,77,80,86" machi="86" ten="20,7800,0" yaku="1,1,0,1,7,1,52,1,53,0" doraHai="61" doraHaiUra="108" who="1" fromWho="1" sc="241,-26,202,88,260,-26,287,-26" /><INIT seed="5,1,0,2,3,10" ten="215,290,234,261" oya="1" hai0="53,23,104,102,42,17,129,114,121,126,111,130,45" hai1="8,127,116,134,132,71,90,27,57,55,119,6,79" hai2="91,131,87,19,73,85,118,47,65,44,62,133,98" hai3="54,113,24,81,93,115,61,106,128,11,7,100,135"/><U75/><E71/><V64/><F118/><W51/><G106/><T94/><D111/><U76/><E90/><V36/><F73/><W68/><G135/><N who="1" m="51754" /><E27/><V40/><F131/><N who="0" m="50186" /><D114/><U22/><E22/><V46/><F133/><W13/><G128/><T84/><D126/><U63/><E127/><V15/><F65/><W78/><G24/><T20/><D121/><U72/><E72/><V107/><F107/><W33/><G33/><T38/><D53/><U82/><E79/><V122/><F98/><W120/><G120/><T110/><D110/><U18/><E18/><V60/><F60/><W37/><G37/><T52/><D17/><U105/><E105/><V32/><F32/><W69/><G93/><T123/><D123/><U86/><E75/><V67/><F87/><W50/><G100/><T109/><D109/><U49/><E63/><V21/><F67/><W66/><G68/><T92/><D104/><U14/><AGARI ba="1,0" hai="6,8,14,49,55,57,76,82,86,116,119" m="51754" machi="14" ten="30,3000,0" yaku="20,1,52,1" doraHai="10" who="1" fromWho="1" sc="215,-11,290,33,234,-11,261,-11" owari="204,-29.6,323,42.3,223,-17.7,250,5.0" /></mjloggm>