<mjloggm ver="2.3"><GO type="225" lobby="0"/><UN n0="%E3%81%A1%E3%82%85%E3%81%86%E3%81%A9%E3%81%8F%E8%B1%A1%E3%81%95%E3%82%93" n1="%E3%81%95%E3%81%8D%E3%81%9F%E3%81%BE%E6%9E%97%E6%AA%8E" n2="%E9%B3%B3%E6%9D%B1%E3%81%AE%E3%81%86%E3%81%95%E3%81%8E%E3%81%95%E3%82%93" n3="%E2%98%86%E5%AD%AB%E7%87%95%E5%A7%BF%E2%98%86" dan="16,16,16,17" rate="2165.23,2112.37,2129.50,2230.04" sx="M,M,M,M"/><TAIKYOKU oya="0"/><INIT seed="0,0,0,1,4,106" ten="250,250,250,250" oya="0" hai0="99,33,39,120,121,8,91,97,43,80,76,65,110" hai1="70,100,4,25,23,57,77,26,29,36,74,45,9" hai2="27,105,1,96,118,129,95,62,11,111,10,108,59" hai3="132,12,40,92,6,58,56,71,15,20,124,126,119"/><T16/><D33/><U67/><E100/><V98/><F129/><W75/><G71/><T113/><D113/><U109/><E109/><N who="2" m="42059" /><F118/><W41/><G119/><T63/><D110/><U84/><E70/><V19/><F105/><W44/><G92/><T50/><D39/><U13/><E74/><V68/><F68/><W52/><G6/><T81/><D99/><U53/><E36/><V94/><F1/><W83/><G20/><T104/><D50/><U42/><E42/><N who="3" m="16490" /><G44/><T38/><D38/><U0/><E0/><V49/><F27/><W24/><G24/><T135/><D43/><U115/><E115/><V114/><F19/><W66/><G66/><T21/><D8/><U122/><E26/><V2/><F2/><W37/><G58/><T51/><D51/><U73/><E73/><V55/><F49/><N who="3" m="30735" /><G132/><T72/><D135/><U47/><E67/><V127/><F10/><W125/><G37/><T123/><D81/><N who="1" m="47151" /><E122/><V82/><F82/><W112/><G112/><T86/><D104/><U18/><E4/><V88/><F114/><W17/><G17/><T5/><D5/><U87/><E87/><V30/><F30/><W22/><G22/><T101/><D21/><U54/><E57/><V60/><F11/><W131/><G131/><T34/><D34/><U78/><E47/><V116/><F116/><W134/><G134/><T48/><D16/><N who="1" m="8239" /><E45/><V61/><F127/><W128/><G128/><T7/><D123/><U130/><E130/><V85/><F85/><W69/><G69/><T117/><D121/><U14/><E78/><AGARI ba="0,0" hai="12,15,75,78,83,124,125,126" m="30735,16490" machi="78" ten="40,5200,0" yaku="18,1,52,1,54,1" doraHai="106" who="3" fromWho="1" sc="250,0,250,-52,250,0,250,52" /><INIT seed="1,0,0,3,4,15" ten="250,198,250,302" oya="1" hai0="108,20,25,122,44,13,5,2,97,54,84,12,67" hai1="40,107,92,76,52,3,33,105,81,104,16,63,131" hai2="88,121,47,75,1,73,59,96,99,118,65,37,28" hai3="80,36,98,100,78,124,8,38,70,18,130,74,50"/><U79/><E3/><V19/><F121/><W34/><G70/><T4/><D67/><U62/><E33/><V45/><F1/><W113/><G113/><T83/><D122/><U106/><N who="1" m="26624" /><DORA hai="89" /><U17/><E40/><V24/><F118/><W31/><G50/><T55/><D108/><U66/><E66/><V102/><F102/><W91/><G100/><T125/><D125/><U10/><E10/><V14/><F73/><W90/><G124/><T109/><D109/><U82/><E92/><N who="2" m="56327" /><F75/><W101/><G91/><T117/><D97/><U115/><E115/><V53/><F37/><W48/><G101/><T135/><D135/><U129/><E52/><N who="0" m="20009" /><D117/><U94/><E94/><V58/><F99/><W51/><G38/><T119/><D44/><N who="2" m="16970" /><F65/><W32/><G36/><T41/><D41/><U30/><E30/><V60/><F59/><W57/><G57/><T95/><D119/><U93/><E93/><V69/><F69/><W126/><G126/><T127/><D127/><U42/><E42/><V134/><F134/><W112/><G32/><T87/><D95/><U85/><E63/><V132/><F132/><W26/><G112/><T29/><D87/><N who="1" m="48551" /><E62/><V71/><F71/><W49/><G98/><T86/><D86/><U6/><E6/><N who="0" m="2665" /><D2/><U68/><E68/><V114/><F114/><W46/><G46/><T23/><D23/><U110/><E110/><V64/><F64/><W39/><G39/><T111/><D111/><U35/><E35/><V72/><F72/><W56/><G56/><T27/><D27/><U77/><E77/><AGARI ba="0,0" hai="12,13,20,25,29,77,83,84" m="2665,20009" machi="77" ten="30,2000,0" yaku="8,1,54,1" doraHai="15,89" who="0" fromWho="1" sc="250,20,198,-20,250,0,302,0" /><INIT seed="2,0,0,2,0,123" ten="270,178,250,302" oya="2" hai0="72,63,68,121,23,74,20,24,38,96,71,79,36" hai1="6,81,17,125,9,115,118,97,16,131,40,54,28" hai2="102,112,33,85,80,58,42,134,104,76,94,21,133" hai3="92,101,39,75,113,129,7,37,127,106,56,91,34"/><V83/><F33/><W10/><G75/><T43/><D121/><U18/><E115/><V57/><F42/><W135/><G34/><T103/><D23/><U55/><E118/><V114/><F21/><W116/><G116/><T122/><D122/><U15/><E125/><V90/><F57/><W99/><G127/><T14/><D14/><U32/><E131/><V132/><F58/><W117/><G117/><T64/><D68/><U108/><E40/><V93/><F104/><W95/><G129/><T3/><D3/><U52/><E97/><N who="2" m="59703" /><F83/><W60/><G113/><T87/><D87/><AGARI ba="0,0" hai="76,80,85,87,90,93,112,114,132,133,134" m="59703" machi="87" ten="30,5800,0" yaku="20,1,34,2" doraHai="123" who="2" fromWho="0" sc="270,-58,178,0,250,58,302,0" /><INIT seed="2,1,0,4,5,28" ten="212,178,308,302" oya="2" hai0="26,104,118,52,106,71,15,18,42,13,22,122,19" hai1="84,131,11,107,62,23,130,129,29,9,74,89,53" hai2="59,95,56,81,60,119,133,36,1,97,94,63,103" hai3="7,0,102,68,66,4,101,67,80,12,8,132,55"/><V3/><F119/><W72/><G132/><T121/><D71/><U109/><E74/><V125/><F133/><W120/><G120/><T43/><D26/><U31/><E107/><V135/><F135/><W83/><G0/><T40/><D118/><U78/><E78/><V49/><F36/><W75/><G55/><T77/><D77/><U134/><E134/><V100/><F49/><W37/><G12/><N who="0" m="4683" /><D52/><U112/><E112/><V98/><REACH who="2" step="1"/><F81/><REACH who="2" ten="212,178,298,302" step="2"/><W87/><G37/><T57/><D122/><U20/><E131/><V50/><F50/><W35/><G83/><T111/><D121/><U24/><E130/><V76/><F76/><W82/><G82/><T91/><D40/><U73/><E129/><V123/><F123/><W88/><G75/><T61/><D42/><U25/><E73/><V128/><F128/><W58/><G72/><T92/><D43/><U99/><E109/><V46/><F46/><W17/><G80/><T86/><D111/><U39/><E39/><V44/><F44/><W64/><G7/><T10/><D61/><U54/><E62/><V51/><F51/><W65/><G4/><T70/><D70/><U2/><E2/><V47/><F47/><W85/><G68/><T21/><D57/><U16/><E54/><V32/><F32/><W117/><G35/><T108/><D108/><U41/><E53/><V48/><F48/><W14/><G117/><T115/><D115/><U105/><E41/><V30/><F30/><W93/><G87/><T33/><D33/><U34/><E34/><V90/><F90/><W126/><G126/><AGARI ba="1,1" hai="1,3,56,59,60,63,94,95,97,98,100,103,125,126" machi="126" ten="25,4800,0" yaku="1,1,22,2,53,0" doraHai="28" doraHaiUra="38" who="2" fromWho="3" sc="212,0,178,0,298,61,302,-51" /><INIT seed="2,2,0,1,3,62" ten="212,178,359,251" oya="2" hai0="92,89,132,30,87,125,82,19,114,122,53,8,69" hai1="130,72,28,6,60,14,54,32,24,86,42,75,47" hai2="5,108,45,68,9,27,106,39,84,33,25,66,43" hai3="40,65,90,102,95,41,7,63,79,34,59,12,31"/><V16/><F106/><W71/><G102/><T29/><D122/><U123/><E130/><V101/><F101/><W18/><G7/><T1/><D114/><U20/><E123/><V73/><F73/><W94/><G79/><T85/><D132/><U121/><E121/><V77/><F33/><W126/><G126/><T117/><D117/><U104/><E104/><V91/><F77/><W35/><G71/><T15/><D1/><U124/><E124/><V88/><F108/><W26/><G34/><T52/><D69/><U133/><E133/><V99/><F99/><W128/><G128/><T118/><D118/><U116/><E116/><V93/><F91/><W97/><REACH who="3" step="1"/><G95/><REACH who="3" ten="212,178,359,241" step="2"/><T98/><D125/><U83/><E32/><V49/><F5/><W80/><G80/><T113/><D113/><U119/><E119/><V56/><F68/><W44/><G44/><T48/><D85/><U36/><E86/><V70/><F70/><W3/><G3/><T0/><D0/><U55/><E83/><V4/><F4/><W67/><G67/><T11/><D82/><U134/><E134/><V23/><F66/><W105/><G105/><T103/><D103/><U81/><E81/><V10/><F93/><W110/><G110/><T131/><D131/><U13/><E6/><V58/><F84/><W64/><G64/><T37/><D87/><U100/><E100/><V107/><F45/><W109/><G109/><T2/><D2/><U22/><E47/><V129/><F107/><W78/><G78/><T51/><D92/><U50/><E75/><V57/><F129/><W96/><G96/><RYUUKYOKU ba="2,1" sc="212,-10,178,-10,359,-10,241,30" hai3="12,18,26,31,35,40,41,59,63,65,90,94,97" /><INIT seed="3,3,1,2,2,25" ten="202,168,349,271" oya="3" hai0="44,118,61,51,6,46,63,41,82,122,36,59,19" hai1="113,70,116,47,56,98,71,12,23,124,0,7,108" hai2="1,112,87,101,33,28,27,117,95,66,16,135,90" hai3="38,13,109,49,125,55,91,52,20,29,97,84,115"/><W99/><G115/><T14/><D118/><U26/><E113/><V128/><F112/><W76/><G38/><T83/><D122/><U77/><E0/><V89/><F117/><W3/><G3/><T103/><D103/><U105/><E116/><V81/><F1/><W18/><G125/><T85/><D6/><U126/><E77/><V31/><F66/><W40/><G76/><T60/><D59/><U104/><E108/><V69/><F69/><N who="1" m="26121" /><E98/><N who="2" m="59615" /><F128/><W11/><G40/><T92/><D92/><U64/><E64/><V93/><F135/><W39/><G39/><T54/><REACH who="0" step="1"/><D85/><REACH who="0" ten="192,168,349,271" step="2"/><U73/><E73/><V123/><F93/><N who="3" m="54503" /><G109/><T45/><D45/><U111/><E111/><V110/><F87/><W37/><G37/><T134/><D134/><U107/><E56/><V72/><F110/><W131/><G131/><T78/><D78/><U74/><E74/><V129/><F72/><W120/><G120/><T119/><D119/><U32/><E47/><V5/><F129/><W96/><G49/><T58/><D58/><U88/><E88/><V130/><F90/><W133/><G133/><T9/><AGARI ba="3,2" hai="9,14,19,36,41,44,46,51,54,60,61,63,82,83" machi="9" ten="30,2000,0" yaku="1,1,0,1,53,0" doraHai="25" doraHaiUra="94" who="0" fromWho="0" sc="192,49,168,-8,349,-8,271,-13" owari="241,-15.9,160,-34.0,341,44.1,258,5.8" /></mjloggm>