<mjloggm ver="2.3"><GO type="225" lobby="0"/><UN n0="%E3%82%89%E3%81%84%E3%81%B5%E3%81%8C%E3%83%BC%E3%81%A9%E3%81%99%E3%81%8D" n1="%E3%80%93%E3%81%97%E3%83%BC%E3%82%89%E3%80%93" n2="%E9%80%86%E9%80%A3%E5%B8%AF%E3%81%AE%E9%AC%BC" n3="%E3%81%A4%E3%81%A3%E3%81%B1%E3%82%8A%E3%83%9D%E3%83%BC%E3%83%AB" dan="17,16,17,16" rate="2177.38,2168.75,2190.43,2121.94" sx="M,M,M,M"/><TAIKYOKU oya="0"/><INIT seed="0,0,0,0,4,97" ten="250,250,250,250" oya="0" hai0="120,79,18,39,4,52,13,74,53,89,117,125,104" hai1="60,8,88,36,29,47,78,101,94,84,21,16,109" hai2="14,38,118,31,56,34,71,111,102,28,133,1,87" hai3="116,9,75,42,64,32,99,43,51,54,121,107,2"/><T10/><D117/><U72/><E109/><V70/><F118/><W49/><G116/><T41/><D120/><U35/><E8/><V27/><F1/><W108/><G108/><T6/><D104/><U91/><E29/><V3/><F3/><W92/><G121/><T130/><D130/><U37/><E35/><V100/><F38/><W24/><G75/><T57/><D125/><U23/><E23/><V20/><F111/><W67/><G107/><T85/><D79/><U129/><E78/><V105/><F133/><W66/><G32/><T5/><D74/><U55/><E72/><V90/><F56/><W30/><G9/><T123/><D123/><U81/><E101/><V33/><F33/><W128/><G2/><T65/><D41/><U112/><E112/><V132/><F132/><W12/><G12/><T83/><REACH who="0" step="1"/><D39/><REACH who="0" ten="240,250,250,250" step="2"/><U98/><E129/><V11/><F105/><W15/><G43/><T69/><D69/><U127/><E127/><V48/><F71/><W119/><G42/><T62/><AGARI ba="0,1" hai="4,5,6,10,13,18,52,53,57,62,65,83,85,89" machi="62" ten="30,12000,1" yaku="1,1,0,1,8,1,54,1,53,1" doraHai="97" doraHaiUra="7" who="0" fromWho="0" sc="240,130,250,-40,250,-40,250,-40" /><INIT seed="0,1,0,0,3,128" ten="370,210,210,210" oya="0" hai0="131,115,123,96,34,19,54,114,71,31,10,0,16" hai1="33,8,60,64,100,58,106,73,7,130,104,80,9" hai2="22,121,113,43,133,122,78,32,112,129,39,81,117" hai3="30,94,108,13,91,119,83,49,61,82,65,51,84"/><T126/><D71/><U21/><E33/><V118/><F32/><W46/><G119/><N who="2" m="45577" /><F22/><W124/><G108/><T37/><D37/><U3/><E130/><V93/><F129/><W120/><G124/><T85/><D131/><U42/><E100/><V12/><F12/><W45/><G120/><N who="2" m="46185" /><F43/><W101/><G30/><T5/><D96/><U25/><E9/><V68/><F68/><W67/><G101/><T11/><D85/><U70/><E70/><V52/><F39/><W47/><G13/><N who="0" m="7231" /><D54/><U116/><E42/><V1/><F1/><W2/><G2/><T59/><D59/><U77/><REACH who="1" step="1"/><E116/><REACH who="1" ten="370,200,210,210" step="2"/><V4/><F113/><W14/><G67/><T87/><D123/><U23/><E23/><V20/><F20/><W109/><G65/><T55/><D115/><U69/><E69/><V35/><F112/><W36/><G36/><T90/><D114/><U132/><E132/><V28/><F133/><W102/><G102/><T97/><D10/><U111/><E111/><V76/><F35/><W103/><G109/><T17/><D34/><U53/><E53/><V79/><F52/><W50/><G103/><T105/><D55/><U26/><E26/><V135/><F135/><W89/><G61/><T95/><D126/><U57/><E57/><V98/><F4/><W75/><G14/><T62/><D5/><U56/><E56/><V15/><F15/><W125/><G125/><T48/><D62/><U41/><E41/><V107/><F107/><W72/><G91/><T127/><D90/><U27/><E27/><V29/><F29/><AGARI ba="1,1" hai="3,7,8,21,25,29,58,60,64,73,77,80,104,106" machi="29" ten="30,3900,0" yaku="1,1,7,1,53,1" doraHai="128" doraHaiUra="24" who="1" fromWho="2" sc="370,0,200,52,210,-42,210,0" /><INIT seed="1,0,0,2,5,23" ten="370,252,168,210" oya="1" hai0="114,20,74,135,100,37,119,75,44,52,65,24,59" hai1="93,78,13,0,103,42,134,132,120,124,51,17,1" hai2="118,26,83,76,79,98,92,123,55,38,69,95,107" hai3="61,84,99,10,28,125,67,87,81,91,108,53,113"/><U73/><E120/><V30/><F123/><W102/><G113/><T3/><D114/><U49/><E124/><V32/><F118/><W18/><G125/><T70/><D119/><U4/><E4/><V57/><F38/><W62/><G108/><T48/><D3/><N who="1" m="1099" /><E42/><V72/><F69/><W97/><G28/><T50/><D135/><N who="1" m="51755" /><E93/><V112/><F112/><W90/><G102/><T89/><D100/><U8/><E103/><V47/><F107/><W115/><G115/><T110/><D110/><U29/><E29/><V12/><F79/><W106/><G106/><T43/><D89/><U56/><E56/><V68/><F68/><W46/><G46/><T96/><D96/><U104/><E104/><V101/><F47/><W109/><G99/><T122/><D122/><U71/><E71/><V63/><F95/><N who="3" m="54751" /><G97/><T19/><D48/><U133/><N who="1" m="51763" /><U41/><DORA hai="7" /><E41/><V77/><F77/><W54/><G91/><T64/><D43/><U105/><E105/><V117/><F117/><W116/><G116/><T16/><D70/><U45/><E45/><V66/><F76/><W58/><G58/><T60/><D44/><U34/><E34/><V111/><F111/><W11/><G109/><T130/><D59/><U5/><E5/><V9/><F83/><AGARI ba="0,0" hai="8,13,17,49,51,73,78,83" m="51763,1099" machi="83" ten="50,4800,0" yaku="20,1,52,1" doraHai="23,7" who="1" fromWho="2" sc="370,0,252,48,168,-48,210,0" /><INIT seed="1,1,0,2,3,129" ten="370,300,120,210" oya="1" hai0="0,54,93,43,50,103,132,22,89,112,127,82,99" hai1="118,84,91,21,113,14,3,58,26,130,67,87,66" hai2="31,37,49,39,25,9,133,57,90,86,8,27,28" hai3="65,117,124,64,63,70,131,110,47,80,41,105,40"/><U101/><E3/><V76/><F76/><W4/><G105/><T48/><D112/><U1/><E1/><V97/><F97/><W45/><G4/><T78/><D127/><U69/><E69/><V109/><F109/><W106/><G106/><T7/><D132/><U55/><E130/><V85/><F133/><W34/><G34/><T13/><D0/><U126/><E101/><V20/><F39/><N who="3" m="21663" /><G80/><T72/><D43/><U15/><E118/><V46/><F37/><N who="3" m="21935" /><G131/><T135/><D135/><U134/><E126/><V120/><F120/><W19/><G19/><T95/><D54/><U38/><E38/><V35/><F57/><N who="3" m="36975" /><G124/><T122/><D122/><U61/><E87/><V108/><F86/><W30/><G30/><T107/><D95/><N who="1" m="54759" /><E113/><V18/><F31/><W81/><G81/><T92/><D92/><U44/><E134/><V77/><F77/><W74/><G74/><T83/><D83/><U104/><E15/><V42/><REACH who="2" step="1"/><F108/><REACH who="2" ten="370,300,110,210" step="2"/><W128/><G110/><T98/><D78/><U29/><E29/><V73/><F73/><W2/><G128/><T79/><D72/><U119/><E104/><V96/><F96/><W121/><G121/><T17/><D79/><U5/><E119/><V6/><F6/><W94/><G117/><T115/><D115/><U114/><E114/><V125/><F125/><W111/><G111/><T23/><D7/><U75/><E75/><V36/><F36/><W68/><G68/><T33/><D107/><U123/><E123/><V56/><F56/><W116/><G116/><T52/><D99/><U88/><E5/><V71/><F71/><RYUUKYOKU ba="1,1" sc="370,-10,300,-10,110,30,210,-10" hai2="8,9,18,20,25,27,28,35,42,46,49,85,90" /><INIT seed="2,2,1,3,3,61" ten="360,290,140,200" oya="2" hai0="77,19,37,12,132,38,45,21,54,121,85,46,114" hai1="100,82,101,51,9,59,39,7,75,50,91,135,33" hai2="14,30,134,40,98,52,127,67,118,58,72,24,15" hai3="96,56,69,131,65,110,55,76,120,129,126,48,125"/><V99/><F118/><W81/><G120/><T44/><D121/><U103/><E39/><V17/><F72/><W94/><G110/><T34/><D34/><U63/><E33/><V27/><F134/><W90/><G69/><T122/><D122/><U113/><E113/><V78/><F127/><N who="3" m="48651" /><G65/><T8/><D114/><U89/><E75/><AGARI ba="2,1" hai="48,55,56,75,76,81,90,94,96,129,131" m="48651" machi="75" ten="30,1000,0" yaku="18,1" doraHai="61" who="3" fromWho="1" sc="360,0,290,-16,140,0,200,26" /><INIT seed="3,0,0,0,3,128" ten="360,274,140,226" oya="3" hai0="81,47,41,118,79,20,98,80,57,31,123,49,16" hai1="45,34,38,18,132,111,104,90,59,131,97,120,109" hai2="6,63,51,114,91,15,55,12,54,130,83,113,133" hai3="110,72,64,103,14,94,46,24,116,52,68,25,43"/><W35/><G116/><T11/><D123/><U8/><E34/><V135/><F130/><W33/><G72/><T53/><D118/><U108/><E131/><V19/><F6/><W76/><G76/><T4/><D31/><U126/><E120/><V30/><F30/><W61/><G110/><T69/><D98/><U100/><E126/><V96/><F63/><W0/><G0/><T95/><D95/><U13/><E90/><V23/><F12/><W88/><G103/><T48/><D69/><U62/><E45/><V112/><F55/><W124/><G124/><T105/><D105/><U93/><E38/><V89/><F89/><W122/><G122/><T106/><D106/><U115/><E115/><V127/><F127/><W58/><G14/><N who="0" m="5479" /><D79/><U9/><E9/><V2/><F2/><W129/><G129/><T77/><D77/><U92/><E132/><N who="2" m="50763" /><F83/><W44/><G24/><AGARI ba="0,0" hai="16,20,24,41,47,48,49,53,57,80,81" m="5479" machi="24" ten="30,2000,0" yaku="8,1,54,1" doraHai="128" who="0" fromWho="3" sc="360,20,274,0,140,0,226,-20" owari="380,48.0,274,7.4,140,-36.0,206,-19.4" /></mjloggm>