<mjloggm ver="2.3"><GO type="225" lobby="0"/><UN n0="%E9%80%9F%E6%B0%B4%E5%87%9B%E9%A6%99" n1="%41%54%53%4D" n2="%74%61%6B%75%61%6B%61" n3="%E6%A1%9C%E8%8A%B1%E9%96%83%E3%80%85" dan="16,16,16,17" rate="2091.39,2094.34,2155.66,2256.52" sx="F,M,M,M"/><TAIKYOKU oya="0"/><INIT seed="0,0,0,4,4,28" ten="250,250,250,250" oya="0" hai0="87,24,11,63,62,70,6,77,38,86,76,97,105" hai1="49,20,32,16,121,128,37,73,102,104,9,134,17" hai2="53,135,58,33,112,41,84,92,5,52,19,36,124" hai3="131,25,83,55,93,1,60,127,78,71,13,42,110"/><T88/><D38/><U120/><E37/><V79/><F112/><W75/><G1/><T18/><D18/><U50/><E73/><V40/><F124/><W47/><G127/><T85/><D24/><U0/><E102/><V89/><F135/><W68/><G110/><T27/><D27/><U23/><E104/><V39/><F33/><W81/><G131/><T67/><D62/><U114/><E128/><V22/><F5/><W113/><G113/><T64/><D64/><U29/><E114/><V133/><F133/><W132/><G93/><T122/><D122/><U74/><E74/><V57/><F79/><W4/><G83/><T106/><D97/><U103/><E103/><V65/><F65/><W118/><G25/><T54/><D54/><U116/><E116/><V99/><F84/><W35/><G35/><T12/><D106/><U91/><E134/><V15/><F39/><W31/><G31/><T108/><D105/><U125/><E125/><V46/><REACH who="2" step="1"/><F41/><REACH who="2" ten="250,250,240,250" step="2"/><W61/><G42/><T123/><D123/><U45/><E121/><V115/><F115/><W69/><G132/><T3/><D108/><U2/><E120/><V10/><F10/><N who="3" m="4295" /><G118/><T66/><D66/><U51/><E9/><V95/><F95/><W7/><G7/><T117/><D117/><U90/><E32/><V82/><F82/><W44/><G55/><AGARI ba="0,1" hai="15,19,22,36,40,46,52,53,55,57,58,89,92,99" machi="55" ten="40,2600,0" yaku="1,1,54,1,53,0" doraHai="28" doraHaiUra="59" who="2" fromWho="3" sc="250,0,250,0,240,36,250,-26" /><INIT seed="1,0,0,2,2,126" ten="250,250,276,224" oya="1" hai0="75,123,32,50,125,130,115,15,36,4,45,10,23" hai1="133,103,6,60,51,131,119,52,107,79,90,127,18" hai2="62,34,30,31,87,76,88,17,86,122,16,65,13" hai3="58,55,27,104,78,57,132,110,89,82,74,49,99"/><U94/><E119/><V70/><F122/><W114/><G114/><T102/><D32/><U77/><E133/><V9/><F34/><W1/><G132/><T43/><D115/><U134/><E134/><V93/><REACH who="2" step="1"/><F17/><REACH who="2" ten="250,250,266,224" step="2"/><W113/><G113/><T101/><D125/><U38/><E127/><V42/><F42/><W67/><G110/><T71/><D123/><U26/><E18/><V63/><F63/><W48/><G48/><T111/><D111/><U68/><E51/><V120/><F120/><W81/><G49/><T19/><D50/><U29/><E60/><V22/><F22/><W14/><G55/><T80/><D130/><U46/><E52/><V124/><F124/><W61/><G61/><T53/><D53/><U98/><E131/><V83/><AGARI ba="0,1" hai="9,13,16,30,31,62,65,70,76,83,86,87,88,93" machi="83" ten="30,7900,0" yaku="1,1,0,1,54,2,53,0" doraHai="126" doraHaiUra="20" who="2" fromWho="2" sc="250,-20,250,-39,266,89,224,-20" /><INIT seed="2,0,0,3,2,40" ten="230,211,355,204" oya="2" hai0="73,65,55,134,80,114,6,103,98,92,44,79,46" hai1="30,119,100,91,68,90,126,57,67,127,21,81,128" hai2="58,109,95,69,102,106,4,0,51,36,86,131,47" hai3="25,48,39,28,71,122,52,27,66,2,20,53,11"/><V59/><F69/><W8/><G122/><T123/><D114/><U50/><E119/><V18/><F131/><W116/><G39/><T34/><D123/><U108/><E128/><V15/><F36/><W112/><G116/><T88/><D34/><U77/><E108/><V62/><F106/><W120/><G120/><T130/><D130/><U17/><E100/><V35/><F35/><W42/><G112/><T14/><D134/><U125/><E30/><V115/><F115/><W24/><G2/><T105/><D65/><U33/><E33/><V97/><F109/><W56/><G42/><T5/><D55/><N who="1" m="31991" /><E67/><V107/><F4/><W10/><REACH who="3" step="1"/><G53/><REACH who="3" ten="230,211,355,194" step="2"/><T38/><D38/><U72/><E68/><V124/><F0/><W12/><G12/><AGARI ba="0,1" hai="12,17,21,72,77,81,90,91,125,126,127" m="31991" machi="12" ten="30,1000,0" yaku="18,1" doraHai="40" who="1" fromWho="3" sc="230,0,211,20,355,0,194,-10" /><INIT seed="3,0,0,3,0,125" ten="230,231,355,184" oya="3" hai0="37,74,36,92,20,4,84,94,23,102,105,29,134" hai1="79,85,66,93,48,45,109,3,1,129,10,133,77" hai2="42,21,135,114,99,111,13,81,22,91,104,44,75" hai3="33,27,32,90,115,65,0,117,89,128,80,35,118"/><W31/><G115/><T47/><D74/><U130/><E109/><V70/><F70/><W126/><G126/><T101/><D4/><U132/><E66/><V18/><F114/><W83/><G0/><N who="1" m="74" /><E10/><V59/><F111/><W39/><G65/><T64/><D84/><U63/><E63/><V107/><F135/><N who="1" m="51785" /><E93/><V108/><F22/><W25/><G35/><T116/><D29/><U26/><E26/><V119/><F119/><W40/><G40/><T16/><D47/><U5/><E5/><V121/><F121/><W78/><G78/><N who="1" m="29706" /><E85/><V82/><F42/><AGARI ba="0,0" hai="42,45,48,129,130" m="29706,51785,74" machi="42" ten="40,5200,0" yaku="20,1,52,2" doraHai="125" who="1" fromWho="2" sc="230,0,231,52,355,-52,184,0" owari="230,-17.0,283,8.3,303,40.3,184,-31.6" /></mjloggm>