<mjloggm ver="2.3"><GO type="225" lobby="0"/><UN n0="%E3%83%81%E3%83%AF%E3%83%AF%E9%9A%8A%E9%95%B7" n1="%6D%75%75%73%61%6E%6D%75" n2="%33%74%72%65%65" n3="%E6%98%93%E5%88%A9%E8%96%A9%E4%BC%AF" dan="17,16,16,16" rate="2186.97,2123.22,2127.39,2018.47" sx="M,F,F,F"/><TAIKYOKU oya="0"/><INIT seed="0,0,0,2,5,119" ten="250,250,250,250" oya="0" hai0="121,38,70,50,29,7,112,129,77,97,69,24,94" hai1="124,12,55,126,60,131,76,78,99,134,1,48,120" hai2="43,52,128,66,35,86,105,123,59,45,72,84,56" hai3="44,101,61,27,17,23,79,90,71,117,28,64,127"/><T11/><D112/><U89/><E1/><V13/><F123/><W95/><G117/><T39/><D129/><U82/><E131/><V73/><F128/><W62/><G127/><N who="1" m="48682" /><E134/><V106/><F35/><W0/><G0/><T4/><D77/><U37/><E37/><V41/><F13/><W68/><G79/><T116/><D116/><U30/><E60/><V2/><F2/><W63/><G101/><T114/><D114/><U80/><E30/><V135/><F45/><W3/><G3/><T88/><D39/><U47/><E120/><V87/><F135/><W6/><G6/><T36/><D38/><U54/><E54/><V57/><F52/><W100/><G100/><T115/><D36/><U53/><E53/><V9/><F66/><W46/><G28/><T74/><D74/><N who="2" m="28778" /><F9/><W22/><G22/><T81/><D121/><U18/><E99/><V34/><F34/><W58/><G71/><T16/><D115/><U104/><E104/><AGARI ba="0,0" hai="41,43,56,57,59,84,86,87,104,105,106" m="28778" machi="104" ten="40,2600,0" yaku="28,2" doraHai="119" who="2" fromWho="1" sc="250,0,250,-26,250,26,250,0" /><INIT seed="1,0,0,4,2,103" ten="250,224,276,250" oya="1" hai0="15,20,40,75,2,32,73,97,104,26,94,17,64" hai1="72,52,84,63,87,39,124,123,7,95,50,55,107" hai2="76,45,46,126,91,109,102,133,85,8,59,57,128" hai3="0,131,70,36,113,130,37,111,24,68,92,127,69"/><U19/><E123/><V11/><F109/><W101/><G0/><T129/><D2/><U115/><E72/><V41/><F133/><W135/><G135/><T12/><D129/><N who="3" m="49161" /><G24/><T108/><D108/><U5/><E39/><N who="3" m="14922" /><G111/><T23/><D40/><U89/><E115/><V110/><F41/><W14/><G14/><T42/><D42/><U82/><E124/><V3/><F126/><W56/><G127/><T65/><D32/><U29/><E107/><V25/><F3/><W132/><G132/><T88/><D104/><U112/><E112/><V100/><F25/><W120/><G120/><T28/><REACH who="0" step="1"/><D12/><REACH who="0" ten="240,224,276,250" step="2"/><U83/><E29/><V79/><F110/><W22/><G113/><T51/><D51/><U53/><E50/><V81/><F128/><W4/><G70/><T1/><D1/><U117/><E117/><V121/><F121/><W116/><G69/><T77/><D77/><N who="1" m="46159" /><E63/><V66/><F76/><W67/><G68/><T47/><D47/><U106/><E106/><V10/><F79/><W6/><G116/><T125/><D125/><U13/><E95/><V105/><F105/><W49/><G92/><T134/><D134/><U99/><E99/><V54/><F45/><W60/><G49/><T118/><D118/><U35/><E35/><V43/><F46/><W96/><G96/><T71/><D71/><U34/><E34/><V9/><F43/><W16/><G101/><T93/><D93/><U90/><E90/><V33/><F33/><W119/><G119/><T78/><D78/><U27/><E13/><V62/><N who="2" m="2048" /><DORA hai="86" /><V31/><F102/><W80/><G80/><RYUUKYOKU ba="0,1" sc="240,10,224,10,276,-30,250,10" hai0="15,17,20,23,26,28,64,65,73,75,88,94,97" hai1="5,7,19,27,52,53,55,83,87,89" hai3="4,6,16,22,56,60,67" /><INIT seed="1,1,1,4,2,48" ten="250,234,246,260" oya="1" hai0="58,113,119,109,68,114,56,66,62,60,18,15,32" hai1="39,118,93,131,52,105,108,46,22,23,6,82,127" hai2="42,24,37,126,122,76,89,134,40,9,53,31,73" hai3="33,59,13,5,79,30,110,83,0,51,121,36,81"/><U3/><E118/><V49/><F122/><W94/><G36/><T21/><D119/><U7/><E105/><V87/><F134/><W77/><G0/><T100/><D32/><U95/><E39/><V65/><F126/><W98/><G121/><T25/><D109/><U63/><E108/><V74/><F65/><W64/><G110/><T17/><D100/><U54/><E127/><V10/><F73/><W45/><G33/><T125/><D125/><U99/><E131/><V88/><F74/><W129/><G30/><T44/><D44/><U112/><E112/><V90/><F37/><W102/><G129/><T14/><D25/><U128/><E128/><V35/><F40/><W27/><G27/><T91/><D91/><U38/><E38/><V86/><F42/><W19/><G5/><N who="1" m="1546" /><E3/><V61/><F61/><N who="3" m="37951" /><G79/><T75/><D75/><U20/><E82/><V29/><F76/><W41/><G77/><T111/><D111/><U47/><E95/><V55/><F89/><W70/><G70/><T107/><D107/><U8/><E8/><AGARI ba="1,1" hai="8,13,19,41,45,51,81,83,94,98,102" m="37951" machi="8" ten="30,1000,0" yaku="8,1" doraHai="48" who="3" fromWho="1" sc="250,0,234,-13,246,0,260,23" /><INIT seed="2,0,0,1,3,11" ten="250,221,246,283" oya="2" hai0="60,125,19,24,45,78,10,23,20,6,81,127,33" hai1="30,87,44,115,40,58,104,34,100,134,101,89,16" hai2="53,28,35,107,26,29,18,124,68,27,84,59,121" hai3="48,4,102,3,85,112,126,52,105,132,31,41,94"/><V69/><F121/><W43/><G132/><T55/><D33/><U103/><E115/><V130/><F130/><W51/><G112/><T90/><D90/><U2/><E104/><V12/><F124/><N who="0" m="47690" /><D23/><U76/><E134/><V54/><F107/><W109/><G109/><T98/><D98/><U86/><E2/><V13/><F84/><W47/><G126/><T70/><D45/><U80/><E34/><V14/><F18/><W7/><G31/><N who="2" m="11849" /><F59/><W38/><G38/><T39/><D39/><U123/><E30/><V37/><F37/><W99/><G3/><T64/><D55/><N who="2" m="21002" /><F35/><W36/><G36/><T71/><D71/><AGARI ba="0,0" hai="12,13,14,26,27,68,69,71" m="21002,11849" machi="71" ten="40,12000,1" yaku="28,2,52,3" doraHai="11" who="2" fromWho="0" sc="250,-120,221,0,246,120,283,0" /><INIT seed="2,1,0,0,5,61" ten="130,221,366,283" oya="2" hai0="34,132,122,33,82,35,73,11,37,134,121,29,46" hai1="89,64,3,80,15,57,135,105,48,4,85,88,110" hai2="67,25,59,27,99,43,19,117,72,133,17,90,74" hai3="51,129,98,9,55,107,32,91,18,102,65,2,6"/><V123/><F117/><W78/><G32/><T13/><D29/><U0/><E105/><V128/><F123/><W23/><G129/><T84/><D73/><U16/><E110/><V103/><F128/><W20/><G78/><T97/><D97/><U111/><E111/><V60/><F133/><W69/><G91/><T94/><D94/><U106/><E106/><V79/><F90/><W109/><G109/><T116/><D116/><U14/><E135/><V126/><F43/><W40/><G40/><T76/><D134/><U63/><E3/><V10/><F126/><W50/><G50/><T127/><D132/><U42/><E0/><V87/><F87/><W44/><REACH who="3" step="1"/><G18/><REACH who="3" ten="130,221,366,273" step="2"/><T31/><D127/><U22/><E80/><V68/><F17/><W108/><G108/><T95/><D122/><U21/><E85/><V115/><F19/><W81/><G81/><T41/><D121/><U45/><E22/><V112/><F79/><W114/><G114/><T131/><D131/><U52/><E42/><V49/><F112/><W8/><G8/><AGARI ba="1,1" hai="4,8,14,15,16,21,45,48,52,57,63,64,88,89" machi="8" ten="40,8000,1" yaku="8,1,52,1,54,3" doraHai="61" who="1" fromWho="3" sc="130,0,221,93,366,0,273,-83" /><INIT seed="3,0,0,4,3,102" ten="130,314,366,190" oya="3" hai0="35,123,128,31,80,9,5,47,74,84,58,11,55" hai1="20,107,108,69,131,24,103,100,36,105,52,34,32" hai2="2,81,110,133,120,97,77,59,117,60,124,7,44" hai3="14,93,6,25,21,22,125,39,3,56,66,87,135"/><W61/><G39/><T94/><D123/><U72/><E72/><V33/><F117/><W38/><G38/><T95/><D128/><U62/><E36/><V1/><F33/><W0/><G135/><T114/><D74/><U68/><E131/><V79/><F133/><W18/><G125/><T104/><D114/><U28/><E108/><V86/><F110/><W106/><G106/><T42/><D11/><U29/><E20/><V13/><F124/><W16/><G6/><T40/><D40/><U78/><E78/><V109/><F109/><W45/><G45/><T90/><D104/><U96/><E52/><V70/><F77/><W130/><G130/><T43/><D43/><U64/><E69/><V118/><F70/><W121/><G121/><T122/><D122/><U23/><E29/><V119/><F120/><W10/><G10/><T67/><D67/><U75/><E75/><V26/><F79/><W12/><G25/><T82/><D82/><U111/><E111/><V115/><F81/><W41/><G41/><T50/><D31/><U101/><E101/><V91/><F118/><W76/><G76/><T57/><D57/><U88/><E88/><AGARI ba="0,0" hai="0,3,12,14,16,18,21,22,56,61,66,87,88,93" machi="88" ten="40,7700,0" yaku="9,1,54,2" doraHai="102" who="3" fromWho="1" sc="130,0,314,-77,366,0,190,77" /><INIT seed="3,1,0,3,4,75" ten="130,237,366,267" oya="3" hai0="78,90,3,84,13,68,97,128,61,118,122,79,9" hai1="113,131,94,95,14,32,39,88,93,12,96,7,102" hai2="64,23,31,45,83,123,98,33,135,29,127,65,25" hai3="132,134,76,120,115,41,0,53,110,109,56,17,119"/><W42/><G0/><T80/><D122/><U44/><E113/><V51/><F123/><W99/><G120/><T116/><D128/><U21/><E32/><V4/><F135/><N who="3" m="51755" /><G115/><T6/><D118/><U86/><E131/><V47/><F127/><W70/><G70/><T26/><D116/><U72/><E72/><V57/><F4/><W11/><G99/><T71/><D3/><U1/><E1/><V15/><F98/><W36/><G119/><T37/><D37/><U124/><E124/><V18/><F29/><W20/><G11/><T74/><D74/><U104/><E7/><V89/><F57/><W48/><G36/><T43/><D43/><U52/><E39/><V114/><F114/><W69/><G69/><T63/><D71/><U50/><REACH who="1" step="1"/><E12/><REACH who="1" ten="130,227,366,267" step="2"/><V8/><F33/><W30/><G30/><T105/><D26/><U117/><E117/><V108/><F25/><N who="3" m="14479" /><G76/><N who="0" m="29227" /><D68/><U40/><E40/><AGARI ba="1,1" hai="40,41,42,48,53,56,109,110" m="14479,51755" machi="40" ten="30,1500,0" yaku="20,1" doraHai="75" who="3" fromWho="1" sc="130,0,227,-18,366,0,267,28" /><INIT seed="3,2,0,3,4,3" ten="130,209,366,295" oya="3" hai0="11,2,91,135,105,26,19,111,82,38,35,49,65" hai1="55,83,72,134,36,76,66,43,61,106,86,27,121" hai2="92,52,126,115,127,34,21,14,1,119,6,24,29" hai3="64,112,70,39,116,53,102,68,133,84,17,5,117"/><W118/><G112/><T96/><D38/><U81/><E121/><V90/><F115/><W109/><G39/><T95/><D135/><U45/><E134/><V62/><F119/><W18/><G133/><T13/><D111/><U4/><E106/><V7/><F1/><W107/><G109/><T44/><D105/><U78/><E27/><V59/><F34/><W77/><G53/><T33/><D2/><U9/><E55/><V125/><F14/><W93/><G107/><T56/><D33/><U28/><E28/><V15/><F15/><W48/><G48/><T114/><D114/><U69/><REACH who="1" step="1"/><E9/><REACH who="1" ten="130,199,366,295" step="2"/><V123/><F123/><W47/><G117/><T85/><D35/><U113/><E113/><V130/><F130/><W101/><G116/><T54/><D26/><U41/><E41/><V12/><F24/><W46/><G118/><T67/><REACH who="0" step="1"/><D56/><REACH who="0" ten="120,199,366,295" step="2"/><U73/><E73/><V32/><F59/><W16/><G70/><T128/><D128/><U94/><E94/><V131/><F92/><W129/><G68/><T57/><D57/><U20/><E20/><V58/><F21/><W10/><G93/><T75/><D75/><U0/><E0/><V71/><F131/><W122/><G129/><T37/><D37/><U63/><E63/><V79/><F62/><W80/><G122/><T124/><D124/><U30/><E30/><V8/><F127/><W89/><G64/><T51/><D51/><U104/><E104/><V25/><F126/><W87/><G47/><T97/><D97/><U23/><E23/><V100/><F125/><W60/><G46/><T99/><D99/><RYUUKYOKU ba="2,2" sc="120,15,199,15,366,-15,295,-15" hai0="11,13,19,44,49,54,65,67,82,85,91,95,96" hai1="4,36,43,45,61,66,69,72,76,78,81,83,86" owari="135,-36.5,214,-18.6,371,47.1,280,8.0" /></mjloggm>