<mjloggm ver="2.3"><GO type="225" lobby="0"/><UN n0="%E3%81%B2%E3%81%AA%E3%81%AE%E3%82%8A%E3%81%8F" n1="%E4%B8%89%E5%86%A0%E7%8E%8B%E3%83%BB%E5%B1%B1%E7%94%B0%E5%93%B2%E4%BA%BA" n2="%E6%A1%9C%E8%8A%B1%E9%96%83%E3%80%85" n3="%E7%B4%94%E6%BD%94%E3%83%94%E3%83%A9%E3%83%8B%E3%82%A2" dan="17,16,17,18" rate="2190.32,2121.40,2149.53,2292.92" sx="M,M,M,M"/><TAIKYOKU oya="0"/><INIT seed="0,0,0,0,4,123" ten="250,250,250,250" oya="0" hai0="61,53,119,111,113,5,6,56,87,24,47,40,52" hai1="91,116,34,131,8,92,84,89,115,10,135,15,95" hai2="96,97,79,58,17,109,98,29,120,102,110,55,37" hai3="38,64,18,121,11,127,28,16,36,26,54,112,70"/><T7/><D113/><U94/><E116/><V42/><F120/><W51/><G112/><T130/><D119/><U63/><E115/><V105/><F29/><W103/><G121/><T59/><D130/><U4/><E34/><V49/><F79/><W2/><G127/><T33/><D33/><U45/><E131/><V88/><F17/><W19/><G103/><T132/><D132/><U74/><E74/><V126/><F126/><W99/><G99/><T100/><D100/><U43/><E135/><V46/><F88/><W85/><G85/><T30/><D87/><U72/><E72/><V60/><F97/><W134/><G64/><T41/><D111/><N who="2" m="42506" /><F96/><W83/><G70/><T114/><D114/><U124/><E124/><V44/><F44/><W20/><G83/><T66/><D66/><U1/><E91/><V65/><F65/><W80/><G80/><T86/><D86/><U82/><E82/><V13/><F13/><W104/><G104/><T68/><D47/><U122/><E122/><V35/><F35/><W3/><G134/><T107/><D107/><U48/><E15/><V62/><AGARI ba="0,0" hai="37,42,46,49,55,58,60,62,98,102,105" m="42506" machi="62" ten="30,7900,0" yaku="14,1,52,3" doraHai="123" who="2" fromWho="2" sc="250,-39,250,-20,250,79,250,-20" /><INIT seed="1,0,0,5,2,127" ten="211,230,329,230" oya="1" hai0="57,22,107,52,90,95,104,126,23,110,65,73,133" hai1="26,122,77,8,112,120,31,2,21,28,10,50,85" hai2="96,6,117,79,12,36,40,16,18,46,47,13,74" hai3="93,94,33,98,38,76,15,130,14,49,53,103,99"/><U83/><E112/><V41/><F117/><W132/><G38/><T35/><D126/><U101/><E101/><V125/><F125/><W97/><G33/><T134/><D35/><U118/><E118/><V135/><F135/><N who="0" m="51722" /><D73/><U67/><E31/><V63/><F63/><W114/><G114/><T4/><D65/><U86/><E67/><V80/><F96/><W24/><G76/><T69/><D69/><U105/><E105/><N who="0" m="40521" /><D4/><U62/><E62/><V64/><F64/><W108/><G108/><T55/><D110/><U42/><E2/><V89/><F89/><W56/><G99/><N who="0" m="57847" /><D55/><U39/><E39/><V121/><F13/><W3/><G3/><T92/><D92/><U54/><E42/><V129/><F6/><W51/><G132/><T123/><D123/><U34/><E34/><V70/><F121/><W58/><G24/><T29/><D29/><U119/><E122/><V91/><F70/><W84/><G84/><T20/><D20/><U44/><E119/><V60/><F18/><W1/><G1/><T61/><AGARI ba="0,0" hai="22,23,52,57,61" m="57847,40521,51722" machi="61" ten="30,2000,0" yaku="20,1,54,1" doraHai="127" who="0" fromWho="0" sc="211,20,230,-10,329,-5,230,-5" /><INIT seed="2,0,0,2,2,65" ten="231,220,324,225" oya="2" hai0="56,79,16,43,53,72,123,45,74,22,126,61,90" hai1="134,99,13,46,114,112,73,25,96,89,88,92,95" hai2="10,87,97,39,104,41,37,14,70,18,81,111,63" hai3="42,35,17,58,75,50,68,30,93,27,103,120,100"/><V102/><F111/><W6/><G120/><T3/><D123/><U60/><E134/><V91/><REACH who="2" step="1"/><F41/><REACH who="2" ten="231,220,314,225" step="2"/><W107/><G42/><T80/><D126/><U116/><E116/><V131/><F131/><W9/><G103/><T105/><D105/><U2/><E114/><V69/><F69/><W132/><G68/><T133/><D133/><U67/><E112/><V135/><F135/><W86/><G132/><T15/><D3/><U49/><E2/><V12/><F12/><W84/><G107/><T62/><D62/><U34/><E13/><V28/><F28/><W101/><G100/><T0/><D0/><U8/><E73/><V83/><F83/><W40/><G75/><T59/><D74/><U121/><E121/><V85/><F85/><W128/><G128/><T24/><D15/><U55/><E25/><V1/><F1/><N who="3" m="207" /><G40/><T124/><D124/><U20/><E8/><V5/><F5/><W44/><G86/><T108/><D108/><U48/><E34/><V21/><F21/><W7/><G7/><T23/><D22/><U118/><E20/><V117/><F117/><W26/><G26/><T11/><D11/><U119/><REACH who="1" step="1"/><E48/><REACH who="1" ten="231,210,314,225" step="2"/><V36/><F36/><W129/><G129/><T115/><D115/><U54/><E54/><V66/><AGARI ba="0,2" hai="10,14,18,37,39,63,66,70,81,87,91,97,102,104" machi="66" ten="30,6000,0" yaku="1,1,0,1,52,1,53,0" doraHai="65" doraHaiUra="130" who="2" fromWho="2" sc="231,-20,210,-20,314,80,225,-20" /><INIT seed="2,1,0,0,1,82" ten="211,190,394,205" oya="2" hai0="30,88,8,52,64,107,11,17,3,48,119,116,91" hai1="65,41,127,33,79,133,106,100,53,12,129,19,104" hai2="56,20,124,95,126,120,38,5,23,31,115,83,6" hai3="85,57,73,62,34,18,35,40,99,43,112,42,39"/><V125/><F115/><W15/><G73/><T61/><D107/><U72/><E33/><V21/><F120/><W4/><G112/><T77/><D77/><U60/><E133/><V108/><F38/><W29/><G39/><T24/><D17/><U9/><E127/><V90/><F108/><W1/><G1/><T117/><D3/><U93/><E129/><V81/><F56/><W123/><G4/><N who="2" m="1641" /><F31/><W98/><G123/><T76/><D76/><U16/><E79/><V94/><F94/><W2/><G2/><T69/><D11/><U36/><E72/><V37/><F37/><W74/><G74/><T132/><D8/><U97/><E19/><V28/><F28/><W122/><G29/><T92/><D132/><U118/><E118/><V13/><F13/><W0/><G0/><T110/><D92/><U63/><E36/><V102/><F102/><W66/><G122/><T128/><D128/><U27/><E27/><V49/><F49/><W105/><G105/><T131/><D110/><U113/><E113/><V84/><AGARI ba="1,0" hai="20,21,23,81,83,84,90,95,124,125,126" m="1641" machi="84" ten="40,3900,0" yaku="18,1,52,1" doraHai="82" who="2" fromWho="2" sc="211,-14,190,-14,394,42,205,-14" /><INIT seed="2,2,0,3,0,33" ten="197,176,436,191" oya="2" hai0="114,72,31,27,74,41,69,55,132,75,70,125,5" hai1="36,61,40,107,80,17,88,102,83,104,86,11,91" hai2="25,127,48,54,100,8,16,26,93,42,60,2,120" hai3="95,47,51,122,131,24,110,78,3,84,57,79,123"/><V62/><F120/><W6/><G110/><T94/><D114/><U39/><E61/><N who="2" m="23659" /><F2/><W0/><G57/><T63/><D41/><U111/><E111/><V12/><F127/><W50/><G24/><T64/><D125/><U28/><E28/><V30/><F42/><W68/><G95/><T121/><D121/><U4/><E17/><V82/><F82/><W65/><G84/><T99/><D132/><U118/><E118/><V73/><F73/><W59/><G59/><T115/><D115/><U96/><E107/><V9/><F9/><W109/><G109/><T37/><D37/><U116/><E40/><V1/><F1/><W49/><G49/><T58/><D5/><U76/><E116/><V29/><F29/><W112/><G6/><T135/><D135/><U14/><REACH who="1" step="1"/><E91/><REACH who="1" ten="197,166,436,191" step="2"/><V97/><F30/><W15/><G112/><T126/><D126/><U129/><E129/><V130/><F130/><W85/><G131/><T45/><D64/><U113/><E113/><V23/><F23/><W66/><G68/><T77/><D69/><U105/><E105/><V89/><F89/><W56/><G56/><AGARI ba="2,1" hai="8,12,16,25,26,48,54,56,93,97,100" m="23659" machi="56" ten="30,2900,0" yaku="8,1,54,1" doraHai="33" who="2" fromWho="3" sc="197,0,166,0,436,45,191,-35" /><INIT seed="2,3,0,0,3,86" ten="197,166,481,156" oya="2" hai0="15,29,93,69,125,68,50,77,108,41,32,21,85" hai1="90,71,62,65,70,111,38,113,81,9,60,122,17" hai2="114,131,16,25,74,35,117,53,103,98,107,7,118" hai3="64,27,23,128,2,31,127,88,3,54,22,102,36"/><V1/><F114/><W96/><G127/><T115/><D32/><U20/><E113/><V104/><F74/><W97/><G128/><T110/><D125/><U87/><E111/><V135/><F131/><W73/><G73/><T8/><D115/><U132/><E132/><V56/><F104/><W66/><G36/><T4/><D29/><U37/><E9/><V67/><F67/><W105/><G54/><T24/><D50/><U18/><E122/><V130/><F130/><W92/><REACH who="3" step="1"/><G23/><REACH who="3" ten="197,166,481,146" step="2"/><T89/><D108/><U47/><E47/><V133/><F35/><W124/><G124/><T55/><D55/><U43/><E43/><V51/><F118/><W116/><G116/><T61/><D41/><U84/><E20/><N who="2" m="13447" /><F117/><W63/><G63/><T19/><D61/><U121/><E121/><V83/><F53/><W34/><G34/><T79/><REACH who="0" step="1"/><D110/><REACH who="0" ten="187,166,481,146" step="2"/><U106/><E62/><V75/><F51/><W109/><G109/><T13/><D13/><U0/><E60/><V126/><F126/><W112/><G112/><T100/><D100/><U59/><E38/><V14/><F14/><W72/><G72/><T49/><D49/><U6/><E37/><V30/><F75/><W42/><G42/><T26/><D26/><U46/><E65/><AGARI ba="3,2" hai="2,3,22,27,31,64,65,66,88,92,96,97,102,105" machi="65" ten="40,8000,1" yaku="1,1,52,1,54,1,53,1" doraHai="86" doraHaiUra="99" who="3" fromWho="1" sc="187,0,166,-89,481,0,146,109" /><INIT seed="3,0,0,3,5,54" ten="187,77,481,255" oya="3" hai0="32,58,109,0,66,72,91,74,115,122,86,34,84" hai1="73,25,13,24,85,1,4,53,97,12,98,47,103" hai2="2,28,133,46,89,68,118,33,69,39,37,30,16" hai3="135,19,80,78,112,116,93,90,95,67,101,17,92"/><W15/><G116/><T100/><D0/><U99/><E73/><V23/><F118/><W61/><G112/><T121/><D100/><U128/><E1/><V9/><F30/><W49/><G135/><T29/><D29/><U88/><E128/><V31/><F31/><W40/><G101/><T105/><D66/><U5/><E103/><V126/><F89/><W63/><G90/><T57/><D91/><U111/><E111/><V94/><F94/><W104/><G104/><T117/><D117/><U76/><E76/><V65/><F65/><W55/><G40/><T120/><D120/><U14/><E47/><V35/><F126/><W130/><G130/><T50/><D50/><U27/><REACH who="1" step="1"/><E53/><REACH who="1" ten="187,67,481,255" step="2"/><V132/><F46/><W81/><G78/><T10/><D109/><U131/><E131/><V21/><F2/><W48/><G55/><T7/><D74/><U102/><E102/><V59/><F132/><W6/><G67/><T107/><D72/><U3/><E3/><V125/><F133/><W43/><G43/><T45/><D45/><U71/><E71/><V87/><F69/><W79/><G79/><T75/><D75/><U108/><E108/><V129/><F68/><W18/><G15/><T110/><D110/><U22/><E22/><V44/><F23/><W113/><G113/><T41/><D41/><U11/><E11/><V62/><F21/><W36/><G36/><T96/><D10/><U26/><N who="1" m="6144" /><DORA hai="38" /><U114/><E114/><V70/><F39/><W83/><G6/><T52/><D7/><U127/><E127/><V106/><F37/><W8/><G8/><RYUUKYOKU ba="0,1" sc="187,-15,67,15,481,-15,255,15" hai1="4,5,12,13,14,85,88,97,98,99" hai3="17,18,19,48,49,61,63,80,81,83,92,93,95" /><INIT seed="3,1,1,1,2,91" ten="172,82,466,270" oya="3" hai0="86,70,73,98,43,75,119,35,135,110,132,113,68" hai1="65,126,61,62,18,128,49,123,117,23,21,99,52" hai2="34,39,4,0,19,25,57,15,67,76,87,105,121" hai3="92,103,14,81,131,47,6,11,127,114,59,96,133"/><W120/><G120/><T84/><D35/><U94/><E123/><V80/><F121/><W31/><G114/><T40/><D113/><U78/><E126/><V69/><F69/><W124/><G131/><T9/><D9/><U44/><E128/><V66/><F105/><W90/><G133/><T97/><D110/><U125/><E125/><N who="3" m="48202" /><G47/><T56/><D56/><U22/><E117/><AGARI ba="1,1" hai="40,43,68,70,73,75,84,86,97,98,117,119,132,135" machi="117" ten="25,1600,0" yaku="22,2" doraHai="91" who="0" fromWho="1" sc="172,29,82,-19,466,0,270,0" owari="201,-19.9,63,-43.7,466,56.6,270,7.0" /></mjloggm>