<mjloggm ver="2.3"><GO type="225" lobby="0"/><UN n0="%4B%2E%32%2E%4B%2E" n1="%E3%81%8B%E3%82%8F%E3%81%A1%E3%82%83%E3%82%93%35%38" n2="%53%E3%81%BB%E3%81%84%E3%81%BB%E3%81%84" n3="%E6%98%93%E5%88%A9%E8%96%A9%E4%BC%AF" dan="17,16,17,16" rate="2188.52,2154.47,2151.47,2113.20" sx="M,M,M,F"/><TAIKYOKU oya="0"/><INIT seed="0,0,0,1,4,29" ten="250,250,250,250" oya="0" hai0="13,105,9,61,106,128,30,64,27,8,117,53,110" hai1="37,63,16,79,2,23,93,115,77,47,24,131,66" hai2="42,40,125,134,83,82,39,19,49,36,116,6,51" hai3="57,69,11,112,120,70,97,119,92,127,52,75,71"/><T87/><D117/><U0/><E131/><V50/><F6/><W65/><G119/><T54/><D128/><U108/><E108/><V89/><F116/><W88/><G112/><T126/><D126/><U45/><E115/><V123/><F125/><W114/><G127/><T100/><D110/><U132/><E132/><V99/><F134/><W14/><G114/><T31/><D87/><U101/><E0/><V5/><F5/><W68/><G120/><T121/><D121/><U56/><E2/><V59/><F123/><W72/><N who="3" m="17408" /><DORA hai="94" /><W107/><G65/><T86/><D86/><U41/><REACH who="1" step="1"/><E45/><REACH who="1" ten="250,240,250,250" step="2"/><V62/><F39/><W17/><REACH who="3" step="1"/><G107/><REACH who="3" ten="250,240,250,240" step="2"/><T135/><D135/><U98/><AGARI ba="0,2" hai="16,23,24,37,41,47,56,63,66,77,79,93,98,101" machi="98" ten="30,12000,2" yaku="1,1,2,1,0,1,52,1,54,1,53,2" doraHai="29,94" doraHaiUra="74,85" who="1" fromWho="1" sc="250,-60,240,140,250,-30,240,-30" /><INIT seed="1,0,0,4,2,125" ten="190,380,220,210" oya="1" hai0="26,119,28,54,87,71,6,112,126,96,29,116,88" hai1="31,92,17,3,5,18,118,81,83,12,32,1,70" hai2="121,66,15,80,58,57,59,113,61,99,135,64,82" hai3="23,2,47,95,67,133,50,22,16,73,30,36,122"/><U127/><E118/><V11/><F121/><W114/><G122/><T129/><D112/><U117/><E70/><V124/><F113/><W21/><G2/><T100/><D126/><U104/><E104/><V91/><F124/><W49/><G114/><T42/><D71/><U48/><E127/><V10/><F135/><W103/><G73/><T9/><D129/><U93/><E48/><V120/><F120/><W123/><G123/><T69/><D42/><U38/><E31/><V72/><F72/><W39/><G67/><T19/><D54/><U107/><E107/><V89/><F99/><N who="3" m="59903" /><G39/><T56/><D56/><U44/><E44/><V85/><F66/><W128/><G36/><T102/><D69/><U68/><E38/><V35/><F35/><W60/><G60/><T62/><D62/><U106/><E106/><V13/><F61/><W63/><G63/><T108/><D19/><U14/><E68/><V84/><F64/><W37/><G37/><T20/><D29/><U27/><E27/><V46/><REACH who="2" step="1"/><F59/><REACH who="2" ten="190,380,210,210" step="2"/><W109/><G133/><T8/><D116/><U79/><E117/><V4/><F4/><W97/><G97/><T51/><D119/><U101/><E5/><V94/><F94/><W98/><G98/><T25/><D6/><U65/><E65/><V78/><F78/><W43/><G50/><T34/><D51/><U105/><E105/><V55/><F55/><W53/><G53/><T52/><D52/><U33/><E101/><V76/><F76/><AGARI ba="0,1" hai="1,3,12,14,17,18,32,33,76,79,81,83,92,93" machi="76" ten="25,2400,0" yaku="22,2" doraHai="125" who="1" fromWho="2" sc="190,0,380,34,210,-24,210,0" /><INIT seed="1,1,0,1,3,62" ten="190,414,186,210" oya="1" hai0="5,32,101,77,96,107,114,57,89,39,128,30,21" hai1="121,49,95,31,122,108,120,84,56,72,26,133,130" hai2="70,41,23,129,87,83,75,131,73,15,12,44,69" hai3="82,64,110,4,61,79,20,2,48,68,67,24,46"/><U40/><E72/><V90/><F73/><W127/><G110/><T125/><D32/><U55/><E133/><V14/><F75/><W36/><G127/><T17/><D114/><U63/><E130/><N who="2" m="49675" /><F23/><W34/><G34/><T81/><D128/><U135/><E135/><V109/><F109/><W60/><G36/><AGARI ba="1,0" hai="12,14,15,36,41,44,69,70,83,87,90" m="49675" machi="36" ten="30,1000,0" yaku="19,1" doraHai="62" who="2" fromWho="3" sc="190,0,414,0,186,13,210,-13" /><INIT seed="2,0,0,0,2,49" ten="190,414,199,197" oya="2" hai0="55,73,14,104,75,130,85,62,67,3,31,53,88" hai1="117,83,41,0,129,65,110,114,123,56,89,112,118" hai2="17,21,69,135,50,36,2,93,6,133,82,16,48" hai3="106,58,115,22,23,4,111,15,8,134,113,127,11"/><V12/><F69/><W131/><G106/><T86/><D3/><U103/><E0/><V92/><F36/><W124/><G111/><T45/><D104/><U44/><E103/><V32/><F32/><W27/><G131/><T98/><D130/><U7/><E7/><V24/><F6/><N who="3" m="3479" /><G58/><N who="0" m="37335" /><D75/><U97/><E97/><V42/><F2/><N who="3" m="407" /><G23/><T121/><D121/><U18/><E18/><V79/><F133/><W13/><G13/><T52/><D73/><U10/><E10/><N who="2" m="6167" /><F135/><W61/><G61/><T105/><D105/><U77/><E129/><V71/><F71/><W116/><G116/><T38/><D38/><U5/><E5/><V63/><F63/><W94/><G94/><N who="2" m="36457" /><F42/><W26/><G26/><T30/><D14/><U125/><E123/><V34/><F34/><W132/><G132/><T51/><D98/><U96/><E118/><V108/><F108/><W100/><G100/><T28/><D88/><U70/><E110/><V120/><F120/><W60/><G60/><T46/><D46/><U19/><E117/><V20/><F20/><W37/><G37/><T43/><AGARI ba="0,0" hai="28,30,31,43,45,51,52,53,55,85,86" m="37335" machi="43" ten="30,8000,1" yaku="8,1,52,3,54,1" doraHai="49" who="0" fromWho="0" sc="190,80,414,-20,199,-40,197,-20" /><INIT seed="3,0,0,0,5,108" ten="270,394,159,177" oya="3" hai0="38,93,85,92,58,49,87,122,82,124,45,43,99" hai1="48,28,110,103,36,62,35,76,17,21,126,47,12" hai2="77,13,78,131,116,4,24,128,133,120,101,98,88" hai3="3,123,25,135,31,107,34,106,1,83,61,109,8"/><W97/><G123/><T115/><D122/><U127/><E110/><V125/><F120/><W113/><G109/><T104/><D115/><U134/><E134/><V130/><F116/><W41/><G135/><T6/><D124/><N who="1" m="47659" /><E103/><V102/><F133/><W11/><G113/><T70/><D70/><U105/><E105/><V69/><F69/><W65/><G41/><T73/><D6/><U63/><E36/><V9/><F125/><W74/><G11/><T37/><D73/><U16/><E76/><N who="2" m="29291" /><F24/><W111/><G111/><T26/><D26/><N who="1" m="18839" /><E16/><V51/><F51/><W72/><G83/><T95/><D87/><U18/><E18/><V56/><F56/><W81/><G81/><T0/><D0/><N who="3" m="73" /><G8/><T57/><D57/><U67/><E67/><V90/><F102/><N who="3" m="62799" /><G107/><AGARI ba="0,0" hai="4,9,13,88,90,98,101,107,128,130,131" m="29291" machi="107" ten="30,2000,0" yaku="19,1,54,1" doraHai="108" who="2" fromWho="3" sc="270,0,394,0,159,20,177,-20" owari="270,7.0,394,49.4,179,-22.1,157,-34.3" /></mjloggm>