<mjloggm ver="2.3"><GO type="225" lobby="0"/><UN n0="%E3%81%82%E3%81%99%E3%81%AB%E3%82%83%E3%82%80" n1="%E8%BE%9B%E5%8F%A3%E3%82%AB%E3%83%AC%E3%83%BC%E3%83%A9%E3%82%A4%E3%82%B9" n2="%72%69%6F%75%63%68%61%6E" n3="%E3%81%8C%E3%81%9F" dan="16,17,16,16" rate="2098.18,2266.19,2132.84,2128.43" sx="F,M,M,M"/><TAIKYOKU oya="0"/><INIT seed="0,0,0,3,0,113" ten="250,250,250,250" oya="0" hai0="52,14,83,74,1,135,20,99,84,11,112,61,100" hai1="80,40,125,19,111,5,15,64,127,124,134,115,12" hai2="120,45,43,108,76,90,70,48,56,16,106,82,75" hai3="41,25,7,65,47,66,55,117,37,67,58,38,9"/><T63/><D112/><U81/><E115/><V77/><F120/><W31/><G117/><T69/><D135/><U88/><E134/><V110/><F70/><W121/><G121/><T4/><D69/><U2/><E111/><N who="2" m="42539" /><F106/><W34/><G38/><T96/><D74/><U122/><E122/><V71/><F71/><W33/><G33/><T27/><D1/><U118/><E64/><V17/><F76/><W6/><REACH who="3" step="1"/><G9/><REACH who="3" ten="250,250,250,240" step="2"/><T109/><D109/><U13/><E118/><V21/><F21/><W26/><G26/><T129/><D129/><U89/><E124/><V133/><F133/><W132/><G132/><T30/><D100/><U104/><E125/><V54/><F90/><W8/><G8/><T24/><D27/><U32/><E88/><V35/><F35/><W119/><G119/><T53/><D99/><U93/><E32/><V18/><F17/><W39/><G39/><AGARI ba="0,1" hai="16,18,39,43,45,48,54,56,75,77,82" m="42539" machi="39" ten="30,2000,0" yaku="14,1,54,1" doraHai="113" who="2" fromWho="3" sc="250,0,250,0,250,30,240,-20" /><INIT seed="1,0,0,4,2,64" ten="250,250,280,220" oya="1" hai0="39,107,113,26,47,38,130,49,93,15,106,5,51" hai1="65,34,24,88,74,92,99,115,126,121,27,66,58" hai2="62,109,40,44,135,6,116,129,43,118,101,68,122" hai3="13,3,69,61,73,76,105,85,128,18,80,133,114"/><U63/><E126/><V25/><F122/><W11/><G114/><T96/><D113/><U14/><E115/><V70/><F101/><W7/><G128/><T75/><D75/><U2/><E121/><V16/><F6/><W60/><G133/><T98/><D26/><U20/><E2/><V102/><F102/><W67/><G105/><T95/><D15/><U120/><E120/><V54/><F25/><W35/><G35/><T45/><REACH who="0" step="1"/><D5/><REACH who="0" ten="240,250,280,220" step="2"/><U32/><E74/><V57/><F129/><AGARI ba="0,1" hai="38,39,45,47,49,51,93,95,96,98,106,107,129,130" machi="129" ten="25,6400,0" yaku="1,1,2,1,22,2,53,0" doraHai="64" doraHaiUra="30" who="0" fromWho="2" sc="240,74,250,0,280,-64,220,0" /><INIT seed="2,0,0,1,5,124" ten="314,250,216,220" oya="2" hai0="86,68,96,112,114,67,130,3,91,47,5,31,54" hai1="18,102,73,22,29,14,120,50,71,119,35,12,116" hai2="59,1,128,42,8,25,121,6,125,110,10,129,117" hai3="133,127,107,0,48,36,20,58,62,97,90,38,57"/><V60/><F117/><N who="1" m="45129" /><E50/><V13/><F121/><W11/><G127/><T52/><D96/><U105/><E71/><V41/><F125/><W95/><G133/><T65/><D31/><U99/><E99/><V79/><F79/><W28/><G107/><T135/><D135/><U109/><E102/><V53/><F110/><W72/><G72/><T56/><D5/><U44/><E44/><V101/><F101/><W87/><G0/><T64/><D3/><U17/><E73/><V126/><F126/><W19/><G11/><T77/><D77/><U61/><E61/><V69/><F69/><W43/><G28/><T104/><D104/><U123/><E105/><V115/><F25/><W45/><G97/><T40/><D86/><U122/><E109/><V9/><F9/><W132/><G132/><T98/><D91/><U85/><E85/><V16/><REACH who="2" step="1"/><F115/><REACH who="2" ten="314,250,206,220" step="2"/><W70/><G70/><T66/><D68/><U4/><E4/><V82/><F82/><W118/><G118/><T55/><D112/><U39/><E39/><V106/><F106/><W94/><G94/><T34/><D114/><U26/><E123/><V30/><F30/><W78/><G78/><T84/><D98/><U80/><E80/><V15/><F15/><W32/><G32/><T113/><D34/><U7/><E7/><V88/><F88/><W92/><G92/><T75/><D113/><U2/><E2/><V37/><F37/><N who="3" m="14443" /><G62/><T134/><D134/><U111/><E111/><V93/><F93/><W23/><G23/><AGARI ba="0,1" hai="12,14,17,18,22,23,26,29,35,120,122" m="45129" machi="23" ten="30,2000,0" yaku="34,2" doraHai="124" who="1" fromWho="3" sc="314,0,250,30,206,0,220,-20" /><INIT seed="3,0,0,0,5,62" ten="314,280,206,200" oya="3" hai0="84,117,12,123,68,89,8,120,19,119,30,121,59" hai1="113,53,2,98,124,18,125,0,47,118,28,32,104" hai2="45,37,57,35,97,101,95,43,42,96,105,55,1" hai3="29,108,102,33,134,31,58,69,99,17,86,82,75"/><W87/><G69/><T11/><D68/><U38/><E113/><V132/><F1/><W110/><G134/><T65/><D30/><N who="3" m="11273" /><G33/><T127/><D11/><U71/><E71/><V114/><F35/><W20/><G58/><T34/><D34/><U16/><E28/><V72/><F72/><W23/><G75/><T7/><D19/><N who="1" m="7211" /><E32/><V126/><F126/><N who="1" m="48745" /><E118/><V78/><F132/><W44/><G44/><T90/><D127/><U61/><E61/><V40/><F78/><N who="3" m="46423" /><G87/><T51/><D84/><U5/><E5/><V131/><F131/><W116/><G17/><T64/><D117/><U48/><E38/><V63/><F114/><W10/><G10/><T79/><D119/><U128/><E128/><V122/><F122/><W100/><G116/><T46/><D120/><U109/><E0/><V49/><F37/><W50/><G50/><T77/><D121/><U133/><E2/><V60/><F60/><W25/><G25/><T56/><D59/><U67/><E48/><V93/><F105/><N who="3" m="63647" /><G102/><AGARI ba="0,0" hai="40,42,43,45,49,55,57,63,93,95,96,97,101,102" machi="102" ten="30,3900,0" yaku="7,1,9,1,8,1" doraHai="62" who="2" fromWho="3" sc="314,0,280,0,206,39,200,-39" owari="314,41.4,280,8.0,245,-15.5,161,-33.9" /></mjloggm>