<mjloggm ver="2.3"><GO type="225" lobby="0"/><UN n0="%E7%99%BD%E5%92%B2%E8%8A%B1%E3%81%A1%E3%82%83%E3%82%93" n1="%6D%61%74%69%67%75%73%61" n2="%73%75%7A%75%6D%65%33" n3="%E4%BA%BA%E9%96%93%E3%83%81%E3%83%A3%E3%83%BC%E3%83%8F%E3%83%B3" dan="16,17,17,16" rate="2118.98,2154.72,2227.79,2100.32" sx="F,M,M,M"/><TAIKYOKU oya="0"/><INIT seed="0,0,0,1,0,45" ten="250,250,250,250" oya="0" hai0="1,80,101,98,17,132,27,4,76,77,42,47,8" hai1="107,87,118,18,14,69,54,33,65,106,92,53,108" hai2="105,109,135,7,131,68,72,75,71,89,121,40,0" hai3="35,81,5,28,88,63,113,67,10,38,103,39,37"/><T85/><D132/><U52/><E118/><V26/><F89/><W120/><G113/><T134/><D134/><U83/><E33/><V12/><F12/><W3/><G120/><T16/><D76/><U50/><E108/><V24/><F135/><W57/><G103/><T123/><D27/><U13/><E13/><V20/><F121/><W122/><G122/><T96/><D123/><U15/><E15/><V22/><F109/><W104/><G104/><T116/><D116/><U30/><E30/><V66/><F105/><W73/><G73/><T32/><D32/><U59/><E92/><V129/><F40/><W36/><G36/><T111/><D111/><U91/><E107/><V62/><F62/><W25/><REACH who="3" step="1"/><G38/><REACH who="3" ten="250,250,250,240" step="2"/><T102/><D102/><U23/><REACH who="1" step="1"/><E106/><REACH who="1" ten="250,240,250,240" step="2"/><V124/><F124/><W21/><G21/><T64/><D101/><U70/><E70/><V43/><F22/><W93/><G93/><T51/><REACH who="0" step="1"/><D64/><REACH who="0" ten="240,240,250,240" step="2"/><U74/><E74/><V55/><F66/><W11/><G11/><T2/><D2/><U94/><E94/><V29/><F0/><W128/><G128/><T9/><D9/><U125/><E125/><V31/><F129/><W110/><G110/><T6/><D6/><U46/><E46/><V117/><F7/><W49/><G49/><T100/><D100/><U19/><E19/><AGARI ba="0,3" hai="1,4,8,16,17,19,42,47,51,77,80,85,96,98" machi="19" ten="40,12000,1" yaku="1,1,52,1,54,1,53,1" doraHai="45" doraHaiUra="44" who="0" fromWho="1" sc="240,150,240,-120,250,0,240,0" /><INIT seed="0,1,0,4,0,107" ten="390,120,250,240" oya="0" hai0="121,35,127,45,133,129,122,135,70,74,132,130,75" hai1="103,37,81,6,18,5,59,120,95,47,99,12,108" hai2="10,77,86,109,62,94,73,41,90,83,110,11,112" hai3="19,58,118,3,50,23,42,63,101,67,38,44,96"/><T128/><D35/><U34/><E120/><N who="0" m="46185" /><D70/><U68/><E68/><V55/><F112/><W65/><G3/><T91/><D45/><U2/><E34/><V40/><F62/><W56/><G118/><T48/><D48/><U57/><E108/><N who="2" m="41579" /><F55/><W9/><G9/><AGARI ba="1,0" hai="9,10,11,40,41,73,77,83,86,90,94" m="41579" machi="9" ten="30,2000,0" yaku="14,1,52,1" doraHai="107" who="2" fromWho="3" sc="390,0,120,0,250,23,240,-23" /><INIT seed="1,0,0,3,2,44" ten="390,120,273,217" oya="1" hai0="51,102,24,35,17,75,101,7,14,126,3,72,32" hai1="81,115,12,68,113,87,121,120,43,16,36,89,9" hai2="48,100,0,92,26,117,38,30,39,69,109,80,42" hai3="55,8,53,64,84,50,78,52,19,61,128,88,131"/><U57/><E68/><V122/><F117/><W124/><G124/><T11/><D126/><U82/><E36/><V97/><F122/><W77/><G8/><T116/><D116/><U29/><E43/><V33/><F69/><W54/><G19/><T106/><D51/><U4/><E29/><V130/><F0/><W127/><G127/><T49/><D49/><U105/><E105/><V125/><F125/><W25/><G25/><T59/><D59/><U23/><E81/><V98/><F130/><N who="3" m="49707" /><G61/><T95/><D106/><U58/><E121/><V111/><F80/><N who="3" m="49159" /><G64/><T22/><D35/><U66/><E120/><V31/><F31/><W104/><G104/><T123/><D123/><U73/><E73/><V1/><F1/><W94/><G94/><T27/><D95/><U56/><REACH who="1" step="1"/><E66/><REACH who="1" ten="390,110,273,217" step="2"/><V133/><F38/><W41/><G41/><T34/><D75/><U118/><E118/><V110/><F39/><W63/><G63/><T79/><D72/><U70/><E70/><V112/><F42/><W28/><G28/><N who="0" m="19463" /><D79/><N who="3" m="30217" /><G55/><T86/><D86/><U5/><E5/><V91/><F30/><AGARI ba="0,1" hai="3,7,11,14,17,22,27,30,34,101,102" m="19463" machi="30" ten="30,1000,0" yaku="24,1" doraHai="44" who="0" fromWho="2" sc="390,20,110,0,273,-10,217,0" /><INIT seed="2,0,0,1,2,128" ten="410,110,263,217" oya="2" hai0="16,55,93,13,98,33,83,23,21,118,0,11,82" hai1="91,84,73,90,70,120,35,36,68,63,79,107,25" hai2="111,60,117,31,62,56,48,89,124,24,125,3,10" hai3="134,14,132,123,110,114,101,65,12,78,53,121,105"/><V103/><F117/><W15/><G65/><T44/><D33/><U47/><E120/><N who="3" m="46154" /><G53/><T112/><D112/><U52/><E107/><V95/><F103/><W119/><G78/><T100/><D118/><U34/><E73/><V45/><F111/><W5/><G119/><T88/><D0/><U26/><E79/><V29/><F3/><W69/><G69/><T41/><D55/><U7/><E7/><V30/><F10/><N who="3" m="4175" /><G114/><T64/><D64/><U50/><E36/><V131/><F131/><W97/><G110/><T116/><D116/><U1/><E1/><V106/><F106/><W43/><G43/><T66/><D66/><U61/><E52/><N who="2" m="31751" /><F45/><W71/><G71/><T67/><D67/><U109/><E109/><V40/><F40/><W87/><G87/><N who="0" m="50303" /><D82/><U32/><E84/><N who="2" m="52647" /><F24/><W127/><G127/><AGARI ba="0,0" hai="29,30,31,60,62,124,125,127" m="52647,31751" machi="127" ten="30,2900,0" yaku="18,1,54,1" doraHai="128" who="2" fromWho="3" sc="410,0,110,0,263,29,217,-29" /><INIT seed="2,1,0,5,0,45" ten="410,110,292,188" oya="2" hai0="2,129,116,59,35,108,52,115,122,15,97,48,49" hai1="125,19,95,103,66,50,3,5,6,0,91,111,102" hai2="77,90,16,88,40,131,44,101,51,17,65,86,63" hai3="100,53,32,31,124,64,127,107,38,72,98,126,24"/><V39/><F131/><W10/><G72/><T9/><D122/><U113/><E113/><V118/><F118/><W84/><G38/><T12/><D115/><U62/><E111/><V85/><F101/><W18/><G53/><T54/><D108/><U43/><E125/><V79/><F39/><W83/><G64/><T22/><D129/><U133/><E133/><V14/><F86/><W121/><G121/><T29/><D116/><U76/><E76/><V47/><F47/><W99/><G99/><T114/><D114/><U119/><E119/><V30/><F30/><W80/><REACH who="3" step="1"/><G84/><REACH who="3" ten="410,110,292,178" step="2"/><T71/><D97/><U120/><E120/><V67/><F67/><W58/><G58/><T73/><D73/><U81/><E66/><V89/><F85/><W11/><G11/><T68/><D9/><U42/><E42/><V134/><F134/><W8/><G8/><T132/><D54/><U123/><E123/><V117/><F117/><W23/><G23/><T78/><D22/><U21/><E43/><V20/><REACH who="2" step="1"/><F17/><REACH who="2" ten="410,110,282,178" step="2"/><W93/><G93/><T96/><D132/><U128/><E19/><V36/><F36/><W106/><G106/><T74/><D74/><U26/><E95/><V37/><F37/><W25/><G25/><T33/><D96/><U7/><E26/><V105/><F105/><W75/><G75/><T34/><D29/><U27/><E27/><V87/><F87/><W104/><G104/><T92/><D92/><U112/><E112/><V109/><F109/><W130/><G130/><T61/><D78/><U60/><E128/><V57/><AGARI ba="1,2" hai="14,16,20,40,44,51,57,63,65,77,79,88,89,90" machi="57" ten="30,18000,2" yaku="1,1,0,1,8,1,52,1,54,2,53,0" doraHai="45" doraHaiUra="94" who="2" fromWho="2" sc="410,-61,110,-61,282,203,178,-61" /><INIT seed="2,2,0,0,3,97" ten="349,49,485,117" oya="2" hai0="46,114,6,55,128,108,87,12,2,127,113,90,115" hai1="134,77,107,81,69,50,32,111,52,62,34,66,94" hai2="100,25,13,10,37,54,3,124,9,67,30,88,64" hai3="101,59,96,49,19,21,131,129,83,98,99,24,109"/><V48/><F37/><W122/><G122/><T29/><D108/><U35/><E107/><V28/><F124/><W73/><G109/><T121/><D121/><U118/><E111/><V116/><F116/><W82/><G73/><T80/><D127/><U71/><E134/><V43/><F43/><W8/><G8/><T17/><D128/><N who="3" m="49225" /><G101/><T39/><D29/><U15/><E118/><V57/><F3/><W86/><G86/><T125/><D125/><U53/><E69/><V117/><F117/><W120/><G120/><T95/><D39/><U68/><E68/><V38/><F38/><W56/><G49/><N who="0" m="29111" /><D2/><U23/><E94/><V22/><F30/><W42/><G42/><T40/><D40/><U27/><E15/><V112/><F112/><W91/><G91/><T74/><D74/><U105/><E105/><V26/><F100/><W31/><G31/><T20/><D95/><U79/><E50/><V110/><F110/><W85/><G85/><T47/><D87/><U89/><E89/><V18/><F88/><W44/><G44/><T0/><D90/><U58/><E77/><V106/><F106/><W16/><G19/><T132/><D17/><N who="1" m="12783" /><E79/><V126/><F126/><W61/><G61/><T123/><D123/><U51/><E81/><AGARI ba="2,0" hai="16,21,24,56,59,81,82,83,96,98,99" m="49225" machi="81" ten="30,2000,0" yaku="19,1,54,1" doraHai="97" who="3" fromWho="1" sc="349,0,49,-26,485,0,117,26" /><INIT seed="3,0,0,1,4,122" ten="349,23,485,143" oya="3" hai0="80,100,108,40,20,10,103,115,11,72,16,8,26" hai1="88,92,19,110,93,98,53,126,31,97,7,50,42" hai2="61,30,23,35,9,76,107,52,39,51,131,43,17" hai3="67,68,94,95,49,116,54,114,128,55,48,134,75"/><W59/><G114/><T96/><D115/><U71/><E126/><V112/><F112/><W3/><G3/><T101/><D40/><U14/><E71/><V73/><F107/><W99/><G116/><T117/><D117/><U15/><E42/><V63/><F131/><W58/><G75/><T120/><D120/><U74/><E74/><V66/><F35/><W127/><G128/><T64/><D64/><U121/><E121/><V34/><F34/><W47/><G134/><T113/><D113/><U22/><E110/><V65/><F30/><W83/><G127/><T106/><REACH who="0" step="1"/><D108/><REACH who="0" ten="339,23,485,143" step="2"/><U111/><E111/><V135/><F66/><W133/><G67/><T91/><D91/><U41/><E41/><V44/><F65/><W5/><G68/><T29/><D29/><U123/><E31/><V13/><F135/><W45/><G133/><T27/><D27/><U82/><E123/><V129/><F129/><W57/><G5/><T25/><D25/><U132/><E132/><V62/><F43/><W38/><G38/><T60/><D60/><U81/><E7/><V21/><F39/><W36/><G36/><T78/><AGARI ba="0,1" hai="8,10,11,16,20,26,72,78,80,96,100,101,103,106" machi="78" ten="30,4000,0" yaku="1,1,0,1,54,1,53,0" doraHai="122" doraHaiUra="32" who="0" fromWho="0" sc="339,50,23,-10,485,-10,143,-20" owari="389,18.9,13,-48.7,475,57.5,123,-27.7" /></mjloggm>