<mjloggm ver="2.3"><GO type="225" lobby="0"/><UN n0="%E9%B3%B3%E6%9D%B1%E3%81%AE%E3%81%86%E3%81%95%E3%81%8E%E3%81%95%E3%82%93" n1="%E6%80%AA%E3%81%97%E3%81%99%E3%81%8E%E3%82%8B%E3%83%81%E3%83%BC" n2="%E3%81%95%E3%81%8D%E3%81%9F%E3%81%BE%E6%9E%97%E6%AA%8E" n3="%E3%81%8C%E3%81%9F" dan="16,16,16,16" rate="2118.48,2050.93,2159.30,2138.02" sx="M,M,M,F"/><TAIKYOKU oya="0"/><INIT seed="0,0,0,2,4,29" ten="250,250,250,250" oya="0" hai0="45,3,43,60,115,37,90,18,122,35,10,107,98" hai1="38,12,2,118,96,91,71,126,106,25,110,42,116" hai2="124,69,5,135,123,79,82,59,80,64,63,66,84" hai3="51,9,108,17,65,68,23,117,13,121,14,24,111"/><T78/><D115/><U113/><E2/><V4/><F123/><W57/><G68/><T73/><D122/><U76/><E113/><V131/><F124/><W129/><G121/><T102/><D90/><U36/><E71/><V105/><F105/><W20/><G51/><T67/><D18/><U114/><E126/><V58/><F131/><W34/><G57/><T112/><D112/><U100/><E110/><N who="3" m="42026" /><G65/><T48/><D48/><U40/><E76/><V22/><F135/><W81/><G81/><N who="0" m="45263" /><D60/><U88/><E12/><V27/><F80/><W109/><N who="3" m="42034" /><W70/><DORA hai="75" /><G70/><T101/><D101/><U0/><E0/><V31/><REACH who="2" step="1"/><F69/><REACH who="2" ten="250,250,240,250" step="2"/><W32/><G129/><T133/><D133/><U99/><E106/><V19/><F19/><N who="3" m="12319" /><G117/><T86/><D107/><U103/><E114/><V52/><F52/><W93/><G93/><T87/><D43/><U11/><E11/><V33/><F33/><W26/><G9/><T120/><D10/><U50/><E50/><V16/><F16/><W53/><G53/><T46/><D120/><U44/><E44/><V56/><F56/><W30/><G34/><T21/><D35/><U125/><E125/><V15/><F15/><AGARI ba="0,1" hai="13,14,15,17,23,26,30,32" m="12319,42034" machi="15" ten="40,8000,1" yaku="14,1,34,2,52,1" doraHai="29,75" who="3" fromWho="2" sc="250,0,250,0,240,-80,250,90" /><INIT seed="1,0,0,0,2,54" ten="250,250,160,340" oya="1" hai0="81,2,44,132,77,21,100,123,39,48,98,62,19" hai1="66,113,24,31,3,86,40,16,92,104,27,105,74" hai2="91,25,4,135,30,128,133,6,33,97,101,73,15" hai3="68,99,51,93,83,45,58,37,35,20,127,107,111"/><U125/><E74/><V76/><F128/><W109/><G35/><T120/><D2/><U22/><E113/><V131/><F131/><W89/><G68/><T42/><D132/><U38/><E3/><V110/><F110/><N who="3" m="41995" /><G127/><T41/><D62/><U108/><E108/><V114/><F114/><W5/><G5/><T90/><D90/><U70/><E125/><V34/><F34/><W0/><G0/><T102/><D42/><U79/><E66/><V18/><F91/><W134/><G134/><T75/><D39/><U61/><E61/><V46/><F46/><W80/><G107/><T118/><D118/><U67/><E67/><V129/><F129/><W95/><G95/><T9/><D9/><U65/><E65/><V69/><F69/><W14/><G37/><T130/><D130/><U85/><E70/><V36/><F36/><W103/><G103/><T96/><D102/><U94/><E104/><V88/><F88/><W7/><G58/><T126/><D126/><U57/><E57/><V59/><F59/><W87/><G87/><N who="1" m="33290" /><E105/><N who="2" m="63663" /><F135/><W56/><G56/><T122/><REACH who="0" step="1"/><D100/><REACH who="0" ten="240,250,160,340" step="2"/><U63/><E38/><V13/><F133/><W106/><G89/><T115/><D115/><U116/><E116/><V29/><F76/><W1/><G1/><T53/><D53/><U64/><E79/><V8/><F8/><W117/><G117/><T112/><D112/><U26/><E40/><V17/><F4/><W10/><G7/><T52/><D52/><U124/><E124/><V23/><F6/><W28/><G10/><T32/><D32/><N who="1" m="20583" /><E27/><AGARI ba="0,1" hai="19,21,27,41,44,48,75,77,81,96,98,120,122,123" machi="27" ten="40,5200,0" yaku="1,1,13,1,53,1" doraHai="54" doraHaiUra="72" who="0" fromWho="1" sc="240,62,250,-52,160,0,340,0" /><INIT seed="2,0,0,0,4,135" ten="302,198,160,340" oya="2" hai0="67,132,68,35,118,59,38,51,10,26,19,127,112" hai1="89,103,48,69,21,128,101,106,14,94,60,85,42" hai2="62,32,15,133,50,34,57,47,99,76,73,54,78" hai3="61,9,4,33,6,124,13,75,102,126,95,77,65"/><V116/><F133/><W121/><G121/><T125/><D112/><U8/><E128/><V81/><F116/><W30/><G6/><T17/><D132/><U70/><E106/><V114/><F114/><W46/><G46/><T96/><D38/><U80/><E21/><V130/><F130/><W110/><G110/><T71/><D118/><U49/><E69/><V86/><F15/><W44/><G44/><T20/><D35/><U24/><E24/><V88/><F99/><N who="3" m="59775" /><G30/><T122/><D122/><U119/><E42/><V107/><F107/><W113/><G33/><T115/><D115/><U25/><E25/><V84/><F73/><W64/><G61/><N who="0" m="38335" /><D51/><N who="1" m="19531" /><E119/><V11/><F11/><W22/><G22/><N who="0" m="13647" /><D96/><N who="1" m="57423" /><E60/><V43/><REACH who="2" step="1"/><F76/><REACH who="2" ten="302,198,150,340" step="2"/><W45/><G77/><T117/><D10/><U98/><E70/><V58/><F58/><W97/><G75/><T91/><D117/><U56/><E56/><V2/><F2/><W7/><G9/><T0/><D0/><U12/><E98/><V27/><F27/><W79/><G79/><T29/><D71/><U39/><E12/><V1/><F1/><W123/><G13/><T18/><D68/><U41/><E14/><V3/><F3/><W31/><G113/><T87/><D29/><U23/><E8/><V131/><F131/><W111/><G31/><T63/><D20/><U105/><E23/><V16/><F16/><W92/><G123/><T109/><D18/><U52/><E105/><V28/><F28/><W55/><G97/><T5/><D19/><U40/><E85/><V120/><F120/><W90/><G45/><T129/><D129/><RYUUKYOKU ba="0,1" sc="302,-10,198,-10,150,30,340,-10" hai2="32,34,43,47,50,54,57,62,78,81,84,86,88" /><INIT seed="2,1,1,5,2,107" ten="292,188,180,330" oya="2" hai0="44,96,98,82,43,32,123,38,50,127,4,27,64" hai1="118,2,117,121,3,69,54,131,106,56,122,84,101" hai2="26,49,28,10,68,65,15,8,55,135,45,76,91" hai3="74,53,86,95,78,114,41,108,115,102,18,31,113"/><V71/><F135/><W20/><G108/><T52/><D123/><N who="1" m="47115" /><E69/><V92/><F76/><W13/><G41/><T51/><D127/><U16/><E131/><V77/><F77/><W75/><G31/><T60/><D4/><U46/><E46/><V90/><F90/><N who="3" m="53719" /><G78/><T6/><D6/><U59/><E84/><V79/><F79/><W100/><G53/><T33/><D82/><U109/><E109/><V66/><F71/><W72/><AGARI ba="1,1" hai="13,18,20,72,74,75,100,102,113,114,115" m="53719" machi="72" ten="40,8000,1" yaku="11,1,52,3" doraHai="107" who="3" fromWho="3" sc="292,-21,188,-21,180,-41,330,93" /><INIT seed="3,0,0,2,5,88" ten="271,167,139,423" oya="3" hai0="69,28,76,54,14,116,53,101,93,17,65,123,70" hai1="56,61,87,40,83,39,12,103,80,51,98,0,108" hai2="64,10,84,22,131,34,62,35,29,126,92,96,42" hai3="99,94,23,2,78,38,129,130,112,117,21,13,67"/><W6/><G2/><T16/><D123/><U58/><E108/><V47/><F126/><W75/><G38/><T81/><D116/><U44/><E0/><V26/><F131/><W135/><G67/><T7/><D28/><U109/><E109/><V36/><F84/><W120/><G94/><T45/><D7/><U110/><E110/><V82/><F82/><W3/><G99/><T25/><D25/><U68/><E12/><V113/><F10/><W74/><G13/><T15/><D65/><U1/><E1/><V115/><F35/><W90/><G23/><T20/><D45/><U89/><E83/><V124/><F124/><W97/><G6/><T41/><D41/><U19/><E19/><V63/><F63/><W128/><G117/><T105/><D105/><U119/><E39/><V122/><F34/><W30/><G120/><T95/><D81/><U102/><E119/><V125/><F122/><W48/><G30/><T91/><D20/><U8/><E8/><V33/><F33/><W5/><G21/><T86/><D86/><U73/><E73/><V118/><F118/><W50/><G74/><T31/><D31/><U27/><E27/><V9/><F9/><W32/><G5/><T114/><D76/><U46/><E46/><V24/><F24/><W132/><G78/><T100/><D91/><U107/><E102/><N who="2" m="60679" /><F125/><W72/><G128/><T60/><D60/><U127/><E127/><V43/><F43/><W66/><G129/><T37/><D114/><U52/><E40/><V111/><F111/><W49/><G130/><T11/><D11/><U133/><E133/><RYUUKYOKU ba="0,0" sc="271,10,167,10,139,10,423,-30" hai0="14,15,16,17,37,53,54,69,70,93,95,100,101" hai1="44,51,52,56,58,61,68,80,87,89,98,103,107" hai2="22,26,29,36,42,47,62,64,113,115" owari="281,8.1,177,-22.3,149,-35.1,393,49.3" /></mjloggm>