<mjloggm ver="2.3"><GO type="225" lobby="0"/><UN n0="%E8%83%83%E3%81%A8%E8%85%B8" n1="%72%69%6F%75%63%68%61%6E" n2="%E5%8F%AF%E5%85%90%E9%82%A3%E7%94%B1%E5%A4%9A" n3="%38%63%E3%81%AF%E3%81%A3%E3%81%97%E3%83%BC" dan="16,16,16,16" rate="2180.17,2236.30,2190.58,2130.66" sx="M,M,F,M"/><TAIKYOKU oya="0"/><INIT seed="0,0,0,0,0,27" ten="250,250,250,250" oya="0" hai0="106,108,101,34,105,55,90,41,2,102,20,8,37" hai1="42,66,132,114,9,77,80,47,30,48,94,112,23" hai2="104,87,110,134,15,10,36,54,50,117,38,72,69" hai3="32,78,39,26,100,19,31,133,92,52,60,7,44"/><T98/><D34/><U3/><E132/><V96/><F72/><W51/><G133/><T83/><D55/><U79/><E66/><V111/><F134/><W71/><G7/><T67/><D67/><U107/><E107/><N who="0" m="40969" /><D20/><U116/><E116/><V24/><F69/><W4/><G4/><T84/><D8/><U129/><E129/><V58/><F117/><W82/><G39/><T74/><D37/><U130/><E130/><V11/><F87/><W35/><G35/><T97/><D41/><U0/><E94/><V93/><F104/><W6/><G6/><T115/><D2/><N who="1" m="555" /><E80/><V88/><F10/><W28/><G71/><T13/><D13/><U131/><E9/><V119/><F119/><W45/><G60/><T65/><D65/><U122/><E122/><V49/><F49/><W121/><G45/><T29/><D29/><U103/><E103/><N who="0" m="39433" /><D115/><N who="1" m="44075" /><E131/><V70/><F70/><W118/><G121/><T120/><D120/><U33/><E33/><V16/><F24/><AGARI ba="0,0" hai="23,24,30,42,47,48,77,79" m="44075,555" machi="24" ten="30,2000,0" yaku="11,1,52,1" doraHai="27" who="1" fromWho="2" sc="250,0,250,20,250,-20,250,0" /><INIT seed="1,0,0,4,4,55" ten="250,270,230,250" oya="1" hai0="57,135,70,14,10,15,59,39,90,115,82,3,87" hai1="93,31,86,92,65,40,119,68,81,60,9,12,110" hai2="58,117,16,103,49,134,47,34,53,105,74,11,2" hai3="77,62,56,23,129,83,132,131,111,127,79,72,133"/><U22/><E119/><V99/><F117/><W6/><G111/><T44/><D115/><U107/><E107/><V78/><F34/><W1/><G77/><T100/><D135/><N who="3" m="51785" /><G23/><T130/><D130/><N who="3" m="49673" /><G6/><T112/><D112/><U124/><E124/><V19/><F134/><W114/><G114/><T30/><D70/><U98/><E110/><V104/><F104/><W45/><G45/><T0/><D100/><U128/><E128/><V67/><F2/><W52/><G1/><T35/><D3/><U95/><E40/><V46/><F11/><W125/><AGARI ba="0,0" hai="52,56,62,72,79,83,125,127" m="49673,51785" machi="125" ten="40,12000,2" yaku="30,2,20,1,19,1,52,1,54,1" doraHai="55" who="3" fromWho="3" sc="250,-30,270,-60,230,-30,250,120" /><INIT seed="2,0,0,3,4,63" ten="220,210,200,370" oya="2" hai0="117,47,72,91,106,123,120,71,51,55,42,73,126" hai1="5,68,23,11,121,39,26,130,44,112,48,1,99" hai2="41,66,56,67,6,8,34,84,74,14,19,15,114" hai3="107,131,82,25,32,9,90,45,54,115,94,30,16"/><V128/><F114/><W17/><G107/><T20/><D106/><U116/><E112/><V86/><F74/><W108/><G115/><T129/><D91/><U60/><E116/><V33/><F128/><W65/><G131/><T133/><D129/><U81/><E130/><V4/><F41/><W122/><G122/><T87/><D87/><N who="2" m="33322" /><F33/><W40/><G108/><T105/><D105/><U93/><E121/><V53/><F34/><W10/><G82/><T79/><D73/><U75/><E39/><V92/><F92/><W85/><G54/><T103/><D72/><U27/><E23/><N who="2" m="11767" /><F4/><W77/><G77/><T0/><D79/><U134/><E134/><V59/><F59/><W80/><G80/><T31/><D133/><U64/><E81/><V118/><F118/><W88/><G90/><T125/><D117/><U49/><E75/><V57/><F57/><W132/><G132/><T124/><D0/><U37/><E37/><V12/><F15/><W3/><G3/><T135/><D135/><U89/><REACH who="1" step="1"/><E49/><AGARI ba="0,0" hai="6,8,12,49,53,56,66,67" m="11767,33322" machi="49" ten="30,5800,0" yaku="8,1,52,2" doraHai="63" who="2" fromWho="1" sc="220,0,210,-58,200,58,370,0" /><INIT seed="2,1,0,5,0,37" ten="220,152,258,370" oya="2" hai0="75,126,118,115,99,120,28,12,61,56,71,53,33" hai1="15,21,31,69,84,9,97,72,30,123,101,94,125" hai2="48,64,105,26,81,11,0,111,114,102,127,79,117" hai3="113,93,4,130,40,59,107,43,44,132,112,20,32"/><V82/><F114/><W129/><G107/><T27/><D115/><N who="3" m="44105" /><G32/><T110/><D110/><U134/><E125/><V100/><F117/><W119/><G119/><T46/><D118/><U70/><E134/><V50/><F64/><W2/><G132/><T109/><D120/><U5/><E123/><V49/><F127/><W74/><G74/><T131/><D109/><U19/><E72/><V135/><F111/><W3/><G44/><T58/><D71/><U1/><REACH who="1" step="1"/><E84/><REACH who="1" ten="220,142,258,370" step="2"/><V17/><F135/><W124/><G124/><T104/><D75/><U16/><E16/><V68/><F17/><W128/><G4/><T54/><D126/><U96/><E96/><V121/><F121/><W13/><G93/><T47/><D99/><U35/><E35/><V51/><F105/><W38/><G130/><T63/><D131/><U116/><E116/><V66/><F82/><W91/><G129/><T86/><D104/><U45/><E45/><V108/><F108/><W23/><G128/><T42/><D86/><U57/><E57/><V29/><F81/><W65/><G59/><T10/><D46/><U7/><E7/><V103/><F68/><AGARI ba="1,1" hai="1,5,9,15,19,21,30,31,68,69,70,94,97,101" machi="68" ten="40,2600,0" yaku="1,1,53,1" doraHai="37" doraHaiUra="95" who="1" fromWho="2" sc="220,0,142,39,258,-29,370,0" /><INIT seed="3,0,0,3,4,133" ten="220,181,229,370" oya="3" hai0="85,107,128,125,17,52,98,88,33,31,100,117,30" hai1="68,109,75,80,20,25,106,112,89,92,66,110,8" hai2="45,63,79,77,96,74,23,76,83,114,103,70,10" hai3="49,41,35,46,71,131,84,28,43,24,72,121,65"/><W5/><G72/><T115/><D117/><U118/><E112/><V9/><F114/><W73/><G73/><T26/><D115/><U95/><E106/><V87/><F23/><W42/><G121/><T22/><D128/><U123/><E123/><V48/><F70/><W2/><G131/><T82/><D125/><U129/><E129/><V99/><F63/><W86/><G5/><T36/><D36/><U37/><E37/><V127/><F127/><W47/><G2/><T113/><D113/><U126/><E118/><V105/><F96/><W90/><G42/><T19/><REACH who="0" step="1"/><D52/><REACH who="0" ten="210,181,229,370" step="2"/><U21/><E126/><V27/><F48/><W56/><G71/><T44/><D44/><U6/><E68/><V39/><F45/><W55/><G65/><T7/><D7/><U97/><E66/><V101/><F39/><W111/><G43/><T81/><D81/><U40/><E40/><V134/><F83/><W3/><G46/><T57/><D57/><U11/><E6/><V116/><F116/><W130/><G130/><T120/><D120/><U62/><E62/><V54/><F54/><W13/><G47/><T34/><D34/><U14/><E75/><V51/><F51/><W108/><G41/><T78/><D78/><U29/><E80/><V18/><F76/><W32/><G32/><T119/><D119/><U15/><E95/><V12/><F74/><W104/><G55/><T91/><D91/><U61/><E61/><V50/><F79/><W0/><G90/><T1/><D1/><U124/><E124/><V67/><F67/><W53/><G53/><T38/><D38/><RYUUKYOKU ba="0,1" sc="210,30,181,-10,229,-10,370,-10" hai0="17,19,22,26,30,31,33,82,85,88,98,100,107" owari="240,4.0,171,-32.9,219,-18.1,370,47.0" /></mjloggm>