<mjloggm ver="2.3"><GO type="225" lobby="0"/><UN n0="%E3%81%9F%E3%81%8B%E3%80%82" n1="%E3%81%95%E3%81%8D%E3%81%9F%E3%81%BE%E6%9E%97%E6%AA%8E" n2="%E3%82%A2%E3%83%A1%E3%82%A2%E3%83%A9%E3%83%AC" n3="%E3%81%A4%E3%81%A3%E3%81%B1%E3%82%8A%E3%83%9D%E3%83%BC%E3%83%AB" dan="16,16,16,17" rate="2112.41,2050.90,2181.69,2204.82" sx="M,M,M,M"/><TAIKYOKU oya="0"/><INIT seed="0,0,0,1,1,48" ten="250,250,250,250" oya="0" hai0="80,71,77,8,121,47,45,86,120,124,83,130,128" hai1="10,12,35,106,76,101,23,109,132,69,74,20,16" hai2="63,73,24,5,22,27,78,68,75,100,14,1,38" hai3="30,37,95,33,118,42,31,40,41,62,54,26,133"/><T84/><D71/><U103/><E109/><V32/><F38/><W104/><G118/><T70/><D8/><U107/><E35/><V52/><F100/><W82/><G104/><T119/><D70/><U6/><E69/><V36/><F36/><W28/><G133/><T105/><D124/><U129/><E74/><V115/><F115/><W58/><G37/><T67/><D67/><U9/><E76/><V39/><F39/><W17/><G95/><T85/><D105/><U134/><E129/><N who="0" m="49769" /><D119/><U50/><E107/><V79/><F75/><W43/><N who="3" m="10240" /><DORA hai="46" /><W29/><REACH who="3" step="1"/><G17/><REACH who="3" ten="250,250,250,240" step="2"/><T81/><D77/><U111/><E106/><V4/><F78/><W94/><G94/><T53/><D53/><U51/><E111/><V25/><F52/><W57/><G57/><T110/><D110/><U60/><E134/><V93/><F79/><W97/><G97/><T113/><D113/><U66/><E132/><V131/><F93/><W2/><G2/><T0/><D0/><U108/><E108/><V96/><F1/><W135/><G135/><T44/><AGARI ba="0,1" hai="44,45,47,80,81,83,84,85,86,120,121" m="49769" machi="44" ten="40,12000,1" yaku="29,2,28,2,19,1" doraHai="48,46" who="0" fromWho="0" sc="250,130,250,-40,250,-40,240,-40" /><INIT seed="0,1,0,5,1,77" ten="380,210,210,200" oya="0" hai0="119,85,11,36,133,46,66,97,15,25,55,87,94" hai1="100,13,127,59,91,86,114,115,48,129,95,124,28" hai2="82,121,54,89,4,118,98,110,21,81,56,93,64" hai3="2,92,116,19,90,73,39,102,113,44,50,128,134"/><T20/><D119/><U101/><E28/><V70/><F110/><W26/><G116/><T49/><D133/><U38/><E38/><V7/><F121/><W29/><G113/><N who="1" m="43018" /><E13/><V103/><F118/><W131/><G134/><T12/><D66/><U123/><E48/><N who="2" m="30791" /><F70/><W96/><G2/><T0/><D0/><U47/><E47/><V33/><F33/><W5/><G5/><N who="2" m="2121" /><F64/><W108/><G73/><T23/><D23/><U83/><E59/><V67/><F67/><W24/><G39/><T42/><D42/><U122/><E129/><N who="3" m="49738" /><G108/><T69/><D69/><U62/><E62/><V16/><F103/><N who="1" m="39497" /><E95/><V130/><F130/><W45/><G45/><T65/><D65/><U63/><E63/><V14/><AGARI ba="1,0" hai="14,16,21,81,82,89,93,98" m="2121,30791" machi="14" ten="30,7900,0" yaku="8,1,52,2,54,1" doraHai="77" who="2" fromWho="2" sc="380,-40,210,-21,210,82,200,-21" /><INIT seed="1,0,0,2,0,127" ten="340,189,292,179" oya="1" hai0="108,128,43,125,66,47,69,73,84,90,46,64,40" hai1="15,55,52,7,9,107,58,61,12,99,33,38,34" hai2="133,45,111,120,74,93,60,131,32,134,132,87,23" hai3="6,89,86,78,44,50,21,117,122,85,105,59,129"/><U0/><E38/><V62/><F111/><W5/><G122/><T88/><D73/><U67/><E107/><V123/><F32/><W35/><G35/><T16/><D108/><U14/><E34/><V94/><F74/><W80/><G105/><T36/><D125/><U39/><E39/><V82/><F45/><W115/><G115/><T76/><D69/><U25/><E33/><V51/><F51/><W65/><G117/><T98/><D128/><U96/><REACH who="1" step="1"/><E25/><REACH who="1" ten="340,179,292,179" step="2"/><V126/><F126/><W112/><G112/><T81/><D36/><U49/><E49/><V119/><F123/><W121/><G121/><T77/><D43/><U22/><E22/><V27/><F120/><W92/><G129/><T29/><D40/><U2/><E2/><V42/><F42/><N who="3" m="24855" /><G21/><T13/><D46/><U110/><E110/><V19/><F131/><W48/><G48/><T41/><D41/><U71/><E71/><V30/><F23/><W63/><AGARI ba="0,1" hai="5,6,59,63,65,78,80,85,86,89,92" m="24855" machi="63" ten="30,1100,0" yaku="8,1" doraHai="127" who="3" fromWho="3" sc="340,-3,179,-5,292,-3,179,21" /><INIT seed="2,0,0,0,1,91" ten="337,174,289,200" oya="2" hai0="112,102,3,82,60,19,103,31,42,101,81,8,127" hai1="131,7,134,117,20,26,32,69,36,77,39,73,96" hai2="121,40,90,13,37,66,122,45,55,67,88,113,46" hai3="118,49,105,0,14,126,87,98,111,110,132,22,50"/><V89/><F113/><W11/><G118/><T38/><D127/><U2/><E117/><V10/><F46/><W104/><G126/><T125/><D125/><U100/><E20/><V51/><F55/><W57/><G132/><T119/><D119/><U85/><E85/><V16/><REACH who="2" step="1"/><F37/><REACH who="2" ten="337,174,279,200" step="2"/><W115/><G115/><T12/><D112/><U25/><E134/><V75/><F75/><W43/><G111/><T6/><D38/><U63/><E73/><V24/><F24/><W128/><G110/><T54/><D42/><U33/><E26/><V130/><F130/><W78/><G128/><T129/><D129/><U94/><E131/><V68/><F68/><W72/><G72/><T86/><D54/><U99/><E39/><V58/><F58/><W17/><G57/><T71/><D71/><U64/><E36/><V27/><F27/><W52/><G52/><T61/><D60/><U44/><E44/><V48/><F48/><W47/><G49/><T18/><D61/><U23/><E33/><V108/><F108/><W84/><G50/><T34/><D34/><U133/><E32/><V62/><F62/><W124/><G124/><T92/><D31/><U29/><E133/><V97/><F97/><W41/><G98/><T1/><D86/><N who="3" m="32809" /><G43/><T15/><D82/><U4/><E99/><V76/><F76/><W30/><G78/><T120/><D81/><U79/><E2/><V109/><F109/><W135/><G135/><T114/><D1/><U56/><E69/><V80/><F80/><W53/><G30/><T28/><D28/><U74/><E74/><V95/><F95/><RYUUKYOKU ba="0,1" sc="337,-15,174,15,279,15,200,-15" hai1="4,7,23,25,29,56,63,64,77,79,94,96,100" hai2="10,13,16,40,45,51,66,67,88,89,90,121,122" /><INIT seed="2,1,1,5,0,42" ten="322,189,294,185" oya="2" hai0="131,102,114,78,56,88,7,61,83,127,21,104,39" hai1="128,68,70,8,25,94,22,112,58,96,49,84,69" hai2="121,134,38,0,12,90,115,101,108,4,105,66,92" hai3="75,2,91,6,63,47,79,110,9,71,1,124,18"/><V100/><F115/><W132/><G110/><T46/><D114/><U11/><E112/><V95/><F121/><W120/><G120/><T30/><D7/><U53/><E128/><V99/><F38/><W125/><G132/><T14/><D104/><U73/><E73/><V76/><F0/><N who="3" m="199" /><G91/><T24/><D102/><U29/><REACH who="1" step="1"/><E84/><REACH who="1" ten="322,179,294,185" step="2"/><V62/><F134/><W51/><G75/><T34/><D131/><U27/><E27/><V103/><F108/><W36/><G79/><T5/><D78/><U107/><E107/><V109/><F76/><W67/><G36/><T20/><D39/><U129/><E129/><V118/><F109/><W16/><G1/><T43/><D24/><U15/><E15/><V93/><F105/><W116/><G2/><T65/><D14/><U82/><E82/><V72/><F72/><W74/><G74/><T60/><D83/><U119/><E119/><V44/><F12/><W117/><G116/><T41/><D5/><U77/><E77/><V123/><F4/><W33/><G117/><T89/><D127/><N who="3" m="48713" /><G33/><T23/><D34/><U54/><E54/><AGARI ba="1,2" hai="16,18,47,51,54,63,67,71" m="48713,199" machi="54" ten="30,3900,0" yaku="18,1,52,1,54,1" doraHai="42" who="3" fromWho="1" sc="322,0,179,-42,294,0,185,62" /><INIT seed="3,0,0,4,2,39" ten="322,137,294,247" oya="3" hai0="108,110,57,31,86,49,17,93,27,60,53,124,109" hai1="38,46,114,66,40,13,135,128,78,30,29,84,35" hai2="4,54,99,37,82,71,125,6,36,129,43,64,126" hai3="61,120,15,91,105,134,25,130,83,116,80,102,32"/><W133/><G116/><T58/><D124/><N who="2" m="47722" /><F129/><W0/><G0/><T101/><D17/><U62/><E128/><V41/><F54/><W100/><G130/><T8/><D8/><U1/><E135/><N who="3" m="51722" /><G120/><T96/><D86/><U19/><E114/><V81/><F99/><N who="3" m="61599" /><G102/><T18/><D18/><U42/><E1/><V3/><F37/><W26/><G32/><N who="0" m="20607" /><D57/><U97/><E97/><V88/><F36/><W74/><G15/><T131/><D131/><U14/><E14/><V92/><F3/><W106/><G106/><T113/><D113/><U10/><E35/><V90/><F90/><W65/><G91/><T127/><D127/><U115/><E115/><V111/><F111/><W77/><G83/><N who="2" m="31753" /><F6/><W55/><G55/><T23/><D23/><U12/><E12/><V52/><F52/><W94/><G94/><T11/><D11/><U28/><E78/><V68/><F4/><W89/><G89/><T22/><D22/><U7/><E7/><V103/><F103/><W56/><AGARI ba="0,0" hai="25,26,56,61,65,74,77,80" m="61599,51722" machi="56" ten="30,1500,0" yaku="20,1" doraHai="39" who="3" fromWho="3" sc="322,-5,137,-5,294,-5,247,15" /><INIT seed="3,1,0,4,3,0" ten="317,132,289,262" oya="3" hai0="125,87,14,108,46,26,70,53,104,74,110,134,5" hai1="38,37,1,15,64,55,34,129,61,2,29,121,49" hai2="80,131,45,72,99,105,86,12,13,89,51,22,24" hai3="50,95,28,21,126,73,75,25,66,56,100,35,127"/><W59/><G35/><T47/><D74/><U20/><E121/><V118/><F118/><W6/><G6/><T92/><D104/><U130/><E34/><V78/><F131/><N who="1" m="50185" /><E29/><V115/><F115/><W3/><G3/><N who="1" m="1034" /><E64/><V19/><F105/><W119/><G119/><T65/><D26/><U23/><E61/><V44/><F99/><N who="3" m="59519" /><G56/><T68/><D65/><U32/><E32/><V10/><F51/><W17/><G17/><T102/><D68/><U101/><E101/><V77/><F13/><W79/><G50/><T82/><D14/><U117/><E117/><V69/><F69/><W60/><G79/><N who="2" m="30217" /><F72/><AGARI ba="1,0" hai="21,25,28,59,60,66,72,73,75,126,127" m="59519" machi="72" ten="30,1500,0" yaku="25,1" doraHai="0" who="3" fromWho="2" sc="317,0,132,0,289,-18,262,18" /><INIT seed="3,2,0,2,3,13" ten="317,132,271,280" oya="3" hai0="24,112,110,68,102,48,17,9,19,114,34,14,28" hai1="39,3,6,86,1,27,92,26,60,43,103,40,30" hai2="66,130,132,62,50,89,129,122,96,25,31,82,84" hai3="93,29,87,108,81,71,42,55,49,21,83,117,11"/><W79/><G71/><T65/><D110/><U124/><E39/><V134/><F122/><W133/><G117/><T135/><D135/><N who="2" m="51754" /><F50/><W120/><G120/><T128/><D102/><U35/><E103/><V54/><F54/><W57/><G133/><T69/><D128/><U16/><E60/><V75/><F96/><W36/><G108/><T44/><D19/><U23/><E92/><V4/><F4/><W97/><G36/><T126/><D126/><U95/><E124/><V67/><F75/><W80/><G11/><T70/><REACH who="0" step="1"/><D65/><REACH who="0" ten="307,132,271,280" step="2"/><N who="2" m="24586" /><F62/><W46/><G42/><AGARI ba="2,1" hai="9,14,17,24,28,34,42,44,48,68,69,70,112,114" machi="42" ten="40,2600,0" yaku="1,1,52,1,53,0" doraHai="13" doraHaiUra="125" who="0" fromWho="3" sc="307,42,132,0,271,0,280,-32" owari="349,44.9,132,-36.8,271,7.1,248,-15.2" /></mjloggm>