<mjloggm ver="2.3"><GO type="225" lobby="0"/><UN n0="%E3%81%8F%E3%82%8A%E3%83%94%E3%83%BC" n1="%48%61%61%61%6C%61%6E%64" n2="%E6%A1%9C%E8%8A%B1%E9%96%83%E3%80%85" n3="%E3%81%99%E3%81%84%E3%81%BE%E3%81%9B%E3%83%BC%E3%82%93" dan="16,17,18,16" rate="2070.95,2227.25,2268.22,2101.13" sx="M,M,M,M"/><TAIKYOKU oya="0"/><INIT seed="0,0,0,4,4,43" ten="250,250,250,250" oya="0" hai0="102,75,29,83,59,2,49,84,74,57,132,1,124" hai1="104,87,47,99,15,17,8,80,10,90,64,4,82" hai2="119,39,97,44,76,109,127,30,117,26,9,67,6" hai3="52,91,93,13,130,110,22,100,56,0,7,79,95"/><T98/><D132/><U16/><E64/><V101/><F109/><W25/><G110/><T28/><D124/><U68/><E68/><V86/><F127/><W55/><G130/><T40/><D1/><U35/><E35/><V24/><F67/><W66/><G79/><T69/><D69/><U34/><E34/><V31/><F76/><W58/><G0/><T45/><D2/><U96/><E82/><V20/><F86/><W123/><G123/><T61/><D75/><U113/><E113/><V14/><F39/><W116/><G116/><T77/><D74/><U36/><E104/><V81/><F81/><W53/><G100/><T115/><D115/><U46/><E17/><V63/><F63/><N who="3" m="38247" /><G58/><T125/><D125/><U51/><E36/><V107/><REACH who="2" step="1"/><F44/><REACH who="2" ten="250,250,240,250" step="2"/><W106/><G106/><T37/><D37/><U19/><E46/><V78/><F78/><W118/><G118/><T71/><D71/><U11/><E19/><V111/><F111/><W65/><G65/><N who="0" m="39087" /><D59/><U42/><REACH who="1" step="1"/><E4/><REACH who="1" ten="250,240,240,250" step="2"/><V105/><F105/><W5/><G5/><T94/><AGARI ba="0,2" hai="28,29,40,45,49,77,83,84,94,98,102" m="39087" machi="94" ten="30,3000,0" yaku="8,1,52,1" doraHai="43" who="0" fromWho="0" sc="250,50,240,-10,240,-10,250,-10" /><INIT seed="0,1,0,4,3,37" ten="300,230,230,240" oya="0" hai0="75,117,126,59,97,130,87,56,96,79,50,54,9" hai1="16,31,78,43,63,21,95,20,129,93,89,81,131" hai2="92,99,26,17,18,14,69,116,33,38,73,108,45" hai3="52,13,24,48,60,10,5,118,85,80,34,2,25"/><T104/><D117/><U12/><E63/><V106/><F106/><W123/><G118/><T86/><D75/><U28/><E43/><V77/><F69/><W133/><G133/><T72/><D72/><U110/><E110/><V44/><F116/><W111/><G111/><T40/><D126/><U15/><E81/><V65/><F65/><W76/><G123/><T135/><D130/><N who="1" m="49675" /><E78/><V7/><F77/><W91/><G34/><T100/><D135/><U32/><E32/><V22/><F33/><W82/><G60/><T6/><D97/><N who="1" m="57519" /><E95/><V103/><F73/><W53/><G2/><T68/><D68/><U94/><E94/><V120/><F120/><W71/><G71/><T132/><D79/><U11/><E21/><N who="2" m="13615" /><F38/><W66/><G66/><T114/><D132/><U49/><E49/><V127/><F108/><W83/><G53/><T124/><D124/><U55/><E55/><V61/><F61/><W3/><G3/><T4/><D54/><U98/><E98/><V109/><F109/><W23/><G23/><T115/><D96/><U90/><E90/><V64/><F64/><W46/><REACH who="3" step="1"/><G83/><REACH who="3" ten="300,230,230,230" step="2"/><T51/><D114/><U1/><E1/><V29/><F127/><W62/><G62/><T36/><D115/><U39/><E39/><V112/><F112/><W41/><G41/><T27/><D40/><U8/><E20/><V30/><F30/><W101/><G101/><T0/><D100/><U88/><E31/><V113/><F29/><W84/><AGARI ba="1,1" hai="5,10,13,24,25,46,48,52,76,80,82,84,85,91" machi="84" ten="20,12000,2" yaku="1,1,0,1,7,1,8,1,54,1,53,1" doraHai="37" doraHaiUra="47" who="3" fromWho="3" sc="300,-61,230,-31,230,-31,230,133" /><INIT seed="1,0,0,3,0,1" ten="239,199,199,363" oya="1" hai0="92,72,49,119,36,77,28,131,48,127,64,2,13" hai1="85,124,97,54,25,109,89,40,11,42,117,45,104" hai2="43,123,61,5,88,39,3,44,114,7,125,107,100" hai3="62,63,130,35,21,115,87,33,122,118,82,121,29"/><U98/><E117/><V53/><F123/><W10/><G115/><T51/><D2/><U78/><E124/><V99/><F125/><W76/><G118/><T22/><D119/><U56/><E109/><V83/><F114/><W112/><G112/><T80/><D127/><U15/><E25/><V27/><F3/><W105/><G105/><T4/><D131/><U132/><E132/><V96/><F27/><W69/><G130/><T41/><D64/><U65/><E65/><V37/><F37/><W68/><G21/><T133/><D133/><U8/><E8/><V59/><REACH who="2" step="1"/><F83/><REACH who="2" ten="239,199,189,363" step="2"/><W120/><G82/><T111/><D36/><U94/><E104/><V128/><F128/><W55/><G121/><T20/><D80/><N who="1" m="47255" /><E45/><V66/><F66/><W106/><G122/><T126/><D126/><U71/><E71/><V0/><F0/><W23/><G69/><T18/><D111/><U73/><E73/><V113/><F113/><W75/><G75/><T129/><D72/><U12/><E12/><V60/><F60/><W52/><G63/><T16/><D13/><U46/><E46/><V17/><F17/><W24/><G62/><T30/><D18/><N who="1" m="8575" /><E98/><V103/><F103/><W102/><G68/><T57/><D129/><U110/><E110/><V74/><F74/><W31/><G120/><T91/><D16/><U32/><E32/><V38/><F38/><W84/><G35/><T116/><D116/><U90/><E90/><V86/><F86/><W81/><G87/><T135/><D91/><U95/><E95/><AGARI ba="0,1" hai="5,7,39,43,44,53,59,61,88,95,96,99,100,107" machi="95" ten="40,8000,1" yaku="1,1,52,2,54,1,53,0" doraHai="1" doraHaiUra="34" who="2" fromWho="1" sc="239,0,199,-80,189,90,363,0" /><INIT seed="2,0,0,2,4,47" ten="239,119,279,363" oya="2" hai0="0,125,100,34,70,87,98,71,4,74,94,49,17" hai1="68,96,30,22,85,115,116,72,106,41,44,39,97" hai2="26,107,118,108,35,80,40,102,45,113,83,20,103" hai3="109,9,6,130,54,117,15,61,37,134,25,99,51"/><V13/><F113/><W36/><G117/><T11/><D74/><U29/><E115/><V65/><F118/><W82/><G109/><T79/><D125/><U91/><E72/><V32/><F65/><W126/><G126/><T111/><D111/><U114/><E114/><V14/><F108/><W8/><G130/><T66/><D34/><U48/><E68/><V88/><F107/><W27/><G134/><T104/><D66/><U95/><E116/><V64/><F64/><W86/><G61/><T122/><D122/><U63/><E63/><V21/><F45/><N who="3" m="28015" /><G37/><T60/><D60/><U92/><E39/><V84/><F84/><W78/><G36/><T89/><D79/><U81/><E106/><V23/><F23/><W5/><G99/><T129/><D129/><U56/><E56/><V76/><F26/><N who="3" m="9739" /><G9/><T131/><D131/><U57/><E57/><V43/><F76/><W128/><G128/><T123/><D123/><U50/><E50/><V77/><F77/><W62/><G62/><T16/><REACH who="0" step="1"/><D49/><REACH who="0" ten="229,119,279,363" step="2"/><U31/><REACH who="1" step="1"/><E22/><REACH who="1" ten="229,109,279,363" step="2"/><V110/><F110/><W42/><G42/><T90/><D90/><AGARI ba="0,2" hai="13,14,20,21,32,35,40,43,80,83,88,90,102,103" machi="90" ten="25,4800,0" yaku="22,2,54,1" doraHai="47" who="2" fromWho="0" sc="229,-48,109,0,279,68,363,0" /><INIT seed="2,1,0,0,5,101" ten="181,109,347,363" oya="2" hai0="49,56,117,130,43,2,58,25,88,62,33,65,112" hai1="122,114,4,100,8,132,76,103,28,92,19,32,3" hai2="34,104,12,74,96,36,7,126,75,69,51,42,68" hai3="22,50,35,107,20,24,47,60,17,98,23,91,10"/><V84/><F51/><W134/><G134/><T57/><D112/><U93/><E114/><V135/><F84/><W120/><G120/><T97/><D2/><U59/><E132/><V105/><F135/><W66/><G35/><T39/><D130/><U86/><E122/><V111/><F12/><W82/><G10/><T124/><D124/><U89/><E76/><V44/><F7/><W31/><G17/><T18/><D39/><U133/><E133/><V106/><F96/><W108/><G108/><T13/><D117/><U79/><E79/><V0/><F0/><W29/><G29/><T61/><D33/><U37/><E37/><V102/><F102/><W128/><G128/><T81/><D25/><U67/><E93/><V45/><F45/><W85/><G107/><T80/><D49/><U129/><E129/><V90/><F90/><W16/><G98/><T94/><D43/><U55/><E67/><V48/><F126/><W95/><G31/><T71/><REACH who="0" step="1"/><D62/><REACH who="0" ten="171,109,347,363" step="2"/><U14/><E32/><V77/><F34/><W109/><G109/><T110/><D110/><U53/><E28/><V21/><F111/><W113/><G113/><T119/><D119/><U87/><E87/><V27/><F36/><W38/><G38/><T72/><D72/><U73/><E73/><V52/><F42/><W118/><G118/><T11/><AGARI ba="1,1" hai="11,13,18,56,57,58,61,65,71,80,81,88,94,97" machi="11" ten="30,4000,0" yaku="1,1,0,1,54,1,53,0" doraHai="101" doraHaiUra="127" who="0" fromWho="0" sc="171,53,109,-11,347,-21,363,-11" /><INIT seed="3,0,0,0,1,96" ten="224,98,326,352" oya="3" hai0="78,131,83,70,10,85,129,91,94,101,88,135,16" hai1="119,3,27,73,28,1,72,120,97,112,80,111,63" hai2="64,18,41,20,8,11,103,47,15,4,69,48,54" hai3="32,62,39,113,128,79,116,51,52,74,89,38,99"/><W34/><G113/><T71/><D135/><U125/><E120/><V115/><F115/><W25/><G116/><T55/><D55/><U102/><E112/><V56/><F103/><W9/><G128/><N who="0" m="49227" /><D91/><U58/><E119/><V46/><F11/><W29/><G9/><T21/><D10/><U31/><E111/><V118/><F118/><W57/><G34/><T105/><D105/><U33/><E31/><V82/><F69/><W65/><G79/><T77/><D101/><U59/><E125/><V12/><F64/><W90/><G74/><N who="0" m="43447" /><D78/><U0/><E80/><V24/><F82/><W43/><G43/><T100/><D100/><U87/><E87/><V117/><F117/><W108/><G108/><T61/><D61/><U37/><E73/><V45/><REACH who="2" step="1"/><F15/><AGARI ba="0,0" hai="15,16,21,70,71,85,88,94" m="43447,49227" machi="15" ten="30,3900,0" yaku="19,1,54,2" doraHai="96" who="0" fromWho="2" sc="224,39,98,0,326,-39,352,0" owari="263,-13.7,98,-40.2,287,8.7,352,45.2" /></mjloggm>