<mjloggm ver="2.3"><GO type="225" lobby="0"/><UN n0="%E5%BA%97%E9%95%B7%4D" n1="%72%69%6F%75%63%68%61%6E" n2="%6D%75%75%73%61%6E%6D%75" n3="%E6%B8%A9%E2%98%85%E6%83%85%E2%98%85%E6%8E%AA%E2%98%85%E7%BD%AE" dan="16,16,17,17" rate="2071.96,2206.52,2163.50,2165.62" sx="M,M,F,M"/><TAIKYOKU oya="0"/><INIT seed="0,0,0,5,5,90" ten="250,250,250,250" oya="0" hai0="134,13,41,1,110,45,53,16,52,100,63,4,37" hai1="28,56,38,106,23,12,77,11,47,120,115,55,34" hai2="66,113,70,81,124,14,94,71,49,95,40,20,5" hai3="129,3,74,125,84,98,126,42,7,123,27,6,31"/><T24/><D134/><U50/><E120/><V64/><F113/><W36/><G74/><T86/><D110/><U107/><E115/><V108/><F108/><W103/><G123/><T44/><D100/><U91/><E34/><V116/><F124/><N who="3" m="47723" /><G129/><T133/><D133/><U9/><E77/><V135/><F135/><W101/><G3/><T82/><D24/><U22/><E9/><N who="2" m="4399" /><F71/><W21/><G84/><T61/><D4/><N who="3" m="1577" /><G98/><T83/><D1/><U92/><E28/><V30/><F70/><W79/><G79/><T60/><D45/><AGARI ba="0,0" hai="21,27,31,36,42,45,101,103" m="1577,47723" machi="45" ten="30,1000,0" yaku="18,1" doraHai="90" who="3" fromWho="0" sc="250,-10,250,0,250,0,250,10" /><INIT seed="1,0,0,5,0,24" ten="240,250,250,260" oya="1" hai0="18,53,45,78,4,102,85,37,2,120,87,17,91" hai1="23,0,99,69,108,61,128,34,126,46,19,65,9" hai2="89,10,127,125,47,122,13,6,86,110,48,80,113" hai3="73,118,83,32,76,26,43,58,119,28,96,88,130"/><U41/><E126/><V57/><F122/><W111/><G111/><T105/><D120/><U107/><E128/><V97/><F110/><W66/><G130/><T52/><D4/><U33/><E108/><V15/><F113/><W114/><G114/><T82/><D2/><U22/><E22/><V94/><F57/><W64/><G43/><T106/><D37/><U75/><E75/><V116/><F116/><N who="3" m="44587" /><G58/><T25/><D25/><U109/><E109/><V38/><F38/><W7/><G7/><T55/><D45/><U67/><E67/><V133/><F15/><W70/><G70/><T135/><D135/><U3/><E3/><V90/><REACH who="2" step="1"/><F133/><REACH who="2" ten="240,250,240,260" step="2"/><W29/><G66/><T14/><D102/><U11/><E0/><V35/><F35/><W104/><G64/><T54/><N who="0" m="13312" /><DORA hai="77" /><T40/><D40/><AGARI ba="0,1" hai="6,10,13,40,47,48,80,86,89,90,94,97,125,127" machi="40" ten="40,2600,0" yaku="1,1,52,1,53,0" doraHai="24,77" doraHaiUra="49,21" who="2" fromWho="0" sc="240,-26,250,0,240,36,260,0" /><INIT seed="2,0,0,1,2,92" ten="214,250,276,260" oya="2" hai0="100,60,89,73,16,131,39,6,33,94,20,124,127" hai1="37,40,122,65,5,67,110,70,44,24,108,123,135" hai2="54,88,72,93,23,59,133,81,101,25,58,76,35" hai3="15,116,22,26,19,91,28,10,4,41,125,48,111"/><V115/><F115/><W50/><G116/><T53/><D33/><U1/><E24/><V109/><F133/><W106/><G106/><T126/><D39/><U105/><E105/><V34/><F109/><N who="1" m="42089" /><E5/><V69/><F69/><W97/><G111/><T29/><D73/><U32/><E32/><V87/><F101/><W31/><G125/><T13/><D29/><N who="3" m="11337" /><G41/><T98/><D6/><U27/><E27/><V11/><F11/><W18/><G4/><T74/><D74/><U128/><E1/><V107/><F107/><W42/><G42/><T95/><D131/><U57/><E135/><V2/><F2/><W36/><G36/><T62/><REACH who="0" step="1"/><D53/><REACH who="0" ten="204,250,276,260" step="2"/><U99/><E128/><V114/><F35/><W52/><G52/><T84/><AGARI ba="0,1" hai="13,16,20,60,62,84,89,94,95,98,100,124,126,127" machi="84" ten="30,12000,2" yaku="1,1,2,1,0,1,18,1,52,1,54,1,53,0" doraHai="92" doraHaiUra="3" who="0" fromWho="0" sc="204,130,250,-30,276,-60,260,-30" /><INIT seed="3,0,0,5,3,70" ten="334,220,216,230" oya="3" hai0="50,100,17,42,95,51,45,112,49,107,48,35,5" hai1="60,26,22,129,81,105,126,77,40,16,65,0,25" hai2="120,66,27,18,63,80,86,28,128,36,47,89,111" hai3="94,131,121,14,33,24,90,72,113,91,108,46,20"/><W19/><G121/><T11/><D35/><U118/><E0/><V110/><F120/><W124/><G113/><T122/><D122/><U8/><E105/><V85/><F128/><W98/><G72/><T92/><D112/><U97/><E129/><V117/><F117/><W54/><G131/><T39/><D17/><U31/><E118/><V78/><F18/><W59/><G108/><N who="2" m="41513" /><F36/><W119/><G119/><T4/><D4/><U68/><E126/><V82/><F47/><W61/><G124/><T10/><D10/><U87/><E40/><V96/><F96/><W115/><G115/><T101/><D39/><U133/><E133/><V43/><F43/><W32/><G46/><T7/><D7/><U52/><E97/><V41/><F41/><W73/><G73/><T56/><D56/><N who="1" m="34823" /><E68/><N who="2" m="42079" /><F28/><W69/><G69/><T30/><D30/><U23/><E8/><V13/><F13/><W71/><G71/><T37/><D37/><U58/><E58/><V57/><F57/><W103/><G14/><N who="0" m="5487" /><D107/><U38/><E38/><V64/><F27/><W125/><G125/><T3/><D3/><U75/><E75/><V79/><F64/><AGARI ba="0,0" hai="16,22,23,25,26,31,64,65,77,81,87" m="34823" machi="64" ten="30,3900,0" yaku="8,1,54,2" doraHai="70" who="1" fromWho="2" sc="334,0,220,39,216,-39,230,0" owari="334,43.4,259,5.9,177,-32.3,230,-17.0" /></mjloggm>