<mjloggm ver="2.3"><GO type="225" lobby="0"/><UN n0="%E3%82%82%E3%81%90%E3%82%89" n1="%E3%83%B4%E3%83%A0%EF%BC%99%E3%81%A6" n2="%6E%69%63%6B%6C%6F%77" n3="%E6%B5%81%E3%82%8C%EF%BC%9F%53%4F%41" dan="17,17,16,16" rate="2216.54,2219.26,2115.76,2125.97" sx="M,M,M,M"/><TAIKYOKU oya="0"/><INIT seed="0,0,0,0,4,43" ten="250,250,250,250" oya="0" hai0="59,62,125,79,132,107,58,32,42,134,126,86,75" hai1="46,131,57,123,117,36,14,76,115,52,44,124,112" hai2="93,88,24,68,113,22,103,130,83,101,38,56,3" hai3="11,40,51,27,15,74,60,97,128,72,35,95,121"/><T2/><D2/><U70/><E117/><V78/><F68/><W39/><G39/><T64/><D32/><U45/><E123/><V47/><F3/><W48/><G128/><T96/><D75/><U37/><E131/><V23/><F23/><W28/><G60/><T129/><D79/><U18/><E76/><V61/><F113/><N who="1" m="43593" /><E124/><N who="0" m="47721" /><D86/><U53/><E70/><V73/><F130/><W67/><G67/><T19/><D129/><U104/><E104/><V71/><F71/><W81/><G81/><T69/><D19/><U0/><E0/><V92/><F92/><W77/><G77/><T26/><D26/><U34/><E34/><V41/><F56/><N who="0" m="21546" /><D96/><U33/><E33/><V91/><F61/><W109/><G121/><T119/><D107/><U100/><E100/><V16/><F91/><W10/><G97/><AGARI ba="0,0" hai="16,22,24,38,41,47,73,78,83,88,93,97,101,103" machi="97" ten="30,7700,0" yaku="7,1,52,1,54,2" doraHai="43" who="2" fromWho="3" sc="250,0,250,0,250,77,250,-77" /><INIT seed="1,0,0,5,4,93" ten="250,250,327,173" oya="1" hai0="60,62,5,123,53,12,16,77,45,51,33,108,89" hai1="48,87,63,113,73,74,115,17,41,3,70,67,13" hai2="29,42,98,37,104,43,11,128,109,103,69,90,130" hai3="31,129,127,134,106,117,81,91,34,21,59,94,132"/><U118/><E118/><V71/><F109/><W110/><G34/><T19/><D33/><U58/><E3/><V30/><F11/><W44/><G106/><T32/><D32/><U120/><E120/><V80/><F80/><W79/><G44/><T83/><D108/><U26/><E26/><V61/><F90/><W18/><G31/><N who="2" m="11785" /><F61/><N who="0" m="23658" /><D77/><U55/><E41/><N who="2" m="15371" /><F37/><W6/><G59/><T75/><D75/><U86/><E73/><V131/><AGARI ba="0,0" hai="69,71,98,103,104,128,130,131" m="15371,11785" machi="131" ten="40,2700,0" yaku="19,1,52,1" doraHai="93" who="2" fromWho="2" sc="250,-7,250,-13,327,27,173,-7" /><INIT seed="2,0,0,5,2,58" ten="243,237,354,166" oya="2" hai0="74,33,111,89,39,50,126,25,4,0,54,90,130" hai1="125,3,12,15,116,105,52,109,23,73,47,41,21" hai2="118,43,20,112,19,84,68,69,10,88,77,87,122" hai3="8,132,32,93,92,2,80,129,60,9,91,16,49"/><V64/><F112/><W13/><G129/><T102/><D39/><U85/><E116/><V46/><F118/><W107/><G107/><T45/><D130/><U82/><E3/><V133/><F122/><W66/><G32/><T71/><D111/><U57/><E105/><V11/><F84/><N who="3" m="50567" /><G2/><T53/><D74/><U103/><E103/><V37/><F77/><W35/><G35/><T67/><D102/><U95/><E95/><N who="3" m="36426" /><G132/><T14/><D0/><U26/><E73/><V34/><F34/><W61/><G66/><T24/><D126/><U59/><E125/><V63/><F69/><W78/><G78/><T106/><D106/><U72/><E72/><V96/><F96/><W28/><G28/><T124/><D124/><U104/><E104/><V110/><F110/><W98/><G98/><T17/><D67/><U76/><E109/><V75/><F75/><W100/><G100/><T79/><D71/><U97/><E97/><V134/><F134/><W99/><G99/><T38/><D38/><U123/><E123/><V6/><F6/><N who="3" m="3223" /><G49/><N who="0" m="28847" /><D4/><U30/><E76/><V120/><F120/><W65/><G65/><T42/><D33/><U119/><E119/><V18/><F18/><W51/><G51/><T62/><D89/><U44/><E85/><V94/><REACH who="2" step="1"/><F133/><REACH who="2" ten="243,237,344,166" step="2"/><W5/><G5/><T117/><D79/><U81/><E81/><V121/><F121/><W40/><G40/><T83/><D117/><U22/><E82/><V31/><F31/><W114/><G114/><T101/><D42/><U131/><E41/><V127/><F127/><W128/><G128/><T36/><D17/><RYUUKYOKU ba="0,1" sc="243,-15,237,-15,344,15,166,15" hai2="10,11,19,20,37,43,46,63,64,68,87,88,94" hai3="9,16,60,61" /><INIT seed="2,1,1,1,2,13" ten="228,222,359,181" oya="2" hai0="12,98,18,0,95,46,65,116,102,53,115,112,38" hai1="118,101,40,6,105,89,19,117,134,122,79,25,92" hai2="58,49,51,129,71,70,74,103,85,114,29,64,39" hai3="5,111,124,21,132,17,37,1,91,78,10,77,48"/><V73/><F114/><W100/><G111/><T106/><D0/><U125/><E6/><V83/><F39/><W68/><G37/><T133/><D133/><U36/><E79/><V87/><F29/><W75/><G132/><T14/><D116/><U9/><E134/><V16/><F103/><W63/><G100/><T20/><D65/><U59/><E59/><V47/><F129/><W90/><G124/><T52/><D106/><U61/><E61/><V24/><F74/><W107/><G107/><T3/><D3/><U127/><E122/><V69/><F73/><W35/><G35/><T43/><REACH who="0" step="1"/><D12/><REACH who="0" ten="218,222,359,181" step="2"/><N who="1" m="7567" /><E117/><V27/><F64/><W4/><G1/><T135/><D135/><U128/><E118/><V15/><F71/><W42/><G68/><T8/><D8/><U66/><E66/><V23/><F70/><W26/><G10/><T45/><D45/><U113/><E113/><AGARI ba="1,2" hai="14,18,20,38,43,46,52,53,95,98,102,112,113,115" machi="113" ten="40,5200,0" yaku="1,1,52,1,54,1,53,0" doraHai="13" doraHaiUra="55" who="0" fromWho="1" sc="218,75,222,-55,359,0,181,0" /><INIT seed="3,0,0,4,1,21" ten="293,167,359,181" oya="3" hai0="56,76,18,91,97,14,77,32,26,68,60,128,103" hai1="108,119,88,30,79,48,23,7,110,66,112,99,37" hai2="115,86,44,105,25,34,33,102,64,52,65,36,135" hai3="81,62,125,117,123,41,29,58,116,45,27,85,9"/><W35/><G123/><T47/><D91/><U28/><E112/><V82/><F115/><W57/><G125/><T11/><D128/><U22/><E37/><V93/><F105/><W50/><G9/><T101/><D101/><U118/><E79/><V46/><F36/><W5/><G5/><T100/><D100/><U87/><E7/><V72/><F72/><W39/><G39/><T126/><D47/><N who="2" m="17962" /><F34/><W19/><G19/><T3/><D3/><U120/><E120/><V132/><F52/><W84/><G84/><T15/><D15/><U133/><E48/><V10/><F10/><W67/><REACH who="3" step="1"/><G57/><REACH who="3" ten="293,167,359,171" step="2"/><T59/><D59/><U24/><E99/><V53/><F135/><W113/><G113/><T13/><D56/><U134/><E134/><V107/><F86/><W0/><G0/><T8/><D126/><U43/><E133/><V51/><F132/><W70/><G70/><T75/><D68/><U31/><E118/><V73/><F73/><W127/><G127/><T122/><D75/><U1/><E1/><V71/><F71/><W89/><AGARI ba="0,1" hai="27,29,35,41,45,50,58,62,67,81,85,89,116,117" machi="89" ten="20,7800,0" yaku="1,1,0,1,7,1,52,1,53,0" doraHai="21" doraHaiUra="90" who="3" fromWho="3" sc="293,-26,167,-26,359,-26,171,88" /><INIT seed="3,1,0,0,3,54" ten="267,141,333,259" oya="3" hai0="39,119,132,28,11,80,66,135,77,96,35,59,43" hai1="91,61,67,12,8,50,63,117,37,106,62,26,0" hai2="44,64,30,102,14,126,105,134,5,9,94,58,22" hai3="133,95,18,21,116,123,129,47,127,56,40,131,89"/><W29/><G123/><T10/><D119/><U24/><E37/><V120/><F105/><W90/><G116/><T83/><D96/><U109/><E117/><V49/><F120/><W51/><G29/><T36/><D28/><U88/><E106/><V92/><F126/><W122/><G122/><T121/><D35/><U48/><E109/><V13/><F134/><N who="0" m="51242" /><D121/><U103/><E103/><V3/><F3/><W72/><G72/><N who="0" m="43047" /><D83/><U93/><E0/><V104/><F104/><W6/><G6/><T68/><D68/><U75/><E75/><V7/><F102/><W65/><G127/><T97/><D97/><U25/><E67/><V81/><F81/><W71/><G71/><T23/><D23/><U110/><E110/><V107/><F107/><W73/><G73/><T53/><D66/><U78/><E78/><V84/><F84/><W34/><G34/><T108/><D108/><U118/><E118/><V20/><F20/><W114/><G114/><T41/><D39/><U101/><E101/><V31/><F31/><W33/><G33/><T32/><D32/><U112/><E112/><V57/><F64/><W100/><G100/><T46/><D41/><U27/><N who="1" m="6144" /><DORA hai="52" /><U76/><E76/><V16/><F5/><W19/><G90/><T130/><D130/><N who="3" m="49673" /><G21/><T86/><D86/><U15/><E91/><V17/><F7/><W1/><G1/><T69/><D69/><U4/><REACH who="1" step="1"/><E12/><REACH who="1" ten="267,131,333,259" step="2"/><V111/><F30/><W42/><G133/><T115/><D115/><U125/><E125/><V74/><F111/><W113/><G113/><T82/><D82/><U128/><E128/><RYUUKYOKU ba="1,1" sc="267,15,131,15,333,-15,259,-15" hai0="10,11,36,43,46,53,59" hai1="4,8,15,48,50,61,62,63,88,93" owari="282,8.2,146,-35.4,328,42.8,244,-15.6" /></mjloggm>