<mjloggm ver="2.3"><GO type="225" lobby="0"/><UN n0="%E8%B6%85%E7%B4%9A%E9%B3%B3%E5%87%B0" n1="%E5%A4%9C%E5%85%89%E5%A4%A9%E6%A5%BC" n2="%E3%81%BF%E3%81%BF%E3%81%9A" n3="%E3%81%84%E3%82%84%E3%81%95%E3%81%95%E3%82%93%E3%81%A0%E3%82%88" dan="17,17,18,16" rate="2171.58,2161.63,2280.44,2057.02" sx="F,F,M,M"/><TAIKYOKU oya="0"/><INIT seed="0,0,0,0,5,58" ten="250,250,250,250" oya="0" hai0="64,108,39,41,68,121,82,10,120,79,119,46,109" hai1="6,19,135,11,130,15,9,99,37,29,38,48,75" hai2="125,32,104,134,103,87,85,44,128,91,71,14,36" hai3="113,50,114,117,24,17,123,33,65,89,127,83,20"/><T78/><D119/><U3/><E75/><V43/><F32/><W52/><G117/><T100/><D100/><U80/><E130/><V56/><F71/><W118/><G118/><T106/><D106/><U25/><E135/><V129/><F134/><W21/><G127/><T28/><D28/><U23/><E99/><N who="2" m="61567" /><F125/><W111/><G33/><T7/><D79/><U26/><E80/><V69/><F69/><W72/><G65/><T59/><D59/><U95/><E95/><V76/><F76/><W63/><G111/><N who="0" m="42571" /><D64/><U61/><E48/><V13/><F56/><W93/><G123/><T102/><D102/><U55/><E55/><V12/><F91/><W4/><G113/><T132/><D68/><U45/><E45/><V18/><F18/><W51/><G114/><T2/><D132/><U49/><E49/><V98/><F98/><W62/><G51/><T110/><N who="0" m="42579" /><T40/><DORA hai="22" /><D40/><U27/><REACH who="1" step="1"/><E61/><REACH who="1" ten="250,240,250,250" step="2"/><V77/><F77/><W112/><G62/><T131/><D131/><AGARI ba="0,1" hai="12,13,14,36,43,44,85,87,128,129,131" m="61567" machi="131" ten="30,1000,0" yaku="19,1" doraHai="58,22" who="2" fromWho="0" sc="250,-10,240,0,250,20,250,0" /><INIT seed="1,0,0,5,1,72" ten="240,240,270,250" oya="1" hai0="113,9,71,135,85,91,97,21,35,41,101,123,63" hai1="24,117,131,84,7,109,119,11,83,122,127,111,67" hai2="129,94,96,50,20,33,126,44,102,79,130,22,65" hai3="42,4,92,16,3,104,38,89,124,26,82,59,1"/><U69/><E122/><V120/><F120/><W43/><G104/><T125/><D123/><U70/><E24/><V98/><F33/><W105/><G105/><T0/><D113/><U39/><E39/><V68/><F126/><W48/><G124/><T60/><D125/><U103/><E103/><V56/><F68/><N who="1" m="26217" /><E67/><V86/><F98/><W6/><G3/><T23/><D35/><U64/><E64/><V12/><F56/><W46/><G1/><T100/><D135/><U73/><E127/><V76/><F65/><W27/><G82/><T8/><D71/><U55/><E55/><V54/><F86/><W15/><G59/><T116/><D116/><N who="1" m="44619" /><E84/><V49/><F49/><W17/><G38/><T34/><D34/><U28/><E28/><V31/><F31/><W45/><G42/><T25/><D85/><U118/><E118/><V53/><F53/><W112/><G112/><T107/><D25/><U19/><E19/><N who="2" m="10343" /><F22/><W108/><G43/><T10/><D41/><U62/><E62/><V40/><F54/><W5/><G48/><T36/><D36/><U121/><E121/><V2/><F2/><W32/><G32/><T57/><D0/><N who="1" m="487" /><E131/><AGARI ba="0,0" hai="40,44,50,76,79,94,96,102,129,130,131" m="10343" machi="131" ten="30,3900,0" yaku="19,1,52,2" doraHai="72" who="2" fromWho="1" sc="240,0,240,-39,270,39,250,0" /><INIT seed="2,0,0,0,5,6" ten="240,201,309,250" oya="2" hai0="83,7,10,85,120,3,34,15,76,57,12,8,90" hai1="81,86,52,65,38,53,41,110,33,102,78,25,42" hai2="47,1,59,44,130,93,54,63,11,0,18,36,122" hai3="94,129,113,60,68,17,37,134,104,101,97,75,30"/><V119/><F119/><W29/><G37/><T13/><D120/><U55/><E110/><V51/><F122/><W48/><G129/><T39/><D39/><U35/><E65/><V45/><F130/><W99/><G75/><T115/><D115/><U84/><E102/><V69/><F93/><W77/><G113/><T31/><D57/><U103/><E103/><V74/><F74/><W9/><G77/><T92/><D31/><U62/><E62/><V89/><F89/><W61/><G48/><T43/><D43/><U121/><E121/><V2/><F36/><W100/><G134/><T107/><D34/><U16/><E84/><V105/><F105/><W127/><G127/><T88/><D107/><U87/><E87/><V26/><F69/><W27/><G68/><T14/><REACH who="0" step="1"/><D92/><REACH who="0" ten="230,201,309,250" step="2"/><U128/><E128/><V95/><F95/><W123/><G123/><T5/><AGARI ba="0,1" hai="3,5,7,8,10,12,13,14,15,76,83,85,88,90" machi="5" ten="30,12000,2" yaku="1,1,2,1,0,1,52,2,54,1,53,1" doraHai="6" doraHaiUra="32" who="0" fromWho="0" sc="230,130,201,-30,309,-60,250,-30" /><INIT seed="3,0,0,4,5,14" ten="360,171,249,220" oya="3" hai0="9,87,115,114,49,1,66,65,124,122,128,76,62" hai1="112,119,93,25,71,104,6,73,2,16,75,21,134" hai2="40,91,96,24,46,56,43,0,33,94,88,23,7" hai3="103,28,27,50,107,47,34,68,77,131,8,30,70"/><W26/><G131/><T123/><D128/><U121/><E121/><V53/><F33/><W67/><G77/><T60/><D124/><U120/><E120/><N who="0" m="46121" /><D49/><U58/><E71/><V63/><F0/><W78/><G78/><T13/><D1/><U61/><E104/><V99/><F7/><W45/><G45/><T41/><D41/><U110/><E119/><V12/><F12/><W74/><G74/><T132/><D132/><U17/><E134/><V89/><F46/><W101/><G8/><T72/><D72/><U37/><E37/><V125/><F125/><W29/><G107/><T111/><D111/><U86/><E110/><V18/><F99/><W52/><G30/><T90/><D76/><U59/><E6/><V39/><F39/><W42/><G42/><AGARI ba="0,0" hai="18,23,24,40,42,43,53,56,63,88,89,91,94,96" machi="42" ten="40,8000,1" yaku="25,2,8,1,52,1,54,1" doraHai="14" who="2" fromWho="3" sc="360,0,171,0,249,80,220,-80" owari="360,46.0,171,-22.9,329,12.9,140,-36.0" /></mjloggm>