<mjloggm ver="2.3"><GO type="225" lobby="0"/><UN n0="%E7%99%BD%E6%97%A5%E9%9B%AA%E8%8F%9C" n1="%E3%81%82%E3%81%99%E3%81%AB%E3%82%83%E3%82%80" n2="%E7%99%BD%E9%9B%AA%E4%B9%83%E6%84%9B" n3="%E3%81%86%E3%81%A3%E3%81%97%E3%83%BC%30%30" dan="16,16,16,16" rate="2183.59,2133.30,2064.61,2097.98" sx="M,F,F,M"/><TAIKYOKU oya="0"/><INIT seed="0,0,0,3,1,93" ten="250,250,250,250" oya="0" hai0="60,95,3,98,121,94,32,118,51,62,26,19,99" hai1="91,23,37,58,15,100,135,85,86,132,10,61,53" hai2="16,1,128,119,44,104,6,76,13,45,79,12,117" hai3="21,89,54,130,88,17,59,7,4,80,101,57,66"/><T134/><D118/><N who="2" m="45066" /><F104/><W56/><G130/><T20/><D121/><U123/><E123/><V111/><F1/><W116/><G116/><T33/><D3/><U69/><E37/><V110/><F6/><N who="3" m="2091" /><G101/><T81/><D134/><N who="1" m="51243" /><E23/><N who="2" m="11655" /><F13/><N who="3" m="9391" /><G66/><T49/><D81/><U74/><E74/><V84/><F128/><W131/><G131/><T14/><D14/><U31/><E31/><V82/><F79/><W71/><G71/><T72/><D72/><U124/><E124/><V47/><AGARI ba="0,0" hai="44,45,47,76,82,84,110,111" m="11655,45066" machi="47" ten="40,2700,0" yaku="12,1,54,1" doraHai="93" who="2" fromWho="2" sc="250,-13,250,-7,250,27,250,-7" /><INIT seed="1,0,0,2,5,73" ten="237,243,277,243" oya="1" hai0="85,22,1,21,99,8,119,117,53,132,71,41,59" hai1="72,57,50,28,65,122,121,25,19,82,96,37,43" hai2="31,27,51,118,45,11,81,15,10,135,16,91,107" hai3="55,89,66,29,69,124,126,38,6,84,123,13,23"/><U98/><E37/><V61/><F118/><W90/><G123/><T49/><D71/><U74/><E19/><V58/><F107/><W120/><G120/><T110/><D110/><U93/><E122/><V3/><F135/><W111/><G111/><T109/><D109/><U54/><E121/><V129/><F129/><W12/><G38/><T94/><D132/><U113/><E113/><V17/><F3/><W125/><G55/><T33/><D33/><U18/><E18/><V26/><F10/><N who="3" m="4183" /><G84/><T60/><D85/><U106/><E82/><V114/><F17/><N who="3" m="10671" /><G29/><T88/><D117/><U46/><E65/><N who="2" m="39095" /><F31/><W108/><G108/><T100/><D119/><U112/><E112/><V79/><F79/><W97/><G97/><T39/><D39/><U75/><E106/><V87/><F114/><W131/><G131/><T78/><D78/><U20/><REACH who="1" step="1"/><E93/><REACH who="1" ten="237,233,277,243" step="2"/><V130/><F130/><W68/><G66/><T14/><D94/><U63/><AGARI ba="0,1" hai="20,25,28,43,46,50,54,57,63,72,74,75,96,98" machi="63" ten="30,6000,0" yaku="1,1,2,1,0,1,53,0" doraHai="73" doraHaiUra="0" who="1" fromWho="1" sc="237,-20,233,70,277,-20,243,-20" /><INIT seed="1,1,0,4,2,55" ten="217,303,257,223" oya="1" hai0="13,119,47,5,110,34,24,101,88,84,91,67,78" hai1="123,58,53,4,71,48,93,128,112,90,100,1,118" hai2="57,113,76,31,125,122,10,124,92,86,45,65,37" hai3="2,36,73,32,117,66,14,121,22,109,126,115,82"/><U29/><E112/><V60/><F122/><W18/><RYUUKYOKU type="yao9" ba="1,0" sc="217,0,303,0,257,0,223,0" hai3="2,14,18,22,32,36,66,73,82,109,115,117,121,126" /><INIT seed="1,2,0,2,1,51" ten="217,303,257,223" oya="1" hai0="92,74,22,26,102,37,63,89,57,117,59,105,56" hai1="20,30,123,58,122,25,9,43,87,45,31,133,28" hai2="86,3,96,55,84,53,12,81,64,121,7,77,107" hai3="135,68,50,52,126,46,8,72,33,1,83,71,127"/><U70/><E70/><V6/><F121/><W134/><G33/><T10/><D117/><U94/><E133/><N who="3" m="50698" /><G72/><T65/><D37/><U76/><E9/><V67/><F3/><W13/><G83/><T101/><D74/><U19/><E58/><N who="0" m="22633" /><D10/><U2/><E2/><V90/><F12/><W15/><G15/><T11/><D11/><U103/><E76/><V111/><F111/><W130/><G1/><T124/><D124/><N who="3" m="47657" /><G130/><T112/><D105/><U21/><E21/><V62/><F96/><W69/><G69/><T98/><D112/><U42/><E103/><V99/><F99/><W0/><G0/><T38/><D38/><U129/><E129/><V128/><F107/><W85/><G85/><T35/><D35/><U109/><E109/><V34/><F34/><W4/><AGARI ba="2,0" hai="4,8,13,46,50,52,68,71" m="47657,50698" machi="4" ten="30,7900,0" yaku="20,1,18,1,52,1,54,1" doraHai="51" who="3" fromWho="3" sc="217,-22,303,-41,257,-22,223,85" /><INIT seed="2,0,0,0,5,118" ten="195,262,235,308" oya="2" hai0="117,52,55,98,74,16,61,66,50,46,128,20,87" hai1="21,129,26,86,124,14,134,60,113,32,22,91,78" hai2="68,84,8,100,106,11,94,36,59,108,97,18,15" hai3="135,6,120,81,121,76,28,54,35,125,31,3,2"/><V99/><F68/><W105/><G105/><T70/><D74/><U12/><E113/><V107/><F36/><W67/><G67/><T37/><D117/><U89/><E134/><V69/><F69/><W27/><G135/><T33/><D33/><U131/><E124/><V0/><F108/><W41/><G125/><T34/><D34/><U127/><E127/><V62/><F84/><W49/><G41/><T115/><D115/><U92/><E60/><V44/><F44/><W104/><G104/><T64/><D128/><U9/><E32/><V75/><F75/><W88/><G31/><T63/><D37/><U77/><E92/><V24/><F24/><W10/><G3/><T65/><D98/><U71/><E71/><V17/><F99/><W5/><G5/><T45/><D87/><U114/><E26/><V4/><REACH who="2" step="1"/><F17/><REACH who="2" ten="195,262,225,308" step="2"/><W47/><G27/><N who="0" m="14727" /><D70/><U25/><E25/><V43/><F43/><W1/><G47/><T90/><D90/><U58/><E86/><V103/><F103/><W116/><G35/><T51/><AGARI ba="0,1" hai="45,46,50,51,52,55,61,63,64,65,66" m="14727" machi="51" ten="30,4000,0" yaku="8,1,54,2" doraHai="118" who="0" fromWho="0" sc="195,50,262,-10,225,-20,308,-10" /><INIT seed="3,0,0,4,1,15" ten="245,252,205,298" oya="3" hai0="105,32,69,18,109,82,27,44,41,39,127,96,59" hai1="20,11,55,10,63,64,16,130,97,118,43,78,25" hai2="102,88,26,114,100,12,68,42,31,113,13,40,24" hai3="116,135,86,104,9,89,133,56,38,70,103,53,46"/><W37/><G116/><T58/><D69/><U67/><E130/><V123/><F68/><W129/><G70/><T51/><D109/><U21/><E78/><V120/><REACH who="2" step="1"/><F31/><REACH who="2" ten="245,252,195,298" step="2"/><W76/><G129/><T8/><D127/><U29/><E118/><V91/><AGARI ba="0,1" hai="12,13,24,26,40,42,88,91,100,102,113,114,120,123" machi="91" ten="25,12000,2" yaku="1,1,2,1,0,1,22,2,54,1,53,0" doraHai="15" doraHaiUra="106" who="2" fromWho="2" sc="245,-30,252,-30,195,130,298,-60" owari="215,-28.5,222,-17.8,325,42.5,238,3.8" /></mjloggm>