<mjloggm ver="2.3"><GO type="225" lobby="0"/><UN n0="%E3%81%BF%E3%81%BF%E3%81%9A" n1="%E3%81%8B%E3%82%8F%E3%81%A1%E3%82%83%E3%82%93%35%38" n2="%E3%83%97%E3%83%92" n3="%E8%BE%9B%E5%8F%A3%E3%82%AB%E3%83%AC%E3%83%BC%E3%83%A9%E3%82%A4%E3%82%B9" dan="16,16,16,16" rate="2169.35,2136.26,2169.17,2240.99" sx="M,M,M,M"/><TAIKYOKU oya="0"/><INIT seed="0,0,0,4,4,99" ten="250,250,250,250" oya="0" hai0="89,114,105,20,106,84,59,24,132,120,110,81,53" hai1="15,113,115,112,12,35,63,111,91,83,124,109,95" hai2="70,5,66,86,98,43,71,118,80,116,48,21,1" hai3="74,62,6,97,94,87,16,69,31,101,23,65,67"/><T34/><BYE who="1" /><D114/><U107/><E107/><V131/><F131/><W128/><G74/><T68/><D120/><U4/><E4/><V22/><F1/><W126/><G128/><T52/><D68/><U100/><E100/><V90/><F5/><UN n1="%E3%81%8B%E3%82%8F%E3%81%A1%E3%82%83%E3%82%93%35%38" /><W85/><G126/><T88/><D34/><U51/><E35/><V33/><F33/><W92/><G6/><T73/><D132/><U42/><E83/><V39/><F39/><W135/><G135/><T44/><D73/><U133/><E133/><V50/><F70/><W28/><G67/><T93/><D110/><N who="1" m="41995" /><E124/><V13/><F13/><N who="1" m="5193" /><E63/><V75/><F75/><W58/><G69/><T11/><D11/><U37/><E37/><V57/><F71/><W102/><G102/><T10/><D10/><U49/><E42/><V127/><F43/><W104/><G104/><T40/><D106/><U17/><E17/><V77/><F127/><W0/><G0/><T122/><D105/><U19/><E19/><V64/><F116/><W72/><G72/><T25/><D122/><U27/><E27/><V29/><F29/><N who="3" m="11339" /><G92/><T7/><D7/><U55/><E55/><V96/><F118/><W103/><G103/><T8/><D8/><U41/><E41/><V32/><F32/><W123/><G123/><T78/><D53/><U134/><E134/><V117/><F117/><W129/><G129/><T54/><D54/><U47/><E47/><V121/><F121/><W125/><G125/><T46/><D40/><U56/><E56/><V14/><F57/><W18/><G18/><N who="0" m="12311" /><D25/><AGARI ba="0,0" hai="16,23,25,58,62,65,85,87,94,97,101" m="11339" machi="25" ten="30,3900,0" yaku="8,1,52,1,54,1" doraHai="99" who="3" fromWho="0" sc="250,-39,250,0,250,0,250,39" /><INIT seed="1,0,0,2,5,16" ten="211,250,250,289" oya="1" hai0="87,121,96,77,128,111,23,97,124,48,3,52,100" hai1="59,22,2,32,73,42,106,65,80,1,81,40,67" hai2="60,27,8,53,135,33,85,126,104,17,47,18,26" hai3="131,84,38,11,91,0,41,112,118,119,56,45,108"/><U110/><E32/><V61/><F104/><W4/><G112/><T51/><D3/><U44/><E106/><V43/><F135/><W98/><G108/><T127/><D111/><U35/><E35/><V123/><F123/><W107/><G131/><T72/><D128/><U86/><E110/><V76/><F33/><W57/><G98/><T134/><D121/><U133/><E133/><V29/><F26/><W125/><G125/><N who="0" m="48203" /><D134/><U68/><E68/><V7/><F85/><W117/><REACH who="3" step="1"/><G107/><REACH who="3" ten="211,250,250,279" step="2"/><T25/><D72/><U58/><E73/><V113/><F113/><W5/><G5/><T39/><D39/><U54/><E86/><V116/><F7/><W55/><G55/><T62/><D97/><U95/><E54/><V63/><F53/><W28/><G28/><N who="0" m="17471" /><D87/><U79/><E40/><V64/><F29/><W105/><G105/><N who="0" m="63623" /><D77/><U94/><E79/><V109/><F76/><W24/><G24/><T120/><D120/><U37/><E37/><V101/><F27/><W36/><G36/><T130/><D130/><U49/><E42/><V71/><F109/><W122/><G122/><T114/><D114/><U15/><E65/><V10/><F64/><W70/><G70/><T83/><D83/><AGARI ba="0,1" hai="0,4,11,38,41,45,56,57,83,84,91,117,118,119" machi="83" ten="40,2600,0" yaku="1,1,12,1,53,0" doraHai="16" doraHaiUra="46" who="3" fromWho="0" sc="211,-26,250,0,250,0,279,36" /><INIT seed="2,0,0,1,4,5" ten="185,250,250,315" oya="2" hai0="4,127,27,17,34,20,101,63,3,0,66,121,92" hai1="103,33,12,118,125,68,41,45,111,107,49,84,36" hai2="7,11,18,28,51,128,133,102,21,62,110,126,95" hai3="40,2,25,56,123,114,37,97,71,64,74,134,24"/><V65/><F126/><W73/><G123/><T23/><D121/><U55/><E118/><V109/><F128/><W43/><G71/><T108/><D127/><U10/><E125/><V91/><F133/><W76/><G2/><T124/><D124/><U38/><E33/><V60/><F28/><W47/><G40/><T13/><D108/><N who="2" m="41578" /><F102/><W58/><G134/><T120/><D120/><U57/><E111/><V48/><F18/><W6/><G6/><T79/><D79/><U30/><E30/><V87/><F21/><W70/><G70/><T96/><D34/><U53/><E68/><N who="2" m="42023" /><F62/><W82/><G114/><T104/><D104/><U54/><E38/><V35/><F35/><W122/><G122/><T9/><REACH who="0" step="1"/><D23/><REACH who="0" ten="175,250,250,315" step="2"/><U61/><E107/><V8/><F8/><W80/><G76/><T72/><D72/><U105/><E105/><V86/><F87/><W132/><G74/><T93/><D93/><U83/><E36/><V69/><F69/><AGARI ba="0,1" hai="0,3,4,9,13,17,20,27,63,66,69,92,96,101" machi="69" ten="30,7700,0" yaku="1,1,7,1,52,1,53,1" doraHai="5" doraHaiUra="88" who="0" fromWho="2" sc="175,87,250,0,250,-77,315,0" /><INIT seed="3,0,0,4,0,50" ten="262,250,173,315" oya="3" hai0="13,25,5,116,110,94,56,57,14,90,73,33,133" hai1="70,22,9,18,54,105,89,0,24,20,7,55,126" hai2="92,37,80,47,28,72,134,93,130,71,99,69,12" hai3="45,104,117,19,41,98,53,88,63,81,32,2,100"/><W29/><G2/><T122/><D116/><U74/><E126/><V48/><F37/><W38/><G117/><T84/><D122/><U42/><E70/><V44/><F130/><W91/><G32/><T112/><D73/><U121/><E121/><V75/><F134/><W11/><G29/><T61/><D133/><U120/><E120/><V102/><F28/><W51/><G63/><T109/><D112/><U135/><E135/><V60/><F44/><W46/><REACH who="3" step="1"/><G81/><REACH who="3" ten="262,250,173,305" step="2"/><T27/><D33/><U129/><E129/><V87/><F92/><W8/><G8/><T127/><D127/><U132/><E132/><V35/><F35/><W125/><G125/><T58/><D109/><U15/><E105/><V10/><F60/><W124/><G124/><T36/><D110/><U76/><E42/><V67/><F67/><W78/><G78/><T114/><D114/><U6/><E6/><V1/><F1/><W85/><G85/><T16/><D5/><U4/><E4/><N who="2" m="3143" /><F75/><W31/><G31/><T119/><D119/><U101/><E101/><V40/><F72/><W123/><G123/><T64/><D64/><U77/><E89/><V39/><F39/><W96/><G96/><T52/><D36/><U128/><E128/><V83/><F83/><W43/><G43/><T23/><D61/><U30/><REACH who="1" step="1"/><E76/><REACH who="1" ten="262,240,173,305" step="2"/><V107/><F107/><W97/><G97/><T82/><D90/><U17/><E17/><V3/><F3/><W108/><G108/><T49/><D82/><AGARI ba="0,2" hai="0,7,9,15,18,20,22,24,30,54,55,74,77,82" machi="82" ten="40,5200,0" yaku="1,1,52,2,53,0" doraHai="50" doraHaiUra="68" who="1" fromWho="0" sc="262,-52,240,72,173,0,305,0" owari="210,-19.0,312,41.2,173,-32.7,305,10.5" /></mjloggm>