<mjloggm ver="2.3"><GO type="225" lobby="0"/><UN n0="%E6%B8%A9%E2%98%85%E6%83%85%E2%98%85%E6%8E%AA%E2%98%85%E7%BD%AE" n1="%72%69%6F%75%63%68%61%6E" n2="%E3%81%8C%E3%81%9F" n3="%E9%80%9F%E6%B0%B4%E5%87%9B%E9%A6%99" dan="17,16,16,17" rate="2139.82,2183.94,2098.69,2149.79" sx="M,M,M,F"/><TAIKYOKU oya="0"/><INIT seed="0,0,0,2,0,7" ten="250,250,250,250" oya="0" hai0="119,118,5,63,73,103,36,124,129,59,31,52,94" hai1="78,112,54,66,61,49,91,56,0,74,69,51,70" hai2="1,135,75,110,13,93,38,43,32,15,18,84,14" hai3="120,42,47,24,97,9,62,102,25,116,45,53,3"/><T101/><D73/><U107/><E107/><V80/><F1/><W128/><G116/><T37/><D124/><U82/><E112/><V126/><F32/><W58/><G128/><T109/><D129/><U67/><E0/><V104/><F104/><W21/><G120/><T114/><D114/><U20/><E20/><V41/><F110/><W100/><G25/><T106/><D106/><U44/><E91/><V68/><F68/><W34/><G34/><T57/><D109/><U72/><E67/><V90/><F135/><W115/><G115/><T33/><D5/><U88/><E74/><V125/><F18/><W23/><G23/><T60/><D33/><U95/><REACH who="1" step="1"/><E51/><REACH who="1" ten="250,240,250,250" step="2"/><V12/><F38/><W16/><G3/><T134/><D134/><U79/><E79/><V27/><F75/><W50/><G97/><AGARI ba="0,1" hai="44,49,54,56,61,66,69,70,72,78,82,88,95,97" machi="97" ten="30,3900,0" yaku="1,1,7,1,54,1,53,0" doraHai="7" doraHaiUra="26" who="1" fromWho="3" sc="250,0,240,49,250,0,250,-39" /><INIT seed="1,0,0,2,3,74" ten="250,289,250,211" oya="1" hai0="18,41,90,15,121,125,52,113,35,109,73,12,83" hai1="48,102,34,19,119,37,58,68,43,57,29,85,101" hai2="82,40,54,103,126,80,116,60,79,122,128,17,89" hai3="117,23,32,115,105,51,134,44,97,63,77,16,2"/><U78/><E119/><V92/><F116/><W81/><G115/><T108/><D113/><U93/><E68/><V110/><F122/><W26/><G2/><T66/><D121/><U30/><E37/><V1/><F1/><W25/><G117/><T107/><D107/><U38/><E38/><V95/><F110/><N who="0" m="42602" /><D125/><U72/><E72/><V59/><F126/><W67/><G134/><T49/><D35/><U56/><E19/><V127/><F127/><W87/><G105/><T76/><D66/><U114/><E114/><V91/><F128/><W129/><G129/><T70/><D70/><U20/><E34/><V130/><F130/><W65/><G97/><T42/><D90/><U7/><E7/><V118/><F118/><W11/><G11/><N who="0" m="6431" /><D15/><U36/><E36/><V98/><F40/><W27/><G32/><T33/><D33/><U8/><E8/><V24/><F95/><W104/><G104/><T94/><D94/><U106/><E106/><V88/><REACH who="2" step="1"/><F79/><REACH who="2" ten="250,289,240,211" step="2"/><W9/><G9/><T14/><D14/><U111/><E111/><V55/><F55/><W96/><G96/><T0/><D0/><U99/><E102/><V124/><F124/><W62/><G67/><T100/><D100/><U61/><E78/><V53/><F53/><N who="3" m="29927" /><G65/><T86/><D73/><U4/><E101/><V69/><F69/><W22/><G27/><T135/><D135/><U123/><E123/><V10/><F10/><W46/><G46/><AGARI ba="0,1" hai="41,42,46,49,52,76,83,86" m="6431,42602" machi="46" ten="30,3900,0" yaku="14,1,52,1,54,1" doraHai="74" who="0" fromWho="3" sc="250,49,289,0,240,0,211,-39" /><INIT seed="2,0,0,2,4,66" ten="299,289,240,172" oya="2" hai0="119,75,52,32,97,53,121,13,36,118,1,103,132" hai1="105,87,76,114,58,69,12,0,131,19,84,73,44" hai2="10,6,92,135,133,110,65,104,96,123,82,17,38" hai3="54,107,11,57,41,90,79,125,102,47,15,2,83"/><V86/><F123/><W46/><G125/><T24/><D1/><U126/><E114/><V67/><F38/><W34/><G34/><T77/><D121/><U68/><E0/><V4/><F104/><W43/><G2/><T129/><D36/><U61/><E105/><V78/><F17/><W127/><G127/><T99/><D132/><N who="2" m="50762" /><F110/><W98/><G90/><T3/><D3/><U62/><E126/><V37/><F37/><W80/><G41/><T101/><D129/><U27/><E131/><V20/><F20/><W31/><G31/><N who="0" m="19559" /><D13/><U89/><E27/><V18/><F18/><W8/><G8/><T49/><D77/><U71/><E44/><V16/><F16/><W60/><G43/><T100/><D75/><U95/><E73/><V21/><F21/><W134/><G134/><T112/><D112/><U91/><E76/><V111/><F111/><W74/><REACH who="3" step="1"/><G80/><REACH who="3" ten="299,289,240,162" step="2"/><T124/><D124/><U70/><N who="1" m="17408" /><DORA hai="26" /><U63/><E89/><N who="2" m="55311" /><F10/><W35/><G35/><T59/><D119/><U113/><E113/><V94/><F94/><W117/><G117/><T64/><D118/><U109/><E109/><V88/><F78/><W22/><G22/><T25/><D103/><U106/><E106/><V51/><F88/><W108/><G108/><T29/><D101/><U130/><E130/><V81/><F81/><W14/><G14/><T93/><D93/><U85/><REACH who="1" step="1"/><E58/><REACH who="1" ten="299,279,240,162" step="2"/><V128/><F128/><W42/><G42/><T48/><D59/><U40/><E40/><V72/><F72/><W9/><G9/><AGARI ba="0,2" hai="9,12,19,61,62,63,84,85,87,91,95" m="17408" machi="9" ten="70,8000,1" yaku="1,1,52,4,53,0" doraHai="66,26" doraHaiUra="55,120" who="1" fromWho="3" sc="299,0,279,100,240,0,162,-80" /><INIT seed="3,0,0,1,2,81" ten="299,379,240,82" oya="3" hai0="20,121,65,103,25,133,95,1,34,13,123,7,8" hai1="80,93,58,32,130,15,117,56,127,39,19,89,90" hai2="108,102,109,92,0,11,17,14,98,85,99,2,77" hai3="118,79,100,53,71,132,97,114,126,33,119,131,113"/><W23/><G33/><T40/><D40/><U21/><E32/><V36/><F36/><W72/><G23/><T87/><D65/><U59/><E39/><V27/><F27/><W60/><G53/><T66/><D66/><U129/><E127/><V76/><F99/><W35/><G60/><T3/><D103/><U120/><E120/><V101/><F101/><W22/><G22/><T68/><D68/><U45/><E117/><N who="3" m="44554" /><G71/><T29/><D133/><U49/><E80/><N who="2" m="47239" /><F77/><W110/><G35/><T50/><D50/><U16/><E19/><V44/><F44/><W55/><G55/><T73/><D73/><U24/><E15/><V31/><F31/><W5/><G5/><T107/><D107/><U63/><E63/><V10/><F10/><W4/><G4/><T134/><D134/><U46/><E46/><V61/><F61/><W124/><G132/><T26/><D1/><U41/><REACH who="1" step="1"/><E89/><REACH who="1" ten="299,369,240,82" step="2"/><V94/><F94/><N who="3" m="58423" /><G131/><T75/><D26/><U42/><E42/><V128/><F128/><W57/><G57/><T18/><D34/><U37/><E37/><V64/><F64/><W106/><G106/><T116/><D116/><U112/><E112/><N who="3" m="43114" /><G110/><AGARI ba="0,1" hai="0,2,11,14,17,92,98,102,108,109,110" m="47239" machi="110" ten="30,2000,0" yaku="14,1,52,1" doraHai="81" who="2" fromWho="3" sc="299,0,369,0,240,30,82,-20" owari="299,9.9,369,46.9,270,-13.0,62,-43.8" /></mjloggm>