<mjloggm ver="2.3"><GO type="225" lobby="0"/><UN n0="%E8%90%BD%E6%97%A5" n1="%E5%86%B7%E5%87%8D%E3%82%AE%E3%83%A7%E3%83%BC%E3%82%B6" n2="%E3%81%BF%E3%81%BF%E3%81%9A" n3="%E3%82%B2%E3%82%B9%E8%8C%82%E5%8B%9D" dan="16,17,16,16" rate="2110.56,2206.69,2164.27,2121.19" sx="F,M,M,F"/><TAIKYOKU oya="0"/><INIT seed="0,0,0,3,1,118" ten="250,250,250,250" oya="0" hai0="79,26,44,23,114,116,134,84,60,101,37,41,62" hai1="85,95,100,94,126,57,82,81,54,27,6,90,120" hai2="70,9,105,93,2,127,122,1,98,61,91,80,110" hai3="135,107,11,35,71,72,40,102,121,5,16,34,29"/><T75/><D116/><U78/><E126/><V112/><F112/><W19/><G19/><T64/><D114/><U125/><E125/><V42/><F127/><W56/><G56/><T7/><BYE who="3" /><D134/><U0/><E120/><V104/><F110/><W39/><G39/><UN n3="%E3%82%B2%E3%82%B9%E8%8C%82%E5%8B%9D" /><T4/><D75/><U77/><E100/><V97/><F42/><W24/><G71/><T3/><D101/><U115/><E115/><V111/><F111/><W103/><G35/><T52/><D3/><U69/><E69/><V128/><F128/><W53/><G40/><T13/><D13/><U17/><E6/><V47/><F47/><W83/><G53/><T21/><D21/><N who="1" m="13743" /><E0/><V65/><F122/><W33/><G33/><T30/><D62/><U113/><E113/><V88/><F1/><W132/><G121/><T123/><D123/><U76/><E82/><V14/><F2/><W68/><G68/><T28/><D28/><U58/><E58/><V87/><REACH who="2" step="1"/><F98/><REACH who="2" ten="250,250,240,250" step="2"/><W108/><G108/><T48/><D41/><U43/><E43/><V38/><F38/><W25/><G132/><T124/><D37/><U96/><E96/><V67/><F67/><W45/><G45/><T8/><D124/><U129/><E129/><V22/><F22/><N who="3" m="13383" /><G135/><T117/><D117/><U32/><E32/><V131/><F131/><W50/><G107/><T59/><D8/><U109/><E109/><V74/><F74/><W119/><G119/><T36/><D36/><U106/><E106/><V12/><F12/><N who="3" m="5231" /><G50/><AGARI ba="0,1" hai="50,54,57,76,77,78,81,85,90,94,95" m="13743" machi="50" ten="30,1000,0" yaku="8,1" doraHai="118" who="1" fromWho="3" sc="250,0,250,20,240,0,250,-10" /><INIT seed="1,0,0,1,0,72" ten="250,270,240,240" oya="1" hai0="80,73,76,97,99,74,129,100,114,95,64,70,126" hai1="42,21,108,19,121,93,11,101,24,94,6,2,0" hai2="89,82,3,37,117,48,71,59,63,28,47,55,15" hai3="119,130,96,60,1,36,43,77,116,78,17,10,127"/><U66/><E121/><V124/><F3/><W51/><G36/><T87/><D64/><U91/><E108/><V107/><F107/><W23/><G127/><T22/><D22/><U75/><E75/><N who="0" m="28681" /><D70/><U65/><E42/><N who="2" m="22991" /><F28/><W115/><G115/><T39/><D39/><U34/><E0/><V90/><F124/><W25/><G130/><T9/><D9/><U4/><E4/><V133/><F133/><W61/><G96/><T27/><D27/><U83/><E83/><V12/><F117/><N who="3" m="45131" /><G51/><T106/><D126/><U102/><E34/><V7/><F82/><W49/><G49/><T52/><D52/><U29/><E29/><V56/><F56/><W112/><G43/><T38/><D38/><U111/><E111/><V109/><F109/><W44/><G44/><T46/><D46/><U58/><E94/><V57/><F57/><W32/><G32/><T125/><D125/><U132/><E132/><V120/><F120/><W5/><G112/><T135/><D135/><U98/><REACH who="1" step="1"/><E66/><REACH who="1" ten="250,260,240,240" step="2"/><N who="2" m="41439" /><F7/><W33/><G33/><T81/><D114/><U50/><E50/><V92/><F90/><W134/><G134/><T69/><D129/><U88/><E88/><V13/><F89/><W84/><G60/><AGARI ba="0,1" hai="2,6,11,19,21,24,58,60,65,91,93,98,101,102" machi="60" ten="40,3900,0" yaku="1,1,53,1" doraHai="72" doraHaiUra="35" who="1" fromWho="3" sc="250,0,260,49,240,0,240,-39" /><INIT seed="1,1,0,5,1,28" ten="250,309,240,201" oya="1" hai0="121,110,50,109,97,21,14,133,112,55,57,130,103" hai1="33,102,60,128,53,131,94,68,36,34,3,39,7" hai2="72,29,61,106,11,48,75,127,65,76,2,59,113" hai3="52,31,107,16,51,132,95,62,15,18,135,10,4"/><U88/><E102/><V99/><F127/><W96/><G107/><T23/><D112/><U83/><E83/><V81/><F113/><W19/><G62/><T108/><D130/><N who="1" m="49707" /><E7/><V54/><F29/><W89/><REACH who="3" step="1"/><G31/><REACH who="3" ten="250,309,240,191" step="2"/><T44/><D121/><U93/><E3/><V24/><F106/><W0/><G0/><T67/><D133/><U63/><E63/><V41/><F24/><W119/><G119/><T32/><D14/><U6/><E6/><V64/><F2/><W8/><G8/><T45/><D32/><N who="1" m="12395" /><E94/><V100/><F11/><W56/><AGARI ba="1,1" hai="4,10,15,16,18,19,51,52,56,89,95,96,132,135" machi="56" ten="30,7900,0" yaku="1,1,0,1,54,2,53,0" doraHai="28" doraHaiUra="105" who="3" fromWho="3" sc="250,-21,309,-40,240,-21,191,92" /><INIT seed="2,0,0,0,1,135" ten="229,269,219,283" oya="2" hai0="54,45,106,55,120,40,68,6,22,41,12,111,94" hai1="31,74,113,134,89,84,102,35,23,60,80,1,20" hai2="30,132,52,51,79,129,128,77,59,93,7,14,34" hai3="0,17,108,133,48,101,116,26,11,91,21,24,124"/><V13/><F132/><W39/><G108/><T64/><D106/><U96/><E134/><V9/><F93/><W62/><G133/><T10/><D120/><U75/><E113/><V71/><F71/><W50/><G39/><T53/><D111/><U117/><E1/><V130/><REACH who="2" step="1"/><F13/><REACH who="2" ten="229,269,209,283" step="2"/><W99/><G116/><T58/><D68/><U69/><E117/><V67/><F67/><W123/><G123/><T97/><D45/><U38/><E69/><V61/><F61/><W107/><G62/><N who="0" m="37975" /><D22/><U63/><E60/><V90/><F90/><AGARI ba="0,1" hai="6,10,12,40,41,53,54,55,90,94,97" m="37975" machi="90" ten="30,1000,0" yaku="8,1" doraHai="135" who="0" fromWho="2" sc="229,20,269,0,209,-10,283,0" /><INIT seed="3,0,0,0,4,115" ten="249,269,199,283" oya="3" hai0="32,66,86,18,107,45,110,80,20,16,3,75,105" hai1="92,130,131,94,19,56,134,25,71,64,47,14,113" hai2="52,74,112,59,73,10,35,124,50,49,101,54,120" hai3="88,93,31,68,24,39,70,55,104,96,2,22,81"/><W132/><G132/><T43/><D32/><U98/><E113/><V40/><F112/><W51/><G39/><T29/><D110/><U62/><E134/><V60/><F35/><W4/><G104/><T97/><D75/><U48/><E25/><V41/><F124/><W21/><G21/><T95/><D3/><U111/><E71/><V30/><F30/><W118/><G118/><T61/><D29/><U0/><E0/><V123/><F10/><W99/><G99/><T109/><D109/><U26/><E26/><V90/><F90/><W27/><G27/><T28/><D28/><U133/><E111/><V12/><F12/><W89/><G89/><T117/><D117/><U1/><E1/><V23/><F23/><W13/><G81/><T6/><D6/><U65/><E65/><V114/><F114/><W116/><G2/><T108/><D108/><U126/><E126/><V119/><F119/><W17/><G116/><T103/><D20/><N who="1" m="11383" /><E98/><V53/><F101/><W46/><G4/><T76/><D105/><U106/><E106/><V8/><F8/><W38/><G38/><T78/><D78/><U33/><E33/><V79/><F79/><W11/><AGARI ba="0,0" hai="11,13,17,22,24,31,46,51,55,68,70,88,93,96" machi="11" ten="20,3900,0" yaku="0,1,7,1,54,1" doraHai="115" who="3" fromWho="3" sc="249,-13,269,-13,199,-13,283,39" owari="236,-16.4,256,5.6,186,-31.4,322,42.2" /></mjloggm>