<mjloggm ver="2.3"><GO type="225" lobby="0"/><UN n0="%E5%B8%86%E7%AB%8B%E5%A4%8F%E8%A1%A3" n1="%E3%81%A4%E3%81%A3%E3%81%B1%E3%82%8A%E3%83%9D%E3%83%BC%E3%83%AB" n2="%6C%61%6D%62" n3="%E3%80%93%E3%81%97%E3%83%BC%E3%82%89%E3%80%93" dan="17,17,16,17" rate="2214.33,2155.51,2190.80,2144.01" sx="M,M,M,M"/><TAIKYOKU oya="0"/><INIT seed="0,0,0,4,5,115" ten="250,250,250,250" oya="0" hai0="135,69,35,24,82,36,123,45,116,74,76,11,15" hai1="34,23,48,133,122,42,6,92,40,103,71,17,113" hai2="128,13,57,47,109,0,94,66,93,125,33,32,120" hai3="67,88,49,101,83,68,134,85,89,38,121,44,14"/><T78/><D123/><U79/><E122/><V30/><F120/><W29/><G38/><T59/><D69/><U87/><E34/><V9/><F0/><W90/><G134/><T91/><D135/><U39/><E71/><V131/><F109/><W51/><G101/><T117/><D78/><U1/><E39/><V110/><F110/><W104/><G104/><T99/><D59/><U118/><E118/><V4/><F125/><W50/><G29/><T26/><D91/><U106/><E106/><V7/><F7/><W80/><G121/><T108/><D99/><N who="1" m="59879" /><E1/><V46/><F93/><W132/><G132/><T75/><D75/><U100/><E6/><V54/><F94/><W86/><G14/><T28/><D26/><N who="1" m="14703" /><E133/><V129/><F66/><W3/><G3/><T130/><D130/><U16/><E100/><V102/><F102/><W25/><G25/><T8/><D108/><U61/><E61/><N who="2" m="36023" /><F30/><W126/><G126/><T41/><D8/><U20/><E48/><N who="3" m="18538" /><G67/><T52/><D52/><U62/><E62/><V37/><F37/><W58/><G68/><T56/><REACH who="0" step="1"/><D56/><REACH who="0" ten="240,250,250,250" step="2"/><U60/><E60/><V22/><F129/><W77/><G58/><T70/><D70/><U98/><E98/><V31/><F128/><W127/><G127/><T64/><D64/><U21/><E21/><V97/><F97/><W124/><G124/><T84/><D84/><U114/><E87/><V65/><F65/><W2/><G2/><T53/><D53/><AGARI ba="0,1" hai="44,51,53,77,80,83,85,86,88,89,90" m="18538" machi="53" ten="30,2000,0" yaku="8,1,54,1" doraHai="115" who="3" fromWho="0" sc="240,-20,250,0,250,0,250,30" /><INIT seed="1,0,0,0,2,116" ten="220,250,250,280" oya="1" hai0="122,54,109,68,105,85,80,19,11,134,103,58,40" hai1="87,5,32,38,93,39,30,86,131,22,27,76,118" hai2="48,60,112,49,81,8,84,3,120,26,31,98,20" hai3="65,126,107,78,111,2,72,29,36,17,132,44,45"/><U67/><E118/><V64/><F112/><W73/><G2/><T12/><D68/><U9/><E131/><V127/><F127/><W82/><G107/><T14/><D134/><U61/><E32/><V123/><F98/><W21/><G132/><T7/><D109/><U119/><E119/><V128/><F128/><W13/><G111/><T94/><D105/><U66/><E66/><V52/><F3/><W113/><G73/><T34/><D34/><U50/><E50/><V108/><F8/><W0/><G0/><T63/><D40/><U4/><E86/><V70/><F49/><W57/><G36/><T51/><D122/><U100/><E76/><V74/><F74/><W129/><G126/><T43/><D94/><U28/><E28/><V91/><REACH who="2" step="1"/><F108/><REACH who="2" ten="220,250,240,280" step="2"/><W90/><G113/><T101/><D51/><U79/><E9/><V114/><F114/><W37/><G129/><T124/><D124/><U99/><E39/><V97/><F97/><W88/><G37/><T71/><D43/><U110/><E110/><V59/><AGARI ba="0,1" hai="20,26,31,48,52,59,60,64,70,81,84,91,120,123" machi="59" ten="20,12000,2" yaku="1,1,0,1,7,1,52,2,54,1,53,0" doraHai="116" doraHaiUra="96" who="2" fromWho="2" sc="220,-30,250,-60,240,130,280,-30" /><INIT seed="2,0,0,3,0,83" ten="190,190,370,250" oya="2" hai0="13,86,107,10,26,79,135,45,56,40,47,100,106" hai1="132,48,128,122,94,8,93,16,116,65,129,112,49" hai2="29,125,52,85,67,11,121,64,111,30,70,36,98" hai3="130,1,7,97,38,32,104,113,95,69,84,62,124"/><V72/><F72/><W96/><G38/><T14/><D135/><U115/><E116/><V51/><F121/><W82/><G32/><T53/><D100/><U90/><E65/><N who="2" m="25163" /><F36/><W114/><G69/><T17/><D106/><U66/><E66/><V102/><F70/><W19/><G62/><T15/><D107/><U73/><E73/><V75/><F75/><W12/><G7/><T31/><D45/><U28/><E28/><V108/><F11/><W37/><G1/><T76/><D76/><U2/><E132/><V3/><F3/><W88/><G37/><T60/><D47/><U110/><E110/><N who="2" m="42027" /><F85/><W77/><G130/><N who="1" m="50282" /><E122/><V63/><F63/><W27/><G27/><T33/><REACH who="0" step="1"/><D40/><REACH who="0" ten="180,190,370,250" step="2"/><U117/><E117/><V57/><F125/><W39/><G124/><T9/><D9/><U44/><E44/><V109/><F109/><W5/><G39/><T89/><D89/><U24/><E90/><V54/><F54/><W103/><REACH who="3" step="1"/><G5/><REACH who="3" ten="180,190,370,240" step="2"/><T120/><D120/><U18/><E115/><V0/><F0/><W22/><AGARI ba="0,2" hai="12,19,22,77,82,84,88,95,96,97,103,104,113,114" machi="22" ten="30,8000,1" yaku="1,1,2,1,0,1,52,1,54,1,53,0" doraHai="83" doraHaiUra="105" who="3" fromWho="3" sc="180,-20,190,-20,370,-40,240,100" /><INIT seed="3,0,0,2,1,71" ten="160,170,330,340" oya="3" hai0="125,101,48,134,11,130,57,119,100,87,128,76,72" hai1="66,23,56,91,82,118,135,49,44,73,3,43,30" hai2="31,116,129,112,41,122,8,102,93,115,28,61,5" hai3="58,89,51,52,69,85,59,96,123,105,104,68,19"/><W86/><G123/><T108/><D119/><U132/><E3/><V62/><F116/><W32/><G32/><T114/><D72/><U35/><E35/><V39/><F39/><W34/><G34/><T12/><D108/><U36/><E118/><V4/><F41/><W77/><G69/><T13/><D125/><U38/><E66/><V25/><F122/><W103/><G68/><T131/><D134/><N who="1" m="51243" /><E56/><V18/><F129/><W106/><G59/><T79/><D114/><U22/><E30/><N who="2" m="11307" /><F115/><W95/><REACH who="3" step="1"/><G19/><REACH who="3" ten="160,170,330,330" step="2"/><N who="0" m="8607" /><D13/><U111/><E111/><V42/><F112/><W64/><G64/><T40/><D57/><U26/><E73/><V16/><F42/><W14/><G14/><T0/><D0/><U7/><E26/><V83/><F18/><W20/><G20/><N who="1" m="7722" /><E7/><N who="2" m="2635" /><F25/><W46/><G46/><N who="0" m="25671" /><D87/><AGARI ba="0,1" hai="36,38,43,44,49,82,87,91" m="7722,51243" machi="87" ten="30,3900,0" yaku="20,1,52,2" doraHai="71" who="1" fromWho="0" sc="160,-39,170,49,330,0,330,0" owari="121,-37.9,219,-18.1,330,43.0,330,13.0" /></mjloggm>