<mjloggm ver="2.3"><GO type="225" lobby="0"/><UN n0="%E4%BF%BA%E3%81%A8%E5%A6%96%E5%A4%A2" n1="%6B%79%6F%6E%6B%6F%31%31" n2="%E3%80%90%E3%83%88%E3%83%AA%E3%83%A5%E3%83%95%E3%80%91" n3="%E3%81%BF%E3%81%BF%E3%81%9A" dan="16,16,16,18" rate="2107.23,2161.46,2063.83,2260.43" sx="F,M,F,M"/><TAIKYOKU oya="0"/><INIT seed="0,0,0,3,0,12" ten="250,250,250,250" oya="0" hai0="114,10,23,8,94,2,0,70,18,20,36,47,21" hai1="132,7,4,111,89,54,101,116,31,6,108,88,1" hai2="113,135,131,30,82,129,124,133,57,99,53,67,91" hai3="64,79,17,43,15,77,90,69,102,93,52,22,60"/><T49/><D36/><U38/><E116/><V3/><F3/><W42/><G102/><T119/><D119/><U73/><E1/><V125/><F30/><W27/><G52/><N who="0" m="29759" /><D0/><U98/><E73/><V123/><F67/><W75/><G27/><N who="0" m="14743" /><D70/><U115/><E38/><V66/><F66/><W87/><REACH who="3" step="1"/><G75/><REACH who="3" ten="250,250,250,240" step="2"/><T95/><D114/><U62/><E115/><V76/><F113/><W80/><G80/><T5/><D2/><U112/><E112/><V61/><F123/><W118/><G118/><T130/><D130/><N who="2" m="49674" /><F82/><W96/><G96/><T74/><D74/><U14/><E98/><V97/><F97/><W45/><G45/><T72/><D72/><U39/><E101/><V55/><F55/><W11/><G11/><N who="0" m="4139" /><D5/><U16/><E6/><V32/><F32/><W24/><G24/><T59/><D59/><U28/><E4/><V68/><F68/><W121/><G121/><T71/><D71/><U120/><E7/><V104/><F104/><W65/><G65/><T25/><D21/><N who="1" m="11415" /><E120/><V34/><F34/><W13/><G13/><T117/><D117/><U92/><E92/><N who="2" m="56735" /><F76/><AGARI ba="0,1" hai="15,17,22,42,43,60,64,69,76,77,79,87,90,93" machi="76" ten="40,2600,0" yaku="1,1,52,1,53,0" doraHai="12" doraHaiUra="44" who="3" fromWho="2" sc="250,0,250,0,250,-26,240,36" /><INIT seed="1,0,0,3,2,68" ten="250,250,224,276" oya="1" hai0="17,37,42,121,2,61,124,135,52,105,50,107,55" hai1="35,65,118,16,91,127,106,72,23,108,4,38,47" hai2="119,111,33,39,12,93,67,81,90,46,22,57,11" hai3="15,115,84,20,102,131,9,94,103,98,54,80,10"/><U125/><E118/><V19/><F111/><W51/><G115/><T69/><D2/><U14/><E35/><V25/><F119/><W13/><G131/><T87/><D135/><U89/><E108/><V6/><F81/><W30/><G103/><T1/><D1/><U18/><E72/><V130/><F130/><W82/><G30/><T96/><D124/><N who="1" m="47691" /><E65/><V128/><F128/><W0/><G0/><T134/><D134/><U40/><E4/><V101/><F33/><W99/><G99/><T34/><D34/><U26/><E106/><V126/><F126/><W59/><G20/><AGARI ba="0,0" hai="14,16,18,20,23,26,38,40,47,89,91" m="47691" machi="20" ten="30,5800,0" yaku="18,1,52,1,54,1" doraHai="68" who="1" fromWho="3" sc="250,0,250,58,224,0,276,-58" /><INIT seed="1,1,0,1,3,127" ten="250,308,224,218" oya="1" hai0="64,32,78,100,114,24,84,133,102,91,59,86,120" hai1="21,65,37,43,31,16,39,26,30,97,60,9,69" hai2="8,93,63,105,25,131,53,54,113,72,135,67,104" hai3="108,3,45,42,50,28,52,89,80,10,74,36,122"/><U49/><E49/><V46/><F72/><W55/><G122/><T116/><D116/><U85/><E37/><V33/><F135/><W109/><G28/><T5/><D114/><U2/><E85/><V15/><F93/><W58/><G55/><T92/><D133/><U66/><E66/><V115/><F131/><W47/><G58/><T4/><D24/><U68/><E68/><V0/><F0/><W40/><G40/><T107/><D32/><U62/><E62/><V27/><F33/><W119/><G119/><T22/><D22/><U71/><E71/><V83/><F83/><W118/><G118/><T132/><D120/><U19/><E97/><V81/><F81/><W101/><G101/><T11/><D107/><U57/><E57/><V41/><F63/><W95/><G10/><T20/><D20/><U23/><E9/><V126/><F126/><W51/><G3/><N who="0" m="415" /><D5/><U14/><REACH who="1" step="1"/><E2/><REACH who="1" ten="250,298,224,218" step="2"/><V61/><F8/><W90/><G50/><T70/><D70/><U44/><AGARI ba="1,1" hai="14,16,19,21,23,26,30,31,39,43,44,60,65,69" machi="44" ten="30,11700,0" yaku="1,1,2,1,0,1,54,1,53,0" doraHai="127" doraHaiUra="99" who="1" fromWho="1" sc="250,-40,298,130,224,-40,218,-40" /><INIT seed="1,2,0,3,0,17" ten="210,428,184,178" oya="1" hai0="21,29,89,66,105,81,119,78,123,115,117,41,19" hai1="108,133,71,101,113,25,124,63,90,52,65,61,74" hai2="96,128,18,107,32,95,70,13,99,12,73,46,26" hai3="24,36,91,85,57,106,40,27,100,37,114,126,75"/><U54/><E113/><V60/><F128/><W48/><G114/><T134/><D115/><U47/><E74/><V11/><F73/><W121/><G75/><T80/><D105/><U88/><E124/><V62/><F70/><W102/><G121/><T125/><D125/><U49/><E133/><V42/><F107/><W44/><G126/><T72/><D134/><U135/><E135/><V68/><F99/><W14/><G36/><T130/><D130/><U93/><E108/><V94/><F94/><W97/><G102/><T58/><D123/><U51/><E63/><V4/><F68/><W111/><G111/><T132/><D29/><U87/><E25/><V3/><F12/><W98/><G98/><T0/><D0/><U39/><E39/><V120/><F120/><W83/><G14/><T6/><D6/><U129/><E129/><V131/><F131/><W43/><G43/><T1/><D1/><U23/><E90/><V122/><F122/><W28/><G28/><T86/><D41/><U103/><E23/><V7/><F32/><W30/><G30/><T16/><D132/><U109/><E109/><V10/><F26/><W55/><AGARI ba="2,0" hai="24,27,37,40,44,48,55,57,83,85,91,97,100,106" machi="55" ten="30,1100,0" yaku="0,1" doraHai="17" who="3" fromWho="3" sc="210,-5,428,-7,184,-5,178,17" /><INIT seed="2,0,0,5,0,55" ten="205,421,179,195" oya="2" hai0="39,126,38,74,0,54,67,73,109,6,18,34,104" hai1="27,48,107,117,81,36,76,82,68,114,57,60,134" hai2="106,23,8,15,10,13,25,115,101,22,21,72,97" hai3="58,89,86,110,24,103,35,70,49,88,53,2,30"/><V122/><F72/><W99/><G110/><T93/><D104/><U44/><E114/><V5/><F115/><W19/><G2/><T111/><D34/><U119/><E107/><V130/><F130/><W12/><G70/><T11/><D126/><U64/><E134/><V80/><F122/><W95/><G86/><T47/><D67/><U43/><E27/><V121/><F121/><W61/><G61/><T20/><D93/><U56/><E82/><V91/><F80/><W78/><G78/><T79/><D54/><N who="1" m="31815" /><E57/><V102/><F102/><W16/><G19/><T129/><D129/><U31/><E31/><V125/><F125/><W59/><G58/><T105/><D105/><U69/><E69/><V4/><REACH who="2" step="1"/><F91/><REACH who="2" ten="205,421,169,195" step="2"/><W9/><AGARI ba="0,1" hai="9,12,16,24,30,35,49,53,59,88,89,95,99,103" machi="9" ten="20,8000,1" yaku="0,1,7,1,52,1,54,2" doraHai="55" who="3" fromWho="3" sc="205,-20,421,-20,169,-40,195,90" /><INIT seed="3,0,0,2,5,29" ten="185,401,129,285" oya="3" hai0="122,3,56,18,80,37,4,108,36,19,11,15,132" hai1="128,107,110,123,66,133,77,52,81,14,131,74,118" hai2="116,88,59,13,119,92,102,126,115,51,65,93,70" hai3="98,78,49,109,45,73,61,30,86,58,55,0,104"/><W87/><G0/><T47/><D122/><U71/><E123/><V27/><F115/><W111/><G30/><T53/><D132/><U63/><E118/><V79/><F126/><W42/><G73/><T101/><D108/><N who="3" m="41545" /><G78/><T83/><D101/><AGARI ba="0,0" hai="42,45,49,55,58,61,86,87,98,101,104" m="41545" machi="101" ten="30,2900,0" yaku="14,1,10,1" doraHai="29" who="3" fromWho="0" sc="185,-29,401,0,129,0,285,29" /><INIT seed="3,1,0,0,4,121" ten="156,401,129,314" oya="3" hai0="22,15,24,75,99,34,73,125,44,123,92,89,17" hai1="14,66,134,28,0,130,81,113,7,97,122,64,50" hai2="21,104,9,55,91,41,69,2,108,106,65,54,105" hai3="94,23,67,68,88,100,36,62,4,6,128,95,43"/><W38/><G128/><T83/><D123/><U51/><E0/><V3/><F41/><W25/><G94/><T32/><D125/><U129/><E122/><V116/><F116/><W52/><G100/><T112/><D112/><U127/><E113/><V103/><F103/><W132/><G132/><T45/><D73/><U57/><E127/><V40/><F40/><W56/><G4/><T60/><D60/><U35/><E134/><V85/><F9/><W80/><G80/><T120/><D120/><U19/><E7/><V86/><F21/><W90/><G6/><T13/><D34/><U42/><E35/><V111/><F65/><N who="1" m="25193" /><E28/><V58/><F58/><W135/><G135/><T12/><D32/><U26/><E26/><V71/><F106/><W39/><G43/><T8/><D8/><U107/><E57/><V20/><F20/><W10/><G10/><T46/><D75/><U76/><E42/><V119/><F119/><W77/><G77/><T59/><D59/><U114/><E114/><V48/><F91/><W37/><N who="3" m="9216" /><DORA hai="98" /><W115/><G115/><T70/><D83/><U101/><E81/><V118/><F118/><W27/><G95/><T84/><D70/><U72/><E72/><V109/><F109/><W16/><REACH who="3" step="1"/><G25/><REACH who="3" ten="156,401,129,304" step="2"/><T87/><AGARI ba="1,1" hai="12,13,15,17,22,24,44,45,46,84,87,89,92,99" machi="87" ten="40,2700,0" yaku="0,1,8,1" doraHai="121,98" who="0" fromWho="0" sc="156,40,401,-8,129,-8,304,-14" owari="196,-20.4,393,49.3,121,-37.9,290,9.0" /></mjloggm>