<mjloggm ver="2.3"><GO type="225" lobby="0"/><UN n0="%6D%75%75%6D%75%72%61" n1="%E3%81%AF%E3%82%88%E3%81%8A%E3%81%98%E3%81%95%E3%82%93" n2="%45%6C%79%73%69%75%6D" n3="%E6%AB%BB%E4%BA%95%E5%A5%8F" dan="17,17,17,17" rate="2242.29,2143.68,2110.05,2214.84" sx="F,M,F,M"/><TAIKYOKU oya="0"/><INIT seed="0,0,0,2,3,82" ten="250,250,250,250" oya="0" hai0="43,56,10,63,21,45,14,16,97,133,29,84,102" hai1="122,91,49,54,42,86,119,23,130,66,9,6,32" hai2="87,71,60,3,110,15,22,73,64,99,37,5,40" hai3="1,48,27,67,18,59,103,68,90,120,0,80,19"/><T77/><D133/><U31/><E119/><V114/><F114/><W108/><G108/><T104/><D29/><U112/><E122/><V81/><F110/><W7/><G120/><T72/><D72/><U129/><E112/><V128/><F128/><W124/><G124/><T51/><D21/><U44/><E32/><V92/><F3/><W121/><G121/><T93/><D104/><U53/><E66/><V76/><F40/><W69/><G103/><T28/><D28/><U106/><E106/><V94/><F37/><W107/><G107/><T125/><D125/><U11/><E11/><V62/><F62/><W75/><G75/><T95/><D77/><U61/><E23/><V96/><F5/><W20/><G19/><T89/><D63/><U17/><E17/><V57/><F71/><W100/><G100/><T30/><D30/><U88/><E91/><V123/><F123/><W34/><G34/><T78/><D78/><U131/><E31/><V70/><F70/><W126/><G126/><T109/><D109/><U127/><E61/><V101/><F73/><W118/><G118/><T38/><REACH who="0" step="1"/><D56/><REACH who="0" ten="240,250,250,250" step="2"/><U4/><E127/><V132/><F132/><W85/><G68/><T2/><D2/><U25/><E25/><V117/><F117/><W83/><G69/><T113/><D113/><U98/><E130/><V105/><F22/><W111/><G111/><T39/><AGARI ba="0,1" hai="10,14,16,38,39,43,45,51,84,89,93,95,97,102" machi="39" ten="30,11700,0" yaku="1,1,0,1,52,1,54,1,53,0" doraHai="82" doraHaiUra="26" who="0" fromWho="0" sc="240,127,250,-39,250,-39,250,-39" /><INIT seed="0,1,0,3,5,41" ten="367,211,211,211" oya="0" hai0="16,44,5,106,70,19,51,65,78,115,21,30,2" hai1="107,25,122,15,61,34,117,10,40,111,56,77,87" hai2="125,100,118,130,132,84,64,67,4,124,82,99,8" hai3="83,75,32,36,46,45,96,80,9,26,11,52,135"/><T72/><D115/><U123/><E117/><V31/><F130/><W54/><G36/><T27/><D106/><U134/><E107/><V94/><F118/><W48/><G135/><T24/><D70/><U114/><E134/><V7/><F31/><W66/><G66/><N who="2" m="25129" /><F8/><N who="3" m="3147" /><G75/><T43/><D65/><U129/><E129/><V29/><F29/><W37/><G37/><T133/><D133/><U0/><E0/><V89/><F132/><W91/><G32/><T18/><D2/><U127/><E114/><V128/><F128/><W79/><G26/><T68/><D68/><U53/><E111/><V103/><F103/><W59/><G79/><T121/><D121/><U62/><E61/><V3/><F3/><W120/><G120/><T76/><D5/><U60/><E62/><V35/><F35/><W104/><G104/><T101/><D101/><U102/><E102/><V17/><F17/><W63/><G46/><T85/><D72/><U71/><E71/><V49/><F49/><W113/><G113/><T13/><D76/><U93/><E77/><V88/><F100/><W74/><G74/><T81/><REACH who="0" step="1"/><D13/><REACH who="0" ten="357,211,211,211" step="2"/><U69/><E69/><V109/><F109/><W50/><G63/><T105/><D105/><U98/><E122/><V14/><F14/><W6/><G6/><T22/><AGARI ba="1,1" hai="16,18,19,21,22,24,27,30,43,44,51,78,81,85" machi="22" ten="20,18000,2" yaku="1,1,0,1,7,1,8,1,52,1,54,1,53,0" doraHai="41" doraHaiUra="95" who="0" fromWho="0" sc="357,193,211,-61,211,-61,211,-61" /><INIT seed="0,2,0,5,2,88" ten="550,150,150,150" oya="0" hai0="19,135,81,83,3,16,131,110,100,114,106,57,121" hai1="117,95,64,62,120,82,58,130,42,125,96,59,49" hai2="104,48,85,34,44,36,9,112,89,92,124,13,86" hai3="50,22,0,39,6,74,129,103,30,21,60,24,133"/><T93/><D114/><U72/><E117/><V68/><F112/><W51/><G39/><T4/><D121/><U10/><E120/><V109/><F104/><W69/><G74/><T26/><D106/><U111/><E111/><V25/><F109/><W79/><G79/><T127/><D110/><U14/><E125/><V33/><F124/><W11/><G129/><T15/><D127/><U116/><E116/><V134/><F36/><W2/><G133/><T113/><D113/><U8/><E130/><V45/><F68/><W43/><G0/><T47/><D3/><U78/><E42/><V29/><F134/><W76/><G76/><T52/><D135/><U66/><E49/><V41/><F44/><W73/><G73/><T20/><D4/><U97/><E97/><V12/><F34/><W28/><G43/><T61/><D47/><U107/><E107/><V32/><F32/><W18/><G103/><T118/><D118/><U102/><REACH who="1" step="1"/><E14/><REACH who="1" ten="550,140,150,150" step="2"/><V77/><REACH who="2" step="1"/><F9/><REACH who="2" ten="550,140,140,150" step="2"/><W71/><G11/><N who="0" m="6271" /><D131/><U80/><E80/><AGARI ba="2,2" hai="12,13,25,29,33,41,45,48,77,80,85,86,89,92" machi="80" ten="40,5200,0" yaku="1,1,52,1,53,1" doraHai="88" doraHaiUra="23" who="2" fromWho="1" sc="550,0,140,-58,140,78,150,0" /><INIT seed="1,0,0,3,0,46" ten="550,82,218,150" oya="1" hai0="31,68,47,30,107,15,19,28,25,18,110,16,57" hai1="130,90,84,125,67,56,48,112,108,6,65,21,133" hai2="98,62,33,29,101,49,51,120,74,2,3,105,53" hai3="92,86,127,1,35,129,50,122,54,24,13,4,52"/><U32/><E32/><V134/><F120/><W111/><G122/><T77/><D68/><U132/><E112/><V89/><F74/><W126/><G111/><T10/><D107/><U97/><E108/><V118/><F118/><W37/><G37/><T8/><D110/><U104/><E125/><N who="3" m="47626" /><G129/><T55/><D77/><U26/><E6/><V58/><F134/><N who="1" m="51817" /><E130/><V12/><F12/><W96/><G1/><T38/><D25/><U87/><E104/><V99/><F3/><W7/><G54/><T36/><D38/><U23/><E97/><V20/><F2/><W17/><G86/><N who="1" m="32810" /><E90/><V131/><F33/><W71/><G71/><T63/><REACH who="0" step="1"/><D15/><REACH who="0" ten="540,82,218,150" step="2"/><U42/><E26/><V78/><F78/><W103/><G24/><T60/><D60/><N who="1" m="38023" /><E67/><V75/><F105/><W119/><G119/><T79/><D79/><U64/><E64/><V39/><F131/><W22/><G35/><T72/><D72/><U121/><E121/><V123/><F75/><W83/><G83/><T117/><D117/><U115/><E115/><V95/><F123/><W113/><G113/><T44/><D44/><AGARI ba="0,1" hai="21,23,42,44,48" m="38023,32810,51817" machi="44" ten="30,2900,0" yaku="20,1,52,1" doraHai="46" who="1" fromWho="0" sc="540,-29,82,39,218,0,150,0" /><AGARI ba="0,0" hai="4,7,13,17,22,44,50,52,92,96,103" m="47626" machi="44" ten="30,3900,0" yaku="18,1,52,1,54,1" doraHai="46" who="3" fromWho="0" sc="511,-39,121,0,218,0,150,39" /><INIT seed="1,1,0,3,1,95" ten="472,121,218,189" oya="1" hai0="21,130,20,102,52,129,53,56,27,92,90,80,87" hai1="123,72,109,41,114,94,128,126,24,12,122,111,119" hai2="68,1,103,117,63,8,49,37,19,134,35,34,131" hai3="10,121,55,60,81,33,108,89,65,74,104,2,124"/><U39/><E72/><V7/><F117/><W25/><G121/><T107/><D107/><U120/><E12/><V14/><F37/><W32/><G104/><T51/><D53/><U79/><E79/><V78/><F131/><N who="0" m="50186" /><D27/><U46/><E128/><V42/><F134/><W101/><G124/><T66/><D66/><U9/><E9/><V26/><F78/><W99/><G108/><N who="1" m="41546" /><E24/><V3/><F3/><W93/><G74/><T13/><D13/><U57/><E94/><V64/><F26/><W96/><G25/><T75/><D75/><U133/><E119/><V91/><F34/><W15/><G55/><T88/><D102/><U85/><E85/><AGARI ba="1,0" hai="20,21,51,52,56,80,85,87,88,90,92" m="50186" machi="85" ten="30,3900,0" yaku="19,1,54,2" doraHai="95" who="0" fromWho="1" sc="472,42,121,-42,218,0,189,0" /><INIT seed="2,0,0,1,0,94" ten="514,79,218,189" oya="2" hai0="123,133,134,29,76,90,120,30,24,27,57,36,74" hai1="17,130,108,47,111,98,135,89,34,44,11,68,100" hai2="46,80,119,110,42,79,2,56,21,1,114,12,52" hai3="121,60,8,131,41,55,4,124,39,88,128,82,118"/><V38/><F114/><W69/><G118/><T0/><D0/><U33/><E68/><V113/><F113/><W63/><G121/><N who="0" m="46667" /><D36/><U129/><E89/><V96/><F119/><W25/><G124/><T95/><D76/><U45/><E135/><N who="0" m="51721" /><D74/><U61/><E61/><V26/><F12/><W31/><G41/><T83/><D83/><U9/><E100/><V48/><F110/><N who="1" m="42025" /><E17/><V70/><F70/><W104/><G104/><T103/><D57/><U81/><E98/><V78/><F96/><W122/><G39/><T10/><D10/><N who="1" m="3595" /><E81/><V49/><F38/><W105/><G105/><T16/><D103/><U125/><E125/><V51/><F51/><W64/><G122/><T59/><D59/><U65/><E65/><V58/><F58/><W40/><G40/><T106/><D106/><U20/><E20/><V23/><F23/><W18/><G18/><T86/><D16/><U73/><E73/><V127/><F127/><W87/><G60/><T3/><D3/><U117/><E117/><V77/><F80/><W53/><G128/><AGARI ba="0,0" hai="33,34,44,45,47,128,129,130" m="3595,42025" machi="128" ten="40,8000,1" yaku="28,2,19,1,14,1" doraHai="94" who="1" fromWho="3" sc="514,0,79,80,218,0,189,-80" /><INIT seed="3,0,0,5,2,35" ten="514,159,218,109" oya="3" hai0="41,4,37,78,85,51,111,5,127,0,33,74,45" hai1="119,69,48,50,32,95,39,40,98,26,134,42,38" hai2="53,34,66,75,123,29,10,52,60,92,84,14,118" hai3="70,55,56,2,106,79,105,43,124,107,9,71,80"/><W113/><G113/><T115/><D74/><U109/><E69/><V116/><F75/><W31/><G124/><T22/><D33/><U21/><E32/><V122/><F29/><W6/><G31/><T129/><D127/><U90/><E109/><V8/><F34/><W96/><G96/><T82/><D111/><U47/><E134/><V63/><F92/><W57/><G43/><T18/><D115/><U46/><E119/><V49/><F84/><W76/><G57/><T99/><D129/><U87/><E87/><V12/><F49/><W25/><G25/><T132/><D132/><U86/><E86/><V125/><F125/><W54/><G54/><T114/><D114/><U110/><E110/><V15/><F15/><W102/><G102/><T103/><D0/><U27/><E27/><V77/><F77/><W62/><REACH who="3" step="1"/><G80/><REACH who="3" ten="514,159,218,99" step="2"/><T73/><D99/><U120/><E120/><V30/><F30/><AGARI ba="0,1" hai="21,26,30,38,39,40,42,46,47,48,50,90,95,98" machi="30" ten="30,2000,0" yaku="7,1,9,1" doraHai="35" who="1" fromWho="2" sc="514,0,159,30,218,-20,99,0" owari="514,61.4,189,-21.1,198,-0.2,99,-40.1" /></mjloggm>