<mjloggm ver="2.3"><GO type="225" lobby="0"/><UN n0="%E3%81%8F%E3%82%8A%E3%83%94%E3%83%BC" n1="%E3%81%9F%E3%81%A3%E3%81%A1%E3%82%87" n2="%E3%81%A1%E3%82%85%E3%81%86%E3%81%A9%E3%81%8F%E8%B1%A1%E3%81%95%E3%82%93" n3="%E5%B8%86%E7%AB%8B%E5%A4%8F%E8%A1%A3" dan="16,16,17,17" rate="2117.30,2054.02,2177.87,2160.82" sx="M,M,M,M"/><TAIKYOKU oya="0"/><INIT seed="0,0,0,3,2,61" ten="250,250,250,250" oya="0" hai0="33,22,8,67,86,111,106,74,54,95,100,52,92" hai1="12,99,28,21,73,122,60,18,115,90,62,124,3" hai2="49,58,7,131,81,102,109,79,48,121,78,68,55" hai3="88,128,107,116,41,72,120,5,66,42,56,132,31"/><T57/><D74/><U97/><E3/><V47/><F121/><W129/><G116/><T15/><D33/><U114/><E73/><V96/><F109/><W112/><G107/><T113/><D106/><U105/><E122/><V77/><F131/><N who="3" m="50251" /><G120/><T2/><D2/><U36/><E36/><V83/><F7/><W133/><G5/><T76/><D113/><N who="1" m="43019" /><E124/><V127/><F68/><W16/><G31/><T38/><D22/><U71/><E105/><V108/><F108/><W126/><G126/><T37/><D37/><U119/><E119/><V65/><F127/><W40/><G72/><T53/><D38/><U104/><E71/><V10/><F10/><W134/><G112/><T101/><D111/><U51/><E28/><V135/><F135/><W45/><G16/><N who="0" m="8295" /><D76/><U59/><E104/><V32/><F32/><W13/><G13/><T34/><D34/><U20/><E12/><V24/><F24/><W46/><G88/><N who="0" m="53271" /><D95/><N who="1" m="56567" /><E18/><V93/><F48/><W117/><G117/><T50/><D50/><U26/><E51/><V85/><F81/><W35/><G35/><T11/><D11/><U69/><E26/><V63/><AGARI ba="0,0" hai="47,49,55,58,63,65,77,78,79,83,85,93,96,102" machi="63" ten="30,4000,0" yaku="0,1,8,1,52,1" doraHai="61" who="2" fromWho="2" sc="250,-20,250,-10,250,40,250,-10" /><INIT seed="1,0,0,0,0,135" ten="230,240,290,240" oya="1" hai0="50,21,25,108,70,106,35,77,82,39,75,24,78" hai1="0,120,133,109,59,104,114,92,117,63,99,65,57" hai2="20,134,16,55,12,76,13,98,28,3,131,74,96" hai3="95,68,6,51,87,86,47,9,23,64,1,4,124"/><U112/><E117/><V52/><F3/><W26/><G124/><T14/><D39/><U89/><E0/><V72/><F134/><W38/><G38/><T34/><D108/><U7/><E120/><V27/><F131/><W132/><G132/><T88/><D106/><U97/><E133/><V49/><F12/><W10/><G68/><T56/><D70/><U94/><E7/><V79/><F55/><W127/><G127/><T11/><D34/><U42/><E109/><V36/><F36/><W81/><G64/><T67/><D35/><U45/><E104/><V100/><F74/><W71/><G71/><T107/><D107/><U53/><E57/><N who="2" m="32911" /><F72/><W33/><G33/><T48/><D75/><U73/><E53/><V125/><F125/><W129/><G129/><T15/><D15/><U121/><E73/><V37/><F37/><W123/><G123/><T105/><D24/><U113/><E121/><V61/><F61/><W102/><G4/><N who="0" m="3431" /><D105/><U19/><E19/><V41/><F41/><N who="3" m="25071" /><G6/><T2/><D2/><U118/><E118/><V69/><F69/><W22/><G1/><T8/><D8/><N who="3" m="3177" /><G26/><T130/><D130/><U43/><REACH who="1" step="1"/><E45/><REACH who="1" ten="230,230,290,240" step="2"/><V32/><F28/><W80/><G23/><T58/><D58/><U44/><E44/><V115/><F32/><W126/><G22/><T46/><D46/><U5/><E5/><V111/><F20/><W66/><G126/><T110/><D110/><U40/><E40/><V62/><F111/><W84/><G66/><T17/><D67/><U30/><E30/><V128/><F128/><W54/><G54/><N who="0" m="31815" /><D50/><U101/><AGARI ba="0,1" hai="42,43,59,63,65,89,92,94,97,99,101,112,113,114" machi="101" ten="30,6000,0" yaku="1,1,5,1,0,1,53,0" doraHai="135" doraHaiUra="18" who="1" fromWho="1" sc="230,-20,230,70,290,-20,240,-20" /><INIT seed="1,1,0,2,2,59" ten="210,300,270,220" oya="1" hai0="69,97,11,84,9,31,72,67,133,63,95,119,130" hai1="103,70,28,23,60,91,88,108,104,34,135,19,49" hai2="21,1,44,83,89,57,75,64,114,87,46,24,116" hai3="8,41,115,121,20,101,18,61,5,36,92,120,98"/><U38/><E135/><V54/><F116/><W127/><G115/><T90/><D119/><U110/><E38/><V14/><F75/><W132/><G132/><T96/><D72/><U42/><E42/><V6/><F114/><W33/><G33/><T43/><D130/><U73/><E49/><N who="2" m="30927" /><F64/><W122/><G127/><T53/><D133/><U77/><E77/><V102/><F102/><W85/><G36/><T65/><D43/><U134/><E73/><V52/><F1/><W37/><G41/><T50/><D31/><U51/><E51/><N who="2" m="28775" /><F46/><W25/><G37/><T129/><D67/><N who="1" m="41319" /><E103/><V93/><F6/><W66/><G85/><T106/><D129/><U7/><E7/><V81/><F14/><W26/><G26/><T79/><D106/><U0/><E104/><V94/><F94/><W39/><G39/><T107/><D107/><U13/><E0/><V118/><F118/><W82/><G82/><T99/><REACH who="0" step="1"/><D79/><REACH who="0" ten="200,300,270,220" step="2"/><U112/><E134/><V40/><F40/><W27/><G122/><T17/><D17/><AGARI ba="1,1" hai="17,21,24,81,83,87,89,93" m="28775,30927" machi="17" ten="30,2000,0" yaku="8,1,54,1" doraHai="59" who="2" fromWho="0" sc="200,-23,300,0,270,33,220,0" /><INIT seed="2,0,0,2,3,44" ten="177,300,303,220" oya="2" hai0="42,71,29,14,18,58,32,133,63,119,115,67,65" hai1="114,121,109,12,76,45,131,81,92,0,7,125,68" hai2="23,86,38,108,112,129,88,123,134,117,103,54,69" hai3="49,72,126,19,9,26,110,15,118,89,24,79,120"/><V96/><F69/><W3/><G120/><T94/><D115/><U78/><E68/><V62/><F38/><W41/><G118/><T100/><D119/><U13/><E76/><V61/><F117/><W104/><G104/><T11/><D133/><U107/><E114/><V10/><F112/><W93/><G126/><T59/><D67/><U132/><E107/><V57/><F123/><W83/><G110/><T37/><D37/><U21/><E121/><V106/><F134/><W85/><G3/><T8/><D42/><U47/><E92/><V128/><F10/><W105/><G105/><T116/><D116/><U39/><E45/><V135/><F23/><W16/><G41/><T25/><REACH who="0" step="1"/><D8/><REACH who="0" ten="167,300,303,220" step="2"/><N who="1" m="2151" /><E132/><V98/><F135/><W28/><G28/><T30/><D30/><U87/><E109/><V111/><F108/><W20/><REACH who="3" step="1"/><G49/><REACH who="3" ten="167,300,303,210" step="2"/><T75/><D75/><N who="1" m="43231" /><E125/><V31/><F111/><W91/><G91/><T17/><D17/><U60/><E39/><V56/><F31/><W113/><G113/><T50/><D50/><U5/><E131/><V127/><F127/><W84/><G84/><T77/><D77/><U36/><E87/><V46/><F128/><W51/><G51/><T95/><D95/><U35/><E36/><V82/><F129/><W80/><G80/><T1/><D1/><U34/><E5/><V22/><F106/><W66/><G66/><T122/><D122/><U27/><E60/><V130/><F130/><W70/><G70/><T64/><D64/><U74/><E74/><V33/><F62/><W102/><G102/><T40/><D40/><U90/><E90/><RYUUKYOKU ba="0,2" sc="167,15,300,-15,303,-15,210,15" hai0="11,14,18,25,29,32,58,59,63,65,71,94,100" hai3="9,15,16,19,20,24,26,72,79,83,85,89,93" /><INIT seed="3,1,2,5,4,84" ten="182,285,288,225" oya="3" hai0="111,93,129,119,69,48,54,133,105,104,10,25,107" hai1="106,44,85,2,112,27,124,109,62,60,127,92,34" hai2="102,22,74,40,87,51,31,116,59,100,125,72,128" hai3="126,35,117,115,9,64,66,46,76,131,36,99,21"/><W41/><G115/><T3/><D119/><U23/><E106/><V77/><F116/><W33/><G117/><T30/><D69/><U98/><E109/><V108/><F108/><W50/><G126/><N who="1" m="48170" /><E2/><V57/><F125/><W63/><G131/><T55/><D111/><U134/><E134/><V86/><F128/><W32/><G76/><T11/><D129/><U47/><E34/><V97/><F74/><W65/><G9/><T81/><D133/><U45/><E85/><N who="2" m="32267" /><F72/><W58/><G36/><T75/><D3/><U18/><E112/><V52/><F77/><W24/><REACH who="3" step="1"/><G99/><REACH who="3" ten="182,285,288,215" step="2"/><T26/><D75/><U130/><E130/><V67/><F97/><W123/><G123/><T78/><D78/><U82/><E82/><V1/><F1/><W56/><G56/><T4/><D81/><U8/><E8/><V28/><F59/><W42/><G42/><T96/><D10/><U0/><E0/><V135/><F40/><W80/><G80/><T90/><D48/><U12/><E12/><V79/><F135/><W103/><G103/><AGARI ba="1,3" hai="18,23,27,44,45,47,60,62,92,98,103" m="48170" machi="103" ten="30,1000,0" yaku="18,1" doraHai="84" who="1" fromWho="3" sc="182,0,285,43,288,0,215,-13" owari="182,-31.8,328,42.8,288,8.8,202,-19.8" /></mjloggm>