<mjloggm ver="2.3"><GO type="225" lobby="0"/><UN n0="%72%69%6F%75%63%68%61%6E" n1="%EF%BC%81%E3%81%BC%E3%81%9F%E3%82%82%E3%81%A1%EF%BC%81" n2="%E3%83%A2%E3%83%B3%E3%82%AD%E3%83%BC%E3%83%88%E3%83%AA%E3%83%83%E3%82%AF" n3="%E3%81%8C%E3%81%9F" dan="17,16,17,16" rate="2168.40,2144.10,2177.11,2130.13" sx="M,M,M,F"/><TAIKYOKU oya="0"/><INIT seed="0,0,0,1,2,52" ten="250,250,250,250" oya="0" hai0="64,114,100,124,104,135,108,131,16,98,119,97,86" hai1="132,6,66,60,24,1,78,11,55,75,31,0,35" hai2="5,4,38,59,56,111,42,61,76,12,67,84,22" hai3="95,34,49,37,8,109,90,94,30,81,116,130,36"/><T62/><D114/><U40/><E132/><V85/><F111/><W47/><G116/><T79/><D119/><U121/><E121/><V2/><F2/><W102/><G109/><T113/><D113/><U129/><E129/><V41/><F38/><W19/><G34/><T82/><D108/><U25/><E40/><N who="2" m="15467" /><F22/><W7/><G30/><T44/><D135/><U73/><E1/><V89/><F76/><W105/><G105/><T123/><D123/><U63/><E78/><V128/><F128/><W80/><G19/><T118/><D131/><U53/><E25/><V54/><F12/><W28/><G28/><T69/><D118/><U21/><E35/><V20/><F20/><W103/><G37/><T18/><D124/><U39/><E39/><V125/><F125/><W93/><G36/><T88/><REACH who="0" step="1"/><D44/><REACH who="0" ten="240,250,250,250" step="2"/><U17/><E31/><V32/><F32/><W110/><G110/><T127/><D127/><U50/><E63/><N who="2" m="38375" /><F84/><W99/><G130/><T43/><D43/><U134/><E134/><V101/><F101/><W72/><G102/><T57/><D57/><U58/><REACH who="1" step="1"/><E55/><REACH who="1" ten="240,240,250,250" step="2"/><V87/><F87/><W9/><G72/><T115/><D115/><U51/><E51/><V46/><F46/><AGARI ba="0,2" hai="0,6,11,17,21,24,46,50,53,58,60,66,73,75" machi="46" ten="30,7700,0" yaku="1,1,7,1,52,1,53,1" doraHai="52" doraHaiUra="14" who="1" fromWho="2" sc="240,0,240,97,250,-77,250,0" /><INIT seed="1,0,0,0,2,3" ten="240,337,173,250" oya="1" hai0="91,37,93,132,73,24,74,47,135,109,69,105,46" hai1="33,104,116,50,117,133,49,26,111,53,80,4,127" hai2="6,72,95,28,83,75,43,21,35,36,126,131,67" hai3="19,58,60,62,18,30,101,87,71,79,48,14,88"/><U42/><E104/><V84/><F35/><W16/><G101/><T32/><D109/><U10/><E133/><N who="0" m="51273" /><D105/><U17/><E127/><V34/><F126/><W20/><G79/><T0/><D69/><U63/><E111/><V120/><F34/><W114/><G114/><T119/><D119/><U59/><E80/><V9/><F120/><W89/><G71/><T92/><D0/><U23/><E33/><V68/><F131/><W125/><G125/><T82/><D37/><U66/><E42/><V57/><F68/><W86/><G30/><N who="0" m="19527" /><D93/><U29/><E29/><V52/><F67/><N who="3" m="39319" /><G48/><T130/><D130/><U94/><E94/><V11/><F95/><N who="3" m="54679" /><G62/><T25/><D25/><U100/><E100/><V122/><F36/><W54/><G54/><T5/><D82/><AGARI ba="0,0" hai="14,16,18,19,20,82,87,89" m="54679,39319" machi="82" ten="30,3900,0" yaku="8,1,54,2" doraHai="3" who="3" fromWho="0" sc="240,-39,337,0,173,0,250,39" /><INIT seed="2,0,0,1,1,29" ten="201,337,173,289" oya="2" hai0="54,40,91,72,20,71,15,99,26,6,97,133,98" hai1="2,65,34,125,19,77,122,70,31,9,81,62,22" hai2="124,84,82,12,76,88,17,36,7,101,100,58,111" hai3="46,106,115,113,18,0,102,39,87,129,126,67,51"/><V27/><F36/><W79/><G39/><T94/><D133/><U42/><E125/><V33/><F124/><W50/><G126/><T8/><D72/><U38/><E122/><V135/><F135/><W25/><G0/><T93/><D71/><U56/><E42/><V80/><F111/><W130/><G67/><T108/><D108/><U114/><E38/><V120/><F120/><W63/><G63/><T117/><D117/><U85/><E114/><N who="3" m="43530" /><G102/><T73/><D73/><U69/><E31/><V132/><F7/><W16/><G106/><T53/><D40/><U90/><E34/><V109/><F132/><W52/><G51/><T64/><D64/><U123/><E123/><V49/><F109/><W112/><G112/><T59/><D59/><U37/><E37/><V103/><F33/><W74/><G74/><T104/><D104/><U44/><E44/><V92/><F27/><W30/><G87/><T5/><D5/><U13/><E2/><V28/><F28/><W131/><G79/><T96/><REACH who="0" step="1"/><D93/><REACH who="0" ten="191,337,173,289" step="2"/><U10/><E70/><V47/><F58/><W60/><G60/><T61/><D61/><U24/><E69/><V41/><REACH who="2" step="1"/><F76/><REACH who="2" ten="191,337,163,289" step="2"/><W134/><G134/><T86/><D86/><U83/><E77/><V118/><F118/><W14/><G131/><T1/><D1/><U4/><E56/><V116/><F116/><W75/><G130/><T127/><D127/><U128/><E128/><V119/><F119/><W121/><G129/><T107/><D107/><U95/><E4/><V78/><F78/><W35/><G121/><T32/><D32/><U11/><E83/><RYUUKYOKU ba="0,2" sc="191,15,337,-15,163,15,289,-15" hai0="6,8,15,20,26,53,54,91,94,96,97,98,99" hai2="12,17,41,47,49,80,82,84,88,92,100,101,103" /><INIT seed="2,1,2,4,3,18" ten="206,322,178,274" oya="2" hai0="3,12,45,28,6,46,27,55,22,61,94,59,83" hai1="101,119,96,93,86,120,8,5,71,118,67,52,70" hai2="79,113,117,0,35,58,108,123,66,107,48,74,33" hai3="132,78,63,104,36,60,11,73,72,116,131,19,133"/><V135/><RYUUKYOKU type="yao9" ba="1,2" sc="206,0,322,0,178,0,274,0" hai2="0,33,35,48,58,66,74,79,107,108,113,117,123,135" /><INIT seed="2,2,2,2,2,56" ten="206,322,178,274" oya="2" hai0="8,5,93,16,108,97,17,124,4,0,29,131,70" hai1="120,109,111,57,40,92,104,98,75,96,65,35,32" hai2="59,9,117,105,84,45,116,64,85,125,103,81,91" hai3="13,72,100,11,73,95,55,2,129,41,14,46,87"/><V128/><F125/><W86/><G2/><T62/><D124/><U47/><E75/><V42/><F128/><W66/><G129/><T52/><D131/><U88/><E120/><V80/><F105/><W119/><G119/><T21/><D108/><N who="1" m="41547" /><E65/><V76/><F103/><W126/><G126/><T118/><D118/><U114/><E114/><V18/><F64/><W58/><G66/><T31/><D70/><U133/><E57/><V113/><F113/><W20/><G72/><T77/><D77/><U19/><E133/><V6/><F18/><N who="0" m="7274" /><D0/><U38/><E19/><V132/><F59/><W90/><G20/><T25/><D29/><U23/><E23/><V135/><F135/><W7/><G73/><T134/><D134/><U1/><E1/><V51/><REACH who="2" step="1"/><F132/><REACH who="2" ten="206,322,168,274" step="2"/><W123/><G100/><AGARI ba="2,3" hai="32,35,38,40,47,88,92,96,98,100,104" m="41547" machi="100" ten="30,2000,0" yaku="14,1,54,1" doraHai="56" who="1" fromWho="3" sc="206,0,322,56,168,0,274,-26" /><INIT seed="3,0,0,5,3,56" ten="206,378,168,248" oya="3" hai0="28,93,130,47,102,29,19,96,107,116,83,108,76" hai1="10,61,131,14,33,11,16,58,6,69,126,2,98" hai2="65,18,117,42,84,1,122,24,91,55,105,43,41" hai3="124,60,20,46,22,37,35,110,118,34,79,81,39"/><W72/><G118/><T59/><D116/><U95/><E33/><V17/><F122/><W103/><G124/><T86/><D108/><U12/><E69/><V9/><F117/><W38/><G110/><T49/><D130/><U62/><E131/><V36/><F105/><W68/><G46/><T132/><D132/><U66/><E126/><V92/><F65/><W94/><G35/><T23/><D107/><U88/><REACH who="1" step="1"/><E62/><REACH who="1" ten="206,368,168,248" step="2"/><V123/><F123/><W112/><G34/><T100/><D59/><U114/><E114/><V135/><F36/><W113/><G113/><T32/><D32/><U5/><E5/><V99/><F135/><W129/><G129/><T97/><D102/><U89/><E89/><V125/><F125/><W115/><G115/><T85/><D97/><U4/><E4/><V77/><F1/><AGARI ba="0,1" hai="1,2,6,10,11,12,14,16,58,61,66,88,95,98" machi="1" ten="40,8000,1" yaku="1,1,52,1,54,2,53,0" doraHai="56" doraHaiUra="21" who="1" fromWho="2" sc="206,0,368,90,168,-80,248,0" owari="206,-19.4,458,55.8,88,-41.2,248,4.8" /></mjloggm>