<mjloggm ver="2.3"><GO type="225" lobby="0"/><UN n0="%54%4F%52" n1="%72%69%6F%75%63%68%61%6E" n2="%61%69%73%79%6F" n3="%E6%A0%B9%E5%85%83%E3%81%8B%E3%82%89%E5%90%B9%E3%81%A3%E9%A3%9B%E3%81%B6" dan="17,17,17,17" rate="2237.05,2173.12,2234.33,2185.20" sx="M,M,M,F"/><TAIKYOKU oya="0"/><INIT seed="0,0,0,3,2,64" ten="250,250,250,250" oya="0" hai0="30,68,135,73,127,122,88,77,35,66,106,131,14" hai1="108,115,59,12,95,94,102,96,27,79,20,90,124" hai2="21,60,125,103,18,2,32,84,38,109,100,78,110" hai3="24,126,92,93,85,69,55,105,23,57,118,47,107"/><T19/><D122/><U99/><E108/><N who="2" m="41579" /><F32/><W134/><G118/><T42/><D106/><U91/><E124/><V39/><F2/><W58/><G134/><T6/><D135/><U128/><E128/><V41/><F125/><W62/><G126/><T80/><D127/><U16/><E115/><V26/><F60/><W132/><G132/><T40/><D131/><U74/><E59/><V53/><F53/><W4/><G4/><T50/><D6/><U61/><E61/><V51/><F51/><W123/><G47/><T3/><D3/><U75/><E79/><V11/><F11/><W89/><G58/><T72/><D72/><U97/><REACH who="1" step="1"/><E27/><REACH who="1" ten="250,240,250,250" step="2"/><V133/><F133/><W31/><G57/><T112/><D112/><U111/><E111/><V17/><F78/><W25/><G62/><T82/><D77/><U76/><E76/><V86/><F26/><W1/><G25/><T101/><D73/><U37/><E37/><V29/><F39/><W104/><G24/><T81/><D50/><U98/><E98/><V9/><F38/><W63/><G69/><T83/><D30/><U15/><E15/><N who="2" m="7407" /><F29/><W44/><G31/><T120/><D35/><U54/><E54/><V36/><F84/><W34/><G55/><T113/><D14/><U70/><E70/><V121/><F86/><W65/><G63/><T116/><D68/><U48/><E48/><V67/><F67/><W71/><G65/><T33/><D66/><U56/><E56/><V130/><F130/><W117/><G71/><T45/><D33/><U52/><E52/><V13/><F121/><W8/><G34/><RYUUKYOKU ba="0,1" sc="250,-15,240,15,250,15,250,-15" hai1="12,16,20,74,75,90,91,94,95,96,97,99,102" hai2="13,18,21,36,41,100,103" /><INIT seed="1,1,1,0,2,93" ten="235,255,265,235" oya="1" hai0="95,104,66,105,12,21,47,101,7,45,49,74,90" hai1="5,52,8,64,53,71,18,34,22,2,14,31,11" hai2="4,40,91,85,133,113,98,29,132,84,35,10,37" hai3="25,26,68,88,110,9,27,97,13,124,79,54,20"/><U59/><E71/><V63/><F113/><W60/><G110/><T23/><D74/><U15/><E64/><V92/><F35/><W3/><G3/><T115/><D115/><U123/><E123/><V83/><F29/><W102/><G79/><T117/><D117/><U80/><E80/><V131/><F37/><W111/><G111/><T135/><D135/><N who="2" m="51786" /><F40/><W134/><G124/><T119/><D119/><U77/><E77/><V57/><F131/><W33/><G33/><T122/><D122/><U38/><E38/><V0/><F83/><W17/><G134/><T44/><D66/><AGARI ba="1,1" hai="0,4,10,57,63,66,84,85,91,92,98" m="51786" machi="66" ten="30,2000,0" yaku="20,1,52,1" doraHai="93" who="2" fromWho="0" sc="235,-23,255,0,265,33,235,0" /><INIT seed="2,0,0,1,4,41" ten="212,255,298,235" oya="2" hai0="28,15,37,85,9,113,33,125,81,65,91,4,32" hai1="74,8,75,42,50,96,12,67,7,88,76,108,55" hai2="71,53,6,34,59,129,97,105,2,77,69,22,56" hai3="111,131,63,98,39,23,54,116,48,10,68,36,82"/><V102/><F129/><W99/><G116/><T106/><D113/><U30/><E108/><V90/><F34/><W122/><G122/><T94/><D106/><U121/><E121/><V21/><F77/><W38/><G111/><T119/><D119/><U73/><E67/><V5/><F90/><W29/><G131/><T126/><D37/><U70/><E70/><V104/><F97/><W124/><G124/><N who="0" m="47723" /><D65/><U100/><E30/><V0/><REACH who="2" step="1"/><F53/><REACH who="2" ten="212,255,288,235" step="2"/><W130/><G130/><T45/><D33/><U57/><E88/><V31/><F31/><W64/><G99/><T25/><D81/><U47/><E76/><V16/><F16/><W112/><G98/><T93/><D93/><U83/><E83/><V120/><F120/><W35/><G82/><T92/><D94/><U43/><REACH who="1" step="1"/><E57/><REACH who="1" ten="212,245,288,235" step="2"/><V114/><F114/><W84/><G112/><T128/><D128/><U58/><E58/><V72/><F72/><W78/><G78/><T89/><D89/><U17/><E17/><V46/><F46/><AGARI ba="0,2" hai="4,9,15,25,28,32,45,46,85,91,92" m="47723" machi="46" ten="30,3900,0" yaku="18,1,52,2" doraHai="41" who="0" fromWho="2" sc="212,59,245,0,288,-39,235,0" /><INIT seed="3,0,0,4,4,18" ten="271,245,249,235" oya="3" hai0="54,8,130,115,85,53,121,132,87,128,129,104,124" hai1="62,95,37,112,49,7,75,120,22,100,93,39,97" hai2="51,30,24,1,109,119,90,34,101,106,74,0,114" hai3="29,45,118,113,15,125,79,69,35,14,11,57,96"/><W78/><G113/><T71/><D121/><U135/><E120/><V16/><F114/><W12/><G118/><T41/><D115/><U3/><E112/><V83/><F119/><W64/><G125/><T9/><D104/><U2/><E135/><V33/><F33/><W102/><G69/><T126/><D71/><U55/><E75/><V21/><F109/><W42/><G35/><T44/><D132/><U6/><E62/><V46/><F101/><W10/><G29/><T123/><D123/><U67/><E67/><V105/><F105/><W40/><G11/><N who="0" m="4171" /><D41/><N who="3" m="15977" /><G45/><T84/><D44/><U111/><E111/><V38/><F38/><W20/><G10/><T4/><D4/><U99/><E55/><AGARI ba="0,0" hai="53,54,55,84,85,87,124,126,128,129,130" m="4171" machi="55" ten="40,5200,0" yaku="28,2,19,1" doraHai="18" who="0" fromWho="1" sc="271,52,245,-52,249,0,235,0" owari="323,42.3,193,-30.7,249,4.9,235,-16.5" /></mjloggm>