<mjloggm ver="2.3"><GO type="225" lobby="0"/><UN n0="%E3%83%A1%E3%82%AC%E3%83%87%E3%82%B8" n1="%E3%81%95%E3%81%8D%E3%81%9F%E3%81%BE%E6%9E%97%E6%AA%8E" n2="%E3%81%A1%E3%82%85%E3%81%86%E3%81%A9%E3%81%8F%E8%B1%A1%E3%81%95%E3%82%93" n3="%E5%B8%86%E7%AB%8B%E5%A4%8F%E8%A1%A3" dan="16,16,17,17" rate="2135.58,2143.96,2213.31,2157.06" sx="F,M,M,M"/><TAIKYOKU oya="0"/><INIT seed="0,0,0,5,3,97" ten="250,250,250,250" oya="0" hai0="78,106,1,95,15,125,47,81,133,110,77,38,31" hai1="5,120,65,86,104,29,105,100,56,90,37,20,0" hai2="62,130,52,63,118,103,23,73,2,135,69,61,87" hai3="68,74,101,79,48,58,94,92,131,124,45,64,13"/><T71/><D106/><U134/><E120/><V85/><F73/><W111/><G111/><T54/><D1/><U119/><E119/><V127/><F2/><W16/><G124/><T91/><D71/><U117/><E117/><V33/><F33/><W34/><G34/><T25/><D125/><U84/><E37/><V26/><F118/><W75/><G68/><T122/><D122/><U108/><E108/><V88/><F127/><W126/><G131/><T129/><D129/><U60/><E134/><V53/><F69/><W32/><G32/><T89/><D133/><U43/><E43/><V6/><F135/><W7/><G7/><T42/><D110/><U8/><E84/><V12/><F130/><W83/><G75/><T115/><D115/><U39/><E39/><V9/><F103/><W51/><G101/><T14/><D54/><U46/><E46/><V76/><F76/><W116/><G116/><T96/><D91/><U98/><E29/><N who="2" m="17631" /><F87/><N who="3" m="48639" /><G126/><T121/><D77/><U109/><E109/><V41/><F41/><N who="3" m="24623" /><G74/><T21/><REACH who="0" step="1"/><D121/><REACH who="0" ten="240,250,250,250" step="2"/><U4/><E105/><V17/><F6/><W99/><G99/><T18/><D18/><U3/><E5/><V35/><F35/><W72/><G72/><AGARI ba="0,1" hai="14,15,21,25,31,38,42,47,72,78,81,89,95,96" machi="72" ten="30,2900,0" yaku="1,1,7,1,53,0" doraHai="97" doraHaiUra="114" who="0" fromWho="3" sc="240,39,250,0,250,0,250,-29" /><INIT seed="0,1,0,3,5,49" ten="279,250,250,221" oya="0" hai0="40,3,82,112,72,134,25,98,124,26,74,31,50" hai1="2,101,76,123,42,45,33,55,119,15,125,29,109" hai2="81,128,75,129,93,105,71,84,22,78,64,53,30" hai3="118,90,102,126,133,95,41,96,111,83,57,9,131"/><T67/><D112/><U51/><E109/><V0/><F0/><W5/><G111/><T66/><D3/><U115/><E119/><V132/><F105/><W62/><G118/><T32/><D134/><U104/><E2/><V113/><F113/><W94/><G133/><T99/><D124/><U110/><E110/><V7/><F7/><W16/><G131/><N who="2" m="50249" /><F132/><W103/><G126/><T23/><D82/><U117/><E115/><V88/><F64/><W11/><G41/><T39/><D39/><U63/><E125/><V122/><F71/><W17/><G83/><T135/><D135/><U91/><E117/><V108/><F108/><W48/><G48/><T12/><D12/><U77/><E123/><V14/><F122/><W97/><G90/><T46/><D67/><U89/><E89/><V10/><F10/><N who="3" m="3595" /><G5/><T38/><D66/><AGARI ba="1,0" hai="16,17,57,62,66,94,95,96,97,102,103" m="3595" machi="66" ten="30,2000,0" yaku="8,1,54,1" doraHai="49" who="3" fromWho="0" sc="279,-23,250,0,250,0,221,23" /><INIT seed="1,0,0,1,4,67" ten="256,250,250,244" oya="1" hai0="55,62,13,56,96,75,14,72,65,94,83,104,105" hai1="37,130,35,54,129,12,66,1,132,70,80,28,85" hai2="24,26,125,43,131,44,7,126,3,61,87,74,15" hai3="127,30,79,23,68,52,33,11,110,41,77,17,123"/><U51/><E1/><V97/><F74/><W93/><G123/><T18/><D14/><U106/><E106/><V88/><F3/><W117/><G117/><T45/><D105/><U27/><E37/><V112/><F112/><W39/><G110/><T134/><D104/><U109/><E109/><V36/><F61/><W9/><G127/><N who="2" m="48649" /><F97/><W38/><G33/><T89/><D134/><U133/><E12/><V92/><F131/><N who="1" m="50185" /><E66/><V100/><F100/><W108/><G108/><T8/><D45/><N who="1" m="28015" /><E70/><V58/><F58/><W82/><G68/><T114/><D114/><U73/><E73/><V32/><F32/><W128/><G128/><T4/><D4/><U84/><E84/><V118/><F118/><W59/><G39/><T57/><REACH who="0" step="1"/><D83/><REACH who="0" ten="246,250,250,244" step="2"/><U111/><E111/><V46/><F46/><W53/><G82/><T95/><D95/><U122/><E122/><V91/><F7/><W103/><G93/><T0/><D0/><U135/><E133/><V6/><F6/><W5/><G5/><T69/><D69/><U71/><E71/><V42/><F15/><W2/><G2/><T116/><D116/><U20/><E135/><V60/><F92/><W90/><G59/><T19/><D19/><U63/><E132/><V76/><F36/><W48/><G38/><T121/><D121/><U40/><E80/><N who="2" m="47495" /><F44/><W101/><G17/><T78/><D78/><U47/><E47/><V115/><F115/><W113/><G113/><T120/><D120/><U34/><E28/><V25/><F42/><W119/><G41/><T22/><D22/><U107/><E40/><V99/><F43/><RYUUKYOKU ba="0,1" sc="246,30,250,-10,250,-10,244,-10" hai0="8,13,18,55,56,57,62,65,72,75,89,94,96" /><INIT seed="2,1,1,1,5,48" ten="276,240,240,234" oya="2" hai0="54,17,50,39,125,66,27,19,121,72,111,126,113" hai1="55,110,101,15,119,36,33,86,96,41,61,117,11" hai2="84,56,116,59,44,92,90,82,71,47,104,98,49" hai3="133,32,120,108,129,68,57,53,91,93,107,112,65"/><V34/><F116/><W45/><G32/><T130/><D39/><U70/><E110/><V131/><F71/><W43/><G120/><T123/><D111/><U89/><E33/><V134/><F34/><W3/><G108/><T81/><D66/><U7/><E36/><V52/><F134/><W97/><G133/><T127/><D113/><U5/><E5/><V114/><F114/><W83/><G129/><T23/><D130/><U38/><E38/><V63/><F131/><W87/><G112/><T80/><D17/><U124/><E124/><V79/><F104/><W20/><G3/><T30/><D30/><U28/><E28/><V35/><F35/><W74/><G68/><T8/><D8/><U18/><E7/><V95/><F95/><W109/><G109/><T85/><D72/><U37/><E37/><V12/><F12/><W76/><G20/><T0/><D0/><U1/><E1/><V73/><F73/><W24/><G24/><T135/><D135/><U88/><E41/><V64/><AGARI ba="1,1" hai="44,47,49,52,56,59,63,64,79,82,84,90,92,98" machi="64" ten="20,12000,1" yaku="0,1,7,1,8,1,52,1,54,1" doraHai="48" who="2" fromWho="2" sc="276,-41,240,-41,240,133,234,-41" /><INIT seed="2,2,0,4,3,108" ten="235,199,373,193" oya="2" hai0="73,78,59,119,69,132,61,105,28,4,35,76,37" hai1="72,38,104,94,55,49,109,106,33,113,87,10,52" hai2="25,41,43,57,97,95,102,64,9,15,82,20,36" hai3="2,50,127,70,54,23,3,1,110,135,40,100,60"/><V39/><F82/><W53/><G110/><T88/><D37/><U29/><E109/><V96/><F96/><W128/><G128/><T116/><D105/><U31/><E72/><V11/><F36/><W71/><G127/><T44/><D69/><U91/><E38/><V56/><F39/><W42/><G135/><T32/><D44/><U99/><E113/><V92/><F92/><W45/><G100/><T22/><D4/><U122/><E122/><V8/><F15/><W83/><G23/><T18/><D132/><U120/><E120/><V114/><F114/><W26/><G26/><N who="0" m="14679" /><D73/><U85/><E106/><V51/><F57/><W123/><G123/><T17/><D17/><U27/><E31/><N who="2" m="17831" /><F51/><W129/><G129/><T47/><D47/><U58/><E104/><V14/><F14/><W130/><G130/><T84/><D78/><U75/><E75/><V16/><F16/><W117/><G117/><N who="0" m="45131" /><D76/><U86/><REACH who="1" step="1"/><E55/><REACH who="1" ten="235,189,373,193" step="2"/><V111/><F111/><W21/><G54/><N who="0" m="34039" /><D28/><U80/><E80/><AGARI ba="2,1" hai="32,35,80,84,88" m="34039,45131,14679" machi="80" ten="30,2000,0" yaku="12,1,54,1" doraHai="108" who="0" fromWho="1" sc="235,36,189,-26,373,0,193,0" /><INIT seed="3,0,0,3,3,110" ten="271,163,373,193" oya="3" hai0="5,68,25,65,59,34,127,77,121,91,88,39,87" hai1="72,116,102,113,55,106,129,90,124,114,46,17,99" hai2="23,48,20,19,125,14,8,0,96,70,76,130,24" hai3="35,78,120,73,54,66,10,33,30,60,6,117,84"/><W109/><G117/><T7/><D68/><U98/><E17/><V43/><F70/><N who="3" m="42311" /><G54/><T111/><D39/><U123/><E55/><V108/><F0/><N who="3" m="327" /><G84/><T103/><D111/><U82/><E46/><V16/><F108/><W105/><G109/><T62/><D121/><U94/><E123/><V37/><F37/><W126/><G120/><T3/><D103/><U41/><E41/><V80/><F96/><W89/><G89/><T133/><D77/><N who="1" m="44327" /><E116/><V79/><F20/><W57/><G57/><T93/><D91/><U29/><E29/><V22/><F23/><W118/><G118/><T64/><D93/><U45/><E45/><V112/><F19/><W104/><G126/><T47/><D87/><U49/><E49/><V52/><F22/><W44/><G44/><T12/><D127/><U42/><E42/><V134/><F43/><W92/><G92/><T11/><D47/><U135/><E124/><V86/><F48/><W21/><G21/><T69/><D59/><U61/><E61/><V67/><F86/><W75/><G75/><T38/><D62/><U56/><E56/><V119/><F14/><W15/><G15/><T36/><D12/><U128/><E135/><V31/><F16/><W83/><G30/><T131/><D133/><U13/><E13/><V40/><F31/><W81/><G81/><T58/><D58/><U4/><E4/><V63/><F80/><W95/><G95/><T71/><D7/><U107/><E107/><AGARI ba="0,0" hai="33,35,73,78,83,104,105,107" m="327,42311" machi="107" ten="30,2900,0" yaku="33,2" doraHai="110" who="3" fromWho="1" sc="271,0,163,-29,373,0,193,29" /><INIT seed="3,1,0,0,4,84" ten="271,134,373,222" oya="3" hai0="73,96,16,98,4,129,66,40,58,28,9,132,18" hai1="22,111,110,120,112,81,105,127,76,37,32,67,45" hai2="95,116,62,122,54,25,80,34,64,94,30,48,65" hai3="114,0,12,90,101,121,49,135,60,57,39,125,79"/><W115/><G39/><T21/><D73/><U38/><E112/><V91/><F116/><W88/><G0/><T107/><D129/><U13/><E13/><V134/><F134/><W126/><G121/><T86/><D40/><U14/><E14/><V87/><F122/><W33/><G33/><T124/><D132/><U83/><E22/><V17/><F17/><W103/><G49/><T104/><D28/><U130/><E120/><V19/><F19/><W92/><G79/><T75/><D75/><U56/><E56/><V52/><F54/><N who="3" m="33847" /><G12/><T117/><D107/><U11/><E11/><V36/><F36/><W99/><G103/><T23/><D104/><U5/><E5/><V113/><F113/><N who="3" m="43019" /><G135/><T7/><D7/><U51/><E105/><V93/><REACH who="2" step="1"/><F62/><REACH who="2" ten="271,134,363,222" step="2"/><W26/><G26/><T61/><D61/><U6/><E6/><V70/><F70/><W31/><G31/><T68/><D4/><U74/><E38/><V100/><F100/><W108/><G108/><T29/><D68/><U44/><E37/><V3/><F3/><W53/><G53/><T2/><D2/><U123/><E123/><V102/><F102/><W133/><G133/><T77/><D29/><U89/><E111/><V35/><F35/><W20/><G20/><T71/><D21/><U1/><E32/><V55/><F55/><W47/><G47/><AGARI ba="1,1" hai="25,30,34,47,48,52,64,65,80,87,91,93,94,95" machi="47" ten="40,8000,1" yaku="1,1,52,1,54,1,53,1" doraHai="84" doraHaiUra="46" who="2" fromWho="3" sc="271,0,134,0,363,93,222,-83" owari="271,7.1,134,-36.6,456,55.6,139,-26.1" /></mjloggm>