<mjloggm ver="2.3"><GO type="225" lobby="0"/><UN n0="%E8%81%B7%E6%A5%AD%E3%80%81%E9%A2%A8%32" n1="%73%6C%69%63%6B%33%31%39" n2="%38%63%E3%81%AF%E3%81%A3%E3%81%97%E3%83%BC" n3="%E3%83%A9%E3%83%BC%E3%83%A1%E3%83%B3%E4%BA%94%E9%83%8E" dan="16,16,16,16" rate="2138.69,2116.44,2123.32,2069.12" sx="M,M,M,M"/><TAIKYOKU oya="0"/><INIT seed="0,0,0,0,3,104" ten="250,250,250,250" oya="0" hai0="68,42,100,27,101,20,33,111,99,105,40,135,113" hai1="70,53,102,65,52,24,2,63,38,55,56,58,17" hai2="66,51,18,127,28,76,107,23,1,95,22,106,7" hai3="21,60,108,62,114,9,112,83,48,10,46,87,90"/><T57/><D68/><U69/><E2/><V36/><F36/><W116/><G116/><T30/><D113/><U64/><E102/><V96/><F127/><W117/><G117/><T84/><D135/><U19/><E24/><V128/><F128/><W54/><G108/><T11/><D111/><U41/><E17/><V109/><F7/><W75/><G114/><T12/><D101/><U59/><E19/><V4/><F4/><W122/><G112/><T120/><D120/><U47/><E69/><V73/><F1/><W35/><G35/><T97/><D97/><U8/><E8/><N who="3" m="3178" /><G75/><T79/><D57/><U0/><E0/><V13/><F66/><AGARI ba="0,0" hai="38,41,47,52,53,55,56,58,59,63,64,65,66,70" machi="66" ten="40,12000,2" yaku="35,6,54,1" doraHai="104" who="1" fromWho="2" sc="250,0,250,120,250,-120,250,0" /><INIT seed="1,0,0,1,1,13" ten="250,370,130,250" oya="1" hai0="29,10,8,0,25,114,128,73,96,47,120,17,123" hai1="24,21,68,110,82,69,87,98,43,22,121,34,108" hai2="103,49,94,26,42,2,104,59,115,113,52,7,119" hai3="6,45,18,3,100,57,30,60,44,62,122,9,53"/><U116/><E116/><V35/><F104/><W131/><G131/><T133/><D73/><U127/><E121/><N who="0" m="46665" /><D47/><U134/><E134/><V65/><F119/><W27/><G122/><T51/><D51/><U77/><E127/><V63/><F42/><W37/><G100/><T117/><D96/><U46/><E34/><V39/><F39/><W14/><G37/><T36/><D36/><U107/><E107/><V93/><F7/><W19/><G62/><T15/><D117/><U1/><E1/><V83/><F2/><W66/><G66/><T38/><D38/><N who="1" m="21879" /><E21/><V95/><F83/><W88/><G88/><T125/><D114/><U48/><E98/><V78/><F78/><W75/><G75/><T81/><D81/><U102/><E48/><V41/><F41/><W126/><G126/><T4/><D125/><U71/><E102/><V111/><F103/><W91/><G91/><T101/><D101/><U5/><E5/><V106/><F106/><W12/><G3/><T32/><D133/><U40/><E40/><V97/><F97/><W20/><REACH who="3" step="1"/><G6/><REACH who="3" ten="250,370,130,240" step="2"/><T80/><D80/><U64/><E64/><V28/><REACH who="2" step="1"/><F111/><REACH who="2" ten="250,370,120,240" step="2"/><W105/><G105/><T84/><D0/><U58/><E108/><V135/><F135/><W33/><AGARI ba="0,2" hai="9,12,14,18,19,20,27,30,33,44,45,53,57,60" machi="33" ten="20,8000,1" yaku="1,1,0,1,7,1,52,2,53,0" doraHai="13" doraHaiUra="89" who="3" fromWho="3" sc="250,-20,370,-40,120,-20,240,100" /><INIT seed="2,0,0,5,0,116" ten="230,330,100,340" oya="2" hai0="84,124,33,126,72,6,73,20,131,117,120,75,54" hai1="94,127,112,78,101,125,27,24,45,104,61,12,21" hai2="40,32,49,69,71,63,34,106,107,82,87,51,103" hai3="119,0,130,58,97,115,56,95,44,89,42,108,118"/><V46/><F51/><W99/><G0/><T47/><D33/><U98/><E112/><V128/><F128/><W85/><G130/><T122/><D131/><U28/><E78/><V38/><F38/><W76/><G115/><T96/><D117/><U91/><E12/><V114/><F114/><W64/><G108/><T43/><D6/><U25/><E45/><V93/><F93/><W57/><G64/><T65/><D65/><U11/><E11/><V36/><F36/><W67/><G67/><T14/><D54/><U90/><E61/><V88/><F63/><W7/><G7/><T37/><D84/><N who="1" m="52551" /><E91/><V133/><F133/><W10/><G10/><T15/><D96/><U77/><E77/><V129/><F129/><W22/><G118/><T35/><D35/><U30/><E30/><V5/><F5/><W70/><G70/><T123/><D20/><U62/><E62/><V4/><F4/><W26/><G119/><T81/><D81/><U48/><E48/><V132/><F132/><W134/><G76/><T50/><D37/><U74/><E74/><V60/><F60/><W13/><G13/><T52/><D43/><U100/><E100/><V18/><F18/><N who="3" m="12631" /><G134/><T31/><D31/><U121/><E121/><V102/><F34/><W111/><G111/><T19/><D19/><U66/><E66/><V86/><F32/><W59/><N who="3" m="14336" /><DORA hai="105" /><W79/><G79/><T16/><D16/><U8/><E8/><V109/><F109/><W29/><G29/><T83/><D83/><U80/><E80/><V39/><F39/><W113/><G113/><T23/><D23/><RYUUKYOKU ba="0,0" sc="230,10,330,10,100,-30,340,10" hai0="14,15,47,50,52,72,73,75,120,122,123,124,126" hai1="21,24,25,27,28,98,101,104,125,127" hai3="42,44,85,89,95,97,99" /><INIT seed="3,1,0,0,5,132" ten="240,340,70,350" oya="3" hai0="36,18,82,74,65,60,39,90,71,41,14,17,5" hai1="58,115,53,19,78,40,38,86,67,100,22,12,27" hai2="101,63,30,96,70,127,10,68,45,114,9,55,54" hai3="8,83,88,108,69,64,122,57,59,44,75,1,20"/><W48/><G122/><T13/><D5/><U49/><E115/><V84/><F84/><N who="3" m="50207" /><G69/><T25/><D25/><U116/><E116/><V76/><F76/><W4/><G75/><T43/><D36/><U34/><E100/><V62/><F30/><W77/><G1/><T21/><D39/><U15/><E34/><V133/><F101/><W117/><G117/><T134/><D134/><U97/><E97/><V124/><F133/><W2/><G2/><T121/><D121/><U66/><E40/><V35/><F96/><W99/><G108/><T51/><D51/><U126/><E38/><V118/><F45/><W120/><G120/><T91/><D91/><U106/><E106/><V107/><F118/><W56/><G77/><T23/><REACH who="0" step="1"/><D74/><REACH who="0" ten="230,340,70,350" step="2"/><U0/><E0/><V103/><F103/><W119/><G119/><T73/><D73/><U81/><E126/><V95/><F95/><W87/><G4/><T131/><D131/><U46/><E46/><V7/><F7/><W16/><G44/><T93/><D93/><U111/><E111/><V32/><REACH who="2" step="1"/><F107/><REACH who="2" ten="230,340,60,350" step="2"/><W130/><G130/><T29/><D29/><U92/><E92/><V105/><F105/><W129/><G129/><T33/><D33/><U125/><E125/><V109/><F109/><W104/><G104/><T89/><D89/><U6/><E6/><V11/><F11/><W135/><G135/><T110/><D110/><U80/><E80/><V47/><F47/><W26/><G8/><T28/><D28/><U52/><E53/><V31/><F31/><W72/><G72/><T24/><D24/><U112/><E112/><AGARI ba="1,2" hai="9,10,32,35,54,55,62,63,68,70,112,114,124,127" machi="112" ten="25,16000,3" yaku="1,1,6,1,22,2,52,2,53,2" doraHai="132" doraHaiUra="50" who="2" fromWho="1" sc="230,0,340,-163,60,183,350,0" owari="230,-17.0,177,-32.3,243,4.3,350,45.0" /></mjloggm>