<mjloggm ver="2.3"><GO type="225" lobby="0"/><UN n0="%E3%81%82%E3%81%99%E3%81%AB%E3%82%83%E3%82%80" n1="%6D%75%75%73%61%6E%6D%75" n2="%E6%B4%BE%E9%81%A3%E3%81%AE%E3%82%B8%E3%83%A3%E3%83%83%E3%82%AF" n3="%E6%B0%B7%E5%B7%9D%E9%87%8C%E5%A5%88" dan="16,16,17,16" rate="2099.11,2116.62,2198.93,2103.85" sx="F,F,M,F"/><TAIKYOKU oya="0"/><INIT seed="0,0,0,4,0,56" ten="250,250,250,250" oya="0" hai0="15,26,114,117,80,22,8,17,51,107,69,36,60" hai1="52,83,61,81,32,118,46,92,6,98,48,109,88" hai2="55,7,90,33,73,14,87,44,70,20,116,94,86" hai3="84,0,40,101,41,19,38,112,34,102,28,126,23"/><T21/><D36/><U134/><E118/><V39/><F33/><W119/><G119/><T5/><D117/><U121/><E121/><V27/><F73/><W129/><G112/><T96/><D114/><U58/><E32/><V75/><F75/><W50/><G38/><T25/><D80/><U2/><E109/><V35/><F35/><W74/><G74/><T11/><D51/><U91/><E134/><V18/><F116/><W68/><G0/><T108/><D108/><U47/><E47/><V122/><F70/><W53/><G129/><T77/><D77/><U16/><E6/><V125/><F125/><W113/><G68/><T66/><D107/><U97/><E2/><V57/><F122/><W115/><G126/><T65/><D65/><N who="1" m="39095" /><E16/><N who="2" m="12679" /><F39/><W12/><G115/><T104/><D5/><U133/><E133/><V106/><F106/><W64/><G113/><T120/><D120/><U45/><E45/><V103/><F103/><W10/><G34/><T72/><D72/><U93/><AGARI ba="0,0" hai="46,48,52,81,83,88,91,92,93,97,98" m="39095" machi="93" ten="30,7900,0" yaku="8,1,52,1,54,2" doraHai="56" who="1" fromWho="1" sc="250,-39,250,79,250,-20,250,-20" /><INIT seed="1,0,0,5,2,82" ten="211,329,230,230" oya="1" hai0="46,93,96,94,130,34,58,102,23,125,73,1,85" hai1="42,27,51,39,66,5,111,43,9,107,92,28,106" hai2="52,72,95,44,54,115,110,20,10,2,53,100,12" hai3="3,31,90,108,97,89,57,14,50,32,75,40,126"/><U29/><E39/><V38/><F72/><W22/><G75/><T118/><D34/><U81/><E111/><V71/><F71/><W59/><G3/><T121/><D1/><U16/><E92/><V103/><F115/><W17/><G108/><T124/><D73/><U79/><E66/><V128/><F128/><W77/><G126/><N who="0" m="48747" /><D118/><U37/><E37/><V45/><F110/><W119/><G77/><T26/><D130/><U4/><E106/><V132/><F132/><W61/><G119/><T65/><D46/><N who="2" m="18026" /><F2/><W11/><G32/><T80/><D121/><U13/><E51/><V15/><F38/><W24/><G97/><T67/><D58/><N who="3" m="22025" /><G61/><T8/><D8/><U25/><E107/><V21/><F95/><W69/><G69/><T55/><D55/><U76/><E9/><V36/><F36/><W122/><G122/><T113/><D94/><U98/><E98/><V133/><F133/><W30/><G30/><N who="0" m="17759" /><D113/><U70/><E70/><V7/><F20/><W114/><G114/><T19/><D19/><AGARI ba="0,0" hai="7,10,12,15,19,21,52,53,54,100,103" m="18026" machi="19" ten="30,2000,0" yaku="8,1,54,1" doraHai="82" who="2" fromWho="0" sc="211,-20,329,0,230,20,230,0" /><INIT seed="2,0,0,0,1,87" ten="191,329,250,230" oya="2" hai0="128,56,65,73,77,102,74,120,8,116,75,71,103" hai1="35,130,83,84,100,70,28,114,60,9,109,61,66" hai2="85,27,135,81,90,88,6,110,80,48,37,126,16" hai3="115,45,36,0,132,86,29,62,17,2,40,1,11"/><V25/><F37/><W125/><G125/><T107/><D120/><U21/><E114/><V32/><F126/><W117/><G117/><T133/><D116/><U63/><E35/><V134/><F6/><W95/><G132/><N who="2" m="50729" /><F110/><W26/><G115/><T118/><D118/><U33/><E33/><V49/><F32/><W99/><G86/><T101/><D133/><U121/><E109/><V46/><F80/><W82/><G82/><T93/><D128/><U76/><E130/><V59/><F59/><W64/><G29/><T78/><D107/><U50/><E70/><V112/><F112/><W10/><G26/><N who="2" m="9737" /><F16/><W113/><G17/><T20/><D71/><U34/><E83/><V5/><F5/><W3/><G3/><T42/><D93/><U129/><E34/><V14/><F14/><W97/><G113/><T91/><D20/><U54/><E21/><V47/><F90/><W105/><G105/><T30/><D91/><U15/><E129/><V106/><F106/><W67/><G95/><T18/><D30/><U23/><E28/><V108/><F108/><W52/><G97/><T122/><D122/><U124/><E23/><V89/><F89/><W41/><G99/><T24/><D24/><U69/><E124/><V12/><F12/><W94/><G94/><T127/><D127/><U39/><E39/><V4/><F4/><W72/><G72/><T22/><D22/><U44/><E121/><V92/><F81/><W79/><G11/><T58/><D8/><U119/><E119/><V55/><F55/><W131/><G131/><T123/><D123/><U19/><E100/><RYUUKYOKU ba="0,0" sc="191,-15,329,15,250,15,230,-15" hai1="9,15,19,44,50,54,60,61,63,66,69,76,84" hai2="46,47,48,49,85,88,92" /><INIT seed="2,1,0,2,4,119" ten="176,344,265,215" oya="2" hai0="84,102,67,123,7,12,110,100,68,96,49,117,111" hai1="38,71,78,104,61,59,21,37,83,33,105,15,13" hai2="39,130,58,109,36,65,132,14,45,9,40,64,97" hai3="1,70,93,11,85,57,126,55,129,69,66,75,134"/><V17/><F130/><W98/><G75/><T118/><D84/><U52/><E33/><V26/><F132/><W4/><G129/><T29/><D29/><U112/><E112/><V122/><F39/><W79/><G134/><T81/><D81/><U8/><E71/><V54/><F109/><N who="0" m="41482" /><D49/><U91/><E91/><V62/><F122/><W24/><G126/><T73/><D73/><U25/><E38/><V107/><F26/><W19/><G66/><T106/><D102/><U41/><E15/><V86/><F86/><W2/><G2/><T120/><D7/><U56/><E56/><V74/><F74/><W101/><G79/><T72/><D12/><U50/><E37/><V48/><F36/><W23/><REACH who="3" step="1"/><G85/><REACH who="3" ten="176,344,265,205" step="2"/><T90/><D72/><U103/><E78/><V133/><F133/><W77/><G77/><T125/><D125/><U63/><E83/><V94/><F107/><W32/><G32/><T88/><D67/><U20/><E104/><V34/><F34/><W6/><G6/><T51/><D68/><U114/><E105/><V35/><F35/><W80/><G80/><T28/><D28/><U3/><E3/><V115/><F115/><W128/><G128/><T121/><D51/><AGARI ba="1,1" hai="1,4,11,19,23,24,51,55,57,69,70,93,98,101" machi="51" ten="30,3900,0" yaku="1,1,7,1,53,1" doraHai="119" doraHaiUra="16" who="3" fromWho="0" sc="176,-42,344,0,265,0,205,52" /><INIT seed="3,0,0,5,3,28" ten="134,344,265,257" oya="3" hai0="63,135,100,69,123,38,44,30,48,75,27,35,113" hai1="26,131,6,98,102,124,7,25,106,85,94,31,15" hai2="121,14,126,130,13,45,93,87,80,76,90,119,66" hai3="86,53,39,4,62,108,83,55,5,107,111,42,22"/><W34/><G34/><T128/><D123/><U67/><E131/><V10/><F119/><W72/><G107/><T17/><D128/><U133/><E26/><V89/><F130/><W81/><G39/><T9/><D135/><U74/><E15/><V109/><F109/><N who="3" m="42059" /><G42/><T117/><D117/><U91/><E133/><V92/><F126/><W99/><G99/><T78/><D113/><U12/><E124/><V0/><F0/><W95/><G95/><T16/><D38/><U116/><E116/><V61/><F45/><W33/><G33/><T20/><D100/><U132/><E132/><V52/><F121/><W57/><G22/><T18/><D9/><U1/><E1/><V49/><F49/><W46/><G46/><T54/><D78/><U60/><E74/><V112/><F112/><W58/><G72/><T129/><D75/><U51/><E12/><V120/><F120/><W84/><G86/><T104/><D104/><U96/><E51/><V2/><F2/><W29/><G29/><T103/><D103/><U70/><E96/><N who="2" m="57359" /><F10/><W64/><G64/><T88/><D129/><U47/><E47/><V24/><F66/><W23/><G23/><AGARI ba="0,0" hai="6,7,23,25,31,60,67,70,85,91,94,98,102,106" machi="23" ten="30,1000,0" yaku="7,1" doraHai="28" who="1" fromWho="3" sc="134,0,344,10,265,0,257,-10" owari="134,-36.6,354,45.4,265,6.5,247,-15.3" /></mjloggm>