<mjloggm ver="2.3"><GO type="225" lobby="0"/><UN n0="%E3%81%A0%E3%81%8A" n1="%E3%82%89%E3%81%84%E3%81%B5%E3%81%8C%E3%83%BC%E3%81%A9%E3%81%99%E3%81%8D" n2="%E6%97%A5%E6%9B%9C%E6%97%A5%E3%82%88%E3%82%8A%E3%81%AE%E4%BD%BF%E8%80%85" n3="%E5%AD%90%E4%BE%9B%E4%BC%9A%E5%93%A1" dan="16,17,16,17" rate="2040.58,2191.15,2087.21,2139.17" sx="M,M,M,M"/><TAIKYOKU oya="0"/><INIT seed="0,0,0,4,2,66" ten="250,250,250,250" oya="0" hai0="24,94,134,89,64,78,73,6,2,69,96,97,122" hai1="92,81,67,84,125,119,93,72,68,75,126,58,51" hai2="132,60,3,10,127,109,128,40,31,32,85,25,16" hai3="29,90,11,19,8,105,111,44,63,77,82,112,36"/><T98/><D122/><U135/><E119/><V14/><F109/><W86/><G112/><T38/><D38/><U35/><E35/><V0/><F127/><N who="1" m="48649" /><E135/><V37/><F132/><W120/><G111/><T129/><D134/><U21/><E21/><V7/><F128/><W76/><G105/><T61/><D129/><U57/><E51/><V70/><F85/><W12/><G120/><T80/><REACH who="0" step="1"/><D24/><REACH who="0" ten="240,250,250,250" step="2"/><U107/><E107/><V131/><F131/><W91/><G36/><T4/><D4/><U108/><E108/><V62/><F70/><W123/><G123/><T114/><D114/><U26/><E26/><V5/><F7/><W49/><G77/><T18/><D18/><U22/><E68/><V79/><F79/><W117/><G76/><T115/><D115/><U17/><E17/><V41/><F37/><W103/><G19/><T53/><D53/><U50/><E75/><V15/><F40/><W87/><G117/><T71/><D71/><U106/><E72/><V23/><REACH who="2" step="1"/><F41/><REACH who="2" ten="240,250,240,250" step="2"/><W46/><G87/><T33/><D33/><U48/><E84/><V47/><F47/><W30/><G86/><T121/><D121/><U102/><E58/><V99/><F99/><W83/><G46/><T65/><D65/><U43/><E57/><V74/><F74/><W13/><G44/><T1/><D1/><AGARI ba="0,2" hai="0,1,3,5,10,14,15,16,23,25,31,32,60,62" machi="1" ten="40,2600,0" yaku="1,1,54,1,53,0" doraHai="66" doraHaiUra="133" who="2" fromWho="0" sc="240,-26,250,0,240,46,250,0" /><INIT seed="1,0,0,5,0,71" ten="214,250,286,250" oya="1" hai0="110,64,76,13,73,38,96,85,118,27,80,34,114" hai1="131,57,107,117,10,82,120,90,2,21,48,58,116" hai2="15,45,91,42,60,77,89,53,16,97,126,113,54" hai3="59,123,128,17,47,44,4,79,132,6,22,50,87"/><U3/><E107/><V99/><F77/><W36/><G123/><T68/><D114/><U18/><E120/><V23/><F113/><W51/><G36/><T127/><D118/><U84/><E131/><V95/><F126/><W62/><G132/><T39/><D127/><U32/><E32/><V11/><F60/><W41/><G128/><T25/><D110/><U86/><E117/><V135/><F135/><W100/><G100/><T78/><D78/><U109/><E109/><V28/><F28/><W33/><G33/><T112/><D112/><U133/><E133/><V92/><F11/><W129/><G129/><T98/><D85/><U75/><E75/><V0/><F0/><W103/><G103/><T7/><D7/><U88/><E116/><V119/><F119/><W31/><G31/><T40/><D13/><U56/><E48/><AGARI ba="0,0" hai="15,16,23,42,45,48,53,54,89,91,92,95,97,99" machi="48" ten="30,7700,0" yaku="7,1,9,1,8,1,54,1" doraHai="71" who="2" fromWho="1" sc="214,0,250,-77,286,77,250,0" /><INIT seed="2,0,0,2,3,128" ten="214,173,363,250" oya="2" hai0="64,85,52,81,34,4,133,9,30,68,57,11,6" hai1="47,92,89,27,19,134,14,17,119,48,3,87,0" hai2="32,13,69,18,53,110,73,99,131,94,120,39,36" hai3="55,124,29,5,70,72,132,50,108,101,67,31,83"/><V8/><F120/><W82/><G101/><T86/><D64/><U60/><E119/><V35/><F69/><W90/><G5/><T88/><D68/><U20/><E60/><V97/><F73/><W106/><G106/><T56/><D133/><U38/><E38/><V76/><F76/><W63/><G132/><T122/><D122/><U107/><E107/><V96/><F131/><W98/><G108/><T51/><D34/><U23/><REACH who="1" step="1"/><E134/><REACH who="1" ten="214,163,363,250" step="2"/><V24/><F39/><W28/><G63/><T78/><D30/><U79/><E79/><V125/><F36/><W42/><G28/><T59/><D6/><U58/><E58/><N who="0" m="22633" /><D4/><U93/><E93/><AGARI ba="0,1" hai="9,11,51,52,59,78,81,85,86,88,93" m="22633" machi="93" ten="30,3900,0" yaku="8,1,54,2" doraHai="128" who="0" fromWho="1" sc="214,49,163,-39,363,0,250,0" /><INIT seed="3,0,0,3,5,35" ten="263,124,363,250" oya="3" hai0="4,72,51,108,120,76,127,67,17,80,38,103,128" hai1="23,9,104,65,64,74,63,94,22,57,116,56,78" hai2="84,31,18,45,16,71,69,13,66,29,134,42,30" hai3="58,117,50,27,5,114,82,122,89,126,113,62,43"/><W20/><G122/><T33/><D38/><U130/><E104/><V70/><F134/><W105/><G105/><T68/><D120/><U98/><E130/><V109/><F109/><W124/><G117/><T3/><D33/><U2/><E116/><V19/><F84/><N who="3" m="50327" /><G5/><T83/><D108/><U86/><E74/><V7/><F66/><N who="3" m="39255" /><G50/><T6/><D103/><U99/><E9/><V0/><F0/><W53/><G53/><T135/><D135/><U1/><E86/><V133/><F133/><W107/><G43/><T39/><D51/><U34/><E63/><V40/><F45/><W100/><G100/><T49/><D49/><U21/><E21/><V32/><F32/><W85/><G85/><T26/><D39/><U118/><E34/><V119/><F119/><W73/><G73/><T131/><D72/><U87/><E87/><V106/><F106/><W15/><G15/><T112/><D128/><U47/><E118/><V90/><F90/><W37/><G37/><T111/><D131/><U59/><E59/><V48/><F48/><W55/><G55/><T93/><D68/><U95/><E47/><V79/><F79/><W14/><G14/><T41/><D76/><U24/><E78/><V92/><F92/><W101/><G101/><T115/><D93/><U44/><E44/><V28/><N who="2" m="7168" /><DORA hai="129" /><V8/><AGARI ba="0,0" hai="7,8,13,16,18,19,40,42,69,70,71" m="7168" machi="8" ten="60,8000,1" yaku="4,1,0,1,29,2,54,1" doraHai="35,129" who="2" fromWho="2" sc="263,-20,124,-20,363,80,250,-40" owari="243,4.3,104,-39.6,443,54.3,210,-19.0" /></mjloggm>