<mjloggm ver="2.3"><GO type="225" lobby="0"/><UN n0="%E4%BF%BA%E3%81%A8%E5%A6%96%E5%A4%A2" n1="%E3%81%99%E3%81%84%E3%81%BE%E3%81%9B%E3%83%BC%E3%82%93" n2="%77%72%77%72%77%72%77%72" n3="%E6%81%A5%E6%99%92%E3%81%97" dan="17,18,17,16" rate="2187.48,2252.44,2213.32,2114.39" sx="F,M,M,M"/><TAIKYOKU oya="0"/><INIT seed="0,0,0,0,2,81" ten="250,250,250,250" oya="0" hai0="117,20,71,21,99,130,40,32,0,15,72,18,73" hai1="122,106,105,115,126,69,28,83,89,16,95,119,93" hai2="58,102,127,17,38,97,134,9,74,101,129,39,113" hai3="36,31,64,67,76,61,7,82,30,43,33,45,11"/><T70/><D117/><U116/><E69/><V94/><F113/><W128/><G128/><T48/><D32/><U19/><E28/><V5/><F129/><W135/><G135/><T6/><D130/><U2/><E83/><V121/><F121/><W96/><G96/><T47/><D99/><U133/><E2/><V14/><F134/><W109/><G109/><T13/><D0/><U86/><E133/><V131/><F74/><W88/><G76/><T22/><D6/><U59/><E59/><V124/><F131/><W44/><G44/><T37/><D37/><U108/><E122/><V92/><F102/><W98/><G67/><T10/><REACH who="0" step="1"/><D13/><REACH who="0" ten="240,250,250,250" step="2"/><U23/><E119/><V77/><F5/><W79/><G98/><T46/><D46/><U25/><E116/><V103/><F38/><W68/><G33/><T60/><D60/><U62/><E62/><V27/><F39/><W110/><G110/><T50/><D50/><U112/><E108/><V57/><F103/><W24/><G24/><T12/><D12/><U66/><E25/><V114/><F27/><W63/><G61/><T87/><D87/><U91/><E86/><V42/><F101/><W8/><G7/><T4/><D4/><U90/><E115/><V26/><F114/><W85/><REACH who="3" step="1"/><G79/><REACH who="3" ten="240,250,250,240" step="2"/><T51/><D51/><U100/><E112/><V35/><F97/><W3/><G3/><T34/><D34/><U118/><E100/><V107/><F35/><W53/><G53/><T104/><D104/><U111/><E118/><V56/><F26/><W84/><G84/><T1/><D1/><U132/><E132/><RYUUKYOKU ba="0,2" sc="240,15,250,-15,250,-15,240,15" hai0="10,15,18,20,21,22,40,47,48,70,71,72,73" hai3="8,11,30,31,36,43,45,63,64,68,82,85,88" /><INIT seed="0,1,2,5,2,37" ten="255,235,235,255" oya="0" hai0="20,89,24,5,133,18,41,121,3,13,30,70,103" hai1="91,47,88,12,130,22,50,34,51,134,87,111,33" hai2="35,21,16,81,58,42,64,122,126,25,102,8,61" hai3="48,90,119,38,26,76,7,54,95,40,1,15,113"/><T84/><D121/><U125/><E134/><V23/><F122/><W127/><G113/><T17/><D70/><U92/><E125/><V116/><F126/><W67/><G119/><T115/><D115/><U32/><E111/><V0/><F116/><W31/><G127/><T123/><D123/><U68/><E68/><V118/><F118/><W55/><G1/><T77/><D133/><U44/><E130/><V62/><F102/><W107/><G107/><T86/><D77/><U79/><E79/><V72/><F35/><W105/><G105/><T106/><D17/><N who="1" m="10535" /><E32/><V9/><F0/><W28/><G38/><T135/><D135/><U52/><E33/><V109/><F109/><W11/><G67/><T97/><D41/><N who="1" m="24847" /><E34/><V45/><F62/><W124/><G76/><T117/><D117/><U82/><E91/><V98/><F72/><W69/><G69/><T74/><D74/><U59/><E47/><V120/><F120/><W6/><G124/><T63/><D63/><U56/><E59/><V94/><F81/><AGARI ba="1,2" hai="51,52,56,81,82,87,88,92" m="24847,10535" machi="81" ten="30,8000,1" yaku="25,1,8,1,52,1,54,2" doraHai="37" who="1" fromWho="2" sc="255,0,235,103,235,-83,255,0" /><INIT seed="1,0,0,4,3,123" ten="255,338,152,255" oya="1" hai0="121,30,62,19,28,32,104,54,64,17,71,65,102" hai1="49,42,84,133,31,55,134,89,58,66,15,83,117" hai2="94,59,1,69,39,105,80,10,24,25,113,5,13" hai3="18,29,95,34,52,124,131,108,132,11,114,9,118"/><U99/><E117/><V68/><F105/><W126/><G114/><T125/><D121/><U60/><E42/><V27/><F39/><W115/><G115/><T110/><D125/><N who="3" m="48233" /><G118/><T61/><D54/><U33/><E99/><V85/><F113/><W0/><G0/><T45/><D45/><U40/><E40/><V3/><F94/><W70/><G70/><T4/><D4/><U93/><E93/><V90/><F1/><W8/><G131/><T57/><D30/><U74/><E74/><V97/><F97/><W120/><G120/><T82/><D82/><U81/><E83/><V51/><F3/><W16/><G132/><T41/><D41/><U37/><E37/><V127/><F127/><W73/><G73/><T14/><D14/><U75/><E75/><V116/><F116/><W36/><G36/><T77/><D77/><U26/><REACH who="1" step="1"/><E15/><REACH who="1" ten="255,328,152,255" step="2"/><V103/><F103/><W91/><G95/><T135/><D102/><U122/><E122/><V20/><F20/><W35/><G34/><T92/><D92/><U101/><E101/><V6/><F6/><W76/><G35/><T119/><D119/><U53/><E53/><V79/><F79/><W12/><G76/><T2/><D104/><U88/><E88/><V78/><F90/><W98/><G52/><T130/><D2/><U23/><E23/><V128/><F128/><W46/><G91/><T112/><D130/><U7/><E7/><V67/><F67/><W72/><G98/><T129/><D129/><U63/><E63/><V106/><F106/><W22/><G72/><T43/><D64/><U100/><E100/><RYUUKYOKU ba="0,1" sc="255,-15,328,15,152,15,255,-15" hai1="26,31,33,49,55,58,60,66,81,84,89,133,134" hai2="5,10,13,24,25,27,51,59,68,69,78,80,85" /><INIT seed="1,1,1,0,1,35" ten="240,343,167,240" oya="1" hai0="47,1,80,76,6,60,93,87,104,95,62,65,23" hai1="24,12,79,103,135,57,81,42,15,13,84,77,61" hai2="4,106,48,91,5,108,0,99,38,111,37,36,132" hai3="28,26,32,127,124,9,44,29,30,119,107,33,101"/><U134/><E103/><V116/><F116/><W7/><G44/><T73/><D104/><U102/><E102/><V82/><F106/><W67/><G67/><T25/><D47/><U118/><E118/><V90/><F99/><W53/><G119/><T117/><D117/><U94/><E42/><V112/><F112/><W130/><G53/><T64/><D64/><N who="1" m="38959" /><E24/><V16/><F132/><N who="1" m="50729" /><E94/><V45/><F82/><W50/><G101/><T55/><D55/><U21/><E21/><V11/><F16/><W22/><G107/><T52/><D52/><U19/><E19/><V70/><F70/><W8/><G50/><T68/><D60/><U51/><E51/><V2/><F48/><W126/><G130/><T129/><D129/><U88/><AGARI ba="1,1" hai="12,13,15,77,79,81,84,88" m="50729,38959" machi="88" ten="30,3000,0" yaku="20,1,54,1" doraHai="35" who="1" fromWho="1" sc="240,-11,343,43,167,-11,240,-11" /><INIT seed="1,2,0,2,2,92" ten="229,386,156,229" oya="1" hai0="57,101,19,75,129,26,68,87,124,25,132,42,115" hai1="126,107,73,120,9,4,113,118,93,56,31,116,12" hai2="58,89,134,51,82,71,67,131,123,81,110,47,53" hai3="7,46,33,17,43,23,98,30,111,35,49,128,76"/><U125/><E107/><V90/><F123/><W22/><G111/><T41/><D115/><U61/><E120/><V94/><F110/><W86/><G128/><T78/><D75/><U8/><E73/><V133/><F131/><W15/><G7/><T66/><D68/><U38/><E38/><V88/><F71/><W63/><G63/><N who="0" m="38255" /><D129/><U44/><E44/><V119/><F119/><W121/><G121/><T69/><D69/><U74/><E74/><V79/><F94/><W27/><REACH who="3" step="1"/><G98/><REACH who="3" ten="229,386,156,219" step="2"/><T11/><D132/><N who="2" m="50794" /><F79/><W97/><G97/><T62/><D62/><AGARI ba="2,1" hai="47,51,53,58,62,67,81,82,88,89,90" m="50794" machi="62" ten="30,2000,0" yaku="20,1,54,1" doraHai="92" who="2" fromWho="0" sc="229,-26,386,0,156,36,219,0" /><INIT seed="2,0,0,2,2,69" ten="203,386,192,219" oya="2" hai0="94,133,39,66,27,112,24,38,59,92,21,1,99" hai1="46,113,14,61,119,132,44,36,97,84,95,114,32" hai2="79,134,2,98,105,31,115,123,110,50,40,126,80" hai3="109,107,37,15,8,88,18,57,4,54,68,106,13"/><V130/><F115/><W71/><G109/><T7/><D112/><U42/><E119/><V16/><F123/><W96/><G37/><T86/><D133/><U33/><E132/><V55/><F134/><W121/><G121/><T76/><D1/><U63/><E33/><V124/><F2/><W108/><G108/><T131/><D7/><U51/><E32/><V102/><F110/><W53/><G107/><T47/><D47/><U127/><E127/><N who="2" m="48683" /><F130/><W19/><G4/><T23/><D131/><U77/><E114/><V128/><F128/><W120/><G120/><T82/><D66/><U60/><E113/><V75/><F31/><W64/><G64/><T90/><D59/><U103/><E14/><V117/><F117/><W83/><G106/><T58/><D58/><U129/><E129/><V9/><F40/><W22/><G54/><T29/><REACH who="0" step="1"/><D92/><REACH who="0" ten="193,386,192,219" step="2"/><U0/><E0/><V17/><F9/><W26/><G71/><T34/><D34/><U101/><E95/><V91/><F91/><W135/><G135/><T56/><D56/><AGARI ba="0,1" hai="16,17,50,55,56,75,79,80,98,102,105" m="48683" machi="56" ten="30,2900,0" yaku="18,1,54,1" doraHai="69" who="2" fromWho="0" sc="193,-29,386,0,192,39,219,0" /><INIT seed="2,1,0,5,2,7" ten="164,386,231,219" oya="2" hai0="112,14,48,90,73,79,77,133,103,109,37,92,27" hai1="53,2,30,99,135,91,69,128,23,43,68,115,32" hai2="82,17,42,101,56,49,122,104,119,111,22,81,76" hai3="88,58,134,98,108,11,0,41,24,96,80,5,57"/><V34/><F119/><W28/><G108/><T63/><D112/><U102/><E2/><V105/><F122/><W21/><G134/><T40/><D109/><U29/><E32/><V131/><F34/><W38/><G98/><T70/><D133/><U93/><E115/><V39/><F111/><W121/><G121/><T129/><D37/><U18/><E128/><V55/><F131/><W46/><REACH who="3" step="1"/><G80/><REACH who="3" ten="164,386,231,209" step="2"/><T114/><D129/><U74/><E135/><V126/><F81/><W132/><G132/><T4/><D114/><U130/><E99/><V106/><F126/><W20/><G20/><T85/><D103/><U13/><E23/><V62/><F101/><W45/><G45/><T66/><D73/><U65/><E74/><V94/><F22/><W117/><G117/><T71/><D27/><U47/><E130/><V50/><F82/><W89/><G89/><T123/><D123/><U1/><E91/><V35/><F35/><W84/><G84/><T60/><D77/><U110/><E110/><V127/><F76/><W120/><G120/><T83/><D90/><U86/><E86/><V116/><F127/><W33/><G33/><T78/><D78/><U59/><E102/><V61/><F116/><W9/><G9/><N who="0" m="4391" /><D92/><AGARI ba="1,1" hai="0,5,11,21,24,28,38,41,46,57,58,88,92,96" machi="92" ten="40,5200,0" yaku="1,1,52,1,54,1,53,0" doraHai="7" doraHaiUra="107" who="3" fromWho="0" sc="164,-55,386,0,231,0,209,65" /><INIT seed="3,0,0,3,1,4" ten="109,386,231,274" oya="3" hai0="120,42,12,61,118,125,66,108,49,112,71,68,64" hai1="13,48,44,67,62,110,86,5,98,47,39,50,128" hai2="26,69,23,6,27,115,121,2,74,94,9,116,36" hai3="131,97,89,15,114,95,73,77,133,129,29,45,92"/><W84/><G29/><T30/><D118/><U107/><E110/><V124/><F94/><W80/><G45/><T102/><D108/><U56/><E128/><N who="3" m="49226" /><G15/><T19/><D120/><U82/><E107/><V126/><F69/><W57/><G57/><T7/><D125/><N who="2" m="48234" /><F74/><W51/><G51/><N who="1" m="19498" /><E98/><V90/><F90/><N who="3" m="53319" /><G133/><T122/><D122/><U93/><E93/><V135/><F36/><W38/><G38/><T33/><D112/><AGARI ba="0,0" hai="73,77,80,89,95,97,112,114" m="53319,49226" machi="112" ten="30,5800,0" yaku="19,1,34,2" doraHai="4" who="3" fromWho="0" sc="109,-58,386,0,231,0,274,58" /><INIT seed="3,1,0,3,4,54" ten="51,386,231,332" oya="3" hai0="38,67,35,71,40,22,59,50,44,55,43,64,63" hai1="15,75,122,79,93,77,13,12,18,25,46,65,41" hai2="1,107,16,45,89,30,52,99,51,118,19,47,17" hai3="26,130,33,20,128,113,104,87,36,135,90,49,86"/><W56/><G113/><T0/><D0/><U31/><E122/><V14/><F118/><W42/><G104/><T34/><D22/><U80/><E65/><V32/><F1/><W91/><G33/><T83/><D34/><U117/><E79/><V4/><F107/><W96/><G36/><T81/><D35/><U6/><E6/><V115/><F115/><W78/><G135/><T109/><D109/><U102/><E117/><V132/><F132/><W62/><G49/><T69/><D83/><U39/><E102/><V100/><F100/><W5/><G42/><T120/><D81/><U24/><E93/><N who="2" m="56751" /><F30/><N who="3" m="17735" /><G5/><T58/><D120/><U8/><E25/><V88/><F32/><AGARI ba="1,0" hai="8,12,13,15,18,24,31,32,39,41,46,75,77,80" machi="32" ten="30,1000,0" yaku="7,1" doraHai="54" who="1" fromWho="2" sc="51,0,386,13,231,-13,332,0" owari="51,-44.9,399,49.9,218,-18.2,332,13.2" /></mjloggm>