<mjloggm ver="2.3"><GO type="225" lobby="0"/><UN n0="%E3%83%81%E3%83%AF%E3%83%AF%E9%9A%8A%E9%95%B7" n1="%4B%2E%32%2E%4B%2E" n2="%79%75%72%69%6D%6F%67" n3="%E3%81%A9%E3%82%93%E3%82%88%E3%81%8F%4D%6B%2E%32" dan="17,16,17,16" rate="2208.52,2136.01,2162.65,2166.81" sx="M,M,F,M"/><TAIKYOKU oya="0"/><INIT seed="0,0,0,3,3,68" ten="250,250,250,250" oya="0" hai0="129,53,35,17,25,71,14,27,52,105,42,8,9" hai1="37,29,11,83,50,94,73,46,110,121,125,23,61" hai2="6,1,57,82,102,120,118,0,31,21,34,114,103" hai3="69,123,70,45,99,39,88,119,101,26,90,78,92"/><T104/><D71/><U48/><E121/><V84/><F120/><W124/><G119/><T4/><D129/><U131/><E131/><V128/><F114/><W28/><G123/><T80/><D42/><U67/><E110/><V98/><F34/><W132/><G78/><T36/><D36/><U75/><E125/><V33/><F33/><W130/><G130/><T116/><D116/><U49/><E94/><V10/><F128/><W66/><G124/><T16/><D35/><U77/><E11/><V56/><F1/><W134/><G69/><T115/><D80/><U91/><E91/><V40/><F103/><W22/><G66/><T55/><D115/><U7/><E7/><V107/><F118/><W44/><G70/><T59/><D59/><U100/><E100/><V51/><F51/><W85/><G90/><T63/><D63/><U112/><E61/><V15/><F40/><W5/><G5/><T93/><D93/><U24/><E67/><V32/><F32/><W38/><G45/><T87/><D87/><U74/><REACH who="1" step="1"/><E112/><REACH who="1" ten="250,240,250,250" step="2"/><V86/><F0/><W2/><G2/><T81/><D4/><U133/><E133/><N who="3" m="51306" /><G44/><T127/><D127/><U41/><AGARI ba="0,1" hai="23,24,29,37,41,46,48,49,50,73,74,75,77,83" machi="41" ten="30,4000,0" yaku="1,1,0,1,52,1,53,0" doraHai="68" doraHaiUra="30" who="1" fromWho="1" sc="250,-20,240,50,250,-10,250,-10" /><INIT seed="1,0,0,5,2,93" ten="230,290,240,240" oya="1" hai0="60,50,76,96,73,57,49,68,87,36,70,84,78" hai1="46,62,3,109,8,22,13,89,112,14,122,48,45" hai2="101,6,128,28,41,79,39,31,100,56,44,113,2" hai3="61,30,72,102,118,26,135,7,33,23,71,25,106"/><U24/><E112/><V88/><F128/><W97/><G72/><T15/><D36/><U11/><E122/><V110/><F110/><W103/><G103/><T86/><D73/><U132/><E132/><V114/><F79/><N who="0" m="30250" /><D15/><N who="1" m="5643" /><E109/><V115/><F56/><W130/><G135/><T35/><D35/><U80/><E3/><V98/><F101/><W55/><G130/><T91/><D68/><U29/><E62/><V129/><F129/><W47/><G118/><T42/><D70/><U99/><E45/><V126/><F126/><W63/><G7/><T67/><D42/><N who="1" m="24663" /><E80/><V82/><F82/><W75/><G75/><T32/><D32/><U10/><E89/><V21/><F21/><W1/><G1/><T81/><D81/><U20/><E20/><V131/><F131/><W90/><G90/><T133/><D133/><U92/><E92/><AGARI ba="0,0" hai="49,50,57,60,67,84,86,87,91,92,96" m="30250" machi="92" ten="30,2000,0" yaku="8,1,52,1" doraHai="93" who="0" fromWho="1" sc="230,20,290,-20,240,0,240,0" /><INIT seed="2,0,0,5,0,54" ten="250,270,240,240" oya="2" hai0="98,130,29,31,61,122,88,6,44,15,97,1,22" hai1="123,112,118,4,106,9,58,10,81,7,119,75,53" hai2="14,120,40,133,99,45,74,65,126,26,72,35,57" hai3="87,129,79,92,70,56,21,34,24,51,63,43,20"/><V89/><F120/><W33/><G129/><T55/><D122/><U30/><E112/><V17/><F126/><W23/><G70/><T113/><D113/><U114/><E114/><V102/><F133/><W18/><G34/><T104/><D1/><U116/><E106/><V25/><F89/><W85/><G33/><T91/><D130/><U38/><E38/><V73/><F35/><W76/><G43/><T13/><D104/><U121/><E30/><N who="0" m="11273" /><D6/><U135/><E135/><V128/><F128/><W48/><G51/><N who="0" m="29159" /><D61/><U124/><E124/><V77/><F77/><N who="3" m="29771" /><G48/><T36/><D36/><U71/><E71/><V68/><F68/><W108/><G108/><T94/><D22/><N who="3" m="8809" /><G92/><AGARI ba="0,0" hai="13,15,88,91,92,94,97,98" m="29159,11273" machi="92" ten="30,2000,0" yaku="8,1,54,1" doraHai="54" who="0" fromWho="3" sc="250,20,270,0,240,0,240,-20" /><INIT seed="3,0,0,4,4,26" ten="270,270,240,220" oya="3" hai0="31,123,56,46,25,13,67,11,22,107,91,98,30" hai1="115,125,114,77,44,96,105,17,12,19,75,41,53" hai2="82,73,54,93,7,16,64,70,68,101,78,103,38" hai3="129,100,6,89,86,3,104,47,48,28,87,55,88"/><W121/><G121/><T112/><D112/><U9/><E125/><V92/><F38/><W133/><G133/><T40/><D123/><U60/><E75/><V120/><F120/><W84/><G129/><T2/><D2/><U106/><E77/><V118/><F118/><W74/><G74/><T76/><D76/><U34/><E34/><V33/><F7/><W94/><G104/><T27/><D107/><U36/><E106/><V63/><F70/><W85/><G3/><T42/><D46/><U131/><E131/><V15/><F33/><W79/><G6/><T1/><D1/><U119/><E119/><V110/><F110/><W72/><G72/><T109/><D109/><U90/><E90/><V58/><F103/><W43/><G43/><T95/><D67/><U5/><E53/><V51/><REACH who="2" step="1"/><F101/><REACH who="2" ten="270,270,230,220" step="2"/><W127/><G127/><T97/><D31/><U29/><E29/><V8/><AGARI ba="0,1" hai="8,15,16,51,54,58,63,64,68,73,78,82,92,93" machi="8" ten="20,12000,2" yaku="1,1,2,1,0,1,7,1,54,1,53,1" doraHai="26" doraHaiUra="45" who="2" fromWho="2" sc="270,-30,270,-30,230,130,220,-60" owari="240,4.0,240,-16.0,360,46.0,160,-34.0" /></mjloggm>