<mjloggm ver="2.3"><GO type="225" lobby="0"/><UN n0="%48%61%61%61%6C%61%6E%64" n1="%77%72%77%72%77%72%77%72" n2="%E3%81%82%E3%83%BC%E3%82%82%E3%82%93%E3%81%A9%EF%BC%81" n3="%E3%81%B5%E3%81%98%E3%81%8B%E3%81%A4" dan="18,17,16,16" rate="2264.00,2237.27,2106.73,2190.07" sx="M,M,M,M"/><TAIKYOKU oya="0"/><INIT seed="0,0,0,3,3,101" ten="250,250,250,250" oya="0" hai0="23,122,59,74,105,50,103,33,21,90,93,96,119" hai1="44,15,126,42,9,72,70,27,77,60,61,10,75" hai2="109,111,131,123,0,121,104,80,91,46,53,48,112" hai3="54,41,64,17,65,13,98,24,81,29,4,95,110"/><T37/><D37/><U51/><E126/><V127/><F0/><W114/><G110/><N who="2" m="41993" /><F112/><W125/><G114/><T25/><D119/><U129/><E129/><V67/><F127/><W99/><G125/><T83/><D122/><N who="2" m="46602" /><F131/><W106/><G41/><T11/><D11/><U87/><E70/><V55/><F67/><W86/><G4/><T69/><D69/><U16/><E27/><V30/><F30/><W71/><G54/><T78/><D33/><U128/><E128/><V18/><F18/><W89/><G99/><T35/><D35/><U3/><E3/><V20/><F20/><W82/><G71/><T117/><D117/><U22/><E75/><V32/><F32/><W31/><G82/><T6/><D6/><U62/><E72/><V2/><F2/><W39/><G39/><T113/><D113/><U73/><E73/><V52/><F104/><W47/><G106/><T14/><D14/><U88/><REACH who="1" step="1"/><E77/><REACH who="1" ten="250,240,250,250" step="2"/><V120/><F120/><W68/><G68/><T66/><D25/><U40/><E40/><N who="2" m="24647" /><F91/><N who="3" m="55679" /><G24/><T102/><D74/><U85/><E85/><V56/><F80/><AGARI ba="0,1" hai="9,10,15,16,22,42,44,51,60,61,62,80,87,88" machi="80" ten="40,12000,2" yaku="1,1,8,1,54,2,53,2" doraHai="101" doraHaiUra="5" who="1" fromWho="2" sc="250,0,240,130,250,-120,250,0" /><INIT seed="1,0,0,0,3,17" ten="250,370,130,250" oya="1" hai0="108,65,90,102,131,10,119,98,30,16,63,103,106" hai1="100,27,20,64,105,107,42,112,0,38,59,109,33" hai2="4,77,46,78,101,61,44,110,26,117,67,51,47" hai3="74,130,120,94,125,53,129,15,62,28,60,118,54"/><U76/><E112/><V132/><F117/><W114/><G74/><T80/><D119/><U36/><E0/><V37/><F110/><W13/><G118/><T135/><D108/><U68/><E68/><V11/><F132/><W95/><G28/><T21/><D135/><U69/><E69/><V41/><F101/><W39/><G39/><T7/><D30/><U73/><E33/><V83/><F26/><W66/><G66/><T58/><D131/><U23/><E109/><V52/><F46/><W9/><G9/><T75/><D103/><U79/><E59/><V121/><F121/><W93/><G120/><T45/><D45/><U8/><E8/><V89/><F89/><W88/><G114/><T134/><D134/><U123/><E27/><V56/><REACH who="2" step="1"/><F83/><REACH who="2" ten="250,370,120,250" step="2"/><W34/><G88/><T24/><D90/><U6/><E100/><V128/><F128/><W116/><G116/><T29/><D80/><U31/><E123/><V14/><AGARI ba="0,1" hai="4,11,14,37,41,44,47,51,52,56,61,67,77,78" machi="14" ten="20,5200,0" yaku="1,1,0,1,7,1,54,1,53,0" doraHai="17" doraHaiUra="115" who="2" fromWho="2" sc="250,-13,370,-26,120,62,250,-13" /><INIT seed="2,0,0,3,4,50" ten="237,344,182,237" oya="2" hai0="62,83,36,72,52,77,9,55,38,90,116,105,54" hai1="21,132,134,28,26,59,118,95,47,30,63,56,43" hai2="92,66,122,129,12,32,115,60,98,16,85,10,19" hai3="71,53,84,100,94,97,44,35,15,103,5,13,127"/><V37/><F115/><W111/><G71/><T78/><D116/><U80/><E118/><V23/><F122/><W46/><G111/><T57/><D105/><U69/><E80/><V0/><F129/><W91/><G35/><T29/><D78/><U109/><E109/><V3/><F32/><W25/><G127/><T51/><D29/><U117/><E117/><V39/><F85/><W6/><G25/><T67/><D51/><U126/><E126/><V73/><F73/><W110/><G110/><T108/><D108/><U135/><E30/><V79/><F79/><W113/><G113/><T17/><REACH who="0" step="1"/><D90/><REACH who="0" ten="227,344,182,237" step="2"/><U61/><E132/><V45/><F45/><W123/><G44/><T125/><D125/><U49/><E134/><V128/><F128/><W106/><G123/><T114/><D114/><U18/><E28/><V7/><F0/><W81/><G106/><T8/><D8/><U65/><E135/><V48/><F48/><N who="3" m="28823" /><G103/><T31/><D31/><U24/><E49/><V82/><F82/><W1/><G1/><T42/><D42/><U74/><E43/><V101/><REACH who="2" step="1"/><F19/><REACH who="2" ten="227,344,172,237" step="2"/><W89/><G100/><T119/><D119/><U131/><E18/><V22/><F22/><W124/><G124/><T120/><D120/><U75/><E21/><V64/><F64/><W133/><G133/><T93/><D93/><U40/><E65/><V68/><AGARI ba="0,2" hai="3,7,10,12,16,23,37,39,60,66,68,92,98,101" machi="68" ten="20,7800,0" yaku="1,1,0,1,7,1,54,1,53,0" doraHai="50" doraHaiUra="112" who="2" fromWho="2" sc="227,-26,344,-26,172,98,237,-26" /><INIT seed="2,1,0,5,3,56" ten="201,318,270,211" oya="2" hai0="13,53,104,8,38,63,46,75,31,44,30,41,22" hai1="95,7,99,120,79,131,57,5,42,50,64,26,124" hai2="111,135,12,69,87,102,80,1,14,43,106,28,60" hai3="130,17,109,122,29,83,105,81,71,128,107,33,45"/><V62/><F1/><W132/><G122/><T55/><D75/><U36/><E120/><V59/><F69/><W134/><G17/><T19/><D104/><N who="3" m="40009" /><G71/><T127/><D127/><U92/><E131/><N who="3" m="50218" /><G45/><T126/><D126/><U67/><E36/><V73/><F73/><W89/><G29/><T97/><D97/><U110/><E79/><V101/><F28/><W96/><G33/><T116/><D116/><U133/><E110/><V98/><F111/><W114/><G114/><T112/><D112/><U76/><E133/><N who="3" m="51306" /><G109/><T27/><D31/><U123/><E123/><V51/><F135/><W10/><G10/><T2/><D46/><U4/><E4/><V11/><F14/><W15/><G15/><T16/><D2/><U68/><E5/><V103/><F43/><W20/><G20/><T58/><REACH who="0" step="1"/><D30/><REACH who="0" ten="191,318,270,211" step="2"/><U34/><E124/><V3/><F3/><W0/><G0/><T117/><D117/><U119/><E119/><V113/><F113/><W49/><G49/><T23/><D23/><U65/><E50/><V61/><F51/><W78/><G78/><T84/><D84/><U21/><E76/><V77/><REACH who="2" step="1"/><F59/><REACH who="2" ten="191,318,260,211" step="2"/><W37/><G37/><T18/><D18/><AGARI ba="1,2" hai="11,12,18,60,61,62,77,80,87,98,101,102,103,106" machi="18" ten="40,12000,1" yaku="1,1,2,1,52,3,53,0" doraHai="56" doraHaiUra="121" who="2" fromWho="0" sc="191,-123,318,0,260,143,211,0" /><INIT seed="2,2,0,5,0,42" ten="68,318,403,211" oya="2" hai0="53,110,85,24,15,34,96,25,6,99,9,114,131" hai1="1,46,84,113,21,43,119,50,118,105,123,8,94" hai2="74,79,127,116,82,91,70,135,5,35,126,69,14" hai3="2,33,62,19,115,83,17,107,56,44,61,51,40"/><V55/><F116/><W30/><G107/><T57/><D110/><U102/><E113/><V27/><F135/><W16/><G2/><T103/><D131/><U47/><E123/><V32/><F91/><W97/><G115/><T48/><D114/><U29/><E105/><V112/><F112/><W60/><G97/><T92/><D34/><U93/><E1/><V98/><F98/><W52/><G33/><T117/><D117/><U73/><E73/><V76/><F76/><W104/><G104/><T125/><D125/><U20/><E8/><V13/><F55/><W7/><G7/><T134/><D134/><U75/><E75/><V122/><F122/><W129/><G129/><T36/><D36/><U133/><E84/><V12/><F5/><W58/><G30/><T72/><D72/><U130/><E50/><V10/><F10/><W11/><G83/><T100/><REACH who="0" step="1"/><D85/><REACH who="0" ten="58,318,403,211" step="2"/><U101/><E130/><V68/><F35/><W71/><G71/><T49/><D49/><U65/><E133/><V132/><F132/><W109/><G109/><T64/><D64/><U108/><E65/><V95/><F32/><W81/><G11/><T3/><D3/><U89/><E108/><V88/><F126/><W39/><G39/><T0/><D0/><U78/><E119/><V38/><F127/><W22/><G51/><T28/><D28/><U66/><E29/><V80/><F38/><W120/><G120/><T4/><D4/><U41/><E118/><V67/><F74/><W128/><G128/><T23/><D23/><U18/><E20/><V121/><F121/><W111/><G22/><RYUUKYOKU ba="2,1" sc="58,30,318,-10,403,-10,211,-10" hai0="6,9,15,24,25,48,53,57,92,96,99,100,103" /><INIT seed="3,3,1,5,4,77" ten="88,308,393,201" oya="3" hai0="38,52,68,107,71,66,12,2,58,112,45,85,104" hai1="40,70,8,53,94,110,111,50,60,93,44,100,99" hai2="49,19,65,116,95,48,74,125,9,90,128,23,86" hai3="83,15,117,59,133,129,67,35,0,63,80,22,30"/><W55/><G117/><T3/><D112/><U97/><E8/><V43/><F116/><W132/><G0/><T134/><D134/><N who="3" m="51817" /><G129/><T39/><D12/><U17/><E17/><V5/><F74/><W28/><G35/><T118/><D118/><U130/><E130/><V102/><F125/><W82/><G67/><T37/><D45/><U64/><REACH who="1" step="1"/><E53/><REACH who="1" ten="88,298,393,201" step="2"/><V10/><F128/><W20/><G20/><T91/><D2/><U11/><E11/><V115/><F10/><W24/><G15/><T14/><D3/><U13/><E13/><V78/><F9/><W84/><G30/><T26/><D14/><U79/><E79/><AGARI ba="3,2" hai="22,24,28,55,59,63,79,80,82,83,84" m="51817" machi="79" ten="30,11600,0" yaku="20,1,52,3" doraHai="77" who="3" fromWho="1" sc="88,0,298,-125,393,0,201,145" /><INIT seed="3,4,0,0,0,74" ten="88,173,393,346" oya="3" hai0="110,4,15,57,6,65,112,68,89,66,102,126,120" hai1="9,86,39,36,87,56,85,70,38,61,29,132,24" hai2="134,67,18,99,129,48,130,2,46,49,47,28,76" hai3="63,12,95,133,35,60,100,116,34,92,82,94,10"/><W42/><G116/><T52/><D110/><U64/><E132/><V43/><F2/><W109/><G133/><T123/><D126/><U13/><E70/><V58/><F28/><W84/><G109/><T131/><D131/><N who="2" m="50186" /><F134/><W77/><G42/><T114/><D102/><U107/><E107/><V127/><F76/><W3/><G3/><T54/><D57/><U8/><E13/><V72/><F72/><W33/><REACH who="3" step="1"/><G100/><REACH who="3" ten="88,173,393,336" step="2"/><T80/><D15/><U103/><E103/><V7/><F43/><W22/><G22/><T96/><D68/><U20/><AGARI ba="4,1" hai="8,9,20,24,29,36,38,39,56,61,64,85,86,87" machi="20" ten="40,1500,0" yaku="0,1" doraHai="74" who="1" fromWho="1" sc="88,-8,173,37,393,-8,336,-11" owari="80,-42.0,210,-19.0,385,48.5,325,12.5" /></mjloggm>