<mjloggm ver="2.3"><GO type="225" lobby="0"/><UN n0="%33%74%72%65%65" n1="%72%61%6B%33" n2="%E3%82%BF%E3%83%BC%E3%83%90%E3%83%B3%E9%87%8E%E5%8F%A3" n3="%E3%82%BC%E3%83%AB%E3%83%80%E3%81%AE%E4%BC%9D%E8%AA%AC" dan="16,16,16,17" rate="2098.79,2143.06,2130.56,2151.05" sx="F,M,M,M"/><TAIKYOKU oya="0"/><INIT seed="0,0,0,2,0,26" ten="250,250,250,250" oya="0" hai0="105,52,66,0,55,133,31,77,3,69,113,80,71" hai1="15,76,129,44,131,74,87,21,127,20,30,35,91" hai2="97,10,100,72,7,48,6,5,124,104,60,65,50" hai3="82,128,58,83,53,13,32,89,117,86,4,40,130"/><T59/><D113/><U81/><E127/><V135/><F124/><W125/><G125/><T18/><D105/><U14/><E35/><V79/><F135/><W38/><G117/><T75/><D133/><U56/><E44/><V28/><F72/><W41/><G32/><T54/><D31/><U98/><E98/><V78/><F10/><N who="3" m="4295" /><G38/><T90/><D90/><U29/><E56/><V92/><F104/><W36/><G36/><T121/><D121/><U57/><E57/><V122/><F122/><W1/><G1/><T24/><D0/><U27/><E20/><V103/><F103/><W17/><G17/><T96/><D96/><U43/><E43/><N who="3" m="16458" /><G128/><N who="1" m="49226" /><E29/><V114/><F114/><W109/><G109/><T93/><D3/><U132/><E132/><V62/><F28/><W123/><G123/><T51/><D69/><U120/><E120/><V102/><F102/><W25/><G25/><T63/><REACH who="0" step="1"/><D93/><AGARI ba="0,0" hai="14,15,21,27,30,74,76,81,87,91,93" m="49226" machi="93" ten="30,2000,0" yaku="19,1,52,1" doraHai="26" who="1" fromWho="0" sc="250,-20,250,20,250,0,250,0" /><INIT seed="1,0,0,1,2,3" ten="230,270,250,250" oya="1" hai0="130,34,23,64,57,59,28,118,8,2,87,16,94" hai1="48,75,100,90,14,105,41,5,66,17,92,76,80" hai2="61,123,9,77,20,83,95,129,78,109,67,0,86" hai3="33,133,29,22,62,131,43,126,134,10,40,108,111"/><U97/><E66/><V132/><F123/><W107/><G107/><T70/><D118/><U46/><E5/><V96/><F132/><N who="3" m="50795" /><G33/><T114/><D114/><U110/><E110/><N who="3" m="42026" /><G29/><T99/><D130/><U18/><REACH who="1" step="1"/><E14/><REACH who="1" ten="230,260,250,250" step="2"/><V24/><F109/><W45/><G131/><T85/><D64/><U104/><E104/><V73/><F129/><W31/><G126/><T113/><D113/><U115/><E115/><V74/><F0/><W65/><G10/><T38/><D8/><U117/><E117/><V93/><F9/><W79/><G79/><T91/><D2/><U49/><E49/><V25/><F78/><W84/><G65/><T4/><D4/><U53/><E53/><V101/><F25/><W102/><G62/><T60/><D60/><U69/><E69/><V39/><F39/><W125/><G125/><T42/><D70/><U63/><E63/><V124/><F124/><W121/><G121/><T51/><D38/><U30/><E30/><V12/><F12/><W103/><G43/><T7/><D42/><U106/><E106/><V56/><REACH who="2" step="1"/><F95/><REACH who="2" ten="230,260,240,250" step="2"/><W1/><G1/><T52/><D94/><U119/><E119/><V68/><F68/><W55/><G31/><AGARI ba="0,2" hai="20,24,31,56,61,67,73,74,77,83,86,93,96,101" machi="31" ten="30,7700,0" yaku="1,1,7,1,25,2,53,0" doraHai="3" doraHaiUra="120" who="2" fromWho="3" sc="230,0,260,0,240,97,250,-77" /><INIT seed="2,0,0,1,0,97" ten="230,260,337,173" oya="2" hai0="89,131,58,36,79,54,88,116,98,25,119,63,122" hai1="129,114,75,29,113,95,42,81,5,4,132,133,120" hai2="37,57,126,111,69,78,48,19,39,50,18,32,17" hai3="55,41,109,123,115,72,100,104,27,62,93,51,16"/><V10/><F69/><W45/><G123/><T8/><D122/><U70/><E120/><V46/><F32/><W47/><G109/><T117/><D131/><U12/><E70/><V30/><F30/><W92/><G72/><T127/><D127/><U86/><E129/><V40/><F126/><W56/><G115/><T60/><D36/><U107/><E107/><V85/><F111/><W96/><REACH who="3" step="1"/><G45/><REACH who="3" ten="230,260,337,163" step="2"/><T23/><D119/><U77/><E75/><V1/><F46/><W43/><G43/><T118/><D118/><U64/><E42/><V67/><F40/><W74/><G74/><T66/><D117/><U106/><E114/><V124/><F124/><W76/><G76/><T101/><D79/><U9/><E113/><V3/><F78/><W6/><G6/><T2/><D116/><U65/><E4/><V61/><F39/><W26/><G26/><T110/><D110/><U38/><E38/><V112/><F37/><W15/><G15/><T11/><D2/><U31/><E12/><N who="2" m="7319" /><F112/><W108/><G108/><T135/><D25/><U7/><E5/><V33/><F1/><W105/><G105/><T59/><D135/><U90/><E7/><V128/><F3/><W28/><G28/><T87/><D8/><U49/><E9/><V84/><F128/><W102/><G102/><T71/><D11/><U13/><E106/><V44/><F44/><W52/><G52/><T83/><D101/><U35/><E133/><V0/><F0/><W130/><G130/><T134/><D134/><U103/><E132/><V82/><F18/><W21/><AGARI ba="0,1" hai="16,21,27,41,47,51,55,56,62,92,93,96,100,104" machi="21" ten="30,12000,2" yaku="1,1,0,1,52,1,54,1,53,2" doraHai="97" doraHaiUra="91" who="3" fromWho="3" sc="230,-30,260,-30,337,-60,163,130" /><INIT seed="3,0,0,1,1,133" ten="200,230,277,293" oya="3" hai0="77,113,102,3,123,23,111,118,105,78,73,71,8" hai1="101,100,7,65,126,132,60,76,121,62,19,55,41" hai2="124,51,70,30,86,36,75,68,32,27,1,114,83" hai3="47,33,134,18,29,34,0,97,31,14,92,44,5"/><W72/><G72/><T20/><D118/><U37/><E7/><V15/><F114/><W54/><G134/><T120/><D113/><U91/><E76/><V82/><F36/><W116/><G116/><T90/><D111/><U67/><E37/><V115/><F1/><W107/><G107/><T64/><D90/><U89/><E132/><V88/><F115/><W39/><G39/><T99/><D3/><U22/><E55/><V56/><F124/><W59/><G33/><T13/><D123/><U48/><E48/><V63/><F51/><N who="3" m="31199" /><G34/><T58/><D71/><U125/><E22/><N who="0" m="8233" /><D105/><U26/><E19/><V93/><F15/><W69/><G69/><T84/><D73/><U87/><E87/><V43/><F43/><W4/><G0/><T110/><D110/><U2/><E2/><V74/><F75/><W16/><G4/><N who="0" m="3207" /><D120/><U96/><E121/><V80/><REACH who="2" step="1"/><F74/><REACH who="2" ten="200,230,267,293" step="2"/><W94/><G14/><T131/><D131/><U98/><E41/><V108/><F108/><W49/><G49/><T119/><D119/><U106/><E106/><V128/><F128/><W135/><G135/><T25/><D25/><AGARI ba="0,1" hai="25,26,60,62,65,67,89,91,96,98,100,101,125,126" machi="25" ten="25,6400,0" yaku="22,2,52,2" doraHai="133" who="1" fromWho="0" sc="200,-64,230,74,267,0,293,0" owari="136,-36.4,304,40.4,267,-13.3,293,9.3" /></mjloggm>