<mjloggm ver="2.3"><GO type="225" lobby="0"/><UN n0="%E6%A0%B9%E5%85%83%E3%81%8B%E3%82%89%E5%90%B9%E3%81%A3%E9%A3%9B%E3%81%B6" n1="%E3%81%AF%E3%82%88%E3%81%8A%E3%81%98%E3%81%95%E3%82%93" n2="%E3%81%95%E3%81%8D%E3%81%9F%E3%81%BE%E6%9E%97%E6%AA%8E" n3="%E3%81%A1%E3%82%85%E3%81%86%E3%81%A9%E3%81%8F%E8%B1%A1%E3%81%95%E3%82%93" dan="16,16,16,17" rate="2186.36,2067.43,2071.13,2192.41" sx="F,M,M,M"/><TAIKYOKU oya="0"/><INIT seed="0,0,0,5,1,124" ten="250,250,250,250" oya="0" hai0="100,21,69,62,8,127,47,114,70,64,128,74,99" hai1="133,20,66,131,115,85,0,105,57,30,53,107,27" hai2="49,101,97,5,83,134,125,108,4,24,92,68,32" hai3="132,67,88,56,54,126,122,46,79,72,15,52,73"/><T45/><D114/><U82/><E0/><V87/><F108/><W121/><G126/><T59/><D74/><U63/><E133/><V110/><F110/><W90/><G132/><T129/><D127/><U94/><E115/><V78/><F125/><W75/><G79/><T81/><D81/><U22/><E94/><V96/><F134/><W12/><G67/><T98/><D8/><U116/><E116/><V17/><F68/><N who="0" m="26218" /><D98/><U48/><E20/><N who="2" m="13327" /><F32/><W95/><G46/><N who="0" m="17419" /><D21/><U135/><E135/><V3/><F3/><W16/><G54/><N who="0" m="34167" /><D99/><U76/><REACH who="1" step="1"/><E131/><REACH who="1" ten="250,240,250,250" step="2"/><N who="0" m="50249" /><D100/><U13/><E13/><V38/><F97/><W91/><G95/><T29/><D29/><U18/><E18/><V7/><F38/><W40/><G12/><T28/><D28/><U123/><E123/><V35/><F35/><W31/><G31/><T9/><D9/><U93/><E93/><V60/><F92/><W25/><G25/><T117/><D117/><U71/><AGARI ba="0,1" hai="22,27,30,48,53,57,63,66,71,76,82,85,105,107" machi="71" ten="20,2700,0" yaku="1,1,0,1,7,1,53,0" doraHai="124" doraHaiUra="109" who="1" fromWho="1" sc="250,-13,240,37,250,-7,250,-7" /><INIT seed="1,0,0,0,0,4" ten="237,277,243,243" oya="1" hai0="99,9,85,39,75,98,120,60,55,128,0,72,61" hai1="53,59,123,71,57,86,87,82,112,97,45,10,125" hai2="118,131,126,43,84,104,110,29,100,79,15,64,93" hai3="35,129,56,12,28,1,101,3,26,76,81,78,133"/><U13/><E123/><V122/><F110/><W94/><G133/><T111/><D111/><U67/><E112/><V5/><F118/><W132/><G132/><T105/><D120/><U42/><E125/><V95/><F122/><W31/><G129/><T37/><D128/><U92/><E71/><V77/><F131/><W16/><G28/><T119/><D119/><U11/><E67/><V107/><F126/><W116/><G116/><T22/><D75/><U47/><E13/><V52/><F64/><W25/><G25/><T68/><D72/><U50/><E57/><V74/><F74/><W30/><G30/><T18/><D37/><U58/><E59/><V127/><F127/><W106/><G106/><T44/><D105/><U69/><E69/><V19/><F5/><W32/><G32/><T91/><D0/><U121/><E121/><V135/><F43/><W70/><G70/><T7/><D39/><U89/><E87/><V90/><F135/><W109/><G56/><T73/><D73/><U108/><E108/><V27/><F107/><W6/><G109/><T102/><D102/><U103/><E45/><V23/><F104/><W80/><G101/><T17/><D44/><U134/><E134/><V83/><F52/><W33/><G33/><T49/><D55/><U38/><AGARI ba="0,0" hai="10,11,38,42,47,50,53,58,82,86,89,92,97,103" machi="38" ten="20,7800,0" yaku="0,1,7,1,52,2" doraHai="4" who="1" fromWho="1" sc="237,-26,277,78,243,-26,243,-26" /><INIT seed="1,1,0,1,5,74" ten="211,355,217,217" oya="1" hai0="98,20,84,135,61,114,82,123,48,4,33,22,116" hai1="125,34,60,23,12,53,47,18,42,44,7,92,99" hai2="57,130,25,103,102,70,17,51,104,3,21,29,120" hai3="39,19,24,63,43,73,54,6,71,111,134,93,115"/><U89/><E125/><V45/><F120/><W78/><G115/><T1/><D116/><U31/><E34/><V67/><F130/><W79/><G73/><T0/><D114/><U66/><E31/><V122/><F70/><W55/><G6/><T75/><D33/><U100/><E7/><V32/><F122/><W91/><G111/><T14/><D75/><U133/><E133/><V101/><F3/><W124/><G124/><T113/><D98/><U106/><E53/><N who="3" m="19978" /><G71/><T132/><D48/><U121/><E121/><V10/><F104/><W109/><G109/><T77/><D113/><U127/><E127/><V49/><F32/><W56/><G134/><N who="0" m="51243" /><D61/><U118/><E118/><V119/><F119/><W36/><G39/><T13/><D13/><U41/><E41/><V62/><F45/><W46/><G36/><T68/><D68/><U64/><E60/><V83/><F83/><W52/><G46/><T28/><D28/><U50/><REACH who="1" step="1"/><E44/><REACH who="1" ten="211,345,217,217" step="2"/><V80/><F29/><W37/><G43/><T35/><D35/><U110/><E110/><V15/><F80/><W96/><G37/><T26/><D123/><U108/><E108/><V97/><F97/><AGARI ba="1,1" hai="12,18,23,42,47,50,64,66,89,92,97,99,100,106" machi="97" ten="30,2900,0" yaku="1,1,7,1,53,0" doraHai="74" doraHaiUra="2" who="1" fromWho="2" sc="211,0,345,42,217,-32,217,0" /><INIT seed="1,2,0,2,5,82" ten="211,387,185,217" oya="1" hai0="90,0,64,104,45,84,79,102,78,106,24,103,11" hai1="41,54,122,5,26,132,109,71,130,126,29,72,40" hai2="83,117,124,135,33,97,51,37,63,27,15,22,120" hai3="121,49,8,43,32,75,127,34,128,53,89,65,30"/><U91/><E122/><V58/><F117/><W9/><G75/><T57/><D0/><U81/><E71/><V118/><F120/><W123/><G43/><T14/><D45/><U95/><E126/><V13/><F118/><W110/><G110/><T23/><D104/><U59/><E130/><V56/><F135/><W93/><G127/><T35/><D35/><U62/><E132/><V4/><F33/><W28/><G65/><T87/><D106/><U129/><E129/><V85/><F37/><W46/><G128/><T99/><D57/><U74/><E109/><V25/><F124/><W60/><G60/><T111/><D64/><U94/><E94/><V113/><F97/><W21/><G21/><T107/><D111/><U114/><E5/><V86/><F83/><W3/><G30/><N who="0" m="17695" /><D99/><U38/><E114/><V18/><F113/><W1/><G1/><T2/><D2/><U73/><E38/><V80/><F80/><W6/><G8/><T66/><D90/><U61/><E62/><V131/><F131/><W48/><G48/><T47/><D47/><U134/><E134/><V31/><F31/><W39/><G39/><T108/><D66/><U76/><E74/><V16/><F51/><W52/><G53/><T105/><D105/><U125/><E73/><V116/><F116/><W92/><G32/><T12/><D107/><U36/><E36/><V70/><F70/><W119/><G119/><T55/><D55/><U98/><E125/><V10/><F63/><W115/><G115/><T7/><D108/><U77/><E76/><N who="0" m="29225" /><D14/><U100/><BYE who="3" /><E91/><UN n3="%E3%81%A1%E3%82%85%E3%81%86%E3%81%A9%E3%81%8F%E8%B1%A1%E3%81%95%E3%82%93" /><V67/><F67/><RYUUKYOKU ba="2,0" sc="211,15,387,15,185,-15,217,-15" hai0="7,11,12,84,87,102,103" hai1="26,29,40,41,54,59,61,72,77,81,95,98,100" /><INIT seed="1,3,0,2,5,38" ten="226,402,170,202" oya="1" hai0="123,30,2,34,120,105,121,103,45,109,131,80,37" hai1="113,15,55,71,14,69,65,129,86,74,61,46,64" hai2="7,60,68,96,90,135,78,101,67,16,127,94,57" hai3="11,84,85,66,73,9,102,26,8,23,24,110,17"/><U95/><E74/><V87/><F135/><W133/><G133/><T114/><D109/><U53/><E113/><V42/><F127/><W31/><G73/><T79/><D114/><U44/><E129/><V81/><F7/><W35/><G110/><T10/><D131/><U72/><E72/><V125/><F125/><W98/><REACH who="3" step="1"/><G66/><REACH who="3" ten="226,402,170,192" step="2"/><T116/><D121/><U52/><E65/><V13/><F68/><W32/><G32/><T1/><D34/><U89/><E71/><V51/><F51/><W92/><AGARI ba="3,1" hai="8,9,11,17,23,24,26,31,35,84,85,92,98,102" machi="92" ten="30,7900,0" yaku="1,1,0,1,53,2" doraHai="38" doraHaiUra="21" who="3" fromWho="3" sc="226,-23,402,-42,170,-23,192,98" /><INIT seed="2,0,0,5,4,122" ten="203,360,147,290" oya="2" hai0="89,135,5,56,67,62,55,7,24,61,6,58,124" hai1="103,9,23,16,22,105,44,116,40,39,131,3,59" hai2="91,8,4,75,106,14,94,109,73,119,99,129,101" hai3="104,114,117,60,83,132,31,86,113,63,32,43,102"/><V112/><F112/><N who="3" m="43115" /><G117/><T78/><D124/><U1/><E116/><V13/><F119/><W120/><G120/><T35/><D135/><U125/><E125/><V126/><F126/><W71/><G132/><T38/><D38/><U37/><E37/><V97/><F129/><W30/><G43/><T84/><D78/><U93/><E105/><V133/><F133/><W68/><G102/><T66/><D35/><U123/><E123/><V77/><F77/><N who="3" m="46447" /><G104/><T10/><D24/><U28/><E28/><N who="3" m="10794" /><G32/><T79/><D79/><U11/><E22/><V98/><F98/><W69/><AGARI ba="0,0" hai="60,63,68,69,71" m="10794,46447,43115" machi="69" ten="40,1500,0" yaku="11,1" doraHai="122" who="3" fromWho="3" sc="203,-4,360,-4,147,-7,290,15" /><INIT seed="3,0,0,2,4,105" ten="199,356,140,305" oya="3" hai0="100,9,31,134,48,132,125,7,76,1,5,35,118" hai1="3,50,88,92,61,6,56,18,66,51,122,68,46" hai2="37,25,72,28,70,77,14,71,102,112,104,113,98" hai3="133,13,93,29,75,57,74,123,97,87,129,78,116"/><W69/><G123/><T54/><D118/><U39/><E122/><V24/><F24/><W117/><G69/><T67/><D67/><U95/><E95/><V90/><F14/><W63/><G129/><T91/><D76/><U17/><E39/><V109/><F109/><W130/><G130/><T79/><D79/><U40/><E3/><V135/><F135/><N who="0" m="51754" /><D100/><U65/><E6/><V27/><F27/><W41/><G133/><T128/><D7/><U16/><E50/><V42/><F90/><W49/><G29/><T99/><D125/><U55/><E68/><V108/><F108/><W11/><G116/><T106/><D31/><U59/><E56/><V43/><F43/><W81/><G117/><T62/><D62/><U45/><E46/><N who="2" m="23887" /><F113/><W126/><G126/><T114/><D114/><U32/><E32/><N who="2" m="20495" /><F112/><W83/><G83/><T22/><D22/><U15/><E15/><V119/><F119/><W21/><G21/><T19/><D35/><U10/><E10/><V73/><F77/><W60/><G60/><T0/><D91/><U12/><E12/><V89/><F89/><N who="3" m="55471" /><G63/><T38/><D128/><U2/><E2/><V121/><F121/><W96/><G96/><AGARI ba="0,0" hai="16,17,18,40,45,51,55,59,61,65,66,88,92,96" machi="96" ten="40,5200,0" yaku="8,1,54,2" doraHai="105" who="1" fromWho="3" sc="199,0,356,52,140,0,305,-52" owari="199,-20.1,408,50.8,140,-36.0,253,5.3" /></mjloggm>