<mjloggm ver="2.3"><GO type="225" lobby="0"/><UN n0="%E3%81%9F%E3%81%8B%E3%80%82" n1="%72%69%6F%75%63%68%61%6E" n2="%E6%81%A5%E6%99%92%E3%81%97" n3="%E3%81%A9%E3%82%93%E3%82%88%E3%81%8F%4D%6B%2E%32" dan="16,16,16,16" rate="2094.73,2141.57,2094.96,2150.79" sx="M,M,M,M"/><TAIKYOKU oya="0"/><INIT seed="0,0,0,3,4,128" ten="250,250,250,250" oya="0" hai0="107,96,58,100,48,6,87,117,4,89,106,41,124" hai1="50,65,5,34,61,69,13,75,40,102,86,126,62" hai2="68,103,9,64,79,7,131,112,33,2,44,94,26" hai3="66,31,46,20,78,8,56,55,88,36,59,133,81"/><T109/><D117/><U43/><E75/><V37/><F131/><W125/><G125/><T122/><D122/><U38/><E34/><V23/><F112/><W77/><G66/><T52/><D109/><U85/><E126/><V70/><F64/><W80/><G8/><T111/><D111/><U118/><E118/><V98/><F79/><W1/><G1/><T49/><D124/><U119/><E119/><V17/><REACH who="2" step="1"/><F33/><REACH who="2" ten="250,250,240,250" step="2"/><W113/><G113/><T95/><REACH who="0" step="1"/><D106/><REACH who="0" ten="240,250,240,250" step="2"/><U92/><E69/><V101/><F101/><W53/><G133/><T12/><D12/><U19/><E102/><V82/><F82/><W71/><G80/><T67/><D67/><U30/><E65/><V97/><F97/><W110/><G81/><T116/><D116/><U127/><E13/><V134/><F134/><W115/><G71/><T104/><D104/><U129/><E129/><V22/><F22/><W21/><G21/><T108/><D108/><U54/><E127/><V90/><F90/><W121/><G20/><T72/><D72/><U120/><E120/><V99/><F99/><W114/><G88/><T3/><D3/><U32/><E86/><V132/><F132/><W18/><G121/><T27/><D27/><U16/><E85/><V83/><F83/><W84/><G84/><T135/><D135/><U105/><E105/><V42/><AGARI ba="0,2" hai="2,7,9,17,23,26,37,42,44,68,70,94,98,103" machi="42" ten="30,2000,0" yaku="1,1,0,1,53,0" doraHai="128" doraHaiUra="63" who="2" fromWho="2" sc="240,-10,250,-5,240,40,250,-5" /><INIT seed="1,0,0,2,5,24" ten="230,245,280,245" oya="1" hai0="25,108,74,98,129,45,115,85,46,29,47,122,134" hai1="61,14,65,116,118,121,110,30,100,87,69,16,40" hai2="39,105,130,28,4,9,135,19,1,94,67,27,35" hai3="49,64,89,42,97,48,103,109,51,50,76,96,111"/><U37/><E121/><V7/><F105/><W6/><G76/><T120/><D115/><U133/><E133/><V21/><F135/><W18/><G6/><T55/><D74/><U8/><E110/><V92/><F39/><W104/><G64/><T59/><D134/><U80/><E100/><V107/><F107/><W90/><G18/><T123/><D129/><U52/><E30/><V22/><F67/><W31/><G31/><T53/><D108/><N who="3" m="41545" /><G97/><T75/><D75/><U113/><E113/><V58/><F58/><W60/><G60/><T36/><D36/><U99/><E99/><V82/><F130/><W102/><G102/><T79/><D98/><U77/><REACH who="1" step="1"/><E52/><REACH who="1" ten="230,235,280,245" step="2"/><N who="0" m="20041" /><D59/><U10/><E10/><N who="2" m="2319" /><F82/><W132/><G132/><T15/><D85/><U81/><E81/><V23/><F92/><W32/><G32/><N who="0" m="20527" /><D79/><U128/><E128/><V33/><F94/><W106/><G106/><T54/><D54/><U17/><E17/><V5/><F35/><W57/><G57/><T86/><D86/><U56/><E56/><V44/><F44/><AGARI ba="0,1" hai="42,44,48,49,50,51,89,90,96,103,104" m="41545" machi="44" ten="30,1000,0" yaku="14,1" doraHai="24" who="3" fromWho="2" sc="230,0,235,0,280,-10,245,20" /><AGARI ba="0,0" hai="8,14,16,37,40,44,61,65,69,77,80,87,116,118" machi="44" ten="40,7700,0" yaku="1,1,54,1,53,1" doraHai="24" doraHaiUra="11" who="1" fromWho="2" sc="230,0,235,77,270,-77,265,0" /><INIT seed="1,1,0,3,0,61" ten="230,312,193,265" oya="1" hai0="19,49,27,121,131,7,135,134,85,41,37,9,42" hai1="50,128,122,98,87,90,67,133,20,82,58,33,34" hai2="130,40,81,65,18,113,70,15,39,93,132,25,120" hai3="51,68,95,21,55,52,66,77,102,124,45,14,78"/><U111/><E122/><V53/><F120/><W59/><G124/><T12/><D121/><U6/><E128/><V22/><F132/><N who="0" m="50730" /><D131/><U99/><E133/><V105/><F130/><W109/><G109/><T4/><D37/><U104/><E111/><V107/><F105/><W2/><G2/><T63/><D85/><U108/><E108/><V8/><F107/><W69/><G69/><T84/><D84/><U86/><E6/><N who="0" m="2089" /><D27/><U94/><E20/><V32/><F113/><W72/><G72/><T30/><D30/><U31/><E104/><V123/><F123/><W47/><G68/><T103/><D103/><U100/><E31/><V75/><F32/><W71/><G71/><T125/><D125/><U11/><E11/><V46/><F93/><W110/><G110/><T24/><D24/><U16/><E16/><V60/><F53/><W10/><G21/><T76/><D76/><N who="1" m="46407" /><E33/><V101/><F101/><W119/><G102/><T64/><D49/><U112/><E34/><V57/><F75/><W91/><G78/><T1/><D1/><U13/><E13/><V92/><F81/><W129/><G77/><T36/><D36/><U117/><E112/><V35/><F92/><W115/><G115/><T118/><D118/><U126/><E117/><V79/><F79/><W17/><G119/><T106/><D106/><N who="1" m="63767" /><E126/><V74/><F35/><W89/><G129/><T43/><D63/><N who="1" m="38391" /><E87/><V97/><F74/><W73/><G73/><T23/><D23/><U26/><E26/><V28/><F97/><W0/><G0/><T62/><D62/><U29/><E29/><V5/><F28/><RYUUKYOKU ba="1,0" sc="230,10,312,10,193,10,265,-30" hai0="9,12,19,41,42,43,64" hai1="50,90,94,99" hai2="5,8,15,18,22,25,39,40,46,57,60,65,70" /><INIT seed="1,2,0,3,4,128" ten="240,322,203,235" oya="1" hai0="71,65,85,101,117,16,134,52,35,0,17,91,3" hai1="23,66,115,45,51,25,63,6,50,58,121,80,84" hai2="102,116,77,125,48,113,104,32,39,24,34,15,83" hai3="122,92,37,8,131,9,97,106,12,114,13,14,43"/><U126/><E126/><V100/><F116/><W27/><G122/><T61/><D117/><U124/><E124/><V33/><F125/><W89/><G114/><T26/><D101/><U29/><E115/><V93/><F39/><W118/><G118/><T18/><D134/><U53/><E121/><V1/><F1/><W103/><G131/><T4/><D4/><U130/><E130/><V21/><F113/><W99/><REACH who="3" step="1"/><G27/><REACH who="3" ten="240,322,203,225" step="2"/><T105/><D105/><U133/><E133/><V78/><F24/><W46/><AGARI ba="2,1" hai="8,9,12,13,14,37,43,46,89,92,97,99,103,106" machi="46" ten="30,4000,0" yaku="1,1,2,1,0,1,53,0" doraHai="128" doraHaiUra="79" who="3" fromWho="3" sc="240,-12,322,-22,203,-12,225,56" /><INIT seed="2,0,0,2,4,109" ten="228,300,191,281" oya="2" hai0="8,44,35,30,49,83,41,113,77,133,61,114,131" hai1="27,86,56,20,7,11,72,47,89,65,135,37,4" hai2="62,14,93,32,90,31,15,3,10,13,117,126,21" hai3="17,39,43,28,106,88,34,79,2,110,132,96,85"/><V58/><F117/><W52/><G2/><T51/><D131/><U112/><E112/><V71/><F126/><W54/><G79/><T102/><D133/><U119/><E119/><V48/><F71/><W103/><G110/><T105/><D8/><U33/><E72/><V38/><F38/><W70/><G70/><T55/><D61/><U134/><E33/><V98/><F32/><W1/><G1/><T128/><D128/><U81/><E37/><V107/><F107/><W75/><G75/><T118/><D118/><U97/><E47/><V104/><F104/><W22/><G34/><T57/><D102/><U26/><E97/><V116/><F116/><W40/><G28/><T19/><D105/><U24/><E20/><V129/><F129/><W99/><G99/><T23/><D30/><U78/><E78/><V82/><F82/><W0/><G0/><T84/><REACH who="0" step="1"/><D35/><REACH who="0" ten="218,300,191,281" step="2"/><U18/><E18/><N who="2" m="8503" /><F3/><W73/><G132/><N who="1" m="50730" /><E11/><V67/><F48/><W63/><G63/><AGARI ba="0,1" hai="4,7,24,26,27,56,63,65,81,86,89" m="50730" machi="63" ten="30,1000,0" yaku="20,1" doraHai="109" who="1" fromWho="3" sc="218,0,300,20,191,0,281,-10" /><INIT seed="3,0,0,1,2,6" ten="218,320,191,271" oya="3" hai0="129,98,110,7,13,78,123,17,45,59,72,57,37" hai1="127,20,132,106,133,56,124,34,49,8,100,47,135" hai2="18,131,61,77,58,107,79,33,80,73,63,52,83" hai3="31,91,70,84,97,103,10,125,50,101,41,29,26"/><W5/><G70/><T88/><D123/><U126/><E34/><V76/><F107/><W19/><G125/><T87/><D110/><U89/><E20/><V81/><F131/><W65/><G65/><T102/><D129/><U75/><E75/><V16/><F33/><W66/><G66/><T96/><D7/><U90/><E56/><N who="0" m="21577" /><D37/><U93/><E8/><V114/><F114/><W14/><G41/><T9/><D72/><U69/><E69/><V28/><F28/><W117/><G117/><T35/><D35/><U4/><E4/><V113/><F113/><W67/><G67/><T48/><D78/><U71/><E71/><V85/><F63/><W111/><G50/><T22/><D22/><U60/><E60/><V30/><F30/><N who="3" m="11275" /><G111/><T3/><D3/><U39/><E39/><V128/><F128/><W36/><G36/><T74/><D74/><AGARI ba="0,0" hai="16,18,52,58,61,73,74,76,77,79,80,81,83,85" machi="74" ten="30,7700,0" yaku="7,1,9,1,54,2" doraHai="6" who="2" fromWho="0" sc="218,-77,320,0,191,77,271,0" owari="141,-35.9,320,42.0,268,-13.2,271,7.1" /></mjloggm>