<mjloggm ver="2.3"><GO type="225" lobby="0"/><UN n0="%72%69%6F%75%63%68%61%6E" n1="%72%61%6B%33" n2="%E6%9D%B1%E9%A2%A8%E3%81%AE%E3%81%8D%E3%82%83%E3%81%B7%E3%81%95%E3%82%93" n3="%E3%82%B7%E3%83%B3%E5%A4%AA%E6%9C%97" dan="17,16,16,16" rate="2205.22,2163.15,2146.75,2160.25" sx="M,M,M,M"/><TAIKYOKU oya="0"/><INIT seed="0,0,0,5,2,49" ten="250,250,250,250" oya="0" hai0="47,117,22,104,42,133,89,17,82,5,129,31,87" hai1="29,15,30,71,100,76,2,54,92,79,114,59,26" hai2="34,101,110,25,46,123,73,134,3,69,58,13,45" hai3="38,28,75,7,118,63,37,98,61,97,18,53,24"/><T68/><D117/><U122/><E71/><V135/><F101/><W90/><G118/><T14/><D129/><U130/><E2/><V36/><F58/><W121/><G121/><T40/><D133/><U23/><E122/><V107/><F13/><W43/><G75/><T9/><D104/><U20/><E130/><V67/><F25/><W51/><G7/><T108/><D108/><U102/><E114/><V4/><F67/><W83/><G18/><T27/><D68/><U86/><E102/><V62/><F62/><W6/><G6/><T70/><D70/><U41/><E41/><V16/><F45/><W93/><G98/><T50/><REACH who="0" step="1"/><D40/><REACH who="0" ten="240,250,250,250" step="2"/><U124/><E124/><V60/><F110/><W19/><G43/><T33/><D33/><U64/><E64/><N who="2" m="41095" /><F107/><W126/><G126/><T84/><D84/><U48/><E86/><V88/><F34/><W1/><G38/><T65/><D65/><U127/><E127/><V56/><F73/><W105/><G37/><T94/><D94/><U128/><E128/><V0/><F123/><W109/><G105/><T119/><D119/><U35/><E35/><V21/><F36/><W11/><G109/><T111/><D111/><U96/><E29/><AGARI ba="0,1" hai="5,9,14,17,22,27,29,31,42,47,50,82,87,89" machi="29" ten="40,7700,0" yaku="1,1,8,1,53,1" doraHai="49" doraHaiUra="8" who="0" fromWho="1" sc="240,87,250,-77,250,0,250,0" /><INIT seed="0,1,0,5,5,54" ten="327,173,250,250" oya="0" hai0="82,23,52,11,49,125,127,73,69,130,31,121,18" hai1="110,95,76,64,33,93,36,3,118,85,98,47,114" hai2="90,35,135,133,92,124,46,97,129,40,104,44,58" hai3="115,19,75,77,16,26,13,50,28,63,5,12,67"/><T38/><D121/><U39/><E118/><V101/><F35/><W122/><G122/><T100/><D38/><U42/><E110/><V1/><F1/><W116/><G116/><T6/><D130/><U119/><E119/><V99/><F129/><W59/><G115/><T48/><D69/><U56/><E114/><V2/><F2/><W8/><G75/><T7/><D100/><U126/><E126/><N who="0" m="48137" /><D31/><U113/><E113/><V89/><F124/><W131/><G131/><T79/><D48/><U10/><E33/><V84/><F58/><W61/><G77/><T0/><D11/><U72/><E39/><V68/><F68/><W60/><G50/><T105/><D105/><U81/><E85/><V91/><F40/><W94/><G94/><T9/><D9/><U123/><E123/><V27/><F27/><W132/><G132/><N who="2" m="50761" /><F44/><W43/><G43/><T30/><D30/><U20/><E20/><V51/><F51/><W62/><REACH who="3" step="1"/><G12/><REACH who="3" ten="327,173,250,240" step="2"/><N who="0" m="9671" /><D0/><U55/><E3/><V29/><F46/><AGARI ba="1,1" hai="6,7,46,49,52,73,79,82" m="9671,48137" machi="46" ten="30,2900,0" yaku="18,1,54,1" doraHai="54" who="0" fromWho="2" sc="327,42,173,0,250,-32,240,0" /><INIT seed="0,2,0,4,1,130" ten="369,173,218,240" oya="0" hai0="54,104,55,18,92,43,107,22,125,67,35,86,12" hai1="124,44,60,131,71,116,23,89,108,11,123,41,103" hai2="132,134,17,70,5,80,6,64,59,101,135,81,79" hai3="76,7,3,56,2,75,47,9,46,8,100,25,19"/><T15/><D125/><U106/><E116/><V63/><F101/><W52/><G100/><T84/><D35/><U115/><E123/><V69/><F17/><W114/><G114/><T58/><D43/><U133/><E131/><V38/><F38/><W88/><G76/><T57/><D67/><U122/><E122/><V126/><F126/><W112/><G75/><T82/><D92/><U95/><E124/><V26/><F26/><W87/><G112/><T97/><D97/><U53/><E23/><V65/><F81/><W31/><G19/><T68/><D68/><N who="2" m="26218" /><F64/><W4/><G25/><T96/><D96/><U61/><E103/><V105/><F105/><W27/><G27/><N who="0" m="14807" /><D107/><U90/><E106/><V40/><F40/><W83/><G31/><T72/><D72/><AGARI ba="2,0" hai="5,6,59,63,65,72,79,80,132,134,135" m="26218" machi="72" ten="40,8000,1" yaku="20,1,52,3" doraHai="130" who="2" fromWho="0" sc="369,-86,173,0,218,86,240,0" /><INIT seed="1,0,0,3,4,125" ten="283,173,304,240" oya="1" hai0="103,39,7,133,78,24,35,51,55,96,75,101,19" hai1="82,69,5,14,105,118,47,57,36,15,67,92,28" hai2="89,29,109,74,44,38,91,43,128,49,117,65,76" hai3="71,8,121,113,27,123,70,30,62,54,98,99,80"/><U93/><E105/><V126/><F117/><W37/><G37/><T42/><D133/><U135/><E69/><V87/><F109/><W88/><G113/><T20/><D35/><U102/><E135/><V86/><F126/><W100/><G8/><T46/><D7/><U66/><E118/><V64/><F29/><W32/><G71/><T16/><D75/><U50/><E36/><V0/><F0/><W94/><G54/><T26/><D78/><U77/><E28/><V111/><F111/><W17/><G17/><T6/><D6/><U56/><E56/><V81/><F38/><W134/><G134/><T31/><D96/><U11/><E14/><V34/><F34/><W124/><G124/><T10/><D19/><U3/><E3/><V122/><F122/><W73/><G73/><T127/><D127/><U68/><E68/><V59/><F59/><W21/><G21/><T72/><D72/><U107/><E107/><V25/><F25/><W1/><G80/><T83/><D83/><U48/><E102/><V4/><F4/><W18/><G18/><T9/><D9/><U79/><E50/><V130/><F74/><W84/><G1/><T13/><D24/><U132/><E132/><V22/><F22/><W41/><G41/><T90/><D90/><N who="2" m="34314" /><F86/><W95/><REACH who="3" step="1"/><G84/><REACH who="3" ten="283,173,304,230" step="2"/><T52/><REACH who="0" step="1"/><D55/><REACH who="0" ten="273,173,304,230" step="2"/><N who="1" m="30111" /><E82/><V131/><AGARI ba="0,2" hai="43,44,49,64,65,76,81,87,128,130,131" m="34314" machi="131" ten="40,8000,1" yaku="19,1,52,3" doraHai="125" who="2" fromWho="2" sc="273,-20,173,-40,304,100,230,-20" /><INIT seed="2,0,0,5,1,120" ten="253,133,404,210" oya="2" hai0="129,23,128,89,125,44,130,1,10,63,4,81,6" hai1="83,112,59,61,93,39,84,77,19,135,121,114,7" hai2="110,123,12,73,8,115,90,87,64,37,80,47,35" hai3="67,16,102,0,74,26,91,13,54,58,36,71,94"/><V25/><F123/><W55/><G36/><T34/><D34/><U118/><E121/><V116/><F110/><W30/><G0/><T72/><D125/><U65/><E118/><V131/><F131/><W88/><G74/><T43/><D6/><U117/><E117/><V51/><F73/><W100/><G71/><T68/><D23/><U52/><E135/><V11/><F37/><W33/><G67/><N who="0" m="41087" /><D89/><U103/><E39/><V82/><F116/><W99/><G91/><T119/><D119/><U24/><E7/><V134/><F134/><W22/><REACH who="3" step="1"/><G54/><REACH who="3" ten="253,133,404,200" step="2"/><T78/><D43/><U45/><E65/><V14/><F64/><W132/><G132/><T76/><D78/><U126/><E126/><V79/><F115/><W38/><G38/><T127/><D127/><U46/><E114/><V86/><F35/><W108/><G108/><T42/><D42/><U5/><E112/><V18/><F25/><W2/><G2/><N who="0" m="279" /><D44/><U48/><E45/><V69/><F69/><W97/><G97/><T113/><D113/><U92/><E103/><V32/><F32/><W50/><AGARI ba="0,1" hai="13,16,22,26,30,33,50,55,58,88,94,99,100,102" machi="50" ten="20,8000,1" yaku="1,1,0,1,7,1,54,2,53,0" doraHai="120" doraHaiUra="41" who="3" fromWho="3" sc="253,-20,133,-20,404,-40,200,90" /><INIT seed="3,0,0,3,4,38" ten="233,113,364,290" oya="3" hai0="50,71,31,116,32,90,73,42,28,110,40,89,123" hai1="1,125,58,2,77,118,43,21,91,49,104,107,92" hai2="23,105,127,132,17,83,81,74,26,48,57,39,14" hai3="103,34,9,114,65,115,63,135,3,134,84,78,18"/><W35/><G103/><T67/><D116/><U54/><E118/><V120/><F105/><W51/><G84/><T36/><D123/><U82/><E125/><V68/><F39/><W72/><G78/><T12/><D73/><U69/><E69/><V70/><F68/><W79/><G79/><T80/><D110/><U44/><E107/><V66/><F70/><W24/><G72/><T8/><D36/><U52/><E104/><V86/><F74/><W11/><G51/><T100/><D100/><U106/><E106/><V121/><F132/><N who="3" m="50731" /><G63/><T4/><D32/><N who="3" m="12329" /><G65/><T19/><D71/><U96/><E21/><V25/><F127/><W30/><G18/><T27/><D67/><U16/><E16/><V53/><F66/><W128/><G128/><T61/><D61/><U95/><E95/><V131/><F131/><W46/><G46/><T62/><D62/><U112/><E112/><N who="3" m="43050" /><G3/><T76/><D76/><U15/><E54/><V88/><REACH who="2" step="1"/><F81/><REACH who="2" ten="233,113,354,290" step="2"/><W56/><G56/><T97/><D80/><U60/><REACH who="1" step="1"/><E15/><REACH who="1" ten="233,103,354,290" step="2"/><V93/><F93/><W22/><AGARI ba="0,2" hai="9,11,22,24,30" m="43050,12329,50731" machi="22" ten="40,7800,0" yaku="20,1,34,2" doraHai="38" who="3" fromWho="3" sc="233,-26,103,-26,354,-26,290,98" owari="207,-19.3,77,-42.3,328,12.8,388,48.8" /></mjloggm>