<mjloggm ver="2.3"><GO type="225" lobby="0"/><UN n0="%73%73%74%61%72%6F" n1="%E8%B6%85%E7%B4%9A%E9%B3%B3%E5%87%B0" n2="%E3%83%97%E3%83%92" n3="%4C%4F%4C%49%54%41" dan="16,16,16,16" rate="2098.58,2128.47,2167.51,2170.56" sx="M,M,M,F"/><TAIKYOKU oya="0"/><INIT seed="0,0,0,0,1,20" ten="250,250,250,250" oya="0" hai0="86,71,118,78,14,11,21,127,39,41,96,4,44" hai1="87,67,24,112,113,12,131,92,5,25,104,38,52" hai2="31,9,93,35,28,70,3,68,16,80,50,36,65" hai3="99,51,46,10,34,95,119,26,107,75,124,108,7"/><T100/><D71/><U43/><E104/><V54/><F36/><W103/><G119/><T129/><D118/><U53/><E131/><V55/><F3/><W77/><G108/><T123/><D123/><U97/><E67/><V130/><F130/><W117/><G117/><T89/><D129/><U73/><E73/><V106/><F106/><W33/><G124/><T13/><D127/><U101/><E87/><V125/><F55/><N who="1" m="21065" /><E43/><V122/><F35/><W69/><G69/><T134/><D134/><U45/><E45/><V49/><F122/><W64/><G64/><T30/><D78/><U85/><E38/><V66/><F54/><W8/><G95/><T126/><D126/><U90/><E5/><V37/><F93/><W19/><G75/><T57/><D57/><U110/><E12/><V63/><F37/><W115/><G115/><N who="1" m="44106" /><E110/><V98/><F66/><W114/><G114/><T132/><D132/><U102/><E85/><V61/><F70/><W111/><G111/><T94/><D86/><U62/><E62/><V42/><F63/><W128/><G128/><T2/><D2/><U121/><E121/><V133/><F42/><W88/><G107/><T58/><D58/><U120/><E120/><V79/><F133/><W1/><G1/><T27/><REACH who="0" step="1"/><D14/><REACH who="0" ten="240,250,250,250" step="2"/><U74/><E74/><N who="2" m="43127" /><F125/><W40/><G77/><T6/><D6/><U91/><E91/><AGARI ba="0,1" hai="4,11,13,21,27,30,39,41,44,89,91,94,96,100" machi="91" ten="40,3900,0" yaku="1,1,52,1,53,0" doraHai="20" doraHaiUra="59" who="0" fromWho="1" sc="240,49,250,-39,250,0,250,0" /><INIT seed="0,1,0,3,2,73" ten="289,211,250,250" oya="0" hai0="77,35,51,28,94,97,61,20,129,105,116,121,56" hai1="5,12,29,91,47,108,22,80,2,38,34,21,128" hai2="58,123,118,72,27,16,24,99,37,110,46,135,89" hai3="66,49,93,125,126,8,26,102,130,88,63,98,81"/><T133/><D121/><U70/><E70/><V78/><F123/><W3/><G130/><T57/><D129/><U111/><E128/><V52/><F110/><N who="1" m="42025" /><E2/><V48/><F135/><W132/><G132/><T115/><D133/><U0/><E0/><V6/><F6/><W114/><G114/><T67/><D115/><U131/><E131/><V50/><F37/><W69/><G26/><N who="0" m="16455" /><D35/><U86/><E5/><V9/><F118/><W65/><G65/><T13/><D105/><U1/><E1/><V117/><F117/><W68/><G68/><T76/><D13/><U53/><E12/><N who="2" m="7183" /><F72/><W15/><G49/><T39/><D39/><U107/><E107/><V79/><F27/><W4/><G3/><T103/><D116/><U84/><E84/><V14/><F14/><W42/><G42/><T45/><D57/><U127/><E38/><V87/><F99/><W106/><REACH who="3" step="1"/><G81/><REACH who="3" ten="289,211,250,240" step="2"/><T104/><D104/><U113/><E113/><V82/><F24/><W59/><G59/><T134/><D134/><U17/><E80/><V100/><F100/><W10/><G10/><T96/><D97/><AGARI ba="1,1" hai="4,8,15,63,66,69,88,93,97,98,102,106,125,126" machi="97" ten="40,2600,0" yaku="1,1,54,1,53,0" doraHai="73" doraHaiUra="43" who="3" fromWho="0" sc="289,-29,211,0,250,0,240,39" /><INIT seed="1,0,0,2,0,59" ten="260,211,250,279" oya="1" hai0="103,29,56,135,110,113,9,79,87,47,2,72,77" hai1="63,28,125,117,112,111,24,84,65,133,17,99,132" hai2="25,0,1,10,91,74,48,58,32,68,60,62,126" hai3="67,108,31,104,96,119,7,27,123,114,122,45,129"/><U94/><E112/><V85/><F74/><W53/><G114/><T11/><D113/><U124/><E117/><V88/><F126/><N who="1" m="48745" /><E84/><V69/><F32/><W35/><G108/><T4/><D110/><U98/><E17/><V57/><F48/><W13/><G67/><T78/><D135/><N who="1" m="51787" /><E94/><V76/><F25/><W61/><G129/><T36/><D29/><U39/><E39/><V134/><F134/><W21/><G119/><T131/><D131/><U120/><E120/><V49/><F49/><W16/><G7/><T26/><D26/><U116/><E116/><V14/><F76/><W70/><G45/><T81/><D87/><U73/><E73/><V83/><F91/><W44/><G44/><T22/><D22/><N who="1" m="15383" /><E111/><V38/><F38/><W40/><G40/><T41/><D11/><U12/><E12/><V93/><F93/><W82/><G82/><T95/><D56/><AGARI ba="0,0" hai="56,63,65,98,99" m="15383,51787,48745" machi="56" ten="30,5800,0" yaku="18,1,20,1,52,1" doraHai="59" who="1" fromWho="0" sc="260,-58,211,58,250,0,279,0" /><INIT seed="1,1,0,5,0,68" ten="202,269,250,279" oya="1" hai0="41,40,107,30,43,60,76,90,102,88,93,81,65" hai1="51,84,130,9,11,80,4,62,35,71,116,34,49" hai2="83,128,12,100,61,2,42,50,112,37,94,1,97" hai3="39,70,20,44,109,91,87,22,92,14,110,113,78"/><U108/><E116/><V124/><F128/><W46/><G113/><T0/><D0/><U24/><E130/><V131/><F131/><W99/><G70/><T53/><D53/><U121/><E121/><V45/><F112/><W10/><G78/><T111/><D111/><N who="3" m="42505" /><G99/><T29/><D107/><U82/><E108/><V21/><F124/><W47/><G39/><T134/><D134/><U63/><E71/><V28/><F61/><W129/><G129/><T89/><D102/><U95/><E24/><V26/><F83/><W96/><G96/><T74/><REACH who="0" step="1"/><D93/><REACH who="0" ten="192,269,250,279" step="2"/><U15/><E95/><V38/><F1/><W66/><G66/><T104/><D104/><U19/><E63/><V18/><REACH who="2" step="1"/><F2/><REACH who="2" ten="192,269,240,279" step="2"/><W13/><G13/><T5/><D5/><AGARI ba="1,2" hai="5,10,14,20,22,44,46,47,87,91,92" m="42505" machi="5" ten="30,1000,0" yaku="14,1" doraHai="68" who="3" fromWho="0" sc="192,-13,269,0,240,0,279,33" /><INIT seed="2,0,0,4,1,108" ten="179,269,240,312" oya="2" hai0="90,70,10,59,57,38,74,121,37,25,94,42,81" hai1="39,11,49,116,56,66,104,100,29,16,109,105,64" hai2="15,106,132,34,84,53,122,134,46,48,17,102,126" hai3="124,110,44,87,68,85,65,63,99,12,113,73,78"/><V40/><F122/><W62/><G110/><T88/><D121/><U120/><E109/><V111/><F111/><W71/><G124/><T24/><D70/><U130/><E120/><V127/><F34/><W118/><G118/><T54/><D10/><U8/><E116/><V58/><F84/><W4/><G113/><T14/><D14/><U125/><E39/><V43/><F102/><W119/><G119/><T96/><D57/><U50/><E29/><V36/><F106/><W117/><G117/><T107/><D107/><U5/><E125/><N who="2" m="47627" /><F17/><W20/><G44/><T128/><D128/><U45/><E130/><V98/><F98/><W77/><G99/><T60/><D90/><U82/><E100/><V93/><F93/><W72/><G20/><T35/><D35/><U83/><E16/><V69/><F15/><W26/><G26/><T6/><D6/><U51/><E5/><V112/><F112/><W27/><G27/><T3/><D3/><U23/><E23/><V86/><F86/><W135/><G12/><T114/><D114/><U52/><E104/><V13/><F13/><W1/><G1/><T131/><D131/><U103/><E105/><V0/><F0/><W55/><G4/><T22/><D42/><N who="2" m="15914" /><F69/><W97/><G97/><T41/><D25/><U30/><E103/><V9/><F9/><N who="1" m="3657" /><E30/><V92/><F92/><W91/><G71/><T47/><D38/><U61/><E45/><V115/><F115/><W76/><G68/><T129/><D129/><U19/><E19/><V2/><F2/><W31/><G31/><N who="0" m="17815" /><D74/><U79/><E79/><N who="3" m="30282" /><G73/><T28/><D28/><RYUUKYOKU ba="0,0" sc="179,10,269,10,240,10,312,-30" hai0="37,41,47,54,59,60,81,88,94,96" hai1="49,50,51,52,56,61,64,66,82,83" hai2="36,46,48,53,58,132,134" /><INIT seed="2,1,0,1,0,47" ten="189,279,250,282" oya="2" hai0="5,121,33,19,80,61,6,101,122,106,95,134,102" hai1="97,117,91,15,17,50,9,12,98,112,3,120,63" hai2="108,30,7,46,31,107,68,20,22,64,8,119,40" hai3="88,45,92,70,84,0,130,25,99,109,21,124,66"/><V65/><F119/><W55/><G0/><T26/><D106/><U34/><E117/><V85/><F107/><W44/><G109/><T125/><D125/><U133/><E112/><V131/><F131/><W42/><G124/><T93/><D134/><U96/><E34/><V78/><F108/><W113/><G130/><T1/><D80/><U75/><E75/><V4/><F68/><W38/><G113/><T86/><D1/><U115/><E115/><V69/><F69/><W48/><G66/><T128/><D128/><U27/><E133/><V62/><F62/><W51/><G70/><T82/><D61/><U111/><E111/><V74/><F22/><W67/><G67/><N who="2" m="25673" /><F20/><W10/><G10/><T89/><D121/><U41/><E120/><V87/><F4/><W24/><G38/><T90/><D122/><U94/><E63/><V132/><F85/><W23/><G23/><N who="0" m="13695" /><D33/><U79/><E3/><N who="2" m="127" /><F87/><W37/><G37/><T73/><D73/><U71/><E71/><V2/><F2/><W81/><G21/><T28/><D28/><U129/><E129/><V60/><F60/><W135/><G135/><T105/><D105/><U114/><E114/><V29/><F132/><W76/><AGARI ba="1,0" hai="24,25,42,44,45,48,51,55,76,81,84,88,92,99" machi="76" ten="20,12000,2" yaku="0,1,7,1,8,1,52,2,54,1" doraHai="47" who="3" fromWho="3" sc="189,-31,279,-31,250,-61,282,123" /><INIT seed="3,0,0,2,3,70" ten="158,248,189,405" oya="3" hai0="91,12,36,106,125,95,81,72,130,88,5,54,135" hai1="89,82,22,20,85,132,32,108,44,122,55,117,62" hai2="67,73,30,53,17,43,113,15,52,78,99,7,115" hai3="105,120,4,66,45,107,9,69,6,1,51,59,87"/><W38/><G120/><T56/><D106/><U34/><E122/><V114/><F30/><W76/><G4/><T124/><D135/><U133/><E108/><V111/><F111/><W96/><G96/><T116/><D116/><U134/><E117/><V97/><F67/><W110/><G110/><T77/><D130/><U49/><E62/><V84/><F73/><W35/><G35/><AGARI ba="0,0" hai="20,22,32,34,35,44,49,55,82,85,89,132,133,134" machi="35" ten="50,1600,0" yaku="20,1" doraHai="70" who="1" fromWho="3" sc="158,0,248,16,189,0,405,-16" owari="158,-34.2,264,6.4,189,-21.1,389,48.9" /></mjloggm>