<mjloggm ver="2.3"><GO type="225" lobby="0"/><UN n0="%E3%81%A4%E3%81%A3%E3%81%B1%E3%82%8A%E3%83%9D%E3%83%BC%E3%83%AB" n1="%E6%81%A5%E6%99%92%E3%81%97" n2="%6D%75%75%73%61%6E%6D%75" n3="%E3%82%B3%E3%83%90%E3%83%AC%E3%82%A4" dan="17,16,17,16" rate="2220.17,2094.12,2151.29,2118.03" sx="M,M,F,M"/><TAIKYOKU oya="0"/><INIT seed="0,0,0,5,5,0" ten="250,250,250,250" oya="0" hai0="71,22,88,15,7,4,108,33,52,77,62,114,61" hai1="5,63,109,87,124,38,47,133,123,76,51,86,12" hai2="11,130,131,39,129,68,9,3,44,20,75,120,93" hai3="110,132,106,104,125,48,83,18,13,69,53,35,26"/><T96/><D114/><U49/><E123/><V81/><F120/><W24/><G69/><T74/><D33/><U27/><E109/><V103/><F68/><W43/><G110/><T73/><D108/><U25/><E124/><V119/><F119/><W41/><G125/><T70/><D77/><U10/><E133/><V135/><F135/><W17/><G35/><T105/><D105/><U28/><E27/><V122/><F122/><W72/><G106/><T34/><D34/><U112/><E112/><V16/><F3/><W97/><G104/><T58/><D71/><U78/><E38/><V102/><F81/><W57/><G72/><T14/><D73/><U84/><E63/><N who="0" m="24073" /><D74/><U8/><E8/><N who="2" m="3147" /><F75/><W54/><G83/><T117/><D70/><U66/><E66/><V32/><F32/><W100/><G132/><T90/><D117/><U30/><E51/><V67/><F67/><W101/><G48/><N who="0" m="30983" /><D96/><U55/><REACH who="1" step="1"/><E25/><REACH who="1" ten="250,240,250,250" step="2"/><N who="2" m="14471" /><F93/><W60/><G60/><T89/><D22/><U45/><E45/><V128/><F128/><W40/><G57/><T91/><N who="0" m="22528" /><DORA hai="59" /><T127/><D127/><U113/><E113/><V98/><F98/><W80/><G97/><T1/><D1/><U126/><E126/><V65/><F65/><W36/><G36/><T56/><D56/><U64/><E64/><V37/><F37/><W42/><G80/><T50/><D50/><U23/><E23/><V94/><F94/><W118/><G118/><T116/><D116/><U79/><AGARI ba="0,1" hai="5,10,12,28,30,47,49,55,76,78,79,84,86,87" machi="79" ten="30,12000,2" yaku="1,1,0,1,8,1,52,1,53,3" doraHai="0,59" doraHaiUra="82,19" who="1" fromWho="1" sc="250,-60,240,130,250,-30,250,-30" /><INIT seed="1,0,0,5,4,45" ten="190,370,220,220" oya="1" hai0="66,48,7,62,127,133,114,108,98,83,95,24,19" hai1="80,102,101,41,35,52,70,46,94,14,68,5,121" hai2="64,1,105,132,22,69,12,88,112,107,75,40,130" hai3="11,97,32,67,18,49,20,120,34,134,53,6,125"/><U124/><E121/><V110/><F1/><W86/><G120/><T103/><D114/><U89/><E35/><V85/><F112/><W78/><G125/><T92/><D127/><U51/><E124/><V82/><F110/><W37/><G37/><T54/><D108/><U43/><E70/><V63/><F130/><W30/><G67/><T74/><D133/><U65/><E65/><V91/><F132/><W123/><G123/><T87/><D74/><U57/><E80/><V2/><F2/><W23/><G23/><N who="0" m="13439" /><D7/><U84/><E68/><V129/><F129/><W26/><G97/><T42/><D42/><N who="1" m="15883" /><E46/><V28/><F75/><W36/><G36/><T55/><D66/><U3/><E3/><V13/><F40/><W47/><G134/><T109/><D109/><U113/><E113/><V33/><F33/><W117/><G117/><T90/><D62/><U38/><E38/><V71/><F71/><W106/><G106/><T96/><D55/><U9/><AGARI ba="0,0" hai="5,9,14,51,52,57,84,89,94,101,102" m="15883" machi="9" ten="30,6000,0" yaku="8,1,52,1,54,1" doraHai="45" who="1" fromWho="1" sc="190,-20,370,60,220,-20,220,-20" /><INIT seed="1,1,0,3,2,78" ten="170,430,200,200" oya="1" hai0="76,60,2,47,52,134,21,63,84,122,38,41,125" hai1="14,48,130,126,35,71,44,36,62,112,131,79,85" hai2="132,33,18,9,104,102,74,65,37,109,113,75,15" hai3="25,17,55,12,73,117,70,114,91,118,23,92,61"/><U32/><E14/><V10/><F37/><W50/><G73/><T98/><D134/><U99/><E99/><V82/><F132/><W51/><G114/><T97/><D2/><U67/><E112/><V5/><F113/><W56/><G70/><T6/><D6/><U39/><E35/><V135/><F135/><W42/><G42/><T128/><D128/><U87/><E87/><V34/><F109/><W7/><G7/><T86/><D125/><U94/><E94/><V40/><F75/><W105/><G105/><T66/><D122/><U77/><E77/><V96/><F40/><W24/><G24/><T19/><D84/><U83/><E32/><V20/><F65/><W90/><G90/><T81/><D63/><U46/><E44/><V13/><REACH who="2" step="1"/><F10/><REACH who="2" ten="170,430,190,200" step="2"/><N who="3" m="6295" /><G118/><T89/><D76/><AGARI ba="1,1" hai="5,9,13,15,18,20,33,34,74,76,82,96,102,104" machi="76" ten="40,5200,0" yaku="1,1,52,1,53,1" doraHai="78" doraHaiUra="72" who="2" fromWho="0" sc="170,-55,430,0,190,65,200,0" /><INIT seed="2,0,0,4,2,55" ten="115,430,255,200" oya="2" hai0="124,51,24,49,69,53,50,7,39,122,133,104,75" hai1="78,65,8,135,30,80,130,2,14,0,13,18,76" hai2="113,134,118,10,131,33,86,110,84,91,107,125,108" hai3="112,68,12,120,96,47,54,28,48,22,99,88,64"/><V5/><F33/><W74/><G74/><T109/><D122/><U25/><E130/><V70/><F70/><W87/><G120/><T56/><D104/><U66/><E135/><V21/><F107/><W123/><G123/><T52/><D75/><U106/><E106/><V85/><F113/><W20/><G112/><T94/><D133/><U34/><E14/><V32/><F134/><W77/><G77/><T31/><D39/><U71/><E78/><V100/><F32/><W1/><G1/><T95/><D69/><U44/><E44/><V38/><F118/><W17/><G64/><T89/><D124/><U15/><E15/><V16/><F38/><W129/><G68/><T57/><D109/><N who="2" m="42090" /><F100/><W126/><G126/><T97/><D7/><U92/><E71/><V29/><F29/><W115/><G129/><T42/><D95/><U62/><E92/><N who="2" m="54375" /><F125/><W58/><G115/><T9/><D9/><U98/><E8/><V93/><F93/><N who="3" m="54431" /><G47/><N who="0" m="25847" /><D31/><U37/><E37/><V3/><F131/><W6/><G6/><T35/><D35/><U121/><E121/><V83/><F83/><W116/><G116/><T103/><D24/><AGARI ba="0,0" hai="3,5,10,16,21,24,85,86" m="54375,42090" machi="24" ten="30,5800,0" yaku="14,1,10,1,54,1" doraHai="55" who="2" fromWho="0" sc="115,-58,430,0,255,58,200,0" /><AGARI ba="0,0" hai="12,17,20,22,24,28,48,54,58,96,99" m="54431" machi="24" ten="30,7700,0" yaku="25,1,8,1,52,1,54,1" doraHai="55" who="3" fromWho="0" sc="57,-77,430,0,313,0,200,77" owari="-20,-52.0,430,53.0,313,11.3,277,-12.3" /></mjloggm>