<mjloggm ver="2.3"><GO type="225" lobby="0"/><UN n0="%E6%A1%9C%E8%8A%B1%E9%96%83%E3%80%85" n1="%E3%81%B5%E3%81%98%E3%81%8B%E3%81%A4" n2="%E3%81%99%E3%81%84%E3%81%BE%E3%81%9B%E3%83%BC%E3%82%93" n3="%E6%A0%B9%E5%85%83%E3%81%8B%E3%82%89%E5%90%B9%E3%81%A3%E9%A3%9B%E3%81%B6" dan="16,17,18,17" rate="2222.83,2242.45,2192.40,2185.86" sx="M,M,M,F"/><TAIKYOKU oya="0"/><INIT seed="0,0,0,4,3,84" ten="250,250,250,250" oya="0" hai0="83,14,123,15,112,65,18,77,73,119,1,35,78" hai1="50,69,79,102,82,61,4,58,54,90,103,12,89" hai2="5,21,42,122,52,37,116,75,9,16,8,28,101" hai3="23,135,91,113,39,95,92,93,3,56,104,66,47"/><T107/><D112/><U130/><E130/><V97/><F122/><W27/><G113/><T10/><D119/><U81/><E69/><V17/><F75/><W38/><G104/><T129/><D123/><U11/><E61/><V106/><F116/><W34/><G3/><T45/><D129/><U128/><E128/><V133/><F133/><W87/><G34/><T44/><D107/><U76/><E82/><V125/><F125/><W19/><G135/><T98/><D1/><U105/><E105/><V114/><F114/><W124/><G124/><T88/><D35/><U30/><E30/><V36/><F28/><W46/><G38/><T0/><D0/><U33/><E33/><V94/><F106/><W100/><G39/><T70/><D78/><N who="1" m="29739" /><E81/><V43/><F37/><W25/><G25/><T111/><D111/><U26/><E26/><N who="2" m="14631" /><F36/><W7/><G7/><T117/><D117/><U55/><E54/><V24/><F52/><W51/><G100/><AGARI ba="0,0" hai="4,11,12,50,55,58,89,90,100,102,103" m="29739" machi="100" ten="30,3900,0" yaku="8,1,52,2" doraHai="84" who="1" fromWho="3" sc="250,0,250,39,250,0,250,-39" /><INIT seed="1,0,0,4,5,81" ten="250,289,250,211" oya="1" hai0="123,60,50,1,61,104,78,68,73,64,126,15,56" hai1="45,22,134,2,53,9,128,57,47,74,7,39,37" hai2="51,105,132,122,66,59,33,58,82,116,48,72,98" hai3="77,93,3,36,118,112,127,17,35,24,129,54,25"/><U96/><E134/><V102/><F116/><W125/><G112/><T65/><D1/><U85/><E128/><V14/><F122/><W120/><G120/><T27/><D123/><U30/><E74/><V99/><F33/><W84/><G36/><T4/><D104/><U16/><E96/><V32/><F32/><W111/><G3/><T109/><D109/><U88/><E30/><V20/><F132/><W121/><G121/><T67/><D126/><N who="3" m="48137" /><G111/><T11/><D65/><U62/><E39/><V44/><F99/><W124/><N who="3" m="48145" /><W41/><DORA hai="29" /><G118/><T76/><D73/><U10/><E10/><V114/><F114/><W19/><G54/><T12/><D27/><N who="3" m="10313" /><G35/><T34/><D34/><U69/><E69/><V113/><F113/><W21/><G41/><T52/><REACH who="0" step="1"/><D12/><REACH who="0" ten="240,289,250,211" step="2"/><N who="1" m="5183" /><E37/><V28/><F14/><N who="3" m="9399" /><G129/><T90/><D90/><U89/><E89/><V86/><F66/><W63/><G63/><T49/><D49/><U130/><E2/><V79/><F51/><W31/><G31/><T6/><D6/><U119/><E119/><V70/><F28/><W18/><G77/><T42/><D42/><U95/><E130/><V106/><F79/><W40/><G40/><T55/><D55/><U75/><E75/><V92/><F72/><W8/><G8/><T26/><D26/><AGARI ba="0,1" hai="16,22,26,45,47,53,57,62,85,88,95" m="5183" machi="26" ten="30,11600,0" yaku="8,1,52,1,54,2" doraHai="81,29" who="1" fromWho="0" sc="240,-116,289,126,250,0,211,0" /><INIT seed="1,1,0,0,0,78" ten="124,415,250,211" oya="1" hai0="64,111,120,30,104,80,61,114,31,66,15,79,90" hai1="22,33,1,5,122,119,109,48,101,38,89,91,43" hai2="54,7,11,63,9,56,23,75,35,58,77,60,50" hai3="16,6,53,65,118,41,102,132,52,93,18,95,37"/><U17/><E119/><V113/><F35/><W55/><G37/><T21/><D114/><U24/><E122/><V100/><F113/><W83/><G118/><T127/><D120/><U97/><E38/><V70/><F70/><W4/><G65/><T103/><D111/><U20/><E20/><V10/><F100/><W27/><G41/><T12/><D127/><U44/><E33/><V96/><F96/><N who="3" m="59663" /><G132/><T36/><D36/><U32/><E32/><V133/><F133/><W125/><G125/><T131/><D131/><U51/><E109/><V82/><F23/><N who="3" m="13799" /><G95/><T86/><D66/><U106/><E5/><N who="3" m="2154" /><G83/><T81/><D104/><U126/><E1/><V19/><F7/><W128/><G128/><T117/><D103/><U68/><E68/><V46/><F19/><AGARI ba="1,0" hai="18,19,52,53,55" m="2154,13799,59663" machi="19" ten="30,3900,0" yaku="8,1,54,2" doraHai="78" who="3" fromWho="2" sc="124,0,415,0,250,-42,211,42" /><INIT seed="2,0,0,3,3,56" ten="124,415,208,253" oya="2" hai0="14,135,13,49,36,90,83,103,122,107,71,3,4" hai1="70,30,66,73,50,102,40,20,91,42,104,48,61" hai2="120,86,5,39,11,133,55,127,100,25,114,81,88" hai3="26,134,111,60,22,52,106,99,10,80,41,108,57"/><V92/><F114/><W119/><G119/><T38/><D122/><U33/><E73/><V35/><F120/><W82/><G134/><T64/><D135/><U132/><E20/><V62/><F39/><W34/><G34/><T98/><D49/><U130/><E91/><V7/><F133/><W46/><G10/><N who="0" m="2335" /><D13/><U79/><E79/><V53/><F127/><W117/><G117/><T95/><D14/><U21/><E130/><V18/><F35/><W0/><G0/><T110/><D95/><U37/><E21/><N who="2" m="13495" /><F11/><W129/><G129/><T101/><D90/><U115/><E37/><N who="0" m="14441" /><D110/><N who="3" m="42025" /><G106/><N who="0" m="63799" /><D83/><U59/><E132/><V74/><F74/><W123/><G99/><N who="0" m="61951" /><D64/><U32/><E66/><V78/><F100/><W93/><G93/><T6/><D6/><U94/><E70/><AGARI ba="0,0" hai="70,71" m="61951,63799,14441,2335" machi="70" ten="30,2000,0" yaku="33,2" doraHai="56" who="0" fromWho="1" sc="124,20,415,-20,208,0,253,0" /><INIT seed="3,0,0,4,2,104" ten="144,395,208,253" oya="3" hai0="20,99,0,98,108,14,72,33,67,13,112,107,111" hai1="36,103,30,117,82,70,77,74,71,37,81,88,61" hai2="119,94,115,19,86,57,27,8,68,125,129,22,1" hai3="16,127,40,97,43,126,89,11,65,123,34,101,66"/><W113/><G113/><T135/><D33/><U93/><E117/><V114/><F68/><W124/><G34/><T79/><D0/><U64/><E71/><V9/><F119/><W31/><G31/><T134/><D67/><N who="3" m="25609" /><G89/><T75/><D20/><U63/><E63/><V76/><F129/><W29/><G29/><T62/><D62/><U73/><E103/><V38/><F38/><W69/><G123/><T91/><D91/><U44/><E30/><V105/><F105/><W110/><G69/><T26/><D107/><U78/><E44/><V59/><F125/><W25/><G110/><T133/><D79/><U109/><E109/><N who="0" m="42057" /><D26/><U49/><E49/><V54/><F1/><W41/><G11/><N who="2" m="4169" /><F115/><W58/><G58/><N who="2" m="22025" /><F114/><W132/><G132/><N who="0" m="33795" /><T128/><DORA hai="96" /><D128/><U4/><E4/><V3/><F3/><W17/><G25/><T52/><D52/><U80/><E80/><N who="2" m="47367" /><F94/><AGARI ba="0,0" hai="16,17,40,41,43,94,97,101,124,126,127" m="25609" machi="94" ten="40,7700,0" yaku="18,1,52,1,54,1" doraHai="104,96" who="3" fromWho="2" sc="144,0,395,0,208,-77,253,77" /><INIT seed="3,1,0,2,0,0" ten="144,395,131,330" oya="3" hai0="36,135,34,110,76,115,42,47,89,96,129,69,50" hai1="37,74,81,79,112,16,106,55,57,46,22,20,101" hai2="73,23,66,107,95,128,56,113,4,127,9,62,117" hai3="60,78,10,123,39,82,85,24,63,54,103,121,52"/><W45/><G103/><T70/><D110/><U87/><E112/><V19/><F107/><W131/><G131/><T21/><D34/><U3/><E3/><V18/><F113/><W111/><G111/><T68/><D115/><U58/><E58/><V51/><F73/><W43/><G24/><T7/><D129/><U125/><E125/><V59/><F117/><W91/><G63/><T98/><D135/><U6/><E6/><V118/><F118/><W109/><G109/><T75/><D7/><U33/><E33/><V114/><F114/><W92/><G10/><T100/><D89/><U15/><E87/><V93/><F127/><W25/><G25/><T99/><D21/><U84/><E22/><V32/><F32/><W44/><G54/><T29/><D29/><U38/><E55/><N who="2" m="31871" /><F128/><W126/><G126/><T17/><D17/><N who="2" m="6154" /><F23/><W53/><G53/><T30/><D30/><U94/><E81/><V11/><F9/><W61/><G61/><T40/><D40/><U97/><E97/><V41/><F41/><W77/><G77/><T133/><D133/><U67/><E101/><V124/><F124/><W2/><G2/><T132/><D132/><U72/><E67/><V12/><AGARI ba="1,0" hai="4,11,12,59,62,66,93,95" m="6154,31871" machi="12" ten="30,2000,0" yaku="8,1,52,1" doraHai="0" who="2" fromWho="2" sc="144,-6,395,-6,131,23,330,-11" owari="138,-36.2,389,48.9,154,-24.6,319,11.9" /></mjloggm>