<mjloggm ver="2.3"><GO type="225" lobby="0"/><UN n0="%70%68%65%6E%6F%6D%65" n1="%E3%82%BC%E3%83%AB%E3%83%80%E3%81%AE%E4%BC%9D%E8%AA%AC" n2="%E9%8A%80%E3%81%B0%E3%81%95%E3%81%BF" n3="%E3%81%BF%E3%81%BF%E3%81%9A" dan="16,17,17,16" rate="2115.52,2130.86,2179.40,2150.95" sx="M,M,M,M"/><TAIKYOKU oya="0"/><INIT seed="0,0,0,1,0,77" ten="250,250,250,250" oya="0" hai0="65,59,101,60,128,40,72,53,16,96,118,31,49" hai1="129,27,3,25,87,75,78,29,89,105,120,30,43" hai2="61,114,52,38,123,1,5,86,66,21,107,102,108" hai3="82,64,100,24,19,44,93,106,42,115,14,91,63"/><T50/><D118/><U4/><E120/><V8/><F123/><W0/><G0/><T47/><D128/><U36/><E129/><V10/><F114/><W134/><G115/><T112/><D112/><U74/><E105/><V28/><F38/><W76/><G134/><T103/><D72/><U95/><E29/><V39/><F39/><W132/><G132/><T119/><D119/><U111/><E111/><V51/><F108/><W7/><G106/><T9/><D31/><U69/><E69/><V84/><F10/><N who="3" m="4447" /><G100/><T70/><REACH who="0" step="1"/><D96/><REACH who="0" ten="240,250,250,250" step="2"/><U17/><E30/><V58/><F28/><W54/><G64/><T35/><D35/><U92/><E74/><V83/><F66/><W116/><G116/><T56/><D56/><U23/><E75/><V34/><F58/><N who="3" m="35287" /><G24/><T68/><D68/><U22/><E25/><V48/><F34/><W109/><G109/><T32/><D32/><U62/><E27/><V126/><F1/><W90/><G93/><T67/><D67/><U41/><E92/><V127/><F107/><W33/><G33/><T37/><D37/><U12/><E36/><V94/><F94/><W45/><G45/><T6/><D6/><U73/><E4/><V97/><F5/><W79/><G19/><T133/><D133/><U55/><E3/><V85/><F97/><W121/><G121/><T88/><D88/><N who="3" m="33833" /><G82/><T110/><D110/><U99/><E73/><V46/><F83/><W125/><G125/><T18/><D18/><U11/><E99/><V13/><F127/><W80/><G80/><T130/><D130/><U15/><E17/><V71/><F126/><RYUUKYOKU ba="0,1" sc="240,15,250,-15,250,-15,250,15" hai0="9,16,40,47,49,50,53,59,60,65,70,101,103" hai3="42,44,76,79" /><INIT seed="0,1,1,3,3,101" ten="255,235,235,265" oya="0" hai0="76,10,29,32,4,86,79,121,20,39,133,110,127" hai1="45,2,16,91,35,13,89,72,100,41,46,19,107" hai2="17,77,21,131,105,109,0,81,82,64,124,70,117" hai3="115,7,126,26,112,58,103,67,28,125,11,106,53"/><T36/><D121/><U88/><E2/><V116/><F0/><N who="3" m="487" /><G67/><T6/><D127/><N who="3" m="48649" /><G58/><T96/><D133/><U75/><E35/><V25/><F124/><W54/><G54/><T128/><D128/><U47/><E41/><V97/><F131/><W118/><G53/><T130/><D130/><U38/><E38/><V63/><F109/><W14/><G118/><N who="2" m="45673" /><F77/><W62/><G62/><T85/><D32/><U56/><E56/><V114/><F114/><W122/><G122/><T43/><D110/><U8/><REACH who="1" step="1"/><E19/><REACH who="1" ten="255,225,235,265" step="2"/><V129/><F129/><W60/><G60/><T98/><D43/><U57/><E57/><V40/><F40/><W48/><G48/><T59/><D59/><U5/><E5/><V102/><AGARI ba="1,2" hai="17,21,25,63,64,70,81,82,97,102,105" m="45673" machi="102" ten="30,2000,0" yaku="12,1,52,1" doraHai="101" who="2" fromWho="2" sc="255,-11,225,-6,235,43,265,-6" /><INIT seed="1,0,0,5,2,82" ten="244,219,278,259" oya="1" hai0="80,21,97,90,69,133,117,16,33,75,67,12,101" hai1="71,134,78,91,34,66,11,65,96,135,130,35,98" hai2="47,15,87,132,61,77,119,127,76,131,48,84,100" hai3="43,18,111,54,124,112,24,102,64,30,13,57,70"/><U3/><E130/><V81/><F119/><W8/><G112/><T25/><D117/><U2/><E91/><V110/><F131/><W20/><G111/><T114/><D114/><U27/><E27/><V73/><F110/><W115/><G115/><T42/><D133/><N who="1" m="50699" /><E78/><V129/><F129/><W105/><G124/><T19/><D42/><U50/><E50/><V1/><F1/><N who="1" m="9" /><E11/><V63/><F132/><W6/><G43/><T122/><D122/><U60/><E60/><N who="2" m="23115" /><F73/><W55/><G70/><T120/><D120/><U93/><E93/><V53/><F127/><W108/><G108/><T118/><D118/><U45/><E45/><V52/><F100/><W14/><G64/><N who="1" m="24682" /><E71/><V44/><F15/><W36/><G36/><T125/><D125/><U40/><E40/><N who="2" m="24583" /><F47/><W126/><G126/><T17/><D67/><U39/><E39/><V58/><F58/><W37/><G37/><T88/><D69/><U22/><E22/><V94/><F76/><W74/><G57/><T5/><D75/><U92/><E92/><V32/><F32/><AGARI ba="0,0" hai="32,34,35,96,98" m="24682,9,50699" machi="32" ten="40,7700,0" yaku="28,2,20,1" doraHai="82" who="1" fromWho="2" sc="244,0,219,77,278,-77,259,0" /><INIT seed="1,1,0,4,0,41" ten="244,296,201,259" oya="1" hai0="70,33,0,38,61,108,55,36,4,134,28,65,91" hai1="81,21,64,18,133,8,52,46,109,122,10,63,119" hai2="51,104,27,96,116,80,88,131,99,22,62,124,115" hai3="49,34,14,129,71,6,50,60,105,43,66,132,30"/><U16/><E119/><V75/><F116/><W1/><G129/><T45/><D108/><U87/><E122/><V11/><F131/><W74/><G74/><T110/><D110/><U123/><E133/><V32/><F32/><W44/><G132/><T17/><D134/><U25/><E123/><V54/><F124/><W31/><G1/><T40/><D17/><U76/><E109/><V47/><F115/><W69/><G69/><T98/><D55/><U84/><E84/><N who="2" m="50183" /><F104/><W127/><G127/><T73/><D38/><U37/><E18/><N who="2" m="12759" /><F75/><W3/><G3/><T130/><D73/><U20/><E20/><V15/><F62/><W97/><G50/><T113/><D113/><U121/><E121/><V103/><F103/><W100/><REACH who="3" step="1"/><G34/><REACH who="3" ten="244,296,201,249" step="2"/><T7/><D0/><U9/><E37/><V126/><F126/><W26/><G26/><T67/><D130/><U85/><E63/><V112/><F112/><W12/><G12/><T89/><D33/><U24/><E24/><V118/><F118/><W106/><G106/><T120/><D120/><U53/><E25/><V107/><F107/><W94/><G94/><T101/><D70/><U68/><E68/><V93/><F93/><W92/><G92/><T19/><D61/><U13/><E13/><V86/><F86/><W5/><G5/><AGARI ba="1,1" hai="5,11,15,47,51,54,96,99" m="12759,50183" machi="5" ten="30,3900,0" yaku="8,1,52,1,54,1" doraHai="41" who="2" fromWho="3" sc="244,0,296,0,201,52,249,-42" /><INIT seed="2,0,0,1,3,132" ten="244,296,253,207" oya="2" hai0="25,32,53,95,41,54,111,30,47,29,44,1,80" hai1="99,129,10,119,24,114,57,127,64,18,92,49,130" hai2="34,76,2,65,0,45,67,27,90,82,116,11,26" hai3="61,70,134,120,73,56,105,97,28,51,109,31,81"/><V69/><F116/><W106/><G120/><T84/><D111/><U98/><E127/><V19/><F90/><W46/><G109/><T86/><D1/><U78/><E114/><V20/><F45/><W8/><G134/><T112/><D112/><U17/><E119/><V14/><F34/><W101/><G70/><T118/><D118/><U115/><E115/><V135/><F135/><W107/><G8/><T21/><D32/><U125/><E125/><V62/><F67/><W83/><G28/><T117/><D117/><U60/><E78/><V131/><F26/><W108/><G31/><T5/><D5/><U68/><E10/><V79/><F131/><N who="1" m="50185" /><E24/><V15/><F15/><W52/><G108/><T39/><D30/><U124/><E124/><V40/><F40/><W72/><G83/><T94/><D86/><U89/><E98/><V102/><F76/><W35/><G35/><T12/><D12/><U48/><E68/><V77/><F77/><W75/><REACH who="3" step="1"/><G81/><REACH who="3" ten="244,296,253,197" step="2"/><T37/><D80/><U59/><E17/><V58/><F69/><W123/><G123/><T4/><D4/><U133/><E18/><V9/><F9/><W50/><G50/><T6/><D6/><U36/><E133/><V74/><F11/><W121/><G121/><T93/><D84/><U22/><E22/><V91/><F20/><W42/><AGARI ba="0,1" hai="42,46,51,52,56,61,72,73,75,97,101,105,106,107" machi="42" ten="30,4000,0" yaku="1,1,0,1,54,1,53,0" doraHai="132" doraHaiUra="113" who="3" fromWho="3" sc="244,-10,296,-10,253,-20,197,50" /><INIT seed="3,0,0,2,5,120" ten="234,286,233,247" oya="3" hai0="51,7,66,92,78,97,135,96,39,98,91,15,2" hai1="40,133,125,71,25,111,0,83,57,126,37,127,114" hai2="65,70,35,95,45,30,31,38,53,49,104,73,23" hai3="106,10,116,47,129,102,4,62,108,109,99,18,72"/><W52/><G116/><T107/><D39/><U69/><E111/><N who="3" m="42570" /><G129/><T50/><D2/><U13/><E0/><V68/><F104/><W24/><G72/><T67/><D78/><U119/><E133/><V64/><F35/><W20/><G47/><T58/><D135/><U81/><E114/><V115/><F115/><W17/><G52/><N who="0" m="32023" /><D107/><U59/><E119/><V14/><F73/><W128/><G62/><T74/><D74/><U110/><E110/><V103/><F38/><W112/><G112/><T89/><D51/><U27/><E40/><V84/><F68/><W82/><G128/><T6/><D91/><U22/><E37/><V8/><F70/><W79/><G82/><T123/><D123/><U77/><E126/><V12/><F12/><N who="3" m="5191" /><G79/><T28/><D66/><N who="2" m="25706" /><F23/><W94/><G106/><T11/><D67/><U130/><E130/><V100/><F84/><W105/><G105/><T101/><D7/><U121/><E121/><V19/><F95/><W5/><G5/><T63/><D63/><U42/><E69/><V90/><F90/><W134/><G134/><T33/><D89/><U43/><E71/><V32/><F32/><W75/><G75/><T1/><D33/><U56/><E77/><V118/><F118/><W87/><G87/><T76/><D1/><U132/><E132/><V46/><F46/><W9/><G9/><T88/><D76/><U131/><E131/><V48/><F48/><W93/><G93/><T29/><D88/><U60/><E60/><V117/><F117/><W86/><G86/><T16/><D6/><U41/><E83/><V3/><F3/><RYUUKYOKU ba="0,0" sc="234,10,286,-30,233,10,247,10" hai0="11,15,16,28,29,92,96,97,98,101" hai2="8,14,19,30,31,45,49,53,100,103" hai3="17,18,20,24,94,99,102" /><INIT seed="3,1,0,0,0,6" ten="244,256,243,257" oya="3" hai0="48,42,102,16,70,65,1,18,58,73,133,35,51" hai1="75,121,28,60,25,23,40,9,30,122,86,53,36" hai2="112,87,85,130,89,24,56,54,32,8,39,100,91" hai3="115,38,96,103,106,120,43,109,128,7,124,98,57"/><W119/><G115/><T5/><D73/><U118/><E75/><V92/><F112/><W78/><G119/><T68/><D35/><U110/><E118/><V46/><F130/><W64/><G120/><T76/><D76/><U74/><E74/><V67/><F100/><W20/><G78/><T132/><D102/><U125/><E110/><V63/><F8/><W41/><G98/><T26/><D5/><U45/><E125/><V80/><F39/><W2/><G109/><T84/><D84/><U71/><E30/><V34/><F24/><W15/><G128/><T108/><D1/><U4/><E86/><V111/><REACH who="2" step="1"/><F111/><REACH who="2" ten="244,256,233,257" step="2"/><W44/><G124/><T117/><D108/><U14/><E121/><V123/><F123/><W17/><G2/><T11/><D26/><U72/><E72/><V31/><F31/><W59/><G7/><T77/><D11/><U104/><E9/><V66/><F66/><W52/><G64/><T95/><D65/><U47/><E25/><V129/><F129/><W69/><G69/><T116/><D68/><U113/><E71/><V49/><AGARI ba="1,1" hai="32,34,46,49,54,56,63,67,80,85,87,89,91,92" machi="49" ten="30,2000,0" yaku="1,1,0,1,53,0" doraHai="6" doraHaiUra="22" who="2" fromWho="2" sc="244,-6,256,-6,233,33,257,-11" /><INIT seed="4,0,0,3,5,2" ten="238,250,266,246" oya="0" hai0="95,40,112,118,16,123,42,124,39,49,69,80,96" hai1="114,41,18,134,109,89,25,125,32,117,23,59,99" hai2="6,85,34,4,119,64,5,133,94,62,47,71,78" hai3="27,93,44,129,24,63,113,38,65,67,48,74,126"/><T54/><D118/><U14/><E109/><V130/><F34/><W86/><G74/><T92/><D123/><U110/><E110/><V70/><F119/><W10/><G38/><T8/><D112/><U58/><E117/><V102/><F133/><W105/><G105/><T101/><D124/><U17/><E125/><V20/><F130/><W26/><G126/><T131/><D131/><U57/><E134/><V115/><F115/><W135/><G129/><T56/><D69/><U87/><E114/><V75/><F75/><W108/><G108/><T88/><D80/><U53/><E41/><V84/><F71/><W81/><G135/><T29/><D29/><U28/><E18/><V12/><F78/><W132/><G132/><T83/><D83/><U36/><E99/><V104/><F104/><W35/><G35/><T66/><D66/><N who="3" m="25097" /><G63/><T1/><D39/><U9/><E36/><V122/><F122/><W82/><G10/><T100/><D1/><U50/><REACH who="1" step="1"/><E32/><REACH who="1" ten="238,240,266,246" step="2"/><V107/><F70/><W103/><G113/><T90/><D42/><U55/><E55/><V91/><F64/><W52/><G86/><N who="0" m="52311" /><D40/><U13/><E13/><AGARI ba="0,1" hai="8,13,16,49,54,56,88,95,96,100,101" m="52311" machi="13" ten="30,5800,0" yaku="8,1,54,2" doraHai="2" who="0" fromWho="1" sc="238,68,240,-58,266,0,246,0" owari="306,40.6,182,-31.8,266,6.6,246,-15.4" /></mjloggm>