<mjloggm ver="2.3"><GO type="225" lobby="0"/><UN n0="%E3%81%99%E3%81%84%E3%81%BE%E3%81%9B%E3%83%BC%E3%82%93" n1="%EF%BC%B3%E3%81%9E%E3%81%88%E2%98%86" n2="%E6%B8%A9%E2%98%85%E6%83%85%E2%98%85%E6%8E%AA%E2%98%85%E7%BD%AE" n3="%E3%83%81%E3%83%AF%E3%83%AF%E9%9A%8A%E9%95%B7" dan="18,16,18,16" rate="2210.74,2089.40,2200.96,2126.54" sx="M,F,M,M"/><TAIKYOKU oya="0"/><INIT seed="0,0,0,3,3,56" ten="250,250,250,250" oya="0" hai0="8,131,104,129,134,122,127,119,57,43,113,102,31" hai1="123,117,92,95,118,98,26,106,69,14,52,30,3" hai2="22,83,107,23,80,13,67,75,64,111,73,133,74" hai3="15,2,29,32,39,100,5,101,103,68,97,44,9"/><T66/><D113/><U34/><E3/><V38/><F38/><W120/><G120/><T124/><D122/><U87/><E123/><V81/><F107/><W114/><G114/><T135/><D119/><U110/><E110/><V19/><F111/><W25/><G68/><T99/><D43/><U41/><E41/><V105/><F105/><W21/><G39/><T35/><D8/><U54/><E106/><V42/><F42/><W47/><REACH who="3" step="1"/><G97/><REACH who="3" ten="250,250,250,240" step="2"/><T50/><D35/><U53/><E69/><V55/><F133/><N who="0" m="50698" /><D31/><U51/><E118/><V125/><F125/><N who="0" m="48202" /><D50/><U121/><E117/><V10/><F75/><W108/><G108/><T91/><D91/><U28/><E28/><V79/><F74/><W116/><G116/><T63/><AGARI ba="0,1" hai="57,63,66,99,102,104,129,131" m="48202,50698" machi="63" ten="40,12000,1" yaku="30,2,20,1,18,1,52,1" doraHai="56" who="0" fromWho="0" sc="250,130,250,-40,250,-40,240,-40" /><INIT seed="0,1,0,5,3,39" ten="380,210,210,200" oya="0" hai0="99,130,133,46,115,6,104,55,42,96,74,21,16" hai1="73,120,20,27,66,116,88,41,95,108,81,112,131" hai2="62,76,86,19,44,78,72,102,63,113,60,79,117" hai3="91,107,121,85,68,5,38,51,80,61,123,37,34"/><T59/><D115/><U36/><E116/><V103/><F113/><W57/><G107/><T118/><D118/><U127/><E120/><N who="3" m="46154" /><G34/><T111/><D74/><U67/><E112/><V70/><F70/><W22/><G5/><T98/><D130/><U100/><E108/><V4/><F72/><W124/><G124/><T87/><D133/><U128/><E127/><V84/><F117/><W47/><G68/><T10/><D111/><U17/><E100/><N who="2" m="38443" /><F4/><W50/><G22/><T135/><D135/><U32/><E32/><V119/><F119/><W89/><G89/><T54/><D104/><U134/><E134/><V40/><F19/><W122/><G51/><AGARI ba="1,0" hai="40,44,51,60,62,63,76,78,79,84,86" m="38443" machi="51" ten="30,2000,0" yaku="8,1,52,1" doraHai="39" who="2" fromWho="3" sc="380,0,210,0,210,23,200,-23" /><INIT seed="1,0,0,3,0,133" ten="380,210,233,177" oya="1" hai0="29,50,32,90,44,82,12,52,91,10,88,112,55" hai1="43,15,92,56,45,123,1,2,30,41,14,110,106" hai2="99,113,125,78,4,59,117,25,53,67,100,58,61" hai3="71,115,134,64,60,3,20,101,128,93,70,111,0"/><U33/><E106/><V24/><F117/><W119/><G115/><T131/><D112/><U130/><E123/><V85/><F113/><W84/><G134/><T27/><D131/><U98/><E130/><V74/><F74/><W21/><G128/><T95/><D82/><U75/><E75/><V102/><F4/><W38/><G38/><T47/><D55/><U97/><E33/><V80/><F125/><W42/><G42/><N who="1" m="15882" /><E56/><V16/><F16/><W73/><G73/><T39/><D39/><U35/><E35/><V54/><F67/><W63/><G119/><T116/><D116/><U132/><E132/><V46/><F46/><W104/><G104/><T11/><D47/><U5/><E5/><V89/><F78/><W13/><G111/><T22/><D32/><U109/><E45/><V122/><F122/><W48/><G48/><T40/><D40/><U96/><E92/><N who="2" m="58471" /><F102/><W8/><G0/><N who="1" m="106" /><E30/><V9/><F9/><N who="0" m="3082" /><D12/><AGARI ba="0,0" hai="12,14,15,96,97,98,109,110" m="106,15882" machi="12" ten="40,3900,0" yaku="28,2" doraHai="133" who="1" fromWho="0" sc="380,-39,210,39,233,0,177,0" /><INIT seed="1,1,0,1,1,1" ten="341,249,233,177" oya="1" hai0="71,88,82,51,65,92,11,97,29,72,117,120,95" hai1="103,44,37,64,19,99,0,48,87,30,105,78,24" hai2="91,39,116,113,53,15,62,119,27,33,134,46,74" hai3="66,70,28,35,127,104,115,67,8,108,114,101,73"/><U135/><E135/><V43/><F134/><W79/><G127/><T132/><D117/><U58/><E0/><V76/><F113/><W22/><G22/><T69/><D132/><U100/><E37/><V110/><F110/><W5/><G108/><T6/><D120/><U20/><E103/><V40/><F40/><W61/><G66/><T77/><D65/><U121/><E121/><V86/><F15/><W106/><G106/><T68/><D29/><U4/><E78/><V129/><F129/><W42/><G42/><T96/><D51/><U17/><E87/><V81/><F27/><N who="3" m="18847" /><G79/><T89/><D69/><U26/><E26/><V59/><REACH who="2" step="1"/><F33/><REACH who="2" ten="341,249,223,177" step="2"/><W47/><G115/><T80/><D80/><AGARI ba="1,1" hai="39,43,46,53,59,62,74,76,80,81,86,91,116,119" machi="80" ten="30,7700,0" yaku="1,1,2,1,7,1,53,1" doraHai="1" doraHaiUra="107" who="2" fromWho="0" sc="341,-80,249,0,223,90,177,0" /><INIT seed="2,0,0,0,4,82" ten="261,249,313,177" oya="2" hai0="73,93,65,79,70,31,30,74,46,67,63,71,40" hai1="47,109,78,27,13,59,66,22,38,29,130,126,95" hai2="64,89,92,5,58,28,85,97,60,124,131,61,7" hai3="81,52,101,75,98,127,37,132,86,4,120,57,135"/><V122/><F122/><W114/><G120/><T69/><D93/><U100/><E109/><V108/><F108/><W21/><G37/><T35/><D65/><U133/><E126/><V17/><F124/><W111/><G127/><T19/><D19/><U23/><E130/><V1/><F131/><W33/><G33/><T77/><D77/><U99/><E133/><N who="3" m="51274" /><G111/><T50/><D79/><U20/><E78/><V42/><F1/><W76/><G114/><T44/><D44/><U113/><E113/><V106/><F28/><W104/><G4/><T102/><D102/><U39/><E39/><V105/><F42/><W110/><G110/><T18/><D18/><U72/><E72/><V112/><F112/><W80/><G21/><T15/><D35/><U119/><E13/><V118/><F118/><W115/><G115/><T128/><D15/><U96/><E96/><V16/><F7/><W43/><G43/><T68/><D128/><U83/><E83/><V6/><F6/><W14/><G14/><T56/><N who="0" m="17408" /><DORA hai="49" /><T121/><D121/><U103/><E103/><N who="2" m="60839" /><F5/><W125/><G125/><T54/><D40/><N who="1" m="22935" /><E119/><V88/><F17/><W34/><G34/><T41/><D41/><U32/><E32/><V134/><F16/><W36/><G36/><T10/><D10/><U116/><E116/><V0/><F134/><W12/><G12/><T117/><D117/><U48/><E29/><V26/><F0/><W25/><G25/><T91/><D30/><U2/><E2/><V62/><F26/><W53/><G57/><T123/><D123/><U11/><E27/><V129/><F129/><RYUUKYOKU ba="0,0" sc="261,-10,249,-10,313,-10,177,30" hai3="52,53,75,76,80,81,86,98,101,104" /><INIT seed="3,1,0,4,2,52" ten="251,239,303,207" oya="3" hai0="76,7,33,134,15,102,37,30,45,39,91,82,84" hai1="59,98,29,8,129,126,120,99,101,44,86,36,80" hai2="95,5,61,90,24,21,27,18,35,57,68,53,109" hai3="127,81,135,115,51,12,121,122,103,93,47,17,88"/><W132/><G103/><T22/><D134/><N who="3" m="51241" /><G115/><T56/><D102/><U118/><E120/><V130/><F109/><W54/><G127/><T124/><D124/><U104/><E126/><V58/><F130/><W106/><G106/><T116/><D116/><U125/><E129/><V42/><F42/><W28/><G28/><T43/><D33/><U38/><E99/><N who="2" m="57847" /><F5/><W2/><G2/><T131/><D131/><U32/><E44/><V25/><F68/><W55/><G55/><T23/><D30/><U46/><E46/><V4/><F4/><W112/><G112/><T97/><D39/><U64/><E8/><V1/><F1/><W11/><G81/><T31/><D31/><U63/><E118/><V113/><F35/><W75/><G75/><T34/><D34/><U66/><E66/><N who="2" m="39215" /><F113/><W14/><G14/><T83/><D15/><U77/><REACH who="1" step="1"/><E125/><REACH who="1" ten="251,229,303,207" step="2"/><V60/><AGARI ba="1,1" hai="18,21,24,25,27,53,58,60" m="39215,57847" machi="60" ten="30,7900,0" yaku="25,1,8,1,52,2" doraHai="52" who="2" fromWho="2" sc="251,-21,229,-21,303,92,207,-40" owari="230,3.0,208,-19.2,395,49.5,167,-33.3" /></mjloggm>