<mjloggm ver="2.3"><GO type="225" lobby="0"/><UN n0="%E6%A1%9C%E8%8A%B1%E9%96%83%E3%80%85" n1="%E3%81%86%E3%81%A9%E3%82%93%E3%81%93" n2="%48%61%61%61%6C%61%6E%64" n3="%E3%80%93%E3%81%97%E3%83%BC%E3%82%89%E3%80%93" dan="16,16,18,16" rate="2114.09,2191.89,2270.39,2078.83" sx="M,M,M,M"/><TAIKYOKU oya="0"/><INIT seed="0,0,0,1,3,92" ten="250,250,250,250" oya="0" hai0="53,126,21,124,128,123,93,23,9,112,120,129,87" hai1="54,69,103,71,85,100,48,118,57,1,83,38,109" hai2="130,29,115,90,78,60,68,81,106,98,108,101,131" hai3="0,122,95,22,27,55,132,37,2,16,64,94,121"/><T13/><D53/><U35/><E118/><V74/><F115/><W66/><G37/><T65/><D65/><N who="3" m="25193" /><G55/><T56/><D56/><U26/><E1/><N who="3" m="618" /><G132/><T50/><D93/><U43/><E109/><V45/><F108/><W10/><G10/><T104/><D87/><U113/><E113/><V46/><F60/><W111/><G111/><T116/><D104/><U4/><E4/><V25/><F68/><W39/><G39/><T6/><D50/><U72/><E72/><V62/><F62/><W79/><G79/><T102/><D102/><U33/><E38/><V73/><F73/><W135/><G135/><T59/><D59/><U40/><E71/><V20/><REACH who="2" step="1"/><F90/><REACH who="2" ten="250,250,240,250" step="2"/><W134/><G134/><T12/><D112/><U30/><E69/><V49/><F49/><W67/><N who="3" m="25201" /><W133/><DORA hai="82" /><G133/><T28/><D116/><U88/><REACH who="1" step="1"/><E35/><REACH who="1" ten="250,240,240,250" step="2"/><V5/><F5/><W14/><G122/><T47/><D6/><U125/><E125/><V61/><F61/><W70/><G121/><T19/><D123/><U114/><E114/><V80/><F80/><W99/><G70/><T77/><D120/><U58/><E58/><V110/><F110/><W41/><G94/><T17/><D126/><U51/><E51/><V84/><F84/><W18/><G95/><T91/><D124/><U36/><E36/><V11/><F11/><N who="3" m="6495" /><G41/><AGARI ba="0,2" hai="26,30,33,40,41,43,48,54,57,83,85,88,100,103" machi="41" ten="40,8000,1" yaku="1,1,52,1,54,1,53,2" doraHai="92,82" doraHaiUra="86,44" who="1" fromWho="3" sc="250,0,240,100,240,0,250,-80" /><INIT seed="1,0,0,3,3,58" ten="250,340,240,170" oya="1" hai0="8,92,27,66,39,52,111,130,55,60,122,15,105" hai1="17,74,125,16,106,119,84,112,9,22,18,54,118" hai2="20,116,25,94,57,51,30,110,120,31,102,82,95" hai3="77,32,61,48,113,68,35,64,80,67,43,96,103"/><U33/><E74/><V4/><F116/><W127/><G113/><T76/><D105/><U34/><E106/><V121/><F110/><W19/><G127/><T117/><D117/><N who="1" m="44555" /><E54/><N who="2" m="31967" /><F121/><W129/><G129/><T132/><D111/><U88/><E88/><V44/><F4/><W83/><G67/><T115/><D132/><U98/><E98/><N who="2" m="59735" /><F120/><W135/><G135/><T38/><D130/><U0/><E84/><V28/><F82/><W59/><G19/><N who="1" m="7242" /><E125/><V41/><F95/><W40/><G83/><T123/><D92/><U42/><E42/><V69/><F69/><W104/><G43/><T21/><D122/><U109/><E109/><V126/><F126/><W107/><G107/><T78/><D39/><U14/><E112/><V49/><AGARI ba="0,0" hai="20,25,28,30,31,41,44,49" m="59735,31967" machi="49" ten="30,1100,0" yaku="8,1" doraHai="58" who="2" fromWho="2" sc="250,-3,340,-5,240,11,170,-3" /><INIT seed="2,0,0,0,0,10" ten="247,335,251,167" oya="2" hai0="56,93,66,8,0,123,105,64,42,106,104,107,101" hai1="6,16,9,5,85,26,67,3,121,94,46,62,90" hai2="2,116,113,69,34,35,14,88,79,97,134,124,7" hai3="18,112,27,100,75,17,135,130,102,87,117,115,38"/><V24/><F113/><W60/><G75/><T89/><D123/><U21/><E121/><V59/><F69/><W20/><G38/><T68/><D68/><U58/><E6/><V125/><F116/><W131/><G60/><T37/><D101/><U65/><E46/><V98/><F2/><W129/><G87/><T19/><D56/><U44/><E44/><V95/><F134/><W82/><G82/><T119/><D119/><U86/><E86/><V49/><F79/><W36/><G36/><T99/><N who="0" m="26624" /><DORA hai="73" /><T110/><D110/><U132/><E132/><V33/><F98/><W32/><G102/><T81/><D81/><U55/><AGARI ba="0,0" hai="3,5,9,16,21,26,55,58,62,65,67,85,90,94" machi="55" ten="20,2700,0" yaku="0,1,7,1,54,1" doraHai="10,73" who="1" fromWho="1" sc="247,-7,335,27,251,-13,167,-7" /><INIT seed="3,0,0,1,5,109" ten="240,362,238,160" oya="3" hai0="119,4,53,25,107,102,16,133,121,24,56,70,6" hai1="99,8,84,98,101,66,78,96,134,10,79,77,128" hai2="91,90,59,33,124,97,22,49,28,21,31,92,42" hai3="45,27,103,87,40,81,58,118,115,117,129,74,111"/><W48/><G111/><T52/><D121/><U62/><E128/><V19/><F124/><W69/><G69/><T95/><D107/><U11/><E134/><V65/><F33/><W41/><G129/><T108/><D70/><U105/><REACH who="1" step="1"/><E84/><REACH who="1" ten="240,352,238,160" step="2"/><V113/><F113/><W130/><G130/><T20/><D133/><U116/><E116/><V0/><F0/><W36/><G74/><T94/><D119/><U67/><E67/><V76/><F76/><W23/><G115/><T83/><D108/><U122/><E122/><V51/><F91/><W3/><G103/><T114/><D102/><U127/><E127/><V1/><F1/><W85/><G3/><T37/><D114/><U82/><E82/><V112/><F112/><W39/><G85/><T44/><D83/><U72/><E72/><V13/><F22/><W80/><G80/><T54/><D20/><U32/><E32/><V60/><F42/><W55/><G41/><T75/><D75/><U43/><E43/><V100/><F90/><W29/><REACH who="3" step="1"/><G39/><REACH who="3" ten="240,352,238,150" step="2"/><T71/><D37/><U14/><E14/><V73/><F73/><W110/><G110/><T30/><D71/><AGARI ba="0,2" hai="8,10,11,62,66,71,77,78,79,96,98,99,101,105" machi="71" ten="40,1300,0" yaku="1,1,53,0" doraHai="109" doraHaiUra="26" who="1" fromWho="0" sc="240,-13,352,33,238,0,150,0" owari="227,-17.3,385,48.5,238,3.8,150,-35.0" /></mjloggm>