<mjloggm ver="2.3"><GO type="225" lobby="0"/><UN n0="%E4%BA%BA%E9%96%93%E3%83%81%E3%83%A3%E3%83%BC%E3%83%8F%E3%83%B3" n1="%E9%B3%B3%E6%9D%B1%E3%81%AE%E3%81%BF%E3%81%91%E3%81%AB%E3%82%83%E3%82%93" n2="%E3%82%BC%E3%83%AB%E3%83%80%E3%81%AE%E4%BC%9D%E8%AA%AC" n3="%E3%81%B5%E3%81%98%E3%81%8B%E3%81%A4" dan="16,17,18,16" rate="2065.17,2151.68,2207.98,2182.35" sx="M,F,M,M"/><TAIKYOKU oya="0"/><INIT seed="0,0,0,2,2,6" ten="250,250,250,250" oya="0" hai0="88,25,22,108,61,36,109,34,95,9,0,110,1" hai1="128,29,28,79,43,107,112,81,66,41,67,63,129" hai2="37,39,77,106,52,13,115,127,21,73,30,23,85" hai3="47,116,53,7,69,98,2,97,65,31,19,86,33"/><T14/><D36/><U126/><E107/><V51/><F115/><W130/><G116/><T114/><D114/><U75/><E126/><V15/><F73/><W64/><G130/><N who="1" m="50282" /><E112/><V74/><F74/><W132/><G132/><T121/><D121/><U135/><E135/><V17/><F106/><W87/><G19/><N who="0" m="8655" /><D61/><U60/><E60/><V12/><F127/><W113/><G113/><T16/><D34/><U100/><E100/><V68/><F68/><W56/><G69/><T70/><D70/><N who="1" m="42335" /><E67/><V76/><F39/><W10/><G47/><T24/><D24/><U38/><E38/><V83/><F76/><W11/><G33/><T104/><D104/><U50/><E50/><V93/><F37/><W103/><G103/><T111/><N who="0" m="27648" /><DORA hai="4" /><T58/><D58/><U20/><E20/><V18/><F30/><AGARI ba="0,0" hai="28,29,30,41,43,75,79,81" m="42335,50282" machi="30" ten="30,1000,0" yaku="19,1" doraHai="6,4" who="1" fromWho="2" sc="250,0,250,10,250,-10,250,0" /><INIT seed="1,0,0,4,4,78" ten="250,260,240,250" oya="1" hai0="39,11,27,14,63,34,83,43,76,129,100,101,125" hai1="35,60,116,6,93,119,87,132,21,61,46,122,15" hai2="88,92,70,103,45,8,99,84,104,121,86,50,68" hai3="108,89,24,4,10,41,126,66,98,109,106,74,49"/><U51/><E122/><V58/><F121/><W134/><G126/><T90/><D125/><U75/><E75/><V37/><F37/><W118/><G66/><T105/><D129/><U110/><E35/><V59/><F84/><W115/><G115/><T1/><D105/><U25/><E132/><V55/><F58/><W40/><G134/><T71/><D90/><U127/><E127/><V57/><F57/><W20/><G74/><N who="0" m="43415" /><D14/><U3/><E3/><V80/><F8/><W95/><G106/><T112/><D27/><U114/><E114/><V56/><F56/><W94/><G94/><T26/><D26/><U91/><E110/><N who="3" m="42602" /><G49/><T13/><D13/><U36/><E36/><V79/><REACH who="2" step="1"/><F45/><REACH who="2" ten="250,260,230,250" step="2"/><W64/><G118/><T54/><D71/><U12/><E119/><V42/><F42/><W72/><G72/><T48/><D39/><U73/><E73/><V120/><F120/><W133/><G133/><T38/><D38/><U124/><E116/><V96/><AGARI ba="0,1" hai="50,55,59,68,70,79,80,86,88,92,96,99,103,104" machi="96" ten="20,12000,2" yaku="1,1,0,1,7,1,52,1,54,1,53,1" doraHai="78" doraHaiUra="102" who="2" fromWho="2" sc="250,-30,260,-60,230,130,250,-30" /><INIT seed="2,0,0,4,2,106" ten="220,200,360,220" oya="2" hai0="62,41,44,21,46,99,18,98,128,45,125,42,4" hai1="63,52,56,91,34,83,69,5,95,80,112,37,121" hai2="13,10,73,68,86,129,104,40,30,72,11,96,25" hai3="107,119,60,120,32,81,50,54,47,66,64,75,116"/><V8/><F68/><W92/><G120/><T78/><D125/><U1/><E112/><V19/><F40/><N who="0" m="15466" /><D128/><U16/><E37/><V58/><F129/><W12/><G107/><T100/><D78/><U126/><E34/><V43/><F43/><W70/><G66/><T48/><D4/><U122/><E69/><V7/><F86/><W85/><G32/><T102/><D48/><U28/><E28/><V118/><F118/><W109/><G109/><T6/><D6/><U57/><E57/><V101/><F58/><W24/><G24/><N who="0" m="14391" /><D62/><U117/><E117/><V23/><REACH who="2" step="1"/><F10/><REACH who="2" ten="220,200,350,220" step="2"/><W88/><G119/><T74/><D74/><U38/><E38/><V114/><F114/><W110/><G116/><T15/><D44/><U49/><E121/><V124/><F124/><W113/><G113/><T108/><D45/><N who="1" m="27695" /><E126/><V53/><F53/><W29/><G110/><T133/><D46/><U131/><E122/><V84/><F84/><W0/><G75/><T36/><D36/><U115/><E131/><V35/><F35/><W82/><G47/><T123/><D123/><U77/><E115/><V67/><F67/><W61/><G54/><T51/><D108/><U87/><E56/><V2/><AGARI ba="0,1" hai="2,7,8,11,13,19,23,25,30,72,73,96,101,104" machi="2" ten="20,12000,1" yaku="1,1,0,1,7,1,52,2,53,0" doraHai="106" doraHaiUra="111" who="2" fromWho="2" sc="220,-40,200,-40,350,130,220,-40" /><INIT seed="2,1,0,0,5,109" ten="180,160,480,180" oya="2" hai0="77,30,54,64,24,42,17,60,100,68,2,84,8" hai1="114,85,110,71,55,5,28,111,23,37,86,118,62" hai2="18,131,125,115,108,93,29,120,79,0,3,44,113" hai3="81,6,66,119,94,112,92,116,12,78,123,98,106"/><V133/><F79/><W102/><G66/><T121/><D121/><U9/><E37/><V90/><F44/><W76/><G12/><T74/><D42/><U124/><E118/><N who="3" m="45098" /><G6/><T10/><D74/><U21/><E124/><V58/><F58/><W75/><G123/><T91/><D77/><U70/><E55/><V19/><F120/><W103/><G78/><T129/><D129/><U67/><E70/><V31/><F93/><N who="3" m="35947" /><G103/><T130/><D100/><U122/><E122/><V104/><F0/><W34/><G34/><T27/><D130/><U72/><E72/><V73/><F73/><W13/><G13/><T38/><D38/><U20/><E28/><V11/><F3/><W43/><G43/><T57/><D2/><U87/><E9/><V95/><F11/><W16/><G16/><T33/><D17/><U26/><E26/><V101/><F18/><W82/><G82/><T83/><D24/><U65/><E65/><V132/><F19/><W107/><G107/><T45/><D45/><U7/><E7/><V46/><F104/><W39/><G39/><T22/><D33/><U88/><E5/><V15/><F46/><W47/><G47/><T36/><D36/><U1/><E1/><V97/><F101/><W134/><G134/><T14/><D14/><U61/><E88/><V41/><F15/><W96/><G98/><T25/><D27/><U32/><E32/><V117/><F29/><W4/><G4/><T56/><D68/><U105/><E105/><V69/><F31/><W128/><G128/><T49/><AGARI ba="1,0" hai="8,10,22,25,30,49,54,56,57,60,64,83,84,91" machi="49" ten="20,2700,0" yaku="0,1,7,1,8,1" doraHai="109" who="0" fromWho="0" sc="180,30,160,-8,480,-14,180,-8" /><INIT seed="3,0,0,2,4,40" ten="210,152,466,172" oya="3" hai0="44,88,76,17,95,21,98,119,123,85,132,0,37" hai1="16,109,57,61,112,11,100,25,48,2,91,60,23" hai2="120,19,66,24,92,15,56,111,52,135,113,90,34" hai3="78,122,3,59,83,27,82,75,68,8,14,41,79"/><W62/><G122/><T55/><D123/><U74/><E112/><V126/><F120/><W124/><G124/><T22/><D0/><U64/><E74/><V31/><F113/><W51/><G68/><T35/><D35/><U50/><E109/><V38/><F38/><W6/><G27/><T93/><D119/><U53/><E100/><V46/><F111/><W99/><G99/><T28/><D132/><U131/><E131/><V65/><F46/><N who="3" m="26063" /><G3/><T45/><D37/><U12/><E2/><V89/><F135/><W9/><G9/><T106/><D106/><U58/><REACH who="1" step="1"/><E91/><REACH who="1" ten="210,142,466,172" step="2"/><V5/><F126/><W43/><G75/><T10/><D76/><N who="3" m="29225" /><G43/><T33/><D88/><U36/><E36/><V54/><F24/><W105/><G105/><T72/><D72/><U1/><E1/><V108/><F34/><W129/><G129/><T69/><D33/><U7/><AGARI ba="0,1" hai="7,11,12,16,23,25,48,50,53,57,58,60,61,64" machi="7" ten="20,8000,1" yaku="1,1,0,1,7,1,8,1,54,1,53,0" doraHai="40" doraHaiUra="114" who="1" fromWho="1" sc="210,-20,142,90,466,-20,172,-40" owari="190,-21.0,232,3.2,446,54.6,132,-36.8" /></mjloggm>