<mjloggm ver="2.3"><GO type="225" lobby="0"/><UN n0="%4E%49%4A%49%49%52%4F" n1="%E5%80%89%E6%A9%8B%EF%BC%A0%E4%BA%8B%E5%8B%99" n2="%72%61%6B%33" n3="%E3%81%AF%E3%82%88%E3%81%8A%E3%81%98%E3%81%95%E3%82%93" dan="16,16,16,16" rate="2182.43,2102.06,2158.28,2165.62" sx="M,M,M,M"/><TAIKYOKU oya="0"/><INIT seed="0,0,0,3,4,105" ten="250,250,250,250" oya="0" hai0="36,93,76,24,112,18,57,135,81,130,84,12,120" hai1="80,10,3,32,39,95,31,73,113,67,92,41,16" hai2="75,114,49,59,68,70,134,83,1,66,7,46,94" hai3="50,111,64,19,128,28,102,9,123,108,96,65,91"/><T42/><D120/><U34/><E113/><V79/><F114/><W122/><G128/><T35/><D112/><U109/><E67/><N who="3" m="25674" /><G91/><T27/><D130/><U116/><E116/><V126/><F126/><W86/><G86/><T87/><D135/><U13/><E109/><N who="3" m="42058" /><G28/><T6/><D6/><U43/><E3/><V74/><F134/><W22/><G50/><T30/><D27/><U25/><E32/><V14/><F1/><W101/><G9/><T61/><D42/><U5/><E5/><V56/><F94/><N who="3" m="58519" /><G102/><T15/><D36/><U98/><E39/><V54/><F66/><W104/><G104/><T2/><D2/><U85/><E92/><V132/><F132/><W40/><G40/><T129/><D129/><U58/><E58/><V110/><F110/><W71/><G71/><T97/><D84/><U11/><E10/><V72/><F59/><W127/><G127/><T4/><D4/><U121/><E121/><V47/><F70/><W53/><G53/><T115/><D115/><U0/><E0/><V37/><F68/><W62/><G62/><T124/><D18/><U125/><E125/><V90/><F90/><W48/><G48/><T26/><D26/><AGARI ba="0,0" hai="19,22,26,122,123" m="58519,42058,25674" machi="26" ten="30,1000,0" yaku="14,1" doraHai="105" who="3" fromWho="0" sc="250,-10,250,0,250,0,250,10" /><INIT seed="1,0,0,2,5,74" ten="240,250,250,260" oya="1" hai0="17,9,119,42,110,52,29,32,96,122,60,40,79" hai1="16,36,83,62,7,104,4,131,24,89,117,43,48" hai2="100,87,1,108,66,133,112,21,67,31,84,90,72" hai3="107,103,51,5,126,50,97,85,56,129,92,78,27"/><U91/><E117/><V70/><F72/><W10/><G126/><T125/><D119/><U120/><E104/><V6/><F108/><W63/><G129/><T109/><D122/><U23/><E36/><V44/><F133/><W57/><G27/><T98/><D125/><U121/><E131/><V65/><F70/><W124/><G124/><T135/><D135/><U132/><E132/><V115/><F100/><W53/><G107/><T8/><D29/><U118/><E118/><V95/><F44/><W64/><G85/><T106/><D32/><U47/><E121/><V101/><F101/><W116/><G116/><T102/><D98/><U80/><E120/><V127/><F127/><W58/><G78/><T49/><D60/><U26/><E62/><V20/><F87/><W41/><G41/><N who="0" m="15979" /><D17/><U22/><E83/><V86/><F86/><W3/><REACH who="3" step="1"/><G51/><REACH who="3" ten="240,250,250,250" step="2"/><T11/><D79/><U81/><E80/><V33/><F84/><W88/><G88/><N who="1" m="33866" /><E81/><V68/><F90/><W128/><G128/><T34/><D110/><U55/><E43/><V38/><F95/><W37/><G37/><T14/><D109/><U54/><E54/><V46/><F38/><W15/><G15/><T28/><D14/><U61/><E61/><V18/><F115/><W113/><G113/><T123/><D123/><U69/><E69/><AGARI ba="0,1" hai="3,5,10,50,53,56,57,58,63,64,69,92,97,103" machi="69" ten="30,2000,0" yaku="1,1,7,1,53,0" doraHai="74" doraHaiUra="75" who="3" fromWho="1" sc="240,0,250,-20,250,0,250,30" /><INIT seed="2,0,0,0,1,103" ten="240,230,250,280" oya="2" hai0="110,107,112,16,24,15,46,27,51,77,90,72,89" hai1="44,94,84,17,76,134,9,80,109,104,71,125,52" hai2="61,55,23,29,68,21,58,56,65,102,31,25,43" hai3="132,83,116,70,11,106,8,2,85,60,99,126,37"/><V42/><F68/><W82/><G116/><T33/><D112/><U38/><E71/><V100/><F100/><W81/><G37/><T121/><D121/><U67/><E67/><V62/><REACH who="2" step="1"/><F102/><REACH who="2" ten="240,230,240,280" step="2"/><W28/><G70/><T93/><D33/><U95/><E125/><V92/><F92/><W128/><G126/><T40/><D107/><U119/><E104/><V127/><F127/><W49/><G106/><T4/><D110/><U5/><E109/><V88/><F88/><W97/><G83/><T20/><D90/><U124/><E124/><V47/><F47/><W122/><G82/><T87/><D77/><U64/><E95/><V54/><F54/><W22/><G81/><T113/><D113/><U59/><E94/><V13/><F13/><W45/><G45/><T86/><D72/><U123/><E52/><V57/><F57/><W117/><G122/><T63/><D86/><U118/><E59/><V75/><F75/><W66/><G85/><T135/><D135/><U98/><E134/><V7/><F7/><W111/><G132/><T1/><D4/><U129/><E123/><V36/><F36/><W133/><G133/><T79/><D79/><U108/><E108/><V39/><F39/><W41/><G111/><T48/><D1/><U78/><E78/><V96/><F96/><W3/><G2/><T69/><REACH who="0" step="1"/><D48/><REACH who="0" ten="230,230,240,280" step="2"/><U12/><E5/><V35/><F35/><W120/><G49/><T73/><D73/><U105/><E105/><V6/><F6/><W30/><G3/><T130/><D130/><U19/><E129/><V0/><F0/><W131/><G131/><RYUUKYOKU ba="0,2" sc="230,15,230,-15,240,15,280,-15" hai0="15,16,20,24,27,40,46,51,63,69,87,89,93" hai2="21,23,25,29,31,42,43,55,56,58,61,62,65" /><INIT seed="2,1,2,2,0,134" ten="245,215,255,265" oya="2" hai0="60,27,88,1,118,72,48,120,135,14,83,5,4" hai1="77,6,84,92,23,91,96,95,49,54,32,19,30" hai2="44,39,22,59,87,66,68,50,113,18,10,119,128" hai3="116,75,109,38,34,7,97,16,81,123,115,57,55"/><V31/><F113/><W71/><G123/><T40/><D120/><U65/><E6/><V93/><F119/><W42/><G116/><T58/><D1/><U130/><E130/><V43/><F128/><W89/><G71/><T45/><D135/><U41/><E41/><V63/><F31/><W20/><G34/><T102/><D118/><U76/><E65/><V131/><F131/><W11/><G109/><T21/><D102/><U103/><E30/><V112/><F10/><W79/><G115/><T35/><D35/><U29/><E29/><V46/><F112/><W9/><G7/><T86/><D14/><N who="1" m="9719" /><E32/><V124/><F93/><N who="3" m="56495" /><G42/><T25/><D72/><U70/><E70/><V98/><F98/><W64/><G64/><N who="0" m="38935" /><D27/><U110/><E110/><V111/><F111/><W62/><G38/><T94/><D94/><U117/><E117/><V90/><F68/><W0/><G0/><T85/><D85/><U114/><E114/><V36/><F87/><W100/><G100/><T132/><D132/><U125/><E125/><V105/><F124/><W67/><G67/><T2/><D2/><U104/><E104/><V51/><F105/><W13/><G75/><T82/><D82/><U121/><E121/><V127/><F127/><W78/><G81/><T26/><D26/><U126/><E126/><V129/><F129/><W73/><G73/><T47/><D47/><AGARI ba="1,2" hai="47,49,54,76,77,84,91,92,95,96,103" m="9719" machi="47" ten="30,1000,0" yaku="8,1" doraHai="134" who="1" fromWho="0" sc="245,-13,215,33,255,0,265,0" /><INIT seed="3,0,0,3,4,23" ten="232,248,255,265" oya="3" hai0="63,55,29,62,20,89,67,82,80,99,2,127,81" hai1="31,110,41,38,108,107,70,117,118,121,133,34,128" hai2="95,51,43,114,66,122,90,86,25,18,65,39,91" hai3="88,59,1,87,75,30,104,15,19,9,129,111,124"/><W115/><G115/><T14/><D2/><U69/><RYUUKYOKU type="yao9" ba="0,0" sc="232,0,248,0,255,0,265,0" hai1="31,34,38,41,69,70,107,108,110,117,118,121,128,133" /><INIT seed="3,1,0,3,2,5" ten="232,248,255,265" oya="3" hai0="30,100,101,26,2,4,123,25,121,71,45,119,81" hai1="52,31,127,116,114,32,131,33,91,13,95,80,76" hai2="19,39,92,41,102,56,78,99,63,17,97,68,43" hai3="96,58,85,23,90,50,117,103,84,89,67,93,18"/><W130/><G130/><T42/><D71/><U64/><E114/><V36/><F68/><W22/><G117/><T59/><D119/><U132/><E116/><V35/><F78/><W54/><G67/><T120/><D59/><U134/><E64/><V27/><F35/><W51/><G54/><T87/><D4/><U46/><E131/><V135/><F135/><N who="1" m="51753" /><E127/><V74/><F74/><W55/><G51/><T70/><D2/><U125/><E125/><V16/><F27/><W109/><G109/><T128/><D128/><U37/><E31/><V7/><F7/><W69/><G69/><T61/><D61/><U129/><E129/><V12/><F12/><W49/><G50/><T77/><D70/><U3/><E3/><V82/><F82/><N who="3" m="49303" /><G18/><T20/><REACH who="0" step="1"/><D25/><REACH who="0" ten="222,248,255,265" step="2"/><U112/><E112/><V111/><F56/><W47/><G58/><T72/><D72/><N who="1" m="43015" /><E46/><V6/><F63/><W38/><G38/><AGARI ba="1,1" hai="20,26,30,38,42,45,77,81,87,100,101,120,121,123" machi="38" ten="40,1300,0" yaku="1,1,53,0" doraHai="5" doraHaiUra="88" who="0" fromWho="3" sc="222,26,248,0,255,0,265,-16" /><INIT seed="4,0,0,3,0,1" ten="248,248,255,249" oya="0" hai0="7,48,54,123,135,115,3,9,82,97,107,5,45" hai1="77,20,71,121,55,109,124,38,12,104,129,73,87" hai2="42,102,22,56,69,53,4,111,31,74,37,81,72" hai3="86,19,34,64,49,119,114,16,113,18,27,93,99"/><T35/><D123/><U125/><E109/><V94/><F69/><W92/><G119/><T89/><D35/><U68/><E73/><V29/><F111/><W26/><G64/><T103/><D135/><U75/><E75/><V2/><F94/><W98/><G86/><T112/><D82/><U106/><E38/><V90/><F102/><W57/><G57/><T95/><REACH who="0" step="1"/><D7/><REACH who="0" ten="238,248,255,249" step="2"/><U15/><E121/><V32/><F4/><W23/><G34/><T132/><D132/><U6/><E124/><V118/><F81/><W17/><G23/><T62/><D62/><U10/><E125/><V51/><F22/><W128/><G114/><T66/><D66/><U116/><E116/><V24/><F32/><W108/><G113/><T96/><AGARI ba="0,1" hai="3,5,9,45,48,54,89,95,96,97,103,107,112,115" machi="96" ten="30,6000,0" yaku="1,1,0,1,52,1,53,0" doraHai="1" doraHaiUra="11" who="0" fromWho="0" sc="238,70,248,-20,255,-20,249,-20" owari="308,40.8,228,-27.2,235,3.5,229,-17.1" /></mjloggm>