<mjloggm ver="2.3"><GO type="225" lobby="0"/><UN n0="%E5%8D%A0%E3%81%84%E5%B8%AB%E8%A3%8F%E3%81%AA%E3%81%84%E3%81%97" n1="%E3%81%BF%E3%81%BF%E3%81%9A" n2="%E3%81%8B%E3%82%8F%E3%81%A1%E3%82%83%E3%82%93%35%38" n3="%E3%82%B7%E3%83%B3%E5%A4%AA%E6%9C%97" dan="16,16,16,16" rate="2114.19,2130.22,2142.80,2192.14" sx="M,M,M,M"/><TAIKYOKU oya="0"/><INIT seed="0,0,0,4,0,54" ten="250,250,250,250" oya="0" hai0="22,123,103,128,45,56,2,94,36,34,84,62,47" hai1="67,29,7,65,71,30,95,89,115,39,106,51,41" hai2="66,102,53,87,116,23,134,19,99,117,121,92,63" hai3="105,9,25,58,98,60,113,79,122,110,35,125,135"/><T11/><D34/><U48/><E115/><V50/><F121/><W78/><G122/><T69/><D123/><U70/><E106/><V38/><F38/><W42/><G113/><T88/><D69/><U68/><E7/><V28/><F28/><W20/><G110/><T15/><D128/><U97/><E39/><V59/><F134/><W31/><G125/><T76/><D2/><U114/><E114/><V75/><F75/><W37/><G135/><T107/><D22/><U18/><E18/><V0/><F0/><W133/><G133/><T83/><D36/><U27/><E41/><V127/><F87/><W108/><G108/><T43/><D43/><U72/><E72/><V32/><F32/><W26/><G9/><T118/><D118/><U74/><E74/><V73/><F73/><W86/><G86/><N who="0" m="52503" /><D103/><U82/><E82/><V109/><F109/><W8/><G8/><T80/><D80/><U52/><E30/><V17/><F127/><W130/><G130/><T91/><D107/><U124/><E124/><V13/><REACH who="2" step="1"/><F17/><REACH who="2" ten="250,250,240,250" step="2"/><W112/><G112/><T111/><D111/><U49/><E29/><V101/><F101/><W12/><G37/><T4/><D91/><U100/><E100/><V131/><F131/><W90/><G35/><T1/><D1/><U120/><E120/><V33/><F33/><W85/><G31/><T104/><D104/><U5/><E5/><V6/><F6/><W93/><G105/><T126/><D126/><U81/><E81/><V40/><F40/><W61/><G42/><T55/><AGARI ba="0,1" hai="4,11,15,45,47,55,56,62,76,83,84" m="52503" machi="55" ten="30,6000,0" yaku="8,1,52,1,54,1" doraHai="54" who="0" fromWho="0" sc="250,70,250,-20,240,-20,250,-20" /><INIT seed="0,1,0,5,0,90" ten="320,230,220,230" oya="0" hai0="25,121,92,89,109,107,76,88,55,16,6,26,124" hai1="50,14,75,84,59,17,87,54,3,20,108,48,80" hai2="96,31,118,10,22,42,38,81,102,110,99,105,116" hai3="61,112,106,46,104,56,94,77,49,57,51,40,115"/><T68/><D121/><U129/><E108/><V130/><F38/><W82/><G106/><T86/><D107/><U37/><E129/><V98/><F42/><W123/><G104/><T60/><D109/><U1/><E37/><V131/><F10/><W52/><G123/><T114/><D114/><U69/><E69/><V43/><F43/><W101/><G101/><T39/><D39/><U44/><E75/><V23/><F110/><W62/><G94/><N who="0" m="54551" /><D68/><U12/><E87/><V117/><F22/><W11/><G11/><T29/><D124/><U113/><E113/><V45/><F45/><W58/><G82/><T67/><D6/><U125/><E125/><V64/><F64/><N who="3" m="38951" /><G77/><T122/><D122/><U83/><E83/><V27/><REACH who="2" step="1"/><F81/><REACH who="2" ten="320,230,210,230" step="2"/><W7/><G7/><T63/><D67/><AGARI ba="1,1" hai="40,46,49,51,52,57,58,62,67,112,115" m="38951" machi="67" ten="30,3900,0" yaku="34,2,54,1" doraHai="90" who="3" fromWho="0" sc="320,-42,230,0,210,0,230,52" /><INIT seed="1,0,0,2,2,114" ten="278,230,210,282" oya="1" hai0="122,69,94,29,33,82,19,55,103,37,73,89,40" hai1="54,110,129,62,78,9,44,118,77,71,117,67,135" hai2="1,31,107,106,131,61,57,18,35,115,17,34,0" hai3="128,14,15,22,125,43,84,6,4,91,133,28,80"/><U70/><E129/><V81/><F81/><W109/><G109/><T32/><D69/><U3/><E110/><V41/><F41/><W27/><G128/><T119/><D119/><U104/><E104/><V50/><F50/><W93/><G125/><T42/><D122/><U96/><E135/><V83/><F83/><W116/><G116/><T126/><D37/><U59/><E71/><V20/><F131/><W101/><G133/><T120/><D103/><U134/><E134/><V39/><F20/><W26/><G43/><T23/><D42/><U45/><E96/><V52/><F39/><W102/><G4/><T112/><D40/><U47/><E78/><V124/><F31/><W88/><G14/><T108/><D29/><U36/><E77/><V95/><F95/><W100/><G6/><T10/><D10/><U2/><E36/><V98/><F98/><W56/><G15/><N who="0" m="9727" /><D112/><U99/><E99/><V66/><F115/><W127/><G127/><T111/><D120/><U87/><E87/><V132/><F124/><W58/><G27/><T97/><D126/><U65/><E65/><V24/><F132/><W30/><G28/><T74/><D82/><U121/><E121/><V21/><F18/><W46/><G46/><T38/><D38/><U86/><E86/><AGARI ba="0,0" hai="22,26,30,56,58,80,84,86,88,91,93,100,101,102" machi="86" ten="40,2600,0" yaku="8,1,54,1" doraHai="114" who="3" fromWho="1" sc="278,0,230,-26,210,0,282,26" /><INIT seed="2,0,0,2,1,27" ten="278,204,210,308" oya="2" hai0="106,26,37,6,109,103,8,135,89,90,112,29,18" hai1="69,82,102,129,7,128,133,86,52,122,100,111,97" hai2="126,54,17,84,121,105,93,76,91,125,87,101,57" hai3="36,110,13,116,66,85,131,34,35,30,61,49,47"/><V53/><F121/><W77/><G110/><T70/><D112/><U10/><E111/><V48/><F105/><W127/><G36/><T50/><D37/><U45/><E122/><V55/><F101/><W107/><G107/><T118/><D109/><U11/><E69/><V56/><F54/><W46/><G116/><T59/><D118/><U104/><E102/><V117/><F117/><W74/><G74/><T134/><D70/><U67/><E67/><V130/><F130/><N who="1" m="50281" /><E133/><N who="0" m="50697" /><D18/><U108/><E108/><V39/><F39/><W65/><G65/><T38/><D38/><U98/><E98/><V2/><F2/><W16/><G127/><T71/><D71/><U20/><E20/><V19/><F76/><W88/><G77/><T21/><D59/><U44/><E52/><V23/><F87/><W73/><G73/><T96/><D50/><U4/><E11/><V99/><F99/><W25/><G131/><T12/><AGARI ba="0,0" hai="6,8,12,21,26,29,89,90,96,103,106" m="50697" machi="12" ten="30,2000,0" yaku="20,1,52,1" doraHai="27" who="0" fromWho="0" sc="278,20,204,-5,210,-10,308,-5" /><INIT seed="3,0,0,5,5,84" ten="298,199,200,303" oya="3" hai0="9,22,124,50,62,115,43,15,81,69,41,40,48" hai1="66,19,56,101,49,114,107,23,93,75,58,30,76" hai2="65,47,117,55,44,104,74,102,11,100,96,14,132" hai3="10,24,112,106,17,126,87,3,34,80,53,71,59"/><W94/><G71/><T134/><D134/><U18/><E114/><V26/><F74/><W52/><G106/><T12/><D115/><U95/><E107/><V42/><F117/><W64/><G112/><T116/><D116/><U61/><E75/><V99/><F132/><W83/><G126/><T131/><D124/><U72/><E72/><V82/><F82/><W38/><G38/><T54/><D131/><U8/><E76/><V29/><F65/><W129/><G129/><T90/><D69/><U21/><E8/><V113/><F113/><W13/><G64/><T85/><D22/><U2/><E2/><V25/><F55/><W16/><G3/><T36/><D36/><U73/><E73/><V110/><F110/><W133/><G133/><T108/><D108/><U127/><E127/><V92/><F42/><W0/><G53/><T97/><D97/><N who="1" m="59567" /><E95/><V105/><F92/><W122/><G0/><T103/><D103/><U7/><E7/><V20/><F26/><W123/><G94/><T86/><D86/><U67/><E49/><N who="0" m="19049" /><D9/><U125/><E125/><V68/><F68/><W120/><G87/><T33/><D33/><U28/><E67/><V109/><F109/><W5/><G5/><AGARI ba="0,0" hai="5,11,14,20,25,29,44,47,96,99,100,102,104,105" machi="5" ten="30,2000,0" yaku="7,1,9,1" doraHai="84" who="2" fromWho="3" sc="298,0,199,0,200,20,303,-20" /><INIT seed="4,0,0,4,3,131" ten="298,199,220,283" oya="0" hai0="21,32,78,102,28,83,12,47,60,133,16,22,132" hai1="66,20,3,89,106,25,130,109,38,119,69,1,80" hai2="27,79,120,36,19,4,57,53,114,92,122,42,17" hai3="61,111,126,82,85,70,75,34,31,0,91,117,41"/><T26/><D102/><U18/><E109/><V81/><F4/><W84/><G117/><T94/><D94/><U72/><E119/><V9/><F9/><W73/><G0/><T103/><D103/><U113/><E106/><V5/><F5/><W87/><G111/><T98/><D98/><U86/><E130/><V7/><F7/><W14/><G126/><T77/><D60/><U37/><E113/><V107/><F107/><W90/><G41/><T74/><D77/><U49/><E72/><V118/><F118/><W88/><G82/><T64/><D64/><U76/><E76/><V101/><F42/><W6/><G34/><T46/><D32/><U128/><E128/><V134/><F36/><W71/><G31/><T58/><D58/><U63/><REACH who="1" step="1"/><E49/><REACH who="1" ten="298,189,220,283" step="2"/><V15/><F114/><W68/><G61/><T30/><D30/><U35/><E35/><V24/><F79/><W10/><AGARI ba="0,1" hai="6,10,14,68,70,71,73,75,84,85,87,88,90,91" machi="10" ten="40,8000,1" yaku="0,1,29,2,54,1" doraHai="131" who="3" fromWho="3" sc="298,-40,189,-20,220,-20,283,90" owari="258,5.8,169,-33.1,200,-20.0,373,47.3" /></mjloggm>