<mjloggm ver="2.3"><GO type="225" lobby="0"/><UN n0="%E3%81%B2%E3%81%BE%E3%81%A4%E3%81%B6%E3%81%97" n1="%70%68%65%6E%6F%6D%65" n2="%E8%80%81%E6%A5%BD" n3="%E3%83%97%E3%83%AC%E3%83%B4%E3%82%A1%E3%83%86%E3%82%A3" dan="17,16,16,16" rate="2194.50,2141.42,2099.11,2150.93" sx="M,M,M,F"/><TAIKYOKU oya="0"/><INIT seed="0,0,0,0,4,118" ten="250,250,250,250" oya="0" hai0="79,25,131,66,72,111,28,64,4,11,15,23,58" hai1="113,30,107,132,8,57,27,56,96,20,36,54,49" hai2="33,115,0,127,26,14,122,40,125,68,88,90,124" hai3="80,74,130,81,10,53,62,67,51,73,38,92,50"/><T47/><D131/><U61/><E132/><V45/><F0/><W3/><G38/><T44/><D111/><U39/><E113/><V93/><F115/><W84/><G130/><T116/><D116/><U85/><E85/><V59/><F68/><W48/><G53/><T109/><D109/><U76/><E76/><V34/><F122/><W31/><G31/><T70/><D70/><U41/><E8/><V75/><F75/><W87/><G92/><T71/><D71/><U60/><E61/><V123/><F123/><W7/><G84/><T97/><D72/><U133/><E133/><V94/><F14/><W46/><G46/><T13/><D79/><U86/><E86/><N who="2" m="52375" /><F59/><W119/><G81/><T135/><D135/><U129/><E129/><V17/><F17/><W98/><G98/><T83/><D83/><U37/><E41/><V104/><F26/><W69/><REACH who="3" step="1"/><G119/><REACH who="3" ten="250,250,250,240" step="2"/><T2/><D97/><U95/><E107/><V52/><F104/><W101/><G101/><T24/><D47/><U12/><E37/><N who="2" m="21647" /><F52/><W63/><G63/><T6/><D44/><U43/><E43/><V18/><F18/><W105/><G105/><T134/><D134/><U114/><E114/><V121/><F121/><W89/><AGARI ba="0,1" hai="3,7,10,48,50,51,62,67,69,73,74,80,87,89" machi="89" ten="30,2000,0" yaku="1,1,0,1,53,0" doraHai="118" doraHaiUra="110" who="3" fromWho="3" sc="250,-10,250,-5,250,-5,240,30" /><INIT seed="1,0,0,3,1,8" ten="240,245,245,270" oya="1" hai0="118,60,11,34,124,125,90,108,54,53,102,114,42" hai1="107,91,83,57,27,95,31,92,48,15,22,5,77" hai2="133,63,115,84,109,104,23,110,43,26,13,126,89" hai3="111,9,35,56,7,66,64,120,127,123,18,96,50"/><U105/><E107/><V49/><F104/><W47/><G35/><T12/><D114/><U71/><E71/><V74/><F74/><W16/><G111/><N who="2" m="42505" /><F126/><N who="0" m="48746" /><D108/><U88/><E105/><V46/><F133/><W131/><G127/><T93/><D118/><U62/><E48/><V28/><F63/><W30/><G30/><T85/><D34/><U1/><E1/><V99/><F99/><W135/><G135/><T33/><D33/><U65/><E92/><N who="2" m="54311" /><F115/><W106/><G131/><T51/><D102/><U101/><E101/><V98/><F98/><W20/><G106/><T134/><D134/><U6/><E95/><V94/><F94/><W122/><G96/><T61/><D42/><U81/><E81/><V113/><F113/><W4/><G56/><N who="0" m="32831" /><D54/><U72/><REACH who="1" step="1"/><E5/><AGARI ba="0,0" hai="5,11,12,60,61,85,90,93" m="32831,48746" machi="5" ten="30,2000,0" yaku="18,1,52,1" doraHai="8" who="0" fromWho="1" sc="240,20,245,-20,245,0,270,0" /><INIT seed="2,0,0,1,3,97" ten="260,225,245,270" oya="2" hai0="117,107,130,99,79,86,89,100,84,119,36,47,126" hai1="132,31,37,39,55,128,24,29,81,6,21,12,11" hai2="32,102,87,62,76,58,13,116,20,73,33,4,51" hai3="9,124,109,120,52,121,28,134,111,48,14,3,92"/><V131/><F116/><N who="0" m="44618" /><D47/><U44/><E128/><V60/><F73/><W35/><G3/><T5/><D36/><U0/><E132/><V38/><F38/><W59/><G134/><T65/><D65/><U27/><E81/><N who="2" m="47527" /><F33/><W129/><G129/><T16/><D130/><U72/><E72/><V74/><F32/><W135/><G135/><T98/><D5/><U122/><E0/><V71/><F71/><W46/><G124/><T34/><D34/><U67/><E67/><V56/><F74/><W133/><G133/><T88/><D126/><U19/><E122/><V18/><F131/><W10/><G10/><T61/><D61/><N who="2" m="23658" /><F4/><W42/><G35/><T63/><D63/><U91/><E6/><V30/><F30/><W40/><G28/><T108/><D108/><N who="3" m="41545" /><G92/><N who="0" m="54279" /><D16/><U80/><E29/><V53/><F102/><W114/><G114/><T77/><D98/><U83/><E39/><V123/><F123/><N who="3" m="47179" /><G14/><T105/><D105/><U93/><E27/><V23/><F23/><W7/><G7/><T95/><AGARI ba="0,0" hai="77,79,86,89,95,99,100,107" m="54279,44618" machi="95" ten="30,8000,1" yaku="12,1,34,2,52,1,54,1" doraHai="97" who="0" fromWho="0" sc="260,80,225,-20,245,-40,270,-20" /><INIT seed="3,0,0,5,3,86" ten="340,205,205,250" oya="3" hai0="60,2,131,48,54,52,47,133,106,5,99,85,88" hai1="10,105,25,118,87,79,83,89,113,23,7,30,9" hai2="57,59,123,81,72,78,15,62,111,43,121,70,24" hai3="91,37,77,64,135,122,82,129,116,58,128,102,95"/><W40/><G116/><T11/><D133/><U34/><E113/><V28/><F111/><W32/><G32/><T125/><D125/><U8/><E118/><V98/><F43/><W110/><G135/><T6/><D131/><N who="3" m="50249" /><G122/><N who="2" m="46601" /><F15/><W75/><G37/><T17/><D106/><U119/><E119/><V50/><F50/><W109/><G40/><T39/><D99/><U120/><E120/><V0/><F0/><W49/><G49/><N who="0" m="28735" /><D39/><U41/><E105/><V117/><F98/><N who="3" m="57727" /><G58/><N who="0" m="34903" /><D48/><U115/><E115/><V96/><F96/><W33/><G33/><T104/><D2/><U61/><E41/><V56/><F117/><W101/><G64/><T13/><D104/><U42/><E42/><V73/><F73/><W44/><G44/><T19/><D6/><U71/><E34/><N who="2" m="20743" /><F70/><W14/><G14/><T16/><D5/><U18/><E7/><V93/><F93/><AGARI ba="0,0" hai="11,13,16,17,19,85,88,93" m="34903,28735" machi="93" ten="30,8000,1" yaku="8,1,52,1,54,3" doraHai="86" who="0" fromWho="2" sc="340,80,205,0,205,-80,250,0" owari="420,52.0,205,-19.5,125,-37.5,250,5.0" /></mjloggm>