<mjloggm ver="2.3"><GO type="225" lobby="0"/><UN n0="%E3%81%86%E3%83%BC%E3%81%B1%E3%83%BC" n1="%E7%AD%89%E3%80%85%E5%8A%9B%E5%8A%87%E5%A0%B4" n2="%6D%75%75%6D%75%72%61" n3="%6E%69%63%6B%6C%6F%77" dan="16,16,16,16" rate="2142.90,2176.39,2134.82,2090.24" sx="M,M,F,F"/><TAIKYOKU oya="0"/><INIT seed="0,0,0,1,3,67" ten="250,250,250,250" oya="0" hai0="86,108,31,26,63,22,49,81,53,18,56,111,35" hai1="33,16,1,125,106,47,10,102,46,64,131,59,19" hai2="61,113,2,75,54,112,87,135,99,15,121,41,93" hai3="4,36,89,73,120,115,77,23,132,29,88,7,70"/><T117/><D117/><U62/><E33/><V38/><F2/><W30/><G36/><T68/><D35/><U58/><E131/><V96/><F75/><W25/><G115/><T109/><D31/><U8/><E125/><V92/><F121/><W37/><G37/><T50/><REACH who="0" step="1"/><D68/><REACH who="0" ten="240,250,250,250" step="2"/><U27/><E1/><V13/><F113/><W134/><G120/><T60/><D60/><U52/><E62/><V126/><F112/><W51/><G30/><T85/><D85/><U101/><E106/><V100/><F87/><W90/><G70/><T14/><D14/><U82/><E27/><V127/><F13/><W42/><G73/><T71/><D71/><U130/><E130/><V118/><F118/><W57/><G77/><AGARI ba="0,1" hai="18,22,26,49,50,53,56,63,77,81,86,108,109,111" machi="77" ten="40,7700,0" yaku="1,1,14,1,10,1,53,0" doraHai="67" doraHaiUra="116" who="0" fromWho="3" sc="240,87,250,0,250,0,250,-77" /><INIT seed="0,1,0,3,4,8" ten="327,250,250,173" oya="0" hai0="57,14,59,95,30,16,66,112,106,31,15,39,21" hai1="58,134,79,78,119,67,55,10,29,103,18,27,6" hai2="60,20,84,11,133,62,17,37,36,123,105,34,89" hai3="23,100,102,3,120,9,92,63,73,83,56,44,115"/><T125/><D112/><U77/><E119/><V104/><F123/><W68/><G115/><T61/><D106/><U35/><E134/><V96/><F34/><W51/><G120/><T124/><D39/><U7/><E67/><V87/><F133/><W117/><G117/><T70/><D95/><U24/><E103/><V80/><F11/><W40/><G68/><T94/><D94/><U85/><E85/><V118/><F118/><W22/><G22/><T28/><REACH who="0" step="1"/><D15/><REACH who="0" ten="317,250,250,173" step="2"/><U90/><E27/><V46/><F36/><W41/><G92/><T131/><D131/><U114/><E114/><V4/><F105/><W128/><G100/><T5/><D5/><U54/><E6/><V72/><F4/><W52/><G102/><T75/><D75/><U86/><E7/><V130/><F72/><W12/><G128/><T50/><D50/><U101/><E101/><V71/><F130/><W1/><G1/><T26/><D26/><U82/><E24/><V0/><F0/><W121/><G3/><T13/><D13/><U43/><E82/><V122/><F104/><W135/><G121/><T116/><D116/><U108/><E108/><V74/><F122/><W64/><G135/><T109/><D109/><U42/><E35/><V113/><F74/><W53/><G73/><T25/><D25/><U126/><E29/><V111/><F111/><W98/><G51/><T32/><D32/><U99/><E18/><V107/><F107/><W45/><G83/><T2/><D2/><U110/><E110/><V129/><F129/><W91/><G12/><T38/><D38/><U49/><E49/><RYUUKYOKU ba="1,1" sc="317,30,250,-10,250,-10,173,-10" hai0="14,16,21,28,30,31,57,59,61,66,70,124,125" /><INIT seed="0,2,1,2,5,127" ten="347,240,240,163" oya="0" hai0="116,78,101,13,100,128,115,34,23,104,133,12,63" hai1="129,86,109,14,95,122,5,92,130,75,47,93,17" hai2="97,33,111,87,48,120,29,8,7,77,52,59,0" hai3="20,96,67,54,41,46,16,21,80,30,22,26,74"/><T118/><D115/><U27/><E75/><V102/><F120/><W60/><G54/><T35/><D63/><U55/><E122/><V49/><F111/><W66/><G96/><T2/><D23/><U18/><E109/><V105/><F49/><W31/><G67/><T123/><D123/><U126/><E126/><V89/><F77/><W39/><G74/><T124/><D124/><U88/><E5/><V106/><F106/><W107/><G107/><T15/><D104/><U1/><E1/><V81/><REACH who="2" step="1"/><F29/><REACH who="2" ten="347,240,230,163" step="2"/><W134/><G134/><T40/><D133/><U82/><E27/><V53/><F53/><W50/><G31/><T121/><D78/><U94/><E55/><V114/><F114/><W131/><G39/><T135/><D135/><U61/><E61/><V51/><F51/><W76/><G76/><T110/><D121/><U84/><E47/><V90/><F90/><W11/><G80/><T24/><D110/><U125/><E125/><V69/><F69/><W25/><G131/><T132/><D128/><U68/><E68/><V117/><F117/><W37/><G37/><T72/><D132/><U57/><E130/><V42/><F42/><W6/><G30/><T71/><D40/><U56/><E129/><V10/><F10/><W79/><G79/><T45/><D118/><U9/><E86/><V85/><F85/><W119/><G119/><T103/><D116/><U19/><E82/><V44/><F44/><W62/><G62/><T91/><D72/><U36/><E36/><V113/><F113/><W3/><G26/><T38/><D24/><U32/><E32/><AGARI ba="2,2" hai="0,7,8,32,33,48,52,59,81,87,89,97,102,105" machi="32" ten="40,5200,0" yaku="1,1,6,1,54,1,53,0" doraHai="127" doraHaiUra="43" who="2" fromWho="1" sc="347,0,240,-58,230,78,163,0" /><INIT seed="1,0,0,0,1,59" ten="347,182,308,163" oya="1" hai0="66,63,104,91,123,34,96,128,54,31,28,50,124" hai1="38,41,51,11,133,95,19,99,129,90,114,103,120" hai2="32,64,83,97,1,69,113,92,100,126,18,81,10" hai3="7,102,107,109,67,121,5,68,86,26,82,125,60"/><U29/><E114/><V73/><F113/><W16/><G121/><T65/><D34/><U57/><E120/><V9/><F126/><W40/><G125/><T8/><D123/><U46/><E133/><V105/><F32/><W25/><G109/><T71/><D66/><U12/><E129/><V37/><F37/><W4/><G40/><T74/><D74/><U80/><E29/><V116/><F116/><W111/><G111/><T79/><D79/><U134/><E134/><V98/><F73/><W6/><N who="3" m="1024" /><DORA hai="135" /><W56/><G107/><T3/><D3/><U110/><E110/><V2/><F2/><W23/><G102/><T35/><D8/><U115/><E115/><V22/><F1/><W47/><G47/><T94/><D124/><U43/><E43/><V27/><F9/><W77/><G68/><T117/><D117/><U70/><E70/><V106/><F10/><W44/><G44/><T76/><D76/><U52/><REACH who="1" step="1"/><E80/><REACH who="1" ten="347,172,308,163" step="2"/><V132/><F132/><W39/><REACH who="3" step="1"/><G39/><REACH who="3" ten="347,172,308,153" step="2"/><T20/><D71/><U75/><E75/><V15/><F69/><W33/><G33/><T118/><D35/><U36/><E36/><V53/><F83/><W24/><AGARI ba="0,2" hai="16,23,24,25,26,56,60,67,77,82,86" m="1024" machi="24" ten="40,12000,2" yaku="1,1,0,1,8,1,52,1,54,1,53,1" doraHai="59,135" doraHaiUra="13,112" who="3" fromWho="3" sc="347,-30,172,-60,308,-30,153,140" /><INIT seed="2,0,0,3,2,121" ten="317,112,278,293" oya="2" hai0="19,56,68,15,58,13,54,130,49,22,102,83,114" hai1="32,1,52,11,92,75,17,26,89,45,23,132,12" hai2="64,43,42,122,65,91,50,131,51,25,86,119,55" hai3="71,16,124,118,95,115,53,59,4,5,80,31,0"/><V103/><F122/><W77/><G118/><T62/><D114/><U93/><E75/><V109/><F119/><W94/><G71/><T63/><D130/><U2/><E132/><V30/><F131/><W7/><G115/><T79/><D68/><U128/><E128/><V18/><F103/><W40/><G31/><T88/><D102/><U73/><E73/><V108/><F18/><W10/><G40/><T69/><D69/><U129/><E129/><V85/><F25/><W127/><G0/><T74/><D88/><U28/><E93/><V33/><F30/><W9/><G95/><T39/><D39/><U126/><E126/><N who="3" m="48170" /><G94/><T106/><D106/><U44/><E44/><V35/><F91/><W125/><G125/><T67/><D49/><U123/><E123/><V29/><F29/><W110/><G110/><T116/><D116/><U36/><E36/><V99/><F55/><W61/><G16/><T112/><D112/><U38/><E38/><V34/><F34/><W27/><G27/><AGARI ba="0,0" hai="13,15,19,22,27,54,56,58,62,63,67,74,79,83" machi="27" ten="30,1000,0" yaku="7,1" doraHai="121" who="0" fromWho="3" sc="317,10,112,0,278,0,293,-10" /><INIT seed="3,0,0,0,2,126" ten="327,112,278,283" oya="3" hai0="80,107,109,21,14,42,100,36,68,3,75,2,110" hai1="40,34,123,93,135,64,133,62,111,38,96,82,119" hai2="108,101,102,105,60,18,112,91,114,37,65,19,69" hai3="117,92,118,134,43,86,32,45,94,113,7,63,79"/><W44/><G113/><T104/><D68/><U35/><E123/><V53/><F108/><N who="0" m="41578" /><D42/><U77/><E111/><V4/><F37/><W61/><G32/><T17/><D36/><U76/><E119/><V12/><F4/><W25/><G134/><T99/><D107/><U0/><E0/><V72/><F72/><W27/><G7/><T115/><D115/><U74/><E77/><AGARI ba="0,0" hai="2,3,14,17,21,75,77,80,99,100,104" m="41578" machi="77" ten="30,1000,0" yaku="14,1" doraHai="126" who="0" fromWho="1" sc="327,10,112,-10,278,0,283,0" owari="337,43.7,102,-39.8,278,-12.2,283,8.3" /></mjloggm>