<mjloggm ver="2.3"><GO type="225" lobby="0"/><UN n0="%E6%97%A5%E6%9B%9C%E6%97%A5%E3%82%88%E3%82%8A%E3%81%AE%E4%BD%BF%E8%80%85" n1="%E3%81%BF%E3%81%BF%E3%81%9A" n2="%E3%81%A1%E3%82%85%E3%81%86%E3%81%A9%E3%81%8F%E8%B1%A1%E3%81%95%E3%82%93" n3="%E3%81%A0%E3%81%8A" dan="17,17,16,16" rate="2192.51,2176.20,2100.46,2033.86" sx="M,M,M,M"/><TAIKYOKU oya="0"/><INIT seed="0,0,0,2,3,121" ten="250,250,250,250" oya="0" hai0="35,75,59,96,10,115,27,133,28,130,84,31,14" hai1="125,134,56,119,88,129,20,64,21,50,48,79,94" hai2="86,54,122,106,55,12,17,51,11,15,110,44,6" hai3="101,91,117,128,32,23,71,52,33,135,111,68,9"/><T38/><D75/><U120/><E119/><V109/><F122/><W78/><G117/><T26/><D115/><U123/><E79/><V49/><F106/><W8/><G128/><T0/><D38/><U118/><E118/><V65/><F65/><W76/><G101/><T67/><D130/><U73/><E73/><V132/><F86/><W108/><G23/><N who="1" m="8778" /><E123/><V25/><F25/><W5/><G91/><T92/><D0/><U3/><E3/><V70/><F70/><W42/><G52/><T104/><D104/><U46/><E120/><V40/><F132/><W60/><G60/><T74/><D74/><U18/><E129/><V45/><F40/><W82/><G5/><T89/><D133/><U72/><E72/><V87/><F87/><W83/><REACH who="3" step="1"/><G135/><REACH who="3" ten="250,250,250,240" step="2"/><T43/><D43/><AGARI ba="0,1" hai="8,9,32,33,42,43,68,71,76,78,82,83,108,111" machi="43" ten="25,12000,2" yaku="1,1,2,1,22,2,52,2,53,0" doraHai="121" doraHaiUra="113" who="3" fromWho="0" sc="250,-120,250,0,250,0,240,130" /><INIT seed="1,0,0,3,1,89" ten="130,250,250,370" oya="1" hai0="111,126,102,23,108,4,2,78,57,54,48,84,123" hai1="85,132,66,16,96,20,36,25,15,44,76,93,115" hai2="118,104,70,131,17,74,100,135,97,133,41,95,71" hai3="88,101,29,56,94,134,46,130,99,55,119,116,11"/><U122/><E115/><V49/><F118/><N who="3" m="45099" /><G130/><T117/><D117/><U128/><E122/><V83/><F131/><W38/><G29/><T79/><D123/><U90/><E128/><V82/><F17/><W3/><G134/><N who="2" m="51209" /><F104/><W69/><G69/><N who="2" m="26121" /><F74/><W26/><G26/><T30/><D126/><U9/><E132/><V35/><F35/><W77/><G77/><T124/><D124/><U53/><E66/><V12/><F12/><W113/><G11/><T106/><D106/><U110/><E110/><V10/><F10/><W27/><G27/><T65/><D65/><U24/><E36/><V28/><F28/><W68/><G68/><T103/><D30/><U50/><E20/><V75/><F75/><W7/><G7/><T121/><D23/><U62/><E62/><V105/><F105/><W32/><G113/><T19/><D4/><U127/><E127/><V40/><F49/><N who="3" m="30831" /><G3/><T112/><D2/><U98/><E98/><V61/><F61/><W58/><G32/><T80/><D112/><U91/><E76/><V125/><F125/><W13/><G13/><T52/><D79/><U114/><E114/><V67/><F67/><W86/><G101/><T22/><D121/><U45/><E45/><V59/><F59/><W60/><G99/><T33/><D33/><U92/><AGARI ba="0,0" hai="9,15,16,24,25,44,50,53,85,90,91,92,93,96" machi="92" ten="20,18000,2" yaku="0,1,7,1,8,1,52,2,54,1" doraHai="89" who="1" fromWho="1" sc="130,-60,250,180,250,-60,370,-60" /><INIT seed="1,1,0,4,0,88" ten="70,430,190,310" oya="1" hai0="47,108,5,79,78,22,118,121,37,120,135,36,119" hai1="7,28,130,116,46,84,27,59,11,3,30,23,44" hai2="115,104,101,66,26,128,95,39,50,20,61,53,82" hai3="9,85,69,13,126,58,43,122,34,71,117,2,17"/><U32/><E116/><N who="0" m="44585" /><D22/><U52/><E130/><V16/><F128/><W48/><G34/><T87/><D5/><U77/><E30/><V96/><F39/><N who="0" m="14922" /><D87/><U123/><E123/><N who="0" m="47177" /><D47/><U133/><E133/><V6/><F6/><W21/><G117/><T106/><D106/><U73/><E73/><V99/><F82/><W107/><G2/><T8/><D8/><U63/><E77/><N who="0" m="29193" /><D135/><U113/><E113/><V1/><F1/><W132/><G9/><T109/><AGARI ba="1,0" hai="108,109" m="29193,47177,14922,44585" machi="109" ten="40,5200,0" yaku="28,2,13,1" doraHai="88" who="0" fromWho="0" sc="70,55,430,-27,190,-14,310,-14" /><INIT seed="2,0,0,4,5,22" ten="125,403,176,296" oya="2" hai0="92,62,1,79,78,15,4,10,14,49,108,105,65" hai1="131,69,101,115,103,46,9,23,41,84,64,2,82" hai2="98,126,112,25,20,128,0,51,104,123,28,43,73" hai3="83,58,18,6,114,113,37,44,127,71,120,8,50"/><V21/><F123/><W133/><G120/><T12/><D105/><U121/><E115/><N who="3" m="44042" /><G71/><T91/><D49/><U93/><E121/><V29/><F112/><W106/><G106/><T13/><D108/><U67/><E131/><V111/><F0/><W33/><G33/><T94/><N who="0" m="3072" /><DORA hai="16" /><T80/><D91/><U17/><E9/><V132/><F73/><W124/><G58/><T110/><D110/><U5/><E2/><V85/><F128/><W76/><G18/><T75/><REACH who="0" step="1"/><D79/><REACH who="0" ten="115,403,176,296" step="2"/><U11/><E103/><V118/><F111/><W47/><G50/><T24/><D24/><U30/><E101/><V77/><F118/><W100/><G76/><T81/><D81/><U116/><E82/><N who="2" m="47311" /><F104/><W89/><G83/><T134/><D134/><U97/><E116/><V88/><F132/><W45/><G100/><T102/><D102/><U56/><E93/><N who="2" m="56615" /><F126/><W53/><G133/><T57/><AGARI ba="0,1" hai="1,4,10,57,62,65,75,78,80,92,94" m="3072" machi="57" ten="40,2700,0" yaku="1,1,0,1,53,0" doraHai="22,16" doraHaiUra="70,66" who="0" fromWho="0" sc="115,37,403,-7,176,-13,296,-7" /><INIT seed="3,0,0,3,1,77" ten="152,396,163,289" oya="3" hai0="32,88,7,116,85,9,39,25,46,80,107,56,26" hai1="19,101,12,43,29,123,114,100,3,2,103,70,130" hai2="4,17,113,81,105,135,104,111,106,128,68,132,133" hai3="117,126,42,5,64,41,23,8,45,40,119,51,30"/><W79/><G126/><T47/><D116/><U86/><E70/><V78/><F113/><W115/><G115/><T13/><D107/><U112/><E29/><V66/><F111/><W97/><G64/><T15/><D39/><U22/><E123/><V61/><F128/><W76/><G117/><T102/><D102/><U53/><E43/><V71/><F4/><W93/><G79/><T57/><D15/><U10/><E130/><V95/><F95/><W125/><G125/><T124/><D124/><U60/><E2/><V129/><F129/><W87/><G23/><T75/><D75/><U24/><E3/><V89/><F89/><W98/><G30/><T82/><D82/><U118/><E118/><V120/><F120/><W127/><G98/><T122/><D122/><U94/><E60/><V63/><F17/><W83/><G119/><T65/><D32/><U74/><E74/><N who="2" m="43223" /><F61/><W36/><G36/><T48/><D47/><U54/><E114/><V18/><F18/><W49/><G49/><T58/><D65/><U27/><E112/><V55/><F55/><AGARI ba="0,0" hai="7,9,13,25,26,46,48,55,56,57,58,80,85,88" machi="55" ten="40,5200,0" yaku="8,1,52,1,54,1" doraHai="77" who="0" fromWho="2" sc="152,52,396,0,163,-52,289,0" owari="204,-19.6,396,49.6,111,-38.9,289,8.9" /></mjloggm>