<mjloggm ver="2.3"><GO type="225" lobby="0"/><UN n0="%E6%A1%9C%E8%8A%B1%E9%96%83%E3%80%85" n1="%E3%81%99%E3%81%84%E3%81%BE%E3%81%9B%E3%83%BC%E3%82%93" n2="%E3%81%AF%E3%82%88%E3%81%8A%E3%81%98%E3%81%95%E3%82%93" n3="%72%69%6F%75%63%68%61%6E" dan="17,16,17,17" rate="2150.79,2115.81,2211.21,2135.68" sx="M,M,M,M"/><TAIKYOKU oya="0"/><INIT seed="0,0,0,2,0,107" ten="250,250,250,250" oya="0" hai0="50,72,74,46,117,29,57,98,16,97,60,1,87" hai1="14,73,7,38,30,0,11,5,21,41,48,70,27" hai2="37,134,90,44,40,119,101,2,6,68,36,54,125" hai3="122,89,92,133,22,115,99,32,100,108,91,81,114"/><T103/><D117/><U106/><E106/><V86/><F119/><W20/><G32/><T59/><D1/><U58/><E70/><V129/><F68/><W13/><G108/><T15/><D29/><U104/><E104/><V66/><F66/><W8/><G133/><T78/><D87/><U17/><E73/><V130/><F134/><W12/><G122/><T93/><D97/><U84/><E38/><N who="2" m="21527" /><F101/><W33/><G33/><T64/><D59/><U85/><E7/><V121/><F121/><W24/><G13/><T19/><D78/><U110/><E110/><V124/><F54/><W132/><G132/><T4/><D4/><U80/><E80/><V131/><F6/><W55/><G55/><T62/><D62/><U34/><REACH who="1" step="1"/><E58/><REACH who="1" ten="250,240,250,250" step="2"/><V83/><F2/><W109/><G109/><T61/><D61/><U120/><E120/><V43/><F36/><W71/><G71/><T26/><D26/><U105/><E105/><V65/><F37/><W31/><G115/><T135/><D135/><U39/><E39/><V113/><F113/><W67/><G114/><T102/><D102/><U95/><E95/><V116/><F116/><W45/><G100/><T25/><D25/><U49/><E49/><V77/><F83/><W94/><G81/><T28/><D15/><U23/><E23/><V63/><F63/><W118/><G20/><T53/><REACH who="0" step="1"/><D28/><REACH who="0" ten="240,240,250,250" step="2"/><U56/><E56/><V69/><F69/><W111/><G118/><T47/><D47/><AGARI ba="0,2" hai="0,5,11,14,17,21,27,30,34,41,47,48,84,85" machi="47" ten="40,5200,0" yaku="1,1,24,2,53,0" doraHai="107" doraHaiUra="76" who="1" fromWho="0" sc="240,-52,240,72,250,0,250,0" /><INIT seed="1,0,0,2,4,14" ten="188,312,250,250" oya="1" hai0="27,131,105,133,128,132,125,104,119,42,118,20,18" hai1="115,1,112,44,53,117,83,77,47,25,78,51,37" hai2="48,126,97,66,116,82,54,16,6,81,84,129,103" hai3="124,101,69,62,87,65,111,36,72,114,76,99,31"/><U64/><E117/><N who="0" m="44553" /><D42/><U39/><E1/><V17/><F116/><W88/><G111/><T89/><D89/><U19/><E64/><V11/><F66/><W24/><G124/><T123/><D123/><U130/><E130/><N who="0" m="49705" /><D125/><U10/><E78/><V98/><F126/><W35/><G114/><T45/><D45/><U23/><E10/><V40/><F40/><W95/><G36/><T80/><D80/><U0/><E0/><V59/><F81/><W92/><REACH who="3" step="1"/><G76/><REACH who="3" ten="188,312,250,240" step="2"/><T57/><D57/><U100/><E39/><V73/><F129/><W49/><G49/><T70/><D70/><U127/><E127/><V33/><F48/><W121/><G121/><T113/><D113/><U58/><E37/><V94/><F59/><W60/><G60/><T75/><D75/><AGARI ba="0,1" hai="24,31,35,62,65,69,72,75,87,88,92,95,99,101" machi="75" ten="40,2600,0" yaku="1,1,54,1,53,0" doraHai="14" doraHaiUra="34" who="3" fromWho="0" sc="188,-26,312,0,250,0,240,36" /><INIT seed="2,0,0,1,0,74" ten="162,312,250,276" oya="2" hai0="4,62,41,60,110,116,5,88,12,102,36,31,44" hai1="39,20,47,17,28,132,70,131,26,42,21,9,49" hai2="2,99,97,46,89,93,135,30,48,76,66,134,108" hai3="19,64,8,11,128,16,100,81,51,123,124,79,40"/><V65/><F2/><W125/><G123/><T87/><D110/><U33/><E70/><V25/><F108/><W57/><G128/><T75/><D75/><U104/><E104/><V107/><F76/><W121/><G121/><T103/><D116/><U112/><E112/><V37/><F37/><W54/><G100/><T58/><D31/><U117/><E117/><V45/><F107/><W7/><G40/><T55/><D62/><U84/><E132/><N who="2" m="50731" /><F97/><W27/><G64/><N who="2" m="24681" /><F48/><W72/><G8/><T86/><D86/><U63/><E131/><V96/><F99/><W14/><REACH who="3" step="1"/><G27/><REACH who="3" ten="162,312,250,266" step="2"/><T94/><REACH who="0" step="1"/><D12/><REACH who="0" ten="152,312,250,266" step="2"/><U114/><E26/><V113/><F113/><W10/><G10/><T120/><D120/><U77/><E9/><V92/><F25/><W43/><G43/><T91/><D91/><U129/><E42/><V95/><F30/><W109/><G109/><T98/><D98/><U105/><E28/><V34/><F34/><W32/><G32/><T69/><D69/><U0/><E33/><V1/><F1/><W85/><G85/><T29/><D29/><U24/><E84/><V115/><F115/><W83/><G83/><T133/><D133/><U73/><E0/><V130/><F130/><W13/><G13/><T3/><D3/><U127/><E129/><V122/><F122/><W80/><G80/><T61/><D61/><U50/><E114/><V78/><F89/><W38/><G38/><T6/><AGARI ba="0,2" hai="4,5,6,36,41,44,55,58,60,87,88,94,102,103" machi="6" ten="30,4000,0" yaku="1,1,0,1,54,1,53,0" doraHai="74" doraHaiUra="35" who="0" fromWho="0" sc="152,60,312,-10,250,-20,266,-10" /><INIT seed="3,0,0,4,3,66" ten="212,302,230,256" oya="3" hai0="16,18,59,19,9,60,27,45,34,111,134,17,126" hai1="49,78,41,47,74,68,3,81,79,39,77,84,97" hai2="0,11,61,24,105,131,115,82,25,48,124,123,101" hai3="127,108,13,96,62,117,116,128,125,102,55,58,64"/><W86/><G128/><T99/><D111/><U51/><E68/><V132/><F115/><W2/><G2/><T100/><D126/><N who="3" m="48137" /><G108/><T52/><D134/><U46/><E3/><V28/><F124/><W109/><G109/><T54/><D34/><U65/><E65/><V69/><F132/><W119/><G86/><T8/><N who="0" m="4096" /><DORA hai="112" /><T122/><D122/><U88/><E39/><V37/><F37/><W42/><G13/><T129/><D27/><U130/><E74/><V70/><F61/><N who="3" m="36063" /><G42/><T7/><D129/><U38/><E38/><V6/><F25/><W91/><G91/><T4/><D54/><N who="1" m="30007" /><E130/><V120/><F131/><W113/><G113/><T72/><D45/><U80/><E80/><V50/><F82/><W76/><G76/><T35/><D35/><U90/><E90/><V89/><F89/><W71/><G116/><T87/><D87/><U53/><E41/><V44/><F50/><W33/><G33/><T110/><D72/><U10/><E10/><N who="0" m="4201" /><D110/><U57/><E47/><V98/><F120/><W83/><G83/><T106/><D106/><AGARI ba="0,0" hai="62,64,71,96,102,106,117,119" m="36063,48137" machi="106" ten="30,11600,0" yaku="18,1,52,3" doraHai="66,112" who="3" fromWho="0" sc="212,-116,302,0,230,0,256,116" owari="96,-40.4,302,10.2,230,-17.0,372,47.2" /></mjloggm>