<mjloggm ver="2.3"><GO type="225" lobby="0"/><UN n0="%E8%81%B7%E6%A5%AD%E3%80%81%E9%A2%A8%32" n1="%E9%89%A2%E5%B7%BB%E3%82%AC%E3%83%96" n2="%E3%81%82%E3%82%93%E3%81%AA%E3%81%A4" n3="%E3%81%9F%E3%81%8B%E3%81%AE%E3%81%99%E3%81%91" dan="16,16,16,17" rate="2111.16,2065.04,2165.54,2156.01" sx="M,M,M,M"/><TAIKYOKU oya="0"/><INIT seed="0,0,0,0,5,35" ten="250,250,250,250" oya="0" hai0="99,7,39,121,1,37,127,69,115,36,29,49,133" hai1="38,42,63,52,96,85,31,28,51,108,75,132,123" hai2="15,23,103,47,41,77,54,66,101,72,106,134,105" hai3="4,92,60,104,11,71,129,93,48,90,16,44,114"/><T83/><D121/><U62/><E123/><V50/><F134/><W33/><G104/><T56/><D115/><U88/><E75/><V89/><F66/><W135/><G33/><T19/><D69/><U0/><E0/><V6/><F72/><W61/><G114/><T43/><D127/><U53/><E108/><V12/><F77/><W78/><G78/><T14/><D29/><U70/><E96/><V24/><F89/><W95/><G129/><T8/><D133/><U91/><E132/><V79/><F79/><W128/><G128/><T67/><D83/><U45/><E91/><V112/><F112/><W17/><G90/><T100/><D67/><N who="1" m="41335" /><E53/><V30/><F6/><W55/><G71/><T76/><D76/><U65/><E65/><V68/><F68/><W118/><G118/><T130/><D130/><U25/><E25/><V26/><F26/><W73/><G73/><T84/><D84/><U3/><E3/><V86/><F86/><W116/><G116/><T34/><D34/><U117/><E63/><N who="3" m="24138" /><G135/><T125/><D125/><U110/><E110/><V58/><F105/><W21/><G21/><N who="0" m="11511" /><D43/><U122/><E122/><V80/><F80/><W32/><G32/><T107/><D39/><U94/><E117/><V131/><F131/><W46/><G46/><T126/><D126/><U27/><E27/><V120/><F120/><W113/><G113/><T102/><D102/><N who="2" m="38922" /><F106/><W111/><G111/><T87/><D87/><U124/><E124/><V57/><F41/><W59/><G44/><T64/><D64/><U40/><E40/><N who="2" m="24935" /><F58/><AGARI ba="0,0" hai="28,31,38,42,45,51,52,58,85,88,94" m="41335" machi="58" ten="30,3900,0" yaku="24,1,54,2" doraHai="35" who="1" fromWho="2" sc="250,0,250,39,250,-39,250,0" /><INIT seed="1,0,0,1,0,134" ten="250,289,211,250" oya="1" hai0="126,109,15,12,116,53,65,111,101,26,28,84,62" hai1="49,41,36,133,17,124,103,129,114,100,33,115,46" hai2="118,82,96,60,79,25,127,80,50,59,71,20,0" hai3="14,110,112,11,19,57,121,92,130,10,76,90,72"/><U89/><E33/><V107/><F118/><W104/><G104/><T106/><D116/><U37/><E89/><V132/><F0/><W113/><G121/><T102/><D126/><U35/><E35/><V48/><F132/><W54/><G110/><N who="0" m="41995" /><D53/><U64/><E133/><V87/><F71/><W29/><G130/><T6/><D84/><U7/><E7/><V34/><F34/><W21/><G76/><T95/><D95/><U39/><E129/><V32/><F32/><W85/><G72/><T81/><D81/><U13/><E64/><V77/><F127/><W1/><G10/><N who="0" m="4183" /><D15/><U8/><REACH who="1" step="1"/><E124/><REACH who="1" ten="250,279,211,250" step="2"/><V61/><F79/><W78/><G78/><T31/><D65/><U45/><E45/><V68/><F77/><W2/><G2/><T105/><D101/><AGARI ba="0,1" hai="8,13,17,36,37,39,41,46,49,100,101,103,114,115" machi="101" ten="40,2000,0" yaku="1,1,53,0" doraHai="134" doraHaiUra="55" who="1" fromWho="0" sc="250,-20,279,30,211,0,250,0" /><INIT seed="1,1,0,1,5,121" ten="230,309,211,250" oya="1" hai0="100,125,39,108,117,82,118,36,120,23,27,83,1" hai1="96,72,4,38,40,41,113,81,91,58,17,115,37" hai2="43,21,131,54,80,102,70,93,65,116,52,87,123" hai3="135,88,14,77,90,124,18,85,57,46,19,129,28"/><U69/><E4/><V30/><F116/><W44/><G129/><T114/><D1/><U79/><E69/><V104/><F123/><W15/><G124/><T13/><D114/><U63/><E40/><V95/><F104/><W103/><G28/><T61/><D120/><U122/><E122/><V60/><F131/><W20/><G103/><T11/><D125/><U9/><E9/><V12/><F43/><W59/><G77/><T62/><D100/><U112/><E17/><V111/><F111/><W56/><G135/><T48/><D48/><U68/><E68/><V45/><F102/><W86/><G57/><T3/><D3/><U71/><E71/><V76/><F12/><W107/><REACH who="3" step="1"/><G20/><REACH who="3" ten="230,309,211,240" step="2"/><T78/><D23/><U109/><E113/><V110/><F30/><W49/><G49/><T128/><D78/><U73/><E115/><V0/><F21/><W22/><G22/><T16/><D128/><U92/><E112/><V8/><F76/><W2/><G2/><T53/><D36/><U89/><E37/><V7/><F0/><W106/><AGARI ba="1,1" hai="14,15,18,19,44,46,56,59,85,86,88,90,106,107" machi="106" ten="25,12000,2" yaku="1,1,0,1,22,2,54,1,53,2" doraHai="121" doraHaiUra="10" who="3" fromWho="3" sc="230,-31,309,-61,211,-31,240,133" /><INIT seed="2,0,0,1,4,103" ten="199,248,180,373" oya="2" hai0="23,44,77,115,124,64,125,58,29,63,68,15,129" hai1="56,17,132,127,32,102,66,27,13,121,78,119,71" hai2="100,85,123,19,91,53,45,49,109,26,35,79,18" hai3="72,131,40,48,12,65,46,117,83,75,59,86,6"/><V54/><F123/><W16/><G6/><T47/><D115/><U57/><E119/><V93/><F109/><W112/><G131/><T31/><D129/><U97/><E127/><N who="0" m="48713" /><D77/><U70/><E132/><V96/><F79/><W74/><G117/><T89/><D68/><U42/><E42/><V43/><F35/><W81/><G112/><T5/><D89/><U30/><E71/><V134/><F134/><W21/><G86/><T133/><D133/><U69/><E70/><V104/><REACH who="2" step="1"/><F26/><REACH who="2" ten="199,248,170,373" step="2"/><W99/><G72/><T113/><D113/><U10/><E78/><V41/><F41/><W2/><G74/><T82/><D82/><U116/><E121/><V7/><F7/><W76/><G81/><T111/><D111/><U118/><E116/><V128/><F128/><W120/><G120/><T122/><D122/><U98/><E118/><V34/><F34/><W33/><G33/><T61/><D5/><U14/><E27/><V4/><F4/><W52/><G2/><T88/><D15/><U107/><E14/><V67/><F67/><W38/><G65/><T101/><D64/><U1/><E1/><V92/><F92/><W126/><G126/><T24/><D24/><N who="1" m="18503" /><E66/><V28/><F28/><W87/><G75/><T50/><D29/><U22/><E69/><V110/><F110/><W135/><G135/><T108/><D31/><U73/><E73/><V90/><F90/><W114/><G114/><T51/><D88/><U106/><E13/><V25/><F25/><W0/><G0/><T94/><D108/><U36/><E17/><AGARI ba="0,1" hai="17,18,19,43,45,49,53,54,85,91,93,96,100,104" machi="17" ten="40,3900,0" yaku="1,1,52,1,53,0" doraHai="103" doraHaiUra="11" who="2" fromWho="1" sc="199,0,248,-39,170,49,373,0" /><INIT seed="2,1,0,4,2,115" ten="199,209,219,373" oya="2" hai0="135,48,12,95,118,133,39,120,101,43,124,77,84" hai1="81,30,79,63,62,130,106,1,109,21,119,99,6" hai2="47,112,121,41,8,58,91,93,38,76,55,110,32" hai3="67,35,31,64,97,57,129,14,29,23,116,52,18"/><V66/><F112/><W117/><G129/><T134/><D120/><U56/><E109/><V131/><F32/><W20/><G97/><N who="0" m="59583" /><D124/><U36/><E36/><V78/><F121/><W69/><G35/><T104/><D104/><U13/><E130/><V59/><F131/><W122/><G122/><T68/><D68/><U19/><E63/><V72/><F72/><W83/><G83/><N who="0" m="47215" /><D12/><U125/><E125/><V85/><F110/><W44/><G44/><N who="0" m="25631" /><D39/><U10/><E99/><V113/><F113/><W90/><G90/><T0/><D0/><U3/><E106/><V34/><F34/><W49/><G64/><T94/><D94/><U53/><E30/><V132/><F66/><W24/><REACH who="3" step="1"/><G29/><REACH who="3" ten="199,209,219,363" step="2"/><T2/><D2/><U128/><E128/><V102/><F91/><W96/><G96/><T5/><D5/><U15/><E1/><V28/><F28/><W26/><G26/><T65/><D65/><U22/><E3/><V37/><F47/><W87/><G87/><T7/><D7/><U111/><E111/><V107/><F85/><W11/><G11/><T114/><D114/><U70/><E10/><V61/><F8/><W82/><G82/><T92/><D92/><U9/><E9/><V71/><F93/><W4/><G4/><T45/><D45/><U40/><E6/><V51/><F78/><W54/><G54/><T16/><D16/><U50/><E81/><V60/><F76/><W86/><G86/><T73/><D73/><U126/><E79/><V127/><F55/><W105/><G105/><T75/><D75/><U46/><E46/><V25/><F107/><RYUUKYOKU ba="1,1" sc="199,15,209,-15,219,-15,363,15" hai0="118,133,134,135" hai3="14,18,20,23,24,31,49,52,57,67,69,116,117" /><INIT seed="3,2,1,1,1,10" ten="214,194,204,378" oya="3" hai0="63,29,26,99,87,60,121,103,127,111,9,107,48" hai1="37,98,130,82,104,24,113,114,34,66,50,84,40" hai2="31,14,129,12,73,8,91,92,28,27,38,49,68" hai3="118,22,57,88,51,52,79,41,56,54,46,86,115"/><W13/><G115/><T18/><D111/><U11/><E37/><V7/><F38/><W74/><G79/><T101/><D121/><U135/><E66/><V65/><F73/><W39/><G74/><T21/><D127/><U3/><E34/><V112/><F112/><W75/><G75/><T45/><D103/><U62/><E62/><V30/><F129/><W44/><G118/><T76/><D87/><U15/><E3/><V119/><F119/><W19/><G54/><T97/><D97/><U42/><E24/><V43/><F68/><W96/><G96/><T93/><D76/><U35/><E35/><V32/><F65/><W36/><REACH who="3" step="1"/><G39/><REACH who="3" ten="214,194,204,368" step="2"/><T1/><D99/><U109/><E109/><V133/><F133/><W4/><G4/><T0/><D0/><U89/><E135/><V116/><F116/><W125/><G125/><T77/><D1/><U64/><E64/><V128/><F128/><W61/><G61/><T47/><D63/><U55/><E130/><V67/><F67/><W25/><G25/><T106/><D26/><U59/><E114/><V102/><F27/><W110/><G110/><T85/><D77/><U71/><E113/><V131/><F131/><W58/><G58/><T124/><D85/><U5/><REACH who="1" step="1"/><E71/><REACH who="1" ten="214,184,204,368" step="2"/><V120/><F32/><W17/><G17/><T78/><D18/><U122/><E122/><V16/><F120/><W70/><G70/><T126/><D60/><U83/><E83/><AGARI ba="2,3" hai="13,19,22,36,41,44,46,51,52,56,57,83,86,88" machi="83" ten="30,18000,2" yaku="1,1,7,1,52,1,54,2,53,1" doraHai="10" doraHaiUra="69" who="3" fromWho="1" sc="214,0,184,-186,204,0,368,216" owari="214,1.4,-2,-50.2,204,-19.6,584,68.4" /></mjloggm>