<mjloggm ver="2.3"><GO type="225" lobby="0"/><UN n0="%72%61%6B%33" n1="%E9%80%9F%E6%B0%B4%E5%87%9B%E9%A6%99" n2="%E5%B8%86%E7%AB%8B%E5%A4%8F%E8%A1%A3" n3="%E5%80%89%E6%A9%8B%EF%BC%A0%E4%BA%8B%E5%8B%99" dan="16,16,17,16" rate="2179.05,2145.84,2130.57,2093.28" sx="M,F,M,M"/><TAIKYOKU oya="0"/><INIT seed="0,0,0,1,4,36" ten="250,250,250,250" oya="0" hai0="37,120,34,119,45,101,2,50,38,35,53,9,88" hai1="25,79,96,33,41,62,54,109,90,21,46,110,55" hai2="71,98,15,106,87,135,4,111,44,65,76,78,89" hai3="24,99,86,42,52,70,18,134,57,10,124,26,81"/><T58/><D119/><U28/><E79/><V100/><F71/><W115/><G70/><T77/><D120/><U68/><E68/><V20/><F65/><W83/><G115/><T61/><D101/><U94/><E33/><V14/><F111/><N who="1" m="42505" /><E62/><V84/><F135/><W29/><G134/><T30/><D77/><U92/><E92/><V104/><F104/><W0/><G124/><T39/><D30/><U113/><E113/><V56/><F56/><W132/><G132/><T103/><D103/><U22/><E22/><V72/><F44/><W102/><G0/><T95/><D9/><U13/><E13/><V67/><F67/><W122/><G122/><T51/><D2/><U127/><E127/><V105/><F105/><W97/><G10/><T108/><D108/><U40/><E40/><V121/><F121/><W117/><G117/><T131/><D131/><U82/><E82/><V123/><F123/><W128/><G128/><T32/><REACH who="0" step="1"/><D45/><REACH who="0" ten="240,250,250,250" step="2"/><U116/><E116/><V23/><F78/><W49/><G102/><T73/><D73/><U118/><E118/><V47/><F76/><W27/><G29/><T93/><D93/><U17/><E28/><V11/><F72/><W60/><G83/><T43/><D43/><U91/><E91/><V3/><F89/><N who="3" m="51407" /><G18/><T75/><D75/><U6/><E6/><N who="2" m="1503" /><F47/><AGARI ba="0,1" hai="24,26,27,42,47,49,52,57,60,97,99" m="51407" machi="47" ten="30,3900,0" yaku="8,1,52,1,54,1" doraHai="36" who="3" fromWho="2" sc="240,0,250,0,250,-39,250,49" /><INIT seed="1,0,0,5,4,116" ten="240,250,211,299" oya="1" hai0="103,41,90,133,8,28,72,32,69,60,77,9,101" hai1="36,49,117,80,53,51,120,134,108,128,102,17,23" hai2="71,127,6,124,45,121,125,54,50,58,123,5,87" hai3="43,26,79,75,81,100,34,68,22,111,33,25,98"/><U59/><E36/><V63/><F71/><W4/><G68/><T39/><D133/><U35/><E117/><V56/><F56/><W83/><G111/><T130/><D130/><U0/><E0/><V113/><F113/><W66/><G66/><T74/><D90/><U106/><E134/><V14/><F87/><W11/><G43/><T21/><D32/><U132/><E35/><V135/><F135/><W20/><G83/><T42/><D21/><U126/><E132/><V109/><F109/><W97/><G34/><T55/><D69/><U40/><E108/><V24/><F24/><W62/><G33/><T64/><D28/><U99/><E128/><V3/><F3/><W131/><G62/><T73/><D77/><U19/><E126/><V37/><F37/><W93/><G98/><T86/><D86/><U89/><E120/><N who="2" m="46155" /><F14/><W118/><G131/><T114/><D39/><U46/><E17/><V18/><F18/><W96/><G118/><T85/><D85/><U70/><E70/><V104/><F104/><W107/><G26/><T95/><D114/><U84/><E19/><V2/><F2/><W29/><G97/><T88/><D72/><U92/><REACH who="1" step="1"/><E23/><REACH who="1" ten="240,240,211,299" step="2"/><V78/><F78/><W1/><G107/><AGARI ba="0,1" hai="40,46,49,51,53,59,80,84,89,92,99,102,106,107" machi="107" ten="40,3900,0" yaku="1,1,2,1,53,0" doraHai="116" doraHaiUra="122" who="1" fromWho="3" sc="240,0,240,49,211,0,299,-39" /><INIT seed="1,1,0,0,4,131" ten="240,289,211,260" oya="1" hai0="132,43,127,21,85,81,77,105,125,69,1,19,2" hai1="38,70,44,73,20,9,36,50,8,35,16,104,99" hai2="4,13,135,65,18,71,75,87,83,94,74,109,56" hai3="22,119,121,111,101,46,114,130,63,52,29,92,98"/><U80/><E70/><V15/><F71/><W11/><G121/><T68/><D105/><U61/><E35/><V27/><F109/><W6/><G114/><T12/><D43/><U45/><E104/><V59/><F75/><W86/><G111/><T106/><D106/><U110/><E99/><V120/><F74/><W118/><G130/><T117/><D117/><N who="3" m="44553" /><G86/><T57/><D57/><U96/><E96/><V39/><F39/><W49/><G63/><T124/><D132/><U60/><E110/><V88/><F120/><W34/><G34/><T84/><D84/><U37/><E80/><V0/><F135/><W28/><G22/><T116/><D116/><U67/><E73/><V41/><F41/><W89/><G101/><T7/><REACH who="0" step="1"/><D1/><AGARI ba="1,0" hai="1,6,11,28,29,46,49,52,89,92,98" m="44553" machi="1" ten="30,2000,0" yaku="12,1,54,1" doraHai="131" who="3" fromWho="0" sc="240,-23,289,0,211,0,260,23" /><INIT seed="2,0,0,5,4,58" ten="217,289,211,283" oya="2" hai0="115,43,6,50,1,117,36,110,93,81,18,15,72" hai1="68,38,99,12,41,37,11,86,102,112,75,59,48" hai2="119,71,21,27,49,53,33,123,51,130,114,22,106" hai3="89,63,104,46,128,4,25,82,98,103,39,60,132"/><V101/><F114/><W69/><G69/><T92/><D115/><U56/><E75/><V66/><F119/><W61/><G128/><T74/><D110/><U30/><E68/><V54/><F123/><W105/><G132/><T23/><D50/><N who="2" m="18954" /><F130/><W62/><N who="3" m="15360" /><DORA hai="88" /><W91/><G105/><T107/><D107/><U3/><E3/><V94/><F71/><W14/><G25/><T129/><D74/><U80/><E30/><N who="2" m="17775" /><F33/><W109/><G109/><T9/><D117/><U44/><E37/><V95/><F106/><W52/><G52/><N who="2" m="20073" /><F66/><W7/><G82/><T31/><D31/><U124/><E124/><V96/><F94/><W42/><REACH who="3" step="1"/><G7/><REACH who="3" ten="217,289,211,273" step="2"/><T121/><D129/><U90/><E112/><V83/><F83/><W100/><G100/><T17/><D81/><U67/><E67/><V40/><F22/><W20/><G20/><T35/><D23/><U79/><E102/><V77/><F77/><W64/><G64/><T118/><D118/><U29/><E79/><V122/><F122/><W2/><G2/><T87/><D1/><U57/><E80/><V135/><F135/><W10/><AGARI ba="0,1" hai="4,10,14,39,42,46,89,91,98,103,104" m="15360" machi="10" ten="40,12000,2" yaku="1,1,0,1,52,4,53,0" doraHai="58,88" doraHaiUra="32,108" who="3" fromWho="3" sc="217,-30,289,-30,211,-60,273,130" /><INIT seed="3,0,0,1,4,75" ten="187,259,151,403" oya="3" hai0="100,41,7,55,9,130,38,102,53,3,131,81,50" hai1="90,13,34,59,86,65,106,16,10,129,116,33,123" hai2="12,28,63,85,6,120,99,67,36,134,93,122,79" hai3="30,45,17,96,80,78,83,19,110,37,39,107,97"/><W58/><G30/><T101/><D38/><U114/><E106/><V115/><F36/><W42/><G58/><T35/><D35/><U73/><E73/><V29/><F115/><W32/><G45/><N who="0" m="25903" /><D81/><U109/><E114/><V47/><F47/><W20/><G20/><T69/><D69/><U57/><E129/><AGARI ba="0,0" hai="3,7,9,53,55,100,101,102,129,130,131" m="25903" machi="129" ten="30,1000,0" yaku="19,1" doraHai="75" who="0" fromWho="1" sc="187,10,259,-10,151,0,403,0" owari="197,-20.3,249,4.9,151,-34.9,403,50.3" /></mjloggm>