<mjloggm ver="2.3"><GO type="225" lobby="0"/><UN n0="%E3%81%9F%E3%81%93%E2%98%86%E7%84%BC%E3%81%8D" n1="%E3%81%82%E3%83%BC%E3%81%97" n2="%48%61%61%61%6C%61%6E%64" n3="%E7%AD%89%E3%80%85%E5%8A%9B%E5%8A%87%E5%A0%B4" dan="16,16,17,16" rate="2098.12,2114.44,2154.99,2044.82" sx="M,M,M,M"/><TAIKYOKU oya="0"/><INIT seed="0,0,0,5,0,63" ten="250,250,250,250" oya="0" hai0="72,92,58,55,54,67,36,42,105,19,74,98,112" hai1="40,50,104,75,33,51,85,27,131,57,129,49,52" hai2="66,3,4,79,8,122,35,20,115,133,68,128,100" hai3="1,38,109,2,114,120,13,77,73,23,124,29,32"/><T53/><D105/><U90/><E104/><V86/><F122/><W16/><G38/><T76/><D112/><U111/><E75/><V31/><F115/><W45/><G114/><T123/><D123/><U39/><E39/><V15/><F100/><W82/><G120/><T83/><D74/><U44/><E111/><V84/><F128/><N who="1" m="49225" /><E33/><V25/><F133/><W121/><G121/><T21/><D42/><U80/><E27/><V70/><F79/><W9/><G109/><T22/><D36/><U125/><E51/><V62/><F68/><W130/><G130/><T11/><D11/><U37/><E37/><V87/><F87/><W10/><G124/><AGARI ba="0,0" hai="40,44,49,50,52,57,80,85,90,124,125" m="49225" machi="124" ten="30,2000,0" yaku="19,1,54,1" doraHai="63" who="1" fromWho="3" sc="250,0,250,20,250,0,250,-20" /><INIT seed="1,0,0,2,0,96" ten="250,270,250,230" oya="1" hai0="14,103,118,4,58,91,110,50,102,72,89,121,97" hai1="22,59,131,92,73,28,64,69,88,111,130,26,65" hai2="86,13,38,87,17,122,54,48,80,99,124,62,53" hai3="67,77,82,85,108,106,126,109,57,114,12,11,45"/><U61/><E73/><V134/><F122/><W8/><G114/><T3/><D72/><U94/><E92/><V132/><F38/><W112/><G112/><T101/><D3/><U43/><E43/><V98/><F124/><W6/><G126/><T21/><D118/><U37/><E37/><V70/><F98/><W95/><G106/><T71/><D71/><U24/><E111/><V83/><F99/><W0/><G45/><T5/><D110/><U44/><E44/><V42/><F42/><W36/><G36/><T27/><D121/><U75/><E75/><V51/><F70/><W125/><G125/><T40/><D97/><N who="1" m="57543" /><E26/><V100/><F83/><W23/><G95/><T46/><D58/><U119/><E119/><V56/><F80/><W116/><G116/><T35/><D35/><U93/><E93/><V9/><F56/><W120/><G120/><T29/><D14/><U105/><E105/><V25/><F25/><W79/><G57/><T39/><D39/><U113/><E113/><V41/><F13/><W128/><G12/><T33/><D33/><U32/><E32/><V115/><F115/><W34/><G34/><T60/><REACH who="0" step="1"/><D60/><REACH who="0" ten="240,270,250,230" step="2"/><U20/><E69/><V135/><F62/><W104/><G0/><T76/><D76/><U19/><E65/><V90/><F134/><W52/><G67/><T117/><D117/><U18/><E22/><V49/><F132/><W15/><G23/><T55/><D55/><U16/><E131/><V133/><F135/><W107/><G128/><T2/><D2/><U63/><E130/><V30/><F133/><W74/><G107/><RYUUKYOKU ba="0,1" sc="240,15,270,15,250,-15,230,-15" hai0="4,5,21,27,29,40,46,50,89,91,101,102,103" hai1="16,18,19,20,24,28,59,61,63,64" /><INIT seed="1,1,1,0,2,34" ten="255,285,235,215" oya="1" hai0="118,0,80,13,106,18,40,128,39,9,11,16,29" hai1="14,37,130,72,5,59,113,32,22,41,17,110,26" hai2="101,1,133,75,38,102,45,78,94,43,12,115,31" hai3="24,116,36,64,125,84,77,122,71,89,61,107,82"/><U55/><E113/><V124/><F115/><W49/><G122/><T27/><D106/><U103/><E72/><V52/><F124/><W83/><G36/><T28/><D80/><U62/><E130/><V23/><F133/><W96/><G125/><T129/><D40/><U19/><E103/><V74/><F1/><W57/><G116/><T112/><D39/><U81/><E5/><V108/><F108/><W44/><G71/><T85/><D85/><U135/><E135/><V67/><F67/><W8/><G24/><T33/><D29/><U58/><E81/><V117/><F117/><W126/><G126/><T63/><D63/><U60/><E32/><V42/><F42/><W50/><G107/><T48/><D48/><U100/><E100/><V69/><F69/><W66/><G66/><T35/><D33/><U120/><E120/><V4/><F78/><W92/><G8/><T47/><D47/><U90/><E90/><V2/><F102/><W30/><G30/><T25/><D112/><U15/><E110/><V70/><F70/><W95/><G83/><T131/><D118/><U97/><E97/><N who="2" m="59575" /><F52/><W54/><G95/><T91/><D91/><U65/><REACH who="1" step="1"/><E19/><REACH who="1" ten="255,275,235,215" step="2"/><N who="2" m="10727" /><F31/><W53/><G96/><T98/><D28/><U73/><E73/><V127/><F127/><W87/><G89/><T3/><D35/><U10/><E10/><N who="2" m="2327" /><F75/><W119/><G119/><T88/><D88/><U105/><E105/><V79/><F74/><W7/><G82/><T104/><D104/><U6/><E6/><V109/><F109/><W51/><G7/><T68/><D129/><U56/><E56/><RYUUKYOKU ba="1,2" sc="255,-15,275,15,235,15,215,-15" hai1="14,15,17,22,26,37,41,55,58,59,60,62,65" hai2="38,43,45,79" /><INIT seed="1,2,2,3,0,71" ten="240,290,250,200" oya="1" hai0="121,124,114,57,95,3,133,89,75,62,15,37,32" hai1="85,28,44,108,73,38,63,34,27,94,87,17,35" hai2="40,130,69,58,53,103,90,113,78,81,29,7,54" hai3="68,120,55,26,127,65,22,47,1,31,129,20,56"/><U92/><E73/><V13/><F69/><W115/><G120/><T118/><RYUUKYOKU type="yao9" ba="2,2" sc="240,0,290,0,250,0,200,0" hai0="3,15,32,37,57,62,75,89,95,114,118,121,124,133" /><INIT seed="1,3,2,4,4,65" ten="240,290,250,200" oya="1" hai0="112,108,42,105,114,12,6,59,64,49,2,116,118" hai1="50,113,126,30,35,119,123,8,120,76,115,9,15" hai2="111,95,20,53,19,22,121,77,125,133,28,104,117" hai3="94,92,101,5,51,100,0,14,129,127,52,106,68"/><U84/><E76/><V97/><F117/><N who="0" m="45162" /><D105/><U79/><E84/><V80/><F121/><N who="1" m="46665" /><E50/><V26/><F111/><W70/><G106/><T36/><D12/><U85/><E85/><N who="2" m="48271" /><F104/><W21/><G0/><T54/><D6/><N who="1" m="3479" /><E79/><V37/><F37/><W128/><G127/><T31/><D31/><U102/><E102/><N who="2" m="60735" /><F125/><W13/><G5/><T98/><D2/><U3/><E126/><V66/><F133/><W32/><G32/><T90/><D90/><U78/><E78/><V62/><F66/><W74/><G74/><T18/><D18/><U44/><E44/><V27/><F62/><W48/><G21/><T38/><D98/><U107/><E107/><V29/><F53/><AGARI ba="3,2" hai="13,14,48,51,52,53,68,70,92,94,100,101,128,129" machi="53" ten="25,8000,1" yaku="22,2,52,2,54,1" doraHai="65" who="3" fromWho="2" sc="240,0,290,0,250,-89,200,109" /><INIT seed="2,0,0,0,2,118" ten="240,290,161,309" oya="2" hai0="81,105,124,57,33,98,99,18,120,130,58,17,66" hai1="40,78,114,121,106,31,76,123,47,95,74,102,70" hai2="25,4,117,12,30,132,14,53,122,73,104,109,112" hai3="3,131,67,2,49,36,83,19,55,115,116,129,89"/><V71/><F117/><W32/><G116/><T72/><D81/><U92/><E70/><V93/><F112/><W80/><G36/><T84/><D84/><U5/><E5/><V42/><F104/><W8/><G32/><T128/><D18/><U101/><E31/><V110/><F73/><W103/><G67/><T1/><D33/><U9/><E9/><V97/><F132/><W52/><G103/><N who="1" m="39434" /><E114/><V108/><F122/><N who="1" m="46601" /><E106/><V56/><F42/><W54/><G115/><T44/><D105/><U51/><E74/><V21/><F71/><W63/><G8/><T10/><D10/><U39/><E39/><V48/><REACH who="2" step="1"/><F4/><REACH who="2" ten="240,290,151,309" step="2"/><W22/><G131/><T37/><D72/><U119/><E119/><V38/><F38/><W29/><G129/><T90/><D37/><U85/><E95/><V0/><F0/><W91/><G2/><T94/><D1/><U133/><E133/><V65/><F65/><W45/><G3/><T100/><D66/><U13/><E13/><V60/><F60/><W11/><G63/><T59/><D94/><U88/><AGARI ba="0,1" hai="40,47,51,76,78,85,88,92" m="46601,39434" machi="88" ten="30,8000,1" yaku="13,1,52,3,54,1" doraHai="118" who="1" fromWho="1" sc="240,-20,290,90,151,-40,309,-20" /><INIT seed="3,0,0,3,5,55" ten="220,380,111,289" oya="3" hai0="112,71,96,100,4,110,132,0,127,28,131,15,11" hai1="88,128,97,13,76,60,125,135,83,101,24,126,41" hai2="77,3,35,72,34,82,85,6,63,68,74,51,104" hai3="57,79,47,70,93,22,94,48,89,109,90,2,64"/><W87/><G2/><T133/><D71/><U37/><E135/><N who="0" m="51785" /><D96/><U121/><E121/><V18/><F18/><W12/><G109/><T33/><D100/><U7/><E60/><V130/><F51/><W49/><G70/><T119/><D119/><U44/><E24/><V111/><F85/><W116/><G116/><T9/><D110/><U86/><E128/><V59/><F111/><W106/><G106/><T36/><D36/><U38/><E38/><V46/><F130/><W62/><G79/><T58/><D58/><U108/><E108/><V66/><F59/><W113/><G113/><T5/><D131/><U32/><E32/><V43/><F74/><W25/><G12/><T14/><D127/><N who="1" m="48651" /><E7/><V92/><F92/><W42/><G49/><T19/><D112/><U40/><E40/><V123/><F104/><W29/><G90/><T107/><D107/><N who="1" m="63919" /><E13/><V91/><F91/><AGARI ba="0,0" hai="37,41,44,76,83,86,88,91" m="63919,48651" machi="91" ten="30,2000,0" yaku="18,1,54,1" doraHai="55" who="1" fromWho="2" sc="220,0,380,20,111,-20,289,0" owari="220,-18.0,400,50.0,91,-40.9,289,8.9" /></mjloggm>