<mjloggm ver="2.3"><GO type="225" lobby="0"/><UN n0="%73%6C%69%63%6B%33%31%39" n1="%E3%81%A9%E3%82%8F%E3%82%93%E3%81%94" n2="%E3%83%AD%E3%83%83%E3%83%86%E9%9B%80%E7%90%83" n3="%E3%81%B8%E3%82%80%E3%81%B8%E3%82%80%EF%BC%92%E5%8F%B7" dan="16,16,17,17" rate="2188.79,2188.61,2180.56,2188.36" sx="M,M,M,M"/><TAIKYOKU oya="0"/><INIT seed="0,0,0,1,0,24" ten="250,250,250,250" oya="0" hai0="119,117,9,56,71,133,50,100,116,84,132,12,111" hai1="105,21,44,114,79,11,19,107,23,55,87,131,16" hai2="8,47,101,62,122,63,34,29,37,92,128,57,59" hai3="112,123,83,81,103,130,15,99,17,58,2,28,115"/><T61/><D100/><U36/><E131/><V82/><F122/><W46/><G2/><T27/><D71/><U72/><E72/><V126/><F126/><W86/><G130/><T75/><D75/><U4/><E114/><V1/><F128/><W108/><G108/><T96/><D96/><U5/><E36/><V25/><F82/><W49/><G58/><T0/><D0/><U10/><E87/><V65/><F92/><W69/><G69/><T38/><D38/><U109/><E44/><V118/><F101/><W35/><G123/><T135/><D111/><U51/><E109/><V78/><F78/><W76/><G83/><T53/><D84/><U94/><E94/><V14/><F1/><W3/><G3/><T30/><D50/><U60/><E51/><V88/><F88/><W18/><G18/><T85/><D85/><U97/><E60/><V66/><F118/><W74/><G74/><T98/><D98/><U42/><E97/><V43/><REACH who="2" step="1"/><F14/><REACH who="2" ten="250,250,240,250" step="2"/><W89/><G89/><T40/><D117/><U73/><E79/><V70/><F70/><W124/><G124/><T93/><D93/><U13/><E73/><V20/><F20/><N who="3" m="11327" /><G103/><T80/><D80/><U39/><E13/><V129/><F129/><W68/><G68/><T120/><D116/><U31/><E21/><V110/><F110/><W7/><G99/><T54/><D119/><U77/><E23/><V102/><F102/><W134/><G81/><T52/><D120/><U91/><E91/><V67/><F67/><W41/><G76/><T64/><D133/><U26/><E77/><V32/><F32/><RYUUKYOKU ba="0,1" sc="250,-10,250,-10,240,30,250,-10" hai2="8,25,29,34,37,43,47,57,59,62,63,65,66" /><INIT seed="1,1,1,0,3,60" ten="240,240,270,240" oya="1" hai0="86,3,63,66,130,28,29,124,75,118,24,53,32" hai1="31,39,113,81,132,131,121,55,30,116,80,40,59" hai2="88,72,133,37,73,127,110,67,135,101,117,95,84" hai3="22,17,64,111,45,12,50,102,56,46,74,6,94"/><U41/><E121/><V35/><F35/><W5/><G74/><N who="2" m="28777" /><F37/><W77/><G77/><T108/><D75/><U42/><E116/><V85/><F67/><W126/><G111/><T134/><D118/><U58/><E113/><V65/><F65/><W76/><G126/><T71/><D3/><U114/><E114/><V122/><F117/><W129/><G76/><T11/><D108/><U48/><E132/><N who="2" m="50763" /><F110/><W69/><G69/><T119/><D119/><U87/><E131/><V100/><F127/><W82/><G82/><T43/><D130/><U103/><E39/><V125/><F125/><W38/><G38/><T23/><D124/><U97/><E59/><V49/><F49/><W83/><G83/><T26/><D134/><U18/><E81/><N who="2" m="49167" /><F122/><W93/><G129/><T15/><D43/><U9/><E42/><V62/><F62/><W98/><G64/><T68/><D68/><U61/><E40/><V112/><F112/><W123/><G123/><T8/><D53/><U20/><E41/><V52/><F52/><N who="3" m="31767" /><G5/><T79/><D79/><U91/><E61/><V89/><AGARI ba="1,1" hai="85,89,95,100,101" m="49167,50763,28777" machi="89" ten="40,8000,1" yaku="20,1,34,2,54,1" doraHai="60" who="2" fromWho="2" sc="240,-21,240,-41,270,93,240,-21" /><INIT seed="2,0,0,1,2,55" ten="219,199,363,219" oya="2" hai0="110,111,84,14,46,76,22,127,102,56,119,33,107" hai1="66,2,68,23,87,88,112,100,131,38,75,133,86" hai2="95,15,49,36,5,4,104,69,134,83,62,85,91" hai3="116,13,7,40,123,121,43,108,28,9,96,39,37"/><V31/><F36/><W32/><G116/><T71/><D71/><U34/><E112/><V0/><F0/><W103/><G108/><N who="0" m="41515" /><D33/><U65/><E34/><V97/><F104/><W93/><G37/><T21/><D119/><U18/><E75/><V74/><F74/><W113/><G113/><T45/><D127/><U80/><E2/><V50/><F31/><W82/><G82/><N who="0" m="47175" /><D56/><U92/><E38/><V24/><F24/><W79/><G79/><T35/><D35/><U128/><E133/><V12/><F62/><W30/><G39/><T72/><D72/><U130/><E68/><V124/><F69/><W118/><G118/><T106/><D21/><U16/><E100/><V6/><F124/><W19/><G32/><T57/><D57/><U47/><E47/><N who="0" m="17929" /><D102/><U117/><E117/><V8/><F134/><W94/><G121/><T61/><D61/><U51/><E51/><V70/><F70/><W135/><G123/><T105/><D22/><U48/><E48/><V53/><F50/><W122/><G135/><T90/><D90/><N who="1" m="51527" /><E18/><V29/><F29/><N who="3" m="11371" /><G122/><T73/><D73/><U20/><E20/><V10/><F49/><W25/><G19/><T125/><D125/><U60/><E60/><V115/><F115/><W89/><G25/><AGARI ba="0,0" hai="16,23,25,65,66,87,88,92,128,130,131" m="51527" machi="25" ten="30,3900,0" yaku="19,1,54,2" doraHai="55" who="1" fromWho="3" sc="219,0,199,39,363,0,219,-39" /><INIT seed="3,0,0,1,4,73" ten="219,238,363,180" oya="3" hai0="110,120,116,84,50,57,135,83,123,70,32,21,86" hai1="27,60,46,77,30,100,107,85,134,128,72,93,14" hai2="41,114,59,115,23,58,48,52,68,11,22,122,63" hai3="96,104,51,33,133,71,35,79,0,28,34,8,12"/><W39/><G39/><T43/><D32/><U2/><E2/><V127/><F68/><W20/><G133/><T47/><D70/><U81/><E134/><V94/><F41/><W26/><G71/><T111/><D116/><U75/><E128/><V82/><F127/><W124/><G79/><N who="0" m="46207" /><D135/><U65/><E107/><V89/><F122/><W112/><G112/><T91/><D21/><U9/><E46/><V31/><F82/><W103/><G124/><T92/><D57/><U1/><E1/><V7/><F31/><W130/><G130/><T90/><D90/><U56/><E93/><V129/><F129/><W118/><G118/><T101/><D101/><U64/><E64/><V131/><F131/><W54/><G0/><T119/><D119/><U5/><REACH who="1" step="1"/><E100/><REACH who="1" ten="219,228,363,180" step="2"/><V132/><F94/><W49/><REACH who="3" step="1"/><G54/><REACH who="3" ten="219,228,363,170" step="2"/><T62/><D120/><U126/><E126/><V88/><F52/><W6/><AGARI ba="0,2" hai="6,8,12,20,26,28,33,34,35,49,51,96,103,104" machi="6" ten="30,11700,0" yaku="1,1,2,1,0,1,53,1" doraHai="73" doraHaiUra="19" who="3" fromWho="3" sc="219,-39,228,-39,363,-39,170,137" /><INIT seed="3,1,0,4,2,10" ten="180,189,324,307" oya="3" hai0="112,83,53,73,111,55,78,63,68,104,20,97,66" hai1="118,35,65,5,14,40,110,38,39,94,7,69,122" hai2="12,72,54,41,2,96,115,57,11,100,49,86,116" hai3="23,113,37,21,61,85,59,80,71,33,79,99,51"/><W95/><G37/><T6/><D111/><U47/><E122/><V102/><F72/><W34/><G71/><T117/><D117/><U58/><E35/><V114/><F2/><W89/><G113/><T131/><D131/><U87/><E118/><V93/><F116/><W24/><G51/><T132/><D132/><U0/><E0/><V50/><F102/><W62/><G21/><T25/><D6/><U76/><E69/><V77/><F77/><W30/><G61/><T134/><D134/><U48/><E110/><V106/><F106/><W52/><AGARI ba="1,0" hai="23,24,30,33,34,52,59,62,79,80,85,89,95,99" machi="52" ten="20,3900,0" yaku="0,1,7,1,54,1" doraHai="10" who="3" fromWho="3" sc="180,-14,189,-14,324,-14,307,42" owari="166,-33.4,175,-22.5,310,11.0,349,44.9" /></mjloggm>