<mjloggm ver="2.3"><GO type="225" lobby="0"/><UN n0="%E8%B6%85%E7%B4%9A%E9%B3%B3%E5%87%B0" n1="%E3%82%A2%E3%83%BC%E3%83%A2%E3%83%AD%E3%83%BC%E3%83%B4%E3%82%A1" n2="%E3%83%81%E3%83%AF%E3%83%AF%E9%9A%8A%E9%95%B7" n3="%E3%81%B5%E3%81%98%E3%81%8B%E3%81%A4" dan="17,16,16,17" rate="2170.78,2103.06,2085.61,2214.52" sx="F,M,M,M"/><TAIKYOKU oya="0"/><INIT seed="0,0,0,2,5,77" ten="250,250,250,250" oya="0" hai0="82,131,105,58,96,11,30,12,48,100,31,20,59" hai1="98,110,46,0,114,40,47,116,21,95,121,103,71" hai2="88,27,70,9,2,45,17,93,135,107,19,97,50" hai3="125,68,41,128,106,3,83,101,52,16,38,8,26"/><T129/><D58/><U10/><E116/><V39/><F39/><W5/><G125/><T14/><D30/><U69/><E121/><V53/><F70/><W67/><G128/><N who="0" m="49227" /><D11/><U32/><E32/><V6/><F135/><W74/><G106/><T127/><D127/><U112/><E110/><V76/><F107/><W51/><G101/><T84/><D59/><U1/><E21/><V86/><F27/><W81/><G74/><T134/><D134/><U37/><E47/><V34/><F34/><W29/><G38/><T60/><D60/><U115/><REACH who="1" step="1"/><E10/><REACH who="1" ten="250,240,250,250" step="2"/><V118/><F118/><W25/><G41/><T61/><D20/><U117/><E117/><V55/><F45/><W120/><G120/><T36/><D31/><U18/><E18/><V85/><F17/><W111/><G111/><T124/><D124/><U73/><E73/><V49/><F19/><W89/><G16/><T28/><D28/><U92/><E92/><V72/><F72/><W57/><G26/><T66/><D105/><U13/><E13/><V80/><F9/><W43/><G43/><T24/><D12/><U119/><E119/><V7/><F2/><AGARI ba="0,1" hai="0,1,2,37,40,46,69,71,95,98,103,112,114,115" machi="2" ten="50,3200,0" yaku="1,1,11,1,53,0" doraHai="77" doraHaiUra="113" who="1" fromWho="2" sc="250,0,240,42,250,-32,250,0" /><INIT seed="1,0,0,2,2,8" ten="250,282,218,250" oya="1" hai0="107,16,41,4,96,7,27,112,20,66,43,47,48" hai1="120,90,99,95,26,77,51,21,12,52,68,63,18" hai2="110,83,74,62,31,86,64,123,60,73,119,109,79" hai3="121,17,54,0,122,49,37,29,133,3,115,56,81"/><U50/><E120/><V129/><F123/><W72/><G115/><T42/><D112/><U40/><E77/><V19/><F119/><W104/><G37/><T87/><D66/><U65/><E40/><V127/><F129/><W24/><G104/><T2/><D87/><U89/><E50/><V46/><F127/><W13/><G133/><T106/><D2/><U44/><REACH who="1" step="1"/><E26/><REACH who="1" ten="250,272,218,250" step="2"/><V38/><F38/><W91/><G122/><T132/><D132/><U32/><E32/><V125/><F79/><W93/><G121/><T28/><D42/><U111/><E111/><V67/><F109/><W98/><G72/><T11/><D43/><U34/><E34/><V45/><F110/><W84/><G24/><T10/><D41/><U134/><E134/><V69/><F73/><W36/><G36/><T6/><D48/><U35/><E35/><V113/><F74/><W61/><G49/><T70/><D27/><U9/><E9/><V88/><F113/><W33/><G33/><T135/><D11/><U76/><E76/><V57/><F125/><W102/><REACH who="3" step="1"/><G29/><REACH who="3" ten="250,272,218,240" step="2"/><T5/><D28/><U22/><E22/><AGARI ba="0,2" hai="0,3,13,17,22,54,56,61,81,84,91,93,98,102" machi="22" ten="30,7700,0" yaku="1,1,2,1,7,1,52,1,53,0" doraHai="8" doraHaiUra="114" who="3" fromWho="1" sc="250,0,272,-77,218,0,240,97" /><INIT seed="2,0,0,1,5,117" ten="250,195,218,337" oya="2" hai0="33,114,126,127,70,119,2,109,94,64,88,3,13" hai1="72,134,68,66,54,58,116,4,98,75,40,15,1" hai2="99,102,108,63,29,73,56,132,92,118,128,44,85" hai3="8,50,112,31,23,35,96,41,129,105,86,9,10"/><V111/><F73/><W59/><G129/><T51/><D114/><U30/><E116/><V19/><F118/><W67/><G112/><T121/><D119/><U49/><E134/><V84/><F132/><W24/><G86/><T80/><D33/><U101/><E1/><V90/><F128/><W25/><G105/><T89/><D109/><N who="2" m="42058" /><F29/><W45/><G96/><T122/><D51/><U103/><E103/><V83/><F44/><W77/><G77/><T57/><D70/><U0/><E0/><V20/><F83/><W22/><REACH who="3" step="1"/><G25/><REACH who="3" ten="250,195,218,327" step="2"/><T26/><D26/><U38/><E72/><V110/><F110/><W46/><G46/><T36/><D80/><U21/><E75/><V17/><F84/><W65/><G65/><T95/><D64/><U97/><E97/><V113/><F113/><W107/><G107/><T37/><REACH who="0" step="1"/><D13/><REACH who="0" ten="240,195,218,327" step="2"/><U81/><E81/><V104/><F104/><W12/><G12/><T125/><D125/><U106/><E66/><V43/><F92/><W78/><G78/><T34/><D34/><U28/><E15/><V48/><F102/><W124/><G124/><T100/><D100/><U32/><E32/><V93/><F93/><W123/><G123/><T82/><D82/><U74/><E74/><V5/><F90/><W42/><G42/><T79/><D79/><U27/><E40/><V130/><F43/><W131/><G131/><T39/><D39/><U18/><E38/><V71/><F130/><W62/><AGARI ba="0,2" hai="8,9,10,22,23,24,31,35,41,45,50,59,62,67" machi="62" ten="30,4000,0" yaku="1,1,0,1,53,1" doraHai="117" doraHaiUra="60" who="3" fromWho="3" sc="240,-10,195,-10,218,-20,327,60" /><INIT seed="3,0,0,2,2,93" ten="230,185,198,387" oya="3" hai0="22,67,26,70,79,21,102,108,47,99,0,126,119" hai1="25,48,5,10,40,133,29,61,66,82,14,110,121" hai2="12,23,31,64,72,76,125,115,90,132,88,65,83" hai3="98,37,106,11,30,103,63,109,120,130,97,32,56"/><W127/><G120/><T55/><D119/><U95/><E121/><V49/><F115/><W3/><G127/><T68/><D0/><U78/><E110/><V39/><F39/><W35/><G109/><T34/><D108/><U19/><E133/><V92/><F125/><W69/><G130/><T94/><D126/><U91/><E5/><V27/><F132/><W8/><G69/><T84/><D34/><U129/><E129/><V111/><F111/><W60/><G37/><T2/><D2/><U71/><E48/><V18/><F49/><W6/><G11/><T85/><D79/><U104/><E104/><V1/><F1/><W52/><G30/><T24/><D47/><U57/><E40/><V33/><REACH who="2" step="1"/><F90/><REACH who="2" ten="230,185,188,387" step="2"/><W7/><G3/><T38/><D38/><U16/><E71/><V100/><F100/><W77/><G103/><T15/><D70/><U89/><E19/><V41/><F41/><W118/><G118/><T4/><D68/><U50/><E50/><V45/><F45/><W116/><G116/><T54/><D102/><U36/><E36/><V74/><F74/><W131/><G131/><T113/><D113/><U53/><E66/><V13/><F13/><W43/><G43/><T9/><D67/><U112/><E112/><V96/><AGARI ba="0,1" hai="12,18,23,27,31,33,64,65,72,76,83,88,92,96" machi="96" ten="20,8000,1" yaku="1,1,0,1,7,1,52,1,54,1,53,0" doraHai="93" doraHaiUra="80" who="2" fromWho="2" sc="230,-20,185,-20,188,90,387,-40" owari="210,-19.0,165,-33.5,278,7.8,347,44.7" /></mjloggm>