<mjloggm ver="2.3"><GO type="225" lobby="0"/><UN n0="%72%69%6F%75%63%68%61%6E" n1="%E3%82%AF%E3%82%A3%E3%82%A6" n2="%E3%81%82%E3%81%99%E3%81%AB%E3%82%83%E3%82%80" n3="%E8%BE%9B%E5%8F%A3%E3%82%AB%E3%83%AC%E3%83%BC%E3%83%A9%E3%82%A4%E3%82%B9" dan="16,16,16,17" rate="2145.23,2078.82,2096.94,2240.60" sx="M,M,F,M"/><TAIKYOKU oya="0"/><INIT seed="0,0,0,2,2,118" ten="250,250,250,250" oya="0" hai0="72,131,107,20,97,73,43,64,120,42,46,125,33" hai1="65,121,132,9,63,95,71,93,60,10,106,27,55" hai2="11,23,17,92,49,40,123,119,127,116,58,24,114" hai3="108,94,87,113,29,25,36,82,38,3,48,4,128"/><T59/><D120/><U76/><E106/><V129/><F114/><W34/><G113/><T126/><D33/><U70/><E132/><V134/><F134/><W89/><G108/><T19/><D131/><U91/><E76/><V54/><F129/><W90/><G128/><T133/><D133/><U99/><E27/><V26/><F127/><N who="0" m="48650" /><D64/><U112/><E112/><V0/><F40/><N who="0" m="15402" /><D46/><U47/><E121/><V28/><F123/><W15/><G3/><T88/><D59/><U32/><E32/><V117/><F92/><W101/><G101/><N who="0" m="62895" /><D88/><U75/><E47/><V67/><F67/><W80/><G48/><T56/><D56/><U37/><E55/><V2/><REACH who="2" step="1"/><F11/><REACH who="2" ten="250,250,240,250" step="2"/><W39/><REACH who="3" step="1"/><G89/><REACH who="3" ten="250,250,240,240" step="2"/><T96/><D96/><U83/><E91/><V103/><F103/><W51/><G51/><T50/><D50/><U66/><E9/><AGARI ba="0,2" hai="4,9,15,25,29,34,36,38,39,80,82,87,90,94" machi="9" ten="40,2600,0" yaku="1,1,53,1" doraHai="118" doraHaiUra="7" who="3" fromWho="1" sc="250,0,250,-26,240,0,240,46" /><INIT seed="1,0,0,4,1,98" ten="250,224,240,286" oya="1" hai0="91,20,128,132,117,41,119,76,47,83,78,33,31" hai1="6,131,67,106,69,81,127,63,82,19,12,10,113" hai2="28,104,99,54,45,25,111,110,59,123,51,95,5" hai3="4,79,93,115,29,30,112,71,102,8,135,7,73"/><U130/><E113/><V18/><F104/><W134/><G71/><T88/><D128/><N who="1" m="49195" /><E106/><V50/><F5/><N who="3" m="2123" /><G79/><T75/><D132/><N who="3" m="50729" /><G73/><T96/><D33/><U16/><E127/><V101/><F18/><AGARI ba="0,0" hai="6,10,12,16,18,19,63,67,69,81,82" m="49195" machi="18" ten="30,2900,0" yaku="19,1,54,1" doraHai="98" who="1" fromWho="2" sc="250,0,224,29,240,-29,286,0" /><INIT seed="1,1,0,5,3,3" ten="250,253,211,286" oya="1" hai0="38,47,16,63,59,10,91,52,98,15,39,127,126" hai1="74,117,22,119,84,57,45,4,46,61,124,133,14" hai2="71,76,88,103,105,67,83,130,132,97,93,34,111" hai3="118,129,55,11,41,115,106,96,135,42,122,58,32"/><U43/><E74/><N who="2" m="43415" /><F67/><W64/><G122/><T23/><D47/><U116/><E124/><N who="0" m="47657" /><D23/><U95/><E133/><V56/><F56/><W20/><G115/><T31/><D31/><U109/><E109/><V107/><F71/><W90/><G32/><T37/><D98/><U100/><E43/><V77/><F34/><W104/><G64/><T79/><D91/><U86/><E100/><N who="2" m="62607" /><F111/><W0/><G20/><T78/><AGARI ba="1,0" hai="10,15,16,37,38,39,52,59,63,78,79" m="47657" machi="78" ten="40,5200,0" yaku="18,1,54,2" doraHai="3" who="0" fromWho="0" sc="250,55,253,-27,211,-14,286,-14" /><INIT seed="2,0,0,3,5,127" ten="305,226,197,272" oya="2" hai0="21,12,1,52,88,130,102,17,96,26,40,81,104" hai1="31,107,41,79,118,69,13,24,43,126,53,23,35" hai2="115,46,82,90,25,132,67,100,64,106,92,86,131" hai3="122,85,84,61,91,36,2,93,134,44,117,51,15"/><V101/><F115/><W109/><G2/><T57/><D130/><U29/><E107/><V63/><F132/><W59/><G117/><T49/><D1/><U68/><E118/><V135/><F135/><W71/><G122/><T113/><D113/><U133/><E133/><V110/><F110/><W5/><G134/><T121/><D121/><U42/><E126/><V10/><F131/><W83/><G36/><T98/><D40/><U22/><E53/><V11/><F106/><W124/><G71/><T55/><D55/><U87/><E35/><V119/><F119/><W120/><G109/><T77/><D98/><U4/><E4/><V97/><F101/><W58/><G120/><T32/><D32/><U48/><E48/><V76/><F76/><W75/><G75/><T108/><D108/><U112/><E112/><V19/><F46/><W99/><G85/><T50/><D88/><U37/><E37/><V9/><REACH who="2" step="1"/><F63/><REACH who="2" ten="305,226,187,272" step="2"/><W38/><G61/><T105/><D104/><U116/><E116/><V28/><F28/><W33/><G44/><T62/><REACH who="0" step="1"/><D26/><REACH who="0" ten="295,226,187,272" step="2"/><U27/><REACH who="1" step="1"/><E13/><REACH who="1" ten="295,216,187,272" step="2"/><V129/><F129/><W70/><G15/><T7/><D7/><U74/><E74/><AGARI ba="0,3" hai="12,17,21,49,50,52,57,62,74,77,81,96,102,105" machi="74" ten="30,3900,0" yaku="1,1,7,1,54,1,53,0" doraHai="127" doraHaiUra="6" who="0" fromWho="1" sc="295,69,216,-39,187,0,272,0" /><INIT seed="3,0,0,0,4,107" ten="364,177,187,272" oya="3" hai0="8,132,111,15,87,90,35,22,24,77,5,129,102" hai1="134,13,36,100,80,122,125,123,91,6,69,86,46" hai2="66,110,67,106,97,41,108,82,75,21,49,74,94" hai3="56,99,68,26,130,12,54,50,128,11,104,71,3"/><W4/><G3/><T58/><D111/><N who="2" m="42538" /><F106/><W83/><G26/><T121/><D121/><U17/><E69/><V116/><F116/><W37/><G37/><T114/><D129/><N who="3" m="49769" /><G83/><T105/><D132/><U28/><E134/><V18/><F82/><W31/><G31/><T78/><D114/><U119/><E119/><V88/><F41/><W57/><G57/><T33/><D105/><U0/><E125/><V118/><F118/><W85/><G85/><T45/><D102/><AGARI ba="0,0" hai="4,11,12,50,54,56,68,71,99,102,104" m="49769" machi="102" ten="30,1500,0" yaku="19,1" doraHai="107" who="3" fromWho="0" sc="364,-15,177,0,187,0,272,15" /><INIT seed="3,1,0,3,0,11" ten="349,177,187,287" oya="3" hai0="67,6,32,25,8,121,93,122,42,118,37,23,99" hai1="96,131,117,36,31,88,123,130,20,125,35,50,92" hai2="126,124,83,87,106,58,76,69,59,16,48,28,41" hai3="49,39,19,64,2,3,97,14,107,133,40,119,54"/><W134/><G119/><T116/><D32/><U61/><E123/><V127/><F69/><W0/><G64/><T5/><D67/><U9/><E36/><V22/><F28/><W86/><G39/><T18/><D5/><U57/><E117/><V128/><F106/><W102/><G40/><T24/><D116/><U111/><E111/><V12/><F128/><N who="1" m="49193" /><E125/><V30/><F30/><W52/><G86/><T135/><D25/><N who="1" m="18927" /><E50/><V53/><F41/><W47/><REACH who="3" step="1"/><G54/><REACH who="3" ten="349,177,187,277" step="2"/><T114/><D42/><U73/><E73/><V33/><F33/><W115/><G115/><T120/><D37/><U94/><E94/><V98/><F98/><W109/><G109/><T110/><D99/><U29/><E9/><AGARI ba="1,1" hai="0,2,3,9,14,19,47,49,52,97,102,107,133,134" machi="9" ten="40,7700,0" yaku="1,1,52,1,54,1,53,0" doraHai="11" doraHaiUra="62" who="3" fromWho="1" sc="349,0,177,-80,187,0,277,90" owari="349,14.9,97,-40.3,187,-21.3,367,46.7" /></mjloggm>