<mjloggm ver="2.3"><GO type="225" lobby="0"/><UN n0="%E7%AD%89%E3%80%85%E5%8A%9B%E5%8A%87%E5%A0%B4" n1="%E8%BE%9B%E5%8F%A3%E3%82%AB%E3%83%AC%E3%83%BC%E3%83%A9%E3%82%A4%E3%82%B9" n2="%E3%81%86%E3%83%BC%E3%81%B1%E3%83%BC" n3="%6D%75%75%6D%75%72%61" dan="16,16,16,16" rate="2120.08,2190.34,2104.19,2203.32" sx="M,M,M,F"/><TAIKYOKU oya="0"/><INIT seed="0,0,0,2,5,0" ten="250,250,250,250" oya="0" hai0="123,35,45,68,11,79,21,3,64,26,108,81,62" hai1="50,48,40,96,28,124,109,95,82,78,122,134,58" hai2="125,20,67,113,131,120,88,12,105,104,111,118,60" hai3="114,116,29,5,24,92,110,47,2,127,42,102,17"/><T70/><D123/><U98/><E122/><V57/><F120/><W19/><G114/><T74/><D108/><U22/><E109/><V121/><F113/><W18/><G116/><T103/><D35/><U86/><E134/><V8/><F111/><W1/><G110/><T91/><D103/><U66/><E124/><V30/><F121/><W51/><G127/><T72/><D91/><U84/><E84/><V133/><F133/><W59/><G59/><T37/><D72/><U52/><E66/><V36/><F36/><W14/><G1/><T115/><D115/><U129/><E129/><V107/><F131/><W23/><G102/><T97/><D97/><U7/><E7/><V61/><F61/><W76/><G92/><T55/><D70/><U41/><E48/><V63/><F63/><W100/><G100/><T87/><D74/><U128/><E128/><V43/><F43/><N who="1" m="16457" /><E95/><V85/><F118/><W75/><G75/><T39/><D45/><U73/><E73/><V65/><F65/><W77/><REACH who="3" step="1"/><G2/><REACH who="3" ten="250,250,250,240" step="2"/><T83/><D3/><U89/><E89/><V69/><F125/><W44/><G44/><T16/><D68/><U54/><E54/><V53/><F69/><W71/><G71/><T112/><D55/><U99/><E99/><V33/><F53/><W13/><G13/><T117/><D112/><U90/><E90/><V32/><F88/><W126/><G126/><T135/><D117/><U130/><E130/><V93/><F93/><W15/><G15/><T27/><D135/><U38/><E38/><V101/><F101/><W34/><G34/><N who="2" m="13417" /><F107/><W119/><G119/><RYUUKYOKU ba="0,1" sc="250,-15,250,15,250,-15,240,15" hai1="22,28,50,52,58,78,82,86,96,98" hai3="5,14,17,18,19,23,24,29,42,47,51,76,77" /><INIT seed="1,1,1,1,3,128" ten="235,265,235,255" oya="1" hai0="38,24,3,77,35,21,60,91,120,94,133,79,41" hai1="9,54,70,31,8,32,52,17,131,45,83,64,34" hai2="71,102,18,5,104,61,28,26,51,75,72,50,92" hai3="123,112,25,116,134,29,12,13,55,0,84,7,16"/><U6/><E131/><V10/><F92/><W43/><G123/><T53/><D3/><U103/><E103/><V82/><F18/><W109/><G112/><T66/><D35/><U58/><E70/><V78/><F75/><W130/><G130/><T30/><D120/><U73/><E31/><V99/><F10/><W2/><G109/><T1/><D1/><U56/><E64/><N who="2" m="41359" /><F5/><W97/><G43/><T129/><D129/><U95/><E45/><V20/><F20/><N who="3" m="11271" /><G84/><T121/><D121/><U76/><E17/><V89/><F89/><W39/><G39/><T36/><D36/><U37/><E37/><V11/><F11/><N who="3" m="4351" /><G55/><T135/><D53/><U111/><E111/><V33/><AGARI ba="1,1" hai="26,28,33,50,51,72,78,82,99,102,104" m="41359" machi="33" ten="30,1100,0" yaku="25,1" doraHai="128" who="2" fromWho="2" sc="235,-4,265,-6,235,24,255,-4" /><INIT seed="2,0,0,2,4,47" ten="231,259,259,251" oya="2" hai0="99,102,62,34,63,91,24,83,119,14,69,112,41" hai1="26,70,81,48,33,103,11,87,10,89,57,28,25" hai2="66,132,123,120,46,44,93,115,51,125,5,100,109" hai3="118,134,43,124,35,96,23,21,108,114,95,110,7"/><V85/><F115/><W37/><G118/><T39/><D112/><U105/><E70/><V38/><F125/><W65/><G114/><T4/><D69/><U127/><E127/><V36/><F132/><W13/><G124/><T42/><D34/><U6/><E26/><V78/><F109/><N who="3" m="42091" /><G35/><T107/><D24/><U82/><E82/><V74/><F66/><W71/><G134/><T101/><D101/><U135/><E135/><V126/><F126/><W76/><G76/><T122/><D122/><U97/><REACH who="1" step="1"/><E6/><REACH who="1" ten="231,249,259,251" step="2"/><V84/><F5/><W113/><G113/><T32/><D83/><U128/><E128/><V58/><F123/><W0/><G71/><T111/><D4/><U20/><E20/><V12/><F120/><W29/><G23/><T130/><D130/><U133/><E133/><V49/><F74/><W104/><G7/><T116/><D111/><U22/><E22/><V18/><F18/><W50/><G21/><T55/><D32/><U77/><E77/><V72/><F72/><W86/><G29/><T67/><D119/><U121/><E121/><V2/><F78/><W53/><G13/><T98/><D14/><U88/><E88/><V129/><F12/><W68/><G68/><T80/><D91/><U131/><E131/><V30/><F129/><W59/><G0/><T92/><D116/><U27/><E27/><V90/><F2/><W15/><G15/><T54/><D80/><U64/><E64/><V79/><F79/><W3/><G65/><T19/><D67/><U31/><E31/><V60/><F30/><W117/><G3/><T94/><D19/><RYUUKYOKU ba="0,1" sc="231,-10,249,30,259,-10,251,-10" hai1="10,11,25,28,33,48,57,81,87,89,97,103,105" /><INIT seed="3,1,1,5,4,68" ten="221,279,249,241" oya="3" hai0="26,55,86,81,131,121,117,50,42,99,128,78,27" hai1="31,48,53,52,7,90,87,130,20,110,112,12,104" hai2="107,3,60,22,91,67,62,118,96,113,1,88,16" hai3="63,32,8,57,21,56,6,11,59,124,49,15,115"/><W95/><G115/><T18/><D117/><U34/><E112/><V135/><F118/><W14/><G32/><T65/><D121/><U64/><E104/><V13/><F113/><W106/><G106/><T38/><D65/><U125/><E125/><V127/><F135/><W116/><G116/><T119/><D119/><U24/><E130/><N who="0" m="49705" /><D99/><U126/><E126/><V123/><F127/><W39/><G124/><T45/><D18/><U47/><E110/><V30/><F30/><W28/><G39/><T46/><AGARI ba="1,1" hai="26,27,38,42,45,46,50,55,78,81,86" m="49705" machi="46" ten="30,2000,0" yaku="19,1,52,1" doraHai="68" who="0" fromWho="0" sc="221,33,279,-6,249,-6,241,-11" /><INIT seed="4,0,0,5,2,6" ten="254,273,243,230" oya="0" hai0="111,115,49,116,46,57,114,89,1,26,95,61,5" hai1="124,54,48,42,122,21,75,0,56,18,16,86,32" hai2="107,119,72,79,129,64,39,14,37,135,92,76,123" hai3="133,117,87,38,7,17,31,96,8,25,19,3,101"/><T12/><D116/><U91/><E122/><V24/><F123/><W53/><G117/><T70/><D70/><U90/><E32/><V68/><F107/><W112/><G112/><T103/><D1/><U126/><E75/><V120/><F120/><W77/><G133/><T108/><D103/><U113/><E113/><N who="0" m="43017" /><D26/><U29/><E0/><V9/><F135/><W40/><G53/><T59/><D61/><U93/><E42/><V73/><F92/><W106/><G38/><T127/><D127/><N who="1" m="48683" /><E90/><V81/><F24/><AGARI ba="0,0" hai="16,18,21,24,29,48,54,56,86,91,93" m="48683" machi="24" ten="30,2000,0" yaku="18,1,54,1" doraHai="6" who="1" fromWho="2" sc="254,0,273,20,243,-20,230,0" /><INIT seed="5,0,0,4,3,37" ten="254,293,223,230" oya="1" hai0="64,23,127,111,62,17,7,59,78,87,96,44,103" hai1="61,122,22,38,130,33,86,115,25,46,102,32,104" hai2="6,101,9,18,1,63,19,29,26,56,79,16,90" hai3="105,126,99,82,58,71,11,91,133,76,88,21,110"/><U113/><E122/><V77/><F101/><W75/><G110/><T60/><D111/><U69/><E130/><V129/><F129/><W68/><G126/><T106/><D127/><U5/><E5/><V97/><F97/><W0/><G133/><T45/><D7/><U54/><E86/><V36/><F36/><W40/><G0/><T55/><D78/><U73/><E73/><V94/><F94/><W53/><G11/><T3/><D87/><U14/><E14/><V135/><F90/><W125/><G125/><T121/><D3/><U89/><E89/><V30/><F135/><W81/><G40/><T117/><D117/><U84/><E84/><V65/><REACH who="2" step="1"/><F29/><REACH who="2" ten="254,293,213,230" step="2"/><W51/><G91/><T34/><D96/><U108/><E102/><V24/><F24/><W13/><G105/><T134/><D106/><U41/><E108/><V124/><F124/><W49/><G82/><T118/><D103/><U112/><E104/><V48/><F48/><W116/><G49/><T52/><D134/><U72/><E25/><V120/><F120/><W43/><G116/><T123/><D118/><U92/><E92/><V93/><F93/><W15/><G99/><T28/><D28/><U57/><E38/><V114/><F114/><W131/><G88/><T107/><D107/><U20/><E113/><V12/><F12/><W83/><G131/><T95/><D95/><U80/><E112/><V8/><F8/><W2/><G83/><T35/><D123/><U47/><E115/><V39/><F39/><W4/><G13/><N who="0" m="9647" /><D121/><U66/><E80/><V31/><F31/><W119/><G119/><RYUUKYOKU ba="0,1" sc="254,-10,293,-10,213,30,230,-10" hai2="1,6,9,16,18,19,26,30,56,63,65,77,79" /><INIT seed="6,1,1,2,1,11" ten="244,283,243,220" oya="2" hai0="121,107,106,9,26,4,36,135,126,84,69,77,45" hai1="27,14,41,17,21,63,58,125,35,74,43,117,120" hai2="96,1,108,95,76,6,10,88,86,0,82,18,102" hai3="92,124,28,61,49,60,32,97,127,131,71,67,99"/><V7/><F108/><W104/><G131/><T16/><D121/><U3/><E117/><V51/><F7/><W78/><G61/><T57/><D69/><U79/><E3/><V90/><F1/><W42/><G78/><T94/><D135/><U119/><E119/><V130/><F130/><W33/><G104/><T112/><D112/><U75/><E120/><V116/><F116/><W5/><G5/><T25/><D126/><N who="3" m="48169" /><G28/><T30/><D107/><U65/><E125/><V22/><F51/><W128/><G128/><T29/><D106/><U110/><E110/><V129/><REACH who="2" step="1"/><F129/><REACH who="2" ten="244,283,233,220" step="2"/><W70/><G70/><T118/><D4/><U64/><E75/><V34/><F34/><N who="3" m="13419" /><G92/><T133/><D94/><U50/><E74/><V19/><F19/><W56/><G71/><T81/><D16/><U73/><E73/><V59/><F59/><W101/><G101/><T132/><D57/><U52/><E58/><V111/><F111/><W62/><G62/><T98/><D118/><U113/><E50/><V54/><F54/><W68/><G42/><T47/><D30/><U87/><E43/><V105/><F105/><W53/><AGARI ba="1,2" hai="49,53,56,60,67,68,97,99" m="13419,48169" machi="53" ten="40,1500,0" yaku="18,1" doraHai="11" who="3" fromWho="3" sc="244,-5,283,-5,233,-8,220,38" /><INIT seed="7,0,0,2,2,33" ten="239,278,225,258" oya="3" hai0="37,57,108,60,77,41,17,50,32,12,75,97,15" hai1="4,53,124,27,48,130,39,78,21,116,69,131,43" hai2="109,0,47,34,127,113,86,66,96,44,20,92,134" hai3="101,29,25,79,100,56,59,107,46,63,54,31,94"/><W3/><G107/><T90/><D108/><U91/><E69/><V114/><F109/><W117/><G117/><T51/><D32/><U65/><E116/><V126/><F34/><W26/><G79/><T111/><D111/><U40/><E124/><N who="2" m="47659" /><F86/><W128/><G128/><N who="1" m="49194" /><E78/><V14/><F66/><W87/><G46/><N who="2" m="17449" /><F134/><W82/><G3/><T106/><D37/><U71/><E39/><V8/><F20/><W36/><G36/><T30/><D41/><U76/><E65/><V81/><F81/><W129/><G129/><T80/><D30/><N who="3" m="11273" /><G59/><T1/><D1/><U38/><E43/><V89/><F14/><W58/><G58/><T6/><D15/><U45/><E40/><V83/><F83/><W118/><G118/><T132/><D132/><U68/><E68/><V122/><F122/><W74/><G74/><T24/><D24/><N who="3" m="9321" /><G82/><T115/><D80/><U28/><E27/><V55/><F55/><W110/><G110/><T18/><D75/><U105/><E53/><V22/><F22/><W103/><G87/><T98/><D77/><U119/><E76/><V62/><F62/><W84/><G84/><T93/><D60/><U70/><E38/><V121/><F121/><W85/><G85/><T35/><D35/><U5/><E28/><V67/><F67/><W125/><G125/><T10/><D115/><U120/><E120/><V9/><F0/><W88/><G94/><N who="0" m="56535" /><D106/><U16/><E105/><V19/><F9/><W112/><G112/><T42/><D42/><U2/><E119/><V7/><F19/><N who="0" m="7178" /><D57/><U64/><E2/><N who="2" m="119" /><F114/><W13/><G13/><T123/><D123/><RYUUKYOKU ba="0,0" sc="239,10,278,-30,225,10,258,10" hai0="6,10,12,50,51,93,98" hai2="89,92,96,113" hai3="54,56,63,88,100,101,103" /><INIT seed="7,1,0,5,0,5" ten="249,248,235,268" oya="3" hai0="23,62,76,86,101,97,93,16,11,3,67,54,13" hai1="96,95,106,88,73,131,125,38,111,112,8,6,52" hai2="71,89,124,110,30,41,103,7,82,46,107,98,102" hai3="108,51,19,0,64,83,114,17,36,115,24,84,134"/><W128/><G36/><T109/><D109/><U90/><E111/><V121/><F110/><W4/><G108/><T28/><D54/><U133/><E73/><V129/><F71/><W119/><G119/><T15/><D3/><U135/><E112/><N who="3" m="43050" /><G128/><T20/><D28/><U43/><E131/><V70/><F70/><W65/><G134/><N who="1" m="51210" /><E125/><V105/><F129/><W116/><G116/><T25/><D25/><U22/><E52/><V37/><F124/><W9/><G51/><T113/><D113/><U77/><E77/><V35/><F7/><W34/><G34/><T58/><D15/><N who="1" m="5527" /><E22/><V45/><F121/><W50/><G50/><T79/><D79/><U104/><E90/><V132/><F132/><W123/><G123/><T14/><D14/><U100/><E100/><V74/><F89/><N who="3" m="51359" /><G24/><T120/><D120/><U117/><E117/><V59/><F46/><AGARI ba="1,0" hai="38,43,46,88,95,96,104,106" m="5527,51210" machi="46" ten="30,3900,0" yaku="20,1,52,1,54,1" doraHai="5" who="1" fromWho="2" sc="249,0,248,42,235,-42,268,0" owari="249,-15.1,290,39.0,193,-30.7,268,6.8" /></mjloggm>