<mjloggm ver="2.3"><GO type="225" lobby="0"/><UN n0="%4C%4F%4C%49%54%41" n1="%E6%97%A5%E6%9B%9C%E6%97%A5%E3%82%88%E3%82%8A%E3%81%AE%E4%BD%BF%E8%80%85" n2="%E3%83%B4%E3%83%A0%EF%BC%99%E3%81%A6" n3="%E3%83%A9%E3%83%BC%E3%83%A1%E3%83%B3%E4%BA%94%E9%83%8E" dan="16,17,17,16" rate="2192.74,2180.71,2235.80,2074.53" sx="F,M,M,M"/><TAIKYOKU oya="0"/><INIT seed="0,0,0,4,4,38" ten="250,250,250,250" oya="0" hai0="1,30,133,13,54,62,14,100,87,121,4,70,35" hai1="107,50,131,57,82,75,48,68,37,63,46,33,114" hai2="125,31,25,41,113,79,116,42,94,52,132,20,88" hai3="27,135,81,106,97,69,53,72,134,16,10,127,26"/><T110/><D121/><U36/><E107/><V102/><F113/><W130/><G69/><T90/><D133/><N who="3" m="50697" /><G130/><T104/><D1/><U71/><E82/><V61/><F132/><W8/><G127/><T5/><D110/><U44/><E75/><V77/><F102/><N who="3" m="62799" /><G53/><T55/><D30/><U60/><E33/><V112/><F112/><W67/><G67/><T105/><D35/><U64/><E114/><V126/><F116/><W32/><G32/><T17/><D70/><U80/><E80/><V19/><F31/><W39/><G39/><N who="1" m="14922" /><E131/><V124/><F52/><W91/><G91/><T12/><D100/><U21/><E21/><V28/><F28/><W51/><G51/><N who="1" m="19498" /><E71/><V7/><F7/><W99/><G99/><T78/><D90/><U9/><E9/><N who="3" m="3690" /><G16/><T24/><D17/><U129/><E129/><V122/><F122/><W123/><G123/><T93/><D104/><U22/><E22/><V58/><F77/><AGARI ba="0,0" hai="26,27,72,77,81" m="3690,62799,50697" machi="77" ten="30,1000,0" yaku="20,1" doraHai="38" who="3" fromWho="2" sc="250,0,250,0,250,-10,250,10" /><INIT seed="1,0,0,0,5,88" ten="250,250,240,260" oya="1" hai0="82,15,86,64,104,41,91,13,28,5,43,58,54" hai1="32,89,87,120,78,96,97,3,102,31,16,44,56" hai2="84,128,121,101,59,124,22,60,57,74,11,93,9" hai3="85,29,73,69,8,111,52,68,53,19,24,130,127"/><U83/><E120/><V133/><F121/><W46/><G73/><T95/><D104/><U105/><E3/><V1/><F74/><W103/><G111/><T75/><D28/><U98/><E56/><V77/><F124/><W10/><G127/><T4/><D64/><U2/><E2/><V135/><F128/><W34/><G130/><T115/><D115/><U40/><E31/><V79/><F22/><W99/><G85/><T18/><D75/><U123/><E32/><V100/><F1/><W65/><G19/><T92/><D13/><U26/><E123/><V122/><F122/><W114/><G114/><T66/><D66/><U109/><E109/><V129/><F129/><W25/><G25/><T0/><D0/><U107/><E107/><V70/><F70/><W72/><G72/><T119/><D119/><U125/><E78/><V48/><F48/><W14/><G46/><T38/><D38/><U126/><E126/><V37/><F84/><W55/><G65/><T106/><D106/><U116/><E116/><V45/><F45/><W76/><G76/><T33/><D33/><U67/><E67/><V94/><F60/><W42/><G42/><N who="0" m="15883" /><D5/><U112/><E112/><V21/><F21/><W27/><G27/><T63/><D4/><U131/><E131/><V30/><F30/><W134/><G14/><T39/><D39/><AGARI ba="0,0" hai="9,11,37,39,57,59,77,79,93,94,100,101,133,135" machi="39" ten="25,6400,0" yaku="22,2,52,2" doraHai="88" who="2" fromWho="0" sc="250,-64,250,0,240,64,260,0" /><INIT seed="2,0,0,4,1,61" ten="186,250,304,260" oya="2" hai0="95,126,23,55,59,81,91,20,57,97,54,107,118" hai1="28,128,82,22,50,100,76,10,134,35,42,93,84" hai2="103,121,109,38,66,79,34,9,15,45,112,85,21" hai3="120,33,40,30,27,62,108,92,110,4,46,71,73"/><V102/><F112/><W44/><G120/><T16/><D126/><U132/><E35/><V99/><F34/><W58/><G71/><T106/><D118/><U105/><E105/><V6/><F121/><W123/><G123/><T77/><D23/><U39/><E39/><V0/><F109/><N who="3" m="42091" /><G73/><T75/><D57/><U26/><E128/><V67/><F38/><N who="3" m="21527" /><G46/><T80/><D80/><U86/><E10/><V51/><F0/><W52/><G92/><T131/><D131/><U7/><E7/><AGARI ba="0,0" hai="4,7,27,30,33,52,58,62" m="21527,42091" machi="7" ten="30,2000,0" yaku="14,1,54,1" doraHai="61" who="3" fromWho="1" sc="186,0,250,-20,304,0,260,20" /><INIT seed="3,0,0,1,3,92" ten="186,230,304,280" oya="3" hai0="89,120,44,102,88,108,26,80,53,33,61,37,123" hai1="107,41,40,105,98,60,117,87,97,11,51,50,1" hai2="115,25,127,128,32,96,8,113,68,17,19,125,18" hai3="73,43,65,134,119,133,29,55,42,118,67,111,47"/><W0/><G0/><T132/><D108/><U116/><E87/><V21/><F68/><W66/><G73/><T99/><D132/><N who="3" m="50793" /><G111/><T52/><D33/><U130/><E60/><V7/><F96/><N who="1" m="36969" /><E11/><V63/><F63/><W74/><G74/><T122/><D26/><U34/><E1/><N who="2" m="111" /><F32/><W38/><G29/><T3/><D3/><U131/><E34/><V91/><F91/><W85/><G42/><N who="1" m="16490" /><E50/><V101/><F101/><W86/><G55/><T75/><D37/><U70/><E51/><V13/><F128/><N who="1" m="49193" /><E70/><V72/><F72/><W71/><G71/><T58/><D44/><U78/><E78/><V64/><F64/><W28/><G85/><T110/><D53/><U124/><E124/><N who="2" m="47691" /><F18/><W12/><G86/><T2/><D2/><U84/><E84/><V57/><F57/><W31/><G12/><T24/><D24/><U45/><E45/><V36/><F36/><W56/><G56/><T59/><D59/><U6/><E6/><V69/><F69/><W79/><G79/><T112/><D110/><U81/><E81/><V10/><AGARI ba="0,0" hai="10,13,17,19,21,25,113,115" m="47691,111" machi="10" ten="30,4000,0" yaku="18,1,34,2" doraHai="92" who="2" fromWho="2" sc="186,-10,230,-10,304,40,280,-20" owari="176,-32.4,220,-18.0,344,44.4,260,6.0" /></mjloggm>