<mjloggm ver="2.3"><GO type="225" lobby="0"/><UN n0="%E9%89%A2%E5%B7%BB%E3%82%AC%E3%83%96" n1="%E8%81%B7%E6%A5%AD%E3%80%81%E9%A2%A8%32" n2="%73%75%7A%75%6D%65%33" n3="%6D%75%75%6D%75%72%61" dan="16,16,17,16" rate="2056.83,2164.67,2207.75,2230.72" sx="M,M,M,F"/><TAIKYOKU oya="0"/><INIT seed="0,0,0,2,3,132" ten="250,250,250,250" oya="0" hai0="42,133,125,9,67,88,10,107,25,26,5,16,52" hai1="100,91,112,22,54,31,57,35,83,123,51,62,41" hai2="113,85,110,93,102,12,121,6,124,49,19,82,63" hai3="66,92,20,77,98,108,55,71,80,14,38,128,13"/><T122/><D122/><U61/><E123/><V47/><F121/><W44/><G108/><T105/><D133/><U131/><E131/><V33/><F33/><W28/><G128/><T70/><D42/><U50/><E112/><V68/><F110/><W3/><G3/><T21/><D70/><U74/><E35/><V117/><F117/><W32/><G32/><T2/><D67/><U37/><E37/><V129/><F113/><W72/><G71/><T15/><D125/><U109/><E109/><V89/><F89/><W90/><G66/><T11/><D11/><U45/><E100/><V101/><F6/><W58/><G28/><T135/><D135/><U78/><E91/><V40/><F63/><W0/><G0/><T119/><D119/><U69/><E69/><V99/><F68/><W84/><G72/><T134/><D134/><U86/><E74/><V39/><F39/><W53/><G20/><T65/><D65/><U48/><E62/><V64/><F64/><W8/><G58/><T76/><D76/><U75/><E75/><V29/><F29/><W23/><G38/><T34/><D34/><U114/><E114/><V18/><F129/><W46/><G23/><T81/><D52/><N who="3" m="20041" /><G14/><T17/><REACH who="0" step="1"/><D25/><AGARI ba="0,0" hai="22,25,31,41,45,48,50,51,54,57,61,78,83,86" machi="25" ten="40,1300,0" yaku="8,1" doraHai="132" who="1" fromWho="0" sc="250,-13,250,13,250,0,250,0" /><INIT seed="1,0,0,5,4,81" ten="237,263,250,250" oya="1" hai0="34,28,49,79,128,37,100,20,105,27,86,74,88" hai1="5,26,94,1,98,122,17,41,116,72,55,22,104" hai2="87,12,75,11,56,50,68,118,99,102,124,132,66" hai3="114,51,125,53,112,95,30,101,9,42,36,84,73"/><U35/><E72/><V77/><F75/><W76/><G125/><T40/><D37/><U126/><E116/><V97/><F118/><W54/><G30/><T121/><D128/><U8/><E122/><V106/><F124/><W18/><G36/><T134/><D134/><U64/><E126/><V61/><F132/><W82/><G112/><T23/><D121/><U119/><E119/><V120/><F120/><W108/><G108/><T59/><D79/><U92/><E41/><V45/><F97/><N who="3" m="59583" /><G73/><T21/><D74/><U129/><E129/><V70/><F77/><W69/><G69/><T3/><D3/><U24/><E64/><V91/><F12/><N who="3" m="7439" /><G114/><T110/><D110/><U107/><E94/><V7/><F7/><W103/><G103/><T71/><D71/><U14/><E55/><V111/><F11/><W46/><AGARI ba="0,0" hai="42,46,51,53,54,76,82,84" m="7439,59583" machi="46" ten="30,2000,0" yaku="8,1,52,1" doraHai="81" who="3" fromWho="3" sc="237,-5,263,-10,250,-5,250,20" /><INIT seed="2,0,0,3,4,125" ten="232,253,245,270" oya="2" hai0="128,73,117,9,135,15,14,7,2,120,11,51,75" hai1="102,33,80,65,101,77,56,111,69,116,34,85,123" hai2="44,29,39,83,127,95,52,18,121,13,78,28,6" hai3="42,32,81,114,68,98,82,46,40,24,93,23,19"/><V92/><F121/><W59/><G68/><T45/><D120/><U76/><E111/><V134/><F134/><W118/><G118/><T109/><D135/><U119/><E123/><V50/><F39/><W63/><G114/><T8/><D109/><U49/><E69/><V108/><F108/><W88/><G32/><T30/><D117/><U74/><E33/><V79/><F6/><W90/><G90/><T70/><D70/><U1/><E34/><V124/><F124/><W132/><G132/><T62/><D62/><U115/><E1/><V105/><F105/><W66/><REACH who="3" step="1"/><G42/><REACH who="3" ten="232,253,245,260" step="2"/><T0/><D0/><U87/><E115/><V61/><F127/><W96/><G96/><T17/><D2/><U57/><E116/><V21/><F61/><W27/><G27/><T22/><D8/><U107/><E119/><V84/><F79/><W129/><G129/><T71/><D128/><U26/><E77/><V10/><F10/><W12/><G12/><T126/><D126/><U64/><E26/><V55/><F55/><W91/><G91/><T86/><D71/><U89/><E89/><V113/><F113/><W16/><G16/><T38/><D11/><U122/><E76/><V20/><F21/><W110/><G110/><T36/><D30/><AGARI ba="0,1" hai="13,18,20,28,29,30,44,50,52,78,83,84,92,95" machi="30" ten="40,3900,0" yaku="8,1,54,1" doraHai="125" who="2" fromWho="0" sc="232,-39,253,0,245,49,260,0" /><INIT seed="2,1,0,5,3,14" ten="193,253,294,260" oya="2" hai0="128,109,19,134,7,87,89,107,120,68,90,121,23" hai1="51,83,96,99,116,50,73,110,112,57,17,93,16" hai2="10,78,27,71,80,64,34,43,37,42,15,126,5" hai3="33,65,41,100,108,75,61,79,119,22,49,58,81"/><V94/><F126/><W66/><G33/><T26/><D107/><U20/><E112/><V36/><F94/><W52/><G119/><T125/><D68/><U1/><E116/><V106/><F106/><W117/><G117/><T62/><D109/><U29/><E1/><V47/><F43/><W111/><G100/><T115/><D115/><U31/><E110/><N who="3" m="42026" /><G22/><T130/><D125/><U104/><E104/><V76/><F76/><W131/><G131/><N who="0" m="50219" /><D7/><U74/><E20/><V18/><F64/><N who="3" m="24683" /><G41/><T24/><D62/><AGARI ba="1,0" hai="49,52,58,61,62,75,79,81" m="24683,42026" machi="62" ten="30,2000,0" yaku="14,1,54,1" doraHai="14" who="3" fromWho="0" sc="193,-23,253,0,294,0,260,23" /><INIT seed="3,0,0,2,1,44" ten="170,253,294,283" oya="3" hai0="73,48,104,77,58,105,0,79,97,32,119,110,89" hai1="26,40,55,114,132,63,24,16,126,76,95,122,9" hai2="52,117,11,23,102,33,6,101,134,13,103,29,2" hai3="85,20,106,111,81,107,34,69,49,4,59,51,42"/><W37/><G69/><T38/><D119/><U115/><E126/><V96/><F117/><W66/><G34/><T123/><D123/><U19/><E132/><V124/><F124/><W70/><G70/><T60/><D38/><U62/><E76/><V3/><F134/><W99/><G37/><T108/><D32/><U43/><E95/><V10/><F2/><W90/><G106/><T47/><D0/><U56/><E122/><V53/><F33/><W41/><G107/><T87/><D104/><U83/><E9/><N who="2" m="4279" /><F96/><W8/><G111/><N who="0" m="42539" /><D73/><U54/><REACH who="1" step="1"/><E56/><REACH who="1" ten="170,243,294,283" step="2"/><V84/><F3/><W94/><G8/><N who="2" m="3113" /><F84/><W64/><G4/><T80/><D105/><U22/><E22/><V128/><F128/><W27/><G59/><T133/><D133/><U21/><E21/><V82/><F82/><AGARI ba="0,1" hai="16,19,24,26,40,43,54,55,62,63,82,83,114,115" machi="82" ten="25,6400,0" yaku="1,1,22,2,54,1,53,0" doraHai="44" doraHaiUra="92" who="1" fromWho="2" sc="170,0,243,74,294,-64,283,0" owari="170,-33.0,317,41.7,230,-17.0,283,8.3" /></mjloggm>