<mjloggm ver="2.3"><GO type="225" lobby="0"/><UN n0="%E3%81%8B%E3%82%8F%E3%81%A1%E3%82%83%E3%82%93%35%38" n1="%73%6C%69%63%6B%33%31%39" n2="%6D%75%75%6D%75%72%61" n3="%63%68%78%62%64" dan="17,16,17,16" rate="2140.06,2096.11,2203.14,2149.06" sx="M,M,F,M"/><TAIKYOKU oya="0"/><INIT seed="0,0,0,4,3,6" ten="250,250,250,250" oya="0" hai0="24,106,48,110,36,75,131,46,135,133,18,37,10" hai1="82,96,98,5,103,59,113,134,52,40,3,117,9" hai2="86,55,67,1,26,109,123,119,69,17,104,43,11" hai3="101,127,100,132,76,65,84,126,61,47,91,2,32"/><T125/><D106/><U39/><E117/><V120/><F109/><W105/><G32/><T102/><D75/><U15/><E134/><N who="0" m="51209" /><D102/><U97/><E113/><V129/><F104/><W87/><G132/><T79/><D79/><U42/><E103/><V112/><F112/><W54/><G2/><T45/><D131/><U83/><E3/><V108/><F108/><W93/><G105/><T89/><D110/><U107/><E107/><V51/><F129/><W13/><G13/><N who="0" m="7479" /><D125/><N who="3" m="47625" /><G84/><T38/><D89/><U33/><E33/><V66/><F119/><W78/><G78/><T0/><D0/><U44/><REACH who="1" step="1"/><E40/><REACH who="1" ten="250,240,250,250" step="2"/><V14/><F43/><W8/><G101/><T72/><D72/><U50/><AGARI ba="0,1" hai="5,9,15,39,42,44,50,52,59,82,83,96,97,98" machi="50" ten="30,8000,1" yaku="1,1,2,1,0,1,52,1,54,1,53,0" doraHai="6" doraHaiUra="29" who="1" fromWho="1" sc="250,-40,240,90,250,-20,250,-20" /><INIT seed="1,0,0,0,0,93" ten="210,330,230,230" oya="1" hai0="13,23,129,50,37,72,48,20,92,32,106,3,5" hai1="43,132,113,40,128,125,123,131,116,1,135,24,30" hai2="26,61,98,39,90,16,95,54,25,94,133,56,107" hai3="130,55,9,17,102,76,75,111,12,28,100,46,91"/><U29/><E1/><V38/><F133/><N who="1" m="51273" /><E113/><V34/><F107/><W51/><G111/><T45/><D32/><U84/><E116/><V6/><F6/><W2/><G130/><N who="1" m="49706" /><E123/><V109/><F109/><W15/><G2/><T66/><D106/><U52/><E84/><V115/><F115/><W31/><G91/><T62/><D72/><U79/><E79/><V8/><F94/><W122/><G122/><T103/><D3/><U81/><E81/><V82/><F82/><W69/><G69/><T114/><D114/><U63/><E125/><V88/><F90/><W86/><G75/><T73/><D73/><U127/><E127/><V58/><F58/><W64/><G64/><T35/><D66/><U22/><E29/><N who="3" m="11338" /><G15/><T120/><D13/><U67/><E52/><V77/><F77/><W10/><G10/><T0/><D0/><U119/><E119/><V110/><F110/><W74/><G74/><T83/><D83/><AGARI ba="0,0" hai="9,12,17,46,51,55,76,83,86,100,102" m="11338" machi="83" ten="30,1000,0" yaku="8,1" doraHai="93" who="3" fromWho="0" sc="210,-10,330,0,230,0,230,10" /><INIT seed="2,0,0,3,4,22" ten="200,330,230,240" oya="2" hai0="68,11,128,61,126,117,134,2,122,28,131,79,17" hai1="130,74,69,59,31,23,106,0,60,72,125,84,96" hai2="14,57,93,127,18,35,20,4,95,8,32,76,49" hai3="133,112,86,47,73,16,77,78,58,5,119,135,33"/><V12/><F127/><W15/><G119/><T71/><D122/><U62/><E0/><V107/><F107/><W1/><G33/><T37/><D37/><U9/><E125/><V102/><F76/><W46/><G73/><T92/><D126/><U118/><E118/><V53/><REACH who="2" step="1"/><F93/><REACH who="2" ten="200,330,220,240" step="2"/><W56/><G78/><T26/><D79/><U109/><E106/><V52/><F52/><W91/><G77/><T100/><D117/><U110/><E72/><V38/><F38/><W129/><G112/><T45/><D92/><U89/><E74/><V90/><F90/><W27/><G91/><T82/><D82/><U55/><E89/><V83/><F83/><W21/><G133/><T111/><D134/><U121/><E55/><V124/><F124/><W88/><G135/><T44/><D100/><U113/><E113/><V81/><F81/><N who="3" m="49231" /><G129/><T30/><D128/><U75/><E130/><V43/><F43/><W132/><G132/><T6/><D131/><U3/><E75/><V116/><F116/><W34/><G34/><T115/><D115/><U98/><E98/><AGARI ba="0,1" hai="4,8,12,14,18,20,32,35,49,53,57,95,98,102" machi="98" ten="40,2000,0" yaku="1,1,53,0" doraHai="22" doraHaiUra="108" who="2" fromWho="1" sc="200,0,330,-20,220,30,240,0" /><INIT seed="2,1,0,4,5,97" ten="200,310,250,240" oya="2" hai0="50,66,106,42,74,87,62,101,116,9,35,109,38" hai1="37,48,14,129,21,17,117,40,82,5,77,119,133" hai2="112,31,118,90,16,100,26,23,45,52,102,92,114" hai3="73,123,80,85,78,33,86,124,20,30,132,56,2"/><V128/><F118/><W122/><G2/><T126/><D74/><U111/><E37/><V34/><F128/><W32/><G132/><T130/><D35/><U75/><E129/><V83/><F114/><W99/><G124/><T105/><D130/><U67/><E133/><V15/><F112/><W58/><G20/><T22/><D38/><U24/><E111/><V18/><F18/><W49/><G99/><T12/><D109/><U46/><E67/><V28/><F83/><W120/><G49/><T76/><D126/><U43/><E43/><V96/><REACH who="2" step="1"/><F31/><REACH who="2" ten="200,310,240,240" step="2"/><W63/><G30/><T10/><D116/><U59/><E117/><V54/><F54/><W113/><G113/><T65/><D65/><U89/><E119/><V125/><F125/><W103/><G120/><T11/><D66/><U51/><E17/><V57/><F57/><W110/><G58/><T95/><D42/><U36/><E59/><V72/><F72/><W4/><G110/><T68/><D68/><U94/><E82/><V131/><F131/><W19/><G122/><T84/><D9/><U91/><E75/><V39/><F39/><W44/><G123/><T79/><D10/><U0/><E36/><V108/><F108/><W47/><G56/><T53/><D11/><U6/><E6/><V98/><F98/><W3/><G4/><T135/><D135/><U60/><E5/><V127/><F127/><W69/><G19/><T70/><D70/><U104/><E40/><V27/><F27/><W13/><G69/><T81/><D53/><U93/><E24/><V25/><F25/><W61/><G73/><RYUUKYOKU ba="1,1" sc="200,-10,310,-10,240,30,240,-10" hai2="15,16,23,26,28,34,45,52,90,92,96,100,102" /><INIT seed="2,2,1,3,3,19" ten="190,300,270,230" oya="2" hai0="98,119,97,123,7,34,35,106,68,28,95,17,73" hai1="54,10,4,51,27,117,126,108,23,111,129,65,88" hai2="40,130,132,49,83,79,121,64,78,44,122,9,12" hai3="2,46,50,100,26,128,102,32,114,66,6,84,21"/><V8/><F130/><W47/><G32/><T87/><D123/><U118/><E129/><V5/><F132/><W69/><G128/><T15/><D73/><U86/><E65/><V92/><F79/><W43/><G114/><T16/><D68/><U71/><E71/><V25/><F64/><W125/><G125/><T133/><D133/><U45/><E126/><V13/><F92/><W72/><G72/><T24/><D35/><U75/><E75/><V120/><F25/><W81/><G2/><T80/><D119/><U22/><E117/><V124/><F124/><W74/><G6/><T104/><D17/><U113/><E113/><V62/><F62/><W76/><G74/><T63/><D63/><U33/><E33/><V67/><F67/><W57/><G69/><T36/><D36/><U30/><E23/><V53/><F53/><W38/><G57/><T93/><D7/><U91/><E118/><V134/><F134/><W112/><G66/><T96/><D104/><U11/><E91/><V55/><F55/><W99/><G99/><T37/><D37/><U135/><E135/><V0/><F9/><W131/><G131/><T109/><D106/><U56/><E56/><V116/><F116/><W1/><G1/><T58/><D58/><U115/><E115/><V61/><F61/><W101/><G112/><T127/><D127/><U48/><E48/><V14/><F0/><W18/><G102/><T90/><REACH who="0" step="1"/><D109/><REACH who="0" ten="180,300,270,230" step="2"/><N who="1" m="42059" /><E4/><V110/><F110/><W39/><G39/><T103/><D103/><U107/><E107/><V52/><F120/><W59/><G59/><T70/><D70/><RYUUKYOKU ba="2,2" sc="180,10,300,10,270,-30,230,10" hai0="15,16,24,28,34,80,87,90,93,95,96,97,98" hai1="10,11,22,27,30,45,51,54,86,88" hai3="18,21,26,38,43,46,47,50,76,81,84,100,101" /><INIT seed="3,3,2,5,0,93" ten="190,310,240,240" oya="3" hai0="23,27,100,51,67,92,9,12,73,77,98,83,112" hai1="75,17,84,68,80,94,5,18,34,104,21,131,89" hai2="91,35,29,117,64,87,25,38,125,135,116,127,63" hai3="82,43,33,53,123,46,105,130,14,57,119,96,122"/><W74/><G119/><T107/><D112/><U70/><E34/><V133/><F38/><W41/><G33/><T59/><D107/><U124/><E104/><V72/><F72/><W78/><G130/><T69/><D69/><U45/><E131/><V48/><F48/><W40/><G46/><T56/><D67/><U3/><E124/><N who="2" m="47691" /><F117/><W66/><G66/><T126/><D51/><U71/><E45/><V95/><F116/><W121/><G14/><T103/><D103/><U54/><E54/><V26/><F26/><W49/><REACH who="3" step="1"/><G41/><REACH who="3" ten="190,310,240,230" step="2"/><T47/><D47/><U79/><E3/><V118/><F118/><W44/><G44/><T115/><D126/><U60/><E5/><V10/><F35/><W62/><G62/><T108/><D115/><U16/><REACH who="1" step="1"/><E60/><REACH who="1" ten="190,300,240,230" step="2"/><V111/><F63/><W88/><G88/><T20/><D108/><U30/><E30/><V132/><F111/><W106/><G106/><T58/><REACH who="0" step="1"/><D27/><AGARI ba="3,4" hai="16,17,18,21,27,68,70,71,75,79,80,84,89,94" machi="27" ten="40,2600,0" yaku="1,1,54,1,53,0" doraHai="93" doraHaiUra="6" who="1" fromWho="0" sc="190,-35,300,75,240,0,230,0" owari="155,-34.5,375,47.5,240,4.0,230,-17.0" /></mjloggm>