<mjloggm ver="2.3"><GO type="225" lobby="0"/><UN n0="%E3%83%A9%E3%82%B9%E7%8E%87%EF%BC%93%E5%89%B2" n1="%E7%99%BD%E6%97%A5%E9%9B%AA%E8%8F%9C" n2="%4B%2E%32%2E%4B%2E" n3="%72%61%6B%33" dan="16,16,17,17" rate="2157.14,2111.64,2234.21,2206.37" sx="F,M,M,M"/><TAIKYOKU oya="0"/><INIT seed="0,0,0,2,4,92" ten="250,250,250,250" oya="0" hai0="69,37,62,108,51,121,9,27,128,93,95,83,48" hai1="46,89,105,36,54,14,57,16,70,72,85,135,28" hai2="106,71,133,34,64,3,24,130,30,90,81,109,132" hai3="32,87,103,104,123,44,75,115,127,45,97,65,5"/><T118/><D118/><U49/><E72/><V96/><F109/><W119/><G119/><T134/><D121/><U86/><E105/><V88/><F3/><W107/><G115/><T50/><D108/><U68/><E135/><N who="2" m="51787" /><F130/><W116/><G75/><T1/><D37/><U58/><E28/><V23/><F81/><W60/><G116/><T20/><D134/><U120/><E120/><V12/><F12/><W79/><G127/><T77/><D128/><U55/><E36/><V31/><F31/><W100/><G5/><T42/><D42/><U61/><E46/><V82/><F23/><W21/><G21/><T122/><D122/><U39/><E39/><V18/><F18/><W52/><G32/><T99/><D9/><U112/><E85/><N who="2" m="50231" /><F90/><W6/><G6/><T19/><D1/><U22/><REACH who="1" step="1"/><E112/><REACH who="1" ten="250,240,250,250" step="2"/><V56/><F106/><W113/><G113/><T8/><D8/><U67/><E67/><V74/><F74/><W111/><G65/><T84/><D69/><U80/><AGARI ba="0,1" hai="14,16,22,49,54,55,57,58,61,68,70,80,86,89" machi="80" ten="20,5200,0" yaku="1,1,0,1,7,1,54,1,53,0" doraHai="92" doraHaiUra="35" who="1" fromWho="1" sc="250,-26,240,62,250,-13,250,-13" /><INIT seed="1,0,0,0,5,113" ten="224,302,237,237" oya="1" hai0="56,47,31,68,102,32,71,114,120,29,14,129,60" hai1="22,8,64,82,135,92,25,133,38,83,59,112,115" hai2="80,4,52,13,79,61,42,7,72,48,43,28,3" hai3="86,21,90,106,85,58,107,87,84,5,126,117,27"/><U0/><E38/><V105/><F105/><W45/><G126/><T96/><D114/><U65/><E112/><V62/><F3/><W131/><G131/><T127/><D129/><U132/><E115/><V55/><F28/><W108/><G108/><T24/><D127/><U110/><E110/><V36/><F36/><W109/><G109/><T67/><D120/><U123/><E123/><V1/><F1/><W49/><G58/><T81/><D31/><U50/><E92/><V99/><F99/><W100/><G5/><T26/><D26/><U10/><E50/><V19/><F4/><W88/><G117/><T39/><D14/><U125/><E125/><V16/><F7/><W77/><G77/><T40/><REACH who="0" step="1"/><D81/><REACH who="0" ten="214,302,237,237" step="2"/><N who="1" m="30731" /><E0/><V94/><F80/><W18/><G100/><T104/><AGARI ba="0,1" hai="24,29,32,39,40,47,56,60,67,68,71,96,102,104" machi="104" ten="20,5200,0" yaku="1,1,0,1,7,1,53,1" doraHai="113" doraHaiUra="103" who="0" fromWho="0" sc="214,62,302,-26,237,-13,237,-13" /><INIT seed="2,0,0,1,2,49" ten="276,276,224,224" oya="2" hai0="78,28,120,2,61,100,40,11,107,50,1,37,45" hai1="133,81,115,9,36,116,56,96,58,91,110,42,7" hai2="21,68,106,27,52,65,74,63,51,67,59,71,77" hai3="12,31,23,53,16,41,70,26,135,119,46,33,20"/><V0/><F106/><W19/><G135/><T60/><D120/><U126/><E115/><V8/><F74/><W105/><G105/><T134/><D134/><U92/><E116/><V44/><F77/><W64/><G119/><T128/><D128/><U10/><E133/><V99/><F67/><W111/><G111/><T130/><D130/><U90/><E110/><V48/><F99/><W93/><G93/><T114/><D114/><U95/><E126/><V54/><F8/><W38/><G53/><T62/><D28/><U109/><E81/><V83/><F0/><W47/><G47/><T88/><D78/><U127/><E127/><V104/><F104/><W85/><G85/><T6/><D88/><U55/><E109/><V101/><F101/><W39/><G39/><T25/><D25/><U123/><E123/><V24/><F83/><W18/><REACH who="3" step="1"/><G12/><REACH who="3" ten="276,276,224,214" step="2"/><T121/><D121/><U34/><E55/><V15/><REACH who="2" step="1"/><F71/><REACH who="2" ten="276,276,214,214" step="2"/><W103/><G103/><T75/><D2/><U66/><E92/><V87/><F87/><W125/><G125/><T94/><D107/><U118/><E95/><V84/><F84/><W102/><G102/><T29/><D94/><U98/><E98/><V22/><F22/><W30/><G30/><T124/><D100/><U73/><E96/><V5/><F5/><W32/><G32/><T80/><D124/><U79/><E34/><V86/><F86/><W43/><G43/><T14/><D29/><U69/><E42/><V132/><F132/><W72/><G72/><T35/><D35/><U122/><E73/><V131/><F131/><W108/><G108/><RYUUKYOKU ba="0,2" sc="276,-15,276,-15,214,15,214,15" hai2="15,21,24,27,44,48,51,52,54,59,63,65,68" hai3="16,18,19,20,23,26,31,33,38,41,46,64,70" /><INIT seed="2,1,2,1,1,117" ten="261,261,229,229" oya="2" hai0="15,75,97,68,125,77,95,100,110,47,121,33,44" hai1="131,64,134,109,14,3,35,23,39,1,55,84,9" hai2="52,32,128,30,12,116,92,91,26,94,81,96,118" hai3="99,103,108,11,49,61,70,122,127,28,13,62,41"/><V78/><F128/><W45/><G108/><T67/><D121/><U48/><E35/><V106/><F106/><W87/><G122/><T43/><D33/><U27/><E39/><V123/><F123/><W80/><G28/><T105/><D110/><U135/><E109/><V71/><F71/><W38/><G38/><T102/><D125/><U113/><E113/><V46/><F12/><W115/><G70/><T65/><D47/><U89/><E64/><V20/><F32/><W4/><G127/><T56/><D56/><N who="1" m="32871" /><E131/><V88/><F52/><W19/><G19/><T101/><D105/><U50/><E50/><V130/><F46/><W54/><G54/><T72/><D15/><U10/><E27/><V60/><F60/><W74/><G74/><T126/><D126/><U8/><E23/><V93/><F130/><W0/><G0/><T24/><D24/><U133/><E14/><V31/><F31/><W132/><G132/><T114/><D114/><U25/><E25/><V85/><REACH who="2" step="1"/><F94/><AGARI ba="1,2" hai="1,3,8,9,10,84,89,94,133,134,135" m="32871" machi="94" ten="40,1300,0" yaku="20,1" doraHai="117" who="1" fromWho="2" sc="261,0,261,36,229,-16,229,0" /><INIT seed="3,0,0,5,2,3" ten="261,297,213,229" oya="3" hai0="47,119,49,79,92,115,82,48,0,127,96,30,54" hai1="58,114,22,118,74,109,84,120,27,12,10,45,34" hai2="13,53,134,40,124,39,61,14,89,76,66,63,99" hai3="36,6,116,65,98,62,4,15,102,5,128,110,2"/><W73/><G116/><T75/><D119/><U130/><E118/><V18/><F124/><W132/><G2/><T51/><D127/><U17/><E74/><V126/><F126/><W28/><G73/><T77/><D115/><U57/><E120/><V113/><F113/><W117/><G117/><T60/><D79/><U88/><E114/><V44/><F134/><W8/><G132/><T64/><D30/><U21/><E109/><V85/><F53/><W43/><G110/><T7/><D7/><N who="1" m="3167" /><E34/><V97/><F76/><W100/><G128/><T46/><D0/><U129/><E45/><V32/><F32/><W87/><G28/><T103/><REACH who="0" step="1"/><D47/><REACH who="0" ten="251,297,213,229" step="2"/><U81/><E130/><V133/><F133/><W131/><G131/><T101/><D101/><U38/><E129/><V1/><F1/><W86/><G102/><T52/><D52/><U69/><E17/><V95/><F13/><W25/><G25/><T83/><D83/><U107/><E27/><V29/><F29/><W68/><G43/><T90/><D90/><U20/><E88/><V93/><F66/><W23/><G36/><T91/><D91/><U19/><E81/><V122/><F122/><W16/><REACH who="3" step="1"/><G8/><REACH who="3" ten="251,297,213,219" step="2"/><T55/><D55/><U67/><E38/><V50/><F39/><W112/><G112/><T59/><AGARI ba="0,2" hai="46,48,49,51,54,59,60,64,75,77,82,92,96,103" machi="59" ten="20,2700,0" yaku="1,1,0,1,7,1,53,0" doraHai="3" doraHaiUra="108" who="0" fromWho="0" sc="251,47,297,-7,213,-7,219,-13" /><INIT seed="4,0,0,3,1,132" ten="298,290,206,206" oya="0" hai0="21,9,18,37,64,85,7,27,12,17,73,92,75" hai1="40,46,63,109,28,100,57,127,51,56,70,14,91" hai2="88,83,41,131,106,47,99,15,55,13,122,30,50" hai3="58,8,39,110,95,29,19,104,65,10,130,80,129"/><T72/><D37/><U48/><E109/><V114/><F122/><W77/><G104/><T117/><D117/><U25/><E127/><V26/><F114/><W71/><G110/><T126/><D126/><U134/><E134/><V113/><F113/><W125/><G125/><T69/><D69/><U23/><E100/><V3/><F3/><W82/><G39/><T62/><D85/><U32/><E91/><V66/><F131/><W16/><G71/><T96/><D62/><U116/><E116/><V54/><F66/><W42/><G29/><T112/><D64/><U103/><E103/><V111/><F111/><W102/><G42/><T118/><D118/><U81/><E81/><N who="3" m="31338" /><G77/><T49/><D49/><N who="1" m="26823" /><E32/><V6/><F106/><W20/><G130/><T22/><D112/><U76/><E76/><V98/><F41/><W1/><G1/><T68/><D68/><U60/><E70/><V79/><F55/><W120/><G120/><T67/><D67/><N who="1" m="39303" /><E14/><V93/><F99/><N who="3" m="59775" /><G129/><T121/><D121/><U2/><E2/><V119/><F119/><W101/><G101/><T128/><D128/><U43/><E43/><V44/><F44/><W31/><G65/><AGARI ba="0,0" hai="23,25,28,48,51,57,63,65" m="39303,26823" machi="65" ten="30,1000,0" yaku="8,1" doraHai="132" who="1" fromWho="3" sc="298,0,290,10,206,0,206,-10" owari="298,9.8,300,40.0,206,-19.4,196,-30.4" /></mjloggm>