<mjloggm ver="2.3"><GO type="225" lobby="0"/><UN n0="%E3%81%A9%E3%82%8F%E3%82%93%E3%81%94" n1="%E6%B8%A9%E2%98%85%E6%83%85%E2%98%85%E6%8E%AA%E2%98%85%E7%BD%AE" n2="%E3%81%B5%E3%81%98%E3%81%8B%E3%81%A4" n3="%72%65%6E%6B%75%6E" dan="16,17,16,17" rate="2113.90,2223.62,2179.60,2226.70" sx="M,M,M,M"/><TAIKYOKU oya="0"/><INIT seed="0,0,0,2,4,73" ten="250,250,250,250" oya="0" hai0="34,102,89,1,58,66,59,23,35,121,91,11,98" hai1="50,108,113,61,110,55,63,135,51,47,25,103,12" hai2="124,122,112,85,30,68,84,6,60,115,78,28,49" hai3="120,77,54,48,88,90,134,26,27,74,104,16,75"/><T29/><D121/><U24/><E135/><V43/><F122/><W79/><G120/><T5/><D91/><N who="3" m="34857" /><G104/><T39/><D39/><U9/><E113/><V117/><F124/><W4/><G75/><T92/><D89/><U33/><E103/><V44/><F6/><W76/><G74/><T109/><D109/><N who="1" m="42091" /><E51/><V52/><F85/><W2/><G2/><T62/><REACH who="0" step="1"/><D59/><REACH who="0" ten="240,250,250,250" step="2"/><U96/><E96/><V8/><F115/><W15/><G134/><T3/><D3/><U133/><E133/><V37/><F112/><W56/><G4/><T99/><D99/><U97/><E97/><V42/><F117/><W46/><G56/><T105/><D105/><U10/><E63/><V0/><F37/><W123/><G123/><T95/><D95/><U114/><E61/><V118/><F118/><W13/><G13/><T17/><D17/><U127/><E114/><V71/><F60/><W53/><G54/><T128/><D128/><U18/><E55/><V119/><F52/><W20/><AGARI ba="0,1" hai="15,16,20,26,27,46,48,53,76,77,79" m="34857" machi="20" ten="30,12000,2" yaku="8,1,52,3,54,2" doraHai="73" who="3" fromWho="3" sc="240,-60,250,-30,250,-30,250,130" /><INIT seed="1,0,0,3,3,13" ten="180,220,220,380" oya="1" hai0="74,103,57,66,129,96,123,32,82,65,117,53,70" hai1="73,63,45,38,1,132,12,116,89,43,24,110,69" hai2="33,37,47,9,98,131,55,48,18,60,68,44,64" hai3="35,126,67,5,92,107,128,22,52,119,31,0,71"/><U114/><E114/><V102/><F33/><W88/><G107/><T11/><D117/><U23/><E116/><V75/><F131/><W10/><G119/><T99/><D32/><U28/><E73/><V17/><F75/><W81/><G128/><T6/><D129/><U19/><E1/><V80/><F80/><W4/><G126/><T121/><D70/><U118/><E118/><V127/><F9/><W27/><G81/><T62/><D74/><U15/><E132/><V77/><F77/><W94/><G4/><T59/><D82/><U39/><E110/><V135/><F135/><W108/><G108/><T90/><D90/><U3/><E3/><V133/><F127/><W113/><G113/><T25/><D25/><U36/><E89/><V29/><F29/><W106/><G106/><T46/><D46/><U104/><E104/><V76/><F76/><W56/><G71/><T34/><D34/><U2/><E2/><V124/><F124/><W101/><G67/><N who="0" m="25611" /><D59/><U111/><E111/><V26/><F26/><W20/><G101/><T16/><D6/><U93/><E93/><V42/><F133/><W86/><G94/><AGARI ba="0,0" hai="17,18,37,42,44,47,48,55,60,64,68,94,98,102" machi="94" ten="30,3900,0" yaku="7,1,52,2" doraHai="13" who="2" fromWho="3" sc="180,0,220,0,220,39,380,-39" /><INIT seed="2,0,0,5,3,132" ten="180,220,259,341" oya="2" hai0="10,79,77,101,41,117,69,105,122,74,100,68,67" hai1="108,2,111,123,8,118,102,22,112,59,70,5,1" hai2="18,94,78,62,95,72,103,86,14,9,61,85,99" hai3="49,13,115,116,107,98,3,91,17,51,7,82,90"/><V76/><F72/><W38/><G38/><T83/><D122/><U93/><E70/><V47/><F47/><W73/><G116/><T92/><D117/><U120/><E118/><V65/><F62/><W30/><G30/><T4/><D41/><U0/><E59/><V126/><F126/><W60/><G115/><T80/><D92/><U35/><E35/><V87/><REACH who="2" step="1"/><F94/><REACH who="2" ten="180,220,249,341" step="2"/><W135/><G73/><T11/><D74/><U109/><E112/><V31/><F31/><W46/><G107/><T97/><D105/><U37/><E37/><V58/><AGARI ba="0,1" hai="9,14,18,58,61,65,76,78,85,86,87,95,99,103" machi="58" ten="30,6000,0" yaku="1,1,0,1,8,1,53,0" doraHai="132" doraHaiUra="124" who="2" fromWho="2" sc="180,-20,220,-20,249,70,341,-20" /><INIT seed="2,1,0,4,0,87" ten="160,200,319,321" oya="2" hai0="95,99,5,14,11,107,89,9,4,16,42,41,58" hai1="3,72,56,102,127,40,49,48,36,44,30,120,130" hai2="6,75,79,134,39,22,59,82,108,85,122,12,1" hai3="73,27,47,31,114,131,2,63,61,126,62,101,65"/><V50/><F122/><W68/><G73/><T84/><D58/><U118/><E118/><V93/><F134/><W70/><G2/><T113/><D113/><U124/><E72/><V109/><F39/><W128/><G114/><T51/><D51/><U123/><E3/><V86/><F1/><W17/><G126/><N who="1" m="48170" /><E102/><V55/><F6/><W90/><G101/><T116/><D116/><U77/><E77/><V0/><F0/><W81/><G17/><T133/><D133/><U100/><E100/><V119/><F119/><W135/><G47/><T110/><D110/><N who="2" m="42602" /><F93/><W46/><G46/><T23/><D107/><U105/><E30/><V26/><F12/><W24/><G135/><T35/><D35/><U54/><E105/><V103/><F103/><W57/><G68/><T80/><D4/><U115/><E115/><V8/><F8/><N who="0" m="3146" /><D5/><U121/><E130/><N who="3" m="49706" /><G70/><T69/><D69/><U98/><E98/><V18/><AGARI ba="1,0" hai="18,22,26,50,55,59,75,79,82,85,86" m="42602" machi="18" ten="30,3000,0" yaku="14,1,10,1" doraHai="87" who="2" fromWho="2" sc="160,-11,200,-11,319,33,321,-11" /><INIT seed="2,2,0,0,0,123" ten="149,189,352,310" oya="2" hai0="78,64,32,83,71,77,127,85,112,11,114,41,29" hai1="46,81,111,108,5,37,48,25,43,39,121,26,135" hai2="45,61,54,130,53,125,24,105,88,57,110,36,80" hai3="28,122,42,131,31,118,50,10,92,74,4,21,40"/><V49/><F125/><W86/><G74/><T113/><D127/><U98/><E135/><V2/><F130/><W8/><G118/><T119/><D119/><U129/><E129/><V90/><F105/><W16/><G122/><T51/><D32/><U1/><E121/><V68/><F2/><W23/><G131/><T3/><D29/><N who="3" m="11337" /><G21/><T7/><D78/><U52/><E98/><V55/><F68/><W60/><G60/><T17/><D17/><U99/><E99/><V58/><F36/><W13/><G50/><T95/><D95/><U35/><E35/><V20/><F80/><W12/><G8/><T19/><D19/><U27/><E81/><V15/><F15/><W124/><G124/><T70/><REACH who="0" step="1"/><D64/><REACH who="0" ten="139,189,352,310" step="2"/><U6/><E6/><V120/><F120/><W72/><G72/><T126/><D126/><U82/><E82/><V33/><F33/><W0/><G0/><T79/><D79/><U89/><E5/><V22/><F24/><W104/><G104/><T116/><D116/><U65/><E65/><V103/><F20/><W34/><G34/><T96/><D96/><U91/><E1/><V47/><F22/><W69/><G92/><T115/><N who="0" m="28672" /><DORA hai="128" /><T63/><D63/><U38/><E91/><V93/><F61/><W75/><G75/><T102/><D102/><U67/><E89/><V132/><F103/><W76/><G76/><T14/><D14/><U30/><E67/><V97/><F90/><W56/><G86/><T59/><D59/><N who="1" m="33159" /><E30/><V87/><F88/><W133/><G12/><T94/><D94/><U9/><E9/><V101/><F93/><RYUUKYOKU ba="2,1" sc="139,15,189,15,352,-15,310,-15" hai0="3,7,11,41,51,70,71,77,83,85" hai1="25,26,27,37,38,39,43,46,108,111" /><INIT seed="3,3,1,4,2,80" ten="154,204,337,295" oya="3" hai0="76,100,54,69,124,83,115,108,7,15,120,91,111" hai1="104,87,37,8,60,114,10,84,23,57,119,22,2" hai2="118,103,110,129,62,49,45,133,30,82,105,101,1" hai3="98,6,131,52,38,31,125,134,28,112,47,0,12"/><W9/><G112/><T67/><D120/><U90/><E104/><V128/><F1/><W78/><G125/><T94/><D124/><U42/><E114/><V36/><F118/><W85/><G134/><T19/><D115/><U33/><E33/><V71/><F110/><W127/><G127/><T113/><D113/><U107/><E107/><V4/><F133/><W64/><G64/><T13/><D100/><U73/><E73/><V95/><F36/><W68/><G68/><T126/><D126/><U99/><E2/><V122/><F4/><W132/><G132/><T59/><D7/><U70/><E70/><V24/><F82/><N who="3" m="47319" /><G38/><T79/><D67/><N who="1" m="39311" /><E42/><N who="2" m="24759" /><F105/><W92/><G0/><T102/><D69/><U86/><E37/><V88/><F122/><W77/><G77/><T97/><D111/><U26/><E23/><N who="2" m="15647" /><F71/><W81/><G81/><T121/><D108/><U89/><E99/><N who="2" m="57831" /><F62/><W44/><G131/><AGARI ba="3,1" hai="101,103,128,129,131" m="57831,15647,24759" machi="131" ten="30,2000,0" yaku="19,1,54,1" doraHai="80" who="2" fromWho="3" sc="154,0,204,0,337,39,295,-29" owari="154,-34.6,204,-19.6,376,47.6,266,6.6" /></mjloggm>