<mjloggm ver="2.3"><GO type="225" lobby="0"/><UN n0="%4B%2E%32%2E%4B%2E" n1="%31%38%63%6D%E7%AB%8B%E7%9B%B4%E6%A3%92" n2="%E3%81%AF%E3%82%88%E3%81%8A%E3%81%98%E3%81%95%E3%82%93" n3="%4C%4F%4C%49%54%41" dan="16,16,17,16" rate="2208.97,2110.23,2226.44,2131.34" sx="M,M,M,F"/><TAIKYOKU oya="0"/><INIT seed="0,0,0,0,1,25" ten="250,250,250,250" oya="0" hai0="16,64,128,15,112,39,88,23,44,69,121,106,50" hai1="107,102,92,42,127,26,51,97,12,73,20,63,41" hai2="7,114,6,14,94,109,82,89,116,110,65,21,129" hai3="2,83,71,70,134,32,43,17,52,124,30,0,122"/><T132/><D112/><U80/><E127/><V34/><F34/><W77/><G124/><T27/><D121/><U55/><E63/><V37/><F114/><W133/><G122/><T5/><D106/><U90/><E12/><V130/><F37/><W62/><G43/><T131/><D39/><U91/><E91/><V1/><F65/><W99/><G17/><T87/><D132/><N who="3" m="50793" /><G99/><T9/><D64/><U135/><E135/><V117/><F82/><W108/><G108/><N who="2" m="41577" /><F94/><W28/><G32/><T120/><D69/><N who="3" m="26121" /><G0/><T105/><D105/><U113/><E113/><V75/><F75/><N who="3" m="43455" /><G2/><T3/><D3/><U45/><E73/><V96/><F89/><W19/><G19/><T125/><D125/><U84/><REACH who="1" step="1"/><E107/><REACH who="1" ten="250,240,250,250" step="2"/><V118/><F1/><W126/><G126/><T36/><D120/><U22/><E22/><V53/><F21/><W54/><G62/><T78/><D78/><U100/><E100/><V86/><F14/><W79/><G79/><T115/><D115/><U49/><E49/><V81/><F118/><W111/><G111/><T33/><D36/><U104/><E104/><V93/><F117/><W10/><G10/><T68/><D33/><U95/><E95/><V119/><F93/><W101/><G101/><T11/><D9/><U98/><E98/><V57/><F96/><W85/><G85/><T4/><D87/><U18/><AGARI ba="0,1" hai="18,20,26,41,42,45,51,55,80,84,90,92,97,102" machi="18" ten="20,5200,0" yaku="1,1,0,1,7,1,8,1,53,0" doraHai="25" doraHaiUra="123" who="1" fromWho="1" sc="250,-26,240,62,250,-13,250,-13" /><INIT seed="1,0,0,3,2,97" ten="224,302,237,237" oya="1" hai0="104,73,85,118,67,75,124,79,45,23,129,71,117" hai1="53,82,105,43,44,24,80,92,133,42,74,78,52" hai2="9,40,77,54,69,109,121,100,132,116,39,64,16" hai3="134,123,70,114,115,88,6,46,99,65,103,81,29"/><U110/><E105/><V125/><F121/><W91/><G123/><T8/><D104/><U10/><E133/><V130/><F116/><W120/><G120/><T128/><D23/><U68/><E42/><V112/><F132/><W57/><G134/><T50/><D124/><U27/><E68/><V90/><F125/><W35/><G57/><T32/><D32/><U84/><E92/><V17/><F109/><W5/><G46/><T96/><D96/><U33/><E10/><V38/><F130/><N who="0" m="50282" /><D8/><U61/><E61/><V18/><F112/><W83/><G70/><T66/><D85/><U98/><E98/><V11/><F77/><W48/><G99/><T135/><D135/><U3/><E3/><V36/><F100/><W58/><G35/><T122/><D122/><U0/><E0/><V1/><F40/><W30/><G58/><T59/><D59/><U62/><E62/><N who="2" m="40087" /><F54/><W22/><G22/><T15/><D15/><U37/><E110/><V126/><F126/><W111/><G111/><T108/><D108/><U87/><E74/><N who="0" m="28169" /><D79/><U20/><E33/><V102/><F102/><W12/><G12/><T13/><D13/><U4/><E27/><V26/><F26/><W25/><G25/><T94/><D94/><U106/><E106/><V28/><F28/><W72/><G72/><T60/><D67/><U55/><E4/><N who="2" m="1167" /><F11/><W31/><G31/><T19/><D19/><BYE who="2" /><UN n2="%E3%81%AF%E3%82%88%E3%81%8A%E3%81%98%E3%81%95%E3%82%93" /><U101/><E101/><V41/><BYE who="1" /><F90/><W56/><G103/><T127/><D127/><U47/><E47/><V113/><F113/><W131/><G115/><T51/><D45/><U14/><E14/><RYUUKYOKU ba="0,0" sc="224,15,302,-15,237,15,237,-15" hai0="50,51,60,66,71,117,118" hai2="16,17,18,36,38,39,41" /><INIT seed="2,1,0,4,5,31" ten="239,287,252,222" oya="2" hai0="134,97,110,82,133,18,57,32,98,111,21,125,10" hai1="106,26,73,75,33,14,54,68,70,79,88,95,83" hai2="43,7,131,102,74,40,113,81,23,65,17,61,41" hai3="100,72,35,12,105,103,84,66,24,85,50,58,104"/><V37/><F113/><W60/><G72/><T51/><D125/><UN n1="%31%38%63%6D%E7%AB%8B%E7%9B%B4%E6%A3%92" /><U129/><E106/><V135/><F37/><W20/><G12/><T86/><D10/><U0/><E0/><V55/><F131/><W116/><G116/><T39/><D39/><U99/><E75/><V62/><F135/><N who="0" m="51722" /><D32/><U117/><E129/><V53/><F7/><W123/><G123/><T13/><D57/><U112/><E112/><V36/><F36/><W91/><G85/><T69/><D51/><U77/><E77/><V1/><F1/><W101/><G50/><T52/><D52/><U122/><E122/><V59/><F102/><W56/><G56/><T130/><D69/><U109/><E109/><N who="0" m="41481" /><D130/><U96/><E117/><V11/><F11/><W47/><G47/><T42/><D42/><U25/><E33/><V63/><F55/><W124/><G124/><T19/><D18/><U80/><E54/><V49/><F65/><W5/><G5/><T38/><D38/><U121/><E68/><V27/><F43/><W71/><G71/><T120/><D120/><U28/><E70/><V87/><F41/><W6/><G6/><T90/><AGARI ba="1,0" hai="13,19,21,82,86,90,97,98" m="41481,51722" machi="90" ten="30,2000,0" yaku="20,1,14,1" doraHai="31" who="0" fromWho="0" sc="239,23,287,-6,252,-11,222,-6" /><INIT seed="3,0,0,4,5,10" ten="262,281,241,216" oya="3" hai0="69,56,133,89,102,13,70,90,8,57,33,105,39" hai1="104,27,125,31,52,65,71,58,118,34,134,94,129" hai2="109,97,68,93,47,111,88,22,86,119,60,124,128" hai3="116,9,37,92,107,17,103,100,96,113,29,59,20"/><W50/><G113/><T62/><D39/><U30/><E104/><V63/><F119/><W80/><G116/><T38/><D38/><U115/><E118/><V75/><F75/><W2/><G37/><T21/><D33/><U77/><E115/><V1/><F1/><W101/><G107/><T85/><D133/><U66/><E77/><V123/><F124/><W112/><G112/><T61/><D21/><U45/><E31/><V76/><F128/><W55/><G29/><T87/><D8/><U6/><E71/><V121/><F47/><W3/><G80/><T14/><D105/><U110/><E45/><V43/><F43/><W24/><REACH who="3" step="1"/><G9/><REACH who="3" ten="262,281,241,206" step="2"/><T122/><D122/><U40/><E30/><V126/><F126/><W120/><G120/><N who="2" m="46153" /><F22/><W15/><G15/><T12/><D13/><U54/><E125/><V64/><F111/><W135/><G135/><T26/><D26/><U84/><E27/><V108/><F109/><W95/><G95/><T127/><D127/><U117/><E94/><V131/><F108/><W18/><G18/><T46/><D12/><U44/><E110/><V132/><F132/><W79/><G79/><T41/><D14/><U23/><E117/><V106/><F131/><W19/><G19/><T51/><D70/><U67/><E23/><V0/><F0/><AGARI ba="0,1" hai="0,2,3,17,20,24,50,55,59,92,96,100,101,103" machi="0" ten="40,2000,0" yaku="1,1,53,0" doraHai="10" doraHaiUra="42" who="3" fromWho="2" sc="262,0,281,0,241,-20,206,30" /><INIT seed="3,1,0,1,5,112" ten="262,281,221,236" oya="3" hai0="66,74,57,95,103,52,124,115,33,9,110,119,120" hai1="90,51,96,2,72,94,113,10,59,80,78,15,121" hai2="58,21,37,38,130,91,39,101,64,27,107,62,102" hai3="5,4,65,84,92,34,129,85,77,29,63,86,1"/><W8/><G129/><T22/><D33/><U13/><E113/><V128/><F91/><W122/><G122/><T111/><D74/><U97/><E121/><V61/><F61/><W41/><G41/><T44/><D120/><U104/><E2/><V48/><F48/><W11/><G92/><T50/><D115/><U105/><E97/><V126/><F126/><W82/><G29/><T28/><D124/><U40/><E15/><V45/><F45/><W35/><G34/><T123/><D123/><U0/><E0/><V49/><F49/><W135/><G35/><T20/><D9/><U23/><E23/><V55/><F55/><W71/><REACH who="3" step="1"/><G135/><REACH who="3" ten="262,281,221,226" step="2"/><T26/><D28/><U70/><E40/><V93/><F107/><W73/><G73/><T108/><D95/><U7/><REACH who="1" step="1"/><E70/><REACH who="1" ten="262,271,221,226" step="2"/><V118/><F130/><W69/><G69/><T60/><D110/><U134/><E134/><V42/><F128/><W12/><AGARI ba="1,2" hai="1,4,5,8,11,12,63,65,71,77,82,84,85,86" machi="12" ten="20,3900,0" yaku="1,1,0,1,7,1,53,0" doraHai="112" doraHaiUra="127" who="3" fromWho="3" sc="262,-14,271,-14,221,-14,226,62" /><INIT seed="3,2,0,5,3,13" ten="248,257,207,288" oya="3" hai0="20,7,117,75,101,67,97,84,114,133,108,17,3" hai1="9,87,105,44,77,113,115,34,52,106,2,23,15" hai2="116,78,121,134,120,99,4,29,80,104,39,31,127" hai3="79,95,64,48,100,111,109,37,33,38,25,28,22"/><W16/><G79/><T83/><D117/><U18/><E34/><V10/><F116/><W63/><G48/><T68/><D108/><N who="3" m="41545" /><G100/><T21/><D75/><U70/><E70/><V46/><F127/><W125/><G95/><T102/><D102/><U96/><E106/><V88/><F134/><W6/><G6/><T94/><D94/><U30/><E96/><V129/><F129/><W76/><G76/><T50/><D97/><U74/><E105/><V73/><F46/><W1/><G1/><T19/><D7/><U119/><E74/><V71/><F71/><N who="3" m="42399" /><G125/><T89/><D3/><U123/><E2/><N who="2" m="279" /><F39/><W90/><G90/><T61/><D50/><N who="1" m="28743" /><E115/><V55/><F55/><W66/><G66/><T85/><D114/><U11/><E113/><V92/><F104/><W112/><G112/><T32/><D101/><U43/><E119/><V107/><F107/><W98/><G98/><T118/><D118/><U51/><E123/><AGARI ba="2,0" hai="29,31,73,78,80,88,92,99,120,121,123" m="279" machi="123" ten="30,2000,0" yaku="13,1,54,1" doraHai="13" who="2" fromWho="1" sc="248,0,257,-26,207,26,288,0" /><INIT seed="4,0,0,3,3,109" ten="248,231,233,288" oya="0" hai0="94,37,66,31,77,70,93,9,51,110,2,131,35" hai1="15,6,92,64,62,52,61,57,11,25,103,24,86" hai2="87,74,123,128,117,12,41,53,82,113,42,7,38" hai3="36,18,98,130,44,83,28,101,27,88,46,127,107"/><T48/><D37/><U16/><E6/><V80/><F123/><W72/><G36/><T105/><D105/><U58/><REACH who="1" step="1"/><E86/><REACH who="1" ten="248,221,233,288" step="2"/><V115/><F87/><W121/><G121/><T26/><D110/><U102/><E102/><V71/><F7/><W13/><G101/><T45/><D131/><U124/><E124/><V4/><F128/><W132/><G127/><T0/><D0/><U129/><E129/><V135/><F4/><W29/><G130/><T104/><D2/><U75/><E75/><V91/><F74/><W126/><G72/><T19/><D104/><U84/><E84/><V54/><F117/><W14/><G107/><T59/><D77/><U133/><E133/><V8/><F135/><W17/><G132/><T23/><D93/><U78/><E78/><V33/><F91/><W116/><G88/><T56/><D94/><U125/><E125/><V43/><F82/><W63/><G83/><T122/><D122/><U68/><E68/><V100/><F71/><W47/><G116/><T69/><D69/><U49/><E49/><V50/><F38/><W32/><G126/><T67/><D51/><U3/><E3/><V99/><F80/><W20/><G63/><T60/><D70/><U73/><E73/><V119/><F119/><W81/><G81/><T39/><D39/><U90/><E90/><V34/><F50/><W79/><G79/><T120/><D120/><U40/><E40/><V10/><F41/><W89/><G89/><T22/><D48/><U118/><E118/><V65/><F100/><W97/><G28/><T1/><D1/><U95/><E95/><RYUUKYOKU ba="0,1" sc="248,-15,221,15,233,-15,288,15" hai1="11,15,16,24,25,52,57,58,61,62,64,92,103" hai3="13,14,17,18,20,27,29,32,44,46,47,97,98" owari="233,-16.7,236,3.6,218,-28.2,313,41.3" /></mjloggm>