<mjloggm ver="2.3"><GO type="225" lobby="0"/><UN n0="%E3%81%A1%E3%82%85%E3%81%86%E3%81%A9%E3%81%8F%E8%B1%A1%E3%81%95%E3%82%93" n1="%72%69%6F%75%63%68%61%6E" n2="%45%6C%79%73%69%75%6D" n3="%E4%B8%89%E5%86%A0%E7%8E%8B%E3%83%BB%E5%B1%B1%E7%94%B0%E5%93%B2%E4%BA%BA" dan="17,17,18,16" rate="2236.28,2233.94,2196.89,2153.69" sx="M,M,F,M"/><TAIKYOKU oya="0"/><INIT seed="0,0,0,0,3,73" ten="250,250,250,250" oya="0" hai0="29,52,131,59,129,135,51,12,34,121,19,75,54" hai1="25,13,114,27,45,120,63,28,74,117,21,76,47" hai2="92,93,20,94,102,132,77,126,96,72,104,85,88" hai3="91,68,66,5,133,130,2,24,6,18,42,82,44"/><T15/><D121/><U78/><E117/><V17/><F132/><W1/><G133/><T89/><D135/><U100/><E120/><V71/><F71/><W53/><G53/><T107/><D75/><U115/><E100/><V95/><F126/><W119/><G119/><T37/><D37/><U84/><E74/><V87/><F20/><W10/><G130/><N who="0" m="49675" /><D107/><U36/><E84/><N who="2" m="52231" /><F17/><W32/><G18/><T101/><D101/><U67/><E13/><V81/><AGARI ba="0,0" hai="72,77,81,85,87,93,94,95,96,102,104" m="52231" machi="81" ten="30,16000,3" yaku="24,1,35,5,52,1,54,1" doraHai="73" who="2" fromWho="2" sc="250,-80,250,-40,250,160,250,-40" /><INIT seed="1,0,0,3,3,83" ten="170,210,410,210" oya="1" hai0="112,44,6,129,58,43,39,82,106,99,12,30,92" hai1="122,51,1,52,119,21,107,105,14,65,110,56,69" hai2="66,108,124,19,49,71,32,37,45,47,0,131,29" hai3="25,94,118,103,8,55,95,23,120,74,64,121,61"/><U85/><E119/><V31/><F19/><W7/><G74/><T36/><D112/><U26/><E122/><V134/><F49/><W15/><G118/><T42/><D129/><U38/><E1/><V63/><F29/><W80/><G55/><T78/><D30/><U68/><E38/><V102/><F47/><W81/><G120/><T135/><D135/><U100/><E110/><V60/><F60/><W76/><G121/><T84/><D58/><U20/><E100/><V111/><F0/><W5/><G5/><T11/><D106/><U40/><E40/><V18/><F18/><W70/><G103/><T54/><D54/><U93/><E107/><V28/><F28/><W109/><G81/><T113/><D113/><U90/><E105/><V62/><F62/><W125/><G125/><T96/><REACH who="0" step="1"/><D92/><REACH who="0" ten="160,210,410,210" step="2"/><U17/><E65/><V97/><F131/><W13/><G109/><T86/><D86/><U35/><E35/><V98/><F134/><W33/><G33/><T27/><D27/><U4/><E4/><V67/><F67/><W87/><REACH who="3" step="1"/><G13/><REACH who="3" ten="160,210,410,200" step="2"/><T46/><AGARI ba="0,2" hai="6,11,12,36,39,42,43,44,46,78,82,84,96,99" machi="46" ten="30,7900,0" yaku="1,1,0,1,9,1,52,1,53,0" doraHai="83" doraHaiUra="128" who="0" fromWho="0" sc="160,99,210,-39,410,-20,200,-20" /><INIT seed="2,0,0,4,4,120" ten="259,171,390,180" oya="2" hai0="102,27,0,55,99,89,3,68,56,65,93,53,64" hai1="62,90,121,72,86,43,9,92,51,59,41,16,84" hai2="71,85,5,33,49,23,91,52,134,10,12,87,8" hai3="35,108,63,132,94,98,80,50,67,119,70,118,46"/><V15/><F33/><W47/><G35/><T97/><D27/><U135/><E72/><V127/><F71/><W110/><G132/><T109/><D109/><N who="3" m="42089" /><G80/><T2/><D68/><U104/><E104/><V107/><F107/><W131/><G131/><T45/><D45/><N who="3" m="16905" /><G50/><T81/><D81/><U42/><E121/><V83/><F49/><W69/><G69/><T44/><D44/><N who="1" m="25999" /><E135/><V88/><F83/><W125/><G125/><T13/><D13/><N who="1" m="7215" /><E84/><V6/><F127/><W31/><G31/><T26/><D0/><U66/><AGARI ba="0,0" hai="42,43,59,62,66,86,90,92" m="7215,25999" machi="66" ten="30,2000,0" yaku="8,1,54,1" doraHai="120" who="1" fromWho="1" sc="259,-5,171,20,390,-10,180,-5" /><INIT seed="3,0,0,1,1,115" ten="254,191,380,175" oya="3" hai0="36,34,31,65,88,110,50,101,111,80,7,25,98" hai1="0,10,45,113,118,27,24,99,130,38,94,97,60" hai2="8,82,12,37,71,108,79,44,66,4,58,49,26" hai3="64,112,16,40,17,100,47,48,9,6,133,106,72"/><W43/><G112/><T116/><D36/><U68/><E113/><V13/><F108/><N who="0" m="41514" /><D65/><U125/><E125/><V135/><F26/><W69/><G72/><T81/><D116/><U122/><E122/><V63/><F135/><W121/><G121/><T61/><D7/><U35/><E35/><V29/><F29/><W128/><G133/><T127/><D127/><U15/><E0/><V104/><F104/><W131/><G40/><T129/><D129/><N who="3" m="49737" /><G64/><T55/><D61/><U120/><E118/><V2/><F71/><W87/><G69/><T124/><D88/><N who="1" m="55495" /><E68/><V14/><F37/><W85/><G106/><N who="0" m="63799" /><D124/><U117/><E117/><V90/><F66/><W83/><G100/><T132/><D132/><U52/><E130/><V11/><F90/><N who="3" m="51519" /><G87/><T3/><D3/><AGARI ba="0,0" hai="3,6,9,16,17,43,47,48" m="51519,49737" machi="3" ten="30,2900,0" yaku="19,1,54,1" doraHai="115" who="3" fromWho="0" sc="254,-29,191,0,380,0,175,29" /><INIT seed="3,1,0,0,5,126" ten="225,191,380,204" oya="3" hai0="111,106,73,17,8,92,119,64,18,98,34,104,12" hai1="36,77,2,13,130,76,53,102,113,39,135,47,16" hai2="0,7,29,63,28,37,14,80,78,96,66,62,15" hai3="58,81,54,10,51,101,27,48,109,125,26,65,9"/><W103/><G125/><T70/><D119/><U124/><E124/><V116/><F37/><W127/><G127/><T79/><D34/><U118/><E113/><V91/><F14/><W35/><G109/><T133/><D111/><U67/><E2/><V33/><F62/><N who="3" m="38103" /><G35/><T90/><D133/><U20/><E130/><V128/><F33/><W41/><G81/><T45/><D45/><U68/><E135/><V1/><F128/><W117/><G117/><T115/><D115/><U44/><E118/><V71/><F80/><W95/><G48/><T114/><D114/><U129/><E129/><V19/><F0/><W40/><G40/><T57/><D70/><U61/><E102/><N who="3" m="38922" /><G95/><T38/><D38/><U85/><E85/><V30/><F1/><W3/><G41/><T88/><D73/><U21/><E36/><V107/><F107/><W93/><G93/><T108/><D108/><U23/><E39/><V32/><F32/><W89/><G89/><T112/><D112/><U49/><REACH who="1" step="1"/><E44/><REACH who="1" ten="225,181,380,204" step="2"/><V121/><F116/><W97/><G97/><T75/><D98/><U22/><AGARI ba="1,1" hai="13,16,20,21,22,23,47,49,53,61,67,68,76,77" machi="22" ten="30,7900,0" yaku="1,1,2,1,0,1,54,1,53,0" doraHai="126" doraHaiUra="55" who="1" fromWho="1" sc="225,-21,181,92,380,-21,204,-40" owari="204,-19.6,273,7.3,359,45.9,164,-33.6" /></mjloggm>