<mjloggm ver="2.3"><GO type="225" lobby="0"/><UN n0="%E3%83%B4%E3%82%A3%E3%83%AF%E3%82%B3%E3%82%B0%E3%83%8B" n1="%E8%90%BD%E6%97%A5" n2="%E5%B8%86%E7%AB%8B%E5%A4%8F%E8%A1%A3" n3="%E3%83%A9%E3%82%A4%E3%83%B3%E3%81%AE%E8%99%8E" dan="16,17,17,16" rate="2206.63,2282.85,2190.01,2110.60" sx="M,F,M,M"/><TAIKYOKU oya="0"/><INIT seed="0,0,0,4,2,6" ten="250,250,250,250" oya="0" hai0="65,36,46,73,30,2,77,100,18,107,76,128,38" hai1="9,132,8,89,59,28,101,25,133,87,48,43,37" hai2="32,131,72,99,117,34,31,35,134,40,14,113,114" hai3="96,64,110,55,124,92,57,123,62,49,82,29,44"/><T106/><D18/><U13/><E37/><N who="0" m="14441" /><D46/><N who="1" m="25695" /><E101/><V52/><F40/><W129/><G110/><T115/><D30/><U70/><E13/><V10/><F72/><W90/><G124/><T21/><D21/><N who="1" m="15407" /><E70/><V3/><F117/><W79/><G129/><T60/><D77/><U86/><E59/><V17/><F131/><W16/><G123/><T56/><D115/><N who="2" m="44042" /><F52/><W126/><G126/><T42/><D76/><U50/><E50/><V91/><F91/><W11/><G29/><T20/><D73/><U95/><E87/><V102/><F102/><W109/><G109/><T103/><D128/><U5/><E5/><N who="2" m="1343" /><F99/><W27/><G27/><T63/><D103/><U68/><E68/><V116/><F116/><W45/><G45/><T51/><D100/><U93/><E93/><V85/><F85/><W118/><G118/><T97/><D97/><U39/><E39/><V66/><F66/><W47/><G47/><N who="0" m="26103" /><D60/><U84/><E84/><V0/><F0/><W15/><G79/><T22/><D2/><U122/><E122/><V12/><F31/><W71/><G71/><T33/><D107/><U81/><E95/><V105/><F105/><W61/><G61/><T88/><D106/><U130/><E130/><V78/><F78/><W120/><G120/><T135/><D88/><U104/><E104/><V26/><F26/><W119/><G119/><T23/><D56/><U121/><E121/><V54/><F54/><W111/><G111/><T1/><D63/><U41/><E41/><V58/><F58/><W69/><G69/><T4/><D65/><U112/><E112/><V127/><F127/><RYUUKYOKU ba="0,0" sc="250,-15,250,15,250,-15,250,15" hai1="8,9,81,86,89,132,133" hai3="11,15,16,44,49,55,57,62,64,82,90,92,96" /><INIT seed="1,1,0,4,3,111" ten="235,265,235,265" oya="1" hai0="96,42,87,36,76,131,2,4,117,45,132,84,69" hai1="53,97,47,126,35,77,49,60,129,90,101,118,13" hai2="18,70,102,109,71,78,6,34,127,119,8,82,100" hai3="112,5,3,38,40,52,23,9,91,16,86,64,43"/><U123/><E118/><V134/><F119/><W108/><G108/><T48/><D117/><U130/><E123/><V105/><F109/><W88/><G64/><T24/><D69/><N who="2" m="26122" /><F18/><W79/><G112/><T29/><D132/><U99/><E35/><V1/><F102/><W28/><G28/><T57/><D131/><N who="1" m="50187" /><E126/><V67/><F67/><W11/><G11/><T133/><D133/><U104/><E77/><V66/><F66/><W93/><G79/><T128/><D128/><U12/><E60/><V21/><F21/><W115/><G115/><T121/><D121/><U98/><E98/><N who="2" m="61591" /><F134/><W124/><G124/><T59/><D96/><U106/><E106/><V103/><F103/><W62/><G38/><T113/><D113/><U85/><E99/><V17/><F17/><W54/><G91/><T95/><D36/><U135/><E135/><V61/><F61/><W0/><G0/><T32/><D87/><U73/><E73/><N who="2" m="43343" /><F127/><W15/><REACH who="3" step="1"/><G62/><REACH who="3" ten="235,265,235,255" step="2"/><T55/><D76/><U22/><E22/><V56/><F34/><W125/><G125/><T31/><D31/><U120/><E120/><V19/><F1/><W41/><AGARI ba="1,1" hai="3,5,9,15,16,23,40,41,43,52,54,86,88,93" machi="41" ten="30,8000,1" yaku="1,1,0,1,54,3,53,0" doraHai="111" doraHaiUra="63" who="3" fromWho="3" sc="235,-21,265,-41,235,-21,255,93" /><INIT seed="2,0,0,4,1,10" ten="214,224,214,348" oya="2" hai0="84,88,108,83,29,81,3,67,92,102,43,79,97" hai1="119,40,55,131,103,6,86,23,45,56,116,99,120" hai2="80,101,25,38,126,35,134,8,14,112,24,54,18" hai3="41,66,106,17,28,30,2,96,73,113,117,111,34"/><V72/><F112/><W70/><G111/><T94/><D3/><U5/><E131/><V78/><F134/><W31/><G117/><T63/><D108/><U109/><E109/><V104/><F126/><W98/><G73/><T132/><D132/><U74/><E74/><V129/><F129/><W121/><G41/><T114/><D114/><U15/><E120/><V133/><F133/><W39/><G39/><T65/><D43/><U0/><E0/><V48/><F38/><W75/><G75/><T52/><D29/><U27/><E86/><V46/><REACH who="2" step="1"/><F35/><REACH who="2" ten="214,224,204,348" step="2"/><W123/><G34/><T135/><D135/><U95/><E116/><V76/><F76/><W57/><G113/><T91/><D79/><U11/><E119/><V42/><F42/><W128/><G128/><T9/><D9/><U13/><E11/><V64/><F64/><N who="0" m="24650" /><D91/><U105/><E6/><V125/><F125/><W90/><G90/><T82/><D82/><U100/><E5/><V87/><F87/><W59/><G121/><T49/><D63/><U21/><E40/><V71/><F71/><W58/><G70/><T89/><D89/><U22/><E103/><V107/><F107/><W68/><G106/><T118/><D118/><U36/><E105/><V50/><F50/><W20/><G123/><T62/><D62/><U47/><E36/><V124/><F124/><W53/><G68/><T60/><D60/><N who="1" m="35871" /><E27/><V19/><F19/><W93/><G66/><T12/><D12/><AGARI ba="0,1" hai="12,13,15,21,22,23,45,47,95,99,100" m="35871" machi="12" ten="30,7700,0" yaku="8,1,52,3" doraHai="10" who="1" fromWho="0" sc="214,-77,224,87,204,0,348,0" /><INIT seed="3,0,0,5,5,46" ten="137,311,204,348" oya="3" hai0="129,65,80,90,132,66,96,116,81,78,12,77,50" hai1="112,41,34,83,58,25,6,9,45,10,86,15,51" hai2="70,60,110,19,123,11,92,103,127,98,52,113,2" hai3="118,114,85,49,5,79,100,67,108,20,97,0,71"/><W128/><G114/><T18/><D129/><U89/><E112/><V39/><F110/><W126/><G126/><T42/><D132/><U35/><E25/><V17/><F92/><W44/><G118/><T28/><D116/><U27/><E27/><V56/><F56/><W111/><G20/><T30/><D96/><U26/><E26/><V13/><F60/><W122/><G122/><T94/><D94/><U99/><E99/><V101/><F17/><W16/><G16/><T36/><D36/><U82/><E82/><V121/><F13/><W32/><G32/><T69/><D69/><U115/><E115/><V14/><F14/><W1/><G128/><T33/><D33/><U57/><E57/><V38/><F11/><W124/><G124/><T95/><D95/><U109/><E109/><V93/><F93/><W72/><G0/><T24/><D24/><U54/><REACH who="1" step="1"/><E10/><REACH who="1" ten="137,301,204,348" step="2"/><V106/><F98/><W59/><G59/><T47/><D90/><U87/><E87/><V134/><F113/><W88/><G85/><T76/><D81/><U133/><E133/><V7/><F134/><W75/><G97/><T84/><D76/><U64/><E64/><V29/><F127/><W105/><G67/><T22/><REACH who="0" step="1"/><D77/><REACH who="0" ten="127,301,204,348" step="2"/><U23/><E23/><V107/><F123/><W63/><G79/><T119/><D119/><U125/><E125/><V91/><F121/><W40/><G108/><T117/><D117/><U120/><E120/><V43/><F91/><W48/><G111/><T73/><D73/><U55/><E55/><V4/><F52/><W3/><G72/><T37/><D37/><AGARI ba="0,2" hai="6,9,15,34,35,37,41,45,51,54,58,83,86,89" machi="37" ten="30,7700,0" yaku="1,1,6,1,7,1,52,1,53,0" doraHai="46" doraHaiUra="61" who="1" fromWho="0" sc="127,-77,301,97,204,0,348,0" owari="50,-45.0,398,49.8,204,-19.6,348,14.8" /></mjloggm>