<mjloggm ver="2.3"><GO type="225" lobby="0"/><UN n0="%E6%B4%BE%E9%81%A3%E3%81%AE%E3%82%B8%E3%83%A3%E3%83%83%E3%82%AF" n1="%E3%82%A2%E3%83%A1%E3%82%A2%E3%83%A9%E3%83%AC" n2="%4C%4F%4C%49%54%41" n3="%E3%81%BF%E3%81%BF%E3%81%9A" dan="17,16,16,18" rate="2187.74,2179.50,2187.49,2262.27" sx="M,M,F,M"/><TAIKYOKU oya="0"/><INIT seed="0,0,0,1,0,46" ten="250,250,250,250" oya="0" hai0="113,82,97,101,98,111,85,20,4,110,34,67,52" hai1="129,133,64,39,32,63,10,18,95,66,125,53,43" hai2="8,54,0,13,121,26,23,86,33,17,35,7,44" hai3="83,48,99,59,127,102,47,45,42,57,126,120,6"/><T78/><D34/><N who="2" m="12810" /><F86/><W14/><G120/><T36/><D36/><U134/><E32/><V9/><F121/><W87/><G14/><T3/><D67/><N who="1" m="25643" /><E95/><V2/><F54/><W19/><G6/><T135/><D113/><U16/><E10/><V40/><F44/><W75/><G19/><T90/><D135/><N who="1" m="51723" /><E125/><N who="3" m="47626" /><G75/><T60/><D20/><U80/><E129/><V124/><F40/><N who="3" m="24615" /><G87/><T89/><D4/><U29/><E29/><N who="2" m="17631" /><F124/><W62/><G83/><T56/><D3/><AGARI ba="0,0" hai="0,2,3,7,8,9,13,17" m="17631,12810" machi="3" ten="30,8000,1" yaku="35,5" doraHai="46" who="2" fromWho="0" sc="250,-80,250,0,250,80,250,0" /><INIT seed="1,0,0,2,1,34" ten="170,250,330,250" oya="1" hai0="65,82,85,2,114,47,51,66,44,6,111,18,109" hai1="20,68,115,126,92,122,91,135,7,58,97,38,57" hai2="23,83,76,29,84,106,9,93,4,52,56,14,124" hai3="48,15,108,96,11,32,74,105,55,26,117,79,61"/><U69/><E115/><V86/><F106/><W88/><G108/><N who="0" m="41547" /><D114/><U99/><E122/><V123/><F123/><W133/><G133/><T10/><D18/><U131/><E38/><V27/><F124/><W67/><G117/><T72/><D72/><U37/><E37/><V75/><REACH who="2" step="1"/><F93/><REACH who="2" ten="170,250,320,250" step="2"/><W46/><G105/><T70/><D70/><U80/><E92/><V21/><F21/><W128/><G32/><T129/><D129/><U100/><E20/><V0/><F0/><W1/><G1/><T102/><D102/><U130/><E100/><V25/><F25/><W64/><G26/><T54/><D47/><U13/><E126/><V113/><F113/><W24/><G128/><T90/><AGARI ba="0,1" hai="2,6,10,44,51,54,65,66,82,85,90" m="41547" machi="90" ten="30,2000,0" yaku="14,1,52,1" doraHai="34" who="0" fromWho="0" sc="170,30,250,-10,320,-5,250,-5" /><INIT seed="2,0,0,5,5,99" ten="200,240,315,245" oya="2" hai0="61,130,9,4,21,124,46,115,12,20,110,127,44" hai1="17,48,13,103,78,3,121,35,63,31,109,32,75" hai2="67,25,114,59,120,27,14,51,50,60,122,28,101" hai3="34,119,76,117,66,18,37,5,113,30,16,77,56"/><V116/><F114/><W62/><G37/><T89/><D115/><U6/><E109/><V33/><F116/><W80/><G113/><T70/><D110/><U98/><E121/><V90/><F27/><W0/><G77/><T15/><D130/><U69/><E48/><V65/><F65/><W36/><G36/><T2/><D89/><U54/><E31/><V42/><F101/><W111/><G111/><T107/><D107/><U123/><E123/><V40/><F14/><N who="0" m="5162" /><D61/><U125/><E125/><N who="0" m="48201" /><D70/><U102/><E69/><V26/><F90/><W93/><G93/><T23/><AGARI ba="0,0" hai="2,4,9,20,21,23,44,46" m="48201,5162" machi="23" ten="40,1500,0" yaku="18,1" doraHai="99" who="0" fromWho="0" sc="200,15,240,-4,315,-7,245,-4" /><INIT seed="3,0,0,0,5,33" ten="215,236,308,241" oya="3" hai0="93,95,52,84,11,105,19,35,124,49,121,114,73" hai1="54,112,37,46,74,1,82,115,70,111,86,27,60" hai2="76,36,0,131,97,83,100,78,56,103,38,69,39" hai3="5,71,89,23,79,63,80,17,134,120,24,109,123"/><W50/><G134/><T16/><D121/><U90/><E111/><V135/><F69/><W88/><G109/><T87/><D105/><U101/><E1/><V125/><F0/><W32/><G32/><T41/><D73/><U7/><E7/><V66/><F135/><W26/><G26/><T106/><D106/><U67/><E101/><V3/><F3/><W48/><G5/><T6/><D124/><U47/><E74/><V104/><F103/><W113/><G113/><T28/><D41/><U9/><E9/><V118/><F118/><W18/><G18/><N who="0" m="6699" /><D28/><U64/><E64/><V42/><F131/><W55/><G120/><T4/><D35/><U21/><E47/><V15/><F42/><W29/><G29/><T72/><D72/><U129/><E129/><V14/><F125/><W77/><G123/><T25/><D25/><U85/><E37/><V20/><F38/><W43/><G71/><T30/><D30/><U34/><E34/><V12/><F36/><W128/><G128/><T91/><D114/><U10/><E10/><V62/><F39/><W132/><G132/><T2/><D6/><U53/><E27/><V81/><F20/><W59/><G43/><T40/><D40/><U94/><E21/><V75/><F14/><W108/><G108/><T8/><D8/><U96/><E112/><V133/><F133/><W31/><G31/><T119/><D119/><U110/><E110/><V99/><F99/><W116/><G116/><T130/><D130/><U13/><E96/><V102/><F102/><W58/><G24/><T92/><D87/><AGARI ba="0,0" hai="12,15,56,62,66,75,76,78,81,83,87,97,100,104" machi="87" ten="30,1000,0" yaku="7,1" doraHai="33" who="2" fromWho="0" sc="215,-10,236,0,308,10,241,0" owari="205,-29.5,236,-16.4,318,41.8,241,4.1" /></mjloggm>