<mjloggm ver="2.3"><GO type="225" lobby="0"/><UN n0="%E3%81%99%E3%81%84%E3%81%BE%E3%81%9B%E3%83%BC%E3%82%93" n1="%48%61%61%61%6C%61%6E%64" n2="%E3%81%BE%E3%81%A8%E3%81%9F" n3="%E5%B0%8F%E9%B3%A5%E9%81%8A%E7%B7%B4%E7%84%A1%32%31%E6%AD%B3" dan="17,18,16,16" rate="2235.40,2284.14,2105.79,2148.90" sx="M,M,M,F"/><TAIKYOKU oya="0"/><INIT seed="0,0,0,5,2,113" ten="250,250,250,250" oya="0" hai0="125,82,128,37,130,64,1,72,67,24,4,114,107" hai1="75,29,39,105,36,111,45,21,91,115,99,121,2" hai2="33,135,48,129,52,41,35,13,108,119,17,54,120" hai3="77,102,88,69,5,50,9,10,87,47,11,20,28"/><T81/><D114/><U3/><E115/><V80/><F120/><W70/><G102/><T95/><D107/><U133/><E121/><V110/><F129/><N who="0" m="49770" /><D37/><U58/><E75/><V101/><F135/><W46/><G77/><N who="0" m="44199" /><D125/><U23/><E133/><V31/><F101/><W134/><G134/><T92/><D82/><U132/><E132/><V57/><F41/><W93/><G5/><T51/><D51/><U27/><E105/><V109/><F31/><W60/><G60/><T71/><D24/><U79/><E79/><V6/><F6/><W0/><G0/><T127/><D127/><U94/><E2/><V44/><F80/><W98/><G70/><T30/><D30/><U18/><E3/><V56/><F119/><W103/><G69/><T34/><D34/><U116/><E116/><V12/><F44/><W122/><G122/><T40/><D40/><U89/><E45/><V90/><F90/><W8/><N who="3" m="2048" /><DORA hai="106" /><W65/><G50/><T59/><D71/><U123/><E123/><V68/><F68/><W84/><G47/><T104/><D104/><U49/><E36/><V43/><F43/><W55/><G46/><T63/><D64/><U14/><E39/><V38/><F38/><W112/><G65/><T117/><D117/><U66/><E66/><V25/><F25/><N who="3" m="16423" /><G112/><T26/><D26/><U96/><E27/><V124/><F124/><W53/><G103/><T118/><D118/><U85/><E29/><V22/><REACH who="2" step="1"/><F12/><REACH who="2" ten="250,250,240,250" step="2"/><W19/><G88/><T61/><D4/><U86/><E91/><V73/><F73/><W74/><G74/><T42/><D1/><RYUUKYOKU ba="0,1" sc="250,-10,250,-10,240,30,250,-10" hai2="13,17,22,33,35,48,52,54,56,57,108,109,110" /><INIT seed="1,1,1,1,4,43" ten="240,240,270,240" oya="1" hai0="91,37,128,27,51,119,48,58,111,83,8,16,75" hai1="59,47,69,11,133,12,17,87,31,60,100,107,38" hai2="3,106,2,42,116,32,70,26,71,50,66,9,98" hai3="57,76,15,114,118,30,45,7,102,88,68,21,22"/><U53/><E133/><V23/><F32/><W89/><G68/><T101/><D119/><U44/><E38/><V131/><F131/><W18/><G114/><T122/><D37/><U1/><E1/><V90/><F66/><W73/><G102/><T0/><D128/><U108/><E108/><V77/><F77/><W129/><G129/><T81/><D111/><U6/><E69/><V41/><F41/><W29/><G7/><T72/><D101/><U46/><E31/><V82/><F106/><W13/><G57/><T20/><D122/><U95/><E107/><V80/><F80/><W110/><G110/><T85/><D58/><U121/><E121/><V19/><F116/><W93/><G76/><T25/><D25/><U126/><E126/><V54/><F42/><W67/><G67/><T36/><D36/><U103/><E6/><V35/><F35/><W112/><G73/><T134/><D134/><U115/><E115/><V109/><F109/><W117/><G112/><T5/><REACH who="0" step="1"/><D83/><REACH who="0" ten="230,240,270,240" step="2"/><U61/><E61/><V96/><F82/><W79/><G118/><T127/><D127/><U55/><E55/><V130/><F71/><W52/><G117/><T74/><AGARI ba="1,2" hai="0,5,8,16,20,27,48,51,72,74,75,81,85,91" machi="74" ten="30,4000,0" yaku="1,1,0,1,54,1,53,0" doraHai="43" doraHaiUra="64" who="0" fromWho="0" sc="230,63,240,-21,270,-11,240,-11" /><INIT seed="2,0,0,1,3,6" ten="293,219,259,229" oya="2" hai0="18,55,118,1,69,128,114,2,102,133,20,49,28" hai1="35,90,65,52,109,68,25,117,44,94,58,67,32" hai2="129,3,115,77,36,19,89,38,100,99,73,40,86" hai3="51,83,123,126,50,34,7,132,61,31,120,41,122"/><V72/><F115/><W75/><G132/><T14/><D114/><U107/><E117/><V130/><F3/><W43/><G61/><T106/><D69/><U39/><E107/><N who="2" m="63903" /><F40/><W113/><G113/><T8/><D133/><U33/><E109/><V74/><F19/><W56/><G126/><T108/><D108/><U11/><E68/><V64/><F64/><W26/><G7/><T88/><D118/><U124/><E124/><V9/><F9/><W111/><G111/><T5/><D1/><U54/><E25/><V95/><F36/><W47/><G56/><T80/><D28/><U0/><E0/><V135/><F38/><W27/><G27/><T131/><D102/><U84/><E11/><V15/><F15/><W30/><G30/><T21/><D106/><U101/><E101/><V104/><F104/><W93/><G93/><T13/><D21/><U23/><E23/><V79/><F135/><W134/><G134/><T70/><D70/><U112/><E112/><V82/><F77/><W16/><G16/><T29/><D29/><U4/><E4/><V96/><AGARI ba="0,0" hai="72,73,74,79,82,86,89,95,96,129,130" m="63903" machi="96" ten="40,3900,0" yaku="34,2" doraHai="6" who="2" fromWho="2" sc="293,-13,219,-13,259,39,229,-13" /><INIT seed="2,1,0,2,0,30" ten="280,206,298,216" oya="2" hai0="111,109,79,47,43,82,84,73,97,27,95,51,58" hai1="87,33,91,114,118,26,99,69,46,127,124,131,31" hai2="85,45,66,48,135,22,20,28,100,16,83,80,74" hai3="44,32,72,56,93,10,133,54,7,89,41,62,5"/><V15/><F135/><W17/><G72/><T132/><D132/><U134/><E134/><V90/><F100/><W126/><G126/><N who="1" m="48170" /><E114/><V64/><F74/><W12/><G32/><T63/><D27/><U53/><E118/><V65/><F80/><W23/><G10/><T55/><REACH who="0" step="1"/><D73/><REACH who="0" ten="270,206,298,216" step="2"/><U29/><E131/><V108/><F108/><W104/><G133/><T128/><D128/><U112/><E112/><V19/><F28/><W24/><G104/><T36/><D36/><U94/><E29/><V92/><F92/><W9/><G24/><T50/><D50/><N who="1" m="28887" /><E69/><V42/><REACH who="2" step="1"/><F19/><REACH who="2" ten="270,206,288,216" step="2"/><W110/><G17/><T3/><D3/><U57/><E94/><V123/><F123/><W129/><G93/><T78/><D78/><U14/><E31/><V1/><F1/><W49/><G129/><T0/><D0/><U130/><E130/><V102/><F102/><AGARI ba="1,2" hai="43,47,51,55,58,63,79,82,84,95,97,102,109,111" machi="102" ten="40,1300,0" yaku="1,1,53,0" doraHai="30" doraHaiUra="105" who="0" fromWho="2" sc="270,36,206,0,288,-16,216,0" /><INIT seed="3,0,0,5,0,76" ten="306,206,272,216" oya="3" hai0="112,74,45,83,20,64,21,107,2,94,99,37,0" hai1="88,53,118,117,24,78,11,95,42,22,104,28,48" hai2="31,56,52,34,80,125,61,29,14,100,121,19,17" hai3="68,119,84,8,133,30,114,91,58,106,43,90,26"/><W35/><G114/><T89/><D112/><U105/><E42/><V44/><F34/><W77/><G119/><N who="1" m="45578" /><E78/><V7/><F125/><W73/><G68/><T38/><D64/><U46/><E11/><N who="2" m="4479" /><F121/><W66/><G106/><T5/><D107/><U85/><AGARI ba="0,0" hai="22,24,28,46,48,53,85,88,95,104,105" m="45578" machi="85" ten="30,2000,0" yaku="12,1,54,1" doraHai="76" who="1" fromWho="1" sc="306,-5,206,20,272,-5,216,-10" owari="301,40.1,226,-17.4,267,6.7,206,-29.4" /></mjloggm>