<mjloggm ver="2.3"><GO type="225" lobby="0"/><UN n0="%72%61%6B%33" n1="%E3%81%99%E3%81%84%E3%81%BE%E3%81%9B%E3%83%BC%E3%82%93" n2="%E3%81%AA%E3%81%A1%30%39%32%37" n3="%E3%83%B4%E3%82%A3%E3%83%AF%E3%82%B3%E3%82%B0%E3%83%8B" dan="17,16,16,16" rate="2139.16,2210.36,2095.21,2167.83" sx="M,M,M,M"/><TAIKYOKU oya="0"/><INIT seed="0,0,0,1,3,30" ten="250,250,250,250" oya="0" hai0="106,87,118,91,20,42,38,99,28,18,43,72,47" hai1="115,21,15,82,29,55,133,78,129,125,74,33,111" hai2="116,59,6,84,100,132,11,23,14,39,90,2,88" hai3="48,103,45,25,123,79,51,12,66,92,112,60,52"/><T77/><D118/><U54/><E125/><V102/><F132/><W26/><G112/><T64/><D42/><U16/><E133/><V113/><F113/><W57/><G123/><T93/><D28/><U81/><E115/><V122/><F122/><W89/><G103/><T98/><D64/><U40/><E111/><V17/><F116/><W34/><G34/><T109/><D109/><U5/><E129/><V94/><F39/><W65/><G79/><T68/><D68/><U128/><E128/><V31/><F59/><W32/><G32/><T58/><D58/><U131/><E131/><V80/><REACH who="2" step="1"/><F31/><REACH who="2" ten="250,250,240,250" step="2"/><W95/><G57/><T126/><D126/><U10/><E29/><V27/><F27/><W35/><G26/><T114/><D114/><U69/><E69/><V135/><F135/><W110/><G25/><T124/><D124/><U96/><E33/><V117/><F117/><W7/><G35/><T75/><D106/><U130/><E130/><V24/><F24/><W61/><G110/><T63/><D38/><U37/><E37/><V134/><F134/><W53/><G45/><T1/><D47/><U46/><E46/><V70/><F70/><W97/><G65/><T56/><D56/><U120/><E120/><V9/><F9/><W127/><G66/><T76/><D63/><U71/><E71/><V49/><F49/><W41/><G60/><T83/><D20/><U67/><E67/><V107/><F107/><W13/><G61/><T44/><D44/><U62/><E62/><V104/><F104/><W36/><G36/><T8/><D8/><U86/><E10/><RYUUKYOKU ba="0,1" sc="250,-10,250,-10,240,30,250,-10" hai2="2,6,11,14,17,23,80,84,88,90,94,100,102" /><INIT seed="1,1,1,3,2,37" ten="240,240,270,240" oya="1" hai0="119,133,118,11,86,107,126,113,127,112,98,19,49" hai1="7,61,64,32,111,77,60,17,55,123,47,38,102" hai2="33,25,85,93,57,63,36,39,79,124,26,46,65" hai3="53,105,34,21,29,24,1,16,56,103,13,75,114"/><U23/><E123/><V82/><F124/><N who="0" m="47658" /><D49/><U22/><E32/><V42/><F33/><W40/><G114/><N who="0" m="44139" /><D19/><U31/><E111/><V131/><F131/><W88/><G75/><T110/><D11/><U135/><E135/><V14/><F93/><W97/><G1/><T0/><D0/><U70/><E7/><V122/><F122/><W96/><G40/><T67/><D67/><U132/><E132/><V130/><F130/><W28/><G34/><T45/><D45/><U76/><E102/><V5/><REACH who="2" step="1"/><F36/><REACH who="2" ten="240,240,260,240" step="2"/><W30/><G105/><T9/><D133/><U128/><E128/><V84/><F84/><W89/><G103/><N who="0" m="62967" /><D9/><AGARI ba="1,2" hai="5,9,14,25,26,39,42,46,57,63,65,79,82,85" machi="9" ten="40,5200,0" yaku="1,1,52,1,53,1" doraHai="37" doraHaiUra="43" who="2" fromWho="0" sc="240,-55,240,0,260,75,240,0" /><INIT seed="2,0,0,3,4,41" ten="185,240,335,240" oya="2" hai0="43,11,44,2,16,50,64,73,30,90,65,27,81" hai1="57,46,56,133,95,91,18,127,36,24,108,66,114" hai2="7,109,93,14,77,9,59,72,118,131,51,63,117" hai3="106,32,53,20,115,123,39,62,96,92,125,76,29"/><V116/><F131/><W19/><G123/><T101/><D101/><U40/><E114/><V122/><F122/><W45/><G106/><T132/><D132/><U75/><E133/><V22/><F109/><W126/><G115/><T6/><D16/><U3/><E108/><V130/><F130/><W83/><G29/><T124/><D124/><N who="3" m="47721" /><G32/><T129/><D129/><U80/><E3/><V35/><F35/><W135/><G135/><T99/><D99/><U13/><E24/><V107/><F107/><W28/><G28/><T112/><D112/><U61/><E127/><V17/><F93/><W60/><G53/><T87/><REACH who="0" step="1"/><D73/><REACH who="0" ten="175,240,335,240" step="2"/><U134/><E134/><V33/><F17/><W85/><G19/><T26/><D26/><U5/><E75/><V89/><F72/><W31/><G31/><T71/><D71/><U78/><E18/><V58/><F117/><W100/><G20/><AGARI ba="0,1" hai="2,6,11,20,27,30,43,44,50,64,65,81,87,90" machi="20" ten="30,7700,0" yaku="1,1,7,1,52,1,53,1" doraHai="41" doraHaiUra="1" who="0" fromWho="3" sc="175,87,240,0,335,0,240,-77" /><INIT seed="3,0,0,0,4,77" ten="262,240,335,163" oya="3" hai0="26,95,40,100,7,4,102,96,133,20,52,132,50" hai1="42,94,32,126,124,101,34,127,76,66,27,49,131" hai2="30,31,98,119,28,112,107,57,135,35,75,128,116" hai3="29,11,5,23,72,73,61,48,14,88,89,24,47"/><W122/><G122/><T106/><D40/><U97/><E131/><V65/><F75/><W123/><G123/><T60/><D60/><U6/><E66/><V105/><F35/><W17/><G72/><T134/><D102/><U2/><E76/><V12/><F12/><W16/><G73/><T33/><D106/><U18/><E6/><V114/><F30/><W15/><G61/><T117/><D33/><U10/><E2/><V37/><F98/><W0/><G0/><T81/><D81/><U45/><E10/><V99/><F99/><W22/><REACH who="3" step="1"/><G5/><REACH who="3" ten="262,240,335,153" step="2"/><T78/><D117/><U36/><E36/><V70/><F37/><W21/><G21/><AGARI ba="0,1" hai="18,21,27,32,34,42,45,49,94,97,101,124,126,127" machi="21" ten="40,1300,0" yaku="18,1" doraHai="77" who="1" fromWho="3" sc="262,0,240,23,335,0,153,-13" owari="262,-13.8,263,6.3,335,43.5,140,-36.0" /></mjloggm>