<mjloggm ver="2.3"><GO type="225" lobby="0"/><UN n0="%E3%81%9F%E3%81%8C%E3%82%84%E3%81%99" n1="%E3%81%9F%E3%81%A3%E3%81%A1%E3%82%87" n2="%E3%81%A1%E3%82%85%E3%81%86%E3%81%A9%E3%81%8F%E8%B1%A1%E3%81%95%E3%82%93" n3="%48%61%61%61%6C%61%6E%64" dan="16,16,17,17" rate="2133.80,2070.16,2204.60,2214.18" sx="M,M,M,M"/><TAIKYOKU oya="0"/><INIT seed="0,0,0,1,4,49" ten="250,250,250,250" oya="0" hai0="4,120,117,104,68,16,67,42,36,54,40,32,62" hai1="23,94,22,112,3,106,133,126,96,74,84,37,82" hai2="102,92,79,29,81,47,17,113,52,63,11,125,31" hai3="28,101,64,2,57,27,26,12,6,60,122,38,21"/><T9/><D104/><U114/><E37/><V123/><F113/><N who="1" m="43625" /><E3/><V70/><F123/><W130/><G122/><T91/><D117/><U55/><E55/><V24/><BYE who="1" /><F125/><W50/><G38/><T97/><D32/><U73/><E73/><V108/><F108/><W99/><G130/><T35/><D35/><U124/><E124/><V77/><F70/><W69/><G2/><T75/><D75/><U127/><E127/><V46/><F46/><W18/><G6/><T128/><D120/><U109/><E109/><V66/><F66/><W107/><REACH who="3" step="1"/><G28/><REACH who="3" ten="250,250,250,240" step="2"/><T56/><D128/><U58/><E58/><N who="2" m="35271" /><F29/><UN n1="%E3%81%9F%E3%81%A3%E3%81%A1%E3%82%87" /><W71/><G71/><T48/><D36/><U118/><E126/><V76/><F47/><W121/><G121/><T131/><D131/><U0/><E0/><V100/><F81/><W119/><G119/><T51/><D68/><U134/><E82/><V15/><F92/><W61/><G61/><T105/><D62/><U116/><E118/><V88/><F31/><W87/><G87/><T95/><D105/><U93/><E84/><V98/><F24/><W110/><G110/><T129/><D129/><U132/><E116/><V19/><F19/><W85/><G85/><T72/><D72/><U7/><E74/><V1/><F1/><W41/><G41/><N who="0" m="15979" /><D16/><U30/><E7/><V20/><F98/><W135/><G135/><T78/><D97/><U86/><E30/><V103/><F11/><W45/><G45/><T83/><D9/><U5/><E5/><V14/><F17/><W8/><G8/><T13/><D4/><U111/><E96/><V44/><F44/><RYUUKYOKU ba="0,1" sc="250,-10,250,-10,250,-10,240,30" hai3="12,18,21,26,27,50,57,60,64,69,99,101,107" /><INIT seed="1,1,1,5,3,94" ten="240,240,240,270" oya="1" hai0="127,123,112,77,40,56,1,104,133,6,87,38,2" hai1="113,4,12,114,55,18,62,111,97,99,22,116,9" hai2="126,21,45,34,98,106,129,83,115,108,95,100,68" hai3="78,128,60,10,131,16,107,93,42,84,50,33,61"/><U3/><E116/><V69/><F34/><W130/><G107/><T65/><D104/><U110/><E55/><V85/><F108/><N who="1" m="41513" /><E62/><V82/><F126/><W64/><G33/><T17/><D87/><U54/><E54/><V58/><F129/><W71/><G60/><T53/><D17/><U121/><E121/><V63/><F115/><AGARI ba="1,1" hai="3,4,9,12,18,22,97,99,113,114,115" m="41513" machi="115" ten="30,11600,0" yaku="14,1,10,1,52,2" doraHai="94" who="1" fromWho="2" sc="240,0,240,129,240,-119,270,0" /><INIT seed="1,2,0,1,4,80" ten="240,369,121,270" oya="1" hai0="106,65,9,118,79,40,78,112,24,28,96,36,29" hai1="41,122,104,51,81,23,101,85,42,114,102,123,31" hai2="3,27,14,93,56,105,50,35,57,71,59,25,74" hai3="22,2,64,82,0,97,94,16,87,113,30,72,107"/><U68/><E114/><V48/><F105/><W100/><G113/><T130/><D40/><U44/><E68/><V17/><F71/><W33/><G64/><T11/><D36/><U77/><E41/><V47/><F3/><W58/><G58/><T73/><D112/><U45/><E45/><V91/><F74/><W1/><G33/><T99/><D65/><U110/><E110/><V18/><F35/><W124/><G30/><T4/><D24/><U10/><E10/><V5/><F5/><W53/><G53/><T12/><D12/><U60/><E60/><V115/><F115/><W69/><G69/><T20/><D130/><U92/><E104/><V126/><F126/><W132/><G124/><T19/><D106/><U127/><E127/><V75/><F75/><W121/><G121/><T103/><D4/><U32/><E32/><V88/><F47/><W90/><G132/><T98/><D103/><U116/><E116/><V108/><F108/><W84/><G72/><T63/><D63/><U131/><E131/><V125/><F125/><W62/><G62/><T67/><D67/><U6/><E102/><V133/><F133/><W66/><G66/><T13/><D118/><U117/><E101/><V61/><F61/><W49/><G49/><N who="2" m="19049" /><F91/><W70/><G70/><T95/><D95/><U54/><E92/><V128/><F128/><W46/><G46/><T8/><REACH who="0" step="1"/><D73/><REACH who="0" ten="230,369,121,270" step="2"/><N who="1" m="43183" /><E117/><V86/><F17/><W76/><G0/><T37/><D37/><U83/><E122/><V26/><F26/><AGARI ba="2,1" hai="1,2,16,22,26,76,82,84,87,90,94,97,100,107" machi="26" ten="30,7700,0" yaku="7,1,52,2,54,1" doraHai="80" who="3" fromWho="2" sc="230,0,369,0,121,-83,270,93" /><INIT seed="2,0,0,1,2,101" ten="230,369,38,363" oya="2" hai0="89,126,64,60,85,66,15,93,55,48,33,43,65" hai1="12,4,42,61,16,29,83,78,5,30,49,96,58" hai2="124,38,121,135,111,95,39,81,25,47,72,7,21" hai3="127,59,32,62,130,76,125,131,109,45,122,116,92"/><V100/><F121/><W84/><G122/><T13/><D33/><U114/><E114/><V68/><F68/><W77/><G32/><T3/><D3/><U34/><E96/><V1/><F124/><N who="3" m="47691" /><G116/><T112/><D112/><U91/><E34/><V117/><F117/><W118/><G118/><T108/><D126/><U57/><E91/><V20/><F135/><W22/><G45/><N who="0" m="25663" /><D108/><U87/><E42/><V28/><F111/><W94/><G22/><T129/><D129/><N who="3" m="49161" /><G109/><T23/><D23/><U51/><E29/><V19/><F7/><W110/><G110/><T11/><D11/><N who="1" m="6175" /><E30/><V27/><F1/><W40/><G40/><T35/><D35/><U133/><E4/><V67/><F67/><W17/><G17/><T97/><D97/><U9/><E5/><V0/><F0/><W46/><G46/><T73/><D73/><U103/><E9/><V98/><REACH who="2" step="1"/><F47/><REACH who="2" ten="230,369,28,363" step="2"/><W37/><G37/><T14/><D66/><U88/><E57/><AGARI ba="0,1" hai="13,14,15,55,57,60,64,65,85,89,93" m="25663" machi="57" ten="30,1000,0" yaku="8,1" doraHai="101" who="0" fromWho="1" sc="230,20,369,-10,28,0,363,0" /><INIT seed="3,0,0,2,0,57" ten="250,359,28,363" oya="3" hai0="89,97,19,31,54,70,51,93,87,121,44,43,67" hai1="79,29,120,66,98,74,26,46,135,102,48,103,23" hai2="62,27,91,92,99,32,68,45,112,56,60,115,9" hai3="104,73,21,7,111,110,75,71,130,16,88,61,100"/><W52/><G130/><T39/><D31/><U106/><E120/><V101/><F9/><W42/><G7/><T33/><D33/><U83/><E135/><V114/><F27/><W25/><G42/><T108/><D108/><N who="3" m="41513" /><G88/><T86/><D121/><U116/><E102/><V64/><F32/><W53/><G104/><T12/><D19/><U37/><E66/><V69/><F91/><W95/><G95/><T122/><D122/><U96/><E96/><V6/><F6/><W78/><G100/><T10/><D12/><U81/><E83/><V58/><F92/><W126/><G126/><T47/><D10/><U17/><E116/><V132/><F99/><W125/><G125/><T72/><D72/><N who="3" m="27721" /><G78/><T82/><D82/><U107/><E37/><V118/><F101/><W24/><G24/><T49/><D39/><U84/><E74/><V117/><F132/><W85/><G85/><T20/><D20/><U38/><E38/><V129/><F129/><W0/><G0/><T18/><D18/><U127/><E127/><V36/><F117/><W131/><G131/><T94/><D94/><U128/><E128/><V5/><F5/><W124/><G124/><T4/><D4/><U35/><E107/><V13/><F13/><W109/><G109/><T63/><REACH who="0" step="1"/><D43/><REACH who="0" ten="240,359,28,363" step="2"/><U76/><E17/><V22/><F118/><W80/><G80/><T28/><D28/><U65/><E35/><V8/><F8/><W113/><G16/><T2/><D2/><U3/><E3/><V123/><F22/><W77/><G21/><T1/><D1/><U11/><E11/><V134/><F123/><RYUUKYOKU ba="0,1" sc="240,30,359,-10,28,-10,363,-10" hai0="44,47,49,51,54,63,67,70,86,87,89,93,97" owari="270,-13.0,349,14.9,18,-48.2,363,46.3" /></mjloggm>