<mjloggm ver="2.3"><GO type="225" lobby="0"/><UN n0="%E4%B8%96%E7%95%8C%E3%81%AE%E4%BA%80%E4%BA%95" n1="%E3%82%82%E3%81%86%E3%81%93%E3%82%8A%E3%81%94%E3%82%8A%E3%82%89" n2="%E4%B8%AD%E5%B9%B4%E3%81%AE%E5%8D%B1%E6%A9%9F" n3="%6D%75%75%6D%75%72%61" dan="17,16,17,16" rate="2194.00,2144.74,2261.49,2158.86" sx="M,M,M,F"/><TAIKYOKU oya="0"/><INIT seed="0,0,0,0,3,24" ten="250,250,250,250" oya="0" hai0="119,11,22,93,25,129,114,134,16,23,108,122,77" hai1="6,98,3,109,14,8,43,40,57,33,69,81,95" hai2="85,65,29,39,104,105,118,117,13,34,52,102,67" hai3="35,56,32,28,37,83,101,103,110,18,47,90,71"/><T12/><D114/><U126/><E69/><V91/><F39/><W106/><G71/><T72/><D119/><N who="2" m="45578" /><F13/><W15/><G110/><T94/><D122/><U10/><E109/><V64/><F102/><W131/><G131/><T99/><D108/><U63/><E33/><V49/><F34/><W2/><G2/><T61/><D129/><U112/><E126/><V82/><F29/><W76/><G90/><T88/><D134/><U41/><E81/><V59/><AGARI ba="0,0" hai="49,52,59,64,65,67,82,85,91,104,105" m="45578" machi="59" ten="30,2000,0" yaku="12,1,54,1" doraHai="24" who="2" fromWho="2" sc="250,-10,250,-5,250,20,250,-5" /><INIT seed="1,0,0,5,5,81" ten="240,245,270,245" oya="1" hai0="88,73,12,118,119,116,32,80,123,75,54,135,117" hai1="55,71,93,120,99,92,124,100,38,72,18,106,35" hai2="74,107,62,134,9,26,48,21,86,129,33,76,84" hai3="57,16,95,13,90,44,68,50,115,49,22,110,103"/><U39/><E120/><V40/><F107/><W101/><G68/><T0/><D0/><U24/><E72/><V94/><F33/><W56/><G110/><T133/><D32/><U61/><E124/><V15/><F74/><W89/><G115/><T10/><D123/><U5/><E5/><N who="2" m="3503" /><F134/><N who="0" m="51210" /><D54/><U3/><E3/><V4/><F4/><W31/><G31/><T2/><D2/><U36/><E55/><V43/><F129/><W97/><G89/><T41/><D41/><N who="2" m="15946" /><F76/><W23/><G23/><T28/><D28/><N who="1" m="19847" /><E18/><N who="2" m="12599" /><F48/><N who="3" m="18539" /><G44/><T122/><D122/><U58/><E58/><AGARI ba="0,0" hai="13,16,22,56,57,58,90,95,97,101,103" m="18539" machi="58" ten="30,2000,0" yaku="8,1,54,1" doraHai="81" who="3" fromWho="1" sc="240,0,245,-20,270,0,245,20" /><INIT seed="2,0,0,4,3,131" ten="240,225,270,265" oya="2" hai0="22,25,93,33,3,135,51,9,63,116,41,66,10" hai1="121,123,45,69,4,40,114,101,79,84,122,91,54" hai2="90,18,99,87,100,85,96,109,128,80,14,13,126" hai3="24,88,62,19,59,12,124,44,38,92,134,125,11"/><V89/><F128/><W132/><G38/><T71/><D33/><U68/><E114/><V15/><F126/><N who="3" m="48747" /><G44/><T49/><D116/><U31/><E79/><V20/><F109/><W127/><N who="3" m="48755" /><W81/><DORA hai="23" /><G81/><T61/><D61/><U97/><E54/><V65/><F65/><N who="3" m="39135" /><G24/><T76/><D41/><U5/><E31/><V118/><F118/><W57/><G57/><T43/><D43/><U7/><E84/><AGARI ba="0,0" hai="11,12,19,84,88,92,132,134" m="39135,48755" machi="84" ten="40,8000,1" yaku="18,1,52,2,54,1" doraHai="131,23" who="3" fromWho="1" sc="240,0,225,-80,270,0,265,80" /><INIT seed="3,0,0,0,5,97" ten="240,145,270,345" oya="3" hai0="71,11,43,113,79,38,31,99,67,130,44,66,24" hai1="0,114,106,124,49,87,78,76,9,18,70,69,119" hai2="105,68,83,102,1,126,84,19,122,27,127,53,42" hai3="90,72,54,89,33,120,40,6,85,22,128,93,64"/><W60/><G33/><T81/><D130/><U94/><E106/><V104/><F1/><W5/><G72/><T48/><D113/><U55/><E114/><V14/><F68/><W4/><G120/><T59/><D71/><U8/><E124/><N who="2" m="47659" /><F42/><W46/><G54/><T112/><D112/><U110/><E110/><V52/><F27/><W132/><G132/><T73/><D48/><U131/><E131/><V10/><F122/><W41/><G46/><T12/><D59/><U133/><E133/><V26/><F26/><W56/><G128/><T28/><D99/><U63/><E119/><V96/><F105/><W107/><G107/><T109/><D109/><U129/><E129/><V32/><F32/><W57/><G57/><T45/><D45/><U116/><E116/><V34/><F34/><W135/><G135/><T50/><D38/><U82/><E76/><V62/><F62/><W7/><G60/><T88/><D31/><U16/><E94/><V30/><F30/><W80/><G93/><T103/><D103/><U100/><E70/><V2/><F2/><W115/><G40/><T25/><D25/><U39/><E39/><V47/><F47/><W101/><G41/><T51/><D51/><U134/><E134/><V17/><F17/><W3/><G56/><T61/><D61/><U86/><E69/><V118/><F118/><W58/><G58/><T74/><D74/><U21/><E16/><V20/><F20/><W15/><G22/><T37/><D37/><U91/><E21/><V121/><F121/><W23/><G23/><T65/><D43/><U75/><E0/><RYUUKYOKU ba="0,0" sc="240,-10,145,-10,270,30,345,-10" hai2="10,14,19,52,53,83,84,96,102,104" owari="230,-17.0,135,-36.5,300,10.0,335,43.5" /></mjloggm>