<mjloggm ver="2.3"><GO type="225" lobby="0"/><UN n0="%E3%81%BF%E3%81%BF%E3%81%9A" n1="%E5%BE%AE%E5%B7%AE%E3%81%AE%E4%BD%95%E5%88%87%E3%82%8B%EF%BC%9C%E9%81%8B" n2="%E5%B8%86%E7%AB%8B%E5%A4%8F%E8%A1%A3" n3="%E6%B4%BE%E9%81%A3%E3%81%AE%E3%82%B8%E3%83%A3%E3%83%83%E3%82%AF" dan="18,16,16,17" rate="2255.80,2133.48,2135.65,2238.52" sx="M,M,M,M"/><TAIKYOKU oya="0"/><INIT seed="0,0,0,0,3,17" ten="250,250,250,250" oya="0" hai0="103,29,45,79,85,73,35,9,26,49,24,41,56" hai1="112,115,34,100,117,88,89,66,99,96,14,106,135" hai2="59,94,110,25,16,72,18,11,48,120,71,44,125" hai3="124,102,126,83,69,108,7,67,81,63,107,37,54"/><T22/><D73/><U3/><E3/><V39/><F120/><W78/><G37/><T38/><D103/><U51/><E34/><V64/><F72/><W105/><G108/><T84/><D79/><U70/><E70/><V60/><F125/><N who="3" m="48235" /><G7/><T97/><D97/><U114/><E66/><V133/><F133/><W20/><G54/><T131/><D131/><U93/><E51/><V50/><F110/><W116/><G116/><T119/><D9/><U134/><E14/><N who="2" m="7263" /><F39/><W87/><G83/><T32/><D119/><U5/><E5/><V76/><F71/><W98/><G105/><T111/><D111/><U91/><E117/><V92/><F76/><W82/><G82/><T2/><D2/><U62/><E62/><V61/><F61/><W53/><G53/><T10/><D10/><U31/><E31/><V75/><F75/><W121/><G121/><T1/><D1/><U28/><E28/><V8/><F48/><W127/><N who="3" m="48243" /><W113/><DORA hai="21" /><G113/><T6/><D6/><U40/><E40/><N who="2" m="24839" /><F8/><W33/><G33/><T12/><D35/><U130/><REACH who="1" step="1"/><E130/><REACH who="1" ten="250,240,250,250" step="2"/><V65/><F65/><W43/><G43/><T42/><D42/><U122/><E122/><V47/><F47/><W128/><G128/><T4/><D4/><U123/><E123/><V55/><F64/><W13/><G13/><T36/><D12/><U19/><E19/><V46/><F46/><W86/><G67/><T109/><D109/><U30/><E30/><V80/><F80/><N who="3" m="47383" /><G69/><T132/><D38/><U52/><E52/><V104/><F104/><W15/><G15/><T57/><D36/><RYUUKYOKU ba="0,1" sc="250,-15,240,15,250,15,250,-15" hai1="88,89,91,93,96,99,100,106,112,114,115,134,135" hai2="18,25,55,59,60,92,94" /><INIT seed="1,1,1,1,3,124" ten="235,255,265,235" oya="1" hai0="57,129,45,84,0,102,21,85,131,63,20,62,93" hai1="34,22,90,49,26,101,2,121,28,95,126,81,1" hai2="134,71,73,18,56,75,118,133,132,108,92,122,12" hai3="66,80,119,113,7,10,9,97,86,55,3,37,19"/><U5/><E121/><V35/><F71/><W38/><G113/><T67/><D0/><U69/><E126/><V70/><F70/><W32/><G32/><T11/><D11/><U16/><E69/><V96/><F122/><W58/><G66/><T125/><D125/><U13/><E101/><V106/><F35/><W39/><G97/><N who="0" m="59695" /><D62/><U59/><E81/><V82/><F118/><W30/><G30/><T61/><D45/><U114/><E114/><V78/><F108/><W40/><G119/><T24/><D61/><U52/><E5/><V110/><F110/><W103/><G103/><T43/><D43/><U123/><E123/><V36/><F36/><W109/><G109/><T8/><D8/><U31/><E28/><V77/><F56/><W111/><G111/><T51/><D51/><U91/><E91/><N who="2" m="55327" /><F12/><W135/><G135/><T41/><D41/><U6/><E6/><V46/><F46/><W23/><G40/><T4/><D4/><U130/><E130/><N who="0" m="49673" /><D20/><U76/><REACH who="1" step="1"/><E76/><REACH who="1" ten="235,245,265,235" step="2"/><V83/><F106/><W25/><G7/><T15/><D15/><U27/><E27/><V104/><F104/><W94/><G3/><T68/><D68/><U60/><E60/><V99/><F134/><W100/><G25/><T89/><D89/><U14/><E14/><V53/><F133/><W54/><G100/><T88/><D88/><U120/><E120/><V42/><F132/><W127/><G127/><T65/><D65/><U107/><E107/><V44/><F78/><W64/><G64/><T115/><D115/><U105/><E105/><V116/><F77/><W98/><G94/><RYUUKYOKU ba="1,2" sc="235,15,245,15,265,-15,235,-15" hai0="21,24,57,63,67,84,85" hai1="1,2,13,16,22,26,31,34,49,52,59,90,95" /><INIT seed="1,2,2,0,1,20" ten="250,260,250,220" oya="1" hai0="2,84,73,114,134,13,69,78,79,110,72,132,106" hai1="46,126,18,47,75,117,50,125,54,45,64,71,119" hai2="127,90,70,33,44,55,107,29,49,21,92,99,35" hai3="37,94,82,58,113,63,111,26,130,101,43,38,23"/><U6/><E6/><V86/><F127/><N who="1" m="48649" /><E18/><V97/><F70/><W116/><G113/><T123/><D2/><U59/><E75/><N who="0" m="28745" /><D69/><U133/><E133/><N who="0" m="51305" /><D114/><U19/><E19/><V109/><F109/><W121/><G121/><T91/><D110/><U3/><E3/><V83/><F107/><W77/><G111/><T85/><D123/><U16/><E16/><V15/><F15/><W8/><G8/><T28/><D13/><U115/><E115/><V9/><F9/><W128/><G116/><N who="1" m="44618" /><E71/><V93/><F35/><W76/><G43/><T81/><D28/><U95/><E95/><N who="2" m="36427" /><F33/><W124/><G124/><T96/><D85/><U88/><E88/><V68/><F68/><W87/><G76/><T122/><D122/><U27/><E27/><AGARI ba="2,2" hai="21,27,29,44,49,55,83,86,90,97,99" m="36427" machi="27" ten="30,2000,0" yaku="8,1,52,1" doraHai="20" who="2" fromWho="1" sc="250,0,260,-26,250,46,220,0" /><INIT seed="2,0,0,2,2,113" ten="250,234,296,220" oya="2" hai0="6,59,20,44,101,83,133,110,54,29,86,27,66" hai1="34,69,11,62,103,43,82,132,73,134,97,84,41" hai2="65,19,95,130,15,92,2,45,131,46,5,16,122" hai3="106,88,49,98,3,102,96,75,115,24,64,105,77"/><V33/><F122/><W81/><G3/><T47/><D110/><U23/><E34/><V4/><F65/><W123/><G64/><T87/><D133/><N who="1" m="51307" /><E69/><V107/><F33/><W58/><G123/><T7/><D101/><U31/><E62/><V91/><F107/><W61/><G115/><T60/><D87/><U9/><E73/><V125/><F2/><W37/><G37/><T111/><D111/><U80/><E23/><V38/><F38/><W53/><G24/><T51/><REACH who="0" step="1"/><D47/><REACH who="0" ten="240,234,296,220" step="2"/><U68/><E84/><V50/><F46/><W22/><G105/><T126/><D126/><U13/><E68/><V14/><F125/><W56/><G56/><T121/><D121/><U18/><E103/><V117/><F45/><W67/><G106/><T71/><D71/><U25/><E97/><V135/><F135/><W124/><G124/><T8/><D8/><U74/><E9/><V94/><F94/><W17/><G102/><T79/><AGARI ba="0,1" hai="6,7,20,27,29,44,51,54,59,60,66,79,83,86" machi="79" ten="20,8000,1" yaku="1,1,0,1,7,1,8,1,53,1" doraHai="113" doraHaiUra="40" who="0" fromWho="0" sc="240,90,234,-20,296,-40,220,-20" /><INIT seed="3,0,0,0,5,90" ten="330,214,256,200" oya="3" hai0="44,0,51,74,2,65,38,67,7,124,99,22,26" hai1="15,72,119,112,134,9,100,64,39,102,103,96,61" hai2="34,60,122,47,58,84,24,85,113,107,75,89,95" hai3="118,13,20,28,71,37,123,27,109,29,98,80,19"/><W18/><G71/><T32/><D74/><U125/><E112/><V129/><F75/><W86/><G118/><T105/><D38/><U79/><E39/><V17/><F107/><W14/><G123/><T8/><D32/><U50/><E125/><V10/><F129/><W117/><G117/><T121/><D0/><U21/><E72/><V131/><F131/><W36/><G109/><T126/><D121/><U53/><E79/><V6/><F113/><W30/><G36/><T132/><D99/><U77/><E77/><V41/><F84/><W106/><G37/><T3/><D3/><U110/><E134/><V46/><F41/><W73/><G73/><T94/><D94/><N who="1" m="58391" /><E110/><V1/><F122/><W82/><G27/><T55/><D105/><U42/><E42/><V25/><F25/><W108/><G108/><T88/><D88/><U111/><E21/><V57/><F34/><W66/><G66/><T127/><D132/><U35/><E35/><V120/><F120/><W87/><G106/><T59/><D59/><N who="1" m="36927" /><E119/><V4/><F58/><W93/><G86/><T115/><D115/><U45/><E111/><V5/><F47/><W70/><G87/><T31/><AGARI ba="0,0" hai="2,7,8,22,26,31,44,51,55,65,67,124,126,127" machi="31" ten="30,2000,0" yaku="0,1,18,1" doraHai="90" who="0" fromWho="0" sc="330,20,214,-5,256,-5,200,-10" owari="350,45.0,209,-19.1,251,5.1,190,-31.0" /></mjloggm>