<mjloggm ver="2.3"><GO type="225" lobby="0"/><UN n0="%E9%80%9F%E6%B0%B4%E5%87%9B%E9%A6%99" n1="%E8%B7%AF%E9%9C%B8" n2="%E3%81%8F%E3%81%BE%E3%81%96%E3%82%8F" n3="%E3%81%9F%E3%81%A3%E3%81%A1%E3%82%87" dan="16,17,16,16" rate="2094.67,2199.65,2046.03,2073.48" sx="F,M,M,M"/><TAIKYOKU oya="0"/><INIT seed="0,0,0,2,3,18" ten="250,250,250,250" oya="0" hai0="133,47,135,124,105,48,72,121,39,130,82,114,127" hai1="6,37,55,80,123,58,88,93,119,49,115,32,63" hai2="4,54,96,74,28,75,117,25,134,83,110,89,7" hai3="103,12,132,23,91,33,116,50,109,22,53,26,120"/><T98/><D105/><U40/><E119/><V67/><F117/><W70/><G116/><T122/><D98/><U131/><E123/><N who="0" m="47113" /><D82/><U102/><E37/><V100/><F134/><N who="0" m="51210" /><D72/><U46/><E115/><V2/><F67/><W19/><G109/><T125/><D39/><U9/><E32/><V36/><F36/><W35/><G70/><T84/><D84/><N who="1" m="50183" /><E131/><V86/><F54/><W64/><G64/><T129/><D114/><U66/><E102/><V81/><F2/><W43/><G43/><AGARI ba="0,0" hai="43,47,48,124,125,127,129,130" m="51210,47113" machi="43" ten="40,18000,2" yaku="30,2,18,1,20,1,34,2" doraHai="18" who="0" fromWho="3" sc="250,180,250,0,250,0,250,-180" /><INIT seed="0,1,0,2,1,80" ten="430,250,250,70" oya="0" hai0="46,54,83,6,112,93,100,106,27,118,116,49,107" hai1="62,18,95,55,98,34,15,24,63,126,131,79,58" hai2="96,94,40,31,82,53,13,45,127,111,50,73,0" hai3="59,70,84,32,88,12,128,101,125,8,44,56,114"/><T76/><D112/><U78/><E131/><V38/><F111/><W135/><G114/><T10/><D27/><U23/><E126/><V86/><F127/><W36/><G125/><T20/><D20/><U4/><E34/><V30/><F0/><W130/><G70/><T113/><D113/><U61/><E4/><V64/><F73/><W132/><G32/><T117/><D93/><U47/><E15/><V87/><F64/><W28/><G28/><T103/><D103/><U74/><E74/><V66/><F66/><W133/><G101/><T91/><D91/><N who="1" m="55679" /><E47/><V102/><F13/><W129/><G44/><T124/><D124/><U99/><E99/><V134/><F134/><N who="3" m="34307" /><W120/><DORA hai="52" /><G36/><T22/><D22/><U81/><E81/><V35/><F35/><W43/><G43/><T21/><D21/><U119/><E119/><V105/><F105/><W39/><G39/><T71/><D71/><U51/><AGARI ba="1,0" hai="18,23,24,51,55,58,61,62,63,78,79" m="55679" machi="51" ten="30,2000,0" yaku="8,1,52,1" doraHai="80,52" who="1" fromWho="1" sc="430,-11,250,23,250,-6,70,-6" /><INIT seed="1,0,0,5,4,56" ten="419,273,244,64" oya="1" hai0="123,70,43,63,77,8,55,7,125,6,39,2,34" hai1="14,79,120,21,82,18,117,29,73,72,41,40,37" hai2="60,121,26,122,102,100,48,93,131,47,31,24,114" hai3="44,118,107,3,97,75,1,128,74,5,80,86,95"/><U22/><E117/><V49/><F131/><W94/><G128/><T35/><D125/><U132/><E120/><V9/><F114/><W11/><G118/><T30/><D123/><U57/><E132/><V23/><F9/><W81/><G1/><T113/><D113/><U27/><E72/><V83/><F83/><N who="3" m="31819" /><G44/><T96/><D96/><U65/><REACH who="1" step="1"/><E37/><REACH who="1" ten="419,263,244,64" step="2"/><V112/><F112/><W92/><G3/><T58/><D30/><U67/><E67/><V99/><F121/><W15/><G74/><T105/><D105/><U62/><AGARI ba="0,1" hai="14,18,21,22,27,29,40,41,57,62,65,73,79,82" machi="62" ten="30,6000,0" yaku="1,1,0,1,52,1,53,0" doraHai="56" doraHaiUra="127" who="1" fromWho="1" sc="419,-20,263,70,244,-20,64,-20" /><INIT seed="1,1,0,3,2,87" ten="399,333,224,44" oya="1" hai0="1,114,67,21,38,76,105,28,68,120,39,84,29" hai1="131,57,85,9,109,106,122,3,55,18,27,50,51" hai2="48,23,73,110,24,16,77,54,102,47,25,45,0" hai3="43,10,92,100,91,101,33,133,61,60,42,90,129"/><U63/><E122/><V79/><F110/><W107/><G129/><T2/><D105/><U56/><E131/><V130/><F130/><W14/><G33/><T86/><D114/><U123/><E123/><V62/><F0/><W117/><G133/><T46/><D67/><U36/><E36/><V8/><F73/><W49/><G117/><T26/><D68/><U37/><E37/><V111/><F111/><W134/><G134/><T103/><D103/><N who="3" m="39497" /><G92/><T66/><D66/><U97/><E106/><V94/><F62/><N who="3" m="24171" /><G107/><T98/><D98/><U17/><E109/><V96/><F8/><W31/><G31/><T58/><D28/><U65/><E97/><V124/><F124/><W34/><G34/><T95/><D95/><U125/><E125/><V121/><F121/><W82/><G82/><T108/><D108/><U80/><E3/><V115/><F115/><W135/><G135/><T4/><D120/><U32/><E9/><V74/><F74/><W7/><G49/><T6/><D1/><U128/><E128/><V72/><F72/><W15/><G15/><T5/><D2/><U113/><E113/><V71/><F71/><W88/><AGARI ba="1,0" hai="7,10,14,42,43,88,90,91" m="24171,39497" machi="88" ten="30,8000,1" yaku="8,1,52,3,54,1" doraHai="87" who="3" fromWho="3" sc="399,-21,333,-41,224,-21,44,83" /><INIT seed="2,0,0,2,0,6" ten="378,292,203,127" oya="2" hai0="37,27,40,63,110,94,91,126,17,66,51,127,79" hai1="122,9,54,83,75,95,124,86,22,98,67,104,23" hai2="100,121,3,97,49,48,26,131,31,81,60,116,73" hai3="8,11,107,76,24,129,28,41,62,87,58,43,15"/><V88/><F131/><W92/><G107/><T99/><D79/><U52/><E122/><V61/><F116/><W125/><G129/><T46/><D110/><U21/><E124/><N who="0" m="47657" /><D27/><U16/><E104/><V89/><F3/><W134/><G125/><T120/><D17/><U111/><E67/><V39/><F39/><W34/><G134/><T10/><D120/><U70/><E70/><V30/><F73/><W25/><G25/><T128/><D128/><U50/><E75/><V0/><F0/><W123/><G123/><T77/><D77/><N who="1" m="46447" /><E50/><V19/><F121/><W57/><G57/><N who="0" m="37231" /><D10/><N who="3" m="3625" /><G34/><T115/><D115/><U93/><E111/><V13/><F26/><W105/><G105/><T65/><D65/><U45/><E45/><V72/><F72/><W1/><G1/><T74/><D74/><U69/><E69/><V7/><F7/><W133/><G133/><T44/><D44/><U112/><E112/><V90/><F13/><W4/><G4/><T130/><D130/><U101/><E95/><N who="2" m="58431" /><F19/><W33/><G15/><AGARI ba="0,0" hai="9,15,16,21,22,23,52,54,93,98,101" m="46447" machi="15" ten="30,7700,0" yaku="8,1,52,1,54,2" doraHai="6" who="1" fromWho="3" sc="378,0,292,77,203,0,127,-77" /><INIT seed="3,0,0,2,5,98" ten="378,369,203,50" oya="3" hai0="39,112,9,56,91,94,54,100,45,78,5,38,1" hai1="103,135,51,93,30,48,133,74,82,67,49,102,44" hai2="76,60,105,36,113,131,121,59,3,126,120,95,61" hai3="134,66,57,20,70,114,89,2,117,96,12,125,86"/><W15/><G114/><T77/><D112/><U88/><E67/><V13/><F105/><W31/><G117/><T0/><D100/><N who="1" m="38443" /><E30/><V10/><F3/><W124/><G2/><T107/><D107/><U18/><E74/><V116/><F36/><W47/><G70/><T99/><D0/><U28/><E28/><V80/><F113/><W106/><G47/><T83/><D45/><U87/><E18/><V50/><F116/><W23/><G134/><N who="1" m="51210" /><E82/><V128/><F126/><N who="3" m="48747" /><G96/><T72/><D78/><U84/><E84/><V63/><F120/><W118/><G106/><T35/><D35/><U130/><E130/><V101/><F121/><W129/><G129/><T73/><D73/><U7/><E7/><V108/><F128/><W19/><G118/><T123/><D123/><U62/><E62/><AGARI ba="0,0" hai="1,5,9,38,39,54,56,62,72,77,83,91,94,99" machi="62" ten="30,1000,0" yaku="7,1" doraHai="98" who="0" fromWho="1" sc="378,10,369,-10,203,0,50,0" owari="388,48.8,359,15.9,203,-19.7,50,-45.0" /></mjloggm>