<mjloggm ver="2.3"><GO type="225" lobby="0"/><UN n0="%E5%8F%AF%E5%85%90%E9%82%A3%E7%94%B1%E5%A4%9A" n1="%E8%AB%B8%E8%91%9B%E4%BA%AE" n2="%61%67%65%48%61" n3="%E5%B0%8F%E9%B3%A5%E9%81%8A%E7%B7%B4%E7%84%A1%32%31%E6%AD%B3" dan="17,16,16,16" rate="2134.88,2134.35,2092.17,2157.39" sx="F,M,M,F"/><TAIKYOKU oya="0"/><INIT seed="0,0,0,0,0,20" ten="250,250,250,250" oya="0" hai0="89,88,105,26,15,57,103,16,33,27,125,122,21" hai1="118,9,85,66,69,67,71,109,121,60,94,106,110" hai2="134,55,64,111,92,35,28,126,11,22,75,13,3" hai3="112,127,58,24,40,34,7,39,25,23,18,38,108"/><T93/><D122/><U76/><E121/><V5/><F75/><W82/><G112/><T114/><D114/><U128/><E106/><V29/><F64/><W56/><G7/><T52/><D125/><U68/><E118/><V53/><F92/><W42/><G108/><N who="1" m="41578" /><E128/><V30/><F111/><W72/><G127/><T49/><D33/><U19/><E60/><V119/><F126/><W41/><G72/><T32/><D32/><U87/><E94/><V98/><F98/><W91/><G39/><T48/><D105/><U124/><E124/><V45/><F45/><W10/><G10/><T12/><D12/><N who="1" m="7567" /><E76/><V104/><F104/><W102/><G102/><T6/><D6/><U77/><E77/><V50/><F119/><W2/><G2/><T129/><D129/><U101/><E101/><V113/><F113/><W78/><G38/><T73/><D73/><U131/><E131/><V1/><F50/><W37/><G37/><T46/><D103/><U0/><E0/><V86/><F1/><W79/><G78/><T51/><D51/><U70/><N who="1" m="17408" /><DORA hai="90" /><U47/><E47/><V14/><F3/><W135/><G79/><T132/><D132/><U81/><E81/><V97/><F134/><W95/><G82/><T107/><D107/><U84/><AGARI ba="0,0" hai="66,67,84,85,87" m="17408,7567,41578" machi="84" ten="70,2400,0" yaku="14,1" doraHai="20,90" who="1" fromWho="1" sc="250,-12,250,24,250,-6,250,-6" /><INIT seed="1,0,0,1,3,20" ten="238,274,244,244" oya="1" hai0="24,121,55,73,54,4,19,92,22,34,31,135,80" hai1="12,78,110,21,28,27,76,108,90,122,6,113,10" hai2="95,58,7,45,133,5,71,104,39,96,100,91,44" hai3="99,97,83,38,0,70,47,130,105,67,125,69,13"/><U81/><E122/><V131/><F71/><W56/><G0/><T49/><D121/><U59/><E113/><V23/><F133/><W94/><G105/><T48/><D135/><U1/><E59/><V102/><F102/><W9/><G130/><T41/><D4/><U32/><E90/><V36/><F131/><W119/><G119/><T11/><D11/><U25/><E81/><V62/><F23/><W2/><G2/><T8/><D8/><N who="1" m="2127" /><E78/><V17/><F17/><W68/><G83/><T64/><D64/><U82/><E82/><V86/><F44/><W93/><G56/><T74/><D41/><U35/><E76/><V109/><F109/><N who="1" m="42089" /><E27/><V88/><F91/><W111/><G111/><T52/><D92/><U124/><E124/><V126/><F126/><W60/><G125/><T115/><D115/><U57/><E57/><V33/><F45/><W106/><G70/><T118/><D118/><U29/><E29/><V128/><F128/><W61/><G94/><T14/><REACH who="0" step="1"/><D80/><REACH who="0" ten="228,274,244,244" step="2"/><U26/><E26/><V16/><F95/><W3/><G93/><T98/><D98/><U65/><E65/><V123/><F123/><W46/><G67/><T42/><D42/><U112/><E112/><V40/><F40/><W114/><G114/><T66/><D66/><U116/><E116/><V37/><F96/><W87/><G97/><T18/><D18/><AGARI ba="0,1" hai="10,12,18,21,25,28,32,35" m="42089,2127" machi="18" ten="30,12000,1" yaku="14,1,10,1,34,2,52,1" doraHai="20" who="1" fromWho="0" sc="228,-120,274,130,244,0,244,0" /><INIT seed="1,1,0,3,4,10" ten="108,404,244,244" oya="1" hai0="65,98,99,77,95,108,109,22,31,66,47,12,86" hai1="34,20,59,101,110,13,84,102,43,35,72,90,76" hai2="49,25,119,111,125,126,28,85,122,40,16,60,38" hai3="74,53,23,15,113,33,132,92,121,36,67,44,62"/><U7/><E43/><V91/><F119/><W21/><G113/><T3/><D3/><U24/><E59/><V79/><F122/><W63/><G33/><T70/><D47/><U14/><E7/><V45/><F111/><W9/><G74/><T42/><D42/><U6/><E6/><V32/><F79/><W114/><G114/><T131/><D131/><U61/><E35/><V133/><F133/><W27/><G132/><T93/><D70/><U80/><E34/><V117/><F117/><W18/><G121/><T64/><D31/><U8/><E8/><V52/><F60/><W5/><G23/><T135/><D135/><U134/><E134/><V19/><F126/><W50/><G36/><T87/><D77/><U104/><E110/><N who="0" m="42601" /><D22/><U4/><E4/><V105/><F105/><W54/><G67/><N who="0" m="17155" /><T57/><DORA hai="127" /><D57/><U17/><E61/><V75/><F75/><W115/><G115/><T116/><D116/><U81/><E104/><V118/><F118/><W1/><G54/><T69/><D69/><U78/><E78/><V30/><F30/><W39/><G39/><T11/><D99/><U2/><E2/><V55/><F125/><W46/><G44/><T100/><D95/><U58/><E58/><V107/><F107/><W48/><G48/><T82/><D82/><U73/><E72/><V128/><F128/><W56/><G46/><T123/><D123/><U71/><E71/><V41/><F38/><W29/><G92/><T130/><D130/><U94/><E81/><N who="2" m="49583" /><F41/><W0/><G1/><T129/><D129/><U106/><E106/><V26/><F25/><RYUUKYOKU ba="1,0" sc="108,0,404,0,244,0,244,0" hai0="11,12,86,87,93,98,100" hai1="13,14,17,20,24,73,76,80,84,90,94,101,102" hai2="16,19,26,28,32,40,45,49,52,55" hai3="0,5,9,15,18,21,27,29,50,53,56,62,63" /><INIT seed="1,2,0,0,2,127" ten="108,404,244,244" oya="1" hai0="117,68,58,22,47,28,72,21,46,125,80,42,27" hai1="29,73,43,23,118,67,84,35,81,120,96,113,82" hai2="30,17,75,101,103,24,110,76,109,2,62,65,7" hai3="87,34,55,86,122,64,132,61,108,0,18,98,9"/><U31/><E120/><V131/><F2/><W130/><G122/><T129/><D117/><U66/><E118/><V39/><F39/><W13/><G34/><T52/><D68/><U90/><E113/><V133/><F7/><W60/><G0/><T111/><D125/><U97/><E43/><V78/><F17/><W20/><G108/><N who="2" m="41577" /><F133/><W79/><G132/><T10/><D111/><U104/><E35/><N who="2" m="20935" /><F131/><W51/><G130/><T63/><D129/><U89/><E104/><V128/><F128/><W11/><G98/><T36/><D47/><U48/><E73/><V105/><F105/><W83/><G87/><T70/><D70/><U33/><E33/><V53/><F53/><W44/><REACH who="3" step="1"/><G61/><REACH who="3" ten="108,404,244,234" step="2"/><T100/><D100/><N who="2" m="38474" /><F75/><W107/><G107/><T124/><D124/><U26/><E84/><V134/><F134/><W54/><G54/><T91/><D72/><U38/><E97/><V19/><F19/><W37/><G37/><T12/><D36/><U57/><E38/><V59/><AGARI ba="2,1" hai="59,62,65,76,78" m="38474,20935,41577" machi="59" ten="30,1100,0" yaku="14,1" doraHai="127" who="2" fromWho="2" sc="108,-5,404,-7,244,27,234,-5" /><INIT seed="2,0,0,0,0,46" ten="103,397,271,229" oya="2" hai0="8,55,105,110,50,85,107,52,40,47,18,22,87" hai1="19,4,43,89,24,5,49,25,97,16,96,12,117" hai2="108,14,116,131,60,92,71,133,113,56,126,104,0" hai3="94,15,17,127,130,1,9,86,54,95,10,7,102"/><V48/><RYUUKYOKU type="yao9" ba="0,0" sc="103,0,397,0,271,0,229,0" hai2="0,14,48,56,60,71,92,104,108,113,116,126,131,133" /><INIT seed="2,1,0,4,5,5" ten="103,397,271,229" oya="2" hai0="62,38,28,26,108,58,23,77,116,3,90,8,82" hai1="46,87,107,18,53,81,64,126,119,45,31,11,93" hai2="35,54,13,67,92,91,104,110,29,128,51,122,20" hai3="112,78,97,42,14,88,84,94,34,56,36,74,106"/><V41/><F122/><W72/><G34/><T98/><D108/><U44/><E119/><V80/><F110/><W25/><G112/><T48/><D116/><U57/><E107/><V131/><F104/><W43/><G25/><T114/><D114/><U118/><E118/><V135/><F135/><W103/><G72/><T69/><D38/><U24/><E126/><V63/><F80/><N who="3" m="45143" /><G36/><T123/><D123/><U10/><E64/><V33/><F41/><W6/><G56/><T17/><D69/><U79/><E18/><V49/><F29/><W125/><G125/><T102/><D48/><N who="1" m="30887" /><E93/><V130/><F20/><AGARI ba="1,0" hai="10,11,20,24,31,44,45,46,79,81,87" m="30887" machi="20" ten="30,3900,0" yaku="8,1,52,2" doraHai="5" who="1" fromWho="2" sc="103,0,397,42,271,-42,229,0" /><INIT seed="3,0,0,2,3,26" ten="103,439,229,229" oya="3" hai0="127,132,39,103,109,19,22,66,30,70,125,23,112" hai1="31,40,5,34,53,63,33,7,120,21,99,49,90" hai2="111,122,126,69,54,108,8,75,43,52,38,1,105" hai3="100,4,114,51,84,37,14,12,58,93,28,71,107"/><W11/><G37/><T133/><D39/><U85/><E120/><V110/><F122/><W61/><G107/><T64/><D103/><U78/><E33/><V32/><F126/><N who="0" m="48138" /><D70/><U118/><E34/><V42/><F105/><W60/><G71/><T47/><D47/><U89/><E118/><V117/><F117/><W124/><G124/><T96/><D96/><U88/><E99/><V95/><F69/><W81/><G114/><T9/><D66/><U74/><E74/><V135/><F135/><N who="0" m="51786" /><D64/><U91/><E40/><N who="2" m="15403" /><F32/><W123/><G123/><T17/><D112/><U82/><E63/><V92/><F75/><W94/><G51/><T29/><D109/><U104/><E78/><V50/><F38/><W102/><G61/><T101/><D101/><U73/><E73/><V77/><F77/><W72/><G72/><T18/><D9/><U115/><E115/><V13/><F1/><W79/><G102/><T130/><D130/><U6/><E104/><V129/><F129/><W56/><G100/><T116/><D116/><U20/><E49/><V68/><F68/><W0/><G58/><T3/><D3/><U15/><E53/><N who="2" m="20587" /><F50/><W128/><G128/><T35/><D35/><U44/><E44/><V25/><F25/><W2/><G94/><T62/><D62/><U119/><E119/><V59/><F59/><W67/><G93/><T134/><N who="0" m="51794" /><T10/><DORA hai="41" /><D10/><U86/><E90/><V121/><F121/><W27/><G0/><T57/><D57/><U87/><E89/><V80/><F80/><W83/><G81/><T45/><D45/><U46/><E46/><RYUUKYOKU ba="0,0" sc="103,10,439,-30,229,10,229,10" hai0="17,18,19,22,23,29,30" hai2="8,13,92,95,108,110,111" hai3="2,4,11,12,14,27,28,56,60,67,79,83,84" /><INIT seed="3,1,0,0,3,135" ten="113,409,239,239" oya="3" hai0="53,45,29,86,67,101,17,105,92,25,14,56,68" hai1="39,134,94,66,41,44,33,51,21,85,77,48,87" hai2="75,22,120,57,130,13,9,71,8,125,129,80,26" hai3="63,5,95,76,98,124,119,7,117,47,96,37,73"/><W69/><G73/><T65/><D68/><U49/><E33/><V6/><F71/><W30/><G76/><T116/><D116/><U1/><E1/><V89/><F125/><W88/><G124/><T31/><D105/><U110/><E110/><V107/><F107/><W52/><G30/><T126/><D126/><U131/><E131/><N who="2" m="50187" /><F120/><W74/><G74/><T0/><D0/><U61/><E21/><V70/><F70/><W11/><G98/><T72/><D72/><U50/><E39/><V40/><F40/><W118/><G37/><T10/><D45/><U114/><E77/><N who="2" m="44095" /><F9/><W58/><G69/><T12/><D12/><U27/><E87/><V2/><F57/><W121/><G121/><T38/><D38/><U35/><E61/><V23/><F89/><W4/><REACH who="3" step="1"/><G47/><REACH who="3" ten="113,409,239,229" step="2"/><T3/><D31/><N who="1" m="19967" /><E44/><V64/><F64/><W24/><G24/><T43/><D65/><U62/><E66/><V127/><F127/><W78/><G78/><T123/><D67/><U109/><E85/><V97/><F97/><W128/><G128/><T19/><D123/><U112/><E112/><V20/><F2/><AGARI ba="1,1" hai="2,4,5,7,11,52,58,63,88,95,96,117,118,119" machi="2" ten="40,12000,1" yaku="1,1,54,2,53,1" doraHai="135" doraHaiUra="84" who="3" fromWho="2" sc="113,0,409,0,239,-123,229,133" /><INIT seed="3,2,0,3,0,119" ten="113,409,116,362" oya="3" hai0="11,75,57,71,99,56,49,82,91,129,133,100,55" hai1="32,46,22,84,47,111,74,101,51,72,60,89,118" hai2="3,33,97,120,95,54,26,45,85,80,110,87,31" hai3="4,1,61,19,114,83,23,79,108,30,92,50,63"/><W15/><G114/><T53/><D71/><U76/><E32/><V135/><F3/><W70/><G70/><T20/><D129/><U113/><E113/><V81/><F110/><W34/><G108/><T62/><D133/><U130/><E111/><V24/><F135/><W134/><G134/><T13/><D20/><U38/><E118/><V90/><F120/><W73/><G50/><T117/><D117/><U131/><E101/><V17/><F17/><W64/><G92/><N who="0" m="58471" /><D75/><U86/><E60/><V42/><F54/><W68/><G63/><T6/><D91/><U88/><E22/><V126/><F126/><W28/><G34/><T94/><D94/><U115/><E115/><V2/><F2/><W105/><G105/><T5/><D82/><U48/><E76/><V78/><F33/><W65/><G64/><T44/><D5/><U25/><E25/><V123/><F123/><W124/><G124/><T58/><AGARI ba="2,0" hai="6,11,13,44,49,53,55,56,57,58,62" m="58471" machi="58" ten="30,1100,0" yaku="8,1" doraHai="119" who="0" fromWho="0" sc="113,17,409,-5,116,-5,362,-7" owari="130,-27.0,404,50.4,111,-38.9,355,15.5" /></mjloggm>