<mjloggm ver="2.3"><GO type="225" lobby="0"/><UN n0="%E6%9D%B1%E9%A2%A8%E3%81%AE%E3%81%8D%E3%82%83%E3%81%B7%E3%81%95%E3%82%93" n1="%E8%B6%85%E7%B4%9A%E9%B3%B3%E5%87%B0" n2="%E3%81%B2%E3%81%AA%E3%81%AE%E3%82%8A%E3%81%8F" n3="%E3%81%86%E3%81%A9%E3%82%93%E3%81%93" dan="16,16,17,16" rate="2158.72,2152.87,2166.89,2153.06" sx="M,M,M,M"/><TAIKYOKU oya="0"/><INIT seed="0,0,0,2,1,13" ten="250,250,250,250" oya="0" hai0="118,112,52,59,84,50,117,66,6,86,44,83,78" hai1="98,40,46,99,74,53,58,33,49,47,45,48,85" hai2="77,109,114,92,120,65,3,90,51,106,73,10,22" hai3="103,104,124,127,14,101,36,54,131,56,91,132,41"/><T61/><D112/><U25/><E74/><V24/><F120/><W110/><G110/><T121/><D121/><U57/><E85/><V38/><F38/><W1/><G1/><T42/><D6/><U96/><E33/><V82/><F109/><W80/><G41/><T113/><D113/><U95/><E25/><V93/><F106/><W105/><G36/><T128/><D128/><U5/><E5/><V28/><F114/><W102/><G131/><T17/><D86/><U87/><REACH who="1" step="1"/><E58/><REACH who="1" ten="250,240,250,250" step="2"/><V100/><F73/><W37/><G56/><T122/><D122/><U55/><E55/><V62/><F24/><W16/><G54/><T9/><REACH who="0" step="1"/><D66/><REACH who="0" ten="240,240,250,250" step="2"/><U72/><E72/><V35/><F65/><W79/><G124/><T43/><D43/><U134/><E134/><V116/><F3/><W123/><G127/><T4/><D4/><U130/><E130/><V32/><F77/><W88/><G132/><T81/><D81/><U94/><E94/><V133/><F92/><W111/><G123/><T29/><D29/><U20/><E20/><V135/><F82/><W126/><G126/><T8/><D8/><U129/><E129/><V76/><F10/><W21/><G111/><T63/><D63/><U68/><E68/><V125/><F76/><W19/><G79/><T30/><D30/><U27/><E27/><N who="2" m="16503" /><F125/><W71/><G80/><T64/><D64/><U89/><AGARI ba="0,2" hai="40,45,46,47,48,49,53,57,87,89,95,96,98,99" machi="89" ten="30,4000,0" yaku="1,1,0,1,8,1,53,0" doraHai="13" doraHaiUra="15" who="1" fromWho="1" sc="240,-20,240,60,250,-10,250,-10" /><INIT seed="1,0,0,4,1,83" ten="220,300,240,240" oya="1" hai0="19,15,102,6,29,116,9,45,52,41,113,12,97" hai1="132,71,58,59,123,13,14,63,72,39,74,126,69" hai2="101,48,129,67,95,17,33,104,42,34,130,80,134" hai3="8,27,37,64,100,7,121,61,76,77,90,111,125"/><U99/><E123/><V2/><F104/><W65/><G121/><T78/><D116/><U81/><E39/><V119/><F134/><W89/><G111/><T82/><D113/><U62/><E81/><V112/><F119/><W21/><G37/><T128/><D128/><U122/><E122/><V79/><F112/><W127/><G100/><T47/><D29/><U43/><E43/><V18/><F2/><W5/><G8/><T44/><D41/><U84/><E99/><V91/><F101/><W93/><G93/><T3/><D3/><U96/><E96/><V73/><F67/><W106/><G21/><T117/><D117/><U86/><E126/><V26/><F42/><W135/><G61/><T46/><D97/><U55/><E55/><V23/><F48/><W1/><G1/><T118/><D102/><U68/><E68/><V36/><F18/><W124/><G27/><T109/><D109/><U16/><E16/><V53/><F53/><W110/><G124/><T94/><D94/><U114/><E114/><V107/><F107/><W49/><G49/><N who="0" m="28711" /><D118/><U92/><E92/><V98/><F36/><W11/><G110/><T32/><D32/><U35/><E35/><V30/><F34/><W4/><G106/><T22/><D45/><U28/><E28/><V75/><F75/><W56/><G127/><T51/><D51/><U115/><E115/><V0/><F0/><W54/><G125/><T120/><D120/><U31/><E31/><V24/><AGARI ba="0,0" hai="17,23,24,26,30,33,73,79,80,91,95,98,129,130" machi="24" ten="30,1100,0" yaku="0,1" doraHai="83" who="2" fromWho="2" sc="220,-3,300,-5,240,11,240,-3" /><INIT seed="2,0,0,4,3,29" ten="217,295,251,237" oya="2" hai0="86,45,60,85,81,0,2,131,49,117,80,25,101" hai1="13,118,14,104,129,30,32,26,17,58,24,21,128" hai2="69,68,99,54,121,102,135,111,57,113,8,35,72" hai3="4,106,78,97,19,91,11,16,96,64,3,115,114"/><V90/><F121/><W107/><G78/><T55/><D117/><U132/><E104/><N who="3" m="39978" /><G64/><T122/><D122/><U50/><E132/><V41/><F113/><N who="3" m="43019" /><G91/><T33/><D131/><N who="1" m="50251" /><E118/><V5/><F72/><W125/><G125/><T83/><D101/><U123/><E123/><V93/><F135/><W65/><G65/><T43/><D60/><U100/><E100/><V34/><F102/><W15/><G19/><T61/><D61/><U127/><E127/><V70/><F41/><W39/><G39/><T116/><D43/><U59/><E50/><V36/><F111/><W37/><G37/><T109/><D109/><U47/><E47/><V28/><F28/><W112/><N who="3" m="43027" /><W66/><DORA hai="53" /><G66/><T133/><D133/><U56/><AGARI ba="0,0" hai="13,14,17,21,24,26,30,32,56,58,59" m="50251" machi="56" ten="30,8000,1" yaku="19,1,52,4" doraHai="29,53" who="1" fromWho="1" sc="217,-20,295,80,251,-40,237,-20" /><INIT seed="3,0,0,3,4,24" ten="197,375,211,217" oya="3" hai0="132,94,98,22,3,14,128,6,73,60,72,104,11" hai1="85,80,99,100,54,39,95,29,113,50,115,89,93" hai2="32,12,19,112,78,129,111,75,120,61,28,119,33" hai3="87,79,68,46,51,0,20,135,37,134,90,114,42"/><W10/><G114/><T1/><D104/><U62/><E39/><V47/><F112/><W2/><G68/><T57/><D132/><N who="3" m="50729" /><G79/><T43/><D128/><U56/><E29/><V63/><F119/><W82/><G10/><T65/><D43/><U67/><E80/><V116/><F116/><W86/><G86/><T4/><D4/><U44/><AGARI ba="0,0" hai="44,50,54,56,62,67,85,89,93,95,99,100,113,115" machi="44" ten="20,1500,0" yaku="0,1,7,1" doraHai="24" who="1" fromWho="1" sc="197,-4,375,15,211,-4,217,-7" owari="193,-30.7,390,49.0,207,-19.3,210,1.0" /></mjloggm>