<mjloggm ver="2.3"><GO type="225" lobby="0"/><UN n0="%E3%81%86%E3%82%8C%E3%81%9F%E3%82%93%E6%9E%95" n1="%30%2E%31%32%30" n2="%E3%82%BC%E3%83%AB%E3%83%80%E3%81%AE%E4%BC%9D%E8%AA%AC" n3="%E3%82%B2%E3%82%B9%E8%8C%82%E5%8B%9D" dan="16,16,17,16" rate="2096.24,2119.30,2245.57,2048.18" sx="F,M,M,F"/><TAIKYOKU oya="0"/><INIT seed="0,0,0,1,5,61" ten="250,250,250,250" oya="0" hai0="63,59,29,52,34,50,103,30,88,104,65,133,69" hai1="37,11,42,55,36,0,94,5,67,74,20,53,56" hai2="51,91,14,107,130,48,27,76,73,44,21,8,25" hai3="89,79,75,57,58,64,87,81,22,46,39,31,99"/><T9/><D133/><U4/><E4/><V3/><F130/><W35/><G35/><T66/><D66/><U68/><E74/><V54/><F107/><W86/><G99/><N who="0" m="61567" /><D9/><U60/><E53/><V93/><F3/><W132/><G132/><T96/><D96/><U127/><E127/><V16/><F76/><W26/><G75/><T13/><D13/><U119/><E119/><V82/><F73/><W123/><G123/><T45/><D29/><U106/><E106/><V70/><F70/><W97/><G97/><T131/><D59/><U125/><E125/><V100/><F100/><W98/><G98/><T84/><D84/><U40/><E20/><V101/><F101/><W10/><G10/><T38/><D38/><U126/><E126/><V109/><F93/><W6/><G6/><T134/><D134/><U90/><E36/><V83/><F91/><W120/><G120/><T135/><D135/><U33/><E33/><V108/><F51/><W71/><G46/><T47/><D47/><U49/><E37/><V117/><F117/><W114/><G39/><T129/><D88/><U113/><E68/><V118/><F118/><W77/><G114/><T111/><D111/><N who="2" m="42570" /><F27/><AGARI ba="0,0" hai="27,30,34,45,50,52,63,65,69,129,131" m="61567" machi="27" ten="30,5800,0" yaku="25,1,52,1,54,1" doraHai="61" who="0" fromWho="2" sc="250,58,250,0,250,-58,250,0" /><INIT seed="0,1,0,3,5,51" ten="308,250,192,250" oya="0" hai0="42,133,14,132,32,45,125,89,30,123,20,17,134" hai1="40,25,82,56,115,110,126,5,44,122,0,102,98" hai2="18,69,128,16,85,59,90,120,43,13,12,11,118" hai3="75,54,68,109,7,24,57,80,8,77,79,1,129"/><T111/><D123/><U92/><E126/><V37/><F120/><W95/><G109/><T62/><D125/><U9/><E122/><V117/><F69/><W22/><G129/><T87/><D111/><U116/><E116/><N who="2" m="44651" /><F128/><W46/><G68/><T84/><D62/><U112/><E110/><V47/><F59/><W130/><G130/><T66/><D66/><U41/><E82/><N who="2" m="49463" /><F12/><W83/><G95/><T86/><D30/><U58/><E40/><V6/><AGARI ba="1,0" hai="6,11,13,16,18,37,43,47" m="49463,44651" machi="6" ten="30,2000,0" yaku="12,1,54,1" doraHai="51" who="2" fromWho="2" sc="308,-11,250,-6,192,23,250,-6" /><INIT seed="1,0,0,0,5,115" ten="297,244,215,244" oya="1" hai0="114,126,55,113,56,65,99,40,135,45,29,9,12" hai1="71,34,49,94,2,131,32,97,86,92,11,90,63" hai2="75,13,127,35,107,103,76,101,119,120,121,104,27" hai3="22,3,42,1,134,20,24,61,37,50,133,38,108"/><U88/><E131/><V14/><F27/><W30/><G108/><T62/><D135/><N who="3" m="51721" /><G61/><T96/><D126/><U116/><E116/><V118/><F76/><W89/><G89/><T66/><D114/><U78/><E78/><V87/><F87/><W52/><G20/><T128/><D113/><U112/><E112/><V67/><F67/><N who="0" m="25610" /><D29/><U16/><E63/><V43/><F43/><W25/><G25/><T91/><D128/><U79/><E71/><V74/><F35/><W18/><G30/><T93/><D99/><U73/><E49/><V48/><REACH who="2" step="1"/><F48/><REACH who="2" ten="297,244,205,244" step="2"/><W129/><G129/><T95/><D40/><U77/><E77/><V8/><F8/><W84/><G84/><N who="0" m="52455" /><D9/><U53/><E79/><V70/><F70/><W81/><G81/><T106/><D12/><N who="1" m="7199" /><E73/><V41/><F41/><W21/><G42/><T72/><D72/><U47/><E32/><V19/><F19/><W6/><G21/><T110/><D110/><U7/><E34/><V109/><F109/><W15/><G24/><T85/><D85/><U102/><E2/><N who="3" m="522" /><G6/><T69/><D69/><U111/><E111/><V36/><F36/><W5/><G5/><T130/><D130/><U10/><E7/><V80/><F80/><W17/><G18/><T125/><D125/><AGARI ba="0,1" hai="13,14,74,75,101,103,104,107,118,119,120,121,125,127" machi="125" ten="25,8000,1" yaku="1,1,22,2,52,2,53,0" doraHai="115" doraHaiUra="44" who="2" fromWho="0" sc="297,-80,244,0,205,90,244,0" /><INIT seed="2,0,0,1,2,100" ten="217,244,295,244" oya="2" hai0="65,91,62,49,106,44,56,1,59,19,26,47,109" hai1="46,43,76,85,69,83,121,37,20,88,77,98,67" hai2="35,94,99,110,38,81,92,108,128,73,7,95,97" hai3="79,12,55,101,5,16,87,71,82,66,74,116,28"/><V11/><F35/><W25/><G116/><T86/><D1/><U32/><E32/><V36/><F128/><W2/><G101/><T6/><D109/><N who="2" m="42090" /><F73/><W9/><G55/><T131/><D131/><U133/><E133/><V54/><F81/><W112/><G112/><T39/><D6/><U64/><E121/><V17/><F17/><W102/><G102/><T34/><D39/><N who="2" m="14890" /><F54/><W4/><G74/><T33/><D59/><U23/><E67/><V115/><F115/><W129/><G129/><T130/><D44/><U105/><E105/><V72/><F72/><W40/><G40/><T24/><D106/><U58/><E69/><V90/><F90/><W14/><G14/><AGARI ba="0,0" hai="7,11,14,92,94,95,97,99" m="14890,42090" machi="14" ten="40,3900,0" yaku="14,1,10,1" doraHai="100" who="2" fromWho="3" sc="217,0,244,0,295,39,244,-39" /><INIT seed="2,1,0,2,5,24" ten="217,244,334,205" oya="2" hai0="40,11,132,35,15,28,101,31,29,84,45,116,20" hai1="98,26,117,48,43,96,104,91,56,39,37,3,63" hai2="60,85,65,66,70,119,25,90,135,89,64,0,14" hai3="105,22,19,6,113,17,30,7,1,108,55,33,59"/><V125/><F0/><W62/><G108/><T120/><D120/><U27/><E3/><V127/><F119/><W5/><G105/><T71/><D116/><U78/><E78/><V8/><F135/><W86/><G113/><T97/><D132/><U109/><E117/><V102/><F102/><W92/><G1/><T112/><D112/><U107/><E48/><V38/><F38/><W81/><G92/><T9/><D71/><U36/><E43/><V53/><F25/><N who="3" m="16695" /><G33/><T110/><D110/><U128/><E109/><V79/><F79/><AGARI ba="1,0" hai="5,6,7,17,19,55,59,62,79,81,86" m="16695" machi="79" ten="30,2000,0" yaku="8,1,52,1" doraHai="24" who="3" fromWho="2" sc="217,0,244,0,334,-23,205,23" /><INIT seed="3,0,0,3,1,65" ten="217,244,311,228" oya="3" hai0="58,128,132,5,21,31,108,122,47,95,104,100,126" hai1="28,78,93,51,86,121,16,39,9,124,88,112,107" hai2="0,101,102,54,94,44,99,42,71,13,114,68,7" hai3="22,98,3,45,55,8,81,82,105,56,17,77,106"/><W24/><G45/><T70/><D122/><U111/><E39/><V25/><F114/><W79/><G82/><T131/><D104/><U74/><E112/><V123/><F0/><W50/><G98/><N who="0" m="59487" /><D5/><U38/><E38/><V60/><F102/><W115/><G115/><T62/><D108/><U67/><E107/><V110/><F110/><W33/><G33/><T30/><D132/><U113/><E113/><V41/><F41/><W26/><G26/><N who="0" m="16719" /><D126/><U96/><E124/><V37/><F123/><W29/><G77/><T11/><D31/><U130/><E130/><N who="0" m="49705" /><D11/><U125/><E125/><V91/><F25/><W129/><G129/><T19/><D19/><U34/><E111/><V120/><F120/><W134/><G134/><T69/><D47/><U1/><E121/><V127/><F127/><W2/><G2/><T59/><D59/><U48/><E1/><V75/><F7/><W90/><G90/><T66/><AGARI ba="0,0" hai="58,62,66,69,70" m="49705,16719,59487" machi="66" ten="30,7900,0" yaku="25,1,19,1,52,2" doraHai="65" who="0" fromWho="0" sc="217,79,244,-20,311,-20,228,-39" /><INIT seed="4,0,0,5,5,36" ten="296,224,291,189" oya="0" hai0="108,42,94,132,6,51,55,102,86,119,82,115,0" hai1="95,43,106,134,15,61,4,66,126,13,7,22,18" hai2="77,133,104,53,52,135,128,31,109,122,20,103,29" hai3="59,90,45,76,16,124,81,60,92,111,83,50,89"/><T117/><D115/><U3/><E106/><V37/><F109/><W74/><G124/><T80/><D132/><N who="2" m="50762" /><F128/><W11/><G111/><T12/><D108/><U79/><E134/><V125/><F125/><W47/><G83/><T99/><D0/><U38/><E126/><V34/><F122/><W14/><G92/><T58/><D42/><U64/><E3/><V87/><F37/><W10/><G10/><N who="0" m="4183" /><D119/><U97/><E79/><V85/><F34/><W62/><G45/><T98/><D117/><U101/><E64/><V110/><F110/><W131/><G131/><T39/><D39/><U68/><REACH who="1" step="1"/><E15/><REACH who="1" ten="296,214,291,189" step="2"/><V23/><F77/><W75/><G75/><T130/><D130/><U72/><E72/><V67/><F67/><W114/><G114/><T54/><D99/><U48/><E48/><V84/><F104/><W118/><G118/><T57/><D86/><U1/><E1/><V21/><F103/><W69/><G69/><T32/><D32/><U44/><AGARI ba="0,1" hai="4,7,13,18,22,38,43,44,61,66,68,95,97,101" machi="44" ten="30,7900,0" yaku="1,1,0,1,52,1,53,1" doraHai="36" doraHaiUra="93" who="1" fromWho="1" sc="296,-39,214,89,291,-20,189,-20" owari="257,-14.3,303,40.3,271,7.1,169,-33.1" /></mjloggm>