<mjloggm ver="2.3"><GO type="225" lobby="0"/><UN n0="%72%69%6F%75%63%68%61%6E" n1="%4B%2E%32%2E%4B%2E" n2="%E3%81%BF%E3%81%BF%E3%81%9A" n3="%E3%81%95%E3%81%8D%E3%81%9F%E3%81%BE%E6%9E%97%E6%AA%8E" dan="16,17,18,16" rate="2168.46,2192.49,2244.83,2079.84" sx="M,M,M,M"/><TAIKYOKU oya="0"/><INIT seed="0,0,0,4,1,129" ten="250,250,250,250" oya="0" hai0="112,110,131,59,82,111,100,83,27,94,79,58,77" hai1="53,93,34,13,71,128,28,6,8,33,10,25,134" hai2="52,103,80,21,130,117,4,118,7,119,107,26,38" hai3="78,89,50,135,113,54,115,30,120,84,19,41,43"/><T39/><D112/><U61/><E128/><V96/><F130/><W46/><G120/><T47/><D131/><U35/><E93/><V73/><F38/><W0/><G0/><T56/><D27/><U104/><E104/><V68/><F68/><W67/><G78/><N who="0" m="29707" /><D94/><U69/><E53/><V102/><F102/><W22/><G67/><T11/><D100/><U95/><E95/><V65/><F65/><W29/><G115/><T127/><D11/><U62/><E62/><V64/><F64/><W14/><G113/><T101/><D101/><U123/><E61/><V45/><F80/><N who="0" m="30762" /><D47/><U126/><E69/><V99/><F99/><W97/><G97/><T105/><D39/><U72/><E72/><V86/><F86/><W48/><G30/><T92/><D92/><U12/><E71/><V133/><F73/><W51/><G29/><T121/><D121/><U124/><E123/><V76/><F76/><W23/><G23/><T85/><D85/><U15/><E15/><V122/><F122/><W132/><G43/><T3/><D3/><U31/><E31/><N who="2" m="17871" /><F133/><N who="3" m="51275" /><G41/><T57/><N who="0" m="14336" /><DORA hai="90" /><T116/><D105/><U108/><E134/><V9/><F9/><W114/><G114/><T74/><D74/><U55/><E55/><V18/><F18/><W37/><G37/><T81/><N who="0" m="30770" /><AGARI ba="0,0" hai="14,19,22,46,48,50,51,54,81,84,89" m="51275" machi="81" ten="30,8000,1" yaku="3,1,20,1,52,3" doraHai="129,90" who="3" fromWho="0" sc="250,-80,250,0,250,0,250,80" /><INIT seed="1,0,0,2,4,30" ten="170,250,250,330" oya="1" hai0="64,3,15,124,99,26,59,1,112,87,106,54,81" hai1="83,80,48,35,133,92,74,53,89,135,28,38,94" hai2="50,45,4,37,96,32,65,86,103,6,67,42,34" hai3="102,46,131,16,130,107,84,49,2,85,66,55,10"/><U17/><E38/><V40/><F86/><W100/><G66/><T95/><D112/><U36/><E36/><V134/><F134/><N who="1" m="51209" /><E74/><V132/><F132/><W72/><G72/><T127/><D106/><U82/><E17/><V27/><F27/><W79/><G2/><T98/><D64/><U51/><E89/><V44/><F67/><W20/><G10/><T109/><D109/><U116/><E116/><V43/><F43/><W58/><G46/><T69/><D69/><U14/><E14/><V29/><F65/><W129/><G107/><T126/><D15/><U125/><E125/><N who="0" m="32001" /><T93/><DORA hai="56" /><D26/><N who="1" m="18839" /><E48/><V31/><F29/><W33/><G33/><T68/><D68/><U90/><E90/><V108/><F108/><W11/><G11/><T61/><D99/><U115/><E115/><V0/><F31/><W52/><G55/><T128/><D128/><U41/><E41/><V120/><F4/><W63/><G49/><T76/><D98/><U118/><E118/><V24/><F24/><N who="3" m="14343" /><G79/><T60/><D1/><U18/><E18/><V22/><F22/><W9/><G9/><T114/><D3/><U8/><E8/><V110/><F110/><W101/><AGARI ba="0,0" hai="52,58,63,84,85,100,101,102,129,130,131" m="14343" machi="101" ten="40,8000,1" yaku="19,1,52,1,54,2" doraHai="30,56" who="3" fromWho="3" sc="170,-20,250,-40,250,-20,330,80" /><INIT seed="2,0,0,3,1,69" ten="150,210,230,410" oya="2" hai0="41,33,110,115,23,25,128,117,47,11,79,130,124" hai1="56,87,89,45,104,32,4,24,38,102,70,97,6" hai2="65,109,64,8,30,50,37,29,106,99,51,76,2" hai3="135,0,80,61,111,100,132,122,58,96,78,13,129"/><V77/><F37/><W91/><G111/><T53/><D115/><U112/><E112/><V52/><F109/><W12/><G122/><T103/><D124/><U18/><E70/><V28/><F50/><W67/><G129/><T48/><D110/><U83/><E56/><V10/><F106/><W21/><G0/><T92/><D117/><U105/><E105/><V120/><F99/><W84/><G78/><N who="2" m="30313" /><F2/><W94/><G21/><T68/><D33/><U123/><E123/><V121/><F120/><W5/><G5/><T1/><D68/><U62/><E62/><V36/><F36/><W22/><G22/><T93/><D79/><U75/><E75/><V26/><F26/><W57/><G57/><T74/><D74/><U49/><E38/><V88/><F88/><W9/><G9/><N who="2" m="3689" /><F121/><W3/><G3/><T86/><D41/><U72/><E72/><V107/><F107/><W16/><G16/><N who="0" m="12519" /><D86/><U63/><E63/><V73/><F73/><W131/><G131/><N who="0" m="50219" /><D103/><U85/><E85/><V113/><F113/><W14/><AGARI ba="0,0" hai="12,13,14,58,61,67,80,84,91,94,96,100,132,135" machi="14" ten="30,1100,0" yaku="0,1" doraHai="69" who="3" fromWho="3" sc="150,-3,210,-3,230,-5,410,11" /><INIT seed="3,0,0,2,3,72" ten="147,207,225,421" oya="3" hai0="118,29,95,110,82,88,121,109,34,45,122,5,11" hai1="75,127,76,97,74,10,93,20,41,17,132,119,13" hai2="0,80,57,133,111,77,53,101,43,30,37,71,31" hai3="83,60,126,40,61,112,70,36,114,100,39,32,51"/><W2/><G2/><T46/><D118/><U69/><E69/><V117/><F101/><W4/><G100/><T9/><D29/><U81/><E119/><V107/><F107/><W130/><G83/><T116/><D34/><U14/><E127/><V8/><F71/><W87/><G87/><T86/><D116/><U3/><E3/><V78/><F78/><W73/><G73/><T24/><D24/><U113/><E113/><V89/><F89/><W47/><G32/><T103/><D45/><U134/><E41/><V63/><F111/><N who="0" m="42506" /><D46/><U68/><E68/><V21/><F117/><W26/><G26/><T19/><D19/><U59/><E59/><V94/><F57/><W124/><G4/><T65/><D65/><U90/><REACH who="1" step="1"/><E75/><REACH who="1" ten="147,197,225,421" step="2"/><V62/><F43/><N who="3" m="25087" /><G70/><T56/><D56/><U33/><E33/><V135/><F30/><W123/><G40/><T96/><D11/><U64/><E64/><V25/><F8/><W55/><G126/><T131/><D131/><U106/><E106/><V128/><F128/><W99/><G124/><T23/><D23/><U129/><E129/><V115/><F21/><W84/><G130/><T79/><D103/><U12/><E12/><AGARI ba="0,1" hai="5,9,12,79,82,86,88,95,96,121,122" m="42506" machi="12" ten="30,3900,0" yaku="14,1,52,1,54,1" doraHai="72" who="0" fromWho="1" sc="147,49,197,-39,225,0,421,0" owari="196,-20.4,158,-34.2,225,2.5,421,52.1" /></mjloggm>