<mjloggm ver="2.3"><GO type="225" lobby="0"/><UN n0="%E7%AD%89%E3%80%85%E5%8A%9B%E5%8A%87%E5%A0%B4" n1="%E5%B8%86%E7%AB%8B%E5%A4%8F%E8%A1%A3" n2="%4D%50%43%32%38%30%30" n3="%E9%80%9F%E6%B0%B4%E5%87%9B%E9%A6%99" dan="16,17,16,16" rate="2071.35,2163.63,2115.65,2148.03" sx="M,M,M,F"/><TAIKYOKU oya="0"/><INIT seed="0,0,0,5,2,117" ten="250,250,250,250" oya="0" hai0="42,86,98,27,78,1,35,129,71,121,96,4,127" hai1="2,112,130,17,0,57,62,48,132,56,72,133,65" hai2="115,102,68,85,25,113,128,34,29,53,50,75,70" hai3="100,26,61,95,47,40,59,67,94,82,19,89,14"/><T106/><D71/><U77/><E130/><V107/><F75/><W44/><G26/><T23/><D35/><U111/><E112/><V46/><F128/><W93/><G100/><T97/><D129/><U37/><E37/><V105/><F107/><W43/><G82/><T126/><D106/><U45/><E111/><V8/><F85/><W32/><G32/><T10/><D42/><N who="3" m="15913" /><G89/><T103/><D103/><U63/><E17/><V60/><F70/><W52/><G67/><T83/><REACH who="0" step="1"/><D121/><REACH who="0" ten="240,250,250,250" step="2"/><U3/><E132/><V51/><F102/><W74/><G74/><T101/><D101/><U91/><E133/><V135/><F105/><W120/><G120/><T30/><AGARI ba="0,1" hai="1,4,10,23,27,30,78,83,86,96,97,98,126,127" machi="30" ten="30,3000,0" yaku="1,1,0,1,53,0" doraHai="117" doraHaiUra="55" who="0" fromWho="0" sc="240,40,250,-10,250,-10,250,-10" /><INIT seed="0,1,0,0,4,129" ten="280,240,240,240" oya="0" hai0="9,111,78,32,31,135,16,35,87,29,117,128,46" hai1="126,93,7,77,0,72,51,122,104,30,63,2,34" hai2="40,109,54,127,97,103,14,71,73,8,65,62,70" hai3="116,75,15,69,56,121,4,6,85,94,60,107,99"/><T64/><D64/><U37/><E37/><V113/><F73/><W110/><G75/><T84/><D117/><U120/><E104/><V130/><F130/><W123/><G69/><T134/><D128/><U86/><E126/><V125/><F113/><W18/><G85/><N who="0" m="32843" /><D46/><U33/><E51/><V20/><F20/><N who="3" m="11359" /><G107/><T89/><D78/><U3/><E7/><V55/><F40/><W50/><G50/><T114/><D89/><U100/><E63/><V42/><F42/><W102/><G110/><T74/><D74/><U53/><E53/><V21/><F21/><W105/><G105/><T48/><D48/><U95/><E72/><V24/><F24/><W88/><G102/><T83/><D83/><N who="1" m="47471" /><E100/><V5/><F109/><W13/><G13/><N who="0" m="7215" /><D114/><U118/><E118/><V26/><F26/><W38/><G38/><T76/><D76/><U96/><E96/><V22/><F71/><W23/><G23/><T132/><D111/><U28/><E95/><N who="2" m="58815" /><F22/><W58/><G116/><T108/><D108/><U47/><E93/><V68/><F68/><W90/><G56/><T45/><D45/><U106/><E47/><V17/><F127/><W80/><G80/><T11/><D11/><U44/><E44/><V79/><F79/><W39/><G90/><T91/><D91/><U59/><E59/><N who="2" m="37087" /><F125/><W133/><G39/><T25/><D25/><N who="1" m="18575" /><E106/><V82/><F70/><W43/><G43/><T12/><D12/><U66/><E66/><V119/><F119/><W81/><G81/><T36/><D36/><U67/><E67/><V92/><F82/><W52/><G88/><T98/><D98/><RYUUKYOKU ba="1,0" sc="280,15,240,15,240,-15,240,-15" hai0="29,31,32,35,132,134,135" hai1="0,2,3,30,34,120,122" /><INIT seed="0,2,0,5,4,103" ten="295,255,225,225" oya="0" hai0="31,126,118,115,135,74,111,94,133,70,4,96,110" hai1="131,39,33,19,60,113,89,76,80,0,10,48,82" hai2="6,46,45,100,72,42,40,50,101,124,5,86,122" hai3="91,23,75,116,79,134,112,34,61,66,71,37,99"/><T78/><D70/><U93/><E39/><V58/><F72/><W14/><G34/><T106/><D4/><U81/><E33/><V88/><F122/><W49/><G37/><T98/><D31/><U7/><E113/><V1/><F124/><W105/><G112/><T90/><D115/><U15/><E131/><V83/><F1/><W65/><G116/><T69/><D69/><U16/><E60/><V67/><F6/><W25/><G65/><T125/><D118/><U3/><E76/><V114/><F5/><W62/><G62/><T20/><D20/><U63/><E63/><N who="2" m="38391" /><F114/><W44/><G134/><N who="0" m="51211" /><D78/><U59/><E0/><V52/><F46/><W120/><G14/><T128/><D74/><U53/><REACH who="1" step="1"/><E3/><REACH who="1" ten="295,245,225,225" step="2"/><V26/><F26/><W97/><G79/><T132/><D132/><U36/><E36/><V130/><F130/><W102/><G120/><T24/><D24/><U117/><E117/><V30/><F30/><W104/><G25/><T127/><D128/><U13/><E13/><V87/><F87/><AGARI ba="2,1" hai="7,10,15,16,19,48,53,59,80,81,82,87,89,93" machi="87" ten="40,12000,2" yaku="1,1,8,1,54,1,53,3" doraHai="103" doraHaiUra="77" who="1" fromWho="2" sc="295,0,245,136,225,-126,225,0" /><INIT seed="1,0,0,3,2,57" ten="295,381,99,225" oya="1" hai0="135,52,41,68,38,129,104,26,22,50,40,45,76" hai1="102,36,34,48,119,83,54,15,90,110,64,1,133" hai2="123,60,27,131,108,6,46,97,85,67,10,82,31" hai3="4,134,79,121,8,81,77,33,3,72,103,58,95"/><U12/><E119/><V128/><F123/><W94/><G121/><T106/><D135/><U75/><E133/><V62/><F108/><W116/><G134/><T105/><D129/><N who="2" m="49738" /><F67/><W43/><G33/><T101/><D68/><U44/><E34/><N who="2" m="20863" /><F97/><W98/><G116/><T24/><D76/><U14/><E110/><V29/><F29/><W59/><G77/><T35/><D35/><U109/><E109/><V28/><F28/><W80/><G80/><T11/><D41/><U20/><E1/><N who="2" m="335" /><F46/><W92/><REACH who="3" step="1"/><G43/><REACH who="3" ten="295,381,99,215" step="2"/><T9/><D40/><N who="1" m="24583" /><E83/><V93/><F93/><AGARI ba="0,1" hai="3,4,8,58,59,72,79,81,92,93,94,95,98,103" machi="93" ten="40,1300,0" yaku="1,1,53,0" doraHai="57" doraHaiUra="13" who="3" fromWho="2" sc="295,0,381,0,99,-13,215,23" /><INIT seed="2,0,0,5,3,114" ten="295,381,86,238" oya="2" hai0="117,125,43,128,95,85,131,82,99,14,115,48,5" hai1="0,42,30,87,89,77,118,93,64,13,1,76,20" hai2="73,81,26,9,103,8,38,6,71,111,107,110,83" hai3="74,28,72,116,102,96,112,17,88,119,124,49,61"/><V135/><F135/><W106/><G17/><T90/><D115/><U65/><E118/><N who="3" m="45098" /><G49/><T132/><D117/><U56/><E1/><V32/><F71/><W63/><G28/><T12/><D125/><U36/><E0/><V101/><F38/><W31/><G31/><T84/><D132/><U23/><E36/><V53/><F32/><W86/><G61/><T75/><D75/><N who="3" m="28713" /><G63/><T27/><D27/><N who="1" m="16743" /><E42/><V58/><F26/><W16/><G16/><T51/><D85/><U123/><E123/><V7/><F73/><W46/><G46/><N who="0" m="25695" /><D51/><U44/><E44/><V91/><F107/><W15/><G15/><T120/><D120/><U68/><E68/><V129/><F129/><N who="0" m="49738" /><D5/><U29/><E56/><V94/><F58/><W133/><G133/><T108/><D108/><N who="2" m="41514" /><F53/><W47/><G47/><T37/><D37/><U121/><E121/><V40/><F40/><W97/><G112/><T34/><D34/><U45/><E45/><V24/><F24/><W92/><G124/><T3/><D3/><U19/><E29/><V50/><F50/><W104/><G97/><T18/><D18/><U52/><E52/><V98/><F7/><W54/><G54/><T134/><D134/><U10/><E23/><V35/><F35/><W21/><G21/><T59/><D59/><U22/><E22/><V25/><F25/><W80/><AGARI ba="0,0" hai="80,86,88,92,96,102,104,106" m="28713,45098" machi="80" ten="30,12000,2" yaku="34,2,52,3,54,1" doraHai="114" who="3" fromWho="3" sc="295,-30,381,-30,86,-60,238,120" /><INIT seed="3,0,0,1,3,134" ten="265,351,26,358" oya="3" hai0="49,64,127,36,121,9,125,87,65,10,61,33,106" hai1="42,129,6,90,45,11,101,44,38,120,32,77,12" hai2="55,115,43,116,59,126,83,47,131,34,70,7,56" hai3="96,95,25,114,109,92,78,66,60,117,23,13,97"/><W1/><G1/><T26/><D36/><U82/><E120/><V133/><F7/><W19/><G114/><T128/><D121/><U93/><E129/><V68/><F83/><W40/><G117/><T63/><D106/><U15/><E32/><V28/><F28/><W67/><G109/><T107/><D107/><U22/><E101/><V51/><F34/><W71/><G40/><T105/><D105/><U74/><E44/><V53/><F115/><W4/><G78/><T24/><D33/><U104/><E104/><V39/><F116/><W20/><G4/><T27/><D49/><U98/><E22/><V110/><F110/><W54/><G54/><T91/><D87/><U76/><E77/><V14/><F14/><AGARI ba="0,0" hai="6,11,12,14,15,38,42,45,74,76,82,90,93,98" machi="14" ten="30,1000,0" yaku="7,1" doraHai="134" who="1" fromWho="2" sc="265,0,351,10,26,-10,358,0" owari="265,-13.5,361,46.1,16,-48.4,358,15.8" /></mjloggm>