<mjloggm ver="2.3"><GO type="225" lobby="0"/><UN n0="%E3%81%B5%E3%81%98%E3%81%8B%E3%81%A4" n1="%E6%A0%B9%E5%85%83%E3%81%8B%E3%82%89%E5%90%B9%E3%81%A3%E9%A3%9B%E3%81%B6" n2="%E6%A1%9C%E8%8A%B1%E9%96%83%E3%80%85" n3="%E3%81%99%E3%81%84%E3%81%BE%E3%81%9B%E3%83%BC%E3%82%93" dan="17,17,16,18" rate="2248.30,2187.99,2216.78,2190.50" sx="M,F,M,M"/><TAIKYOKU oya="0"/><INIT seed="0,0,0,1,1,94" ten="250,250,250,250" oya="0" hai0="87,52,135,75,27,63,40,109,71,37,20,128,8" hai1="1,3,2,34,39,64,132,14,60,12,106,61,83" hai2="131,125,105,92,62,73,58,9,77,82,66,17,45" hai3="86,26,112,85,79,111,35,38,97,16,51,68,6"/><T70/><D128/><U29/><E39/><V116/><F105/><W50/><G112/><T76/><D135/><U108/><E108/><V134/><F134/><W49/><G111/><T59/><D75/><U88/><E106/><V44/><F131/><W4/><G68/><T114/><D114/><U7/><E132/><V101/><F125/><W46/><G38/><T120/><D120/><U123/><E123/><V102/><F116/><W84/><G97/><T129/><D129/><U23/><E34/><V90/><F17/><W25/><G79/><T119/><D119/><U5/><E29/><V100/><REACH who="2" step="1"/><F9/><REACH who="2" ten="250,250,240,250" step="2"/><W121/><G121/><T30/><D8/><U104/><E104/><V67/><F67/><W110/><G110/><T57/><D109/><U11/><E64/><V22/><F22/><N who="3" m="13511" /><G35/><T126/><D126/><U41/><E23/><V31/><F31/><W36/><G26/><T56/><D20/><U124/><E11/><V118/><F118/><W113/><G113/><T19/><D27/><U47/><E124/><V95/><F95/><W65/><G65/><N who="0" m="39167" /><D30/><U43/><E7/><N who="3" m="2602" /><G36/><T69/><D37/><U122/><E5/><V127/><F127/><W103/><G103/><T53/><D19/><U80/><E122/><V55/><F55/><AGARI ba="0,1" hai="46,49,50,51,55,84,85,86" m="2602,13511" machi="55" ten="30,2000,0" yaku="8,1,54,1" doraHai="94" who="3" fromWho="2" sc="250,0,250,0,240,-20,250,30" /><INIT seed="1,0,0,4,4,18" ten="250,250,220,280" oya="1" hai0="51,36,50,88,135,33,37,86,127,128,11,130,9" hai1="64,119,45,80,40,118,14,10,26,2,16,106,115" hai2="122,67,105,57,53,85,129,120,112,70,8,121,7" hai3="123,82,62,44,113,103,15,81,76,60,110,5,41"/><U108/><E115/><V99/><F112/><W13/><G113/><T0/><D33/><U56/><E106/><V95/><F129/><N who="0" m="49770" /><D127/><U73/><E108/><V87/><F105/><W63/><G123/><T100/><D100/><U72/><E2/><V46/><F46/><W98/><G110/><T69/><D69/><U22/><E64/><V92/><F67/><W27/><G27/><T93/><D135/><U32/><E56/><V42/><F42/><W78/><G82/><T54/><D50/><U3/><E80/><V125/><F70/><W74/><G78/><T6/><D11/><U126/><E126/><V58/><F58/><AGARI ba="0,0" hai="0,6,9,36,37,51,54,58,86,88,93" m="49770" machi="58" ten="30,2000,0" yaku="19,1,54,1" doraHai="18" who="0" fromWho="2" sc="250,20,250,0,220,-20,280,0" /><INIT seed="2,0,0,0,2,117" ten="270,250,200,280" oya="2" hai0="27,112,32,14,35,123,91,101,103,90,82,133,25" hai1="89,70,102,67,3,63,42,85,43,51,128,110,93" hai2="30,129,48,50,95,18,100,79,54,12,52,114,56" hai3="13,125,21,81,55,113,124,84,75,130,20,40,98"/><V26/><F129/><W29/><G130/><T65/><D65/><U16/><E110/><V96/><F114/><W72/><G113/><T49/><D14/><U99/><E3/><V87/><F79/><W118/><G118/><T76/><D49/><U0/><E0/><V22/><F87/><W88/><G40/><T15/><D15/><U1/><E1/><V57/><REACH who="2" step="1"/><F12/><REACH who="2" ten="270,250,190,280" step="2"/><W66/><G13/><T86/><D76/><U83/><E128/><V135/><F135/><W69/><G84/><T120/><D86/><U7/><E7/><V61/><F61/><W8/><G75/><T94/><D112/><U109/><E109/><V132/><F132/><W23/><G72/><T9/><D133/><U47/><E16/><AGARI ba="0,1" hai="16,18,22,26,30,48,50,52,54,56,57,95,96,100" machi="16" ten="40,18000,2" yaku="1,1,9,1,8,1,54,2,53,1" doraHai="117" doraHaiUra="17" who="2" fromWho="1" sc="270,0,250,-180,190,190,280,0" /><INIT seed="2,1,0,4,2,47" ten="270,70,380,280" oya="2" hai0="127,3,23,93,92,20,69,48,78,85,65,82,26" hai1="114,115,117,71,36,16,103,9,120,123,33,21,121" hai2="112,29,8,13,45,60,77,132,46,67,35,64,32" hai3="89,91,31,59,52,95,22,0,86,68,135,98,2"/><V99/><F112/><N who="1" m="43049" /><E36/><V50/><F132/><W80/><G68/><T100/><D3/><U24/><E71/><V131/><F131/><W116/><G116/><T58/><D127/><U61/><E61/><V74/><F46/><W73/><G73/><T40/><D69/><U34/><E117/><V11/><F11/><W101/><G135/><T104/><D104/><U27/><E9/><V83/><F99/><W39/><G39/><T62/><D100/><U1/><E1/><V5/><F29/><W28/><G0/><T106/><D106/><U37/><E37/><V84/><F74/><W88/><G2/><T53/><D40/><U128/><E128/><V87/><F87/><W14/><G14/><T81/><D81/><U7/><E7/><V51/><F51/><N who="3" m="31135" /><G22/><T41/><D41/><U133/><E133/><V4/><F4/><W97/><G97/><T54/><D65/><N who="2" m="25162" /><F60/><W102/><G102/><T57/><REACH who="0" step="1"/><D20/><REACH who="0" ten="260,70,380,280" step="2"/><N who="1" m="13319" /><E103/><V10/><F10/><W111/><G111/><T12/><D12/><U19/><AGARI ba="1,1" hai="19,21,27,33,34,120,121,123" m="13319,43049" machi="19" ten="40,8000,1" yaku="13,1,34,2,54,1" doraHai="47" who="1" fromWho="1" sc="260,-21,70,93,380,-41,280,-21" /><INIT seed="3,0,0,1,2,2" ten="239,163,339,259" oya="3" hai0="48,8,22,13,53,56,128,42,96,115,101,62,14" hai1="118,61,78,54,92,126,98,105,63,24,58,23,77" hai2="103,133,132,82,70,74,4,51,88,18,113,117,125" hai3="134,43,127,27,69,81,73,123,95,90,116,75,106"/><W91/><G69/><T107/><D128/><U71/><E126/><V80/><F113/><W131/><G116/><T64/><D115/><U1/><E105/><V3/><F117/><W111/><G123/><T16/><D42/><U100/><E118/><V33/><F33/><W109/><G43/><T7/><REACH who="0" step="1"/><D48/><REACH who="0" ten="229,163,339,259" step="2"/><U35/><E35/><V94/><F51/><W57/><G131/><T10/><D10/><U32/><E32/><V79/><F132/><W29/><G134/><T36/><D36/><U114/><E114/><V135/><F133/><W31/><G127/><T17/><D17/><U38/><E38/><V49/><F18/><W76/><G75/><T9/><D9/><U45/><E1/><V89/><F49/><W25/><G106/><T102/><D102/><U86/><E45/><V85/><F103/><W19/><G19/><T67/><AGARI ba="0,1" hai="7,8,13,14,16,22,53,56,62,64,67,96,101,107" machi="67" ten="30,8000,1" yaku="1,1,0,1,52,1,54,1,53,1" doraHai="2" doraHaiUra="5" who="0" fromWho="0" sc="229,90,163,-20,339,-20,259,-40" owari="319,41.9,143,-35.7,319,11.9,219,-18.1" /></mjloggm>