<mjloggm ver="2.3"><GO type="225" lobby="0"/><UN n0="%33%74%72%65%65" n1="%77%72%77%72%77%72%77%72" n2="%E3%81%B5%E3%81%98%E3%81%8B%E3%81%A4" n3="%E3%83%81%E3%83%AF%E3%83%AF%E9%9A%8A%E9%95%B7" dan="16,17,17,16" rate="2147.12,2151.60,2195.09,2139.13" sx="F,M,M,M"/><TAIKYOKU oya="0"/><INIT seed="0,0,0,5,0,122" ten="250,250,250,250" oya="0" hai0="91,7,88,111,112,70,128,83,133,25,49,54,104" hai1="95,126,48,14,5,118,9,46,98,42,132,80,76" hai2="89,69,27,115,68,87,127,66,61,13,50,84,45" hai3="23,30,67,35,74,15,82,64,58,37,131,24,29"/><T1/><D112/><U79/><E132/><V71/><F115/><W134/><G37/><T96/><D70/><U31/><E126/><V114/><F127/><W110/><G131/><T60/><D128/><U17/><E118/><V62/><F114/><W44/><G134/><T102/><D133/><U43/><E31/><V4/><F27/><W121/><G121/><T39/><D39/><U119/><E119/><V57/><F62/><W81/><G44/><T101/><D101/><U2/><E42/><V16/><F4/><W41/><G41/><T40/><D40/><U36/><E36/><V8/><REACH who="2" step="1"/><F89/><REACH who="2" ten="250,250,240,250" step="2"/><W100/><G24/><T90/><D60/><U22/><REACH who="1" step="1"/><E80/><REACH who="1" ten="250,240,240,250" step="2"/><V113/><F113/><W129/><G81/><T28/><D83/><U103/><AGARI ba="0,2" hai="2,5,9,14,17,22,43,46,48,76,79,95,98,103" machi="103" ten="20,5200,0" yaku="1,1,2,1,0,1,7,1,53,0" doraHai="122" doraHaiUra="53" who="1" fromWho="1" sc="250,-26,240,72,240,-13,250,-13" /><INIT seed="1,0,0,2,2,97" ten="224,312,227,237" oya="1" hai0="118,10,71,61,55,20,126,135,11,113,109,121,134" hai1="31,86,129,30,38,18,9,5,43,128,125,101,16" hai2="133,22,76,36,62,74,37,52,79,80,73,70,19" hai3="8,17,45,93,15,108,107,68,64,41,127,130,42"/><U13/><E86/><V106/><F133/><N who="0" m="50698" /><D113/><U132/><E132/><V50/><F106/><W54/><G107/><T27/><D118/><U3/><E43/><V32/><F32/><W34/><G34/><T83/><D109/><U35/><E38/><V100/><F100/><W95/><G108/><T112/><D112/><U82/><E82/><V69/><F76/><W104/><G104/><T99/><D126/><U131/><E125/><V47/><F73/><W72/><G72/><T85/><D99/><U59/><E59/><V33/><F33/><W102/><G127/><T88/><D121/><U117/><E101/><V24/><REACH who="2" step="1"/><F70/><REACH who="2" ten="224,312,217,237" step="2"/><W110/><G68/><T103/><D103/><U21/><E117/><V56/><F56/><W44/><G102/><T26/><D71/><U81/><E35/><V60/><F60/><W66/><G110/><T94/><D61/><U39/><E128/><V28/><F28/><W114/><G130/><T58/><D58/><U111/><E30/><V65/><AGARI ba="0,1" hai="19,22,24,36,37,47,50,52,62,65,69,74,79,80" machi="65" ten="30,7900,0" yaku="1,1,0,1,54,1,53,1" doraHai="97" doraHaiUra="48" who="2" fromWho="2" sc="224,-20,312,-39,217,89,237,-20" /><INIT seed="2,0,0,1,0,12" ten="204,273,306,217" oya="2" hai0="6,101,93,11,86,79,76,56,58,65,133,109,89" hai1="129,103,91,29,69,111,35,62,80,5,117,75,51" hai2="17,33,18,41,37,16,42,63,132,100,21,112,120" hai3="85,66,125,3,124,71,87,126,106,20,82,55,47"/><V72/><F120/><W61/><G106/><T14/><D109/><U26/><E117/><V59/><F112/><W43/><G3/><T102/><D133/><U13/><E111/><V7/><F132/><W68/><G68/><T108/><D108/><U84/><E129/><V57/><F33/><W24/><G55/><T105/><D105/><U0/><E75/><V83/><F100/><N who="0" m="38506" /><D65/><U40/><E103/><V15/><F37/><W52/><G82/><N who="0" m="47431" /><D79/><U119/><E119/><V2/><F83/><W60/><G43/><N who="2" m="16393" /><F2/><W25/><G25/><T97/><AGARI ba="0,0" hai="6,11,14,56,58,89,93,97" m="47431,38506" machi="97" ten="30,1100,0" yaku="8,1" doraHai="12" who="0" fromWho="0" sc="204,11,273,-3,306,-5,217,-3" /><INIT seed="3,0,0,2,3,88" ten="215,270,301,214" oya="3" hai0="44,40,124,66,86,9,92,104,69,132,24,125,43" hai1="0,106,85,16,48,7,96,68,116,29,11,112,56" hai2="115,33,18,108,134,76,101,34,31,53,75,95,42" hai3="39,5,58,87,109,82,20,117,10,30,100,38,67"/><W122/><G117/><T59/><D104/><U17/><E112/><V60/><F115/><W41/><G122/><T80/><D69/><U25/><E68/><V47/><F134/><W135/><G135/><T98/><D9/><U6/><E116/><V128/><F76/><W27/><G109/><T28/><D132/><U32/><E7/><V55/><F75/><W23/><G100/><N who="0" m="60487" /><D44/><U46/><E56/><V97/><F128/><W119/><G119/><T121/><D121/><U113/><E113/><V50/><F34/><W130/><G130/><T74/><D74/><U89/><E96/><V79/><F79/><W1/><G41/><T71/><D71/><U111/><E106/><V4/><F33/><W133/><G133/><T36/><D36/><U21/><E32/><V61/><F4/><W3/><G3/><T22/><D124/><U52/><E111/><V127/><F127/><W84/><G23/><T35/><D35/><U14/><E0/><V63/><F108/><W51/><G87/><T126/><D126/><U26/><E25/><V94/><F31/><W91/><REACH who="3" step="1"/><G51/><REACH who="3" ten="215,270,301,204" step="2"/><T102/><D125/><U120/><E120/><V8/><F42/><W73/><G73/><T83/><D102/><U64/><E85/><V90/><F101/><W118/><G118/><T15/><D86/><U72/><E72/><V131/><F131/><W77/><G77/><T114/><D114/><U129/><E129/><V37/><F37/><W78/><G78/><T13/><D40/><U45/><E89/><V107/><F90/><W62/><AGARI ba="0,1" hai="1,5,10,20,27,30,38,39,58,62,67,82,84,91" machi="62" ten="30,3000,0" yaku="1,1,0,1,53,0" doraHai="88" doraHaiUra="12" who="3" fromWho="3" sc="215,-10,270,-10,301,-10,204,40" /><INIT seed="3,1,0,0,3,23" ten="205,260,291,244" oya="3" hai0="73,59,20,39,3,119,36,17,57,99,58,114,86" hai1="32,21,14,88,61,89,60,33,62,126,128,66,45" hai2="115,13,56,107,134,121,34,135,38,44,31,95,80" hai3="16,112,82,130,50,110,117,125,52,15,100,11,70"/><W26/><G112/><T27/><D119/><U49/><E128/><V98/><F115/><W22/><G117/><T41/><D114/><U5/><E126/><V24/><F107/><W4/><G70/><T113/><D113/><U12/><E66/><V74/><F56/><W46/><G125/><T84/><D73/><U109/><E109/><V77/><F13/><W30/><G110/><T9/><D99/><U64/><E64/><V25/><F121/><W71/><G71/><T122/><D122/><U87/><E89/><N who="2" m="55663" /><F31/><W104/><G130/><T96/><D96/><U90/><E90/><V133/><F34/><W123/><G123/><T111/><D111/><U132/><E132/><V1/><F1/><W47/><G104/><T79/><D79/><U102/><E102/><V129/><F129/><W69/><G69/><T0/><D0/><U29/><E5/><V43/><AGARI ba="1,0" hai="24,25,38,43,44,74,77,80,133,134,135" m="55663" machi="43" ten="40,5200,0" yaku="20,1,52,2" doraHai="23" who="2" fromWho="2" sc="205,-14,260,-14,291,55,244,-27" owari="191,-30.9,246,4.6,346,44.6,217,-18.3" /></mjloggm>