<mjloggm ver="2.3"><GO type="225" lobby="0"/><UN n0="%E3%83%94%E3%83%B3%E3%82%B5%E3%83%AD%E5%BA%97%E5%93%A1" n1="%E5%BE%A1%E5%BD%B1%E3%82%86%E3%81%9A%E3%81%8D" n2="%6D%75%75%73%61%6E%6D%75" n3="%E3%80%90%E3%83%88%E3%83%AA%E3%83%A5%E3%83%95%E3%80%91" dan="16,17,17,16" rate="2157.11,2198.44,2162.40,2063.61" sx="M,M,F,M"/><TAIKYOKU oya="0"/><INIT seed="0,0,0,4,4,17" ten="250,250,250,250" oya="0" hai0="131,70,63,97,115,83,43,38,13,120,85,1,20" hai1="87,52,24,12,74,80,121,123,65,33,89,28,119" hai2="54,77,129,47,110,30,73,3,46,94,55,132,86" hai3="57,75,72,6,116,29,124,44,101,27,102,109,42"/><T41/><D115/><U76/><E119/><V133/><F3/><W14/><G116/><T104/><D120/><U117/><E117/><V114/><F114/><W93/><G109/><T15/><D1/><U37/><E37/><V69/><F69/><W92/><G124/><T107/><D131/><U88/><E65/><V106/><F106/><W25/><G57/><T111/><D111/><U36/><E36/><V79/><F110/><W126/><G126/><T7/><D15/><U23/><E89/><N who="2" m="53559" /><F129/><W125/><G14/><T0/><D0/><U21/><E52/><N who="2" m="20011" /><F30/><W9/><G72/><T99/><D107/><U49/><E49/><V128/><F73/><W8/><G75/><T78/><D104/><U31/><E31/><V135/><F128/><W64/><G29/><T2/><D2/><U112/><E112/><V51/><F51/><W53/><G53/><T59/><D70/><U39/><E39/><V84/><F84/><W118/><G118/><T11/><D38/><U67/><E67/><V18/><F18/><W61/><G64/><N who="0" m="39039" /><D41/><U4/><E121/><V100/><F100/><W66/><G66/><T71/><D43/><U50/><E50/><V10/><F10/><W105/><G105/><T45/><D71/><U56/><E56/><V82/><F82/><W81/><G81/><T113/><D113/><U103/><E103/><V134/><N who="2" m="33792" /><DORA hai="60" /><V34/><F34/><W108/><G108/><T68/><D68/><U122/><E123/><V130/><F130/><W22/><G102/><T98/><D45/><AGARI ba="0,0" hai="45,46,47,77,79" m="33792,20011,53559" machi="45" ten="60,3900,0" yaku="20,1,54,1" doraHai="17,60" who="2" fromWho="0" sc="250,-39,250,0,250,39,250,0" /><INIT seed="1,0,0,3,1,79" ten="211,250,289,250" oya="1" hai0="125,18,71,95,92,9,26,34,120,78,106,81,16" hai1="44,38,132,133,8,64,50,68,93,128,22,129,110" hai2="84,43,40,85,108,45,41,77,59,111,107,70,23" hai3="83,12,94,57,67,63,19,33,37,65,117,135,29"/><U62/><E8/><V15/><F70/><W31/><G37/><T75/><D106/><U42/><E93/><V72/><F107/><W97/><G135/><N who="1" m="51786" /><E22/><V88/><F72/><W2/><G2/><T119/><D119/><U55/><E110/><N who="2" m="42027" /><F59/><AGARI ba="0,0" hai="38,42,44,50,55,59,62,64,68,128,129" m="51786" machi="59" ten="30,11600,0" yaku="24,1,20,1,34,2" doraHai="79" who="1" fromWho="2" sc="211,0,250,116,289,-116,250,0" /><INIT seed="1,1,0,2,2,63" ten="211,366,173,250" oya="1" hai0="85,108,44,118,54,125,129,134,119,27,87,95,10" hai1="5,115,89,19,67,51,122,117,2,53,71,9,38" hai2="59,69,7,65,114,68,101,39,21,36,66,35,24" hai3="50,49,16,3,110,1,76,83,61,96,74,33,58"/><U100/><E122/><V128/><F35/><W104/><G110/><T109/><D129/><U46/><E117/><V105/><F128/><W29/><G3/><T64/><D134/><U112/><E100/><V103/><F7/><W94/><G104/><T127/><D27/><U30/><E30/><V55/><F114/><W4/><G16/><T20/><D20/><U22/><E38/><V135/><F135/><W57/><G57/><T82/><D10/><U123/><E123/><V79/><F79/><W116/><G116/><N who="0" m="44587" /><D54/><U98/><E98/><V70/><F39/><W73/><G73/><T18/><D18/><U52/><E89/><V91/><F36/><W133/><G133/><T40/><D64/><U130/><E130/><V26/><F91/><W0/><G0/><T97/><D44/><U77/><E77/><V34/><F34/><W113/><G4/><T80/><D40/><U17/><E53/><V102/><F105/><W107/><G107/><T131/><D131/><U41/><E41/><V84/><F84/><N who="0" m="32330" /><D82/><U28/><E28/><V111/><F111/><N who="0" m="42570" /><D80/><U93/><E17/><V60/><REACH who="2" step="1"/><F26/><REACH who="2" ten="211,366,163,250" step="2"/><W45/><G33/><T86/><N who="0" m="32338" /><T92/><DORA hai="13" /><D92/><U47/><E93/><V75/><F75/><W6/><G74/><T11/><D11/><U81/><E9/><V37/><F37/><W99/><G6/><T62/><D62/><U106/><E5/><V78/><F78/><W72/><G76/><T132/><D132/><U12/><E81/><V15/><F15/><W23/><G83/><T121/><D121/><U88/><E12/><V8/><F8/><RYUUKYOKU ba="1,1" sc="211,15,366,-15,163,15,250,-15" hai0="95,97,125,127" hai2="21,24,55,59,60,65,66,68,69,70,101,102,103" /><INIT seed="2,2,1,4,3,119" ten="226,351,178,235" oya="2" hai0="68,21,62,7,106,130,58,90,57,11,25,18,53" hai1="92,120,29,108,67,132,111,0,38,80,46,17,79" hai2="100,114,9,88,133,113,44,86,33,96,105,66,64" hai3="77,14,91,128,101,81,135,63,22,50,74,129,3"/><V122/><F33/><W8/><G101/><T5/><D106/><U31/><E0/><V26/><F122/><W76/><G3/><T73/><D73/><U125/><E120/><V19/><F133/><W93/><G77/><T118/><D118/><U13/><E67/><V28/><F44/><W109/><G109/><N who="1" m="42058" /><E125/><V104/><F104/><W59/><G135/><T6/><D130/><N who="3" m="50281" /><G22/><T43/><D68/><U70/><E70/><V84/><F84/><N who="3" m="52455" /><G50/><N who="0" m="30903" /><D43/><N who="1" m="22903" /><E92/><V32/><F113/><W117/><G117/><T71/><D71/><U16/><E17/><V47/><F114/><W15/><G8/><T87/><D11/><N who="1" m="6207" /><E132/><V61/><F47/><W110/><G110/><T82/><D7/><U48/><E48/><V10/><F19/><W121/><G121/><T1/><D1/><U36/><E36/><V99/><F61/><W65/><AGARI ba="2,1" hai="14,15,59,63,65,74,76,81" m="52455,50281" machi="65" ten="30,1100,0" yaku="19,1" doraHai="119" who="3" fromWho="3" sc="226,-5,351,-5,178,-7,235,27" /><INIT seed="3,0,0,5,4,4" ten="221,346,171,262" oya="3" hai0="79,11,58,85,49,80,21,59,46,112,22,113,69" hai1="12,65,88,44,5,102,61,28,19,17,52,83,71" hai2="9,128,14,43,51,90,37,15,82,84,125,41,98" hai3="38,34,16,120,114,8,0,121,68,47,57,42,30"/><W78/><G114/><N who="0" m="44139" /><D69/><U131/><E102/><V77/><F37/><W103/><G68/><T56/><D11/><U35/><E131/><V115/><F115/><W133/><G103/><T29/><D29/><U89/><E5/><V67/><F128/><W108/><G34/><T60/><D60/><U118/><E19/><V48/><F125/><W63/><G30/><T33/><D33/><U64/><E64/><V92/><F67/><W36/><G16/><T39/><D39/><U122/><E122/><V6/><REACH who="2" step="1"/><F15/><REACH who="2" ten="221,346,161,262" step="2"/><W87/><G36/><T3/><D3/><U25/><E12/><V24/><F24/><W32/><G0/><T76/><D76/><U110/><E25/><V7/><F7/><W2/><G2/><T99/><D99/><U31/><E65/><V126/><F126/><W96/><G96/><T18/><D18/><U104/><E17/><V109/><F109/><W97/><G108/><T73/><D73/><U54/><E110/><V135/><F135/><W107/><G133/><T119/><D119/><U116/><E116/><V53/><F53/><AGARI ba="0,1" hai="21,22,46,49,53,56,58,59,79,80,85" m="44139" machi="53" ten="30,1000,0" yaku="11,1" doraHai="4" who="0" fromWho="2" sc="221,20,346,0,161,-10,262,0" owari="241,-15.9,346,44.6,151,-34.9,262,6.2" /></mjloggm>