<mjloggm ver="2.3"><GO type="225" lobby="0"/><UN n0="%6D%75%75%6D%75%72%61" n1="%E3%81%8B%E3%82%8F%E3%81%A1%E3%82%83%E3%82%93%35%38" n2="%E3%81%A9%E3%82%8F%E3%82%93%E3%81%94" n3="%E3%81%B2%E3%81%AA%E3%81%AE%E3%82%8A%E3%81%8F" dan="16,16,16,17" rate="2074.28,2202.84,2060.14,2231.04" sx="F,M,M,M"/><TAIKYOKU oya="0"/><INIT seed="0,0,0,2,2,44" ten="250,250,250,250" oya="0" hai0="10,32,112,69,58,90,33,49,14,60,73,56,30" hai1="98,15,40,55,93,77,39,102,120,64,107,72,0" hai2="26,128,23,108,46,126,79,25,94,27,131,135,105" hai3="1,118,45,63,91,8,62,57,88,83,82,74,9"/><T50/><D112/><U65/><E0/><V47/><F105/><W89/><G118/><T84/><D73/><U67/><E120/><V2/><F2/><W16/><G74/><T117/><D117/><U103/><E39/><V70/><F70/><W36/><G1/><T48/><D69/><U87/><E40/><V17/><F108/><W132/><G132/><T4/><D30/><U111/><E111/><V24/><F135/><W130/><G130/><N who="2" m="49705" /><F126/><W80/><G63/><T41/><D41/><U38/><E38/><V21/><F79/><W85/><G85/><T3/><D3/><U53/><E103/><V12/><F94/><W35/><G35/><T34/><REACH who="0" step="1"/><D60/><REACH who="0" ten="240,250,250,250" step="2"/><U129/><E129/><V125/><F125/><W113/><G113/><T124/><D124/><U115/><E115/><V52/><F52/><N who="3" m="34087" /><G36/><T5/><D5/><U20/><E55/><V18/><AGARI ba="0,1" hai="12,17,18,21,23,24,25,26,27,46,47" m="49705" machi="18" ten="40,1500,0" yaku="19,1" doraHai="44" who="2" fromWho="2" sc="240,-7,250,-4,250,25,250,-4" /><INIT seed="1,0,0,2,2,19" ten="233,246,275,246" oya="1" hai0="107,119,85,135,86,59,36,115,43,16,28,10,126" hai1="113,62,79,3,88,73,64,96,103,48,68,57,91" hai2="76,56,9,60,35,84,55,46,77,87,5,53,11" hai3="42,71,20,8,1,61,50,30,0,89,95,29,58"/><U45/><E3/><V40/><F35/><W129/><G129/><T121/><D107/><U33/><E33/><V131/><F131/><W80/><G80/><T38/><D115/><U34/><E34/><V92/><F53/><W100/><G100/><T13/><D119/><U52/><E113/><V98/><F84/><W47/><G71/><T110/><D126/><U15/><E15/><V97/><F97/><W72/><G72/><T12/><D110/><U122/><E122/><V99/><F99/><W4/><G1/><T51/><D28/><U18/><E18/><V22/><F22/><W25/><G30/><T94/><D121/><U17/><E17/><V65/><F65/><W133/><G133/><T112/><D112/><U128/><E128/><V21/><F21/><W104/><G104/><T70/><D70/><U111/><E111/><V74/><F74/><W114/><G114/><T2/><D2/><U120/><E120/><V82/><F77/><W134/><G134/><T32/><D32/><U41/><E79/><V14/><F11/><W93/><REACH who="3" step="1"/><G89/><REACH who="3" ten="233,246,275,236" step="2"/><T37/><D135/><U106/><REACH who="1" step="1"/><E73/><REACH who="1" ten="233,236,275,236" step="2"/><V125/><F125/><W130/><G130/><T105/><D12/><U66/><E66/><AGARI ba="0,2" hai="0,4,8,20,25,29,42,47,50,58,61,66,93,95" machi="66" ten="30,3900,0" yaku="1,1,7,1,52,1,53,0" doraHai="19" doraHaiUra="127" who="3" fromWho="1" sc="233,0,236,-39,275,0,236,59" /><INIT seed="2,0,0,4,5,41" ten="233,197,275,295" oya="2" hai0="100,127,130,64,94,112,54,7,48,28,93,71,122" hai1="65,25,49,5,129,33,35,78,18,76,101,92,103" hai2="55,83,30,77,115,6,12,117,1,109,108,57,105" hai3="53,89,46,17,44,72,14,16,38,134,121,40,26"/><V102/><F115/><W9/><G121/><T123/><D112/><U73/><E5/><V110/><F117/><W43/><G134/><T120/><D130/><U98/><E129/><V99/><F1/><W10/><G72/><T51/><D127/><U21/><E65/><V15/><F30/><W24/><G53/><T63/><D7/><U27/><E103/><V20/><F20/><W13/><G89/><T80/><D28/><U3/><E3/><V131/><F131/><W87/><G87/><T36/><D36/><AGARI ba="0,0" hai="9,10,13,14,16,17,24,26,36,38,40,43,44,46" machi="36" ten="30,12000,2" yaku="7,1,32,3,52,2,54,1" doraHai="41" who="3" fromWho="0" sc="233,-120,197,0,275,0,295,120" /><INIT seed="3,0,0,4,2,123" ten="113,197,275,415" oya="3" hai0="51,93,13,107,60,43,83,91,2,64,133,86,70" hai1="6,102,47,106,57,110,105,94,54,37,88,131,69" hai2="52,3,125,23,62,72,104,75,77,44,79,109,24" hai3="26,126,129,4,61,116,92,100,97,49,19,40,1"/><W113/><G113/><T32/><D2/><U119/><E69/><V66/><F104/><W84/><G4/><T99/><D133/><U5/><E102/><V58/><F3/><W85/><G61/><T103/><D13/><U67/><E67/><V90/><F75/><W18/><G26/><T35/><D43/><U29/><E29/><V8/><F8/><W118/><G49/><T89/><D51/><U81/><E81/><V132/><F23/><W63/><G63/><T9/><D9/><U39/><E47/><V7/><F24/><W53/><G53/><T38/><D38/><U27/><E27/><V30/><F52/><W112/><G92/><T101/><D101/><U68/><E68/><V12/><F58/><W14/><G97/><T73/><REACH who="0" step="1"/><D91/><REACH who="0" ten="103,197,275,415" step="2"/><U135/><E88/><V46/><F90/><W80/><G100/><T130/><D130/><U17/><E131/><V16/><F132/><W41/><G14/><T65/><D65/><U15/><E15/><V74/><F12/><W128/><G1/><T36/><D36/><U0/><E0/><V56/><F66/><W87/><G129/><T111/><D111/><U71/><E110/><V25/><F109/><W121/><G128/><T134/><D134/><U95/><E135/><V34/><F25/><W114/><G41/><T117/><D117/><U122/><E119/><V48/><F48/><W127/><G40/><T98/><D98/><U33/><E39/><V120/><F62/><W11/><G118/><T21/><D21/><U96/><E37/><V22/><F22/><W50/><G116/><T28/><D28/><RYUUKYOKU ba="0,1" sc="103,30,197,-10,275,-10,415,-10" hai0="32,35,60,64,70,73,83,86,89,93,99,103,107" owari="133,-36.7,187,-21.3,265,6.5,415,51.5" /></mjloggm>