<mjloggm ver="2.3"><GO type="225" lobby="0"/><UN n0="%E8%81%B7%E6%A5%AD%E3%80%81%E9%A2%A8%32" n1="%73%69%72%6F%75%74" n2="%48%61%61%61%6C%61%6E%64" n3="%E7%B4%94%E6%BD%94%E3%83%94%E3%83%A9%E3%83%8B%E3%82%A2" dan="16,16,17,16" rate="2099.82,2142.66,2246.59,2081.66" sx="M,M,M,M"/><TAIKYOKU oya="0"/><INIT seed="0,0,0,2,4,94" ten="250,250,250,250" oya="0" hai0="3,111,44,125,40,101,73,117,100,54,5,97,124" hai1="78,98,64,15,121,118,60,110,102,103,85,63,47" hai2="77,32,105,126,57,10,26,112,21,29,109,92,14" hai3="70,23,80,132,84,0,43,59,67,69,39,28,134"/><T31/><D117/><U104/><E118/><V48/><F105/><W49/><G0/><T51/><D73/><U130/><E121/><V91/><F112/><W119/><G119/><T6/><D101/><U25/><E110/><V50/><F109/><W99/><G39/><T90/><D111/><U36/><E130/><V86/><F126/><N who="0" m="48746" /><D90/><U4/><E63/><V45/><F77/><W8/><G70/><T123/><D123/><U76/><E102/><V37/><F32/><W53/><G69/><T75/><D75/><U2/><E2/><V82/><F82/><W71/><G71/><T129/><D129/><U96/><E85/><V62/><F37/><W122/><G122/><T68/><D68/><U22/><E36/><V116/><F45/><N who="3" m="25791" /><G67/><T42/><D31/><N who="1" m="17847" /><E47/><V33/><F33/><W52/><G59/><N who="0" m="33247" /><D3/><U7/><E103/><V79/><F116/><W61/><G61/><T93/><D42/><U18/><E104/><V41/><F41/><W89/><G134/><T128/><D128/><U81/><E60/><V13/><F62/><W55/><G132/><T20/><D20/><N who="1" m="11359" /><E64/><V88/><F48/><AGARI ba="0,0" hai="5,6,40,44,48,93,97,100" m="33247,48746" machi="48" ten="30,2900,0" yaku="18,1,52,1" doraHai="94" who="0" fromWho="2" sc="250,29,250,0,250,-29,250,0" /><INIT seed="0,1,0,3,3,76" ten="279,250,221,250" oya="0" hai0="10,49,44,103,6,69,65,26,94,68,40,72,13" hai1="124,20,78,126,104,43,52,29,5,71,7,116,70" hai2="63,93,121,53,135,75,122,105,1,18,9,123,97" hai3="133,19,89,54,125,83,56,98,128,80,46,50,23"/><T131/><D72/><U84/><E104/><V79/><F135/><W107/><G133/><T96/><D131/><U99/><E43/><V91/><F105/><W37/><G125/><N who="1" m="48234" /><E99/><V120/><N who="2" m="30720" /><DORA hai="2" /><V39/><F39/><W45/><G128/><T74/><D74/><U36/><E36/><V58/><F18/><W129/><G129/><T114/><D114/><U51/><E116/><V82/><F9/><W101/><G89/><T55/><D65/><U86/><E29/><V4/><REACH who="2" step="1"/><F1/><REACH who="2" ten="279,250,211,250" step="2"/><W27/><REACH who="3" step="1"/><G37/><REACH who="3" ten="279,250,211,240" step="2"/><T31/><REACH who="0" step="1"/><D40/><REACH who="0" ten="269,250,211,240" step="2"/><U119/><E119/><V14/><F14/><W90/><G90/><T47/><D47/><AGARI ba="1,3" hai="19,23,27,45,46,47,50,54,56,80,83,98,101,107" machi="47" ten="40,8000,1" yaku="1,1,52,2,53,1" doraHai="76,2" doraHaiUra="100,111" who="3" fromWho="0" sc="269,-83,250,0,211,0,240,113" /><INIT seed="1,0,0,4,1,24" ten="186,250,211,353" oya="1" hai0="65,117,84,72,134,128,129,135,4,102,36,110,29" hai1="112,27,76,20,54,6,108,55,77,58,61,70,21" hai2="93,13,26,45,48,25,11,78,90,32,46,69,80" hai3="47,107,68,130,124,96,1,87,126,43,33,120,71"/><U10/><E112/><V83/><F69/><W57/><G120/><T35/><D72/><U60/><E20/><V75/><F83/><W63/><G33/><T132/><D36/><U105/><E105/><V22/><F32/><W99/><G87/><T2/><D65/><U121/><E121/><V95/><F25/><W103/><G99/><T125/><D117/><U18/><E108/><V131/><F131/><N who="0" m="50250" /><D110/><U49/><E70/><V7/><F90/><W67/><G1/><T109/><D109/><U41/><E41/><V101/><F101/><W59/><G68/><T19/><D102/><U15/><REACH who="1" step="1"/><E61/><REACH who="1" ten="186,240,211,353" step="2"/><V5/><F22/><W62/><G130/><T73/><D35/><U37/><E37/><V52/><F48/><N who="3" m="26751" /><G63/><T100/><D73/><U127/><E127/><AGARI ba="0,1" hai="57,59,62,67,71,96,103,107,124,126,127" m="26751" machi="127" ten="30,1000,0" yaku="18,1" doraHai="24" who="3" fromWho="1" sc="186,0,240,-10,211,0,353,20" /><INIT seed="2,0,0,5,4,122" ten="186,230,211,373" oya="2" hai0="38,16,105,48,19,78,131,46,118,27,33,14,132" hai1="114,124,59,18,109,3,117,110,94,121,115,111,73" hai2="113,7,34,0,112,37,90,76,101,57,2,43,85" hai3="9,87,8,64,60,41,71,127,119,120,70,86,32"/><V72/><F34/><W53/><G120/><T125/><D105/><U20/><E121/><V66/><F101/><W52/><G119/><T75/><D38/><U40/><E124/><V99/><F99/><W31/><G127/><T21/><D125/><U98/><E117/><V104/><F104/><W128/><G128/><T11/><D118/><U133/><E133/><V26/><F26/><W102/><G102/><T123/><D123/><U47/><E59/><V23/><F23/><W100/><G100/><T17/><D131/><U96/><E73/><V51/><F76/><W10/><G41/><T39/><D39/><N who="1" m="21919" /><E3/><V68/><F72/><W30/><G32/><T44/><D132/><U25/><E94/><V55/><F2/><W12/><G12/><T134/><D134/><U77/><E77/><V67/><F0/><W6/><G6/><T116/><D116/><U135/><E135/><V29/><F7/><W89/><G89/><T5/><D33/><U69/><E69/><V106/><F106/><W103/><G103/><T45/><REACH who="0" step="1"/><D48/><REACH who="0" ten="176,230,211,373" step="2"/><U130/><E130/><V95/><F37/><W35/><G35/><T36/><D36/><U81/><E115/><V42/><F112/><W63/><G9/><T129/><D129/><U61/><E114/><V107/><F113/><W24/><G24/><T84/><D84/><U108/><E108/><V91/><F107/><W4/><G4/><T1/><D1/><U83/><E61/><V28/><F85/><W93/><G93/><T82/><AGARI ba="0,1" hai="5,11,14,16,17,19,21,27,44,45,46,75,78,82" machi="82" ten="30,4000,0" yaku="1,1,0,1,54,1,53,0" doraHai="122" doraHaiUra="58" who="0" fromWho="0" sc="176,50,230,-10,211,-20,373,-10" /><INIT seed="3,0,0,2,3,68" ten="226,220,191,363" oya="3" hai0="11,57,65,120,123,58,47,56,21,5,119,54,75" hai1="111,102,98,66,125,14,92,116,131,82,126,48,96" hai2="94,88,44,51,16,37,22,124,20,59,130,15,28" hai3="115,24,109,135,26,69,84,62,100,79,86,118,129"/><W128/><G118/><T9/><D75/><U46/><E66/><V89/><F124/><N who="1" m="47721" /><E111/><V34/><F130/><W133/><G100/><T76/><D119/><U110/><E110/><V81/><F34/><W3/><G3/><T4/><D76/><U18/><E116/><V73/><F37/><W39/><G39/><T61/><D120/><U25/><E25/><N who="3" m="9834" /><G115/><T2/><D21/><N who="1" m="11479" /><E82/><V78/><F59/><W27/><G27/><T113/><D113/><U7/><E7/><V90/><F28/><W19/><G19/><T64/><D123/><U107/><E131/><N who="3" m="50250" /><G109/><T36/><D65/><U93/><E98/><V0/><F0/><W97/><G97/><T53/><D36/><U72/><E72/><V67/><F67/><N who="3" m="41207" /><G84/><T43/><D2/><U55/><AGARI ba="0,0" hai="46,48,55,92,93,96,102,107" m="11479,47721" machi="55" ten="30,1100,0" yaku="18,1" doraHai="68" who="1" fromWho="1" sc="226,-3,220,11,191,-3,363,-5" owari="223,-17.7,231,3.1,188,-31.2,358,45.8" /></mjloggm>