<mjloggm ver="2.3"><GO type="225" lobby="0"/><UN n0="%77%72%77%72%77%72%77%72" n1="%E9%B3%B3%E6%9D%B1%E3%81%AE%E3%81%86%E3%81%95%E3%81%8E%E3%81%95%E3%82%93" n2="%E3%81%A1%E3%82%85%E3%81%86%E3%81%A9%E3%81%8F%E8%B1%A1%E3%81%95%E3%82%93" n3="%74%61%6B%75%61%6B%61" dan="16,16,16,17" rate="2160.79,2140.57,2158.90,2229.29" sx="M,M,M,M"/><TAIKYOKU oya="0"/><INIT seed="0,0,0,5,1,41" ten="250,250,250,250" oya="0" hai0="120,42,118,65,69,11,99,20,40,59,87,19,26" hai1="33,0,103,61,83,10,32,71,126,29,68,50,86" hai2="91,27,124,4,6,64,109,98,97,66,128,129,58" hai3="100,13,56,31,119,21,75,45,28,85,55,22,14"/><T54/><D118/><U115/><E126/><V62/><F109/><W90/><G75/><T25/><D120/><U134/><E134/><V3/><F124/><W70/><G70/><T94/><D87/><U36/><E36/><V80/><F27/><W57/><G100/><T72/><D72/><U135/><E135/><V104/><F64/><W77/><G77/><T12/><D26/><U15/><E0/><V81/><F3/><W92/><G119/><T117/><D65/><U84/><E115/><V44/><F44/><W131/><G131/><N who="2" m="50249" /><F104/><W63/><G56/><T113/><D69/><U111/><E29/><N who="3" m="11338" /><G45/><T112/><D117/><U130/><E33/><V34/><F34/><W24/><G24/><T18/><D113/><U125/><E32/><V37/><F37/><W8/><G13/><T76/><D76/><U2/><E15/><V132/><F132/><W82/><G92/><T5/><D112/><U108/><E68/><V133/><F133/><W60/><G60/><N who="0" m="35959" /><D5/><AGARI ba="0,0" hai="5,8,14,21,22,55,57,63,82,85,90" m="11338" machi="5" ten="30,1000,0" yaku="8,1" doraHai="41" who="3" fromWho="0" sc="250,-10,250,0,250,0,250,10" /><INIT seed="1,0,0,5,4,105" ten="240,250,250,260" oya="1" hai0="81,79,94,4,49,36,89,13,120,124,96,5,2" hai1="3,128,83,58,1,133,7,61,114,122,118,132,32" hai2="130,52,85,111,37,31,84,90,22,9,12,65,48" hai3="68,108,113,93,39,134,11,66,102,71,0,19,127"/><U57/><E114/><V8/><F37/><W70/><G113/><T18/><D36/><U25/><E118/><V100/><F111/><W29/><G108/><T23/><D124/><U30/><E122/><V125/><F125/><W103/><G66/><T47/><D2/><U34/><E128/><V60/><F130/><W75/><G29/><T97/><D97/><U87/><E32/><V95/><F100/><W117/><G39/><T24/><D120/><U121/><E121/><V135/><F135/><N who="1" m="51785" /><E7/><V54/><F85/><W40/><G103/><T91/><D91/><N who="1" m="51711" /><E57/><N who="2" m="32903" /><F54/><AGARI ba="0,0" hai="1,3,25,30,34,54,58,61" m="51711,51785" machi="54" ten="30,1500,0" yaku="20,1" doraHai="105" who="1" fromWho="2" sc="240,0,250,15,250,-15,260,0" /><INIT seed="1,1,0,4,4,124" ten="240,265,235,260" oya="1" hai0="107,4,18,5,51,82,94,10,72,38,34,44,40" hai1="32,3,88,55,76,0,96,128,92,26,130,67,28" hai2="129,106,114,91,126,14,19,105,52,46,22,62,122" hai3="23,37,24,33,118,73,43,83,74,127,81,108,95"/><U60/><E76/><V49/><F122/><W68/><G33/><T13/><D107/><U125/><E55/><V116/><F116/><W31/><G68/><T69/><D69/><N who="1" m="42215" /><E125/><V21/><F126/><W30/><G127/><T110/><D34/><U35/><E35/><V29/><F114/><W84/><G118/><T42/><D110/><U111/><E111/><V36/><F36/><W57/><G31/><T87/><D94/><U41/><E41/><V112/><F112/><W64/><G73/><T6/><D72/><U134/><E134/><V70/><F91/><W102/><G74/><T65/><D65/><U100/><E88/><V15/><F105/><W56/><G84/><T133/><D133/><U71/><E71/><V17/><F106/><W90/><G90/><N who="0" m="51575" /><D38/><U9/><E9/><V98/><F98/><N who="3" m="59743" /><G108/><T39/><D39/><U20/><E20/><V89/><F29/><W66/><G37/><T45/><D45/><U53/><E53/><AGARI ba="1,0" hai="4,5,6,10,13,18,40,42,44,51,53" m="51575" machi="53" ten="30,2000,0" yaku="25,1,8,1" doraHai="124" who="0" fromWho="1" sc="240,23,265,-23,235,0,260,0" /><INIT seed="2,0,0,3,2,84" ten="263,242,235,260" oya="2" hai0="76,55,102,47,106,44,50,6,8,121,40,64,11" hai1="75,53,129,134,110,42,118,101,109,2,74,3,103" hai2="5,25,98,104,73,89,34,46,31,130,27,69,71" hai3="127,116,113,82,107,35,99,83,111,115,92,80,12"/><V0/><F73/><N who="1" m="27657" /><E42/><V58/><F58/><W128/><G35/><T39/><D121/><U135/><E53/><V43/><F130/><W22/><G116/><T112/><D112/><N who="3" m="43081" /><G128/><T33/><D33/><U9/><E9/><N who="2" m="2215" /><F25/><W19/><G111/><N who="1" m="42506" /><E118/><V123/><F89/><N who="3" m="55695" /><G107/><T7/><D76/><U79/><E79/><V61/><F61/><W72/><G72/><T26/><D64/><U132/><E129/><V126/><F126/><AGARI ba="0,0" hai="12,19,22,80,82,83,126,127" m="55695,43081" machi="126" ten="40,2600,0" yaku="11,1,52,1" doraHai="84" who="3" fromWho="2" sc="263,0,242,0,235,-26,260,26" /><INIT seed="3,0,0,3,5,94" ten="263,242,209,286" oya="3" hai0="23,1,30,46,40,72,88,125,90,44,53,124,69" hai1="96,108,126,34,31,6,63,56,84,75,82,37,9" hai2="78,134,73,65,45,10,127,7,122,4,112,38,74" hai3="95,119,60,77,49,123,36,21,83,52,14,58,103"/><W17/><G123/><T48/><D1/><U29/><E75/><V39/><F112/><W59/><G119/><T32/><D32/><U114/><E114/><V70/><F122/><W93/><G36/><N who="2" m="13865" /><F45/><W57/><G103/><T8/><D72/><N who="2" m="27754" /><F78/><W130/><G130/><T33/><D33/><U51/><E51/><V35/><F7/><W110/><G58/><T66/><D8/><U42/><E56/><V116/><F116/><W132/><G59/><T13/><D66/><U54/><E9/><V0/><F134/><W101/><G49/><N who="0" m="28839" /><D69/><U133/><E37/><V92/><F92/><W91/><G95/><T22/><D22/><U117/><E34/><V3/><F35/><W68/><G68/><T26/><D13/><U55/><E133/><V62/><F0/><W111/><G132/><T100/><D100/><U24/><E117/><V79/><F79/><W99/><G77/><T11/><D11/><U128/><E6/><V2/><F3/><W89/><G83/><T109/><D90/><U50/><E128/><V81/><F81/><W28/><G89/><T5/><D88/><U61/><E82/><V64/><F65/><W18/><G91/><T120/><D5/><U41/><E50/><V106/><F127/><N who="0" m="48714" /><D120/><U12/><E126/><V102/><F102/><W15/><G28/><T113/><D113/><U86/><E12/><V107/><AGARI ba="0,0" hai="2,4,10,62,64,70,106,107" m="27754,13865" machi="107" ten="40,2700,0" yaku="33,2" doraHai="94" who="2" fromWho="2" sc="263,-7,242,-7,209,27,286,-13" /><INIT seed="4,0,0,4,1,9" ten="256,235,236,273" oya="0" hai0="118,17,103,126,64,14,123,107,52,47,113,79,72" hai1="66,85,115,87,8,16,73,71,119,91,106,130,104" hai2="116,42,120,5,35,65,18,135,3,23,15,128,28" hai3="109,34,30,108,0,59,58,33,4,67,24,53,131"/><T82/><D118/><U26/><E119/><V98/><F116/><W95/><G131/><T32/><D123/><U48/><E73/><V99/><F120/><W36/><G36/><T41/><D32/><U134/><E130/><V21/><F128/><W110/><G67/><T77/><D77/><U75/><E75/><V94/><F135/><W40/><G40/><T76/><D76/><U60/><E134/><V11/><F21/><W49/><G0/><T102/><D64/><U63/><E63/><V44/><F65/><W80/><G4/><T37/><D107/><U7/><E115/><V70/><F94/><W50/><G80/><T129/><D129/><U39/><E39/><N who="2" m="21599" /><F70/><W112/><G112/><T114/><D114/><U62/><E62/><V93/><F93/><W132/><G132/><T13/><D13/><U45/><E26/><AGARI ba="0,0" hai="3,5,11,15,18,23,26,28,35,98,99" m="21599" machi="26" ten="30,2000,0" yaku="24,1,52,1" doraHai="9" who="2" fromWho="1" sc="256,0,235,-20,236,20,273,0" /><INIT seed="5,0,0,4,2,9" ten="256,215,256,273" oya="1" hai0="106,6,62,34,126,71,33,5,60,12,53,72,105" hai1="110,26,36,125,119,30,97,107,20,94,41,96,38" hai2="10,40,91,59,21,3,77,16,100,58,44,108,80" hai3="19,134,68,118,124,35,13,50,11,104,61,22,29"/><U52/><E119/><V95/><F100/><W49/><G104/><T63/><D72/><U75/><E75/><V31/><F31/><W93/><G118/><T117/><D117/><U7/><E125/><V27/><F108/><W25/><G124/><T4/><D126/><U43/><E110/><V87/><F10/><W15/><G134/><T128/><D71/><U2/><E107/><N who="0" m="40969" /><D53/><U23/><E2/><V113/><F3/><W99/><G61/><T46/><D46/><U83/><E7/><V67/><F67/><W8/><G68/><T55/><D55/><U32/><E83/><V135/><F113/><W48/><G35/><N who="0" m="13323" /><D128/><U18/><E32/><V111/><F135/><W101/><G49/><T127/><D127/><U17/><E52/><V51/><REACH who="2" step="1"/><F111/><REACH who="2" ten="256,215,246,273" step="2"/><W45/><G45/><T39/><D39/><U123/><E30/><V24/><F24/><W89/><G101/><T102/><D102/><U133/><E133/><V116/><F116/><W57/><G57/><T131/><D131/><U103/><E103/><V85/><AGARI ba="0,1" hai="16,21,27,40,44,51,58,59,77,80,85,87,91,95" machi="85" ten="20,12000,2" yaku="1,1,0,1,7,1,8,1,54,1,53,1" doraHai="9" doraHaiUra="47" who="2" fromWho="2" sc="256,-30,215,-60,246,130,273,-30" owari="226,-17.4,155,-34.5,376,47.6,243,4.3" /></mjloggm>