<mjloggm ver="2.3"><GO type="225" lobby="0"/><UN n0="%E6%97%A5%E6%9B%9C%E6%97%A5%E3%82%88%E3%82%8A%E3%81%AE%E4%BD%BF%E8%80%85" n1="%6D%75%75%73%61%6E%6D%75" n2="%4D%6F%6E%61%6E%61" n3="%E6%98%93%E5%88%A9%E8%96%A9%E4%BC%AF" dan="16,16,16,16" rate="2113.00,2144.67,2066.67,2080.07" sx="M,F,F,F"/><TAIKYOKU oya="0"/><INIT seed="0,0,0,1,5,103" ten="250,250,250,250" oya="0" hai0="13,110,111,27,94,101,120,37,97,4,118,96,109" hai1="54,12,42,98,0,89,8,51,6,74,76,43,52" hai2="65,117,62,70,85,35,88,10,93,131,33,69,82" hai3="95,114,79,23,60,90,17,56,26,84,87,128,122"/><T36/><D118/><U21/><E74/><V28/><F117/><W57/><G114/><T20/><D120/><U40/><E76/><V66/><F131/><W68/><G128/><T25/><D96/><U116/><E116/><V73/><F28/><W132/><G132/><T58/><D58/><U39/><E39/><N who="0" m="14921" /><D4/><U102/><E89/><V78/><REACH who="2" step="1"/><F10/><REACH who="2" ten="250,250,240,250" step="2"/><W1/><G122/><T107/><D94/><U100/><E21/><V47/><F47/><W32/><G95/><T14/><D27/><U63/><E8/><V126/><F126/><W112/><G26/><T105/><D105/><U64/><E51/><V11/><F11/><W59/><G23/><T81/><D81/><U77/><E63/><AGARI ba="0,1" hai="33,35,62,63,65,66,69,70,73,78,82,85,88,93" machi="63" ten="40,5200,0" yaku="1,1,9,1,54,1,53,0" doraHai="103" doraHaiUra="108" who="2" fromWho="1" sc="250,0,250,-52,240,62,250,0" /><INIT seed="1,0,0,3,3,31" ten="250,198,302,250" oya="1" hai0="113,81,94,111,89,126,80,73,110,102,25,49,67" hai1="45,37,119,105,114,9,93,62,17,7,106,60,74" hai2="127,115,96,107,2,16,24,46,30,108,123,3,41" hai3="27,38,39,29,34,133,103,47,130,121,109,85,79"/><U63/><E114/><V18/><F123/><W20/><G121/><T56/><D113/><U101/><E119/><V54/><F108/><N who="0" m="41514" /><D126/><U26/><E74/><V92/><F107/><W97/><G109/><T99/><D73/><U82/><E82/><N who="0" m="31849" /><D25/><U6/><E93/><V4/><F127/><W22/><G79/><T120/><D120/><U135/><E135/><V52/><F115/><W59/><G85/><N who="0" m="52527" /><D49/><U100/><E105/><V10/><F2/><W124/><G133/><T36/><D36/><U43/><E106/><V104/><F104/><W42/><G39/><T90/><D90/><U77/><E77/><V58/><F46/><W88/><G124/><T61/><D99/><U84/><E84/><V71/><F71/><W21/><G59/><T125/><D125/><U44/><E44/><V112/><F112/><W86/><G97/><T118/><D102/><U15/><REACH who="1" step="1"/><E26/><REACH who="1" ten="250,188,302,250" step="2"/><V50/><F24/><W69/><G103/><AGARI ba="0,1" hai="6,7,9,15,17,37,43,45,60,62,63,100,101,103" machi="103" ten="40,3900,0" yaku="1,1,2,1,53,0" doraHai="31" doraHaiUra="72" who="1" fromWho="3" sc="250,0,188,49,302,0,250,-39" /><INIT seed="1,1,0,2,2,130" ten="250,237,302,211" oya="1" hai0="131,52,113,123,121,35,79,16,56,125,127,78,27" hai1="119,67,61,92,6,42,85,68,23,33,36,31,49" hai2="128,111,72,66,46,3,94,116,134,32,43,18,8" hai3="17,63,112,84,98,13,1,59,60,82,108,132,26"/><U110/><E119/><V114/><F116/><W88/><G112/><T76/><D113/><U106/><E106/><V9/><F72/><W71/><G1/><T4/><D4/><U95/><E33/><V40/><F111/><W70/><G108/><T2/><D2/><U30/><E110/><V55/><F114/><W73/><G73/><T25/><D131/><U15/><E36/><V105/><F105/><W44/><G26/><T83/><D83/><U58/><E68/><V12/><F128/><W50/><G63/><N who="0" m="36231" /><D35/><U0/><E0/><V41/><F32/><W135/><G98/><T117/><D117/><U102/><E102/><V51/><F66/><W64/><G44/><T115/><D115/><U5/><E85/><V103/><F3/><W39/><G39/><T90/><D90/><U97/><E6/><V89/><F103/><W129/><G129/><T11/><D11/><N who="1" m="4591" /><E23/><V7/><F7/><W57/><G71/><T133/><D27/><U38/><E38/><V100/><F100/><W104/><G104/><T37/><D37/><U124/><E124/><N who="0" m="47689" /><D133/><N who="3" m="51273" /><G50/><T126/><N who="0" m="47697" /><T21/><AGARI ba="1,0" hai="16,21,25,76,78,79,121,123" m="47697,36231" machi="21" ten="50,8000,1" yaku="4,1,18,1,54,2" doraHai="130" who="0" fromWho="0" sc="250,83,237,-41,302,-21,211,-21" /><INIT seed="2,0,0,3,1,42" ten="333,196,281,190" oya="2" hai0="56,94,119,46,68,77,126,114,128,20,59,45,57" hai1="120,69,73,31,110,12,111,49,124,107,78,76,64" hai2="89,27,121,109,113,50,72,74,32,65,1,93,48" hai3="105,11,10,125,96,30,6,116,26,97,54,90,80"/><V112/><F121/><W91/><G116/><T9/><D114/><U25/><E120/><V33/><F109/><N who="1" m="41481" /><E73/><V13/><F1/><W108/><G108/><T106/><D106/><U62/><E107/><V52/><F65/><W131/><G131/><T117/><D68/><U55/><E12/><V16/><F112/><W61/><G11/><T39/><D128/><U5/><E5/><V15/><F113/><W87/><G105/><T43/><D126/><U2/><E2/><V130/><F130/><W122/><G122/><T40/><D77/><U41/><E41/><V28/><F33/><W22/><G91/><T7/><D20/><N who="1" m="15783" /><E124/><V29/><F29/><W115/><G115/><T44/><D94/><U102/><E102/><V35/><F35/><W127/><G127/><T37/><D7/><U70/><E70/><V86/><F13/><N who="3" m="5335" /><G125/><T129/><D9/><U21/><E21/><V53/><F72/><W67/><G22/><T79/><D129/><U118/><E118/><N who="0" m="45065" /><D79/><U84/><E84/><V71/><F74/><W81/><G81/><T14/><D14/><U104/><E104/><V8/><REACH who="2" step="1"/><F71/><REACH who="2" ten="333,196,271,190" step="2"/><N who="3" m="42479" /><G30/><T92/><D92/><U18/><E18/><V4/><F4/><W75/><G75/><T99/><D99/><U123/><E123/><V36/><F36/><AGARI ba="0,1" hai="36,37,39,40,43,44,45,46,56,57,59" m="45065" machi="36" ten="40,16000,3" yaku="28,2,12,1,34,2,52,3" doraHai="42" who="0" fromWho="2" sc="333,170,196,0,271,-160,190,0" /><INIT seed="3,0,0,1,4,66" ten="503,196,111,190" oya="3" hai0="88,41,42,100,111,34,48,49,134,28,0,132,12" hai1="121,125,16,29,23,133,117,126,63,31,62,91,103" hai2="74,18,106,45,76,24,73,56,6,27,13,10,30" hai3="52,50,95,5,84,120,97,118,119,78,40,26,60"/><W131/><G120/><T2/><D111/><U4/><E121/><V58/><F106/><W116/><G131/><T99/><D88/><U55/><E133/><N who="0" m="51305" /><D12/><N who="1" m="9607" /><E117/><V129/><F129/><W20/><G5/><T124/><D124/><N who="1" m="47723" /><E4/><V135/><F135/><W83/><G40/><T22/><D49/><U112/><E112/><V61/><F73/><W54/><G60/><N who="1" m="23082" /><E103/><V101/><F101/><W93/><G54/><T68/><D99/><U64/><E64/><V122/><F122/><W59/><REACH who="3" step="1"/><G97/><REACH who="3" ten="503,196,111,180" step="2"/><T109/><D42/><U75/><E55/><V7/><F61/><W114/><G114/><T33/><D41/><U25/><E75/><V96/><F96/><W14/><G14/><T86/><D2/><U37/><E37/><V36/><F36/><W8/><G8/><T72/><D0/><U82/><E25/><V98/><F98/><W127/><G127/><T21/><D72/><U105/><E105/><V102/><F74/><W43/><G43/><T94/><D109/><U69/><E69/><V53/><F6/><W35/><G35/><T51/><D68/><U80/><E80/><V81/><F7/><W115/><G115/><T11/><D11/><U47/><E47/><V19/><F45/><W32/><G32/><T46/><D34/><U71/><E71/><V39/><F39/><W113/><G113/><T104/><D46/><U87/><AGARI ba="0,1" hai="29,31,82,87,91" m="23082,47723,9607" machi="87" ten="30,2000,0" yaku="18,1,54,1" doraHai="66" who="1" fromWho="1" sc="503,-5,196,30,111,-5,180,-10" owari="498,59.8,226,2.6,106,-39.4,170,-23.0" /></mjloggm>