<mjloggm ver="2.3"><GO type="225" lobby="0"/><UN n0="%E5%84%AA%40%41%42%43" n1="%E3%82%A2%E3%82%A4%E3%82%B9%E3%83%86%E3%82%A3%E3%83%BC%E3%81%82%E3%81%B9" n2="%E5%8D%A0%E3%81%84%E5%B8%AB%E8%A3%8F%E3%81%AA%E3%81%84%E3%81%97" n3="%E5%8F%AF%E5%85%90%E9%82%A3%E7%94%B1%E5%A4%9A" dan="17,16,16,17" rate="2181.85,2101.32,2109.73,2192.75" sx="M,M,M,F"/><TAIKYOKU oya="0"/><INIT seed="0,0,0,1,1,12" ten="250,250,250,250" oya="0" hai0="7,125,32,133,30,35,27,60,110,130,64,15,80" hai1="78,118,121,95,26,102,25,44,100,23,48,55,21" hai2="83,2,124,10,50,104,69,67,49,33,115,18,85" hai3="81,16,24,84,90,13,113,107,65,56,93,131,34"/><T63/><D125/><U77/><E121/><V128/><F115/><W89/><G113/><T103/><D130/><U86/><E118/><V132/><F104/><W36/><G107/><T8/><D133/><U1/><E1/><V42/><F33/><W45/><G131/><T122/><D122/><U114/><E114/><V105/><F105/><W134/><G134/><T5/><D103/><U38/><E38/><V120/><F120/><W75/><G34/><T31/><D110/><U46/><E95/><V116/><F2/><W135/><G135/><T74/><D5/><U70/><E70/><V97/><F42/><W92/><G24/><T127/><D127/><U101/><E86/><V29/><F29/><W112/><G112/><T66/><D63/><U87/><E87/><V79/><F116/><W96/><G75/><T94/><D94/><U73/><E73/><V99/><F132/><W19/><G81/><T57/><D64/><U117/><E117/><V51/><F124/><W59/><G65/><T61/><D60/><U109/><E109/><V88/><F128/><W3/><G3/><T47/><D47/><U106/><E106/><V9/><F9/><N who="3" m="6191" /><G36/><T11/><D11/><U58/><E78/><V22/><F10/><W53/><G19/><T91/><D74/><U126/><E77/><V68/><F67/><W82/><G93/><T62/><D62/><U76/><E76/><V98/><REACH who="2" step="1"/><F79/><REACH who="2" ten="250,250,240,250" step="2"/><W41/><G41/><T108/><D108/><U54/><E126/><V52/><F52/><W39/><G53/><T123/><D31/><N who="1" m="17839" /><E55/><V37/><F37/><W72/><G72/><RYUUKYOKU ba="0,1" sc="250,-30,250,10,240,10,250,10" hai1="23,26,44,46,48,54,58,100,101,102" hai2="18,22,49,50,51,68,69,83,85,88,97,98,99" hai3="39,45,56,59,82,84,89,90,92,96" /><INIT seed="1,1,1,4,5,34" ten="220,260,250,260" oya="1" hai0="106,4,125,59,22,66,74,115,18,38,55,93,105" hai1="103,77,32,24,110,2,133,3,13,71,36,85,12" hai2="1,53,54,94,58,109,6,28,98,67,29,111,61" hai3="48,80,113,88,84,0,62,99,107,56,114,46,118"/><U68/><E36/><V72/><F72/><W87/><G118/><T95/><D115/><U35/><E103/><N who="2" m="60887" /><F6/><W134/><G134/><T57/><D38/><U86/><E24/><V128/><F1/><W69/><G69/><T44/><D74/><U50/><E77/><V78/><F78/><W119/><G119/><T131/><D125/><U127/><E50/><N who="2" m="31031" /><F54/><W9/><G84/><T42/><D131/><U47/><E47/><V16/><F16/><W135/><G135/><T104/><D66/><U65/><E65/><V82/><F82/><W129/><G129/><T37/><D4/><U5/><E5/><V73/><F73/><W10/><G107/><T108/><D108/><N who="2" m="41546" /><F128/><W130/><G130/><T64/><D64/><U49/><E49/><V33/><F33/><W70/><G0/><T124/><D124/><U122/><E110/><V117/><F117/><W7/><G7/><T51/><REACH who="0" step="1"/><D57/><AGARI ba="1,1" hai="28,29,57,61,67" m="41546,31031,60887" machi="57" ten="30,1000,0" yaku="14,1" doraHai="34" who="2" fromWho="0" sc="220,-13,260,0,250,23,260,0" /><INIT seed="2,0,0,2,3,106" ten="207,260,273,260" oya="2" hai0="118,98,105,15,102,71,93,0,36,12,1,44,91" hai1="117,78,10,90,51,57,49,17,86,41,111,75,82" hai2="87,95,113,23,63,38,120,70,72,112,50,16,5" hai3="26,110,97,61,68,131,125,7,13,135,34,29,37"/><V133/><F38/><W122/><G122/><T54/><D118/><U42/><E111/><V18/><F120/><W81/><G37/><T3/><D71/><U20/><E10/><V65/><F5/><W80/><G110/><T60/><D36/><U76/><E117/><V99/><F72/><W85/><G125/><T100/><D100/><U83/><E90/><V4/><F4/><W74/><G131/><T69/><D44/><U67/><E51/><V104/><F133/><W66/><G135/><T123/><D123/><U52/><REACH who="1" step="1"/><E67/><REACH who="1" ten="207,250,273,260" step="2"/><V89/><F50/><W124/><G66/><T73/><D0/><U48/><E48/><V8/><F8/><W43/><G124/><T24/><D3/><U46/><E46/><V79/><F79/><W94/><G61/><T134/><D1/><U64/><E64/><V45/><F45/><W25/><G43/><T21/><D134/><U14/><AGARI ba="0,1" hai="14,17,20,41,42,49,52,57,75,76,78,82,83,86" machi="14" ten="20,8000,1" yaku="1,1,0,1,7,1,52,1,54,1,53,0" doraHai="106" doraHaiUra="126" who="1" fromWho="1" sc="207,-20,250,90,273,-40,260,-20" /><INIT seed="3,0,0,0,1,108" ten="187,340,233,240" oya="3" hai0="9,106,58,68,33,132,105,21,120,8,117,11,57" hai1="77,131,115,37,7,3,124,122,25,90,36,125,80" hai2="48,118,53,65,113,44,43,35,56,19,107,101,18" hai3="52,96,133,66,69,103,1,127,92,62,47,99,100"/><W14/><G1/><T32/><D21/><U83/><E115/><V17/><F35/><N who="0" m="13386" /><D117/><U34/><E122/><V111/><F111/><W126/><G133/><T88/><D120/><U54/><E131/><V6/><F113/><W109/><G109/><T114/><D88/><U128/><E128/><V78/><F78/><W102/><G14/><T31/><D31/><N who="1" m="19823" /><E54/><V22/><F6/><W89/><REACH who="3" step="1"/><G99/><REACH who="3" ten="187,340,233,230" step="2"/><T26/><D26/><U81/><E3/><V60/><F118/><W82/><G82/><T93/><D93/><U71/><E81/><V29/><F107/><N who="0" m="40970" /><D132/><U42/><E83/><V45/><F22/><W112/><G112/><T51/><D114/><U15/><E80/><V67/><F29/><W95/><G95/><T104/><N who="0" m="40978" /><T74/><DORA hai="134" /><D51/><AGARI ba="0,1" hai="47,51,52,62,66,69,89,92,96,100,102,103,126,127" machi="51" ten="40,18000,2" yaku="1,1,52,2,54,1,53,3" doraHai="108,134" doraHaiUra="97,73" who="3" fromWho="0" sc="187,-180,340,0,233,0,230,190" owari="7,-49.3,340,14.0,233,-16.7,420,52.0" /></mjloggm>