<mjloggm ver="2.3"><GO type="225" lobby="0"/><UN n0="%E8%A8%88%E7%AE%97%E6%A9%9F%E8%87%AA%E7%84%B6" n1="%E5%8D%A0%E3%81%84%E5%B8%AB%E8%A3%8F%E3%81%AA%E3%81%84%E3%81%97" n2="%E3%83%8F%E3%83%B3%E3%83%89%E3%83%A9%E3%83%BC%E3%83%BB%E3%83%AF%E3%83%B3" n3="%E6%98%93%E5%88%A9%E8%96%A9%E4%BC%AF" dan="17,17,17,16" rate="2186.54,2181.18,2186.93,2127.91" sx="M,M,M,F"/><TAIKYOKU oya="0"/><INIT seed="0,0,0,1,3,100" ten="250,250,250,250" oya="0" hai0="89,98,59,70,64,54,110,40,115,107,121,113,19" hai1="58,108,24,82,25,111,43,10,75,11,41,9,39" hai2="96,13,51,45,17,0,30,60,90,65,57,35,80" hai3="112,93,101,3,130,14,44,71,7,53,72,66,55"/><T120/><D19/><U28/><E58/><V27/><F0/><W36/><G112/><N who="0" m="43083" /><D89/><U37/><E82/><V123/><F123/><N who="0" m="47178" /><D98/><U83/><E83/><V94/><F80/><W133/><G72/><T122/><N who="0" m="47186" /><T91/><DORA hai="69" /><D91/><U8/><E8/><V114/><F114/><W87/><G93/><T2/><D107/><U29/><REACH who="1" step="1"/><E9/><REACH who="1" ten="250,240,250,250" step="2"/><V18/><REACH who="2" step="1"/><F13/><REACH who="2" ten="250,240,240,250" step="2"/><W132/><G14/><T47/><D2/><U73/><AGARI ba="0,2" hai="10,11,24,25,28,29,37,39,41,43,73,75,108,111" machi="73" ten="25,12000,2" yaku="1,1,2,1,0,1,22,2,52,2,53,0" doraHai="100,69" doraHaiUra="126,99" who="1" fromWho="1" sc="250,-60,240,140,240,-30,250,-30" /><INIT seed="1,0,0,2,4,93" ten="190,380,210,220" oya="1" hai0="127,5,83,32,71,15,72,52,94,23,4,42,114" hai1="109,29,26,75,123,58,55,91,8,33,132,99,46" hai2="62,85,22,110,112,12,44,107,116,81,129,135,133" hai3="6,98,16,25,80,14,113,82,88,13,28,128,121"/><U11/><E123/><V63/><F116/><W51/><G121/><T95/><D32/><U38/><E75/><V108/><F107/><W125/><G113/><T89/><D71/><U106/><E132/><N who="2" m="50763" /><F129/><W37/><G37/><T31/><D114/><U77/><E77/><N who="2" m="46255" /><F112/><W134/><G134/><T54/><D42/><U130/><E130/><V102/><F102/><W2/><G125/><T27/><D127/><U43/><E109/><N who="2" m="42091" /><F44/><W76/><G128/><T19/><D72/><U126/><E126/><V47/><F47/><W1/><G6/><N who="0" m="2667" /><D83/><U78/><E78/><V0/><F0/><W119/><G14/><T61/><D95/><U100/><REACH who="1" step="1"/><E91/><REACH who="1" ten="190,370,210,220" step="2"/><V96/><F96/><W36/><G76/><T117/><D117/><U120/><E120/><V97/><F97/><W105/><G98/><N who="0" m="57679" /><D61/><AGARI ba="0,1" hai="8,11,26,29,33,38,43,46,55,58,61,99,100,106" machi="61" ten="30,11600,0" yaku="1,1,7,1,52,1,53,1" doraHai="93" doraHaiUra="103" who="1" fromWho="0" sc="190,-116,370,126,210,0,220,0" /><INIT seed="1,1,0,1,2,56" ten="74,496,210,220" oya="1" hai0="73,40,25,32,85,75,7,122,69,68,120,101,23" hai1="62,43,78,121,4,130,87,104,6,11,111,55,44" hai2="15,72,31,46,92,45,105,47,50,21,97,81,27" hai3="3,38,28,135,128,116,74,64,79,109,0,119,26"/><U131/><E121/><N who="0" m="46697" /><D32/><U127/><E104/><V59/><F105/><W37/><G109/><T98/><D7/><U60/><E127/><V57/><F72/><N who="0" m="27722" /><D40/><U9/><E111/><V126/><F126/><W84/><G84/><T132/><D85/><U16/><E87/><V35/><F81/><N who="3" m="45303" /><G64/><T18/><D132/><U134/><E78/><V91/><F35/><N who="3" m="20887" /><G128/><N who="1" m="49194" /><E55/><V133/><F133/><W112/><G112/><T90/><D90/><U20/><E134/><V48/><F15/><W102/><G102/><T83/><D83/><U10/><E4/><V14/><F14/><W12/><G12/><T13/><D13/><N who="1" m="9231" /><E6/><V95/><F95/><W107/><G107/><T8/><D8/><U67/><E67/><V66/><F66/><W24/><G24/><T129/><D129/><U103/><E103/><V117/><F117/><N who="3" m="45131" /><G135/><T51/><D101/><U41/><E41/><V96/><F96/><W94/><G94/><T5/><D98/><U82/><E82/><V115/><F115/><W77/><G77/><T54/><D5/><U2/><E2/><AGARI ba="1,0" hai="0,2,3,37,38" m="45131,20887,45303" machi="2" ten="30,2000,0" yaku="12,1,23,1" doraHai="56" who="3" fromWho="1" sc="74,0,496,-23,210,0,220,23" /><INIT seed="2,0,0,4,1,109" ten="74,473,210,243" oya="2" hai0="115,14,25,12,46,106,105,48,68,62,9,42,40" hai1="92,88,124,47,98,89,131,84,65,59,128,116,108" hai2="8,63,135,66,31,81,52,54,72,26,94,36,91" hai3="79,123,100,60,130,134,69,127,90,97,10,99,70"/><V57/><F36/><W13/><G123/><T126/><D126/><U82/><E116/><V73/><F135/><W129/><G79/><T110/><D110/><U1/><E108/><V87/><F8/><W11/><G127/><T35/><D35/><U119/><E119/><V56/><F81/><W17/><G11/><T33/><D33/><U71/><E1/><V77/><F77/><W41/><G41/><T93/><D25/><U67/><E124/><V120/><F120/><W101/><G90/><T32/><D32/><U49/><E71/><V29/><F66/><W132/><G99/><T27/><D27/><U58/><E65/><V125/><F125/><W34/><G34/><T16/><D93/><U74/><E74/><V114/><F114/><W44/><G44/><T2/><D2/><U28/><E28/><V64/><F64/><N who="3" m="41095" /><G101/><T53/><D68/><U15/><E15/><V7/><F7/><W78/><G78/><T85/><D85/><U86/><E86/><V24/><F24/><W75/><G70/><T133/><D133/><N who="3" m="51305" /><G75/><T103/><D14/><U102/><E102/><V111/><F111/><W104/><AGARI ba="0,0" hai="10,13,17,97,100,104,129,130" m="51305,41095" machi="104" ten="30,1100,0" yaku="20,1" doraHai="109" who="3" fromWho="3" sc="74,-3,473,-3,210,-5,243,11" /><INIT seed="3,0,0,3,0,18" ten="71,470,205,254" oya="3" hai0="116,38,125,22,11,37,64,3,77,115,19,32,23" hai1="90,16,69,91,97,10,36,29,114,122,83,9,65" hai2="100,103,76,112,117,98,52,85,13,80,45,34,21" hai3="128,7,12,4,105,55,84,70,72,73,43,102,8"/><W88/><G70/><T44/><D116/><U121/><E36/><V132/><F112/><W111/><G43/><T74/><D125/><U99/><E114/><V110/><F34/><W30/><G128/><T58/><D115/><U48/><E48/><N who="2" m="28687" /><F117/><W14/><G111/><T134/><D134/><U62/><E16/><N who="2" m="10383" /><F110/><W61/><G30/><T50/><D32/><U31/><E83/><N who="2" m="47335" /><F132/><W126/><G126/><T67/><D38/><U28/><E28/><V54/><F80/><W101/><G105/><T27/><D74/><U25/><E91/><V127/><F127/><W41/><G41/><T33/><D77/><U95/><E97/><V59/><F98/><W104/><G104/><T124/><D124/><U133/><E133/><V130/><F130/><W106/><G106/><T71/><D71/><U46/><E46/><V82/><F82/><W0/><G0/><T66/><D37/><U56/><E56/><V78/><F78/><W49/><G61/><AGARI ba="0,0" hai="54,59,61,100,103" m="47335,10383,28687" machi="61" ten="30,7700,0" yaku="8,1,52,1,54,2" doraHai="18" who="2" fromWho="3" sc="71,0,470,0,205,77,254,-77" owari="71,-42.9,470,57.0,282,8.2,177,-22.3" /></mjloggm>