<mjloggm ver="2.3"><GO type="225" lobby="0"/><UN n0="%E3%81%82%E3%81%99%E3%81%AB%E3%82%83%E3%82%80" n1="%73%69%72%6F%75%74" n2="%4D%50%43%32%38%30%30" n3="%E9%A2%A8%E3%81%A7%E9%B3%B4%E3%81%8F" dan="16,16,16,16" rate="2072.62,2009.79,2155.20,2117.68" sx="F,M,M,M"/><TAIKYOKU oya="0"/><INIT seed="0,0,0,0,3,78" ten="250,250,250,250" oya="0" hai0="38,80,125,13,109,102,123,29,36,7,6,46,34" hai1="104,83,9,74,59,117,33,63,16,75,111,132,28" hai2="105,56,22,90,19,101,55,8,30,131,54,40,116" hai3="25,15,52,73,64,77,47,84,32,87,81,76,122"/><T96/><D96/><U82/><BYE who="0" /><E117/><V127/><F116/><W71/><G122/><T27/><D27/><UN n0="%E3%81%82%E3%81%99%E3%81%AB%E3%82%83%E3%82%80" /><U121/><E104/><V66/><F131/><W12/><G71/><T79/><D123/><U135/><E121/><V53/><F127/><W130/><G130/><T108/><D29/><U128/><E128/><V0/><F40/><W94/><G64/><T24/><D24/><U23/><E33/><V4/><F30/><W57/><G47/><T113/><D34/><U89/><E9/><V31/><F31/><W110/><G110/><N who="0" m="42603" /><D113/><U85/><E28/><V126/><F126/><W51/><G32/><T60/><D125/><U48/><E48/><V86/><F66/><W99/><G25/><T37/><D102/><U100/><E100/><V69/><F69/><W5/><G73/><N who="0" m="43119" /><D60/><U95/><E111/><V42/><F42/><W114/><G114/><T17/><D46/><U26/><E74/><V2/><F101/><N who="3" m="60663" /><G5/><T112/><D112/><U97/><E75/><V120/><F105/><W134/><G134/><N who="1" m="51242" /><E97/><V70/><F70/><W18/><G18/><T49/><D49/><U3/><E3/><V72/><F2/><W14/><G84/><T107/><D107/><U50/><E50/><N who="2" m="30775" /><F72/><W98/><G98/><T62/><D62/><U35/><E35/><V45/><F45/><W41/><G41/><T91/><D91/><AGARI ba="0,0" hai="12,14,15,51,52,57,76,77,81,87,91" m="60663" machi="91" ten="30,3900,0" yaku="8,1,52,1,54,1" doraHai="78" who="3" fromWho="0" sc="250,-39,250,0,250,0,250,39" /><INIT seed="1,0,0,3,1,63" ten="211,250,250,289" oya="1" hai0="126,131,13,99,135,5,53,83,51,26,132,113,2" hai1="60,107,125,0,86,66,18,127,30,48,25,4,73" hai2="123,124,93,12,98,8,64,92,76,59,24,1,19" hai3="69,112,97,115,128,78,32,82,27,102,43,67,91"/><U90/><E73/><V16/><F123/><W36/><G91/><T39/><D39/><U94/><E107/><V34/><F1/><W72/><G128/><T29/><D113/><U15/><E48/><V114/><F114/><W14/><G14/><T23/><D99/><U40/><E40/><V105/><F124/><N who="1" m="47689" /><E4/><V77/><F105/><N who="3" m="63695" /><G67/><T101/><D101/><U74/><E74/><V68/><F68/><W6/><G6/><T111/><D111/><U37/><E37/><V61/><F92/><W75/><G75/><T84/><D131/><U41/><E41/><V54/><F54/><W96/><G96/><T17/><D126/><U50/><E50/><V110/><F110/><W38/><G69/><T85/><D51/><U95/><E0/><V71/><F71/><W56/><G56/><T120/><D53/><U122/><E95/><V87/><F87/><W42/><G42/><T117/><D120/><U104/><E104/><V100/><F34/><W52/><G52/><T129/><D129/><U49/><E49/><V9/><F8/><W11/><G11/><N who="0" m="2487" /><D85/><U31/><E25/><V57/><F57/><W133/><G38/><T89/><D117/><U22/><E122/><V118/><F118/><W79/><G79/><T80/><D80/><U21/><E21/><AGARI ba="0,0" hai="9,12,16,19,21,24,59,61,64,76,77,93,98,100" machi="21" ten="40,5200,0" yaku="8,1,52,1,54,1" doraHai="63" who="2" fromWho="1" sc="211,0,250,-52,250,52,289,0" /><INIT seed="2,0,0,3,2,28" ten="211,198,302,289" oya="2" hai0="27,38,31,35,116,62,14,18,3,107,102,53,19" hai1="61,11,75,135,23,104,54,65,96,42,119,34,133" hai2="101,5,50,106,105,59,97,25,71,127,123,90,15" hai3="83,47,126,120,93,63,52,84,117,22,37,132,122"/><V57/><F71/><W108/><G117/><T44/><D3/><U0/><E75/><V77/><F123/><W129/><G108/><T60/><D116/><U49/><E119/><V55/><F105/><W20/><G129/><T125/><D125/><U82/><E82/><V94/><F127/><W89/><G126/><T110/><D110/><U103/><E42/><V80/><F25/><W29/><G132/><N who="1" m="50762" /><E23/><V130/><F130/><W4/><G4/><T91/><D102/><U99/><E99/><V6/><F15/><W7/><G7/><T72/><D107/><U134/><N who="1" m="50770" /><U32/><DORA hai="9" /><E11/><V46/><F59/><W58/><G20/><T51/><D72/><U70/><E0/><V69/><F69/><W92/><G120/><T95/><D38/><U67/><E67/><V24/><F24/><N who="3" m="16535" /><G37/><T131/><D131/><U41/><E41/><V39/><F39/><W12/><G122/><T36/><D36/><U45/><AGARI ba="0,0" hai="32,34,45,49,54,61,65,70,96,103,104" m="50770" machi="45" ten="40,5200,0" yaku="20,1,52,2" doraHai="28,9" who="1" fromWho="1" sc="211,-13,198,52,302,-26,289,-13" /><INIT seed="3,0,0,0,3,111" ten="198,250,276,276" oya="3" hai0="27,96,120,39,14,7,45,57,1,3,126,94,89" hai1="17,104,97,122,131,101,88,26,70,59,81,105,98" hai2="79,9,135,48,54,42,2,102,44,49,108,95,16" hai3="72,91,71,100,11,33,134,0,29,50,121,103,75"/><W82/><G71/><T109/><D109/><U34/><E122/><V65/><F108/><W23/><G121/><T13/><D120/><U133/><E70/><V80/><F65/><W52/><G33/><T24/><D126/><U92/><E131/><V124/><F124/><W132/><G23/><T62/><D3/><U41/><E41/><V107/><F107/><W69/><G29/><T129/><D129/><U10/><E81/><V90/><F135/><N who="3" m="51755" /><G69/><T35/><D1/><U36/><E36/><V5/><F102/><N who="3" m="38955" /><G91/><T22/><D35/><U78/><E34/><V47/><F90/><W123/><G82/><T117/><D117/><U77/><E105/><V60/><F95/><W43/><G43/><T116/><D116/><U30/><E30/><V127/><F127/><W84/><G84/><T68/><D68/><U56/><E133/><V15/><F80/><W87/><G87/><T32/><D32/><U28/><E28/><V25/><F79/><W53/><G123/><T40/><D27/><U99/><E99/><V118/><F118/><W83/><G83/><T73/><D73/><N who="3" m="28233" /><G50/><T8/><D8/><U67/><E10/><V66/><F25/><W115/><G115/><T125/><D125/><U58/><E26/><V37/><F37/><W74/><G74/><T31/><REACH who="0" step="1"/><D7/><AGARI ba="0,0" hai="0,7,11,52,53" m="28233,38955,51755" machi="7" ten="40,3900,0" yaku="20,1,54,1" doraHai="111" who="3" fromWho="0" sc="198,-39,250,0,276,0,276,39" owari="159,-34.1,250,-15.0,276,7.6,315,41.5" /></mjloggm>