<mjloggm ver="2.3"><GO type="225" lobby="0"/><UN n0="%E5%84%AA%40%41%42%43" n1="%E5%AE%AE%E4%BF%9D%E9%B6%8F%E8%82%89" n2="%E9%B3%B3%E6%9D%B1%E3%81%AE%E3%81%86%E3%81%95%E3%81%8E%E3%81%95%E3%82%93" n3="%72%69%6F%75%63%68%61%6E" dan="17,16,16,17" rate="2243.15,2143.60,2231.82,2266.94" sx="M,M,M,M"/><TAIKYOKU oya="0"/><INIT seed="0,0,0,5,4,77" ten="250,250,250,250" oya="0" hai0="12,74,61,38,53,11,43,45,27,39,123,16,104" hai1="22,98,116,78,103,29,99,133,135,79,107,44,82" hai2="37,14,46,1,118,49,113,40,24,71,125,56,83" hai3="19,3,93,106,86,127,97,128,0,109,119,13,92"/><T114/><D114/><U132/><E116/><V42/><F1/><W84/><G119/><T85/><D123/><U48/><E99/><V121/><F121/><W9/><G109/><T122/><D74/><U15/><E82/><V80/><F113/><W68/><G128/><T28/><D104/><U50/><E50/><V31/><F118/><W41/><G127/><T26/><D26/><U69/><E69/><V21/><F125/><W51/><G68/><T110/><D122/><U65/><E65/><V126/><F126/><W117/><G117/><T64/><D53/><U59/><E59/><V90/><F71/><W60/><G106/><T67/><D110/><U95/><E107/><V5/><F90/><W76/><G60/><T58/><D85/><U115/><E115/><V10/><REACH who="2" step="1"/><F56/><REACH who="2" ten="250,250,240,250" step="2"/><W62/><G0/><T94/><D67/><U63/><E79/><V130/><F130/><W23/><G3/><T6/><D94/><U108/><E78/><V101/><F101/><W25/><G76/><T88/><D88/><U129/><E129/><V34/><F34/><W124/><G124/><T91/><D91/><U96/><E108/><V57/><F57/><W134/><G93/><T120/><D120/><U18/><E103/><V105/><F105/><W2/><G92/><T35/><REACH who="0" step="1"/><D6/><REACH who="0" ten="240,250,240,250" step="2"/><U89/><E96/><V8/><F8/><N who="3" m="6567" /><G97/><T33/><D33/><U100/><E100/><V102/><F102/><W70/><G9/><T47/><D47/><AGARI ba="0,2" hai="5,10,14,21,24,31,37,40,42,46,47,49,80,83" machi="47" ten="40,5200,0" yaku="1,1,52,2,53,0" doraHai="77" doraHaiUra="30" who="2" fromWho="0" sc="240,-52,250,0,240,72,250,0" /><INIT seed="1,0,0,3,0,106" ten="188,250,312,250" oya="1" hai0="93,19,121,87,90,52,104,15,61,44,66,74,20" hai1="14,116,23,113,108,35,98,124,127,7,107,36,129" hai2="88,12,79,81,21,5,109,48,114,75,62,83,0" hai3="64,128,130,54,55,34,38,86,112,28,39,72,59"/><U4/><E36/><N who="3" m="13866" /><G34/><T82/><D121/><U68/><E68/><V92/><F0/><W131/><G28/><T24/><D104/><U133/><E107/><V120/><F120/><W125/><G112/><T123/><D123/><U70/><E70/><V101/><F114/><W49/><G72/><T91/><D66/><U115/><E98/><V53/><F109/><W63/><G86/><T85/><D74/><U45/><E45/><V77/><F101/><W47/><G125/><N who="1" m="48202" /><E35/><V32/><F62/><W58/><G58/><N who="0" m="35015" /><D44/><U29/><E108/><V135/><F135/><W56/><G56/><T41/><D41/><AGARI ba="0,0" hai="41,47,49,54,55,59,63,64,128,130,131" m="13866" machi="41" ten="40,5200,0" yaku="19,1,34,2" doraHai="106" who="3" fromWho="0" sc="188,-52,250,0,312,0,250,52" /><INIT seed="2,0,0,3,1,128" ten="136,250,312,302" oya="2" hai0="72,111,71,33,125,83,64,113,134,12,40,107,66" hai1="122,121,117,132,62,36,54,21,101,0,123,30,109" hai2="133,5,32,78,92,94,3,96,53,70,46,1,20" hai3="130,11,49,60,131,91,85,82,112,57,47,16,79"/><V114/><F114/><W135/><G135/><T74/><D113/><U17/><E117/><V43/><F32/><W90/><G112/><T105/><D12/><U100/><E36/><V44/><F70/><W6/><G16/><T108/><D40/><U103/><E0/><V15/><F78/><W73/><G73/><N who="0" m="28267" /><D83/><U80/><E109/><N who="0" m="42057" /><D125/><U102/><N who="1" m="25600" /><DORA hai="116" /><U98/><E98/><V2/><F15/><N who="3" m="5623" /><G130/><T50/><D50/><U104/><E104/><N who="0" m="40009" /><D33/><U51/><E80/><V27/><F43/><N who="3" m="24831" /><G131/><T55/><D55/><AGARI ba="0,0" hai="55,57,60,79,82,85,90,91" m="24831,5623" machi="55" ten="30,2000,0" yaku="25,1,8,1" doraHai="128,116" who="3" fromWho="0" sc="136,-20,250,0,312,0,302,20" /><INIT seed="3,0,0,1,1,21" ten="116,250,312,322" oya="3" hai0="80,18,57,128,58,52,63,93,27,38,120,106,66" hai1="54,7,94,48,109,112,119,90,19,5,111,68,121" hai2="115,12,37,2,49,30,85,39,15,83,99,4,14" hai3="46,41,103,16,75,44,77,107,100,74,105,28,76"/><W53/><G53/><T95/><D120/><U50/><E121/><V134/><F115/><W97/><G28/><T129/><D106/><N who="3" m="40457" /><G16/><T51/><D38/><U117/><E112/><V73/><F73/><N who="3" m="27659" /><G41/><T62/><D80/><U116/><E68/><V56/><F99/><W70/><G70/><T71/><D95/><U33/><E33/><V20/><F134/><W45/><G97/><T31/><D93/><U84/><E19/><V108/><F108/><W24/><G24/><T96/><D96/><U36/><E36/><V132/><F132/><W26/><G26/><T61/><D18/><U81/><E94/><V89/><F30/><W92/><G92/><T114/><D114/><U59/><REACH who="1" step="1"/><E50/><REACH who="1" ten="116,240,312,322" step="2"/><V6/><F39/><W104/><N who="3" m="40465" /><W67/><DORA hai="110" /><G67/><T130/><REACH who="0" step="1"/><D71/><REACH who="0" ten="106,240,312,322" step="2"/><U23/><E23/><AGARI ba="0,2" hai="23,27,31,51,52,57,58,61,62,63,66,128,129,130" machi="23" ten="40,8000,1" yaku="1,1,2,1,19,1,52,1,54,1,53,0" doraHai="21,110" doraHaiUra="40,78" who="0" fromWho="1" sc="106,100,240,-80,312,0,322,0" owari="206,-19.4,160,-34.0,312,11.2,322,42.2" /></mjloggm>