<mjloggm ver="2.3"><GO type="225" lobby="0"/><UN n0="%E3%82%B7%E3%83%B3%E5%A4%AA%E6%9C%97" n1="%47%32%E9%BE%8D%E9%96%80" n2="%E3%81%95%E3%81%8D%E3%81%9F%E3%81%BE%E6%9E%97%E6%AA%8E" n3="%E3%81%86%E3%81%A1%E3%83%BC" dan="16,16,16,17" rate="2134.61,2119.57,2104.46,2153.49" sx="M,M,M,M"/><TAIKYOKU oya="0"/><INIT seed="0,0,0,4,0,105" ten="250,250,250,250" oya="0" hai0="100,101,132,128,50,39,124,63,66,85,55,62,69" hai1="109,48,84,82,12,18,60,135,131,68,64,103,28" hai2="31,46,61,79,99,65,4,37,117,102,24,91,8" hai3="87,1,52,70,121,22,10,53,21,56,58,126,43"/><T119/><D119/><U120/><E120/><V81/><F117/><W75/><G70/><T111/><D39/><U106/><E109/><V86/><F37/><W76/><G126/><T57/><D124/><U104/><E131/><V96/><F46/><W35/><G35/><T98/><D128/><U130/><E130/><V45/><F45/><W2/><G75/><T108/><D132/><U113/><E135/><V134/><F91/><W17/><G121/><T9/><D9/><U116/><E116/><V129/><F129/><W6/><G1/><T26/><D26/><U67/><E67/><V30/><F134/><W44/><G87/><T127/><D127/><U122/><E122/><V15/><F24/><W19/><G76/><T80/><D50/><U29/><E48/><V23/><F23/><W38/><G56/><T77/><REACH who="0" step="1"/><D98/><REACH who="0" ten="240,250,250,250" step="2"/><U5/><E113/><V72/><F96/><W36/><G38/><T14/><D14/><U54/><E12/><V59/><REACH who="2" step="1"/><F86/><REACH who="2" ten="240,250,240,250" step="2"/><W118/><G118/><T125/><D125/><U112/><E84/><V7/><F7/><W3/><G6/><T110/><AGARI ba="0,2" hai="55,57,62,63,66,69,77,80,85,100,101,108,110,111" machi="110" ten="30,11700,0" yaku="1,1,0,1,14,1,10,1,53,0" doraHai="105" doraHaiUra="114" who="0" fromWho="0" sc="240,137,250,-39,240,-39,250,-39" /><INIT seed="0,1,0,0,5,26" ten="377,211,201,211" oya="0" hai0="55,120,100,76,20,31,104,72,116,105,65,2,5" hai1="125,123,40,51,45,58,54,61,50,79,1,64,73" hai2="130,52,114,13,103,119,60,46,57,38,15,71,117" hai3="22,80,39,68,99,93,92,27,62,4,32,66,56"/><T95/><D116/><N who="2" m="44618" /><F114/><W48/><G39/><T53/><D65/><U23/><E1/><V59/><F130/><W21/><G4/><T97/><D120/><U44/><E79/><V28/><F71/><W8/><G8/><T29/><D76/><U98/><E73/><V18/><F103/><W81/><G32/><T133/><D72/><U10/><E10/><V25/><F59/><W110/><G21/><T74/><D74/><U107/><E23/><N who="2" m="15423" /><F18/><W132/><G132/><T84/><D133/><U30/><E123/><V108/><F108/><W121/><G110/><T134/><D134/><U47/><E125/><V115/><F115/><W77/><G121/><T90/><D105/><U88/><E107/><V113/><F113/><W85/><G80/><T112/><D112/><U14/><E14/><V41/><AGARI ba="1,0" hai="13,15,38,41,46,52,57,60" m="15423,44618" machi="41" ten="30,4000,0" yaku="12,1,52,1,54,1" doraHai="26" who="2" fromWho="2" sc="377,-21,211,-11,201,43,211,-11" /><INIT seed="1,0,0,5,5,72" ten="356,200,244,200" oya="1" hai0="42,124,71,131,0,81,22,62,63,129,50,110,80" hai1="109,60,66,49,134,102,107,76,126,45,54,37,14" hai2="104,59,11,127,114,84,44,70,39,36,112,61,7" hai3="28,96,117,90,95,122,27,119,4,108,106,15,21"/><U58/><E126/><V32/><F104/><W65/><G122/><T29/><D0/><U98/><E134/><V52/><F32/><W97/><G108/><T101/><D110/><U35/><E109/><V6/><F127/><W24/><G65/><T99/><D124/><U67/><E35/><V18/><F18/><W43/><G43/><T30/><D50/><U89/><E37/><V128/><F128/><N who="0" m="49226" /><D42/><U111/><E111/><V82/><F70/><W103/><REACH who="3" step="1"/><G27/><REACH who="3" ten="356,200,244,190" step="2"/><T91/><D71/><U57/><E14/><V87/><F114/><W3/><G3/><T47/><D30/><U33/><E33/><V12/><F112/><W38/><G38/><T100/><D29/><U16/><E67/><V79/><F39/><W130/><G130/><T92/><D101/><U93/><E66/><V5/><F36/><W17/><G17/><T113/><D100/><U75/><E16/><N who="2" m="8223" /><F44/><W78/><G78/><T94/><D47/><U85/><E60/><V69/><F69/><W121/><G121/><T125/><D63/><U53/><E54/><V135/><F135/><W34/><G34/><T31/><D62/><U51/><E51/><V116/><F116/><W9/><AGARI ba="0,1" hai="4,9,15,21,24,28,90,95,96,97,103,106,117,119" machi="9" ten="30,4000,0" yaku="1,1,0,1,53,1" doraHai="72" doraHaiUra="8" who="3" fromWho="3" sc="356,-10,200,-20,244,-10,190,50" /><INIT seed="2,0,0,1,1,77" ten="346,180,234,240" oya="2" hai0="25,81,48,23,134,35,66,44,58,95,133,89,121" hai1="68,43,50,84,131,78,3,47,120,49,114,19,73" hai2="93,45,57,51,109,107,82,87,102,70,55,111,60" hai3="39,99,65,26,119,135,129,15,92,53,5,16,2"/><V110/><F107/><W117/><G39/><T96/><D121/><U42/><E114/><V75/><F75/><W41/><G41/><T33/><D81/><N who="1" m="47159" /><E68/><V85/><F70/><W28/><G65/><T14/><D14/><U128/><E3/><V105/><F105/><W6/><G129/><N who="1" m="49738" /><E73/><V20/><F20/><N who="3" m="11295" /><G53/><T100/><D89/><U9/><E120/><V124/><F124/><W61/><G61/><N who="0" m="38199" /><D33/><U108/><E108/><V37/><F37/><W7/><G135/><T27/><D35/><U79/><E79/><N who="2" m="46303" /><F87/><W22/><G92/><T31/><D27/><U74/><E74/><V30/><F30/><W86/><G86/><T46/><D46/><N who="1" m="25815" /><E19/><V98/><F45/><W56/><G56/><T24/><D25/><U1/><E1/><V59/><F59/><W4/><G99/><T94/><D134/><U132/><E132/><V8/><F8/><AGARI ba="0,0" hai="2,4,5,6,7,8,22,26,28,117,119" m="11295" machi="8" ten="30,3900,0" yaku="34,2,54,1" doraHai="77" who="3" fromWho="2" sc="346,0,180,0,234,-39,240,39" /><AGARI ba="0,0" hai="8,9,43,47,50" m="25815,49738,47159" machi="8" ten="30,2000,0" yaku="19,1,52,1" doraHai="77" who="1" fromWho="2" sc="346,0,180,20,195,-20,279,0" /><INIT seed="3,0,0,1,5,7" ten="346,200,175,279" oya="3" hai0="100,17,83,46,66,98,129,50,1,103,90,118,93" hai1="47,65,20,119,37,9,15,25,95,97,22,115,51" hai2="114,39,92,19,48,127,78,107,123,55,99,82,61" hai3="88,75,133,62,57,5,113,72,68,26,58,42,24"/><W85/><G113/><T30/><D129/><U4/><E115/><V73/><F114/><W56/><G133/><T43/><D118/><U36/><E119/><V14/><F127/><W53/><G42/><T77/><D1/><U112/><E112/><V111/><F111/><W28/><G26/><T41/><D30/><U67/><E36/><V125/><F125/><W54/><G5/><T35/><D35/><U116/><E37/><V6/><F39/><W44/><G44/><T81/><D66/><N who="1" m="25099" /><E25/><V80/><F123/><W126/><G58/><T79/><D41/><N who="1" m="25071" /><E116/><V29/><F107/><W108/><G68/><T106/><D17/><U101/><AGARI ba="0,0" hai="4,9,15,20,22,95,97,101" m="25071,25099" machi="101" ten="30,2000,0" yaku="8,1,52,1" doraHai="7" who="1" fromWho="1" sc="346,-5,200,20,175,-5,279,-10" owari="341,44.1,220,-18.0,170,-33.0,269,6.9" /></mjloggm>