<mjloggm ver="2.3"><GO type="225" lobby="0"/><UN n0="%6D%75%75%6D%75%72%61" n1="%E3%81%BE%E3%81%A8%E3%81%9F" n2="%E7%99%BD%E6%97%A5%E9%9B%AA%E8%8F%9C" n3="%E3%81%A8%E3%82%89%E3%81%84%E3%81%A1" dan="16,16,16,16" rate="2054.51,2090.11,2141.34,2125.60" sx="F,M,M,M"/><TAIKYOKU oya="0"/><INIT seed="0,0,0,2,0,117" ten="250,250,250,250" oya="0" hai0="93,122,79,84,63,76,65,41,0,133,134,91,43" hai1="109,12,60,25,105,39,23,85,57,21,100,54,78" hai2="123,116,77,38,99,45,35,135,110,90,1,3,27" hai3="82,10,80,95,128,40,49,87,46,37,115,53,56"/><T97/><D0/><U52/><E109/><V103/><F110/><W2/><G115/><T28/><D28/><U48/><E39/><V4/><F116/><W22/><G128/><T11/><D11/><U118/><E118/><V108/><F108/><W112/><G112/><T29/><D29/><U125/><E125/><V94/><F135/><N who="0" m="51722" /><D122/><U55/><E105/><V70/><F70/><W101/><G22/><T126/><D126/><U114/><E114/><V102/><F77/><N who="0" m="29770" /><D84/><U50/><E100/><V7/><F123/><W88/><REACH who="3" step="1"/><G101/><REACH who="3" ten="250,250,250,240" step="2"/><T124/><D124/><U119/><E119/><V36/><F103/><W73/><G73/><T89/><D89/><U42/><E23/><V107/><F90/><W129/><G129/><T83/><D83/><U58/><E21/><V44/><F102/><W24/><G24/><T68/><AGARI ba="0,1" hai="41,43,63,65,68,91,93,97" m="29770,51722" machi="68" ten="30,1500,0" yaku="20,1" doraHai="117" who="0" fromWho="0" sc="250,25,250,-5,250,-5,240,-5" /><INIT seed="0,1,0,0,0,12" ten="275,245,245,235" oya="0" hai0="79,6,114,85,13,105,71,131,18,117,31,56,133" hai1="95,116,25,132,113,61,67,126,50,87,17,11,39" hai2="46,7,59,51,98,73,60,106,9,90,19,34,119" hai3="30,89,43,77,124,37,55,2,96,92,5,129,84"/><T100/><D114/><U108/><E39/><V135/><F34/><W72/><G129/><T58/><D71/><U21/><E116/><V10/><F73/><W66/><G66/><T42/><D117/><U99/><E108/><V75/><F75/><W107/><G55/><T52/><D131/><U57/><E132/><V45/><F119/><W78/><G30/><T83/><D133/><U38/><E38/><V23/><F135/><W123/><G123/><T70/><D70/><U134/><E134/><V101/><F90/><W82/><G78/><T1/><D42/><U93/><E113/><V110/><F110/><W36/><G124/><T47/><D31/><U4/><E126/><V69/><F69/><W80/><G43/><T28/><D28/><U53/><E87/><V115/><F115/><W130/><G82/><T104/><D47/><U62/><E67/><V14/><F51/><W91/><G91/><T27/><D56/><U118/><E118/><V65/><REACH who="2" step="1"/><F10/><REACH who="2" ten="275,245,235,235" step="2"/><N who="3" m="2359" /><G130/><T26/><D79/><U44/><E44/><V48/><F48/><W102/><AGARI ba="1,1" hai="36,37,72,77,80,84,89,92,96,102,107" m="2359" machi="102" ten="30,1100,0" yaku="24,1" doraHai="12" who="3" fromWho="3" sc="275,-6,245,-4,235,-4,235,24" /><INIT seed="1,0,0,4,0,134" ten="269,241,231,259" oya="1" hai0="115,85,91,44,92,131,102,33,121,10,101,30,74" hai1="7,27,132,9,12,38,86,21,90,28,43,61,113" hai2="52,29,112,67,114,23,64,130,98,94,11,59,84" hai3="35,50,99,97,49,3,46,45,6,16,125,123,62"/><U42/><E113/><N who="2" m="43627" /><F130/><W2/><G123/><T82/><D115/><U95/><E132/><V53/><F84/><W116/><G35/><T133/><D133/><U22/><E38/><V135/><F135/><W71/><G62/><T47/><D131/><U24/><REACH who="1" step="1"/><E61/><REACH who="1" ten="269,231,231,259" step="2"/><N who="2" m="37951" /><F67/><W25/><G116/><T81/><D121/><U117/><E117/><V4/><F29/><AGARI ba="0,1" hai="7,9,12,21,22,24,27,28,29,42,43,86,90,95" machi="29" ten="30,11600,0" yaku="1,1,7,1,9,1,8,1,53,0" doraHai="134" doraHaiUra="78" who="1" fromWho="2" sc="269,0,231,126,231,-116,259,0" /><INIT seed="1,1,0,4,3,60" ten="269,357,115,259" oya="1" hai0="101,87,41,6,20,62,80,111,23,75,46,85,51" hai1="19,66,97,103,119,74,69,10,98,4,109,123,54" hai2="50,116,12,107,57,84,93,21,45,13,25,52,42" hai3="68,86,33,26,73,105,91,53,34,29,100,28,65"/><U63/><E119/><V79/><F107/><W24/><G73/><T104/><D111/><U115/><E74/><V120/><F120/><W30/><G53/><T112/><D112/><U22/><E123/><V44/><F116/><W133/><G133/><T108/><D108/><U7/><E115/><V15/><F42/><W81/><G29/><T94/><D104/><U36/><E36/><V88/><REACH who="2" step="1"/><F79/><REACH who="2" ten="269,357,105,259" step="2"/><W37/><G105/><T135/><D41/><U49/><E109/><V11/><F11/><W43/><G43/><T47/><D135/><U3/><E10/><V96/><F96/><W102/><G37/><T14/><D85/><U118/><E97/><V55/><F55/><W134/><G134/><T78/><D87/><U48/><E54/><V124/><F124/><W59/><G68/><T127/><D78/><U90/><E98/><V9/><F9/><W114/><G114/><T56/><D127/><U83/><E118/><V113/><F113/><W106/><G106/><T95/><D75/><U18/><E103/><V58/><F58/><W131/><G131/><T27/><D56/><U61/><E69/><V5/><F5/><W121/><G121/><T64/><D6/><U38/><E4/><V122/><F122/><W76/><G76/><T16/><D101/><U8/><E7/><V99/><F99/><W70/><G70/><T39/><D39/><U31/><E38/><V117/><F117/><W92/><G100/><T35/><D46/><U40/><E40/><V72/><F72/><W128/><G102/><T71/><D47/><U130/><E8/><V132/><F132/><RYUUKYOKU ba="1,1" sc="269,-10,357,-10,105,30,259,-10" hai2="12,13,15,21,25,44,45,50,52,57,84,88,93" /><INIT seed="2,2,1,4,0,129" ten="259,347,135,249" oya="2" hai0="34,0,135,104,30,131,21,38,15,72,96,5,103" hai1="36,13,3,40,46,6,42,90,76,25,43,27,53" hai2="118,28,50,89,52,19,126,86,80,31,54,87,123" hai3="32,16,47,58,71,82,125,18,55,122,8,60,44"/><V64/><F118/><W17/><G122/><T106/><D131/><U51/><E3/><V94/><F123/><W93/><G32/><T11/><D72/><U116/><E116/><V114/><F114/><W20/><G125/><T117/><D117/><U84/><E76/><V22/><F64/><W7/><G71/><T69/><D38/><U130/><E36/><V97/><F86/><W127/><G127/><T95/><D69/><U10/><REACH who="1" step="1"/><E130/><REACH who="1" ten="259,337,135,249" step="2"/><V111/><F126/><W9/><G7/><T81/><D5/><U110/><E110/><V102/><F111/><W79/><G93/><AGARI ba="2,2" hai="6,10,13,25,27,40,42,43,46,51,53,84,90,93" machi="93" ten="40,2600,0" yaku="1,1,8,1,53,0" doraHai="129" doraHaiUra="100" who="1" fromWho="3" sc="259,0,337,52,135,0,249,-32" /><INIT seed="3,0,0,1,2,122" ten="259,389,135,217" oya="3" hai0="87,43,98,5,61,72,58,11,48,89,20,68,99" hai1="18,25,93,81,22,94,79,133,10,103,50,24,131" hai2="75,17,51,35,16,12,69,88,65,83,34,3,9" hai3="121,92,110,109,126,84,125,59,111,74,36,135,27"/><W80/><G121/><T33/><D33/><U54/><E103/><V76/><F3/><W73/><G36/><T112/><D72/><N who="3" m="27753" /><G135/><T78/><D68/><U7/><E25/><V107/><F107/><W123/><G123/><T2/><D78/><U15/><E131/><V56/><F69/><W91/><G59/><T62/><D112/><U63/><E63/><V47/><F17/><W32/><G32/><T66/><D62/><U40/><E40/><V41/><F65/><W128/><G27/><T53/><D43/><U38/><E38/><V28/><F28/><W116/><G116/><T127/><D20/><U71/><E71/><V97/><REACH who="2" step="1"/><F56/><REACH who="2" ten="259,389,125,217" step="2"/><W57/><G57/><T39/><D58/><N who="1" m="33111" /><E133/><V45/><F45/><W26/><G128/><T77/><D66/><U70/><E70/><V106/><F106/><W23/><G92/><AGARI ba="0,1" hai="9,12,16,34,35,41,47,51,75,76,83,88,92,97" machi="92" ten="40,5200,0" yaku="1,1,54,2,53,0" doraHai="122" doraHaiUra="108" who="2" fromWho="3" sc="259,0,389,0,125,62,217,-52" owari="259,5.9,389,48.9,187,-21.3,165,-33.5" /></mjloggm>