<mjloggm ver="2.3"><GO type="225" lobby="0"/><UN n0="%72%61%6B%33" n1="%4B%2E%32%2E%4B%2E" n2="%E3%83%B4%E3%82%A3%E3%83%AF%E3%82%B3%E3%82%B0%E3%83%8B" n3="%E3%81%BF%E3%81%BF%E3%81%9A" dan="16,16,16,16" rate="2063.40,2167.29,2155.00,2144.52" sx="M,M,M,M"/><TAIKYOKU oya="0"/><INIT seed="0,0,0,5,3,31" ten="250,250,250,250" oya="0" hai0="35,32,37,104,110,24,58,17,108,116,3,7,107" hai1="2,90,50,106,88,62,101,41,43,67,42,91,96" hai2="53,81,36,119,22,63,73,126,76,55,0,40,80" hai3="71,111,66,68,121,99,38,61,105,57,70,49,20"/><T94/><D37/><U8/><E2/><V9/><F126/><W118/><G105/><N who="0" m="40523" /><D116/><U97/><E8/><V130/><F130/><W30/><G99/><T114/><D114/><U34/><E96/><V84/><F119/><W48/><G20/><N who="0" m="13327" /><D94/><U65/><E34/><V117/><F63/><N who="3" m="40031" /><G30/><T100/><D100/><U89/><N who="1" m="22528" /><DORA hai="51" /><U26/><E26/><V78/><F22/><W102/><G102/><T122/><D122/><U19/><E19/><V21/><F21/><W44/><G118/><T74/><D74/><U83/><E62/><V134/><F134/><W128/><G128/><T127/><D58/><U59/><REACH who="1" step="1"/><E83/><REACH who="1" ten="250,240,250,250" step="2"/><V5/><F117/><W79/><G121/><T13/><D3/><U18/><E18/><V6/><F6/><W64/><G111/><N who="0" m="42539" /><D127/><U132/><E132/><V39/><F39/><W135/><G135/><T23/><D23/><U52/><AGARI ba="0,1" hai="41,42,43,50,52,59,65,67,97,101,106" m="22528" machi="52" ten="50,16000,3" yaku="1,1,0,1,52,1,54,2,53,4" doraHai="31,51" doraHaiUra="86,27" who="1" fromWho="1" sc="250,-80,240,170,250,-40,250,-40" /><INIT seed="1,0,0,4,0,87" ten="170,410,210,210" oya="1" hai0="56,6,127,134,48,45,59,54,115,49,62,130,76" hai1="12,60,23,22,68,30,133,44,92,131,94,114,8" hai2="61,135,71,69,98,117,4,86,83,33,132,85,70" hai3="113,35,34,5,3,119,125,57,106,78,126,121,129"/><U90/><E114/><V93/><F117/><W42/><G121/><T65/><D115/><U105/><E105/><V17/><F33/><W111/><G113/><T51/><D76/><U46/><E94/><V124/><F124/><N who="3" m="47723" /><G119/><T103/><D127/><U25/><E131/><V77/><F4/><W63/><G129/><T39/><D130/><U37/><E133/><N who="2" m="51275" /><F17/><W88/><G111/><T101/><D134/><U32/><E60/><V104/><F104/><W122/><G122/><T50/><D6/><U80/><E80/><V53/><F53/><N who="3" m="34223" /><G106/><T81/><D81/><U102/><E102/><N who="0" m="38921" /><D39/><U52/><E68/><V19/><F19/><W13/><G78/><T18/><D18/><U55/><E37/><V38/><F38/><W64/><G42/><AGARI ba="0,0" hai="42,45,48,49,50,51,54,56,59,62,65" m="38921" machi="42" ten="30,1000,0" yaku="8,1" doraHai="87" who="0" fromWho="3" sc="170,10,410,0,210,0,210,-10" /><INIT seed="2,0,0,2,0,59" ten="180,410,210,200" oya="2" hai0="38,27,103,49,125,129,20,74,113,67,9,85,57" hai1="23,17,63,45,84,26,34,11,55,105,1,116,128" hai2="5,40,102,101,98,25,117,92,72,87,44,122,52" hai3="48,89,90,126,3,107,18,13,111,73,91,88,114"/><V119/><F72/><W0/><G111/><T65/><D38/><U86/><E105/><V112/><F112/><W82/><G114/><T22/><D74/><U35/><E35/><V7/><F122/><W31/><G126/><T61/><D125/><U68/><E34/><V71/><F71/><W135/><G135/><T76/><D113/><U95/><E116/><V19/><F101/><W104/><G31/><T41/><D129/><U51/><E95/><V123/><F123/><W121/><G121/><T30/><D103/><U109/><E109/><V12/><F25/><W50/><G104/><T29/><D9/><U66/><REACH who="1" step="1"/><E128/><REACH who="1" ten="180,400,210,200" step="2"/><V46/><F117/><W14/><N who="3" m="22528" /><DORA hai="77" /><W37/><G107/><T33/><D33/><U36/><E36/><V21/><F119/><W97/><G37/><T81/><D67/><U106/><E106/><V39/><REACH who="2" step="1"/><F87/><REACH who="2" ten="180,400,200,200" step="2"/><W15/><G97/><T83/><D85/><U99/><E99/><V132/><F132/><W60/><G73/><T10/><D27/><U42/><E42/><V4/><F4/><AGARI ba="0,2" hai="1,4,11,17,23,26,45,51,55,63,66,68,84,86" machi="4" ten="40,5200,0" yaku="1,1,52,1,53,1" doraHai="59,77" doraHaiUra="69,47" who="1" fromWho="2" sc="180,0,400,72,200,-52,200,0" /><INIT seed="3,0,0,1,1,84" ten="180,472,148,200" oya="3" hai0="24,21,66,32,1,111,119,62,52,68,120,12,41" hai1="86,19,72,95,31,29,75,36,69,131,122,42,57" hai2="51,39,128,82,55,74,78,37,64,100,27,106,121" hai3="54,94,113,108,44,99,63,9,80,13,116,6,17"/><W127/><G113/><T132/><D119/><U125/><E69/><V50/><F128/><W0/><G116/><T123/><D1/><U14/><E122/><V118/><F118/><W73/><G127/><T5/><D32/><U45/><E125/><V28/><F121/><W87/><G73/><T117/><D117/><U114/><E114/><V34/><F64/><W35/><G35/><T53/><D111/><U110/><E110/><V105/><F50/><N who="3" m="28999" /><G0/><T40/><D132/><U85/><E131/><V25/><F25/><W20/><G108/><T92/><D40/><U115/><E115/><V38/><REACH who="2" step="1"/><F100/><REACH who="2" ten="180,472,138,200" step="2"/><W67/><G67/><T30/><D123/><U8/><E85/><V3/><F3/><W83/><G63/><T91/><D120/><U81/><E72/><V43/><F43/><W33/><G87/><T98/><REACH who="0" step="1"/><D41/><REACH who="0" ten="170,472,138,200" step="2"/><U16/><E75/><V76/><F76/><W71/><G33/><T48/><D48/><U7/><E86/><V133/><F133/><W134/><G134/><T60/><D60/><U65/><E65/><V124/><F124/><W135/><G135/><T59/><D59/><AGARI ba="0,2" hai="27,28,34,37,38,39,51,55,59,74,78,82,105,106" machi="59" ten="40,2600,0" yaku="1,1,53,1" doraHai="84" doraHaiUra="49" who="2" fromWho="0" sc="170,-26,472,0,138,46,200,0" owari="144,-35.6,472,57.2,184,-21.6,200,0.0" /></mjloggm>