<mjloggm ver="2.3"><GO type="225" lobby="0"/><UN n0="%E3%82%82%E3%81%90%E3%82%89" n1="%E3%81%A1%E3%82%85%E3%81%86%E3%81%A9%E3%81%8F%E8%B1%A1%E3%81%95%E3%82%93" n2="%4D%50%43%32%38%30%30" n3="%E6%80%AA%E3%81%97%E3%81%99%E3%81%8E%E3%82%8B%E3%83%81%E3%83%BC" dan="16,17,16,16" rate="2221.45,2185.34,2128.86,2076.85" sx="M,M,M,M"/><TAIKYOKU oya="0"/><INIT seed="0,0,0,1,4,104" ten="250,250,250,250" oya="0" hai0="25,111,52,64,82,93,129,30,73,67,77,32,31" hai1="117,78,118,58,14,83,126,49,4,81,133,68,56" hai2="3,134,48,6,60,101,127,75,5,10,69,41,11" hai3="54,42,23,19,24,18,40,112,53,45,39,130,33"/><T50/><D129/><U35/><E35/><V107/><F134/><W47/><G112/><T70/><D70/><U17/><E68/><V123/><F123/><W38/><G130/><T113/><D113/><U97/><E133/><V63/><F127/><W102/><G33/><T79/><D111/><U94/><E4/><V124/><F124/><W28/><G102/><T116/><D116/><U66/><E126/><V46/><F75/><W16/><AGARI ba="0,0" hai="16,18,19,23,24,28,38,39,40,42,45,47,53,54" machi="16" ten="30,4000,0" yaku="0,1,9,1,54,1" doraHai="104" who="3" fromWho="3" sc="250,-20,250,-10,250,-10,250,40" /><INIT seed="1,0,0,1,2,42" ten="230,240,240,290" oya="1" hai0="25,11,28,33,106,72,56,132,127,48,37,14,128" hai1="125,55,43,27,35,129,36,0,84,16,38,96,80" hai2="30,20,79,29,64,99,115,10,98,120,34,130,112" hai3="116,63,117,54,81,49,5,73,101,76,85,6,46"/><U133/><E0/><V1/><F120/><W114/><G114/><N who="2" m="43561" /><F34/><W51/><G101/><T21/><D106/><U91/><E129/><V50/><F130/><W78/><G63/><T18/><D72/><U52/><E133/><V86/><F64/><W74/><G51/><T13/><D37/><U95/><E125/><V87/><F50/><W7/><REACH who="3" step="1"/><G78/><REACH who="3" ten="230,240,240,280" step="2"/><T82/><D128/><U32/><E36/><V75/><F79/><W31/><G31/><T83/><D48/><U124/><E124/><V90/><F30/><W24/><G24/><T119/><D127/><U66/><E66/><V123/><F123/><W58/><G58/><T126/><D56/><U23/><E32/><V121/><F121/><W77/><G77/><T104/><D126/><U113/><E35/><V59/><F59/><W44/><G44/><T118/><D28/><U22/><E113/><V89/><F75/><AGARI ba="0,1" hai="5,6,7,46,49,54,73,74,75,76,81,85,116,117" machi="75" ten="40,5200,0" yaku="1,1,52,1,53,1" doraHai="42" doraHaiUra="40" who="3" fromWho="2" sc="230,0,240,0,240,-52,280,62" /><INIT seed="2,0,0,0,4,63" ten="230,240,188,342" oya="2" hai0="105,95,107,131,9,104,76,128,2,64,42,111,38" hai1="35,96,129,62,16,130,30,84,34,51,36,31,29" hai2="0,134,100,116,13,45,33,40,23,125,67,56,1" hai3="41,80,81,114,74,44,54,106,117,18,108,15,97"/><V65/><F116/><W21/><G117/><T99/><D111/><U124/><E36/><V57/><F33/><W109/><G114/><T27/><D76/><U90/><E96/><V5/><F134/><W3/><G3/><T37/><D27/><U55/><E62/><V98/><F125/><W123/><G123/><T92/><D64/><N who="2" m="24650" /><F1/><W25/><G54/><T68/><D68/><U61/><E61/><V6/><F0/><W110/><G74/><T94/><D99/><U28/><E124/><V22/><F100/><N who="3" m="62735" /><G25/><T77/><D77/><U43/><E34/><V4/><F98/><W102/><G102/><T101/><D101/><U135/><E35/><V48/><F23/><W75/><G75/><T7/><REACH who="0" step="1"/><D42/><REACH who="0" ten="220,240,188,342" step="2"/><U113/><E43/><V132/><F132/><W19/><G110/><T8/><D8/><U50/><E135/><V119/><F119/><W133/><G109/><T122/><D122/><U118/><E118/><V17/><AGARI ba="0,1" hai="4,5,6,13,17,22,40,45,48,56,57" m="24650" machi="17" ten="30,11700,0" yaku="8,1,52,3" doraHai="63" who="2" fromWho="2" sc="220,-39,240,-39,188,127,342,-39" /><INIT seed="2,1,0,1,2,30" ten="181,201,315,303" oya="2" hai0="111,51,69,40,91,7,134,36,39,88,54,34,119" hai1="66,14,108,90,124,47,92,15,59,29,120,41,52" hai2="79,103,65,53,93,73,21,116,6,100,19,62,0" hai3="112,76,63,109,86,131,78,50,85,106,102,75,12"/><V3/><F116/><W38/><G38/><T5/><D69/><U44/><E108/><V42/><F42/><W48/><G109/><T8/><D111/><U121/><E66/><V84/><F73/><W83/><G131/><T57/><D119/><U123/><E29/><V118/><F118/><W33/><G33/><T125/><D134/><U55/><E124/><V127/><F127/><W70/><G112/><T37/><D125/><U49/><E55/><V101/><F53/><W81/><G75/><T72/><D72/><U28/><E28/><V64/><F64/><W20/><G63/><T18/><D34/><U99/><REACH who="1" step="1"/><E44/><REACH who="1" ten="181,191,315,303" step="2"/><V45/><F45/><W105/><G70/><T104/><D40/><U46/><E46/><V122/><F122/><W13/><G20/><T95/><D104/><U17/><E17/><V31/><F31/><W94/><G105/><T117/><D117/><U35/><E35/><V16/><F19/><W114/><G106/><T129/><D129/><U113/><E113/><V132/><F132/><W74/><G114/><T61/><D61/><AGARI ba="1,1" hai="14,15,41,47,49,52,59,61,90,92,99,120,121,123" machi="61" ten="40,5200,0" yaku="1,1,13,1,54,1,53,0" doraHai="30" doraHaiUra="135" who="1" fromWho="0" sc="181,-55,191,65,315,0,303,0" /><INIT seed="3,0,0,2,0,100" ten="126,256,315,303" oya="3" hai0="41,94,98,26,27,96,8,20,57,71,39,76,119" hai1="124,90,0,24,123,42,38,101,17,130,28,118,64" hai2="127,60,47,133,29,74,58,36,72,84,15,97,63" hai3="37,6,67,73,34,81,14,9,87,51,88,65,104"/><W21/><G104/><T46/><D119/><U23/><E123/><V121/><F121/><W12/><G34/><T95/><D71/><U102/><E0/><V91/><F133/><W32/><G32/><T31/><D76/><U106/><E118/><V59/><F29/><W66/><G37/><T126/><D126/><U83/><E64/><V33/><F33/><W92/><G73/><T30/><D8/><U4/><E4/><V78/><F127/><W49/><G81/><T48/><D57/><U82/><E82/><V54/><F78/><W134/><G134/><T56/><D56/><U114/><E114/><V1/><F1/><W45/><G45/><T25/><D39/><U111/><E111/><V13/><F97/><W129/><G129/><T68/><D68/><U7/><E7/><V62/><F62/><W112/><G112/><T53/><D41/><U122/><E42/><V85/><F36/><W70/><G70/><T108/><D108/><U105/><E38/><V93/><F47/><W2/><G2/><T135/><D135/><U115/><E115/><V117/><F117/><W40/><G40/><T113/><D113/><U10/><E122/><V50/><F50/><W109/><G109/><T11/><D11/><U19/><E130/><V79/><F74/><W128/><G128/><T125/><D125/><U89/><E124/><V44/><F44/><W69/><G69/><T99/><REACH who="0" step="1"/><D20/><REACH who="0" ten="116,256,315,303" step="2"/><N who="1" m="15367" /><E10/><V52/><F72/><W107/><G107/><T132/><D132/><U131/><E106/><V16/><F79/><W116/><G116/><T55/><D55/><U18/><E105/><RYUUKYOKU ba="0,1" sc="116,15,256,-15,315,-15,303,15" hai0="25,26,27,30,31,46,48,53,94,95,96,98,99" hai3="6,9,12,14,21,49,51,65,66,67,87,88,92" owari="131,-36.9,241,-15.9,300,10.0,328,42.8" /></mjloggm>