<mjloggm ver="2.3"><GO type="225" lobby="0"/><UN n0="%45%6C%79%73%69%75%6D" n1="%E3%81%BE%E3%81%A8%E3%81%9F" n2="%E3%82%B7%E3%83%B3%E5%A4%AA%E6%9C%97" n3="%E3%81%92%E3%81%A3%E3%81%A1" dan="17,16,16,17" rate="2122.42,2114.33,2157.38,2229.34" sx="F,M,M,M"/><TAIKYOKU oya="0"/><INIT seed="0,0,0,2,5,111" ten="250,250,250,250" oya="0" hai0="89,33,67,37,78,45,28,68,19,101,83,109,7" hai1="41,50,0,16,76,62,124,1,38,52,80,119,134" hai2="85,100,23,20,46,25,133,12,58,51,34,63,110" hai3="70,92,54,129,9,53,39,132,98,18,17,102,66"/><T6/><D109/><U71/><E119/><V105/><F110/><W77/><G39/><T84/><D101/><U114/><E124/><V86/><F133/><W57/><G132/><T95/><D19/><U107/><E107/><V49/><F49/><W24/><G70/><T40/><D28/><U42/><E134/><V113/><F113/><W128/><G77/><T5/><D33/><U64/><E114/><V61/><F63/><N who="3" m="38255" /><G129/><T15/><D67/><U43/><E16/><N who="3" m="6250" /><G128/><T75/><REACH who="0" step="1"/><D68/><REACH who="0" ten="240,250,250,250" step="2"/><U44/><REACH who="1" step="1"/><E38/><REACH who="1" ten="240,240,250,250" step="2"/><V135/><F135/><W10/><G24/><T112/><D112/><U74/><AGARI ba="0,2" hai="0,1,41,42,43,44,50,52,62,64,71,74,76,80" machi="74" ten="30,8000,1" yaku="1,1,2,1,0,1,54,1,53,1" doraHai="111" doraHaiUra="72" who="1" fromWho="1" sc="240,-40,240,100,250,-20,250,-20" /><INIT seed="1,0,0,0,3,33" ten="200,340,230,230" oya="1" hai0="88,117,61,36,35,15,76,64,14,107,106,99,124" hai1="82,97,13,120,58,52,67,125,69,93,108,53,134" hai2="85,116,42,98,21,30,122,56,96,90,17,115,12" hai3="4,62,29,70,75,121,38,1,60,83,101,19,0"/><U55/><E120/><V68/><F122/><W32/><G121/><T46/><D117/><U110/><E134/><V109/><F115/><W5/><G19/><T135/><D135/><U114/><E114/><V2/><F2/><N who="3" m="1131" /><G4/><T77/><D124/><U6/><E82/><V27/><F68/><W128/><G5/><T51/><D35/><U130/><E130/><V132/><F132/><W47/><G62/><T105/><D36/><U28/><E28/><V94/><F109/><N who="1" m="42089" /><E69/><V91/><F42/><N who="3" m="22999" /><G101/><T87/><D99/><U133/><E133/><V9/><F116/><W102/><G102/><T63/><D63/><U25/><E67/><V44/><F44/><W11/><G11/><T34/><D34/><U126/><E58/><V103/><F103/><W81/><G81/><T119/><D119/><U79/><E79/><V86/><REACH who="2" step="1"/><F56/><REACH who="2" ten="200,340,220,230" step="2"/><W95/><G70/><T84/><D76/><U74/><E125/><V39/><F39/><W41/><G41/><T127/><D77/><U78/><E126/><V45/><F45/><W113/><G113/><T54/><D127/><U89/><E74/><V123/><F123/><W48/><G75/><T26/><D88/><U72/><E72/><V40/><F40/><W92/><G128/><T24/><D106/><U111/><E111/><V31/><F31/><W118/><G29/><T57/><D105/><U131/><E131/><V71/><F71/><W66/><G118/><T100/><D100/><U73/><E73/><V22/><F22/><W80/><G32/><T37/><D107/><U16/><E78/><V10/><F10/><W104/><G104/><RYUUKYOKU ba="0,1" sc="200,-10,340,-10,220,30,230,-10" hai2="9,12,17,21,27,30,85,86,90,91,94,96,98" /><INIT seed="2,1,1,0,4,33" ten="190,330,250,220" oya="2" hai0="95,113,39,11,4,22,53,63,87,43,40,66,59" hai1="125,48,9,131,119,7,10,133,84,73,68,42,114" hai2="117,52,34,35,97,18,50,46,103,65,44,129,8" hai3="47,14,32,58,121,110,82,49,83,3,0,69,122"/><V130/><F117/><W90/><G69/><T60/><D113/><U124/><E73/><V123/><F123/><W106/><G32/><T55/><D22/><U85/><E68/><V105/><F65/><W17/><G106/><T89/><D39/><U132/><E114/><V12/><REACH who="2" step="1"/><F44/><REACH who="2" ten="190,330,240,220" step="2"/><W31/><G122/><T74/><D74/><U27/><E119/><V67/><F67/><W21/><G121/><T5/><D5/><U2/><E7/><V98/><F98/><W25/><G47/><T134/><D134/><U104/><E132/><V126/><F126/><W1/><G110/><T96/><D96/><U23/><E133/><V75/><F75/><W72/><G72/><T107/><D107/><U88/><E125/><V112/><F112/><W127/><G127/><T135/><D135/><U6/><E124/><V120/><F120/><W100/><G100/><T77/><D66/><U61/><E104/><V51/><F51/><W45/><G45/><T38/><D38/><U15/><E48/><V62/><F62/><W24/><G49/><T16/><D4/><U118/><E61/><V101/><F101/><W57/><G57/><T111/><D111/><U64/><E118/><V94/><F94/><W81/><G58/><T56/><REACH who="0" step="1"/><D77/><REACH who="0" ten="180,330,240,220" step="2"/><U71/><E6/><V79/><F79/><W91/><REACH who="3" step="1"/><G31/><REACH who="3" ten="180,330,240,210" step="2"/><T30/><D30/><U102/><E71/><V99/><F99/><W13/><G13/><AGARI ba="1,4" hai="11,13,16,40,43,53,55,56,59,60,63,87,89,95" machi="13" ten="40,8000,1" yaku="1,1,9,1,8,1,54,1,53,0" doraHai="33" doraHaiUra="109" who="0" fromWho="3" sc="180,123,330,0,240,0,210,-83" /><INIT seed="3,0,0,0,4,127" ten="303,330,240,127" oya="3" hai0="15,71,5,36,6,42,7,20,47,118,76,26,101" hai1="70,21,115,29,105,68,64,55,82,113,88,109,117" hai2="72,24,98,114,28,25,75,33,128,11,17,16,63" hai3="103,78,74,56,107,32,4,102,23,112,119,18,27"/><W52/><G112/><T91/><D71/><U43/><E105/><V39/><F39/><W3/><G119/><T125/><D118/><U83/><E117/><V85/><F114/><W67/><G67/><T84/><D125/><U123/><E43/><V1/><F98/><W104/><G32/><T106/><D76/><U41/><E41/><V51/><F63/><W93/><G78/><T77/><D77/><U8/><E8/><V96/><F96/><W37/><G74/><T50/><D101/><U54/><E88/><V46/><F85/><W79/><G79/><T90/><D106/><U87/><E87/><V108/><F108/><W0/><G37/><T48/><D15/><U66/><E21/><V134/><F134/><W9/><G0/><T44/><D36/><U94/><E29/><V135/><F135/><W100/><REACH who="3" step="1"/><G93/><REACH who="3" ten="303,330,240,117" step="2"/><T92/><D92/><U126/><E94/><V110/><F75/><W95/><G95/><T130/><D84/><U35/><E126/><V12/><F72/><W31/><G31/><T73/><D73/><U57/><E35/><V60/><F1/><W86/><G86/><T19/><REACH who="0" step="1"/><D130/><REACH who="0" ten="293,330,240,117" step="2"/><U30/><E109/><V133/><F128/><W69/><G69/><T14/><D14/><U49/><E70/><V61/><F110/><W38/><G38/><T89/><D89/><U10/><E68/><V111/><F111/><W131/><G131/><T58/><D58/><U80/><E113/><V59/><F59/><W40/><G40/><AGARI ba="0,2" hai="5,6,7,19,20,26,40,42,44,47,48,50,90,91" machi="40" ten="40,5200,0" yaku="1,1,9,1,8,1,53,0" doraHai="127" doraHaiUra="34" who="0" fromWho="3" sc="293,72,330,0,240,0,117,-52" owari="365,46.5,330,13.0,240,-16.0,65,-43.5" /></mjloggm>