<mjloggm ver="2.3"><GO type="225" lobby="0"/><UN n0="%E3%81%AA%E3%82%81%E3%81%93%E9%9B%80%E5%A3%AB" n1="%E3%82%A2%E3%83%A1%E3%82%A2%E3%83%A9%E3%83%AC" n2="%E9%B3%B3%E6%9D%B1%E3%81%AE%E3%81%BF%E3%81%91%E3%81%AB%E3%82%83%E3%82%93" n3="%E7%8B%97%E5%AE%8C%E4%BA%86%E9%80%81" dan="16,16,17,16" rate="2064.42,2047.66,2163.30,2122.22" sx="M,M,F,F"/><TAIKYOKU oya="0"/><INIT seed="0,0,0,3,1,42" ten="250,250,250,250" oya="0" hai0="93,17,124,37,120,51,56,30,69,122,108,79,57" hai1="54,95,63,134,90,43,39,24,64,110,125,22,132" hai2="25,133,19,26,80,6,83,7,111,75,8,4,74" hai3="87,81,52,76,35,98,60,49,86,101,41,130,1"/><T36/><D79/><U117/><E117/><V106/><F106/><W27/><G1/><T10/><D30/><U20/><E110/><V109/><F133/><N who="1" m="51305" /><E125/><V78/><F8/><W5/><G5/><T92/><D10/><U94/><E54/><V72/><F19/><W121/><G130/><T99/><D17/><N who="1" m="12303" /><E22/><V91/><F91/><W66/><G41/><T100/><D124/><U50/><E39/><V118/><F118/><W73/><G121/><T40/><D108/><N who="2" m="41546" /><F78/><W135/><G135/><T65/><D36/><U104/><E104/><V58/><F58/><W32/><G32/><T113/><D57/><N who="1" m="36975" /><E90/><V33/><F33/><W15/><G35/><T70/><D70/><U129/><E129/><V123/><F123/><W13/><G27/><AGARI ba="0,0" hai="4,6,7,25,26,27,72,74,75,80,83" m="41546" machi="27" ten="40,5200,0" yaku="28,2,14,1" doraHai="42" who="2" fromWho="3" sc="250,0,250,0,250,52,250,-52" /><INIT seed="1,0,0,2,5,13" ten="250,250,302,198" oya="1" hai0="102,123,135,45,109,0,35,7,121,15,66,112,10" hai1="114,55,11,116,62,106,61,33,97,3,73,105,103" hai2="77,96,78,63,38,80,91,42,113,21,58,100,117" hai3="74,36,107,64,30,120,41,34,47,132,86,60,31"/><U9/><E114/><V98/><F117/><W18/><G120/><N who="0" m="46155" /><D112/><U49/><E116/><V127/><F127/><W71/><G74/><T99/><D35/><U72/><E33/><V50/><F38/><W59/><G107/><N who="0" m="63967" /><D109/><U51/><E97/><N who="2" m="37483" /><F100/><W119/><G119/><T24/><D24/><U37/><E103/><V104/><F104/><W76/><G132/><T115/><D115/><U88/><E37/><V20/><F91/><W110/><G110/><T52/><D66/><U125/><E55/><N who="2" m="34271" /><F80/><W57/><G34/><T26/><D26/><U93/><E93/><V48/><F48/><W130/><G130/><T108/><D108/><U17/><E88/><V70/><F70/><W81/><G71/><T54/><D135/><U22/><E3/><V46/><F113/><W23/><REACH who="3" step="1"/><G59/><REACH who="3" ten="250,250,302,188" step="2"/><T82/><D45/><U6/><E106/><V8/><F8/><W2/><G2/><T101/><D101/><U16/><E105/><V27/><F20/><W87/><G87/><T29/><D0/><U75/><E22/><V126/><F126/><W118/><G118/><T32/><D82/><U39/><E125/><V28/><AGARI ba="0,1" hai="21,27,28,42,46,50,77,78" m="34271,37483" machi="28" ten="30,1100,0" yaku="8,1" doraHai="13" who="2" fromWho="2" sc="250,-3,250,-5,302,21,188,-3" /><INIT seed="2,0,0,3,4,52" ten="247,245,323,185" oya="2" hai0="35,34,106,92,63,82,11,58,116,6,51,4,123" hai1="127,86,112,118,70,78,62,71,54,80,59,12,125" hai2="84,114,98,121,65,30,95,81,108,91,135,94,50" hai3="22,49,126,74,110,53,31,25,67,14,39,23,122"/><V117/><F114/><W15/><G122/><T16/><D106/><U19/><E112/><V104/><F121/><W100/><G39/><T42/><D123/><U85/><E118/><V45/><F117/><W93/><G74/><T129/><D116/><U89/><E71/><V96/><F135/><W36/><G36/><T33/><D129/><U9/><REACH who="1" step="1"/><E70/><REACH who="1" ten="247,235,323,185" step="2"/><V109/><F109/><W10/><G126/><T128/><D128/><U113/><E113/><V76/><F108/><W5/><G110/><T21/><D42/><U18/><E18/><V29/><F29/><W61/><G100/><T130/><D130/><U37/><E37/><V20/><F30/><W38/><G38/><T44/><D6/><U3/><E3/><V115/><F115/><W28/><G28/><T120/><D120/><U68/><E68/><V75/><F20/><W55/><G23/><T132/><D35/><U105/><E105/><V97/><F104/><W26/><G49/><T48/><D48/><U88/><E88/><V69/><F69/><W111/><G111/><T90/><D51/><U99/><E99/><V103/><F97/><W7/><G31/><T2/><D34/><U41/><E41/><V24/><F96/><W83/><G22/><T32/><D33/><U77/><E77/><V17/><F50/><W73/><G10/><T124/><D32/><U40/><E40/><V134/><F98/><W46/><G61/><T131/><D131/><U72/><E72/><V47/><F75/><W87/><G73/><T64/><D21/><U8/><E8/><V0/><F0/><W119/><G119/><RYUUKYOKU ba="0,1" sc="247,-10,235,30,323,-10,185,-10" hai1="9,12,19,54,59,62,78,80,85,86,89,125,127" /><INIT seed="3,1,1,0,4,93" ten="237,265,313,175" oya="3" hai0="27,21,71,86,82,34,7,129,104,130,84,79,55" hai1="56,76,69,6,14,9,125,132,40,46,51,59,41" hai2="78,61,126,1,109,47,48,26,23,57,94,49,83" hai3="43,124,44,12,77,65,102,87,8,100,98,4,33"/><W54/><G33/><T70/><D34/><U17/><E132/><V24/><F1/><W113/><G124/><T74/><D104/><U95/><E69/><N who="0" m="26121" /><D7/><U90/><E125/><V64/><F109/><W2/><G113/><T111/><D55/><U16/><E41/><V18/><F126/><W31/><G65/><T38/><D38/><U72/><E76/><V25/><F94/><W32/><G54/><T66/><D66/><U80/><E80/><V50/><F47/><W127/><G127/><T97/><D97/><N who="1" m="57591" /><E72/><V118/><F118/><W99/><G2/><T85/><D111/><U22/><E6/><V103/><F103/><N who="3" m="39467" /><G31/><T133/><D133/><U88/><E88/><V28/><F28/><W110/><G32/><T45/><D45/><U117/><E117/><V3/><F3/><W35/><G35/><T96/><D96/><U37/><E37/><V62/><F62/><W63/><G63/><T30/><D74/><U92/><E92/><V131/><F131/><N who="0" m="50186" /><D79/><U121/><E121/><V19/><F19/><W15/><G15/><AGARI ba="1,1" hai="9,14,15,16,17,22,40,46,51,56,59" m="57591" machi="15" ten="30,3900,0" yaku="8,1,52,1,54,1" doraHai="93" who="1" fromWho="3" sc="237,0,265,52,313,0,175,-42" owari="237,-16.3,317,41.7,313,11.3,133,-36.7" /></mjloggm>