<mjloggm ver="2.3"><GO type="225" lobby="0"/><UN n0="%E3%81%8D%E3%82%85%E3%81%86" n1="%E3%81%B5%E3%81%98%E3%81%8B%E3%81%A4" n2="%E9%97%98%E5%B0%86%E3%81%A0%E3%82%93%E3%81%A7%E3%81%83" n3="%72%61%6B%33" dan="16,16,16,16" rate="2077.17,2153.46,2148.72,2115.77" sx="M,M,M,M"/><TAIKYOKU oya="0"/><INIT seed="0,0,0,4,4,9" ten="250,250,250,250" oya="0" hai0="46,23,114,92,121,127,93,129,102,50,25,100,90" hai1="110,107,34,95,8,15,26,44,38,77,101,118,61" hai2="67,105,94,133,82,119,103,40,48,128,45,86,76" hai3="16,62,123,132,28,35,19,78,122,75,60,57,74"/><T31/><D114/><U88/><E110/><V36/><F128/><W115/><G78/><T1/><D121/><N who="3" m="46089" /><G57/><T0/><D127/><U24/><E118/><V22/><F133/><W30/><G132/><T106/><D106/><U70/><E77/><V116/><F105/><W87/><G87/><T72/><D72/><N who="3" m="27689" /><G35/><T97/><D129/><U83/><E83/><V10/><F67/><W126/><G115/><T104/><D104/><U59/><E70/><V85/><F36/><W17/><G126/><T66/><D66/><U112/><E34/><V113/><F113/><W130/><G130/><T134/><D134/><U84/><E112/><V55/><F119/><W51/><G51/><T79/><D79/><U96/><E44/><V43/><F116/><W32/><G32/><T56/><D56/><U41/><E41/><V12/><F22/><W20/><G20/><T3/><REACH who="0" step="1"/><D93/><REACH who="0" ten="240,250,250,250" step="2"/><U47/><E47/><V29/><F76/><W120/><G120/><T54/><AGARI ba="0,1" hai="0,1,3,23,25,31,46,50,54,90,92,97,100,102" machi="54" ten="30,11700,0" yaku="1,1,2,1,0,1,53,1" doraHai="9" doraHaiUra="91" who="0" fromWho="0" sc="240,127,250,-39,250,-39,250,-39" /><INIT seed="0,1,0,2,5,100" ten="367,211,211,211" oya="0" hai0="75,131,30,114,47,70,16,133,24,22,11,64,118" hai1="60,66,83,96,42,78,7,23,108,61,0,63,104" hai2="15,135,71,46,82,92,27,77,110,52,38,55,116" hai3="73,45,119,13,115,121,2,34,98,12,62,40,35"/><T58/><D114/><U25/><E108/><V128/><F71/><W93/><G2/><T81/><D118/><U29/><E42/><V39/><F110/><W111/><G115/><T3/><D131/><U94/><E0/><V74/><F128/><W72/><G119/><T106/><D70/><U129/><E129/><V69/><F69/><W109/><G62/><T97/><D47/><U18/><E7/><V1/><F1/><W5/><G45/><T31/><D133/><U56/><E18/><V107/><F107/><W9/><G93/><T51/><D81/><U102/><REACH who="1" step="1"/><E104/><REACH who="1" ten="367,201,211,211" step="2"/><V112/><F112/><W59/><G5/><T37/><D106/><U101/><E101/><V43/><F116/><W36/><G40/><T17/><D17/><U120/><E120/><V105/><F105/><W79/><G121/><T85/><D16/><U57/><E57/><V132/><F132/><W76/><G59/><T123/><D58/><U50/><E50/><V130/><F135/><W33/><G36/><T67/><D51/><U103/><E103/><V84/><F39/><W88/><G111/><T41/><D37/><U21/><E21/><V68/><F68/><W127/><G109/><T134/><D22/><U86/><AGARI ba="1,1" hai="23,25,29,56,60,61,63,66,78,83,86,94,96,102" machi="86" ten="20,12000,2" yaku="1,1,0,1,7,1,25,2,8,1,53,0" doraHai="100" doraHaiUra="126" who="1" fromWho="1" sc="367,-61,201,133,211,-31,211,-31" /><INIT seed="1,0,0,2,5,83" ten="306,334,180,180" oya="1" hai0="82,41,93,8,100,46,12,132,117,17,15,81,6" hai1="1,86,111,0,115,134,18,76,29,106,3,99,123" hai2="55,35,116,37,112,69,33,51,60,135,43,65,47" hai3="85,56,28,74,120,80,53,58,59,24,63,68,77"/><U7/><E123/><V126/><F116/><W105/><G120/><T78/><D132/><U21/><E115/><V42/><F135/><W88/><G105/><T124/><D124/><U30/><E134/><V14/><F126/><W91/><G68/><T133/><D117/><U10/><E111/><V70/><F112/><W39/><G39/><T97/><D133/><U121/><E121/><V36/><F33/><W73/><G73/><T71/><D71/><N who="2" m="27146" /><F14/><W20/><REACH who="3" step="1"/><G91/><REACH who="3" ten="306,334,180,170" step="2"/><T31/><D78/><U79/><E79/><V19/><F35/><W5/><G5/><T101/><D101/><U72/><E72/><V50/><F19/><W25/><G25/><T114/><D114/><U118/><E118/><V110/><F110/><W128/><G128/><T49/><REACH who="0" step="1"/><D31/><REACH who="0" ten="296,334,180,170" step="2"/><U87/><E76/><V13/><F37/><W26/><G26/><T75/><D75/><U54/><E30/><V119/><F36/><W11/><G11/><AGARI ba="0,2" hai="6,8,11,12,15,17,41,46,49,81,82,93,97,100" machi="11" ten="30,3900,0" yaku="1,1,7,1,8,1,53,0" doraHai="83" doraHaiUra="16" who="0" fromWho="3" sc="296,59,334,0,180,0,170,-39" /><INIT seed="2,0,0,5,2,1" ten="355,334,180,131" oya="2" hai0="50,7,12,95,30,125,120,37,122,67,4,124,110" hai1="99,83,58,19,113,66,109,79,16,49,130,68,29" hai2="15,96,77,64,132,112,63,98,103,11,34,35,14" hai3="17,45,40,102,24,72,23,31,104,44,56,129,54"/><V128/><F112/><W107/><G129/><T41/><D37/><U62/><E113/><V53/><F132/><W70/><G70/><T87/><D67/><U115/><E130/><V52/><F128/><W123/><G123/><T20/><D110/><U105/><E115/><V100/><F77/><W65/><G72/><T21/><D50/><U57/><E29/><V121/><F11/><W111/><G65/><T55/><D55/><U43/><E109/><V46/><F64/><W88/><G111/><T114/><D41/><U135/><E68/><V71/><F71/><W2/><G2/><T82/><D95/><U3/><E3/><V116/><F46/><W117/><G117/><T69/><D69/><U118/><E118/><V48/><F116/><W61/><G45/><T119/><D119/><U75/><E43/><V133/><F48/><W47/><G44/><T74/><D74/><U22/><E22/><N who="0" m="8809" /><D30/><U13/><E13/><V81/><F81/><W32/><G102/><T28/><D28/><U9/><E9/><V26/><F26/><W18/><G18/><N who="1" m="6698" /><E135/><V27/><F27/><W108/><G108/><T126/><D114/><U127/><E127/><V36/><F133/><W84/><G31/><T8/><D7/><U51/><E58/><V97/><F97/><W106/><G32/><T60/><D60/><U25/><E25/><V39/><F63/><W90/><REACH who="3" step="1"/><G84/><REACH who="3" ten="355,334,180,121" step="2"/><T91/><AGARI ba="0,1" hai="4,8,12,82,87,91,120,122,124,125,126" m="8809" machi="91" ten="40,2700,0" yaku="18,1,52,1" doraHai="1" who="0" fromWho="0" sc="355,37,334,-7,180,-13,121,-7" /><INIT seed="3,0,0,3,0,129" ten="392,327,167,114" oya="3" hai0="133,107,29,113,99,47,27,50,38,45,17,89,80" hai1="31,53,102,32,105,21,48,65,1,103,16,134,20" hai2="74,73,119,83,9,78,100,62,125,122,5,123,110" hai3="7,24,25,14,18,39,60,84,34,63,4,79,96"/><W28/><G39/><T108/><D17/><U35/><E134/><V12/><F110/><W8/><G96/><T56/><D133/><U120/><E120/><N who="2" m="46123" /><F125/><W82/><G7/><T97/><D113/><U42/><E65/><V126/><F126/><W54/><G54/><T92/><D80/><U6/><E42/><V59/><F100/><W41/><G41/><T72/><D72/><U19/><E105/><V101/><F101/><W91/><G24/><T98/><D38/><U57/><E35/><V26/><F26/><W109/><G109/><T58/><D47/><U132/><E132/><V118/><F74/><W111/><G111/><T90/><D108/><U130/><E31/><V115/><F115/><W114/><G114/><T117/><D117/><U85/><E32/><V127/><F127/><W121/><G121/><T49/><D49/><U22/><E130/><V70/><F70/><W40/><G40/><T43/><D90/><U116/><E116/><V37/><F37/><W104/><G104/><T10/><D10/><U86/><E6/><V77/><F78/><W11/><REACH who="3" step="1"/><G79/><REACH who="3" ten="392,327,167,104" step="2"/><T66/><D107/><U68/><E53/><AGARI ba="0,1" hai="5,9,12,53,59,62,73,77,83,118,119" m="46123" machi="53" ten="30,1000,0" yaku="13,1" doraHai="129" who="2" fromWho="1" sc="392,0,327,-10,167,20,104,0" owari="392,49.2,317,11.7,187,-21.3,104,-39.6" /></mjloggm>