<mjloggm ver="2.3"><GO type="225" lobby="0"/><UN n0="%E3%81%82%E3%81%99%E3%81%AB%E3%82%83%E3%82%80" n1="%E5%A4%9C%E5%85%89%E5%A4%A9%E6%A5%BC" n2="%E9%A6%AC%E4%BA%86%E9%9A%94%E5%A3%81" n3="%E6%A0%B9%E5%85%83%E3%81%8B%E3%82%89%E5%90%B9%E3%81%A3%E9%A3%9B%E3%81%B6" dan="16,16,18,17" rate="2098.84,2109.52,2231.03,2164.13" sx="F,F,M,F"/><TAIKYOKU oya="0"/><INIT seed="0,0,0,2,0,13" ten="250,250,250,250" oya="0" hai0="4,125,10,1,133,22,109,108,8,39,127,28,135" hai1="73,12,122,90,27,118,23,117,70,100,3,46,18" hai2="32,64,75,11,53,26,5,89,71,96,97,121,130" hai3="128,91,103,31,79,36,115,110,56,66,52,41,88"/><T94/><D39/><U85/><E122/><V84/><F121/><W50/><G115/><T30/><D10/><U112/><E3/><V95/><F75/><W111/><G128/><T57/><D57/><U69/><E73/><V92/><F130/><W48/><G103/><T80/><D80/><U38/><E112/><V126/><F126/><N who="0" m="48138" /><D94/><U86/><E100/><V132/><F132/><N who="0" m="50762" /><D22/><U42/><E86/><V25/><F84/><W40/><G36/><T81/><D81/><U37/><E37/><V107/><F95/><W99/><G79/><T49/><D49/><U47/><E47/><V6/><F11/><W131/><G48/><T0/><D0/><U113/><E113/><V134/><F134/><W17/><G50/><T101/><D101/><U20/><E70/><V114/><F114/><W62/><G56/><T43/><D43/><U33/><E69/><V98/><F71/><W68/><G41/><T16/><D16/><U124/><E124/><V58/><F58/><W21/><G17/><T106/><D106/><U119/><E23/><V104/><F104/><W7/><G40/><T77/><D77/><U105/><E105/><V116/><F107/><W74/><G21/><T35/><D35/><U51/><E38/><V14/><F32/><W102/><G102/><T82/><D82/><N who="1" m="49463" /><E33/><V19/><F19/><W120/><G120/><T87/><D87/><U123/><E123/><V78/><F78/><W59/><G59/><T63/><D63/><U55/><E42/><V29/><F92/><W93/><G93/><T9/><D9/><U129/><E12/><V34/><F14/><RYUUKYOKU ba="0,0" sc="250,15,250,15,250,-15,250,-15" hai0="1,4,8,28,30,108,109" hai1="18,20,27,46,51,55,117,118,119,129" /><INIT seed="0,1,0,5,0,58" ten="265,265,235,235" oya="0" hai0="15,54,121,93,123,21,22,4,50,63,91,90,7" hai1="80,12,51,117,110,108,60,118,66,46,100,44,120" hai2="29,27,42,134,99,101,116,92,67,14,127,11,48" hai3="119,126,132,30,75,35,2,83,87,104,41,13,19"/><T103/><D123/><U59/><E100/><V0/><F134/><W77/><G119/><N who="1" m="45578" /><E80/><V84/><F116/><W40/><G126/><T76/><D76/><U74/><E74/><V37/><F127/><W36/><G132/><T5/><D121/><U85/><E85/><V33/><F0/><W25/><G36/><T69/><D69/><U115/><E120/><V122/><F122/><W62/><G104/><T64/><D103/><U81/><E81/><V114/><F114/><W55/><G2/><T96/><D15/><U9/><E51/><V109/><F109/><N who="1" m="42089" /><E115/><V95/><F37/><W56/><REACH who="3" step="1"/><G75/><REACH who="3" ten="265,265,235,225" step="2"/><T57/><REACH who="0" step="1"/><D91/><REACH who="0" ten="255,265,235,225" step="2"/><U39/><E39/><V6/><F101/><W8/><AGARI ba="1,2" hai="8,13,19,25,30,35,40,41,55,56,62,77,83,87" machi="8" ten="20,8000,1" yaku="1,1,2,1,0,1,7,1,52,1,53,0" doraHai="58" doraHaiUra="32" who="3" fromWho="3" sc="255,-41,265,-21,235,-21,225,103" /><INIT seed="1,0,0,0,5,18" ten="214,244,214,328" oya="1" hai0="76,127,108,104,90,68,19,74,23,17,21,123,84" hai1="132,78,63,122,8,96,129,67,64,120,128,130,100" hai2="54,56,95,118,22,14,109,27,29,81,59,5,49" hai3="31,37,11,60,33,51,15,89,47,35,116,13,28"/><U121/><E132/><V131/><F118/><W82/><G37/><T77/><D68/><U99/><E78/><N who="0" m="30313" /><D104/><U16/><E96/><V94/><F109/><W39/><G39/><T86/><D108/><U34/><E34/><V102/><F131/><W79/><G60/><T50/><D74/><U113/><E113/><V110/><F110/><W134/><G134/><T44/><D127/><U85/><E85/><N who="0" m="32873" /><D90/><U6/><E63/><V48/><F81/><W135/><G15/><T97/><D97/><U98/><E98/><N who="2" m="59735" /><F95/><W70/><G47/><T1/><D1/><U45/><E45/><N who="2" m="27919" /><F49/><W73/><G51/><T30/><D30/><U7/><E99/><V106/><F106/><W114/><G70/><T3/><D3/><U25/><E100/><V24/><F24/><W2/><G2/><T124/><D124/><U62/><E62/><V53/><F53/><W66/><G135/><T10/><D123/><U71/><E71/><V93/><F93/><W119/><G119/><T117/><D117/><U20/><E6/><V43/><F43/><W87/><G116/><T46/><D46/><U105/><E105/><V42/><F42/><W65/><G33/><T9/><D50/><U12/><AGARI ba="0,0" hai="7,8,12,16,20,25,64,67,120,121,122,128,129,130" machi="12" ten="40,12000,1" yaku="0,1,19,1,52,1,54,1" doraHai="18" who="1" fromWho="1" sc="214,-40,244,120,214,-40,328,-40" /><INIT seed="1,1,0,4,5,58" ten="174,364,174,288" oya="1" hai0="30,6,114,72,88,3,110,28,51,67,129,44,98" hai1="40,9,21,10,82,55,38,130,119,126,104,105,73" hai2="56,62,89,134,113,79,100,97,133,120,14,5,92" hai3="71,35,39,102,33,64,24,106,41,15,77,26,99"/><U27/><E119/><V76/><F120/><W112/><G112/><T4/><D114/><U23/><E38/><V68/><F113/><W123/><G123/><T53/><D72/><U8/><E40/><V1/><F68/><W108/><G108/><T80/><D110/><U60/><E73/><V11/><F1/><W87/><G15/><T50/><D129/><U101/><E82/><V74/><F100/><W2/><G24/><T29/><D67/><U111/><E111/><V45/><F45/><N who="3" m="23743" /><G87/><N who="0" m="50279" /><D3/><U65/><E55/><V81/><REACH who="2" step="1"/><F76/><REACH who="2" ten="174,364,164,288" step="2"/><W12/><G77/><T61/><D98/><U31/><E101/><V84/><F84/><W70/><G99/><T122/><D122/><U91/><E130/><V48/><F48/><W83/><G102/><T47/><D61/><U46/><E60/><V90/><F90/><W124/><G2/><T116/><D116/><U78/><E91/><V131/><F131/><W94/><G71/><T7/><D51/><U16/><E78/><V63/><F63/><W59/><G70/><T121/><D121/><U109/><E109/><V118/><F118/><W37/><G37/><T42/><D47/><U128/><E46/><V69/><F69/><W75/><G75/><T85/><D85/><U135/><E128/><V36/><F36/><W103/><G103/><T107/><D107/><U52/><E105/><V66/><AGARI ba="1,1" hai="5,11,14,56,62,66,74,79,81,89,92,97,133,134" machi="66" ten="30,4000,0" yaku="1,1,0,1,52,1,53,0" doraHai="58" doraHaiUra="117" who="2" fromWho="2" sc="174,-11,364,-21,164,53,288,-11" /><INIT seed="2,0,0,1,2,132" ten="163,343,217,277" oya="2" hai0="26,71,30,103,98,133,90,62,32,116,101,94,35" hai1="86,22,41,17,39,38,69,12,106,123,111,83,50" hai2="131,76,54,16,105,122,1,20,57,80,53,82,56" hai3="13,118,55,127,29,89,109,66,64,8,113,40,117"/><V45/><F122/><W104/><G109/><T70/><D133/><U72/><E111/><V46/><F105/><W129/><G129/><T19/><D116/><U9/><E106/><V18/><F1/><W34/><G104/><T2/><D2/><U96/><E72/><V124/><F131/><W6/><G113/><T42/><D42/><U81/><E69/><V31/><F31/><W73/><G73/><T5/><D5/><U21/><E83/><V67/><F67/><W49/><G40/><T120/><D120/><U119/><E96/><V52/><F124/><W91/><G127/><T107/><D103/><U36/><E119/><V37/><F37/><W60/><G66/><T68/><D19/><N who="2" m="7210" /><F20/><W95/><G29/><T28/><D28/><U99/><E123/><V44/><F76/><W4/><G34/><T0/><D0/><U126/><E126/><V11/><F11/><W7/><G64/><T10/><D10/><U43/><E22/><V93/><F93/><W23/><G23/><T51/><D35/><U87/><E21/><V63/><F54/><W114/><G95/><T48/><REACH who="0" step="1"/><D62/><AGARI ba="0,0" hai="44,45,46,52,53,56,57,62,63,80,82" m="7210" machi="62" ten="30,5800,0" yaku="8,1,54,2" doraHai="132" who="2" fromWho="0" sc="163,-58,343,0,217,58,277,0" /><INIT seed="2,1,0,1,3,17" ten="105,343,275,277" oya="2" hai0="105,38,68,29,15,14,118,72,85,16,28,117,102" hai1="101,89,43,12,91,59,61,76,19,96,86,49,114" hai2="124,55,32,88,83,131,5,99,2,7,115,93,11" hai3="6,70,64,45,54,63,56,8,130,75,30,125,47"/><V27/><F115/><W57/><G75/><T123/><D68/><U120/><E120/><V46/><F131/><W84/><G130/><T62/><D38/><U31/><E31/><V26/><F124/><W1/><G125/><T77/><D72/><U127/><E114/><V133/><F133/><W44/><G30/><T22/><D123/><U122/><E122/><V92/><F32/><W25/><G25/><T69/><D105/><U34/><E34/><V67/><F67/><W132/><G132/><T42/><D42/><U82/><E101/><V113/><F113/><W106/><G106/><T53/><D102/><U33/><E96/><V95/><F7/><W58/><REACH who="3" step="1"/><G84/><REACH who="3" ten="105,343,275,267" step="2"/><T36/><D36/><U78/><E127/><V81/><F26/><W50/><AGARI ba="1,1" hai="1,6,8,44,45,47,50,54,56,57,58,63,64,70" machi="50" ten="30,4000,0" yaku="1,1,2,1,0,1,53,0" doraHai="17" doraHaiUra="90" who="3" fromWho="3" sc="105,-11,343,-11,275,-21,267,53" /><INIT seed="3,0,0,1,2,122" ten="94,332,254,320" oya="3" hai0="90,29,9,134,124,112,38,66,121,14,63,56,71" hai1="60,69,125,99,45,42,119,105,48,85,54,39,19" hai2="40,72,135,25,79,17,15,74,117,126,70,100,88" hai3="0,65,114,67,77,132,8,31,57,6,127,55,1"/><W89/><G114/><T62/><D112/><U86/><E125/><V128/><F117/><W32/><G0/><T120/><D29/><U16/><E119/><V113/><F113/><W95/><G77/><T129/><D90/><U133/><E133/><V98/><F70/><W3/><G3/><T11/><D14/><U4/><E4/><V118/><F118/><W123/><G123/><T24/><D24/><U10/><E10/><V93/><F126/><W81/><G81/><T51/><D124/><U2/><E2/><V43/><F135/><W102/><G102/><T103/><D103/><N who="1" m="62719" /><E86/><V58/><F128/><W18/><G132/><T41/><D134/><U78/><E85/><V30/><F74/><W22/><G127/><T37/><D11/><U108/><E78/><V47/><F58/><W64/><G31/><T82/><D9/><U68/><E68/><V75/><F43/><W23/><G32/><T96/><D96/><U107/><E107/><V131/><F131/><W27/><G23/><T76/><D129/><U28/><E28/><V111/><F75/><W116/><G116/><T46/><D82/><U91/><E91/><V12/><F100/><W21/><G21/><T109/><D76/><U35/><E35/><N who="2" m="20943" /><F17/><W59/><G55/><N who="0" m="31871" /><D37/><U5/><E19/><V52/><F79/><W26/><G26/><T33/><D33/><U80/><E16/><V34/><F72/><W53/><G95/><T20/><D20/><U73/><E73/><V110/><F34/><W106/><G106/><T92/><D92/><U44/><E80/><V7/><F93/><W94/><G94/><RYUUKYOKU ba="0,0" sc="94,0,332,0,254,0,320,0" owari="94,-40.6,332,43.2,254,-14.6,320,12.0" /></mjloggm>