<mjloggm ver="2.3"><GO type="225" lobby="0"/><UN n0="%72%69%6F%75%63%68%61%6E" n1="%73%69%72%6F%75%74" n2="%45%6C%79%73%69%75%6D" n3="%E3%81%93%E3%81%A1" dan="17,16,17,16" rate="2270.05,2052.49,2140.67,2171.61" sx="M,M,F,F"/><TAIKYOKU oya="0"/><INIT seed="0,0,0,2,5,50" ten="250,250,250,250" oya="0" hai0="128,7,9,122,1,70,101,8,25,77,63,71,29" hai1="13,41,121,26,85,74,91,102,95,6,2,132,67" hai2="78,28,16,81,5,61,125,127,54,115,3,83,126" hai3="33,117,10,131,23,106,99,120,58,79,36,42,62"/><T48/><D122/><U110/><E121/><V98/><F115/><W0/><G33/><T12/><D128/><U35/><E74/><V92/><F28/><W97/><G120/><T114/><D114/><U4/><E41/><V14/><F5/><W89/><G79/><T129/><D129/><U27/><E67/><V11/><F3/><W59/><G59/><T73/><D101/><U40/><E40/><V104/><F104/><W17/><G117/><T88/><D63/><U87/><E102/><N who="2" m="60743" /><F78/><W113/><G113/><T111/><D111/><U84/><E110/><V93/><F93/><W119/><G119/><T34/><D88/><U45/><E35/><V72/><F72/><W66/><G131/><T20/><D48/><U109/><E109/><V100/><F100/><W134/><G134/><T31/><D31/><U51/><E2/><V39/><F39/><W21/><G106/><T76/><D34/><U43/><E132/><V47/><F47/><N who="3" m="24007" /><G89/><T123/><D123/><U30/><E30/><V49/><F49/><W37/><G37/><T108/><D108/><U86/><REACH who="1" step="1"/><E4/><REACH who="1" ten="250,240,250,250" step="2"/><V46/><F126/><W19/><G0/><T44/><D73/><U38/><E38/><V68/><F127/><W82/><G66/><T18/><D71/><U22/><E22/><V107/><F125/><W105/><G23/><T57/><D70/><U69/><E69/><V53/><F68/><W124/><G21/><T96/><D20/><U52/><E52/><V65/><F65/><W103/><G124/><T80/><D1/><U94/><E94/><V60/><F107/><W32/><G105/><RYUUKYOKU ba="0,1" sc="250,-10,240,30,250,-10,250,-10" hai1="6,13,26,27,43,45,51,84,85,86,87,91,95" /><INIT seed="1,1,1,4,4,92" ten="240,270,240,240" oya="1" hai0="26,11,27,106,91,2,121,70,114,37,73,109,116" hai1="24,25,15,20,83,53,69,85,40,99,9,122,90" hai2="118,130,88,113,107,128,81,98,31,21,30,119,23" hai3="41,80,75,49,97,79,17,110,38,5,47,105,29"/><U48/><E69/><V86/><F113/><W115/><G115/><T61/><RYUUKYOKU type="yao9" ba="1,1" sc="240,0,270,0,240,0,240,0" hai0="2,11,26,27,37,61,70,73,91,106,109,114,116,121" /><INIT seed="1,2,1,0,0,135" ten="240,270,240,240" oya="1" hai0="18,91,107,10,32,105,42,11,64,50,93,48,84" hai1="88,124,6,113,85,15,37,5,129,109,100,102,99" hai2="123,125,29,30,49,2,104,89,132,117,95,61,47" hai3="57,97,92,21,75,7,67,127,28,116,81,130,74"/><U23/><E113/><V65/><F123/><W122/><G122/><T16/><D32/><U44/><E129/><V111/><F117/><W103/><G116/><T98/><D64/><U126/><E109/><V19/><F104/><W118/><G118/><T39/><D39/><U119/><E119/><V73/><F73/><W24/><G130/><T12/><D42/><U78/><E78/><V77/><F77/><W35/><G35/><T72/><D72/><U3/><E37/><V112/><F2/><W22/><G7/><T41/><D41/><U82/><E44/><V59/><F112/><W87/><G22/><T53/><D48/><U58/><E58/><V79/><F79/><N who="3" m="46527" /><G127/><N who="1" m="48682" /><E3/><V115/><F115/><W51/><G51/><T8/><D98/><U34/><E34/><V56/><F111/><W71/><G71/><T94/><D94/><N who="1" m="58487" /><E102/><V96/><F125/><W36/><G36/><T114/><D114/><U33/><E33/><V13/><F59/><W70/><G70/><T43/><D43/><U133/><E133/><V63/><F132/><W9/><G57/><N who="0" m="32951" /><D107/><U62/><E62/><V76/><F63/><W110/><G110/><T90/><D105/><U121/><E121/><V26/><F76/><W120/><G120/><T54/><D91/><U55/><E55/><V20/><F47/><W80/><G67/><T1/><D54/><U52/><E52/><V101/><F101/><W0/><G80/><T134/><D1/><U17/><AGARI ba="2,1" hai="5,6,15,17,23,82,85,88" m="58487,48682" machi="17" ten="30,12000,1" yaku="18,1,52,3,54,1" doraHai="135" who="1" fromWho="1" sc="240,-42,270,136,240,-42,240,-42" /><INIT seed="1,3,0,2,4,117" ten="198,406,198,198" oya="1" hai0="90,60,98,63,123,126,105,15,34,132,67,55,124" hai1="81,85,92,120,9,73,91,115,12,108,2,116,33" hai2="66,111,102,6,27,26,118,119,82,112,47,14,93" hai3="50,11,83,128,133,51,134,100,129,71,109,40,96"/><U121/><E115/><V13/><F112/><W122/><G71/><T78/><D132/><N who="3" m="50793" /><G109/><T19/><D34/><U3/><E116/><V87/><F111/><W57/><G122/><T23/><D78/><U32/><E108/><V0/><F118/><W130/><G40/><T59/><D123/><U43/><E43/><V113/><F113/><W52/><G83/><T41/><D41/><U49/><E33/><V104/><F104/><N who="3" m="63495" /><G11/><T16/><D19/><U101/><E32/><V36/><F82/><W10/><G10/><T53/><D90/><U74/><E74/><V97/><F36/><W86/><G86/><T114/><D114/><U103/><E103/><V1/><F87/><W127/><G127/><N who="0" m="48683" /><D98/><U17/><E3/><V5/><F119/><W70/><G70/><N who="0" m="42343" /><D105/><U30/><E30/><V31/><F31/><W69/><G69/><T65/><AGARI ba="3,0" hai="15,16,23,53,55,59,63,65" m="42343,48683" machi="65" ten="30,2000,0" yaku="18,1,54,1" doraHai="117" who="0" fromWho="0" sc="198,29,406,-13,198,-8,198,-8" /><INIT seed="2,0,0,0,5,39" ten="227,393,190,190" oya="2" hai0="14,92,0,109,63,113,38,97,104,125,129,67,61" hai1="58,9,124,105,133,3,91,29,118,101,13,100,6" hai2="8,48,96,126,95,18,71,12,135,84,44,20,123" hai3="34,22,46,10,7,59,28,51,17,119,60,26,19"/><V31/><F123/><W37/><G37/><T112/><D109/><U111/><E118/><V114/><F114/><W35/><G119/><T93/><D0/><U43/><E29/><V62/><F135/><W127/><G127/><T45/><D125/><U21/><E124/><V27/><F126/><W50/><G34/><T90/><D104/><U99/><E101/><V54/><F84/><W55/><G35/><T80/><D129/><U130/><E133/><V57/><F71/><W70/><G70/><T128/><D128/><U131/><E111/><V110/><F110/><W89/><G89/><T115/><D80/><U33/><E33/><V74/><F74/><W117/><G117/><T52/><D14/><U94/><E58/><V121/><F121/><W30/><G30/><T47/><D92/><U73/><E3/><V40/><REACH who="2" step="1"/><F95/><REACH who="2" ten="227,393,180,190" step="2"/><W78/><G78/><T1/><D115/><U2/><E73/><V72/><F72/><W5/><G51/><T41/><D113/><U24/><E130/><V11/><F11/><W132/><G132/><T81/><D112/><U134/><E131/><V65/><F65/><W25/><G10/><T86/><D67/><U88/><E134/><V103/><F103/><W98/><G98/><AGARI ba="0,1" hai="8,12,18,20,27,31,40,44,48,54,57,62,96,98" machi="98" ten="40,7700,0" yaku="1,1,8,1,52,1,53,0" doraHai="39" doraHaiUra="85" who="2" fromWho="3" sc="227,0,393,0,180,87,190,-77" /><INIT seed="2,1,0,1,3,89" ten="227,393,267,113" oya="2" hai0="77,5,83,72,52,34,24,134,125,128,0,120,7" hai1="59,95,112,18,41,98,54,11,4,107,64,46,74" hai2="38,102,37,61,76,19,3,110,28,73,70,45,65" hai3="113,8,82,12,27,21,104,56,16,29,53,111,129"/><V108/><F19/><W132/><G111/><N who="2" m="42537" /><F45/><W85/><G129/><T127/><D128/><U10/><E112/><V88/><F102/><W122/><G122/><T68/><D134/><U90/><E74/><V101/><F101/><W49/><G132/><T55/><D120/><U97/><E4/><N who="0" m="1609" /><D68/><U93/><E107/><V44/><F3/><W103/><G113/><T131/><D0/><U99/><E18/><V87/><F28/><W135/><G135/><T40/><D40/><U94/><E90/><V13/><F13/><W109/><G109/><T78/><D78/><U15/><E15/><V2/><F44/><W114/><G114/><T58/><D131/><U9/><E41/><V75/><F2/><W30/><G103/><T124/><D58/><U91/><E91/><V116/><F116/><W48/><G104/><T117/><D117/><U92/><E46/><V60/><F60/><W14/><G14/><T33/><D33/><U35/><E35/><V121/><F121/><W66/><G30/><AGARI ba="1,0" hai="24,30,34,52,55,72,77,83,124,125,127" m="1609" machi="30" ten="40,2600,0" yaku="18,1,54,1" doraHai="89" who="0" fromWho="3" sc="227,29,393,0,267,0,113,-29" /><INIT seed="3,0,0,0,4,36" ten="256,393,267,84" oya="3" hai0="128,91,46,65,108,30,47,83,37,53,45,129,84" hai1="133,117,28,106,3,63,105,48,59,69,81,35,23" hai2="100,135,75,68,82,2,120,97,123,40,74,38,99" hai3="8,125,0,15,56,96,4,90,62,54,21,101,13"/><W66/><G125/><T11/><D108/><U131/><E23/><V79/><F2/><W70/><G90/><T88/><D65/><U42/><E3/><V25/><F68/><W124/><G124/><T121/><D121/><U122/><E122/><V92/><F135/><W51/><REACH who="3" step="1"/><G21/><REACH who="3" ten="256,393,267,74" step="2"/><T41/><D91/><U60/><E133/><V127/><F127/><W89/><G89/><T58/><D30/><U95/><E28/><V18/><F123/><W20/><G20/><T50/><REACH who="0" step="1"/><D11/><REACH who="0" ten="246,393,267,74" step="2"/><U57/><E117/><V107/><F120/><W73/><G73/><T109/><D109/><U116/><E116/><V49/><F75/><W22/><G22/><T111/><D111/><U76/><E35/><V77/><F74/><W9/><G9/><T104/><D104/><AGARI ba="0,2" hai="0,4,8,13,15,51,54,56,62,66,70,96,101,104" machi="104" ten="30,5800,0" yaku="1,1,7,1,53,1" doraHai="36" doraHaiUra="44" who="3" fromWho="0" sc="246,-58,393,0,267,0,74,78" /><INIT seed="3,1,0,2,0,133" ten="188,393,267,152" oya="3" hai0="77,91,59,39,24,111,90,126,106,42,108,123,19" hai1="26,48,69,64,7,14,98,38,22,50,41,113,114" hai2="97,34,56,9,58,96,88,2,20,101,89,81,53" hai3="33,68,32,110,83,115,118,47,36,80,125,127,117"/><W70/><G115/><T78/><D126/><N who="3" m="48137" /><G110/><N who="0" m="42027" /><D106/><U72/><E38/><V13/><F56/><W87/><G47/><N who="0" m="24031" /><D123/><U4/><E50/><V84/><F58/><W95/><G95/><T112/><D112/><U61/><E48/><V5/><F53/><W92/><G92/><T131/><D131/><U54/><E54/><V93/><F93/><W17/><G36/><T104/><D104/><U55/><E114/><V27/><F97/><W21/><G33/><T49/><D49/><U122/><E98/><V6/><F34/><W121/><G32/><T135/><D135/><U45/><E113/><V82/><F96/><W30/><G30/><T94/><D59/><U28/><E122/><V99/><F99/><W73/><G121/><T11/><D11/><U62/><E45/><V86/><F9/><W31/><G31/><T75/><D94/><U3/><E28/><V130/><F130/><W35/><G35/><T124/><D124/><U12/><E64/><V128/><F128/><W103/><G103/><T23/><D75/><U132/><E72/><V8/><F101/><W40/><G40/><T60/><D60/><U116/><E62/><V79/><F8/><W107/><G107/><T29/><D29/><U16/><E41/><V129/><F129/><W76/><G83/><T109/><N who="0" m="42035" /><T46/><DORA hai="66" /><D46/><U15/><E61/><V43/><F43/><W57/><G57/><T67/><D67/><U102/><E102/><V100/><F100/><W52/><G52/><T85/><D85/><U119/><E55/><V44/><F82/><W51/><G51/><T37/><D37/><RYUUKYOKU ba="1,0" sc="188,30,393,-10,267,-10,152,-10" hai0="19,23,24,77,78,90,91" owari="218,-18.2,383,48.3,257,5.7,142,-35.8" /></mjloggm>