<mjloggm ver="2.3"><GO type="225" lobby="0"/><UN n0="%E3%81%BF%E3%81%BF%E3%81%9A" n1="%E8%BE%9B%E5%8F%A3%E3%82%AB%E3%83%AC%E3%83%BC%E3%83%A9%E3%82%A4%E3%82%B9" n2="%6D%75%75%73%61%6E%6D%75" n3="%E5%A4%9C%E5%85%89%E5%A4%A9%E6%A5%BC" dan="17,17,16,16" rate="2279.09,2273.35,2088.40,2100.67" sx="M,M,F,F"/><TAIKYOKU oya="0"/><INIT seed="0,0,0,1,1,61" ten="250,250,250,250" oya="0" hai0="59,41,42,34,27,134,85,10,40,82,110,39,111" hai1="71,54,123,104,122,49,3,73,128,44,96,117,55" hai2="1,62,135,87,57,88,78,47,6,20,4,38,68" hai3="12,11,102,43,131,97,72,5,70,81,56,112,133"/><T65/><D134/><U105/><E117/><V106/><F135/><W75/><G112/><T64/><D39/><U116/><E116/><V113/><F113/><W79/><G70/><T118/><D118/><U8/><E73/><V18/><F106/><W29/><G133/><T66/><D10/><U90/><E128/><V127/><F127/><W21/><G131/><T52/><D27/><U114/><E114/><V95/><F68/><W28/><G72/><T103/><D103/><U46/><E71/><V126/><F126/><W77/><G77/><T109/><D34/><U91/><E8/><V23/><F1/><W130/><G130/><T125/><D125/><U53/><E3/><V108/><F108/><W84/><G21/><T26/><D26/><U45/><E49/><V69/><F69/><W2/><G75/><T14/><D14/><U35/><E35/><V83/><F47/><W132/><G43/><T58/><D52/><U9/><E9/><V124/><F38/><W99/><G2/><T48/><D48/><U107/><REACH who="1" step="1"/><E96/><REACH who="1" ten="250,240,250,250" step="2"/><N who="2" m="57447" /><F124/><W31/><G132/><T36/><D36/><U60/><E60/><V120/><F120/><AGARI ba="0,1" hai="44,45,46,53,54,55,90,91,104,105,107,120,122,123" machi="120" ten="50,16000,3" yaku="1,1,29,2,28,2,53,3" doraHai="61" doraHaiUra="100" who="1" fromWho="2" sc="250,0,240,170,250,-160,250,0" /><INIT seed="1,0,0,1,3,40" ten="250,410,90,250" oya="1" hai0="91,11,130,76,7,83,14,53,98,129,102,24,60" hai1="96,2,122,6,16,134,117,17,46,59,52,94,90" hai2="37,109,48,13,75,25,87,131,66,34,36,111,64" hai3="112,103,107,70,56,118,4,100,77,121,18,5,114"/><U124/><E117/><V12/><F75/><W21/><G121/><T110/><D110/><N who="2" m="41994" /><F87/><W88/><G70/><T93/><D24/><U78/><E122/><V123/><F123/><W42/><G118/><T31/><D31/><U45/><E134/><V125/><F25/><W116/><G116/><T68/><D68/><U133/><E133/><V44/><F34/><W23/><G77/><T74/><D60/><N who="1" m="35943" /><E2/><V27/><F27/><W32/><G32/><T0/><D53/><U106/><E106/><V127/><F131/><N who="0" m="50186" /><D102/><U97/><E124/><N who="2" m="47691" /><F13/><AGARI ba="0,0" hai="0,7,11,13,14,74,76,83,91,93,98" m="50186" machi="13" ten="30,1000,0" yaku="19,1" doraHai="40" who="0" fromWho="2" sc="250,10,410,0,90,-10,250,0" /><INIT seed="2,0,0,1,4,6" ten="260,410,80,250" oya="2" hai0="122,93,96,21,89,33,18,133,110,1,85,114,65" hai1="106,81,111,74,52,46,12,123,55,51,31,38,4" hai2="124,70,100,0,104,128,78,84,87,62,66,60,19" hai3="39,58,45,67,121,13,92,54,103,41,47,119,130"/><V61/><F128/><W32/><G119/><T57/><D122/><U36/><E106/><V125/><F0/><W23/><G32/><T117/><D114/><U72/><E111/><V109/><F109/><W7/><G121/><T25/><D1/><U76/><E123/><V79/><F19/><N who="3" m="10735" /><G39/><T68/><D110/><U98/><E74/><V112/><F112/><W105/><G105/><T126/><D68/><U20/><E98/><V29/><F29/><W83/><G67/><T28/><D126/><N who="2" m="48746" /><F70/><W26/><G41/><T95/><D133/><U42/><E31/><V63/><F104/><W14/><G26/><T73/><D73/><U69/><E69/><N who="2" m="42183" /><F100/><W56/><G130/><T59/><D117/><U108/><E108/><V75/><F75/><W71/><G103/><T43/><D43/><U27/><E42/><V37/><F37/><W50/><G71/><T132/><D132/><U90/><E72/><V9/><F9/><N who="3" m="4415" /><G47/><T131/><D131/><U129/><E38/><V115/><F115/><W82/><G45/><T135/><D135/><U35/><E36/><V16/><F16/><W34/><G58/><T22/><D65/><U8/><E129/><V49/><F49/><W40/><G40/><T94/><D33/><U113/><E51/><V127/><N who="2" m="48754" /><V17/><DORA hai="3" /><F17/><W64/><G34/><T97/><D57/><U2/><E113/><V102/><F102/><W91/><G64/><T99/><D59/><U44/><E2/><V24/><F24/><AGARI ba="0,0" hai="18,21,22,24,25,28,85,89,93,94,95,96,97,99" machi="24" ten="40,1300,0" yaku="8,1" doraHai="6,3" who="0" fromWho="2" sc="260,13,410,0,80,-13,250,0" /><INIT seed="3,0,0,1,3,12" ten="273,410,67,250" oya="3" hai0="16,20,43,45,31,39,123,18,114,95,100,70,53" hai1="85,121,32,99,96,111,98,22,83,42,65,109,40" hai2="25,127,135,91,9,119,29,86,72,105,30,8,50" hai3="122,13,101,26,102,76,47,77,104,126,23,27,124"/><W38/><G122/><T52/><D123/><U48/><E121/><V107/><F72/><W1/><G1/><T82/><D70/><U108/><E32/><V62/><F119/><W116/><G116/><T115/><D82/><U94/><E94/><V55/><F127/><N who="3" m="48683" /><G13/><T3/><D3/><U74/><E74/><V133/><F107/><W51/><G38/><T78/><D78/><N who="3" m="30313" /><G27/><N who="0" m="16871" /><D100/><U120/><E120/><V128/><F105/><W81/><G81/><T56/><D95/><U10/><E10/><V97/><F128/><W131/><G131/><T0/><D0/><U19/><E109/><V66/><F133/><W44/><G104/><T73/><D73/><U129/><E111/><V41/><F135/><W21/><G21/><T71/><D71/><U54/><E108/><V118/><F118/><W87/><G87/><T117/><D117/><U58/><E129/><V132/><F132/><W49/><G102/><T24/><D24/><N who="1" m="14431" /><E65/><V6/><F66/><W35/><G101/><T113/><D53/><U61/><E85/><V34/><F30/><W112/><G35/><T59/><D59/><N who="1" m="35063" /><E83/><N who="2" m="49631" /><F97/><W28/><G112/><T92/><D92/><U14/><E14/><V67/><F67/><W130/><G130/><T5/><D5/><U2/><E2/><V4/><F4/><W57/><G57/><T106/><D106/><U7/><E7/><V134/><F134/><W84/><G84/><T93/><D93/><U79/><E79/><V63/><F6/><W37/><G37/><T89/><D89/><U64/><E64/><V15/><F15/><W17/><G28/><T68/><D68/><RYUUKYOKU ba="0,0" sc="273,10,410,10,67,-30,250,10" hai0="16,18,39,43,45,52,56,113,114,115" hai1="40,42,48,58,96,98,99" hai3="17,23,26,44,47,49,51" /><INIT seed="3,1,0,1,1,99" ten="283,420,37,260" oya="3" hai0="8,30,10,23,135,27,91,55,38,2,81,85,86" hai1="82,11,80,48,130,89,107,63,5,25,77,26,116" hai2="118,58,106,60,79,62,20,119,129,65,39,42,126" hai3="92,125,83,51,53,71,105,18,68,104,87,94,127"/><W31/><G31/><T95/><D135/><U112/><E107/><N who="3" m="41034" /><G18/><T100/><D38/><U93/><E112/><V36/><F79/><W113/><G113/><T131/><D131/><U32/><E32/><V57/><F106/><W9/><G9/><T117/><D117/><U41/><E130/><V122/><F20/><W84/><G83/><N who="1" m="31786" /><E116/><V22/><F22/><W12/><G12/><T121/><D121/><U64/><E77/><V133/><F129/><W19/><G19/><T98/><D2/><U1/><E1/><V33/><F33/><W35/><G51/><T69/><D69/><N who="3" m="26697" /><G53/><T59/><REACH who="0" step="1"/><D85/><REACH who="0" ten="273,420,37,260" step="2"/><N who="3" m="32841" /><G35/><T28/><D28/><U132/><E132/><V15/><F15/><W111/><G111/><T45/><D45/><U47/><E47/><V67/><F133/><W90/><G90/><T43/><D43/><U4/><E89/><V78/><F78/><W73/><G73/><T50/><AGARI ba="1,1" hai="8,10,23,27,30,50,55,59,81,86,91,95,98,100" machi="50" ten="20,8000,1" yaku="1,1,0,1,7,1,8,1,52,1,53,0" doraHai="99" doraHaiUra="115" who="0" fromWho="0" sc="273,93,420,-21,37,-21,260,-41" owari="366,16.6,399,49.9,16,-48.4,219,-18.1" /></mjloggm>