<mjloggm ver="2.3"><GO type="225" lobby="0"/><UN n0="%E6%81%A5%E6%99%92%E3%81%97" n1="%E3%82%BD%E3%83%AB%E3%83%88%E3%82%AF%E3%83%AA%E3%83%BC%E3%82%AF" n2="%E3%81%A4%E3%81%A3%E3%81%B1%E3%82%8A%E3%83%9D%E3%83%BC%E3%83%AB" n3="%E6%A1%9C%E8%8A%B1%E9%96%83%E3%80%85" dan="16,16,16,16" rate="2128.61,2082.97,2120.02,2153.96" sx="M,M,M,M"/><TAIKYOKU oya="0"/><INIT seed="0,0,0,5,3,115" ten="250,250,250,250" oya="0" hai0="16,31,89,6,83,107,95,123,109,0,66,24,23" hai1="67,34,53,110,81,55,130,77,52,80,30,124,12" hai2="96,103,129,120,87,5,100,125,13,50,105,15,82" hai3="111,40,62,134,58,60,54,37,10,41,117,35,29"/><T65/><D123/><U42/><E34/><V86/><F120/><W106/><G106/><T104/><D109/><U78/><E30/><V70/><F129/><W93/><G111/><T73/><D104/><U114/><E110/><V26/><F125/><W75/><G75/><T99/><D0/><U1/><E1/><V113/><F113/><W118/><G10/><T3/><D107/><U49/><E114/><V74/><F70/><W126/><G126/><T68/><D68/><U63/><E124/><V48/><F103/><W98/><G134/><T128/><D128/><U36/><E36/><V71/><F71/><W116/><G62/><T11/><REACH who="0" step="1"/><D31/><REACH who="0" ten="240,250,250,250" step="2"/><U112/><E130/><V56/><F105/><W4/><G29/><T132/><D132/><U91/><E112/><V131/><F131/><W17/><G117/><T19/><D19/><U20/><E63/><V119/><F119/><W72/><G17/><T79/><AGARI ba="0,1" hai="3,6,11,16,23,24,65,66,73,79,83,89,95,99" machi="79" ten="30,6000,0" yaku="1,1,0,1,54,1,53,0" doraHai="115" doraHaiUra="47" who="0" fromWho="0" sc="240,70,250,-20,250,-20,250,-20" /><INIT seed="0,1,0,2,3,58" ten="310,230,230,230" oya="0" hai0="107,117,47,72,75,126,8,98,33,31,45,135,74" hai1="94,120,116,59,14,63,56,111,55,110,28,84,106" hai2="15,76,69,22,89,46,70,41,9,132,113,71,13" hai3="122,115,7,23,101,123,103,104,90,78,34,40,0"/><T96/><D117/><U43/><E106/><V86/><F113/><W88/><G34/><T109/><D126/><U36/><E36/><V114/><F114/><W51/><G115/><T27/><D135/><U97/><E43/><V4/><F132/><W102/><G23/><T128/><D128/><U87/><E116/><V100/><F100/><N who="3" m="38507" /><G7/><T48/><D107/><U18/><E120/><N who="3" m="46122" /><G0/><T124/><D124/><U64/><E28/><V44/><F76/><W66/><G66/><T17/><D47/><U37/><E37/><V108/><F108/><N who="1" m="41513" /><E97/><V38/><F46/><N who="3" m="26055" /><G78/><T92/><D109/><U57/><E94/><V62/><F22/><W83/><G83/><T105/><D105/><U68/><E68/><V112/><F112/><W65/><G65/><T39/><D92/><U53/><E64/><V35/><F35/><W91/><G91/><T118/><D118/><U6/><E6/><V81/><REACH who="2" step="1"/><F62/><REACH who="2" ten="310,230,220,230" step="2"/><W16/><G104/><T129/><D33/><U19/><E59/><V24/><F24/><W42/><G103/><T127/><D127/><U25/><E25/><V21/><F21/><W49/><G90/><T1/><D27/><U29/><E29/><V32/><F32/><W99/><G88/><T11/><D31/><U67/><E67/><V10/><F10/><W60/><G60/><T125/><D125/><U80/><E80/><V134/><F134/><W73/><G73/><T131/><D75/><U5/><E5/><V3/><AGARI ba="1,1" hai="3,4,9,13,15,38,41,44,69,70,71,81,86,89" machi="3" ten="30,2000,0" yaku="1,1,0,1,53,0" doraHai="58" doraHaiUra="95" who="2" fromWho="2" sc="310,-11,230,-6,220,33,230,-6" /><INIT seed="1,0,0,3,5,24" ten="299,224,253,224" oya="1" hai0="13,75,88,35,99,77,12,11,118,102,134,27,16" hai1="109,36,127,19,23,57,55,101,60,87,51,9,80" hai2="71,74,46,56,86,61,10,117,94,39,7,8,47" hai3="91,85,89,93,31,79,42,44,90,64,135,108,114"/><U25/><E36/><V68/><F117/><W58/><G114/><T65/><D118/><U105/><E127/><V84/><F74/><W120/><G120/><T95/><D134/><U48/><E109/><V1/><F10/><W115/><G115/><T81/><D65/><U26/><E26/><V70/><F39/><W37/><G108/><T34/><D27/><U98/><REACH who="1" step="1"/><E9/><REACH who="1" ten="299,214,253,224" step="2"/><V113/><F113/><W111/><G111/><T49/><D35/><U52/><E52/><V128/><F128/><W126/><G126/><T107/><D34/><U83/><E83/><V112/><F112/><W41/><G135/><T30/><D77/><AGARI ba="0,1" hai="19,23,25,48,51,55,57,60,77,80,87,98,101,105" machi="77" ten="30,2900,0" yaku="1,1,7,1,53,0" doraHai="24" doraHaiUra="121" who="1" fromWho="0" sc="299,-29,214,39,253,0,224,0" /><INIT seed="1,1,0,1,1,41" ten="270,253,253,224" oya="1" hai0="17,93,69,34,3,126,1,7,112,134,70,53,72" hai1="29,84,57,8,129,80,94,19,26,130,0,89,127" hai2="12,111,59,91,28,20,13,110,39,6,98,83,131" hai3="95,35,135,102,101,36,124,103,27,50,92,76,74"/><U66/><E127/><V132/><F39/><W118/><G36/><T68/><D112/><U33/><E66/><V43/><F43/><W128/><G124/><T25/><D126/><U23/><E57/><V90/><F132/><W5/><G5/><T114/><D134/><U79/><E8/><V32/><F131/><N who="1" m="50185" /><E0/><V14/><F32/><W46/><G128/><T86/><D72/><N who="1" m="43111" /><E19/><V99/><F83/><W73/><G135/><T97/><D114/><U51/><E51/><V71/><F71/><W61/><G61/><T58/><D7/><U105/><E105/><V22/><F59/><W65/><G65/><T56/><D3/><U30/><E30/><V10/><F6/><W18/><G18/><T16/><D1/><U77/><E77/><V122/><F28/><W121/><G76/><T117/><D58/><U42/><E42/><V96/><F10/><W31/><G50/><T108/><D68/><U11/><E11/><V85/><F22/><AGARI ba="1,0" hai="22,23,26,29,33,84,89,94" m="43111,50185" machi="22" ten="30,1500,0" yaku="19,1" doraHai="41" who="1" fromWho="2" sc="270,0,253,18,253,-18,224,0" /><INIT seed="1,2,0,5,3,74" ten="270,271,235,224" oya="1" hai0="106,99,71,81,50,120,42,11,25,32,0,78,90" hai1="17,102,27,45,103,53,119,76,20,91,110,14,7" hai2="96,39,84,26,111,109,46,107,65,70,69,93,40" hai3="36,83,3,13,134,38,54,87,123,133,121,1,104"/><U2/><E119/><V122/><F122/><N who="3" m="46603" /><G13/><T6/><D120/><U61/><E2/><N who="3" m="522" /><G54/><T48/><D71/><U35/><E35/><V29/><F84/><W85/><G104/><T100/><D90/><U116/><E116/><V86/><F86/><N who="3" m="32779" /><G83/><T60/><D60/><U44/><E91/><V126/><F126/><W59/><G59/><T5/><D5/><U43/><E43/><V19/><F107/><W15/><G15/><T68/><D68/><U113/><E61/><V62/><F70/><W21/><G21/><T127/><D127/><U28/><E53/><V88/><REACH who="2" step="1"/><F19/><REACH who="2" ten="270,271,225,224" step="2"/><W73/><G73/><T49/><D106/><U128/><E17/><V79/><F79/><W129/><G129/><T92/><D78/><U114/><E76/><V63/><F63/><W105/><G105/><T10/><D92/><U8/><E128/><V132/><F132/><AGARI ba="2,1" hai="36,38,132,133,134" m="32779,522,46603" machi="132" ten="40,5200,0" yaku="28,2,20,1" doraHai="74" who="3" fromWho="2" sc="270,0,271,0,225,-58,224,68" /><INIT seed="2,0,0,4,4,120" ten="270,271,167,292" oya="2" hai0="9,20,40,125,33,3,55,126,113,127,93,92,1" hai1="72,84,17,70,77,100,104,27,46,87,60,66,36" hai2="13,65,131,21,89,123,133,28,117,5,34,118,0" hai3="6,49,98,99,105,103,4,110,11,56,14,74,2"/><V23/><F65/><W102/><G74/><T12/><D113/><U62/><E72/><V39/><F39/><W50/><G110/><T73/><D73/><U106/><E62/><V132/><F89/><W64/><G2/><N who="0" m="523" /><D40/><U79/><E17/><N who="2" m="10415" /><F23/><W18/><G50/><T26/><D55/><U54/><E27/><N who="2" m="18719" /><F123/><W128/><G64/><T78/><D78/><U94/><E94/><V8/><F131/><W121/><G128/><T135/><D135/><AGARI ba="0,0" hai="0,5,8,117,118,132,133,135" m="18719,10415" machi="135" ten="30,11600,0" yaku="24,1,20,1,34,2" doraHai="120" who="2" fromWho="0" sc="270,-116,271,0,167,116,292,0" /><INIT seed="2,1,0,1,4,30" ten="154,271,283,292" oya="2" hai0="130,112,29,36,51,18,115,97,64,100,9,38,116" hai1="132,73,59,52,16,108,13,25,1,17,92,129,107" hai2="44,3,0,125,104,61,98,114,34,95,62,77,122" hai3="49,91,10,57,93,101,84,21,23,8,37,28,131"/><V54/><F114/><W68/><G68/><T55/><D130/><U128/><E73/><V12/><F122/><W89/><G37/><T118/><D9/><N who="3" m="3689" /><G131/><N who="1" m="50250" /><E107/><V71/><F104/><W7/><G7/><T56/><D18/><N who="1" m="7275" /><E1/><V81/><F71/><W22/><G101/><T11/><D11/><U74/><E74/><V83/><F3/><W76/><G76/><T35/><D97/><U111/><E13/><V66/><F77/><W110/><G110/><N who="1" m="42026" /><E132/><V60/><F12/><W99/><G28/><T42/><D29/><U14/><E14/><V133/><F0/><W31/><G31/><T53/><D100/><U50/><E92/><V127/><F133/><W5/><G5/><T58/><D42/><U86/><E86/><V70/><F95/><N who="3" m="54695" /><G22/><T33/><D64/><U40/><E25/><V65/><F65/><W45/><G21/><T117/><D118/><U19/><N who="1" m="7283" /><U123/><DORA hai="27" /><E40/><V88/><F66/><W134/><G23/><T24/><D24/><U120/><AGARI ba="1,0" hai="50,52,59,120,123" m="42026,7283,50250" machi="120" ten="50,8000,1" yaku="19,1,14,1,54,2" doraHai="30,27" who="1" fromWho="1" sc="154,-21,271,83,283,-41,292,-21" /><INIT seed="3,0,0,2,3,36" ten="133,354,242,271" oya="3" hai0="95,110,20,35,71,125,105,69,134,41,76,70,12" hai1="4,15,45,119,92,23,11,111,130,17,33,118,75" hai2="132,124,81,127,73,13,129,52,40,85,34,59,128" hai3="93,62,82,28,77,88,90,8,32,9,58,97,30"/><W64/><G90/><T6/><D105/><U114/><E75/><V84/><F34/><W98/><G98/><T5/><D35/><U57/><E114/><V68/><F68/><N who="0" m="17410" /><T56/><DORA hai="78" /><D56/><U67/><E33/><V94/><F132/><W122/><G122/><T117/><D117/><N who="1" m="44555" /><E111/><V49/><F13/><W16/><G32/><T21/><D95/><U7/><E130/><N who="2" m="50283" /><F40/><W14/><G8/><T22/><D12/><U38/><E92/><V116/><F116/><W107/><G107/><T101/><D101/><U53/><E67/><V102/><F102/><W27/><G27/><T74/><D76/><U37/><E45/><V104/><F104/><W121/><G121/><T108/><D74/><AGARI ba="0,0" hai="9,14,16,28,30,58,62,64,74,77,82,88,93,97" machi="74" ten="30,11600,0" yaku="7,1,52,1,54,2" doraHai="36,78" who="3" fromWho="0" sc="133,-116,354,0,242,0,271,116" owari="17,-48.3,354,15.4,242,-15.8,387,48.7" /></mjloggm>