<mjloggm ver="2.3"><GO type="225" lobby="0"/><UN n0="%E9%B3%B3%E6%9D%B1%E3%81%AE%E3%81%86%E3%81%95%E3%81%8E%E3%81%95%E3%82%93" n1="%E6%98%A5%E3%81%AE%E3%81%8B%E3%81%91%E3%82%89" n2="%E9%80%9F%E6%B0%B4%E5%87%9B%E9%A6%99" n3="%E9%BB%92%E9%89%84%E7%8F%A0%E9%9B%AB" dan="16,16,17,16" rate="2106.61,2076.04,2219.22,2172.54" sx="M,F,F,M"/><TAIKYOKU oya="0"/><INIT seed="0,0,0,0,3,46" ten="250,250,250,250" oya="0" hai0="54,74,28,69,70,114,7,113,39,116,25,20,66" hai1="79,71,81,77,87,124,123,93,120,29,51,105,111" hai2="56,67,40,122,72,103,30,125,76,121,134,64,59" hai3="3,4,95,35,58,115,68,100,45,27,94,1,135"/><T85/><D116/><U104/><E71/><V83/><F103/><W86/><G68/><T61/><D74/><U90/><E29/><V47/><F30/><W99/><G115/><T32/><D39/><U9/><E111/><V127/><F56/><W117/><G35/><T23/><D70/><U17/><E79/><V12/><F12/><W108/><G108/><T60/><D7/><U36/><E36/><V13/><F13/><W130/><G58/><T112/><D60/><U65/><E65/><V15/><F15/><W33/><G33/><T128/><D128/><U92/><E92/><V106/><F106/><W37/><G27/><T110/><D110/><U16/><E124/><N who="2" m="47691" /><F134/><W14/><G135/><T73/><D73/><U42/><E105/><V52/><F64/><W8/><G130/><T132/><D132/><U6/><E104/><V97/><F97/><W21/><G117/><T38/><D38/><U53/><E120/><V89/><F89/><W133/><G133/><T88/><REACH who="0" step="1"/><D54/><REACH who="0" ten="240,250,250,250" step="2"/><U119/><E119/><V118/><F118/><W78/><G37/><T101/><D101/><U5/><E123/><V75/><F75/><W126/><G126/><T55/><D55/><U18/><E53/><V98/><F67/><W84/><G100/><T82/><AGARI ba="0,1" hai="20,23,25,28,32,61,66,69,82,85,88,112,113,114" machi="82" ten="30,6000,0" yaku="1,1,0,1,54,1,53,0" doraHai="46" doraHaiUra="129" who="0" fromWho="0" sc="240,70,250,-20,250,-20,250,-20" /><INIT seed="0,1,0,2,1,67" ten="310,230,230,230" oya="0" hai0="135,30,65,103,102,54,14,17,21,47,5,89,57" hai1="42,134,76,106,24,44,33,125,88,3,116,130,99" hai2="9,84,2,27,37,80,26,25,83,8,97,20,11" hai3="23,64,43,78,92,114,63,122,126,131,96,105,129"/><T117/><D135/><U82/><E116/><V91/><F37/><W61/><G114/><T32/><D117/><U10/><E134/><V34/><F34/><W29/><G105/><T94/><D65/><U128/><E125/><V123/><F123/><W51/><G126/><T22/><D32/><U133/><E133/><V28/><F2/><W66/><G78/><T104/><D47/><U15/><E3/><V79/><REACH who="2" step="1"/><F97/><REACH who="2" ten="310,230,220,230" step="2"/><W81/><G122/><T70/><D104/><U36/><E33/><V71/><F71/><W90/><G129/><T16/><D70/><U98/><E106/><V53/><F53/><W68/><G131/><T40/><D40/><U38/><E38/><V55/><F55/><W111/><G68/><T12/><D30/><U6/><E128/><V93/><F93/><W75/><G43/><T60/><D5/><U132/><E130/><V18/><F18/><W74/><G29/><T31/><D31/><U110/><E132/><V13/><F13/><W49/><G66/><T50/><D50/><U119/><E119/><V108/><F108/><W101/><G111/><T0/><D0/><U62/><E36/><V127/><F127/><W56/><G51/><T35/><D35/><U48/><E110/><V77/><F77/><W86/><G49/><T120/><D120/><U1/><E1/><V4/><F4/><W19/><G63/><T95/><D95/><U69/><E69/><V73/><AGARI ba="1,1" hai="8,9,11,20,25,26,27,28,73,79,80,83,84,91" machi="73" ten="30,2000,0" yaku="1,1,0,1,53,0" doraHai="67" doraHaiUra="52" who="2" fromWho="2" sc="310,-11,230,-6,220,33,230,-6" /><INIT seed="1,0,0,2,5,108" ten="299,224,253,224" oya="1" hai0="40,43,0,76,57,6,88,75,107,86,36,26,70" hai1="84,128,58,94,60,82,71,19,129,3,77,131,92" hai2="52,5,37,99,78,39,80,2,13,100,32,110,24" hai3="125,10,27,115,135,35,50,93,74,127,90,134,117"/><U81/><E71/><V12/><F2/><W29/><G74/><T38/><D70/><U22/><E82/><V118/><F118/><W73/><G73/><T119/><D119/><U97/><E3/><V114/><F110/><W122/><G117/><T109/><D109/><U51/><E51/><V30/><F114/><W53/><G10/><T104/><D76/><U62/><E97/><V34/><F34/><W56/><G122/><T48/><D75/><U46/><E46/><V65/><F65/><W25/><G27/><T85/><D0/><U7/><E7/><V123/><F123/><W31/><G29/><T116/><D116/><U15/><REACH who="1" step="1"/><E60/><REACH who="1" ten="299,214,253,224" step="2"/><V42/><F5/><W14/><G50/><T112/><D48/><U89/><E89/><V18/><F80/><W8/><G90/><T101/><D88/><U79/><E79/><V102/><F78/><W91/><G91/><T44/><D44/><U45/><E45/><V106/><F99/><W105/><G105/><T126/><D6/><U17/><E17/><V113/><F106/><W124/><G93/><T49/><D49/><U55/><AGARI ba="0,1" hai="15,19,22,55,58,62,77,81,84,92,94,128,129,131" machi="55" ten="30,6000,0" yaku="1,1,0,1,19,1,53,0" doraHai="108" doraHaiUra="20" who="1" fromWho="1" sc="299,-20,214,70,253,-20,224,-20" /><INIT seed="1,1,0,1,2,132" ten="279,284,233,204" oya="1" hai0="36,121,4,124,96,113,106,2,81,41,28,103,93" hai1="123,117,34,92,112,9,97,69,14,45,21,22,60" hai2="57,20,10,18,100,33,62,89,80,32,72,50,27" hai3="25,126,5,74,79,87,98,125,75,49,119,46,135"/><U120/><E112/><V6/><F100/><W53/><G135/><T7/><D113/><U134/><E34/><V48/><F33/><W91/><G5/><T115/><D115/><U26/><E117/><V122/><F32/><W130/><G130/><T102/><D28/><U83/><E134/><V56/><F56/><W61/><G25/><T3/><D121/><U111/><E83/><V78/><F122/><W67/><G98/><T63/><D63/><U85/><E85/><V16/><F18/><W54/><G53/><T24/><D24/><U77/><E77/><V95/><F10/><W107/><G107/><T104/><D96/><U13/><E45/><V1/><F6/><W129/><G129/><T51/><D81/><U38/><E38/><V15/><F15/><W29/><G29/><T59/><D59/><U110/><E120/><V65/><REACH who="2" step="1"/><F1/><REACH who="2" ten="279,284,223,204" step="2"/><W71/><G119/><T108/><D4/><U114/><E123/><V82/><F82/><N who="3" m="49655" /><G79/><T0/><D7/><U99/><E114/><V8/><F8/><W94/><G94/><T133/><D93/><U55/><E9/><V37/><F37/><W39/><G39/><T35/><D36/><U116/><E116/><V42/><F42/><W52/><G54/><T66/><D0/><U64/><E55/><V127/><F127/><AGARI ba="1,1" hai="46,49,52,61,67,71,74,75,125,126,127" m="49655" machi="127" ten="30,8000,1" yaku="18,1,52,3,54,1" doraHai="132" who="3" fromWho="2" sc="279,0,284,0,223,-83,204,93" /><INIT seed="2,0,0,4,3,59" ten="279,284,140,297" oya="2" hai0="22,49,121,19,24,130,100,120,40,80,44,114,74" hai1="132,51,96,101,9,56,20,7,66,0,43,91,105" hai2="38,108,39,69,124,72,64,111,126,54,110,98,27" hai3="67,85,70,23,46,76,33,36,68,128,6,50,116"/><V1/><F1/><W79/><G33/><T28/><D114/><U11/><E132/><V109/><N who="2" m="27648" /><DORA hai="4" /><V95/><F72/><W77/><G36/><T94/><D130/><U37/><E37/><N who="2" m="13835" /><F27/><W62/><G116/><T82/><D100/><U58/><E66/><V73/><F73/><W107/><G107/><T55/><D94/><U41/><E20/><V113/><F113/><W25/><G6/><T92/><D92/><U84/><E11/><V3/><F3/><W71/><G85/><T112/><D112/><U125/><E125/><N who="2" m="48235" /><F54/><W17/><REACH who="3" step="1"/><G128/><REACH who="3" ten="279,284,140,287" step="2"/><T86/><D74/><U88/><E0/><V89/><F64/><W135/><G135/><T133/><D133/><U106/><E43/><AGARI ba="0,1" hai="17,23,25,43,46,50,62,67,68,70,71,76,77,79" machi="43" ten="40,2600,0" yaku="1,1,52,1,53,0" doraHai="59,4" doraHaiUra="122,29" who="3" fromWho="1" sc="279,0,284,-26,140,0,287,36" /><INIT seed="3,0,0,3,0,61" ten="279,258,140,323" oya="3" hai0="18,29,62,1,111,112,27,3,16,72,36,77,90" hai1="54,5,48,81,14,28,122,64,130,71,30,124,123" hai2="11,42,9,63,22,103,82,91,95,68,0,78,44" hai3="41,33,15,92,4,8,113,79,32,84,69,108,116"/><W99/><G113/><T87/><D36/><U66/><E130/><V85/><F103/><W56/><G69/><T110/><D112/><U60/><E124/><V13/><F22/><W129/><G116/><T31/><D77/><U96/><E81/><V93/><F0/><N who="0" m="74" /><D72/><U26/><E96/><V25/><F25/><W49/><G129/><T88/><D62/><U37/><E37/><V58/><F68/><W55/><G41/><T102/><D102/><U2/><E2/><V53/><F9/><W133/><G133/><T7/><D7/><U98/><E66/><V94/><F91/><N who="0" m="34858" /><D87/><U40/><E40/><V46/><F42/><W59/><G84/><T21/><D31/><U23/><E30/><V75/><F75/><W12/><G79/><T70/><D70/><U107/><E98/><V125/><F125/><W80/><G99/><T39/><D39/><U97/><E97/><V131/><REACH who="2" step="1"/><F131/><REACH who="2" ten="279,258,130,323" step="2"/><W50/><G32/><T115/><D115/><U120/><E107/><V89/><F89/><W105/><G33/><T118/><D118/><U52/><REACH who="1" step="1"/><E48/><REACH who="1" ten="279,248,130,323" step="2"/><V83/><F83/><W127/><G80/><T43/><D43/><U132/><E132/><V106/><F106/><W76/><G105/><T135/><D135/><U134/><E134/><V119/><F119/><W121/><G49/><T35/><D35/><U6/><E6/><AGARI ba="0,2" hai="6,11,13,44,46,53,58,63,78,82,85,93,94,95" machi="6" ten="40,2600,0" yaku="1,1,8,1,53,0" doraHai="61" doraHaiUra="17" who="2" fromWho="1" sc="279,0,248,-26,130,46,323,0" owari="279,7.9,222,-17.8,176,-32.4,323,42.3" /></mjloggm>