<mjloggm ver="2.3"><GO type="225" lobby="0"/><UN n0="%E6%80%AA%E3%81%97%E3%81%99%E3%81%8E%E3%82%8B%E3%83%81%E3%83%BC" n1="%E5%84%AA%40%41%42%43" n2="%E9%89%A2%E5%B7%BB%E3%82%AC%E3%83%96" n3="%6D%75%75%6D%75%72%61" dan="16,17,16,16" rate="2138.16,2237.61,2129.42,2173.01" sx="M,M,M,F"/><TAIKYOKU oya="0"/><INIT seed="0,0,0,0,1,33" ten="250,250,250,250" oya="0" hai0="9,79,71,48,53,39,11,128,96,104,26,99,81" hai1="38,76,49,135,97,85,57,21,77,13,30,98,31" hai2="1,114,43,130,129,86,23,62,60,17,41,5,10" hai3="101,134,70,123,87,103,28,102,122,58,121,55,74"/><T0/><D39/><U56/><E38/><V110/><F114/><W72/><G134/><T2/><D71/><U107/><E135/><V8/><F110/><W69/><G28/><N who="1" m="10794" /><E107/><V20/><F86/><W61/><REACH who="3" step="1"/><G87/><REACH who="3" ten="250,250,250,240" step="2"/><T83/><D128/><U34/><E85/><V6/><REACH who="2" step="1"/><F17/><REACH who="2" ten="250,250,240,240" step="2"/><W119/><G119/><T14/><D83/><U18/><E18/><V91/><F91/><W78/><G78/><T75/><D81/><U95/><E77/><V59/><F59/><W109/><G109/><T22/><D79/><U25/><E57/><V67/><F67/><W46/><G46/><T35/><D75/><AGARI ba="0,2" hai="55,58,61,69,70,72,74,75,101,102,103,121,122,123" machi="75" ten="50,8000,1" yaku="1,1,13,1,53,2" doraHai="33" doraHaiUra="64" who="3" fromWho="0" sc="250,-80,250,0,240,0,240,100" /><INIT seed="1,0,0,5,1,93" ten="170,250,240,340" oya="1" hai0="39,126,121,98,106,28,111,102,6,71,50,2,135" hai1="4,85,88,114,43,55,104,70,32,35,125,90,41" hai2="51,96,58,37,79,25,19,61,72,5,94,120,127" hai3="89,9,91,64,22,18,1,67,57,46,48,118,83"/><U13/><E114/><V12/><F120/><W123/><G123/><T59/><D121/><U16/><E70/><V133/><F37/><W122/><G122/><T44/><D71/><U11/><E104/><V87/><F72/><W54/><G118/><T113/><D113/><U86/><E125/><V65/><F133/><W38/><G1/><T84/><D126/><U60/><E35/><V100/><F51/><N who="3" m="30943" /><G38/><T75/><D135/><U49/><E60/><V77/><F87/><N who="1" m="33289" /><E32/><V76/><F127/><W119/><G9/><T33/><D75/><U112/><E4/><V105/><F5/><W27/><G119/><T108/><D84/><U17/><E17/><V128/><F128/><W24/><G24/><N who="0" m="18567" /><D39/><U40/><E112/><V115/><F115/><W52/><G83/><T53/><D6/><U80/><E80/><V14/><REACH who="2" step="1"/><F105/><REACH who="2" ten="170,250,230,340" step="2"/><W82/><G82/><T0/><D44/><AGARI ba="0,1" hai="11,13,16,40,41,43,44,49,55,88,90" m="33289" machi="44" ten="30,5800,0" yaku="8,1,54,2" doraHai="93" who="1" fromWho="0" sc="170,-58,250,68,230,0,340,0" /><INIT seed="1,1,0,3,4,107" ten="112,318,230,340" oya="1" hai0="3,19,66,78,121,4,48,7,8,108,57,27,44" hai1="127,123,32,73,30,117,52,58,9,65,55,105,23" hai2="22,100,63,41,118,0,97,20,2,64,120,110,74" hai3="95,21,15,16,109,42,113,6,96,135,18,35,84"/><U86/><E117/><V49/><F118/><W34/><G113/><T1/><D108/><U102/><E123/><V132/><F110/><W14/><G109/><T17/><D121/><U47/><E32/><V112/><F132/><W106/><G135/><T54/><D78/><U85/><E73/><V24/><F22/><W76/><G106/><T31/><D66/><U87/><E127/><V45/><F112/><W83/><G42/><T75/><D75/><U62/><E105/><V128/><F128/><W61/><G61/><T122/><D122/><U131/><E131/><V71/><F120/><W133/><G6/><T56/><D7/><U101/><E9/><V79/><F97/><W104/><G104/><T10/><D10/><U89/><E89/><V68/><F100/><N who="1" m="38505" /><E47/><V11/><F11/><W115/><G115/><T28/><D3/><U25/><AGARI ba="1,0" hai="23,25,30,52,55,58,62,65,85,86,87" m="38505" machi="25" ten="30,3000,0" yaku="8,1,54,1" doraHai="107" who="1" fromWho="1" sc="112,-11,318,33,230,-11,340,-11" /><INIT seed="1,2,0,0,1,132" ten="101,351,219,329" oya="1" hai0="97,22,117,95,107,65,13,91,56,110,85,17,47" hai1="30,73,122,98,32,74,35,83,46,62,38,82,84" hai2="100,55,80,88,87,103,79,40,118,114,3,49,119" hai3="53,76,63,43,8,127,89,116,68,14,77,96,45"/><U58/><E122/><V86/><F3/><W130/><G130/><T44/><D117/><U18/><E74/><V25/><F114/><W34/><G34/><T20/><D110/><U12/><E73/><V21/><F40/><W39/><G116/><T2/><D2/><U60/><E60/><V5/><F5/><W59/><G68/><T131/><D131/><U4/><E4/><V26/><F26/><W19/><G127/><T51/><D22/><U0/><E83/><V102/><F119/><W69/><G69/><T9/><D9/><U120/><E0/><V81/><F118/><W111/><G111/><T93/><D107/><U94/><E30/><V106/><F106/><W50/><G39/><T78/><D65/><U31/><E31/><V15/><F15/><W109/><G109/><T10/><D10/><U16/><E18/><V129/><F129/><W1/><G1/><T70/><D70/><U134/><E46/><V23/><REACH who="2" step="1"/><F25/><REACH who="2" ten="101,351,209,329" step="2"/><W72/><G43/><T6/><D6/><U90/><E38/><V75/><F75/><W99/><G72/><T112/><D112/><U61/><E12/><V128/><F128/><W121/><G14/><T24/><D24/><U42/><E42/><V125/><F125/><W126/><G126/><T7/><D7/><U108/><E108/><V135/><F135/><W67/><G121/><T124/><D124/><U11/><E120/><V71/><F71/><W57/><G8/><T133/><D133/><U92/><E134/><V123/><F123/><W54/><G19/><T48/><D17/><U115/><E16/><V101/><F101/><RYUUKYOKU ba="2,1" sc="101,-10,351,-10,209,30,329,-10" hai2="21,23,49,55,79,80,81,86,87,88,100,102,103" /><INIT seed="2,3,1,5,0,126" ten="91,341,239,319" oya="2" hai0="74,54,77,99,47,65,133,42,50,15,86,111,127" hai1="105,37,2,63,134,14,123,10,24,119,90,12,55" hai2="135,70,56,39,38,66,29,28,4,73,109,83,118" hai3="107,1,16,101,75,48,7,94,43,6,40,124,67"/><V76/><F118/><W115/><G124/><T100/><D127/><U120/><E37/><N who="2" m="13835" /><F29/><W117/><G117/><T23/><D111/><U59/><E119/><V128/><F56/><W114/><G107/><T69/><D133/><U78/><E134/><V81/><F81/><W35/><G35/><T131/><D131/><U92/><E105/><V103/><F135/><W32/><G32/><T46/><D74/><U20/><E2/><V130/><F109/><W132/><G1/><T82/><D69/><U36/><E78/><V53/><F53/><W21/><G75/><T58/><D65/><U44/><E44/><V57/><F57/><W95/><G67/><T96/><D100/><U71/><E36/><V97/><F4/><N who="3" m="1579" /><G132/><T98/><REACH who="0" step="1"/><D42/><REACH who="0" ten="81,341,239,319" step="2"/><U125/><E71/><V62/><F28/><W51/><G101/><T116/><D116/><U129/><E125/><V61/><F61/><W0/><G40/><T108/><D108/><U88/><E63/><V68/><F68/><W72/><G43/><T45/><D45/><U11/><E129/><N who="2" m="49771" /><F103/><W121/><G72/><T60/><D60/><U49/><E55/><V3/><F3/><W106/><G0/><T5/><D5/><U30/><E59/><V89/><F89/><W64/><G64/><T110/><D110/><U27/><E90/><V113/><F113/><W8/><G115/><T22/><D22/><U9/><E20/><V122/><F122/><W31/><G114/><T33/><D33/><N who="1" m="20679" /><E88/><V87/><F73/><W52/><G121/><T112/><D112/><U80/><E123/><V34/><F34/><W41/><G21/><RYUUKYOKU ba="3,2" sc="81,15,341,-15,239,15,319,-15" hai0="15,23,46,47,50,54,58,77,82,86,96,98,99" hai2="62,66,70,76,83,87,97" /><INIT seed="2,4,2,2,5,10" ten="96,326,254,304" oya="2" hai0="30,41,92,99,49,114,28,129,29,52,135,31,59" hai1="106,19,133,76,24,111,68,104,0,53,69,2,58" hai2="13,119,134,67,79,23,56,124,37,15,45,110,33" hai3="71,121,97,127,8,130,46,16,5,39,108,72,101"/><V98/><F33/><W93/><G121/><T96/><N who="0" m="7168" /><DORA hai="73" /><T107/><D135/><U128/><E111/><V64/><F119/><W17/><G108/><T117/><D129/><U43/><E43/><V85/><F110/><W77/><G130/><T32/><D114/><U122/><E76/><V48/><F37/><W27/><G71/><T66/><D117/><U118/><E19/><V44/><F134/><W50/><G39/><T94/><D32/><U88/><E53/><N who="2" m="31783" /><F98/><W34/><G127/><T60/><D41/><U78/><E58/><V81/><F124/><W125/><G125/><T9/><D9/><U91/><E78/><V20/><F23/><W80/><G34/><T89/><D107/><U112/><E133/><V63/><F20/><W57/><G57/><T83/><D83/><U40/><E24/><V25/><F25/><W82/><G82/><T70/><REACH who="0" step="1"/><D94/><REACH who="0" ten="86,326,254,304" step="2"/><U131/><E112/><V102/><F63/><W55/><G80/><T105/><D105/><U74/><E118/><V116/><F116/><W95/><G95/><T109/><D109/><U36/><E106/><V126/><F126/><W3/><G93/><T47/><D47/><N who="1" m="23943" /><E104/><V54/><F45/><W62/><G46/><T14/><D14/><U35/><E35/><V75/><F15/><W26/><G8/><T4/><D4/><U103/><E131/><V123/><F13/><W113/><G5/><T21/><D21/><U65/><E128/><V120/><F123/><W38/><G113/><T22/><D22/><U42/><E122/><V61/><F120/><W51/><G3/><N who="1" m="1066" /><E42/><V100/><F79/><RYUUKYOKU ba="4,3" sc="86,30,326,-10,254,-10,304,-10" hai0="49,52,59,60,66,70,89,92,96,99" /><INIT seed="3,5,3,4,3,132" ten="116,316,244,294" oya="3" hai0="117,39,115,133,65,31,124,41,9,106,47,28,79" hai1="129,6,96,5,17,44,36,88,29,131,101,2,128" hai2="107,127,134,59,68,85,53,1,4,77,69,75,14" hai3="22,121,110,20,135,37,112,10,7,0,40,93,66"/><W97/><G112/><T119/><D115/><U55/><E29/><V118/><F118/><W13/><G121/><T126/><D133/><U82/><E2/><V8/><F134/><W42/><G135/><T3/><D106/><N who="1" m="63783" /><E17/><V95/><F107/><W116/><G116/><N who="0" m="44619" /><D65/><U49/><E36/><V125/><F75/><W56/><G110/><T83/><D31/><U108/><E108/><V27/><F27/><W23/><G37/><T81/><D28/><U15/><E15/><V50/><F1/><W130/><G0/><T19/><D19/><U67/><E67/><V18/><F4/><W111/><G130/><T61/><D61/><U84/><AGARI ba="5,3" hai="5,6,44,49,55,82,84,88,128,129,131" m="63783" machi="84" ten="40,2700,0" yaku="19,1,54,1" doraHai="132" who="1" fromWho="1" sc="116,-12,316,72,244,-12,294,-18" owari="104,-39.6,388,48.8,232,-16.8,276,7.6" /></mjloggm>