<mjloggm ver="2.3"><GO type="225" lobby="0"/><UN n0="%E9%80%86%E9%80%A3%E5%B8%AF%E3%81%AE%E9%AC%BC" n1="%E4%B8%AD%E5%B9%B4%E3%81%AE%E5%8D%B1%E6%A9%9F" n2="%E3%81%82%E3%81%84%E3%81%82%E3%81%8A%E3%81%84" n3="%6D%75%75%6D%75%72%61" dan="16,17,18,16" rate="2148.36,2145.67,2219.62,2133.46" sx="M,M,M,F"/><TAIKYOKU oya="0"/><INIT seed="0,0,0,0,0,123" ten="250,250,250,250" oya="0" hai0="121,1,5,122,56,116,8,80,104,3,113,31,103" hai1="130,132,27,42,115,24,120,86,74,49,55,61,85" hai2="117,57,37,32,0,63,45,82,47,6,68,108,125" hai3="64,51,54,71,17,112,99,15,12,58,4,72,84"/><T41/><D116/><U129/><E120/><V35/><F117/><W81/><G112/><T26/><D113/><U23/><E74/><V13/><F0/><W22/><G72/><T110/><D1/><U10/><E115/><V38/><F68/><W102/><G71/><T133/><D133/><U75/><E75/><V87/><F125/><W28/><G64/><T79/><D110/><U134/><E10/><V65/><F108/><W89/><G28/><T128/><D128/><N who="1" m="49259" /><E61/><V50/><F47/><W34/><G34/><T95/><D104/><U126/><E42/><V114/><F114/><W33/><G33/><T124/><D124/><U107/><E107/><V36/><F13/><W11/><G99/><T14/><D3/><U88/><E86/><V101/><F101/><AGARI ba="0,0" hai="4,11,12,15,17,22,51,54,58,81,84,89,101,102" machi="101" ten="40,1300,0" yaku="8,1" doraHai="123" who="3" fromWho="2" sc="250,0,250,0,250,-13,250,13" /><INIT seed="1,0,0,1,2,59" ten="250,250,237,263" oya="1" hai0="20,27,5,108,66,58,26,40,56,105,128,43,71" hai1="73,57,13,96,63,46,114,126,106,102,113,52,54" hai2="77,109,39,91,133,47,16,134,69,22,19,34,119" hai3="14,116,95,30,9,50,117,87,111,123,45,135,107"/><U112/><E73/><V28/><F119/><W17/><G123/><T38/><D105/><U94/><E126/><V2/><F2/><W18/><G107/><T37/><D128/><U80/><E80/><V65/><F77/><W29/><G111/><T84/><D5/><U115/><N who="1" m="28672" /><DORA hai="23" /><U4/><E106/><V15/><F109/><W88/><G135/><N who="2" m="51721" /><F19/><W1/><G18/><T83/><D71/><U98/><E98/><V110/><F110/><W55/><REACH who="3" step="1"/><G1/><REACH who="3" ten="250,250,237,253" step="2"/><T130/><D108/><U53/><REACH who="1" step="1"/><E46/><REACH who="1" ten="250,240,237,253" step="2"/><V35/><F47/><W101/><G101/><T60/><D130/><U78/><E78/><V33/><F91/><W129/><G129/><T21/><D38/><U8/><AGARI ba="0,2" hai="4,8,13,52,53,54,57,63,94,96,102" m="28672" machi="8" ten="60,12000,1" yaku="1,1,0,1,52,1,54,1,53,1" doraHai="59,23" doraHaiUra="124,3" who="1" fromWho="1" sc="250,-40,240,140,237,-40,253,-40" /><INIT seed="1,1,0,1,4,78" ten="210,380,197,213" oya="1" hai0="125,76,133,29,85,64,19,3,4,11,123,58,23" hai1="37,54,81,111,72,73,34,110,45,127,67,106,122" hai2="61,128,124,77,40,15,86,107,30,6,25,80,102" hai3="118,52,121,59,71,68,112,115,69,8,33,105,20"/><U99/><E34/><V49/><F124/><W14/><G33/><T43/><D133/><U82/><E122/><V101/><F128/><W42/><G121/><T38/><D125/><U13/><E127/><V27/><F107/><W135/><G135/><T88/><D123/><U84/><E67/><V39/><F39/><W119/><G105/><T131/><D131/><U56/><E13/><V109/><F109/><N who="1" m="41481" /><E84/><V12/><F61/><N who="3" m="36071" /><G42/><T83/><D43/><N who="1" m="22767" /><E106/><V53/><F40/><W36/><G20/><T93/><D38/><U16/><E16/><V35/><F27/><W9/><G36/><T97/><D29/><U94/><E73/><V79/><F77/><W134/><G9/><T100/><D76/><U17/><E17/><V1/><F1/><W24/><G24/><T132/><D132/><U0/><E0/><V63/><F63/><W96/><G134/><T130/><D130/><U113/><E113/><V70/><F70/><W114/><G71/><T75/><D75/><U104/><E104/><V90/><F79/><W95/><G69/><T108/><D108/><U50/><E72/><V48/><F12/><W116/><G68/><T7/><D11/><U47/><E47/><V103/><REACH who="2" step="1"/><F53/><REACH who="2" ten="210,380,187,213" step="2"/><W129/><G129/><T21/><D3/><U117/><E117/><V2/><F2/><W60/><G114/><T28/><D64/><U126/><E126/><V26/><F26/><W5/><G60/><T66/><D66/><U46/><E46/><V31/><F31/><W98/><G115/><T18/><D28/><U32/><E32/><V51/><F51/><W55/><G112/><RYUUKYOKU ba="1,1" sc="210,-15,380,15,187,15,213,-15" hai1="50,54,56,81,82,94,99" hai2="6,15,25,30,35,48,49,80,86,90,101,102,103" /><INIT seed="1,2,1,4,4,32" ten="195,395,202,198" oya="1" hai0="89,122,54,99,65,77,38,67,102,101,76,10,61" hai1="46,6,0,127,50,81,103,64,123,87,96,82,45" hai2="31,134,12,52,83,13,91,111,30,70,63,60,11" hai3="132,18,131,124,79,86,3,85,24,110,55,29,69"/><U130/><E123/><V27/><F111/><W1/><G110/><T104/><D38/><U37/><E127/><V23/><F134/><W33/><G132/><T49/><D122/><U58/><E130/><V17/><F70/><W15/><G124/><T43/><D43/><U25/><E37/><V19/><F31/><W7/><G69/><T98/><D89/><U94/><E25/><V22/><F52/><W112/><G112/><T100/><D10/><U71/><E71/><V78/><REACH who="2" step="1"/><F91/><REACH who="2" ten="195,395,192,198" step="2"/><W129/><G55/><T128/><D128/><U74/><E45/><V28/><F28/><W73/><G129/><T40/><D40/><U72/><E46/><V120/><F120/><W113/><G131/><T26/><D54/><U95/><E64/><V9/><F9/><W108/><G113/><T107/><D67/><U93/><E58/><V48/><F48/><W53/><G53/><T14/><D49/><U92/><E50/><V88/><F88/><W80/><G108/><T90/><D90/><N who="1" m="53343" /><E6/><V62/><F62/><W20/><REACH who="3" step="1"/><G7/><REACH who="3" ten="195,395,192,188" step="2"/><T114/><D114/><U4/><E4/><V97/><F97/><W106/><G106/><T2/><D107/><N who="1" m="63975" /><E0/><AGARI ba="2,3" hai="0,1,3,15,18,20,24,29,33,73,79,80,85,86" machi="0" ten="40,8000,1" yaku="1,1,52,3,53,0" doraHai="32" doraHaiUra="84" who="3" fromWho="1" sc="195,0,395,-86,192,0,188,116" /><INIT seed="2,0,0,2,0,48" ten="195,309,192,304" oya="2" hai0="83,132,85,68,76,66,64,127,89,99,43,28,10" hai1="107,62,101,40,14,111,25,98,100,16,128,97,3" hai2="117,24,50,56,53,79,108,125,112,63,13,133,87" hai3="17,12,75,95,129,123,42,7,119,115,65,4,94"/><V122/><F112/><W105/><G119/><T34/><D132/><U54/><E3/><V27/><F117/><W29/><G105/><T5/><D127/><U134/><E134/><V18/><F122/><W93/><G123/><T92/><D68/><U103/><E128/><V20/><F125/><W46/><G129/><T102/><D34/><U109/><E40/><V106/><F106/><W73/><G29/><T104/><D28/><U116/><E25/><V86/><F133/><W6/><G65/><T41/><D41/><U39/><E39/><V90/><F108/><N who="1" m="41545" /><E107/><V51/><F79/><W19/><G19/><T32/><D43/><U26/><E26/><N who="2" m="9771" /><F86/><W11/><REACH who="3" step="1"/><G115/><REACH who="3" ten="195,309,192,294" step="2"/><T84/><REACH who="0" step="1"/><D32/><REACH who="0" ten="185,309,192,294" step="2"/><U58/><E116/><V44/><F44/><W82/><G82/><AGARI ba="0,2" hai="13,18,20,50,51,53,56,63,82,87,90" m="9771" machi="82" ten="30,2900,0" yaku="8,1,52,1" doraHai="48" who="2" fromWho="3" sc="185,0,309,0,192,49,294,-29" /><INIT seed="2,1,0,5,1,108" ten="185,309,241,265" oya="2" hai0="99,0,21,128,54,25,118,53,55,27,117,11,29" hai1="56,68,42,124,112,22,10,20,89,83,61,85,81" hai2="114,103,113,4,40,41,102,65,74,132,37,7,14" hai3="77,57,23,35,121,63,50,9,90,59,58,3,134"/><V51/><F74/><W34/><G121/><T69/><D69/><U125/><E112/><N who="2" m="43115" /><F37/><W110/><G110/><T73/><D73/><U109/><E68/><V86/><F65/><W123/><G123/><T119/><D128/><U75/><E109/><V38/><F38/><W2/><G77/><T94/><D27/><U126/><E42/><N who="2" m="16491" /><F86/><W31/><G23/><N who="1" m="8746" /><E10/><V115/><N who="2" m="43123" /><V95/><DORA hai="107" /><F95/><W32/><G9/><T130/><D130/><U105/><E105/><V43/><N who="2" m="16499" /><V15/><DORA hai="48" /><F51/><W18/><G50/><T101/><REACH who="0" step="1"/><D54/><REACH who="0" ten="175,309,241,265" step="2"/><N who="1" m="33943" /><E75/><V47/><F132/><W1/><G134/><T80/><D80/><AGARI ba="1,1" hai="80,81,83,85,89,124,125,126" m="33943,8746" machi="80" ten="40,2600,0" yaku="18,1,52,1" doraHai="108,107,48" who="1" fromWho="0" sc="175,-29,309,39,241,0,265,0" /><INIT seed="3,0,0,3,2,132" ten="146,348,241,265" oya="3" hai0="89,5,53,56,127,35,77,21,94,7,20,85,49" hai1="15,101,68,60,81,41,98,52,124,73,63,34,111" hai2="40,75,18,90,135,6,71,113,22,25,117,95,125" hai3="134,46,133,23,36,57,17,44,92,119,26,78,8"/><W43/><G119/><T82/><D35/><U69/><E124/><V51/><F125/><W123/><G123/><T16/><D127/><U4/><E34/><V55/><F113/><W10/><G78/><T24/><REACH who="0" step="1"/><D21/><REACH who="0" ten="136,348,241,265" step="2"/><U87/><E68/><V30/><F22/><N who="3" m="13647" /><G133/><T129/><D129/><U83/><E69/><V115/><F71/><W3/><G134/><T103/><D103/><U47/><E101/><V9/><F135/><W13/><G23/><T128/><D128/><U31/><E31/><V54/><F30/><W37/><G37/><T11/><D11/><U102/><E102/><V108/><F9/><W86/><G10/><T72/><D72/><U76/><E73/><V116/><F75/><W112/><G8/><T27/><D27/><U97/><E15/><V2/><F25/><W38/><G13/><T29/><D29/><U105/><E4/><V122/><F6/><W33/><G36/><T42/><D42/><U12/><E12/><V96/><F40/><W19/><G38/><T80/><D80/><U59/><E83/><V48/><F116/><W64/><G43/><T65/><D65/><U39/><E81/><V74/><F117/><W91/><G64/><T99/><AGARI ba="0,1" hai="5,7,16,20,24,49,53,56,77,82,85,89,94,99" machi="99" ten="20,8000,1" yaku="1,1,0,1,7,1,8,1,54,1,53,0" doraHai="132" doraHaiUra="67" who="0" fromWho="0" sc="136,90,348,-20,241,-20,265,-40" owari="226,2.6,328,42.8,221,-27.9,225,-17.5" /></mjloggm>