<mjloggm ver="2.3"><GO type="225" lobby="0"/><UN n0="%63%68%78%62%64" n1="%E3%81%8B%E3%82%8F%E3%81%A1%E3%82%83%E3%82%93%35%38" n2="%E5%8F%AF%E5%85%90%E9%82%A3%E7%94%B1%E5%A4%9A" n3="%EF%BC%AE%EF%BC%A1%EF%BC%AF%33%33%39" dan="16,17,17,16" rate="2144.84,2147.24,2225.29,2061.88" sx="M,M,F,M"/><TAIKYOKU oya="0"/><INIT seed="0,0,0,2,5,48" ten="250,250,250,250" oya="0" hai0="115,19,67,18,134,33,1,97,26,99,76,55,10" hai1="114,59,124,21,27,66,52,22,109,62,81,86,135" hai2="100,14,69,3,49,119,84,85,35,107,47,7,133" hai3="63,50,65,128,43,111,123,92,116,73,108,132,118"/><T46/><D115/><U101/><E109/><N who="3" m="42058" /><G73/><T60/><D134/><U88/><E124/><V104/><F35/><W39/><G92/><T80/><D33/><U57/><E135/><V105/><F69/><N who="3" m="42175" /><G132/><T16/><D26/><U20/><E114/><V78/><F133/><W125/><G125/><T110/><D110/><U96/><E96/><N who="0" m="36937" /><D1/><U31/><REACH who="1" step="1"/><E101/><REACH who="1" ten="250,240,250,250" step="2"/><V38/><F100/><W41/><G123/><T53/><D10/><U6/><E6/><V54/><F7/><W70/><G70/><T89/><D76/><U90/><E90/><V0/><F78/><W64/><G118/><T121/><D121/><U98/><E98/><V12/><F119/><W13/><G116/><T91/><D91/><U130/><E130/><V113/><F113/><W102/><G128/><T42/><D89/><U68/><E68/><V103/><F103/><W30/><G102/><T95/><D95/><U11/><E11/><V74/><F105/><W29/><G39/><T129/><D80/><U77/><E77/><V56/><F107/><W120/><G120/><T23/><D129/><U61/><AGARI ba="0,1" hai="20,21,22,27,31,52,57,59,61,62,66,81,86,88" machi="61" ten="20,12000,2" yaku="1,1,0,1,7,1,8,1,52,1,54,2,53,0" doraHai="48" doraHaiUra="9" who="1" fromWho="1" sc="250,-60,240,130,250,-30,250,-30" /><INIT seed="1,0,0,2,5,54" ten="190,370,220,220" oya="1" hai0="101,70,72,20,124,87,44,49,62,69,93,25,13" hai1="1,2,110,36,19,111,115,88,38,57,46,60,105" hai2="75,127,100,133,31,14,22,67,120,113,21,102,61" hai3="34,104,71,53,64,77,12,39,45,95,11,85,6"/><U27/><E105/><V52/><F120/><W134/><G104/><T58/><D72/><U66/><E115/><V59/><F75/><W29/><G71/><T74/><D74/><U121/><E121/><V106/><F113/><W135/><G64/><T112/><D112/><U109/><E88/><V4/><F133/><W15/><G29/><T94/><D124/><U41/><E38/><V132/><F132/><N who="3" m="50731" /><G34/><T26/><D93/><U116/><E116/><V84/><F127/><W40/><G53/><T9/><D70/><U123/><E123/><V33/><F33/><W131/><G131/><T55/><D69/><U28/><E19/><N who="2" m="10487" /><F106/><W130/><G130/><T122/><D122/><U30/><E30/><V92/><F4/><W8/><G95/><T76/><D20/><AGARI ba="0,0" hai="1,2,20,27,28,36,41,46,57,60,66,109,110,111" machi="20" ten="40,7700,0" yaku="14,1,10,1,52,1" doraHai="54" who="1" fromWho="0" sc="190,-77,370,77,220,0,220,0" /><INIT seed="1,1,0,5,1,117" ten="113,447,220,220" oya="1" hai0="12,89,135,30,64,99,23,121,105,32,108,132,2" hai1="120,68,94,87,91,45,39,40,118,92,10,81,49" hai2="90,63,113,79,35,37,24,55,31,47,65,56,29" hai3="60,4,46,97,115,3,27,93,72,101,73,38,22"/><U100/><E118/><V14/><F113/><W124/><G115/><T21/><D64/><U61/><E120/><V58/><F31/><W76/><G76/><T125/><D89/><U0/><E100/><V25/><F25/><W42/><G124/><T86/><D86/><U110/><E110/><V104/><F104/><W119/><G119/><T129/><D99/><U78/><E94/><V51/><F79/><W9/><REACH who="3" step="1"/><G60/><REACH who="3" ten="113,447,220,210" step="2"/><T28/><D125/><U131/><E61/><V43/><F90/><W102/><G102/><T134/><D108/><U20/><E91/><V84/><F84/><W18/><AGARI ba="1,1" hai="3,4,9,18,22,27,38,42,46,72,73,93,97,101" machi="18" ten="20,2700,0" yaku="1,1,0,1,7,1,53,0" doraHai="117" doraHaiUra="127" who="3" fromWho="3" sc="113,-8,447,-14,220,-8,210,40" /><INIT seed="2,0,0,1,4,77" ten="105,433,212,250" oya="2" hai0="130,78,37,99,46,29,135,28,134,34,39,129,70" hai1="6,42,62,55,89,20,118,63,26,105,87,17,41" hai2="9,120,109,122,30,101,40,8,82,116,64,25,66" hai3="112,18,76,15,93,16,72,61,45,5,92,74,33"/><V111/><F101/><W119/><G33/><T75/><D70/><U98/><E118/><V43/><F116/><W27/><G119/><T57/><D57/><U51/><E6/><V3/><F3/><W80/><G72/><T54/><D99/><U69/><E98/><V65/><F82/><W31/><G112/><T91/><D91/><U114/><E105/><V102/><F102/><W0/><G0/><T117/><D54/><U60/><E69/><V85/><F85/><W10/><G61/><T67/><D67/><U13/><E26/><V128/><F128/><N who="0" m="49258" /><D117/><U49/><E114/><V96/><F96/><W14/><G5/><T133/><D34/><U48/><E55/><V1/><F1/><W113/><G113/><T32/><D32/><U86/><E86/><V22/><F43/><W81/><G45/><T88/><D88/><U121/><E121/><N who="2" m="46699" /><F40/><W84/><G27/><T19/><D19/><U83/><AGARI ba="0,0" hai="13,17,20,41,42,48,49,51,60,62,63,83,87,89" machi="83" ten="30,4000,0" yaku="0,1,8,1,52,1" doraHai="77" who="1" fromWho="1" sc="105,-10,433,40,212,-20,250,-10" /><INIT seed="3,0,0,4,4,96" ten="95,473,192,240" oya="3" hai0="116,127,17,46,36,27,48,67,59,133,107,104,28" hai1="68,3,80,63,76,53,14,87,86,74,79,57,122" hai2="97,66,43,55,10,1,38,50,91,21,114,100,60" hai3="29,110,65,77,131,13,134,82,125,113,39,49,94"/><W7/><G39/><T32/><D116/><U128/><E3/><V0/><F114/><W9/><G113/><T121/><D121/><U15/><E122/><V98/><F38/><W130/><G65/><T123/><D123/><U89/><E74/><V64/><F43/><W78/><G29/><T4/><D127/><U19/><E68/><V115/><F115/><W92/><G125/><T102/><D133/><U20/><E128/><N who="3" m="49194" /><G134/><T12/><D36/><U44/><E44/><V31/><F91/><W70/><G70/><T40/><D4/><U52/><E52/><V84/><F84/><N who="3" m="48207" /><G78/><N who="1" m="29738" /><E87/><V111/><F31/><W11/><G110/><T56/><D67/><U103/><E103/><V95/><F111/><W119/><G119/><T88/><D107/><U81/><E81/><V54/><F66/><W126/><G126/><T99/><REACH who="0" step="1"/><D88/><REACH who="0" ten="85,473,192,240" step="2"/><U42/><E42/><V101/><F97/><W62/><G7/><T47/><D47/><U132/><E132/><V37/><F37/><W18/><G92/><T33/><D33/><U105/><E105/><V117/><F117/><W22/><G94/><T25/><D25/><AGARI ba="0,1" hai="14,15,19,20,25,53,57,63,80,86,89" m="29738" machi="25" ten="30,1000,0" yaku="8,1" doraHai="96" who="1" fromWho="0" sc="85,-10,473,20,192,0,240,0" owari="75,-42.5,493,59.3,192,-20.8,240,4.0" /></mjloggm>