<mjloggm ver="2.3"><GO type="225" lobby="0"/><UN n0="%6D%75%75%6D%75%72%61" n1="%E3%82%82%E3%81%90%E3%82%89" n2="%E3%81%95%E3%81%8D%E3%81%9F%E3%81%BE%E6%9E%97%E6%AA%8E" n3="%E2%91%A3%E9%81%BF%E9%81%8A%E6%88%AF%E3%80%90%E6%9D%B1%E5%8D%97%E3%80%91" dan="16,17,16,16" rate="2151.05,2205.26,2112.45,2110.66" sx="F,M,M,M"/><TAIKYOKU oya="0"/><INIT seed="0,0,0,2,0,63" ten="250,250,250,250" oya="0" hai0="53,123,119,52,86,129,72,15,107,93,71,5,126" hai1="37,62,97,112,45,116,74,28,114,44,24,117,50" hai2="27,6,90,13,18,79,46,131,22,98,14,49,19" hai3="118,124,7,130,81,80,25,87,91,43,12,76,10"/><T134/><D119/><U102/><E74/><V33/><F33/><W60/><G118/><T38/><D123/><U66/><E37/><V109/><F109/><W67/><G130/><T133/><D72/><U92/><E116/><V64/><F131/><W88/><G124/><T104/><D129/><U85/><E85/><V103/><F90/><W135/><G135/><N who="0" m="51723" /><D126/><U115/><E50/><V94/><F79/><W83/><G25/><T20/><D38/><U17/><E17/><V127/><F127/><W75/><G43/><T125/><D125/><U39/><E39/><V65/><F6/><W61/><G61/><T95/><D71/><U105/><E117/><V47/><F47/><W56/><G83/><T108/><D108/><U54/><E54/><N who="0" m="21097" /><D86/><U32/><REACH who="1" step="1"/><E92/><REACH who="1" ten="250,240,250,250" step="2"/><N who="0" m="35401" /><D5/><U42/><E42/><N who="2" m="24791" /><F27/><W68/><REACH who="3" step="1"/><G91/><REACH who="3" ten="250,240,250,240" step="2"/><T84/><D84/><U78/><E78/><V106/><F106/><W30/><G30/><T51/><D51/><U100/><E100/><V121/><F121/><W57/><AGARI ba="0,2" hai="7,10,12,56,57,60,67,68,75,76,80,81,87,88" machi="57" ten="30,8000,1" yaku="1,1,0,1,52,1,54,1,53,1" doraHai="63" doraHaiUra="0" who="3" fromWho="3" sc="250,-40,240,-20,250,-20,240,100" /><INIT seed="1,0,0,4,1,50" ten="210,220,230,340" oya="1" hai0="48,64,131,81,4,16,105,46,47,126,130,34,26" hai1="117,6,111,134,57,28,41,60,55,103,15,72,76" hai2="100,10,66,88,23,51,95,119,128,31,14,39,86" hai3="17,32,63,44,7,43,120,24,2,40,1,3,62"/><U91/><E117/><V122/><F128/><N who="0" m="49194" /><D105/><U93/><E134/><V29/><F122/><W71/><G120/><T109/><D109/><U118/><E118/><V22/><F119/><W27/><G7/><T19/><D126/><U45/><E111/><V108/><F108/><W135/><G135/><T8/><D64/><U97/><E28/><V42/><F39/><W85/><G85/><T110/><D110/><U80/><E15/><V90/><F66/><W21/><G71/><T20/><D34/><U96/><E6/><V54/><F42/><W94/><G94/><T116/><D116/><U101/><REACH who="1" step="1"/><E97/><REACH who="1" ten="210,210,230,340" step="2"/><N who="2" m="59455" /><F31/><W11/><G2/><T87/><D4/><U5/><E5/><N who="2" m="3407" /><F29/><W115/><G3/><T9/><D19/><U30/><E30/><V58/><F90/><W127/><G1/><T79/><D46/><U0/><E0/><V35/><F35/><W106/><G32/><T53/><AGARI ba="0,1" hai="8,9,16,20,26,47,48,53,79,81,87" m="49194" machi="53" ten="30,4000,0" yaku="19,1,52,1,54,1" doraHai="50" who="0" fromWho="0" sc="210,50,210,-20,230,-10,340,-10" /><INIT seed="2,0,0,3,5,68" ten="260,190,220,330" oya="2" hai0="42,118,13,75,98,27,63,26,125,51,5,12,72" hai1="28,109,112,132,48,17,16,102,65,20,7,46,22" hai2="19,14,96,126,91,90,35,18,135,71,10,45,0" hai3="130,131,82,81,110,38,44,83,21,33,37,60,30"/><V24/><F71/><W64/><G33/><T117/><D125/><U47/><E112/><V40/><F126/><W104/><G104/><T58/><D98/><U54/><E109/><V120/><F120/><W121/><G121/><T57/><D51/><U67/><E132/><V88/><F135/><W133/><G133/><T62/><D42/><U119/><E119/><V80/><F0/><W59/><G110/><T92/><D92/><U87/><E7/><AGARI ba="0,0" hai="5,7,12,13,26,27,57,58,62,63,72,75,117,118" machi="7" ten="25,1600,0" yaku="22,2" doraHai="68" who="0" fromWho="1" sc="260,16,190,-16,220,0,330,0" /><INIT seed="3,0,0,4,2,64" ten="276,174,220,330" oya="3" hai0="95,48,49,63,10,12,89,114,102,2,6,0,26" hai1="109,58,43,88,77,45,87,4,34,71,132,100,119" hai2="133,50,68,54,14,3,113,94,53,74,51,110,52" hai3="69,67,120,126,81,91,31,66,13,30,24,5,122"/><W83/><G126/><T15/><D114/><U107/><E109/><V98/><F74/><W56/><G69/><T97/><D26/><U65/><E132/><V86/><F3/><W112/><G112/><T115/><D115/><U59/><E34/><V123/><F113/><W80/><G91/><T108/><D108/><U104/><E77/><V9/><F110/><W117/><G117/><T33/><D33/><U128/><E4/><V42/><F68/><W103/><G103/><T92/><D63/><U72/><E72/><V55/><F133/><W38/><G38/><T46/><D49/><U1/><E1/><V21/><F123/><W90/><G90/><T28/><D28/><U93/><E119/><V129/><F129/><W8/><G31/><T35/><D35/><U84/><E84/><V111/><F111/><W76/><G76/><T127/><D127/><U18/><E18/><V61/><F21/><W106/><G106/><T135/><D135/><U116/><E128/><V82/><F42/><W125/><G125/><T73/><D73/><U99/><E107/><V79/><F61/><W32/><G67/><T19/><D19/><U101/><E101/><V16/><N who="2" m="13312" /><DORA hai="17" /><V40/><REACH who="2" step="1"/><F40/><REACH who="2" ten="276,174,210,330" step="2"/><W118/><G118/><T36/><D0/><U25/><E25/><V11/><F11/><W7/><G122/><T29/><D2/><U134/><E134/><V57/><F57/><W121/><G120/><T131/><D10/><U96/><E116/><V23/><F23/><W44/><G8/><T47/><D131/><U60/><E87/><V27/><F27/><W20/><G121/><RYUUKYOKU ba="0,1" sc="276,-15,174,15,210,15,330,-15" hai1="43,45,58,59,60,65,71,88,93,96,99,100,104" hai2="9,14,16,50,51,79,82,86,94,98" owari="261,6.1,189,-31.1,225,-17.5,325,42.5" /></mjloggm>