<mjloggm ver="2.3"><GO type="225" lobby="0"/><UN n0="%70%68%65%6E%6F%6D%65" n1="%E5%AF%82%E5%AF%9E%E3%82%AE%E3%83%8D%E3%82%B9%E3%83%93%E3%83%BC%E3%83%AB" n2="%E3%82%A2%E3%82%A4%E3%82%B9%E3%83%86%E3%82%A3%E3%83%BC%E3%81%82%E3%81%B9" n3="%E6%B4%BE%E9%81%A3%E3%81%AE%E3%82%B8%E3%83%A3%E3%83%83%E3%82%AF" dan="16,16,16,16" rate="2123.38,2127.04,2082.24,2175.36" sx="M,M,M,M"/><TAIKYOKU oya="0"/><INIT seed="0,0,0,4,0,27" ten="250,250,250,250" oya="0" hai0="111,37,104,31,107,25,3,105,32,82,71,122,46" hai1="12,69,54,123,78,35,18,41,38,74,97,45,16" hai2="76,108,4,68,64,114,129,94,61,106,109,17,127" hai3="53,91,22,15,72,96,48,43,6,90,52,86,100"/><T126/><D122/><U1/><E123/><V131/><F106/><W44/><G72/><T36/><D126/><U40/><E69/><V57/><F4/><W33/><G33/><T80/><D3/><U125/><E125/><V115/><F76/><W128/><G128/><N who="2" m="49225" /><F94/><N who="3" m="58391" /><G91/><T83/><D71/><U9/><E41/><V98/><F17/><N who="3" m="10559" /><G6/><T102/><D111/><N who="2" m="42570" /><F98/><W26/><G26/><T124/><D124/><U113/><E97/><V5/><F5/><W99/><G99/><T23/><D102/><U135/><E78/><V84/><F84/><W20/><G20/><T66/><D23/><U81/><E35/><V116/><F127/><W60/><G60/><T0/><D0/><U101/><E74/><V133/><F116/><W62/><G62/><T117/><D117/><U110/><E1/><V55/><F133/><W67/><G67/><T88/><D66/><U89/><E135/><V92/><F92/><AGARI ba="0,0" hai="43,44,48,52,53,86,90,92" m="10559,58391" machi="92" ten="30,2000,0" yaku="8,1,54,1" doraHai="27" who="3" fromWho="2" sc="250,0,250,0,250,-20,250,20" /><INIT seed="1,0,0,4,2,33" ten="250,250,230,270" oya="1" hai0="29,112,36,127,19,99,103,113,120,21,110,26,61" hai1="22,116,126,2,34,79,128,31,20,131,97,3,100" hai2="14,130,70,125,108,90,10,134,48,45,124,7,40" hai3="73,54,93,86,30,6,53,64,109,65,68,119,76"/><U104/><E116/><V59/><F108/><W115/><G109/><T24/><D110/><U39/><E39/><V57/><F70/><W41/><G115/><T121/><D36/><U63/><E79/><V87/><F134/><W62/><G41/><T49/><D61/><U51/><E126/><N who="2" m="48747" /><F130/><N who="1" m="49705" /><E51/><V5/><F5/><W15/><G30/><T1/><D127/><U72/><E72/><V37/><F37/><W129/><G64/><T66/><D66/><U12/><E63/><V16/><F7/><W55/><G129/><T96/><D49/><U9/><E34/><V13/><F14/><W46/><G119/><T56/><D56/><U88/><E88/><V94/><AGARI ba="0,0" hai="10,13,16,40,45,48,57,59,87,90,94" m="48747" machi="94" ten="30,2000,0" yaku="18,1,54,1" doraHai="33" who="2" fromWho="2" sc="250,-5,250,-10,230,20,270,-5" /><INIT seed="2,0,0,3,0,128" ten="245,240,250,265" oya="2" hai0="32,124,54,87,125,112,6,102,134,16,86,121,30" hai1="94,66,135,126,12,73,3,92,2,0,98,43,115" hai2="18,63,103,70,78,71,131,17,44,88,68,21,85" hai3="28,114,42,110,55,19,100,119,104,83,31,65,122"/><V77/><F131/><W36/><G119/><T101/><D121/><U7/><E115/><V80/><F103/><N who="0" m="39434" /><D6/><U9/><E73/><V91/><F63/><W118/><G118/><T53/><D112/><U123/><E123/><V46/><F18/><W79/><G122/><T47/><D30/><U84/><E126/><N who="0" m="48745" /><D32/><U99/><E66/><V40/><F78/><W127/><G65/><T95/><D47/><U59/><E59/><V25/><REACH who="2" step="1"/><F46/><REACH who="2" ten="245,240,240,265" step="2"/><W24/><G127/><T15/><D134/><U67/><E135/><V81/><F81/><W62/><G83/><T72/><D72/><U26/><E7/><V52/><F52/><N who="0" m="20074" /><D95/><U89/><E94/><V51/><AGARI ba="0,1" hai="17,21,25,40,44,51,68,70,71,77,80,85,88,91" machi="51" ten="30,6000,0" yaku="1,1,0,1,54,1,53,0" doraHai="128" doraHaiUra="8" who="2" fromWho="2" sc="245,-20,240,-20,240,70,265,-20" /><INIT seed="2,1,0,4,0,20" ten="225,220,310,245" oya="2" hai0="75,21,94,15,3,7,4,11,129,128,96,105,124" hai1="71,22,134,38,68,126,84,19,98,113,131,118,123" hai2="57,76,26,61,99,1,74,14,39,63,43,0,2" hai3="34,108,100,116,46,83,119,93,132,79,78,82,56"/><V25/><F74/><W51/><G34/><T121/><D105/><U49/><E38/><V91/><F76/><W77/><G108/><T31/><D75/><U92/><E118/><V109/><F109/><W16/><G132/><T122/><D124/><U72/><E72/><V35/><F35/><W112/><G112/><T135/><D135/><U36/><E36/><V120/><F120/><W133/><G133/><T32/><D94/><U104/><E113/><V95/><F14/><W69/><G69/><T111/><D96/><U64/><E134/><V106/><F106/><W29/><G29/><T40/><D40/><U117/><E117/><V107/><F107/><W6/><G6/><T101/><D101/><U87/><E104/><V65/><REACH who="2" step="1"/><F63/><REACH who="2" ten="225,220,300,245" step="2"/><W24/><G116/><T41/><D111/><U45/><E123/><V17/><F17/><W53/><G119/><T89/><D7/><U125/><E126/><V12/><F12/><W85/><G79/><T66/><D32/><U27/><E125/><V97/><F97/><N who="3" m="59439" /><G78/><T130/><D15/><U127/><E127/><V23/><F23/><N who="3" m="13415" /><G77/><T73/><D73/><U110/><E110/><V50/><F50/><N who="3" m="30775" /><G85/><T30/><D122/><U60/><E87/><V70/><F70/><W103/><G103/><T86/><D121/><U48/><E84/><V62/><F62/><W90/><G90/><T47/><D89/><N who="1" m="55567" /><E71/><V37/><F37/><W13/><G13/><T58/><D86/><U67/><E68/><V114/><F114/><W81/><G51/><N who="1" m="19530" /><E60/><V102/><F102/><W9/><G9/><T10/><D11/><U80/><E22/><RYUUKYOKU ba="1,1" sc="225,-15,220,-15,300,15,245,15" hai2="0,1,2,25,26,39,43,57,61,65,91,95,99" hai3="46,81,82,83" /><INIT seed="2,2,1,0,2,7" ten="210,205,315,260" oya="2" hai0="32,54,67,73,4,128,55,72,10,90,64,126,130" hai1="120,108,99,46,112,119,104,13,21,47,23,79,134" hai2="39,59,44,124,41,93,116,1,100,117,121,52,63" hai3="0,70,75,135,49,48,132,5,97,17,28,125,6"/><V61/><F121/><W96/><G75/><N who="0" m="28747" /><D32/><U42/><E79/><V53/><F1/><W110/><G70/><T106/><D106/><U78/><E78/><V101/><F124/><W114/><G110/><T19/><D19/><U118/><E112/><V38/><F93/><W58/><G125/><T86/><D126/><U34/><E34/><V115/><F115/><W85/><G28/><T65/><D90/><U40/><E108/><V37/><F101/><W103/><G85/><T76/><D86/><U36/><E120/><V107/><F100/><W94/><G114/><T35/><D35/><U102/><E134/><N who="3" m="51242" /><G17/><T20/><D20/><U43/><E13/><V57/><REACH who="2" step="1"/><F107/><REACH who="2" ten="210,205,305,260" step="2"/><W92/><G0/><T69/><D128/><U84/><E104/><V51/><AGARI ba="2,2" hai="37,38,39,41,44,51,52,53,57,59,61,63,116,117" machi="51" ten="30,24000,3" yaku="1,1,2,1,0,1,9,1,34,3,54,1,53,0" doraHai="7" doraHaiUra="133" who="2" fromWho="2" sc="210,-82,205,-82,305,266,260,-82" /><INIT seed="2,3,0,4,2,100" ten="128,123,571,178" oya="2" hai0="35,82,124,128,91,59,36,130,117,93,30,0,49" hai1="80,78,86,45,61,132,5,134,120,6,64,96,34" hai2="131,92,14,7,89,16,71,31,13,104,67,133,122" hai3="73,88,113,87,118,103,84,110,56,55,52,1,109"/><V42/><F104/><W119/><G1/><T24/><D36/><U25/><E120/><V123/><F31/><W51/><G73/><T81/><D0/><U111/><E111/><N who="3" m="42506" /><G113/><T46/><D59/><N who="1" m="36927" /><E96/><V121/><F42/><W60/><G103/><T90/><D124/><U79/><E79/><V69/><F133/><N who="1" m="51305" /><E45/><V77/><F77/><W50/><G87/><T21/><D117/><N who="3" m="44553" /><G55/><T18/><D82/><AGARI ba="3,0" hai="50,51,52,56,60,82,84,88" m="44553,42506" machi="82" ten="30,3900,0" yaku="14,1,54,2" doraHai="100" who="3" fromWho="0" sc="128,-48,123,0,571,0,178,48" /><INIT seed="3,0,0,2,4,28" ten="80,123,571,226" oya="3" hai0="12,4,131,118,53,18,11,68,90,84,10,60,77" hai1="128,121,56,109,66,129,122,93,46,67,9,30,54" hai2="36,88,86,16,127,134,45,31,130,115,78,70,120" hai3="99,62,123,106,27,71,17,3,79,94,133,107,37"/><W81/><G37/><T69/><D131/><N who="1" m="50251" /><E30/><V73/><F70/><W125/><G3/><T83/><D118/><U20/><E20/><V49/><F36/><W126/><G123/><N who="1" m="47114" /><E9/><V82/><F127/><N who="3" m="48651" /><G133/><T105/><D105/><U96/><E46/><V35/><F115/><W29/><G17/><T32/><D32/><U95/><E109/><V59/><F130/><W0/><G0/><T26/><D26/><U63/><E93/><V24/><F120/><W87/><G62/><T100/><D100/><AGARI ba="0,0" hai="54,56,63,66,67,95,96,100" m="47114,50251" machi="100" ten="30,1000,0" yaku="19,1" doraHai="28" who="1" fromWho="0" sc="80,-10,123,10,571,0,226,0" owari="70,-43.0,133,-26.7,571,67.1,226,2.6" /></mjloggm>