<mjloggm ver="2.3"><GO type="225" lobby="0"/><UN n0="%E3%81%B5%E3%81%98%E3%81%8B%E3%81%A4" n1="%E7%AC%B9%E9%A4%85" n2="%E3%81%82%E3%81%B9%E3%81%99%E3%81%91" n3="%E3%82%BF%E3%83%BC%E3%83%90%E3%83%B3%E9%87%8E%E5%8F%A3" dan="16,17,16,16" rate="2085.34,2210.27,2112.07,2132.42" sx="M,M,M,M"/><TAIKYOKU oya="0"/><INIT seed="0,0,0,2,5,75" ten="250,250,250,250" oya="0" hai0="78,105,90,131,31,55,60,38,101,7,40,97,42" hai1="91,83,26,112,98,71,10,133,82,34,85,12,102" hai2="41,52,109,104,48,36,47,120,125,127,15,93,62" hai3="68,58,129,3,11,111,134,106,2,50,44,20,30"/><T89/><D7/><U27/><E112/><V110/><F104/><W76/><G68/><T0/><D0/><U43/><E133/><V61/><F15/><W100/><G134/><T32/><D131/><U23/><E71/><V119/><F93/><W114/><G114/><T59/><D78/><U96/><E34/><V49/><F120/><W24/><G111/><N who="2" m="42505" /><F119/><W17/><G129/><T108/><D108/><U57/><E43/><V9/><F9/><W37/><G37/><T13/><D13/><U53/><E83/><V87/><F87/><W77/><G106/><T5/><D5/><U39/><E39/><V123/><F49/><W115/><G100/><T45/><REACH who="0" step="1"/><D42/><REACH who="0" ten="240,250,250,250" step="2"/><U116/><E116/><V54/><F123/><W1/><G115/><T80/><D80/><U35/><E82/><V94/><F94/><W14/><REACH who="3" step="1"/><G58/><REACH who="3" ten="240,250,250,240" step="2"/><T66/><D66/><U56/><E56/><N who="2" m="34951" /><F62/><W63/><G63/><T46/><D46/><AGARI ba="0,2" hai="36,41,46,47,48,54,125,127" m="34951,42505" machi="46" ten="30,7700,0" yaku="14,1,34,2,54,1" doraHai="75" who="2" fromWho="0" sc="240,-77,250,0,250,97,240,0" /><INIT seed="1,0,0,1,3,44" ten="163,250,347,240" oya="1" hai0="64,18,84,101,124,39,100,83,130,35,102,74,62" hai1="50,42,69,47,8,107,129,52,88,58,26,90,51" hai2="68,20,59,34,29,37,3,79,72,45,57,73,65" hai3="115,10,67,121,92,63,23,71,6,87,4,126,14"/><U76/><E69/><V13/><F3/><W33/><G115/><T0/><D74/><U99/><E129/><V104/><F104/><W70/><G121/><T91/><D39/><U7/><E76/><V28/><F68/><W48/><G33/><T85/><D35/><U27/><E107/><V117/><F34/><W2/><G126/><T97/><D0/><U56/><E56/><V131/><F65/><W30/><G4/><T118/><D124/><U60/><E60/><V120/><F13/><W77/><G70/><T43/><D43/><U128/><E128/><V106/><F20/><W40/><G2/><T125/><D125/><U21/><E99/><V55/><F55/><W108/><G108/><T15/><D118/><U98/><E98/><V9/><F79/><W116/><G116/><T133/><D133/><U78/><E78/><V132/><F37/><W94/><G23/><T105/><D85/><U5/><E26/><V16/><F73/><W32/><G30/><T112/><D112/><U36/><E36/><V111/><F29/><W114/><G32/><T134/><D134/><U22/><E22/><V19/><F28/><W96/><G96/><T53/><D53/><U119/><E119/><V93/><F117/><W109/><G109/><T135/><D135/><U11/><E7/><V17/><F111/><W123/><G114/><T61/><D130/><U122/><E122/><V80/><F120/><W89/><G123/><T46/><D46/><U127/><E127/><V25/><F131/><W41/><G71/><N who="0" m="42383" /><D62/><U38/><E38/><V86/><F132/><W24/><G63/><RYUUKYOKU ba="0,0" sc="163,30,250,-10,347,-10,240,-10" hai0="15,18,83,84,91,97,100,101,102,105" /><INIT seed="2,1,0,3,5,51" ten="193,240,337,230" oya="2" hai0="33,45,94,126,102,131,77,22,98,13,71,24,47" hai1="90,57,32,69,95,44,28,16,82,75,128,91,86" hai2="118,19,43,125,70,132,5,68,4,37,39,49,42" hai3="64,135,114,8,11,1,48,74,2,66,65,63,14"/><V38/><F118/><W55/><G74/><T80/><D126/><U96/><E69/><N who="2" m="26731" /><F19/><W53/><G135/><T76/><D131/><U9/><E128/><V97/><F49/><W21/><G114/><T115/><D115/><U85/><E75/><V100/><F100/><W7/><G21/><T108/><D108/><U122/><E122/><V84/><F84/><W113/><G113/><T93/><D71/><U101/><E32/><V25/><F25/><W17/><G63/><T124/><D124/><U58/><E28/><V120/><F97/><W46/><REACH who="3" step="1"/><G1/><REACH who="3" ten="193,240,337,220" step="2"/><T50/><D33/><U41/><E9/><V31/><F132/><W72/><G72/><T62/><D62/><U121/><E121/><V119/><F120/><W40/><AGARI ba="1,1" hai="2,7,8,11,14,17,40,46,48,53,55,64,65,66" machi="40" ten="30,7900,0" yaku="1,1,0,1,52,2,53,0" doraHai="51" doraHaiUra="23" who="3" fromWho="3" sc="193,-21,240,-21,337,-40,220,92" /><INIT seed="3,0,0,0,1,98" ten="172,219,297,312" oya="3" hai0="44,116,61,102,118,131,70,95,90,77,97,1,18" hai1="58,55,27,80,64,8,32,9,99,114,42,75,128" hai2="28,72,38,132,54,82,40,12,13,83,124,103,84" hai3="45,4,81,49,51,31,57,41,122,74,53,107,30"/><W6/><G122/><T46/><D1/><U33/><E114/><V29/><F72/><W63/><G107/><T35/><D77/><U121/><E121/><V43/><F38/><W87/><G74/><T10/><D35/><U106/><E64/><V14/><F124/><W76/><G51/><T3/><D131/><U79/><E128/><V93/><F132/><W19/><G19/><T125/><D125/><U101/><E42/><N who="2" m="15915" /><F54/><W112/><G112/><T11/><D70/><U50/><REACH who="1" step="1"/><E33/><REACH who="1" ten="172,209,297,312" step="2"/><V120/><F120/><W68/><G68/><T133/><D133/><U85/><E85/><V113/><F113/><W62/><G62/><T21/><D118/><U47/><E47/><V16/><F84/><W20/><G20/><T108/><D116/><U89/><E89/><V86/><F86/><W15/><G15/><N who="0" m="9439" /><D3/><U65/><E65/><V110/><F14/><W23/><G23/><T129/><D129/><U24/><E24/><V67/><F13/><W22/><G22/><T52/><D108/><U78/><E78/><V26/><F67/><W130/><G130/><T126/><D126/><U88/><E88/><V135/><F26/><W96/><G96/><T2/><D2/><U36/><E36/><V134/><F110/><W127/><G127/><T25/><D25/><U104/><E104/><V92/><F135/><W73/><G73/><T56/><D90/><U123/><E123/><V71/><F134/><W60/><G60/><T100/><D100/><U69/><E69/><V109/><F71/><W37/><G37/><T119/><D119/><U48/><E48/><V39/><F109/><RYUUKYOKU ba="0,1" sc="172,10,209,10,297,-30,312,10" hai0="10,11,44,46,52,56,61,95,97,102" hai1="8,9,27,32,50,55,58,75,79,80,99,101,106" hai3="4,6,30,31,41,45,49,53,57,63,76,81,87" owari="182,-31.8,219,-18.1,267,6.7,332,43.2" /></mjloggm>