<mjloggm ver="2.3"><GO type="225" lobby="0"/><UN n0="%E3%82%82%E3%81%90%E3%82%89" n1="%E3%83%A9%E3%83%BC%E3%83%A1%E3%83%B3%E4%BA%94%E9%83%8E" n2="%E8%81%B7%E6%A5%AD%E3%80%81%E9%A2%A8%32" n3="%E9%87%8E%E3%80%85%E5%AE%AE%E8%97%8D" dan="17,16,16,17" rate="2159.67,2080.40,2106.42,2143.17" sx="M,M,M,F"/><TAIKYOKU oya="0"/><INIT seed="0,0,0,5,3,17" ten="250,250,250,250" oya="0" hai0="55,54,93,9,57,111,48,10,117,99,81,77,101" hai1="50,14,120,86,130,42,74,71,116,36,0,75,52" hai2="96,131,122,39,47,100,102,97,6,110,113,29,109" hai3="18,80,133,103,66,72,105,31,61,127,114,118,91"/><T126/><D117/><U106/><E0/><V19/><F113/><W121/><G114/><T73/><D126/><U20/><E116/><V123/><F6/><W87/><G118/><T3/><D3/><U64/><E120/><V5/><F5/><W58/><G127/><T33/><D33/><U38/><E106/><V12/><F29/><W134/><G121/><N who="2" m="46089" /><F47/><W22/><G31/><T43/><D111/><N who="2" m="42506" /><F39/><W68/><G72/><T112/><D112/><U51/><E74/><V65/><F65/><W35/><G35/><T92/><D43/><U16/><E75/><V4/><F4/><W84/><G68/><T44/><REACH who="0" step="1"/><D93/><REACH who="0" ten="240,250,250,250" step="2"/><U41/><E41/><V40/><F40/><W28/><G105/><T23/><D23/><U70/><E36/><V69/><F131/><W129/><G129/><T94/><D94/><U135/><E130/><V76/><F69/><W63/><G22/><T11/><D11/><U107/><E71/><V56/><F102/><W83/><G103/><T49/><AGARI ba="0,1" hai="9,10,44,48,49,54,55,57,73,77,81,92,99,101" machi="49" ten="20,3900,0" yaku="1,1,0,1,7,1,53,0" doraHai="17" doraHaiUra="32" who="0" fromWho="0" sc="240,49,250,-13,250,-13,250,-13" /><INIT seed="0,1,0,3,3,40" ten="289,237,237,237" oya="0" hai0="79,101,35,63,120,119,97,67,25,118,75,99,0" hai1="27,90,116,64,104,48,83,58,19,122,50,103,24" hai2="68,128,80,94,112,95,8,76,14,4,84,92,5" hai3="115,20,2,13,98,39,69,28,78,11,110,73,21"/><T47/><D120/><U33/><E116/><V62/><F128/><W89/><G69/><T81/><D0/><U44/><E122/><V113/><F68/><W121/><G115/><T127/><D99/><U45/><E33/><V43/><F62/><W18/><G121/><T74/><D74/><U114/><E114/><V131/><F131/><W3/><G39/><T86/><D86/><N who="1" m="50527" /><E104/><V85/><F5/><W15/><G78/><T26/><D26/><N who="1" m="9771" /><E19/><V123/><F123/><W72/><G73/><T107/><D127/><U23/><E23/><V31/><F31/><W12/><G72/><T71/><REACH who="0" step="1"/><D47/><REACH who="0" ten="279,237,237,237" step="2"/><N who="1" m="17995" /><E103/><V135/><F112/><W34/><G2/><T16/><D16/><U93/><E93/><V130/><F113/><W6/><G3/><T32/><D32/><U91/><E91/><V132/><F92/><W46/><G34/><T1/><D1/><U87/><E87/><V54/><F85/><W66/><G89/><T65/><D65/><U108/><E108/><V70/><F94/><W53/><G66/><T56/><D56/><U88/><E88/><V10/><F95/><W9/><G110/><T106/><D106/><U59/><E64/><V38/><F84/><W109/><G109/><T129/><D129/><U96/><E96/><V30/><F130/><W126/><G98/><T55/><D55/><U105/><E105/><V49/><F54/><W133/><G53/><T117/><D117/><U37/><E37/><V41/><F38/><W22/><G18/><T17/><D17/><U111/><E111/><V100/><F70/><W36/><G36/><T52/><D52/><RYUUKYOKU ba="1,1" sc="279,15,237,15,237,-15,237,-15" hai0="25,35,63,67,71,75,79,81,97,101,107,118,119" hai1="48,50,58,59" /><INIT seed="0,2,1,5,2,117" ten="294,252,222,222" oya="0" hai0="39,90,128,5,126,56,73,105,95,98,29,18,118" hai1="101,86,16,132,43,59,103,57,114,134,7,125,15" hai2="71,52,78,62,111,83,79,60,130,72,112,102,104" hai3="26,99,4,36,3,38,22,77,75,76,106,53,121"/><T115/><D118/><U65/><E125/><V1/><F112/><W44/><G106/><T124/><D115/><U109/><E114/><V24/><F111/><W120/><G99/><T9/><D128/><U92/><E109/><V70/><F1/><W84/><G84/><T12/><D73/><U54/><E7/><V19/><F130/><W81/><G76/><T10/><D39/><U41/><E65/><V40/><F40/><N who="1" m="15433" /><E86/><V58/><F79/><W49/><G4/><T17/><D105/><U127/><E127/><N who="0" m="48681" /><D29/><U80/><E80/><V51/><F71/><W47/><G47/><T30/><D30/><U50/><E59/><V67/><F104/><W0/><G0/><N who="0" m="167" /><D56/><U31/><E31/><V32/><F102/><W6/><G6/><AGARI ba="2,1" hai="6,10,12,17,18,90,95,98" m="167,48681" machi="6" ten="30,1500,0" yaku="18,1" doraHai="117" who="0" fromWho="3" sc="294,31,252,0,222,0,222,-21" /><INIT seed="0,3,0,2,2,32" ten="325,252,222,201" oya="0" hai0="128,121,103,30,28,40,127,54,14,44,19,47,79" hai1="112,72,118,63,122,73,23,33,105,59,132,66,123" hai2="13,9,88,48,5,106,36,77,109,98,22,41,134" hai3="89,7,102,35,86,10,90,43,56,135,92,29,114"/><T61/><D121/><U2/><E33/><V82/><F109/><W117/><G114/><T34/><D128/><U0/><E118/><V101/><F134/><W107/><G117/><T45/><D127/><U38/><E38/><V57/><F36/><W124/><G135/><T50/><D79/><U83/><E132/><V11/><F22/><W8/><G124/><T108/><D108/><U78/><E112/><V37/><F37/><W6/><G43/><T1/><D1/><U49/><E105/><V95/><F11/><W42/><G42/><T16/><D103/><U81/><E23/><V120/><F120/><W116/><G116/><T52/><D34/><U17/><E17/><N who="0" m="6729" /><D14/><U96/><E96/><V113/><F113/><W46/><G102/><T74/><D74/><U27/><E27/><V20/><F20/><W4/><G107/><T3/><D3/><U69/><E123/><V64/><F106/><W76/><G76/><T100/><D100/><U125/><E125/><V110/><F110/><W12/><G89/><T58/><D40/><U26/><E122/><V129/><F129/><W15/><G4/><T85/><D85/><U115/><E115/><V70/><F70/><W67/><G35/><T133/><D133/><U130/><E130/><V39/><F39/><W93/><G29/><AGARI ba="3,0" hai="28,29,30,44,45,47,50,52,54,58,61" m="6729" machi="29" ten="30,5800,0" yaku="8,1,54,2" doraHai="32" who="0" fromWho="3" sc="325,67,252,0,222,0,201,-67" /><INIT seed="0,4,0,3,1,8" ten="392,252,222,134" oya="0" hai0="124,107,85,131,112,6,84,116,60,103,31,69,109" hai1="56,65,42,45,23,51,100,114,78,132,33,93,98" hai2="58,95,82,62,1,97,48,27,37,125,34,75,117" hai3="128,61,88,30,11,108,92,14,135,17,120,20,0"/><T35/><D116/><U47/><E132/><V55/><F37/><W15/><G135/><T3/><D112/><U134/><E134/><V89/><F1/><W94/><G108/><T121/><D121/><U53/><E114/><V5/><F5/><N who="3" m="3439" /><G0/><T18/><D124/><U133/><E133/><V119/><F125/><W25/><G120/><T29/><D131/><U54/><E33/><V74/><F82/><W70/><G70/><T127/><D127/><U13/><E78/><V67/><F34/><W71/><G71/><T102/><D3/><U101/><E101/><V24/><F75/><W105/><G105/><T129/><D6/><U10/><E23/><V79/><F79/><W59/><G128/><T7/><D7/><N who="1" m="3295" /><E45/><V80/><F74/><W57/><G94/><T26/><D129/><U43/><E43/><V86/><F117/><W68/><G68/><T96/><D109/><U63/><AGARI ba="4,0" hai="42,47,51,53,54,56,63,65,93,98,100" m="3295" machi="63" ten="30,2000,0" yaku="8,1,52,1" doraHai="8" who="1" fromWho="1" sc="392,-14,252,32,222,-9,134,-9" /><INIT seed="1,0,0,5,0,116" ten="378,284,213,125" oya="1" hai0="96,17,3,130,25,127,4,84,16,65,119,109,33" hai1="73,6,94,92,57,132,115,39,24,32,26,107,120" hai2="68,53,66,118,54,99,129,14,75,104,74,56,30" hai3="44,76,80,133,11,69,31,87,41,110,89,40,22"/><U61/><E115/><V108/><F108/><W28/><G110/><T114/><D119/><U78/><E39/><V103/><F118/><W43/><G69/><T60/><D114/><U79/><E107/><V72/><F129/><W86/><G133/><T101/><D109/><U38/><E38/><V13/><F30/><W2/><G2/><T98/><D98/><U15/><E132/><V1/><F1/><W59/><G11/><T21/><D130/><U82/><E32/><V134/><F134/><W135/><G135/><T67/><D127/><U95/><E78/><V122/><F122/><W51/><G59/><T111/><D111/><U112/><E112/><V12/><F68/><W63/><G63/><T131/><D131/><U77/><E77/><V27/><F27/><W93/><REACH who="3" step="1"/><G22/><REACH who="3" ten="378,284,213,115" step="2"/><T117/><D21/><U123/><E57/><V85/><F56/><W5/><G5/><T55/><D4/><U88/><E61/><V20/><F20/><W91/><G91/><T83/><D3/><U52/><E88/><V9/><F9/><W106/><G106/><T34/><D60/><U7/><E7/><V125/><F104/><W49/><G49/><T100/><D34/><U45/><E6/><V70/><F70/><W18/><G18/><T0/><D0/><U90/><E90/><V47/><F103/><W29/><AGARI ba="0,1" hai="28,29,31,40,41,43,44,51,76,80,86,87,89,93" machi="29" ten="30,4000,0" yaku="1,1,0,1,8,1,53,0" doraHai="116" doraHaiUra="58" who="3" fromWho="3" sc="378,-10,284,-20,213,-10,115,50" /><INIT seed="2,0,0,4,0,58" ten="368,264,203,165" oya="2" hai0="70,59,124,50,73,89,19,98,132,54,96,68,92" hai1="93,40,41,23,2,24,26,75,18,36,42,83,106" hai2="29,133,99,79,129,43,17,110,34,125,82,56,97" hai3="111,20,6,7,117,134,120,30,33,11,130,32,81"/><V103/><F129/><W84/><G117/><T107/><D73/><U100/><E106/><V104/><F133/><W16/><G120/><T37/><D37/><U119/><E119/><V118/><F125/><W76/><G130/><T108/><D132/><U15/><E2/><V69/><F69/><W72/><G134/><T10/><D124/><U91/><E36/><V63/><F118/><W86/><G111/><T101/><D108/><U28/><E28/><V52/><F110/><W4/><G11/><T31/><D31/><U135/><E135/><V48/><F97/><W77/><G30/><T21/><D10/><U66/><E66/><V80/><F17/><W35/><REACH who="3" step="1"/><G77/><REACH who="3" ten="368,264,203,155" step="2"/><T38/><D38/><U8/><E8/><V90/><F79/><W45/><G45/><T44/><D44/><U102/><E40/><V62/><F43/><W114/><G114/><T128/><D128/><U109/><E41/><V122/><F122/><W67/><G67/><T71/><D71/><U121/><E42/><V61/><REACH who="2" step="1"/><F90/><REACH who="2" ten="368,264,193,155" step="2"/><W3/><G3/><T25/><AGARI ba="0,2" hai="19,21,25,50,54,59,68,70,89,92,96,98,101,107" machi="25" ten="20,1500,0" yaku="0,1,7,1" doraHai="58" who="0" fromWho="0" sc="368,35,264,-4,193,-7,155,-4" /><INIT seed="3,0,0,2,1,15" ten="403,260,186,151" oya="3" hai0="13,32,8,3,67,38,102,85,23,44,7,1,25" hai1="109,111,120,65,64,74,53,81,116,50,128,55,62" hai2="37,46,28,69,59,10,49,104,36,112,92,45,131" hai3="119,54,132,101,47,68,80,31,26,134,89,103,129"/><W98/><G119/><T51/><D38/><U43/><E120/><V27/><F104/><W86/><G68/><T106/><D67/><N who="1" m="25675" /><E128/><V99/><F69/><W135/><G129/><T17/><D85/><U78/><E116/><V95/><F112/><W5/><G5/><T130/><D130/><U115/><E62/><V14/><F95/><W39/><G98/><T16/><D32/><U133/><E133/><V77/><F77/><W126/><G126/><T21/><D102/><U60/><E60/><V52/><F37/><W66/><G66/><T71/><D71/><U56/><E115/><V20/><F36/><W94/><G94/><T117/><D106/><U18/><E18/><N who="2" m="8535" /><F131/><W107/><G107/><T79/><D79/><U42/><E55/><V121/><F121/><W76/><G76/><T83/><D83/><U12/><E12/><V91/><AGARI ba="0,0" hai="20,27,28,45,46,49,52,59,91,92,99" m="8535" machi="91" ten="30,4000,0" yaku="8,1,52,1,54,1" doraHai="15" who="2" fromWho="2" sc="403,-10,260,-10,186,40,151,-20" owari="393,49.3,250,5.0,226,-17.4,131,-36.9" /></mjloggm>