<mjloggm ver="2.3"><GO type="225" lobby="0"/><UN n0="%E6%B4%BE%E9%81%A3%E3%81%AE%E3%82%B8%E3%83%A3%E3%83%83%E3%82%AF" n1="%77%72%77%72%77%72%77%72" n2="%74%61%6B%75%61%6B%61" n3="%E6%AB%BB%E4%BA%95%E5%A5%8F" dan="17,16,16,17" rate="2216.33,2110.64,2090.95,2213.87" sx="M,M,M,M"/><TAIKYOKU oya="0"/><INIT seed="0,0,0,4,2,22" ten="250,250,250,250" oya="0" hai0="124,67,91,48,90,132,26,104,30,65,72,74,107" hai1="85,59,92,43,110,68,117,70,32,54,5,45,134" hai2="71,126,50,89,133,115,97,99,21,84,11,47,6" hai3="118,81,52,57,33,35,128,49,36,69,95,80,4"/><T77/><D124/><U8/><E117/><V39/><F39/><W122/><G36/><T10/><D132/><U130/><E134/><V29/><F71/><W76/><G118/><T1/><D48/><U87/><E110/><V111/><F111/><W28/><G69/><T56/><D10/><U125/><E125/><V93/><F115/><W44/><G122/><T63/><D1/><U83/><E130/><V98/><F126/><W12/><G128/><T109/><D109/><U25/><E92/><V106/><F106/><W38/><G81/><T17/><D17/><U62/><E87/><V61/><F61/><W101/><G28/><T94/><D67/><U42/><E42/><V41/><F133/><W121/><G121/><T40/><D40/><U108/><E32/><V13/><REACH who="2" step="1"/><F98/><REACH who="2" ten="250,250,240,250" step="2"/><N who="3" m="59615" /><G38/><T16/><D104/><U64/><E108/><V9/><F9/><N who="3" m="4135" /><G33/><T129/><D107/><U96/><E70/><V88/><F88/><W103/><G35/><T112/><D91/><U37/><E68/><V27/><AGARI ba="0,1" hai="6,11,13,21,27,29,41,47,50,84,89,93,97,99" machi="27" ten="30,7900,0" yaku="1,1,0,1,8,1,52,1,53,0" doraHai="22" doraHaiUra="79" who="2" fromWho="2" sc="250,-39,250,-20,240,89,250,-20" /><INIT seed="1,0,0,3,1,101" ten="211,230,329,230" oya="1" hai0="24,29,26,100,126,28,30,96,112,74,42,124,23" hai1="62,10,121,106,47,13,81,107,119,80,88,9,130" hai2="78,50,14,113,21,27,133,69,134,15,6,5,95" hai3="17,117,86,90,116,103,56,127,43,55,63,87,11"/><U12/><E119/><N who="3" m="45642" /><G127/><N who="0" m="48683" /><D74/><U52/><E121/><V123/><F69/><W68/><G43/><T76/><D76/><U38/><E38/><V135/><F123/><W54/><G68/><T60/><D60/><U102/><E102/><V16/><F113/><W31/><G31/><N who="0" m="17823" /><D42/><U97/><E97/><V45/><BYE who="1" /><F78/><UN n1="%77%72%77%72%77%72%77%72" /><W104/><G55/><T115/><D96/><U99/><E99/><V98/><F5/><W110/><G110/><T58/><D58/><U33/><E33/><V83/><F83/><N who="3" m="49503" /><G87/><T48/><D48/><U59/><E59/><V64/><BYE who="1" /><F6/><W44/><G44/><T131/><D100/><U71/><E71/><V79/><F79/><W1/><G103/><T114/><D131/><U36/><E36/><V105/><F64/><UN n1="%77%72%77%72%77%72%77%72" /><W51/><G63/><T4/><D4/><U89/><E62/><V82/><F82/><W46/><G46/><T67/><D67/><U19/><E47/><V109/><F95/><W128/><G128/><T91/><D91/><U3/><E130/><V65/><F65/><W66/><G66/><T35/><AGARI ba="0,0" hai="26,28,29,30,35,112,114,115" m="17823,48683" machi="35" ten="40,5200,0" yaku="18,1,34,2" doraHai="101" who="0" fromWho="0" sc="211,52,230,-26,329,-13,230,-13" /><INIT seed="2,0,0,3,3,18" ten="263,204,316,217" oya="2" hai0="14,135,121,45,95,33,68,9,13,67,134,5,60" hai1="42,35,22,89,110,72,48,34,84,76,133,74,123" hai2="125,6,3,91,41,87,11,17,92,69,38,39,105" hai3="112,12,120,98,53,47,122,129,100,63,64,54,111"/><V97/><F125/><W49/><G111/><T132/><D121/><U86/><E123/><V131/><F131/><W119/><G129/><T25/><D45/><U28/><E110/><V81/><F69/><W8/><G119/><T114/><D114/><U50/><E133/><V126/><F126/><W21/><G112/><T82/><D82/><U115/><E115/><V107/><F17/><W31/><G53/><T32/><D95/><U1/><E1/><V102/><F41/><W79/><G79/><T77/><D77/><U109/><E109/><V52/><F105/><W103/><G103/><T61/><D61/><U118/><E118/><V40/><F40/><W46/><G46/><T71/><D71/><U29/><E42/><V113/><F113/><W90/><G90/><T94/><D94/><U116/><E89/><V93/><F93/><W108/><G108/><T104/><D104/><U36/><E76/><V16/><F16/><W10/><G122/><T23/><D14/><U78/><E78/><V96/><F52/><W51/><G51/><T62/><D62/><U26/><E116/><V65/><F65/><W19/><G31/><AGARI ba="0,0" hai="5,9,13,23,25,31,32,33,60,67,68,132,134,135" machi="31" ten="40,2600,0" yaku="20,1,52,1" doraHai="18" who="0" fromWho="3" sc="263,26,204,0,316,0,217,-26" /><INIT seed="3,0,0,4,2,66" ten="289,204,316,191" oya="3" hai0="59,45,130,99,126,67,76,91,15,51,46,79,52" hai1="85,105,86,135,6,129,53,134,48,75,20,89,25" hai2="63,32,125,29,115,112,107,62,22,123,77,49,113" hai3="90,16,34,96,110,4,70,9,128,40,111,73,31"/><W95/><G73/><T64/><D126/><U1/><E75/><V35/><F107/><W37/><G128/><T39/><D130/><U71/><E129/><V121/><F125/><W28/><G34/><N who="2" m="12841" /><F77/><N who="0" m="29770" /><D39/><U50/><E71/><V19/><F29/><W27/><G70/><T74/><D74/><U57/><E105/><V69/><F49/><W127/><G127/><T44/><D15/><U124/><E124/><V102/><F102/><W23/><G40/><T55/><D55/><U13/><E1/><V104/><F104/><W8/><G37/><T17/><D17/><U97/><E48/><V84/><F84/><W120/><G120/><N who="2" m="46153" /><F69/><W93/><G93/><AGARI ba="0,0" hai="44,45,46,51,52,59,64,67,91,93,99" m="29770" machi="93" ten="30,2000,0" yaku="8,1,54,1" doraHai="66" who="0" fromWho="3" sc="289,20,204,0,316,0,191,-20" owari="309,10.9,204,-19.6,316,41.6,171,-32.9" /></mjloggm>