<mjloggm ver="2.3"><GO type="225" lobby="0"/><UN n0="%E5%A4%96%E5%B7%9D%E7%AB%9C%E6%88%90" n1="%E3%81%A8%E3%82%93%E3%81%A8%E3%81%93%E3%81%A8%E3%82%93" n2="%E6%9D%B1%E9%A2%A8%E3%81%AE%E3%81%8D%E3%82%83%E3%81%B7%E3%81%95%E3%82%93" n3="%E3%81%BF%E3%81%BF%E3%81%9A" dan="16,16,17,18" rate="2109.22,2104.51,2204.24,2266.80" sx="M,F,M,M"/><TAIKYOKU oya="0"/><INIT seed="0,0,0,3,1,15" ten="250,250,250,250" oya="0" hai0="21,0,75,47,77,11,123,131,42,103,125,27,110" hai1="44,74,16,122,127,36,46,99,120,111,132,68,54" hai2="32,121,69,30,93,50,45,28,48,57,72,117,78" hai3="3,76,24,82,83,2,135,41,112,4,23,17,71"/><T85/><D123/><U29/><E74/><V113/><F69/><W70/><G112/><T52/><D110/><U67/><E111/><V53/><F121/><W39/><G135/><T107/><D125/><U25/><E132/><V129/><F113/><W63/><G83/><T96/><D131/><U124/><E99/><V87/><F117/><W59/><G41/><T8/><D0/><U38/><E29/><V40/><F129/><W119/><G39/><N who="1" m="14890" /><E120/><V106/><F106/><W10/><G2/><T31/><D42/><U9/><E122/><V128/><F128/><W49/><G49/><T133/><D133/><U73/><E73/><V91/><F32/><W7/><G4/><T61/><D75/><U94/><E94/><V88/><F78/><W104/><G104/><T130/><D130/><U58/><E67/><V55/><F72/><W134/><G119/><T80/><REACH who="0" step="1"/><D47/><REACH who="0" ten="240,250,250,250" step="2"/><U18/><E68/><V81/><REACH who="2" step="1"/><F40/><REACH who="2" ten="240,250,240,250" step="2"/><W116/><G134/><T97/><D97/><AGARI ba="0,2" hai="28,30,45,48,50,53,55,57,81,87,88,91,93,97" machi="97" ten="30,12000,2" yaku="1,1,2,1,7,1,8,1,54,1,53,1" doraHai="15" doraHaiUra="90" who="2" fromWho="0" sc="240,-120,250,0,240,140,250,0" /><INIT seed="1,0,0,5,0,111" ten="120,250,380,250" oya="1" hai0="76,2,68,129,83,99,80,117,67,28,112,18,44" hai1="23,70,128,43,40,131,84,38,12,95,94,108,102" hai2="19,113,8,3,100,77,58,24,55,135,9,31,115" hai3="42,14,4,119,34,35,96,52,69,15,120,93,75"/><U122/><E122/><V127/><F127/><W89/><G120/><T16/><D117/><U106/><E70/><V32/><F135/><W74/><G119/><T63/><D2/><U133/><E106/><V48/><F100/><W81/><G69/><T0/><D0/><U37/><E102/><V22/><F77/><W7/><G42/><T110/><D110/><U118/><E108/><V49/><F49/><W20/><G81/><T39/><D129/><U41/><E118/><V126/><F126/><W86/><G86/><T30/><D83/><U114/><E133/><V72/><F72/><W103/><G89/><T97/><D112/><N who="2" m="43082" /><F3/><W36/><G36/><T26/><D30/><U64/><E114/><V46/><F46/><W17/><G75/><T45/><D45/><U5/><E38/><V61/><F48/><W33/><G74/><T57/><D68/><U87/><E37/><V29/><F29/><W109/><G109/><T134/><D134/><U62/><E128/><V90/><F90/><W85/><G85/><T59/><D39/><U50/><E50/><V104/><F104/><W125/><G125/><T107/><D44/><U21/><E131/><V130/><F130/><W51/><REACH who="3" step="1"/><G14/><AGARI ba="0,0" hai="8,9,14,19,22,24,31,32,55,58,61" m="43082" machi="14" ten="30,7700,0" yaku="11,1,52,3" doraHai="111" who="2" fromWho="3" sc="120,0,250,0,380,77,250,-77" /><INIT seed="2,0,0,0,4,14" ten="120,250,457,173" oya="2" hai0="127,36,92,73,67,71,132,84,119,30,86,50,64" hai1="31,45,49,26,103,75,89,128,124,115,114,96,48" hai2="35,60,81,120,53,74,87,22,63,125,118,25,20" hai3="98,52,93,90,105,47,15,51,99,83,54,117,80"/><V21/><F74/><W111/><G117/><T44/><D73/><U134/><E75/><V24/><F118/><W130/><G111/><T77/><D119/><U40/><E124/><V135/><F120/><W16/><G130/><T97/><D36/><U56/><E128/><V12/><F135/><W110/><G110/><T41/><D127/><U79/><E134/><V10/><F125/><W76/><G76/><T27/><D132/><U32/><E79/><V29/><F24/><W88/><G54/><T13/><D71/><U116/><E89/><N who="3" m="34410" /><G105/><T122/><D122/><U112/><E116/><V85/><F53/><W11/><G93/><T28/><D28/><U101/><E96/><AGARI ba="0,0" hai="11,15,16,47,51,52,80,83,96,98,99" m="34410" machi="96" ten="30,8000,1" yaku="8,1,52,1,54,3" doraHai="14" who="3" fromWho="1" sc="120,0,250,-80,457,0,173,80" /><INIT seed="3,0,0,1,0,15" ten="120,170,457,253" oya="3" hai0="5,0,50,127,29,65,81,40,87,4,117,122,46" hai1="41,57,72,10,131,94,77,24,39,100,58,20,132" hai2="6,121,79,71,52,114,22,124,115,129,17,104,25" hai3="112,8,126,84,23,105,120,44,90,111,27,54,62"/><W30/><G112/><T133/><D117/><U51/><E39/><V19/><F71/><W64/><G105/><T85/><D122/><U9/><E72/><V63/><F104/><W1/><G120/><T7/><D0/><U99/><E77/><V61/><F79/><W38/><G126/><T13/><D127/><U75/><E75/><V96/><F124/><W55/><G111/><T32/><D133/><U36/><E36/><V66/><F6/><W82/><G1/><T16/><D32/><U106/><E106/><V69/><F96/><W37/><G8/><N who="1" m="3178" /><E131/><V123/><F129/><W95/><G37/><T45/><D29/><N who="1" m="17543" /><E132/><V33/><F33/><W130/><G130/><T14/><D65/><U28/><E28/><V3/><F3/><W102/><G44/><AGARI ba="0,0" hai="41,44,51,57,58,94,99,100" m="17543,3178" machi="44" ten="30,1000,0" yaku="8,1" doraHai="15" who="1" fromWho="3" sc="120,0,170,10,457,0,253,-10" owari="120,-38.0,180,-22.0,457,55.7,243,4.3" /></mjloggm>