<mjloggm ver="2.3"><GO type="225" lobby="0"/><UN n0="%72%69%6F%75%63%68%61%6E" n1="%E3%81%82%E3%81%99%E3%81%AB%E3%82%83%E3%82%80" n2="%E3%81%BF%E3%81%BF%E3%81%9A" n3="%E5%A4%A7%E5%A4%A7%E5%B2%A1%E5%B1%B1%EF%BC%A0%E6%A8%AA%E6%B5%9C" dan="16,16,17,16" rate="2171.03,2145.05,2272.74,2143.77" sx="M,F,M,M"/><TAIKYOKU oya="0"/><INIT seed="0,0,0,5,2,110" ten="250,250,250,250" oya="0" hai0="56,55,79,94,12,15,22,47,98,16,67,61,28" hai1="59,34,96,24,38,8,70,17,124,40,0,104,95" hai2="120,78,114,18,134,123,52,30,122,6,108,80,125" hai3="71,51,50,119,42,87,135,36,102,1,129,84,7"/><T31/><D79/><U66/><E124/><V44/><F114/><W32/><G32/><T91/><REACH who="0" step="1"/><D12/><REACH who="0" ten="240,250,250,250" step="2"/><U107/><E0/><V3/><F78/><W86/><G1/><T97/><D97/><U112/><E96/><V48/><F3/><W26/><G119/><T105/><D105/><U92/><E104/><V99/><F99/><W75/><G135/><T33/><D33/><U100/><E107/><V43/><F134/><W111/><G129/><T76/><D76/><U64/><E34/><V35/><F35/><W83/><G111/><T89/><D89/><U109/><E109/><V49/><F108/><W46/><G102/><T77/><D77/><U63/><E100/><V103/><F103/><W9/><G75/><T11/><D11/><U69/><E8/><V19/><F122/><W72/><G72/><T118/><D118/><U115/><E112/><V54/><F120/><W101/><G101/><T41/><D41/><U27/><E40/><V14/><F43/><W121/><G121/><T88/><D88/><U82/><E115/><V20/><F123/><W73/><G73/><T37/><D37/><U128/><E38/><V113/><F113/><W39/><G36/><T21/><D21/><U58/><E128/><V4/><F14/><N who="3" m="5439" /><G26/><T116/><D116/><U127/><E27/><V29/><F20/><W133/><G133/><T60/><D60/><U74/><E63/><V62/><F62/><W90/><G39/><T5/><D5/><U81/><E24/><V130/><F130/><W93/><G42/><T131/><D131/><U65/><E74/><V10/><F4/><RYUUKYOKU ba="0,1" sc="240,30,250,-10,250,-10,250,-10" hai0="15,16,22,28,31,47,55,56,61,67,91,94,98" /><INIT seed="0,1,1,4,4,22" ten="270,240,240,240" oya="0" hai0="124,12,25,50,73,60,51,64,30,68,38,17,85" hai1="83,9,1,0,87,102,36,33,80,58,19,120,13" hai2="41,6,116,49,72,2,71,14,96,29,59,110,62" hai3="39,90,70,7,94,119,108,122,57,43,77,35,82"/><T69/><D73/><U121/><E36/><V4/><F72/><W28/><G70/><T65/><D38/><U115/><E115/><V32/><F110/><W8/><G119/><T126/><D85/><U54/><E33/><V52/><F116/><W67/><G108/><T42/><D65/><U16/><E102/><V99/><F2/><W44/><G57/><T111/><D68/><U55/><E87/><V61/><F71/><W20/><G35/><N who="0" m="20943" /><D42/><U114/><E13/><V45/><F62/><W48/><G67/><T117/><D117/><U107/><E58/><V112/><F112/><W88/><G122/><T63/><D60/><U79/><E114/><V37/><F37/><W27/><G94/><T46/><D46/><U109/><E109/><V24/><REACH who="2" step="1"/><F14/><REACH who="2" ten="270,240,230,240" step="2"/><N who="3" m="5407" /><G39/><T11/><D111/><U75/><E75/><V105/><F105/><W113/><G113/><T78/><D78/><U127/><E79/><V34/><F34/><W134/><G134/><T128/><D128/><U66/><E107/><V131/><F131/><W76/><G77/><T93/><D69/><U10/><REACH who="1" step="1"/><E66/><REACH who="1" ten="270,230,230,240" step="2"/><V18/><F18/><W3/><G3/><T130/><D64/><U104/><E104/><V21/><F21/><W53/><G76/><T31/><D130/><U56/><E56/><V133/><F133/><W106/><G106/><T89/><D63/><U84/><E84/><V135/><F135/><W47/><G47/><T95/><D31/><U123/><E123/><V5/><AGARI ba="1,3" hai="4,5,6,24,29,32,41,45,49,52,59,61,96,99" machi="5" ten="30,7900,0" yaku="1,1,0,1,52,1,54,1,53,0" doraHai="22" doraHaiUra="101" who="2" fromWho="2" sc="270,-40,230,-21,230,112,240,-21" /><INIT seed="1,0,0,1,3,5" ten="230,209,342,219" oya="1" hai0="90,103,8,4,24,50,18,135,39,28,6,40,48" hai1="25,51,100,63,2,27,118,84,33,107,72,88,21" hai2="130,77,35,52,95,133,97,115,20,30,32,92,93" hai3="102,128,37,70,73,96,109,91,110,57,23,31,15"/><U60/><E72/><V120/><F120/><W65/><G70/><T46/><D135/><U1/><E118/><V104/><F133/><W29/><G73/><T64/><D103/><U74/><E74/><V123/><F123/><W113/><G37/><T13/><D64/><U106/><E33/><V58/><F77/><W131/><G91/><T85/><D48/><U47/><E100/><V94/><F104/><W3/><G3/><T132/><D39/><U67/><E1/><V26/><F130/><N who="3" m="49707" /><G57/><T22/><REACH who="0" step="1"/><D132/><REACH who="0" ten="220,209,342,219" step="2"/><U108/><E107/><V78/><F115/><W116/><G65/><T41/><D41/><U19/><E106/><V105/><F105/><N who="3" m="63687" /><G113/><T80/><AGARI ba="0,1" hai="4,6,8,13,18,22,24,28,40,46,50,80,85,90" machi="80" ten="20,8000,1" yaku="1,1,0,1,7,1,8,1,52,1,53,0" doraHai="5" doraHaiUra="101" who="0" fromWho="0" sc="220,90,209,-40,342,-20,219,-20" /><INIT seed="2,0,0,4,3,66" ten="310,169,322,199" oya="2" hai0="65,94,131,63,116,55,80,114,76,25,31,44,110" hai1="86,53,78,51,19,133,103,1,42,118,33,101,79" hai2="0,126,112,60,17,20,47,99,62,134,59,117,8" hai3="129,98,21,87,5,105,106,74,84,3,72,64,22"/><V24/><F112/><W11/><G64/><T34/><D114/><U16/><E1/><V104/><F117/><W61/><G61/><T124/><D116/><U77/><E33/><V123/><F123/><W48/><G48/><T32/><D110/><U108/><E108/><V30/><F126/><W43/><G43/><T128/><D124/><U68/><E68/><V12/><F134/><W54/><G54/><T69/><D32/><U121/><E121/><V35/><F47/><W97/><G3/><T40/><D94/><U81/><E133/><V95/><F104/><W15/><G5/><T2/><D55/><U45/><E118/><V82/><F82/><W57/><G11/><T4/><D4/><U85/><E42/><V23/><F62/><W96/><G15/><T107/><D2/><U88/><REACH who="1" step="1"/><E86/><REACH who="1" ten="310,159,322,199" step="2"/><V120/><F120/><W90/><G87/><T100/><D40/><U71/><E71/><V46/><F0/><W70/><G70/><T75/><D44/><U122/><E122/><V52/><F46/><W119/><G119/><T92/><D92/><U37/><E37/><V91/><AGARI ba="0,1" hai="8,12,17,20,23,24,30,35,52,59,60,91,95,99" machi="91" ten="20,3900,0" yaku="0,1,7,1,54,1" doraHai="66" who="2" fromWho="2" sc="310,-13,159,-13,322,49,199,-13" /><INIT seed="2,1,0,0,4,69" ten="297,146,371,186" oya="2" hai0="68,114,16,96,90,107,79,55,60,5,53,34,17" hai1="0,23,10,64,128,15,49,95,30,38,72,82,65" hai2="24,44,51,129,27,117,6,33,118,91,108,59,63" hai3="99,113,35,130,110,132,19,9,26,3,103,42,4"/><V126/><F6/><W58/><G58/><T52/><D114/><U43/><E128/><V67/><F129/><W57/><G57/><T127/><D34/><U45/><E49/><V123/><F123/><W120/><G130/><T14/><D127/><U62/><E95/><V100/><F100/><W66/><G66/><T124/><D124/><U13/><E62/><V86/><F126/><W101/><G101/><T122/><D122/><U98/><E98/><V131/><F131/><W94/><G120/><T109/><D109/><U71/><E71/><V84/><F84/><W61/><G61/><T41/><D41/><U47/><E47/><V81/><F108/><W46/><G110/><T92/><D79/><U87/><E72/><V83/><F83/><W93/><G132/><T29/><D29/><U76/><E0/><V11/><F11/><W32/><G94/><T70/><D107/><U135/><E135/><V8/><F8/><W116/><G116/><T121/><D121/><U39/><E39/><V115/><F115/><W89/><G103/><T80/><D80/><U54/><E54/><N who="0" m="21097" /><D70/><U20/><E20/><V112/><F112/><W102/><G102/><T48/><D60/><U22/><E22/><V25/><F33/><W75/><G75/><T21/><D68/><U12/><REACH who="1" step="1"/><E10/><REACH who="1" ten="297,136,371,186" step="2"/><V134/><F134/><W28/><G113/><T7/><D17/><U133/><E133/><V1/><F1/><W31/><G19/><T50/><D48/><U56/><E56/><AGARI ba="1,1" hai="5,7,14,16,21,50,55,56,90,92,96" m="21097" machi="56" ten="30,3900,0" yaku="8,1,54,2" doraHai="69" who="0" fromWho="1" sc="297,52,136,-42,371,0,186,0" /><INIT seed="3,0,0,5,4,90" ten="349,94,371,186" oya="3" hai0="95,127,93,17,47,64,26,107,131,63,77,108,38" hai1="88,126,56,10,91,12,0,125,119,98,102,134,25" hai2="104,106,48,35,123,78,40,68,9,67,6,30,53" hai3="54,69,23,18,122,115,32,61,130,19,111,20,86"/><W97/><G32/><T52/><D107/><U99/><E0/><V116/><F116/><W28/><G115/><T45/><D108/><U3/><E3/><V135/><F40/><W2/><G2/><T34/><D127/><U50/><E119/><V1/><F78/><W120/><G28/><T59/><D131/><U75/><E75/><V118/><F118/><W31/><G31/><T133/><D133/><U82/><E134/><V109/><F135/><W81/><G130/><T60/><D77/><U43/><E25/><V37/><F37/><W96/><G111/><T41/><D47/><U27/><E27/><V66/><F109/><W117/><G117/><T76/><D76/><U55/><E43/><V13/><F1/><W62/><G69/><T15/><D26/><U22/><E22/><V29/><F123/><W80/><G86/><T121/><D34/><U89/><E82/><V51/><F51/><W79/><G79/><T46/><D121/><U65/><E65/><N who="2" m="24587" /><F68/><W14/><G54/><T92/><D45/><U11/><E99/><V124/><F124/><W42/><G42/><T105/><D105/><N who="2" m="40554" /><F35/><W36/><G36/><T44/><D44/><U21/><E21/><V113/><F113/><W72/><REACH who="3" step="1"/><G14/><REACH who="3" ten="349,94,371,176" step="2"/><T33/><D33/><U132/><E132/><V87/><F87/><W8/><G8/><N who="1" m="3114" /><E12/><V83/><F83/><W71/><G71/><T7/><D7/><U114/><E114/><V100/><F30/><W129/><G129/><T103/><D15/><U74/><E74/><AGARI ba="0,1" hai="18,19,20,23,61,62,72,74,80,81,96,97,120,122" machi="74" ten="25,4800,0" yaku="1,1,22,2,53,0" doraHai="90" doraHaiUra="24" who="3" fromWho="1" sc="349,0,94,-48,371,0,176,58" /><INIT seed="3,1,0,4,5,121" ten="349,46,371,234" oya="3" hai0="48,96,81,12,45,16,8,128,15,135,109,122,46" hai1="14,47,67,120,10,72,90,34,42,86,115,130,88" hai2="39,17,4,97,33,63,77,102,80,62,30,112,5" hai3="65,51,113,25,6,114,29,134,99,41,129,111,91"/><W117/><G117/><T38/><D109/><U73/><E115/><V106/><F112/><W131/><G65/><T23/><D122/><U87/><E120/><V55/><F39/><W44/><G6/><T28/><D128/><N who="3" m="49225" /><G134/><T89/><D135/><U75/><E130/><V107/><F107/><W0/><G0/><T53/><D38/><U54/><E34/><V58/><F17/><W126/><G126/><T66/><D66/><U49/><E67/><V124/><F63/><W64/><G64/><T2/><D2/><U60/><E60/><V40/><F40/><W127/><G127/><T71/><D71/><U35/><E35/><V133/><F124/><W24/><G24/><N who="0" m="16415" /><D12/><U7/><E54/><V9/><F133/><W110/><G113/><T43/><D43/><U119/><E119/><V93/><F106/><W70/><G70/><T37/><D37/><U57/><E57/><V98/><F98/><W94/><G114/><T20/><D8/><U125/><E125/><V74/><REACH who="2" step="1"/><F9/><REACH who="2" ten="349,46,361,234" step="2"/><W69/><G69/><T108/><D108/><N who="3" m="41513" /><G29/><T61/><D61/><U104/><E104/><V50/><F50/><W13/><G25/><AGARI ba="1,1" hai="4,5,25,30,33,55,58,62,74,77,80,93,97,102" machi="25" ten="40,2600,0" yaku="1,1,53,1" doraHai="121" doraHaiUra="79" who="2" fromWho="3" sc="349,0,46,0,361,39,234,-29" owari="349,14.9,46,-45.4,400,50.0,205,-19.5" /></mjloggm>