<mjloggm ver="2.3"><GO type="225" lobby="0"/><UN n0="%E9%BB%92%E9%89%84%E7%8F%A0%E9%9B%AB" n1="%E8%A8%88%E7%AE%97%E6%A9%9F%E8%87%AA%E7%84%B6" n2="%48%61%61%61%6C%61%6E%64" n3="%E3%81%A1%E3%82%85%E3%81%86%E3%81%A9%E3%81%8F%E8%B1%A1%E3%81%95%E3%82%93" dan="16,17,17,16" rate="2179.97,2199.75,2252.63,2147.02" sx="F,M,M,M"/><TAIKYOKU oya="0"/><INIT seed="0,0,0,2,4,99" ten="250,250,250,250" oya="0" hai0="116,103,28,59,97,16,90,80,118,93,74,22,77" hai1="26,8,130,27,105,88,62,117,21,63,7,131,124" hai2="95,24,54,100,34,81,104,125,41,25,108,82,58" hai3="4,35,47,83,129,115,85,42,123,36,52,10,38"/><T126/><D126/><U121/><E117/><V13/><F104/><W5/><G115/><T112/><D112/><U0/><E121/><V128/><F125/><W64/><G35/><T44/><D28/><U109/><E124/><V45/><F108/><W119/><G119/><T51/><D59/><U101/><E109/><V92/><F128/><N who="1" m="49193" /><E88/><V71/><F71/><W73/><G129/><T11/><D11/><U50/><E50/><N who="2" m="26927" /><F34/><W87/><G123/><T55/><REACH who="0" step="1"/><D90/><REACH who="0" ten="240,250,250,250" step="2"/><U135/><E8/><V78/><F58/><W114/><G114/><T18/><D18/><U68/><E68/><V122/><F122/><W65/><G10/><T37/><D37/><U91/><E91/><V33/><F33/><W79/><G36/><T15/><AGARI ba="0,1" hai="15,16,22,44,51,55,74,77,80,93,97,103,116,118" machi="15" ten="20,12000,1" yaku="1,1,0,1,7,1,52,1,54,1,53,0" doraHai="99" doraHaiUra="134" who="0" fromWho="0" sc="240,130,250,-40,250,-40,250,-40" /><INIT seed="0,1,0,5,3,79" ten="370,210,210,210" oya="0" hai0="105,38,89,48,44,91,28,83,135,90,15,43,107" hai1="9,42,88,77,100,75,104,101,36,126,103,92,98" hai2="59,67,41,82,123,20,127,32,62,52,68,17,94" hai3="125,111,35,37,4,10,5,73,14,53,99,45,27"/><T109/><D135/><U24/><E24/><V108/><F123/><W18/><G73/><T132/><D132/><U39/><E126/><V47/><F32/><W6/><G125/><T54/><D28/><U110/><E110/><V130/><F127/><W56/><G111/><T96/><D109/><U129/><E129/><V3/><F108/><W122/><G122/><T69/><D69/><U40/><E9/><V95/><F3/><W106/><G37/><T78/><D15/><U50/><E104/><V131/><F82/><W66/><G66/><T121/><D96/><U80/><REACH who="1" step="1"/><E50/><REACH who="1" ten="370,200,210,210" step="2"/><N who="2" m="31127" /><F131/><W61/><G27/><T93/><D121/><U71/><E71/><V30/><F130/><W29/><G35/><T128/><D128/><U72/><E72/><V8/><F8/><W97/><G106/><T16/><D107/><U81/><E81/><V85/><F30/><W49/><REACH who="3" step="1"/><G29/><REACH who="3" ten="370,200,210,200" step="2"/><T51/><D105/><U74/><E74/><V60/><F68/><W116/><G116/><T57/><D93/><U118/><E118/><V134/><F95/><W0/><G0/><T26/><D38/><AGARI ba="1,2" hai="36,38,39,40,42,75,77,80,88,92,98,100,101,103" machi="38" ten="40,5200,0" yaku="1,1,52,1,54,1,53,0" doraHai="79" doraHaiUra="114" who="1" fromWho="0" sc="370,-55,200,75,210,0,200,0" /><INIT seed="1,0,0,5,4,131" ten="315,275,210,200" oya="1" hai0="1,53,46,87,101,60,29,66,50,0,104,14,84" hai1="127,121,23,85,116,2,32,41,67,120,118,25,125" hai2="126,22,78,128,100,91,77,18,39,90,15,75,82" hai3="43,38,6,9,111,108,106,81,51,12,7,27,96"/><U16/><E67/><V26/><F128/><W54/><G81/><T4/><D29/><N who="1" m="19503" /><E85/><V74/><F39/><W57/><G27/><T93/><D104/><U19/><E2/><V107/><F126/><N who="1" m="48137" /><E19/><V130/><F130/><W109/><G43/><T135/><D0/><U99/><E99/><V69/><F69/><W89/><G38/><T17/><D1/><U63/><E63/><V52/><F78/><W20/><G20/><T98/><D4/><U36/><E41/><V102/><F75/><W28/><G28/><T11/><REACH who="0" step="1"/><D135/><REACH who="0" ten="305,275,210,200" step="2"/><U49/><E36/><V58/><F107/><W70/><G6/><T10/><D10/><U97/><E49/><V31/><F102/><N who="3" m="62791" /><G89/><T73/><D73/><U3/><E3/><V71/><F100/><W30/><G30/><T37/><D37/><U103/><E103/><V123/><F91/><W124/><G124/><T61/><D61/><U122/><E97/><V34/><F90/><W94/><G94/><T65/><D65/><U129/><E129/><V95/><F95/><W13/><G13/><AGARI ba="0,1" hai="13,16,23,116,118,120,121,122" m="48137,19503" machi="13" ten="40,12000,1" yaku="18,1,34,2,54,1" doraHai="131" who="1" fromWho="3" sc="305,0,275,130,210,0,200,-120" /><INIT seed="1,1,0,2,4,9" ten="305,405,210,80" oya="1" hai0="8,86,10,99,116,70,40,53,102,132,14,91,83" hai1="22,90,89,60,28,65,41,20,61,100,19,120,17" hai2="105,84,134,2,111,135,32,118,63,101,51,64,54" hai3="133,128,98,15,58,108,18,30,88,35,34,12,25"/><U117/><E120/><V7/><F118/><W131/><G108/><T73/><D70/><U125/><E117/><V106/><F32/><W21/><G133/><N who="2" m="50697" /><F111/><W13/><G58/><T112/><D132/><U59/><E125/><V119/><F119/><W74/><G74/><T103/><D116/><U67/><E100/><V96/><F84/><W71/><G71/><T33/><D33/><U45/><E28/><V93/><F7/><W1/><G35/><T38/><D112/><U44/><REACH who="1" step="1"/><E59/><REACH who="1" ten="305,395,210,80" step="2"/><N who="2" m="33247" /><F2/><W80/><G1/><T24/><D103/><U82/><E82/><V122/><F122/><W94/><REACH who="3" step="1"/><G80/><REACH who="3" ten="305,395,210,70" step="2"/><T68/><D83/><U124/><E124/><V6/><F6/><W75/><G75/><T109/><D73/><U79/><E79/><V31/><F31/><W113/><G113/><T123/><D109/><U29/><E29/><V55/><F105/><W66/><G66/><T126/><D123/><U107/><E107/><V92/><F64/><W39/><G39/><T129/><D126/><U36/><E36/><V50/><F106/><W0/><G0/><T42/><D68/><U57/><E57/><N who="2" m="33015" /><F93/><W37/><G37/><T26/><D38/><U23/><E23/><V56/><F56/><W27/><AGARI ba="1,2" hai="12,13,15,18,21,25,27,30,34,88,94,98,128,131" machi="27" ten="30,12000,2" yaku="1,1,0,1,52,3,54,1,53,0" doraHai="9" doraHaiUra="69" who="3" fromWho="3" sc="305,-31,395,-61,210,-31,70,143" /><INIT seed="2,0,0,3,5,110" ten="274,334,179,213" oya="2" hai0="66,6,111,30,81,13,128,109,89,116,65,74,78" hai1="29,62,114,83,123,22,93,76,44,55,106,23,43" hai2="37,77,2,1,41,4,132,102,5,45,108,127,84" hai3="9,97,39,61,67,95,18,113,99,27,3,96,87"/><V129/><F108/><N who="0" m="41546" /><D128/><U40/><E106/><V107/><F129/><W32/><G39/><T92/><D30/><U126/><E126/><V104/><F127/><W122/><G122/><T105/><D105/><U42/><E114/><V31/><F132/><W20/><G32/><T28/><D28/><U53/><E123/><V101/><F31/><W57/><G113/><T59/><D59/><N who="1" m="35183" /><E93/><V34/><F34/><W125/><G125/><T134/><D134/><U21/><E83/><V91/><F77/><W80/><G3/><T64/><D116/><U86/><E86/><V38/><F84/><W69/><G9/><N who="0" m="4279" /><D66/><U72/><E72/><V120/><F120/><W56/><REACH who="3" step="1"/><G95/><REACH who="3" ten="274,334,179,203" step="2"/><T103/><D103/><U33/><E33/><V90/><REACH who="2" step="1"/><F45/><REACH who="2" ten="274,334,169,203" step="2"/><W119/><G119/><T36/><D36/><U63/><E44/><V118/><F118/><W121/><G121/><T52/><D74/><U130/><E130/><V26/><F26/><W68/><G68/><T0/><D78/><AGARI ba="0,2" hai="18,20,27,56,57,61,67,69,78,80,87,96,97,99" machi="78" ten="40,1300,0" yaku="1,1,53,0" doraHai="110" doraHaiUra="85" who="3" fromWho="0" sc="274,-13,334,0,169,0,203,33" /><INIT seed="3,0,0,0,4,82" ten="261,334,169,236" oya="3" hai0="100,95,40,38,50,70,127,21,19,26,42,9,71" hai1="5,43,73,125,33,57,128,105,51,23,110,53,122" hai2="2,96,106,34,120,119,46,22,98,30,97,112,78" hai3="101,99,121,89,111,56,1,63,66,133,92,107,31"/><W14/><G121/><T12/><D38/><U44/><E33/><V24/><F112/><W48/><G1/><T20/><D20/><U129/><E73/><V123/><F119/><W118/><G118/><T60/><D127/><U49/><E122/><V134/><F123/><W6/><G31/><T59/><D71/><U117/><E117/><V124/><F120/><W115/><G115/><T83/><D70/><U47/><E105/><V86/><F2/><W85/><G133/><T75/><D50/><U94/><E110/><V16/><F124/><W131/><G131/><N who="1" m="50250" /><E5/><V103/><F46/><W45/><G111/><T79/><D95/><U54/><E125/><V104/><F134/><W27/><G27/><T4/><REACH who="0" step="1"/><D100/><REACH who="0" ten="251,334,169,236" step="2"/><U132/><E132/><V102/><F98/><W28/><G28/><T74/><D74/><U18/><E94/><V108/><F108/><W62/><G62/><T90/><D90/><U55/><E44/><V135/><F135/><W41/><G6/><T130/><D130/><U17/><E18/><V72/><F72/><W126/><G126/><T3/><D3/><U37/><E37/><V113/><F113/><W32/><G32/><T65/><AGARI ba="0,1" hai="4,9,12,19,21,26,40,42,59,60,65,75,79,83" machi="65" ten="20,5200,0" yaku="1,1,0,1,7,1,53,1" doraHai="82" doraHaiUra="10" who="0" fromWho="0" sc="251,62,334,-13,169,-13,236,-26" owari="313,11.3,321,42.1,156,-34.4,210,-19.0" /></mjloggm>