<mjloggm ver="2.3"><GO type="225" lobby="0"/><UN n0="%73%69%72%6F%75%74" n1="%E3%81%AF%E3%82%88%E3%81%8A%E3%81%98%E3%81%95%E3%82%93" n2="%E8%81%B7%E6%A5%AD%E3%80%81%E9%A2%A8%32" n3="%E6%80%AA%E3%81%97%E3%81%99%E3%81%8E%E3%82%8B%E3%83%81%E3%83%BC" dan="16,16,16,16" rate="2140.26,2183.18,2101.06,2134.87" sx="M,M,M,M"/><TAIKYOKU oya="0"/><INIT seed="0,0,0,2,1,6" ten="250,250,250,250" oya="0" hai0="46,66,93,96,98,54,117,33,49,19,126,86,48" hai1="42,50,69,83,95,57,91,80,23,113,24,97,27" hai2="68,7,81,32,76,65,94,123,41,90,122,12,37" hai3="51,121,119,36,52,108,61,35,45,129,56,74,5"/><T58/><D126/><U82/><E69/><V71/><F32/><W73/><G36/><T105/><D33/><U60/><E113/><V39/><F71/><W67/><G119/><T111/><D111/><U103/><E27/><V116/><F116/><W40/><G108/><T75/><D75/><U134/><E134/><V92/><F92/><W130/><G35/><T99/><D117/><U72/><E72/><V132/><F132/><W21/><G121/><T11/><D105/><U115/><E115/><V4/><F65/><W9/><G21/><T64/><D86/><U89/><E50/><V2/><F68/><W84/><G84/><T43/><REACH who="0" step="1"/><D93/><REACH who="0" ten="240,250,250,250" step="2"/><U53/><REACH who="1" step="1"/><E42/><REACH who="1" ten="240,240,250,250" step="2"/><V128/><F41/><W8/><G40/><T77/><D77/><U120/><E120/><V131/><F76/><W124/><G124/><T112/><D112/><U104/><E104/><V88/><F123/><W26/><G73/><T44/><D44/><U106/><E106/><V70/><F122/><W102/><G74/><T0/><D0/><U18/><AGARI ba="0,2" hai="18,23,24,53,57,60,80,82,83,89,91,95,97,103" machi="18" ten="30,4000,0" yaku="1,1,0,1,8,1,53,0" doraHai="6" doraHaiUra="101" who="1" fromWho="1" sc="240,-20,240,60,250,-10,250,-10" /><INIT seed="1,0,0,2,2,124" ten="220,300,240,240" oya="1" hai0="67,49,51,48,17,6,4,93,2,5,1,65,112" hai1="92,69,18,82,79,27,43,16,33,81,42,128,24" hai2="61,41,91,83,134,111,26,30,129,133,99,121,95" hai3="74,86,15,3,127,116,130,31,80,25,47,7,59"/><U73/><E69/><V63/><F111/><W87/><G127/><T125/><D125/><U104/><E104/><V52/><F121/><W132/><G116/><T62/><D112/><U64/><E64/><N who="0" m="24649" /><D17/><U110/><E110/><V118/><F118/><W117/><G132/><N who="2" m="50793" /><F41/><W22/><G117/><T78/><D93/><U135/><E135/><V89/><F52/><W14/><G130/><T102/><D102/><U40/><E128/><V98/><F129/><W56/><G47/><T66/><D66/><U54/><E92/><N who="2" m="56591" /><F83/><W107/><G107/><T120/><D62/><U126/><E126/><V34/><AGARI ba="0,0" hai="26,30,34,61,63,91,95,99" m="56591,50793" machi="34" ten="30,1100,0" yaku="20,1" doraHai="124" who="2" fromWho="2" sc="220,-3,300,-5,240,11,240,-3" /><INIT seed="2,0,0,1,3,67" ten="217,295,251,237" oya="2" hai0="101,68,31,50,58,135,131,129,125,106,57,19,94" hai1="47,38,103,7,21,127,88,3,112,48,61,63,86" hai2="55,12,96,128,46,72,11,118,25,90,59,78,77" hai3="42,20,109,115,119,56,87,98,39,130,76,85,27"/><V26/><F118/><W5/><G119/><T124/><D31/><U45/><E112/><V37/><F128/><N who="0" m="49226" /><D106/><U89/><E127/><N who="0" m="48713" /><D68/><U2/><E103/><V17/><F72/><W121/><G109/><T75/><D75/><U13/><E38/><V64/><F64/><W74/><G121/><T4/><D4/><U62/><E47/><V113/><F46/><W120/><G115/><T10/><D101/><U133/><E89/><V53/><F37/><W34/><G120/><T60/><D94/><U30/><E2/><V134/><F113/><W122/><G130/><T102/><D102/><U100/><E100/><V35/><F35/><W49/><G34/><T83/><D83/><U91/><E91/><V65/><F90/><W81/><G122/><T114/><D114/><U97/><E97/><V111/><F96/><W36/><G5/><T69/><D69/><U105/><E105/><V82/><F82/><W54/><G98/><T66/><D19/><N who="1" m="10479" /><E30/><V6/><F17/><W32/><G32/><T116/><D116/><U51/><E7/><V33/><F6/><W41/><G74/><T95/><D95/><N who="1" m="54679" /><E3/><V9/><F33/><W43/><REACH who="3" step="1"/><G85/><REACH who="3" ten="217,295,251,227" step="2"/><T92/><D135/><U126/><E133/><V1/><F134/><W0/><G0/><T44/><D92/><U14/><E126/><V22/><F1/><W123/><G123/><T108/><D108/><U15/><E45/><V132/><F111/><W93/><G93/><T84/><D44/><U117/><E117/><V79/><F132/><W29/><AGARI ba="0,1" hai="20,27,29,36,39,41,42,43,49,54,56,76,81,87" machi="29" ten="30,4000,0" yaku="1,1,0,1,53,1" doraHai="67" doraHaiUra="52" who="3" fromWho="3" sc="217,-10,295,-10,251,-20,227,50" /><INIT seed="3,0,0,1,3,81" ten="207,285,231,277" oya="3" hai0="9,52,28,91,59,14,129,101,41,62,19,122,128" hai1="78,45,70,67,31,49,65,5,135,16,100,8,133" hai2="0,109,11,80,39,23,21,73,131,15,86,114,10" hai3="32,63,33,117,118,71,132,17,7,82,77,43,90"/><W3/><G132/><N who="1" m="50762" /><E31/><V40/><F114/><W1/><G90/><T72/><D122/><U130/><E130/><N who="0" m="50281" /><D72/><U60/><E67/><V84/><F131/><W104/><G17/><T20/><D101/><U64/><E64/><V53/><F109/><W29/><G104/><T50/><D91/><U27/><E100/><V83/><F73/><W99/><G99/><T69/><D69/><U76/><E5/><N who="2" m="3535" /><F39/><W2/><G7/><T111/><D111/><U68/><E70/><V58/><F0/><W66/><G43/><T54/><D41/><N who="1" m="24751" /><E27/><V108/><F108/><W44/><G44/><N who="0" m="27719" /><D28/><U124/><E124/><V37/><F40/><W97/><G97/><T87/><D20/><N who="2" m="7754" /><F37/><W42/><G42/><T75/><D75/><U127/><E127/><V25/><F11/><W46/><G29/><T61/><D62/><U123/><E123/><V105/><F105/><W48/><G117/><T96/><D96/><U22/><E22/><V110/><F110/><W26/><G118/><T103/><D103/><U121/><E121/><V12/><F25/><W34/><G26/><T93/><D93/><U116/><E116/><V74/><F12/><AGARI ba="0,0" hai="8,12,16,60,65,68,76,78" m="24751,50762" machi="12" ten="30,2000,0" yaku="20,1,54,1" doraHai="81" who="1" fromWho="2" sc="207,0,285,20,231,-20,277,0" owari="207,-29.3,305,40.5,211,-18.9,277,7.7" /></mjloggm>