<mjloggm ver="2.3"><GO type="225" lobby="0"/><UN n0="%EF%BC%AE%EF%BC%A1%EF%BC%AF%33%33%39" n1="%E3%81%8B%E3%82%8F%E3%81%A1%E3%82%83%E3%82%93%35%38" n2="%72%69%6F%75%63%68%61%6E" n3="%E6%A0%B9%E5%85%83%E3%81%8B%E3%82%89%E5%90%B9%E3%81%A3%E9%A3%9B%E3%81%B6" dan="17,17,17,17" rate="2140.41,2238.02,2293.05,2151.47" sx="M,M,M,F"/><TAIKYOKU oya="0"/><INIT seed="0,0,0,2,3,87" ten="250,250,250,250" oya="0" hai0="4,35,112,54,75,19,88,128,135,134,28,15,129" hai1="114,8,86,82,22,44,39,29,33,89,110,77,1" hai2="96,20,13,0,32,11,83,56,67,7,120,40,43" hai3="36,123,108,25,126,101,132,117,53,113,61,79,6"/><T9/><D75/><U69/><E69/><V93/><F120/><W90/><G53/><T70/><D70/><U17/><E110/><V133/><F133/><N who="0" m="50698" /><D54/><U47/><E114/><V63/><F32/><W98/><G61/><T41/><D41/><U60/><E39/><V59/><F56/><W27/><G6/><T127/><D112/><U12/><E60/><V107/><F107/><W130/><G90/><T42/><D42/><U30/><E30/><V91/><REACH who="2" step="1"/><F83/><REACH who="2" ten="250,250,240,250" step="2"/><W115/><G123/><T5/><D35/><U68/><E68/><V62/><F62/><W119/><G115/><T121/><D121/><U48/><E33/><V118/><F118/><W38/><G119/><T105/><D105/><U97/><E82/><V34/><F34/><W10/><G117/><T99/><D127/><U31/><E47/><V72/><F72/><W51/><G126/><T116/><D116/><U73/><E44/><V95/><F95/><W81/><G132/><T78/><D78/><U102/><E77/><V80/><F80/><W37/><G79/><T23/><D128/><U50/><E73/><V100/><F100/><W21/><G130/><T65/><D129/><U74/><E74/><V66/><F66/><W49/><G81/><T104/><D65/><U57/><E57/><V18/><AGARI ba="0,1" hai="0,7,11,13,18,20,40,43,59,63,67,91,93,96" machi="18" ten="30,4000,0" yaku="1,1,0,1,52,1,53,0" doraHai="87" doraHaiUra="103" who="2" fromWho="2" sc="250,-20,250,-10,240,50,250,-10" /><INIT seed="1,0,0,0,1,57" ten="230,240,290,240" oya="1" hai0="0,65,109,1,131,11,35,53,84,56,83,61,120" hai1="39,101,4,97,9,6,113,71,108,26,24,128,2" hai2="14,3,52,59,66,70,29,91,99,37,58,48,69" hai3="67,27,114,87,86,36,106,28,30,17,133,124,55"/><U130/><E39/><V82/><F3/><W46/><G114/><T93/><D35/><U25/><E71/><V80/><F37/><W135/><G124/><T117/><D117/><U74/><E74/><V102/><F29/><N who="3" m="11371" /><G67/><T47/><D109/><U110/><E113/><V40/><F40/><W134/><G106/><T38/><D131/><N who="1" m="50219" /><E97/><V51/><F14/><W75/><G75/><T18/><D120/><U115/><E101/><V32/><F32/><W8/><G55/><T23/><D93/><U15/><E115/><V76/><F91/><W127/><G127/><T119/><D11/><AGARI ba="0,0" hai="2,4,6,9,11,15,24,25,26,108,110" m="50219" machi="11" ten="40,7700,0" yaku="19,1,34,2" doraHai="57" who="1" fromWho="0" sc="230,-77,240,77,290,0,240,0" /><INIT seed="1,1,0,2,4,73" ten="153,317,290,240" oya="1" hai0="42,34,58,110,96,132,118,61,91,39,114,6,72" hai1="120,80,85,130,65,104,45,135,82,64,53,97,67" hai2="23,68,101,32,77,52,123,124,5,31,25,102,98" hai3="51,71,78,129,62,59,9,60,11,56,107,17,15"/><U20/><E120/><V99/><F123/><W8/><G107/><T79/><D34/><U12/><E130/><V95/><F124/><W41/><G129/><T81/><D114/><U7/><E135/><V122/><F122/><W90/><G71/><T105/><D118/><U111/><E111/><V46/><F68/><W89/><G41/><T108/><D6/><U66/><E66/><V128/><F128/><W116/><G51/><T47/><D132/><U13/><E104/><V112/><F112/><W26/><G26/><T87/><D96/><U125/><E125/><V55/><F5/><W57/><G78/><T126/><D105/><U3/><E3/><V109/><F109/><W113/><G116/><T103/><D103/><U29/><E97/><V76/><F32/><W14/><G17/><T24/><D24/><N who="1" m="16519" /><E7/><V54/><REACH who="2" step="1"/><F46/><REACH who="2" ten="153,317,280,240" step="2"/><W40/><G113/><T127/><D127/><U10/><E45/><V48/><F48/><W38/><G38/><T49/><D126/><U30/><E30/><V94/><AGARI ba="1,1" hai="23,25,31,52,54,55,76,77,94,95,98,99,101,102" machi="94" ten="30,12000,2" yaku="1,1,0,1,9,1,8,1,52,2,54,1,53,0" doraHai="73" doraHaiUra="115" who="2" fromWho="2" sc="153,-31,317,-61,280,133,240,-31" /><INIT seed="2,0,0,4,5,89" ten="122,256,413,209" oya="2" hai0="90,129,132,104,107,108,19,62,5,61,113,54,115" hai1="127,130,60,109,97,6,4,72,126,18,95,133,11" hai2="30,26,86,35,45,96,25,71,2,106,111,40,125" hai3="84,67,98,68,43,37,102,7,110,112,23,48,85"/><V70/><F125/><N who="1" m="47625" /><E72/><V53/><F2/><W74/><G110/><T124/><D124/><U81/><E81/><V63/><F111/><W51/><G74/><T28/><D108/><U116/><E116/><V15/><F25/><W24/><G112/><T38/><D38/><U49/><E109/><V65/><F15/><W82/><G37/><T1/><D28/><U52/><E133/><V80/><F53/><W66/><G7/><T29/><D29/><U93/><E130/><V88/><F70/><W117/><G117/><T83/><D5/><U34/><E34/><V114/><F114/><W100/><G82/><T33/><D33/><U64/><E18/><V57/><F57/><W78/><G98/><T8/><D1/><N who="1" m="399" /><E97/><V105/><REACH who="2" step="1"/><F96/><REACH who="2" ten="122,256,403,209" step="2"/><W3/><G3/><T135/><D129/><U79/><E6/><V101/><F101/><W59/><G68/><T17/><D54/><U120/><E120/><V118/><F118/><W99/><G99/><T58/><D58/><N who="1" m="33039" /><E79/><V12/><F12/><W21/><G102/><T76/><D76/><U36/><E36/><AGARI ba="0,1" hai="26,30,35,36,40,45,63,65,71,80,86,88,105,106" machi="36" ten="30,5800,0" yaku="1,1,7,1,54,1,53,0" doraHai="89" doraHaiUra="14" who="2" fromWho="1" sc="122,0,256,-58,403,68,209,0" /><INIT seed="2,1,0,2,3,22" ten="122,198,471,209" oya="2" hai0="117,70,4,45,82,9,67,47,131,58,6,121,108" hai1="132,77,7,20,124,99,111,92,59,114,57,134,95" hai2="91,34,97,23,71,113,104,17,102,83,46,21,32" hai3="106,86,3,120,73,85,50,51,25,13,69,78,112"/><V38/><F113/><W2/><G120/><T43/><D121/><U135/><E114/><V66/><F21/><W33/><G69/><T72/><D70/><U68/><E68/><V80/><F38/><W14/><G73/><T24/><D108/><U19/><E111/><V76/><F46/><W125/><G106/><T10/><D131/><U39/><E39/><V5/><F5/><W53/><G112/><T90/><D117/><U27/><E124/><V127/><F127/><W42/><G125/><T93/><D72/><U100/><E77/><V49/><F49/><W30/><G42/><T133/><D82/><U84/><E7/><V62/><F91/><AGARI ba="1,0" hai="19,20,27,57,59,84,91,92,95,99,100,132,134,135" machi="91" ten="40,2600,0" yaku="20,1,52,1" doraHai="22" who="1" fromWho="2" sc="122,0,198,29,471,-29,209,0" /><INIT seed="3,0,0,4,3,93" ten="122,227,442,209" oya="3" hai0="28,43,82,35,129,87,121,109,26,100,36,18,132" hai1="6,106,89,68,42,123,45,99,72,83,59,131,79" hai2="33,57,37,20,73,103,27,78,69,112,60,17,30" hai3="62,39,119,5,63,92,80,11,16,53,104,61,116"/><W114/><G114/><T31/><D121/><U122/><E68/><V111/><F112/><W38/><G104/><T101/><D109/><U81/><E131/><V44/><F111/><W12/><G80/><T13/><D129/><U130/><E130/><V102/><F69/><W110/><G110/><T51/><D36/><U127/><E127/><V125/><F125/><W3/><G53/><T65/><D65/><U84/><E59/><V134/><F134/><W2/><G92/><T75/><D75/><N who="1" m="43263" /><E45/><V0/><F0/><W22/><REACH who="3" step="1"/><G3/><REACH who="3" ten="122,227,442,199" step="2"/><T71/><D132/><U126/><E126/><V91/><F73/><W25/><G25/><T49/><D71/><U77/><E123/><V7/><F27/><W32/><G32/><T120/><D120/><U98/><E122/><V88/><F33/><W14/><G14/><T8/><D31/><U23/><E106/><V74/><F30/><W4/><G4/><T50/><D43/><U64/><E6/><V108/><F7/><W76/><G76/><T95/><D95/><U105/><E105/><V133/><F74/><W56/><G56/><T52/><D101/><U40/><E40/><V124/><F103/><W9/><G9/><T118/><D100/><U117/><E42/><V29/><F102/><W128/><G128/><T67/><D118/><AGARI ba="0,1" hai="2,5,11,12,16,22,38,39,61,62,63,116,118,119" machi="118" ten="40,7700,0" yaku="1,1,54,1,53,1" doraHai="93" doraHaiUra="15" who="3" fromWho="0" sc="122,-77,227,0,442,0,199,87" /><INIT seed="3,1,0,1,4,62" ten="45,227,442,286" oya="3" hai0="92,126,127,13,72,47,132,16,60,55,41,81,115" hai1="29,17,3,112,79,107,31,124,82,133,2,75,131" hai2="22,35,129,121,66,102,114,118,38,32,67,58,84" hai3="125,86,53,7,40,77,28,106,9,96,89,21,104"/><W87/><G125/><T116/><D116/><U97/><E112/><V69/><F114/><W59/><G40/><T18/><D115/><U65/><E124/><V122/><F118/><W110/><G110/><T42/><D132/><U88/><E133/><V90/><F38/><W50/><G96/><T68/><D92/><U44/><E131/><V117/><F117/><W85/><G77/><T1/><D1/><U78/><E78/><V12/><F129/><W91/><G106/><T54/><D81/><U4/><E2/><V8/><F69/><W43/><G104/><T34/><D34/><N who="2" m="12842" /><F58/><W57/><G57/><T128/><D72/><U10/><E17/><N who="2" m="10535" /><F8/><W30/><G43/><T109/><D128/><U11/><E11/><V76/><F102/><W70/><G70/><T101/><D109/><U23/><E23/><V64/><F76/><W36/><G36/><T37/><D101/><U113/><E113/><V51/><F51/><W99/><G99/><T105/><D105/><U52/><E65/><V5/><F5/><W93/><G93/><T24/><D42/><U134/><E134/><V94/><F64/><W123/><G123/><N who="2" m="47113" /><F84/><W100/><G100/><T14/><D127/><U20/><E20/><V26/><F26/><W63/><G63/><T83/><D24/><U46/><E46/><V56/><F56/><W61/><G61/><T45/><D126/><U15/><E3/><V27/><F27/><W119/><G59/><T39/><D41/><U95/><REACH who="1" step="1"/><E107/><REACH who="1" ten="45,217,442,286" step="2"/><V48/><F66/><W98/><G119/><T73/><D39/><U108/><E108/><V135/><F67/><RYUUKYOKU ba="1,1" sc="45,-10,217,30,442,-10,286,-10" hai1="4,10,15,29,31,44,52,75,79,82,88,95,97" owari="35,-46.5,247,-15.3,442,54.2,276,7.6" /></mjloggm>