<mjloggm ver="2.3"><GO type="225" lobby="0"/><UN n0="%4B%2E%32%2E%4B%2E" n1="%6D%75%75%73%61%6E%6D%75" n2="%E6%81%A5%E6%99%92%E3%81%97" n3="%6C%61%6D%62" dan="16,17,16,16" rate="2199.35,2146.94,2097.95,2170.20" sx="M,F,M,M"/><TAIKYOKU oya="0"/><INIT seed="0,0,0,1,1,31" ten="250,250,250,250" oya="0" hai0="30,58,4,110,128,113,62,45,6,55,134,126,60" hai1="75,98,23,34,25,94,17,82,101,74,93,33,56" hai2="16,88,28,81,132,115,0,133,18,108,120,12,118" hai3="83,73,19,114,40,11,111,49,71,105,8,78,72"/><T3/><D113/><U42/><E42/><V112/><F120/><W117/><G114/><N who="2" m="43561" /><F0/><W70/><G117/><T63/><D126/><U135/><E135/><N who="2" m="51787" /><F108/><W124/><G105/><T100/><D134/><U44/><E44/><V69/><F69/><W50/><G83/><T21/><D128/><U122/><E122/><V14/><F118/><W77/><G19/><N who="2" m="7209" /><F28/><W24/><G24/><N who="0" m="16655" /><D3/><U129/><E129/><V95/><F81/><W38/><G40/><T64/><D110/><U127/><E127/><V109/><F109/><W27/><G111/><T92/><D45/><U26/><E26/><V119/><F119/><W22/><G27/><T66/><D66/><U46/><E46/><V10/><F10/><W89/><G124/><T96/><D64/><U48/><E94/><V130/><F130/><W43/><G43/><T67/><D67/><U90/><E90/><V32/><F32/><W15/><G89/><T13/><D13/><U36/><E82/><V102/><F102/><W53/><G15/><T9/><D9/><U61/><E36/><V79/><F79/><W97/><G38/><T87/><D100/><U39/><E39/><V85/><AGARI ba="0,0" hai="12,14,85,88,95" m="7209,51787,43561" machi="85" ten="40,5200,0" yaku="20,1,54,2" doraHai="31" who="2" fromWho="2" sc="250,-26,250,-13,250,52,250,-13" /><INIT seed="1,0,0,3,3,16" ten="224,237,302,237" oya="1" hai0="62,4,117,113,74,79,54,95,90,127,43,92,1" hai1="98,38,128,133,11,6,115,103,80,37,102,86,18" hai2="21,42,72,71,89,93,130,59,48,87,75,121,0" hai3="34,65,32,30,52,91,107,76,46,82,51,73,36"/><U12/><E115/><V101/><F121/><W20/><G107/><T33/><D113/><U55/><E128/><V2/><F71/><W49/><G36/><T39/><D117/><U84/><E133/><V28/><F130/><W24/><G65/><T7/><D33/><U64/><E64/><V131/><F131/><W5/><G5/><T118/><D118/><U94/><E102/><V58/><F58/><W63/><G63/><T108/><D108/><U83/><E55/><N who="2" m="32231" /><F42/><W125/><G125/><T106/><D106/><U109/><E109/><V17/><F28/><W105/><G105/><T112/><D112/><U41/><E41/><V29/><F29/><W13/><G13/><T104/><D104/><U3/><E83/><V78/><F101/><W15/><G15/><T134/><D134/><U50/><E50/><V122/><F122/><W88/><REACH who="3" step="1"/><G49/><REACH who="3" ten="224,237,302,227" step="2"/><T56/><D127/><U116/><E116/><V61/><F61/><W110/><G110/><T100/><D62/><U57/><E57/><V25/><F0/><W123/><G123/><T67/><D1/><U111/><E111/><V66/><F2/><W14/><G14/><T77/><D67/><U44/><E44/><V81/><F66/><W135/><G135/><T68/><D68/><U23/><REACH who="1" step="1"/><E84/><REACH who="1" ten="224,227,302,227" step="2"/><N who="2" m="52391" /><F75/><W27/><G27/><T129/><D74/><U26/><E26/><V99/><F72/><W85/><G85/><T8/><D129/><U96/><E96/><AGARI ba="0,2" hai="17,21,25,78,81,87,96,99" m="52391,32231" machi="96" ten="30,2000,0" yaku="8,1,52,1" doraHai="16" who="2" fromWho="1" sc="224,0,227,-20,302,40,227,0" /><INIT seed="2,0,0,2,1,3" ten="224,207,342,227" oya="2" hai0="128,123,18,118,96,10,133,32,50,122,13,108,42" hai1="7,99,5,55,33,36,20,111,116,98,28,67,107" hai2="44,65,112,90,102,129,87,17,83,86,6,91,48" hai3="41,97,39,52,117,134,95,130,74,63,104,8,0"/><V43/><F129/><W23/><G117/><T84/><D32/><U11/><E116/><V106/><F17/><W113/><G130/><T105/><D128/><U70/><E33/><V46/><F65/><W1/><G104/><T54/><D42/><U58/><E36/><V82/><F112/><W68/><G74/><T88/><D118/><U29/><E107/><V81/><F81/><W45/><G134/><T115/><D108/><U66/><E70/><V40/><F106/><W27/><G113/><T85/><D133/><U64/><E11/><V131/><F102/><W73/><G73/><T14/><D115/><U103/><E111/><V37/><F131/><W114/><G114/><T121/><D14/><U35/><E35/><V126/><F126/><W49/><G8/><T31/><D31/><N who="1" m="11851" /><E20/><V57/><F57/><N who="3" m="32911" /><G23/><T77/><D105/><U21/><E21/><V109/><F109/><W12/><G12/><T135/><D135/><U47/><E47/><V89/><F89/><N who="3" m="55535" /><G27/><T19/><D77/><U71/><E71/><V72/><F72/><W119/><G119/><T4/><D85/><U76/><E76/><V26/><F26/><W38/><G38/><T16/><D96/><N who="1" m="36907" /><E103/><V80/><F37/><W61/><G68/><T101/><D101/><U78/><E78/><V124/><F124/><W9/><G9/><T100/><D100/><U132/><E132/><V24/><F24/><W93/><G1/><T59/><REACH who="0" step="1"/><D123/><REACH who="0" ten="214,207,342,227" step="2"/><U2/><E2/><V69/><F40/><N who="3" m="22687" /><G0/><T127/><D127/><U56/><E55/><N who="2" m="30087" /><F86/><W79/><G41/><T110/><D110/><U120/><E120/><RYUUKYOKU ba="0,1" sc="214,15,207,15,342,-15,227,-15" hai0="4,10,13,16,18,19,50,54,59,84,88,121,122" hai1="5,7,56,58,64,66,67" /><INIT seed="3,1,1,1,4,132" ten="229,222,327,212" oya="3" hai0="32,100,123,111,39,55,21,79,53,15,129,35,14" hai1="12,25,30,105,50,4,83,34,18,94,133,92,51" hai2="28,45,99,84,17,81,70,122,36,89,23,80,8" hai3="58,19,60,3,1,97,131,43,107,29,77,117,9"/><W71/><G117/><T0/><D0/><U114/><E105/><V33/><F70/><W113/><G113/><T27/><D123/><U134/><E114/><V74/><F122/><W128/><G71/><T40/><D111/><U54/><E83/><V63/><F63/><W116/><G116/><T16/><D129/><N who="3" m="49737" /><G77/><T69/><D69/><U37/><E4/><V91/><F74/><W109/><G109/><T108/><D108/><U65/><E65/><V82/><F33/><W101/><G29/><T48/><D100/><U6/><E6/><V120/><F120/><W130/><N who="3" m="49745" /><W119/><DORA hai="127" /><G119/><T47/><D79/><U112/><E37/><V67/><F36/><W78/><G43/><T46/><D55/><U93/><E112/><V121/><F67/><N who="3" m="39319" /><G78/><T98/><D98/><U73/><E73/><V61/><F99/><W102/><G102/><T75/><D75/><U66/><E66/><V52/><F28/><W49/><G49/><T44/><D47/><U68/><E68/><V124/><F45/><W13/><AGARI ba="1,1" hai="1,3,9,13,19,97,101,107" m="39319,49745" machi="13" ten="40,12000,1" yaku="19,1,52,4" doraHai="132,127" who="3" fromWho="3" sc="229,-41,222,-41,327,-41,212,133" owari="188,-21.2,181,-31.9,286,8.6,345,44.5" /></mjloggm>