<mjloggm ver="2.3"><GO type="225" lobby="0"/><UN n0="%E5%B8%86%E7%AB%8B%E5%A4%8F%E8%A1%A3" n1="%E8%90%BD%E6%97%A5" n2="%E3%81%BE%E3%81%8B%E3%81%B7%E3%82%93" n3="%E7%8D%A3%E8%87%AD%E3%81%84%E8%82%89%E7%90%83" dan="17,17,16,16" rate="2170.88,2214.29,2061.40,2122.40" sx="M,F,M,M"/><TAIKYOKU oya="0"/><INIT seed="0,0,0,3,0,129" ten="250,250,250,250" oya="0" hai0="105,95,108,92,77,67,27,123,3,66,36,52,5" hai1="106,69,21,103,35,84,61,33,93,104,74,14,25" hai2="88,2,91,114,9,97,45,26,62,130,75,22,115" hai3="85,28,38,17,121,111,34,71,19,44,8,134,90"/><T79/><D105/><U7/><E74/><V78/><F130/><W122/><G71/><T120/><D36/><U48/><E48/><V107/><F45/><W110/><G28/><T119/><D5/><U37/><E37/><V11/><F62/><W12/><G34/><T30/><D30/><U31/><E84/><V49/><F49/><W87/><G19/><T82/><D82/><U112/><E93/><V127/><F127/><W13/><G13/><T113/><D113/><U89/><E89/><V117/><F117/><W57/><G57/><T60/><D108/><N who="3" m="41513" /><G134/><T23/><D23/><U43/><E43/><V131/><F131/><W41/><G87/><T135/><D119/><U109/><E109/><V53/><F75/><W47/><G44/><T40/><D27/><U50/><E112/><V133/><F26/><W100/><G100/><T101/><D101/><U128/><E103/><V4/><F4/><W65/><G65/><T29/><D29/><U63/><E128/><V55/><F2/><W39/><G39/><T10/><D3/><U83/><E50/><V56/><F56/><W76/><G76/><T64/><D64/><N who="1" m="41103" /><E63/><V81/><F78/><W124/><G124/><T46/><D60/><U54/><E35/><V58/><F58/><W80/><AGARI ba="0,0" hai="8,12,17,38,41,47,80,85,90,121,122" m="41513" machi="80" ten="30,1100,0" yaku="14,1" doraHai="129" who="3" fromWho="3" sc="250,-5,250,-3,250,-3,250,11" /><INIT seed="1,0,0,1,5,87" ten="245,247,247,261" oya="1" hai0="114,20,121,67,13,85,3,63,58,65,95,51,112" hai1="78,127,5,22,11,74,61,52,83,113,116,59,129" hai2="120,15,30,71,103,31,133,131,91,44,105,23,29" hai3="36,64,60,81,72,73,126,27,19,77,124,21,76"/><U104/><E113/><V6/><F120/><W115/><G36/><T94/><D3/><U10/><E116/><V33/><F33/><W123/><G123/><T48/><D121/><U46/><E127/><N who="3" m="48682" /><G115/><T122/><D122/><U66/><E129/><V107/><F71/><N who="3" m="42375" /><G77/><T99/><D114/><U75/><E104/><V118/><F131/><W47/><G47/><T9/><D20/><U42/><E66/><V90/><F118/><W84/><AGARI ba="0,0" hai="19,21,27,72,73,76,81,84" m="42375,48682" machi="84" ten="30,1100,0" yaku="18,1" doraHai="87" who="3" fromWho="3" sc="245,-3,247,-5,247,-3,261,11" /><INIT seed="2,0,0,0,1,84" ten="242,242,244,272" oya="2" hai0="121,122,80,132,65,30,103,46,53,61,75,8,23" hai1="13,102,108,112,110,15,2,120,0,69,119,104,24" hai2="5,39,130,11,131,88,70,35,134,34,42,9,54" hai3="6,72,37,78,40,48,41,96,85,118,17,58,7"/><V86/><F134/><W1/><G118/><T14/><D132/><U67/><E119/><V116/><F116/><W20/><G72/><T45/><D103/><U26/><E102/><V73/><F73/><W21/><G96/><T59/><D75/><U127/><E104/><V111/><F70/><W92/><G37/><T82/><D121/><U81/><E81/><N who="0" m="31337" /><D122/><U107/><E107/><V114/><F114/><W25/><G21/><T129/><D129/><N who="2" m="49162" /><F111/><N who="1" m="42537" /><E120/><V31/><F31/><W117/><G117/><T52/><D23/><U3/><E112/><V128/><N who="2" m="49170" /><V51/><DORA hai="16" /><F42/><N who="3" m="16491" /><G1/><N who="1" m="258" /><U113/><DORA hai="99" /><E113/><V83/><F39/><W33/><G33/><N who="2" m="12297" /><F5/><W4/><G78/><T55/><D30/><U124/><E69/><V50/><F50/><W57/><G48/><T94/><D94/><U44/><E44/><AGARI ba="0,0" hai="9,11,44,51,54,83,86,88" m="12297,49170" machi="44" ten="40,7700,0" yaku="19,1,52,1,54,1" doraHai="84,16,99" who="2" fromWho="1" sc="242,0,242,-77,244,77,272,0" /><INIT seed="2,1,0,3,5,8" ten="242,165,321,272" oya="2" hai0="67,107,115,48,123,60,97,0,129,106,38,44,47" hai1="3,77,4,62,32,35,40,102,128,34,6,101,23" hai2="19,72,84,39,111,59,88,110,55,113,82,125,9" hai3="73,121,21,86,116,15,104,100,14,99,17,119,64"/><V56/><F113/><W79/><G121/><T87/><D123/><U117/><E117/><V53/><F125/><W96/><G73/><T33/><D115/><U11/><E128/><V31/><F39/><W24/><G64/><T22/><D33/><U85/><E40/><V29/><F72/><W69/><G69/><T18/><D0/><U49/><E49/><V109/><F9/><W37/><G37/><T94/><D87/><U1/><E62/><N who="2" m="36111" /><F19/><W127/><G127/><T74/><D74/><U98/><E23/><V78/><F78/><W124/><G124/><T108/><D108/><U135/><E135/><V103/><F103/><W46/><G46/><T132/><D47/><U133/><E133/><V71/><F71/><W105/><G79/><T75/><D75/><U89/><E77/><V45/><F45/><W7/><G86/><T130/><D132/><U61/><E101/><V54/><F54/><W57/><G57/><T10/><D38/><U126/><E126/><V81/><F81/><W26/><G100/><N who="0" m="60471" /><D107/><U68/><E6/><V120/><F120/><W16/><G21/><T66/><D106/><U95/><E1/><V131/><F131/><N who="0" m="50186" /><D60/><AGARI ba="1,0" hai="29,31,55,59,60,82,84,88,109,110,111" m="36111" machi="60" ten="30,5800,0" yaku="14,1,10,1,54,1" doraHai="8" who="2" fromWho="0" sc="242,-61,165,0,321,61,272,0" /><INIT seed="2,2,0,3,3,119" ten="181,165,382,272" oya="2" hai0="116,32,86,29,110,67,112,69,45,62,54,135,13" hai1="90,58,115,82,44,31,127,108,74,75,92,126,2" hai2="71,70,48,42,38,10,124,132,39,100,123,117,99" hai3="76,35,20,49,101,30,8,26,111,114,60,41,9"/><V66/><F117/><W27/><G111/><T25/><D112/><U63/><E108/><V106/><F132/><W7/><G114/><T15/><D116/><U121/><E115/><V14/><F124/><N who="1" m="47657" /><E2/><V95/><F123/><W85/><G101/><T51/><D110/><U133/><E133/><V6/><F48/><W81/><G60/><T68/><D135/><U77/><E31/><V129/><F129/><W73/><G73/><T103/><D69/><U107/><E107/><V19/><F66/><W65/><G65/><T96/><REACH who="0" step="1"/><D86/><REACH who="0" ten="171,165,382,272" step="2"/><N who="1" m="48463" /><E44/><V18/><F70/><W84/><G84/><T79/><D79/><U16/><E121/><V104/><F71/><W12/><G85/><T43/><D43/><U33/><E33/><V98/><F42/><W11/><G76/><T102/><D102/><U131/><E131/><V130/><F130/><W46/><G81/><T23/><D23/><U134/><E134/><V37/><REACH who="2" step="1"/><F106/><AGARI ba="2,1" hai="13,15,25,29,32,45,51,54,62,67,68,96,103,106" machi="106" ten="30,8000,1" yaku="1,1,7,1,25,2,53,1" doraHai="119" doraHaiUra="93" who="0" fromWho="2" sc="171,96,165,0,382,-86,272,0" /><INIT seed="3,0,0,1,1,31" ten="267,165,296,272" oya="3" hai0="41,62,132,23,44,42,102,12,35,74,24,9,29" hai1="19,16,68,134,51,129,27,133,93,127,81,71,98" hai2="36,79,21,121,54,103,131,60,28,61,30,11,25" hai3="75,130,99,104,85,135,20,84,70,37,2,50,113"/><W55/><G113/><T10/><D74/><U83/><E51/><V7/><F36/><W49/><G37/><T108/><D108/><U33/><E127/><V67/><F131/><W101/><G75/><T58/><D132/><N who="1" m="50795" /><E129/><V100/><F121/><W76/><G135/><T53/><D102/><N who="2" m="38954" /><F79/><W66/><G130/><T65/><D35/><U105/><E105/><V95/><F67/><W22/><G2/><T1/><D1/><U125/><E125/><V117/><F117/><W38/><G38/><T77/><D77/><U18/><E98/><V112/><F112/><W8/><G49/><N who="0" m="28839" /><D10/><U119/><E93/><V87/><F30/><W64/><G8/><T3/><D3/><U48/><E48/><V94/><F54/><W96/><G96/><T5/><AGARI ba="0,0" hai="5,9,12,23,24,29,41,42,58,62,65" m="28839" machi="5" ten="30,1100,0" yaku="8,1" doraHai="31" who="0" fromWho="0" sc="267,11,165,-3,296,-3,272,-5" /><INIT seed="4,0,0,4,3,99" ten="278,162,293,267" oya="0" hai0="114,130,66,45,12,27,75,125,38,81,36,4,86" hai1="3,91,106,31,134,49,1,112,37,97,135,100,54" hai2="51,82,0,70,116,59,122,96,74,50,71,17,110" hai3="126,29,53,84,102,108,107,78,25,73,44,111,95"/><T55/><D114/><U94/><E37/><V41/><F110/><W23/><G126/><T76/><D125/><U64/><E64/><V132/><F122/><W63/><G107/><T62/><D130/><U90/><E31/><V89/><F0/><N who="1" m="73" /><E106/><V109/><F109/><W123/><G123/><T7/><D75/><U22/><E22/><V87/><F132/><N who="1" m="50729" /><E112/><V48/><F74/><W68/><G73/><T33/><D38/><U39/><E39/><V105/><F116/><W60/><G68/><T30/><D12/><U118/><E118/><V6/><F6/><W79/><G108/><T18/><D18/><U24/><E24/><V46/><F17/><W10/><G10/><T85/><D85/><U61/><E61/><V57/><F70/><W43/><G111/><T20/><D33/><U35/><E35/><V26/><F71/><W5/><G5/><T83/><D36/><U42/><E42/><V14/><F14/><W129/><G129/><T13/><D13/><U8/><E8/><V67/><F26/><W124/><G124/><T131/><D131/><U56/><AGARI ba="0,0" hai="49,54,56,90,91,94,97,100" m="50729,73" machi="56" ten="30,2000,0" yaku="20,1,52,1" doraHai="99" who="1" fromWho="1" sc="278,-10,162,20,293,-5,267,-5" /><INIT seed="5,0,0,3,4,114" ten="268,182,288,262" oya="1" hai0="33,122,125,74,95,92,21,27,91,65,67,50,25" hai1="82,123,53,41,119,107,39,79,40,4,127,112,131" hai2="20,54,134,16,129,100,63,48,61,108,88,58,45" hai3="68,29,24,2,3,38,98,30,69,62,1,109,135"/><U93/><E107/><V17/><F108/><W13/><G109/><T99/><D74/><U106/><E106/><V115/><F115/><W37/><G135/><T128/><D125/><U90/><E112/><V5/><F134/><W7/><G98/><N who="0" m="57631" /><D33/><U64/><E123/><V44/><F129/><W35/><G13/><T97/><D97/><N who="1" m="57527" /><E39/><N who="3" m="14858" /><G7/><T0/><D0/><U14/><E127/><V101/><F5/><W49/><G49/><T60/><D122/><U89/><E131/><V103/><F88/><W78/><G78/><T70/><D70/><N who="3" m="27241" /><G62/><N who="2" m="23561" /><F17/><W9/><G9/><T51/><D128/><U12/><E89/><V31/><F31/><N who="3" m="11787" /><G24/><AGARI ba="0,0" hai="16,20,24,44,45,48,54,58,100,101,103" m="23561" machi="24" ten="30,2000,0" yaku="8,1,54,1" doraHai="114" who="2" fromWho="3" sc="268,0,182,0,288,20,262,-20" owari="268,6.8,182,-31.8,308,40.8,242,-15.8" /></mjloggm>