<mjloggm ver="2.3"><GO type="225" lobby="0"/><UN n0="%E8%81%B7%E6%A5%AD%E3%80%81%E9%A2%A8%32" n1="%E3%81%9F%E3%81%A3%E3%81%A1%E3%82%87" n2="%E3%81%82%E3%81%99%E3%81%AB%E3%82%83%E3%82%80" n3="%E6%97%A5%E6%9B%9C%E6%97%A5%E3%82%88%E3%82%8A%E3%81%AE%E4%BD%BF%E8%80%85" dan="16,16,16,18" rate="2174.12,2055.83,2135.48,2158.35" sx="M,M,F,M"/><TAIKYOKU oya="0"/><INIT seed="0,0,0,1,1,133" ten="250,250,250,250" oya="0" hai0="47,76,31,32,100,90,119,110,106,26,101,104,74" hai1="135,107,98,4,109,83,123,131,64,53,22,116,117" hai2="25,21,112,93,34,72,63,115,79,13,126,66,45" hai3="105,124,43,54,88,94,68,46,37,27,24,36,12"/><T5/><D119/><U81/><E135/><V35/><F45/><W114/><G105/><T59/><D110/><U8/><E64/><V78/><F93/><W113/><G68/><T18/><D106/><U97/><E123/><V0/><F0/><W56/><G37/><T134/><D134/><U16/><E131/><V41/><F41/><W10/><G124/><T77/><D5/><U87/><E53/><V3/><F3/><W62/><G114/><T102/><D104/><U92/><E107/><V28/><F13/><W17/><REACH who="3" step="1"/><G113/><REACH who="3" ten="250,250,250,240" step="2"/><T29/><D74/><U14/><E109/><V33/><F126/><W127/><G127/><T49/><D59/><U121/><E121/><V120/><F120/><W39/><G39/><T9/><D47/><U50/><E116/><V85/><F72/><W7/><G7/><T55/><D32/><U82/><E117/><V75/><F75/><W57/><G57/><N who="0" m="33007" /><D31/><U111/><E111/><V52/><F112/><W40/><G40/><T15/><D29/><U60/><E4/><V108/><F108/><W67/><G67/><T65/><D65/><U118/><E118/><V122/><F66/><W30/><G30/><T61/><D18/><U103/><E16/><V51/><F115/><W73/><G73/><T23/><D26/><U129/><E129/><V84/><F122/><W19/><G19/><N who="0" m="8687" /><D23/><U48/><E22/><V1/><F21/><W58/><G58/><T125/><D125/><U42/><E42/><V6/><F6/><W20/><G20/><T69/><D69/><U132/><E132/><V70/><F33/><W86/><AGARI ba="0,1" hai="10,12,17,24,27,36,43,46,54,56,62,86,88,94" machi="86" ten="20,12000,2" yaku="1,1,5,1,0,1,7,1,54,1,53,1" doraHai="133" doraHaiUra="38" who="3" fromWho="3" sc="250,-60,250,-30,250,-30,240,130" /><INIT seed="1,0,0,5,3,117" ten="190,220,220,370" oya="1" hai0="62,13,123,101,21,45,98,72,67,64,34,86,53" hai1="131,39,109,19,50,94,125,17,29,80,81,107,40" hai2="54,59,26,8,14,127,85,11,106,79,113,134,41" hai3="122,42,7,73,56,69,78,103,102,108,120,38,116"/><U90/><E125/><V74/><F74/><W15/><G69/><T82/><D72/><U111/><E107/><V115/><F127/><W119/><G56/><T133/><D34/><U36/><E131/><V105/><F134/><W91/><G91/><T23/><D133/><U47/><E29/><V71/><F41/><W126/><G126/><T22/><D123/><N who="3" m="47145" /><G42/><T89/><D13/><U43/><E80/><V6/><F71/><W99/><G38/><T93/><REACH who="0" step="1"/><D62/><REACH who="0" ten="180,220,220,370" step="2"/><U118/><E118/><N who="3" m="45098" /><G108/><T97/><D97/><U129/><E109/><V130/><F14/><W25/><G99/><T46/><D46/><U31/><E111/><V1/><F1/><W32/><G32/><T57/><D57/><U48/><E47/><V3/><F59/><W92/><G25/><T84/><D84/><U4/><E36/><V20/><F85/><W9/><G92/><T95/><D95/><U51/><E94/><V16/><F26/><W63/><G63/><T112/><D112/><U2/><E39/><V100/><F113/><W35/><G35/><T49/><AGARI ba="0,1" hai="21,22,23,45,49,53,64,67,82,86,89,93,98,101" machi="49" ten="30,8000,1" yaku="1,1,0,1,8,1,53,2" doraHai="117" doraHaiUra="60" who="0" fromWho="0" sc="180,90,220,-40,220,-20,370,-20" /><INIT seed="2,0,0,1,4,71" ten="270,180,200,350" oya="2" hai0="62,21,115,11,95,126,34,49,108,5,73,0,35" hai1="109,31,100,43,47,131,1,97,82,42,48,50,54" hai2="26,90,94,58,128,120,123,17,32,64,105,113,61" hai3="67,89,56,121,38,79,104,37,127,99,2,92,69"/><V55/><F113/><W28/><G121/><T117/><D108/><U122/><E1/><V12/><F105/><W98/><G69/><T40/><D115/><U24/><E109/><V22/><F128/><W25/><G2/><T111/><D111/><U106/><E131/><V134/><F134/><W112/><G79/><T60/><D73/><U129/><E129/><V10/><F32/><W130/><G130/><T72/><D117/><U74/><E122/><V16/><REACH who="2" step="1"/><F64/><REACH who="2" ten="270,180,190,350" step="2"/><W36/><G112/><T23/><D34/><U83/><E74/><V15/><F15/><W6/><G104/><T41/><D35/><U3/><E3/><V85/><AGARI ba="0,1" hai="10,12,16,17,22,26,55,58,61,85,90,94,120,123" machi="85" ten="20,7800,0" yaku="1,1,0,1,7,1,54,1,53,0" doraHai="71" doraHaiUra="107" who="2" fromWho="2" sc="270,-26,180,-26,190,88,350,-26" /><INIT seed="2,1,0,2,4,2" ten="244,154,278,324" oya="2" hai0="12,4,130,123,108,89,40,126,45,19,74,41,83" hai1="95,35,135,7,6,20,28,110,54,11,44,16,113" hai2="116,84,30,69,68,127,100,9,122,56,29,15,64" hai3="133,90,24,94,62,55,43,25,39,86,61,85,79"/><V46/><F116/><W63/><G133/><T67/><D108/><U72/><E72/><V93/><F122/><W106/><G106/><T58/><D123/><U103/><E135/><V80/><F127/><W52/><G43/><T0/><D130/><U99/><E113/><V77/><F68/><W50/><G39/><T120/><D126/><U27/><E110/><V109/><F46/><N who="3" m="27735" /><G55/><T21/><D120/><U87/><E87/><V82/><F82/><AGARI ba="1,0" hai="24,25,61,62,63,79,82,85,86,90,94" m="27735" machi="82" ten="30,2000,0" yaku="8,1,54,1" doraHai="2" who="3" fromWho="2" sc="244,0,154,0,278,-23,324,23" /><INIT seed="3,0,0,4,1,14" ten="244,154,255,347" oya="3" hai0="100,123,118,82,105,68,126,116,107,66,34,74,49" hai1="28,45,54,6,27,31,103,57,39,81,102,48,13" hai2="18,16,8,113,114,51,32,131,129,9,7,4,125" hai3="55,15,119,24,97,135,59,70,104,69,62,43,42"/><W130/><G15/><T73/><D123/><U96/><E39/><V5/><F51/><W110/><G24/><T25/><D126/><U86/><E96/><V33/><REACH who="2" step="1"/><F4/><REACH who="2" ten="244,154,245,347" step="2"/><W77/><G119/><N who="0" m="45611" /><D49/><U111/><E111/><V46/><F46/><W19/><G110/><T50/><D50/><U58/><E102/><V22/><F22/><W38/><G38/><T108/><D108/><U3/><E103/><V115/><F115/><W127/><G127/><AGARI ba="0,1" hai="5,7,8,9,16,18,32,33,113,114,125,127,129,131" machi="127" ten="25,16000,3" yaku="1,1,22,2,34,3,52,2,54,1,53,0" doraHai="14" doraHaiUra="71" who="2" fromWho="3" sc="244,0,154,0,245,170,347,-160" owari="244,4.4,154,-34.6,415,51.5,187,-21.3" /></mjloggm>