<mjloggm ver="2.3"><GO type="225" lobby="0"/><UN n0="%E5%AF%82%E5%AF%9E%E3%82%AE%E3%83%8D%E3%82%B9%E3%83%93%E3%83%BC%E3%83%AB" n1="%E3%81%86%E3%81%A1%E3%83%BC" n2="%E3%81%82%E3%81%99%E3%81%AB%E3%82%83%E3%82%80" n3="%6D%75%75%6D%75%72%61" dan="16,17,16,16" rate="2153.41,2183.94,2198.32,2136.15" sx="M,M,F,F"/><TAIKYOKU oya="0"/><INIT seed="0,0,0,3,3,105" ten="250,250,250,250" oya="0" hai0="66,41,109,24,13,129,132,8,133,95,74,45,62" hai1="90,33,89,128,116,21,52,70,10,67,11,51,78" hai2="56,84,30,63,86,64,47,80,55,93,77,73,108" hai3="54,43,32,9,19,40,39,121,115,72,130,114,101"/><T92/><D129/><U117/><E33/><V100/><F108/><W0/><G130/><T27/><D109/><U69/><E128/><V29/><F73/><W83/><G32/><T68/><D74/><U91/><E78/><V88/><F100/><W123/><G101/><T5/><D27/><U75/><E75/><V118/><F118/><W107/><G54/><T20/><D133/><U49/><E21/><V111/><F111/><W97/><G97/><T37/><REACH who="0" step="1"/><D132/><REACH who="0" ten="240,250,250,250" step="2"/><U58/><E116/><V2/><F2/><W98/><G0/><T26/><D26/><U7/><E117/><V120/><F120/><W25/><G123/><T60/><D60/><U17/><E70/><V65/><REACH who="2" step="1"/><F47/><REACH who="2" ten="240,250,240,250" step="2"/><W79/><G121/><T102/><D102/><U23/><E69/><V99/><F99/><W94/><G98/><T14/><D14/><U81/><E58/><V12/><F12/><W71/><G72/><T6/><D6/><U134/><E7/><V4/><F4/><W104/><G25/><T124/><D124/><U119/><E134/><V16/><F16/><AGARI ba="0,2" hai="5,8,13,16,20,24,37,41,45,62,66,68,92,95" machi="16" ten="30,5800,0" yaku="1,1,7,1,54,1,53,0" doraHai="105" doraHaiUra="28" who="0" fromWho="2" sc="240,78,250,0,240,-58,250,0" /><INIT seed="0,1,0,1,5,24" ten="318,250,182,250" oya="0" hai0="52,118,94,86,68,97,108,95,89,45,32,107,48" hai1="106,34,104,112,20,22,13,116,92,123,135,111,6" hai2="27,121,98,66,2,126,14,76,64,7,10,44,43" hai3="83,26,17,55,38,36,42,63,41,128,72,117,73"/><T56/><D68/><U84/><E34/><V119/><F121/><W62/><G117/><T47/><D118/><U85/><E116/><V132/><F119/><W78/><G128/><T113/><D113/><U12/><E123/><V71/><F132/><W37/><G73/><T131/><D131/><U90/><E135/><V93/><F126/><W39/><N who="3" m="9216" /><DORA hai="11" /><W129/><G129/><T19/><D107/><U88/><E6/><V31/><F2/><W4/><G4/><T77/><D108/><U51/><E51/><N who="2" m="27039" /><F76/><W102/><G102/><N who="0" m="60727" /><D32/><U58/><E92/><V130/><F71/><W16/><G17/><T9/><D77/><U70/><E58/><V79/><F79/><W91/><G91/><T109/><D109/><U101/><E70/><V60/><F60/><W49/><G63/><T61/><D61/><U50/><E50/><V65/><F130/><W29/><G62/><T114/><D114/><U59/><E59/><V35/><F35/><W30/><G42/><T134/><D134/><U99/><E101/><N who="2" m="60623" /><F27/><W15/><G41/><T53/><D53/><U1/><E1/><V127/><F127/><W120/><G26/><T69/><D69/><U115/><E99/><V105/><F105/><W67/><G120/><T75/><D75/><U74/><E74/><V103/><F103/><W125/><G125/><T100/><D100/><U54/><E54/><V122/><F122/><W124/><G124/><T18/><D52/><U5/><E5/><V0/><F0/><W21/><REACH who="3" step="1"/><G67/><REACH who="3" ten="318,250,182,240" step="2"/><T110/><D110/><AGARI ba="1,1" hai="12,13,20,22,84,85,88,90,104,106,110,111,112,115" machi="110" ten="25,8000,1" yaku="22,2,52,2,54,1" doraHai="24,11" who="1" fromWho="0" sc="318,-83,250,93,182,0,240,0" /><INIT seed="1,0,0,5,1,101" ten="235,343,182,240" oya="1" hai0="94,3,91,112,29,36,97,56,0,15,134,86,115" hai1="12,117,42,32,34,49,71,100,61,119,125,95,128" hai2="47,31,122,55,8,35,123,1,75,89,105,22,46" hai3="57,80,40,16,108,116,107,38,19,7,28,90,79"/><U78/><E125/><V114/><F75/><W44/><G108/><T113/><D36/><U84/><E128/><V6/><F114/><W96/><G116/><T24/><D134/><U63/><E12/><V73/><F73/><W37/><G37/><T99/><D15/><U133/><E133/><V93/><F35/><W127/><G127/><T9/><D56/><U64/><E61/><V98/><F31/><W106/><G28/><T87/><D87/><U135/><E135/><V51/><F22/><W118/><G118/><T67/><D67/><U10/><E10/><V23/><F23/><W58/><G7/><T72/><D72/><U66/><E64/><V82/><F82/><W4/><G4/><T102/><D9/><U60/><E60/><V85/><REACH who="2" step="1"/><F47/><REACH who="2" ten="235,343,172,240" step="2"/><W45/><G45/><T77/><D29/><U126/><E32/><V25/><F25/><W70/><G44/><T68/><D24/><U120/><E34/><V30/><F30/><W88/><G80/><T26/><D26/><U59/><E119/><V62/><F62/><W48/><G79/><T110/><D110/><U2/><E63/><V50/><F50/><W20/><G48/><T33/><D33/><U121/><E49/><V18/><F18/><W43/><G20/><T76/><D68/><U74/><E71/><V83/><F83/><W13/><G70/><T104/><D77/><U52/><E78/><V131/><F131/><W17/><G17/><T69/><D69/><U54/><E117/><V129/><F129/><W14/><G38/><T39/><D39/><U103/><E74/><V111/><F111/><RYUUKYOKU ba="0,1" sc="235,10,343,-30,172,10,240,10" hai0="0,3,76,86,91,94,97,99,102,104,112,113,115" hai2="1,6,8,46,51,55,85,89,93,98,105,122,123" hai3="13,14,16,19,40,43,57,58,88,90,96,106,107" /><INIT seed="2,1,1,0,4,74" ten="245,313,182,250" oya="2" hai0="75,133,60,106,25,66,79,56,88,55,108,93,5" hai1="1,94,72,97,114,90,2,10,14,17,33,76,67" hai2="13,110,16,134,130,123,83,107,95,119,68,87,96" hai3="46,20,34,78,112,7,49,42,120,71,9,52,12"/><V58/><F119/><W62/><G34/><T125/><D106/><U21/><E114/><V50/><F123/><W61/><G120/><T15/><D108/><U63/><E33/><V36/><F36/><W43/><G112/><T118/><D133/><U105/><E105/><V51/><F68/><W131/><G131/><T37/><D37/><U99/><E99/><V89/><F107/><W117/><G117/><T100/><D118/><U128/><E128/><V57/><F130/><W39/><G78/><T69/><D100/><U113/><E113/><V102/><F134/><W53/><G71/><T59/><D25/><U73/><E73/><V101/><F101/><W64/><G39/><T81/><D125/><U19/><E76/><N who="2" m="46567" /><F110/><W103/><G103/><T91/><D93/><U115/><E72/><V45/><F102/><W82/><G82/><T124/><D124/><U35/><E35/><V6/><F6/><W23/><G43/><T127/><D127/><U77/><E77/><V30/><F30/><W4/><G7/><T84/><D75/><U38/><E38/><V26/><F26/><W109/><G109/><T44/><D69/><U27/><E115/><V65/><F65/><W121/><G121/><T48/><D59/><AGARI ba="1,1" hai="1,2,10,14,17,19,21,27,59,63,67,90,94,97" machi="59" ten="30,1000,0" yaku="7,1" doraHai="74" who="1" fromWho="0" sc="245,-13,313,23,182,0,250,0" /><INIT seed="3,0,0,0,5,88" ten="232,336,182,250" oya="3" hai0="89,35,109,85,49,15,24,108,21,11,119,14,38" hai1="87,129,69,93,67,77,114,53,20,43,125,113,104" hai2="45,133,9,18,116,95,81,64,131,73,48,128,50" hai3="83,117,44,41,78,4,19,79,84,30,6,36,102"/><W7/><G117/><T47/><D38/><U90/><E104/><V40/><F116/><W122/><G122/><T34/><D119/><U26/><E43/><V68/><F133/><W57/><G79/><T100/><D100/><U106/><E106/><V110/><F110/><N who="0" m="42602" /><D11/><U3/><E3/><V75/><F75/><W29/><G102/><T23/><D14/><U92/><E125/><V56/><F81/><W59/><REACH who="3" step="1"/><G19/><REACH who="3" ten="232,336,182,240" step="2"/><N who="0" m="10495" /><D23/><U107/><E77/><V70/><F18/><W97/><G97/><T132/><D132/><U66/><E114/><V115/><F9/><W62/><G62/><T71/><D71/><N who="2" m="27178" /><F73/><W60/><G60/><T58/><D24/><U101/><E113/><V105/><F115/><W52/><G52/><N who="0" m="32015" /><D47/><U80/><E69/><V33/><F33/><W94/><G94/><AGARI ba="0,1" hai="34,35,85,89,94" m="32015,10495,42602" machi="94" ten="30,7700,0" yaku="25,1,14,1,52,1,54,1" doraHai="88" who="0" fromWho="3" sc="232,87,336,0,182,0,240,-77" owari="319,11.9,336,43.6,182,-21.8,163,-33.7" /></mjloggm>