<mjloggm ver="2.3"><GO type="225" lobby="0"/><UN n0="%E6%80%AA%E3%81%97%E3%81%99%E3%81%8E%E3%82%8B%E3%83%81%E3%83%BC" n1="%E3%83%A9%E3%83%96%E3%83%AC%E3%83%BC" n2="%E5%AE%AE%E4%BF%9D%E9%B6%8F%E8%82%89" n3="%4D%50%43%32%38%30%30" dan="16,18,16,16" rate="2186.13,2256.62,2124.82,2162.44" sx="M,M,M,M"/><TAIKYOKU oya="0"/><INIT seed="0,0,0,0,3,13" ten="250,250,250,250" oya="0" hai0="46,87,110,70,9,82,114,44,18,128,120,54,74" hai1="51,96,130,38,3,75,98,17,121,72,129,61,134" hai2="36,15,64,124,63,27,88,35,30,60,81,133,95" hai3="47,1,26,125,131,31,117,19,22,62,34,6,8"/><T67/><D114/><U102/><E38/><V49/><F36/><W48/><G131/><N who="1" m="50186" /><E3/><V111/><F111/><W122/><G125/><T119/><D119/><U2/><E2/><V91/><F124/><W83/><G122/><T99/><D128/><U68/><E51/><V55/><F133/><W0/><G0/><T93/><D74/><U115/><E134/><V71/><F63/><W40/><G117/><T127/><D120/><U57/><E68/><V105/><F105/><W118/><G118/><T39/><D39/><U94/><E115/><V113/><F113/><W12/><G83/><T109/><D127/><U97/><E121/><V50/><F15/><W21/><G21/><T58/><D70/><U52/><E98/><V78/><F95/><W65/><G62/><N who="0" m="38359" /><D54/><U14/><E97/><V89/><REACH who="2" step="1"/><F55/><REACH who="2" ten="250,250,240,250" step="2"/><W59/><G65/><T10/><D109/><U56/><E56/><AGARI ba="0,1" hai="1,6,8,12,19,22,26,31,34,40,47,48,56,59" machi="56" ten="40,5200,0" yaku="24,2,52,1" doraHai="13" who="3" fromWho="1" sc="250,0,250,-52,240,0,250,62" /><INIT seed="1,0,0,0,3,107" ten="250,198,240,312" oya="1" hai0="93,39,79,94,15,63,34,110,81,118,36,11,88" hai1="90,69,33,37,62,102,65,115,3,27,59,60,123" hai2="128,99,58,57,98,104,48,45,71,83,135,38,121" hai3="100,10,51,72,96,20,8,23,95,14,133,85,55"/><U117/><E123/><V106/><F121/><W87/><G133/><T54/><D34/><U77/><E117/><V46/><F71/><W47/><G72/><T134/><D118/><U112/><E3/><V13/><F38/><W44/><G44/><T101/><D110/><U119/><E119/><V92/><F135/><W24/><G10/><T126/><D126/><U125/><E37/><V50/><F92/><W29/><REACH who="3" step="1"/><G23/><REACH who="3" ten="250,198,240,302" step="2"/><T0/><D11/><U82/><E125/><V114/><F46/><W21/><G21/><T1/><D134/><U129/><E129/><V30/><F45/><W31/><G31/><T124/><D124/><U70/><E70/><V109/><F30/><W105/><G105/><T9/><D9/><U18/><E33/><V28/><F28/><W40/><G40/><T84/><D36/><U19/><E115/><V64/><F106/><W42/><G42/><T108/><D39/><U122/><E122/><V73/><F104/><W32/><G32/><T127/><D127/><U22/><E112/><V75/><F114/><W130/><G130/><T6/><D108/><U26/><E26/><V97/><F109/><W68/><G68/><T49/><D1/><U16/><E102/><V53/><F75/><W52/><G52/><T131/><D0/><U86/><E77/><N who="2" m="44463" /><F128/><W67/><G67/><AGARI ba="0,1" hai="16,18,19,22,27,59,60,62,65,67,69,82,86,90" machi="67" ten="30,2900,0" yaku="7,1,54,1" doraHai="107" who="1" fromWho="3" sc="250,0,198,39,240,0,302,-29" /><INIT seed="1,1,0,3,0,31" ten="250,237,240,273" oya="1" hai0="18,132,46,51,130,9,58,2,131,23,77,102,15" hai1="85,39,14,41,101,117,122,111,86,45,82,127,40" hai2="34,68,96,13,1,37,95,32,63,125,119,97,78" hai3="11,124,25,113,38,71,121,129,79,93,106,19,120"/><U75/><E122/><V28/><F119/><W0/><G79/><T81/><D132/><U123/><E117/><V133/><F1/><W24/><G93/><T109/><D109/><U94/><E123/><N who="3" m="47178" /><G71/><T89/><D58/><U134/><E134/><V26/><F133/><W17/><G38/><T118/><D118/><U60/><E111/><V6/><F37/><W107/><G129/><N who="0" m="49163" /><D102/><U99/><E127/><V70/><F125/><W112/><G124/><T73/><D2/><U69/><E41/><V65/><F78/><W84/><G84/><T66/><D89/><U12/><E75/><V53/><F70/><W21/><G106/><T135/><D66/><U43/><E43/><V72/><F72/><W42/><G42/><N who="0" m="25047" /><D135/><U49/><E39/><V115/><F115/><W44/><G44/><T64/><D64/><U48/><E48/><V35/><F53/><W98/><G98/><T59/><D59/><U116/><E116/><V56/><F68/><W10/><G107/><T62/><D62/><U55/><E69/><V29/><F97/><W90/><G90/><T128/><N who="0" m="49171" /><T52/><DORA hai="92" /><D52/><U30/><E60/><V4/><F96/><W105/><G105/><T114/><D114/><N who="3" m="44137" /><G0/><T110/><D110/><U3/><E3/><V67/><F67/><W54/><G54/><T20/><AGARI ba="1,0" hai="9,15,18,20,23,73,77,81" m="25047,49171" machi="20" ten="40,1500,0" yaku="19,1" doraHai="31,92" who="0" fromWho="0" sc="250,18,237,-8,240,-5,273,-5" /><INIT seed="2,0,0,3,1,89" ten="268,229,235,268" oya="2" hai0="20,106,1,39,75,32,128,12,2,10,36,133,67" hai1="74,71,27,4,79,119,7,47,87,22,107,116,3" hai2="46,134,11,60,9,101,81,129,127,103,15,5,97" hai3="68,77,8,82,56,125,42,98,69,24,117,65,72"/><V86/><F129/><W83/><G117/><T130/><D32/><U121/><E74/><V57/><F127/><W62/><G125/><T41/><D106/><U6/><E107/><V58/><F134/><W84/><G42/><T95/><D75/><U44/><E71/><V78/><F46/><W25/><G8/><T49/><D20/><U102/><E3/><N who="0" m="1033" /><D67/><U132/><E132/><V120/><F120/><W123/><G123/><T54/><D95/><U63/><E121/><V90/><F11/><W104/><G25/><T33/><D33/><U30/><E102/><N who="2" m="38923" /><F60/><W17/><G98/><T31/><D31/><U114/><E114/><V110/><F110/><W37/><G37/><T109/><D41/><U26/><E119/><V115/><F115/><W92/><G104/><T19/><D109/><U52/><E116/><V73/><F73/><W108/><G108/><T50/><D50/><U18/><E63/><V16/><F5/><W100/><G100/><T76/><D76/><U91/><E79/><V135/><F135/><W38/><G38/><T29/><D133/><U96/><E96/><V111/><F111/><W85/><G69/><T48/><D36/><U55/><E47/><V80/><F80/><W43/><G68/><T53/><D39/><U88/><E44/><V93/><AGARI ba="0,0" hai="9,15,16,57,58,78,81,86,90,93,97" m="38923" machi="93" ten="30,6000,0" yaku="8,1,52,1,54,1" doraHai="89" who="2" fromWho="2" sc="268,-20,229,-20,235,60,268,-20" /><INIT seed="2,1,0,0,1,54" ten="248,209,295,248" oya="2" hai0="64,106,62,27,18,39,121,0,21,115,96,66,92" hai1="68,76,120,85,81,128,51,16,134,45,91,118,102" hai2="46,75,50,80,99,26,132,117,19,67,100,126,32" hai3="87,129,101,70,58,90,6,105,103,31,4,131,59"/><V42/><F117/><W77/><G70/><T73/><D115/><U35/><E68/><V9/><F132/><W47/><G77/><T113/><D113/><U7/><E118/><V10/><F126/><W41/><G31/><T17/><D121/><U22/><E134/><V127/><F127/><W29/><G29/><T38/><D106/><U119/><E119/><V104/><F67/><W88/><G105/><T110/><D73/><U107/><E120/><V43/><F43/><W13/><G13/><T72/><D72/><U60/><E35/><V125/><F125/><W130/><G101/><T55/><D110/><U123/><E128/><V2/><F2/><W48/><G103/><N who="0" m="60807" /><D39/><U84/><E7/><N who="3" m="2602" /><G90/><T28/><D38/><U57/><E102/><V49/><F32/><W40/><G40/><T108/><D0/><U74/><E107/><V135/><F135/><W111/><G111/><T71/><D71/><U63/><E74/><V33/><F33/><W83/><AGARI ba="1,0" hai="41,47,48,58,59,83,87,88,129,130,131" m="2602" machi="83" ten="40,8000,1" yaku="19,1,52,2,54,1" doraHai="54" who="3" fromWho="3" sc="248,-21,209,-21,295,-41,248,83" /><INIT seed="3,0,0,0,3,111" ten="227,188,254,331" oya="3" hai0="42,8,66,21,59,92,123,120,95,34,41,104,29" hai1="44,18,83,97,125,67,82,4,56,93,65,39,119" hai2="57,23,68,15,58,70,110,12,102,86,88,28,47" hai3="98,126,1,62,7,79,94,121,134,10,36,43,46"/><W75/><G121/><T118/><D118/><U13/><E119/><V2/><F2/><W131/><G134/><T99/><D34/><U60/><E125/><V90/><F110/><W54/><G126/><T33/><D33/><U85/><E39/><V55/><F102/><W78/><G131/><T22/><D8/><U61/><E4/><V72/><F72/><W26/><G26/><N who="0" m="16591" /><D22/><U0/><E44/><V80/><F28/><W51/><G62/><N who="0" m="38239" /><D95/><U113/><E113/><V11/><F23/><W127/><G127/><T37/><D104/><U9/><E0/><V109/><F70/><W73/><G75/><T106/><D106/><U122/><E122/><N who="0" m="46633" /><D37/><U25/><E25/><V74/><F68/><W116/><G116/><T112/><D112/><U91/><REACH who="1" step="1"/><E85/><REACH who="1" ten="227,178,254,331" step="2"/><N who="2" m="50215" /><F47/><W50/><G36/><T87/><D87/><U40/><E40/><V117/><F117/><W19/><G73/><T115/><D115/><U16/><E16/><N who="2" m="8223" /><F109/><W27/><G27/><T38/><D38/><U132/><E132/><V107/><F74/><W81/><G7/><T133/><D133/><U124/><E124/><V35/><F86/><W14/><G1/><T5/><D5/><U129/><E129/><V49/><F15/><W20/><G10/><T130/><D130/><U77/><E77/><V53/><F35/><W31/><G79/><T76/><D76/><U64/><E64/><V105/><F105/><W71/><G78/><T24/><D24/><U108/><E108/><V89/><F107/><W63/><G14/><T96/><D42/><U101/><E101/><V48/><AGARI ba="0,1" hai="48,49,53,55,57,58,89,90" m="8223,50215" machi="48" ten="30,4000,0" yaku="8,1,54,2" doraHai="111" who="2" fromWho="2" sc="227,-10,178,-10,254,50,331,-20" owari="217,-18.3,168,-33.2,304,10.4,311,41.1" /></mjloggm>