<mjloggm ver="2.3"><GO type="225" lobby="0"/><UN n0="%E3%83%AD%E3%83%83%E3%83%86%E9%9B%80%E7%90%83" n1="%53%61%63%68%69%30%34" n2="%E3%81%86%E3%82%8B%E3%81%8A%E3%81%A1%E3%82%83" n3="%73%69%72%6F%75%74" dan="17,16,16,16" rate="2259.38,2082.01,2055.50,2135.00" sx="M,M,F,M"/><TAIKYOKU oya="0"/><INIT seed="0,0,0,1,1,135" ten="250,250,250,250" oya="0" hai0="113,19,91,126,132,17,18,33,100,40,123,65,55" hai1="53,43,28,14,39,32,47,108,93,34,131,85,10" hai2="117,66,102,23,106,97,71,3,30,78,130,15,105" hai3="115,134,31,44,122,49,48,63,124,84,29,52,119"/><T61/><D113/><U89/><E108/><V129/><F3/><W120/><G115/><T11/><D123/><N who="3" m="47145" /><G134/><T24/><D132/><U111/><E111/><V36/><F36/><W99/><G119/><T54/><D126/><U8/><E131/><N who="2" m="50187" /><F117/><W0/><G0/><T121/><D121/><U20/><E10/><V42/><F42/><W38/><G38/><T25/><D33/><U88/><E53/><N who="0" m="19977" /><D40/><U9/><E9/><V46/><F46/><W133/><G133/><T16/><D100/><U109/><E109/><V1/><F1/><W125/><G49/><T77/><D77/><U103/><E103/><V127/><F78/><W37/><G37/><T41/><D41/><U83/><E20/><V51/><F51/><W56/><G99/><T104/><D104/><U80/><E28/><N who="3" m="10826" /><G84/><T96/><N who="0" m="4096" /><DORA hai="58" /><T64/><D11/><U79/><E79/><V92/><F127/><W70/><G70/><T116/><D116/><U57/><E39/><V76/><F76/><W50/><G50/><T35/><D35/><U81/><E34/><V22/><F15/><W90/><G90/><T112/><D112/><U114/><E89/><V5/><F30/><W75/><G75/><T27/><D61/><U101/><E32/><V4/><F23/><W67/><AGARI ba="0,0" hai="44,48,52,56,63,67,124,125" m="10826,47145" machi="67" ten="30,8000,1" yaku="13,1,52,3,54,1" doraHai="135,58" who="3" fromWho="3" sc="250,-40,250,-20,250,-20,250,80" /><INIT seed="1,0,0,4,0,0" ten="210,230,230,330" oya="1" hai0="47,115,76,27,89,103,5,54,9,120,45,69,28" hai1="57,83,78,135,106,118,121,131,58,68,11,114,73" hai2="112,117,85,96,91,7,24,65,75,37,56,22,105" hai3="84,31,59,34,29,53,43,101,1,102,86,111,20"/><U100/><E68/><V52/><F37/><W107/><G1/><T134/><D115/><U55/><E121/><V42/><F75/><W30/><G34/><T19/><D134/><U4/><E114/><V123/><F117/><W38/><G111/><T108/><D108/><U97/><E118/><V16/><F123/><W40/><G107/><T39/><D120/><U2/><E131/><V99/><F112/><W64/><G64/><T14/><D69/><U15/><E135/><V79/><F42/><N who="3" m="15915" /><G20/><N who="0" m="15463" /><D39/><U10/><REACH who="1" step="1"/><E55/><REACH who="1" ten="210,220,230,330" step="2"/><V44/><F105/><W62/><G38/><T129/><D129/><U33/><E33/><V122/><F122/><W113/><G113/><T67/><D67/><U36/><E36/><V119/><F119/><W94/><G102/><T98/><D103/><U46/><E46/><V13/><F44/><W88/><G101/><T133/><D133/><U95/><E95/><N who="2" m="54767" /><F65/><W116/><G116/><T72/><D54/><U17/><AGARI ba="0,1" hai="2,4,10,11,15,17,57,58,73,78,83,97,100,106" machi="17" ten="20,7800,0" yaku="1,1,0,1,7,1,52,1,53,0" doraHai="0" doraHaiUra="49" who="1" fromWho="1" sc="210,-26,220,88,230,-26,330,-26" /><INIT seed="1,1,0,4,1,18" ten="184,308,204,304" oya="1" hai0="74,76,88,133,89,5,131,26,59,33,85,23,0" hai1="10,124,35,82,41,3,63,134,27,6,60,110,44" hai2="93,103,19,7,54,104,99,127,115,61,77,51,66" hai3="130,55,96,117,53,64,34,112,98,12,71,20,29"/><U80/><E124/><V28/><F127/><W65/><G112/><T14/><D0/><U121/><E121/><V95/><F115/><W75/><G75/><T109/><D74/><U69/><E134/><V25/><F7/><W111/><G111/><T72/><D72/><U128/><E128/><V118/><F118/><W91/><G130/><T9/><D33/><U21/><E35/><V16/><F77/><W120/><G120/><T97/><D131/><U46/><E110/><V52/><F95/><W101/><G117/><T40/><D133/><U57/><E69/><V108/><F108/><W86/><G34/><T1/><D1/><U67/><E60/><V22/><F104/><W102/><G71/><T132/><D109/><U70/><E70/><V100/><F100/><N who="3" m="38507" /><G96/><T129/><D129/><U125/><E46/><N who="2" m="27767" /><F66/><N who="3" m="25707" /><G98/><T45/><D97/><U58/><E58/><AGARI ba="1,0" hai="16,19,22,25,28,54,58,61,93,99,103" m="27767" machi="58" ten="30,7700,0" yaku="8,1,52,1,54,2" doraHai="18" who="2" fromWho="1" sc="184,0,308,-80,204,80,304,0" /><INIT seed="2,0,0,5,3,22" ten="184,228,284,304" oya="2" hai0="135,4,51,60,66,114,38,5,105,15,29,47,65" hai1="28,132,119,40,6,118,122,78,77,82,69,57,1" hai2="7,113,23,93,62,63,75,49,59,109,79,31,10" hai3="39,130,56,3,131,27,68,95,134,70,48,54,50"/><V8/><F113/><W116/><G3/><T87/><D135/><U99/><E69/><N who="3" m="26730" /><G27/><T125/><D125/><U67/><E132/><V115/><F115/><W73/><G73/><T43/><D114/><U86/><E122/><V33/><F33/><W41/><G134/><T100/><D105/><U30/><E78/><V16/><F75/><W111/><G95/><T71/><D66/><U96/><E40/><V80/><F109/><W17/><G17/><T0/><D0/><U20/><E6/><V26/><F93/><W61/><G111/><T19/><D100/><U46/><E1/><V94/><F94/><W88/><G88/><T107/><D107/><U123/><E123/><V117/><F117/><W52/><G116/><T90/><D38/><U83/><E46/><V102/><F102/><W91/><G91/><T64/><D64/><U42/><E42/><V44/><F80/><W21/><G21/><T34/><D87/><U18/><E83/><V74/><F79/><W133/><G133/><T53/><D43/><U58/><E119/><V76/><F76/><W127/><G127/><T104/><D90/><U103/><E118/><V106/><F106/><W12/><G12/><T92/><D92/><N who="1" m="58759" /><E99/><V85/><F74/><W98/><G98/><T25/><REACH who="0" step="1"/><D104/><REACH who="0" ten="174,228,284,304" step="2"/><U112/><E112/><V124/><F85/><W36/><G36/><T108/><D108/><U55/><E86/><V37/><F37/><W11/><G39/><T129/><D129/><N who="3" m="49161" /><G41/><T84/><D84/><U72/><E72/><V9/><F124/><W89/><G89/><T32/><D32/><U101/><E101/><RYUUKYOKU ba="0,1" sc="174,30,228,-10,284,-10,304,-10" hai0="4,5,15,19,25,29,34,47,51,53,60,65,71" /><INIT seed="3,1,1,0,0,7" ten="204,218,274,294" oya="3" hai0="31,104,97,26,94,35,16,131,37,134,130,72,59" hai1="64,28,73,90,83,119,25,113,62,3,92,133,103" hai2="77,71,129,84,45,118,54,86,74,102,47,105,22" hai3="30,78,111,125,21,13,132,81,70,27,48,95,2"/><W61/><G2/><T127/><D37/><U29/><E113/><V121/><F118/><W34/><G48/><T20/><D72/><U19/><E3/><V116/><F116/><W9/><G132/><T46/><D134/><U5/><E133/><V79/><F71/><W18/><G125/><T55/><D127/><U11/><E119/><V58/><F74/><W75/><G111/><T76/><D76/><N who="2" m="29258" /><F105/><W63/><G70/><T10/><D46/><N who="2" m="17418" /><F129/><N who="0" m="49162" /><D104/><U8/><E73/><V126/><F121/><W33/><G95/><T89/><D35/><U57/><E83/><V120/><F120/><W87/><G75/><T67/><D67/><U68/><E68/><V15/><F102/><W39/><G39/><T107/><D107/><U40/><E103/><V69/><F69/><W128/><G128/><T6/><D6/><U43/><E5/><V85/><F126/><W124/><G124/><T0/><D0/><U24/><E43/><V44/><N who="2" m="17426" /><V135/><DORA hai="93" /><F135/><W112/><G112/><T41/><D41/><U100/><E100/><V65/><F65/><W1/><G34/><T42/><D42/><U106/><E40/><V17/><F85/><W60/><G1/><T110/><D110/><U108/><E106/><V56/><F56/><W101/><G101/><T82/><D82/><U51/><E108/><V123/><F123/><W98/><G33/><T122/><D122/><U96/><E64/><V36/><F36/><W91/><G78/><T49/><D10/><U99/><E8/><V80/><F80/><W115/><G115/><T53/><D53/><N who="1" m="34095" /><E11/><V38/><F38/><RYUUKYOKU ba="1,1" sc="204,10,218,-30,274,10,294,10" hai0="16,20,26,31,49,55,59,89,94,97" hai2="15,17,22,54,58,84,86" hai3="9,13,18,21,27,30,60,61,63,81,87,91,98" owari="214,-18.6,188,-31.2,284,8.4,314,41.4" /></mjloggm>