<mjloggm ver="2.3"><GO type="225" lobby="0"/><UN n0="%E3%81%AA%E3%81%A1%30%39%32%37" n1="%E3%81%8B%E3%82%8F%E3%81%A1%E3%82%83%E3%82%93%35%38" n2="%6B%65%6E%6E%64%69" n3="%4C%4F%4C%49%54%41" dan="16,16,16,16" rate="2095.21,2154.87,2179.00,2174.66" sx="M,M,M,F"/><TAIKYOKU oya="0"/><INIT seed="0,0,0,3,5,122" ten="250,250,250,250" oya="0" hai0="70,100,107,115,76,88,67,113,59,82,96,16,95" hai1="90,52,20,83,15,114,78,101,48,45,47,55,97" hai2="9,81,4,79,85,126,110,93,46,26,121,129,132" hai3="43,65,0,42,54,39,13,134,112,117,27,62,130"/><T75/><D70/><U10/><E114/><V116/><F121/><W58/><G0/><T51/><D67/><U103/><E20/><V104/><F104/><W12/><G112/><T106/><D59/><U24/><E24/><V21/><F129/><W40/><G39/><T61/><D61/><U99/><E99/><V74/><F132/><W119/><G27/><T32/><D51/><U22/><E22/><V36/><F126/><W108/><G130/><T1/><D1/><U118/><E118/><N who="3" m="45066" /><G12/><T34/><D106/><U56/><E90/><V105/><F105/><W98/><G13/><T50/><D50/><U38/><E47/><V29/><F116/><W23/><G23/><T53/><D53/><U72/><E97/><V14/><F93/><W131/><G98/><T86/><D34/><U87/><E72/><V17/><F74/><W5/><G5/><T77/><D32/><U11/><E38/><V49/><F36/><W94/><G94/><T37/><D37/><U28/><E28/><V73/><F73/><W120/><G131/><T111/><D111/><U125/><E125/><V123/><F110/><W35/><G120/><T66/><D66/><U89/><E78/><N who="0" m="30313" /><D16/><N who="1" m="8311" /><E11/><V91/><F123/><W8/><G35/><T127/><D127/><U84/><E84/><V3/><F3/><W30/><G108/><T124/><D124/><U18/><E18/><V2/><F2/><W71/><G30/><T135/><D135/><U133/><E133/><V102/><F29/><W31/><G134/><T44/><D44/><U6/><E6/><V25/><F4/><W80/><G31/><RYUUKYOKU ba="0,0" sc="250,15,250,15,250,-15,250,-15" hai0="75,82,86,88,95,96,100,107,113,115" hai1="45,48,52,55,56,83,87,89,101,103" /><INIT seed="0,1,0,5,2,38" ten="265,265,235,235" oya="0" hai0="29,41,12,93,75,132,110,133,33,64,135,13,90" hai1="70,57,0,77,49,120,1,9,40,54,31,121,125" hai2="28,81,99,21,24,36,76,86,105,17,11,78,7" hai3="73,26,82,94,113,115,22,6,20,65,92,47,102"/><T122/><D122/><U18/><E70/><V32/><F36/><W27/><G6/><T35/><D75/><U88/><E77/><V123/><F123/><W95/><G102/><T43/><D64/><U46/><E31/><V15/><F105/><W112/><G65/><T96/><D110/><U8/><E125/><V111/><F111/><W109/><G109/><T52/><D52/><U126/><E126/><V117/><F99/><W68/><G68/><T30/><D29/><U69/><E69/><V127/><F127/><W25/><REACH who="3" step="1"/><G47/><REACH who="3" ten="265,265,235,225" step="2"/><T37/><D37/><U74/><E121/><V48/><F117/><W50/><G50/><T72/><D72/><U56/><E74/><V19/><F48/><W118/><G118/><T5/><D5/><U59/><E120/><V114/><F114/><W79/><AGARI ba="1,1" hai="20,22,25,26,27,73,79,82,92,94,95,112,113,115" machi="79" ten="40,8000,1" yaku="1,1,0,1,29,2,53,0" doraHai="38" doraHaiUra="53" who="3" fromWho="3" sc="265,-41,265,-21,235,-21,225,93" /><INIT seed="1,0,0,4,5,82" ten="224,244,214,318" oya="1" hai0="55,45,135,20,133,52,57,114,71,115,65,54,70" hai1="47,21,28,118,74,111,62,110,40,24,30,13,19" hai2="18,1,104,68,101,86,26,123,53,126,14,120,4" hai3="12,48,84,106,56,99,116,15,112,9,46,39,105"/><U107/><E74/><V27/><F68/><N who="0" m="26154" /><D20/><U130/><E118/><V69/><F69/><W17/><G112/><N who="0" m="43051" /><D45/><U60/><E107/><V58/><F126/><W51/><G39/><T42/><D42/><U121/><E121/><V29/><F104/><W5/><G116/><T95/><D95/><U7/><E7/><V8/><F101/><W3/><G99/><T117/><D117/><U98/><E98/><V10/><F27/><W72/><G72/><T6/><D6/><U134/><E134/><N who="0" m="51209" /><D65/><U77/><E77/><V78/><F78/><W113/><G5/><T50/><AGARI ba="0,0" hai="50,52,54,55,57" m="51209,43051,26154" machi="50" ten="40,8000,1" yaku="20,1,34,2,54,1" doraHai="82" who="0" fromWho="0" sc="224,80,244,-40,214,-20,318,-20" /><INIT seed="2,0,0,2,4,85" ten="304,204,194,298" oya="2" hai0="114,12,22,99,107,119,5,55,28,113,96,133,84" hai1="134,23,109,38,123,56,126,35,127,118,47,83,19" hai2="90,57,110,103,7,115,95,41,91,111,59,25,27" hai3="45,52,89,82,117,17,68,130,79,106,92,42,64"/><V128/><F115/><W88/><G117/><T33/><D119/><U97/><E118/><V100/><F7/><W10/><G106/><T71/><D71/><U36/><E109/><N who="2" m="41483" /><F128/><W69/><G64/><T108/><D133/><U60/><E134/><V9/><F9/><W31/><G130/><T0/><D84/><U58/><E35/><V116/><F116/><W14/><G31/><T67/><D55/><U63/><E123/><V122/><F122/><W72/><G52/><T30/><D67/><U37/><E127/><V49/><F27/><W50/><G89/><N who="2" m="33801" /><F25/><W81/><G82/><T16/><D108/><U13/><E126/><V80/><F80/><W135/><G135/><T78/><D5/><U20/><E83/><V98/><F103/><W32/><G32/><T62/><D33/><U6/><E20/><V4/><F4/><W75/><G72/><T101/><D101/><U53/><E6/><V51/><F41/><W94/><G94/><T70/><D22/><U125/><E125/><V121/><F121/><W112/><G112/><T74/><D114/><U21/><E21/><V73/><F73/><W102/><G102/><T44/><D74/><U120/><E120/><V48/><AGARI ba="0,0" hai="48,49,51,57,59,95,98,100" m="33801,41483" machi="48" ten="40,12000,1" yaku="14,1,10,1,52,3" doraHai="85" who="2" fromWho="2" sc="304,-40,204,-40,194,120,298,-40" /><INIT seed="2,1,0,4,3,112" ten="264,164,314,258" oya="2" hai0="67,95,68,14,114,35,72,98,135,90,24,110,87" hai1="48,9,123,132,134,25,75,94,7,122,15,97,111" hai2="10,54,61,43,42,83,65,29,104,3,12,56,59" hai3="89,6,28,81,88,93,78,58,129,44,131,79,31"/><V63/><F104/><W18/><G6/><T84/><D114/><U4/><E75/><V46/><F3/><W105/><G105/><T96/><D110/><U19/><E48/><V92/><F29/><W39/><G58/><T8/><D72/><U107/><E107/><V50/><F92/><W20/><G44/><T34/><D135/><N who="1" m="51755" /><E94/><V76/><F83/><W109/><G39/><T86/><D24/><U23/><E97/><V17/><REACH who="2" step="1"/><F76/><REACH who="2" ten="264,164,304,258" step="2"/><N who="3" m="29227" /><G81/><T62/><REACH who="0" step="1"/><D98/><REACH who="0" ten="254,164,304,258" step="2"/><U71/><E111/><V41/><AGARI ba="1,2" hai="10,12,17,41,42,43,46,50,54,56,59,61,63,65" machi="41" ten="20,7800,0" yaku="1,1,0,1,7,1,8,1,53,0" doraHai="112" doraHaiUra="74" who="2" fromWho="2" sc="254,-27,164,-27,304,101,258,-27" /><INIT seed="2,2,0,5,1,42" ten="227,137,405,231" oya="2" hai0="46,43,88,47,69,112,76,120,111,79,100,63,128" hai1="15,135,104,7,26,4,133,32,119,127,82,134,75" hai2="35,37,105,81,58,41,78,71,50,14,85,64,132" hai3="8,17,22,36,38,33,66,56,110,57,25,74,13"/><V115/><F115/><W34/><G74/><T83/><D120/><U49/><E104/><V131/><F131/><W96/><G110/><T28/><D112/><U60/><E75/><V107/><F132/><N who="1" m="33793" /><U97/><DORA hai="126" /><E97/><V124/><F124/><W27/><G38/><T77/><D111/><U89/><E127/><V53/><F35/><W123/><G36/><T87/><D128/><U1/><E1/><V18/><F71/><W130/><G123/><T3/><D3/><U20/><E119/><V117/><F64/><W99/><G130/><T102/><D28/><N who="1" m="19479" /><E60/><V31/><F117/><W9/><G96/><T109/><D109/><U24/><E49/><V72/><F72/><W44/><G99/><T70/><D70/><U116/><E116/><V2/><F2/><W39/><G39/><T103/><REACH who="0" step="1"/><D43/><REACH who="0" ten="217,137,405,231" step="2"/><U86/><E15/><V118/><F31/><AGARI ba="2,1" hai="4,7,20,24,31,82,86,89" m="19479,33793" machi="31" ten="40,1300,0" yaku="20,1" doraHai="42,126" who="1" fromWho="2" sc="217,0,137,29,405,-19,231,0" /><INIT seed="3,0,0,0,2,68" ten="217,166,386,231" oya="3" hai0="41,127,50,104,59,94,14,83,102,90,51,27,34" hai1="57,8,13,28,107,48,115,134,44,5,92,106,120" hai2="97,82,3,26,35,46,80,110,91,122,4,62,117" hai3="37,0,125,88,72,29,96,66,86,16,42,63,54"/><W74/><G0/><T135/><D127/><U58/><E115/><V45/><F117/><W98/><G29/><T119/><D135/><U23/><E120/><V101/><F110/><W124/><G54/><T64/><D119/><U43/><E134/><V84/><F122/><W39/><G72/><T105/><D83/><U129/><E129/><V33/><F4/><W40/><G74/><T12/><D102/><U79/><E107/><V60/><F3/><W15/><G42/><T89/><D27/><U9/><E106/><V49/><F82/><N who="3" m="49239" /><G40/><T73/><D73/><U118/><E118/><V56/><F46/><W85/><G85/><T114/><D41/><U17/><E92/><V78/><F45/><W133/><G98/><T130/><D59/><U31/><E9/><V112/><F112/><W126/><G96/><T20/><D20/><U81/><E31/><V67/><F49/><W2/><G2/><T52/><D94/><U47/><E28/><N who="2" m="19607" /><F35/><W24/><G24/><T132/><D34/><U53/><E47/><V75/><F75/><W69/><G133/><T6/><D132/><U38/><E57/><V103/><F62/><W61/><G63/><T32/><D32/><U87/><REACH who="1" step="1"/><E23/><AGARI ba="0,0" hai="15,16,23,37,39,61,66,69,124,125,126" m="49239" machi="23" ten="30,12000,1" yaku="18,1,52,2,54,2" doraHai="68" who="3" fromWho="1" sc="217,0,166,-120,386,0,231,120" /><INIT seed="3,1,0,4,2,120" ten="217,46,386,351" oya="3" hai0="115,13,32,51,98,134,44,60,49,58,79,117,25" hai1="33,129,108,30,126,123,95,66,135,114,0,122,52" hai2="4,65,124,107,104,119,87,81,46,106,77,50,24" hai3="69,7,74,17,118,84,34,14,37,29,28,57,20"/><W91/><G69/><T105/><D117/><U21/><E95/><V86/><F119/><W59/><G118/><T43/><D134/><U40/><E21/><V12/><F124/><W110/><G74/><T6/><D79/><U63/><E30/><N who="3" m="11882" /><G37/><T125/><D105/><U1/><E33/><V42/><F65/><W18/><G34/><T75/><D98/><U54/><E0/><V11/><REACH who="2" step="1"/><F24/><REACH who="2" ten="217,46,376,351" step="2"/><N who="3" m="14351" /><G110/><T10/><D75/><AGARI ba="1,1" hai="4,11,12,42,46,50,75,77,81,86,87,104,106,107" machi="75" ten="40,1300,0" yaku="1,1,53,0" doraHai="120" doraHaiUra="90" who="2" fromWho="0" sc="217,-16,46,0,376,26,351,0" owari="201,-19.9,46,-45.4,402,50.2,351,15.1" /></mjloggm>