<mjloggm ver="2.3"><GO type="225" lobby="0"/><UN n0="%E8%B5%A4%E7%BE%BD%E3%81%AE%E7%8E%8B" n1="%E5%8D%A0%E3%81%84%E5%B8%AB%E8%A3%8F%E3%81%AA%E3%81%84%E3%81%97" n2="%72%61%6B%33" n3="%E6%B8%A9%E2%98%85%E6%83%85%E2%98%85%E6%8E%AA%E2%98%85%E7%BD%AE" dan="16,16,16,17" rate="2106.73,2187.10,2104.25,2232.38" sx="M,M,M,M"/><TAIKYOKU oya="0"/><INIT seed="0,0,0,2,3,49" ten="250,250,250,250" oya="0" hai0="47,93,48,108,114,111,73,99,20,64,21,39,16" hai1="66,95,76,14,131,17,69,37,43,71,13,50,92" hai2="117,77,3,89,75,26,96,38,62,7,23,116,9" hai3="123,32,101,105,18,24,120,118,22,58,12,57,98"/><T86/><D114/><U119/><E119/><V31/><F38/><W133/><G118/><T19/><D73/><U34/><E131/><V11/><F77/><W83/><G133/><T85/><D64/><U2/><E2/><V80/><F75/><W15/><G83/><T125/><D39/><U27/><E37/><V124/><F124/><W121/><REACH who="3" step="1"/><G15/><REACH who="3" ten="250,250,250,240" step="2"/><T72/><D125/><U41/><E13/><V68/><F80/><W87/><G87/><T6/><D86/><U103/><E14/><V56/><F117/><W129/><G129/><T5/><D85/><U51/><E76/><V74/><F116/><W78/><G78/><T46/><D72/><U35/><E35/><BYE who="1" /><V33/><F33/><W52/><G52/><N who="0" m="29719" /><D111/><U97/><E97/><V65/><F96/><W28/><AGARI ba="0,1" hai="12,18,22,24,28,32,57,58,98,101,105,120,121,123" machi="28" ten="40,5200,0" yaku="1,1,0,1,13,1,53,0" doraHai="49" doraHaiUra="126" who="3" fromWho="3" sc="250,-26,250,-13,250,-13,240,62" /><INIT seed="1,0,0,2,2,97" ten="224,237,237,302" oya="1" hai0="96,76,29,8,115,112,54,107,40,121,127,120,73" hai1="64,95,80,33,7,35,12,25,117,13,5,18,63" hai2="70,36,23,50,20,66,56,30,100,108,32,86,9" hai3="132,74,46,3,79,52,103,28,122,126,0,38,21"/><U134/><E134/><V93/><F108/><W90/><G122/><N who="0" m="47211" /><D40/><UN n1="%E5%8D%A0%E3%81%84%E5%B8%AB%E8%A3%8F%E3%81%AA%E3%81%84%E3%81%97" /><U1/><E117/><V119/><F119/><W55/><G132/><T34/><D127/><U98/><E80/><V114/><F114/><N who="0" m="43562" /><D54/><U130/><E130/><V75/><F75/><W84/><G55/><T47/><D47/><U41/><E41/><V37/><F70/><W65/><G52/><T88/><D8/><U109/><E109/><V85/><F9/><W17/><G46/><T53/><D53/><U11/><E25/><V22/><F50/><W62/><G126/><T77/><D34/><U6/><E12/><V26/><F37/><W45/><G45/><T82/><D29/><U16/><E18/><V125/><F36/><W113/><G28/><T27/><D27/><U24/><E24/><V123/><F125/><W72/><G0/><T15/><D15/><U106/><E106/><V14/><F14/><W83/><G3/><T91/><D77/><U57/><REACH who="1" step="1"/><E1/><REACH who="1" ten="224,227,237,302" step="2"/><V58/><F123/><W39/><G113/><T81/><D82/><U31/><E31/><V133/><F133/><W69/><G39/><T10/><D10/><U105/><E105/><V92/><F26/><N who="3" m="14639" /><G38/><T128/><D128/><U68/><E68/><V89/><F30/><W110/><G110/><T104/><D104/><U111/><E111/><V116/><F116/><W43/><G43/><T2/><D2/><U102/><AGARI ba="0,1" hai="5,6,7,11,13,16,33,35,57,63,64,95,98,102" machi="102" ten="30,12000,1" yaku="1,1,0,1,52,1,54,1,53,1" doraHai="97" doraHaiUra="60" who="1" fromWho="1" sc="224,-40,227,130,237,-40,302,-40" /><INIT seed="1,1,0,4,0,65" ten="184,357,197,262" oya="1" hai0="86,107,135,64,70,104,119,23,34,93,0,35,39" hai1="57,66,19,118,113,9,8,1,49,56,88,124,25" hai2="10,73,133,85,91,32,111,29,84,59,96,123,75" hai3="28,132,52,12,24,41,89,31,7,131,61,122,110"/><U128/><E113/><V15/><F123/><W20/><G122/><T74/><D119/><U121/><E118/><V22/><F32/><W67/><G110/><T92/><D74/><U2/><E121/><V116/><F116/><W16/><G41/><T108/><D39/><U101/><E101/><V27/><F27/><W55/><G131/><T125/><D0/><U21/><E128/><V114/><F133/><W18/><G7/><T46/><D108/><U83/><E124/><V38/><F38/><W36/><G36/><T105/><D70/><U97/><E1/><V117/><F114/><W40/><G40/><T33/><D125/><U13/><E2/><V94/><F73/><W87/><G132/><T120/><D35/><U69/><E8/><V17/><F75/><W106/><G106/><T95/><D34/><U80/><E57/><V14/><F111/><W126/><G18/><T76/><D33/><U37/><E37/><V90/><F117/><W112/><G31/><T50/><D120/><U130/><E69/><V129/><F129/><W45/><G45/><T5/><D135/><U51/><E83/><V4/><F29/><W30/><G30/><T78/><D107/><U109/><E109/><V115/><F115/><W127/><G112/><T100/><D105/><U134/><E134/><V99/><REACH who="2" step="1"/><F59/><REACH who="2" ten="184,357,187,262" step="2"/><N who="3" m="37311" /><G127/><T26/><D104/><U43/><E130/><V77/><F77/><W42/><G126/><T47/><D78/><U79/><E79/><V71/><F71/><W103/><G28/><T82/><D76/><U81/><E56/><V54/><F54/><W98/><G52/><RYUUKYOKU ba="1,1" sc="184,-10,357,-10,187,30,262,-10" hai2="4,10,14,15,17,22,84,85,90,91,94,96,99" /><INIT seed="2,2,1,5,1,110" ten="174,347,217,252" oya="2" hai0="10,125,134,79,104,78,96,73,67,62,135,35,133" hai1="70,90,120,46,66,108,100,34,4,13,59,21,121" hai2="17,11,18,113,86,77,128,42,109,87,50,101,72" hai3="48,63,82,52,23,71,97,65,29,53,124,91,130"/><V15/><F109/><W81/><G130/><T0/><D35/><U3/><E108/><V74/><F113/><W38/><G38/><T93/><D104/><U43/><E70/><V102/><F128/><W41/><G41/><T89/><D125/><U5/><E34/><V32/><F32/><W122/><G122/><N who="1" m="47210" /><E100/><N who="2" m="38507" /><F74/><W28/><G124/><T75/><D0/><U16/><E3/><V84/><F72/><N who="0" m="27722" /><D10/><U27/><E90/><V131/><F131/><W69/><G69/><T99/><D62/><N who="1" m="38239" /><E13/><V60/><F60/><W80/><G23/><T61/><D61/><U8/><E8/><V51/><F77/><N who="0" m="29194" /><D67/><U2/><E2/><V1/><F1/><W24/><G65/><T117/><D117/><U7/><E7/><N who="2" m="3583" /><F42/><W103/><G63/><T26/><D26/><U118/><E4/><V30/><F30/><W36/><G24/><T25/><D25/><U83/><E5/><V39/><F39/><W56/><G36/><T92/><D92/><U12/><E27/><V123/><F123/><W114/><G71/><T76/><N who="0" m="29202" /><T116/><DORA hai="33" /><D116/><U111/><E118/><V22/><F17/><W115/><G29/><T95/><D95/><U106/><E106/><V85/><N who="2" m="21504" /><DORA hai="127" /><V58/><F58/><W129/><G56/><T9/><D9/><U94/><E94/><V126/><F126/><W37/><G28/><T47/><D99/><U20/><E111/><V112/><F18/><W68/><G68/><T14/><D14/><U44/><E20/><V54/><F22/><W19/><G129/><T49/><D134/><U45/><E43/><V57/><F50/><RYUUKYOKU ba="2,1" sc="174,10,347,10,217,10,252,-30" hai0="47,49,89,93,96,133,135" hai1="12,16,21,44,45,46,83" hai2="51,54,57,112" /><INIT seed="2,3,1,1,1,135" ten="184,357,227,222" oya="2" hai0="93,21,128,94,44,29,40,63,118,59,82,55,107" hai1="64,66,81,43,56,52,11,85,47,54,104,6,38" hai2="3,53,72,35,75,86,34,30,31,73,71,9,76" hai3="106,123,62,45,122,24,131,126,111,92,120,5,89"/><V57/><F71/><W132/><G106/><T117/><D107/><U69/><E104/><V32/><F86/><W109/><G132/><T83/><D128/><U114/><E69/><V108/><F76/><W130/><G126/><T7/><D7/><U1/><E54/><V98/><F98/><N who="3" m="57615" /><G5/><T88/><D94/><U79/><E114/><V77/><F77/><W74/><G74/><T116/><D21/><U22/><E22/><V13/><F3/><W119/><G119/><T101/><D29/><U37/><E38/><V100/><F100/><W8/><G8/><T95/><D95/><U36/><E36/><V4/><REACH who="2" step="1"/><F108/><REACH who="2" ten="184,357,217,222" step="2"/><W91/><G111/><T115/><D101/><U121/><E121/><V39/><F39/><W41/><G109/><T0/><D115/><U51/><AGARI ba="3,2" hai="1,6,11,37,43,47,51,52,56,64,66,79,81,85" machi="51" ten="20,2700,0" yaku="0,1,7,1,54,1" doraHai="135" who="1" fromWho="1" sc="184,-10,357,56,217,-16,222,-10" /><INIT seed="3,0,0,4,2,86" ten="174,413,201,212" oya="3" hai0="76,124,69,9,14,122,92,84,61,12,0,22,54" hai1="27,121,63,56,41,37,115,62,53,97,94,123,7" hai2="19,126,52,38,1,96,17,117,68,93,83,25,6" hai3="105,15,89,131,45,30,60,75,85,50,87,77,49"/><W72/><G105/><T4/><D122/><U82/><E115/><V110/><F117/><W3/><G3/><T128/><D124/><U59/><E7/><V67/><F38/><W135/><G135/><T26/><D128/><U33/><E82/><V34/><F126/><W106/><G106/><T21/><D21/><U20/><E33/><V125/><F125/><W104/><G104/><T24/><D24/><U127/><E127/><V98/><F98/><W2/><G2/><T42/><D42/><U8/><E8/><V51/><F83/><W99/><G77/><T64/><D54/><U133/><E133/><V29/><F67/><W116/><G116/><T88/><D76/><U31/><E41/><V48/><F68/><W73/><G30/><AGARI ba="0,0" hai="0,4,9,12,14,22,26,30,61,64,69,84,88,92" machi="30" ten="30,3900,0" yaku="7,1,52,1,54,1" doraHai="86" who="0" fromWho="3" sc="174,39,413,0,201,0,212,-39" owari="213,1.3,413,51.3,201,-19.9,173,-32.7" /></mjloggm>