<mjloggm ver="2.3"><GO type="225" lobby="0"/><UN n0="%E9%B4%A8%4E%45%47%49" n1="%72%69%6F%75%63%68%61%6E" n2="%E5%8D%A0%E3%81%84%E5%B8%AB%E8%A3%8F%E3%81%AA%E3%81%84%E3%81%97" n3="%4B%2E%32%2E%4B%2E" dan="16,16,17,17" rate="2112.35,2200.97,2181.07,2190.21" sx="M,M,M,M"/><TAIKYOKU oya="0"/><INIT seed="0,0,0,0,5,124" ten="250,250,250,250" oya="0" hai0="22,13,38,34,82,119,118,31,43,105,42,5,98" hai1="80,129,6,23,52,74,37,62,51,107,123,35,46" hai2="104,100,66,3,28,111,121,9,56,54,132,32,72" hai3="33,15,65,50,10,81,77,4,21,116,117,16,85"/><T134/><D134/><U20/><E129/><V12/><F121/><W71/><G33/><T83/><D34/><U19/><E123/><V78/><F132/><W70/><G50/><T88/><D31/><U128/><E128/><V115/><F115/><W2/><REACH who="3" step="1"/><G65/><REACH who="3" ten="250,250,250,240" step="2"/><T91/><D119/><AGARI ba="0,1" hai="2,4,10,15,16,21,70,71,77,81,85,116,117,119" machi="119" ten="40,5200,0" yaku="1,1,2,1,54,1,53,0" doraHai="124" doraHaiUra="135" who="3" fromWho="0" sc="250,-52,250,0,250,0,240,62" /><INIT seed="1,0,0,3,3,77" ten="198,250,250,302" oya="1" hai0="41,133,125,130,93,50,121,7,107,113,82,17,56" hai1="35,18,47,80,1,19,3,122,88,72,60,91,104" hai2="108,118,73,115,81,53,69,103,120,64,49,90,111" hai3="45,95,83,98,33,135,92,6,51,27,102,75,38"/><U37/><E122/><V40/><F118/><W76/><G135/><T65/><D113/><U99/><E35/><V70/><F120/><W132/><G132/><T62/><D107/><U28/><E28/><V68/><F115/><W85/><G38/><T59/><D133/><U10/><E60/><V14/><F103/><W54/><G6/><T124/><D121/><U112/><E112/><V34/><F34/><W86/><REACH who="3" step="1"/><G95/><REACH who="3" ten="198,250,250,292" step="2"/><T48/><D7/><N who="1" m="1391" /><E3/><V4/><F4/><W16/><G16/><N who="1" m="6186" /><E104/><V110/><F110/><W32/><G32/><T24/><D93/><U134/><E134/><V31/><F111/><W117/><G117/><T52/><D17/><U29/><E29/><AGARI ba="0,1" hai="27,29,33,45,51,54,75,76,83,85,86,92,98,102" machi="29" ten="40,5200,0" yaku="1,1,52,1,53,1" doraHai="77" doraHaiUra="23" who="3" fromWho="1" sc="198,0,250,-52,250,0,292,62" /><INIT seed="2,0,0,4,1,119" ten="198,198,250,354" oya="2" hai0="87,7,55,63,75,57,115,13,44,64,73,34,25" hai1="16,135,105,68,95,2,40,81,83,11,78,61,27" hai2="102,80,117,26,56,98,96,21,9,29,120,133,52" hai3="12,69,122,67,24,60,32,72,19,17,109,31,104"/><V93/><F117/><W49/><G122/><T116/><D116/><U0/><E105/><V23/><F133/><W76/><G109/><T50/><D115/><U84/><E135/><V43/><F120/><W92/><G104/><T66/><D66/><U8/><E40/><V106/><F43/><W118/><G118/><T113/><D113/><U71/><E95/><V90/><F9/><W107/><G12/><T15/><D15/><U101/><E101/><V130/><F80/><W6/><G6/><T30/><REACH who="0" step="1"/><D87/><REACH who="0" ten="188,198,250,354" step="2"/><N who="1" m="48567" /><E0/><V108/><F108/><W10/><G67/><T74/><D74/><U88/><E2/><V112/><F112/><W126/><G72/><T62/><D62/><U85/><E68/><V38/><F130/><W3/><G60/><T39/><D39/><U5/><E71/><V77/><F38/><W46/><G69/><T82/><D82/><N who="1" m="49175" /><E61/><V89/><F77/><W42/><G3/><T132/><D132/><U110/><E110/><V28/><F106/><W36/><G76/><T111/><D111/><U91/><E5/><V54/><F98/><W47/><G107/><T94/><D94/><U128/><E128/><V100/><F93/><W134/><G134/><T41/><D41/><U14/><E14/><V123/><F96/><W129/><G129/><T20/><D20/><AGARI ba="0,1" hai="8,11,16,20,27,83,85,91" m="49175,48567" machi="20" ten="30,3900,0" yaku="8,1,54,2" doraHai="119" who="1" fromWho="0" sc="188,-39,198,49,250,0,354,0" /><INIT seed="3,0,0,0,3,64" ten="149,247,250,354" oya="3" hai0="133,72,45,74,132,106,51,47,114,53,2,69,56" hai1="90,101,66,35,88,55,3,62,112,65,9,25,98" hai2="89,15,7,129,60,44,108,131,121,123,76,87,27" hai3="59,97,54,58,20,13,33,95,80,120,37,107,75"/><W63/><G33/><T93/><D106/><U36/><E112/><V71/><F108/><W118/><G118/><T29/><D2/><U5/><E36/><V46/><F76/><W115/><G37/><T111/><D111/><U119/><E119/><V81/><F27/><W12/><G120/><N who="2" m="46153" /><F71/><W34/><G34/><T6/><D6/><U84/><E55/><V100/><F100/><W40/><G107/><T126/><D29/><N who="1" m="19887" /><E66/><V70/><F70/><W86/><G75/><T127/><D114/><U23/><E23/><V104/><F60/><W125/><G40/><T22/><D93/><U28/><E28/><V135/><F135/><N who="0" m="51786" /><D22/><U105/><E84/><V128/><F104/><W0/><G0/><T130/><D69/><AGARI ba="0,0" hai="3,5,9,62,65,69,88,90,98,101,105" m="19887" machi="69" ten="30,3900,0" yaku="25,1,52,1,54,1" doraHai="64" who="1" fromWho="0" sc="149,-39,247,39,250,0,354,0" owari="110,-39.0,286,8.6,250,-15.0,354,45.4" /></mjloggm>