<mjloggm ver="2.3"><GO type="225" lobby="0"/><UN n0="%E7%89%B9%E6%9D%B1%E3%81%AF%E4%B8%96%E7%95%8C%E3%82%92%E6%95%91%E3%81%86" n1="%48%61%61%61%6C%61%6E%64" n2="%72%69%6F%75%63%68%61%6E" n3="%E4%BF%BA%E3%81%A8%E5%A6%96%E5%A4%A2" dan="16,18,17,17" rate="2083.78,2197.86,2268.91,2203.49" sx="M,M,M,F"/><TAIKYOKU oya="0"/><INIT seed="0,0,0,1,0,65" ten="250,250,250,250" oya="0" hai0="29,41,75,60,80,132,93,23,76,71,66,62,85" hai1="98,19,35,130,49,121,22,11,122,28,59,105,37" hai2="108,69,44,33,61,116,26,47,53,131,51,56,21" hai3="2,100,92,95,8,110,134,6,88,124,20,94,135"/><T46/><D132/><N who="3" m="50729" /><G110/><T114/><D114/><U0/><E37/><V12/><F108/><W103/><G124/><T30/><D62/><U14/><E130/><V9/><F131/><W24/><G88/><T40/><D23/><U1/><E105/><V96/><F116/><W86/><G86/><T3/><D3/><U129/><E98/><V118/><F118/><W111/><G111/><T87/><D40/><U5/><E0/><V13/><F33/><W25/><G25/><T72/><D87/><U127/><E127/><V74/><F74/><W123/><G123/><T36/><REACH who="0" step="1"/><D93/><REACH who="0" ten="240,250,250,250" step="2"/><U125/><E129/><V115/><F115/><W18/><AGARI ba="0,1" hai="2,6,8,18,20,24,92,94,95,100,103" m="50729" machi="18" ten="30,1100,0" yaku="20,1" doraHai="65" who="3" fromWho="3" sc="240,-5,250,-3,250,-3,250,21" /><INIT seed="1,0,0,3,0,51" ten="235,247,247,271" oya="1" hai0="80,32,42,99,125,43,37,17,24,65,117,62,128" hai1="86,36,39,0,82,27,106,16,98,126,90,48,134" hai2="3,135,54,116,92,28,118,6,133,72,59,14,91" hai3="64,87,34,113,119,121,94,120,115,23,74,18,41"/><U40/><E0/><V108/><F108/><W129/><G74/><T95/><D117/><U88/><E126/><V131/><F131/><W55/><G87/><T96/><D125/><U7/><E7/><V25/><F3/><W109/><G94/><T11/><D128/><U15/><E134/><N who="2" m="51211" /><F72/><W102/><G102/><T97/><D80/><U45/><E27/><V21/><F14/><W30/><G129/><T84/><D37/><U13/><E13/><V58/><F6/><W124/><G124/><T83/><D95/><U61/><E61/><N who="2" m="36055" /><F59/><W8/><G64/><T53/><D53/><U4/><E4/><V12/><F12/><N who="3" m="9671" /><G55/><T33/><D11/><U93/><REACH who="1" step="1"/><E106/><REACH who="1" ten="235,237,247,271" step="2"/><V85/><AGARI ba="0,1" hai="21,25,28,85,91,92,116,118" m="36055,51211" machi="85" ten="30,2000,0" yaku="20,1,52,1" doraHai="51" who="2" fromWho="2" sc="235,-5,237,-10,247,30,271,-5" /><INIT seed="2,0,0,2,5,79" ten="230,227,277,266" oya="2" hai0="128,112,47,8,133,99,41,80,16,54,77,129,63" hai1="34,92,43,72,0,86,13,59,37,62,125,20,29" hai2="78,116,76,117,113,134,70,104,84,90,64,124,122" hai3="107,51,87,135,56,74,30,6,28,73,132,121,2"/><V4/><F113/><W53/><G107/><T95/><D112/><U108/><E0/><V110/><F122/><W11/><G121/><T67/><D133/><N who="3" m="51273" /><G87/><T126/><D126/><U97/><E72/><AGARI ba="0,0" hai="2,6,11,28,30,51,53,56,72,73,74" m="51273" machi="72" ten="30,1000,0" yaku="20,1" doraHai="79" who="3" fromWho="1" sc="230,0,227,-10,277,0,266,10" /><INIT seed="3,0,0,2,0,70" ten="230,217,277,276" oya="3" hai0="65,51,107,25,62,118,67,104,69,103,113,28,6" hai1="1,102,78,119,120,115,124,101,94,15,9,37,57" hai2="12,59,8,64,105,29,106,128,36,19,46,126,24" hai3="32,21,17,90,131,23,95,43,33,111,48,56,93"/><W40/><G131/><T135/><D118/><U87/><E120/><V86/><F126/><W41/><G111/><T109/><D109/><U130/><E115/><V129/><F86/><W116/><G116/><T66/><D135/><U61/><E119/><V58/><F106/><W76/><G76/><T42/><D6/><U5/><E124/><V0/><F105/><W39/><G39/><T68/><D113/><U132/><E130/><N who="2" m="50283" /><F64/><W114/><G114/><T7/><D7/><U96/><E132/><V123/><F0/><W92/><G33/><N who="0" m="20623" /><D107/><U63/><E37/><V49/><F123/><W31/><G32/><T82/><D82/><N who="1" m="47575" /><E1/><V74/><F74/><W99/><G31/><T60/><D60/><N who="1" m="23115" /><E57/><V97/><F97/><W84/><G99/><N who="0" m="61567" /><D68/><U121/><E121/><V53/><F36/><W10/><G10/><T133/><D133/><U22/><E22/><AGARI ba="0,0" hai="8,12,19,22,24,29,46,49,53,58,59" m="50283" machi="22" ten="30,1000,0" yaku="19,1" doraHai="70" who="2" fromWho="1" sc="230,0,217,-10,277,10,276,0" /><INIT seed="4,0,0,5,0,41" ten="230,207,287,276" oya="0" hai0="100,117,26,69,65,15,107,127,90,23,125,118,81" hai1="77,98,50,53,17,80,131,110,102,76,105,112,55" hai2="28,116,48,62,63,32,119,7,24,20,132,3,45" hai3="113,111,67,60,120,30,14,5,126,52,88,46,85"/><T38/><D38/><U91/><E110/><V89/><F132/><W115/><G111/><T42/><D42/><U61/><E131/><V35/><F89/><W124/><G30/><T54/><D15/><U93/><E112/><N who="3" m="43082" /><G120/><T73/><D54/><U47/><E17/><V12/><F3/><W66/><G14/><T0/><D0/><U97/><REACH who="1" step="1"/><E80/><REACH who="1" ten="230,197,287,276" step="2"/><V6/><F6/><W99/><G5/><T27/><D118/><N who="2" m="45098" /><F7/><W79/><G126/><T33/><D117/><U106/><E106/><V82/><F82/><W86/><G124/><T16/><D127/><U122/><E122/><V130/><F130/><W103/><G79/><T49/><D125/><U108/><E108/><V101/><F101/><W21/><G103/><T135/><D100/><U78/><E78/><V43/><F12/><W84/><G21/><T70/><D23/><U121/><E121/><V123/><F123/><W2/><G2/><T11/><D33/><AGARI ba="0,1" hai="20,24,28,32,33,35,43,45,48,62,63" m="45098" machi="33" ten="30,2000,0" yaku="12,1,52,1" doraHai="41" who="2" fromWho="0" sc="230,-20,197,0,287,30,276,0" owari="210,-19.0,197,-30.3,317,41.7,276,7.6" /></mjloggm>