<mjloggm ver="2.3"><GO type="225" lobby="0"/><UN n0="%72%69%6F%75%63%68%61%6E" n1="%E3%83%AD%E3%83%BC%E3%83%89%E3%82%AB%E3%83%8A%E3%83%AD%E3%82%A2" n2="%E6%B8%A9%E2%98%85%E6%83%85%E2%98%85%E6%8E%AA%E2%98%85%E7%BD%AE" n3="%E3%82%B7%E3%83%B3%E5%A4%AA%E6%9C%97" dan="17,16,17,16" rate="2135.54,2101.35,2238.76,2189.20" sx="M,M,M,M"/><TAIKYOKU oya="0"/><INIT seed="0,0,0,4,4,75" ten="250,250,250,250" oya="0" hai0="72,78,6,81,30,108,92,127,54,134,53,60,115" hai1="52,58,94,133,120,51,7,86,87,28,19,25,40" hai2="26,131,2,73,63,109,80,36,56,14,82,85,96" hai3="23,32,21,89,114,35,10,74,22,103,37,8,135"/><T39/><D127/><U66/><E133/><V5/><F109/><W70/><G37/><T132/><D115/><U11/><E120/><V97/><F131/><W29/><G70/><T68/><D108/><U41/><E19/><V24/><F36/><W49/><G74/><T43/><D30/><U117/><E117/><V84/><F2/><W98/><G135/><N who="0" m="51755" /><D6/><U13/><E66/><V107/><F73/><W121/><G121/><T0/><D0/><U104/><E104/><V126/><F126/><W113/><G89/><T99/><D43/><U38/><E38/><V90/><F107/><W125/><G49/><T62/><D39/><U71/><E71/><V124/><F124/><W57/><G57/><T106/><D106/><U130/><E130/><V122/><F122/><W45/><G45/><T93/><D93/><U129/><E129/><V61/><F61/><N who="0" m="23658" /><D68/><U50/><E94/><V4/><F97/><W67/><G67/><T83/><D83/><U44/><REACH who="1" step="1"/><E41/><REACH who="1" ten="250,240,250,250" step="2"/><V34/><F5/><W9/><G125/><T102/><AGARI ba="0,1" hai="53,54,72,78,81,92,99,102" m="23658,51755" machi="102" ten="30,3000,0" yaku="20,1,52,1" doraHai="75" who="0" fromWho="0" sc="250,40,240,-10,250,-10,250,-10" /><INIT seed="0,1,0,1,3,91" ten="290,230,240,240" oya="0" hai0="19,100,88,63,18,118,14,47,38,21,114,37,42" hai1="82,120,107,124,9,16,67,86,132,1,125,129,110" hai2="62,54,78,93,119,106,33,97,87,80,34,99,35" hai3="85,90,23,26,127,71,96,15,28,60,22,84,75"/><T43/><D114/><U74/><E120/><V115/><F115/><W30/><G75/><T40/><D118/><U5/><E110/><V44/><F119/><W112/><G112/><T8/><D100/><U27/><E107/><V25/><F106/><W46/><G127/><N who="1" m="48714" /><E74/><V12/><F12/><W104/><G46/><T4/><D18/><U70/><E132/><V29/><F99/><W48/><G48/><T130/><D130/><U116/><E116/><V11/><F11/><W20/><G84/><T7/><D7/><U39/><E39/><V52/><F44/><W131/><G131/><T94/><D63/><N who="1" m="40319" /><E129/><V79/><F79/><W103/><G15/><T92/><D38/><U58/><E58/><V108/><F108/><W135/><G135/><T2/><REACH who="0" step="1"/><D94/><REACH who="0" ten="280,230,240,240" step="2"/><U49/><E16/><V24/><F62/><W95/><G28/><T66/><D66/><U61/><E61/><V76/><F25/><W57/><REACH who="3" step="1"/><G71/><REACH who="3" ten="280,230,240,230" step="2"/><T32/><D32/><U13/><E27/><V36/><F36/><W133/><G133/><T81/><D81/><U117/><E117/><V83/><F35/><W109/><G109/><T0/><D0/><U113/><E1/><V134/><F34/><W68/><G68/><T98/><AGARI ba="1,2" hai="2,4,8,14,19,21,37,40,42,43,47,88,92,98" machi="98" ten="20,12000,1" yaku="1,1,0,1,7,1,52,1,54,1,53,0" doraHai="91" doraHaiUra="102" who="0" fromWho="0" sc="280,143,230,-41,240,-41,230,-41" /><INIT seed="0,2,0,0,0,76" ten="423,189,199,189" oya="0" hai0="109,92,35,98,89,84,24,26,128,88,114,70,56" hai1="43,107,42,54,29,41,19,75,91,104,119,78,28" hai2="61,115,3,133,60,17,93,79,134,87,21,117,50" hai3="44,106,67,58,97,90,126,86,105,45,120,14,72"/><T15/><D128/><U12/><E119/><V32/><F32/><W52/><G72/><T57/><D114/><U34/><E91/><N who="2" m="53503" /><F115/><W131/><G131/><T59/><D70/><U9/><E54/><V0/><F117/><W39/><G126/><T135/><D135/><N who="2" m="51722" /><F79/><W80/><G120/><T122/><D122/><U8/><E8/><V64/><F50/><W47/><G67/><T125/><D109/><U5/><E5/><V46/><F46/><W62/><G39/><T40/><D125/><U69/><E69/><N who="2" m="42119" /><F61/><W4/><REACH who="3" step="1"/><G97/><REACH who="3" ten="423,189,199,179" step="2"/><T53/><D98/><U13/><E75/><V95/><F95/><W2/><G2/><T118/><D92/><U111/><E107/><V48/><F48/><W108/><G108/><T65/><D118/><U63/><E104/><V27/><AGARI ba="2,1" hai="0,3,17,21,27" m="42119,51722,53503" machi="27" ten="30,1100,0" yaku="20,1" doraHai="76" who="2" fromWho="2" sc="423,-7,189,-5,199,27,179,-5" /><INIT seed="1,0,0,3,3,102" ten="416,184,226,174" oya="1" hai0="101,15,83,10,67,103,119,0,94,97,90,59,89" hai1="22,107,42,121,57,24,25,28,134,87,2,98,58" hai2="49,75,95,68,129,109,44,33,73,21,54,85,108" hai3="70,48,130,56,63,37,47,53,52,29,106,131,8"/><U84/><E121/><V60/><F33/><W114/><G29/><T32/><D119/><U126/><E126/><V135/><F135/><W5/><G114/><T13/><D32/><U50/><E2/><V133/><F133/><W34/><G34/><T36/><D36/><U123/><E123/><V46/><F129/><N who="3" m="49163" /><G37/><T96/><D0/><U77/><E134/><V117/><F117/><W35/><G35/><T45/><D45/><U1/><E1/><V111/><F21/><W81/><G81/><T7/><D15/><U14/><E14/><V112/><F112/><W116/><G116/><T26/><D26/><U120/><E120/><V93/><F46/><W39/><G39/><T80/><D80/><U69/><E69/><V23/><F23/><W30/><G30/><T104/><REACH who="0" step="1"/><D83/><REACH who="0" ten="406,184,226,174" step="2"/><U88/><E25/><V20/><F44/><W74/><G74/><T40/><D40/><U55/><E42/><V86/><F75/><W115/><G115/><T127/><D127/><U43/><E43/><V79/><F73/><W6/><G70/><T18/><D18/><U12/><E12/><V71/><F71/><W128/><G128/><T16/><D16/><U64/><E77/><V91/><F68/><W62/><G5/><T19/><D19/><U113/><E113/><V99/><F111/><W9/><G6/><T11/><D11/><N who="3" m="4169" /><G63/><AGARI ba="0,1" hai="7,10,13,59,63,67,89,90,94,96,97,101,103,104" machi="63" ten="40,2600,0" yaku="1,1,52,1,53,0" doraHai="102" doraHaiUra="105" who="0" fromWho="3" sc="406,36,184,0,226,0,174,-26" /><INIT seed="2,0,0,1,3,70" ten="442,184,226,148" oya="2" hai0="54,82,123,61,59,106,130,49,66,21,42,27,135" hai1="97,131,32,103,3,9,37,4,100,126,80,2,127" hai2="24,6,120,114,98,102,74,20,17,25,31,76,58" hai3="94,51,99,79,36,23,101,40,35,121,28,45,26"/><V124/><F114/><W112/><G112/><T77/><D123/><U44/><E32/><V15/><F120/><W122/><G79/><T125/><D106/><U8/><E131/><V85/><F124/><N who="1" m="47657" /><E80/><V116/><F116/><W39/><G121/><T113/><D135/><U56/><E56/><V128/><F128/><W69/><G122/><T119/><D125/><U87/><E87/><V83/><F74/><W34/><REACH who="3" step="1"/><G69/><REACH who="3" ten="442,184,226,138" step="2"/><N who="0" m="42191" /><D77/><U105/><E103/><V89/><F76/><W22/><G22/><T50/><D21/><U109/><E109/><V18/><F20/><W111/><G111/><T115/><D113/><U53/><E8/><V43/><F102/><W92/><G92/><T41/><D115/><U107/><E107/><V47/><F83/><W10/><G10/><T133/><D82/><U7/><E7/><V46/><F6/><W68/><G68/><T11/><D11/><U81/><E81/><V96/><F89/><W65/><G65/><T91/><D130/><U62/><E2/><V88/><F88/><W78/><G78/><T16/><D91/><U48/><E62/><V104/><F104/><W110/><G110/><T64/><D64/><U33/><E33/><AGARI ba="0,1" hai="23,26,28,33,34,35,36,39,40,45,51,94,99,101" machi="33" ten="40,5200,0" yaku="1,1,52,2,53,0" doraHai="70" doraHaiUra="63" who="3" fromWho="1" sc="442,0,184,-52,226,0,138,62" /><INIT seed="3,0,0,2,5,6" ten="442,132,226,200" oya="3" hai0="71,122,96,74,118,33,108,43,116,126,90,57,84" hai1="105,78,41,25,73,13,47,22,8,89,35,130,39" hai2="50,98,65,3,72,49,67,109,85,21,58,111,124" hai3="68,97,15,87,54,31,134,129,114,34,69,27,80"/><W115/><G134/><T61/><D108/><N who="2" m="41546" /><F72/><W93/><G129/><T88/><D122/><U64/><E130/><V56/><F124/><W9/><G68/><T135/><D74/><U23/><E105/><V29/><F3/><W24/><G24/><T75/><D75/><U110/><E110/><V36/><F36/><W42/><G42/><T46/><D33/><U66/><E35/><V38/><F38/><W30/><G30/><T120/><D71/><U17/><E73/><V45/><F85/><W133/><G54/><T100/><D120/><U125/><E125/><V32/><F32/><W132/><G69/><T28/><D126/><U123/><E123/><V76/><F76/><W131/><G131/><T2/><D2/><U14/><E78/><V83/><F83/><W117/><G117/><T99/><D90/><U40/><E40/><N who="2" m="24743" /><F98/><W119/><G119/><T86/><D100/><U4/><E89/><V77/><F77/><W63/><G63/><T18/><D28/><U103/><REACH who="1" step="1"/><E103/><REACH who="1" ten="442,122,226,200" step="2"/><V1/><F1/><W112/><G132/><T16/><D135/><U95/><E95/><V37/><F37/><W79/><G133/><T92/><D61/><U81/><E81/><V19/><F50/><W106/><G106/><T102/><D118/><U107/><E107/><V5/><F67/><W113/><G115/><T20/><D116/><U62/><E62/><V11/><F65/><W0/><G113/><T82/><D82/><U48/><E48/><V10/><F21/><W7/><G112/><T94/><D20/><U53/><E53/><V44/><F29/><AGARI ba="0,1" hai="4,8,13,14,17,22,23,25,29,39,41,47,64,66" machi="29" ten="30,3900,0" yaku="1,1,7,1,52,1,53,0" doraHai="6" doraHaiUra="55" who="1" fromWho="2" sc="442,0,122,49,226,-39,200,0" owari="442,54.2,171,-32.9,187,-21.3,200,0.0" /></mjloggm>