<mjloggm ver="2.3"><GO type="225" lobby="0"/><UN n0="%E3%81%95%E3%81%8D%E3%81%9F%E3%81%BE%E6%9E%97%E6%AA%8E" n1="%E3%83%94%E3%83%B3%E3%82%B5%E3%83%AD%E5%BA%97%E5%93%A1" n2="%E3%83%81%E3%83%AF%E3%83%AF%E9%9A%8A%E9%95%B7" n3="%E6%A1%9C%E8%8A%B1%E9%96%83%E3%80%85" dan="16,16,17,16" rate="2047.58,2212.42,2206.38,2188.78" sx="M,M,M,M"/><TAIKYOKU oya="0"/><INIT seed="0,0,0,4,1,102" ten="250,250,250,250" oya="0" hai0="78,23,21,62,86,72,26,16,1,124,22,105,82" hai1="67,25,58,14,90,54,79,15,123,111,73,94,52" hai2="106,45,99,68,43,69,80,70,31,71,76,30,0" hai3="33,128,60,64,19,10,41,18,34,130,113,81,27"/><T87/><D124/><U103/><E123/><V20/><F0/><W28/><G41/><T131/><D131/><N who="3" m="50217" /><G81/><T61/><D1/><U91/><E111/><V65/><F20/><N who="3" m="15463" /><G113/><T59/><D62/><N who="1" m="38359" /><E73/><V35/><F35/><N who="3" m="13323" /><G10/><T132/><D132/><U84/><E79/><V53/><F53/><N who="1" m="20585" /><E103/><V8/><F65/><W7/><G7/><T24/><D24/><U56/><E25/><V101/><F8/><W13/><G13/><T50/><D50/><U74/><E74/><V2/><F68/><AGARI ba="0,0" hai="18,19,60,64,68" m="13323,15463,50217" machi="68" ten="30,1000,0" yaku="19,1" doraHai="102" who="3" fromWho="2" sc="250,0,250,0,250,-10,250,10" /><INIT seed="1,0,0,3,1,91" ten="250,250,240,260" oya="1" hai0="12,50,42,85,134,14,70,77,121,66,81,114,48" hai1="135,115,95,52,126,133,35,105,24,72,29,122,76" hai2="5,109,59,103,56,47,10,30,11,22,44,89,37" hai3="129,25,28,41,102,3,124,18,84,132,58,78,31"/><U16/><E115/><V21/><F109/><W113/><G113/><T39/><D114/><U116/><E116/><V40/><F103/><W7/><G102/><T15/><D134/><N who="1" m="51211" /><E122/><V96/><F11/><W130/><G132/><T123/><D70/><U20/><E105/><V74/><F74/><W67/><G41/><T8/><D66/><U93/><E126/><V33/><F33/><W99/><G99/><T36/><D8/><U43/><E43/><V86/><F96/><W51/><G84/><T4/><D4/><U32/><E52/><V118/><F44/><W27/><G78/><T83/><D42/><U73/><E35/><V65/><F118/><W53/><G67/><T13/><N who="0" m="3072" /><DORA hai="60" /><T87/><D50/><U0/><E0/><V75/><F65/><W127/><G7/><T98/><D48/><U101/><E101/><V111/><F5/><W69/><G3/><T64/><D64/><U108/><E108/><V54/><F111/><W46/><G69/><T1/><D1/><U119/><E119/><V26/><F40/><W94/><G46/><T57/><D57/><U90/><E90/><V55/><F89/><W92/><G127/><T117/><D117/><U49/><E49/><V100/><F56/><W17/><G124/><T107/><D107/><U125/><E125/><V82/><F59/><W120/><G58/><T9/><D9/><U68/><E68/><V110/><F10/><W6/><G6/><T106/><D123/><U104/><E104/><V2/><F110/><W62/><G120/><T112/><D121/><U80/><E73/><V34/><F75/><RYUUKYOKU ba="0,0" sc="250,-10,250,30,240,-10,260,-10" hai1="16,20,24,29,32,72,76,80,93,95" /><INIT seed="1,1,0,0,4,8" ten="240,280,230,250" oya="1" hai0="131,79,87,86,29,42,104,18,23,118,37,24,3" hai1="58,28,84,128,73,129,122,60,2,45,57,34,10" hai2="132,112,94,108,81,121,64,7,4,6,30,40,70" hai3="85,0,130,105,41,59,39,50,72,113,76,49,22"/><U123/><E73/><V96/><F121/><W35/><G35/><T109/><D109/><U47/><E84/><V91/><F108/><W14/><G113/><T46/><D3/><U98/><E98/><V117/><F117/><W65/><G105/><T134/><D104/><U43/><E28/><V111/><F111/><W114/><G0/><T116/><D134/><U120/><E34/><V119/><F119/><N who="0" m="45610" /><D131/><N who="1" m="50251" /><E60/><V21/><F132/><W33/><G33/><N who="0" m="20647" /><D79/><U97/><E97/><V5/><F96/><W38/><G72/><T17/><D17/><U80/><E80/><V71/><F81/><W100/><G100/><T26/><D26/><U36/><E47/><V133/><F133/><W12/><G130/><T68/><D68/><U69/><E69/><V67/><F70/><W124/><G76/><T107/><D107/><U56/><E2/><V135/><F71/><W103/><G59/><T102/><D102/><U75/><E75/><V44/><F135/><W126/><G103/><T9/><D87/><U125/><E10/><V19/><F30/><W115/><G85/><T55/><D9/><U101/><E101/><V51/><F112/><W95/><G22/><T74/><D86/><U63/><E63/><V78/><F78/><W52/><G114/><T93/><D74/><U88/><E88/><V48/><F91/><W25/><G115/><T92/><D55/><U77/><E77/><V110/><F110/><W13/><G52/><T66/><D66/><U11/><E11/><V106/><F4/><W15/><G65/><N who="2" m="25161" /><F106/><W90/><N who="3" m="3072" /><DORA hai="89" /><W31/><G31/><T1/><D1/><RYUUKYOKU ba="1,0" sc="240,15,280,15,230,-15,250,-15" hai0="18,23,37,42,46,92,93" hai1="36,43,45,56,57,58,120,122,123,125" /><INIT seed="1,2,0,1,4,103" ten="255,295,215,235" oya="1" hai0="0,99,45,22,81,39,107,35,83,9,78,73,134" hai1="13,28,49,32,23,48,124,127,106,121,116,97,72" hai2="21,36,25,108,76,110,125,37,34,11,60,135,79" hai3="58,59,118,111,3,96,70,113,82,42,126,17,85"/><U5/><E116/><V71/><F34/><W27/><G113/><T75/><D22/><U65/><E121/><V119/><F119/><W101/><G118/><T93/><D93/><U80/><E65/><N who="2" m="41383" /><F11/><W90/><G111/><N who="2" m="42537" /><F125/><N who="1" m="48201" /><E32/><V115/><F115/><W30/><G126/><T41/><D134/><U133/><E133/><V46/><F135/><W6/><G70/><T40/><D40/><U14/><E28/><N who="2" m="17455" /><F46/><W129/><G3/><T53/><D35/><U105/><E5/><V84/><F84/><W4/><G4/><N who="0" m="1159" /><D81/><U38/><E38/><AGARI ba="2,0" hai="36,37,38,76,79" m="17455,42537,41383" machi="38" ten="30,1000,0" yaku="14,1" doraHai="103" who="2" fromWho="1" sc="255,0,295,-16,215,16,235,0" /><INIT seed="2,0,0,1,3,116" ten="255,279,231,235" oya="2" hai0="67,90,7,70,132,61,125,85,73,44,28,56,39" hai1="131,123,75,86,128,130,71,26,108,109,38,45,17" hai2="62,122,129,65,127,88,126,81,93,3,49,87,0" hai3="68,112,72,96,97,104,64,117,89,91,29,114,115"/><V46/><F129/><W77/><G29/><T105/><D73/><U22/><E75/><V18/><F93/><W118/><G64/><T1/><D105/><U31/><E71/><V9/><F122/><W134/><G68/><T111/><D111/><N who="1" m="42571" /><E86/><V4/><F0/><W25/><G25/><T36/><D28/><U107/><E107/><V2/><F2/><W83/><G134/><T19/><D132/><U63/><E63/><V59/><REACH who="2" step="1"/><F18/><REACH who="2" ten="255,279,221,235" step="2"/><W99/><G104/><T11/><D19/><U124/><E123/><V14/><F14/><W52/><G52/><AGARI ba="0,1" hai="3,4,9,46,49,52,59,62,65,81,87,88,126,127" machi="52" ten="40,12000,1" yaku="1,1,54,2,53,1" doraHai="116" doraHaiUra="5" who="2" fromWho="3" sc="255,0,279,0,221,130,235,-120" /><INIT seed="2,1,0,4,2,75" ten="255,279,351,115" oya="2" hai0="95,78,45,14,125,1,129,117,32,87,28,10,85" hai1="135,91,26,86,38,90,53,31,115,43,15,13,61" hai2="131,24,105,121,107,47,29,39,92,114,67,128,58" hai3="54,99,6,52,81,9,123,41,122,36,83,96,5"/><V70/><F114/><W116/><G41/><T84/><D129/><N who="2" m="49738" /><F121/><W44/><G44/><T109/><D109/><U57/><E115/><V111/><F70/><W33/><G33/><T80/><D125/><U20/><E135/><V93/><F111/><W23/><G23/><T106/><D106/><N who="2" m="40458" /><F67/><W104/><G104/><T119/><D1/><U49/><E38/><V51/><F58/><W89/><G89/><T56/><D56/><U94/><REACH who="1" step="1"/><E91/><REACH who="1" ten="255,269,351,115" step="2"/><V25/><F39/><W77/><G36/><T7/><D119/><U65/><E65/><V118/><F118/><W112/><G116/><T130/><D117/><U66/><E66/><V63/><F63/><W88/><G88/><T110/><D130/><U8/><E8/><V101/><F101/><W18/><G112/><T22/><D10/><U73/><E73/><V12/><F51/><W134/><G9/><T16/><D110/><U100/><E100/><V79/><F92/><W108/><G108/><T103/><D95/><U42/><E42/><V69/><F93/><W71/><G134/><T68/><D103/><U74/><E74/><V62/><F62/><W21/><G71/><T35/><D68/><U4/><E4/><V55/><F69/><W76/><REACH who="3" step="1"/><G21/><REACH who="3" ten="255,269,351,105" step="2"/><T59/><D22/><U97/><E97/><V132/><F132/><W98/><G98/><T126/><D35/><U124/><E124/><V40/><F40/><W82/><G82/><T27/><D32/><U64/><E64/><V19/><F55/><W0/><G0/><T34/><D126/><U46/><AGARI ba="1,2" hai="13,15,20,26,31,43,46,49,53,57,61,86,90,94" machi="46" ten="30,4000,0" yaku="1,1,0,1,8,1,53,0" doraHai="75" doraHaiUra="102" who="1" fromWho="1" sc="255,-11,269,63,351,-21,105,-11" /><INIT seed="3,0,0,2,5,88" ten="244,332,330,94" oya="3" hai0="64,71,75,106,58,57,113,43,18,15,98,44,13" hai1="84,126,63,86,8,23,40,14,87,31,22,85,69" hai2="94,102,39,34,90,120,76,117,67,12,100,20,132" hai3="35,27,77,46,109,60,4,10,101,48,11,78,55"/><W80/><G109/><T123/><D75/><U72/><E72/><V50/><F34/><W49/><G101/><T70/><D123/><U5/><E126/><V107/><F39/><W2/><G60/><T97/><D113/><U59/><E69/><V92/><F117/><W127/><G127/><T29/><D29/><U129/><E129/><V89/><F107/><W65/><G65/><T83/><D83/><U79/><E40/><V128/><F120/><W7/><G49/><T42/><D106/><U37/><E37/><V0/><F0/><W104/><G104/><T74/><D74/><U91/><E31/><V93/><F128/><W105/><G105/><T82/><D82/><N who="1" m="49559" /><E79/><V56/><F76/><W62/><G62/><T122/><D122/><U118/><E118/><V17/><F132/><W9/><G80/><T26/><D26/><U133/><E133/><V41/><F102/><W47/><G47/><T95/><D95/><U68/><E68/><V112/><F100/><W32/><G9/><T21/><D21/><U1/><E1/><V61/><F112/><W38/><G38/><T3/><D3/><U114/><E114/><V16/><F17/><W33/><REACH who="3" step="1"/><G27/><REACH who="3" ten="244,332,330,84" step="2"/><T111/><D64/><AGARI ba="0,1" hai="5,8,14,22,23,59,63,64,85,86,87" m="49559" machi="64" ten="30,1000,0" yaku="8,1" doraHai="88" who="1" fromWho="0" sc="244,-10,332,20,330,0,84,0" owari="234,-16.6,352,45.2,330,13.0,84,-41.6" /></mjloggm>