<mjloggm ver="2.3"><GO type="225" lobby="0"/><UN n0="%E3%81%B5%E3%81%98%E3%81%8B%E3%81%A4" n1="%E3%81%8B%E3%82%8F%E3%81%A1%E3%82%83%E3%82%93%35%38" n2="%E5%82%8D%E8%8B%A5%E7%84%A1%E4%BA%BA%35%31" n3="%E3%80%93%E3%81%97%E3%83%BC%E3%82%89%E3%80%93" dan="16,16,16,16" rate="2188.81,2167.20,2138.05,2129.25" sx="M,M,M,M"/><TAIKYOKU oya="0"/><INIT seed="0,0,0,0,4,105" ten="250,250,250,250" oya="0" hai0="70,71,76,46,6,94,134,116,64,16,103,19,84" hai1="123,133,88,22,131,34,53,59,87,89,81,61,11" hai2="69,30,24,43,110,23,91,48,108,13,90,5,111" hai3="26,36,122,44,55,128,35,114,109,98,4,20,124"/><T58/><D116/><U12/><E34/><V49/><F69/><W80/><G4/><T47/><D6/><U56/><E131/><V127/><F127/><W38/><G98/><N who="0" m="59863" /><D70/><U113/><E133/><V119/><F119/><W100/><G100/><T27/><D71/><U25/><E113/><V74/><F74/><W135/><G26/><T0/><D0/><U99/><E123/><V82/><F82/><W51/><G20/><N who="0" m="13703" /><D19/><U18/><E99/><V41/><F49/><W86/><G51/><T107/><D107/><U97/><E97/><V72/><F72/><W120/><G86/><T1/><D1/><U129/><E59/><V52/><F41/><W93/><G38/><T121/><D121/><U75/><E129/><V29/><F43/><W62/><G122/><T60/><D134/><U32/><E32/><V42/><F42/><W7/><G7/><T54/><D54/><U85/><E75/><V66/><F66/><W3/><G55/><T102/><D102/><U14/><REACH who="1" step="1"/><E11/><REACH who="1" ten="250,240,250,250" step="2"/><N who="2" m="4335" /><F30/><W17/><G128/><T45/><D84/><U125/><E125/><V57/><AGARI ba="0,1" hai="23,24,29,48,52,57,90,91,108,110,111" m="4335" machi="57" ten="30,2000,0" yaku="14,1,54,1" doraHai="105" who="2" fromWho="2" sc="250,-10,240,-5,250,30,250,-5" /><INIT seed="1,0,0,4,3,29" ten="240,235,280,245" oya="1" hai0="24,19,124,26,22,99,125,117,41,94,66,116,127" hai1="25,5,2,69,90,63,88,76,7,129,48,40,51" hai2="126,93,0,97,134,39,72,27,31,23,119,60,43" hai3="62,113,42,130,18,13,11,59,67,37,74,91,57"/><U61/><E129/><V110/><F110/><W84/><G74/><T54/><D41/><U56/><E69/><V79/><F119/><W58/><G130/><T96/><D66/><N who="1" m="39207" /><E2/><V100/><F0/><W15/><G113/><T95/><D54/><U112/><E112/><V64/><F134/><W71/><G42/><T45/><D45/><N who="1" m="25639" /><E76/><V128/><F128/><W106/><G106/><T114/><D114/><U32/><E32/><V98/><F98/><W36/><REACH who="3" step="1"/><G15/><REACH who="3" ten="240,235,280,235" step="2"/><T20/><D125/><U44/><E25/><V17/><F126/><W75/><G75/><T53/><D53/><N who="1" m="29927" /><E63/><V108/><F108/><W133/><G133/><T132/><D132/><U21/><E21/><V35/><F43/><W103/><G103/><T8/><D8/><U34/><E34/><V65/><F39/><W4/><G4/><AGARI ba="0,1" hai="4,5,7,88,90" m="29927,25639,39207" machi="4" ten="30,2900,0" yaku="8,1,54,1" doraHai="29" who="1" fromWho="3" sc="240,0,235,39,280,0,235,-29" /><INIT seed="1,1,0,3,0,29" ten="240,274,280,206" oya="1" hai0="90,19,17,82,130,6,116,108,14,72,119,113,21" hai1="120,91,62,63,61,30,92,64,33,75,36,101,38" hai2="48,127,71,1,132,117,81,84,89,66,95,37,43" hai3="44,47,115,86,105,35,85,20,80,40,31,102,69"/><U41/><E120/><V133/><F117/><W97/><G69/><T135/><D113/><U39/><E75/><V111/><F111/><W65/><G115/><T104/><D104/><U46/><E101/><V25/><F127/><W54/><G65/><T67/><D108/><U9/><E64/><V88/><F1/><W77/><G54/><T98/><D135/><N who="2" m="51786" /><F37/><W134/><G134/><T76/><D130/><U83/><E83/><V118/><F118/><W16/><G85/><T3/><D67/><U12/><E30/><V10/><F10/><W5/><G5/><T28/><D28/><U131/><E33/><V56/><F25/><W4/><G4/><T13/><D6/><U51/><E131/><V58/><F71/><W123/><G123/><T18/><D3/><U93/><REACH who="1" step="1"/><E91/><REACH who="1" ten="240,264,280,206" step="2"/><V57/><F66/><W0/><G35/><T94/><REACH who="0" step="1"/><D18/><AGARI ba="1,1" hai="9,12,18,36,38,39,41,46,51,61,62,63,92,93" machi="18" ten="50,4800,0" yaku="1,1,2,1,53,0" doraHai="29" doraHaiUra="52" who="1" fromWho="0" sc="240,-51,264,61,280,0,206,0" /><INIT seed="1,2,0,1,1,21" ten="189,325,280,206" oya="1" hai0="111,12,19,109,20,3,131,107,43,25,16,94,89" hai1="28,122,100,14,104,38,24,61,42,108,11,114,44" hai2="34,87,26,97,23,95,69,15,106,76,33,113,86" hai3="103,85,105,81,80,48,121,72,82,35,74,47,7"/><U49/><E114/><V63/><F113/><W60/><G35/><T1/><D107/><U71/><E122/><V115/><F115/><W128/><G7/><T98/><D43/><U132/><E132/><V46/><F46/><W127/><G60/><T36/><D36/><U30/><E30/><V59/><F69/><W65/><G65/><T90/><D131/><U29/><E29/><V8/><F106/><W116/><G48/><T117/><D117/><U50/><E108/><N who="0" m="41545" /><D90/><U0/><E0/><V120/><F34/><W17/><G47/><T118/><D118/><U18/><E71/><V9/><F33/><W66/><G66/><T56/><D56/><U68/><E68/><V13/><F9/><AGARI ba="2,0" hai="1,3,9,12,16,19,20,25,89,94,98" m="41545" machi="9" ten="30,3900,0" yaku="14,1,52,1,54,1" doraHai="21" who="0" fromWho="2" sc="189,45,325,0,280,-45,206,0" /><INIT seed="2,0,0,2,2,83" ten="234,325,235,206" oya="2" hai0="52,37,76,106,14,65,31,128,20,35,123,119,85" hai1="22,105,32,33,108,115,13,97,40,41,102,54,127" hai2="1,30,69,80,49,57,95,126,103,125,92,77,111" hai3="60,63,59,88,86,7,113,104,56,10,91,78,130"/><V61/><F1/><W96/><G130/><T6/><D123/><U98/><E115/><V124/><F69/><W17/><G113/><T64/><D106/><U74/><E74/><V84/><F49/><W39/><G39/><T68/><D35/><U3/><E3/><V21/><F103/><W4/><G78/><T16/><D37/><U122/><E54/><N who="2" m="33975" /><F111/><W116/><G116/><T45/><D68/><U110/><E122/><V117/><F117/><W15/><G104/><T120/><D128/><U11/><E105/><V29/><F21/><W81/><G96/><T89/><D76/><U62/><E22/><V55/><F55/><N who="3" m="33823" /><G91/><T43/><D43/><U114/><E114/><V24/><F24/><W67/><AGARI ba="0,0" hai="4,7,10,15,17,59,63,67,81,86,88" m="33823" machi="67" ten="30,4000,0" yaku="8,1,52,1,54,1" doraHai="83" who="3" fromWho="3" sc="234,-10,325,-10,235,-20,206,40" /><INIT seed="3,0,0,3,4,131" ten="224,315,215,246" oya="3" hai0="41,17,92,93,79,99,39,113,83,102,43,114,12" hai1="18,67,51,0,106,21,84,40,65,81,108,71,104" hai2="82,127,11,105,66,75,110,25,37,103,87,9,128" hai3="121,85,95,6,125,126,42,107,135,63,10,122,49"/><W115/><G107/><T89/><D39/><U80/><E0/><V29/><F75/><W44/><G115/><N who="0" m="44043" /><D92/><U130/><E51/><V59/><F37/><W19/><G19/><T15/><D102/><U30/><E40/><N who="0" m="15433" /><D17/><U100/><E18/><V61/><F128/><W46/><G46/><T109/><D109/><U48/><E100/><V1/><F110/><W62/><G85/><AGARI ba="0,0" hai="12,15,79,83,85,89,93,99" m="15433,44043" machi="85" ten="30,1000,0" yaku="11,1" doraHai="131" who="0" fromWho="3" sc="224,10,315,0,215,0,246,-10" owari="234,-16.6,315,41.5,215,-28.5,236,3.6" /></mjloggm>