<mjloggm ver="2.3"><GO type="225" lobby="0"/><UN n0="%E4%B8%89%E5%86%A0%E7%8E%8B%E3%83%BB%E5%B1%B1%E7%94%B0%E5%93%B2%E4%BA%BA" n1="%E3%81%86%E3%81%A3%E3%81%97%E3%83%BC%30%30" n2="%E9%80%9F%E6%B0%B4%E5%87%9B%E9%A6%99" n3="%E3%81%82%E3%83%BC%E3%81%97" dan="16,16,16,16" rate="2132.51,2095.66,2146.02,2101.57" sx="M,M,F,M"/><TAIKYOKU oya="0"/><INIT seed="0,0,0,5,4,132" ten="250,250,250,250" oya="0" hai0="105,88,73,35,49,83,25,3,58,62,96,31,102" hai1="17,95,22,94,18,100,90,7,55,63,44,14,20" hai2="126,64,13,122,16,84,108,37,59,68,133,92,113" hai3="50,111,134,71,60,67,115,10,42,125,89,97,129"/><T81/><D3/><U9/><E100/><V130/><F122/><W11/><G115/><T106/><D106/><U69/><E69/><V91/><F113/><W104/><G134/><T101/><D101/><U109/><E109/><V112/><F112/><W116/><G111/><T74/><D49/><U24/><E44/><V19/><F133/><W78/><G116/><T54/><REACH who="0" step="1"/><D81/><REACH who="0" ten="240,250,250,250" step="2"/><U86/><E63/><V87/><F108/><W30/><G50/><T29/><D29/><U51/><E95/><V70/><F37/><W110/><G30/><T98/><D98/><U114/><E114/><V76/><F130/><W77/><G97/><T8/><D8/><U38/><E38/><V34/><F92/><W26/><G11/><T23/><D23/><U27/><E51/><V103/><F103/><W93/><G10/><T99/><D99/><U45/><E45/><V39/><F39/><W4/><G93/><T82/><D82/><U0/><E0/><V43/><F34/><W131/><G60/><T107/><D107/><U66/><REACH who="1" step="1"/><E55/><REACH who="1" ten="240,240,250,250" step="2"/><V12/><F43/><W75/><G104/><T15/><D15/><U40/><E40/><V52/><F12/><W118/><G42/><T47/><D47/><U21/><E21/><V128/><F13/><W117/><G131/><T5/><D5/><U36/><E36/><V1/><F128/><W65/><G129/><T32/><D32/><U48/><E48/><V85/><F1/><W6/><G4/><T80/><D80/><U127/><E127/><V33/><F126/><W57/><G125/><T120/><D120/><U53/><E53/><RYUUKYOKU ba="0,2" sc="240,15,240,15,250,-15,250,-15" hai0="25,31,35,54,58,62,73,74,83,88,96,102,105" hai1="7,9,14,17,18,20,22,24,27,66,86,90,94" /><INIT seed="0,1,2,0,3,106" ten="255,255,235,235" oya="0" hai0="83,68,28,5,59,118,86,66,84,0,52,102,131" hai1="126,39,112,127,20,80,3,26,77,29,51,23,40" hai2="121,90,67,48,72,62,37,125,98,13,55,56,108" hai3="46,54,78,10,97,69,35,11,44,75,96,70,74"/><T22/><D118/><U49/><E3/><V50/><F121/><W43/><G78/><T47/><D131/><U57/><E112/><V95/><F125/><N who="1" m="47625" /><E39/><V101/><F108/><W31/><G31/><T82/><D102/><U4/><E4/><V8/><F37/><W120/><G54/><T114/><D114/><U100/><E100/><V104/><F72/><N who="3" m="27691" /><G43/><T124/><D124/><U42/><E23/><V71/><F48/><N who="1" m="18505" /><E57/><V36/><F36/><W119/><G35/><T88/><D59/><U105/><E105/><V92/><F90/><W85/><G85/><AGARI ba="1,2" hai="20,26,29,40,42,77,80,85" m="18505,47625" machi="85" ten="30,1000,0" yaku="18,1" doraHai="106" who="1" fromWho="3" sc="255,0,255,33,235,0,235,-13" /><INIT seed="1,0,0,1,1,49" ten="255,288,235,222" oya="1" hai0="80,43,53,5,76,93,13,30,19,34,135,36,27" hai1="95,38,82,60,65,52,55,67,87,29,66,24,74" hai2="91,122,68,107,113,0,72,7,28,104,25,4,99" hai3="9,115,63,130,20,11,1,102,77,71,75,48,126"/><U118/><E118/><V90/><F122/><W23/><G115/><T129/><D135/><U31/><E38/><V50/><F68/><W45/><G102/><T2/><D129/><U121/><E121/><V58/><F72/><W41/><G130/><T37/><D43/><U22/><E74/><V17/><F17/><W78/><G126/><T70/><D70/><U21/><E95/><V18/><F18/><W127/><G127/><T106/><D106/><U6/><E60/><V32/><F113/><W114/><G114/><T97/><D53/><N who="1" m="20555" /><E6/><V116/><F116/><W112/><G112/><T84/><D2/><U10/><E10/><V85/><F0/><W133/><G133/><T39/><D5/><U124/><E124/><V88/><F4/><W108/><G75/><T73/><D73/><U109/><E109/><V98/><F7/><W103/><G108/><T8/><REACH who="0" step="1"/><D37/><REACH who="0" ten="245,288,235,222" step="2"/><U57/><E57/><V16/><F107/><W42/><G1/><T54/><D54/><U83/><E87/><V105/><F85/><W96/><G42/><T40/><D40/><U69/><E69/><V3/><F3/><W89/><G71/><T35/><D35/><U12/><E12/><V92/><F105/><W132/><G132/><T94/><D94/><U79/><E79/><V46/><F104/><W123/><G123/><T101/><AGARI ba="0,1" hai="8,13,19,27,30,34,36,39,76,80,84,93,97,101" machi="101" ten="20,2700,0" yaku="1,1,0,1,7,1,53,0" doraHai="49" doraHaiUra="33" who="0" fromWho="0" sc="245,37,288,-13,235,-7,222,-7" /><INIT seed="2,0,0,4,0,95" ten="282,275,228,215" oya="2" hai0="94,57,104,65,76,83,119,14,22,112,75,133,82" hai1="100,90,55,32,127,79,80,42,2,87,102,35,44" hai2="3,13,107,72,56,24,0,129,116,118,31,85,86" hai3="49,43,114,84,30,77,103,48,34,64,98,108,69"/><V120/><F72/><W92/><G108/><T20/><D104/><U21/><E127/><V41/><F41/><W18/><G43/><T4/><D112/><U39/><E2/><V11/><F120/><W117/><G117/><T128/><D133/><U29/><E55/><V132/><F132/><W123/><G123/><T60/><D128/><U81/><E21/><V9/><F107/><W67/><G114/><T52/><D119/><U28/><E28/><V46/><F46/><W93/><G69/><T40/><D40/><U15/><E15/><V131/><F56/><W38/><G38/><T71/><D83/><U50/><E39/><V89/><F89/><N who="3" m="53287" /><G34/><T121/><D121/><U122/><E122/><V111/><F24/><W6/><G30/><T27/><D27/><U73/><REACH who="1" step="1"/><E29/><REACH who="1" ten="282,265,228,215" step="2"/><V53/><F31/><W10/><G6/><T62/><D4/><U115/><E115/><V16/><F13/><N who="3" m="7479" /><G77/><T101/><D14/><U61/><E61/><V78/><F78/><W12/><G12/><T124/><D124/><U74/><E74/><V91/><F53/><W33/><G33/><AGARI ba="0,1" hai="32,33,35,42,44,50,73,79,80,81,87,90,100,102" machi="33" ten="40,1300,0" yaku="1,1,53,0" doraHai="95" doraHaiUra="130" who="1" fromWho="3" sc="282,0,265,23,228,0,215,-13" /><INIT seed="3,0,0,3,1,20" ten="282,288,228,202" oya="3" hai0="126,9,12,4,33,102,58,84,83,117,112,19,24" hai1="34,47,65,85,51,78,61,27,62,132,98,81,103" hai2="109,28,14,118,43,94,25,127,21,17,87,90,42" hai3="38,68,130,125,129,79,6,18,36,111,95,16,101"/><W122/><G68/><T63/><D117/><U52/><E132/><V29/><F118/><W128/><G122/><T40/><D126/><U97/><E97/><V41/><F127/><W105/><G125/><T88/><D112/><U69/><E62/><V91/><F109/><W92/><G111/><T121/><D121/><U37/><E37/><N who="3" m="14442" /><G79/><T3/><D40/><U13/><E13/><V116/><F116/><W54/><G6/><T30/><D102/><U10/><E10/><V23/><F28/><W59/><G105/><T22/><D58/><U123/><E123/><V104/><F104/><W106/><G106/><T135/><D63/><U131/><E131/><N who="3" m="33538" /><W2/><DORA hai="55" /><G2/><T70/><D70/><U133/><E133/><AGARI ba="0,0" hai="3,4,9,12,19,22,24,30,33,83,84,88,133,135" machi="133" ten="40,8000,1" yaku="24,2,52,1,54,1" doraHai="20,55" who="0" fromWho="1" sc="282,80,288,-80,228,0,202,0" owari="362,46.2,208,-19.2,228,2.8,202,-29.8" /></mjloggm>