<mjloggm ver="2.3"><GO type="225" lobby="0"/><UN n0="%E8%A8%88%E7%AE%97%E6%A9%9F%E8%87%AA%E7%84%B6" n1="%E3%81%90%E3%81%A1%E3%82%84%E3%81%BE" n2="%E5%B8%86%E7%AB%8B%E5%A4%8F%E8%A1%A3" n3="%74%2E%6F%2E%6F%2E%73" dan="17,16,17,17" rate="2175.92,2102.61,2166.23,2100.81" sx="M,M,M,M"/><TAIKYOKU oya="0"/><INIT seed="0,0,0,4,0,25" ten="250,250,250,250" oya="0" hai0="48,87,23,4,104,115,54,61,134,78,11,116,26" hai1="51,126,83,89,91,1,13,131,12,29,41,22,20" hai2="9,101,114,5,47,121,63,31,64,110,68,27,128" hai3="69,130,127,85,0,73,117,99,76,100,71,57,96"/><T46/><D134/><U36/><E1/><V15/><F110/><W80/><G117/><T17/><D115/><U39/><E126/><V58/><F128/><W65/><G0/><T133/><D133/><U79/><E51/><V34/><F114/><W62/><G127/><T50/><D104/><U106/><E106/><V44/><F121/><W119/><G119/><T75/><D116/><U94/><E41/><V120/><F120/><W77/><G130/><T107/><D107/><U72/><E94/><V35/><F101/><W70/><G100/><T113/><D75/><U8/><E131/><V84/><F35/><W19/><G19/><T135/><D135/><U108/><E72/><V52/><REACH who="2" step="1"/><F84/><REACH who="2" ten="250,250,240,250" step="2"/><W93/><G73/><T7/><D113/><U103/><E103/><V90/><F90/><W74/><G74/><T21/><D87/><U43/><E91/><V129/><F129/><W55/><G76/><T24/><D78/><U2/><E89/><V45/><F45/><W14/><G99/><T67/><D11/><U112/><E108/><V49/><AGARI ba="0,1" hai="5,9,15,27,31,34,44,47,49,52,58,63,64,68" machi="49" ten="20,8000,1" yaku="1,1,0,1,7,1,52,1,54,1,53,0" doraHai="25" doraHaiUra="32" who="2" fromWho="2" sc="250,-40,250,-20,240,90,250,-20" /><INIT seed="1,0,0,3,0,75" ten="210,230,330,230" oya="1" hai0="30,39,9,121,2,133,90,32,56,41,61,47,53" hai1="12,5,33,122,44,81,76,94,19,111,37,85,14" hai2="102,115,20,112,16,135,38,103,126,31,86,78,120" hai3="74,7,124,58,46,3,35,131,129,69,63,116,105"/><U55/><E122/><V95/><F120/><W77/><G105/><T4/><D121/><U36/><E33/><V6/><F38/><W43/><G35/><T65/><D133/><U60/><E111/><V98/><F126/><W52/><G69/><T88/><D32/><U59/><E44/><V22/><F6/><W87/><G87/><T24/><D30/><U67/><E5/><V104/><F135/><W80/><G124/><T42/><D24/><U89/><E67/><V26/><F103/><W108/><G108/><T96/><D41/><U10/><REACH who="1" step="1"/><E14/><REACH who="1" ten="210,220,330,230" step="2"/><V51/><F112/><W82/><G116/><T48/><REACH who="0" step="1"/><D96/><AGARI ba="0,1" hai="10,12,19,36,37,55,59,60,76,81,85,89,94,96" machi="96" ten="30,11600,0" yaku="1,1,2,1,7,1,52,1,53,0" doraHai="75" doraHaiUra="23" who="1" fromWho="0" sc="210,-116,220,126,330,0,230,0" /><INIT seed="1,1,0,0,1,130" ten="94,346,330,230" oya="1" hai0="15,96,38,58,123,133,47,131,80,65,53,110,76" hai1="27,9,56,127,48,40,36,126,44,106,32,3,122" hai2="33,128,22,31,78,41,70,13,17,69,111,19,23" hai3="24,52,108,117,101,102,39,64,86,34,81,91,29"/><U66/><E106/><V28/><F128/><W104/><G108/><T100/><D131/><U125/><E32/><V120/><F111/><W61/><G117/><T99/><D110/><U63/><E27/><V98/><F120/><W134/><G39/><T93/><D123/><U49/><E3/><V71/><F41/><W43/><G43/><T103/><D38/><U5/><E122/><V113/><F113/><W62/><G134/><T129/><D129/><U107/><E107/><V46/><F46/><W116/><G116/><T82/><D47/><U21/><E21/><V25/><F33/><W4/><G4/><T74/><D65/><U14/><AGARI ba="1,0" hai="5,9,14,36,40,44,48,49,56,63,66,125,126,127" machi="14" ten="30,3000,0" yaku="0,1,18,1" doraHai="130" who="1" fromWho="1" sc="94,-11,346,33,330,-11,230,-11" /><INIT seed="1,2,0,5,5,40" ten="83,379,319,219" oya="1" hai0="30,70,134,32,73,95,58,110,6,113,129,104,56" hai1="119,25,91,41,72,117,133,8,61,82,79,128,47" hai2="108,96,15,92,28,127,83,99,57,118,43,3,5" hai3="89,67,115,122,63,78,34,87,109,121,37,16,76"/><U29/><E128/><V54/><F118/><W4/><G115/><T50/><D113/><U88/><E133/><V69/><F69/><W44/><G34/><T21/><D104/><U74/><E74/><V33/><F3/><W81/><G4/><T62/><D73/><U71/><E8/><V132/><F127/><W80/><G109/><T18/><D129/><U84/><E71/><V114/><F108/><W12/><G121/><T100/><D110/><U102/><E61/><V125/><F125/><W85/><G122/><T36/><D36/><U51/><E102/><V20/><F132/><W130/><G130/><T45/><D6/><U31/><E31/><V131/><F131/><W93/><G37/><T39/><D39/><U94/><REACH who="1" step="1"/><E91/><REACH who="1" ten="83,369,319,219" step="2"/><V17/><F28/><W107/><G63/><T66/><D134/><U106/><E106/><V90/><F90/><W52/><G107/><T9/><D9/><U35/><AGARI ba="2,1" hai="25,29,35,41,47,51,72,79,82,84,88,94,117,119" machi="35" ten="20,18000,2" yaku="1,1,0,1,7,1,52,1,54,1,53,1" doraHai="40" doraHaiUra="23" who="1" fromWho="1" sc="83,-62,369,196,319,-62,219,-62" /><INIT seed="1,3,0,2,5,11" ten="21,565,257,157" oya="1" hai0="115,108,27,28,105,47,135,43,3,7,91,129,31" hai1="75,1,128,119,32,71,117,21,100,63,19,42,57" hai2="20,45,16,133,24,83,103,85,59,123,34,2,90" hai3="26,58,5,4,53,40,50,29,121,69,109,87,35"/><U61/><E32/><V48/><F133/><W122/><G69/><T81/><D115/><U51/><E1/><V9/><F123/><W131/><G109/><T84/><D105/><U64/><E75/><V23/><F34/><W94/><G131/><T125/><D108/><U118/><E100/><V37/><F37/><W106/><G106/><T114/><D114/><U82/><E82/><V74/><F74/><W111/><G111/><T30/><D135/><U60/><E128/><V120/><F120/><W36/><G36/><T15/><D129/><U107/><E107/><V67/><F103/><W17/><G40/><T39/><D125/><U104/><E104/><V13/><F2/><W14/><G121/><T22/><REACH who="0" step="1"/><D3/><REACH who="0" ten="11,565,257,157" step="2"/><U130/><E130/><V44/><F24/><W99/><G122/><T101/><D101/><U68/><E119/><V70/><F70/><W66/><G66/><T96/><D96/><U80/><E64/><V126/><F126/><W102/><G99/><T134/><D134/><U0/><E118/><V88/><F90/><W8/><G102/><T76/><D76/><U38/><E0/><V110/><F110/><W124/><G124/><T62/><D62/><U41/><E63/><N who="2" m="38399" /><F45/><W97/><G97/><T86/><D86/><U6/><E117/><V112/><F112/><W72/><G72/><T73/><D73/><U93/><E71/><V33/><F33/><W12/><G87/><T79/><D79/><U113/><E68/><V92/><F92/><W46/><G94/><T54/><D54/><U132/><E113/><V127/><F127/><W77/><G77/><RYUUKYOKU ba="3,1" sc="11,15,565,-15,257,15,157,-15" hai0="7,15,22,27,28,30,31,39,43,47,81,84,91" hai2="9,13,16,20,23,44,48,83,85,88" /><INIT seed="2,4,1,1,3,35" ten="26,550,272,142" oya="2" hai0="81,83,116,55,101,125,94,53,56,43,71,123,44" hai1="87,8,120,11,2,18,22,99,76,135,113,108,69" hai2="98,91,112,104,47,128,64,14,0,73,117,3,31" hai3="38,63,48,4,50,33,40,115,13,77,37,126,85"/><V119/><F112/><W20/><G33/><T23/><D123/><U88/><E108/><V45/><F73/><W102/><G126/><T25/><D71/><U66/><E113/><V27/><F128/><W65/><G102/><T106/><D106/><U61/><E135/><V12/><F64/><W110/><G110/><T130/><D130/><U74/><E2/><V51/><F104/><W59/><G115/><T41/><D125/><U111/><E111/><V105/><F105/><W21/><G21/><T79/><D116/><U95/><E120/><V92/><F117/><W9/><G20/><T7/><D7/><U97/><E74/><V19/><F119/><W100/><G100/><T121/><D121/><U118/><E118/><V24/><F14/><W86/><G50/><T28/><D53/><U1/><E1/><V58/><F58/><W39/><REACH who="3" step="1"/><G77/><REACH who="3" ten="26,550,272,132" step="2"/><T16/><D28/><U103/><E76/><V68/><F47/><AGARI ba="4,2" hai="4,9,13,37,38,39,40,47,48,59,63,65,85,86" machi="47" ten="40,2600,0" yaku="1,1,2,1,53,0" doraHai="35" doraHaiUra="75" who="3" fromWho="2" sc="26,0,550,0,272,-38,132,58" /><INIT seed="3,0,0,1,0,87" ten="26,550,234,190" oya="3" hai0="92,43,40,67,30,21,20,114,3,79,33,70,135" hai1="98,5,69,60,110,65,122,76,128,81,6,99,34" hai2="7,19,31,121,103,73,111,77,85,124,134,56,17" hai3="13,129,59,29,133,96,14,49,9,101,58,105,15"/><W123/><G123/><T39/><D3/><U126/><E34/><V42/><F121/><W120/><G120/><T117/><D33/><U64/><E99/><V82/><F111/><W48/><G129/><T52/><D117/><U36/><E65/><V88/><F124/><W97/><G133/><T115/><D79/><U46/><E6/><V119/><F119/><W37/><G37/><T45/><D30/><U54/><E76/><V83/><F134/><W91/><G29/><T112/><D135/><U78/><E69/><V47/><F31/><W106/><G9/><T132/><D132/><U18/><E18/><V23/><F103/><W107/><G91/><T53/><D20/><U72/><E54/><V4/><F56/><W90/><G90/><T84/><D21/><U75/><E60/><V118/><F19/><W8/><G8/><T94/><D94/><U66/><E81/><V12/><F118/><W25/><G25/><T80/><D92/><U28/><E66/><V10/><F23/><W74/><G74/><T16/><D16/><U108/><E72/><V1/><F1/><W11/><G11/><T51/><D84/><U130/><E75/><V26/><F26/><W38/><G38/><AGARI ba="0,0" hai="4,7,10,12,17,38,42,47,73,77,82,83,85,88" machi="38" ten="30,3900,0" yaku="7,1,52,1,54,1" doraHai="87" who="2" fromWho="3" sc="26,0,550,0,234,39,190,-39" owari="26,-47.4,550,65.0,273,7.3,151,-24.9" /></mjloggm>