<mjloggm ver="2.3"><GO type="225" lobby="0"/><UN n0="%E7%B4%94%E6%BD%94%E3%83%94%E3%83%A9%E3%83%8B%E3%82%A2" n1="%E5%B8%86%E7%AB%8B%E5%A4%8F%E8%A1%A3" n2="%E3%81%B5%E3%81%98%E3%81%8B%E3%81%A4" n3="%E6%A0%B9%E5%85%83%E3%81%8B%E3%82%89%E5%90%B9%E3%81%A3%E9%A3%9B%E3%81%B6" dan="16,16,16,17" rate="2132.90,2111.40,2121.72,2167.56" sx="M,M,M,F"/><TAIKYOKU oya="0"/><INIT seed="0,0,0,5,3,60" ten="250,250,250,250" oya="0" hai0="26,132,64,0,72,74,34,38,83,81,113,125,90" hai1="135,18,85,21,1,122,42,31,129,28,2,7,59" hai2="66,40,16,112,134,93,80,86,100,61,101,82,15" hai3="73,126,128,11,124,24,105,130,52,118,17,107,102"/><T43/><D113/><U36/><E36/><V111/><F112/><W12/><G73/><T37/><D125/><N who="3" m="48233" /><G118/><T114/><D114/><U65/><E122/><V33/><F33/><W115/><G115/><T8/><D132/><U110/><E110/><V51/><F111/><W5/><G102/><T108/><D108/><U46/><E135/><V14/><F14/><N who="3" m="5487" /><G24/><T76/><D90/><U49/><E129/><N who="3" m="49770" /><G52/><T71/><D43/><U22/><E2/><V32/><F134/><W88/><G88/><T127/><D127/><U117/><E117/><V68/><F93/><W54/><G54/><T97/><D97/><U50/><E1/><V99/><F99/><W120/><G120/><T95/><D95/><U91/><E7/><V69/><F82/><W77/><G77/><N who="0" m="44199" /><D0/><U67/><E91/><V92/><F92/><W45/><G45/><T62/><D8/><AGARI ba="0,0" hai="8,12,17,105,107" m="49770,5487,48233" machi="8" ten="30,2000,0" yaku="18,1,19,1" doraHai="60" who="3" fromWho="0" sc="250,-20,250,0,250,0,250,20" /><BYE who="3" /><INIT seed="1,0,0,3,4,106" ten="230,250,250,270" oya="1" hai0="66,27,49,25,20,23,92,107,75,118,47,95,2" hai1="36,16,18,52,117,76,14,86,45,115,44,40,120" hai2="101,34,21,32,28,9,6,82,68,97,126,65,131" hai3="122,22,46,7,132,93,15,43,51,50,17,35,119"/><U91/><E115/><UN n3="%E6%A0%B9%E5%85%83%E3%81%8B%E3%82%89%E5%90%B9%E3%81%A3%E9%A3%9B%E3%81%B6" /><V102/><F126/><W5/><G122/><T84/><D107/><U98/><E117/><V38/><F131/><W121/><G121/><T56/><D2/><U48/><E120/><V37/><F82/><W79/><G35/><T80/><D118/><U78/><E18/><V62/><F21/><W112/><G112/><T0/><D0/><U127/><E98/><V13/><F102/><W4/><G132/><T129/><D129/><U57/><E127/><V134/><F134/><W72/><G119/><T24/><D75/><U59/><E59/><V12/><F12/><W96/><G51/><T114/><D114/><U87/><E87/><V69/><F69/><W128/><G128/><T41/><D56/><U85/><E85/><V8/><F8/><W130/><G130/><T81/><D66/><U70/><E45/><V3/><F13/><W30/><G30/><T89/><D81/><U88/><E91/><V39/><REACH who="2" step="1"/><F28/><REACH who="2" ten="230,250,240,270" step="2"/><W100/><G79/><T108/><D108/><U83/><E70/><V124/><F124/><W1/><G1/><T42/><D42/><U29/><E29/><V11/><F11/><AGARI ba="0,1" hai="11,14,16,36,40,44,48,52,57,76,78,83,86,88" machi="11" ten="30,11600,0" yaku="7,1,54,3" doraHai="106" who="1" fromWho="2" sc="230,0,250,126,240,-116,270,0" /><INIT seed="1,1,0,1,3,35" ten="230,376,124,270" oya="1" hai0="74,83,53,94,115,84,5,16,2,96,3,108,48" hai1="129,71,62,116,40,123,97,80,122,85,21,22,128" hai2="37,110,79,105,90,49,69,32,0,24,56,113,47" hai3="36,72,76,70,101,50,18,38,39,77,44,98,54"/><U68/><E97/><V1/><F105/><W135/><G135/><T78/><D115/><U65/><E85/><V45/><F69/><W87/><G72/><T9/><D108/><U124/><E80/><V103/><F110/><W125/><G125/><T92/><D74/><U114/><E22/><V81/><F113/><W26/><G70/><T55/><D55/><U10/><E21/><V43/><F103/><W67/><G67/><T133/><D133/><U66/><E10/><V34/><F90/><W89/><G18/><T29/><D29/><U8/><E8/><V118/><F56/><W100/><G26/><T63/><D63/><N who="1" m="39999" /><E114/><V33/><F24/><W91/><G100/><T75/><D75/><U46/><E116/><V126/><F126/><W117/><G117/><T134/><D134/><U120/><E124/><V82/><F118/><W121/><G121/><T86/><D86/><U59/><E59/><V20/><F20/><W28/><G28/><T30/><D30/><U131/><E123/><V61/><F61/><W64/><G91/><T60/><D60/><U99/><E99/><V23/><F23/><W17/><G17/><T130/><D16/><U27/><E27/><V88/><F88/><W41/><G98/><T102/><D94/><U7/><E7/><V19/><F19/><W42/><G101/><T109/><D109/><U93/><E93/><V57/><F57/><W4/><G4/><T107/><D107/><U106/><E106/><V73/><REACH who="2" step="1"/><F82/><REACH who="2" ten="230,376,114,270" step="2"/><W14/><G89/><N who="0" m="51359" /><D102/><U25/><E25/><V95/><F95/><W132/><G132/><T11/><D92/><RYUUKYOKU ba="1,1" sc="230,-15,376,15,114,15,270,-15" hai1="40,46,62,66,71,120,122,128,129,131" hai2="0,1,32,33,34,37,43,45,47,49,73,79,81" /><INIT seed="1,2,1,2,3,9" ten="215,391,129,255" oya="1" hai0="8,40,52,45,4,117,88,67,55,95,98,66,96" hai1="49,1,74,113,3,82,105,83,34,59,71,119,112" hai2="110,118,27,134,91,0,75,109,121,80,35,57,25" hai3="46,41,26,69,32,125,36,42,72,17,92,133,106"/><U29/><E59/><V13/><F118/><W53/><G106/><T61/><D117/><U54/><E54/><V108/><F121/><W86/><G72/><T51/><D96/><U16/><E49/><V20/><F57/><W79/><G69/><T15/><REACH who="0" step="1"/><D66/><REACH who="0" ten="205,391,129,255" step="2"/><U65/><E65/><V12/><F134/><W14/><G133/><T81/><D81/><U48/><E83/><V99/><F99/><W128/><G92/><T64/><D64/><U56/><E82/><V10/><F80/><W18/><G42/><T37/><D37/><U127/><E119/><V102/><F75/><W90/><G41/><T84/><D84/><U22/><E74/><V7/><F102/><W6/><G36/><T116/><D116/><U85/><E85/><V97/><F97/><W78/><G86/><T60/><D60/><U87/><E87/><V111/><F91/><W30/><G90/><T129/><D129/><U31/><E48/><V47/><F47/><W28/><G128/><T24/><D24/><U94/><E94/><V93/><F93/><W2/><G26/><T70/><AGARI ba="2,2" hai="4,8,15,40,45,51,52,55,61,67,70,88,95,98" machi="70" ten="20,12000,2" yaku="1,1,0,1,7,1,52,1,54,2,53,0" doraHai="9" doraHaiUra="131" who="0" fromWho="0" sc="205,146,391,-62,129,-32,255,-32" /><INIT seed="2,0,0,0,0,134" ten="351,329,97,223" oya="2" hai0="6,4,123,125,24,117,81,116,86,37,92,7,18" hai1="111,104,89,127,41,115,79,132,128,124,120,61,11" hai2="21,65,63,49,1,5,8,22,59,90,45,109,13" hai3="48,107,93,44,51,83,103,72,14,96,23,36,29"/><V99/><F1/><W57/><G36/><T122/><D37/><U40/><E132/><V64/><F64/><W52/><G72/><T55/><D92/><U10/><E115/><V9/><F109/><W77/><G107/><T30/><D55/><U2/><E111/><V35/><F35/><W73/><G14/><T71/><D71/><U112/><E112/><V69/><F69/><W76/><G73/><T43/><D43/><N who="1" m="16459" /><E2/><V33/><F33/><W101/><G101/><T25/><D18/><U131/><E104/><V84/><F99/><W102/><G83/><T38/><D38/><U121/><E89/><V105/><F105/><W15/><G103/><T74/><D74/><U118/><E79/><N who="3" m="30282" /><G15/><T66/><D66/><U47/><E47/><V19/><F8/><N who="1" m="3113" /><E61/><V46/><F5/><W34/><G34/><T129/><D129/><N who="1" m="49739" /><E118/><N who="0" m="45673" /><D81/><U108/><E108/><V68/><F68/><W70/><G70/><T119/><D119/><U31/><E31/><V16/><F19/><W82/><G82/><T67/><D30/><U94/><E94/><N who="2" m="54599" /><F45/><W80/><G44/><T88/><D67/><U54/><E54/><AGARI ba="0,0" hai="9,13,16,21,22,46,49,54,59,63,65" m="54599" machi="54" ten="30,2900,0" yaku="8,1,54,1" doraHai="134" who="2" fromWho="1" sc="351,0,329,-29,97,29,223,0" /><INIT seed="2,1,0,4,4,111" ten="351,300,126,223" oya="2" hai0="69,132,91,59,125,90,121,119,24,55,27,118,45" hai1="92,44,116,88,48,83,123,60,81,134,68,117,12" hai2="23,105,108,122,73,98,33,114,89,28,4,1,51" hai3="34,104,40,84,82,18,26,57,86,21,66,16,49"/><V64/><F122/><W72/><G104/><T96/><D69/><U87/><E123/><V29/><F73/><W25/><G72/><T76/><D121/><U70/><E134/><V62/><F51/><W41/><G34/><T5/><D5/><U103/><E117/><N who="0" m="44553" /><D125/><U100/><E116/><V126/><F126/><W65/><G49/><N who="0" m="29103" /><D76/><U19/><E70/><N who="2" m="42263" /><F89/><N who="0" m="33802" /><D132/><U107/><E68/><V2/><F23/><W95/><G95/><T22/><D59/><U97/><E60/><V63/><F63/><W54/><G21/><T14/><D96/><U79/><E107/><V37/><F37/><W35/><G35/><T80/><D80/><U61/><E83/><V93/><F93/><W74/><G82/><T46/><D46/><U99/><E99/><V32/><F29/><W38/><G74/><T53/><D53/><U3/><E61/><V31/><F31/><W17/><G38/><T13/><D27/><N who="3" m="10249" /><G54/><T7/><D7/><U101/><E3/><N who="2" m="1035" /><F4/><W6/><G6/><T10/><D10/><U11/><REACH who="1" step="1"/><E101/><REACH who="1" ten="351,290,126,223" step="2"/><N who="2" m="62647" /><F28/><AGARI ba="1,1" hai="13,14,22,24,28" m="33802,29103,44553" machi="28" ten="30,1000,0" yaku="12,1" doraHai="111" who="0" fromWho="2" sc="351,23,290,0,126,-13,223,0" /><INIT seed="3,0,0,0,3,34" ten="374,290,113,223" oya="3" hai0="98,20,103,75,17,99,44,12,70,133,128,101,4" hai1="48,27,36,14,60,102,88,119,77,56,58,67,26" hai2="120,80,0,42,114,66,74,53,61,73,127,50,16" hai3="31,15,9,132,63,25,46,90,130,43,30,107,94"/><W32/><G130/><T59/><D70/><U8/><E119/><V6/><F114/><W84/><G132/><T57/><D75/><U55/><E36/><V115/><F115/><W21/><G107/><T91/><D128/><U68/><E68/><V118/><F118/><W76/><G76/><T18/><D4/><U93/><E102/><N who="0" m="38921" /><D133/><U39/><E39/><V105/><F105/><W125/><G125/><T126/><D126/><U24/><E77/><V82/><F127/><W29/><G63/><T52/><D17/><U78/><E78/><V33/><F33/><W97/><G32/><T65/><D65/><U124/><E124/><V89/><F120/><W79/><G79/><T54/><D44/><U45/><E45/><V1/><F42/><W13/><G97/><N who="0" m="36875" /><D91/><U51/><E51/><V37/><F37/><W100/><G100/><T23/><D23/><U87/><REACH who="1" step="1"/><E27/><REACH who="1" ten="374,280,113,223" step="2"/><V106/><F106/><W112/><G112/><T40/><D59/><U109/><E109/><V22/><F6/><AGARI ba="0,1" hai="6,8,14,24,26,48,55,56,58,60,67,87,88,93" machi="6" ten="30,7700,0" yaku="1,1,7,1,8,1,54,1,53,0" doraHai="34" doraHaiUra="129" who="1" fromWho="2" sc="374,0,280,87,113,-77,223,0" owari="374,47.4,367,16.7,36,-46.4,223,-17.7" /></mjloggm>