<mjloggm ver="2.3"><GO type="225" lobby="0"/><UN n0="%6D%75%75%73%61%6E%6D%75" n1="%E6%98%93%E5%88%A9%E8%96%A9%E4%BC%AF" n2="%E4%BA%AE%E6%B5%81%E6%89%93%E8%80%85" n3="%E5%8D%A0%E3%81%84%E5%B8%AB%E8%A3%8F%E3%81%AA%E3%81%84%E3%81%97" dan="17,16,16,17" rate="2148.06,2114.43,2097.92,2232.50" sx="F,F,F,M"/><TAIKYOKU oya="0"/><INIT seed="0,0,0,1,2,36" ten="250,250,250,250" oya="0" hai0="120,47,106,74,44,64,91,77,131,30,33,17,60" hai1="128,62,124,15,132,123,72,104,10,46,11,7,40" hai2="49,63,103,101,73,29,23,102,39,37,89,88,97" hai3="110,42,38,2,127,134,27,109,25,92,111,55,105"/><T69/><D120/><U126/><E123/><V34/><F73/><W130/><G134/><T13/><D131/><U116/><E104/><V5/><F34/><W41/><G105/><T135/><D135/><U32/><E72/><V82/><F37/><W125/><G130/><T121/><D121/><U24/><E132/><V75/><F39/><W78/><G38/><T93/><D106/><U118/><E62/><V59/><F75/><W4/><G78/><T51/><D33/><U81/><E81/><V94/><F5/><W45/><G55/><T114/><D30/><N who="1" m="19527" /><E128/><V79/><F49/><W86/><G45/><T26/><D114/><U52/><E40/><N who="3" m="15466" /><G2/><T133/><D133/><U1/><E46/><V96/><F79/><W8/><G8/><T0/><D0/><U99/><E52/><N who="2" m="34279" /><F82/><W31/><G4/><T56/><D77/><U22/><E99/><N who="2" m="37963" /><F94/><W61/><G61/><T119/><D74/><U18/><E11/><V112/><F112/><W65/><G65/><T85/><D44/><U14/><E14/><V67/><F67/><W50/><G50/><T76/><D47/><U58/><E58/><V115/><F115/><W57/><G57/><T12/><D76/><U68/><E68/><V20/><F20/><N who="3" m="15783" /><G27/><AGARI ba="0,0" hai="23,27,29,88,89,101,102,103" m="37963,34279" machi="27" ten="30,3900,0" yaku="8,1,54,2" doraHai="36" who="2" fromWho="3" sc="250,0,250,0,250,39,250,-39" /><INIT seed="1,0,0,0,4,117" ten="250,250,289,211" oya="1" hai0="20,49,34,28,44,15,16,73,47,75,51,112,13" hai1="56,32,114,70,108,111,94,79,35,60,23,91,62" hai2="55,37,96,89,8,132,102,129,95,98,63,48,130" hai3="110,0,1,84,25,82,131,14,53,115,33,100,41"/><U86/><E114/><V77/><F37/><W76/><G115/><T52/><D112/><U81/><E70/><V22/><F132/><W122/><G110/><N who="1" m="42026" /><E23/><V12/><F77/><W123/><G131/><N who="2" m="50185" /><F22/><W7/><G100/><T125/><D125/><U69/><E69/><V36/><F63/><N who="1" m="24105" /><E56/><N who="2" m="32871" /><F36/><W61/><G41/><T24/><D13/><U18/><E18/><N who="2" m="8455" /><F98/><AGARI ba="0,0" hai="32,35,79,81,86,91,94,98" m="24105,42026" machi="98" ten="30,2900,0" yaku="14,1,10,1" doraHai="117" who="1" fromWho="2" sc="250,0,250,29,289,-29,211,0" /><INIT seed="1,1,0,3,4,3" ten="250,279,260,211" oya="1" hai0="84,96,33,85,24,117,43,63,40,50,6,21,109" hai1="5,125,45,67,70,103,93,106,91,128,34,135,32" hai2="72,42,83,97,48,107,57,118,68,133,22,19,14" hai3="56,132,51,114,49,129,27,44,30,120,0,86,99"/><U115/><E115/><V113/><F68/><W66/><G120/><T64/><D117/><U111/><E128/><V23/><F118/><W119/><G114/><T108/><D33/><U74/><E74/><V41/><F133/><W25/><G119/><T110/><D96/><U38/><E135/><V26/><F113/><W7/><G132/><T31/><D6/><U71/><E125/><V104/><F72/><W127/><G127/><T77/><D77/><U18/><E18/><V62/><F83/><W54/><G129/><T126/><D126/><U36/><E91/><V35/><F35/><N who="1" m="13353" /><E93/><V1/><F1/><W80/><G99/><T75/><D75/><U90/><E90/><V134/><F134/><W59/><G66/><T82/><D82/><U11/><E45/><N who="2" m="25647" /><F107/><W101/><G101/><T98/><D98/><N who="1" m="61815" /><E111/><V76/><F104/><W65/><G30/><T8/><D50/><U53/><E53/><N who="2" m="34095" /><F76/><W78/><G65/><T69/><REACH who="0" step="1"/><D8/><REACH who="0" ten="240,279,260,211" step="2"/><U81/><E81/><V73/><F73/><W58/><REACH who="3" step="1"/><G49/><REACH who="3" ten="240,279,260,201" step="2"/><T37/><D37/><U15/><E38/><V61/><F97/><W79/><G79/><T20/><D20/><U100/><E36/><V55/><F23/><W94/><G94/><T92/><D92/><U121/><E100/><V87/><F42/><AGARI ba="1,2" hai="21,24,31,40,42,43,63,64,69,84,85,108,109,110" machi="42" ten="40,2600,0" yaku="1,1,14,1,53,0" doraHai="3" doraHaiUra="10" who="0" fromWho="2" sc="240,49,279,0,260,-29,201,0" /><INIT seed="2,0,0,0,0,52" ten="289,279,231,201" oya="2" hai0="122,76,58,40,111,100,64,53,68,60,51,90,87" hai1="62,55,95,0,32,38,3,81,93,50,36,120,119" hai2="103,48,75,118,63,26,11,27,19,79,115,83,4" hai3="123,77,84,43,49,35,31,41,1,86,110,12,121"/><V23/><F115/><W104/><G1/><T33/><D122/><U88/><E32/><V73/><F118/><W128/><G110/><T18/><D111/><U9/><E119/><V59/><F103/><W47/><G104/><T14/><D33/><U15/><E62/><V112/><F112/><W85/><G128/><T5/><D100/><U24/><E24/><V78/><F48/><W20/><G35/><T125/><D125/><U92/><E0/><V99/><F99/><W44/><G77/><T66/><D76/><U135/><E3/><V127/><F127/><W17/><REACH who="3" step="1"/><G31/><REACH who="3" ten="289,279,231,191" step="2"/><T106/><D106/><U70/><E120/><V69/><F79/><W105/><G105/><T39/><D68/><U7/><E70/><V30/><F73/><W8/><G8/><T117/><D117/><U65/><E9/><V89/><F69/><W71/><G71/><T6/><D6/><U130/><E7/><V2/><F89/><W124/><G124/><T97/><D5/><U29/><E88/><V10/><F10/><W133/><G133/><T54/><D90/><U72/><E135/><V98/><F98/><W80/><G80/><T67/><D97/><U101/><E81/><V82/><F82/><W108/><G108/><T91/><D91/><U129/><E72/><V21/><F83/><W61/><G61/><T107/><D60/><U45/><E130/><V132/><F132/><W114/><G114/><T16/><D107/><U126/><E129/><V134/><F134/><W46/><G46/><T42/><D87/><U37/><E126/><V131/><F78/><W74/><G74/><RYUUKYOKU ba="0,1" sc="289,-10,279,-10,231,-10,191,30" hai3="12,17,20,41,43,44,47,49,84,85,86,121,123" /><INIT seed="3,1,1,1,2,93" ten="279,269,221,221" oya="3" hai0="28,50,35,89,85,132,105,117,60,78,31,127,72" hai1="99,134,91,81,36,10,22,82,15,7,124,123,56" hai2="65,98,92,115,104,84,80,95,111,135,37,8,25" hai3="18,112,110,58,23,41,100,55,34,48,66,19,116"/><W129/><G112/><T74/><D117/><U62/><E123/><V29/><F37/><W118/><G34/><T32/><D105/><U77/><E124/><V0/><F104/><W122/><G122/><T9/><D78/><U73/><E36/><V11/><F115/><W4/><G129/><T1/><D50/><U128/><E134/><V54/><F135/><W126/><G126/><T38/><D38/><U70/><E70/><V75/><F75/><W121/><G121/><T44/><D44/><U125/><E128/><V51/><F0/><W133/><G133/><T53/><D1/><U40/><E40/><V13/><F65/><W2/><G110/><T87/><D53/><U49/><E49/><V120/><F120/><W109/><G41/><T5/><D132/><U96/><E22/><N who="2" m="15543" /><F111/><W52/><G109/><T79/><D74/><U68/><E68/><V103/><F92/><W6/><G66/><T3/><D72/><U64/><REACH who="1" step="1"/><E125/><REACH who="1" ten="279,259,221,221" step="2"/><V119/><F119/><W63/><G2/><T97/><D3/><U26/><E26/><V43/><F43/><W61/><G23/><T107/><D127/><U21/><E21/><V131/><F131/><W59/><G48/><T101/><D35/><U39/><E39/><V86/><F8/><W76/><G76/><T106/><D79/><U108/><E108/><V94/><F11/><W12/><G12/><T46/><D32/><U88/><E88/><N who="2" m="53511" /><F13/><W67/><G100/><T69/><D101/><U14/><E14/><V90/><F51/><W47/><G47/><T33/><D46/><U27/><E27/><V130/><F130/><RYUUKYOKU ba="1,2" sc="279,-30,259,10,221,10,221,10" hai1="7,10,15,56,62,64,73,77,81,82,91,96,99" hai2="54,80,86,90,95,98,103" hai3="4,6,18,19,52,55,58,59,61,63,67,116,118" /><INIT seed="3,2,2,0,2,97" ten="249,269,231,231" oya="3" hai0="36,84,114,60,54,10,69,39,66,11,20,49,118" hai1="104,79,130,95,21,72,14,64,76,133,119,58,4" hai2="35,89,19,34,67,127,128,98,44,117,57,107,94" hai3="1,46,29,125,42,124,23,12,111,121,9,47,59"/><W106/><G121/><T37/><D118/><U78/><E104/><V103/><F117/><W80/><G1/><T126/><D126/><N who="3" m="48745" /><G106/><T68/><D114/><U31/><E72/><V16/><F127/><W0/><G111/><T32/><D32/><U7/><E130/><V52/><F128/><W18/><G59/><T63/><D20/><U38/><E38/><V92/><F107/><W3/><G47/><T65/><D84/><U132/><E119/><V41/><F67/><W108/><G108/><T73/><D73/><U87/><E58/><AGARI ba="2,2" hai="10,11,36,37,39,49,54,58,60,63,65,66,68,69" machi="58" ten="40,1300,0" yaku="9,1" doraHai="97" who="0" fromWho="1" sc="249,39,269,-19,231,0,231,0" /><INIT seed="4,0,0,5,5,46" ten="288,250,231,231" oya="0" hai0="40,104,49,2,39,74,125,14,76,64,35,73,23" hai1="93,43,100,109,32,91,57,92,28,88,63,65,51" hai2="27,87,44,75,56,101,66,53,123,12,102,21,121" hai3="77,133,132,90,13,112,99,103,131,7,120,80,106"/><T33/><D2/><U52/><E109/><V10/><F75/><N who="3" m="43071" /><G112/><T31/><D39/><U113/><E113/><V29/><F66/><W3/><G13/><T124/><D104/><U94/><E43/><V0/><F0/><W67/><G67/><T117/><D64/><U37/><E37/><V111/><F111/><W58/><G58/><T34/><D117/><U110/><E110/><V30/><F30/><W69/><G69/><T55/><D40/><U85/><E100/><V89/><F121/><W15/><G15/><T96/><D96/><N who="1" m="57351" /><E32/><V25/><F25/><W24/><G24/><N who="0" m="16799" /><D76/><U5/><E28/><V86/><F44/><W9/><G131/><T16/><D34/><U19/><E94/><N who="2" m="54583" /><F87/><W26/><G90/><T60/><D33/><U8/><E5/><N who="2" m="3151" /><F123/><W128/><G128/><T105/><D35/><U114/><E114/><V97/><F97/><W48/><G26/><T18/><D105/><U36/><E36/><V61/><AGARI ba="0,0" hai="21,27,29,53,56,61,101,102" m="3151,54583" machi="61" ten="30,1100,0" yaku="8,1" doraHai="46" who="2" fromWho="2" sc="288,-5,250,-3,231,11,231,-3" /><INIT seed="5,0,0,2,4,60" ten="283,247,242,228" oya="1" hai0="38,116,52,11,130,41,34,63,8,62,113,83,76" hai1="82,88,13,51,18,124,24,59,4,65,68,122,127" hai2="115,134,103,0,132,10,123,74,114,101,37,19,61" hai3="58,107,3,109,119,89,84,44,129,95,117,16,91"/><U67/><E122/><V106/><F37/><W105/><G109/><T135/><D116/><N who="3" m="44617" /><G3/><T33/><D113/><N who="2" m="43018" /><F74/><W9/><G44/><T15/><D130/><U2/><E68/><V81/><F81/><N who="3" m="49295" /><G58/><T36/><D135/><N who="2" m="51754" /><F106/><N who="3" m="40459" /><G9/><T69/><D8/><N who="1" m="4231" /><E2/><V29/><F29/><W22/><G22/><T111/><D111/><U87/><E127/><V53/><F123/><W126/><G16/><T108/><D108/><U54/><E124/><V12/><F0/><W30/><G30/><T55/><D34/><U97/><E97/><V118/><F118/><W71/><G71/><T42/><D33/><U50/><E50/><V104/><F104/><W73/><G126/><T121/><D38/><U80/><E80/><V26/><F26/><W5/><G5/><T31/><D83/><U1/><E1/><V40/><F40/><W14/><G14/><T43/><D15/><U110/><E110/><V7/><F7/><W70/><G70/><T75/><D36/><U125/><E125/><V45/><F45/><W23/><G129/><T66/><D69/><U25/><E25/><V86/><F86/><N who="3" m="52727" /><G73/><T48/><D75/><U21/><AGARI ba="0,0" hai="18,21,24,51,54,59,65,67,82,87,88" m="4231" machi="21" ten="30,11700,0" yaku="8,1,52,2,54,1" doraHai="60" who="1" fromWho="1" sc="283,-39,247,117,242,-39,228,-39" owari="244,4.4,364,46.4,203,-19.7,189,-31.1" /></mjloggm>