<mjloggm ver="2.3"><GO type="225" lobby="0"/><UN n0="%E3%81%A1%E3%82%85%E3%81%86%E3%81%A9%E3%81%8F%E8%B1%A1%E3%81%95%E3%82%93" n1="%E3%81%AF%E3%82%88%E3%81%8A%E3%81%98%E3%81%95%E3%82%93" n2="%E6%80%AA%E3%81%97%E3%81%99%E3%81%8E%E3%82%8B%E3%83%81%E3%83%BC" n3="%6D%75%75%6D%75%72%61" dan="16,16,16,16" rate="2076.88,2187.76,2145.12,2162.94" sx="M,M,M,F"/><TAIKYOKU oya="0"/><INIT seed="0,0,0,4,2,14" ten="250,250,250,250" oya="0" hai0="23,93,128,107,65,17,89,5,73,98,92,71,105" hai1="97,70,119,49,24,111,112,64,11,94,19,76,38" hai2="12,130,113,10,77,75,25,101,81,58,78,28,99" hai3="45,3,32,104,91,134,51,66,114,90,27,30,124"/><T135/><D135/><U48/><E38/><V100/><F113/><W33/><G134/><T44/><D128/><U122/><E119/><V125/><F130/><W86/><G114/><T1/><D73/><U21/><E122/><V127/><F77/><W46/><G124/><N who="2" m="47689" /><F58/><W96/><G3/><T72/><D72/><U9/><E112/><V106/><F100/><W69/><G33/><T108/><D108/><U41/><E111/><V6/><F25/><W56/><G56/><T132/><D132/><U29/><E76/><V87/><F28/><W85/><G51/><T57/><D71/><U79/><E79/><V50/><F50/><W131/><G131/><T42/><D92/><U67/><E70/><V123/><F75/><W103/><G86/><T61/><D1/><U8/><E29/><V63/><F63/><N who="3" m="40159" /><G91/><T16/><D5/><U54/><E41/><V60/><F60/><W115/><G115/><T55/><D65/><N who="1" m="25163" /><E54/><V35/><F35/><W7/><G7/><T53/><D53/><U117/><E117/><V116/><F123/><W84/><G84/><T40/><D40/><U52/><E52/><V88/><F116/><W59/><G59/><T102/><D23/><U74/><E74/><V36/><F78/><W0/><G0/><T126/><D126/><U22/><E21/><V82/><F36/><W129/><G129/><T26/><D107/><U95/><E95/><AGARI ba="0,0" hai="6,10,12,81,82,87,88,95,99,101,106" m="47689" machi="95" ten="30,2000,0" yaku="18,1,54,1" doraHai="14" who="2" fromWho="1" sc="250,0,250,-20,250,20,250,0" /><AGARI ba="0,0" hai="27,30,32,45,46,85,90,95,96,103,104" m="40159" machi="95" ten="30,1000,0" yaku="25,1" doraHai="14" who="3" fromWho="1" sc="250,0,230,-10,270,0,250,10" /><INIT seed="1,0,0,4,5,23" ten="250,220,270,260" oya="1" hai0="38,33,125,84,32,18,71,94,130,34,40,70,39" hai1="96,7,91,49,63,135,17,119,37,105,72,73,44" hai2="126,79,22,59,124,26,64,86,20,113,60,98,108" hai3="100,48,8,107,92,62,42,16,111,61,50,1,78"/><U54/><E119/><V52/><F108/><W66/><G107/><T19/><D125/><N who="2" m="48234" /><F113/><W15/><G111/><T129/><D84/><U81/><E135/><V51/><F98/><N who="3" m="59463" /><G1/><T27/><D94/><U121/><E121/><V55/><F22/><W118/><G118/><T99/><D99/><U133/><E133/><V109/><F109/><W68/><G68/><N who="0" m="26155" /><D40/><U65/><E37/><N who="0" m="13833" /><D27/><U41/><E41/><V14/><F14/><W89/><G78/><T36/><N who="0" m="13841" /><T128/><AGARI ba="0,0" hai="18,19,32,33,34,128,129,130" m="13841,26155" machi="128" ten="60,8000,1" yaku="4,1,28,2,19,1" doraHai="23" who="0" fromWho="0" sc="250,80,220,-40,270,-20,260,-20" /><INIT seed="2,0,0,0,2,114" ten="330,180,250,240" oya="2" hai0="78,99,128,103,100,12,51,64,37,43,3,123,9" hai1="39,16,92,108,60,88,82,70,26,117,107,57,49" hai2="122,85,14,116,90,101,27,23,36,56,11,129,22" hai3="91,54,28,62,58,87,1,65,59,67,76,29,131"/><V96/><F116/><W105/><G1/><T6/><D123/><U17/><E107/><V20/><F122/><W77/><G105/><T104/><D100/><U71/><E39/><V53/><F36/><W124/><G131/><T80/><D128/><U31/><E108/><V94/><F129/><W41/><G41/><T81/><D64/><N who="3" m="24649" /><G58/><T134/><D134/><U35/><E117/><V66/><F66/><W98/><G98/><T30/><D30/><N who="3" m="11881" /><G124/><T63/><D63/><U21/><E60/><V111/><F111/><W125/><G125/><T10/><D37/><U121/><E82/><AGARI ba="0,0" hai="54,59,62,76,77,82,87,91" m="11881,24649" machi="82" ten="30,1000,0" yaku="8,1" doraHai="114" who="3" fromWho="1" sc="330,0,180,-10,250,0,240,10" /><INIT seed="3,0,0,3,0,17" ten="330,170,250,250" oya="3" hai0="123,99,1,48,71,58,125,7,61,0,5,42,64" hai1="38,92,12,62,131,52,43,36,10,54,6,70,82" hai2="44,120,59,28,75,33,94,96,85,20,108,126,67" hai3="84,18,16,4,3,34,24,129,132,25,39,105,133"/><W56/><G105/><T26/><D123/><U55/><E131/><V106/><F75/><W46/><G39/><T27/><D125/><U135/><E135/><N who="3" m="51786" /><G46/><T116/><D116/><U98/><E43/><V103/><F33/><W115/><G56/><T121/><D121/><U37/><E82/><V13/><F108/><W47/><G47/><T83/><D99/><U53/><N who="1" m="13312" /><DORA hai="104" /><U35/><E35/><V65/><F44/><W100/><G100/><T22/><D26/><N who="3" m="10345" /><G84/><T130/><D83/><U30/><E30/><V69/><F28/><W29/><G129/><T127/><D127/><U9/><E9/><V68/><F59/><W107/><G107/><T134/><D134/><U14/><E70/><V15/><F126/><W89/><G89/><T117/><D71/><U81/><E81/><V31/><F31/><W122/><G122/><T21/><D130/><U119/><E119/><V72/><F72/><W79/><G79/><T57/><D57/><U78/><E78/><V114/><F68/><W19/><G115/><T88/><D117/><U76/><E76/><V101/><F114/><W124/><G124/><T60/><D58/><U77/><E77/><V51/><F69/><W49/><G49/><T86/><D48/><U63/><REACH who="1" step="1"/><E12/><REACH who="1" ten="330,160,250,250" step="2"/><V93/><F15/><W87/><G29/><T23/><D42/><U112/><E112/><V91/><F13/><W111/><G34/><T97/><D0/><U128/><E128/><V73/><F120/><W32/><G32/><T80/><D1/><U8/><E8/><V41/><F41/><W40/><G3/><T50/><D80/><RYUUKYOKU ba="0,1" sc="330,-10,160,30,250,-10,250,-10" hai1="6,10,14,36,37,38,62,63,92,98" owari="330,43.0,190,-31.0,240,4.0,240,-16.0" /></mjloggm>