<mjloggm ver="2.3"><GO type="225" lobby="0"/><UN n0="%E9%80%9F%E6%B0%B4%E5%87%9B%E9%A6%99" n1="%E9%B3%B3%E6%9D%B1%E3%81%AE%E3%81%86%E3%81%95%E3%81%8E%E3%81%95%E3%82%93" n2="%33%74%72%65%65" n3="%E6%9C%AA%E6%9D%A5%E5%B0%91%E5%B9%B4" dan="17,16,17,16" rate="2192.81,2125.13,2231.82,2153.15" sx="F,M,F,M"/><TAIKYOKU oya="0"/><INIT seed="0,0,0,0,0,116" ten="250,250,250,250" oya="0" hai0="125,117,8,120,70,65,131,78,25,38,74,29,135" hai1="57,100,80,76,112,130,86,46,19,16,69,68,4" hai2="0,56,89,44,105,123,60,26,106,114,88,83,92" hai3="77,85,21,66,42,64,132,53,103,110,17,58,62"/><T15/><D117/><U126/><E130/><V10/><F114/><W109/><G132/><T99/><D38/><U52/><E126/><V115/><F115/><W11/><G42/><T82/><D125/><U127/><E127/><V87/><F123/><W124/><G124/><T108/><D131/><U63/><E112/><V2/><F26/><W43/><G43/><T107/><D135/><U31/><E31/><V20/><F20/><W55/><G103/><T22/><D108/><N who="3" m="41577" /><G11/><T32/><D22/><U28/><E28/><V23/><F23/><W113/><G113/><T39/><D39/><U95/><E4/><V72/><F44/><W12/><G55/><T118/><D118/><U47/><E69/><V37/><F37/><W51/><G62/><N who="0" m="40247" /><D15/><U18/><E68/><V104/><F10/><W84/><G77/><T30/><D8/><U61/><E61/><V121/><F121/><W96/><G96/><AGARI ba="0,0" hai="16,18,19,46,47,52,57,63,76,80,86,95,96,100" machi="96" ten="40,5200,0" yaku="8,1,54,2" doraHai="116" who="1" fromWho="3" sc="250,0,250,52,250,0,250,-52" /><INIT seed="1,0,0,4,0,1" ten="250,302,250,198" oya="1" hai0="94,2,36,121,56,24,47,109,49,91,120,108,76" hai1="130,134,127,129,43,40,84,128,80,102,42,69,58" hai2="77,20,133,23,57,132,81,8,64,125,29,90,116" hai3="39,48,114,26,53,87,72,3,101,5,15,104,17"/><U10/><E69/><V83/><F116/><W124/><G114/><T61/><D2/><U123/><E123/><N who="0" m="47177" /><D76/><U111/><E102/><V66/><F125/><W33/><G72/><T78/><D78/><U75/><E75/><V126/><F126/><W62/><G39/><T0/><D0/><U115/><E115/><V79/><F90/><W59/><G124/><T38/><D24/><U34/><E127/><V98/><F98/><W95/><G104/><T74/><D94/><U135/><E34/><V25/><F8/><N who="3" m="4495" /><G3/><T6/><D6/><U118/><E118/><V12/><F12/><W51/><G33/><T100/><D91/><N who="1" m="51591" /><E111/><N who="0" m="42569" /><D100/><U113/><E113/><V106/><F106/><W27/><G87/><T65/><D74/><U31/><E31/><V103/><F103/><W96/><G17/><T4/><D4/><U68/><E68/><V30/><F25/><AGARI ba="0,0" hai="25,26,27,48,51,53,59,62,95,96,101" m="4495" machi="25" ten="30,2000,0" yaku="8,1,52,1" doraHai="1" who="3" fromWho="2" sc="250,0,302,0,250,-20,198,20" /><INIT seed="2,0,0,5,4,32" ten="250,302,230,218" oya="2" hai0="125,44,101,22,117,93,74,113,134,43,89,63,58" hai1="102,38,27,46,60,128,95,17,14,81,41,73,24" hai2="118,35,97,18,110,15,11,6,56,66,131,10,112" hai3="0,31,132,29,90,7,135,103,87,85,48,83,62"/><V120/><F112/><W26/><G103/><T78/><D113/><U111/><E111/><V76/><F118/><W106/><G106/><T114/><D114/><U124/><E128/><V5/><F120/><W39/><G39/><T84/><D134/><N who="3" m="51241" /><G62/><T123/><D123/><U121/><E121/><V105/><F131/><W104/><G104/><T70/><D70/><U100/><E124/><V82/><F110/><W34/><G31/><T94/><D125/><U61/><E61/><V86/><F35/><W2/><G7/><T28/><D117/><U23/><E60/><V65/><F56/><W107/><G107/><T116/><D116/><U68/><E68/><V33/><F33/><W129/><G129/><T30/><D58/><U21/><E95/><V91/><F5/><W59/><G87/><T64/><D63/><U47/><E47/><V55/><F55/><AGARI ba="0,0" hai="0,2,26,29,34,48,55,59,83,85,90" m="51241" machi="55" ten="30,3900,0" yaku="20,1,52,2" doraHai="32" who="3" fromWho="2" sc="250,0,302,0,230,-39,218,39" /><INIT seed="3,0,0,4,4,45" ten="250,302,191,257" oya="3" hai0="90,22,33,67,40,111,8,25,7,81,99,6,15" hai1="52,88,78,109,36,72,70,69,71,129,80,107,104" hai2="84,117,39,34,87,54,65,2,13,120,12,66,10" hai3="23,26,0,116,19,82,79,122,118,85,121,63,135"/><W110/><G0/><T95/><D33/><U3/><E36/><V83/><F117/><W28/><G135/><T21/><D111/><U112/><E112/><V124/><F124/><W101/><G110/><T97/><D67/><U115/><E115/><V30/><F39/><W9/><G101/><T91/><D40/><U130/><E3/><V46/><F120/><W27/><G63/><T126/><D126/><U92/><E52/><V32/><F2/><W119/><REACH who="3" step="1"/><G9/><REACH who="3" ten="250,302,191,247" step="2"/><T105/><D8/><U89/><E109/><V123/><F123/><W35/><AGARI ba="0,1" hai="19,23,26,27,28,35,79,82,85,116,118,119,121,122" machi="35" ten="30,11700,0" yaku="1,1,2,1,0,1,53,1" doraHai="45" doraHaiUra="18" who="3" fromWho="3" sc="250,-39,302,-39,191,-39,247,127" owari="211,-18.9,263,6.3,152,-34.8,374,47.4" /></mjloggm>