<mjloggm ver="2.3"><GO type="225" lobby="0"/><UN n0="%E6%A1%9C%E8%8A%B1%E9%96%83%E3%80%85" n1="%E5%AF%82%E5%AF%9E%E3%82%AE%E3%83%8D%E3%82%B9%E3%83%93%E3%83%BC%E3%83%AB" n2="%E9%A2%A8%E3%81%A7%E9%B3%B4%E3%81%8F" n3="%E3%81%A6%E3%81%A4%EF%BC%A3" dan="18,16,16,16" rate="2282.25,2153.50,2125.35,2081.68" sx="M,M,M,M"/><TAIKYOKU oya="0"/><INIT seed="0,0,0,1,1,94" ten="250,250,250,250" oya="0" hai0="75,28,114,98,100,60,15,53,102,80,2,97,85" hai1="50,110,115,55,58,6,63,26,23,122,131,134,123" hai2="105,59,128,66,109,81,99,5,34,1,103,9,72" hai3="82,31,65,10,54,93,92,25,42,24,78,124,118"/><T129/><D114/><U37/><E115/><V106/><F106/><W104/><G104/><T48/><D2/><U74/><E110/><V44/><F109/><W127/><G118/><T36/><D36/><U38/><E74/><V35/><F128/><W117/><G117/><T29/><D75/><U70/><E131/><V130/><F130/><W89/><G65/><T40/><D60/><U46/><E6/><V88/><F44/><W4/><G42/><T135/><D135/><U21/><E21/><V133/><F133/><W95/><G54/><T76/><D15/><U19/><E134/><V47/><F47/><W8/><G89/><T113/><D40/><N who="1" m="22799" /><E38/><V64/><F64/><AGARI ba="0,0" hai="19,23,26,50,55,58,63,64,70,122,123" m="22799" machi="64" ten="30,1000,0" yaku="24,1" doraHai="94" who="1" fromWho="2" sc="250,0,250,10,250,-10,250,0" /><INIT seed="1,0,0,2,3,107" ten="250,260,240,250" oya="1" hai0="101,116,27,20,4,104,66,33,135,72,131,16,46" hai1="17,105,74,23,128,5,129,43,100,119,37,54,118" hai2="18,10,120,57,47,121,103,40,80,114,32,84,76" hai3="61,52,91,71,0,7,36,127,28,59,83,109,132"/><U90/><E5/><V96/><F32/><W9/><G127/><T14/><D116/><U39/><E90/><V88/><F114/><W99/><G132/><T68/><D135/><U50/><E100/><V124/><F124/><W97/><G109/><T81/><D131/><N who="1" m="50251" /><E105/><V45/><F45/><W29/><G36/><N who="1" m="13898" /><E43/><V48/><F57/><W73/><G71/><T24/><D4/><U13/><E74/><V19/><F76/><W82/><G73/><T113/><D113/><U93/><E93/><V22/><F10/><W6/><G6/><T15/><D46/><AGARI ba="0,0" hai="13,17,23,46,50,54,118,119" m="13898,50251" machi="46" ten="30,1500,0" yaku="19,1" doraHai="107" who="1" fromWho="0" sc="250,-15,260,15,240,0,250,0" /><INIT seed="1,1,0,1,2,38" ten="235,275,240,250" oya="1" hai0="22,100,26,43,97,93,69,25,1,85,35,132,57" hai1="59,80,74,122,72,79,7,82,99,107,56,88,110" hai2="120,121,133,45,20,34,58,108,30,4,83,44,9" hai3="54,95,10,109,42,48,13,51,63,50,118,131,29"/><U123/><E7/><V39/><F20/><W12/><G109/><T96/><D69/><U134/><E110/><V6/><F108/><W127/><G127/><T129/><D1/><U70/><E70/><V32/><F83/><W8/><G131/><T23/><D129/><U36/><E36/><V105/><F39/><W78/><G78/><T102/><D132/><U64/><E134/><V94/><F94/><W126/><G126/><T84/><D35/><U18/><E18/><V16/><F58/><N who="3" m="35287" /><G118/><T62/><D43/><U0/><E0/><V31/><F133/><W106/><G29/><N who="2" m="10761" /><F16/><N who="3" m="8199" /><G106/><T77/><D77/><U40/><E79/><V37/><F105/><W19/><G95/><N who="0" m="58399" /><D23/><U92/><E107/><V55/><F9/><W47/><AGARI ba="1,0" hai="10,13,19,42,47,48,50,51" m="8199,35287" machi="47" ten="30,4000,0" yaku="8,1,52,1,54,1" doraHai="38" who="3" fromWho="3" sc="235,-11,275,-21,240,-11,250,43" /><INIT seed="2,0,0,5,1,66" ten="224,254,229,293" oya="2" hai0="105,65,54,110,77,11,69,115,96,82,75,81,118" hai1="21,19,17,56,40,87,52,63,76,64,29,134,38" hai2="123,32,39,114,127,28,108,99,104,1,121,84,111" hai3="61,72,9,30,70,16,132,78,126,83,135,88,59"/><V68/><RYUUKYOKU type="yao9" ba="0,0" sc="224,0,254,0,229,0,293,0" hai2="1,28,32,39,68,84,99,104,108,111,114,121,123,127" /><INIT seed="2,1,0,4,2,36" ten="224,254,229,293" oya="2" hai0="56,135,28,113,88,5,90,124,122,50,92,58,53" hai1="8,13,40,116,76,39,27,33,46,112,47,20,31" hai2="104,37,52,55,61,85,123,111,93,66,30,73,51" hai3="75,120,22,19,77,63,41,129,70,35,72,86,42"/><V132/><F104/><W83/><G120/><T133/><D122/><U95/><E112/><V125/><F73/><W97/><G35/><T102/><D113/><U110/><E110/><V3/><F3/><W98/><G129/><T114/><D114/><U6/><E116/><V100/><F123/><W91/><G72/><T15/><D124/><U82/><E95/><V38/><F125/><W67/><G98/><N who="0" m="59719" /><D28/><U21/><REACH who="1" step="1"/><E47/><REACH who="1" ten="224,244,229,293" step="2"/><V57/><F93/><W107/><G107/><T130/><D130/><U16/><E16/><V115/><F111/><W81/><G97/><T87/><D135/><U108/><E108/><V4/><F115/><W118/><G118/><T119/><D133/><U101/><E101/><V105/><F132/><W25/><AGARI ba="1,1" hai="19,22,25,41,42,63,67,70,75,77,81,83,86,91" machi="25" ten="20,5200,0" yaku="0,1,7,1,52,2" doraHai="36" who="3" fromWho="3" sc="224,-14,244,-14,229,-27,293,65" /><INIT seed="3,0,0,1,1,46" ten="210,230,202,358" oya="3" hai0="36,76,39,98,0,47,66,78,54,41,4,94,44" hai1="89,79,80,106,51,62,101,125,97,119,73,12,16" hai2="124,18,71,13,117,26,86,3,20,99,32,74,75" hai3="91,38,93,40,92,134,90,116,43,135,53,56,82"/><W64/><G116/><T126/><D66/><U104/><E119/><V127/><F71/><W70/><G70/><T50/><D39/><U87/><E125/><N who="2" m="48203" /><F117/><W110/><G64/><T52/><D126/><U61/><E106/><V58/><F3/><W88/><G110/><T48/><D0/><U100/><E100/><V114/><F114/><W103/><G82/><T95/><D4/><U42/><E42/><N who="3" m="15914" /><G38/><T27/><D27/><U15/><E51/><V49/><F99/><N who="3" m="59879" /><G135/><T133/><D133/><U60/><REACH who="1" step="1"/><E16/><REACH who="1" ten="210,220,202,358" step="2"/><N who="2" m="12551" /><F32/><W45/><G134/><T34/><D36/><U120/><E120/><V115/><F115/><W107/><G107/><T1/><D41/><U96/><E96/><V131/><F86/><N who="3" m="52375" /><G45/><T8/><D98/><U84/><E84/><V128/><F49/><AGARI ba="0,1" hai="49,53,56,90,91" m="52375,59879,15914" machi="49" ten="30,5800,0" yaku="8,1,52,1,54,1" doraHai="46" who="3" fromWho="2" sc="210,0,220,0,202,-58,358,68" owari="210,-19.0,220,2.0,144,-35.6,426,52.6" /></mjloggm>