<mjloggm ver="2.3"><GO type="225" lobby="0"/><UN n0="%E3%81%B5%E3%81%98%E3%81%8B%E3%81%A4" n1="%E5%A4%9C%E5%85%89%E5%A4%A9%E6%A5%BC" n2="%E6%A1%9C%E8%8A%B1%E9%96%83%E3%80%85" n3="%E3%82%BC%E3%83%AB%E3%83%80%E3%81%AE%E4%BC%9D%E8%AA%AC" dan="17,16,16,17" rate="2213.45,2143.77,2190.12,2214.57" sx="M,F,M,M"/><TAIKYOKU oya="0"/><INIT seed="0,0,0,4,1,58" ten="250,250,250,250" oya="0" hai0="108,51,76,111,8,43,88,125,2,84,95,132,53" hai1="92,4,127,62,14,89,28,87,110,45,81,41,120" hai2="129,15,119,23,20,35,116,57,134,40,93,83,74" hai3="27,52,36,67,64,33,44,56,71,109,101,128,34"/><T99/><D43/><U130/><E120/><V61/><F35/><W37/><G101/><T112/><D112/><U78/><E110/><N who="0" m="42025" /><D125/><U31/><E127/><V69/><F69/><W103/><G109/><T63/><D132/><U30/><E130/><V39/><F134/><W42/><G128/><T131/><D131/><U65/><E14/><V32/><F32/><W0/><G0/><T10/><D63/><U121/><E4/><V48/><F39/><W12/><G36/><T46/><D2/><U73/><E121/><V25/><F15/><W85/><G103/><N who="0" m="60927" /><D76/><U5/><E5/><V59/><F129/><W115/><G115/><T80/><AGARI ba="0,0" hai="8,10,46,51,53,80,84,88" m="60927,42025" machi="80" ten="30,6000,0" yaku="14,1,10,1,54,1" doraHai="58" who="0" fromWho="0" sc="250,60,250,-20,250,-20,250,-20" /><INIT seed="0,1,0,1,0,99" ten="310,230,230,230" oya="0" hai0="83,80,24,54,21,68,110,86,34,46,116,132,93" hai1="119,59,133,76,43,127,56,75,50,6,87,134,123" hai2="117,22,38,85,135,98,120,108,53,125,74,130,55" hai3="101,128,61,30,23,16,81,82,39,0,64,66,9"/><T92/><D116/><U35/><E119/><V126/><F117/><W114/><G114/><T36/><D68/><U129/><E123/><V71/><F120/><W32/><G39/><T15/><D34/><U2/><E35/><V44/><F74/><W60/><G128/><T103/><D132/><N who="1" m="50795" /><E75/><V77/><F135/><W45/><G45/><T122/><D122/><U72/><E72/><V8/><F71/><W73/><G73/><T52/><D36/><U58/><E127/><V29/><F130/><W28/><G32/><T91/><D15/><U69/><E69/><V20/><F108/><W94/><G0/><T11/><D11/><N who="1" m="2519" /><E129/><V25/><F8/><W96/><G9/><T124/><D124/><N who="2" m="47722" /><F98/><W62/><G64/><T121/><D110/><U100/><E100/><V109/><F22/><W105/><G66/><T89/><D103/><U40/><E50/><V112/><F112/><W104/><G104/><T84/><D121/><U70/><E70/><V67/><F67/><W47/><G105/><T51/><D54/><U5/><E5/><V33/><F33/><W49/><G30/><AGARI ba="1,0" hai="21,24,30,46,51,52,80,83,84,86,89,91,92,93" machi="30" ten="30,11600,0" yaku="7,1,9,1,8,1,54,1" doraHai="99" who="0" fromWho="3" sc="310,119,230,0,230,0,230,-119" /><INIT seed="0,2,0,2,0,101" ten="429,230,230,111" oya="0" hai0="131,104,91,98,62,122,72,54,48,24,3,58,134" hai1="26,112,135,4,133,56,71,69,80,51,95,20,43" hai2="126,81,111,12,30,18,100,27,46,106,124,55,76" hai3="37,103,42,36,123,14,108,21,5,31,38,50,87"/><T32/><D122/><U110/><E110/><V53/><F111/><W93/><G108/><T107/><D3/><U119/><E119/><V13/><F13/><W15/><G123/><T34/><D72/><U78/><E95/><V89/><F89/><W70/><G70/><T128/><D134/><N who="1" m="51211" /><E4/><V68/><F68/><W109/><G109/><T102/><D91/><U84/><E112/><V99/><F46/><W132/><G132/><T75/><D75/><U10/><E10/><V0/><F0/><W114/><G114/><T44/><D24/><U49/><E49/><V47/><F47/><W28/><G42/><T85/><D85/><U90/><E78/><V120/><F120/><W57/><G5/><T33/><REACH who="0" step="1"/><D107/><REACH who="0" ten="419,230,230,111" step="2"/><U127/><E84/><V74/><F126/><W16/><G87/><T129/><D129/><U66/><E90/><V19/><F124/><W7/><G15/><T45/><D45/><N who="1" m="26047" /><E127/><V130/><F130/><W8/><G14/><T125/><D125/><U96/><E26/><V94/><F106/><W115/><G115/><T61/><D61/><U1/><E1/><V82/><F12/><W41/><G7/><T67/><AGARI ba="2,1" hai="32,33,34,44,48,54,58,62,67,98,102,104,128,131" machi="67" ten="40,7800,0" yaku="1,1,0,1,52,1,53,0" doraHai="101" doraHaiUra="113" who="0" fromWho="0" sc="419,94,230,-28,230,-28,111,-28" /><INIT seed="0,3,0,2,0,55" ten="513,202,202,83" oya="0" hai0="63,117,68,86,88,50,73,3,100,76,78,96,37" hai1="109,52,83,121,90,26,59,85,64,113,89,99,14" hai2="115,112,41,127,30,101,97,134,7,19,123,65,28" hai3="124,58,32,111,125,103,49,27,104,54,75,46,128"/><T1/><D117/><U131/><E121/><V12/><F123/><W77/><G111/><T6/><D37/><U20/><E109/><V84/><F127/><N who="3" m="48715" /><G128/><T114/><D50/><N who="1" m="31127" /><E131/><V130/><F130/><W110/><G110/><T11/><D114/><U135/><E135/><V67/><F7/><W118/><G118/><T66/><D73/><U107/><E107/><V23/><F41/><W16/><G32/><T71/><D71/><U31/><E113/><V51/><F134/><W13/><G27/><T94/><REACH who="0" step="1"/><D3/><REACH who="0" ten="503,202,202,83" step="2"/><U18/><E31/><V81/><F51/><W98/><G75/><T21/><D21/><U79/><E20/><V80/><F115/><W95/><G77/><T43/><D43/><U45/><E79/><V133/><F112/><W61/><G104/><AGARI ba="3,1" hai="1,6,11,63,66,68,76,78,86,88,94,96,100,104" machi="104" ten="30,11600,0" yaku="1,1,7,1,54,1,53,1" doraHai="55" doraHaiUra="57" who="0" fromWho="3" sc="503,135,202,0,202,0,83,-125" owari="638,73.8,202,0.2,202,-19.8,-42,-54.2" /></mjloggm>