<mjloggm ver="2.3"><GO type="225" lobby="0"/><UN n0="%E3%82%82%E3%82%93%E3%81%8D%E3%82%93%E3%81%90" n1="%E6%B8%A9%E2%98%85%E6%83%85%E2%98%85%E6%8E%AA%E2%98%85%E7%BD%AE" n2="%E5%8D%A0%E3%81%84%E5%B8%AB%E8%A3%8F%E3%81%AA%E3%81%84%E3%81%97" n3="%E3%81%B5%E3%81%98%E3%81%8B%E3%81%A4" dan="16,17,16,16" rate="2057.80,2214.29,2145.53,2082.29" sx="M,M,M,M"/><TAIKYOKU oya="0"/><INIT seed="0,0,0,3,2,40" ten="250,250,250,250" oya="0" hai0="53,94,74,57,67,21,100,127,105,11,96,70,38" hai1="32,25,68,124,93,97,115,119,118,108,2,7,13" hai2="66,112,49,76,130,80,69,133,86,58,109,48,60" hai3="28,134,3,102,65,8,84,77,35,33,50,42,95"/><T37/><D74/><U5/><E68/><V51/><F112/><W87/><G134/><T23/><D127/><U61/><E124/><V122/><F122/><W31/><G65/><T99/><D70/><U128/><E115/><V120/><F120/><W47/><G35/><T132/><D67/><U85/><E2/><V62/><F133/><W26/><G31/><T55/><D132/><U92/><E108/><V135/><F135/><W46/><G77/><T98/><D98/><U39/><E39/><V44/><F130/><W18/><G102/><T4/><D37/><U111/><E111/><V73/><F109/><W129/><G129/><T9/><D38/><U29/><E128/><V15/><F15/><W45/><G95/><T126/><D9/><U113/><E113/><V30/><F30/><W117/><G117/><T6/><D6/><U54/><E85/><N who="3" m="32842" /><G33/><T79/><D79/><U116/><E13/><V101/><F101/><W78/><G3/><T1/><D126/><U27/><E27/><V131/><F73/><W88/><G78/><T36/><D36/><U43/><E93/><V71/><F131/><W114/><G114/><T75/><D75/><U34/><E34/><V81/><F81/><W0/><G0/><T107/><D107/><U123/><E123/><V12/><F12/><N who="3" m="7431" /><G88/><T91/><REACH who="0" step="1"/><D55/><REACH who="0" ten="240,250,250,250" step="2"/><U24/><E118/><V125/><F125/><W121/><G121/><T64/><D64/><U59/><E119/><V63/><F69/><W10/><G10/><T56/><D56/><U52/><E116/><V83/><F71/><W82/><G82/><N who="2" m="31273" /><F44/><W103/><G103/><RYUUKYOKU ba="0,1" sc="240,10,250,-30,250,10,250,10" hai0="1,4,11,21,23,53,57,91,94,96,99,100,105" hai2="48,49,51,58,60,62,63,66,76,86" hai3="26,28,42,45,46,47,50" /><INIT seed="0,1,1,3,2,95" ten="250,220,260,260" oya="0" hai0="25,120,14,0,43,5,96,31,47,116,36,50,66" hai1="58,89,123,1,124,49,22,72,118,12,100,15,67" hai2="133,38,2,44,94,3,57,82,85,84,126,112,108" hai3="60,23,135,78,64,93,32,62,56,69,92,98,122"/><T37/><D120/><U86/><E72/><V4/><F112/><W77/><G122/><T46/><D116/><U103/><E1/><V80/><F108/><W129/><G32/><T48/><D0/><U73/><E73/><V16/><F133/><W19/><G135/><T20/><D66/><U13/><E123/><V110/><F110/><W127/><G93/><T45/><D45/><U106/><E118/><V10/><F2/><W61/><G127/><T42/><D96/><U102/><E124/><V113/><F113/><W111/><G111/><T70/><D70/><U29/><E106/><V79/><F126/><W34/><G34/><T6/><REACH who="0" step="1"/><D14/><REACH who="0" ten="240,220,260,260" step="2"/><U107/><E107/><V134/><F3/><W63/><G69/><T26/><D26/><N who="1" m="16599" /><E67/><V88/><F134/><W87/><G129/><T51/><AGARI ba="1,2" hai="5,6,20,25,31,36,37,42,43,46,47,48,50,51" machi="51" ten="30,6000,0" yaku="1,1,0,1,9,1,53,0" doraHai="95" doraHaiUra="119" who="0" fromWho="0" sc="240,83,220,-21,260,-21,260,-21" /><INIT seed="0,2,0,0,5,23" ten="323,199,239,239" oya="0" hai0="122,115,109,11,117,127,118,62,73,32,116,52,19" hai1="84,20,75,59,28,13,69,65,83,130,81,123,88" hai2="40,17,66,3,77,94,87,56,33,106,5,72,111" hai3="105,0,100,48,10,14,29,101,1,34,35,22,43"/><T102/><D73/><U121/><E130/><V53/><F72/><W47/><G105/><T112/><D32/><N who="3" m="12329" /><G47/><T67/><D102/><U124/><E69/><V6/><F111/><W44/><G44/><T95/><D95/><U25/><E124/><V131/><F106/><W133/><G43/><T135/><D127/><U7/><E7/><V126/><F126/><W108/><G48/><T129/><D129/><U9/><E9/><V80/><F131/><W64/><G64/><T119/><D119/><U78/><REACH who="1" step="1"/><E13/><REACH who="1" ten="323,189,239,239" step="2"/><V38/><F5/><N who="3" m="3407" /><G108/><T39/><D109/><U55/><E55/><V61/><F53/><W37/><G133/><T134/><D52/><U99/><E99/><V68/><F68/><W90/><G37/><T70/><D39/><U132/><E132/><V93/><F38/><W42/><G42/><T125/><D125/><U12/><E12/><V18/><F40/><W30/><G101/><T45/><D135/><U79/><E79/><V97/><F97/><W36/><G100/><T46/><D134/><U41/><E41/><V16/><F77/><W2/><G90/><T15/><D116/><U76/><E76/><V113/><F6/><W58/><G36/><T92/><D117/><U85/><E85/><V49/><F87/><W114/><G114/><T27/><D115/><U86/><E86/><V89/><F113/><W103/><G103/><T128/><D112/><U51/><E51/><V54/><F49/><W98/><G98/><T82/><D128/><U4/><E4/><V120/><F54/><W8/><G8/><N who="0" m="6631" /><D118/><U91/><E91/><V24/><F89/><RYUUKYOKU ba="2,1" sc="323,-10,189,30,239,-10,239,-10" hai1="20,25,28,59,65,75,78,81,83,84,88,121,123" /><INIT seed="1,3,1,3,1,101" ten="313,219,229,229" oya="1" hai0="53,55,2,50,77,92,34,87,16,28,22,128,127" hai1="93,132,19,88,38,14,30,105,48,41,109,82,56" hai2="83,46,43,111,65,69,73,76,37,17,61,79,75" hai3="15,102,110,99,131,117,27,81,11,59,62,36,58"/><U70/><E70/><V8/><F17/><W116/><G36/><T119/><D119/><N who="3" m="45641" /><G110/><T3/><D128/><U4/><E105/><V64/><F111/><W123/><G123/><T39/><D39/><U1/><E109/><V0/><F64/><N who="3" m="38999" /><G131/><T72/><D72/><U32/><E38/><V107/><F107/><N who="3" m="63967" /><G59/><T20/><D127/><U35/><E56/><V63/><F63/><W10/><G15/><T21/><D2/><U113/><E1/><V51/><F51/><W5/><G5/><T40/><D3/><U112/><E4/><N who="2" m="1031" /><F75/><W31/><G81/><T86/><D92/><U103/><E48/><V60/><F60/><W121/><G121/><T114/><D114/><U97/><E113/><V84/><F84/><W124/><G124/><T129/><D86/><U78/><E112/><V89/><F89/><W91/><G91/><T85/><D87/><N who="1" m="48599" /><E88/><V130/><F76/><W115/><G115/><T9/><D77/><U104/><E104/><V67/><F67/><W120/><G120/><T118/><D118/><U54/><E97/><V44/><F130/><W122/><G122/><T49/><D85/><U57/><E57/><V96/><F96/><W108/><G108/><T18/><D129/><U90/><E90/><V13/><F13/><W80/><G80/><T100/><D100/><U7/><E103/><V12/><F12/><W126/><G126/><T133/><D50/><U33/><E14/><V71/><F71/><W125/><G125/><T94/><D94/><U68/><E68/><V29/><F44/><W42/><G42/><T45/><D40/><U66/><E41/><RYUUKYOKU ba="3,1" sc="313,-15,219,-15,229,15,229,15" hai2="29,37,43,46,61,65,69,73,79,83" hai3="10,11,27,31" /><INIT seed="2,4,1,4,3,106" ten="298,204,244,244" oya="2" hai0="120,18,73,23,91,35,76,128,96,14,133,51,48" hai1="1,67,21,52,83,130,100,54,53,131,65,112,45" hai2="135,123,60,62,39,82,111,50,90,38,97,129,113" hai3="9,134,17,33,118,121,94,69,26,58,37,114,44"/><V85/><F113/><W25/><G121/><T108/><D120/><U42/><E1/><V126/><F123/><W61/><G118/><T103/><D35/><U92/><E112/><V107/><F129/><N who="1" m="49161" /><E83/><V28/><F135/><W88/><G69/><T95/><D128/><U30/><E100/><V78/><F126/><W36/><G134/><T47/><D133/><U20/><E92/><V4/><F4/><W57/><G114/><T49/><D108/><U64/><E30/><V115/><F115/><W5/><G36/><AGARI ba="4,1" hai="20,21,36,42,45,52,53,54,64,65,67" m="49161" machi="36" ten="40,2600,0" yaku="19,1,54,1" doraHai="106" who="1" fromWho="3" sc="298,0,204,48,244,0,244,-38" /><INIT seed="3,0,0,0,3,70" ten="298,252,244,206" oya="3" hai0="1,85,91,15,80,7,46,86,51,131,82,11,68" hai1="78,112,102,54,12,9,29,122,42,56,124,25,104" hai2="88,125,63,133,61,52,93,24,40,13,23,44,113" hai3="58,30,22,4,114,37,126,32,129,121,79,115,132"/><W81/><G121/><T5/><D68/><U105/><E122/><V97/><F113/><W90/><G32/><T108/><D108/><U59/><E112/><V18/><F133/><W45/><G4/><N who="0" m="3559" /><D131/><U135/><E135/><V75/><F75/><W71/><G132/><T118/><D1/><U98/><E124/><V127/><F13/><W2/><G129/><T48/><D118/><U55/><E42/><V26/><F26/><W94/><G126/><N who="2" m="48137" /><F52/><W83/><G2/><T96/><D96/><U0/><E78/><V101/><F101/><W119/><G71/><T47/><D51/><AGARI ba="0,0" hai="18,23,24,40,44,51,61,63,88,93,97" m="48137" machi="51" ten="30,2000,0" yaku="18,1,54,1" doraHai="70" who="2" fromWho="0" sc="298,-20,252,0,244,20,206,0" /><INIT seed="4,0,0,0,2,7" ten="278,252,264,206" oya="0" hai0="102,17,118,100,50,121,99,83,123,35,82,14,30" hai1="32,133,55,95,135,22,63,122,76,105,129,119,90" hai2="101,42,23,67,57,38,70,27,41,37,34,114,48" hai3="124,98,117,43,8,60,10,73,59,1,130,87,5"/><T64/><D118/><U12/><E105/><V71/><F34/><W24/><G117/><T21/><D121/><U29/><E32/><V120/><F120/><W92/><G73/><T107/><D123/><U94/><E122/><V69/><F101/><W16/><G124/><T15/><D100/><U33/><E33/><V88/><F114/><W18/><G130/><T106/><D107/><U54/><E76/><V11/><F11/><N who="3" m="4139" /><G1/><T131/><D131/><U97/><E119/><V52/><F88/><N who="3" m="55559" /><G5/><T13/><D30/><U25/><E129/><V0/><F0/><W96/><G43/><N who="2" m="16393" /><F23/><N who="3" m="13415" /><G18/><T125/><D35/><U109/><E109/><V110/><F27/><W4/><G4/><T111/><D125/><U132/><E25/><V116/><F116/><W103/><G87/><T93/><D106/><U126/><E126/><V53/><F110/><W61/><G59/><T28/><D28/><U113/><E29/><V74/><F74/><W91/><G103/><T46/><D111/><U26/><E135/><V68/><F37/><W85/><G96/><T75/><D75/><U39/><E39/><V40/><F38/><W31/><G31/><T20/><D20/><U134/><E133/><V104/><F104/><W112/><G112/><T62/><D13/><U79/><E113/><V78/><F40/><W86/><G86/><T65/><D14/><U84/><E12/><V19/><F19/><W81/><AGARI ba="0,0" hai="60,61,81,85,91" m="13415,55559,4139" machi="81" ten="30,12000,2" yaku="8,1,52,3,54,2" doraHai="7" who="3" fromWho="3" sc="278,-60,252,-30,264,-30,206,120" owari="218,-28.2,222,-17.8,234,3.4,326,42.6" /></mjloggm>