<mjloggm ver="2.3"><GO type="225" lobby="0"/><UN n0="%E9%80%9F%E6%B0%B4%E5%87%9B%E9%A6%99" n1="%74%61%6B%75%61%6B%61" n2="%72%61%6B%33" n3="%E3%81%99%E3%81%84%E3%81%BE%E3%81%9B%E3%83%BC%E3%82%93" dan="17,17,16,16" rate="2155.82,2216.79,2116.06,2110.33" sx="F,M,M,M"/><TAIKYOKU oya="0"/><INIT seed="0,0,0,4,4,90" ten="250,250,250,250" oya="0" hai0="9,121,113,126,21,100,40,19,95,125,42,45,80" hai1="32,92,25,23,91,43,134,123,86,65,66,12,111" hai2="49,124,132,129,17,98,88,120,114,69,82,93,50" hai3="24,87,8,37,64,60,57,130,131,58,107,74,117"/><T61/><D113/><U97/><E123/><V108/><F120/><W31/><G74/><T52/><D121/><U56/><E111/><V84/><F114/><W127/><G117/><T28/><D28/><U5/><E134/><V71/><F132/><W34/><G127/><N who="0" m="48651" /><D9/><N who="1" m="4143" /><E32/><V75/><F124/><W35/><G37/><T68/><D80/><N who="1" m="49607" /><E43/><V41/><F108/><W112/><G112/><T70/><D70/><U7/><E56/><V16/><F129/><W1/><G35/><T96/><D68/><U2/><E7/><V109/><F109/><W105/><G58/><N who="0" m="35015" /><D45/><U99/><E99/><V59/><F69/><W106/><G8/><T79/><D79/><U116/><E2/><V47/><F71/><W54/><G1/><T77/><D77/><U63/><E63/><V20/><F75/><W33/><G33/><T122/><D122/><U83/><E83/><V22/><F22/><W103/><G131/><T89/><D100/><N who="1" m="60455" /><E116/><V4/><F4/><W15/><G130/><T51/><D51/><U48/><E48/><V27/><F50/><W0/><G0/><T29/><D29/><AGARI ba="0,0" hai="23,25,29,65,66" m="60455,49607,4143" machi="29" ten="30,2000,0" yaku="8,1,52,1" doraHai="90" who="1" fromWho="0" sc="250,-20,250,20,250,0,250,0" /><INIT seed="1,0,0,3,3,119" ten="230,270,250,250" oya="1" hai0="19,128,81,110,9,29,40,15,129,78,39,95,101" hai1="112,23,86,111,93,84,57,0,90,127,132,124,16" hai2="66,52,32,82,77,104,106,3,2,109,38,17,26" hai3="11,33,18,37,63,117,125,67,48,25,10,24,122"/><U46/><E112/><V76/><F109/><W36/><G117/><T35/><D110/><U94/><E111/><V12/><F38/><W92/><G122/><T53/><D40/><U116/><E116/><V60/><F77/><W61/><G125/><N who="1" m="48202" /><E0/><V75/><F52/><W55/><G92/><T34/><D39/><U88/><E132/><V64/><F64/><W27/><G33/><T130/><D29/><U30/><E46/><V13/><F13/><W118/><G118/><T41/><D41/><U20/><E30/><N who="2" m="19543" /><F12/><W134/><G134/><T121/><D121/><U87/><E57/><V22/><F22/><N who="1" m="8233" /><E16/><V50/><F17/><W89/><G18/><T43/><D43/><U4/><E4/><V113/><F113/><W105/><G10/><T8/><D8/><U45/><E45/><V59/><F59/><W103/><G11/><T54/><D35/><U79/><E79/><V98/><F2/><W7/><G7/><T80/><D34/><U28/><E28/><V107/><F3/><W56/><G24/><T114/><D114/><U73/><E73/><V100/><F50/><W91/><G25/><T83/><D78/><U123/><E123/><V1/><F1/><W6/><G27/><T44/><D44/><U58/><E58/><V65/><F65/><W68/><G6/><T69/><D69/><U31/><E31/><V97/><F60/><W115/><G115/><T108/><D108/><U47/><E47/><V62/><F62/><W120/><G120/><T42/><D42/><U5/><E5/><V51/><F66/><W21/><G68/><T71/><D71/><RYUUKYOKU ba="0,0" sc="230,15,270,15,250,-15,250,-15" hai0="9,15,19,53,54,80,81,83,95,101,128,129,130" hai1="84,86,87,88,90,93,94" /><INIT seed="1,1,0,4,2,61" ten="245,285,235,235" oya="1" hai0="31,60,85,123,103,77,55,49,56,93,17,120,51" hai1="4,92,39,41,110,50,75,116,20,23,7,65,87" hai2="72,104,45,128,69,126,66,16,24,42,118,68,112" hai3="59,80,98,84,30,54,34,58,121,89,108,88,115"/><U113/><E116/><V99/><F118/><W74/><G121/><T119/><D119/><U25/><E75/><V63/><F72/><W106/><G115/><T53/><D31/><U82/><E39/><V90/><F112/><W36/><G36/><T57/><D123/><U0/><E113/><V73/><F73/><W94/><G108/><T21/><D120/><U67/><E92/><V52/><F126/><W33/><G74/><T70/><D77/><N who="1" m="46543" /><E0/><V81/><F128/><W48/><G30/><T91/><D103/><U19/><E20/><V117/><F117/><W105/><REACH who="3" step="1"/><G59/><REACH who="3" ten="245,285,235,225" step="2"/><T2/><D70/><U78/><E110/><V62/><F69/><W43/><G43/><T29/><D29/><U47/><E78/><V97/><F42/><W127/><G127/><T86/><D2/><U96/><E96/><V13/><F99/><W26/><G26/><T11/><D86/><U5/><AGARI ba="1,1" hai="4,5,7,19,23,25,41,47,50,65,67" m="46543" machi="5" ten="30,6000,0" yaku="8,1,52,2" doraHai="61" who="1" fromWho="1" sc="245,-21,285,73,235,-21,225,-21" /><INIT seed="1,2,0,3,5,84" ten="224,358,214,204" oya="1" hai0="69,35,108,53,64,72,27,4,7,29,113,68,36" hai1="83,65,37,43,123,10,117,71,2,100,92,99,30" hai2="58,121,85,49,135,88,74,94,97,98,132,47,57" hai3="120,77,59,46,9,14,48,125,129,95,54,22,1"/><U20/><E123/><V67/><F74/><W103/><G120/><T73/><D36/><U81/><E117/><V13/><F121/><W33/><G33/><T40/><D113/><U24/><E71/><V118/><F118/><W5/><G125/><T66/><D40/><U60/><E37/><V131/><F131/><W115/><G115/><T86/><D53/><U19/><E43/><V11/><F135/><W70/><G70/><T133/><D133/><U116/><E116/><V134/><F134/><W55/><G129/><T122/><D122/><U44/><E44/><V76/><F132/><W110/><G110/><T80/><D108/><U16/><E19/><V78/><F78/><W124/><G124/><T63/><D73/><U91/><E100/><V12/><F12/><W128/><G128/><T119/><D72/><U127/><E127/><V0/><F0/><W126/><G126/><T50/><D50/><U130/><E130/><V42/><F67/><W8/><G77/><T102/><D102/><U31/><E31/><V25/><F25/><W45/><G55/><T112/><D112/><U38/><E38/><V109/><F109/><W34/><G34/><T41/><D41/><U23/><E10/><N who="3" m="4202" /><G5/><T93/><D119/><U3/><E3/><V90/><F76/><W18/><G1/><T15/><D15/><N who="1" m="9247" /><E2/><V96/><REACH who="2" step="1"/><F90/><REACH who="2" ten="224,358,204,204" step="2"/><W28/><G28/><T21/><D29/><U17/><E30/><V114/><F114/><W39/><G39/><T79/><D35/><U89/><E89/><V106/><F106/><W26/><G14/><T101/><D79/><U104/><E104/><RYUUKYOKU ba="2,1" sc="224,-30,358,10,204,10,204,10" hai1="17,23,24,60,65,81,83,91,92,99" hai2="11,13,42,47,49,57,58,85,88,94,96,97,98" hai3="18,22,26,45,46,48,54,59,95,103" /><INIT seed="1,3,1,4,0,22" ten="194,368,214,214" oya="1" hai0="71,114,75,65,69,73,51,40,70,109,72,42,102" hai1="39,116,68,94,60,9,24,120,18,119,33,121,89" hai2="26,79,92,23,31,88,125,46,52,61,38,103,100" hai3="96,1,130,66,35,110,67,8,43,115,17,36,20"/><U118/><E39/><V47/><F125/><W91/><G115/><T76/><D114/><U131/><E131/><V50/><F79/><W16/><G35/><T135/><D76/><U27/><E68/><V34/><F34/><W28/><G130/><T29/><D65/><N who="3" m="24585" /><G1/><T45/><D109/><U117/><E60/><V19/><F61/><W63/><G36/><T59/><D59/><U58/><E58/><V128/><F128/><W37/><G37/><T32/><D102/><N who="2" m="38954" /><F38/><W13/><G43/><T107/><D107/><U90/><E116/><V134/><F134/><W77/><G77/><T108/><D108/><U86/><E90/><V99/><F31/><W41/><G41/><T133/><REACH who="0" step="1"/><D40/><REACH who="0" ten="184,368,214,214" step="2"/><U53/><E117/><V98/><F47/><W2/><G110/><T124/><D124/><U97/><E118/><V49/><F50/><W95/><G63/><T127/><D127/><U105/><E119/><V81/><F81/><W48/><G48/><T55/><D55/><U78/><E53/><V122/><F122/><W10/><G95/><T15/><D15/><N who="1" m="7535" /><E121/><V5/><F5/><W85/><G2/><T126/><D126/><U129/><E120/><V30/><F30/><W25/><G28/><T87/><D87/><AGARI ba="3,2" hai="19,23,26,46,49,52,87,88,92,98,99" m="38954" machi="87" ten="30,7700,0" yaku="8,1,52,1,54,2" doraHai="22" who="2" fromWho="0" sc="184,-86,368,0,214,106,214,0" /><INIT seed="2,0,0,2,0,133" ten="98,368,320,214" oya="2" hai0="85,27,59,13,109,46,63,102,16,107,9,123,87" hai1="65,82,47,112,88,26,14,12,86,68,95,83,79" hai2="52,110,119,116,39,18,99,11,1,15,10,104,60" hai3="32,73,5,93,115,23,29,25,134,113,111,42,8"/><V97/><F39/><W61/><G111/><T90/><D109/><U24/><E112/><N who="3" m="43082" /><G73/><T130/><D123/><U49/><E68/><V118/><F110/><W4/><G134/><T64/><D130/><U56/><E65/><V31/><F31/><W35/><G42/><T28/><D107/><U7/><E56/><V30/><F30/><W33/><G8/><T2/><D2/><U100/><E100/><V45/><F104/><W105/><G105/><T57/><D102/><U6/><E82/><V122/><F122/><W106/><G106/><T75/><D75/><U62/><E62/><V69/><F69/><W38/><G38/><T78/><D78/><U50/><E12/><V81/><F81/><W96/><G61/><T126/><D126/><U55/><E50/><V92/><F92/><W54/><G54/><T0/><D46/><U132/><E132/><V3/><F3/><W53/><G53/><T127/><D127/><U44/><E44/><V91/><F91/><AGARI ba="0,0" hai="4,5,23,25,29,32,33,35,91,93,96" m="43082" machi="91" ten="40,1300,0" yaku="11,1" doraHai="133" who="3" fromWho="2" sc="98,0,368,0,320,-13,214,13" /><INIT seed="3,0,0,5,2,17" ten="98,368,307,227" oya="3" hai0="122,0,12,28,125,43,64,57,65,114,113,29,112" hai1="27,101,10,50,70,103,35,92,117,15,30,95,106" hai2="131,45,116,34,69,133,109,21,39,111,115,68,8" hai3="127,135,90,89,25,53,7,13,118,82,77,73,47"/><W134/><G118/><T6/><D43/><U61/><E117/><V72/><RYUUKYOKU type="yao9" ba="0,0" sc="98,0,368,0,307,0,227,0" hai2="8,21,34,39,45,68,69,72,109,111,115,116,131,133" /><INIT seed="3,1,0,4,0,120" ten="98,368,307,227" oya="3" hai0="134,116,109,74,84,115,104,31,125,135,37,13,45" hai1="8,130,41,40,30,38,123,72,29,49,101,11,97" hai2="88,76,3,9,65,53,99,27,12,39,19,114,111" hai3="7,18,43,91,100,105,79,14,23,94,15,118,89"/><W117/><G79/><T0/><D13/><U78/><E38/><V10/><F111/><W96/><G43/><T106/><D31/><U133/><E123/><V108/><F108/><W103/><G103/><T20/><D20/><U122/><E122/><V26/><F114/><W80/><G80/><T47/><D47/><U83/><E130/><V17/><F39/><W44/><G44/><T52/><D52/><U77/><E133/><V82/><F65/><W110/><G110/><T34/><D45/><U59/><E77/><V42/><F42/><W28/><G28/><T16/><D16/><U92/><E40/><V46/><F3/><W85/><REACH who="3" step="1"/><G91/><REACH who="3" ten="98,368,307,217" step="2"/><T62/><D62/><U32/><E29/><V5/><F76/><W127/><G127/><T124/><D84/><U35/><E30/><V36/><F36/><W68/><G68/><T51/><D51/><U21/><E41/><V128/><F82/><W22/><G22/><T54/><D54/><U57/><E21/><V50/><F128/><W6/><G6/><T95/><D95/><U112/><E49/><V131/><F131/><W98/><G98/><T24/><D24/><N who="2" m="9258" /><F9/><AGARI ba="1,1" hai="7,9,14,15,18,23,85,89,94,96,100,105,117,118" machi="9" ten="40,2000,0" yaku="1,1,53,0" doraHai="120" doraHaiUra="132" who="3" fromWho="2" sc="98,0,368,0,307,-23,217,33" /><INIT seed="3,2,0,0,4,130" ten="98,368,284,250" oya="3" hai0="30,36,104,53,122,57,54,47,117,72,112,113,17" hai1="31,60,79,18,71,7,92,73,75,26,25,43,90" hai2="110,106,98,33,66,51,55,21,34,9,99,41,42" hai3="4,29,135,69,83,8,94,58,63,10,22,93,115"/><W134/><G115/><T45/><D17/><U61/><E7/><V77/><F110/><W12/><G69/><T119/><D30/><U52/><E43/><V64/><F77/><W56/><G83/><T16/><D16/><U74/><E79/><V114/><F114/><W40/><G40/><T0/><D0/><U59/><E18/><V127/><F127/><W102/><G10/><T81/><D81/><U85/><REACH who="1" step="1"/><E31/><REACH who="1" ten="98,358,284,250" step="2"/><V27/><F41/><W125/><G125/><T82/><D82/><U87/><E87/><V65/><F42/><W101/><G101/><T50/><D72/><U107/><E107/><V68/><F106/><W96/><G94/><T24/><D104/><U129/><E129/><V100/><F9/><W19/><G29/><T132/><D24/><U120/><E120/><V97/><F100/><W95/><G95/><T70/><D122/><U6/><E6/><V118/><F118/><W124/><G124/><T44/><D36/><U89/><E89/><V103/><F103/><W11/><G11/><T37/><D37/><U62/><E62/><V48/><F27/><N who="3" m="14815" /><G63/><T2/><D2/><U76/><E76/><V46/><F48/><W1/><G1/><T5/><D5/><U49/><E49/><V105/><F105/><W78/><G78/><T32/><D32/><U111/><E111/><V128/><F128/><W15/><G12/><T126/><D126/><U80/><E80/><V109/><F109/><W84/><G84/><T35/><D35/><N who="2" m="13322" /><F21/><W13/><G15/><T28/><D28/><U23/><E23/><V38/><F38/><W3/><G3/><RYUUKYOKU ba="2,1" sc="98,-30,358,10,284,10,250,10" hai1="25,26,52,59,60,61,71,73,74,75,85,90,92" hai2="46,51,55,64,65,66,68,97,98,99" hai3="4,8,13,56,58,93,96,102,134,135" /><INIT seed="3,3,1,3,3,0" ten="68,368,294,260" oya="3" hai0="110,135,77,11,25,15,36,75,128,62,64,130,6" hai1="114,104,68,55,72,112,48,69,27,120,98,91,34" hai2="3,20,100,22,124,81,10,2,125,33,84,47,74" hai3="126,80,7,41,107,118,109,21,8,94,78,66,95"/><W26/><G118/><T83/><D36/><U24/><E72/><V60/><F74/><W86/><G107/><T76/><D110/><U92/><E120/><V5/><F33/><W90/><G126/><N who="2" m="48745" /><F100/><W57/><G109/><T113/><D135/><U49/><E104/><V56/><F47/><W111/><G111/><T96/><D113/><U134/><E134/><V12/><F2/><W132/><G41/><T17/><D77/><U88/><E34/><V39/><F3/><W101/><G132/><T43/><D43/><U18/><E18/><V129/><F129/><W93/><G101/><T28/><D96/><U29/><E98/><V119/><F39/><W102/><G102/><T133/><D133/><U1/><E55/><N who="2" m="33823" /><F119/><W123/><G123/><T58/><D130/><U19/><E92/><V35/><F35/><W4/><G8/><T117/><D128/><U54/><E54/><V23/><F23/><W116/><G116/><T73/><D117/><U14/><E1/><V42/><F42/><W32/><G32/><T45/><D45/><U46/><E46/><V52/><F52/><W50/><G78/><AGARI ba="3,1" hai="5,10,12,20,22,78,81,84" m="33823,48745" machi="78" ten="30,2000,0" yaku="18,1,52,1" doraHai="0" who="2" fromWho="3" sc="68,0,368,0,294,39,260,-29" owari="68,-43.2,368,46.8,333,13.3,231,-16.9" /></mjloggm>