<mjloggm ver="2.3"><GO type="225" lobby="0"/><UN n0="%E6%A1%9C%E8%8A%B1%E9%96%83%E3%80%85" n1="%E3%81%BF%E3%81%BF%E3%81%9A" n2="%6D%75%75%73%61%6E%6D%75" n3="%72%69%6F%75%63%68%61%6E" dan="16,18,16,16" rate="2220.53,2310.61,2076.10,2180.57" sx="M,M,F,M"/><TAIKYOKU oya="0"/><INIT seed="0,0,0,1,0,130" ten="250,250,250,250" oya="0" hai0="125,34,14,20,55,103,81,4,10,97,116,52,67" hai1="83,100,94,66,61,48,95,86,75,80,31,82,56" hai2="25,33,45,111,123,124,73,6,16,35,90,23,113" hai3="104,126,8,5,3,101,50,84,72,27,24,51,7"/><T15/><D116/><U58/><E31/><V9/><F73/><W17/><G72/><T39/><D34/><U46/><E75/><V37/><F123/><W107/><G126/><T60/><D39/><U1/><E1/><V22/><F113/><W121/><G121/><T53/><D81/><U2/><E2/><V30/><F90/><W36/><G36/><T64/><D125/><U0/><E0/><N who="2" m="199" /><F45/><W71/><G71/><T117/><D117/><U133/><E133/><V69/><F69/><W96/><G107/><T44/><D44/><U38/><E38/><V115/><F37/><W77/><G7/><T11/><D20/><U98/><E58/><V40/><F40/><W131/><G131/><T127/><D60/><U129/><E129/><V43/><F43/><W85/><G85/><T134/><D134/><U59/><E59/><V19/><F124/><W109/><G109/><T74/><D127/><U99/><E86/><V57/><F57/><W49/><REACH who="3" step="1"/><G17/><REACH who="3" ten="250,250,250,240" step="2"/><N who="2" m="6729" /><F115/><W110/><G110/><T87/><D87/><U54/><REACH who="1" step="1"/><E82/><AGARI ba="0,1" hai="3,5,8,24,27,49,50,51,77,82,84,96,101,104" machi="82" ten="40,1300,0" yaku="1,1,53,0" doraHai="130" doraHaiUra="119" who="3" fromWho="1" sc="250,0,250,-13,250,0,240,23" /><INIT seed="1,0,0,5,0,126" ten="250,237,250,263" oya="1" hai0="57,109,64,34,33,94,28,18,58,51,91,24,48" hai1="5,23,19,81,63,56,16,90,47,117,70,66,131" hai2="31,84,45,13,116,99,124,0,102,20,95,62,27" hai3="59,11,88,8,9,82,85,52,115,105,65,38,104"/><U78/><E117/><V29/><F0/><W135/><G115/><T97/><D109/><U87/><E131/><V125/><F116/><W118/><G118/><T98/><D34/><U71/><E5/><V127/><F45/><W68/><G38/><T89/><D18/><U114/><E114/><V110/><F110/><W133/><G65/><T96/><D64/><U14/><E47/><V39/><F39/><W49/><REACH who="3" step="1"/><G68/><REACH who="3" ten="250,237,250,253" step="2"/><T122/><D122/><U60/><E60/><V55/><F62/><W53/><G53/><T73/><D51/><U4/><E4/><V6/><F55/><W36/><G36/><T77/><D48/><U41/><E41/><V21/><F6/><W3/><G3/><T12/><D58/><U67/><E67/><V40/><F40/><W106/><AGARI ba="0,1" hai="8,9,11,49,52,59,82,85,88,104,105,106,133,135" machi="106" ten="40,8000,1" yaku="1,1,0,1,54,2,53,0" doraHai="126" doraHaiUra="10" who="3" fromWho="3" sc="250,-20,237,-40,250,-20,253,90" /><INIT seed="2,0,0,0,1,121" ten="230,197,230,343" oya="2" hai0="47,79,101,80,88,104,87,17,129,123,22,92,114" hai1="42,0,65,52,125,23,127,50,34,106,131,118,105" hai2="100,74,58,132,49,31,44,32,63,10,61,30,59" hai3="53,120,66,48,1,128,27,12,26,85,39,97,133"/><V73/><F132/><W111/><G111/><T57/><D123/><U81/><E34/><V20/><F32/><W7/><G120/><T70/><D70/><U103/><E118/><V8/><F100/><W36/><G1/><T99/><D129/><U46/><E0/><V84/><F84/><W19/><G128/><T67/><D114/><U11/><E131/><V21/><F49/><W69/><G133/><T38/><D38/><U134/><E65/><V71/><F71/><W116/><G116/><T94/><D47/><AGARI ba="0,0" hai="8,10,20,21,30,31,44,47,58,59,61,63,73,74" machi="47" ten="25,2400,0" yaku="22,2" doraHai="121" who="2" fromWho="0" sc="230,-24,197,0,230,24,343,0" /><INIT seed="2,1,0,4,4,134" ten="206,197,254,343" oya="2" hai0="36,19,66,80,120,23,55,124,5,70,2,52,114" hai1="26,77,92,131,121,97,113,74,98,110,82,56,44" hai2="17,15,76,0,61,95,81,90,101,49,93,122,14" hai3="68,51,53,37,62,119,86,87,50,9,43,31,46"/><V13/><F122/><W71/><G119/><T88/><D120/><U126/><E121/><V21/><F0/><W12/><G31/><T112/><D36/><U27/><E113/><V135/><F135/><W10/><G50/><T1/><D114/><U32/><E131/><V20/><F61/><W100/><G100/><T102/><D102/><U28/><E110/><V89/><F49/><W133/><G133/><T59/><D70/><U107/><E107/><V6/><F101/><W132/><G132/><T48/><D66/><U85/><E126/><V35/><F35/><W7/><G9/><T22/><D124/><U29/><E56/><V128/><F128/><W96/><G96/><T127/><D127/><U54/><E54/><V3/><F3/><W94/><G94/><T25/><D5/><U60/><E60/><V106/><F106/><W123/><G123/><T24/><D55/><U130/><E44/><V117/><F117/><W45/><REACH who="3" step="1"/><G71/><REACH who="3" ten="206,197,254,333" step="2"/><T75/><D112/><U115/><E115/><V103/><F103/><W84/><G84/><T18/><D75/><U38/><E130/><V42/><F95/><W47/><G47/><T105/><D105/><U16/><E38/><V30/><F93/><W108/><G108/><T57/><D57/><U34/><E16/><N who="2" m="10255" /><F30/><W11/><G11/><T111/><D111/><U99/><REACH who="1" step="1"/><E74/><REACH who="1" ten="206,187,254,333" step="2"/><V91/><F17/><W116/><G116/><T67/><D67/><AGARI ba="1,2" hai="7,10,12,37,43,45,46,51,53,62,67,68,86,87" machi="67" ten="40,2600,0" yaku="1,1,53,1" doraHai="134" doraHaiUra="69" who="3" fromWho="0" sc="206,-29,187,0,254,0,333,49" /><INIT seed="3,0,0,2,5,9" ten="177,187,254,382" oya="3" hai0="79,15,50,114,13,77,33,104,125,14,44,99,70" hai1="75,6,94,64,128,59,40,109,57,25,72,132,92" hai2="67,0,56,68,35,26,105,71,39,87,58,23,100" hai3="115,12,86,96,16,5,84,11,129,81,24,83,61"/><W28/><G115/><T95/><D104/><U108/><E128/><V73/><F73/><N who="1" m="28233" /><E132/><V36/><F0/><W121/><G121/><T55/><D114/><U127/><E127/><V8/><F87/><N who="3" m="33323" /><G129/><T111/><D125/><U126/><E126/><V2/><F2/><W78/><G78/><T65/><D111/><N who="1" m="42571" /><E6/><V7/><F7/><W32/><G61/><T124/><D124/><U45/><E25/><V20/><F26/><W113/><G113/><T38/><D33/><U103/><E103/><V130/><F35/><W53/><G53/><T52/><D38/><N who="1" m="21655" /><E59/><V43/><F58/><W82/><G96/><T18/><D18/><U63/><AGARI ba="0,0" hai="57,63,64,92,94" m="21655,42571,28233" machi="63" ten="40,1500,0" yaku="14,1" doraHai="9" who="1" fromWho="1" sc="177,-4,187,15,254,-4,382,-7" owari="173,-32.7,202,-19.8,250,5.0,375,47.5" /></mjloggm>