<mjloggm ver="2.3"><GO type="225" lobby="0"/><UN n0="%6D%75%75%6D%75%72%61" n1="%E3%81%86%E3%82%8B%E3%81%8A%E3%81%A1%E3%82%83" n2="%E3%81%95%E3%81%8D%E3%81%9F%E3%81%BE%E6%9E%97%E6%AA%8E" n3="%E3%81%99%E3%81%84%E3%81%BE%E3%81%9B%E3%83%BC%E3%82%93" dan="16,16,16,16" rate="2165.97,2112.85,2122.72,2149.61" sx="F,F,M,M"/><TAIKYOKU oya="0"/><INIT seed="0,0,0,3,3,86" ten="250,250,250,250" oya="0" hai0="16,105,128,27,56,110,13,92,80,38,45,15,118" hai1="133,117,60,68,130,74,83,69,96,100,135,97,25" hai2="42,52,55,101,119,28,62,48,34,30,72,50,18" hai3="112,23,54,14,59,26,75,58,65,122,44,11,57"/><T121/><D118/><U51/><E117/><V78/><F119/><W93/><G75/><T120/><D105/><U5/><E130/><V71/><F34/><W76/><G76/><T1/><D1/><U6/><E51/><V12/><F71/><W46/><G112/><T81/><D128/><U7/><E25/><V35/><F35/><W4/><G122/><T129/><D129/><U99/><E100/><V22/><F101/><W106/><G106/><T61/><D110/><U79/><REACH who="1" step="1"/><E60/><REACH who="1" ten="250,240,250,250" step="2"/><V111/><F62/><W123/><G123/><T66/><D27/><U0/><E0/><V113/><F113/><W17/><G65/><T33/><D120/><U103/><E103/><V87/><F50/><W107/><G107/><T85/><D15/><U131/><E131/><V70/><F48/><W36/><G36/><T90/><D121/><U115/><E115/><V134/><F12/><W64/><G64/><T20/><REACH who="0" step="1"/><D33/><REACH who="0" ten="240,240,250,250" step="2"/><U88/><E88/><V8/><F111/><W3/><G3/><T63/><D63/><U21/><E21/><V32/><F22/><W40/><G26/><T108/><D108/><U82/><E82/><V91/><F32/><W98/><G23/><T109/><D109/><U89/><E89/><V43/><F91/><W73/><G14/><T124/><D124/><U114/><E114/><V10/><F10/><W132/><G11/><T24/><D24/><U94/><E94/><V95/><F95/><W37/><G93/><T125/><D125/><U29/><E29/><V41/><F8/><W53/><G98/><T127/><D127/><U102/><E102/><RYUUKYOKU ba="0,2" sc="240,15,240,15,250,-15,250,-15" hai0="13,16,20,38,45,56,61,66,80,81,85,90,92" hai1="5,6,7,68,69,74,79,83,96,97,99,133,135" /><INIT seed="0,1,2,2,5,5" ten="255,255,235,235" oya="0" hai0="24,67,98,120,34,133,84,37,89,96,27,80,122" hai1="92,40,91,38,29,118,116,8,10,100,32,13,112" hai2="18,132,134,31,7,76,41,87,103,1,33,71,88" hai3="99,51,86,6,25,26,0,28,63,12,50,16,35"/><T68/><D37/><U42/><E38/><V2/><F71/><W55/><G26/><T20/><D133/><N who="2" m="51306" /><F41/><N who="1" m="15977" /><E32/><V58/><F76/><W131/><G131/><T36/><D36/><U47/><E112/><V44/><F44/><W95/><G86/><T113/><D113/><U52/><E118/><V114/><F114/><W22/><G63/><T93/><D68/><U123/><E123/><V17/><F103/><N who="3" m="60927" /><G55/><T85/><D67/><U97/><E116/><V117/><F58/><W48/><G48/><T77/><D34/><U128/><E128/><V9/><F1/><W119/><G119/><T102/><D98/><U81/><E29/><V78/><F78/><W70/><G70/><T3/><D3/><U83/><E13/><V65/><F65/><W39/><G39/><T127/><D127/><U59/><E47/><V135/><F117/><W107/><G107/><T129/><D129/><U121/><E121/><V108/><F108/><W101/><G101/><T106/><REACH who="0" step="1"/><D27/><REACH who="0" ten="245,255,235,235" step="2"/><U60/><E100/><V90/><F135/><W111/><G111/><T64/><D64/><U45/><E45/><V56/><F56/><W115/><G115/><T104/><D104/><U69/><E69/><V110/><F110/><W72/><G0/><T4/><D4/><U75/><E75/><V54/><F33/><W30/><G72/><T109/><D109/><U125/><E125/><V130/><F130/><W105/><G105/><T23/><D23/><U79/><E79/><V19/><F2/><W66/><G66/><T73/><D73/><U14/><E14/><V43/><F7/><W15/><G6/><RYUUKYOKU ba="1,3" sc="245,15,255,15,235,-15,235,-15" hai0="20,24,77,80,84,85,89,93,96,102,106,120,122" hai1="8,10,52,59,60,81,83,91,92,97" /><INIT seed="0,2,3,4,4,134" ten="260,270,220,220" oya="0" hai0="14,69,20,91,129,61,30,84,39,31,95,47,82" hai1="92,5,89,87,67,116,112,105,90,121,98,45,15" hai2="48,41,101,126,42,96,65,62,120,22,33,63,130" hai3="36,54,127,55,107,52,40,133,9,108,59,12,46"/><T64/><D129/><U4/><E121/><V81/><F126/><W17/><G133/><T18/><REACH who="0" step="1"/><D95/><REACH who="0" ten="250,270,220,220" step="2"/><N who="1" m="56687" /><E116/><V102/><F130/><W125/><G107/><T34/><D34/><U72/><E105/><V24/><F33/><W93/><G108/><T83/><D83/><N who="1" m="49535" /><E112/><V35/><F81/><W111/><G111/><T29/><D29/><U117/><E117/><V75/><F35/><W23/><G93/><T60/><D60/><U122/><E122/><V25/><F63/><W56/><G23/><T57/><D57/><U2/><E72/><V109/><F62/><W53/><REACH who="3" step="1"/><G56/><REACH who="3" ten="250,270,220,210" step="2"/><T94/><D94/><U115/><E92/><V132/><F22/><W114/><G114/><T37/><D37/><U119/><E115/><V71/><F132/><W11/><G11/><T27/><D27/><U16/><E119/><V74/><F24/><W106/><G106/><T104/><D104/><U7/><E2/><V38/><F25/><W79/><G79/><T44/><D44/><U8/><E45/><V113/><F38/><W110/><G110/><T26/><D26/><U49/><E49/><AGARI ba="2,5" hai="9,12,17,36,40,46,49,52,53,54,55,59,125,127" machi="49" ten="40,8000,1" yaku="1,1,52,2,54,1,53,0" doraHai="134" doraHaiUra="80" who="3" fromWho="1" sc="250,0,270,-86,220,0,210,136" /><INIT seed="1,0,0,5,3,44" ten="250,184,220,346" oya="1" hai0="99,14,48,128,45,115,79,80,70,72,110,83,116" hai1="94,71,8,120,4,30,37,97,92,33,101,67,125" hai2="131,24,54,36,41,27,51,19,12,11,26,74,113" hai3="111,21,107,81,55,28,6,133,78,130,86,0,1"/><U105/><E120/><V95/><F74/><W31/><G107/><T13/><D115/><U91/><E37/><V108/><F108/><W52/><G111/><T87/><D110/><U112/><E125/><V114/><F131/><W85/><G130/><T82/><D70/><U34/><E112/><V134/><F134/><W25/><G133/><T15/><D128/><U32/><E30/><V121/><F121/><W129/><G129/><T63/><D116/><U9/><E9/><V43/><F36/><W65/><G65/><T57/><D99/><U62/><REACH who="1" step="1"/><E91/><REACH who="1" ten="250,174,220,346" step="2"/><V75/><F114/><W61/><G28/><T16/><D72/><U29/><E29/><V3/><F75/><W69/><G31/><T38/><D38/><U66/><E66/><V42/><F113/><W106/><G78/><T109/><D109/><U53/><E53/><V50/><F54/><W17/><G55/><N who="0" m="30095" /><D16/><U117/><E117/><V127/><F127/><W100/><G17/><T118/><D118/><U68/><E68/><V56/><F56/><W35/><G69/><T77/><D79/><U132/><E132/><V135/><F135/><W76/><G76/><T89/><D77/><U39/><E39/><V103/><F3/><AGARI ba="0,1" hai="3,4,8,32,33,34,62,67,71,92,94,97,101,105" machi="3" ten="40,2000,0" yaku="1,1,53,0" doraHai="44" doraHaiUra="22" who="1" fromWho="2" sc="250,0,174,30,220,-20,346,0" /><INIT seed="1,1,0,0,1,41" ten="250,204,200,346" oya="1" hai0="110,131,111,89,38,103,50,7,9,46,65,5,88" hai1="98,92,115,100,70,51,126,62,22,48,132,4,79" hai2="10,20,35,67,87,61,123,53,77,117,118,39,44" hai3="23,128,47,37,114,63,68,11,93,1,24,49,29"/><U75/><E115/><V125/><F35/><W73/><G114/><T33/><D131/><U43/><E126/><V84/><F123/><W52/><G128/><T134/><D134/><U26/><E132/><V99/><F125/><W66/><G73/><T36/><D33/><U104/><E4/><N who="0" m="1609" /><D65/><U34/><E104/><V2/><F2/><W57/><G93/><T130/><D103/><U116/><E34/><V18/><F10/><W3/><G11/><T28/><D28/><U59/><E70/><V86/><F99/><W106/><G106/><T17/><D17/><U32/><E32/><V13/><F77/><W105/><G105/><T129/><D9/><U25/><E25/><V124/><F124/><W80/><G80/><T81/><D81/><U112/><E116/><V71/><REACH who="2" step="1"/><F53/><REACH who="2" ten="250,204,190,346" step="2"/><W15/><G1/><T12/><D130/><U108/><E79/><V56/><F56/><W74/><G57/><T122/><D129/><U14/><E59/><V127/><F127/><W76/><G3/><T16/><D122/><U31/><E112/><V101/><F101/><W94/><G52/><T21/><D89/><U113/><E98/><V40/><AGARI ba="1,1" hai="13,18,20,39,40,44,61,67,71,84,86,87,117,118" machi="40" ten="30,12000,2" yaku="1,1,0,1,52,1,53,3" doraHai="41" doraHaiUra="83" who="2" fromWho="2" sc="250,-31,204,-61,190,133,346,-31" /><INIT seed="2,0,0,5,0,129" ten="219,143,323,315" oya="2" hai0="13,84,109,68,66,40,31,49,102,87,128,95,132" hai1="14,7,10,101,69,67,92,114,71,126,100,32,94" hai2="52,104,123,93,135,98,17,83,64,53,43,73,58" hai3="70,112,25,127,27,118,9,3,60,108,54,85,131"/><V51/><F123/><W88/><G118/><T22/><D128/><U56/><E114/><V81/><F135/><W120/><G120/><T134/><D109/><U76/><E32/><V79/><F104/><W113/><G131/><T0/><D0/><U86/><E126/><V106/><F106/><W35/><G127/><T72/><D72/><U36/><E36/><V15/><F83/><W110/><G9/><T122/><D122/><U34/><E34/><V28/><F28/><N who="3" m="19855" /><G27/><N who="0" m="16887" /><D68/><U96/><E71/><V55/><F43/><W24/><G24/><T115/><D115/><N who="3" m="44105" /><G3/><T8/><D66/><U45/><E45/><V2/><F64/><N who="3" m="41223" /><G54/><T130/><D130/><U39/><E39/><V44/><F58/><W74/><G74/><T16/><D49/><U21/><E69/><V89/><REACH who="2" step="1"/><F2/><REACH who="2" ten="219,143,313,315" step="2"/><W47/><G47/><T29/><D40/><U65/><E56/><V12/><F12/><W80/><AGARI ba="0,1" hai="80,85,88,108,110" m="41223,44105,19855" machi="80" ten="30,2000,0" yaku="11,1,54,1" doraHai="129" who="3" fromWho="3" sc="219,-5,143,-5,313,-10,315,30" /><INIT seed="3,0,0,2,5,54" ten="214,138,303,345" oya="3" hai0="48,81,109,104,18,25,46,11,116,98,37,34,43" hai1="30,125,112,79,89,22,9,56,102,19,88,69,91" hai2="84,114,15,122,113,131,106,0,130,124,57,77,44" hai3="94,36,2,78,42,17,55,74,128,87,66,59,5"/><W86/><G128/><N who="2" m="49193" /><F0/><W119/><G66/><T51/><D116/><U103/><E69/><V71/><F71/><W108/><G17/><T111/><D109/><U68/><E68/><V12/><F106/><W41/><G94/><T126/><D126/><U60/><E112/><N who="2" m="43115" /><F44/><N who="3" m="23591" /><G42/><T70/><D70/><U32/><E125/><V4/><F124/><W115/><G119/><T24/><D81/><U62/><E32/><V63/><F4/><W101/><G101/><N who="1" m="38410" /><E79/><V118/><F118/><W76/><G76/><T39/><D111/><U107/><E107/><V127/><F127/><W93/><G5/><T31/><D104/><U35/><E35/><V133/><F133/><W1/><G78/><T92/><D34/><U10/><E30/><V96/><F96/><W134/><G1/><T100/><D39/><U27/><E60/><V123/><F84/><W6/><G86/><T132/><D37/><U64/><E10/><V135/><F77/><W40/><G6/><T90/><D132/><U21/><E9/><V47/><F47/><W110/><G2/><T99/><D31/><U52/><E22/><V58/><F63/><W72/><G134/><T75/><D75/><U26/><E64/><V80/><F80/><W20/><G72/><T3/><D3/><U82/><E26/><V61/><F61/><W105/><G74/><T73/><D73/><U38/><E38/><V16/><F135/><W117/><G115/><T13/><D25/><U129/><E129/><V95/><F15/><W14/><G110/><T50/><D24/><U53/><E53/><V65/><F65/><W28/><G108/><RYUUKYOKU ba="0,0" sc="214,15,138,15,303,-15,345,-15" hai0="11,13,18,43,46,48,50,51,90,92,98,99,100" hai1="19,21,27,52,56,62,82,88,89,91" owari="229,-17.1,153,-34.7,288,8.8,330,43.0" /></mjloggm>