<mjloggm ver="2.3"><GO type="225" lobby="0"/><UN n0="%E3%81%A4%E3%81%A3%E3%81%B1%E3%82%8A%E3%83%9D%E3%83%BC%E3%83%AB" n1="%E6%A1%9C%E8%8A%B1%E9%96%83%E3%80%85" n2="%E3%80%93%E3%81%97%E3%83%BC%E3%82%89%E3%80%93" n3="%E3%81%AF%E3%82%88%E3%81%8A%E3%81%98%E3%81%95%E3%82%93" dan="17,16,17,17" rate="2223.06,2217.06,2217.84,2171.63" sx="M,M,M,M"/><TAIKYOKU oya="0"/><INIT seed="0,0,0,2,0,80" ten="250,250,250,250" oya="0" hai0="33,32,69,49,90,91,70,35,22,132,95,42,2" hai1="13,129,74,130,118,66,6,125,59,126,113,122,62" hai2="83,31,93,88,134,48,61,128,72,12,67,27,23" hai3="28,100,123,50,114,19,41,115,131,79,0,99,17"/><T34/><D132/><U3/><E74/><V76/><F134/><W16/><G0/><T89/><D2/><U54/><E13/><V109/><F109/><W86/><G131/><N who="1" m="50186" /><E6/><V102/><F128/><W60/><G123/><T11/><D11/><U135/><E3/><V108/><F108/><W1/><G1/><T112/><D112/><U45/><E135/><V18/><F48/><W8/><G8/><T71/><N who="0" m="8192" /><DORA hai="5" /><T10/><D10/><U111/><E111/><V44/><F44/><W25/><G60/><T57/><D22/><U85/><E122/><V30/><F102/><W37/><G37/><T78/><D78/><U92/><E118/><V133/><F12/><W75/><G75/><T4/><D4/><U101/><E101/><V117/><F117/><W24/><G28/><T84/><REACH who="0" step="1"/><D42/><REACH who="0" ten="240,250,250,250" step="2"/><U51/><E113/><V124/><F133/><W105/><G115/><T7/><D7/><U40/><E40/><V63/><F124/><W97/><G114/><T119/><D119/><U56/><E126/><V107/><F76/><W15/><G79/><T21/><D21/><U39/><E125/><V103/><F23/><W47/><G41/><T96/><D96/><U73/><E73/><V104/><F72/><W68/><G99/><T9/><D9/><U116/><E116/><V64/><F31/><W20/><G20/><T121/><D121/><U110/><E110/><V46/><F30/><W52/><G15/><T65/><D65/><U81/><E66/><V87/><F67/><W53/><G97/><T29/><D29/><U98/><E98/><V127/><F127/><RYUUKYOKU ba="0,1" sc="240,30,250,-10,250,-10,250,-10" hai0="49,57,69,70,71,84,89,90,91,95" /><INIT seed="0,1,1,0,0,50" ten="270,240,240,240" oya="0" hai0="36,116,75,80,42,40,97,63,101,58,108,49,128" hai1="82,130,18,110,81,35,102,90,54,115,53,88,100" hai2="111,98,37,121,67,93,62,65,39,30,127,3,92" hai3="94,73,19,23,95,4,45,113,119,68,44,91,17"/><T6/><D116/><U60/><E35/><V16/><F3/><W33/><G33/><T84/><D75/><U15/><E110/><V25/><F121/><W122/><G119/><T2/><D36/><U48/><E130/><V126/><F111/><W12/><G113/><T134/><D108/><U106/><E115/><V51/><F51/><W41/><G68/><T59/><D128/><U135/><E135/><V1/><F1/><W14/><G73/><T29/><D134/><U96/><E60/><V32/><F16/><N who="3" m="10631" /><G122/><T129/><D29/><U109/><E109/><V57/><F67/><W131/><G131/><T112/><D112/><U132/><E132/><V69/><F69/><W79/><G79/><T85/><D6/><U107/><E48/><V38/><REACH who="2" step="1"/><F93/><REACH who="2" ten="270,240,230,240" step="2"/><W124/><G95/><N who="0" m="58559" /><D49/><U123/><E123/><V21/><F21/><W86/><G41/><T56/><D2/><U52/><E106/><V20/><F20/><W78/><G17/><T64/><D129/><U83/><REACH who="1" step="1"/><E102/><AGARI ba="1,2" hai="25,30,32,37,38,39,57,62,65,92,98,102,126,127" machi="102" ten="40,2600,0" yaku="1,1,53,1" doraHai="50" doraHaiUra="99" who="2" fromWho="1" sc="270,0,240,-29,230,49,240,0" /><INIT seed="1,0,0,0,4,96" ten="270,211,279,240" oya="1" hai0="66,81,59,38,34,40,4,19,117,47,26,43,115" hai1="23,16,7,132,90,100,75,114,15,3,45,46,8" hai2="80,116,41,134,29,108,126,31,74,0,14,36,97" hai3="95,39,92,63,87,123,121,13,60,69,86,130,52"/><U91/><E114/><V127/><F0/><W88/><G39/><T72/><D115/><U118/><E118/><V77/><F116/><W53/><G13/><T103/><D117/><U10/><E132/><V37/><F134/><W85/><G69/><T82/><D72/><U131/><E131/><V49/><F108/><W99/><G130/><T120/><D120/><U65/><E75/><V104/><F14/><W9/><G9/><T124/><D124/><N who="2" m="47658" /><F49/><W58/><G95/><T76/><D4/><U110/><E110/><V62/><F62/><W133/><G133/><T68/><D43/><U48/><E65/><V125/><F125/><W89/><G89/><N who="1" m="33802" /><E3/><V12/><F12/><W107/><G107/><T20/><D68/><U27/><E10/><V32/><F41/><W98/><G99/><T33/><D66/><U57/><E100/><N who="2" m="62479" /><F32/><W106/><G106/><T25/><D34/><U83/><E83/><V122/><F122/><W105/><G105/><T2/><D81/><U73/><E73/><V28/><AGARI ba="0,0" hai="28,29,31,36,37,74,77,80" m="62479,47658" machi="28" ten="30,2000,0" yaku="18,1,52,1" doraHai="96" who="2" fromWho="2" sc="270,-5,211,-10,279,20,240,-5" /><INIT seed="2,0,0,2,4,28" ten="265,201,299,235" oya="2" hai0="74,36,16,127,99,34,33,58,96,112,121,128,23" hai1="119,71,43,82,78,3,87,11,131,24,42,50,25" hai2="56,116,53,129,37,80,126,118,92,90,102,47,59" hai3="41,45,63,122,2,93,52,0,85,21,111,101,69"/><V86/><F126/><W88/><G122/><T72/><D121/><U135/><E119/><V4/><F129/><W123/><G123/><T1/><D1/><U19/><E131/><V115/><F115/><W133/><G111/><T110/><D128/><U94/><E71/><V26/><F59/><W89/><G133/><T76/><D58/><U81/><E135/><V97/><F4/><W104/><G21/><T79/><D36/><U51/><E94/><V91/><F26/><W29/><G29/><T27/><D112/><U10/><E3/><V55/><F55/><W107/><G89/><T105/><D105/><U70/><E70/><V20/><F20/><W73/><G73/><T64/><D64/><U30/><E30/><V132/><F132/><W67/><G52/><T31/><D31/><U13/><E87/><V100/><F118/><W125/><G125/><T120/><D120/><U109/><E109/><V32/><F116/><W49/><REACH who="3" step="1"/><G107/><REACH who="3" ten="265,201,299,225" step="2"/><T134/><D134/><U54/><E54/><V130/><F130/><W68/><G68/><T8/><D110/><U22/><E22/><V9/><F91/><W95/><G95/><T117/><D127/><U98/><E78/><N who="0" m="29737" /><D117/><U7/><E82/><V44/><F80/><W35/><G35/><N who="0" m="13323" /><D74/><U65/><E81/><V39/><F32/><W60/><G60/><T5/><D72/><U124/><E124/><V40/><F92/><W6/><G6/><T84/><D84/><U103/><E7/><V61/><F86/><W106/><G106/><T62/><D62/><U17/><E17/><V48/><F61/><W75/><G75/><RYUUKYOKU ba="0,1" sc="265,15,201,-15,299,-15,225,15" hai0="5,8,16,23,27,96,99" hai3="0,2,41,45,49,63,67,69,85,88,93,101,104" /><INIT seed="3,1,1,4,2,73" ten="280,186,284,240" oya="3" hai0="24,54,75,41,15,46,43,57,9,107,70,72,10" hai1="94,99,91,59,38,93,66,42,79,21,2,27,51" hai2="33,67,50,112,121,128,49,124,28,53,129,96,82" hai3="97,37,47,3,101,130,6,18,87,35,20,119,36"/><W0/><G119/><T88/><D70/><U12/><E2/><V100/><F112/><W126/><G35/><T17/><D107/><U118/><E118/><V14/><F124/><W16/><G126/><T113/><D75/><U110/><E110/><V122/><F67/><W95/><G130/><N who="2" m="50281" /><F14/><W65/><G65/><T1/><D72/><U64/><E38/><V133/><F133/><W69/><G69/><T61/><D113/><U104/><E104/><N who="2" m="63495" /><F82/><W68/><G68/><T31/><D88/><N who="1" m="55719" /><E12/><V44/><F50/><W39/><G47/><T34/><REACH who="0" step="1"/><D46/><REACH who="0" ten="270,186,284,240" step="2"/><N who="1" m="26071" /><E79/><V45/><F45/><W8/><G0/><T32/><D32/><U111/><E111/><V58/><F44/><W40/><G40/><T52/><D52/><U62/><E59/><V108/><F108/><W22/><G87/><T103/><D103/><U63/><E66/><V135/><F135/><W98/><G97/><T80/><D80/><U131/><E64/><V5/><F5/><AGARI ba="1,2" hai="1,5,9,10,15,17,24,31,34,41,43,54,57,61" machi="5" ten="40,1300,0" yaku="1,1,53,0" doraHai="73" doraHaiUra="114" who="0" fromWho="2" sc="270,36,186,0,284,-16,240,0" owari="306,40.6,186,-31.4,268,6.8,240,-16.0" /></mjloggm>