<mjloggm ver="2.3"><GO type="225" lobby="0"/><UN n0="%E3%81%AF%E3%82%88%E3%81%8A%E3%81%98%E3%81%95%E3%82%93" n1="%E3%81%A0%E3%81%8A" n2="%33%74%72%65%65" n3="%E6%97%A5%E6%9B%9C%E6%97%A5%E3%82%88%E3%82%8A%E3%81%AE%E4%BD%BF%E8%80%85" dan="16,16,16,17" rate="2193.70,2008.75,2080.89,2167.28" sx="M,M,F,M"/><TAIKYOKU oya="0"/><INIT seed="0,0,0,0,5,130" ten="250,250,250,250" oya="0" hai0="1,80,110,88,114,131,4,46,51,40,3,124,48" hai1="116,71,64,20,132,35,89,67,25,22,39,43,38" hai2="56,104,96,117,129,23,122,58,10,95,133,70,119" hai3="69,101,19,66,74,60,90,97,121,94,53,31,109"/><T98/><D114/><U17/><E116/><N who="2" m="44619" /><F122/><W77/><G109/><T33/><D33/><U6/><E35/><V125/><F129/><W62/><G121/><T118/><D118/><U134/><E6/><V128/><F128/><W45/><G31/><T13/><D131/><U59/><E71/><V32/><F32/><W63/><G19/><T93/><D110/><U29/><E89/><V120/><F70/><W103/><G103/><T24/><D124/><U12/><E43/><V102/><F120/><W18/><G18/><T11/><D24/><U41/><E41/><V61/><F125/><W30/><G30/><T113/><D113/><U49/><E49/><V92/><F23/><W26/><G26/><T54/><REACH who="0" step="1"/><D80/><REACH who="0" ten="240,250,250,250" step="2"/><U135/><REACH who="1" step="1"/><E59/><AGARI ba="0,1" hai="1,3,4,11,13,40,46,48,51,54,59,88,93,98" machi="59" ten="30,11600,0" yaku="1,1,2,1,7,1,54,1,53,0" doraHai="130" doraHaiUra="57" who="0" fromWho="1" sc="240,126,250,-116,250,0,250,0" /><INIT seed="0,1,0,2,0,131" ten="366,134,250,250" oya="0" hai0="67,85,64,118,95,96,100,89,79,19,18,9,33" hai1="126,37,56,122,39,108,69,101,104,133,17,123,74" hai2="87,58,132,49,52,48,91,29,20,107,102,70,16" hai3="93,51,71,81,106,27,22,46,97,34,103,134,23"/><T121/><D118/><U14/><E69/><V2/><F132/><W88/><G71/><T10/><D121/><U119/><E133/><V28/><F70/><W26/><G134/><T80/><D33/><U109/><E119/><V78/><F2/><W13/><G34/><T135/><D135/><U105/><E74/><V12/><F78/><W25/><G13/><T59/><D10/><U120/><E126/><V11/><F107/><W98/><REACH who="3" step="1"/><G81/><REACH who="3" ten="366,134,250,240" step="2"/><T35/><D35/><U5/><E120/><V129/><F129/><W61/><G61/><T76/><D9/><U63/><E122/><V1/><F102/><W72/><G72/><T0/><D0/><U38/><E123/><V65/><F65/><W4/><G4/><T68/><D68/><U30/><E63/><V6/><REACH who="2" step="1"/><F49/><REACH who="2" ten="366,134,240,240" step="2"/><W117/><G117/><T45/><D64/><U43/><E38/><V113/><F113/><W82/><G82/><AGARI ba="1,2" hai="1,6,11,12,16,20,28,29,48,52,58,82,87,91" machi="82" ten="30,7700,0" yaku="1,1,7,1,54,2,53,0" doraHai="131" doraHaiUra="73" who="2" fromWho="3" sc="366,0,134,0,240,100,240,-80" /><INIT seed="1,0,0,5,5,32" ten="366,134,340,160" oya="1" hai0="5,16,108,42,115,128,55,26,129,109,120,57,62" hai1="82,30,88,20,50,111,130,51,116,125,83,68,70" hai2="53,100,27,123,61,41,106,9,67,49,33,65,118" hai3="77,132,124,110,112,72,44,46,28,56,79,96,107"/><U13/><E116/><V94/><F118/><W102/><G112/><T122/><D115/><U64/><E125/><V45/><F123/><N who="0" m="47146" /><D5/><U54/><E130/><N who="0" m="50281" /><D42/><U76/><E111/><V86/><F106/><W114/><G28/><T91/><D91/><U85/><E64/><V8/><F33/><W23/><G107/><T135/><D135/><U4/><E51/><V103/><F27/><W74/><G124/><T101/><D101/><U36/><E36/><V39/><F100/><W40/><G102/><T48/><D62/><U19/><E30/><V0/><F103/><W58/><G110/><T133/><D133/><U121/><E4/><V37/><F37/><W1/><G40/><T34/><D16/><U98/><E98/><V69/><F65/><W126/><G96/><T99/><D99/><U60/><E60/><V71/><F71/><W73/><G126/><T7/><D7/><U95/><E121/><V59/><F9/><W113/><G132/><T47/><D57/><U104/><E104/><V81/><F8/><W84/><G58/><T38/><D38/><U2/><E2/><V43/><F43/><W21/><G56/><T75/><D75/><U25/><E25/><V87/><F94/><W11/><G73/><T92/><D92/><U78/><E95/><V93/><F93/><W105/><G105/><T90/><D90/><U15/><E15/><V3/><F87/><W31/><G84/><T127/><D127/><U6/><E6/><V35/><F35/><W17/><G17/><T10/><D10/><U89/><E89/><AGARI ba="0,0" hai="0,3,39,41,45,49,53,59,61,67,69,81,86,89" machi="89" ten="30,8000,1" yaku="7,1,24,2,52,2" doraHai="32" who="2" fromWho="1" sc="366,0,134,-80,340,80,160,0" /><INIT seed="2,0,0,3,4,135" ten="366,54,420,160" oya="2" hai0="111,33,74,132,25,32,59,73,57,87,18,92,64" hai1="110,43,78,67,41,21,14,23,89,37,68,36,5" hai2="16,95,130,26,4,51,93,55,82,31,2,107,117" hai3="121,131,76,65,28,53,104,103,49,19,102,48,120"/><V72/><F107/><W80/><G104/><T61/><D132/><U24/><E110/><V113/><F117/><W81/><G28/><T60/><D111/><U8/><E78/><V29/><F113/><W38/><G38/><T6/><D6/><U7/><E7/><V77/><F130/><W39/><G39/><T123/><D123/><U91/><E68/><V127/><F127/><W15/><G131/><T126/><D126/><U133/><E67/><V50/><F50/><W109/><G109/><T10/><D10/><U22/><E133/><V84/><F72/><W79/><G65/><T35/><D18/><U40/><E24/><V58/><F2/><W128/><G128/><T56/><D25/><U114/><E114/><V125/><F4/><W46/><G49/><T129/><D129/><U71/><E71/><V97/><F95/><W17/><G120/><T34/><N who="0" m="8192" /><DORA hai="116" /><T27/><D27/><U66/><REACH who="1" step="1"/><E66/><REACH who="1" ten="366,44,420,160" step="2"/><V62/><F77/><W69/><G69/><T44/><D64/><U98/><E98/><V101/><F97/><W112/><G112/><T1/><D1/><U9/><E9/><V119/><F26/><W0/><G121/><T52/><D73/><U96/><E96/><V12/><F119/><W83/><G0/><T11/><D11/><U13/><E13/><V99/><F99/><W42/><G15/><T63/><D74/><U106/><E106/><V45/><F12/><W75/><G75/><T134/><D134/><U122/><E122/><V115/><F115/><W100/><G79/><T30/><D30/><U94/><E94/><V47/><F93/><RYUUKYOKU ba="0,1" sc="366,-10,44,30,420,-10,160,-10" hai1="5,8,14,21,22,23,36,37,40,41,43,89,91" /><INIT seed="3,1,1,1,1,41" ten="356,74,410,150" oya="3" hai0="12,23,26,1,73,56,82,102,7,10,31,91,132" hai1="50,8,28,66,9,72,37,111,124,108,121,120,61" hai2="40,71,106,114,33,14,131,5,96,128,89,84,17" hai3="92,97,98,63,27,104,34,78,51,80,133,126,103"/><W76/><G126/><T48/><D132/><U110/><E72/><V32/><F114/><W13/><G133/><T88/><D102/><U101/><E101/><N who="2" m="62759" /><F5/><W94/><G51/><T118/><D118/><U29/><E37/><V99/><F99/><W59/><G13/><T122/><D122/><N who="1" m="47211" /><E50/><V15/><F71/><W49/><G49/><T95/><D1/><U44/><E44/><V135/><F40/><W93/><G98/><T45/><D56/><U42/><E42/><V18/><F14/><W112/><G112/><T130/><D130/><N who="2" m="49706" /><F18/><W67/><G80/><T38/><D38/><U105/><E105/><V127/><F127/><W35/><G27/><T62/><D62/><U123/><N who="1" m="47219" /><U54/><DORA hai="87" /><E54/><V57/><F57/><W113/><REACH who="3" step="1"/><G113/><REACH who="3" ten="356,74,410,140" step="2"/><T19/><D82/><U20/><E124/><V0/><F135/><W77/><AGARI ba="1,2" hai="34,35,59,63,67,76,77,78,92,93,94,97,103,104" machi="77" ten="30,6000,0" yaku="1,1,2,1,0,1,53,0" doraHai="41,87" doraHaiUra="115,119" who="3" fromWho="3" sc="356,-21,74,-21,410,-21,140,83" /><INIT seed="3,2,0,0,0,29" ten="335,53,389,223" oya="3" hai0="85,42,99,13,86,70,12,89,76,128,74,18,32" hai1="39,105,106,21,47,109,72,112,119,88,43,94,17" hai2="110,132,84,65,79,118,2,58,97,61,36,67,115" hai3="14,11,35,130,131,44,20,55,50,90,16,69,24"/><W129/><G69/><T82/><D70/><U59/><E109/><V46/><F118/><W10/><G90/><T48/><D128/><U96/><E119/><V127/><F115/><W77/><G77/><T83/><D74/><U9/><E112/><V38/><F2/><W63/><G63/><T123/><D123/><U66/><E72/><V125/><F110/><W51/><G51/><T54/><D32/><U114/><E114/><V100/><F67/><W92/><G92/><T53/><D99/><U113/><E113/><V34/><F34/><W0/><G0/><T45/><REACH who="0" step="1"/><D12/><REACH who="0" ten="325,53,389,223" step="2"/><U108/><E108/><V64/><F97/><W80/><REACH who="3" step="1"/><G80/><REACH who="3" ten="325,53,389,213" step="2"/><T120/><D120/><U25/><REACH who="1" step="1"/><E9/><AGARI ba="2,2" hai="9,13,18,42,45,48,53,54,76,82,83,85,86,89" machi="9" ten="30,7700,0" yaku="1,1,7,1,8,1,53,1" doraHai="29" doraHaiUra="15" who="0" fromWho="1" sc="325,103,53,-83,389,0,213,0" owari="428,52.8,-30,-53.0,389,18.9,213,-18.7" /></mjloggm>