<mjloggm ver="2.3"><GO type="225" lobby="0"/><UN n0="%E3%81%8A%E3%81%8B%E3%81%8F%E3%82%89" n1="%E5%80%89%E6%A9%8B%EF%BC%A0%E4%BA%8B%E5%8B%99" n2="%E3%81%86%E3%81%A1%E3%83%BC" n3="%72%61%6B%33" dan="17,16,17,16" rate="2088.33,2093.71,2176.37,2172.59" sx="M,M,M,M"/><TAIKYOKU oya="0"/><INIT seed="0,0,0,0,3,74" ten="250,250,250,250" oya="0" hai0="9,2,17,43,30,116,53,65,64,92,8,103,76" hai1="90,27,127,48,89,119,13,79,81,7,105,122,93" hai2="37,23,112,11,80,36,131,104,120,91,118,39,49" hai3="34,40,77,62,45,55,130,56,124,95,46,51,4"/><T54/><D116/><U52/><E122/><V134/><F104/><W58/><G124/><T57/><D30/><U20/><E127/><V19/><F11/><N who="0" m="4170" /><D43/><U29/><E105/><V42/><F120/><W5/><G130/><T128/><D128/><U85/><E119/><V88/><F91/><W99/><G34/><T107/><D2/><U26/><E26/><V78/><F134/><W32/><G32/><T123/><D107/><U22/><E7/><V35/><F35/><W1/><G1/><T59/><D17/><N who="1" m="10287" /><E93/><V133/><F133/><W97/><G4/><T50/><D76/><U41/><E41/><V82/><F112/><W100/><G5/><T121/><D123/><U94/><E94/><V12/><F118/><W38/><G77/><T102/><D121/><U10/><E10/><V114/><F114/><W71/><G71/><T60/><D92/><U0/><E0/><V72/><F131/><W87/><G99/><T73/><D73/><U106/><E106/><V111/><F111/><W66/><G87/><T15/><D15/><U28/><E28/><V135/><F135/><W117/><G117/><T98/><D98/><U69/><E69/><V75/><F75/><W14/><G14/><T63/><D65/><U126/><E126/><V101/><F101/><W61/><G66/><T109/><D109/><U108/><E108/><V24/><F80/><W21/><G21/><T115/><D115/><U113/><E113/><V125/><F125/><W84/><G84/><T83/><D83/><U25/><E25/><V6/><F24/><W132/><G132/><T31/><D31/><RYUUKYOKU ba="0,0" sc="250,10,250,10,250,-30,250,10" hai0="50,53,54,57,59,60,63,64,102,103" hai1="22,27,29,48,52,79,81,85,89,90" hai3="38,40,45,46,51,55,56,58,61,62,95,97,100" /><INIT seed="0,1,0,4,3,81" ten="260,260,220,260" oya="0" hai0="74,35,76,53,3,2,6,88,52,44,21,112,89" hai1="34,129,75,25,63,119,118,73,123,15,39,9,16" hai2="30,115,87,10,4,111,80,51,132,101,90,17,40" hai3="130,108,27,121,45,67,41,103,46,125,110,85,58"/><T114/><D35/><U50/><E39/><V95/><F111/><N who="3" m="42539" /><G103/><T104/><D104/><U86/><E123/><V42/><F115/><W93/><G121/><T60/><D76/><U37/><E37/><V113/><F113/><W117/><G117/><T116/><D74/><U20/><E34/><V78/><F101/><W32/><G125/><T107/><D107/><U12/><E129/><V28/><F17/><W99/><G130/><T92/><D89/><U13/><E63/><V106/><F106/><W70/><G70/><T57/><D116/><U64/><E64/><V7/><F7/><W49/><G45/><T55/><D21/><U14/><E119/><V24/><F51/><W47/><G47/><T31/><D31/><U33/><E118/><V83/><F83/><W66/><G58/><T109/><D109/><U56/><E33/><V65/><F65/><W120/><G120/><T18/><D18/><U68/><E68/><V105/><F132/><W98/><G67/><T0/><D6/><U36/><E36/><V77/><F77/><W79/><G66/><T128/><D128/><U22/><E75/><V29/><F105/><W131/><G131/><T91/><D91/><U62/><E73/><V122/><F24/><W96/><G27/><T69/><D69/><U134/><E134/><V54/><F54/><N who="0" m="21098" /><D44/><U19/><E22/><V94/><F122/><W1/><G32/><T26/><D26/><U48/><E62/><V124/><F124/><W38/><G38/><T133/><D133/><U84/><E56/><V23/><F78/><W61/><G79/><T43/><D43/><RYUUKYOKU ba="1,0" sc="260,15,260,15,220,-15,260,-15" hai0="0,2,3,55,57,60,88,92,112,114" hai1="9,12,13,14,15,16,19,20,25,48,50,84,86" /><INIT seed="0,2,0,1,2,80" ten="275,275,205,245" oya="0" hai0="78,43,86,38,106,4,113,127,90,105,17,98,31" hai1="95,125,16,121,32,132,112,51,66,27,35,15,45" hai2="0,28,40,61,11,116,123,19,62,124,34,47,59" hai3="96,107,53,39,18,10,8,50,69,135,36,72,6"/><T67/><D31/><U83/><E121/><V52/><F123/><W46/><G72/><T1/><D113/><U88/><E112/><V70/><F124/><W77/><G77/><T44/><D67/><U128/><E128/><V71/><F116/><W119/><G119/><T26/><D127/><U133/><E125/><V21/><F34/><W111/><G111/><T74/><D98/><N who="1" m="57703" /><E66/><V48/><F28/><W13/><G69/><T12/><D26/><U49/><E27/><V41/><F11/><W68/><G68/><T82/><D4/><U73/><E73/><V23/><F0/><W103/><REACH who="3" step="1"/><G135/><REACH who="3" ten="275,275,205,235" step="2"/><T102/><D1/><AGARI ba="2,1" hai="1,6,8,10,13,18,36,39,46,50,53,96,103,107" machi="1" ten="30,3900,0" yaku="1,1,2,1,7,1,53,0" doraHai="80" doraHaiUra="114" who="3" fromWho="0" sc="275,-45,275,0,205,0,235,55" /><INIT seed="1,0,0,2,4,20" ten="230,275,205,290" oya="1" hai0="68,66,28,129,22,5,87,122,0,46,7,53,27" hai1="19,43,15,76,48,79,107,69,106,8,67,112,56" hai2="72,54,120,121,17,35,105,127,31,38,64,128,84" hai3="39,100,18,37,78,86,119,9,118,1,131,24,135"/><U73/><E112/><V124/><F72/><W2/><G100/><T81/><D129/><U101/><E69/><V115/><F105/><W102/><G102/><T26/><D0/><U16/><E19/><V45/><F128/><W96/><G96/><T14/><D14/><U13/><E13/><V60/><F17/><W74/><G74/><T44/><D66/><U114/><E114/><V109/><F84/><W70/><G70/><T21/><D68/><U94/><E73/><V89/><F89/><W111/><G131/><T12/><D122/><N who="2" m="47210" /><F115/><W104/><G104/><T110/><D110/><U116/><E116/><V82/><F82/><N who="3" m="47447" /><G111/><T34/><D53/><N who="1" m="31783" /><E107/><V130/><F130/><W36/><G9/><N who="0" m="4143" /><D7/><U126/><E106/><V134/><F109/><W10/><G10/><T99/><D34/><U58/><E43/><N who="2" m="22775" /><F54/><W42/><G42/><T29/><D99/><N who="1" m="59639" /><E126/><N who="2" m="48171" /><F134/><W108/><G135/><T30/><D28/><U49/><E67/><V98/><F98/><W59/><G108/><T57/><D87/><U92/><E92/><V132/><F132/><W55/><G18/><T50/><D81/><U33/><E33/><V71/><F31/><W62/><G1/><T65/><D65/><U47/><E79/><V3/><F35/><W32/><G2/><AGARI ba="0,0" hai="2,3,60,64,71" m="48171,22775,47210" machi="2" ten="30,2000,0" yaku="18,1,23,1" doraHai="20" who="2" fromWho="3" sc="230,0,275,0,205,20,290,-20" /><INIT seed="2,0,0,5,1,99" ten="230,275,225,270" oya="2" hai0="113,30,56,77,4,106,46,71,47,67,93,135,9" hai1="86,82,125,132,128,134,1,40,131,124,5,102,6" hai2="100,23,36,24,92,70,25,26,22,3,127,31,15" hai3="117,79,119,11,48,69,44,2,114,33,108,129,94"/><V13/><F36/><W101/><G33/><T54/><D106/><U51/><E40/><V109/><F70/><W52/><G69/><T14/><D113/><U84/><E51/><V126/><F3/><W87/><G114/><T50/><D135/><N who="1" m="51755" /><E102/><V78/><F78/><W65/><G65/><T115/><D30/><U63/><E63/><V10/><F109/><W37/><G108/><T61/><D77/><N who="1" m="46159" /><E86/><V88/><F100/><W35/><G35/><T133/><D115/><U107/><E107/><V28/><F88/><W123/><G37/><T8/><D133/><U20/><E20/><N who="2" m="7723" /><F92/><W97/><G87/><T118/><D118/><U27/><E27/><V121/><F121/><W29/><G123/><T53/><D9/><N who="1" m="2223" /><E6/><N who="2" m="3287" /><F15/><W55/><G79/><T18/><D93/><U64/><E64/><V76/><F76/><W130/><G29/><AGARI ba="0,0" hai="24,25,26,28,29,31,126,127" m="3287,7723" machi="29" ten="30,2900,0" yaku="34,2" doraHai="99" who="2" fromWho="3" sc="230,0,275,0,225,29,270,-29" /><INIT seed="2,1,0,2,1,73" ten="230,275,254,241" oya="2" hai0="99,104,80,114,8,54,118,88,38,53,81,93,97" hai1="124,28,125,47,122,22,117,68,98,48,45,19,119" hai2="10,67,40,110,34,61,69,113,116,82,31,4,75" hai3="123,18,30,58,106,20,102,108,63,1,36,132,78"/><V52/><F113/><W37/><G1/><T83/><D38/><U13/><E68/><V56/><F40/><W57/><G123/><T129/><D114/><U121/><E98/><V29/><F116/><N who="1" m="44617" /><E48/><V12/><F34/><W130/><G108/><T89/><D129/><U42/><E42/><V27/><F110/><W131/><G30/><T86/><D118/><U120/><E47/><V51/><REACH who="2" step="1"/><F27/><REACH who="2" ten="230,275,244,241" step="2"/><W72/><G131/><T6/><D104/><U111/><E111/><V25/><F25/><W112/><G130/><T109/><D109/><U16/><E28/><V90/><F90/><W21/><G112/><T3/><REACH who="0" step="1"/><D99/><REACH who="0" ten="220,275,244,241" step="2"/><U32/><E122/><V60/><F60/><W128/><G63/><T35/><D35/><U115/><E32/><V14/><F14/><W11/><G128/><T66/><D66/><U76/><E115/><V91/><F91/><W0/><G36/><T17/><D17/><U100/><E121/><V87/><F87/><W85/><G85/><T127/><D127/><U49/><E120/><V41/><F41/><W103/><G37/><T77/><D77/><AGARI ba="1,2" hai="4,10,12,29,31,51,52,56,61,67,69,75,77,82" machi="77" ten="40,12000,1" yaku="1,1,52,1,54,1,53,1" doraHai="73" doraHaiUra="55" who="2" fromWho="0" sc="220,-123,275,0,244,143,241,0" /><INIT seed="2,2,0,5,0,0" ten="97,275,387,241" oya="2" hai0="128,107,55,112,108,97,6,16,13,80,76,133,129" hai1="1,62,101,38,71,36,24,81,132,104,46,113,96" hai2="110,7,131,23,20,15,111,127,11,103,65,45,53" hai3="75,78,26,100,22,130,43,50,84,25,85,29,37"/><V120/><F120/><W21/><G130/><T82/><D112/><U79/><E113/><V102/><F131/><W134/><G134/><T118/><D133/><U124/><E132/><V19/><F65/><W35/><G37/><T66/><D66/><U94/><E124/><V8/><F127/><W90/><G75/><T27/><D108/><N who="2" m="41514" /><F53/><W91/><G35/><T115/><D55/><U117/><E117/><V48/><F11/><W64/><G100/><T105/><D97/><U54/><E1/><V88/><F88/><N who="3" m="33835" /><G78/><T68/><D76/><U3/><E3/><V87/><F87/><W83/><G83/><T67/><D67/><U60/><E71/><V63/><F63/><W93/><G64/><T92/><D68/><U95/><E62/><V57/><F57/><W32/><G85/><T123/><D80/><U42/><E60/><V33/><F33/><W89/><G32/><T119/><D82/><U77/><E54/><N who="2" m="29967" /><F20/><W70/><G70/><T114/><D123/><U2/><E81/><V18/><F18/><N who="3" m="12471" /><G50/><T47/><D118/><U30/><E36/><V10/><F10/><W99/><G84/><T14/><D119/><U59/><E79/><V86/><F86/><W12/><G43/><T135/><D114/><U56/><E77/><V61/><F61/><W40/><G40/><T5/><D115/><U74/><E38/><V116/><F116/><W126/><G126/><T39/><D135/><U106/><E42/><V69/><F69/><W58/><G58/><T28/><D39/><U17/><E59/><V121/><F103/><W72/><G72/><T34/><D128/><RYUUKYOKU ba="2,0" sc="97,-10,275,-10,387,-10,241,30" hai3="12,22,26,29,89,93,99" /><INIT seed="3,3,0,0,1,74" ten="87,265,377,271" oya="3" hai0="108,33,5,67,121,30,129,45,117,66,36,126,103" hai1="115,70,41,40,84,105,134,110,38,56,102,50,59" hai2="69,35,28,133,87,52,92,32,16,132,80,104,20" hai3="34,15,72,109,75,99,21,51,114,112,107,25,128"/><W24/><G128/><T60/><D5/><U111/><E115/><V57/><F69/><W120/><G120/><T43/><D103/><U39/><E134/><N who="2" m="51819" /><F92/><W82/><G15/><T8/><D8/><U89/><E70/><V18/><F104/><W17/><G51/><T37/><D30/><U0/><E0/><V68/><F68/><W81/><G109/><N who="1" m="41482" /><E102/><V61/><F28/><W88/><G34/><N who="2" m="12841" /><F20/><W29/><G29/><T79/><D33/><U49/><E105/><V22/><F22/><W95/><G107/><T54/><D108/><U62/><E49/><V44/><F44/><W96/><G25/><T3/><D3/><U90/><E50/><V26/><F26/><W131/><G99/><T42/><D121/><U4/><E4/><V63/><F63/><W9/><G131/><T86/><D129/><U10/><E10/><V12/><F12/><W27/><G9/><T93/><D45/><U78/><E59/><V101/><F101/><W124/><G24/><T85/><D60/><U127/><E56/><V46/><F46/><W23/><G23/><T1/><D1/><U91/><E62/><V31/><F31/><W53/><G114/><T94/><D54/><U55/><E55/><V130/><F130/><W119/><G112/><T123/><D123/><U65/><E65/><V73/><F73/><N who="3" m="28235" /><G53/><T58/><D58/><U77/><E127/><V2/><F2/><W113/><G113/><T47/><D126/><U14/><E14/><V19/><F19/><W76/><G124/><T100/><D47/><N who="1" m="23959" /><E84/><V64/><F52/><W116/><G82/><T71/><D100/><RYUUKYOKU ba="3,0" sc="87,-30,265,10,377,10,271,10" hai1="39,41,77,78,89,90,91" hai2="16,18,57,61,64,80,87" hai3="17,21,27,76,81,88,95,96,116,119" /><INIT seed="3,4,0,5,3,86" ten="57,275,387,281" oya="3" hai0="84,48,61,57,120,113,119,117,33,44,45,36,83" hai1="104,135,40,59,133,94,31,99,129,16,66,76,131" hai2="8,20,9,35,68,87,85,72,126,77,116,130,41" hai3="51,18,6,128,30,15,62,122,37,21,54,132,71"/><W78/><G122/><T80/><D33/><U11/><E104/><V105/><F35/><W74/><G37/><T22/><D120/><U118/><E40/><V67/><F68/><W123/><G123/><T0/><D0/><U81/><E118/><V25/><F67/><W34/><G128/><N who="1" m="49226" /><E31/><V88/><F72/><W52/><G132/><N who="1" m="50762" /><E59/><V90/><F105/><W115/><G115/><T42/><D113/><U10/><E66/><V121/><F8/><W114/><G114/><T4/><D119/><U111/><E111/><V134/><F9/><W43/><G6/><T106/><D117/><U3/><E3/><V53/><F41/><W13/><G13/><T17/><D106/><U23/><E81/><V102/><F116/><W100/><G100/><T32/><D32/><U97/><E76/><V109/><F77/><W82/><G71/><T63/><D36/><U46/><E46/><V65/><F65/><W79/><G79/><T75/><D75/><U69/><E69/><V27/><F109/><W107/><G107/><T56/><D4/><U19/><E99/><V89/><F134/><W38/><G38/><T12/><D45/><U47/><E47/><V60/><F130/><W50/><G43/><T108/><D108/><U95/><E95/><V2/><F2/><W96/><G96/><T28/><D28/><U101/><E19/><V112/><F102/><W7/><G7/><T92/><D56/><U5/><E5/><V29/><F29/><W127/><G54/><N who="0" m="33975" /><D63/><U124/><E124/><V70/><F126/><W58/><G127/><T93/><D93/><U64/><E64/><RYUUKYOKU ba="4,0" sc="57,10,275,10,387,-30,281,10" hai0="12,17,22,42,44,48,80,83,84,92" hai1="10,11,16,23,94,97,101" hai3="15,18,21,30,34,50,51,52,58,62,74,78,82" /><INIT seed="3,5,0,5,5,30" ten="67,285,357,291" oya="3" hai0="1,26,97,73,112,101,2,37,131,38,111,52,14" hai1="41,44,70,126,10,135,80,81,27,13,17,31,125" hai2="79,129,82,106,78,24,89,105,127,40,107,42,117" hai3="51,88,23,68,74,62,66,16,67,25,76,49,87"/><W119/><G119/><T96/><D14/><U39/><E70/><V6/><F117/><W20/><G67/><T50/><D131/><U46/><E135/><V9/><F127/><N who="1" m="48649" /><E46/><V57/><F24/><W47/><G74/><T113/><D73/><U32/><AGARI ba="5,0" hai="10,13,17,27,31,32,39,41,44,80,81" m="48649" machi="32" ten="30,2000,0" yaku="18,1,52,1" doraHai="30" who="1" fromWho="1" sc="67,-10,285,35,357,-10,291,-15" owari="57,-44.3,320,12.0,347,44.7,276,-12.4" /></mjloggm>