<mjloggm ver="2.3"><GO type="225" lobby="0"/><UN n0="%E3%81%82%E3%81%99%E3%81%AB%E3%82%83%E3%82%80" n1="%E5%B8%86%E7%AB%8B%E5%A4%8F%E8%A1%A3" n2="%E3%81%8B%E3%82%8F%E3%81%A1%E3%82%83%E3%82%93%35%38" n3="%6D%75%75%6D%75%72%61" dan="16,16,17,17" rate="2098.29,2103.18,2128.85,2191.09" sx="F,M,M,F"/><TAIKYOKU oya="0"/><INIT seed="0,0,0,5,1,99" ten="250,250,250,250" oya="0" hai0="44,32,89,103,20,112,122,110,132,43,82,5,68" hai1="24,39,66,74,46,29,130,65,78,3,106,91,9" hai2="93,92,121,111,135,70,120,131,102,21,61,114,2" hai3="4,0,56,40,75,19,59,117,83,95,11,73,86"/><T33/><D112/><U133/><E133/><V58/><F70/><W128/><G117/><T42/><D132/><U45/><E130/><V118/><F135/><W76/><G128/><T69/><D122/><U64/><E91/><V1/><F2/><W41/><G19/><T124/><D124/><U52/><E106/><V119/><F1/><W115/><G115/><T18/><D5/><U49/><E74/><V116/><F131/><W23/><G23/><T123/><D123/><U35/><E78/><V54/><F114/><W31/><G31/><T129/><D129/><U13/><E3/><V96/><F111/><W134/><G134/><T62/><D110/><U12/><REACH who="1" step="1"/><E9/><REACH who="1" ten="250,240,250,250" step="2"/><V72/><F72/><W27/><G75/><T60/><D89/><U17/><E17/><V22/><F121/><W107/><G107/><T57/><D18/><U97/><E97/><N who="2" m="59687" /><F120/><W25/><G73/><T105/><D105/><U47/><E47/><V85/><F85/><W104/><G104/><T67/><D44/><U87/><E87/><V94/><F94/><W6/><G95/><T81/><D82/><U26/><E26/><N who="3" m="9738" /><G0/><T127/><D81/><U77/><E77/><V55/><F55/><W79/><G79/><T88/><D88/><AGARI ba="0,1" hai="21,22,54,58,61,88,93,96,116,118,119" m="59687" machi="88" ten="30,3900,0" yaku="12,1,52,1,54,1" doraHai="99" who="2" fromWho="0" sc="250,-39,240,0,250,49,250,0" /><INIT seed="1,0,0,2,1,112" ten="211,240,299,250" oya="1" hai0="26,20,42,118,72,95,122,28,79,34,123,31,36" hai1="33,56,89,132,77,44,62,57,16,63,30,88,99" hai2="45,107,92,74,71,41,117,23,61,8,48,53,103" hai3="111,81,109,35,0,96,85,121,86,130,114,46,93"/><U27/><E132/><V80/><F107/><W65/><G35/><T21/><D95/><U69/><E77/><V131/><F131/><W91/><G114/><T84/><D72/><U120/><E120/><N who="0" m="46121" /><D31/><U52/><E69/><V17/><F8/><W64/><G121/><T119/><D42/><U98/><E44/><V59/><F74/><W105/><G130/><T58/><D36/><U100/><E16/><V14/><F71/><W54/><G0/><T126/><D126/><U78/><E78/><V76/><F76/><W50/><G105/><T106/><D106/><U128/><E128/><V102/><F80/><W11/><G86/><T66/><D66/><U104/><E99/><N who="2" m="59751" /><F117/><N who="0" m="44554" /><D58/><U129/><E129/><V12/><F103/><W25/><G64/><AGARI ba="0,0" hai="27,30,33,52,56,57,62,63,64,88,89,98,100,104" machi="64" ten="30,5800,0" yaku="7,1,54,2" doraHai="112" who="1" fromWho="3" sc="211,0,240,58,299,0,250,-58" /><INIT seed="1,1,0,3,2,44" ten="211,298,299,192" oya="1" hai0="103,27,64,63,23,99,94,135,70,10,129,39,41" hai1="51,110,102,15,34,92,126,85,134,68,81,93,112" hai2="46,17,59,61,38,77,118,11,48,47,125,45,105" hai3="106,28,9,65,50,116,13,42,49,20,67,121,54"/><U7/><E68/><V127/><F105/><W101/><G121/><T43/><D129/><U53/><E34/><V130/><F77/><W122/><G122/><T25/><D135/><U33/><E33/><V120/><F120/><W132/><G132/><T97/><D39/><U98/><E112/><V37/><F17/><W69/><G116/><T115/><D115/><U31/><E31/><V72/><F11/><W80/><G69/><T82/><D82/><U16/><E126/><N who="2" m="48139" /><F72/><W8/><G106/><T78/><D78/><N who="1" m="46263" /><E110/><V0/><F0/><W19/><G101/><T73/><D73/><U96/><E134/><V86/><F86/><W52/><G80/><T40/><D10/><N who="3" m="4201" /><G28/><T3/><D3/><U60/><E7/><V111/><F118/><W24/><G24/><T113/><D113/><U91/><E60/><V104/><F104/><W119/><G42/><T100/><REACH who="0" step="1"/><D23/><REACH who="0" ten="201,298,299,192" step="2"/><N who="1" m="11679" /><E53/><N who="3" m="20586" /><G119/><T1/><D1/><U124/><E124/><V76/><F37/><W95/><G95/><AGARI ba="1,1" hai="25,27,40,41,43,63,64,70,94,95,97,99,100,103" machi="95" ten="40,8000,1" yaku="1,1,9,1,53,2" doraHai="44" doraHaiUra="22" who="0" fromWho="3" sc="201,93,298,0,299,0,192,-83" /><INIT seed="2,0,0,4,2,11" ten="294,298,299,109" oya="2" hai0="112,103,88,135,75,30,37,42,23,72,47,39,110" hai1="62,25,119,15,77,19,106,36,122,54,20,65,129" hai2="35,61,131,105,5,81,26,118,97,123,116,87,124" hai3="41,115,114,16,12,55,48,29,74,8,121,57,128"/><V68/><F123/><W89/><G121/><T117/><D112/><N who="3" m="43049" /><G128/><T3/><D110/><U33/><E122/><V76/><F5/><W49/><G74/><T126/><D3/><U7/><E119/><V130/><F35/><W50/><G41/><T125/><D117/><N who="2" m="45162" /><F26/><W98/><G29/><T84/><D103/><U95/><E129/><N who="2" m="49163" /><F61/><W44/><G44/><T109/><D109/><U66/><E106/><V92/><F68/><W132/><G132/><T22/><D135/><U96/><E77/><V93/><F124/><N who="0" m="47722" /><D37/><U107/><E107/><V94/><F105/><W56/><G56/><T91/><D91/><AGARI ba="0,0" hai="76,81,87,91,92,93,94,97" m="49163,45162" machi="91" ten="30,5800,0" yaku="19,1,34,2" doraHai="11" who="2" fromWho="0" sc="294,-58,298,0,299,58,109,0" /><INIT seed="2,1,0,0,2,49" ten="236,298,357,109" oya="2" hai0="126,48,10,120,80,106,115,82,69,37,108,131,13" hai1="104,96,103,2,77,27,23,58,102,1,60,83,46" hai2="127,30,24,59,130,61,29,121,18,38,34,53,44" hai3="81,132,67,4,86,105,85,123,78,45,75,70,125"/><V99/><F121/><W98/><G123/><T117/><RYUUKYOKU type="yao9" ba="1,0" sc="236,0,298,0,357,0,109,0" hai0="10,13,37,48,69,80,82,106,108,115,117,120,126,131" /><INIT seed="2,2,0,2,0,10" ten="236,298,357,109" oya="2" hai0="100,88,31,58,103,99,59,102,64,83,130,79,124" hai1="67,55,38,29,104,91,19,15,5,23,111,47,27" hai2="25,119,66,50,2,53,109,120,6,14,20,127,90" hai3="37,80,115,82,101,8,86,110,16,46,116,128,131"/><V17/><F119/><W34/><G116/><T81/><D130/><N who="3" m="49705" /><G34/><T123/><D124/><U76/><E111/><V106/><F120/><W36/><G110/><T54/><D123/><U40/><E104/><V133/><F109/><W112/><G101/><T125/><D125/><U39/><E67/><V118/><F118/><W60/><G60/><N who="0" m="37911" /><D31/><U92/><E76/><V85/><F127/><W0/><G0/><T134/><D134/><U87/><E5/><V24/><F106/><W1/><G1/><T97/><D79/><U114/><E114/><N who="3" m="43562" /><G46/><T26/><D26/><U105/><E105/><V7/><F66/><W71/><G71/><T122/><D122/><U74/><E74/><V61/><F61/><W52/><G52/><T18/><D18/><U11/><REACH who="1" step="1"/><E55/><REACH who="1" ten="236,288,357,109" step="2"/><V12/><F6/><W13/><G80/><T28/><D81/><U78/><E78/><AGARI ba="2,1" hai="8,13,16,36,37,78,82,86" m="43562,49705" machi="78" ten="30,7700,0" yaku="19,1,11,1,52,1,54,1" doraHai="10" who="3" fromWho="1" sc="236,0,288,-83,357,0,109,93" /><INIT seed="3,0,0,3,1,116" ten="236,205,357,202" oya="3" hai0="80,10,32,125,114,11,51,85,18,58,130,96,6" hai1="109,120,129,38,55,77,124,106,65,62,22,60,107" hai2="48,67,9,23,78,63,24,42,105,49,26,103,7" hai3="3,81,35,29,30,95,20,71,17,100,86,27,43"/><W82/><G71/><T88/><D32/><U111/><E77/><V93/><F105/><W68/><G68/><T97/><D130/><U73/><E73/><V132/><F78/><W47/><G3/><T79/><D125/><U92/><E38/><V12/><F132/><W126/><G126/><T98/><D114/><U110/><E124/><V118/><F118/><W108/><G108/><T44/><D58/><N who="1" m="34911" /><E129/><V33/><F33/><W13/><G29/><T119/><D119/><U16/><E92/><V2/><F2/><W46/><G46/><T34/><D34/><U99/><E99/><N who="2" m="59887" /><F42/><W53/><G53/><N who="0" m="29927" /><D6/><U21/><E21/><V8/><F8/><N who="0" m="3114" /><D18/><U133/><E133/><V52/><F67/><W5/><G5/><T101/><D101/><U61/><E120/><V64/><F64/><W128/><G128/><T37/><D37/><U74/><E74/><V45/><F26/><W39/><REACH who="3" step="1"/><G100/><REACH who="3" ten="236,205,357,192" step="2"/><T40/><D40/><U41/><E41/><V19/><F45/><W28/><G28/><T54/><D54/><U70/><E62/><V69/><F69/><W56/><G56/><AGARI ba="0,1" hai="7,9,12,19,23,24,48,49,52,56,63" m="59887" machi="56" ten="30,2000,0" yaku="8,1,54,1" doraHai="116" who="2" fromWho="3" sc="236,0,205,0,357,30,192,-20" owari="236,3.6,205,-19.5,387,48.7,172,-32.8" /></mjloggm>