<mjloggm ver="2.3"><GO type="225" lobby="0"/><UN n0="%6D%61%74%69%67%75%73%61" n1="%E6%9D%B1%E9%A2%A8%E3%81%AE%E3%81%8D%E3%82%83%E3%81%B7%E3%81%95%E3%82%93" n2="%E3%81%B5%E3%81%98%E3%81%8B%E3%81%A4" n3="%6B%69%72%61%64%6F%6B%69" dan="17,16,16,16" rate="2248.73,2216.01,2146.13,2071.76" sx="M,M,M,M"/><TAIKYOKU oya="0"/><INIT seed="0,0,0,0,5,44" ten="250,250,250,250" oya="0" hai0="49,125,8,60,26,82,14,76,4,133,30,63,39" hai1="104,92,33,31,20,74,111,81,85,89,119,86,42" hai2="134,100,88,87,116,80,2,68,101,23,128,58,102" hai3="84,38,115,45,114,117,69,121,120,7,97,51,94"/><T75/><D133/><U72/><E33/><V11/><F134/><W50/><G7/><T66/><D125/><U35/><E35/><V95/><F68/><W28/><G28/><T135/><D39/><U0/><E0/><V41/><F128/><W67/><G84/><T113/><D113/><N who="3" m="43017" /><G94/><T64/><D135/><U40/><E104/><V13/><F2/><W18/><G18/><T56/><D49/><N who="3" m="18441" /><G97/><T110/><D110/><U99/><E111/><V29/><F41/><N who="1" m="15977" /><E72/><V22/><F58/><W54/><G117/><T131/><D131/><U90/><E119/><V43/><F43/><N who="3" m="22775" /><G54/><T107/><D107/><U98/><E74/><V25/><F116/><W36/><G36/><T12/><D8/><U16/><E31/><V70/><F23/><W118/><G118/><T1/><D4/><U17/><E17/><N who="2" m="8383" /><F70/><W24/><G24/><AGARI ba="0,0" hai="16,20,24,81,85,86,89,90,92,98,99" m="15977" machi="24" ten="30,2000,0" yaku="8,1,54,1" doraHai="44" who="1" fromWho="3" sc="250,0,250,20,250,0,250,-20" /><INIT seed="1,0,0,3,4,79" ten="250,270,250,230" oya="1" hai0="83,38,73,102,59,106,52,70,67,4,71,69,110" hai1="24,27,132,53,103,121,122,57,1,128,96,134,62" hai2="66,80,20,40,123,85,48,63,32,58,133,37,100" hai3="10,127,30,118,68,2,120,111,22,116,54,14,45"/><U49/><E1/><V87/><F32/><W91/><G68/><T125/><D4/><U104/><E62/><V129/><F123/><N who="1" m="47113" /><E128/><V11/><F129/><W55/><G120/><T77/><D110/><U114/><E114/><V18/><F133/><AGARI ba="0,0" hai="24,27,49,53,57,96,103,104,132,133,134" m="47113" machi="133" ten="30,1500,0" yaku="20,1" doraHai="79" who="1" fromWho="2" sc="250,0,270,15,250,-15,230,0" /><INIT seed="1,1,0,4,5,51" ten="250,285,235,230" oya="1" hai0="62,9,33,87,76,99,90,85,116,97,60,47,71" hai1="63,131,54,49,37,57,6,61,101,16,23,135,74" hai2="50,27,107,126,112,7,38,24,93,113,20,26,44" hai3="34,12,13,130,19,118,53,30,80,78,108,109,134"/><U42/><E74/><V91/><F107/><W17/><G130/><T58/><D116/><U14/><E131/><V35/><F126/><W117/><G80/><T64/><D33/><U129/><E129/><V32/><F38/><W0/><G78/><T56/><D47/><U28/><E135/><V43/><F7/><W124/><G0/><T55/><D71/><U45/><E101/><V69/><F69/><W100/><G100/><T73/><D73/><U81/><E6/><V4/><F4/><W77/><G77/><T70/><D70/><U106/><E106/><V102/><F102/><W1/><G1/><T75/><D9/><U88/><REACH who="1" step="1"/><E28/><REACH who="1" ten="250,275,235,230" step="2"/><N who="2" m="17415" /><F113/><W133/><G124/><T84/><D75/><U2/><E2/><V29/><F112/><W121/><G30/><T103/><D103/><U94/><E94/><V48/><F35/><W3/><G3/><T96/><REACH who="0" step="1"/><D76/><REACH who="0" ten="240,275,235,230" step="2"/><U111/><E111/><V128/><F32/><W89/><G34/><T120/><D120/><U79/><E79/><V5/><F128/><W105/><G105/><T68/><D68/><U18/><E18/><V122/><F29/><W127/><G127/><T125/><D125/><U67/><E67/><V36/><F122/><W10/><G121/><T72/><D72/><U25/><E25/><V115/><F115/><W8/><G89/><AGARI ba="1,2" hai="55,56,58,60,62,64,84,85,87,89,90,96,97,99" machi="89" ten="40,5200,0" yaku="1,1,8,1,52,1,53,0" doraHai="51" doraHaiUra="110" who="0" fromWho="3" sc="240,75,275,0,235,0,230,-55" /><INIT seed="2,0,0,2,3,38" ten="315,275,235,175" oya="2" hai0="115,122,3,47,9,15,110,84,73,19,118,114,103" hai1="74,119,40,85,78,48,116,99,43,95,30,7,53" hai2="65,57,106,50,93,89,75,51,90,96,20,117,6" hai3="21,87,41,101,105,128,8,113,92,66,1,81,55"/><V67/><F117/><W107/><G128/><T46/><D73/><U135/><E74/><V17/><F75/><W130/><G130/><T32/><D122/><U120/><E135/><V112/><F112/><W129/><G129/><T88/><D110/><U63/><E120/><V52/><F106/><W76/><G66/><T77/><D32/><U68/><E7/><V54/><F6/><W37/><G55/><T123/><D118/><U72/><E30/><V14/><REACH who="2" step="1"/><F90/><REACH who="2" ten="315,275,225,175" step="2"/><W69/><G113/><T26/><D88/><U132/><E72/><V64/><F64/><W13/><G107/><T79/><D115/><U59/><E119/><V11/><F11/><W0/><G105/><T58/><D9/><U28/><E116/><V2/><F2/><W91/><G8/><T86/><D3/><U121/><E121/><V18/><F18/><W56/><G0/><T44/><D19/><U22/><E132/><V39/><F39/><W131/><G1/><T80/><D123/><U60/><E28/><V34/><F34/><W94/><G131/><T108/><D114/><U25/><E22/><V82/><F82/><W104/><G37/><T98/><D80/><U126/><E126/><V12/><F12/><W62/><G13/><T29/><D15/><U10/><E10/><V124/><F124/><W35/><G21/><T33/><D29/><U70/><E25/><V97/><F97/><W134/><G35/><T24/><D98/><U109/><E99/><V45/><AGARI ba="0,1" hai="14,17,20,45,50,51,52,54,57,65,67,89,93,96" machi="45" ten="20,12000,1" yaku="1,1,0,1,7,1,8,1,54,1,53,0" doraHai="38" doraHaiUra="127" who="2" fromWho="2" sc="315,-40,275,-40,225,130,175,-40" /><INIT seed="2,1,0,2,1,94" ten="275,235,355,135" oya="2" hai0="106,60,118,54,66,98,84,45,101,55,85,110,87" hai1="109,121,100,33,29,76,102,104,46,15,24,22,72" hai2="34,131,53,0,117,82,27,14,105,62,99,25,112" hai3="73,12,23,5,51,128,92,30,123,61,127,20,96"/><V50/><F117/><W119/><G119/><T129/><D110/><U11/><E109/><V86/><F112/><W52/><G123/><T7/><D129/><U68/><E121/><V1/><F131/><W40/><G128/><T74/><D118/><U81/><E68/><V107/><F107/><W122/><G122/><T115/><D74/><U21/><E46/><V71/><F14/><W114/><G73/><T18/><D115/><U124/><E124/><V58/><F27/><W38/><G114/><T132/><D132/><U91/><E91/><V2/><F34/><W19/><G38/><T13/><D7/><U4/><REACH who="1" step="1"/><E102/><REACH who="1" ten="275,225,355,135" step="2"/><V59/><F71/><W90/><G127/><T80/><D45/><U125/><E125/><V26/><F59/><W63/><G40/><T41/><D41/><U108/><E108/><V32/><F58/><N who="3" m="33055" /><G5/><T16/><D80/><U67/><E67/><V65/><F82/><W89/><G89/><T116/><D116/><U111/><E111/><V17/><F65/><W134/><G134/><T48/><D48/><U88/><E88/><V93/><F50/><W77/><G77/><T28/><D66/><U3/><E3/><V10/><F1/><W113/><G113/><T43/><D43/><U95/><E95/><V49/><F93/><W79/><G79/><T57/><D55/><U69/><E69/><V31/><F53/><W9/><G30/><T133/><D133/><U8/><E8/><V78/><F31/><W44/><G44/><T39/><D28/><U75/><E75/><V130/><F78/><W42/><G42/><T126/><D126/><RYUUKYOKU ba="1,1" sc="275,-15,225,15,355,-15,135,15" hai1="4,11,15,21,22,24,29,33,72,76,81,100,104" hai3="9,12,19,20,23,61,63,90,92,96" /><INIT seed="3,2,1,2,2,24" ten="260,240,340,150" oya="3" hai0="11,99,22,88,69,33,90,13,80,67,100,131,34" hai1="122,93,18,63,79,116,115,97,29,31,87,107,103" hai2="21,121,68,49,57,108,98,37,89,123,74,60,35" hai3="46,133,38,50,127,110,83,82,130,8,70,4,104"/><W42/><G104/><T118/><D118/><U44/><E122/><N who="2" m="46603" /><F108/><W53/><G130/><T94/><D131/><U51/><E115/><V120/><F35/><W129/><G129/><T25/><D69/><U102/><E116/><V106/><F37/><W117/><G117/><T91/><D67/><U85/><E107/><V112/><F112/><W48/><G133/><T77/><D13/><U3/><E3/><V10/><F10/><W19/><G127/><T96/><D11/><U16/><E63/><V81/><F68/><W36/><G70/><T40/><D40/><N who="1" m="24967" /><E103/><V76/><F49/><W26/><G110/><T14/><D14/><U27/><E27/><V52/><F21/><W128/><G128/><T2/><D2/><U59/><E59/><V43/><F43/><W64/><G64/><T109/><D99/><U84/><E79/><V12/><F12/><N who="3" m="5127" /><G36/><T7/><D7/><U6/><E6/><V95/><F120/><W119/><G38/><T62/><D62/><U54/><E54/><V56/><F56/><N who="3" m="32807" /><G119/><T9/><D9/><U66/><E66/><V1/><F1/><W61/><G61/><T92/><D109/><U32/><E32/><V72/><F106/><W47/><G47/><T30/><REACH who="0" step="1"/><D94/><REACH who="0" ten="250,240,340,150" step="2"/><U113/><E113/><V101/><F101/><W45/><G45/><T41/><D41/><U105/><E105/><V126/><F126/><W65/><G65/><T28/><D28/><AGARI ba="2,2" hai="16,18,28,29,31,84,85,87,93,97,102" m="24967" machi="28" ten="30,8000,1" yaku="8,1,52,3,54,1" doraHai="24" who="1" fromWho="0" sc="250,-86,240,106,340,0,150,0" owari="164,-23.6,346,44.6,340,14.0,150,-35.0" /></mjloggm>