<mjloggm ver="2.3"><GO type="225" lobby="0"/><UN n0="%6D%75%75%6D%75%72%61" n1="%E3%81%82%E3%81%99%E3%81%AB%E3%82%83%E3%82%80" n2="%E3%83%A9%E3%83%BC%E3%83%A1%E3%83%B3%E4%BA%94%E9%83%8E" n3="%E4%B8%89%E5%86%A0%E7%8E%8B%E3%83%BB%E5%B1%B1%E7%94%B0%E5%93%B2%E4%BA%BA" dan="16,16,16,17" rate="2156.58,2051.37,2097.01,2180.02" sx="F,F,M,M"/><TAIKYOKU oya="0"/><INIT seed="0,0,0,2,2,123" ten="250,250,250,250" oya="0" hai0="104,31,15,78,24,102,54,103,106,79,68,35,46" hai1="69,33,76,19,62,122,73,27,67,11,81,14,12" hai2="117,39,97,56,13,10,48,95,55,1,3,87,92" hai3="66,77,23,45,121,8,16,98,18,91,17,129,109"/><T120/><D68/><U7/><E122/><V114/><F114/><W57/><G121/><T74/><D120/><U61/><E61/><V29/><F39/><W96/><G129/><T28/><D28/><U86/><E33/><V53/><F117/><W75/><G109/><T100/><D15/><U110/><E110/><V131/><F131/><W119/><G119/><T99/><D74/><U84/><REACH who="1" step="1"/><E27/><REACH who="1" ten="250,240,250,250" step="2"/><V36/><F1/><W26/><G26/><T59/><D35/><U83/><E83/><V30/><F3/><W112/><G112/><T88/><D24/><U80/><E80/><V71/><F13/><W21/><G66/><T118/><D118/><U124/><E124/><V58/><F36/><W133/><G133/><T89/><D31/><U2/><E2/><V64/><F64/><W0/><G0/><T4/><D104/><U6/><E6/><V40/><F29/><W41/><G23/><AGARI ba="0,1" hai="7,11,12,14,19,23,62,67,69,73,76,81,84,86" machi="23" ten="30,2000,0" yaku="1,1,7,1,53,0" doraHai="123" doraHaiUra="22" who="1" fromWho="3" sc="250,0,240,30,250,0,250,-20" /><INIT seed="1,0,0,2,3,33" ten="250,270,250,230" oya="1" hai0="62,24,66,118,45,54,22,10,88,13,79,46,84" hai1="92,20,47,125,72,127,38,119,69,36,26,133,12" hai2="83,107,49,7,134,14,4,71,135,73,51,52,98" hai3="82,78,93,102,39,132,57,130,85,55,112,37,115"/><U117/><E72/><V53/><F71/><W41/><G132/><N who="2" m="50729" /><F107/><W61/><G130/><T23/><D118/><U3/><E133/><V121/><F121/><W120/><G120/><T50/><D79/><U75/><E75/><V0/><F0/><W42/><G37/><T95/><D46/><U44/><E69/><V40/><F98/><W5/><G39/><T31/><D23/><U9/><E92/><V101/><F101/><W77/><G77/><T105/><D105/><U67/><E67/><V25/><F25/><W30/><G30/><T18/><D66/><U60/><E60/><AGARI ba="0,0" hai="10,13,18,22,24,31,45,50,54,60,62,84,88,95" machi="60" ten="40,2600,0" yaku="8,1,54,1" doraHai="33" who="0" fromWho="1" sc="250,26,270,-26,250,0,230,0" /><INIT seed="2,0,0,3,3,69" ten="276,244,250,230" oya="2" hai0="67,71,33,90,92,95,76,120,72,93,84,75,18" hai1="35,21,135,98,123,50,66,54,99,22,63,127,34" hai2="46,64,16,38,105,100,130,51,111,0,82,97,104" hai3="3,55,2,49,134,124,28,8,101,78,40,70,13"/><V73/><F0/><W14/><G70/><T87/><D33/><U94/><E135/><V113/><F113/><W121/><G121/><T86/><D67/><U47/><E123/><V10/><F130/><W91/><G134/><T108/><D18/><U118/><E118/><V132/><F132/><W36/><G124/><T20/><D20/><U112/><E112/><V32/><F32/><W25/><G101/><T125/><D71/><U126/><E34/><V5/><F104/><W79/><G13/><T96/><D120/><U62/><E35/><V81/><F111/><W1/><G91/><N who="0" m="53351" /><D125/><N who="1" m="47627" /><E99/><V15/><F73/><N who="0" m="28234" /><D108/><U23/><E66/><V45/><F5/><W24/><G28/><T30/><D30/><U88/><AGARI ba="0,0" hai="21,22,23,47,50,54,62,63,88,94,98" m="47627" machi="88" ten="30,2000,0" yaku="18,1,54,1" doraHai="69" who="1" fromWho="1" sc="276,-5,244,20,250,-10,230,-5" /><INIT seed="3,0,0,5,0,82" ten="271,264,240,225" oya="3" hai0="78,45,117,75,103,125,76,12,64,101,26,24,5" hai1="65,13,19,95,127,110,46,53,109,121,72,40,57" hai2="85,134,31,61,22,52,107,99,91,38,29,56,35" hai3="34,88,122,106,51,79,28,102,42,21,6,23,126"/><W60/><G122/><T123/><D117/><U4/><E72/><V0/><F38/><W111/><G79/><T70/><D123/><U54/><E4/><V43/><F0/><W89/><G6/><T39/><D125/><U71/><E127/><V87/><F35/><W66/><G126/><T81/><D76/><U116/><E121/><V94/><F107/><W1/><G1/><T50/><D39/><U74/><E74/><V37/><F134/><W14/><G111/><N who="1" m="42506" /><E71/><V118/><F118/><W84/><G42/><T49/><D49/><N who="1" m="26823" /><E116/><V93/><F93/><N who="3" m="54407" /><G89/><T135/><D135/><U131/><E131/><V59/><F43/><W133/><G14/><T105/><D105/><U86/><E95/><V120/><F37/><W104/><G51/><T69/><D12/><U119/><E86/><N who="2" m="32779" /><F120/><W114/><G133/><T97/><D70/><U58/><E119/><V44/><F44/><W30/><G106/><T92/><D69/><U132/><E132/><V63/><F22/><W62/><G114/><T90/><D75/><U8/><E57/><V36/><F36/><W80/><G80/><T67/><D81/><U73/><E73/><V108/><F108/><W41/><G41/><T16/><D78/><U115/><E115/><V112/><F112/><W15/><G15/><T17/><D45/><U47/><E47/><V33/><F33/><W124/><G124/><T9/><D5/><U3/><E3/><V83/><F83/><W128/><G128/><T130/><D130/><U10/><E8/><V7/><F7/><W11/><G104/><T32/><D9/><U20/><E10/><RYUUKYOKU ba="0,0" sc="271,-15,264,15,240,15,225,-15" hai1="13,19,20,53,54,58,65" hai2="29,31,52,56,59,61,63,91,94,99" /><INIT seed="4,1,0,0,4,30" ten="256,279,255,210" oya="0" hai0="34,104,25,58,6,123,4,88,66,5,103,7,89" hai1="132,101,79,35,38,135,129,63,68,21,42,86,8" hai2="128,92,87,15,127,102,72,3,98,27,70,113,69" hai3="54,73,90,18,118,29,122,76,44,23,99,96,49"/><T46/><D123/><U78/><E35/><V26/><F3/><W91/><G118/><T130/><D7/><U2/><E101/><V108/><F72/><W106/><G122/><T51/><D130/><U67/><E129/><V64/><F108/><W126/><G126/><T14/><D14/><U62/><E62/><V59/><F128/><W109/><G109/><T36/><D36/><U82/><E21/><V39/><F127/><W0/><G0/><T24/><D104/><U60/><E60/><V56/><F39/><W119/><G119/><T11/><D11/><U121/><E121/><V9/><F113/><W32/><G76/><T107/><D107/><U100/><E100/><V12/><F12/><W112/><G73/><T37/><D103/><U124/><E124/><V120/><F120/><W20/><G112/><T48/><D34/><U19/><E79/><V13/><F13/><N who="3" m="9295" /><G32/><T74/><D37/><U117/><E117/><V110/><F110/><W57/><G106/><T83/><D74/><U17/><E2/><V52/><F69/><W81/><G44/><T134/><D134/><N who="1" m="51243" /><E8/><V77/><F70/><W50/><G50/><N who="0" m="18987" /><D46/><AGARI ba="1,0" hai="17,19,38,42,46,63,67,68,78,82,86" m="51243" machi="46" ten="30,1000,0" yaku="20,1" doraHai="30" who="1" fromWho="0" sc="256,-13,279,13,255,0,210,0" /><INIT seed="5,0,0,1,2,90" ten="243,292,255,210" oya="1" hai0="14,126,86,47,50,133,92,30,97,64,116,101,29" hai1="42,114,1,118,31,2,27,102,62,22,41,131,0" hai2="7,119,124,11,88,23,105,73,127,26,9,36,63" hai3="39,125,85,129,91,115,28,79,8,95,77,58,109"/><U40/><E118/><V32/><F119/><W99/><G109/><T55/><D116/><U107/><E114/><V74/><F36/><W34/><G115/><T96/><D133/><U54/><E131/><V3/><F105/><W33/><G129/><T13/><D126/><U24/><E102/><V59/><F32/><W18/><G39/><T44/><D64/><U68/><E107/><V117/><F117/><W135/><G135/><T120/><D120/><U70/><E27/><V123/><F123/><W112/><G112/><T80/><D96/><U83/><E83/><V82/><F11/><W45/><G125/><N who="2" m="48201" /><F82/><W56/><G45/><T103/><D103/><U61/><REACH who="1" step="1"/><E54/><REACH who="1" ten="243,282,255,210" step="2"/><V43/><F26/><W94/><G33/><T122/><D122/><U121/><E121/><V128/><F128/><W111/><G111/><T93/><D80/><U37/><E37/><V76/><F73/><W130/><G130/><T21/><D55/><U72/><E72/><V20/><F74/><W106/><G106/><T57/><D101/><U66/><E66/><V65/><F65/><W100/><G34/><T15/><D93/><U104/><E104/><V5/><F76/><N who="3" m="29259" /><G28/><T25/><D30/><U84/><E84/><V113/><F113/><W75/><G75/><T49/><D86/><U108/><E108/><V87/><F87/><W98/><G85/><T19/><D29/><U38/><E38/><V71/><F88/><W46/><G46/><T110/><D110/><U16/><E16/><V67/><F67/><W4/><G18/><T78/><D47/><U89/><E89/><V12/><F43/><RYUUKYOKU ba="0,1" sc="243,-15,282,15,255,-15,210,15" hai1="0,1,2,22,24,31,40,41,42,61,62,68,70" hai3="4,8,56,58,91,94,95,98,99,100" /><INIT seed="5,1,1,0,0,122" ten="228,297,240,225" oya="1" hai0="78,35,63,85,86,24,38,2,118,128,62,80,123" hai1="129,70,53,19,5,29,94,28,113,106,125,55,46" hai2="135,87,7,61,15,69,11,34,8,56,134,99,110" hai3="82,13,65,37,124,112,108,39,114,45,88,59,107"/><U44/><E106/><V14/><F69/><W98/><G124/><T17/><D118/><U92/><E125/><V84/><F34/><W127/><G127/><T0/><D38/><U91/><E70/><V10/><F99/><W132/><G132/><N who="2" m="50729" /><F110/><W18/><G108/><T12/><D123/><U57/><E129/><V103/><F103/><W26/><G26/><T101/><D128/><U109/><E109/><V73/><F73/><W25/><G25/><T77/><D101/><U68/><E68/><V43/><F43/><W21/><G107/><T22/><D2/><U105/><E105/><V75/><F75/><W119/><G119/><T3/><D3/><U33/><E113/><N who="3" m="43626" /><G45/><N who="1" m="17514" /><E5/><N who="2" m="3343" /><F10/><W32/><G32/><T48/><D0/><U117/><E33/><V96/><F96/><W116/><G116/><T115/><D115/><U67/><E19/><V30/><F30/><N who="1" m="11881" /><E94/><V47/><F47/><W52/><G65/><AGARI ba="1,1" hai="7,11,15,56,61,65,84,87" m="3343,50729" machi="65" ten="30,1000,0" yaku="20,1" doraHai="122" who="2" fromWho="3" sc="228,0,297,0,240,23,225,-13" /><INIT seed="6,0,0,2,5,14" ten="228,297,263,212" oya="2" hai0="51,15,54,42,45,68,132,71,73,11,103,10,36" hai1="39,59,12,37,24,29,125,65,114,69,33,30,81" hai2="72,122,80,85,34,75,58,49,50,99,91,35,128" hai3="32,131,124,77,2,62,7,74,21,23,27,129,26"/><V53/><F122/><W134/><G74/><T17/><D132/><U135/><E69/><V78/><F128/><N who="3" m="49227" /><G77/><T96/><D73/><U46/><E114/><V98/><F72/><W101/><G101/><T3/><D3/><U67/><E29/><V82/><REACH who="2" step="1"/><F49/><REACH who="2" ten="228,297,253,212" step="2"/><W47/><G134/><T117/><D117/><U90/><E135/><V121/><F121/><W93/><G124/><T63/><D51/><U22/><E125/><V55/><F55/><W88/><G47/><T94/><D45/><U105/><E46/><V89/><F89/><W97/><G62/><T84/><D63/><U107/><E90/><V19/><F19/><W123/><G123/><T112/><D17/><U100/><E39/><V9/><F9/><N who="3" m="2295" /><G32/><AGARI ba="0,1" hai="32,34,35,50,53,58,75,78,80,82,85,91,98,99" machi="32" ten="40,2000,0" yaku="1,1,53,0" doraHai="14" doraHaiUra="133" who="2" fromWho="3" sc="228,0,297,0,253,30,212,-20" /><INIT seed="6,1,0,4,3,53" ten="228,297,283,192" oya="2" hai0="105,135,23,93,94,13,67,73,91,60,52,33,128" hai1="124,77,9,40,82,132,27,25,0,21,101,99,4" hai2="70,92,46,49,39,80,69,86,111,100,51,126,97" hai3="38,107,85,95,61,34,96,57,55,75,121,44,41"/><V76/><F126/><W26/><G75/><T134/><D33/><U115/><E115/><V72/><F111/><W29/><G121/><T18/><D105/><U125/><E40/><V11/><F39/><W56/><G85/><T14/><D73/><U112/><E112/><V66/><F11/><W7/><G7/><T71/><D128/><U116/><E116/><V103/><F103/><W110/><G110/><T81/><D14/><U50/><E50/><V3/><F3/><W130/><G130/><T64/><D64/><U79/><E132/><V22/><F22/><W36/><G107/><T123/><D123/><U37/><E37/><V74/><F51/><W113/><G113/><T120/><D120/><U62/><E62/><V35/><F35/><W98/><G38/><T19/><D19/><U30/><E82/><V47/><F47/><W5/><G5/><T6/><D81/><U117/><E25/><V68/><REACH who="2" step="1"/><F66/><REACH who="2" ten="228,297,273,192" step="2"/><W8/><G8/><T127/><D127/><N who="1" m="48715" /><E117/><V83/><F83/><W59/><G98/><T78/><D134/><U12/><E0/><V129/><F129/><W42/><REACH who="3" step="1"/><G41/><AGARI ba="1,1" hai="41,46,49,68,69,70,72,74,76,80,86,92,97,100" machi="41" ten="40,2000,0" yaku="1,1,53,0" doraHai="53" doraHaiUra="24" who="2" fromWho="3" sc="228,0,297,0,273,33,192,-23" owari="228,-17.2,297,9.7,306,40.6,169,-33.1" /></mjloggm>