<mjloggm ver="2.3"><GO type="225" lobby="0"/><UN n0="%E6%98%93%E5%88%A9%E8%96%A9%E4%BC%AF" n1="%E3%82%AF%E3%82%A3%E3%82%A6" n2="%E5%B8%86%E7%AB%8B%E5%A4%8F%E8%A1%A3" n3="%72%69%6F%75%63%68%61%6E" dan="16,16,16,16" rate="2051.03,2084.33,2116.07,2127.81" sx="F,M,M,M"/><TAIKYOKU oya="0"/><INIT seed="0,0,0,0,5,81" ten="250,250,250,250" oya="0" hai0="90,1,68,113,91,25,78,8,41,31,38,105,114" hai1="30,66,111,44,106,83,130,4,103,43,61,100,13" hai2="20,115,110,45,17,42,46,119,123,21,104,74,0" hai3="49,125,132,16,51,98,32,94,75,71,54,60,28"/><T85/><D105/><U96/><E111/><V131/><F17/><W53/><G125/><T128/><D68/><U127/><E127/><V59/><F59/><W23/><G132/><T70/><D70/><U120/><E120/><V76/><F21/><W27/><G75/><T34/><D128/><U39/><E130/><V12/><F12/><W134/><G134/><T80/><D38/><U126/><E126/><V99/><F20/><W62/><G51/><T48/><D41/><U7/><E100/><V73/><F42/><W122/><G122/><T117/><D48/><U65/><E65/><V47/><F47/><W19/><G19/><T26/><D26/><U121/><E121/><V97/><F46/><W40/><G40/><T11/><D117/><U18/><E83/><V3/><F45/><W116/><G116/><T133/><D11/><U84/><E84/><V82/><F74/><W79/><G79/><T72/><D133/><U101/><E101/><V2/><F123/><W6/><G6/><T95/><REACH who="0" step="1"/><D91/><REACH who="0" ten="240,250,250,250" step="2"/><U69/><REACH who="1" step="1"/><E30/><REACH who="1" ten="240,240,250,250" step="2"/><V77/><F119/><W36/><G28/><T102/><D102/><U5/><E5/><AGARI ba="0,2" hai="1,5,8,25,31,34,72,78,80,85,90,95,113,114" machi="5" ten="40,3900,0" yaku="1,1,52,1,53,0" doraHai="81" doraHaiUra="124" who="0" fromWho="1" sc="240,59,240,-39,250,0,250,0" /><INIT seed="0,1,0,5,4,132" ten="299,201,250,250" oya="0" hai0="97,60,123,105,56,80,27,43,75,79,44,120,61" hai1="118,128,133,8,20,98,131,109,94,129,32,38,14" hai2="76,11,96,104,116,41,25,21,40,83,103,87,126" hai3="93,15,64,6,50,108,47,85,26,73,9,2,134"/><T66/><D27/><U51/><E118/><V71/><F116/><W16/><G108/><T19/><D19/><U122/><E122/><V70/><F11/><W92/><G134/><T114/><D114/><U30/><E109/><V117/><F117/><W81/><G73/><T0/><D0/><U1/><E38/><V127/><F41/><W12/><G64/><T37/><D105/><U67/><E133/><V86/><F86/><W53/><G26/><T23/><D23/><U3/><E32/><V29/><REACH who="2" step="1"/><F40/><REACH who="2" ten="299,201,240,250" step="2"/><W52/><G53/><T49/><D97/><U65/><E1/><V90/><F90/><N who="3" m="51503" /><G2/><T82/><D82/><U78/><E3/><V102/><F102/><W100/><G100/><T89/><D89/><U45/><E98/><V106/><F106/><W7/><G6/><T121/><REACH who="0" step="1"/><D66/><REACH who="0" ten="289,201,240,250" step="2"/><U91/><E67/><V18/><F18/><W99/><G99/><T135/><D135/><U119/><E65/><V36/><F36/><W57/><G57/><T10/><D10/><AGARI ba="1,2" hai="7,9,10,12,15,16,47,50,52,92,93" m="51503" machi="10" ten="30,7700,0" yaku="25,1,8,1,54,2" doraHai="132" who="3" fromWho="0" sc="289,-80,201,0,240,0,250,100" /><INIT seed="1,0,0,1,0,39" ten="209,201,240,350" oya="1" hai0="122,62,3,70,107,88,86,73,135,8,26,6,84" hai1="134,44,54,131,117,68,105,19,37,59,45,133,82" hai2="126,28,94,99,60,69,4,53,25,34,10,32,9" hai3="91,23,21,79,14,100,104,13,113,123,74,102,118"/><U129/><E105/><V40/><F126/><W85/><G123/><T128/><D107/><U27/><E68/><V93/><F34/><W64/><G113/><T97/><D73/><U17/><E117/><V63/><F69/><W108/><G108/><T98/><D128/><N who="1" m="49227" /><E82/><V92/><F99/><W75/><G118/><T80/><D122/><U90/><E90/><V67/><F67/><W5/><G64/><T50/><D135/><N who="1" m="51723" /><E27/><V87/><F87/><W7/><G85/><T109/><D109/><U56/><E37/><V30/><F94/><W0/><G104/><T119/><D119/><U71/><E71/><V132/><F132/><W114/><G91/><T29/><D86/><U112/><E112/><V76/><F25/><W16/><G114/><T49/><D98/><U106/><E106/><V33/><F92/><W18/><G0/><T42/><D97/><U12/><E12/><V46/><F93/><W124/><REACH who="3" step="1"/><G124/><REACH who="3" ten="209,201,240,340" step="2"/><T95/><D80/><U66/><E66/><V115/><F115/><W38/><G38/><T24/><D84/><U55/><E19/><V61/><F76/><AGARI ba="0,1" hai="5,7,13,14,16,18,21,23,74,75,76,79,100,102" machi="76" ten="25,6400,0" yaku="1,1,22,2,54,1,53,0" doraHai="39" doraHaiUra="57" who="3" fromWho="2" sc="209,0,201,0,240,-64,340,74" /><INIT seed="2,0,0,2,1,52" ten="209,201,176,414" oya="2" hai0="96,15,114,93,76,131,14,70,4,17,58,56,13" hai1="19,78,55,130,11,87,12,32,74,67,27,63,66" hai2="101,128,8,3,112,38,77,37,116,53,92,95,129" hai3="108,122,135,41,68,120,39,25,85,51,42,21,43"/><V18/><F112/><W100/><G108/><T98/><D114/><U40/><E130/><N who="2" m="50283" /><F116/><W61/><G39/><N who="2" m="14857" /><F101/><W115/><G135/><T36/><D70/><U83/><E74/><V9/><F77/><W65/><G115/><T0/><D36/><U73/><E73/><V46/><F18/><W118/><G118/><T113/><D0/><U50/><E40/><V49/><F8/><W57/><G100/><T2/><D2/><U105/><E105/><V5/><AGARI ba="0,0" hai="3,5,9,46,49,53,92,95" m="14857,50283" machi="5" ten="40,2100,0" yaku="19,1" doraHai="52" who="2" fromWho="2" sc="209,-7,201,-7,176,21,414,-7" /><INIT seed="2,1,0,3,0,115" ten="202,194,197,407" oya="2" hai0="46,123,132,56,28,15,84,117,126,58,120,37,24" hai1="31,129,25,43,64,29,118,72,35,114,83,104,44" hai2="53,116,98,36,12,101,66,32,34,109,41,69,38" hai3="7,105,91,48,88,96,23,10,76,74,75,0,2"/><V90/><F90/><W122/><G122/><T99/><D132/><U26/><E64/><V124/><F12/><W86/><G0/><T33/><D126/><U87/><E114/><V106/><F124/><W70/><G70/><T30/><D30/><U102/><E129/><V54/><F54/><W112/><G112/><T127/><D127/><U89/><E72/><V93/><F93/><W121/><G121/><T62/><D58/><U125/><E125/><V8/><F109/><W21/><G48/><T19/><D99/><U14/><E14/><V47/><F38/><W42/><G42/><T77/><D117/><U9/><E9/><V63/><F116/><W65/><G65/><T78/><D46/><U51/><E118/><V57/><REACH who="2" step="1"/><F8/><REACH who="2" ten="202,194,187,407" step="2"/><N who="3" m="2167" /><G91/><T133/><D37/><U80/><E104/><V119/><F119/><W39/><G10/><T52/><D120/><U59/><E59/><V92/><F92/><N who="3" m="54295" /><G39/><T131/><D123/><U82/><REACH who="1" step="1"/><E102/><REACH who="1" ten="202,184,187,407" step="2"/><V5/><F5/><W1/><G1/><T134/><D134/><U67/><E67/><V79/><F79/><W85/><G76/><T16/><D133/><U40/><E40/><V135/><F135/><W113/><G113/><T45/><D78/><U95/><E95/><V103/><F103/><W108/><G108/><T100/><D100/><U130/><E130/><V22/><F22/><AGARI ba="1,2" hai="22,25,26,29,31,35,43,44,51,80,82,83,87,89" machi="22" ten="30,2000,0" yaku="1,1,7,1,53,0" doraHai="115" doraHaiUra="60" who="1" fromWho="2" sc="202,0,184,43,187,-23,407,0" /><INIT seed="3,0,0,2,3,120" ten="202,227,164,407" oya="3" hai0="1,56,82,11,64,135,2,35,80,104,116,3,79" hai1="126,99,47,110,89,97,128,108,50,70,81,131,85" hai2="71,31,92,51,55,57,13,23,68,123,91,39,78" hai3="45,115,129,125,87,30,114,15,105,28,103,101,90"/><W121/><G121/><T72/><D116/><U9/><E70/><V6/><F123/><W42/><G105/><T12/><D35/><U130/><E126/><V63/><F39/><W73/><G73/><T36/><D36/><U112/><E9/><V106/><F106/><W14/><G28/><T66/><D104/><U59/><E59/><V38/><F38/><W69/><G30/><T33/><D33/><U24/><E24/><V5/><F78/><W8/><G14/><T122/><D135/><U127/><E127/><V27/><F13/><W77/><G69/><T102/><D102/><U118/><E118/><V46/><F71/><W26/><G26/><T4/><D122/><U0/><E0/><V43/><REACH who="2" step="1"/><F68/><REACH who="2" ten="202,227,154,407" step="2"/><W52/><G77/><T95/><D79/><U88/><E112/><V111/><F111/><N who="1" m="42537" /><E89/><V133/><F133/><W119/><G90/><T98/><D3/><U10/><E128/><V53/><F53/><W60/><G52/><T20/><D2/><U17/><E131/><V40/><F40/><W29/><G42/><T117/><D1/><U76/><E130/><V100/><F100/><W37/><G101/><T75/><D117/><U74/><E74/><V94/><F94/><W96/><G129/><T48/><D75/><U7/><E76/><V44/><F44/><W107/><G45/><T93/><D72/><U113/><E113/><V86/><AGARI ba="0,1" hai="5,6,23,27,31,43,46,51,55,57,63,86,91,92" machi="86" ten="20,5200,0" yaku="1,1,0,1,7,1,8,1,53,0" doraHai="120" doraHaiUra="124" who="2" fromWho="2" sc="202,-13,227,-13,154,62,407,-26" owari="189,-31.1,214,-18.6,216,1.6,381,48.1" /></mjloggm>