<mjloggm ver="2.3"><GO type="225" lobby="0"/><UN n0="%E6%A1%9C%E8%8A%B1%E9%96%83%E3%80%85" n1="%77%72%77%72%77%72%77%72" n2="%E5%A4%9C%E3%81%AE%E3%82%AC%E3%82%B9%E3%83%91%E3%83%BC%E3%83%AB" n3="%E5%A4%96%E5%B7%9D%E7%AB%9C%E6%88%90" dan="16,17,17,16" rate="2160.58,2180.63,2196.44,2100.27" sx="M,M,M,M"/><TAIKYOKU oya="0"/><INIT seed="0,0,0,2,1,63" ten="250,250,250,250" oya="0" hai0="79,7,86,19,94,84,45,51,76,123,83,85,114" hai1="2,11,118,116,104,41,30,10,127,34,62,133,97" hai2="8,81,66,89,43,105,119,69,22,100,80,9,96" hai3="122,102,49,3,33,73,77,18,121,17,35,46,0"/><T25/><D114/><U109/><E109/><V128/><F128/><W54/><G102/><T16/><D123/><N who="3" m="47113" /><G77/><T55/><D7/><U68/><E133/><V103/><F119/><W28/><G73/><T70/><D70/><U134/><E134/><V39/><F103/><W31/><G54/><T130/><D130/><U91/><E127/><V47/><F22/><W74/><G49/><T95/><D25/><N who="1" m="18767" /><E91/><V115/><F115/><W112/><G46/><T90/><D94/><U75/><E41/><V6/><F89/><W38/><G38/><T14/><D14/><U64/><E75/><V88/><F88/><W99/><G99/><T72/><D72/><U40/><E40/><V93/><F93/><W57/><G57/><T65/><D65/><U106/><E10/><V125/><F125/><W126/><G74/><T111/><D111/><U120/><E120/><V71/><F71/><W60/><G60/><T32/><D32/><N who="3" m="12361" /><G112/><T107/><REACH who="0" step="1"/><D107/><REACH who="0" ten="240,250,250,250" step="2"/><N who="1" m="41003" /><E97/><V15/><F9/><W124/><G124/><T37/><D37/><U129/><E129/><V67/><F67/><W4/><G126/><T27/><D27/><U29/><E29/><N who="3" m="11338" /><G4/><AGARI ba="0,1" hai="2,4,11,62,64,68,116,118" m="41003,18767" machi="4" ten="30,2000,0" yaku="23,1,52,1" doraHai="63" who="1" fromWho="3" sc="240,0,250,30,250,0,250,-20" /><INIT seed="1,0,0,2,1,105" ten="240,280,250,230" oya="1" hai0="4,112,104,72,73,65,91,47,0,130,63,24,28" hai1="95,84,34,76,128,58,68,98,119,53,88,10,96" hai2="3,103,89,80,36,5,110,52,92,93,107,87,11" hai3="1,31,94,74,66,42,17,16,102,18,126,44,132"/><U32/><E119/><V125/><F36/><W114/><G114/><T121/><D112/><U118/><E118/><V27/><F110/><W97/><G1/><T67/><D67/><U12/><E68/><V115/><F115/><W82/><G126/><T111/><D111/><U90/><E128/><V131/><F125/><W78/><G132/><T29/><D29/><U83/><E90/><V59/><F131/><W61/><G31/><T100/><D91/><U14/><E14/><V30/><F107/><W39/><REACH who="3" step="1"/><G18/><REACH who="3" ten="240,280,250,220" step="2"/><T75/><D130/><U25/><E34/><V13/><F3/><W41/><G41/><T38/><D121/><U79/><E32/><V122/><F122/><W133/><G133/><T7/><D0/><U43/><E43/><V54/><F30/><W64/><G64/><T123/><D123/><U116/><E116/><V77/><F54/><W134/><G134/><T6/><D28/><U99/><E53/><V62/><F52/><W56/><AGARI ba="0,1" hai="16,17,39,42,44,56,61,66,74,78,82,94,97,102" machi="56" ten="20,8000,1" yaku="1,1,0,1,7,1,52,1,54,1,53,0" doraHai="105" doraHaiUra="129" who="3" fromWho="3" sc="240,-20,280,-40,250,-20,220,90" /><INIT seed="2,0,0,5,5,22" ten="220,240,230,310" oya="2" hai0="98,5,20,18,6,51,41,56,85,77,32,13,60" hai1="44,104,59,23,123,61,76,113,34,67,120,96,126" hai2="128,131,68,40,49,57,19,12,91,73,80,48,63" hai3="62,47,78,4,116,75,107,0,8,115,79,11,28"/><V30/><F68/><W42/><G116/><T111/><D111/><U82/><E113/><V94/><F30/><W89/><G115/><T29/><D98/><U21/><E34/><V132/><F132/><W27/><G107/><T124/><D124/><U134/><E126/><V54/><F80/><W101/><G101/><T86/><D29/><U58/><E44/><V87/><F73/><W71/><G11/><T90/><D32/><U135/><E58/><V121/><F121/><N who="1" m="46665" /><E96/><V3/><F3/><W72/><G89/><T36/><D36/><U52/><E67/><V92/><F92/><W95/><G95/><N who="0" m="54735" /><D51/><U105/><E105/><V112/><F112/><W1/><G1/><T16/><D41/><U110/><E110/><V74/><F74/><W122/><G122/><T46/><D46/><U25/><E21/><N who="2" m="11495" /><F40/><W65/><G79/><T117/><D117/><U103/><E103/><V102/><F102/><W24/><G78/><T26/><D77/><U88/><E104/><V15/><F15/><W10/><G27/><T127/><D127/><U106/><E106/><V69/><F69/><W118/><G118/><T114/><D114/><U70/><E70/><V125/><F125/><W133/><G133/><T84/><D84/><N who="1" m="50199" /><E76/><V9/><F9/><W83/><G10/><N who="0" m="6199" /><D86/><U35/><E35/><V43/><F43/><W33/><G83/><T55/><AGARI ba="0,0" hai="5,6,18,20,26,55,56,60" m="6199,54735" machi="55" ten="30,4000,0" yaku="8,1,52,1,54,1" doraHai="22" who="0" fromWho="0" sc="220,40,240,-10,230,-20,310,-10" /><INIT seed="3,0,0,1,3,75" ten="260,230,210,300" oya="3" hai0="35,41,101,7,89,98,20,121,120,32,134,130,90" hai1="63,100,110,12,25,34,40,125,123,2,91,57,55" hai2="36,3,108,8,107,117,114,132,70,115,122,10,9" hai3="96,104,29,65,99,46,17,22,88,49,82,47,86"/><W80/><G104/><T28/><D41/><U67/><E123/><V38/><RYUUKYOKU type="yao9" ba="0,0" sc="260,0,230,0,210,0,300,0" hai2="3,8,9,10,36,38,70,107,108,114,115,117,122,132" /><INIT seed="3,1,0,0,2,127" ten="260,230,210,300" oya="3" hai0="114,76,49,100,36,42,48,7,19,56,54,11,52" hai1="60,70,125,78,86,21,134,87,59,92,16,103,118" hai2="57,131,26,4,80,88,77,89,84,37,132,116,46" hai3="122,71,24,119,17,79,123,61,69,72,29,2,65"/><W35/><G119/><T83/><D114/><U111/><E125/><V107/><F116/><W129/><G129/><T75/><D100/><U66/><E118/><V20/><F107/><W50/><G71/><T121/><D121/><U67/><E111/><V44/><F131/><W64/><G64/><T41/><D19/><U73/><E134/><V133/><F4/><W63/><G63/><T105/><D105/><U106/><E106/><V55/><F37/><W51/><G17/><T9/><D36/><U128/><E128/><V82/><F132/><W38/><G38/><T95/><D95/><U12/><E73/><V98/><F133/><W13/><G13/><T74/><D74/><U101/><E67/><V31/><F98/><W23/><G23/><T22/><D22/><U85/><E70/><V104/><F104/><W68/><G68/><T108/><D108/><U94/><E78/><V5/><F5/><W124/><G124/><T62/><D62/><U40/><E40/><V14/><F14/><W97/><G97/><T113/><D113/><U39/><E39/><V32/><F32/><W18/><G18/><T10/><REACH who="0" step="1"/><D7/><REACH who="0" ten="250,230,210,300" step="2"/><U81/><E81/><V120/><F120/><N who="3" m="46123" /><G50/><T3/><D3/><U126/><E126/><V25/><F25/><W96/><G51/><T102/><D102/><AGARI ba="1,1" hai="12,16,21,59,60,66,85,86,87,92,94,101,102,103" machi="102" ten="40,2600,0" yaku="8,1,54,1" doraHai="127" who="1" fromWho="0" sc="250,-29,230,39,210,0,300,0" owari="221,-17.9,269,6.9,210,-29.0,300,40.0" /></mjloggm>