<mjloggm ver="2.3"><GO type="225" lobby="0"/><UN n0="%E3%83%9E%E3%82%AB%E3%83%92%E3%82%AD" n1="%45%6C%79%73%69%75%6D" n2="%E6%80%AA%E3%81%97%E3%81%99%E3%81%8E%E3%82%8B%E3%83%81%E3%83%BC" n3="%E3%83%B4%E3%82%A3%E3%83%AF%E3%82%B3%E3%82%B0%E3%83%8B" dan="16,18,16,16" rate="2089.01,2150.77,2083.38,2186.54" sx="M,F,M,M"/><TAIKYOKU oya="0"/><INIT seed="0,0,0,0,4,85" ten="250,250,250,250" oya="0" hai0="59,34,78,30,36,130,79,66,92,55,128,43,77" hai1="8,108,87,119,0,101,65,9,15,51,58,109,94" hai2="113,52,86,111,118,5,93,67,40,91,134,24,53" hai3="64,17,27,121,107,106,81,97,105,46,69,75,68"/><T96/><D34/><U4/><E119/><V110/><F113/><W49/><G121/><T41/><D30/><U98/><E87/><V61/><F118/><W19/><G97/><T10/><D66/><U14/><E0/><V33/><F134/><W89/><G27/><T71/><D71/><U63/><REACH who="1" step="1"/><E51/><REACH who="1" ten="250,240,250,250" step="2"/><V21/><F110/><W29/><G49/><N who="0" m="31215" /><D36/><U32/><E32/><V114/><F33/><W74/><G75/><T131/><D10/><U83/><E83/><V3/><F111/><W50/><G81/><T45/><D45/><U133/><E133/><V22/><F114/><W2/><G50/><T122/><D122/><U88/><E88/><AGARI ba="0,1" hai="41,43,77,78,79,88,92,96,128,130,131" m="31215" machi="88" ten="40,7700,0" yaku="19,1,52,1,54,1" doraHai="85" who="0" fromWho="1" sc="250,87,240,-77,250,0,250,0" /><INIT seed="0,1,0,1,5,100" ten="337,163,250,250" oya="0" hai0="85,53,58,117,93,132,29,103,39,34,33,23,83" hai1="28,36,114,98,10,135,78,51,1,75,70,118,124" hai2="41,6,108,21,79,113,134,115,48,94,4,44,128" hai3="127,73,19,123,47,91,11,131,42,62,104,66,16"/><T80/><D117/><U7/><E118/><V49/><F108/><W110/><G73/><T77/><D39/><U95/><E135/><V61/><F134/><W109/><G131/><T89/><D132/><U67/><E124/><V32/><F32/><W133/><G133/><T15/><D103/><U88/><E114/><V87/><F128/><W2/><G127/><T120/><D120/><U72/><E36/><V105/><F105/><W27/><G91/><T22/><D22/><U71/><E28/><V99/><F61/><W38/><G104/><T102/><D102/><U65/><E51/><V18/><F48/><W126/><G123/><T20/><D20/><U122/><E122/><V14/><F113/><W35/><G126/><T68/><D68/><U101/><E71/><V82/><REACH who="2" step="1"/><F115/><REACH who="2" ten="337,163,240,250" step="2"/><W46/><G110/><T64/><D34/><U116/><E116/><V12/><F12/><W8/><G109/><T52/><D33/><U96/><E70/><V92/><F92/><W60/><G35/><T59/><D93/><U125/><E125/><V30/><F30/><W106/><G106/><T50/><D29/><U5/><E1/><V107/><F107/><W43/><G2/><T119/><D15/><U37/><E37/><V25/><F25/><W129/><G38/><T86/><D119/><U3/><E3/><V54/><F54/><W0/><G0/><T45/><D64/><U31/><E31/><V9/><F9/><W55/><G66/><T84/><D53/><U17/><E65/><V57/><F57/><N who="0" m="21514" /><D23/><U24/><E67/><V26/><F26/><W13/><G27/><RYUUKYOKU ba="1,1" sc="337,15,163,-15,240,15,250,-15" hai0="45,50,52,77,80,83,84,85,86,89" hai2="4,6,14,18,21,41,44,49,79,82,87,94,99" /><INIT seed="0,2,1,3,2,134" ten="352,148,255,235" oya="0" hai0="26,122,36,61,115,33,22,132,41,91,12,81,130" hai1="16,60,3,100,98,124,105,66,76,104,79,80,83" hai2="56,97,113,82,64,131,88,9,0,13,89,99,19" hai3="107,38,54,17,111,63,101,2,120,6,30,90,25"/><T5/><D115/><U85/><E3/><V24/><F113/><W11/><G111/><T10/><D122/><U112/><E112/><V65/><F131/><W27/><G38/><T58/><D132/><U94/><E16/><N who="2" m="8239" /><F0/><W53/><G107/><T67/><D33/><U114/><E114/><V77/><F77/><W135/><G101/><T29/><D36/><U48/><E48/><V128/><F128/><W34/><G135/><T59/><D41/><U86/><REACH who="1" step="1"/><E124/><REACH who="1" ten="352,138,255,235" step="2"/><V117/><F19/><W92/><G120/><T40/><D130/><U4/><E4/><V110/><F110/><W15/><G63/><T126/><D126/><U72/><E72/><V45/><F117/><W37/><G37/><T42/><D61/><U84/><E84/><V78/><F99/><N who="3" m="57751" /><G25/><T127/><D127/><U125/><E125/><V44/><F24/><W55/><G2/><T39/><D39/><U52/><E52/><V31/><F97/><W95/><G55/><T7/><D7/><U71/><AGARI ba="2,2" hai="60,66,71,76,79,80,83,85,86,94,98,100,104,105" machi="71" ten="20,12000,2" yaku="1,1,0,1,7,1,9,1,53,2" doraHai="134" doraHaiUra="73" who="1" fromWho="1" sc="352,-62,138,146,255,-32,235,-32" /><INIT seed="1,0,0,5,4,123" ten="290,284,223,203" oya="1" hai0="24,118,27,7,1,55,93,61,90,26,98,20,39" hai1="122,33,8,29,51,2,3,125,96,12,56,80,77" hai2="54,4,86,37,15,120,83,64,25,5,104,126,129" hai3="78,114,21,67,116,41,17,97,62,84,42,28,70"/><U69/><E69/><V45/><F120/><W128/><G114/><T66/><D39/><U119/><E119/><V16/><F104/><W135/><G128/><T0/><D118/><U89/><E125/><V65/><F129/><W85/><G116/><T106/><D106/><U60/><E51/><N who="2" m="29039" /><F25/><W109/><G28/><T6/><D55/><U44/><E44/><V52/><F52/><W88/><G135/><T32/><D32/><U108/><E29/><V38/><F38/><W11/><G11/><T19/><D0/><U103/><E89/><N who="2" m="51423" /><F37/><W117/><G117/><T79/><D79/><U110/><E33/><V10/><F126/><W100/><G78/><T43/><D43/><U68/><E68/><V124/><F124/><W101/><G85/><T35/><D35/><U47/><E47/><V115/><F115/><W81/><G100/><T131/><D131/><U87/><E122/><V112/><F112/><W57/><G70/><T113/><D113/><U18/><E60/><V34/><F34/><W71/><G71/><T50/><D50/><U121/><E56/><V53/><F53/><W22/><G42/><T92/><D1/><U59/><E59/><V105/><F105/><W9/><G41/><T13/><D61/><U111/><E121/><V58/><F58/><W102/><G102/><N who="0" m="60743" /><D66/><AGARI ba="0,0" hai="4,5,10,15,16,64,65,66" m="51423,29039" machi="66" ten="30,3900,0" yaku="25,1,8,1,54,1" doraHai="123" who="2" fromWho="0" sc="290,-39,284,0,223,39,203,0" /><INIT seed="2,0,0,4,3,16" ten="251,284,262,203" oya="2" hai0="32,109,63,14,112,125,113,58,25,62,59,100,42" hai1="103,79,102,93,129,57,26,98,88,116,74,119,121" hai2="95,130,55,29,91,69,111,45,106,104,65,68,6" hai3="123,35,47,134,120,46,107,44,67,24,115,124,7"/><V110/><F130/><W52/><G107/><N who="2" m="41001" /><F6/><W1/><G67/><T92/><D109/><N who="2" m="41482" /><F65/><W83/><G134/><T132/><D125/><U28/><E129/><V48/><F29/><W126/><G83/><T40/><D132/><U90/><E57/><V135/><F135/><W21/><G7/><T73/><D73/><U5/><E5/><V89/><F89/><W8/><G1/><T2/><D2/><U0/><E0/><V15/><F15/><W38/><G120/><T78/><D78/><U50/><E121/><V31/><F31/><W128/><G123/><T39/><D39/><U70/><E90/><V114/><F114/><W72/><G38/><T23/><D32/><U118/><E28/><V71/><F69/><W41/><G35/><T12/><D100/><U122/><E102/><V54/><F55/><W37/><G115/><T64/><D112/><U13/><E122/><V77/><F77/><W60/><G128/><T51/><D113/><U33/><E79/><V86/><AGARI ba="0,0" hai="45,48,54,68,71,86,91,95" m="41482,41001" machi="86" ten="30,3000,0" yaku="14,1,10,1" doraHai="16" who="2" fromWho="2" sc="251,-10,284,-10,262,30,203,-10" /><INIT seed="2,1,0,2,3,75" ten="241,274,292,193" oya="2" hai0="72,121,59,29,118,109,2,9,123,103,97,5,107" hai1="78,40,112,33,101,120,84,122,93,102,20,88,47" hai2="94,17,95,76,115,53,32,38,132,81,6,113,36" hai3="66,14,39,70,69,106,24,1,100,50,34,126,21"/><V99/><F132/><W4/><G39/><T11/><D109/><U65/><E33/><V92/><F32/><W62/><G126/><T27/><D59/><U119/><E112/><V0/><F99/><W79/><G1/><T63/><D118/><U44/><E119/><V15/><F53/><W128/><G128/><T46/><D11/><U129/><E129/><V64/><F64/><W85/><G50/><T48/><D63/><U108/><E108/><V25/><F25/><W43/><G43/><T91/><D91/><U68/><E20/><V23/><F6/><W96/><G34/><T80/><D80/><N who="1" m="47127" /><E65/><V31/><F31/><W135/><G135/><T58/><D58/><U7/><E68/><V42/><F0/><W116/><G70/><T74/><D123/><N who="1" m="47147" /><E7/><V10/><F23/><W37/><G116/><T49/><D49/><N who="1" m="26759" /><E47/><V3/><F3/><W83/><G37/><T133/><D121/><U131/><E131/><V117/><F117/><W16/><REACH who="3" step="1"/><G4/><REACH who="3" ten="241,274,292,183" step="2"/><T51/><D51/><U13/><E13/><AGARI ba="1,1" hai="13,14,16,21,24,62,66,69,79,83,85,96,100,106" machi="13" ten="40,8000,1" yaku="1,1,2,1,52,1,54,1,53,0" doraHai="75" doraHaiUra="54" who="3" fromWho="1" sc="241,0,274,-83,292,0,183,93" /><INIT seed="3,0,0,2,5,110" ten="241,191,292,276" oya="3" hai0="63,92,68,123,128,47,130,33,114,107,0,96,133" hai1="23,44,89,126,50,57,55,36,22,34,18,75,16" hai2="56,45,48,9,49,54,94,73,71,41,43,35,59" hai3="5,72,83,15,100,11,64,127,88,86,21,42,79"/><W109/><G109/><T17/><D123/><U74/><E34/><V93/><F35/><W77/><G127/><T32/><D17/><U62/><E126/><V97/><F71/><W13/><G100/><N who="0" m="62855" /><D92/><N who="2" m="35434" /><F73/><W111/><G111/><T65/><D133/><U119/><E36/><V1/><F1/><W70/><G42/><N who="2" m="15881" /><F97/><W134/><G134/><T58/><D58/><N who="2" m="22058" /><F9/><W101/><G101/><T46/><D47/><U19/><E89/><V38/><F38/><W2/><G21/><T112/><D46/><U87/><E119/><V99/><F99/><W113/><G113/><N who="0" m="43627" /><D0/><U52/><REACH who="1" step="1"/><E87/><REACH who="1" ten="241,181,292,276" step="2"/><V61/><F61/><W20/><G86/><T31/><D33/><U8/><E8/><V80/><F49/><W12/><G11/><T124/><D124/><U7/><E7/><V14/><F14/><W76/><G13/><T51/><D51/><U132/><E132/><V10/><F10/><W117/><G12/><T6/><D6/><U103/><E103/><V84/><F84/><W91/><G5/><T66/><D66/><U3/><E3/><V29/><F80/><W25/><G83/><T4/><D4/><U118/><E118/><V106/><F106/><W102/><G117/><T125/><D125/><U129/><E129/><V120/><F120/><W121/><G121/><T37/><D37/><U108/><E108/><V67/><F67/><W53/><G64/><T24/><AGARI ba="0,1" hai="24,31,32,63,65,68,128,130" m="43627,62855" machi="24" ten="30,12000,2" yaku="25,1,11,1,23,1,52,3" doraHai="110" who="0" fromWho="0" sc="241,130,181,-30,292,-30,276,-60" owari="371,47.1,151,-34.9,262,6.2,216,-18.4" /></mjloggm>