<mjloggm ver="2.3"><GO type="225" lobby="0"/><UN n0="%33%74%72%65%65" n1="%E3%83%B4%E3%83%A0%EF%BC%99%E3%81%A6" n2="%73%6C%69%63%6B%33%31%39" n3="%72%69%6F%75%63%68%61%6E" dan="17,17,17,16" rate="2233.08,2208.21,2205.36,2177.70" sx="F,M,M,M"/><TAIKYOKU oya="0"/><INIT seed="0,0,0,4,5,3" ten="250,250,250,250" oya="0" hai0="95,123,80,77,18,28,98,84,12,76,102,113,61" hai1="117,107,8,11,92,52,64,74,131,114,100,65,47" hai2="9,132,35,38,91,17,73,104,25,93,57,135,133" hai3="124,53,87,4,67,81,62,118,71,96,22,0,72"/><T55/><D113/><U21/><E117/><V13/><F104/><W40/><G124/><T29/><D123/><U2/><E107/><V54/><F38/><W79/><G118/><T49/><D77/><U86/><E74/><V36/><F36/><W116/><G116/><T128/><D61/><U69/><E69/><V50/><F73/><W90/><G40/><T32/><D32/><U60/><E131/><V121/><F121/><W30/><G96/><T63/><D63/><U83/><E21/><V101/><F101/><W51/><G30/><T78/><D78/><U115/><E115/><V16/><F35/><W134/><G134/><T130/><D130/><U125/><E125/><V66/><F66/><W48/><G22/><T15/><D15/><U110/><E2/><V103/><F103/><W56/><G48/><T88/><D102/><U7/><E64/><V127/><F127/><W75/><REACH who="3" step="1"/><G79/><REACH who="3" ten="250,250,250,240" step="2"/><T6/><D128/><U41/><E41/><V122/><F122/><W85/><G85/><T58/><REACH who="0" step="1"/><D6/><REACH who="0" ten="240,250,250,240" step="2"/><U68/><E7/><N who="2" m="3263" /><F25/><W10/><AGARI ba="0,2" hai="0,4,10,51,53,56,62,67,71,72,75,81,87,90" machi="10" ten="30,4000,0" yaku="1,1,0,1,52,1,53,0" doraHai="3" doraHaiUra="89" who="3" fromWho="3" sc="240,-20,250,-10,250,-10,240,60" /><INIT seed="1,0,0,0,2,121" ten="220,240,240,300" oya="1" hai0="53,94,43,91,103,36,17,84,80,104,102,107,66" hai1="128,52,14,105,72,57,60,23,34,127,83,89,75" hai2="19,71,59,109,61,45,21,24,51,9,47,110,99" hai3="130,62,101,35,16,13,44,77,124,15,95,108,78"/><U92/><E105/><V120/><F120/><W2/><G108/><N who="2" m="41577" /><F71/><W112/><G13/><T74/><D66/><U41/><E34/><V32/><F32/><W30/><G2/><T115/><D53/><U97/><E128/><V76/><F76/><W90/><G101/><N who="0" m="38411" /><D17/><U106/><E127/><V63/><F99/><W123/><G77/><N who="0" m="44087" /><D43/><U117/><E117/><V0/><F59/><W111/><G78/><T7/><D7/><U27/><E106/><N who="0" m="40489" /><D36/><U58/><E41/><N who="2" m="25007" /><F47/><W67/><G44/><T18/><D18/><U87/><E58/><V54/><F54/><W65/><G16/><T122/><D122/><U40/><E40/><V42/><F42/><W133/><G123/><T100/><N who="0" m="38419" /><T113/><AGARI ba="0,0" hai="84,91,94,113,115" m="40489,44087,38419" machi="113" ten="40,5200,0" yaku="4,1,34,2" doraHai="121" who="0" fromWho="0" sc="220,52,240,-26,240,-13,300,-13" /><INIT seed="2,0,0,1,4,109" ten="272,214,227,287" oya="2" hai0="26,28,42,76,50,66,18,3,16,12,88,110,20" hai1="132,32,52,115,129,111,30,13,121,25,106,29,113" hai2="86,68,64,11,131,53,38,114,48,97,94,82,130" hai3="123,19,44,54,45,37,23,14,62,21,108,103,95"/><V5/><F38/><W15/><G123/><T73/><D110/><U47/><E111/><V60/><F114/><N who="1" m="43529" /><E106/><V10/><F97/><N who="3" m="59839" /><G37/><T57/><D3/><U85/><E85/><V100/><F100/><W128/><G128/><N who="2" m="49193" /><F94/><W120/><G120/><T58/><D73/><U17/><E129/><V43/><F43/><W102/><G108/><T122/><D122/><U27/><E121/><V96/><F96/><W116/><G116/><T105/><D105/><U6/><E47/><N who="3" m="17994" /><G102/><T119/><D119/><U79/><E79/><N who="2" m="46431" /><F5/><W126/><G126/><T9/><D42/><U4/><E132/><V101/><F101/><W34/><G34/><T46/><D76/><U98/><E98/><V92/><F92/><W63/><G54/><T78/><D78/><U112/><N who="1" m="43537" /><U2/><DORA hai="77" /><E52/><V0/><F0/><W36/><G36/><T7/><D7/><N who="1" m="2603" /><E2/><V125/><F125/><W107/><G107/><T89/><D89/><U84/><E84/><V41/><F41/><W35/><G62/><T134/><D88/><U24/><E32/><V117/><F117/><W69/><G35/><T70/><D134/><U87/><E87/><V33/><F33/><W83/><G83/><T49/><D46/><AGARI ba="0,0" hai="10,11,46,48,53,60,64,68" m="46431,49193" machi="46" ten="30,2900,0" yaku="19,1,52,1" doraHai="109,77" who="2" fromWho="0" sc="272,-29,214,0,227,29,287,0" /><INIT seed="2,1,0,5,0,135" ten="243,214,256,287" oya="2" hai0="40,64,102,77,69,36,68,27,49,112,28,104,44" hai1="5,98,43,8,7,46,16,78,105,58,111,47,79" hai2="122,128,55,48,6,37,109,20,52,106,66,21,83" hai3="9,57,71,18,101,86,3,94,17,121,59,84,41"/><V133/><F122/><W92/><G121/><T123/><D123/><U25/><E111/><V131/><F106/><W26/><G71/><T62/><D112/><U103/><E58/><V2/><F37/><W87/><G41/><T117/><D117/><U73/><E46/><V38/><F38/><W119/><G119/><T29/><D69/><U67/><E67/><V31/><F133/><W4/><G94/><T132/><D132/><U130/><E130/><N who="2" m="49707" /><F109/><W32/><G32/><T127/><D77/><U45/><E45/><N who="2" m="27663" /><F66/><W88/><G101/><T80/><D36/><U34/><E73/><V115/><F115/><W76/><G76/><T54/><D40/><U22/><E34/><V10/><F31/><W96/><REACH who="3" step="1"/><G18/><REACH who="3" ten="243,214,256,277" step="2"/><T85/><D102/><U39/><REACH who="1" step="1"/><E5/><REACH who="1" ten="243,204,256,277" step="2"/><V93/><F6/><W50/><G50/><T13/><D49/><U110/><E110/><V23/><F83/><W14/><G14/><AGARI ba="1,2" hai="7,8,14,16,22,25,39,43,47,78,79,98,103,105" machi="14" ten="30,3900,0" yaku="1,1,7,1,54,1,53,0" doraHai="135" doraHaiUra="124" who="1" fromWho="3" sc="243,0,204,62,256,0,277,-42" /><INIT seed="3,0,0,1,1,127" ten="243,266,256,235" oya="3" hai0="84,80,60,132,91,111,37,105,133,42,72,104,24" hai1="119,59,36,112,6,65,82,120,53,103,101,35,78" hai2="93,71,57,109,99,0,76,8,11,64,68,12,4" hai3="54,124,10,19,5,117,107,130,52,43,67,128,18"/><W16/><G117/><T77/><D60/><U2/><E120/><V51/><F109/><W55/><G124/><T58/><D58/><U28/><E112/><V100/><F76/><W86/><G107/><N who="0" m="41035" /><D24/><U15/><E2/><V97/><F97/><W126/><G126/><T70/><D70/><U14/><E65/><V122/><F122/><W118/><G118/><T125/><D125/><U50/><E36/><V94/><F94/><W73/><G73/><T56/><D56/><U83/><E83/><V110/><F110/><W3/><G43/><T135/><D37/><U115/><E115/><V129/><F129/><N who="3" m="49771" /><G86/><T66/><D42/><U87/><E87/><V113/><F113/><W44/><G67/><T1/><D66/><U9/><E119/><V25/><F64/><W95/><G95/><N who="0" m="54759" /><D1/><U22/><E82/><V114/><F114/><W33/><G33/><T92/><D92/><U81/><E81/><V108/><F93/><W123/><G123/><T38/><D38/><U49/><E35/><V98/><F68/><W23/><G44/><T17/><D111/><U47/><E47/><V62/><F108/><W20/><AGARI ba="0,0" hai="3,5,10,16,18,19,20,23,52,54,55" m="49771" machi="20" ten="40,18000,2" yaku="19,1,52,3,54,2" doraHai="127" who="3" fromWho="3" sc="243,-60,266,-60,256,-60,235,180" owari="183,-31.7,206,0.6,196,-20.4,415,51.5" /></mjloggm>