<mjloggm ver="2.3"><GO type="225" lobby="0"/><UN n0="%72%69%6F%75%63%68%61%6E" n1="%E4%BF%BA%E3%81%A8%E5%A6%96%E5%A4%A2" n2="%E3%83%B4%E3%82%A3%E3%83%AF%E3%82%B3%E3%82%B0%E3%83%8B" n3="%E3%82%BC%E3%83%AB%E3%83%80%E3%81%AE%E4%BC%9D%E8%AA%AC" dan="16,17,16,17" rate="2198.12,2170.38,2191.12,2196.88" sx="M,F,M,M"/><TAIKYOKU oya="0"/><INIT seed="0,0,0,0,5,52" ten="250,250,250,250" oya="0" hai0="14,62,79,91,1,82,60,115,53,116,80,30,125" hai1="61,129,98,88,17,87,66,68,46,22,49,50,63" hai2="71,73,13,70,23,10,121,95,27,102,131,64,38" hai3="37,31,109,118,56,114,51,77,58,25,32,44,104"/><T41/><D115/><U134/><E129/><V8/><F121/><W24/><G114/><T47/><D116/><U100/><E134/><V122/><F122/><W84/><G104/><T133/><D1/><U126/><E126/><V67/><F73/><W18/><G37/><T39/><D125/><U9/><E9/><V28/><F38/><W0/><G0/><T86/><D133/><U97/><E61/><V108/><F108/><W85/><G109/><T21/><D53/><U4/><E4/><V119/><F8/><W128/><G128/><T7/><D7/><U130/><E130/><V106/><F106/><W103/><G103/><T12/><D12/><U11/><E11/><V34/><F34/><W45/><G118/><T96/><D96/><U69/><E69/><V111/><F111/><W99/><G99/><T48/><D39/><U124/><E124/><V6/><F131/><W59/><G77/><T5/><D30/><U92/><E46/><V26/><F26/><W36/><G36/><T3/><D3/><U2/><E2/><V33/><F33/><W132/><G132/><T120/><D120/><U57/><E68/><N who="2" m="26155" /><F119/><W117/><G117/><T74/><REACH who="0" step="1"/><D5/><REACH who="0" ten="240,250,250,250" step="2"/><U42/><E97/><V107/><F6/><W90/><G31/><T101/><D101/><U75/><E42/><V110/><F110/><W113/><G113/><T16/><AGARI ba="0,1" hai="14,16,21,41,47,48,60,62,74,79,80,82,86,91" machi="16" ten="30,11700,0" yaku="1,1,0,1,54,1,53,1" doraHai="52" doraHaiUra="72" who="0" fromWho="0" sc="240,127,250,-39,250,-39,250,-39" /><INIT seed="0,1,0,1,3,102" ten="367,211,211,211" oya="0" hai0="32,100,16,133,70,10,129,49,82,131,44,0,17" hai1="124,125,13,89,41,39,110,122,52,105,87,63,86" hai2="85,104,35,21,24,121,57,1,128,94,36,62,123" hai3="90,8,96,58,23,68,132,55,48,77,119,116,6"/><T50/><D133/><U14/><E122/><V84/><F35/><W127/><G68/><T109/><D32/><U37/><E110/><V28/><F36/><N who="1" m="13897" /><E41/><V65/><F1/><W106/><G132/><T51/><D109/><U113/><E113/><V88/><F128/><N who="0" m="49226" /><D70/><U11/><E105/><V76/><REACH who="2" step="1"/><F104/><REACH who="2" ten="367,211,201,211" step="2"/><W30/><G127/><T53/><D0/><U20/><E125/><V69/><F69/><W83/><G106/><T93/><D82/><AGARI ba="1,1" hai="21,24,28,57,62,65,76,82,84,85,88,94,121,123" machi="82" ten="40,2600,0" yaku="1,1,54,1,53,0" doraHai="102" doraHaiUra="120" who="2" fromWho="0" sc="367,-29,211,0,201,39,211,0" /><INIT seed="1,0,0,0,2,47" ten="338,211,240,211" oya="1" hai0="22,94,127,42,115,112,106,50,84,70,133,61,118" hai1="45,97,9,57,82,11,68,129,14,74,79,25,55" hai2="122,52,126,49,92,3,32,1,123,35,60,51,29" hai3="116,103,64,105,31,10,99,21,81,132,104,39,95"/><U43/><E129/><V87/><F126/><W63/><G132/><T23/><D118/><U98/><E68/><V58/><F1/><W7/><G39/><T12/><D106/><U121/><E121/><V114/><F3/><W41/><G41/><T67/><D23/><U20/><E57/><V30/><F114/><W86/><G116/><T8/><D22/><U4/><E55/><V100/><F32/><W54/><G54/><T131/><D127/><U56/><E56/><V113/><F113/><W17/><G31/><T59/><D133/><U75/><E11/><V111/><F35/><W15/><G63/><T78/><D131/><U37/><REACH who="1" step="1"/><E74/><REACH who="1" ten="338,201,240,211" step="2"/><V62/><F123/><W108/><G108/><T80/><D59/><U76/><E76/><V124/><F111/><W77/><REACH who="3" step="1"/><G64/><REACH who="3" ten="338,201,240,201" step="2"/><T19/><D115/><U117/><E117/><V125/><F125/><W66/><G66/><T34/><D112/><U93/><E93/><V38/><F124/><W119/><G119/><T102/><D94/><U27/><E27/><AGARI ba="0,2" hai="7,10,15,17,21,27,77,81,86,95,99,103,104,105" machi="27" ten="30,2000,0" yaku="1,1,7,1,53,0" doraHai="47" doraHaiUra="128" who="3" fromWho="1" sc="338,0,201,-20,240,0,201,40" /><INIT seed="2,0,0,3,0,17" ten="338,181,240,241" oya="2" hai0="39,124,104,100,88,10,108,31,3,26,118,23,130" hai1="82,45,49,117,56,43,27,38,28,21,114,48,72" hai2="97,129,34,99,133,37,71,83,131,134,105,135,67" hai3="87,110,2,123,44,5,112,46,52,103,106,90,69"/><V50/><F34/><W85/><G123/><T120/><D120/><U79/><E114/><V63/><F105/><W42/><G69/><T132/><D39/><U15/><E117/><V119/><F119/><W40/><G112/><T11/><D118/><U53/><REACH who="1" step="1"/><E15/><REACH who="1" ten="338,171,240,241" step="2"/><V76/><F37/><AGARI ba="0,1" hai="21,27,28,37,38,43,45,48,49,53,56,72,79,82" machi="37" ten="40,5200,0" yaku="1,1,2,1,52,1,53,0" doraHai="17" doraHaiUra="95" who="1" fromWho="2" sc="338,0,171,62,240,-52,241,0" /><INIT seed="3,0,0,3,2,117" ten="338,233,188,241" oya="3" hai0="3,5,48,9,83,124,58,8,50,36,11,118,87" hai1="104,101,28,115,12,33,74,37,13,123,130,39,92" hai2="31,100,68,25,32,77,53,102,70,62,52,97,85" hai3="105,132,60,93,110,99,82,4,46,10,135,27,41"/><W17/><G105/><T75/><D118/><U86/><E115/><V120/><F102/><W81/><G110/><T111/><D36/><U20/><E104/><V16/><F120/><W1/><G60/><T49/><D75/><U24/><E74/><V114/><F114/><W122/><G122/><T40/><D111/><U55/><E123/><V51/><F16/><W134/><G27/><T2/><D124/><U18/><E130/><V14/><F14/><W90/><REACH who="3" step="1"/><G17/><REACH who="3" ten="338,233,188,231" step="2"/><T125/><D125/><U35/><E18/><V26/><F26/><W67/><G67/><T112/><D112/><U126/><E126/><V19/><F19/><W98/><G98/><T80/><D2/><U57/><E12/><V119/><F119/><W95/><G95/><T89/><D80/><U44/><E13/><V7/><F68/><W0/><G0/><T91/><D3/><U63/><E92/><V65/><F7/><W72/><G72/><T78/><D5/><U131/><E131/><V96/><F96/><W107/><G107/><T59/><D40/><U56/><E24/><V121/><F121/><W128/><G128/><T38/><D38/><AGARI ba="0,1" hai="1,4,10,38,41,46,81,82,90,93,99,132,134,135" machi="38" ten="40,7700,0" yaku="1,1,20,1,53,1" doraHai="117" doraHaiUra="94" who="3" fromWho="0" sc="338,-77,233,0,188,0,231,87" owari="261,6.1,233,-16.7,188,-31.2,318,41.8" /></mjloggm>