<mjloggm ver="2.3"><GO type="225" lobby="0"/><UN n0="%72%69%6F%75%63%68%61%6E" n1="%E9%80%9F%E6%B0%B4%E5%87%9B%E9%A6%99" n2="%E3%81%BF%E3%81%BF%E3%81%9A" n3="%4E%6F%2E%30%30%30%31" dan="16,17,17,18" rate="2124.28,2169.72,2239.41,2248.77" sx="M,F,M,M"/><TAIKYOKU oya="0"/><INIT seed="0,0,0,3,2,114" ten="250,250,250,250" oya="0" hai0="24,120,16,42,132,86,88,49,70,29,62,123,5" hai1="41,38,100,15,104,81,89,101,60,44,7,131,87" hai2="79,93,50,4,125,90,48,52,59,127,63,98,53" hai3="17,65,0,112,51,110,130,118,54,33,22,6,134"/><T116/><D116/><U9/><E131/><V25/><F4/><W13/><G112/><T27/><D132/><U32/><E32/><V19/><F79/><W115/><G115/><T39/><D39/><U124/><E104/><V108/><F108/><W106/><G110/><T103/><D103/><U14/><E124/><N who="2" m="47691" /><F53/><W43/><G106/><T47/><D5/><U75/><E75/><V26/><F26/><W67/><G134/><T111/><D111/><U45/><E14/><V74/><F74/><W21/><G43/><T96/><D96/><U105/><E105/><V66/><F66/><W69/><G67/><T37/><D37/><U119/><E119/><V91/><F90/><W71/><G65/><T80/><D70/><U68/><E68/><V11/><F11/><W40/><G40/><T121/><D62/><U76/><E60/><V31/><F19/><W135/><G118/><T28/><REACH who="0" step="1"/><D27/><REACH who="0" ten="240,250,250,250" step="2"/><U8/><E101/><V133/><F133/><W2/><G135/><T34/><D34/><AGARI ba="0,1" hai="25,31,34,48,50,52,59,63,91,93,98" m="47691" machi="34" ten="30,2000,0" yaku="18,1,54,1" doraHai="114" who="2" fromWho="0" sc="240,-20,250,0,250,30,250,0" /><INIT seed="1,0,0,3,0,123" ten="220,250,280,250" oya="1" hai0="92,21,51,68,57,105,127,128,6,115,31,69,1" hai1="108,89,98,72,102,53,43,22,131,121,103,129,94" hai2="100,3,114,16,110,70,73,4,101,86,87,52,58" hai3="116,38,49,7,30,78,27,46,90,104,97,84,133"/><U15/><E121/><V5/><F70/><W106/><G38/><T67/><D115/><U34/><E34/><V59/><F73/><W93/><G133/><T113/><D113/><U109/><E72/><V26/><F114/><W61/><G116/><T39/><D105/><U33/><E33/><V14/><F110/><N who="1" m="42601" /><E43/><V42/><F42/><W126/><G126/><T12/><D39/><U71/><E71/><V95/><F26/><W82/><G61/><T0/><D69/><U20/><E53/><V17/><F3/><W117/><G7/><N who="2" m="2633" /><F59/><W37/><G37/><T122/><D57/><U96/><E102/><N who="2" m="39531" /><F95/><W9/><G117/><T40/><D92/><N who="1" m="58759" /><E15/><V75/><F75/><W18/><G106/><T10/><D68/><U60/><E60/><N who="2" m="35911" /><F17/><W23/><G104/><T135/><D0/><U125/><E125/><V107/><F107/><W63/><G18/><T54/><D1/><U11/><E11/><AGARI ba="0,0" hai="11,14,16,86,87" m="35911,39531,2633" machi="11" ten="30,3900,0" yaku="8,1,54,2" doraHai="123" who="2" fromWho="1" sc="220,0,250,-39,280,39,250,0" /><INIT seed="2,0,0,5,4,102" ten="220,211,319,250" oya="2" hai0="55,122,90,105,16,64,8,73,42,132,72,5,135" hai1="129,92,57,59,25,62,49,86,125,1,101,50,24" hai2="22,96,78,88,75,106,115,108,33,66,15,116,126" hai3="114,46,67,71,21,81,69,6,26,0,131,9,28"/><V85/><F115/><W7/><G114/><T18/><D122/><U120/><E1/><V32/><F116/><W94/><G131/><T53/><D105/><U124/><E129/><V109/><F66/><W14/><G67/><T10/><D64/><U70/><E70/><V118/><F118/><W54/><G94/><T44/><D90/><U27/><E120/><V2/><F2/><W111/><G111/><N who="2" m="42569" /><F126/><N who="1" m="48745" /><E62/><V58/><F58/><N who="1" m="22025" /><E86/><V83/><F22/><W98/><G21/><T117/><D117/><U95/><E101/><N who="2" m="62759" /><F15/><W119/><G14/><T40/><REACH who="0" step="1"/><D44/><REACH who="0" ten="210,211,319,250" step="2"/><U17/><E17/><V93/><AGARI ba="0,1" hai="32,33,75,78,83,85,88,93" m="62759,42569" machi="93" ten="30,12000,1" yaku="24,1,14,1,10,1,52,1,54,1" doraHai="102" who="2" fromWho="2" sc="210,-40,211,-40,319,130,250,-40" /><INIT seed="2,1,0,3,3,88" ten="170,171,449,210" oya="2" hai0="100,70,65,87,120,32,42,118,134,5,121,80,4" hai1="132,39,7,107,44,57,94,26,50,29,114,130,16" hai2="102,2,90,79,69,52,51,84,8,111,0,127,37" hai3="14,99,56,71,86,43,67,76,95,19,97,74,64"/><V9/><F37/><W125/><G71/><T46/><D32/><U54/><E107/><V82/><F69/><W17/><G74/><T116/><D134/><U53/><E114/><V18/><F102/><W92/><G43/><T106/><D106/><U48/><E132/><V12/><F127/><W119/><G119/><N who="0" m="45611" /><D100/><U96/><E130/><V98/><F111/><W30/><G30/><T11/><D65/><N who="3" m="25161" /><G125/><T21/><D21/><N who="1" m="13607" /><E39/><V75/><F98/><N who="3" m="37387" /><G56/><T49/><D70/><U68/><E68/><V129/><F9/><N who="3" m="6351" /><G19/><T124/><D124/><U112/><E112/><V60/><F60/><W45/><G45/><T15/><D5/><U109/><E7/><V3/><F129/><W31/><G31/><T105/><D105/><U135/><E109/><V66/><F66/><W108/><G108/><T58/><D58/><U33/><E33/><V10/><F10/><W91/><G76/><AGARI ba="1,0" hai="4,11,15,42,46,49,76,80,87,120,121" m="45611" machi="76" ten="30,2000,0" yaku="25,1,12,1" doraHai="88" who="0" fromWho="3" sc="170,23,171,0,449,0,210,-23" /><INIT seed="3,0,0,2,5,74" ten="193,171,449,187" oya="3" hai0="61,9,71,52,104,14,105,38,133,101,22,18,13" hai1="123,131,19,94,116,68,56,92,36,95,62,72,86" hai2="110,30,122,23,21,76,45,5,82,44,113,78,29" hai3="79,33,84,107,17,88,7,80,16,47,46,43,40"/><W57/><G107/><T11/><D38/><U128/><E123/><V125/><F5/><W27/><G7/><T118/><D118/><U127/><E72/><V58/><F58/><W0/><G0/><T2/><D2/><U28/><E36/><V49/><F82/><W90/><G57/><T124/><D101/><U69/><E28/><V55/><F113/><W1/><G1/><T73/><D73/><U48/><E48/><V54/><F49/><W51/><G33/><T83/><D124/><U85/><E19/><N who="3" m="7242" /><G27/><T10/><D133/><U77/><E127/><V91/><F125/><W42/><G47/><T6/><D83/><N who="1" m="47343" /><E86/><V63/><F122/><W119/><G119/><T130/><D130/><N who="1" m="49707" /><E116/><V26/><F26/><W93/><G93/><N who="1" m="23810" /><U103/><DORA hai="12" /><E103/><V41/><F44/><W117/><G117/><T81/><D81/><U39/><E39/><V106/><F106/><W111/><G111/><T25/><D105/><U24/><E24/><V50/><F110/><W98/><G98/><T132/><D104/><U59/><E59/><V20/><F30/><W70/><G70/><T120/><D120/><U65/><AGARI ba="0,0" hai="56,62,65,68,69" m="23810,49707,47343" machi="65" ten="40,2700,0" yaku="19,1,52,1" doraHai="74,12" who="1" fromWho="1" sc="193,-7,171,27,449,-7,187,-13" owari="186,-21.4,198,-0.2,442,54.2,174,-32.6" /></mjloggm>