<mjloggm ver="2.3"><GO type="225" lobby="0"/><UN n0="%E3%83%B4%E3%83%A0%EF%BC%99%E3%81%A6" n1="%E9%89%A2%E5%B7%BB%E3%82%AC%E3%83%96" n2="%54%4F%52" n3="%4C%4F%4C%49%54%41" dan="17,16,17,16" rate="2184.29,2049.48,2209.10,2150.87" sx="M,M,M,F"/><TAIKYOKU oya="0"/><INIT seed="0,0,0,5,0,4" ten="250,250,250,250" oya="0" hai0="19,104,131,125,65,50,86,37,57,43,56,38,80" hai1="27,34,119,82,9,20,111,94,45,29,6,127,51" hai2="103,61,47,120,118,123,72,101,78,2,32,42,63" hai3="49,17,89,110,69,18,28,97,58,73,90,133,23"/><T75/><D104/><U98/><E119/><V102/><F118/><W116/><G116/><T31/><D75/><U22/><E111/><V60/><F32/><W124/><G69/><T35/><D35/><U93/><E82/><V13/><F2/><W107/><G73/><T113/><D31/><U135/><E135/><V134/><F134/><W126/><G133/><T39/><D113/><U112/><E127/><N who="3" m="48682" /><G110/><T129/><D125/><U77/><E77/><V85/><F72/><W115/><G28/><T8/><D43/><U48/><E112/><V59/><F59/><W54/><G115/><T41/><D41/><U12/><E94/><V128/><F128/><N who="0" m="49226" /><D65/><U84/><E84/><V55/><F55/><W108/><G108/><T83/><D50/><U24/><E24/><V132/><F132/><W95/><G107/><T88/><D80/><U79/><E79/><V70/><F70/><W99/><G23/><T33/><D33/><U62/><E62/><V114/><F114/><W66/><G66/><T46/><D46/><U64/><E64/><V122/><F78/><W7/><G7/><T44/><D44/><U130/><E130/><V76/><F76/><W100/><G100/><T25/><D25/><U36/><E36/><V5/><F47/><W117/><G117/><T52/><D52/><N who="1" m="29711" /><E51/><V16/><F122/><W121/><G121/><T91/><D91/><N who="1" m="55615" /><E34/><V3/><F120/><W92/><AGARI ba="0,0" hai="17,18,49,54,58,89,90,92,95,97,99" m="48682" machi="92" ten="30,1100,0" yaku="18,1" doraHai="4" who="3" fromWho="3" sc="250,-5,250,-3,250,-3,250,11" /><INIT seed="1,0,0,1,5,90" ten="245,247,247,261" oya="1" hai0="134,0,1,104,102,132,52,91,122,35,67,43,112" hai1="88,16,97,48,5,72,17,131,101,7,76,116,71" hai2="98,133,53,27,81,12,84,123,61,75,118,70,78" hai3="105,30,13,54,129,36,99,38,50,130,87,125,4"/><U119/><E71/><V49/><F118/><W34/><G125/><T83/><D112/><U26/><E72/><V8/><F123/><W127/><G127/><T79/><D35/><U51/><E76/><V107/><F133/><W55/><G34/><T126/><D126/><U20/><E131/><N who="3" m="50186" /><G30/><T135/><D122/><U121/><E121/><V21/><F75/><W77/><G4/><N who="1" m="1610" /><E119/><V6/><F107/><W9/><G77/><T113/><D113/><U96/><E101/><V65/><F98/><N who="1" m="37993" /><E116/><V3/><F3/><W58/><G36/><T100/><D104/><U108/><E108/><V115/><F115/><W59/><G38/><T14/><D79/><U94/><E17/><V25/><REACH who="2" step="1"/><F21/><REACH who="2" ten="245,247,237,261" step="2"/><W73/><G73/><T86/><D0/><U2/><E2/><V62/><F62/><W10/><G105/><T93/><D1/><U80/><E80/><V57/><AGARI ba="0,1" hai="6,8,12,25,27,49,53,57,61,65,70,78,81,84" machi="57" ten="20,5200,0" yaku="1,1,0,1,7,1,53,1" doraHai="90" doraHaiUra="60" who="2" fromWho="2" sc="245,-13,247,-26,237,62,261,-13" /><INIT seed="2,0,0,4,3,73" ten="232,221,299,248" oya="2" hai0="49,88,1,26,0,33,129,38,59,63,27,4,81" hai1="103,48,135,74,121,127,118,107,12,18,71,45,36" hai2="86,113,57,40,90,130,112,125,3,68,122,101,55" hai3="30,50,39,114,76,116,21,25,54,132,9,95,32"/><V41/><F122/><W61/><G116/><T70/><D38/><U37/><E118/><V134/><F3/><W97/><G39/><T20/><D70/><U99/><E127/><V66/><F125/><W51/><G132/><T102/><D102/><U119/><E119/><V91/><F134/><W23/><G114/><T104/><D104/><U98/><E135/><V93/><F130/><W77/><G32/><T16/><D129/><U31/><E121/><V110/><F110/><W108/><G108/><T75/><D49/><N who="3" m="18441" /><G9/><T8/><D0/><U131/><E131/><V124/><F66/><W100/><G21/><T46/><D46/><U78/><E71/><V117/><F68/><W84/><G84/><T120/><D120/><U111/><E111/><V128/><F86/><W11/><G11/><T24/><D33/><U69/><E69/><V62/><F41/><W126/><G126/><T44/><D44/><U47/><E31/><V29/><F40/><W80/><G80/><T42/><D42/><U28/><E28/><V43/><F29/><W35/><G35/><T92/><D81/><N who="1" m="45271" /><E99/><V22/><F43/><W87/><G87/><N who="0" m="52255" /><D75/><U72/><E72/><V105/><F124/><W83/><G83/><T5/><D5/><U64/><E64/><V14/><F128/><W109/><G109/><T6/><D6/><U115/><E115/><V79/><F117/><W123/><G123/><T2/><D2/><U67/><E67/><N who="2" m="39375" /><F113/><W34/><G34/><T53/><D1/><U106/><E106/><V7/><F112/><W85/><G85/><T52/><D53/><N who="1" m="29839" /><E47/><V133/><F133/><RYUUKYOKU ba="0,0" sc="232,10,221,10,299,-30,248,10" hai0="4,8,16,20,24,26,27,52,59,63" hai1="12,18,36,37,98,103,107" hai3="23,25,30,54,61,76,77,95,97,100" /><INIT seed="3,1,0,5,5,0" ten="242,231,269,258" oya="3" hai0="75,37,12,69,56,111,80,48,46,66,64,38,5" hai1="119,98,104,60,1,90,110,99,133,67,83,44,108" hai2="35,96,100,85,106,10,3,27,113,42,53,57,24" hai3="77,40,125,36,70,61,95,78,86,72,4,55,30"/><W32/><G72/><T94/><D69/><U82/><E1/><V93/><F113/><W9/><G125/><T121/><D121/><U124/><E44/><V115/><F115/><W135/><G135/><T7/><D111/><N who="1" m="42539" /><E60/><V101/><F42/><W52/><G32/><T79/><D94/><N who="1" m="56663" /><E67/><V13/><F3/><W50/><G30/><T49/><D64/><U68/><E68/><V54/><F54/><N who="3" m="20523" /><G36/><T43/><D37/><U122/><E122/><V15/><F15/><N who="3" m="5543" /><G61/><T34/><D34/><U25/><E25/><V58/><F27/><W105/><G105/><T123/><D123/><U22/><E22/><V114/><F24/><W74/><G74/><T2/><D56/><U92/><E133/><V23/><F58/><W8/><G8/><N who="0" m="4111" /><D66/><U112/><E124/><V63/><F35/><W33/><G33/><T116/><D116/><U127/><E127/><V88/><F114/><W87/><G70/><T14/><D14/><U45/><E119/><V103/><F23/><W16/><G16/><AGARI ba="1,0" hai="10,13,16,53,57,63,85,88,93,96,100,101,103,106" machi="16" ten="30,3900,0" yaku="7,1,54,2" doraHai="0" who="2" fromWho="3" sc="242,0,231,0,269,42,258,-42" owari="242,4.2,231,-16.9,311,41.1,216,-28.4" /></mjloggm>