<mjloggm ver="2.3"><GO type="225" lobby="0"/><UN n0="%E8%B6%85%E7%B4%9A%E9%B3%B3%E5%87%B0" n1="%E6%B8%A9%E2%98%85%E6%83%85%E2%98%85%E6%8E%AA%E2%98%85%E7%BD%AE" n2="%E4%BA%95%E5%B8%AF" n3="%E6%A1%9C%E8%8A%B1%E9%96%83%E3%80%85" dan="16,17,16,16" rate="2182.27,2221.84,2045.93,2075.25" sx="M,M,M,M"/><TAIKYOKU oya="0"/><INIT seed="0,0,0,2,5,32" ten="250,250,250,250" oya="0" hai0="14,23,24,117,58,69,111,88,95,92,121,103,45" hai1="82,31,25,108,0,18,3,128,89,101,49,110,115" hai2="125,122,66,21,33,51,76,50,1,80,27,47,118" hai3="12,79,30,90,123,9,107,13,91,19,71,36,64"/><T67/><D117/><U70/><E128/><V15/><F118/><W39/><G107/><T17/><D121/><U112/><E70/><V93/><F122/><W37/><G123/><T114/><D114/><N who="1" m="43563" /><E101/><V105/><F105/><W113/><G113/><T7/><D111/><N who="1" m="42539" /><E18/><V85/><F125/><W41/><G79/><T102/><D69/><U16/><E16/><V132/><F132/><W34/><G71/><T134/><D134/><U97/><E49/><V129/><F51/><W38/><G37/><T53/><D67/><U100/><E89/><V96/><F66/><W109/><G90/><T22/><D45/><U52/><E82/><V4/><F129/><W68/><G91/><T35/><D88/><U6/><E6/><V55/><F27/><N who="3" m="18783" /><G109/><T81/><D81/><U78/><E52/><V2/><F4/><W40/><G64/><T10/><D103/><U72/><E72/><V63/><F55/><W60/><G68/><T74/><D102/><U62/><E62/><V28/><F63/><W86/><G60/><T54/><D74/><U130/><E78/><V43/><F76/><W131/><G131/><T126/><D53/><U106/><E130/><V65/><F80/><W73/><G73/><T98/><D54/><U48/><E48/><V8/><F65/><W57/><G86/><T26/><D7/><U44/><E44/><V133/><F85/><W5/><G57/><T11/><D58/><U124/><E124/><V84/><F84/><W83/><G83/><T135/><D126/><U87/><E87/><V116/><F50/><W94/><G94/><T120/><D120/><RYUUKYOKU ba="0,0" sc="250,-15,250,15,250,-15,250,15" hai1="0,3,25,31,97,100,106" hai3="5,9,12,13,19,36,38,39,40,41" /><INIT seed="1,1,0,1,4,2" ten="235,265,235,265" oya="1" hai0="57,1,48,128,58,99,10,73,122,111,93,36,11" hai1="92,0,87,74,55,20,118,107,25,132,67,90,61" hai2="43,75,35,101,125,53,14,79,7,29,70,47,66" hai3="124,110,108,34,28,8,68,46,78,51,81,80,17"/><U88/><E118/><V94/><F125/><W85/><G68/><T130/><D36/><U82/><E132/><V72/><F53/><W106/><G106/><T42/><D73/><U102/><E0/><V127/><F127/><W105/><G105/><T41/><D111/><N who="3" m="42537" /><G124/><T16/><D122/><U116/><E116/><V119/><F94/><W63/><G63/><T18/><D1/><U126/><E126/><V109/><F101/><W86/><G28/><T22/><D48/><U45/><E107/><V19/><F29/><W32/><G17/><T98/><D93/><U26/><E102/><V113/><F19/><W65/><G8/><T89/><D89/><U95/><E74/><V84/><F70/><W33/><G65/><T135/><REACH who="0" step="1"/><D22/><REACH who="0" ten="225,265,235,265" step="2"/><U52/><E20/><V37/><F119/><W112/><G32/><T5/><D5/><U49/><E95/><V50/><F7/><W96/><G33/><T15/><D15/><U120/><E120/><V134/><F14/><W121/><G34/><T71/><D71/><U114/><E92/><V31/><F37/><W129/><G121/><T131/><D131/><U40/><E90/><V83/><F35/><W21/><G21/><T64/><D64/><U91/><E91/><V76/><F109/><W30/><G129/><T12/><D12/><U69/><E114/><V59/><F66/><W44/><G112/><T54/><D54/><U123/><E123/><V27/><F75/><W100/><G51/><T104/><D104/><U4/><E4/><V115/><F50/><W24/><G96/><T97/><D97/><U38/><E55/><RYUUKYOKU ba="1,1" sc="225,15,265,15,235,-15,265,-15" hai0="10,11,16,18,41,42,57,58,98,99,128,130,135" hai1="25,26,38,40,45,49,52,61,67,69,82,87,88" /><INIT seed="1,2,1,4,0,83" ten="240,280,220,250" oya="1" hai0="20,102,12,33,13,65,95,21,132,126,61,116,97" hai1="112,96,16,42,35,133,110,71,107,62,86,52,14" hai2="40,130,44,114,91,98,82,28,19,99,81,129,123" hai3="38,70,117,78,90,104,101,134,48,41,17,31,106"/><U3/><E112/><V119/><F123/><W55/><G134/><T43/><D116/><U88/><E3/><V49/><F119/><W4/><G4/><T72/><D72/><U34/><E42/><V84/><F114/><W5/><G5/><T75/><D75/><U66/><E133/><V56/><F28/><W2/><G78/><T27/><D132/><U29/><E29/><V46/><F56/><W59/><G2/><T60/><D126/><U1/><E1/><V125/><F125/><W23/><G101/><T94/><D43/><U79/><E79/><V73/><F44/><W58/><G58/><T105/><D33/><U89/><E110/><V7/><F7/><W100/><G100/><T87/><D105/><U74/><E74/><V67/><F67/><W115/><G31/><T76/><D61/><U47/><E89/><V37/><F37/><W39/><G70/><T51/><D60/><U36/><E96/><V120/><F120/><W45/><G115/><T103/><D97/><U118/><E107/><V22/><F81/><W108/><G108/><T53/><D65/><U124/><E36/><V64/><F64/><W57/><G117/><T109/><D109/><U80/><E118/><V10/><F10/><W127/><G127/><T50/><D76/><U111/><E111/><V11/><F11/><W68/><G39/><T93/><D103/><U32/><E124/><V9/><F9/><W128/><G38/><T63/><D102/><U77/><E77/><V122/><F122/><W54/><G106/><T69/><D69/><U24/><E71/><V85/><F73/><RYUUKYOKU ba="2,1" sc="240,0,280,0,220,0,250,0" /><INIT seed="2,3,1,0,0,86" ten="240,280,220,250" oya="2" hai0="72,125,104,54,61,98,114,44,51,35,79,101,20" hai1="124,73,21,92,123,40,43,106,129,119,62,19,109" hai2="68,94,39,4,18,78,14,132,90,5,29,120,42" hai3="69,10,23,6,133,117,30,12,126,41,8,58,116"/><V70/><F120/><W2/><G69/><T131/><D114/><U103/><E106/><V93/><F132/><W22/><G41/><T36/><D35/><U24/><E119/><N who="3" m="45642" /><G58/><T3/><D3/><U27/><E73/><V105/><F105/><W63/><G63/><T99/><D131/><U13/><E123/><V17/><F29/><W82/><G82/><T96/><D36/><U67/><E109/><V111/><F78/><W47/><G47/><T1/><D1/><U135/><E124/><V112/><F112/><W108/><G108/><T0/><D125/><U122/><E135/><V113/><F113/><W53/><G53/><T66/><D0/><U88/><E103/><V37/><F111/><W87/><G87/><T33/><D33/><U118/><E129/><V38/><F42/><N who="1" m="15913" /><E122/><V34/><F34/><W65/><G65/><T49/><D79/><U107/><E107/><V76/><F76/><W55/><G55/><T84/><D72/><U127/><E127/><V26/><F26/><N who="3" m="16727" /><G126/><T57/><D49/><U56/><E118/><V28/><F28/><W85/><G85/><AGARI ba="3,1" hai="13,19,21,24,27,56,62,67,85,88,92" m="15913" machi="85" ten="30,3900,0" yaku="8,1,52,1,54,1" doraHai="86" who="1" fromWho="3" sc="240,0,280,58,220,0,250,-48" /><INIT seed="3,0,0,4,1,104" ten="240,338,220,202" oya="3" hai0="135,54,83,77,49,107,121,64,94,129,14,79,110" hai1="109,66,70,2,21,60,57,72,41,39,105,117,71" hai2="125,22,93,62,68,25,73,24,119,50,11,132,29" hai3="92,0,128,6,75,131,43,33,28,36,3,13,40"/><W96/><G13/><T122/><D107/><U1/><E105/><V97/><F119/><W78/><G28/><T4/><D110/><U120/><E120/><V48/><F125/><W12/><G12/><T42/><D42/><N who="3" m="15913" /><G33/><T74/><D129/><N who="3" m="49737" /><G36/><T111/><D77/><U69/><E109/><V32/><F11/><W81/><G6/><T101/><D111/><U51/><E41/><V46/><F132/><W80/><G80/><T7/><D135/><U84/><E39/><V10/><F10/><W118/><G118/><T30/><D30/><U112/><E117/><V20/><F32/><W90/><AGARI ba="0,0" hai="0,3,75,78,81,90,92,96" m="49737,15913" machi="90" ten="30,3000,0" yaku="19,1,52,1" doraHai="104" who="3" fromWho="3" sc="240,-10,338,-10,220,-10,202,30" /><INIT seed="3,1,0,5,4,96" ten="230,328,210,232" oya="3" hai0="47,12,134,5,53,74,110,8,87,86,7,127,133" hai1="36,83,35,19,81,126,1,10,46,3,38,63,23" hai2="123,132,30,113,92,2,28,0,100,114,45,6,68" hai3="101,51,37,65,66,104,128,131,89,118,33,117,105"/><W58/><G37/><T111/><D74/><U135/><E35/><V27/><F68/><W119/><G33/><T15/><D127/><U106/><E106/><N who="3" m="41066" /><G89/><T62/><D7/><U116/><E126/><V50/><F132/><N who="0" m="50794" /><D12/><U72/><E63/><V20/><F123/><W77/><G77/><T64/><D53/><U9/><E19/><V67/><F67/><N who="3" m="25611" /><G51/><T91/><D47/><U80/><E46/><V39/><F39/><W79/><G58/><N who="0" m="36951" /><D87/><U21/><E83/><AGARI ba="1,0" hai="5,8,15,83,86,91,110,111" m="36951,50794" machi="83" ten="30,1000,0" yaku="20,1" doraHai="96" who="0" fromWho="1" sc="230,13,328,-13,210,0,232,0" owari="243,4.3,315,41.5,210,-29.0,232,-16.8" /></mjloggm>