<mjloggm ver="2.3"><GO type="225" lobby="0"/><UN n0="%E6%A1%9C%E8%8A%B1%E9%96%83%E3%80%85" n1="%E8%90%BD%E6%97%A5" n2="%E6%97%A5%E6%9B%9C%E6%97%A5%E3%82%88%E3%82%8A%E3%81%AE%E4%BD%BF%E8%80%85" n3="%E3%81%8F%E3%82%8A%E3%83%94%E3%83%BC" dan="18,18,17,16" rate="2287.20,2190.39,2150.25,2109.67" sx="M,F,M,M"/><TAIKYOKU oya="0"/><INIT seed="0,0,0,2,5,114" ten="250,250,250,250" oya="0" hai0="105,53,55,52,20,47,62,46,28,45,56,126,3" hai1="79,83,81,74,0,40,19,75,26,29,72,132,21" hai2="90,23,93,24,35,31,64,36,60,4,27,91,16" hai3="100,69,107,119,7,101,41,1,66,49,59,77,129"/><T50/><D105/><U80/><E132/><V2/><F36/><W44/><G129/><T68/><D3/><U25/><E0/><V92/><F92/><W95/><G107/><T5/><D5/><U97/><E40/><V110/><F110/><W22/><G77/><T134/><D134/><U89/><E97/><V127/><F127/><W65/><G65/><N who="0" m="41015" /><D20/><U82/><REACH who="1" step="1"/><E89/><REACH who="1" ten="250,240,250,250" step="2"/><V57/><REACH who="2" step="1"/><F93/><REACH who="2" ten="250,240,240,250" step="2"/><W123/><G95/><T70/><D126/><U125/><E125/><V37/><F37/><W76/><G1/><T104/><D104/><U103/><E103/><V9/><AGARI ba="0,2" hai="2,4,9,16,23,24,27,31,35,57,60,64,90,91" machi="9" ten="30,4000,0" yaku="1,1,0,1,54,1,53,0" doraHai="114" doraHaiUra="135" who="2" fromWho="2" sc="250,-20,240,-10,240,60,250,-10" /><INIT seed="1,0,0,0,3,24" ten="230,230,300,240" oya="1" hai0="120,59,36,2,0,54,67,35,16,99,87,61,27" hai1="116,23,108,44,124,31,51,39,91,132,82,72,66" hai2="127,101,104,102,74,34,119,56,118,130,96,79,25" hai3="85,57,30,65,105,112,43,121,77,123,45,49,84"/><U33/><E116/><V10/><F56/><W107/><G112/><T89/><D120/><U15/><E124/><V58/><F58/><W7/><G123/><T46/><D99/><U106/><E106/><V62/><F127/><W103/><G121/><T69/><D35/><U37/><E132/><V52/><F52/><W122/><G122/><T134/><D134/><U40/><E66/><V97/><F62/><W9/><G103/><T98/><D98/><U8/><E33/><V111/><F10/><W110/><G110/><T12/><D27/><U41/><E108/><V93/><F111/><W94/><G85/><T100/><D100/><U1/><E41/><V11/><F11/><W26/><G57/><T128/><D128/><U126/><E126/><V71/><F71/><W75/><G75/><T117/><D117/><U131/><E131/><V22/><F130/><W21/><G65/><T64/><D64/><U28/><E1/><V18/><F34/><W19/><G19/><T76/><D76/><U92/><E23/><V80/><AGARI ba="0,0" hai="18,22,25,74,79,80,93,96,97,101,102,104,118,119" machi="80" ten="30,1100,0" yaku="0,1" doraHai="24" who="2" fromWho="2" sc="230,-3,230,-5,300,11,240,-3" /><INIT seed="2,0,0,4,2,18" ten="227,225,311,237" oya="2" hai0="87,119,9,20,55,71,78,38,34,82,126,3,51" hai1="107,134,112,39,15,110,5,58,130,113,64,52,31" hai2="118,133,26,53,85,79,131,27,90,48,91,128,37" hai3="14,89,84,45,10,117,98,69,99,100,47,80,74"/><V108/><F37/><W77/><G117/><T66/><D34/><U13/><E39/><V104/><F104/><W121/><G69/><T28/><D38/><U11/><E107/><V30/><F118/><W2/><G2/><T93/><D119/><U132/><E64/><V16/><F133/><N who="1" m="51305" /><E110/><V65/><F65/><W24/><G121/><T29/><D126/><U73/><E73/><V122/><F122/><W116/><G116/><T32/><D32/><U96/><E96/><V6/><F6/><W8/><G8/><T4/><D93/><U125/><E125/><V123/><F123/><W106/><G24/><T60/><REACH who="0" step="1"/><D20/><REACH who="0" ten="217,225,311,237" step="2"/><U95/><E95/><V68/><F108/><W50/><G106/><T120/><D120/><U135/><E135/><V57/><F131/><W75/><G100/><T12/><D12/><N who="1" m="5231" /><E130/><V114/><F128/><W43/><G14/><N who="1" m="5130" /><E31/><V54/><F30/><W70/><G10/><T103/><D103/><U124/><E124/><V56/><F27/><W25/><G25/><T21/><D21/><U19/><E19/><V127/><F16/><W36/><G36/><T67/><D67/><U44/><E44/><AGARI ba="0,1" hai="3,4,9,28,29,44,51,55,60,66,71,78,82,87" machi="44" ten="30,2000,0" yaku="1,1,7,1,53,0" doraHai="18" doraHaiUra="115" who="0" fromWho="1" sc="217,30,225,-20,311,0,237,0" /><INIT seed="3,0,0,3,1,64" ten="247,205,311,237" oya="3" hai0="65,119,4,35,81,21,53,76,40,122,66,90,57" hai1="115,91,24,102,84,74,17,51,73,126,71,41,80" hai2="113,92,108,7,100,59,46,44,134,49,125,101,38" hai3="121,28,124,6,61,127,19,72,75,14,27,58,87"/><W107/><G121/><T45/><D119/><U128/><E115/><V68/><F113/><W62/><G107/><T30/><D35/><U8/><E126/><N who="3" m="48170" /><G6/><T103/><D103/><U129/><E102/><V60/><F7/><W9/><G87/><T94/><D4/><U31/><E8/><V98/><F125/><W111/><G111/><T135/><D135/><U123/><E17/><V42/><F108/><W116/><G116/><T26/><D122/><U78/><E123/><V36/><F134/><W130/><G130/><T50/><D81/><U29/><E29/><V109/><F109/><W83/><G83/><T55/><D76/><U132/><E132/><V106/><F106/><W99/><G99/><N who="0" m="57815" /><D40/><U16/><E31/><V117/><F117/><W13/><G14/><T63/><AGARI ba="0,0" hai="21,26,30,45,50,53,55,57,63,65,66" m="57815" machi="63" ten="30,1100,0" yaku="8,1" doraHai="64" who="0" fromWho="0" sc="247,11,205,-3,311,-3,237,-5" owari="258,5.8,202,-29.8,308,40.8,232,-16.8" /></mjloggm>