<mjloggm ver="2.3"><GO type="225" lobby="0"/><UN n0="%E3%81%A1%E3%82%85%E3%81%86%E3%81%A9%E3%81%8F%E8%B1%A1%E3%81%95%E3%82%93" n1="%45%6C%79%73%69%75%6D" n2="%72%69%6F%75%63%68%61%6E" n3="%73%6C%69%63%6B%33%31%39" dan="17,18,17,17" rate="2197.11,2151.66,2234.90,2188.44" sx="M,F,M,M"/><TAIKYOKU oya="0"/><INIT seed="0,0,0,5,1,110" ten="250,250,250,250" oya="0" hai0="96,104,11,134,100,59,16,21,61,28,24,116,42" hai1="9,29,34,92,105,23,33,31,66,56,79,131,36" hai2="49,80,78,65,124,20,32,7,102,127,90,82,72" hai3="51,113,98,67,108,129,121,22,14,44,89,125,123"/><T18/><D116/><U57/><E105/><V99/><F32/><W45/><G108/><T69/><D134/><U117/><E36/><V52/><F65/><W130/><G125/><N who="2" m="48201" /><F7/><W132/><G132/><T19/><D42/><U46/><E46/><N who="3" m="18026" /><G51/><T83/><D83/><U84/><E84/><N who="2" m="50439" /><F20/><W103/><G89/><T13/><REACH who="0" step="1"/><D69/><REACH who="0" ten="240,250,250,250" step="2"/><U133/><E117/><V135/><F135/><W71/><G71/><T3/><D3/><U25/><E133/><V94/><F49/><W97/><G123/><T54/><AGARI ba="0,1" hai="11,13,16,18,19,21,24,28,54,59,61,96,100,104" machi="54" ten="20,7800,0" yaku="1,1,0,1,7,1,54,1,53,0" doraHai="110" doraHaiUra="91" who="0" fromWho="0" sc="240,88,250,-26,250,-26,250,-26" /><INIT seed="0,1,0,3,3,72" ten="328,224,224,224" oya="0" hai0="56,22,3,50,25,96,132,80,113,79,104,10,27" hai1="117,13,84,102,108,115,15,131,103,91,114,37,101" hai2="43,19,9,57,58,61,70,28,71,106,6,112,41" hai3="47,93,0,62,78,63,32,135,64,124,17,20,90"/><T31/><D113/><N who="1" m="43019" /><E117/><V109/><F112/><W14/><G124/><T111/><D132/><U49/><E37/><V128/><F109/><W23/><G32/><T99/><D104/><U105/><E105/><V67/><F128/><W55/><G0/><T89/><D89/><U7/><E108/><V68/><F106/><W98/><G135/><T75/><D111/><U69/><E69/><V76/><F28/><W88/><G78/><T74/><D74/><U60/><E131/><V24/><F76/><W87/><G20/><T29/><D3/><U94/><E60/><V11/><F58/><N who="3" m="36951" /><G47/><T2/><D2/><U42/><E7/><V120/><F120/><W36/><G36/><T4/><D4/><U126/><E126/><V125/><F125/><W123/><G123/><T110/><D10/><U59/><E59/><V51/><F51/><W65/><G65/><T30/><D110/><U18/><E18/><V38/><F38/><W53/><G63/><T52/><D29/><U85/><E85/><V8/><REACH who="2" step="1"/><F6/><REACH who="2" ten="328,224,214,224" step="2"/><W133/><G133/><T26/><REACH who="0" step="1"/><D26/><REACH who="0" ten="318,224,214,224" step="2"/><U83/><E49/><V35/><F35/><AGARI ba="1,2" hai="22,25,27,30,31,35,50,52,56,75,79,80,96,99" machi="35" ten="30,12000,1" yaku="1,1,2,1,7,1,52,1,54,1,53,0" doraHai="72" doraHaiUra="1" who="0" fromWho="2" sc="318,143,224,0,214,-123,224,0" /><INIT seed="0,2,0,1,1,78" ten="461,224,91,224" oya="0" hai0="85,37,0,56,22,50,73,13,25,79,2,51,3" hai1="40,87,19,89,11,59,16,119,14,8,80,49,33" hai2="57,77,28,24,31,30,135,35,86,117,118,93,110" hai3="121,62,112,53,39,126,54,60,67,63,68,97,70"/><T114/><D114/><U17/><E119/><N who="2" m="45579" /><F93/><W109/><G112/><T21/><D37/><U101/><E33/><V43/><F43/><W65/><G109/><T132/><D73/><U107/><E107/><V27/><F57/><N who="3" m="34863" /><G97/><T66/><D132/><U74/><E101/><V92/><F92/><W100/><G100/><T72/><D72/><U124/><E124/><V34/><F77/><W113/><G113/><T108/><D108/><U90/><E74/><V95/><F95/><W23/><G23/><T6/><D66/><U38/><E38/><V103/><F103/><W44/><G126/><T20/><D25/><N who="2" m="9802" /><F110/><W1/><G1/><T76/><D56/><U99/><E99/><V29/><N who="2" m="7168" /><DORA hai="116" /><V83/><F135/><W120/><G54/><T125/><D125/><U61/><E90/><V96/><F96/><W64/><G64/><T104/><D104/><U91/><E91/><V134/><F134/><W42/><AGARI ba="2,0" hai="39,42,44,62,63,65,67,68,70,120,121" m="34863" machi="42" ten="30,7900,0" yaku="34,2,52,2" doraHai="78,116" who="3" fromWho="3" sc="461,-41,224,-22,91,-22,224,85" /><INIT seed="1,0,0,4,2,130" ten="420,202,69,309" oya="1" hai0="118,110,49,113,84,22,62,72,131,54,38,34,32" hai1="14,105,17,67,73,70,132,27,95,26,9,93,64" hai2="92,31,78,37,16,102,98,39,104,116,108,133,77" hai3="51,87,56,55,122,100,13,81,112,109,111,79,42"/><U46/><E105/><V103/><F116/><W5/><G112/><T85/><D118/><U33/><E73/><V35/><F108/><W43/><G122/><T41/><D72/><U59/><E70/><V117/><F117/><W135/><G135/><T80/><D131/><U28/><E132/><V97/><F133/><W24/><G100/><T60/><D110/><N who="3" m="41993" /><G24/><T99/><D99/><U119/><E119/><V12/><F31/><W128/><G128/><T30/><D38/><U58/><E27/><V89/><F35/><W45/><G56/><T90/><D32/><U68/><E68/><V1/><F1/><W114/><G114/><T134/><D34/><U65/><E46/><V7/><F7/><W11/><AGARI ba="0,0" hai="5,11,13,42,43,45,51,55,79,81,87" m="41993" machi="11" ten="30,1100,0" yaku="14,1" doraHai="130" who="3" fromWho="3" sc="420,-3,202,-5,69,-3,309,11" /><INIT seed="2,0,0,4,4,80" ten="417,197,66,320" oya="2" hai0="132,120,59,19,12,10,131,62,95,30,82,53,86" hai1="48,84,33,68,57,25,20,14,5,24,96,47,122" hai2="67,76,70,127,113,60,22,75,15,65,99,1,42" hai3="34,106,94,29,73,91,26,18,46,49,41,35,54"/><V123/><F113/><W115/><G106/><T4/><D131/><U38/><E68/><V13/><F123/><W87/><G115/><T21/><D132/><U102/><E122/><V50/><F1/><W125/><G125/><T44/><D120/><U58/><E38/><V93/><F127/><W72/><G34/><T100/><D44/><U109/><E109/><V97/><F65/><W45/><REACH who="3" step="1"/><G18/><REACH who="3" ten="417,197,66,310" step="2"/><T114/><D114/><U43/><E33/><V9/><F22/><W135/><G135/><T8/><D21/><U77/><E24/><V103/><F99/><W61/><G61/><T74/><D19/><U39/><E25/><V3/><F3/><W37/><AGARI ba="0,1" hai="26,29,35,37,41,45,46,49,54,72,73,87,91,94" machi="37" ten="20,5200,0" yaku="1,1,0,1,7,1,52,1,53,0" doraHai="80" doraHaiUra="110" who="3" fromWho="3" sc="417,-13,197,-13,66,-26,310,62" /><INIT seed="3,0,0,1,4,87" ten="404,184,40,372" oya="3" hai0="96,23,58,123,0,113,62,3,115,28,1,60,134" hai1="114,59,126,38,117,124,107,69,25,45,12,128,92" hai2="31,72,112,131,82,27,15,103,36,2,132,44,88" hai3="4,49,125,8,65,74,71,118,108,73,29,101,48"/><W41/><G118/><T14/><D123/><U120/><E92/><V64/><F131/><W86/><G29/><T79/><D134/><U99/><E99/><V121/><F132/><W5/><G101/><T39/><D39/><U119/><E12/><V66/><F112/><N who="0" m="43082" /><D79/><U20/><E59/><V133/><F133/><W13/><G71/><T93/><D58/><U47/><E47/><V67/><F121/><W42/><G65/><T40/><D40/><U106/><E45/><V37/><F2/><W51/><G125/><T55/><D55/><U122/><E20/><V43/><F36/><W68/><G68/><T85/><D85/><U9/><E9/><V17/><F103/><W35/><G35/><T104/><D104/><U56/><E25/><V75/><F27/><W135/><G135/><T111/><D111/><U70/><E56/><V54/><F31/><W24/><G24/><N who="0" m="16415" /><D14/><U89/><E38/><V52/><F72/><W34/><G86/><T97/><D97/><U83/><E128/><V10/><REACH who="2" step="1"/><F75/><REACH who="2" ten="404,184,30,372" step="2"/><N who="3" m="28683" /><G34/><T33/><D33/><U91/><E114/><V21/><F21/><W57/><G108/><T116/><D116/><U102/><E102/><AGARI ba="0,1" hai="0,1,3,60,62,93,96,102" m="16415,43082" machi="102" ten="40,1300,0" yaku="11,1" doraHai="87" who="0" fromWho="1" sc="404,23,184,-13,30,0,372,0" owari="427,52.7,171,-22.9,30,-47.0,372,17.2" /></mjloggm>