<mjloggm ver="2.3"><GO type="225" lobby="0"/><UN n0="%E6%A1%9C%E8%8A%B1%E9%96%83%E3%80%85" n1="%E5%A4%9C%E3%81%AE%E3%82%AC%E3%82%B9%E3%83%91%E3%83%BC%E3%83%AB" n2="%E7%89%B9%E6%9D%B1%E3%81%AF%E4%B8%96%E7%95%8C%E3%82%92%E6%95%91%E3%81%86" n3="%77%72%77%72%77%72%77%72" dan="16,17,16,17" rate="2141.15,2221.63,2144.45,2202.77" sx="M,M,M,M"/><TAIKYOKU oya="0"/><INIT seed="0,0,0,0,3,47" ten="250,250,250,250" oya="0" hai0="113,65,8,67,66,124,102,128,45,0,95,82,40" hai1="39,94,15,85,42,35,17,120,132,5,101,48,130" hai2="57,37,127,3,32,12,79,4,131,20,55,107,22" hai3="19,71,27,97,73,10,86,51,126,133,16,41,98"/><T112/><D124/><U117/><E120/><V14/><F37/><W30/><G73/><T135/><D135/><U36/><E117/><V31/><F107/><W87/><G71/><T49/><D128/><U88/><E35/><V52/><F131/><W11/><G126/><T119/><D119/><U56/><E130/><V6/><F127/><W118/><G133/><T2/><D82/><U44/><E132/><V106/><F106/><W21/><G118/><T75/><D75/><U29/><E29/><V96/><F96/><N who="3" m="36971" /><G10/><T62/><D102/><U122/><E122/><V115/><F32/><W28/><G19/><T59/><D95/><U72/><E72/><V123/><F123/><W9/><G9/><T60/><D66/><U108/><E101/><V1/><F31/><N who="3" m="11819" /><G11/><T90/><D90/><U53/><E5/><V24/><F24/><W81/><G81/><T43/><D43/><U54/><E108/><V109/><F115/><W111/><G111/><T103/><D103/><U58/><E36/><V78/><REACH who="2" step="1"/><F109/><REACH who="2" ten="250,250,240,250" step="2"/><W33/><G33/><T61/><D113/><U134/><E134/><V121/><F121/><W99/><G99/><T13/><D112/><U104/><E104/><V125/><F125/><W83/><G83/><T68/><REACH who="0" step="1"/><D62/><REACH who="0" ten="240,250,240,250" step="2"/><U69/><E39/><V46/><F46/><AGARI ba="0,2" hai="16,21,27,41,46,51,86,87" m="11819,36971" machi="46" ten="30,3900,0" yaku="8,1,52,1,54,1" doraHai="47" who="3" fromWho="2" sc="240,0,250,0,240,-39,250,59" /><INIT seed="1,0,0,2,3,19" ten="240,250,201,309" oya="1" hai0="94,34,48,71,135,103,51,99,5,45,117,79,31" hai1="20,69,46,115,62,37,111,82,91,104,50,12,9" hai2="108,39,101,130,15,47,102,113,4,49,121,10,126" hai3="76,24,53,8,0,65,77,75,67,58,131,100,40"/><U43/><E115/><V86/><F121/><W95/><G131/><T35/><D117/><U129/><E104/><V29/><F130/><W22/><G40/><T44/><D135/><U3/><E129/><V124/><F113/><W66/><G8/><T74/><D71/><U54/><E3/><V7/><F108/><W80/><G0/><T87/><D74/><U41/><E111/><V17/><F39/><W32/><G32/><T134/><D134/><U78/><E91/><V42/><F29/><W23/><G77/><T125/><D125/><U16/><E41/><V116/><F116/><W25/><G95/><T92/><D5/><U38/><E43/><V52/><F42/><W112/><G100/><N who="2" m="38505" /><F86/><N who="3" m="48391" /><G112/><T133/><D133/><U123/><E123/><V132/><F132/><W98/><G75/><T36/><D36/><U83/><E83/><V18/><F4/><W114/><G98/><T70/><D70/><U61/><E69/><V59/><F47/><N who="0" m="17994" /><D94/><U64/><E38/><V14/><F14/><W128/><G128/><T93/><D93/><U109/><E37/><V127/><AGARI ba="0,0" hai="7,10,15,17,18,49,52,59,124,126,127" m="38505" machi="127" ten="40,2700,0" yaku="18,1,54,1" doraHai="19" who="2" fromWho="2" sc="240,-7,250,-13,201,27,309,-7" /><INIT seed="2,0,0,0,0,35" ten="233,237,228,302" oya="2" hai0="109,104,20,75,103,55,39,10,36,120,84,33,91" hai1="87,108,25,5,113,102,13,56,59,86,60,31,85" hai2="69,62,4,46,119,106,40,78,77,97,49,21,48" hai3="74,28,123,83,12,118,76,19,100,2,41,112,68"/><V1/><F119/><W90/><G2/><T99/><D33/><U63/><E113/><V27/><F48/><W95/><G123/><T53/><D120/><U37/><E37/><V47/><F46/><W61/><G118/><T15/><D75/><U9/><E108/><V0/><F106/><W3/><G3/><T133/><D109/><U30/><E102/><V127/><F127/><W51/><G28/><T73/><D73/><U22/><E31/><V54/><F97/><W17/><G100/><T58/><D20/><U72/><E72/><V67/><F40/><W121/><G112/><T105/><D133/><U44/><E44/><V126/><F126/><W66/><G121/><T14/><D14/><U111/><E111/><V32/><F32/><W65/><G65/><T50/><D55/><N who="1" m="33823" /><E87/><V71/><F71/><W81/><G81/><T128/><D128/><U23/><E22/><V117/><F117/><W80/><G80/><T92/><D105/><U64/><AGARI ba="0,0" hai="5,9,13,23,25,30,59,63,64,85,86" m="33823" machi="64" ten="30,1100,0" yaku="8,1" doraHai="35" who="1" fromWho="1" sc="233,-3,237,11,228,-5,302,-3" /><INIT seed="3,0,0,1,2,49" ten="230,248,223,299" oya="3" hai0="10,69,117,63,80,135,95,2,4,51,70,106,32" hai1="98,42,7,26,61,22,13,56,43,119,66,82,8" hai2="134,25,37,33,1,88,124,114,45,91,108,11,52" hai3="27,121,53,116,67,122,103,77,39,71,101,102,89"/><W29/><G116/><T86/><D117/><U115/><E115/><V36/><F114/><W72/><G39/><T17/><D106/><U23/><E119/><V68/><F68/><W5/><G5/><T129/><D32/><U83/><E98/><V111/><F134/><W73/><G89/><N who="2" m="34377" /><F124/><W132/><G132/><T6/><D135/><U9/><E9/><V76/><F76/><W59/><G67/><T15/><D129/><U14/><E14/><V75/><F75/><W120/><G71/><T78/><D95/><U100/><E100/><V54/><F25/><W60/><REACH who="3" step="1"/><G77/><REACH who="3" ten="230,248,223,289" step="2"/><T65/><D70/><U104/><E7/><N who="2" m="1519" /><F33/><AGARI ba="0,1" hai="27,29,33,53,59,60,72,73,101,102,103,120,121,122" machi="33" ten="50,9600,0" yaku="1,1,52,1,53,1" doraHai="49" doraHaiUra="24" who="3" fromWho="2" sc="230,0,248,0,223,-96,289,106" owari="230,-17.0,248,4.8,127,-37.3,395,49.5" /></mjloggm>