<mjloggm ver="2.3"><GO type="225" lobby="0"/><UN n0="%E3%81%A4%E3%81%A3%E3%81%B1%E3%82%8A%E3%83%9D%E3%83%BC%E3%83%AB" n1="%61%6D%65%6B%69" n2="%E6%98%93%E5%88%A9%E8%96%A9%E4%BC%AF" n3="%E3%82%A2%E3%83%A1%E3%82%A2%E3%83%A9%E3%83%AC" dan="17,16,16,16" rate="2266.63,2092.25,2024.60,2157.25" sx="M,M,F,M"/><TAIKYOKU oya="0"/><INIT seed="0,0,0,0,0,121" ten="250,250,250,250" oya="0" hai0="112,49,39,118,72,0,21,126,38,105,59,109,1" hai1="44,78,92,117,115,116,110,11,63,62,89,34,64" hai2="74,82,100,19,30,12,119,69,3,99,24,50,51" hai3="13,93,32,25,41,76,36,131,14,2,108,134,52"/><T130/><RYUUKYOKU type="yao9" ba="0,0" sc="250,0,250,0,250,0,250,0" hai0="0,1,21,38,39,49,59,72,105,109,112,118,126,130" /><INIT seed="0,1,0,0,0,67" ten="250,250,250,250" oya="0" hai0="88,129,44,92,36,25,79,87,13,14,100,123,24" hai1="119,63,4,15,50,72,59,52,40,82,37,117,31" hai2="23,27,12,22,19,66,77,48,65,8,109,94,112" hai3="125,104,120,43,76,95,3,58,30,135,85,46,84"/><T32/><D123/><U93/><E37/><V71/><F109/><W69/><G120/><T105/><D129/><U42/><E31/><V38/><F38/><W51/><G104/><T55/><D79/><U78/><E93/><V131/><F112/><W18/><G3/><T91/><D105/><U10/><REACH who="1" step="1"/><E50/><REACH who="1" ten="250,240,250,250" step="2"/><V133/><F94/><W68/><G95/><N who="0" m="54687" /><D36/><U61/><E61/><V1/><F48/><W64/><G51/><N who="0" m="29159" /><D32/><U80/><E80/><V97/><F131/><W0/><G30/><T56/><D100/><U99/><E99/><V107/><F97/><W57/><G135/><T26/><D56/><U102/><E102/><V60/><F107/><W16/><G58/><T73/><D73/><U132/><E132/><V33/><F133/><W74/><G57/><T101/><D101/><U45/><E45/><V127/><F33/><W7/><G46/><T118/><D118/><AGARI ba="1,1" hai="4,10,15,40,42,52,59,63,72,78,82,117,118,119" machi="118" ten="40,2600,0" yaku="1,1,54,1,53,0" doraHai="67" doraHaiUra="90" who="1" fromWho="0" sc="250,-29,240,39,250,0,250,0" /><INIT seed="1,0,0,5,3,86" ten="221,279,250,250" oya="1" hai0="27,48,7,76,34,83,41,113,92,112,17,62,121" hai1="84,52,68,124,66,14,60,47,24,120,72,131,4" hai2="11,33,94,77,132,78,107,57,102,99,45,6,125" hai3="108,89,95,65,85,55,16,93,81,39,73,35,118"/><U97/><E72/><V44/><F33/><W133/><G108/><T119/><D121/><U32/><E120/><V15/><F132/><W64/><G133/><T80/><D119/><U22/><E131/><V103/><F125/><W98/><G35/><T56/><D7/><U36/><E124/><V122/><F122/><W79/><G39/><T69/><D69/><U20/><E36/><V23/><F107/><W42/><G42/><T0/><D0/><U30/><E97/><V21/><F103/><W100/><G118/><T111/><D111/><U75/><E75/><V105/><F105/><W37/><G37/><T128/><D128/><U67/><E67/><V135/><F135/><W126/><G126/><T31/><D17/><U96/><E96/><V117/><F117/><W8/><REACH who="3" step="1"/><G55/><REACH who="3" ten="221,279,250,240" step="2"/><T26/><D113/><U74/><E32/><V10/><F10/><W116/><G116/><T50/><D41/><U109/><E109/><V58/><F23/><W28/><G28/><T82/><D112/><U2/><E22/><V127/><F21/><W134/><G134/><T87/><D31/><U54/><E20/><V19/><F127/><W61/><G61/><T29/><D27/><U49/><E24/><V130/><F130/><W38/><G38/><T129/><D129/><U104/><E60/><V3/><F11/><W53/><G53/><N who="0" m="34063" /><D50/><U46/><E49/><V1/><F1/><W25/><G25/><T90/><D48/><U40/><E2/><V88/><F3/><W71/><G71/><T123/><D123/><U70/><E70/><V63/><F63/><W106/><G106/><RYUUKYOKU ba="0,1" sc="221,15,279,-15,250,-15,240,15" hai0="26,29,34,76,80,82,83,87,90,92" hai3="8,16,64,65,73,79,81,85,89,93,95,98,100" /><INIT seed="2,1,1,1,2,92" ten="236,264,235,255" oya="2" hai0="48,37,26,40,98,0,25,73,23,36,43,52,72" hai1="38,79,15,94,29,47,117,111,62,31,84,57,20" hai2="112,71,130,5,35,9,126,83,88,104,123,131,106" hai3="86,24,74,75,108,50,128,103,39,67,135,85,58"/><V49/><F112/><W116/><G39/><T7/><D0/><U6/><E117/><V61/><F123/><W2/><G116/><T30/><D7/><U118/><E111/><V124/><F35/><W97/><G2/><T125/><D125/><N who="2" m="48234" /><F49/><W109/><G135/><T11/><D11/><N who="1" m="4599" /><E38/><V45/><F45/><W65/><G24/><T63/><D63/><U19/><E47/><V119/><F119/><W21/><G21/><T64/><D64/><N who="3" m="24649" /><G128/><N who="2" m="49193" /><F61/><W68/><G50/><T132/><D132/><U27/><E118/><V90/><F71/><W56/><G68/><T133/><D133/><U12/><E57/><V114/><F114/><W134/><G58/><N who="0" m="33031" /><D37/><U66/><E62/><V78/><F106/><N who="3" m="63855" /><G56/><T51/><D36/><U34/><E34/><V122/><F104/><W59/><G59/><T129/><D51/><U102/><E66/><V4/><F122/><W115/><G115/><T1/><D129/><U89/><E79/><V77/><F77/><W16/><G134/><T81/><D43/><U69/><E69/><V17/><F17/><W53/><G16/><T54/><D40/><U28/><E12/><N who="2" m="5159" /><F5/><W120/><G120/><T70/><D70/><U10/><E10/><V121/><F121/><W18/><G18/><T99/><D54/><U107/><E107/><V22/><F22/><W101/><G53/><T55/><D55/><U33/><E33/><V113/><F113/><W82/><G109/><T76/><D23/><U80/><E19/><V91/><F91/><N who="3" m="51639" /><G108/><T96/><D76/><U3/><E3/><V110/><F110/><W100/><G86/><AGARI ba="1,1" hai="78,83,86,88,90" m="5159,49193,48234" machi="86" ten="30,5800,0" yaku="18,1,19,1,54,1" doraHai="92" who="2" fromWho="3" sc="236,0,264,0,235,71,255,-61" /><INIT seed="2,2,0,4,4,5" ten="236,264,306,194" oya="2" hai0="16,17,11,27,13,130,79,4,70,128,1,80,93" hai1="28,35,9,24,123,76,67,118,74,126,39,109,103" hai2="53,91,23,125,97,12,40,108,65,61,52,72,96" hai3="124,129,45,75,18,38,36,132,88,47,56,25,117"/><V101/><F72/><W94/><G117/><T78/><D70/><U22/><E118/><V115/><F115/><W107/><G107/><T110/><D110/><U51/><E39/><V55/><F108/><W83/><G132/><T116/><D116/><U6/><E109/><V121/><F121/><W73/><G129/><N who="0" m="49771" /><D93/><U20/><E126/><V33/><F33/><W63/><G124/><T134/><D134/><U29/><E29/><V44/><F125/><W81/><G38/><T133/><D133/><U99/><E123/><V66/><F91/><W31/><G75/><N who="0" m="43103" /><D79/><U84/><E74/><V122/><F122/><W113/><G113/><T86/><D86/><U104/><E51/><N who="2" m="27015" /><F61/><W32/><G36/><T42/><D42/><U54/><E54/><V34/><F34/><W69/><G69/><T105/><D105/><U15/><REACH who="1" step="1"/><E67/><REACH who="1" ten="236,254,306,194" step="2"/><V48/><F48/><W3/><G73/><T37/><D37/><U50/><E50/><V68/><F66/><W26/><G47/><T102/><D102/><U8/><E8/><V95/><F65/><W106/><G45/><T49/><D49/><U89/><E89/><V127/><F101/><W71/><G88/><T46/><D46/><U21/><E21/><V77/><F55/><W90/><G90/><T120/><D120/><U41/><E41/><V92/><F52/><W0/><G32/><T87/><D11/><U135/><E135/><V14/><F53/><W30/><G30/><T100/><D100/><U19/><E19/><V58/><F127/><W119/><G119/><T112/><D17/><U64/><E64/><V111/><F111/><RYUUKYOKU ba="2,1" sc="236,-10,254,30,306,-10,194,-10" hai1="6,9,15,20,22,24,28,35,76,84,99,103,104" /><INIT seed="3,3,1,4,3,25" ten="226,284,296,184" oya="3" hai0="23,2,19,131,12,4,38,22,88,56,49,99,82" hai1="90,85,36,84,112,104,101,126,26,118,61,113,3" hai2="91,73,102,123,35,8,58,80,130,79,53,67,32" hai3="66,92,111,78,81,7,9,1,41,43,17,55,51"/><W72/><G111/><T18/><D38/><U89/><E36/><V68/><F102/><W98/><G17/><T16/><D131/><U42/><E42/><V93/><F123/><W109/><G66/><T127/><D2/><U40/><E40/><V48/><F130/><W6/><G6/><T110/><D110/><U62/><E3/><V64/><F8/><W5/><G5/><T115/><D127/><U135/><E26/><V132/><F132/><W71/><G71/><T30/><D115/><U0/><E0/><V107/><F107/><W120/><G120/><T114/><D114/><U37/><E37/><V124/><F124/><W86/><G72/><T11/><D30/><U116/><E126/><V70/><F67/><W44/><REACH who="3" step="1"/><G109/><REACH who="3" ten="226,284,296,174" step="2"/><T95/><D82/><N who="1" m="49303" /><E113/><V63/><F70/><W119/><G119/><N who="1" m="45610" /><E112/><V121/><F121/><W59/><G59/><T20/><D4/><U54/><E135/><V46/><F68/><W29/><G29/><T100/><D100/><AGARI ba="3,2" hai="1,7,9,41,43,44,51,55,78,81,86,92,98,100" machi="100" ten="30,5800,0" yaku="1,1,7,1,53,1" doraHai="25" doraHaiUra="75" who="3" fromWho="0" sc="226,-67,284,0,296,0,174,87" /><INIT seed="3,4,0,1,3,119" ten="159,284,296,261" oya="3" hai0="75,134,116,1,130,84,94,102,93,88,83,128,45" hai1="70,58,12,117,7,57,23,13,3,103,50,126,105" hai2="133,8,36,95,77,44,52,99,28,132,22,121,125" hai3="61,51,48,4,0,98,71,114,109,104,37,18,80"/><W10/><G114/><T127/><D1/><U101/><E70/><V27/><F121/><W9/><G37/><T42/><D42/><U123/><E105/><V89/><F125/><W43/><G43/><T53/><D53/><U66/><E123/><V5/><F77/><W122/><G122/><T31/><D31/><U87/><E3/><V24/><F24/><W34/><G34/><T17/><D17/><U64/><E126/><V91/><F91/><W131/><G131/><N who="0" m="50219" /><D45/><U6/><E87/><V41/><REACH who="2" step="1"/><F52/><REACH who="2" ten="159,284,286,261" step="2"/><W46/><G71/><T110/><D127/><U62/><E117/><V68/><F68/><W100/><G61/><T59/><D59/><U35/><E35/><V79/><F79/><W115/><G51/><T11/><D116/><U2/><E50/><V78/><F78/><W124/><G10/><T82/><D11/><N who="1" m="2519" /><E62/><V112/><F112/><W60/><G60/><T108/><D134/><U129/><E129/><V86/><F86/><W74/><G115/><T29/><D29/><U55/><E55/><V111/><F111/><N who="0" m="42538" /><D75/><U73/><E73/><V90/><F90/><W72/><G18/><T63/><D63/><U39/><E58/><V65/><F65/><W67/><G46/><T85/><D102/><U14/><E57/><V26/><F26/><W15/><G15/><AGARI ba="4,1" hai="5,8,15,22,27,28,36,41,44,89,95,99,132,133" machi="15" ten="40,1300,0" yaku="1,1,53,0" doraHai="119" doraHaiUra="81" who="2" fromWho="3" sc="159,0,284,0,286,35,261,-25" owari="159,-34.1,284,8.4,321,42.1,236,-16.4" /></mjloggm>