<mjloggm ver="2.3"><GO type="225" lobby="0"/><UN n0="%E2%91%A3%E9%81%BF%E9%81%8A%E6%88%AF%E3%80%90%E6%9D%B1%E5%8D%97%E3%80%91" n1="%E6%A1%9C%E8%8A%B1%E9%96%83%E3%80%85" n2="%E3%83%B4%E3%83%A0%EF%BC%99%E3%81%A6" n3="%E3%81%8F%E3%82%8A%E3%83%94%E3%83%BC" dan="16,16,17,16" rate="2104.66,2109.57,2175.18,2096.86" sx="M,M,M,M"/><TAIKYOKU oya="0"/><INIT seed="0,0,0,0,5,23" ten="250,250,250,250" oya="0" hai0="71,51,45,88,31,114,30,116,52,15,125,102,48" hai1="124,75,54,56,104,18,38,7,6,32,44,126,65" hai2="94,115,4,78,11,17,95,84,81,132,128,67,28" hai3="93,77,96,14,25,105,91,131,74,19,41,60,40"/><T112/><D116/><U58/><E75/><V61/><F115/><W27/><G131/><T22/><D71/><U99/><E32/><V13/><F132/><W55/><G105/><T69/><D69/><U3/><E18/><V64/><F128/><W43/><G77/><T57/><D102/><N who="1" m="62559" /><E65/><V16/><F28/><W100/><G74/><T123/><D123/><U5/><E3/><V85/><F64/><W129/><G100/><T113/><D125/><N who="1" m="48235" /><E54/><V29/><F29/><W110/><G110/><T68/><D68/><U62/><E62/><V89/><REACH who="2" step="1"/><F95/><REACH who="2" ten="250,250,240,250" step="2"/><W82/><G129/><T107/><D107/><U37/><E37/><V59/><AGARI ba="0,1" hai="4,11,13,16,17,59,61,67,78,81,84,85,89,94" machi="59" ten="20,12000,2" yaku="1,1,2,1,0,1,7,1,8,1,54,1,53,1" doraHai="23" doraHaiUra="2" who="2" fromWho="2" sc="250,-60,250,-30,240,130,250,-30" /><INIT seed="1,0,0,5,0,0" ten="190,220,370,220" oya="1" hai0="22,30,121,80,47,77,88,43,14,125,10,94,73" hai1="69,134,96,135,60,68,101,23,92,117,106,124,111" hai2="126,55,13,16,9,133,32,103,76,90,71,1,104" hai3="122,97,107,29,52,81,93,78,79,21,28,86,129"/><U39/><E117/><V105/><F71/><W66/><G122/><T127/><D121/><U72/><E124/><V40/><F32/><W98/><G129/><T19/><D30/><U25/><E39/><V89/><F126/><W34/><G34/><T18/><D22/><U58/><E72/><V85/><F76/><W20/><G107/><T54/><D54/><N who="1" m="33879" /><E106/><V118/><F118/><W46/><G66/><T17/><D127/><U63/><E63/><V108/><F40/><W24/><G79/><T65/><D65/><U6/><E6/><V8/><F103/><N who="3" m="60847" /><G98/><T3/><D125/><U123/><E123/><V74/><F74/><W11/><G11/><T110/><D110/><U33/><E33/><V75/><F75/><W27/><G46/><T82/><D82/><U7/><E7/><V102/><F102/><W2/><G2/><T56/><D56/><U41/><E41/><V37/><F37/><W91/><G78/><T49/><REACH who="0" step="1"/><D3/><REACH who="0" ten="180,220,370,220" step="2"/><U26/><E111/><V109/><F1/><W12/><G52/><T83/><D83/><U51/><E23/><V99/><F55/><W95/><G12/><T62/><D62/><U5/><E26/><V115/><F108/><W67/><G67/><T35/><D35/><U130/><E25/><V42/><F109/><W87/><G81/><T119/><D119/><U4/><E69/><V61/><F61/><W116/><G116/><T59/><D59/><U100/><E68/><V114/><F13/><W70/><G70/><T44/><D44/><U112/><E130/><V50/><F114/><W31/><G28/><T120/><D120/><RYUUKYOKU ba="0,1" sc="180,15,220,-15,370,-15,220,15" hai0="10,14,17,18,19,43,47,49,73,77,80,88,94" hai3="20,21,24,27,29,31,86,87,91,95" /><INIT seed="2,1,1,1,4,107" ten="195,205,355,235" oya="2" hai0="128,5,19,119,6,14,101,63,51,114,60,77,42" hai1="18,21,71,67,8,91,39,124,102,22,122,117,132" hai2="131,109,97,86,57,1,61,34,115,24,41,116,36" hai3="127,103,30,68,53,37,7,33,81,46,2,73,120"/><V126/><F1/><W43/><G120/><T134/><D114/><U50/><E117/><V118/><F115/><W28/><G127/><T15/><D119/><U100/><E39/><V52/><F126/><W74/><G68/><T9/><D134/><U108/><E124/><V129/><F97/><W48/><G103/><T104/><D128/><N who="2" m="49226" /><F86/><W40/><G40/><T125/><D125/><U98/><E50/><V3/><F3/><W65/><G65/><T76/><D104/><U11/><E22/><V92/><F92/><W54/><G54/><T95/><D101/><U105/><E102/><V26/><F109/><W79/><G74/><T49/><D95/><U56/><E108/><V35/><F24/><W93/><G93/><T106/><D106/><U58/><E122/><V10/><F10/><N who="3" m="2423" /><G33/><N who="2" m="12297" /><F26/><W70/><G70/><T62/><D42/><U111/><E71/><V44/><AGARI ba="1,1" hai="36,41,44,52,57,61,116,118" m="12297,49226" machi="44" ten="40,3900,0" yaku="19,1,54,1" doraHai="107" who="2" fromWho="2" sc="195,-14,205,-14,355,52,235,-14" /><INIT seed="2,2,0,4,1,39" ten="181,191,407,221" oya="2" hai0="79,105,22,68,18,30,121,86,109,82,127,1,17" hai1="55,11,40,74,124,95,114,107,71,58,103,27,9" hai2="92,47,38,90,64,36,15,72,111,8,91,131,37" hai3="73,108,100,76,10,65,80,81,115,98,49,104,3"/><V83/><F72/><W16/><G108/><T0/><D121/><U52/><E114/><V41/><F111/><W118/><G118/><T57/><D109/><U4/><E71/><V7/><F64/><W29/><G29/><T102/><D68/><U13/><E107/><V44/><F131/><W78/><G115/><T87/><D30/><U94/><E124/><V59/><F59/><W88/><G65/><T42/><D127/><U24/><E74/><V134/><F134/><W32/><G32/><T14/><D105/><U123/><E123/><V110/><F110/><W96/><G49/><T33/><D33/><U129/><E129/><V56/><F56/><W12/><G3/><T89/><D102/><U135/><E40/><V69/><F69/><W101/><G88/><T116/><D116/><U45/><E11/><V35/><F35/><W48/><G48/><T25/><D57/><U63/><E135/><V112/><F112/><W99/><G101/><T21/><REACH who="0" step="1"/><D42/><REACH who="0" ten="171,191,407,221" step="2"/><U113/><E113/><V70/><F41/><W46/><G46/><T20/><D20/><U106/><E106/><V67/><F47/><W66/><G66/><T28/><D28/><U126/><E126/><V2/><F67/><W26/><G104/><T54/><D54/><N who="1" m="34263" /><E103/><V34/><F44/><W117/><G117/><T97/><D97/><U133/><E133/><V61/><F70/><W122/><G122/><T75/><D75/><U125/><E125/><V60/><F34/><W43/><G43/><T5/><D5/><U23/><E55/><V51/><F7/><W120/><G120/><T77/><D77/><RYUUKYOKU ba="2,1" sc="171,30,191,-10,407,-10,221,-10" hai0="0,1,14,17,18,21,22,25,79,82,86,87,89" /><INIT seed="3,3,1,5,2,78" ten="201,181,397,211" oya="3" hai0="62,8,53,46,104,52,129,109,89,84,121,95,127" hai1="126,82,2,28,65,90,94,51,117,79,30,58,76" hai2="24,40,77,48,74,66,107,97,85,21,20,61,125" hai3="100,75,111,134,34,88,33,102,116,68,63,36,60"/><W87/><G116/><T47/><D121/><U120/><E120/><V1/><F74/><W55/><G75/><T9/><D104/><U41/><E117/><V13/><F1/><W10/><G36/><T12/><D129/><U49/><E2/><V81/><F125/><W72/><G72/><T22/><D127/><U103/><E126/><V130/><F130/><W101/><G134/><T67/><D109/><U7/><E7/><V71/><F13/><W115/><G115/><T92/><D92/><U50/><E41/><V108/><F108/><W32/><G111/><T38/><D22/><U99/><E103/><V23/><F40/><W45/><G10/><T70/><D9/><U133/><E133/><V3/><F48/><W29/><G29/><N who="1" m="11370" /><E82/><V6/><F6/><W91/><G45/><T27/><D27/><U118/><E118/><V114/><F3/><W73/><G73/><T110/><D110/><U96/><E96/><V18/><F114/><W16/><G16/><N who="0" m="8199" /><D38/><U80/><E80/><V44/><F44/><N who="0" m="16938" /><D70/><U14/><E14/><V35/><F35/><W17/><G17/><T64/><D62/><AGARI ba="3,1" hai="49,50,51,58,62,65,76,79,90,94,99" m="11370" machi="62" ten="30,1000,0" yaku="8,1" doraHai="78" who="1" fromWho="0" sc="201,-19,181,29,397,0,211,0" owari="182,-31.8,210,-19.0,397,49.7,211,1.1" /></mjloggm>