<mjloggm ver="2.3"><GO type="225" lobby="0"/><UN n0="%72%61%6B%33" n1="%E3%81%9F%E3%81%8C%E3%82%84%E3%81%99" n2="%E3%83%A9%E3%83%96%E3%83%AC%E3%83%BC" n3="%43%68%65" dan="16,16,18,16" rate="2209.80,2126.12,2275.11,2128.16" sx="M,M,M,M"/><TAIKYOKU oya="0"/><INIT seed="0,0,0,2,4,84" ten="250,250,250,250" oya="0" hai0="61,119,83,79,130,41,43,5,131,108,114,35,56" hai1="67,122,101,98,0,112,31,71,14,94,30,128,42" hai2="24,63,34,78,135,76,90,25,33,92,13,113,66" hai3="50,57,97,127,21,69,80,125,51,133,2,62,49"/><T81/><D114/><U120/><E0/><V126/><F113/><W82/><G2/><T15/><D119/><U60/><E112/><V100/><F100/><W1/><G1/><T48/><D35/><U36/><E128/><N who="0" m="49193" /><D108/><U17/><E36/><V29/><F126/><N who="3" m="48139" /><G69/><T129/><N who="0" m="49201" /><T44/><DORA hai="3" /><D43/><U75/><E75/><V87/><F135/><W65/><G133/><T86/><D83/><N who="3" m="31785" /><G97/><T85/><D85/><U27/><E42/><V64/><F64/><W117/><G21/><T18/><D18/><U53/><E53/><V93/><F34/><W32/><G32/><T12/><D5/><U134/><E134/><V99/><F33/><W103/><G103/><T6/><D6/><U123/><REACH who="1" step="1"/><E27/><REACH who="1" ten="250,240,250,250" step="2"/><V77/><F25/><W59/><G117/><T116/><D116/><U88/><E88/><V115/><F24/><W73/><G73/><T10/><D10/><AGARI ba="0,1" hai="10,14,17,30,31,60,67,71,94,98,101,120,122,123" machi="10" ten="40,1300,0" yaku="1,1,53,0" doraHai="84,3" doraHaiUra="109,124" who="1" fromWho="0" sc="250,-13,240,23,250,0,250,0" /><INIT seed="1,0,0,4,3,77" ten="237,263,250,250" oya="1" hai0="17,126,84,47,52,38,26,130,30,22,57,81,132" hai1="108,113,20,42,13,23,99,107,105,111,116,6,63" hai2="133,10,119,123,3,62,69,75,121,95,12,92,16" hai3="97,46,91,129,56,14,32,134,15,44,37,80,36"/><U9/><E42/><V94/><F119/><W118/><G32/><T125/><D130/><U43/><E43/><V72/><F3/><W29/><G29/><T54/><D132/><U110/><E116/><V45/><F133/><W31/><G31/><T11/><D38/><U59/><E113/><V102/><F45/><W48/><G134/><T55/><D57/><U78/><E78/><V50/><F50/><W71/><G71/><T19/><D47/><U51/><E51/><V33/><F33/><W131/><G56/><T87/><D87/><U66/><REACH who="1" step="1"/><E99/><REACH who="1" ten="237,253,250,250" step="2"/><V65/><REACH who="2" step="1"/><F102/><REACH who="2" ten="237,253,240,250" step="2"/><W40/><G48/><T117/><D117/><U35/><E35/><V90/><F90/><W68/><G91/><N who="0" m="51599" /><D11/><U101/><E101/><V83/><F83/><W27/><G80/><T67/><D126/><U39/><E39/><V98/><F98/><W79/><G37/><T34/><D125/><U53/><E53/><V114/><F114/><W128/><G97/><T0/><D34/><U103/><E103/><V24/><F24/><W82/><G118/><T86/><D55/><U1/><E1/><V115/><F115/><W112/><G112/><T93/><D0/><U89/><E89/><V76/><F76/><W58/><G27/><T5/><D54/><U106/><AGARI ba="0,2" hai="6,9,13,20,23,59,63,66,105,106,107,108,110,111" machi="106" ten="40,12000,1" yaku="1,1,0,1,14,1,10,1,53,0" doraHai="77" doraHaiUra="21" who="1" fromWho="1" sc="237,-40,253,140,240,-40,250,-40" /><INIT seed="1,1,0,1,4,83" ten="197,393,200,210" oya="1" hai0="15,129,11,62,69,82,108,34,77,70,89,103,45" hai1="79,135,87,28,74,113,33,13,115,25,78,26,44" hai2="90,50,94,18,88,3,64,123,93,73,38,9,112" hai3="14,7,106,16,66,97,27,92,4,60,116,24,47"/><U95/><E74/><V76/><F38/><W119/><G106/><T30/><D108/><U61/><E135/><V10/><F123/><W56/><G47/><T65/><D129/><U96/><E13/><V80/><F112/><W130/><G130/><T110/><D110/><U32/><E44/><V105/><F105/><W126/><G126/><T67/><D103/><U122/><E122/><V46/><F64/><W124/><G124/><T51/><D34/><U133/><E133/><V43/><F18/><W57/><G57/><T37/><D30/><U91/><E61/><V134/><F134/><W55/><G66/><T53/><D37/><U21/><E33/><V109/><F3/><W71/><G71/><T49/><D49/><U101/><E115/><V63/><F63/><W58/><G58/><T114/><D114/><U120/><E120/><V59/><F59/><W117/><G27/><T132/><D132/><U121/><E113/><V125/><F125/><W23/><REACH who="3" step="1"/><G14/><REACH who="3" ten="197,393,200,200" step="2"/><T31/><D67/><U81/><E121/><V128/><F128/><W107/><G107/><T29/><D69/><U111/><E111/><V54/><F109/><W8/><G8/><T12/><D12/><U86/><E26/><V0/><F0/><W39/><G39/><T72/><REACH who="0" step="1"/><D89/><AGARI ba="1,1" hai="4,7,16,23,24,55,56,60,89,92,97,116,117,119" machi="89" ten="40,12000,2" yaku="1,1,25,2,12,1,54,1,53,1" doraHai="83" doraHaiUra="20" who="3" fromWho="0" sc="197,-123,393,0,200,0,200,133" /><INIT seed="2,0,0,5,5,56" ten="74,393,200,333" oya="2" hai0="87,78,92,106,6,28,7,66,110,61,129,49,41" hai1="117,76,45,105,99,94,133,71,9,4,127,135,53" hai2="47,131,89,14,88,52,25,85,68,73,109,122,32" hai3="12,22,24,114,46,8,101,16,3,90,64,102,33"/><V98/><F122/><W118/><G118/><T86/><D106/><U43/><E105/><V75/><F68/><W20/><G114/><T80/><D110/><U84/><E71/><V70/><F70/><W62/><G33/><T17/><D129/><U21/><E21/><V5/><F131/><W54/><G3/><T38/><D38/><U121/><E53/><V10/><F109/><W60/><G22/><T1/><D1/><U79/><E117/><V35/><F98/><W116/><G116/><T34/><D17/><U120/><E127/><V2/><F89/><W55/><G90/><T48/><D28/><U103/><E84/><V115/><F115/><W72/><G72/><T58/><D34/><U77/><E9/><V123/><F123/><N who="1" m="47177" /><E4/><V97/><F97/><W31/><G64/><T0/><D0/><U132/><E76/><V39/><F2/><W11/><G11/><T126/><D126/><U124/><E124/><V67/><F67/><W130/><G130/><T111/><D111/><U18/><E18/><V29/><F35/><W104/><G104/><T108/><D108/><U63/><E63/><N who="3" m="24106" /><G46/><T51/><REACH who="0" step="1"/><D41/><REACH who="0" ten="64,393,200,333" step="2"/><U26/><E43/><N who="2" m="23039" /><F52/><AGARI ba="0,1" hai="8,12,16,20,24,31,52,54,55,101,102" m="24106" machi="52" ten="30,12000,2" yaku="8,1,52,3,54,2" doraHai="56" who="3" fromWho="2" sc="64,0,393,0,200,-120,333,130" /><INIT seed="3,0,0,3,2,77" ten="64,393,80,463" oya="3" hai0="56,14,0,97,35,29,47,75,122,123,117,101,11" hai1="12,134,111,32,119,135,23,59,90,89,72,1,95" hai2="121,100,128,112,10,45,5,73,49,74,17,87,40" hai3="67,99,102,7,115,16,125,83,82,92,104,133,13"/><W38/><G115/><T127/><D117/><U61/><E32/><V18/><F112/><W55/><G38/><T103/><D0/><U86/><E1/><V113/><F113/><W63/><G125/><T57/><D127/><U6/><E119/><V39/><F100/><W41/><G133/><T126/><D126/><U54/><E72/><V105/><F105/><W22/><G41/><T8/><D75/><U46/><E111/><V44/><F74/><W78/><G55/><T118/><D118/><U27/><E135/><V60/><F60/><W108/><G108/><T33/><D14/><U85/><E134/><V58/><F58/><N who="3" m="37367" /><G104/><T132/><D132/><U131/><E131/><V120/><F87/><N who="3" m="48599" /><G83/><T28/><D97/><U88/><E46/><AGARI ba="0,0" hai="8,11,28,29,33,35,46,47,56,57,101,103,122,123" machi="46" ten="25,1600,0" yaku="22,2" doraHai="77" who="0" fromWho="1" sc="64,16,393,-16,80,0,463,0" owari="80,-32.0,377,17.7,80,-42.0,463,56.3" /></mjloggm>