<mjloggm ver="2.3"><GO type="225" lobby="0"/><UN n0="%72%69%6F%75%63%68%61%6E" n1="%E3%83%A9%E3%83%96%E3%83%AC%E3%83%BC" n2="%E3%82%8C%E3%81%99%E3%81%93" n3="%E3%81%9F%E3%81%93%E2%98%86%E7%84%BC%E3%81%8D" dan="16,17,16,16" rate="2153.22,2217.58,2140.35,2064.27" sx="M,M,F,M"/><TAIKYOKU oya="0"/><INIT seed="0,0,0,0,3,135" ten="250,250,250,250" oya="0" hai0="22,47,32,84,33,105,26,34,10,31,66,42,129" hai1="117,36,51,23,21,113,60,35,104,41,44,59,97" hai2="102,83,89,112,126,118,48,29,65,128,114,82,103" hai3="131,27,98,18,58,67,79,55,73,76,57,119,49"/><T130/><D105/><U123/><E117/><V134/><F29/><W7/><G73/><T40/><D66/><U9/><E35/><V111/><F65/><W13/><G119/><T6/><D84/><U133/><E123/><V125/><F48/><W99/><G7/><T20/><D20/><U68/><E133/><V77/><F118/><W120/><G27/><T81/><D81/><U87/><E87/><N who="2" m="50423" /><F134/><W19/><G131/><N who="0" m="50187" /><D47/><U80/><E80/><V108/><F128/><W92/><G99/><T95/><D95/><U37/><E113/><N who="2" m="43627" /><F103/><W94/><G94/><T78/><D78/><U101/><E9/><V106/><F102/><W91/><G120/><T63/><D63/><U127/><E23/><V88/><F88/><W38/><G38/><T93/><D93/><U28/><E21/><V12/><F12/><AGARI ba="0,0" hai="6,10,12,22,26,31,32,33,34,40,42" m="50187" machi="12" ten="40,2000,0" yaku="19,1" doraHai="135" who="0" fromWho="2" sc="250,20,250,0,250,-20,250,0" /><INIT seed="0,1,0,5,1,128" ten="270,250,230,250" oya="0" hai0="10,93,37,20,102,84,132,105,94,119,107,82,63" hai1="45,120,114,91,50,134,33,129,41,98,100,4,15" hai2="57,90,76,34,1,118,32,24,74,106,3,17,26" hai3="123,60,39,29,46,77,64,49,126,79,81,11,116"/><T112/><D132/><U43/><E120/><V68/><F68/><W0/><G116/><T101/><D37/><U96/><E33/><N who="2" m="12907" /><F57/><W9/><G29/><T127/><D119/><U124/><E134/><V109/><F90/><W27/><G27/><N who="2" m="10281" /><F76/><W115/><G115/><T87/><D20/><U103/><E129/><V67/><F67/><W97/><G126/><T61/><D10/><N who="1" m="4551" /><E124/><V86/><F86/><N who="0" m="32810" /><D127/><U44/><E114/><V104/><F74/><W59/><G0/><N who="2" m="73" /><F118/><W80/><G39/><T73/><D112/><U122/><E122/><V36/><F36/><W89/><G123/><T88/><D61/><U62/><E62/><V21/><F109/><W75/><G97/><N who="1" m="37482" /><E91/><V25/><F104/><N who="0" m="40010" /><D63/><U22/><E45/><V23/><F106/><W51/><G89/><T58/><D58/><U40/><E22/><AGARI ba="1,0" hai="17,21,22,23,25" m="73,10281,12907" machi="22" ten="40,8000,1" yaku="35,5" doraHai="128" who="2" fromWho="1" sc="270,0,250,-83,230,83,250,0" /><INIT seed="1,0,0,4,5,12" ten="270,167,313,250" oya="1" hai0="75,76,62,101,63,108,67,117,0,45,125,39,95" hai1="83,36,58,2,30,43,88,129,34,72,18,25,78" hai2="56,28,29,48,1,112,27,70,122,128,6,91,50" hai3="89,49,107,109,40,17,26,99,133,60,35,23,126"/><U3/><E129/><V124/><F122/><W119/><G109/><T90/><D117/><U11/><E58/><V8/><F70/><W4/><G133/><T10/><D108/><U86/><E43/><V19/><F128/><W65/><G126/><T135/><D135/><U110/><E36/><V123/><F123/><W118/><G4/><N who="0" m="1287" /><D101/><U46/><E46/><V102/><F124/><W44/><G35/><T61/><D125/><U33/><E33/><V68/><F68/><W127/><G127/><T64/><D90/><U31/><E31/><V111/><F111/><W96/><G107/><T100/><D95/><U80/><REACH who="1" step="1"/><E110/><REACH who="1" ten="270,157,313,250" step="2"/><V115/><F28/><W77/><G119/><T52/><D39/><U97/><E97/><V21/><F29/><W37/><G37/><T134/><D45/><U22/><E22/><V57/><F56/><W7/><G118/><T120/><D120/><U24/><E24/><V132/><F57/><W121/><G99/><T54/><D134/><U41/><E41/><V98/><F132/><W69/><G121/><T73/><D64/><U53/><E53/><V5/><F27/><W13/><G96/><T114/><D67/><U105/><E105/><V93/><F98/><W131/><G131/><T71/><D54/><U116/><E116/><V84/><F21/><W94/><G69/><T32/><D52/><U66/><E66/><V74/><F102/><W42/><G65/><T16/><D100/><U20/><E20/><V82/><F112/><W55/><G42/><T103/><D114/><U104/><E104/><V14/><F115/><W47/><G40/><RYUUKYOKU ba="0,1" sc="270,-10,157,30,313,-10,250,-10" hai1="2,3,11,18,25,30,34,72,78,80,83,86,88" /><INIT seed="1,1,1,4,2,125" ten="260,187,303,240" oya="1" hai0="9,109,116,113,132,63,0,85,93,42,22,61,73" hai1="11,105,101,91,36,75,98,20,66,24,28,100,18" hai2="56,6,86,19,71,123,117,1,135,45,15,37,88" hai3="34,111,118,31,48,77,46,50,107,29,38,89,80"/><U26/><E75/><V115/><F117/><W35/><G107/><T47/><D113/><U84/><E36/><V40/><F123/><W81/><G46/><T92/><D116/><U97/><E66/><V134/><F71/><W8/><G77/><T121/><D121/><U108/><E108/><V69/><F69/><W62/><G8/><T102/><D109/><U2/><E2/><V16/><F115/><W120/><G120/><T4/><D132/><N who="2" m="50730" /><F1/><W57/><G111/><T124/><D124/><U94/><E11/><N who="2" m="4599" /><F56/><W13/><G57/><T43/><D73/><U23/><REACH who="1" step="1"/><E105/><REACH who="1" ten="260,177,303,240" step="2"/><V99/><F99/><AGARI ba="1,2" hai="18,20,23,24,26,28,84,91,94,97,98,99,100,101" machi="99" ten="40,7700,0" yaku="1,1,2,1,8,1,53,0" doraHai="125" doraHaiUra="131" who="1" fromWho="2" sc="260,0,177,100,303,-80,240,0" /><INIT seed="1,2,0,5,1,15" ten="260,277,223,240" oya="1" hai0="64,118,74,23,99,28,82,116,20,38,17,81,117" hai1="45,52,85,60,0,65,8,6,90,50,40,123,16" hai2="66,107,35,87,43,114,1,58,67,5,14,104,32" hai3="30,101,47,24,113,48,55,124,92,10,27,122,4"/><U134/><E134/><V39/><F1/><W68/><G68/><T56/><D38/><U127/><E127/><V49/><F39/><W95/><G124/><T111/><D111/><U46/><E123/><V77/><F32/><W91/><G113/><T9/><D99/><U53/><E46/><N who="2" m="25823" /><F35/><W132/><G132/><T121/><D121/><U75/><E75/><V18/><F114/><W70/><G70/><T21/><D28/><U108/><E108/><V42/><F42/><W25/><G101/><T36/><D36/><U97/><E97/><V12/><F107/><W93/><G122/><T76/><D82/><U19/><E53/><V51/><F104/><W71/><G71/><T79/><D79/><U105/><E105/><V33/><F33/><W37/><G37/><T120/><D120/><U3/><E40/><V73/><F73/><W22/><REACH who="3" step="1"/><G91/><REACH who="3" ten="260,277,223,230" step="2"/><T34/><D118/><U109/><E109/><V102/><F102/><W7/><G7/><T133/><D133/><U83/><E0/><AGARI ba="2,1" hai="0,4,10,22,24,25,27,30,47,48,55,92,93,95" machi="0" ten="40,1300,0" yaku="1,1,53,0" doraHai="15" doraHaiUra="119" who="3" fromWho="1" sc="260,0,277,-19,223,0,230,29" /><INIT seed="2,0,0,4,0,77" ten="260,258,223,259" oya="2" hai0="131,96,52,43,122,66,18,120,82,25,16,87,27" hai1="111,135,83,124,97,60,108,1,36,107,113,85,22" hai2="104,63,41,31,32,69,109,38,19,49,114,127,106" hai3="29,98,58,125,99,68,24,80,73,42,21,117,128"/><V57/><F114/><W62/><G117/><T14/><D131/><U40/><E1/><V17/><F127/><W100/><G128/><T34/><D66/><U71/><E113/><V115/><F115/><W70/><G99/><T28/><D43/><U92/><E107/><V12/><F38/><W35/><G42/><T56/><D96/><U102/><E71/><V89/><F69/><W2/><G2/><T78/><D27/><U48/><E60/><V94/><F109/><N who="1" m="42057" /><E135/><V44/><F31/><W53/><G35/><T7/><D7/><U37/><E22/><V9/><F19/><W64/><G53/><T116/><D116/><U110/><E124/><V33/><F106/><W112/><G125/><T45/><D45/><N who="1" m="25639" /><E110/><V3/><F3/><W121/><G121/><T105/><D105/><U101/><E101/><V133/><F104/><W118/><G118/><T67/><D67/><U75/><E75/><V90/><F133/><W4/><G4/><T30/><D30/><U74/><E74/><V88/><REACH who="2" step="1"/><F94/><REACH who="2" ten="260,258,213,259" step="2"/><N who="3" m="58455" /><G112/><T65/><D18/><U72/><E72/><V79/><F79/><AGARI ba="0,1" hai="21,24,29,58,62,64,68,70,73,79,80" m="58455" machi="79" ten="30,2000,0" yaku="25,1,52,1" doraHai="77" who="3" fromWho="2" sc="260,0,258,0,213,-20,259,30" /><AGARI ba="0,0" hai="36,37,79,83,85,92,97,102" m="25639,42057" machi="79" ten="30,2000,0" yaku="14,1,52,1" doraHai="77" who="1" fromWho="2" sc="260,0,258,20,193,-20,289,0" /><INIT seed="3,0,0,0,4,106" ten="260,278,173,289" oya="3" hai0="98,62,76,21,33,72,11,0,133,126,86,93,84" hai1="131,73,3,80,132,110,115,19,55,14,37,50,123" hai2="71,20,39,135,59,65,107,1,103,51,97,4,38" hai3="13,118,67,7,83,30,64,94,125,112,9,91,36"/><W120/><G36/><T78/><D33/><U29/><E37/><V81/><F135/><W85/><G112/><T25/><D126/><U61/><E123/><V8/><F20/><W16/><G125/><T127/><D127/><U5/><E115/><V32/><F51/><W2/><G118/><T10/><D133/><U119/><E3/><V129/><F59/><W68/><G30/><T79/><D72/><U66/><E29/><V96/><F129/><W40/><G40/><T77/><D62/><U60/><E5/><V23/><F23/><W87/><G68/><T53/><D53/><U102/><E102/><V31/><F81/><W42/><G42/><T117/><D117/><U89/><E132/><V69/><F97/><W63/><G63/><T100/><D0/><U122/><E122/><V74/><F74/><W70/><G70/><N who="2" m="26633" /><F65/><N who="3" m="25163" /><G120/><T105/><D105/><U41/><E41/><V27/><AGARI ba="0,0" hai="1,4,8,27,31,32,38,39,96,103,107" m="26633" machi="27" ten="30,2000,0" yaku="33,2" doraHai="106" who="2" fromWho="2" sc="260,-5,278,-5,173,20,289,-10" /><INIT seed="4,0,0,3,3,123" ten="255,273,193,279" oya="0" hai0="118,133,19,24,26,100,6,104,66,32,27,36,23" hai1="47,94,20,81,61,22,1,18,64,58,57,72,111" hai2="127,97,68,29,69,135,51,82,39,91,90,101,92" hai3="55,12,80,65,2,117,79,35,67,43,134,15,34"/><T86/><D118/><U124/><E1/><V63/><F39/><W115/><G2/><T71/><D36/><U30/><E124/><V122/><F122/><W49/><G43/><T126/><D126/><U42/><E30/><V74/><F127/><W60/><G117/><T41/><D41/><U5/><E5/><V75/><F135/><W10/><G115/><T77/><D133/><U48/><E111/><V85/><F29/><W99/><G12/><T21/><D6/><U106/><E106/><V119/><F119/><W103/><G67/><T8/><D32/><U105/><E105/><V98/><F51/><W131/><G131/><T102/><D8/><U112/><E112/><V9/><F9/><W116/><G116/><T73/><D73/><N who="2" m="27658" /><F63/><W44/><G80/><N who="0" m="47375" /><D104/><U129/><E129/><V33/><F69/><W128/><G79/><T88/><D71/><U50/><E72/><V113/><F68/><W46/><G46/><T13/><D66/><U16/><E81/><V14/><F14/><W70/><G128/><T28/><D88/><N who="2" m="33834" /><F33/><W17/><REACH who="3" step="1"/><G134/><REACH who="3" ten="255,273,193,269" step="2"/><T56/><D56/><U3/><E3/><V11/><F113/><W93/><AGARI ba="0,1" hai="10,15,17,34,35,44,49,55,60,65,70,93,99,103" machi="93" ten="20,5200,0" yaku="1,1,2,1,0,1,7,1,53,0" doraHai="123" doraHaiUra="109" who="3" fromWho="3" sc="255,-26,273,-13,193,-13,269,62" owari="229,-17.1,260,6.0,180,-32.0,331,43.1" /></mjloggm>