<mjloggm ver="2.3"><GO type="225" lobby="0"/><UN n0="%E6%A0%B9%E5%85%83%E3%81%8B%E3%82%89%E5%90%B9%E3%81%A3%E9%A3%9B%E3%81%B6" n1="%33%73%74%72%69%6B%65%73" n2="%E3%81%BE%E3%81%A8%E3%81%9F" n3="%E3%81%AF%E3%82%88%E3%81%8A%E3%81%98%E3%81%95%E3%82%93" dan="16,16,16,16" rate="2199.54,2125.98,2169.32,2133.02" sx="F,M,M,M"/><TAIKYOKU oya="0"/><INIT seed="0,0,0,1,1,130" ten="250,250,250,250" oya="0" hai0="73,35,64,50,22,23,60,133,77,30,9,134,81" hai1="103,129,131,7,113,96,84,40,62,49,89,82,107" hai2="31,28,135,55,4,56,90,85,37,58,25,79,118" hai3="32,34,17,124,44,98,16,110,46,108,102,122,5"/><T10/><D35/><N who="3" m="13353" /><G5/><T95/><D50/><U83/><E113/><V52/><F37/><W112/><G112/><T94/><D94/><U42/><E7/><V127/><F127/><W121/><G124/><T38/><D38/><U53/><E62/><V123/><F123/><N who="3" m="47115" /><G46/><T21/><D30/><U69/><E69/><V57/><F79/><W12/><G44/><T29/><D29/><U45/><REACH who="1" step="1"/><E83/><REACH who="1" ten="250,240,250,250" step="2"/><V36/><F4/><W117/><G117/><T24/><D24/><U87/><E87/><V13/><F118/><W86/><G86/><T66/><D95/><U132/><E132/><N who="0" m="50793" /><D64/><U3/><E3/><V78/><F25/><W41/><G12/><T115/><D115/><U119/><E119/><V91/><F13/><W74/><G74/><T88/><D88/><U72/><E72/><V100/><F90/><W109/><G41/><AGARI ba="0,1" hai="40,41,42,45,49,53,82,84,89,96,103,107,129,131" machi="41" ten="40,1300,0" yaku="1,1,53,0" doraHai="130" doraHaiUra="61" who="1" fromWho="3" sc="250,0,240,23,250,0,250,-13" /><INIT seed="1,0,0,4,5,117" ten="250,263,250,237" oya="1" hai0="35,3,34,112,127,72,114,52,104,90,31,109,67" hai1="110,87,88,92,10,135,44,78,108,77,85,21,86" hai2="61,103,45,36,81,58,29,130,13,27,11,2,12" hai3="70,91,131,28,80,122,94,19,55,23,129,41,73"/><U5/><E135/><V0/><F130/><N who="3" m="49675" /><G70/><T32/><D3/><U98/><E21/><V71/><F71/><W76/><G41/><T128/><D72/><U75/><E44/><V82/><F103/><W83/><G55/><T37/><D37/><U68/><E68/><V1/><F45/><W47/><G47/><T50/><D104/><U74/><E10/><V48/><F48/><W132/><G132/><T53/><D109/><N who="1" m="42091" /><E5/><V106/><F106/><W59/><G59/><T16/><D112/><U69/><E69/><V97/><F97/><N who="3" m="57567" /><G83/><T79/><D114/><U51/><E51/><V62/><F62/><W24/><G19/><T105/><D16/><U66/><E66/><V100/><F36/><W60/><G60/><T9/><D67/><U93/><E93/><V95/><F95/><W33/><G23/><T65/><D65/><U119/><E119/><V20/><F12/><W6/><G6/><T102/><D50/><U116/><E116/><V63/><F63/><W115/><G115/><T38/><D35/><U7/><E7/><V101/><F81/><W43/><G43/><T64/><D34/><U124/><E124/><V54/><REACH who="2" step="1"/><F82/><REACH who="2" ten="250,263,240,237" step="2"/><W121/><AGARI ba="0,1" hai="24,28,33,73,76,80,121,122" m="57567,49675" machi="121" ten="30,4000,0" yaku="19,1,52,2" doraHai="117" who="3" fromWho="3" sc="250,-10,263,-20,240,-10,237,50" /><INIT seed="2,0,0,3,5,104" ten="240,243,230,287" oya="2" hai0="23,93,41,120,114,50,7,113,119,129,69,38,68" hai1="72,21,118,54,56,135,17,96,107,71,49,127,85" hai2="81,132,126,51,18,106,110,83,33,109,94,36,37" hai3="117,28,4,42,76,29,16,43,20,133,34,115,102"/><V0/><F106/><W134/><G117/><T45/><D120/><U14/><E118/><V80/><F33/><W116/><G116/><T22/><D7/><U9/><E71/><N who="0" m="27209" /><D23/><U15/><E127/><V53/><F126/><W78/><G4/><T10/><D22/><U130/><E130/><V2/><F94/><W31/><G34/><T1/><D93/><U47/><E72/><V112/><F112/><N who="0" m="43114" /><D129/><U55/><E85/><V82/><N who="2" m="20480" /><DORA hai="95" /><V124/><F124/><W101/><G115/><T26/><D26/><U59/><E135/><N who="3" m="51722" /><G43/><T5/><D50/><U66/><E66/><V32/><F18/><W121/><G42/><T73/><D119/><U131/><E131/><V77/><F77/><N who="3" m="29803" /><G121/><T27/><D27/><AGARI ba="0,0" hai="16,20,27,28,29,31,101,102" m="29803,51722" machi="27" ten="30,2000,0" yaku="20,1,54,1" doraHai="104,95" who="3" fromWho="0" sc="240,-20,243,0,230,0,287,20" /><INIT seed="3,0,0,2,3,131" ten="220,243,230,307" oya="3" hai0="2,33,46,100,76,63,40,12,121,39,53,80,22" hai1="133,96,99,82,112,134,93,103,15,119,52,117,87" hai2="5,81,101,68,26,105,88,115,109,16,77,95,79" hai3="107,67,9,92,94,127,106,11,66,43,28,98,60"/><W64/><G60/><T36/><D121/><U61/><E15/><V20/><F115/><W21/><G43/><T58/><D33/><U85/><E112/><V128/><F128/><W74/><G74/><T129/><D2/><U49/><E61/><V125/><F109/><W38/><G38/><T132/><D129/><U31/><E31/><V135/><F68/><W27/><G127/><T47/><D100/><U45/><E99/><N who="2" m="59647" /><F125/><W14/><G9/><T89/><D89/><N who="1" m="51383" /><E87/><N who="2" m="50287" /><F105/><W71/><G71/><T35/><D35/><U37/><E37/><V48/><F135/><AGARI ba="0,0" hai="45,49,52,93,96,103,117,119,133,134,135" m="51383" machi="135" ten="30,8000,1" yaku="20,1,52,3,54,1" doraHai="131" who="1" fromWho="2" sc="220,0,243,80,230,-80,307,0" owari="220,-18.0,323,42.3,150,-35.0,307,10.7" /></mjloggm>