<mjloggm ver="2.3"><GO type="225" lobby="0"/><UN n0="%6D%75%75%6D%75%72%61" n1="%E7%99%BD%E6%97%A5%E9%9B%AA%E8%8F%9C" n2="%E3%83%A9%E3%82%B9%E7%8E%87%EF%BC%93%E5%89%B2" n3="%E9%80%9F%E6%B0%B4%E5%87%9B%E9%A6%99" dan="17,16,16,16" rate="2169.10,2120.55,2165.37,2118.90" sx="F,M,F,F"/><TAIKYOKU oya="0"/><INIT seed="0,0,0,4,5,98" ten="250,250,250,250" oya="0" hai0="95,71,51,120,39,29,61,13,87,74,12,114,109" hai1="11,31,58,91,48,49,17,18,96,123,67,34,93" hai2="52,45,4,65,57,103,0,33,73,63,113,15,9" hai3="131,30,2,129,60,38,55,82,37,54,79,16,78"/><T105/><D105/><U26/><E123/><V106/><F113/><W119/><G2/><T118/><D39/><N who="3" m="14857" /><G30/><T56/><D120/><U20/><E11/><V83/><F33/><W97/><G119/><T92/><D74/><U3/><E3/><V85/><F73/><W116/><G116/><T127/><D118/><U25/><REACH who="1" step="1"/><E17/><REACH who="1" ten="250,240,250,250" step="2"/><V23/><F0/><W76/><G16/><T128/><D114/><U40/><E40/><V75/><F9/><W6/><G6/><T80/><D128/><U89/><E89/><V115/><F4/><W90/><G90/><T94/><D127/><U8/><E8/><V50/><F115/><W24/><G79/><T62/><D109/><U107/><E107/><V108/><F108/><W130/><G78/><T133/><D133/><U36/><E36/><V1/><F1/><W53/><G76/><T99/><D29/><U66/><E66/><V126/><F126/><W69/><G131/><T27/><D13/><U72/><E72/><V125/><F75/><W43/><G43/><T41/><D12/><U47/><E47/><V42/><F125/><W86/><G130/><T7/><D7/><U102/><E102/><V46/><F106/><W135/><G129/><T101/><D27/><U35/><E35/><V10/><F103/><W19/><G135/><T84/><D41/><U134/><E134/><V88/><F23/><W28/><G19/><T81/><D101/><U14/><E14/><V22/><F22/><W110/><G24/><T5/><D5/><U64/><E64/><V77/><F77/><W100/><G28/><T111/><D111/><RYUUKYOKU ba="0,1" sc="250,-10,240,30,250,-10,250,-10" hai1="18,20,25,26,31,34,48,49,58,67,91,93,96" /><INIT seed="1,1,1,1,1,111" ten="240,270,240,240" oya="1" hai0="30,85,124,32,24,82,105,80,37,63,74,22,103" hai1="95,47,87,19,94,17,130,11,132,134,29,126,62" hai2="8,81,104,58,89,50,117,54,98,55,43,49,112" hai3="78,128,72,26,122,76,67,12,38,46,83,100,121"/><U125/><E29/><V3/><F117/><W4/><G67/><T68/><D37/><U20/><E62/><V5/><F43/><W102/><G26/><T119/><D119/><U1/><E47/><V106/><F112/><W16/><G4/><T59/><D124/><N who="1" m="47723" /><E130/><V18/><F18/><W40/><G76/><T129/><D129/><U27/><E87/><V39/><F39/><W52/><G128/><T118/><D118/><U61/><E61/><V97/><F81/><W92/><G52/><T44/><D68/><U35/><E35/><V123/><F123/><W6/><G6/><T21/><D74/><U48/><E48/><V7/><F89/><W115/><G115/><T133/><D133/><N who="1" m="51307" /><E1/><V77/><F77/><W113/><G113/><T108/><D108/><U45/><E45/><V86/><F86/><W56/><G56/><T79/><D82/><U51/><E51/><V120/><F120/><W73/><G73/><T75/><D75/><U99/><E99/><V88/><F3/><W96/><REACH who="3" step="1"/><G102/><REACH who="3" ten="240,270,240,230" step="2"/><T110/><D110/><U23/><E11/><AGARI ba="1,2" hai="11,12,16,38,40,46,72,78,83,92,96,100,121,122" machi="11" ten="30,8000,1" yaku="1,1,2,1,7,1,54,1,53,1" doraHai="111" doraHaiUra="107" who="3" fromWho="1" sc="240,0,270,-83,240,0,230,103" /><INIT seed="2,0,0,2,3,6" ten="240,187,240,333" oya="2" hai0="62,97,50,129,118,112,17,91,68,39,76,43,80" hai1="78,60,47,135,94,84,126,82,2,12,27,86,79" hai2="35,44,110,101,121,128,107,26,0,51,77,4,73" hai3="36,66,95,117,18,65,38,72,70,7,29,109,83"/><V64/><F121/><W57/><G117/><T131/><D112/><U125/><E2/><V19/><F128/><N who="0" m="49226" /><D118/><U63/><E135/><V96/><F110/><W119/><G29/><T98/><D39/><U45/><E27/><V75/><F77/><W59/><G7/><T127/><D127/><U134/><E12/><V85/><F85/><W3/><G3/><T37/><D37/><U89/><E134/><V104/><F104/><W100/><G100/><T55/><D91/><U49/><E78/><V10/><F64/><W61/><G95/><T8/><D43/><U56/><E45/><V111/><F111/><W1/><G1/><T32/><D32/><U24/><E24/><V130/><F130/><W103/><G103/><T133/><D133/><U124/><REACH who="1" step="1"/><E56/><REACH who="1" ten="240,177,240,333" step="2"/><V58/><F58/><W33/><G59/><T46/><D46/><U42/><AGARI ba="0,1" hai="42,47,49,60,63,79,82,84,86,89,94,124,125,126" machi="42" ten="30,7900,0" yaku="1,1,2,1,0,1,18,1,53,0" doraHai="6" doraHaiUra="31" who="1" fromWho="1" sc="240,-20,177,89,240,-39,333,-20" /><INIT seed="3,0,0,4,2,60" ten="220,266,201,313" oya="3" hai0="101,87,74,111,91,76,66,3,57,127,41,70,106" hai1="44,50,103,63,7,39,54,100,37,135,72,123,8" hai2="16,121,114,58,119,31,73,56,98,80,49,71,4" hai3="134,20,28,5,24,128,129,82,94,105,96,68,38"/><W33/><G105/><T93/><D70/><U11/><E123/><V104/><F114/><W25/><G38/><T27/><D3/><U40/><E72/><V117/><F71/><W89/><G68/><T107/><D41/><U110/><E110/><V36/><F36/><W42/><G42/><T109/><D127/><U79/><E79/><V78/><F121/><W88/><G5/><T55/><D66/><U10/><E37/><V64/><F4/><W133/><G89/><T62/><D27/><U131/><E131/><N who="3" m="50250" /><G82/><N who="0" m="45335" /><D107/><U2/><E135/><V132/><F132/><W120/><G120/><T23/><D23/><U6/><E63/><V51/><F31/><AGARI ba="0,0" hai="20,24,25,28,31,33,88,94,96,133,134" m="50250" machi="31" ten="30,2900,0" yaku="19,1,54,1" doraHai="60" who="3" fromWho="2" sc="220,0,266,0,201,-29,313,29" owari="220,-18.0,266,6.6,172,-32.8,342,44.2" /></mjloggm>