<mjloggm ver="2.3"><GO type="225" lobby="0"/><UN n0="%E3%81%B2%E3%81%AA%E3%81%AE%E3%82%8A%E3%81%8F" n1="%E9%80%86%E9%80%A3%E5%B8%AF%E3%81%AE%E9%AC%BC" n2="%E9%89%A2%E5%B7%BB%E3%82%AC%E3%83%96" n3="%E3%83%AD%E3%83%83%E3%83%86%E9%9B%80%E7%90%83" dan="17,16,16,17" rate="2179.30,2098.02,2058.05,2203.32" sx="M,M,M,M"/><TAIKYOKU oya="0"/><INIT seed="0,0,0,4,5,66" ten="250,250,250,250" oya="0" hai0="102,73,72,44,122,94,119,23,134,59,51,7,56" hai1="89,75,117,20,82,28,29,5,41,36,0,131,63" hai2="48,84,109,68,34,83,78,30,91,121,37,93,70" hai3="43,76,113,3,62,67,129,110,10,124,55,99,107"/><T17/><D119/><U52/><E131/><V31/><F121/><W86/><G113/><T101/><D122/><U87/><E117/><V116/><F37/><W35/><G35/><T47/><D7/><U45/><E75/><V97/><F116/><W27/><G110/><T85/><D134/><U115/><E115/><V40/><F109/><W100/><G129/><T126/><D126/><U95/><E20/><V12/><F12/><W18/><G124/><T4/><D4/><U61/><E61/><V53/><F40/><W88/><G76/><T130/><D130/><U123/><E123/><V57/><REACH who="2" step="1"/><F34/><REACH who="2" ten="250,250,240,250" step="2"/><W25/><G43/><T74/><D74/><U46/><E0/><V26/><F26/><W105/><G27/><T21/><D73/><U112/><E112/><V135/><F135/><W65/><G25/><T11/><D72/><U38/><E38/><V22/><F22/><W118/><G118/><T39/><D39/><U77/><E41/><V81/><F81/><W13/><G3/><T133/><D23/><U114/><E36/><V60/><F60/><W120/><G120/><T79/><D133/><U15/><E114/><V71/><AGARI ba="0,1" hai="30,31,48,53,57,68,70,71,78,83,84,91,93,97" machi="71" ten="30,8000,1" yaku="1,1,0,1,52,3,53,0" doraHai="66" doraHaiUra="104" who="2" fromWho="2" sc="250,-40,250,-20,240,90,250,-20" /><INIT seed="1,0,0,0,4,62" ten="210,230,330,230" oya="1" hai0="54,103,7,128,115,72,73,40,57,31,106,111,35" hai1="49,81,34,114,112,87,43,100,78,29,120,33,67" hai2="99,48,51,16,79,32,10,76,122,134,124,109,45" hai3="41,37,94,88,60,22,110,12,93,71,0,38,23"/><U13/><E120/><V135/><F122/><W5/><G0/><T91/><D115/><U53/><E43/><V131/><F32/><W1/><G1/><T82/><D111/><U6/><E100/><V39/><F109/><W116/><G110/><T68/><D68/><U21/><E67/><V121/><F121/><W83/><G116/><T69/><D69/><U46/><E21/><V98/><F39/><W28/><G83/><T55/><D7/><U95/><E95/><V125/><F10/><W26/><G94/><T19/><D128/><U4/><E4/><V42/><F16/><W123/><G123/><T24/><D40/><U84/><E84/><V126/><F48/><W86/><G41/><T66/><D55/><U9/><REACH who="1" step="1"/><E29/><REACH who="1" ten="210,220,330,230" step="2"/><V92/><F98/><W77/><G23/><T44/><D66/><U108/><E108/><V113/><F113/><AGARI ba="0,1" hai="6,9,13,33,34,46,49,53,78,81,87,112,113,114" machi="113" ten="40,3900,0" yaku="1,1,53,1" doraHai="62" doraHaiUra="47" who="1" fromWho="2" sc="210,0,220,49,330,-39,230,0" /><INIT seed="1,1,0,0,5,7" ten="210,269,291,230" oya="1" hai0="0,44,108,54,91,45,58,122,46,117,26,77,5" hai1="90,23,66,39,109,24,61,8,14,93,107,56,96" hai2="6,97,48,125,124,101,104,2,4,15,29,113,92" hai3="60,89,31,71,126,118,94,120,111,100,129,38,3"/><U32/><E109/><V114/><F2/><W30/><G120/><T51/><D117/><U22/><E39/><V99/><F29/><W16/><G3/><T73/><D108/><U116/><E116/><V34/><F34/><W69/><G38/><T130/><D130/><U82/><E107/><V47/><F4/><W63/><G118/><T76/><D122/><U83/><E32/><V17/><F6/><W128/><G100/><T86/><D73/><U36/><E36/><V103/><F48/><W106/><G106/><T134/><D134/><U57/><E57/><V25/><F25/><W55/><G111/><T11/><REACH who="0" step="1"/><D26/><REACH who="0" ten="200,269,291,230" step="2"/><U67/><E67/><V20/><REACH who="2" step="1"/><F47/><REACH who="2" ten="200,269,281,230" step="2"/><W43/><G129/><T64/><D64/><U53/><E66/><V33/><F33/><W112/><G128/><T42/><D42/><U65/><E65/><V1/><F1/><W84/><G43/><T74/><D74/><U59/><E59/><V133/><F133/><W81/><G71/><T98/><D98/><U12/><E24/><V123/><F123/><W131/><G69/><T19/><D19/><N who="1" m="10599" /><E23/><V132/><F132/><W87/><G131/><T72/><D72/><U119/><E119/><V80/><F80/><AGARI ba="1,2" hai="0,5,11,44,45,46,51,54,58,76,77,80,86,91" machi="80" ten="40,8000,1" yaku="1,1,52,1,53,3" doraHai="7" doraHaiUra="41" who="0" fromWho="2" sc="200,103,269,0,281,-83,230,0" /><INIT seed="2,0,0,3,2,66" ten="303,269,198,230" oya="2" hai0="21,128,111,82,80,23,22,132,55,35,120,86,99" hai1="64,91,107,45,70,121,30,50,62,90,133,122,59" hai2="43,88,28,87,0,56,48,126,63,109,13,114,15" hai3="77,69,29,75,7,19,113,38,17,123,135,125,106"/><V39/><F114/><W134/><G123/><T131/><D120/><U127/><E127/><V4/><F126/><W96/><G125/><T58/><D111/><U74/><E133/><N who="3" m="50698" /><G113/><T41/><D132/><U37/><E74/><V31/><F109/><W20/><G38/><T9/><D41/><U34/><E107/><V85/><F39/><W72/><G7/><T10/><D35/><U89/><E37/><V60/><F0/><W78/><G29/><N who="2" m="11337" /><F85/><W5/><G5/><T73/><D73/><N who="3" m="28233" /><G69/><T94/><D128/><U79/><E59/><V1/><F1/><W16/><G20/><T118/><D131/><U83/><E30/><V2/><F2/><W42/><G42/><T53/><D82/><U36/><E34/><V65/><F63/><W18/><N who="3" m="4096" /><DORA hai="27" /><W104/><G96/><T54/><D118/><U11/><E36/><V129/><F129/><W57/><G57/><T24/><D58/><U14/><E122/><V25/><F25/><W12/><G12/><N who="2" m="4681" /><F4/><W26/><G26/><T67/><D24/><U61/><E121/><V117/><F117/><W81/><G81/><T103/><D67/><U44/><E64/><V84/><F88/><AGARI ba="0,0" hai="9,10,21,22,23,53,54,55,80,86,88,94,99,103" machi="88" ten="40,2600,0" yaku="8,1,54,1" doraHai="66,27" who="0" fromWho="2" sc="303,26,269,0,198,-26,230,0" /><INIT seed="3,0,0,3,0,45" ten="329,269,172,230" oya="3" hai0="86,2,67,26,128,104,30,57,127,76,81,25,117" hai1="129,122,58,28,83,56,15,37,75,113,69,93,55" hai2="52,92,35,4,65,0,16,32,96,7,10,68,54" hai3="73,132,62,95,115,109,41,98,79,8,118,63,12"/><W50/><G118/><T46/><D117/><U84/><E113/><V38/><F38/><W66/><G115/><T97/><D2/><U21/><E129/><V133/><F133/><W47/><G132/><T44/><D127/><U108/><E69/><V102/><F7/><W20/><G109/><T80/><D26/><U29/><E122/><V53/><F65/><W110/><G110/><T111/><D128/><U85/><E37/><V60/><F60/><W3/><G3/><T22/><D81/><U59/><E75/><V24/><REACH who="2" step="1"/><F68/><REACH who="2" ten="329,269,162,230" step="2"/><W17/><G66/><T87/><D67/><U105/><E108/><V121/><F121/><W134/><G134/><T120/><D111/><U5/><E5/><V1/><F1/><W106/><G63/><T125/><D120/><U14/><E105/><V27/><F27/><W64/><G106/><T119/><D25/><U49/><E29/><V36/><F36/><W42/><G62/><T78/><D30/><U19/><E28/><V124/><F124/><W39/><G64/><T31/><D31/><U34/><E34/><V9/><F9/><W89/><G8/><T71/><D71/><U43/><E14/><V74/><F74/><W94/><G39/><T101/><D104/><U13/><E13/><V112/><F112/><W23/><G73/><T135/><D135/><U18/><E15/><V99/><F99/><W51/><G98/><T90/><D97/><U33/><E33/><V6/><F6/><W88/><G12/><T77/><D125/><U100/><E18/><V82/><F82/><W103/><G17/><T91/><D119/><RYUUKYOKU ba="0,1" sc="329,-10,269,-10,162,30,230,-10" hai2="0,4,10,16,24,32,35,52,53,54,92,96,102" owari="329,42.9,259,5.9,192,-30.8,220,-18.0" /></mjloggm>