<mjloggm ver="2.3"><GO type="225" lobby="0"/><UN n0="%72%61%6B%33" n1="%6D%75%75%6D%75%72%61" n2="%E3%81%9F%E3%81%8C%E3%82%84%E3%81%99" n3="%E3%81%86%E3%83%BC%E3%81%B1%E3%83%BC" dan="17,16,17,16" rate="2169.01,2176.57,2178.95,2187.62" sx="M,F,M,F"/><TAIKYOKU oya="0"/><INIT seed="0,0,0,1,2,51" ten="250,250,250,250" oya="0" hai0="10,75,58,49,90,17,78,68,73,56,86,117,88" hai1="3,114,67,64,52,71,31,104,133,116,53,14,32" hai2="85,115,94,57,96,125,118,89,65,132,91,100,87" hai3="105,1,28,9,27,0,77,108,19,120,97,13,60"/><T113/><D68/><U69/><E116/><V16/><F65/><W83/><G108/><T23/><D117/><U76/><E3/><V129/><F118/><W123/><G60/><T43/><D113/><U72/><E104/><V35/><F35/><W107/><G97/><T30/><D30/><U61/><E114/><V20/><F115/><W39/><G39/><T84/><D78/><U54/><E133/><V59/><F125/><W134/><G105/><T21/><D10/><U37/><E37/><V63/><F129/><W46/><G46/><T79/><D79/><U112/><E112/><V81/><F63/><W45/><G45/><T95/><D43/><U50/><E14/><V80/><F132/><W127/><G107/><T124/><D49/><U135/><E135/><V41/><F41/><W55/><G127/><T18/><REACH who="0" step="1"/><D95/><REACH who="0" ten="240,250,250,250" step="2"/><U122/><E71/><V92/><REACH who="2" step="1"/><F94/><REACH who="2" ten="240,250,240,250" step="2"/><W109/><G134/><T119/><D119/><U44/><E69/><V24/><AGARI ba="0,2" hai="16,20,24,57,59,80,81,85,87,89,91,92,96,100" machi="24" ten="20,12000,2" yaku="1,1,2,1,0,1,7,1,9,1,8,1,54,1,53,0" doraHai="51" doraHaiUra="74" who="2" fromWho="2" sc="240,-60,250,-30,240,140,250,-30" /><INIT seed="1,0,0,4,3,26" ten="180,220,380,220" oya="1" hai0="125,48,122,13,95,89,51,130,77,30,60,72,2" hai1="78,85,112,120,28,82,9,32,18,65,115,74,45" hai2="93,63,52,41,16,128,27,57,7,126,132,6,53" hai3="70,81,92,47,33,121,1,64,37,75,5,36,54"/><U23/><E120/><V44/><F53/><W87/><G33/><T14/><D2/><U118/><E118/><V35/><F128/><W83/><G37/><T42/><D125/><U55/><E65/><V58/><F132/><W66/><G70/><T133/><D130/><U73/><E9/><V43/><F126/><W100/><G83/><T24/><D133/><U114/><E55/><N who="2" m="34239" /><F35/><W91/><G54/><T50/><D122/><U110/><E45/><V49/><F93/><W3/><G100/><T59/><D42/><N who="2" m="15882" /><F58/><W25/><G1/><T62/><D77/><U101/><E110/><V17/><F27/><W107/><G25/><T86/><D72/><U109/><E109/><V71/><F71/><W103/><G47/><T20/><REACH who="0" step="1"/><D60/><REACH who="0" ten="170,220,380,220" step="2"/><U76/><E73/><V31/><F31/><W102/><G121/><T135/><D135/><U116/><E74/><V34/><F34/><W80/><G75/><T98/><D98/><U127/><E127/><V134/><F134/><W8/><G3/><T96/><D96/><U105/><E32/><V99/><F99/><W10/><G36/><T104/><D104/><U11/><E105/><V29/><F29/><W113/><G107/><T39/><D39/><U79/><E28/><V119/><F119/><W69/><G87/><T84/><D84/><U124/><E116/><V61/><F61/><W111/><G111/><T129/><D129/><U108/><E124/><V40/><F40/><W97/><G97/><T88/><D88/><N who="1" m="51255" /><E108/><V90/><F90/><W12/><G91/><T22/><D22/><U94/><E23/><V21/><F21/><RYUUKYOKU ba="0,1" sc="170,15,220,-15,380,15,220,-15" hai0="13,14,20,24,30,48,50,51,59,62,86,89,95" hai2="6,7,16,17,44,49,52" /><INIT seed="2,1,1,2,1,51" ten="185,205,395,205" oya="2" hai0="77,28,135,99,36,134,15,127,37,65,70,126,118" hai1="67,38,39,9,72,114,83,113,69,100,107,64,8" hai2="10,16,13,5,29,85,4,7,21,14,41,61,2" hai3="63,119,108,25,102,47,0,73,42,48,129,76,101"/><V45/><F85/><W62/><G119/><T66/><D77/><U123/><E107/><V128/><F128/><W115/><G0/><T49/><D28/><U17/><E100/><V106/><F106/><W18/><G129/><T68/><D15/><U132/><E132/><N who="0" m="50729" /><D99/><U117/><E83/><V104/><F104/><W23/><G108/><T46/><D118/><U86/><E86/><V88/><F88/><W11/><G115/><T80/><D80/><U20/><E69/><N who="0" m="26729" /><D66/><U52/><E17/><V58/><F29/><W98/><G73/><T94/><D65/><U26/><E72/><V125/><F2/><W87/><G11/><T1/><D94/><U130/><E130/><V71/><F71/><W112/><G112/><T93/><D1/><U131/><E131/><V91/><F91/><W84/><G101/><T78/><D93/><U35/><E20/><V44/><F14/><W75/><G75/><T120/><D120/><U90/><E90/><V3/><F3/><W133/><G84/><T81/><D78/><U43/><E123/><V19/><F19/><W79/><G133/><T31/><D31/><U124/><E26/><V22/><F22/><W55/><G87/><T54/><D81/><U57/><E117/><V95/><F95/><N who="3" m="58719" /><G79/><T121/><D121/><U111/><E113/><V6/><F21/><W116/><G76/><T24/><D24/><U122/><E114/><V89/><F89/><W53/><G116/><T109/><D109/><U56/><E122/><V30/><N who="2" m="1024" /><DORA hai="32" /><V96/><F13/><W50/><G42/><T97/><D97/><U92/><E43/><RYUUKYOKU ba="1,1" sc="185,15,205,-15,395,-15,205,15" hai0="36,37,46,49,54,126,127" hai3="18,23,25,47,48,50,53,55,62,63" /><INIT seed="3,2,1,3,2,29" ten="200,190,380,220" oya="3" hai0="90,52,82,43,117,115,66,34,78,119,132,53,42" hai1="44,83,125,1,95,69,105,100,17,57,113,70,129" hai2="3,135,96,8,72,85,6,39,111,47,63,33,14" hai3="38,11,131,65,126,0,41,61,68,12,2,26,24"/><W128/><G126/><T130/><D34/><U102/><E113/><V123/><F72/><W116/><G116/><T28/><D28/><U121/><E121/><V80/><F33/><W59/><G68/><T46/><D90/><U19/><E105/><V75/><F123/><W55/><G65/><T122/><D122/><U58/><E1/><V112/><F112/><W79/><G79/><T31/><D31/><U40/><E125/><V9/><F111/><W10/><G41/><T134/><D115/><U56/><E129/><N who="3" m="49738" /><G38/><T30/><D30/><U22/><E83/><V45/><F39/><W91/><G91/><T35/><D35/><U21/><E40/><N who="0" m="15401" /><D66/><U60/><E60/><V32/><F135/><N who="0" m="51754" /><D130/><U4/><E4/><V86/><F75/><W51/><G0/><T124/><D124/><U48/><E69/><V99/><F3/><W27/><G2/><T5/><D5/><U87/><E70/><V89/><F6/><N who="3" m="3159" /><G11/><T110/><D110/><U18/><E100/><V25/><F89/><W81/><G81/><T20/><D20/><U118/><E118/><N who="0" m="45065" /><D46/><U92/><E102/><V120/><F120/><W108/><G108/><T15/><D15/><U36/><E36/><V104/><F80/><W77/><G77/><T107/><D107/><U62/><E44/><V133/><F133/><W74/><G74/><AGARI ba="2,1" hai="52,53,74,78,82" m="45065,51754,15401" machi="74" ten="30,2000,0" yaku="20,1,54,1" doraHai="29" who="0" fromWho="3" sc="200,36,190,0,380,0,220,-26" owari="236,3.6,190,-31.0,380,48.0,194,-20.6" /></mjloggm>