<mjloggm ver="2.3"><GO type="225" lobby="0"/><UN n0="%47%68%6F%73%74%55%30" n1="%E3%81%99%E3%81%84%E3%81%BE%E3%81%9B%E3%83%BC%E3%82%93" n2="%E6%B8%A9%E2%98%85%E6%83%85%E2%98%85%E6%8E%AA%E2%98%85%E7%BD%AE" n3="%72%69%6F%75%63%68%61%6E" dan="17,18,18,16" rate="2137.32,2211.83,2224.15,2224.67" sx="M,M,M,M"/><TAIKYOKU oya="0"/><INIT seed="0,0,0,5,0,20" ten="250,250,250,250" oya="0" hai0="90,68,111,110,128,37,92,45,113,99,65,112,94" hai1="85,17,115,103,24,55,0,81,64,5,56,95,134" hai2="60,7,78,87,40,67,39,77,120,107,66,63,12" hai3="123,88,42,13,130,27,129,31,69,108,52,11,21"/><T82/><D68/><U28/><E134/><V135/><F120/><W89/><G108/><N who="0" m="41515" /><D37/><U73/><E115/><N who="0" m="44105" /><D65/><U98/><E73/><V44/><F107/><W46/><G123/><T33/><D33/><U133/><E133/><V62/><F135/><W43/><G69/><T116/><D45/><U79/><E64/><V105/><F105/><W32/><G32/><T101/><D128/><N who="3" m="49257" /><G42/><T114/><N who="0" m="44113" /><T19/><DORA hai="93" /><D19/><U58/><E17/><V91/><F67/><W54/><G54/><T124/><D124/><U25/><E56/><V59/><F59/><W4/><G52/><T119/><D82/><U6/><E0/><V80/><F66/><W127/><G127/><T23/><D23/><N who="1" m="15391" /><E25/><V2/><F39/><AGARI ba="0,0" hai="4,11,13,21,27,31,39,43,46,88,89" m="49257" machi="39" ten="30,3900,0" yaku="19,1,52,1,54,1" doraHai="20,93" who="3" fromWho="2" sc="250,0,250,0,250,-39,250,39" /><INIT seed="1,0,0,0,0,0" ten="250,250,211,289" oya="1" hai0="36,135,70,51,104,31,56,79,76,77,53,59,121" hai1="29,132,92,8,12,20,3,88,50,15,62,116,118" hai2="111,103,89,128,40,100,19,85,63,30,69,6,80" hai3="114,87,101,66,71,57,11,14,105,39,133,119,16"/><U4/><E132/><V81/><F111/><W107/><G114/><T25/><D70/><U18/><E29/><V90/><F128/><W55/><G133/><T1/><D135/><U22/><E62/><V5/><F30/><W122/><G122/><T47/><D121/><U126/><E126/><V61/><F69/><W42/><G119/><T60/><D104/><U108/><E108/><V93/><F40/><W44/><G101/><N who="2" m="38985" /><F19/><W109/><G109/><T28/><D1/><U112/><E112/><V17/><F17/><W123/><G123/><T9/><D36/><U34/><E34/><V33/><F33/><W37/><G37/><T117/><D117/><U27/><E3/><V97/><F81/><W75/><G75/><T124/><D59/><U115/><E115/><V10/><F10/><W84/><G107/><T72/><D72/><U24/><E118/><V129/><F129/><W127/><G105/><T35/><D124/><U48/><E116/><V13/><F13/><W78/><G78/><T65/><D28/><N who="1" m="17415" /><E15/><V86/><F97/><AGARI ba="0,0" hai="4,8,12,18,22,27,48,50,88,92,97" m="17415" machi="97" ten="30,5800,0" yaku="8,1,52,1,54,1" doraHai="0" who="1" fromWho="2" sc="250,0,250,58,211,-58,289,0" /><INIT seed="1,1,0,1,2,108" ten="250,308,153,289" oya="1" hai0="65,27,8,43,133,18,117,123,75,112,70,0,74" hai1="87,54,10,89,81,86,39,59,55,113,32,19,63" hai2="50,105,100,14,33,64,78,73,135,2,23,106,131" hai3="92,66,119,79,22,91,41,94,36,52,61,80,20"/><U21/><E113/><V88/><F2/><W53/><G119/><T11/><D117/><U69/><E32/><V13/><F33/><W107/><G107/><T82/><D123/><U120/><E39/><V4/><F131/><W9/><G94/><T129/><D129/><U76/><E69/><V115/><F135/><W71/><G9/><T101/><D101/><U57/><E10/><V26/><F64/><W25/><G41/><T99/><D99/><U16/><E120/><V6/><F78/><W38/><G20/><T34/><D43/><U121/><E121/><V17/><F73/><W29/><G36/><T37/><D37/><U116/><E116/><V45/><F106/><W110/><G38/><T83/><D18/><U48/><REACH who="1" step="1"/><E21/><REACH who="1" ten="250,298,153,289" step="2"/><V98/><F115/><W7/><G110/><T90/><D70/><U118/><E118/><V103/><F6/><W84/><REACH who="3" step="1"/><G7/><REACH who="3" ten="250,298,153,279" step="2"/><T102/><D112/><U1/><E1/><V111/><F4/><W58/><G58/><T62/><D0/><U31/><E31/><V77/><F111/><W3/><G3/><T134/><D34/><U128/><E128/><V124/><F23/><W68/><G68/><T85/><D133/><U47/><E47/><V109/><F45/><W104/><G104/><T12/><D134/><U40/><E40/><V46/><F46/><W51/><G51/><T44/><D44/><U122/><E122/><V97/><F50/><W93/><G93/><AGARI ba="1,2" hai="16,19,48,54,55,57,59,63,76,81,86,87,89,93" machi="93" ten="30,11600,0" yaku="1,1,7,1,8,1,54,1,53,0" doraHai="108" doraHaiUra="126" who="1" fromWho="3" sc="250,0,298,139,153,0,279,-119" /><INIT seed="1,2,0,3,1,113" ten="250,437,153,160" oya="1" hai0="64,126,14,44,87,128,66,45,105,18,134,95,1" hai1="51,35,53,102,61,104,103,129,20,125,89,54,79" hai2="31,117,29,27,68,114,26,131,75,39,50,135,76" hai3="49,2,72,124,32,71,0,12,96,33,46,111,55"/><U85/><E35/><V42/><F39/><W25/><G71/><T80/><D105/><U3/><E3/><V74/><F68/><W60/><G72/><T58/><D1/><U106/><E125/><V88/><F114/><W93/><G0/><T4/><D126/><U9/><E79/><V90/><F76/><W98/><G2/><T94/><D4/><U40/><E9/><V83/><F83/><W69/><G124/><T24/><D24/><U123/><E129/><V30/><F131/><W47/><G111/><T43/><D134/><U16/><E123/><V118/><F31/><W63/><G98/><T70/><D70/><U122/><E122/><V121/><F50/><W130/><G130/><T108/><D108/><U22/><E106/><V10/><F121/><W56/><G12/><T109/><D109/><U5/><E5/><V99/><F99/><W23/><G69/><T52/><D95/><N who="1" m="54703" /><E22/><V86/><F86/><W6/><G6/><T107/><D94/><U7/><E7/><V38/><F38/><W82/><G82/><T73/><D107/><U41/><E104/><V115/><F115/><W101/><G63/><N who="0" m="36295" /><D73/><U78/><E61/><V92/><F92/><W62/><G62/><T21/><D128/><U100/><E78/><V133/><F10/><W84/><G84/><T116/><D116/><U120/><E120/><V97/><F97/><W112/><G112/><T59/><D87/><U15/><E51/><V132/><F133/><W37/><G37/><N who="0" m="21615" /><D80/><U11/><E11/><V77/><F77/><W36/><G36/><T127/><D127/><U17/><E17/><RYUUKYOKU ba="2,0" sc="250,-15,437,15,153,15,160,-15" hai1="15,16,20,40,41,53,54,100,102,103" hai2="26,27,29,30,42,74,75,88,90,117,118,132,135" /><INIT seed="1,3,0,3,1,92" ten="235,452,168,145" oya="1" hai0="31,95,109,110,123,85,29,100,129,48,47,127,102" hai1="71,122,5,8,67,13,55,4,97,52,60,115,14" hai2="35,45,22,11,61,114,36,80,88,32,72,118,26" hai3="87,105,86,59,66,64,40,82,120,124,134,9,62"/><U15/><E115/><V41/><F114/><W19/><G120/><T6/><D123/><U135/><E122/><V70/><F118/><W68/><G124/><T84/><D6/><U51/><E135/><V21/><F11/><W113/><G113/><T74/><D74/><U96/><E55/><V117/><F117/><W63/><G134/><T3/><D3/><U39/><E39/><V12/><F12/><W17/><G105/><T101/><D129/><U77/><E77/><V132/><F132/><W94/><G40/><T23/><D127/><U83/><E83/><V103/><F103/><W119/><G119/><T25/><D29/><U111/><E111/><N who="0" m="42505" /><D95/><U49/><E49/><V93/><F22/><W91/><REACH who="3" step="1"/><G9/><REACH who="3" ten="235,452,168,135" step="2"/><T50/><D50/><U79/><E8/><V2/><F41/><AGARI ba="3,1" hai="23,25,31,41,47,48,84,85,100,101,102" m="42505" machi="41" ten="30,1000,0" yaku="14,1" doraHai="92" who="0" fromWho="2" sc="235,29,452,0,168,-19,135,0" /><INIT seed="2,0,0,0,4,106" ten="264,452,149,135" oya="2" hai0="53,83,101,19,32,127,128,123,29,133,6,40,73" hai1="130,61,122,113,129,56,8,75,36,17,39,34,116" hai2="135,126,102,60,111,25,37,14,2,79,107,74,72" hai3="0,42,16,4,23,45,93,33,48,41,24,90,47"/><V49/><F2/><W9/><G33/><T84/><D123/><U63/><E116/><V77/><F37/><W68/><G68/><T96/><D127/><U54/><E34/><V124/><F135/><W20/><G20/><T26/><D128/><N who="1" m="49259" /><E75/><N who="2" m="28715" /><F25/><W131/><G131/><T86/><D53/><U100/><E113/><V95/><F107/><W114/><G114/><T30/><D86/><U35/><E35/><V104/><F104/><W98/><REACH who="3" step="1"/><G45/><REACH who="3" ten="264,452,149,125" step="2"/><T10/><D32/><U46/><E46/><V66/><F111/><W1/><G1/><T80/><D133/><U89/><E122/><V94/><F14/><W70/><G70/><T118/><D26/><U11/><E39/><V134/><F134/><W31/><G31/><T110/><D29/><U119/><E36/><V13/><F13/><W51/><G51/><T21/><D30/><U120/><E120/><V71/><F49/><W50/><G50/><T64/><D110/><U78/><E119/><V91/><F126/><W18/><G18/><T105/><D19/><U65/><E17/><V108/><F124/><W117/><G117/><T7/><D21/><U99/><E63/><V121/><F108/><W12/><G12/><T57/><D118/><U76/><E61/><V115/><F115/><W85/><G85/><T132/><D84/><U88/><E8/><V58/><F71/><W38/><G38/><T44/><D73/><U109/><E11/><V67/><F121/><W52/><AGARI ba="0,1" hai="0,4,9,16,23,24,41,42,47,48,52,90,93,98" machi="52" ten="20,12000,2" yaku="1,1,0,1,7,1,54,2,53,1" doraHai="106" doraHaiUra="22" who="3" fromWho="3" sc="264,-30,452,-30,149,-60,125,130" /><INIT seed="3,0,0,2,5,121" ten="234,422,89,255" oya="3" hai0="71,94,55,88,45,8,129,75,130,28,82,36,41" hai1="98,117,101,74,27,80,51,53,69,127,30,48,134" hai2="111,6,113,132,22,3,62,120,50,7,73,42,67" hai3="99,0,122,114,123,128,66,56,61,59,87,17,32"/><W77/><G114/><T60/><D28/><U4/><E69/><V76/><F120/><W107/><G0/><T89/><D8/><U125/><E134/><V64/><F113/><W91/><G128/><N who="0" m="49259" /><D94/><U44/><E4/><V110/><F132/><W15/><G32/><T39/><D39/><U100/><E117/><V95/><F22/><W14/><G77/><N who="0" m="44351" /><D55/><U10/><E10/><N who="2" m="2399" /><F7/><W135/><G135/><T93/><D93/><U90/><E51/><V16/><F95/><W97/><G107/><T85/><D85/><N who="1" m="50471" /><E98/><N who="3" m="37386" /><G123/><T46/><D46/><U63/><E63/><V26/><F76/><W78/><G78/><T105/><D105/><U96/><E96/><V2/><F73/><W9/><G122/><T25/><D25/><U35/><E74/><V23/><F2/><W84/><G91/><T5/><D5/><U124/><AGARI ba="0,0" hai="27,30,35,44,48,53,100,101,124,125,127" m="50471" machi="124" ten="30,1100,0" yaku="18,1" doraHai="121" who="1" fromWho="1" sc="234,-3,422,11,89,-3,255,-5" owari="231,-16.9,433,53.3,86,-41.4,250,5.0" /></mjloggm>