<mjloggm ver="2.3"><GO type="225" lobby="0"/><UN n0="%4C%4F%4C%49%54%41" n1="%6E%69%63%6F%6E%74%6F" n2="%E3%82%BF%E3%83%BC%E3%83%90%E3%83%B3%E9%87%8E%E5%8F%A3" n3="%E7%99%BD%E6%97%A5%E9%9B%AA%E8%8F%9C" dan="16,17,16,16" rate="2193.99,2131.90,2148.03,2153.35" sx="F,M,M,M"/><TAIKYOKU oya="0"/><INIT seed="0,0,0,3,3,13" ten="250,250,250,250" oya="0" hai0="38,90,21,71,54,124,19,77,18,7,83,58,103" hai1="42,36,123,126,97,70,121,109,31,27,57,0,5" hai2="61,66,107,101,111,118,12,15,128,37,78,108,24" hai3="52,114,1,106,80,33,29,48,67,96,74,88,89"/><T11/><D38/><U72/><E57/><V79/><F37/><W127/><G114/><T55/><D71/><U39/><E97/><N who="2" m="61871" /><F128/><W2/><G127/><T62/><D124/><U81/><E126/><V85/><F24/><W104/><G67/><T134/><D134/><U14/><E14/><N who="2" m="5163" /><F85/><W49/><G49/><T99/><D90/><U132/><E132/><V105/><F105/><W131/><G131/><T82/><D21/><U98/><E98/><V3/><F3/><W68/><G68/><T102/><D102/><U17/><E70/><N who="2" m="42319" /><F118/><W34/><G96/><T120/><D120/><U20/><E31/><V129/><F129/><W112/><G29/><T65/><D11/><N who="1" m="2471" /><E39/><V110/><AGARI ba="0,0" hai="78,79,108,110,111" m="42319,5163,61871" machi="110" ten="40,1500,0" yaku="14,1" doraHai="13" who="2" fromWho="2" sc="250,-7,250,-4,250,15,250,-4" /><INIT seed="1,0,0,1,5,87" ten="243,246,265,246" oya="1" hai0="16,115,103,38,131,2,63,20,92,86,135,58,123" hai1="133,52,98,11,40,70,126,109,10,85,129,77,24" hai2="112,46,71,57,67,60,94,37,101,118,33,79,100" hai3="132,17,43,19,124,119,72,14,31,78,41,105,5"/><U55/><E129/><V44/><F118/><W106/><G119/><T56/><D115/><U84/><E70/><V104/><F33/><W39/><G124/><T127/><D2/><U32/><E133/><V128/><F112/><W75/><G132/><T68/><D135/><U51/><E126/><V89/><F128/><W22/><G31/><T8/><D127/><U61/><E109/><V53/><F104/><W69/><G69/><T88/><D38/><U122/><E122/><V18/><F79/><W113/><G113/><T50/><D131/><U59/><E98/><V80/><F80/><W26/><G5/><T121/><D8/><U108/><E108/><V6/><F6/><W107/><G78/><T66/><D103/><U29/><E85/><N who="2" m="52527" /><F18/><W28/><G19/><T21/><D21/><U23/><E32/><V73/><F44/><W74/><REACH who="3" step="1"/><G39/><REACH who="3" ten="243,246,265,236" step="2"/><T3/><D3/><U15/><E15/><V64/><F37/><W12/><G12/><N who="0" m="9223" /><D68/><U134/><E134/><V111/><F71/><W102/><G102/><T49/><D49/><U4/><E4/><V62/><F101/><W95/><G95/><T120/><D123/><U76/><E76/><V47/><F100/><W117/><G117/><T96/><D96/><U125/><E125/><V90/><F111/><W13/><G13/><T34/><D34/><AGARI ba="0,1" hai="14,17,22,26,28,34,41,43,72,74,75,105,106,107" machi="34" ten="50,6400,0" yaku="1,1,53,2" doraHai="87" doraHaiUra="36" who="3" fromWho="0" sc="243,-64,246,0,265,0,236,74" /><INIT seed="2,0,0,4,5,39" ten="179,246,265,310" oya="2" hai0="34,133,23,7,107,29,65,20,10,42,68,52,45" hai1="104,92,113,18,115,22,118,44,86,80,11,31,110" hai2="74,59,98,55,91,2,117,32,124,56,75,129,79" hai3="132,30,24,125,81,60,27,106,88,131,46,94,83"/><V33/><F117/><W66/><G106/><T43/><D107/><U100/><E118/><V121/><F121/><W63/><G125/><T37/><D133/><U112/><E110/><V41/><F2/><W120/><G120/><T69/><D34/><U127/><E127/><V1/><F124/><W61/><G132/><T128/><D128/><U130/><E130/><V114/><F1/><W49/><G66/><T126/><D126/><U35/><E104/><V36/><F129/><W50/><G50/><T102/><D102/><U103/><E35/><V54/><F36/><W47/><G47/><T108/><D108/><U38/><E31/><V116/><F79/><W97/><G131/><T119/><D119/><U123/><E11/><V76/><F76/><W53/><REACH who="3" step="1"/><G27/><REACH who="3" ten="179,246,265,300" step="2"/><T62/><D68/><U96/><E123/><V51/><F116/><W57/><G57/><T12/><D37/><U84/><E38/><V13/><F51/><W64/><G64/><T9/><D29/><U28/><E28/><V70/><F70/><W87/><G87/><T25/><D25/><U17/><E112/><V16/><F114/><W135/><G135/><T6/><D45/><U58/><E115/><V85/><F85/><W105/><G105/><T82/><D69/><U19/><E113/><V14/><F56/><W111/><G111/><T77/><D65/><U89/><E58/><V99/><F59/><W109/><G109/><T40/><D62/><U72/><E44/><V90/><F75/><W48/><G48/><T93/><D52/><U3/><E72/><V95/><F74/><W4/><G4/><RYUUKYOKU ba="0,1" sc="179,-10,246,-10,265,-10,300,30" hai3="24,30,46,49,53,60,61,63,81,83,88,94,97" /><INIT seed="3,1,1,4,3,63" ten="169,236,255,330" oya="3" hai0="128,54,55,61,10,94,98,41,75,124,36,78,45" hai1="131,33,84,126,72,90,97,3,71,0,95,29,47" hai2="121,129,37,14,88,112,13,83,102,24,11,105,113" hai3="81,114,15,66,65,79,19,30,44,64,8,116,133"/><W96/><G114/><T31/><D124/><U93/><E131/><V91/><F37/><W130/><G116/><T56/><D128/><U89/><E126/><V125/><F129/><W57/><G130/><T39/><D31/><U38/><E71/><V86/><F125/><W28/><G133/><T106/><D106/><U101/><E72/><V77/><F24/><W7/><G44/><T132/><D132/><U35/><E35/><V16/><F121/><W74/><G57/><T51/><D78/><U107/><E29/><V109/><F109/><W25/><G96/><T70/><D75/><U122/><E33/><V111/><F111/><W27/><G27/><T99/><D99/><U49/><E38/><V48/><F48/><W20/><AGARI ba="1,1" hai="7,8,15,19,20,25,28,30,64,65,66,74,79,81" machi="20" ten="30,11700,0" yaku="0,1,52,3" doraHai="63" who="3" fromWho="3" sc="169,-40,236,-40,255,-40,330,130" owari="129,-37.1,196,-20.4,215,1.5,460,56.0" /></mjloggm>