<mjloggm ver="2.3"><GO type="225" lobby="0"/><UN n0="%E3%83%A9%E3%83%B3%E3%83%8A%E3%83%BC%E3%83%A9%E3%83%B3%E3%83%8A%E3%83%BC" n1="%E3%83%A9%E3%83%BC%E3%83%A1%E3%83%B3%E4%BA%94%E9%83%8E" n2="%E7%BD%AA%E5%88%91%E6%B3%95%E5%AE%9A%E4%B8%BB%E7%BE%A9" n3="%E3%83%9F%E3%83%AA%E3%83%80%E3%81%97%E3%82%88" dan="17,16,16,16" rate="2196.83,2093.95,2131.12,2039.74" sx="M,M,M,M"/><TAIKYOKU oya="0"/><INIT seed="0,0,0,2,0,44" ten="250,250,250,250" oya="0" hai0="0,75,99,105,9,69,90,127,111,122,128,65,135" hai1="123,110,32,126,80,77,85,45,56,100,102,76,27" hai2="83,21,10,107,121,13,52,114,130,87,25,3,53" hai3="68,18,66,131,51,93,23,31,72,120,58,17,47"/><T50/><RYUUKYOKU type="yao9" ba="0,0" sc="250,0,250,0,250,0,250,0" hai0="0,9,50,65,69,75,90,99,105,111,122,127,128,135" /><INIT seed="0,1,0,2,0,51" ten="250,250,250,250" oya="0" hai0="74,135,5,85,0,127,124,131,8,31,87,24,33" hai1="115,45,88,76,53,37,99,122,22,109,40,63,100" hai2="59,82,36,35,9,105,71,32,60,70,94,19,73" hai3="41,67,91,21,110,66,58,23,29,30,92,83,12"/><T101/><D74/><U34/><E122/><V64/><F105/><W14/><G110/><T69/><D69/><U97/><E34/><V104/><F104/><W98/><G41/><T132/><D101/><U17/><E109/><V93/><F36/><W79/><G23/><T125/><REACH who="0" step="1"/><D131/><REACH who="0" ten="240,250,250,250" step="2"/><U2/><E100/><V13/><F71/><W16/><G14/><T117/><D117/><U118/><E118/><V77/><F70/><W15/><G15/><T78/><D78/><U18/><E76/><V57/><F73/><W90/><G90/><T38/><D38/><U10/><E37/><V6/><F77/><W120/><G120/><T47/><D47/><U43/><E45/><V7/><F13/><W95/><G92/><T112/><D112/><U44/><E115/><V107/><F94/><W42/><G42/><T61/><D61/><U56/><E88/><V108/><F93/><W3/><G3/><T103/><D103/><U28/><E2/><V133/><F60/><W75/><REACH who="3" step="1"/><G58/><REACH who="3" ten="240,250,250,240" step="2"/><T102/><D102/><U39/><E40/><V62/><F59/><W116/><G116/><T55/><D55/><U25/><E53/><V72/><F57/><W49/><G49/><T119/><D119/><U84/><E56/><V4/><F108/><W27/><G27/><T48/><D48/><U106/><E106/><V121/><F107/><W80/><G80/><T26/><D26/><U1/><E43/><V65/><F82/><W11/><G11/><T52/><D52/><U46/><E39/><V123/><F9/><W111/><G111/><T130/><D130/><U54/><E10/><RYUUKYOKU ba="1,2" sc="240,15,250,-15,250,-15,240,15" hai0="0,5,8,24,31,33,85,87,124,125,127,132,135" hai3="12,16,21,29,30,66,67,75,79,83,91,95,98" /><INIT seed="0,2,2,5,4,111" ten="255,235,235,255" oya="0" hai0="36,21,82,62,133,13,81,103,131,6,77,72,88" hai1="27,78,135,123,47,37,11,51,129,45,119,102,40" hai2="69,104,73,7,97,115,18,68,3,50,100,28,101" hai3="39,117,4,16,128,26,86,92,14,132,74,35,91"/><T64/><D36/><U57/><E119/><V75/><F28/><W71/><G74/><T41/><D103/><U106/><E123/><V66/><F101/><W8/><G117/><T80/><D131/><U89/><E129/><V22/><F50/><W67/><G128/><T93/><D133/><U24/><E135/><V23/><F23/><W83/><G132/><T76/><D41/><U121/><E121/><V61/><F69/><W134/><G39/><T118/><D118/><U110/><E110/><V44/><F44/><W46/><G46/><T105/><D105/><U38/><E78/><N who="0" m="30313" /><D72/><U43/><E11/><V113/><F18/><W130/><G130/><T116/><D116/><U94/><E102/><V60/><F22/><W48/><G134/><T96/><D62/><U65/><E106/><V19/><F19/><W20/><G48/><T109/><D109/><U55/><REACH who="1" step="1"/><E65/><REACH who="1" ten="255,225,235,255" step="2"/><V25/><F61/><W90/><G67/><T79/><D64/><U114/><E114/><N who="2" m="43531" /><F25/><W12/><G26/><T84/><D21/><U34/><E34/><V56/><F56/><W17/><G35/><T30/><D30/><U124/><E124/><V112/><N who="2" m="43539" /><V70/><DORA hai="59" /><F70/><W108/><G108/><T107/><D107/><U0/><E0/><V15/><F15/><W126/><G71/><T87/><D79/><U33/><E33/><V54/><F54/><W1/><G126/><T9/><AGARI ba="2,3" hai="6,9,13,80,81,82,84,87,88,93,96" m="30313" machi="9" ten="30,3000,0" yaku="8,1,54,1" doraHai="111,59" who="0" fromWho="0" sc="255,66,225,-12,235,-12,255,-12" /><INIT seed="0,3,0,0,2,92" ten="321,213,223,243" oya="0" hai0="98,55,93,45,16,46,34,53,73,117,64,25,124" hai1="12,70,52,5,17,128,113,91,85,102,83,115,48" hai2="54,58,81,33,79,8,2,82,76,21,132,63,7" hai3="120,133,125,31,67,122,108,96,109,126,66,38,130"/><T72/><D117/><U74/><E70/><V101/><F33/><W86/><G31/><T23/><D34/><U42/><E128/><V9/><F132/><W40/><G86/><T112/><D112/><N who="1" m="43083" /><E74/><V41/><F101/><W97/><G40/><T65/><D124/><U15/><E5/><V135/><F135/><W131/><G133/><T36/><D36/><AGARI ba="3,0" hai="36,38,66,67,96,97,108,109,120,122,125,126,130,131" machi="36" ten="25,6400,0" yaku="22,2,52,2" doraHai="92" who="3" fromWho="0" sc="321,-73,213,0,223,0,243,73" /><INIT seed="1,0,0,5,2,77" ten="248,213,223,316" oya="1" hai0="79,122,56,89,107,95,76,37,34,125,126,124,24" hai1="39,45,80,68,78,19,120,54,46,2,121,48,74" hai2="12,32,84,3,100,33,0,49,123,133,102,66,57" hai3="14,109,44,111,101,135,116,73,94,65,15,27,11"/><U61/><E2/><V88/><F123/><W83/><G116/><T26/><D37/><U1/><E1/><V30/><F133/><W72/><G135/><T28/><D107/><U10/><E10/><V4/><F3/><W55/><G65/><T51/><D122/><U20/><E68/><V97/><F0/><W129/><G129/><T71/><D71/><U21/><E61/><V50/><F50/><N who="3" m="29127" /><G27/><T31/><D56/><U134/><E21/><V13/><F102/><W59/><G59/><T23/><REACH who="0" step="1"/><D51/><REACH who="0" ten="238,213,223,316" step="2"/><U47/><E134/><V128/><F49/><W9/><G111/><T110/><D110/><U118/><E118/><V82/><F128/><W64/><G109/><T75/><D75/><U7/><E39/><V81/><F57/><W18/><G72/><T42/><D42/><U127/><E120/><V106/><F106/><W130/><G73/><T43/><D43/><U8/><E121/><V69/><F69/><W87/><G130/><T112/><D112/><U98/><E48/><V114/><F114/><W5/><G5/><T108/><D108/><U131/><E7/><V105/><F4/><W104/><G104/><T22/><D22/><U86/><E74/><V63/><F105/><W17/><G9/><T93/><D93/><U38/><E8/><V6/><F6/><W29/><G11/><T115/><D115/><U60/><E131/><V52/><F33/><W16/><G94/><T70/><D70/><U53/><E38/><V85/><F32/><W99/><G14/><T132/><D132/><U119/><E119/><V96/><F13/><W25/><G15/><RYUUKYOKU ba="0,1" sc="238,30,213,-10,223,-10,316,-10" hai0="23,24,26,28,31,34,76,79,89,95,124,125,126" /><INIT seed="2,1,1,4,4,45" ten="268,203,213,306" oya="2" hai0="78,8,91,11,97,17,94,42,118,9,43,124,74" hai1="126,6,37,129,76,85,47,72,21,133,92,101,65" hai2="102,93,111,83,71,123,131,61,23,106,41,46,62" hai3="28,63,14,25,31,7,1,30,108,69,39,132,67"/><V52/><F123/><W2/><G132/><T51/><D124/><U121/><E133/><V33/><F33/><W27/><G39/><T44/><D118/><U89/><E126/><V5/><F106/><W119/><G119/><T26/><D74/><U73/><E121/><V59/><F131/><W107/><G107/><T105/><D105/><U12/><E129/><V112/><F112/><W13/><G108/><T90/><D78/><U10/><E65/><V114/><F114/><W60/><G31/><T55/><D91/><U22/><E101/><V32/><F32/><W104/><G104/><T84/><D97/><U116/><E116/><V56/><F71/><W82/><G82/><T99/><D99/><U109/><E109/><V86/><F111/><W66/><G7/><T40/><REACH who="0" step="1"/><D26/><REACH who="0" ten="258,203,213,306" step="2"/><U75/><REACH who="1" step="1"/><E76/><REACH who="1" ten="258,193,213,306" step="2"/><N who="2" m="46439" /><F102/><W120/><G120/><T36/><D36/><U4/><E4/><V98/><F5/><W95/><G69/><T125/><D125/><U117/><E117/><V15/><F98/><W29/><G27/><T49/><D49/><U53/><E53/><V96/><F96/><W24/><G24/><T127/><D127/><U48/><E48/><N who="2" m="26703" /><F52/><W135/><G25/><T19/><AGARI ba="1,3" hai="8,9,11,17,19,40,42,43,44,51,55,84,90,94" machi="19" ten="40,8000,1" yaku="1,1,0,1,8,1,52,1,53,0" doraHai="45" doraHaiUra="130" who="0" fromWho="0" sc="258,113,193,-21,213,-41,306,-21" /><INIT seed="3,0,0,5,3,40" ten="371,172,172,285" oya="3" hai0="52,127,119,41,73,97,47,48,129,36,115,61,96" hai1="18,99,78,124,131,88,95,55,132,123,92,84,0" hai2="62,82,72,134,105,58,23,31,109,133,94,30,89" hai3="6,91,106,17,103,86,49,3,111,101,25,22,67"/><W126/><G126/><T11/><D119/><U12/><E123/><V15/><F105/><W60/><G106/><T43/><D73/><U38/><E124/><V110/><F15/><W120/><G120/><T102/><D115/><U42/><E0/><V2/><F2/><W65/><G65/><T14/><D127/><U63/><E132/><N who="2" m="50795" /><F82/><W8/><G49/><T66/><D129/><U27/><E131/><V44/><F44/><W98/><G98/><N who="0" m="37995" /><D102/><N who="1" m="60775" /><E38/><V108/><F72/><W29/><G29/><N who="2" m="10761" /><F23/><W135/><G135/><T107/><D107/><U10/><E27/><V81/><F81/><W7/><G7/><N who="0" m="3455" /><D36/><U16/><E42/><V76/><F76/><W114/><G114/><T69/><D69/><U26/><E78/><V90/><F94/><W32/><G32/><T34/><D34/><U112/><E112/><V19/><F19/><W33/><G33/><T39/><D39/><U74/><E74/><V122/><F122/><W56/><REACH who="3" step="1"/><G111/><REACH who="3" ten="371,172,172,275" step="2"/><T68/><D66/><AGARI ba="0,1" hai="58,62,66,89,90,108,109,110" m="10761,50795" machi="66" ten="40,2600,0" yaku="14,1,20,1" doraHai="40" who="2" fromWho="0" sc="371,-26,172,0,172,36,275,0" owari="345,44.5,172,-32.8,208,-19.2,275,7.5" /></mjloggm>