<mjloggm ver="2.3"><GO type="225" lobby="0"/><UN n0="%E3%81%99%E3%81%84%E3%81%BE%E3%81%9B%E3%83%BC%E3%82%93" n1="%4E%6F%2E%30%30%30%31" n2="%E3%81%AF%E3%82%88%E3%81%8A%E3%81%98%E3%81%95%E3%82%93" n3="%48%61%61%61%6C%61%6E%64" dan="16,18,16,17" rate="2108.76,2255.36,2101.86,2161.10" sx="M,M,M,M"/><TAIKYOKU oya="0"/><INIT seed="0,0,0,2,2,117" ten="250,250,250,250" oya="0" hai0="36,88,41,33,94,3,81,37,123,42,52,114,34" hai1="29,112,103,110,116,5,95,100,7,32,82,105,46" hai2="47,65,21,13,115,10,135,127,17,12,16,77,122" hai3="30,99,89,70,43,126,25,76,92,78,45,83,61"/><T50/><D114/><U104/><E112/><V27/><F77/><W113/><G113/><T80/><D123/><U120/><E116/><V72/><F72/><W91/><G126/><T119/><D3/><U40/><E82/><V129/><F115/><W38/><G70/><T11/><D119/><U20/><E20/><N who="2" m="11271" /><F47/><W9/><G61/><T48/><D11/><U79/><E79/><V97/><F97/><W58/><G58/><T14/><D14/><U49/><E46/><V124/><F65/><W35/><G9/><T109/><D109/><U71/><E71/><V39/><F39/><W8/><G8/><T64/><D64/><U24/><E32/><V23/><F129/><W86/><AGARI ba="0,0" hai="25,30,35,38,43,45,76,78,83,86,89,91,92,99" machi="86" ten="30,1100,0" yaku="0,1" doraHai="117" who="3" fromWho="3" sc="250,-5,250,-3,250,-3,250,11" /><INIT seed="1,0,0,0,5,87" ten="245,247,247,261" oya="1" hai0="36,71,9,125,58,83,88,23,2,134,48,122,28" hai1="126,13,57,30,52,56,69,127,115,7,10,86,46" hai2="100,19,79,25,37,104,33,97,105,120,106,135,1" hai3="110,32,117,22,4,114,132,24,65,18,74,118,129"/><U77/><E69/><V31/><F120/><W90/><G114/><T55/><D122/><U64/><E115/><V108/><F108/><W6/><G74/><T26/><D125/><N who="1" m="47627" /><E30/><V112/><F112/><W93/><G110/><T92/><D134/><U121/><E121/><V111/><F111/><W91/><G132/><T73/><D71/><U96/><E64/><V20/><F135/><W27/><G65/><T76/><D36/><U89/><E96/><V41/><F79/><W11/><G129/><T17/><D2/><U101/><E101/><V80/><F80/><W51/><G51/><T60/><D9/><U75/><E77/><V98/><F1/><W38/><G38/><T107/><D107/><U133/><E75/><V109/><F109/><W34/><G11/><T50/><REACH who="0" step="1"/><D28/><REACH who="0" ten="235,247,247,261" step="2"/><U5/><E133/><V103/><F37/><W66/><G117/><T35/><D35/><U99/><E5/><V62/><F105/><W70/><G118/><T82/><D82/><N who="1" m="49367" /><E99/><AGARI ba="0,1" hai="17,23,26,48,50,55,58,60,73,76,83,88,92,99" machi="99" ten="30,12000,2" yaku="1,1,7,1,25,2,52,1,54,1,53,0" doraHai="87" doraHaiUra="3" who="0" fromWho="1" sc="235,130,247,-120,247,0,261,0" /><INIT seed="2,0,0,3,3,79" ten="365,127,247,261" oya="2" hai0="110,15,30,0,74,111,45,126,68,134,78,83,108" hai1="130,95,60,35,23,92,34,80,17,64,77,107,53" hai2="129,91,93,18,131,52,12,11,101,94,39,22,21" hai3="128,121,115,31,132,29,90,55,105,112,1,48,40"/><V98/><F39/><W27/><G121/><T20/><D126/><U10/><E107/><V123/><F123/><W114/><G128/><T89/><D134/><U104/><E104/><V14/><F129/><W82/><G132/><T26/><D0/><U9/><E130/><V51/><F131/><W76/><G1/><T47/><D68/><U120/><E34/><V122/><F122/><W69/><G69/><T3/><D3/><U65/><E35/><V72/><F72/><W75/><G105/><T67/><D67/><U38/><E38/><V103/><F94/><W13/><G40/><T125/><D125/><U86/><E53/><V4/><REACH who="2" step="1"/><F22/><REACH who="2" ten="365,127,237,261" step="2"/><W57/><G114/><T116/><D20/><U63/><E120/><V42/><F42/><W81/><G112/><T70/><D74/><U117/><E95/><V19/><F19/><W102/><G115/><T119/><D111/><U32/><E32/><V54/><F54/><W43/><G43/><T61/><D110/><U124/><E124/><V6/><F6/><W37/><G37/><T49/><D108/><U118/><E92/><V85/><F85/><W73/><G73/><T56/><D119/><N who="1" m="45579" /><E23/><V16/><F16/><W66/><G55/><T25/><D116/><U44/><E17/><V87/><F87/><W88/><G75/><T58/><D30/><U28/><E28/><V97/><F97/><W133/><G31/><T33/><D33/><U24/><E86/><V96/><F96/><W71/><G29/><T41/><D41/><U109/><E64/><V84/><F84/><W113/><G66/><T59/><D78/><RYUUKYOKU ba="0,1" sc="365,-10,127,-10,237,30,261,-10" hai2="4,11,12,14,18,21,51,52,91,93,98,101,103" /><INIT seed="2,1,1,5,5,5" ten="355,117,267,251" oya="2" hai0="104,6,120,2,77,31,49,107,46,130,59,66,27" hai1="100,103,35,52,114,29,36,116,118,39,82,117,134" hai2="111,73,33,1,128,129,40,65,112,13,93,60,41" hai3="90,105,87,62,133,53,28,8,70,17,42,25,22"/><V131/><F1/><W57/><G133/><T102/><D120/><U83/><E134/><V135/><F135/><W69/><G105/><T16/><D16/><U10/><E114/><V119/><F112/><W94/><REACH who="3" step="1"/><G42/><REACH who="3" ten="355,117,267,241" step="2"/><T108/><D107/><U74/><E116/><V18/><F119/><W106/><G106/><T132/><D104/><U20/><E74/><V110/><F73/><W64/><G64/><T89/><D66/><U58/><E35/><V30/><F33/><W86/><G86/><T127/><D132/><U43/><E43/><V80/><F40/><W55/><G55/><T97/><D127/><U11/><E52/><V4/><F41/><W34/><G34/><T12/><D130/><U91/><E29/><V32/><F30/><W3/><G3/><T48/><D2/><U126/><E126/><V75/><F32/><W50/><G50/><T47/><D48/><U0/><E0/><V38/><F38/><W79/><G79/><T19/><D77/><U96/><E96/><V122/><F122/><W24/><G24/><T61/><D27/><U98/><E98/><V121/><F121/><W7/><G7/><T21/><D6/><U71/><E71/><N who="2" m="42407" /><F4/><W124/><G124/><T76/><D97/><U63/><E63/><V26/><F26/><W109/><G109/><T84/><D108/><U78/><E78/><N who="2" m="44127" /><F93/><W15/><AGARI ba="1,2" hai="8,15,17,22,25,28,53,57,62,69,70,87,90,94" machi="15" ten="30,7900,0" yaku="1,1,0,1,52,1,53,1" doraHai="5" doraHaiUra="51" who="3" fromWho="3" sc="355,-21,117,-21,267,-40,241,102" /><INIT seed="3,0,0,2,0,60" ten="334,96,227,343" oya="3" hai0="113,30,97,2,9,22,112,98,20,28,116,7,111" hai1="83,75,85,100,34,52,135,93,132,66,129,15,29" hai2="50,17,4,126,58,65,121,13,39,99,44,0,134" hai3="118,32,92,102,5,71,115,122,53,41,63,64,68"/><W25/><G115/><N who="0" m="44107" /><D111/><U108/><E108/><V86/><F39/><W38/><G118/><T48/><D116/><U21/><E34/><V125/><F134/><W109/><G109/><T95/><D48/><U128/><E75/><V56/><F121/><W37/><G122/><T124/><D124/><N who="2" m="47722" /><F65/><W46/><G38/><T3/><D3/><U51/><E29/><N who="0" m="11369" /><D98/><U69/><E100/><AGARI ba="0,0" hai="2,7,9,20,22,95,97,100" m="11369,44107" machi="100" ten="30,1000,0" yaku="11,1" doraHai="60" who="0" fromWho="1" sc="334,10,96,-10,227,0,343,0" owari="344,44.4,86,-41.4,227,-17.3,343,14.3" /></mjloggm>