<mjloggm ver="2.3"><GO type="225" lobby="0"/><UN n0="%E7%B4%94%E6%BD%94%E3%83%94%E3%83%A9%E3%83%8B%E3%82%A2" n1="%E5%A4%96%E5%B7%9D%E7%AB%9C%E6%88%90" n2="%E4%B8%AD%E5%B9%B4%E3%81%AE%E5%8D%B1%E6%A9%9F" n3="%E5%B0%8F%E9%B3%A5%E9%81%8A%E7%B7%B4%E7%84%A1%32%31%E6%AD%B3" dan="18,16,17,16" rate="2282.94,2224.72,2224.99,2122.97" sx="M,M,M,F"/><TAIKYOKU oya="0"/><INIT seed="0,0,0,4,5,51" ten="250,250,250,250" oya="0" hai0="29,28,104,36,90,98,132,6,102,87,124,99,42" hai1="54,16,5,108,79,59,60,62,128,77,58,106,34" hai2="8,80,0,38,31,46,97,48,25,39,57,127,107" hai3="88,49,68,81,15,1,110,64,10,63,133,120,78"/><T27/><D124/><U18/><E108/><V115/><F127/><W7/><G110/><T22/><D132/><U134/><E134/><V52/><F115/><W131/><G131/><T53/><D98/><U24/><E128/><V117/><F117/><W19/><G133/><T72/><D72/><U113/><E113/><V2/><F80/><W13/><G120/><T93/><D6/><U47/><E106/><V119/><F119/><W43/><G1/><T73/><D73/><U45/><E5/><V82/><F82/><W44/><G88/><T9/><D9/><U17/><E24/><V30/><F8/><W96/><G96/><T103/><D103/><U41/><E34/><V125/><F125/><W112/><G112/><T32/><D42/><U109/><E109/><V92/><F107/><W55/><G15/><T91/><D91/><U83/><E41/><V75/><F75/><W95/><G95/><T56/><D36/><U101/><E101/><V33/><F30/><W122/><G122/><T67/><D67/><U126/><E126/><V118/><F118/><W20/><G43/><T114/><D114/><U40/><E40/><V121/><F121/><W23/><REACH who="3" step="1"/><G7/><REACH who="3" ten="250,250,250,240" step="2"/><T26/><D104/><U116/><E116/><V21/><F0/><W70/><G70/><T61/><D102/><U105/><E105/><V74/><F2/><W4/><G4/><T129/><D99/><U50/><E83/><V111/><F111/><W76/><G76/><T86/><D129/><U123/><E123/><V71/><F92/><W100/><G100/><T135/><D135/><U35/><E79/><RYUUKYOKU ba="0,1" sc="250,15,250,-15,250,-15,240,15" hai0="22,26,27,28,29,32,53,56,61,86,87,90,93" hai3="10,13,19,20,23,44,49,55,63,64,68,78,81" /><INIT seed="0,1,1,1,0,12" ten="265,235,235,255" oya="0" hai0="91,102,53,98,17,95,4,118,119,63,88,15,37" hai1="19,29,0,80,125,84,21,9,60,79,117,34,71" hai2="18,33,22,30,44,112,85,81,66,78,7,36,107" hai3="57,127,126,99,122,100,90,113,83,68,86,31,28"/><T26/><D37/><U49/><E117/><V20/><F112/><W135/><G113/><T16/><D119/><U8/><E125/><N who="3" m="47626" /><G68/><T93/><D118/><U59/><E34/><V82/><F107/><W64/><G135/><T133/><D133/><U106/><E106/><V45/><F33/><W27/><G122/><T115/><D115/><U6/><E71/><V101/><F101/><W62/><G27/><T72/><D72/><U104/><E104/><AGARI ba="1,1" hai="28,31,57,62,64,83,86,90,99,100,104" m="47626" machi="104" ten="30,1000,0" yaku="18,1" doraHai="12" who="3" fromWho="1" sc="265,0,235,-13,235,0,255,23" /><INIT seed="1,0,0,4,5,75" ten="265,222,235,278" oya="1" hai0="122,114,132,88,30,3,59,10,129,49,100,43,56" hai1="110,57,105,25,6,124,72,55,48,70,85,31,64" hai2="73,113,121,22,44,134,52,74,118,133,111,18,16" hai3="108,79,97,58,93,40,4,2,116,46,15,36,28"/><U54/><E72/><N who="2" m="27755" /><F121/><W106/><G108/><T91/><D114/><U32/><E110/><V98/><F111/><W67/><G2/><T41/><D129/><U29/><E124/><V92/><F22/><W95/><G28/><T5/><D132/><N who="2" m="50794" /><F118/><W128/><G128/><T21/><D122/><U83/><E105/><V42/><F113/><W1/><G106/><T71/><D100/><U60/><E6/><V20/><F20/><W61/><G1/><T86/><D71/><U126/><E126/><V104/><F104/><W84/><G116/><T33/><D33/><U17/><E54/><V99/><F99/><W19/><G4/><T69/><D69/><U63/><E31/><V115/><F115/><W96/><G96/><T135/><D135/><U78/><REACH who="1" step="1"/><E17/><REACH who="1" ten="265,212,235,278" step="2"/><V45/><F52/><W65/><G19/><N who="2" m="7209" /><F42/><W90/><G40/><T23/><D41/><U51/><AGARI ba="0,1" hai="25,29,32,48,51,55,57,60,63,64,70,78,83,85" machi="51" ten="30,11700,0" yaku="1,1,0,1,52,1,53,1" doraHai="75" doraHaiUra="81" who="1" fromWho="1" sc="265,-39,212,127,235,-39,278,-39" /><INIT seed="1,1,0,0,1,79" ten="226,339,196,239" oya="1" hai0="56,94,53,42,134,24,114,85,67,35,20,51,103" hai1="16,116,78,90,64,48,40,127,130,97,31,75,108" hai2="123,60,109,44,83,81,54,8,72,84,25,14,76" hai3="129,36,135,52,18,26,30,1,5,112,61,59,49"/><U89/><E116/><V95/><F109/><W12/><G36/><T11/><D114/><U9/><E108/><V126/><F126/><W122/><G122/><T74/><D74/><U27/><E127/><V62/><F123/><W104/><G104/><T92/><D35/><U82/><E130/><V4/><F25/><W131/><G112/><T13/><D134/><U33/><E64/><V91/><REACH who="2" step="1"/><F95/><REACH who="2" ten="226,339,186,239" step="2"/><W34/><G135/><T19/><D103/><U21/><E27/><V3/><F3/><W128/><G1/><T93/><D67/><U46/><E33/><V125/><F125/><W86/><G5/><T45/><D85/><U98/><E75/><V133/><F133/><W106/><G86/><T132/><D132/><U28/><E97/><V73/><F73/><W69/><G106/><T121/><D121/><U22/><E98/><V124/><F124/><W47/><G69/><T70/><D70/><U10/><E82/><V32/><F32/><W57/><REACH who="3" step="1"/><G61/><REACH who="3" ten="226,339,186,229" step="2"/><T15/><REACH who="0" step="1"/><D11/><AGARI ba="1,2" hai="11,12,18,26,30,34,47,49,52,57,59,128,129,131" machi="11" ten="40,8000,1" yaku="1,1,2,1,19,1,54,1,53,0" doraHai="79" doraHaiUra="102" who="3" fromWho="0" sc="226,-83,339,0,186,0,229,103" /><INIT seed="2,0,0,2,3,71" ten="143,339,186,332" oya="2" hai0="25,119,62,46,110,106,87,101,133,68,116,72,48" hai1="19,85,12,88,130,76,105,129,22,103,75,123,92" hai2="97,17,20,15,57,43,26,35,118,70,44,59,107" hai3="95,5,66,18,124,132,73,13,112,79,111,24,28"/><V131/><F131/><N who="1" m="50185" /><E123/><V9/><F70/><W58/><G5/><T102/><D72/><U126/><E126/><V2/><F118/><N who="0" m="45098" /><D110/><U99/><E76/><V11/><F35/><W52/><G111/><T127/><D127/><U83/><E75/><V7/><F107/><AGARI ba="0,0" hai="12,19,22,83,85,88,92,99,103,105,107" m="50185" machi="107" ten="30,2000,0" yaku="19,1,54,1" doraHai="71" who="1" fromWho="2" sc="143,0,339,20,186,-20,332,0" /><INIT seed="3,0,0,2,4,92" ten="143,359,166,332" oya="3" hai0="27,85,53,131,26,28,72,99,73,87,69,114,35" hai1="95,15,52,66,49,133,58,56,101,115,135,120,61" hai2="67,18,82,48,36,42,134,107,74,6,4,57,54" hai3="20,30,112,123,7,90,94,64,117,59,1,70,86"/><W105/><G117/><T106/><D69/><N who="1" m="42191" /><E115/><V89/><F107/><W32/><G112/><T77/><D114/><U38/><E120/><V14/><F134/><N who="1" m="51209" /><E38/><V5/><F36/><W128/><G123/><T31/><D131/><U37/><E37/><V97/><F67/><W8/><G105/><T127/><D53/><U126/><E126/><V129/><F129/><W33/><G70/><T55/><D55/><U104/><E104/><V63/><F74/><W103/><G103/><T124/><D77/><U88/><E15/><V96/><F42/><W16/><G30/><T132/><D132/><U125/><E125/><N who="0" m="48201" /><D87/><N who="1" m="52639" /><E101/><V60/><F82/><W122/><G128/><T130/><D85/><U98/><E98/><N who="2" m="37995" /><F89/><W108/><G122/><T118/><D118/><U40/><E40/><V23/><AGARI ba="0,0" hai="4,5,6,14,18,23,48,54,57,60,63" m="37995" machi="23" ten="30,7900,0" yaku="8,1,52,3" doraHai="92" who="2" fromWho="2" sc="143,-20,359,-20,166,79,332,-39" owari="123,-37.7,339,43.9,245,-15.5,293,9.3" /></mjloggm>