<mjloggm ver="2.3"><GO type="225" lobby="0"/><UN n0="%4E%6F%2E%30%30%30%31" n1="%E3%81%9F%E3%81%A3%E3%81%A1%E3%82%87" n2="%E3%81%AF%E3%82%88%E3%81%8A%E3%81%98%E3%81%95%E3%82%93" n3="%72%61%6B%33" dan="18,16,16,16" rate="2222.58,2071.89,2176.31,2161.23" sx="M,M,M,M"/><TAIKYOKU oya="0"/><INIT seed="0,0,0,2,4,44" ten="250,250,250,250" oya="0" hai0="12,23,33,107,45,99,76,108,106,118,11,43,110" hai1="134,80,49,0,28,117,6,131,36,86,125,18,57" hai2="34,90,52,121,123,56,96,103,10,40,19,67,38" hai3="64,13,133,82,16,102,50,75,7,83,112,88,127"/><T24/><D118/><U65/><E117/><V132/><F34/><W129/><G112/><T87/><D33/><U105/><E36/><V104/><F132/><W22/><G133/><T4/><D99/><U122/><E105/><V72/><F72/><W37/><G37/><T61/><D61/><U8/><E122/><V20/><F67/><W128/><G127/><T5/><D5/><U78/><E131/><N who="3" m="50250" /><G102/><T1/><D1/><U27/><E125/><V14/><F90/><W32/><G32/><T70/><D70/><U42/><E18/><V119/><F119/><W111/><G111/><N who="0" m="42539" /><D87/><U79/><E65/><V84/><F84/><N who="3" m="50199" /><G64/><T3/><D3/><U91/><E134/><V130/><F130/><W21/><G7/><T124/><D76/><U115/><E115/><V30/><F40/><W29/><G83/><T47/><D124/><U2/><E0/><V66/><F38/><W63/><G63/><T53/><D43/><U15/><E42/><V114/><F66/><W25/><G75/><T97/><D97/><U69/><E2/><V35/><F35/><N who="3" m="20911" /><G50/><N who="0" m="28879" /><D47/><U74/><E69/><V58/><F56/><W17/><G17/><AGARI ba="0,0" hai="4,11,12,17,23,24,106,107" m="28879,42539" machi="17" ten="30,5800,0" yaku="14,1,10,1,52,1" doraHai="44" who="0" fromWho="3" sc="250,58,250,0,250,0,250,-58" /><INIT seed="0,1,0,5,4,108" ten="308,250,250,192" oya="0" hai0="56,118,66,92,88,22,98,34,53,43,63,93,36" hai1="121,49,106,69,29,37,42,9,32,5,48,30,81" hai2="67,70,12,0,128,133,13,122,103,87,116,15,125" hai3="75,40,62,45,89,129,27,115,72,61,17,86,113"/><T51/><D34/><U31/><E121/><V126/><F122/><W107/><G107/><T101/><D118/><U57/><E106/><V47/><F0/><W130/><G17/><T35/><D35/><U26/><E69/><V7/><F116/><W94/><G27/><T41/><D22/><U24/><E37/><V39/><F128/><N who="3" m="49259" /><G62/><T91/><D36/><U95/><E81/><V74/><F74/><N who="3" m="28203" /><G61/><T123/><D123/><U134/><E134/><V52/><F133/><W73/><N who="3" m="28211" /><W105/><DORA hai="102" /><G105/><T131/><D131/><U132/><E132/><V68/><F103/><W1/><G1/><T83/><D83/><U117/><E117/><V18/><F7/><W16/><G16/><T10/><D10/><U25/><E32/><V99/><F18/><W64/><G64/><T82/><D82/><U11/><E5/><V2/><F2/><W77/><G77/><T14/><D14/><U38/><E95/><V112/><F67/><W124/><G124/><N who="2" m="47721" /><F68/><W4/><G4/><T28/><D28/><U80/><E29/><V127/><F70/><W76/><G76/><T55/><D66/><U6/><E30/><V111/><F127/><W60/><G60/><T20/><D20/><U46/><E31/><V85/><F15/><W8/><G8/><T135/><D135/><U120/><E9/><V79/><F12/><W44/><G44/><N who="0" m="27879" /><D101/><U109/><E120/><V65/><F65/><W96/><G96/><AGARI ba="1,0" hai="41,43,55,56,63,88,91,92,93,96,98" m="27879" machi="96" ten="30,2900,0" yaku="8,1,54,1" doraHai="108,102" who="0" fromWho="3" sc="308,32,250,0,250,0,192,-32" /><INIT seed="0,2,0,3,3,5" ten="340,250,250,160" oya="0" hai0="112,68,46,38,111,19,121,21,127,82,31,41,52" hai1="126,109,94,96,134,26,28,36,119,34,73,1,125" hai2="57,85,24,16,63,7,20,33,116,97,135,29,88" hai3="4,69,17,99,104,86,2,71,40,67,13,103,49"/><T3/><D112/><U65/><E119/><V129/><F116/><W91/><G67/><T74/><D121/><U79/><E36/><V113/><F113/><W107/><G107/><T0/><D68/><U44/><E109/><V61/><F129/><W90/><G4/><T50/><D31/><U27/><E134/><V106/><F135/><W75/><G75/><T62/><D62/><U122/><E1/><V78/><F7/><W100/><G100/><T22/><D127/><N who="1" m="48651" /><E44/><V15/><F78/><W9/><G2/><T14/><D111/><U66/><E122/><V102/><REACH who="2" step="1"/><F57/><REACH who="2" ten="340,250,240,160" step="2"/><W30/><G71/><T8/><D0/><U92/><E79/><V45/><F45/><W77/><G69/><T118/><D3/><U76/><E76/><V55/><F55/><W101/><G77/><T64/><D118/><U128/><E73/><V80/><AGARI ba="2,1" hai="15,16,20,24,29,33,61,63,80,85,88,97,102,106" machi="80" ten="20,8000,1" yaku="1,1,0,1,7,1,54,2,53,0" doraHai="5" doraHaiUra="53" who="2" fromWho="2" sc="340,-42,250,-22,240,96,160,-22" /><INIT seed="1,0,0,4,4,26" ten="298,228,336,138" oya="1" hai0="91,19,118,125,33,92,57,58,106,16,0,88,42" hai1="29,3,71,55,27,9,126,62,105,4,120,95,45" hai2="28,104,134,44,82,102,130,21,99,31,84,108,110" hai3="74,116,97,24,22,18,5,68,132,12,83,135,114"/><U89/><E120/><V2/><F2/><W56/><G68/><T48/><D106/><U98/><E126/><V76/><F130/><W113/><G56/><N who="0" m="21611" /><D0/><U67/><E105/><V15/><F134/><N who="3" m="51243" /><G97/><N who="0" m="57479" /><D33/><U96/><E55/><V30/><F44/><W81/><G81/><T53/><D118/><U63/><E63/><V111/><F15/><W72/><G83/><T100/><D42/><U115/><E115/><N who="3" m="44042" /><G74/><T46/><D100/><U20/><REACH who="1" step="1"/><E45/><REACH who="1" ten="298,218,336,138" step="2"/><V107/><F104/><W112/><G112/><T124/><D124/><U54/><E54/><V90/><REACH who="2" step="1"/><F21/><REACH who="2" ten="298,218,326,138" step="2"/><N who="3" m="11463" /><G116/><T133/><D125/><U75/><E75/><V40/><F40/><W65/><G72/><T52/><D133/><U7/><E7/><V32/><F32/><W14/><G5/><T60/><D60/><U77/><E77/><AGARI ba="0,2" hai="28,30,31,76,77,82,84,90,99,102,107,108,110,111" machi="77" ten="50,8000,1" yaku="1,1,14,1,52,3,53,0" doraHai="26" doraHaiUra="10" who="2" fromWho="1" sc="298,0,218,-80,326,100,138,0" /><INIT seed="2,0,0,5,0,27" ten="298,138,426,138" oya="2" hai0="70,92,25,121,103,134,21,14,127,110,80,62,77" hai1="52,75,118,104,97,15,125,122,1,58,106,91,65" hai2="101,17,49,33,74,107,4,3,100,76,31,128,35" hai3="57,60,82,48,93,44,20,43,131,115,67,12,19"/><V30/><F128/><W53/><G131/><T56/><D121/><U79/><E118/><V10/><F17/><W5/><G115/><T84/><D110/><U42/><E122/><V85/><F74/><W73/><G73/><T54/><D134/><U69/><E1/><V64/><F64/><W117/><G117/><T38/><D38/><U126/><E42/><V71/><F71/><W112/><G112/><T98/><D127/><N who="1" m="48651" /><E15/><V23/><F23/><W34/><G34/><T2/><D2/><U114/><E114/><V81/><F49/><W72/><G72/><T88/><D70/><U96/><E65/><V111/><F111/><W120/><G120/><T86/><D14/><U129/><E69/><V16/><F16/><W89/><G82/><T32/><D32/><U87/><E129/><V22/><F22/><W18/><G18/><T132/><D132/><U78/><E75/><V124/><F124/><W109/><G109/><T24/><REACH who="0" step="1"/><D21/><REACH who="0" ten="288,138,426,138" step="2"/><U133/><E133/><V9/><F33/><W123/><G123/><T46/><D46/><U37/><E37/><V108/><F35/><W55/><REACH who="3" step="1"/><G5/><REACH who="3" ten="288,138,426,128" step="2"/><T11/><D11/><U119/><E119/><V105/><F9/><W39/><G39/><T6/><D6/><U45/><E45/><V66/><F108/><W102/><G102/><T29/><D29/><N who="2" m="10762" /><F101/><W0/><G0/><T7/><D7/><U61/><E106/><AGARI ba="0,2" hai="24,25,54,56,62,77,80,84,86,88,92,98,103,106" machi="106" ten="30,3900,0" yaku="1,1,7,1,54,1,53,0" doraHai="27" doraHaiUra="135" who="0" fromWho="1" sc="288,59,138,-39,426,0,128,0" /><INIT seed="3,0,0,2,4,134" ten="347,99,426,128" oya="3" hai0="90,57,17,81,8,3,30,52,96,94,91,11,74" hai1="46,88,120,93,102,122,124,13,104,64,42,43,128" hai2="63,28,9,112,98,21,125,92,56,100,117,108,26" hai3="14,85,24,5,68,78,101,41,113,65,12,38,103"/><W111/><G113/><T20/><D30/><U50/><E128/><V86/><F125/><W31/><G111/><T39/><D39/><U123/><E124/><V35/><F112/><W129/><G129/><T80/><D74/><U115/><E115/><V76/><F117/><W107/><G41/><T15/><D3/><U69/><E13/><V7/><F108/><W55/><G38/><T10/><REACH who="0" step="1"/><D91/><REACH who="0" ten="337,99,426,128" step="2"/><U127/><E127/><V44/><F35/><W72/><G72/><T114/><D114/><U97/><E69/><V75/><F75/><W67/><G31/><T16/><D16/><U54/><REACH who="1" step="1"/><E64/><REACH who="1" ten="337,89,426,128" step="2"/><N who="2" m="39015" /><F28/><W105/><G68/><T1/><D1/><U99/><AGARI ba="0,2" hai="42,43,46,50,54,88,93,97,99,102,104,120,122,123" machi="99" ten="40,5200,0" yaku="1,1,0,1,54,1,53,0" doraHai="134" doraHaiUra="61" who="1" fromWho="1" sc="337,-13,89,72,426,-13,128,-26" owari="324,12.4,161,-23.9,413,51.3,102,-39.8" /></mjloggm>