<mjloggm ver="2.3"><GO type="225" lobby="0"/><UN n0="%E3%82%BC%E3%83%AB%E3%83%80%E3%81%AE%E4%BC%9D%E8%AA%AC" n1="%E3%81%BF%E3%81%BF%E3%81%9A" n2="%6D%75%75%6D%75%72%61" n3="%E7%99%BD%E9%9B%AA%E4%B9%83%E6%84%9B" dan="17,16,17,16" rate="2144.05,2151.39,2174.89,2057.05" sx="M,M,F,F"/><TAIKYOKU oya="0"/><INIT seed="0,0,0,0,0,28" ten="250,250,250,250" oya="0" hai0="83,84,8,87,93,67,98,59,96,10,56,115,37" hai1="122,121,23,106,43,91,44,11,14,50,86,119,77" hai2="53,129,81,105,4,101,126,116,61,104,114,72,54" hai3="123,63,97,64,94,35,60,31,36,26,70,48,29"/><T52/><D115/><U13/><E106/><V103/><F114/><W88/><G123/><T100/><D37/><U9/><E119/><V24/><F116/><W42/><G36/><T124/><D124/><U85/><E121/><V16/><F126/><W125/><G125/><T102/><D67/><U18/><E122/><V111/><F111/><W131/><G131/><T92/><D83/><N who="1" m="47343" /><E14/><V128/><F4/><W80/><G31/><T90/><D90/><U112/><E112/><V66/><F72/><W49/><G42/><T71/><D71/><U134/><E134/><V58/><F81/><AGARI ba="0,0" hai="9,11,13,18,23,43,44,50,81,86,91" m="47343" machi="81" ten="30,1000,0" yaku="8,1" doraHai="28" who="1" fromWho="2" sc="250,0,250,10,250,-10,250,0" /><INIT seed="1,0,0,0,4,122" ten="250,260,240,250" oya="1" hai0="23,38,81,50,31,85,33,55,3,126,28,128,5" hai1="25,18,42,125,74,93,48,133,131,24,46,21,106" hai2="105,88,69,11,100,71,107,135,13,67,124,54,112" hai3="104,44,32,72,83,110,9,14,97,78,43,10,130"/><U35/><E106/><V89/><F135/><W129/><G32/><T134/><D38/><U56/><E74/><V65/><F124/><W84/><G72/><T120/><D126/><U39/><E125/><V113/><F54/><W47/><G110/><T58/><D134/><U64/><E133/><V8/><REACH who="2" step="1"/><F13/><REACH who="2" ten="250,260,230,250" step="2"/><W91/><G14/><T116/><D55/><U36/><E131/><V82/><F82/><W86/><G130/><T114/><D81/><U80/><E80/><V57/><F57/><W115/><G129/><T132/><D58/><U61/><E25/><V98/><F98/><W19/><G115/><T95/><D114/><U27/><E27/><V77/><F77/><W0/><G0/><T34/><D3/><U4/><E35/><V29/><F29/><W70/><G70/><T17/><D31/><U37/><E4/><V108/><F108/><W66/><G97/><T111/><D5/><U2/><E2/><V123/><F123/><W45/><G78/><T16/><D111/><U96/><REACH who="1" step="1"/><E37/><REACH who="1" ten="250,250,230,250" step="2"/><V118/><F118/><W15/><G83/><T1/><D116/><U53/><E53/><V87/><F87/><W49/><G86/><T7/><D132/><U101/><AGARI ba="0,2" hai="18,21,24,36,39,42,46,48,56,61,64,93,96,101" machi="101" ten="20,3900,0" yaku="1,1,0,1,7,1,53,0" doraHai="122" doraHaiUra="109" who="1" fromWho="1" sc="250,-13,250,59,230,-13,250,-13" /><INIT seed="1,1,0,2,4,23" ten="237,309,217,237" oya="1" hai0="25,125,92,16,71,72,62,131,99,24,105,75,79" hai1="123,133,65,128,111,66,2,130,37,14,47,104,26" hai2="57,22,29,113,4,13,5,43,54,15,80,87,88" hai3="76,11,94,103,110,91,56,77,78,86,53,101,10"/><U112/><E112/><V38/><F113/><W84/><G110/><T31/><D125/><U100/><E2/><V59/><F38/><W12/><G86/><T1/><D1/><U18/><E123/><V42/><F13/><W19/><REACH who="3" step="1"/><G11/><REACH who="3" ten="237,309,217,227" step="2"/><T119/><D119/><U27/><E111/><V6/><F15/><W89/><G89/><T52/><D131/><U108/><E108/><V83/><F83/><W8/><G8/><T98/><D79/><U70/><E14/><V114/><F114/><W106/><G106/><T0/><D105/><U17/><E104/><V32/><F32/><W55/><G55/><T48/><D0/><U97/><E128/><V95/><F80/><W49/><AGARI ba="1,1" hai="10,12,19,49,53,56,76,77,78,84,91,94,101,103" machi="49" ten="30,12000,2" yaku="1,1,0,1,8,1,53,3" doraHai="23" doraHaiUra="73" who="3" fromWho="3" sc="237,-31,309,-61,217,-31,227,133" /><INIT seed="2,0,0,5,3,91" ten="206,248,186,360" oya="2" hai0="72,4,109,39,27,58,118,31,131,15,102,10,56" hai1="22,40,42,124,120,113,126,5,106,19,112,77,33" hai2="24,48,128,75,125,26,11,34,46,78,35,101,3" hai3="86,53,121,83,103,74,50,68,98,95,96,84,85"/><V80/><F128/><W122/><G68/><T54/><D109/><U110/><E33/><V69/><F125/><N who="1" m="48233" /><E110/><V55/><F69/><W21/><G21/><T111/><D111/><U37/><E120/><N who="3" m="46186" /><G53/><T9/><D131/><U51/><E37/><V129/><F129/><W8/><G50/><T2/><D72/><U67/><E106/><V36/><F36/><W57/><G57/><T12/><D118/><U104/><E104/><V117/><F117/><W49/><G49/><T20/><D39/><U115/><E77/><V59/><F59/><W25/><G25/><T1/><D102/><U43/><E5/><V65/><F65/><W16/><G16/><N who="0" m="10247" /><D54/><U97/><E97/><V14/><F3/><N who="0" m="1034" /><D58/><U79/><E79/><BYE who="1" /><UN n1="%E3%81%BF%E3%81%BF%E3%81%9A" /><V105/><F34/><W47/><G8/><N who="0" m="4487" /><D56/><U32/><E67/><V62/><F35/><AGARI ba="0,0" hai="9,10,27,31,35" m="4487,1034,10247" machi="35" ten="30,12000,2" yaku="35,5,54,1" doraHai="91" who="0" fromWho="2" sc="206,120,248,0,186,-120,360,0" /><INIT seed="3,0,0,5,5,114" ten="326,248,66,360" oya="3" hai0="96,106,65,95,119,23,128,36,97,54,43,6,20" hai1="135,57,2,10,60,4,113,93,49,99,1,30,100" hai2="47,67,86,62,108,64,103,56,81,83,28,112,132" hai3="42,50,70,104,127,7,90,33,122,13,126,85,134"/><W63/><G122/><T101/><D128/><U44/><E135/><V66/><F112/><W17/><G104/><T69/><D119/><U111/><E111/><V24/><F108/><W37/><G33/><T92/><D6/><U35/><E113/><V125/><F132/><W82/><G134/><T102/><D106/><U41/><E35/><V14/><F125/><N who="3" m="47627" /><G37/><T74/><D74/><U29/><E1/><V98/><F47/><N who="3" m="25975" /><G7/><T72/><D72/><U121/><E121/><V71/><F14/><W94/><G63/><T32/><D32/><U25/><E2/><V91/><F81/><W18/><G70/><T34/><D34/><U118/><E118/><V133/><F71/><W110/><G110/><T26/><D54/><U15/><REACH who="1" step="1"/><E25/><REACH who="1" ten="326,238,66,360" step="2"/><V109/><F133/><W117/><G117/><T115/><D115/><U12/><E12/><V79/><F109/><W124/><G124/><T84/><D26/><U5/><E5/><V9/><F9/><W11/><G18/><T48/><D23/><U27/><E27/><V52/><F79/><W16/><G17/><T45/><D20/><U123/><E123/><V40/><F40/><W59/><G16/><T53/><D43/><U46/><E46/><V88/><F91/><W131/><G90/><T78/><D78/><U87/><E87/><V19/><F19/><W129/><G13/><T77/><D84/><U58/><E58/><V22/><REACH who="2" step="1"/><F52/><AGARI ba="0,1" hai="4,10,15,29,30,41,44,49,52,57,60,93,99,100" machi="52" ten="30,8000,1" yaku="1,1,7,1,8,1,54,1,53,1" doraHai="114" doraHaiUra="3" who="1" fromWho="2" sc="326,0,238,90,66,-80,360,0" owari="326,-7.4,328,12.8,-14,-51.4,360,46.0" /></mjloggm>