<mjloggm ver="2.3"><GO type="225" lobby="0"/><UN n0="%E3%81%BF%E3%81%BF%E3%81%9A" n1="%4C%4F%4C%49%54%41" n2="%E3%81%99%E3%81%84%E3%81%BE%E3%81%9B%E3%83%BC%E3%82%93" n3="%65%2D%73%65%70%65%6E%3B" dan="16,16,17,17" rate="2150.79,2166.09,2246.80,2152.10" sx="M,F,M,M"/><TAIKYOKU oya="0"/><INIT seed="0,0,0,1,1,112" ten="250,250,250,250" oya="0" hai0="110,23,118,95,89,30,119,22,11,113,124,54,98" hai1="116,24,65,44,20,102,43,87,45,93,48,100,68" hai2="7,134,14,84,125,82,114,31,2,0,77,109,67" hai3="16,49,90,42,105,123,29,15,39,60,17,126,33"/><T104/><D113/><U62/><E116/><V5/><F114/><W74/><G105/><T69/><D69/><U86/><E45/><V51/><F125/><W12/><G74/><T71/><D124/><U1/><E1/><V8/><F134/><W27/><G39/><T53/><D71/><U64/><E64/><V132/><F132/><W135/><G135/><T131/><D104/><U85/><REACH who="1" step="1"/><E93/><REACH who="1" ten="250,240,250,250" step="2"/><V19/><F67/><W6/><G126/><T127/><D127/><U21/><E21/><V57/><F0/><W32/><G32/><T55/><D131/><U73/><E73/><V36/><F2/><W79/><G33/><T103/><D110/><U34/><E34/><V10/><F109/><W101/><G123/><T122/><D122/><U9/><E9/><V106/><F106/><W92/><G92/><T52/><D23/><U46/><E46/><V121/><F10/><W38/><G38/><T133/><D133/><U70/><E70/><V28/><F36/><W83/><G42/><T61/><D11/><U80/><E80/><V4/><F121/><W56/><G83/><T97/><D61/><U81/><E81/><V115/><F115/><W26/><G60/><T76/><N who="0" m="13312" /><DORA hai="107" /><T72/><D72/><U78/><E78/><V25/><F51/><W18/><G79/><T41/><D41/><U94/><E94/><V108/><F108/><W128/><G49/><T35/><D35/><U3/><E3/><V59/><F59/><W50/><G56/><T40/><D40/><U99/><E99/><V47/><F57/><W96/><G50/><T120/><D76/><RYUUKYOKU ba="0,1" sc="250,-10,240,30,250,-10,250,-10" hai1="20,24,43,44,48,62,65,68,85,86,87,100,102" /><INIT seed="1,1,1,0,4,128" ten="240,270,240,240" oya="1" hai0="134,18,48,45,32,10,38,133,19,65,46,13,89" hai1="11,27,64,93,12,80,59,82,122,54,61,4,1" hai2="114,102,22,78,87,58,94,39,40,103,56,73,131" hai3="113,126,101,79,49,47,20,83,119,41,77,44,2"/><U31/><E122/><V3/><F131/><W90/><G2/><T69/><D32/><U98/><E1/><V70/><F70/><W0/><G0/><T129/><D129/><U30/><E54/><V37/><F3/><W72/><G113/><T7/><D38/><U135/><E135/><N who="0" m="51721" /><D89/><U67/><E64/><V74/><F39/><W55/><G119/><T100/><D100/><U107/><E107/><V24/><F103/><W105/><G126/><T116/><D116/><U121/><E121/><V81/><F114/><W75/><G90/><T123/><D123/><U104/><E104/><V43/><F37/><W26/><G101/><T68/><D45/><U66/><E66/><V106/><F106/><W130/><G105/><T60/><D68/><U120/><E120/><V88/><F102/><W62/><G130/><T42/><AGARI ba="1,1" hai="7,10,13,18,19,42,46,48,60,65,69" m="51721" machi="42" ten="30,7900,0" yaku="20,1,52,3" doraHai="128" who="0" fromWho="0" sc="240,92,270,-40,240,-21,240,-21" /><INIT seed="2,0,0,4,2,2" ten="332,230,219,219" oya="2" hai0="59,8,39,130,98,85,133,30,92,80,76,53,64" hai1="125,0,103,62,6,52,129,18,24,135,3,35,45" hai2="28,74,34,79,95,87,33,131,104,5,32,60,66" hai3="107,67,61,83,15,124,58,75,68,91,113,134,31"/><V109/><F104/><W14/><G107/><T41/><D130/><U77/><E77/><V20/><F131/><W70/><G124/><T57/><D133/><U84/><E129/><V13/><F109/><W100/><G134/><T88/><D30/><U65/><E135/><V93/><F74/><W122/><G122/><T115/><D115/><U106/><E84/><V44/><F44/><W96/><G113/><T82/><D64/><U81/><E81/><V23/><F79/><W16/><G31/><T27/><D27/><U22/><E35/><V126/><F126/><W42/><G42/><T132/><D132/><U114/><E125/><V38/><F38/><W116/><G116/><T4/><D82/><U90/><E90/><V37/><F37/><W71/><G14/><T99/><D53/><U46/><E114/><V123/><F123/><W73/><G100/><T48/><D39/><U9/><E0/><V7/><F28/><W29/><G29/><T127/><D99/><U108/><E108/><V102/><F102/><W111/><G111/><T119/><D119/><U36/><E52/><V55/><F55/><W54/><G54/><T78/><D76/><U17/><E17/><N who="2" m="10287" /><F87/><W56/><G56/><T72/><D72/><U110/><E36/><V128/><F128/><W26/><G26/><T19/><D19/><U40/><E40/><V94/><F23/><N who="3" m="11679" /><G96/><T89/><D127/><U118/><E118/><V47/><F47/><W112/><G112/><T69/><D69/><N who="1" m="42167" /><E110/><V120/><F120/><W11/><G11/><T21/><D21/><U86/><E86/><V49/><F49/><RYUUKYOKU ba="0,0" sc="332,-30,230,10,219,10,219,10" hai1="3,6,9,18,22,24,45,46,103,106" hai2="5,7,32,33,34,60,66,93,94,95" hai3="58,61,67,68,70,71,73,75,83,91" /><INIT seed="2,1,0,0,2,15" ten="302,240,229,229" oya="2" hai0="85,14,135,32,27,53,3,120,38,36,16,60,44" hai1="33,68,2,127,65,57,78,37,101,63,115,130,6" hai2="93,20,82,47,100,87,72,133,121,41,91,114,108" hai3="10,69,45,90,28,40,86,83,107,131,24,71,134"/><V43/><F114/><W89/><G131/><T105/><D120/><U56/><E115/><V98/><F121/><W42/><G107/><T104/><D3/><U79/><E33/><V50/><F133/><W13/><G134/><T64/><D135/><U112/><E112/><V54/><F108/><W81/><G42/><T77/><D32/><U34/><E34/><V58/><F72/><W22/><G83/><T4/><D4/><U19/><E37/><V21/><REACH who="2" step="1"/><F43/><REACH who="2" ten="302,240,219,229" step="2"/><W132/><G132/><T61/><D105/><U35/><E130/><V125/><F125/><W97/><G71/><T8/><D104/><U1/><E68/><V29/><F29/><W59/><G69/><T17/><D36/><AGARI ba="1,1" hai="20,21,36,41,47,50,54,58,82,87,91,93,98,100" machi="36" ten="30,2900,0" yaku="1,1,7,1,53,0" doraHai="15" doraHaiUra="106" who="2" fromWho="0" sc="302,-32,240,0,219,42,229,0" /><INIT seed="2,2,0,3,1,124" ten="270,240,261,229" oya="2" hai0="115,116,101,55,36,59,73,126,63,61,111,57,108" hai1="21,76,88,65,123,13,9,120,94,119,19,51,45" hai2="95,5,132,53,37,46,8,38,105,122,109,103,25" hai3="93,106,11,83,39,10,35,6,89,82,86,49,125"/><V30/><F122/><N who="1" m="46633" /><E119/><V104/><F132/><W113/><G39/><T33/><D73/><U34/><E34/><V58/><F109/><N who="0" m="42058" /><D33/><U74/><E65/><V114/><F114/><W99/><G35/><T96/><D115/><U118/><E118/><V27/><F38/><W62/><G113/><T97/><D126/><U60/><E60/><V98/><F46/><W84/><G125/><T43/><D116/><U2/><E76/><V31/><F37/><W67/><G106/><T78/><D78/><U3/><E9/><V70/><F70/><W22/><G22/><T28/><D28/><N who="2" m="10794" /><F105/><W135/><G135/><T75/><D75/><U134/><E74/><V117/><F104/><W41/><G86/><T69/><D101/><U130/><E130/><V54/><F117/><W17/><G17/><T7/><D7/><U16/><E19/><V44/><F8/><W85/><G6/><T102/><D102/><U32/><E32/><V23/><F5/><W107/><G107/><T127/><D69/><U56/><E56/><V131/><F23/><W77/><G10/><T50/><D127/><U87/><E134/><V40/><F131/><W71/><G11/><T79/><D79/><U68/><E68/><V133/><F133/><W52/><G77/><T47/><D36/><U1/><E2/><V64/><F25/><W15/><G15/><T90/><D90/><U48/><E48/><N who="2" m="26631" /><F27/><W91/><G91/><T14/><D14/><U42/><AGARI ba="2,0" hai="1,3,13,16,21,42,45,51,87,88,94" m="46633" machi="42" ten="30,4000,0" yaku="13,1,54,2" doraHai="124" who="1" fromWho="1" sc="270,-12,240,46,261,-22,229,-12" /><INIT seed="3,0,0,5,4,67" ten="258,286,239,217" oya="3" hai0="77,57,51,56,81,61,40,74,76,19,21,128,53" hai1="97,70,45,65,29,27,134,126,93,5,105,124,135" hai2="129,90,38,60,64,28,72,96,23,2,20,48,43" hai3="103,62,84,59,36,95,1,125,8,31,115,75,26"/><W87/><G36/><T117/><D128/><U99/><E5/><V63/><F2/><W25/><G115/><T91/><D117/><U98/><E105/><V79/><F38/><W18/><G75/><T85/><D74/><U111/><E111/><V14/><F129/><W12/><G125/><N who="1" m="48234" /><E45/><V127/><F127/><W13/><G1/><T41/><D41/><U120/><E120/><V11/><F79/><W123/><G123/><T80/><D80/><U9/><E9/><V69/><F72/><W68/><G68/><T66/><REACH who="0" step="1"/><D40/><REACH who="0" ten="248,286,239,217" step="2"/><U7/><E134/><V16/><F43/><W130/><G130/><T106/><D106/><U24/><E135/><V6/><F69/><W83/><G13/><AGARI ba="0,1" hai="13,19,21,51,53,56,57,61,66,76,77,81,85,91" machi="13" ten="30,7700,0" yaku="1,1,7,1,8,1,53,1" doraHai="67" doraHaiUra="86" who="0" fromWho="3" sc="248,87,286,0,239,0,217,-77" owari="335,43.5,286,8.6,239,-16.1,140,-36.0" /></mjloggm>