<mjloggm ver="2.3"><GO type="225" lobby="0"/><UN n0="%E6%B4%BE%E9%81%A3%E3%81%AE%E3%82%B8%E3%83%A3%E3%83%83%E3%82%AF" n1="%E3%81%BF%E3%81%BF%E3%81%9A" n2="%E3%83%A9%E3%83%96%E3%83%AC%E3%83%BC" n3="%E5%8D%A0%E3%81%84%E5%B8%AB%E8%A3%8F%E3%81%AA%E3%81%84%E3%81%97" dan="17,18,16,17" rate="2221.96,2256.94,2068.05,2225.26" sx="M,M,M,M"/><TAIKYOKU oya="0"/><INIT seed="0,0,0,4,2,100" ten="250,250,250,250" oya="0" hai0="26,128,15,13,114,121,63,68,49,30,81,29,10" hai1="105,76,73,134,46,127,85,18,24,27,93,60,54" hai2="118,71,1,23,51,5,34,120,101,112,72,66,64" hai3="115,50,83,21,78,80,44,90,28,89,131,37,58"/><T117/><D114/><U39/><E127/><V48/><F101/><W108/><G115/><T69/><D117/><U40/><E134/><V102/><F102/><W96/><G108/><T31/><D121/><U32/><E105/><V124/><F112/><W94/><G131/><T129/><D81/><U67/><E32/><V119/><F34/><W84/><G37/><T75/><D75/><U42/><E73/><V109/><F72/><W107/><G58/><T38/><D38/><U98/><E54/><V77/><F77/><W86/><G107/><T82/><D82/><N who="1" m="47303" /><E39/><V14/><F23/><W113/><G113/><T17/><D49/><N who="1" m="26823" /><E42/><V43/><F43/><W116/><G116/><T52/><D26/><U91/><E18/><V74/><F74/><W9/><G9/><T33/><D15/><U70/><E70/><V22/><F71/><W103/><G78/><T79/><D79/><U87/><E67/><V4/><F124/><W20/><REACH who="3" step="1"/><G28/><REACH who="3" ten="250,250,250,240" step="2"/><T106/><D106/><U16/><E60/><V12/><F109/><W122/><G122/><T135/><D33/><U99/><E24/><V95/><F120/><W56/><G56/><N who="0" m="35207" /><D68/><U111/><E111/><V57/><F57/><W3/><G3/><T45/><D69/><U6/><E6/><V0/><F22/><AGARI ba="0,1" hai="16,22,27,87,91,93,98,99" m="26823,47303" machi="22" ten="30,2000,0" yaku="8,1,54,1" doraHai="100" who="1" fromWho="2" sc="250,0,250,30,250,-20,240,0" /><INIT seed="1,0,0,5,5,121" ten="250,280,230,240" oya="1" hai0="46,104,48,108,105,70,62,11,32,3,52,111,49" hai1="117,79,92,112,101,73,38,127,93,29,65,19,64" hai2="119,44,85,17,120,100,30,116,39,78,113,82,106" hai3="5,27,31,61,118,24,51,125,129,109,1,7,59"/><U33/><E112/><V20/><F120/><W135/><G135/><T22/><D32/><U40/><E117/><V37/><F30/><W34/><G118/><T75/><D75/><U86/><E127/><V23/><F113/><W122/><G122/><T77/><D77/><U103/><E73/><V55/><F119/><W68/><G125/><T88/><D22/><U8/><E38/><V94/><F106/><W9/><G129/><T97/><D48/><U60/><E40/><V128/><F128/><W67/><G24/><T99/><D99/><U13/><E29/><V10/><F39/><W63/><G51/><T0/><D70/><U83/><E33/><V47/><F55/><W21/><G21/><N who="2" m="8265" /><F37/><W4/><REACH who="3" step="1"/><G109/><REACH who="3" ten="250,280,230,230" step="2"/><N who="0" m="42059" /><D62/><U84/><E60/><V43/><F116/><W126/><G126/><T53/><D53/><AGARI ba="0,1" hai="1,4,5,7,9,27,31,34,53,59,61,63,67,68" machi="53" ten="30,2000,0" yaku="1,1,7,1,53,0" doraHai="121" doraHaiUra="133" who="3" fromWho="0" sc="250,-20,280,0,230,0,230,30" /><INIT seed="2,0,0,2,3,128" ten="230,280,230,260" oya="2" hai0="99,104,125,101,24,50,117,16,69,80,37,90,1" hai1="51,71,53,83,113,88,89,18,9,123,48,130,62" hai2="30,64,26,21,63,55,20,107,111,66,124,77,59" hai3="81,38,105,96,131,115,40,35,5,79,84,118,52"/><V4/><F107/><W91/><G118/><T15/><D37/><U25/><E113/><V49/><F124/><W76/><G35/><T127/><D1/><U98/><E130/><V74/><F111/><W10/><G131/><T31/><D69/><U94/><E123/><V32/><F66/><W6/><G115/><T135/><D50/><U13/><E71/><V45/><REACH who="2" step="1"/><F4/><REACH who="2" ten="230,280,220,260" step="2"/><W92/><G5/><T7/><D7/><U34/><E34/><V33/><F33/><W47/><G105/><T3/><D117/><U61/><E25/><V17/><F17/><W106/><G106/><T133/><D3/><U122/><E122/><V28/><F28/><W103/><REACH who="3" step="1"/><G52/><REACH who="3" ten="230,280,220,250" step="2"/><T67/><D67/><U29/><E53/><V39/><F39/><W134/><G134/><N who="0" m="51211" /><D31/><U65/><E29/><V100/><F100/><W126/><G126/><T95/><D104/><U56/><E65/><V12/><F12/><AGARI ba="0,2" hai="6,10,12,38,40,47,76,79,81,84,91,92,96,103" machi="12" ten="30,3900,0" yaku="1,1,7,1,53,1" doraHai="128" doraHaiUra="11" who="3" fromWho="2" sc="230,0,280,0,220,-39,250,59" /><INIT seed="3,0,0,4,3,28" ten="230,280,181,309" oya="3" hai0="67,129,126,133,18,121,113,22,104,57,123,7,9" hai1="59,31,0,81,87,26,100,85,6,98,97,61,66" hai2="36,11,95,46,114,53,94,68,134,27,2,69,41" hai3="13,122,75,35,50,63,48,103,56,78,119,132,55"/><W20/><G35/><T101/><D104/><U33/><E97/><V108/><F114/><W10/><G119/><T74/><D101/><U3/><E6/><V12/><F2/><W14/><G122/><T80/><D80/><U65/><E66/><V128/><F134/><W32/><G32/><T47/><D74/><U43/><E43/><V124/><F124/><W112/><G112/><T1/><D47/><U37/><E37/><V117/><F117/><W5/><G132/><T38/><D38/><U52/><E65/><V16/><F128/><W110/><G110/><T111/><D113/><U64/><E64/><V70/><F108/><W115/><G115/><T42/><D42/><U62/><E62/><V91/><F53/><W130/><G130/><T60/><D111/><U127/><E85/><V82/><F82/><W135/><G135/><T96/><D126/><U79/><E127/><V77/><F77/><W131/><G131/><T19/><D129/><U102/><E102/><V4/><F91/><W84/><G75/><T51/><D133/><U8/><E8/><V30/><REACH who="2" step="1"/><F4/><REACH who="2" ten="230,280,171,309" step="2"/><W106/><G78/><T45/><D123/><U86/><E86/><V90/><F90/><W40/><G84/><T92/><D121/><U105/><AGARI ba="0,1" hai="0,3,26,31,33,52,59,61,79,81,87,98,100,105" machi="105" ten="20,5200,0" yaku="0,1,7,1,52,1,54,1" doraHai="28" who="1" fromWho="1" sc="230,-13,280,62,171,-13,309,-26" owari="217,-18.3,342,44.2,158,-34.2,283,8.3" /></mjloggm>