<mjloggm ver="2.3"><GO type="225" lobby="0"/><UN n0="%E3%83%AD%E3%83%83%E3%83%86%E9%9B%80%E7%90%83" n1="%E5%A4%96%E5%B7%9D%E7%AB%9C%E6%88%90" n2="%E3%81%82%E3%81%99%E3%81%AB%E3%82%83%E3%82%80" n3="%61%6D%65%6B%69" dan="17,16,16,16" rate="2276.26,2248.31,2097.66,2084.51" sx="M,M,F,M"/><TAIKYOKU oya="0"/><INIT seed="0,0,0,4,1,25" ten="250,250,250,250" oya="0" hai0="26,114,14,82,47,24,36,16,93,129,100,76,130" hai1="110,74,8,11,31,29,4,40,106,3,10,92,123" hai2="56,51,55,85,112,101,122,95,58,33,5,66,70" hai3="63,115,72,32,42,67,68,35,18,75,54,65,109"/><T128/><D114/><U117/><E106/><V91/><F112/><W49/><G115/><T9/><D100/><U86/><E74/><V0/><F122/><W116/><G116/><T103/><D103/><U19/><E117/><V59/><F33/><W71/><G42/><N who="0" m="22983" /><D93/><U48/><E123/><V83/><F0/><W43/><G43/><T118/><D118/><U53/><E40/><V121/><F121/><W57/><G109/><T46/><D46/><U78/><E110/><V17/><F5/><W88/><G35/><T38/><D38/><U15/><E10/><V79/><F101/><W7/><G7/><T105/><D105/><U52/><E53/><V77/><F17/><W87/><G32/><T45/><D45/><U73/><E73/><AGARI ba="0,0" hai="9,14,16,24,26,73,76,82,128,129,130" m="22983" machi="73" ten="30,2900,0" yaku="19,1,54,1" doraHai="25" who="0" fromWho="1" sc="250,29,250,-29,250,0,250,0" /><INIT seed="0,1,0,0,1,134" ten="279,221,250,250" oya="0" hai0="7,122,60,65,14,18,98,57,123,43,99,62,52" hai1="64,118,46,28,82,102,24,40,75,108,2,8,38" hai2="116,22,44,119,79,17,25,61,54,124,89,36,101" hai3="129,109,12,128,59,127,77,115,37,96,69,26,47"/><T111/><D111/><U97/><E118/><N who="2" m="45099" /><F101/><W117/><G117/><T106/><D7/><U76/><E64/><V83/><F89/><W0/><G0/><T105/><D43/><U91/><E108/><V74/><F61/><W66/><G69/><T41/><D41/><U29/><E91/><V84/><F36/><W130/><G115/><T73/><D73/><U72/><E72/><V53/><F84/><W70/><G70/><T71/><D99/><U86/><E86/><V15/><F44/><W9/><G109/><T87/><D87/><U6/><REACH who="1" step="1"/><E24/><REACH who="1" ten="279,211,250,250" step="2"/><V78/><F79/><W100/><G77/><T110/><D110/><U135/><E135/><V34/><F74/><W51/><G26/><T58/><D71/><U11/><E11/><V19/><F78/><W39/><G66/><T120/><REACH who="0" step="1"/><D98/><REACH who="0" ten="269,211,250,250" step="2"/><U90/><E90/><V30/><F83/><W23/><G129/><T13/><D13/><U21/><E21/><AGARI ba="1,2" hai="14,18,21,52,57,58,60,62,65,105,106,120,122,123" machi="21" ten="40,3900,0" yaku="1,1,54,1,53,0" doraHai="134" doraHaiUra="125" who="0" fromWho="1" sc="269,62,211,-42,250,0,250,0" /><INIT seed="0,2,0,2,4,7" ten="331,169,250,250" oya="0" hai0="132,71,17,122,9,134,14,34,70,33,78,114,48" hai1="119,64,25,24,106,135,59,50,42,44,26,86,51" hai2="107,12,23,67,60,129,8,121,28,66,62,83,58" hai3="101,98,111,115,4,124,47,29,80,18,35,87,1"/><T90/><D114/><U15/><E119/><V85/><F121/><W2/><G115/><T102/><D122/><U40/><E135/><N who="0" m="51753" /><D102/><U103/><E106/><V77/><F107/><W37/><G111/><T65/><D78/><U52/><E103/><V72/><F72/><W120/><G120/><T125/><D125/><U110/><E110/><V105/><F105/><W123/><G123/><T32/><D65/><U74/><E74/><V54/><F62/><W27/><G124/><T39/><D39/><U113/><E113/><V63/><F63/><W104/><G4/><T99/><D48/><U84/><E64/><V16/><F129/><W112/><G112/><T116/><D116/><U126/><E126/><V10/><F10/><W3/><G37/><T5/><D5/><U118/><E118/><V127/><F127/><W94/><G104/><T100/><D100/><U95/><E95/><AGARI ba="2,0" hai="9,14,17,32,33,34,70,71,90,95,99" m="51753" machi="95" ten="40,3900,0" yaku="20,1,52,1" doraHai="7" who="0" fromWho="1" sc="331,45,169,-45,250,0,250,0" /><INIT seed="0,3,0,4,2,122" ten="376,124,250,250" oya="0" hai0="127,119,112,34,48,70,102,106,61,28,87,3,129" hai1="12,83,135,54,88,33,43,94,42,130,101,27,19" hai2="2,100,117,41,37,38,62,21,114,26,79,67,110" hai3="66,71,40,56,58,104,20,5,15,69,73,8,86"/><T93/><D48/><U84/><E130/><V77/><F114/><W95/><G73/><T25/><D93/><U91/><E135/><V65/><F2/><W99/><G104/><T123/><D87/><U24/><E101/><V52/><F117/><W131/><G131/><T6/><D127/><U60/><E33/><V7/><F7/><W45/><G20/><T107/><D119/><U49/><E60/><V109/><F100/><W50/><G86/><T0/><D123/><U39/><E39/><V29/><F41/><W51/><G58/><T82/><D82/><U98/><E43/><V30/><F52/><W116/><G116/><T80/><D80/><U118/><E42/><V1/><F1/><W31/><G31/><T23/><D23/><U46/><REACH who="1" step="1"/><E118/><REACH who="1" ten="376,114,250,250" step="2"/><V96/><F37/><W97/><G51/><T35/><D61/><U90/><E90/><V85/><F38/><W133/><G133/><T14/><D102/><U132/><E132/><V81/><F62/><N who="3" m="38215" /><G71/><T59/><D70/><U92/><E92/><V22/><F77/><W72/><G69/><T64/><D35/><U111/><E111/><N who="2" m="42507" /><F96/><W36/><G99/><T11/><D129/><U9/><AGARI ba="3,1" hai="9,12,19,24,27,46,49,54,83,84,88,91,94,98" machi="9" ten="20,12000,2" yaku="1,1,0,1,7,1,25,2,8,1,54,1,53,0" doraHai="122" doraHaiUra="108" who="1" fromWho="1" sc="376,-63,114,139,250,-33,250,-33" /><INIT seed="1,0,0,2,1,96" ten="313,253,217,217" oya="1" hai0="105,1,46,120,14,73,110,67,23,54,59,33,36" hai1="39,101,86,17,112,37,68,19,90,88,122,63,111" hai2="92,100,97,125,89,128,134,44,131,76,5,127,69" hai3="48,20,83,114,58,30,22,77,38,82,2,66,10"/><U0/><E112/><V40/><F69/><W74/><G114/><T24/><D1/><U121/><E0/><V106/><F5/><W43/><G30/><T57/><D73/><U62/><E86/><V118/><F118/><W93/><G93/><T26/><D105/><U64/><E64/><V80/><F44/><W85/><G66/><T34/><D110/><U108/><E68/><V41/><F41/><W79/><G48/><T70/><D14/><U8/><E8/><V109/><F109/><W55/><G55/><T56/><D120/><U123/><E123/><V107/><F40/><W27/><G58/><T60/><D26/><U7/><E7/><V29/><F29/><W25/><G25/><T126/><D126/><N who="2" m="48138" /><F134/><W116/><G27/><T133/><D133/><U47/><E47/><V135/><F135/><W13/><G2/><T32/><D36/><U31/><E31/><V4/><F4/><W53/><G53/><T65/><D65/><U12/><E12/><V61/><F61/><W99/><G116/><T115/><D115/><U42/><E42/><V132/><F132/><W129/><G129/><N who="2" m="49737" /><F89/><W95/><G43/><T104/><D46/><U16/><E17/><V15/><F15/><W75/><G38/><T117/><D117/><U9/><E9/><V71/><F71/><W50/><G10/><T45/><D45/><U49/><E49/><V78/><F78/><W102/><G13/><T35/><D35/><U72/><E121/><V52/><F52/><W81/><G50/><T18/><D54/><U119/><E122/><V103/><F103/><W113/><G113/><RYUUKYOKU ba="0,0" sc="313,10,253,-30,217,10,217,10" hai0="18,23,24,32,33,34,56,57,59,60,67,70,104" hai2="76,80,92,97,100,106,107" hai3="20,22,74,75,77,79,81,82,83,85,95,99,102" /><INIT seed="2,1,0,3,4,99" ten="323,223,227,227" oya="2" hai0="65,34,26,104,66,70,106,94,110,121,108,20,131" hai1="93,101,13,22,47,69,130,57,129,124,120,42,41" hai2="38,11,112,45,53,21,117,105,30,14,40,87,33" hai3="80,15,10,39,56,127,115,83,28,73,114,91,54"/><V62/><F112/><N who="3" m="43051" /><G127/><T3/><D121/><U52/><E69/><V126/><F126/><W67/><G39/><T81/><D131/><N who="1" m="50187" /><E124/><V78/><F105/><W16/><G28/><T32/><D3/><U97/><E120/><V23/><F117/><W9/><G67/><N who="0" m="25611" /><D70/><U118/><E118/><V113/><F113/><W19/><G73/><T88/><D81/><N who="3" m="31305" /><G91/><T134/><D134/><U77/><E77/><V36/><F36/><W64/><G64/><T43/><D43/><U86/><E86/><V90/><F78/><W1/><G1/><T71/><D71/><U116/><E116/><V95/><F33/><W6/><G10/><T96/><D34/><U84/><E84/><V92/><F30/><W79/><G79/><T51/><D51/><AGARI ba="1,0" hai="6,9,15,16,19,51,54,56" m="31305,43051" machi="51" ten="30,2000,0" yaku="11,1,54,1" doraHai="99" who="3" fromWho="0" sc="323,-23,223,0,227,0,227,23" /><INIT seed="3,0,0,3,1,81" ten="300,223,227,250" oya="3" hai0="102,98,104,118,66,122,85,57,32,77,123,35,22" hai1="95,99,112,79,119,7,75,8,30,40,62,83,125" hai2="132,2,20,84,92,74,24,11,80,88,86,1,23" hai3="10,128,47,135,31,48,51,27,69,29,131,45,116"/><W44/><G116/><T37/><D37/><U52/><E112/><V113/><F74/><W90/><G69/><T17/><D118/><U89/><E119/><V103/><F113/><W59/><G59/><T73/><D73/><U55/><E125/><V43/><F132/><W129/><G135/><T25/><D85/><U127/><E127/><V15/><F103/><W42/><G10/><T58/><D77/><U28/><E40/><V96/><F43/><W67/><G67/><T0/><D0/><U65/><E30/><N who="3" m="11274" /><G42/><T19/><D19/><U13/><E28/><N who="2" m="17415" /><F2/><W82/><G27/><T91/><D58/><AGARI ba="0,0" hai="7,8,13,52,55,58,62,65,75,79,83,89,95,99" machi="58" ten="30,2000,0" yaku="7,1,54,1" doraHai="81" who="1" fromWho="0" sc="300,-20,223,20,227,0,250,0" /><INIT seed="4,0,0,0,2,22" ten="280,243,227,250" oya="0" hai0="94,45,76,14,89,2,16,32,106,39,55,47,134" hai1="20,130,10,40,132,133,115,4,1,69,72,12,84" hai2="61,23,107,112,42,109,48,81,67,64,99,26,59" hai3="116,126,98,120,83,118,71,111,97,18,50,122,113"/><T58/><D106/><U119/><E72/><V127/><F112/><W101/><G71/><T21/><D32/><U0/><E119/><N who="3" m="45610" /><G50/><T60/><D134/><N who="1" m="51819" /><E69/><V82/><F109/><W44/><G44/><N who="0" m="16971" /><D2/><N who="1" m="1131" /><E40/><V19/><F127/><W123/><G18/><T28/><D39/><U15/><E84/><V74/><F74/><W88/><G111/><T38/><D38/><U3/><E115/><V93/><F107/><N who="3" m="63919" /><G113/><T57/><D76/><U125/><E125/><V52/><F42/><W77/><G126/><T92/><D89/><U37/><E37/><V90/><REACH who="2" step="1"/><F67/><REACH who="2" ten="280,243,217,250" step="2"/><W17/><G123/><T105/><D105/><U104/><E104/><V36/><F36/><W9/><G122/><T43/><D43/><U51/><E51/><V33/><F33/><W128/><G120/><T135/><D135/><U13/><E130/><V102/><F102/><W46/><G128/><T30/><D58/><AGARI ba="0,1" hai="19,23,26,48,52,58,59,61,64,81,82,90,93,99" machi="58" ten="30,8000,1" yaku="1,1,7,1,8,1,52,1,54,1,53,0" doraHai="22" doraHaiUra="24" who="2" fromWho="0" sc="280,-80,243,0,217,90,250,0" owari="200,-30.0,243,-15.7,307,40.7,250,5.0" /></mjloggm>