<mjloggm ver="2.3"><GO type="225" lobby="0"/><UN n0="%E3%81%99%E3%81%84%E3%81%BE%E3%81%9B%E3%83%BC%E3%82%93" n1="%61%69%73%79%6F" n2="%E3%83%AD%E3%83%83%E3%83%86%E9%9B%80%E7%90%83" n3="%E3%83%8F%E3%82%AC%E3%82%BF%E3%82%AB%E3%81%AE%E3%81%88%E3%81%98%E3%81%8D" dan="16,17,17,16" rate="2084.81,2199.67,2246.46,2175.03" sx="M,M,M,M"/><TAIKYOKU oya="0"/><INIT seed="0,0,0,4,2,126" ten="250,250,250,250" oya="0" hai0="56,83,95,124,18,11,35,77,81,96,31,65,68" hai1="59,24,122,48,27,132,99,85,57,9,22,101,50" hai2="92,80,61,73,15,67,5,93,86,25,71,130,51" hai3="3,62,100,97,66,17,105,0,14,21,33,34,70"/><T133/><D124/><U114/><E132/><V112/><F112/><W116/><REACH who="3" step="1"/><G116/><REACH who="3" ten="250,250,250,240" step="2"/><T102/><D133/><U88/><E114/><V113/><F113/><W36/><G36/><T52/><D68/><U44/><E122/><V43/><F71/><W108/><G108/><T45/><D35/><AGARI ba="0,1" hai="0,3,14,17,21,33,34,35,62,66,70,97,100,105" machi="35" ten="40,2600,0" yaku="21,2,53,0" doraHai="126" doraHaiUra="125" who="3" fromWho="0" sc="250,-26,250,0,250,0,240,36" /><INIT seed="1,0,0,1,3,63" ten="224,250,250,276" oya="1" hai0="83,124,92,82,33,26,39,25,108,85,7,23,56" hai1="130,114,35,91,123,48,71,67,54,86,112,77,3" hai2="16,0,105,47,95,90,65,109,135,106,80,12,101" hai3="30,115,57,76,134,89,6,99,22,75,94,107,45"/><U40/><E123/><V27/><F0/><W9/><G115/><T53/><D108/><U72/><E35/><V36/><F109/><W15/><G134/><T32/><D124/><U79/><E3/><V96/><F135/><W62/><G107/><T133/><D39/><U49/><E130/><V119/><F119/><W13/><G75/><T42/><D42/><U69/><E72/><V10/><F65/><W97/><G76/><T11/><D133/><U24/><E24/><V68/><F68/><W73/><G73/><T87/><D92/><U46/><E77/><V78/><F27/><W125/><G125/><T84/><D33/><U31/><E79/><V14/><F101/><W127/><G127/><T18/><D26/><U61/><E71/><V120/><F120/><W1/><G45/><T8/><D32/><U55/><E31/><V131/><F131/><W60/><G60/><T59/><D59/><U52/><REACH who="1" step="1"/><E49/><REACH who="1" ten="224,240,250,276" step="2"/><V121/><F121/><W104/><G30/><T43/><D25/><U38/><E38/><V5/><F36/><W29/><G29/><T4/><D83/><AGARI ba="0,1" hai="40,46,48,52,54,55,61,67,69,83,86,91,112,114" machi="83" ten="40,12000,1" yaku="1,1,52,1,54,1,53,2" doraHai="63" doraHaiUra="111" who="1" fromWho="0" sc="224,-120,240,130,250,0,276,0" /><INIT seed="1,1,0,5,4,86" ten="104,370,250,276" oya="1" hai0="15,20,92,31,73,28,128,51,34,59,4,133,13" hai1="111,68,11,103,89,101,9,17,18,131,81,110,37" hai2="125,113,8,124,70,93,36,12,23,27,106,21,118" hai3="117,105,7,122,45,107,102,79,84,29,24,43,91"/><U104/><E37/><V16/><F106/><W61/><G122/><T123/><D73/><U26/><E68/><V32/><F36/><W75/><G117/><T5/><D123/><U54/><E131/><V10/><F70/><W82/><G7/><T130/><D133/><U42/><E42/><V126/><F118/><W6/><G6/><N who="0" m="2667" /><D59/><U56/><E104/><V112/><F93/><W60/><G107/><T85/><D51/><U33/><E33/><V97/><F97/><W94/><G45/><T0/><D85/><N who="1" m="50351" /><E26/><V83/><F83/><W41/><G41/><T57/><D92/><U76/><E76/><V119/><F32/><W129/><G43/><T77/><D77/><U66/><E66/><V108/><F108/><N who="1" m="41513" /><E9/><N who="2" m="3691" /><F119/><W46/><G46/><T35/><D0/><U69/><E11/><V80/><F80/><W49/><G129/><N who="0" m="49771" /><D20/><U50/><E69/><V63/><F63/><W98/><G49/><T47/><D47/><U1/><E1/><V53/><F53/><W134/><G134/><T2/><D2/><U48/><E48/><V96/><F96/><W44/><G44/><T71/><D71/><U38/><E38/><V64/><F64/><W78/><G78/><T109/><D109/><U88/><E88/><V132/><F132/><W67/><G67/><T22/><D57/><U65/><E65/><V40/><F40/><W95/><G94/><T52/><D52/><U30/><E50/><V74/><F74/><W127/><G61/><T121/><D121/><U3/><E54/><V99/><F99/><W62/><G62/><T100/><D35/><U58/><E3/><RYUUKYOKU ba="1,0" sc="104,-10,370,-10,250,30,276,-10" hai2="12,16,21,23,27,112,113,124,125,126" /><INIT seed="2,2,0,2,0,33" ten="94,360,280,266" oya="2" hai0="63,35,8,66,119,59,24,102,49,62,92,39,65" hai1="121,115,108,38,17,10,106,69,2,5,126,79,111" hai2="28,26,103,76,54,3,40,93,112,130,61,117,124" hai3="104,113,0,67,90,42,91,105,11,14,19,84,127"/><V122/><F117/><W73/><G73/><T43/><D119/><U85/><E115/><V21/><F112/><W101/><G113/><T36/><D8/><U6/><E106/><V100/><F122/><W88/><G127/><T89/><D102/><U134/><E69/><V131/><F124/><W128/><G128/><N who="2" m="49193" /><F40/><W82/><G42/><T94/><D35/><U74/><E38/><N who="0" m="14377" /><D24/><U118/><E74/><V20/><F76/><W58/><G0/><T71/><D94/><U4/><E134/><V46/><F21/><W78/><REACH who="3" step="1"/><G101/><REACH who="3" ten="94,360,280,256" step="2"/><T95/><D89/><U41/><E126/><V96/><F3/><W75/><G75/><T116/><D116/><U50/><E118/><V64/><F103/><W80/><G80/><T60/><D95/><U86/><E121/><V109/><F100/><W18/><G18/><T45/><D92/><U133/><E17/><V120/><F93/><W70/><G70/><N who="0" m="42279" /><D62/><AGARI ba="2,1" hai="11,14,19,58,62,67,78,82,84,88,90,91,104,105" machi="62" ten="40,2600,0" yaku="1,1,54,1,53,0" doraHai="33" doraHaiUra="125" who="3" fromWho="0" sc="94,-32,360,0,280,0,256,42" /><INIT seed="3,0,0,4,1,102" ten="62,360,280,298" oya="3" hai0="82,4,30,80,91,120,133,14,122,19,77,112,59" hai1="46,9,39,20,22,73,86,49,54,24,5,75,65" hai2="71,103,101,42,107,118,72,111,113,88,97,43,28" hai3="96,79,38,44,61,125,47,60,35,0,67,83,106"/><W50/><G0/><T81/><D4/><U92/><E22/><V121/><F118/><W132/><G35/><T94/><D30/><U70/><E39/><V7/><F113/><W33/><G33/><T48/><D112/><U119/><E119/><V55/><F111/><W27/><G27/><T68/><D68/><U25/><E25/><V130/><F130/><W18/><G125/><T57/><D133/><U52/><E65/><V110/><F110/><W98/><G132/><T34/><D34/><U114/><E70/><V90/><F121/><W99/><G38/><T1/><D1/><U62/><E62/><V123/><F123/><W117/><G117/><T135/><D135/><U89/><E54/><V115/><F72/><W32/><G32/><T69/><D69/><U53/><E53/><V74/><F74/><W41/><G47/><T64/><D122/><U12/><E114/><V2/><F71/><W16/><G106/><T63/><D120/><U8/><E8/><V100/><F115/><W116/><G116/><T31/><D31/><AGARI ba="0,0" hai="5,9,12,20,24,31,46,49,52,73,75,86,89,92" machi="31" ten="30,2000,0" yaku="7,1,54,1" doraHai="102" who="1" fromWho="0" sc="62,-20,360,20,280,0,298,0" owari="42,-45.8,380,48.0,280,-12.0,298,9.8" /></mjloggm>