<mjloggm ver="2.3"><GO type="225" lobby="0"/><UN n0="%E4%BF%BA%E3%81%A8%E5%A6%96%E5%A4%A2" n1="%E3%81%82%E3%81%99%E3%81%AB%E3%82%83%E3%82%80" n2="%E3%82%BC%E3%83%AB%E3%83%80%E3%81%AE%E4%BC%9D%E8%AA%AC" n3="%E3%81%8B%E3%82%8F%E3%81%A1%E3%82%83%E3%82%93%35%38" dan="17,16,17,17" rate="2178.86,2098.53,2219.45,2227.35" sx="F,F,M,M"/><TAIKYOKU oya="0"/><INIT seed="0,0,0,3,3,30" ten="250,250,250,250" oya="0" hai0="10,72,120,33,97,40,103,101,86,21,134,59,3" hai1="130,45,124,49,90,53,60,23,91,22,9,32,42" hai2="63,78,82,20,121,77,84,98,56,52,46,128,131" hai3="27,118,68,7,24,116,29,15,14,19,117,111,12"/><T5/><D120/><U61/><E130/><N who="2" m="49707" /><F121/><W99/><G99/><T108/><D72/><U112/><E124/><V106/><F20/><N who="1" m="7721" /><E32/><V73/><F46/><W81/><G81/><T51/><D134/><U132/><E132/><V76/><F73/><W57/><G57/><T50/><D108/><U55/><E112/><V43/><F43/><W115/><G68/><T39/><D33/><U26/><E26/><N who="3" m="9770" /><G29/><T2/><D59/><U11/><E42/><V75/><F75/><W127/><G115/><T41/><D86/><U28/><E28/><V34/><F34/><W100/><G100/><AGARI ba="0,0" hai="52,56,63,76,77,78,82,84,98,100,106" m="49707" machi="100" ten="30,2000,0" yaku="19,1,54,1" doraHai="30" who="2" fromWho="3" sc="250,0,250,0,250,20,250,-20" /><INIT seed="1,0,0,5,3,55" ten="250,250,270,230" oya="1" hai0="4,85,107,80,26,122,84,116,68,1,45,65,23" hai1="131,16,43,105,31,104,61,66,24,22,86,39,134" hai2="34,94,19,113,70,50,15,49,30,67,36,114,37" hai3="8,126,91,9,5,88,79,38,101,99,95,109,135"/><U53/><E134/><V133/><F133/><W129/><G38/><T127/><D116/><U130/><E53/><V119/><F119/><W69/><G69/><T82/><D107/><U3/><E3/><V100/><F37/><W44/><G135/><T97/><D97/><U40/><E86/><V78/><F36/><W0/><G79/><T17/><D127/><U112/><E112/><N who="2" m="43115" /><F78/><W108/><G126/><T52/><D122/><U54/><E54/><V63/><F100/><W98/><G129/><N who="1" m="49162" /><E31/><V121/><F94/><W115/><G115/><T25/><D65/><U96/><E96/><V77/><F77/><W124/><G124/><T72/><D72/><U51/><E51/><V120/><F50/><W71/><G71/><T20/><D68/><N who="1" m="42063" /><E39/><V47/><F49/><W64/><G64/><T74/><D45/><U76/><E76/><V27/><F47/><W60/><G60/><T92/><D52/><U42/><AGARI ba="0,0" hai="16,22,24,40,42,43,104,105" m="42063,49162" machi="42" ten="30,3000,0" yaku="19,1,54,1" doraHai="55" who="1" fromWho="1" sc="250,-10,250,30,270,-10,230,-10" /><INIT seed="1,1,0,0,3,83" ten="240,280,260,220" oya="1" hai0="50,51,81,84,32,116,124,133,123,102,60,8,9" hai1="114,57,34,128,96,36,85,108,43,29,65,72,101" hai2="19,55,39,35,98,131,0,129,94,3,7,109,121" hai3="40,62,49,31,38,37,30,82,125,100,80,103,28"/><U122/><E72/><V33/><F39/><W12/><G125/><T54/><D116/><U105/><E114/><V104/><F104/><W132/><G132/><T11/><D133/><U74/><E74/><V71/><F71/><W110/><G110/><T58/><D124/><U75/><E75/><V44/><F121/><W1/><G1/><T90/><D123/><U16/><E122/><V79/><F109/><W95/><G38/><T120/><D120/><U52/><E108/><V130/><F79/><W135/><G37/><T20/><D32/><N who="2" m="12362" /><F7/><W4/><G135/><T89/><D102/><N who="3" m="38953" /><G62/><T2/><D2/><N who="2" m="554" /><F19/><W66/><G66/><T26/><REACH who="0" step="1"/><D89/><REACH who="0" ten="230,280,260,220" step="2"/><U86/><E34/><V61/><F131/><W48/><G95/><T13/><D13/><U92/><E128/><V56/><F94/><W24/><G24/><T115/><D115/><U45/><E105/><V113/><F113/><W119/><G119/><T106/><D106/><U88/><E88/><V22/><F130/><W70/><G12/><T17/><AGARI ba="1,1" hai="8,9,11,17,20,26,50,51,54,58,60,81,84,90" machi="17" ten="30,8000,1" yaku="1,1,0,1,8,1,52,1,53,1" doraHai="83" doraHaiUra="76" who="0" fromWho="0" sc="230,93,280,-41,260,-21,220,-21" /><INIT seed="2,0,0,4,4,68" ten="323,239,239,199" oya="2" hai0="99,105,57,124,88,33,14,11,126,47,84,17,127" hai1="62,1,49,78,122,87,43,25,108,36,93,121,31" hai2="98,109,16,12,24,2,22,20,89,90,38,60,18" hai3="3,0,19,58,51,80,129,91,7,92,10,69,107"/><V32/><F2/><W79/><G129/><T64/><D33/><U9/><E108/><V101/><F109/><W119/><G0/><T28/><D28/><U73/><E49/><V111/><F111/><W120/><G69/><T13/><D47/><N who="1" m="24039" /><E62/><V81/><F38/><W4/><G4/><T65/><D57/><U132/><E132/><V56/><F81/><W83/><G107/><T44/><D44/><U82/><E87/><V63/><F63/><W95/><G119/><T34/><D34/><N who="1" m="20847" /><E93/><N who="2" m="58575" /><F32/><W45/><G120/><T103/><REACH who="0" step="1"/><D14/><REACH who="0" ten="313,239,239,199" step="2"/><U110/><E110/><V74/><F74/><W61/><G58/><T5/><D5/><AGARI ba="0,1" hai="1,5,9,73,78,82,121,122" m="20847,24039" machi="5" ten="30,3900,0" yaku="25,1,23,1,52,1" doraHai="68" who="1" fromWho="0" sc="313,-39,239,49,239,0,199,0" /><INIT seed="3,0,0,5,0,72" ten="274,288,239,199" oya="3" hai0="98,7,62,25,57,12,95,53,88,40,115,1,66" hai1="61,109,103,123,11,83,89,45,21,35,0,18,56" hai2="49,31,86,28,113,90,30,78,114,76,91,34,130" hai3="63,27,26,4,20,68,124,112,125,8,108,69,93"/><W48/><G112/><T10/><D115/><N who="2" m="44042" /><F86/><W67/><G108/><T51/><D25/><U132/><E35/><V58/><F58/><W110/><G110/><T47/><D1/><U70/><E109/><V71/><F49/><W36/><G36/><T2/><D2/><U59/><E123/><V134/><F34/><W19/><G68/><T5/><D5/><U14/><E132/><V119/><F71/><W60/><G60/><T54/><AGARI ba="0,0" hai="7,10,12,40,47,51,53,54,57,62,66,88,95,98" machi="54" ten="30,4000,0" yaku="0,1,8,1,54,1" doraHai="72" who="0" fromWho="0" sc="274,40,288,-10,239,-10,199,-20" owari="314,41.4,278,7.8,229,-17.1,179,-32.1" /></mjloggm>