<mjloggm ver="2.3"><GO type="225" lobby="0"/><UN n0="%E3%83%81%E3%83%AF%E3%83%AF%E9%9A%8A%E9%95%B7" n1="%E5%B8%86%E7%AB%8B%E5%A4%8F%E8%A1%A3" n2="%E3%82%89%E3%81%84%E3%81%B5%E3%81%8C%E3%83%BC%E3%81%A9%E3%81%99%E3%81%8D" n3="%E4%BA%BA%E9%96%93%E3%83%81%E3%83%A3%E3%83%BC%E3%83%8F%E3%83%B3" dan="16,16,17,16" rate="2121.57,2129.64,2188.54,2120.55" sx="M,M,M,M"/><TAIKYOKU oya="0"/><INIT seed="0,0,0,4,4,11" ten="250,250,250,250" oya="0" hai0="126,80,5,24,60,30,93,50,84,71,1,111,100" hai1="120,18,82,88,92,124,115,61,63,116,78,44,37" hai2="68,39,102,135,6,52,101,75,104,29,70,127,47" hai3="12,16,74,3,105,133,130,17,28,62,91,31,14"/><T73/><D126/><U0/><E116/><V46/><F75/><W87/><G74/><T59/><D111/><U38/><E120/><V22/><F104/><W49/><G105/><T90/><D71/><U64/><E0/><V32/><F32/><W96/><G3/><T110/><D110/><U36/><E124/><V65/><F6/><W19/><G130/><T112/><D112/><U72/><E115/><V131/><F22/><N who="3" m="11527" /><G133/><T128/><D128/><U119/><E119/><V94/><F29/><N who="3" m="11339" /><G96/><T132/><D132/><U108/><E108/><V86/><F39/><W21/><G49/><T23/><D73/><U54/><E18/><V76/><F70/><W134/><G134/><T56/><D1/><U51/><REACH who="1" step="1"/><E64/><REACH who="1" ten="250,240,250,250" step="2"/><V4/><F65/><W10/><G19/><T53/><D5/><U125/><E125/><V35/><F4/><W117/><G117/><T85/><D30/><U45/><E45/><V42/><F46/><W95/><G62/><T89/><D60/><U40/><E40/><V48/><F42/><W55/><G55/><T25/><D53/><U107/><E107/><V113/><F113/><W13/><G10/><T114/><D114/><U79/><E79/><V99/><F127/><W98/><G98/><AGARI ba="0,1" hai="36,37,38,44,51,54,61,63,72,78,82,88,92,98" machi="98" ten="40,8000,1" yaku="1,1,54,1,53,3" doraHai="11" doraHaiUra="69" who="1" fromWho="3" sc="250,0,240,90,250,0,250,-80" /><INIT seed="1,0,0,4,3,129" ten="250,330,250,170" oya="1" hai0="86,71,23,15,37,4,27,48,109,92,101,72,1" hai1="51,80,83,90,54,52,84,38,31,133,65,47,87" hai2="2,96,116,102,35,45,58,50,29,39,18,128,82" hai3="9,135,81,126,16,6,69,70,131,79,34,118,17"/><U68/><E133/><V95/><F116/><W99/><G118/><T93/><D72/><U25/><E38/><V66/><F128/><W19/><G34/><T62/><D37/><U0/><E0/><V13/><F2/><W44/><G131/><T127/><D1/><U55/><E65/><V97/><F39/><W103/><G44/><T110/><D127/><U60/><E60/><N who="2" m="38167" /><F35/><W61/><G126/><T78/><D71/><U26/><E68/><V107/><F107/><W75/><G61/><T57/><D48/><U56/><E56/><V108/><F108/><N who="0" m="41578" /><D101/><U85/><E85/><V104/><F104/><W94/><REACH who="3" step="1"/><G135/><REACH who="3" ten="250,330,250,160" step="2"/><T21/><D62/><U113/><E113/><V76/><F45/><W77/><G77/><T11/><D78/><N who="1" m="46103" /><E31/><V115/><F29/><W5/><G5/><T130/><D4/><U117/><E117/><V12/><F76/><W112/><G112/><T105/><D130/><U30/><E30/><V53/><F115/><W10/><G10/><T73/><D11/><U120/><E120/><V46/><F46/><W36/><G36/><T98/><D57/><U119/><E119/><V22/><F50/><W121/><G121/><T123/><D123/><U42/><AGARI ba="0,1" hai="25,26,42,47,51,52,54,55,83,87,90" m="46103" machi="42" ten="30,3000,0" yaku="8,1,54,1" doraHai="129" who="1" fromWho="1" sc="250,-10,330,40,250,-10,160,-10" /><INIT seed="1,1,0,0,5,65" ten="240,370,240,150" oya="1" hai0="127,123,111,10,117,50,53,56,109,33,59,42,80" hai1="120,91,55,49,103,23,93,116,134,9,90,69,37" hai2="108,82,27,113,122,51,62,85,32,58,131,20,130" hai3="105,19,14,35,48,39,21,125,57,15,121,5,126"/><U94/><E116/><V26/><F122/><W40/><G121/><T16/><D123/><U75/><E75/><V8/><F108/><N who="0" m="41546" /><D117/><U99/><E37/><V104/><F104/><W73/><G73/><T54/><D33/><U44/><E120/><V129/><F113/><W92/><G105/><T31/><D127/><N who="3" m="48649" /><G35/><T18/><D31/><U107/><E134/><V63/><F8/><N who="3" m="4367" /><G39/><T6/><D42/><U118/><E118/><V38/><F38/><W17/><G92/><T68/><D80/><U101/><E107/><V11/><F11/><N who="3" m="6399" /><G40/><T13/><D68/><U74/><E69/><V66/><F32/><W110/><G110/><T77/><D77/><U86/><E74/><V0/><F131/><W128/><G128/><T84/><D84/><U52/><E9/><V12/><F85/><W72/><G72/><T96/><D96/><U71/><E71/><V46/><F130/><W87/><G87/><T41/><D41/><U30/><E103/><V119/><F119/><W43/><G43/><T2/><D2/><U34/><E101/><V98/><F0/><W102/><G102/><T22/><D22/><U4/><E34/><V79/><F98/><W88/><G88/><T29/><D29/><U78/><E78/><V115/><F129/><W135/><G135/><T100/><D100/><U112/><E91/><V97/><F97/><W45/><G57/><T3/><D3/><U28/><E99/><V7/><F79/><W61/><G61/><AGARI ba="1,0" hai="6,10,13,16,18,50,53,54,56,59,61" m="41546" machi="61" ten="30,2000,0" yaku="14,1,54,1" doraHai="65" who="0" fromWho="3" sc="240,23,370,0,240,0,150,-23" /><INIT seed="2,0,0,1,2,75" ten="263,370,240,127" oya="2" hai0="45,67,91,16,5,41,99,85,37,29,135,92,53" hai1="7,132,117,118,116,114,46,105,111,20,109,52,128" hai2="43,62,18,24,124,95,57,113,89,108,130,17,72" hai3="48,69,110,76,101,56,1,125,107,104,9,93,8"/><V23/><F113/><W65/><G69/><T94/><D135/><U35/><E114/><V26/><F124/><W96/><G125/><T102/><D67/><U44/><E132/><V36/><F130/><W11/><G1/><T74/><D74/><U112/><E112/><V39/><F108/><N who="1" m="41545" /><E128/><V78/><F43/><W100/><G110/><T51/><D29/><U28/><E105/><V123/><F123/><W133/><G133/><T30/><D30/><U81/><E35/><V71/><F71/><W98/><G93/><T25/><D5/><U87/><E7/><V115/><F115/><W73/><G65/><T32/><D32/><U14/><E52/><V6/><F6/><W82/><G56/><T77/><D77/><N who="1" m="46511" /><E14/><V97/><F24/><AGARI ba="0,0" hai="20,24,28,44,46,116,117,118" m="46511,41545" machi="24" ten="40,2600,0" yaku="14,1,52,1" doraHai="75" who="1" fromWho="2" sc="263,0,370,26,240,-26,127,0" /><INIT seed="3,0,0,5,1,105" ten="263,396,214,127" oya="3" hai0="87,108,100,56,71,13,59,98,86,85,47,107,109" hai1="15,4,96,131,9,120,93,32,124,101,8,76,18" hai2="11,55,67,5,94,99,52,61,66,26,38,70,40" hai3="21,10,97,121,113,129,31,35,77,111,34,36,22"/><W0/><G113/><T17/><D71/><U116/><E32/><N who="3" m="12330" /><G97/><T69/><D69/><U92/><E116/><V122/><F122/><W62/><G77/><T79/><D79/><U95/><E120/><V46/><F26/><N who="3" m="16847" /><G121/><T53/><D47/><U25/><E76/><V27/><F27/><W50/><G36/><T89/><D89/><U103/><E103/><V63/><F63/><W90/><G90/><T7/><D7/><U20/><E131/><V112/><F67/><W84/><G84/><T30/><D30/><U119/><E119/><V126/><F112/><W51/><G62/><T43/><D43/><U48/><E48/><V117/><F117/><W57/><G57/><T74/><D74/><U33/><E93/><V49/><F38/><W115/><G115/><T127/><D59/><U54/><E95/><V24/><F24/><W78/><G78/><T37/><D37/><U135/><E92/><V12/><F126/><W88/><G129/><T2/><D127/><U3/><E124/><V125/><F125/><W75/><G75/><T123/><D123/><U23/><E96/><V104/><F104/><W82/><G111/><T44/><D44/><U1/><E101/><AGARI ba="0,0" hai="5,11,12,40,46,49,52,55,61,66,70,94,99,101" machi="101" ten="30,2000,0" yaku="7,1,54,1" doraHai="105" who="2" fromWho="1" sc="263,0,396,-20,214,20,127,0" owari="263,6.3,376,47.6,234,-16.6,127,-37.3" /></mjloggm>