<mjloggm ver="2.3"><GO type="225" lobby="0"/><UN n0="%E5%B8%86%E7%AB%8B%E5%A4%8F%E8%A1%A3" n1="%E3%81%82%E3%81%84%E3%81%82%E3%81%8A%E3%81%84" n2="%E7%BD%AA%E5%88%91%E6%B3%95%E5%AE%9A%E4%B8%BB%E7%BE%A9" n3="%48%61%61%61%6C%61%6E%64" dan="16,18,16,17" rate="2121.28,2197.58,2161.70,2147.23" sx="M,M,M,M"/><TAIKYOKU oya="0"/><INIT seed="0,0,0,5,2,65" ten="250,250,250,250" oya="0" hai0="128,37,61,89,132,69,122,80,101,118,68,82,42" hai1="50,13,120,71,97,119,56,104,111,127,43,41,130" hai2="47,88,113,129,7,67,95,103,6,78,31,134,86" hai3="10,116,115,74,57,23,121,11,5,81,94,64,9"/><T99/><D118/><U53/><E120/><V49/><F113/><W1/><G115/><T114/><D122/><U18/><E119/><V62/><F134/><W131/><G116/><T106/><D114/><U96/><E111/><V59/><F129/><W15/><G121/><T48/><D128/><U52/><E130/><V33/><F78/><W135/><G131/><T44/><D132/><U58/><E127/><V77/><F77/><W126/><G135/><T98/><D37/><U22/><E71/><V45/><F45/><W26/><G126/><T92/><REACH who="0" step="1"/><D61/><REACH who="0" ten="240,250,250,250" step="2"/><N who="1" m="35975" /><E104/><V109/><F109/><W28/><G1/><T30/><D30/><U110/><E110/><V20/><F33/><W87/><G74/><T84/><D84/><U55/><E55/><N who="2" m="30143" /><F103/><W60/><REACH who="3" step="1"/><G94/><REACH who="3" ten="240,250,250,240" step="2"/><T32/><D32/><U93/><E93/><V54/><F67/><W16/><G16/><T25/><D25/><AGARI ba="0,2" hai="6,7,20,25,31,54,59,62,86,88,95" m="30143" machi="25" ten="30,2000,0" yaku="8,1,54,1" doraHai="65" who="2" fromWho="0" sc="240,-20,250,0,250,40,240,0" /><INIT seed="1,0,0,0,0,59" ten="220,250,290,240" oya="1" hai0="60,64,129,82,58,51,127,3,9,17,107,40,65" hai1="14,81,35,100,133,46,62,70,86,5,49,45,24" hai2="63,66,15,67,106,104,41,85,28,103,75,126,134" hai3="114,72,95,69,135,105,98,120,80,116,47,39,4"/><U94/><E133/><V6/><F75/><W99/><G4/><T50/><D127/><U76/><E35/><V79/><F134/><W26/><G26/><T54/><D107/><U42/><E24/><V61/><F126/><W73/><G47/><N who="0" m="25959" /><D3/><U29/><E29/><V38/><F28/><W96/><G69/><T32/><D32/><U78/><E78/><V131/><F131/><W109/><G39/><T74/><D74/><N who="3" m="28777" /><G135/><T88/><D129/><U77/><E77/><V97/><F106/><W16/><G120/><T115/><D115/><U30/><E30/><V83/><F41/><W123/><G123/><T2/><D2/><U122/><E122/><V84/><F84/><W112/><G116/><T111/><D111/><U37/><E5/><V91/><F38/><W101/><G109/><T0/><D0/><U12/><E100/><V48/><F48/><W18/><G18/><T7/><D7/><U52/><REACH who="1" step="1"/><E94/><REACH who="1" ten="220,240,290,240" step="2"/><V110/><F110/><W121/><G121/><T71/><D17/><U92/><E92/><V44/><F79/><W56/><G16/><T124/><D124/><U87/><E87/><V128/><F128/><W55/><G105/><T117/><D117/><U113/><E113/><N who="3" m="43626" /><G80/><T90/><D82/><U108/><E108/><V118/><F118/><W27/><G27/><T11/><D90/><U34/><E34/><V13/><F6/><W43/><G101/><T36/><D88/><U130/><E130/><V93/><F104/><W1/><G95/><T22/><D36/><U25/><E25/><V33/><F33/><W8/><G1/><T10/><D22/><RYUUKYOKU ba="0,1" sc="220,15,240,15,290,-15,240,-15" hai0="9,10,11,51,54,58,60,64,65,71" hai1="12,14,37,42,45,46,49,52,62,70,76,81,86" /><INIT seed="1,1,1,4,4,18" ten="235,255,275,225" oya="1" hai0="8,4,68,111,104,98,132,53,29,115,13,23,134" hai1="91,70,83,109,14,88,90,75,93,119,16,79,30" hai2="78,103,127,76,31,2,95,12,94,129,27,57,15" hai3="121,21,52,48,92,0,63,69,113,25,72,110,26"/><U32/><E119/><V133/><F2/><W107/><G121/><T58/><D115/><U117/><E117/><V55/><F127/><W102/><G113/><T35/><D35/><U128/><E70/><V43/><F129/><W81/><G0/><T33/><D68/><U9/><E128/><V122/><F122/><W41/><G107/><T97/><D33/><U46/><E109/><V82/><F133/><N who="0" m="51306" /><D111/><U100/><E46/><V17/><F43/><W105/><G105/><T1/><D104/><U73/><E73/><V86/><F78/><W123/><G123/><T116/><D116/><U10/><E100/><V126/><F126/><W101/><G110/><T47/><D47/><U38/><E38/><V61/><F103/><W99/><G102/><T77/><D77/><U42/><E42/><V85/><F85/><W118/><G118/><T6/><D6/><U84/><REACH who="1" step="1"/><E9/><REACH who="1" ten="235,245,275,225" step="2"/><V74/><F74/><W34/><G41/><T51/><D1/><U108/><E108/><V50/><F57/><N who="3" m="32903" /><G72/><T87/><D58/><U36/><E36/><V64/><F64/><W96/><G69/><T5/><D53/><U124/><E124/><V3/><F55/><W114/><G101/><T125/><D125/><U22/><E22/><V65/><F65/><W59/><G21/><T54/><D23/><U56/><E56/><V62/><F62/><W60/><G60/><T45/><D54/><U89/><E89/><V37/><F37/><W39/><G39/><T80/><D8/><U67/><E67/><V130/><F61/><W19/><G59/><T7/><D45/><U66/><E66/><RYUUKYOKU ba="1,2" sc="235,-10,245,30,275,-10,225,-10" hai1="10,14,16,30,32,75,79,83,84,88,90,91,93" /><INIT seed="1,2,2,4,2,107" ten="225,275,265,215" oya="1" hai0="116,19,128,108,97,53,75,52,27,91,62,86,88" hai1="29,134,129,13,77,46,41,57,123,54,9,7,120" hai2="47,18,44,105,56,69,12,50,126,125,8,23,30" hai3="34,58,22,65,106,93,14,81,70,132,43,63,3"/><U130/><E134/><V119/><F105/><W6/><G106/><T102/><D116/><U110/><E29/><V68/><F119/><W76/><G34/><T122/><D75/><U112/><E112/><V131/><F56/><W127/><G132/><T0/><D0/><U5/><E5/><N who="2" m="3087" /><F30/><W133/><G133/><T66/><D108/><U67/><E67/><V71/><F50/><W74/><G127/><N who="2" m="48649" /><F131/><N who="1" m="50185" /><E77/><V101/><F101/><W20/><G3/><T104/><D122/><U36/><E110/><V35/><F35/><W24/><G70/><N who="2" m="17921" /><V99/><DORA hai="11" /><F99/><W55/><G65/><T31/><D31/><U115/><E115/><V90/><F90/><W96/><G63/><AGARI ba="2,2" hai="7,9,13,36,41,46,54,57,63,120,123" m="50185" machi="63" ten="30,2900,0" yaku="19,1,52,1" doraHai="107,11" who="1" fromWho="3" sc="225,0,275,55,265,0,215,-35" /><INIT seed="1,3,0,0,0,129" ten="225,330,265,180" oya="1" hai0="91,88,15,67,85,93,95,83,77,112,5,12,71" hai1="32,92,64,45,109,134,41,75,18,28,47,66,132" hai2="101,11,126,53,2,79,6,76,111,3,87,116,17" hai3="89,34,30,29,60,135,8,46,125,23,103,58,98"/><U99/><E75/><V105/><F116/><W69/><G125/><T133/><D133/><N who="1" m="51307" /><E109/><V106/><F126/><W110/><G135/><T122/><D122/><U118/><E118/><V57/><F111/><W121/><G121/><T0/><D112/><U70/><E18/><V37/><F37/><W65/><G110/><T96/><D71/><U73/><E73/><V14/><F3/><W84/><G34/><T52/><D67/><N who="1" m="25643" /><E70/><V131/><F131/><W124/><G124/><T128/><D128/><U13/><E13/><V40/><F40/><W130/><G130/><T123/><D123/><U68/><E68/><V127/><F127/><W100/><G69/><T107/><D107/><U63/><E63/><V78/><F106/><W16/><G8/><T33/><D33/><U19/><E19/><V90/><F105/><W36/><G29/><T82/><D0/><U117/><E117/><V56/><F2/><W120/><G30/><T43/><D5/><U61/><E61/><V74/><F74/><W48/><G120/><T49/><D43/><U54/><E54/><V9/><F53/><N who="3" m="29847" /><G36/><T81/><D77/><U97/><E41/><V62/><F62/><W31/><G31/><T38/><D38/><U102/><E99/><V42/><F42/><W115/><G98/><T39/><D39/><U119/><E119/><V4/><F17/><W80/><G115/><T51/><D51/><U59/><E59/><AGARI ba="3,0" hai="12,15,49,52,59,81,82,83,85,88,91,93,95,96" machi="59" ten="40,5200,0" yaku="8,1,54,2" doraHai="129" who="0" fromWho="1" sc="225,61,330,-61,265,0,180,0" /><INIT seed="2,0,0,1,5,0" ten="286,269,265,180" oya="2" hai0="58,100,97,25,3,74,26,79,110,52,106,113,105" hai1="82,80,17,77,91,35,95,109,121,1,56,43,96" hai2="24,12,20,118,41,42,14,40,89,5,111,45,66" hai3="85,29,88,115,69,123,55,28,78,50,61,75,104"/><V103/><F118/><W93/><G123/><T71/><D113/><U34/><E1/><V127/><F103/><W10/><G115/><T90/><D106/><U130/><E109/><V120/><F120/><W57/><G104/><T73/><D71/><U72/><E121/><V38/><F111/><W76/><G10/><T60/><D110/><U4/><E4/><V37/><F66/><W86/><G75/><T126/><D126/><U81/><E130/><V87/><F127/><W8/><G8/><T92/><D3/><U32/><E43/><V129/><F129/><W27/><G86/><N who="0" m="52311" /><D74/><U67/><REACH who="1" step="1"/><E17/><REACH who="1" ten="286,259,265,180" step="2"/><V134/><F38/><W125/><G125/><T23/><D23/><U30/><E30/><V83/><F134/><W94/><G29/><T46/><D46/><U44/><E44/><V36/><F36/><W119/><G119/><T101/><D101/><U99/><E99/><V54/><F5/><W117/><G117/><T116/><D116/><U6/><E6/><V84/><F37/><W31/><G31/><T128/><D128/><U53/><E53/><V63/><F45/><W49/><G28/><T21/><D21/><U13/><E13/><V16/><F87/><W107/><G27/><T11/><D11/><U135/><E135/><V108/><F108/><W131/><G131/><T98/><D98/><U51/><E51/><V68/><F54/><W133/><G133/><T15/><D15/><U132/><E132/><V7/><F7/><W2/><G2/><T18/><D18/><U48/><E48/><V64/><AGARI ba="0,1" hai="12,14,16,20,24,40,41,42,63,64,68,83,84,89" machi="64" ten="30,3000,0" yaku="0,1,54,1" doraHai="0" who="2" fromWho="2" sc="286,-10,259,-10,265,40,180,-10" /><INIT seed="2,1,0,5,5,126" ten="276,249,305,170" oya="2" hai0="82,32,98,5,92,10,120,128,47,45,41,7,111" hai1="27,59,19,118,73,8,114,84,96,121,91,33,132" hai2="103,58,3,39,88,24,87,23,124,20,52,101,76" hai3="18,57,99,77,122,12,13,72,69,109,78,14,123"/><V110/><F3/><W22/><G69/><T68/><D32/><U25/><E73/><V86/><F39/><W4/><G109/><T117/><D111/><U62/><E114/><V17/><F124/><W79/><G72/><T106/><D106/><U94/><E118/><V50/><F110/><W107/><G57/><T26/><D68/><U130/><E132/><V129/><F129/><W54/><G54/><T35/><D128/><U134/><E134/><V1/><F1/><W56/><G56/><T95/><D117/><U21/><E121/><V131/><F131/><W29/><G29/><T9/><D120/><U90/><E130/><V43/><F43/><W133/><G133/><T63/><D63/><U97/><E8/><V38/><F38/><W71/><G71/><T100/><D35/><U49/><E49/><V65/><F65/><W115/><G115/><T6/><D26/><U61/><E61/><V53/><F53/><W102/><REACH who="3" step="1"/><G4/><REACH who="3" ten="276,249,305,160" step="2"/><T37/><D6/><U11/><E59/><V46/><F58/><W105/><G105/><T135/><D7/><U36/><E62/><V81/><F23/><W74/><G74/><T31/><D135/><U34/><E21/><V0/><F0/><W83/><G83/><AGARI ba="1,1" hai="17,20,24,46,50,52,76,81,83,86,87,88,101,103" machi="83" ten="30,11600,0" yaku="7,1,8,1,54,2" doraHai="126" who="2" fromWho="3" sc="276,0,249,0,305,129,160,-119" /><INIT seed="2,2,0,1,3,26" ten="276,249,434,41" oya="2" hai0="107,106,134,43,9,129,48,78,24,52,92,3,98" hai1="15,83,89,125,25,73,6,84,39,96,94,44,68" hai2="85,55,42,32,71,119,13,102,37,76,117,63,50" hai3="81,104,131,87,41,30,22,20,97,47,54,77,93"/><V126/><F32/><W29/><G131/><T1/><D129/><U116/><E116/><V23/><F102/><W38/><G104/><T66/><D134/><U114/><E114/><V121/><F121/><W95/><G95/><T61/><D78/><U90/><E68/><V60/><F37/><W80/><G54/><T103/><D43/><U35/><E125/><V16/><F42/><W33/><G81/><T105/><D24/><U10/><E73/><V133/><F133/><W86/><G86/><T130/><D130/><U112/><E112/><V132/><F132/><W122/><G122/><T82/><D82/><U7/><E39/><V70/><F70/><W0/><G0/><T36/><D36/><U111/><E111/><V72/><F72/><W57/><G57/><T109/><D109/><U115/><E115/><V128/><F126/><W91/><REACH who="3" step="1"/><G33/><REACH who="3" ten="276,249,434,31" step="2"/><T34/><D34/><U8/><E35/><V49/><F128/><W113/><G113/><T124/><D124/><U62/><E84/><V75/><F85/><W56/><G56/><T110/><D110/><U88/><E83/><V51/><F55/><W79/><G79/><T4/><D3/><U40/><E94/><V135/><F76/><W120/><G120/><T69/><D106/><U127/><E127/><V123/><F123/><W2/><G2/><T27/><D107/><U118/><E89/><V28/><F135/><W74/><G74/><T59/><D105/><U21/><E90/><V67/><F75/><W31/><AGARI ba="2,1" hai="20,22,29,30,31,38,41,47,77,80,87,91,93,97" machi="31" ten="30,8000,1" yaku="1,1,0,1,52,3,53,0" doraHai="26" doraHaiUra="64" who="3" fromWho="3" sc="276,-22,249,-22,434,-42,31,96" /><INIT seed="3,0,0,1,3,23" ten="254,227,392,127" oya="3" hai0="69,3,67,52,127,124,1,7,89,88,79,4,57" hai1="20,66,118,99,35,55,53,87,78,24,38,105,64" hai2="114,8,74,117,6,82,40,134,25,14,116,15,76" hai3="107,56,18,104,58,101,72,44,108,51,60,97,115"/><W91/><G115/><T54/><D79/><U21/><E38/><V12/><F114/><W22/><G108/><T70/><D57/><U133/><E35/><V39/><F25/><W131/><G131/><T9/><D9/><U0/><E0/><N who="2" m="71" /><F134/><W49/><G72/><T30/><D67/><N who="1" m="25643" /><E105/><V62/><F62/><W28/><G28/><AGARI ba="0,0" hai="1,3,4,7,28,30,52,54,69,70,88,89,124,127" machi="28" ten="25,6400,0" yaku="22,2,54,2" doraHai="23" who="0" fromWho="3" sc="254,64,227,0,392,0,127,-64" owari="318,11.8,227,-17.3,392,49.2,63,-43.7" /></mjloggm>