<mjloggm ver="2.3"><GO type="225" lobby="0"/><UN n0="%E6%98%93%E5%88%A9%E8%96%A9%E4%BC%AF" n1="%E5%AE%AE%E4%BF%9D%E9%B6%8F%E8%82%89" n2="%E3%81%AF%E3%82%88%E3%81%8A%E3%81%98%E3%81%95%E3%82%93" n3="%33%73%74%72%69%6B%65%73" dan="16,16,16,16" rate="2131.66,2092.58,2167.94,2115.05" sx="F,M,M,M"/><TAIKYOKU oya="0"/><INIT seed="0,0,0,3,1,122" ten="250,250,250,250" oya="0" hai0="76,26,67,74,42,45,5,65,28,114,81,98,85" hai1="51,48,3,84,89,75,17,66,129,50,132,61,134" hai2="133,6,56,77,71,121,68,128,118,57,62,40,43" hai3="33,8,79,102,108,104,123,15,35,36,52,96,19"/><T112/><D98/><U7/><E75/><V109/><F6/><W101/><G123/><T14/><D74/><U55/><E129/><V58/><F77/><W24/><G79/><T34/><D114/><U80/><E3/><V126/><F121/><W9/><G36/><T21/><D112/><U38/><E7/><V131/><F126/><W25/><G108/><T0/><D0/><U99/><E38/><V39/><F133/><N who="1" m="51305" /><E17/><V97/><F97/><W49/><G101/><T130/><D130/><N who="2" m="49706" /><F118/><W16/><G9/><T18/><REACH who="0" step="1"/><D5/><REACH who="0" ten="240,250,250,250" step="2"/><U23/><E99/><V53/><F109/><W63/><G63/><T120/><D120/><U83/><E61/><V106/><F106/><W60/><G60/><T125/><D125/><U92/><E66/><V4/><F4/><W105/><G105/><T44/><D44/><U1/><E1/><V88/><F62/><W31/><G19/><T115/><D115/><U116/><E116/><V12/><F58/><W95/><G104/><T110/><D110/><U46/><E46/><V111/><F56/><W27/><REACH who="3" step="1"/><G31/><REACH who="3" ten="240,250,250,240" step="2"/><T90/><D90/><U59/><E89/><V93/><F88/><W78/><G78/><T113/><D113/><U73/><E73/><V124/><F111/><W47/><AGARI ba="0,2" hai="8,15,16,24,25,27,33,35,47,49,52,95,96,102" machi="47" ten="30,7900,0" yaku="1,1,0,1,54,2,53,0" doraHai="122" doraHaiUra="32" who="3" fromWho="3" sc="240,-39,250,-20,250,-20,240,99" /><INIT seed="1,0,0,5,0,13" ten="201,230,230,339" oya="1" hai0="14,20,12,80,113,115,126,93,120,88,96,35,109" hai1="110,58,119,44,61,34,37,85,21,31,65,98,130" hai2="92,6,102,67,17,77,43,15,95,131,46,49,127" hai3="89,33,114,52,23,39,104,101,86,11,54,100,30"/><U63/><E119/><V69/><F127/><W68/><G68/><T106/><D35/><U111/><E34/><V97/><F131/><W57/><G39/><T4/><D109/><N who="1" m="41483" /><E130/><V135/><F135/><W42/><G42/><T28/><D106/><U16/><E85/><V82/><F6/><W53/><G104/><T79/><D120/><U87/><E87/><V133/><F133/><W22/><G33/><T125/><D12/><N who="1" m="9351" /><E31/><V64/><F69/><W41/><G30/><T112/><D28/><U36/><E44/><V76/><F92/><W122/><G122/><T19/><REACH who="0" step="1"/><D4/><REACH who="0" ten="191,230,230,339" step="2"/><U66/><E98/><V118/><F97/><W27/><G27/><T129/><D129/><U70/><AGARI ba="0,1" hai="36,37,58,61,63,65,66,70" m="9351,41483" machi="70" ten="30,11700,0" yaku="14,1,10,1,52,1,54,1" doraHai="13" who="1" fromWho="1" sc="191,-39,230,127,230,-39,339,-39" /><INIT seed="1,1,0,2,0,112" ten="152,357,191,300" oya="1" hai0="122,38,84,75,19,86,109,34,51,100,101,90,45" hai1="68,14,78,85,63,18,89,5,53,17,59,40,114" hai2="81,124,39,47,128,97,135,121,6,94,62,69,54" hai3="92,21,132,27,12,129,106,104,130,35,20,0,2"/><U107/><E114/><V42/><F121/><W65/><G132/><T116/><D38/><U13/><E107/><N who="3" m="41002" /><G65/><T41/><D109/><U93/><E68/><V105/><F135/><W10/><G92/><T52/><D75/><U64/><E40/><V32/><F105/><W70/><G35/><T127/><D34/><U26/><E78/><V134/><F32/><W30/><G21/><T118/><D122/><U31/><E64/><V46/><F134/><W74/><G74/><T113/><D113/><U60/><E63/><V8/><F124/><W98/><G98/><T82/><D127/><U25/><E5/><V96/><F128/><N who="3" m="49259" /><G70/><T36/><D19/><AGARI ba="1,0" hai="0,2,10,12,19,20,27,30" m="49259,41002" machi="19" ten="30,1000,0" yaku="19,1" doraHai="112" who="3" fromWho="0" sc="152,-13,357,0,191,0,300,13" /><INIT seed="2,0,0,2,2,75" ten="139,357,191,313" oya="2" hai0="40,23,113,127,46,56,12,67,81,64,65,54,60" hai1="103,78,112,74,126,107,21,90,3,84,1,96,44" hai2="57,24,59,66,31,26,129,115,89,4,29,95,69" hai3="48,34,32,91,131,37,132,5,38,98,86,8,28"/><V80/><F115/><W22/><G131/><T71/><D113/><U83/><E112/><V110/><F69/><W49/><G32/><T70/><D127/><U105/><E107/><V117/><F117/><W73/><G73/><T14/><D23/><U93/><E126/><V124/><F124/><W111/><G38/><N who="0" m="21783" /><D14/><U118/><E118/><V47/><F129/><W52/><G49/><N who="0" m="30799" /><D12/><U36/><E21/><V76/><F47/><W92/><G132/><T62/><D81/><U125/><E125/><V87/><F110/><W134/><G37/><T39/><D39/><U77/><E78/><V85/><F4/><W97/><G34/><T130/><D130/><U33/><E33/><V2/><F2/><W11/><G111/><T122/><D122/><U41/><AGARI ba="0,0" hai="1,3,36,41,44,74,77,83,84,90,93,96,103,105" machi="41" ten="30,7900,0" yaku="0,1,24,2,52,1" doraHai="75" who="1" fromWho="1" sc="139,-20,357,79,191,-39,313,-20" /><INIT seed="3,0,0,1,5,86" ten="119,436,152,293" oya="3" hai0="112,33,64,96,28,46,72,111,35,110,124,69,60" hai1="122,135,87,105,82,29,51,2,68,9,91,41,76" hai2="83,128,50,106,34,93,23,119,130,103,108,113,36" hai3="116,126,24,81,62,38,55,31,85,12,121,125,22"/><W133/><G38/><T53/><D124/><U77/><E68/><V57/><F113/><W11/><G116/><T20/><D112/><U37/><E105/><V58/><F119/><W100/><G100/><T99/><D72/><U71/><E71/><V18/><F36/><W109/><G121/><T15/><D35/><U48/><E122/><V30/><F106/><W45/><G133/><T94/><D33/><U65/><E65/><V44/><F108/><W40/><G109/><T127/><D99/><U67/><E67/><V61/><F83/><W47/><G40/><T56/><D127/><U88/><E29/><V27/><F93/><W90/><G47/><T92/><D92/><U4/><E135/><V131/><F61/><W70/><G70/><T89/><D46/><U25/><E25/><N who="2" m="14583" /><F103/><W102/><G102/><T101/><D101/><U26/><E26/><V78/><F78/><W107/><G107/><T123/><D123/><U43/><E77/><V54/><AGARI ba="0,0" hai="27,30,34,44,50,54,57,58,128,130,131" m="14583" machi="54" ten="30,1100,0" yaku="19,1" doraHai="86" who="2" fromWho="2" sc="119,-3,436,-3,152,11,293,-5" owari="116,-38.4,433,53.3,163,-23.7,288,8.8" /></mjloggm>