<mjloggm ver="2.3"><GO type="225" lobby="0"/><UN n0="%E3%81%86%E3%83%BC%E3%81%B1%E3%83%BC" n1="%E7%AD%89%E3%80%85%E5%8A%9B%E5%8A%87%E5%A0%B4" n2="%E3%81%82%E3%82%93%E3%81%AA%E3%81%A4" n3="%73%6C%69%63%6B%33%31%39" dan="16,16,17,16" rate="2124.62,2166.72,2160.02,2170.56" sx="M,M,M,M"/><TAIKYOKU oya="0"/><INIT seed="0,0,0,3,5,28" ten="250,250,250,250" oya="0" hai0="64,43,84,117,52,0,94,85,9,111,75,119,72" hai1="42,61,69,98,114,92,106,39,70,80,108,18,15" hai2="133,23,47,6,73,58,78,110,129,112,59,41,116" hai3="24,88,125,17,68,57,96,55,49,13,103,93,76"/><T14/><D0/><U121/><E121/><V48/><F112/><W131/><G68/><T25/><D64/><U115/><E106/><V107/><F107/><W8/><G131/><T60/><D43/><U34/><E108/><V54/><F110/><W16/><G125/><T90/><D111/><U30/><E80/><V82/><F129/><W63/><G76/><T99/><D72/><U38/><E70/><V53/><F133/><W67/><G103/><T21/><D75/><U104/><E104/><V65/><F116/><W10/><G24/><T124/><D124/><U2/><E2/><V128/><F128/><W51/><G67/><T102/><D119/><U87/><E87/><V56/><F65/><W130/><G130/><T33/><D33/><U122/><E122/><V83/><F6/><W120/><G120/><T77/><D77/><U32/><E61/><V113/><F83/><W126/><G126/><T86/><D102/><U44/><E38/><V37/><F113/><N who="1" m="43017" /><E30/><V100/><F100/><W11/><REACH who="3" step="1"/><G17/><REACH who="3" ten="250,250,250,240" step="2"/><N who="0" m="12463" /><D117/><U19/><E69/><V89/><F73/><W97/><G97/><T134/><D134/><U35/><E15/><V5/><F78/><W79/><G79/><T71/><D71/><U91/><AGARI ba="0,1" hai="18,19,32,34,35,39,42,44,91,92,98" m="43017" machi="91" ten="40,8000,1" yaku="11,1,52,3" doraHai="28" who="1" fromWho="1" sc="250,-40,250,90,250,-20,240,-20" /><INIT seed="1,0,0,0,3,4" ten="210,340,230,220" oya="1" hai0="48,9,54,96,59,72,132,15,94,53,39,12,45" hai1="41,11,108,60,99,49,16,71,74,73,101,8,20" hai2="85,34,19,31,106,78,6,83,88,14,57,100,47" hai3="109,40,122,107,118,75,44,52,70,123,131,46,125"/><U97/><E97/><V3/><F57/><W10/><G75/><T98/><D132/><U22/><E22/><N who="2" m="11639" /><F47/><W38/><G107/><T62/><D72/><U13/><E74/><V27/><F106/><W56/><G109/><T105/><D39/><U64/><E73/><V63/><F63/><W37/><G70/><T115/><D115/><U61/><E108/><V76/><F100/><W90/><G131/><T67/><D105/><U7/><E61/><V130/><F130/><W77/><G77/><T95/><D15/><U80/><E80/><V29/><F31/><W86/><G125/><T58/><D98/><U93/><REACH who="1" step="1"/><E7/><REACH who="1" ten="210,330,230,220" step="2"/><V51/><F51/><W2/><G122/><T116/><D96/><U26/><E26/><V1/><F27/><W43/><G123/><T134/><D116/><U21/><E21/><V117/><F6/><W121/><G121/><T55/><D134/><U128/><E128/><V0/><F117/><W69/><G118/><T35/><D35/><U92/><E92/><N who="0" m="35369" /><D59/><U5/><E5/><AGARI ba="0,1" hai="5,9,12,45,48,53,54,55,58,62,67" m="35369" machi="5" ten="30,2000,0" yaku="8,1,52,1" doraHai="4" who="0" fromWho="1" sc="210,30,330,-20,230,0,220,0" /><INIT seed="2,0,0,4,1,114" ten="240,310,230,220" oya="2" hai0="32,98,97,71,121,91,86,0,88,128,124,25,78" hai1="7,37,14,108,130,129,69,56,110,120,76,61,49" hai2="1,54,131,18,9,55,48,57,4,70,45,104,99" hai3="90,111,67,21,23,107,74,132,39,10,44,53,82"/><V135/><F70/><W13/><G107/><T17/><D0/><U29/><E37/><V79/><F135/><W11/><G132/><T127/><D71/><U105/><E105/><V2/><F131/><N who="1" m="50185" /><E120/><V109/><F109/><N who="1" m="42089" /><E69/><V113/><F113/><W22/><G111/><T95/><D128/><U20/><E76/><V73/><F18/><W6/><G67/><T36/><D36/><U96/><E96/><V83/><F2/><W101/><G101/><T66/><D97/><U51/><E29/><V72/><F99/><W94/><G11/><T52/><D78/><U38/><E38/><V89/><F104/><W65/><G65/><T31/><D66/><N who="1" m="39207" /><E20/><V81/><F89/><W84/><G53/><T126/><D52/><U125/><E125/><V102/><F102/><W87/><G74/><T27/><D121/><U26/><E26/><V50/><F83/><W60/><G60/><T116/><D91/><U16/><E16/><V34/><F34/><W3/><G39/><T118/><D98/><U12/><E14/><V134/><F134/><W133/><G133/><T80/><D80/><U5/><E12/><V64/><F64/><W100/><G100/><T122/><D122/><U62/><E62/><V106/><F106/><W115/><G115/><T8/><D27/><U119/><E119/><V75/><AGARI ba="0,0" hai="1,4,9,45,48,50,54,55,57,72,73,75,79,81" machi="75" ten="20,2100,0" yaku="0,1,7,1" doraHai="114" who="2" fromWho="2" sc="240,-7,310,-7,230,21,220,-7" /><INIT seed="2,1,0,0,5,84" ten="233,303,251,213" oya="2" hai0="74,130,17,34,24,44,8,73,108,118,53,36,20" hai1="127,2,92,56,48,95,77,104,59,101,5,98,47" hai2="12,116,3,85,124,131,27,126,60,83,15,46,105" hai3="94,80,129,122,121,114,99,26,107,31,128,100,123"/><V51/><F116/><W42/><G42/><T66/><D118/><U76/><E127/><N who="2" m="48683" /><F3/><W93/><G114/><T45/><D108/><U23/><E104/><V54/><F105/><W19/><G19/><T106/><D106/><U133/><E133/><V14/><F131/><N who="3" m="50251" /><G26/><T43/><D130/><U79/><E2/><V87/><F83/><W89/><G31/><T113/><D113/><U32/><E32/><V33/><F60/><W49/><G49/><T35/><D66/><U109/><E5/><V9/><F9/><W86/><AGARI ba="1,0" hai="80,86,89,93,94,99,100,107,121,122,123" m="50251" machi="86" ten="40,8000,1" yaku="19,1,34,2,52,1" doraHai="84" who="3" fromWho="3" sc="233,-21,303,-21,251,-41,213,83" /><INIT seed="3,0,0,5,4,2" ten="212,282,210,296" oya="3" hai0="105,126,87,31,26,98,70,21,130,27,68,110,39" hai1="19,88,24,9,58,108,133,29,18,77,124,65,125" hai2="113,60,75,41,40,120,54,22,53,66,89,122,90" hai3="96,15,49,129,45,17,7,3,104,111,35,80,42"/><W123/><G123/><N who="2" m="47145" /><F113/><W115/><G115/><T76/><D39/><U56/><E77/><V84/><F75/><W85/><G35/><T94/><D110/><U11/><E108/><V23/><F23/><W107/><G111/><T82/><D130/><U0/><E133/><V6/><F22/><W55/><G129/><T33/><D105/><U36/><E36/><V78/><F78/><W121/><G121/><T95/><D126/><U59/><E65/><V5/><F54/><W30/><G30/><T47/><D47/><U71/><E71/><N who="2" m="42439" /><F53/><W119/><G119/><T103/><D95/><U61/><E61/><V74/><F74/><W12/><G55/><T25/><D25/><U4/><E24/><V116/><F90/><W48/><G48/><T69/><D69/><U99/><E29/><AGARI ba="0,0" hai="21,26,27,29,31,33,68,70,76,82,87,94,98,103" machi="29" ten="30,1000,0" yaku="7,1" doraHai="2" who="0" fromWho="1" sc="212,10,282,-10,210,0,296,0" /><INIT seed="4,0,0,1,4,16" ten="222,272,210,296" oya="0" hai0="59,7,116,45,90,73,83,76,29,11,124,75,110" hai1="70,28,53,122,121,12,131,61,54,43,24,87,103" hai2="108,42,107,57,105,39,50,8,69,67,4,1,47" hai3="125,22,99,80,134,101,89,55,113,33,123,100,19"/><T35/><D116/><U117/><E117/><V127/><F108/><W72/><G33/><T9/><D75/><U133/><E133/><V132/><F127/><W84/><G134/><T21/><D124/><U25/><E131/><V63/><REACH who="2" step="1"/><F132/><REACH who="2" ten="222,272,200,296" step="2"/><W3/><G125/><T119/><D110/><U88/><E122/><V85/><F85/><W38/><G72/><T58/><D119/><U40/><E121/><V30/><F30/><W37/><G123/><T18/><D29/><U64/><E28/><V10/><F10/><W27/><G113/><T23/><D11/><U82/><E87/><V32/><F32/><W106/><G101/><T96/><D35/><U97/><E103/><V48/><F48/><W93/><G106/><T0/><D23/><U128/><E128/><V44/><F44/><W81/><G81/><T74/><D45/><U94/><E82/><V111/><F111/><W31/><G31/><T46/><D46/><U66/><E94/><V5/><F5/><W91/><G100/><T102/><D74/><U36/><E36/><V15/><F15/><W14/><G3/><T2/><D0/><U34/><E12/><V20/><F20/><W79/><G14/><T6/><D7/><U130/><E34/><V41/><F41/><W95/><G37/><T109/><D109/><U78/><E130/><V51/><F51/><W13/><G38/><T98/><D102/><U92/><E43/><V104/><F104/><W65/><G13/><N who="0" m="9423" /><D98/><U118/><E118/><V115/><F115/><W77/><G99/><T114/><D114/><U52/><E97/><V126/><F126/><RYUUKYOKU ba="0,1" sc="222,15,272,-15,200,15,296,-15" hai0="2,6,9,58,59,73,76,83,90,96" hai2="1,4,8,39,42,47,50,57,63,67,69,105,107" /><INIT seed="4,1,1,2,3,20" ten="237,257,215,281" oya="0" hai0="50,126,56,117,21,42,48,122,106,0,110,109,1" hai1="131,34,40,57,45,77,7,10,29,44,60,51,116" hai2="54,95,121,62,9,133,99,81,61,129,83,101,79" hai3="67,47,113,87,88,86,27,24,72,132,76,52,130"/><T112/><D122/><U33/><E116/><V105/><F121/><W31/><G72/><T38/><D117/><U64/><E131/><V41/><F129/><W8/><G130/><T30/><D106/><U78/><E45/><V55/><F133/><W119/><G119/><T4/><D126/><U80/><E29/><V36/><F105/><W102/><G132/><T90/><D112/><U13/><REACH who="1" step="1"/><E78/><REACH who="1" ten="237,247,215,281" step="2"/><V28/><F28/><W120/><G31/><T100/><D30/><U96/><E96/><V70/><F79/><W16/><G113/><T2/><D110/><U98/><E98/><V94/><F99/><W134/><G134/><T123/><D109/><U49/><E49/><V17/><F36/><W124/><G124/><T26/><D50/><U89/><E89/><V43/><F101/><W11/><G102/><T35/><D100/><U5/><E5/><V37/><F37/><W127/><G127/><T135/><D4/><U118/><E118/><V19/><F70/><W46/><G76/><T23/><D135/><U14/><E14/><V69/><F69/><W18/><G120/><T15/><D15/><U58/><E58/><V111/><F111/><W115/><G115/><T59/><D123/><U104/><E104/><V92/><F95/><W66/><G88/><T53/><D90/><U114/><E114/><V32/><F32/><W125/><G125/><T74/><D38/><U65/><E65/><V71/><F71/><W22/><G52/><N who="0" m="31751" /><D42/><U75/><AGARI ba="1,2" hai="7,10,13,33,34,40,44,51,57,60,64,75,77,80" machi="75" ten="20,2700,0" yaku="1,1,0,1,7,1,53,0" doraHai="20" doraHaiUra="103" who="1" fromWho="1" sc="237,-14,247,50,215,-8,281,-8" /><INIT seed="5,0,0,0,5,32" ten="223,297,207,273" oya="1" hai0="40,3,76,36,55,97,119,54,77,111,87,78,58" hai1="47,75,13,10,70,11,39,127,126,44,63,27,53" hai2="20,66,104,94,85,120,62,129,60,108,5,68,83" hai3="79,42,50,84,48,113,121,14,18,81,7,2,31"/><U72/><E11/><V25/><F108/><W123/><G113/><T107/><D111/><U19/><E39/><V90/><F104/><W57/><G31/><T17/><D119/><U74/><E27/><V114/><F120/><W26/><G26/><T9/><D87/><U23/><E23/><V22/><F114/><W1/><G7/><T98/><D107/><U100/><E100/><V131/><F5/><W112/><G112/><T117/><D117/><U34/><E34/><V134/><F134/><W21/><G50/><T24/><D40/><U118/><E118/><V41/><F41/><W38/><G38/><T30/><D54/><U71/><E53/><V80/><F62/><W43/><G42/><T89/><D89/><U8/><E63/><V46/><F46/><N who="1" m="17449" /><E8/><V56/><F68/><W106/><G106/><T91/><D91/><U61/><E61/><V16/><REACH who="2" step="1"/><F20/><REACH who="2" ten="223,297,197,273" step="2"/><W45/><G57/><T37/><D58/><U28/><E70/><V124/><F124/><W128/><G128/><AGARI ba="0,1" hai="16,22,25,56,60,66,80,83,85,90,94,128,129,131" machi="128" ten="40,5200,0" yaku="1,1,19,1,54,1,53,0" doraHai="32" doraHaiUra="6" who="2" fromWho="3" sc="223,0,297,0,197,62,273,-52" /><INIT seed="6,0,0,5,0,100" ten="223,297,259,221" oya="2" hai0="58,125,115,59,92,52,47,97,96,17,122,16,34" hai1="124,105,3,27,112,102,135,38,33,54,43,11,12" hai2="15,61,89,46,70,5,41,56,39,65,42,117,69" hai3="14,103,134,95,35,40,80,129,1,123,21,114,108"/><V132/><F117/><W94/><G123/><T20/><D122/><U87/><E3/><V25/><F132/><W51/><G108/><T29/><D115/><U93/><E105/><V133/><F133/><W4/><G134/><T28/><D125/><U130/><E130/><V82/><F42/><W63/><G35/><T90/><D34/><U128/><E128/><V45/><F45/><N who="3" m="26023" /><G1/><T84/><D47/><U60/><E112/><V83/><F25/><W121/><G121/><T109/><D59/><U48/><E38/><V30/><F30/><N who="0" m="11882" /><D109/><U79/><E43/><V106/><F106/><W9/><G129/><T86/><D17/><U74/><E74/><V36/><F36/><W71/><G71/><T88/><D90/><U126/><E102/><V85/><REACH who="2" step="1"/><F83/><REACH who="2" ten="223,297,249,221" step="2"/><W110/><G114/><T13/><D97/><U22/><E135/><V111/><F111/><W37/><G37/><T57/><D57/><U73/><E126/><V77/><F77/><W131/><G110/><T50/><AGARI ba="0,1" hai="13,16,20,50,52,58,84,86,88,92,96" m="11882" machi="50" ten="30,7900,0" yaku="8,1,54,3" doraHai="100" who="0" fromWho="0" sc="223,89,297,-20,249,-39,221,-20" owari="312,41.2,277,7.7,210,-19.0,201,-29.9" /></mjloggm>