<mjloggm ver="2.3"><GO type="225" lobby="0"/><UN n0="%E8%A8%88%E7%AE%97%E6%A9%9F%E8%87%AA%E7%84%B6" n1="%E3%82%82%E3%81%90%E3%82%89" n2="%4E%49%4A%49%49%52%4F" n3="%E3%81%A0%E3%81%8A" dan="17,17,16,16" rate="2230.32,2142.58,2177.86,2021.41" sx="M,M,M,M"/><TAIKYOKU oya="0"/><INIT seed="0,0,0,0,1,113" ten="250,250,250,250" oya="0" hai0="117,95,121,124,39,92,77,42,84,103,126,125,20" hai1="14,56,115,96,120,41,46,21,68,81,72,65,134" hai2="8,22,114,12,11,108,106,89,99,10,31,32,63" hai3="47,51,75,19,38,0,105,128,62,58,1,101,13"/><T131/><D121/><U29/><E120/><V116/><F114/><W82/><G128/><T102/><D20/><U122/><E122/><V35/><F106/><W119/><G38/><T61/><D61/><U76/><E115/><V37/><F37/><W23/><G101/><N who="0" m="38411" /><D42/><U45/><E134/><V70/><F99/><W59/><G105/><T26/><D26/><U86/><E96/><V16/><F89/><W33/><G33/><N who="2" m="12873" /><F63/><W73/><G59/><T30/><D30/><U129/><E68/><V17/><F70/><W91/><G0/><T36/><D39/><U100/><E100/><V85/><F85/><W52/><G1/><T94/><D36/><U118/><E129/><V90/><F90/><W64/><REACH who="3" step="1"/><G119/><REACH who="3" ten="250,250,250,240" step="2"/><T54/><D131/><U6/><E118/><V4/><F116/><W57/><G57/><T9/><D117/><U110/><E56/><V48/><F108/><W132/><G132/><T53/><D9/><N who="2" m="3690" /><F48/><W34/><G34/><T80/><AGARI ba="0,1" hai="53,54,77,80,84,92,94,95,124,125,126" m="38411" machi="80" ten="40,2100,0" yaku="18,1" doraHai="113" who="0" fromWho="0" sc="250,31,250,-7,250,-7,240,-7" /><INIT seed="0,1,0,3,1,101" ten="281,243,243,233" oya="0" hai0="80,10,57,73,2,59,43,65,133,105,40,45,123" hai1="32,35,134,79,24,72,27,132,54,66,17,9,55" hai2="78,47,107,42,135,93,96,112,125,49,44,48,29" hai3="56,103,86,128,61,22,26,117,104,116,127,3,118"/><T98/><D123/><U67/><E72/><V30/><F112/><W106/><G3/><T92/><D133/><N who="1" m="51307" /><E79/><V46/><F135/><W70/><G70/><T62/><D57/><U38/><E38/><V84/><F125/><W85/><G127/><T11/><D2/><U52/><E9/><V21/><F107/><W82/><G103/><T16/><D105/><U83/><E83/><N who="2" m="47223" /><F21/><W119/><G128/><T94/><D73/><U100/><E100/><N who="2" m="60431" /><F46/><W60/><G85/><T8/><D80/><U130/><E130/><V28/><F29/><W95/><G61/><T74/><D74/><U12/><E12/><V23/><F23/><W109/><G109/><T108/><D108/><U34/><E17/><V115/><F115/><W19/><G95/><N who="0" m="36395" /><D98/><U36/><E36/><V124/><F124/><W6/><N who="3" m="29696" /><DORA hai="51" /><W7/><G7/><T68/><D68/><U37/><E37/><V88/><F88/><W14/><G14/><N who="0" m="7239" /><D40/><AGARI ba="1,0" hai="28,30,40,42,44,47,48,49" m="60431,47223" machi="40" ten="30,1000,0" yaku="8,1" doraHai="101,51" who="2" fromWho="0" sc="281,-13,243,0,243,13,233,0" /><INIT seed="1,0,0,5,0,55" ten="268,243,256,233" oya="1" hai0="5,86,118,31,4,46,13,27,114,82,72,58,116" hai1="59,91,93,129,53,95,32,105,50,100,36,20,3" hai2="44,11,17,79,9,7,83,25,41,56,10,68,87" hai3="120,104,61,112,48,43,70,28,134,89,26,6,22"/><U37/><E32/><V14/><F68/><W62/><G120/><T101/><D114/><U92/><E3/><V34/><F34/><W47/><G112/><T99/><D72/><U103/><E129/><V81/><F81/><W77/><G134/><T88/><D46/><U8/><E8/><V1/><F1/><W85/><G104/><T127/><D127/><U35/><E35/><V117/><F117/><W38/><G70/><T94/><D13/><U107/><E91/><V24/><F56/><W133/><G133/><T67/><D118/><U15/><E15/><N who="2" m="5567" /><F11/><W110/><G110/><T75/><D75/><U135/><E135/><V40/><F44/><W39/><G38/><T80/><D80/><U69/><E69/><V52/><F52/><W18/><G39/><T78/><D78/><U90/><E90/><V109/><F109/><W122/><G77/><T45/><D45/><U49/><E20/><V115/><F115/><W74/><G74/><T106/><D106/><U0/><E0/><V111/><F111/><W19/><G6/><T71/><D116/><U119/><E119/><V23/><F25/><W57/><G122/><T54/><D67/><U2/><E2/><V132/><F132/><W29/><G29/><AGARI ba="0,0" hai="10,14,17,23,24,29,40,41,79,83,87" m="5567" machi="29" ten="30,1000,0" yaku="8,1" doraHai="55" who="2" fromWho="3" sc="268,0,243,0,256,10,233,-10" /><INIT seed="2,0,0,5,1,5" ten="268,243,266,223" oya="2" hai0="70,113,44,66,85,76,30,68,126,106,102,105,38" hai1="134,98,60,78,121,28,51,115,19,57,133,108,86" hai2="95,27,96,42,59,16,119,64,79,89,11,104,72" hai3="40,87,94,120,18,52,92,46,131,34,54,65,7"/><V75/><F119/><W63/><G120/><T6/><D113/><U3/><E115/><V125/><F125/><W109/><G109/><T117/><D126/><U112/><E112/><V128/><F128/><W37/><G131/><T32/><D85/><U61/><E108/><V80/><F42/><W118/><G34/><T29/><D76/><U20/><E121/><V111/><F111/><W71/><G118/><T130/><D130/><U110/><E110/><V135/><F135/><N who="1" m="51721" /><E3/><V74/><F64/><W8/><G18/><T36/><D117/><U62/><E28/><V41/><F59/><W24/><G24/><N who="0" m="18471" /><D30/><U103/><E86/><V12/><F41/><W124/><G124/><T33/><D33/><U93/><E78/><V47/><F47/><W26/><G26/><T15/><D44/><U22/><E19/><V67/><F67/><W14/><REACH who="3" step="1"/><G92/><REACH who="3" ten="268,243,266,213" step="2"/><T58/><D105/><U82/><E82/><V48/><F104/><W88/><AGARI ba="0,1" hai="7,8,14,37,40,46,52,54,63,65,71,87,88,94" machi="88" ten="30,12000,2" yaku="1,1,2,1,0,1,52,1,54,2,53,1" doraHai="5" doraHaiUra="39" who="3" fromWho="3" sc="268,-30,243,-30,266,-60,213,130" /><INIT seed="3,0,0,2,4,21" ten="238,213,206,343" oya="3" hai0="23,9,74,91,19,67,59,127,92,39,134,53,6" hai1="5,99,56,55,125,115,104,131,31,112,36,76,87" hai2="54,32,84,71,33,66,98,85,130,52,26,3,0" hai3="113,15,135,61,42,107,89,133,93,48,105,109,106"/><W70/><G113/><T50/><D127/><U83/><E36/><V103/><F130/><W38/><G38/><T40/><D134/><U25/><E131/><V86/><F66/><W8/><G70/><T1/><D74/><U63/><E125/><V69/><F98/><W41/><G61/><T88/><D67/><U81/><E5/><V13/><F13/><W28/><G48/><T43/><D39/><U20/><E104/><V129/><F129/><W102/><G28/><T2/><D2/><N who="2" m="554" /><F103/><W94/><G102/><T124/><D91/><U29/><E99/><V60/><F26/><W95/><G109/><T116/><D116/><U79/><E31/><V37/><F37/><W16/><G89/><T46/><D46/><U30/><E29/><V126/><F126/><W118/><G118/><T75/><D75/><AGARI ba="0,0" hai="20,25,30,55,56,63,75,76,79,81,83,87,112,115" machi="75" ten="30,2000,0" yaku="7,1,52,1" doraHai="21" who="1" fromWho="0" sc="238,-20,213,20,206,0,343,0" owari="218,-18.2,233,3.3,206,-29.4,343,44.3" /></mjloggm>