<mjloggm ver="2.3"><GO type="225" lobby="0"/><UN n0="%E9%80%9F%E6%B0%B4%E5%87%9B%E9%A6%99" n1="%E3%81%82%E3%81%84%E3%81%82%E3%81%8A%E3%81%84" n2="%74%61%6B%75%61%6B%61" n3="%E3%81%A1%E3%82%85%E3%81%86%E3%81%A9%E3%81%8F%E8%B1%A1%E3%81%95%E3%82%93" dan="16,18,17,17" rate="2161.31,2225.84,2184.76,2188.09" sx="F,M,M,M"/><TAIKYOKU oya="0"/><INIT seed="0,0,0,5,2,69" ten="250,250,250,250" oya="0" hai0="64,132,133,54,118,31,108,47,6,127,68,122,22" hai1="73,63,99,44,16,131,35,36,62,90,13,123,110" hai2="18,41,98,70,120,81,77,129,19,128,29,67,21" hai3="34,17,9,84,89,43,117,42,46,79,74,134,92"/><T51/><D6/><U20/><E123/><V80/><F120/><W130/><G117/><T4/><D4/><U112/><E73/><V15/><F29/><W85/><G134/><N who="0" m="51819" /><D22/><U106/><E35/><V37/><F98/><W10/><G130/><N who="2" m="50281" /><F77/><W12/><G34/><T39/><D31/><U125/><E131/><V109/><F109/><W121/><G121/><T59/><D122/><U126/><E110/><V86/><F86/><W25/><G25/><T75/><D75/><U23/><E112/><V7/><F7/><W105/><G105/><T24/><D24/><U3/><E3/><V28/><F28/><W114/><G114/><T76/><D76/><U8/><E23/><V26/><F67/><W103/><G103/><T40/><D118/><U83/><E8/><N who="2" m="6503" /><F70/><W60/><G9/><T5/><D5/><U48/><E106/><V100/><F100/><W78/><G74/><T53/><D108/><U14/><E14/><V11/><F11/><W71/><G84/><T116/><D116/><U30/><E30/><V96/><F96/><W38/><REACH who="3" step="1"/><G43/><REACH who="3" ten="250,250,250,240" step="2"/><T55/><D127/><U104/><E126/><V58/><F41/><W82/><G82/><T97/><D97/><U33/><E83/><V88/><F81/><W50/><G50/><T1/><D1/><U113/><E48/><V2/><F2/><W65/><AGARI ba="0,1" hai="10,12,17,38,42,46,60,65,71,78,79,85,89,92" machi="65" ten="30,4000,0" yaku="1,1,0,1,52,1,53,0" doraHai="69" doraHaiUra="111" who="3" fromWho="3" sc="250,-20,250,-10,250,-10,240,50" /><INIT seed="1,0,0,5,0,41" ten="230,240,240,290" oya="1" hai0="67,133,98,46,76,68,113,19,94,108,72,21,2" hai1="8,84,63,51,129,85,104,31,0,71,111,114,39" hai2="43,36,40,62,121,65,80,101,96,12,95,109,69" hai3="83,7,13,60,53,125,123,15,6,106,28,130,10"/><U90/><E114/><V24/><F121/><W112/><G123/><T59/><D2/><U97/><E39/><V127/><F109/><W124/><G112/><T49/><D113/><U52/><E31/><V22/><F127/><N who="3" m="48715" /><G106/><T103/><D68/><U73/><E73/><V91/><F12/><W135/><G28/><T99/><D133/><U78/><E78/><V89/><F80/><W75/><G135/><T119/><D119/><U11/><E129/><V64/><F64/><W128/><G83/><T79/><D108/><U105/><E85/><V17/><REACH who="2" step="1"/><F43/><REACH who="2" ten="230,240,230,290" step="2"/><W132/><G75/><T102/><D72/><U25/><E111/><V55/><F55/><W3/><G132/><T81/><D81/><U48/><E52/><V33/><F33/><W58/><G13/><T32/><D67/><U29/><E0/><V88/><F88/><W35/><G35/><T87/><D32/><U61/><E90/><V47/><AGARI ba="0,1" hai="17,22,24,36,40,47,62,65,69,89,91,95,96,101" machi="47" ten="30,4000,0" yaku="1,1,0,1,52,1,53,0" doraHai="41" doraHaiUra="131" who="2" fromWho="2" sc="230,-10,240,-20,230,50,290,-10" /><INIT seed="2,0,0,1,2,110" ten="220,220,280,280" oya="2" hai0="134,101,124,8,43,67,37,115,42,76,0,35,3" hai1="82,56,80,96,81,92,113,24,41,66,86,54,120" hai2="108,39,49,103,27,130,51,15,20,58,79,52,31" hai3="128,94,114,17,75,33,122,85,6,104,112,83,16"/><V116/><F116/><W48/><G122/><T131/><D35/><U69/><E120/><V60/><F130/><W119/><G119/><T102/><D76/><U64/><E113/><N who="3" m="43626" /><G104/><T50/><D115/><U90/><E41/><V77/><F39/><W117/><G117/><T95/><D37/><U53/><E69/><V22/><F108/><W89/><G128/><T65/><D8/><U26/><E86/><V59/><F103/><W132/><G132/><T63/><D50/><U38/><E38/><V78/><F58/><W84/><G33/><T30/><D30/><U25/><REACH who="1" step="1"/><E53/><REACH who="1" ten="220,210,280,280" step="2"/><V109/><F109/><W11/><G75/><T111/><D131/><U61/><AGARI ba="0,1" hai="24,25,26,54,56,61,64,66,80,81,82,90,92,96" machi="61" ten="30,7900,0" yaku="1,1,2,1,0,1,8,1,53,0" doraHai="110" doraHaiUra="121" who="1" fromWho="1" sc="220,-20,210,89,280,-39,280,-20" /><INIT seed="3,0,0,5,3,132" ten="200,299,241,260" oya="3" hai0="41,103,115,47,117,35,107,56,84,5,116,53,131" hai1="95,2,51,19,66,50,58,83,24,109,18,31,57" hai2="129,88,69,92,108,89,113,62,64,86,121,42,22" hai3="21,87,96,78,134,110,126,70,71,6,36,11,97"/><W33/><G33/><T8/><D35/><U67/><E2/><V39/><F113/><W52/><G36/><T13/><D131/><U32/><E109/><V0/><F0/><W30/><G134/><T90/><D115/><U46/><E95/><V128/><F108/><W91/><G110/><T54/><D107/><U77/><E58/><V63/><F121/><W37/><G37/><T79/><D103/><U80/><E80/><V26/><F62/><W38/><G38/><T135/><D135/><U73/><E67/><V106/><F106/><W1/><G78/><T82/><D90/><U7/><E7/><V15/><F15/><W112/><G112/><T27/><D27/><U124/><E124/><V23/><F89/><W75/><G126/><T122/><D122/><U127/><E127/><V3/><F3/><W17/><G75/><T45/><D45/><U20/><E32/><V4/><F4/><W102/><G30/><T14/><D14/><U43/><E51/><V44/><REACH who="2" step="1"/><F22/><REACH who="2" ten="200,299,231,260" step="2"/><W76/><G21/><T48/><REACH who="0" step="1"/><D54/><REACH who="0" ten="190,299,231,260" step="2"/><U28/><E77/><V118/><F118/><W119/><G76/><T9/><D9/><U10/><E10/><V94/><F94/><W98/><G52/><T133/><D133/><U59/><E46/><V34/><F34/><W105/><G11/><T125/><D125/><U101/><E101/><V111/><F111/><W85/><G102/><T55/><D55/><U93/><E93/><V61/><F61/><AGARI ba="0,2" hai="5,8,13,41,47,48,53,56,61,79,82,84,116,117" machi="61" ten="30,8000,1" yaku="1,1,7,1,25,2,53,1" doraHai="132" doraHaiUra="72" who="0" fromWho="2" sc="190,100,299,0,231,-80,260,0" /><INIT seed="4,0,0,5,1,60" ten="290,299,151,260" oya="0" hai0="91,35,104,83,5,132,106,69,77,87,37,84,42" hai1="112,121,58,47,93,6,59,9,0,29,73,28,18" hai2="122,45,56,111,54,124,95,81,27,90,70,66,109" hai3="123,24,38,125,55,75,102,118,53,92,10,30,108"/><T25/><D5/><U40/><E121/><V12/><F122/><W34/><G123/><T86/><D69/><U33/><E112/><V26/><F124/><W15/><G118/><T103/><D42/><U116/><E116/><V80/><F70/><W57/><G125/><T17/><D17/><U71/><E71/><V4/><F109/><W79/><G108/><T101/><D37/><N who="1" m="21903" /><E18/><V43/><F111/><W96/><G38/><T2/><D2/><U72/><E93/><V133/><F133/><W19/><REACH who="3" step="1"/><G57/><REACH who="3" ten="290,299,151,250" step="2"/><T94/><D132/><U110/><E59/><V44/><F66/><W107/><G107/><N who="0" m="41003" /><D25/><N who="2" m="9226" /><F43/><W97/><G97/><N who="0" m="57567" /><D35/><U130/><E33/><V129/><F129/><W88/><G88/><T14/><D14/><U52/><E130/><V135/><F135/><W85/><G85/><AGARI ba="0,1" hai="77,83,84,85,86,87,101,103" m="57567,41003" machi="85" ten="30,12000,1" yaku="35,5" doraHai="60" who="0" fromWho="3" sc="290,130,299,0,151,0,250,-120" owari="420,52.0,299,9.9,151,-24.9,130,-37.0" /></mjloggm>