<mjloggm ver="2.3"><GO type="225" lobby="0"/><UN n0="%72%69%6F%75%63%68%61%6E" n1="%E3%81%AA%E3%81%8C%E3%81%95%E3%82%8F%E3%81%BE%E3%81%95%E3%81%BF" n2="%48%61%61%61%6C%61%6E%64" n3="%E3%81%95%E3%81%8D%E3%81%9F%E3%81%BE%E6%9E%97%E6%AA%8E" dan="17,16,17,16" rate="2231.51,2097.34,2135.09,2138.43" sx="M,F,M,M"/><TAIKYOKU oya="0"/><INIT seed="0,0,0,5,1,79" ten="250,250,250,250" oya="0" hai0="129,61,77,87,57,80,89,102,75,96,107,109,9" hai1="101,62,37,98,122,32,117,44,35,12,74,24,97" hai2="68,127,78,130,112,111,133,119,5,28,11,42,73" hai3="15,31,40,1,8,3,17,67,106,92,50,48,66"/><T59/><D129/><U14/><E74/><V100/><F112/><W126/><G126/><T69/><D109/><U64/><E117/><V118/><F68/><W55/><G106/><T108/><D108/><U91/><E122/><V29/><F111/><W93/><G31/><T116/><D116/><N who="2" m="44586" /><F100/><W132/><G132/><T20/><D9/><U60/><E37/><V45/><F133/><W21/><G3/><T63/><D20/><U54/><E91/><V103/><F103/><W56/><G1/><T43/><D43/><U81/><E81/><N who="2" m="45263" /><F127/><W90/><G8/><T46/><D46/><U70/><E98/><V113/><F113/><W49/><G93/><N who="0" m="54463" /><D61/><U23/><E62/><V134/><F130/><W52/><G40/><T18/><D18/><U85/><E35/><V95/><F95/><W58/><REACH who="3" step="1"/><G50/><REACH who="3" ten="250,250,250,240" step="2"/><T6/><D6/><U131/><E131/><V124/><F124/><W114/><G114/><T7/><D7/><U125/><E125/><V65/><F134/><W25/><G25/><T41/><D41/><U30/><E32/><V88/><F28/><W120/><G120/><T33/><D33/><U36/><E36/><V51/><F29/><W72/><G72/><T71/><D57/><U19/><E30/><V27/><F27/><W26/><G26/><T22/><D22/><U123/><E123/><V94/><F11/><W47/><G47/><T121/><D121/><U115/><E115/><V99/><F5/><W82/><G82/><T13/><D13/><U38/><E12/><V110/><F110/><W76/><G76/><T39/><D39/><U86/><E14/><RYUUKYOKU ba="0,1" sc="250,10,250,-30,250,10,240,10" hai0="59,63,69,71,75,77,80,96,102,107" hai2="42,45,51,65,88,94,99" hai3="15,17,21,48,49,52,55,56,58,66,67,90,92" /><INIT seed="0,1,1,3,4,121" ten="260,220,260,250" oya="0" hai0="22,97,102,8,72,104,20,3,18,85,130,116,53" hai1="11,58,35,36,32,82,115,37,2,100,71,86,79" hai2="27,34,112,60,50,13,31,64,84,42,17,94,30" hai3="69,95,128,52,15,125,93,108,75,70,110,55,119"/><T113/><D113/><U9/><E71/><N who="3" m="27146" /><G75/><T124/><D124/><U26/><E115/><V122/><F112/><W33/><G33/><T90/><D130/><U132/><E132/><V23/><F122/><W51/><G119/><T19/><D116/><U99/><E58/><N who="2" m="36887" /><F34/><W106/><G106/><T105/><D104/><U101/><E32/><V45/><F13/><W114/><G114/><T40/><D72/><U126/><E126/><V66/><F66/><W92/><G125/><T123/><D123/><U49/><E49/><V133/><F133/><W4/><G128/><T107/><D107/><U16/><E101/><V89/><AGARI ba="1,1" hai="17,23,27,30,31,42,45,50,84,89,94" m="36887" machi="89" ten="30,1100,0" yaku="8,1" doraHai="121" who="2" fromWho="2" sc="260,-6,220,-4,260,24,250,-4" /><INIT seed="1,0,0,3,3,34" ten="254,216,284,246" oya="1" hai0="70,76,24,79,30,117,55,128,22,121,14,126,124" hai1="135,134,39,84,67,64,83,58,93,115,69,37,56" hai2="7,85,51,63,61,106,125,26,96,6,71,89,2" hai3="1,48,122,127,60,62,132,104,131,40,41,130,32"/><U90/><E115/><V75/><F75/><W68/><G32/><T18/><D117/><U107/><E107/><V20/><F125/><N who="0" m="48234" /><D128/><N who="3" m="49193" /><G127/><T99/><D121/><U100/><E69/><V77/><F77/><W25/><G122/><T103/><D55/><U23/><E23/><V12/><F12/><W78/><G78/><T113/><D70/><U59/><E100/><V15/><F15/><W3/><G132/><N who="1" m="50730" /><E93/><V98/><F106/><W35/><G104/><N who="0" m="63615" /><D113/><U95/><E95/><V74/><F71/><W53/><G68/><T0/><D0/><N who="3" m="73" /><G35/><AGARI ba="0,0" hai="14,18,22,24,30,35,76,79" m="63615,48234" machi="35" ten="30,1000,0" yaku="18,1" doraHai="34" who="0" fromWho="3" sc="254,10,216,0,284,0,246,-10" /><INIT seed="2,0,0,4,3,132" ten="264,216,284,236" oya="2" hai0="95,83,93,63,50,74,103,101,9,130,65,92,32" hai1="109,104,40,114,14,4,75,11,15,60,21,58,105" hai2="1,13,8,116,43,108,107,79,72,117,96,51,84" hai3="47,91,125,42,46,44,121,134,26,48,53,23,55"/><V5/><F72/><W25/><G125/><T131/><D32/><U30/><E114/><V18/><F108/><W17/><G134/><T127/><D127/><U20/><E75/><V34/><F34/><W113/><G113/><T85/><D50/><U24/><E109/><V88/><F79/><W10/><G121/><T120/><D120/><U135/><E135/><V89/><F43/><W119/><G119/><T81/><D9/><U102/><E40/><V100/><F51/><N who="3" m="27031" /><G10/><T28/><D28/><U94/><E15/><V59/><F59/><N who="3" m="33191" /><G55/><T111/><D111/><U2/><E2/><V35/><F35/><W86/><G26/><T76/><D63/><U37/><E21/><V31/><F31/><W0/><G0/><T71/><D71/><U33/><E37/><V3/><F3/><W52/><G52/><T115/><D65/><N who="1" m="39063" /><E33/><V82/><REACH who="2" step="1"/><F89/><REACH who="2" ten="264,216,274,236" step="2"/><W98/><G98/><AGARI ba="0,1" hai="4,11,14,20,24,30,94,98,102,104,105" m="39063" machi="98" ten="30,1000,0" yaku="25,1" doraHai="132" who="1" fromWho="3" sc="264,0,216,20,274,0,236,-10" /><INIT seed="3,0,0,5,0,1" ten="264,236,274,226" oya="3" hai0="112,15,49,47,96,104,28,57,84,94,91,25,79" hai1="113,81,26,39,55,54,53,61,108,43,97,74,123" hai2="45,14,18,90,93,65,71,11,107,19,88,100,132" hai3="38,2,103,134,34,20,114,42,30,22,119,122,110"/><W35/><G114/><T118/><D118/><U73/><E123/><V133/><F107/><W86/><G119/><T105/><D112/><U70/><E113/><V64/><F100/><W66/><G122/><T6/><D57/><U60/><E81/><V9/><F45/><W101/><G2/><T69/><D69/><U85/><E85/><V3/><F71/><W128/><G66/><T109/><D109/><U127/><E97/><V12/><F3/><W95/><G38/><T106/><D79/><U130/><E70/><V44/><F44/><W40/><G110/><T98/><D15/><U23/><E108/><V78/><F93/><W7/><G134/><T92/><D6/><U117/><E117/><V75/><F78/><W125/><G7/><T82/><D82/><U24/><E24/><V16/><F18/><W52/><G128/><T27/><D28/><U13/><E130/><V124/><F124/><W68/><G68/><T46/><D46/><U99/><E127/><V111/><F111/><W48/><G125/><T59/><D59/><U102/><E39/><V36/><F36/><W83/><G83/><T121/><D121/><U115/><E115/><V129/><F75/><W58/><G30/><T56/><D56/><U131/><E131/><AGARI ba="0,0" hai="9,11,12,14,16,19,64,65,88,90,129,131,132,133" machi="131" ten="25,6400,0" yaku="22,2,54,2" doraHai="1" who="2" fromWho="1" sc="264,0,236,-64,274,64,226,0" owari="264,6.4,172,-32.8,338,43.8,226,-17.4" /></mjloggm>