<mjloggm ver="2.3"><GO type="225" lobby="0"/><UN n0="%53%61%63%68%69%30%34" n1="%6D%75%75%6D%75%72%61" n2="%E3%82%B0%E3%83%AA%E3%82%B0%E3%83%AA%E6%A3%92" n3="%E3%82%BC%E3%83%AB%E3%83%80%E3%81%AE%E4%BC%9D%E8%AA%AC" dan="16,16,16,16" rate="2087.43,2137.99,2115.57,2180.95" sx="M,F,M,M"/><TAIKYOKU oya="0"/><INIT seed="0,0,0,4,0,84" ten="250,250,250,250" oya="0" hai0="73,70,67,10,86,51,74,21,81,48,33,66,60" hai1="43,12,47,95,45,27,17,130,125,5,126,75,128" hai2="131,69,109,0,112,100,87,88,122,34,108,120,111" hai3="11,118,49,104,2,56,124,52,123,61,98,96,94"/><T79/><D33/><U77/><E75/><V113/><F0/><W129/><G118/><T72/><D67/><U78/><E5/><V44/><F34/><W41/><G124/><N who="1" m="47722" /><E27/><V92/><F69/><W31/><G129/><N who="1" m="49770" /><E95/><N who="2" m="54687" /><F44/><N who="1" m="16969" /><E43/><V20/><F20/><AGARI ba="0,0" hai="12,17,20,77,78" m="16969,49770,47722" machi="20" ten="30,2000,0" yaku="18,1,19,1" doraHai="84" who="1" fromWho="2" sc="250,0,250,20,250,-20,250,0" /><INIT seed="1,0,0,0,3,13" ten="250,270,230,250" oya="1" hai0="102,91,66,19,88,87,72,113,47,117,56,50,25" hai1="4,82,3,97,16,89,57,127,38,64,15,34,107" hai2="135,105,95,8,37,10,120,40,121,100,62,85,20" hai3="104,132,60,108,130,73,65,131,76,70,35,124,128"/><U111/><E38/><V92/><F135/><W114/><RYUUKYOKU type="yao9" ba="0,0" sc="250,0,270,0,230,0,250,0" hai3="35,60,65,70,73,76,104,108,114,124,128,130,131,132" /><INIT seed="1,1,0,5,5,51" ten="250,270,230,250" oya="1" hai0="26,100,69,34,44,59,1,114,65,28,18,64,47" hai1="3,134,45,111,4,123,109,71,35,5,122,119,68" hai2="129,23,84,79,70,75,42,9,133,76,2,93,126" hai3="49,90,113,116,55,92,118,124,117,12,40,74,127"/><U115/><E115/><V77/><F70/><N who="1" m="26665" /><E119/><V128/><F75/><W52/><G113/><T66/><D114/><U73/><E3/><V120/><F42/><W91/><G74/><T39/><D69/><U0/><E0/><V6/><F120/><N who="1" m="46121" /><E73/><V53/><F126/><N who="3" m="48171" /><G12/><T60/><D1/><U15/><E15/><V30/><F133/><W130/><G130/><T37/><D100/><U29/><E29/><V85/><F93/><W67/><G67/><T56/><D39/><U104/><E104/><V125/><F125/><W54/><G92/><T46/><D37/><U33/><E45/><AGARI ba="1,0" hai="40,45,49,52,54,55,90,91,116,117,118" m="48171" machi="45" ten="40,12000,2" yaku="12,1,18,1,52,3,54,1" doraHai="51" who="3" fromWho="1" sc="250,0,270,-123,230,0,250,123" /><INIT seed="2,0,0,2,0,81" ten="250,147,230,373" oya="2" hai0="111,14,121,110,22,3,82,37,58,28,96,80,104" hai1="106,30,29,132,34,95,55,40,89,117,47,102,86" hai2="60,62,61,70,64,42,84,109,124,91,12,54,13" hai3="74,48,41,57,38,72,108,128,6,78,2,76,87"/><V67/><F124/><W98/><G108/><N who="0" m="41515" /><D3/><U23/><E117/><V122/><F109/><W116/><G38/><T24/><D121/><U99/><E132/><V53/><F122/><W5/><G2/><T114/><D114/><U16/><E34/><V88/><F42/><W127/><G41/><T17/><D37/><U63/><E63/><V9/><F91/><W119/><G98/><T33/><D58/><U8/><E8/><V85/><F85/><W56/><G87/><T79/><D79/><U100/><E100/><AGARI ba="0,0" hai="14,17,22,24,28,33,80,82,96,100,104" m="41515" machi="100" ten="30,1000,0" yaku="14,1" doraHai="81" who="0" fromWho="1" sc="250,10,147,-10,230,0,373,0" /><INIT seed="3,0,0,4,1,19" ten="260,137,230,373" oya="3" hai0="50,118,6,135,66,34,71,116,100,99,46,48,110" hai1="49,134,10,65,33,94,92,131,68,130,83,80,16" hai2="121,7,132,2,125,55,109,96,64,133,0,24,73" hai3="87,78,129,53,41,67,15,60,104,22,70,81,62"/><W103/><G41/><T56/><D34/><U13/><E33/><V14/><F73/><W93/><G93/><T77/><D71/><U52/><E134/><N who="2" m="51819" /><F64/><W8/><G22/><T38/><D38/><U108/><E108/><V37/><F37/><W84/><G129/><N who="1" m="49162" /><E65/><V75/><F75/><W107/><G103/><T5/><D110/><U101/><E68/><V25/><F109/><W35/><G35/><T112/><D135/><U29/><E29/><V4/><F55/><W59/><G87/><T127/><D77/><U113/><E113/><V95/><F121/><W98/><G98/><T89/><D112/><U9/><E9/><N who="2" m="4415" /><F125/><W28/><G28/><T122/><D122/><U42/><E42/><V57/><F57/><W18/><AGARI ba="0,0" hai="8,15,18,53,59,60,62,67,70,78,81,84,104,107" machi="18" ten="20,2100,0" yaku="0,1,7,1" doraHai="19" who="3" fromWho="3" sc="260,-7,137,-7,230,-7,373,21" owari="253,5.3,130,-37.0,223,-17.7,394,49.4" /></mjloggm>