<mjloggm ver="2.3"><GO type="225" lobby="0"/><UN n0="%6E%69%63%6F%6E%74%6F" n1="%E5%A4%9C%E5%85%89%E5%A4%A9%E6%A5%BC" n2="%E3%81%BF%E3%81%BF%E3%81%9A" n3="%6D%75%75%73%61%6E%6D%75" dan="16,16,18,16" rate="2091.14,2099.03,2300.32,2081.49" sx="M,F,M,F"/><TAIKYOKU oya="0"/><INIT seed="0,0,0,0,3,132" ten="250,250,250,250" oya="0" hai0="60,129,118,70,95,51,98,90,46,78,14,26,53" hai1="4,110,120,113,92,87,114,102,124,111,76,66,126" hai2="119,1,81,19,105,68,20,24,104,12,121,55,100" hai3="43,48,71,127,57,34,130,103,10,125,32,115,61"/><T94/><D129/><U39/><E39/><V97/><F121/><W27/><G115/><N who="1" m="44042" /><E120/><V23/><F1/><W84/><G130/><T77/><D118/><U45/><E66/><V65/><F119/><W93/><G71/><T74/><D74/><U88/><E4/><V37/><F37/><W101/><G10/><T30/><D70/><U128/><E45/><V22/><F55/><W5/><G5/><T50/><D60/><U106/><E128/><V42/><F42/><W54/><G84/><T33/><D14/><U64/><E64/><V3/><F3/><W82/><G82/><T47/><REACH who="0" step="1"/><D94/><REACH who="0" ten="240,250,250,250" step="2"/><U56/><E111/><V44/><F105/><W75/><G75/><T62/><D62/><U31/><E110/><V96/><F68/><W18/><G93/><T91/><D91/><U13/><E13/><V109/><F109/><W63/><G63/><T25/><D25/><U69/><E69/><V15/><F65/><W133/><G133/><T58/><D58/><U79/><E56/><V41/><F104/><W21/><G101/><T7/><D7/><U0/><E0/><V86/><F100/><W116/><G103/><T122/><D122/><U85/><E102/><V117/><F117/><W83/><G116/><T112/><D112/><U135/><E106/><V131/><F131/><W107/><G107/><T2/><D2/><U28/><E135/><V59/><F59/><W11/><G83/><T89/><D89/><U73/><E73/><V36/><F12/><W52/><G61/><T123/><D123/><U99/><E88/><N who="2" m="51279" /><F15/><N who="3" m="7551" /><G57/><T80/><D80/><U134/><E134/><RYUUKYOKU ba="0,1" sc="240,15,250,-15,250,15,250,-15" hai0="26,30,33,46,47,50,51,53,77,78,90,95,98" hai2="19,20,22,23,24,36,41,44,96,97" /><INIT seed="0,1,1,0,4,27" ten="255,235,265,235" oya="0" hai0="96,20,90,127,10,84,46,83,64,4,108,45,26" hai1="47,14,70,89,35,74,123,99,69,82,102,17,58" hai2="135,41,124,63,107,16,12,51,62,53,33,3,42" hai3="97,105,68,6,85,54,130,122,110,24,28,7,125"/><T19/><D127/><U103/><E123/><V112/><F112/><W120/><G125/><T0/><D108/><U133/><E35/><V52/><F3/><W78/><G110/><T22/><D64/><U104/><E133/><V93/><F107/><W73/><G73/><T25/><REACH who="0" step="1"/><D96/><REACH who="0" ten="245,235,265,235" step="2"/><U101/><E99/><V21/><F124/><W132/><G97/><T43/><D43/><N who="2" m="16394" /><F135/><W61/><G132/><T134/><D134/><U113/><E113/><V30/><F53/><W98/><G54/><T88/><D88/><U60/><E89/><V94/><F33/><W15/><G120/><T11/><D11/><U48/><E102/><V34/><F34/><W2/><G122/><T128/><D128/><U131/><E131/><V31/><F63/><W37/><G130/><T59/><D59/><U18/><E58/><N who="2" m="33055" /><F62/><W106/><G61/><T100/><D100/><U67/><E103/><V111/><F111/><W49/><G105/><T29/><AGARI ba="1,2" hai="0,4,10,19,20,22,25,26,29,45,46,83,84,90" machi="29" ten="20,7800,0" yaku="1,1,0,1,7,1,52,1,53,0" doraHai="27" doraHaiUra="117" who="0" fromWho="0" sc="245,101,235,-27,265,-27,235,-27" /><INIT seed="0,2,0,1,5,35" ten="346,208,238,208" oya="0" hai0="135,97,106,101,95,14,30,92,0,115,116,1,2" hai1="71,105,108,69,125,33,66,100,63,22,109,70,11" hai2="114,123,21,29,65,111,73,120,54,62,132,50,20" hai3="17,3,80,60,122,46,89,42,72,68,4,49,81"/><T16/><D115/><U104/><E33/><V7/><F114/><W57/><G122/><T75/><D116/><U85/><E125/><V37/><F37/><W102/><G68/><T55/><D75/><U64/><E22/><V127/><F73/><W53/><G102/><T98/><D30/><U107/><E100/><V130/><F127/><W23/><G72/><T34/><D34/><U9/><E85/><V118/><F118/><W38/><G89/><T39/><D39/><U91/><E91/><V10/><F111/><N who="1" m="42569" /><E63/><V36/><F36/><W45/><G4/><T94/><D135/><U129/><E129/><V67/><F132/><W51/><G3/><T99/><REACH who="0" step="1"/><D55/><REACH who="0" ten="336,208,238,208" step="2"/><U83/><E83/><V32/><F32/><W76/><G38/><T48/><D48/><U121/><E121/><V58/><F29/><W128/><G128/><T112/><D112/><U59/><E66/><N who="2" m="39255" /><F130/><W93/><G76/><T86/><D86/><U43/><E64/><N who="2" m="24651" /><F120/><W56/><G49/><T103/><D103/><U28/><E28/><V13/><F123/><W44/><G51/><T77/><D77/><U15/><E43/><V25/><F25/><W12/><G42/><T18/><D18/><U8/><E59/><AGARI ba="2,1" hai="7,10,13,20,21,50,54,59" m="24651,39255" machi="59" ten="30,1000,0" yaku="8,1" doraHai="35" who="2" fromWho="1" sc="336,0,208,-16,238,26,208,0" /><INIT seed="1,0,0,2,3,114" ten="336,192,264,208" oya="1" hai0="105,82,108,60,133,125,80,40,57,71,66,100,54" hai1="130,116,45,97,28,50,103,104,27,129,94,25,84" hai2="9,33,68,52,128,39,106,19,13,77,1,126,26" hai3="119,69,58,34,43,75,92,88,120,127,89,85,101"/><U56/><E56/><V24/><F106/><W117/><G69/><T132/><D100/><U78/><E28/><V36/><F68/><W11/><G120/><T74/><D105/><U5/><E5/><V4/><F126/><W81/><G127/><T72/><D125/><U118/><E78/><V6/><F128/><N who="1" m="49257" /><E84/><V64/><F64/><W79/><G34/><T67/><D108/><U96/><E27/><V87/><F6/><W29/><G29/><T35/><D35/><U61/><E61/><V7/><F4/><W10/><G101/><T46/><D67/><U14/><E14/><V121/><F121/><W124/><G124/><T15/><D15/><U44/><E25/><V30/><F26/><W95/><G58/><T22/><D22/><U86/><E86/><V23/><F52/><W31/><G43/><T122/><D122/><U70/><E70/><V38/><F87/><N who="3" m="52255" /><G31/><T32/><D32/><U135/><E135/><N who="0" m="51785" /><D82/><U2/><E2/><V49/><F77/><W112/><G112/><T0/><D0/><U41/><E45/><V90/><F90/><AGARI ba="0,0" hai="41,44,50,90,94,96,97,103,104,116,118" m="49257" machi="90" ten="30,5800,0" yaku="19,1,52,2" doraHai="114" who="1" fromWho="2" sc="336,0,192,58,264,-58,208,0" /><INIT seed="1,1,0,4,5,94" ten="336,250,206,208" oya="1" hai0="74,97,15,92,113,37,64,96,40,33,35,128,130" hai1="27,13,63,3,83,104,28,114,111,55,16,126,4" hai2="129,121,34,78,122,50,102,131,86,91,9,17,62" hai3="32,41,99,19,44,93,38,95,61,5,68,89,56"/><U39/><E114/><V49/><F34/><N who="0" m="12810" /><D113/><U70/><E39/><V133/><F78/><W46/><G32/><T26/><D74/><U24/><E28/><V118/><F118/><W48/><G68/><T116/><D116/><U0/><E104/><V57/><F102/><W51/><G5/><T22/><D64/><U21/><E3/><V72/><F72/><W10/><G93/><T84/><D92/><U119/><E126/><V81/><F133/><W73/><G73/><T120/><D84/><U11/><E111/><V31/><F31/><W117/><G117/><T134/><D120/><N who="2" m="46186" /><F9/><W80/><G80/><T103/><D103/><U54/><E119/><V29/><F17/><W53/><REACH who="3" step="1"/><G44/><REACH who="3" ten="336,250,206,198" step="2"/><N who="0" m="23567" /><D134/><U79/><E70/><V42/><F29/><W77/><G77/><T7/><D7/><U85/><E4/><V69/><F69/><W45/><G45/><T100/><D100/><U66/><E79/><V132/><F132/><W90/><G90/><T76/><D76/><U125/><E83/><V110/><F110/><W23/><G23/><T124/><D124/><U88/><E88/><V58/><F58/><W127/><G127/><T60/><D60/><U98/><E125/><V115/><F115/><W25/><G25/><T8/><D26/><U2/><E27/><V106/><F106/><W107/><G107/><T12/><D22/><U75/><E75/><V14/><F14/><AGARI ba="1,1" hai="10,14,19,38,41,46,48,51,53,56,61,89,95,99" machi="14" ten="40,5200,0" yaku="1,1,52,1,53,1" doraHai="94" doraHaiUra="87" who="3" fromWho="2" sc="336,0,250,0,206,-55,198,65" /><INIT seed="2,0,0,3,1,72" ten="336,250,151,263" oya="2" hai0="83,132,116,11,67,121,16,110,60,19,17,14,15" hai1="123,75,3,20,66,4,37,120,46,49,68,73,114" hai2="42,54,61,93,99,70,40,94,101,74,98,24,55" hai3="12,108,119,97,81,53,69,127,86,100,90,77,84"/><V58/><F70/><W5/><G119/><T95/><D121/><N who="1" m="46667" /><E114/><V22/><F74/><W39/><G69/><T117/><D110/><U125/><E37/><V47/><F47/><W129/><G108/><T78/><D95/><U105/><E105/><V6/><F6/><W109/><G109/><T64/><D132/><U36/><E36/><V102/><REACH who="2" step="1"/><F55/><REACH who="2" ten="336,250,141,263" step="2"/><W2/><G53/><T29/><D116/><U7/><E7/><V59/><F59/><W25/><G5/><T130/><D117/><U124/><E4/><V88/><F88/><W133/><G90/><T18/><D64/><U76/><E75/><V103/><F103/><W21/><G100/><T85/><D130/><U41/><E66/><V50/><F50/><W33/><G129/><T35/><D67/><U26/><E68/><V107/><F107/><W80/><G133/><T118/><D118/><U56/><E56/><V134/><F134/><W131/><G131/><T57/><D57/><U111/><E111/><V1/><F1/><W96/><G2/><T52/><D52/><U92/><E3/><V8/><F8/><W10/><G10/><N who="0" m="6231" /><D60/><U51/><E49/><V91/><F91/><W106/><G106/><T34/><D11/><U27/><E51/><V45/><F45/><W13/><G39/><T122/><D122/><U23/><E46/><V63/><F63/><W9/><G9/><T104/><D104/><U38/><E38/><V65/><F65/><W113/><G113/><T126/><D15/><U30/><E73/><V112/><F112/><W44/><G12/><T0/><D0/><U62/><E62/><RYUUKYOKU ba="0,1" sc="336,-10,250,-10,141,30,263,-10" hai2="22,24,40,42,54,58,61,93,94,98,99,101,102" /><INIT seed="2,1,1,4,1,82" ten="326,240,171,253" oya="2" hai0="60,15,74,45,39,34,119,70,117,33,36,32,134" hai1="19,109,124,100,25,122,67,59,73,85,96,40,93" hai2="108,83,49,104,42,129,5,11,80,75,76,12,132" hai3="105,1,98,94,46,90,114,121,102,62,81,28,133"/><V23/><F129/><W84/><G121/><T13/><D74/><U24/><E73/><V52/><F132/><W77/><G133/><T54/><D134/><U68/><E122/><V128/><F128/><W47/><G1/><T10/><D45/><U91/><E109/><V48/><F104/><W6/><G6/><T106/><D106/><U26/><E124/><V101/><F101/><W31/><G114/><T16/><D15/><U3/><E68/><V89/><F108/><W50/><G62/><T65/><REACH who="0" step="1"/><D54/><REACH who="0" ten="316,240,171,253" step="2"/><U53/><E3/><V120/><F120/><W118/><G46/><T113/><D113/><U63/><E53/><V57/><F42/><N who="3" m="24951" /><G118/><AGARI ba="1,2" hai="10,13,16,32,33,34,36,39,60,65,70,117,118,119" machi="118" ten="50,6400,0" yaku="1,1,12,1,54,1,53,0" doraHai="82" doraHaiUra="38" who="0" fromWho="3" sc="316,87,240,0,171,0,253,-67" /><INIT seed="3,0,0,5,4,125" ten="403,240,171,186" oya="3" hai0="86,56,62,45,22,36,65,84,88,21,94,128,8" hai1="25,63,44,5,97,1,104,43,69,9,83,135,112" hai2="74,79,31,28,68,121,14,120,18,46,24,32,129" hai3="6,64,13,133,7,60,98,109,29,111,66,75,101"/><W108/><G133/><T71/><D128/><U41/><E112/><V100/><F129/><W76/><G29/><T107/><D107/><U115/><E115/><V130/><F130/><W116/><G116/><T96/><D71/><U16/><E83/><N who="2" m="45559" /><F68/><W122/><G122/><N who="2" m="47209" /><F100/><W131/><G131/><T50/><D36/><U20/><E44/><V85/><F31/><W55/><G76/><T40/><D8/><U0/><E0/><V113/><F113/><W118/><G75/><T77/><D77/><U110/><E135/><V11/><F46/><W73/><G73/><T102/><D102/><U47/><E97/><V12/><F14/><W95/><G118/><T33/><D33/><U27/><E104/><V103/><F103/><W90/><G101/><T2/><D2/><U89/><E9/><V30/><F30/><W124/><G124/><T15/><D15/><U53/><E5/><N who="3" m="1546" /><G13/><T82/><D82/><U132/><E132/><V126/><F126/><W48/><G60/><T49/><D49/><U123/><E63/><V93/><F93/><W119/><G119/><T10/><D10/><U26/><E26/><V34/><F85/><AGARI ba="0,0" hai="21,22,40,45,50,56,62,65,84,85,86,88,94,96" machi="85" ten="40,2600,0" yaku="8,1,54,1" doraHai="125" who="0" fromWho="2" sc="403,26,240,0,171,-26,186,0" owari="429,52.9,240,4.0,145,-35.5,186,-21.4" /></mjloggm>