<mjloggm ver="2.3"><GO type="225" lobby="0"/><UN n0="%33%74%72%65%65" n1="%E3%81%AF%E3%82%88%E3%81%8A%E3%81%98%E3%81%95%E3%82%93" n2="%E2%91%A3%E9%81%BF%E9%81%8A%E6%88%AF%E3%80%90%E6%9D%B1%E5%8D%97%E3%80%91" n3="%72%69%6F%75%63%68%61%6E" dan="17,16,16,16" rate="2208.33,2103.90,2041.09,2201.05" sx="F,M,M,M"/><TAIKYOKU oya="0"/><INIT seed="0,0,0,1,0,68" ten="250,250,250,250" oya="0" hai0="16,24,40,105,29,130,81,25,56,98,72,94,28" hai1="106,22,62,43,17,0,41,12,51,120,15,114,129" hai2="116,126,127,103,79,7,2,35,90,96,75,42,1" hai3="48,3,104,92,76,20,44,55,66,65,88,53,123"/><T33/><D130/><U99/><E0/><V86/><F35/><W71/><G104/><T121/><D121/><U26/><E120/><V97/><F7/><W111/><G111/><T45/><D105/><U54/><E129/><V5/><F5/><W69/><G123/><T31/><D56/><U64/><E114/><V85/><F42/><W37/><G3/><T107/><D107/><U77/><E77/><V49/><F49/><W82/><G37/><T87/><D72/><U128/><E128/><V78/><F75/><W14/><G53/><T13/><D87/><U118/><E118/><V101/><REACH who="2" step="1"/><F90/><REACH who="2" ten="250,250,240,250" step="2"/><W60/><G88/><T133/><D33/><U100/><E41/><V34/><F34/><W23/><G48/><N who="0" m="26663" /><D133/><U30/><E43/><V80/><F80/><W61/><G82/><T59/><D81/><U8/><E51/><V132/><F132/><W57/><G60/><T93/><D93/><U74/><E74/><V112/><F112/><W91/><G92/><T58/><D94/><U119/><E119/><AGARI ba="0,1" hai="1,2,78,79,85,86,96,97,101,103,116,119,126,127" machi="119" ten="25,3200,0" yaku="1,1,22,2,53,0" doraHai="68" doraHaiUra="50" who="2" fromWho="1" sc="250,0,250,-32,240,42,250,0" /><INIT seed="1,0,0,5,0,108" ten="250,218,282,250" oya="1" hai0="74,109,0,99,89,20,78,65,28,55,32,133,45" hai1="104,46,1,3,76,81,30,34,22,13,25,63,131" hai2="96,117,11,53,84,127,14,111,4,16,71,7,31" hai3="122,58,60,110,36,128,121,68,120,52,47,85,57"/><U8/><E131/><V27/><F117/><W123/><G85/><T17/><D109/><U114/><E104/><V49/><F111/><W107/><G110/><T61/><D0/><U59/><E46/><V15/><F71/><W50/><G107/><T86/><D133/><U98/><E98/><V12/><F127/><W43/><G128/><T35/><D28/><U18/><E34/><V62/><F62/><W64/><N who="3" m="30720" /><DORA hai="73" /><W5/><REACH who="3" step="1"/><G5/><REACH who="3" ten="250,218,282,240" step="2"/><T67/><D86/><U75/><REACH who="1" step="1"/><E114/><REACH who="1" ten="250,208,282,240" step="2"/><V42/><F7/><W129/><G129/><T26/><D99/><U119/><E119/><V87/><F96/><W115/><G115/><T29/><D35/><U103/><E103/><V19/><F4/><W132/><G132/><T118/><D32/><U24/><E24/><V2/><F27/><W51/><G51/><T124/><D26/><U126/><E126/><V66/><F49/><W91/><G91/><T10/><D89/><U93/><E93/><V116/><F116/><W112/><G112/><T90/><D118/><U79/><E79/><V135/><F135/><W23/><G23/><T54/><D90/><U100/><E100/><V48/><F48/><W92/><G92/><T95/><D95/><U77/><E77/><V33/><F33/><W102/><G102/><T83/><D124/><U72/><E72/><V125/><F125/><W88/><G88/><T69/><D20/><U39/><E39/><V70/><F11/><W101/><G101/><T21/><D10/><U94/><E94/><V37/><F37/><W40/><G40/><T9/><D9/><U41/><E41/><RYUUKYOKU ba="0,2" sc="250,-15,208,15,282,-15,240,15" hai1="1,3,8,13,18,22,25,30,59,63,75,76,81" hai3="36,43,47,50,52,57,58,60,64,68" /><INIT seed="1,1,2,0,2,77" ten="235,223,267,255" oya="1" hai0="45,62,76,119,20,63,133,11,33,24,27,25,10" hai1="79,56,43,97,2,7,4,72,55,5,60,98,123" hai2="109,95,114,110,91,118,104,57,93,85,9,29,67" hai3="22,66,90,31,44,34,32,18,126,124,122,92,78"/><U87/><E123/><V46/><F104/><W6/><G122/><T71/><D119/><U8/><E72/><V127/><F118/><W50/><G66/><T30/><D133/><U47/><E2/><V12/><F29/><W65/><G6/><T116/><D116/><U14/><E97/><V61/><F114/><W74/><G65/><T28/><D27/><U135/><E135/><V105/><F105/><W21/><G31/><T108/><D108/><U117/><E117/><V69/><F127/><N who="3" m="48683" /><G22/><T35/><D20/><U80/><REACH who="1" step="1"/><E98/><REACH who="1" ten="235,213,267,255" step="2"/><V1/><F1/><W120/><G120/><T15/><D35/><U0/><E0/><V38/><F110/><W17/><G32/><T121/><D33/><U13/><E13/><V58/><F109/><W128/><G34/><T59/><D15/><U16/><E16/><V75/><F75/><W89/><G17/><T51/><D121/><U96/><E96/><V132/><F132/><W99/><G74/><T37/><D28/><U40/><E40/><V73/><F73/><W48/><G18/><T26/><D30/><U100/><E100/><V49/><F12/><W23/><G99/><T64/><D25/><U70/><E70/><V101/><F101/><W83/><G21/><T115/><D24/><U106/><E106/><V68/><F69/><W102/><G23/><T84/><D26/><U82/><E82/><V3/><F68/><W88/><G102/><T125/><D125/><U41/><E41/><V134/><F3/><W54/><G83/><T107/><D71/><U53/><E53/><V94/><F134/><W81/><G54/><RYUUKYOKU ba="1,3" sc="235,-10,213,30,267,-10,255,-10" hai1="4,5,7,8,14,43,47,55,56,60,79,80,87" /><INIT seed="1,2,3,5,2,135" ten="225,243,257,245" oya="1" hai0="37,9,86,74,32,93,23,95,107,133,62,116,4" hai1="78,113,81,91,70,99,111,34,115,36,39,15,29" hai2="128,64,63,71,82,103,129,5,19,114,105,43,96" hai3="67,109,72,49,119,66,21,0,88,40,24,130,124"/><U59/><E70/><V57/><F114/><W125/><G109/><T50/><D116/><U2/><E2/><V12/><F5/><W84/><G130/><T101/><D32/><U117/><E117/><V45/><F82/><W33/><G72/><T46/><D74/><U100/><E91/><V123/><F123/><W126/><G0/><T120/><D37/><U87/><E111/><V112/><F112/><W13/><G119/><T8/><D133/><U41/><E39/><V132/><F132/><W42/><G13/><T16/><D120/><U92/><E59/><V89/><F89/><W102/><G33/><T17/><D86/><U38/><E38/><V25/><F25/><W68/><G102/><T76/><D76/><U11/><E41/><N who="3" m="15978" /><G49/><T65/><D107/><U110/><E36/><V28/><F28/><N who="3" m="17423" /><G68/><T53/><D101/><U47/><E47/><V94/><F45/><W20/><G20/><T6/><D23/><U30/><E110/><V44/><F44/><W77/><G77/><T27/><D27/><N who="1" m="18751" /><E30/><V52/><F43/><W75/><G75/><T83/><D83/><AGARI ba="2,3" hai="66,67,83,84,88,124,125,126" m="17423,15978" machi="83" ten="30,8000,1" yaku="18,1,52,3,54,1" doraHai="135" who="3" fromWho="0" sc="225,-86,243,0,257,0,245,116" /><INIT seed="2,0,0,2,2,38" ten="139,243,257,361" oya="2" hai0="89,133,127,57,14,54,88,30,74,37,114,58,48" hai1="3,121,64,95,18,23,63,106,42,131,111,35,50" hai2="68,81,7,47,59,120,103,77,27,34,33,86,91" hai3="116,92,71,75,53,96,99,55,12,108,78,82,8"/><V73/><F120/><W112/><G108/><T126/><D114/><U31/><E106/><V90/><F68/><W102/><G116/><T25/><D74/><U11/><E111/><V66/><F7/><W9/><G112/><T101/><D101/><U70/><E121/><V56/><F103/><W17/><G71/><T134/><D14/><U79/><E131/><V20/><F66/><W24/><G24/><T128/><D37/><U87/><E35/><V109/><F109/><W93/><REACH who="3" step="1"/><G9/><REACH who="3" ten="139,243,257,351" step="2"/><T110/><D110/><U117/><E11/><V132/><F132/><N who="0" m="50794" /><D128/><U80/><E117/><V21/><F34/><W51/><G51/><T2/><D2/><U72/><E50/><V26/><F33/><W13/><G13/><T129/><D129/><U46/><E3/><V107/><F107/><W0/><G0/><T119/><D119/><U16/><E70/><V125/><F125/><N who="0" m="47626" /><D58/><U1/><E1/><V45/><F73/><W49/><G49/><T115/><D115/><U43/><E72/><V97/><F59/><W85/><G85/><T124/><N who="0" m="47634" /><T76/><DORA hai="104" /><D76/><U10/><E87/><V83/><F56/><W122/><G122/><T22/><AGARI ba="0,1" hai="22,25,30,48,54,57,88,89" m="47634,50794" machi="22" ten="50,6400,0" yaku="20,1,18,1,54,1" doraHai="38,104" who="0" fromWho="0" sc="139,74,243,-16,257,-32,351,-16" /><INIT seed="3,0,0,3,4,58" ten="213,227,225,335" oya="3" hai0="119,60,93,74,13,101,80,57,68,127,21,96,17" hai1="120,123,113,63,18,50,107,97,1,108,126,81,14" hai2="37,16,7,11,70,61,116,105,29,79,26,95,131" hai3="19,40,122,3,115,31,0,42,9,64,77,47,8"/><W20/><G115/><T85/><D119/><U86/><E113/><V46/><F116/><W102/><G122/><T38/><D127/><U92/><E1/><V111/><F105/><W112/><G77/><N who="0" m="46223" /><D68/><U103/><E107/><V128/><F111/><W110/><G102/><T72/><D38/><U135/><E126/><V87/><F46/><W36/><G64/><N who="0" m="38927" /><D74/><U15/><E108/><V51/><F37/><W56/><G36/><T118/><D72/><U100/><E135/><V6/><F51/><W82/><G0/><T45/><D118/><U48/><E103/><V78/><F78/><W55/><G3/><T73/><D73/><U22/><E123/><V28/><F79/><W133/><G110/><T4/><D45/><U69/><E120/><V67/><F87/><W39/><G47/><T117/><D117/><U65/><E14/><N who="2" m="7263" /><F95/><W5/><G39/><T124/><D124/><U66/><E65/><V114/><F114/><W98/><G112/><T54/><D54/><U75/><E75/><V30/><F26/><W10/><G55/><T25/><D25/><U90/><AGARI ba="0,0" hai="15,18,22,48,50,63,66,69,81,86,90,92,97,100" machi="90" ten="20,2700,0" yaku="0,1,7,1,52,1" doraHai="58" who="1" fromWho="1" sc="213,-7,227,27,225,-7,335,-13" owari="206,-29.4,254,5.4,218,-18.2,322,42.2" /></mjloggm>