<mjloggm ver="2.3"><GO type="225" lobby="0"/><UN n0="%E4%BA%BA%E9%96%93%E3%83%81%E3%83%A3%E3%83%BC%E3%83%8F%E3%83%B3" n1="%E4%BF%BA%E3%81%A8%E5%A6%96%E5%A4%A2" n2="%E6%9D%B1%E9%A2%A8%E3%81%AE%E3%81%8D%E3%82%83%E3%81%B7%E3%81%95%E3%82%93" n3="%E5%B8%86%E7%AB%8B%E5%A4%8F%E8%A1%A3" dan="16,17,17,16" rate="2156.46,2184.16,2165.08,2178.47" sx="M,F,M,M"/><TAIKYOKU oya="0"/><INIT seed="0,0,0,3,0,13" ten="250,250,250,250" oya="0" hai0="117,74,24,33,70,94,132,58,100,9,92,44,39" hai1="95,131,124,47,36,135,65,15,86,48,40,110,115" hai2="126,83,107,97,54,76,63,62,27,90,1,6,56" hai3="81,53,134,10,79,4,121,118,101,123,28,102,116"/><T80/><D117/><N who="3" m="45161" /><G53/><T109/><D70/><U17/><E110/><V88/><F126/><W7/><G28/><T99/><D109/><U113/><E124/><V68/><F27/><W129/><G10/><T8/><D132/><U11/><E135/><V91/><F6/><N who="3" m="2091" /><G134/><T112/><D112/><N who="1" m="43083" /><E65/><V60/><F1/><W93/><G93/><T43/><D58/><U18/><E131/><V72/><REACH who="2" step="1"/><F68/><REACH who="2" ten="250,250,240,250" step="2"/><W0/><G0/><T77/><REACH who="0" step="1"/><D92/><REACH who="0" ten="240,250,240,250" step="2"/><U128/><E128/><V73/><F73/><W66/><G129/><T82/><D82/><U51/><E95/><V20/><F20/><W42/><G81/><T125/><D125/><U84/><E11/><V31/><F31/><AGARI ba="0,2" hai="8,9,24,31,33,39,43,44,74,77,80,94,99,100" machi="31" ten="40,2000,0" yaku="1,1,53,0" doraHai="13" doraHaiUra="32" who="0" fromWho="2" sc="240,40,250,0,240,-20,250,0" /><INIT seed="0,1,0,2,2,61" ten="280,250,220,250" oya="0" hai0="36,107,116,90,130,1,22,98,71,76,127,85,82" hai1="17,81,92,46,101,41,133,30,100,18,14,122,62" hai2="88,6,63,25,86,58,10,23,7,64,126,37,114" hai3="72,135,21,97,49,87,56,118,111,32,113,65,55"/><T16/><D116/><U13/><E122/><V124/><F37/><W95/><G72/><T80/><D36/><U125/><E125/><N who="2" m="48235" /><F10/><W73/><G73/><T110/><D1/><U57/><E30/><N who="2" m="17727" /><F114/><W75/><G75/><T103/><D127/><U3/><E3/><V104/><F104/><W131/><G32/><T34/><D34/><U91/><E81/><AGARI ba="1,0" hai="6,7,58,63,64,81,86,88" m="17727,48235" machi="81" ten="30,3900,0" yaku="18,1,52,1,54,1" doraHai="61" who="2" fromWho="1" sc="280,0,250,-42,220,42,250,0" /><INIT seed="1,0,0,1,3,48" ten="280,208,262,250" oya="1" hai0="20,92,94,97,135,35,4,122,15,30,47,89,38" hai1="71,123,39,53,58,109,8,70,21,90,60,57,67" hai2="0,118,80,100,24,31,14,133,82,1,104,83,66" hai3="3,29,130,68,131,44,18,106,91,110,128,13,2"/><U22/><E123/><V63/><F118/><W115/><G68/><T93/><D122/><U102/><E39/><V95/><F133/><W84/><G106/><T64/><D135/><U69/><E109/><V120/><F14/><W26/><G44/><T9/><D35/><U119/><E119/><V27/><F120/><W75/><G75/><T7/><D64/><U5/><E90/><V19/><F19/><W62/><G62/><T108/><D108/><U73/><E73/><V17/><F17/><W117/><G110/><T56/><D38/><U113/><E102/><V23/><F27/><W107/><G107/><T43/><D56/><U10/><E113/><V112/><F104/><W28/><G117/><T132/><D132/><U126/><E126/><V124/><F124/><W55/><G55/><T51/><REACH who="0" step="1"/><D7/><REACH who="0" ten="270,208,262,250" step="2"/><U74/><E74/><V46/><F112/><W37/><G37/><T85/><D85/><U45/><E45/><V111/><F46/><W125/><G125/><T52/><D52/><U103/><E57/><N who="2" m="37231" /><F111/><W76/><G115/><T79/><D79/><U41/><E67/><V121/><F121/><W54/><G76/><T134/><D134/><U77/><E77/><V40/><F40/><W61/><G130/><T25/><AGARI ba="0,1" hai="4,9,15,20,25,30,43,47,51,89,92,93,94,97" machi="25" ten="30,4000,0" yaku="1,1,0,1,8,1,53,0" doraHai="48" doraHaiUra="96" who="0" fromWho="0" sc="270,50,208,-20,262,-10,250,-10" /><INIT seed="2,0,0,4,5,104" ten="320,188,252,240" oya="2" hai0="37,92,134,31,88,87,8,33,7,112,24,50,54" hai1="64,30,111,103,81,94,65,22,118,117,62,6,12" hai2="9,135,1,56,119,73,39,38,49,18,45,97,13" hai3="98,34,52,10,71,115,78,74,19,116,44,43,82"/><V109/><F119/><W47/><G116/><T15/><D37/><U3/><E111/><V48/><F1/><W131/><G71/><T90/><D134/><U36/><E36/><V86/><F135/><W101/><G34/><T108/><D90/><U129/><E129/><V28/><F109/><W53/><G115/><T130/><D108/><U91/><E3/><V58/><F73/><W122/><G122/><T79/><D130/><U85/><E65/><V27/><F86/><W11/><G131/><T32/><D32/><U70/><E6/><V29/><F97/><W67/><G67/><T0/><D112/><U95/><E95/><V127/><F127/><W100/><G100/><T84/><D0/><U125/><E125/><V25/><F45/><W5/><G19/><T106/><D106/><U132/><E132/><V123/><F18/><W96/><G47/><T21/><D33/><U55/><E55/><V41/><F13/><W120/><G98/><N who="0" m="57607" /><D79/><U35/><E35/><V20/><F9/><W77/><G77/><T42/><D42/><U133/><E133/><V4/><F41/><W110/><G11/><T114/><D114/><U59/><E70/><V128/><F128/><W99/><G99/><T17/><D31/><U76/><E12/><V14/><F14/><N who="3" m="5455" /><G120/><T63/><D63/><U107/><E107/><V66/><F123/><W68/><G68/><T57/><AGARI ba="0,0" hai="7,8,15,17,21,24,50,54,57,84,87" m="57607" machi="57" ten="30,2000,0" yaku="8,1,54,1" doraHai="104" who="0" fromWho="0" sc="320,20,188,-5,252,-10,240,-5" /><INIT seed="3,0,0,1,1,106" ten="340,183,242,235" oya="3" hai0="22,84,105,99,101,124,127,56,60,7,15,108,90" hai1="65,112,48,10,35,39,114,123,113,83,1,64,102" hai2="80,130,71,23,34,9,55,5,25,62,2,73,93" hai3="21,81,117,16,89,59,28,44,3,49,66,53,12"/><W36/><G117/><T63/><D108/><U20/><E35/><V57/><F130/><W128/><G128/><T135/><D135/><U70/><E123/><V91/><F34/><W27/><G3/><T11/><D22/><U72/><E39/><V47/><F71/><W50/><G36/><T46/><D46/><U116/><E116/><V78/><F47/><W87/><G66/><T119/><D119/><U51/><E102/><V45/><F45/><W13/><REACH who="3" step="1"/><G28/><REACH who="3" ten="340,183,242,225" step="2"/><T115/><D115/><U31/><E65/><V109/><F109/><W133/><G133/><T85/><D124/><U75/><E64/><V54/><F54/><AGARI ba="0,1" hai="12,13,16,21,27,44,49,50,53,54,59,81,87,89" machi="54" ten="30,18000,2" yaku="1,1,7,1,8,1,54,1,53,2" doraHai="106" doraHaiUra="8" who="3" fromWho="2" sc="340,0,183,0,242,-180,225,190" owari="340,14.0,183,-21.7,62,-43.8,415,51.5" /></mjloggm>