<mjloggm ver="2.3"><GO type="225" lobby="0"/><UN n0="%E3%81%BF%E3%81%BF%E3%81%9A" n1="%6D%75%75%6D%75%72%61" n2="%E5%8D%A0%E3%81%84%E5%B8%AB%E8%A3%8F%E3%81%AA%E3%81%84%E3%81%97" n3="%E5%AE%AE%E4%BF%9D%E9%B6%8F%E8%82%89" dan="16,17,16,16" rate="2140.73,2222.34,2115.00,2141.90" sx="M,F,M,M"/><TAIKYOKU oya="0"/><INIT seed="0,0,0,0,3,99" ten="250,250,250,250" oya="0" hai0="10,89,113,71,66,0,103,1,15,20,95,85,23" hai1="107,87,79,63,33,41,135,42,130,80,72,16,111" hai2="8,117,2,69,61,32,131,81,5,48,110,102,26" hai3="34,93,59,112,115,124,101,54,109,65,133,50,84"/><T77/><D113/><U13/><E33/><V127/><F110/><W35/><G109/><T17/><D77/><U94/><E111/><V105/><F127/><W40/><G124/><T68/><D23/><U116/><E116/><V92/><F117/><W28/><G133/><T60/><D71/><U106/><E135/><V123/><F92/><W47/><G65/><T122/><D122/><U37/><E130/><V45/><F81/><W46/><G46/><T21/><D21/><U125/><E125/><V75/><F75/><W12/><G12/><T67/><D67/><U4/><E4/><V58/><F69/><W90/><G101/><T22/><D22/><U114/><E114/><V128/><F123/><W25/><REACH who="3" step="1"/><G35/><REACH who="3" ten="250,250,250,240" step="2"/><T62/><D103/><U52/><E41/><V3/><F102/><W6/><G6/><T53/><D66/><U29/><E42/><N who="2" m="24631" /><F3/><W126/><G126/><T64/><D10/><U129/><E129/><V74/><F105/><W57/><G57/><T39/><D39/><AGARI ba="0,1" hai="25,28,34,39,40,47,50,54,59,84,90,93,112,115" machi="39" ten="30,3900,0" yaku="1,1,7,1,53,1" doraHai="99" doraHaiUra="24" who="3" fromWho="0" sc="250,-39,250,0,250,0,240,49" /><INIT seed="1,0,0,3,5,123" ten="211,250,250,289" oya="1" hai0="22,39,29,85,27,100,84,80,53,118,38,110,45" hai1="36,71,126,87,43,54,75,128,50,6,41,67,61" hai2="88,96,93,62,55,10,72,51,20,116,120,90,21" hai3="125,63,7,19,115,82,106,105,129,0,31,97,112"/><U3/><E75/><V131/><F116/><W32/><G125/><T30/><D118/><U49/><E126/><V25/><F120/><W24/><G129/><T68/><D68/><U46/><E128/><V15/><F72/><W111/><G111/><T65/><D65/><U133/><E133/><V119/><F119/><W103/><G105/><T94/><D110/><U95/><E3/><V74/><F74/><W117/><G82/><T26/><D53/><N who="1" m="29879" /><E6/><V127/><F127/><W16/><G117/><T17/><D45/><N who="1" m="27983" /><E87/><V12/><F131/><W5/><G5/><T1/><D1/><U122/><E95/><V114/><F114/><W76/><G76/><T134/><D134/><U47/><E122/><V83/><F62/><W23/><G63/><T52/><D52/><U4/><E4/><V92/><F83/><W42/><G42/><AGARI ba="0,0" hai="36,41,42,43,47,61,67,71" m="27983,29879" machi="42" ten="30,12000,1" yaku="35,5" doraHai="123" who="1" fromWho="3" sc="211,0,250,120,250,0,289,-120" /><INIT seed="1,1,0,4,5,32" ten="211,370,250,169" oya="1" hai0="110,52,55,67,27,50,36,94,33,131,96,28,81" hai1="108,132,117,112,134,9,114,24,13,58,100,11,64" hai2="107,123,12,65,106,90,8,104,78,7,77,49,44" hai3="59,116,61,18,102,63,99,88,38,4,35,1,75"/><U15/><E100/><V45/><F123/><W118/><G35/><T111/><D36/><U30/><E64/><V84/><F65/><W113/><G113/><N who="1" m="43626" /><E58/><V83/><REACH who="2" step="1"/><F45/><REACH who="2" ten="211,370,240,169" step="2"/><W86/><G118/><T95/><D67/><U76/><E117/><V87/><F87/><W39/><G75/><T109/><D131/><U2/><E108/><V14/><F14/><W69/><G116/><T0/><D0/><U127/><E2/><V79/><F79/><W89/><G86/><T125/><D125/><U115/><E76/><V70/><F70/><W26/><G69/><T47/><D81/><U121/><E115/><V126/><F126/><W3/><G3/><T120/><D120/><U51/><E121/><V91/><F91/><W53/><G89/><T21/><D96/><U82/><E127/><V5/><F5/><W128/><G128/><T71/><D71/><U72/><E72/><V73/><F73/><W19/><G102/><T119/><D119/><U103/><E82/><V40/><AGARI ba="1,1" hai="7,8,12,40,44,49,77,78,83,84,90,104,106,107" machi="40" ten="30,2000,0" yaku="1,1,0,1,53,0" doraHai="32" doraHaiUra="93" who="2" fromWho="2" sc="211,-6,370,-11,240,33,169,-6" /><INIT seed="2,0,0,0,5,79" ten="205,359,273,163" oya="2" hai0="44,86,124,110,69,35,80,40,37,14,114,62,112" hai1="77,84,29,13,87,111,23,38,49,27,47,119,129" hai2="113,95,93,105,5,98,107,57,127,94,109,2,9" hai3="117,8,133,33,41,63,134,132,3,56,72,125,36"/><V135/><F113/><W88/><G117/><T55/><D35/><U4/><E119/><V31/><F127/><W34/><G125/><T30/><D30/><U16/><E38/><V68/><F68/><W123/><G123/><T32/><D32/><U131/><E111/><V97/><F109/><W130/><G130/><N who="1" m="49674" /><E4/><V53/><F31/><W126/><G126/><T11/><D124/><U22/><E77/><V108/><F108/><W101/><G101/><T118/><D110/><U71/><E71/><V17/><F17/><W59/><G72/><T115/><D118/><U19/><E19/><V10/><F10/><W120/><G120/><T81/><D86/><U6/><E6/><V48/><REACH who="2" step="1"/><F135/><REACH who="2" ten="205,359,263,163" step="2"/><W82/><G8/><T50/><D11/><U18/><E18/><V58/><F58/><N who="3" m="22059" /><G3/><T116/><D116/><U51/><E51/><V39/><F39/><W100/><G63/><T128/><D128/><U74/><E74/><V104/><AGARI ba="0,1" hai="2,5,9,48,53,57,93,94,95,97,98,104,105,107" machi="104" ten="40,12000,1" yaku="1,1,0,1,53,3" doraHai="79" doraHaiUra="103" who="2" fromWho="2" sc="205,-40,359,-40,263,130,163,-40" /><INIT seed="2,1,0,4,2,40" ten="165,319,393,123" oya="2" hai0="133,39,103,28,41,51,123,66,109,68,54,62,77" hai1="130,48,74,117,112,14,76,88,75,5,44,32,1" hai2="24,119,67,135,98,95,129,11,55,13,118,33,84" hai3="90,47,29,83,43,97,125,91,60,124,37,57,10"/><V61/><F129/><W46/><G29/><T93/><D77/><U107/><E112/><V56/><F135/><W26/><G26/><T96/><D109/><U92/><E117/><V22/><F33/><W87/><G10/><T81/><D133/><U115/><E1/><V82/><F82/><W72/><G72/><T100/><D81/><U71/><E107/><V127/><F127/><N who="3" m="48715" /><G43/><T120/><D103/><U53/><E115/><V132/><F84/><W113/><G37/><T80/><D80/><U134/><E71/><V122/><F122/><W9/><G9/><T128/><D128/><U38/><E134/><V52/><F132/><W31/><G31/><T94/><D94/><U78/><E130/><V99/><F99/><W19/><G19/><T70/><D70/><U17/><E32/><V101/><F119/><W104/><G113/><T111/><D28/><U116/><E38/><V0/><F0/><W50/><G50/><T21/><D21/><U110/><E116/><V30/><F118/><W89/><G104/><T49/><D49/><U25/><E110/><V4/><AGARI ba="1,0" hai="4,11,13,22,24,30,52,55,56,61,67,95,98,101" machi="4" ten="20,18000,2" yaku="0,1,7,1,25,2,8,1,54,1" doraHai="40" who="2" fromWho="2" sc="165,-61,319,-61,393,183,123,-61" /><INIT seed="2,2,0,4,1,122" ten="104,258,576,62" oya="2" hai0="60,59,15,96,74,75,115,82,5,21,72,42,16" hai1="87,22,116,89,86,1,131,61,97,28,49,38,20" hai2="52,25,104,27,53,65,127,78,71,0,57,62,43" hai3="50,14,46,66,44,70,129,2,83,8,134,3,133"/><V92/><F104/><W100/><G70/><T107/><D115/><U119/><E38/><V10/><F127/><W121/><G66/><T93/><D107/><U114/><E114/><V106/><F106/><W35/><G121/><T64/><D42/><U47/><E131/><V135/><F135/><N who="3" m="51723" /><G35/><T24/><D82/><U103/><E1/><N who="3" m="10" /><G129/><T54/><D5/><U99/><E61/><V110/><F78/><W23/><G100/><T67/><REACH who="0" step="1"/><D15/><REACH who="0" ten="94,258,576,62" step="2"/><U95/><E116/><V77/><F0/><W130/><G130/><T88/><AGARI ba="2,1" hai="16,21,24,54,59,60,64,67,72,74,75,88,93,96" machi="88" ten="30,12000,2" yaku="1,1,2,1,0,1,25,2,54,2,53,0" doraHai="122" doraHaiUra="118" who="0" fromWho="0" sc="94,136,258,-32,576,-62,62,-32" /><INIT seed="3,0,0,0,1,78" ten="230,226,514,30" oya="3" hai0="68,41,46,103,127,95,85,58,3,59,133,111,99" hai1="93,19,116,126,88,34,63,31,40,72,44,106,9" hai2="49,105,12,122,104,26,53,123,13,43,89,61,64" hai3="18,76,130,109,38,37,91,112,102,90,30,62,96"/><W67/><G112/><T69/><D3/><U28/><E106/><N who="2" m="41067" /><F43/><W135/><G135/><T73/><D111/><U84/><E34/><V23/><F89/><W11/><G109/><T15/><D127/><U110/><E110/><V50/><F12/><W94/><G130/><T65/><D73/><U29/><E72/><V45/><F13/><W42/><G76/><T124/><D124/><U10/><E126/><V100/><F100/><W71/><G30/><T1/><D1/><U56/><E116/><V2/><F2/><W121/><G121/><N who="2" m="46089" /><F50/><W87/><G42/><T70/><D15/><U36/><REACH who="1" step="1"/><E19/><REACH who="1" ten="230,216,514,30" step="2"/><N who="2" m="12671" /><F61/><W66/><G66/><AGARI ba="0,1" hai="9,10,28,29,31,36,40,44,56,63,66,84,88,93" machi="66" ten="40,2600,0" yaku="1,1,54,1,53,0" doraHai="78" doraHaiUra="79" who="1" fromWho="3" sc="230,0,216,36,514,0,30,-26" /><AGARI ba="0,0" hai="45,49,53,64,66" m="12671,46089,41067" machi="66" ten="30,1000,0" yaku="13,1" doraHai="78" who="2" fromWho="3" sc="230,0,252,0,514,10,4,-10" owari="230,-17.0,252,5.2,524,62.4,-6,-50.6" /></mjloggm>