<mjloggm ver="2.3"><GO type="225" lobby="0"/><UN n0="%E3%83%A9%E3%82%B9%E7%8E%87%EF%BC%93%E5%89%B2" n1="%6D%61%74%69%67%75%73%61" n2="%E3%83%A9%E3%82%A4%E3%83%B3%E3%81%AE%E8%99%8E" n3="%E4%BC%8A%E9%81%94%E6%9C%B1%E9%87%8C%E7%B4%97" dan="16,17,16,16" rate="2172.07,2188.99,2101.92,2107.26" sx="F,M,M,F"/><TAIKYOKU oya="0"/><INIT seed="0,0,0,4,3,21" ten="250,250,250,250" oya="0" hai0="115,0,131,79,125,36,14,101,10,44,43,49,84" hai1="94,106,11,54,89,20,12,37,108,3,113,82,55" hai2="107,30,102,59,29,114,132,97,105,122,73,67,34" hai3="103,13,24,72,41,2,52,7,40,111,85,127,23"/><T22/><D115/><U109/><E106/><V120/><F114/><W48/><G72/><T99/><D131/><U92/><E113/><V46/><F73/><W66/><G111/><N who="1" m="42570" /><E37/><V128/><F128/><W88/><G103/><T60/><D125/><U121/><E3/><V26/><F105/><W135/><G66/><T118/><D118/><U19/><E82/><V93/><F132/><W71/><G71/><T32/><D32/><U134/><E94/><V5/><F5/><W96/><G96/><T51/><D0/><U33/><E33/><V126/><F126/><W68/><G68/><T100/><D60/><U76/><E76/><V110/><F107/><W18/><G135/><T27/><D36/><U83/><E83/><V8/><F8/><N who="3" m="4255" /><G2/><T124/><D51/><U42/><E42/><V90/><F102/><W25/><G25/><T104/><D124/><U6/><E121/><V35/><F110/><W53/><G127/><T56/><D101/><U39/><E39/><V47/><F120/><W78/><G78/><T69/><D69/><U63/><E134/><V61/><F122/><W62/><G62/><T112/><D112/><U65/><E63/><V57/><F57/><N who="3" m="32903" /><G53/><T75/><D56/><U129/><E65/><V74/><F74/><W95/><AGARI ba="0,0" hai="18,23,24,40,41,85,88,95" m="32903,4255" machi="95" ten="30,7900,0" yaku="8,1,52,1,54,2" doraHai="21" who="3" fromWho="3" sc="250,-39,250,-20,250,-20,250,79" /><INIT seed="1,0,0,3,4,12" ten="211,230,230,329" oya="1" hai0="21,28,101,75,132,5,81,57,95,130,54,0,76" hai1="111,83,127,31,10,44,89,87,14,49,124,66,60" hai2="118,37,119,25,78,69,68,106,112,133,98,48,92" hai3="88,73,134,36,103,120,41,46,61,63,11,122,128"/><U125/><E31/><V77/><F37/><W34/><G34/><T20/><D130/><U72/><E72/><V105/><F48/><W35/><G35/><T110/><D110/><U22/><E22/><V90/><F25/><W91/><G128/><T53/><D132/><U56/><E111/><V117/><F68/><W97/><G73/><T2/><D21/><U96/><E96/><V30/><F30/><W121/><G11/><T71/><D71/><U9/><REACH who="1" step="1"/><E14/><REACH who="1" ten="211,220,230,329" step="2"/><V18/><F98/><W51/><G134/><T7/><D20/><U115/><E115/><V50/><F133/><W80/><G122/><T16/><D28/><U86/><E86/><V8/><F112/><W129/><G121/><T135/><D135/><U38/><E38/><V52/><F118/><W15/><G15/><T102/><D75/><U126/><N who="1" m="31744" /><DORA hai="39" /><U59/><E59/><V33/><F119/><W19/><G36/><T42/><D57/><U45/><E45/><V100/><F117/><W131/><G46/><T70/><D70/><U82/><E82/><V23/><F23/><W4/><G80/><T6/><D81/><U99/><E99/><V47/><F69/><W123/><G97/><T114/><D114/><U62/><E62/><V32/><F32/><W55/><G123/><T67/><D101/><U109/><E109/><V17/><F33/><W43/><G120/><T1/><D102/><U104/><E104/><N who="2" m="40043" /><F100/><W3/><G129/><T108/><D108/><U93/><E93/><V27/><F47/><W107/><G131/><T84/><D95/><U65/><E65/><V29/><F92/><RYUUKYOKU ba="0,1" sc="211,-10,220,30,230,-10,329,-10" hai1="9,10,44,49,56,60,66,83,87,89" /><INIT seed="1,1,1,4,0,113" ten="201,250,220,319" oya="1" hai0="129,29,12,56,91,93,54,43,28,25,123,4,77" hai1="101,9,74,106,14,40,132,1,58,10,124,83,72" hai2="97,95,121,117,82,87,22,65,46,99,64,110,3" hai3="47,130,102,19,79,53,94,50,67,81,2,41,108"/><U37/><E106/><V23/><F3/><W7/><G108/><T112/><D112/><U114/><E101/><V57/><F121/><W20/><G130/><T24/><D129/><U115/><E58/><V51/><F117/><W30/><G30/><N who="0" m="11883" /><D123/><U133/><E124/><V31/><F110/><W84/><G67/><N who="2" m="25673" /><F57/><W62/><G7/><T76/><D43/><U126/><E126/><V42/><F31/><W89/><G102/><T125/><D125/><U60/><E60/><V98/><F95/><W18/><G2/><T13/><D24/><U68/><E68/><V118/><F118/><W103/><G103/><T36/><D25/><U78/><E74/><V75/><F75/><W39/><G20/><T44/><D44/><N who="1" m="23567" /><E14/><N who="0" m="5737" /><D36/><U66/><E66/><V69/><F69/><W119/><G119/><T100/><D100/><U120/><E120/><V55/><F42/><W17/><G62/><N who="0" m="36119" /><D4/><N who="1" m="1167" /><E10/><V52/><F55/><W127/><G127/><T8/><D8/><U5/><E5/><V45/><F45/><W122/><G122/><T128/><D128/><U104/><E104/><V90/><AGARI ba="1,1" hai="22,23,46,51,52,82,87,90,97,98,99" m="25673" machi="90" ten="30,2000,0" yaku="8,1,54,1" doraHai="113" who="2" fromWho="2" sc="201,-6,250,-11,220,33,319,-6" /><INIT seed="2,0,0,3,1,35" ten="195,239,253,313" oya="2" hai0="98,1,120,106,82,48,83,79,124,129,15,23,62" hai1="135,126,20,113,115,2,3,18,9,58,25,109,44" hai2="19,61,76,95,69,99,134,85,125,111,119,103,122" hai3="52,24,30,70,67,93,37,88,7,42,130,77,68"/><V10/><F119/><W51/><G130/><T32/><D32/><U45/><E58/><V22/><F122/><W47/><G77/><T39/><D39/><U59/><E59/><V116/><F116/><W57/><G7/><T108/><D120/><U94/><E94/><V6/><F125/><W72/><G72/><T21/><D124/><U36/><E126/><V14/><F134/><W75/><G75/><T71/><D129/><U55/><E55/><V29/><F29/><W132/><G67/><T17/><D108/><U60/><E60/><V123/><F123/><W97/><G132/><T102/><D1/><N who="1" m="11" /><E135/><V11/><F111/><W5/><G5/><T73/><D83/><U92/><E92/><V133/><F133/><W80/><G80/><T90/><D48/><U104/><E104/><V118/><F118/><W91/><G91/><T40/><D40/><U34/><E36/><V4/><F69/><W96/><G96/><T78/><D78/><U105/><E105/><V87/><F61/><W31/><G31/><T84/><D62/><U28/><E109/><V12/><REACH who="2" step="1"/><F76/><REACH who="2" ten="195,239,243,313" step="2"/><W33/><AGARI ba="0,1" hai="24,30,33,37,42,47,51,52,57,68,70,88,93,97" machi="33" ten="20,5200,0" yaku="0,1,7,1,54,2" doraHai="35" who="3" fromWho="3" sc="195,-13,239,-13,243,-26,313,62" /><INIT seed="3,0,0,2,4,73" ten="182,226,217,375" oya="3" hai0="86,32,70,129,38,12,6,96,112,116,27,56,74" hai1="97,40,55,44,83,66,127,108,54,18,23,46,42" hai2="64,76,51,88,49,39,10,11,59,79,114,47,130" hai3="93,132,109,63,104,119,17,53,69,43,58,31,80"/><W45/><G93/><T91/><D116/><U126/><E66/><V34/><F34/><W26/><G17/><T133/><BYE who="3" /><D70/><U120/><E120/><V107/><F107/><W9/><G9/><N who="2" m="3081" /><F39/><W90/><G90/><T65/><D38/><UN n3="%E4%BC%8A%E9%81%94%E6%9C%B1%E9%87%8C%E7%B4%97" /><U125/><E108/><V48/><F114/><W57/><G80/><T77/><D112/><U1/><E1/><V68/><F68/><W71/><G53/><N who="1" m="19978" /><E83/><V50/><F130/><W25/><G57/><T82/><D129/><U72/><E97/><V0/><F0/><W101/><G58/><T36/><D36/><U61/><E72/><V14/><F14/><W122/><G104/><T28/><D133/><U117/><E61/><N who="2" m="37951" /><F88/><W13/><G132/><T35/><D96/><U78/><E117/><V41/><AGARI ba="0,0" hai="41,47,48,49,50,51,76,79" m="37951,3081" machi="41" ten="30,4000,0" yaku="8,1,52,2" doraHai="73" who="2" fromWho="2" sc="182,-10,226,-10,217,40,375,-20" owari="172,-32.8,216,-18.4,257,5.7,355,45.5" /></mjloggm>