<mjloggm ver="2.3"><GO type="225" lobby="0"/><UN n0="%E3%81%B5%E3%81%98%E3%81%8B%E3%81%A4" n1="%E7%99%BD%E6%97%A5%E9%9B%AA%E8%8F%9C" n2="%E3%83%94%E3%83%B3%E3%82%B5%E3%83%AD%E5%BA%97%E5%93%A1" n3="%E3%82%A2%E3%83%BC%E3%83%A2%E3%83%AD%E3%83%BC%E3%83%B4%E3%82%A1" dan="16,17,16,16" rate="2203.88,2236.54,2174.27,2144.54" sx="M,M,M,M"/><TAIKYOKU oya="0"/><INIT seed="0,0,0,0,5,84" ten="250,250,250,250" oya="0" hai0="12,20,59,95,72,124,44,25,30,15,5,74,42" hai1="8,48,88,110,94,33,2,27,120,126,81,46,73" hai2="111,19,129,1,17,109,64,82,7,91,38,63,87" hai3="28,108,97,100,71,6,96,37,32,117,75,66,36"/><T54/><D124/><U22/><E120/><V0/><F38/><W47/><G117/><T112/><D112/><U115/><E126/><V130/><F19/><W121/><G96/><T114/><D114/><U77/><E115/><V18/><F18/><W56/><G56/><T62/><D95/><U106/><E106/><V3/><F17/><W41/><G6/><T78/><D5/><U69/><E69/><N who="2" m="42143" /><F7/><W93/><G37/><T128/><D128/><AGARI ba="0,0" hai="0,1,3,82,87,91,109,111,128,129,130" m="42143" machi="128" ten="40,2600,0" yaku="19,1,52,1" doraHai="84" who="2" fromWho="0" sc="250,-26,250,0,250,26,250,0" /><INIT seed="1,0,0,0,1,118" ten="224,250,276,250" oya="1" hai0="91,95,117,93,66,32,104,72,69,71,37,68,119" hai1="17,27,112,2,111,40,15,134,12,59,29,75,4" hai2="108,53,88,76,96,21,62,115,123,128,30,107,13" hai3="130,89,70,11,19,25,121,38,64,10,120,0,60"/><U105/><E105/><V79/><F108/><W39/><G130/><T8/><D66/><U41/><E112/><V133/><F123/><N who="3" m="47179" /><G19/><T18/><D32/><U9/><E75/><V127/><F133/><W109/><G89/><T55/><D104/><U1/><E134/><V28/><F127/><W113/><G11/><T63/><D72/><U34/><E111/><V50/><F115/><W52/><G52/><T85/><D37/><N who="3" m="13833" /><G25/><T84/><D55/><U16/><E59/><V47/><F88/><W77/><G77/><T102/><D63/><U45/><E40/><V132/><F62/><W116/><G109/><T100/><D91/><U42/><E42/><V78/><F78/><W61/><G61/><T44/><D44/><U73/><E73/><V81/><F47/><W58/><G58/><T99/><D18/><U14/><REACH who="1" step="1"/><E1/><REACH who="1" ten="224,240,276,250" step="2"/><V6/><F132/><W86/><G113/><T80/><D71/><U24/><E24/><V67/><F128/><W97/><G0/><T94/><D69/><U48/><AGARI ba="0,1" hai="2,4,9,12,14,15,16,17,27,29,34,41,45,48" machi="48" ten="30,6000,0" yaku="1,1,0,1,54,1,53,0" doraHai="118" doraHaiUra="54" who="1" fromWho="1" sc="224,-20,240,70,276,-20,250,-20" /><INIT seed="1,1,0,3,1,119" ten="204,310,256,230" oya="1" hai0="99,56,20,74,57,54,103,4,86,13,124,0,126" hai1="93,19,38,71,33,55,97,113,110,95,16,37,22" hai2="88,65,76,51,100,117,96,132,23,17,70,87,30" hai3="43,66,60,3,61,130,102,14,49,40,34,92,112"/><U101/><E113/><V6/><F117/><W44/><G112/><T8/><D74/><U131/><E33/><V121/><F132/><W84/><G3/><T58/><D86/><U45/><E71/><V91/><F30/><W106/><G34/><T134/><D134/><U125/><E125/><N who="0" m="48233" /><D20/><U122/><E122/><V105/><F6/><W80/><G106/><N who="0" m="63871" /><D0/><U118/><E118/><V31/><F31/><W69/><G130/><T133/><D133/><U116/><E116/><V72/><F121/><W9/><G61/><AGARI ba="1,0" hai="4,8,13,54,56,57,58,61" m="63871,48233" machi="61" ten="30,1000,0" yaku="18,1" doraHai="119" who="0" fromWho="3" sc="204,13,310,0,256,0,230,-13" /><INIT seed="2,0,0,4,2,69" ten="217,310,256,217" oya="2" hai0="18,135,119,58,7,37,91,43,50,9,3,61,72" hai1="59,102,8,60,36,17,33,31,21,65,96,4,84" hai2="63,49,71,26,57,129,52,28,35,19,70,108,80" hai3="114,53,44,42,134,39,131,30,45,20,123,55,25"/><V62/><F129/><W29/><G123/><T99/><D135/><U10/><E36/><V79/><F108/><W76/><G131/><T127/><D72/><U1/><E84/><V85/><F63/><W68/><G68/><T12/><D127/><U13/><E33/><V130/><F130/><W90/><G134/><T54/><D119/><U105/><REACH who="1" step="1"/><E31/><REACH who="1" ten="217,300,256,217" step="2"/><V133/><F133/><W0/><G30/><T2/><D37/><U94/><E94/><V98/><F98/><W111/><G111/><T11/><D99/><U14/><E14/><V83/><F83/><W40/><G0/><T66/><D2/><U89/><E89/><V132/><F132/><W125/><G125/><T93/><D93/><U113/><E113/><V112/><F112/><W117/><G114/><T67/><D91/><U23/><AGARI ba="0,1" hai="1,4,8,10,13,17,21,23,59,60,65,96,102,105" machi="23" ten="30,2000,0" yaku="1,1,0,1,53,0" doraHai="69" doraHaiUra="88" who="1" fromWho="1" sc="217,-5,300,30,256,-10,217,-5" /><INIT seed="3,0,0,0,5,108" ten="212,330,246,212" oya="3" hai0="94,45,10,120,75,32,84,114,99,100,79,129,132" hai1="27,30,0,2,130,14,71,42,59,69,15,48,117" hai2="38,93,101,25,36,7,106,68,110,112,76,58,73" hai3="39,119,31,102,21,52,28,85,128,34,82,65,17"/><W104/><G119/><T90/><D32/><U51/><E130/><V115/><F93/><W91/><G128/><T8/><D120/><U95/><E117/><V6/><F58/><W35/><G39/><T56/><D132/><U116/><E116/><V122/><F25/><W127/><G65/><T24/><D114/><N who="2" m="43562" /><F7/><W37/><G37/><T70/><D129/><U72/><E95/><V41/><F6/><W111/><G127/><T131/><D56/><U46/><E72/><V105/><F110/><W96/><G111/><T123/><D70/><U124/><E124/><V61/><F122/><W50/><G34/><T83/><D24/><U22/><E69/><V53/><F53/><W63/><G63/><T133/><D123/><U107/><E71/><V88/><F88/><W109/><G35/><T62/><D131/><U103/><E59/><V9/><F9/><W47/><REACH who="3" step="1"/><G109/><REACH who="3" ten="212,330,246,202" step="2"/><T67/><D133/><U13/><E51/><V5/><F38/><W113/><G113/><T11/><D62/><U1/><E48/><V134/><F36/><W44/><G44/><T86/><D67/><U98/><E46/><V74/><F61/><W87/><G87/><N who="0" m="52575" /><D45/><U92/><E42/><V89/><F41/><W78/><G78/><T29/><D29/><U66/><E66/><V18/><F76/><W135/><G135/><T64/><D64/><U121/><E121/><V54/><F134/><W49/><G49/><T33/><D33/><U80/><E30/><V126/><F126/><W97/><G97/><T3/><D3/><U23/><E2/><V20/><F68/><W40/><G40/><RYUUKYOKU ba="0,1" sc="212,15,330,-15,246,-15,202,15" hai0="8,10,11,75,79,83,84,86,99,100" hai3="17,21,28,31,47,50,52,82,85,91,96,102,104" /><INIT seed="3,1,1,1,0,95" ten="227,315,231,217" oya="3" hai0="59,2,3,65,87,124,82,21,86,106,50,74,9" hai1="71,111,19,122,67,63,100,53,57,128,81,92,6" hai2="104,18,89,11,109,114,107,42,56,32,105,101,62" hai3="132,26,97,41,10,133,72,73,75,54,34,93,118"/><W36/><G118/><T7/><D106/><U5/><E122/><V22/><F114/><W17/><G54/><T28/><D124/><U44/><E111/><V88/><F32/><W15/><G41/><T40/><D74/><U112/><E112/><V31/><F109/><W30/><REACH who="3" step="1"/><G36/><REACH who="3" ten="227,315,231,207" step="2"/><T27/><D40/><U85/><E53/><V46/><F42/><W134/><G134/><T45/><D65/><U68/><E67/><V20/><F107/><W23/><G23/><T99/><D59/><U24/><E57/><V102/><F56/><W37/><G37/><T126/><D126/><U113/><E71/><V70/><F70/><W1/><G1/><T94/><D2/><U96/><E68/><V47/><F22/><W135/><G135/><T80/><D45/><U25/><E44/><V61/><F20/><W110/><G110/><T130/><D130/><U69/><E128/><V14/><F47/><W38/><G38/><T29/><D50/><U84/><E113/><V123/><F46/><W43/><G43/><T131/><D131/><U13/><E69/><V12/><F105/><W35/><G35/><T4/><D29/><U108/><E108/><V66/><F31/><W127/><G127/><T16/><D28/><U33/><E33/><V121/><F104/><W98/><G98/><T79/><D3/><U64/><E64/><V76/><F66/><W78/><G78/><N who="0" m="46359" /><D9/><U90/><E96/><V125/><F125/><W120/><G120/><T8/><D8/><U0/><E0/><V117/><F123/><W58/><G58/><T77/><D79/><U52/><E52/><RYUUKYOKU ba="1,2" sc="227,15,315,-15,231,-15,207,15" hai0="4,7,16,21,27,77,82,87,94,99" hai3="10,15,17,26,30,34,72,73,75,93,97,132,133" /><INIT seed="3,2,2,0,1,100" ten="242,300,216,222" oya="3" hai0="65,96,28,0,36,79,133,10,23,135,8,71,80" hai1="104,118,81,76,17,32,128,92,103,98,15,113,18" hai2="60,75,84,5,101,38,134,52,12,72,68,45,43" hai3="105,41,54,1,33,7,35,27,29,73,25,90,57"/><W123/><G123/><T51/><D36/><U34/><E113/><V53/><F134/><N who="0" m="51210" /><D0/><U99/><E128/><V115/><F115/><W89/><G73/><T120/><D96/><U42/><E42/><V40/><F40/><W22/><G41/><T131/><D131/><U14/><E14/><V20/><F101/><W112/><G105/><T11/><D51/><U121/><E121/><V59/><F68/><W74/><G74/><T132/><D120/><U110/><E110/><V125/><F125/><W13/><G112/><T44/><D44/><U50/><E50/><V46/><F84/><W91/><G1/><T82/><D79/><U2/><E2/><V64/><F64/><W126/><G126/><T107/><D107/><U69/><E99/><V86/><F86/><W31/><G7/><T30/><D65/><U3/><E3/><V114/><F114/><W129/><G129/><T127/><D71/><U85/><E69/><V78/><F78/><W109/><G109/><T87/><D127/><U26/><E104/><V106/><F106/><W94/><G94/><T56/><D56/><U122/><E122/><V61/><F5/><W70/><G70/><T111/><D111/><U66/><E66/><V47/><F47/><W88/><G89/><N who="0" m="51431" /><D82/><U55/><E81/><V6/><F6/><W37/><G37/><T67/><D67/><U130/><E76/><V58/><F46/><W95/><G95/><T83/><D83/><U49/><E92/><V62/><F62/><N who="3" m="36151" /><G91/><T93/><D93/><N who="1" m="58831" /><E130/><V24/><F12/><W124/><G124/><T9/><N who="0" m="2048" /><DORA hai="77" /><T48/><D132/><RYUUKYOKU ba="2,2" sc="242,-15,300,-15,216,15,222,15" hai2="20,24,38,43,45,52,53,58,59,60,61,72,75" hai3="13,22,25,27,29,31,33,35,88,90" /><INIT seed="3,3,2,3,5,74" ten="227,285,231,237" oya="3" hai0="125,17,129,43,46,116,80,124,32,96,25,112,35" hai1="64,70,6,89,29,18,97,58,108,133,31,11,53" hai2="49,40,87,10,84,62,94,105,90,66,78,48,28" hai3="26,98,135,77,50,39,2,38,7,56,79,71,5"/><W23/><G71/><T114/><D116/><U76/><E18/><V9/><F105/><W126/><G126/><N who="0" m="48747" /><D129/><U0/><E76/><N who="3" m="29258" /><G2/><T57/><D80/><U93/><E108/><V13/><F28/><N who="3" m="17503" /><G39/><N who="0" m="21887" /><D96/><U33/><E33/><N who="0" m="12873" /><D57/><U1/><E58/><N who="2" m="37207" /><F40/><W86/><G38/><T122/><D122/><U45/><E97/><V115/><F115/><N who="0" m="44074" /><D17/><U68/><E70/><V16/><F10/><W65/><G135/><T61/><D25/><U21/><E68/><V103/><F103/><W51/><G98/><T4/><D61/><U15/><E133/><V59/><F59/><W111/><G111/><T92/><D92/><U81/><E93/><V67/><F67/><W131/><G86/><T75/><D4/><N who="3" m="1609" /><G131/><T73/><AGARI ba="3,2" hai="73,75" m="44074,12873,21887,48747" machi="73" ten="40,5200,0" yaku="18,1,11,1,23,1" doraHai="74" who="0" fromWho="0" sc="227,81,285,-16,231,-16,237,-29" owari="308,40.8,269,6.9,215,-18.5,208,-29.2" /></mjloggm>