<mjloggm ver="2.3"><GO type="225" lobby="0"/><UN n0="%E7%99%BD%E6%97%A5%E9%9B%AA%E8%8F%9C" n1="%E3%81%B5%E3%81%98%E3%81%8B%E3%81%A4" n2="%E5%A4%9C%E3%81%AE%E3%82%AC%E3%82%B9%E3%83%91%E3%83%BC%E3%83%AB" n3="%E5%91%89%E5%AF%8C%E6%98%A5" dan="17,16,16,16" rate="2229.46,2151.69,2128.08,2155.20" sx="M,M,M,M"/><TAIKYOKU oya="0"/><INIT seed="0,0,0,2,5,122" ten="250,250,250,250" oya="0" hai0="103,84,93,28,99,81,18,107,123,125,9,5,65" hai1="20,71,55,72,83,35,91,120,133,113,38,85,94" hai2="127,0,109,88,60,47,115,36,76,32,124,134,40" hai3="26,13,128,53,56,80,64,132,51,59,67,118,39"/><T79/><D123/><U104/><E120/><V7/><F115/><W117/><G13/><T61/><D125/><N who="2" m="48202" /><F134/><W54/><G26/><T31/><D18/><U8/><E35/><V42/><F32/><W24/><G24/><T97/><D97/><U70/><E113/><V19/><F76/><W111/><G80/><T43/><D43/><U110/><E133/><V17/><F42/><W6/><G6/><T112/><D107/><U95/><E8/><N who="2" m="2151" /><F109/><W37/><G132/><T87/><D87/><U106/><E110/><V100/><F100/><W69/><G111/><T48/><D48/><U34/><E38/><V74/><F74/><W90/><G90/><T63/><D112/><U21/><E34/><V57/><F88/><W46/><G51/><T4/><D4/><U98/><E72/><V33/><F33/><W131/><G46/><T68/><REACH who="0" step="1"/><D63/><REACH who="0" ten="240,250,250,250" step="2"/><U15/><E106/><V75/><F75/><W66/><G66/><AGARI ba="0,1" hai="17,19,36,40,47,57,60,66" m="2151,48202" machi="66" ten="30,1000,0" yaku="18,1" doraHai="122" who="2" fromWho="3" sc="240,0,250,0,250,20,250,-10" /><INIT seed="1,0,0,2,4,90" ten="240,250,270,240" oya="1" hai0="44,107,75,109,29,53,97,86,51,116,118,127,56" hai1="122,10,78,89,4,8,80,101,35,57,0,27,38" hai2="41,95,62,28,76,126,1,111,131,102,7,105,132" hai3="82,63,98,55,92,43,24,31,2,66,81,106,45"/><U99/><E122/><V17/><F28/><W69/><G55/><T21/><D75/><U54/><E38/><V59/><F105/><W12/><G12/><T18/><D109/><U100/><E10/><V42/><F111/><W113/><G2/><T46/><D127/><U85/><E35/><V22/><F126/><W33/><G113/><T129/><D129/><U84/><E27/><V88/><F102/><W40/><G40/><T124/><D124/><U19/><E99/><V14/><F132/><W67/><G67/><T16/><D86/><U47/><E47/><V77/><F7/><W110/><G110/><T13/><D29/><U123/><E123/><V114/><F1/><W36/><REACH who="3" step="1"/><G106/><REACH who="3" ten="240,250,270,230" step="2"/><T119/><REACH who="0" step="1"/><D18/><REACH who="0" ten="230,250,270,230" step="2"/><U125/><E19/><V25/><F17/><W50/><G50/><T34/><D34/><U20/><E125/><V70/><F114/><W61/><G61/><T117/><D117/><U58/><E4/><V96/><F62/><W121/><G121/><T120/><D120/><U134/><E134/><V65/><F131/><W128/><G128/><T30/><D30/><U104/><E104/><V130/><F130/><W73/><G73/><T39/><D39/><U3/><E3/><V11/><F65/><W72/><G72/><T26/><D26/><U91/><E0/><V108/><F108/><W135/><G135/><T6/><D6/><U48/><E84/><V87/><F87/><W32/><G32/><T60/><D60/><U133/><E85/><V15/><F25/><W103/><AGARI ba="0,2" hai="24,31,33,36,43,45,63,66,69,81,82,92,98,103" machi="103" ten="20,5200,0" yaku="1,1,0,1,7,1,52,1,53,0" doraHai="90" doraHaiUra="74" who="3" fromWho="3" sc="230,-13,250,-26,270,-13,230,72" /><INIT seed="2,0,0,2,2,53" ten="217,224,257,302" oya="2" hai0="103,44,36,76,55,8,111,115,33,126,66,31,70" hai1="121,69,92,80,71,87,94,0,30,60,37,95,47" hai2="105,125,43,7,2,122,114,88,91,123,32,38,42" hai3="100,50,59,26,78,120,3,1,14,99,27,135,24"/><V127/><F114/><W49/><G120/><N who="2" m="46121" /><F105/><W112/><G112/><T101/><D115/><U106/><E121/><V48/><F32/><W56/><G14/><T119/><D111/><U51/><E106/><V129/><F38/><W96/><G78/><T20/><D33/><U18/><E37/><V79/><F79/><W64/><G64/><T41/><D126/><N who="2" m="48138" /><F129/><W35/><G35/><T128/><D128/><U84/><E30/><V9/><F48/><N who="3" m="18539" /><G100/><T45/><D76/><U108/><E108/><V68/><F68/><W34/><G34/><T57/><D103/><U46/><E0/><N who="3" m="74" /><G135/><T77/><D101/><U67/><E71/><V118/><F118/><W98/><AGARI ba="0,0" hai="24,26,27,56,59,96,98,99" m="74,18539" machi="98" ten="40,8000,1" yaku="28,2,52,2" doraHai="53" who="3" fromWho="3" sc="217,-20,224,-20,257,-40,302,80" /><INIT seed="3,0,0,5,1,73" ten="197,204,217,382" oya="3" hai0="35,34,8,121,86,135,111,6,68,16,3,97,69" hai1="103,25,87,104,100,82,85,62,79,113,132,94,107" hai2="24,47,33,70,54,17,67,64,90,46,50,74,66" hai3="65,48,2,119,110,58,9,124,92,23,31,89,93"/><W55/><G119/><T21/><D121/><U83/><E25/><V12/><F74/><W59/><G124/><T52/><D111/><U1/><E62/><V28/><F90/><W56/><G110/><T75/><D75/><N who="1" m="43391" /><E1/><V127/><F127/><W72/><G72/><T99/><D135/><U80/><E113/><V49/><F70/><W5/><G65/><T0/><D0/><U29/><E29/><V106/><F106/><N who="1" m="40489" /><E132/><V57/><REACH who="2" step="1"/><F50/><REACH who="2" ten="197,204,207,382" step="2"/><W11/><G48/><T26/><D69/><U60/><E60/><V4/><F4/><W125/><G5/><T7/><D68/><U112/><E112/><V18/><F18/><W14/><G31/><T133/><D7/><U81/><E94/><V95/><F95/><W116/><G92/><T118/><D133/><U45/><E45/><V40/><F40/><W115/><G93/><T13/><D6/><U131/><E131/><V123/><F123/><W122/><G115/><T32/><D16/><U78/><E83/><V84/><F84/><W38/><G122/><T71/><D86/><U98/><E98/><V126/><F126/><W43/><G125/><T22/><D3/><U101/><E100/><V88/><F88/><AGARI ba="0,1" hai="78,80,81,85,87,88,101,103" m="40489,43391" machi="88" ten="30,16000,3" yaku="35,5,52,2,54,1" doraHai="73" who="1" fromWho="2" sc="197,0,204,170,207,-160,382,0" owari="197,-20.3,374,17.4,47,-45.3,382,48.2" /></mjloggm>