<mjloggm ver="2.3"><GO type="225" lobby="0"/><UN n0="%E7%AD%89%E3%80%85%E5%8A%9B%E5%8A%87%E5%A0%B4" n1="%73%61%6E%64%69%72%69%73" n2="%65%6B%61%72%75%74%65" n3="%E5%84%AA%40%41%42%43" dan="16,16,16,18" rate="2137.39,2122.33,2198.92,2248.88" sx="M,M,M,M"/><TAIKYOKU oya="0"/><INIT seed="0,0,0,1,3,52" ten="250,250,250,250" oya="0" hai0="107,90,123,45,46,70,18,106,82,32,31,39,59" hai1="6,93,42,9,113,74,130,4,30,49,65,28,38" hai2="7,3,69,108,24,37,81,95,79,33,133,36,84" hai3="16,58,127,85,43,12,119,80,35,100,14,126,89"/><T17/><D70/><U26/><E74/><V105/><F105/><W47/><G119/><T110/><D123/><U22/><E130/><V135/><F69/><W112/><G35/><T53/><D110/><U55/><E113/><V51/><F108/><W132/><G112/><T34/><D53/><U77/><E77/><V91/><F7/><W103/><G12/><T57/><D82/><U114/><E65/><V134/><F3/><W72/><G72/><T101/><D90/><U116/><E116/><V96/><REACH who="2" step="1"/><F51/><REACH who="2" ten="250,250,240,250" step="2"/><N who="3" m="27135" /><G132/><T121/><D107/><U75/><E49/><V29/><AGARI ba="0,1" hai="24,29,33,36,37,79,81,84,91,95,96,133,134,135" machi="29" ten="40,5200,0" yaku="1,1,0,1,20,1,53,0" doraHai="52" doraHaiUra="40" who="2" fromWho="2" sc="250,-26,250,-13,240,62,250,-13" /><INIT seed="1,0,0,0,4,131" ten="224,237,302,237" oya="1" hai0="134,111,105,17,42,4,127,6,71,110,114,116,95" hai1="109,53,29,10,38,25,44,22,74,26,62,9,97" hai2="58,24,135,28,48,79,120,32,100,41,104,83,47" hai3="119,108,72,121,49,123,91,98,0,118,34,85,124"/><U59/><E74/><V128/><F128/><W92/><G34/><T82/><D105/><U33/><E109/><N who="0" m="41481" /><D114/><U36/><E97/><V61/><F120/><N who="3" m="46155" /><G0/><T94/><D116/><N who="3" m="44585" /><G49/><T66/><D42/><U35/><E44/><V89/><F89/><N who="3" m="55567" /><G108/><T1/><D1/><U51/><E51/><V87/><F48/><W77/><G124/><T64/><D71/><U52/><E53/><V90/><F32/><W37/><G37/><T65/><D17/><U23/><E35/><V115/><F28/><W5/><G5/><N who="0" m="2155" /><D127/><U103/><E103/><V132/><F100/><W30/><G30/><T67/><D67/><U11/><REACH who="1" step="1"/><E33/><REACH who="1" ten="224,227,302,237" step="2"/><V86/><F47/><W39/><G39/><T27/><D64/><U106/><E106/><V69/><F104/><W75/><G77/><T112/><D65/><U20/><E20/><V57/><F79/><W126/><G126/><T55/><D66/><U21/><E21/><V16/><F41/><W99/><G99/><T7/><D55/><U70/><E70/><V96/><F69/><W107/><G107/><T122/><D122/><U54/><E54/><V93/><F96/><W117/><N who="3" m="44593" /><W12/><DORA hai="129" /><G12/><T13/><D13/><U31/><AGARI ba="0,1" hai="9,10,11,22,23,25,26,29,31,36,38,52,59,62" machi="31" ten="30,18000,2" yaku="1,1,0,1,9,1,54,1,53,2" doraHai="131,129" doraHaiUra="45,18" who="1" fromWho="1" sc="224,-60,227,190,302,-60,237,-60" /><INIT seed="1,1,0,3,5,132" ten="164,417,242,177" oya="1" hai0="110,3,81,59,68,25,119,10,41,104,125,115,4" hai1="92,70,73,113,100,49,85,122,16,55,131,44,130" hai2="97,9,91,18,121,72,66,116,112,103,65,56,34" hai3="95,45,42,24,58,23,5,109,99,46,129,101,38"/><U84/><E113/><V107/><F116/><W79/><G109/><T39/><D59/><U30/><E122/><V96/><F121/><W29/><G129/><N who="1" m="49162" /><E73/><V0/><F34/><W124/><G79/><T117/><D81/><U134/><E70/><V87/><F72/><W36/><G5/><T27/><D27/><U64/><E64/><V98/><F112/><W53/><G46/><T114/><D25/><U54/><E30/><V88/><F91/><W50/><REACH who="3" step="1"/><G124/><REACH who="3" ten="164,417,242,167" step="2"/><T43/><D125/><U63/><E134/><V90/><F98/><W14/><G14/><T71/><D110/><U12/><E12/><V77/><F97/><W86/><G86/><T47/><D115/><U31/><E44/><V133/><F77/><W61/><AGARI ba="1,1" hai="23,24,29,36,38,42,45,50,53,58,61,95,99,101" machi="61" ten="20,2700,0" yaku="1,1,0,1,7,1,53,0" doraHai="132" doraHaiUra="111" who="3" fromWho="3" sc="164,-8,417,-14,242,-8,167,40" /><INIT seed="2,0,0,1,5,121" ten="156,403,234,207" oya="2" hai0="29,17,98,12,52,59,114,23,86,44,82,94,68" hai1="77,104,130,32,30,43,41,122,108,85,16,4,132" hai2="96,72,120,81,28,42,76,70,18,109,126,99,111" hai3="123,75,128,135,58,47,105,69,56,78,79,21,119"/><V102/><F120/><W9/><G69/><T89/><D68/><U24/><E104/><V63/><F126/><W93/><G119/><T10/><D114/><U15/><E122/><V125/><F125/><W127/><G105/><T107/><D107/><U101/><E101/><V74/><F74/><W25/><G123/><T100/><D44/><U6/><E132/><V124/><F124/><W116/><G116/><T60/><REACH who="0" step="1"/><D29/><REACH who="0" ten="146,403,234,207" step="2"/><U39/><E30/><V103/><F28/><W0/><G127/><T54/><D54/><U45/><E45/><V66/><F42/><W49/><G135/><T50/><D50/><U27/><E43/><V14/><F103/><W11/><G58/><T20/><AGARI ba="0,1" hai="10,12,17,20,23,52,59,60,82,86,89,94,98,100" machi="20" ten="30,7900,0" yaku="1,1,0,1,8,1,54,1,53,0" doraHai="121" doraHaiUra="133" who="0" fromWho="0" sc="146,89,403,-20,234,-39,207,-20" /><INIT seed="3,0,0,4,5,93" ten="235,383,195,187" oya="3" hai0="92,9,11,125,108,42,40,82,109,105,120,87,13" hai1="20,41,85,22,1,37,117,44,91,94,0,23,88" hai2="69,97,18,98,59,45,36,83,29,79,8,133,107" hai3="118,113,66,32,127,14,114,116,104,65,68,72,3"/><W112/><G3/><T50/><D105/><U62/><E117/><N who="3" m="45162" /><G32/><T33/><D120/><U130/><E130/><V6/><F69/><W52/><G72/><T122/><D33/><U49/><E62/><V31/><F133/><W121/><G14/><T15/><D122/><U57/><E57/><V63/><F18/><W129/><G104/><T119/><D119/><U100/><E100/><V27/><F107/><W106/><G106/><T51/><D92/><U75/><E75/><V80/><F45/><W30/><G30/><N who="2" m="11273" /><F36/><W131/><G121/><T81/><D87/><U26/><E26/><V34/><F27/><W124/><G52/><T24/><D24/><U132/><E132/><V54/><F34/><W84/><G84/><T48/><D48/><U19/><E19/><V86/><F83/><W21/><G21/><T74/><D74/><U78/><E78/><V38/><F38/><W110/><G110/><T123/><D123/><U77/><E77/><V103/><F103/><W134/><G134/><T70/><D15/><AGARI ba="0,0" hai="6,8,15,54,59,63,79,80,86,97,98" m="11273" machi="15" ten="30,3900,0" yaku="8,1,52,2" doraHai="93" who="2" fromWho="0" sc="235,-39,383,0,195,39,187,0" owari="196,-20.4,383,48.3,234,3.4,187,-31.3" /></mjloggm>