<mjloggm ver="2.3"><GO type="225" lobby="0"/><UN n0="%6D%75%75%73%61%6E%6D%75" n1="%E6%98%93%E5%88%A9%E8%96%A9%E4%BC%AF" n2="%E3%83%A9%E3%83%BC%E3%83%A1%E3%83%B3%E4%BA%94%E9%83%8E" n3="%E3%82%A2%E3%83%A1%E3%82%A2%E3%83%A9%E3%83%AC" dan="16,16,16,16" rate="2121.82,2017.07,2117.47,2148.48" sx="F,F,M,M"/><TAIKYOKU oya="0"/><INIT seed="0,0,0,3,2,106" ten="250,250,250,250" oya="0" hai0="59,77,28,123,49,37,78,110,13,21,68,70,3" hai1="94,95,98,81,20,35,102,31,15,67,122,32,65" hai2="53,126,127,107,40,97,1,9,36,8,99,104,45" hai3="63,116,14,119,82,5,50,79,23,128,120,91,124"/><T90/><D123/><U56/><E122/><V112/><F112/><W64/><G120/><T93/><D37/><U7/><E35/><V58/><F97/><W109/><G109/><T60/><D3/><U62/><E32/><V87/><F87/><W83/><G128/><T25/><D110/><U57/><E81/><V39/><F39/><W125/><G91/><T34/><D68/><U129/><E129/><V134/><F134/><W18/><G50/><T84/><D70/><U113/><E94/><V86/><F86/><N who="3" m="48479" /><G5/><T96/><D96/><U41/><E41/><V108/><F108/><W133/><G83/><T117/><D117/><U132/><E113/><V19/><F1/><W4/><G4/><T10/><D49/><U89/><E7/><V121/><F121/><W47/><G47/><T69/><D69/><U12/><E89/><V16/><F8/><W17/><G17/><N who="2" m="6729" /><F9/><W74/><G74/><T130/><D130/><U11/><E11/><V2/><F2/><W85/><G85/><T73/><D73/><U66/><E132/><V38/><F99/><W61/><G133/><T76/><D34/><U44/><E15/><V80/><F80/><W54/><G119/><T27/><D27/><U26/><E12/><V71/><F71/><N who="3" m="42383" /><G116/><T103/><D13/><U114/><E114/><V52/><F36/><W22/><G23/><T111/><D10/><U100/><E100/><V72/><F72/><W30/><G30/><T46/><D111/><U24/><E24/><V29/><F29/><W48/><G63/><T33/><D33/><U131/><E131/><V0/><F0/><RYUUKYOKU ba="0,0" sc="250,-10,250,-10,250,-10,250,30" hai3="14,18,22,48,54,124,125" /><INIT seed="1,1,0,1,2,79" ten="240,240,240,280" oya="1" hai0="97,4,20,41,128,26,22,43,47,127,102,130,100" hai1="12,81,101,84,122,72,78,118,94,44,80,10,8" hai2="85,135,104,75,55,109,30,99,93,133,19,132,61" hai3="59,35,34,58,53,82,9,63,91,117,52,110,42"/><U57/><E118/><V119/><F119/><W45/><G110/><T64/><D127/><U5/><E122/><V23/><F109/><W14/><G117/><T74/><D74/><U95/><E57/><N who="2" m="35007" /><F75/><W77/><G91/><T32/><D4/><U56/><E56/><V48/><F104/><W125/><G125/><T65/><D32/><U124/><E124/><V123/><F123/><W73/><G14/><T60/><D20/><U38/><E101/><N who="2" m="60655" /><F30/><W16/><G16/><N who="0" m="12615" /><D102/><U66/><E66/><N who="0" m="25705" /><D47/><U50/><E38/><V36/><F36/><W107/><G107/><T3/><D60/><U54/><REACH who="1" step="1"/><E10/><REACH who="1" ten="240,230,240,280" step="2"/><V126/><F126/><W115/><G9/><T18/><D100/><U92/><E92/><V29/><F133/><W105/><G105/><T98/><D130/><U13/><E13/><V131/><F131/><W67/><G67/><T39/><D128/><U121/><E121/><V6/><F135/><W88/><G115/><T114/><D39/><U111/><E111/><V40/><F132/><W96/><G59/><T86/><D114/><U11/><E11/><V15/><F15/><W120/><G120/><T24/><D3/><U37/><E37/><V7/><F7/><W1/><G1/><T31/><D24/><U51/><E51/><V28/><F6/><W71/><G58/><T69/><D69/><U33/><E33/><N who="3" m="12298" /><G63/><T62/><D62/><U49/><E49/><V129/><F129/><W68/><G68/><T83/><D31/><U25/><E25/><N who="2" m="14591" /><F28/><W113/><G71/><T134/><D134/><U76/><AGARI ba="1,1" hai="5,8,12,44,50,54,72,76,78,80,81,84,94,95" machi="76" ten="20,18000,2" yaku="1,1,0,1,7,1,52,2,53,1" doraHai="79" doraHaiUra="46" who="1" fromWho="1" sc="240,-61,230,193,240,-61,280,-61" /><INIT seed="1,2,0,1,2,65" ten="179,423,179,219" oya="1" hai0="36,101,14,124,89,25,87,45,129,41,104,105,90" hai1="31,48,30,100,109,119,130,58,71,92,79,85,66" hai2="81,54,59,22,26,76,60,82,68,94,93,77,13" hai3="131,120,88,125,72,63,98,15,20,67,135,108,64"/><U113/><E113/><V121/><F121/><W127/><G120/><T133/><D133/><U128/><E119/><V80/><F13/><W75/><G135/><T7/><D129/><N who="1" m="49771" /><E109/><V29/><REACH who="2" step="1"/><F68/><REACH who="2" ten="179,423,169,219" step="2"/><N who="3" m="42015" /><G131/><T44/><D14/><U78/><E71/><V50/><F50/><W91/><G108/><T23/><D124/><U86/><E48/><V2/><F2/><W0/><G0/><T19/><D36/><U61/><E79/><AGARI ba="2,1" hai="22,26,29,54,59,60,76,77,79,80,81,82,93,94" machi="79" ten="40,2600,0" yaku="1,1,8,1,53,0" doraHai="65" doraHaiUra="111" who="2" fromWho="1" sc="179,0,423,-32,169,42,219,0" /><INIT seed="2,0,0,4,4,41" ten="179,391,211,219" oya="2" hai0="66,52,107,128,32,60,131,37,91,116,23,43,104" hai1="26,130,25,98,122,97,95,13,63,0,101,74,120" hai2="1,19,38,3,33,47,29,57,6,103,28,34,112" hai3="5,81,68,65,18,135,20,124,10,73,49,108,87"/><V42/><F112/><W117/><G108/><T75/><D32/><U115/><E0/><V132/><F132/><W113/><G117/><T24/><D75/><U71/><E74/><V2/><F103/><W94/><G124/><T109/><D109/><U88/><E130/><N who="0" m="49705" /><D116/><U125/><E125/><V27/><F19/><W102/><G135/><T92/><D66/><N who="1" m="41439" /><E13/><V56/><REACH who="2" step="1"/><F6/><REACH who="2" ten="179,391,201,219" step="2"/><W76/><G102/><T93/><D104/><N who="1" m="63535" /><E115/><V100/><F100/><W123/><G18/><N who="0" m="12407" /><D107/><U70/><E70/><V14/><F14/><W77/><G68/><T118/><D118/><U44/><E120/><V36/><F36/><W40/><G123/><T15/><D15/><U114/><E122/><V16/><F16/><W21/><G5/><T82/><D37/><U69/><E69/><V46/><F46/><W54/><G113/><T30/><D30/><U126/><E44/><V58/><F58/><W45/><G45/><T72/><D43/><U64/><E114/><V129/><F129/><W127/><G40/><T12/><D12/><U59/><E59/><V8/><F8/><W62/><G10/><T133/><D133/><U35/><E126/><V134/><F134/><W7/><G7/><T99/><D72/><U96/><E26/><AGARI ba="0,1" hai="1,2,3,26,27,28,29,33,34,38,42,47,56,57" machi="26" ten="40,7700,0" yaku="1,1,9,1,52,1,53,0" doraHai="41" doraHaiUra="79" who="2" fromWho="1" sc="179,0,391,-77,201,87,219,0" /><INIT seed="2,1,0,0,1,100" ten="179,314,288,219" oya="2" hai0="107,61,25,91,128,3,70,18,38,106,1,104,0" hai1="56,112,85,62,82,59,123,118,97,74,63,13,19" hai2="33,51,71,98,42,45,67,124,46,89,10,103,64" hai3="99,15,50,72,2,79,86,11,47,40,36,92,88"/><V114/><F114/><W32/><G32/><T43/><D91/><U5/><E118/><V16/><F124/><W129/><G129/><T95/><D95/><U84/><E112/><V24/><F89/><W94/><G2/><T120/><D18/><U21/><E123/><V76/><F76/><W65/><G65/><N who="0" m="41263" /><D25/><U66/><E97/><V39/><F71/><W127/><G127/><T37/><D128/><U52/><E5/><V68/><F68/><W131/><G131/><T122/><D43/><U108/><E108/><V60/><F33/><W34/><G34/><T27/><D27/><U110/><E110/><V9/><F60/><W80/><G36/><AGARI ba="1,0" hai="0,1,3,36,37,38,104,106,107,120,122" m="41263" machi="36" ten="40,8000,1" yaku="23,1,52,3" doraHai="100" who="0" fromWho="3" sc="179,83,314,0,288,0,219,-83" /><INIT seed="3,0,0,0,4,15" ten="262,314,288,136" oya="3" hai0="52,109,20,35,70,45,90,74,98,73,55,43,68" hai1="62,135,78,101,83,119,51,110,10,96,39,111,18" hai2="64,63,2,57,89,133,77,0,123,127,107,102,58" hai3="92,112,11,118,25,67,42,125,33,114,50,4,95"/><W48/><G118/><T116/><D35/><U128/><E128/><V126/><F133/><W81/><G125/><N who="2" m="47625" /><F123/><W97/><G67/><T88/><D116/><U34/><E39/><V91/><F77/><W5/><G81/><T87/><D109/><N who="1" m="41483" /><E34/><V44/><F44/><W47/><G50/><T120/><D120/><U46/><E135/><V105/><F58/><W19/><G95/><T104/><D20/><U41/><E62/><V28/><F28/><W108/><G108/><T79/><D79/><U17/><E10/><V134/><F134/><W117/><G117/><T9/><D9/><U22/><E22/><V66/><F66/><W6/><G33/><T100/><D43/><U122/><E122/><V59/><F59/><W30/><G30/><T76/><D76/><U56/><E56/><V16/><F0/><W53/><G42/><T106/><D45/><U65/><E65/><V54/><F2/><W103/><REACH who="3" step="1"/><G25/><REACH who="3" ten="262,314,288,126" step="2"/><T130/><D130/><U72/><E119/><V85/><F64/><W69/><G69/><T27/><D27/><U131/><E131/><V115/><F107/><AGARI ba="0,1" hai="17,18,41,46,51,72,78,83,96,101,107" m="41483" machi="107" ten="30,3900,0" yaku="14,1,52,2" doraHai="15" who="1" fromWho="2" sc="262,0,314,49,288,-39,126,0" owari="262,6.2,363,46.3,249,-15.1,126,-37.4" /></mjloggm>