<mjloggm ver="2.3"><GO type="225" lobby="0"/><UN n0="%4D%50%43%32%38%30%30" n1="%E3%81%B6%E3%82%8B%E3%82%8B%E3%81%B6%E3%81%B6" n2="%72%69%6F%75%63%68%61%6E" n3="%E3%83%AD%E3%83%83%E3%83%86%E9%9B%80%E7%90%83" dan="16,16,17,17" rate="2181.61,2110.20,2248.85,2178.42" sx="M,M,M,M"/><TAIKYOKU oya="0"/><INIT seed="0,0,0,0,5,105" ten="250,250,250,250" oya="0" hai0="89,55,33,123,125,126,52,121,30,60,5,61,17" hai1="36,108,106,112,0,23,95,56,71,19,81,93,120" hai2="8,46,58,86,32,88,99,128,67,87,53,29,25" hai3="97,75,62,28,124,49,118,91,59,65,80,77,70"/><T40/><D5/><U131/><E106/><V111/><F111/><W34/><G118/><T41/><D17/><U39/><E108/><V114/><F128/><W9/><G124/><N who="0" m="47723" /><D30/><U66/><E71/><V42/><F114/><W104/><G9/><T22/><D22/><U130/><E0/><V43/><F67/><W110/><G110/><T92/><D33/><U73/><E66/><V44/><F99/><W127/><G127/><T12/><D12/><U16/><E56/><V90/><F8/><W107/><G91/><T109/><D109/><U68/><E68/><V57/><F53/><N who="0" m="20554" /><D89/><U122/><E23/><V31/><REACH who="2" step="1"/><F32/><REACH who="2" ten="250,250,240,250" step="2"/><W74/><G34/><T103/><D103/><U6/><E112/><V133/><F133/><W116/><G116/><T96/><D96/><U134/><E134/><V135/><F135/><W35/><G97/><T83/><D92/><U13/><E95/><V72/><F72/><W113/><G75/><T27/><D83/><U78/><E93/><V48/><F48/><W129/><G49/><T132/><D132/><U94/><E94/><V101/><F101/><W47/><G113/><T51/><D51/><U10/><E130/><V54/><F54/><W76/><G129/><T50/><D50/><U115/><E131/><V82/><F82/><W26/><G107/><T98/><D98/><U2/><E115/><V15/><F15/><W4/><G104/><T69/><D27/><AGARI ba="0,1" hai="25,27,29,31,42,43,44,46,57,58,86,87,88,90" machi="27" ten="25,12000,2" yaku="1,1,22,2,8,1,54,1,53,2" doraHai="105" doraHaiUra="24" who="2" fromWho="0" sc="250,-120,250,0,240,130,250,0" /><INIT seed="1,0,0,2,4,124" ten="130,250,370,250" oya="1" hai0="31,81,115,7,133,58,49,94,28,104,129,97,100" hai1="54,88,18,73,21,19,47,117,82,96,35,86,36" hai2="32,34,23,33,42,87,25,130,116,48,114,57,12" hai3="85,2,106,123,64,103,83,39,24,41,93,20,98"/><U3/><E117/><V0/><F130/><W56/><G123/><T52/><D115/><U1/><E35/><V76/><F116/><W15/><G2/><T107/><D133/><U90/><E73/><V5/><F114/><W16/><G39/><T78/><D7/><U112/><E112/><V29/><F0/><W75/><G41/><T113/><D113/><U4/><E19/><V101/><F101/><W110/><G110/><T38/><D38/><U68/><E68/><V127/><F127/><W9/><G75/><T89/><D129/><U6/><E3/><V118/><F118/><W37/><G37/><T44/><D107/><U46/><E1/><V60/><F5/><N who="1" m="2153" /><E54/><V72/><F72/><W53/><G64/><T91/><D91/><U105/><E105/><V27/><F12/><W45/><G45/><N who="1" m="16906" /><E36/><V10/><F10/><W55/><G56/><T131/><D131/><U84/><E96/><V125/><F125/><W122/><G122/><T66/><D104/><U11/><E11/><V74/><F74/><W132/><G132/><T61/><REACH who="0" step="1"/><D100/><REACH who="0" ten="120,250,370,250" step="2"/><U126/><E126/><V63/><F76/><N who="3" m="46311" /><G106/><T17/><D17/><AGARI ba="0,1" hai="9,15,16,17,20,24,53,55,93,98,103" m="46311" machi="17" ten="30,2000,0" yaku="8,1,54,1" doraHai="124" who="3" fromWho="0" sc="120,-20,250,0,370,0,250,30" /><INIT seed="2,0,0,4,2,9" ten="100,250,370,280" oya="2" hai0="113,63,45,18,38,28,107,69,10,128,61,91,129" hai1="40,74,37,2,13,42,97,72,20,54,81,89,84" hai2="100,36,123,104,53,29,79,119,60,67,99,23,130" hai3="30,124,1,87,4,25,27,39,19,115,47,56,34"/><V78/><F130/><W127/><G56/><T82/><D107/><U125/><E2/><V90/><F119/><W68/><G68/><T85/><D113/><U121/><E125/><N who="3" m="48202" /><G87/><T64/><D28/><U65/><E65/><V73/><F123/><W77/><G77/><T75/><D75/><U17/><E121/><V103/><F36/><W117/><G117/><T3/><D3/><U33/><E33/><V11/><F103/><W110/><G47/><T6/><D6/><U5/><E5/><V44/><F73/><W76/><G76/><T133/><D133/><U21/><E54/><V24/><F11/><N who="3" m="2447" /><G39/><T71/><D38/><U134/><E134/><V31/><F31/><W35/><G110/><T131/><D45/><U22/><E97/><V96/><F96/><W66/><G66/><T122/><D122/><U86/><E84/><V50/><REACH who="2" step="1"/><F90/><REACH who="2" ten="100,250,360,280" step="2"/><W12/><G115/><T108/><D108/><U120/><E120/><V114/><F114/><W109/><G109/><T135/><D135/><U43/><E37/><V48/><F48/><W8/><G30/><T102/><D102/><U16/><E74/><V101/><F101/><W105/><G105/><T111/><D111/><U55/><E72/><V88/><F88/><W52/><G35/><T32/><D32/><U93/><E89/><V116/><F116/><W92/><G34/><T83/><D83/><U118/><E81/><V106/><F106/><W132/><G132/><T57/><REACH who="0" step="1"/><D63/><REACH who="0" ten="90,250,360,280" step="2"/><U26/><E118/><V59/><AGARI ba="0,2" hai="23,24,29,44,50,53,59,60,67,78,79,99,100,104" machi="59" ten="20,3900,0" yaku="1,1,0,1,7,1,53,0" doraHai="9" doraHaiUra="14" who="2" fromWho="2" sc="90,-13,250,-13,360,59,280,-13" /><INIT seed="2,1,0,2,3,13" ten="77,237,419,267" oya="2" hai0="63,58,56,40,133,85,105,79,34,41,29,98,114" hai1="67,135,97,89,61,19,131,123,50,37,10,31,126" hai2="47,101,9,75,62,71,110,16,121,81,32,68,78" hai3="108,5,69,27,124,55,70,0,120,42,21,12,106"/><V80/><F121/><W82/><G0/><T20/><D34/><U76/><E123/><V23/><F32/><W15/><G106/><T83/><D114/><U100/><E37/><V119/><F119/><W91/><G108/><T35/><D35/><U87/><E76/><V90/><F110/><W54/><G124/><T128/><D128/><U28/><E126/><V130/><F130/><W59/><G42/><T36/><D36/><U51/><E135/><V92/><F9/><W25/><G59/><T95/><D105/><U73/><E73/><V26/><F62/><W49/><G91/><T93/><D133/><U107/><E51/><V88/><F47/><W1/><G82/><T60/><D93/><U57/><E50/><V115/><F115/><W118/><G49/><T122/><D122/><U99/><E97/><V43/><F43/><W30/><G5/><T72/><D72/><U22/><E10/><V132/><F132/><W48/><G21/><T39/><D39/><U17/><E131/><V103/><F80/><W94/><G94/><T4/><D4/><U74/><E74/><V7/><F7/><W77/><G48/><T45/><D45/><U111/><E111/><V6/><F6/><W96/><G1/><T53/><D29/><U102/><E100/><V33/><F33/><W8/><G30/><T65/><REACH who="0" step="1"/><D20/><REACH who="0" ten="67,237,419,267" step="2"/><U116/><E31/><V14/><F92/><W66/><G120/><T112/><D112/><U86/><E28/><V38/><F38/><W11/><G11/><T134/><D134/><U127/><E127/><V125/><F125/><W84/><G8/><RYUUKYOKU ba="1,1" sc="67,30,237,-10,419,-10,267,-10" hai0="40,41,53,56,58,60,63,65,79,83,85,95,98" /><INIT seed="3,2,1,2,5,22" ten="97,227,409,257" oya="3" hai0="107,32,98,133,97,127,92,95,91,109,80,85,69" hai1="135,12,88,30,113,37,39,94,131,90,71,64,35" hai2="54,79,49,26,41,53,17,21,132,129,134,43,3" hai3="42,87,6,2,0,58,47,33,18,1,50,27,10"/><W62/><G87/><T38/><D38/><U77/><E113/><V44/><F129/><W24/><G18/><T84/><D69/><U78/><E131/><V128/><F128/><W124/><G124/><T76/><D32/><U9/><E30/><V125/><F125/><W51/><G51/><T81/><D127/><U86/><E35/><V82/><F3/><W29/><REACH who="3" step="1"/><G27/><REACH who="3" ten="97,227,409,247" step="2"/><T116/><D116/><U46/><E39/><V100/><F41/><W28/><G28/><T96/><D109/><U57/><E37/><V56/><F100/><W70/><G70/><T93/><D133/><N who="2" m="51306" /><F56/><W103/><G103/><AGARI ba="2,2" hai="76,80,81,84,85,91,92,93,95,96,97,98,103,107" machi="103" ten="40,12000,2" yaku="35,6" doraHai="22" who="0" fromWho="3" sc="97,146,227,0,409,0,247,-126" owari="243,4.3,227,-17.3,409,50.9,121,-37.9" /></mjloggm>