<mjloggm ver="2.3"><GO type="225" lobby="0"/><UN n0="%E3%81%82%E3%81%84%E3%81%82%E3%81%8A%E3%81%84" n1="%E3%81%99%E3%81%84%E3%81%BE%E3%81%9B%E3%83%BC%E3%82%93" n2="%E3%81%AF%E3%82%88%E3%81%8A%E3%81%98%E3%81%95%E3%82%93" n3="%6D%75%75%6D%75%72%61" dan="18,16,16,16" rate="2212.49,2102.65,2127.32,2140.65" sx="M,M,M,F"/><TAIKYOKU oya="0"/><INIT seed="0,0,0,5,1,55" ten="250,250,250,250" oya="0" hai0="123,132,102,51,86,50,53,124,116,101,127,6,120" hai1="29,74,134,119,59,23,27,18,47,12,77,60,16" hai2="9,100,34,10,85,106,76,122,7,68,1,25,104" hai3="43,103,62,82,33,13,117,58,8,113,56,72,115"/><T111/><D6/><U31/><E119/><V24/><F122/><W14/><G117/><T2/><D116/><U21/><E134/><V35/><F68/><W95/><G33/><T126/><D2/><U88/><E47/><V3/><F85/><W46/><G103/><N who="0" m="39435" /><D132/><U121/><E121/><N who="0" m="46665" /><D111/><U49/><E49/><N who="0" m="18441" /><D53/><U54/><REACH who="1" step="1"/><E88/><REACH who="1" ten="250,240,250,250" step="2"/><V131/><F100/><W114/><G46/><T20/><D86/><U118/><E118/><V93/><F93/><W81/><G95/><T32/><D20/><U11/><E11/><V80/><F10/><W67/><G8/><T73/><D73/><U36/><E36/><V65/><F9/><W66/><G72/><T64/><D64/><U84/><E84/><V69/><F65/><W91/><G67/><T39/><D32/><U75/><E75/><V109/><F35/><W63/><G66/><T15/><D15/><U112/><E112/><V19/><F34/><W17/><G113/><T70/><D39/><U41/><E41/><V45/><F45/><W28/><G43/><T52/><D52/><U79/><E79/><V48/><F76/><W110/><G91/><T0/><D0/><U90/><E90/><V44/><F48/><W71/><G71/><AGARI ba="0,1" hai="70,71,124,126,127" m="18441,46665,39435" machi="71" ten="40,7700,0" yaku="28,2,18,1" doraHai="55" who="0" fromWho="3" sc="250,87,240,0,250,0,250,-77" /><INIT seed="0,1,0,3,4,96" ten="337,240,250,173" oya="0" hai0="15,47,44,120,91,75,9,14,29,0,24,57,5" hai1="89,66,36,16,84,56,52,112,30,88,118,102,98" hai2="19,74,12,63,42,37,80,107,117,64,23,33,38" hai3="92,20,119,32,122,54,4,97,70,124,68,7,46"/><T135/><D120/><U69/><E118/><V90/><F33/><W77/><G32/><T11/><D75/><U130/><E36/><V55/><F107/><W58/><G122/><T45/><D135/><U53/><E130/><V27/><F117/><W121/><G119/><T125/><D125/><U67/><E112/><V61/><F42/><W62/><G124/><T95/><D57/><U109/><E30/><V28/><F55/><N who="1" m="21065" /><E69/><V93/><F80/><W13/><G121/><T50/><D50/><U18/><E109/><V115/><F74/><W48/><G68/><T72/><D72/><U73/><E73/><V131/><F131/><W43/><G77/><T65/><D65/><N who="1" m="24587" /><E56/><V85/><F115/><W104/><G104/><T10/><D0/><U40/><E40/><V8/><REACH who="2" step="1"/><F63/><REACH who="2" ten="337,240,240,173" step="2"/><W1/><G43/><T105/><D105/><U82/><E89/><V71/><AGARI ba="1,1" hai="8,12,19,23,27,28,37,38,61,64,71,85,90,93" machi="71" ten="20,5200,0" yaku="1,1,2,1,0,1,7,1,53,0" doraHai="96" doraHaiUra="103" who="2" fromWho="2" sc="337,-27,240,-14,240,65,173,-14" /><INIT seed="1,0,0,0,0,123" ten="310,226,305,159" oya="1" hai0="30,113,34,131,79,25,27,16,39,33,60,47,126" hai1="111,20,19,120,109,43,88,81,82,127,15,28,67" hai2="1,115,128,50,2,41,59,77,68,12,104,91,75" hai3="49,22,54,53,7,63,0,102,52,80,97,86,51"/><U78/><E120/><V103/><F68/><W105/><G63/><T129/><D79/><U134/><E127/><V4/><F128/><N who="0" m="49226" /><D113/><U36/><E134/><V65/><F115/><W87/><G87/><T11/><D126/><U108/><E67/><V101/><F91/><W46/><G22/><N who="0" m="13511" /><D60/><U90/><E28/><V32/><F32/><W116/><G116/><T83/><D83/><N who="1" m="31755" /><E78/><V99/><F77/><W95/><G105/><T57/><D57/><U92/><E92/><V5/><F75/><W110/><G110/><T62/><D62/><U44/><AGARI ba="0,0" hai="15,19,20,36,43,44,88,90,108,109,111" m="31755" machi="44" ten="40,18000,2" yaku="14,1,10,1,52,3,54,1" doraHai="123" who="1" fromWho="1" sc="310,-60,226,180,305,-60,159,-60" /><INIT seed="1,1,0,0,1,21" ten="250,406,245,99" oya="1" hai0="40,56,85,61,93,26,45,88,4,117,15,7,107" hai1="24,42,16,49,133,55,82,25,123,114,106,48,75" hai2="81,78,74,37,87,66,94,79,63,67,64,127,11" hai3="60,115,84,8,70,77,62,52,102,112,43,44,10"/><U124/><E114/><V58/><F37/><W116/><G116/><T30/><D107/><U35/><E123/><V95/><F127/><W50/><G102/><T1/><D1/><U41/><E106/><V118/><F118/><W83/><G43/><T109/><D15/><U33/><E124/><V34/><F34/><W99/><G99/><T31/><D31/><U92/><E133/><V72/><F11/><W113/><REACH who="3" step="1"/><G62/><REACH who="3" ten="250,406,245,89" step="2"/><T71/><D117/><U59/><E42/><V65/><F72/><W38/><G38/><T12/><D61/><U3/><E41/><V6/><F74/><W53/><G53/><T101/><D40/><U80/><E55/><V104/><F104/><W121/><G121/><T2/><D101/><U29/><E75/><V22/><F64/><AGARI ba="1,1" hai="8,10,44,50,52,60,64,70,77,83,84,112,113,115" machi="64" ten="40,2600,0" yaku="1,1,54,1,53,0" doraHai="21" doraHaiUra="100" who="3" fromWho="2" sc="250,0,406,0,245,-29,89,39" /><INIT seed="2,0,0,2,3,15" ten="250,406,216,128" oya="2" hai0="112,108,64,98,91,33,107,71,76,32,40,31,9" hai1="78,20,45,116,126,26,38,68,22,121,59,80,57" hai2="67,7,110,109,55,127,60,35,115,21,129,118,97" hai3="24,2,44,99,106,79,49,100,12,11,52,125,130"/><V16/><F115/><W133/><G130/><T63/><D112/><U103/><E116/><V90/><F118/><W34/><G125/><T19/><D108/><N who="2" m="41578" /><F35/><W94/><G133/><T48/><D76/><U70/><E121/><V28/><F7/><W27/><G79/><T128/><D128/><U132/><E126/><V58/><F127/><W93/><G2/><T1/><D31/><U61/><E132/><V50/><F28/><W104/><G34/><T62/><D62/><U111/><E61/><V96/><F90/><W75/><G75/><T56/><D91/><U18/><E111/><V88/><F88/><W37/><G37/><T17/><D33/><U113/><E78/><V47/><F129/><W81/><G81/><T101/><D32/><U83/><E83/><V72/><F72/><W30/><G30/><T105/><D105/><U6/><E80/><V117/><F117/><W120/><G120/><T69/><D69/><U119/><E119/><V84/><F84/><W124/><G124/><T77/><D77/><U114/><E6/><V131/><F131/><W95/><REACH who="3" step="1"/><G104/><REACH who="3" ten="250,406,216,118" step="2"/><T43/><D107/><U36/><E114/><V73/><F73/><W39/><G39/><T29/><D29/><U46/><E113/><V14/><AGARI ba="0,1" hai="14,16,21,47,50,55,58,60,67,96,97" m="41578" machi="14" ten="30,11700,0" yaku="14,1,10,1,52,1,54,1" doraHai="15" who="2" fromWho="2" sc="250,-39,406,-39,216,127,118,-39" /><INIT seed="2,1,0,4,4,99" ten="211,367,343,79" oya="2" hai0="135,128,119,30,13,129,5,109,118,12,120,2,10" hai1="25,56,34,53,100,113,134,67,16,68,29,60,24" hai2="72,26,116,112,59,51,71,82,64,78,48,97,31" hai3="107,37,8,91,36,80,70,110,27,103,62,15,20"/><V115/><F116/><N who="0" m="44586" /><D120/><U114/><E134/><V22/><F71/><W6/><G110/><T126/><D109/><U87/><E87/><V132/><F132/><W121/><G121/><T49/><D49/><U92/><E25/><V40/><F48/><W77/><G91/><T131/><D135/><U3/><E3/><V125/><F125/><W41/><G41/><T35/><D126/><U39/><E39/><V0/><F0/><W105/><G105/><T108/><D108/><U17/><E114/><V57/><F57/><W117/><G117/><T122/><D122/><U83/><E83/><V44/><REACH who="2" step="1"/><F97/><REACH who="2" ten="211,367,333,79" step="2"/><W86/><G70/><T102/><D102/><U46/><E68/><V11/><F11/><W98/><REACH who="3" step="1"/><G62/><AGARI ba="1,1" hai="22,26,31,40,44,51,59,62,64,72,78,82,112,115" machi="62" ten="40,3900,0" yaku="1,1,53,1" doraHai="99" doraHaiUra="63" who="2" fromWho="3" sc="211,0,367,0,333,52,79,-42" /><INIT seed="2,2,0,0,2,71" ten="211,367,385,37" oya="2" hai0="130,102,89,85,50,99,51,81,2,78,55,125,5" hai1="0,83,8,94,39,28,9,66,110,100,107,128,113" hai2="1,123,104,64,131,95,24,32,3,120,77,96,69" hai3="40,114,15,56,135,57,30,7,73,129,70,52,84"/><V86/><F131/><W92/><G70/><T14/><D130/><U117/><E113/><V49/><F49/><W93/><G129/><T132/><D125/><U41/><E117/><V45/><F45/><W26/><G73/><T31/><D132/><U21/><E107/><V11/><F95/><W88/><G135/><T13/><D31/><U72/><E128/><V20/><F86/><W97/><G114/><T112/><D112/><U121/><E121/><V53/><F53/><W16/><G40/><T48/><D55/><U35/><E35/><V47/><F47/><W103/><G7/><T63/><D63/><U6/><E66/><V59/><F59/><W46/><G46/><T54/><D54/><U115/><E115/><V36/><F77/><W27/><G30/><T134/><D134/><U74/><E94/><V109/><F20/><N who="3" m="11295" /><G57/><T118/><D118/><U75/><E41/><V61/><F109/><W38/><G38/><T119/><D119/><U76/><E39/><V10/><F36/><W101/><G103/><T18/><D18/><U22/><E100/><N who="2" m="62471" /><F10/><W12/><G12/><T133/><D133/><U42/><E42/><V65/><F65/><W105/><G105/><T23/><D23/><N who="1" m="8715" /><E110/><V90/><F90/><W79/><G79/><T108/><D78/><U87/><E9/><V25/><F25/><W29/><G29/><T98/><D108/><U67/><E28/><N who="2" m="19463" /><F11/><W19/><G19/><T17/><D17/><U58/><E67/><V127/><F127/><W80/><G93/><T122/><D2/><AGARI ba="2,0" hai="1,2,3,61,64,69,120,123" m="19463,62471" machi="2" ten="30,2900,0" yaku="25,1,23,1" doraHai="71" who="2" fromWho="0" sc="211,-35,367,0,385,35,37,0" /><INIT seed="2,3,0,1,1,10" ten="176,367,420,37" oya="2" hai0="102,31,75,44,109,67,113,110,80,63,114,88,105" hai1="5,8,92,46,52,127,93,15,61,32,62,84,6" hai2="56,27,132,11,89,41,72,39,111,33,70,134,79" hai3="20,131,99,90,100,30,34,117,9,36,54,98,130"/><V38/><F70/><W101/><G34/><T1/><D1/><U125/><E32/><V95/><F41/><W57/><G117/><T68/><D31/><U0/><E5/><V26/><F111/><N who="0" m="42506" /><D44/><U24/><E24/><N who="2" m="9259" /><F33/><W59/><G36/><T2/><D2/><U122/><E122/><V58/><F79/><W42/><G30/><T106/><D88/><N who="1" m="53255" /><E0/><V4/><F72/><W23/><G90/><T94/><D94/><U76/><E76/><V121/><F121/><W115/><G115/><N who="0" m="44043" /><D102/><U69/><E93/><V82/><F82/><W133/><G133/><N who="2" m="51305" /><F39/><W50/><G42/><T120/><D120/><U7/><E69/><V47/><F47/><W14/><G100/><T116/><D116/><U87/><E6/><V112/><F38/><W126/><G101/><T118/><D118/><U128/><E87/><N who="2" m="52671" /><F112/><W77/><G77/><AGARI ba="3,0" hai="63,67,68,75,77,80,105,106" m="44043,42506" machi="77" ten="30,2000,0" yaku="14,1,23,1" doraHai="10" who="0" fromWho="3" sc="176,29,367,0,420,0,37,-29" /><INIT seed="3,0,0,2,2,70" ten="205,367,420,8" oya="3" hai0="21,33,49,84,23,73,67,44,17,15,74,31,130" hai1="47,99,126,122,59,30,7,104,6,87,95,101,85" hai2="86,107,125,2,37,75,135,100,25,29,133,8,27" hai3="52,60,64,112,51,28,26,117,116,38,72,93,88"/><W105/><G112/><T97/><D130/><U109/><E122/><V63/><F37/><W48/><G105/><T18/><D67/><U71/><E71/><V11/><F75/><W1/><G48/><T94/><D84/><U35/><E126/><V128/><F125/><W118/><G1/><T92/><D33/><U68/><E68/><V111/><F111/><W39/><G72/><T45/><D31/><U10/><E109/><V54/><F128/><W89/><G64/><T42/><D45/><U127/><E127/><V90/><F100/><W53/><G60/><T50/><D50/><U82/><E104/><V121/><F107/><W77/><G77/><T120/><D120/><U132/><E6/><V55/><F121/><W106/><G106/><T80/><D80/><U119/><E132/><N who="2" m="50763" /><F63/><W129/><G129/><T12/><D92/><U43/><E87/><V9/><F2/><W113/><G113/><T56/><D56/><U5/><E59/><V103/><F103/><AGARI ba="0,0" hai="12,15,17,18,21,23,42,44,49,73,74,94,97,103" machi="103" ten="30,2000,0" yaku="7,1,9,1" doraHai="70" who="0" fromWho="2" sc="205,20,367,0,420,-20,8,0" owari="225,-17.5,367,16.7,400,50.0,8,-49.2" /></mjloggm>