<mjloggm ver="2.3"><GO type="225" lobby="0"/><UN n0="%4B%2E%32%2E%4B%2E" n1="%E3%81%A4%E3%81%A3%E3%81%B1%E3%82%8A%E3%83%9D%E3%83%BC%E3%83%AB" n2="%63%68%78%62%64" n3="%E3%82%BC%E3%83%AB%E3%83%80%E3%81%AE%E4%BC%9D%E8%AA%AC" dan="16,16,16,17" rate="2149.69,2128.36,2116.30,2183.20" sx="M,M,M,M"/><TAIKYOKU oya="0"/><INIT seed="0,0,0,1,1,1" ten="250,250,250,250" oya="0" hai0="116,100,120,101,67,122,124,43,17,38,11,36,10" hai1="110,2,3,119,49,56,27,55,53,37,34,0,22" hai2="57,20,78,25,108,59,109,131,42,73,102,44,81" hai3="115,8,15,41,50,103,75,4,35,13,82,106,123"/><T16/><D67/><U99/><E119/><V48/><F102/><W69/><G115/><T40/><REACH who="0" step="1"/><D124/><REACH who="0" ten="240,250,250,250" step="2"/><U112/><E112/><V66/><F131/><W47/><G123/><T54/><D54/><U52/><E110/><N who="2" m="42603" /><F66/><W98/><G69/><T26/><D26/><U111/><E111/><V84/><F73/><W117/><G117/><AGARI ba="0,1" hai="10,11,16,17,36,38,40,43,100,101,116,117,120,122" machi="117" ten="25,18000,2" yaku="1,1,22,2,54,1,53,2" doraHai="1" doraHaiUra="71" who="0" fromWho="3" sc="240,190,250,0,250,0,250,-180" /><INIT seed="0,1,0,5,4,47" ten="430,250,250,70" oya="0" hai0="8,84,73,52,42,63,39,93,87,108,24,18,5" hai1="19,94,100,29,49,61,58,41,81,89,10,77,127" hai2="9,33,15,53,40,67,65,38,86,88,118,51,130" hai3="95,71,125,46,92,54,96,98,14,135,25,12,60"/><T34/><D73/><U26/><E127/><V70/><F33/><W121/><G125/><T131/><D131/><U117/><E100/><V99/><F130/><W85/><G135/><T57/><D108/><U0/><E117/><V30/><F30/><W45/><G121/><T120/><D120/><U21/><E0/><V116/><F99/><W6/><G71/><T113/><D113/><U104/><E104/><V48/><F38/><W91/><G25/><T105/><D105/><U103/><E103/><V27/><F27/><W59/><G85/><T119/><D119/><N who="2" m="45610" /><F40/><W74/><G74/><T32/><D18/><U101/><E101/><V102/><F102/><W62/><G6/><T3/><D34/><U122/><E122/><V16/><F70/><W133/><G133/><T124/><D124/><U132/><E132/><V80/><F51/><W55/><REACH who="3" step="1"/><G59/><AGARI ba="1,0" hai="9,15,16,48,53,59,65,67,80,86,88" m="45610" machi="59" ten="30,7700,0" yaku="12,1,52,1,54,2" doraHai="47" who="2" fromWho="3" sc="430,0,250,0,250,80,70,-80" owari="430,53.0,250,-15.0,330,13.0,-10,-51.0" /></mjloggm>