<mjloggm ver="2.3"><GO type="225" lobby="0"/><UN n0="%E3%81%8B%E3%82%8F%E3%81%A1%E3%82%83%E3%82%93%35%38" n1="%E6%A1%9C%E8%8A%B1%E9%96%83%E3%80%85" n2="%6D%75%75%73%61%6E%6D%75" n3="%79%75%72%69%6D%6F%67" dan="16,16,17,16" rate="2106.57,2203.97,2159.60,2127.23" sx="M,M,F,F"/><TAIKYOKU oya="0"/><INIT seed="0,0,0,5,0,56" ten="250,250,250,250" oya="0" hai0="25,67,122,65,28,7,104,85,17,119,82,26,6" hai1="9,51,20,132,113,23,96,118,45,88,64,60,114" hai2="27,81,87,86,126,39,75,2,112,92,5,44,59" hai3="131,0,29,37,72,35,124,125,127,71,107,43,83"/><T40/><D122/><U90/><E118/><V8/><F112/><N who="1" m="43113" /><E132/><V21/><F126/><W94/><G94/><T47/><D119/><U74/><E74/><V93/><F86/><W97/><G0/><T24/><D104/><U69/><E9/><V13/><F13/><W12/><G12/><T78/><D28/><U123/><E123/><V4/><F4/><W121/><G131/><T79/><D79/><U77/><E77/><N who="2" m="44223" /><F59/><W38/><G83/><T102/><D102/><U22/><E96/><V130/><F87/><W105/><G72/><T61/><D17/><U32/><E32/><V99/><F99/><W128/><G128/><T14/><D14/><U89/><E89/><V120/><F120/><W11/><G11/><T109/><D109/><U30/><E30/><N who="2" m="17775" /><F130/><W50/><G50/><T103/><D103/><U129/><E129/><V53/><F53/><AGARI ba="0,0" hai="20,22,23,45,51,53,60,64,69,88,90" m="43113" machi="53" ten="30,3900,0" yaku="11,1,52,1,54,1" doraHai="56" who="1" fromWho="2" sc="250,0,250,39,250,-39,250,0" /><INIT seed="1,0,0,3,5,125" ten="250,289,211,250" oya="1" hai0="35,130,23,109,90,48,98,22,52,54,67,75,6" hai1="0,69,71,53,2,106,85,17,13,132,16,97,101" hai2="115,126,11,50,102,123,30,40,56,37,93,83,107" hai3="76,70,44,108,12,100,91,5,34,10,36,134,45"/><U133/><E53/><V61/><F123/><W74/><G108/><T122/><D35/><U65/><E85/><V33/><F126/><W96/><G70/><N who="1" m="26634" /><E65/><V58/><F107/><W135/><G34/><T4/><D75/><U47/><E47/><V127/><F37/><W129/><G91/><T46/><D109/><U26/><E26/><V14/><F127/><W121/><G121/><T38/><D38/><U28/><E28/><V24/><F115/><W1/><G12/><T99/><D67/><U78/><E78/><V94/><F83/><W51/><G51/><T104/><D122/><U89/><E89/><V118/><F118/><W42/><G45/><T82/><D104/><U43/><E43/><V39/><F39/><W29/><G29/><T105/><D105/><U57/><E57/><V20/><F33/><W27/><G27/><T31/><D31/><U124/><E124/><V62/><F40/><W8/><G8/><T25/><D25/><U68/><N who="1" m="26642" /><U131/><DORA hai="66" /><E17/><V128/><F50/><W60/><G60/><N who="2" m="23145" /><F93/><W84/><G84/><T119/><D48/><U41/><E41/><V116/><F116/><W112/><G112/><T3/><D119/><U114/><E114/><V92/><F56/><W72/><G76/><T18/><D46/><U9/><E0/><V59/><F58/><W110/><G110/><T21/><D3/><U63/><E63/><V32/><F59/><W7/><G74/><T80/><D90/><U19/><E2/><V15/><F32/><W87/><G72/><T49/><D49/><U86/><E106/><V113/><F30/><RYUUKYOKU ba="0,0" sc="250,0,289,0,211,0,250,0" /><INIT seed="2,1,0,4,4,107" ten="250,289,211,250" oya="2" hai0="26,96,134,109,92,52,75,5,2,15,68,82,135" hai1="46,39,81,132,85,116,84,56,78,67,0,133,97" hai2="127,25,28,100,115,10,63,95,44,123,9,33,16" hai3="62,19,129,114,79,48,72,93,121,27,98,131,7"/><V90/><F115/><W66/><G121/><T111/><D68/><U80/><E116/><V128/><F123/><W8/><G114/><T106/><D2/><U113/><E0/><V21/><F128/><W13/><G48/><T35/><D106/><U76/><E113/><V36/><F127/><W64/><G27/><T18/><D5/><U24/><E97/><V94/><F100/><W41/><G41/><T57/><D26/><U99/><E99/><V125/><F125/><W45/><G45/><T51/><D35/><U11/><E11/><V30/><F63/><W108/><G108/><N who="0" m="41547" /><D82/><U73/><E24/><V61/><F61/><W118/><G118/><T89/><D75/><N who="1" m="43039" /><E56/><V117/><F117/><W87/><G87/><T12/><D12/><U70/><E67/><V40/><F94/><W38/><G38/><T17/><D17/><U37/><E70/><V88/><F90/><W31/><G31/><T47/><D47/><U105/><E105/><V130/><F130/><N who="3" m="49675" /><G19/><T91/><D91/><U77/><E46/><V42/><F44/><W119/><G119/><T83/><D83/><N who="1" m="45519" /><E84/><N who="2" m="52615" /><F33/><W22/><G79/><T29/><D29/><N who="2" m="11370" /><F36/><W60/><G72/><T34/><D34/><U14/><E14/><V74/><F74/><W101/><G66/><T55/><D55/><U4/><E37/><V112/><F112/><W126/><G126/><T3/><D3/><U65/><E39/><V54/><F54/><W124/><G124/><T120/><D120/><U86/><E65/><V49/><F49/><W20/><G62/><T23/><AGARI ba="1,0" hai="15,18,23,51,52,57,89,92,96,134,135" m="41547" machi="23" ten="30,2000,0" yaku="14,1,54,1" doraHai="107" who="0" fromWho="0" sc="250,23,289,-6,211,-11,250,-6" /><INIT seed="3,0,0,0,4,42" ten="273,283,200,244" oya="3" hai0="6,25,24,45,69,116,93,77,134,109,76,79,63" hai1="19,135,41,56,44,88,129,59,14,13,119,126,113" hai2="70,3,43,133,99,5,29,32,33,68,9,102,28" hai3="20,54,72,73,110,38,80,125,115,128,58,87,55"/><W132/><G115/><T89/><D116/><U101/><E113/><V120/><F133/><W94/><G132/><T83/><D134/><U121/><E135/><V4/><F43/><W35/><G35/><T27/><D109/><U65/><E121/><V22/><F120/><W8/><G110/><T48/><D6/><U37/><E101/><V15/><F32/><W81/><G81/><T7/><D7/><U114/><E114/><V117/><F117/><W103/><G38/><T10/><D10/><U124/><E129/><V18/><F5/><W95/><G128/><T52/><D69/><U85/><E13/><V34/><F34/><W130/><G130/><T98/><REACH who="0" step="1"/><D63/><REACH who="0" ten="263,283,200,244" step="2"/><U104/><E119/><V127/><F127/><W40/><G125/><T47/><D47/><U21/><E59/><V26/><REACH who="2" step="1"/><F29/><REACH who="2" ten="263,283,190,244" step="2"/><W39/><G40/><T90/><D90/><U62/><E126/><V111/><F111/><W67/><G103/><T100/><D100/><U0/><E124/><V107/><AGARI ba="0,2" hai="3,4,9,15,18,22,26,28,33,68,70,99,102,107" machi="107" ten="20,12000,2" yaku="1,1,0,1,7,1,24,2,53,2" doraHai="42" doraHaiUra="64" who="2" fromWho="2" sc="263,-30,283,-30,190,140,244,-60" owari="233,-16.7,253,5.3,330,43.0,184,-31.6" /></mjloggm>