<mjloggm ver="2.3"><GO type="225" lobby="0"/><UN n0="%E3%81%A1%E3%82%85%E3%81%86%E3%81%A9%E3%81%8F%E8%B1%A1%E3%81%95%E3%82%93" n1="%E5%B8%86%E7%AB%8B%E5%A4%8F%E8%A1%A3" n2="%E3%83%B4%E3%83%A0%EF%BC%99%E3%81%A6" n3="%33%74%72%65%65" dan="17,17,17,17" rate="2145.66,2134.96,2199.85,2192.90" sx="M,M,M,F"/><TAIKYOKU oya="0"/><INIT seed="0,0,0,4,5,123" ten="250,250,250,250" oya="0" hai0="73,98,9,28,81,93,2,48,32,10,79,112,14" hai1="92,53,104,85,15,23,100,71,135,109,76,56,65" hai2="69,120,67,86,108,37,114,75,94,30,110,47,74" hai3="5,43,106,26,45,4,124,115,1,31,63,44,129"/><T119/><D119/><U95/><E135/><V51/><F120/><W105/><G115/><T36/><D112/><U21/><E104/><V6/><F114/><W59/><G129/><T20/><D36/><U91/><E71/><V29/><F37/><W50/><G124/><T13/><D32/><U27/><E65/><V80/><F6/><W125/><G125/><T39/><D39/><U7/><E109/><N who="2" m="42091" /><F94/><W90/><G45/><T42/><D2/><U113/><E113/><V25/><F67/><W52/><G90/><T22/><D28/><N who="2" m="10858" /><F25/><W68/><G68/><T19/><D93/><U64/><E27/><V60/><F60/><W24/><G24/><T96/><D96/><N who="1" m="59399" /><E64/><V34/><F69/><W87/><G4/><T70/><D98/><U88/><E76/><N who="2" m="46343" /><F34/><W116/><G116/><T11/><D70/><U17/><E7/><V35/><F35/><W41/><G5/><T8/><D48/><N who="1" m="30759" /><E91/><V134/><F134/><W107/><G1/><T58/><D79/><U99/><E99/><V97/><F97/><W122/><G122/><T126/><D126/><U66/><E66/><V132/><F132/><W3/><G3/><T128/><D128/><U89/><E89/><V38/><F38/><W55/><REACH who="3" step="1"/><G87/><REACH who="3" ten="250,250,250,240" step="2"/><T127/><D127/><U40/><E40/><AGARI ba="0,1" hai="40,47,51,74,75" m="46343,10858,42091" machi="40" ten="30,7700,0" yaku="14,1,52,3" doraHai="123" who="2" fromWho="1" sc="250,0,250,-77,250,87,240,0" /><INIT seed="1,0,0,0,0,21" ten="250,173,337,240" oya="1" hai0="55,132,113,61,74,128,107,94,32,16,14,46,1" hai1="93,65,0,103,122,39,45,133,70,3,84,57,79" hai2="11,48,24,88,96,86,108,67,73,90,54,20,135" hai3="5,22,99,75,35,72,31,23,38,106,49,13,125"/><U43/><E133/><V85/><F73/><W51/><G38/><T50/><D113/><U68/><E122/><V29/><F135/><W83/><G125/><T28/><D107/><U34/><E34/><V42/><F108/><W111/><G111/><T78/><D132/><U100/><E70/><V110/><F110/><W33/><G5/><T116/><D116/><U41/><E41/><V114/><F114/><W91/><G106/><T30/><D1/><U19/><E68/><V59/><F67/><W64/><G64/><T109/><D109/><U117/><E117/><V115/><F115/><W4/><G4/><T26/><D30/><U27/><E0/><V36/><F36/><W56/><G13/><T47/><D128/><U95/><E3/><V105/><F105/><W104/><G104/><T60/><D94/><U2/><E2/><V131/><F131/><W97/><G31/><T63/><D47/><U80/><E100/><V82/><F96/><W9/><G56/><T58/><D74/><U134/><E103/><V87/><F11/><W18/><G83/><T17/><D78/><U12/><E134/><V40/><F85/><W62/><G62/><T77/><D77/><U112/><E112/><V89/><F89/><W37/><G37/><T71/><D71/><U7/><E7/><V126/><F126/><W44/><G91/><T124/><D124/><U6/><E6/><V66/><F66/><W98/><G9/><N who="0" m="6223" /><D17/><U52/><E65/><V101/><F101/><W81/><G75/><T92/><D92/><AGARI ba="0,0" hai="20,24,29,40,42,48,54,59,82,86,87,88,90,92" machi="92" ten="30,7700,0" yaku="7,1,8,1,52,1,54,1" doraHai="21" who="2" fromWho="0" sc="250,-77,173,0,337,77,240,0" /><INIT seed="2,0,0,3,1,57" ten="173,173,414,240" oya="2" hai0="115,35,68,103,128,91,124,3,26,83,27,87,6" hai1="133,23,78,58,93,107,123,9,24,2,44,94,77" hai2="19,116,105,89,32,99,74,18,92,20,112,108,71" hai3="109,52,7,88,119,111,21,72,1,134,54,70,69"/><V22/><F112/><W51/><G119/><T121/><D115/><U33/><E133/><V48/><F32/><W85/><G72/><T40/><D121/><U34/><E123/><V73/><F116/><W14/><G134/><T62/><D124/><U13/><E107/><V10/><F10/><N who="3" m="4447" /><G1/><T86/><D40/><U114/><E114/><V60/><F105/><W110/><G21/><T117/><D117/><U126/><E126/><V75/><F48/><W95/><G54/><T15/><D3/><U53/><E2/><V39/><F39/><W11/><G11/><T106/><D128/><U84/><E44/><AGARI ba="0,0" hai="44,51,52,69,70,85,88,95,109,110,111" m="4447" machi="44" ten="30,3900,0" yaku="14,1,54,2" doraHai="57" who="3" fromWho="1" sc="173,0,173,-39,414,0,240,39" /><INIT seed="3,0,0,0,4,66" ten="173,134,414,279" oya="3" hai0="94,46,135,128,37,15,120,88,26,130,125,134,4" hai1="133,82,69,28,9,17,74,21,101,92,59,57,93" hai2="99,104,96,27,103,0,72,31,106,63,115,116,79" hai3="7,34,108,56,39,91,19,85,76,20,77,131,54"/><W42/><G34/><T107/><D107/><U86/><E133/><N who="0" m="50697" /><D120/><U105/><E28/><V40/><F115/><W98/><G131/><N who="0" m="50219" /><D26/><U8/><E105/><V38/><F116/><W41/><G108/><T52/><D125/><U71/><E74/><V24/><F63/><W49/><G39/><T83/><D83/><U62/><E9/><V44/><F0/><W68/><G41/><N who="0" m="22831" /><D52/><U29/><E8/><V6/><F6/><W5/><G42/><T16/><D4/><U73/><E29/><V126/><F126/><W50/><G7/><T30/><D30/><U111/><E111/><V113/><F113/><W11/><G98/><T123/><D123/><U61/><E73/><V97/><F97/><W109/><G77/><T13/><D16/><U60/><E101/><N who="2" m="62503" /><F24/><W114/><G76/><T58/><D58/><U12/><E59/><V132/><F132/><W95/><G109/><T10/><D10/><U119/><E57/><V102/><F102/><W112/><G112/><T18/><D18/><U36/><E36/><V87/><F87/><AGARI ba="0,0" hai="13,15,87,88,94" m="22831,50219,50697" machi="87" ten="30,3900,0" yaku="20,1,19,1,54,1" doraHai="66" who="0" fromWho="2" sc="173,39,134,0,414,-39,279,0" owari="212,-18.8,134,-36.6,375,47.5,279,7.9" /></mjloggm>