<mjloggm ver="2.3"><GO type="225" lobby="0"/><UN n0="%E3%81%A9%E3%82%93%E3%82%88%E3%81%8F%4D%6B%2E%32" n1="%73%6C%69%63%6B%33%31%39" n2="%E3%83%A2%E3%82%B0%E3%83%9E%E3%83%AA%E3%83%A2" n3="%33%74%72%65%65" dan="16,16,16,16" rate="2175.18,2149.80,2102.93,2145.47" sx="M,M,M,F"/><TAIKYOKU oya="0"/><INIT seed="0,0,0,1,4,11" ten="250,250,250,250" oya="0" hai0="70,57,109,118,10,30,31,46,55,29,13,124,6" hai1="60,122,127,113,4,95,107,39,126,115,108,19,112" hai2="14,111,101,12,17,79,43,26,27,97,92,104,129" hai3="106,76,117,1,48,51,75,116,83,103,53,15,28"/><T37/><D118/><U0/><E107/><V22/><F111/><W121/><G1/><T35/><D70/><U73/><E73/><V93/><F129/><W44/><G121/><T87/><D109/><U123/><E39/><V89/><F79/><W85/><G28/><T135/><D135/><U105/><E105/><V98/><F43/><W40/><G85/><T67/><D67/><U58/><E95/><V80/><F80/><W34/><G34/><T62/><D124/><N who="1" m="47659" /><E19/><V61/><F61/><W66/><G66/><T96/><D87/><U110/><E4/><V102/><REACH who="2" step="1"/><F27/><REACH who="2" ten="250,250,240,250" step="2"/><W78/><G78/><T38/><D35/><U133/><E133/><V7/><F7/><W59/><G116/><T54/><REACH who="0" step="1"/><D96/><AGARI ba="0,1" hai="12,14,17,22,26,89,92,93,96,97,98,101,102,104" machi="96" ten="30,7700,0" yaku="1,1,7,1,52,2,53,0" doraHai="11" doraHaiUra="68" who="2" fromWho="0" sc="250,-77,250,0,240,87,250,0" /><INIT seed="1,0,0,4,3,32" ten="173,250,327,250" oya="1" hai0="2,105,122,101,74,134,111,69,35,75,131,96,124" hai1="93,50,77,89,81,43,82,110,16,85,83,103,126" hai2="33,70,109,4,46,34,19,87,88,106,1,8,20" hai3="37,66,76,98,48,73,68,59,133,127,129,41,12"/><U80/><E126/><V132/><F106/><W15/><G127/><T52/><D52/><U58/><E110/><V54/><F109/><W86/><G73/><T40/><D40/><U118/><E118/><V71/><F132/><W55/><G133/><T36/><D96/><N who="1" m="59791" /><E58/><V72/><F72/><W64/><G129/><T112/><D101/><U30/><E30/><V28/><F34/><W120/><G120/><T6/><REACH who="0" step="1"/><D6/><REACH who="0" ten="163,250,327,250" step="2"/><U17/><E89/><V100/><F100/><W92/><G98/><T21/><D21/><U47/><AGARI ba="0,1" hai="16,17,43,47,50,77,80,81,82,83,85" m="59791" machi="47" ten="30,3000,0" yaku="8,1,54,1" doraHai="32" who="1" fromWho="1" sc="163,-10,250,40,327,-10,250,-10" /><INIT seed="1,1,0,1,5,26" ten="153,290,317,240" oya="1" hai0="97,123,22,61,91,33,14,69,81,63,89,28,75" hai1="40,109,27,134,79,57,83,100,34,96,65,131,58" hai2="132,90,47,5,112,35,70,105,9,115,8,23,95" hai3="71,30,117,120,13,50,19,99,16,82,24,127,107"/><U110/><E40/><V64/><F132/><W38/><G38/><T18/><D69/><U43/><E43/><V135/><F135/><W20/><G120/><T10/><D123/><U88/><E134/><V113/><F35/><W66/><G127/><T86/><D75/><U93/><E131/><V44/><F105/><W128/><G128/><T111/><D33/><U125/><E125/><V42/><F23/><W84/><G117/><T77/><D111/><N who="1" m="42507" /><E65/><V62/><F5/><W74/><G74/><T36/><D36/><U48/><E48/><N who="2" m="26647" /><F47/><W85/><G50/><T94/><REACH who="0" step="1"/><D77/><REACH who="0" ten="143,290,317,240" step="2"/><U41/><E79/><V29/><F70/><W129/><G129/><T118/><D118/><U76/><E41/><V114/><F114/><W4/><G71/><T45/><D45/><U126/><E126/><V7/><F113/><W124/><G124/><T52/><D52/><U73/><E100/><V56/><F64/><W60/><G66/><T25/><AGARI ba="1,1" hai="10,14,18,22,25,28,61,63,81,86,89,91,94,97" machi="25" ten="30,7900,0" yaku="1,1,0,1,8,1,52,1,53,0" doraHai="26" doraHaiUra="133" who="0" fromWho="0" sc="143,92,290,-40,317,-21,240,-21" /><INIT seed="2,0,0,2,2,34" ten="235,250,296,219" oya="2" hai0="36,134,59,5,121,66,30,135,126,9,67,26,65" hai1="14,57,52,125,90,47,88,89,11,46,71,81,112" hai2="118,78,115,31,60,53,23,35,123,25,29,49,122" hai3="99,97,0,96,95,40,19,79,77,44,75,43,63"/><V3/><F115/><W104/><G75/><T83/><D36/><U38/><E112/><V27/><F118/><W12/><G0/><T45/><D45/><U86/><E71/><V84/><F60/><W70/><G104/><T58/><D126/><U127/><E127/><V24/><F3/><W69/><G95/><T17/><D17/><U13/><E13/><V37/><F37/><W4/><G4/><T101/><D101/><U16/><E125/><V7/><F7/><W21/><G43/><T54/><D83/><U18/><E18/><V133/><F133/><N who="0" m="50698" /><D54/><U105/><E105/><V106/><F106/><W2/><G44/><N who="1" m="16938" /><E38/><V32/><F53/><W108/><G40/><T41/><D41/><U42/><E42/><V51/><F78/><W103/><G103/><T56/><D121/><U100/><E100/><V10/><F84/><W61/><G79/><T33/><D66/><U55/><E55/><V91/><F91/><W64/><G77/><T1/><AGARI ba="0,0" hai="1,5,9,26,30,33,56,58,59,65,67" m="50698" machi="1" ten="30,2000,0" yaku="20,1,52,1" doraHai="34" who="0" fromWho="0" sc="235,20,250,-5,296,-10,219,-5" /><INIT seed="3,0,0,5,1,48" ten="255,245,286,214" oya="3" hai0="19,62,14,75,24,41,36,118,83,86,120,107,15" hai1="78,55,73,18,70,61,9,53,111,0,38,110,11" hai2="58,121,47,65,64,68,114,6,23,66,46,116,132" hai3="28,94,115,98,67,102,88,124,29,74,25,4,54"/><W63/><G115/><T69/><D107/><U117/><E38/><V30/><F114/><W108/><G74/><T1/><D1/><U20/><E117/><V42/><F116/><W130/><G130/><T44/><D75/><U119/><E119/><V10/><F68/><W84/><G124/><T104/><D104/><U3/><E73/><V112/><F112/><W134/><G134/><T91/><D118/><U43/><E43/><V96/><F132/><W39/><G39/><T103/><D103/><U101/><E101/><V32/><F32/><W51/><G4/><T89/><D120/><U93/><E93/><V85/><F96/><W60/><G108/><N who="1" m="41514" /><E78/><V49/><F85/><W12/><G12/><T7/><D7/><U95/><E95/><V16/><F121/><W37/><G37/><T52/><D24/><N who="1" m="14359" /><E61/><N who="3" m="23626" /><G67/><T82/><D19/><U34/><E70/><V26/><F47/><N who="3" m="28031" /><G25/><T133/><D133/><U31/><E34/><V100/><F58/><W50/><G50/><T127/><D69/><U27/><E0/><V72/><F72/><W71/><G71/><T87/><D127/><U109/><E3/><V135/><F135/><W99/><G102/><T113/><D113/><U131/><E131/><V56/><F100/><W76/><G76/><T81/><D81/><U129/><E129/><V2/><F56/><AGARI ba="0,0" hai="14,15,36,41,44,52,56,62,82,83,86,87,89,91" machi="56" ten="40,5200,0" yaku="9,1,52,1,54,1" doraHai="48" who="0" fromWho="2" sc="255,52,245,0,286,-52,214,0" owari="307,40.7,245,4.5,234,-16.6,214,-28.6" /></mjloggm>