<mjloggm ver="2.3"><GO type="225" lobby="0"/><UN n0="%E5%8F%AF%E5%85%90%E9%82%A3%E7%94%B1%E5%A4%9A" n1="%48%61%61%61%6C%61%6E%64" n2="%E4%BF%BA%E3%81%A8%E5%A6%96%E5%A4%A2" n3="%6D%75%75%6D%75%72%61" dan="17,18,17,16" rate="2181.59,2202.46,2226.90,2049.24" sx="F,M,F,F"/><TAIKYOKU oya="0"/><INIT seed="0,0,0,5,2,0" ten="250,250,250,250" oya="0" hai0="2,9,120,53,78,129,12,49,133,122,15,59,63" hai1="102,67,32,135,88,134,85,62,110,72,30,104,80" hai2="25,55,75,94,101,44,6,1,14,26,60,114,89" hai3="57,106,56,45,19,24,115,31,123,41,109,91,107"/><T47/><D2/><U97/><E110/><V5/><F1/><W108/><G115/><T16/><D129/><U58/><REACH who="1" step="1"/><E72/><REACH who="1" ten="250,240,250,250" step="2"/><V27/><F75/><W10/><G109/><T81/><D133/><U43/><E43/><V118/><F114/><W7/><G41/><T82/><D15/><U11/><E11/><V99/><F14/><W33/><G10/><T103/><D103/><U23/><E23/><V17/><F118/><W61/><G108/><T48/><D48/><U38/><E38/><V117/><F117/><W54/><G123/><T77/><D122/><U36/><E36/><V74/><F74/><W132/><G132/><T71/><D120/><U69/><E69/><V34/><F34/><W46/><G33/><T119/><D71/><U76/><E76/><N who="0" m="29289" /><D119/><U39/><E39/><V96/><F101/><W8/><G8/><T92/><D92/><U113/><E113/><V90/><F94/><W21/><G21/><T83/><D83/><U127/><E127/><V121/><F121/><W65/><G106/><T130/><D130/><U116/><E116/><V73/><F73/><W98/><G107/><T3/><D3/><U93/><E93/><V20/><F89/><W105/><G91/><T18/><D82/><U28/><E28/><V52/><F90/><W79/><G105/><T128/><D81/><U50/><E50/><N who="2" m="28743" /><F20/><W112/><G112/><T86/><D128/><U35/><E35/><V126/><F126/><W125/><G125/><T13/><D9/><U29/><E29/><V64/><F17/><N who="0" m="6762" /><D86/><U70/><E70/><V131/><F131/><W100/><G79/><RYUUKYOKU ba="0,1" sc="250,15,240,15,250,-15,250,-15" hai0="12,13,47,49,53,59,63" hai1="30,32,58,62,67,80,85,88,97,102,104,134,135" /><INIT seed="0,1,1,0,1,82" ten="265,255,235,235" oya="0" hai0="72,50,31,69,17,11,57,4,99,27,60,100,0" hai1="75,38,95,76,51,1,20,42,30,109,104,73,97" hai2="12,23,101,105,66,21,127,25,131,63,61,132,9" hai3="41,93,16,2,55,128,88,107,77,39,5,89,122"/><T22/><D72/><U106/><E38/><V40/><F132/><W53/><G107/><T19/><D69/><U98/><E1/><V123/><F123/><W62/><G122/><T117/><D117/><U59/><E109/><V14/><F131/><W81/><G128/><T130/><D50/><U36/><E36/><V102/><F127/><W92/><G5/><T8/><D8/><U18/><E30/><V33/><F40/><W116/><G2/><T90/><D90/><U115/><E115/><V118/><F118/><W133/><G133/><T70/><D70/><U121/><E121/><V54/><F105/><W96/><G116/><T10/><D10/><U68/><E68/><V120/><F33/><W134/><G134/><T126/><D126/><U108/><E108/><V45/><F21/><W44/><G16/><T83/><D83/><U110/><E110/><V125/><F12/><W113/><G62/><N who="2" m="23561" /><F66/><W91/><G91/><T65/><REACH who="0" step="1"/><D130/><REACH who="0" ten="255,255,235,235" step="2"/><U24/><E73/><V124/><F124/><W103/><G113/><T87/><D87/><U71/><E71/><V74/><F74/><W6/><G89/><T79/><D79/><U135/><E76/><V43/><F125/><W46/><G6/><T29/><D29/><U85/><E75/><V3/><F120/><W52/><G39/><T56/><D56/><U86/><E59/><V49/><F9/><W114/><G114/><T64/><D64/><U94/><E135/><V78/><F78/><W32/><G77/><T15/><D15/><U129/><E129/><V28/><F14/><W13/><G13/><T37/><D37/><RYUUKYOKU ba="1,2" sc="255,30,255,-10,235,-10,235,-10" hai0="0,4,11,17,19,22,27,31,57,60,65,99,100" /><INIT seed="0,2,2,2,5,128" ten="285,245,225,225" oya="0" hai0="132,89,5,53,102,29,129,67,104,46,27,28,109" hai1="23,52,85,50,42,65,105,1,94,2,37,68,113" hai2="107,7,8,38,55,98,97,96,115,127,56,70,100" hai3="63,17,64,35,80,24,66,120,134,95,40,25,93"/><T125/><D129/><U117/><E105/><V4/><F115/><W9/><G120/><T15/><D67/><U61/><E117/><V49/><F70/><W88/><G134/><T30/><D132/><U60/><E113/><V19/><F38/><W16/><G40/><T118/><D118/><U81/><E61/><V112/><F112/><W121/><G121/><T31/><D125/><U58/><E94/><N who="3" m="35850" /><G35/><T82/><D109/><U43/><E23/><V126/><F19/><N who="3" m="7243" /><G9/><N who="0" m="4527" /><D104/><U0/><REACH who="1" step="1"/><E37/><REACH who="1" ten="285,235,225,225" step="2"/><V124/><REACH who="2" step="1"/><F4/><REACH who="2" ten="285,235,215,225" step="2"/><W87/><G63/><T133/><D133/><U122/><E122/><V75/><F75/><W116/><G116/><T54/><D29/><U59/><E59/><V10/><F10/><W101/><G101/><T106/><D102/><U83/><E83/><V78/><F78/><AGARI ba="2,4" hai="0,1,2,42,43,50,52,58,60,65,68,78,81,85" machi="78" ten="40,2600,0" yaku="1,1,54,1,53,0" doraHai="128" doraHaiUra="12" who="1" fromWho="2" sc="285,0,235,72,215,-32,225,0" /><INIT seed="1,0,0,4,5,34" ten="285,307,183,225" oya="1" hai0="58,99,52,74,35,103,115,9,124,15,128,38,45" hai1="70,11,127,94,43,133,47,49,101,10,41,90,116" hai2="76,6,134,20,89,61,108,31,130,68,39,92,86" hai3="63,65,32,97,78,42,51,107,112,96,24,69,131"/><U80/><E116/><V55/><F108/><W28/><G112/><T104/><D115/><U77/><E70/><V121/><F121/><W62/><G131/><T48/><D128/><U2/><E127/><V105/><F130/><W44/><G107/><T113/><D113/><U29/><E133/><V3/><F105/><W17/><G78/><T85/><D74/><U8/><E29/><V60/><F39/><W40/><G40/><T53/><D124/><U87/><E101/><V98/><F134/><W114/><G114/><T84/><D35/><U132/><E132/><V13/><F68/><W91/><G91/><T67/><D67/><U14/><E2/><V54/><F3/><W0/><G63/><T123/><D123/><U109/><E109/><V16/><F6/><W66/><G66/><T72/><D72/><U5/><REACH who="1" step="1"/><E41/><REACH who="1" ten="285,297,183,225" step="2"/><V81/><F31/><W75/><G0/><T33/><D103/><U102/><E102/><V1/><F1/><W4/><G69/><T118/><D118/><U135/><E135/><V19/><F55/><W88/><G28/><T106/><D53/><U83/><E83/><V23/><REACH who="2" step="1"/><F54/><REACH who="2" ten="285,297,173,225" step="2"/><W79/><G65/><T37/><D52/><U125/><E125/><V12/><AGARI ba="0,2" hai="12,13,16,19,20,23,60,61,76,81,86,89,92,98" machi="12" ten="20,12000,2" yaku="1,1,2,1,0,1,7,1,9,1,8,1,54,1,53,0" doraHai="34" doraHaiUra="27" who="2" fromWho="2" sc="285,-30,297,-60,173,140,225,-30" /><INIT seed="2,0,0,1,5,3" ten="255,237,313,195" oya="2" hai0="111,40,47,23,86,113,74,34,130,65,45,123,51" hai1="84,15,118,99,117,60,104,82,43,46,30,72,55" hai2="64,122,35,75,109,125,2,78,83,76,19,66,80" hai3="106,42,4,9,98,71,59,120,90,6,25,102,29"/><V52/><F122/><W127/><G120/><T18/><D123/><U39/><E72/><V77/><F35/><W17/><G71/><T14/><D74/><U124/><E124/><V79/><F125/><W134/><G127/><T20/><D113/><U96/><E30/><V94/><F2/><W115/><G115/><T7/><D34/><U32/><E32/><V70/><F109/><W37/><G134/><T107/><D107/><U58/><E15/><V36/><F36/><W89/><G59/><T91/><D111/><U53/><E53/><V87/><F80/><W129/><G129/><T108/><D108/><U11/><E11/><V44/><F70/><W38/><G17/><T114/><D114/><U63/><E63/><V88/><F19/><W1/><G6/><T54/><D130/><U85/><E85/><N who="2" m="52495" /><F75/><W57/><G57/><T69/><D69/><U128/><E128/><V5/><F5/><W41/><G38/><T135/><D135/><U133/><E133/><V105/><F105/><W110/><G110/><T121/><D121/><U62/><E104/><V22/><F22/><W61/><G37/><T12/><D7/><U68/><E117/><V131/><F131/><W103/><G106/><T21/><D18/><U73/><E73/><V92/><F92/><W8/><G1/><T16/><D16/><U126/><E118/><V67/><F67/><W49/><G4/><T81/><D65/><N who="1" m="40999" /><E126/><V132/><F132/><W116/><G116/><T26/><D26/><U24/><E24/><V33/><F33/><W112/><G112/><T13/><D21/><U50/><E39/><AGARI ba="0,0" hai="12,13,14,20,23,39,40,45,47,51,54,81,86,91" machi="39" ten="40,1300,0" yaku="6,1" doraHai="3" who="0" fromWho="1" sc="255,13,237,-13,313,0,195,0" /><INIT seed="3,0,0,3,4,88" ten="268,224,313,195" oya="3" hai0="16,5,11,26,36,61,83,100,118,13,47,30,79" hai1="106,124,77,125,8,111,34,68,40,84,55,41,119" hai2="71,27,80,129,75,103,12,114,50,35,29,101,1" hai3="94,48,122,32,116,85,14,28,60,113,21,2,112"/><W38/><G38/><T24/><D118/><U91/><E119/><V104/><F1/><W110/><G116/><T96/><D61/><U10/><E111/><V3/><F3/><W86/><G122/><T59/><D59/><U4/><E34/><V72/><F71/><W130/><G2/><T62/><D62/><U89/><E106/><V87/><F114/><W25/><G110/><T92/><D5/><U43/><E68/><V7/><F129/><W81/><G130/><T82/><D79/><U37/><E37/><V46/><F75/><W44/><G60/><T133/><D133/><U49/><E77/><N who="2" m="46479" /><F72/><W115/><G81/><T57/><D57/><N who="1" m="33007" /><E4/><V121/><F104/><W131/><G131/><T135/><D24/><U98/><E125/><V63/><F63/><W65/><G65/><T128/><D135/><U123/><E124/><V78/><F78/><W134/><G134/><T102/><D102/><U9/><E123/><V97/><F97/><W18/><REACH who="3" step="1"/><G94/><REACH who="3" ten="268,224,313,185" step="2"/><T76/><D128/><U117/><E117/><V105/><F121/><W20/><G20/><T15/><D76/><U120/><E120/><V51/><F105/><W73/><G73/><T53/><D36/><U132/><E132/><V127/><F127/><W0/><G0/><T109/><D83/><N who="1" m="49311" /><E9/><N who="2" m="4159" /><F51/><W93/><G93/><AGARI ba="0,1" hai="8,10,40,41,43,91,93,98" m="49311,33007" machi="93" ten="30,2000,0" yaku="8,1,52,1" doraHai="88" who="1" fromWho="3" sc="268,0,224,30,313,0,185,-20" owari="268,6.8,254,-14.6,313,41.3,165,-33.5" /></mjloggm>