<mjloggm ver="2.3"><GO type="225" lobby="0"/><UN n0="%E5%B0%8F%E9%B3%A5%E9%81%8A%E7%B7%B4%E7%84%A1%32%31%E6%AD%B3" n1="%E3%82%BC%E3%83%AB%E3%83%80%E3%81%AE%E4%BC%9D%E8%AA%AC" n2="%72%69%6F%75%63%68%61%6E" n3="%6D%75%75%6D%75%72%61" dan="16,17,17,16" rate="2181.68,2141.45,2147.78,2133.61" sx="F,M,M,F"/><TAIKYOKU oya="0"/><INIT seed="0,0,0,1,4,49" ten="250,250,250,250" oya="0" hai0="130,20,17,29,114,40,52,24,105,72,82,103,98" hai1="121,0,116,70,100,66,33,133,79,30,129,54,13" hai2="97,25,19,68,124,45,74,88,47,37,90,128,69" hai3="9,101,93,58,115,7,61,64,75,31,78,1,127"/><T4/><D130/><U83/><E0/><V44/><F124/><W91/><G127/><T104/><D114/><U57/><E116/><V10/><F128/><W39/><G115/><T53/><D4/><U12/><E129/><V84/><F74/><W14/><G39/><T32/><D105/><U23/><E33/><V99/><F37/><W26/><G101/><T21/><D40/><U15/><E121/><V63/><F63/><W42/><G42/><T80/><D32/><U48/><E133/><V3/><F25/><W77/><G1/><T51/><D72/><U41/><E100/><V110/><F110/><W73/><G73/><T16/><D29/><U55/><E41/><V65/><F65/><W113/><G75/><T43/><D43/><U94/><E94/><V11/><F19/><W22/><REACH who="3" step="1"/><G113/><REACH who="3" ten="250,250,250,240" step="2"/><T117/><D117/><U119/><E119/><V107/><F3/><W135/><G135/><T89/><D51/><U5/><E48/><V67/><F107/><W18/><G18/><T106/><D106/><U118/><E118/><V111/><F111/><W86/><AGARI ba="0,1" hai="7,9,14,22,26,31,58,61,64,77,78,86,91,93" machi="86" ten="20,5200,0" yaku="1,1,0,1,7,1,8,1,53,0" doraHai="49" doraHaiUra="102" who="3" fromWho="3" sc="250,-26,250,-13,250,-13,240,62" /><INIT seed="1,0,0,4,3,84" ten="224,237,237,302" oya="1" hai0="121,120,118,135,54,101,90,14,48,82,2,15,113" hai1="16,44,105,87,71,110,40,52,26,78,133,3,60" hai2="43,91,28,126,80,12,107,93,22,11,70,122,134" hai3="95,106,4,19,75,55,0,27,57,127,131,88,76"/><U96/><E3/><V45/><F122/><N who="0" m="47210" /><D113/><U123/><E123/><V65/><F107/><W74/><G106/><T53/><D2/><U63/><E133/><V83/><F126/><W23/><G127/><T68/><D68/><U6/><E6/><V34/><F34/><W20/><G76/><T125/><D118/><U108/><E78/><V13/><F134/><W94/><G131/><T77/><D101/><U42/><E87/><V61/><F22/><W97/><G94/><T32/><D32/><U5/><E5/><V56/><F28/><W8/><G20/><T49/><D135/><U111/><E96/><V35/><F70/><W47/><G47/><N who="0" m="27807" /><D77/><U50/><E105/><V46/><F35/><W92/><G92/><T36/><D36/><U18/><E26/><V119/><F119/><W100/><G100/><T24/><D24/><U33/><E33/><V66/><F66/><W117/><G117/><T86/><D125/><U58/><E71/><V130/><F130/><W102/><G102/><T73/><D73/><U9/><E9/><V115/><F115/><W72/><G75/><T124/><D124/><U37/><E42/><V89/><F12/><W39/><G39/><T85/><D85/><U116/><E116/><V38/><F45/><AGARI ba="0,0" hai="14,15,45,49,54,82,86,90" m="27807,47210" machi="45" ten="30,2000,0" yaku="13,1,52,1" doraHai="84" who="0" fromWho="2" sc="224,20,237,0,237,-20,302,0" /><INIT seed="2,0,0,5,5,117" ten="244,237,217,302" oya="2" hai0="82,62,55,127,75,40,92,38,24,33,4,99,34" hai1="87,105,65,79,28,109,59,37,102,81,124,63,67" hai2="133,94,14,129,123,84,23,80,74,90,47,36,7" hai3="61,58,39,18,112,53,71,83,96,1,101,56,10"/><V104/><F123/><W57/><G39/><T44/><D127/><U130/><E124/><V6/><F104/><W76/><G112/><T89/><D24/><U91/><E37/><V66/><F129/><W110/><G110/><T120/><D4/><U16/><E109/><V3/><F3/><W134/><G134/><T116/><D116/><U5/><E130/><V43/><F133/><W70/><G70/><T32/><D62/><U78/><E5/><V93/><F66/><W50/><G71/><T60/><D55/><U54/><E28/><V20/><F94/><W0/><G0/><T126/><D60/><U68/><E67/><V45/><F45/><W86/><G61/><T95/><D92/><U49/><E16/><V121/><F121/><W9/><G1/><T2/><D2/><U22/><E22/><V48/><F36/><W26/><G10/><T15/><D126/><U88/><REACH who="1" step="1"/><E78/><REACH who="1" ten="244,227,217,302" step="2"/><N who="2" m="46103" /><F74/><W119/><G119/><T111/><D111/><U100/><E100/><V41/><F43/><W69/><G101/><T64/><D75/><U73/><E73/><V115/><F115/><W113/><G113/><T17/><D40/><U97/><AGARI ba="0,1" hai="49,54,59,63,65,68,79,81,87,88,91,97,102,105" machi="97" ten="30,7900,0" yaku="1,1,0,1,54,1,53,1" doraHai="117" doraHaiUra="46" who="1" fromWho="1" sc="244,-20,227,89,217,-39,302,-20" /><INIT seed="3,0,0,0,0,31" ten="224,316,178,282" oya="3" hai0="29,134,32,105,125,67,116,118,132,8,72,45,1" hai1="25,0,92,19,87,79,9,73,34,23,10,57,54" hai2="108,13,11,131,84,48,103,2,97,68,53,27,56" hai3="14,43,123,40,113,4,96,20,22,90,36,127,35"/><W78/><G113/><T12/><D72/><U71/><E71/><V98/><F131/><W66/><G123/><T128/><D105/><U85/><E0/><V42/><F108/><W49/><G36/><T91/><D67/><U121/><E34/><V102/><F68/><W80/><G35/><T3/><D91/><N who="1" m="53359" /><E73/><V117/><F117/><N who="0" m="45162" /><D45/><U107/><E107/><V60/><F2/><W47/><G66/><T74/><D74/><U59/><E121/><V94/><F27/><W109/><G43/><T15/><D125/><U122/><E122/><V83/><F42/><W133/><G127/><T58/><D58/><N who="1" m="22027" /><E54/><V99/><F60/><W46/><G46/><T119/><D128/><U7/><E7/><V38/><F38/><W115/><G90/><T120/><D12/><U30/><E30/><V129/><F129/><W44/><G14/><T114/><D114/><U76/><E76/><V89/><REACH who="2" step="1"/><F102/><REACH who="2" ten="224,316,168,282" step="2"/><W126/><G40/><T21/><D119/><U77/><E25/><V70/><F70/><W86/><G109/><T41/><D41/><U88/><E77/><V17/><AGARI ba="0,1" hai="11,13,17,48,53,56,83,84,89,94,97,98,99,103" machi="17" ten="20,5200,0" yaku="1,1,0,1,7,1,8,1,53,0" doraHai="31" doraHaiUra="65" who="2" fromWho="2" sc="224,-13,316,-13,168,62,282,-26" owari="211,-28.9,303,40.3,230,-17.0,256,5.6" /></mjloggm>