<mjloggm ver="2.3"><GO type="225" lobby="0"/><UN n0="%E5%BE%80%E5%B9%B4%E3%81%AE%E3%82%B4%E3%83%AA%E3%83%A9" n1="%33%74%72%65%65" n2="%E9%B3%B3%E6%9D%B1%E3%81%AE%E3%81%86%E3%81%95%E3%81%8E%E3%81%95%E3%82%93" n3="%E9%80%9F%E6%B0%B4%E5%87%9B%E9%A6%99" dan="16,17,16,17" rate="2120.48,2225.54,2127.39,2190.73" sx="M,F,M,F"/><TAIKYOKU oya="0"/><INIT seed="0,0,0,1,3,42" ten="250,250,250,250" oya="0" hai0="78,113,93,77,33,100,35,48,3,18,120,10,38" hai1="114,107,23,40,76,63,129,51,102,85,61,50,2" hai2="37,7,131,88,53,117,130,92,36,75,71,19,16" hai3="134,109,24,12,17,34,21,116,95,28,52,59,55"/><T0/><D38/><N who="2" m="14954" /><F75/><W30/><G116/><T115/><D120/><U9/><E129/><N who="2" m="49163" /><F117/><W122/><G109/><T13/><D3/><U72/><E114/><V62/><F7/><W6/><G134/><T106/><D106/><U105/><E72/><V108/><F108/><W25/><G122/><T127/><D127/><U80/><E23/><V118/><F118/><W46/><G6/><T41/><D0/><U133/><E133/><V65/><F53/><W83/><G83/><T70/><D115/><U119/><E119/><V125/><F125/><W26/><G34/><T39/><D39/><U79/><E79/><V69/><F69/><W43/><G43/><T97/><D70/><U49/><E40/><V31/><F31/><W89/><G55/><T124/><D113/><U98/><E107/><V20/><F20/><W4/><G4/><T66/><D35/><U87/><E2/><V99/><AGARI ba="0,0" hai="16,19,62,65,71,88,92,99" m="49163,14954" machi="99" ten="30,4000,0" yaku="19,1,54,2" doraHai="42" who="2" fromWho="2" sc="250,-20,250,-10,250,40,250,-10" /><INIT seed="1,0,0,1,4,22" ten="230,240,290,240" oya="1" hai0="96,105,53,73,38,61,14,90,110,98,13,125,15" hai1="112,45,66,107,63,40,10,36,111,104,46,35,49" hai2="3,0,86,92,121,68,27,132,64,19,134,25,124" hai3="7,33,129,54,83,103,69,115,108,78,87,95,47"/><U34/><E112/><V94/><F121/><W51/><G115/><T120/><D38/><U39/><E111/><V43/><F124/><W12/><G108/><T41/><D110/><U85/><E85/><V52/><F43/><W116/><G129/><T91/><D73/><U72/><E72/><V18/><F64/><W21/><G69/><T59/><D125/><U75/><E75/><V20/><F68/><W29/><G33/><T6/><D120/><U101/><E10/><V37/><F52/><W100/><G116/><T48/><D6/><U106/><E101/><V5/><F37/><W79/><G79/><T89/><REACH who="0" step="1"/><D105/><REACH who="0" ten="220,240,290,240" step="2"/><U67/><E39/><V4/><F5/><W82/><G7/><T26/><D26/><U50/><E36/><V102/><F4/><W126/><G126/><T31/><D31/><U71/><REACH who="1" step="1"/><E67/><REACH who="1" ten="220,230,290,240" step="2"/><V122/><F122/><W16/><G103/><T1/><D1/><U131/><E131/><V119/><F102/><W58/><G100/><T42/><D42/><AGARI ba="0,2" hai="34,35,40,42,45,46,49,50,63,66,71,104,106,107" machi="42" ten="40,3900,0" yaku="1,1,9,1,53,0" doraHai="22" doraHaiUra="84" who="1" fromWho="0" sc="220,-39,230,59,290,0,240,0" /><INIT seed="1,1,0,3,5,75" ten="181,289,290,240" oya="1" hai0="81,127,3,28,15,66,32,111,99,29,22,34,133" hai1="55,35,83,102,132,131,18,19,84,23,100,126,122" hai2="16,129,58,123,119,108,72,27,7,87,6,45,124" hai3="53,121,31,64,0,65,77,93,115,47,113,88,10"/><U51/><E122/><V106/><F123/><W59/><G121/><T80/><D66/><U56/><E132/><V125/><F72/><W95/><G31/><T78/><D133/><U97/><E131/><V40/><F119/><W11/><G47/><T8/><D111/><U130/><E130/><V91/><F106/><W25/><G25/><T17/><D127/><N who="2" m="48714" /><F108/><W61/><G0/><T82/><D99/><U69/><E126/><V134/><F129/><W2/><G2/><T101/><D101/><U110/><E35/><V79/><F134/><W117/><G117/><T94/><D94/><U118/><E118/><V42/><F58/><W74/><G95/><T71/><D71/><U96/><E69/><V120/><F91/><W39/><G39/><T50/><D34/><U128/><E128/><V89/><F89/><W49/><G115/><T41/><D32/><U44/><E110/><V14/><F27/><W70/><G113/><T46/><REACH who="0" step="1"/><D78/><REACH who="0" ten="171,289,290,240" step="2"/><N who="1" m="46199" /><E102/><V63/><F79/><W107/><G65/><T9/><D9/><U48/><E100/><V57/><F120/><W86/><REACH who="3" step="1"/><G107/><REACH who="3" ten="171,289,290,230" step="2"/><T21/><D21/><U73/><E23/><V92/><F92/><W135/><G135/><T76/><D76/><U116/><E116/><V114/><F114/><W105/><G105/><T103/><D103/><U24/><E96/><V67/><F67/><W52/><G52/><T1/><D1/><U26/><E97/><V43/><F43/><W4/><G4/><AGARI ba="1,2" hai="3,4,8,15,17,22,28,29,41,46,50,80,81,82" machi="4" ten="40,2600,0" yaku="1,1,53,1" doraHai="75" doraHaiUra="36" who="0" fromWho="3" sc="171,49,289,0,290,0,230,-29" /><INIT seed="2,0,0,2,0,68" ten="220,289,290,201" oya="2" hai0="17,50,110,63,91,38,129,72,120,118,98,1,19" hai1="52,99,119,96,130,43,134,105,102,55,46,21,77" hai2="29,66,6,123,86,30,36,18,11,13,109,103,51" hai3="48,117,58,92,107,25,3,84,97,54,2,40,37"/><V112/><F112/><W126/><G117/><T44/><D1/><U101/><E119/><V23/><F123/><W135/><G107/><T16/><D120/><U35/><E35/><V81/><F36/><W7/><G84/><T71/><D72/><U124/><E124/><V57/><F103/><W82/><G82/><T88/><D118/><U85/><E130/><V125/><F109/><W127/><G135/><T78/><D129/><U80/><E21/><V10/><F125/><N who="3" m="47627" /><G7/><T34/><D34/><U20/><E20/><V100/><F100/><N who="3" m="60455" /><G25/><T116/><D110/><U26/><E26/><N who="2" m="14711" /><F10/><W60/><G60/><T8/><D8/><U45/><E134/><V31/><F51/><W59/><G59/><T104/><D116/><U79/><E79/><N who="2" m="46399" /><F30/><W39/><G40/><T74/><D104/><U4/><E4/><V56/><F56/><W64/><G64/><T111/><D111/><U22/><E46/><V69/><F69/><W114/><G114/><T133/><D133/><U28/><E45/><V14/><F14/><W128/><G128/><T33/><D44/><U65/><E65/><V73/><F73/><W5/><G5/><T61/><D74/><U41/><E41/><V12/><F12/><W115/><G115/><T76/><D71/><U121/><E43/><V95/><F95/><W132/><G132/><T70/><D70/><U49/><E49/><V9/><F9/><W87/><G87/><T94/><D50/><U32/><E121/><V75/><F75/><W67/><G67/><T15/><D15/><U89/><E105/><V47/><F47/><W113/><G113/><RYUUKYOKU ba="0,0" sc="220,-15,289,-15,290,15,201,15" hai2="6,11,13,29,31,57,66" hai3="2,3,37,39,48,54,58" /><INIT seed="2,1,0,4,4,63" ten="205,274,305,216" oya="2" hai0="71,89,61,38,72,107,51,122,65,27,120,30,28" hai1="124,62,77,14,115,35,128,93,68,95,8,131,87" hai2="132,69,125,116,36,37,55,78,100,79,19,4,15" hai3="134,119,130,135,20,110,16,85,18,56,48,11,52"/><V103/><F116/><W6/><G119/><T123/><D38/><U82/><E115/><V74/><F69/><W73/><G73/><T92/><D107/><U29/><E124/><V58/><F37/><W80/><G110/><T32/><D72/><U10/><E10/><V86/><F36/><W133/><G20/><T31/><REACH who="0" step="1"/><D51/><REACH who="0" ten="195,274,305,216" step="2"/><U54/><E128/><V34/><F74/><W22/><G130/><T114/><D114/><U112/><E131/><V84/><F125/><W33/><G33/><T109/><D109/><U64/><E112/><V59/><F34/><W57/><G22/><T23/><D23/><U104/><E104/><V121/><F121/><W98/><G98/><AGARI ba="1,1" hai="27,28,30,31,32,61,65,71,89,92,98,120,122,123" machi="98" ten="40,2600,0" yaku="1,1,52,1,53,0" doraHai="63" doraHaiUra="105" who="0" fromWho="3" sc="195,39,274,0,305,0,216,-29" /><INIT seed="3,0,0,0,1,43" ten="234,274,305,187" oya="3" hai0="32,22,78,133,33,108,91,74,128,34,45,86,44" hai1="37,2,5,88,123,81,24,62,89,51,120,49,17" hai2="95,9,109,38,3,113,20,36,7,124,99,29,80" hai3="110,50,126,82,68,107,48,16,12,0,40,125,104"/><W129/><G0/><T118/><D118/><U54/><E37/><V77/><F113/><W119/><G119/><T85/><D108/><U98/><E2/><V52/><F109/><W71/><G82/><T59/><D133/><U11/><E120/><V92/><F92/><W131/><G110/><T56/><D128/><N who="3" m="49225" /><G40/><T65/><D74/><U116/><E123/><V111/><F111/><W76/><G76/><T15/><D78/><U61/><E116/><V13/><F124/><N who="3" m="47723" /><G48/><T130/><D130/><U19/><E49/><V106/><F95/><W31/><G31/><T132/><D86/><U58/><E81/><V73/><F29/><W4/><G4/><T94/><D132/><U69/><E5/><V47/><F80/><W90/><G90/><T100/><D100/><U23/><E89/><V87/><F77/><W67/><G50/><T57/><REACH who="0" step="1"/><D65/><REACH who="0" ten="224,274,305,187" step="2"/><U70/><E88/><V135/><F73/><W96/><G96/><T60/><D60/><U97/><E62/><V127/><F99/><W114/><G114/><T35/><N who="0" m="8192" /><DORA hai="122" /><T64/><D64/><U25/><E61/><V10/><F127/><W39/><G39/><T102/><D102/><U41/><E98/><V28/><F38/><W103/><G103/><T6/><D6/><U8/><E97/><V27/><F7/><W117/><G117/><T14/><D14/><U1/><E1/><V84/><F3/><W18/><G67/><T105/><D105/><N who="3" m="40521" /><G12/><T79/><D79/><U134/><E134/><V83/><F135/><W115/><G115/><T112/><D112/><U75/><E41/><V66/><F36/><RYUUKYOKU ba="0,1" sc="224,15,274,-15,305,-15,187,15" hai0="15,22,44,45,56,57,59,85,91,94" hai3="16,18,68,71" /><INIT seed="3,1,1,4,4,113" ten="239,259,290,202" oya="3" hai0="26,102,110,96,14,135,133,120,24,87,46,9,13" hai1="34,124,94,11,15,57,10,55,132,31,53,92,119" hai2="101,104,128,86,111,116,2,82,85,72,78,126,69" hai3="28,0,65,1,118,6,90,83,130,109,51,77,88"/><W19/><G118/><T37/><D120/><U33/><E132/><N who="0" m="50761" /><D110/><U112/><E112/><V105/><F69/><W40/><G109/><T129/><D129/><U12/><E57/><V67/><F2/><W99/><G130/><T20/><D87/><U79/><E79/><V44/><F67/><W100/><G28/><T22/><D37/><U16/><E31/><V121/><F116/><W125/><G125/><T30/><D46/><U47/><E119/><V64/><F64/><W45/><G65/><T117/><D9/><U59/><E124/><V70/><F44/><W29/><G29/><N who="0" m="17543" /><D117/><U43/><E47/><V56/><F85/><N who="3" m="48367" /><G6/><T84/><D84/><U49/><E43/><V81/><F81/><W18/><G0/><T62/><D62/><U66/><E66/><V23/><F82/><W58/><G1/><T89/><D89/><N who="3" m="34409" /><G58/><T115/><D115/><U21/><E59/><V123/><F56/><W17/><G100/><T74/><D74/><U71/><E71/><V68/><F101/><W3/><G3/><T91/><D91/><U39/><E39/><V7/><F72/><W54/><G99/><T80/><D80/><U95/><E95/><AGARI ba="1,1" hai="13,14,22,26,30,95,96,102" m="17543,50761" machi="95" ten="30,1000,0" yaku="20,1" doraHai="113" who="0" fromWho="1" sc="239,23,259,-13,290,0,202,0" /><INIT seed="4,0,0,5,2,51" ten="262,246,290,202" oya="0" hai0="124,105,85,133,111,59,20,56,45,16,2,37,107" hai1="99,108,83,49,76,71,130,30,74,121,67,3,68" hai2="78,6,23,10,98,75,86,24,17,62,65,8,93" hai3="80,54,100,96,113,125,44,1,84,50,40,13,9"/><T123/><D123/><U66/><E121/><V132/><F75/><W82/><G113/><T7/><D133/><U15/><E108/><V92/><F132/><W48/><G125/><T72/><D72/><U19/><E3/><V131/><F131/><W102/><G1/><T117/><D117/><U42/><E130/><V32/><F32/><W53/><G40/><T63/><D59/><U88/><E30/><V135/><F135/><W95/><G100/><T110/><D85/><U73/><E73/><V114/><F114/><W57/><REACH who="3" step="1"/><G84/><REACH who="3" ten="262,246,290,192" step="2"/><T94/><D124/><U115/><E115/><V61/><F86/><W89/><G89/><T4/><D2/><U11/><E88/><V25/><F98/><W103/><G103/><T120/><D120/><U58/><E99/><V91/><F91/><W29/><G29/><T101/><D111/><U5/><E42/><V116/><F116/><W122/><G122/><T43/><D110/><U128/><E128/><V35/><F78/><W33/><G33/><T14/><D107/><U134/><E134/><V127/><F35/><W119/><G119/><T12/><D105/><U46/><E76/><V21/><F127/><W126/><G126/><T79/><D79/><U97/><E97/><V39/><F39/><W60/><G60/><T36/><D36/><U64/><E74/><V55/><F62/><W104/><G104/><T87/><D101/><U69/><E71/><V0/><F0/><W77/><G77/><T41/><D41/><U129/><E129/><V112/><F112/><W27/><G27/><T31/><D87/><U106/><E106/><RYUUKYOKU ba="0,1" sc="262,-10,246,-10,290,-10,192,30" hai3="9,13,44,48,50,53,54,57,80,82,95,96,102" /><INIT seed="5,1,1,4,3,25" ten="252,236,280,222" oya="1" hai0="65,118,113,105,0,34,116,94,109,104,17,135,21" hai1="24,63,70,38,66,132,122,121,89,59,18,36,96" hai2="61,11,79,41,22,84,51,67,54,127,3,60,43" hai3="74,47,95,53,114,97,8,30,100,44,108,134,71"/><U4/><E132/><V52/><F127/><W55/><G74/><T58/><D34/><U39/><E4/><V86/><F3/><W69/><G108/><T103/><D0/><U83/><E70/><V117/><F117/><W26/><G134/><T64/><D109/><U2/><E2/><V27/><F11/><W48/><G114/><T78/><D113/><U112/><E112/><V85/><F79/><W56/><G8/><T16/><D78/><U107/><E83/><V130/><F130/><W115/><G115/><T62/><D65/><U1/><E1/><V87/><F87/><W129/><G129/><T120/><D135/><U19/><E89/><V75/><F75/><W33/><REACH who="3" step="1"/><G44/><REACH who="3" ten="252,236,280,212" step="2"/><T102/><D118/><U128/><E128/><V90/><F84/><W111/><G111/><T12/><D116/><U126/><E126/><V9/><F86/><W14/><G14/><T92/><D12/><U91/><E24/><V110/><F110/><W23/><G23/><T28/><D21/><U45/><E45/><V7/><F22/><W131/><G131/><T119/><D119/><U13/><E13/><V50/><F27/><W15/><G15/><T57/><D120/><U72/><E72/><V82/><F9/><W80/><G80/><T73/><D73/><U40/><E122/><V98/><F82/><W106/><G106/><T20/><D20/><U123/><E107/><V6/><F85/><W42/><G42/><T32/><D105/><U68/><E40/><V49/><F43/><W76/><G76/><T35/><D104/><U5/><E121/><V31/><F41/><RYUUKYOKU ba="1,2" sc="252,-10,236,-10,280,-10,212,30" hai3="26,30,33,47,48,53,55,56,69,71,95,97,100" /><INIT seed="6,2,2,0,2,127" ten="242,226,270,242" oya="2" hai0="121,1,42,65,119,97,117,50,113,112,95,64,40" hai1="115,72,100,45,71,133,13,26,2,96,53,12,126" hai2="74,134,73,120,61,52,51,125,81,19,128,9,63" hai3="49,8,14,124,38,68,110,17,0,15,86,46,80"/><V62/><F128/><W20/><G68/><T94/><D121/><U34/><E2/><V83/><F125/><W129/><G38/><T35/><D1/><U108/><E108/><V47/><F120/><W87/><G124/><T98/><REACH who="0" step="1"/><D50/><REACH who="0" ten="232,226,270,242" step="2"/><N who="1" m="28879" /><E126/><V116/><F51/><W18/><G0/><T109/><D109/><U23/><E133/><V32/><F134/><W30/><G110/><T104/><D104/><U55/><E115/><V84/><F116/><W77/><G129/><T58/><D58/><U37/><E37/><V41/><F47/><W3/><G3/><T130/><D130/><U25/><E71/><V48/><F48/><W85/><G30/><T4/><D4/><U43/><E43/><AGARI ba="2,3" hai="8,14,15,17,18,20,43,46,49,77,80,85,86,87" machi="43" ten="30,2000,0" yaku="7,1,8,1" doraHai="127" who="3" fromWho="1" sc="232,0,226,-26,270,0,242,56" /><INIT seed="7,0,0,2,0,48" ten="232,200,270,298" oya="3" hai0="40,114,12,122,75,46,67,129,94,14,20,8,107" hai1="43,55,108,47,51,86,76,19,88,92,59,21,18" hai2="85,121,132,115,81,63,84,52,116,4,120,134,29" hai3="34,101,130,117,38,13,105,98,119,99,2,24,28"/><W128/><G2/><T45/><D107/><U77/><E108/><V35/><F115/><W16/><G99/><T135/><D122/><N who="2" m="47210" /><F116/><W49/><G49/><T23/><D75/><U62/><E18/><V71/><F4/><W1/><G1/><T66/><D94/><U41/><E43/><V83/><F29/><W102/><G102/><T90/><D90/><U133/><E133/><V69/><F35/><W42/><G42/><T78/><D135/><N who="2" m="51754" /><F52/><W127/><G38/><T123/><D114/><U15/><AGARI ba="0,0" hai="15,19,21,41,47,51,55,59,62,76,77,86,88,92" machi="15" ten="20,8000,1" yaku="0,1,7,1,8,1,52,1,54,1" doraHai="48" who="1" fromWho="1" sc="232,-20,200,80,270,-20,298,-40" owari="212,-28.8,280,38.0,250,-15.0,258,5.8" /></mjloggm>