<mjloggm ver="2.3"><GO type="225" lobby="0"/><UN n0="%E6%98%93%E5%88%A9%E8%96%A9%E4%BC%AF" n1="%E3%81%AA%E3%81%BE%E3%81%91%E8%80%85" n2="%E3%80%90%E3%83%88%E3%83%AA%E3%83%A5%E3%83%95%E3%80%91" n3="%72%69%6F%75%63%68%61%6E" dan="16,16,16,16" rate="2120.16,2133.15,2097.46,2194.24" sx="F,M,M,M"/><TAIKYOKU oya="0"/><INIT seed="0,0,0,2,3,28" ten="250,250,250,250" oya="0" hai0="71,65,74,27,94,72,11,1,92,130,26,30,62" hai1="40,39,4,55,17,50,18,111,114,82,99,70,79" hai2="37,33,101,85,14,10,103,134,109,59,19,116,2" hai3="112,35,0,123,20,54,21,43,45,104,61,8,25"/><T122/><D122/><U6/><E70/><V120/><F109/><W107/><G112/><T87/><D130/><U115/><E111/><V13/><F120/><W78/><G123/><T46/><D27/><U106/><E40/><V135/><F37/><W102/><G78/><T63/><D63/><U125/><E39/><V22/><F85/><W69/><G20/><T132/><D132/><N who="2" m="50730" /><F59/><W49/><G102/><T81/><D46/><U58/><E99/><V128/><F128/><W36/><G35/><T42/><D42/><U95/><E95/><V131/><F2/><W75/><G75/><T84/><D94/><U110/><E106/><V60/><F60/><W80/><G80/><T12/><D87/><U31/><E31/><V108/><F108/><W73/><G73/><T93/><D1/><U97/><E97/><V96/><F116/><W133/><G133/><T52/><D52/><U100/><E100/><N who="2" m="38475" /><F96/><W7/><G61/><T41/><D41/><U105/><E105/><V3/><F3/><W53/><G69/><T98/><D93/><U124/><E110/><V57/><F57/><W77/><G77/><T29/><D92/><U91/><E91/><V129/><F33/><W32/><G32/><T118/><D98/><U44/><E58/><V5/><AGARI ba="0,0" hai="5,10,13,14,19,22,129,131" m="38475,50730" machi="5" ten="30,1100,0" yaku="20,1" doraHai="28" who="2" fromWho="2" sc="250,-5,250,-3,250,11,250,-3" /><INIT seed="1,0,0,2,0,51" ten="245,247,261,247" oya="1" hai0="21,28,132,120,60,4,84,14,106,111,30,22,16" hai1="95,118,3,100,90,39,59,44,2,86,0,78,82" hai2="103,85,94,83,81,54,58,35,46,38,115,41,42" hai3="108,98,47,27,1,69,45,75,10,5,92,37,88"/><U127/><E118/><V12/><F42/><W6/><G108/><T24/><D106/><U61/><E127/><V134/><F35/><W126/><G126/><T128/><D111/><U8/><E100/><V70/><F70/><W80/><G69/><T102/><D102/><U31/><E31/><V93/><F134/><W131/><G131/><T66/><D128/><U32/><E32/><V129/><F129/><W113/><G113/><T56/><D132/><U114/><E114/><V15/><F115/><W89/><G6/><T11/><D120/><U77/><E8/><V105/><F105/><W20/><G37/><T72/><D72/><U124/><E124/><V107/><F107/><W123/><G123/><T53/><D84/><U97/><E77/><V79/><F83/><W55/><G55/><T26/><REACH who="0" step="1"/><D66/><REACH who="0" ten="235,247,261,247" step="2"/><U116/><E116/><V110/><F110/><W7/><G7/><AGARI ba="0,1" hai="4,7,11,14,16,21,22,24,26,28,30,53,56,60" machi="7" ten="40,12000,2" yaku="1,1,2,1,9,1,8,1,52,1,54,1,53,0" doraHai="51" doraHaiUra="99" who="0" fromWho="3" sc="235,130,247,0,261,0,247,-120" /><INIT seed="2,0,0,4,2,104" ten="365,247,261,127" oya="2" hai0="10,112,56,47,33,28,74,17,45,34,21,80,35" hai1="18,1,13,78,20,7,135,116,90,107,44,119,91" hai2="26,127,132,9,92,106,129,3,131,133,46,12,105" hai3="82,38,5,110,72,75,61,95,52,122,58,65,85"/><V126/><F3/><W59/><G122/><T49/><D112/><U93/><E107/><N who="2" m="40971" /><F46/><W57/><G38/><T134/><D28/><U123/><E135/><N who="2" m="51787" /><F26/><W97/><G110/><T62/><D10/><U50/><E123/><V53/><F53/><W22/><G5/><T87/><D74/><U86/><E7/><N who="2" m="3135" /><F92/><W23/><G23/><T114/><D114/><U27/><E1/><V130/><AGARI ba="0,0" hai="126,127,129,130,131" m="3135,51787,40971" machi="130" ten="40,12000,1" yaku="30,2,19,1,20,1" doraHai="104" who="2" fromWho="2" sc="365,-40,247,-40,261,120,127,-40" /><INIT seed="2,1,0,4,4,50" ten="325,207,381,87" oya="2" hai0="53,43,94,60,62,20,18,131,25,46,10,40,66" hai1="79,90,81,56,114,2,22,103,122,31,15,64,28" hai2="29,126,72,63,73,12,135,47,7,54,127,14,106" hai3="104,113,112,27,95,8,23,89,115,5,125,111,123"/><V38/><F106/><W1/><G104/><T117/><D131/><U77/><E2/><V98/><F98/><W37/><G37/><T97/><D117/><U24/><E114/><N who="3" m="29186" /><W119/><DORA hai="30" /><G89/><N who="0" m="55503" /><D10/><U75/><E122/><V80/><F29/><W129/><G119/><T55/><D66/><U9/><E79/><N who="2" m="44135" /><F73/><W35/><G95/><T69/><D69/><U6/><E103/><V88/><F88/><W87/><G87/><T121/><D121/><U70/><E70/><V34/><F34/><W33/><G123/><T4/><D4/><U100/><E100/><V58/><F7/><W16/><G129/><T42/><D46/><U74/><E90/><V96/><F96/><W71/><G71/><T99/><D99/><U107/><E107/><V57/><F57/><W105/><G105/><T13/><D13/><U101/><E101/><V78/><F78/><W86/><G111/><T130/><D130/><U48/><E74/><V120/><F120/><W21/><G86/><T91/><D91/><U45/><E56/><V3/><F3/><W51/><G125/><N who="2" m="47625" /><F135/><W67/><G67/><T116/><D116/><U84/><E64/><V32/><F32/><N who="3" m="12363" /><G23/><T17/><D17/><N who="1" m="12367" /><E75/><V0/><F0/><W49/><AGARI ba="1,0" hai="1,5,8,16,21,27,49,51" m="12363,29186" machi="49" ten="50,8000,1" yaku="11,1,52,3,54,1" doraHai="50,30" who="3" fromWho="3" sc="325,-21,207,-21,381,-41,87,83" /><INIT seed="3,0,0,5,2,83" ten="304,186,340,170" oya="3" hai0="2,61,130,88,38,32,46,71,53,134,42,31,23" hai1="124,15,127,132,121,78,56,104,16,116,114,27,6" hai2="48,52,125,22,108,24,47,62,64,65,77,67,75" hai3="80,0,129,117,58,1,59,7,4,107,70,69,105"/><W115/><G80/><T89/><D32/><U84/><E121/><V111/><F125/><N who="1" m="48201" /><E114/><V113/><F113/><W37/><G115/><T97/><D2/><N who="3" m="1129" /><G37/><T57/><D134/><U39/><E132/><V19/><F77/><W12/><G12/><T72/><D130/><U51/><E39/><V5/><F75/><W45/><G45/><T63/><D72/><U109/><E116/><V3/><REACH who="2" step="1"/><F62/><REACH who="2" ten="304,186,330,170" step="2"/><W36/><G117/><T81/><D63/><U95/><E78/><V9/><AGARI ba="0,1" hai="3,5,9,19,22,24,47,48,52,64,65,67,108,111" machi="9" ten="30,7900,0" yaku="1,1,2,1,0,1,54,1,53,0" doraHai="83" doraHaiUra="112" who="2" fromWho="2" sc="304,-20,186,-20,330,89,170,-39" owari="284,8.4,166,-23.4,419,51.9,131,-36.9" /></mjloggm>