<mjloggm ver="2.3"><GO type="225" lobby="0"/><UN n0="%E4%BA%BA%E9%96%93%E3%83%81%E3%83%A3%E3%83%BC%E3%83%8F%E3%83%B3" n1="%E3%81%8B%E3%82%8F%E3%81%A1%E3%82%83%E3%82%93%35%38" n2="%E6%9D%B1%E9%A2%A8%E3%81%AE%E3%81%8D%E3%82%83%E3%81%B7%E3%81%95%E3%82%93" n3="%E5%A4%9C%E5%85%89%E5%A4%A9%E6%A5%BC" dan="16,17,17,17" rate="2116.43,2235.67,2156.92,2181.54" sx="M,M,M,M"/><TAIKYOKU oya="0"/><INIT seed="0,0,0,3,2,118" ten="250,250,250,250" oya="0" hai0="135,24,113,8,27,97,12,80,110,79,34,54,31" hai1="122,53,51,88,92,132,52,116,134,102,130,123,127" hai2="1,4,22,57,82,68,103,95,106,47,76,15,120" hai3="36,124,35,96,20,100,93,0,25,23,65,58,126"/><T33/><D113/><U99/><E116/><V89/><F68/><W60/><G36/><T61/><D135/><N who="1" m="51755" /><E130/><V63/><F1/><W115/><G0/><T59/><D110/><U84/><E127/><N who="3" m="48682" /><G115/><T77/><D97/><U73/><E73/><V26/><F120/><N who="1" m="46121" /><E51/><V37/><F103/><W66/><G65/><T108/><D108/><U44/><E44/><V71/><F106/><AGARI ba="0,0" hai="52,53,84,88,92,99,102,106" m="46121,51755" machi="106" ten="30,12000,2" yaku="20,1,52,3,54,2" doraHai="118" who="1" fromWho="2" sc="250,0,250,120,250,-120,250,0" /><INIT seed="1,0,0,3,2,4" ten="250,370,130,250" oya="1" hai0="15,106,68,128,96,11,38,75,114,112,65,124,84" hai1="27,80,31,39,115,35,58,97,123,135,44,46,111" hai2="19,51,118,2,117,91,107,85,105,37,5,132,82" hai3="122,54,6,70,12,41,83,67,121,92,98,74,30"/><U131/><E115/><V9/><F37/><W56/><G41/><T100/><D75/><U125/><E123/><V29/><F29/><W47/><G47/><T69/><D38/><U21/><E125/><V104/><F132/><W33/><G74/><T76/><D124/><U120/><E120/><V119/><F51/><W126/><G126/><T133/><D133/><U93/><E135/><V7/><F19/><W113/><G113/><T61/><D69/><U86/><E131/><V0/><REACH who="2" step="1"/><F9/><REACH who="2" ten="250,370,120,250" step="2"/><W49/><G30/><T32/><D32/><U72/><E39/><V45/><F45/><W20/><G49/><T79/><D128/><U108/><E46/><V14/><F14/><W134/><G12/><T3/><D3/><AGARI ba="0,1" hai="0,2,3,5,7,82,85,91,104,105,107,117,118,119" machi="3" ten="50,1600,0" yaku="1,1,53,0" doraHai="4" doraHaiUra="63" who="2" fromWho="0" sc="250,-16,370,0,120,26,250,0" /><INIT seed="2,0,0,4,2,117" ten="234,370,146,250" oya="2" hai0="8,40,24,126,122,12,79,50,56,73,59,119,102" hai1="132,48,53,4,128,52,60,16,106,1,130,33,11" hai2="44,43,98,105,95,115,57,131,66,5,108,31,29" hai3="82,13,133,18,114,123,89,68,100,0,41,38,104"/><V110/><F115/><W97/><G68/><T85/><D73/><U58/><E106/><V6/><F105/><W14/><G0/><T118/><D126/><U71/><E33/><V30/><F131/><N who="1" m="50217" /><E132/><V120/><F120/><W51/><G133/><T80/><D102/><U61/><E71/><V27/><F27/><W94/><G82/><T69/><D69/><U46/><E16/><V93/><F57/><W67/><G67/><T22/><D122/><U37/><E37/><V84/><F66/><W96/><G114/><T32/><D32/><U129/><E129/><V75/><F75/><W87/><G38/><T20/><D20/><U127/><E127/><V101/><F84/><W113/><G87/><T17/><D118/><U64/><E61/><V74/><F74/><W2/><G18/><N who="0" m="8455" /><D119/><U81/><E81/><V34/><F34/><W7/><G123/><T77/><D77/><U62/><E62/><V134/><F134/><W107/><G107/><T39/><D39/><U70/><E70/><V99/><F44/><AGARI ba="0,0" hai="17,22,24,40,44,50,56,59,79,80,85" m="8455" machi="44" ten="30,1000,0" yaku="8,1" doraHai="117" who="0" fromWho="2" sc="234,10,370,0,146,-10,250,0" /><INIT seed="3,0,0,3,3,88" ten="244,370,136,250" oya="3" hai0="12,51,72,91,4,1,29,46,123,125,73,20,98" hai1="99,60,14,38,114,84,71,128,112,79,5,115,85" hai2="96,64,22,109,87,83,8,120,44,39,41,63,62" hai3="100,23,89,16,6,58,13,31,95,61,50,21,37"/><W28/><G37/><T108/><D123/><U92/><E38/><V34/><F120/><W93/><G6/><T116/><D116/><U49/><E49/><V66/><F109/><W3/><G3/><T118/><D118/><U2/><E2/><V33/><F8/><W69/><G69/><T129/><D108/><U43/><E43/><V104/><F22/><W32/><G32/><T97/><D1/><U70/><E128/><V134/><F134/><W122/><G50/><T111/><D111/><U68/><E60/><V90/><F63/><W106/><G106/><T119/><D119/><U26/><E26/><V74/><F66/><N who="3" m="39223" /><G23/><T54/><D125/><U113/><E113/><V133/><F133/><W7/><G7/><T76/><D73/><U27/><E27/><V101/><F74/><W45/><G45/><T94/><D129/><U77/><E14/><V135/><F135/><W81/><G122/><T52/><D72/><U30/><E5/><V55/><F55/><W25/><G25/><N who="0" m="16551" /><D76/><U18/><E18/><V82/><F82/><W53/><G53/><N who="0" m="29943" /><D98/><U117/><E30/><N who="3" m="11306" /><G100/><T9/><AGARI ba="0,0" hai="4,9,12,52,54,91,94,97" m="29943,16551" machi="9" ten="30,4000,0" yaku="8,1,52,1,54,1" doraHai="88" who="0" fromWho="0" sc="244,40,370,-10,136,-10,250,-20" owari="284,8.4,360,46.0,126,-37.4,230,-17.0" /></mjloggm>