<mjloggm ver="2.3"><GO type="225" lobby="0"/><UN n0="%E3%81%AF%E3%82%88%E3%81%8A%E3%81%98%E3%81%95%E3%82%93" n1="%E6%80%AA%E3%81%97%E3%81%99%E3%81%8E%E3%82%8B%E3%83%81%E3%83%BC" n2="%E3%81%9F%E3%81%A3%E3%81%A1%E3%82%87" n3="%E3%81%82%E3%81%99%E3%81%AB%E3%82%83%E3%82%80" dan="16,16,16,16" rate="2193.59,2109.29,2053.85,2077.97" sx="M,M,M,F"/><TAIKYOKU oya="0"/><INIT seed="0,0,0,1,1,94" ten="250,250,250,250" oya="0" hai0="61,26,120,37,115,113,9,49,69,11,102,92,72" hai1="133,55,78,110,84,33,7,27,21,23,0,126,53" hai2="56,85,50,66,12,24,98,107,93,99,67,32,112" hai3="80,43,87,29,86,131,101,17,123,22,19,46,51"/><T118/><D37/><U83/><E110/><V18/><F112/><W79/><G131/><T42/><D118/><U106/><E106/><V41/><F107/><W111/><G111/><T114/><D120/><U89/><E126/><V62/><F24/><W54/><G123/><T59/><D72/><U91/><E133/><V129/><F32/><W88/><G101/><T2/><D2/><U77/><E33/><V40/><F67/><W128/><G128/><T116/><D116/><U31/><E0/><V4/><F4/><W124/><G124/><T13/><D26/><N who="1" m="16847" /><E7/><V20/><F129/><W35/><G35/><T76/><D76/><N who="1" m="29291" /><E91/><N who="2" m="53487" /><F50/><W10/><G43/><AGARI ba="0,0" hai="12,18,20,40,41,43,56,62,66,98,99" m="53487" machi="43" ten="30,3900,0" yaku="8,1,52,2" doraHai="94" who="2" fromWho="3" sc="250,0,250,0,250,39,250,-39" /><INIT seed="1,0,0,2,4,4" ten="250,250,289,211" oya="1" hai0="27,45,56,2,66,58,98,10,30,69,47,70,14" hai1="122,36,77,57,110,35,120,92,129,46,118,59,33" hai2="16,95,23,112,96,115,127,114,106,72,67,0,78" hai3="54,124,74,17,76,63,135,50,64,21,79,11,60"/><U31/><E118/><V34/><F127/><W15/><G124/><T130/><D2/><U44/><E129/><V1/><F34/><W121/><G121/><T132/><D130/><U49/><E77/><V52/><F106/><W87/><G135/><T103/><D132/><U100/><E92/><V133/><F67/><W102/><G74/><T126/><D126/><U37/><E49/><V84/><F133/><W26/><G102/><T53/><D70/><U24/><E100/><N who="2" m="60447" /><F72/><W116/><G116/><T7/><D69/><U134/><E134/><V65/><F65/><W101/><G101/><T97/><D66/><U117/><E117/><V75/><F75/><W83/><G64/><T3/><D3/><U71/><E71/><V42/><F42/><W25/><G79/><T18/><D7/><U39/><E110/><V29/><F29/><W104/><G104/><T20/><D58/><U61/><E61/><V12/><F52/><W51/><G26/><T85/><D85/><U91/><E91/><V43/><F43/><W93/><G93/><N who="0" m="58799" /><D98/><U107/><E107/><V22/><F22/><W19/><REACH who="3" step="1"/><G50/><AGARI ba="0,0" hai="10,14,18,20,27,30,45,47,50,53,56" m="58799" machi="50" ten="30,2000,0" yaku="8,1,52,1" doraHai="4" who="0" fromWho="3" sc="250,20,250,0,289,0,211,-20" /><INIT seed="2,0,0,4,0,6" ten="270,250,289,191" oya="2" hai0="22,66,44,121,120,115,54,96,116,47,126,76,12" hai1="84,1,134,81,3,130,68,67,108,20,50,125,39" hai2="19,77,34,63,28,8,73,93,32,60,131,103,127" hai3="14,0,4,107,26,95,17,57,38,2,119,16,83"/><V114/><F114/><W78/><G107/><T110/><D115/><U61/><E39/><V56/><F73/><W41/><G119/><T79/><D116/><U64/><E108/><V98/><F77/><W75/><G57/><T90/><D110/><U46/><E130/><V106/><F131/><W80/><G80/><T97/><D126/><U70/><E125/><V15/><F127/><W13/><G95/><T33/><D33/><U35/><E35/><V37/><F37/><W27/><G2/><T25/><D66/><U109/><E134/><V92/><F28/><W91/><G91/><T62/><D12/><U45/><E109/><V94/><REACH who="2" step="1"/><F63/><REACH who="2" ten="270,250,279,191" step="2"/><W7/><G38/><T69/><D62/><U118/><E61/><V71/><F71/><W51/><G51/><T132/><D69/><U86/><E50/><V18/><F18/><W49/><G49/><T5/><D76/><U128/><E118/><V82/><F82/><W123/><G83/><T100/><D79/><U10/><E81/><V88/><F88/><W72/><G78/><T31/><D90/><U105/><E128/><V52/><AGARI ba="0,1" hai="8,15,19,32,34,52,56,60,92,93,94,98,103,106" machi="52" ten="30,18000,2" yaku="1,1,0,1,52,1,54,1,53,2" doraHai="6" doraHaiUra="29" who="2" fromWho="2" sc="270,-60,250,-60,279,190,191,-60" /><INIT seed="2,1,0,3,1,73" ten="210,190,469,131" oya="2" hai0="88,106,26,100,64,76,80,107,125,33,113,91,97" hai1="16,89,44,10,111,129,68,120,96,115,74,4,70" hai2="109,85,126,83,134,54,15,13,21,37,46,58,123" hai3="31,25,72,130,14,102,17,77,117,0,122,30,28"/><V27/><F123/><W92/><G117/><T121/><D64/><U34/><E115/><V55/><F126/><W56/><G0/><T49/><D49/><U38/><E34/><V45/><F134/><W60/><G122/><T86/><D121/><U63/><E120/><V40/><F45/><W103/><G130/><T6/><D6/><U22/><E74/><V51/><F54/><W133/><G133/><T11/><D11/><U75/><E75/><V84/><F109/><W20/><G92/><N who="0" m="58407" /><D26/><U3/><E129/><V7/><F85/><W87/><G72/><N who="0" m="43015" /><D33/><U78/><E78/><V41/><F40/><W12/><G12/><T114/><D125/><U8/><E8/><V71/><F71/><W2/><G2/><T79/><D113/><U35/><E111/><V29/><F7/><W65/><G14/><T127/><D127/><U108/><E35/><V119/><F119/><W66/><G65/><T18/><D18/><U69/><E108/><V94/><F94/><W135/><REACH who="3" step="1"/><G135/><REACH who="3" ten="210,190,469,121" step="2"/><T132/><D132/><U112/><E3/><V48/><F13/><W98/><G98/><T32/><D114/><U118/><E112/><V110/><F15/><W124/><G124/><T95/><D32/><U62/><E118/><V43/><F110/><W93/><G93/><T24/><D95/><U82/><E96/><V104/><F104/><N who="0" m="39978" /><D24/><U81/><E4/><V128/><F128/><W5/><G5/><T39/><D39/><U101/><E38/><V67/><F37/><W47/><G47/><T59/><D59/><U23/><E44/><V19/><F67/><W99/><G99/><RYUUKYOKU ba="1,1" sc="210,15,190,-15,469,-15,121,15" hai0="79,86,88,91" hai3="17,20,25,28,30,31,56,60,66,77,87,102,103" /><INIT seed="3,2,1,1,5,124" ten="225,175,454,136" oya="3" hai0="113,78,91,10,122,107,134,50,32,74,2,99,110" hai1="18,47,132,40,8,95,75,90,56,115,11,22,127" hai2="54,81,20,104,131,5,103,98,77,63,126,135,70" hai3="120,17,83,112,71,79,58,27,29,114,88,42,109"/><W52/><G71/><T72/><D32/><U66/><E115/><V36/><F126/><W7/><G120/><T86/><D122/><U62/><E75/><V84/><F36/><W100/><G100/><T128/><D113/><U85/><E132/><V43/><F43/><W9/><G42/><T133/><D110/><U116/><E116/><V13/><F135/><N who="0" m="51722" /><D50/><N who="1" m="26983" /><E127/><V31/><F54/><W96/><G109/><T68/><D68/><U38/><E38/><V39/><F39/><W111/><G111/><T24/><D24/><AGARI ba="2,1" hai="8,11,18,22,24,56,62,66,85,90,95" m="26983" machi="24" ten="30,1000,0" yaku="8,1" doraHai="124" who="1" fromWho="0" sc="225,-16,175,26,454,0,136,0" owari="209,0.9,201,-19.9,454,55.4,136,-36.4" /></mjloggm>