<mjloggm ver="2.3"><GO type="225" lobby="0"/><UN n0="%72%69%6F%75%63%68%61%6E" n1="%E9%80%9F%E6%B0%B4%E5%87%9B%E9%A6%99" n2="%E2%91%A3%E9%81%BF%E9%81%8A%E6%88%AF%E3%80%90%E6%9D%B1%E5%8D%97%E3%80%91" n3="%73%6C%69%63%6B%33%31%39" dan="17,16,16,16" rate="2260.84,2086.16,2142.52,2151.26" sx="M,F,M,M"/><TAIKYOKU oya="0"/><INIT seed="0,0,0,4,1,126" ten="250,250,250,250" oya="0" hai0="105,33,83,61,21,26,98,133,85,59,32,66,48" hai1="78,67,56,115,134,25,99,96,74,40,31,131,87" hai2="120,24,86,45,132,29,55,4,94,12,10,129,114" hai3="27,65,102,119,73,121,106,38,107,2,52,39,16"/><T28/><D133/><U18/><E74/><V19/><F132/><W54/><G119/><T91/><REACH who="0" step="1"/><D48/><REACH who="0" ten="240,250,250,250" step="2"/><U63/><E134/><V15/><F120/><W111/><G121/><T122/><D122/><U8/><E115/><V53/><F114/><W128/><G38/><T62/><D62/><U101/><E63/><V90/><F45/><W93/><G39/><T82/><D82/><U75/><E75/><V41/><F41/><W43/><G73/><T110/><D110/><U64/><E40/><V72/><F72/><W11/><G43/><T60/><D60/><U125/><E125/><V92/><F92/><W0/><G93/><T5/><D5/><U77/><E67/><V130/><F55/><W100/><G52/><T113/><D113/><U89/><E64/><V79/><F53/><W7/><G54/><T30/><D30/><U34/><E31/><V1/><F79/><W109/><G65/><T51/><D51/><U17/><E78/><V68/><F68/><W42/><G42/><T127/><D127/><U88/><E77/><V20/><REACH who="2" step="1"/><F15/><REACH who="2" ten="240,250,240,250" step="2"/><W124/><G124/><T84/><D84/><U80/><E87/><V35/><AGARI ba="0,2" hai="1,4,10,12,19,20,24,29,35,86,90,94,129,130" machi="35" ten="30,12000,2" yaku="1,1,2,1,0,1,24,2,52,2,53,0" doraHai="126" doraHaiUra="36" who="2" fromWho="2" sc="240,-60,250,-30,240,140,250,-30" /><INIT seed="1,0,0,5,4,93" ten="180,220,380,220" oya="1" hai0="1,73,13,129,127,25,45,125,112,53,24,39,101" hai1="51,128,75,120,5,4,108,87,52,55,88,19,79" hai2="69,60,22,117,133,116,11,121,15,0,74,118,66" hai3="104,99,105,57,61,38,123,58,3,76,103,91,83"/><U86/><E120/><V2/><F74/><W89/><G123/><T67/><D112/><U20/><E75/><V28/><F121/><W18/><G38/><T107/><D129/><U72/><E72/><V109/><F133/><W8/><G104/><T30/><D1/><U36/><E36/><V80/><F109/><W77/><G58/><T29/><D73/><U94/><E128/><V97/><F80/><W68/><G68/><T71/><D13/><N who="1" m="9327" /><E108/><V54/><F54/><N who="1" m="20521" /><E51/><V70/><F70/><W40/><G40/><N who="0" m="22687" /><D53/><U85/><E79/><V106/><F22/><W113/><G113/><T33/><D67/><U31/><E31/><V6/><F28/><W48/><G48/><T134/><D71/><U90/><E90/><V50/><F50/><W10/><G3/><T26/><D134/><U95/><E95/><V21/><F21/><W32/><G89/><T9/><D9/><U122/><E122/><V81/><F81/><W115/><G8/><T96/><D29/><U119/><E119/><V56/><F69/><W65/><G115/><T92/><D107/><U47/><E47/><V34/><F34/><W82/><G32/><T49/><D49/><U62/><E62/><V102/><AGARI ba="0,0" hai="0,2,6,11,15,56,60,66,97,102,106,116,117,118" machi="102" ten="40,2700,0" yaku="0,1,52,1" doraHai="93" who="2" fromWho="2" sc="180,-7,220,-13,380,27,220,-7" /><INIT seed="2,0,0,5,5,125" ten="173,207,407,213" oya="2" hai0="121,89,9,133,21,102,18,56,62,22,73,100,78" hai1="24,37,59,3,36,106,7,5,105,33,95,13,112" hai2="55,113,25,104,20,134,130,58,111,86,42,114,0" hai3="43,91,60,80,69,98,16,65,83,6,109,93,117"/><V46/><F130/><W128/><G117/><T129/><D121/><U35/><E3/><V8/><F104/><W118/><G118/><T23/><D133/><U10/><E5/><V74/><F74/><W72/><G109/><T38/><D38/><U12/><E12/><V96/><F134/><W99/><G6/><T122/><D122/><U17/><E112/><V135/><F111/><W123/><G123/><T87/><D129/><U71/><E71/><V48/><F135/><W110/><G110/><T67/><D78/><U94/><E106/><V4/><F96/><W79/><G43/><T108/><D73/><U29/><E105/><V75/><F75/><W116/><G116/><T77/><D77/><U76/><E76/><V84/><F113/><W52/><G128/><T63/><D108/><U82/><E82/><V68/><F68/><W50/><G80/><T34/><D34/><U47/><E47/><V81/><F81/><W49/><G49/><T14/><REACH who="0" step="1"/><D62/><REACH who="0" ten="163,207,407,213" step="2"/><U45/><E33/><V54/><F114/><W126/><G126/><T31/><D31/><U41/><E29/><V1/><F0/><W70/><G60/><T92/><AGARI ba="0,1" hai="9,14,18,21,22,23,56,63,67,87,89,92,100,102" machi="92" ten="30,4000,0" yaku="1,1,0,1,8,1,53,0" doraHai="125" doraHaiUra="28" who="0" fromWho="0" sc="163,50,207,-10,407,-20,213,-10" /><INIT seed="3,0,0,5,3,7" ten="213,197,387,203" oya="3" hai0="39,58,22,54,2,133,111,13,73,108,5,94,134" hai1="37,4,114,1,63,50,24,49,56,3,11,135,18" hai2="92,12,38,122,40,62,14,86,25,106,127,60,102" hai3="9,84,15,74,32,71,42,83,91,53,76,16,51"/><W46/><G32/><T125/><D125/><U100/><E37/><V124/><F106/><W109/><G109/><N who="0" m="42059" /><D39/><U8/><E114/><V82/><F38/><W95/><REACH who="3" step="1"/><G71/><REACH who="3" ten="213,197,387,193" step="2"/><T17/><D73/><U103/><E135/><V80/><F127/><W20/><G20/><T126/><D126/><U34/><E34/><V90/><F124/><W43/><AGARI ba="0,1" hai="9,15,16,42,43,46,51,53,74,76,83,84,91,95" machi="43" ten="30,12000,1" yaku="1,1,0,1,52,1,54,1,53,1" doraHai="7" doraHaiUra="10" who="3" fromWho="3" sc="213,-40,197,-40,387,-40,193,130" /><INIT seed="3,1,0,1,3,63" ten="173,157,347,323" oya="3" hai0="9,37,2,109,127,5,111,113,108,51,106,28,79" hai1="53,58,115,57,60,15,128,30,14,43,19,39,7" hai2="125,103,59,118,3,38,91,124,36,40,44,96,29" hai3="114,76,84,61,8,26,54,104,22,62,20,86,70"/><W132/><G114/><T97/><D127/><N who="2" m="48714" /><F118/><W56/><G104/><T110/><D110/><U107/><E115/><V11/><F29/><W98/><G132/><T49/><D113/><U89/><E107/><N who="2" m="63975" /><F91/><W34/><G34/><T133/><D133/><U67/><E128/><V123/><F59/><N who="3" m="35063" /><G70/><T112/><D37/><U52/><E30/><V16/><F123/><W93/><G8/><T0/><D112/><U83/><E39/><N who="2" m="21535" /><F16/><N who="3" m="12551" /><G22/><T81/><D28/><U129/><E129/><V101/><F101/><N who="3" m="60623" /><G76/><T45/><D0/><U12/><E43/><V117/><F117/><W69/><G69/><T80/><D79/><U119/><E119/><V71/><F71/><W88/><G88/><T4/><D4/><AGARI ba="1,0" hai="3,4,11,36,38" m="21535,63975,48714" machi="4" ten="30,2000,0" yaku="18,1,23,1" doraHai="63" who="2" fromWho="0" sc="173,-23,157,0,347,23,323,0" owari="150,-35.0,157,-24.3,370,47.0,323,12.3" /></mjloggm>