<mjloggm ver="2.3"><GO type="225" lobby="0"/><UN n0="%E5%B8%86%E7%AB%8B%E5%A4%8F%E8%A1%A3" n1="%48%61%61%61%6C%61%6E%64" n2="%61%6D%65%6B%69" n3="%E3%81%AF%E3%82%88%E3%81%8A%E3%81%98%E3%81%95%E3%82%93" dan="16,17,16,16" rate="2113.17,2189.94,2063.24,2180.47" sx="M,M,M,M"/><TAIKYOKU oya="0"/><INIT seed="0,0,0,5,4,104" ten="250,250,250,250" oya="0" hai0="47,134,13,83,33,11,82,85,79,10,63,53,15" hai1="107,126,118,115,62,112,3,71,61,20,32,24,17" hai2="30,131,75,93,60,4,26,50,38,100,55,102,57" hai3="5,29,41,106,18,108,25,73,86,76,128,99,69"/><T34/><D134/><U78/><E118/><V125/><F38/><W48/><G69/><T22/><D34/><U39/><E126/><V91/><F125/><W98/><G108/><T130/><D33/><U0/><E107/><V1/><F131/><W42/><G128/><T105/><D130/><U90/><E39/><V2/><F75/><W23/><G73/><T119/><D105/><U52/><E78/><V58/><F4/><W114/><G114/><N who="1" m="43562" /><E90/><V14/><F14/><W103/><G5/><T92/><D119/><U121/><E121/><V122/><F2/><N who="1" m="553" /><E71/><V120/><F1/><W77/><G99/><T124/><D124/><U127/><E127/><V110/><F110/><W74/><G74/><T97/><D83/><U66/><E66/><V16/><F122/><W111/><G111/><T49/><D63/><U36/><E36/><V28/><F120/><W94/><G106/><T19/><REACH who="0" step="1"/><D15/><REACH who="0" ten="240,250,250,250" step="2"/><U6/><E32/><V72/><F60/><W45/><G94/><T40/><D40/><U135/><E135/><V54/><F93/><W27/><G41/><T116/><D116/><U35/><E35/><V46/><F54/><W31/><G42/><T43/><D43/><U37/><E37/><V12/><F55/><W129/><G129/><T70/><D70/><U88/><E52/><V81/><F81/><W9/><G48/><T96/><D96/><U65/><E61/><V133/><F50/><W21/><G98/><T117/><D117/><U89/><E62/><V56/><F133/><W109/><G109/><T59/><D59/><U123/><E123/><V64/><F57/><RYUUKYOKU ba="0,1" sc="240,30,250,-10,250,-10,250,-10" hai0="10,11,13,19,22,47,49,53,79,82,85,92,97" /><INIT seed="0,1,1,0,5,91" ten="270,240,240,240" oya="0" hai0="74,14,130,57,114,27,12,103,43,13,83,106,119" hai1="102,80,7,10,44,108,66,100,19,2,28,75,40" hai2="76,134,125,96,25,17,79,21,124,69,31,61,129" hai3="51,98,92,126,56,127,20,59,23,8,64,109,9"/><T60/><D130/><U65/><E108/><V35/><F129/><W30/><G109/><T0/><D114/><U97/><E28/><V82/><F134/><W38/><G38/><T42/><D119/><U15/><E100/><V99/><F69/><W49/><G30/><T32/><D0/><U29/><E29/><V68/><F68/><W11/><G98/><T26/><D106/><U94/><E80/><V63/><F63/><W72/><G72/><T70/><D70/><U115/><E75/><V110/><F61/><W132/><G64/><T24/><D32/><U33/><E33/><V77/><F82/><W87/><G87/><T113/><D103/><U52/><E115/><V81/><F81/><W22/><G92/><T41/><D113/><U1/><E1/><V111/><F110/><W107/><G107/><T78/><D60/><U85/><E85/><V62/><F62/><W34/><G34/><T3/><D3/><U48/><REACH who="1" step="1"/><E40/><REACH who="1" ten="270,230,240,240" step="2"/><V93/><F111/><W16/><G132/><T131/><D131/><U71/><E71/><V88/><REACH who="2" step="1"/><F99/><REACH who="2" ten="270,230,230,240" step="2"/><W133/><G133/><T50/><D74/><U53/><E53/><V89/><F89/><W47/><G126/><T128/><D128/><U116/><E116/><V36/><F36/><W54/><G127/><T95/><D83/><U112/><E112/><V67/><F67/><W55/><REACH who="3" step="1"/><G59/><REACH who="3" ten="270,230,230,230" step="2"/><T121/><D57/><U105/><E105/><V120/><F120/><W90/><G90/><T39/><D121/><U135/><E135/><V101/><F101/><W37/><G37/><T84/><D39/><U104/><E104/><RYUUKYOKU ba="1,4" sc="270,-30,230,10,230,10,230,10" hai1="2,7,10,15,19,44,48,52,65,66,94,97,102" hai2="17,21,25,31,35,76,77,79,88,93,96,124,125" hai3="8,9,11,16,20,22,23,47,49,51,54,55,56" /><INIT seed="1,2,4,5,1,88" ten="240,240,240,240" oya="1" hai0="32,1,22,37,33,128,130,47,8,112,115,124,69" hai1="84,96,66,40,99,26,93,79,90,76,78,111,60" hai2="97,62,131,49,109,5,41,91,16,57,24,17,54" hai3="2,83,95,38,118,117,114,25,86,125,7,43,29"/><U58/><E111/><V100/><F109/><W31/><G114/><N who="0" m="43563" /><D69/><U53/><E40/><V120/><F120/><W28/><G125/><T72/><D72/><U126/><E126/><V122/><F122/><W6/><G95/><T74/><D74/><U63/><REACH who="1" step="1"/><E26/><REACH who="1" ten="240,230,240,240" step="2"/><V45/><F131/><N who="0" m="50218" /><D124/><U4/><E4/><V82/><F5/><W65/><G7/><N who="0" m="1135" /><D22/><U68/><AGARI ba="2,5" hai="53,58,60,63,66,68,76,78,79,84,90,93,96,99" machi="68" ten="30,6000,0" yaku="1,1,0,1,52,1,53,0" doraHai="88" doraHaiUra="39" who="1" fromWho="1" sc="240,-22,230,116,240,-22,240,-22" /><INIT seed="1,3,0,0,5,78" ten="218,346,218,218" oya="1" hai0="9,28,1,7,53,126,71,27,65,116,89,61,50" hai1="92,79,117,131,82,103,2,106,129,44,29,30,69" hai2="96,22,72,46,6,10,12,47,51,94,101,124,100" hai3="67,86,73,35,43,123,3,40,57,98,26,0,13"/><U90/><E69/><V15/><F72/><W135/><G73/><T80/><D126/><U77/><E2/><V119/><F119/><W49/><G123/><T120/><D120/><U108/><E117/><V17/><F124/><W62/><G135/><T97/><D116/><U99/><E108/><V36/><F36/><W109/><G109/><T64/><D64/><U16/><E44/><V95/><REACH who="2" step="1"/><F51/><REACH who="2" ten="218,346,208,218" step="2"/><W102/><G49/><T132/><D50/><U66/><E129/><V113/><F113/><W130/><G130/><T83/><D132/><U37/><E37/><V107/><F107/><W24/><G40/><T87/><D53/><U14/><E131/><V48/><F48/><W21/><G43/><T54/><D54/><U125/><E125/><V118/><F118/><W32/><G67/><T60/><D60/><U74/><E66/><V85/><F85/><W38/><G86/><T115/><D115/><U84/><E77/><V34/><F34/><W52/><G38/><T5/><D5/><U11/><AGARI ba="3,1" hai="11,14,16,29,30,74,79,82,84,90,92,99,103,106" machi="11" ten="20,18000,2" yaku="0,1,7,1,24,2,52,1,54,1" doraHai="78" who="1" fromWho="1" sc="218,-63,346,199,208,-63,218,-63" /><INIT seed="1,4,0,1,3,32" ten="155,545,145,155" oya="1" hai0="93,28,112,2,19,12,1,49,65,122,113,41,25" hai1="134,10,23,30,124,51,82,24,119,6,87,135,54" hai2="72,4,38,132,20,3,101,125,7,73,111,128,40" hai3="133,85,78,16,81,55,97,79,46,118,48,14,77"/><U109/><E119/><V117/><F117/><W71/><G133/><T11/><D65/><U18/><E124/><V26/><F125/><W131/><G118/><T130/><D41/><U120/><E120/><V56/><F132/><W58/><G71/><T22/><D49/><U27/><E109/><V34/><F34/><W90/><G131/><T70/><D70/><U80/><E134/><V95/><F111/><W83/><G97/><T68/><D68/><U123/><E123/><V88/><F101/><W96/><G96/><T91/><D122/><U107/><E107/><V45/><F7/><W110/><G110/><T98/><REACH who="0" step="1"/><D130/><REACH who="0" ten="145,545,145,155" step="2"/><U116/><E51/><V39/><F128/><W115/><G115/><AGARI ba="4,1" hai="1,2,11,12,19,22,25,28,91,93,98,112,113,115" machi="115" ten="40,8000,1" yaku="1,1,2,1,52,2,53,0" doraHai="32" doraHaiUra="103" who="0" fromWho="3" sc="145,102,545,0,145,0,155,-92" /><INIT seed="2,0,0,1,1,135" ten="247,545,145,63" oya="2" hai0="102,11,24,33,130,78,6,8,3,32,45,29,69" hai1="21,115,53,73,27,17,9,56,72,77,12,20,103" hai2="97,84,48,131,43,116,94,100,121,86,104,4,70" hai3="35,128,90,74,60,127,40,2,95,114,98,34,49"/><V133/><F70/><W59/><G74/><T118/><D130/><U28/><E115/><V5/><F116/><W22/><G2/><T109/><D109/><U85/><E103/><V105/><F121/><W125/><G128/><T19/><D118/><U123/><E123/><V1/><F131/><W126/><G114/><T30/><D69/><U91/><E77/><V38/><F38/><W129/><G129/><T117/><D45/><U88/><E9/><V106/><F133/><W92/><G22/><N who="0" m="13407" /><D78/><U82/><E91/><V110/><F110/><W42/><G95/><T119/><D102/><U14/><E14/><V18/><F18/><W57/><G57/><T41/><D41/><N who="3" m="15977" /><G49/><AGARI ba="0,0" hai="12,17,20,21,27,28,49,53,56,72,73,82,85,88" machi="49" ten="30,2000,0" yaku="7,1,54,1" doraHai="135" who="1" fromWho="3" sc="247,0,545,20,145,0,63,-20" /><INIT seed="3,0,0,2,2,17" ten="247,565,145,43" oya="3" hai0="9,90,121,107,81,108,77,78,131,64,55,92,46" hai1="83,67,47,18,58,128,62,86,59,2,63,76,54" hai2="101,135,38,45,93,8,26,22,110,68,126,85,41" hai3="4,44,91,98,14,39,61,65,112,95,36,49,23"/><W34/><G112/><T113/><D108/><U94/><E2/><V129/><F68/><W117/><G117/><T103/><D107/><U0/><E0/><V87/><F110/><W111/><G34/><T48/><D121/><U13/><E128/><V89/><F129/><W52/><G111/><T11/><D113/><U29/><E29/><V102/><F135/><W15/><G4/><T25/><D25/><U21/><E94/><V1/><F126/><W105/><G105/><T75/><D64/><N who="1" m="38999" /><E47/><V79/><F8/><N who="0" m="3146" /><D75/><U6/><E6/><V56/><F1/><W130/><G130/><T70/><D70/><U37/><E37/><V132/><F132/><W104/><G104/><T69/><D69/><U133/><E133/><V7/><F7/><W10/><G10/><T16/><D78/><U82/><E82/><V66/><F79/><W35/><G35/><T97/><D48/><U19/><E18/><V51/><F85/><W119/><G119/><T57/><D55/><AGARI ba="0,0" hai="13,19,21,54,55,59,63,67,76,83,86" m="38999" machi="55" ten="30,2000,0" yaku="8,1,52,1" doraHai="17" who="1" fromWho="0" sc="247,-20,565,20,145,0,43,0" owari="227,2.7,585,68.5,145,-25.5,43,-45.7" /></mjloggm>