<mjloggm ver="2.3"><GO type="225" lobby="0"/><UN n0="%72%65%6E%6B%75%6E" n1="%E3%83%A9%E3%83%BC%E3%83%A1%E3%83%B3%E4%BA%94%E9%83%8E" n2="%E6%B4%BE%E9%81%A3%E3%81%AE%E3%82%B8%E3%83%A3%E3%83%83%E3%82%AF" n3="%66%67%67%68%68%64%66" dan="17,16,17,16" rate="2207.48,2057.17,2186.41,2082.54" sx="M,M,M,M"/><TAIKYOKU oya="0"/><INIT seed="0,0,0,4,5,73" ten="250,250,250,250" oya="0" hai0="88,110,71,42,120,94,74,44,66,129,17,97,132" hai1="36,55,58,130,7,24,43,14,32,118,54,111,22" hai2="127,33,16,101,25,78,47,10,64,123,135,106,114" hai3="9,105,29,18,57,46,52,80,51,122,50,103,85"/><T60/><D120/><U45/><E118/><V82/><F114/><W63/><G122/><T27/><D132/><U95/><E111/><V19/><F123/><W81/><G29/><T86/><D74/><U56/><E130/><V61/><F47/><W65/><G105/><T112/><D129/><U69/><E69/><N who="2" m="42127" /><F10/><W98/><G103/><T30/><D17/><U26/><E32/><V3/><F3/><W75/><G98/><T109/><D97/><U108/><E108/><N who="0" m="41577" /><D112/><U11/><E95/><V37/><F37/><W117/><G117/><T89/><D89/><U4/><E4/><V68/><F68/><W8/><G18/><T67/><D60/><U100/><E100/><V83/><F83/><W28/><G28/><T79/><D79/><U62/><REACH who="1" step="1"/><E22/><REACH who="1" ten="250,240,250,250" step="2"/><V126/><F135/><W91/><REACH who="3" step="1"/><G50/><AGARI ba="0,1" hai="7,11,14,24,26,36,43,45,50,54,55,56,58,62" machi="50" ten="30,8000,1" yaku="1,1,2,1,7,1,53,2" doraHai="73" doraHaiUra="23" who="1" fromWho="3" sc="250,0,240,90,250,0,250,-80" /><INIT seed="1,0,0,2,3,65" ten="250,330,250,170" oya="1" hai0="121,63,107,23,95,102,5,111,21,44,134,87,119" hai1="66,105,91,16,35,18,4,89,6,108,76,115,127" hai2="124,128,72,120,32,67,123,54,50,130,101,135,90" hai3="25,97,104,106,129,48,2,78,68,84,82,132,113"/><U100/><E115/><V53/><F32/><W114/><G2/><T39/><D119/><U45/><E35/><V125/><F72/><W60/><G129/><N who="2" m="49769" /><F101/><W33/><G132/><T43/><D134/><U64/><E100/><V110/><F90/><W55/><G33/><T11/><D111/><U56/><E105/><V116/><F135/><W93/><G25/><T31/><D31/><U58/><E76/><V98/><F98/><W92/><G92/><T79/><D107/><U126/><REACH who="1" step="1"/><E45/><REACH who="1" ten="250,320,250,170" step="2"/><N who="2" m="27855" /><F116/><W13/><G106/><T30/><D79/><U99/><E99/><V10/><F110/><AGARI ba="0,1" hai="4,6,16,18,56,58,64,66,89,91,108,110,126,127" machi="110" ten="25,9600,0" yaku="1,1,22,2,54,1,53,0" doraHai="65" doraHaiUra="36" who="1" fromWho="2" sc="250,0,320,106,250,-96,170,0" /><INIT seed="1,1,0,2,0,130" ten="250,426,154,170" oya="1" hai0="49,16,46,126,17,26,104,12,15,4,94,7,39" hai1="9,42,109,21,71,121,77,100,102,40,75,84,63" hai2="51,131,41,119,105,116,31,69,68,81,0,113,92" hai3="10,133,55,35,96,45,128,29,107,80,73,36,108"/><U56/><E121/><V19/><F105/><W24/><G128/><T110/><D104/><U123/><E71/><V43/><F0/><W52/><G108/><T48/><D110/><U25/><E75/><V13/><F31/><W11/><G133/><T3/><D3/><U14/><E123/><V27/><F27/><W97/><G36/><T54/><D39/><U8/><E84/><V5/><F5/><N who="0" m="2122" /><D126/><U78/><E109/><V32/><F32/><W59/><G45/><N who="0" m="27919" /><D94/><U90/><E40/><V20/><F131/><W44/><G44/><T1/><D1/><U30/><E42/><V22/><F113/><W125/><G125/><T101/><D101/><U118/><E118/><V134/><F92/><W98/><G107/><T86/><D86/><U47/><E102/><V89/><F134/><W103/><G103/><T64/><D64/><U87/><E100/><V117/><F43/><W67/><G67/><T72/><D72/><U129/><E129/><V61/><F68/><W37/><G37/><T66/><D66/><N who="1" m="39271" /><E47/><N who="2" m="26095" /><F69/><W34/><G34/><T28/><D46/><U50/><E50/><V112/><F112/><W70/><G70/><T91/><D49/><U124/><E124/><V122/><F122/><W74/><G74/><T62/><D62/><U18/><E8/><N who="3" m="3114" /><G59/><T135/><D135/><U58/><E58/><V33/><F33/><W65/><G65/><T132/><D132/><U82/><AGARI ba="1,0" hai="9,14,18,21,25,30,77,78,82,87,90" m="39271" machi="82" ten="30,1500,0" yaku="8,1" doraHai="130" who="1" fromWho="1" sc="250,-6,426,18,154,-6,170,-6" /><INIT seed="1,2,0,4,2,112" ten="244,444,148,164" oya="1" hai0="66,4,86,128,125,120,9,100,121,23,108,97,7" hai1="82,56,47,15,129,50,111,103,83,92,5,115,31" hai2="3,32,2,80,40,79,61,102,85,117,131,19,36" hai3="55,87,0,68,33,45,91,42,130,95,71,25,106"/><U65/><E115/><V63/><F32/><W72/><G0/><T64/><D108/><U14/><E129/><V94/><F131/><W18/><G72/><T44/><D128/><U134/><E134/><V8/><F117/><W127/><G130/><T16/><D86/><U26/><E111/><V6/><F3/><W53/><G106/><N who="0" m="63759" /><D44/><U99/><E56/><V51/><F19/><W104/><G104/><T22/><D22/><N who="1" m="15831" /><E65/><N who="0" m="25193" /><D9/><N who="1" m="4399" /><E15/><V20/><F20/><W35/><G35/><T70/><D70/><U67/><E67/><V123/><F36/><W21/><G33/><T109/><D109/><U24/><E24/><V1/><F1/><W27/><G27/><T124/><D7/><U13/><E13/><V62/><F2/><W73/><G73/><T34/><D4/><U119/><E119/><V126/><F6/><W54/><REACH who="3" step="1"/><G127/><REACH who="3" ten="244,444,148,154" step="2"/><N who="0" m="48715" /><D34/><U52/><AGARI ba="2,1" hai="47,50,52,82,83,92,99,103" m="4399,15831" machi="52" ten="30,3000,0" yaku="8,1,54,1" doraHai="112" who="1" fromWho="1" sc="244,-12,444,46,148,-12,154,-12" /><INIT seed="1,3,0,1,1,58" ten="232,490,136,142" oya="1" hai0="100,11,73,135,7,122,70,38,52,127,54,75,119" hai1="111,106,68,102,123,35,134,76,63,59,29,87,64" hai2="60,31,117,10,48,21,79,98,81,40,3,94,23" hai3="116,72,34,118,96,33,15,28,39,95,130,41,44"/><U30/><E123/><V36/><F117/><N who="3" m="45163" /><G130/><T2/><D119/><U57/><E134/><V129/><F129/><W115/><G115/><T18/><D70/><U91/><E76/><V67/><F36/><W25/><G72/><T78/><D135/><U17/><E111/><V131/><F131/><W121/><G121/><T92/><D122/><U108/><E17/><V22/><F3/><W45/><G15/><T90/><D100/><U9/><E9/><V85/><F10/><W53/><G45/><T46/><D18/><U61/><E29/><V104/><F104/><W105/><G53/><T128/><D128/><U32/><E108/><V16/><F31/><W71/><G71/><T107/><D107/><U37/><E30/><V12/><F48/><W103/><G95/><T120/><D120/><U113/><E113/><V86/><F86/><W114/><G114/><T65/><D65/><U112/><E112/><V6/><F40/><W26/><G26/><T125/><D38/><U82/><E37/><V24/><F24/><W14/><G14/><T13/><D2/><U110/><E68/><V62/><F6/><W124/><G124/><N who="0" m="47691" /><D46/><U97/><E110/><V8/><F67/><AGARI ba="3,0" hai="32,35,57,59,61,63,64,67,82,87,91,97,102,106" machi="67" ten="30,11600,0" yaku="7,1,9,1,52,2" doraHai="58" who="1" fromWho="2" sc="232,0,490,125,136,-125,142,0" /><INIT seed="1,4,0,1,4,119" ten="232,615,11,142" oya="1" hai0="44,66,75,47,33,23,60,2,95,50,107,32,27" hai1="121,29,68,10,122,14,93,54,98,5,123,12,21" hai2="80,45,112,115,89,118,96,39,67,100,72,61,76" hai3="46,83,59,99,28,8,82,42,135,132,94,13,4"/><U64/><E68/><V120/><F118/><W51/><G28/><T111/><D107/><U6/><E64/><V129/><F129/><W128/><G128/><T22/><D75/><U88/><E54/><V35/><F35/><W105/><G105/><T116/><D116/><U90/><E29/><V40/><F89/><W0/><G0/><T3/><D95/><U11/><E21/><V49/><F49/><W36/><G36/><T65/><D50/><U101/><AGARI ba="4,0" hai="5,6,10,11,12,14,88,90,93,98,101,121,122,123" machi="101" ten="30,18000,2" yaku="0,1,9,1,52,3,54,1" doraHai="119" who="1" fromWho="1" sc="232,-64,615,192,11,-64,142,-64" owari="168,-3.2,807,90.7,-53,-55.3,78,-32.2" /></mjloggm>