<mjloggm ver="2.3"><GO type="225" lobby="0"/><UN n0="%E6%A9%98%E3%83%AF%E3%83%AB%E3%83%84" n1="%72%69%6F%75%63%68%61%6E" n2="%E7%BD%AA%E5%88%91%E6%B3%95%E5%AE%9A%E4%B8%BB%E7%BE%A9" n3="%E6%A1%9C%E8%8A%B1%E9%96%83%E3%80%85" dan="16,17,16,18" rate="2069.74,2278.16,2130.44,2257.09" sx="M,M,M,M"/><TAIKYOKU oya="0"/><INIT seed="0,0,0,1,5,67" ten="250,250,250,250" oya="0" hai0="35,76,31,130,90,105,114,1,111,117,45,102,107" hai1="128,77,41,48,38,34,89,4,58,53,3,121,120" hai2="74,95,30,28,65,8,113,85,52,103,81,71,115" hai3="64,127,83,14,32,98,15,39,17,55,16,94,92"/><T22/><D117/><U0/><E34/><V100/><F74/><W101/><G127/><T37/><D114/><U84/><E128/><V68/><F8/><W44/><G32/><T96/><D1/><U70/><E77/><V87/><F65/><W33/><G33/><T108/><D35/><U97/><E70/><V9/><F9/><W133/><G133/><T82/><D130/><U27/><E27/><V73/><F73/><W50/><G39/><T125/><D125/><U135/><E135/><V26/><F26/><W12/><G64/><T119/><D119/><U122/><E4/><V20/><F95/><W80/><REACH who="3" step="1"/><G94/><REACH who="3" ten="250,250,250,240" step="2"/><T132/><D132/><U91/><E38/><V129/><F129/><W57/><G57/><T63/><D37/><U131/><E131/><V59/><F59/><W104/><G104/><T51/><D105/><U109/><E122/><V86/><F115/><W5/><G5/><T40/><D63/><U6/><E6/><V25/><F113/><W118/><G118/><T134/><D134/><U110/><E121/><V69/><F81/><AGARI ba="0,1" hai="12,14,15,16,17,44,50,55,80,81,83,92,98,101" machi="81" ten="40,5200,0" yaku="1,1,8,1,54,1,53,0" doraHai="67" doraHaiUra="66" who="3" fromWho="2" sc="250,0,250,0,250,-52,240,62" /><INIT seed="1,0,0,0,2,64" ten="250,250,198,302" oya="1" hai0="42,27,135,125,68,123,45,25,120,80,31,46,52" hai1="43,81,28,1,61,73,87,19,99,36,117,77,100" hai2="5,133,22,88,44,102,6,101,118,111,53,13,0" hai3="62,7,14,109,85,91,33,131,51,55,59,121,127"/><U39/><E117/><V122/><F118/><W29/><G121/><N who="0" m="46667" /><D135/><U82/><E1/><V23/><F122/><W84/><G109/><T76/><D125/><U47/><E28/><V8/><F111/><W113/><G113/><T108/><D108/><U86/><E19/><V26/><F133/><W106/><G106/><T30/><D42/><U119/><E119/><V57/><F44/><W89/><G127/><T40/><D40/><U20/><E20/><V126/><F126/><W115/><G131/><T132/><D132/><U112/><E112/><V78/><F78/><W128/><G128/><T134/><D134/><U69/><E36/><V96/><F5/><W37/><G37/><T60/><D46/><U11/><E11/><V65/><F65/><W41/><G29/><N who="0" m="10763" /><D68/><U66/><REACH who="1" step="1"/><E82/><REACH who="1" ten="250,240,198,302" step="2"/><V79/><F0/><W71/><G115/><T107/><D107/><AGARI ba="0,1" hai="39,43,47,61,66,69,73,77,81,86,87,99,100,107" machi="107" ten="30,12000,1" yaku="1,1,2,1,7,1,52,1,53,1" doraHai="64" doraHaiUra="94" who="1" fromWho="0" sc="250,-120,240,130,198,0,302,0" /><INIT seed="1,1,0,0,4,1" ten="130,370,198,302" oya="1" hai0="99,79,28,18,65,96,49,56,57,72,81,60,95" hai1="124,90,133,112,86,97,104,120,51,117,122,129,118" hai2="43,69,11,6,15,38,132,13,130,42,8,101,33" hai3="22,107,23,53,98,88,55,71,109,44,40,127,114"/><U39/><E39/><V126/><F69/><W91/><G114/><T25/><D18/><U3/><E3/><V16/><F33/><W77/><G71/><T66/><D49/><U128/><E51/><V37/><F126/><W67/><G67/><T123/><D123/><N who="1" m="47147" /><E112/><V83/><F132/><W27/><G77/><T41/><D41/><U50/><E50/><V61/><F130/><N who="1" m="50281" /><E124/><V82/><F101/><W84/><G44/><T103/><D99/><U108/><E133/><V105/><F105/><W89/><G40/><T58/><REACH who="0" step="1"/><D65/><REACH who="0" ten="120,370,198,302" step="2"/><U36/><E36/><V20/><F61/><W115/><G98/><T17/><D17/><U80/><E108/><V47/><F11/><W73/><G109/><T64/><D64/><U26/><E26/><V48/><F48/><W29/><G27/><T111/><D111/><U10/><E10/><V87/><REACH who="2" step="1"/><F87/><REACH who="2" ten="120,370,188,302" step="2"/><W14/><G84/><T54/><D54/><U131/><E131/><V100/><F100/><AGARI ba="1,2" hai="80,86,90,97,100,104,117,118" m="50281,47147" machi="100" ten="30,5800,0" yaku="19,1,34,2" doraHai="1" who="1" fromWho="2" sc="120,0,370,81,188,-61,302,0" /><INIT seed="1,2,0,4,5,116" ten="120,451,127,302" oya="1" hai0="81,18,92,59,32,79,17,103,15,7,54,102,126" hai1="130,29,113,2,98,19,127,122,22,48,68,14,16" hai2="112,45,109,88,96,120,105,119,47,132,125,21,39" hai3="56,131,36,115,4,71,84,97,91,24,107,110,69"/><U50/><E122/><V8/><F119/><W58/><G115/><T66/><D32/><U25/><E113/><V61/><F112/><W124/><G36/><T108/><D108/><U11/><E127/><V100/><F109/><W101/><G110/><T78/><D126/><U80/><E130/><V77/><F125/><W13/><G124/><T85/><D78/><U129/><E129/><V128/><F128/><W46/><G46/><T10/><D66/><U23/><E68/><V133/><F77/><W94/><G131/><T28/><D28/><U43/><E43/><V9/><F21/><W60/><G58/><T111/><D111/><U83/><E98/><V67/><F88/><W65/><G24/><T73/><D73/><U87/><E2/><V93/><F105/><W75/><G75/><T135/><D135/><N who="2" m="51786" /><F39/><W41/><G41/><T53/><D53/><U30/><E30/><V37/><F37/><W74/><G74/><T51/><D92/><U82/><REACH who="1" step="1"/><E87/><REACH who="1" ten="120,441,127,302" step="2"/><V117/><F117/><W89/><G71/><T20/><REACH who="0" step="1"/><D18/><REACH who="0" ten="110,441,127,302" step="2"/><U6/><E6/><V70/><F120/><W38/><G4/><T63/><D63/><U3/><E3/><AGARI ba="2,2" hai="3,7,10,15,17,20,51,54,59,79,81,85,102,103" machi="3" ten="30,2000,0" yaku="1,1,7,1,53,0" doraHai="116" doraHaiUra="106" who="0" fromWho="1" sc="110,46,441,-26,127,0,302,0" /><INIT seed="2,0,0,2,0,30" ten="156,415,127,302" oya="2" hai0="2,9,124,61,97,98,37,127,70,14,114,41,22" hai1="116,23,10,55,45,87,57,92,99,104,3,60,134" hai2="12,62,100,66,65,123,42,113,46,75,53,105,58" hai3="6,11,0,29,8,96,24,67,68,115,112,44,20"/><V135/><F113/><N who="3" m="43595" /><G96/><T25/><D114/><U84/><E116/><V52/><F123/><W83/><G83/><T36/><D2/><U49/><E134/><V122/><F122/><W80/><G80/><T120/><D120/><U51/><E104/><V90/><F135/><W106/><G106/><T59/><D70/><U129/><E129/><V26/><F75/><W95/><G95/><T103/><D41/><N who="1" m="24751" /><E3/><V77/><F77/><W39/><G11/><T76/><D76/><U86/><E10/><V31/><F90/><W32/><G67/><T4/><D98/><U132/><E132/><V13/><F100/><W15/><G68/><T131/><D131/><U27/><E51/><V88/><F105/><W121/><G121/><T1/><D1/><U38/><E38/><V69/><F66/><W101/><G101/><T21/><D21/><U72/><E72/><V125/><F125/><W34/><G0/><T35/><D35/><N who="3" m="13353" /><G44/><T7/><D127/><U94/><E99/><V19/><F88/><W78/><G78/><T111/><D124/><U81/><E81/><V74/><F74/><W50/><G50/><T117/><D4/><U133/><E133/><V16/><F69/><W119/><G39/><T118/><D118/><AGARI ba="0,0" hai="6,8,15,20,24,29,118,119" m="13353,43595" machi="118" ten="30,12000,2" yaku="11,1,34,2,52,3" doraHai="30" who="3" fromWho="0" sc="156,-120,415,0,127,0,302,120" /><INIT seed="3,0,0,2,1,130" ten="36,415,127,422" oya="3" hai0="39,5,52,80,81,106,114,118,104,25,115,110,120" hai1="61,14,4,77,55,86,132,57,78,59,65,107,12" hai2="126,101,127,17,18,121,64,19,99,26,71,66,16" hai3="22,30,50,129,63,116,6,83,0,68,133,38,105"/><W69/><G116/><T54/><D118/><U131/><E132/><V123/><N who="2" m="4096" /><DORA hai="108" /><V95/><F26/><N who="3" m="16727" /><G38/><T89/><D39/><U67/><E131/><V48/><F48/><W135/><G105/><T73/><D25/><U124/><E124/><N who="2" m="47659" /><F71/><N who="3" m="27211" /><G63/><T29/><D29/><U35/><E35/><V93/><F93/><W44/><G83/><T47/><D47/><U97/><E4/><V33/><F33/><W74/><G74/><T42/><D42/><U10/><E10/><V43/><F43/><N who="3" m="24863" /><G6/><T60/><D5/><U11/><E11/><V1/><F1/><W24/><G24/><T13/><D13/><N who="1" m="5227" /><E107/><V15/><F15/><W8/><G129/><T112/><D120/><AGARI ba="0,0" hai="64,66,95,99,101,120,121,123" m="47659,4096" machi="120" ten="50,6400,0" yaku="13,1,18,1,54,1" doraHai="130,108" who="2" fromWho="0" sc="36,-64,415,0,127,64,422,0" owari="-28,-52.8,415,21.5,191,-20.9,422,52.2" /></mjloggm>