<mjloggm ver="2.3"><GO type="225" lobby="0"/><UN n0="%E8%BE%9B%E5%8F%A3%E3%82%AB%E3%83%AC%E3%83%BC%E3%83%A9%E3%82%A4%E3%82%B9" n1="%E6%A1%9C%E8%8A%B1%E9%96%83%E3%80%85" n2="%73%6C%69%63%6B%33%31%39" n3="%E3%83%AD%E3%83%83%E3%83%86%E9%9B%80%E7%90%83" dan="16,18,17,17" rate="2124.93,2249.80,2172.03,2151.70" sx="M,M,M,M"/><TAIKYOKU oya="0"/><INIT seed="0,0,0,4,1,112" ten="250,250,250,250" oya="0" hai0="58,6,31,23,28,13,66,109,135,10,77,3,89" hai1="75,33,103,113,1,69,120,20,126,34,37,74,90" hai2="76,85,42,108,22,15,5,105,70,62,51,72,44" hai3="131,101,68,117,55,80,36,98,114,54,0,130,41"/><T14/><D77/><U61/><E90/><V2/><F108/><W88/><G114/><T59/><D135/><U25/><E61/><V27/><F105/><W79/><G117/><T111/><D89/><U63/><E63/><V116/><F72/><W104/><G0/><T99/><D99/><U125/><E103/><V123/><F123/><W127/><G127/><T64/><D23/><U19/><E37/><V9/><F2/><W49/><G68/><T83/><D3/><U7/><E69/><V128/><F128/><N who="3" m="49195" /><G36/><T45/><D45/><U43/><E43/><V81/><F116/><W122/><G122/><T21/><D21/><U91/><E91/><V115/><F115/><W8/><G8/><T18/><D18/><N who="1" m="12439" /><E113/><V12/><F12/><N who="0" m="4714" /><D83/><U133/><E133/><V26/><REACH who="2" step="1"/><F22/><REACH who="2" ten="250,250,240,250" step="2"/><W56/><G104/><T119/><D119/><U94/><E120/><V52/><F52/><W107/><G55/><T100/><D10/><N who="1" m="2415" /><E74/><V38/><F38/><W30/><G54/><T29/><D6/><U65/><E75/><V118/><F118/><W129/><G129/><T132/><D132/><U57/><E34/><V86/><F86/><W110/><G107/><T17/><D17/><U60/><E33/><V24/><F24/><W93/><G110/><N who="0" m="41995" /><D100/><U48/><E19/><V134/><F134/><W73/><G101/><T47/><D47/><U11/><E11/><V50/><F50/><W82/><G49/><T53/><D53/><U87/><E48/><V121/><F121/><W95/><G73/><T97/><D97/><U71/><E71/><V32/><F32/><W106/><G98/><RYUUKYOKU ba="0,1" sc="250,10,250,10,240,10,250,-30" hai0="28,29,31,58,59,64,66" hai1="57,60,65,87,94,125,126" hai2="5,9,15,26,27,42,44,51,62,70,76,81,85" /><INIT seed="0,1,1,3,1,111" ten="260,260,250,220" oya="0" hai0="119,67,18,17,47,21,93,10,69,29,37,26,75" hai1="96,116,31,28,135,128,132,5,122,106,98,22,99" hai2="89,97,92,53,77,126,91,61,72,131,133,44,51" hai3="23,107,63,2,52,50,73,88,121,55,104,59,79"/><T54/><D119/><U41/><E116/><V70/><F131/><W100/><G121/><T15/><D75/><U94/><E122/><V4/><F133/><N who="1" m="51273" /><E128/><V115/><F115/><W124/><G124/><T49/><D37/><U35/><E35/><V0/><F126/><W20/><G2/><T105/><D105/><U12/><E41/><V80/><F4/><W102/><G107/><T85/><D69/><U78/><E78/><V65/><REACH who="2" step="1"/><F0/><REACH who="2" ten="260,260,240,220" step="2"/><W39/><G39/><T110/><D110/><U74/><E5/><V42/><F42/><W56/><G104/><T95/><D67/><U9/><E106/><V90/><AGARI ba="1,2" hai="44,51,53,61,65,70,72,77,80,89,90,91,92,97" machi="90" ten="20,2700,0" yaku="1,1,0,1,7,1,53,0" doraHai="111" doraHaiUra="83" who="2" fromWho="2" sc="260,-14,260,-8,240,50,220,-8" /><INIT seed="1,0,0,5,4,62" ten="246,252,290,212" oya="1" hai0="29,25,80,109,33,135,85,34,65,0,21,60,44" hai1="133,82,127,50,58,71,28,3,98,67,84,94,16" hai2="24,22,48,132,23,14,27,54,72,47,68,118,8" hai3="69,4,104,99,101,74,7,130,115,51,36,117,52"/><U97/><E3/><V100/><F118/><W114/><G117/><T56/><D109/><U75/><E133/><V86/><F72/><W120/><G120/><T64/><D135/><U1/><E1/><V11/><F132/><W108/><G108/><T93/><D0/><U90/><E127/><V49/><F68/><W73/><G36/><T134/><D134/><U128/><E128/><V26/><F100/><W106/><G130/><T96/><D44/><U12/><E71/><V53/><F86/><W77/><G69/><T2/><D2/><U103/><E28/><V31/><F14/><W59/><G106/><T112/><D112/><U5/><E5/><V20/><REACH who="2" step="1"/><F31/><REACH who="2" ten="246,252,280,212" step="2"/><W41/><G74/><T35/><D65/><U57/><E75/><V87/><F87/><W10/><G115/><T61/><D61/><U110/><E110/><V13/><F13/><W123/><G114/><T119/><D119/><U79/><E67/><V83/><F83/><W76/><G73/><T113/><D113/><U95/><REACH who="1" step="1"/><E50/><REACH who="1" ten="246,242,280,212" step="2"/><V38/><F38/><W116/><G51/><T89/><REACH who="0" step="1"/><D35/><REACH who="0" ten="236,242,280,212" step="2"/><U32/><E32/><V37/><F37/><W40/><G116/><T126/><D126/><U63/><E63/><V81/><F81/><W30/><G123/><T19/><D19/><U78/><E78/><AGARI ba="0,3" hai="21,25,29,33,34,56,60,64,78,80,85,89,93,96" machi="78" ten="30,7700,0" yaku="1,1,7,1,52,1,53,1" doraHai="62" doraHaiUra="91" who="0" fromWho="1" sc="236,107,242,-77,280,0,212,0" /><INIT seed="2,0,0,3,1,93" ten="343,165,280,212" oya="2" hai0="115,11,42,113,126,4,27,129,28,20,111,75,68" hai1="76,77,25,58,5,112,45,91,109,56,86,95,66" hai2="131,85,108,35,16,55,43,19,103,7,44,92,104" hai3="6,89,116,106,32,74,13,87,21,127,96,36,128"/><V70/><F35/><W119/><G32/><T105/><D68/><U62/><E112/><V64/><F104/><W123/><G36/><T132/><D75/><U37/><E109/><V23/><F131/><W1/><G1/><T12/><D111/><U14/><E25/><V18/><F108/><W84/><G21/><N who="0" m="15471" /><D105/><U31/><E31/><V39/><F7/><W24/><G13/><N who="0" m="5351" /><D42/><U114/><E114/><N who="0" m="43529" /><D129/><U46/><E37/><V72/><F72/><W30/><G74/><T40/><D40/><U98/><E58/><V65/><F23/><W49/><G49/><T110/><D110/><U118/><E118/><V81/><F70/><W54/><G54/><T15/><D132/><U122/><E122/><V51/><F39/><W69/><G123/><T67/><D67/><N who="2" m="25674" /><F43/><W82/><G69/><T100/><D100/><U60/><E60/><V57/><F57/><W0/><G128/><T90/><D90/><U2/><E2/><V121/><F121/><W59/><G0/><T99/><D20/><U9/><REACH who="1" step="1"/><E86/><REACH who="1" ten="343,155,280,212" step="2"/><V17/><F85/><N who="3" m="50359" /><G30/><T134/><D134/><U33/><E33/><V97/><N who="2" m="4096" /><DORA hai="61" /><V41/><F41/><W120/><G87/><T107/><D12/><U78/><AGARI ba="0,1" hai="5,9,14,45,46,56,62,66,76,77,78,91,95,98" machi="78" ten="30,12000,2" yaku="1,1,0,1,8,1,52,2,53,1" doraHai="93,61" doraHaiUra="10,48" who="1" fromWho="1" sc="343,-30,155,130,280,-60,212,-30" /><INIT seed="3,0,0,1,0,82" ten="313,285,220,182" oya="3" hai0="87,1,123,133,17,39,103,118,132,120,7,135,93" hai1="75,73,131,45,110,46,8,57,95,69,116,117,32" hai2="14,15,94,104,102,63,108,49,71,5,109,77,65" hai3="80,130,43,97,41,129,22,106,55,51,18,27,0"/><W10/><G106/><T119/><D39/><U48/><E69/><V125/><F104/><W115/><G115/><T113/><D113/><U124/><E32/><V37/><F37/><W24/><G97/><N who="0" m="59823" /><D87/><U126/><E8/><V91/><F125/><N who="1" m="48233" /><E110/><N who="2" m="42603" /><F77/><W68/><G68/><T6/><D17/><U84/><E57/><V20/><F102/><W86/><G27/><T64/><D64/><U114/><E114/><V101/><F101/><W89/><G10/><N who="0" m="2383" /><D7/><U58/><E131/><N who="3" m="50186" /><G0/><T122/><AGARI ba="0,0" hai="118,119,120,122,123,132,133,135" m="2383,59823" machi="122" ten="40,1500,0" yaku="20,1" doraHai="82" who="0" fromWho="0" sc="313,15,285,-4,220,-4,182,-7" owari="328,42.8,281,8.1,216,-18.4,175,-32.5" /></mjloggm>