<mjloggm ver="2.3"><GO type="225" lobby="0"/><UN n0="%E7%BD%AA%E5%88%91%E6%B3%95%E5%AE%9A%E4%B8%BB%E7%BE%A9" n1="%E5%84%AA%40%41%42%43" n2="%6D%75%75%6D%75%72%61" n3="%E9%B3%B3%E6%9D%B1%E3%81%AE%E3%81%86%E3%81%95%E3%81%8E%E3%81%95%E3%82%93" dan="16,17,16,16" rate="2154.61,2219.54,2084.99,2220.30" sx="M,M,F,M"/><TAIKYOKU oya="0"/><INIT seed="0,0,0,2,1,61" ten="250,250,250,250" oya="0" hai0="24,96,83,38,39,41,104,45,17,114,108,124,67" hai1="26,115,73,78,64,68,5,81,53,18,46,25,23" hai2="110,85,40,129,103,42,13,44,19,54,116,34,77" hai3="52,101,131,99,100,9,62,132,35,8,66,91,20"/><T3/><D114/><U120/><E120/><V37/><F110/><W22/><G131/><T72/><D108/><U121/><E121/><V55/><F129/><W80/><G132/><T107/><D3/><U36/><E115/><V4/><F34/><W111/><G35/><T49/><D124/><U125/><E125/><V1/><F116/><W59/><G111/><T21/><D67/><U48/><E5/><V106/><F40/><W119/><G119/><T7/><D7/><U0/><E0/><V32/><F32/><W105/><G101/><T98/><D98/><U89/><E36/><V130/><F130/><W15/><G66/><T109/><D109/><U11/><E11/><V92/><F106/><W27/><G15/><T58/><D96/><U76/><E76/><V57/><F103/><W31/><REACH who="3" step="1"/><G22/><REACH who="3" ten="250,250,250,240" step="2"/><T12/><D12/><U14/><E64/><V71/><F1/><W94/><G94/><T33/><D33/><U6/><E68/><V50/><F71/><W123/><G123/><T97/><D107/><U128/><E128/><V88/><F4/><W2/><G2/><T134/><D134/><U87/><E6/><V75/><F55/><W16/><G16/><T65/><D65/><U69/><E69/><V28/><F28/><W51/><G51/><T126/><D126/><U113/><E113/><V70/><F70/><W30/><G30/><T122/><D122/><U79/><E73/><V56/><F75/><W82/><G82/><T10/><D83/><U86/><E87/><AGARI ba="0,1" hai="8,9,20,27,31,52,59,62,80,87,91,99,100,105" machi="87" ten="40,5200,0" yaku="1,1,54,1,53,1" doraHai="61" doraHaiUra="84" who="3" fromWho="1" sc="250,0,250,-52,250,0,240,62" /><INIT seed="1,0,0,4,3,95" ten="250,198,250,302" oya="1" hai0="80,85,90,132,24,63,73,110,35,53,14,17,0" hai1="12,86,22,8,19,23,114,38,102,33,1,10,109" hai2="47,45,115,71,18,29,58,21,120,54,113,60,46" hai3="99,30,15,69,39,61,52,107,103,91,133,84,119"/><U135/><E38/><V37/><F29/><W62/><G39/><T126/><D110/><U134/><E102/><V106/><F106/><W20/><G119/><T74/><D126/><U56/><E56/><V89/><F89/><W78/><G133/><N who="1" m="50698" /><E86/><V83/><F83/><W101/><G101/><T77/><D132/><U36/><E36/><V3/><F3/><W117/><G117/><T16/><D0/><U49/><E49/><N who="2" m="31055" /><F18/><W51/><G78/><T129/><D129/><U57/><E57/><V43/><F21/><N who="1" m="7689" /><E114/><N who="2" m="43531" /><F120/><W125/><G107/><T100/><D100/><U111/><E33/><V67/><AGARI ba="0,0" hai="37,43,45,46,47,60,67,71" m="43531,31055" machi="67" ten="30,7900,0" yaku="24,1,11,1,34,2" doraHai="95" who="2" fromWho="2" sc="250,-20,198,-39,250,79,302,-20" /><INIT seed="2,0,0,5,1,119" ten="230,159,329,282" oya="2" hai0="97,8,98,103,16,59,129,9,57,93,127,45,118" hai1="24,74,109,83,126,99,26,58,70,4,30,116,94" hai2="96,75,34,80,91,73,114,89,46,110,66,11,44" hai3="82,56,130,101,31,120,100,69,53,105,33,40,50"/><V7/><F114/><W117/><G117/><T22/><D118/><U88/><E116/><V133/><F34/><W108/><G69/><T60/><D127/><U68/><E126/><V95/><F133/><W43/><G120/><T111/><D111/><U132/><E109/><V42/><F110/><W51/><G108/><T20/><D129/><U32/><E132/><V5/><F66/><W63/><G130/><T38/><D22/><U0/><E0/><V76/><F44/><W54/><G33/><T39/><D59/><U106/><E4/><V112/><F7/><W113/><G113/><T115/><D115/><U85/><E26/><V125/><F112/><W12/><G31/><T104/><D45/><U92/><E106/><V41/><F41/><W77/><G12/><T37/><D98/><U124/><E124/><V36/><F125/><W55/><G40/><T27/><REACH who="0" step="1"/><D104/><REACH who="0" ten="220,159,329,282" step="2"/><U84/><E58/><V3/><REACH who="2" step="1"/><F73/><REACH who="2" ten="220,159,319,282" step="2"/><W61/><G56/><T86/><D86/><U29/><E74/><V131/><F131/><W10/><G105/><T35/><D35/><U67/><E67/><AGARI ba="0,2" hai="8,9,16,20,27,37,38,39,57,60,67,93,97,103" machi="67" ten="40,2600,0" yaku="1,1,54,1,53,0" doraHai="119" doraHaiUra="2" who="0" fromWho="1" sc="220,46,159,-26,319,0,282,0" /><INIT seed="3,0,0,1,2,57" ten="266,133,319,282" oya="3" hai0="28,76,128,99,8,40,33,55,81,25,118,84,62" hai1="106,135,117,13,110,83,66,123,82,12,59,121,37" hai2="71,15,102,27,2,34,74,114,73,21,60,97,53" hai3="11,88,0,132,120,44,20,68,89,43,64,79,112"/><W116/><G112/><T17/><D118/><U30/><E106/><N who="2" m="63823" /><F2/><W22/><G116/><T26/><D40/><U125/><E117/><V50/><F15/><N who="1" m="5705" /><E37/><V36/><F21/><W54/><G120/><N who="1" m="46154" /><E59/><N who="2" m="33207" /><F36/><W42/><G132/><T96/><D128/><U61/><E30/><N who="2" m="19807" /><F114/><W90/><G79/><T58/><REACH who="0" step="1"/><D8/><REACH who="0" ten="256,133,319,282" step="2"/><U119/><E119/><V10/><F10/><W101/><G42/><T18/><D18/><U52/><E135/><V69/><F69/><W35/><G43/><T14/><D14/><U5/><E5/><V51/><F51/><W78/><G0/><T47/><D47/><U45/><E45/><V103/><F103/><W111/><G11/><T109/><D109/><U133/><E133/><V115/><F115/><W16/><G111/><T65/><D65/><AGARI ba="0,1" hai="60,65,71,73,74" m="19807,33207,63823" machi="65" ten="30,2000,0" yaku="25,1,52,1" doraHai="57" who="2" fromWho="0" sc="256,-20,133,0,319,30,282,0" owari="236,-16.4,133,-36.7,349,44.9,282,8.2" /></mjloggm>