<mjloggm ver="2.3"><GO type="225" lobby="0"/><UN n0="%E3%81%BF%E3%81%BF%E3%81%9A" n1="%E5%B8%86%E7%AB%8B%E5%A4%8F%E8%A1%A3" n2="%E3%81%95%E3%81%8D%E3%81%9F%E3%81%BE%E6%9E%97%E6%AA%8E" n3="%6B%79%6F%6E%6B%6F%31%31" dan="18,16,16,17" rate="2264.84,2172.15,2075.09,2161.96" sx="M,M,M,M"/><TAIKYOKU oya="0"/><INIT seed="0,0,0,3,0,30" ten="250,250,250,250" oya="0" hai0="85,27,5,62,19,32,64,18,65,114,92,43,108" hai1="1,74,94,73,59,101,97,56,17,66,127,95,60" hai2="50,3,79,110,20,15,84,88,135,86,89,112,8" hai3="78,0,87,44,9,107,126,91,122,72,103,80,7"/><T37/><D114/><U21/><E127/><V63/><F112/><W69/><G126/><T111/><D5/><U131/><E1/><V24/><F3/><W39/><G122/><T116/><D116/><U46/><E131/><V12/><F110/><N who="0" m="42026" /><D37/><U33/><E33/><V4/><F135/><W6/><G6/><T115/><D43/><U119/><E119/><V16/><F63/><W52/><G69/><N who="0" m="42135" /><D65/><U123/><E59/><V96/><F96/><W100/><G107/><T57/><D57/><U35/><E35/><V67/><F67/><W25/><G25/><T58/><D58/><U128/><E128/><V34/><F50/><W75/><G75/><T83/><D92/><U23/><E94/><N who="2" m="54535" /><F34/><W49/><REACH who="3" step="1"/><G39/><REACH who="3" ten="250,250,250,240" step="2"/><T68/><D68/><U102/><E123/><V82/><F24/><W98/><G98/><T38/><D38/><U42/><E97/><V70/><F70/><W13/><G13/><T26/><D115/><U129/><E129/><V133/><F133/><W130/><G130/><T118/><D118/><U99/><E102/><V120/><F120/><W90/><G90/><AGARI ba="0,1" hai="4,8,12,15,16,20,79,82,86,89,90" m="54535" machi="90" ten="30,3900,0" yaku="8,1,54,2" doraHai="30" who="2" fromWho="3" sc="250,0,250,0,250,49,240,-39" /><INIT seed="1,0,0,2,3,87" ten="250,250,299,201" oya="1" hai0="1,44,39,9,113,120,108,35,114,132,61,110,36" hai1="38,128,90,96,105,85,30,126,86,55,98,115,69" hai2="13,26,50,79,63,17,119,7,54,48,97,135,122" hai3="76,5,67,28,59,127,24,51,37,34,27,33,72"/><U29/><E69/><V49/><F119/><W103/><G127/><T60/><D35/><U25/><E115/><N who="0" m="44041" /><D9/><U80/><E128/><V101/><F122/><W109/><G37/><N who="0" m="14411" /><D1/><U104/><E126/><V106/><F135/><W81/><G109/><N who="0" m="42091" /><D132/><U62/><E38/><V111/><F111/><W82/><G103/><T94/><D120/><U4/><E4/><V121/><F121/><W123/><G123/><T125/><D125/><U88/><E25/><V58/><F7/><W64/><G5/><T124/><D124/><U134/><E134/><V11/><F26/><W14/><G14/><T18/><D18/><U23/><E23/><V95/><F106/><W65/><G82/><T2/><D2/><U16/><E16/><N who="2" m="8255" /><F79/><W73/><G73/><T91/><D44/><U83/><E105/><V10/><F10/><W15/><G15/><T20/><D20/><U41/><E104/><V12/><F12/><W74/><G74/><T93/><D93/><U102/><E102/><V77/><F77/><W78/><G78/><T66/><D66/><U117/><E117/><V6/><F6/><W40/><G27/><T19/><D19/><AGARI ba="0,0" hai="17,19,48,49,50,54,58,63,95,97,101" m="8255" machi="19" ten="30,2000,0" yaku="8,1,54,1" doraHai="87" who="2" fromWho="0" sc="250,-20,250,0,299,20,201,0" /><INIT seed="2,0,0,3,3,21" ten="230,250,319,201" oya="2" hai0="119,58,24,5,11,42,31,10,81,105,85,37,98" hai1="88,1,40,133,30,27,93,74,83,86,35,46,47" hai2="22,92,94,110,135,28,123,80,69,12,32,68,117" hai3="39,70,56,77,100,61,101,113,33,115,78,73,20"/><V18/><F117/><W122/><G33/><T48/><D119/><U67/><E133/><V124/><F123/><W112/><G122/><T44/><D105/><U36/><E1/><V79/><F135/><W116/><G116/><T87/><D98/><U6/><E6/><V62/><F124/><W121/><G121/><T55/><D81/><U76/><E47/><V38/><F38/><W75/><G70/><T97/><D97/><U128/><REACH who="1" step="1"/><E67/><REACH who="1" ten="230,240,319,201" step="2"/><V106/><F110/><W131/><G113/><T130/><D130/><AGARI ba="0,1" hai="27,30,35,36,40,46,74,76,83,86,88,93,128,130" machi="130" ten="40,12000,2" yaku="1,1,2,1,52,1,54,1,53,2" doraHai="21" doraHaiUra="126" who="1" fromWho="0" sc="230,-120,240,130,319,0,201,0" /><INIT seed="3,0,0,3,3,134" ten="110,370,319,201" oya="3" hai0="58,120,129,119,133,41,93,68,112,61,12,63,6" hai1="54,7,32,0,11,90,77,5,25,111,83,100,31" hai2="27,123,92,38,72,62,17,91,66,76,101,42,8" hai3="9,16,128,126,47,52,96,79,29,14,105,57,53"/><W3/><G128/><T135/><D119/><U30/><E111/><V94/><F123/><W86/><G3/><T89/><D120/><U103/><E7/><V67/><F72/><W95/><G105/><T50/><D129/><U13/><E0/><V55/><F76/><W44/><G126/><T130/><D130/><U51/><E90/><V4/><F38/><W102/><G29/><T117/><D117/><U43/><E43/><V114/><F42/><W18/><G53/><T39/><D112/><U122/><E31/><V82/><F82/><W19/><G86/><T36/><D6/><U59/><E122/><V127/><F114/><W69/><G69/><T75/><D12/><U60/><E51/><V85/><F55/><W106/><G106/><T10/><D10/><U40/><E40/><V20/><F62/><N who="3" m="36135" /><G79/><T113/><D75/><AGARI ba="0,0" hai="5,11,13,25,30,32,54,59,60,75,77,83,100,103" machi="75" ten="30,1000,0" yaku="7,1" doraHai="134" who="1" fromWho="0" sc="110,-10,370,10,319,0,201,0" owari="100,-40.0,380,48.0,319,11.9,201,-19.9" /></mjloggm>