<mjloggm ver="2.3"><GO type="225" lobby="0"/><UN n0="%E5%B5%90%E9%9B%B2%E3%81%AE%E3%82%AB%E3%83%A9%E3%82%B9" n1="%E6%B4%BE%E9%81%A3%E3%81%AE%E3%82%B8%E3%83%A3%E3%83%83%E3%82%AF" n2="%E4%BA%95%E5%B8%AF" n3="%E3%81%B5%E3%81%98%E3%81%8B%E3%81%A4" dan="16,17,16,16" rate="2068.09,2178.54,2040.44,2110.66" sx="F,M,M,M"/><TAIKYOKU oya="0"/><INIT seed="0,0,0,0,4,24" ten="250,250,250,250" oya="0" hai0="51,72,105,131,79,85,126,100,10,61,133,101,14" hai1="135,74,94,47,9,68,64,62,78,30,56,122,120" hai2="8,95,2,19,27,57,97,1,18,49,86,46,88" hai3="67,134,12,39,123,5,83,55,76,77,87,127,48"/><T52/><D133/><U54/><E135/><V37/><F37/><W121/><G134/><T108/><D72/><U119/><E119/><V34/><F57/><W116/><G116/><T80/><D131/><U92/><E9/><V59/><F59/><W125/><G39/><T13/><D126/><N who="3" m="48137" /><G67/><T114/><D114/><U20/><E47/><V91/><F1/><W58/><G76/><T84/><D105/><U32/><E20/><V132/><F132/><W0/><G0/><T29/><D108/><U128/><E128/><V115/><F115/><W36/><G36/><T90/><D61/><U109/><E109/><V81/><F8/><AGARI ba="0,0" hai="5,8,12,48,55,58,77,83,87,121,123" m="48137" machi="8" ten="30,1000,0" yaku="18,1" doraHai="24" who="3" fromWho="2" sc="250,0,250,0,250,-10,250,10" /><INIT seed="1,0,0,0,1,134" ten="250,250,240,260" oya="1" hai0="10,127,82,70,68,83,79,93,76,24,31,19,89" hai1="125,48,39,88,41,0,51,47,100,111,9,132,129" hai2="12,58,52,61,78,4,126,72,130,50,106,53,62" hai3="36,18,108,25,135,128,94,1,109,80,81,77,57"/><U59/><E100/><V26/><F130/><W67/><G135/><T119/><D119/><U92/><E132/><V73/><F126/><W110/><G36/><T23/><D127/><U7/><E125/><V6/><F106/><W75/><G1/><T131/><D131/><U117/><E117/><V33/><F33/><W116/><G128/><T91/><D70/><U103/><E103/><V90/><F26/><W2/><G2/><T60/><D68/><U102/><E102/><V113/><F113/><W56/><G116/><T43/><D43/><U32/><E32/><V98/><F12/><W13/><G25/><T29/><D60/><U84/><E129/><V45/><F62/><W54/><G94/><T35/><D10/><U86/><E111/><V5/><REACH who="2" step="1"/><F78/><REACH who="2" ten="250,250,230,260" step="2"/><W133/><G133/><T64/><D79/><U120/><E120/><V65/><F65/><W96/><G77/><T11/><D64/><U124/><E124/><V123/><F123/><W99/><G67/><T114/><D114/><U105/><E105/><V55/><F55/><W30/><G54/><T37/><D76/><U8/><E8/><V21/><F21/><N who="3" m="11471" /><G75/><T97/><D11/><U63/><E84/><V118/><F118/><W69/><G99/><T71/><D35/><U34/><E34/><V87/><F87/><W112/><G96/><T104/><D104/><U20/><E20/><V14/><F14/><W17/><G112/><T74/><D74/><U3/><E0/><V38/><F38/><W16/><G110/><T107/><D37/><U46/><E46/><V15/><F15/><W22/><G109/><RYUUKYOKU ba="0,1" sc="250,-15,250,15,230,15,260,-15" hai1="3,7,9,39,41,47,48,51,59,63,86,88,92" hai2="4,5,6,45,50,52,53,58,61,72,73,90,98" /><INIT seed="1,1,1,1,2,70" ten="235,265,245,245" oya="1" hai0="106,73,36,88,118,67,9,95,99,51,75,14,27" hai1="24,66,115,4,6,46,39,10,132,125,34,130,58" hai2="49,111,56,53,19,127,109,68,102,114,76,113,2" hai3="91,31,57,92,32,22,123,63,112,47,38,82,79"/><U55/><E115/><N who="2" m="44043" /><F127/><W11/><G112/><T59/><D118/><U12/><E125/><V64/><F2/><W133/><G32/><T13/><D106/><U45/><E132/><V90/><F102/><W28/><G123/><T100/><D36/><U116/><E116/><V83/><F90/><W104/><G104/><T52/><D73/><U17/><E130/><V81/><F19/><W71/><G71/><T25/><D75/><U40/><E66/><V120/><F120/><W48/><G38/><T98/><D67/><U96/><E45/><V1/><F1/><W110/><G11/><T8/><D99/><U41/><E41/><V35/><F35/><W84/><G22/><T26/><D100/><U93/><E24/><V5/><F5/><W122/><G122/><T61/><D61/><U119/><E34/><V33/><F33/><W78/><G78/><T54/><D54/><U7/><E119/><V42/><F42/><N who="3" m="24695" /><G110/><N who="2" m="41993" /><F76/><W3/><G3/><T62/><D62/><AGARI ba="1,1" hai="49,53,56,62,64,68,81,83" m="41993,44043" machi="62" ten="30,2000,0" yaku="11,1,14,1" doraHai="70" who="2" fromWho="0" sc="235,-23,265,0,245,33,245,0" /><INIT seed="2,0,0,2,0,71" ten="212,265,278,245" oya="2" hai0="117,49,72,37,6,4,56,78,126,106,52,97,66" hai1="29,122,51,75,74,98,132,27,84,58,73,109,1" hai2="2,129,124,47,133,14,115,48,42,123,76,70,22" hai3="55,18,46,96,15,111,82,41,81,38,108,69,118"/><V62/><F2/><W28/><G118/><T45/><D117/><U31/><E1/><V134/><F76/><W65/><G28/><T101/><D126/><U30/><E109/><N who="3" m="42058" /><G96/><T94/><D106/><U93/><E132/><N who="2" m="50795" /><F14/><W64/><G55/><T128/><D128/><U112/><E112/><V25/><F22/><N who="3" m="11615" /><G69/><T3/><D3/><U26/><E122/><V104/><F25/><W121/><G121/><T13/><D13/><U99/><E84/><V20/><F20/><W35/><G35/><T130/><D130/><U116/><E116/><V89/><F70/><W86/><G81/><T0/><D0/><U23/><E98/><V103/><F123/><W100/><G100/><T11/><D11/><U33/><E29/><V85/><F103/><W113/><G113/><T59/><D72/><U135/><E135/><V102/><F102/><W77/><AGARI ba="0,0" hai="38,41,46,64,65,77,82,86" m="11615,42058" machi="77" ten="30,2000,0" yaku="14,1,52,1" doraHai="71" who="3" fromWho="3" sc="212,-5,265,-5,278,-10,245,20" /><INIT seed="3,0,0,1,0,55" ten="207,260,268,265" oya="3" hai0="86,108,14,110,23,71,56,75,42,76,88,57,97" hai1="113,96,52,131,102,41,130,129,93,106,54,77,15" hai2="98,59,128,11,87,30,84,112,38,115,119,95,28" hai3="101,61,53,46,104,114,134,85,51,18,31,1,120"/><W20/><G120/><T17/><D71/><U48/><E113/><V65/><F119/><W100/><G114/><T12/><D42/><U26/><E77/><V99/><F38/><W127/><G1/><T117/><D117/><U105/><E26/><V66/><F128/><W121/><G121/><T123/><D123/><U122/><E122/><V4/><F95/><W126/><G104/><N who="1" m="40042" /><E15/><V82/><F11/><W94/><G134/><T39/><D39/><U116/><E116/><V3/><F4/><W80/><G31/><T74/><D97/><U33/><E33/><V32/><F32/><W2/><G2/><T36/><D36/><U70/><E70/><V10/><F10/><W8/><G8/><T40/><D40/><U107/><N who="1" m="40050" /><U50/><DORA hai="91" /><E50/><V37/><F3/><W72/><G72/><N who="0" m="27691" /><D12/><U78/><E78/><V132/><F37/><W21/><G61/><T25/><D76/><U103/><E103/><V135/><F82/><W81/><G81/><N who="0" m="49231" /><D14/><U34/><E34/><V90/><F90/><N who="3" m="53583" /><G80/><T92/><D92/><U89/><E89/><V9/><F9/><W73/><G73/><T124/><D124/><N who="3" m="47657" /><G21/><T7/><D7/><U0/><E0/><V24/><F115/><W47/><G47/><AGARI ba="0,0" hai="41,47,48,52,54,93,96,102,129,130,131" m="40050" machi="47" ten="50,6400,0" yaku="19,1,52,1,54,1" doraHai="55,91" who="1" fromWho="3" sc="207,0,260,64,268,0,265,-64" owari="207,-19.3,324,42.4,268,6.8,201,-29.9" /></mjloggm>