<mjloggm ver="2.3"><GO type="225" lobby="0"/><UN n0="%6D%75%75%6D%75%72%61" n1="%E3%81%9F%E3%81%93%E2%98%86%E7%84%BC%E3%81%8D" n2="%E3%81%AF%E3%82%88%E3%81%8A%E3%81%98%E3%81%95%E3%82%93" n3="%E3%81%95%E3%81%8D%E3%81%9F%E3%81%BE%E6%9E%97%E6%AA%8E" dan="16,16,16,16" rate="2161.76,2076.80,2089.63,2070.98" sx="F,M,M,M"/><TAIKYOKU oya="0"/><INIT seed="0,0,0,3,3,8" ten="250,250,250,250" oya="0" hai0="74,110,41,42,0,54,105,71,35,122,113,98,81" hai1="53,65,6,55,60,126,73,95,21,3,103,76,22" hai2="83,15,117,96,121,132,93,87,33,40,97,112,24" hai3="57,134,69,124,49,116,91,2,104,32,26,88,131"/><T5/><D113/><U109/><E126/><V127/><F112/><W130/><G116/><T62/><D122/><U94/><E109/><V27/><F121/><W85/><G124/><T70/><D35/><U1/><E6/><V107/><F127/><W23/><G32/><T86/><D74/><U38/><E60/><V36/><F117/><W100/><G69/><T56/><D71/><U115/><E76/><V20/><F132/><W78/><G2/><T128/><D128/><N who="3" m="49193" /><G134/><T135/><D135/><U43/><E103/><V10/><F107/><W63/><G49/><T111/><D70/><U39/><E73/><V58/><F36/><W48/><G48/><T79/><D0/><U64/><E43/><V34/><F40/><W9/><G9/><T118/><D5/><U123/><E115/><V102/><F58/><W114/><G114/><T50/><D118/><U92/><E92/><V7/><F96/><N who="3" m="61447" /><G85/><T14/><D98/><U52/><E55/><V17/><REACH who="2" step="1"/><F27/><REACH who="2" ten="250,250,240,250" step="2"/><W37/><G37/><T119/><D105/><U29/><E123/><V19/><F19/><N who="3" m="12671" /><G78/><AGARI ba="0,1" hai="7,10,15,17,20,24,33,34,78,83,87,93,97,102" machi="78" ten="30,3900,0" yaku="1,1,7,1,52,1,53,0" doraHai="8" doraHaiUra="133" who="2" fromWho="3" sc="250,0,250,0,240,49,250,-39" /><INIT seed="1,0,0,4,1,12" ten="250,250,289,211" oya="1" hai0="106,34,111,102,117,18,48,124,90,10,42,9,120" hai1="15,2,16,19,13,78,57,96,72,66,105,112,20" hai2="134,21,82,74,91,87,3,31,79,129,94,115,88" hai3="59,98,80,132,67,40,69,49,6,58,43,45,63"/><U60/><E2/><V35/><F3/><W130/><G6/><T70/><D117/><U110/><E112/><V5/><F35/><W39/><G98/><T81/><D70/><U92/><E105/><V119/><F119/><W50/><G80/><T83/><D34/><U51/><E110/><V118/><F118/><W54/><G130/><T33/><D33/><U85/><E72/><V53/><F5/><W128/><G128/><T30/><D30/><U93/><E51/><V101/><F129/><W23/><G23/><T32/><D32/><U62/><E62/><V41/><F41/><N who="3" m="22719" /><G132/><T104/><D42/><N who="3" m="15913" /><G50/><T86/><D48/><U52/><E66/><V97/><F134/><W133/><G133/><T75/><D111/><U89/><E78/><V103/><F115/><W47/><AGARI ba="0,0" hai="47,49,54,58,59,63,67,69" m="15913,22719" machi="47" ten="30,8000,1" yaku="35,5" doraHai="12" who="3" fromWho="3" sc="250,-20,250,-40,289,-20,211,80" /><INIT seed="2,0,0,4,5,104" ten="230,210,269,291" oya="2" hai0="10,22,50,1,8,83,88,45,9,90,61,57,3" hai1="68,54,53,21,105,42,131,116,84,55,16,28,112" hai2="126,103,33,43,94,29,119,108,11,27,0,118,14" hai3="70,31,102,66,63,114,115,109,58,20,65,107,99"/><V96/><F126/><W80/><G109/><T35/><D35/><U98/><E68/><V82/><F108/><W4/><G4/><T15/><D22/><U39/><E112/><N who="3" m="43050" /><G80/><T97/><D3/><U46/><E131/><V76/><F43/><W30/><G20/><T34/><D34/><U13/><E116/><V41/><F41/><W52/><G66/><T59/><D1/><U56/><E84/><V123/><F0/><W5/><G5/><T24/><D24/><U17/><E17/><V38/><F38/><W120/><G120/><T100/><D83/><U62/><REACH who="1" step="1"/><E28/><REACH who="1" ten="230,200,269,291" step="2"/><V26/><F123/><W129/><G129/><T134/><D134/><U111/><E111/><V121/><F121/><W74/><G74/><T47/><D10/><U60/><E60/><AGARI ba="0,1" hai="30,31,52,58,60,63,65,70,99,102,107" m="43050" machi="60" ten="30,2000,0" yaku="11,1,54,1" doraHai="104" who="3" fromWho="1" sc="230,0,200,-20,269,0,291,30" /><INIT seed="3,0,0,4,5,6" ten="230,180,269,321" oya="3" hai0="12,91,102,112,40,97,34,69,27,22,15,33,37" hai1="81,30,100,38,24,129,32,63,46,16,39,4,20" hai2="60,5,66,10,57,127,95,99,117,132,72,103,75" hai3="79,65,120,26,13,1,50,121,56,77,96,114,29"/><W128/><G128/><T122/><D122/><U126/><E129/><V124/><F117/><W3/><G114/><T35/><D69/><U44/><E126/><N who="2" m="48171" /><F132/><W87/><G96/><T119/><D119/><U82/><E100/><V115/><F115/><W28/><G28/><T92/><D112/><U25/><E63/><V113/><F113/><W62/><G79/><T61/><D61/><U76/><E81/><V23/><F23/><W47/><G13/><AGARI ba="0,0" hai="5,10,13,57,60,66,72,75,95,99,103" m="48171" machi="13" ten="30,2000,0" yaku="18,1,52,1" doraHai="6" who="2" fromWho="3" sc="230,0,180,0,269,20,321,-20" owari="230,-17.0,180,-32.0,289,8.9,301,40.1" /></mjloggm>