<mjloggm ver="2.3"><GO type="225" lobby="0"/><UN n0="%E3%81%BF%E3%81%BF%E3%81%9A" n1="%E9%B3%B3%E6%9D%B1%E3%81%AE%E3%81%BF%E3%81%91%E3%81%AB%E3%82%83%E3%82%93" n2="%4C%4F%4C%49%54%41" n3="%E7%AC%B9%E9%A4%85" dan="16,16,16,17" rate="2188.39,2027.06,2214.76,2216.06" sx="M,F,F,M"/><TAIKYOKU oya="0"/><INIT seed="0,0,0,5,3,124" ten="250,250,250,250" oya="0" hai0="26,102,1,25,43,40,69,95,93,129,39,30,44" hai1="41,23,128,47,14,36,119,52,115,20,71,56,4" hai2="37,53,10,68,62,78,67,45,131,91,101,123,74" hai3="50,35,5,11,88,76,16,104,126,24,100,7,105"/><T0/><D129/><U63/><E119/><V54/><F123/><W77/><G126/><T82/><D69/><U108/><E108/><V92/><F101/><W57/><G35/><T34/><D43/><U6/><E115/><V103/><F103/><W72/><G100/><T85/><D26/><U22/><E128/><V9/><F131/><W49/><G72/><T19/><D19/><U135/><E135/><V61/><F78/><W48/><G104/><T15/><D15/><U32/><E32/><V87/><F74/><W59/><G105/><T31/><D31/><U21/><REACH who="1" step="1"/><E71/><REACH who="1" ten="250,240,250,250" step="2"/><V113/><F113/><W89/><G77/><T84/><D95/><U27/><E27/><V112/><F92/><W121/><G76/><T107/><D107/><U97/><E97/><V99/><F99/><W110/><G110/><T80/><D102/><U8/><E8/><V55/><F9/><W17/><G121/><T96/><D93/><U116/><E116/><V127/><F112/><W134/><G134/><T118/><D96/><U125/><E125/><V73/><F127/><W122/><G122/><T130/><D118/><U83/><E83/><N who="0" m="31785" /><D130/><U70/><E70/><V58/><F10/><W66/><G11/><T75/><D75/><U86/><E86/><V46/><F73/><W29/><G24/><T3/><D85/><U42/><E42/><V38/><F87/><W18/><G89/><T81/><D84/><U117/><E117/><V28/><F91/><W13/><G88/><T90/><N who="0" m="31793" /><T109/><DORA hai="98" /><D90/><U12/><E12/><V2/><F68/><W64/><G13/><RYUUKYOKU ba="0,1" sc="250,15,240,15,250,-15,250,-15" hai0="0,1,3,25,30,34,39,40,44,109" hai1="4,6,14,20,21,22,23,36,41,47,52,56,63" /><INIT seed="0,1,1,5,1,88" ten="265,255,235,235" oya="0" hai0="117,118,41,125,36,19,93,135,43,109,40,98,28" hai1="112,107,50,82,6,115,57,1,80,35,68,55,101" hai2="31,103,73,71,63,96,66,77,132,61,21,38,128" hai3="104,84,122,46,105,110,9,129,131,89,23,114,64"/><T126/><D36/><U81/><E68/><V99/><F38/><W42/><G114/><N who="1" m="43562" /><E35/><V25/><F128/><N who="3" m="49227" /><G110/><T86/><D28/><U14/><E1/><V44/><F132/><W62/><G23/><T18/><D86/><U0/><E0/><V133/><F133/><W49/><G9/><T90/><D135/><U26/><E26/><V87/><F73/><W11/><G11/><T58/><D58/><U22/><E6/><V111/><F111/><W54/><G42/><T17/><REACH who="0" step="1"/><D109/><REACH who="0" ten="255,255,235,235" step="2"/><U108/><E108/><V15/><F87/><W70/><G122/><T34/><D34/><U134/><E134/><V78/><F71/><W83/><AGARI ba="1,2" hai="46,49,54,62,64,70,83,84,89,104,105" m="49227" machi="83" ten="30,1100,0" yaku="19,1" doraHai="88" who="3" fromWho="3" sc="255,-6,255,-4,235,-4,235,34" /><INIT seed="1,0,0,2,3,31" ten="249,251,231,269" oya="1" hai0="86,87,66,27,99,52,89,72,29,100,18,96,97" hai1="50,133,59,104,83,47,55,1,128,46,32,80,78" hai2="16,135,119,122,11,67,75,126,14,30,123,79,124" hai3="105,69,22,57,131,114,121,101,42,19,74,33,70"/><U76/><E32/><V115/><F67/><W130/><G114/><T45/><D72/><U7/><E104/><V49/><F119/><W36/><G74/><T120/><D120/><U53/><E133/><V23/><F49/><W102/><G121/><N who="2" m="46089" /><F79/><W125/><G125/><N who="2" m="48233" /><F75/><W39/><G57/><T54/><D66/><U103/><E128/><N who="3" m="49194" /><G33/><T106/><D87/><U109/><E103/><N who="3" m="39434" /><G105/><T91/><D91/><U110/><E7/><V81/><F81/><N who="1" m="31305" /><E1/><V112/><F135/><W15/><G42/><T93/><D18/><U95/><E95/><V35/><F35/><W3/><G3/><T10/><D10/><U71/><E71/><AGARI ba="0,0" hai="15,19,22,36,39,69,70,71" m="39434,49194" machi="71" ten="30,1000,0" yaku="19,1" doraHai="31" who="3" fromWho="1" sc="249,0,251,-10,231,0,269,10" /><INIT seed="2,0,0,5,0,19" ten="249,241,231,279" oya="2" hai0="78,71,128,65,95,119,124,70,32,16,28,115,99" hai1="96,83,135,76,0,37,123,110,97,1,88,120,13" hai2="113,121,129,82,38,85,111,90,12,109,43,53,9" hai3="81,58,24,79,107,106,56,105,22,30,50,64,94"/><V67/><F113/><W92/><G58/><T26/><D115/><U89/><E37/><V102/><F121/><N who="1" m="46665" /><E110/><N who="2" m="41995" /><F67/><W118/><G118/><T60/><D124/><U80/><E135/><V25/><F129/><W40/><G64/><T69/><D128/><U77/><E13/><V36/><F102/><W117/><G117/><T35/><D78/><N who="1" m="30315" /><E0/><V134/><F134/><W72/><REACH who="3" step="1"/><G40/><REACH who="3" ten="249,241,231,269" step="2"/><T29/><D119/><U6/><E1/><V114/><F114/><W108/><G108/><T20/><D71/><U57/><E57/><V17/><F43/><W51/><G51/><T18/><D70/><U133/><E133/><V84/><F53/><AGARI ba="0,1" hai="22,24,30,50,53,56,72,79,81,92,94,105,106,107" machi="53" ten="40,5200,0" yaku="1,1,52,1,53,1" doraHai="19" doraHaiUra="23" who="3" fromWho="2" sc="249,0,241,0,231,-52,269,62" /><INIT seed="3,0,0,5,4,53" ten="249,241,179,331" oya="3" hai0="13,82,40,109,128,126,11,78,21,73,115,46,88" hai1="80,48,83,14,129,15,28,65,47,76,61,107,10" hai2="104,16,110,113,89,106,50,22,52,75,32,91,98" hai3="8,125,90,54,23,71,133,81,93,79,74,108,9"/><W25/><G71/><T35/><D109/><U67/><E107/><V66/><F113/><W36/><G36/><T7/><D35/><U42/><E129/><V114/><F114/><W112/><G112/><T117/><D117/><U12/><E28/><V39/><F32/><W86/><G108/><T45/><D128/><U3/><E3/><V102/><F110/><W34/><G34/><T105/><D105/><U59/><E67/><V134/><F106/><W55/><G125/><T33/><D126/><U95/><E95/><V116/><F116/><W124/><G133/><T60/><D115/><U31/><E31/><V18/><F39/><W118/><G118/><T37/><D33/><U85/><REACH who="1" step="1"/><E83/><REACH who="1" ten="249,231,179,331" step="2"/><V92/><F134/><W58/><G124/><T69/><D69/><U131/><E131/><V49/><F66/><W94/><G94/><T68/><D68/><U41/><E41/><V64/><F64/><W100/><G55/><T99/><D40/><U17/><AGARI ba="0,1" hai="10,12,14,15,17,42,47,48,59,61,65,76,80,85" machi="17" ten="20,8000,1" yaku="1,1,0,1,7,1,8,1,52,1,53,0" doraHai="53" doraHaiUra="123" who="1" fromWho="1" sc="249,-20,231,90,179,-20,331,-40" owari="229,-17.1,321,42.1,159,-34.1,291,9.1" /></mjloggm>