<mjloggm ver="2.3"><GO type="225" lobby="0"/><UN n0="%E6%81%AC%E6%B7%A1%E5%AF%82%E5%AF%9E" n1="%53%63%61%6E%64%61%6C" n2="%E6%87%B6%E5%B0%8F%E7%90%B3%E2%98%86" n3="%E4%B8%89%E5%86%A0%E7%8E%8B%E3%83%BB%E5%B1%B1%E7%94%B0%E5%93%B2%E4%BA%BA" dan="16,16,16,16" rate="2117.62,2073.14,2136.88,2194.19" sx="M,M,M,M"/><TAIKYOKU oya="0"/><INIT seed="0,0,0,4,3,108" ten="250,250,250,250" oya="0" hai0="96,61,5,46,57,98,114,95,25,49,17,120,119" hai1="107,78,56,39,91,74,116,80,97,75,85,87,58" hai2="63,6,84,12,68,89,34,133,50,28,15,31,27" hai3="105,111,127,41,16,42,65,121,21,1,99,126,9"/><T113/><D120/><U10/><E116/><V123/><F123/><W92/><G105/><T7/><D119/><U82/><E39/><V40/><F133/><W79/><G79/><T0/><D98/><U3/><E3/><V62/><F31/><W70/><G111/><T64/><D0/><U102/><E10/><V117/><F117/><W14/><G121/><T103/><D7/><U100/><E56/><V109/><F109/><W69/><G1/><T11/><D5/><U106/><E58/><V134/><F134/><W44/><G21/><T20/><REACH who="0" step="1"/><D11/><REACH who="0" ten="240,250,250,250" step="2"/><U125/><E125/><V72/><F6/><W54/><G127/><T67/><D67/><U71/><E71/><V112/><F68/><W52/><G126/><T47/><D47/><U8/><E8/><V18/><F12/><W36/><G69/><T43/><AGARI ba="0,1" hai="17,20,25,43,46,49,57,61,64,95,96,103,113,114" machi="43" ten="20,18000,2" yaku="1,1,0,1,7,1,52,2,53,1" doraHai="108" doraHaiUra="88" who="0" fromWho="0" sc="240,190,250,-60,250,-60,250,-60" /><INIT seed="0,1,0,1,1,124" ten="430,190,190,190" oya="0" hai0="88,44,70,51,56,107,75,135,40,54,132,109,90" hai1="116,36,131,76,17,71,41,95,14,35,23,11,101" hai2="106,100,55,58,52,2,22,104,113,7,129,97,62" hai3="96,0,26,94,6,37,77,4,112,15,119,123,134"/><T72/><D107/><U103/><E116/><V91/><F113/><W5/><G112/><T105/><D70/><U29/><E71/><V19/><F106/><W24/><G0/><T9/><D105/><U47/><E131/><V27/><F129/><W59/><G119/><T128/><D9/><U133/><E133/><N who="0" m="51273" /><D128/><U92/><E35/><V102/><F55/><W108/><G134/><T28/><D28/><U65/><E65/><V1/><F102/><W42/><G108/><T39/><D109/><U82/><E103/><V34/><F34/><W20/><G123/><T3/><D3/><U89/><E101/><V43/><F7/><W121/><G77/><T8/><D8/><U118/><E89/><AGARI ba="1,0" hai="39,40,44,51,54,56,72,75,88,89,90" m="51273" machi="89" ten="30,2900,0" yaku="20,1,54,1" doraHai="124" who="0" fromWho="1" sc="430,32,190,-32,190,0,190,0" /><INIT seed="0,2,0,0,3,0" ten="462,158,190,190" oya="0" hai0="75,106,96,7,23,125,43,50,52,4,102,56,117" hai1="40,132,24,111,112,68,54,9,83,73,55,29,14" hai2="121,135,79,22,113,126,92,16,82,118,81,91,36" hai3="15,65,19,5,67,26,45,39,42,21,31,130,47"/><T30/><D75/><U105/><E112/><V134/><F113/><W48/><G130/><T127/><D117/><U1/><E111/><V34/><F34/><W25/><G25/><N who="0" m="16703" /><D43/><U51/><E132/><N who="2" m="50731" /><F121/><W87/><G87/><T101/><D101/><U93/><E105/><V66/><F126/><AGARI ba="2,0" hai="4,7,50,52,56,96,102,106,125,126,127" m="16703" machi="126" ten="30,11600,0" yaku="18,1,52,2,54,1" doraHai="0" who="0" fromWho="2" sc="462,122,158,0,190,-122,190,0" /><INIT seed="0,3,0,2,3,118" ten="584,158,68,190" oya="0" hai0="49,100,78,30,50,128,23,95,0,46,56,63,7" hai1="41,103,42,67,87,90,66,76,116,71,53,17,21" hai2="68,59,105,34,16,62,106,45,83,122,55,40,98" hai3="65,80,54,8,86,19,20,104,124,51,60,47,33"/><T120/><D120/><U133/><E116/><V22/><F34/><W131/><G124/><T97/><D128/><U79/><E133/><V70/><F122/><W88/><G131/><T4/><D78/><U72/><E103/><V125/><F125/><W37/><G104/><T29/><D0/><U31/><E31/><N who="0" m="11785" /><D23/><U5/><E5/><N who="0" m="2121" /><D46/><U35/><E35/><V36/><F83/><W113/><G33/><T111/><D111/><U6/><E6/><V123/><F123/><W12/><G113/><T39/><D39/><U48/><E72/><V2/><F2/><W61/><G37/><T44/><D44/><U99/><E71/><V27/><REACH who="2" step="1"/><F106/><REACH who="2" ten="584,158,58,190" step="2"/><W24/><REACH who="3" step="1"/><G65/><AGARI ba="3,1" hai="49,50,56,63,65,95,97,100" m="2121,11785" machi="65" ten="30,1500,0" yaku="8,1" doraHai="118" who="0" fromWho="3" sc="584,34,158,0,58,0,190,-24" /><INIT seed="0,4,0,1,0,45" ten="618,158,58,166" oya="0" hai0="98,4,80,70,38,78,133,121,17,41,94,15,8" hai1="63,77,65,36,76,115,92,95,11,7,88,84,43" hai2="132,53,49,48,69,118,23,96,35,110,104,50,16" hai3="99,122,73,135,126,52,131,107,134,18,97,1,26"/><T71/><D121/><U29/><E115/><V5/><F35/><W106/><G122/><T58/><D133/><N who="3" m="50697" /><G126/><T113/><D113/><U108/><E108/><V125/><F110/><W39/><G131/><T89/><D58/><U40/><E29/><V46/><F125/><W31/><G39/><T90/><D90/><U33/><E33/><V105/><F132/><W111/><G73/><T21/><D41/><U102/><E36/><V12/><F69/><W82/><G1/><T120/><D38/><U66/><E102/><V59/><F118/><W10/><G82/><T87/><REACH who="0" step="1"/><D120/><REACH who="0" ten="608,158,58,166" step="2"/><U114/><E43/><V60/><F5/><W55/><G111/><T128/><D128/><U34/><E40/><V103/><REACH who="2" step="1"/><F105/><REACH who="2" ten="608,158,48,166" step="2"/><W67/><G107/><T2/><AGARI ba="4,2" hai="2,4,8,15,17,21,70,71,78,80,87,89,94,98" machi="2" ten="20,3900,0" yaku="1,1,0,1,7,1,53,0" doraHai="45" doraHaiUra="56" who="0" fromWho="0" sc="608,71,158,-17,48,-17,166,-17" /><INIT seed="0,5,0,4,2,116" ten="679,141,31,149" oya="0" hai0="99,97,113,45,64,121,49,52,10,0,57,72,26" hai1="2,42,93,127,98,12,135,16,131,76,8,106,124" hai2="43,35,7,123,89,53,62,67,133,14,37,117,73" hai3="39,79,50,101,111,15,92,13,100,11,105,58,5"/><T17/><D72/><U74/><E131/><V48/><F35/><W46/><G105/><T90/><D113/><U132/><E106/><V68/><F73/><W120/><G39/><T126/><D126/><N who="1" m="48171" /><E2/><V19/><F7/><W91/><G120/><T114/><D114/><U40/><E76/><V25/><F25/><W66/><G79/><T33/><D121/><U108/><E74/><V3/><F3/><W4/><G111/><T6/><D90/><N who="1" m="55607" /><E108/><V94/><F117/><W122/><G122/><T18/><D18/><U109/><E109/><V71/><F71/><W56/><G13/><T77/><D77/><U82/><E82/><V130/><F123/><W80/><G80/><T128/><D128/><U102/><E102/><N who="3" m="39530" /><G66/><T63/><REACH who="0" step="1"/><D17/><REACH who="0" ten="669,141,31,149" step="2"/><U32/><E32/><V118/><F130/><W22/><G91/><T95/><D95/><U107/><E107/><V70/><F118/><W81/><G92/><T31/><AGARI ba="5,1" hai="0,6,10,26,31,33,45,49,52,57,63,64,97,99" machi="31" ten="30,6000,0" yaku="1,1,0,1,54,1,53,0" doraHai="116" doraHaiUra="83" who="0" fromWho="0" sc="669,85,141,-25,31,-25,149,-25" /><INIT seed="0,6,0,0,3,82" ten="754,116,6,124" oya="0" hai0="47,78,101,36,126,105,1,12,98,52,21,39,100" hai1="59,22,3,77,99,9,125,46,96,13,63,50,41" hai2="66,28,121,40,90,49,33,61,20,14,88,133,35" hai3="55,110,27,130,5,111,62,57,48,72,127,31,26"/><T97/><D1/><U58/><E125/><V109/><F121/><W113/><G72/><T91/><D126/><U89/><E77/><V128/><F33/><W87/><G113/><T93/><D78/><U75/><E75/><V17/><F35/><W60/><G130/><T74/><D74/><U34/><E34/><V6/><F128/><W42/><G5/><T38/><D100/><U112/><E112/><V81/><F109/><W107/><G107/><T124/><D124/><U11/><E22/><V10/><F28/><W73/><G42/><T29/><D29/><U45/><E89/><V56/><F133/><W80/><G73/><T24/><D24/><N who="3" m="9257" /><G31/><T53/><REACH who="0" step="1"/><D47/><REACH who="0" ten="744,116,6,124" step="2"/><U106/><E46/><N who="2" m="25799" /><F81/><W118/><G80/><T115/><D115/><U129/><E3/><V15/><AGARI ba="6,1" hai="6,10,14,15,17,20,56,61,66,88,90" m="25799" machi="15" ten="30,2000,0" yaku="8,1,54,1" doraHai="82" who="2" fromWho="2" sc="744,-16,116,-11,6,48,124,-11" /><INIT seed="1,0,0,0,1,54" ten="728,105,54,113" oya="1" hai0="48,53,125,77,55,56,115,103,23,17,14,134,74" hai1="45,31,120,27,107,61,41,33,12,50,85,98,121" hai2="70,60,83,73,72,133,1,52,8,28,81,40,80" hai3="34,102,9,64,10,43,90,58,59,30,94,44,11"/><U66/><E12/><V88/><F133/><W100/><G34/><T114/><D134/><U106/><E85/><V51/><F28/><W119/><G30/><T116/><D116/><U29/><E31/><V97/><F1/><W13/><G13/><T65/><D65/><U93/><E93/><N who="2" m="56487" /><F70/><W109/><G109/><T135/><D135/><U118/><E118/><V89/><F73/><W0/><G64/><T5/><D103/><N who="3" m="39465" /><G0/><T25/><D55/><U16/><E16/><V86/><F72/><W95/><G95/><T20/><D125/><U101/><REACH who="1" step="1"/><E107/><REACH who="1" ten="728,95,54,113" step="2"/><V3/><F3/><W110/><G119/><T122/><D14/><U32/><E32/><V62/><F8/><W84/><G9/><T127/><D17/><U129/><E129/><V96/><F96/><W7/><G10/><T69/><D20/><U18/><E18/><V111/><F111/><W68/><G110/><T99/><D23/><U124/><E124/><V46/><F60/><W2/><G2/><T117/><D99/><U39/><E39/><V92/><F92/><W26/><G94/><T108/><D127/><U105/><E105/><V132/><F132/><W76/><G11/><T24/><D117/><U35/><E35/><V104/><F104/><W47/><G84/><T113/><D25/><U63/><E63/><V49/><F62/><W123/><G26/><T57/><D24/><U42/><E42/><V15/><F15/><W112/><G43/><T71/><D74/><U91/><E91/><V22/><F22/><W130/><G90/><T75/><D75/><U6/><E6/><V87/><F89/><RYUUKYOKU ba="0,1" sc="728,-15,95,15,54,15,113,-15" hai1="27,29,33,41,45,50,61,66,98,101,106,120,121" hai2="40,46,49,51,52,80,81,83,86,87" /><INIT seed="1,1,1,5,2,111" ten="713,110,69,98" oya="1" hai0="100,134,108,24,98,97,101,64,47,4,128,32,117" hai1="104,40,13,131,14,118,31,127,124,7,85,91,54" hai2="57,116,41,33,74,94,70,50,83,121,90,126,22" hai3="1,105,109,81,10,67,38,28,79,66,135,17,68"/><U18/><E118/><V42/><F116/><W119/><G119/><T58/><D117/><RYUUKYOKU type="kaze4" ba="1,1" sc="713,0,110,0,69,0,98,0" /><INIT seed="1,2,1,4,2,0" ten="713,110,69,98" oya="1" hai0="133,14,70,21,8,68,109,29,67,83,71,120,61" hai1="43,63,33,113,41,123,23,7,53,16,47,40,84" hai2="124,51,114,9,92,17,91,87,73,44,102,2,57" hai3="3,104,22,106,111,116,69,108,125,119,110,45,49"/><U34/><E113/><V38/><F73/><W100/><G125/><T79/><D109/><U31/><E123/><V74/><F74/><W72/><G72/><T5/><D120/><U80/><E31/><V122/><F122/><W12/><G3/><T66/><D133/><U48/><E63/><V82/><F124/><W52/><G69/><T129/><D129/><U60/><E60/><V64/><F114/><W62/><G62/><T56/><D67/><U30/><E30/><V54/><F64/><W112/><G112/><T77/><REACH who="0" step="1"/><D83/><REACH who="0" ten="703,110,69,98" step="2"/><U19/><E80/><V90/><F82/><W4/><G110/><T86/><D86/><U13/><E84/><V35/><F87/><W97/><G111/><T42/><D42/><U95/><E41/><V118/><F118/><W15/><G108/><T85/><D85/><U65/><E40/><V117/><F117/><W50/><G119/><T32/><D32/><U121/><E43/><V126/><F35/><W36/><G116/><T134/><D134/><U20/><E65/><V11/><F126/><W81/><G81/><T128/><D128/><U37/><E121/><V105/><F38/><W98/><G36/><T28/><D28/><U89/><E37/><V115/><F115/><W93/><G52/><T96/><D96/><N who="1" m="57455" /><E33/><V26/><F54/><W18/><G98/><T127/><D127/><U1/><E34/><V58/><F90/><W131/><G131/><T75/><D75/><U88/><E88/><V59/><F91/><W94/><G97/><T24/><AGARI ba="2,2" hai="5,8,14,21,24,29,56,61,66,68,70,71,77,79" machi="24" ten="40,8000,1" yaku="1,1,0,1,52,1,53,1" doraHai="0" doraHaiUra="10" who="0" fromWho="0" sc="703,106,110,-42,69,-22,98,-22" /><INIT seed="2,0,0,4,4,10" ten="809,68,47,76" oya="2" hai0="13,47,96,70,89,33,124,20,46,99,11,54,24" hai1="0,61,133,84,18,79,44,125,117,19,36,83,39" hai2="116,86,110,71,2,37,75,6,121,112,63,35,90" hai3="131,69,130,123,101,56,82,51,74,17,105,108,113"/><V94/><RYUUKYOKU type="yao9" ba="0,0" sc="809,0,68,0,47,0,76,0" hai2="2,6,35,37,63,71,75,86,90,94,110,112,116,121" /><INIT seed="2,1,0,3,1,57" ten="809,68,47,76" oya="2" hai0="67,32,8,27,53,39,13,116,4,20,7,70,112" hai1="56,10,25,87,47,0,74,86,24,64,65,69,104" hai2="117,113,132,22,115,126,35,77,119,108,16,42,18" hai3="14,41,68,105,120,103,76,2,73,1,94,63,78"/><V33/><F42/><W83/><G120/><T52/><D112/><N who="2" m="43082" /><F77/><W96/><G41/><T45/><D32/><N who="2" m="12362" /><F132/><W118/><G118/><N who="2" m="45065" /><F126/><W12/><G78/><T58/><D116/><U17/><E74/><V19/><F108/><W135/><G135/><T5/><D70/><U131/><E69/><V60/><F60/><W6/><G63/><N who="0" m="38391" /><D39/><U37/><E37/><V110/><F110/><W49/><G76/><T43/><D43/><U9/><E56/><V3/><F3/><W40/><G1/><T34/><D34/><U72/><E0/><V36/><F36/><W55/><G40/><T48/><D53/><U80/><E72/><V128/><F128/><W21/><G68/><T95/><D95/><U123/><E131/><V89/><F89/><W71/><G71/><T90/><D90/><U130/><E130/><V26/><AGARI ba="1,0" hai="16,18,19,22,26" m="45065,12362,43082" machi="26" ten="40,7800,0" yaku="34,2,54,1" doraHai="57" who="2" fromWho="2" sc="809,-27,68,-27,47,81,76,-27" /><INIT seed="2,2,0,2,2,69" ten="782,41,128,49" oya="2" hai0="1,33,39,130,61,132,49,84,64,120,112,0,37" hai1="5,36,30,21,17,133,96,54,115,62,14,103,18" hai2="44,123,38,131,63,35,87,106,16,70,20,121,9" hai3="42,59,81,75,98,109,128,76,92,113,67,58,73"/><V45/><F35/><W28/><G109/><T118/><D120/><U72/><E115/><V117/><F117/><W88/><G113/><T12/><D112/><U6/><E133/><V48/><F106/><W57/><G128/><T104/><D104/><U32/><E72/><V107/><F107/><W116/><G116/><T41/><D33/><U31/><E32/><V43/><F131/><W105/><G28/><T85/><D12/><U126/><E126/><V68/><F9/><W56/><G105/><T102/><D102/><U19/><E36/><V114/><F114/><W82/><G42/><T134/><D130/><U86/><E86/><N who="0" m="33385" /><D49/><U10/><E5/><V60/><F87/><W11/><G11/><T40/><D61/><N who="2" m="23626" /><F16/><W119/><G119/><T108/><D64/><U83/><E83/><V122/><F20/><W124/><G124/><T53/><D53/><AGARI ba="2,0" hai="38,43,44,45,48,53,68,70,121,122,123" m="23626" machi="53" ten="30,5800,0" yaku="34,2,52,1" doraHai="69" who="2" fromWho="0" sc="782,-64,41,0,128,64,49,0" /><INIT seed="2,3,0,2,1,110" ten="718,41,192,49" oya="2" hai0="98,103,32,62,15,124,126,96,88,128,4,10,29" hai1="28,50,41,90,132,106,24,56,2,89,118,49,22" hai2="54,68,116,111,130,58,135,108,31,40,84,46,104" hai3="44,97,77,66,38,80,78,14,8,134,114,17,65"/><V67/><F104/><W52/><G134/><T64/><D128/><U117/><E132/><V7/><F7/><W75/><G114/><T92/><D32/><U125/><E125/><N who="0" m="48233" /><D29/><U57/><E106/><V133/><F84/><W71/><G71/><N who="0" m="42391" /><D98/><U23/><E2/><V30/><F31/><W129/><G129/><T105/><D105/><U86/><E41/><V74/><F74/><W115/><G115/><T83/><D83/><U101/><E101/><AGARI ba="3,0" hai="4,10,15,88,92,96,101,103" m="42391,48233" machi="101" ten="30,2000,0" yaku="18,1,54,1" doraHai="110" who="0" fromWho="1" sc="718,29,41,-29,192,0,49,0" /><INIT seed="3,0,0,2,5,89" ten="747,12,192,49" oya="3" hai0="23,106,56,64,15,9,132,126,131,62,129,17,11" hai1="116,60,79,82,124,40,83,90,50,123,41,25,28" hai2="66,54,91,48,111,18,5,98,46,130,70,76,88" hai3="117,47,58,127,81,80,13,125,73,3,12,118,87"/><W35/><G3/><T39/><D106/><U72/><E123/><V2/><F111/><W45/><G35/><T78/><D39/><U92/><E124/><N who="3" m="47690" /><G58/><T38/><D38/><U105/><E116/><N who="3" m="44650" /><G73/><T1/><D126/><U120/><E105/><V19/><F2/><W67/><G67/><T112/><D112/><U36/><E120/><V134/><F66/><W32/><G32/><T57/><D132/><U22/><E36/><V128/><F134/><W52/><G80/><T121/><D121/><U0/><E0/><V51/><F70/><W4/><G4/><N who="0" m="1167" /><D78/><U100/><E60/><V43/><F76/><N who="3" m="46503" /><G52/><T107/><D56/><U75/><E100/><V55/><F5/><W33/><G33/><T6/><D6/><U86/><REACH who="1" step="1"/><E50/><REACH who="1" ten="747,2,192,49" step="2"/><V7/><F51/><W69/><G69/><T84/><D57/><U16/><E16/><N who="2" m="6187" /><F7/><W97/><G97/><T27/><D23/><U14/><E14/><AGARI ba="0,1" hai="12,13,14,45,47" m="46503,44650,47690" machi="14" ten="30,1500,0" yaku="18,1" doraHai="89" who="3" fromWho="1" sc="747,0,2,-15,192,0,49,25" owari="747,84.7,-13,-51.3,192,-0.8,74,-32.6" /></mjloggm>