<mjloggm ver="2.3"><GO type="225" lobby="0"/><UN n0="%E9%87%8E%E3%80%85%E5%AE%AE%E8%97%8D" n1="%77%72%77%72%77%72%77%72" n2="%E3%83%8F%E3%83%B3%E3%83%89%E3%83%A9%E3%83%BC%E3%83%BB%E3%83%AF%E3%83%B3" n3="%E3%81%B5%E3%81%98%E3%81%8B%E3%81%A4" dan="17,17,16,16" rate="2172.62,2238.22,2107.32,2209.46" sx="F,M,M,M"/><TAIKYOKU oya="0"/><INIT seed="0,0,0,0,2,122" ten="250,250,250,250" oya="0" hai0="3,118,95,13,62,127,112,10,108,21,129,128,70" hai1="66,107,97,36,49,0,35,74,99,132,39,44,43" hai2="59,53,105,54,45,94,19,98,126,18,79,42,124" hai3="102,2,22,63,51,73,58,130,82,101,46,29,72"/><T81/><D112/><U16/><E35/><V78/><F105/><W93/><G130/><N who="0" m="50283" /><D118/><U47/><E74/><V41/><F59/><W9/><G102/><T88/><D81/><U33/><E33/><V61/><F61/><W86/><G2/><T27/><D3/><U84/><E0/><V109/><F94/><W120/><G9/><T25/><D127/><U133/><E66/><V55/><F98/><W104/><G104/><T37/><D37/><U119/><E119/><V56/><F56/><W125/><G125/><N who="2" m="48233" /><F45/><W31/><G22/><T85/><D21/><U57/><E57/><V4/><F4/><W106/><G106/><T80/><D95/><U115/><E115/><V38/><F38/><W48/><G72/><T103/><D103/><U131/><E39/><V65/><F65/><N who="3" m="39159" /><G73/><T67/><D108/><U89/><E131/><V40/><F109/><W52/><G51/><T7/><AGARI ba="0,0" hai="7,10,13,25,27,62,67,70,80,85,88" m="50283" machi="7" ten="30,3000,0" yaku="19,1,54,1" doraHai="122" who="0" fromWho="0" sc="250,30,250,-10,250,-10,250,-10" /><INIT seed="0,1,0,0,5,12" ten="280,240,240,240" oya="0" hai0="49,86,9,57,52,96,29,93,116,53,45,22,51" hai1="31,47,72,65,128,0,130,119,41,88,10,25,129" hai2="89,61,64,16,48,103,133,1,124,75,99,79,3" hai3="113,42,35,118,34,120,21,107,68,121,102,30,115"/><T13/><D116/><U81/><E119/><V110/><F110/><W104/><G68/><T101/><D86/><N who="1" m="50255" /><E72/><V32/><F32/><N who="3" m="12331" /><G42/><T50/><D29/><U33/><E65/><V66/><F89/><W14/><G118/><T126/><D126/><U8/><E0/><V83/><F124/><W73/><G102/><T27/><D27/><U60/><E60/><V70/><F133/><W95/><G95/><T62/><REACH who="0" step="1"/><D22/><REACH who="0" ten="270,240,240,240" step="2"/><U74/><E74/><V43/><F75/><W7/><G73/><T20/><D20/><U67/><E67/><V58/><F66/><W28/><G115/><T69/><D69/><U84/><E84/><V109/><F70/><W127/><G127/><T92/><D92/><U76/><E76/><V117/><F79/><W91/><G113/><T111/><D111/><U112/><E112/><V24/><F109/><W17/><G107/><T44/><D44/><U23/><E33/><V97/><F117/><W19/><G104/><T134/><D134/><U63/><E23/><V108/><F108/><W40/><G30/><T80/><D80/><U122/><E25/><V77/><F83/><W26/><G120/><T36/><D36/><N who="1" m="21927" /><E31/><V46/><F77/><W85/><G121/><T100/><D100/><U135/><E122/><V90/><F103/><W87/><G91/><T56/><D56/><U11/><E135/><V82/><F82/><W5/><G28/><T114/><D114/><U18/><E128/><V94/><F99/><W15/><G26/><T37/><D37/><U125/><E125/><V98/><F97/><W38/><G38/><T39/><D39/><RYUUKYOKU ba="1,1" sc="270,15,240,-15,240,15,240,-15" hai0="9,13,45,49,50,51,52,53,57,62,93,96,101" hai2="1,3,16,24,43,46,48,58,61,64,90,94,98" /><INIT seed="0,2,1,5,1,29" ten="285,225,255,225" oya="0" hai0="30,32,79,12,28,5,100,40,56,2,94,105,91" hai1="117,48,10,1,19,8,75,82,21,93,20,86,78" hai2="70,89,25,135,61,3,62,83,113,76,111,71,51" hai3="37,81,13,103,90,35,95,4,101,36,124,45,74"/><T122/><D122/><U64/><E117/><V23/><F113/><W49/><G124/><T63/><D2/><U102/><E1/><V112/><F112/><W128/><G128/><T66/><D79/><U120/><E120/><V43/><F3/><W60/><G60/><T53/><D40/><U118/><E118/><V129/><F89/><W68/><G68/><T85/><D32/><U52/><E64/><V73/><F129/><W127/><G35/><T115/><D115/><U57/><E20/><V107/><F107/><W84/><G127/><T14/><D105/><U123/><E123/><V126/><F126/><W134/><G134/><T65/><D100/><U125/><E125/><V50/><F135/><W38/><G74/><T54/><D66/><U47/><E47/><V108/><F62/><W77/><G13/><N who="0" m="5227" /><D5/><U69/><E69/><N who="2" m="26123" /><F61/><W96/><REACH who="3" step="1"/><G4/><REACH who="3" ten="285,225,255,215" step="2"/><T133/><D133/><U7/><E7/><V46/><F111/><W42/><AGARI ba="2,2" hai="36,37,38,42,45,49,77,81,84,90,95,96,101,103" machi="42" ten="30,7900,0" yaku="1,1,2,1,0,1,53,1" doraHai="29" doraHaiUra="41" who="3" fromWho="3" sc="285,-41,225,-22,255,-22,215,105" /><INIT seed="1,0,0,4,4,24" ten="244,203,233,320" oya="1" hai0="77,78,119,19,64,63,6,13,132,31,39,34,11" hai1="73,102,129,85,23,84,86,32,92,62,117,80,122" hai2="9,20,98,0,94,79,8,2,29,131,5,116,108" hai3="33,36,56,14,135,123,101,47,83,81,16,88,97"/><U99/><E32/><V60/><F116/><W46/><G33/><T133/><D119/><U55/><E117/><V7/><F108/><W107/><G123/><T1/><D39/><U126/><E122/><V53/><F131/><W28/><G28/><T112/><D112/><U26/><E129/><V18/><F79/><W4/><G4/><T89/><D89/><U111/><E126/><V49/><F60/><W43/><G135/><N who="0" m="51787" /><D31/><N who="1" m="17887" /><E73/><V71/><F71/><W113/><G113/><T48/><D48/><U52/><E111/><V114/><F114/><W109/><G109/><T41/><D41/><U15/><E15/><V105/><F105/><W27/><G27/><T106/><D106/><U104/><E104/><V38/><F38/><W121/><G121/><T44/><D44/><U21/><E21/><V110/><F110/><W127/><G127/><T66/><D34/><U51/><E62/><V76/><F76/><N who="0" m="29290" /><D63/><U37/><E37/><V54/><F49/><W17/><G47/><T120/><D120/><U10/><E10/><AGARI ba="0,0" hai="1,6,10,11,13,19,64,66" m="29290,51787" machi="10" ten="30,1000,0" yaku="20,1" doraHai="24" who="0" fromWho="1" sc="244,10,203,-10,233,0,320,0" /><INIT seed="2,0,0,5,4,109" ten="254,193,233,320" oya="2" hai0="12,3,16,122,126,20,59,134,57,71,97,135,82" hai1="50,10,80,52,68,49,47,6,51,81,121,14,118" hai2="37,108,75,76,22,56,120,67,89,5,39,90,15" hai3="32,133,48,64,85,23,79,21,72,83,8,45,113"/><V119/><F119/><W128/><G32/><T29/><D122/><U107/><E118/><V26/><F120/><W73/><G133/><N who="0" m="50699" /><D71/><U87/><E121/><V31/><F108/><W91/><G8/><T0/><D126/><U9/><E107/><V88/><F76/><W74/><G64/><T104/><D82/><U127/><E68/><V116/><F75/><W98/><G128/><T84/><D84/><U19/><E127/><V77/><F77/><W2/><G2/><N who="0" m="555" /><D29/><U130/><E130/><V112/><F116/><W63/><G63/><T78/><D78/><U131/><E131/><V7/><F112/><W41/><G113/><T115/><D115/><U103/><E103/><AGARI ba="0,0" hai="12,16,20,57,59,97,103,104" m="555,50699" machi="103" ten="30,2000,0" yaku="20,1,54,1" doraHai="109" who="0" fromWho="1" sc="254,20,193,-20,233,0,320,0" /><INIT seed="3,0,0,2,0,120" ten="274,173,233,320" oya="3" hai0="20,11,47,60,31,85,55,123,44,80,28,134,116" hai1="22,10,72,104,8,90,109,5,69,108,68,53,77" hai2="117,3,61,0,14,101,9,21,13,58,12,113,35" hai3="91,50,39,42,129,114,24,99,1,131,105,89,34"/><W23/><G114/><T94/><D116/><U62/><E104/><V71/><F113/><W76/><G76/><T74/><D74/><U52/><E22/><V16/><F117/><W4/><G34/><T29/><D123/><U92/><E77/><V106/><F35/><W19/><G39/><T41/><D134/><U75/><E62/><V67/><F71/><W98/><G4/><T43/><D94/><U96/><E69/><V33/><F33/><W102/><G98/><T25/><D11/><U30/><E30/><N who="0" m="11881" /><D60/><U115/><E68/><V73/><F73/><W7/><G7/><T88/><D55/><N who="1" m="21067" /><E10/><V56/><F56/><W110/><G1/><T124/><D124/><U45/><E45/><AGARI ba="0,0" hai="20,25,31,41,43,44,45,47,80,85,88" m="11881" machi="45" ten="30,2000,0" yaku="8,1,54,1" doraHai="120" who="0" fromWho="1" sc="274,20,173,-20,233,0,320,0" owari="294,9.4,153,-34.7,233,-16.7,320,42.0" /></mjloggm>