<mjloggm ver="2.3"><GO type="225" lobby="0"/><UN n0="%E6%9D%B1%E9%A2%A8%E3%81%AE%E3%81%8D%E3%82%83%E3%81%B7%E3%81%95%E3%82%93" n1="%72%65%6E%6B%75%6E" n2="%E3%81%BF%E3%81%BF%E3%81%9A" n3="%E5%A4%9C%E3%81%AE%E3%82%AC%E3%82%B9%E3%83%91%E3%83%BC%E3%83%AB" dan="17,17,17,16" rate="2247.05,2216.51,2264.97,2131.35" sx="M,M,M,M"/><TAIKYOKU oya="0"/><INIT seed="0,0,0,2,0,30" ten="250,250,250,250" oya="0" hai0="94,49,66,110,84,45,67,52,76,127,26,1,60" hai1="86,111,117,51,93,37,87,121,4,73,14,105,36" hai2="40,46,6,89,42,113,47,53,77,74,103,104,29" hai3="62,17,83,8,70,72,82,43,123,125,101,5,114"/><T59/><D1/><U3/><E3/><V128/><F113/><W119/><G114/><T28/><D127/><U96/><E73/><V12/><F128/><W19/><G119/><T2/><D2/><U44/><E105/><V9/><F104/><W79/><G125/><T65/><D110/><U10/><E117/><V118/><F103/><W69/><G123/><T108/><D108/><U31/><E31/><V130/><F118/><W0/><G101/><T63/><D63/><U57/><E121/><V58/><F130/><W75/><G43/><N who="2" m="16425" /><F77/><W18/><G62/><T99/><D84/><U15/><E57/><V54/><F74/><W135/><G135/><T21/><REACH who="0" step="1"/><D76/><AGARI ba="0,0" hai="0,5,8,17,18,19,69,70,72,75,76,79,82,83" machi="76" ten="40,1300,0" yaku="9,1" doraHai="30" who="3" fromWho="0" sc="250,-13,250,0,250,0,250,13" /><INIT seed="1,0,0,4,0,133" ten="237,250,250,263" oya="1" hai0="14,122,39,60,55,51,64,113,101,89,75,71,15" hai1="135,134,102,76,24,11,50,12,103,125,68,46,96" hai2="19,118,10,40,111,67,44,86,6,112,93,126,116" hai3="94,132,30,128,5,88,79,56,81,23,114,130,20"/><U28/><E68/><V74/><F74/><W43/><G114/><T58/><D75/><U72/><E72/><V26/><F67/><W91/><G132/><N who="1" m="50730" /><E76/><V9/><F112/><W61/><G43/><T121/><D113/><U69/><E69/><V85/><F111/><W131/><G5/><T52/><D101/><U78/><E78/><V119/><F126/><W1/><G1/><T104/><D89/><N who="3" m="34377" /><G30/><T32/><D104/><U83/><E83/><V3/><F93/><W36/><G36/><T106/><D106/><U84/><E84/><V7/><F26/><W100/><G81/><T92/><D92/><U8/><E96/><V87/><F19/><W107/><G79/><T29/><D39/><U82/><E82/><V27/><F27/><W66/><G94/><T70/><D29/><U2/><E2/><V34/><F34/><W13/><G13/><T31/><D31/><U98/><E98/><AGARI ba="0,0" hai="20,23,56,61,66,98,100,107,128,130,131" m="34377" machi="98" ten="40,2600,0" yaku="19,1,54,1" doraHai="133" who="3" fromWho="1" sc="237,0,250,-26,250,0,263,26" /><INIT seed="2,0,0,1,2,75" ten="237,224,250,289" oya="2" hai0="124,62,122,74,86,77,45,64,92,19,82,125,33" hai1="107,127,0,68,28,121,27,59,105,78,41,94,72" hai2="90,126,114,101,109,102,97,23,133,60,100,73,116" hai3="87,120,53,14,43,26,117,131,80,134,57,37,36"/><V93/><F114/><W115/><G117/><T48/><D122/><U25/><E59/><V8/><F116/><W10/><G120/><T84/><D33/><N who="1" m="20623" /><E27/><V104/><F126/><N who="0" m="48746" /><D19/><U20/><E20/><V79/><F133/><W54/><G131/><T132/><D92/><U15/><E15/><V35/><F35/><W16/><G134/><T81/><D81/><N who="1" m="45255" /><E94/><V38/><F38/><W113/><G26/><T119/><D119/><U55/><E55/><N who="3" m="21002" /><G57/><N who="0" m="36943" /><D132/><U6/><E127/><V63/><F23/><W103/><G103/><N who="2" m="39497" /><F8/><W30/><G30/><T3/><D3/><U83/><E83/><N who="2" m="45551" /><F60/><W85/><G115/><T46/><D46/><U108/><E121/><V52/><F52/><AGARI ba="0,0" hai="45,48,52,74,77,82,84,86" m="36943,48746" machi="52" ten="30,3900,0" yaku="18,1,52,1,54,1" doraHai="75" who="0" fromWho="2" sc="237,39,224,0,250,-39,289,0" /><INIT seed="3,0,0,5,3,86" ten="276,224,211,289" oya="3" hai0="81,110,66,103,96,31,14,70,104,130,87,115,53" hai1="54,10,97,60,88,102,37,47,48,28,68,30,76" hai2="12,11,33,101,4,2,38,7,133,56,6,64,46" hai3="69,83,71,29,17,85,95,39,51,62,108,135,36"/><W82/><G29/><T80/><D110/><U118/><E76/><V25/><F133/><W116/><G135/><T67/><D130/><U27/><E37/><V44/><F101/><W57/><G116/><T126/><D126/><U23/><E118/><V41/><F46/><W131/><G108/><T123/><D123/><U35/><E10/><V63/><REACH who="2" step="1"/><F2/><REACH who="2" ten="276,224,201,289" step="2"/><W65/><G131/><T117/><D117/><U52/><E102/><V20/><F20/><W42/><G39/><T5/><D103/><U43/><E35/><V74/><F74/><W59/><G36/><T77/><D115/><U24/><E68/><V90/><F90/><W75/><G75/><T127/><D70/><U55/><E60/><V13/><F13/><W119/><G119/><T124/><D14/><U107/><E107/><V100/><F100/><W49/><G71/><T1/><D104/><U134/><E134/><V79/><F79/><W92/><G69/><T94/><D77/><U112/><E112/><V111/><F111/><W45/><G45/><T125/><D1/><U16/><E27/><V19/><F19/><W34/><G34/><T93/><D125/><U73/><E73/><V0/><F0/><W22/><G17/><T109/><D109/><U15/><E15/><V72/><F72/><W91/><G22/><T9/><D127/><U129/><E129/><V8/><F8/><W128/><G128/><T84/><D9/><U121/><E121/><V114/><F114/><W18/><G18/><T122/><D122/><U32/><E32/><V98/><F98/><W120/><G120/><T40/><D124/><RYUUKYOKU ba="0,1" sc="276,-15,224,15,201,15,289,-15" hai1="16,23,24,28,30,43,47,48,52,54,55,88,97" hai2="4,6,7,11,12,25,33,38,41,44,56,63,64" /><INIT seed="4,1,1,3,4,100" ten="261,239,216,274" oya="0" hai0="55,73,135,30,97,14,44,77,64,116,56,105,109" hai1="45,39,47,49,133,108,31,42,25,60,99,3,48" hai2="69,96,37,7,104,2,22,111,65,134,35,87,43" hai3="131,124,6,84,130,88,70,23,113,119,11,33,41"/><T127/><D116/><U29/><E108/><V86/><F22/><W61/><G119/><T128/><D30/><U117/><E117/><V132/><F111/><W107/><G33/><T40/><D64/><U95/><E3/><V93/><F35/><W91/><G107/><T16/><D109/><U85/><E133/><N who="2" m="51307" /><F43/><W66/><G113/><T126/><D135/><U80/><E60/><N who="2" m="40103" /><F37/><W26/><G124/><N who="0" m="47659" /><D128/><N who="3" m="49193" /><G41/><T101/><D77/><N who="1" m="46223" /><E25/><V81/><F81/><W36/><G36/><N who="0" m="21511" /><D73/><U62/><E62/><V59/><F59/><W12/><G84/><N who="2" m="32297" /><F104/><W18/><AGARI ba="1,1" hai="6,11,12,18,23,26,61,66,70,88,91" m="49193" machi="18" ten="30,2000,0" yaku="19,1,54,1" doraHai="100" who="3" fromWho="3" sc="261,-11,239,-6,216,-6,274,33" owari="250,5.0,233,-16.7,210,-29.0,307,40.7" /></mjloggm>