<mjloggm ver="2.3"><GO type="225" lobby="0"/><UN n0="%E8%81%B7%E6%A5%AD%E3%80%81%E9%A2%A8%32" n1="%E3%81%86%E3%83%BC%E3%81%B1%E3%83%BC" n2="%E3%81%AA%E3%81%BE%E3%81%91%E8%80%85" n3="%E7%AB%8B%E7%9B%B4%E5%A5%BD%E6%A3%92%40%E5%BF%98" dan="16,16,16,17" rate="2151.62,2197.14,2053.28,2140.87" sx="M,M,M,M"/><TAIKYOKU oya="0"/><INIT seed="0,0,0,2,3,119" ten="250,250,250,250" oya="0" hai0="123,12,50,82,75,55,133,68,92,118,24,98,10" hai1="15,86,5,135,85,130,60,52,34,122,1,33,134" hai2="47,87,69,46,131,36,107,57,115,124,2,26,40" hai3="121,53,102,71,58,111,31,35,89,22,80,120,41"/><T3/><D123/><N who="3" m="47177" /><G71/><T16/><D118/><U105/><E105/><V48/><F107/><W61/><G35/><T38/><D38/><U42/><E1/><V97/><F2/><W99/><G111/><T37/><D37/><U90/><E85/><V117/><F97/><W94/><G41/><T63/><D133/><U11/><E130/><V104/><F26/><N who="3" m="16855" /><G80/><T65/><D3/><U84/><E84/><V91/><F87/><W112/><G112/><T45/><D75/><U74/><E42/><V32/><F32/><W83/><G83/><T103/><D82/><N who="1" m="49495" /><E74/><V0/><F40/><W101/><AGARI ba="0,0" hai="53,58,61,89,94,99,101,102" m="16855,47177" machi="101" ten="30,7900,0" yaku="13,1,52,3" doraHai="119" who="3" fromWho="3" sc="250,-39,250,-20,250,-20,250,79" /><INIT seed="1,0,0,2,4,3" ten="211,230,230,329" oya="1" hai0="74,121,69,28,116,87,132,61,110,17,75,25,122" hai1="47,65,108,26,37,49,86,68,42,2,119,127,51" hai2="11,79,134,131,58,106,104,128,30,120,76,6,67" hai3="89,117,124,78,130,72,118,83,33,77,94,35,56"/><U14/><E2/><V19/><F30/><W112/><G112/><T12/><D116/><N who="3" m="44649" /><G130/><N who="2" m="49705" /><F19/><W85/><G124/><T18/><D110/><U5/><E119/><V38/><F38/><W29/><G29/><T63/><D132/><U46/><E127/><V41/><F41/><W111/><G111/><T109/><D109/><U125/><E125/><V101/><F120/><N who="0" m="46186" /><D87/><U135/><E135/><V21/><F21/><W20/><G20/><N who="0" m="15399" /><D18/><U103/><E37/><V44/><F44/><W71/><G71/><T24/><D24/><U62/><E26/><V10/><F10/><W48/><G77/><N who="2" m="29769" /><F101/><W88/><G89/><T4/><D17/><U115/><E108/><V36/><F36/><W53/><AGARI ba="0,0" hai="33,35,48,53,56,72,78,83,85,88,94" m="44649" machi="53" ten="30,2000,0" yaku="12,1,54,1" doraHai="3" who="3" fromWho="3" sc="211,-5,230,-10,230,-5,329,20" /><INIT seed="2,0,0,2,1,33" ten="206,220,225,349" oya="2" hai0="64,5,91,22,77,39,20,60,43,45,75,132,57" hai1="108,3,78,40,68,124,125,36,51,129,53,81,48" hai2="7,69,113,116,92,93,12,102,21,82,94,35,37" hai3="4,84,71,88,54,19,10,118,135,14,25,61,62"/><V106/><F35/><W90/><G118/><T83/><D132/><U117/><E117/><V23/><F113/><W72/><G72/><T112/><D112/><U13/><E3/><V111/><F69/><W47/><G135/><T58/><D91/><U100/><E68/><V31/><F37/><W79/><G71/><T110/><D110/><U30/><E30/><V44/><F116/><W15/><G25/><T104/><D104/><U70/><E70/><V32/><F44/><W121/><G121/><T26/><D26/><U134/><E13/><V2/><F32/><W28/><G28/><T38/><D38/><U63/><E100/><V59/><F111/><W41/><G79/><T76/><D76/><U46/><E134/><V55/><F82/><W42/><G90/><T34/><D34/><U133/><E133/><V107/><F102/><W128/><G128/><T16/><D16/><U8/><E8/><V0/><F12/><W29/><G29/><T49/><REACH who="0" step="1"/><D5/><REACH who="0" ten="196,220,225,349" step="2"/><U89/><E89/><V65/><F7/><W130/><G88/><T27/><D27/><U120/><E108/><V126/><F31/><W74/><G4/><T9/><D9/><U6/><E6/><V85/><F107/><W114/><G19/><T11/><D11/><U18/><E18/><V95/><F106/><W52/><G10/><T87/><D87/><N who="1" m="48567" /><E120/><V98/><F85/><W122/><G84/><T24/><D24/><U115/><E115/><V109/><F109/><W73/><G114/><T101/><D101/><U80/><E36/><V127/><N who="2" m="23552" /><DORA hai="1" /><V96/><F21/><W119/><G122/><RYUUKYOKU ba="0,1" sc="196,30,220,-10,225,-10,349,-10" hai0="20,22,39,43,45,49,57,58,60,64,75,77,83" /><INIT seed="3,1,1,5,4,6" ten="226,210,215,339" oya="3" hai0="121,95,7,16,38,115,59,81,84,33,55,17,92" hai1="122,124,72,50,52,47,18,21,101,34,68,67,129" hai2="39,24,12,28,65,131,85,87,100,69,79,109,43" hai3="49,70,82,111,102,4,93,1,73,10,133,2,78"/><W132/><G70/><T37/><D33/><U99/><E122/><V56/><F69/><W74/><G111/><T77/><D121/><U126/><E72/><V128/><F100/><W107/><G73/><T13/><D115/><U75/><E75/><V97/><F97/><N who="3" m="61903" /><G49/><N who="0" m="31215" /><D38/><U8/><E34/><V110/><F12/><N who="3" m="5191" /><G93/><N who="0" m="35915" /><D37/><U20/><E67/><V0/><F0/><W31/><G31/><T32/><D32/><U44/><E68/><V14/><F14/><W15/><G15/><T66/><D66/><U83/><E83/><N who="2" m="47359" /><F43/><W127/><G127/><T64/><D64/><U120/><E120/><V62/><F39/><W29/><G29/><T30/><D30/><U123/><E123/><V113/><F113/><W108/><G108/><N who="2" m="41577" /><F87/><W25/><G25/><T26/><D26/><U40/><E124/><V105/><F105/><W46/><G1/><T116/><D116/><U89/><E126/><V51/><F51/><W36/><G2/><T53/><D13/><N who="1" m="7463" /><E101/><V11/><F11/><W35/><G35/><AGARI ba="1,1" hai="24,28,35,56,62,65,128,131" m="41577,47359" machi="35" ten="30,1000,0" yaku="14,1" doraHai="6" who="2" fromWho="3" sc="226,0,210,0,215,23,339,-13" owari="226,-17.4,210,-29.0,238,3.8,326,42.6" /></mjloggm>