<mjloggm ver="2.3"><GO type="225" lobby="0"/><UN n0="%E3%83%81%E3%83%83%E3%82%BF%E3%82%BD%E3%83%BC" n1="%72%69%6F%75%63%68%61%6E" n2="%E5%AE%AE%E4%BF%9D%E9%B6%8F%E8%82%89" n3="%E3%80%93%E3%81%97%E3%83%BC%E3%82%89%E3%80%93" dan="17,16,16,17" rate="2191.49,2183.41,2120.83,2150.39" sx="F,M,M,M"/><TAIKYOKU oya="0"/><INIT seed="0,0,0,0,0,71" ten="250,250,250,250" oya="0" hai0="24,94,58,23,105,128,1,73,25,75,127,51,116" hai1="119,54,59,112,44,8,52,92,31,126,83,91,40" hai2="57,131,100,17,38,64,90,66,32,27,11,133,61" hai3="12,35,130,84,56,70,19,4,68,102,5,10,86"/><T85/><D128/><U118/><E126/><V22/><F131/><W2/><G35/><T37/><D37/><U122/><E122/><V88/><F133/><W89/><G130/><T117/><D127/><U80/><E112/><V108/><F108/><W114/><G114/><T26/><D105/><U111/><E111/><V76/><F38/><W99/><G86/><T113/><D1/><U104/><E104/><V72/><F100/><W41/><G41/><T82/><D94/><U6/><E31/><V43/><F43/><W107/><G56/><T33/><D33/><U124/><E124/><V98/><F32/><W29/><G29/><T47/><D58/><U46/><E119/><V65/><F72/><W115/><G115/><T120/><D120/><U30/><E118/><V16/><F76/><W39/><G39/><T53/><D113/><U121/><E30/><V101/><F101/><W96/><G96/><T67/><D67/><N who="2" m="25674" /><F98/><W0/><G0/><T13/><D116/><U7/><E121/><V21/><F11/><W28/><G28/><T123/><D123/><U20/><E20/><V36/><F36/><W9/><REACH who="3" step="1"/><G5/><REACH who="3" ten="250,250,250,240" step="2"/><N who="1" m="1546" /><E40/><V60/><F60/><W97/><G97/><T79/><D117/><U3/><E3/><V62/><F62/><W15/><G15/><AGARI ba="0,1" hai="15,16,17,21,22,27,57,61,66,88,90" m="25674" machi="15" ten="30,3900,0" yaku="8,1,54,2" doraHai="71" who="2" fromWho="3" sc="250,0,250,0,250,49,240,-39" /><INIT seed="1,0,0,5,4,99" ten="250,250,299,201" oya="1" hai0="22,121,107,75,67,16,31,1,15,115,125,119,73" hai1="117,130,129,104,76,46,27,53,79,100,59,8,102" hai2="68,106,32,39,132,87,21,134,122,72,3,118,54" hai3="83,120,25,133,61,94,34,101,56,66,65,82,103"/><U18/><E117/><V128/><F21/><W60/><G120/><T44/><D125/><U126/><E104/><V62/><F54/><W4/><G133/><T84/><D115/><U69/><E69/><V17/><F17/><W13/><G34/><T58/><D1/><U96/><E126/><V12/><F12/><W95/><G25/><T52/><D119/><U38/><E96/><V124/><F62/><W105/><G105/><T51/><D107/><U28/><E38/><V10/><F10/><N who="3" m="4295" /><G61/><T24/><D121/><U135/><E46/><V42/><F87/><W71/><G66/><T63/><REACH who="0" step="1"/><D84/><REACH who="0" ten="240,250,299,201" step="2"/><U89/><E135/><V108/><F42/><W88/><G71/><T109/><D109/><U45/><E130/><V35/><F134/><W55/><G65/><T50/><D50/><N who="1" m="31159" /><E129/><V86/><F86/><N who="3" m="52503" /><G95/><T43/><D43/><U80/><E80/><AGARI ba="0,1" hai="55,56,60,80,82,83,101,103" m="52503,4295" machi="80" ten="30,7700,0" yaku="8,1,52,2,54,1" doraHai="99" who="3" fromWho="1" sc="240,0,250,-77,299,0,201,87" /><INIT seed="2,0,0,5,5,107" ten="240,173,299,288" oya="2" hai0="37,80,11,29,93,52,87,131,112,122,34,16,98" hai1="77,102,56,69,22,7,110,4,19,71,51,118,83" hai2="65,120,105,94,26,92,79,14,81,125,100,123,116" hai3="108,15,129,39,76,59,91,42,75,64,17,85,74"/><V1/><F1/><W103/><G76/><T60/><D131/><U86/><E118/><V117/><F14/><W124/><G129/><T133/><D133/><U53/><E110/><V24/><F65/><W135/><G108/><T119/><D112/><U130/><E130/><V41/><F41/><W13/><G135/><T45/><D122/><N who="2" m="46634" /><F24/><W57/><G103/><T18/><D34/><U30/><E30/><V49/><F49/><W50/><G39/><T58/><D29/><U2/><E102/><V23/><F23/><W73/><G124/><T101/><D119/><N who="2" m="45642" /><F26/><W106/><G106/><T61/><D61/><U0/><E2/><V89/><F125/><W44/><G64/><T31/><D31/><U126/><E126/><V62/><F62/><W121/><G121/><T95/><D11/><U10/><REACH who="1" step="1"/><E7/><REACH who="1" ten="240,163,299,288" step="2"/><V54/><F100/><W72/><N who="3" m="18432" /><DORA hai="47" /><W9/><REACH who="3" step="1"/><G13/><AGARI ba="0,1" hai="0,4,10,13,19,22,51,53,56,69,71,77,83,86" machi="13" ten="30,8000,1" yaku="1,1,7,1,52,1,53,2" doraHai="107,47" doraHaiUra="3,78" who="1" fromWho="3" sc="240,0,163,90,299,0,288,-80" /><INIT seed="3,0,0,2,3,59" ten="240,253,299,208" oya="3" hai0="71,65,8,64,127,84,42,23,14,131,123,53,129" hai1="32,5,82,117,99,102,68,6,19,116,85,33,0" hai2="91,63,122,58,24,120,54,94,98,11,26,30,72" hai3="101,55,100,74,89,39,66,80,7,62,108,2,46"/><W107/><G108/><T86/><D127/><U113/><E113/><V25/><F72/><W69/><G107/><T67/><D123/><N who="2" m="47146" /><F11/><N who="3" m="2551" /><G55/><T124/><D124/><U49/><E68/><V1/><F1/><W97/><G89/><T12/><D42/><U121/><E19/><V92/><F92/><W135/><G97/><T20/><D71/><U119/><E121/><V96/><F96/><W4/><G4/><N who="1" m="1642" /><E0/><V126/><F126/><W81/><G81/><T115/><D115/><U28/><E28/><AGARI ba="0,0" hai="24,25,26,28,30,54,58,63,91,94,98" m="47146" machi="28" ten="30,2000,0" yaku="13,1,52,1" doraHai="59" who="2" fromWho="1" sc="240,0,253,-20,299,20,208,0" owari="240,4.0,233,-16.7,319,41.9,208,-29.2" /></mjloggm>