<mjloggm ver="2.3"><GO type="225" lobby="0"/><UN n0="%E5%BA%97%E9%95%B7%4D" n1="%E3%81%B5%E3%81%98%E3%81%8B%E3%81%A4" n2="%E5%B8%86%E7%AB%8B%E5%A4%8F%E8%A1%A3" n3="%E5%A4%9C%E5%85%89%E5%A4%A9%E6%A5%BC" dan="16,17,16,17" rate="2073.85,2183.56,2135.66,2163.13" sx="M,M,M,M"/><TAIKYOKU oya="0"/><INIT seed="0,0,0,3,1,2" ten="250,250,250,250" oya="0" hai0="85,11,64,106,127,93,42,122,43,121,84,45,102" hai1="110,59,56,12,3,35,31,13,54,8,107,125,4" hai2="126,70,94,91,36,47,38,41,82,69,16,83,14" hai3="15,50,22,23,40,89,96,111,132,25,112,68,51"/><T49/><D127/><U129/><E107/><V100/><F126/><W32/><G112/><T9/><D106/><U27/><E125/><V0/><F0/><W67/><G32/><T20/><D64/><U87/><E110/><V119/><F119/><W63/><G111/><T75/><D75/><U133/><E133/><V17/><F38/><W21/><G132/><T134/><D134/><U1/><E129/><V76/><F100/><W88/><G25/><T6/><D11/><U90/><E1/><V65/><F17/><W18/><G96/><N who="0" m="59663" /><D122/><U33/><E33/><V30/><F30/><W92/><G40/><T78/><D121/><U26/><E26/><V48/><F36/><W81/><G81/><N who="0" m="47159" /><D85/><U103/><E103/><V5/><F65/><W10/><REACH who="3" step="1"/><G92/><REACH who="3" ten="250,250,250,240" step="2"/><T104/><D104/><U109/><E109/><V66/><F82/><W114/><G114/><T58/><D20/><U46/><E35/><V61/><F83/><W71/><G71/><T118/><D118/><U120/><E120/><V77/><F70/><W73/><G73/><T105/><D105/><U62/><E27/><V131/><F131/><W74/><G74/><T34/><D34/><U123/><E123/><V28/><F69/><W108/><G108/><T101/><D101/><U24/><E24/><V39/><F94/><W79/><G79/><T19/><D43/><U55/><E87/><V86/><F86/><W99/><G99/><T116/><D116/><U52/><E90/><AGARI ba="0,1" hai="10,15,18,21,22,23,50,51,63,67,68,88,89,90" machi="90" ten="40,5200,0" yaku="1,1,54,1,53,1" doraHai="2" doraHaiUra="7" who="3" fromWho="1" sc="250,0,250,-52,250,0,240,62" /><INIT seed="1,0,0,4,4,41" ten="250,198,250,302" oya="1" hai0="15,122,81,65,86,28,123,73,133,130,49,16,7" hai1="82,51,48,23,120,119,40,66,128,129,0,71,67" hai2="108,20,90,124,68,36,85,5,78,2,84,104,21" hai3="42,111,55,97,60,135,134,47,74,114,24,76,46"/><U33/><E33/><V112/><F68/><W53/><G114/><T127/><D127/><U11/><BYE who="0" /><E119/><UN n0="%E5%BA%97%E9%95%B7%4D" /><V131/><F104/><W54/><G111/><T125/><D125/><U37/><E120/><N who="0" m="46121" /><D73/><U9/><E23/><V63/><F124/><W32/><G60/><T35/><D133/><N who="3" m="50697" /><G97/><T113/><D113/><U70/><E82/><V117/><F21/><W13/><G42/><T29/><D130/><N who="1" m="50283" /><E0/><V25/><F90/><W116/><G13/><T121/><N who="0" m="46129" /><T99/><DORA hai="14" /><D35/><U64/><E37/><V8/><F36/><W27/><G116/><T115/><D115/><U38/><E38/><V43/><F108/><W91/><G91/><N who="0" m="51663" /><D7/><U34/><E34/><V12/><F5/><W39/><G39/><T59/><D99/><U62/><E62/><V80/><F63/><W105/><G105/><T61/><D49/><N who="1" m="19019" /><E40/><V10/><F43/><W79/><G74/><T3/><D3/><U30/><E30/><N who="2" m="17703" /><F2/><W132/><N who="3" m="50705" /><W92/><DORA hai="50" /><G92/><T26/><D26/><N who="3" m="9769" /><G32/><T56/><D56/><U96/><E96/><V57/><F57/><W118/><G118/><T45/><D45/><AGARI ba="0,0" hai="45,46,47,53,54,55,76,79" m="9769,50705" machi="45" ten="50,16000,3" yaku="28,2,20,1,52,6" doraHai="41,14,50" who="3" fromWho="0" sc="250,-160,198,0,250,0,302,160" /><INIT seed="2,0,0,0,0,60" ten="90,198,250,462" oya="2" hai0="96,74,51,9,114,82,85,44,45,59,93,5,61" hai1="65,99,80,68,120,90,33,70,6,62,112,97,71" hai2="17,27,123,103,15,131,46,118,41,108,100,1,113" hai3="133,134,30,127,101,31,2,72,75,57,54,92,8"/><V39/><F113/><W128/><G2/><T63/><D74/><N who="3" m="28201" /><G8/><T129/><D114/><U25/><E112/><V32/><F131/><W36/><G36/><T29/><D129/><U52/><E6/><V81/><F123/><W111/><G128/><T125/><D125/><U76/><E120/><V12/><F118/><W13/><G13/><T22/><D22/><U124/><E124/><V10/><F108/><W58/><G127/><T89/><D29/><U42/><E42/><V40/><F40/><W126/><G58/><T35/><D35/><U79/><E33/><V78/><F15/><W23/><G111/><T19/><D19/><U56/><E25/><V106/><F106/><W53/><G53/><T109/><D109/><U105/><E90/><V83/><F83/><W77/><G23/><T48/><D48/><U84/><E79/><V49/><F39/><W88/><G101/><T66/><D63/><U132/><E132/><N who="3" m="50794" /><G77/><T21/><D21/><U94/><E105/><V64/><F32/><W55/><G55/><T14/><REACH who="0" step="1"/><D51/><REACH who="0" ten="80,198,250,462" step="2"/><U69/><REACH who="1" step="1"/><E94/><REACH who="1" ten="80,188,250,462" step="2"/><V104/><F104/><W91/><G126/><T121/><D121/><U37/><E37/><V67/><F27/><W122/><G122/><T119/><D119/><U7/><E7/><V26/><F26/><W28/><G92/><T107/><D107/><U87/><E87/><V47/><F41/><W115/><G115/><T117/><D117/><U18/><E18/><V43/><F43/><W86/><G86/><T38/><D38/><U116/><E116/><V16/><F17/><W50/><AGARI ba="0,2" hai="28,30,31,50,54,57,88,91" m="50794,28201" machi="50" ten="40,2700,0" yaku="20,1,54,1" doraHai="60" who="3" fromWho="3" sc="80,-7,188,-7,250,-13,462,47" /><INIT seed="3,0,0,1,1,57" ten="73,181,237,509" oya="3" hai0="34,76,88,1,84,93,68,29,71,74,102,7,39" hai1="83,132,40,16,111,37,69,63,77,41,98,10,23" hai2="58,56,8,19,31,135,124,73,35,26,46,114,133" hai3="99,81,38,18,89,24,97,13,100,50,67,2,128"/><W104/><G2/><T134/><D134/><N who="2" m="51210" /><F114/><W112/><G38/><T125/><D125/><U17/><E132/><V22/><F124/><W12/><G112/><T127/><D127/><U5/><E111/><V70/><F73/><W75/><G67/><T6/><D39/><U110/><E110/><V3/><F70/><W105/><G24/><T120/><D120/><U49/><E37/><V129/><F46/><W122/><G105/><T101/><D76/><U95/><E17/><V86/><F86/><W79/><G13/><T47/><D74/><U115/><E49/><V87/><F87/><W118/><G50/><T107/><D47/><U32/><E32/><V119/><F129/><W27/><G27/><T103/><D102/><U14/><E69/><V85/><F85/><W53/><G118/><T116/><D116/><U113/><E63/><V78/><F78/><W131/><G53/><T60/><D103/><U52/><E52/><V20/><F35/><W25/><G25/><T59/><D1/><U94/><E115/><V65/><F26/><W72/><G122/><T62/><D29/><U9/><E113/><V51/><F31/><W117/><G117/><T4/><D34/><U109/><E77/><V121/><F3/><W42/><G75/><T126/><D126/><U45/><E45/><V33/><F33/><W48/><G72/><T43/><D43/><U108/><E40/><V55/><F119/><W106/><G79/><T64/><REACH who="0" step="1"/><D62/><REACH who="0" ten="63,181,237,509" step="2"/><U66/><E41/><V0/><F0/><W80/><G42/><T91/><D91/><U44/><E109/><V90/><F121/><RYUUKYOKU ba="0,1" sc="63,30,181,-10,237,-10,509,-10" hai0="4,6,7,59,60,64,68,71,84,88,93,101,107" owari="93,-40.7,171,-22.9,227,2.7,509,60.9" /></mjloggm>