<mjloggm ver="2.3"><GO type="225" lobby="0"/><UN n0="%E3%81%A9%E3%82%8F%E3%82%93%E3%81%94" n1="%E3%83%AB%E3%83%9B%E3%83%B3%E3%83%87%E3%82%A3%E3%82%A8" n2="%E3%81%82%E3%83%BC%E3%81%97" n3="%E3%81%A1%E3%82%85%E3%81%86%E3%81%A9%E3%81%8F%E8%B1%A1%E3%81%95%E3%82%93" dan="16,17,16,17" rate="2203.77,2175.58,2109.40,2186.62" sx="M,M,M,M"/><TAIKYOKU oya="0"/><INIT seed="0,0,0,1,1,42" ten="250,250,250,250" oya="0" hai0="51,20,40,102,60,2,115,35,111,6,101,56,70" hai1="73,122,26,97,21,90,95,93,48,25,89,37,110" hai2="107,57,130,43,109,125,94,72,104,135,76,39,52" hai3="120,27,81,62,129,41,86,33,24,133,1,54,32"/><T116/><D115/><U28/><E110/><V103/><F109/><W121/><G1/><T65/><D116/><U0/><E0/><V67/><F135/><W77/><G133/><T38/><D35/><N who="3" m="13385" /><G41/><T66/><D111/><U119/><E73/><V112/><F112/><W63/><G129/><T5/><D66/><U49/><E122/><N who="3" m="47210" /><G54/><N who="0" m="31839" /><D20/><U34/><E37/><V123/><F67/><W13/><G13/><T134/><D134/><U96/><REACH who="1" step="1"/><E119/><REACH who="1" ten="250,240,250,250" step="2"/><V18/><F39/><W17/><G17/><AGARI ba="0,1" hai="17,21,25,26,28,34,48,49,89,90,93,95,96,97" machi="17" ten="30,8000,1" yaku="1,1,2,1,7,1,9,1,53,1" doraHai="42" doraHaiUra="15" who="1" fromWho="3" sc="250,0,240,90,250,0,250,-80" /><INIT seed="1,0,0,0,2,26" ten="250,330,250,170" oya="1" hai0="133,92,71,57,112,126,131,62,123,90,106,66,69" hai1="135,15,12,97,13,67,60,8,31,103,18,91,81" hai2="2,37,61,29,7,128,55,83,4,35,125,87,122" hai3="78,86,53,0,117,84,21,54,28,80,116,118,65"/><U58/><E135/><V24/><F122/><W23/><G0/><T124/><D133/><U75/><E75/><V14/><F37/><W95/><G65/><T129/><D106/><U104/><E81/><V100/><F128/><N who="0" m="49226" /><D112/><U30/><E91/><V114/><F114/><W82/><G95/><T44/><D123/><U50/><E15/><V73/><F73/><W120/><G120/><T48/><D92/><U9/><E50/><V72/><F72/><W52/><REACH who="3" step="1"/><G28/><REACH who="3" ten="250,330,250,160" step="2"/><T36/><D36/><U102/><E102/><V49/><F100/><W19/><G19/><AGARI ba="0,1" hai="8,9,12,13,18,19,30,31,58,60,67,97,103,104" machi="19" ten="30,11600,0" yaku="7,1,9,1,52,2" doraHai="26" who="1" fromWho="3" sc="250,0,330,126,250,0,160,-116" /><INIT seed="1,1,0,4,4,10" ten="250,456,250,44" oya="1" hai0="59,61,43,103,27,21,95,20,35,22,129,12,34" hai1="40,113,111,38,108,71,57,78,8,23,110,79,75" hai2="68,24,105,101,63,102,82,47,81,32,37,104,58" hai3="100,52,49,56,124,15,132,127,33,16,36,128,88"/><U39/><E113/><V116/><F116/><W119/><G36/><N who="1" m="13866" /><E40/><V97/><F37/><W125/><G119/><T0/><D0/><U131/><E71/><V55/><F47/><W1/><G1/><T122/><D43/><U86/><E75/><V89/><F89/><W123/><G123/><T73/><D73/><U46/><E46/><V9/><F68/><W98/><G132/><T60/><D122/><U17/><E8/><V28/><F9/><N who="3" m="6255" /><G128/><T84/><D129/><U31/><E31/><V107/><REACH who="2" step="1"/><F102/><REACH who="2" ten="250,456,240,44" step="2"/><W19/><G88/><N who="0" m="53639" /><D103/><U41/><E131/><V70/><F70/><W3/><G3/><T14/><D35/><U26/><E41/><V48/><F48/><W118/><G118/><T6/><D34/><U65/><E78/><V30/><F30/><W90/><G33/><T77/><D77/><U135/><E135/><V115/><F115/><W11/><G90/><T72/><D72/><U133/><E133/><V51/><F51/><W94/><G11/><T50/><D27/><U45/><E45/><V2/><F2/><W134/><G134/><T42/><D42/><U7/><E79/><V54/><F54/><W13/><G19/><T62/><D6/><U93/><E17/><V53/><F53/><AGARI ba="1,1" hai="12,14,20,21,22,50,53,59,60,61,62" m="53639" machi="53" ten="30,7700,0" yaku="8,1,52,2,54,1" doraHai="10" who="0" fromWho="2" sc="250,90,456,0,240,-80,44,0" /><INIT seed="2,0,0,5,2,87" ten="340,456,160,44" oya="2" hai0="56,110,6,22,120,68,61,15,67,118,38,30,41" hai1="20,130,10,125,62,90,74,107,16,72,42,64,98" hai2="84,36,122,59,35,52,111,123,33,55,29,70,8" hai3="102,2,21,89,85,131,82,75,47,121,73,18,54"/><V58/><F70/><W124/><G121/><T44/><D120/><U100/><E42/><V12/><F36/><W11/><G131/><T77/><D110/><U3/><E90/><V78/><F111/><W14/><G124/><T91/><D118/><U101/><E101/><V127/><F127/><W49/><G2/><T114/><D77/><U23/><E23/><V66/><F66/><W9/><G9/><T133/><D114/><U27/><E130/><V95/><F122/><W83/><G83/><T34/><D34/><U128/><E128/><V1/><F1/><W65/><G65/><T109/><D109/><U31/><E125/><V96/><F123/><W79/><G79/><T40/><D40/><U129/><E129/><V5/><F29/><W24/><REACH who="3" step="1"/><G102/><REACH who="3" ten="340,456,160,34" step="2"/><T45/><D67/><U53/><E10/><V112/><F112/><W19/><AGARI ba="0,1" hai="11,14,18,19,21,24,47,49,54,73,75,82,85,89" machi="19" ten="20,16000,3" yaku="1,1,2,1,0,1,7,1,25,2,52,1,53,1" doraHai="87" doraHaiUra="4" who="3" fromWho="3" sc="340,-40,456,-40,160,-80,34,170" /><INIT seed="3,0,0,5,5,9" ten="300,416,80,204" oya="3" hai0="135,6,58,108,124,114,126,36,0,10,134,20,133" hai1="49,52,29,120,85,15,104,127,63,47,128,68,106" hai2="26,39,3,65,34,55,40,72,27,51,78,94,130" hai3="54,7,111,117,132,105,82,131,89,97,123,88,96"/><W93/><G123/><T62/><D36/><U74/><E74/><V37/><F130/><W75/><G117/><T90/><D108/><U66/><E120/><V119/><F65/><W41/><G41/><T48/><D48/><U56/><E127/><N who="0" m="48681" /><D114/><U14/><E29/><V125/><F119/><W113/><G113/><T80/><D20/><U33/><E33/><V11/><F125/><W115/><G115/><T57/><D62/><U102/><E102/><V64/><F94/><W50/><G131/><T101/><D101/><U122/><E85/><AGARI ba="0,0" hai="0,6,10,57,58,80,85,90,133,134,135" m="48681" machi="85" ten="40,2600,0" yaku="20,1,18,1" doraHai="9" who="0" fromWho="1" sc="300,26,416,-26,80,0,204,0" owari="326,12.6,390,49.0,80,-42.0,204,-19.6" /></mjloggm>