<mjloggm ver="2.3"><GO type="225" lobby="0"/><UN n0="%E6%A1%9C%E8%8A%B1%E9%96%83%E3%80%85" n1="%6D%75%75%73%61%6E%6D%75" n2="%E7%99%BD%E6%97%A5%E9%9B%AA%E8%8F%9C" n3="%E3%81%AF%E3%82%88%E3%81%8A%E3%81%98%E3%81%95%E3%82%93" dan="16,16,17,17" rate="2189.89,2127.15,2228.48,2196.15" sx="M,F,M,M"/><TAIKYOKU oya="0"/><INIT seed="0,0,0,4,2,7" ten="250,250,250,250" oya="0" hai0="59,1,52,103,57,128,110,20,18,5,21,75,109" hai1="133,129,74,37,68,86,120,124,24,4,78,17,34" hai2="54,32,131,71,104,76,61,8,30,42,65,123,84" hai3="3,83,115,31,119,47,77,58,89,79,117,127,14"/><T45/><D45/><U10/><E68/><V67/><F123/><W70/><G3/><T107/><D75/><U25/><E120/><V29/><F42/><W98/><G70/><T114/><D114/><U135/><E74/><V26/><F67/><W19/><G115/><T9/><D128/><U27/><E37/><V91/><F29/><W116/><G127/><T12/><D20/><N who="1" m="13327" /><E78/><V99/><F76/><W56/><G31/><T87/><D87/><U121/><E86/><V82/><F54/><W55/><G47/><T35/><D35/><U92/><E92/><V48/><F48/><W64/><G64/><T125/><D125/><U41/><E41/><V51/><F51/><W80/><G77/><T36/><D36/><U96/><E96/><V0/><F131/><W97/><G89/><T108/><REACH who="0" step="1"/><D52/><REACH who="0" ten="240,250,250,250" step="2"/><U95/><E124/><V50/><F50/><W63/><G80/><T22/><D22/><U28/><E121/><V15/><F32/><W40/><G40/><T43/><D43/><U62/><E129/><V118/><F82/><W113/><G113/><T90/><D90/><U130/><E130/><V126/><F91/><W85/><G98/><AGARI ba="0,1" hai="1,5,9,12,18,21,57,59,98,103,107,108,109,110" machi="98" ten="40,12000,1" yaku="1,1,14,1,10,1,52,1,53,1" doraHai="7" doraHaiUra="11" who="0" fromWho="3" sc="240,130,250,0,250,0,250,-120" /><INIT seed="0,1,0,3,1,24" ten="370,250,250,130" oya="0" hai0="11,62,19,106,48,7,37,111,42,55,71,74,94" hai1="126,93,39,97,130,81,89,54,23,60,123,34,18" hai2="102,83,58,88,6,43,129,79,132,5,125,68,75" hai3="22,15,25,49,101,13,78,26,31,86,85,67,4"/><T65/><D106/><U28/><E123/><V14/><F68/><W66/><G101/><T127/><D127/><U114/><E39/><V92/><F125/><W122/><G122/><T73/><D111/><U52/><E126/><V109/><F109/><W63/><G49/><T36/><D19/><U56/><E130/><V91/><F129/><W98/><G98/><T108/><D94/><U35/><E114/><V46/><F132/><W135/><G135/><T131/><D131/><U117/><E117/><V61/><F102/><W57/><G67/><T10/><D10/><U16/><E35/><V32/><F32/><W21/><G78/><T47/><D108/><U120/><E34/><V76/><F79/><W44/><G44/><T69/><D69/><U80/><E120/><V103/><F14/><W70/><G70/><T12/><REACH who="0" step="1"/><D36/><REACH who="0" ten="360,250,250,130" step="2"/><U84/><E18/><V134/><F134/><W110/><G110/><T118/><D118/><U40/><E16/><V9/><F9/><W27/><G4/><T3/><D3/><U17/><E17/><V72/><F6/><W53/><G13/><T45/><AGARI ba="1,1" hai="7,11,12,37,42,45,47,48,55,62,65,71,73,74" machi="45" ten="20,7800,0" yaku="1,1,0,1,7,1,53,1" doraHai="24" doraHaiUra="50" who="0" fromWho="0" sc="360,91,250,-27,250,-27,130,-27" /><BYE who="3" /><INIT seed="0,2,0,2,5,133" ten="451,223,223,103" oya="0" hai0="40,49,16,71,77,89,7,57,13,97,5,105,107" hai1="23,82,108,118,19,29,44,51,55,47,134,38,74" hai2="95,91,31,59,79,110,30,64,35,85,60,70,21" hai3="117,45,121,123,104,106,63,129,50,1,98,116,11"/><T32/><D71/><U27/><E118/><UN n3="%E3%81%AF%E3%82%88%E3%81%8A%E3%81%98%E3%81%95%E3%82%93" /><V42/><F110/><W48/><G1/><T96/><D32/><U26/><E108/><V132/><F132/><W84/><G11/><T73/><D73/><U33/><E134/><V131/><F131/><W22/><G22/><N who="0" m="11535" /><D107/><U10/><E10/><V111/><F35/><W102/><G63/><T128/><D105/><U120/><E120/><N who="3" m="46154" /><G48/><T127/><D127/><U62/><E62/><V2/><F2/><W72/><G50/><T41/><D77/><U0/><E0/><V69/><F111/><W46/><G46/><T34/><D128/><U115/><E115/><V103/><F79/><W83/><G45/><T90/><D34/><U20/><E33/><V12/><F70/><W78/><G129/><T122/><D57/><U18/><E29/><V6/><F69/><W86/><G106/><T75/><D49/><U54/><E38/><V76/><F59/><W81/><G72/><T37/><D75/><U112/><E112/><V100/><F60/><W65/><G65/><T25/><D25/><U36/><E36/><V135/><F64/><W9/><G9/><T109/><D37/><U114/><E114/><V80/><F135/><W99/><G99/><N who="0" m="37963" /><D109/><U92/><E51/><V101/><F42/><N who="0" m="16490" /><D122/><U15/><E74/><V17/><F6/><AGARI ba="2,0" hai="5,6,7,89,90" m="16490,37963,11535" machi="6" ten="30,2900,0" yaku="8,1,54,1" doraHai="133" who="0" fromWho="2" sc="451,35,223,0,223,-35,103,0" /><INIT seed="0,3,0,2,2,22" ten="486,223,188,103" oya="0" hai0="88,128,116,34,3,32,78,115,82,112,57,91,62" hai1="31,65,8,53,121,108,111,26,135,50,102,11,125" hai2="105,29,118,75,60,76,17,55,124,67,20,35,85" hai3="6,61,19,9,64,45,51,54,69,98,127,40,0"/><T103/><D3/><U107/><E121/><V81/><F105/><W73/><G127/><T33/><D116/><U14/><E125/><V25/><F124/><W94/><G73/><T38/><D38/><U90/><E135/><V41/><F118/><W95/><G19/><T15/><D103/><U79/><E65/><V113/><F113/><W59/><REACH who="3" step="1"/><G98/><REACH who="3" ten="486,223,188,93" step="2"/><T120/><D115/><U131/><E111/><V44/><F75/><W114/><G114/><T7/><D112/><U110/><E108/><V46/><F41/><W39/><AGARI ba="3,1" hai="0,6,9,39,40,45,51,54,59,61,64,69,94,95" machi="39" ten="20,8000,1" yaku="1,1,0,1,7,1,24,2,53,0" doraHai="22" doraHaiUra="93" who="3" fromWho="3" sc="486,-43,223,-23,188,-23,93,99" /><INIT seed="1,0,0,3,3,58" ten="443,200,165,192" oya="1" hai0="49,106,83,38,130,37,56,91,99,77,43,0,28" hai1="22,36,47,59,115,10,45,60,72,7,112,95,78" hai2="12,117,15,104,110,35,16,126,26,21,19,107,11" hai3="75,125,120,124,32,113,25,86,121,114,70,13,41"/><U42/><E45/><V14/><F117/><W93/><G75/><T63/><D0/><U131/><E131/><V52/><F107/><W119/><G70/><T74/><D28/><U33/><E33/><V55/><F104/><W6/><G41/><T4/><D4/><U5/><E22/><N who="2" m="13663" /><F55/><W65/><G65/><T79/><D79/><U81/><E95/><V134/><F52/><W57/><G57/><T62/><D130/><U54/><E5/><N who="2" m="3183" /><F110/><W48/><G48/><T89/><D49/><U51/><E51/><V50/><F50/><W100/><G86/><T111/><D111/><U105/><E105/><V8/><F35/><W87/><G87/><T1/><D56/><U31/><E31/><V92/><F92/><W73/><G73/><T98/><D106/><U17/><E17/><N who="2" m="8391" /><F134/><W3/><G100/><T103/><D103/><U24/><E24/><V40/><F40/><W61/><G93/><T64/><D43/><U23/><E23/><V90/><F90/><W122/><G119/><T76/><D74/><U132/><E132/><V53/><F53/><W68/><G25/><T118/><D118/><U20/><E20/><V71/><F71/><W67/><G32/><T101/><D101/><U9/><E9/><V109/><F109/><W18/><G6/><T123/><D37/><U69/><E69/><V108/><F108/><W39/><G39/><T27/><D38/><U44/><E47/><V85/><F85/><W34/><G34/><T2/><D27/><U82/><E81/><V80/><F80/><W66/><G68/><T29/><D83/><U97/><E97/><RYUUKYOKU ba="0,0" sc="443,-15,200,15,165,15,192,-15" hai1="7,10,36,42,44,54,59,60,72,78,82,112,115" hai2="15,16,21,126" /><INIT seed="1,1,0,3,1,119" ten="428,215,180,177" oya="1" hai0="71,5,77,36,60,74,51,57,52,122,63,42,64" hai1="58,41,121,113,15,81,73,132,11,2,84,131,114" hai2="50,53,54,1,83,45,109,28,91,0,110,20,25" hai3="134,8,4,35,43,85,95,68,3,23,94,108,111"/><U120/><E73/><V123/><F123/><W56/><G35/><T112/><D112/><U55/><E2/><V16/><F54/><W96/><G68/><T49/><D5/><U92/><E114/><V46/><F45/><W76/><G134/><T17/><D17/><U29/><E113/><V107/><F107/><W79/><G43/><T13/><D13/><U104/><E104/><V67/><F67/><W61/><G23/><T93/><D93/><U126/><E41/><V21/><F91/><W47/><G47/><N who="0" m="24007" /><D77/><U129/><E29/><V116/><F83/><W117/><G117/><T89/><D89/><N who="1" m="51343" /><E92/><V6/><F116/><W7/><G7/><T26/><D26/><U115/><E115/><V127/><F127/><W9/><G9/><T69/><D74/><U30/><E30/><V10/><REACH who="2" step="1"/><F1/><REACH who="2" ten="428,215,170,177" step="2"/><W66/><G95/><T22/><D122/><U72/><E126/><V24/><AGARI ba="1,1" hai="0,6,10,16,20,21,24,25,28,46,50,53,109,110" machi="24" ten="30,7900,0" yaku="1,1,2,1,0,1,54,1,53,0" doraHai="119" doraHaiUra="99" who="2" fromWho="2" sc="428,-21,215,-40,170,92,177,-21" /><INIT seed="2,0,0,5,5,99" ten="407,175,262,156" oya="2" hai0="124,118,78,80,2,113,34,106,97,29,88,28,103" hai1="65,60,24,87,123,72,77,74,35,79,67,53,19" hai2="10,122,135,109,63,56,98,40,75,17,116,46,108" hai3="133,6,59,16,76,102,111,70,12,120,62,4,21"/><V126/><F116/><W47/><G120/><T85/><D113/><U3/><E3/><V134/><F122/><W68/><G111/><N who="2" m="42569" /><F75/><W101/><G133/><T26/><D124/><U83/><E123/><V90/><F126/><W66/><G70/><T91/><D118/><U128/><E74/><V52/><F17/><W14/><G68/><T32/><D2/><U100/><E128/><V51/><F10/><W93/><G76/><T55/><D55/><U57/><E72/><V33/><F33/><W105/><G105/><T30/><D30/><U58/><E35/><V82/><F82/><W114/><G114/><T112/><D112/><U25/><E79/><V37/><F90/><W11/><G4/><T119/><D119/><U131/><E131/><V8/><F8/><W104/><G104/><T15/><D15/><U7/><E7/><V115/><F98/><W44/><G93/><T89/><D89/><U42/><E19/><V38/><F115/><W13/><G12/><T48/><D48/><U43/><E25/><AGARI ba="0,0" hai="25,26,28,29,32,34,78,80,85,88,91,97,103,106" machi="25" ten="40,5200,0" yaku="9,1,52,1,54,1" doraHai="99" who="0" fromWho="1" sc="407,52,175,-52,262,0,156,0" /><INIT seed="3,0,0,3,2,28" ten="459,123,262,156" oya="3" hai0="91,60,1,115,34,112,56,83,135,77,24,99,118" hai1="19,6,35,95,107,73,15,11,64,88,86,33,104" hai2="22,108,10,14,105,53,39,43,111,54,117,70,81" hai3="29,94,59,133,65,40,18,50,63,92,123,124,76"/><W27/><G123/><T58/><D118/><U129/><E73/><V4/><F105/><W84/><G124/><T42/><D1/><U9/><E129/><V120/><F70/><W31/><G133/><T69/><D42/><U130/><E130/><V127/><F127/><W20/><G76/><T101/><D91/><U134/><E134/><V113/><F113/><N who="0" m="43594" /><D34/><U80/><E64/><V12/><F117/><W51/><G84/><N who="0" m="48239" /><D24/><U25/><E95/><N who="3" m="36394" /><G51/><T46/><D46/><AGARI ba="0,0" hai="18,20,27,29,31,40,46,50,59,63,65" m="36394" machi="46" ten="30,1500,0" yaku="8,1" doraHai="28" who="3" fromWho="0" sc="459,-15,123,0,262,0,156,15" /><INIT seed="3,1,0,1,3,126" ten="444,123,262,171" oya="3" hai0="104,40,113,79,133,22,56,135,59,91,33,131,13" hai1="65,90,20,27,68,116,87,5,17,25,71,123,103" hai2="128,97,102,66,99,64,18,124,9,98,76,32,82" hai3="3,60,110,11,77,23,67,81,8,63,127,57,100"/><W115/><G115/><T47/><D131/><U112/><E112/><V19/><F128/><W120/><G120/><T34/><D104/><U95/><E123/><V132/><F32/><N who="0" m="12394" /><D79/><U38/><E38/><V92/><F132/><N who="0" m="50762" /><D113/><U89/><E116/><V35/><F35/><W2/><G11/><T93/><D22/><U125/><E103/><V85/><F124/><W105/><G60/><T37/><D13/><U53/><E125/><V70/><F70/><W36/><G36/><T74/><D74/><U111/><E111/><V121/><F9/><W12/><G100/><T21/><D21/><U29/><E5/><V50/><F50/><W73/><G57/><T78/><D78/><U106/><E106/><V96/><F121/><W52/><G81/><T122/><D122/><U130/><E130/><V51/><F51/><W75/><G67/><AGARI ba="1,0" hai="18,19,64,66,67,76,82,85,92,96,97,98,99,102" machi="67" ten="40,1300,0" yaku="8,1" doraHai="126" who="2" fromWho="3" sc="444,0,123,0,262,16,171,-16" owari="444,54.4,123,-37.7,278,7.8,155,-24.5" /></mjloggm>