<mjloggm ver="2.3"><GO type="225" lobby="0"/><UN n0="%E5%87%BA%E6%B0%B4" n1="%E7%B4%94%E6%BD%94%E3%83%94%E3%83%A9%E3%83%8B%E3%82%A2" n2="%72%69%6F%75%63%68%61%6E" n3="%E6%B4%BE%E9%81%A3%E3%81%AE%E3%82%B8%E3%83%A3%E3%83%83%E3%82%AF" dan="16,17,17,17" rate="2076.36,2141.56,2271.32,2241.65" sx="F,M,M,M"/><TAIKYOKU oya="0"/><INIT seed="0,0,0,1,5,107" ten="250,250,250,250" oya="0" hai0="23,114,109,90,7,121,43,113,64,40,94,32,5" hai1="58,13,112,91,70,22,134,66,16,110,97,106,46" hai2="26,20,115,122,120,69,73,108,37,125,116,33,2" hai3="52,60,72,17,11,29,87,127,74,130,19,95,65"/><T54/><D121/><U131/><E110/><V44/><RYUUKYOKU type="yao9" ba="0,0" sc="250,0,250,0,250,0,250,0" hai2="2,20,26,33,37,44,69,73,108,115,116,120,122,125" /><INIT seed="0,1,0,4,4,42" ten="250,250,250,250" oya="0" hai0="62,36,74,130,68,45,41,75,85,128,98,90,102" hai1="11,20,58,47,127,46,38,72,88,99,16,19,119" hai2="111,25,35,131,124,120,70,54,32,40,61,63,129" hai3="4,21,33,87,48,44,67,27,94,73,5,23,51"/><T91/><D68/><U97/><E119/><V101/><F111/><W39/><G73/><T118/><D118/><U56/><E72/><V95/><F124/><W77/><G33/><T76/><D75/><U49/><E127/><V107/><F120/><W112/><G112/><T116/><D116/><U69/><E69/><V80/><F95/><W9/><G67/><T117/><D117/><U132/><E38/><V15/><F40/><N who="3" m="24583" /><G39/><T104/><D62/><U1/><E132/><V13/><F80/><N who="3" m="47503" /><G94/><N who="0" m="54607" /><D91/><U8/><E1/><V126/><F126/><W122/><G122/><T134/><D134/><U78/><E88/><V135/><F135/><W93/><G93/><T108/><D108/><U109/><E109/><V0/><F0/><W43/><G9/><T89/><D89/><U66/><E49/><V3/><F3/><W30/><G23/><T12/><D12/><N who="2" m="4682" /><F32/><W7/><G7/><T26/><D26/><U81/><E20/><V31/><F70/><W55/><G43/><T14/><D14/><U123/><E123/><V24/><F25/><W84/><G84/><T59/><D59/><AGARI ba="1,0" hai="4,5,21,27,30,51,55,59" m="47503,24583" machi="59" ten="30,2000,0" yaku="8,1,52,1" doraHai="42" who="3" fromWho="0" sc="250,-23,250,0,250,0,250,23" /><INIT seed="1,0,0,1,5,4" ten="227,250,250,273" oya="1" hai0="65,129,111,76,124,42,30,72,63,90,118,77,47" hai1="2,86,132,104,114,41,52,1,117,20,87,5,98" hai2="38,14,95,120,15,101,74,33,93,29,37,46,107" hai3="70,88,50,113,62,128,26,131,28,126,71,83,51"/><U19/><E117/><V130/><F120/><W97/><G113/><T10/><D118/><U18/><E114/><V127/><F127/><W56/><G126/><T39/><D111/><U79/><E41/><V23/><F130/><N who="3" m="49707" /><G50/><T89/><D129/><U94/><E132/><V133/><F133/><W6/><G51/><T100/><D124/><U48/><E104/><V54/><F74/><W21/><G6/><T110/><D110/><U17/><E2/><V36/><F33/><W49/><G49/><T59/><D30/><U8/><E79/><V40/><F54/><N who="3" m="34071" /><G83/><T80/><D76/><U69/><E69/><V105/><F46/><W25/><G25/><T64/><D100/><U3/><E3/><V123/><F40/><W75/><G75/><T22/><D65/><U9/><E20/><V81/><F123/><W0/><G0/><T32/><D32/><U34/><E34/><V134/><F101/><W96/><G96/><T60/><D22/><U13/><E86/><V61/><F134/><W53/><G53/><T112/><D112/><U16/><E87/><V99/><F99/><W55/><G55/><T7/><REACH who="0" step="1"/><D63/><REACH who="0" ten="217,250,250,273" step="2"/><U73/><E73/><V116/><F61/><W45/><G28/><T135/><D135/><U35/><E35/><V57/><F116/><W125/><G125/><T122/><D122/><U91/><E52/><V27/><F29/><W43/><G21/><T106/><D106/><U68/><E68/><V24/><F107/><W108/><G70/><T121/><D121/><U85/><E98/><V84/><F105/><W11/><G71/><T12/><AGARI ba="0,1" hai="7,10,12,39,42,47,59,60,64,72,77,80,89,90" machi="12" ten="20,12000,2" yaku="1,1,5,1,0,1,7,1,52,1,53,1" doraHai="4" doraHaiUra="58" who="0" fromWho="0" sc="217,130,250,-60,250,-30,273,-30" /><INIT seed="2,0,0,1,2,4" ten="347,190,220,243" oya="2" hai0="18,50,12,19,43,16,37,65,117,77,73,42,85" hai1="123,107,109,8,105,2,29,45,91,33,58,120,93" hai2="75,106,102,114,51,60,92,83,7,66,40,110,3" hai3="87,122,84,63,39,119,115,126,67,71,130,125,98"/><V133/><F114/><W59/><G122/><N who="1" m="46634" /><E109/><V68/><F133/><W26/><G119/><T94/><D117/><U56/><E45/><V11/><F110/><W5/><G39/><T81/><D37/><U128/><E128/><V27/><F92/><W48/><G130/><T118/><D65/><U62/><E33/><V22/><F106/><N who="1" m="40457" /><E29/><V97/><F97/><W64/><G98/><T80/><D94/><U89/><E93/><V49/><F102/><W30/><G115/><T28/><D28/><U134/><E134/><V24/><F40/><W96/><G96/><T32/><D32/><U34/><E34/><V1/><F1/><W72/><G72/><T76/><D118/><U108/><E108/><V100/><F100/><W9/><G84/><T90/><D77/><U121/><N who="1" m="46642" /><U74/><DORA hai="127" /><E74/><V53/><F22/><N who="3" m="15703" /><G87/><T57/><D73/><U36/><E36/><V31/><F31/><W10/><G67/><T35/><D35/><U15/><E2/><V104/><F104/><W61/><G125/><T88/><D80/><U23/><E23/><V14/><F3/><W135/><G126/><T21/><D21/><U124/><E124/><V82/><F82/><W6/><G135/><T112/><D81/><U13/><E58/><N who="2" m="33071" /><F83/><W44/><G59/><T38/><D112/><U0/><E0/><V101/><F75/><W17/><G64/><T52/><D38/><U86/><E86/><V113/><F101/><W47/><G47/><T20/><D85/><U95/><E95/><V78/><F113/><W99/><G99/><T103/><D103/><U46/><E46/><RYUUKYOKU ba="0,0" sc="347,0,190,0,220,0,243,0" /><INIT seed="3,1,0,5,0,69" ten="347,190,220,243" oya="3" hai0="126,92,128,2,21,25,124,125,0,34,87,112,30" hai1="15,18,88,77,134,42,105,127,107,73,44,20,6" hai2="91,84,9,60,116,133,51,43,82,59,61,118,40" hai3="64,17,95,1,72,49,66,16,58,111,19,129,102"/><W28/><G72/><T132/><D128/><U7/><E127/><V90/><F133/><W68/><G1/><N who="0" m="619" /><D132/><U119/><E134/><V108/><F108/><W114/><G114/><T3/><D3/><U54/><E119/><V94/><F9/><W23/><G111/><T67/><D112/><U65/><E65/><V86/><F118/><W74/><G74/><T41/><D41/><N who="2" m="15946" /><F116/><W50/><G129/><T103/><D67/><N who="3" m="25641" /><G68/><T63/><D63/><U35/><E35/><V122/><F122/><W120/><G120/><T131/><D131/><U8/><E54/><AGARI ba="1,0" hai="51,54,59,60,61,82,84,86,90,91,94" m="15946" machi="54" ten="30,1000,0" yaku="8,1" doraHai="69" who="2" fromWho="1" sc="347,0,190,-13,220,13,243,0" owari="347,44.7,177,-32.3,233,-16.7,243,4.3" /></mjloggm>