<mjloggm ver="2.3"><GO type="225" lobby="0"/><UN n0="%72%65%6E%6B%75%6E" n1="%E3%81%A9%E3%82%8F%E3%82%93%E3%81%94" n2="%E7%B4%94%E6%BD%94%E3%83%94%E3%83%A9%E3%83%8B%E3%82%A2" n3="%E3%83%97%E3%83%92" dan="17,16,16,17" rate="2214.00,2102.26,2148.01,2195.75" sx="M,M,M,M"/><TAIKYOKU oya="0"/><INIT seed="0,0,0,2,2,23" ten="250,250,250,250" oya="0" hai0="18,61,2,4,118,115,39,9,107,74,120,47,36" hai1="28,84,33,67,27,52,100,86,6,89,14,25,112" hai2="1,53,130,78,71,103,113,19,122,94,81,32,75" hai3="56,65,11,125,104,30,45,26,132,54,87,60,114"/><T15/><D74/><U3/><E112/><V106/><F1/><W42/><G114/><T50/><D107/><U133/><E133/><V76/><F76/><W82/><G132/><T58/><D118/><U38/><E38/><V34/><F113/><W93/><G104/><T124/><D120/><U40/><E40/><V131/><F122/><W90/><G125/><T127/><D115/><U59/><E100/><V35/><F71/><W7/><G54/><T117/><D117/><U48/><E3/><V119/><F119/><W13/><G93/><T95/><D95/><U72/><E72/><V85/><F19/><W108/><G108/><T41/><D124/><U21/><E67/><V123/><F53/><W79/><G90/><T55/><REACH who="0" step="1"/><D127/><REACH who="0" ten="240,250,250,250" step="2"/><U99/><E99/><N who="2" m="61823" /><F123/><W97/><G97/><T126/><D126/><U0/><E86/><V16/><F94/><W31/><REACH who="3" step="1"/><G26/><REACH who="3" ten="240,250,250,240" step="2"/><T88/><D88/><U101/><E89/><N who="2" m="51375" /><F75/><W43/><G43/><T111/><D111/><U12/><E27/><V46/><F78/><W64/><G64/><T109/><D109/><U105/><E105/><V96/><F96/><W91/><G91/><T63/><D63/><U98/><E98/><V69/><F131/><W8/><G8/><AGARI ba="0,2" hai="2,4,8,9,15,18,36,39,41,47,50,55,58,61" machi="8" ten="30,11600,0" yaku="1,1,7,1,53,2" doraHai="23" doraHaiUra="68" who="0" fromWho="3" sc="240,136,250,0,250,0,240,-116" /><INIT seed="0,1,0,1,2,60" ten="376,250,250,124" oya="0" hai0="110,44,113,95,56,54,76,135,111,3,74,13,25" hai1="36,93,88,52,35,89,62,49,63,101,125,98,119" hai2="27,108,1,61,115,104,132,97,129,85,121,103,46" hai3="65,114,34,43,30,122,59,67,127,66,116,45,47"/><T133/><D3/><U92/><E125/><V40/><F115/><W94/><G114/><T32/><D113/><U4/><E119/><V130/><F121/><W131/><G116/><T112/><D112/><U23/><E35/><V9/><F108/><N who="0" m="41514" /><D44/><U55/><E36/><V16/><F85/><W39/><G127/><T31/><D95/><U126/><E126/><V109/><F109/><W28/><G122/><T73/><D13/><U106/><E4/><V24/><F61/><N who="1" m="23049" /><E106/><V69/><F69/><W79/><G131/><N who="2" m="50185" /><F132/><N who="0" m="50762" /><D76/><U6/><E93/><V120/><F120/><W75/><G45/><T100/><D100/><U117/><E6/><N who="2" m="1231" /><F16/><W105/><G105/><T118/><D118/><U134/><E117/><V51/><AGARI ba="1,0" hai="24,27,40,46,51,97,103,104" m="1231,50185" machi="51" ten="30,1100,0" yaku="19,1" doraHai="60" who="2" fromWho="2" sc="376,-6,250,-4,250,14,124,-4" /><INIT seed="1,0,0,4,0,17" ten="370,246,264,120" oya="1" hai0="110,21,124,60,109,120,102,65,106,29,47,118,13" hai1="93,55,53,56,114,49,72,1,64,34,71,25,126" hai2="105,117,122,8,2,54,101,7,78,100,43,40,135" hai3="42,9,88,0,32,4,41,97,10,5,107,12,95"/><U16/><E114/><V74/><F117/><W82/><G32/><T48/><D118/><U80/><E1/><V96/><F122/><W27/><G107/><T45/><D120/><U112/><E112/><V18/><F135/><W91/><G82/><T92/><D106/><U89/><E126/><V94/><F101/><W69/><G69/><T67/><D124/><U30/><E71/><V132/><F132/><W76/><G76/><T58/><D65/><U11/><E72/><V128/><F128/><W77/><G77/><T134/><D134/><U98/><E80/><V83/><F54/><W35/><G35/><T15/><D15/><U61/><E11/><V131/><F131/><W127/><G127/><T6/><D6/><U39/><E39/><V130/><F130/><W33/><REACH who="3" step="1"/><G91/><REACH who="3" ten="370,246,264,110" step="2"/><T90/><D90/><U22/><REACH who="1" step="1"/><E49/><REACH who="1" ten="370,236,264,110" step="2"/><V46/><F83/><W20/><G20/><T84/><D48/><U23/><E23/><V28/><F74/><W86/><G86/><T38/><D21/><U62/><E62/><V51/><F51/><W44/><G44/><T87/><D45/><U37/><E37/><V19/><F46/><W3/><G3/><T66/><D47/><U119/><E119/><V111/><F2/><W26/><G26/><AGARI ba="0,2" hai="16,22,25,26,30,34,53,55,56,61,64,89,93,98" machi="26" ten="30,11600,0" yaku="1,1,7,1,52,1,54,1,53,0" doraHai="17" doraHaiUra="123" who="1" fromWho="3" sc="370,0,236,136,264,0,110,-116" owari="370,17.0,372,47.2,264,-13.6,-6,-50.6" /></mjloggm>