<mjloggm ver="2.3"><GO type="225" lobby="0"/><UN n0="%E3%82%BD%E3%83%83%E3%82%AF%E3%82%B9%E2%99%AA" n1="%E8%8F%AF%E4%B8%8D%E8%AA%9E" n2="%6E%65%77%E8%BC%AA%E5%A4%A7%E7%B4%8D%E8%A8%80" n3="%73%6C%69%63%6B%33%31%39" dan="16,16,16,16" rate="2063.58,2068.52,2097.31,2117.16" sx="M,F,M,M"/><TAIKYOKU oya="0"/><INIT seed="0,0,0,4,5,11" ten="250,250,250,250" oya="0" hai0="103,21,65,14,20,73,66,113,56,80,1,122,108" hai1="47,69,4,62,26,30,88,9,115,34,99,111,52" hai2="70,38,18,0,129,81,13,131,53,105,23,12,134" hai3="59,130,74,68,79,100,89,82,31,45,102,114,85"/><T90/><D113/><U104/><E115/><V123/><F123/><W6/><G68/><T71/><D122/><U87/><E111/><V132/><F0/><W119/><G114/><T17/><D1/><U50/><E69/><V94/><F105/><W72/><G119/><T39/><D39/><U120/><E120/><V51/><F38/><W16/><G130/><N who="2" m="49673" /><F70/><W63/><G31/><T96/><D71/><U19/><E19/><N who="2" m="10727" /><F94/><W118/><G118/><T15/><D56/><U2/><E104/><V33/><F81/><W32/><G32/><T117/><D117/><U3/><E99/><V121/><F33/><W44/><G6/><T98/><D108/><U67/><E2/><V125/><F125/><W86/><G102/><T84/><D73/><U97/><E97/><N who="0" m="37481" /><D103/><U61/><REACH who="1" step="1"/><E67/><REACH who="1" ten="250,240,250,250" step="2"/><V109/><F109/><W35/><G100/><T37/><D37/><U36/><E36/><V116/><F121/><W110/><G110/><T28/><D28/><U57/><E57/><N who="2" m="32959" /><F116/><W133/><G59/><T55/><D66/><U54/><E54/><V95/><F95/><AGARI ba="0,1" hai="3,4,9,26,30,34,47,50,52,61,62,87,88,95" machi="95" ten="30,8000,1" yaku="1,1,7,1,54,2,53,1" doraHai="11" doraHaiUra="5" who="1" fromWho="2" sc="250,0,240,90,250,-80,250,0" /><INIT seed="1,0,0,0,1,89" ten="250,330,170,250" oya="1" hai0="47,10,128,97,6,49,50,105,132,125,36,57,135" hai1="75,77,109,0,44,115,53,103,108,14,30,16,33" hai2="107,48,102,71,82,1,43,52,68,94,134,127,91" hai3="15,9,130,72,121,79,25,80,66,131,84,83,55"/><U38/><E115/><V120/><F120/><W59/><G121/><T124/><D105/><U122/><E122/><V101/><F127/><N who="0" m="48714" /><D97/><U133/><E133/><N who="0" m="51273" /><D57/><U74/><E103/><V67/><F134/><W24/><G66/><T126/><D126/><U65/><E65/><V11/><F43/><W129/><G83/><T58/><D58/><U5/><E53/><V100/><F107/><W88/><G79/><T19/><D19/><U8/><E8/><V45/><F82/><W37/><G72/><T96/><D96/><U113/><E113/><V34/><F34/><W20/><G37/><T61/><D61/><U78/><E38/><V3/><F67/><W27/><G55/><N who="0" m="30143" /><D36/><U18/><E44/><V99/><REACH who="2" step="1"/><F11/><REACH who="2" ten="250,330,160,250" step="2"/><W41/><G41/><T22/><D22/><U21/><E33/><V112/><F112/><W69/><G20/><T73/><D73/><U7/><E75/><V46/><F46/><W23/><G23/><T63/><D10/><U119/><E74/><V32/><F32/><W98/><G9/><T42/><D42/><U60/><E21/><V51/><F51/><W62/><G130/><T86/><D128/><U31/><E119/><V116/><F116/><W76/><G129/><T87/><D50/><U104/><E104/><V54/><F54/><W106/><G131/><T13/><D63/><U2/><E60/><V29/><F29/><W111/><G106/><T40/><D40/><U28/><E31/><V95/><F95/><W17/><G62/><T110/><D110/><U90/><E14/><V12/><F12/><W123/><G111/><T93/><D93/><RYUUKYOKU ba="0,1" sc="250,10,330,10,160,10,250,-30" hai0="6,13,86,87" hai1="0,2,5,7,16,18,28,30,77,78,90,108,109" hai2="1,3,45,48,52,68,71,91,94,99,100,101,102" /><INIT seed="1,1,1,2,3,19" ten="260,340,170,220" oya="1" hai0="10,92,52,102,44,20,74,108,48,69,43,63,79" hai1="120,112,130,115,46,17,16,51,83,59,22,89,66" hai2="96,65,60,118,21,27,15,105,72,125,18,71,128" hai3="24,104,109,34,84,129,58,50,99,56,119,39,6"/><U88/><E130/><V82/><F118/><W49/><G39/><T55/><D108/><U126/><E120/><V135/><F128/><W127/><G109/><T0/><D79/><U134/><E126/><V64/><F125/><W2/><G127/><T28/><D74/><U12/><E134/><V123/><F123/><W30/><G129/><T131/><D131/><U45/><E115/><V38/><F135/><W3/><G119/><T62/><D102/><U76/><E112/><V13/><F38/><W67/><G84/><T57/><D92/><U111/><E111/><V75/><F64/><W81/><G81/><T87/><D87/><N who="1" m="48615" /><E17/><V14/><REACH who="2" step="1"/><F82/><REACH who="2" ten="260,340,160,220" step="2"/><W78/><G67/><T93/><D69/><U116/><E116/><V70/><F70/><W95/><G2/><T7/><D93/><U40/><E45/><V86/><F86/><W117/><G3/><T114/><D114/><U41/><E41/><V37/><F37/><W25/><G117/><T113/><D113/><U47/><E47/><V133/><F133/><W32/><G95/><T110/><D110/><U124/><E124/><V122/><F122/><W8/><G104/><T53/><REACH who="0" step="1"/><D57/><REACH who="0" ten="250,340,160,220" step="2"/><U101/><E101/><AGARI ba="1,3" hai="13,14,15,18,21,27,60,65,71,72,75,96,101,105" machi="101" ten="40,5200,0" yaku="1,1,52,1,53,1" doraHai="19" doraHaiUra="100" who="2" fromWho="1" sc="250,0,340,-55,160,85,220,0" /><INIT seed="2,0,0,2,2,114" ten="250,285,245,220" oya="2" hai0="42,32,66,34,126,41,30,115,89,70,111,24,64" hai1="59,84,39,56,71,22,77,106,135,40,113,25,108" hai2="80,99,134,53,1,76,127,8,13,87,47,120,52" hai3="73,17,23,45,11,31,63,97,62,119,129,27,102"/><V81/><F120/><W55/><G73/><T90/><D115/><U104/><E135/><V105/><F134/><W112/><G112/><T69/><D30/><U14/><E108/><V116/><F116/><W21/><G129/><T35/><D24/><U60/><E113/><V44/><F127/><W133/><G133/><T20/><D20/><U78/><E71/><V122/><F122/><W61/><G119/><T93/><D93/><U3/><E3/><V82/><F1/><W4/><G4/><T131/><D34/><U121/><E121/><V54/><F99/><W50/><G11/><T125/><REACH who="0" step="1"/><D111/><REACH who="0" ten="240,285,245,220" step="2"/><U85/><E25/><V109/><F105/><W65/><G23/><T49/><D49/><U0/><E106/><V130/><F109/><W5/><G5/><T94/><D94/><U132/><E104/><V46/><REACH who="2" step="1"/><F130/><AGARI ba="0,1" hai="32,35,41,42,64,66,69,70,89,90,125,126,130,131" machi="130" ten="25,3200,0" yaku="1,1,22,2,53,0" doraHai="114" doraHaiUra="117" who="0" fromWho="2" sc="240,42,285,0,245,-32,220,0" /><INIT seed="3,0,0,1,0,27" ten="282,285,213,220" oya="3" hai0="2,11,20,68,36,69,16,105,54,79,124,85,17" hai1="18,120,109,22,95,125,61,93,50,37,10,112,65" hai2="0,44,90,122,8,131,46,110,24,111,128,72,94" hai3="59,77,101,104,98,63,129,102,25,92,66,62,31"/><W117/><G117/><T34/><D34/><U81/><E125/><V75/><F122/><W12/><G129/><N who="2" m="49737" /><F24/><W78/><G102/><T107/><D36/><U70/><E120/><V52/><F8/><W74/><G74/><N who="2" m="28201" /><F0/><W6/><G6/><T60/><D124/><U55/><E112/><V119/><F119/><W57/><G12/><T23/><D85/><U97/><E37/><V118/><F118/><W87/><G87/><T43/><D79/><U30/><E81/><V91/><F52/><N who="3" m="34087" /><G104/><T40/><D54/><U88/><E109/><N who="2" m="41483" /><F90/><W113/><G113/><T71/><D11/><U82/><E10/><V133/><F133/><W86/><G86/><AGARI ba="0,0" hai="44,46,86,91,94" m="41483,28201,49737" machi="86" ten="40,2600,0" yaku="19,1,14,1" doraHai="27" who="2" fromWho="3" sc="282,0,285,0,213,26,220,-26" /><INIT seed="4,0,0,4,0,41" ten="282,285,239,194" oya="0" hai0="17,101,129,102,24,11,85,87,23,119,39,84,34" hai1="132,56,71,2,52,53,12,58,73,86,22,90,112" hai2="79,50,75,78,47,48,98,133,10,83,13,95,107" hai3="114,80,110,134,103,43,94,116,108,25,45,0,7"/><T15/><D119/><U36/><E2/><V89/><F133/><W14/><G116/><T77/><D39/><U18/><E36/><V124/><F124/><W121/><G134/><T20/><D129/><U54/><E71/><V30/><F30/><W93/><G114/><T127/><D127/><U97/><E73/><V76/><F107/><W123/><G0/><T67/><D67/><U16/><E112/><V135/><F135/><W125/><G125/><T5/><D34/><U29/><E97/><V46/><F50/><N who="3" m="26943" /><G25/><T82/><REACH who="0" step="1"/><D23/><REACH who="0" ten="272,285,239,194" step="2"/><N who="1" m="11719" /><E132/><V57/><F57/><W99/><G110/><T61/><D61/><U91/><E58/><V62/><F62/><W104/><G108/><T117/><D117/><U69/><E56/><V59/><F59/><W21/><G21/><T63/><D63/><U128/><E69/><V131/><F131/><W4/><G80/><T68/><D68/><U6/><E128/><V19/><REACH who="2" step="1"/><F47/><REACH who="2" ten="272,285,229,194" step="2"/><W113/><G113/><T65/><D65/><U100/><E54/><AGARI ba="0,2" hai="10,13,19,46,48,54,75,76,78,79,83,89,95,98" machi="54" ten="30,8000,1" yaku="1,1,2,1,7,1,52,1,53,1" doraHai="41" doraHaiUra="49" who="2" fromWho="1" sc="272,0,285,-80,229,100,194,0" owari="272,7.2,205,-19.5,329,42.9,194,-30.6" /></mjloggm>