<mjloggm ver="2.3"><GO type="225" lobby="0"/><UN n0="%E6%81%A5%E6%99%92%E3%81%97" n1="%E3%82%B7%E3%83%B3%E5%A4%AA%E6%9C%97" n2="%4C%4F%4C%49%54%41" n3="%61%6D%65%6B%69" dan="16,16,16,16" rate="2086.64,2148.77,2187.74,2087.62" sx="M,M,F,M"/><TAIKYOKU oya="0"/><INIT seed="0,0,0,2,2,103" ten="250,250,250,250" oya="0" hai0="8,105,46,41,37,3,61,118,28,125,127,131,133" hai1="71,115,24,40,1,17,104,120,95,35,12,23,63" hai2="38,15,98,92,13,90,57,43,89,60,69,64,111" hai3="94,39,128,82,66,62,117,107,80,18,73,54,53"/><T75/><D118/><U116/><E116/><V119/><F119/><W2/><G2/><T113/><D113/><U16/><E104/><V50/><F111/><W0/><G0/><T74/><D28/><U20/><E120/><V72/><F72/><W96/><G39/><T11/><D131/><U65/><E115/><V55/><REACH who="2" step="1"/><F90/><REACH who="2" ten="250,250,240,250" step="2"/><W134/><G73/><T10/><D75/><U22/><E1/><V47/><AGARI ba="0,1" hai="13,15,38,43,47,50,55,57,60,64,69,89,92,98" machi="47" ten="30,8000,1" yaku="1,1,2,1,0,1,24,2,53,0" doraHai="103" doraHaiUra="130" who="2" fromWho="2" sc="250,-40,250,-20,240,90,250,-20" /><INIT seed="1,0,0,2,1,80" ten="210,230,330,230" oya="1" hai0="8,66,55,21,35,129,40,47,48,99,109,56,79" hai1="17,27,32,111,115,88,108,68,44,116,64,83,127" hai2="93,13,50,78,53,112,73,107,85,2,11,94,57" hai3="113,31,72,26,84,34,89,100,16,15,87,97,91"/><U130/><E116/><V38/><F2/><W119/><G72/><T81/><D109/><N who="1" m="42059" /><E115/><V37/><F107/><W134/><G113/><T90/><D129/><U65/><E130/><V59/><F112/><W52/><G119/><T123/><D35/><U58/><E127/><V101/><F73/><W60/><G134/><T67/><D123/><U7/><E68/><V135/><F135/><W28/><G100/><T120/><D120/><U49/><E7/><V36/><F101/><W46/><G97/><T131/><D131/><U24/><E58/><V62/><F78/><W9/><G31/><T20/><D8/><U45/><E45/><V29/><F29/><W75/><G75/><T110/><D79/><U70/><E70/><V124/><F85/><N who="3" m="32843" /><G34/><T126/><D110/><U117/><E117/><V4/><REACH who="2" step="1"/><F124/><REACH who="2" ten="210,230,320,230" step="2"/><W92/><G92/><T105/><D126/><U132/><E132/><V3/><F3/><W103/><G103/><T86/><D105/><U98/><E83/><V96/><F96/><W5/><G28/><T30/><D30/><N who="1" m="19527" /><E17/><V104/><F104/><W118/><G118/><T41/><D81/><U39/><E39/><V54/><AGARI ba="0,1" hai="4,11,13,36,37,38,50,53,54,57,59,62,93,94" machi="54" ten="40,2700,0" yaku="1,1,0,1,53,0" doraHai="80" doraHaiUra="122" who="2" fromWho="2" sc="210,-7,230,-13,320,37,230,-7" /><INIT seed="2,0,0,5,1,114" ten="203,217,357,223" oya="2" hai0="22,48,17,23,84,125,13,96,62,26,134,68,108" hai1="81,56,111,45,82,4,67,90,110,7,28,123,132" hai2="97,2,92,8,79,14,25,87,131,89,6,5,33" hai3="38,65,54,73,59,94,100,42,55,91,112,95,66"/><V118/><F131/><W60/><G73/><T93/><D108/><N who="1" m="41515" /><E132/><V101/><F79/><W86/><G112/><T46/><D125/><U99/><E123/><V39/><F39/><W16/><G38/><T18/><D134/><U49/><E28/><V50/><F118/><W75/><G75/><T12/><D26/><U31/><E31/><V113/><F113/><W88/><G42/><T129/><D129/><U80/><E67/><V32/><F25/><W126/><G126/><T120/><D120/><U58/><E99/><V21/><F50/><W104/><G66/><T10/><D68/><U20/><E20/><V47/><F47/><W72/><G72/><T102/><D62/><U69/><E90/><V127/><F127/><W85/><G100/><T103/><D84/><U130/><E69/><V3/><F21/><W121/><G104/><T64/><D64/><U35/><E35/><V122/><F122/><W57/><G57/><N who="1" m="22122" /><E130/><V41/><F32/><W63/><G63/><T36/><D10/><U37/><E37/><V77/><F33/><W106/><G106/><T19/><D36/><U51/><E45/><V53/><F8/><W29/><G29/><T15/><REACH who="0" step="1"/><D103/><REACH who="0" ten="193,217,357,223" step="2"/><U119/><E119/><V135/><F135/><W105/><G121/><T83/><D83/><U9/><E9/><V78/><F101/><W133/><G133/><T0/><D0/><U98/><E98/><V40/><F97/><W52/><G105/><T43/><AGARI ba="0,1" hai="12,13,15,17,18,19,22,23,43,46,48,93,96,102" machi="43" ten="30,4000,0" yaku="1,1,0,1,8,1,53,0" doraHai="114" doraHaiUra="117" who="0" fromWho="0" sc="193,50,217,-10,357,-20,223,-10" /><INIT seed="3,0,0,3,3,19" ten="243,207,337,213" oya="3" hai0="109,61,37,86,44,54,35,123,14,72,82,75,107" hai1="97,41,48,28,74,20,134,15,25,62,121,101,24" hai2="55,76,118,0,131,126,2,122,133,21,127,5,58" hai3="50,84,23,56,53,115,45,77,111,102,8,13,112"/><W93/><G111/><T117/><D117/><U129/><E129/><V40/><F118/><W36/><G36/><T91/><D35/><U60/><E121/><V128/><F133/><W16/><G115/><T105/><D123/><U33/><E74/><V73/><F122/><W10/><G112/><T88/><D109/><U3/><E3/><N who="2" m="1067" /><F5/><W90/><G77/><T32/><D32/><U71/><E15/><V130/><F40/><W110/><G110/><T114/><D91/><U108/><E108/><V70/><F70/><W31/><G31/><T34/><D34/><U135/><E48/><N who="2" m="31079" /><F21/><W17/><G17/><T52/><D37/><U6/><E6/><V47/><F47/><W66/><G102/><T22/><D114/><U38/><E41/><V79/><F73/><W1/><G1/><T67/><D75/><U26/><E38/><V104/><F104/><W9/><G66/><T89/><D105/><N who="1" m="63663" /><E26/><V96/><F96/><W64/><G64/><T57/><D107/><U49/><E49/><V120/><F120/><W4/><G4/><T42/><D89/><U59/><E59/><AGARI ba="0,0" hai="8,9,10,13,16,23,45,50,53,56,59,84,90,93" machi="59" ten="40,7700,0" yaku="8,1,52,1,54,1" doraHai="19" who="3" fromWho="1" sc="243,0,207,-77,337,0,213,77" /><INIT seed="3,1,0,3,1,27" ten="243,130,337,290" oya="3" hai0="59,123,60,76,48,40,65,55,18,30,31,17,24" hai1="16,42,33,89,94,119,7,5,66,3,28,84,10" hai2="21,99,110,108,81,98,52,118,47,73,15,82,57" hai3="135,67,41,107,102,61,29,124,125,70,43,132,2"/><W127/><G2/><T45/><D123/><U14/><E119/><V36/><F118/><W12/><G102/><T77/><D24/><U46/><E66/><V87/><F73/><W50/><G107/><T32/><D32/><U111/><E111/><N who="2" m="42539" /><F21/><W117/><G117/><T1/><D1/><U121/><E121/><V51/><F15/><W104/><G104/><T114/><D114/><U126/><E126/><V133/><F133/><N who="3" m="51275" /><G12/><T38/><D18/><U26/><REACH who="1" step="1"/><E3/><REACH who="1" ten="243,120,337,290" step="2"/><V100/><F100/><W35/><G50/><AGARI ba="1,1" hai="5,7,10,14,16,26,28,33,42,46,50,84,89,94" machi="50" ten="30,12000,2" yaku="1,1,2,1,7,1,52,1,54,1,53,1" doraHai="27" doraHaiUra="44" who="1" fromWho="3" sc="243,0,120,133,337,0,290,-123" owari="243,-15.7,253,5.3,337,43.7,167,-33.3" /></mjloggm>