<mjloggm ver="2.3"><GO type="225" lobby="0"/><UN n0="%E5%B8%86%E7%AB%8B%E5%A4%8F%E8%A1%A3" n1="%E2%91%A3%E9%81%BF%E9%81%8A%E6%88%AF%E3%80%90%E6%9D%B1%E5%8D%97%E3%80%91" n2="%47%32%E9%BE%8D%E9%96%80" n3="%E3%81%A1%E3%82%85%E3%81%86%E3%81%A9%E3%81%8F%E8%B1%A1%E3%81%95%E3%82%93" dan="17,16,16,17" rate="2187.08,2077.28,2095.00,2169.94" sx="M,M,M,M"/><TAIKYOKU oya="0"/><INIT seed="0,0,0,3,4,49" ten="250,250,250,250" oya="0" hai0="85,27,73,59,43,132,91,21,28,122,54,12,20" hai1="125,72,15,100,123,26,24,0,77,64,14,22,74" hai2="76,95,66,75,79,90,46,60,42,68,62,67,119" hai3="80,3,1,47,86,107,103,112,36,130,38,23,52"/><T98/><D132/><U92/><E123/><V61/><F119/><W5/><G112/><T126/><D126/><U105/><E125/><V48/><F75/><W101/><G130/><T118/><D73/><U93/><E0/><V94/><F94/><W39/><G107/><T50/><D118/><U109/><E105/><V129/><F129/><W44/><G44/><T133/><D133/><U9/><E77/><V108/><F108/><W96/><G23/><T35/><D122/><U7/><E109/><V51/><F48/><W33/><G33/><T106/><D43/><U89/><E100/><V29/><F29/><W16/><G16/><N who="0" m="10247" /><D35/><U56/><E74/><V37/><F37/><W83/><G83/><N who="0" m="49599" /><D106/><U13/><E72/><V111/><F111/><W84/><G38/><T69/><D69/><U4/><E9/><V17/><F17/><W63/><G36/><T70/><D70/><U99/><E93/><V30/><F30/><W131/><G39/><T78/><D78/><N who="2" m="29738" /><F68/><W45/><G1/><T127/><D127/><U32/><E32/><V120/><F120/><W134/><G134/><T117/><D117/><U81/><E81/><V71/><F71/><W41/><G80/><T55/><D98/><AGARI ba="0,0" hai="42,46,51,60,61,62,66,67,90,95,98" m="29738" machi="98" ten="30,1000,0" yaku="8,1" doraHai="49" who="2" fromWho="0" sc="250,-10,250,0,250,10,250,0" /><INIT seed="1,0,0,2,1,50" ten="240,250,260,250" oya="1" hai0="103,109,12,99,3,26,98,25,31,14,51,128,24" hai1="100,11,41,30,23,5,64,6,60,19,34,91,117" hai2="29,87,27,62,122,92,96,33,77,37,56,101,125" hai3="85,123,66,118,8,17,53,119,104,80,84,2,9"/><U102/><E117/><V48/><F125/><W39/><G123/><T32/><D128/><U105/><E41/><V114/><F37/><W28/><G104/><T46/><D109/><U15/><E105/><V0/><F122/><W47/><G28/><T129/><D3/><U111/><E6/><V132/><F0/><W68/><G2/><T127/><D127/><U83/><E34/><V58/><F132/><W106/><G106/><T63/><D63/><U38/><E30/><V70/><F114/><W76/><G84/><T115/><D129/><U107/><E107/><V121/><F121/><W135/><G135/><T126/><D126/><U65/><E38/><V94/><F48/><N who="3" m="28831" /><G39/><T21/><D115/><U88/><E111/><V124/><F124/><W71/><G66/><N who="1" m="25706" /><E60/><V93/><F70/><N who="3" m="26667" /><G17/><T79/><D32/><U54/><E5/><V81/><F56/><W116/><AGARI ba="0,0" hai="8,9,76,80,85,116,118,119" m="26667,28831" machi="116" ten="40,2700,0" yaku="12,1,52,1" doraHai="50" who="3" fromWho="3" sc="240,-7,250,-13,260,-7,250,27" /><INIT seed="2,0,0,2,0,81" ten="233,237,253,277" oya="2" hai0="35,71,39,12,49,22,4,36,98,34,119,62,84" hai1="6,72,65,32,83,112,99,102,5,13,28,127,124" hai2="1,40,133,11,0,21,111,86,106,109,19,29,74" hai3="100,131,126,67,46,16,53,104,90,128,79,69,57"/><V50/><F74/><W121/><G121/><T105/><D119/><U129/><E112/><V42/><F106/><W88/><G79/><T15/><D49/><U2/><E13/><V52/><F29/><W135/><G46/><T76/><D35/><U70/><E129/><N who="3" m="49738" /><G135/><T113/><D34/><U85/><E72/><V101/><F101/><W87/><G126/><N who="1" m="48170" /><E65/><V38/><F38/><W30/><G30/><T110/><D110/><N who="2" m="41994" /><F133/><W73/><G73/><T120/><D120/><U122/><E70/><V8/><F8/><W63/><G16/><T64/><D113/><U51/><E2/><N who="2" m="1131" /><F11/><W61/><G87/><T94/><D84/><U68/><E68/><V118/><F118/><W23/><G23/><T47/><D22/><U25/><E122/><V91/><F19/><W117/><G117/><T20/><D20/><U96/><E51/><V82/><F21/><W10/><G10/><T9/><D39/><U60/><E60/><V123/><F123/><W75/><G75/><T78/><D15/><U107/><E99/><AGARI ba="0,0" hai="53,57,61,63,67,69,88,90,99,100,104" m="49738" machi="99" ten="30,2000,0" yaku="19,1,54,1" doraHai="81" who="3" fromWho="1" sc="233,0,237,-20,253,0,277,20" /><INIT seed="3,0,0,5,5,127" ten="233,217,253,297" oya="3" hai0="85,10,3,80,106,117,19,83,129,93,32,17,61" hai1="1,90,31,9,88,70,125,25,42,56,100,38,62" hai2="94,27,82,107,51,41,16,26,43,53,15,116,54" hai3="13,135,45,123,118,63,12,8,65,66,4,73,59"/><W96/><G118/><T103/><D117/><U77/><E125/><V46/><F107/><W68/><G123/><T87/><D32/><U58/><E77/><V109/><F109/><W108/><G73/><T114/><D114/><U111/><E111/><V91/><F116/><W7/><G108/><T40/><D3/><U5/><E100/><V11/><F82/><W131/><G131/><T37/><D37/><U22/><E70/><V0/><F0/><W67/><G68/><T113/><D106/><U57/><REACH who="1" step="1"/><E62/><REACH who="1" ten="233,207,253,297" step="2"/><V95/><F91/><W122/><G122/><T69/><D69/><U102/><E102/><V76/><F76/><W49/><G135/><T74/><D61/><U75/><E75/><V79/><F79/><W130/><G65/><T30/><D74/><U20/><E20/><V104/><F104/><W112/><G66/><T33/><D103/><U36/><E36/><V18/><F11/><N who="3" m="4199" /><G112/><T55/><D113/><U2/><E2/><V134/><F134/><W6/><G63/><T115/><D115/><U81/><E81/><V89/><F89/><W121/><G67/><T92/><D10/><U50/><E50/><V133/><F133/><W132/><G132/><T34/><D34/><U105/><E105/><V124/><F51/><W23/><G49/><T39/><D39/><U84/><E84/><V24/><F124/><W72/><G72/><T21/><D19/><U97/><E97/><V110/><F110/><W71/><G121/><T126/><D126/><U64/><E64/><V120/><F120/><W101/><G71/><T47/><D33/><U29/><E29/><RYUUKYOKU ba="0,1" sc="233,-10,207,30,253,-10,297,-10" hai1="1,5,9,22,25,31,38,42,56,57,58,88,90" /><INIT seed="4,1,1,1,5,20" ten="223,237,243,287" oya="0" hai0="78,24,12,132,110,125,79,89,77,60,116,83,35" hai1="66,92,9,117,42,133,43,39,124,46,55,7,94" hai2="127,96,115,129,63,51,71,87,135,100,0,81,64" hai3="32,112,102,123,3,49,19,33,21,70,37,130,86"/><T109/><D116/><U41/><E117/><V59/><F0/><W25/><G37/><T26/><D125/><U15/><E124/><V82/><F127/><W120/><G3/><T22/><D132/><U40/><E133/><V28/><F135/><W38/><G38/><T48/><D35/><N who="3" m="13385" /><G112/><T17/><D48/><U68/><REACH who="1" step="1"/><E55/><REACH who="1" ten="223,227,243,287" step="2"/><V1/><F115/><W73/><G120/><T57/><D110/><U88/><E88/><V101/><F129/><W98/><G130/><T72/><D109/><U30/><E30/><V65/><F28/><W119/><G123/><T62/><D62/><AGARI ba="1,2" hai="7,9,15,39,40,41,42,43,46,62,66,68,92,94" machi="62" ten="40,2600,0" yaku="1,1,53,1" doraHai="20" doraHaiUra="58" who="1" fromWho="0" sc="223,-29,227,49,243,0,287,0" /><INIT seed="5,0,0,0,5,89" ten="194,276,243,287" oya="1" hai0="14,107,104,87,35,12,53,76,31,67,118,48,61" hai1="25,7,92,56,135,63,134,0,33,50,81,10,124" hai2="70,116,8,88,59,130,4,132,111,72,86,101,69" hai3="46,75,90,34,36,11,45,91,94,26,62,117,68"/><U106/><E106/><V114/><F111/><W109/><G75/><T122/><D122/><U73/><E124/><V120/><F120/><W78/><G109/><T85/><D118/><U126/><E126/><V40/><F116/><W32/><G117/><T64/><D35/><U60/><E50/><V52/><F72/><W38/><G78/><T121/><D121/><U37/><E37/><V42/><F130/><W102/><G11/><T23/><D107/><U2/><E2/><V71/><F101/><W16/><G102/><T28/><D104/><U113/><E113/><V9/><F132/><N who="1" m="50729" /><E63/><V123/><F114/><W47/><G62/><T105/><D105/><U19/><E81/><V1/><F9/><W77/><G77/><T6/><D6/><U30/><E73/><V55/><F55/><W133/><G133/><T125/><D125/><U80/><E80/><V54/><F54/><W128/><G36/><T96/><D76/><U18/><E92/><V98/><F123/><W43/><G45/><T129/><D129/><U79/><E79/><V39/><F39/><W57/><G128/><T110/><D110/><U20/><E33/><N who="3" m="12906" /><G46/><T3/><D3/><U82/><E82/><V5/><F5/><W100/><G100/><T15/><D61/><U51/><E51/><V58/><F4/><W97/><G38/><T131/><D131/><U21/><E20/><V119/><F1/><W22/><G47/><N who="0" m="27807" /><D23/><U83/><E83/><V84/><F119/><W93/><G22/><T41/><D41/><U13/><E0/><V27/><F40/><W127/><G43/><T66/><D96/><RYUUKYOKU ba="0,0" sc="194,15,276,15,243,-15,287,-15" hai0="12,14,15,28,31,64,66,67,85,87" hai1="7,10,13,18,19,21,25,30,56,60" /><INIT seed="5,1,0,2,1,36" ten="209,291,228,272" oya="1" hai0="47,50,33,42,98,12,44,107,19,132,125,10,116" hai1="20,26,56,81,123,21,25,3,82,100,55,13,86" hai2="59,63,117,46,39,69,34,110,128,4,114,68,6" hai3="104,61,90,70,31,58,18,92,121,97,17,53,129"/><U9/><E123/><V89/><F117/><W16/><G121/><T77/><D116/><U87/><E3/><V40/><F110/><W88/><G104/><T115/><D33/><U83/><E100/><V108/><F108/><W32/><G129/><T75/><D125/><U93/><E26/><V120/><F120/><W66/><G32/><T101/><D132/><U54/><E93/><V35/><F128/><W127/><G127/><T29/><D115/><U133/><E133/><V124/><F124/><W60/><REACH who="3" step="1"/><G31/><REACH who="3" ten="209,291,228,262" step="2"/><T85/><D29/><N who="1" m="17575" /><E21/><V79/><F35/><W119/><G119/><T135/><D135/><U65/><E65/><V102/><F34/><W7/><G7/><T73/><REACH who="0" step="1"/><D47/><REACH who="0" ten="199,291,228,262" step="2"/><U24/><E56/><V126/><F126/><W30/><G30/><T15/><D15/><U0/><E0/><V80/><F59/><W106/><G106/><T76/><D76/><U71/><E71/><V94/><F69/><W37/><G37/><T130/><D130/><U45/><E45/><V131/><F68/><W113/><G113/><T23/><D23/><U74/><E24/><V112/><F131/><W1/><G1/><T105/><D105/><U57/><E57/><V28/><F114/><W14/><G14/><T99/><D99/><U67/><E74/><V43/><F112/><W8/><G8/><T48/><D48/><U22/><E22/><V84/><F39/><W41/><G41/><T134/><D134/><U109/><E109/><V11/><F43/><W103/><AGARI ba="1,2" hai="16,17,18,53,58,60,61,66,70,88,90,92,97,103" machi="103" ten="30,7900,0" yaku="1,1,0,1,54,2,53,0" doraHai="36" doraHaiUra="38" who="3" fromWho="3" sc="199,-21,291,-40,228,-21,262,102" owari="178,-32.2,251,5.1,207,-19.3,364,46.4" /></mjloggm>