<mjloggm ver="2.3"><GO type="225" lobby="0"/><UN n0="%E7%B4%94%E6%BD%94%E3%83%94%E3%83%A9%E3%83%8B%E3%82%A2" n1="%E3%81%AF%E3%82%88%E3%81%8A%E3%81%98%E3%81%95%E3%82%93" n2="%E3%81%A9%E3%82%93%E3%82%88%E3%81%8F%4D%6B%2E%32" n3="%E3%83%B4%E3%82%A3%E3%83%AF%E3%82%B3%E3%82%B0%E3%83%8B" dan="18,17,16,16" rate="2188.92,2202.41,2197.81,2145.82" sx="M,M,M,M"/><TAIKYOKU oya="0"/><INIT seed="0,0,0,3,5,54" ten="250,250,250,250" oya="0" hai0="79,37,89,47,102,39,76,17,43,88,19,27,61" hai1="34,50,107,56,32,85,118,98,53,105,9,115,122" hai2="62,45,104,120,2,8,40,132,64,25,134,68,65" hai3="15,131,35,81,48,66,87,92,36,97,108,116,57"/><T14/><D102/><U75/><E75/><V127/><F120/><W20/><G108/><T21/><D39/><U51/><E122/><V110/><F104/><W31/><G116/><T67/><D79/><U12/><E118/><V133/><F25/><W58/><G131/><T33/><D76/><U22/><E115/><V83/><F83/><W130/><G130/><T112/><D112/><U77/><E22/><V124/><F8/><W6/><G36/><T29/><REACH who="0" step="1"/><D19/><REACH who="0" ten="240,250,250,250" step="2"/><U121/><E121/><V93/><F110/><W114/><G114/><T18/><D18/><U60/><E105/><V119/><F119/><W135/><G135/><T0/><D0/><U91/><E77/><V103/><F2/><W80/><G80/><T69/><AGARI ba="0,1" hai="14,17,21,27,29,33,37,43,47,61,67,69,88,89" machi="69" ten="20,7800,0" yaku="1,1,0,1,7,1,54,1,53,0" doraHai="54" doraHaiUra="1" who="0" fromWho="0" sc="240,88,250,-26,250,-26,250,-26" /><INIT seed="0,1,0,3,5,113" ten="328,224,224,224" oya="0" hai0="55,78,118,31,13,107,121,1,101,117,111,88,49" hai1="62,27,126,30,99,22,95,3,103,83,93,37,38" hai2="68,92,54,12,86,77,114,69,65,4,73,5,41" hai3="6,45,110,132,39,40,23,72,44,106,16,9,85"/><T57/><D1/><U130/><E3/><V89/><F114/><W14/><G110/><T33/><D111/><U76/><E126/><V74/><F41/><W108/><G108/><T127/><D121/><U61/><E130/><V43/><F43/><W80/><G132/><T125/><D78/><U64/><E93/><V28/><F28/><W42/><G106/><T10/><D31/><U32/><E61/><V50/><F77/><W66/><G66/><T58/><D33/><U25/><E25/><V15/><F68/><W120/><G72/><T20/><D20/><U102/><E103/><V7/><F65/><W36/><G120/><T79/><D79/><U53/><E53/><V17/><F69/><W21/><REACH who="3" step="1"/><G6/><REACH who="3" ten="328,224,224,214" step="2"/><N who="0" m="3287" /><D107/><U104/><E104/><V35/><F74/><W90/><AGARI ba="1,1" hai="9,14,16,21,23,36,39,40,42,44,45,80,85,90" machi="90" ten="20,8000,1" yaku="1,1,0,1,7,1,9,1,54,1,53,0" doraHai="113" doraHaiUra="115" who="3" fromWho="3" sc="328,-41,224,-21,224,-21,214,93" /><INIT seed="1,0,0,4,4,50" ten="287,203,203,307" oya="1" hai0="69,12,79,127,32,85,58,39,60,129,93,61,131" hai1="119,109,53,107,99,52,3,103,23,89,13,94,15" hai2="5,30,6,97,43,105,34,87,22,90,27,132,11" hai3="66,122,92,48,118,126,72,75,37,101,77,113,135"/><U104/><E3/><V123/><F123/><W14/><G37/><T57/><D32/><U111/><E119/><V25/><F132/><W42/><G66/><T96/><D39/><U67/><E67/><V73/><F73/><W38/><G38/><T56/><D127/><U125/><E125/><V51/><F105/><W65/><G65/><T49/><D79/><U40/><E40/><V47/><F97/><W121/><G113/><T64/><D85/><U36/><E36/><V102/><F102/><W82/><G72/><T62/><D12/><N who="1" m="4683" /><E23/><V54/><F11/><W24/><G126/><T28/><D28/><U110/><E104/><V17/><REACH who="2" step="1"/><F43/><REACH who="2" ten="287,203,193,307" step="2"/><W84/><G42/><T46/><D96/><AGARI ba="0,1" hai="52,53,89,94,96,99,103,107,109,110,111" m="4683" machi="96" ten="40,12000,1" yaku="14,1,10,1,52,2,54,1" doraHai="50" who="1" fromWho="0" sc="287,-120,203,130,193,0,307,0" /><INIT seed="1,1,0,1,5,23" ten="167,333,193,307" oya="1" hai0="121,83,115,71,38,45,17,79,122,43,18,27,92" hai1="97,99,10,68,52,57,56,34,39,6,44,125,100" hai2="74,62,69,53,47,133,5,103,61,102,95,90,26" hai3="129,105,130,65,89,16,120,41,84,14,110,128,70"/><U7/><E68/><V13/><F74/><W35/><G120/><N who="0" m="46187" /><D71/><U81/><E34/><V30/><F133/><W114/><G110/><T60/><D115/><U132/><E132/><V9/><F69/><W49/><G105/><T96/><D60/><U2/><E125/><V21/><F62/><W28/><G114/><T77/><D27/><U58/><E7/><V54/><F54/><W64/><G70/><T86/><D77/><U88/><E39/><V42/><F42/><W123/><G123/><T8/><D8/><U66/><E66/><V127/><F127/><W117/><G117/><T116/><D116/><U24/><E24/><V112/><F112/><W15/><G15/><T126/><D126/><U22/><E22/><V135/><F135/><W25/><G49/><T87/><D87/><U104/><E44/><V98/><REACH who="2" step="1"/><F47/><REACH who="2" ten="167,333,183,307" step="2"/><W36/><G41/><T50/><D50/><U78/><E52/><V37/><F37/><W82/><G36/><T0/><D0/><U40/><E40/><V111/><F111/><W75/><G75/><T107/><D107/><U109/><E109/><V55/><F55/><W63/><G63/><T33/><D33/><U91/><REACH who="1" step="1"/><E99/><REACH who="1" ten="167,323,183,307" step="2"/><V19/><F19/><W131/><G128/><T48/><D38/><U11/><E11/><AGARI ba="1,2" hai="11,14,16,25,28,35,64,65,82,84,89,129,130,131" machi="11" ten="40,5200,0" yaku="19,1,52,1,54,1" doraHai="23" who="3" fromWho="1" sc="167,0,323,-55,183,0,307,75" /><INIT seed="2,0,0,4,0,14" ten="167,268,183,382" oya="2" hai0="83,55,15,60,92,97,94,67,85,88,45,119,10" hai1="44,122,77,124,53,46,6,121,1,114,90,126,108" hai2="134,123,66,63,43,111,103,109,41,129,110,49,23" hai3="16,56,81,95,57,133,112,104,28,75,89,32,101"/><V135/><F103/><W54/><G32/><T17/><D119/><U29/><E114/><V99/><F99/><W7/><G28/><T35/><D35/><U127/><E108/><V11/><F11/><W26/><G112/><T117/><D117/><U73/><E29/><V24/><F123/><N who="1" m="47113" /><E90/><V76/><F76/><W68/><G68/><T125/><D125/><U50/><E44/><N who="2" m="25743" /><F43/><W8/><G104/><T64/><D94/><U80/><E6/><V5/><F5/><W37/><G75/><T113/><D113/><U78/><E77/><V19/><F129/><W74/><G101/><N who="0" m="60583" /><D60/><U33/><E33/><V62/><F62/><W31/><G7/><T65/><D65/><U105/><E105/><V102/><F102/><W131/><G31/><T12/><D15/><U132/><E132/><V116/><F116/><W13/><G133/><T130/><D130/><U47/><E46/><V27/><F27/><W0/><G26/><T118/><D118/><U84/><E1/><V69/><AGARI ba="0,0" hai="19,23,24,63,66,69,109,110,111,134,135" m="25743" machi="69" ten="40,7800,0" yaku="14,1,10,1,52,1" doraHai="14" who="2" fromWho="2" sc="167,-26,268,-26,183,78,382,-26" /><INIT seed="2,1,0,3,1,16" ten="141,242,261,356" oya="2" hai0="74,20,106,12,115,55,65,84,133,82,5,88,83" hai1="121,132,92,103,37,90,3,102,75,53,43,79,50" hai2="99,49,17,104,66,77,97,94,125,51,80,111,70" hai3="33,122,4,27,13,62,21,123,46,113,47,134,6"/><V0/><F0/><W45/><G33/><T72/><D115/><U1/><E132/><V10/><F125/><W25/><G134/><T38/><D38/><U7/><E121/><V8/><F104/><W35/><G113/><T124/><D124/><U114/><E114/><V130/><F130/><W101/><G101/><T56/><D106/><U131/><E131/><V67/><F111/><W42/><G42/><T110/><D110/><U105/><E43/><V120/><F120/><W119/><G119/><T118/><D118/><U26/><E37/><V29/><F29/><W69/><G35/><T19/><D133/><U63/><E63/><V52/><F51/><W128/><G128/><T15/><D65/><N who="2" m="24586" /><F70/><W48/><G48/><T89/><D89/><U34/><E75/><V86/><F17/><N who="3" m="10415" /><G69/><T127/><D127/><U135/><E79/><V39/><F39/><W23/><G62/><T58/><D58/><U54/><E53/><V36/><F36/><W112/><G112/><T71/><D71/><U18/><E7/><V93/><F93/><W24/><G123/><T59/><D59/><N who="1" m="33239" /><E135/><V109/><F109/><W61/><G61/><T73/><D73/><U30/><E18/><V40/><F40/><W41/><G41/><T100/><D74/><U108/><E108/><V81/><F81/><W87/><G122/><T2/><D72/><U96/><E105/><V78/><F78/><W107/><G107/><T68/><D68/><U32/><E32/><V76/><F76/><W91/><G4/><T9/><D83/><U11/><E1/><V116/><F116/><W22/><G6/><RYUUKYOKU ba="1,0" sc="141,-15,242,15,261,-15,356,15" hai1="3,11,26,30,34,90,92,96,102,103" hai3="22,23,24,25,27,45,46,47,87,91" /><INIT seed="3,2,0,0,4,3" ten="126,257,246,371" oya="3" hai0="114,42,6,74,53,63,1,84,51,109,103,90,112" hai1="75,33,85,9,11,117,35,82,37,60,16,127,122" hai2="66,58,116,129,39,0,83,21,97,15,70,59,89" hai3="25,119,134,76,8,108,26,48,96,128,79,27,131"/><W118/><G134/><T7/><D1/><U43/><E122/><V20/><F39/><W65/><G108/><T73/><D109/><U62/><E75/><V78/><F0/><W34/><G34/><T132/><D132/><U115/><E115/><V55/><F116/><W100/><G65/><T24/><D103/><U105/><E105/><V71/><F71/><W61/><G61/><T52/><D42/><U49/><E37/><V101/><F70/><W44/><G8/><T31/><D63/><U67/><E9/><V40/><F40/><N who="3" m="24583" /><G76/><T95/><D74/><U72/><E127/><V81/><F66/><W56/><G56/><T94/><D73/><U46/><E72/><V64/><F64/><W125/><G79/><T120/><D120/><U36/><E62/><N who="2" m="36191" /><F59/><W77/><G77/><T91/><D24/><U12/><E36/><V30/><F78/><W87/><G87/><T2/><D2/><U123/><E117/><V88/><F129/><N who="3" m="49739" /><G125/><T110/><D110/><U133/><E123/><V14/><F21/><W13/><G13/><N who="2" m="4617" /><F101/><W29/><G29/><T86/><D51/><U19/><E19/><V23/><F89/><W47/><G47/><T4/><D31/><U18/><E18/><V22/><F30/><W41/><G41/><T121/><D121/><U93/><E133/><V130/><F130/><W10/><G10/><T126/><D126/><U38/><E38/><V102/><F102/><W54/><G100/><T106/><D106/><U80/><E33/><V135/><F135/><W45/><G119/><T32/><D32/><U50/><E35/><V98/><F88/><RYUUKYOKU ba="2,0" sc="126,15,257,-15,246,15,371,-15" hai0="4,6,7,52,53,84,86,90,91,94,95,112,114" hai2="20,22,23,81,83,97,98" owari="141,-35.9,242,-15.8,261,6.1,356,45.6" /></mjloggm>