<mjloggm ver="2.3"><GO type="225" lobby="0"/><UN n0="%E4%BF%BA%E3%81%A8%E5%A6%96%E5%A4%A2" n1="%72%69%6F%75%63%68%61%6E" n2="%28%EF%BF%A3%E2%96%BD%EF%BF%A3%29%CE%B4%E2%8C%92%E3%83%BB" n3="%33%74%72%65%65" dan="17,16,16,16" rate="2176.25,2164.92,2216.38,2122.38" sx="F,M,M,F"/><TAIKYOKU oya="0"/><INIT seed="0,0,0,0,4,106" ten="250,250,250,250" oya="0" hai0="42,91,86,72,27,20,65,110,92,122,14,123,95" hai1="70,115,75,31,11,83,89,79,74,33,52,120,7" hai2="13,124,133,5,53,73,111,68,134,15,28,108,6" hai3="54,43,61,24,109,80,118,117,98,30,107,48,64"/><T121/><D110/><N who="2" m="42026" /><F68/><N who="3" m="41999" /><G80/><T36/><D65/><U1/><E120/><V12/><F73/><W26/><G26/><T113/><D113/><U93/><E115/><V57/><F28/><W37/><G109/><T21/><D14/><N who="2" m="3586" /><V32/><DORA hai="99" /><F32/><N who="3" m="20551" /><G43/><T135/><D135/><N who="2" m="51722" /><F124/><W132/><G132/><T49/><D20/><U101/><E70/><V125/><F125/><W3/><G3/><T131/><D72/><U96/><E31/><V112/><F112/><W59/><G37/><T94/><D36/><U81/><E33/><V4/><F6/><W56/><G56/><T55/><D42/><U114/><E114/><V41/><F41/><W62/><G62/><AGARI ba="0,0" hai="4,5,53,57,62" m="51722,3586,42026" machi="62" ten="40,2600,0" yaku="14,1,20,1" doraHai="106,99" who="2" fromWho="3" sc="250,0,250,0,250,26,250,-26" /><INIT seed="1,0,0,4,2,4" ten="250,250,276,224" oya="1" hai0="102,45,96,88,123,26,117,6,69,65,18,52,115" hai1="38,112,19,10,76,82,110,28,50,53,20,99,58" hai2="98,131,127,25,118,23,79,90,95,39,135,2,83" hai3="55,74,101,22,15,62,75,12,68,47,16,93,125"/><U72/><E112/><V114/><F39/><W33/><G125/><T40/><D115/><U107/><E38/><V29/><F114/><W17/><G33/><T103/><D117/><U63/><E110/><V64/><F2/><W124/><G124/><T89/><D123/><U77/><E76/><V92/><F127/><W56/><G68/><T13/><D65/><U94/><E107/><V130/><F118/><W119/><G119/><T108/><D69/><U32/><E32/><V42/><F42/><W8/><REACH who="3" step="1"/><G47/><REACH who="3" ten="250,250,276,214" step="2"/><T105/><D108/><U71/><E71/><V49/><F131/><W109/><G109/><T14/><D45/><U91/><E28/><V24/><F130/><W70/><G70/><T54/><D105/><U86/><E50/><V121/><F49/><W85/><G85/><T129/><D129/><U133/><E133/><V35/><F135/><W44/><G44/><T104/><D104/><U43/><E43/><V9/><F29/><W61/><G61/><T57/><D40/><U80/><E80/><V31/><F83/><W7/><G7/><T116/><D6/><U34/><E34/><V48/><F31/><W59/><G59/><T106/><D106/><U67/><E72/><V97/><F48/><W73/><G73/><T60/><D116/><U1/><E86/><V134/><F35/><W81/><G81/><T128/><D128/><U51/><E82/><V87/><F134/><W41/><G41/><T11/><D60/><U46/><E77/><V37/><F79/><W21/><G21/><T100/><D57/><U3/><E20/><V30/><F23/><RYUUKYOKU ba="0,1" sc="250,-15,250,15,276,-15,214,15" hai1="1,3,10,19,46,51,53,58,63,67,91,94,99" hai3="8,12,15,16,17,22,55,56,62,74,75,93,101" /><INIT seed="1,1,1,1,1,72" ten="235,265,261,229" oya="1" hai0="124,37,12,86,4,78,9,126,76,123,46,99,111" hai1="77,45,101,35,69,106,134,14,23,44,59,63,79" hai2="13,51,50,58,130,119,17,18,25,56,120,16,118" hai3="27,116,93,82,81,32,49,133,122,19,38,89,22"/><U29/><E69/><V113/><F120/><W75/><G122/><T64/><D123/><U102/><E134/><V61/><F130/><W85/><G38/><T57/><D111/><U70/><E70/><V73/><F73/><W129/><G133/><T10/><D86/><U87/><E35/><V39/><F39/><W100/><G129/><T114/><D114/><U103/><E106/><V108/><F108/><W65/><G116/><T33/><D33/><U67/><E87/><V121/><F121/><W41/><G32/><T48/><D99/><U54/><E67/><V71/><F71/><W11/><G65/><T62/><D10/><U132/><E132/><V83/><F25/><W117/><G117/><T95/><D95/><U96/><E96/><V135/><F135/><W30/><G100/><T34/><D37/><U127/><E127/><N who="0" m="48681" /><D34/><U107/><E107/><V104/><F104/><W80/><G75/><T0/><D0/><U3/><E3/><V128/><F113/><W60/><G60/><T42/><AGARI ba="1,1" hai="4,9,12,42,46,48,57,62,64,76,78" m="48681" machi="42" ten="30,4000,0" yaku="18,1,52,2" doraHai="72" who="0" fromWho="0" sc="235,53,265,-21,261,-11,229,-11" /><INIT seed="2,0,0,3,4,61" ten="288,244,250,218" oya="2" hai0="47,10,132,23,12,64,133,95,76,66,94,51,103" hai1="83,26,19,123,13,22,59,85,42,111,73,119,55" hai2="45,38,16,97,15,72,110,101,102,6,104,60,130" hai3="89,9,33,116,49,56,25,91,113,68,24,82,11"/><V53/><F72/><W34/><G116/><T44/><D23/><U2/><E111/><V92/><F110/><W107/><G68/><T99/><D76/><U50/><E2/><V127/><F130/><W14/><G107/><T48/><D94/><U120/><E119/><V67/><F6/><W121/><G121/><T70/><D70/><U18/><E73/><V54/><F127/><W30/><G113/><T80/><D80/><U106/><E106/><V39/><F102/><W117/><G117/><T28/><D28/><U1/><E1/><V134/><F134/><N who="0" m="51818" /><D48/><U86/><E42/><V4/><F4/><W105/><G105/><T115/><D115/><U52/><E55/><V7/><F7/><W0/><G82/><T79/><D79/><U124/><E124/><V46/><F104/><W126/><G126/><T93/><D93/><U27/><E27/><V109/><F109/><W20/><G25/><T122/><D122/><N who="1" m="46635" /><E83/><V125/><F125/><W100/><G0/><T62/><D62/><U98/><E98/><V21/><F39/><W131/><G24/><T112/><D112/><U31/><E31/><V37/><F37/><W135/><G30/><T65/><D51/><U78/><E78/><V88/><F101/><W87/><G100/><T118/><D118/><U43/><E43/><V41/><F46/><W57/><G135/><T71/><D71/><AGARI ba="0,0" hai="15,16,21,38,41,45,53,54,60,67,71,88,92,97" machi="71" ten="30,11600,0" yaku="7,1,52,1,54,2" doraHai="61" who="2" fromWho="0" sc="288,-116,244,0,250,116,218,0" /><INIT seed="2,1,0,1,2,14" ten="172,244,366,218" oya="2" hai0="69,2,99,13,62,1,63,114,96,90,34,102,8" hai1="60,115,46,105,111,7,54,19,133,128,23,75,131" hai2="22,12,129,76,70,66,107,91,73,9,92,117,123" hai3="45,47,31,108,85,82,134,37,86,24,3,17,51"/><V130/><F107/><W39/><G108/><T11/><D114/><U110/><E133/><V106/><F106/><W109/><G109/><N who="1" m="41482" /><E115/><V0/><F0/><W38/><G134/><T77/><D34/><U42/><E105/><V127/><F22/><W71/><G3/><T58/><D77/><U40/><E75/><V84/><F117/><W68/><G85/><T6/><D102/><U112/><E7/><V21/><F21/><W59/><G59/><T35/><D35/><U10/><E10/><V55/><F76/><W67/><G47/><T61/><D69/><U81/><E81/><V56/><F73/><W121/><G121/><T30/><D30/><U18/><E112/><V101/><F101/><W88/><G67/><T5/><D90/><U72/><E72/><V25/><F66/><W98/><G98/><T103/><D103/><U79/><E79/><V87/><F87/><W32/><REACH who="3" step="1"/><G17/><REACH who="3" ten="172,244,366,208" step="2"/><T28/><D28/><U120/><E120/><V89/><F84/><W50/><G50/><T100/><D58/><N who="1" m="34903" /><E46/><V57/><F123/><W125/><G125/><T65/><D65/><U93/><E18/><V20/><F127/><W119/><G119/><T83/><D83/><U135/><E135/><V94/><F57/><W64/><G64/><T74/><D74/><U78/><E78/><V53/><F56/><W113/><G113/><T95/><D96/><U4/><E4/><V44/><F44/><W80/><G80/><T126/><D126/><U36/><E19/><V27/><F70/><W33/><G33/><T132/><D132/><U97/><E97/><V52/><F129/><RYUUKYOKU ba="1,1" sc="172,15,244,-15,366,-15,208,15" hai0="1,2,5,6,8,11,13,61,62,63,95,99,100" hai3="24,31,32,37,38,39,45,51,68,71,82,86,88" /><INIT seed="3,2,1,0,2,2" ten="187,229,351,223" oya="3" hai0="65,22,60,124,72,91,88,58,41,131,33,103,116" hai1="27,133,51,120,134,6,9,100,81,21,92,75,0" hai2="135,17,102,32,28,15,122,105,50,86,25,20,89" hai3="10,71,78,56,12,84,101,112,94,119,13,1,37"/><W123/><G112/><T8/><D33/><U69/><E120/><V26/><F135/><N who="1" m="51721" /><E69/><V106/><F122/><W42/><G71/><T14/><D116/><U129/><E129/><V49/><F102/><W109/><G123/><T126/><D131/><U117/><E117/><V85/><F86/><W110/><G119/><T97/><D72/><U83/><E75/><V76/><F76/><W30/><G30/><T113/><D113/><U104/><E104/><V73/><F73/><W121/><G121/><T46/><D22/><U62/><E62/><V55/><F26/><W132/><G132/><T99/><D126/><U19/><E51/><V40/><F49/><W5/><G56/><T68/><D68/><U70/><E70/><V114/><F40/><W108/><G42/><T54/><D65/><U52/><E52/><V47/><F114/><W127/><G37/><T43/><D124/><U39/><E39/><V61/><F61/><W29/><G29/><T35/><D35/><U59/><E59/><V82/><AGARI ba="2,1" hai="15,17,20,25,28,32,47,50,55,82,85,89,105,106" machi="82" ten="20,1500,0" yaku="0,1,7,1" doraHai="2" who="2" fromWho="2" sc="187,-6,229,-6,351,31,223,-9" owari="181,-31.9,223,2.3,382,48.2,214,-18.6" /></mjloggm>