<mjloggm ver="2.3"><GO type="225" lobby="0"/><UN n0="%E5%80%89%E6%A9%8B%EF%BC%A0%E4%BA%8B%E5%8B%99" n1="%E6%80%AA%E3%81%97%E3%81%99%E3%81%8E%E3%82%8B%E3%83%81%E3%83%BC" n2="%43%68%65" n3="%E3%81%95%E3%81%8D%E3%81%9F%E3%81%BE%E6%9E%97%E6%AA%8E" dan="16,16,16,16" rate="2089.96,2113.24,2119.96,2126.87" sx="M,M,M,M"/><TAIKYOKU oya="0"/><INIT seed="0,0,0,5,0,38" ten="250,250,250,250" oya="0" hai0="17,67,6,65,24,110,34,123,12,64,112,132,87" hai1="79,131,8,25,15,1,3,114,99,21,125,48,124" hai2="9,105,106,57,82,96,4,28,90,50,130,98,60" hai3="108,31,19,49,23,93,102,118,113,119,55,116,128"/><T41/><D112/><U86/><E114/><V18/><F130/><W68/><G108/><T13/><D123/><U92/><E131/><V30/><F18/><W27/><G128/><T54/><D132/><U101/><E48/><V121/><F121/><W26/><G68/><T46/><D110/><U91/><E79/><V129/><F129/><W52/><G113/><T72/><D72/><U11/><E3/><V76/><F50/><W133/><G133/><T84/><D54/><U33/><E33/><V109/><F109/><W35/><REACH who="3" step="1"/><G49/><REACH who="3" ten="250,250,250,240" step="2"/><N who="0" m="26831" /><D34/><U134/><E134/><V83/><F106/><W89/><G89/><T70/><D70/><U104/><E124/><V20/><F90/><W32/><G32/><T97/><D97/><AGARI ba="0,1" hai="19,23,26,27,31,35,52,55,93,97,102,116,118,119" machi="97" ten="40,2600,0" yaku="1,1,54,1,53,0" doraHai="38" doraHaiUra="103" who="3" fromWho="0" sc="250,-26,250,0,250,0,240,36" /><INIT seed="1,0,0,2,4,48" ten="224,250,250,276" oya="1" hai0="69,28,10,31,112,38,59,95,84,8,13,70,128" hai1="87,23,133,105,115,116,72,126,7,93,47,96,74" hai2="36,89,99,58,35,103,117,65,54,51,37,22,3" hai3="135,43,45,1,11,94,25,66,132,124,90,114,14"/><U78/><E115/><V101/><F35/><W81/><G124/><T76/><D38/><U50/><E116/><V40/><F117/><W88/><G114/><T120/><D112/><U130/><E126/><V15/><F3/><W125/><G125/><T32/><D128/><U6/><E130/><V52/><F65/><W26/><G1/><T16/><D120/><U79/><E133/><N who="3" m="51274" /><G66/><T17/><D59/><U49/><E105/><V92/><F40/><W30/><G81/><T123/><D123/><U109/><E109/><V53/><F37/><W33/><G26/><T24/><D31/><U100/><E74/><V64/><F36/><N who="3" m="21735" /><G94/><T111/><D111/><U131/><E72/><V97/><F64/><W106/><G106/><T77/><D95/><U27/><E131/><V104/><REACH who="2" step="1"/><F101/><REACH who="2" ten="224,250,240,276" step="2"/><W75/><G75/><T121/><D121/><U0/><E100/><V55/><F55/><W61/><G61/><T42/><D42/><U82/><E0/><V19/><AGARI ba="0,1" hai="15,19,22,51,52,53,54,58,89,92,97,99,103,104" machi="19" ten="30,12000,2" yaku="1,1,0,1,52,3,54,1,53,0" doraHai="48" doraHaiUra="68" who="2" fromWho="2" sc="224,-30,250,-60,240,130,276,-30" /><INIT seed="2,0,0,5,2,120" ten="194,190,370,246" oya="2" hai0="12,27,89,3,49,110,13,19,57,126,132,46,131" hai1="7,69,38,4,124,40,23,128,95,103,101,111,121" hai2="87,34,91,123,35,119,74,134,59,39,0,52,55" hai3="94,54,28,72,127,100,60,79,30,41,106,113,31"/><V36/><F123/><W108/><G108/><T85/><D3/><U42/><E69/><V62/><F74/><W67/><G127/><T5/><D126/><U61/><E124/><V78/><F78/><W81/><G106/><T130/><D132/><U135/><E121/><V48/><F119/><W71/><G113/><T26/><D57/><U50/><E135/><V65/><F0/><W20/><G41/><N who="1" m="15978" /><E38/><V133/><F39/><W93/><G54/><T9/><D46/><U58/><E111/><V86/><F36/><W90/><G100/><N who="1" m="38474" /><E128/><N who="0" m="49193" /><D49/><U112/><E112/><V66/><F134/><W11/><G11/><N who="0" m="6559" /><D110/><U47/><E95/><AGARI ba="0,0" hai="5,9,13,26,27,85,89,95" m="6559,49193" machi="95" ten="30,1000,0" yaku="19,1" doraHai="120" who="0" fromWho="1" sc="194,10,190,-10,370,0,246,0" /><INIT seed="3,0,0,1,1,109" ten="204,180,370,246" oya="3" hai0="59,67,41,116,58,24,25,128,81,77,84,118,51" hai1="115,134,53,11,19,127,40,39,120,86,32,95,96" hai2="1,110,90,107,106,60,37,130,5,66,48,92,47" hai3="34,97,75,83,22,123,44,61,111,28,46,125,43"/><W12/><G123/><T124/><D128/><U73/><E73/><V2/><F37/><W70/><G125/><T63/><D124/><U91/><E127/><V0/><F5/><W52/><G34/><T131/><D131/><U36/><E120/><V87/><F110/><W7/><G111/><T6/><D6/><U45/><E134/><V49/><F130/><W54/><G28/><T29/><D24/><U64/><E32/><V18/><F18/><W85/><G75/><T65/><D41/><U104/><E39/><V50/><REACH who="2" step="1"/><F47/><REACH who="2" ten="204,180,360,246" step="2"/><W69/><G46/><T100/><D118/><U80/><E115/><V94/><F94/><W38/><G44/><T20/><D116/><U82/><E64/><V88/><F88/><W135/><G7/><T56/><D100/><U114/><E114/><V26/><F26/><W15/><G38/><T10/><D65/><U21/><E53/><V89/><F89/><W93/><G93/><T27/><D27/><U17/><E11/><V133/><F133/><W30/><G54/><T4/><D67/><U119/><E119/><V23/><F23/><W112/><G112/><T99/><D10/><U102/><E19/><V103/><F103/><W42/><G52/><T3/><D4/><U74/><E74/><V101/><F101/><W16/><G135/><T98/><D25/><AGARI ba="0,1" hai="17,21,25,36,40,45,80,82,86,91,95,96,102,104" machi="25" ten="30,1000,0" yaku="7,1" doraHai="109" who="1" fromWho="0" sc="204,-10,180,20,360,0,246,0" owari="194,-30.6,200,-20.0,360,46.0,246,4.6" /></mjloggm>