<mjloggm ver="2.3"><GO type="225" lobby="0"/><UN n0="%E3%80%93%E3%81%97%E3%83%BC%E3%82%89%E3%80%93" n1="%E4%BA%BA%E9%96%93%E3%83%81%E3%83%A3%E3%83%BC%E3%83%8F%E3%83%B3" n2="%E7%99%BD%E6%97%A5%E9%9B%AA%E8%8F%9C" n3="%E3%81%BF%E3%81%BF%E3%81%9A" dan="16,16,17,18" rate="2162.96,2075.45,2191.42,2249.59" sx="M,M,M,M"/><TAIKYOKU oya="0"/><INIT seed="0,0,0,5,2,101" ten="250,250,250,250" oya="0" hai0="35,67,66,71,63,39,28,86,47,8,19,84,1" hai1="127,6,54,5,135,3,95,124,41,76,64,92,18" hai2="49,57,59,118,22,80,91,88,108,93,119,43,104" hai3="105,116,51,31,128,4,21,29,130,73,42,125,16"/><T83/><D66/><U23/><E135/><V58/><F108/><W106/><G116/><N who="2" m="44585" /><F104/><N who="3" m="40043" /><G4/><N who="1" m="1642" /><E41/><V30/><F80/><W33/><G33/><T102/><D102/><U48/><E64/><V132/><F132/><W12/><G73/><T24/><D1/><U10/><E76/><V11/><F11/><W117/><G117/><T13/><REACH who="0" step="1"/><D83/><REACH who="0" ten="240,250,250,250" step="2"/><U111/><E3/><V78/><F93/><W37/><G125/><T46/><D46/><N who="1" m="27927" /><E127/><V17/><F59/><W115/><G115/><T34/><D34/><U62/><E124/><V72/><F58/><W94/><G94/><T14/><D14/><N who="1" m="7511" /><E111/><V60/><F57/><W89/><G130/><T45/><D45/><U68/><E68/><V77/><F72/><W99/><G128/><T0/><D0/><U27/><E62/><V96/><F60/><W85/><G12/><T98/><D98/><U81/><E81/><V75/><F96/><W82/><G99/><T113/><D113/><U56/><E56/><V52/><F75/><W61/><G61/><T25/><D25/><U114/><E114/><V70/><F70/><W36/><G82/><T55/><D55/><U90/><E90/><V2/><F52/><W133/><G133/><T122/><D122/><U131/><E131/><V53/><F53/><W40/><G89/><T126/><D126/><U9/><E9/><V134/><F91/><W65/><G65/><T7/><D7/><U79/><E79/><V121/><F78/><W123/><G123/><T97/><D97/><U26/><E26/><V87/><F88/><W50/><G85/><T15/><D15/><U74/><E74/><RYUUKYOKU ba="0,1" sc="240,15,250,15,250,-15,250,-15" hai0="8,13,19,24,28,35,39,47,63,67,71,84,86" hai1="23,27,92,95" /><INIT seed="0,1,1,3,3,79" ten="255,265,235,235" oya="0" hai0="1,32,60,65,73,58,40,98,62,120,16,84,24" hai1="4,111,122,82,43,125,96,44,119,103,78,130,34" hai2="50,105,127,68,57,18,63,97,94,47,45,30,92" hai3="0,8,110,64,126,83,131,100,87,19,113,48,21"/><T11/><D73/><N who="1" m="43343" /><E119/><V81/><F68/><W91/><G113/><T10/><D120/><U13/><E13/><V52/><F127/><W67/><G126/><T86/><D40/><U25/><E125/><V69/><F69/><W115/><G115/><T6/><D98/><U93/><E93/><V5/><F5/><W74/><G110/><T109/><D109/><U29/><E4/><V101/><F30/><W39/><G39/><T46/><D46/><U22/><E22/><V102/><F102/><W55/><G131/><T104/><D104/><N who="1" m="63591" /><E111/><V38/><F18/><W59/><G74/><T31/><REACH who="0" step="1"/><D62/><REACH who="0" ten="245,265,235,235" step="2"/><U15/><E122/><V26/><F45/><W90/><G100/><T54/><D54/><U12/><E130/><V36/><F105/><W75/><G75/><T107/><D107/><U76/><E15/><AGARI ba="1,2" hai="1,6,10,11,15,16,24,31,32,58,60,65,84,86" machi="15" ten="40,3900,0" yaku="1,1,54,1,53,0" doraHai="79" doraHaiUra="123" who="0" fromWho="1" sc="245,62,265,-42,235,0,235,0" /><INIT seed="0,2,0,4,2,47" ten="307,223,235,235" oya="0" hai0="39,38,108,130,18,78,125,25,55,89,16,121,117" hai1="101,22,111,97,126,96,134,94,28,65,67,105,124" hai2="20,72,100,46,88,110,68,58,6,37,36,3,81" hai3="10,7,132,59,69,30,83,51,112,64,75,120,114"/><T23/><D117/><U26/><E111/><V135/><F68/><W127/><G30/><T107/><D107/><U84/><E84/><V95/><F110/><W57/><G69/><T131/><D108/><U48/><E48/><V24/><F100/><W63/><G127/><T85/><D78/><U118/><E118/><V99/><F135/><W86/><G75/><T43/><D125/><N who="1" m="48235" /><E134/><V62/><F46/><W40/><G132/><T50/><D18/><U71/><E71/><V129/><F129/><N who="0" m="49162" /><D43/><U21/><E21/><V41/><F41/><W11/><G120/><T119/><D121/><U0/><E0/><V1/><F72/><W32/><G32/><T19/><D19/><U66/><E66/><V49/><F81/><W116/><G116/><T56/><D119/><U2/><E2/><V82/><F82/><AGARI ba="2,0" hai="16,23,25,38,39,50,55,56,82,85,89" m="49162" machi="82" ten="30,5800,0" yaku="19,1,52,1,54,1" doraHai="47" who="0" fromWho="2" sc="307,64,223,0,235,-64,235,0" /><INIT seed="0,3,0,5,2,0" ten="371,223,171,235" oya="0" hai0="59,55,12,135,131,73,123,90,47,18,93,96,23" hai1="14,125,63,48,39,35,64,76,106,6,115,29,3" hai2="92,107,21,134,28,80,27,105,8,13,68,15,7" hai3="58,38,124,67,19,79,20,101,86,37,121,44,74"/><T113/><D73/><U5/><E39/><V127/><F68/><W24/><G74/><T130/><D113/><U99/><E3/><V103/><F134/><W69/><G69/><T49/><D135/><U85/><E14/><V62/><F127/><W111/><G101/><T117/><D117/><U72/><E72/><V94/><F62/><W109/><G124/><T46/><REACH who="0" step="1"/><D123/><REACH who="0" ten="361,223,171,235" step="2"/><U97/><E125/><V30/><F107/><W129/><G121/><T88/><D88/><U114/><E106/><V33/><F105/><W31/><G79/><T61/><D61/><U56/><E76/><V112/><F112/><W42/><G111/><T104/><D104/><U51/><E114/><V60/><F60/><W81/><G109/><T57/><D57/><U26/><E115/><V83/><F103/><W132/><G58/><T32/><D32/><U52/><E85/><V75/><F75/><W40/><G132/><T22/><D22/><N who="1" m="15575" /><E51/><V82/><F33/><W133/><G133/><T126/><D126/><U2/><E35/><V91/><F91/><W34/><G34/><T16/><D16/><U78/><E78/><V89/><F89/><N who="3" m="51407" /><G19/><T122/><D122/><U43/><E43/><V4/><F30/><W120/><G120/><T118/><D118/><U110/><E110/><V9/><AGARI ba="3,1" hai="4,7,8,9,13,15,21,27,28,80,82,83,92,94" machi="9" ten="30,8000,1" yaku="0,1,9,1,8,1,52,2" doraHai="0" who="2" fromWho="2" sc="361,-43,223,-23,171,99,235,-23" /><INIT seed="1,0,0,2,3,47" ten="318,200,270,212" oya="1" hai0="135,37,63,46,59,107,106,28,86,20,1,2,84" hai1="92,96,134,57,123,98,117,14,52,72,122,45,7" hai2="83,120,131,82,112,124,54,26,99,64,51,115,55" hai3="61,132,81,125,76,34,23,114,31,116,4,30,104"/><U6/><E117/><V111/><F120/><N who="1" m="46121" /><E92/><V5/><F111/><W94/><G104/><T60/><D135/><U126/><E14/><V103/><F124/><W85/><G114/><N who="2" m="43561" /><F64/><W42/><G132/><T105/><D46/><U39/><E134/><V90/><F131/><W8/><G125/><T21/><D59/><U32/><E126/><V9/><F26/><W75/><G34/><T56/><D56/><U43/><E72/><V110/><F90/><W121/><G121/><T89/><D89/><U41/><E32/><V73/><F73/><W119/><G61/><N who="0" m="23627" /><D28/><U17/><E17/><V70/><F70/><W58/><G58/><T108/><D37/><N who="1" m="21679" /><E98/><V12/><F55/><W22/><G42/><T113/><D108/><U49/><E96/><V27/><F27/><W62/><G62/><T66/><D66/><U24/><E24/><V11/><F11/><W95/><G31/><T13/><D13/><U40/><E7/><V0/><F12/><N who="3" m="5127" /><G30/><T127/><D113/><U71/><E6/><V87/><F110/><W130/><G130/><T102/><D127/><U118/><E71/><V19/><F19/><W91/><G119/><T3/><D102/><U44/><E40/><V35/><F35/><W16/><G116/><T100/><D100/><U10/><E118/><V18/><F18/><W29/><G29/><T33/><D33/><U50/><E10/><V93/><F87/><AGARI ba="0,0" hai="1,2,3,20,21,84,86,87,105,106,107" m="23627" machi="87" ten="40,2600,0" yaku="28,2" doraHai="47" who="0" fromWho="2" sc="318,26,200,0,270,-26,212,0" /><INIT seed="2,0,0,5,1,86" ten="344,200,244,212" oya="2" hai0="18,31,36,83,122,107,27,13,46,95,134,2,78" hai1="113,67,91,47,1,59,16,124,29,79,115,65,131" hai2="71,49,94,63,38,105,51,26,90,55,103,88,121" hai3="114,58,118,61,102,3,56,41,48,34,119,28,32"/><V6/><F121/><W130/><G3/><T40/><D2/><U98/><E1/><V75/><F38/><W64/><G130/><T25/><D107/><U84/><E131/><V21/><F75/><W19/><G114/><T97/><D134/><U30/><E124/><V44/><F105/><W89/><G102/><T60/><D60/><U17/><E79/><V120/><F120/><W62/><G19/><N who="1" m="7242" /><E115/><V10/><F71/><W123/><G123/><T127/><D31/><N who="1" m="11787" /><E113/><V101/><F63/><W69/><G69/><T50/><D36/><U99/><E47/><N who="2" m="28095" /><F21/><W112/><G112/><T15/><D127/><U11/><E11/><V24/><F24/><W93/><G28/><T42/><D122/><U4/><E4/><V85/><F26/><W43/><G48/><T45/><D27/><U22/><E22/><V104/><F104/><W9/><G9/><T5/><D25/><U33/><E33/><V37/><F37/><W106/><G106/><T87/><D5/><U132/><E132/><V35/><F35/><W14/><G14/><T117/><D18/><U23/><E23/><V133/><F133/><W108/><G108/><T96/><D15/><U135/><E135/><V73/><F73/><W92/><G64/><N who="1" m="24650" /><E59/><V116/><F103/><W111/><G111/><T52/><D13/><U53/><E53/><N who="2" m="29927" /><F101/><W126/><G126/><T0/><D0/><U125/><E125/><V74/><F74/><W68/><G68/><T12/><D12/><U77/><E77/><V76/><F76/><W72/><G72/><T57/><D78/><U7/><E7/><V66/><F6/><RYUUKYOKU ba="0,0" sc="344,-15,200,15,244,-15,212,15" hai1="84,91,98,99" hai3="32,34,41,43,56,58,61,62,89,92,93,118,119" /><INIT seed="3,1,0,5,1,46" ten="329,215,229,227" oya="3" hai0="76,101,119,118,99,36,111,96,74,5,73,34,40" hai1="78,66,123,60,98,41,24,25,90,114,61,62,85" hai2="104,23,100,50,49,56,97,80,120,124,55,83,20" hai3="2,38,91,129,67,130,127,77,37,1,87,10,110"/><W133/><G127/><T12/><D34/><U131/><E123/><V88/><F124/><W72/><G67/><T21/><D111/><U113/><E131/><N who="3" m="50186" /><G110/><T27/><D40/><U69/><E114/><V102/><F120/><W94/><G133/><T32/><D36/><N who="3" m="13929" /><G10/><T115/><D115/><U103/><E113/><V86/><F102/><W105/><G105/><T17/><D99/><U135/><E135/><V11/><F11/><W92/><G92/><T117/><D76/><U134/><E134/><V7/><F7/><W8/><G8/><T16/><D5/><U93/><E41/><V53/><F80/><AGARI ba="1,0" hai="1,2,72,77,80,87,91,94" m="13929,50186" machi="80" ten="30,1500,0" yaku="19,1" doraHai="46" who="3" fromWho="2" sc="329,0,215,0,229,-18,227,18" /><INIT seed="3,2,0,5,2,60" ten="329,215,211,245" oya="3" hai0="21,28,14,122,94,132,67,78,56,27,61,74,64" hai1="87,135,45,29,71,85,69,9,117,77,103,17,79" hai2="59,38,106,3,81,2,84,130,54,48,51,39,43" hai3="127,86,114,6,108,82,80,104,124,35,119,16,111"/><W25/><G114/><T73/><D122/><U4/><E29/><V91/><F106/><W58/><G119/><T129/><D132/><U92/><E135/><V125/><F125/><N who="3" m="48203" /><G104/><T68/><D129/><U123/><E123/><V89/><F130/><W42/><G6/><T65/><D68/><U33/><E33/><V97/><F97/><W101/><G101/><T113/><D113/><U26/><E117/><V13/><F91/><W109/><G42/><T30/><D30/><U83/><E45/><V8/><F51/><W63/><G86/><T57/><D57/><U36/><E36/><V75/><F75/><W116/><G116/><T12/><D74/><U76/><E87/><V121/><F121/><W7/><G7/><T110/><D73/><U10/><E4/><V96/><F96/><W62/><G62/><T11/><D78/><U126/><E126/><V99/><F99/><W102/><G102/><T40/><D40/><U47/><E103/><V55/><F55/><N who="3" m="34271" /><G16/><N who="0" m="8223" /><D14/><U66/><E79/><V70/><F70/><W88/><G88/><T1/><D1/><U107/><E107/><V105/><F105/><W90/><G90/><T50/><D61/><N who="1" m="40143" /><E71/><V0/><REACH who="2" step="1"/><F43/><REACH who="2" ten="329,215,201,245" step="2"/><W53/><G53/><T5/><D50/><U49/><E77/><V24/><F24/><W44/><G44/><T52/><D52/><N who="1" m="29759" /><E92/><V98/><F98/><W19/><G80/><T134/><D94/><U15/><E26/><V93/><F93/><W131/><G82/><T18/><D134/><U120/><E120/><V112/><F112/><W118/><G131/><T31/><D27/><U133/><E133/><RYUUKYOKU ba="2,1" sc="329,-15,215,15,201,15,245,-15" hai1="9,10,15,17,76,83,85" hai2="0,2,3,8,13,38,39,48,54,59,81,84,89" owari="324,42.4,230,3.0,216,-28.4,230,-17.0" /></mjloggm>