<mjloggm ver="2.3"><GO type="225" lobby="0"/><UN n0="%E3%81%B2%E3%81%AA%E3%81%AE%E3%82%8A%E3%81%8F" n1="%E5%8D%A0%E3%81%84%E5%B8%AB%E8%A3%8F%E3%81%AA%E3%81%84%E3%81%97" n2="%E7%B4%94%E6%BD%94%E3%83%94%E3%83%A9%E3%83%8B%E3%82%A2" n3="%E3%81%A4%E3%81%A3%E3%81%B1%E3%82%8A%E3%83%9D%E3%83%BC%E3%83%AB" dan="17,17,16,16" rate="2150.46,2172.53,2116.29,2086.14" sx="M,M,M,M"/><TAIKYOKU oya="0"/><INIT seed="0,0,0,4,1,121" ten="250,250,250,250" oya="0" hai0="80,23,43,95,116,25,5,41,6,127,58,124,99" hai1="36,134,27,90,70,64,98,1,44,132,22,60,94" hai2="69,117,9,89,65,130,3,103,77,21,115,30,54" hai3="13,42,91,38,118,74,29,2,31,59,53,56,17"/><T114/><D114/><U4/><E4/><N who="0" m="1641" /><D116/><U15/><E15/><V119/><F9/><W24/><G2/><T128/><D128/><U16/><REACH who="1" step="1"/><E1/><REACH who="1" ten="250,240,250,250" step="2"/><V101/><F3/><W45/><G118/><T46/><D127/><U26/><E26/><V110/><F119/><W133/><G24/><T83/><D124/><U106/><E106/><V84/><F117/><W40/><G13/><T122/><D122/><U35/><E35/><V50/><F130/><W113/><G113/><T108/><D108/><U81/><E81/><V39/><F110/><W112/><G112/><T55/><D83/><U93/><E93/><V7/><F7/><W32/><G32/><T14/><D80/><U76/><E76/><V12/><F77/><W125/><G125/><T18/><D14/><U105/><E105/><V96/><F12/><W75/><G75/><T62/><D46/><U86/><E86/><V51/><F84/><W0/><G74/><T57/><D57/><U67/><E67/><V107/><F65/><W129/><G59/><T68/><D68/><U73/><E73/><V123/><F69/><W8/><G56/><T135/><D135/><U19/><E19/><V78/><F78/><W109/><G133/><T102/><AGARI ba="0,1" hai="18,23,25,41,43,55,58,62,95,99,102" m="1641" machi="102" ten="30,1500,0" yaku="8,1" doraHai="121" who="0" fromWho="0" sc="250,25,240,-5,250,-5,250,-5" /><INIT seed="0,1,0,0,4,127" ten="275,235,245,245" oya="0" hai0="51,54,27,83,117,32,94,69,133,100,85,105,36" hai1="110,88,120,61,96,40,125,41,90,55,29,17,44" hai2="14,6,48,115,26,39,108,95,89,77,113,16,106" hai3="56,114,53,103,75,47,134,7,9,104,34,124,21"/><T23/><D117/><U45/><E120/><V74/><F39/><W37/><G114/><T30/><D69/><U121/><E121/><V18/><F106/><W62/><G34/><T102/><D36/><U99/><E29/><V66/><F108/><W49/><G124/><T2/><D133/><U24/><E125/><V25/><F66/><W42/><G75/><T60/><D60/><U112/><E110/><V59/><F74/><W78/><G78/><T4/><D105/><U107/><E107/><V119/><F77/><W116/><G116/><T73/><D73/><U79/><E79/><V86/><F119/><W129/><G134/><T81/><D32/><U0/><E0/><V57/><F113/><W80/><G80/><T93/><D4/><U3/><E3/><V87/><F115/><W28/><G103/><N who="0" m="39467" /><D83/><U38/><E112/><V22/><F86/><W131/><G104/><T31/><D31/><U72/><E72/><V128/><F48/><W132/><G132/><T130/><D130/><N who="3" m="49673" /><G37/><T65/><D65/><U50/><E38/><V70/><F70/><W123/><G123/><T64/><D2/><U58/><E90/><V46/><F128/><W63/><G63/><T101/><D64/><U13/><E88/><V43/><F89/><W82/><G82/><T35/><D35/><U12/><E61/><V122/><F122/><W91/><G91/><N who="0" m="51631" /><D101/><U97/><E97/><V92/><F87/><W68/><G68/><T111/><D111/><U109/><E99/><V126/><F126/><W67/><G67/><T98/><D98/><U118/><E96/><V52/><F92/><RYUUKYOKU ba="1,0" sc="275,30,235,-10,245,-10,245,-10" hai0="23,27,30,51,54,93,94" /><INIT seed="0,2,0,1,5,129" ten="305,225,235,235" oya="0" hai0="58,22,48,73,72,114,8,45,62,29,42,49,31" hai1="41,111,15,106,18,40,38,1,64,66,77,128,61" hai2="102,121,57,5,94,54,115,24,32,116,125,132,28" hai3="79,84,4,91,51,89,95,92,98,105,2,119,67"/><T7/><D114/><U124/><E128/><V112/><F121/><W34/><G34/><T35/><D35/><U23/><E111/><V110/><F110/><W52/><G119/><T135/><D135/><U87/><E1/><V134/><F125/><W81/><G105/><T69/><D69/><U43/><E124/><V44/><F44/><W80/><G67/><T126/><D126/><U130/><E130/><V103/><F5/><W9/><REACH who="3" step="1"/><G79/><REACH who="3" ten="305,225,235,225" step="2"/><T20/><D31/><U118/><E106/><V56/><F116/><W97/><G97/><T33/><D29/><U131/><E131/><V17/><F28/><W59/><AGARI ba="2,1" hai="2,4,9,51,52,59,80,81,84,89,91,92,95,98" machi="59" ten="20,5200,0" yaku="1,1,0,1,7,1,54,1,53,0" doraHai="129" doraHaiUra="99" who="3" fromWho="3" sc="305,-28,225,-15,235,-15,225,68" /><INIT seed="1,0,0,4,5,74" ten="277,210,220,293" oya="1" hai0="42,47,99,93,72,38,20,130,115,59,21,26,31" hai1="124,39,77,22,84,87,111,75,80,64,6,35,2" hai2="63,131,120,88,101,89,37,118,36,79,17,108,76" hai3="29,132,4,113,83,104,81,92,98,41,32,134,60"/><U114/><E114/><V33/><F118/><W129/><G113/><T10/><D115/><U9/><E35/><V30/><F120/><W54/><G104/><T7/><D130/><U40/><E124/><V96/><F131/><W91/><G41/><T125/><D125/><U116/><E116/><V97/><F30/><W110/><G4/><T34/><D59/><U68/><E111/><V71/><F33/><W78/><G110/><T8/><D72/><U53/><E53/><V45/><F108/><W52/><G129/><T48/><D38/><U67/><E22/><V95/><F17/><W103/><G83/><T13/><REACH who="0" step="1"/><D10/><REACH who="0" ten="267,210,220,293" step="2"/><U100/><E100/><AGARI ba="0,1" hai="7,8,13,20,21,26,31,34,42,47,48,93,99,100" machi="100" ten="30,3900,0" yaku="1,1,2,1,7,1,53,0" doraHai="74" doraHaiUra="14" who="0" fromWho="1" sc="267,49,210,-39,220,0,293,0" /><INIT seed="2,0,0,3,0,83" ten="316,171,220,293" oya="2" hai0="116,14,110,131,3,58,4,12,107,43,37,129,105" hai1="127,95,81,119,103,25,90,35,51,114,24,67,88" hai2="29,9,59,72,20,53,70,27,60,92,75,50,68" hai3="73,106,56,28,112,49,31,78,98,89,93,104,38"/><V65/><F70/><W36/><G112/><T19/><D110/><U42/><E114/><V69/><F68/><W134/><G134/><T57/><D3/><U128/><E119/><V54/><F9/><W117/><G117/><T96/><D37/><U40/><E128/><V47/><REACH who="2" step="1"/><F92/><REACH who="2" ten="316,171,210,293" step="2"/><W133/><G93/><T84/><D129/><U2/><E127/><V32/><F32/><W46/><G106/><T11/><D107/><U15/><E2/><V13/><F13/><W33/><G33/><T135/><D14/><U76/><E35/><V120/><F120/><W21/><G104/><T8/><D105/><U52/><E15/><V48/><AGARI ba="0,1" hai="20,27,29,47,48,50,53,54,59,60,65,69,72,75" machi="48" ten="20,3900,0" yaku="1,1,0,1,7,1,53,0" doraHai="83" doraHaiUra="0" who="2" fromWho="2" sc="316,-13,171,-13,210,49,293,-13" /><INIT seed="2,1,0,2,3,37" ten="303,158,259,280" oya="2" hai0="21,84,66,62,36,56,120,15,118,135,65,23,116" hai1="63,1,35,13,104,53,93,12,46,95,91,131,92" hai2="0,47,87,41,11,26,117,30,33,115,29,19,88" hai3="75,39,107,76,34,28,42,60,109,80,127,24,58"/><V45/><F115/><W101/><G109/><T81/><D120/><U105/><E1/><V54/><F117/><N who="0" m="45162" /><D36/><U102/><E131/><V130/><F130/><W72/><G127/><T10/><D135/><U48/><E102/><V133/><F133/><W113/><G113/><T17/><D66/><U132/><E132/><V129/><F129/><W103/><G75/><T86/><D86/><U94/><E35/><V128/><F128/><W14/><G107/><T126/><D126/><U18/><E63/><V27/><F54/><W121/><G14/><T71/><D71/><U9/><N who="1" m="23552" /><DORA hai="99" /><U51/><E91/><AGARI ba="1,0" hai="10,15,17,21,23,56,62,65,81,84,91" m="45162" machi="91" ten="30,1000,0" yaku="12,1" doraHai="37,99" who="0" fromWho="1" sc="303,13,158,-13,259,0,280,0" /><INIT seed="3,0,0,5,4,83" ten="316,145,259,280" oya="3" hai0="90,121,78,119,113,33,86,73,0,85,3,79,133" hai1="128,59,98,19,105,134,58,31,43,112,75,2,104" hai2="88,12,17,37,15,6,34,38,51,81,30,40,115" hai3="72,70,7,135,5,9,50,18,124,35,122,42,94"/><W55/><G122/><T56/><D121/><U28/><E112/><V47/><F115/><W25/><G70/><T53/><D33/><U66/><E2/><V71/><F71/><W41/><G72/><T131/><D119/><U16/><E75/><V45/><F34/><W97/><G35/><T20/><D113/><U114/><E114/><V93/><F30/><W11/><G135/><T126/><D133/><U22/><E134/><V4/><F81/><W74/><G74/><T120/><D120/><U110/><E110/><V52/><F37/><W77/><G77/><T109/><D73/><U129/><E22/><V92/><F92/><W106/><G106/><T63/><D109/><U127/><E98/><V48/><F38/><W61/><G61/><T103/><D103/><U1/><E1/><V64/><F64/><W108/><G108/><T89/><D131/><U23/><E23/><V84/><F15/><W29/><G29/><T87/><D20/><AGARI ba="0,0" hai="4,6,12,17,20,40,45,47,48,51,52,84,88,93" machi="20" ten="30,8000,1" yaku="7,1,8,1,52,1,54,2" doraHai="83" who="2" fromWho="0" sc="316,-80,145,0,259,80,280,0" owari="236,-16.4,145,-35.5,339,43.9,280,8.0" /></mjloggm>