<mjloggm ver="2.3"><GO type="225" lobby="0"/><UN n0="%E3%81%99%E3%81%84%E3%81%BE%E3%81%9B%E3%83%BC%E3%82%93" n1="%E5%8D%A0%E3%81%84%E5%B8%AB%E8%A3%8F%E3%81%AA%E3%81%84%E3%81%97" n2="%28%EF%BF%A3%E2%96%BD%EF%BF%A3%29%CE%B4%E2%8C%92%E3%83%BB" n3="%E6%B8%A1%E5%A4%A9%E8%97%8D" dan="18,17,17,16" rate="2182.06,2174.13,2260.93,2137.89" sx="M,M,M,M"/><TAIKYOKU oya="0"/><INIT seed="0,0,0,3,4,31" ten="250,250,250,250" oya="0" hai0="16,29,52,60,56,6,66,109,20,3,21,15,83" hai1="115,42,69,96,85,27,94,70,91,5,9,130,28" hai2="112,73,32,106,48,54,30,47,71,77,78,51,53" hai3="61,49,127,79,33,14,36,4,97,39,12,123,111"/><T19/><D109/><U104/><E130/><V108/><F108/><W1/><G111/><T107/><D107/><U55/><E115/><V34/><F112/><W26/><G127/><T35/><D83/><U8/><E42/><V58/><F106/><W125/><G125/><T126/><D126/><U63/><E55/><V84/><F71/><W0/><G123/><T87/><D87/><U67/><E69/><V11/><F73/><W132/><G132/><T86/><D86/><U119/><E119/><V80/><F77/><W101/><G79/><T120/><D120/><U114/><E114/><V13/><REACH who="2" step="1"/><F30/><REACH who="2" ten="250,250,240,250" step="2"/><W10/><G36/><T129/><D129/><U102/><REACH who="1" step="1"/><E5/><AGARI ba="0,1" hai="5,11,13,32,34,47,48,51,53,54,58,78,80,84" machi="5" ten="30,12000,2" yaku="1,1,2,1,7,1,52,2,53,2" doraHai="31" doraHaiUra="44" who="2" fromWho="1" sc="250,0,250,-120,240,130,250,0" /><INIT seed="1,0,0,4,4,28" ten="250,130,370,250" oya="1" hai0="67,31,127,106,84,63,132,125,27,46,89,117,2" hai1="124,92,61,38,107,65,55,1,0,91,103,33,93" hai2="104,111,97,131,81,112,54,72,86,126,90,17,56" hai3="49,30,26,121,69,8,120,68,9,110,98,95,50"/><U64/><E124/><N who="0" m="47689" /><D117/><U15/><E38/><V83/><F126/><W45/><G110/><T116/><D116/><U133/><E133/><V118/><F118/><W20/><G50/><T25/><D2/><U66/><E107/><V35/><F111/><W99/><G99/><T114/><D106/><U34/><E103/><V134/><F131/><W87/><G87/><T16/><D114/><U52/><E15/><V88/><F134/><W96/><G96/><T43/><D132/><U94/><E91/><V32/><F112/><W39/><G39/><N who="0" m="21887" /><D31/><U57/><REACH who="1" step="1"/><E55/><REACH who="1" ten="250,120,370,250" step="2"/><V40/><F104/><W47/><G121/><T5/><D5/><U36/><E36/><V22/><F90/><W82/><G120/><T53/><D53/><U62/><E62/><V23/><F88/><N who="3" m="55655" /><G69/><N who="0" m="42239" /><D16/><U108/><E108/><V6/><F17/><W77/><G68/><T10/><D10/><U129/><E129/><V44/><F54/><W123/><G123/><T113/><D113/><U105/><E105/><V115/><F115/><W48/><G8/><T4/><D4/><U119/><E119/><V75/><F6/><W18/><G9/><T74/><D27/><U37/><E37/><V122/><F122/><W101/><G101/><T80/><D25/><U7/><E7/><V85/><F40/><W51/><G18/><T76/><D89/><U14/><E14/><V60/><F83/><W12/><G12/><T70/><D70/><U41/><E41/><V11/><F81/><W29/><G29/><T13/><D13/><U100/><E100/><V59/><F97/><W130/><G130/><T128/><D128/><RYUUKYOKU ba="0,1" sc="250,10,120,10,370,-30,250,10" hai0="74,76,80,84" hai1="0,1,33,34,52,57,61,64,65,66,92,93,94" hai3="20,26,30,45,47,48,49,51,77,82" /><INIT seed="1,1,1,4,1,102" ten="260,130,340,260" oya="1" hai0="35,41,73,99,112,113,21,126,121,96,104,59,37" hai1="74,130,19,125,45,61,109,51,17,78,108,36,97" hai2="15,123,127,0,95,76,62,89,115,86,117,26,87" hai3="110,101,18,49,83,48,94,124,118,107,88,80,3"/><U44/><E125/><V42/><F0/><W129/><G3/><T131/><D35/><U111/><E130/><V72/><F123/><W6/><G129/><T60/><D73/><U12/><E36/><V132/><F117/><W56/><G6/><T116/><D116/><U13/><E78/><V39/><F127/><W28/><G124/><T77/><D131/><U65/><E74/><V52/><F72/><W31/><G110/><T22/><D77/><U4/><E4/><V66/><F132/><W135/><G135/><T120/><D126/><U30/><E30/><N who="3" m="11306" /><G107/><T53/><D41/><U57/><E97/><N who="0" m="37449" /><D104/><U69/><E69/><V33/><F42/><W46/><G101/><T32/><D32/><U103/><E103/><V90/><F39/><W27/><G56/><T10/><D10/><N who="1" m="6295" /><E51/><N who="3" m="19530" /><G46/><T93/><D37/><U14/><E14/><V100/><F15/><W81/><G118/><T85/><D113/><U5/><E5/><V63/><F33/><W64/><G64/><T106/><D106/><U92/><E92/><V2/><F66/><W105/><G105/><T50/><D112/><U40/><E40/><V24/><F115/><W134/><G134/><T82/><D93/><U54/><E65/><V7/><F95/><W84/><G18/><T47/><D121/><U9/><AGARI ba="1,1" hai="9,13,19,44,45,54,57,61,108,109,111" m="6295" machi="9" ten="30,3000,0" yaku="14,1,10,1" doraHai="102" who="1" fromWho="1" sc="260,-11,130,43,340,-11,260,-11" /><INIT seed="1,2,0,1,2,89" ten="249,173,329,249" oya="1" hai0="91,80,84,9,14,134,83,129,116,120,79,41,4" hai1="114,44,36,67,106,86,113,111,107,128,74,27,40" hai2="8,73,96,21,30,131,18,3,66,56,19,121,33" hai3="54,103,92,53,125,38,126,130,11,68,13,115,132"/><U42/><E128/><V97/><F73/><W117/><G115/><T60/><D116/><U122/><E122/><V20/><F131/><W102/><G68/><T59/><D129/><U32/><E74/><V34/><F121/><W98/><G130/><T64/><D120/><U48/><E67/><V123/><F123/><W108/><G38/><T15/><D134/><U25/><E111/><V78/><F78/><W2/><G2/><T52/><D41/><U55/><E86/><V24/><F34/><W45/><G108/><T85/><REACH who="0" step="1"/><D64/><REACH who="0" ten="239,173,329,249" step="2"/><U43/><E36/><V46/><F66/><W29/><G132/><T88/><D88/><U57/><E113/><V7/><F33/><W69/><G117/><T81/><D81/><U133/><E114/><V31/><F31/><W5/><G29/><T10/><D10/><U35/><E133/><V61/><F30/><W82/><G82/><T109/><D109/><U12/><E32/><V112/><F112/><W28/><G28/><T23/><D23/><U22/><E35/><V65/><F46/><W104/><G45/><T127/><D127/><N who="3" m="48649" /><G69/><T62/><D62/><U75/><E44/><V101/><F101/><W26/><G102/><T110/><D110/><U47/><E47/><V16/><F21/><W6/><G11/><T95/><D95/><U58/><E106/><V118/><F118/><W70/><G104/><T76/><D76/><U37/><E107/><V49/><F49/><W63/><G70/><T94/><D94/><U100/><E37/><V93/><F93/><W71/><G92/><T1/><AGARI ba="2,1" hai="1,4,9,14,15,52,59,60,79,80,83,84,85,91" machi="1" ten="20,8000,1" yaku="1,1,0,1,7,1,54,1,53,1" doraHai="89" doraHaiUra="0" who="0" fromWho="0" sc="239,96,173,-42,329,-22,249,-22" /><INIT seed="2,0,0,0,1,45" ten="335,131,307,227" oya="2" hai0="111,110,116,97,34,48,70,83,65,30,51,77,1" hai1="101,99,33,50,3,60,135,118,129,19,13,23,41" hai2="96,25,122,133,131,18,91,39,72,113,107,71,88" hai3="117,29,5,68,121,24,128,31,85,62,63,14,32"/><V53/><F39/><W100/><G117/><T109/><D1/><U79/><E118/><V8/><F71/><W20/><G121/><T73/><D116/><U28/><E3/><V93/><F72/><W36/><G36/><T17/><D17/><U61/><E135/><V127/><F122/><W55/><G128/><T49/><D97/><U87/><E129/><V10/><F131/><W67/><G100/><T43/><D43/><U120/><E120/><V119/><F133/><W126/><G126/><T123/><D123/><U114/><E114/><V52/><F113/><W108/><G108/><T26/><D65/><U115/><E115/><V7/><F127/><W106/><G106/><T81/><D81/><U69/><E69/><AGARI ba="0,0" hai="26,30,34,48,49,51,69,70,73,77,83,109,110,111" machi="69" ten="50,8000,1" yaku="14,1,52,3" doraHai="45" who="0" fromWho="1" sc="335,80,131,-80,307,0,227,0" /><INIT seed="3,0,0,1,3,77" ten="415,51,307,227" oya="3" hai0="110,62,60,16,24,42,23,69,9,126,87,57,113" hai1="103,4,105,71,30,75,117,21,47,131,5,101,109" hai2="129,32,107,119,49,1,14,8,99,11,72,0,7" hai3="18,100,115,130,34,98,90,27,15,81,56,112,85"/><W88/><G130/><T38/><D110/><U91/><E21/><V102/><F72/><W96/><G34/><T26/><D126/><U33/><E30/><V73/><F73/><W10/><G27/><T52/><D113/><U89/><E47/><V65/><F32/><W6/><G6/><T35/><D9/><U135/><E33/><V78/><F78/><W92/><REACH who="3" step="1"/><G56/><REACH who="3" ten="415,51,307,217" step="2"/><T61/><D26/><U132/><E75/><V123/><F129/><W12/><G12/><T51/><D35/><U48/><E131/><V59/><F14/><W25/><G25/><T114/><D114/><U63/><E48/><V134/><F49/><W120/><G120/><T82/><D69/><U116/><E71/><V66/><F123/><W128/><G128/><T127/><D127/><U111/><REACH who="1" step="1"/><E63/><REACH who="1" ten="415,41,307,217" step="2"/><N who="2" m="38143" /><F7/><W64/><G64/><T37/><D37/><U79/><E79/><V53/><F66/><W67/><G67/><T95/><D38/><U133/><E133/><V44/><F134/><W104/><AGARI ba="0,2" hai="10,15,18,81,85,88,90,92,96,98,100,104,112,115" machi="104" ten="20,12000,1" yaku="1,1,0,1,7,1,52,1,54,1,53,0" doraHai="77" doraHaiUra="31" who="3" fromWho="3" sc="415,-40,41,-40,307,-40,217,140" /><INIT seed="3,1,0,4,4,62" ten="375,1,267,357" oya="3" hai0="53,51,125,124,79,31,10,99,52,114,92,127,68" hai1="40,108,56,15,28,105,95,119,46,104,54,129,4" hai2="72,11,109,7,3,82,36,61,80,135,112,8,45" hai3="100,25,27,90,132,19,67,106,118,12,94,30,96"/><W75/><G118/><T120/><D120/><U111/><E28/><V22/><F112/><W69/><G132/><T83/><D114/><U6/><E119/><V39/><F135/><W63/><G75/><N who="0" m="43519" /><D68/><U1/><E1/><V20/><F109/><W87/><G30/><T24/><D10/><AGARI ba="1,0" hai="10,12,19,25,27,63,67,69,87,90,94,96,100,106" machi="10" ten="30,2900,0" yaku="7,1,52,1" doraHai="62" who="3" fromWho="0" sc="375,-32,1,0,267,0,357,32" owari="343,14.3,1,-49.9,267,-13.3,389,48.9" /></mjloggm>