<mjloggm ver="2.3"><GO type="225" lobby="0"/><UN n0="%33%74%72%65%65" n1="%65%6B%61%72%75%74%65" n2="%E3%82%BC%E3%83%AB%E3%83%80%E3%81%AE%E4%BC%9D%E8%AA%AC" n3="%E8%81%B7%E6%A5%AD%E3%80%81%E9%A2%A8%32" dan="16,16,16,16" rate="2146.86,2173.46,2218.39,2156.43" sx="F,M,M,M"/><TAIKYOKU oya="0"/><INIT seed="0,0,0,2,3,100" ten="250,250,250,250" oya="0" hai0="66,85,88,21,71,110,8,46,43,135,73,28,124" hai1="30,79,117,120,29,60,99,20,52,93,59,118,128" hai2="89,134,96,45,121,12,3,112,91,87,7,105,37" hai3="103,104,31,72,127,75,106,109,62,114,25,50,44"/><T125/><D73/><U48/><E120/><V33/><F121/><W68/><G114/><T58/><D135/><U54/><E128/><V77/><F112/><W34/><G109/><T108/><D71/><U101/><E79/><V16/><F33/><W63/><G127/><N who="0" m="48715" /><D8/><U131/><E131/><V90/><F134/><W15/><G15/><T70/><D70/><U10/><E10/><V23/><F3/><W19/><G19/><T67/><D58/><U42/><E42/><V123/><F7/><W57/><G68/><T51/><D21/><U69/><E69/><V98/><F123/><W86/><G75/><T24/><D24/><U53/><E53/><V97/><F37/><W111/><G72/><T26/><D26/><U11/><E11/><V32/><F32/><W92/><G111/><N who="0" m="42539" /><D28/><U56/><REACH who="1" step="1"/><E20/><REACH who="1" ten="250,240,250,250" step="2"/><V49/><F77/><W95/><G34/><T129/><D129/><U9/><E9/><V35/><F35/><W17/><G57/><T102/><D102/><U4/><E4/><V5/><F5/><W61/><G103/><T94/><AGARI ba="0,1" hai="43,46,51,66,67,85,88,94" m="42539,48715" machi="94" ten="30,11700,0" yaku="18,1,14,1,10,1,54,1" doraHai="100" who="0" fromWho="0" sc="250,127,240,-39,250,-39,250,-39" /><INIT seed="0,1,0,3,2,69" ten="377,201,211,211" oya="0" hai0="108,48,53,57,135,85,93,56,102,21,38,58,43" hai1="4,115,83,126,42,127,54,49,35,39,78,100,90" hai2="132,63,26,46,31,23,66,130,29,9,14,119,36" hai3="70,125,30,51,47,103,88,91,33,40,89,122,25"/><T73/><D73/><U61/><E35/><V37/><F132/><W32/><G70/><T65/><D135/><U68/><E115/><V95/><F130/><W52/><G122/><T20/><D108/><U17/><E100/><V67/><F119/><W105/><G125/><N who="1" m="47626" /><E4/><V96/><F31/><W60/><G105/><T15/><D15/><U16/><E90/><V7/><F46/><W129/><G129/><T131/><D131/><U94/><E94/><V107/><F107/><W11/><G103/><T121/><D121/><U50/><E61/><V3/><F3/><W106/><G106/><T80/><D93/><U18/><E68/><V97/><F67/><W64/><G11/><T72/><D102/><U27/><E27/><V19/><F7/><W87/><G33/><T34/><D34/><U112/><E54/><V113/><F113/><W1/><G1/><T28/><D65/><U71/><E71/><V134/><F134/><W12/><G12/><T82/><D53/><U124/><N who="1" m="47634" /><U92/><DORA hai="74" /><E92/><V99/><REACH who="2" step="1"/><F95/><REACH who="2" ten="377,201,201,211" step="2"/><W110/><G64/><T81/><D28/><U5/><E5/><V76/><F76/><W116/><G116/><T59/><D59/><AGARI ba="1,1" hai="9,14,19,23,26,29,36,37,59,63,66,96,97,99" machi="59" ten="40,8000,1" yaku="1,1,52,2,53,2" doraHai="69,74" doraHaiUra="24,10" who="2" fromWho="0" sc="377,-83,201,0,201,93,211,0" /><INIT seed="1,0,0,2,2,34" ten="294,201,294,211" oya="1" hai0="8,70,20,1,95,128,111,45,66,114,16,57,29" hai1="4,99,104,26,17,92,69,93,2,123,39,48,51" hai2="44,53,106,133,13,77,30,122,31,61,63,116,74" hai3="24,89,76,112,52,60,23,47,125,7,41,62,78"/><U101/><E123/><V121/><F116/><W68/><G112/><T65/><D114/><U12/><E69/><V100/><F106/><W43/><G125/><T97/><D70/><U84/><E39/><V58/><F100/><W96/><G68/><T117/><D117/><U85/><E26/><V72/><F44/><W110/><G110/><T40/><D111/><U103/><E4/><V38/><F38/><W80/><G7/><T83/><D83/><U71/><E71/><V56/><F13/><W115/><G115/><T33/><D57/><U94/><E2/><V102/><F102/><W22/><G96/><T75/><D75/><U88/><E103/><V10/><F10/><W118/><G118/><T81/><D81/><U67/><E67/><V21/><F21/><W82/><G24/><N who="0" m="18599" /><D95/><U15/><E15/><V46/><F46/><W54/><G47/><T14/><D97/><U79/><E104/><V98/><F98/><W50/><G89/><T64/><D128/><U130/><E130/><V127/><F77/><W134/><REACH who="3" step="1"/><G50/><REACH who="3" ten="294,201,294,201" step="2"/><T124/><D124/><U120/><E120/><V25/><F127/><W87/><G87/><T109/><D109/><U32/><E32/><V49/><F49/><W119/><G119/><T108/><D108/><U91/><REACH who="1" step="1"/><E79/><REACH who="1" ten="294,191,294,201" step="2"/><V9/><F25/><W107/><G107/><T6/><D66/><U37/><E37/><AGARI ba="0,2" hai="1,6,8,14,16,20,37,40,45,64,65" m="18599" machi="37" ten="30,3900,0" yaku="24,1,52,1,54,1" doraHai="34" who="0" fromWho="1" sc="294,59,191,-39,294,0,201,0" /><INIT seed="2,0,0,5,5,68" ten="353,152,294,201" oya="2" hai0="3,11,133,90,47,128,56,60,37,62,110,72,45" hai1="106,13,101,93,44,113,82,89,132,134,77,85,123" hai2="117,22,131,94,19,12,81,54,65,124,5,57,52" hai3="9,35,20,87,0,73,8,109,30,78,38,49,4"/><V98/><F124/><W99/><G109/><T127/><D72/><N who="1" m="43303" /><E13/><V69/><F131/><W31/><G99/><T135/><D110/><U112/><E44/><V18/><F117/><W122/><G87/><T63/><D127/><U41/><E41/><V119/><F119/><W95/><G95/><T103/><D128/><U39/><E39/><V6/><F69/><W100/><G100/><T64/><D103/><U14/><E14/><V42/><F81/><W34/><G49/><T114/><D90/><U70/><E70/><V58/><F42/><W25/><G38/><T118/><D114/><N who="1" m="44139" /><E123/><V86/><F86/><W125/><G122/><T105/><D105/><U28/><E28/><V61/><F18/><W116/><G116/><T108/><D108/><U67/><E67/><V91/><F65/><W92/><G125/><T102/><D102/><U83/><E83/><V51/><AGARI ba="0,0" hai="5,6,12,19,22,51,52,54,57,58,61,91,94,98" machi="51" ten="20,7800,0" yaku="0,1,7,1,8,1,54,1" doraHai="68" who="2" fromWho="2" sc="353,-26,152,-26,294,78,201,-26" /><INIT seed="2,1,0,4,3,35" ten="327,126,372,175" oya="2" hai0="48,61,93,96,71,109,42,110,59,56,87,133,69" hai1="122,114,94,113,24,80,27,1,99,13,41,26,49" hai2="46,90,111,2,92,37,65,62,28,107,55,125,127" hai3="53,115,19,6,116,11,60,118,5,126,32,123,105"/><V101/><F28/><W68/><G123/><T43/><D87/><U82/><E122/><V75/><F75/><W119/><G126/><N who="2" m="48137" /><F111/><N who="0" m="42506" /><D93/><U4/><E13/><V85/><F101/><W10/><G105/><T106/><D96/><U83/><E49/><N who="2" m="29111" /><F37/><W7/><G68/><N who="0" m="26187" /><D106/><U14/><E14/><V0/><F107/><W64/><G64/><N who="0" m="38951" /><D133/><U17/><E41/><V130/><F130/><W34/><G116/><T77/><D77/><U40/><E40/><V100/><F100/><W74/><G118/><T89/><D89/><U20/><E113/><V135/><F135/><W9/><G115/><T52/><AGARI ba="1,0" hai="42,43,48,52,59" m="38951,26187,42506" machi="52" ten="40,8000,1" yaku="14,1,34,2,54,1" doraHai="35" who="0" fromWho="0" sc="327,83,126,-21,372,-41,175,-21" /><INIT seed="3,0,0,2,0,40" ten="410,105,331,154" oya="3" hai0="23,24,79,6,11,38,75,117,100,63,53,30,115" hai1="91,31,64,35,105,85,84,106,22,118,71,18,51" hai2="126,116,50,134,2,78,7,58,19,108,82,103,74" hai3="0,121,95,44,25,87,37,123,124,16,43,45,131"/><W135/><G124/><T110/><D117/><U56/><E118/><V47/><F116/><W33/><G0/><T127/><D127/><U41/><E35/><V122/><F126/><W107/><G107/><T8/><D110/><U86/><E31/><V128/><F108/><W66/><G135/><T29/><D38/><U14/><E105/><V57/><F134/><W72/><G72/><T120/><D120/><U102/><E106/><V13/><F128/><W12/><G131/><T104/><D30/><U54/><E102/><V101/><F122/><W65/><G43/><T70/><D115/><U60/><REACH who="1" step="1"/><E41/><REACH who="1" ten="410,95,331,154" step="2"/><V88/><F103/><W99/><G33/><T83/><D100/><U76/><E76/><V21/><F101/><N who="3" m="60671" /><G123/><T9/><D104/><U4/><E4/><V26/><F2/><W109/><G121/><T3/><D70/><U49/><E49/><V20/><F88/><AGARI ba="0,1" hai="14,18,22,51,54,56,60,64,71,84,85,86,88,91" machi="88" ten="40,5200,0" yaku="1,1,54,1,53,1" doraHai="40" doraHaiUra="52" who="1" fromWho="2" sc="410,0,95,62,331,-52,154,0" owari="410,51.0,157,-24.3,279,7.9,154,-34.6" /></mjloggm>