<mjloggm ver="2.3"><GO type="225" lobby="0"/><UN n0="%73%69%72%6F%75%74" n1="%6A%79%75%6E%6F%68" n2="%67%61%79%75%6E%79" n3="%E9%BB%92%E9%89%84%E7%8F%A0%E9%9B%AB" dan="16,16,16,16" rate="2132.21,2138.07,2069.12,2148.29" sx="M,M,M,F"/><TAIKYOKU oya="0"/><INIT seed="0,0,0,2,2,82" ten="250,250,250,250" oya="0" hai0="30,46,122,52,87,61,5,65,66,59,85,57,109" hai1="75,15,123,0,74,93,114,25,1,32,84,63,127" hai2="64,11,10,96,26,99,73,119,4,23,72,131,90" hai3="12,60,37,22,54,34,124,118,29,120,48,81,68"/><T133/><D122/><U91/><E123/><V36/><F36/><W45/><G118/><T49/><D133/><U42/><E127/><V53/><F119/><W69/><G124/><T70/><D109/><U31/><E114/><V13/><F131/><W88/><G120/><T98/><D5/><U24/><E42/><V116/><F116/><W112/><G112/><T86/><D30/><U102/><E102/><V104/><F64/><N who="0" m="24682" /><D70/><U27/><E63/><V83/><F104/><W97/><G60/><T129/><D129/><U62/><E62/><V94/><F99/><W17/><G37/><T18/><D98/><U44/><E44/><V121/><F121/><W126/><G126/><T115/><D115/><U58/><E58/><N who="0" m="22025" /><D61/><U67/><E67/><V108/><F108/><W76/><G29/><T6/><D6/><U134/><E134/><V135/><F73/><W130/><G34/><T107/><D107/><U2/><E32/><V95/><F72/><W80/><G130/><T7/><D7/><U38/><E38/><V111/><F4/><W8/><G97/><T3/><D3/><U103/><E31/><V14/><F96/><W33/><G33/><T78/><D18/><U100/><E75/><V110/><F135/><W71/><G22/><T40/><D40/><U128/><E74/><V55/><F23/><W19/><G19/><T125/><D125/><U28/><E28/><V50/><F111/><W56/><G56/><T16/><D16/><U9/><E128/><V51/><F110/><W132/><G132/><T105/><D105/><U113/><E113/><V21/><F21/><RYUUKYOKU ba="0,0" sc="250,15,250,15,250,-15,250,-15" hai0="46,49,52,78,85,86,87" hai1="0,1,2,9,15,24,25,27,84,91,93,100,103" /><INIT seed="0,1,0,3,0,33" ten="265,265,235,235" oya="0" hai0="25,28,135,0,61,108,52,97,122,78,53,34,37" hai1="117,126,16,87,63,10,130,26,64,21,32,111,83" hai2="98,119,102,35,116,82,70,77,76,107,101,23,88" hai3="50,22,8,100,67,55,39,115,4,20,12,86,127"/><T128/><D122/><U45/><E111/><V56/><F35/><W49/><G39/><T95/><D37/><U106/><E117/><N who="2" m="45131" /><F70/><W74/><G74/><T30/><D108/><U7/><E126/><V60/><F102/><W121/><G115/><T114/><D114/><U17/><E32/><V59/><F23/><W99/><G127/><T123/><D123/><U79/><E130/><V120/><F120/><W96/><G67/><T110/><D110/><U38/><E106/><V44/><F44/><W66/><G66/><T9/><D128/><U13/><E38/><V65/><F59/><W5/><G121/><T40/><D40/><U24/><E45/><V14/><F14/><W113/><G113/><T57/><D78/><U112/><E112/><V48/><F48/><W51/><G55/><T85/><D30/><U19/><REACH who="1" step="1"/><E26/><REACH who="1" ten="265,255,235,235" step="2"/><V54/><F65/><W75/><G75/><T6/><D135/><U131/><E131/><V29/><F29/><W69/><G69/><AGARI ba="1,1" hai="7,10,13,16,17,19,21,24,63,64,69,79,83,87" machi="69" ten="30,3900,0" yaku="1,1,7,1,54,1,53,0" doraHai="33" doraHaiUra="36" who="1" fromWho="3" sc="265,0,255,52,235,0,235,-42" /><INIT seed="1,0,0,2,3,38" ten="265,307,235,193" oya="1" hai0="65,41,67,32,8,110,13,3,106,63,125,86,128" hai1="27,7,74,39,77,98,59,1,71,31,97,91,54" hai2="72,34,102,15,4,129,57,105,16,44,22,51,80" hai3="119,18,47,133,12,90,123,2,0,84,9,96,20"/><U45/><E71/><V6/><F129/><W73/><G123/><T68/><D106/><U56/><E74/><V37/><F34/><W62/><G73/><T28/><D3/><U88/><E77/><V14/><F37/><W52/><G133/><T11/><D67/><U131/><E131/><V5/><F105/><W53/><G96/><T120/><D128/><U66/><E7/><V42/><F102/><W21/><G119/><T58/><D120/><U126/><E1/><V10/><REACH who="2" step="1"/><F57/><REACH who="2" ten="265,307,225,193" step="2"/><N who="3" m="35111" /><G0/><T17/><D68/><U101/><E59/><V107/><F107/><W75/><G2/><T121/><D32/><U76/><E101/><V83/><F83/><N who="3" m="49439" /><G75/><T33/><D121/><U69/><E39/><V35/><F35/><W40/><G40/><T78/><D41/><U24/><E69/><V82/><F82/><W115/><G115/><T118/><D33/><U55/><E56/><V117/><F117/><W23/><G47/><T116/><D58/><U70/><E45/><V113/><F113/><W46/><G46/><T29/><D118/><U30/><E70/><V50/><F50/><W134/><G134/><T87/><D116/><U25/><E55/><AGARI ba="0,1" hai="9,12,18,20,21,23,53,55" m="49439,35111" machi="55" ten="30,2000,0" yaku="8,1,54,1" doraHai="38" who="3" fromWho="1" sc="265,0,307,-20,225,0,193,30" /><INIT seed="2,0,0,4,1,43" ten="265,287,225,223" oya="2" hai0="53,128,109,86,39,21,96,27,84,31,30,68,116" hai1="69,33,70,52,123,131,19,11,32,76,44,99,87" hai2="60,3,48,77,117,113,55,107,78,2,90,118,41" hai3="74,127,16,46,29,103,124,108,119,114,12,132,1"/><V36/><F113/><W22/><G119/><T28/><D68/><U61/><E131/><V5/><F107/><W121/><G74/><T37/><D109/><U17/><E99/><V57/><F117/><W133/><G121/><T67/><D128/><U80/><E123/><V25/><F118/><W134/><G108/><T83/><D39/><U122/><E122/><V89/><F36/><W65/><G1/><T110/><D37/><U59/><E70/><V112/><F112/><W9/><G114/><T88/><D67/><U93/><E69/><V95/><F90/><W72/><G72/><T100/><D110/><U34/><E93/><V75/><F25/><N who="3" m="16567" /><G65/><T13/><D13/><U129/><E129/><V104/><F104/><W8/><G103/><T66/><D66/><U63/><E63/><V79/><F75/><W130/><G130/><T135/><D135/><U24/><E11/><N who="3" m="4170" /><G46/><T126/><D116/><U51/><REACH who="1" step="1"/><E24/><REACH who="1" ten="265,277,225,223" step="2"/><V101/><F101/><W91/><G91/><T56/><D100/><U42/><AGARI ba="0,1" hai="17,19,32,33,34,42,44,51,52,59,61,76,80,87" machi="42" ten="30,12000,2" yaku="1,1,2,1,0,1,52,1,54,1,53,1" doraHai="43" doraHaiUra="49" who="1" fromWho="1" sc="265,-30,277,130,225,-60,223,-30" /><INIT seed="3,0,0,0,4,126" ten="235,407,165,193" oya="3" hai0="24,69,132,19,32,51,107,72,92,48,31,55,22" hai1="27,102,61,103,73,118,33,97,131,26,53,125,36" hai2="91,109,119,79,44,121,65,15,128,108,130,63,28" hai3="66,71,60,96,49,11,78,112,3,123,124,82,30"/><W1/><G112/><T23/><D72/><U13/><E13/><V20/><F119/><W88/><G123/><T106/><D69/><U39/><E53/><V110/><F121/><W43/><G124/><T133/><D92/><U34/><E97/><V116/><F116/><W56/><G30/><T117/><D117/><U89/><E89/><V129/><F79/><W7/><G1/><T38/><D38/><U98/><E98/><V8/><F44/><W100/><G43/><T67/><D67/><U42/><E61/><V85/><F20/><N who="0" m="7722" /><D19/><U68/><E125/><V17/><F28/><W18/><G18/><T95/><D95/><U70/><E118/><V75/><F75/><W134/><G134/><N who="0" m="51819" /><D51/><U45/><E73/><V25/><F25/><W62/><G49/><T2/><D2/><U21/><E21/><V113/><F113/><W14/><G3/><T57/><AGARI ba="0,0" hai="24,31,32,48,55,57,106,107" m="51819,7722" machi="57" ten="30,1100,0" yaku="20,1" doraHai="126" who="0" fromWho="0" sc="235,11,407,-3,165,-3,193,-5" owari="246,4.6,404,50.4,162,-33.8,188,-21.2" /></mjloggm>