<mjloggm ver="2.3"><GO type="225" lobby="0"/><UN n0="%E8%81%B7%E6%A5%AD%E3%80%81%E9%A2%A8%32" n1="%72%69%6F%75%63%68%61%6E" n2="%70%68%65%6E%6F%6D%65" n3="%E9%B3%B3%E6%9D%B1%E3%81%AE%E3%81%86%E3%81%95%E3%81%8E%E3%81%95%E3%82%93" dan="16,17,16,16" rate="2125.22,2248.08,2141.66,2250.17" sx="M,M,M,M"/><TAIKYOKU oya="0"/><INIT seed="0,0,0,4,5,102" ten="250,250,250,250" oya="0" hai0="24,46,79,134,70,83,31,62,49,7,3,16,35" hai1="20,18,58,64,123,27,11,28,40,124,29,97,93" hai2="130,42,59,94,111,128,110,4,1,101,81,57,112" hai3="113,8,135,131,15,22,77,2,33,61,129,30,80"/><T120/><D134/><U114/><E123/><V38/><F4/><N who="3" m="1047" /><G61/><T76/><D120/><U122/><E124/><V34/><F34/><W66/><G66/><T78/><D83/><U92/><E122/><V90/><F1/><W125/><G125/><T44/><D3/><U23/><E114/><V67/><F112/><W89/><G89/><T13/><D7/><U82/><E40/><V119/><F81/><W71/><G71/><T87/><D87/><U12/><E82/><V69/><F101/><W75/><G113/><T109/><D109/><N who="2" m="41482" /><F119/><W104/><G135/><T68/><D62/><N who="1" m="37975" /><E97/><V126/><F126/><W105/><G15/><T55/><REACH who="0" step="1"/><D46/><REACH who="0" ten="240,250,250,250" step="2"/><U9/><E28/><V54/><F130/><N who="3" m="49675" /><G33/><T74/><D74/><U108/><E108/><V5/><F128/><W21/><G30/><T10/><AGARI ba="0,1" hai="10,13,16,24,31,35,44,49,55,68,70,76,78,79" machi="10" ten="30,6000,0" yaku="1,1,0,1,54,1,53,0" doraHai="102" doraHaiUra="121" who="0" fromWho="0" sc="240,70,250,-20,250,-20,250,-20" /><INIT seed="0,1,0,0,4,38" ten="310,230,230,230" oya="0" hai0="80,109,126,135,77,133,45,56,13,63,134,49,10" hai1="111,128,15,54,60,89,102,58,119,107,120,69,43" hai2="7,105,87,74,30,81,64,59,96,117,110,11,125" hai3="132,116,8,48,22,57,23,79,114,121,104,37,127"/><T68/><D126/><U16/><E119/><V12/><F125/><W84/><G114/><T32/><D32/><U34/><E120/><V21/><F117/><W4/><G116/><T76/><D109/><U118/><E118/><V83/><F110/><W17/><G127/><T51/><D68/><U85/><E111/><V20/><F74/><W98/><G37/><T103/><D103/><U71/><E34/><V50/><F30/><W112/><G112/><T53/><D80/><U27/><E128/><V91/><F83/><N who="3" m="47231" /><G104/><T67/><REACH who="0" step="1"/><D51/><REACH who="0" ten="300,230,230,230" step="2"/><U0/><E71/><V42/><F50/><W101/><G101/><T122/><D122/><U106/><E69/><V44/><F105/><W33/><G48/><T95/><D95/><U6/><E102/><V29/><F81/><W24/><G33/><T18/><AGARI ba="1,1" hai="10,13,18,45,49,53,56,63,67,76,77,133,134,135" machi="18" ten="30,12000,1" yaku="1,1,0,1,20,1,53,2" doraHai="38" doraHaiUra="72" who="0" fromWho="0" sc="300,133,230,-41,230,-41,230,-41" /><INIT seed="0,2,0,5,2,58" ten="433,189,189,189" oya="0" hai0="88,134,99,123,125,83,0,36,120,95,113,19,13" hai1="78,73,118,14,56,2,130,100,10,72,93,33,39" hai2="28,80,67,131,129,62,49,22,48,105,108,71,47" hai3="76,35,25,81,44,107,133,23,114,132,53,84,126"/><T45/><D0/><U115/><E118/><V52/><F108/><W21/><G114/><T34/><D113/><U59/><E115/><V51/><F105/><W63/><G107/><T8/><D34/><U31/><E130/><N who="2" m="49675" /><F80/><W1/><G1/><T40/><D125/><U11/><E39/><V86/><F86/><W90/><G126/><T97/><D134/><N who="3" m="51817" /><G76/><T122/><REACH who="0" step="1"/><D83/><REACH who="0" ten="423,189,189,189" step="2"/><U9/><E2/><V15/><F15/><W98/><G35/><T91/><D91/><U117/><E14/><V79/><F79/><W65/><G25/><AGARI ba="2,1" hai="22,25,28,47,48,49,51,52,62,67,71" m="49675" machi="25" ten="30,3900,0" yaku="19,1,52,1,54,1" doraHai="58" who="2" fromWho="3" sc="423,0,189,0,189,55,189,-45" /><INIT seed="1,0,0,0,3,38" ten="423,189,244,144" oya="1" hai0="101,79,67,106,134,87,58,108,65,4,50,117,82" hai1="44,46,75,102,91,29,125,129,59,127,113,25,132" hai2="11,12,130,33,126,53,36,92,51,47,60,90,131" hai3="85,73,34,77,56,62,23,14,121,45,83,103,35"/><U114/><E75/><V6/><F126/><N who="1" m="48137" /><E102/><V22/><F33/><W78/><G121/><T32/><D101/><U2/><E2/><V112/><F112/><N who="1" m="43113" /><E129/><V3/><F36/><W135/><G135/><T57/><D134/><U16/><E132/><V0/><F60/><W76/><G34/><T111/><D32/><N who="1" m="20527" /><E59/><V43/><F3/><W80/><G35/><T15/><D57/><U109/><E109/><V7/><F130/><W39/><G103/><T97/><D58/><U64/><E64/><V26/><F131/><W10/><G77/><T100/><D65/><U123/><E123/><V55/><F0/><W69/><G69/><T8/><D67/><U70/><E70/><V13/><F7/><W86/><G73/><T68/><D68/><U99/><E16/><N who="2" m="12615" /><F12/><W120/><G120/><T52/><REACH who="0" step="1"/><D117/><REACH who="0" ten="413,189,244,144" step="2"/><U66/><E66/><V122/><F122/><W104/><G62/><T110/><D110/><U119/><E119/><V9/><F9/><W49/><G10/><T24/><D24/><U28/><E28/><V107/><F107/><W115/><G104/><T5/><D5/><U133/><E133/><V118/><F118/><W128/><G115/><T72/><D72/><U20/><E20/><V95/><F6/><W30/><G128/><T19/><D19/><U116/><E116/><V18/><F18/><W74/><G74/><T48/><D48/><U31/><E31/><V94/><F11/><W124/><G124/><T21/><D21/><U41/><E41/><V37/><F37/><W1/><G39/><T61/><D61/><U88/><E91/><V98/><F98/><RYUUKYOKU ba="0,1" sc="413,15,189,15,244,-15,144,-15" hai0="4,8,15,50,52,79,82,87,97,100,106,108,111" hai1="44,46,88,99" /><INIT seed="1,1,1,0,4,5" ten="428,204,229,129" oya="1" hai0="1,22,70,134,119,7,128,118,125,90,89,31,62" hai1="27,120,100,0,71,116,109,64,75,11,80,8,43" hai2="28,33,103,95,53,96,52,50,45,92,25,32,91" hai3="67,127,48,68,55,24,38,63,93,77,26,117,19"/><U83/><E116/><V129/><F129/><W69/><G127/><T41/><D125/><U107/><E120/><V81/><F81/><W29/><G117/><T104/><D128/><U131/><E131/><V39/><F39/><W21/><G38/><T78/><D104/><U3/><E43/><V110/><F110/><W37/><G37/><T51/><D41/><U36/><E36/><V72/><F72/><W66/><G77/><T17/><D78/><U40/><E40/><V111/><F111/><W20/><G93/><T132/><D51/><U56/><E109/><V10/><F10/><N who="1" m="3625" /><E71/><V87/><REACH who="2" step="1"/><F53/><REACH who="2" ten="428,204,219,129" step="2"/><W101/><G101/><T49/><D119/><U59/><E75/><V122/><F122/><W105/><G105/><T112/><D118/><U34/><E107/><V126/><F126/><W16/><G67/><T44/><D134/><U13/><E64/><V135/><F135/><W58/><REACH who="3" step="1"/><G29/><REACH who="3" ten="428,204,219,119" step="2"/><T94/><D132/><U74/><E100/><V15/><F15/><W85/><G85/><T46/><D1/><U84/><E13/><V97/><F97/><W54/><G54/><T35/><D31/><N who="1" m="19839" /><E74/><V14/><F14/><W82/><G82/><T12/><D12/><U79/><E80/><V106/><F106/><W18/><G18/><T57/><D17/><U60/><E0/><V102/><F102/><W9/><G9/><T76/><D76/><U86/><E3/><V99/><F99/><W124/><G124/><T88/><D94/><U23/><E84/><V47/><F47/><AGARI ba="1,3" hai="16,19,20,21,24,26,47,48,55,58,63,66,68,69" machi="47" ten="30,7700,0" yaku="1,1,7,1,9,1,54,1,53,0" doraHai="5" doraHaiUra="108" who="3" fromWho="2" sc="428,0,204,0,219,-80,119,110" /><INIT seed="2,0,0,0,4,24" ten="428,204,139,229" oya="2" hai0="46,81,65,54,27,33,88,48,86,45,129,111,66" hai1="10,121,105,110,122,62,123,1,32,98,78,25,50" hai2="133,53,40,103,8,42,44,56,87,84,18,128,59" hai3="106,134,79,60,120,47,71,13,95,119,17,77,4"/><V132/><F103/><W64/><G106/><T89/><D111/><U12/><E110/><V131/><F8/><W73/><G119/><T114/><D114/><U57/><E78/><V31/><F18/><W127/><G120/><T26/><D129/><N who="2" m="49738" /><F31/><W34/><G34/><T43/><D89/><U92/><E1/><V99/><F99/><W3/><G95/><T74/><D74/><U83/><E105/><V90/><F90/><W6/><G6/><T104/><D104/><U72/><E72/><V115/><F115/><W75/><G13/><T112/><D112/><U135/><E135/><N who="2" m="51787" /><F84/><W70/><G17/><T11/><D11/><U5/><E83/><V2/><F87/><W22/><G134/><T14/><D14/><U101/><E50/><N who="2" m="28871" /><F2/><W97/><G3/><T80/><D80/><U28/><REACH who="1" step="1"/><E121/><REACH who="1" ten="428,194,139,229" step="2"/><V37/><F37/><W67/><G75/><T7/><D81/><U109/><E109/><V63/><F59/><W113/><G73/><T82/><D82/><U49/><E49/><V16/><F16/><W29/><G113/><T58/><D48/><U0/><E0/><V125/><F125/><W116/><G127/><T118/><D7/><U20/><E20/><V21/><F21/><W41/><G22/><T130/><D130/><U100/><E100/><V69/><F69/><W102/><G4/><T15/><D33/><U107/><E107/><V124/><F124/><W35/><G71/><T108/><D108/><U39/><E39/><V117/><F117/><W76/><G116/><T96/><D118/><U23/><E23/><V91/><F91/><W85/><G70/><RYUUKYOKU ba="0,1" sc="428,-15,194,15,139,15,229,-15" hai1="5,10,12,25,28,32,57,62,92,98,101,122,123" hai2="40,42,56,63" /><INIT seed="2,1,1,2,0,13" ten="413,209,154,214" oya="2" hai0="124,71,6,114,53,31,25,66,77,105,123,45,49" hai1="91,73,2,3,8,52,67,122,1,37,131,14,24" hai2="103,76,63,35,33,21,118,132,104,30,60,78,36" hai3="61,28,74,119,62,79,88,128,40,87,64,50,47"/><V56/><F118/><W106/><G119/><T11/><D105/><U130/><E122/><V109/><F36/><W12/><G106/><T23/><D114/><U108/><E108/><V29/><F109/><W26/><G128/><N who="1" m="49194" /><E37/><V80/><F132/><W42/><G74/><T115/><D115/><U100/><E73/><V89/><F89/><W92/><G79/><T81/><D124/><U58/><E67/><V90/><F90/><W68/><G61/><T94/><D123/><U93/><E24/><V112/><F112/><W17/><G40/><T120/><D120/><U96/><E100/><V126/><F21/><W22/><REACH who="3" step="1"/><G12/><REACH who="3" ten="413,209,154,204" step="2"/><T95/><D77/><U34/><E34/><V65/><F126/><W46/><G46/><T117/><D45/><U59/><E52/><V43/><F43/><W7/><G7/><AGARI ba="1,2" hai="1,2,3,7,8,14,58,59,91,93,96" m="49194" machi="7" ten="40,1300,0" yaku="19,1" doraHai="13" who="1" fromWho="3" sc="413,0,209,36,154,0,204,-16" /><INIT seed="3,0,0,4,1,120" ten="413,245,154,188" oya="3" hai0="43,69,77,34,90,6,36,11,117,8,48,17,74" hai1="98,33,32,41,82,22,84,123,46,103,130,125,47" hai2="23,54,100,106,50,64,95,67,55,1,24,115,71" hai3="86,97,121,60,116,107,124,93,16,5,49,13,38"/><W109/><G121/><T21/><D117/><U76/><E123/><V7/><F115/><W25/><G38/><T79/><D34/><U26/><E125/><V92/><F106/><W72/><G72/><T37/><D69/><U114/><E114/><V135/><F135/><W52/><G116/><T113/><D113/><U131/><E32/><V133/><F133/><W91/><G124/><T105/><D105/><N who="1" m="63735" /><E33/><V87/><F71/><W0/><G0/><T62/><D79/><U15/><E15/><V42/><F1/><W96/><G109/><T81/><D90/><U66/><E66/><V101/><F7/><W88/><G60/><T127/><D62/><U89/><E41/><V122/><F122/><W4/><G25/><T10/><D6/><N who="3" m="2665" /><G91/><T19/><D127/><U94/><E22/><V108/><F108/><W14/><G107/><T35/><D35/><U129/><E26/><V102/><F42/><W57/><G13/><N who="0" m="9391" /><D74/><AGARI ba="0,0" hai="46,47,74,76,82,84,89,94,129,130,131" m="63735" machi="74" ten="30,2000,0" yaku="24,1,19,1" doraHai="120" who="1" fromWho="0" sc="413,-20,245,20,154,0,188,0" owari="393,49.3,265,6.5,154,-34.6,188,-21.2" /></mjloggm>