<mjloggm ver="2.3"><GO type="225" lobby="0"/><UN n0="%E3%81%B5%E3%81%98%E3%81%8B%E3%81%A4" n1="%E3%81%BF%E3%81%BF%E3%81%9A" n2="%E6%A1%9C%E8%8A%B1%E9%96%83%E3%80%85" n3="%E3%83%97%E3%83%AC%E3%83%B4%E3%82%A1%E3%83%86%E3%82%A3" dan="16,16,16,16" rate="2221.21,2136.53,2097.40,2055.36" sx="M,M,M,F"/><TAIKYOKU oya="0"/><INIT seed="0,0,0,0,4,48" ten="250,250,250,250" oya="0" hai0="35,131,93,132,57,84,56,89,122,88,15,65,45" hai1="101,126,21,106,62,72,3,98,40,25,11,59,0" hai2="50,74,113,49,103,70,6,14,112,54,91,2,43" hai3="46,79,68,5,60,80,129,13,86,10,37,22,82"/><T125/><D122/><U19/><E126/><V97/><F2/><W105/><G105/><T33/><D125/><U38/><E72/><V28/><F74/><W78/><G129/><T133/><D45/><U26/><E11/><V124/><F124/><W83/><G37/><T17/><D131/><U87/><E87/><V67/><F28/><W117/><G117/><T24/><D89/><U115/><E115/><V127/><F127/><W34/><G34/><T109/><D109/><U7/><E7/><V66/><F91/><W39/><G39/><T69/><D69/><U52/><REACH who="1" step="1"/><E25/><REACH who="1" ten="250,240,250,250" step="2"/><V128/><F6/><W47/><G86/><T42/><D24/><U76/><E76/><V77/><F77/><W58/><G79/><T92/><D35/><U134/><E134/><N who="0" m="51817" /><D33/><U36/><E36/><V27/><F27/><W55/><G78/><T20/><D42/><U99/><E99/><V41/><F41/><W107/><G68/><T120/><D120/><U100/><E100/><V114/><F128/><W110/><G110/><T53/><D65/><N who="2" m="24586" /><F70/><W121/><G121/><T23/><D23/><U44/><AGARI ba="0,1" hai="0,3,19,21,26,38,40,44,52,59,62,98,101,106" machi="44" ten="30,8000,1" yaku="1,1,0,1,52,1,54,1,53,1" doraHai="48" doraHaiUra="94" who="1" fromWho="1" sc="250,-40,240,90,250,-20,250,-20" /><INIT seed="1,0,0,3,3,7" ten="210,330,230,230" oya="1" hai0="44,29,70,111,18,127,72,130,82,89,129,67,45" hai1="34,55,128,19,20,8,0,75,41,122,28,107,48" hai2="32,24,126,90,59,50,39,87,131,116,62,115,9" hai3="110,40,103,120,108,73,10,27,86,114,31,68,51"/><U6/><E122/><V78/><F116/><W85/><G120/><T119/><D119/><U77/><E107/><V117/><F117/><W71/><G73/><T53/><D29/><U94/><E41/><V88/><F39/><W96/><G114/><T35/><D35/><U63/><E63/><V43/><F115/><W22/><G40/><T123/><D123/><U99/><E128/><N who="0" m="49257" /><D72/><U79/><E75/><V54/><F126/><W69/><G51/><T104/><D104/><U133/><E133/><V93/><F131/><W15/><G86/><N who="0" m="50391" /><D127/><U80/><E80/><N who="2" m="47511" /><F32/><W1/><G85/><T64/><D111/><U3/><E3/><V14/><F24/><W121/><G1/><T106/><D106/><U26/><E55/><N who="2" m="34175" /><F93/><W5/><REACH who="3" step="1"/><G121/><REACH who="3" ten="210,330,230,220" step="2"/><T112/><D112/><U46/><E48/><V4/><F43/><W17/><G17/><T47/><D70/><U95/><E46/><AGARI ba="0,1" hai="4,9,14,46,50,54,88,90" m="34175,47511" machi="46" ten="30,3900,0" yaku="8,1,52,1,54,1" doraHai="7" who="2" fromWho="1" sc="210,0,330,-39,230,49,220,0" /><INIT seed="2,0,0,2,1,102" ten="210,291,279,220" oya="2" hai0="16,64,86,108,124,41,6,43,75,12,60,13,55" hai1="92,122,31,81,72,95,4,47,33,76,46,15,34" hai2="106,45,114,101,18,27,53,80,70,94,119,0,48" hai3="78,111,110,97,128,118,50,29,7,69,134,65,51"/><V83/><F114/><W5/><G118/><T84/><D75/><U54/><E122/><V99/><F119/><W79/><G134/><T115/><D115/><U17/><E4/><N who="3" m="1610" /><G29/><T20/><D124/><U132/><E132/><V19/><F0/><W23/><G23/><T120/><D108/><N who="3" m="41513" /><G97/><T88/><D120/><U56/><E92/><V62/><F94/><W90/><G90/><T129/><D84/><U125/><E95/><V112/><F112/><W96/><G96/><T35/><D35/><U74/><E74/><V126/><F126/><W131/><G65/><T100/><D100/><U73/><E125/><V37/><F37/><W61/><G61/><T107/><D107/><U98/><E98/><V133/><F133/><W36/><G36/><T63/><D129/><N who="3" m="49737" /><G69/><T52/><D64/><U91/><E91/><V14/><F62/><N who="0" m="23594" /><D6/><U77/><E33/><V104/><F70/><W26/><G26/><T42/><D12/><U28/><E34/><V8/><F104/><W71/><G71/><T82/><AGARI ba="0,0" hai="13,16,20,41,42,43,52,55,82,86,88" m="23594" machi="82" ten="30,7900,0" yaku="8,1,54,3" doraHai="102" who="0" fromWho="0" sc="210,79,291,-20,279,-39,220,-20" /><INIT seed="3,0,0,0,3,28" ten="289,271,240,200" oya="3" hai0="48,65,17,4,41,25,133,115,91,30,7,24,82" hai1="37,55,122,117,90,16,89,109,134,107,52,130,20" hai2="116,94,98,100,121,21,127,40,85,77,35,0,96" hai3="14,47,69,46,81,80,10,31,12,36,83,45,112"/><W124/><G112/><T87/><D133/><U105/><E122/><V76/><F116/><W78/><G69/><T51/><D115/><U33/><E33/><V66/><F121/><W15/><G124/><T19/><D65/><U42/><E42/><V2/><F127/><W61/><G36/><T49/><D41/><U106/><E37/><V11/><F35/><W6/><G31/><T71/><D71/><U67/><E67/><V74/><F74/><W97/><G78/><T56/><D56/><U38/><E38/><V118/><F40/><W108/><G108/><T103/><D103/><U5/><E5/><N who="0" m="2121" /><D30/><U73/><E73/><V126/><F85/><W1/><G61/><T79/><D79/><U23/><E134/><V68/><F21/><W3/><G97/><T63/><D63/><U128/><E117/><V101/><F11/><W114/><G114/><T18/><AGARI ba="0,0" hai="17,18,19,24,25,48,49,51,82,87,91" m="2121" machi="18" ten="40,1500,0" yaku="8,1" doraHai="28" who="0" fromWho="0" sc="289,15,271,-4,240,-4,200,-7" owari="304,40.4,267,6.7,236,-16.4,193,-30.7" /></mjloggm>