<mjloggm ver="2.3"><GO type="225" lobby="0"/><UN n0="%E5%8D%A0%E3%81%84%E5%B8%AB%E8%A3%8F%E3%81%AA%E3%81%84%E3%81%97" n1="%E3%81%99%E3%81%84%E3%81%BE%E3%81%9B%E3%83%BC%E3%82%93" n2="%E3%81%BF%E3%81%BF%E3%81%9A" n3="%E3%82%BC%E3%83%AB%E3%83%80%E3%81%AE%E4%BC%9D%E8%AA%AC" dan="16,16,17,17" rate="2097.56,2221.80,2196.01,2233.38" sx="M,M,M,M"/><TAIKYOKU oya="0"/><INIT seed="0,0,0,1,0,135" ten="250,250,250,250" oya="0" hai0="4,104,42,116,27,85,36,77,127,81,54,62,28" hai1="122,64,5,45,125,15,51,98,9,31,12,72,75" hai2="22,102,66,92,87,37,129,115,89,19,46,95,14" hai3="109,76,80,52,78,17,79,57,2,53,43,39,8"/><T105/><D116/><U73/><E122/><V61/><F129/><W24/><G109/><T97/><D4/><U67/><E125/><V124/><F124/><W21/><G39/><T121/><D121/><U82/><E31/><V34/><F34/><W25/><G43/><T20/><D127/><U33/><E33/><V100/><F115/><W32/><G32/><T50/><D62/><U108/><E108/><V131/><F131/><W91/><G2/><T7/><D7/><U18/><E98/><V63/><F37/><W55/><G8/><T134/><D134/><U113/><E82/><V111/><F111/><W126/><G126/><T3/><D3/><U10/><REACH who="1" step="1"/><E113/><REACH who="1" ten="250,240,250,250" step="2"/><V110/><F110/><W35/><G35/><T11/><D97/><U94/><E94/><V26/><F95/><W30/><G30/><T6/><D104/><U69/><E69/><V93/><F93/><W16/><G80/><T13/><D105/><U58/><E58/><V132/><F132/><W117/><G117/><T49/><D36/><U123/><E123/><V23/><F46/><W103/><G103/><N who="2" m="39465" /><F66/><W83/><G57/><T68/><D68/><U60/><E60/><V86/><F87/><W101/><G101/><T128/><D128/><U107/><E107/><V88/><F89/><W70/><G70/><T1/><D50/><U56/><E56/><V47/><F47/><W40/><G91/><T118/><D118/><U59/><E59/><V120/><F120/><W90/><G90/><T119/><D119/><U74/><N who="1" m="18432" /><DORA hai="96" /><U29/><E29/><AGARI ba="0,1" hai="14,19,22,23,26,29,61,63,86,88,92" m="39465" machi="29" ten="30,8000,1" yaku="8,1,52,3,54,1" doraHai="135,96" who="2" fromWho="1" sc="250,0,240,-80,250,90,250,0" /><INIT seed="1,0,0,1,4,17" ten="250,160,340,250" oya="1" hai0="25,73,119,6,26,49,122,81,0,18,104,51,48" hai1="1,99,40,117,124,90,7,11,112,14,77,38,105" hai2="78,88,68,52,69,39,82,21,12,113,31,45,79" hai3="34,27,64,102,19,111,80,57,20,96,4,130,53"/><U110/><E110/><V106/><BYE who="1" /><F106/><W89/><G130/><UN n1="%E3%81%99%E3%81%84%E3%81%BE%E3%81%9B%E3%83%BC%E3%82%93" /><T58/><D119/><U2/><E112/><V33/><F33/><W74/><G111/><T92/><D104/><U127/><E117/><V13/><F113/><W22/><G4/><T35/><D122/><U42/><E77/><N who="2" m="29195" /><F39/><W9/><G74/><T76/><D35/><U43/><E38/><V83/><F69/><W36/><G36/><T101/><D0/><U47/><E47/><V67/><F68/><W50/><G64/><T32/><D32/><U120/><E120/><V63/><F67/><W5/><G34/><T133/><D133/><U8/><E90/><V71/><F71/><W93/><G22/><T24/><D6/><U23/><E8/><V132/><F132/><W129/><G129/><T66/><D66/><U62/><E62/><V121/><F121/><W85/><G5/><T108/><D108/><U91/><E105/><V54/><F83/><W87/><G87/><T126/><D126/><N who="1" m="48171" /><E23/><V16/><F31/><W60/><G9/><T131/><D131/><U84/><E99/><V134/><F134/><W10/><G10/><T37/><D37/><U86/><E84/><N who="2" m="50199" /><F63/><AGARI ba="0,0" hai="19,20,27,50,53,57,60,63,80,85,89,93,96,102" machi="63" ten="40,2600,0" yaku="8,1,52,1" doraHai="17" who="3" fromWho="2" sc="250,0,160,0,340,-26,250,26" /><INIT seed="2,0,0,5,1,68" ten="250,160,314,276" oya="2" hai0="73,110,126,1,38,36,28,91,27,106,45,55,48" hai1="74,30,130,0,63,102,104,120,16,132,83,60,92" hai2="10,7,85,12,22,53,17,56,129,32,5,96,78" hai3="37,52,42,117,107,97,33,108,2,31,23,134,122"/><V9/><F32/><W116/><G122/><T79/><D106/><U81/><E120/><V112/><F112/><W61/><G2/><T95/><D1/><U67/><E104/><V93/><F129/><W71/><G23/><T128/><D128/><U113/><E113/><V82/><F5/><W86/><G86/><T46/><D110/><U26/><E130/><V18/><F7/><W59/><G108/><T72/><D126/><U49/><E0/><V131/><F18/><W40/><G134/><T29/><D29/><U25/><E132/><V84/><F131/><W77/><G77/><T109/><D109/><U75/><E49/><V57/><F85/><W54/><G54/><T24/><D24/><U124/><E124/><V11/><REACH who="2" step="1"/><F53/><REACH who="2" ten="250,160,304,276" step="2"/><W6/><G6/><T13/><D73/><U8/><E75/><V66/><F66/><W111/><G111/><T43/><D72/><U115/><E74/><V21/><F21/><W103/><G33/><T58/><D55/><U15/><E115/><V14/><F14/><W50/><G31/><T98/><D13/><U100/><E26/><V64/><F64/><W119/><G119/><T105/><D27/><U39/><E25/><V135/><F135/><W34/><G34/><T90/><D28/><U69/><E30/><V65/><F65/><W88/><G117/><T87/><D87/><U101/><E67/><V3/><F3/><W76/><G116/><T123/><D123/><U35/><E35/><V99/><F99/><W118/><G97/><T80/><D98/><U114/><E114/><V62/><F62/><W19/><G118/><RYUUKYOKU ba="0,1" sc="250,-10,160,-10,304,30,276,-10" hai2="9,10,11,12,17,22,56,57,78,82,84,93,96" /><INIT seed="2,1,1,5,5,32" ten="240,150,334,266" oya="2" hai0="106,58,22,126,18,37,88,10,135,52,26,130,11" hai1="53,66,127,81,108,119,17,100,121,33,42,124,74" hai2="45,122,59,95,69,93,75,61,65,114,90,123,28" hai3="96,129,62,8,12,76,112,29,104,111,85,4,79"/><V134/><F114/><W31/><G112/><T82/><D106/><U118/><E33/><V24/><F75/><W49/><G111/><T19/><D37/><U57/><E108/><V20/><F134/><W21/><G129/><T16/><D130/><U6/><E100/><V44/><F69/><W54/><G104/><T110/><D135/><U7/><E66/><V36/><F95/><W117/><G117/><T1/><D1/><U72/><E42/><V77/><F77/><N who="3" m="29771" /><G96/><T132/><D126/><N who="1" m="48171" /><E17/><N who="0" m="6761" /><D132/><U91/><E91/><V87/><REACH who="2" step="1"/><F36/><REACH who="2" ten="240,150,324,266" step="2"/><W3/><G85/><N who="0" m="50231" /><D110/><U83/><E74/><V80/><F80/><W115/><G115/><T113/><D113/><U128/><E128/><V97/><F97/><W13/><G31/><T41/><D41/><U68/><E72/><V2/><F2/><W43/><G3/><T94/><D94/><U50/><E68/><V14/><F14/><W67/><G13/><T70/><D70/><U64/><E119/><V103/><F103/><W48/><G43/><T63/><AGARI ba="1,2" hai="10,11,19,22,26,52,58,63" m="50231,6761" machi="63" ten="30,7900,0" yaku="8,1,54,3" doraHai="32" who="0" fromWho="0" sc="240,102,150,-21,324,-40,266,-21" /><INIT seed="3,0,0,5,2,133" ten="342,129,284,245" oya="3" hai0="22,64,92,98,120,21,72,129,31,15,52,20,83" hai1="35,1,95,63,50,53,32,90,11,124,81,107,40" hai2="82,66,7,115,2,12,117,56,49,54,77,79,76" hai3="126,41,61,6,19,44,62,24,71,96,94,17,3"/><W57/><G71/><T59/><D120/><U108/><E107/><V0/><F115/><W39/><G126/><T85/><D72/><U134/><E134/><V8/><F117/><W33/><G3/><T65/><D31/><U105/><E105/><V118/><F118/><W74/><G6/><T51/><D15/><U38/><E108/><V30/><F0/><W128/><G74/><T101/><D129/><U29/><E29/><V112/><F112/><W123/><G128/><T27/><D27/><U4/><E63/><V122/><F122/><W97/><G97/><T60/><D60/><U109/><E109/><V18/><F66/><W45/><G45/><T78/><AGARI ba="0,0" hai="20,21,22,51,52,59,64,65,78,83,85,92,98,101" machi="78" ten="30,4000,0" yaku="0,1,8,1,54,1" doraHai="133" who="0" fromWho="0" sc="342,40,129,-10,284,-10,245,-20" owari="382,48.2,119,-38.1,274,7.4,225,-17.5" /></mjloggm>