<mjloggm ver="2.3"><GO type="225" lobby="0"/><UN n0="%6D%75%75%73%61%6E%6D%75" n1="%72%69%6F%75%63%68%61%6E" n2="%E6%A1%9C%E8%8A%B1%E9%96%83%E3%80%85" n3="%E3%81%BF%E3%81%BF%E3%81%9A" dan="16,16,16,18" rate="2078.71,2186.66,2214.42,2308.05" sx="F,M,M,M"/><TAIKYOKU oya="0"/><INIT seed="0,0,0,3,1,101" ten="250,250,250,250" oya="0" hai0="85,120,20,65,2,108,125,44,30,109,26,58,47" hai1="36,33,40,70,77,10,17,74,46,63,12,49,129" hai2="107,48,119,88,51,112,13,114,130,41,8,14,99" hai3="19,3,11,6,54,94,83,76,91,133,118,37,35"/><T127/><D120/><U62/><E129/><V134/><F130/><W116/><G133/><T66/><D2/><U42/><E33/><V117/><F134/><W104/><G35/><T82/><D47/><U64/><E62/><V128/><F128/><W131/><G131/><T21/><D44/><U132/><E132/><V111/><F111/><N who="0" m="42570" /><D21/><U81/><REACH who="1" step="1"/><E36/><REACH who="1" ten="250,240,250,250" step="2"/><V106/><F117/><W61/><G37/><T71/><D71/><U86/><E86/><V89/><F119/><W72/><G116/><T32/><D32/><U45/><E45/><V53/><F112/><W90/><G118/><T52/><D125/><U60/><E60/><V18/><F114/><W95/><G61/><N who="0" m="36039" /><D127/><U55/><AGARI ba="0,1" hai="10,12,17,40,42,46,49,55,63,64,70,74,77,81" machi="55" ten="20,5200,0" yaku="1,1,0,1,7,1,53,1" doraHai="101" doraHaiUra="59" who="1" fromWho="1" sc="250,-26,240,62,250,-13,250,-13" /><INIT seed="1,0,0,2,0,99" ten="224,302,237,237" oya="1" hai0="117,131,72,123,101,109,3,1,125,76,115,74,93" hai1="112,126,29,87,73,58,27,63,9,35,127,94,0" hai2="67,102,71,75,90,88,80,43,107,40,11,17,2" hai3="68,34,26,111,106,31,66,57,122,41,129,98,22"/><U118/><E112/><V78/><F67/><W15/><G122/><T121/><D3/><U61/><E118/><V19/><F71/><W114/><G114/><T23/><D1/><U42/><E73/><N who="0" m="28265" /><D23/><U62/><E42/><V96/><F19/><W79/><G111/><T128/><D115/><U52/><E87/><V4/><REACH who="2" step="1"/><F17/><REACH who="2" ten="224,302,227,237" step="2"/><W13/><G66/><T47/><D109/><U10/><E127/><V49/><F49/><W25/><G68/><T55/><D117/><U14/><E126/><V83/><F83/><W59/><G25/><T38/><D125/><U46/><E46/><V91/><AGARI ba="0,1" hai="2,4,11,40,43,75,78,80,88,90,91,96,102,107" machi="91" ten="30,12000,2" yaku="1,1,0,1,52,1,54,1,53,2" doraHai="99" doraHaiUra="36" who="2" fromWho="2" sc="224,-30,302,-60,227,130,237,-30" /><INIT seed="2,0,0,3,1,26" ten="194,242,357,207" oya="2" hai0="98,60,68,32,30,5,121,70,22,13,91,96,128" hai1="77,93,39,118,88,94,76,51,84,108,42,129,82" hai2="79,89,120,9,72,25,55,33,2,56,46,40,38" hai3="95,20,7,124,99,24,41,14,21,49,58,117,106"/><V36/><F120/><W1/><G117/><T135/><D121/><U112/><E112/><V59/><F38/><W18/><G106/><T90/><D32/><U71/><E118/><V29/><F89/><W6/><G1/><T74/><D74/><U50/><E108/><V57/><F79/><W10/><G124/><T63/><D128/><U116/><E116/><V37/><F72/><W85/><G85/><T105/><D135/><U62/><E129/><V66/><F37/><W44/><G58/><T103/><D5/><U104/><E104/><V8/><F66/><W27/><G6/><T67/><D13/><U111/><E111/><V97/><F97/><W65/><G65/><T92/><D63/><U101/><E39/><V28/><F2/><W127/><G127/><T133/><D133/><U69/><E62/><V100/><F100/><W107/><G107/><T61/><D61/><U0/><E0/><V54/><REACH who="2" step="1"/><F29/><REACH who="2" ten="194,242,347,207" step="2"/><N who="3" m="17543" /><G95/><T131/><D131/><U130/><E130/><V78/><F78/><W34/><G99/><T115/><D70/><U48/><E76/><V132/><F132/><W15/><G34/><T12/><D68/><U19/><E101/><V119/><F119/><W110/><G110/><T87/><D105/><U23/><E77/><V73/><F73/><W4/><G4/><T3/><D3/><U11/><E94/><V109/><F109/><W52/><G27/><N who="0" m="16759" /><D98/><U86/><E93/><V80/><F80/><W134/><G134/><T123/><D123/><U43/><E86/><V125/><F125/><W53/><AGARI ba="0,1" hai="7,10,14,15,18,21,41,44,49,52,53" m="17543" machi="53" ten="30,4000,0" yaku="8,1,52,1,54,1" doraHai="26" who="3" fromWho="3" sc="194,-10,242,-10,347,-20,207,50" /><INIT seed="3,0,0,0,4,95" ten="184,232,327,257" oya="3" hai0="119,63,41,80,75,47,112,36,71,126,65,88,67" hai1="53,132,120,29,76,86,15,96,9,118,77,43,40" hai2="35,2,113,51,134,98,57,92,31,103,117,90,82" hai3="27,123,84,115,42,78,66,33,105,34,3,79,60"/><W129/><G115/><T0/><D119/><U32/><E120/><V38/><F113/><W26/><G123/><T8/><D112/><U100/><E118/><V4/><F38/><W6/><G42/><N who="1" m="15914" /><E32/><V107/><F117/><W54/><G54/><T62/><D126/><U18/><E132/><V28/><F134/><W45/><G45/><T13/><D0/><U116/><E116/><V70/><F70/><W108/><G129/><T109/><D109/><U69/><E69/><V10/><F35/><W121/><G121/><T99/><D75/><U48/><E29/><V101/><F82/><W127/><G127/><T81/><D65/><U61/><E61/><V114/><F103/><W7/><G105/><T89/><D63/><U22/><E86/><V64/><F114/><W110/><G84/><T49/><D36/><U16/><E96/><V122/><F122/><W87/><G87/><T56/><D71/><U58/><E100/><V104/><F104/><W85/><G85/><T91/><REACH who="0" step="1"/><D99/><REACH who="0" ten="174,232,327,257" step="2"/><U130/><E130/><V44/><F64/><W25/><G3/><T59/><D59/><U5/><E5/><AGARI ba="0,1" hai="5,8,13,41,47,49,56,62,67,80,81,88,89,91" machi="5" ten="40,5200,0" yaku="1,1,8,1,54,1,53,0" doraHai="95" doraHaiUra="17" who="0" fromWho="1" sc="174,62,232,-52,327,0,257,0" owari="236,-16.4,180,-32.0,327,42.7,257,5.7" /></mjloggm>