<mjloggm ver="2.3"><GO type="225" lobby="0"/><UN n0="%E5%91%A8%E6%9D%B1" n1="%E5%B8%86%E7%AB%8B%E5%A4%8F%E8%A1%A3" n2="%E6%81%A5%E6%99%92%E3%81%97" n3="%E3%82%A2%E3%83%A1%E3%82%A2%E3%83%A9%E3%83%AC" dan="17,16,16,16" rate="2196.38,2147.97,2142.82,2064.64" sx="M,M,M,M"/><TAIKYOKU oya="0"/><INIT seed="0,0,0,4,3,99" ten="250,250,250,250" oya="0" hai0="9,19,50,25,2,133,75,88,66,107,124,28,81" hai1="78,85,40,67,131,42,128,118,21,98,48,93,64" hai2="69,76,104,7,26,125,132,22,39,23,5,27,82" hai3="96,41,123,43,130,70,52,32,129,68,15,63,97"/><T55/><D124/><U35/><E35/><V103/><F69/><N who="3" m="26731" /><G32/><T18/><D133/><U105/><E118/><V109/><F39/><W112/><G15/><T90/><D66/><U94/><E105/><V86/><F125/><W74/><G74/><T62/><D62/><U46/><E42/><N who="3" m="15882" /><G112/><T3/><D107/><U33/><E33/><V110/><F132/><W84/><G84/><T134/><D134/><U77/><E77/><V83/><F104/><W71/><G71/><T31/><D75/><U53/><E40/><V114/><F86/><W73/><G73/><T61/><D61/><U44/><E44/><V95/><F95/><W113/><G113/><T57/><D28/><U106/><E106/><V58/><F58/><N who="3" m="35271" /><G123/><T38/><D38/><U47/><E78/><V54/><F114/><W16/><G16/><T36/><D36/><U126/><E126/><V29/><F76/><W11/><G11/><T10/><D2/><U108/><E93/><V6/><F103/><W51/><G51/><T37/><D37/><U127/><E127/><V13/><F5/><W59/><G59/><T117/><D3/><U0/><E47/><V91/><F29/><W1/><G1/><T101/><D9/><U8/><E85/><V89/><F13/><W12/><G12/><N who="0" m="7447" /><D31/><U120/><E120/><V72/><F72/><W49/><G49/><T115/><D115/><U24/><E8/><V14/><F14/><W80/><G80/><T34/><D34/><U30/><E0/><V119/><F119/><W60/><G60/><T92/><D117/><U122/><E122/><V65/><F7/><RYUUKYOKU ba="0,0" sc="250,-10,250,-10,250,-10,250,30" hai3="96,97,129,130" /><INIT seed="1,1,0,1,5,26" ten="240,240,240,280" oya="1" hai0="33,30,64,4,124,62,86,99,6,107,54,14,113" hai1="61,125,52,51,9,119,88,96,29,10,71,42,50" hai2="73,98,58,17,45,109,100,135,89,132,43,117,87" hai3="101,23,56,36,46,25,121,49,116,35,37,2,53"/><U76/><E119/><V112/><F117/><W11/><G121/><T129/><D113/><U120/><E120/><V19/><F73/><W110/><G110/><T12/><D124/><U92/><E125/><V115/><F58/><W94/><G35/><T85/><D54/><U108/><E108/><V55/><F55/><W13/><G2/><T131/><D99/><U57/><E76/><V114/><F109/><W128/><G128/><T5/><D107/><U31/><E71/><V0/><F0/><W102/><G116/><T81/><D33/><U134/><E134/><N who="2" m="51243" /><F89/><W74/><G74/><T105/><D105/><U20/><E20/><V65/><F65/><W40/><G36/><T28/><D64/><U118/><E118/><V77/><F87/><N who="0" m="33290" /><D62/><U93/><E93/><N who="2" m="58447" /><F77/><W70/><G94/><T133/><D81/><U68/><E68/><V7/><F7/><W72/><G72/><T3/><D3/><U95/><E95/><V66/><F66/><W48/><G70/><T18/><D133/><U79/><E79/><V38/><AGARI ba="1,0" hai="17,19,38,43,45,112,114,115" m="58447,51243" machi="38" ten="40,2700,0" yaku="11,1,20,1" doraHai="26" who="2" fromWho="2" sc="240,-8,240,-14,240,30,280,-8" /><INIT seed="2,0,0,3,0,54" ten="232,226,270,272" oya="2" hai0="135,94,28,122,21,79,57,74,117,116,129,124,51" hai1="134,30,19,22,45,99,27,125,123,106,95,31,47" hai2="93,14,132,70,77,81,96,85,72,12,2,23,113" hai3="1,17,104,41,102,91,13,50,78,107,89,42,49"/><V4/><F113/><W98/><G1/><T52/><D122/><U25/><E106/><V39/><F70/><W131/><G131/><T37/><D37/><U128/><E128/><V10/><F132/><W73/><G107/><T55/><D129/><U119/><E134/><V69/><F69/><W5/><G5/><T16/><D135/><U112/><E112/><V26/><F85/><W68/><G68/><T65/><D124/><U90/><E125/><V40/><F26/><W33/><G33/><T32/><D65/><U61/><E119/><N who="0" m="45641" /><D94/><U18/><E61/><V103/><REACH who="2" step="1"/><F23/><REACH who="2" ten="232,226,260,272" step="2"/><W7/><G73/><T97/><D97/><U108/><E123/><V46/><AGARI ba="0,1" hai="2,4,10,12,14,39,40,46,72,77,81,93,96,103" machi="46" ten="30,12000,1" yaku="1,1,2,1,0,1,25,2,53,0" doraHai="54" doraHaiUra="109" who="2" fromWho="2" sc="232,-40,226,-40,260,130,272,-40" /><INIT seed="2,1,0,5,3,114" ten="192,186,390,232" oya="2" hai0="44,54,106,14,109,35,81,107,49,84,108,53,56" hai1="110,0,67,101,50,128,94,103,111,69,51,115,38" hai2="42,59,48,117,116,92,123,23,104,135,3,32,119" hai3="18,93,68,24,64,62,71,20,125,25,46,7,79"/><V29/><F123/><W13/><G125/><T87/><D35/><U9/><E115/><V27/><F104/><W60/><G79/><T72/><D72/><U127/><E38/><V118/><F119/><W70/><G46/><T19/><D87/><U74/><E74/><V112/><F112/><W98/><G7/><T28/><D28/><U11/><E127/><V132/><F3/><W134/><G134/><N who="2" m="51241" /><F92/><W86/><G86/><T40/><D109/><U55/><E55/><N who="2" m="32231" /><F42/><W8/><G62/><T100/><D100/><U31/><E0/><V4/><F4/><W124/><G124/><T16/><D108/><U97/><E94/><V21/><AGARI ba="1,0" hai="21,23,27,29,32,116,117,118" m="32231,51241" machi="21" ten="40,12000,1" yaku="20,1,52,3" doraHai="114" who="2" fromWho="2" sc="192,-41,186,-41,390,123,232,-41" /><INIT seed="2,2,0,0,2,102" ten="151,145,513,191" oya="2" hai0="5,11,122,86,80,43,135,63,83,92,2,126,42" hai1="118,38,119,64,121,132,24,105,107,47,60,127,18" hai2="75,22,3,134,125,74,73,94,7,39,115,41,96" hai3="81,49,131,100,89,108,130,19,23,54,31,9,112"/><V6/><F22/><W111/><G100/><T101/><D122/><U88/><E121/><V91/><F115/><W123/><G123/><T72/><D135/><U84/><E132/><V85/><F3/><W32/><G9/><T26/><D126/><U77/><E77/><V14/><F14/><N who="3" m="9719" /><G112/><T65/><D72/><U110/><E18/><V133/><F125/><W128/><G89/><T53/><D53/><U36/><E127/><V27/><F27/><N who="3" m="18559" /><G81/><T117/><D117/><U109/><E24/><V8/><F8/><W90/><G90/><T0/><D0/><U1/><E1/><V62/><F91/><W69/><G69/><T10/><D10/><U114/><E114/><V48/><F75/><W58/><AGARI ba="2,0" hai="49,54,58,108,111,128,130,131" m="18559,9719" machi="58" ten="40,1500,0" yaku="19,1" doraHai="102" who="3" fromWho="3" sc="151,-6,145,-6,513,-9,191,21" /><INIT seed="3,0,0,3,4,78" ten="145,139,504,212" oya="3" hai0="131,91,103,122,125,14,13,20,56,28,88,46,117" hai1="60,49,32,40,113,52,104,98,126,34,54,114,96" hai2="82,33,133,55,23,116,4,29,50,74,106,112,16" hai3="27,132,99,105,66,135,127,36,19,130,109,111,59"/><W42/><G130/><T129/><D122/><U65/><E126/><V64/><F64/><W124/><G27/><N who="0" m="16487" /><D117/><U22/><E104/><V87/><F106/><W90/><G19/><T76/><D125/><N who="3" m="48201" /><G42/><T8/><D103/><U123/><E123/><V128/><F23/><W12/><G12/><N who="0" m="4715" /><D8/><U69/><E22/><V37/><F4/><W21/><G21/><T93/><D76/><U79/><E79/><V53/><F116/><W84/><G36/><T63/><D46/><N who="1" m="25799" /><E98/><V83/><F37/><W75/><G75/><T18/><D18/><U5/><E96/><V85/><F16/><W101/><G59/><T70/><D93/><U72/><E72/><V97/><F55/><N who="1" m="21033" /><E5/><V48/><F87/><W89/><G66/><N who="0" m="39271" /><D70/><N who="1" m="42279" /><E34/><V47/><F112/><N who="1" m="43113" /><E32/><V119/><F53/><W102/><G102/><T26/><D26/><U2/><E2/><V62/><F47/><W134/><G90/><T68/><D68/><AGARI ba="0,0" hai="68,69" m="43113,42279,21033,25799" machi="68" ten="30,3900,0" yaku="34,2,54,1" doraHai="78" who="1" fromWho="0" sc="145,-39,139,39,504,0,212,0" owari="106,-39.4,178,-22.2,504,60.4,212,1.2" /></mjloggm>