<mjloggm ver="2.3"><GO type="225" lobby="0"/><UN n0="%E9%80%9F%E6%B0%B4%E5%87%9B%E9%A6%99" n1="%6D%75%75%6D%75%72%61" n2="%E5%AF%82%E5%AF%9E%E3%82%AE%E3%83%8D%E3%82%B9%E3%83%93%E3%83%BC%E3%83%AB" n3="%E9%87%8E%E3%80%85%E5%AE%AE%E8%97%8D" dan="16,16,16,17" rate="2060.94,2098.56,2141.81,2159.02" sx="F,F,M,F"/><TAIKYOKU oya="0"/><INIT seed="0,0,0,2,1,42" ten="250,250,250,250" oya="0" hai0="57,90,135,18,105,104,5,12,109,107,76,2,96" hai1="48,82,24,91,106,50,4,129,54,121,51,86,127" hai2="118,89,100,112,97,110,126,1,8,37,71,108,94" hai3="133,66,113,122,114,44,125,3,23,68,132,41,11"/><T64/><D135/><N who="3" m="51785" /><G23/><T53/><D76/><U116/><E116/><V130/><F37/><N who="3" m="21551" /><G125/><T30/><D64/><U78/><E121/><V32/><F32/><W55/><G122/><T17/><D30/><U25/><E127/><V123/><F123/><W34/><G34/><T65/><D65/><U119/><E119/><V20/><F126/><W14/><G3/><T98/><D109/><U63/><E129/><V120/><F130/><W27/><G27/><T46/><D2/><U62/><E106/><V49/><F71/><W6/><G55/><T115/><D115/><U39/><E39/><V73/><F112/><W88/><G88/><T111/><D111/><U47/><E25/><V75/><F89/><W56/><G56/><T26/><D26/><U60/><E24/><V38/><F20/><W15/><G15/><T69/><D90/><U52/><E54/><V70/><F70/><W59/><G59/><T31/><D69/><U84/><REACH who="1" step="1"/><E4/><REACH who="1" ten="250,240,250,250" step="2"/><V22/><F120/><W58/><G114/><T117/><D5/><U101/><E101/><V85/><F100/><W124/><G113/><T131/><D117/><U10/><E10/><V102/><F8/><W95/><G124/><T28/><D131/><U16/><E16/><V72/><F118/><W83/><G6/><T134/><D18/><U92/><AGARI ba="0,1" hai="47,48,50,51,52,60,62,63,78,82,84,86,91,92" machi="92" ten="30,8000,1" yaku="1,1,0,1,8,1,52,1,54,1,53,0" doraHai="42" doraHaiUra="61" who="1" fromWho="1" sc="250,-40,240,90,250,-20,250,-20" /><INIT seed="1,0,0,2,3,69" ten="210,330,230,230" oya="1" hai0="112,5,86,70,119,37,125,47,28,2,84,9,97" hai1="41,38,29,77,92,50,76,132,14,114,60,95,4" hai2="127,33,55,40,61,115,21,108,0,128,17,67,131" hai3="72,59,82,129,105,51,102,121,118,6,96,25,54"/><U94/><E114/><V87/><F33/><W58/><G121/><T35/><D70/><U34/><E132/><V20/><F115/><W120/><G120/><T30/><D119/><U15/><E38/><V1/><F108/><W83/><G118/><T43/><D112/><U74/><E74/><V113/><F113/><W109/><G109/><T122/><D125/><U106/><E106/><V31/><F55/><W24/><G129/><N who="2" m="49737" /><F40/><W135/><G6/><T68/><D68/><U16/><E60/><V11/><F87/><W26/><G72/><T80/><D122/><U46/><E29/><V42/><F42/><W48/><G135/><T27/><D30/><U81/><E34/><V93/><F93/><W44/><REACH who="3" step="1"/><G59/><REACH who="3" ten="210,330,230,220" step="2"/><T75/><REACH who="0" step="1"/><D97/><REACH who="0" ten="200,330,230,220" step="2"/><U10/><REACH who="1" step="1"/><E81/><REACH who="1" ten="200,320,230,220" step="2"/><V52/><F127/><W32/><G32/><T19/><D19/><U62/><E62/><V89/><F17/><W49/><G49/><T73/><D73/><U116/><E116/><V103/><F61/><W65/><G65/><T130/><D130/><U101/><E101/><V53/><F67/><W12/><G12/><T91/><D91/><U88/><E88/><V117/><F89/><W66/><G66/><T63/><D63/><U133/><E133/><V7/><F103/><W79/><G79/><AGARI ba="0,3" hai="2,5,9,27,28,35,37,43,47,75,79,80,84,86" machi="79" ten="40,8000,1" yaku="1,1,25,2,52,1,53,1" doraHai="69" doraHaiUra="22" who="0" fromWho="3" sc="200,110,320,0,230,0,220,-80" /><INIT seed="2,0,0,2,4,123" ten="310,320,230,140" oya="2" hai0="33,107,134,106,120,129,12,74,76,7,79,132,133" hai1="42,23,13,19,26,112,113,69,73,61,17,15,117" hai2="115,44,14,105,92,28,52,125,39,54,98,40,53" hai3="32,65,59,34,99,31,104,96,27,124,97,93,36"/><V35/><F125/><W21/><G124/><T119/><D33/><U110/><E117/><V4/><F115/><W89/><G36/><T130/><D120/><U90/><E110/><V75/><F75/><W70/><G70/><T114/><D114/><U88/><E73/><V67/><F67/><W45/><G45/><T116/><D12/><U86/><E42/><V37/><F105/><N who="0" m="39946" /><D7/><U102/><E102/><V122/><F122/><W9/><G9/><T30/><D30/><U118/><E118/><N who="0" m="45097" /><D74/><U94/><E69/><V66/><F66/><W127/><G127/><T3/><D3/><U5/><E61/><V24/><F37/><W10/><G10/><T84/><D84/><U18/><E5/><V2/><F14/><W43/><G43/><T60/><D60/><U91/><E112/><V126/><F126/><W95/><G104/><T128/><AGARI ba="0,0" hai="76,79,128,129,130,132,133,134" m="45097,39946" machi="128" ten="50,12000,2" yaku="28,2,19,1,20,1,12,1,34,2" doraHai="123" who="0" fromWho="0" sc="310,120,320,-30,230,-60,140,-30" /><INIT seed="3,0,0,1,2,65" ten="430,290,170,110" oya="3" hai0="10,42,108,54,21,34,56,32,47,90,97,80,116" hai1="9,110,53,11,57,39,74,126,127,29,102,75,119" hai2="26,132,45,16,129,123,106,98,36,7,118,117,14" hai3="89,58,77,51,73,15,78,4,8,31,115,27,111"/><W105/><G115/><T50/><D116/><U124/><E119/><V25/><F132/><W38/><G38/><T128/><D108/><U22/><E39/><V20/><F129/><W71/><G71/><T95/><D128/><U40/><E40/><V64/><F64/><W133/><G133/><T109/><D109/><U91/><E110/><V103/><F123/><W0/><G0/><T69/><D69/><U23/><E102/><V61/><F61/><W52/><G111/><T121/><D121/><U43/><E43/><V67/><F67/><W2/><G105/><T135/><D135/><U94/><E57/><V66/><F66/><W19/><G89/><T62/><D10/><N who="1" m="3595" /><E53/><V35/><F7/><W84/><G73/><N who="1" m="27658" /><E29/><V122/><F122/><W49/><G84/><AGARI ba="0,0" hai="22,23,84,91,94,124,126,127" m="27658,3595" machi="84" ten="40,1300,0" yaku="18,1" doraHai="65" who="1" fromWho="3" sc="430,0,290,13,170,0,110,-13" owari="430,53.0,303,10.3,170,-23.0,97,-40.3" /></mjloggm>