<mjloggm ver="2.3"><GO type="225" lobby="0"/><UN n0="%E3%82%A2%E3%83%A1%E3%82%A2%E3%83%A9%E3%83%AC" n1="%E3%80%93%E3%81%97%E3%83%BC%E3%82%89%E3%80%93" n2="%E3%81%82%E3%82%93%E3%81%AA%E3%81%A4" n3="%E6%A1%9C%E8%8A%B1%E9%96%83%E3%80%85" dan="16,17,17,16" rate="2131.96,2144.10,2183.63,2190.29" sx="M,M,M,M"/><TAIKYOKU oya="0"/><INIT seed="0,0,0,3,0,98" ten="250,250,250,250" oya="0" hai0="89,10,17,92,7,104,96,110,66,43,18,0,34" hai1="16,108,112,121,94,31,42,132,133,84,101,79,9" hai2="78,52,61,117,135,22,127,76,3,41,119,45,87" hai3="4,27,70,88,113,102,99,28,65,56,80,6,23"/><T114/><D114/><U90/><E112/><V35/><F35/><W1/><G113/><T51/><D34/><U30/><E121/><V20/><F3/><W24/><G70/><T14/><D110/><U13/><E108/><V86/><F127/><W122/><G122/><T49/><D66/><U67/><E42/><V107/><F107/><W103/><G27/><T2/><D104/><U54/><E67/><V126/><F126/><W55/><G65/><T72/><D72/><U64/><E64/><V25/><F135/><N who="1" m="51785" /><E79/><N who="2" m="30251" /><F20/><W37/><G37/><T53/><D2/><U38/><E38/><V50/><F61/><N who="3" m="35999" /><G1/><T116/><D116/><N who="2" m="44618" /><F41/><W130/><G130/><T83/><D0/><U46/><E46/><V95/><F95/><N who="3" m="56807" /><G80/><T19/><D83/><N who="1" m="49439" /><E54/><V32/><F32/><W71/><G71/><T29/><D43/><U82/><E82/><V128/><F128/><W63/><G63/><T40/><D40/><U97/><AGARI ba="0,0" hai="9,13,16,30,31,94,97,101" m="49439,51785" machi="97" ten="30,4000,0" yaku="20,1,52,1,54,1" doraHai="98" who="1" fromWho="1" sc="250,-20,250,40,250,-10,250,-10" /><INIT seed="1,0,0,3,5,120" ten="230,290,240,240" oya="1" hai0="74,57,9,18,13,96,110,27,123,115,70,61,10" hai1="100,53,62,117,85,47,125,23,32,2,94,60,66" hai2="21,17,65,98,56,95,33,81,58,26,86,103,108" hai3="4,54,124,112,88,52,130,42,99,116,111,48,105"/><U73/><E32/><V83/><F65/><W132/><G112/><T12/><D115/><U84/><E73/><V45/><F33/><W7/><G124/><T3/><D74/><U49/><E2/><V75/><F108/><W127/><G127/><T5/><D110/><U24/><E125/><V6/><F6/><N who="3" m="2091" /><G105/><T71/><D123/><U97/><E117/><V63/><F63/><W11/><G111/><T67/><D3/><U122/><E62/><V36/><F75/><W50/><G132/><T41/><D41/><U109/><E109/><V44/><F83/><W134/><G134/><T19/><D5/><U135/><E122/><V22/><F22/><W1/><G1/><T102/><REACH who="0" step="1"/><D27/><REACH who="0" ten="220,290,240,240" step="2"/><U82/><E135/><V76/><REACH who="2" step="1"/><F36/><REACH who="2" ten="220,290,230,240" step="2"/><W25/><G116/><T121/><D121/><U28/><REACH who="1" step="1"/><E82/><REACH who="1" ten="220,280,230,240" step="2"/><V80/><F80/><W43/><G130/><T129/><D129/><U119/><E119/><V68/><F68/><AGARI ba="0,3" hai="23,24,28,47,49,53,60,66,68,84,85,94,97,100" machi="68" ten="30,5800,0" yaku="1,1,7,1,53,1" doraHai="120" doraHaiUra="64" who="1" fromWho="2" sc="220,0,280,88,230,-58,240,0" /><INIT seed="1,1,0,3,4,133" ten="220,368,172,240" oya="1" hai0="10,109,90,129,14,67,8,13,5,79,106,80,39" hai1="38,134,103,119,15,88,82,116,73,65,124,43,36" hai2="99,25,57,85,132,0,19,81,28,97,83,84,22" hai3="45,130,51,32,64,71,29,2,76,49,6,63,69"/><U11/><E134/><V31/><F132/><W108/><G108/><T17/><D109/><U102/><E65/><V74/><F0/><W114/><G114/><T4/><D129/><U70/><E70/><V1/><F1/><W122/><G122/><T78/><D39/><U104/><E38/><V128/><F128/><W16/><G130/><T72/><D106/><U48/><E36/><V68/><F68/><W86/><G71/><T42/><D42/><U126/><E48/><V98/><F57/><W3/><G29/><T75/><D67/><U107/><E43/><V112/><F74/><W60/><G32/><T46/><D46/><U113/><E113/><V121/><F121/><W58/><G16/><T120/><D17/><N who="1" m="8447" /><E88/><V77/><REACH who="2" step="1"/><F112/><REACH who="2" ten="220,368,162,240" step="2"/><W20/><G20/><T24/><D120/><U53/><E73/><V33/><F33/><W123/><G69/><T23/><D75/><U66/><E116/><V94/><F94/><W62/><G123/><T105/><D72/><U34/><E34/><V37/><F37/><W27/><G58/><T91/><D105/><U93/><E107/><V115/><F115/><W41/><G45/><T87/><D78/><AGARI ba="1,1" hai="19,22,25,28,31,77,78,81,83,84,85,97,98,99" machi="78" ten="40,5200,0" yaku="1,1,9,1,8,1,53,0" doraHai="133" doraHaiUra="117" who="2" fromWho="0" sc="220,-55,368,0,162,65,240,0" /><INIT seed="2,0,0,1,2,100" ten="165,368,227,240" oya="2" hai0="70,54,107,60,55,96,81,22,106,10,135,112,77" hai1="2,20,46,53,29,125,48,34,114,63,9,28,52" hai2="5,56,90,61,80,73,82,19,95,118,33,134,45" hai3="47,12,87,105,50,121,69,7,122,75,93,6,130"/><V66/><F118/><W76/><G69/><T3/><D112/><U38/><E34/><V132/><F33/><W58/><G105/><T86/><D135/><N who="2" m="51754" /><F73/><W115/><G115/><T88/><D22/><U24/><E114/><V111/><F5/><W92/><G75/><T74/><D70/><U85/><E38/><V133/><N who="2" m="51762" /><V98/><DORA hai="59" /><F111/><W11/><G130/><T62/><D3/><U35/><E35/><V117/><F117/><W110/><G110/><T32/><D32/><U108/><E29/><V129/><F129/><W113/><G113/><T126/><D10/><U71/><E9/><V102/><F19/><W109/><G6/><T39/><D39/><U84/><E2/><V44/><F90/><W72/><G72/><T64/><D126/><U120/><E125/><V17/><F17/><W127/><G109/><T57/><D62/><U31/><E31/><V0/><F0/><W104/><G127/><T15/><D15/><U26/><E28/><V131/><F131/><W13/><G13/><T94/><D107/><U89/><E89/><V36/><F45/><W16/><G7/><T21/><D21/><U124/><E46/><V79/><F79/><W67/><G76/><T103/><AGARI ba="0,0" hai="54,55,57,60,64,74,77,81,86,88,94,96,103,106" machi="103" ten="30,12000,2" yaku="0,1,24,2,52,2,54,1" doraHai="100,59" who="0" fromWho="0" sc="165,120,368,-30,227,-60,240,-30" /><INIT seed="3,0,0,5,3,80" ten="285,338,167,210" oya="3" hai0="17,25,119,72,102,2,122,32,134,94,126,13,116" hai1="91,79,28,105,75,37,135,95,21,33,9,65,109" hai2="112,63,39,125,15,74,62,41,52,69,40,48,108" hai3="14,38,111,73,87,78,19,77,49,12,61,43,99"/><W103/><G38/><T129/><D122/><U123/><E105/><V54/><F74/><W133/><G73/><T71/><D72/><U90/><E37/><V64/><F15/><W86/><G133/><T45/><D71/><U44/><E33/><V117/><F112/><W53/><G43/><N who="2" m="16457" /><F117/><W92/><G61/><T36/><D2/><U56/><E44/><N who="2" m="27911" /><F39/><W76/><G111/><T27/><D13/><N who="3" m="5225" /><G19/><T89/><D17/><U20/><E109/><V81/><F81/><W66/><G66/><T131/><D36/><U120/><E135/><V132/><F132/><W31/><G31/><T46/><D134/><U55/><E28/><V67/><F108/><W124/><G124/><T35/><D126/><U118/><E118/><V114/><F114/><W59/><AGARI ba="0,0" hai="49,53,59,76,77,78,86,87,92,99,103" m="5225" machi="59" ten="30,6000,0" yaku="8,1,52,2" doraHai="80" who="3" fromWho="3" sc="285,-20,338,-20,167,-20,210,60" /><INIT seed="3,1,0,2,3,64" ten="265,318,147,270" oya="3" hai0="130,7,8,77,28,44,78,19,68,23,126,24,9" hai1="129,40,21,128,58,17,39,49,75,119,32,0,36" hai2="71,5,83,41,47,63,22,108,26,124,2,13,118" hai3="111,29,85,3,48,57,92,104,66,67,61,79,38"/><W133/><G38/><T98/><D130/><N who="1" m="50283" /><E32/><V116/><F2/><W122/><G122/><T86/><D126/><U54/><E119/><V105/><F105/><W88/><G111/><T34/><D68/><U62/><E75/><V121/><F121/><W117/><G117/><T89/><D98/><U82/><E82/><V107/><F107/><W81/><G133/><T109/><D109/><U135/><E0/><V101/><F101/><W52/><G104/><T112/><D112/><U1/><E1/><V132/><F108/><W6/><G29/><T94/><D44/><N who="1" m="25735" /><E135/><V27/><F132/><W55/><G6/><T84/><D84/><U59/><E59/><V73/><F124/><W76/><G3/><N who="0" m="127" /><D9/><U33/><E33/><V87/><F73/><W31/><G31/><T131/><D131/><U43/><E43/><V80/><F80/><W46/><G79/><T97/><D78/><U42/><E42/><V96/><F96/><AGARI ba="1,0" hai="46,48,52,55,57,61,66,67,76,81,85,88,92,96" machi="96" ten="30,11600,0" yaku="7,1,8,1,54,2" doraHai="64" who="3" fromWho="2" sc="265,0,318,0,147,-119,270,119" owari="265,-13.5,318,11.8,28,-47.2,389,48.9" /></mjloggm>