<mjloggm ver="2.3"><GO type="225" lobby="0"/><UN n0="%E3%81%A1%E3%82%85%E3%81%86%E3%81%A9%E3%81%8F%E8%B1%A1%E3%81%95%E3%82%93" n1="%48%61%61%61%6C%61%6E%64" n2="%E5%80%89%E6%A9%8B%EF%BC%A0%E4%BA%8B%E5%8B%99" n3="%E6%80%AA%E3%81%97%E3%81%99%E3%81%8E%E3%82%8B%E3%83%81%E3%83%BC" dan="17,17,16,16" rate="2178.19,2147.52,2120.05,2086.89" sx="M,M,M,M"/><TAIKYOKU oya="0"/><INIT seed="0,0,0,3,4,35" ten="250,250,250,250" oya="0" hai0="19,81,15,69,9,80,121,84,36,133,44,109,104" hai1="8,72,124,92,77,67,32,4,126,88,128,119,108" hai2="20,71,64,82,118,7,60,55,38,3,52,125,103" hai3="0,13,94,50,134,18,37,61,113,2,59,87,21"/><T89/><BYE who="1" /><D121/><U24/><E24/><V63/><F38/><UN n1="%48%61%61%61%6C%61%6E%64" /><W47/><G37/><T116/><D104/><U91/><E32/><V6/><F125/><N who="1" m="48233" /><E119/><V57/><F118/><W93/><G134/><T75/><D116/><U11/><E108/><V27/><F103/><W51/><G113/><T106/><D69/><U100/><E128/><V5/><F82/><W12/><G12/><T111/><D106/><U30/><E30/><V31/><REACH who="2" step="1"/><F55/><REACH who="2" ten="250,250,240,250" step="2"/><W135/><G135/><T105/><D133/><U43/><E43/><V25/><F25/><W95/><G87/><T102/><D75/><U22/><E72/><V86/><F86/><W83/><G83/><T98/><REACH who="0" step="1"/><D80/><REACH who="0" ten="240,250,240,250" step="2"/><U73/><E73/><V42/><F42/><AGARI ba="0,2" hai="9,15,19,36,42,44,81,84,89,98,102,105,109,111" machi="42" ten="40,3900,0" yaku="1,1,2,1,53,0" doraHai="35" doraHaiUra="127" who="0" fromWho="2" sc="240,59,250,0,240,-39,250,0" /><INIT seed="0,1,0,0,0,10" ten="299,250,201,250" oya="0" hai0="71,30,89,82,22,66,33,53,124,102,11,14,59" hai1="94,65,55,17,21,18,73,49,112,76,79,32,118" hai2="6,25,52,104,107,134,19,48,26,83,41,123,63" hai3="7,50,121,67,97,12,86,100,125,93,58,101,135"/><T81/><D33/><U37/><E118/><V103/><F123/><W40/><G121/><T84/><D71/><U8/><E32/><V51/><F6/><W68/><G68/><T96/><D66/><U29/><E37/><V13/><F134/><W130/><G135/><T99/><D124/><U115/><E65/><V129/><F129/><W9/><G130/><T78/><D102/><U5/><E29/><V70/><F83/><W57/><G125/><T23/><D82/><U128/><E128/><V27/><F103/><W111/><G111/><T117/><D117/><U31/><E31/><V35/><F35/><W131/><G131/><T60/><D78/><N who="1" m="29739" /><E21/><N who="0" m="7689" /><D30/><U3/><E94/><V44/><F70/><W47/><G100/><T98/><D98/><U113/><E73/><V15/><F63/><W4/><G67/><T62/><D62/><U61/><E61/><V24/><N who="2" m="6144" /><DORA hai="0" /><V39/><F39/><W110/><G110/><T92/><D92/><U64/><E64/><V108/><F108/><W54/><G86/><T120/><D120/><U80/><E80/><V38/><F38/><W1/><REACH who="3" step="1"/><G40/><REACH who="3" ten="299,250,201,240" step="2"/><T88/><D89/><U2/><E2/><V69/><F69/><W127/><G127/><T87/><D84/><U132/><E132/><V106/><REACH who="2" step="1"/><F19/><AGARI ba="1,1" hai="11,14,19,53,59,60,81,87,88,96,99" m="7689" machi="19" ten="30,5800,0" yaku="8,1,52,1,54,1" doraHai="10,0" who="0" fromWho="2" sc="299,71,250,0,201,-61,240,0" /><INIT seed="0,2,0,1,3,98" ten="370,250,140,240" oya="0" hai0="83,111,28,121,36,15,135,29,30,45,32,103,70" hai1="101,65,86,102,27,78,54,79,42,117,11,88,12" hai2="105,97,64,69,10,62,71,66,63,49,95,112,6" hai3="43,115,34,46,22,119,107,122,35,48,82,94,13"/><T85/><D121/><U9/><E117/><V96/><F112/><W125/><G107/><T24/><D70/><U110/><E110/><V87/><F49/><W128/><G115/><T8/><D135/><U25/><E65/><V33/><F33/><W91/><G119/><T76/><D111/><U55/><E42/><V5/><F105/><W74/><G122/><T129/><D129/><U0/><E0/><V67/><F67/><W89/><G125/><T1/><D1/><U73/><E73/><V50/><F50/><W130/><G22/><T47/><D103/><N who="1" m="39435" /><E25/><V59/><F59/><W90/><G94/><T134/><D134/><U19/><E27/><V39/><F39/><W109/><G13/><T126/><D126/><U7/><E7/><V131/><F131/><N who="3" m="50219" /><G109/><T118/><D118/><U41/><E9/><V3/><REACH who="2" step="1"/><F5/><REACH who="2" ten="370,250,130,240" step="2"/><W116/><G116/><T61/><D36/><U132/><E132/><V23/><F23/><W72/><G35/><T52/><D32/><U38/><E38/><V75/><F75/><N who="3" m="28715" /><G34/><T108/><D108/><U37/><E37/><V123/><F123/><W51/><G48/><N who="0" m="28687" /><D47/><U124/><E124/><V16/><F16/><W113/><G113/><T68/><D68/><U60/><E41/><V106/><F106/><W100/><G51/><T92/><D8/><U18/><E18/><V2/><F2/><W77/><G46/><T53/><D61/><U81/><E55/><V58/><F58/><AGARI ba="2,1" hai="11,12,19,54,58,60,78,79,81,86,88" m="39435" machi="58" ten="30,8000,1" yaku="8,1,52,3,54,1" doraHai="98" who="1" fromWho="2" sc="370,0,250,96,130,-86,240,0" /><INIT seed="1,0,0,3,4,107" ten="370,346,44,240" oya="1" hai0="73,48,63,35,21,110,41,101,84,93,105,65,109" hai1="37,132,87,62,10,127,32,34,133,0,54,51,59" hai2="68,102,25,23,13,19,96,55,15,43,131,115,6" hai3="61,116,103,95,79,122,76,18,113,91,4,20,44"/><U121/><E37/><V56/><F68/><W94/><G113/><T123/><D123/><U114/><E121/><V88/><F115/><W46/><G122/><T117/><D117/><U106/><E114/><V24/><F131/><W16/><G116/><T5/><D35/><U40/><E106/><V71/><F71/><W128/><G128/><T1/><D105/><U36/><E36/><V130/><F130/><W69/><G4/><T42/><D21/><U119/><E119/><V47/><F102/><W126/><G126/><T53/><D5/><N who="1" m="1319" /><E87/><V86/><F96/><N who="3" m="59799" /><G69/><N who="0" m="42175" /><D1/><U30/><E30/><V50/><F6/><W64/><G64/><T83/><D101/><U33/><E40/><V22/><F13/><N who="3" m="9231" /><G61/><T74/><D93/><U90/><E62/><V97/><F97/><N who="3" m="57599" /><G18/><T58/><D41/><U75/><E33/><V8/><F8/><W78/><AGARI ba="0,0" hai="44,46,76,78,79" m="57599,9231,59799" machi="78" ten="30,2000,0" yaku="8,1,54,1" doraHai="107" who="3" fromWho="3" sc="370,-5,346,-10,44,-5,240,20" /><INIT seed="2,0,0,1,3,43" ten="365,336,39,260" oya="2" hai0="62,104,22,2,50,73,48,3,14,111,94,85,116" hai1="27,16,60,105,45,30,20,109,126,86,102,79,114" hai2="106,55,113,64,54,89,42,135,35,69,38,123,122" hai3="59,51,5,99,130,25,93,115,57,41,9,18,52"/><V76/><F106/><W65/><G130/><T83/><D104/><U21/><E114/><V33/><F76/><W128/><G128/><T32/><D32/><U47/><E109/><V15/><F113/><W81/><G115/><T127/><D73/><U23/><E126/><V63/><F15/><N who="3" m="5551" /><G41/><T40/><D127/><U70/><E70/><V91/><F135/><W29/><G81/><T24/><D94/><U34/><E60/><V125/><F125/><W88/><G29/><T28/><D111/><U129/><E129/><V66/><F42/><W56/><G65/><T133/><D133/><U78/><E16/><V101/><F63/><W92/><G92/><T131/><D131/><U121/><E121/><V19/><F19/><W4/><G4/><T90/><D116/><U77/><REACH who="1" step="1"/><E86/><REACH who="1" ten="365,326,39,260" step="2"/><V132/><F132/><W10/><G10/><T1/><D62/><U124/><E124/><V87/><F87/><W134/><G134/><T96/><D14/><U71/><E71/><V110/><F69/><W117/><G117/><T31/><D31/><U36/><E36/><V120/><F123/><W58/><G18/><T13/><D13/><U118/><E118/><V12/><F12/><W107/><G107/><T44/><REACH who="0" step="1"/><D96/><AGARI ba="0,1" hai="20,21,23,27,30,34,45,47,77,78,79,96,102,105" machi="96" ten="40,12000,2" yaku="1,1,52,2,53,3" doraHai="43" doraHaiUra="17" who="1" fromWho="0" sc="365,-120,326,130,39,0,260,0" /><INIT seed="3,0,0,5,0,134" ten="245,456,39,260" oya="3" hai0="53,10,38,30,102,132,4,15,85,50,16,86,131" hai1="14,90,117,29,82,115,89,78,58,119,75,55,65" hai2="62,34,111,135,72,133,45,83,95,79,84,56,51" hai3="70,52,49,129,36,32,46,128,100,94,26,103,105"/><W47/><G105/><T59/><D38/><U57/><E115/><V66/><F34/><W124/><G124/><T98/><D132/><U67/><E29/><V64/><F135/><W125/><G125/><T31/><D131/><N who="3" m="50249" /><G70/><T12/><D31/><U93/><E14/><V20/><F111/><W60/><G60/><T35/><D30/><U81/><E93/><V104/><F133/><W107/><G107/><T7/><D35/><U108/><E108/><V126/><F104/><W123/><G123/><T11/><D4/><U121/><E121/><V88/><F66/><W114/><G114/><T19/><D7/><U110/><E110/><V113/><F113/><W42/><G94/><AGARI ba="0,0" hai="10,11,12,15,16,19,50,53,59,85,86,94,98,102" machi="94" ten="30,7700,0" yaku="7,1,9,1,8,1,54,1" doraHai="134" who="0" fromWho="3" sc="245,77,456,0,39,0,260,-77" owari="322,12.2,456,55.6,39,-46.1,183,-21.7" /></mjloggm>