<mjloggm ver="2.3"><GO type="225" lobby="0"/><UN n0="%E3%82%A2%E3%83%BC%E3%83%A2%E3%83%AD%E3%83%BC%E3%83%B4%E3%82%A1" n1="%6E%69%63%6B%6C%6F%77" n2="%73%6C%69%63%6B%33%31%39" n3="%E9%89%A2%E5%B7%BB%E3%82%AC%E3%83%96" dan="16,16,16,16" rate="2185.57,2140.64,2164.75,2072.60" sx="M,F,M,M"/><TAIKYOKU oya="0"/><INIT seed="0,0,0,0,4,66" ten="250,250,250,250" oya="0" hai0="78,118,92,31,52,77,91,36,97,120,112,56,13" hai1="25,74,89,17,28,127,57,19,85,94,133,4,82" hai2="114,10,6,80,40,86,102,124,108,95,1,22,130" hai3="20,33,96,103,99,47,48,53,70,59,75,7,129"/><T84/><D112/><U51/><E127/><V45/><F114/><W55/><G33/><T64/><D118/><U69/><E133/><V38/><F124/><W110/><G75/><T21/><D120/><U37/><E37/><V93/><F108/><W32/><G32/><T15/><D36/><U42/><E4/><V71/><F130/><W3/><G110/><T54/><D64/><U14/><E74/><V109/><F109/><W2/><G7/><T104/><D104/><U12/><E69/><V117/><F117/><W18/><G70/><T16/><D31/><U9/><E25/><V39/><F71/><W81/><G81/><N who="0" m="47159" /><D77/><U132/><E28/><V24/><F102/><W30/><G30/><T5/><D56/><U83/><E132/><V115/><F39/><W61/><G96/><T98/><D98/><U113/><E113/><V101/><F101/><W23/><G129/><T125/><D125/><U68/><E68/><V111/><F111/><W134/><G134/><T58/><D58/><U65/><E42/><V62/><F62/><W87/><G87/><T26/><D26/><U63/><REACH who="1" step="1"/><E51/><REACH who="1" ten="250,240,250,250" step="2"/><V72/><F115/><W60/><G60/><T123/><D123/><U67/><E67/><V105/><F72/><W106/><REACH who="3" step="1"/><G23/><AGARI ba="0,1" hai="9,12,14,17,19,23,57,63,65,82,83,85,89,94" machi="23" ten="30,3900,0" yaku="1,1,7,1,8,1,53,0" doraHai="66" doraHaiUra="44" who="1" fromWho="3" sc="250,0,240,49,250,0,250,-39" /><INIT seed="1,0,0,4,0,30" ten="250,289,250,211" oya="1" hai0="95,90,85,97,38,84,121,63,125,101,31,24,117" hai1="93,62,18,98,22,123,108,83,106,112,96,41,94" hai2="134,135,5,99,115,89,82,76,60,0,71,49,48" hai3="57,66,6,55,105,3,65,68,43,56,13,11,42"/><U37/><E112/><V7/><F115/><W91/><G105/><T28/><D117/><U25/><E123/><V27/><F27/><W19/><G68/><T39/><D121/><U107/><E108/><V21/><F21/><W79/><G79/><T29/><D125/><U2/><E2/><V72/><F89/><W51/><G91/><T35/><D84/><U45/><E83/><V44/><F99/><W4/><G57/><T110/><D110/><U78/><E78/><V46/><F60/><W61/><G66/><T81/><D29/><U67/><E96/><V124/><F71/><W12/><G3/><T9/><D31/><U111/><E93/><V50/><F124/><W122/><G122/><T36/><D9/><U47/><E47/><N who="2" m="17963" /><F0/><W131/><G61/><T87/><D87/><U53/><E111/><V102/><F102/><W74/><G65/><T59/><REACH who="0" step="1"/><D36/><REACH who="0" ten="240,289,250,211" step="2"/><U126/><E126/><V132/><AGARI ba="0,1" hai="5,7,48,49,50,72,76,82,132,134,135" m="17963" machi="132" ten="40,1500,0" yaku="20,1" doraHai="30" who="2" fromWho="2" sc="240,-4,289,-7,250,25,211,-4" /><INIT seed="2,0,0,5,5,45" ten="236,282,275,207" oya="2" hai0="42,16,97,83,98,51,129,44,40,35,5,62,120" hai1="100,41,63,21,117,46,127,92,53,75,115,65,71" hai2="34,31,121,60,112,29,103,24,110,78,104,96,48" hai3="73,74,116,28,70,7,130,38,123,26,2,12,55"/><V0/><F112/><W47/><G116/><T105/><D120/><U37/><E117/><V89/><F121/><W111/><G123/><T10/><D129/><U25/><E127/><V23/><F0/><W76/><G111/><T27/><D105/><U3/><E3/><V124/><F124/><W101/><G130/><T114/><D114/><U30/><E115/><V131/><F131/><W39/><G70/><T66/><D42/><U132/><E132/><V13/><F78/><W19/><G101/><T56/><D83/><U128/><E128/><V133/><F133/><W108/><G108/><T88/><D88/><U32/><E75/><V113/><F113/><W8/><G74/><T86/><D86/><U50/><E92/><V68/><F110/><W91/><G91/><T49/><D49/><U119/><E100/><V93/><F48/><W118/><G118/><T43/><D43/><U84/><E84/><V61/><F68/><W52/><G76/><T135/><D135/><U85/><E85/><V126/><F126/><W54/><G47/><T102/><D102/><U107/><E119/><V20/><F34/><W67/><G67/><T9/><D35/><U4/><E4/><V11/><F23/><N who="3" m="11751" /><G73/><T77/><D77/><U59/><REACH who="1" step="1"/><E32/><AGARI ba="0,0" hai="2,7,8,26,28,32,38,39,52,54,55" m="11751" machi="32" ten="30,2000,0" yaku="24,1,54,1" doraHai="45" who="3" fromWho="1" sc="236,0,282,-20,275,0,207,20" /><INIT seed="3,0,0,5,2,31" ten="236,262,275,227" oya="3" hai0="69,82,26,113,38,32,6,65,52,17,96,37,45" hai1="131,132,53,20,9,125,41,66,79,89,94,13,62" hai2="77,106,54,18,85,39,12,109,11,87,61,73,111" hai3="8,33,44,88,114,42,118,70,108,99,16,3,100"/><W84/><G114/><T43/><D113/><U91/><E125/><V72/><F106/><W101/><G118/><T127/><D127/><U81/><E131/><V35/><F39/><W107/><G70/><T74/><D38/><U95/><E132/><V55/><F35/><W124/><G124/><T21/><D6/><U27/><E41/><V51/><F61/><W30/><G101/><T25/><D65/><U112/><E53/><V128/><F128/><W134/><G134/><T76/><D69/><U98/><E112/><V130/><F130/><W2/><G108/><N who="2" m="41545" /><F55/><W105/><G105/><T22/><D52/><U15/><E9/><V5/><F18/><W28/><G28/><T7/><D7/><U0/><E0/><V58/><F77/><W117/><G117/><T34/><D96/><U133/><E133/><V110/><N who="2" m="41553" /><V120/><DORA hai="24" /><F120/><W40/><G30/><AGARI ba="0,0" hai="17,21,22,25,26,30,32,34,37,43,45,74,76,82" machi="30" ten="30,7700,0" yaku="7,1,52,3" doraHai="31,24" who="0" fromWho="3" sc="236,77,262,0,275,0,227,-77" owari="313,41.3,262,-13.8,275,7.5,150,-35.0" /></mjloggm>