<mjloggm ver="2.3"><GO type="225" lobby="0"/><UN n0="%54%4F%52" n1="%66%72%61%63%74%75%72%65" n2="%6D%75%75%6D%75%72%61" n3="%E3%81%8F%E3%82%8A%E3%83%94%E3%83%BC" dan="17,16,16,16" rate="2244.40,2031.28,2186.55,2120.28" sx="M,M,F,M"/><TAIKYOKU oya="0"/><INIT seed="0,0,0,3,3,102" ten="250,250,250,250" oya="0" hai0="33,55,19,133,21,58,10,80,113,44,97,27,132" hai1="53,86,39,30,69,35,78,52,46,4,51,25,81" hai2="116,68,47,50,3,48,5,134,45,75,77,70,93" hai3="112,130,41,79,105,62,2,1,15,65,67,0,74"/><T32/><D113/><U23/><E69/><V123/><F123/><W34/><G112/><T9/><D80/><U16/><E39/><V121/><F121/><W85/><G74/><T94/><D44/><U120/><E120/><V91/><F134/><N who="0" m="51818" /><D32/><U129/><E129/><V29/><F77/><W8/><G34/><T60/><D33/><U82/><E82/><V96/><F29/><W135/><G130/><T71/><D71/><U22/><E4/><V43/><F75/><W118/><G118/><T26/><D26/><N who="1" m="14663" /><E35/><V12/><F3/><W88/><G79/><T125/><D125/><U128/><E128/><V90/><F116/><W61/><G41/><AGARI ba="0,0" hai="23,25,30,41,46,51,52,53,78,81,86" m="14663" machi="41" ten="30,3900,0" yaku="8,1,54,2" doraHai="102" who="1" fromWho="3" sc="250,0,250,39,250,0,250,-39" /><INIT seed="1,0,0,5,1,20" ten="250,289,250,211" oya="1" hai0="71,11,51,89,47,102,33,40,45,66,5,123,2" hai1="36,30,120,80,64,119,99,108,23,55,8,79,39" hai2="128,130,76,63,37,22,131,43,48,13,59,101,3" hai3="114,15,26,38,65,12,129,9,118,94,58,44,4"/><U78/><E119/><V28/><F3/><W50/><G114/><T56/><D123/><U69/><E120/><V88/><F37/><W49/><G129/><T62/><D33/><U90/><E8/><V32/><F76/><W105/><G105/><T73/><D73/><U16/><E30/><V106/><F32/><W111/><G111/><T124/><D124/><U53/><E53/><V29/><F101/><W121/><G118/><T25/><D102/><U75/><E78/><V117/><F106/><W85/><G38/><T1/><D1/><U27/><E108/><V110/><F110/><W96/><G85/><T61/><D89/><U107/><E107/><V112/><F112/><W42/><G15/><T82/><D82/><U109/><E109/><V57/><F117/><W52/><G121/><T95/><D95/><N who="1" m="56823" /><E64/><V67/><F88/><N who="3" m="55367" /><G26/><T116/><D116/><U24/><E27/><V0/><F0/><W83/><G83/><T21/><D47/><U113/><E69/><V126/><F13/><W91/><G91/><T34/><D34/><U54/><E113/><V125/><F126/><W35/><G35/><T100/><D100/><U104/><E104/><V41/><F125/><W14/><G14/><T74/><D74/><U87/><E75/><V72/><F72/><W84/><G84/><T127/><D127/><U92/><E92/><V6/><F131/><W46/><G65/><T19/><REACH who="0" step="1"/><D62/><REACH who="0" ten="240,289,250,211" step="2"/><U122/><E122/><V77/><F130/><W98/><G98/><T115/><D115/><U10/><E80/><V93/><F128/><W132/><G44/><T60/><D60/><RYUUKYOKU ba="0,1" sc="240,15,289,-15,250,-15,211,15" hai0="2,5,11,19,21,25,40,45,51,56,61,66,71" hai3="4,9,12,42,46,49,50,52,58,132" /><INIT seed="2,1,1,5,5,113" ten="255,274,235,226" oya="2" hai0="117,49,64,120,30,17,43,132,95,91,53,8,103" hai1="102,69,96,40,11,112,58,67,29,78,57,42,116" hai2="22,32,135,26,107,27,66,6,47,38,118,73,13" hai3="12,54,86,110,104,35,7,70,0,56,48,3,75"/><V1/><F107/><W18/><G75/><T25/><D120/><U126/><E112/><V55/><F73/><W77/><G110/><T133/><D64/><U10/><E78/><V99/><F135/><N who="0" m="51786" /><D43/><U59/><E29/><V31/><F66/><W119/><G35/><T61/><D61/><U121/><E121/><V79/><F79/><W50/><G70/><T125/><D103/><U19/><E102/><V39/><F99/><W24/><G104/><T60/><D60/><U131/><E67/><V123/><F123/><W15/><G119/><T20/><D125/><U51/><E69/><V129/><F129/><W44/><G3/><T5/><D30/><U105/><E40/><V68/><F118/><W124/><G0/><N who="0" m="39" /><D117/><U71/><E42/><V41/><F68/><W52/><G124/><T128/><D128/><U80/><E131/><V37/><F55/><W93/><G7/><T94/><D91/><U62/><E116/><V85/><F1/><W134/><G134/><T98/><D98/><U65/><E96/><V90/><F6/><W115/><G115/><T36/><D36/><U72/><E126/><V92/><F13/><W2/><G2/><T83/><D83/><U82/><E82/><V23/><F32/><W4/><G4/><T114/><D114/><U74/><E80/><V106/><F106/><W108/><G77/><T89/><D89/><U84/><E105/><V21/><F31/><W46/><G108/><T100/><D100/><U14/><E71/><V16/><F27/><W28/><G28/><T81/><D81/><U97/><E65/><V122/><F122/><RYUUKYOKU ba="1,1" sc="255,15,274,-15,235,15,226,-15" hai0="17,20,25,49,53,94,95" hai2="16,21,22,23,26,37,38,39,41,47,85,90,92" /><INIT seed="2,2,1,0,1,112" ten="270,259,250,211" oya="2" hai0="108,73,70,84,130,26,74,44,31,57,95,35,8" hai1="127,106,75,1,47,92,101,81,25,41,3,125,110" hai2="36,63,77,117,24,94,69,45,33,62,46,98,93" hai3="34,21,9,55,86,54,29,66,67,87,129,103,17"/><V121/><F121/><W83/><G129/><T99/><D70/><U65/><E110/><V4/><F117/><W109/><G109/><T104/><D108/><U27/><E92/><V40/><F77/><W0/><G103/><T122/><D122/><U59/><E59/><V79/><F79/><W120/><G120/><T100/><D130/><U82/><E65/><V15/><F69/><W64/><G34/><T10/><D57/><U102/><E47/><V48/><F4/><W85/><G0/><T12/><D44/><U42/><REACH who="1" step="1"/><E75/><REACH who="1" ten="270,249,250,211" step="2"/><V113/><F46/><W43/><G43/><T16/><D74/><U61/><E61/><V53/><F93/><W80/><G54/><T131/><D73/><U2/><E2/><V76/><F63/><W56/><G55/><T134/><D131/><U49/><E49/><V124/><F62/><W116/><G56/><T91/><REACH who="0" step="1"/><D134/><REACH who="0" ten="260,249,250,211" step="2"/><U96/><E96/><V14/><F98/><W38/><G116/><T50/><D50/><U111/><E111/><V22/><F48/><W51/><G51/><T5/><D5/><U32/><E32/><V30/><F33/><W88/><G64/><T118/><D118/><U78/><E78/><V11/><F45/><W18/><G66/><T72/><D72/><U20/><E20/><AGARI ba="2,3" hai="8,10,12,16,20,26,31,35,84,91,95,99,100,104" machi="20" ten="30,3900,0" yaku="1,1,7,1,54,1,53,0" doraHai="112" doraHaiUra="133" who="0" fromWho="1" sc="260,75,249,-45,250,0,211,0" /><INIT seed="3,0,0,4,3,7" ten="335,204,250,211" oya="3" hai0="34,21,33,41,124,106,59,72,107,96,112,68,48" hai1="45,62,12,125,115,52,22,13,105,35,99,30,89" hai2="109,53,74,75,26,49,116,134,31,29,23,39,126" hai3="129,122,9,118,18,46,20,6,79,70,32,4,3"/><W113/><G118/><T37/><D68/><U86/><E115/><V42/><F109/><W87/><G122/><T14/><D72/><U114/><E114/><V16/><F116/><W17/><G113/><T133/><D37/><U10/><E125/><V135/><F126/><W97/><G32/><T15/><D59/><N who="1" m="35175" /><E35/><V80/><F39/><W64/><G64/><T56/><D14/><U66/><E105/><V78/><F42/><W82/><G70/><T11/><D21/><U83/><E66/><V108/><F75/><W0/><G129/><T123/><D96/><U27/><E99/><V71/><F108/><W100/><G46/><T132/><D56/><U2/><E2/><V24/><F71/><W94/><REACH who="3" step="1"/><G20/><REACH who="3" ten="335,204,250,201" step="2"/><T84/><D33/><U95/><E45/><V28/><F23/><W121/><G121/><T25/><D34/><U55/><E55/><V60/><F53/><W103/><G103/><T57/><D123/><U102/><E102/><V51/><F134/><W58/><G58/><T93/><D57/><U77/><E77/><V19/><F135/><W61/><G61/><T81/><D112/><U1/><E22/><V98/><F60/><W130/><G130/><T117/><D117/><U43/><E43/><V44/><F44/><W91/><G91/><T119/><D119/><U120/><E120/><V65/><F65/><W50/><G50/><T8/><D48/><U90/><E90/><V111/><F111/><W5/><G5/><T67/><D132/><U110/><E110/><V38/><F51/><W73/><G73/><T101/><D133/><U128/><E128/><RYUUKYOKU ba="0,1" sc="335,-10,204,-10,250,-10,201,30" hai3="0,3,4,6,9,17,18,79,82,87,94,97,100" /><INIT seed="3,1,1,5,0,99" ten="325,194,240,231" oya="3" hai0="128,27,58,133,14,50,15,100,119,134,54,6,43" hai1="124,18,34,22,113,94,118,28,16,125,135,3,7" hai2="101,26,76,132,36,2,92,35,67,117,51,53,83" hai3="78,70,120,116,19,62,37,112,126,89,32,4,44"/><W47/><G116/><T107/><D119/><U122/><E94/><V130/><F36/><W25/><G120/><T85/><D128/><U102/><E118/><V63/><F2/><W59/><G112/><T71/><D71/><U57/><E122/><V105/><F92/><W9/><G70/><T121/><D121/><U80/><E113/><V131/><F117/><W33/><G126/><N who="1" m="48746" /><E135/><N who="0" m="51721" /><D85/><U97/><E80/><V66/><F132/><W115/><G78/><T104/><D100/><U46/><E46/><N who="2" m="27895" /><F83/><W29/><G47/><N who="0" m="25983" /><D27/><N who="1" m="18719" /><E57/><V108/><F76/><W90/><G59/><T109/><D109/><U87/><E87/><V49/><F108/><W123/><G33/><T111/><D111/><U75/><E75/><V11/><F105/><N who="0" m="40522" /><D6/><U39/><E39/><V64/><F101/><W56/><G37/><T24/><D24/><U73/><E73/><V95/><F95/><W40/><G123/><T10/><D10/><N who="1" m="2431" /><E97/><V84/><F84/><W72/><G115/><T82/><D82/><U12/><E102/><V55/><F130/><W23/><G72/><T129/><D129/><U38/><E38/><V60/><F131/><W93/><G93/><T79/><D79/><U69/><E69/><V106/><F106/><W81/><G81/><T96/><D96/><U68/><E68/><V1/><F67/><N who="3" m="39367" /><G44/><T21/><D21/><U86/><E86/><V114/><F114/><W20/><G40/><T30/><D30/><U17/><AGARI ba="1,1" hai="12,16,17,18,22" m="2431,18719,48746" machi="17" ten="30,8000,1" yaku="24,1,18,1,34,2,54,1" doraHai="99" who="1" fromWho="1" sc="325,-21,194,93,240,-21,231,-41" owari="304,40.4,287,8.7,219,-18.1,190,-31.0" /></mjloggm>