<mjloggm ver="2.3"><GO type="225" lobby="0"/><UN n0="%E3%83%97%E3%83%AC%E3%83%B4%E3%82%A1%E3%83%86%E3%82%A3" n1="%E6%B4%BE%E9%81%A3%E3%81%AE%E3%82%B8%E3%83%A3%E3%83%83%E3%82%AF" n2="%E3%81%A8%E3%82%93%E3%81%A8%E3%81%93%E3%81%A8%E3%82%93" n3="%E5%86%B7%E5%87%8D%E3%82%AE%E3%83%A7%E3%83%BC%E3%82%B6" dan="16,17,16,16" rate="2120.93,2176.41,2162.90,2132.64" sx="F,M,F,M"/><TAIKYOKU oya="0"/><INIT seed="0,0,0,5,1,22" ten="250,250,250,250" oya="0" hai0="130,115,88,112,78,10,42,27,127,2,94,29,100" hai1="14,50,43,108,3,30,66,31,110,116,111,128,79" hai2="86,61,72,24,97,85,71,83,57,33,63,28,133" hai3="47,40,90,80,36,39,60,87,75,102,38,52,25"/><T98/><D127/><U121/><E79/><V105/><F133/><W81/><G102/><T12/><D130/><U49/><E116/><V109/><F109/><W77/><REACH who="3" step="1"/><G25/><REACH who="3" ten="250,250,250,240" step="2"/><T76/><D2/><U124/><E3/><V41/><F41/><W114/><G114/><T23/><D42/><U68/><E43/><V56/><F72/><W84/><G84/><T13/><D115/><U89/><E124/><V132/><F86/><W18/><G18/><T9/><D112/><U26/><E128/><V106/><F132/><W107/><G107/><T32/><D100/><U104/><E104/><V92/><F105/><W20/><G20/><T7/><D32/><U122/><E14/><V93/><F106/><W8/><G8/><T5/><AGARI ba="0,1" hai="5,7,9,10,12,13,23,27,29,76,78,88,94,98" machi="5" ten="20,18000,2" yaku="0,1,7,1,9,1,8,1,52,1,54,1" doraHai="22" who="0" fromWho="0" sc="250,190,250,-60,250,-60,240,-60" /><INIT seed="0,1,0,2,1,62" ten="440,190,190,180" oya="0" hai0="34,79,30,13,45,70,135,6,69,60,77,95,4" hai1="7,55,74,127,63,36,5,17,68,0,33,103,82" hai2="121,99,65,122,28,75,31,61,114,39,20,38,94" hai3="37,76,130,96,41,80,89,97,46,86,124,100,54"/><T120/><D120/><U93/><E33/><V32/><F75/><W101/><G124/><T56/><D135/><U111/><E36/><V105/><F114/><W35/><G35/><T66/><D45/><U73/><E127/><V72/><F72/><W15/><G130/><T106/><D106/><U16/><E111/><V26/><F28/><W25/><G25/><T1/><D1/><U52/><E103/><V115/><F115/><W132/><G132/><T134/><D134/><U112/><E112/><V49/><F49/><W64/><G54/><T90/><D34/><U83/><E63/><V47/><F105/><W107/><G15/><T14/><D30/><U133/><E68/><V131/><F131/><W119/><G119/><T92/><D60/><U108/><E108/><V51/><F32/><W19/><G19/><T57/><REACH who="0" step="1"/><D90/><REACH who="0" ten="430,190,190,180" step="2"/><U12/><E0/><V88/><F121/><W104/><G89/><T67/><AGARI ba="1,1" hai="4,6,13,14,56,57,66,67,69,70,77,79,92,95" machi="67" ten="25,18000,2" yaku="1,1,2,1,0,1,22,2,52,2,53,0" doraHai="62" doraHaiUra="23" who="0" fromWho="0" sc="430,193,190,-61,190,-61,180,-61" /><INIT seed="0,2,0,1,3,87" ten="623,129,129,119" oya="0" hai0="1,126,125,25,102,70,24,129,23,45,8,96,20" hai1="92,68,16,33,117,48,5,50,74,3,69,85,67" hai2="0,15,47,64,133,109,134,72,84,65,82,28,101" hai3="110,2,128,30,43,80,53,12,42,37,120,86,108"/><T118/><D70/><U105/><E105/><V4/><F72/><W100/><G128/><T124/><D118/><U131/><E74/><V18/><F109/><N who="3" m="42091" /><G2/><T63/><D63/><U94/><E117/><V91/><F28/><W21/><G120/><T95/><D129/><U40/><E33/><V14/><F101/><W81/><G37/><T62/><D62/><U34/><E34/><V11/><F47/><W73/><G100/><T103/><D45/><U135/><E131/><V121/><F0/><W57/><G73/><T52/><D52/><U13/><E135/><N who="2" m="51723" /><F121/><W76/><G80/><T26/><D102/><U38/><E38/><V75/><F75/><W114/><G114/><T99/><D99/><U112/><E112/><V6/><F4/><AGARI ba="2,0" hai="1,4,8,20,23,24,25,26,95,96,103,124,125,126" machi="4" ten="50,2400,0" yaku="18,1" doraHai="87" who="0" fromWho="2" sc="623,30,129,0,129,-30,119,0" /><INIT seed="0,3,0,1,2,44" ten="653,129,99,119" oya="0" hai0="26,58,39,67,113,12,31,109,121,18,82,92,130" hai1="28,99,3,5,19,106,69,41,61,123,68,84,6" hai2="36,16,40,116,70,78,71,42,30,1,22,122,11" hai3="91,66,87,94,43,131,102,93,134,95,54,38,77"/><T35/><D121/><U126/><E123/><V108/><F122/><W101/><G131/><T72/><D130/><U85/><E28/><V52/><F108/><W98/><G134/><T83/><D109/><U112/><E112/><V119/><F78/><W49/><G77/><T20/><D113/><U32/><E32/><V81/><F81/><W110/><G66/><T23/><D72/><U29/><E29/><V14/><F71/><W2/><G2/><T135/><D135/><U7/><E3/><V100/><F100/><W120/><G110/><T80/><D39/><U10/><E41/><V88/><F70/><W9/><G9/><T21/><D92/><U8/><E126/><V53/><F88/><N who="3" m="53407" /><G38/><T56/><REACH who="0" step="1"/><D67/><REACH who="0" ten="643,129,99,119" step="2"/><U89/><E106/><V97/><F36/><W127/><G120/><T129/><D129/><U51/><E5/><V96/><F116/><W48/><G127/><T65/><D65/><U115/><E115/><V74/><F119/><W111/><G94/><T117/><D117/><U0/><E6/><V24/><F74/><W107/><G111/><T118/><D118/><U59/><E7/><V33/><F1/><W64/><G64/><T75/><D75/><U128/><E0/><V47/><F33/><W103/><G107/><T86/><D86/><U37/><E37/><V34/><F34/><W13/><G103/><T4/><D4/><U27/><E128/><V133/><F133/><W57/><G102/><T45/><D45/><U62/><E69/><V63/><F47/><N who="3" m="25727" /><G101/><T25/><D25/><U79/><E68/><V46/><F46/><N who="3" m="27959" /><G13/><T105/><D105/><RYUUKYOKU ba="3,1" sc="643,15,129,-15,99,-15,119,15" hai0="12,18,20,21,23,26,31,35,56,58,80,82,83" hai3="57,91,95,98" /><INIT seed="0,4,1,1,5,26" ten="658,114,84,134" oya="0" hai0="82,52,88,121,84,18,129,125,94,20,67,80,81" hai1="31,75,115,3,33,24,127,131,45,98,65,41,124" hai2="46,58,79,6,73,5,66,95,120,119,117,96,132" hai3="51,25,40,106,122,57,90,118,103,64,19,110,7"/><T78/><D125/><N who="1" m="48203" /><E131/><V130/><F120/><W102/><G118/><N who="2" m="45065" /><F130/><W12/><G110/><T83/><D129/><U97/><E115/><V61/><F132/><W13/><G106/><T15/><D121/><U69/><E75/><V89/><F46/><N who="3" m="26055" /><G90/><T59/><D67/><U35/><E3/><V36/><F36/><W47/><G47/><T70/><D70/><U105/><E105/><V63/><F61/><N who="3" m="37935" /><G122/><T85/><REACH who="0" step="1"/><D80/><AGARI ba="4,1" hai="5,6,58,63,66,73,79,80,89,95,96" m="45065" machi="80" ten="30,1000,0" yaku="12,1" doraHai="26" who="2" fromWho="0" sc="658,-22,114,0,84,32,134,0" /><INIT seed="1,0,0,4,5,43" ten="636,114,116,134" oya="1" hai0="86,8,27,58,133,113,101,98,103,90,22,15,59" hai1="54,107,83,32,108,44,41,21,20,78,61,123,124" hai2="118,104,70,26,84,37,72,121,31,130,115,55,76" hai3="24,19,135,92,60,67,120,12,10,100,129,134,57"/><U42/><E123/><V9/><F118/><W17/><G120/><T81/><D113/><U50/><E32/><V29/><F121/><W63/><G129/><T97/><D133/><N who="3" m="50697" /><G60/><T77/><D59/><N who="1" m="35063" /><E107/><V66/><F84/><W7/><G24/><T94/><D58/><U23/><E124/><V88/><F55/><W109/><G109/><T2/><D2/><U45/><E108/><V122/><F122/><W126/><G126/><T16/><REACH who="0" step="1"/><D98/><AGARI ba="0,0" hai="7,10,12,17,19,57,63,67,92,98,100" m="50697" machi="98" ten="30,1000,0" yaku="20,1" doraHai="43" who="3" fromWho="0" sc="636,-10,114,0,116,0,134,10" /><INIT seed="2,0,0,5,5,82" ten="626,114,116,144" oya="2" hai0="43,5,133,86,74,0,39,121,101,20,77,52,34" hai1="130,17,65,111,33,12,6,61,70,118,90,35,94" hai2="75,46,9,117,97,68,78,19,89,51,69,125,106" hai3="24,83,116,134,119,58,10,99,45,64,23,112,72"/><V63/><F117/><W62/><G134/><T4/><D121/><U91/><E118/><V32/><F125/><W48/><G112/><T7/><D133/><U127/><E127/><V107/><F32/><W56/><G56/><T42/><D34/><U108/><E6/><V18/><F89/><W1/><G1/><T126/><D126/><U120/><E130/><V85/><F75/><W16/><G10/><T100/><D74/><U103/><E103/><N who="0" m="39497" /><D39/><U110/><E91/><V98/><F51/><W92/><G92/><T114/><D114/><U76/><E76/><V88/><F46/><W2/><G99/><T87/><D77/><U31/><E31/><V131/><F78/><W44/><G44/><T59/><D20/><N who="1" m="11303" /><E120/><V79/><F79/><W28/><G2/><T49/><D0/><U73/><E73/><V96/><F131/><W122/><G72/><T47/><D47/><U53/><E53/><V22/><F9/><W38/><G122/><T25/><D25/><U21/><E21/><V115/><F115/><W124/><G38/><T11/><D11/><U102/><E102/><V104/><F22/><W71/><G124/><T27/><D27/><U113/><E113/><V109/><F109/><N who="1" m="27905" /><U36/><DORA hai="84" /><E36/><V13/><F13/><W66/><G116/><T29/><D29/><U8/><E8/><V67/><REACH who="2" step="1"/><F69/><REACH who="2" ten="626,114,106,144" step="2"/><W81/><G119/><T41/><AGARI ba="0,1" hai="4,5,7,41,42,43,49,52,59,86,87" m="39497" machi="41" ten="40,8000,1" yaku="8,1,52,2,54,1" doraHai="82,84" who="0" fromWho="0" sc="626,90,114,-20,106,-40,144,-20" /><INIT seed="3,0,0,2,0,95" ten="716,94,66,124" oya="3" hai0="121,128,96,64,8,1,24,132,57,116,31,76,25" hai1="79,42,70,115,27,111,120,36,122,28,106,23,50" hai2="16,22,37,2,83,55,61,26,113,125,21,68,33" hai3="69,87,6,9,90,89,105,17,63,88,108,81,20"/><W85/><G105/><T32/><D121/><U40/><E106/><V102/><F113/><W56/><G69/><T48/><D116/><U67/><E115/><V104/><F2/><W5/><G108/><T65/><D128/><U19/><E111/><V62/><F125/><W66/><G9/><T86/><D132/><U77/><E36/><V38/><F33/><W58/><G58/><T51/><D1/><U3/><E3/><V78/><F62/><W135/><G135/><T7/><D8/><U30/><E67/><N who="0" m="25673" /><D7/><U59/><E70/><V43/><F43/><W134/><G134/><T100/><D32/><U13/><E120/><V45/><F68/><W71/><G71/><T80/><D31/><U131/><E30/><V11/><F11/><W4/><REACH who="3" step="1"/><G81/><REACH who="3" ten="716,94,66,114" step="2"/><T91/><D57/><U82/><E82/><V54/><F45/><W35/><G35/><T127/><D127/><U18/><E122/><V107/><F107/><W99/><G99/><T49/><D76/><U133/><E133/><V47/><F47/><W84/><G84/><T15/><D80/><U12/><E131/><V118/><F83/><W93/><G93/><T14/><D86/><U97/><E97/><V73/><F78/><W39/><G39/><T98/><D91/><U110/><E110/><V103/><F38/><W60/><G60/><T29/><D100/><U41/><E77/><V109/><F37/><W74/><G74/><T130/><D130/><U124/><E79/><V0/><F73/><W117/><G117/><T94/><D94/><U101/><E124/><V75/><F118/><W10/><G10/><RYUUKYOKU ba="0,1" sc="716,-10,94,-10,66,-10,114,30" hai3="4,5,6,17,20,56,63,66,85,87,88,89,90" /><INIT seed="3,1,1,3,3,119" ten="706,84,56,144" oya="3" hai0="65,90,6,86,64,121,50,14,43,0,2,101,82" hai1="51,39,70,105,91,108,46,135,94,66,117,93,49" hai2="28,111,97,125,116,130,17,55,16,8,115,106,129" hai3="29,20,122,126,134,5,59,26,109,22,69,99,76"/><W38/><G69/><T128/><D121/><U120/><E120/><V89/><F116/><W32/><G122/><T63/><D128/><N who="2" m="49258" /><F115/><W57/><G126/><T4/><D101/><U7/><E117/><V19/><F125/><W25/><G38/><T83/><D14/><U123/><E123/><V41/><F111/><W104/><G32/><T68/><D43/><U40/><E108/><V78/><F78/><W84/><G5/><T11/><D50/><U45/><E105/><V73/><F73/><W127/><G134/><T85/><D68/><U72/><E72/><V56/><F28/><W60/><G127/><T61/><D90/><U27/><E135/><V92/><F41/><W131/><G131/><T15/><D15/><U79/><E79/><V95/><F95/><W58/><G104/><T110/><REACH who="0" step="1"/><D11/><REACH who="0" ten="696,84,56,144" step="2"/><U67/><E40/><V71/><F71/><W118/><G118/><T77/><D77/><U10/><E70/><V31/><F106/><W88/><G109/><AGARI ba="1,2" hai="0,2,4,6,61,63,64,65,82,83,85,86,109,110" machi="109" ten="25,3200,0" yaku="1,1,22,2,53,0" doraHai="119" doraHaiUra="74" who="0" fromWho="3" sc="696,55,84,0,56,0,144,-35" owari="751,85.1,84,-31.6,56,-44.4,109,-9.1" /></mjloggm>