<mjloggm ver="2.3"><GO type="225" lobby="0"/><UN n0="%E3%81%BE%E3%81%A8%E3%81%9F" n1="%E6%80%AA%E3%81%97%E3%81%99%E3%81%8E%E3%82%8B%E3%83%81%E3%83%BC" n2="%E5%80%89%E6%A9%8B%EF%BC%A0%E4%BA%8B%E5%8B%99" n3="%E7%89%B9%E6%9D%B1%E3%81%AF%E4%B8%96%E7%95%8C%E3%82%92%E6%95%91%E3%81%86" dan="16,17,16,16" rate="2170.72,2146.19,2083.96,2153.25" sx="M,M,M,M"/><TAIKYOKU oya="0"/><INIT seed="0,0,0,5,4,14" ten="250,250,250,250" oya="0" hai0="91,95,11,103,54,124,46,59,65,10,84,13,24" hai1="1,38,33,51,82,97,106,27,87,64,55,104,18" hai2="117,111,94,123,20,9,41,76,57,63,7,100,44" hai3="28,31,6,85,71,99,135,121,17,81,30,43,73"/><T49/><D124/><U126/><E126/><V98/><F123/><W112/><G112/><T60/><D103/><U101/><E38/><V72/><F111/><W58/><G71/><T107/><D107/><U75/><E1/><V134/><F134/><W3/><G73/><T80/><D24/><U125/><E125/><V109/><F109/><W16/><G135/><T22/><D80/><U68/><E75/><V4/><F117/><W19/><G121/><T83/><D83/><U69/><E104/><V15/><F20/><W37/><G99/><T39/><D39/><U26/><E64/><V0/><F4/><W90/><G58/><T118/><D118/><U115/><E115/><V2/><F76/><W34/><G34/><T66/><D66/><U89/><E27/><V62/><F72/><W77/><G77/><T78/><D78/><U32/><E32/><V40/><F40/><W93/><G81/><T45/><D45/><U96/><E96/><V128/><F128/><W56/><G56/><T105/><D105/><U110/><E110/><V122/><F122/><W53/><G53/><T21/><REACH who="0" step="1"/><D11/><REACH who="0" ten="240,250,250,250" step="2"/><U79/><E79/><V36/><REACH who="2" step="1"/><F62/><REACH who="2" ten="240,250,240,250" step="2"/><W113/><G113/><T61/><D61/><U116/><E116/><V50/><F50/><W67/><G37/><T8/><D8/><U23/><REACH who="1" step="1"/><E33/><REACH who="1" ten="240,240,240,250" step="2"/><V29/><F29/><W48/><G31/><T127/><D127/><U70/><E70/><V5/><F5/><AGARI ba="0,3" hai="5,10,13,21,22,46,49,54,59,60,65,84,91,95" machi="5" ten="30,5800,0" yaku="1,1,7,1,8,1,53,0" doraHai="14" doraHaiUra="119" who="0" fromWho="2" sc="240,88,240,0,240,-58,250,0" /><INIT seed="0,1,0,4,3,41" ten="328,240,182,250" oya="0" hai0="65,92,80,78,97,59,6,102,37,85,132,126,112" hai1="79,113,68,127,133,15,5,9,95,115,124,86,35" hai2="69,70,125,64,74,87,32,120,47,96,98,58,75" hai3="83,66,30,38,93,44,131,72,129,19,73,55,123"/><T13/><D112/><N who="1" m="43083" /><E68/><V84/><F120/><W89/><G123/><T7/><D126/><N who="1" m="48171" /><E35/><V22/><F125/><W135/><G135/><T81/><D132/><U90/><E133/><V1/><F32/><W67/><G30/><T34/><D37/><U119/><E79/><V101/><F1/><W88/><G19/><T108/><D34/><U56/><E56/><V111/><F58/><W105/><G105/><T63/><D108/><U21/><E21/><V4/><F111/><W20/><G20/><T24/><D13/><U0/><E119/><V51/><F22/><W99/><G73/><T60/><D24/><U36/><E36/><V2/><F51/><N who="3" m="29159" /><G38/><T121/><D121/><U62/><E62/><V94/><F94/><W33/><G33/><T3/><D60/><U76/><E76/><V54/><F54/><W27/><G27/><T110/><D110/><U77/><E77/><V82/><F70/><W117/><G72/><T40/><D78/><U128/><E128/><N who="3" m="49226" /><G117/><T16/><D81/><U48/><E48/><V46/><F69/><W52/><G52/><T130/><D80/><U71/><E71/><V17/><F82/><W118/><G118/><T10/><D130/><U39/><E39/><V100/><F64/><N who="3" m="24619" /><G83/><T25/><D65/><U14/><AGARI ba="1,0" hai="0,5,9,14,15,86,90,95" m="48171,43083" machi="14" ten="40,2700,0" yaku="11,1,18,1" doraHai="41" who="1" fromWho="1" sc="328,-14,240,30,182,-8,250,-8" /><INIT seed="1,0,0,5,4,95" ten="314,270,174,242" oya="1" hai0="88,71,12,73,51,38,108,114,40,27,24,13,19" hai1="0,121,2,29,55,18,26,87,78,119,15,46,25" hai2="94,90,7,32,86,102,134,112,97,124,62,122,133" hai3="66,28,127,16,80,92,41,22,17,72,21,83,3"/><U110/><E119/><V61/><F32/><W89/><G3/><T10/><D108/><U70/><E121/><V36/><F36/><W64/><G127/><T129/><D38/><U57/><E70/><V123/><F7/><W30/><G72/><T48/><D71/><U105/><E105/><V56/><F61/><W52/><G41/><T109/><D73/><U135/><E135/><N who="2" m="51723" /><F124/><W33/><G33/><T47/><D109/><U101/><E101/><V69/><F69/><W79/><G79/><T67/><D67/><U60/><E110/><V35/><F35/><W117/><G92/><T50/><D114/><U8/><E46/><V5/><F5/><W84/><G84/><T100/><D50/><U49/><E60/><V120/><F112/><W98/><G89/><T118/><D51/><U132/><E132/><V76/><F76/><W107/><G107/><T130/><D88/><U6/><E29/><V44/><F44/><W59/><G59/><T93/><D118/><U113/><E113/><V91/><F86/><W128/><G117/><T42/><D130/><U75/><E75/><V39/><F39/><W43/><G128/><T106/><D106/><U65/><E65/><AGARI ba="0,0" hai="56,62,65,90,91,94,97,102,120,122,123" m="51723" machi="65" ten="40,2600,0" yaku="20,1,52,1" doraHai="95" who="2" fromWho="1" sc="314,0,270,-26,174,26,242,0" /><INIT seed="2,0,0,0,1,101" ten="314,244,200,242" oya="2" hai0="109,43,0,46,35,75,29,61,74,100,37,108,99" hai1="60,112,16,17,53,77,92,32,41,133,122,38,121" hai2="82,67,107,24,135,118,105,2,79,69,68,119,115" hai3="71,110,93,124,44,89,123,42,65,62,14,72,103"/><V3/><F115/><W1/><G1/><N who="2" m="9" /><F24/><W86/><G123/><N who="1" m="47114" /><E112/><V54/><F54/><W117/><G117/><N who="2" m="44553" /><F135/><W49/><G72/><N who="0" m="27691" /><D0/><U31/><E133/><V126/><F126/><W104/><G124/><T13/><D13/><U66/><E77/><V134/><F134/><W23/><G110/><T48/><D61/><U19/><E92/><V56/><F56/><W129/><G129/><T95/><D29/><U90/><E90/><V80/><F67/><W132/><G132/><T11/><D11/><U36/><E53/><V64/><F64/><W51/><G51/><T7/><D48/><U26/><E41/><V6/><F6/><W18/><REACH who="3" step="1"/><G103/><REACH who="3" ten="314,244,200,232" step="2"/><T120/><D100/><U39/><E36/><V5/><F5/><W50/><G50/><T15/><D7/><U33/><E33/><V34/><F34/><W113/><G113/><T85/><D35/><U131/><E131/><V52/><F52/><W58/><G58/><AGARI ba="0,1" hai="16,17,19,26,31,32,38,39,58,60,66" m="47114" machi="58" ten="30,2000,0" yaku="13,1,54,1" doraHai="101" who="1" fromWho="3" sc="314,0,244,30,200,0,232,-20" /><INIT seed="3,0,0,5,4,107" ten="314,274,200,212" oya="3" hai0="45,128,66,108,56,134,103,77,13,75,33,34,115" hai1="12,22,64,92,119,2,110,40,31,0,26,29,121" hai2="54,123,130,106,68,7,32,57,27,87,23,71,86" hai3="124,30,78,88,19,11,44,126,35,129,104,60,25"/><W100/><G129/><T3/><D3/><U91/><E121/><V84/><F32/><W53/><G78/><T4/><D103/><U6/><E110/><V113/><F113/><W69/><G44/><T18/><D4/><U62/><E119/><V116/><F116/><W97/><G53/><T125/><D45/><U122/><E122/><V61/><F123/><W1/><G88/><T72/><D77/><U67/><E29/><V94/><F106/><W73/><G73/><T120/><D75/><U28/><E28/><V58/><F130/><W63/><G19/><T76/><D72/><U83/><E83/><V10/><F57/><W112/><G112/><T131/><D76/><U101/><E40/><V48/><F61/><W5/><G63/><T90/><D120/><U127/><E127/><V98/><F71/><W9/><G9/><T51/><D125/><U96/><E91/><V41/><F41/><W36/><G36/><T15/><D90/><U37/><E37/><V111/><F68/><W38/><G38/><T65/><D115/><U118/><E118/><V95/><F98/><W132/><G132/><T55/><D134/><U114/><E114/><V59/><F59/><W135/><G135/><T50/><D108/><U109/><E109/><V52/><F54/><W99/><G99/><T24/><D131/><U8/><REACH who="1" step="1"/><E67/><AGARI ba="0,0" hai="1,5,11,25,30,35,60,67,69,97,100,104,124,126" machi="67" ten="40,12000,1" yaku="25,2,23,2" doraHai="107" who="3" fromWho="1" sc="314,0,274,-120,200,0,212,120" owari="314,11.4,154,-34.6,200,-20.0,332,43.2" /></mjloggm>