<mjloggm ver="2.3"><GO type="225" lobby="0"/><UN n0="%E3%81%8C%E3%81%9F" n1="%E8%BE%9B%E5%8F%A3%E3%82%AB%E3%83%AC%E3%83%BC%E3%83%A9%E3%82%A4%E3%82%B9" n2="%E3%81%AF%E3%82%88%E3%81%8A%E3%81%98%E3%81%95%E3%82%93" n3="%E8%90%BD%E6%97%A5" dan="16,16,16,19" rate="2040.93,2148.14,2162.65,2277.38" sx="F,M,M,F"/><TAIKYOKU oya="0"/><INIT seed="0,0,0,2,2,97" ten="250,250,250,250" oya="0" hai0="37,22,63,81,54,66,132,103,6,8,104,62,21" hai1="47,92,87,36,38,110,31,133,5,20,71,7,99" hai2="112,80,75,122,11,125,68,128,10,19,0,134,120" hai3="60,45,117,27,61,18,86,124,96,119,67,30,88"/><T74/><D132/><U79/><E133/><V4/><F134/><W109/><G109/><T130/><D37/><U39/><E71/><V1/><F68/><W56/><G124/><T113/><D113/><U23/><E110/><V76/><F112/><W14/><G45/><T93/><D104/><U77/><E47/><V43/><F43/><W52/><G96/><T105/><D105/><U129/><E129/><V111/><F111/><W3/><G3/><T127/><D127/><U49/><E49/><V89/><F125/><W28/><G28/><T126/><D126/><U107/><E107/><V16/><F128/><W46/><G46/><T57/><D81/><U90/><E87/><V35/><F35/><W2/><G2/><T108/><D74/><U51/><E51/><V83/><F89/><W73/><G73/><T65/><D130/><U82/><E31/><V114/><F114/><W94/><G14/><N who="0" m="5399" /><D108/><U55/><E55/><V84/><F84/><W33/><REACH who="3" step="1"/><G18/><REACH who="3" ten="250,250,250,240" step="2"/><T26/><D63/><U123/><E5/><V13/><F4/><W42/><G42/><T85/><D26/><U50/><E7/><V78/><F13/><W25/><G25/><T106/><D106/><U41/><E41/><V59/><F75/><W70/><AGARI ba="0,1" hai="27,30,33,52,56,60,61,67,70,86,88,94,117,119" machi="70" ten="20,12000,2" yaku="1,1,0,1,7,1,54,2,53,1" doraHai="97" doraHaiUra="64" who="3" fromWho="3" sc="250,-60,250,-30,250,-30,240,130" /><INIT seed="1,0,0,0,5,94" ten="190,220,220,370" oya="1" hai0="39,107,84,50,78,123,80,22,52,18,92,127,19" hai1="32,43,26,134,125,2,101,128,64,35,98,71,57" hai2="74,132,79,126,54,87,62,48,135,8,66,40,0" hai3="27,28,108,51,31,1,61,121,9,120,13,38,82"/><U6/><E128/><V124/><F74/><W41/><G38/><T10/><D107/><U44/><E134/><N who="2" m="51243" /><F79/><W15/><G1/><T21/><D39/><U65/><E125/><N who="2" m="48235" /><F87/><W130/><G130/><T49/><D127/><U114/><E114/><V47/><F8/><W11/><G61/><T60/><D123/><U72/><E72/><V63/><F0/><W36/><G36/><T59/><D92/><U23/><E71/><N who="2" m="42455" /><F63/><W77/><G82/><T56/><D10/><U90/><E90/><V76/><F76/><W45/><G77/><T91/><D78/><U3/><E3/><V24/><F24/><W115/><G27/><T86/><D86/><U96/><E6/><V111/><F111/><W83/><G108/><T37/><D60/><N who="1" m="37903" /><E2/><V5/><F5/><W109/><G109/><T81/><D91/><U53/><E35/><V122/><F40/><W110/><G41/><T118/><D84/><U20/><E32/><V46/><F46/><W42/><G42/><T69/><D81/><U25/><E43/><V103/><F103/><W100/><G100/><T16/><D80/><U17/><E101/><V131/><F131/><W116/><G83/><T58/><D37/><U29/><E65/><V30/><F30/><W14/><G110/><T88/><D88/><U97/><E44/><V106/><F106/><W55/><G45/><T104/><D104/><U73/><E73/><V7/><F7/><W112/><G11/><T70/><D18/><U68/><E68/><V119/><F122/><W12/><N who="3" m="3072" /><DORA hai="4" /><W105/><G121/><T99/><D19/><U113/><E53/><RYUUKYOKU ba="0,0" sc="190,-15,220,15,220,15,370,-15" hai1="17,20,23,25,26,29,96,97,98,113" hai2="47,48,54,119" /><INIT seed="1,1,0,3,0,93" ten="175,235,235,355" oya="1" hai0="126,20,31,133,43,19,68,30,83,53,115,5,96" hai1="128,76,51,90,130,23,36,58,101,75,55,87,116" hai2="125,131,0,109,47,15,8,57,49,124,6,67,50" hai3="85,41,24,74,114,56,42,84,104,39,46,25,28"/><U59/><E116/><V100/><F109/><W45/><G74/><T11/><D68/><U48/><E36/><V110/><F110/><W123/><G123/><T54/><D43/><U4/><E101/><V14/><F131/><N who="1" m="50217" /><E4/><V89/><F100/><W16/><G114/><T102/><D115/><U7/><E7/><V120/><F120/><W127/><G104/><T17/><D126/><N who="2" m="48746" /><F89/><W12/><G127/><T106/><D133/><U40/><E23/><V70/><F70/><W32/><G56/><T80/><D80/><N who="1" m="45087" /><E40/><N who="2" m="24807" /><F50/><N who="1" m="18985" /><E55/><V10/><F8/><W117/><G117/><T71/><D53/><U118/><E118/><V95/><F95/><AGARI ba="1,0" hai="58,59,87,90,95" m="18985,45087,50217" machi="95" ten="30,1500,0" yaku="19,1" doraHai="93" who="1" fromWho="2" sc="175,0,235,18,235,-18,355,0" /><INIT seed="1,2,0,0,5,49" ten="175,253,217,355" oya="1" hai0="17,19,45,104,61,53,60,110,122,73,84,48,54" hai1="76,56,119,115,92,101,68,52,94,38,105,42,111" hai2="36,118,106,89,64,134,88,107,109,63,27,32,13" hai3="0,1,102,112,114,4,58,100,83,127,99,35,135"/><U3/><E115/><V2/><F118/><W8/><G35/><T75/><D104/><U16/><E119/><V113/><F2/><W66/><G127/><T82/><D110/><U86/><E68/><V130/><F36/><W46/><G1/><T40/><D122/><U70/><E70/><V29/><F109/><W96/><G135/><T12/><D73/><U97/><E3/><V31/><F134/><W9/><G9/><N who="0" m="6287" /><D75/><U69/><E69/><V77/><F113/><W81/><G46/><T65/><D19/><U128/><E128/><V95/><F130/><W25/><G25/><T67/><D60/><N who="1" m="35847" /><E105/><V132/><F132/><W72/><G83/><T62/><D62/><U121/><E38/><V28/><F106/><W23/><G96/><T14/><D14/><U98/><E121/><V116/><F107/><W78/><G102/><T21/><D21/><U124/><E124/><V108/><F108/><W123/><G23/><T103/><D103/><N who="1" m="60839" /><E111/><V85/><F116/><W91/><G123/><T15/><D15/><U59/><E59/><V5/><F32/><W79/><G58/><N who="0" m="35023" /><D40/><U30/><E30/><V33/><F33/><W22/><G72/><T57/><D57/><U37/><E37/><V131/><F131/><W43/><G43/><T24/><D24/><U55/><E42/><V20/><F29/><W126/><G112/><T87/><D87/><U18/><E55/><V117/><F28/><W51/><G114/><T129/><D129/><U93/><E93/><V47/><F117/><W7/><G0/><T50/><D50/><U133/><E133/><V41/><F41/><RYUUKYOKU ba="2,0" sc="175,15,253,15,217,-15,355,-15" hai0="45,48,54,65,67,82,84" hai1="16,18,76,86,94,98,101" /><INIT seed="1,3,0,4,1,19" ten="190,268,202,340" oya="1" hai0="22,61,122,69,49,48,24,128,64,23,95,135,36" hai1="66,127,8,51,4,43,50,94,126,21,87,115,74" hai2="17,96,60,82,113,31,3,62,11,26,38,5,40" hai3="37,85,86,67,35,125,18,15,90,68,14,25,107"/><U75/><E115/><V2/><F2/><W54/><G37/><T79/><D36/><U12/><E66/><V108/><F113/><W16/><G125/><N who="1" m="47626" /><E21/><V93/><F108/><W32/><G107/><T78/><D128/><U58/><E58/><V114/><F114/><W123/><G123/><T77/><D122/><U99/><E87/><V120/><F120/><W73/><G73/><N who="1" m="27658" /><E43/><V47/><F82/><W44/><G67/><T89/><D135/><U97/><E97/><V76/><F76/><W109/><G68/><T72/><D72/><U130/><E130/><V83/><F83/><W20/><G85/><T129/><D129/><U28/><E28/><V57/><F57/><W30/><G109/><T100/><D23/><U34/><E34/><V102/><F17/><N who="3" m="6763" /><G35/><AGARI ba="3,0" hai="3,5,11,26,31,35,38,40,47,60,62,93,96,102" machi="35" ten="30,1000,0" yaku="7,1" doraHai="19" who="2" fromWho="3" sc="190,0,268,0,202,19,340,-19" /><INIT seed="2,0,0,1,4,110" ten="190,268,221,321" oya="2" hai0="72,128,50,123,39,21,28,5,113,9,24,122,59" hai1="120,42,27,52,119,51,125,108,106,112,68,6,20" hai2="127,7,4,129,36,80,60,40,73,10,0,3,130" hai3="88,109,117,26,12,116,74,124,114,83,49,78,13"/><V58/><F127/><W118/><G109/><T99/><D39/><U92/><E119/><V94/><F94/><W61/><G124/><T1/><D72/><U135/><E108/><V90/><F40/><W98/><G114/><T75/><D75/><U37/><E125/><V33/><F33/><W107/><G49/><T64/><D128/><N who="2" m="49258" /><F36/><W47/><G47/><T16/><D113/><U65/><E106/><V133/><F133/><W66/><G26/><N who="0" m="14631" /><D50/><U14/><E112/><V134/><F134/><W29/><G29/><T84/><D84/><U91/><E135/><V126/><F126/><W70/><REACH who="3" step="1"/><G88/><REACH who="3" ten="190,268,221,311" step="2"/><T82/><D82/><U77/><E91/><V2/><F90/><W8/><G8/><T38/><D99/><U76/><E37/><V131/><F10/><W67/><G67/><T30/><D38/><U32/><E65/><N who="2" m="39063" /><F131/><W46/><G46/><T102/><D64/><U89/><E89/><V97/><F97/><W56/><G56/><T15/><D59/><U31/><E31/><N who="0" m="11817" /><D102/><AGARI ba="0,1" hai="12,13,61,66,70,74,78,83,98,102,107,116,117,118" machi="102" ten="40,5200,0" yaku="1,1,53,2" doraHai="110" doraHaiUra="11" who="3" fromWho="0" sc="190,-52,268,0,221,0,311,62" /><INIT seed="3,0,0,1,0,133" ten="138,268,221,373" oya="3" hai0="74,119,64,112,127,44,21,76,103,98,105,94,43" hai1="80,59,91,49,93,104,71,0,18,111,78,35,83" hai2="89,61,38,37,70,108,19,25,115,42,69,2,85" hai3="117,11,107,58,110,68,75,66,118,122,65,132,72"/><W14/><G58/><T114/><D64/><U4/><E104/><V39/><F115/><W15/><G11/><T67/><D67/><U86/><E71/><V32/><F2/><W54/><G54/><T88/><D21/><U10/><E35/><V34/><F108/><W128/><G128/><T106/><D44/><U79/><E111/><V135/><F42/><W126/><G132/><T130/><D43/><U81/><E18/><V50/><F50/><W9/><G9/><T13/><D13/><U31/><E31/><V40/><F40/><W46/><G46/><T113/><D130/><U52/><AGARI ba="0,0" hai="0,4,10,49,52,59,78,79,80,81,83,86,91,93" machi="52" ten="30,2000,0" yaku="0,1,54,1" doraHai="133" who="1" fromWho="1" sc="138,-5,268,20,221,-5,373,-10" owari="133,-36.7,288,8.8,216,-18.4,363,46.3" /></mjloggm>