<mjloggm ver="2.3"><GO type="225" lobby="0"/><UN n0="%E2%98%86%E5%AD%AB%E7%87%95%E5%A7%BF%E2%98%86" n1="%E6%9D%B1%E9%A2%A8%E3%81%AE%E3%81%8D%E3%82%83%E3%81%B7%E3%81%95%E3%82%93" n2="%E3%81%B5%E3%81%98%E3%81%8B%E3%81%A4" n3="%E9%B3%B3%E6%9D%B1%E3%81%AE%E3%81%86%E3%81%95%E3%81%8E%E3%81%95%E3%82%93" dan="16,17,16,17" rate="2188.12,2208.12,2175.93,2296.33" sx="M,M,M,M"/><TAIKYOKU oya="0"/><INIT seed="0,0,0,5,0,113" ten="250,250,250,250" oya="0" hai0="132,21,110,8,101,116,73,31,119,54,106,95,100" hai1="79,97,70,47,104,50,126,69,5,19,111,85,124" hai2="80,46,36,87,18,125,40,32,23,117,134,52,63" hai3="112,65,48,39,81,96,26,72,75,105,6,90,109"/><T53/><D106/><U103/><E5/><V11/><F32/><W123/><G39/><T51/><D73/><U14/><E79/><V84/><F125/><N who="1" m="48233" /><E85/><V107/><F134/><W35/><G112/><T58/><D132/><U24/><E24/><V57/><F107/><W102/><G65/><T129/><D129/><U91/><E91/><V0/><F117/><W78/><G48/><T82/><D82/><U120/><E111/><V22/><F0/><W108/><G6/><T99/><D101/><U62/><E62/><V93/><F11/><W74/><G123/><T56/><D110/><N who="3" m="42601" /><G90/><T67/><D67/><U83/><E83/><V135/><F135/><W7/><G7/><T16/><D8/><N who="1" m="6599" /><E120/><V59/><F59/><W2/><G2/><T9/><D31/><AGARI ba="0,0" hai="26,31,35,72,74,75,78,81,96,102,105" m="42601" machi="31" ten="30,2000,0" yaku="14,1,23,1" doraHai="113" who="3" fromWho="0" sc="250,-20,250,0,250,0,250,20" /><INIT seed="1,0,0,3,2,89" ten="230,250,250,270" oya="1" hai0="80,124,48,13,32,88,57,123,85,102,30,14,128" hai1="5,21,37,29,65,34,116,26,119,110,133,90,2" hai2="81,10,83,97,40,50,92,68,60,73,41,19,61" hai3="42,18,95,53,0,96,134,98,75,62,35,24,132"/><U56/><E37/><V66/><F61/><W72/><G0/><T122/><D128/><U45/><E45/><V111/><F111/><W39/><G42/><T114/><D114/><U84/><E133/><N who="3" m="51306" /><G39/><T104/><D124/><U15/><E110/><V126/><F126/><W38/><G38/><T109/><D109/><U49/><E65/><V51/><F41/><W112/><G112/><T69/><D69/><U94/><E2/><V55/><F40/><W16/><G98/><N who="0" m="61527" /><D30/><U3/><E3/><V4/><F51/><W91/><G35/><T43/><D32/><U28/><E28/><V47/><F73/><N who="3" m="28235" /><G24/><T52/><D43/><U20/><E34/><V74/><F74/><W82/><G82/><T93/><D80/><U54/><REACH who="1" step="1"/><E5/><REACH who="1" ten="230,240,250,270" step="2"/><V59/><F4/><W108/><G108/><T11/><D11/><U79/><E79/><V25/><F68/><W117/><G117/><T17/><D17/><AGARI ba="0,1" hai="15,17,20,21,26,29,49,54,56,84,90,94,116,119" machi="17" ten="40,12000,1" yaku="1,1,25,2,52,1,53,0" doraHai="89" doraHaiUra="76" who="1" fromWho="0" sc="230,-120,240,130,250,0,270,0" /><INIT seed="1,1,0,3,5,85" ten="110,370,250,270" oya="1" hai0="27,133,98,116,88,0,76,72,28,11,38,106,47" hai1="50,129,102,110,6,120,103,45,125,92,32,56,35" hai2="67,119,93,74,89,19,131,86,5,79,90,65,8" hai3="134,122,126,18,17,29,113,87,61,12,83,23,52"/><U41/><E120/><V128/><F119/><W48/><G134/><T22/><D133/><U16/><E6/><V34/><F34/><W123/><G113/><T121/><D116/><U99/><E103/><V124/><F19/><W62/><G126/><T70/><D70/><U115/><E115/><V57/><F124/><W135/><G135/><T111/><D111/><U53/><E125/><V42/><F42/><W95/><G29/><T59/><D121/><U30/><E30/><V75/><F57/><N who="3" m="32903" /><G123/><T3/><D59/><U73/><E73/><V44/><F44/><W114/><G114/><T9/><D9/><U33/><E129/><N who="2" m="49739" /><F79/><N who="3" m="46591" /><G122/><T100/><D11/><U58/><E110/><V49/><F49/><W14/><G95/><T7/><D7/><U81/><E81/><N who="2" m="49359" /><F74/><W1/><G1/><T101/><D101/><U31/><E31/><V4/><F75/><W60/><G17/><T26/><D26/><AGARI ba="1,0" hai="12,14,18,23,26,60,61,62" m="46591,32903" machi="26" ten="30,2000,0" yaku="8,1,54,1" doraHai="85" who="3" fromWho="0" sc="110,-23,370,0,250,0,270,23" /><INIT seed="2,0,0,0,1,45" ten="87,370,250,293" oya="2" hai0="22,107,80,3,2,134,67,88,25,104,5,69,131" hai1="100,31,26,85,83,9,6,118,120,68,44,37,91" hai2="92,127,48,98,13,71,103,76,111,101,66,70,57" hai3="51,116,18,62,84,108,59,94,60,64,39,49,12"/><V4/><F127/><W11/><G116/><T105/><D134/><U34/><E118/><V42/><F76/><W28/><G108/><T97/><D131/><U15/><E120/><V53/><F103/><W46/><G28/><T40/><D40/><U36/><E68/><V20/><F111/><W38/><G62/><T50/><D67/><U130/><E130/><V24/><F66/><W55/><G94/><T117/><D69/><U65/><E65/><V33/><F33/><W23/><G84/><T54/><D117/><U41/><E100/><V122/><F122/><W93/><G93/><T82/><D5/><U56/><E56/><V1/><F1/><W112/><G112/><T102/><D2/><U77/><E91/><V89/><F42/><W0/><G0/><T17/><D3/><U14/><E14/><V7/><F101/><W87/><G87/><T110/><D110/><U126/><E126/><V30/><REACH who="2" step="1"/><F7/><REACH who="2" ten="87,370,240,293" step="2"/><W90/><G64/><T58/><REACH who="0" step="1"/><D88/><REACH who="0" ten="77,370,240,293" step="2"/><U16/><E6/><V32/><F32/><W124/><G124/><T43/><D43/><U79/><E79/><V47/><F47/><W21/><G90/><T132/><D132/><U61/><E36/><V133/><F133/><W115/><G38/><T129/><D129/><U8/><E37/><V75/><F75/><W135/><G135/><T35/><D35/><U95/><E41/><V123/><F123/><W99/><G39/><T86/><D86/><U78/><E78/><V74/><F74/><W113/><G46/><T81/><AGARI ba="0,2" hai="17,22,25,50,54,58,80,81,82,97,102,104,105,107" machi="81" ten="30,4000,0" yaku="1,1,0,1,52,1,53,0" doraHai="45" doraHaiUra="109" who="0" fromWho="0" sc="77,60,370,-10,240,-20,293,-10" /><INIT seed="3,0,0,4,2,125" ten="137,360,220,283" oya="3" hai0="76,48,21,13,16,90,129,34,53,124,60,51,106" hai1="98,43,32,133,126,71,39,61,6,14,3,22,101" hai2="50,38,67,84,24,88,36,70,52,0,9,5,83" hai3="2,80,97,63,23,58,122,115,8,40,77,57,132"/><W31/><G122/><T116/><D124/><U119/><E126/><V95/><F70/><W96/><G115/><T92/><D116/><U42/><E133/><V66/><F24/><W99/><G132/><T4/><D106/><U49/><E39/><V89/><F38/><W65/><G40/><T20/><D34/><U112/><E32/><V86/><REACH who="2" step="1"/><F36/><REACH who="2" ten="137,360,210,283" step="2"/><W26/><G57/><AGARI ba="0,1" hai="0,5,9,50,52,57,66,67,83,84,86,88,89,95" machi="57" ten="30,8000,1" yaku="1,1,2,1,7,1,54,2,53,0" doraHai="125" doraHaiUra="127" who="2" fromWho="3" sc="137,0,360,0,210,90,283,-80" owari="137,-36.3,360,46.0,300,10.0,203,-19.7" /></mjloggm>