<mjloggm ver="2.3"><GO type="225" lobby="0"/><UN n0="%E4%BA%BA%E9%96%93%E3%83%81%E3%83%A3%E3%83%BC%E3%83%8F%E3%83%B3" n1="%28%EF%BF%A3%E2%96%BD%EF%BF%A3%29%CE%B4%E2%8C%92%E3%83%BB" n2="%72%69%6F%75%63%68%61%6E" n3="%E6%A1%9C%E8%8A%B1%E9%96%83%E3%80%85" dan="16,16,16,16" rate="2098.09,2139.90,2212.74,2219.71" sx="M,M,M,M"/><TAIKYOKU oya="0"/><INIT seed="0,0,0,3,1,28" ten="250,250,250,250" oya="0" hai0="19,108,25,94,128,76,22,117,64,124,120,56,59" hai1="109,52,73,42,57,47,86,26,113,61,29,84,21" hai2="38,49,34,67,105,82,91,43,51,68,5,40,30" hai3="79,112,123,75,41,104,8,39,101,98,10,27,130"/><T16/><D117/><U77/><E113/><V100/><F5/><W122/><G112/><T4/><D120/><N who="3" m="46121" /><G130/><T116/><D116/><U23/><E109/><V89/><F38/><W3/><G3/><T58/><D128/><U37/><REACH who="1" step="1"/><E23/><REACH who="1" ten="250,240,250,250" step="2"/><V63/><F43/><W48/><G41/><T81/><D108/><U103/><E103/><V32/><F40/><W14/><G101/><T87/><D124/><U80/><AGARI ba="0,1" hai="21,26,29,37,42,47,52,57,61,73,77,80,84,86" machi="80" ten="30,4000,0" yaku="1,1,0,1,54,1,53,0" doraHai="28" doraHaiUra="125" who="1" fromWho="1" sc="250,-20,240,50,250,-10,250,-10" /><INIT seed="1,0,0,1,1,123" ten="230,290,240,240" oya="1" hai0="28,122,108,78,0,88,96,115,66,125,132,126,100" hai1="99,53,50,14,75,41,67,52,74,76,25,51,91" hai2="85,10,11,86,30,3,46,58,43,117,111,105,69" hai3="113,61,49,9,101,84,90,42,56,131,71,116,20"/><U119/><E119/><V82/><F111/><W106/><G113/><T64/><D115/><U73/><E76/><V48/><F69/><W8/><G116/><T29/><D0/><U45/><E67/><N who="0" m="25641" /><D108/><U79/><E79/><V2/><F117/><W5/><G71/><T98/><D78/><U27/><E14/><V15/><F105/><W32/><G32/><T94/><D122/><U7/><E7/><V87/><F30/><W13/><G131/><T59/><D59/><U120/><E120/><V107/><F107/><W63/><G20/><T16/><D132/><U83/><E41/><V97/><F97/><W17/><G101/><T80/><D16/><U104/><E104/><V55/><F82/><W35/><G35/><T128/><D128/><U68/><E68/><V133/><F133/><W23/><G9/><T77/><D77/><U65/><E65/><V114/><F114/><W129/><G129/><T112/><D112/><U18/><E18/><V134/><F134/><W95/><G106/><N who="0" m="63751" /><D80/><U44/><REACH who="1" step="1"/><E83/><REACH who="1" ten="230,280,240,240" step="2"/><V124/><F15/><N who="3" m="9663" /><G42/><T24/><D24/><U6/><E6/><N who="2" m="1367" /><F3/><W54/><AGARI ba="0,1" hai="5,8,13,49,54,56,61,63,84,90,95" m="9663" machi="54" ten="30,2000,0" yaku="25,1,8,1" doraHai="123" who="3" fromWho="3" sc="230,-5,280,-10,240,-5,240,30" /><INIT seed="2,0,0,3,2,36" ten="225,270,235,270" oya="2" hai0="66,131,29,56,5,73,97,35,31,7,100,132,69" hai1="92,122,59,95,4,16,12,75,120,126,64,49,83" hai2="62,128,45,108,89,63,121,106,9,44,70,72,33" hai3="110,86,130,90,38,15,54,115,2,48,60,39,84"/><V111/><F121/><N who="1" m="46697" /><E4/><N who="0" m="1609" /><D35/><U125/><E75/><V51/><F128/><W23/><G2/><T1/><D73/><U32/><E83/><V102/><F33/><W133/><G110/><N who="2" m="42025" /><F72/><W129/><G60/><N who="2" m="23081" /><F70/><W43/><G133/><T17/><D69/><U77/><E77/><V18/><F89/><W42/><G38/><T37/><D37/><U88/><E32/><V112/><F112/><W8/><G23/><T14/><D1/><U76/><E76/><V28/><F28/><N who="0" m="10826" /><D131/><N who="3" m="50185" /><G39/><T116/><D132/><U71/><E71/><V61/><N who="2" m="23089" /><V58/><DORA hai="20" /><F102/><W6/><G115/><T101/><D116/><U98/><E64/><V0/><F106/><W13/><G13/><T41/><D101/><U22/><E95/><V50/><F0/><W123/><G123/><T55/><D66/><U21/><E21/><V93/><F93/><N who="3" m="54471" /><G86/><T107/><D107/><U30/><E30/><V11/><F58/><AGARI ba="0,0" hai="6,8,15,42,43,48,54,58" m="54471,50185" machi="58" ten="30,3900,0" yaku="19,1,52,2" doraHai="36,20" who="3" fromWho="2" sc="225,0,270,0,235,-39,270,39" /><INIT seed="3,0,0,3,1,64" ten="225,270,196,309" oya="3" hai0="94,59,32,110,42,78,19,131,134,26,3,61,25" hai1="114,130,116,33,100,39,8,47,7,12,53,37,6" hai2="88,13,117,23,35,96,85,21,133,126,95,58,41" hai3="86,121,9,20,5,90,18,84,38,11,135,125,127"/><W16/><G121/><T89/><D3/><U2/><E33/><V118/><F35/><W107/><G38/><T77/><D110/><U82/><E114/><V112/><F112/><W111/><G111/><T68/><D68/><U120/><E120/><V57/><F126/><N who="3" m="48139" /><G135/><T109/><D109/><U24/><E130/><V36/><F133/><W63/><G107/><T91/><D134/><U29/><E100/><N who="2" m="60447" /><F118/><W129/><G129/><T119/><D131/><U54/><E82/><N who="2" m="49207" /><F36/><W132/><G132/><T14/><D119/><U69/><E69/><V92/><F117/><W27/><G63/><T4/><D32/><U62/><E62/><V67/><F41/><W48/><G48/><T52/><D42/><U1/><E116/><V44/><F44/><W10/><G18/><T40/><D40/><U105/><E47/><V99/><F67/><W30/><G30/><T97/><D4/><U123/><E123/><V108/><F108/><W122/><G122/><T17/><D91/><U55/><E7/><V80/><F80/><N who="3" m="49415" /><G86/><T87/><D87/><U31/><E1/><AGARI ba="0,0" hai="1,5,9,10,11,16,20,27" m="49415,48139" machi="1" ten="30,2900,0" yaku="18,1,54,1" doraHai="64" who="3" fromWho="1" sc="225,0,270,-29,196,0,309,29" owari="225,-17.5,241,4.1,196,-30.4,338,43.8" /></mjloggm>