<mjloggm ver="2.3"><GO type="225" lobby="0"/><UN n0="%E4%BF%BA%E3%81%A8%E5%A6%96%E5%A4%A2" n1="%E9%80%86%E9%80%A3%E5%B8%AF%E3%81%AE%E9%AC%BC" n2="%E3%82%AB%E3%83%AA%E3%82%A3%EF%BC%91%EF%BC%99" n3="%E5%8D%A0%E3%81%84%E5%B8%AB%E8%A3%8F%E3%81%AA%E3%81%84%E3%81%97" dan="17,17,16,17" rate="2217.00,2188.03,2159.10,2158.04" sx="F,M,M,M"/><TAIKYOKU oya="0"/><INIT seed="0,0,0,0,2,99" ten="250,250,250,250" oya="0" hai0="16,83,110,109,56,54,121,80,43,20,130,22,120" hai1="62,40,128,112,96,78,71,105,104,46,82,24,44" hai2="73,129,48,103,52,119,135,41,50,81,31,55,85" hai3="75,125,57,89,8,77,113,92,63,39,66,27,53"/><T69/><D69/><U65/><E112/><V37/><F73/><W74/><G113/><T91/><D130/><U23/><E128/><V1/><F129/><W36/><G125/><T108/><D43/><U7/><E7/><V116/><F1/><W95/><G95/><T101/><D101/><U60/><E60/><V68/><F31/><W79/><G8/><T106/><D106/><U19/><E96/><V28/><F28/><W58/><G75/><T134/><D134/><U14/><E24/><V9/><F9/><W76/><G74/><T18/><D91/><U29/><E29/><V4/><F4/><W17/><G27/><N who="0" m="14727" /><D121/><U67/><E67/><V94/><F135/><W64/><G17/><T10/><D10/><U11/><E11/><V124/><F68/><W122/><G122/><T126/><D126/><U25/><E25/><V34/><F34/><W33/><G33/><T13/><D120/><U127/><E127/><V98/><F124/><W12/><G12/><T100/><D100/><U32/><E32/><V6/><F6/><W114/><G114/><T3/><D3/><U45/><REACH who="1" step="1"/><E40/><REACH who="1" ten="250,240,250,250" step="2"/><V102/><F41/><W111/><G66/><T117/><D117/><U21/><E21/><V38/><F119/><W35/><G35/><T0/><D0/><U88/><E88/><V49/><F116/><W59/><G64/><T118/><D118/><U123/><E123/><V72/><F98/><W107/><G89/><T90/><D90/><U115/><E115/><V61/><F61/><AGARI ba="0,1" hai="13,18,22,54,56,61,80,83,108,109,110" m="14727" machi="61" ten="30,5800,0" yaku="14,1,10,1,54,1" doraHai="99" who="0" fromWho="2" sc="250,68,240,0,250,-58,250,0" /><INIT seed="0,1,0,1,4,8" ten="318,240,192,250" oya="0" hai0="52,100,109,123,7,5,78,39,6,91,114,133,22" hai1="86,10,84,31,30,11,121,118,64,4,79,87,101" hai2="111,18,36,97,35,19,89,40,90,63,82,113,53" hai3="42,81,71,117,55,15,57,107,116,32,75,125,43"/><T104/><D114/><U59/><E121/><V103/><F113/><W27/><G71/><T17/><D123/><U37/><E118/><V47/><F35/><W83/><G107/><T24/><D39/><U44/><E101/><V41/><F111/><W70/><G70/><T20/><D109/><U112/><E112/><V38/><F82/><W26/><G57/><T124/><D124/><U85/><E37/><V108/><F108/><W0/><G32/><T129/><D129/><U61/><E44/><V105/><F63/><W134/><G55/><T77/><D133/><U56/><E56/><V110/><F110/><W128/><G0/><T115/><D91/><U69/><E69/><V94/><F53/><W25/><G75/><T73/><D73/><U127/><E127/><V1/><F1/><W28/><G26/><T66/><D66/><U67/><E67/><V13/><F105/><W51/><G51/><T29/><D115/><U120/><E120/><V9/><REACH who="2" step="1"/><F19/><REACH who="2" ten="318,240,182,250" step="2"/><W76/><G83/><T106/><D52/><U98/><E61/><V80/><F80/><W65/><G81/><T119/><D106/><U12/><E79/><V92/><F92/><W99/><G76/><T60/><D60/><U131/><E64/><V14/><F14/><W45/><G15/><N who="0" m="9279" /><D119/><U21/><E12/><V2/><F2/><W62/><G65/><T122/><D122/><U50/><E131/><V88/><F88/><W135/><G128/><T49/><D104/><U72/><E72/><V95/><F95/><W102/><G62/><T33/><D33/><U58/><E31/><V74/><F74/><RYUUKYOKU ba="1,1" sc="318,-10,240,-10,182,30,250,-10" hai2="9,13,18,36,38,40,41,47,89,90,94,97,103" /><INIT seed="1,2,1,0,0,13" ten="308,230,212,240" oya="1" hai0="62,14,110,60,66,77,76,82,91,122,26,126,36" hai1="125,120,29,97,42,128,64,53,78,1,35,67,5" hai2="71,45,117,18,32,83,59,44,85,121,68,49,31" hai3="119,107,43,4,57,22,81,132,19,88,80,127,25"/><U75/><E120/><V99/><F117/><W10/><G107/><T123/><D36/><U39/><E128/><V17/><F121/><N who="0" m="46090" /><D110/><U113/><E113/><V133/><F133/><W51/><G119/><T33/><D126/><U37/><E125/><V96/><F32/><W101/><G127/><T7/><D91/><U20/><E53/><N who="2" m="32175" /><F68/><W27/><G101/><T135/><D135/><U23/><E35/><V41/><F71/><W114/><G114/><T15/><D76/><U52/><E97/><N who="2" m="37451" /><F31/><W72/><G72/><N who="0" m="43303" /><D7/><U116/><E116/><V69/><F69/><W130/><G130/><T16/><D66/><U102/><E102/><V93/><F93/><W73/><G73/><T11/><D14/><U98/><E98/><V21/><F21/><N who="3" m="13503" /><G132/><T124/><D124/><U90/><E75/><V63/><F63/><W95/><G81/><T56/><D56/><U104/><E104/><V70/><F70/><W111/><G111/><T0/><D0/><U50/><E1/><V86/><F86/><N who="3" m="50247" /><G95/><T108/><D108/><U61/><E39/><V87/><F87/><W40/><G57/><T84/><D84/><U58/><E37/><V30/><F30/><AGARI ba="2,1" hai="11,15,16,26,30,33,60,62" m="43303,46090" machi="30" ten="30,3900,0" yaku="13,1,52,1,54,1" doraHai="13" who="0" fromWho="2" sc="308,55,230,0,212,-45,240,0" /><INIT seed="2,0,0,1,1,23" ten="363,230,167,240" oya="2" hai0="28,118,8,60,71,32,89,84,51,61,74,112,93" hai1="49,123,85,7,70,132,40,52,133,18,95,129,22" hai2="104,135,121,126,96,26,25,117,34,125,90,73,11" hai3="113,46,86,55,38,19,100,66,53,62,58,109,35"/><V17/><F117/><W41/><G35/><T43/><D112/><U69/><E129/><V15/><F121/><W77/><G100/><T94/><D74/><U21/><E123/><V13/><F73/><W68/><G19/><T16/><D118/><U107/><E107/><V92/><F104/><W88/><G77/><T79/><D79/><U0/><E40/><V105/><F105/><W39/><G109/><T119/><D119/><U102/><E22/><N who="2" m="11583" /><F34/><W134/><G134/><T67/><D60/><U83/><E0/><V108/><F108/><W4/><G4/><T48/><D43/><U122/><E7/><N who="2" m="3327" /><F135/><W3/><G3/><T120/><D120/><U54/><E122/><V111/><F111/><W72/><G72/><T110/><D110/><U45/><E133/><V27/><F26/><W97/><G113/><T14/><REACH who="0" step="1"/><D93/><REACH who="0" ten="353,230,167,240" step="2"/><U130/><E132/><V42/><F42/><W101/><G41/><T59/><D59/><U30/><E70/><V6/><F6/><W1/><G58/><T65/><D65/><U91/><E69/><V56/><F56/><W106/><G39/><T103/><D103/><U87/><E102/><V81/><F81/><N who="3" m="49231" /><G38/><T37/><D37/><U33/><E130/><V44/><F44/><W31/><G46/><T116/><D116/><U5/><E83/><V63/><F63/><W127/><G62/><T24/><AGARI ba="0,1" hai="8,14,16,24,28,32,48,51,61,67,71,84,89,94" machi="24" ten="30,7900,0" yaku="1,1,0,1,52,1,54,1,53,0" doraHai="23" doraHaiUra="78" who="0" fromWho="0" sc="353,89,230,-20,167,-39,240,-20" /><INIT seed="3,0,0,0,3,60" ten="442,210,128,220" oya="3" hai0="43,74,124,78,64,7,126,90,103,111,12,112,75" hai1="113,97,81,109,59,83,101,80,125,86,47,105,30" hai2="57,1,33,18,46,55,61,54,10,85,91,107,32" hai3="28,79,45,9,135,128,19,48,132,93,108,99,104"/><W84/><G128/><T87/><D43/><U37/><E113/><V27/><F107/><W76/><G28/><T15/><D112/><U6/><E109/><V95/><F1/><W35/><G35/><T122/><D122/><U49/><E125/><N who="0" m="48233" /><D111/><U82/><E30/><V70/><F70/><W117/><G117/><T62/><D103/><U14/><E37/><V72/><F72/><N who="0" m="27690" /><D78/><U127/><E127/><V106/><F106/><W24/><G104/><T89/><D7/><U130/><E130/><V100/><F100/><W118/><G118/><T116/><D116/><U65/><E59/><V51/><F32/><W58/><G58/><N who="0" m="36951" /><D90/><U98/><E65/><V67/><F33/><W56/><G56/><T114/><D114/><U102/><E102/><V121/><F121/><W29/><G108/><T39/><D39/><U134/><E134/><V73/><F73/><W53/><G79/><T110/><D110/><U71/><E71/><V34/><F34/><W3/><G3/><T115/><D115/><U119/><E119/><V77/><F77/><W52/><G76/><T2/><D2/><U13/><E6/><V40/><REACH who="2" step="1"/><F27/><REACH who="2" ten="442,210,118,220" step="2"/><W92/><G24/><T38/><D38/><U120/><E120/><V8/><F8/><W42/><G9/><T123/><D123/><U129/><E129/><V69/><F69/><W11/><G11/><T36/><D36/><U22/><E101/><V133/><F133/><W63/><G135/><T16/><D12/><N who="1" m="4715" /><E105/><V88/><F88/><W31/><G132/><T41/><D15/><U131/><E131/><V25/><F25/><W50/><G19/><RYUUKYOKU ba="0,1" sc="442,-10,210,-10,118,30,220,-10" hai2="10,18,40,46,51,54,55,57,61,67,85,91,95" owari="442,54.2,200,-20.0,148,-35.2,210,1.0" /></mjloggm>