<mjloggm ver="2.3"><GO type="225" lobby="0"/><UN n0="%E3%82%AF%E3%82%A3%E3%82%A6" n1="%E3%81%A1%E3%82%85%E3%81%86%E3%81%A9%E3%81%8F%E8%B1%A1%E3%81%95%E3%82%93" n2="%E3%81%AF%E3%82%88%E3%81%8A%E3%81%98%E3%81%95%E3%82%93" n3="%E6%80%AA%E3%81%97%E3%81%99%E3%81%8E%E3%82%8B%E3%83%81%E3%83%BC" dan="16,17,16,16" rate="2095.08,2246.87,2169.53,2144.91" sx="M,M,M,M"/><TAIKYOKU oya="0"/><INIT seed="0,0,0,5,1,56" ten="250,250,250,250" oya="0" hai0="42,81,122,58,107,34,131,19,27,50,133,77,88" hai1="60,10,118,104,35,28,74,39,14,2,109,5,36" hai2="87,89,90,126,99,54,20,92,43,59,125,31,80" hai3="62,45,53,7,61,3,63,47,16,52,41,116,127"/><T38/><D122/><U65/><E118/><V32/><F32/><W29/><G116/><T124/><D107/><U25/><E109/><V134/><F134/><W18/><G127/><T128/><D133/><U76/><E104/><V75/><F75/><W70/><G70/><T12/><D124/><U101/><E101/><V119/><F119/><W96/><G3/><T95/><D38/><U22/><E22/><V79/><F43/><W48/><G7/><T111/><D111/><U57/><REACH who="1" step="1"/><E14/><REACH who="1" ten="250,240,250,250" step="2"/><V64/><F126/><W103/><G29/><T123/><D34/><U33/><E33/><V30/><F125/><W117/><G117/><T93/><D123/><U135/><E135/><V84/><F20/><W110/><G110/><T40/><D12/><U15/><E15/><V83/><REACH who="2" step="1"/><F64/><REACH who="2" ten="250,240,240,250" step="2"/><W69/><G69/><T106/><D40/><U11/><E11/><V113/><F113/><W115/><G115/><T17/><D42/><U130/><E130/><V55/><F55/><N who="3" m="21067" /><G47/><T67/><D131/><U24/><E24/><V0/><F0/><W97/><G103/><T49/><D128/><U66/><E66/><V8/><F8/><W102/><G102/><T1/><D27/><U98/><E98/><AGARI ba="0,2" hai="16,18,41,45,48,61,62,63,96,97,98" m="21067" machi="98" ten="30,12000,2" yaku="8,1,52,3,54,2" doraHai="56" who="3" fromWho="1" sc="250,0,240,-120,240,0,250,140" /><INIT seed="1,0,0,2,5,111" ten="250,120,240,390" oya="1" hai0="60,50,12,48,42,95,93,22,64,80,101,117,133" hai1="46,15,41,30,104,78,36,116,88,59,19,38,56" hai2="53,96,84,29,31,2,109,43,66,70,99,105,47" hai3="11,68,132,90,82,21,44,129,34,5,102,135,18"/><U114/><E116/><V45/><F2/><W13/><G34/><T123/><D117/><U14/><E104/><V122/><F122/><W39/><G68/><T35/><D35/><U7/><E78/><V74/><F74/><W55/><G129/><T25/><D123/><U91/><E30/><V126/><F109/><W16/><G102/><T110/><D110/><U124/><E124/><V33/><F126/><W125/><G125/><T32/><D133/><N who="3" m="51273" /><G39/><T94/><D32/><U121/><E121/><V71/><F53/><W98/><G98/><N who="0" m="59599" /><D12/><U40/><E7/><V61/><F84/><N who="3" m="50455" /><G21/><T107/><D107/><U26/><E26/><V67/><F33/><W51/><AGARI ba="0,0" hai="5,11,13,16,18,44,51,55" m="50455,51273" machi="51" ten="30,2000,0" yaku="20,1,54,1" doraHai="111" who="3" fromWho="3" sc="250,-5,120,-10,240,-5,390,20" /><INIT seed="2,0,0,1,5,58" ten="245,110,235,410" oya="2" hai0="78,83,131,36,94,89,117,130,53,110,27,126,71" hai1="8,42,9,37,96,129,50,46,6,132,97,86,112" hai2="98,115,135,0,1,20,4,125,5,76,29,15,7" hai3="102,100,47,88,17,16,33,67,10,107,57,59,81"/><V61/><F76/><W43/><G107/><T21/><D117/><U41/><E112/><V79/><F79/><W118/><G33/><T2/><D2/><U103/><E132/><V54/><F115/><W95/><G81/><T122/><D122/><U111/><E111/><V127/><F98/><N who="3" m="57703" /><G118/><T40/><D110/><U13/><E129/><N who="0" m="49161" /><D126/><N who="2" m="48138" /><F54/><W32/><G32/><T82/><D53/><U105/><E86/><V93/><F93/><W74/><G74/><T48/><D36/><U12/><E97/><V62/><F135/><W65/><G10/><T60/><D78/><U39/><REACH who="1" step="1"/><E42/><REACH who="1" ten="245,100,235,410" step="2"/><V56/><F0/><W26/><G43/><T30/><D40/><U52/><E52/><N who="2" m="33927" /><F1/><W114/><G114/><T124/><D124/><U45/><E45/><V85/><F85/><W69/><G47/><T116/><D116/><U64/><E64/><V113/><F113/><W90/><G65/><N who="0" m="41383" /><D48/><U121/><E121/><V91/><F62/><W38/><G67/><T24/><D83/><U14/><E14/><V128/><F128/><W68/><G38/><T73/><D82/><U49/><E49/><V51/><F51/><W84/><G84/><N who="0" m="52519" /><D73/><U22/><E22/><V28/><F91/><W63/><G90/><T106/><D106/><U109/><E109/><V120/><F120/><W133/><G133/><T11/><D21/><U101/><E101/><V35/><F35/><W44/><G102/><T3/><D3/><U55/><E55/><V77/><F77/><W87/><G100/><T119/><D119/><U134/><E134/><V19/><AGARI ba="0,1" hai="4,5,7,15,19,20,28,29" m="33927,48138" machi="19" ten="40,7800,0" yaku="18,1,52,1,54,1" doraHai="58" who="2" fromWho="2" sc="245,-26,100,-26,235,88,410,-26" /><INIT seed="2,1,0,1,2,20" ten="219,74,323,384" oya="2" hai0="103,94,112,90,51,3,122,135,12,74,130,134,71" hai1="53,121,83,99,13,93,57,60,84,19,8,91,40" hai2="41,86,78,124,44,37,34,62,61,133,56,28,49" hai3="131,47,1,26,29,24,32,59,81,109,9,50,64"/><V0/><F0/><W5/><G109/><T4/><D122/><U42/><REACH who="1" step="1"/><E121/><REACH who="1" ten="219,64,323,384" step="2"/><V55/><F124/><W115/><G115/><T23/><D112/><U45/><E45/><V36/><F44/><W31/><G47/><T126/><D126/><U10/><E10/><V21/><F36/><W79/><G9/><T88/><D135/><U125/><E125/><V7/><F37/><W27/><G131/><T67/><D134/><U65/><E65/><V101/><F133/><W114/><G64/><T75/><D130/><U72/><E72/><V77/><F41/><W104/><G114/><T39/><D39/><U69/><E69/><V46/><F46/><W85/><G31/><T128/><D128/><U54/><E54/><V63/><F55/><W33/><G29/><T110/><D71/><U25/><E25/><V87/><F28/><W18/><G27/><T98/><D110/><U2/><E2/><V117/><F56/><W113/><G24/><T76/><D3/><U38/><E38/><V68/><F68/><W107/><G26/><T70/><D70/><U15/><E15/><V35/><F21/><W58/><G59/><T52/><D75/><U43/><E43/><V118/><F35/><W102/><G58/><N who="0" m="33055" /><D67/><U100/><AGARI ba="1,1" hai="8,13,19,40,42,53,57,60,83,84,91,93,99,100" machi="100" ten="20,12000,2" yaku="21,2,0,1,7,1,8,1,53,1" doraHai="20" doraHaiUra="82" who="1" fromWho="1" sc="219,-31,64,133,323,-61,384,-31" /><INIT seed="3,0,0,5,5,44" ten="188,197,262,353" oya="3" hai0="128,62,97,89,10,98,3,57,47,4,103,85,107" hai1="71,7,50,45,49,58,9,126,106,21,124,24,16" hai2="65,28,72,41,114,8,18,51,64,82,81,22,5" hai3="122,130,42,87,73,74,96,101,0,115,84,70,33"/><W40/><G96/><T30/><D128/><U68/><E106/><V94/><F114/><W48/><G48/><N who="1" m="18538" /><E58/><V95/><F28/><W56/><G101/><T46/><D30/><U109/><E45/><N who="2" m="26031" /><F72/><W90/><G56/><T2/><D98/><U113/><E109/><V100/><F8/><W35/><G130/><T83/><D2/><N who="1" m="247" /><E113/><V34/><F34/><W119/><G33/><T38/><D38/><U117/><E117/><V59/><F5/><W132/><G35/><T133/><D133/><U129/><E129/><V20/><F20/><W37/><G132/><T125/><D125/><AGARI ba="0,0" hai="16,21,24,68,71,124,125,126" m="247,18538" machi="125" ten="30,8000,1" yaku="18,1,52,3,54,1" doraHai="44" who="1" fromWho="0" sc="188,-80,197,80,262,0,353,0" owari="108,-39.2,277,7.7,262,-13.8,353,45.3" /></mjloggm>