<mjloggm ver="2.3"><GO type="225" lobby="0"/><UN n0="%6B%79%6F%6E%6B%6F%31%31" n1="%E3%80%93%E3%81%97%E3%83%BC%E3%82%89%E3%80%93" n2="%E4%BF%BA%E3%81%A8%E5%A6%96%E5%A4%A2" n3="%E6%A1%9C%E8%8A%B1%E9%96%83%E3%80%85" dan="16,17,16,16" rate="2145.36,2128.15,2121.87,2178.55" sx="M,M,F,M"/><TAIKYOKU oya="0"/><INIT seed="0,0,0,5,3,56" ten="250,250,250,250" oya="0" hai0="134,128,85,133,82,107,94,20,46,38,83,32,16" hai1="126,93,119,110,36,103,61,79,132,31,51,6,47" hai2="11,92,89,65,34,60,42,44,98,52,45,59,48" hai3="69,30,91,101,121,26,2,72,123,15,41,96,37"/><T0/><D0/><U87/><E36/><V55/><F34/><W109/><G2/><T4/><D107/><U18/><E119/><V115/><F115/><W24/><G109/><T84/><D4/><U120/><E120/><V88/><F11/><W67/><G72/><T39/><D32/><U58/><E6/><V14/><F14/><W9/><G91/><T86/><D94/><U7/><E7/><V77/><F77/><W29/><G41/><T73/><D128/><U28/><E132/><N who="0" m="50793" /><D46/><U113/><E126/><V35/><F35/><W104/><G37/><N who="0" m="13835" /><D73/><U1/><E1/><V23/><F23/><W57/><G123/><T97/><D97/><N who="1" m="59823" /><E113/><V53/><F44/><W27/><G121/><T118/><D118/><U40/><E110/><V114/><F114/><W111/><G111/><T122/><D122/><U3/><E3/><V43/><F43/><W108/><G108/><T66/><D66/><N who="1" m="39223" /><E18/><V102/><AGARI ba="0,0" hai="42,45,48,52,53,55,59,60,65,88,89,92,98,102" machi="102" ten="30,8000,1" yaku="0,1,8,1,52,1,54,2" doraHai="56" who="2" fromWho="2" sc="250,-40,250,-20,250,80,250,-20" /><INIT seed="1,0,0,3,3,105" ten="210,230,330,230" oya="1" hai0="55,61,6,63,91,19,114,23,18,41,77,73,112" hai1="84,42,27,100,69,32,135,57,103,12,127,17,38" hai2="71,83,108,102,26,131,75,22,92,44,106,59,5" hai3="109,89,107,58,116,117,134,47,34,123,95,128,36"/><U111/><E69/><V2/><F71/><W20/><G34/><T35/><D35/><U133/><E127/><V62/><F106/><W126/><G123/><T72/><D6/><U24/><E111/><V11/><F108/><W64/><G109/><T56/><D41/><U54/><E84/><V94/><F131/><W49/><G107/><T43/><D43/><U7/><E7/><V121/><F121/><W66/><G134/><N who="1" m="51210" /><E42/><V113/><F113/><W52/><G20/><T124/><D124/><U15/><E15/><V76/><F102/><N who="1" m="38953" /><E38/><V96/><F96/><W74/><G126/><T46/><D91/><U68/><E68/><V10/><F10/><W25/><G128/><T28/><D46/><U81/><E81/><V130/><F44/><W129/><G129/><T79/><D23/><N who="1" m="11687" /><E32/><V30/><REACH who="2" step="1"/><F130/><REACH who="2" ten="210,230,320,230" step="2"/><W67/><G47/><T101/><D101/><U29/><E29/><V90/><F90/><W97/><G36/><T125/><D28/><U3/><E3/><V87/><F87/><W98/><G98/><T122/><D125/><U21/><E21/><V70/><F70/><W16/><G117/><T50/><D122/><U99/><E99/><V4/><F4/><W8/><G116/><T65/><D114/><U40/><E40/><V118/><F118/><W93/><G8/><T31/><D31/><U110/><E110/><V48/><F48/><AGARI ba="0,1" hai="24,27,48,54,57" m="11687,38953,51210" machi="48" ten="30,1500,0" yaku="20,1" doraHai="105" who="1" fromWho="2" sc="210,0,230,25,320,-15,230,0" /><INIT seed="1,1,0,1,2,90" ten="210,255,305,230" oya="1" hai0="22,0,9,74,21,14,45,110,131,105,49,113,119" hai1="120,3,126,4,83,108,15,60,134,104,33,16,96" hai2="106,29,25,123,67,66,82,128,124,41,17,86,58" hai3="52,59,38,54,68,109,115,35,30,11,55,78,81"/><U32/><E120/><V87/><F123/><W13/><G115/><T76/><D113/><U75/><E126/><V101/><F124/><W118/><G68/><T97/><D119/><U135/><E108/><V26/><F128/><W27/><G38/><T132/><D131/><U117/><E117/><V6/><F6/><W69/><G69/><T18/><D110/><U77/><E4/><V114/><F114/><W102/><G102/><T57/><D0/><U91/><E3/><V20/><F41/><W23/><G109/><T63/><D132/><N who="1" m="50731" /><E60/><V127/><F127/><W84/><G118/><T19/><D76/><U2/><E2/><V79/><F58/><W133/><G35/><T111/><D74/><U121/><E121/><V5/><F5/><N who="3" m="3311" /><G133/><T130/><D111/><U8/><E104/><V71/><F71/><W100/><G100/><T80/><D130/><U51/><E51/><AGARI ba="1,0" hai="23,27,30,51,52,54,55,59,78,81,84" m="3311" machi="51" ten="30,2000,0" yaku="8,1,54,1" doraHai="90" who="3" fromWho="1" sc="210,0,255,-23,305,0,230,23" /><INIT seed="2,0,0,1,4,117" ten="210,232,305,253" oya="2" hai0="11,73,94,34,26,37,15,91,47,130,119,9,97" hai1="115,74,88,78,29,100,89,77,68,13,107,52,27" hai2="70,38,42,76,114,82,35,5,63,44,65,18,98" hai3="43,101,131,126,105,102,64,61,30,36,32,71,108"/><V121/><F114/><W0/><G108/><T133/><D119/><U95/><E68/><V111/><F111/><W125/><G0/><T45/><D73/><U96/><E115/><V56/><F35/><W128/><G43/><T112/><D112/><U1/><E1/><V80/><F5/><W110/><G36/><T116/><D116/><U134/><E134/><V92/><F18/><W104/><G110/><T84/><D133/><U124/><E124/><N who="3" m="47722" /><G102/><T129/><D37/><U67/><E67/><V118/><F118/><W41/><G41/><T23/><D34/><U2/><E2/><V66/><F121/><W54/><G54/><T49/><D97/><U106/><E13/><V57/><F76/><W50/><G50/><T127/><D127/><U25/><E74/><V55/><F57/><W8/><G8/><T72/><D72/><U53/><E100/><N who="2" m="60487" /><F66/><W75/><G75/><T39/><D39/><U48/><E48/><AGARI ba="0,0" hai="38,42,44,48,55,56,63,65,70,80,82" m="60487" machi="48" ten="30,1500,0" yaku="24,1" doraHai="117" who="2" fromWho="1" sc="210,0,232,-15,305,15,253,0" /><INIT seed="2,1,0,0,5,30" ten="210,217,320,253" oya="2" hai0="26,54,63,32,92,113,83,91,29,23,71,135,34" hai1="25,133,62,12,5,49,128,87,0,88,47,27,107" hai2="100,31,69,16,70,18,80,118,98,117,115,45,95" hai3="123,41,109,57,89,39,103,33,74,114,130,77,56"/><V81/><F115/><W76/><G123/><T43/><D113/><U46/><E107/><V68/><F31/><W125/><G114/><T106/><D106/><U4/><E0/><V132/><F132/><W101/><G109/><T20/><D43/><U53/><E133/><V96/><F45/><W110/><G110/><T75/><D135/><U17/><E128/><V82/><REACH who="2" step="1"/><F96/><REACH who="2" ten="210,217,310,253" step="2"/><W10/><G130/><T59/><D71/><U42/><E47/><V35/><F35/><W50/><G33/><T122/><D122/><U11/><E42/><V52/><F52/><W15/><G41/><T79/><REACH who="0" step="1"/><D32/><REACH who="0" ten="200,217,310,253" step="2"/><U72/><E72/><V124/><F124/><W14/><G74/><T84/><AGARI ba="1,2" hai="20,23,26,29,34,54,59,63,75,79,83,84,91,92" machi="84" ten="20,8000,1" yaku="1,1,2,1,0,1,7,1,52,1,53,0" doraHai="30" doraHaiUra="65" who="0" fromWho="0" sc="200,103,217,-21,310,-41,253,-21" /><INIT seed="3,0,0,5,2,93" ten="303,196,269,232" oya="3" hai0="113,35,106,96,19,10,110,32,85,45,94,11,28" hai1="5,46,119,130,4,53,70,41,115,102,30,105,128" hai2="114,26,65,23,87,60,122,133,118,57,112,34,76" hai3="6,21,36,29,111,92,63,107,56,135,131,78,7"/><W91/><G107/><T1/><D110/><U61/><E115/><V116/><F34/><W88/><G131/><N who="1" m="50218" /><E30/><V124/><F114/><W43/><G135/><T38/><D11/><U125/><E125/><V54/><F112/><W82/><G111/><T27/><D85/><U98/><E119/><V117/><F133/><W48/><G36/><T47/><D106/><U121/><E121/><V59/><F124/><W64/><G78/><T86/><D35/><U68/><E53/><V108/><F108/><W104/><G104/><T79/><D38/><N who="1" m="21815" /><E61/><V3/><F3/><W12/><G29/><T120/><D120/><U22/><E22/><V9/><F9/><W99/><G48/><T17/><D113/><U132/><E132/><V126/><F126/><W13/><G43/><T50/><D45/><U62/><E62/><V14/><F122/><W18/><G13/><T127/><D127/><U2/><E2/><V15/><F26/><W49/><G49/><T109/><D10/><U83/><E83/><V101/><F23/><W31/><G31/><T39/><D39/><U16/><E16/><V52/><F54/><W129/><G129/><T33/><D33/><U100/><E100/><V95/><F101/><N who="3" m="60647" /><G82/><N who="0" m="47455" /><D1/><U71/><AGARI ba="0,0" hai="4,5,68,70,71,98,102,105" m="21815,50218" machi="71" ten="40,2700,0" yaku="19,1,52,1" doraHai="93" who="1" fromWho="1" sc="303,-7,196,27,269,-7,232,-13" /><INIT seed="4,0,0,2,0,32" ten="296,223,262,219" oya="0" hai0="132,120,93,14,87,29,135,59,133,18,77,97,2" hai1="122,26,89,78,47,42,123,39,116,114,9,111,98" hai2="63,16,79,76,103,25,134,119,38,65,8,66,70" hai3="99,127,4,96,110,62,64,19,49,125,13,72,100"/><T73/><D120/><U45/><E116/><V71/><F119/><W104/><G110/><T85/><D2/><U112/><E111/><V50/><F38/><W82/><G4/><T43/><D29/><U48/><E78/><V5/><F134/><W30/><G30/><T55/><D43/><N who="1" m="22783" /><E26/><V56/><F103/><W92/><G49/><N who="0" m="31215" /><D73/><U106/><E9/><V40/><F40/><W86/><G72/><T53/><D53/><U81/><E81/><V17/><F50/><W37/><G37/><T1/><D1/><U27/><E27/><V46/><F46/><W33/><G33/><T24/><D24/><U95/><E106/><V108/><F108/><W74/><G74/><T7/><D77/><U94/><E94/><V113/><F76/><N who="3" m="46407" /><G64/><T131/><D7/><U90/><E90/><V52/><F79/><W60/><G104/><T75/><D75/><U121/><E123/><V128/><F5/><W20/><G99/><T69/><D69/><N who="2" m="26122" /><F17/><W129/><G129/><T68/><D68/><U115/><AGARI ba="0,0" hai="42,47,48,89,95,98,112,114,115,121,122" m="22783" machi="115" ten="30,2000,0" yaku="15,1,11,1" doraHai="32" who="1" fromWho="1" sc="296,-10,223,20,262,-5,219,-5" /><INIT seed="5,0,0,2,4,62" ten="286,243,257,214" oya="1" hai0="107,45,32,84,5,11,112,13,6,54,81,122,132" hai1="49,126,104,61,8,27,22,99,85,4,37,80,73" hai2="51,52,117,31,96,21,1,123,102,115,116,94,95" hai3="16,23,2,98,87,75,77,30,44,129,20,91,125"/><U60/><E37/><V69/><F123/><W38/><G129/><T97/><D122/><U76/><E126/><V19/><F1/><W53/><G125/><T70/><D32/><U108/><E108/><V133/><F133/><W106/><G2/><T57/><D70/><U3/><E73/><V47/><F69/><W10/><G75/><T68/><D68/><U15/><E3/><V43/><F115/><W25/><G77/><T18/><D112/><U63/><E104/><V88/><F31/><W40/><G53/><T12/><D132/><U64/><E99/><V41/><F117/><W128/><G128/><T121/><D121/><U82/><E80/><V103/><F116/><W130/><G130/><T42/><D97/><U134/><E49/><V78/><F78/><W59/><G59/><T118/><D107/><U7/><E7/><V109/><F109/><W66/><G66/><T71/><D71/><U0/><E0/><V93/><F93/><W74/><G74/><T105/><D105/><U124/><E124/><V131/><F131/><W46/><G46/><T72/><D72/><U119/><E119/><V111/><F111/><W34/><G98/><T36/><D12/><U39/><E39/><V58/><F47/><W35/><G106/><T101/><D101/><N who="2" m="38410" /><F95/><N who="3" m="54783" /><G35/><T114/><D114/><U135/><REACH who="1" step="1"/><E64/><REACH who="1" ten="286,233,257,214" step="2"/><V100/><N who="2" m="38418" /><V26/><AGARI ba="0,1" hai="19,21,26,41,43,51,52,58,88,94,96" m="38418" machi="26" ten="30,7900,0" yaku="4,1,8,1,54,2" doraHai="62" who="2" fromWho="2" sc="286,-20,233,-39,257,89,214,-20" owari="266,6.6,194,-20.6,346,44.6,194,-30.6" /></mjloggm>