<mjloggm ver="2.3"><GO type="225" lobby="0"/><UN n0="%E3%81%BD%E3%81%A1%E3%81%9F%E3%81%93%E3%82%84" n1="%E3%81%9F%E3%81%A3%E3%81%A1%E3%82%87" n2="%74%61%6B%75%61%6B%61" n3="%4E%6F%2E%30%30%30%31" dan="17,16,16,18" rate="2150.63,2079.01,2169.13,2231.24" sx="M,M,M,M"/><TAIKYOKU oya="0"/><INIT seed="0,0,0,3,1,133" ten="250,250,250,250" oya="0" hai0="82,81,62,116,67,48,124,88,112,83,44,38,40" hai1="34,106,53,35,52,74,30,5,17,109,49,76,66" hai2="70,128,54,93,98,61,18,1,10,15,117,59,77" hai3="63,65,84,14,102,22,123,100,12,37,103,42,94"/><T24/><D112/><U104/><E109/><V29/><F128/><W90/><G123/><T129/><D116/><U39/><E39/><V45/><F70/><W19/><G37/><T32/><D129/><U27/><E66/><V0/><F117/><W95/><G42/><T8/><D124/><U50/><E5/><V41/><F77/><W115/><G115/><T64/><D8/><U2/><E2/><V20/><F29/><W72/><G72/><T25/><D38/><U125/><E125/><V130/><F130/><W97/><REACH who="3" step="1"/><G12/><REACH who="3" ten="250,250,250,240" step="2"/><T118/><D118/><U11/><E74/><V135/><F0/><W3/><G3/><T23/><D40/><U4/><E27/><V9/><F1/><W31/><G31/><T101/><D24/><U58/><E30/><V28/><F28/><W127/><G127/><T57/><D25/><U110/><E110/><V119/><F119/><W51/><G51/><T91/><D48/><U43/><E43/><V71/><F135/><W89/><G89/><T85/><D32/><U6/><E49/><N who="2" m="26799" /><F71/><AGARI ba="0,1" hai="14,19,22,63,65,71,84,90,94,95,97,100,102,103" machi="71" ten="30,2000,0" yaku="1,1,7,1,53,0" doraHai="133" doraHaiUra="121" who="3" fromWho="2" sc="250,0,250,0,250,-20,240,30" /><INIT seed="1,0,0,2,1,96" ten="250,250,230,270" oya="1" hai0="1,119,49,15,23,95,122,45,65,18,36,80,68" hai1="19,75,97,41,14,132,77,87,0,91,131,121,42" hai2="32,28,76,130,40,38,12,108,128,110,123,82,109" hai3="117,66,114,112,30,54,88,83,79,22,31,6,134"/><U59/><E121/><V116/><F116/><W84/><G134/><T107/><D119/><U10/><E132/><V69/><F69/><W24/><G117/><T89/><D122/><U103/><E131/><N who="2" m="50219" /><F123/><W129/><G129/><T100/><D1/><U127/><E0/><V25/><F12/><W26/><G66/><T51/><D80/><U92/><E127/><V46/><F82/><W53/><G6/><T62/><D100/><U64/><E75/><V13/><F13/><W133/><G133/><T60/><D107/><U50/><E77/><AGARI ba="0,0" hai="25,28,32,38,40,46,76,77,108,109,110" m="50219" machi="77" ten="40,2600,0" yaku="14,1,19,1" doraHai="96" who="2" fromWho="1" sc="250,0,250,-26,230,26,270,0" /><INIT seed="2,0,0,0,5,125" ten="250,224,256,270" oya="2" hai0="86,16,119,27,46,11,123,74,9,68,10,72,132" hai1="120,1,23,101,47,65,53,67,56,85,50,21,55" hai2="131,110,32,69,28,126,106,6,108,64,61,37,96" hai3="115,24,0,60,38,36,84,91,30,15,7,122,92"/><V114/><F114/><W18/><G115/><T58/><D68/><U34/><E34/><V33/><F126/><W102/><G122/><T129/><D123/><U77/><E1/><V73/><F73/><W12/><G102/><T116/><D132/><U89/><E77/><V5/><F37/><W128/><G12/><T59/><D129/><U39/><E101/><N who="2" m="62759" /><F131/><W41/><G41/><T104/><D104/><U81/><E120/><V14/><F14/><W135/><G135/><T78/><D46/><U105/><E105/><V45/><F45/><W66/><G7/><T54/><D86/><U13/><E39/><V95/><F95/><W42/><G42/><T29/><D16/><U127/><E127/><V8/><F33/><W87/><G87/><T113/><D113/><U75/><E75/><N who="0" m="28713" /><D54/><U2/><E2/><N who="2" m="55" /><F6/><W97/><G84/><T118/><D78/><U88/><E89/><V94/><F94/><W19/><G0/><T79/><D79/><U62/><REACH who="1" step="1"/><E13/><REACH who="1" ten="250,214,256,270" step="2"/><V112/><F112/><W76/><G76/><T70/><D70/><U44/><E44/><V26/><AGARI ba="0,1" hai="26,28,32,61,64,69,108,110" m="55,62759" machi="26" ten="30,3000,0" yaku="25,1,23,1" doraHai="125" who="2" fromWho="2" sc="250,-10,214,-10,256,40,270,-10" /><INIT seed="2,1,0,2,4,26" ten="240,204,296,260" oya="2" hai0="125,20,29,52,56,30,129,119,13,49,5,118,103" hai1="117,135,50,98,12,31,47,69,16,126,83,65,122" hai2="61,39,94,87,53,37,108,21,14,92,15,68,36" hai3="1,2,66,25,95,71,38,42,96,101,107,11,23"/><V10/><F108/><W8/><G8/><N who="0" m="4239" /><D129/><U63/><E117/><N who="0" m="44553" /><D125/><U28/><E126/><V40/><F40/><W128/><G128/><T109/><D109/><U76/><E135/><V51/><F21/><W77/><G11/><T4/><D4/><U111/><E111/><V27/><F27/><W67/><G95/><T62/><D103/><U89/><E122/><V33/><F33/><W46/><G77/><T121/><D121/><U97/><E98/><V41/><F41/><W18/><REACH who="3" step="1"/><G71/><REACH who="3" ten="240,204,296,250" step="2"/><T43/><D20/><U9/><E97/><V74/><F68/><W113/><G113/><T32/><D32/><U86/><E76/><V132/><F10/><W24/><G24/><T102/><D102/><U115/><REACH who="1" step="1"/><E115/><REACH who="1" ten="240,194,296,250" step="2"/><V114/><F114/><W75/><G75/><T72/><D72/><U104/><E104/><V7/><F74/><W88/><G88/><T100/><D100/><U57/><E57/><V80/><F132/><W123/><G123/><T99/><D99/><U44/><E44/><AGARI ba="1,2" hai="29,30,43,44,49,52,56,62" m="44553,4239" machi="44" ten="30,7700,0" yaku="12,1,52,2,54,1" doraHai="26" who="0" fromWho="1" sc="240,100,194,-80,296,0,250,0" /><INIT seed="3,0,0,3,1,18" ten="340,114,296,250" oya="3" hai0="94,20,66,58,67,126,132,50,83,36,65,88,33" hai1="48,120,124,84,92,17,62,28,119,133,121,54,11" hai2="93,106,14,52,100,99,117,123,42,27,116,59,53" hai3="102,135,19,55,115,95,74,101,3,29,2,114,12"/><W89/><G74/><T21/><D36/><U46/><E124/><V127/><F127/><W122/><G122/><T43/><D33/><U64/><E120/><V108/><F123/><W79/><G79/><T71/><D71/><U44/><E121/><V26/><F108/><W39/><G39/><T96/><D132/><U32/><E133/><V68/><F68/><W9/><G135/><T109/><D109/><U112/><E112/><V82/><F42/><W61/><G2/><T110/><D110/><U5/><E119/><V125/><F125/><W7/><G29/><T130/><D130/><U24/><E32/><V4/><F106/><W76/><G76/><T131/><D131/><U129/><E129/><V81/><F116/><W10/><G114/><T91/><D126/><U6/><E11/><N who="2" m="4455" /><F53/><W45/><G115/><T103/><D58/><U13/><E28/><V56/><F56/><W107/><G107/><T78/><D50/><U15/><E24/><N who="2" m="9259" /><F117/><W118/><G118/><T51/><D51/><AGARI ba="0,0" hai="51,52,59,81,82,93,99,100" m="9259,4455" machi="51" ten="30,2000,0" yaku="8,1,54,1" doraHai="18" who="2" fromWho="0" sc="340,-20,114,0,296,20,250,0" owari="320,42.0,114,-38.6,316,11.6,250,-15.0" /></mjloggm>