<mjloggm ver="2.3"><GO type="225" lobby="0"/><UN n0="%6C%61%6D%62" n1="%E5%8D%A0%E3%81%84%E5%B8%AB%E8%A3%8F%E3%81%AA%E3%81%84%E3%81%97" n2="%E6%A1%9C%E8%8A%B1%E9%96%83%E3%80%85" n3="%28%EF%BF%A3%E2%96%BD%EF%BF%A3%29%CE%B4%E2%8C%92%E3%83%BB" dan="16,17,17,17" rate="2209.32,2204.63,2200.37,2242.43" sx="M,M,M,M"/><TAIKYOKU oya="0"/><INIT seed="0,0,0,4,3,102" ten="250,250,250,250" oya="0" hai0="74,15,10,95,12,49,57,86,104,8,32,50,40" hai1="117,41,2,37,130,68,21,47,24,14,82,26,6" hai2="33,129,61,106,109,53,25,110,67,125,85,92,34" hai3="64,28,63,20,27,81,23,78,9,93,127,70,75"/><T103/><D74/><U116/><E130/><V134/><F125/><W114/><G127/><T98/><D32/><U45/><E68/><V99/><F129/><W11/><G114/><T65/><D104/><U97/><E14/><V132/><F53/><W69/><G69/><T18/><D40/><U42/><E97/><V4/><F85/><W133/><G133/><N who="2" m="51305" /><F4/><W94/><REACH who="3" step="1"/><G20/><REACH who="3" ten="250,250,250,240" step="2"/><T113/><D113/><U84/><E21/><V31/><F34/><W128/><G128/><T43/><D43/><U62/><E62/><V124/><BYE who="1" /><F124/><UN n1="%E5%8D%A0%E3%81%84%E5%B8%AB%E8%A3%8F%E3%81%AA%E3%81%84%E3%81%97" /><W105/><G105/><T54/><D65/><U46/><E41/><V56/><F106/><W96/><G96/><T108/><D108/><U19/><E42/><V16/><F109/><W5/><G5/><N who="0" m="3087" /><D86/><U71/><E84/><V55/><F110/><W121/><G121/><T111/><D111/><U38/><E6/><V91/><F67/><W73/><G73/><T135/><D135/><U100/><E71/><V22/><F33/><W36/><G36/><T3/><D3/><U83/><E2/><V17/><AGARI ba="0,1" hai="16,17,22,25,31,55,56,61,91,92,99" m="51305" machi="17" ten="30,2000,0" yaku="20,1,54,1" doraHai="102" who="2" fromWho="2" sc="250,-10,250,-5,250,30,240,-5" /><INIT seed="1,0,0,2,1,112" ten="240,245,280,235" oya="1" hai0="71,72,90,41,88,49,68,113,62,125,123,83,5" hai1="97,133,64,14,135,57,37,96,107,48,118,17,52" hai2="81,87,119,84,31,25,23,89,2,94,114,91,115" hai3="103,129,131,20,130,33,6,8,75,79,93,105,24"/><U132/><E37/><V45/><F2/><W59/><G105/><T60/><D113/><N who="2" m="43018" /><F45/><W28/><G59/><T13/><D72/><U109/><E109/><V122/><F122/><W47/><G47/><T1/><D1/><U50/><E64/><V34/><F34/><W29/><G79/><T98/><D49/><N who="1" m="19051" /><E107/><V85/><F85/><W127/><G75/><T38/><D41/><U21/><E118/><AGARI ba="0,0" hai="23,25,31,81,84,87,89,91,94,118,119" m="43018" machi="118" ten="30,3900,0" yaku="11,1,52,2" doraHai="112" who="2" fromWho="1" sc="240,0,245,-39,280,39,235,0" /><INIT seed="2,0,0,0,0,44" ten="240,206,319,235" oya="2" hai0="19,32,68,86,129,46,135,122,128,58,55,106,115" hai1="53,95,90,9,8,116,64,0,71,126,84,98,99" hai2="67,43,78,87,75,104,15,25,134,12,52,97,73" hai3="28,40,59,16,112,18,27,92,83,22,60,57,123"/><V13/><F134/><W30/><G123/><T61/><D122/><U63/><E116/><V42/><F67/><W96/><G112/><T119/><D106/><U124/><E8/><V103/><F25/><W5/><G40/><T127/><D115/><U114/><E114/><V24/><F24/><W69/><G69/><T81/><D32/><U108/><E108/><V120/><F120/><W85/><G5/><T89/><D135/><U45/><E9/><V23/><F23/><W102/><G30/><T26/><D68/><U76/><E0/><V21/><F21/><W4/><G4/><T41/><D119/><U36/><E76/><V14/><N who="2" m="3072" /><DORA hai="91" /><V50/><F87/><W70/><G70/><T107/><D107/><U38/><E38/><V77/><F77/><N who="3" m="46319" /><G57/><T79/><D127/><N who="1" m="48683" /><E36/><V51/><F78/><W7/><G7/><T48/><D79/><U56/><E45/><V31/><F31/><W37/><G37/><T2/><D2/><U72/><E72/><V1/><F1/><W105/><G105/><T33/><REACH who="0" step="1"/><D19/><REACH who="0" ten="230,206,319,235" step="2"/><U109/><E109/><V47/><F104/><W82/><G82/><T80/><D80/><U117/><E117/><V130/><F75/><W94/><G94/><T39/><D39/><U132/><E132/><V125/><F73/><W121/><G121/><T54/><D54/><AGARI ba="0,1" hai="16,18,22,27,28,54,59,60,92,96,102" m="46319" machi="54" ten="30,3900,0" yaku="8,1,52,1,54,1" doraHai="44,91" who="3" fromWho="0" sc="230,-39,206,0,319,0,235,49" /><INIT seed="3,0,0,0,4,126" ten="191,206,319,284" oya="3" hai0="88,77,106,66,80,63,116,114,38,113,85,83,50" hai1="57,16,3,51,15,60,78,26,68,91,30,117,124" hai2="135,131,81,64,47,118,71,132,4,94,5,75,73" hai3="87,11,79,127,96,0,31,109,99,10,17,104,61"/><W42/><G127/><T111/><D38/><U62/><E124/><V36/><F131/><W128/><G128/><T37/><D37/><U133/><E3/><V25/><F118/><W70/><G42/><T58/><D116/><U72/><E117/><V119/><F119/><W134/><G134/><T92/><D106/><U1/><E1/><V112/><F112/><N who="0" m="43114" /><D111/><U21/><E133/><V107/><F94/><W59/><G70/><T28/><D28/><U86/><E68/><V41/><F107/><W9/><G109/><T33/><D33/><U102/><E102/><V7/><F25/><W49/><G49/><T101/><D101/><U32/><E78/><V74/><F81/><N who="0" m="31306" /><D50/><U20/><E72/><V97/><F97/><W43/><G43/><T46/><D46/><U65/><E32/><V110/><F110/><W90/><G79/><AGARI ba="0,0" hai="58,63,66,77,79,85,88,92" m="31306,43114" machi="79" ten="30,2000,0" yaku="11,1,54,1" doraHai="126" who="0" fromWho="3" sc="191,20,206,0,319,0,284,-20" owari="211,-18.9,206,-29.4,319,41.9,264,6.4" /></mjloggm>