<mjloggm ver="2.3"><GO type="225" lobby="0"/><UN n0="%E5%A4%96%E5%B7%9D%E7%AB%9C%E6%88%90" n1="%E7%B4%94%E6%BD%94%E3%83%94%E3%83%A9%E3%83%8B%E3%82%A2" n2="%70%68%65%6E%6F%6D%65" n3="%6D%75%75%6D%75%72%61" dan="16,18,16,16" rate="2238.30,2298.92,2120.70,2131.42" sx="M,M,M,F"/><TAIKYOKU oya="0"/><INIT seed="0,0,0,5,2,78" ten="250,250,250,250" oya="0" hai0="66,69,9,122,94,107,98,58,120,2,20,93,21" hai1="56,41,71,129,34,30,44,89,53,117,113,61,48" hai2="15,6,18,112,91,100,1,134,19,114,57,46,40" hai3="60,81,7,32,77,74,135,28,92,33,0,83,16"/><T5/><D69/><U8/><E117/><V82/><F134/><W39/><G135/><T95/><D66/><U102/><E113/><V109/><F109/><W126/><G39/><T73/><D73/><U62/><E129/><V38/><F100/><W116/><G116/><T101/><REACH who="0" step="1"/><D58/><REACH who="0" ten="240,250,250,250" step="2"/><U132/><E71/><V123/><F57/><W133/><G133/><T65/><D65/><U105/><E132/><V36/><F114/><W87/><G74/><T110/><D110/><U13/><E56/><V99/><F112/><W43/><G60/><T125/><D125/><U115/><E61/><V24/><F123/><AGARI ba="0,1" hai="2,5,9,20,21,93,94,95,98,101,107,120,122,123" machi="123" ten="40,12000,1" yaku="1,1,53,3" doraHai="78" doraHaiUra="118" who="0" fromWho="2" sc="240,130,250,0,250,-120,250,0" /><INIT seed="0,1,0,4,0,67" ten="370,250,130,250" oya="0" hai0="16,68,135,92,76,103,74,91,75,125,11,39,72" hai1="78,23,102,88,40,34,14,37,83,81,120,126,57" hai2="117,35,105,1,9,28,82,116,49,22,96,128,7" hai3="77,73,95,118,60,94,8,44,12,63,5,110,33"/><T109/><D39/><U54/><E34/><V134/><F128/><W122/><G118/><N who="2" m="45673" /><F134/><W30/><G110/><T25/><D68/><U0/><E0/><V3/><F82/><W119/><G119/><T93/><D109/><U104/><E120/><V111/><F111/><W101/><G122/><T24/><D135/><U114/><E114/><V123/><F123/><W87/><G73/><T52/><D76/><U42/><E126/><V15/><F49/><W18/><G33/><T45/><D103/><U79/><E37/><V99/><F105/><W127/><G127/><T26/><D125/><U27/><E104/><V129/><F129/><W48/><G30/><T43/><D43/><N who="1" m="16427" /><E14/><N who="2" m="5439" /><F99/><N who="3" m="59639" /><G5/><T86/><D93/><U100/><E83/><V10/><F96/><W97/><G87/><T17/><D11/><U20/><E102/><V98/><F98/><W65/><G77/><N who="1" m="29194" /><E27/><N who="2" m="16503" /><F35/><W84/><G84/><T19/><D45/><U56/><E100/><V90/><F90/><W6/><G95/><T133/><D133/><U36/><E36/><V80/><F80/><W61/><G97/><T50/><D50/><N who="1" m="30807" /><E57/><V85/><F85/><AGARI ba="1,0" hai="20,23,81,85,88" m="30807,29194,16427" machi="85" ten="30,2000,0" yaku="8,1,54,1" doraHai="67" who="1" fromWho="2" sc="370,0,250,23,130,-23,250,0" /><INIT seed="1,0,0,5,5,19" ten="370,273,107,250" oya="1" hai0="29,43,72,101,100,39,44,47,134,32,109,108,70" hai1="94,114,107,132,65,21,0,4,53,135,27,51,15" hai2="76,104,62,84,95,38,75,36,5,3,66,103,48" hai3="80,45,82,92,52,28,125,25,102,87,79,1,17"/><U26/><E107/><V126/><F126/><W2/><G125/><T23/><D70/><U10/><E65/><V98/><F48/><W93/><G17/><T68/><D68/><U35/><E114/><V96/><F5/><W112/><G112/><T121/><D121/><U105/><E105/><V11/><F11/><W56/><G45/><T73/><D32/><U50/><E50/><V18/><F3/><W89/><G82/><T130/><D130/><U20/><E94/><V49/><F49/><W77/><G102/><T115/><D115/><U113/><E0/><V12/><F98/><W57/><G92/><T40/><D23/><N who="1" m="8779" /><E35/><V88/><F18/><W69/><G69/><T60/><D60/><U78/><E78/><V74/><F12/><W128/><G128/><T122/><D122/><U34/><E34/><V42/><F42/><W37/><G37/><T129/><D129/><U14/><E15/><V118/><F118/><W24/><G93/><T90/><D39/><U7/><E7/><V81/><REACH who="2" step="1"/><F74/><REACH who="2" ten="370,273,97,250" step="2"/><W67/><G1/><T106/><D72/><U117/><E113/><V58/><AGARI ba="0,1" hai="36,38,58,62,66,75,76,81,84,88,95,96,103,104" machi="58" ten="20,12000,2" yaku="1,1,2,1,0,1,7,1,24,2,54,1,53,0" doraHai="19" doraHaiUra="116" who="2" fromWho="2" sc="370,-30,273,-60,97,130,250,-30" /><INIT seed="2,0,0,0,1,46" ten="340,213,227,220" oya="2" hai0="43,135,77,11,62,65,97,87,66,12,118,132,48" hai1="128,29,88,124,134,36,34,108,23,18,71,33,3" hai2="109,129,69,49,7,122,130,52,81,98,90,120,121" hai3="113,91,1,75,35,86,37,51,27,60,102,131,99"/><V8/><F69/><W24/><G37/><T21/><D21/><U30/><E36/><V112/><F112/><W94/><G113/><T82/><D118/><U78/><E78/><V5/><F109/><W96/><G75/><T64/><D97/><U20/><E71/><V61/><F61/><W72/><G72/><T47/><REACH who="0" step="1"/><D62/><REACH who="0" ten="330,213,227,220" step="2"/><U83/><E23/><V110/><F110/><W123/><G123/><T93/><D93/><U57/><E20/><V42/><F98/><W39/><G99/><T105/><D105/><U15/><E108/><V55/><F122/><W50/><G60/><T68/><D68/><U126/><E33/><V74/><F121/><W2/><G39/><T104/><D104/><U63/><E34/><V38/><F120/><W14/><G35/><T41/><D41/><U40/><E40/><V89/><F42/><W44/><G96/><T56/><D56/><U45/><E57/><V16/><F38/><W92/><G102/><T111/><D111/><U19/><E63/><V84/><F129/><W116/><G131/><T13/><D13/><U0/><E15/><N who="2" m="7271" /><F130/><W70/><G70/><T4/><AGARI ba="0,1" hai="4,11,12,43,47,48,64,65,66,77,82,87,132,135" machi="4" ten="30,8000,1" yaku="1,1,0,1,25,2,52,1,53,0" doraHai="46" doraHaiUra="101" who="0" fromWho="0" sc="330,90,213,-20,227,-40,220,-20" /><INIT seed="3,0,0,2,5,7" ten="420,193,187,200" oya="3" hai0="71,37,13,10,102,12,58,62,127,126,30,17,55" hai1="120,49,90,134,108,44,8,51,103,95,96,107,54" hai2="106,87,15,72,117,40,81,57,63,125,50,33,121" hai3="135,78,22,26,45,124,97,110,24,129,85,116,65"/><W75/><G116/><T20/><D37/><U43/><E120/><V114/><F117/><W123/><G123/><T28/><D102/><U68/><E68/><V132/><F114/><W41/><G75/><T6/><D71/><U113/><E108/><V36/><F121/><W39/><G110/><T56/><D56/><U112/><E134/><V38/><F72/><W66/><G135/><T99/><D99/><U2/><E2/><V5/><F33/><W64/><G129/><T119/><D119/><U3/><E3/><V111/><F106/><W67/><G124/><AGARI ba="0,0" hai="6,10,12,13,17,20,28,30,55,58,62,124,126,127" machi="124" ten="40,2600,0" yaku="18,1,52,1" doraHai="7" who="0" fromWho="3" sc="420,26,193,0,187,0,200,-26" owari="446,54.6,193,-0.7,187,-21.3,174,-32.6" /></mjloggm>