<mjloggm ver="2.3"><GO type="225" lobby="0"/><UN n0="%E3%82%B2%E3%82%B9%E8%8C%82%E5%8B%9D" n1="%E7%BD%AA%E5%88%91%E6%B3%95%E5%AE%9A%E4%B8%BB%E7%BE%A9" n2="%48%61%61%61%6C%61%6E%64" n3="%E3%82%BF%E3%83%BC%E3%83%90%E3%83%B3%E9%87%8E%E5%8F%A3" dan="16,16,18,16" rate="2078.71,2166.88,2214.15,2104.69" sx="F,M,M,M"/><TAIKYOKU oya="0"/><INIT seed="0,0,0,0,5,57" ten="250,250,250,250" oya="0" hai0="119,42,38,45,23,11,92,77,81,124,132,2,52" hai1="104,118,123,14,117,70,130,1,76,16,120,29,7" hai2="87,5,82,100,59,17,96,129,73,3,49,12,0" hai3="65,30,84,121,43,55,51,91,80,99,128,15,36"/><T68/><D119/><N who="1" m="45579" /><E104/><V19/><F73/><W35/><G128/><T53/><D124/><U125/><E76/><V64/><F129/><W21/><G121/><N who="1" m="46666" /><E130/><V26/><F5/><W20/><G35/><T60/><D132/><U98/><E98/><V93/><F26/><W61/><G36/><T33/><D33/><U85/><E85/><V62/><F49/><W27/><G43/><T8/><D23/><N who="1" m="11671" /><E70/><V37/><F37/><W47/><G99/><T106/><D106/><U86/><E86/><V107/><F107/><W135/><G135/><T66/><D92/><U50/><E50/><V116/><F116/><W32/><REACH who="3" step="1"/><G15/><REACH who="3" ten="250,250,250,240" step="2"/><T88/><D2/><U31/><E125/><V102/><F102/><W108/><G108/><T79/><D38/><U22/><E22/><V109/><F109/><W40/><G40/><T69/><D42/><U101/><E101/><V34/><F34/><W18/><G18/><T6/><D6/><U95/><E95/><V89/><REACH who="2" step="1"/><F19/><REACH who="2" ten="250,250,240,240" step="2"/><W113/><G113/><T97/><D81/><U48/><E48/><V131/><F131/><W54/><G54/><T28/><D53/><U112/><E112/><V44/><F44/><W24/><G24/><T75/><D52/><U90/><E7/><V103/><F103/><W46/><G46/><T39/><D45/><U83/><E31/><V115/><F115/><W122/><G122/><T67/><D28/><U10/><E29/><V25/><F25/><W71/><AGARI ba="0,2" hai="20,21,27,30,32,47,51,55,61,65,71,80,84,91" machi="71" ten="20,5200,0" yaku="1,1,0,1,7,1,52,1,53,0" doraHai="57" doraHaiUra="105" who="3" fromWho="3" sc="250,-26,250,-13,240,-13,240,72" /><INIT seed="1,0,0,3,1,117" ten="224,237,227,312" oya="1" hai0="79,134,1,57,127,26,85,112,2,45,15,9,102" hai1="27,87,4,78,77,65,72,36,69,126,92,135,90" hai2="103,61,106,95,104,131,75,13,25,38,82,83,129" hai3="62,124,91,76,100,50,80,8,70,120,84,133,55"/><U99/><E36/><V52/><F38/><W18/><G133/><T40/><D134/><U74/><E135/><V35/><F13/><W54/><G124/><T20/><D127/><U21/><E126/><V110/><F110/><W130/><G130/><N who="2" m="49673" /><F95/><W6/><G100/><T10/><D112/><U7/><E74/><V37/><F37/><W48/><G18/><T88/><D102/><U73/><E72/><V28/><F75/><W39/><G39/><T0/><D79/><U122/><E122/><V47/><F103/><W123/><G76/><N who="1" m="29290" /><E69/><V29/><F29/><W71/><G71/><T63/><D15/><U14/><E73/><V33/><F33/><W32/><G32/><T11/><D45/><U119/><E119/><V132/><F132/><W3/><G70/><T51/><D51/><U113/><E113/><V101/><F101/><W42/><G62/><T128/><D128/><U49/><E14/><V41/><F41/><W23/><G42/><T56/><D40/><U31/><E99/><V107/><F47/><W44/><G23/><T94/><REACH who="0" step="1"/><D63/><REACH who="0" ten="214,237,227,312" step="2"/><U34/><E49/><V108/><F108/><W22/><G22/><T114/><D114/><U17/><E90/><V115/><F115/><W118/><G118/><T89/><D89/><U60/><E60/><V58/><AGARI ba="0,1" hai="25,28,35,52,58,61,82,83,104,106,107" m="49673" machi="58" ten="40,2700,0" yaku="19,1,54,1" doraHai="117" who="2" fromWho="2" sc="214,-7,237,-13,227,37,312,-7" /><INIT seed="2,0,0,2,5,65" ten="207,224,264,305" oya="2" hai0="80,78,130,67,3,96,63,30,117,98,99,17,10" hai1="135,2,50,55,26,45,49,86,72,71,27,128,51" hai2="129,82,112,62,70,110,104,87,124,92,15,9,59" hai3="75,18,88,105,24,121,42,84,13,119,125,115,108"/><V1/><F104/><W37/><G119/><T60/><D130/><U20/><E72/><V68/><F112/><W114/><G121/><T69/><D117/><U5/><E128/><V33/><F129/><W127/><G75/><T12/><D30/><U8/><E135/><V16/><F124/><N who="3" m="47691" /><G105/><T81/><D78/><U79/><E71/><V7/><F92/><N who="3" m="54279" /><G108/><T11/><REACH who="0" step="1"/><D60/><REACH who="0" ten="197,224,264,305" step="2"/><U19/><REACH who="1" step="1"/><E27/><REACH who="1" ten="197,214,264,305" step="2"/><V113/><F110/><W83/><G24/><T48/><D48/><U43/><E43/><V94/><F113/><W73/><G42/><T47/><D47/><U74/><E74/><V122/><F122/><W97/><G37/><T95/><D95/><U0/><E0/><V85/><F94/><W111/><G111/><T134/><D134/><U131/><E131/><V38/><F38/><W54/><G73/><T66/><D66/><U22/><E22/><V133/><F133/><W31/><G114/><T44/><D44/><U56/><E56/><V39/><F39/><W53/><G115/><T126/><D126/><U4/><E4/><AGARI ba="0,2" hai="3,4,10,11,12,17,63,67,69,80,81,96,98,99" machi="4" ten="40,5200,0" yaku="1,1,52,1,53,1" doraHai="65" doraHaiUra="32" who="0" fromWho="1" sc="197,72,214,-52,264,0,305,0" /><INIT seed="3,0,0,4,5,9" ten="269,162,264,305" oya="3" hai0="88,112,34,105,115,8,94,96,35,84,4,46,75" hai1="20,134,108,60,104,81,59,78,52,86,1,125,127" hai2="17,16,64,76,41,100,74,89,111,106,15,30,48" hai3="14,116,39,82,107,103,119,36,49,33,25,45,65"/><W58/><G82/><T43/><D75/><U71/><E104/><V5/><F111/><W123/><G123/><T117/><D117/><U22/><E1/><V32/><F64/><W135/><G135/><T129/><D129/><U0/><E0/><V44/><F89/><W92/><G107/><T27/><D105/><U72/><E108/><V131/><F131/><W53/><G14/><T90/><D27/><U114/><E114/><N who="0" m="43561" /><D90/><U7/><E134/><V133/><F133/><W113/><G39/><N who="0" m="21887" /><D96/><U56/><E71/><V47/><F32/><W87/><G113/><T66/><D66/><U23/><E7/><V69/><F30/><W128/><G128/><T61/><D61/><U50/><REACH who="1" step="1"/><E72/><REACH who="1" ten="269,152,264,305" step="2"/><V73/><F73/><W67/><G116/><T11/><D11/><U130/><E130/><V12/><F5/><W63/><G119/><T85/><D85/><U6/><E6/><V2/><F2/><AGARI ba="0,1" hai="2,4,8,34,35,84,88,94" m="21887,43561" machi="2" ten="30,2000,0" yaku="11,1,54,1" doraHai="9" who="0" fromWho="2" sc="269,30,152,0,264,-20,305,0" owari="299,9.9,152,-34.8,244,-15.6,305,40.5" /></mjloggm>