<mjloggm ver="2.3"><GO type="225" lobby="0"/><UN n0="%E5%A4%96%E5%B7%9D%E7%AB%9C%E6%88%90" n1="%E3%81%A1%E3%82%85%E3%81%86%E3%81%A9%E3%81%8F%E8%B1%A1%E3%81%95%E3%82%93" n2="%E6%80%AA%E3%81%97%E3%81%99%E3%81%8E%E3%82%8B%E3%83%81%E3%83%BC" n3="%72%69%6F%75%63%68%61%6E" dan="16,17,16,17" rate="2122.73,2192.30,2098.02,2269.33" sx="M,M,M,M"/><TAIKYOKU oya="0"/><INIT seed="0,0,0,3,5,129" ten="250,250,250,250" oya="0" hai0="16,90,45,76,53,35,66,122,62,125,42,86,31" hai1="13,2,21,106,131,83,6,54,77,94,7,28,113" hai2="63,111,57,108,110,5,121,87,12,34,128,71,29" hai3="11,127,48,95,85,4,51,37,14,73,39,72,32"/><T118/><D118/><U88/><E106/><V82/><F128/><W115/><G115/><T30/><D122/><U123/><E131/><V26/><F121/><W19/><G127/><T8/><D125/><U10/><E123/><V47/><F71/><W33/><G4/><T100/><D100/><U38/><E38/><N who="3" m="14346" /><G85/><T117/><D42/><U40/><E40/><V105/><F47/><W27/><G95/><T80/><D35/><N who="3" m="13385" /><G14/><N who="0" m="7239" /><D76/><U61/><E113/><V23/><F105/><W97/><G19/><T3/><D3/><U60/><E2/><V114/><F114/><W55/><G11/><T102/><D102/><U58/><E6/><V112/><F112/><W104/><G104/><T1/><D1/><U120/><E120/><V75/><F75/><N who="3" m="28747" /><G97/><T65/><D117/><U18/><E77/><N who="2" m="46543" /><F34/><W70/><G70/><N who="0" m="42295" /><D66/><U101/><E101/><V93/><F93/><W126/><G126/><T96/><D96/><N who="1" m="57415" /><E83/><V67/><F5/><W103/><G103/><T98/><D98/><U24/><E7/><V41/><F41/><W44/><G27/><T119/><D119/><U22/><E10/><V56/><F56/><W43/><G43/><T79/><D79/><U109/><E60/><V36/><F36/><W15/><G15/><AGARI ba="0,0" hai="12,15,23,26,29,57,63,67,108,110,111" m="46543" machi="15" ten="30,1000,0" yaku="14,1" doraHai="129" who="2" fromWho="3" sc="250,0,250,0,250,10,250,-10" /><INIT seed="1,0,0,5,3,9" ten="250,250,260,240" oya="1" hai0="70,101,33,134,120,83,108,21,79,3,80,63,90" hai1="112,69,36,82,64,41,2,110,87,124,121,25,111" hai2="44,125,104,43,37,98,106,105,61,31,5,62,1" hai3="131,22,107,0,11,116,129,13,85,133,35,49,114"/><U27/><E121/><V51/><F125/><W40/><G114/><T32/><D3/><U12/><E112/><V66/><F31/><W94/><G107/><T45/><D120/><U18/><E2/><V115/><F115/><W128/><G133/><T117/><D117/><U54/><E124/><V103/><F51/><W8/><G116/><T58/><D70/><U135/><E135/><V99/><F61/><W74/><G74/><T113/><D101/><U95/><E95/><V46/><F99/><W59/><G35/><T47/><D90/><N who="1" m="51575" /><E64/><V50/><F5/><W119/><G119/><T81/><D79/><U97/><E97/><V126/><F1/><W72/><G72/><T15/><D108/><N who="1" m="41515" /><E69/><V48/><F126/><W89/><G0/><T53/><D134/><U96/><E96/><V38/><F105/><W68/><G68/><T100/><D100/><U132/><E132/><V19/><F106/><W86/><G85/><T10/><D21/><N who="1" m="11463" /><E54/><V57/><REACH who="2" step="1"/><F19/><REACH who="2" ten="250,250,250,240" step="2"/><N who="3" m="10607" /><G40/><AGARI ba="0,1" hai="37,38,40,43,44,46,48,50,57,62,66,98,103,104" machi="40" ten="30,3900,0" yaku="1,1,7,1,9,1,53,0" doraHai="9" doraHaiUra="30" who="2" fromWho="3" sc="250,0,250,0,250,49,240,-39" /><INIT seed="2,0,0,4,3,13" ten="250,250,299,201" oya="2" hai0="29,3,110,82,37,101,71,117,89,135,106,131,100" hai1="118,85,20,17,91,53,31,73,32,7,98,2,95" hai2="16,134,111,33,92,15,59,51,78,4,72,65,105" hai3="30,109,86,115,14,38,36,23,40,70,42,66,129"/><V41/><F105/><W12/><G109/><T83/><D29/><U103/><E118/><V75/><F33/><W127/><G127/><T26/><D26/><U5/><E73/><V6/><F111/><W79/><G129/><T52/><D52/><U0/><E53/><V87/><F134/><W77/><G115/><T11/><D71/><U8/><E31/><V24/><F24/><W84/><G30/><T46/><D89/><U124/><E32/><V121/><F121/><W50/><G70/><T125/><D100/><U34/><E34/><V25/><F25/><W123/><G66/><T120/><D101/><U68/><E68/><V28/><F28/><W76/><G50/><T133/><D106/><U44/><E44/><N who="2" m="25999" /><F75/><W43/><G23/><T22/><D22/><U81/><E124/><V1/><F72/><W64/><G64/><T99/><D110/><U60/><E60/><N who="2" m="38047" /><F1/><W48/><G48/><T116/><D125/><U45/><E45/><V18/><F92/><W10/><G123/><T108/><D108/><U61/><E61/><V58/><F58/><W130/><G130/><T90/><D131/><U57/><E57/><V74/><F74/><W39/><REACH who="3" step="1"/><G10/><REACH who="3" ten="250,250,299,191" step="2"/><T55/><D120/><U54/><E54/><V94/><F6/><N who="1" m="2057" /><E8/><N who="2" m="4487" /><F94/><W107/><G107/><T56/><D11/><U119/><E119/><V9/><F9/><W80/><G80/><AGARI ba="0,1" hai="16,18,78,80,87" m="4487,38047,25999" machi="80" ten="30,12000,1" yaku="25,1,8,1,52,2,54,1" doraHai="13" who="2" fromWho="3" sc="250,0,250,0,299,130,191,-120" /><INIT seed="2,1,0,2,1,110" ten="250,250,429,71" oya="2" hai0="107,28,59,91,35,9,99,122,100,73,13,101,20" hai1="3,124,27,49,70,41,64,123,45,36,48,40,116" hai2="120,32,16,109,57,78,125,65,4,23,24,75,94" hai3="74,89,56,0,98,84,29,30,126,55,1,79,47"/><V132/><F120/><W76/><G126/><T15/><D122/><U85/><E123/><V14/><F125/><W7/><G74/><T61/><D73/><U135/><E124/><V118/><F118/><W129/><G129/><T8/><D35/><U119/><E3/><V95/><F109/><W92/><G47/><T58/><D91/><U52/><E85/><V103/><F132/><W19/><G0/><T96/><D20/><U39/><E27/><V12/><F103/><W60/><G1/><T46/><D46/><N who="1" m="27671" /><E135/><V6/><F32/><W133/><G7/><N who="2" m="2601" /><F78/><W51/><G133/><T87/><D87/><U112/><E112/><V18/><F75/><W86/><G51/><T102/><D102/><U130/><E130/><V11/><F24/><W26/><G86/><T63/><REACH who="0" step="1"/><D28/><REACH who="0" ten="240,250,429,71" step="2"/><N who="3" m="10857" /><G84/><T90/><D90/><U97/><E119/><V62/><AGARI ba="1,1" hai="11,12,14,16,18,23,57,62,65,94,95" m="2601" machi="62" ten="30,3000,0" yaku="8,1,54,1" doraHai="110" who="2" fromWho="2" sc="240,-11,250,-11,429,43,71,-11" /><INIT seed="2,2,0,5,2,109" ten="229,239,472,60" oya="2" hai0="79,33,71,67,77,97,15,128,41,27,2,1,96" hai1="64,114,14,5,6,70,24,85,49,82,38,98,55" hai2="45,62,58,116,63,26,57,3,20,34,18,80,75" hai3="132,53,32,86,46,61,56,99,17,21,135,129,59"/><V35/><F116/><W100/><G129/><T104/><D96/><U36/><E114/><V44/><F3/><W101/><G32/><T124/><D15/><U112/><E112/><V134/><F134/><W28/><G28/><N who="0" m="19615" /><D41/><U131/><E98/><V91/><F35/><W69/><G69/><T78/><D124/><U115/><E115/><V8/><F34/><W60/><G46/><N who="2" m="18025" /><F75/><W111/><G111/><T72/><D72/><U122/><E122/><V84/><F8/><W52/><G86/><T130/><D67/><U120/><E120/><V39/><F39/><W22/><G99/><T106/><D71/><U51/><E131/><N who="0" m="50217" /><D97/><U73/><E73/><V81/><F81/><W108/><G108/><T16/><D16/><AGARI ba="2,0" hai="16,17,21,22,52,53,56,59,60,61,100,101,132,135" machi="16" ten="25,6400,0" yaku="22,2,54,2" doraHai="109" who="3" fromWho="0" sc="229,-70,239,0,472,0,60,70" /><INIT seed="3,0,0,2,2,121" ten="159,239,472,130" oya="3" hai0="88,103,0,45,81,97,128,113,41,105,30,63,99" hai1="57,109,2,87,39,26,129,104,36,120,1,38,73" hai2="34,95,18,5,78,98,8,44,12,70,17,67,96" hai3="82,125,117,110,58,131,13,20,134,29,102,59,111"/><W74/><G117/><T7/><D128/><U68/><E120/><V46/><F34/><W33/><G131/><T31/><D113/><U83/><E68/><V66/><F70/><W133/><G33/><T132/><D132/><N who="3" m="50793" /><G102/><T22/><D63/><U127/><E73/><V108/><F108/><N who="3" m="41515" /><G125/><T92/><D22/><U116/><E109/><V53/><F78/><N who="3" m="44375" /><G13/><T122/><D122/><U119/><E119/><V115/><F12/><W32/><G20/><T62/><D62/><U40/><E116/><V61/><F61/><W50/><G50/><T56/><D56/><U69/><E57/><V3/><F44/><W130/><G130/><T43/><D0/><U77/><E1/><V9/><F46/><W93/><G93/><N who="0" m="56487" /><D7/><U71/><E2/><V114/><F5/><W48/><G48/><N who="0" m="26671" /><D105/><U79/><E127/><V123/><F3/><W64/><G64/><T11/><D11/><U86/><E129/><V25/><F95/><W16/><G16/><T35/><D35/><U24/><E104/><V112/><F112/><W49/><G49/><T37/><D37/><U100/><E100/><V107/><F123/><W85/><G85/><T54/><D43/><U19/><E40/><V55/><F107/><W76/><G76/><T51/><D81/><N who="1" m="47407" /><E19/><V60/><F60/><W23/><G32/><T14/><D14/><U80/><E80/><V47/><F47/><W15/><G15/><T90/><D103/><U94/><E94/><V124/><F124/><W75/><G75/><T4/><D4/><U42/><E42/><V28/><F114/><W89/><G89/><T106/><D106/><RYUUKYOKU ba="0,0" sc="159,10,239,10,472,-30,130,10" hai0="30,31,51,54,90,92,99" hai1="24,26,36,38,39,69,71,79,83,87" hai3="23,29,58,59" /><INIT seed="3,1,0,4,4,11" ten="169,249,442,140" oya="3" hai0="51,17,83,33,134,106,133,19,121,72,32,2,104" hai1="54,117,97,125,85,74,114,113,31,102,57,110,129" hai2="42,105,77,135,90,7,35,131,124,43,15,46,80" hai3="120,64,81,29,123,4,94,9,79,89,98,92,68"/><W76/><G29/><T109/><D121/><U132/><E74/><V88/><F35/><N who="0" m="13386" /><D2/><U6/><E6/><V41/><F131/><W119/><G119/><T14/><D109/><U24/><E110/><V53/><F124/><W47/><G76/><N who="0" m="44423" /><D51/><U36/><E132/><N who="0" m="50793" /><D19/><U18/><E18/><V101/><F105/><W0/><G47/><T69/><D69/><U28/><E36/><V116/><F101/><W30/><G30/><T52/><D52/><U78/><E28/><V130/><F90/><W84/><REACH who="3" step="1"/><G92/><REACH who="3" ten="169,249,442,130" step="2"/><T62/><D62/><AGARI ba="1,1" hai="0,4,9,62,64,68,79,81,84,89,94,98,120,123" machi="62" ten="40,3900,0" yaku="1,1,2,1,53,0" doraHai="11" doraHaiUra="25" who="3" fromWho="0" sc="169,-42,249,0,442,0,130,52" /><INIT seed="3,2,0,3,2,102" ten="127,249,442,182" oya="3" hai0="81,91,39,71,74,131,87,11,4,29,50,97,106" hai1="45,83,101,62,25,28,72,108,47,93,119,128,40" hai2="80,117,107,48,94,109,38,27,57,44,75,51,64" hai3="58,100,105,5,69,13,110,49,99,84,55,33,132"/><W113/><G113/><T14/><D39/><U88/><E45/><V82/><F107/><W22/><G69/><T122/><D122/><U54/><E101/><V56/><F75/><W121/><G121/><T70/><D131/><U114/><E114/><V127/><F38/><W18/><G33/><T20/><D50/><U24/><E24/><V61/><F109/><W95/><G110/><T41/><D41/><U42/><E108/><V126/><F27/><W35/><G35/><T90/><D29/><U92/><E92/><V16/><F16/><W135/><G5/><T46/><D20/><U98/><E128/><V52/><F94/><W123/><G123/><T34/><D34/><U63/><E119/><V116/><F82/><W53/><G53/><T133/><D133/><U6/><E6/><V89/><F89/><AGARI ba="2,0" hai="13,18,22,49,55,58,84,89,95,99,100,105,132,135" machi="89" ten="40,7700,0" yaku="25,2,52,1" doraHai="102" who="3" fromWho="2" sc="127,0,249,0,442,-83,182,83" /><INIT seed="3,3,0,4,0,22" ten="127,249,359,265" oya="3" hai0="83,17,98,12,126,61,95,63,4,102,119,55,43" hai1="50,40,42,34,51,129,121,56,9,54,30,35,15" hai2="127,59,117,118,64,120,104,100,37,25,32,28,10" hai3="52,78,49,1,27,96,73,48,31,68,53,81,116"/><W0/><G116/><T24/><D126/><U109/><E109/><V82/><F37/><W11/><G68/><T99/><D119/><U97/><E121/><V67/><F127/><W135/><G135/><T8/><D43/><U80/><E129/><V6/><F120/><W65/><G65/><T29/><D83/><U130/><E130/><V128/><F128/><W33/><G96/><T21/><D55/><U47/><E30/><V23/><F82/><W134/><G134/><T44/><D44/><U92/><E80/><V72/><F72/><W133/><G133/><T123/><D123/><U66/><E40/><V106/><F32/><W74/><G73/><T46/><D46/><U94/><E66/><V79/><F79/><W70/><G70/><T58/><D58/><U7/><E94/><V18/><F64/><W87/><G74/><T75/><D75/><U41/><E41/><V76/><F76/><W112/><G112/><T16/><D99/><U125/><E125/><V26/><F106/><W14/><G48/><T62/><D29/><U124/><E124/><V108/><F104/><W91/><G78/><T84/><D84/><U88/><AGARI ba="3,0" hai="7,9,15,34,35,42,47,50,51,54,56,88,92,97" machi="88" ten="20,2700,0" yaku="0,1,7,1,54,1" doraHai="22" who="1" fromWho="1" sc="127,-10,249,36,359,-10,265,-16" owari="117,-38.3,285,8.5,349,44.9,249,-15.1" /></mjloggm>