<mjloggm ver="2.3"><GO type="225" lobby="0"/><UN n0="%6D%75%75%6D%75%72%61" n1="%73%75%7A%75%72%61%6E%65" n2="%E7%A6%8F%E5%8E%9F%E9%81%A5%E3%81%A8%E7%B5%90%E5%A9%9A%E3%81%99%E3%82%8B" n3="%E6%B4%BE%E9%81%A3%E3%81%AE%E3%82%B8%E3%83%A3%E3%83%83%E3%82%AF" dan="16,16,17,16" rate="2147.62,2067.25,2143.81,2190.03" sx="F,M,M,M"/><TAIKYOKU oya="0"/><INIT seed="0,0,0,5,0,14" ten="250,250,250,250" oya="0" hai0="31,87,46,63,124,56,3,129,37,131,89,7,120" hai1="86,121,42,5,2,57,98,29,38,71,21,13,62" hai2="64,4,88,122,118,81,61,39,51,18,50,34,94" hai3="119,6,74,116,113,40,25,107,110,70,60,69,26"/><T102/><D120/><U83/><E71/><V66/><F39/><W36/><G107/><T99/><D124/><U12/><E121/><V133/><F34/><W92/><G113/><T9/><D31/><U27/><E2/><V106/><F106/><W85/><G74/><T49/><D37/><U100/><E5/><V105/><F105/><W11/><G110/><T127/><D127/><U91/><E42/><V101/><F122/><W128/><G128/><T130/><D102/><U111/><E111/><V132/><F4/><W20/><G26/><T59/><D99/><U96/><E38/><V79/><F101/><W126/><G126/><T90/><D63/><U1/><E1/><V15/><F118/><W104/><G104/><T28/><D28/><U73/><E73/><V72/><F51/><W112/><G112/><T80/><REACH who="0" step="1"/><D90/><REACH who="0" ten="240,250,250,250" step="2"/><U43/><E98/><V109/><F109/><W114/><G114/><T82/><D82/><U30/><E30/><V93/><F61/><W17/><G60/><T103/><D103/><U55/><E43/><AGARI ba="0,1" hai="3,7,9,43,46,49,56,59,80,87,89,129,130,131" machi="43" ten="40,3900,0" yaku="1,1,19,1,53,0" doraHai="14" doraHaiUra="75" who="0" fromWho="1" sc="240,49,250,-39,250,0,250,0" /><INIT seed="0,1,0,4,5,41" ten="289,211,250,250" oya="0" hai0="32,52,98,21,7,130,90,3,39,31,29,25,132" hai1="55,64,99,97,27,57,26,5,47,126,109,100,120" hai2="122,106,56,123,11,28,15,61,38,12,104,115,60" hai3="14,58,91,37,10,68,13,107,135,42,18,65,4"/><T112/><D112/><U96/><E120/><V95/><F115/><W74/><G107/><T17/><D130/><U9/><E109/><V40/><F28/><W105/><G105/><T114/><D114/><U110/><E110/><V133/><F95/><W20/><G74/><T49/><D39/><U108/><E108/><V87/><F87/><W33/><G33/><T78/><D132/><U131/><E131/><V101/><F40/><W63/><G135/><T24/><D78/><U102/><E126/><V81/><F56/><W8/><G68/><T111/><D111/><U89/><E89/><V93/><F93/><W2/><G91/><T117/><D117/><U85/><E85/><V53/><F133/><W73/><G73/><T0/><D31/><U71/><E71/><V44/><F11/><W113/><G113/><T75/><D75/><U16/><E64/><V121/><F121/><W88/><G88/><T43/><D43/><U70/><E70/><V79/><F79/><W51/><G37/><T50/><D50/><N who="1" m="29151" /><E57/><V94/><F38/><W22/><G2/><T34/><D34/><U36/><E36/><V45/><F94/><W67/><G67/><T1/><D90/><U86/><E86/><V118/><F118/><W6/><G18/><T84/><D84/><U77/><E77/><V119/><F119/><W82/><G82/><T92/><D92/><U35/><E35/><V72/><F72/><W116/><G116/><T69/><D69/><U19/><E19/><V128/><F128/><W103/><G103/><T54/><D32/><U30/><E16/><V80/><F101/><RYUUKYOKU ba="1,0" sc="289,-15,211,-15,250,15,250,15" hai2="12,15,44,45,53,60,61,80,81,104,106,122,123" hai3="4,6,8,10,13,14,20,22,42,51,58,63,65" /><INIT seed="1,2,0,0,3,87" ten="274,196,265,265" oya="1" hai0="122,30,64,121,13,57,4,89,32,88,33,31,76" hai1="130,116,85,78,119,103,117,115,16,72,18,34,46" hai2="38,19,14,99,133,70,71,20,129,44,68,132,25" hai3="135,61,123,53,83,107,128,52,80,60,102,96,12"/><U125/><E72/><V98/><F129/><W43/><G123/><N who="0" m="47115" /><D76/><U26/><E115/><V11/><F44/><W41/><G128/><T94/><D4/><U9/><E130/><V58/><F58/><W110/><G110/><T86/><D13/><U134/><E134/><N who="2" m="51819" /><F38/><W82/><G135/><T17/><D17/><AGARI ba="2,0" hai="11,14,17,19,20,25,68,70,71,98,99" m="51819" machi="17" ten="40,1300,0" yaku="20,1" doraHai="87" who="2" fromWho="0" sc="274,-19,196,0,265,19,265,0" /><INIT seed="2,0,0,1,5,48" ten="255,196,284,265" oya="2" hai0="119,40,58,45,14,35,98,135,78,102,127,124,103" hai1="86,6,49,122,125,71,134,3,9,75,55,92,10" hai2="0,93,56,95,17,110,63,67,99,27,39,60,30" hai3="62,91,88,72,97,109,38,133,26,70,12,32,16"/><V79/><F39/><W64/><G72/><T34/><D135/><U31/><E134/><V84/><F0/><W132/><G38/><T89/><D119/><U44/><E125/><N who="0" m="48201" /><D78/><U115/><E115/><V52/><F110/><W41/><G41/><T4/><D89/><U42/><E122/><V50/><F17/><W112/><G109/><T5/><D58/><U87/><E75/><V126/><F126/><W90/><G97/><T25/><D25/><U11/><E71/><V51/><F51/><W101/><G101/><N who="0" m="38411" /><D98/><U59/><E31/><V117/><F117/><W33/><G112/><T28/><D28/><U108/><E108/><V128/><F128/><W15/><G33/><N who="0" m="12299" /><D14/><U105/><E105/><V53/><F67/><W8/><G15/><T130/><D130/><U61/><REACH who="1" step="1"/><E86/><REACH who="1" ten="255,186,284,265" step="2"/><V7/><F84/><W131/><G131/><T85/><D85/><U76/><E76/><V13/><F79/><W80/><G133/><T24/><D24/><U19/><E19/><V54/><F27/><W123/><G123/><T46/><D40/><U47/><E47/><AGARI ba="0,1" hai="4,5,45,46,47" m="12299,38411,48201" machi="47" ten="40,5200,0" yaku="28,2,18,1" doraHai="48" who="0" fromWho="1" sc="255,62,186,-52,284,0,265,0" /><INIT seed="3,0,0,3,2,3" ten="317,134,284,265" oya="3" hai0="6,77,23,71,29,114,95,109,58,131,9,105,101" hai1="126,26,118,62,127,36,45,57,4,70,87,82,28" hai2="72,15,12,133,81,39,108,117,38,21,100,40,68" hai3="121,16,98,59,119,74,50,61,92,93,51,30,8"/><W32/><G119/><T25/><D71/><U46/><E70/><V91/><F68/><W33/><G74/><T128/><D109/><U104/><E104/><V7/><F117/><W56/><G121/><T76/><D105/><U41/><E118/><V31/><F108/><W44/><G30/><T129/><D114/><U11/><E45/><V107/><F133/><W115/><G115/><T124/><D124/><U49/><E36/><V113/><F113/><W5/><G44/><T63/><D95/><U80/><E26/><V88/><F39/><W89/><G92/><T97/><D97/><U66/><E28/><V110/><F110/><W73/><G73/><T120/><D101/><U13/><E13/><V84/><F40/><W20/><G32/><T135/><D135/><U24/><E24/><N who="2" m="16783" /><F38/><W27/><G33/><T94/><D94/><U47/><E47/><V54/><F54/><N who="3" m="34039" /><G56/><T35/><D35/><U64/><E64/><V69/><F69/><W43/><G43/><T99/><D99/><U130/><E130/><V85/><F72/><W10/><G10/><T78/><D120/><U96/><E96/><V48/><F48/><W19/><G19/><T2/><D58/><U65/><E65/><V67/><F67/><W42/><G42/><T55/><D55/><U37/><E37/><V122/><F122/><W60/><G60/><AGARI ba="0,0" hai="2,6,9,23,25,29,60,63,76,77,78,128,129,131" machi="60" ten="50,3200,0" yaku="19,1,52,1" doraHai="3" who="0" fromWho="3" sc="317,32,134,0,284,0,265,-32" owari="349,44.9,134,-36.6,284,8.4,233,-16.7" /></mjloggm>