<mjloggm ver="2.3"><GO type="225" lobby="0"/><UN n0="%E3%81%8B%E3%82%8F%E3%81%A1%E3%82%83%E3%82%93%35%38" n1="%E3%83%97%E3%83%AC%E3%83%B4%E3%82%A1%E3%83%86%E3%82%A3" n2="%72%61%6B%33" n3="%E3%81%BF%E3%81%BF%E3%81%9A" dan="17,16,17,17" rate="2215.28,2094.32,2154.01,2185.97" sx="M,F,M,M"/><TAIKYOKU oya="0"/><INIT seed="0,0,0,0,1,76" ten="250,250,250,250" oya="0" hai0="93,115,45,70,124,134,36,95,72,78,57,69,131" hai1="90,132,71,99,128,91,37,2,34,41,60,97,75" hai2="32,94,125,101,118,89,116,15,0,123,103,21,98" hai3="108,39,122,73,25,64,96,100,9,6,38,114,12"/><T5/><D115/><U58/><E71/><V129/><F32/><W42/><G114/><T63/><D5/><U4/><E34/><V92/><F0/><W107/><G108/><T87/><D72/><U84/><E75/><V49/><F49/><W85/><G73/><T117/><D117/><N who="2" m="45162" /><F21/><W119/><G119/><T120/><D120/><U62/><E132/><V135/><F15/><W44/><G122/><T68/><D124/><U26/><E128/><V48/><F48/><W86/><G64/><T133/><D131/><U80/><E26/><V106/><F123/><W79/><G25/><T18/><D18/><U29/><E29/><V35/><F35/><W81/><REACH who="3" step="1"/><G86/><REACH who="3" ten="250,250,250,240" step="2"/><T40/><D134/><U28/><E28/><V104/><F135/><W30/><G30/><T109/><D133/><U14/><E2/><V56/><F129/><W55/><G55/><T102/><D109/><U27/><E27/><V130/><F130/><W121/><G121/><T77/><D87/><U33/><E33/><V1/><F125/><W113/><G113/><T47/><D69/><U31/><E31/><V82/><F1/><W17/><G17/><T24/><D24/><U65/><E4/><V51/><F56/><W59/><G59/><T19/><D57/><U16/><E62/><V74/><F74/><W111/><G111/><T8/><D63/><U105/><E41/><V23/><F23/><W22/><G22/><T126/><D40/><U112/><E112/><V43/><F43/><W67/><G67/><T54/><D126/><U88/><E65/><V46/><F46/><W10/><G10/><RYUUKYOKU ba="0,1" sc="250,-10,250,-10,250,-10,240,30" hai3="6,9,12,38,39,42,44,79,81,85,96,100,107" /><INIT seed="1,1,1,0,3,129" ten="240,240,240,270" oya="1" hai0="67,77,4,125,85,83,17,114,58,131,94,1,78" hai1="119,90,87,51,39,91,86,95,49,97,5,72,9" hai2="43,76,28,55,69,19,92,108,102,7,116,44,33" hai3="61,107,40,3,23,11,128,88,120,99,117,26,127"/><U30/><E39/><V81/><F108/><W48/><G120/><T104/><D104/><U50/><E72/><V105/><F116/><W98/><G128/><T6/><D131/><U25/><E119/><V20/><F69/><W133/><G117/><T10/><D114/><U123/><E123/><V35/><F105/><W65/><G127/><T54/><D125/><U71/><E71/><V18/><F7/><W126/><G11/><T57/><D4/><U132/><E132/><V45/><F55/><W59/><G3/><T0/><D0/><U37/><E37/><V75/><F28/><W115/><G115/><T47/><D94/><U89/><E89/><V63/><F63/><W93/><G126/><T109/><D109/><U2/><REACH who="1" step="1"/><E91/><REACH who="1" ten="240,230,240,270" step="2"/><V80/><F75/><W53/><G133/><T73/><D73/><U12/><E12/><V29/><F76/><W56/><G107/><T130/><D130/><U34/><AGARI ba="1,2" hai="2,5,9,25,30,34,49,50,51,86,87,90,95,97" machi="34" ten="30,3000,0" yaku="1,1,0,1,53,0" doraHai="129" doraHaiUra="118" who="1" fromWho="1" sc="240,-11,230,53,240,-11,270,-11" /><INIT seed="1,2,0,2,3,53" ten="229,283,229,259" oya="1" hai0="104,28,30,82,45,79,10,8,32,26,131,100,47" hai1="70,14,0,94,27,111,15,114,54,108,113,106,22" hai2="62,16,75,88,63,46,9,41,107,3,87,61,31" hai3="128,13,50,2,21,19,119,121,60,58,57,125,85"/><U6/><E106/><V133/><F107/><W25/><G121/><T74/><D131/><U38/><E70/><V93/><F75/><W69/><G2/><T123/><D123/><U127/><E38/><V76/><F133/><W67/><G128/><T89/><D30/><N who="1" m="17783" /><E94/><V116/><F116/><W7/><G119/><T130/><D130/><U112/><E54/><V78/><F31/><W110/><G110/><N who="1" m="42026" /><E127/><V23/><F9/><AGARI ba="2,0" hai="0,6,9,14,15,112,113,114" m="42026,17783" machi="9" ten="40,12000,1" yaku="14,1,10,1,34,2" doraHai="53" who="1" fromWho="2" sc="229,0,283,126,229,-126,259,0" /><INIT seed="1,3,0,4,4,85" ten="229,409,103,259" oya="1" hai0="127,48,77,81,129,33,35,39,4,6,12,10,118" hai1="116,83,100,16,57,56,32,19,70,46,79,36,67" hai2="95,94,112,40,3,5,123,131,102,21,89,128,86" hai3="23,111,30,71,7,75,91,74,50,132,78,1,9"/><U37/><E32/><V41/><F123/><W62/><G111/><T92/><D39/><U80/><E116/><V58/><F112/><W72/><G132/><T104/><D104/><U110/><E100/><V135/><F135/><W54/><G78/><T126/><D118/><U44/><E79/><V97/><F21/><W125/><G125/><N who="0" m="47627" /><D129/><N who="2" m="49738" /><F58/><W20/><G30/><T61/><D4/><U11/><E11/><AGARI ba="3,0" hai="3,5,11,40,41,86,89,94,95,97,102" m="49738" machi="11" ten="30,2000,0" yaku="19,1,52,1" doraHai="85" who="2" fromWho="1" sc="229,0,409,-29,103,29,259,0" /><INIT seed="2,0,0,4,0,119" ten="229,380,132,259" oya="2" hai0="45,102,92,115,97,66,0,33,73,56,133,87,6" hai1="9,58,13,74,105,90,46,72,117,112,26,40,19" hai2="16,114,37,134,43,36,71,91,129,55,82,111,18" hai3="122,11,99,120,108,28,98,62,118,86,107,94,116"/><V100/><F114/><W24/><G11/><T76/><D115/><U23/><E112/><V78/><F71/><W106/><G62/><T51/><D33/><U130/><E105/><N who="3" m="39946" /><G24/><T109/><D109/><U75/><E117/><N who="3" m="45162" /><G28/><T34/><D133/><U25/><E130/><V41/><F129/><W84/><G108/><T27/><D73/><U29/><E90/><V81/><F111/><W49/><G49/><T123/><D123/><N who="3" m="47145" /><G98/><T20/><D34/><U83/><E26/><V104/><F134/><W38/><G38/><T93/><D6/><U113/><E113/><V4/><F4/><W59/><G59/><T47/><D66/><U61/><E58/><V135/><F135/><W1/><G1/><T127/><D56/><U85/><E61/><V77/><F104/><W35/><G35/><T110/><D51/><U79/><E46/><V52/><REACH who="2" step="1"/><F91/><AGARI ba="0,0" hai="84,86,91,94,99" m="47145,45162,39946" machi="91" ten="40,8000,1" yaku="34,2,52,3" doraHai="119" who="3" fromWho="2" sc="229,0,380,0,132,-80,259,80" /><INIT seed="3,0,0,5,2,122" ten="229,380,52,339" oya="3" hai0="113,114,134,17,33,8,92,41,59,20,22,120,66" hai1="37,6,70,83,106,107,2,91,55,133,103,50,65" hai2="48,104,46,10,53,49,95,121,28,97,131,69,77" hai3="130,58,62,135,15,30,81,105,7,38,27,64,85"/><W108/><G105/><T68/><D92/><U57/><E37/><V16/><F131/><W61/><G38/><T56/><D120/><U40/><E40/><V75/><F121/><W14/><G130/><T125/><D41/><U4/><E133/><V88/><F69/><W101/><G135/><T79/><D79/><U128/><E128/><V76/><F104/><W63/><G101/><T9/><D134/><U5/><E2/><V45/><F75/><W71/><G108/><T1/><D68/><U51/><E103/><V96/><F28/><W24/><G24/><T124/><D66/><U115/><E115/><V129/><F129/><W72/><G72/><T54/><D54/><U123/><E123/><V52/><F97/><W98/><G98/><T67/><D67/><U44/><E70/><V0/><F0/><W126/><G126/><N who="0" m="48747" /><D59/><U112/><E112/><N who="0" m="43113" /><D56/><U3/><E3/><V74/><REACH who="2" step="1"/><F74/><REACH who="2" ten="229,380,42,339" step="2"/><W117/><G71/><T35/><D1/><U80/><E107/><V111/><F111/><W13/><G117/><T100/><D100/><U99/><E106/><V119/><F119/><W78/><REACH who="3" step="1"/><G7/><REACH who="3" ten="229,380,42,329" step="2"/><T89/><D89/><U82/><E99/><V26/><F26/><W73/><G73/><T94/><D94/><U34/><E91/><V39/><F39/><W87/><G87/><T132/><D132/><U60/><E34/><AGARI ba="0,2" hai="13,14,15,27,30,34,58,61,62,63,64,78,81,85" machi="34" ten="40,3900,0" yaku="1,1,53,1" doraHai="122" doraHaiUra="21" who="3" fromWho="1" sc="229,0,380,-39,42,0,329,59" owari="229,-17.1,341,14.1,42,-45.8,388,48.8" /></mjloggm>