<mjloggm ver="2.3"><GO type="225" lobby="0"/><UN n0="%E3%81%9F%E3%81%8B%E3%80%82" n1="%E3%81%95%E3%81%8D%E3%81%9F%E3%81%BE%E6%9E%97%E6%AA%8E" n2="%33%74%72%65%65" n3="%79%75%72%69%6D%6F%67" dan="16,16,16,16" rate="2079.92,2065.55,2110.49,2161.36" sx="M,M,F,F"/><TAIKYOKU oya="0"/><INIT seed="0,0,0,2,2,36" ten="250,250,250,250" oya="0" hai0="27,75,91,69,113,26,42,60,16,38,83,52,28" hai1="0,32,54,8,46,77,127,68,131,59,21,106,78" hai2="2,29,15,101,18,103,5,63,80,71,87,35,17" hai3="118,95,123,93,62,128,102,109,125,126,105,114,70"/><T49/><D113/><U50/><E106/><V111/><F111/><W90/><G62/><T99/><D75/><U133/><E133/><V134/><F134/><W72/><G70/><T124/><D124/><N who="3" m="47721" /><G118/><T132/><D132/><U19/><E127/><V86/><F63/><W10/><G10/><T117/><D117/><U13/><E131/><V53/><F53/><W3/><G3/><T41/><D38/><U4/><E68/><V130/><F71/><W20/><G20/><N who="0" m="13575" /><D69/><U104/><E104/><V89/><F86/><W97/><G114/><T135/><D60/><U11/><E11/><N who="2" m="2487" /><F18/><W129/><G109/><T24/><D28/><U65/><E65/><V22/><F130/><N who="3" m="50283" /><G72/><T43/><D135/><U25/><REACH who="1" step="1"/><E59/><REACH who="1" ten="250,240,250,250" step="2"/><V92/><F92/><W33/><G123/><T116/><D116/><U88/><E88/><V64/><F64/><W61/><G61/><T85/><D99/><U23/><E23/><V6/><F22/><W40/><G33/><T94/><D94/><U81/><E81/><V96/><F80/><W47/><G90/><T45/><AGARI ba="0,1" hai="24,27,41,42,43,45,49,52,83,85,91" m="13575" machi="45" ten="30,18000,2" yaku="8,1,52,3,54,2" doraHai="36" who="0" fromWho="0" sc="250,190,240,-60,250,-60,250,-60" /><INIT seed="0,1,0,1,1,77" ten="440,180,190,190" oya="0" hai0="104,131,134,11,84,98,55,66,127,114,42,129,68" hai1="43,92,44,23,118,32,49,40,82,78,95,27,69" hai2="89,39,54,132,20,45,58,91,46,14,8,33,121" hai3="107,130,17,90,50,29,83,15,97,0,100,122,101"/><T105/><D114/><U16/><E118/><V79/><F33/><W71/><G0/><T106/><D42/><U81/><E69/><V38/><F121/><W80/><G71/><T10/><D55/><U126/><E43/><V18/><F132/><W74/><G74/><T75/><D75/><U37/><E37/><V76/><F39/><W48/><G130/><N who="0" m="49675" /><D84/><U119/><E119/><V52/><F38/><W63/><G29/><T57/><D57/><U31/><E126/><V109/><F109/><W86/><G63/><N who="0" m="40031" /><D98/><U12/><REACH who="1" step="1"/><E82/><REACH who="1" ten="440,170,190,190" step="2"/><V125/><F125/><W30/><G122/><T51/><D127/><U96/><E96/><V19/><F54/><W60/><G83/><T120/><D120/><U3/><E3/><V70/><F70/><W85/><G97/><T135/><D51/><U87/><AGARI ba="1,1" hai="12,16,23,27,31,32,40,44,49,78,81,87,92,95" machi="87" ten="20,8000,1" yaku="1,1,0,1,7,1,52,1,54,1,53,0" doraHai="77" doraHaiUra="123" who="1" fromWho="1" sc="440,-41,170,93,190,-21,190,-21" /><INIT seed="1,0,0,4,1,35" ten="399,263,169,169" oya="1" hai0="89,119,23,30,32,40,60,4,127,25,22,86,62" hai1="38,72,91,111,46,74,85,109,43,11,50,57,52" hai2="16,81,87,15,27,71,18,12,67,104,100,78,55" hai3="65,105,6,123,5,49,73,79,28,31,36,51,121"/><U115/><E11/><V64/><F27/><W53/><G105/><T120/><D119/><U90/><E115/><V106/><F55/><W113/><G36/><T14/><D120/><U129/><E129/><V54/><F54/><W94/><G65/><T47/><D127/><U44/><E44/><V110/><F110/><N who="1" m="41993" /><E91/><V17/><F104/><W131/><G73/><T39/><D32/><U125/><E125/><V103/><F106/><W130/><G79/><T69/><D69/><U41/><E41/><V102/><REACH who="2" step="1"/><F71/><REACH who="2" ten="399,263,159,169" step="2"/><W134/><G53/><T13/><D25/><U108/><N who="1" m="42001" /><U83/><AGARI ba="0,1" hai="38,43,46,50,52,57,72,74,83,85,90" m="42001" machi="83" ten="40,12000,1" yaku="4,1,14,1,10,1,54,1" doraHai="35" who="1" fromWho="1" sc="399,-40,263,130,159,-40,169,-40" /><INIT seed="1,1,0,2,0,55" ten="359,393,119,129" oya="1" hai0="0,4,50,68,1,112,134,76,51,85,61,77,9" hai1="128,90,21,120,27,111,110,35,84,87,31,91,92" hai2="37,60,118,46,116,59,41,86,54,108,63,12,38" hai3="107,5,32,22,43,70,81,131,73,64,106,130,25"/><U78/><E120/><V62/><F12/><W96/><G32/><T10/><D112/><U2/><E2/><V56/><F86/><W69/><G43/><T79/><D134/><U67/><E67/><N who="2" m="39303" /><F108/><N who="1" m="41513" /><E128/><N who="3" m="49194" /><G5/><T48/><D85/><U75/><E75/><V28/><F28/><W8/><G8/><T80/><D80/><N who="1" m="49415" /><E78/><V30/><F30/><N who="3" m="17719" /><G64/><T105/><D105/><N who="3" m="39945" /><G96/><T97/><D97/><U7/><E7/><V24/><F24/><W114/><G114/><T47/><D4/><U3/><E3/><V82/><F82/><W129/><N who="3" m="49202" /><W52/><DORA hai="74" /><G52/><T124/><D1/><U17/><E17/><V117/><F63/><W14/><G14/><T16/><D61/><U11/><E11/><V42/><F42/><W19/><G19/><T121/><D16/><U126/><E126/><V123/><F123/><W95/><G95/><T125/><D0/><U99/><E99/><V109/><F109/><W58/><G58/><T34/><D121/><U132/><E132/><V102/><F102/><W20/><G20/><AGARI ba="1,0" hai="20,21,27,31,35,87,91,92" m="49415,41513" machi="20" ten="30,2900,0" yaku="14,1,10,1" doraHai="55,74" who="1" fromWho="3" sc="359,0,393,32,119,0,129,-32" /><INIT seed="1,2,0,1,4,9" ten="359,425,119,97" oya="1" hai0="40,70,58,15,81,127,47,27,112,24,76,23,0" hai1="99,84,122,134,73,103,53,124,1,30,32,10,43" hai2="135,22,86,108,107,106,129,54,42,44,2,52,131" hai3="4,37,133,104,14,118,79,13,115,100,11,125,119"/><U72/><E122/><V46/><F2/><W68/><G37/><T61/><D0/><U34/><E53/><N who="2" m="20587" /><F42/><W85/><G68/><T57/><D70/><U38/><E84/><V96/><F86/><W55/><G115/><T88/><D112/><U89/><E89/><V16/><F108/><W110/><G110/><T101/><D101/><U18/><E134/><V95/><F135/><W74/><G74/><T71/><D71/><U62/><E124/><V93/><F96/><W39/><G39/><T50/><D127/><U80/><E62/><V126/><F126/><W83/><G133/><T132/><D132/><U56/><E56/><N who="0" m="21609" /><D76/><U7/><E72/><V120/><F120/><W114/><G114/><T111/><D111/><U25/><E18/><V29/><F29/><W31/><G31/><T113/><D61/><U45/><E99/><V117/><F117/><N who="3" m="44555" /><G55/><T94/><D81/><U26/><E103/><V19/><F46/><W8/><G125/><T20/><D113/><U64/><E64/><V82/><F44/><W109/><G109/><T116/><D116/><U63/><E63/><V3/><F82/><W21/><G21/><T90/><D23/><U97/><E97/><V65/><F65/><W102/><G104/><N who="2" m="39977" /><F22/><W5/><AGARI ba="2,0" hai="4,5,8,11,13,14,79,83,85,100,102" m="44555" machi="5" ten="30,4000,0" yaku="12,1,52,2" doraHai="9" who="3" fromWho="3" sc="359,-12,425,-22,119,-12,97,46" /><INIT seed="2,0,0,5,4,34" ten="347,403,107,143" oya="2" hai0="113,107,12,30,59,13,2,61,121,81,60,119,78" hai1="134,52,1,114,11,43,71,96,45,4,86,108,99" hai2="49,41,112,101,92,8,123,135,67,126,24,104,87" hai3="36,48,70,100,51,0,102,56,63,91,124,84,111"/><V53/><F112/><W98/><G111/><T23/><D2/><U42/><E108/><V26/><F123/><W73/><G73/><T116/><D121/><U54/><E71/><V66/><F135/><W74/><G74/><T40/><D113/><U129/><E114/><V65/><F126/><W85/><G36/><T90/><D107/><U27/><E134/><V97/><F41/><W75/><G70/><T83/><D90/><U38/><E43/><V69/><F69/><W117/><G75/><T44/><D30/><U109/><E109/><V9/><F104/><W19/><G0/><T57/><D23/><U58/><E129/><V28/><F87/><W20/><G117/><T77/><D44/><U7/><E7/><V120/><F120/><W10/><G10/><T89/><D89/><U5/><E5/><V125/><F125/><W14/><G102/><T95/><D95/><U118/><E118/><V47/><REACH who="2" step="1"/><F24/><REACH who="2" ten="347,403,97,143" step="2"/><W22/><G85/><T80/><D40/><U50/><E27/><V106/><F106/><W31/><G124/><T115/><D119/><U105/><E105/><V128/><F128/><W132/><G132/><T94/><D116/><U72/><E72/><V55/><F55/><W15/><G84/><T17/><D115/><U133/><E133/><V103/><F103/><W29/><G100/><T93/><D81/><U82/><E54/><V39/><F39/><W64/><G64/><T127/><D127/><U6/><E86/><V88/><F88/><W79/><G91/><T32/><D32/><AGARI ba="0,1" hai="8,9,26,28,32,47,49,53,65,66,67,92,97,101" machi="32" ten="40,3900,0" yaku="1,1,53,1" doraHai="34" doraHaiUra="25" who="2" fromWho="0" sc="347,-39,403,0,97,49,143,0" /><INIT seed="2,1,0,2,4,108" ten="308,403,146,143" oya="2" hai0="78,68,101,15,117,118,98,116,115,39,25,5,109" hai1="55,87,19,100,7,59,50,40,92,71,128,49,75" hai2="105,57,129,86,130,95,8,53,23,11,34,114,102" hai3="96,113,21,85,122,48,37,64,127,82,46,52,131"/><V3/><F34/><W44/><G122/><T60/><D39/><U99/><E75/><V67/><F67/><W93/><G127/><T2/><D109/><U69/><E128/><N who="2" m="49259" /><F3/><W14/><G131/><T33/><D78/><U88/><E7/><V104/><F23/><W13/><G64/><N who="0" m="40967" /><D15/><U17/><E69/><V24/><F24/><W43/><G113/><T106/><D115/><U119/><E71/><V27/><F27/><W20/><G14/><T56/><D56/><U18/><E119/><N who="0" m="30465" /><T32/><DORA hai="135" /><D25/><U62/><REACH who="1" step="1"/><E40/><REACH who="1" ten="308,393,146,143" step="2"/><V47/><F114/><W72/><G72/><T124/><D124/><U0/><E0/><V28/><F28/><W45/><G13/><T81/><D81/><AGARI ba="1,1" hai="17,18,19,49,50,55,59,62,81,87,88,92,99,100" machi="81" ten="40,8000,1" yaku="1,1,8,1,54,1,53,1" doraHai="108,135" doraHaiUra="120,90" who="1" fromWho="0" sc="308,-83,393,93,146,0,143,0" /><INIT seed="3,0,0,3,3,133" ten="225,486,146,143" oya="3" hai0="49,65,25,94,99,117,32,113,116,124,68,56,35" hai1="26,135,129,55,16,112,8,21,120,74,114,115,111" hai2="44,5,86,128,2,126,67,37,0,9,83,57,73" hai3="23,61,82,77,10,20,15,66,70,119,100,89,80"/><W110/><G119/><T118/><D68/><U108/><E74/><V42/><F128/><W7/><G110/><N who="1" m="42026" /><E120/><V72/><F0/><W104/><G89/><T122/><D122/><U131/><E135/><V48/><F126/><W71/><G71/><T123/><D123/><U50/><E8/><V17/><F17/><W3/><G82/><T75/><D75/><U19/><E19/><V78/><F67/><W102/><G3/><T13/><D13/><U52/><E55/><V106/><F73/><W14/><G14/><T33/><D113/><U101/><E101/><V58/><F72/><W107/><G102/><T43/><D25/><U47/><AGARI ba="0,0" hai="16,21,26,47,50,52,112,114,115,129,131" m="42026" machi="47" ten="40,5200,0" yaku="14,1,54,2" doraHai="133" who="1" fromWho="1" sc="225,-13,486,52,146,-13,143,-26" owari="212,1.2,538,63.8,133,-26.7,117,-38.3" /></mjloggm>