<mjloggm ver="2.3"><GO type="225" lobby="0"/><UN n0="%E3%81%8B%E3%82%8F%E3%81%A1%E3%82%83%E3%82%93%35%38" n1="%E3%81%99%E3%81%84%E3%81%BE%E3%81%9B%E3%83%BC%E3%82%93" n2="%48%61%61%61%6C%61%6E%64" n3="%E6%A1%9C%E8%8A%B1%E9%96%83%E3%80%85" dan="16,18,18,16" rate="2165.33,2177.43,2214.10,2179.77" sx="M,M,M,M"/><TAIKYOKU oya="0"/><INIT seed="0,0,0,4,1,96" ten="250,250,250,250" oya="0" hai0="32,4,79,102,71,106,107,5,115,34,56,27,12" hai1="66,18,55,85,30,44,101,6,116,29,129,67,98" hai2="133,42,124,38,62,91,135,117,104,127,83,61,20" hai3="94,57,72,128,52,39,16,19,121,74,13,80,65"/><T31/><D115/><U41/><E116/><V125/><F117/><W92/><G39/><T109/><D109/><U54/><E129/><V37/><F104/><W40/><G128/><T112/><D112/><U45/><E6/><V28/><F28/><W70/><G40/><T22/><D71/><U7/><E7/><V0/><F0/><W105/><G105/><T33/><D79/><U1/><E1/><V15/><F91/><W69/><G65/><T59/><D106/><U84/><E18/><N who="2" m="10335" /><F83/><W17/><G13/><T97/><REACH who="0" step="1"/><D4/><REACH who="0" ten="240,250,250,250" step="2"/><U53/><E41/><V100/><F42/><W25/><G70/><T68/><D68/><U126/><E126/><V114/><F114/><W132/><G69/><T119/><D119/><U78/><E78/><V130/><F130/><W51/><G121/><T47/><D47/><U131/><E131/><V14/><F125/><W8/><G8/><AGARI ba="0,1" hai="5,8,12,22,27,31,32,33,34,56,59,97,102,107" machi="8" ten="40,3900,0" yaku="1,1,52,1,53,0" doraHai="96" doraHaiUra="90" who="0" fromWho="3" sc="240,49,250,0,250,0,250,-39" /><INIT seed="0,1,0,2,0,8" ten="289,250,250,211" oya="0" hai0="70,110,35,83,34,30,133,100,60,1,128,106,85" hai1="12,126,108,132,109,69,124,67,15,54,111,20,102" hai2="42,123,14,32,86,26,21,76,80,19,49,50,17" hai3="91,93,27,71,37,63,64,105,135,90,43,84,11"/><T81/><D1/><U24/><E132/><V47/><F123/><W115/><G115/><T107/><D30/><U95/><E54/><V75/><F32/><N who="0" m="12330" /><D100/><U82/><E82/><V130/><F130/><W0/><G135/><T89/><D60/><N who="1" m="40167" /><E95/><V96/><F96/><W114/><G114/><T129/><D133/><U131/><E102/><V104/><F104/><N who="0" m="39978" /><D83/><U97/><E97/><V87/><REACH who="2" step="1"/><F50/><REACH who="2" ten="289,250,240,211" step="2"/><W23/><G105/><T56/><D128/><U62/><E131/><V53/><F53/><W10/><G0/><T101/><D129/><U113/><E113/><V39/><F39/><W122/><G122/><T5/><D101/><U29/><E62/><V77/><F77/><W48/><G37/><T78/><D78/><U119/><E119/><V3/><F3/><W36/><G36/><T118/><D118/><U22/><E109/><V74/><F74/><W99/><G48/><T112/><D110/><U121/><E121/><V68/><F68/><W41/><G41/><T2/><D70/><U45/><E111/><V72/><F72/><W134/><G43/><T65/><D112/><U66/><E108/><V40/><F40/><W31/><G134/><T51/><D2/><U13/><E66/><V58/><F58/><W73/><G73/><T6/><D65/><U92/><E45/><V98/><F98/><W103/><G103/><T79/><D79/><U16/><E92/><AGARI ba="1,1" hai="10,11,23,27,31,63,64,71,84,90,91,92,93,99" machi="92" ten="30,1000,0" yaku="7,1" doraHai="8" who="3" fromWho="1" sc="289,0,250,-13,240,0,211,23" /><INIT seed="1,0,0,3,0,84" ten="289,237,240,234" oya="1" hai0="96,2,12,15,40,104,41,33,60,67,87,124,72" hai1="100,65,102,7,93,14,119,128,64,99,13,121,22" hai2="132,106,21,105,109,0,108,115,11,30,31,129,70" hai3="80,34,131,35,29,107,130,3,55,39,51,71,82"/><U9/><E119/><V44/><F70/><W97/><G39/><T52/><D2/><U26/><E121/><V47/><F21/><W92/><G107/><N who="2" m="40969" /><F129/><N who="3" m="49163" /><G71/><T123/><D72/><U75/><E75/><V91/><F132/><W110/><G110/><N who="2" m="42601" /><F115/><W95/><G95/><T17/><D33/><N who="3" m="12297" /><G3/><T42/><D123/><U6/><E128/><V113/><F113/><W78/><G78/><T38/><D38/><U88/><E14/><V57/><F57/><N who="3" m="33023" /><G29/><N who="2" m="10761" /><F91/><AGARI ba="0,0" hai="80,82,91,92,97" m="33023,12297,49163" machi="91" ten="30,2000,0" yaku="19,1,52,1" doraHai="84" who="3" fromWho="2" sc="289,0,237,0,240,-20,234,20" /><INIT seed="2,0,0,3,2,38" ten="289,237,220,254" oya="2" hai0="77,131,107,1,57,87,44,32,14,26,67,13,82" hai1="115,83,45,74,84,46,113,64,41,58,73,34,90" hai2="129,3,69,66,120,95,101,0,133,47,79,123,118" hai3="99,97,30,88,119,110,80,104,43,23,111,2,61"/><V100/><F118/><W92/><G119/><T54/><D1/><U31/><E31/><V49/><F129/><W109/><G2/><T12/><D107/><U108/><E34/><V55/><F133/><W25/><G80/><T127/><D131/><U94/><E108/><V62/><F0/><W37/><G61/><T93/><D127/><U42/><E64/><V33/><F33/><W18/><G30/><T35/><D35/><U50/><E58/><V114/><F114/><W22/><G22/><T6/><D32/><U27/><E27/><V105/><F105/><W5/><G5/><T36/><D26/><U29/><E29/><V98/><F101/><N who="3" m="62527" /><G37/><T122/><D122/><U128/><E128/><V4/><REACH who="2" step="1"/><F79/><REACH who="2" ten="289,237,210,254" step="2"/><W20/><G20/><T17/><D77/><U85/><E115/><V96/><F96/><W125/><G125/><T112/><D112/><U28/><E113/><V102/><F102/><W8/><G8/><AGARI ba="0,1" hai="3,4,8,47,49,55,62,66,69,95,98,100,120,123" machi="8" ten="40,2000,0" yaku="1,1,53,0" doraHai="38" doraHaiUra="72" who="2" fromWho="3" sc="289,0,237,0,210,30,254,-20" /><INIT seed="2,1,0,3,0,110" ten="289,237,240,234" oya="2" hai0="66,111,106,107,3,90,52,101,9,88,23,38,44" hai1="12,54,20,122,77,49,5,46,112,15,108,76,18" hai2="62,37,34,1,120,8,86,40,59,17,33,102,89" hai3="80,51,64,0,94,58,14,21,104,131,57,78,29"/><V93/><F120/><W128/><G104/><T13/><D3/><U135/><E108/><V132/><F132/><W25/><G0/><T74/><D74/><U109/><E109/><V73/><F73/><W67/><G94/><T130/><D111/><U95/><E135/><V35/><F102/><W114/><G14/><T50/><D38/><U27/><E112/><V56/><F17/><W118/><G118/><T55/><D66/><N who="3" m="25129" /><G51/><T68/><D68/><U124/><E124/><V69/><F69/><W79/><G114/><T11/><D106/><U129/><E129/><N who="3" m="49738" /><G79/><N who="1" m="30282" /><E122/><V43/><F37/><W91/><G91/><N who="0" m="34859" /><D107/><U45/><E95/><V10/><F1/><W99/><G99/><T72/><D72/><AGARI ba="1,0" hai="21,25,29,57,58,72,78,80" m="49738,25129" machi="72" ten="30,1000,0" yaku="19,1" doraHai="110" who="3" fromWho="0" sc="289,-13,237,0,240,0,234,13" /><INIT seed="3,0,0,4,0,15" ten="276,237,240,247" oya="3" hai0="46,49,135,79,36,97,28,34,22,75,107,72,123" hai1="127,41,118,119,58,69,100,88,125,70,93,86,25" hai2="108,1,11,121,112,42,132,5,103,111,54,120,95" hai3="90,21,13,62,133,87,77,83,96,51,128,99,50"/><W2/><G133/><T67/><D36/><U19/><E41/><V80/><F112/><W37/><G128/><T101/><D34/><U64/><E100/><V74/><F132/><W105/><G2/><T26/><D123/><N who="2" m="47178" /><F42/><W48/><G37/><T104/><D135/><U32/><E58/><V117/><F117/><N who="1" m="44553" /><E64/><V17/><F54/><W18/><G105/><T53/><D79/><U109/><E109/><V31/><F31/><W124/><G124/><N who="1" m="47690" /><E32/><V82/><F111/><W66/><REACH who="3" step="1"/><G77/><REACH who="3" ten="276,237,240,237" step="2"/><T6/><D104/><U60/><E60/><V122/><F122/><W30/><G30/><T78/><D78/><U129/><E129/><V40/><F108/><W56/><AGARI ba="0,1" hai="13,18,21,48,50,51,56,62,66,83,87,90,96,99" machi="56" ten="30,11700,0" yaku="1,1,0,1,8,1,52,1,53,0" doraHai="15" doraHaiUra="134" who="3" fromWho="3" sc="276,-39,237,-39,240,-39,237,127" owari="237,3.7,198,-30.2,201,-19.9,364,46.4" /></mjloggm>