<mjloggm ver="2.3"><GO type="225" lobby="0"/><UN n0="%E6%97%A5%E6%9B%9C%E6%97%A5%E3%82%88%E3%82%8A%E3%81%AE%E4%BD%BF%E8%80%85" n1="%E5%84%AA%40%41%42%43" n2="%E6%A1%9C%E8%8A%B1%E9%96%83%E3%80%85" n3="%E8%81%B7%E6%A5%AD%E3%80%81%E9%A2%A8%32" dan="17,17,18,16" rate="2168.51,2255.35,2280.33,2113.08" sx="M,M,M,M"/><TAIKYOKU oya="0"/><INIT seed="0,0,0,4,3,13" ten="250,250,250,250" oya="0" hai0="10,25,86,30,87,12,59,82,113,99,115,38,83" hai1="101,109,77,123,118,44,96,58,28,48,50,121,120" hai2="98,36,105,15,26,130,91,8,23,116,51,45,74" hai3="75,20,68,21,67,78,107,16,65,14,49,55,5"/><T81/><D38/><U57/><E118/><V127/><F116/><W41/><G107/><T73/><D73/><U19/><E28/><V128/><F36/><W126/><G126/><T129/><D129/><N who="2" m="49770" /><F74/><W104/><G104/><T117/><D117/><U53/><E77/><V97/><F91/><W92/><G41/><T90/><D59/><U106/><E109/><V62/><F62/><W56/><G68/><T114/><D99/><U85/><E85/><V1/><F1/><W17/><G5/><T54/><D54/><U22/><REACH who="1" step="1"/><E50/><REACH who="1" ten="250,240,250,250" step="2"/><V40/><F127/><W7/><G7/><T43/><D87/><U79/><E79/><V124/><F124/><W64/><G75/><T70/><D115/><U84/><E84/><V103/><F105/><W34/><G34/><T71/><D114/><U61/><E61/><V33/><F33/><W47/><G78/><T6/><D113/><U80/><E80/><V94/><F94/><W31/><G31/><T102/><D82/><U66/><E66/><V131/><F131/><W29/><G29/><T46/><D83/><U119/><E119/><V112/><F112/><W134/><G92/><T18/><D30/><U100/><E100/><V63/><F103/><W110/><G110/><T4/><D102/><U122/><N who="1" m="30720" /><DORA hai="108" /><U111/><E111/><V2/><F63/><N who="3" m="37991" /><G134/><T3/><D81/><U37/><E37/><V95/><F95/><W125/><G125/><T0/><D86/><U11/><E11/><V135/><F135/><W69/><G69/><T72/><D71/><U76/><E76/><V39/><F39/><W89/><G89/><RYUUKYOKU ba="0,1" sc="250,-15,240,15,250,-15,250,15" hai1="19,22,44,48,53,57,58,96,101,106" hai3="14,16,17,20,21,47,49,55,65,67" /><INIT seed="1,1,1,4,0,130" ten="235,255,235,265" oya="1" hai0="61,85,0,65,3,120,118,17,13,66,27,102,106" hai1="88,104,35,37,30,115,7,22,39,70,93,24,128" hai2="58,14,95,48,77,81,59,1,89,28,18,112,90" hai3="68,117,54,100,111,129,131,45,64,32,75,60,80"/><U19/><E115/><V76/><F1/><W122/><G32/><T55/><D118/><U2/><E104/><V23/><F112/><W4/><G117/><T40/><D120/><U26/><E70/><V116/><F116/><W9/><G111/><T52/><D106/><U41/><E128/><N who="3" m="49226" /><G122/><T87/><D0/><U121/><E121/><V92/><F28/><W8/><G100/><T101/><D3/><U132/><E132/><V31/><F31/><W74/><G80/><T62/><D40/><U6/><E41/><V63/><F48/><N who="3" m="28943" /><G9/><T49/><D27/><U50/><E50/><V110/><F81/><W33/><G33/><T97/><D97/><U51/><E51/><V114/><F110/><W82/><G82/><T56/><D101/><U123/><E123/><V108/><F108/><W71/><G68/><T84/><D102/><U21/><E35/><V5/><F5/><W36/><G36/><T69/><REACH who="0" step="1"/><D49/><REACH who="0" ten="225,255,235,265" step="2"/><U91/><E2/><AGARI ba="1,2" hai="2,4,8,60,64,71,74,75" m="28943,49226" machi="2" ten="30,1000,0" yaku="19,1" doraHai="130" who="3" fromWho="1" sc="225,0,255,-13,235,0,265,33" /><INIT seed="2,0,0,2,0,3" ten="225,242,235,298" oya="2" hai0="60,70,121,62,127,100,125,93,101,26,92,1,17" hai1="90,84,41,105,30,50,12,78,131,89,124,73,29" hai2="39,129,18,80,42,103,110,114,88,35,63,13,27" hai3="99,83,119,106,107,33,118,98,111,135,55,82,53"/><V104/><F114/><W68/><G33/><T65/><D1/><U102/><E131/><V48/><F39/><W11/><G68/><T20/><D121/><U117/><E117/><V15/><F129/><W28/><G28/><T122/><D122/><U38/><E38/><V128/><F128/><W74/><G111/><T61/><D93/><N who="1" m="54439" /><E90/><V86/><F110/><W133/><REACH who="3" step="1"/><G11/><REACH who="3" ten="225,242,235,288" step="2"/><T57/><D70/><U6/><E30/><V46/><F35/><W8/><G8/><T21/><D127/><U69/><E29/><V71/><F71/><W72/><AGARI ba="0,1" hai="53,55,72,74,82,83,98,99,106,107,118,119,133,135" machi="72" ten="25,12000,2" yaku="1,1,0,1,22,2,53,2" doraHai="3" doraHaiUra="95" who="3" fromWho="3" sc="225,-30,242,-30,235,-60,288,130" /><INIT seed="3,0,0,3,2,66" ten="195,212,175,418" oya="3" hai0="0,59,21,10,34,32,115,91,45,56,89,73,85" hai1="38,42,33,109,93,63,28,1,46,87,119,7,35" hai2="48,88,30,67,43,82,124,96,100,25,41,122,58" hai3="24,52,18,11,16,94,126,104,50,55,57,101,61"/><W80/><G126/><T71/><D71/><U13/><E1/><V75/><F124/><W4/><G104/><T127/><D73/><U123/><E123/><V14/><F122/><W112/><G80/><N who="0" m="49319" /><D34/><U76/><E109/><V129/><F129/><W9/><G94/><T134/><D32/><U65/><E28/><V118/><F118/><W99/><G101/><T47/><D127/><U90/><E76/><V83/><F14/><W132/><G99/><T37/><D37/><U72/><E72/><V23/><F75/><W54/><G4/><T120/><D120/><U133/><E133/><V103/><F83/><W17/><G24/><T70/><D70/><U60/><E60/><N who="2" m="38295" /><F82/><W31/><G31/><T108/><D134/><U92/><E92/><N who="2" m="56327" /><F43/><W64/><G112/><T5/><D108/><U77/><E77/><V131/><F131/><W98/><G98/><T2/><D2/><U51/><E38/><V29/><F30/><W111/><G132/><T86/><D115/><U102/><E119/><V106/><F106/><W117/><G117/><T74/><D74/><U78/><E78/><V53/><F41/><W26/><G26/><T39/><D21/><U68/><E35/><V49/><F49/><W116/><G116/><T36/><D36/><U110/><E33/><V19/><F29/><W3/><G3/><T6/><D6/><U128/><E128/><V121/><F121/><W27/><G27/><T79/><D79/><U62/><E110/><V125/><F125/><W40/><G111/><T113/><D113/><U105/><E105/><V81/><F81/><W95/><G95/><RYUUKYOKU ba="0,0" sc="195,-15,212,-15,175,15,418,15" hai2="19,23,25,48,53,100,103" hai3="9,11,16,17,18,40,50,52,54,55,57,61,64" owari="180,-32.0,197,-0.3,190,-21.0,433,53.3" /></mjloggm>