<mjloggm ver="2.3"><GO type="225" lobby="0"/><UN n0="%33%74%72%65%65" n1="%E3%81%A9%E3%82%8F%E3%82%93%E3%81%94" n2="%43%68%65" n3="%E3%81%A1%E3%82%85%E3%81%86%E3%81%A9%E3%81%8F%E8%B1%A1%E3%81%95%E3%82%93" dan="17,16,16,17" rate="2147.63,2183.29,2145.53,2199.01" sx="F,M,M,M"/><TAIKYOKU oya="0"/><INIT seed="0,0,0,1,2,69" ten="250,250,250,250" oya="0" hai0="17,20,100,62,8,56,101,81,97,87,95,106,28" hai1="76,88,40,45,27,35,112,67,61,41,128,54,59" hai2="90,70,25,65,39,4,119,60,0,53,5,63,16" hai3="3,78,49,51,23,71,85,89,14,19,50,108,36"/><T11/><D28/><U120/><E128/><V10/><F119/><W96/><G71/><T116/><D116/><U113/><E120/><V2/><F39/><W7/><G108/><T91/><D101/><U115/><E76/><V37/><F37/><W79/><G96/><T118/><D106/><U83/><E35/><V102/><F102/><W125/><G125/><T110/><D110/><U18/><E18/><V64/><F53/><W94/><REACH who="3" step="1"/><G36/><REACH who="3" ten="250,250,250,240" step="2"/><T31/><D118/><U126/><E126/><V134/><F134/><W131/><G131/><T22/><D31/><U26/><E115/><V84/><F70/><W98/><G98/><T47/><D47/><U1/><E113/><V74/><F2/><W9/><AGARI ba="0,1" hai="3,7,9,14,19,23,49,50,51,78,79,85,89,94" machi="9" ten="30,4000,0" yaku="1,1,0,1,53,1" doraHai="69" doraHaiUra="80" who="3" fromWho="3" sc="250,-20,250,-10,250,-10,240,50" /><INIT seed="1,0,0,5,4,80" ten="230,240,240,290" oya="1" hai0="121,76,9,34,15,41,117,5,125,87,67,77,3" hai1="64,118,6,53,71,134,135,95,33,14,82,73,31" hai2="18,17,111,48,127,46,84,0,54,1,35,90,8" hai3="91,29,128,106,44,38,104,50,58,123,108,102,4"/><U56/><E118/><V39/><F111/><W7/><G123/><T119/><D121/><U23/><E33/><V113/><F35/><W116/><G38/><T21/><D125/><U103/><E71/><V66/><F127/><W124/><G124/><T99/><D34/><U45/><E45/><V130/><F130/><W101/><G29/><T49/><D67/><U96/><E73/><V43/><F66/><W75/><G75/><T78/><D99/><U27/><E82/><V88/><F90/><W40/><G116/><T94/><D3/><U24/><E24/><V98/><F98/><W59/><G128/><T55/><D41/><U47/><E47/><V26/><F113/><W93/><G108/><T12/><D12/><U97/><E97/><V107/><F107/><W57/><G106/><T13/><D13/><U20/><E53/><V132/><F132/><W126/><G126/><T122/><D21/><U133/><E23/><V25/><F25/><W52/><G40/><T22/><D22/><U70/><E70/><V89/><F89/><W28/><G28/><T129/><D129/><U65/><REACH who="1" step="1"/><E56/><REACH who="1" ten="230,230,240,290" step="2"/><N who="2" m="32839" /><F26/><W42/><G42/><T60/><D122/><U74/><E74/><V19/><F43/><W32/><G32/><T37/><D37/><U86/><E86/><V30/><F46/><W131/><G131/><T92/><D87/><U81/><E81/><V63/><F39/><W36/><G36/><T68/><D117/><U10/><AGARI ba="0,1" hai="6,10,14,20,27,31,64,65,95,96,103,133,134,135" machi="10" ten="40,7800,0" yaku="1,1,0,1,20,1,53,0" doraHai="80" doraHaiUra="120" who="1" fromWho="1" sc="230,-26,230,88,240,-26,290,-26" /><INIT seed="1,1,0,0,3,8" ten="204,318,214,264" oya="1" hai0="44,70,29,9,95,104,135,96,128,80,133,98,63" hai1="10,116,7,15,54,69,14,114,99,74,111,28,55" hai2="60,19,4,6,64,117,132,119,120,84,122,124,2" hai3="94,72,101,67,53,22,106,129,83,45,109,79,34"/><U13/><E116/><V52/><F124/><W12/><G34/><T32/><D128/><U20/><E114/><V91/><F132/><N who="0" m="50762" /><D104/><U126/><E74/><V36/><F36/><W31/><G129/><T47/><D80/><U48/><E69/><V90/><F84/><W16/><G109/><T100/><D96/><U58/><E126/><V78/><F19/><W115/><G115/><T130/><D130/><U30/><E111/><V46/><F46/><W49/><G67/><N who="0" m="41343" /><D9/><U121/><E121/><V88/><F78/><W134/><G134/><T27/><AGARI ba="1,0" hai="27,29,32,44,47,95,98,100" m="41343,50762" machi="27" ten="30,1100,0" yaku="20,1" doraHai="8" who="0" fromWho="0" sc="204,14,318,-6,214,-4,264,-4" /><INIT seed="2,0,0,2,4,128" ten="218,312,210,260" oya="2" hai0="133,8,110,106,96,32,33,87,9,86,17,115,81" hai1="93,103,78,23,64,45,42,73,53,1,130,92,108" hai2="38,94,66,35,46,10,69,107,11,39,20,131,5" hai3="30,118,54,97,4,98,22,74,13,40,132,59,27"/><V119/><F119/><W24/><G118/><T3/><D115/><U85/><E1/><V90/><F107/><W114/><G74/><T99/><D106/><U25/><E73/><V71/><F35/><W0/><G114/><T109/><D3/><U123/><E130/><V104/><F104/><W48/><G0/><T21/><D21/><U134/><E64/><V26/><F131/><W31/><G40/><T120/><D81/><U102/><E53/><V15/><F11/><W88/><G132/><T75/><D75/><U122/><E134/><V36/><F46/><W112/><G112/><T135/><REACH who="0" step="1"/><D17/><REACH who="0" ten="208,312,210,260" step="2"/><U79/><E23/><V18/><REACH who="2" step="1"/><F66/><REACH who="2" ten="208,312,200,260" step="2"/><W126/><G22/><T68/><D68/><U113/><E113/><V2/><F2/><W76/><G30/><T16/><D16/><U28/><E28/><V77/><F77/><W37/><G76/><T6/><D6/><U111/><E79/><V34/><F34/><W61/><G4/><T29/><D29/><U14/><E78/><V105/><F105/><W121/><G31/><T65/><D65/><U83/><E123/><AGARI ba="0,2" hai="8,9,32,33,86,87,96,99,109,110,120,123,133,135" machi="123" ten="25,12000,2" yaku="1,1,22,2,52,2,53,2" doraHai="128" doraHaiUra="116" who="0" fromWho="1" sc="208,140,312,-120,200,0,260,0" /><INIT seed="3,0,0,3,5,26" ten="348,192,200,260" oya="3" hai0="97,58,104,114,101,96,59,71,117,35,20,61,29" hai1="132,88,127,51,85,121,124,69,115,98,74,89,17" hai2="5,113,52,30,108,31,75,55,65,56,14,28,106" hai3="125,63,37,118,82,123,68,93,131,24,6,90,70"/><W32/><G123/><T21/><D117/><U109/><E121/><V12/><F113/><W129/><G118/><T78/><D78/><U94/><E115/><V119/><F119/><W8/><G37/><T105/><D114/><U33/><E69/><V120/><F120/><W41/><G82/><T72/><D72/><U10/><E74/><V100/><F75/><W44/><G125/><N who="1" m="48202" /><E109/><V1/><F108/><W43/><G63/><T60/><D60/><U39/><E39/><V4/><F65/><W76/><G76/><T103/><D59/><U67/><E67/><V27/><F27/><W23/><G32/><T77/><D77/><U48/><E33/><V7/><F1/><W102/><G102/><T81/><D81/><N who="1" m="49199" /><E132/><V42/><F42/><W130/><G43/><T135/><D135/><U18/><E18/><V122/><F122/><W92/><G41/><T11/><D11/><U62/><E62/><V116/><F116/><W107/><G107/><T66/><D71/><N who="3" m="27177" /><G44/><T84/><D84/><U13/><AGARI ba="0,0" hai="10,13,17,48,51,89,94,98" m="49199,48202" machi="13" ten="30,2000,0" yaku="18,1,54,1" doraHai="26" who="1" fromWho="1" sc="348,-5,192,20,200,-5,260,-10" owari="343,44.3,212,-18.8,195,-30.5,250,5.0" /></mjloggm>