<mjloggm ver="2.3"><GO type="225" lobby="0"/><UN n0="%E3%83%94%E3%83%B3%E3%82%B5%E3%83%AD%E5%BA%97%E5%93%A1" n1="%E5%BA%97%E9%95%B7%4D" n2="%6D%75%75%73%61%6E%6D%75" n3="%E4%B8%89%E5%88%86%E5%B0%8F%E5%83%A7" dan="16,16,17,16" rate="2125.18,2098.80,2153.84,2094.85" sx="M,M,F,M"/><TAIKYOKU oya="0"/><INIT seed="0,0,0,3,5,12" ten="250,250,250,250" oya="0" hai0="93,114,97,108,95,113,116,45,66,64,67,123,61" hai1="105,135,76,109,110,59,5,69,50,18,23,31,84" hai2="53,80,56,128,119,89,58,41,112,36,6,34,44" hai3="16,35,73,57,92,60,96,72,32,75,124,27,74"/><T17/><D116/><U10/><E105/><V101/><F119/><W46/><G124/><T102/><D123/><U126/><E69/><V11/><F34/><W130/><G130/><T121/><D121/><U127/><E31/><V13/><F128/><W120/><G120/><T48/><D108/><N who="1" m="41579" /><E76/><V133/><F133/><W3/><G3/><T131/><D131/><U9/><E84/><V22/><F112/><W28/><G46/><T37/><D37/><U70/><E70/><V125/><F125/><N who="1" m="47625" /><E135/><V88/><F80/><W62/><N who="3" m="18432" /><DORA hai="118" /><W54/><G35/><T91/><D114/><U30/><E30/><V65/><F101/><W1/><G1/><T111/><D111/><U104/><E104/><V33/><F33/><W134/><G134/><T49/><D113/><U38/><E38/><V43/><F43/><W78/><G78/><T100/><D95/><U55/><E5/><V0/><F0/><W117/><G117/><T99/><D99/><U24/><AGARI ba="0,0" hai="9,10,18,23,24,50,55,59" m="47625,41579" machi="24" ten="30,4000,0" yaku="14,1,18,1,52,1" doraHai="12,118" who="1" fromWho="1" sc="250,-20,250,40,250,-10,250,-10" /><INIT seed="1,0,0,1,2,107" ten="230,290,240,240" oya="1" hai0="38,86,8,123,92,25,41,34,106,88,67,53,120" hai1="6,0,33,68,135,39,77,32,78,19,130,55,26" hai2="121,131,98,10,4,91,95,82,118,89,115,27,93" hai3="109,70,72,17,46,57,36,101,20,18,44,76,116"/><U97/><E39/><V58/><F118/><W42/><G70/><T125/><D106/><U40/><E40/><V2/><F121/><N who="0" m="46666" /><D125/><U1/><E68/><V24/><F131/><W85/><G109/><T111/><D111/><U73/><E130/><V124/><F124/><W87/><G116/><T23/><D34/><U71/><E71/><V112/><F58/><W35/><G35/><T119/><D119/><U29/><E33/><V90/><F82/><W99/><G46/><N who="0" m="23863" /><D67/><U132/><E97/><V5/><F5/><W81/><G57/><T37/><D37/><U133/><E55/><V11/><F11/><W75/><G87/><T54/><D8/><N who="1" m="2119" /><E1/><V84/><REACH who="2" step="1"/><F91/><REACH who="2" ten="230,290,230,240" step="2"/><W129/><G129/><T96/><D96/><U104/><E104/><V103/><F103/><W63/><G63/><T128/><D128/><U80/><E78/><V108/><F108/><W13/><REACH who="3" step="1"/><G18/><AGARI ba="0,1" hai="18,23,25,53,54,86,88,92" m="23863,46666" machi="18" ten="30,2000,0" yaku="13,1,54,1" doraHai="107" who="0" fromWho="3" sc="230,30,290,0,230,0,240,-20" /><AGARI ba="0,0" hai="18,19,26,29,32,73,77,80,132,133,135" m="2119" machi="18" ten="30,2900,0" yaku="20,1,52,1" doraHai="107" who="1" fromWho="3" sc="260,0,290,29,230,0,220,-29" /><INIT seed="1,1,0,3,1,120" ten="260,319,230,191" oya="1" hai0="41,53,67,71,17,98,50,8,86,48,65,83,130" hai1="60,112,93,32,35,22,88,29,28,63,61,57,77" hai2="72,100,31,80,118,16,96,18,64,39,106,3,116" hai3="66,105,129,135,123,56,92,90,94,15,47,26,117"/><U0/><E0/><V78/><F3/><W70/><G123/><T4/><D130/><U1/><E1/><V20/><F39/><W122/><G122/><T23/><D98/><U121/><E121/><V12/><F64/><W128/><G105/><T37/><D37/><U5/><E5/><V45/><F45/><W91/><G70/><T44/><D8/><U62/><E112/><V14/><REACH who="2" step="1"/><F31/><REACH who="2" ten="260,319,220,191" step="2"/><W7/><G47/><N who="0" m="27807" /><D71/><U82/><E32/><V124/><F124/><W99/><G117/><T74/><D67/><U33/><E33/><V24/><F24/><W103/><G135/><T104/><D65/><U2/><E2/><V87/><F87/><W115/><G115/><T43/><D86/><N who="1" m="48463" /><E35/><V36/><F36/><W21/><G66/><T126/><D44/><U10/><E10/><AGARI ba="1,1" hai="10,12,14,16,18,20,72,78,80,96,100,106,116,118" machi="10" ten="30,3900,0" yaku="1,1,7,1,54,1,53,0" doraHai="120" doraHaiUra="84" who="2" fromWho="1" sc="260,0,319,-42,220,52,191,0" /><INIT seed="2,0,0,3,5,18" ten="260,277,272,191" oya="2" hai0="30,130,97,4,135,108,100,123,24,83,19,126,122" hai1="25,78,45,121,46,37,12,127,115,112,105,60,32" hai2="54,91,42,132,72,3,89,93,75,69,41,124,99" hai3="90,8,101,53,129,9,31,48,28,87,113,11,56"/><V26/><F69/><W86/><G129/><T49/><D108/><U119/><E105/><V5/><F124/><W70/><G70/><T14/><D130/><U2/><E2/><V50/><F132/><W0/><G0/><T88/><D126/><U118/><E127/><V51/><F75/><W21/><G113/><T133/><D4/><U114/><E78/><V67/><F72/><W82/><G101/><T27/><D49/><U63/><E12/><V62/><F3/><W40/><G40/><T106/><D123/><U52/><E25/><V35/><F5/><W16/><G87/><N who="0" m="50303" /><D30/><U13/><E13/><AGARI ba="0,0" hai="8,9,11,13,16,21,28,31,48,53,56,82,86,90" machi="13" ten="40,5200,0" yaku="8,1,52,1,54,1" doraHai="18" who="3" fromWho="1" sc="260,0,277,-52,272,0,191,52" /><INIT seed="3,0,0,5,3,117" ten="260,225,272,243" oya="3" hai0="82,6,126,51,100,133,103,87,122,125,77,134,18" hai1="47,113,102,123,99,61,78,120,93,119,41,89,33" hai2="94,91,22,19,25,15,26,118,49,8,63,71,127" hai3="92,54,67,98,37,23,86,34,36,10,0,57,109"/><W74/><G74/><T106/><D6/><U69/><E33/><V70/><F118/><W129/><G34/><T105/><D51/><U9/><E119/><V11/><F127/><N who="0" m="48650" /><D18/><U97/><E113/><V16/><F49/><W2/><G129/><T79/><D122/><U43/><E78/><V12/><F63/><W52/><G86/><T40/><D40/><U131/><E131/><V5/><REACH who="2" step="1"/><F26/><REACH who="2" ten="260,225,262,243" step="2"/><W112/><G37/><T107/><D77/><U42/><E47/><V62/><F62/><W114/><G36/><T64/><D64/><U81/><E9/><V58/><F58/><W75/><G114/><T130/><D130/><U14/><E14/><V53/><F53/><W128/><G112/><T101/><AGARI ba="0,1" hai="79,82,87,100,101,103,105,106,107,133,134" m="48650" machi="101" ten="40,5200,0" yaku="18,1,34,2" doraHai="117" who="0" fromWho="0" sc="260,62,225,-13,262,-13,243,-26" owari="322,42.2,212,-28.8,249,4.9,217,-18.3" /></mjloggm>