<mjloggm ver="2.3"><GO type="225" lobby="0"/><UN n0="%E3%83%8F%E3%82%AC%E3%82%BF%E3%82%AB%E3%81%AE%E3%81%88%E3%81%98%E3%81%8D" n1="%41%6F%54" n2="%54%4F%52" n3="%E6%81%A5%E6%99%92%E3%81%97" dan="17,16,17,16" rate="2173.07,2054.37,2154.52,2089.63" sx="M,M,M,M"/><TAIKYOKU oya="0"/><INIT seed="0,0,0,1,1,44" ten="250,250,250,250" oya="0" hai0="110,125,4,14,66,133,86,40,78,119,85,43,21" hai1="99,124,29,1,74,49,10,127,67,114,112,9,63" hai2="51,17,92,59,24,42,28,117,52,76,105,98,70" hai3="126,34,39,41,82,72,20,93,35,0,25,83,12"/><T37/><D119/><U103/><E74/><V111/><F117/><W108/><G108/><T61/><D110/><U94/><E29/><V15/><F111/><W13/><G0/><T113/><D113/><N who="1" m="43627" /><E49/><N who="2" m="31119" /><F70/><W79/><G93/><T60/><D125/><N who="1" m="48203" /><E1/><V54/><F105/><W84/><G126/><T91/><D133/><U81/><E81/><V27/><F76/><W118/><G118/><T19/><D4/><U132/><E132/><V57/><F42/><W71/><G34/><T134/><D134/><U106/><E106/><V16/><F28/><W100/><G35/><T26/><D37/><U58/><AGARI ba="0,0" hai="9,10,58,63,67,94,99,103" m="48203,43627" machi="58" ten="30,2000,0" yaku="11,1,18,1" doraHai="44" who="1" fromWho="1" sc="250,-10,250,20,250,-5,250,-5" /><INIT seed="1,0,0,2,2,94" ten="240,270,245,245" oya="1" hai0="64,115,0,65,58,2,119,44,54,49,4,75,83" hai1="59,86,118,71,42,127,99,123,38,87,82,76,91" hai2="72,92,47,116,67,62,8,29,78,104,5,55,57" hai3="1,19,107,35,6,84,50,101,85,73,69,13,89"/><U28/><E118/><V77/><F104/><W108/><G73/><T79/><D119/><U30/><E123/><V129/><F116/><W3/><G69/><T128/><D115/><U26/><E71/><V98/><F129/><W117/><G117/><T126/><D128/><U10/><E127/><V21/><F72/><W122/><G122/><T100/><D126/><U97/><E59/><V105/><F105/><W14/><G35/><T66/><D100/><U24/><E10/><V103/><F47/><W81/><G108/><T20/><D20/><U45/><E24/><N who="2" m="16527" /><F55/><W93/><G107/><T17/><D17/><U7/><E7/><V109/><F109/><W40/><G6/><T80/><D80/><U131/><E131/><V110/><F110/><W34/><G34/><T37/><D37/><U39/><E39/><V90/><F90/><W53/><G40/><T33/><D33/><U63/><E63/><V12/><AGARI ba="0,0" hai="5,8,12,57,62,67,77,78,92,98,103" m="16527" machi="12" ten="30,4000,0" yaku="25,1,8,1,52,1" doraHai="94" who="2" fromWho="2" sc="240,-10,270,-20,245,40,245,-10" /><INIT seed="2,0,0,2,0,31" ten="230,250,285,235" oya="2" hai0="11,93,19,24,65,114,127,37,6,129,109,124,119" hai1="76,4,25,77,82,108,71,16,36,32,26,122,42" hai2="33,90,74,97,56,27,98,45,13,40,14,84,51" hai3="72,0,52,115,105,47,111,62,61,113,21,79,75"/><V49/><F74/><W125/><G105/><T87/><D37/><U17/><E71/><V130/><F130/><W83/><G0/><T117/><D65/><U23/><E108/><V30/><F97/><W102/><G111/><T22/><D109/><U70/><E70/><V126/><F98/><W134/><G75/><T29/><D93/><U85/><E122/><V48/><F126/><N who="0" m="48170" /><D87/><U100/><E100/><V63/><F49/><N who="3" m="28735" /><G125/><T18/><D114/><N who="3" m="43529" /><G134/><T28/><D28/><U67/><E67/><V112/><F48/><W68/><G68/><T43/><D43/><U86/><E4/><V106/><F106/><W133/><G133/><T2/><D129/><U54/><E54/><V55/><REACH who="2" step="1"/><F112/><REACH who="2" ten="230,250,275,235" step="2"/><W78/><G102/><T41/><D41/><U121/><E42/><V53/><F53/><W46/><G72/><T92/><D92/><AGARI ba="0,1" hai="13,14,27,30,33,40,45,51,55,56,63,84,90,92" machi="92" ten="30,11600,0" yaku="1,1,7,1,52,1,53,1" doraHai="31" doraHaiUra="20" who="2" fromWho="0" sc="230,-116,250,0,275,126,235,0" /><INIT seed="2,1,0,1,1,18" ten="114,250,401,235" oya="2" hai0="57,34,115,118,52,68,85,79,111,122,51,17,0" hai1="119,81,131,107,43,72,28,39,41,44,129,63,117" hai2="1,130,90,116,25,10,4,86,101,123,70,109,75" hai3="92,102,67,29,56,110,120,16,97,49,32,5,105"/><V134/><F116/><N who="1" m="44617" /><E107/><V37/><F123/><W12/><G120/><T31/><D122/><U45/><E81/><V8/><F75/><W128/><G110/><T2/><D111/><U89/><E89/><V88/><F70/><W83/><G128/><N who="1" m="49226" /><E72/><V71/><F71/><W106/><G5/><T135/><D118/><U112/><E28/><V35/><F37/><W7/><G7/><T13/><D115/><U53/><E112/><V104/><F109/><W126/><G126/><T76/><D68/><U65/><E53/><V55/><F130/><W121/><G121/><T73/><D73/><U98/><E98/><V60/><F90/><W15/><G83/><T58/><D135/><U78/><E78/><V6/><F134/><W27/><G12/><T125/><D125/><U94/><E94/><V61/><F55/><W42/><G42/><N who="1" m="15882" /><E39/><V38/><F38/><W33/><G33/><T36/><D36/><U62/><E65/><V40/><F40/><W69/><G67/><T22/><D85/><U93/><E93/><V87/><F87/><W20/><G105/><T114/><D114/><U14/><E14/><V59/><F104/><W30/><G30/><T82/><D79/><U77/><E77/><V74/><F74/><W100/><G106/><T133/><D133/><U103/><E103/><V11/><F101/><W99/><G99/><T24/><REACH who="0" step="1"/><D58/><REACH who="0" ten="104,250,401,235" step="2"/><U64/><E64/><V26/><F59/><W3/><G69/><T96/><D96/><U48/><E48/><V113/><F113/><W21/><G49/><T54/><D54/><U127/><E127/><V19/><F86/><RYUUKYOKU ba="1,1" sc="104,15,250,15,401,-15,235,-15" hai0="0,2,13,17,22,24,31,34,51,52,57,76,82" hai1="44,45,62,63" /><INIT seed="3,2,1,1,1,98" ten="119,265,386,220" oya="3" hai0="6,36,78,2,71,131,18,134,94,34,73,19,133" hai1="92,89,40,52,75,8,66,121,20,17,114,93,132" hai2="38,44,39,21,51,129,30,35,106,76,26,48,70" hai3="69,61,117,28,57,82,79,124,46,101,60,128,11"/><W113/><G113/><T15/><D71/><U12/><E75/><V23/><F70/><W49/><G117/><T29/><D36/><U123/><E114/><V68/><F68/><W99/><G124/><T72/><D78/><U112/><E112/><V0/><F0/><W119/><G128/><T55/><D94/><U1/><E132/><V64/><F64/><W43/><G69/><T25/><D131/><U105/><E66/><V31/><F129/><W3/><G28/><T108/><D108/><U45/><E105/><V41/><F106/><W47/><G57/><T63/><D19/><U42/><E93/><V107/><F107/><W56/><G56/><T80/><D55/><U9/><E1/><V86/><F35/><W122/><G122/><T59/><D80/><U14/><E20/><V74/><F74/><W24/><G24/><T4/><D4/><U85/><E123/><V100/><F100/><W116/><G47/><T50/><D50/><N who="1" m="28751" /><E121/><V22/><F38/><W10/><G116/><T103/><D103/><U110/><E110/><V125/><F125/><W127/><G127/><T130/><D130/><U53/><E53/><V111/><F111/><W77/><G77/><T87/><D134/><U95/><E95/><V91/><F76/><W7/><G119/><T37/><D37/><U13/><E13/><V27/><F22/><W104/><G10/><N who="0" m="2391" /><D133/><U135/><E135/><V120/><F120/><W5/><G7/><AGARI ba="2,1" hai="7,8,9,12,14,17,40,42,85,89,92" m="28751" machi="7" ten="30,2000,0" yaku="8,1,54,1" doraHai="98" who="1" fromWho="3" sc="119,0,265,36,386,0,220,-26" owari="119,-38.1,301,10.1,386,48.6,194,-20.6" /></mjloggm>