<mjloggm ver="2.3"><GO type="225" lobby="0"/><UN n0="%72%69%6F%75%63%68%61%6E" n1="%E3%81%99%E3%81%84%E3%81%BE%E3%81%9B%E3%83%BC%E3%82%93" n2="%E3%83%97%E3%83%AC%E3%83%B4%E3%82%A1%E3%83%86%E3%82%A3" n3="%6E%69%63%6F%6E%74%6F" dan="17,17,16,17" rate="2197.15,2227.07,2118.28,2124.06" sx="M,M,F,M"/><TAIKYOKU oya="0"/><INIT seed="0,0,0,0,1,10" ten="250,250,250,250" oya="0" hai0="1,91,39,126,66,27,133,77,25,110,6,72,119" hai1="51,49,129,42,12,50,41,69,134,61,2,84,13" hai2="131,8,74,52,114,17,128,36,78,108,101,121,47" hai3="102,125,70,63,113,89,124,19,59,116,46,32,62"/><T115/><D115/><U15/><E129/><N who="2" m="49739" /><F114/><W57/><G113/><T31/><D119/><U87/><E134/><V16/><F121/><W33/><G102/><T90/><D133/><U56/><E69/><V132/><F132/><W48/><G89/><T0/><D126/><N who="3" m="48745" /><G19/><T20/><D110/><U67/><E2/><V14/><F108/><W98/><G98/><T5/><D39/><U120/><E120/><V107/><F36/><W35/><G116/><T7/><D66/><U73/><E73/><V75/><F107/><W71/><G48/><T23/><D72/><N who="2" m="27690" /><F101/><W60/><G46/><T130/><D130/><U135/><E135/><V85/><F78/><W76/><G76/><T118/><D118/><U127/><E127/><V117/><F85/><AGARI ba="0,0" hai="12,13,15,41,42,49,50,51,56,61,67,84,85,87" machi="85" ten="40,12000,2" yaku="26,2,8,1,52,3" doraHai="10" who="1" fromWho="2" sc="250,0,250,120,250,-120,250,0" /><INIT seed="1,0,0,0,3,28" ten="250,370,130,250" oya="1" hai0="102,73,96,57,108,16,27,66,122,116,4,19,68" hai1="20,82,121,23,99,50,85,117,75,111,100,33,61" hai2="67,14,135,0,123,5,8,53,11,130,51,70,59" hai3="77,32,113,15,127,65,54,104,1,46,133,25,69"/><U81/><E117/><V88/><F123/><W44/><G1/><T29/><D116/><U9/><E121/><V30/><F130/><W94/><G113/><T35/><D122/><U58/><E33/><V72/><F72/><W47/><G104/><N who="0" m="63559" /><D108/><U106/><E111/><V86/><F135/><W31/><G133/><T112/><D112/><U3/><E50/><V115/><F115/><W95/><G127/><T134/><D134/><U119/><E119/><V12/><F30/><W10/><G77/><T79/><D57/><U105/><E105/><V43/><F43/><W78/><G78/><T60/><D4/><U132/><E132/><V42/><F42/><W39/><G39/><T107/><D107/><U13/><E3/><V40/><F40/><W2/><G2/><T18/><D79/><U109/><E75/><AGARI ba="0,0" hai="16,18,19,27,29,35,60,66,68,73,75" m="63559" machi="75" ten="30,3900,0" yaku="25,1,52,1,54,1" doraHai="28" who="0" fromWho="1" sc="250,39,370,-39,130,0,250,0" /><INIT seed="2,0,0,5,5,39" ten="289,331,130,250" oya="2" hai0="26,12,93,74,135,44,14,17,128,134,130,123,15" hai1="108,101,20,114,107,121,118,47,84,8,65,77,55" hai2="109,96,132,25,54,71,110,4,1,19,63,100,91" hai3="32,82,49,73,28,83,105,129,24,18,57,6,115"/><V97/><F1/><W127/><G129/><N who="0" m="49771" /><D74/><U11/><E114/><V36/><F4/><W2/><G127/><T10/><D93/><U103/><E118/><V37/><F132/><N who="0" m="50730" /><D44/><U66/><E108/><N who="2" m="41579" /><F91/><W125/><G115/><T124/><D123/><U43/><E121/><V95/><F97/><W33/><G125/><T117/><D124/><U131/><E131/><V42/><F42/><W87/><G105/><T88/><D88/><U78/><E43/><V67/><F54/><W64/><G73/><T98/><D98/><U80/><E55/><V94/><F94/><W30/><G87/><T58/><D58/><U86/><E107/><V53/><F53/><W113/><G113/><T119/><D10/><U21/><E47/><V5/><F5/><W89/><G6/><T9/><D9/><U35/><E80/><V68/><F68/><W46/><G2/><T70/><D70/><U0/><E0/><V31/><F19/><W62/><G18/><T104/><D104/><U38/><E86/><V111/><N who="2" m="41587" /><V3/><DORA hai="29" /><F3/><W56/><G89/><T59/><D59/><U61/><E84/><V112/><F112/><W116/><G57/><T40/><D40/><U23/><E78/><V16/><F16/><W34/><G56/><T133/><N who="0" m="50738" /><T52/><DORA hai="22" /><D52/><U75/><E77/><V48/><F48/><W45/><G49/><T7/><D7/><U27/><E101/><V106/><F95/><W81/><G81/><T99/><D99/><U51/><E103/><V41/><F41/><W60/><G83/><T92/><D92/><U76/><E51/><RYUUKYOKU ba="0,0" sc="289,15,331,-15,130,15,250,-15" hai0="12,14,15,17,26,117,119" hai2="25,31,36,37,63,67,71,96,100,106" /><INIT seed="2,1,0,1,3,27" ten="304,316,145,235" oya="2" hai0="51,73,120,133,125,58,72,126,115,53,31,98,1" hai1="87,36,15,80,43,123,124,18,110,0,78,5,109" hai2="89,121,113,127,71,70,16,11,106,52,32,38,68" hai3="95,44,93,66,62,104,33,103,19,22,20,100,134"/><V48/><F113/><W132/><G33/><T9/><D115/><U41/><E124/><N who="0" m="47721" /><D120/><U135/><E135/><N who="3" m="51754" /><G44/><T28/><D133/><U54/><E123/><V129/><F127/><W74/><G74/><N who="0" m="28779" /><D98/><U46/><E41/><V75/><F121/><W101/><G104/><T117/><D117/><U10/><REACH who="1" step="1"/><E54/><REACH who="1" ten="304,306,145,235" step="2"/><V49/><F38/><W118/><G118/><T8/><D1/><U25/><E25/><V122/><F122/><W130/><G130/><T107/><D107/><U102/><E102/><V88/><F129/><W13/><G22/><AGARI ba="1,1" hai="0,5,10,15,18,22,36,43,46,78,80,87,109,110" machi="22" ten="40,2600,0" yaku="1,1,53,1" doraHai="27" doraHaiUra="6" who="1" fromWho="3" sc="304,0,306,39,145,0,235,-29" /><INIT seed="3,0,0,2,4,91" ten="304,345,145,206" oya="3" hai0="14,93,129,85,88,34,49,17,26,16,27,109,103" hai1="50,45,33,63,35,71,98,124,126,18,115,46,29" hai2="47,123,54,131,30,99,133,59,134,64,120,38,116" hai3="42,1,0,96,127,62,21,107,43,92,84,89,95"/><W87/><G127/><N who="1" m="48682" /><E115/><V72/><F72/><W100/><G21/><N who="0" m="13607" /><D109/><U118/><E118/><V28/><F116/><W52/><G1/><T94/><D34/><U76/><E76/><V4/><F4/><W51/><G0/><T24/><D129/><U80/><E80/><V32/><F32/><W97/><G62/><T19/><D49/><U11/><E29/><V101/><F131/><W86/><G107/><T57/><D57/><AGARI ba="0,0" hai="42,43,51,52,57,84,86,87,89,92,95,96,97,100" machi="57" ten="40,12000,1" yaku="8,1,52,2,54,1" doraHai="91" who="3" fromWho="0" sc="304,-120,345,0,145,0,206,120" /><INIT seed="3,1,0,2,3,119" ten="184,345,145,326" oya="3" hai0="127,104,75,79,101,56,13,87,31,40,96,14,117" hai1="131,124,72,135,123,126,19,83,74,48,70,10,47" hai2="76,82,37,71,99,59,85,120,22,15,128,16,66" hai3="106,108,67,93,58,7,50,110,0,113,132,63,80"/><W4/><G113/><T105/><D117/><U3/><E123/><V122/><F37/><W26/><G132/><T61/><D127/><N who="1" m="48683" /><E70/><V32/><F32/><W55/><G106/><T12/><D75/><U1/><E131/><V52/><F128/><W130/><G130/><T49/><D31/><U112/><E112/><V18/><F99/><W25/><G93/><T54/><D105/><U134/><E19/><V5/><F5/><N who="3" m="2123" /><G80/><N who="0" m="47519" /><D104/><U90/><E74/><V28/><F28/><W65/><G65/><T24/><D24/><U98/><E10/><V109/><F109/><N who="3" m="42091" /><G0/><N who="1" m="74" /><E72/><V45/><F45/><AGARI ba="1,0" hai="25,26,45,50,55,58,63,67" m="42091,2123" machi="45" ten="30,2900,0" yaku="14,1,10,1" doraHai="119" who="3" fromWho="2" sc="184,0,345,0,145,-32,326,32" owari="184,-21.6,345,14.5,113,-38.7,358,45.8" /></mjloggm>