<mjloggm ver="2.3"><GO type="225" lobby="0"/><UN n0="%E7%AB%8B%E7%9B%B4%E5%A5%BD%E6%A3%92%40%E5%BF%98" n1="%E3%83%8F%E3%83%B3%E3%83%89%E3%83%A9%E3%83%BC%E3%83%BB%E3%83%AF%E3%83%B3" n2="%E6%B4%BE%E9%81%A3%E3%81%AE%E3%82%B8%E3%83%A3%E3%83%83%E3%82%AF" n3="%E9%80%86%E9%80%A3%E5%B8%AF%E3%81%AE%E9%AC%BC" dan="17,17,17,17" rate="2143.43,2203.65,2195.03,2123.58" sx="M,M,M,M"/><TAIKYOKU oya="0"/><INIT seed="0,0,0,3,4,128" ten="250,250,250,250" oya="0" hai0="45,4,42,37,100,26,92,122,118,121,89,102,52" hai1="117,27,39,135,49,115,20,91,55,56,108,65,11" hai2="67,21,69,40,109,79,3,72,98,90,74,78,41" hai3="125,85,9,2,31,7,46,119,14,38,53,60,76"/><T25/><D118/><U51/><E117/><V75/><F3/><W82/><G125/><T24/><D4/><U99/><E39/><V112/><F112/><W106/><G119/><T131/><D131/><U73/><E73/><V1/><F1/><W57/><G106/><T12/><D12/><U58/><E108/><V84/><F109/><W95/><G31/><T129/><D129/><U83/><E11/><V81/><F21/><W123/><G123/><T33/><D33/><U54/><E115/><V13/><F13/><W10/><G95/><T48/><D121/><U111/><E111/><V103/><F67/><W15/><G38/><T19/><D19/><U96/><E65/><V110/><F69/><W94/><G94/><T63/><D122/><U68/><E68/><V77/><REACH who="2" step="1"/><F110/><REACH who="2" ten="250,250,240,250" step="2"/><W44/><REACH who="3" step="1"/><G2/><REACH who="3" ten="250,250,240,240" step="2"/><T5/><D37/><U93/><E135/><V116/><F116/><W124/><G124/><T50/><D5/><AGARI ba="0,2" hai="5,7,9,10,14,15,44,46,53,57,60,76,82,85" machi="5" ten="30,8000,1" yaku="1,1,7,1,9,1,8,1,53,1" doraHai="128" doraHaiUra="80" who="3" fromWho="0" sc="250,-80,250,0,240,0,240,100" /><INIT seed="1,0,0,3,2,103" ten="170,250,240,340" oya="1" hai0="135,5,25,40,92,105,19,86,69,117,39,90,67" hai1="10,73,84,26,112,64,133,100,53,122,7,97,120" hai2="128,77,46,35,101,14,95,11,30,58,83,65,76" hai3="31,21,52,44,75,129,78,102,43,111,20,56,91"/><U88/><E112/><V38/><F128/><W6/><G129/><T130/><D117/><U28/><E73/><V13/><F35/><W124/><G124/><T114/><D114/><U3/><E53/><V45/><F30/><W23/><G111/><T110/><D110/><U98/><E64/><V59/><F38/><W134/><G134/><T36/><D130/><U85/><E85/><V127/><F127/><W71/><G71/><T9/><D135/><U0/><E0/><V37/><F37/><W99/><G91/><T119/><D119/><U24/><E24/><V80/><F101/><W109/><G109/><T27/><D27/><U42/><E42/><V131/><F131/><W33/><G6/><T22/><D40/><U115/><E98/><V87/><F95/><W70/><G70/><T125/><D125/><U68/><E68/><V55/><F65/><W74/><G78/><T93/><D93/><U104/><E115/><V16/><F14/><W8/><G8/><T57/><D69/><U50/><E50/><V82/><F58/><W121/><G33/><T48/><D105/><U34/><E133/><V49/><F80/><AGARI ba="0,0" hai="3,7,10,26,28,34,80,84,88,97,100,104,120,122" machi="80" ten="30,5800,0" yaku="7,1,52,1,54,1" doraHai="103" who="1" fromWho="2" sc="170,0,250,58,240,-58,340,0" /><INIT seed="1,1,0,0,2,71" ten="170,308,182,340" oya="1" hai0="132,122,125,92,22,6,38,21,12,45,104,135,107" hai1="123,101,91,83,9,18,102,79,26,63,17,49,115" hai2="52,108,87,103,85,19,95,99,28,41,13,84,89" hai3="118,39,130,67,76,97,129,50,131,36,37,62,98"/><U2/><E115/><V57/><F108/><W42/><G118/><T4/><D122/><U14/><E123/><V5/><F28/><W47/><G76/><T120/><D120/><U75/><E2/><V82/><F41/><W7/><G7/><N who="0" m="2603" /><D92/><U58/><E49/><V111/><F5/><W15/><G15/><T23/><D12/><U105/><E105/><N who="0" m="40521" /><D45/><U10/><E91/><V8/><REACH who="2" step="1"/><F111/><REACH who="2" ten="170,308,172,340" step="2"/><W72/><REACH who="3" step="1"/><G72/><REACH who="3" ten="170,308,172,330" step="2"/><T77/><D125/><U121/><E75/><V69/><F69/><AGARI ba="1,2" hai="36,37,39,42,47,50,62,67,69,97,98,129,130,131" machi="69" ten="50,12000,2" yaku="1,1,2,1,19,1,52,3,53,1" doraHai="71" doraHaiUra="65" who="3" fromWho="2" sc="170,0,308,0,172,-123,330,143" /><INIT seed="2,0,0,1,0,32" ten="170,308,49,473" oya="2" hai0="17,34,19,6,28,56,2,52,112,69,29,86,97" hai1="16,98,71,20,18,111,107,77,89,0,65,110,134" hai2="79,80,64,40,68,25,91,109,118,106,76,4,129" hai3="131,96,83,61,120,37,13,47,57,43,87,60,45"/><V10/><F118/><W66/><G131/><T90/><D69/><U14/><E134/><V100/><F129/><W116/><G120/><T74/><D74/><U33/><E33/><V50/><F109/><N who="1" m="41481" /><E77/><V92/><F106/><W75/><G116/><T130/><D112/><U82/><E0/><V127/><F127/><W125/><G75/><T31/><D130/><U54/><E54/><V55/><F40/><W7/><G125/><T117/><D117/><U108/><E108/><V84/><F25/><W23/><G96/><T38/><D38/><U72/><E18/><V122/><F122/><W58/><G43/><T46/><D34/><U128/><E128/><V39/><F39/><W88/><G37/><T48/><D97/><U41/><E41/><V78/><F68/><W53/><G23/><T27/><D27/><U70/><E65/><V8/><F64/><W94/><G83/><T73/><D73/><U35/><E35/><V95/><F100/><W93/><G93/><N who="2" m="35913" /><F4/><W123/><G123/><T15/><D2/><U114/><E114/><V132/><F132/><W121/><G121/><T103/><D103/><N who="1" m="62967" /><E72/><V3/><F3/><W101/><G101/><T44/><D6/><U113/><E113/><V24/><F24/><W51/><G51/><T105/><D105/><U67/><E67/><V62/><F62/><W42/><G42/><T119/><D119/><U22/><E70/><V49/><F49/><W126/><G126/><T9/><D17/><U135/><E71/><V133/><F133/><W12/><G7/><T99/><D99/><U21/><E135/><V115/><F115/><RYUUKYOKU ba="0,0" sc="170,0,308,0,49,0,473,0" hai0="9,15,19,28,29,31,44,46,48,52,56,86,90" hai1="14,16,20,21,22,82,89" hai2="8,10,50,55,76,78,79,80,84,91" hai3="12,13,45,47,53,57,58,60,61,66,87,88,94" /><INIT seed="2,1,0,3,4,82" ten="170,308,49,473" oya="2" hai0="131,36,122,53,77,30,100,135,102,121,123,118,73" hai1="127,74,95,75,2,3,67,96,1,97,88,90,130" hai2="116,70,79,111,99,64,105,29,49,10,84,94,42" hai3="48,43,112,129,110,31,12,46,58,76,78,22,56"/><V20/><F116/><W41/><G129/><T39/><D118/><U37/><E37/><V50/><F105/><W61/><G110/><T52/><D30/><U8/><E130/><V69/><F111/><W26/><G112/><T117/><D131/><U93/><E127/><V45/><F10/><W17/><G43/><T4/><D117/><U60/><REACH who="1" step="1"/><E8/><REACH who="1" ten="170,298,49,473" step="2"/><V44/><F64/><W87/><G61/><T80/><D135/><U40/><E40/><V16/><F29/><W35/><G41/><T66/><D66/><U119/><E119/><V98/><F69/><AGARI ba="1,1" hai="1,2,3,60,67,69,74,75,88,90,93,95,96,97" machi="69" ten="40,5200,0" yaku="1,1,9,1,54,1,53,0" doraHai="82" doraHaiUra="11" who="1" fromWho="2" sc="170,0,298,65,49,-55,473,0" owari="170,-23.0,363,16.3,-6,-50.6,473,57.3" /></mjloggm>