<mjloggm ver="2.3"><GO type="225" lobby="0"/><UN n0="%E3%81%90%E3%81%A1%E3%82%84%E3%81%BE" n1="%E5%85%88%E7%89%A9%E3%81%AF%74%72%61%73%68" n2="%E7%9A%AE%E3%80%85" n3="%E6%B8%A1%E5%A4%A9%E8%97%8D" dan="16,17,16,16" rate="2107.99,2155.91,2084.05,2144.15" sx="M,M,M,M"/><TAIKYOKU oya="0"/><INIT seed="0,0,0,0,0,3" ten="250,250,250,250" oya="0" hai0="37,16,71,14,101,65,13,93,98,1,88,121,44" hai1="92,66,104,132,123,77,61,59,9,6,63,109,85" hai2="57,81,115,126,43,36,100,69,86,11,33,17,27" hai3="84,90,79,135,41,60,35,127,31,30,62,111,29"/><T74/><D121/><U107/><E123/><V42/><F115/><W108/><G35/><T102/><D1/><U21/><E109/><N who="3" m="42058" /><G127/><T72/><D72/><U10/><E132/><V38/><F69/><W67/><G135/><T15/><D74/><U78/><E21/><V130/><F126/><W114/><G114/><T110/><D110/><U68/><E92/><V129/><F100/><N who="0" m="38506" /><D71/><U122/><E122/><V25/><F57/><W28/><N who="3" m="7168" /><DORA hai="26" /><W45/><G79/><T103/><D37/><U24/><E78/><V2/><F33/><W119/><G67/><T118/><D118/><U39/><E77/><V52/><F38/><N who="3" m="21687" /><G119/><T0/><D0/><U91/><E66/><V48/><F2/><W50/><G50/><T96/><D65/><U5/><E39/><V87/><F48/><W19/><G19/><T4/><D4/><U82/><E5/><V54/><F17/><W49/><G49/><T80/><D44/><U7/><E7/><V94/><F36/><W106/><G106/><T128/><D128/><U53/><E107/><V89/><F130/><W83/><AGARI ba="0,0" hai="60,62,83,84,90" m="21687,7168,42058" machi="83" ten="50,8000,1" yaku="14,1,52,4" doraHai="3,26" who="3" fromWho="3" sc="250,-40,250,-20,250,-20,250,80" /><INIT seed="1,0,0,0,5,107" ten="210,230,230,330" oya="1" hai0="28,41,92,98,91,88,17,118,52,122,121,37,65" hai1="89,34,120,128,4,10,31,24,56,99,78,1,40" hai2="117,21,95,129,25,93,101,62,32,57,112,50,19" hai3="26,15,46,104,9,79,43,60,23,110,119,90,105"/><U64/><E120/><N who="0" m="46185" /><D118/><U85/><E128/><V16/><F117/><W87/><G79/><T38/><D65/><U74/><E99/><V18/><F129/><W100/><G60/><T11/><D28/><U132/><E132/><V48/><F32/><W47/><G110/><T5/><D41/><U73/><E78/><V36/><F36/><N who="0" m="13930" /><D17/><N who="2" m="6154" /><F112/><W127/><G100/><N who="0" m="60487" /><D52/><U42/><E64/><N who="2" m="38991" /><F101/><W63/><G43/><T3/><AGARI ba="0,0" hai="3,5,11,88,91" m="60487,13930,46185" machi="3" ten="30,2000,0" yaku="13,1,54,1" doraHai="107" who="0" fromWho="0" sc="210,20,230,-10,230,-5,330,-5" /><INIT seed="2,0,0,3,3,89" ten="230,220,225,325" oya="2" hai0="106,70,43,65,32,61,29,80,117,16,105,129,45" hai1="93,46,22,13,118,23,132,99,116,31,71,100,3" hai2="90,78,107,133,87,30,113,121,44,28,91,102,34" hai3="18,88,62,19,82,63,52,51,24,81,108,110,1"/><V58/><F113/><W128/><G1/><T50/><D129/><U56/><E71/><V9/><F121/><W124/><G128/><T64/><D117/><U67/><E3/><V95/><F133/><W125/><G63/><T14/><D65/><U79/><E132/><V104/><F34/><W57/><G62/><T123/><D123/><U10/><E79/><V73/><F44/><W103/><G103/><T40/><D40/><U77/><E77/><V74/><F9/><W114/><G114/><T111/><D111/><N who="3" m="42537" /><G24/><T55/><D80/><N who="3" m="30825" /><G88/><T112/><D112/><U49/><E116/><V37/><F37/><W38/><G38/><T92/><D92/><U76/><E76/><V41/><F78/><W127/><AGARI ba="0,0" hai="18,19,51,52,57,124,125,127" m="30825,42537" machi="127" ten="40,5200,0" yaku="18,1,14,1,54,1" doraHai="89" who="3" fromWho="3" sc="230,-13,220,-13,225,-26,325,52" /><INIT seed="3,0,0,0,4,38" ten="217,207,199,377" oya="3" hai0="53,59,123,29,35,99,62,103,70,25,76,24,97" hai1="18,11,115,105,47,69,90,48,77,14,126,12,130" hai2="85,22,68,89,9,56,104,57,129,74,43,4,36" hai3="65,20,122,31,96,81,51,45,106,134,44,55,133"/><W34/><G34/><T118/><D118/><U0/><E115/><V107/><F68/><W127/><G65/><T101/><D123/><U112/><E112/><V109/><F74/><W131/><G81/><T6/><D70/><U58/><E69/><V87/><F109/><W98/><G106/><T93/><D76/><U135/><E0/><V27/><F85/><W125/><G31/><T120/><D120/><U64/><E105/><V72/><F72/><W66/><G20/><T54/><D6/><U132/><E130/><V124/><F129/><W73/><G73/><T88/><D25/><U91/><E126/><N who="3" m="48138" /><G66/><T37/><D37/><U86/><E135/><N who="3" m="51722" /><G122/><T21/><D35/><U10/><E132/><V40/><F124/><W28/><G28/><T63/><D99/><N who="3" m="37929" /><G131/><T95/><D95/><U119/><E119/><V71/><F71/><W5/><G5/><T39/><D39/><U46/><E77/><V50/><F107/><W60/><G60/><T26/><D26/><U61/><E48/><V117/><F104/><W84/><G84/><T52/><D63/><U100/><E86/><V30/><F117/><W82/><G82/><T128/><D128/><U15/><E64/><AGARI ba="0,0" hai="21,24,29,52,53,54,59,62,64,88,93,97,101,103" machi="64" ten="40,5200,0" yaku="8,1,54,2" doraHai="38" who="0" fromWho="1" sc="217,52,207,-52,199,0,377,0" owari="269,6.9,155,-34.5,199,-20.1,377,47.7" /></mjloggm>