<mjloggm ver="2.3"><GO type="225" lobby="0"/><UN n0="%4E%49%4A%49%49%52%4F" n1="%6D%75%75%6D%75%72%61" n2="%E3%81%99%E3%81%84%E3%81%BE%E3%81%9B%E3%83%BC%E3%82%93" n3="%73%6C%69%63%6B%33%31%39" dan="17,16,17,16" rate="2241.83,2078.49,2242.35,2075.93" sx="M,F,M,M"/><TAIKYOKU oya="0"/><INIT seed="0,0,0,5,1,3" ten="250,250,250,250" oya="0" hai0="59,71,49,130,17,47,100,67,66,22,134,39,23" hai1="96,83,9,14,88,68,124,2,18,103,11,72,78" hai2="99,53,95,65,16,135,121,36,114,128,31,4,1" hai3="24,55,15,123,63,113,64,58,109,133,8,43,42"/><T52/><D134/><U129/><E129/><V19/><F121/><W56/><G113/><T33/><D130/><U120/><E120/><V76/><F36/><W51/><G109/><T79/><D33/><U40/><E68/><V126/><F128/><W12/><G133/><T37/><D100/><U10/><E124/><V81/><F114/><W6/><G123/><T125/><D125/><U13/><E40/><V61/><F53/><W127/><G127/><T92/><D79/><U89/><E2/><V77/><F31/><W91/><G24/><T74/><D74/><U82/><E82/><V97/><F97/><W29/><G29/><T75/><D75/><U119/><E119/><V57/><F135/><W84/><REACH who="3" step="1"/><G12/><REACH who="3" ten="250,250,250,240" step="2"/><T30/><D30/><U27/><E27/><V122/><F122/><W46/><G46/><T28/><D28/><U25/><E25/><V38/><F126/><W101/><G101/><T44/><D44/><U90/><REACH who="1" step="1"/><E13/><REACH who="1" ten="250,240,250,240" step="2"/><V0/><F0/><W87/><G87/><T104/><D71/><U93/><AGARI ba="0,2" hai="9,10,11,14,18,72,78,83,88,89,90,93,96,103" machi="93" ten="30,8000,1" yaku="1,1,2,1,0,1,54,1,53,1" doraHai="3" doraHaiUra="105" who="1" fromWho="1" sc="250,-40,240,100,250,-20,240,-20" /><INIT seed="1,0,0,2,2,116" ten="210,340,230,220" oya="1" hai0="45,40,25,108,63,115,105,24,49,118,109,94,60" hai1="42,15,100,31,65,7,96,88,131,27,53,23,34" hai2="48,129,77,55,74,101,91,107,75,38,73,93,99" hai3="26,92,104,119,82,70,36,5,1,2,112,52,134"/><U28/><E131/><V83/><F38/><W32/><G104/><T113/><D105/><U79/><E42/><V51/><F129/><W127/><G112/><N who="0" m="43083" /><D94/><U61/><E79/><V47/><REACH who="2" step="1"/><F48/><REACH who="2" ten="210,340,220,220" step="2"/><W69/><G36/><T85/><D118/><U68/><E34/><V128/><F128/><W106/><G32/><T62/><D85/><AGARI ba="0,1" hai="47,51,55,73,74,75,77,83,85,91,93,99,101,107" machi="85" ten="30,7700,0" yaku="1,1,7,1,24,2,53,0" doraHai="116" doraHaiUra="13" who="2" fromWho="0" sc="210,-77,340,0,220,87,220,0" /><INIT seed="2,0,0,0,0,10" ten="133,340,307,220" oya="2" hai0="39,102,81,130,80,11,106,3,34,94,118,67,124" hai1="128,2,69,107,37,7,74,18,84,21,131,133,77" hai2="135,82,93,22,100,41,43,42,78,101,79,36,71" hai3="62,9,95,50,61,57,110,86,96,75,45,117,52"/><V40/><F135/><W0/><G75/><T8/><D118/><U121/><E133/><V85/><F71/><W123/><G123/><T26/><D124/><U70/><E74/><V134/><F134/><W1/><G117/><T20/><D130/><N who="1" m="49707" /><E107/><V28/><F79/><W32/><G32/><T23/><D106/><U126/><E126/><V46/><F93/><W119/><G119/><T63/><D39/><U65/><E37/><V104/><F104/><W19/><G86/><T87/><D34/><U4/><E121/><V51/><REACH who="2" step="1"/><F36/><REACH who="2" ten="133,340,297,220" step="2"/><W108/><G108/><T90/><D94/><U15/><E70/><V73/><F73/><W35/><G110/><T112/><D81/><N who="1" m="47151" /><E2/><V33/><F33/><W6/><G35/><T92/><D3/><U27/><E27/><AGARI ba="0,1" hai="22,27,28,40,41,42,43,46,51,78,82,85,100,101" machi="27" ten="40,3900,0" yaku="1,1,8,1,53,0" doraHai="10" doraHaiUra="56" who="2" fromWho="1" sc="133,0,340,-39,297,49,220,0" /><INIT seed="2,1,0,0,3,114" ten="133,301,346,220" oya="2" hai0="109,5,122,26,33,105,65,84,120,54,12,22,66" hai1="72,129,48,2,99,89,70,108,13,88,34,57,62" hai2="92,36,9,128,85,18,7,35,134,11,106,93,3" hai3="95,1,8,40,130,104,15,87,78,126,101,103,41"/><V79/><F106/><W77/><G1/><T19/><D105/><U133/><E2/><V67/><F36/><W29/><G104/><T23/><D109/><U68/><E108/><V135/><F35/><W98/><G130/><T59/><D120/><U50/><E34/><V60/><F128/><W69/><G69/><T63/><D122/><U91/><E72/><V111/><F111/><W125/><G29/><T82/><D33/><U75/><E75/><V61/><F61/><W71/><G103/><T43/><D43/><N who="3" m="16457" /><G87/><T10/><REACH who="0" step="1"/><D22/><REACH who="0" ten="123,301,346,220" step="2"/><U58/><E129/><V39/><F135/><W44/><G126/><T118/><D118/><U17/><E133/><V117/><F117/><W32/><G32/><T37/><D37/><U55/><E99/><V86/><F39/><W119/><G125/><T53/><D53/><U25/><E25/><V97/><F134/><W121/><G119/><T52/><D52/><U0/><E0/><V90/><F3/><W102/><G121/><T127/><D127/><U49/><REACH who="1" step="1"/><E57/><REACH who="1" ten="123,291,346,220" step="2"/><V27/><F27/><W24/><G24/><T112/><D112/><U38/><E38/><V116/><F116/><W28/><G98/><T110/><D110/><U80/><E80/><V46/><F97/><W42/><G42/><T21/><D21/><AGARI ba="1,2" hai="13,17,21,48,49,50,55,58,62,68,70,88,89,91" machi="21" ten="40,2600,0" yaku="1,1,54,1,53,0" doraHai="114" doraHaiUra="83" who="1" fromWho="0" sc="123,-29,291,49,346,0,220,0" /><INIT seed="3,0,0,2,5,19" ten="94,340,346,220" oya="3" hai0="73,14,7,117,115,16,53,81,120,133,98,12,38" hai1="82,111,94,102,70,4,92,71,17,61,41,29,108" hai2="43,105,8,67,5,35,51,127,85,54,24,75,60" hai3="27,78,99,30,64,112,25,40,9,97,124,109,119"/><W132/><G112/><T68/><D115/><U130/><E130/><V39/><F75/><W74/><G119/><T129/><D117/><U131/><E131/><V48/><F105/><W46/><G124/><T44/><D129/><U93/><E102/><V37/><F127/><W95/><G132/><T114/><D133/><U107/><E107/><V50/><F54/><W104/><G64/><T72/><D120/><U22/><E41/><V33/><F85/><W126/><G104/><T42/><D114/><U47/><E47/><V91/><F91/><W69/><G69/><T36/><D68/><U123/><E123/><V103/><F103/><W66/><G66/><T23/><D38/><U10/><E29/><V6/><F6/><W86/><G74/><T122/><D122/><U13/><E82/><V113/><F113/><W26/><G9/><T100/><D81/><U1/><E61/><V55/><F55/><W59/><G59/><T106/><D7/><U28/><E28/><N who="2" m="19591" /><F35/><W76/><G99/><T65/><D65/><U134/><E134/><V63/><F43/><W96/><G97/><T90/><D90/><U15/><E1/><N who="2" m="47" /><F63/><W52/><G52/><T110/><D110/><AGARI ba="0,0" hai="4,10,13,15,17,22,70,71,92,93,94,108,110,111" machi="110" ten="40,2600,0" yaku="14,1,52,1" doraHai="19" who="1" fromWho="0" sc="94,-26,340,26,346,0,220,0" owari="68,-43.2,366,46.6,346,14.6,220,-18.0" /></mjloggm>