<mjloggm ver="2.3"><GO type="225" lobby="0"/><UN n0="%E3%81%94%E3%81%BE%E3%81%A1%E3%82%83%E3%82%93%36%36" n1="%E6%80%AA%E3%81%97%E3%81%99%E3%81%8E%E3%82%8B%E3%83%81%E3%83%BC" n2="%72%69%6F%75%63%68%61%6E" n3="%E3%81%A0%E3%81%8A" dan="17,16,17,16" rate="2156.07,2164.66,2216.65,2029.62" sx="M,M,M,M"/><TAIKYOKU oya="0"/><INIT seed="0,0,0,5,5,61" ten="250,250,250,250" oya="0" hai0="105,18,54,62,107,33,28,44,72,73,45,66,65" hai1="12,128,95,83,43,114,91,56,89,81,86,132,126" hai2="37,15,88,90,108,133,25,2,8,69,7,63,82" hai3="104,96,117,94,75,123,29,122,19,121,80,74,99"/><T50/><D33/><U135/><E128/><V77/><F108/><W106/><G19/><T9/><D28/><U3/><E3/><V103/><F133/><N who="1" m="51273" /><E126/><V26/><F37/><W111/><G29/><T125/><D125/><U115/><E43/><V52/><F103/><N who="3" m="62567" /><G111/><T35/><D35/><U124/><E124/><V22/><F2/><W100/><G117/><T118/><D118/><U47/><E47/><V109/><F109/><W1/><G1/><T14/><D105/><U6/><E56/><N who="2" m="35207" /><F69/><W131/><G131/><T51/><D107/><U110/><E110/><V85/><F25/><W49/><G49/><T67/><REACH who="0" step="1"/><D62/><REACH who="0" ten="240,250,250,250" step="2"/><U32/><E32/><V102/><F102/><N who="3" m="62815" /><G80/><T4/><D4/><U20/><E83/><V78/><F90/><W116/><G116/><T59/><D59/><U24/><E91/><V93/><F82/><W119/><G119/><T127/><D127/><U16/><E81/><V92/><F93/><W13/><G94/><T27/><D27/><U120/><E120/><V113/><F113/><N who="1" m="43017" /><E24/><V0/><F0/><W60/><G123/><T76/><D76/><U134/><E134/><V57/><F57/><W5/><G122/><T101/><D101/><U31/><E31/><AGARI ba="0,1" hai="7,8,15,22,26,31,77,78,85,88,92" m="35207" machi="31" ten="30,3900,0" yaku="8,1,54,2" doraHai="61" who="2" fromWho="1" sc="240,0,250,-39,250,49,250,0" /><INIT seed="1,0,0,4,4,39" ten="240,211,299,250" oya="1" hai0="93,61,109,37,91,6,71,80,76,86,1,102,103" hai1="5,67,124,108,117,77,10,78,16,65,59,4,127" hai2="45,100,60,122,54,62,87,85,94,104,106,56,40" hai3="116,44,84,13,113,123,47,31,21,9,41,20,49"/><U23/><E117/><V126/><F122/><W129/><G123/><T101/><D109/><U24/><E108/><V134/><F126/><N who="1" m="48169" /><E5/><V107/><F134/><W36/><G129/><T14/><D1/><N who="1" m="271" /><E59/><V38/><REACH who="2" step="1"/><F62/><REACH who="2" ten="240,211,289,250" step="2"/><W43/><G116/><T2/><D61/><U3/><E3/><V131/><F131/><W82/><G113/><T115/><D115/><U53/><E53/><V119/><F119/><W63/><G63/><T114/><D114/><U17/><E17/><V74/><F74/><W26/><G31/><T50/><D6/><U58/><E58/><V110/><F110/><W121/><G121/><T92/><D71/><U97/><E97/><AGARI ba="0,1" hai="38,40,45,54,56,60,85,87,94,97,100,104,106,107" machi="97" ten="40,2600,0" yaku="1,1,52,1,53,0" doraHai="39" doraHaiUra="105" who="2" fromWho="1" sc="240,0,211,-26,289,36,250,0" /><INIT seed="2,0,0,0,0,34" ten="240,185,325,250" oya="2" hai0="17,43,24,11,106,66,126,3,68,86,105,36,14" hai1="132,6,100,50,112,120,49,81,119,72,109,78,38" hai2="13,90,99,70,115,85,123,57,20,75,4,63,19" hai3="94,5,111,129,55,62,134,91,131,103,84,61,79"/><V93/><F115/><W80/><G111/><T83/><D126/><U18/><E112/><V101/><F123/><W107/><G134/><T51/><D36/><U31/><E38/><V133/><F133/><W53/><G107/><T42/><D68/><U114/><E132/><V117/><F117/><W69/><G103/><T45/><D66/><U35/><E114/><V127/><F127/><W60/><G69/><T56/><D43/><U125/><E119/><V48/><F75/><W76/><G5/><T64/><D24/><U73/><E125/><V12/><F70/><W39/><G39/><T8/><D64/><U108/><E120/><V22/><F48/><N who="1" m="18537" /><E100/><V71/><F71/><W95/><G95/><T15/><D56/><U88/><E6/><V32/><F32/><W23/><G23/><T113/><D113/><U25/><E18/><V74/><F74/><W96/><REACH who="3" step="1"/><G79/><REACH who="3" ten="240,185,325,240" step="2"/><T9/><D106/><U58/><E78/><V59/><F4/><W122/><G122/><T29/><D105/><U124/><E124/><V67/><F57/><W2/><G2/><T37/><D37/><U65/><E109/><V27/><REACH who="2" step="1"/><F22/><REACH who="2" ten="240,185,315,240" step="2"/><W44/><G44/><T0/><D45/><U54/><E108/><V130/><F130/><AGARI ba="0,2" hai="53,55,60,61,62,76,80,84,91,94,96,129,130,131" machi="130" ten="40,2600,0" yaku="1,1,19,1,53,0" doraHai="34" doraHaiUra="10" who="3" fromWho="2" sc="240,0,185,0,315,-26,240,46" /><INIT seed="3,0,0,2,3,40" ten="240,185,289,286" oya="3" hai0="130,133,122,120,31,81,64,18,100,98,15,6,41" hai1="129,50,105,44,68,114,111,115,69,116,26,84,104" hai2="5,59,38,126,65,70,43,46,16,83,124,102,75" hai3="35,3,45,22,34,25,67,47,24,77,51,79,17"/><W61/><G3/><T101/><D133/><U86/><E26/><V20/><F70/><N who="1" m="27241" /><E50/><V106/><F5/><W8/><G8/><T132/><D132/><U121/><E121/><V103/><F106/><N who="1" m="41065" /><E44/><N who="3" m="16970" /><G35/><T135/><D135/><U1/><E1/><V91/><F59/><N who="3" m="37311" /><G34/><T27/><D6/><U19/><E19/><V62/><F62/><W71/><G71/><T108/><D122/><U97/><E97/><V118/><F65/><W110/><G110/><T7/><D64/><U66/><E66/><V42/><F42/><W48/><G25/><T21/><D41/><U63/><E63/><V113/><F113/><N who="1" m="43017" /><E111/><V36/><F38/><W58/><G51/><T128/><D108/><U107/><N who="1" m="41073" /><U96/><DORA hai="92" /><E96/><V11/><F11/><W80/><G80/><T33/><D120/><U85/><E129/><N who="0" m="49769" /><D81/><U125/><E125/><N who="2" m="48235" /><F83/><W78/><G78/><T134/><D134/><U117/><AGARI ba="0,0" hai="84,85,86,116,117" m="43017,41073,27241" machi="117" ten="60,4000,0" yaku="28,2" doraHai="40,92" who="1" fromWho="1" sc="240,-10,185,40,289,-10,286,-20" /><INIT seed="4,0,0,4,0,135" ten="230,225,279,266" oya="0" hai0="67,25,87,130,4,69,71,49,15,43,0,110,70" hai1="22,119,132,121,112,83,17,128,8,42,109,90,74" hai2="79,14,96,6,36,94,97,23,98,86,11,82,46" hai3="107,58,10,60,123,131,134,129,29,55,68,45,102"/><T125/><D0/><U24/><E132/><V92/><REACH who="2" step="1"/><F23/><REACH who="2" ten="230,225,269,266" step="2"/><W61/><G134/><T1/><D110/><U53/><E22/><V101/><F101/><W31/><G102/><T127/><D130/><U38/><E128/><V2/><F2/><W108/><G129/><T118/><D1/><U91/><E109/><V18/><F18/><W103/><G131/><T19/><D118/><U85/><E17/><V65/><F65/><W40/><G103/><T133/><D133/><U88/><E119/><V62/><F62/><W122/><G61/><T5/><D67/><U99/><E91/><V30/><F30/><W77/><G31/><T106/><D5/><U81/><E88/><V37/><F37/><W113/><G29/><T93/><D4/><U47/><E38/><V12/><F12/><W116/><G60/><T33/><D15/><U51/><E90/><V73/><F73/><W9/><G108/><T26/><D19/><U89/><E74/><V13/><F13/><W95/><G116/><T63/><D63/><U72/><E89/><V104/><F104/><W28/><G28/><T56/><D106/><U34/><E72/><V52/><F52/><W27/><G107/><T54/><D54/><U39/><E53/><V66/><F66/><W3/><G55/><T7/><D7/><U124/><E39/><V35/><F35/><W114/><G122/><T41/><D33/><U20/><E34/><V16/><F16/><W126/><G123/><T75/><D75/><U80/><E20/><V78/><F78/><W105/><G77/><T57/><D57/><U59/><E121/><RYUUKYOKU ba="0,1" sc="230,-10,225,-10,269,30,266,-10" hai2="6,11,14,36,46,79,82,86,92,94,96,97,98" /><INIT seed="5,1,1,1,4,8" ten="220,215,299,256" oya="1" hai0="96,14,107,47,95,114,26,98,76,13,11,9,62" hai1="46,77,112,75,36,68,48,130,99,37,3,58,125" hai2="38,35,89,108,86,71,81,33,54,83,10,90,51" hai3="80,70,40,126,18,43,100,60,105,94,63,135,44"/><U115/><E130/><V5/><F38/><N who="1" m="14953" /><E125/><V22/><F108/><W6/><G126/><T45/><D114/><N who="1" m="43563" /><E3/><V2/><F71/><W49/><G105/><T65/><D107/><U104/><E68/><V82/><F22/><W93/><G135/><T78/><D26/><U20/><E20/><V59/><REACH who="2" step="1"/><F89/><REACH who="2" ten="220,215,289,256" step="2"/><W113/><G70/><T0/><D11/><U111/><E111/><V15/><F15/><W122/><G113/><T119/><D9/><U31/><E31/><V67/><F67/><W84/><G122/><T106/><D13/><U4/><E58/><V39/><F39/><W30/><G30/><T133/><D14/><U124/><E124/><V27/><F27/><W41/><G6/><T42/><D65/><U64/><E64/><V87/><F87/><W128/><G84/><T103/><D0/><U7/><E75/><V28/><F28/><W116/><G128/><T120/><D133/><U109/><E109/><V73/><F73/><W17/><G116/><T129/><D119/><U117/><E117/><V52/><F52/><W61/><G41/><T134/><D120/><U91/><E91/><V56/><F56/><W74/><G40/><T121/><D134/><U24/><E24/><V50/><F50/><W132/><G49/><T72/><D121/><U101/><E77/><V53/><F53/><AGARI ba="1,2" hai="4,7,46,48,53,99,101,104" m="43563,14953" machi="53" ten="30,1500,0" yaku="15,1" doraHai="8" who="1" fromWho="2" sc="220,0,215,38,289,-18,256,0" /><INIT seed="5,2,0,4,4,77" ten="220,253,271,256" oya="1" hai0="85,88,8,79,116,130,32,128,78,59,64,11,105" hai1="3,54,82,117,87,42,121,4,58,63,80,84,135" hai2="25,23,61,26,66,10,111,17,95,122,108,103,53" hai3="98,16,31,101,46,129,71,99,107,5,62,93,96"/><U29/><E117/><V94/><F122/><W92/><G129/><N who="0" m="49771" /><D105/><U86/><E135/><V106/><F53/><W131/><G131/><T65/><D116/><U120/><E42/><V115/><F115/><W125/><G125/><T37/><D37/><U70/><E70/><V15/><F106/><W81/><G31/><T19/><D32/><U9/><REACH who="1" step="1"/><E29/><REACH who="1" ten="220,243,271,256" step="2"/><V126/><F126/><W109/><G107/><T12/><D11/><U21/><E21/><V14/><F111/><W22/><G109/><T90/><D90/><U124/><E124/><V52/><F108/><W41/><G41/><T134/><D134/><U113/><E113/><V34/><F34/><W100/><G22/><T114/><D114/><U28/><E28/><V6/><F23/><W0/><G101/><T7/><D7/><U43/><E43/><V33/><F103/><W51/><G100/><T27/><D27/><U91/><E91/><V112/><F25/><W67/><G5/><T127/><D127/><U69/><E69/><N who="2" m="42191" /><F26/><W55/><G71/><T73/><D73/><U36/><E36/><V44/><F33/><W123/><G123/><AGARI ba="2,1" hai="3,4,9,54,58,63,80,82,84,86,87,120,121,123" machi="123" ten="40,12000,1" yaku="1,1,52,2,53,1" doraHai="77" doraHaiUra="35" who="1" fromWho="3" sc="220,0,243,136,271,0,256,-126" owari="220,-18.0,379,47.9,271,7.1,130,-37.0" /></mjloggm>