<mjloggm ver="2.3"><GO type="225" lobby="0"/><UN n0="%41%6F%54" n1="%6C%61%6D%62" n2="%E3%81%A4%E3%81%A3%E3%81%B1%E3%82%8A%E3%83%9D%E3%83%BC%E3%83%AB" n3="%E3%82%A2%E3%83%A1%E3%82%A2%E3%83%A9%E3%83%AC" dan="16,16,17,16" rate="2075.86,2170.22,2221.15,2160.72" sx="M,M,M,M"/><TAIKYOKU oya="0"/><INIT seed="0,0,0,4,5,37" ten="250,250,250,250" oya="0" hai0="90,77,14,30,86,31,117,24,13,112,75,118,83" hai1="29,133,11,106,108,85,102,65,7,48,116,35,40" hai2="42,115,132,76,93,124,88,59,22,16,25,123,2" hai3="49,94,113,9,107,47,61,19,33,53,44,81,21"/><T12/><D112/><U114/><E116/><V120/><F115/><W52/><G107/><T54/><D54/><U46/><E114/><V78/><F2/><W79/><G33/><T69/><D69/><U55/><E108/><V127/><F132/><W105/><G105/><T135/><D135/><U66/><E133/><V26/><F59/><W122/><G113/><T131/><D131/><U20/><E35/><V64/><F64/><W6/><G122/><N who="2" m="46633" /><F26/><W74/><G94/><T43/><D43/><U84/><E106/><V80/><F80/><W60/><G47/><T97/><D97/><U67/><E102/><V96/><F42/><W3/><REACH who="3" step="1"/><G53/><REACH who="3" ten="250,250,250,240" step="2"/><T104/><D104/><U15/><REACH who="1" step="1"/><E55/><REACH who="1" ten="250,240,250,240" step="2"/><V109/><F109/><W128/><G128/><T70/><D118/><U101/><E101/><V32/><F32/><W95/><G95/><T100/><D117/><U134/><E134/><V27/><F93/><W0/><G0/><T126/><D100/><U68/><E68/><V130/><F130/><W34/><G34/><T98/><D70/><U99/><E99/><V110/><F110/><W5/><G5/><T87/><D98/><U89/><E89/><V125/><F96/><W71/><G71/><T56/><D90/><U17/><E17/><N who="2" m="12495" /><F88/><W111/><G111/><T50/><D31/><U62/><E62/><V92/><F92/><W4/><G4/><T91/><D30/><U51/><E51/><V57/><F16/><W129/><G129/><T10/><D50/><U119/><E119/><V8/><F127/><W18/><G18/><N who="0" m="8471" /><D126/><U72/><E72/><V36/><F125/><RYUUKYOKU ba="0,2" sc="250,-15,240,15,250,-15,240,15" hai1="7,11,15,20,29,40,46,48,65,66,67,84,85" hai3="3,6,9,19,21,44,49,52,60,61,74,79,81" /><INIT seed="1,1,2,1,5,63" ten="235,255,235,255" oya="1" hai0="5,129,134,86,60,11,94,26,39,72,93,77,55" hai1="90,1,79,61,8,111,51,52,9,12,10,92,64" hai2="20,83,110,87,21,68,46,118,35,36,24,4,107" hai3="14,75,100,95,44,69,109,73,85,15,42,101,38"/><U126/><E126/><V80/><F118/><W120/><G120/><T65/><D72/><U74/><E1/><V89/><F107/><W97/><G109/><T54/><D39/><U91/><E111/><V22/><F110/><W116/><G116/><T104/><D104/><U117/><E117/><V43/><F68/><W131/><G131/><T45/><D134/><U108/><E108/><V119/><F119/><W103/><G69/><T115/><D115/><U66/><E74/><V25/><F35/><W27/><G14/><N who="0" m="5487" /><D26/><U114/><E79/><V18/><F4/><W124/><G124/><T17/><D17/><U50/><E114/><V112/><F112/><W130/><G130/><T105/><D105/><U82/><E82/><V78/><REACH who="2" step="1"/><F25/><REACH who="2" ten="235,255,225,255" step="2"/><W128/><G27/><T67/><D129/><U125/><E125/><V113/><F113/><W88/><G128/><T32/><D32/><U13/><E13/><V49/><F49/><N who="1" m="18441" /><E12/><V76/><F76/><W123/><G123/><T84/><D77/><U31/><E31/><V96/><F96/><W28/><G28/><T59/><D45/><U16/><E16/><V106/><F106/><W71/><G71/><T122/><D122/><U2/><E2/><V0/><F0/><W132/><G132/><T127/><D127/><U19/><E19/><V102/><F102/><N who="3" m="39531" /><G15/><T133/><D133/><U47/><E47/><V56/><F56/><W121/><G121/><T3/><D3/><U34/><E34/><V99/><F99/><W33/><G33/><T30/><D30/><U135/><E135/><V57/><F57/><W48/><G48/><RYUUKYOKU ba="1,3" sc="235,-15,255,-15,225,15,255,15" hai2="18,20,21,22,24,36,43,46,78,80,83,87,89" hai3="38,42,44,73,75,85,88,95,97,103" /><INIT seed="2,2,3,2,5,59" ten="220,240,240,270" oya="2" hai0="37,63,76,20,119,105,98,43,110,92,51,123,47" hai1="41,28,103,79,30,22,122,50,113,86,77,100,10" hai2="45,106,84,94,56,99,17,25,83,3,121,44,70" hai3="120,88,89,81,14,38,90,12,66,91,6,80,19"/><V49/><F121/><W2/><G120/><T35/><D123/><U26/><E113/><V87/><F106/><W104/><G104/><T134/><D35/><U111/><E122/><V29/><F70/><W9/><G38/><T75/><D105/><U13/><E111/><V114/><F3/><W18/><N who="3" m="22528" /><DORA hai="27" /><W116/><G116/><T71/><D110/><U54/><E41/><V95/><F17/><W40/><G40/><T126/><D126/><U7/><E28/><V0/><F0/><W124/><G124/><T127/><D127/><U57/><REACH who="1" step="1"/><E79/><REACH who="1" ten="220,230,240,270" step="2"/><N who="2" m="46207" /><F114/><W68/><G80/><AGARI ba="2,4" hai="7,10,13,22,26,30,50,54,57,77,80,86,100,103" machi="80" ten="40,8000,1" yaku="1,1,8,1,52,1,53,2" doraHai="59,27" doraHaiUra="11,23" who="1" fromWho="3" sc="220,0,230,126,240,0,270,-86" /><INIT seed="3,0,0,2,2,96" ten="220,356,240,184" oya="3" hai0="58,43,84,0,94,66,125,67,62,79,38,4,123" hai1="70,53,92,17,65,63,31,37,104,77,133,102,11" hai2="57,89,46,19,73,108,41,28,2,128,71,14,111" hai3="52,33,49,3,60,83,115,51,113,5,122,30,118"/><W88/><G118/><T105/><D105/><U18/><E104/><V9/><F128/><W75/><G122/><T12/><D0/><U55/><E37/><V34/><F71/><W13/><G3/><T107/><D107/><U68/><E68/><V15/><F73/><W72/><G33/><T110/><D110/><N who="2" m="42026" /><F2/><W129/><G30/><T39/><D125/><U32/><E55/><V103/><F103/><W59/><G129/><T93/><D67/><U26/><E18/><V119/><F119/><W36/><G36/><T121/><D121/><U45/><E45/><V8/><F57/><W114/><G75/><T109/><D109/><U95/><E26/><N who="2" m="18711" /><F89/><W74/><G74/><T69/><D94/><U81/><E92/><V27/><F27/><W54/><G54/><T61/><D84/><U29/><E11/><N who="2" m="6623" /><F15/><W78/><REACH who="3" step="1"/><G88/><REACH who="3" ten="220,356,240,174" step="2"/><T10/><D123/><U87/><E53/><V126/><F126/><W99/><G99/><T24/><D39/><AGARI ba="0,1" hai="8,9,39,41,46" m="6623,18711,42026" machi="39" ten="30,1000,0" yaku="14,1" doraHai="96" who="2" fromWho="0" sc="220,-10,356,0,240,20,174,0" owari="210,-19.0,356,45.6,260,6.0,174,-32.6" /></mjloggm>