<mjloggm ver="2.3"><GO type="225" lobby="0"/><UN n0="%E3%83%A9%E3%83%BC%E3%83%A1%E3%83%B3%E4%BA%94%E9%83%8E" n1="%E3%81%82%E3%81%99%E3%81%AB%E3%82%83%E3%82%80" n2="%E3%81%91%E3%83%BC%E3%81%9E%E3%81%88" n3="%E7%89%B9%E6%9D%B1%E3%81%AF%E4%B8%96%E7%95%8C%E3%82%92%E6%95%91%E3%81%86" dan="16,16,16,16" rate="2067.97,2049.74,2169.54,2152.76" sx="M,F,F,M"/><TAIKYOKU oya="0"/><INIT seed="0,0,0,4,1,127" ten="250,250,250,250" oya="0" hai0="108,50,90,73,81,96,58,65,68,52,87,112,79" hai1="134,133,46,101,4,51,117,132,31,26,24,94,62" hai2="23,92,119,121,35,33,1,3,104,103,0,106,75" hai3="55,61,129,8,83,110,131,36,105,98,43,115,118"/><T2/><D112/><U107/><E117/><V45/><F92/><W15/><G115/><T20/><D2/><U102/><E107/><N who="2" m="41003" /><F103/><N who="3" m="62711" /><G118/><T78/><D108/><U76/><E76/><V19/><F119/><W113/><G113/><T57/><D68/><U49/><E4/><V82/><F23/><W47/><G83/><T44/><D65/><U80/><E80/><V86/><F19/><N who="3" m="8679" /><G55/><T54/><D73/><U85/><E62/><V91/><F91/><W27/><G27/><N who="1" m="10282" /><E31/><V130/><F86/><W18/><G18/><T70/><D70/><U120/><E120/><V128/><F45/><W25/><G25/><T5/><D5/><U9/><E9/><V93/><F93/><W124/><G61/><N who="0" m="36023" /><D44/><U38/><E38/><V125/><F121/><W122/><G122/><T69/><D69/><U7/><E7/><V14/><F14/><W64/><G64/><T34/><D34/><N who="2" m="12810" /><F125/><W60/><G60/><T30/><D96/><U116/><E116/><V12/><F12/><W67/><G67/><T42/><D42/><N who="1" m="24791" /><E51/><V72/><F82/><W97/><G124/><T111/><D111/><U135/><E135/><V100/><F100/><W56/><G97/><T89/><D78/><U59/><E59/><V29/><F29/><W48/><G110/><T53/><D53/><U126/><E126/><V16/><F16/><W39/><G56/><T77/><D77/><U88/><AGARI ba="0,0" hai="85,88,94,101,102,132,133,134" m="24791,10282" machi="88" ten="40,2700,0" yaku="20,1,54,1" doraHai="127" who="1" fromWho="1" sc="250,-13,250,27,250,-7,250,-7" /><INIT seed="1,0,0,5,5,68" ten="237,277,243,243" oya="1" hai0="40,13,110,42,0,120,1,37,74,62,10,133,48" hai1="93,34,75,17,113,59,91,118,47,112,35,12,96" hai2="18,14,25,102,11,16,69,55,51,77,41,66,86" hai3="54,108,103,63,22,71,46,124,78,70,32,4,38"/><U65/><E118/><V57/><F102/><W115/><G32/><T131/><D74/><U45/><E75/><V3/><F3/><W50/><G78/><T9/><D110/><U73/><E73/><V44/><F69/><N who="3" m="26123" /><G22/><T60/><D133/><U97/><E35/><V49/><F66/><W80/><G80/><T135/><D135/><U31/><E112/><V28/><F86/><W109/><G4/><T88/><D131/><U76/><E76/><V24/><F77/><W2/><G103/><T79/><D79/><U123/><E123/><V7/><REACH who="2" step="1"/><F25/><REACH who="2" ten="237,277,233,243" step="2"/><W119/><G2/><T126/><D0/><U107/><E65/><V58/><F58/><N who="3" m="35287" /><G115/><T121/><D1/><U30/><E113/><V87/><F87/><W29/><G109/><T92/><D120/><U132/><E132/><V21/><AGARI ba="0,1" hai="7,11,14,16,18,21,24,28,41,44,49,51,55,57" machi="21" ten="20,8000,1" yaku="1,1,0,1,7,1,8,1,54,1,53,0" doraHai="68" doraHaiUra="105" who="2" fromWho="2" sc="237,-20,277,-40,233,90,243,-20" /><INIT seed="2,0,0,2,5,116" ten="217,237,323,223" oya="2" hai0="8,7,105,79,104,70,60,15,110,78,113,47,22" hai1="38,126,28,98,23,39,65,129,122,4,109,5,37" hai2="49,81,1,99,108,130,115,72,26,73,123,125,80" hai3="11,42,62,16,77,35,56,17,76,41,87,13,46"/><V97/><F1/><W111/><G111/><T94/><D113/><U33/><E109/><V34/><F34/><W112/><G112/><T93/><D110/><U91/><E33/><V9/><F108/><W74/><G74/><N who="2" m="28777" /><F115/><W6/><G35/><T103/><D104/><U10/><E65/><V14/><F49/><N who="3" m="26831" /><G42/><T58/><D70/><U29/><E129/><V96/><F130/><W95/><G95/><N who="0" m="36363" /><D105/><U40/><E40/><V59/><F59/><W43/><G43/><T75/><D75/><U124/><E23/><V63/><F63/><W64/><G77/><N who="0" m="29195" /><D22/><U82/><E98/><V55/><F99/><W132/><G132/><T117/><D117/><U21/><E21/><V45/><F97/><W120/><G120/><T107/><D107/><U69/><E69/><V102/><F96/><W31/><G31/><T119/><D119/><U106/><E106/><V133/><F123/><W3/><G3/><T90/><D47/><U53/><E122/><V88/><F45/><W61/><G61/><T48/><D103/><U24/><E37/><V89/><F102/><W19/><G17/><T12/><D12/><U30/><E30/><V134/><F14/><W135/><G135/><T131/><D131/><U67/><E38/><V25/><F134/><W52/><G64/><N who="0" m="38935" /><D90/><N who="2" m="34922" /><F133/><W57/><G57/><T114/><D114/><U85/><E39/><V100/><F100/><W71/><G71/><T36/><D36/><U127/><E124/><V121/><F125/><W0/><G0/><T51/><AGARI ba="0,0" hai="7,8,15,48,51" m="38935,29195,36363" machi="51" ten="30,1100,0" yaku="8,1" doraHai="116" who="0" fromWho="0" sc="217,11,237,-3,323,-5,223,-3" /><INIT seed="3,0,0,2,2,9" ten="228,234,318,220" oya="3" hai0="15,98,25,125,119,79,33,22,27,105,97,78,93" hai1="126,91,115,89,71,55,84,82,130,47,2,121,110" hai2="8,69,39,102,24,6,99,64,95,31,37,112,114" hai3="52,60,85,88,62,118,18,83,23,29,3,132,72"/><W19/><G132/><T14/><D119/><U104/><E115/><V108/><F108/><W86/><G118/><T34/><D93/><U5/><E121/><V13/><F112/><W48/><G3/><T129/><D22/><U70/><E104/><N who="2" m="63583" /><F114/><W59/><G72/><T135/><D105/><U49/><E110/><V87/><F87/><W50/><G50/><T90/><D90/><U107/><E107/><V61/><F95/><N who="3" m="54671" /><G29/><T11/><D11/><U58/><E70/><V68/><F68/><W106/><G106/><T123/><D123/><U63/><E71/><V7/><F7/><W109/><G109/><T100/><D100/><U94/><E130/><V1/><F1/><W131/><G131/><T41/><D129/><U128/><E128/><V17/><F6/><W75/><G75/><T16/><D41/><U45/><E2/><V124/><F124/><W4/><G4/><T134/><D125/><U57/><E5/><V103/><F103/><W120/><G120/><T117/><D117/><U122/><E122/><V113/><F113/><W26/><G18/><AGARI ba="0,0" hai="14,15,16,18,25,27,33,34,78,79,97,98,134,135" machi="18" ten="25,8000,1" yaku="22,2,52,2,54,1" doraHai="9" who="0" fromWho="3" sc="228,80,234,0,318,0,220,-80" owari="308,10.8,234,-16.6,318,41.8,140,-36.0" /></mjloggm>