<mjloggm ver="2.3"><GO type="225" lobby="0"/><UN n0="%E6%80%AA%E3%81%97%E3%81%99%E3%81%8E%E3%82%8B%E3%83%81%E3%83%BC" n1="%E8%A8%88%E7%AE%97%E6%A9%9F%E8%87%AA%E7%84%B6" n2="%E6%A1%9C%E8%8A%B1%E9%96%83%E3%80%85" n3="%E3%83%AD%E3%83%83%E3%83%86%E9%9B%80%E7%90%83" dan="16,17,17,17" rate="2159.46,2174.04,2249.77,2143.48" sx="M,M,M,M"/><TAIKYOKU oya="0"/><INIT seed="0,0,0,1,1,127" ten="250,250,250,250" oya="0" hai0="125,71,86,11,12,131,1,61,84,80,120,47,128" hai1="111,27,110,19,97,6,88,135,22,20,81,62,95" hai2="102,39,82,101,118,5,112,8,25,35,45,109,28" hai3="30,78,53,54,96,79,68,105,66,4,122,50,94"/><T93/><D125/><U91/><E135/><V38/><F112/><W17/><G105/><T98/><D120/><U77/><E6/><V42/><F109/><W60/><G122/><T64/><D1/><U44/><E44/><V92/><F118/><W89/><G30/><T21/><D21/><U119/><E119/><V107/><F107/><W83/><G4/><N who="0" m="3175" /><D80/><U15/><E91/><V133/><F133/><W123/><G123/><T134/><D47/><U13/><E62/><V108/><F108/><N who="1" m="41513" /><E20/><V55/><F39/><W69/><G79/><T100/><D134/><U85/><AGARI ba="0,0" hai="13,15,19,22,27,77,81,85,88,95,97" m="41513" machi="85" ten="30,2000,0" yaku="14,1,54,1" doraHai="127" who="1" fromWho="1" sc="250,-10,250,20,250,-5,250,-5" /><INIT seed="1,0,0,3,1,39" ten="240,270,245,245" oya="1" hai0="120,89,14,24,117,29,55,82,6,12,101,49,71" hai1="110,80,66,123,42,50,63,7,67,10,112,61,81" hai2="64,135,113,107,15,133,78,92,102,28,114,31,56" hai3="35,88,11,109,132,9,69,96,22,86,91,111,51"/><U130/><E112/><N who="2" m="43115" /><F107/><W105/><G35/><T38/><D38/><U70/><E123/><V94/><F78/><W54/><G69/><T25/><D71/><U53/><E130/><V121/><F121/><W122/><G122/><T36/><D36/><U124/><E124/><V74/><F74/><W90/><G132/><N who="2" m="50761" /><F15/><W116/><G22/><T32/><D117/><U118/><E110/><N who="3" m="41994" /><G116/><T21/><D101/><U26/><E26/><V13/><F13/><W58/><G86/><T3/><D3/><U87/><E87/><V40/><F40/><W23/><G23/><T5/><D14/><U62/><E42/><V20/><F20/><W99/><G105/><T93/><D12/><N who="1" m="5215" /><E118/><V46/><F46/><W119/><G119/><T131/><D131/><U65/><E70/><V108/><F108/><W17/><G17/><T0/><D0/><U44/><AGARI ba="0,0" hai="44,50,53,61,62,63,65,66,67,80,81" m="5215" machi="44" ten="30,1500,0" yaku="8,1" doraHai="39" who="1" fromWho="1" sc="240,-5,270,15,245,-5,245,-5" /><INIT seed="1,1,0,3,0,74" ten="235,285,240,240" oya="1" hai0="5,122,106,7,34,20,97,80,61,75,128,49,26" hai1="22,8,84,0,36,90,113,60,21,112,48,54,24" hai2="29,56,77,63,119,107,31,16,25,66,45,62,65" hai3="83,38,103,79,93,131,81,12,125,88,124,89,96"/><U32/><E36/><V69/><F119/><W41/><G12/><T104/><D34/><U130/><E32/><V91/><F107/><W40/><G131/><T105/><D128/><U127/><E130/><V4/><F4/><W14/><G14/><T53/><D122/><U70/><E127/><N who="3" m="48714" /><G83/><T37/><D37/><U64/><E8/><V115/><F115/><W116/><G116/><T135/><D61/><U129/><E21/><V59/><F69/><W102/><G89/><T55/><D97/><U132/><E132/><V85/><F45/><N who="3" m="23703" /><G41/><T71/><D135/><U98/><E0/><V99/><F99/><W67/><G67/><T73/><D80/><U19/><E98/><V33/><F77/><W1/><G1/><T126/><D126/><U57/><REACH who="1" step="1"/><E129/><REACH who="1" ten="235,275,240,240" step="2"/><V44/><F33/><W42/><G42/><T114/><D20/><U46/><E46/><V2/><F44/><W86/><AGARI ba="1,1" hai="79,81,86,88,93,96,102,103" m="23703,48714" machi="86" ten="30,4000,0" yaku="18,1,52,1,54,1" doraHai="74" who="3" fromWho="3" sc="235,-11,275,-21,240,-11,240,53" /><INIT seed="2,0,0,5,1,56" ten="224,254,229,293" oya="2" hai0="54,110,45,46,34,10,38,90,81,129,11,102,124" hai1="113,35,72,53,80,130,39,55,120,1,2,5,67" hai2="112,111,63,95,12,15,135,132,116,134,20,91,117" hai3="64,88,57,122,107,47,89,52,128,93,32,44,31"/><V50/><F112/><W114/><G107/><T62/><D34/><U73/><E113/><V60/><F50/><W21/><G122/><T30/><D110/><U108/><E35/><V69/><F111/><W13/><G32/><T96/><D129/><U77/><E108/><V18/><F12/><W58/><G114/><T42/><D124/><U123/><E39/><V75/><F75/><W24/><G128/><T94/><D30/><U83/><E130/><V17/><F17/><W104/><G104/><T92/><D81/><U106/><E106/><V70/><F70/><W49/><G13/><T23/><D23/><U40/><E67/><V9/><F20/><W131/><G131/><T7/><D7/><U125/><E40/><V41/><F41/><W25/><G25/><T98/><REACH who="0" step="1"/><D62/><REACH who="0" ten="214,254,229,293" step="2"/><N who="2" m="23594" /><F69/><W14/><G21/><T118/><D118/><U133/><E5/><V68/><F68/><W22/><G22/><T103/><D103/><U119/><E119/><V99/><AGARI ba="0,1" hai="9,15,18,91,95,99,116,117,132,134,135" m="23594" machi="99" ten="40,12000,1" yaku="20,1,52,3" doraHai="56" who="2" fromWho="2" sc="214,-40,254,-40,229,130,293,-40" /><INIT seed="2,1,0,4,5,29" ten="174,214,359,253" oya="2" hai0="33,99,89,39,56,83,126,42,52,46,122,2,17" hai1="81,12,108,134,47,1,128,0,36,98,135,43,37" hai2="116,64,50,79,118,27,35,61,91,26,92,38,41" hai3="75,95,55,21,25,112,65,19,72,88,76,130,3"/><V60/><F38/><W9/><G130/><T110/><D122/><U45/><E128/><V70/><F79/><W51/><G112/><T71/><D71/><U62/><E108/><V100/><F100/><W48/><G65/><T107/><D2/><U80/><E12/><V123/><F123/><W85/><G76/><T131/><D110/><U69/><E98/><V133/><F61/><W28/><G51/><T96/><D131/><U24/><E24/><V73/><F73/><W127/><G127/><T87/><D126/><U103/><E103/><V11/><F11/><W94/><G94/><T86/><D107/><U115/><E62/><V93/><F93/><W30/><G30/><T129/><D33/><U5/><E69/><V90/><F90/><W57/><REACH who="3" step="1"/><G19/><REACH who="3" ten="174,214,359,243" step="2"/><T67/><D67/><U63/><E63/><V114/><F114/><W40/><G40/><T18/><D129/><U22/><E115/><V113/><F113/><W109/><G109/><T74/><D74/><U44/><E43/><V53/><F41/><W120/><G120/><T121/><D121/><U54/><E36/><V58/><F50/><W77/><G77/><T23/><D18/><U82/><E37/><V125/><F125/><W14/><G14/><T106/><D106/><U4/><E0/><V13/><F13/><W117/><G117/><T6/><D39/><U8/><E54/><N who="2" m="33879" /><F116/><W34/><G34/><T31/><D42/><U32/><E32/><V101/><F53/><W49/><G49/><T105/><D52/><U124/><E124/><V111/><F118/><W78/><G78/><N who="0" m="46455" /><D105/><U97/><E1/><RYUUKYOKU ba="1,1" sc="174,-10,214,-10,359,-10,243,30" hai3="3,9,21,25,28,48,55,57,72,75,85,88,95" /><INIT seed="3,2,1,4,1,14" ten="164,204,349,273" oya="3" hai0="135,12,13,1,59,72,55,65,66,58,73,133,82" hai1="36,110,125,87,23,104,34,85,47,98,127,48,117" hai2="32,128,49,109,17,22,6,130,131,5,54,70,78" hai3="113,74,134,93,96,84,53,20,112,132,71,79,38"/><W39/><G71/><T119/><D82/><U28/><E34/><V83/><F109/><W50/><G74/><N who="0" m="28779" /><D55/><N who="1" m="30111" /><E36/><N who="3" m="13866" /><G84/><T102/><D102/><N who="1" m="62551" /><E110/><V118/><F118/><W16/><G79/><T114/><D1/><U41/><E41/><V99/><F99/><W42/><G42/><T122/><D122/><U108/><E117/><V101/><F101/><N who="3" m="60559" /><G50/><T126/><D119/><U116/><E108/><V97/><F97/><W25/><G53/><T2/><D2/><U92/><E92/><V103/><F103/><W51/><G51/><T33/><D33/><U89/><E89/><V80/><F70/><W8/><G8/><T4/><D4/><N who="2" m="1642" /><F32/><W90/><G90/><T61/><D114/><U30/><E116/><V67/><F67/><N who="0" m="25610" /><D61/><U37/><E37/><V56/><F78/><W69/><G69/><T35/><D35/><U76/><E76/><V81/><F81/><W62/><G62/><T86/><D86/><U29/><E85/><V88/><F88/><W40/><G40/><T124/><D13/><AGARI ba="2,1" hai="13,17,22,49,54,56,80,83,128,130,131" m="1642" machi="13" ten="30,2000,0" yaku="19,1,52,1" doraHai="14" who="2" fromWho="0" sc="164,-26,204,0,349,36,273,0" owari="138,-36.2,204,-19.6,385,48.5,273,7.3" /></mjloggm>