<mjloggm ver="2.3"><GO type="225" lobby="0"/><UN n0="%E5%A4%9C%E5%85%89%E5%A4%A9%E6%A5%BC" n1="%6C%61%6D%62" n2="%4C%4F%4C%49%54%41" n3="%E3%81%AA%E3%82%81%E3%81%93%E9%9B%80%E5%A3%AB" dan="17,16,16,16" rate="2200.26,2130.28,2167.66,2025.70" sx="M,M,F,M"/><TAIKYOKU oya="0"/><INIT seed="0,0,0,2,4,82" ten="250,250,250,250" oya="0" hai0="44,115,91,87,4,33,3,21,30,50,79,67,51" hai1="24,99,131,56,111,65,119,17,95,72,7,100,8" hai2="37,135,124,71,42,97,76,48,23,58,47,40,59" hai3="2,69,16,27,106,101,104,107,49,55,25,105,26"/><T120/><D115/><U92/><E119/><V116/><F71/><W0/><G69/><T93/><D120/><U103/><E72/><V15/><F124/><W121/><G121/><T89/><D67/><U41/><E111/><V22/><F135/><W20/><N who="3" m="26624" /><DORA hai="35" /><W88/><G101/><T90/><D33/><U114/><E131/><V125/><F125/><W60/><G60/><T126/><D51/><U36/><E41/><V18/><F116/><W96/><G88/><N who="0" m="33835" /><D3/><U86/><E36/><V118/><F118/><W78/><G78/><T52/><D126/><U64/><E64/><V117/><F117/><W128/><G96/><T75/><D75/><U130/><E99/><V53/><F76/><W108/><G108/><T34/><D34/><U133/><E65/><V11/><F97/><W83/><G83/><T132/><D132/><U57/><E133/><V94/><F94/><W73/><G73/><T123/><D123/><U74/><E114/><V10/><F40/><W6/><G6/><T68/><D68/><U29/><E92/><V1/><F58/><W9/><G9/><T112/><D79/><U98/><E98/><V46/><REACH who="2" step="1"/><F59/><REACH who="2" ten="250,250,240,250" step="2"/><W129/><G55/><T43/><D43/><U66/><E57/><V38/><F38/><W80/><G49/><T102/><D112/><U5/><E56/><V85/><F85/><W127/><G127/><T110/><D110/><U19/><E74/><V14/><F14/><N who="3" m="9239" /><G80/><T122/><D122/><U32/><E95/><V84/><F84/><W109/><G109/><T39/><D39/><U134/><E134/><V77/><F77/><RYUUKYOKU ba="0,1" sc="250,-15,250,-15,240,15,250,15" hai2="1,10,11,15,18,22,23,37,42,46,47,48,53" hai3="0,2,25,26,27,128,129" /><INIT seed="1,1,1,5,3,45" ten="235,235,255,265" oya="1" hai0="79,17,37,78,18,131,80,71,15,84,87,67,94" hai1="11,93,134,109,70,41,103,121,120,122,55,132,88" hai2="44,24,0,43,38,83,16,102,47,128,105,22,95" hai3="91,135,42,98,64,30,81,115,51,125,53,26,73"/><U104/><E70/><V19/><F0/><W96/><G115/><T99/><D131/><U59/><E41/><V34/><F128/><W76/><G125/><T82/><D37/><U31/><E31/><V63/><F34/><W3/><G3/><T33/><D33/><U49/><E109/><V100/><F105/><W90/><G42/><T25/><D25/><U9/><E103/><V97/><F100/><W68/><G96/><T10/><D67/><U4/><E104/><V50/><F83/><W56/><G98/><T77/><D71/><U39/><E39/><V46/><F63/><W36/><G36/><T119/><D119/><U114/><E114/><V133/><F133/><N who="1" m="51305" /><E4/><V32/><F32/><W58/><G68/><T52/><D18/><N who="2" m="6698" /><F38/><W27/><G135/><T12/><D12/><U89/><E89/><V23/><F23/><W123/><G27/><T28/><D28/><AGARI ba="1,1" hai="22,24,28,43,44,46,47,50,95,97,102" m="6698" machi="28" ten="30,3900,0" yaku="8,1,52,1,54,1" doraHai="45" who="2" fromWho="0" sc="235,-42,235,0,255,52,265,0" /><INIT seed="2,0,0,0,2,123" ten="193,235,307,265" oya="2" hai0="34,115,36,84,16,15,3,47,100,72,108,107,2" hai1="104,24,86,67,41,23,58,43,119,13,4,77,117" hai2="30,65,80,8,69,122,106,66,7,89,124,25,59" hai3="35,18,99,81,132,103,102,78,60,111,90,105,61"/><V40/><F122/><W10/><G35/><T52/><D115/><U57/><E104/><V129/><F106/><W62/><G103/><T128/><D72/><U116/><E4/><V9/><F69/><W92/><G132/><T131/><D34/><U95/><E13/><V49/><F124/><W113/><G113/><T71/><D71/><U134/><E134/><V73/><F129/><N who="0" m="49738" /><D36/><U38/><E67/><V74/><F74/><W135/><G135/><T11/><D108/><U45/><E43/><V46/><F59/><W37/><G37/><T63/><D84/><U32/><E32/><V50/><F50/><W55/><G111/><T91/><D91/><U64/><E64/><V112/><F112/><W82/><G55/><T125/><D125/><U20/><E20/><N who="2" m="15655" /><F73/><W27/><G78/><T133/><D133/><U26/><E77/><V29/><F29/><W121/><G121/><T31/><D31/><U126/><E126/><V75/><F75/><W118/><G102/><T44/><D100/><U68/><E68/><V110/><F110/><W98/><G99/><T54/><D107/><U83/><E117/><V5/><F89/><W51/><G118/><T93/><D93/><U109/><E95/><V88/><F66/><W70/><G105/><T120/><D120/><U22/><E109/><V101/><F101/><W0/><G70/><T12/><D12/><U127/><E127/><V48/><F65/><W17/><G27/><N who="1" m="10282" /><E119/><V87/><F49/><W53/><G82/><T33/><D33/><U1/><E116/><V14/><F14/><W19/><G81/><T76/><D15/><RYUUKYOKU ba="0,0" sc="193,-10,235,-10,307,30,265,-10" hai2="5,7,8,9,40,46,48,80,87,88" /><INIT seed="2,1,0,5,4,101" ten="183,225,337,255" oya="2" hai0="82,44,2,108,77,74,23,6,86,128,95,118,7" hai1="29,116,133,89,130,35,48,38,31,32,121,60,18" hai2="33,83,20,99,8,131,88,72,106,104,76,68,53" hai3="117,115,112,61,132,27,21,30,63,40,46,25,91"/><V45/><F33/><W73/><G73/><T9/><D108/><U97/><E38/><V70/><F131/><W84/><G117/><T43/><D128/><U103/><E116/><V85/><F20/><W47/><G132/><T80/><D118/><U42/><E130/><V58/><F45/><W52/><G27/><T109/><D109/><U26/><E133/><V105/><F99/><W98/><G98/><T125/><D95/><U34/><E89/><V39/><F39/><W122/><G122/><T24/><D7/><U37/><E37/><V5/><F76/><W110/><G110/><T1/><D1/><U10/><E60/><V66/><F66/><W64/><G40/><T134/><D125/><U107/><E121/><V17/><F17/><W49/><G46/><T28/><D134/><U36/><E48/><V79/><F53/><W62/><REACH who="3" step="1"/><G64/><REACH who="3" ten="183,225,337,245" step="2"/><T15/><D74/><U14/><E42/><V126/><F126/><W81/><AGARI ba="1,1" hai="21,25,30,47,49,52,61,62,63,81,84,91,112,115" machi="81" ten="30,7900,0" yaku="1,1,2,1,0,1,54,1,53,0" doraHai="101" doraHaiUra="13" who="3" fromWho="3" sc="183,-21,225,-21,337,-40,245,92" /><INIT seed="3,0,0,2,1,71" ten="162,204,297,337" oya="3" hai0="15,114,68,47,75,37,130,23,100,99,132,77,93" hai1="65,117,30,69,54,82,22,86,35,56,26,87,128" hai2="0,124,44,101,61,32,72,6,58,81,111,110,4" hai3="9,120,116,49,66,108,14,39,64,11,19,50,17"/><W53/><G39/><T24/><D68/><U113/><E113/><V109/><F32/><W105/><G116/><T16/><D114/><U80/><E117/><V129/><F124/><W8/><G105/><T103/><D130/><U78/><E128/><V34/><F129/><W84/><G120/><T3/><D3/><U10/><E35/><V85/><F34/><W90/><G108/><T95/><D132/><U57/><E69/><V21/><F72/><W74/><G74/><T33/><D75/><U60/><E10/><N who="3" m="4202" /><G19/><T119/><D77/><N who="1" m="46351" /><E57/><V67/><F0/><W98/><G98/><T92/><D119/><U91/><E54/><V79/><F101/><W46/><G50/><T45/><D100/><U104/><E104/><V122/><F122/><W135/><G135/><T5/><D5/><U1/><E1/><V62/><F44/><W27/><G27/><T121/><D121/><U102/><E102/><V106/><F106/><W28/><G28/><T76/><D76/><AGARI ba="0,0" hai="22,26,30,56,60,65,76,78,82,87,91" m="46351" machi="76" ten="30,1000,0" yaku="8,1" doraHai="71" who="1" fromWho="0" sc="162,-10,204,10,297,0,337,0" owari="152,-34.8,214,-18.6,297,9.7,337,43.7" /></mjloggm>