<mjloggm ver="2.3"><GO type="225" lobby="0"/><UN n0="%E8%BE%9B%E5%8F%A3%E3%82%AB%E3%83%AC%E3%83%BC%E3%83%A9%E3%82%A4%E3%82%B9" n1="%6D%75%75%73%61%6E%6D%75" n2="%E7%B4%94%E6%BD%94%E3%83%94%E3%83%A9%E3%83%8B%E3%82%A2" n3="%72%69%6F%75%63%68%61%6E" dan="17,17,17,16" rate="2200.40,2134.98,2163.89,2209.09" sx="M,F,M,M"/><TAIKYOKU oya="0"/><INIT seed="0,0,0,2,4,48" ten="250,250,250,250" oya="0" hai0="52,37,113,13,120,53,111,106,68,71,82,126,15" hai1="134,132,0,83,112,103,59,40,107,60,21,125,115" hai2="26,29,81,10,18,128,135,63,64,54,47,92,99" hai3="22,93,58,35,86,98,24,78,117,90,45,133,127"/><T56/><D113/><N who="1" m="43595" /><E0/><V130/><F135/><N who="1" m="51753" /><E21/><V84/><F10/><W80/><G127/><T70/><D120/><U100/><E107/><V94/><F18/><W75/><G117/><T5/><D106/><U39/><E83/><V118/><F47/><W43/><G133/><T19/><D37/><U33/><E33/><V4/><F4/><W109/><G109/><T25/><D126/><U116/><E125/><V101/><F94/><W1/><G1/><T95/><D111/><U73/><E73/><V114/><F118/><W76/><G35/><T17/><D5/><U16/><E16/><N who="0" m="6217" /><D56/><U20/><E20/><V41/><F41/><W85/><G58/><T121/><D121/><U8/><E8/><V77/><F114/><W2/><G2/><T89/><D82/><U88/><E116/><V87/><F87/><W66/><G66/><T7/><D7/><U14/><E14/><N who="0" m="5129" /><D25/><U9/><E9/><V51/><F26/><W55/><G24/><T72/><D72/><U38/><E38/><V119/><F119/><W27/><G27/><T123/><D123/><U32/><E32/><V62/><F81/><W122/><G22/><T11/><D11/><U36/><E36/><V124/><F92/><W104/><G122/><T131/><D95/><U102/><E59/><V67/><F124/><W30/><G104/><T108/><D108/><U105/><E105/><V91/><F77/><W3/><G76/><T12/><D12/><U50/><E39/><V97/><F64/><W129/><G75/><T42/><D89/><U61/><E88/><V74/><F74/><W28/><G90/><RYUUKYOKU ba="0,0" sc="250,-10,250,30,250,-10,250,-10" hai1="40,50,60,61,100,102,103" /><INIT seed="1,1,0,4,0,116" ten="240,280,240,240" oya="1" hai0="0,6,10,42,128,89,15,28,97,7,2,52,46" hai1="106,34,67,120,43,65,100,109,119,37,129,107,98" hai2="20,9,76,71,105,104,74,101,4,113,49,108,117" hai3="51,124,102,83,21,36,85,27,56,22,26,87,32"/><U69/><E119/><V47/><F117/><W123/><G123/><T25/><D128/><U110/><E120/><V86/><F74/><W18/><G124/><T35/><D6/><U81/><E129/><V93/><F71/><W130/><G130/><T126/><D126/><U23/><E34/><V40/><F108/><N who="1" m="41577" /><E107/><V16/><F113/><W91/><G36/><T1/><D52/><U8/><E69/><V122/><F122/><W79/><G32/><T132/><D132/><U92/><E8/><V5/><F5/><W88/><G102/><T75/><D75/><U45/><E81/><N who="2" m="47399" /><F101/><W33/><G33/><T121/><D121/><U73/><E73/><V99/><F99/><W13/><G22/><T131/><D131/><U77/><E77/><V60/><F60/><W82/><REACH who="3" step="1"/><G79/><REACH who="3" ten="240,280,240,230" step="2"/><T12/><D35/><U103/><E23/><V39/><F39/><W66/><G66/><T29/><D10/><U48/><E37/><V11/><F11/><W78/><G78/><T59/><D1/><U31/><E65/><V114/><F114/><W24/><G24/><T95/><D25/><U14/><E67/><V63/><F20/><W54/><AGARI ba="1,1" hai="13,18,21,26,27,51,54,56,82,83,85,87,88,91" machi="54" ten="30,12000,2" yaku="1,1,0,1,9,1,8,1,54,1,53,1" doraHai="116" doraHaiUra="19" who="3" fromWho="3" sc="240,-31,280,-61,240,-31,230,133" /><INIT seed="2,0,0,3,3,133" ten="209,219,209,363" oya="2" hai0="3,124,14,1,90,63,109,74,101,71,33,80,120" hai1="35,46,29,68,31,99,105,116,56,13,65,27,43" hai2="61,82,54,132,79,76,91,44,108,26,21,123,66" hai3="122,70,55,9,49,126,92,94,73,38,58,2,85"/><V47/><F123/><W52/><G126/><T119/><D120/><U130/><E116/><V106/><F106/><W10/><G122/><T111/><D33/><U107/><E31/><V129/><F129/><W88/><G73/><T112/><D112/><U117/><E130/><V135/><F91/><N who="3" m="53359" /><G70/><T34/><D34/><U84/><E117/><V104/><F104/><W78/><G38/><T39/><D39/><U30/><E30/><V19/><F108/><N who="0" m="41546" /><D119/><U95/><E84/><V93/><F93/><W110/><G2/><T36/><D36/><U37/><E68/><V24/><F24/><W102/><G110/><T15/><D101/><U77/><E77/><V83/><F79/><W100/><G78/><N who="0" m="44119" /><D90/><U8/><E65/><V12/><F82/><W115/><G115/><T0/><D124/><U17/><REACH who="1" step="1"/><E56/><REACH who="1" ten="209,209,209,363" step="2"/><N who="2" m="34967" /><F66/><AGARI ba="0,1" hai="0,1,3,14,15,63,66,71" m="44119,41546" machi="66" ten="40,1300,0" yaku="14,1" doraHai="133" who="0" fromWho="2" sc="209,23,209,0,209,-13,363,0" /><INIT seed="3,0,0,2,1,97" ten="232,209,196,363" oya="3" hai0="71,43,105,124,130,6,25,59,1,86,109,55,111" hai1="50,90,18,112,66,103,83,19,60,13,62,74,47" hai2="16,127,41,120,14,104,21,56,108,117,77,35,95" hai3="96,78,80,115,92,100,17,42,38,10,121,7,24"/><W94/><G115/><T30/><D71/><U73/><E112/><V45/><F104/><W93/><G121/><T61/><D105/><U106/><E74/><V72/><F117/><W32/><G32/><T134/><D134/><U49/><E73/><V8/><F35/><W126/><G126/><T76/><D124/><U22/><E106/><V4/><F127/><W54/><G54/><T53/><D130/><U64/><E103/><V135/><F135/><W79/><G79/><T107/><D107/><U122/><E122/><V69/><F69/><W75/><G17/><T89/><D43/><N who="1" m="24831" /><E50/><V63/><F120/><W9/><G24/><T51/><D76/><U15/><E83/><V114/><F114/><W26/><G26/><T39/><D39/><U33/><E90/><V34/><F34/><W84/><G10/><T65/><D6/><U99/><E99/><V3/><F108/><N who="0" m="41546" /><D51/><U125/><E33/><V36/><F95/><W118/><G118/><T88/><D89/><U5/><E5/><V70/><F70/><W31/><G31/><T128/><D1/><U27/><E125/><V85/><F85/><W133/><G84/><T68/><D128/><U58/><E19/><V123/><F123/><W81/><G80/><N who="0" m="49223" /><D68/><U28/><E28/><V48/><F48/><W82/><G81/><T2/><D2/><U116/><E116/><V20/><F77/><W29/><G133/><T11/><D11/><U67/><E58/><V113/><F113/><W119/><G78/><T44/><D44/><U110/><E110/><V131/><F131/><W129/><G119/><T52/><D30/><RYUUKYOKU ba="0,0" sc="232,15,209,15,196,-15,363,-15" hai0="25,52,53,55,59,61,65" hai1="13,15,18,22,27,60,62,64,66,67" owari="247,4.7,224,-17.6,181,-31.9,348,44.8" /></mjloggm>