<mjloggm ver="2.3"><GO type="225" lobby="0"/><UN n0="%E6%9D%B1%E9%A2%A8%E3%81%AE%E3%81%8D%E3%82%83%E3%81%B7%E3%81%95%E3%82%93" n1="%E3%82%A2%E3%83%A1%E3%82%A2%E3%83%A9%E3%83%AC" n2="%E3%80%90%E3%83%88%E3%83%AA%E3%83%A5%E3%83%95%E3%80%91" n3="%E3%83%A9%E3%83%BC%E3%83%A1%E3%83%B3%E4%BA%94%E9%83%8E" dan="17,16,16,16" rate="2172.32,2111.16,2072.57,2126.79" sx="M,M,M,M"/><TAIKYOKU oya="0"/><INIT seed="0,0,0,1,4,75" ten="250,250,250,250" oya="0" hai0="14,135,116,60,107,93,101,118,4,72,132,79,95" hai1="43,13,74,45,59,83,29,42,17,67,109,120,91" hai2="133,32,124,89,54,102,69,27,90,8,99,77,100" hai3="18,35,86,110,21,16,7,0,76,84,115,15,92"/><T38/><D38/><U50/><E109/><V125/><F8/><W66/><G115/><T39/><D60/><N who="1" m="38303" /><E74/><V119/><F54/><W131/><G110/><T24/><D24/><U127/><E127/><N who="2" m="48715" /><F69/><W40/><G131/><T71/><D39/><U68/><E68/><V134/><F119/><N who="0" m="45610" /><D71/><U9/><E29/><N who="2" m="19519" /><F77/><W20/><G66/><T62/><D62/><U128/><E120/><V64/><F64/><W111/><G40/><T6/><D6/><U97/><E128/><V10/><F10/><W48/><G111/><T65/><D65/><U121/><E121/><V11/><F11/><W126/><G126/><T30/><D30/><U56/><E56/><V61/><F61/><W53/><G7/><T49/><D49/><U112/><E112/><V23/><F23/><W94/><G35/><T19/><D4/><U52/><E97/><V5/><F5/><W28/><G28/><T3/><D3/><U1/><E1/><V113/><F113/><W130/><G0/><T37/><D37/><U122/><E122/><V47/><F47/><N who="3" m="27807" /><G130/><T41/><D41/><U105/><E105/><N who="2" m="63647" /><F102/><W87/><G76/><T46/><D46/><U70/><E70/><V82/><F89/><W26/><AGARI ba="0,0" hai="15,16,18,20,21,26,84,86,87,92,94" m="27807" machi="26" ten="30,2000,0" yaku="8,1,54,1" doraHai="75" who="3" fromWho="3" sc="250,-10,250,-5,250,-5,250,20" /><INIT seed="1,0,0,0,0,127" ten="240,245,245,270" oya="1" hai0="98,21,94,86,15,110,96,87,2,119,11,42,85" hai1="43,6,97,27,22,71,53,3,9,46,70,18,44" hai2="20,135,63,23,73,107,16,131,0,48,91,24,47" hai3="61,14,60,102,35,104,49,65,134,29,67,83,106"/><U62/><E97/><V69/><F107/><W28/><G134/><T26/><D110/><U45/><REACH who="1" step="1"/><E43/><REACH who="1" ten="240,235,245,270" step="2"/><V92/><F135/><W122/><G122/><T82/><D42/><U133/><E133/><V105/><F105/><W13/><G106/><T76/><D119/><U80/><E80/><V74/><F0/><W79/><G83/><T54/><D2/><U93/><E93/><V117/><F117/><W4/><G104/><T52/><D98/><U81/><E81/><V31/><F69/><W32/><G79/><T103/><D82/><U5/><E5/><V101/><F101/><W125/><G4/><N who="0" m="3559" /><D76/><U50/><E50/><V89/><F48/><W109/><G49/><T41/><D41/><U90/><E90/><V124/><F89/><W36/><G102/><T30/><AGARI ba="0,1" hai="21,26,30,52,54,85,86,87,94,96,103" m="3559" machi="30" ten="30,2000,0" yaku="8,1,54,1" doraHai="127" who="0" fromWho="0" sc="240,30,235,-10,245,-5,270,-5" /><INIT seed="2,0,0,3,2,89" ten="270,225,240,265" oya="2" hai0="134,2,88,95,46,15,37,73,135,119,92,113,24" hai1="130,81,61,125,25,13,7,62,114,66,118,77,101" hai2="96,41,104,74,99,84,17,35,3,126,109,116,128" hai3="1,31,45,11,82,40,32,6,117,102,93,48,68"/><V38/><RYUUKYOKU type="yao9" ba="0,0" sc="270,0,225,0,240,0,265,0" hai2="3,17,35,38,41,74,84,96,99,104,109,116,126,128" /><INIT seed="2,1,0,2,3,87" ten="270,225,240,265" oya="2" hai0="23,46,56,48,19,126,63,102,83,90,88,113,4" hai1="98,116,78,49,80,105,69,92,20,103,1,111,11" hai2="39,37,43,62,91,12,10,34,132,36,133,77,52" hai3="135,101,27,33,95,50,81,89,8,31,96,124,14"/><V13/><F34/><W110/><G110/><T108/><D113/><U120/><E111/><V84/><F77/><W82/><G135/><N who="2" m="51785" /><F43/><W44/><G101/><T66/><D126/><U70/><E116/><V94/><F10/><W117/><G124/><T127/><D127/><U125/><E125/><V114/><F114/><W38/><G38/><T76/><D102/><U5/><E120/><V112/><F112/><W134/><G117/><T6/><D108/><U55/><E20/><V122/><F122/><W58/><G58/><AGARI ba="1,0" hai="12,13,36,37,39,52,58,62,84,91,94" m="51785" machi="58" ten="40,7700,0" yaku="20,1,52,1,54,1" doraHai="87" who="2" fromWho="3" sc="270,0,225,0,240,80,265,-80" /><INIT seed="2,2,0,0,1,134" ten="270,225,320,185" oya="2" hai0="56,111,52,54,116,85,92,41,25,131,19,96,97" hai1="102,13,76,6,12,71,42,79,101,72,127,125,121" hai2="14,5,94,21,23,80,0,16,108,84,78,77,26" hai3="28,66,69,65,81,22,91,45,34,3,8,17,38"/><V83/><F0/><W99/><G34/><T75/><D75/><U119/><E119/><V32/><F32/><W35/><G35/><T120/><D131/><U36/><E71/><V30/><F108/><W4/><G28/><T57/><D120/><U123/><E42/><V129/><F129/><W103/><G69/><T86/><D41/><U47/><E47/><V1/><F1/><W128/><G128/><T126/><D126/><N who="1" m="48139" /><E36/><V104/><F104/><W90/><G45/><T2/><D2/><U82/><E76/><N who="2" m="29291" /><F5/><W89/><G38/><T53/><D116/><U88/><E88/><AGARI ba="2,0" hai="14,16,21,23,26,30,80,83,84,88,94" m="29291" machi="88" ten="30,5800,0" yaku="8,1,54,2" doraHai="134" who="2" fromWho="1" sc="270,0,225,-64,320,64,185,0" /><INIT seed="2,3,0,4,0,27" ten="270,161,384,185" oya="2" hai0="97,129,126,48,12,117,112,135,128,46,17,124,82" hai1="79,11,44,134,24,52,99,131,8,75,116,56,133" hai2="20,23,71,58,70,51,89,77,18,6,14,9,30" hai3="63,65,98,81,16,34,4,121,94,122,85,107,15"/><V60/><F77/><W45/><G34/><T110/><D82/><U35/><E116/><V29/><F51/><W127/><G107/><T72/><D97/><U54/><E131/><N who="0" m="50249" /><D72/><U67/><E99/><V2/><F89/><W101/><G4/><T37/><D37/><U39/><E67/><V78/><F78/><W66/><G45/><T132/><D117/><U83/><E35/><V125/><F125/><N who="0" m="48234" /><D112/><U96/><E24/><V80/><F80/><W105/><G127/><T87/><D87/><U0/><E96/><V1/><F1/><W119/><G119/><T26/><D26/><U84/><E84/><V50/><F50/><W40/><G105/><T13/><D110/><U115/><E115/><V123/><F123/><W61/><G122/><T130/><N who="0" m="50257" /><T28/><DORA hai="55" /><D28/><U111/><E111/><V114/><F114/><W53/><G121/><T47/><D47/><U88/><E88/><V5/><F30/><W38/><G85/><T10/><D12/><U19/><E0/><V3/><F3/><W113/><G113/><T74/><D74/><U32/><E39/><V36/><F36/><W64/><G81/><T69/><D69/><U25/><E44/><V73/><F73/><W62/><G38/><T90/><D90/><U92/><E92/><V108/><F108/><W43/><G15/><T41/><AGARI ba="3,0" hai="10,13,17,41,46,48,132,135" m="48234,50257" machi="41" ten="50,8000,1" yaku="30,2,19,1,18,1" doraHai="27,55" who="0" fromWho="0" sc="270,89,161,-23,384,-43,185,-23" /><INIT seed="3,0,0,3,2,49" ten="359,138,341,162" oya="3" hai0="108,129,111,83,69,35,68,11,102,58,124,92,16" hai1="133,48,61,75,8,19,39,42,1,28,66,34,101" hai2="90,106,43,9,104,74,26,52,0,82,96,10,93" hai3="18,84,120,125,2,65,27,113,30,76,123,73,122"/><W70/><G113/><T105/><D35/><U114/><E133/><V77/><F10/><W88/><G2/><T127/><D105/><U3/><E114/><V31/><F43/><W45/><G125/><N who="0" m="48203" /><D83/><U103/><E75/><V33/><REACH who="2" step="1"/><F52/><REACH who="2" ten="359,138,331,162" step="2"/><W118/><G122/><T15/><D58/><U135/><E135/><V53/><F53/><W109/><G123/><T85/><D129/><U38/><E38/><V41/><F41/><W121/><G120/><T56/><D56/><U22/><E39/><V98/><F98/><W32/><G121/><T59/><D59/><U131/><E131/><V130/><F130/><W12/><G70/><N who="0" m="27243" /><D85/><U79/><E79/><V115/><F115/><W94/><G76/><T50/><D50/><U60/><E48/><V21/><F21/><W5/><G84/><T29/><D29/><U25/><E42/><V20/><F20/><W23/><G23/><T110/><D110/><U89/><E66/><V14/><F14/><W134/><G109/><T81/><D81/><U95/><E61/><V86/><F86/><N who="3" m="52503" /><G134/><T24/><D24/><U67/><E60/><V87/><F87/><W71/><G65/><T47/><D47/><U91/><E67/><V117/><F117/><W57/><G118/><T51/><D51/><U4/><E1/><V36/><F36/><W128/><G128/><T119/><D119/><U126/><E126/><V72/><F72/><W97/><G73/><T37/><D37/><U62/><E62/><V112/><F112/><W63/><G71/><T54/><D54/><U132/><E132/><V99/><F99/><AGARI ba="0,1" hai="11,15,16,92,99,102,108,111" m="27243,48203" machi="99" ten="40,2600,0" yaku="18,1,54,1" doraHai="49" who="0" fromWho="2" sc="359,36,138,0,331,-26,162,0" owari="395,49.5,138,-36.2,305,10.5,162,-23.8" /></mjloggm>