<mjloggm ver="2.3"><GO type="225" lobby="0"/><UN n0="%E3%83%89%E3%83%A9%E3%81%8F%E3%82%8C" n1="%E5%BA%97%E9%95%B7%4D" n2="%72%69%6F%75%63%68%61%6E" n3="%E3%81%99%E3%81%84%E3%81%BE%E3%81%9B%E3%83%BC%E3%82%93" dan="16,16,16,18" rate="2187.06,2128.89,2164.49,2177.74" sx="M,M,M,M"/><TAIKYOKU oya="0"/><INIT seed="0,0,0,0,2,116" ten="250,250,250,250" oya="0" hai0="111,45,14,129,37,122,16,64,110,97,62,84,92" hai1="131,69,63,93,126,7,103,12,53,112,41,77,68" hai2="23,49,25,54,19,18,121,82,29,124,2,32,135" hai3="115,95,5,117,42,108,86,94,71,76,56,48,52"/><T91/><D129/><U87/><E131/><V0/><F121/><W78/><G117/><T120/><D97/><U118/><E118/><V125/><F135/><W130/><G115/><T98/><D98/><U1/><E1/><N who="2" m="619" /><F82/><W51/><G71/><T132/><D132/><U30/><E30/><V81/><F81/><W40/><G130/><T89/><D89/><U74/><E74/><V73/><F73/><W13/><G108/><N who="0" m="41515" /><D45/><U65/><E126/><N who="2" m="48747" /><F32/><W39/><G39/><T100/><D37/><U44/><E69/><V101/><F101/><W20/><G48/><T102/><D100/><U34/><E34/><V11/><F11/><N who="3" m="4335" /><G20/><N who="0" m="11287" /><D102/><U75/><E103/><V127/><N who="2" m="48755" /><V22/><DORA hai="113" /><F23/><W60/><G51/><T27/><D27/><U96/><E96/><V43/><F43/><N who="3" m="16427" /><G78/><T24/><D24/><U104/><E77/><V6/><F6/><W70/><G70/><AGARI ba="0,0" hai="62,64,70,84,91,92,120,122" m="11287,41515" machi="70" ten="30,12000,1" yaku="14,1,10,1,52,2,54,1" doraHai="116,113" who="0" fromWho="3" sc="250,120,250,0,250,0,250,-120" /><INIT seed="0,1,0,3,0,16" ten="370,250,250,130" oya="0" hai0="135,84,15,23,91,130,43,56,30,100,108,127,62" hai1="132,17,38,95,98,81,50,3,37,85,116,47,51" hai2="19,0,13,20,36,125,73,7,88,78,64,22,2" hai3="39,48,110,102,87,120,45,74,58,18,80,72,29"/><T33/><D130/><U69/><E3/><V126/><F36/><W57/><G110/><T114/><D114/><U89/><E116/><V59/><F7/><W54/><G120/><T131/><D131/><U121/><E121/><V105/><F105/><W70/><G70/><T77/><D108/><U53/><E69/><V112/><F112/><W93/><G29/><T75/><D135/><U67/><E67/><V27/><F78/><W92/><G39/><T1/><D1/><U97/><E97/><V115/><F73/><W83/><G74/><T68/><D68/><U5/><E5/><V44/><F44/><W82/><G72/><T32/><D43/><U6/><E6/><V31/><F115/><W133/><G133/><T4/><D100/><U109/><E109/><V123/><F123/><W76/><G93/><T35/><D127/><N who="2" m="48650" /><F88/><N who="3" m="53279" /><G76/><T134/><D77/><U124/><E124/><V9/><F9/><W40/><G102/><T96/><D75/><U122/><E122/><V107/><F107/><W118/><G118/><T10/><D96/><U49/><E132/><V14/><F14/><W28/><G28/><T128/><D134/><U113/><E113/><V66/><F66/><W106/><G106/><T8/><D128/><U46/><E38/><V25/><F13/><W90/><G90/><T60/><D10/><U129/><E129/><V63/><AGARI ba="1,0" hai="0,2,19,20,22,25,27,31,59,63,64" m="48650" machi="63" ten="30,4000,0" yaku="18,1,52,2" doraHai="16" who="2" fromWho="2" sc="370,-21,250,-11,250,43,130,-11" /><INIT seed="1,0,0,2,3,12" ten="349,239,293,119" oya="1" hai0="132,62,65,57,90,107,109,134,44,125,22,34,1" hai1="77,27,52,129,114,72,4,70,43,105,60,11,10" hai2="88,6,95,26,46,66,31,16,37,116,100,102,8" hai3="17,53,45,36,14,3,74,29,71,84,98,2,110"/><U133/><E114/><V13/><F116/><W73/><G110/><T101/><D109/><U78/><E105/><V126/><F126/><W19/><G71/><T111/><D111/><U0/><E129/><V123/><F123/><W24/><G98/><N who="0" m="61879" /><D125/><U69/><E133/><N who="0" m="51305" /><D34/><U113/><E113/><V28/><F66/><W23/><G84/><T75/><D1/><U99/><E43/><V30/><F37/><W128/><G128/><T7/><D7/><U42/><E42/><V39/><F39/><W86/><G86/><T68/><D75/><U64/><E99/><N who="2" m="57831" /><F46/><W117/><G117/><T61/><D90/><U85/><E72/><V40/><F40/><W49/><G36/><T130/><D44/><U118/><E70/><V115/><F115/><W54/><G74/><T119/><D130/><U82/><E118/><V121/><F121/><W93/><G73/><T32/><D32/><U25/><E77/><V50/><F50/><W97/><G54/><T120/><D119/><U15/><REACH who="1" step="1"/><E52/><REACH who="1" ten="349,229,293,119" step="2"/><V51/><F51/><W122/><G122/><T106/><D106/><U67/><E67/><V33/><F33/><W56/><G45/><T18/><D120/><U80/><E80/><V91/><F91/><W5/><G2/><T59/><D62/><U79/><E79/><V55/><F55/><W131/><G3/><T38/><D38/><U92/><E92/><V58/><F58/><W124/><G131/><T108/><D108/><U21/><E21/><AGARI ba="0,1" hai="6,8,13,16,21,26,28,30,31,100,102" m="57831" machi="21" ten="30,7700,0" yaku="8,1,52,1,54,2" doraHai="12" who="2" fromWho="1" sc="349,0,229,-77,293,87,119,0" /><INIT seed="2,0,0,2,1,87" ten="349,152,380,119" oya="2" hai0="54,82,17,60,92,111,52,12,65,110,121,64,71" hai1="72,91,123,15,8,77,118,28,13,22,112,128,53" hai2="56,39,59,14,134,30,117,3,116,6,113,44,74" hai3="80,47,94,108,67,119,50,18,81,131,57,35,93"/><V9/><F113/><W37/><G119/><T127/><D121/><U100/><E112/><V105/><F134/><W115/><G115/><T76/><D127/><U55/><E118/><V32/><F105/><W31/><G131/><T40/><D40/><U38/><E38/><V101/><F101/><W79/><G108/><N who="0" m="41515" /><D65/><U122/><E128/><V107/><F107/><W114/><G114/><T10/><D92/><U120/><E100/><V96/><F96/><W1/><G1/><T73/><AGARI ba="0,0" hai="10,12,17,52,54,60,64,71,73,76,82" m="41515" machi="73" ten="30,2000,0" yaku="14,1,54,1" doraHai="87" who="0" fromWho="0" sc="349,20,152,-5,380,-10,119,-5" /><INIT seed="3,0,0,4,2,131" ten="369,147,370,114" oya="3" hai0="4,122,45,32,87,53,133,103,90,20,123,85,34" hai1="60,109,79,104,73,41,70,29,8,115,64,82,121" hai2="23,112,106,40,51,86,128,5,31,88,97,129,46" hai3="36,105,96,114,91,56,24,15,21,69,13,75,35"/><W26/><G69/><T113/><D113/><U3/><E115/><V27/><F112/><W95/><G114/><T54/><D4/><U59/><E121/><V84/><F5/><W7/><G36/><T18/><D103/><U98/><E109/><V66/><F66/><W124/><G124/><T93/><D87/><U116/><E116/><V16/><F31/><W25/><G35/><T55/><D45/><U39/><E29/><V99/><F84/><W1/><G75/><T119/><D119/><U127/><E59/><V130/><F106/><W135/><G105/><T50/><D50/><U111/><E111/><V63/><F63/><W49/><G1/><T44/><D44/><N who="1" m="23615" /><E127/><V126/><F126/><W120/><G120/><T10/><D10/><U43/><E43/><V58/><F58/><W33/><G33/><T117/><D117/><U19/><E19/><V47/><F46/><W89/><G89/><T37/><D37/><U108/><E108/><V42/><F42/><W2/><G2/><T38/><D38/><U81/><E81/><AGARI ba="0,0" hai="16,23,27,40,47,51,81,86,88,97,99,128,129,130" machi="81" ten="40,5200,0" yaku="19,1,54,2" doraHai="131" who="2" fromWho="1" sc="369,0,147,-52,370,52,114,0" owari="369,16.9,95,-40.5,422,52.2,114,-28.6" /></mjloggm>