<mjloggm ver="2.3"><GO type="225" lobby="0"/><UN n0="%E3%81%99%E3%81%84%E3%81%BE%E3%81%9B%E3%83%BC%E3%82%93" n1="%6D%75%75%6D%75%72%61" n2="%E7%AD%89%E3%80%85%E5%8A%9B%E5%8A%87%E5%A0%B4" n3="%E3%83%B4%E3%83%A0%EF%BC%99%E3%81%A6" dan="16,16,16,17" rate="2091.78,2147.62,2151.97,2195.43" sx="M,F,M,M"/><TAIKYOKU oya="0"/><INIT seed="0,0,0,3,4,53" ten="250,250,250,250" oya="0" hai0="121,86,115,61,22,55,4,67,119,18,7,89,80" hai1="94,87,71,127,126,97,70,124,62,118,81,59,85" hai2="122,117,76,5,73,100,75,44,66,63,36,0,120" hai3="37,107,46,93,132,92,14,35,58,52,9,49,43"/><T109/><D115/><U20/><E118/><V47/><F100/><W6/><G132/><T33/><D119/><U17/><E70/><V114/><F117/><W103/><REACH who="3" step="1"/><G35/><REACH who="3" ten="250,250,250,240" step="2"/><T41/><D33/><U3/><E124/><V82/><F114/><W31/><G31/><T123/><D121/><U38/><E126/><V57/><F122/><W72/><G72/><T106/><D123/><U83/><E127/><V64/><F120/><W88/><G88/><T108/><D106/><U48/><E85/><V90/><F90/><W27/><G27/><T111/><D41/><U39/><E87/><V56/><F75/><W112/><G112/><T13/><REACH who="0" step="1"/><D55/><REACH who="0" ten="240,250,250,240" step="2"/><U74/><E38/><V133/><F36/><W15/><G15/><T101/><D101/><U28/><E39/><V42/><F42/><W2/><G2/><T54/><D54/><U40/><E3/><V26/><F0/><W34/><G34/><T51/><D51/><U116/><E40/><V45/><F66/><W8/><G8/><T125/><D125/><U78/><E48/><V30/><F64/><W96/><AGARI ba="0,2" hai="6,9,14,37,43,46,49,52,58,92,93,96,103,107" machi="96" ten="30,7900,0" yaku="1,1,0,1,52,1,54,1,53,0" doraHai="53" doraHaiUra="65" who="3" fromWho="3" sc="240,-39,250,-20,250,-20,240,99" /><INIT seed="1,0,0,1,4,48" ten="201,230,230,339" oya="1" hai0="99,9,113,119,45,98,51,108,56,132,126,17,117" hai1="115,133,36,109,68,37,49,35,60,66,71,25,70" hai2="128,73,65,2,67,39,59,135,75,0,43,57,101" hai3="84,81,8,24,94,41,1,86,121,52,97,120,64"/><U46/><E115/><V107/><F43/><W83/><G64/><T38/><D113/><U102/><E102/><V91/><F39/><N who="1" m="14921" /><E25/><V125/><F101/><W5/><G41/><T111/><D126/><U33/><E33/><V89/><F107/><W95/><G24/><T19/><D132/><U10/><E10/><V27/><F27/><W11/><G1/><T134/><D134/><U62/><E35/><V72/><F135/><W127/><G5/><T3/><D38/><U105/><E105/><V87/><F87/><W16/><G16/><N who="0" m="6219" /><D56/><N who="2" m="21578" /><F128/><W6/><G6/><N who="0" m="1247" /><D99/><U47/><E133/><V23/><F0/><W93/><G93/><T112/><D98/><U63/><E109/><N who="0" m="42057" /><D112/><U34/><E34/><V18/><F125/><W12/><G97/><T129/><D129/><U22/><E22/><V42/><F23/><W118/><G127/><T80/><D80/><U130/><E130/><V32/><F32/><W123/><G81/><T29/><D29/><U13/><E13/><V58/><F2/><W103/><G83/><T4/><D4/><U90/><E90/><V116/><F91/><W92/><G12/><T44/><D44/><N who="1" m="16939" /><E49/><V96/><F89/><W28/><G28/><T124/><D124/><U122/><E122/><V14/><F14/><W110/><G121/><T104/><D104/><U79/><E79/><V85/><F18/><W55/><G110/><T20/><D20/><U82/><E82/><V21/><F21/><W7/><G120/><T15/><D15/><U78/><E78/><V31/><F31/><W88/><G123/><T114/><D114/><U76/><E76/><RYUUKYOKU ba="0,0" sc="201,15,230,15,230,-15,339,-15" hai0="45,51,117,119" hai1="60,62,63,66,68,70,71" /><INIT seed="1,1,0,3,3,108" ten="216,245,215,324" oya="1" hai0="43,117,22,105,72,33,83,110,28,12,114,36,81" hai1="38,90,64,6,87,11,32,0,69,31,47,71,39" hai2="125,127,34,46,57,68,48,131,102,76,7,135,78" hai3="104,103,41,56,26,85,55,10,54,122,107,29,111"/><U121/><E121/><V84/><F68/><W89/><G122/><T19/><D117/><U53/><E53/><V59/><F34/><W40/><G111/><T30/><D110/><U9/><E9/><V97/><F7/><W130/><G130/><T3/><D114/><U96/><E96/><V82/><F78/><W73/><G73/><T1/><D105/><U74/><E74/><V58/><F135/><W15/><G104/><T63/><D63/><U92/><E64/><V45/><F131/><W5/><G103/><T80/><D72/><U20/><E32/><V16/><F16/><W51/><G54/><T60/><D60/><U49/><E71/><V50/><F48/><W52/><G55/><T129/><D129/><U120/><E69/><V70/><F70/><W8/><G8/><T66/><D66/><U67/><E67/><V24/><F24/><W112/><G112/><T118/><D118/><U93/><E120/><V13/><F13/><W128/><G107/><T100/><D100/><U77/><E77/><V132/><F132/><W126/><G128/><T18/><D33/><U91/><E31/><V95/><REACH who="2" step="1"/><F50/><REACH who="2" ten="216,245,205,324" step="2"/><W113/><G51/><T2/><REACH who="0" step="1"/><D19/><REACH who="0" ten="206,245,205,324" step="2"/><U42/><E20/><V86/><F86/><W101/><G85/><T88/><D88/><U115/><E115/><V134/><F134/><W65/><G89/><T116/><D116/><U44/><E91/><V119/><F119/><W14/><G113/><T79/><D79/><U17/><E17/><V98/><F98/><W25/><G101/><T133/><D133/><U35/><E90/><V123/><F123/><RYUUKYOKU ba="1,2" sc="206,15,245,-15,205,15,324,-15" hai0="1,2,3,12,18,22,28,30,36,43,80,81,83" hai2="45,46,57,58,59,76,82,84,95,97,102,125,127" /><INIT seed="2,2,2,0,2,103" ten="221,230,220,309" oya="2" hai0="58,112,131,86,42,6,93,85,132,20,49,89,102" hai1="9,73,45,80,4,23,107,76,50,29,53,66,16" hai2="134,120,122,17,34,3,37,61,67,30,21,87,59" hai3="96,63,44,35,38,31,79,77,15,135,95,127,113"/><V0/><F37/><W108/><G108/><T41/><D112/><U126/><E126/><V28/><F134/><W133/><G127/><T75/><D75/><U10/><E66/><V88/><F34/><W111/><G111/><T24/><D132/><N who="3" m="50761" /><G113/><T97/><D131/><U81/><E81/><V64/><F64/><W39/><G63/><T114/><D6/><U18/><E107/><V119/><F119/><W123/><G123/><T92/><D86/><U78/><E78/><N who="3" m="29706" /><G44/><T27/><D114/><U104/><E104/><V1/><F122/><W36/><G15/><T69/><D69/><U117/><E117/><V51/><F51/><W118/><G118/><T52/><REACH who="0" step="1"/><D27/><REACH who="0" ten="211,230,220,309" step="2"/><U99/><E73/><V56/><F120/><W22/><G39/><T71/><D71/><U60/><E4/><V54/><F0/><W14/><G14/><T70/><D70/><U57/><E76/><V19/><F1/><W100/><G22/><T7/><D7/><U109/><E23/><V46/><F3/><W5/><G5/><T82/><D82/><U65/><E80/><V121/><F121/><W90/><G38/><T128/><D128/><U48/><E109/><V72/><F21/><W130/><G36/><T26/><D26/><U83/><E83/><V105/><F72/><W32/><G130/><T116/><D116/><U124/><E124/><V62/><F87/><W94/><G32/><T11/><D11/><U129/><E129/><V12/><F12/><W13/><G13/><T115/><D115/><U110/><E110/><V25/><F25/><W47/><G35/><T84/><D84/><RYUUKYOKU ba="2,3" sc="211,30,230,-10,220,-10,309,-10" hai0="20,24,41,42,49,52,58,85,89,92,93,97,102" /><INIT seed="3,3,3,3,5,28" ten="241,220,210,299" oya="3" hai0="26,36,132,108,11,47,8,75,9,115,119,42,92" hai1="91,126,124,16,80,89,44,123,27,70,95,94,4" hai2="83,55,68,134,48,62,67,23,127,105,88,117,33" hai3="56,46,20,29,14,40,6,41,74,32,25,60,109"/><W82/><G109/><T85/><D119/><U101/><E123/><V17/><F117/><W72/><G41/><T50/><D75/><U18/><E70/><V99/><F134/><W7/><G82/><T107/><D107/><U49/><E4/><V102/><F127/><N who="1" m="48681" /><E80/><V79/><F33/><W135/><G135/><T2/><D132/><U69/><E69/><V19/><F23/><W118/><G118/><T125/><D125/><U37/><E37/><V64/><F64/><W30/><G6/><T87/><D108/><U63/><E63/><V5/><F5/><W31/><G74/><T90/><D115/><U77/><E77/><V59/><F88/><N who="1" m="33865" /><E27/><V1/><F1/><W73/><G7/><T111/><D111/><U112/><E112/><V93/><F105/><W51/><G14/><T66/><D2/><U133/><E133/><V10/><F10/><W53/><G72/><AGARI ba="3,3" hai="17,19,48,55,59,62,67,68,72,79,83,93,99,102" machi="72" ten="30,1000,0" yaku="7,1" doraHai="28" who="2" fromWho="3" sc="241,0,220,0,210,49,299,-19" /><INIT seed="4,0,0,4,4,41" ten="241,220,259,280" oya="0" hai0="50,4,30,39,117,101,27,108,82,33,67,21,78" hai1="84,43,111,100,110,123,5,46,17,133,42,99,127" hai2="24,112,122,120,87,97,23,80,11,7,91,128,2" hai3="81,58,26,36,134,15,95,89,116,124,25,13,96"/><T62/><D117/><U129/><E123/><V40/><F112/><W57/><G116/><T8/><D39/><U22/><E127/><V79/><F128/><W77/><G124/><T75/><D108/><U47/><E129/><V66/><F66/><W34/><G36/><T104/><D50/><U72/><E72/><V65/><F65/><W71/><G71/><T3/><D21/><U1/><E133/><V37/><F97/><W125/><G134/><T10/><D10/><U38/><E84/><V88/><F122/><W29/><G25/><T61/><REACH who="0" step="1"/><D67/><REACH who="0" ten="231,220,259,280" step="2"/><U19/><E110/><V64/><F64/><W18/><G125/><T48/><D48/><U119/><E111/><V70/><F120/><W59/><REACH who="3" step="1"/><G18/><REACH who="3" ten="231,220,259,270" step="2"/><T49/><D49/><U107/><E119/><V105/><F37/><W6/><G6/><T102/><D102/><U103/><E100/><V52/><F7/><W35/><G35/><T44/><D44/><U28/><E17/><V126/><F126/><W135/><G135/><T115/><D115/><U51/><E19/><V20/><F70/><W53/><G53/><T92/><D92/><U9/><E22/><V113/><F52/><W31/><G31/><T16/><D16/><U63/><E28/><V98/><F113/><W83/><G83/><T90/><D90/><U68/><E68/><V106/><F91/><W121/><G121/><T74/><D74/><AGARI ba="0,2" hai="13,15,26,29,34,57,58,59,74,77,81,89,95,96" machi="74" ten="40,1300,0" yaku="1,1,53,0" doraHai="41" doraHaiUra="132" who="3" fromWho="0" sc="231,-13,220,0,259,0,270,33" owari="218,-28.2,220,-18.0,259,5.9,303,40.3" /></mjloggm>