<mjloggm ver="2.3"><GO type="225" lobby="0"/><UN n0="%E3%81%AF%E3%82%88%E3%81%8A%E3%81%98%E3%81%95%E3%82%93" n1="%6D%75%75%6D%75%72%61" n2="%E3%81%86%E3%83%BC%E3%81%B1%E3%83%BC" n3="%E5%8F%AF%E5%85%90%E9%82%A3%E7%94%B1%E5%A4%9A" dan="17,16,16,17" rate="2171.01,2084.42,2128.93,2188.02" sx="M,F,F,F"/><TAIKYOKU oya="0"/><INIT seed="0,0,0,4,4,27" ten="250,250,250,250" oya="0" hai0="40,30,21,42,103,24,7,47,4,109,12,36,89" hai1="101,119,114,46,18,135,122,49,100,78,95,32,113" hai2="68,118,120,90,29,34,57,53,44,106,60,9,82" hai3="6,126,85,39,23,19,112,1,48,127,58,38,86"/><T93/><D109/><U102/><E119/><V99/><F120/><W107/><G107/><T51/><D103/><U13/><E122/><V124/><F124/><N who="3" m="47659" /><G112/><N who="1" m="43114" /><E135/><V54/><F118/><W28/><G28/><T96/><D40/><N who="1" m="24775" /><E32/><V92/><F68/><W87/><G6/><T62/><D36/><U80/><E95/><V37/><F106/><W43/><G1/><T45/><D47/><U72/><E102/><V14/><F82/><W26/><G43/><T94/><D93/><U108/><E108/><V5/><F34/><W3/><G3/><T111/><D111/><U22/><AGARI ba="0,0" hai="13,18,22,72,78,80,100,101" m="24775,43114" machi="22" ten="30,1100,0" yaku="11,1" doraHai="27" who="1" fromWho="1" sc="250,-5,250,11,250,-3,250,-3" /><INIT seed="1,0,0,0,4,37" ten="245,261,247,247" oya="1" hai0="110,1,91,60,121,86,4,28,13,12,47,74,43" hai1="78,109,0,111,21,68,69,130,11,122,16,6,123" hai2="3,27,92,135,44,85,56,127,126,10,9,34,120" hai3="106,81,15,49,14,104,116,33,114,8,100,134,17"/><U35/><E35/><V22/><F120/><N who="1" m="46121" /><E78/><V84/><F34/><W132/><G114/><T98/><D74/><U36/><E36/><V19/><F135/><N who="3" m="51755" /><G33/><T87/><D1/><U75/><E75/><V29/><F56/><W90/><G116/><T45/><D110/><N who="1" m="41995" /><E130/><V39/><F10/><W93/><G14/><AGARI ba="0,0" hai="0,6,11,14,16,21,68,69" m="41995,46121" machi="14" ten="30,5800,0" yaku="14,1,10,1,54,1" doraHai="37" who="1" fromWho="3" sc="245,0,261,58,247,0,247,-58" /><INIT seed="1,1,0,2,4,15" ten="245,319,247,189" oya="1" hai0="78,118,100,69,58,123,114,41,44,49,26,48,10" hai1="117,115,133,52,54,59,86,6,7,77,96,36,134" hai2="113,68,35,82,107,102,98,67,106,79,84,112,38" hai3="85,3,27,71,53,16,119,103,70,42,14,23,8"/><U9/><E115/><N who="2" m="44107" /><F38/><W4/><G119/><T126/><D114/><U80/><E117/><V40/><F40/><W47/><G103/><T39/><D118/><U66/><E36/><V127/><F35/><W99/><G99/><T130/><D69/><U2/><E7/><V20/><F127/><W34/><G53/><T109/><D126/><U105/><E66/><V116/><F116/><W108/><G108/><T25/><D109/><U128/><E128/><V46/><F46/><W51/><G85/><T81/><D130/><U111/><E111/><V24/><F68/><W92/><G92/><T60/><D100/><U17/><E105/><N who="2" m="63703" /><F67/><W1/><G1/><T90/><D123/><U87/><E96/><V43/><F43/><W12/><G12/><T83/><D39/><U110/><E87/><V91/><F79/><W19/><G34/><T13/><D90/><U29/><E110/><V73/><F73/><W50/><G50/><T55/><D48/><U93/><E54/><V121/><F121/><W63/><G63/><T75/><D81/><U135/><E93/><V45/><F45/><W22/><AGARI ba="1,0" hai="3,4,8,14,16,19,22,23,27,42,47,51,70,71" machi="22" ten="20,8000,1" yaku="0,1,7,1,52,2,54,1" doraHai="15" who="3" fromWho="3" sc="245,-21,319,-41,247,-21,189,83" /><INIT seed="2,0,0,2,5,122" ten="224,278,226,272" oya="2" hai0="53,96,75,38,20,60,95,123,23,3,18,46,105" hai1="28,49,21,74,101,25,43,30,94,41,77,48,116" hai2="47,85,24,72,120,1,113,90,129,50,26,107,110" hai3="81,61,68,16,27,127,15,51,86,29,117,115,78"/><V44/><F120/><W10/><G117/><T130/><D123/><U11/><E116/><V98/><F113/><W118/><G118/><T132/><D75/><U64/><E30/><V83/><F1/><W63/><G127/><T133/><D3/><U65/><E11/><V135/><F129/><W134/><G134/><N who="0" m="51819" /><D105/><U91/><E101/><V88/><F135/><W57/><G115/><T4/><D4/><U42/><E77/><V69/><F69/><W7/><G68/><T106/><D106/><U36/><E74/><V9/><F72/><W0/><G51/><N who="1" m="19530" /><E36/><V66/><F66/><W84/><G84/><AGARI ba="0,0" hai="21,25,28,41,42,43,64,65,84,91,94" m="19530" machi="84" ten="30,1000,0" yaku="8,1" doraHai="122" who="1" fromWho="3" sc="224,0,278,10,226,0,272,-10" /><INIT seed="3,0,0,0,2,65" ten="224,288,226,262" oya="3" hai0="125,111,98,86,68,132,4,30,25,58,27,133,117" hai1="24,97,23,5,76,119,6,90,107,26,17,94,11" hai2="124,113,12,122,83,104,32,109,96,75,40,7,81" hai3="102,0,48,18,45,126,80,115,37,84,82,41,92"/><W38/><G115/><T110/><D117/><U39/><E39/><V1/><F113/><W99/><G0/><T3/><D125/><U135/><E107/><V47/><F32/><W54/><G126/><T14/><D58/><U21/><E119/><V131/><F124/><W53/><G38/><T35/><D86/><U71/><E71/><V59/><F12/><W56/><G84/><T22/><D98/><U116/><E135/><N who="0" m="51785" /><D68/><U112/><E112/><V29/><F29/><W121/><G121/><T118/><D118/><U67/><E116/><V69/><F59/><W33/><G33/><T73/><D73/><U60/><E76/><V36/><F83/><W61/><REACH who="3" step="1"/><G18/><REACH who="3" ten="224,288,226,252" step="2"/><N who="0" m="10583" /><D27/><U49/><E26/><V55/><F75/><W34/><G34/><T57/><D57/><AGARI ba="0,1" hai="37,41,45,48,53,54,56,57,61,80,82,92,99,102" machi="57" ten="30,11600,0" yaku="1,1,7,1,53,2" doraHai="65" doraHaiUra="77" who="3" fromWho="0" sc="224,-116,288,0,226,0,252,126" owari="108,-39.2,288,8.8,226,-17.4,378,47.8" /></mjloggm>