<mjloggm ver="2.3"><GO type="225" lobby="0"/><UN n0="%47%68%6F%73%74%55%30" n1="%74%61%6B%75%61%6B%61" n2="%E3%81%B5%E3%81%98%E3%81%8B%E3%81%A4" n3="%E3%83%8F%E3%83%B3%E3%83%89%E3%83%A9%E3%83%BC%E3%83%BB%E3%83%AF%E3%83%B3" dan="17,16,16,17" rate="2128.81,2093.13,2143.15,2171.51" sx="M,M,M,M"/><TAIKYOKU oya="0"/><INIT seed="0,0,0,5,2,24" ten="250,250,250,250" oya="0" hai0="130,13,50,51,87,57,123,96,68,72,34,129,122" hai1="30,44,73,19,12,20,119,102,0,81,120,26,9" hai2="23,78,67,112,47,134,116,131,29,64,83,95,103" hai3="82,36,111,100,61,117,118,133,28,38,99,84,48"/><T80/><D68/><U126/><E120/><V109/><F112/><W27/><G111/><T124/><D72/><U91/><E119/><V79/><F109/><W8/><G133/><T37/><D37/><U58/><E126/><V40/><F116/><W52/><G61/><T75/><D75/><U85/><E73/><V49/><F134/><W97/><G8/><T107/><D34/><U42/><E0/><V11/><F11/><W3/><G3/><T94/><D13/><U104/><E58/><V127/><F131/><N who="0" m="50186" /><D57/><U35/><E35/><V63/><F127/><W71/><G71/><T53/><D124/><U10/><E10/><V62/><F62/><W6/><G6/><T15/><D15/><U14/><E14/><V56/><F67/><W114/><G114/><T132/><D132/><U128/><E128/><V89/><F83/><W55/><G118/><T31/><D53/><U7/><E7/><V74/><F74/><W46/><G55/><T76/><D107/><U22/><E9/><V70/><F70/><W110/><G110/><T16/><D16/><U108/><E108/><V1/><F1/><W45/><G45/><T65/><D65/><U54/><E54/><V43/><F43/><W59/><G46/><T101/><D31/><U93/><E104/><V115/><F115/><W86/><G117/><T41/><D41/><U69/><E69/><V33/><F33/><N who="3" m="20639" /><G36/><T106/><D106/><U113/><E113/><V4/><F4/><W77/><G38/><T18/><D18/><U25/><E12/><V32/><F32/><W21/><G21/><N who="1" m="8298" /><E42/><V98/><F103/><RYUUKYOKU ba="0,0" sc="250,15,250,-15,250,15,250,-15" hai0="50,51,76,80,87,94,96,101,122,123" hai2="23,29,40,47,49,56,63,64,78,79,89,95,98" /><INIT seed="0,1,0,2,3,84" ten="265,235,265,235" oya="0" hai0="124,123,60,129,17,43,41,6,12,133,65,97,19" hai1="20,63,132,86,79,87,7,104,105,3,90,4,103" hai2="118,94,31,82,15,49,28,10,89,1,45,114,119" hai3="131,92,73,37,134,111,135,74,117,102,125,13,109"/><T108/><D123/><U77/><E132/><N who="3" m="50730" /><G37/><T53/><D133/><U101/><E20/><V16/><F114/><W98/><G13/><T91/><D129/><U127/><E63/><V75/><F1/><W34/><G34/><T113/><D113/><U55/><E55/><N who="2" m="30127" /><F75/><N who="3" m="28683" /><G131/><T21/><D124/><U32/><E3/><V11/><F11/><W83/><G125/><T80/><D53/><U14/><E14/><V88/><F118/><W71/><G71/><T116/><D116/><U76/><E32/><V95/><F119/><W35/><G35/><T44/><D6/><U46/><E46/><V54/><F54/><W58/><G58/><N who="0" m="37015" /><D108/><N who="3" m="41545" /><G117/><T25/><D44/><U5/><E127/><V56/><F56/><W121/><G83/><T128/><D128/><U130/><E130/><V115/><F82/><W50/><G50/><T120/><D80/><U59/><E59/><V122/><F122/><AGARI ba="1,0" hai="92,98,102,121,122" m="41545,28683,50730" machi="122" ten="40,8000,1" yaku="20,1,14,1,34,2" doraHai="84" who="3" fromWho="2" sc="265,0,235,0,265,-83,235,83" /><INIT seed="1,0,0,4,0,60" ten="265,235,182,318" oya="1" hai0="125,14,12,40,108,1,34,27,9,48,79,91,102" hai1="131,132,31,109,8,85,65,112,98,28,101,52,133" hai2="86,36,77,11,84,19,3,105,87,57,51,2,29" hai3="113,74,15,33,20,4,46,115,63,130,58,22,5"/><U99/><E112/><V97/><F105/><W26/><G74/><T117/><D117/><U120/><E120/><V94/><F36/><W61/><G33/><T76/><D108/><U45/><E131/><V110/><F110/><W43/><G130/><T37/><D37/><U67/><E109/><V128/><F128/><W107/><G107/><T90/><D1/><U16/><E85/><V50/><F29/><N who="1" m="11337" /><E133/><V21/><F77/><N who="0" m="29770" /><D34/><U69/><E69/><V119/><F119/><W66/><G115/><T7/><D27/><U124/><E124/><V75/><F75/><W35/><G35/><T10/><D102/><U100/><E132/><V49/><F57/><N who="3" m="37167" /><G113/><T135/><D125/><U13/><E101/><V71/><F71/><W129/><G129/><T68/><D68/><U118/><E118/><V62/><F62/><W64/><G15/><T70/><D70/><U104/><E104/><V17/><F11/><W123/><G123/><T93/><D93/><N who="1" m="58447" /><E99/><V121/><F121/><W96/><G96/><T127/><D127/><U59/><E45/><V72/><F72/><W56/><G56/><T111/><D111/><U55/><E59/><V53/><F53/><AGARI ba="0,0" hai="8,13,16,52,53,55,65,67" m="58447,11337" machi="53" ten="30,12000,1" yaku="8,1,52,2,54,2" doraHai="60" who="1" fromWho="2" sc="265,0,235,120,182,-120,318,0" /><INIT seed="1,1,0,2,0,122" ten="265,355,62,318" oya="1" hai0="85,32,18,112,119,68,97,26,113,35,127,72,93" hai1="86,61,2,79,21,110,60,75,94,84,10,107,90" hai2="47,16,56,65,81,37,130,117,5,30,43,48,87" hai3="7,15,14,129,42,1,28,27,36,118,69,83,53"/><U12/><E107/><V66/><F117/><W58/><G69/><T74/><D119/><U22/><E75/><V104/><F104/><W103/><G129/><T99/><D68/><U115/><E2/><V6/><F130/><W59/><G118/><T80/><D127/><U34/><E34/><V116/><F116/><W105/><G1/><T133/><D18/><U70/><E115/><N who="0" m="44105" /><D26/><U67/><E60/><V40/><F30/><W95/><G105/><T45/><D45/><U13/><E13/><V92/><F92/><W11/><G83/><T64/><D64/><N who="2" m="24682" /><F37/><W23/><G42/><N who="2" m="15913" /><F56/><W0/><G36/><T38/><D38/><U31/><E31/><V41/><F16/><W125/><G58/><T25/><D25/><U101/><E70/><V63/><F63/><W4/><G4/><T89/><D32/><U98/><E61/><V19/><F19/><W39/><G39/><T76/><D35/><U49/><E67/><V17/><F17/><W91/><G125/><T82/><D133/><U114/><E114/><V20/><F20/><W102/><G0/><T121/><D121/><U9/><E22/><V73/><F73/><W96/><G15/><T111/><D74/><U78/><E21/><V29/><F29/><W131/><G131/><T54/><D80/><U62/><E12/><V108/><F108/><W120/><REACH who="3" step="1"/><G120/><REACH who="3" ten="265,355,62,308" step="2"/><T8/><D111/><U50/><E110/><V132/><F132/><W100/><G100/><T24/><D82/><U52/><E101/><V55/><N who="2" m="15921" /><V33/><DORA hai="57" /><F33/><W128/><G128/><T71/><D71/><U126/><E126/><RYUUKYOKU ba="1,1" sc="265,-15,355,-15,62,15,308,15" hai2="5,6,47,48,55,81,87" hai3="7,11,14,23,27,28,53,59,91,95,96,102,103" /><INIT seed="2,2,1,5,0,43" ten="250,340,77,323" oya="2" hai0="38,40,128,85,132,15,39,5,111,109,52,23,130" hai1="1,53,69,26,120,44,94,92,74,102,60,21,70" hai2="0,100,77,12,133,28,87,121,89,18,16,64,106" hai3="114,93,131,101,78,113,76,2,103,42,129,4,65"/><V71/><F121/><W61/><G4/><T96/><D132/><U19/><E74/><V25/><F133/><W105/><G2/><T10/><D40/><U122/><E1/><V6/><F77/><N who="3" m="29803" /><G42/><T115/><D115/><N who="3" m="44041" /><G105/><T91/><D96/><N who="1" m="59655" /><E94/><V75/><F75/><W67/><G93/><T48/><D23/><U17/><E17/><V116/><F116/><W22/><G22/><T86/><D39/><U29/><E29/><V73/><F73/><W56/><G67/><T59/><D38/><U50/><E60/><V97/><F0/><W47/><G47/><N who="0" m="27679" /><D91/><U135/><E135/><V118/><F118/><W45/><G45/><T30/><D59/><U88/><E88/><V110/><F110/><N who="0" m="41994" /><D30/><U37/><E37/><V20/><F6/><W79/><G79/><T127/><D127/><U41/><E41/><V107/><F107/><W31/><G31/><T95/><D95/><U104/><E104/><V126/><F126/><W84/><G84/><AGARI ba="2,1" hai="5,10,15,84,85,86,128,130" m="41994,27679" machi="84" ten="30,3900,0" yaku="14,1,52,1,54,1" doraHai="43" who="0" fromWho="3" sc="250,55,340,0,77,0,323,-45" /><INIT seed="3,0,0,0,0,47" ten="305,340,77,278" oya="3" hai0="96,107,93,76,6,65,117,113,22,73,27,122,15" hai1="105,21,60,109,98,101,116,7,10,36,74,52,86" hai2="28,134,38,133,88,78,49,1,14,31,61,39,100" hai3="128,46,123,80,50,135,26,71,90,66,57,95,11"/><W103/><G123/><T5/><D117/><U23/><E74/><V108/><F1/><W4/><G128/><T91/><D122/><U42/><E109/><V32/><F32/><W75/><G135/><T34/><D113/><U130/><E130/><V17/><F108/><W8/><G71/><T68/><D34/><U12/><E116/><V92/><F61/><W53/><G26/><T9/><D107/><U30/><E30/><V115/><F78/><W40/><G66/><T3/><D73/><U67/><E52/><V0/><F0/><W119/><G119/><T129/><D76/><U89/><E42/><V13/><F100/><W51/><G103/><T64/><D68/><U120/><E36/><V20/><F115/><W84/><G75/><T106/><D106/><U77/><E77/><V110/><F110/><W24/><G24/><T127/><D127/><U81/><E120/><V118/><F118/><W56/><G56/><AGARI ba="0,0" hai="7,10,12,21,23,56,60,67,81,86,89,98,101,105" machi="56" ten="30,1000,0" yaku="7,1" doraHai="47" who="1" fromWho="3" sc="305,0,340,10,77,0,278,-10" owari="305,10.5,350,45.0,77,-42.3,268,-13.2" /></mjloggm>