<mjloggm ver="2.3"><GO type="225" lobby="0"/><UN n0="%E3%82%B2%E3%82%B9%E8%8C%82%E5%8B%9D" n1="%E3%82%BF%E3%83%BC%E3%83%90%E3%83%B3%E9%87%8E%E5%8F%A3" n2="%72%69%6F%75%63%68%61%6E" n3="%33%74%72%65%65" dan="16,16,17,16" rate="2046.30,2118.03,2202.62,2112.43" sx="F,M,M,F"/><TAIKYOKU oya="0"/><INIT seed="0,0,0,0,2,21" ten="250,250,250,250" oya="0" hai0="116,103,107,109,33,83,73,0,1,25,4,70,127" hai1="67,9,23,22,50,7,87,49,26,123,85,128,18" hai2="100,108,129,66,60,27,77,122,36,34,106,28,71" hai3="97,94,51,59,110,6,44,117,20,43,61,84,11"/><T45/><D116/><U125/><E123/><V130/><F122/><W111/><G117/><T37/><D109/><U88/><E125/><V81/><F108/><W76/><G20/><T24/><D127/><U135/><E135/><V80/><F36/><W62/><G62/><T46/><D70/><U91/><E67/><V90/><F90/><W14/><G97/><T99/><D33/><U75/><E75/><V69/><F69/><W10/><G10/><N who="0" m="2311" /><D46/><U120/><E128/><V32/><F32/><W30/><G30/><T56/><D56/><U95/><E23/><V3/><F3/><W55/><REACH who="3" step="1"/><G94/><REACH who="3" ten="250,250,250,240" step="2"/><T104/><D107/><U114/><E120/><V105/><F105/><W12/><G12/><T47/><D1/><U39/><E114/><V121/><F121/><W40/><G40/><N who="0" m="22671" /><D47/><U82/><REACH who="1" step="1"/><E39/><REACH who="1" ten="250,240,250,240" step="2"/><V52/><F130/><W115/><G115/><T78/><AGARI ba="0,2" hai="24,25,73,78,83,99,103,104" m="22671,2311" machi="78" ten="30,6000,0" yaku="25,1,52,2" doraHai="21" who="0" fromWho="0" sc="250,80,240,-20,250,-20,240,-20" /><INIT seed="0,1,0,3,2,87" ten="330,220,230,220" oya="0" hai0="33,29,79,134,113,19,22,85,15,120,91,62,46" hai1="43,72,51,135,112,54,102,65,76,111,119,83,114" hai2="11,133,75,47,74,94,98,67,60,40,127,125,48" hai3="96,132,16,69,64,118,10,52,27,44,32,57,12"/><T110/><D120/><U41/><E119/><V39/><F133/><W107/><G118/><T66/><D113/><N who="1" m="43627" /><E135/><V126/><F11/><W35/><G132/><T1/><D134/><U3/><E3/><V9/><F9/><W20/><G69/><T105/><D105/><U128/><E111/><V109/><F39/><W45/><G64/><T55/><D110/><U108/><E108/><V13/><F13/><W84/><G32/><T97/><D1/><U70/><E102/><V130/><F130/><W0/><G84/><T38/><D97/><U53/><E53/><V117/><F117/><W7/><G96/><T58/><D79/><U82/><E128/><V95/><F109/><W23/><G107/><T90/><D29/><U4/><E4/><V104/><F104/><W26/><G35/><T31/><D31/><U14/><E14/><V6/><F6/><W71/><G71/><T30/><D30/><U25/><E25/><V115/><F115/><W81/><G81/><T61/><D33/><U21/><E21/><V129/><F94/><W77/><G77/><T89/><D38/><U2/><E2/><V93/><F93/><W123/><G123/><T116/><D116/><U42/><E83/><V24/><F24/><W124/><G26/><T99/><D99/><U17/><E17/><V50/><F129/><W103/><G103/><T56/><D46/><N who="3" m="18025" /><G0/><T5/><REACH who="0" step="1"/><D5/><REACH who="0" ten="320,220,230,220" step="2"/><U73/><E73/><N who="2" m="27659" /><F47/><W121/><G7/><T49/><D49/><U106/><E106/><V18/><F18/><W68/><G16/><T59/><D59/><N who="1" m="33247" /><E70/><N who="2" m="42343" /><F40/><W101/><G68/><T100/><D100/><AGARI ba="1,1" hai="48,50,95,98,100,125,126,127" m="42343,27659" machi="100" ten="40,2600,0" yaku="6,1,18,1" doraHai="87" who="2" fromWho="0" sc="320,-29,220,0,230,39,220,0" /><INIT seed="1,0,0,5,2,86" ten="291,220,269,220" oya="1" hai0="79,36,87,122,85,98,43,6,53,61,94,109,129" hai1="56,81,28,134,73,17,112,55,70,4,18,117,97" hai2="77,31,102,57,89,37,93,14,62,91,21,126,49" hai3="114,74,19,115,71,64,33,46,1,58,38,80,88"/><U103/><E117/><V92/><F37/><W72/><G71/><T12/><D109/><U111/><E112/><V96/><F126/><W133/><G133/><T16/><D129/><U130/><E70/><V9/><F77/><W35/><G1/><T63/><D122/><U34/><E134/><V0/><F0/><W108/><G108/><T5/><D43/><U67/><E67/><N who="2" m="39375" /><F49/><W7/><G7/><N who="0" m="2571" /><D36/><U48/><E111/><V20/><F31/><W106/><G106/><T44/><D44/><U116/><E116/><V119/><F119/><W83/><G38/><T2/><D2/><U123/><E123/><V99/><F102/><W132/><G46/><T69/><D69/><U24/><E4/><AGARI ba="0,0" hai="4,9,14,20,21,89,91,92,93,96,99" m="39375" machi="4" ten="30,3900,0" yaku="8,1,52,2" doraHai="86" who="2" fromWho="1" sc="291,0,220,-39,269,39,220,0" /><INIT seed="2,0,0,1,4,80" ten="291,181,308,220" oya="2" hai0="58,48,73,27,109,116,82,133,115,96,105,79,42" hai1="75,71,104,13,94,41,45,74,92,114,5,2,50" hai2="90,111,46,88,29,17,81,65,20,24,131,93,122" hai3="6,68,21,37,134,12,36,10,11,120,54,25,91"/><V57/><F122/><W26/><G120/><T39/><D116/><U108/><E114/><V19/><F131/><W3/><G68/><T72/><D115/><U129/><E104/><V106/><F106/><W125/><G125/><T87/><D109/><U128/><E71/><V70/><F70/><W56/><G134/><T121/><D133/><U127/><E2/><V34/><F111/><W97/><G25/><T52/><D121/><U55/><E108/><V78/><F46/><W107/><G11/><T102/><D42/><U16/><E5/><V112/><F112/><W67/><G67/><T119/><D39/><U8/><E127/><V64/><F90/><W18/><G3/><T33/><REACH who="0" step="1"/><D119/><REACH who="0" ten="281,181,308,220" step="2"/><U1/><E41/><V99/><F57/><W44/><G36/><T123/><D123/><U60/><E128/><V98/><F98/><W100/><G37/><T61/><D61/><U0/><E60/><V7/><F7/><W113/><G113/><T15/><D15/><U135/><E129/><V83/><F81/><W14/><G14/><T89/><D89/><U118/><E118/><V124/><F124/><W130/><G91/><T31/><AGARI ba="0,1" hai="27,31,33,48,52,58,72,73,79,82,87,96,102,105" machi="31" ten="30,7900,0" yaku="1,1,0,1,52,1,54,1,53,0" doraHai="80" doraHaiUra="9" who="0" fromWho="0" sc="281,89,181,-20,308,-39,220,-20" /><INIT seed="3,0,0,2,4,10" ten="370,161,269,200" oya="3" hai0="6,94,35,113,39,46,32,117,58,108,27,37,133" hai1="107,84,85,20,71,5,34,122,52,56,49,114,99" hai2="134,9,16,91,3,93,124,106,76,41,62,105,78" hai3="14,48,102,15,26,129,98,57,7,86,65,80,79"/><W127/><G127/><T0/><D117/><U125/><E114/><V8/><F124/><W120/><G120/><T81/><D113/><U70/><E125/><V64/><F134/><W89/><G129/><T103/><D133/><U23/><E122/><V18/><F41/><W128/><G128/><T97/><D108/><U111/><E111/><V42/><F42/><W135/><G135/><T132/><D132/><U115/><E115/><V92/><F3/><W130/><G130/><T95/><D81/><U119/><E34/><V109/><F109/><W29/><G7/><T22/><D58/><U24/><E5/><V33/><F33/><W54/><G65/><T73/><D73/><U51/><E119/><V50/><F50/><W4/><G79/><T28/><D94/><U72/><E72/><V121/><F121/><W19/><G19/><N who="2" m="7209" /><F106/><W36/><G36/><T100/><D100/><U31/><E20/><V55/><F105/><W116/><G4/><T40/><D37/><U101/><REACH who="1" step="1"/><E49/><REACH who="1" ten="370,151,269,200" step="2"/><V17/><F8/><W38/><G116/><T44/><D6/><U21/><E21/><V83/><F9/><W69/><G38/><T60/><D32/><U66/><E66/><V126/><F64/><W112/><G112/><T12/><D35/><U30/><E30/><V61/><F126/><W59/><G48/><T88/><D39/><U123/><E123/><V13/><F17/><W96/><G29/><T75/><D28/><U67/><E67/><V131/><F131/><W43/><G69/><AGARI ba="0,1" hai="23,24,31,51,52,56,69,70,71,84,85,99,101,107" machi="69" ten="40,2600,0" yaku="1,1,54,1,53,0" doraHai="10" doraHaiUra="74" who="1" fromWho="3" sc="370,0,151,36,269,0,200,-26" owari="370,47.0,187,-21.3,269,6.9,174,-32.6" /></mjloggm>