<mjloggm ver="2.3"><GO type="225" lobby="0"/><UN n0="%E3%82%B3%E3%83%90%E3%83%AC%E3%82%A4" n1="%E3%81%99%E3%81%84%E3%81%BE%E3%81%9B%E3%83%BC%E3%82%93" n2="%E3%81%BF%E3%81%BF%E3%81%9A" n3="%4C%4F%4C%49%54%41" dan="16,18,18,16" rate="2074.52,2215.32,2245.01,2192.28" sx="M,M,M,F"/><TAIKYOKU oya="0"/><INIT seed="0,0,0,0,4,90" ten="250,250,250,250" oya="0" hai0="102,122,12,95,96,108,132,94,61,116,19,31,135" hai1="105,78,13,83,119,127,99,69,77,0,134,56,36" hai2="47,126,103,10,7,58,71,97,28,52,113,76,130" hai3="20,129,16,133,9,40,66,65,54,115,117,4,120"/><T25/><D116/><U101/><E119/><V111/><F113/><W6/><G117/><T87/><D122/><U51/><E69/><V128/><F71/><W26/><G115/><T80/><D61/><U75/><E0/><V37/><F28/><W38/><G129/><N who="2" m="49769" /><F76/><W73/><G73/><T72/><D72/><U98/><E127/><V46/><F37/><W62/><G133/><N who="0" m="51275" /><D108/><U8/><E78/><V63/><F126/><W32/><G120/><T125/><D125/><U59/><E36/><V21/><F21/><W23/><G32/><N who="0" m="20591" /><D80/><U118/><E118/><V74/><F74/><W81/><G81/><T106/><D87/><U124/><E124/><V121/><F111/><W86/><G86/><T53/><D53/><U89/><E134/><V15/><F121/><W18/><G38/><T123/><D123/><U93/><REACH who="1" step="1"/><E51/><REACH who="1" ten="250,240,250,250" step="2"/><V91/><F91/><W24/><G40/><T82/><D82/><U45/><E45/><V131/><N who="2" m="49777" /><V50/><DORA hai="29" /><F50/><W112/><G112/><T48/><D48/><U43/><E43/><V1/><F1/><W2/><G6/><AGARI ba="0,1" hai="6,8,13,56,59,75,77,83,89,93,98,99,101,105" machi="6" ten="30,8000,1" yaku="1,1,7,1,52,1,53,2" doraHai="90,29" doraHaiUra="60,92" who="1" fromWho="3" sc="250,0,240,90,250,0,250,-80" /><INIT seed="1,0,0,0,5,8" ten="250,330,250,170" oya="1" hai0="2,47,50,66,112,27,115,37,71,124,38,19,82" hai1="54,89,73,40,128,12,18,41,127,29,118,46,17" hai2="76,36,42,10,3,113,22,7,88,0,123,94,11" hai3="98,122,126,20,56,134,87,85,95,130,132,83,23"/><U13/><E118/><V1/><F123/><W100/><G122/><T107/><D2/><U14/><E73/><V119/><F119/><W75/><G23/><T110/><D107/><U99/><E128/><V52/><F113/><W72/><G56/><T24/><D124/><U9/><E127/><V104/><F104/><W33/><G126/><T86/><D71/><U69/><E69/><V58/><F76/><N who="3" m="46311" /><G20/><T35/><D66/><U70/><E29/><V55/><F22/><W16/><G33/><T57/><D57/><U26/><E26/><V101/><F101/><W91/><G16/><N who="1" m="6250" /><E9/><V6/><F0/><W129/><G72/><T44/><D19/><U45/><E70/><V79/><F79/><W51/><G51/><T32/><D82/><U106/><E106/><V39/><F42/><N who="1" m="16489" /><E54/><V4/><F4/><W114/><G75/><T53/><D53/><U59/><E59/><V34/><F34/><W43/><G43/><T109/><D50/><U105/><E105/><V131/><F131/><N who="3" m="50187" /><G114/><T92/><D115/><U135/><E12/><V102/><F55/><W15/><G15/><T90/><D112/><U67/><E13/><V21/><F21/><W60/><G60/><T93/><D35/><U117/><E67/><V31/><F31/><W108/><G108/><N who="0" m="41579" /><D32/><U30/><E117/><V64/><F64/><W111/><G111/><T49/><D27/><U133/><E14/><V80/><F52/><W120/><G120/><T121/><D121/><U48/><E30/><V61/><F58/><W74/><G74/><T97/><D24/><U78/><E48/><V28/><F28/><RYUUKYOKU ba="0,0" sc="250,-10,330,-10,250,-10,170,30" hai3="87,91,95,98,100,132,134" /><INIT seed="2,1,0,2,1,98" ten="240,320,240,200" oya="2" hai0="15,45,33,28,87,29,85,18,61,43,96,104,41" hai1="73,9,25,126,129,118,124,81,67,36,102,82,76" hai2="130,120,11,37,39,59,88,117,127,80,69,19,132" hai3="53,92,49,115,108,90,125,32,55,70,50,56,24"/><V46/><BYE who="3" /><F117/><W51/><G51/><T27/><D29/><U52/><E118/><V60/><F120/><W26/><G26/><T101/><D43/><U23/><E129/><V13/><F69/><W4/><G4/><T64/><D18/><UN n3="%4C%4F%4C%49%54%41" /><U114/><E114/><V2/><F130/><W128/><G70/><T44/><D45/><U71/><E36/><V109/><F127/><W113/><G128/><T78/><D15/><U6/><E82/><V58/><F132/><W131/><G131/><T22/><D22/><U54/><E102/><V91/><F109/><W42/><G42/><T21/><D21/><U95/><E95/><V3/><F59/><W77/><G77/><T57/><BYE who="3" /><REACH who="0" step="1"/><D78/><REACH who="0" ten="230,320,240,200" step="2"/><UN n3="%4C%4F%4C%49%54%41" /><U133/><E23/><V110/><F46/><W14/><G14/><T79/><D79/><U30/><E30/><V119/><F119/><W94/><G113/><T38/><AGARI ba="1,1" hai="27,28,33,38,41,44,57,61,64,85,87,96,101,104" machi="38" ten="20,5200,0" yaku="1,1,0,1,7,1,52,1,53,0" doraHai="98" doraHaiUra="112" who="0" fromWho="0" sc="230,65,320,-14,240,-27,200,-14" /><INIT seed="3,0,0,4,1,16" ten="295,306,213,186" oya="3" hai0="72,97,36,88,18,79,41,62,95,84,64,53,1" hai1="113,45,10,29,37,120,86,48,15,90,59,0,125" hai2="14,42,2,115,51,83,61,38,65,22,101,91,124" hai3="93,121,96,71,35,87,130,109,55,68,99,76,66"/><W31/><G121/><T17/><D1/><U107/><E113/><V78/><F2/><W104/><G130/><T89/><D53/><U21/><E120/><V5/><F38/><W26/><G109/><T128/><D128/><U74/><E74/><V112/><F101/><W13/><G104/><T122/><D122/><U7/><E125/><V106/><F91/><W46/><G66/><T24/><D24/><N who="1" m="16527" /><E0/><V30/><F106/><W11/><G87/><T82/><D41/><U54/><E37/><V44/><F124/><W9/><G76/><T135/><D36/><U116/><E116/><V70/><F30/><W132/><G132/><T103/><D135/><U110/><E107/><V58/><F70/><W3/><G3/><T102/><D102/><U23/><E23/><V33/><F33/><W4/><G11/><T49/><D49/><U131/><E110/><V27/><F27/><W123/><G123/><T77/><D77/><U52/><E131/><V34/><F34/><W39/><G99/><T133/><D133/><U50/><E90/><N who="0" m="34921" /><D72/><U127/><E127/><V73/><F5/><W47/><G47/><T134/><BYE who="3" /><D134/><U20/><E20/><UN n3="%4C%4F%4C%49%54%41" /><V32/><F32/><W100/><REACH who="3" step="1"/><G55/><REACH who="3" ten="295,306,213,176" step="2"/><T117/><D117/><U6/><E86/><V75/><F73/><W118/><G118/><T94/><D94/><U80/><E80/><V114/><F112/><W43/><AGARI ba="0,1" hai="4,9,13,26,31,35,39,43,46,68,71,93,96,100" machi="43" ten="30,3000,0" yaku="1,1,0,1,53,0" doraHai="16" doraHaiUra="56" who="3" fromWho="3" sc="295,-10,306,-10,213,-10,176,40" /><INIT seed="3,1,0,4,2,63" ten="285,296,203,216" oya="3" hai0="131,94,42,56,11,98,109,20,79,25,47,48,14" hai1="72,134,84,104,88,101,96,119,92,10,80,124,26" hai2="34,78,120,73,76,112,99,77,53,115,1,89,36" hai3="103,68,46,4,27,113,69,91,62,43,41,60,22"/><W127/><G113/><N who="2" m="43593" /><F34/><W59/><G127/><T107/><D107/><U38/><E124/><V122/><F1/><W57/><G103/><T58/><D131/><U7/><E134/><V52/><F36/><W12/><G43/><T9/><D79/><N who="2" m="20226" /><V37/><DORA hai="125" /><F37/><W133/><G133/><T117/><D117/><U23/><E38/><V31/><F31/><W81/><G4/><T118/><D118/><U45/><E119/><V90/><F99/><W33/><G12/><T111/><D9/><U44/><E72/><V108/><F73/><W106/><G33/><T66/><D14/><N who="1" m="5471" /><E104/><V110/><F90/><W71/><G106/><T5/><D5/><U70/><E70/><V75/><F89/><W50/><G60/><N who="0" m="38151" /><D11/><U3/><E3/><V2/><F2/><W83/><G91/><T97/><D58/><U74/><E74/><V8/><F8/><W128/><G128/><T105/><D105/><U15/><E15/><V87/><F87/><W6/><G6/><T61/><D61/><U129/><E129/><V67/><F67/><W29/><REACH who="3" step="1"/><G59/><REACH who="3" ten="285,296,203,206" step="2"/><T126/><D126/><U65/><E65/><AGARI ba="1,1" hai="22,27,29,41,46,50,57,62,65,68,69,71,81,83" machi="65" ten="40,12000,1" yaku="1,1,2,1,52,1,53,2" doraHai="63,125" doraHaiUra="21,18" who="3" fromWho="1" sc="285,0,296,-123,203,0,206,133" owari="285,8.5,173,-32.7,203,-19.7,339,43.9" /></mjloggm>