<mjloggm ver="2.3"><GO type="225" lobby="0"/><UN n0="%E8%A8%88%E7%AE%97%E6%A9%9F%E8%87%AA%E7%84%B6" n1="%E3%81%A1%E3%82%85%E3%81%86%E3%81%A9%E3%81%8F%E8%B1%A1%E3%81%95%E3%82%93" n2="%E3%81%86%E3%81%A9%E3%82%93%E3%81%93" n3="%72%69%6F%75%63%68%61%6E" dan="17,17,16,17" rate="2171.85,2226.04,2174.64,2247.33" sx="M,M,M,M"/><TAIKYOKU oya="0"/><INIT seed="0,0,0,5,4,65" ten="250,250,250,250" oya="0" hai0="88,108,4,24,52,23,63,106,130,2,54,84,119" hai1="5,55,60,98,117,97,57,118,25,96,18,116,110" hai2="103,3,113,93,122,73,125,33,115,21,26,107,35" hai3="22,44,114,34,82,89,112,132,10,79,123,6,39"/><T11/><D119/><U13/><E110/><V70/><F122/><W135/><G123/><T42/><D106/><U32/><E5/><V120/><F120/><W71/><G34/><T126/><D130/><U101/><E32/><V0/><F93/><W74/><G22/><T37/><D126/><U90/><E90/><V86/><F86/><W36/><G89/><T38/><D108/><U16/><E25/><V9/><F73/><W51/><G71/><T129/><D129/><U134/><E134/><N who="3" m="51242" /><G51/><T62/><D63/><U1/><E1/><N who="2" m="587" /><F103/><W100/><G100/><T91/><D91/><U45/><E45/><V95/><F95/><W8/><G8/><T67/><D42/><U92/><REACH who="1" step="1"/><E18/><REACH who="1" ten="250,240,250,250" step="2"/><V56/><F35/><W81/><G81/><T99/><D37/><N who="3" m="14409" /><G44/><T133/><D38/><U68/><E68/><V28/><F33/><W50/><G50/><T72/><D133/><U111/><E111/><V31/><F70/><W80/><G82/><T7/><D7/><U40/><E40/><V20/><F31/><W47/><G47/><T61/><D4/><U87/><E87/><V104/><F28/><W58/><G58/><T75/><D84/><U15/><E15/><AGARI ba="0,1" hai="6,10,15,74,79,80,112,114" m="14409,51242" machi="15" ten="30,1000,0" yaku="20,1" doraHai="65" who="3" fromWho="1" sc="250,0,240,-10,250,0,250,20" /><INIT seed="1,0,0,4,2,3" ten="250,230,250,270" oya="1" hai0="4,38,117,29,104,30,15,120,77,11,127,54,67" hai1="107,14,64,47,105,23,52,5,55,44,74,19,65" hai2="28,112,24,97,68,27,109,72,106,111,8,40,2" hai3="135,125,45,99,87,115,123,63,58,79,25,53,114"/><U31/><E74/><V83/><F68/><W122/><G125/><T85/><D117/><U51/><E31/><V0/><F112/><W92/><G135/><T73/><D104/><U18/><E5/><N who="2" m="1063" /><F2/><W26/><G123/><T118/><D118/><U35/><E35/><N who="2" m="20871" /><F27/><W66/><G122/><T91/><D127/><U20/><REACH who="1" step="1"/><E14/><REACH who="1" ten="250,220,250,270" step="2"/><V56/><F72/><W70/><G115/><T12/><D12/><U116/><E116/><V103/><F109/><W17/><G114/><T1/><D1/><U89/><E89/><V34/><F34/><W98/><G17/><T132/><D73/><U131/><E131/><V95/><F111/><W50/><G25/><T33/><D33/><U22/><E22/><V21/><F21/><W110/><G26/><T62/><D120/><U102/><E102/><V61/><F103/><W86/><G110/><T43/><D29/><U60/><E60/><V76/><F61/><W119/><G119/><T42/><D30/><U80/><E80/><V100/><F83/><N who="3" m="47487" /><G70/><T37/><D15/><U113/><E113/><V84/><F100/><W101/><G101/><T82/><D91/><AGARI ba="0,1" hai="45,50,53,58,63,66,87,91,92,98,99" m="47487" machi="91" ten="30,1000,0" yaku="8,1" doraHai="3" who="3" fromWho="0" sc="250,-10,220,0,250,0,270,20" /><INIT seed="2,0,0,4,3,135" ten="240,220,250,290" oya="2" hai0="131,27,110,48,44,106,38,129,42,70,93,104,1" hai1="92,15,52,2,122,31,36,128,102,69,49,21,75" hai2="96,80,134,83,40,5,107,71,119,18,33,115,72" hai3="125,46,133,111,25,23,79,109,13,120,47,81,88"/><V56/><F71/><W37/><G125/><T97/><D1/><U7/><E36/><V41/><F115/><W74/><G120/><T85/><D70/><U100/><E69/><V17/><F119/><W39/><G133/><T108/><D85/><U68/><E68/><V121/><F96/><W101/><G101/><N who="0" m="60591" /><D27/><N who="1" m="16879" /><E75/><V87/><F33/><W112/><G112/><T26/><D26/><U22/><E2/><V65/><F107/><N who="0" m="41002" /><D38/><N who="3" m="14345" /><G13/><T61/><D61/><U35/><E35/><V11/><F121/><W54/><G54/><T127/><D127/><U126/><E122/><V86/><F72/><W130/><G88/><T19/><D19/><N who="2" m="7178" /><F134/><W82/><G81/><N who="2" m="31305" /><F65/><W66/><G66/><T117/><D117/><U4/><E126/><V99/><F99/><W73/><G74/><T0/><D0/><U89/><E22/><V105/><F56/><W132/><G132/><T116/><D116/><U114/><E114/><V24/><F24/><W9/><G9/><T60/><D60/><U77/><E15/><N who="2" m="5615" /><F105/><W98/><G98/><T57/><D57/><U6/><E6/><V8/><F8/><W55/><G25/><T16/><D16/><U113/><E4/><V28/><F28/><W10/><G23/><T84/><D84/><AGARI ba="0,0" hai="40,41,84,86,87" m="5615,31305,7178" machi="84" ten="30,1500,0" yaku="8,1" doraHai="135" who="2" fromWho="0" sc="240,-15,220,0,250,15,290,0" /><INIT seed="2,1,0,3,3,89" ten="225,220,265,290" oya="2" hai0="127,30,119,50,55,64,56,108,33,21,98,85,71" hai1="42,37,52,40,59,105,10,116,102,29,45,9,31" hai2="6,43,128,28,117,44,99,7,90,130,129,17,109" hai3="58,92,18,76,77,91,68,131,19,5,26,110,65"/><V93/><F117/><W80/><G68/><T49/><D33/><U95/><E116/><V57/><F28/><W22/><G110/><T32/><D119/><U134/><E105/><V24/><F109/><W39/><G131/><T48/><D32/><U121/><E134/><V14/><F57/><W20/><G39/><T34/><D34/><U133/><E133/><V35/><F24/><W125/><G125/><T101/><D108/><U83/><E121/><V0/><F0/><W120/><G120/><T88/><D127/><U2/><E40/><V61/><F61/><N who="3" m="38071" /><G5/><T62/><D21/><U67/><E67/><V124/><F35/><W47/><G80/><T70/><D30/><U115/><E83/><V60/><F60/><W112/><G47/><T72/><D72/><U11/><E2/><V111/><F124/><W1/><G112/><T53/><D70/><U81/><E81/><V103/><F103/><W38/><G38/><T113/><D113/><U41/><E41/><V36/><REACH who="2" step="1"/><F111/><REACH who="2" ten="225,220,255,290" step="2"/><W114/><G1/><T118/><D118/><U107/><E115/><V4/><F4/><W106/><G114/><T27/><D27/><U135/><E135/><V73/><F73/><W69/><G69/><T96/><D101/><U51/><REACH who="1" step="1"/><E107/><REACH who="1" ten="225,210,255,290" step="2"/><V87/><F87/><N who="3" m="52351" /><G106/><T97/><D71/><U23/><E23/><AGARI ba="1,2" hai="6,7,14,17,23,36,43,44,90,93,99,128,129,130" machi="23" ten="40,7700,0" yaku="1,1,19,1,52,1,53,0" doraHai="89" doraHaiUra="54" who="2" fromWho="1" sc="225,0,210,-80,255,100,290,0" /><INIT seed="2,2,0,0,5,43" ten="225,130,355,290" oya="2" hai0="75,39,114,90,71,29,116,8,2,85,66,21,103" hai1="72,102,82,4,0,61,63,5,108,91,84,57,60" hai2="123,59,13,35,111,38,100,112,47,50,76,134,107" hai3="68,130,48,126,101,22,89,31,129,78,121,135,32"/><V80/><F112/><W99/><G121/><T92/><D114/><U64/><E108/><V87/><F123/><W79/><G32/><T69/><D75/><U117/><E117/><V106/><F134/><W46/><G68/><T19/><D39/><U119/><E119/><V113/><F113/><W11/><G135/><T51/><D116/><U97/><E72/><V67/><F35/><W7/><G126/><T20/><D103/><U6/><REACH who="1" step="1"/><E0/><REACH who="1" ten="225,120,355,290" step="2"/><V3/><F3/><W65/><G130/><T105/><D2/><U9/><E9/><V16/><F111/><W52/><G129/><T120/><D8/><U30/><E30/><V115/><F115/><W14/><G65/><T23/><D29/><U28/><E28/><V86/><F67/><W83/><G31/><T95/><D120/><U41/><E41/><V81/><F106/><AGARI ba="2,1" hai="4,5,6,57,60,61,63,64,82,84,91,97,102,106" machi="106" ten="40,2600,0" yaku="1,1,53,1" doraHai="43" doraHaiUra="94" who="1" fromWho="2" sc="225,0,120,42,355,-32,290,0" /><INIT seed="3,0,0,1,0,80" ten="225,162,323,290" oya="3" hai0="79,108,99,104,28,84,109,16,123,0,135,128,35" hai1="13,26,100,107,58,68,20,1,25,36,81,111,42" hai2="73,49,64,67,65,38,56,19,69,98,47,133,27" hai3="57,54,10,106,63,96,43,91,30,93,50,134,97"/><W114/><G114/><T33/><D123/><U130/><E1/><V55/><F73/><W7/><G134/><T125/><D0/><U6/><E68/><V90/><F133/><W119/><G119/><T8/><D135/><U87/><E111/><N who="0" m="42569" /><D28/><U75/><E75/><V117/><F117/><W112/><G112/><T4/><D4/><U115/><E115/><V17/><F69/><W18/><G30/><T86/><D125/><U32/><E130/><V85/><F98/><W40/><G18/><N who="2" m="6665" /><F38/><W74/><G74/><T132/><D132/><U24/><E32/><N who="0" m="12361" /><D79/><U92/><E107/><V51/><F27/><W71/><G106/><T70/><D70/><U122/><E122/><V12/><F12/><N who="3" m="5215" /><G71/><T60/><D60/><U110/><E110/><V89/><F85/><N who="0" m="32874" /><D128/><U52/><E36/><V53/><AGARI ba="0,0" hai="47,49,51,53,55,56,64,65,67,89,90" m="6665" machi="53" ten="30,1100,0" yaku="8,1" doraHai="80" who="2" fromWho="2" sc="225,-3,162,-3,323,11,290,-5" owari="222,-17.8,159,-34.1,334,43.4,285,8.5" /></mjloggm>