<mjloggm ver="2.3"><GO type="225" lobby="0"/><UN n0="%E5%B6%BA%E4%B8%8A%E5%92%B2" n1="%73%61%6B%6F%EF%BC%A0%E6%9C%80" n2="%E9%89%A2%E5%B7%BB%E3%82%AC%E3%83%96" n3="%E3%81%B8%E3%82%80%E3%81%B8%E3%82%80%EF%BC%92%E5%8F%B7" dan="16,17,16,17" rate="2066.72,2239.44,2109.64,2135.86" sx="F,M,M,M"/><TAIKYOKU oya="0"/><INIT seed="0,0,0,4,4,65" ten="250,250,250,250" oya="0" hai0="1,13,71,120,80,63,10,58,91,20,85,74,53" hai1="129,60,107,47,32,111,117,134,3,75,50,40,62" hai2="127,22,21,84,38,114,97,87,101,128,118,102,55" hai3="123,6,121,108,76,110,66,92,70,37,131,8,34"/><T115/><D115/><U73/><E117/><V33/><F33/><W49/><G37/><T72/><D120/><N who="3" m="46153" /><G34/><T124/><D124/><U105/><E32/><V14/><F38/><W29/><G29/><T7/><REACH who="0" step="1"/><D71/><REACH who="0" ten="240,250,250,250" step="2"/><U109/><E111/><V59/><F114/><W39/><G108/><T98/><D98/><U119/><E109/><V77/><F127/><W44/><G110/><T5/><D5/><U36/><E119/><V126/><F118/><W45/><G70/><T46/><D46/><U0/><E47/><V9/><F126/><W25/><G45/><T116/><D116/><U64/><E129/><V93/><F128/><W41/><G131/><T94/><D94/><U95/><E95/><V79/><F102/><W135/><G92/><T81/><D81/><U104/><E105/><V113/><F113/><W122/><G122/><T12/><D12/><U24/><E104/><V69/><F69/><W27/><G39/><T4/><D4/><U35/><E107/><V103/><F103/><W19/><G6/><T15/><D15/><U42/><E36/><V132/><F14/><W96/><G96/><T48/><D48/><U52/><E50/><V54/><F101/><W89/><G49/><T125/><D125/><U18/><E0/><V100/><F100/><W90/><G44/><T130/><D130/><U67/><E3/><V16/><F97/><W99/><G99/><T61/><D61/><U86/><E62/><V83/><F93/><W2/><G2/><T57/><D57/><U112/><E60/><V17/><F59/><W26/><G41/><N who="1" m="15978" /><E112/><V30/><F83/><RYUUKYOKU ba="0,1" sc="240,30,250,-10,250,-10,250,-10" hai0="1,7,10,13,20,53,58,63,72,74,80,85,91" /><INIT seed="0,1,1,0,5,89" ten="270,240,240,240" oya="0" hai0="53,73,74,92,60,21,8,56,130,124,93,0,39" hai1="40,54,76,4,65,81,3,126,33,43,120,29,98" hai2="118,27,30,57,5,18,87,85,45,70,48,55,26" hai3="112,49,122,132,42,13,14,59,16,135,110,44,1"/><T75/><D130/><U66/><E120/><V46/><F70/><W2/><G122/><T35/><D35/><U69/><E126/><V23/><F118/><W32/><G112/><T133/><D39/><U115/><E115/><V121/><F121/><W77/><G32/><T62/><D133/><N who="3" m="51273" /><G110/><T127/><D21/><U84/><E54/><V9/><F26/><W11/><G77/><T111/><D111/><U95/><E4/><V61/><F30/><W116/><G116/><T117/><D117/><U97/><E3/><V100/><F100/><W63/><G14/><T129/><D129/><U50/><E98/><V22/><F22/><W19/><G19/><T86/><D62/><U103/><E69/><V31/><F31/><W37/><G37/><T36/><D36/><U71/><E50/><V99/><F99/><W80/><G80/><T82/><D8/><U7/><E7/><V24/><F24/><W107/><G107/><T90/><REACH who="0" step="1"/><D0/><REACH who="0" ten="260,240,240,240" step="2"/><U67/><E71/><V125/><F125/><AGARI ba="1,2" hai="53,56,60,73,74,75,82,86,90,92,93,124,125,127" machi="125" ten="50,12000,1" yaku="1,1,2,1,18,1,52,2,53,0" doraHai="89" doraHaiUra="34" who="0" fromWho="2" sc="260,143,240,0,240,-123,240,0" /><INIT seed="0,2,0,2,1,30" ten="403,240,117,240" oya="0" hai0="26,89,43,106,125,120,63,75,29,64,99,3,18" hai1="130,122,72,5,36,51,14,69,1,103,21,38,20" hai2="24,2,35,90,50,6,85,68,111,61,121,96,67" hai3="70,28,16,37,109,114,107,98,80,15,86,22,12"/><T115/><D115/><U74/><E122/><V131/><F121/><W25/><G114/><T49/><D120/><U45/><E130/><V117/><F131/><W10/><G70/><T119/><D119/><U79/><E103/><V56/><F117/><W92/><G37/><T123/><D123/><U94/><E69/><V32/><F111/><W57/><G109/><T100/><D125/><U128/><E128/><V97/><F6/><W105/><G57/><T46/><D3/><U82/><E94/><V39/><F2/><W44/><G44/><T113/><D113/><U40/><E74/><V116/><F39/><W34/><G92/><T81/><D18/><U55/><E1/><V104/><F24/><W9/><G98/><T108/><D108/><U91/><E91/><V71/><F116/><W19/><G22/><T132/><D132/><U102/><E102/><V60/><F50/><W124/><G124/><T83/><D89/><AGARI ba="2,0" hai="9,10,12,15,16,19,25,28,34,80,86,89,105,107" machi="89" ten="30,7700,0" yaku="7,1,9,1,52,1,54,1" doraHai="30" who="3" fromWho="0" sc="403,-83,240,0,117,0,240,83" /><INIT seed="1,0,0,1,0,3" ten="320,240,117,323" oya="1" hai0="78,45,86,34,1,14,36,65,125,42,66,91,59" hai1="84,126,31,41,10,73,68,57,9,60,102,63,53" hai2="18,101,22,127,100,13,43,88,79,89,98,39,0" hai3="19,28,6,134,108,77,99,47,61,25,135,133,58"/><U114/><E73/><V76/><F127/><W64/><G108/><T118/><D118/><U40/><E114/><V130/><F130/><W69/><G77/><T104/><D1/><U90/><E126/><V110/><F110/><W128/><G128/><T51/><D104/><U33/><E102/><V120/><F120/><W50/><G99/><T35/><D125/><U85/><E33/><V29/><F76/><W95/><G95/><T44/><D78/><U24/><E68/><V83/><F29/><W15/><G6/><T54/><D14/><U32/><E63/><V80/><F80/><W55/><G15/><T20/><D20/><U30/><E30/><V37/><F0/><W109/><G19/><T113/><D113/><U70/><E70/><V67/><F67/><W49/><G109/><T112/><D112/><U115/><E85/><V75/><F101/><W48/><REACH who="3" step="1"/><G69/><REACH who="3" ten="320,240,117,313" step="2"/><T124/><D124/><U129/><E129/><V16/><F18/><W87/><G87/><T116/><D116/><U121/><E115/><V74/><F74/><W107/><G107/><T97/><D97/><U96/><E96/><V103/><F103/><W82/><G82/><T17/><D17/><U94/><E121/><V12/><F12/><W81/><G81/><N who="0" m="49615" /><D66/><U132/><E9/><V26/><F13/><W123/><G123/><T2/><D2/><U52/><E10/><V7/><F7/><W4/><G4/><T5/><D5/><U105/><E105/><N who="2" m="63639" /><F39/><W38/><G38/><T117/><D117/><U62/><E132/><V8/><F8/><W56/><G56/><AGARI ba="0,1" hai="24,31,32,40,41,52,53,56,57,60,62,84,90,94" machi="56" ten="40,3900,0" yaku="9,1,54,1" doraHai="3" who="1" fromWho="3" sc="320,0,240,49,117,0,313,-39" /><INIT seed="1,1,0,4,0,8" ten="320,289,117,274" oya="1" hai0="47,49,61,95,5,133,105,16,135,26,87,63,44" hai1="97,53,127,69,76,101,94,75,77,12,111,81,71" hai2="90,113,74,28,60,112,110,15,41,29,85,33,84" hai3="34,92,122,128,43,102,106,67,2,54,98,21,89"/><U50/><E127/><V134/><F74/><W35/><G122/><T64/><D105/><U121/><E121/><V73/><F73/><W37/><G128/><T3/><D5/><U103/><E76/><V27/><F41/><W25/><G2/><T0/><D0/><U104/><E111/><V38/><F38/><W56/><G67/><T66/><D3/><U72/><E72/><V70/><F110/><W119/><G43/><T42/><D47/><U83/><E83/><V114/><F134/><N who="0" m="51210" /><D95/><U80/><E80/><V78/><F28/><W13/><G37/><T123/><D87/><U120/><E120/><V11/><F78/><W52/><G119/><T129/><D129/><U39/><E39/><V19/><REACH who="2" step="1"/><F90/><REACH who="2" ten="320,289,107,274" step="2"/><W115/><G115/><T9/><D123/><U22/><E103/><V86/><F86/><W99/><G35/><T91/><D91/><U51/><E75/><V107/><F107/><W132/><G132/><T100/><D100/><U59/><E104/><V30/><F30/><W62/><G34/><T108/><D108/><U55/><E77/><V130/><F130/><W18/><REACH who="3" step="1"/><G54/><REACH who="3" ten="320,289,107,264" step="2"/><N who="0" m="29991" /><D66/><AGARI ba="1,2" hai="11,15,19,27,29,33,60,66,70,84,85,112,113,114" machi="66" ten="40,5200,0" yaku="1,1,11,1,52,1,53,0" doraHai="8" doraHaiUra="36" who="2" fromWho="0" sc="320,-55,289,0,107,75,264,0" /><INIT seed="2,0,0,3,3,133" ten="265,289,182,264" oya="2" hai0="4,40,81,118,32,122,33,80,66,5,25,120,111" hai1="18,7,44,119,28,78,8,113,121,41,15,74,22" hai2="58,132,9,79,3,91,84,54,16,14,104,70,95" hai3="45,99,36,43,39,57,13,86,65,42,102,60,61"/><V52/><F132/><W29/><G29/><T94/><D111/><U98/><E119/><V97/><F70/><W115/><G115/><T103/><D118/><U34/><E113/><V19/><F3/><W24/><G24/><T71/><D40/><U125/><E121/><V26/><F104/><W37/><G42/><T51/><D51/><U64/><E64/><V129/><F129/><W2/><G2/><T17/><D66/><U67/><E67/><V11/><F26/><W88/><G13/><T20/><D71/><U0/><E98/><V110/><F110/><W53/><G60/><T134/><D134/><U69/><E69/><V112/><F112/><W72/><G72/><T49/><D49/><U85/><E85/><V21/><F19/><W38/><G65/><T48/><D48/><U27/><E74/><V131/><F131/><W90/><REACH who="3" step="1"/><G86/><REACH who="3" ten="265,289,182,254" step="2"/><T77/><D120/><U6/><E6/><N who="0" m="2665" /><D122/><U96/><E96/><V130/><F130/><W108/><G108/><T107/><D33/><U87/><E87/><V59/><F54/><W10/><G10/><N who="2" m="3593" /><F52/><W109/><G109/><T56/><D32/><U50/><E78/><V62/><F62/><W106/><AGARI ba="0,1" hai="36,37,38,39,43,45,53,57,61,88,90,99,102,106" machi="106" ten="30,4000,0" yaku="1,1,0,1,54,1,53,0" doraHai="133" doraHaiUra="124" who="3" fromWho="3" sc="265,-10,289,-10,182,-20,254,50" /><INIT seed="3,0,0,0,5,131" ten="255,279,162,304" oya="3" hai0="124,44,116,109,43,4,22,92,94,30,75,19,47" hai1="113,45,125,133,65,135,50,90,132,46,57,77,81" hai2="28,88,97,29,69,106,70,74,71,7,127,68,104" hai3="130,59,103,85,2,78,12,101,16,48,98,1,51"/><W18/><G130/><T105/><D116/><U96/><E113/><V63/><F74/><W56/><G78/><T24/><D105/><U38/><E125/><V67/><F127/><W114/><G85/><T112/><D75/><U54/><E38/><V110/><F110/><W35/><G12/><T83/><D124/><U76/><E65/><V95/><F104/><W87/><G87/><T0/><D109/><U128/><E128/><V117/><F117/><W123/><G98/><T89/><D112/><U5/><E5/><V93/><F106/><W79/><G79/><N who="1" m="30282" /><E81/><V41/><F41/><W126/><G126/><T61/><D61/><U17/><E17/><V26/><F7/><W84/><G84/><T39/><D47/><U73/><E73/><V34/><F28/><W49/><G49/><T129/><D129/><U14/><E14/><V32/><REACH who="2" step="1"/><F95/><AGARI ba="0,0" hai="45,46,50,54,57,90,95,96,132,133,135" m="30282" machi="95" ten="40,8000,1" yaku="20,1,52,3" doraHai="131" who="1" fromWho="2" sc="255,0,279,80,162,-80,304,0" owari="255,-14.5,359,45.9,82,-41.8,304,10.4" /></mjloggm>