<mjloggm ver="2.3"><GO type="225" lobby="0"/><UN n0="%72%69%6F%75%63%68%61%6E" n1="%E3%81%86%E3%83%BC%E3%81%B1%E3%83%BC" n2="%E7%AD%89%E3%80%85%E5%8A%9B%E5%8A%87%E5%A0%B4" n3="%E6%A1%9C%E8%8A%B1%E9%96%83%E3%80%85" dan="16,17,17,16" rate="2148.91,2220.88,2168.96,2122.17" sx="M,F,M,M"/><TAIKYOKU oya="0"/><INIT seed="0,0,0,1,0,14" ten="250,250,250,250" oya="0" hai0="43,60,72,125,87,83,27,6,107,71,20,85,130" hai1="84,129,86,12,31,100,88,132,58,34,51,3,28" hai2="89,11,79,41,36,0,29,94,50,116,93,56,120" hai3="2,18,13,80,73,22,65,42,90,63,8,55,81"/><T5/><D107/><U30/><E3/><V45/><F120/><W105/><G105/><T33/><D125/><U108/><E34/><V99/><F116/><W114/><G114/><T102/><D130/><U62/><E129/><V123/><F123/><W17/><G42/><T1/><D33/><U66/><E108/><V104/><F79/><W25/><G73/><T113/><D113/><U91/><E132/><V23/><F104/><W4/><G55/><T35/><D35/><U68/><E100/><V128/><F0/><W103/><G90/><N who="1" m="34346" /><E68/><V52/><F11/><W131/><G103/><T37/><D102/><U32/><E32/><V124/><F94/><W97/><G97/><T110/><D110/><U70/><E70/><V75/><F75/><W122/><G131/><T21/><D72/><U115/><E115/><V24/><REACH who="2" step="1"/><F128/><REACH who="2" ten="250,250,240,250" step="2"/><W126/><G122/><T26/><D1/><U46/><E86/><V95/><F95/><W57/><REACH who="3" step="1"/><G126/><AGARI ba="0,1" hai="23,24,29,36,41,45,50,52,56,89,93,99,124,126" machi="126" ten="40,5200,0" yaku="1,1,54,1,53,1" doraHai="14" doraHaiUra="92" who="2" fromWho="3" sc="250,0,250,0,240,62,250,-52" /><INIT seed="1,0,0,5,1,49" ten="250,250,302,198" oya="1" hai0="70,16,126,8,110,37,27,99,101,23,17,32,80" hai1="85,86,42,29,0,131,67,83,35,95,90,79,77" hai2="40,36,63,123,128,117,34,56,112,39,2,50,89" hai3="103,104,21,75,97,66,73,74,109,51,88,106,31"/><U71/><E0/><V5/><F34/><W121/><G121/><T47/><D110/><U44/><E131/><V114/><F89/><W1/><G1/><T26/><D126/><U9/><E9/><V24/><F24/><W4/><G4/><T68/><D80/><U30/><E35/><V55/><F5/><W48/><G109/><T87/><D87/><U129/><E129/><V124/><F2/><W82/><G66/><T120/><D120/><U135/><E135/><V62/><F128/><W3/><G104/><T41/><D8/><U93/><E77/><V61/><F123/><W33/><G33/><T69/><D32/><U134/><E134/><V53/><F117/><W78/><G3/><T107/><REACH who="0" step="1"/><D26/><REACH who="0" ten="240,250,302,198" step="2"/><U91/><E83/><V116/><F124/><W57/><G75/><T52/><D52/><U46/><E79/><V13/><F55/><W92/><G74/><T76/><D76/><U96/><E96/><V111/><F111/><W132/><G132/><T38/><D38/><U127/><E127/><V64/><F39/><W84/><G57/><T102/><D102/><U11/><E11/><V115/><F56/><W7/><G7/><T10/><D10/><U65/><E71/><V60/><F114/><W20/><G20/><T54/><D54/><U130/><E130/><V12/><F53/><W118/><G118/><T113/><D113/><U25/><E42/><V58/><F40/><W19/><G31/><AGARI ba="0,1" hai="16,17,23,27,31,37,41,47,68,69,70,99,101,107" machi="31" ten="40,2600,0" yaku="1,1,54,1,53,0" doraHai="49" doraHaiUra="59" who="0" fromWho="3" sc="240,36,250,0,302,0,198,-26" /><INIT seed="2,0,0,3,4,47" ten="276,250,302,172" oya="2" hai0="27,46,10,119,68,122,72,59,80,98,42,71,58" hai1="111,39,112,26,22,91,4,24,41,121,6,20,37" hai2="53,110,30,115,86,29,99,7,14,34,43,128,63" hai3="19,126,12,9,83,70,87,16,36,32,48,13,106"/><V64/><F115/><W129/><G129/><T55/><D122/><U62/><E121/><V45/><F128/><W0/><G126/><T104/><D119/><U133/><E111/><V124/><F124/><W78/><G36/><T5/><D27/><U131/><E131/><V82/><F110/><W52/><G106/><T135/><D135/><U75/><E75/><V134/><F134/><W40/><G70/><T56/><D55/><U102/><E102/><V105/><F34/><W49/><G0/><T84/><D72/><U77/><E77/><V74/><F74/><W116/><G32/><T107/><D104/><U50/><E62/><V114/><F53/><W125/><G125/><T120/><D120/><U38/><E91/><V117/><F114/><W33/><G33/><T113/><D113/><U88/><E88/><V61/><F117/><W81/><G116/><T132/><D132/><U25/><E112/><V93/><F105/><W66/><G66/><T90/><D98/><U73/><E73/><V69/><F63/><W127/><G127/><T94/><D94/><U96/><E96/><V100/><F14/><W31/><G31/><T65/><D107/><U21/><E133/><V35/><F7/><N who="3" m="3135" /><G13/><N who="0" m="5327" /><D65/><U54/><E41/><V89/><REACH who="2" step="1"/><F35/><REACH who="2" ten="276,250,292,172" step="2"/><W76/><G52/><T44/><D42/><U103/><E103/><V28/><F28/><W95/><G40/><T15/><D15/><U11/><E11/><V18/><F18/><N who="3" m="6699" /><G95/><T97/><D97/><U2/><E2/><V123/><F123/><W3/><G3/><T23/><D23/><U57/><AGARI ba="0,1" hai="4,6,20,21,22,24,25,26,37,38,39,50,54,57" machi="57" ten="40,8000,1" yaku="0,1,29,2,52,1" doraHai="47" who="1" fromWho="1" sc="276,-20,250,90,292,-40,172,-20" /><INIT seed="3,0,0,5,5,83" ten="256,340,252,152" oya="3" hai0="15,90,29,48,119,75,100,74,67,135,94,46,88" hai1="81,87,47,40,110,22,128,39,59,56,20,109,121" hai2="60,112,117,65,62,123,10,126,85,96,134,49,106" hai3="77,113,84,92,63,98,13,6,86,89,2,21,107"/><W129/><G113/><T25/><D119/><U45/><E128/><V111/><F112/><W16/><G129/><T31/><D135/><U125/><E125/><V120/><F117/><W105/><G63/><T124/><D124/><U115/><E47/><V18/><F126/><W36/><G36/><T104/><D67/><U34/><E121/><N who="2" m="46667" /><F111/><N who="1" m="42505" /><E34/><V78/><F134/><W103/><G107/><T57/><D57/><N who="1" m="22091" /><E115/><V82/><F49/><W1/><REACH who="3" step="1"/><G6/><REACH who="3" ten="256,340,252,142" step="2"/><T133/><D104/><U35/><E35/><V93/><F106/><W97/><G97/><T27/><D133/><U122/><E122/><V99/><F96/><W79/><G79/><AGARI ba="0,1" hai="20,22,39,40,45,79,81,87" m="22091,42505" machi="79" ten="30,2000,0" yaku="14,1,52,1" doraHai="83" who="1" fromWho="3" sc="256,0,340,30,252,0,142,-20" owari="256,5.6,370,47.0,252,-14.8,122,-37.8" /></mjloggm>