<mjloggm ver="2.3"><GO type="225" lobby="0"/><UN n0="%70%68%65%6E%6F%6D%65" n1="%E7%BD%AA%E5%88%91%E6%B3%95%E5%AE%9A%E4%B8%BB%E7%BE%A9" n2="%6D%75%75%6D%75%72%61" n3="%E3%81%A1%E3%82%85%E3%81%86%E3%81%A9%E3%81%8F%E8%B1%A1%E3%81%95%E3%82%93" dan="17,16,16,17" rate="2202.21,2154.82,2155.20,2210.76" sx="M,M,F,M"/><TAIKYOKU oya="0"/><INIT seed="0,0,0,3,2,10" ten="250,250,250,250" oya="0" hai0="6,122,93,41,120,94,88,82,74,56,87,91,37" hai1="127,31,46,89,13,101,111,40,96,58,61,113,112" hai2="57,135,52,12,66,64,131,132,95,4,99,53,128" hai3="65,30,110,23,62,115,72,81,22,80,105,0,39"/><T2/><D2/><U5/><E111/><V29/><F29/><W25/><G115/><N who="1" m="44106" /><E31/><V9/><F66/><W114/><G114/><T15/><D56/><U48/><E89/><N who="2" m="55791" /><F64/><W106/><G0/><T16/><D6/><U19/><E5/><V38/><F38/><W134/><G134/><N who="2" m="51241" /><F57/><W54/><G39/><T36/><D74/><U26/><E127/><V33/><F33/><W104/><G110/><T73/><D73/><U49/><E26/><V11/><F11/><W107/><N who="3" m="26624" /><DORA hai="90" /><W85/><G72/><T43/><D37/><N who="1" m="21775" /><E96/><V126/><F126/><W108/><G108/><T125/><D125/><U63/><E101/><V68/><F68/><W50/><G22/><T92/><D36/><U71/><E71/><V98/><F98/><W70/><REACH who="3" step="1"/><G85/><REACH who="3" ten="250,250,250,240" step="2"/><N who="0" m="50231" /><D122/><U109/><E109/><V67/><F67/><W14/><G14/><T60/><D120/><U34/><E34/><V116/><F116/><W17/><G17/><T79/><D15/><U129/><E13/><V102/><F102/><W24/><G24/><T78/><D16/><U76/><E19/><V32/><F32/><W55/><G55/><AGARI ba="0,1" hai="4,9,12,52,53,55,128,131" m="51241,55791" machi="55" ten="30,7700,0" yaku="20,1,52,2,54,1" doraHai="10,90" who="2" fromWho="3" sc="250,0,250,0,250,87,240,-77" /><INIT seed="1,0,0,4,5,117" ten="250,250,337,163" oya="1" hai0="80,114,29,61,128,40,57,14,123,10,5,30,116" hai1="105,38,3,129,23,115,119,31,111,113,120,79,33" hai2="125,84,16,76,91,46,20,72,95,17,48,71,27" hai3="28,18,90,103,59,107,11,52,21,13,85,9,75"/><U22/><RYUUKYOKU type="yao9" ba="0,0" sc="250,0,250,0,337,0,163,0" hai1="3,22,23,31,33,38,79,105,111,113,115,119,120,129" /><INIT seed="1,1,0,4,1,74" ten="250,250,337,163" oya="1" hai0="129,58,122,45,111,9,29,5,62,53,52,54,120" hai1="50,18,35,43,65,2,8,106,23,87,114,25,88" hai2="47,1,92,124,44,130,86,64,0,132,67,119,117" hai3="84,24,48,15,7,123,22,56,101,100,78,39,36"/><U69/><E114/><V75/><F75/><W134/><G123/><N who="0" m="47147" /><D111/><U27/><E106/><V37/><F130/><W33/><G134/><T109/><D109/><U90/><E69/><V128/><F128/><W115/><G115/><T81/><D129/><U3/><E65/><V51/><F132/><W104/><G33/><T103/><D29/><U20/><E35/><V12/><F124/><W13/><G104/><T91/><D103/><U14/><E43/><V127/><F127/><W133/><G133/><T59/><D45/><U93/><E50/><V41/><F12/><N who="3" m="4683" /><G7/><T6/><D58/><U11/><E11/><V63/><F44/><W30/><G36/><T38/><D38/><U60/><E60/><V66/><F37/><W68/><G68/><T16/><D16/><U70/><E70/><V97/><F63/><W135/><G135/><T32/><D32/><U72/><E72/><V102/><REACH who="2" step="1"/><F86/><REACH who="2" ten="250,250,327,163" step="2"/><W26/><G39/><T31/><D6/><N who="1" m="3351" /><E2/><AGARI ba="1,1" hai="0,1,2,41,47,51,64,66,67,92,97,102,117,119" machi="2" ten="40,1300,0" yaku="1,1,53,0" doraHai="74" doraHaiUra="108" who="2" fromWho="1" sc="250,0,250,-16,327,26,163,0" /><INIT seed="2,0,0,1,2,123" ten="250,234,353,163" oya="2" hai0="67,135,86,75,110,0,113,80,78,85,98,16,13" hai1="102,116,93,35,37,52,24,36,119,6,19,97,3" hai2="107,95,89,22,47,133,30,55,17,28,106,8,57" hai3="72,96,130,115,82,29,114,94,79,76,38,39,108"/><V134/><F47/><W7/><G29/><T9/><D110/><U122/><E122/><V101/><F8/><W27/><G27/><T54/><D113/><N who="3" m="43017" /><G7/><T81/><D135/><U5/><E6/><V131/><F131/><W1/><G1/><T92/><D0/><U46/><E5/><V56/><F101/><N who="3" m="60567" /><G38/><T117/><D117/><U40/><E3/><V11/><F11/><W34/><G34/><T60/><D54/><U48/><E37/><V58/><F55/><W32/><G32/><T53/><D81/><U125/><E125/><V23/><F30/><W124/><G39/><T31/><D53/><U87/><E87/><V118/><F28/><W63/><G63/><T2/><D31/><U44/><REACH who="1" step="1"/><E35/><REACH who="1" ten="250,224,353,163" step="2"/><V4/><F4/><W120/><G120/><T112/><D2/><U69/><E69/><V33/><F33/><W99/><G124/><T91/><REACH who="0" step="1"/><D112/><REACH who="0" ten="240,224,353,163" step="2"/><U84/><E84/><V126/><F126/><W71/><G72/><T104/><D104/><U51/><E51/><V62/><F107/><W105/><G105/><T77/><D77/><U68/><E68/><AGARI ba="0,2" hai="9,13,16,60,67,68,75,78,80,85,86,91,92,98" machi="68" ten="30,3900,0" yaku="1,1,7,1,54,1,53,0" doraHai="123" doraHaiUra="45" who="0" fromWho="1" sc="240,59,224,-39,353,0,163,0" /><INIT seed="3,0,0,5,5,103" ten="299,185,353,163" oya="3" hai0="43,51,113,58,14,97,128,87,110,111,3,46,131" hai1="124,62,92,57,22,85,34,89,73,71,114,119,39" hai2="72,91,29,126,30,94,61,60,19,31,50,2,6" hai3="99,115,112,13,28,15,129,101,52,17,120,116,11"/><W37/><G120/><T44/><D3/><U133/><E34/><V16/><F72/><W81/><G116/><T47/><D87/><U24/><E71/><V98/><F126/><W69/><G69/><T109/><D14/><U53/><E39/><V82/><F2/><W41/><G129/><N who="0" m="49739" /><D97/><U127/><E73/><V118/><F118/><W75/><G28/><T10/><D10/><U63/><E114/><V84/><F50/><W121/><G121/><T5/><D5/><U96/><E133/><V79/><F6/><W76/><G41/><T117/><D117/><U65/><E119/><V0/><F0/><W40/><G40/><T88/><D88/><U105/><E105/><V8/><F8/><W64/><G64/><T54/><D113/><U125/><E65/><V67/><F67/><W36/><G15/><T26/><D26/><U102/><E85/><V107/><F107/><W21/><G115/><T78/><D78/><U68/><E68/><V90/><F79/><W9/><G112/><T83/><D83/><U1/><E1/><V70/><F70/><W123/><G123/><T95/><D95/><U74/><E74/><V100/><F91/><W42/><G52/><T55/><D55/><U66/><E66/><V25/><F25/><W135/><G135/><T48/><AGARI ba="0,0" hai="43,44,46,47,48,51,54,58,109,110,111" m="49739" machi="48" ten="40,8000,1" yaku="14,1,19,1,34,2" doraHai="103" who="0" fromWho="0" sc="299,80,185,-20,353,-20,163,-40" owari="379,47.9,165,-23.5,333,13.3,123,-37.7" /></mjloggm>