<mjloggm ver="2.3"><GO type="225" lobby="0"/><UN n0="%6D%61%74%69%67%75%73%61" n1="%E3%81%8B%E3%82%8F%E3%81%A1%E3%82%83%E3%82%93%35%38" n2="%E8%90%BD%E6%97%A5" n3="%E6%81%A5%E6%99%92%E3%81%97" dan="17,16,17,16" rate="2152.65,2132.87,2251.46,2149.04" sx="M,M,F,M"/><TAIKYOKU oya="0"/><INIT seed="0,0,0,1,4,65" ten="250,250,250,250" oya="0" hai0="129,119,12,9,85,30,77,35,58,40,63,93,81" hai1="59,71,62,116,36,23,10,105,43,97,44,20,125" hai2="53,5,38,108,19,60,48,126,32,56,64,115,121" hai3="11,133,25,98,7,78,1,100,109,83,41,96,135"/><T91/><D119/><U80/><E116/><V103/><F115/><W124/><G124/><T31/><D129/><U106/><E125/><V34/><F126/><W75/><G109/><T95/><D40/><U122/><E122/><V13/><F121/><W84/><G41/><T111/><D111/><U66/><E80/><V67/><F38/><W82/><G25/><T132/><D132/><N who="3" m="50761" /><G100/><T27/><D31/><U94/><E10/><V90/><F5/><W74/><G74/><T3/><D3/><U61/><E106/><V92/><F103/><W114/><G114/><T134/><D134/><U22/><E105/><V73/><F73/><W42/><G42/><T76/><D76/><AGARI ba="0,0" hai="1,7,11,75,76,78,82,83,84,96,98" m="50761" machi="76" ten="30,1000,0" yaku="20,1" doraHai="65" who="3" fromWho="0" sc="250,-10,250,0,250,0,250,10" /><INIT seed="1,0,0,2,0,19" ten="240,250,250,260" oya="1" hai0="80,36,107,42,61,109,69,46,73,112,35,30,45" hai1="40,123,10,20,5,118,47,56,6,113,18,105,32" hai2="41,72,99,24,82,49,132,64,7,131,97,90,8" hai3="106,115,114,38,104,121,124,76,102,129,60,53,22"/><U14/><E113/><V74/><F131/><W116/><G121/><T57/><D112/><U11/><E123/><V88/><F132/><W84/><G129/><T59/><D107/><U125/><E118/><V31/><F64/><W71/><G116/><T65/><D109/><U117/><E117/><V37/><F49/><W110/><G110/><T50/><D30/><U128/><E128/><V29/><F41/><W70/><G38/><T68/><D80/><U21/><E32/><V28/><F37/><W48/><G124/><T79/><D79/><U1/><E105/><V134/><F134/><W87/><G102/><T93/><D93/><U34/><E34/><V33/><F33/><W122/><G48/><T75/><D75/><U108/><E108/><V13/><F24/><W39/><G39/><T130/><D73/><U133/><E133/><V63/><F63/><W94/><G60/><N who="0" m="38047" /><D35/><U43/><E125/><V54/><F54/><W135/><G53/><N who="0" m="29911" /><D130/><U77/><E77/><V98/><F74/><W103/><G135/><T55/><AGARI ba="0,0" hai="36,42,45,55,57,61,68,69" m="29911,38047" machi="55" ten="30,8000,1" yaku="35,5" doraHai="19" who="0" fromWho="0" sc="240,80,250,-40,250,-20,260,-20" /><INIT seed="2,0,0,5,3,45" ten="320,210,230,240" oya="2" hai0="3,20,89,8,46,39,38,114,102,129,72,74,120" hai1="21,88,117,26,99,84,51,125,47,123,11,113,81" hai2="78,111,56,28,106,70,103,96,71,52,104,85,43" hai3="24,87,42,66,27,1,13,91,14,112,73,97,17"/><V60/><F106/><W18/><G1/><T50/><D102/><U29/><E113/><V90/><F78/><W49/><G73/><T76/><D20/><U6/><E117/><V30/><F111/><W109/><G109/><T41/><D89/><U4/><E125/><V121/><F121/><W65/><G97/><T94/><D94/><N who="1" m="56775" /><E11/><V64/><F43/><W40/><G40/><T19/><D129/><U7/><E123/><V31/><REACH who="2" step="1"/><F64/><REACH who="2" ten="320,210,220,240" step="2"/><W118/><G65/><T110/><D41/><N who="1" m="25071" /><E6/><V16/><F16/><W33/><G66/><T37/><D19/><U130/><E130/><V75/><F75/><W62/><G18/><T93/><D72/><U54/><E54/><V86/><F86/><W58/><G87/><T48/><D74/><U2/><E2/><V59/><F59/><W101/><G58/><T107/><D120/><U83/><E83/><AGARI ba="0,1" hai="28,30,31,52,56,60,70,71,83,85,90,96,103,104" machi="83" ten="40,3900,0" yaku="1,1,54,1,53,0" doraHai="45" doraHaiUra="36" who="2" fromWho="1" sc="320,0,210,-39,220,49,240,0" /><INIT seed="2,1,0,0,0,50" ten="320,171,269,240" oya="2" hai0="100,78,4,24,87,3,73,71,114,101,44,120,58" hai1="9,74,96,124,12,83,2,34,19,18,72,103,75" hai2="23,20,68,1,7,32,110,67,61,35,11,102,111" hai3="77,123,38,62,97,59,41,130,93,39,16,57,133"/><V69/><F69/><W33/><G123/><T25/><D58/><U92/><E124/><V36/><F36/><W113/><G33/><N who="2" m="12873" /><F102/><W15/><G130/><T37/><D114/><U108/><E108/><AGARI ba="1,0" hai="1,7,11,20,23,61,67,68,108,110,111" m="12873" machi="108" ten="30,2900,0" yaku="14,1,10,1" doraHai="50" who="2" fromWho="1" sc="320,0,171,-32,269,32,240,0" /><INIT seed="2,2,0,3,0,40" ten="320,139,301,240" oya="2" hai0="68,134,39,47,135,10,125,107,104,78,92,105,46" hai1="17,56,52,106,84,45,12,30,57,119,101,5,70" hai2="21,35,130,67,65,96,75,15,26,111,86,121,83" hai3="54,95,59,112,43,4,123,50,63,36,100,113,0"/><V7/><F121/><W1/><G123/><T55/><D68/><U73/><E73/><V16/><F130/><W37/><G4/><T117/><D125/><U91/><E70/><V69/><F75/><W82/><G82/><T89/><D78/><U20/><E119/><V41/><F69/><W81/><G81/><T44/><D117/><U49/><E30/><V129/><F129/><W58/><G95/><T29/><D29/><U131/><E131/><V98/><F111/><W33/><G100/><T90/><D39/><N who="3" m="14921" /><G33/><T93/><D55/><U79/><E79/><V61/><F41/><W116/><G116/><T8/><D47/><U85/><E5/><V127/><F127/><W62/><G1/><T34/><D105/><U22/><E22/><V109/><F109/><W114/><G0/><T99/><D99/><N who="2" m="37930" /><F61/><N who="3" m="23051" /><G43/><T94/><D93/><N who="1" m="54503" /><E106/><V42/><F42/><W3/><G3/><T28/><D28/><U71/><E71/><V27/><F35/><AGARI ba="2,0" hai="8,10,34,35,44,46,89,90,92,94,104,107,134,135" machi="35" ten="25,6400,0" yaku="22,2,52,2" doraHai="40" who="0" fromWho="2" sc="320,70,139,0,301,-70,240,0" /><INIT seed="3,0,0,3,0,44" ten="390,139,231,240" oya="3" hai0="128,26,40,88,127,73,122,123,96,68,81,97,0" hai1="106,42,8,74,100,108,102,21,105,17,58,111,101" hai2="86,90,2,4,3,93,64,133,33,92,34,28,72" hai3="115,12,61,71,50,37,120,104,75,110,124,76,31"/><W79/><G120/><T109/><D26/><U85/><E74/><V5/><F72/><W65/><G37/><T35/><D40/><U59/><E42/><V10/><F133/><W126/><G115/><T130/><D68/><U99/><E8/><V63/><F28/><W119/><G119/><T132/><D127/><N who="3" m="48681" /><G104/><T25/><D25/><U48/><E85/><V94/><F5/><W77/><G31/><T38/><D0/><U60/><E102/><V107/><F3/><W69/><G12/><T15/><D15/><U83/><E83/><V22/><F22/><W45/><G110/><T87/><D109/><U70/><E70/><V20/><F20/><W62/><G75/><T112/><D38/><U66/><E59/><V53/><F107/><W52/><G62/><T89/><D73/><U80/><E80/><V11/><F11/><W51/><G51/><T7/><D81/><U36/><E36/><V135/><F135/><W18/><G71/><T24/><D123/><U13/><REACH who="1" step="1"/><E48/><REACH who="1" ten="390,129,231,240" step="2"/><V125/><F125/><W55/><G55/><T82/><D82/><U121/><E121/><V98/><F10/><W30/><G69/><T16/><D122/><U78/><E78/><V129/><F86/><W95/><G76/><T32/><D87/><U1/><E1/><V134/><F2/><W67/><G77/><T91/><D91/><U41/><E41/><V46/><F134/><W49/><G50/><T117/><D89/><U39/><E39/><V9/><F9/><W14/><G79/><T29/><D132/><U47/><E47/><V103/><F46/><W19/><G45/><RYUUKYOKU ba="0,1" sc="390,-10,129,30,231,-10,240,-10" hai1="13,17,21,58,60,66,99,100,101,105,106,108,111" owari="390,49.0,159,-34.1,221,-17.9,230,3.0" /></mjloggm>