<mjloggm ver="2.3"><GO type="225" lobby="0"/><UN n0="%6D%75%75%73%61%6E%6D%75" n1="%E3%80%90%E3%83%88%E3%83%AA%E3%83%A5%E3%83%95%E3%80%91" n2="%E3%83%A9%E3%82%A4%E3%83%B3%E3%81%AE%E8%99%8E" n3="%E5%B6%BA%E4%B8%8A%E5%92%B2" dan="17,16,16,16" rate="2151.59,2116.94,2102.41,2095.77" sx="F,M,M,F"/><TAIKYOKU oya="0"/><INIT seed="0,0,0,4,0,123" ten="250,250,250,250" oya="0" hai0="3,29,27,78,70,19,64,42,74,85,122,2,135" hai1="6,41,20,109,95,9,43,31,49,88,58,11,94" hai2="112,96,97,130,25,89,125,54,90,44,62,114,103" hai3="69,81,28,79,104,0,61,106,53,102,99,75,72"/><T10/><D122/><U115/><E109/><V71/><F125/><W36/><G0/><T46/><D74/><U68/><E68/><V21/><F130/><W38/><G72/><T24/><D135/><U32/><E32/><V134/><F134/><W1/><G1/><T82/><D64/><U133/><E133/><V108/><F71/><W15/><G104/><T55/><D70/><U45/><E41/><V73/><F73/><W77/><G77/><T124/><D124/><U52/><E6/><V60/><F21/><W34/><G15/><T59/><D10/><U50/><E95/><V80/><F25/><N who="3" m="18703" /><G53/><T131/><D19/><U23/><E115/><V129/><F103/><W30/><G30/><T22/><D24/><N who="1" m="16775" /><E23/><V126/><F126/><W105/><G105/><T110/><D131/><U7/><E7/><V101/><F101/><W107/><G107/><T14/><D14/><U76/><E76/><V33/><F129/><W117/><G117/><T18/><D29/><U51/><E50/><V120/><F33/><W87/><G87/><AGARI ba="0,0" hai="9,11,43,45,49,51,52,58,87,88,94" m="16775" machi="87" ten="30,3900,0" yaku="8,1,54,2" doraHai="123" who="1" fromWho="3" sc="250,0,250,39,250,0,250,-39" /><INIT seed="1,0,0,0,3,29" ten="250,289,250,211" oya="1" hai0="121,125,126,20,42,78,28,135,35,83,3,52,56" hai1="120,12,60,98,82,111,69,2,47,61,22,37,50" hai2="25,95,113,27,122,77,68,99,134,5,119,118,109" hai3="31,16,64,116,53,72,74,80,87,57,9,129,130"/><U128/><E120/><V0/><F68/><W62/><G116/><T26/><D3/><U19/><E2/><V11/><F77/><N who="3" m="46479" /><G31/><T89/><D121/><U91/><E128/><N who="3" m="49258" /><G64/><T7/><D135/><U6/><E6/><V63/><F122/><W58/><G58/><T84/><D7/><U85/><E37/><V15/><F63/><W106/><G106/><T70/><D42/><U32/><E32/><V4/><F134/><W103/><G103/><T71/><D20/><U17/><E69/><V18/><F95/><W73/><G9/><T38/><D38/><U88/><E19/><AGARI ba="0,0" hai="16,19,53,57,62,72,73,74" m="49258,46479" machi="19" ten="40,2600,0" yaku="19,1,54,1" doraHai="29" who="3" fromWho="1" sc="250,0,289,-26,250,0,211,26" /><INIT seed="2,0,0,1,1,28" ten="250,263,250,237" oya="2" hai0="74,9,113,127,109,76,43,40,11,135,24,86,61" hai1="118,71,21,32,42,102,101,89,2,98,72,133,108" hai2="95,59,49,94,26,22,124,81,56,15,131,4,114" hai3="97,29,111,90,5,65,69,45,35,31,62,52,37"/><V105/><F105/><W25/><G111/><T134/><D113/><U129/><E108/><V3/><F124/><W99/><G31/><T93/><D109/><U50/><E2/><V34/><F131/><W58/><G5/><T84/><D127/><U119/><E71/><V88/><F3/><W106/><G90/><N who="0" m="53447" /><D74/><U125/><E32/><V121/><F121/><W115/><G115/><T33/><D76/><U0/><E72/><V77/><F114/><W122/><G122/><T66/><D86/><U44/><E0/><V130/><F130/><W46/><G37/><T16/><D40/><U19/><E133/><N who="0" m="50697" /><D43/><U107/><E102/><V10/><F34/><W12/><G12/><T70/><D33/><U116/><E129/><V23/><F95/><W30/><G30/><T1/><D1/><U73/><E73/><V75/><F49/><N who="3" m="30991" /><G97/><T82/><D82/><U13/><E125/><V83/><F83/><W8/><G8/><T128/><D128/><U64/><E89/><V47/><F23/><AGARI ba="0,0" hai="9,11,16,23,24,61,66,70" m="50697,53447" machi="23" ten="30,2000,0" yaku="20,1,54,1" doraHai="28" who="0" fromWho="2" sc="250,20,263,0,250,-20,237,0" /><INIT seed="3,0,0,2,2,97" ten="270,263,230,237" oya="3" hai0="40,49,105,46,35,45,63,32,114,100,92,88,77" hai1="98,55,73,17,69,52,19,26,87,89,101,39,57" hai2="104,1,76,130,116,131,96,25,65,110,128,6,122" hai3="7,126,22,48,16,74,75,90,61,42,124,79,37"/><W13/><G37/><T117/><D117/><U8/><E69/><V102/><F65/><W23/><G7/><T95/><D114/><U66/><E73/><V67/><F67/><W99/><G61/><T20/><D77/><U24/><E39/><V38/><F25/><N who="1" m="9833" /><E66/><V30/><F30/><W78/><G42/><T47/><D20/><U86/><E55/><V28/><F28/><W41/><G41/><T80/><D63/><N who="1" m="36263" /><E89/><V118/><F38/><W93/><G48/><T68/><D68/><U51/><E51/><V70/><F70/><W91/><G23/><T54/><D40/><U94/><E8/><N who="2" m="2127" /><F110/><W72/><REACH who="3" step="1"/><G91/><REACH who="3" ten="270,263,230,227" step="2"/><T134/><D49/><U18/><AGARI ba="0,1" hai="17,18,19,86,87,94,98,101" m="36263,9833" machi="18" ten="30,4000,0" yaku="8,1,52,1,54,1" doraHai="97" who="1" fromWho="1" sc="270,-10,263,50,230,-10,227,-20" owari="260,6.0,313,41.3,220,-18.0,207,-29.3" /></mjloggm>