<mjloggm ver="2.3"><GO type="225" lobby="0"/><UN n0="%E2%98%86%E5%AD%AB%E7%87%95%E5%A7%BF%E2%98%86" n1="%E3%81%B5%E3%81%98%E3%81%8B%E3%81%A4" n2="%E3%81%8C%E3%81%9F" n3="%E6%9D%B1%E9%A2%A8%E3%81%AE%E3%81%8D%E3%82%83%E3%81%B7%E3%81%95%E3%82%93" dan="16,16,16,17" rate="2182.27,2178.14,2138.15,2214.17" sx="M,M,F,M"/><TAIKYOKU oya="0"/><INIT seed="0,0,0,3,2,34" ten="250,250,250,250" oya="0" hai0="54,98,19,108,5,101,61,66,65,45,41,13,83" hai1="92,104,130,118,79,12,76,18,16,2,53,33,120" hai2="11,26,36,48,1,31,35,56,117,116,109,23,63" hai3="30,75,37,6,96,80,95,8,44,122,67,24,38"/><T106/><D5/><U124/><E120/><V119/><F36/><W21/><G122/><T9/><D108/><U40/><E118/><V46/><F109/><W103/><G67/><T78/><D54/><U126/><E104/><V70/><F70/><W7/><G44/><T73/><REACH who="0" step="1"/><D61/><REACH who="0" ten="240,250,250,250" step="2"/><U94/><E130/><V0/><F11/><W62/><G6/><T84/><D84/><U127/><E40/><N who="2" m="24647" /><F35/><W114/><G114/><T72/><D72/><U88/><E53/><AGARI ba="0,1" hai="0,1,23,26,31,53,56,63,116,117,119" m="24647" machi="53" ten="30,3900,0" yaku="12,1,52,2" doraHai="34" who="2" fromWho="1" sc="240,0,250,-39,250,49,250,0" /><INIT seed="1,0,0,0,1,79" ten="240,211,299,250" oya="1" hai0="96,106,82,18,19,94,93,58,50,49,92,30,109" hai1="115,131,67,77,84,135,119,5,33,78,104,111,0" hai2="73,3,38,97,28,64,112,132,1,45,53,47,8" hai3="55,124,34,42,117,52,21,22,72,110,130,127,23"/><U65/><E119/><V113/><F73/><W114/><G34/><T87/><D109/><U25/><E115/><N who="2" m="44107" /><F132/><W51/><G110/><T128/><D128/><U35/><E111/><V54/><F64/><W102/><G114/><T61/><D30/><U20/><E104/><V90/><F28/><W6/><G130/><T71/><D71/><U101/><E131/><V40/><F47/><N who="3" m="26103" /><G6/><T85/><D85/><U12/><E135/><V46/><F46/><W43/><G43/><T57/><D96/><U70/><E101/><V63/><F8/><W122/><G122/><T36/><D36/><U7/><E0/><N who="2" m="75" /><F63/><W14/><G102/><T56/><D61/><U44/><E44/><V9/><F9/><W26/><G72/><T75/><D75/><U10/><E5/><V121/><F121/><W41/><G41/><T100/><D100/><U125/><E125/><N who="3" m="48202" /><G14/><T88/><D106/><U69/><E35/><V11/><F11/><W29/><G117/><T91/><D91/><U2/><E33/><V81/><F97/><W129/><G129/><T83/><D50/><U27/><E2/><V37/><F38/><W134/><G134/><T103/><D49/><U118/><E118/><V120/><F120/><W99/><G99/><T48/><D48/><U105/><E105/><V95/><F95/><N who="0" m="36426" /><D103/><U86/><E70/><V80/><F90/><W32/><AGARI ba="0,0" hai="21,22,23,26,29,32,52,55" m="48202,26103" machi="32" ten="30,2000,0" yaku="18,1,54,1" doraHai="79" who="3" fromWho="3" sc="240,-5,211,-10,299,-5,250,20" /><INIT seed="2,0,0,4,1,61" ten="235,201,294,270" oya="2" hai0="60,99,108,107,128,54,117,77,42,91,116,10,78" hai1="69,66,15,8,38,22,85,58,50,57,109,30,101" hai2="122,17,7,28,83,35,67,43,5,56,86,71,59" hai3="45,115,64,32,129,51,125,89,2,95,4,55,118"/><V88/><F122/><W73/><G73/><T37/><D108/><U82/><E109/><V34/><F43/><W72/><G72/><T48/><D128/><U102/><E38/><V100/><F100/><W126/><G32/><T9/><D42/><U24/><E69/><V12/><F71/><W18/><G118/><N who="0" m="45675" /><D60/><N who="1" m="38159" /><E58/><V70/><F70/><W14/><G115/><T46/><D37/><U11/><E50/><V74/><F74/><W104/><G129/><T130/><D130/><U31/><E31/><V75/><F75/><W29/><G104/><T36/><D36/><U94/><E94/><V62/><F56/><W124/><G29/><T3/><D3/><U44/><E44/><V79/><F28/><W49/><G64/><T123/><D123/><U26/><E26/><V84/><F35/><W52/><G4/><T134/><D134/><U110/><E110/><V87/><F34/><W131/><G2/><T53/><D53/><N who="3" m="20553" /><G45/><T133/><D133/><U68/><E68/><V80/><F84/><N who="3" m="52647" /><G131/><T40/><D40/><U112/><E112/><V65/><F65/><W41/><G41/><T114/><D114/><U25/><E25/><V21/><AGARI ba="0,0" hai="5,7,12,17,21,59,62,67,79,80,83,86,87,88" machi="21" ten="20,12000,1" yaku="0,1,7,1,8,1,52,1,54,1" doraHai="61" who="2" fromWho="2" sc="235,-40,201,-40,294,120,270,-40" /><INIT seed="2,1,0,5,4,102" ten="195,161,414,230" oya="2" hai0="33,1,75,112,43,84,20,11,3,131,67,24,31" hai1="35,106,118,128,34,81,27,36,70,85,124,121,117" hai2="96,30,39,56,46,44,59,14,8,90,95,92,12" hai3="73,49,29,38,122,89,61,113,98,63,53,58,91"/><V100/><F30/><W15/><G122/><T125/><D75/><U79/><E36/><V4/><F12/><W88/><G38/><T133/><D112/><U64/><E121/><V101/><F101/><W26/><G73/><T47/><D125/><U105/><E124/><V135/><F135/><W7/><G113/><T78/><D133/><U69/><E64/><V18/><F4/><W123/><G98/><T126/><D126/><U45/><E45/><N who="2" m="17515" /><F39/><W115/><G115/><T55/><D33/><N who="1" m="12299" /><E27/><V93/><F93/><W99/><G99/><AGARI ba="1,0" hai="8,14,18,56,59,90,92,95,96,99,100" m="17515" machi="99" ten="30,1500,0" yaku="8,1" doraHai="102" who="2" fromWho="3" sc="195,0,161,0,414,18,230,-18" /><INIT seed="2,2,0,4,2,20" ten="195,161,432,212" oya="2" hai0="62,85,44,32,56,84,129,33,47,49,58,123,125" hai1="110,72,77,34,83,104,54,15,128,10,115,119,86" hai2="134,64,13,25,102,67,93,12,114,116,130,78,69" hai3="43,29,100,74,19,53,71,14,28,131,99,22,97"/><V35/><F114/><W6/><G71/><T36/><D123/><U55/><E119/><V82/><F116/><W117/><G74/><T90/><D129/><U45/><E115/><V31/><F130/><W105/><G117/><T135/><D135/><U66/><E128/><V76/><F134/><W0/><G131/><T80/><D125/><U120/><E120/><V65/><F69/><W23/><G43/><T46/><D36/><U113/><E113/><V75/><REACH who="2" step="1"/><F78/><REACH who="2" ten="195,161,422,212" step="2"/><W87/><G29/><T8/><D32/><U70/><E34/><V30/><F30/><W48/><G28/><T126/><D33/><U21/><E77/><V51/><F51/><W68/><G68/><T98/><D126/><U91/><E70/><V109/><F109/><W108/><G108/><T2/><D49/><U38/><E110/><V81/><F81/><W5/><G48/><T95/><D62/><U18/><E38/><V57/><F57/><W89/><G0/><T96/><D56/><U106/><E45/><V79/><F79/><W17/><G53/><T111/><D58/><U42/><E66/><V27/><F27/><W63/><G63/><T16/><D111/><U94/><E42/><V11/><F11/><W107/><G22/><T122/><D122/><U101/><E10/><V26/><F26/><W88/><G23/><T118/><D118/><U92/><E55/><V124/><F124/><W39/><G39/><T9/><D2/><U3/><E54/><V121/><F121/><W103/><G14/><N who="0" m="7239" /><D9/><U7/><E3/><V52/><F52/><W24/><G24/><T60/><D60/><RYUUKYOKU ba="2,1" sc="195,10,161,-30,422,10,212,10" hai0="44,46,47,80,84,85,90,95,96,98" hai2="12,13,25,31,35,64,65,67,75,76,82,93,102" hai3="5,6,17,19,87,88,89,97,99,100,103,105,107" /><INIT seed="2,3,1,2,4,35" ten="205,131,432,222" oya="2" hai0="29,33,41,53,114,39,3,62,43,101,125,71,126" hai1="23,0,91,117,10,45,26,74,107,65,134,130,61" hai2="119,76,64,5,110,87,108,57,70,37,94,68,2" hai3="72,60,105,98,49,46,133,19,127,116,28,58,96"/><V82/><F119/><W52/><G72/><T63/><D3/><U86/><E117/><V118/><F37/><W111/><G116/><T99/><D114/><U121/><E134/><V31/><F118/><W4/><G105/><N who="0" m="63679" /><D53/><U15/><E121/><V6/><F31/><W50/><G133/><T131/><D131/><U132/><E130/><V69/><F94/><W77/><G77/><T103/><D103/><U42/><E132/><V135/><F135/><W59/><G127/><N who="0" m="48651" /><D39/><U16/><E107/><V102/><F102/><W104/><G111/><N who="2" m="42537" /><F2/><W27/><G4/><N who="2" m="1641" /><F57/><W56/><G19/><T106/><D106/><U90/><E74/><V48/><F48/><W85/><G104/><T51/><D51/><U93/><E0/><V32/><F32/><W1/><G1/><T30/><D71/><U89/><E45/><V120/><F120/><W11/><G50/><T40/><D33/><U66/><E42/><V79/><F79/><W81/><G60/><AGARI ba="3,1" hai="29,30,40,41,43,60,62,63" m="48651,63679" machi="60" ten="30,1000,0" yaku="18,1" doraHai="35" who="0" fromWho="3" sc="205,29,131,0,432,0,222,-19" /><AGARI ba="3,0" hai="60,64,68,69,70,76,82,87" m="1641,42537" machi="60" ten="30,2900,0" yaku="14,1,10,1" doraHai="35" who="2" fromWho="3" sc="234,0,131,0,432,29,203,-29" /><INIT seed="2,4,0,4,3,20" ten="234,131,461,174" oya="2" hai0="86,59,118,6,60,12,51,43,70,111,88,24,108" hai1="48,100,34,72,16,120,49,75,110,80,61,123,3" hai2="95,7,9,127,71,131,5,63,40,115,129,62,77" hai3="119,102,32,42,1,64,106,93,29,125,23,79,121"/><V130/><F115/><W57/><G106/><T21/><D118/><U41/><E3/><V89/><F127/><W66/><G1/><T97/><D97/><U126/><E100/><V18/><F77/><W13/><G32/><T81/><D70/><U91/><E126/><V54/><F40/><W98/><G125/><T135/><D135/><U99/><E61/><V39/><F39/><W73/><G121/><N who="1" m="46666" /><E41/><V112/><F112/><W96/><G119/><T38/><D38/><U85/><E110/><N who="0" m="42025" /><D43/><U50/><E99/><V90/><F62/><W36/><G96/><T0/><D51/><N who="1" m="13059" /><U109/><DORA hai="52" /><E109/><V104/><F104/><W116/><G116/><T84/><D0/><U11/><E34/><V65/><F54/><W27/><G36/><T10/><D81/><U128/><E128/><V15/><F95/><W132/><G42/><T76/><D76/><U17/><E11/><V67/><F67/><W113/><G113/><T58/><D88/><AGARI ba="4,0" hai="5,7,9,15,18,63,65,71,88,89,90,129,130,131" machi="88" ten="40,3900,0" yaku="19,1,54,1" doraHai="20,52" who="2" fromWho="0" sc="234,-51,131,0,461,51,174,0" /><INIT seed="2,5,0,2,5,84" ten="183,131,512,174" oya="2" hai0="60,11,62,121,130,63,8,106,79,113,118,89,103" hai1="24,76,115,40,5,74,67,127,36,125,108,34,41" hai2="27,52,25,16,64,110,119,107,126,7,31,68,69" hai3="43,49,57,129,117,80,91,133,55,6,134,35,114"/><V58/><F119/><W37/><G35/><T18/><D121/><U131/><E115/><V48/><F107/><W38/><G6/><T128/><D113/><U30/><E131/><N who="0" m="50217" /><D118/><U21/><E108/><V81/><F110/><W44/><G129/><T120/><D120/><U104/><E104/><V73/><F126/><W61/><G117/><T105/><D79/><U87/><E67/><V111/><F111/><W14/><G114/><T122/><D122/><U135/><E135/><N who="3" m="51722" /><G14/><N who="0" m="7495" /><D103/><U0/><E21/><V26/><F7/><W116/><G116/><T66/><D66/><U72/><E87/><AGARI ba="5,0" hai="37,38,43,44,49,55,57,61,80,87,91" m="51722" machi="87" ten="30,2000,0" yaku="20,1,52,1" doraHai="84" who="3" fromWho="1" sc="183,0,131,-35,512,0,174,35" /><INIT seed="3,0,0,5,0,52" ten="183,96,512,209" oya="3" hai0="86,58,18,13,33,31,111,107,131,88,109,114,127" hai1="95,28,64,94,49,2,113,15,4,56,68,20,40" hai2="6,89,108,133,118,128,82,38,59,92,112,120,26" hai3="57,70,67,132,126,103,8,14,0,42,55,19,50"/><W83/><G132/><T45/><D107/><U43/><E113/><V85/><F118/><W76/><G126/><T16/><D127/><U35/><E68/><V3/><F112/><W36/><G0/><T34/><D114/><U129/><E129/><V74/><F38/><W77/><G103/><T21/><D131/><U73/><E73/><V63/><F128/><W91/><G91/><T90/><D45/><U121/><E121/><V24/><F120/><W10/><G10/><T17/><D90/><U5/><E5/><V97/><F133/><W65/><G70/><T53/><D18/><U104/><E104/><V80/><F108/><N who="0" m="41546" /><D17/><U69/><E69/><V25/><F74/><W119/><G119/><T98/><D31/><U51/><E35/><V117/><F117/><W102/><G102/><T46/><D46/><U7/><E2/><V48/><F48/><W116/><G116/><T39/><D98/><U81/><E81/><N who="2" m="49327" /><F6/><N who="1" m="2089" /><E28/><V122/><F3/><W66/><G83/><N who="0" m="49247" /><D39/><U41/><E15/><V100/><F122/><W78/><G36/><T130/><D130/><U47/><E20/><V12/><F12/><W96/><G96/><T71/><D71/><U32/><E32/><V135/><F135/><W106/><G106/><T37/><D37/><U9/><E9/><V75/><F75/><W27/><G27/><T60/><AGARI ba="0,0" hai="13,16,21,33,34,53,58,60" m="49247,41546" machi="60" ten="30,7900,0" yaku="14,1,52,1,54,2" doraHai="52" who="0" fromWho="0" sc="183,79,96,-20,512,-20,209,-39" owari="262,6.2,76,-42.4,492,59.2,170,-23.0" /></mjloggm>