<mjloggm ver="2.3"><GO type="225" lobby="0"/><UN n0="%30%2E%31%32%30" n1="%E8%90%BD%E6%97%A5" n2="%E9%B4%A8%4E%45%47%49" n3="%E6%B4%BE%E9%81%A3%E3%81%AE%E3%82%B8%E3%83%A3%E3%83%83%E3%82%AF" dan="16,17,16,17" rate="2147.32,2230.96,2092.25,2192.56" sx="M,F,M,M"/><TAIKYOKU oya="0"/><INIT seed="0,0,0,4,4,48" ten="250,250,250,250" oya="0" hai0="127,9,57,55,77,28,83,70,23,31,94,42,24" hai1="71,120,135,44,0,107,102,63,91,68,50,11,41" hai2="5,113,47,29,84,35,19,27,69,100,105,38,82" hai3="62,131,104,26,132,112,65,60,66,15,16,130,45"/><T2/><D127/><U22/><E120/><V110/><F110/><W80/><G112/><T90/><D70/><U4/><E135/><V99/><F5/><W37/><G104/><T67/><D42/><U72/><E72/><V106/><F113/><W125/><G26/><T114/><D114/><U78/><E78/><V87/><F106/><W40/><G80/><T93/><D67/><N who="3" m="25609" /><G125/><T116/><D116/><U129/><E129/><N who="3" m="49162" /><G132/><T53/><D31/><U133/><E133/><V7/><F7/><W85/><G85/><T88/><D2/><U52/><E91/><N who="0" m="34857" /><D9/><AGARI ba="0,0" hai="9,15,16,37,40,45,60,62" m="49162,25609" machi="9" ten="30,2000,0" yaku="19,1,54,1" doraHai="48" who="3" fromWho="0" sc="250,-20,250,0,250,0,250,20" /><INIT seed="1,0,0,5,5,114" ten="230,250,250,270" oya="1" hai0="8,127,100,79,0,21,109,111,2,25,47,116,28" hai1="24,70,131,18,78,51,124,84,29,87,86,39,27" hai2="88,20,67,57,74,128,34,4,133,9,75,113,49" hai3="38,42,66,126,89,6,123,3,12,68,30,37,112"/><U121/><E39/><V102/><F34/><W83/><G123/><T104/><D79/><U59/><E121/><V69/><F102/><W135/><G3/><N who="0" m="1067" /><D47/><U99/><E70/><V91/><F69/><W64/><G112/><T35/><D100/><U117/><E124/><V80/><F113/><W93/><G83/><T43/><D43/><U54/><E131/><V48/><F128/><W56/><G56/><T61/><D61/><U36/><E36/><V41/><F133/><W85/><G135/><T7/><D104/><U32/><E117/><V1/><F41/><W23/><G126/><T110/><D127/><U62/><E99/><V22/><F67/><W105/><G105/><T77/><D77/><U92/><E27/><V98/><F57/><W72/><G72/><T60/><D60/><U44/><E18/><V132/><F132/><W10/><G68/><T52/><D52/><U15/><E15/><V118/><F91/><W50/><G38/><T103/><D103/><U96/><E78/><V45/><F75/><W17/><G37/><T13/><D116/><U125/><E125/><V76/><F118/><W40/><G40/><T130/><D130/><U94/><REACH who="1" step="1"/><E96/><REACH who="1" ten="230,240,250,270" step="2"/><V122/><F122/><W115/><G115/><T31/><D31/><U107/><E107/><V134/><F134/><W95/><G30/><T19/><D7/><U71/><E71/><V33/><F76/><W119/><G119/><T65/><D65/><AGARI ba="0,1" hai="24,29,32,44,51,54,59,62,65,84,86,87,92,94" machi="65" ten="40,3900,0" yaku="1,1,53,1" doraHai="114" doraHaiUra="63" who="1" fromWho="0" sc="230,-39,240,49,250,0,270,0" /><INIT seed="1,1,0,3,1,74" ten="191,289,250,270" oya="1" hai0="64,118,8,16,77,119,28,99,124,2,61,104,52" hai1="113,88,109,125,75,132,121,19,100,111,86,46,11" hai2="49,58,81,95,106,25,79,96,54,91,5,60,123" hai3="24,15,38,93,92,67,10,40,18,66,6,9,37"/><U3/><E113/><V133/><F133/><W29/><G38/><T112/><D112/><U57/><E121/><V48/><F123/><W110/><G110/><N who="1" m="41994" /><E75/><V83/><F5/><W43/><G37/><T101/><D124/><U14/><E132/><V65/><F106/><W80/><G80/><T42/><D42/><N who="3" m="15913" /><G29/><T63/><D28/><U26/><E125/><V94/><F25/><W114/><G114/><T120/><D120/><U131/><E46/><V122/><F122/><W126/><G126/><T73/><D2/><U89/><E131/><V97/><F49/><W31/><G31/><T20/><D8/><N who="1" m="6599" /><E26/><V13/><F13/><N who="3" m="7479" /><G24/><T59/><D73/><U0/><E100/><V90/><REACH who="2" step="1"/><F79/><REACH who="2" ten="191,289,240,270" step="2"/><W32/><G32/><T44/><D77/><U87/><E0/><V76/><F76/><W47/><G47/><AGARI ba="1,1" hai="47,48,54,58,60,65,81,83,90,91,94,95,96,97" machi="47" ten="30,7700,0" yaku="1,1,7,1,9,1,8,1,53,0" doraHai="74" doraHaiUra="82" who="2" fromWho="3" sc="191,0,289,0,240,90,270,-80" /><INIT seed="2,0,0,4,1,18" ten="191,289,330,190" oya="2" hai0="2,74,115,40,47,37,25,61,11,133,117,34,65" hai1="78,53,55,119,6,105,86,45,88,128,49,125,66" hai2="4,77,135,127,130,104,95,123,38,57,109,13,121" hai3="3,97,68,19,27,7,26,63,71,76,108,124,56"/><V85/><F57/><W36/><G36/><T17/><D115/><U54/><E119/><V5/><F13/><W112/><G76/><T0/><D133/><U90/><E125/><V32/><F95/><W69/><G124/><T33/><D117/><U60/><E128/><V31/><F31/><W62/><G108/><T52/><D74/><U23/><E105/><V102/><F85/><W101/><G112/><T39/><D39/><U48/><E6/><V99/><F99/><W114/><G114/><T28/><D34/><U120/><E120/><V24/><F24/><W131/><G131/><T113/><D113/><U30/><E78/><V94/><F94/><W106/><G56/><T72/><D72/><U22/><E30/><V132/><F77/><W15/><G7/><T110/><D110/><U93/><E90/><V16/><F109/><W21/><REACH who="3" step="1"/><G3/><REACH who="3" ten="191,289,330,180" step="2"/><T35/><D0/><U98/><E98/><V41/><F38/><W111/><G111/><T75/><D2/><U1/><E1/><V107/><F127/><W89/><G89/><T129/><D129/><U83/><E83/><V59/><F130/><W126/><G126/><T70/><D75/><U100/><E100/><V46/><F59/><W50/><G50/><N who="1" m="19562" /><E45/><V81/><F46/><W116/><G116/><T87/><D70/><U82/><E82/><V122/><F81/><W51/><G51/><T42/><D33/><U64/><E60/><AGARI ba="0,1" hai="15,19,21,26,27,60,62,63,68,69,71,97,101,106" machi="60" ten="40,8000,1" yaku="1,1,52,1,53,2" doraHai="18" doraHaiUra="20" who="3" fromWho="1" sc="191,0,289,-80,330,0,180,90" /><INIT seed="3,0,0,2,2,19" ten="191,209,330,270" oya="3" hai0="68,47,104,127,114,124,7,102,36,85,101,113,110" hai1="21,51,20,27,59,94,60,98,78,40,75,50,66" hai2="82,103,80,29,111,54,125,121,86,16,56,99,45" hai3="69,22,134,15,95,76,109,55,57,3,122,120,107"/><W43/><G107/><T14/><D68/><U131/><E131/><V25/><F111/><W49/><G69/><T41/><D110/><U30/><E40/><V73/><F45/><W97/><G3/><T46/><D85/><U79/><E21/><V135/><F125/><N who="0" m="48202" /><D46/><U92/><E92/><V63/><F121/><W117/><G109/><T96/><D102/><N who="1" m="60759" /><E75/><V71/><F71/><W81/><G117/><T38/><D38/><U44/><E44/><V53/><F16/><N who="3" m="10527" /><G134/><T105/><D105/><U65/><E65/><V13/><F73/><W37/><G37/><T70/><D70/><U8/><E8/><AGARI ba="0,0" hai="7,8,14,36,41,47,96,101,104,113,114" m="48202" machi="8" ten="30,1000,0" yaku="18,1" doraHai="19" who="0" fromWho="1" sc="191,10,209,-10,330,0,270,0" owari="201,-19.9,199,-30.1,330,43.0,270,7.0" /></mjloggm>