<mjloggm ver="2.3"><GO type="225" lobby="0"/><UN n0="%E5%84%AA%40%41%42%43" n1="%E3%82%A2%E3%83%9E%E3%83%9D%EF%BD%9E%EF%BD%9E%E3%83%A9" n2="%E3%83%AD%E3%83%83%E3%83%86%E9%9B%80%E7%90%83" n3="%73%6C%69%63%6B%33%31%39" dan="17,17,17,16" rate="2248.98,2188.05,2225.65,2196.15" sx="M,M,M,M"/><TAIKYOKU oya="0"/><INIT seed="0,0,0,1,1,119" ten="250,250,250,250" oya="0" hai0="101,43,2,46,92,31,52,122,115,39,26,89,76" hai1="87,108,58,61,27,99,54,20,126,6,77,13,40" hai2="104,15,116,117,62,1,55,125,69,63,78,102,50" hai3="90,4,120,5,123,11,82,35,72,45,38,47,98"/><T65/><D115/><U133/><E108/><V132/><F1/><N who="3" m="399" /><G35/><T37/><D2/><U71/><E71/><V124/><F78/><N who="3" m="44359" /><G5/><T57/><D76/><U42/><E126/><N who="2" m="48747" /><F15/><W68/><G68/><T21/><D65/><U67/><E133/><V131/><F102/><W18/><G18/><T134/><D101/><U34/><E99/><V12/><F12/><W28/><G28/><T95/><D134/><U3/><E34/><V14/><F14/><W128/><G128/><T83/><D39/><U7/><E67/><N who="2" m="41207" /><F104/><W79/><G79/><T25/><D83/><N who="1" m="47599" /><E3/><V0/><F0/><W100/><G90/><T51/><D122/><N who="3" m="46633" /><G38/><T66/><D89/><U59/><E6/><V16/><F16/><W60/><G60/><T64/><D66/><N who="1" m="39223" /><E13/><V73/><F73/><W121/><N who="3" m="46641" /><W86/><DORA hai="127" /><G86/><T10/><D64/><U56/><E7/><V8/><F132/><W118/><G118/><T93/><D10/><U81/><E81/><V130/><F8/><W36/><G36/><T49/><D37/><U106/><E27/><AGARI ba="0,0" hai="21,25,26,27,31,43,46,49,51,52,57,92,93,95" machi="27" ten="40,3900,0" yaku="8,1,54,1" doraHai="119,127" who="0" fromWho="1" sc="250,39,250,-39,250,0,250,0" /><INIT seed="0,1,0,1,0,75" ten="289,211,250,250" oya="0" hai0="92,55,17,85,64,108,107,51,123,20,106,18,117" hai1="118,119,122,110,39,47,72,104,66,49,46,3,70" hai2="81,93,48,131,19,80,37,21,103,87,132,29,22" hai3="65,94,13,97,44,121,35,4,114,15,11,113,76"/><T12/><D117/><U128/><RYUUKYOKU type="yao9" ba="1,0" sc="289,0,211,0,250,0,250,0" hai1="3,39,46,47,49,66,70,72,104,110,118,119,122,128" /><INIT seed="0,2,0,3,5,39" ten="289,211,250,250" oya="0" hai0="0,64,76,4,123,44,108,130,43,27,122,54,22" hai1="92,25,78,37,29,131,1,66,6,90,82,86,115" hai2="107,80,96,67,56,134,111,63,68,119,48,113,50" hai3="33,52,60,24,124,12,74,125,15,87,21,28,45"/><T14/><D0/><U30/><E131/><V101/><F113/><W40/><G74/><T120/><D130/><U55/><E115/><V34/><F111/><W98/><G98/><T73/><D64/><U26/><E66/><V31/><F134/><W95/><G95/><T13/><D108/><U109/><E109/><V121/><F121/><W41/><G87/><T5/><D54/><U94/><E37/><V106/><F119/><W116/><G116/><T47/><D73/><U20/><E55/><V35/><F107/><W133/><G133/><T117/><D76/><U81/><E6/><V102/><F102/><W93/><G93/><T9/><D117/><U85/><REACH who="1" step="1"/><E1/><REACH who="1" ten="289,201,250,250" step="2"/><V59/><F67/><W51/><G60/><T79/><D4/><U105/><E105/><V23/><F63/><W11/><G33/><AGARI ba="2,1" hai="20,25,26,29,30,33,78,81,82,85,86,90,92,94" machi="33" ten="30,2000,0" yaku="1,1,7,1,53,0" doraHai="39" doraHaiUra="70" who="1" fromWho="3" sc="289,0,201,36,250,0,250,-26" /><INIT seed="1,0,0,5,1,9" ten="289,237,250,224" oya="1" hai0="94,72,28,32,121,109,78,10,83,19,38,84,133" hai1="96,113,33,51,120,99,54,14,7,101,123,74,132" hai2="0,1,106,100,135,66,63,36,107,91,103,131,4" hai3="89,25,6,46,134,126,22,20,30,68,62,27,69"/><U116/><E116/><V85/><F36/><W77/><G134/><T55/><D109/><U122/><E113/><V92/><F135/><W23/><G126/><T127/><D127/><U87/><E74/><V104/><F131/><W88/><G77/><T42/><D133/><U47/><E132/><V110/><F110/><W70/><G6/><T24/><D121/><U5/><E33/><V130/><F130/><W129/><G129/><T97/><D55/><U125/><E125/><V26/><F26/><W115/><G115/><T95/><D42/><U52/><E87/><V17/><F17/><W41/><G62/><T44/><D44/><U81/><E81/><V48/><F48/><W111/><G111/><T114/><D38/><U71/><E71/><V45/><F45/><W18/><REACH who="3" step="1"/><G20/><REACH who="3" ten="289,237,250,214" step="2"/><T76/><D78/><U2/><E5/><V98/><F4/><W29/><G29/><T50/><D76/><U35/><E2/><V21/><F21/><W86/><G86/><T57/><D72/><U67/><E35/><V80/><REACH who="2" step="1"/><F103/><REACH who="2" ten="289,237,240,214" step="2"/><W43/><G43/><T108/><D108/><U59/><E101/><V64/><F64/><W93/><G93/><T124/><D95/><U53/><E67/><V105/><F105/><W13/><G13/><N who="0" m="7607" /><D124/><U60/><E53/><V79/><F79/><W31/><G31/><T75/><D75/><U58/><E47/><V49/><F49/><AGARI ba="0,2" hai="18,22,23,25,27,30,41,46,49,68,69,70,88,89" machi="49" ten="40,2600,0" yaku="1,1,54,1,53,0" doraHai="9" doraHaiUra="90" who="3" fromWho="2" sc="289,0,237,0,240,-26,214,46" /><INIT seed="2,0,0,4,4,123" ten="289,237,214,260" oya="2" hai0="88,107,109,124,3,111,18,30,126,20,108,53,105" hai1="48,118,125,106,81,35,46,85,59,91,132,52,72" hai2="27,89,34,62,99,65,16,44,121,4,77,97,14" hai3="26,98,45,60,25,50,70,49,101,29,43,23,15"/><V74/><F121/><W134/><G134/><T104/><D3/><U1/><E118/><V47/><F74/><W130/><G130/><T6/><D6/><U135/><E125/><N who="0" m="48233" /><D53/><U103/><E35/><V116/><F77/><W54/><G15/><N who="0" m="9311" /><D30/><U37/><E72/><V21/><F116/><W115/><G115/><T68/><D88/><N who="1" m="51247" /><E1/><V33/><F33/><W129/><G129/><T39/><D39/><U83/><E103/><V56/><F34/><W117/><G117/><T113/><D68/><U71/><E106/><V94/><REACH who="2" step="1"/><F99/><REACH who="2" ten="289,237,204,260" step="2"/><W79/><G79/><T92/><D92/><U127/><E127/><V80/><F80/><W61/><G98/><T7/><D7/><U90/><E83/><V0/><F0/><W41/><G101/><T96/><D113/><U84/><E84/><V24/><F24/><W5/><G26/><T64/><D64/><U110/><E135/><V120/><F120/><W69/><G25/><T133/><D133/><U31/><E132/><V76/><F76/><W128/><G128/><T38/><D38/><U100/><E37/><V17/><F17/><W32/><G32/><T122/><D122/><U112/><E112/><V40/><F40/><W2/><G2/><T86/><D86/><U42/><E42/><V19/><F19/><W11/><G43/><T57/><D96/><U10/><E31/><V95/><F95/><W12/><G29/><T36/><D36/><U55/><E10/><AGARI ba="0,1" hai="4,10,14,16,21,27,44,47,56,62,65,89,94,97" machi="10" ten="40,7700,0" yaku="1,1,8,1,54,1,53,0" doraHai="123" doraHaiUra="82" who="2" fromWho="1" sc="289,0,237,-77,204,87,260,0" /><INIT seed="2,1,0,4,4,43" ten="289,160,291,260" oya="2" hai0="20,28,19,11,21,17,105,117,61,7,85,8,22" hai1="123,110,34,88,1,113,36,6,135,23,91,18,77" hai2="54,103,53,69,33,132,127,25,118,44,58,27,98" hai3="55,99,97,14,87,73,60,107,63,16,50,75,125"/><V70/><F118/><W130/><G130/><T59/><D105/><U84/><E113/><V122/><F122/><W83/><G125/><T5/><D117/><U93/><E123/><V32/><F127/><W56/><G75/><T96/><D96/><N who="3" m="36937" /><G73/><T80/><D28/><U64/><E34/><V101/><F98/><W134/><G107/><T65/><D11/><U121/><E121/><V62/><F58/><W24/><G24/><T100/><D100/><U47/><E135/><V106/><F106/><W108/><G108/><T82/><D82/><U0/><E110/><V114/><F62/><W66/><G66/><T29/><D29/><U68/><E77/><V4/><F4/><N who="0" m="1610" /><D8/><U30/><E30/><V76/><F76/><AGARI ba="1,0" hai="17,19,20,21,22,59,61,65,76,80,85" m="1610" machi="76" ten="30,1000,0" yaku="8,1" doraHai="43" who="0" fromWho="2" sc="289,13,160,0,291,-13,260,0" /><INIT seed="3,0,0,5,3,133" ten="302,160,278,260" oya="3" hai0="53,35,127,95,45,85,4,34,0,56,129,123,41" hai1="113,96,86,94,124,17,77,39,91,101,105,112,81" hai2="28,116,43,6,79,131,22,78,61,70,26,110,52" hai3="122,69,107,11,106,5,120,97,75,76,126,73,19"/><W130/><G19/><T92/><D127/><U125/><E39/><V58/><F116/><W109/><G69/><T93/><D123/><U20/><E20/><V27/><F110/><W84/><G109/><T57/><D57/><U88/><E91/><V118/><F131/><W30/><G30/><T83/><D4/><U18/><E18/><V114/><F114/><N who="1" m="44137" /><E17/><V90/><F118/><W21/><G21/><T82/><D0/><U80/><E80/><V47/><F70/><W50/><G50/><T1/><D1/><U135/><E135/><V23/><F90/><W3/><G130/><T48/><D82/><U104/><E104/><V102/><F102/><N who="3" m="62799" /><G84/><AGARI ba="0,0" hai="77,81,84,86,88,94,96,101,105,124,125" m="44137" machi="84" ten="30,8000,1" yaku="34,2,52,2,54,1" doraHai="133" who="1" fromWho="3" sc="302,0,160,80,278,0,260,-80" owari="302,40.2,240,-16.0,278,7.8,180,-32.0" /></mjloggm>