<mjloggm ver="2.3"><GO type="225" lobby="0"/><UN n0="%E3%81%AA%E3%81%A1%30%39%32%37" n1="%E3%81%9F%E3%81%8C%E3%82%84%E3%81%99" n2="%E3%81%BE%E3%81%A8%E3%81%9F" n3="%E3%81%B2%E3%81%AA%E3%81%AE%E3%82%8A%E3%81%8F" dan="16,17,16,17" rate="2074.76,2158.73,2089.80,2198.77" sx="M,M,M,M"/><TAIKYOKU oya="0"/><INIT seed="0,0,0,0,0,82" ten="250,250,250,250" oya="0" hai0="59,72,16,14,101,9,42,88,76,19,13,106,39" hai1="94,127,95,130,11,100,78,89,15,46,54,131,84" hai2="50,33,12,66,133,48,132,70,38,129,55,126,123" hai3="128,51,41,45,75,57,21,80,118,112,47,93,49"/><T24/><D72/><U44/><E78/><V22/><F33/><W4/><G128/><N who="1" m="49194" /><E127/><V29/><F126/><W111/><G111/><T62/><D76/><U35/><E35/><V87/><F38/><W31/><G112/><T32/><D106/><U18/><E54/><V10/><F123/><W52/><G118/><T107/><D107/><U90/><E100/><V74/><F74/><W64/><G64/><T110/><D101/><U17/><E18/><V1/><F55/><W65/><G65/><T68/><D68/><U115/><E115/><V92/><F66/><W97/><G4/><T3/><D3/><U27/><E27/><N who="2" m="16631" /><F1/><W5/><G5/><T108/><D24/><U121/><E121/><V77/><F70/><W67/><G67/><N who="0" m="39391" /><D32/><U40/><E40/><V134/><F77/><W122/><G122/><T20/><D39/><U34/><E34/><V25/><F25/><N who="3" m="16815" /><G75/><T53/><D42/><U73/><E73/><V102/><F102/><N who="3" m="60719" /><G80/><T116/><D53/><U96/><AGARI ba="0,0" hai="11,15,17,44,46,84,89,90,94,95,96" m="49194" machi="96" ten="30,2000,0" yaku="19,1,52,1" doraHai="82" who="1" fromWho="1" sc="250,-10,250,20,250,-5,250,-5" /><INIT seed="1,0,0,2,3,56" ten="240,270,245,245" oya="1" hai0="97,13,103,119,35,31,85,107,90,84,8,134,9" hai1="3,101,69,44,24,2,135,72,111,16,54,5,133" hai2="114,36,67,32,17,120,122,42,45,130,40,78,6" hai3="22,11,51,104,25,33,10,80,27,106,91,30,15"/><U129/><E72/><V64/><F32/><W49/><G104/><T92/><D119/><U68/><E101/><V86/><F6/><W108/><G108/><T76/><D134/><N who="1" m="51211" /><E111/><V87/><F78/><W94/><G106/><T43/><D43/><U19/><E129/><V63/><F130/><W115/><G80/><T88/><D76/><U61/><E5/><V100/><F100/><W113/><G113/><T18/><D31/><U7/><E7/><V34/><F34/><W132/><G132/><T0/><D35/><U28/><E28/><V53/><F17/><N who="1" m="6729" /><E24/><V110/><F110/><W89/><G15/><T98/><REACH who="0" step="1"/><D90/><REACH who="0" ten="230,270,245,245" step="2"/><U74/><E74/><V52/><F42/><W1/><G91/><T83/><D83/><U57/><E44/><V60/><F114/><W117/><G115/><T99/><D99/><U46/><E46/><V105/><F45/><W41/><G41/><T109/><D109/><U20/><E20/><V102/><F40/><W112/><G112/><T21/><D21/><U66/><E69/><V116/><F102/><W38/><G117/><T124/><D124/><U93/><E93/><V81/><F116/><W95/><G95/><T4/><AGARI ba="0,1" hai="0,4,8,9,13,18,84,85,88,92,97,98,103,107" machi="4" ten="30,4000,0" yaku="1,1,0,1,54,1,53,0" doraHai="56" doraHaiUra="126" who="0" fromWho="0" sc="230,50,270,-20,245,-10,245,-10" /><INIT seed="2,0,0,5,5,67" ten="280,250,235,235" oya="2" hai0="52,123,74,79,57,103,34,85,17,30,118,91,56" hai1="93,54,70,120,135,125,14,98,97,77,45,24,126" hai2="130,110,32,99,18,134,65,94,13,21,27,68,60" hai3="46,119,3,10,71,15,23,109,61,114,39,81,107"/><V128/><F134/><W7/><G119/><T129/><D123/><U55/><E77/><V44/><F110/><W63/><G109/><T96/><D118/><U53/><E135/><V127/><F127/><N who="1" m="48649" /><E120/><V66/><F66/><W41/><G107/><T112/><D112/><U132/><E132/><V76/><F76/><W90/><G114/><T104/><D129/><U9/><E24/><V11/><F44/><W105/><G105/><T12/><D12/><U113/><E113/><V33/><F128/><W122/><G122/><T59/><D17/><N who="1" m="8399" /><E70/><V102/><REACH who="2" step="1"/><F130/><REACH who="2" ten="280,250,225,235" step="2"/><W133/><G133/><T42/><D79/><U6/><E45/><V86/><F86/><W75/><G46/><T0/><D85/><U40/><E40/><V73/><F73/><W37/><G41/><T49/><D74/><U89/><E6/><AGARI ba="0,1" hai="6,11,13,18,21,27,32,33,60,65,68,94,99,102" machi="6" ten="30,5800,0" yaku="1,1,7,1,52,1,53,0" doraHai="67" doraHaiUra="101" who="2" fromWho="1" sc="280,0,250,-58,225,68,235,0" /><INIT seed="2,1,0,2,2,20" ten="280,192,293,235" oya="2" hai0="2,120,112,85,100,8,32,114,36,122,58,79,73" hai1="96,57,92,87,121,129,88,132,51,111,99,59,97" hai2="45,16,63,6,19,28,47,89,102,66,94,37,113" hai3="133,9,31,83,44,62,105,60,3,128,11,46,108"/><V52/><F113/><W76/><G105/><T124/><D85/><U117/><E51/><V64/><F6/><W135/><G108/><T98/><D58/><U18/><E117/><V71/><F102/><W115/><G115/><N who="0" m="44075" /><D36/><U72/><E72/><V67/><F28/><W25/><G128/><T29/><D124/><U13/><E132/><N who="3" m="50762" /><G62/><T24/><D98/><U126/><E121/><V80/><F80/><W104/><G104/><T106/><D100/><U101/><E111/><V4/><F4/><N who="3" m="1183" /><G11/><T125/><D106/><U84/><E129/><V116/><F37/><W10/><G10/><T17/><D17/><N who="2" m="6730" /><F71/><W49/><G60/><T34/><D34/><U38/><E38/><V30/><F116/><W109/><G109/><T41/><D41/><U55/><E126/><V33/><F33/><N who="3" m="20719" /><G49/><T78/><D125/><U5/><E5/><V81/><F30/><W12/><G12/><T130/><D130/><U103/><E103/><V82/><F63/><W7/><G7/><N who="0" m="1143" /><D79/><U54/><E101/><V86/><F45/><W74/><AGARI ba="1,0" hai="44,46,74,76,83" m="20719,1183,50762" machi="74" ten="30,2000,0" yaku="20,1,52,1" doraHai="20" who="3" fromWho="3" sc="280,-6,192,-6,293,-11,235,23" /><INIT seed="3,0,0,5,4,90" ten="274,186,282,258" oya="3" hai0="100,117,37,26,63,132,25,122,11,108,44,54,2" hai1="57,36,28,66,60,41,75,120,133,65,50,83,32" hai2="49,15,34,8,18,72,81,21,20,134,58,110,113" hai3="118,29,70,104,13,27,79,109,87,7,73,47,64"/><W84/><G118/><T85/><D117/><U38/><E32/><V119/><F119/><W96/><G109/><T24/><D122/><U56/><E28/><V130/><F113/><W23/><G47/><T30/><D132/><U10/><E10/><V97/><F110/><W95/><G104/><T17/><D108/><U42/><E83/><V76/><F130/><W4/><G73/><T51/><D37/><N who="1" m="14443" /><E75/><V40/><F34/><W92/><G13/><N who="0" m="7359" /><D2/><U46/><E120/><V78/><F134/><W71/><G64/><N who="1" m="24682" /><E133/><V45/><F58/><N who="1" m="22633" /><E60/><V6/><F76/><W67/><G67/><T125/><D63/><U22/><E22/><V91/><F18/><W52/><G79/><T103/><D85/><U77/><E77/><V106/><F106/><W99/><G23/><T61/><D61/><U114/><E114/><V39/><F39/><W33/><G33/><T88/><D103/><U68/><E68/><V105/><F105/><W112/><G112/><T48/><D88/><U129/><E129/><V0/><F0/><W82/><G82/><T55/><D26/><U19/><E19/><V126/><F20/><W59/><G27/><T107/><D24/><U3/><E3/><V86/><F21/><W80/><G80/><T115/><D115/><U127/><E127/><V69/><F69/><W135/><G135/><T128/><D128/><U116/><E116/><V111/><F111/><W131/><G131/><T89/><D125/><U94/><E94/><N who="2" m="56543" /><F72/><W102/><G102/><T98/><D25/><U1/><E1/><V5/><F5/><W123/><G70/><T53/><D107/><RYUUKYOKU ba="0,0" sc="274,-15,186,15,282,15,258,-15" hai1="41,42,46,50" hai2="6,8,15,40,45,49,78,81,86,126" /><INIT seed="4,1,0,2,1,108" ten="259,201,297,243" oya="0" hai0="39,105,20,113,135,130,44,85,78,98,72,74,7" hai1="64,61,49,120,22,90,53,56,12,40,93,0,80" hai2="83,54,104,109,70,86,58,30,92,37,52,6,110" hai3="133,107,118,21,126,65,69,19,123,45,41,77,100"/><T51/><D113/><U68/><E0/><V134/><F70/><W95/><G118/><T13/><D39/><U8/><E120/><V4/><F104/><W50/><G107/><T18/><D135/><U23/><E40/><V2/><F37/><W28/><G133/><T1/><D130/><U3/><E3/><V79/><F134/><W31/><G126/><T94/><D105/><U73/><E73/><V71/><F71/><W9/><G77/><T82/><D1/><U124/><E80/><V119/><F30/><W75/><G75/><T101/><REACH who="0" step="1"/><D7/><REACH who="0" ten="249,201,297,243" step="2"/><U42/><E124/><V43/><F4/><W121/><G121/><T129/><D129/><U26/><E42/><AGARI ba="1,1" hai="13,18,20,42,44,51,72,74,78,82,85,94,98,101" machi="42" ten="30,2900,0" yaku="1,1,7,1,53,0" doraHai="108" doraHaiUra="115" who="0" fromWho="1" sc="249,42,201,-32,297,0,243,0" /><INIT seed="4,2,0,3,1,101" ten="291,169,297,243" oya="0" hai0="32,5,19,31,40,36,104,93,55,0,6,128,85" hai1="116,83,130,28,88,76,45,15,84,71,78,16,64" hai2="103,127,39,79,102,81,42,60,1,124,7,58,37" hai3="69,82,126,77,67,47,122,80,115,121,56,123,66"/><T21/><D104/><U120/><E28/><V131/><F131/><W35/><G35/><T68/><D68/><U106/><E116/><V18/><F7/><W111/><G111/><T57/><D128/><U73/><E130/><V22/><F1/><W117/><G117/><T63/><D0/><U134/><E120/><V10/><F10/><W48/><G115/><T30/><D36/><N who="2" m="13898" /><F42/><W20/><G69/><T12/><D40/><U75/><E106/><V61/><F22/><W107/><G107/><T50/><D63/><N who="2" m="24138" /><F58/><W14/><G126/><N who="2" m="48169" /><F18/><W27/><G56/><T53/><D53/><U38/><E134/><V29/><F29/><N who="0" m="10762" /><D32/><U97/><E71/><V118/><F118/><W17/><G27/><T34/><D34/><U33/><E33/><V89/><F89/><AGARI ba="2,0" hai="5,6,12,19,21,50,55,57,85,89,93" m="10762" machi="89" ten="30,2900,0" yaku="25,1,8,1" doraHai="101" who="0" fromWho="2" sc="291,35,169,0,297,-35,243,0" owari="326,42.6,169,-33.1,262,6.2,243,-15.7" /></mjloggm>