<mjloggm ver="2.3"><GO type="225" lobby="0"/><UN n0="%43%68%65" n1="%E6%A1%9C%E8%8A%B1%E9%96%83%E3%80%85" n2="%E9%A2%A8%E3%81%A7%E9%B3%B4%E3%81%8F" n3="%48%61%61%61%6C%61%6E%64" dan="16,18,16,17" rate="2137.37,2206.95,2128.04,2255.65" sx="M,M,M,M"/><TAIKYOKU oya="0"/><INIT seed="0,0,0,1,5,32" ten="250,250,250,250" oya="0" hai0="94,127,16,11,125,97,13,47,18,24,123,116,100" hai1="61,107,36,4,129,27,102,23,37,75,20,30,34" hai2="17,72,135,22,60,44,76,45,65,90,53,109,115" hai3="62,6,64,43,79,82,98,10,12,77,91,55,26"/><T83/><D116/><U31/><E75/><V101/><F115/><W78/><G43/><T50/><D123/><U113/><E113/><V112/><F112/><W1/><G26/><T114/><D114/><U130/><E4/><V121/><F121/><W86/><G55/><T68/><D68/><U49/><E49/><V93/><F101/><W126/><G126/><N who="0" m="48139" /><D83/><U73/><E73/><V81/><F109/><W69/><REACH who="3" step="1"/><G98/><REACH who="3" ten="250,250,250,240" step="2"/><T5/><D24/><U99/><E31/><V3/><F53/><AGARI ba="0,1" hai="5,11,13,16,18,47,50,53,94,97,100" m="48139" machi="53" ten="30,2900,0" yaku="18,1,54,1" doraHai="32" who="0" fromWho="2" sc="250,39,250,0,250,-29,240,0" /><INIT seed="0,1,0,4,0,73" ten="289,250,221,240" oya="0" hai0="1,41,71,9,32,96,103,131,43,110,12,36,45" hai1="79,55,26,112,117,56,13,94,101,84,25,66,102" hai2="122,11,5,104,123,47,50,22,78,46,30,107,106" hai3="98,53,34,42,82,111,48,118,100,44,74,130,87"/><T8/><D71/><U33/><E117/><V120/><F78/><W88/><G118/><T95/><D32/><U128/><E128/><V132/><F132/><W0/><G130/><T113/><D131/><U17/><E66/><V57/><F57/><W109/><G0/><T80/><D113/><U24/><E33/><V62/><F62/><W20/><G34/><T15/><D110/><N who="3" m="41993" /><G20/><T68/><D68/><U135/><E135/><V97/><F97/><W108/><N who="3" m="42001" /><W125/><DORA hai="23" /><G125/><T31/><D31/><U4/><E4/><V28/><F22/><W16/><G16/><T76/><D43/><U133/><E112/><V90/><F90/><W134/><G134/><T124/><D124/><U65/><E65/><V27/><F27/><W86/><G86/><T10/><REACH who="0" step="1"/><D1/><REACH who="0" ten="279,250,221,240" step="2"/><U60/><E133/><V63/><F120/><W67/><G67/><T39/><D39/><U40/><E40/><V75/><F122/><W38/><G38/><T126/><D126/><U54/><E54/><V127/><F30/><W89/><G53/><T99/><D99/><U72/><E72/><AGARI ba="1,1" hai="8,9,10,12,15,36,41,45,72,76,80,95,96,103" machi="72" ten="40,3900,0" yaku="1,1,52,1,53,0" doraHai="73,23" doraHaiUra="51,14" who="0" fromWho="1" sc="279,52,250,-42,221,0,240,0" /><INIT seed="0,2,0,3,1,94" ten="331,208,221,240" oya="0" hai0="113,48,78,40,114,112,2,121,28,64,62,75,23" hai1="130,8,93,132,110,67,42,104,87,90,116,18,32" hai2="10,89,135,44,97,47,61,7,68,54,0,53,127" hai3="15,6,109,24,35,36,111,5,63,16,43,134,46"/><T21/><D121/><U131/><E116/><V13/><F127/><W85/><G134/><T38/><D38/><U129/><E132/><V56/><F135/><W41/><G41/><T69/><D2/><U101/><E110/><N who="3" m="41994" /><G85/><T125/><D125/><U19/><E32/><V98/><F68/><W81/><G81/><T92/><D28/><U25/><E42/><V91/><F0/><W51/><G36/><T118/><D118/><U65/><E8/><V77/><F77/><W50/><G50/><T73/><D92/><U128/><N who="1" m="32768" /><DORA hai="57" /><U83/><E104/><V99/><F53/><W79/><G79/><T37/><D37/><U20/><REACH who="1" step="1"/><E18/><REACH who="1" ten="331,198,221,240" step="2"/><V71/><F71/><W39/><G35/><T33/><D33/><U133/><E133/><V70/><F70/><W126/><G16/><T102/><D40/><U1/><E1/><V29/><F29/><W31/><G31/><T72/><D114/><U82/><E82/><V11/><F10/><W74/><G43/><T96/><D113/><U22/><E22/><V3/><REACH who="2" step="1"/><F3/><REACH who="2" ten="331,198,211,240" step="2"/><W14/><G126/><T107/><D112/><U52/><E52/><V122/><F122/><W45/><G39/><T76/><D23/><U115/><E115/><V86/><F86/><W88/><G74/><T17/><D75/><U106/><E106/><V9/><F9/><W108/><G108/><T95/><D107/><U103/><E103/><V120/><F120/><W58/><G5/><T34/><D73/><U105/><E105/><V80/><F80/><W12/><G6/><T60/><D72/><U27/><E27/><V84/><F84/><RYUUKYOKU ba="2,2" sc="331,-15,198,15,211,15,240,-15" hai1="19,20,25,65,67,83,87,90,93,101" hai2="7,11,13,44,47,54,56,61,89,91,97,98,99" /><INIT seed="1,3,2,0,1,43" ten="316,213,226,225" oya="1" hai0="24,84,63,122,36,25,135,39,10,131,35,134,52" hai1="0,126,97,102,11,92,100,56,22,69,49,74,61" hai2="72,95,87,103,4,26,65,90,16,33,112,66,94" hai3="114,75,119,117,44,110,108,91,71,32,118,29,37"/><U8/><E126/><V83/><F112/><W105/><G114/><T82/><D131/><U124/><E124/><V31/><F4/><W127/><G127/><T5/><D122/><U86/><E74/><V125/><F125/><W73/><G71/><T59/><D39/><U45/><E69/><V23/><F103/><W67/><G67/><T78/><D36/><U109/><E109/><N who="3" m="42090" /><G105/><T41/><D41/><N who="1" m="24751" /><E0/><V58/><F94/><W12/><G12/><N who="0" m="5199" /><D35/><U6/><E6/><V130/><F130/><W64/><G64/><T116/><D116/><U77/><E102/><V68/><F68/><W128/><G128/><T89/><D78/><U48/><E48/><V27/><REACH who="2" step="1"/><F58/><REACH who="2" ten="316,213,216,225" step="2"/><W62/><G118/><T85/><D135/><U99/><E99/><V106/><F106/><W93/><G117/><T7/><D134/><U129/><E129/><V88/><F88/><W79/><G91/><N who="0" m="51607" /><D7/><U40/><E100/><V60/><F60/><W34/><G62/><T3/><D3/><U38/><E97/><V51/><F51/><W28/><G119/><T54/><D63/><U1/><E1/><V30/><F30/><W111/><G28/><T115/><D115/><U123/><E92/><V133/><F133/><W104/><G93/><N who="0" m="54447" /><D59/><U76/><E56/><V13/><F13/><W20/><G111/><T18/><D25/><U96/><E61/><V21/><F21/><AGARI ba="3,3" hai="18,21,24,52,54" m="54447,51607,5199" machi="21" ten="30,2000,0" yaku="8,1,54,1" doraHai="43" who="0" fromWho="2" sc="316,59,213,0,216,-29,225,0" /><INIT seed="2,0,0,1,3,125" ten="375,213,187,225" oya="2" hai0="51,53,128,102,134,135,105,78,12,56,132,7,11" hai1="97,99,44,133,89,114,54,2,92,106,113,38,4" hai2="14,88,70,57,93,17,101,63,96,39,69,127,49" hai3="34,55,124,98,28,64,117,50,20,6,10,76,48"/><V131/><F39/><W36/><G36/><T90/><D128/><U66/><E66/><V33/><F33/><W104/><G124/><T31/><D78/><U15/><E2/><V77/><F127/><W8/><G34/><T59/><D31/><U109/><E109/><V130/><F77/><W22/><G117/><T126/><D126/><U72/><E72/><V61/><F49/><W19/><G64/><T9/><D90/><U40/><E133/><V116/><F116/><W16/><G28/><T108/><D108/><U112/><E54/><N who="2" m="33975" /><F63/><W122/><G122/><T121/><D121/><U83/><E83/><V5/><F5/><W115/><G115/><T86/><D86/><U18/><E4/><V85/><F14/><W129/><G76/><T65/><D11/><U100/><REACH who="1" step="1"/><E113/><REACH who="1" ten="375,203,187,225" step="2"/><V25/><F101/><W32/><G6/><T21/><D65/><U111/><E111/><V0/><F0/><W73/><G73/><T91/><D102/><U42/><E42/><V13/><F13/><W35/><G55/><T68/><D53/><U37/><E37/><V23/><F85/><W84/><G84/><T120/><D12/><U71/><E71/><AGARI ba="0,1" hai="17,23,25,69,70,71,88,93,96,130,131" m="33975" machi="71" ten="30,11600,0" yaku="25,1,52,2,54,1" doraHai="125" who="2" fromWho="1" sc="375,0,203,-116,187,126,225,0" /><INIT seed="2,1,0,2,4,123" ten="375,87,313,225" oya="2" hai0="78,85,19,41,76,80,108,0,115,61,97,91,94" hai1="38,95,83,65,45,63,8,3,81,5,68,50,114" hai2="107,111,135,40,99,70,120,1,64,31,35,126,113" hai3="93,53,7,29,6,22,79,125,117,101,88,121,75"/><V48/><RYUUKYOKU type="yao9" ba="1,0" sc="375,0,87,0,313,0,225,0" hai2="1,31,35,40,48,64,70,99,107,111,113,120,126,135" /><INIT seed="2,2,0,2,4,52" ten="375,87,313,225" oya="2" hai0="81,37,128,120,113,48,46,125,20,98,99,91,105" hai1="87,34,13,35,32,53,49,96,86,7,2,3,115" hai2="51,42,18,108,9,36,25,90,135,131,72,89,65" hai3="68,102,21,97,26,88,60,112,50,124,0,6,78"/><V92/><F72/><W29/><G124/><T100/><D37/><U109/><E115/><V75/><F75/><W118/><G118/><T106/><D113/><U23/><E109/><V62/><F36/><W17/><G112/><T103/><D120/><U117/><E117/><V57/><F108/><W55/><G78/><T73/><D125/><U63/><E63/><V39/><F39/><W130/><G130/><T40/><D128/><U123/><E96/><V54/><F131/><W127/><G127/><T44/><D44/><U84/><E123/><V107/><F107/><W94/><G6/><T31/><D73/><U41/><E41/><V12/><F135/><W80/><G0/><T59/><D59/><U77/><E77/><V58/><F42/><W67/><G80/><T27/><D91/><U5/><E23/><N who="2" m="13559" /><F92/><W119/><G119/><T8/><D8/><U69/><E69/><V28/><F28/><W71/><G71/><T104/><D81/><U74/><E74/><V133/><F133/><W111/><G111/><T10/><D10/><U33/><N who="1" m="8192" /><DORA hai="38" /><U61/><E61/><V19/><AGARI ba="2,0" hai="9,12,19,51,54,57,58,62,65,89,90" m="13559" machi="19" ten="30,6000,0" yaku="8,1,52,2" doraHai="52,38" who="2" fromWho="2" sc="375,-22,87,-22,313,66,225,-22" /><INIT seed="2,3,0,4,1,82" ten="353,65,379,203" oya="2" hai0="26,29,12,59,120,33,121,19,16,71,126,17,98" hai1="130,74,125,35,134,30,56,128,9,64,104,124,84" hai2="22,73,1,60,116,42,108,132,7,25,106,69,44" hai3="49,67,88,72,23,83,45,31,27,112,80,119,39"/><V75/><F106/><W43/><G119/><T111/><D71/><U76/><E74/><V93/><F116/><W11/><G112/><T118/><D118/><U63/><E104/><V4/><F132/><W58/><G72/><T97/><D59/><U57/><E9/><V32/><F32/><W77/><G11/><T117/><D117/><U81/><E134/><V115/><F115/><W36/><G80/><T68/><D68/><U79/><E79/><V109/><F93/><W13/><G13/><T2/><D97/><U100/><E100/><V102/><F102/><W92/><G83/><T10/><D98/><U24/><REACH who="1" step="1"/><E57/><REACH who="1" ten="353,55,379,203" step="2"/><V40/><F73/><W99/><REACH who="3" step="1"/><G77/><REACH who="3" ten="353,55,379,193" step="2"/><T105/><D10/><U62/><E62/><AGARI ba="3,2" hai="23,27,31,36,39,43,45,49,58,62,67,88,92,99" machi="62" ten="40,8000,1" yaku="1,1,2,1,54,1,53,1" doraHai="82" doraHaiUra="20" who="3" fromWho="1" sc="353,0,55,-89,379,0,193,109" owari="353,15.3,-34,-53.4,379,47.9,302,-9.8" /></mjloggm>