<mjloggm ver="2.3"><GO type="225" lobby="0"/><UN n0="%E5%A4%9C%E3%81%AE%E3%82%AC%E3%82%B9%E3%83%91%E3%83%BC%E3%83%AB" n1="%54%4F%52" n2="%E3%81%8B%E3%82%8F%E3%81%A1%E3%82%83%E3%82%93%35%38" n3="%E3%83%AD%E3%83%83%E3%83%86%E9%9B%80%E7%90%83" dan="16,17,17,16" rate="2214.43,2204.33,2232.57,2147.42" sx="M,M,M,M"/><TAIKYOKU oya="0"/><BYE who="0" /><UN n0="%E5%A4%9C%E3%81%AE%E3%82%AC%E3%82%B9%E3%83%91%E3%83%BC%E3%83%AB" /><INIT seed="0,0,0,0,0,61" ten="250,250,250,250" oya="0" hai0="32,94,4,1,6,25,11,81,115,57,113,7,112" hai1="34,17,8,43,53,98,29,49,56,23,46,3,18" hai2="39,42,77,36,40,119,26,106,19,63,67,111,59" hai3="12,135,122,79,21,60,14,91,93,52,55,5,80"/><T0/><D0/><U107/><BYE who="0" /><E34/><UN n0="%E5%A4%9C%E3%81%AE%E3%82%AC%E3%82%B9%E3%83%91%E3%83%BC%E3%83%AB" /><V64/><F106/><W125/><G125/><T84/><D94/><U37/><E29/><V44/><F77/><W102/><G135/><T127/><D127/><U100/><REACH who="1" step="1"/><E23/><REACH who="1" ten="250,240,250,250" step="2"/><V101/><F119/><W65/><G21/><T76/><D32/><U116/><E116/><V133/><F133/><W47/><G122/><T58/><D1/><U16/><E16/><V130/><F19/><W87/><G5/><AGARI ba="0,1" hai="3,5,8,17,18,37,43,46,49,53,56,98,100,107" machi="5" ten="40,1300,0" yaku="1,1,53,0" doraHai="61" doraHaiUra="129" who="1" fromWho="3" sc="250,0,240,23,250,0,250,-13" /><INIT seed="1,0,0,0,4,36" ten="250,263,250,237" oya="1" hai0="7,127,4,113,1,89,106,10,27,132,74,116,5" hai1="78,130,65,118,99,67,45,2,92,93,61,15,124" hai2="108,29,76,117,102,24,40,81,19,18,126,85,50" hai3="56,41,12,79,59,47,52,9,3,48,105,26,64"/><U8/><E118/><V42/><F117/><W23/><G105/><T77/><D116/><U0/><E130/><V82/><F108/><W131/><G131/><T54/><D113/><U109/><E109/><V6/><F126/><W90/><G3/><T49/><D106/><U63/><E124/><V73/><F102/><W14/><G79/><T70/><D70/><U34/><E34/><V13/><F6/><W98/><G64/><T25/><D127/><U66/><E78/><V16/><F13/><W72/><G72/><T46/><D132/><U133/><E133/><V11/><F11/><W44/><G90/><T39/><D7/><U68/><E45/><V55/><F81/><W80/><G98/><T110/><D5/><U112/><E112/><V75/><F75/><W111/><G80/><N who="0" m="45111" /><D89/><U51/><E51/><V87/><F87/><W129/><G129/><T33/><D33/><U31/><E31/><V58/><REACH who="2" step="1"/><F73/><REACH who="2" ten="250,263,240,237" step="2"/><W88/><G111/><T53/><D110/><U125/><E125/><V114/><F114/><W60/><G14/><T94/><D10/><U69/><E0/><V84/><F84/><W121/><G12/><T22/><D4/><U135/><E2/><V103/><F103/><W28/><G9/><T122/><D1/><U17/><E135/><V95/><F95/><W97/><G121/><T128/><D94/><U71/><REACH who="1" step="1"/><E92/><REACH who="1" ten="250,253,240,237" step="2"/><V115/><F115/><W30/><G30/><T57/><D128/><U119/><E119/><V35/><AGARI ba="0,2" hai="16,18,19,24,29,35,40,42,50,55,58,76,82,85" machi="35" ten="30,8000,1" yaku="1,1,0,1,52,2,54,1,53,0" doraHai="36" doraHaiUra="100" who="2" fromWho="2" sc="250,-20,253,-40,240,100,237,-20" /><INIT seed="2,0,0,0,5,121" ten="230,213,340,217" oya="2" hai0="23,51,100,64,56,128,53,54,127,118,123,15,69" hai1="117,108,93,35,55,52,31,83,43,130,120,76,98" hai2="110,66,24,11,63,21,116,104,77,91,134,62,18" hai3="50,10,29,13,101,33,28,4,32,119,40,57,74"/><V135/><F116/><W42/><G74/><T8/><D123/><U20/><E120/><V5/><F104/><W61/><G119/><T132/><D118/><U103/><E117/><V107/><F107/><W82/><G101/><T131/><D127/><U85/><E130/><N who="0" m="49705" /><D132/><N who="2" m="50730" /><F77/><W1/><G33/><T3/><D3/><U36/><E35/><V86/><F66/><W88/><G1/><T115/><D115/><U0/><E0/><N who="2" m="423" /><F110/><W41/><G50/><T81/><D100/><U80/><E108/><V47/><F47/><W30/><G32/><T16/><D64/><U87/><E43/><V84/><F84/><N who="3" m="50199" /><G40/><T95/><D69/><U92/><E92/><AGARI ba="0,0" hai="18,21,24,62,63,86,91,92" m="423,50730" machi="92" ten="30,1500,0" yaku="20,1" doraHai="121" who="2" fromWho="1" sc="230,0,213,-15,340,15,217,0" /><INIT seed="2,1,0,0,5,47" ten="230,198,355,217" oya="2" hai0="2,9,107,105,18,68,111,71,131,122,19,54,121" hai1="123,34,117,3,25,103,113,26,1,108,63,119,132" hai2="62,45,134,6,128,69,109,49,133,11,73,27,99" hai3="75,79,86,82,20,116,24,17,8,23,55,22,10"/><V15/><F73/><W35/><G116/><T39/><D39/><U112/><E103/><V95/><F128/><W80/><G35/><T93/><D111/><U87/><E87/><V32/><F109/><W127/><G127/><T129/><D93/><U13/><E63/><V114/><F114/><N who="1" m="44137" /><E108/><V81/><F81/><W97/><G97/><T130/><D54/><U58/><E58/><V44/><F27/><N who="1" m="10249" /><E34/><V14/><F32/><W77/><G55/><T78/><D78/><U118/><E132/><V42/><F45/><W83/><G83/><T102/><D102/><U41/><E41/><V51/><F51/><W0/><REACH who="3" step="1"/><G10/><REACH who="3" ten="230,198,355,207" step="2"/><T135/><D9/><U84/><E84/><V88/><F134/><W64/><G64/><T90/><D135/><U29/><E29/><V57/><F133/><W110/><G110/><T16/><D131/><U52/><E52/><V72/><F99/><W21/><G21/><T46/><D130/><U28/><E28/><V53/><F53/><W36/><G36/><T125/><D129/><U101/><E101/><V59/><F11/><W94/><G94/><T66/><D66/><U38/><E38/><V56/><F95/><W5/><AGARI ba="1,1" hai="0,5,8,17,20,22,23,24,75,77,79,80,82,86" machi="5" ten="30,2000,0" yaku="1,1,0,1,53,0" doraHai="47" doraHaiUra="65" who="3" fromWho="3" sc="230,-6,198,-6,355,-11,207,33" /><INIT seed="3,0,0,4,2,66" ten="224,192,344,240" oya="3" hai0="62,113,94,107,44,33,120,89,15,64,25,124,132" hai1="32,117,1,111,56,59,110,84,116,53,70,40,52" hai2="60,4,55,122,14,114,95,131,129,36,100,103,96" hai3="85,126,7,39,21,8,115,72,104,34,108,29,119"/><W50/><G119/><N who="1" m="45642" /><E32/><V86/><F36/><W57/><G72/><T54/><D120/><U46/><E1/><V51/><F114/><W19/><G39/><T83/><D113/><U38/><E84/><V30/><F122/><W101/><G85/><T81/><D107/><U80/><E80/><V11/><F30/><W41/><G29/><T71/><D124/><U45/><E45/><N who="2" m="28143" /><F60/><W0/><G34/><T69/><D132/><U22/><E22/><V76/><F76/><W12/><G126/><T58/><D33/><U13/><E13/><V9/><F9/><W43/><G115/><T3/><D3/><U23/><E23/><V77/><F77/><W49/><G21/><T97/><D25/><U2/><E70/><V127/><F86/><W35/><G12/><T92/><D92/><U82/><E82/><V65/><F127/><W99/><G35/><T106/><D106/><U42/><E42/><V24/><F24/><W130/><G41/><T61/><D71/><U37/><E37/><V5/><F14/><W18/><G43/><T17/><D44/><U28/><E28/><V88/><F11/><AGARI ba="0,0" hai="11,15,17,54,58,61,62,64,69,81,83,89,94,97" machi="11" ten="30,2000,0" yaku="7,1,52,1" doraHai="66" who="0" fromWho="2" sc="224,20,192,0,344,-20,240,0" owari="244,4.4,192,-30.8,324,42.4,240,-16.0" /></mjloggm>