<mjloggm ver="2.3"><GO type="225" lobby="0"/><UN n0="%E6%9C%AA%E6%9D%A5%E5%B0%91%E5%B9%B4" n1="%E9%80%9F%E6%B0%B4%E5%87%9B%E9%A6%99" n2="%47%32%E9%BE%8D%E9%96%80" n3="%E3%81%8B%E3%82%8F%E3%81%A1%E3%82%83%E3%82%93%35%38" dan="16,17,16,16" rate="2155.65,2179.77,2127.98,2097.00" sx="M,F,M,M"/><TAIKYOKU oya="0"/><INIT seed="0,0,0,4,4,114" ten="250,250,250,250" oya="0" hai0="78,133,130,86,22,43,113,68,18,74,32,106,107" hai1="60,67,28,53,0,26,75,17,83,100,21,126,64" hai2="91,128,81,123,134,19,88,51,94,14,79,12,110" hai3="7,127,104,8,69,2,23,77,65,80,109,62,87"/><T108/><D113/><U84/><E0/><V36/><F123/><W76/><G109/><T58/><D68/><U15/><E126/><V116/><F36/><W71/><G127/><T4/><D74/><U5/><E75/><V73/><F110/><W29/><G104/><T118/><D108/><U57/><E100/><V54/><F128/><W124/><G124/><T96/><D32/><U16/><E5/><V90/><F134/><W39/><G39/><T92/><D133/><U30/><E17/><V102/><F116/><W99/><G99/><T103/><D130/><U25/><E25/><V85/><F102/><W101/><G101/><T125/><D125/><U33/><REACH who="1" step="1"/><E28/><REACH who="1" ten="250,240,250,250" step="2"/><V34/><F12/><W44/><G29/><T1/><D1/><U24/><E24/><V31/><F31/><W70/><G7/><T38/><D4/><U11/><E11/><V47/><REACH who="2" step="1"/><F34/><REACH who="2" ten="250,240,240,250" step="2"/><W56/><G2/><T111/><D111/><U46/><E46/><V20/><AGARI ba="0,2" hai="14,19,20,47,51,54,73,79,81,85,88,90,91,94" machi="20" ten="20,8000,1" yaku="1,1,2,1,0,1,7,1,54,1,53,0" doraHai="114" doraHaiUra="115" who="2" fromWho="2" sc="250,-40,240,-20,240,100,250,-20" /><INIT seed="1,0,0,1,5,26" ten="210,220,340,230" oya="1" hai0="81,92,3,25,38,90,53,40,1,47,2,116,21" hai1="71,78,51,30,67,129,121,45,22,55,4,119,50" hai2="107,122,72,24,102,108,23,39,57,14,8,13,126" hai3="59,42,74,106,125,61,34,27,48,31,82,73,97"/><U66/><E121/><V134/><F122/><W133/><G133/><T79/><D116/><U52/><E119/><V32/><F32/><W120/><G120/><T69/><D69/><U93/><E129/><V10/><F72/><W132/><G132/><T104/><D104/><U103/><E71/><V131/><F39/><W11/><G125/><T80/><D53/><U0/><E78/><V68/><F68/><W83/><G11/><T117/><D117/><U54/><E4/><V49/><F108/><W56/><G82/><T6/><D6/><U65/><E0/><V60/><F126/><W128/><G128/><T110/><D79/><U118/><E118/><V15/><F49/><W75/><G83/><T63/><D63/><U98/><E45/><V76/><F76/><W20/><G34/><T62/><D62/><U112/><E112/><V94/><F107/><W58/><G61/><T109/><D109/><U89/><E103/><V28/><F134/><W85/><G85/><T86/><REACH who="0" step="1"/><D110/><REACH who="0" ten="200,220,340,230" step="2"/><U130/><E130/><V87/><F131/><W77/><G77/><T114/><D114/><U29/><E29/><AGARI ba="0,1" hai="1,2,3,21,25,29,38,40,47,80,81,86,90,92" machi="29" ten="40,2600,0" yaku="1,1,52,1,53,0" doraHai="26" doraHaiUra="7" who="0" fromWho="1" sc="200,36,220,-26,340,0,230,0" /><INIT seed="2,0,0,1,1,119" ten="236,194,340,230" oya="2" hai0="97,9,76,115,45,54,61,78,135,49,70,6,74" hai1="101,85,60,105,15,38,18,59,26,35,1,56,134" hai2="131,113,82,13,55,30,112,23,132,21,65,68,51" hai3="40,11,133,100,124,73,116,71,46,5,29,53,57"/><V3/><F3/><W63/><G116/><T42/><D115/><U120/><E38/><V62/><F131/><W72/><G133/><T108/><D135/><U127/><E1/><V25/><F132/><W107/><G124/><T122/><D122/><U102/><E134/><V117/><F117/><W121/><G121/><T106/><D108/><U83/><E127/><V129/><F129/><W114/><G114/><T77/><D74/><U27/><E120/><V80/><F80/><W111/><G111/><T128/><D128/><U103/><E105/><V130/><F130/><W12/><G29/><T81/><D81/><U69/><E69/><V67/><F67/><W32/><G32/><T66/><D42/><U41/><E41/><V58/><F82/><W28/><G28/><T50/><D50/><U33/><E33/><V36/><F36/><W64/><G100/><T43/><D43/><U0/><E0/><V126/><F126/><W19/><G5/><T44/><D44/><U39/><E39/><V75/><F75/><W79/><G107/><T109/><D109/><U88/><E35/><V48/><F51/><N who="3" m="30911" /><G79/><T52/><D54/><N who="1" m="33815" /><E59/><V110/><F110/><W2/><G2/><T93/><D106/><U95/><E83/><V98/><F98/><W123/><G123/><T4/><REACH who="0" step="1"/><D9/><AGARI ba="0,0" hai="9,15,18,26,27,85,88,95,101,102,103" m="33815" machi="9" ten="30,2000,0" yaku="8,1,54,1" doraHai="119" who="1" fromWho="0" sc="236,-20,194,20,340,0,230,0" /><INIT seed="3,0,0,0,1,98" ten="216,214,340,230" oya="3" hai0="14,5,93,13,29,111,43,97,17,108,81,109,50" hai1="47,119,20,70,0,112,131,32,26,107,83,63,72" hai2="82,77,52,99,54,37,19,35,104,71,78,114,12" hai3="87,127,56,80,38,1,135,49,36,73,75,46,34"/><W90/><G34/><T122/><D122/><U28/><E112/><V4/><F114/><W39/><G127/><T85/><D5/><U48/><E0/><V3/><F37/><W68/><G68/><T134/><D134/><U25/><E131/><V95/><F104/><W91/><G1/><T120/><D120/><U27/><E107/><V100/><F35/><W18/><G135/><T40/><D29/><U6/><E6/><V117/><F117/><W128/><G128/><T84/><D50/><U110/><E110/><N who="0" m="28161" /><T96/><DORA hai="59" /><D14/><U126/><E126/><V102/><F12/><W61/><G90/><N who="0" m="51471" /><D85/><U23/><E119/><V123/><F3/><W118/><G118/><T45/><D45/><U106/><E32/><V76/><F4/><W15/><G49/><T9/><D96/><U130/><E28/><V74/><F99/><W121/><G46/><T65/><D65/><N who="1" m="41279" /><E130/><V7/><F7/><W58/><G121/><T16/><D17/><U66/><E66/><V53/><F19/><W116/><G116/><T88/><AGARI ba="0,0" hai="9,13,16,40,43,88,93,97" m="51471,28161" machi="88" ten="40,5200,0" yaku="14,1,54,2" doraHai="98,59" who="0" fromWho="0" sc="216,52,214,-13,340,-13,230,-26" owari="268,6.8,201,-29.9,327,42.7,204,-19.6" /></mjloggm>