<mjloggm ver="2.3"><GO type="225" lobby="0"/><UN n0="%E5%B0%8F%E9%B3%A5%E9%81%8A%E7%B7%B4%E7%84%A1%32%31%E6%AD%B3" n1="%72%69%6F%75%63%68%61%6E" n2="%E3%81%8B%E3%82%8F%E3%81%A1%E3%82%83%E3%82%93%35%38" n3="%79%75%72%69%6D%6F%67" dan="16,16,16,16" rate="2183.78,2171.25,2121.78,2135.82" sx="F,M,M,F"/><TAIKYOKU oya="0"/><INIT seed="0,0,0,0,0,2" ten="250,250,250,250" oya="0" hai0="24,42,65,62,15,82,92,94,63,117,93,41,14" hai1="66,10,73,54,128,49,45,36,90,72,44,48,116" hai2="98,108,32,121,40,59,46,25,77,23,88,9,118" hai3="21,91,20,113,86,76,27,80,133,28,55,29,57"/><T79/><D24/><U70/><E116/><V122/><F32/><W120/><G113/><T37/><D117/><U124/><E124/><V89/><F118/><W81/><G133/><T17/><D37/><U60/><E128/><V109/><F77/><W103/><G103/><T7/><D7/><U52/><E36/><N who="2" m="21767" /><F59/><W51/><G120/><T114/><D114/><U130/><E130/><V69/><F69/><W126/><G126/><T131/><D131/><U95/><REACH who="1" step="1"/><E10/><REACH who="1" ten="250,240,250,250" step="2"/><V13/><F122/><W4/><G4/><T110/><D110/><N who="2" m="42602" /><F121/><W97/><G97/><AGARI ba="0,1" hai="44,45,48,49,52,54,60,66,70,72,73,90,95,97" machi="97" ten="30,12000,2" yaku="1,1,7,1,9,1,54,1,53,2" doraHai="2" doraHaiUra="106" who="1" fromWho="3" sc="250,0,240,130,250,0,250,-120" /><INIT seed="1,0,0,1,5,106" ten="250,370,250,130" oya="1" hai0="33,48,37,69,29,109,129,0,31,32,99,87,86" hai1="60,121,22,98,7,128,26,91,57,54,5,92,65" hai2="127,40,8,52,74,12,130,117,59,9,45,80,78" hai3="103,94,122,88,96,72,115,133,135,34,110,73,79"/><U97/><E128/><V119/><F127/><W42/><G34/><T51/><D69/><U61/><E121/><V24/><F24/><W89/><G42/><T113/><D109/><U44/><E98/><V17/><F130/><W111/><G122/><T101/><D129/><U85/><E85/><V10/><F117/><W124/><G79/><T71/><D37/><U53/><E44/><V28/><F28/><W68/><G68/><T70/><D99/><U75/><E75/><N who="3" m="28746" /><G115/><T66/><D66/><U108/><E108/><N who="3" m="41514" /><G124/><T11/><D113/><U6/><REACH who="1" step="1"/><E60/><REACH who="1" ten="250,360,250,130" step="2"/><V120/><F120/><W49/><G49/><T63/><D63/><U125/><E125/><V35/><F119/><W90/><AGARI ba="0,1" hai="88,89,90,94,96,103,133,135" m="41514,28746" machi="90" ten="40,12000,2" yaku="14,1,34,2,52,3,54,1" doraHai="106" who="3" fromWho="3" sc="250,-30,360,-60,250,-30,130,130" /><INIT seed="2,0,0,1,1,27" ten="220,300,220,260" oya="2" hai0="126,57,59,103,115,48,117,116,104,6,3,83,44" hai1="123,97,33,84,128,73,68,42,18,40,125,45,78" hai2="105,16,76,55,67,28,130,81,58,39,113,61,65" hai3="19,133,63,50,70,129,88,56,38,0,13,87,100"/><V51/><F113/><W94/><G38/><T11/><D115/><U8/><E68/><V106/><F130/><W2/><G129/><T135/><D135/><U90/><E128/><V62/><F39/><W95/><G133/><T4/><D4/><U37/><E125/><V30/><F105/><W20/><G70/><T101/><D126/><U108/><E108/><V102/><F102/><W111/><G111/><T15/><D3/><U32/><E123/><V122/><F106/><W98/><REACH who="3" step="1"/><G50/><REACH who="3" ten="220,300,220,250" step="2"/><T21/><D48/><U112/><E37/><V36/><F36/><W26/><G26/><T119/><D119/><U29/><E112/><V31/><F122/><W43/><G43/><T131/><D117/><U64/><E40/><V49/><F16/><W85/><G85/><T24/><D116/><U92/><E42/><V69/><REACH who="2" step="1"/><F65/><AGARI ba="0,1" hai="0,2,13,19,20,56,63,65,87,88,94,95,98,100" machi="65" ten="30,3900,0" yaku="1,1,7,1,54,1,53,0" doraHai="27" doraHaiUra="114" who="3" fromWho="2" sc="220,0,300,0,220,-39,250,49" /><INIT seed="3,0,0,4,5,93" ten="220,300,181,299" oya="3" hai0="44,33,28,82,25,65,120,37,17,51,27,69,76" hai1="50,83,13,38,31,39,96,19,72,60,73,1,29" hai2="121,59,89,91,45,81,24,64,117,21,87,135,103" hai3="79,62,22,34,5,108,4,78,54,92,111,94,46"/><W7/><G34/><T0/><D120/><U119/><E1/><V77/><F117/><W47/><G22/><T118/><D118/><U101/><E119/><V43/><F135/><W99/><G94/><T71/><D37/><U95/><E73/><V134/><F134/><W131/><G131/><T116/><D116/><U48/><E38/><V86/><F121/><W41/><G62/><T130/><D130/><U55/><E39/><V32/><F32/><W122/><G54/><T112/><D0/><U18/><E72/><V90/><F103/><W68/><G68/><T35/><D65/><U10/><E83/><V58/><F87/><W15/><G15/><T100/><D100/><U23/><E60/><V53/><F64/><W8/><G8/><T30/><D17/><U104/><E104/><V16/><REACH who="2" step="1"/><F53/><REACH who="2" ten="220,300,171,299" step="2"/><W40/><G122/><T97/><D112/><U98/><E98/><V113/><F113/><W57/><G111/><T36/><D97/><U125/><E125/><V52/><F52/><W84/><G108/><T61/><D61/><U123/><E123/><V67/><F67/><W6/><G84/><T63/><D63/><U88/><E101/><V126/><F126/><W80/><G99/><T9/><D36/><AGARI ba="0,1" hai="16,21,24,36,43,45,58,59,77,81,86,89,90,91" machi="36" ten="40,2600,0" yaku="1,1,54,1,53,0" doraHai="93" doraHaiUra="26" who="2" fromWho="0" sc="220,-26,300,0,171,36,299,0" owari="194,-30.6,300,40.0,207,-19.3,299,9.9" /></mjloggm>