<mjloggm ver="2.3"><GO type="225" lobby="0"/><UN n0="%E9%80%86%E9%80%A3%E5%B8%AF%E3%81%AE%E9%AC%BC" n1="%E3%81%8C%E3%81%9F" n2="%65%6B%61%72%75%74%65" n3="%E3%81%BF%E3%81%BF%E3%81%9A" dan="16,16,16,17" rate="2135.03,2133.35,2162.18,2234.93" sx="M,M,M,M"/><TAIKYOKU oya="0"/><INIT seed="0,0,0,5,4,13" ten="250,250,250,250" oya="0" hai0="46,93,84,56,74,40,120,88,3,130,135,99,17" hai1="101,39,117,9,54,60,118,20,1,131,113,80,32" hai2="81,58,10,78,42,44,11,75,35,102,45,4,72" hai3="50,8,52,55,123,36,12,96,67,26,27,62,18"/><T53/><D135/><U51/><E32/><V30/><F102/><W63/><G36/><T69/><D130/><U68/><E39/><V127/><F127/><W103/><G123/><T133/><D133/><U31/><E131/><V71/><F71/><W34/><G34/><T132/><D132/><U109/><E109/><V121/><F121/><W112/><G112/><T128/><D128/><U92/><E113/><V22/><F35/><W115/><G115/><T24/><D69/><U33/><E33/><V66/><F72/><W29/><G29/><T57/><D74/><U129/><E129/><V2/><F11/><W95/><G55/><T37/><D3/><U97/><E80/><V90/><F90/><W124/><G124/><T15/><D24/><N who="3" m="9257" /><G67/><T25/><D25/><U126/><E20/><V65/><F45/><AGARI ba="0,0" hai="8,12,18,45,50,52,62,63,95,96,103" m="9257" machi="45" ten="30,3900,0" yaku="8,1,52,1,54,1" doraHai="13" who="3" fromWho="2" sc="250,0,250,0,250,-39,250,39" /><INIT seed="1,0,0,3,4,41" ten="250,250,211,289" oya="1" hai0="134,44,125,103,104,105,83,120,51,61,85,24,71" hai1="55,90,30,26,54,46,5,110,106,17,49,58,6" hai2="98,50,73,4,35,56,0,81,129,68,67,119,79" hai3="20,7,53,43,78,99,95,47,34,77,42,64,14"/><U123/><E123/><V100/><F119/><W70/><G34/><T39/><D120/><U60/><E106/><V31/><F129/><W22/><G70/><T3/><D134/><U101/><E101/><V10/><F68/><W45/><G64/><T27/><D3/><U40/><E110/><V9/><F35/><W112/><G112/><T126/><D39/><U21/><E90/><V108/><F108/><W29/><G53/><T72/><D72/><U92/><E92/><V2/><F31/><W118/><G118/><T23/><D61/><U127/><E127/><N who="0" m="48649" /><D71/><U133/><E133/><V57/><F50/><W33/><G33/><T115/><D103/><U94/><E94/><V13/><F67/><W25/><G43/><N who="0" m="24991" /><D27/><U32/><REACH who="1" step="1"/><E40/><REACH who="1" ten="250,240,211,289" step="2"/><V65/><F100/><N who="3" m="60543" /><G42/><T84/><D115/><U132/><E132/><V66/><F79/><N who="3" m="30219" /><G7/><T36/><D105/><U117/><E117/><V37/><F4/><W62/><G62/><T88/><D104/><U128/><E128/><V113/><F113/><W52/><G52/><T86/><D36/><U76/><E76/><V124/><F37/><W38/><G38/><T18/><AGARI ba="0,1" hai="18,23,24,83,84,85,86,88" m="24991,48649" machi="18" ten="30,4000,0" yaku="18,1,52,1,54,1" doraHai="41" who="0" fromWho="0" sc="250,50,240,-20,211,-10,289,-10" /><INIT seed="2,0,0,0,3,119" ten="300,220,201,279" oya="2" hai0="118,74,83,104,116,129,91,128,89,117,68,90,97" hai1="112,5,6,19,73,79,69,95,48,59,34,114,66" hai2="28,24,13,62,123,16,47,103,61,121,45,134,133" hai3="53,25,39,43,100,21,122,108,98,15,81,85,96"/><V126/><F126/><W111/><G15/><T75/><D68/><U65/><E34/><V11/><F103/><W71/><G71/><T7/><D7/><U32/><E32/><V41/><F61/><W92/><G53/><T115/><D115/><U46/><E69/><V135/><F62/><W70/><G70/><T120/><D120/><N who="2" m="46154" /><F41/><W99/><G122/><T50/><D50/><U3/><E112/><V27/><F27/><W63/><G39/><T132/><D132/><U49/><E114/><V64/><F64/><W86/><G43/><T107/><D97/><N who="3" m="37481" /><G63/><T94/><D94/><U17/><E95/><V23/><AGARI ba="0,0" hai="11,13,16,23,24,28,45,47,133,134,135" m="46154" machi="23" ten="40,12000,1" yaku="20,1,52,3,54,1" doraHai="119" who="2" fromWho="2" sc="300,-40,220,-40,201,120,279,-40" /><INIT seed="2,1,0,1,1,135" ten="260,180,321,239" oya="2" hai0="12,29,89,97,119,84,43,114,25,127,42,17,66" hai1="107,129,6,34,48,121,1,62,51,58,26,3,5" hai2="79,8,47,36,118,69,56,128,90,57,112,40,14" hai3="2,61,44,23,82,83,134,94,91,7,73,32,30"/><V116/><F112/><W33/><G134/><T81/><D119/><U63/><E107/><V15/><F128/><W113/><G23/><T9/><D114/><U103/><E129/><V115/><F115/><W16/><G113/><T19/><D127/><U59/><E26/><V31/><F69/><W95/><G61/><T72/><D72/><U18/><E18/><V55/><F79/><W70/><G44/><T24/><D66/><U108/><E103/><V54/><F90/><W65/><G91/><T71/><D71/><U20/><E20/><V131/><F31/><W39/><G7/><T41/><D97/><U88/><E88/><V99/><F99/><W105/><G2/><T11/><REACH who="0" step="1"/><D29/><REACH who="0" ten="250,180,321,239" step="2"/><U52/><E121/><V124/><F124/><W50/><G65/><T92/><D92/><U132/><E132/><V96/><F96/><W0/><G70/><T133/><D133/><U60/><E108/><V110/><F110/><W104/><G73/><T111/><D111/><U117/><E117/><V28/><F28/><W93/><G30/><T86/><D86/><U21/><E34/><V80/><F116/><W102/><G95/><T123/><D123/><U49/><E21/><V85/><F85/><W76/><G33/><T10/><D10/><N who="1" m="2351" /><E52/><V22/><F22/><W68/><G32/><T77/><D77/><U38/><E38/><V27/><F36/><W4/><G68/><T67/><D67/><U35/><E35/><V130/><F8/><N who="3" m="2055" /><G39/><T126/><D126/><U74/><E74/><V100/><F118/><W98/><G76/><T101/><D101/><U46/><E46/><RYUUKYOKU ba="1,1" sc="250,15,180,15,321,-15,239,-15" hai0="9,11,12,17,19,24,25,41,42,43,81,84,89" hai1="3,6,48,49,51,58,59,60,62,63" /><INIT seed="3,2,1,3,2,26" ten="265,195,306,224" oya="3" hai0="86,28,20,118,103,24,71,117,45,34,129,10,100" hai1="38,78,33,96,2,124,7,37,90,53,80,59,44" hai2="8,97,88,14,133,81,110,126,131,95,39,109,68" hai3="21,0,85,11,132,19,49,70,1,55,98,27,63"/><W108/><G132/><T17/><D71/><U83/><E33/><V135/><F68/><W67/><G108/><N who="2" m="41577" /><F126/><W102/><G85/><T52/><D129/><U9/><E124/><V92/><F131/><W119/><G119/><T93/><D10/><U35/><E35/><V36/><F81/><W50/><G11/><T125/><D125/><U76/><E44/><V18/><F92/><W30/><G19/><T66/><D66/><U29/><E29/><V25/><F25/><W84/><G84/><T32/><D103/><U15/><E2/><V77/><F77/><W72/><G72/><T79/><D100/><U121/><E121/><V51/><F51/><W64/><G64/><T122/><D122/><U31/><E31/><V46/><F46/><W61/><G61/><T123/><D123/><U54/><E54/><V127/><F127/><W57/><REACH who="3" step="1"/><G49/><REACH who="3" ten="265,195,306,214" step="2"/><T87/><D118/><U116/><E116/><V6/><F18/><W99/><G99/><T12/><D117/><U47/><E37/><AGARI ba="2,2" hai="6,8,14,36,37,39,88,95,97,133,135" m="41577" machi="37" ten="30,2000,0" yaku="14,1,54,1" doraHai="26" who="2" fromWho="1" sc="265,0,195,-26,306,46,214,0" owari="265,6.5,169,-33.1,352,45.2,214,-18.6" /></mjloggm>