<mjloggm ver="2.3"><GO type="225" lobby="0"/><UN n0="%E3%83%89%E3%83%A9%E3%81%8F%E3%82%8C" n1="%E8%B6%85%E7%B4%9A%E9%B3%B3%E5%87%B0" n2="%E6%81%A5%E6%99%92%E3%81%97" n3="%E3%81%B5%E3%81%98%E3%81%8B%E3%81%A4" dan="17,16,16,16" rate="2304.63,2194.83,2129.28,2171.97" sx="M,F,M,M"/><TAIKYOKU oya="0"/><INIT seed="0,0,0,5,5,129" ten="250,250,250,250" oya="0" hai0="55,89,62,37,54,133,63,58,30,20,121,33,71" hai1="43,132,50,76,21,52,81,122,88,56,7,39,22" hai2="101,41,53,97,42,9,12,104,69,96,15,3,57" hai3="109,94,44,18,126,131,48,107,40,102,99,78,75"/><T134/><D121/><U66/><E122/><V13/><F69/><W125/><G131/><T27/><D37/><U106/><E106/><V111/><F111/><W29/><G29/><T23/><D89/><U114/><E114/><V110/><F110/><W6/><G109/><T51/><D63/><U85/><E66/><V77/><F77/><W74/><G6/><T59/><REACH who="0" step="1"/><D71/><REACH who="0" ten="240,250,250,250" step="2"/><U115/><E39/><V0/><F97/><N who="3" m="61903" /><G78/><T91/><D91/><U103/><E76/><V92/><F104/><W38/><G38/><T24/><D24/><U73/><E88/><V95/><F96/><W61/><G61/><T108/><D108/><U4/><E115/><V124/><F101/><W28/><G94/><T118/><D118/><U105/><E105/><V130/><F130/><W14/><G99/><T64/><D64/><U16/><E103/><V87/><F92/><W93/><G93/><T17/><D17/><U116/><E16/><N who="2" m="8207" /><F95/><W80/><G80/><T113/><D113/><U5/><E81/><V35/><F0/><W10/><G28/><T45/><D45/><U31/><E31/><V60/><F3/><W90/><G90/><T70/><D70/><U123/><E123/><V79/><F13/><W2/><G2/><T83/><D83/><U128/><E128/><V34/><F15/><W119/><G119/><T68/><D68/><U8/><E116/><V32/><F124/><AGARI ba="0,1" hai="10,14,18,40,44,48,74,75,124,125,126" m="61903" machi="124" ten="30,1000,0" yaku="18,1" doraHai="129" who="3" fromWho="2" sc="240,0,250,0,250,-10,250,20" /><INIT seed="1,0,0,0,5,54" ten="240,250,240,270" oya="1" hai0="21,94,67,105,50,30,17,122,81,57,86,23,83" hai1="133,16,39,31,78,64,7,20,88,128,123,93,76" hai2="58,118,108,22,24,13,34,77,71,66,117,10,2" hai3="29,132,120,18,56,27,124,3,69,95,129,26,45"/><U72/><E123/><V9/><F71/><W102/><G120/><T60/><D105/><U43/><E128/><V63/><F108/><W97/><G69/><T113/><D122/><U4/><E133/><V96/><F77/><W75/><G132/><T121/><D121/><U11/><E64/><V103/><F2/><W41/><G129/><T47/><D113/><U36/><E31/><V127/><F127/><W116/><G124/><T1/><D1/><U110/><E110/><V15/><F34/><W61/><G75/><T85/><D30/><U38/><E43/><V62/><F117/><W135/><G3/><T40/><D94/><U82/><E78/><V12/><F63/><W59/><G135/><T44/><D44/><U109/><E109/><V68/><F68/><W37/><G116/><T114/><D114/><U107/><E11/><V91/><F91/><W119/><G119/><T65/><D65/><U104/><E104/><V19/><REACH who="2" step="1"/><F118/><REACH who="2" ten="240,250,230,270" step="2"/><W134/><G61/><T101/><D101/><U130/><E130/><V51/><F51/><N who="3" m="27055" /><G134/><T14/><REACH who="0" step="1"/><D23/><REACH who="0" ten="230,250,230,270" step="2"/><U25/><REACH who="1" step="1"/><E107/><AGARI ba="0,2" hai="9,10,12,13,15,19,22,24,58,62,66,96,103,107" machi="107" ten="40,8000,1" yaku="1,1,52,1,53,2" doraHai="54" doraHaiUra="6" who="2" fromWho="1" sc="230,0,250,-80,230,100,270,0" /><INIT seed="2,0,0,5,1,93" ten="230,170,330,270" oya="2" hai0="60,10,59,72,0,91,6,81,8,50,17,84,120" hai1="134,123,119,24,77,128,31,47,39,96,80,102,54" hai2="20,56,27,104,36,2,110,7,11,107,133,70,35" hai3="106,33,82,53,63,37,98,5,95,66,52,114,29"/><V62/><F133/><W97/><G37/><T43/><D120/><U88/><E119/><V16/><F36/><W115/><G5/><T101/><D72/><U19/><E134/><V48/><F110/><W71/><G82/><T126/><D126/><U42/><E123/><V100/><F100/><N who="3" m="62743" /><G29/><T32/><D32/><U116/><E116/><V87/><F87/><W69/><G69/><T51/><D43/><U85/><E128/><V58/><F70/><W127/><G33/><T41/><D41/><U73/><E54/><V89/><F89/><N who="3" m="55535" /><G127/><T111/><D111/><U64/><E64/><V131/><F131/><W74/><G74/><T3/><D101/><U40/><E40/><V57/><F48/><W67/><G67/><T18/><D18/><U124/><E19/><V117/><F117/><W15/><G15/><T109/><D109/><U65/><E65/><V49/><F49/><W45/><G45/><T121/><D121/><U122/><E122/><V30/><REACH who="2" step="1"/><F62/><REACH who="2" ten="230,170,320,270" step="2"/><W92/><G92/><T94/><D94/><U1/><E124/><V46/><F46/><W34/><G71/><T25/><D51/><U103/><E73/><V76/><F76/><W26/><G63/><T135/><D50/><U68/><E68/><V55/><F55/><W105/><G66/><T125/><D125/><U4/><E77/><V14/><AGARI ba="0,1" hai="2,7,11,14,16,20,27,30,35,56,57,58,104,107" machi="14" ten="30,18000,2" yaku="1,1,0,1,24,2,54,1,53,1" doraHai="93" doraHaiUra="21" who="2" fromWho="2" sc="230,-60,170,-60,320,190,270,-60" /><INIT seed="2,1,0,4,5,27" ten="170,110,510,210" oya="2" hai0="17,77,32,128,39,57,117,43,36,131,38,37,2" hai1="16,89,41,113,103,105,107,12,25,83,45,78,4" hai2="73,26,42,90,85,56,3,87,7,106,1,92,63" hai3="114,100,21,72,61,30,54,11,67,91,24,135,119"/><V40/><F7/><W111/><G119/><T31/><D2/><U58/><E113/><V18/><F73/><W10/><G72/><T101/><D117/><U60/><E4/><V44/><F106/><W55/><G114/><T86/><D101/><U132/><E132/><V125/><F87/><W5/><G135/><T84/><D17/><U134/><E134/><V0/><F44/><W80/><G100/><T75/><D57/><U20/><E89/><V28/><F18/><W121/><G121/><T115/><D115/><U96/><E105/><V116/><F125/><W94/><G80/><N who="0" m="45119" /><D84/><U123/><E123/><V95/><F95/><W129/><G129/><T82/><D43/><U69/><E69/><V66/><F116/><W46/><G46/><T34/><D39/><U74/><E58/><V99/><F85/><N who="3" m="52591" /><G111/><T33/><D86/><U65/><E60/><V29/><F26/><W53/><G5/><T110/><D82/><U62/><E62/><V124/><F124/><W6/><G6/><T109/><D31/><U98/><E96/><V81/><F99/><W8/><G61/><T64/><D64/><AGARI ba="1,0" hai="8,10,11,21,24,30,53,54,55,64,67" m="52591" machi="64" ten="30,2000,0" yaku="8,1,52,1" doraHai="27" who="3" fromWho="0" sc="170,-23,110,0,510,0,210,23" /><INIT seed="3,0,0,0,5,7" ten="147,110,510,233" oya="3" hai0="128,4,77,25,38,100,47,76,70,81,60,63,120" hai1="51,32,87,115,119,114,16,96,37,84,131,36,95" hai2="129,105,43,85,135,90,23,27,83,72,71,46,126" hai3="91,50,58,109,118,8,17,33,34,13,74,48,82"/><W124/><G118/><T89/><D120/><U107/><E32/><V49/><F71/><W104/><G104/><T134/><D134/><U52/><E119/><V123/><F135/><W80/><G124/><T117/><D117/><U14/><E107/><V93/><F126/><W69/><G69/><T20/><D128/><U73/><E73/><V68/><F129/><W108/><G74/><T54/><D100/><N who="1" m="60447" /><E37/><V30/><F68/><W112/><G112/><T61/><D70/><U55/><E36/><V132/><F132/><W2/><G2/><T86/><D4/><U6/><E131/><V66/><F123/><W19/><G58/><T29/><D38/><U18/><E115/><V97/><F105/><W103/><G103/><T62/><N who="0" m="15360" /><DORA hai="44" /><T57/><REACH who="0" step="1"/><D57/><REACH who="0" ten="137,110,510,233" step="2"/><N who="1" m="32927" /><E114/><V0/><F0/><W92/><G109/><T110/><D110/><U78/><E55/><V59/><F66/><W53/><G53/><T3/><D3/><U106/><E106/><V94/><F72/><W98/><G108/><T45/><D45/><U40/><E40/><V102/><F59/><W64/><G64/><T121/><D121/><U125/><E125/><V122/><F122/><W79/><G34/><T39/><D39/><U111/><E111/><V67/><F67/><W10/><G33/><T9/><D9/><N who="1" m="4407" /><E87/><V35/><F35/><W133/><G133/><T101/><D101/><U11/><E11/><V113/><F113/><W65/><G8/><T42/><D42/><U1/><E1/><V56/><F56/><W24/><G10/><T130/><D130/><U28/><E28/><V5/><F5/><RYUUKYOKU ba="0,1" sc="137,10,110,10,510,10,233,-30" hai0="20,25,29,47,54,76,77,81,86,89" hai1="16,18,78,84" hai2="23,27,30,43,46,49,83,85,90,93,94,97,102" owari="147,-25.3,120,-38.0,530,63.0,203,0.3" /></mjloggm>