<mjloggm ver="2.3"><GO type="225" lobby="0"/><UN n0="%E5%8D%A0%E3%81%84%E5%B8%AB%E8%A3%8F%E3%81%AA%E3%81%84%E3%81%97" n1="%E9%80%86%E9%80%A3%E5%B8%AF%E3%81%AE%E9%AC%BC" n2="%E9%B3%B3%E6%9D%B1%E3%81%AE%E3%81%BF%E3%81%91%E3%81%AB%E3%82%83%E3%82%93" n3="%E7%89%B9%E6%9D%B1%E3%81%AF%E4%B8%96%E7%95%8C%E3%82%92%E6%95%91%E3%81%86" dan="17,17,17,16" rate="2148.42,2181.26,2184.57,2176.03" sx="M,M,F,M"/><TAIKYOKU oya="0"/><INIT seed="0,0,0,5,1,111" ten="250,250,250,250" oya="0" hai0="130,92,95,25,23,47,103,81,24,33,10,3,27" hai1="120,68,123,86,99,21,124,105,115,61,55,26,13" hai2="66,34,22,69,36,107,18,31,59,126,62,74,45" hai3="114,128,32,64,129,54,125,88,65,57,30,39,48"/><T42/><D130/><N who="3" m="50281" /><G39/><T89/><D33/><U121/><E124/><V100/><F74/><W80/><G125/><T49/><D103/><U28/><E86/><V110/><F110/><W60/><G114/><T6/><D81/><U83/><E83/><V94/><F107/><W73/><G48/><T38/><D38/><U106/><E115/><V67/><F34/><W75/><G88/><T15/><D3/><U127/><E127/><V112/><F31/><W63/><G80/><T91/><D23/><U53/><E13/><V51/><F112/><W72/><G63/><T43/><D43/><U52/><REACH who="1" step="1"/><E99/><REACH who="1" ten="250,240,250,250" step="2"/><V102/><F126/><W56/><G72/><T0/><D0/><U16/><E16/><V1/><F1/><W70/><G73/><T76/><D76/><U35/><E35/><V119/><F18/><W93/><G75/><T109/><D109/><U79/><E79/><V87/><F87/><W14/><G14/><T135/><D135/><U58/><E58/><V108/><F59/><W50/><G57/><T85/><REACH who="0" step="1"/><D25/><REACH who="0" ten="240,240,250,250" step="2"/><U44/><E44/><V98/><F108/><W133/><G133/><T17/><D17/><U84/><E84/><AGARI ba="0,2" hai="6,10,15,24,27,42,47,49,84,85,89,91,92,95" machi="84" ten="30,12000,1" yaku="1,1,7,1,9,1,8,1,53,1" doraHai="111" doraHaiUra="9" who="0" fromWho="1" sc="240,140,240,-120,250,0,250,0" /><INIT seed="0,1,0,4,4,26" ten="380,120,250,250" oya="0" hai0="33,135,34,46,30,127,112,11,100,62,51,133,47" hai1="64,78,6,129,71,116,65,53,84,66,67,87,4" hai2="72,105,74,31,95,103,43,49,114,106,128,124,76" hai3="97,107,85,28,115,81,54,44,122,5,41,126,132"/><T92/><D112/><U52/><E116/><V15/><F114/><W113/><G132/><N who="0" m="50763" /><D127/><U80/><E129/><V73/><F128/><W7/><G126/><T58/><D11/><U56/><E71/><V131/><F131/><W17/><G122/><T110/><D110/><U37/><E37/><V123/><F123/><W12/><G54/><N who="0" m="34135" /><D30/><U130/><E130/><V102/><F31/><W68/><G68/><T39/><D39/><U2/><E2/><V32/><F15/><W96/><G113/><T23/><D23/><U120/><E120/><V108/><F32/><N who="0" m="12394" /><D51/><U83/><N who="1" m="16384" /><DORA hai="91" /><U69/><E69/><V29/><F29/><W10/><G28/><T16/><D16/><U89/><REACH who="1" step="1"/><E53/><REACH who="1" ten="380,110,250,250" step="2"/><V101/><F124/><W48/><G115/><T42/><D42/><U19/><E19/><V70/><F70/><W45/><G17/><T82/><D82/><U99/><E99/><AGARI ba="1,1" hai="46,47,92,99,100" m="12394,34135,50763" machi="99" ten="30,2900,0" yaku="20,1,52,1" doraHai="26,91" who="0" fromWho="1" sc="380,42,110,-32,250,0,250,0" /><INIT seed="0,2,0,4,5,132" ten="422,78,250,250" oya="0" hai0="46,9,31,25,59,119,28,85,135,108,127,79,37" hai1="47,126,68,133,130,41,44,87,42,45,121,6,100" hai2="35,63,117,113,24,103,97,38,93,75,99,39,2" hai3="112,89,0,73,61,105,29,57,7,50,72,53,14"/><T1/><D119/><U13/><E133/><V70/><F113/><W74/><G112/><T16/><D135/><U111/><E121/><V56/><F117/><W84/><G105/><T65/><D108/><U81/><E130/><V27/><F2/><W64/><G0/><T95/><D1/><U32/><E32/><V104/><F75/><W54/><G29/><T69/><D69/><U101/><E68/><V58/><F70/><W3/><G3/><T110/><D9/><U48/><E111/><V90/><F56/><W131/><G131/><T91/><D79/><U77/><E126/><V82/><F82/><W102/><G102/><T8/><D31/><U26/><E26/><V20/><F35/><W12/><G7/><T21/><D37/><U15/><E45/><V40/><F40/><W115/><G54/><T92/><D46/><U120/><E120/><V76/><F76/><W30/><G30/><T5/><D5/><U80/><E80/><V23/><F23/><W98/><G98/><T22/><D8/><U62/><E62/><V94/><F104/><W66/><G66/><T49/><D65/><U88/><E77/><V86/><F86/><W129/><G129/><T11/><D11/><U51/><REACH who="1" step="1"/><E6/><REACH who="1" ten="422,68,250,250" step="2"/><V125/><F125/><W18/><G115/><T134/><D110/><U71/><E71/><V96/><F27/><W4/><G4/><T107/><D134/><U116/><E116/><V10/><F63/><W43/><G61/><T128/><D128/><U122/><E122/><V52/><F24/><W33/><G33/><N who="0" m="20623" /><D127/><U55/><E55/><V109/><F52/><RYUUKYOKU ba="2,1" sc="422,-10,68,30,250,-10,250,-10" hai1="13,15,41,42,44,47,48,51,81,87,88,100,101" /><INIT seed="1,3,1,1,3,125" ten="412,98,240,240" oya="1" hai0="99,109,66,126,90,107,17,131,81,118,101,6,29" hai1="58,71,67,42,112,7,57,129,31,1,111,40,72" hai2="79,85,97,123,12,78,116,96,5,83,108,76,130" hai3="55,113,134,53,0,124,14,89,65,36,21,8,16"/><U63/><E72/><V87/><F5/><W86/><G113/><T62/><D118/><U61/><E112/><V27/><F27/><W77/><G36/><T74/><D126/><U13/><E1/><V80/><F12/><W22/><G124/><T43/><D109/><U94/><E111/><V114/><F114/><W84/><G134/><T34/><D43/><U98/><E129/><V132/><F108/><W49/><G65/><T103/><D103/><U102/><E31/><V32/><F32/><W64/><G64/><T73/><D6/><U104/><E104/><V23/><F23/><W39/><G39/><T120/><D17/><U25/><E25/><V115/><F115/><W24/><G0/><T2/><D2/><U28/><E28/><V35/><F35/><W51/><G77/><N who="2" m="29801" /><F116/><W92/><G86/><N who="2" m="32777" /><F123/><W50/><REACH who="3" step="1"/><G21/><REACH who="3" ten="412,98,240,230" step="2"/><T3/><D34/><U33/><E33/><V46/><F132/><W119/><G119/><T60/><D3/><U47/><E71/><V95/><F79/><W75/><G75/><T93/><D66/><N who="1" m="39215" /><E47/><V135/><F46/><W106/><G106/><T18/><D120/><U26/><E26/><V19/><F135/><W54/><G54/><T100/><D73/><U41/><E41/><V20/><F83/><W48/><N who="3" m="12288" /><DORA hai="11" /><W9/><G9/><AGARI ba="3,2" hai="7,9,13,40,42,58,63,67,94,98,102" m="39215" machi="9" ten="30,2900,0" yaku="8,1,52,1" doraHai="125,11" who="1" fromWho="3" sc="412,0,98,58,240,0,230,-38" /><INIT seed="1,4,0,5,4,57" ten="412,156,240,192" oya="1" hai0="127,103,107,17,112,64,4,79,116,29,33,18,26" hai1="58,106,124,16,114,12,69,34,135,5,83,130,105" hai2="78,41,95,108,94,21,14,39,22,56,6,32,47" hai3="3,76,67,101,53,44,45,118,35,37,115,60,120"/><U73/><E114/><V15/><F32/><W74/><G115/><T1/><D112/><U100/><E69/><V62/><F108/><W90/><G35/><T49/><D116/><U13/><E135/><V42/><F42/><W84/><G120/><T7/><D79/><U27/><E130/><V86/><F94/><W38/><G3/><T68/><D127/><U99/><E124/><V75/><F75/><W97/><G76/><T123/><D123/><U72/><E106/><V10/><F15/><W89/><G74/><T28/><D28/><U133/><E133/><V46/><F46/><W24/><G24/><T119/><D119/><U59/><E12/><V131/><F131/><W91/><G84/><T11/><D49/><U111/><E111/><V66/><REACH who="2" step="1"/><F95/><REACH who="2" ten="412,156,230,192" step="2"/><W129/><G129/><T0/><D0/><U102/><E73/><V25/><F25/><W2/><G2/><T88/><D26/><U31/><E102/><V134/><F134/><W104/><G118/><T109/><D103/><U65/><E72/><V128/><F128/><W70/><G45/><T96/><D109/><U121/><E121/><V30/><F30/><W125/><G125/><T85/><D29/><U19/><E83/><AGARI ba="4,1" hai="6,10,14,21,22,39,41,47,56,62,66,78,83,86" machi="83" ten="40,5200,0" yaku="1,1,52,1,53,1" doraHai="57" doraHaiUra="43" who="2" fromWho="1" sc="412,0,156,-64,230,74,192,0" /><INIT seed="2,0,0,5,3,12" ten="412,92,304,192" oya="2" hai0="1,133,46,52,122,44,70,59,2,96,71,65,6" hai1="11,112,36,19,64,76,37,42,45,126,109,125,86" hai2="43,98,35,85,5,118,104,48,47,128,69,14,40" hai3="93,97,127,51,66,74,62,26,79,132,110,113,21"/><V8/><F118/><W84/><G74/><T57/><D122/><U72/><E112/><V135/><F69/><W17/><G113/><T29/><D29/><U4/><E109/><V89/><F35/><W80/><G132/><T0/><D133/><U117/><E117/><V49/><F128/><W61/><G127/><T92/><D6/><U31/><E37/><V24/><F24/><W39/><G39/><T68/><D65/><U100/><E31/><V27/><F27/><W131/><G110/><T34/><D34/><U60/><E100/><V30/><F30/><W108/><G131/><T83/><D83/><U81/><E86/><V38/><F135/><W88/><G108/><T87/><D87/><U23/><E23/><V129/><F129/><W94/><G66/><T134/><D134/><U90/><E90/><V67/><F67/><W77/><G77/><T130/><D130/><U9/><E19/><V124/><F124/><W75/><G51/><T53/><D92/><U41/><E11/><V16/><F5/><W10/><G10/><T91/><D91/><AGARI ba="0,0" hai="17,21,26,61,62,75,79,80,84,88,91,93,94,97" machi="91" ten="30,3900,0" yaku="7,1,52,1,54,1" doraHai="12" who="3" fromWho="0" sc="412,-39,92,0,304,0,192,39" /><INIT seed="3,0,0,1,2,25" ten="373,92,304,231" oya="3" hai0="78,130,7,96,112,19,98,22,18,11,49,33,69" hai1="52,15,67,65,58,122,128,6,95,56,30,66,72" hai2="89,105,124,24,39,64,101,5,116,97,120,29,126" hai3="14,60,45,40,50,71,102,32,91,132,75,28,121"/><W20/><G121/><T80/><D33/><U108/><E72/><V79/><F116/><W38/><G75/><T104/><D69/><U77/><E122/><V125/><F120/><W115/><G115/><T76/><D112/><U35/><E128/><V109/><F109/><W117/><G117/><T12/><D130/><U100/><E108/><V16/><F39/><W23/><G132/><T119/><D119/><U59/><E77/><N who="0" m="29801" /><D104/><U37/><E37/><V36/><F36/><W81/><G102/><T21/><D80/><U43/><E43/><V111/><F111/><W53/><G14/><N who="0" m="5503" /><D49/><U8/><E35/><V129/><F129/><W127/><G127/><T92/><D92/><U106/><E106/><V17/><F79/><W62/><G91/><T118/><D118/><U57/><E30/><V135/><F135/><W134/><G81/><T70/><D70/><U4/><E4/><V48/><F89/><W31/><G134/><T41/><D41/><U27/><E27/><AGARI ba="0,0" hai="12,18,19,21,22,27,96,98" m="5503,29801" machi="27" ten="30,1000,0" yaku="8,1" doraHai="25" who="0" fromWho="1" sc="373,10,92,-10,304,0,231,0" owari="383,48.3,82,-41.8,304,10.4,231,-16.9" /></mjloggm>