<mjloggm ver="2.3"><GO type="225" lobby="0"/><UN n0="%E3%81%BF%E3%81%BF%E3%81%9A" n1="%E3%83%B4%E3%82%A3%E3%83%AF%E3%82%B3%E3%82%B0%E3%83%8B" n2="%33%74%72%65%65" n3="%E3%81%A9%E3%82%8F%E3%82%93%E3%81%94" dan="17,16,16,16" rate="2279.66,2169.33,2063.41,2093.13" sx="M,M,F,M"/><TAIKYOKU oya="0"/><INIT seed="0,0,0,1,5,15" ten="250,250,250,250" oya="0" hai0="82,29,2,11,102,54,128,35,43,69,107,127,47" hai1="124,71,19,70,5,92,88,81,134,73,40,53,9" hai2="39,131,100,55,31,52,45,126,79,75,135,49,0" hai3="119,132,85,65,114,66,120,115,50,34,32,122,74"/><T91/><D54/><U58/><E134/><V95/><F135/><W25/><G132/><T4/><D91/><U98/><E124/><V44/><F126/><W118/><G85/><T104/><D127/><U110/><E110/><V129/><F0/><W26/><REACH who="3" step="1"/><G50/><REACH who="3" ten="250,250,250,240" step="2"/><T3/><D128/><U62/><E73/><AGARI ba="0,1" hai="25,26,32,34,65,66,73,74,114,115,118,119,120,122" machi="73" ten="25,6400,0" yaku="1,1,2,1,22,2,53,0" doraHai="15" doraHaiUra="14" who="3" fromWho="1" sc="250,0,250,-64,250,0,240,74" /><INIT seed="1,0,0,3,2,4" ten="250,186,250,314" oya="1" hai0="46,89,128,53,104,3,14,135,62,83,56,65,107" hai1="11,5,91,51,113,28,2,71,97,109,44,133,64" hai2="86,33,7,120,123,110,101,93,108,84,15,73,112" hai3="25,63,30,92,69,58,48,17,43,88,9,38,127"/><U29/><E133/><V50/><F33/><W19/><G127/><T122/><D3/><U49/><E113/><V74/><F50/><W121/><G69/><T105/><D135/><U132/><E132/><V26/><F26/><W20/><G38/><T111/><D111/><N who="2" m="42538" /><F15/><N who="3" m="7407" /><G121/><N who="2" m="46665" /><F7/><W100/><G100/><T90/><D122/><U13/><E109/><V129/><F112/><W77/><G77/><T79/><D128/><U125/><E125/><V126/><F126/><W31/><G48/><T41/><D53/><U70/><E2/><V67/><F67/><N who="3" m="39415" /><G43/><T6/><D6/><U76/><E76/><V81/><F129/><W22/><G20/><T42/><D14/><U61/><E70/><V134/><F134/><W72/><G72/><T66/><D41/><U80/><E49/><V34/><F34/><W18/><G31/><T40/><D42/><U59/><E71/><V115/><F115/><W36/><G36/><T57/><D66/><U54/><REACH who="1" step="1"/><E97/><AGARI ba="0,0" hai="18,19,22,25,30,88,92,97" m="39415,7407" machi="97" ten="30,3900,0" yaku="8,1,52,1,54,1" doraHai="4" who="3" fromWho="1" sc="250,0,186,-39,250,0,314,39" /><INIT seed="2,0,0,2,5,121" ten="250,147,250,353" oya="2" hai0="102,83,78,27,119,63,103,25,11,55,101,67,106" hai1="74,134,114,0,5,116,89,45,54,84,8,125,96" hai2="57,81,26,29,130,15,100,69,66,17,107,92,3" hai3="86,88,36,39,4,122,115,6,127,14,117,2,50"/><V22/><F130/><W111/><G122/><T38/><D106/><U133/><E114/><V77/><F3/><W42/><G117/><T46/><D119/><U70/><E116/><V23/><F107/><W93/><G2/><T53/><D11/><U110/><E74/><V75/><F69/><W85/><G115/><T59/><D38/><U99/><E70/><V87/><F75/><W94/><G127/><T120/><D120/><U35/><E35/><V124/><F124/><W76/><G39/><T105/><D105/><U108/><E125/><V104/><F104/><W18/><G36/><T123/><D123/><U79/><E79/><V9/><F66/><W48/><G42/><T19/><D19/><U33/><E33/><V1/><F57/><W21/><G111/><N who="1" m="42538" /><E54/><N who="0" m="20489" /><D46/><U60/><E60/><V12/><F1/><W16/><G76/><T113/><D113/><U52/><E52/><V41/><F41/><W30/><G18/><T61/><D63/><U58/><E58/><V65/><F65/><W98/><G30/><T135/><D135/><N who="1" m="51723" /><E45/><V56/><F56/><W31/><G31/><T109/><D109/><U131/><E131/><V128/><F128/><W49/><G98/><T80/><D78/><U129/><E129/><V132/><F132/><W44/><G44/><T82/><AGARI ba="0,0" hai="25,27,59,61,67,80,82,83,101,102,103" m="20489" machi="82" ten="40,1500,0" yaku="8,1" doraHai="121" who="0" fromWho="0" sc="250,15,147,-4,250,-7,353,-4" /><INIT seed="3,0,0,0,1,126" ten="265,143,243,349" oya="3" hai0="49,79,48,85,107,45,67,113,27,94,87,127,106" hai1="86,28,35,29,132,108,52,69,66,104,98,16,24" hai2="95,71,72,134,102,43,17,81,76,74,109,59,64" hai3="25,0,6,58,73,55,60,75,26,15,77,11,110"/><W50/><G110/><T21/><D67/><U9/><E132/><V82/><F109/><W70/><G0/><T105/><D127/><U65/><E108/><V8/><F134/><W36/><G36/><T56/><D113/><U90/><E28/><V38/><F71/><W130/><G73/><T123/><D123/><U33/><E33/><V84/><F38/><W78/><G75/><T80/><D56/><U119/><E119/><V19/><F43/><W128/><G60/><T23/><D27/><N who="3" m="10249" /><G70/><T93/><D45/><U53/><E9/><V118/><F8/><W47/><G47/><T34/><D34/><U100/><E16/><V39/><F19/><W13/><G13/><T22/><D80/><U111/><E66/><V116/><F81/><W31/><G31/><T63/><D63/><U114/><E114/><V51/><F64/><W125/><G125/><T101/><D101/><U61/><REACH who="1" step="1"/><E111/><REACH who="1" ten="265,133,243,349" step="2"/><V62/><F17/><W54/><G11/><T83/><D22/><U115/><E115/><V129/><F118/><W20/><G20/><T68/><D21/><U133/><E133/><V135/><F135/><W10/><G10/><T96/><D23/><U122/><E122/><V121/><F121/><W2/><G2/><T37/><D68/><U57/><E57/><V7/><F59/><W12/><G58/><T5/><D5/><U42/><E42/><V99/><F7/><W97/><G6/><T112/><D112/><U92/><AGARI ba="0,1" hai="24,29,35,52,53,61,65,69,86,90,92,98,100,104" machi="92" ten="20,12000,2" yaku="1,1,0,1,7,1,25,2,54,1,53,0" doraHai="126" doraHaiUra="46" who="1" fromWho="1" sc="265,-30,133,130,243,-30,349,-60" /><INIT seed="4,0,0,1,0,76" ten="235,263,213,289" oya="0" hai0="100,37,40,32,97,57,118,119,91,93,122,19,78" hai1="20,2,72,9,51,87,54,74,89,58,0,99,130" hai2="50,102,70,75,113,13,33,4,8,36,26,28,63" hai3="109,77,59,79,29,41,31,83,15,64,82,39,101"/><T65/><D122/><U123/><E123/><V38/><F113/><W127/><G109/><T55/><D32/><U81/><E130/><V23/><F75/><W84/><G101/><T12/><D65/><U5/><E0/><V21/><F21/><W103/><G103/><T92/><D78/><U124/><E124/><V43/><F102/><W11/><G127/><T128/><D128/><U134/><E134/><V135/><F135/><W98/><G98/><T48/><D37/><U62/><E99/><V105/><F105/><W30/><G41/><T73/><D73/><U110/><E110/><V52/><F43/><W80/><G77/><T27/><D27/><U68/><E20/><V125/><F125/><W60/><G39/><T106/><D40/><U16/><E16/><AGARI ba="0,0" hai="11,15,16,29,30,31,59,60,64,79,80,82,83,84" machi="16" ten="40,8000,1" yaku="8,1,52,3,54,1" doraHai="76" who="3" fromWho="1" sc="235,0,263,-80,213,0,289,80" owari="235,3.5,183,-31.7,213,-18.7,369,46.9" /></mjloggm>