<mjloggm ver="2.3"><GO type="225" lobby="0"/><UN n0="%E6%80%AA%E3%81%97%E3%81%99%E3%81%8E%E3%82%8B%E3%83%81%E3%83%BC" n1="%E9%BB%92%E9%89%84%E7%8F%A0%E9%9B%AB" n2="%73%61%6E%64%69%72%69%73" n3="%E8%A8%88%E7%AE%97%E6%A9%9F%E8%87%AA%E7%84%B6" dan="17,16,16,17" rate="2154.23,2182.42,2126.60,2235.43" sx="M,F,M,M"/><TAIKYOKU oya="0"/><INIT seed="0,0,0,0,0,39" ten="250,250,250,250" oya="0" hai0="46,93,85,13,59,72,78,11,97,50,84,129,121" hai1="9,126,24,118,29,27,10,100,45,96,77,61,87" hai2="109,130,71,113,20,49,37,60,123,19,127,51,101" hai3="91,110,0,18,26,79,36,102,33,111,66,128,106"/><T2/><D121/><U22/><E118/><V40/><F123/><W15/><G0/><T88/><D2/><U124/><E61/><V74/><F113/><W44/><G128/><T120/><D120/><U115/><E115/><V95/><F74/><W8/><G79/><T133/><D129/><U30/><E45/><V52/><F130/><W63/><G91/><T114/><D133/><U116/><E87/><V125/><F109/><N who="3" m="41483" /><G102/><T21/><D21/><N who="1" m="15503" /><E77/><V34/><F34/><W28/><G106/><T17/><D59/><U25/><E96/><V64/><F95/><W82/><G82/><T67/><D67/><U108/><E100/><V134/><F101/><W76/><G76/><T132/><D114/><U31/><E116/><V41/><F37/><W92/><G92/><T3/><D3/><U69/><E69/><V117/><F51/><W38/><G44/><T43/><REACH who="0" step="1"/><D132/><REACH who="0" ten="240,250,250,250" step="2"/><U56/><E108/><V12/><F134/><W57/><AGARI ba="0,1" hai="8,15,18,26,28,33,36,38,57,63,66" m="41483" machi="57" ten="30,1100,0" yaku="14,1" doraHai="39" who="3" fromWho="3" sc="240,-5,250,-3,250,-3,250,21" /><INIT seed="1,0,0,0,2,74" ten="235,247,247,271" oya="1" hai0="93,135,36,31,87,59,22,52,72,32,122,25,3" hai1="66,38,67,90,96,15,49,9,103,89,20,128,131" hai2="85,107,48,101,132,116,34,14,113,7,129,94,127" hai3="79,82,26,121,126,5,130,92,35,46,69,65,28"/><U99/><E38/><V110/><F34/><W60/><G121/><T53/><D122/><U18/><E49/><V100/><F116/><W57/><G130/><N who="1" m="49706" /><E9/><N who="2" m="4415" /><F107/><W21/><G126/><T43/><D135/><U37/><E37/><V29/><F129/><W61/><G5/><T40/><D72/><U76/><E76/><V64/><F110/><W77/><G46/><T50/><D3/><U19/><E19/><V118/><F118/><W81/><G35/><T63/><D32/><U75/><E75/><V44/><F29/><W71/><G92/><T70/><D36/><U45/><E45/><V114/><F64/><N who="1" m="24617" /><E99/><V112/><F132/><W27/><G27/><T115/><D70/><U0/><E0/><V91/><F127/><W78/><REACH who="3" step="1"/><G60/><REACH who="3" ten="235,247,247,261" step="2"/><T17/><D115/><U54/><E54/><AGARI ba="0,1" hai="44,48,54,85,91,94,100,101,112,113,114" m="4415" machi="54" ten="30,1000,0" yaku="11,1" doraHai="74" who="2" fromWho="1" sc="235,0,247,-10,247,20,261,0" /><INIT seed="2,0,0,1,5,43" ten="235,237,267,261" oya="2" hai0="131,17,62,65,86,122,23,31,49,132,100,15,33" hai1="99,98,114,32,25,73,96,1,110,61,3,50,119" hai2="45,12,51,46,41,133,128,87,75,126,47,78,101" hai3="85,90,117,124,2,34,30,44,134,118,18,66,91"/><V36/><F75/><W35/><G2/><T55/><D122/><U130/><E114/><V120/><F120/><W21/><G124/><T13/><D132/><U68/><E73/><V70/><F70/><W76/><G134/><T48/><D131/><U24/><E119/><V9/><F133/><W10/><G66/><T104/><D55/><U6/><E110/><V63/><F126/><W79/><G10/><T71/><D15/><U40/><E32/><V106/><F36/><W54/><G30/><T69/><D86/><U19/><E6/><N who="2" m="3127" /><F128/><W121/><G121/><T112/><D69/><U56/><E68/><V89/><F89/><W81/><G34/><T16/><D17/><U72/><E72/><V94/><F63/><W7/><G35/><T113/><D112/><U102/><E102/><V83/><F106/><W92/><G7/><T28/><D113/><U125/><E130/><V57/><F57/><W0/><G0/><T14/><D14/><U123/><E123/><V111/><F111/><W53/><G117/><T135/><D135/><U82/><E125/><V59/><F59/><W67/><G118/><T109/><D109/><U38/><E38/><V105/><F105/><W80/><G90/><T37/><D37/><U97/><N who="1" m="24576" /><DORA hai="11" /><U58/><E3/><V127/><F127/><W42/><G91/><T93/><D104/><U60/><E1/><V129/><F129/><W64/><G76/><T108/><D108/><U103/><E103/><V39/><F39/><W52/><G79/><T26/><D31/><U22/><E60/><V84/><F101/><W107/><G107/><RYUUKYOKU ba="0,0" sc="235,15,237,-15,267,15,261,-15" hai0="13,16,23,26,28,33,48,49,62,65,71,93,100" hai2="41,45,46,47,51,78,83,84,87,94" /><INIT seed="2,1,0,2,5,75" ten="250,222,282,246" oya="2" hai0="106,7,135,25,59,118,130,127,15,47,132,55,122" hai1="42,124,66,60,91,70,104,1,71,128,34,27,82" hai2="116,77,89,8,109,87,78,58,76,12,41,20,80" hai3="53,95,86,0,3,90,40,126,51,64,72,62,10"/><V131/><F116/><W32/><G32/><T6/><D118/><U73/><E91/><V97/><F131/><W94/><G126/><T105/><D122/><U96/><E124/><V107/><F109/><W117/><G72/><T50/><D127/><U57/><E42/><V22/><F107/><N who="0" m="40970" /><D130/><U114/><E114/><V39/><F39/><W113/><G40/><N who="0" m="24935" /><D15/><U88/><E1/><V2/><F2/><W46/><G117/><T98/><D98/><U119/><E128/><V68/><F68/><W85/><G113/><T33/><D25/><U101/><E119/><V100/><F41/><W115/><G115/><T28/><D28/><U112/><E112/><V29/><F29/><W49/><G49/><N who="0" m="31215" /><D33/><U103/><E103/><V108/><F108/><W129/><G10/><T69/><D69/><U21/><E34/><V26/><F26/><W102/><G129/><T61/><D61/><U67/><E67/><V99/><F58/><W133/><G0/><T11/><D11/><U123/><E123/><V83/><F83/><W36/><G36/><T24/><D24/><U9/><E9/><V92/><F99/><N who="3" m="59767" /><G3/><T79/><D79/><N who="1" m="44399" /><E88/><N who="2" m="51303" /><F100/><W17/><G85/><T84/><D84/><U81/><E81/><V14/><F14/><W63/><G64/><T120/><D120/><U38/><E38/><V65/><F65/><W56/><G56/><T111/><D111/><U44/><E44/><V35/><F35/><W110/><G110/><T48/><D48/><U16/><E71/><V52/><F52/><W30/><G30/><T74/><D74/><U45/><E70/><V13/><F13/><RYUUKYOKU ba="1,0" sc="250,10,222,10,282,10,246,-30" hai0="6,7,132,135" hai1="16,21,27,45,57,60,66,96,101,104" hai2="8,12,20,22,76,77,78,89,92,97" /><INIT seed="2,2,0,3,2,118" ten="260,232,292,216" oya="2" hai0="106,64,86,117,2,27,26,56,17,33,83,40,104" hai1="31,72,113,12,78,101,80,130,50,128,35,30,131" hai2="98,9,70,63,100,69,19,79,65,61,114,52,67" hai3="81,22,105,125,88,135,47,127,44,116,74,87,111"/><V57/><F114/><W119/><G22/><T121/><D121/><U54/><E113/><V77/><F9/><W5/><G5/><T84/><D2/><U21/><E101/><V13/><F13/><W109/><G135/><T24/><D33/><U10/><E35/><V51/><REACH who="2" step="1"/><F19/><REACH who="2" ten="260,232,282,216" step="2"/><W66/><G116/><T15/><D117/><U23/><E31/><V7/><F7/><W92/><G119/><T115/><D15/><U53/><E30/><V60/><F60/><W4/><G4/><T36/><D17/><U90/><E10/><V97/><F97/><W110/><G105/><AGARI ba="2,1" hai="51,52,57,61,63,65,67,69,70,77,79,98,100,105" machi="105" ten="30,11600,0" yaku="1,1,7,1,9,1,54,1,53,0" doraHai="118" doraHaiUra="16" who="2" fromWho="3" sc="260,0,232,0,282,132,216,-122" /><INIT seed="2,3,0,2,4,72" ten="260,232,414,94" oya="2" hai0="46,92,90,24,17,56,57,44,6,34,101,103,11" hai1="110,86,97,109,39,81,95,129,22,50,60,120,63" hai2="30,124,113,123,43,87,122,59,83,114,55,35,119" hai3="73,25,108,15,74,106,42,9,3,70,115,45,28"/><V117/><F30/><W21/><G108/><N who="1" m="41578" /><E39/><V130/><F35/><W131/><G131/><T69/><D69/><U66/><E129/><V4/><F4/><W1/><G106/><T26/><D34/><U47/><E22/><V10/><F10/><W13/><G70/><T49/><D6/><U77/><E66/><V100/><F43/><W58/><G115/><N who="2" m="44041" /><F55/><W27/><G58/><N who="0" m="22635" /><D11/><U102/><E120/><N who="2" m="46123" /><F59/><W127/><G127/><T23/><D26/><U96/><E96/><V99/><F124/><W112/><G112/><T67/><D67/><U54/><AGARI ba="3,0" hai="47,50,54,60,63,77,81,86,95,97,102" m="41578" machi="54" ten="30,2000,0" yaku="14,1,52,1" doraHai="72" who="1" fromWho="1" sc="260,-8,232,29,414,-13,94,-8" /><INIT seed="3,0,0,3,1,100" ten="252,261,401,86" oya="3" hai0="17,61,103,105,94,46,8,7,57,69,19,62,54" hai1="120,127,128,27,95,49,78,114,133,90,67,37,26" hai2="109,10,47,99,72,59,93,92,36,84,75,9,121" hai3="86,33,125,106,40,112,89,11,60,21,132,107,134"/><W42/><G112/><T24/><D105/><N who="3" m="39945" /><G33/><T123/><D123/><U53/><E37/><V117/><F121/><W18/><G11/><T87/><D69/><U68/><E78/><V122/><F9/><W97/><G60/><N who="0" m="35895" /><D7/><U126/><E114/><V102/><F10/><W4/><G4/><T80/><D46/><N who="1" m="27831" /><E120/><V39/><F122/><W58/><G58/><T64/><D64/><U131/><E67/><V101/><F59/><W28/><G28/><T41/><D41/><U110/><E68/><V1/><F36/><W74/><G74/><T0/><D0/><U12/><E12/><V20/><F1/><W88/><G97/><N who="0" m="59831" /><D24/><U111/><E27/><V79/><F99/><W51/><G125/><N who="1" m="47626" /><E26/><V76/><F39/><W98/><G98/><T16/><D8/><U135/><E135/><N who="3" m="51754" /><G51/><T82/><D82/><U56/><E133/><V23/><F75/><W3/><G3/><T31/><D31/><U81/><E56/><V48/><F72/><W115/><G115/><T116/><D116/><U5/><E5/><V77/><F48/><W45/><G45/><T38/><D38/><U73/><E73/><V55/><F117/><W35/><G35/><T44/><D44/><U96/><E81/><V129/><F47/><W22/><G22/><T124/><D124/><U14/><E14/><V119/><F23/><W43/><G86/><T65/><D65/><U104/><E104/><V13/><F20/><W30/><G30/><T83/><D87/><U113/><E113/><V71/><F84/><W63/><G63/><T6/><D6/><U25/><E25/><AGARI ba="0,0" hai="18,21,25,40,42,43,88,89" m="51754,39945" machi="25" ten="40,12000,1" yaku="20,1,52,3,54,1" doraHai="100" who="3" fromWho="1" sc="252,0,261,-120,401,0,86,120" /><INIT seed="3,1,0,0,2,74" ten="252,141,401,206" oya="3" hai0="75,38,121,16,76,64,27,86,77,70,123,85,56" hai1="88,61,45,110,90,3,9,67,89,82,43,34,132" hai2="83,26,57,2,115,79,84,101,29,47,14,8,114" hai3="53,35,19,98,15,102,129,48,60,10,125,118,116"/><W44/><G35/><T1/><D1/><U36/><E34/><V42/><F2/><W103/><G129/><T71/><D38/><U134/><E110/><V94/><F57/><W18/><G125/><T46/><D75/><U24/><E24/><V31/><F114/><W106/><G102/><T17/><D56/><U7/><REACH who="1" step="1"/><E82/><REACH who="1" ten="252,131,401,206" step="2"/><V126/><F126/><W97/><G97/><T107/><D27/><U112/><E112/><V40/><F115/><W37/><G37/><T25/><D25/><U21/><E21/><N who="2" m="15567" /><F47/><W92/><G116/><T66/><D46/><U100/><E100/><V0/><F0/><W119/><G118/><T62/><D107/><U95/><E95/><V59/><F59/><N who="3" m="34927" /><G106/><T73/><D73/><U65/><E65/><V99/><F31/><W28/><G119/><T133/><D62/><U22/><E22/><V131/><F131/><W12/><G28/><T120/><D121/><U33/><E33/><V130/><F130/><W49/><G44/><T32/><D32/><U30/><E30/><V117/><F117/><W96/><G96/><T5/><D5/><AGARI ba="1,1" hai="5,8,14,40,42,79,83,84,94,99,101" m="15567" machi="5" ten="30,2000,0" yaku="8,1,52,1" doraHai="74" who="2" fromWho="0" sc="252,-23,131,0,401,33,206,0" owari="229,2.9,131,-36.9,434,53.4,206,-19.4" /></mjloggm>