<mjloggm ver="2.3"><GO type="225" lobby="0"/><UN n0="%E5%91%89%E5%AF%8C%E6%98%A5" n1="%72%69%6F%75%63%68%61%6E" n2="%E4%BA%BA%E9%96%93%E3%83%81%E3%83%A3%E3%83%BC%E3%83%8F%E3%83%B3" n3="%74%75%72%74%6C%65%2E" dan="16,17,16,16" rate="2125.44,2241.46,2049.05,2045.74" sx="M,M,M,M"/><TAIKYOKU oya="0"/><INIT seed="0,0,0,3,1,4" ten="250,250,250,250" oya="0" hai0="10,107,0,134,9,3,108,38,101,25,88,133,104" hai1="40,1,44,2,86,52,81,85,34,132,14,61,113" hai2="121,37,94,90,128,23,98,117,30,45,131,111,80" hai3="84,53,67,47,29,56,119,7,87,126,31,63,77"/><T76/><D38/><U93/><E34/><V15/><F121/><W62/><G119/><T123/><D123/><U59/><E132/><N who="0" m="50793" /><D108/><U120/><E120/><V122/><F122/><W36/><G126/><T20/><D76/><U125/><E125/><V92/><F111/><W118/><G118/><T58/><D58/><U75/><E75/><V51/><F37/><W83/><G7/><T28/><D88/><N who="1" m="53391" /><E1/><N who="0" m="585" /><D101/><U60/><E2/><V91/><F117/><W74/><G74/><T42/><D42/><U33/><E33/><V50/><F80/><W13/><G84/><T19/><D28/><U5/><E113/><V110/><F110/><W6/><G36/><T64/><D64/><U82/><E61/><V46/><F30/><W21/><G47/><T70/><D70/><U12/><E81/><V99/><F15/><W24/><G29/><T105/><AGARI ba="0,0" hai="9,10,19,20,25,104,105,107" m="585,50793" machi="105" ten="40,7800,0" yaku="20,1,52,2" doraHai="4" who="0" fromWho="0" sc="250,78,250,-26,250,-26,250,-26" /><INIT seed="0,1,0,5,0,76" ten="328,224,224,224" oya="0" hai0="79,2,109,27,84,110,85,82,75,123,129,99,120" hai1="56,111,59,60,64,115,20,31,61,128,48,134,67" hai2="98,45,65,41,46,3,93,12,26,135,119,10,50" hai3="130,57,125,8,101,49,9,17,54,24,68,95,63"/><T21/><D2/><U72/><E72/><V55/><F135/><W92/><G130/><T126/><D129/><U97/><E128/><V51/><F119/><W14/><G125/><T124/><D21/><U15/><E134/><V16/><F65/><W118/><G118/><T47/><D27/><U4/><E111/><N who="0" m="42505" /><D99/><U78/><E115/><V94/><F98/><W36/><G36/><T19/><D19/><U83/><E97/><V103/><F103/><W108/><G108/><T70/><D47/><U107/><E107/><V25/><REACH who="2" step="1"/><F3/><REACH who="2" ten="328,224,214,224" step="2"/><W80/><G101/><T112/><D112/><U29/><E67/><V71/><F71/><W11/><G68/><T132/><D70/><U34/><E64/><V69/><F69/><W113/><G113/><T18/><D132/><U44/><E34/><V77/><F77/><W86/><G24/><AGARI ba="1,1" hai="10,12,16,24,25,26,41,45,46,50,51,55,93,94" machi="24" ten="40,5200,0" yaku="1,1,8,1,54,1,53,0" doraHai="76" doraHaiUra="53" who="2" fromWho="3" sc="328,0,224,0,214,65,224,-55" /><INIT seed="1,0,0,5,4,63" ten="328,224,279,169" oya="1" hai0="67,89,16,83,11,88,77,79,97,126,6,1,70" hai1="129,32,87,13,110,45,0,24,54,33,25,108,36" hai2="72,85,105,113,98,28,84,5,95,114,61,130,93" hai3="132,19,124,106,51,39,37,15,3,120,116,38,100"/><U46/><E0/><V55/><F130/><W42/><G120/><T96/><D126/><U49/><E129/><V17/><F5/><W119/><G3/><T34/><D34/><N who="1" m="13419" /><E13/><V107/><F28/><W21/><G124/><T117/><D117/><U57/><E87/><N who="2" m="33355" /><F72/><W90/><G90/><T134/><D134/><U4/><E4/><V31/><F31/><W7/><G7/><T48/><D48/><N who="1" m="30919" /><E36/><V27/><F27/><N who="1" m="10313" /><E49/><V50/><F50/><W82/><G132/><T80/><D6/><U91/><E91/><V86/><F86/><W60/><G82/><T2/><D70/><U9/><E9/><V30/><F30/><W20/><G20/><T58/><D11/><U62/><E62/><V81/><F61/><W22/><G22/><T133/><D133/><U118/><E118/><V73/><F17/><W52/><G119/><T75/><D16/><U78/><E78/><N who="2" m="44239" /><F55/><W26/><G116/><T92/><D75/><U99/><E99/><V76/><F76/><W74/><G74/><T29/><D29/><U41/><E41/><V18/><F18/><W122/><G26/><T35/><D35/><U69/><E69/><V109/><F98/><N who="3" m="61719" /><G122/><T101/><D96/><U71/><E71/><V64/><F113/><W112/><G112/><T111/><D1/><U8/><E8/><V53/><F114/><W94/><G94/><T47/><D92/><U103/><E103/><V104/><F95/><W115/><G115/><T56/><D101/><U40/><E40/><V66/><F93/><W128/><G128/><T44/><D2/><U43/><E43/><V68/><F68/><RYUUKYOKU ba="0,0" sc="328,-10,224,30,279,-10,169,-10" hai1="45,46,108,110" /><INIT seed="1,1,0,1,1,57" ten="318,254,269,159" oya="1" hai0="97,34,62,104,68,116,43,55,121,120,92,100,19" hai1="4,6,122,119,90,63,61,98,41,33,64,77,54" hai2="39,128,66,60,37,87,44,86,12,131,32,7,65" hai3="99,26,110,20,93,111,31,36,17,30,52,8,112"/><U107/><E119/><V78/><F32/><W27/><G36/><N who="2" m="13897" /><F44/><W106/><G106/><T79/><D116/><U13/><E122/><V126/><F78/><W101/><G112/><T21/><D34/><U70/><E33/><V125/><F7/><W67/><G67/><N who="2" m="25609" /><F60/><N who="1" m="23113" /><E70/><V127/><F12/><W18/><G8/><T134/><D104/><U83/><E107/><V9/><F9/><W22/><REACH who="3" step="1"/><G52/><REACH who="3" ten="318,254,269,149" step="2"/><T89/><D120/><U95/><E64/><V73/><F73/><W10/><G10/><T59/><D55/><U45/><E54/><V0/><F0/><W11/><G11/><T42/><D121/><U28/><E4/><V109/><F109/><AGARI ba="1,1" hai="17,18,20,22,26,27,30,31,93,99,101,109,110,111" machi="109" ten="40,5200,0" yaku="1,1,9,1,14,1,53,0" doraHai="57" doraHaiUra="72" who="3" fromWho="2" sc="318,0,254,0,269,-55,149,65" /><INIT seed="2,0,0,3,0,55" ten="318,254,214,214" oya="2" hai0="114,2,101,21,66,3,94,110,134,14,99,95,106" hai1="51,70,49,105,6,113,64,81,62,117,25,122,123" hai2="78,80,17,97,82,35,115,8,60,73,112,24,93" hai3="38,19,16,98,65,13,121,129,53,4,100,71,91"/><V26/><F80/><W44/><G121/><N who="1" m="46090" /><E105/><V27/><F35/><W104/><G129/><T11/><D114/><U75/><E113/><V12/><REACH who="2" step="1"/><F60/><REACH who="2" ten="318,254,204,214" step="2"/><W29/><G29/><T23/><D3/><U90/><E81/><V120/><F120/><W124/><G124/><T22/><D2/><U59/><E75/><V15/><F15/><W87/><G4/><T1/><D14/><U118/><E6/><V83/><F83/><W52/><G19/><T103/><D1/><U43/><E25/><V47/><F47/><W88/><G44/><T86/><D134/><U7/><E7/><V20/><F20/><W50/><G13/><T9/><D22/><U68/><E118/><V0/><F0/><W127/><G127/><T92/><D21/><U18/><E18/><V111/><F111/><W109/><G109/><T33/><D23/><U128/><E117/><V108/><F108/><W5/><G5/><T135/><D33/><U79/><E79/><V30/><F30/><W72/><G16/><T107/><D110/><U74/><E74/><V130/><F130/><W36/><G72/><T58/><D135/><U67/><E128/><V84/><F84/><W28/><G28/><T119/><D86/><U48/><E62/><V34/><F34/><W77/><G77/><T132/><D119/><U39/><E43/><V56/><F56/><W31/><G31/><T54/><D132/><U96/><E59/><V46/><F46/><W85/><G85/><T45/><D45/><U37/><E37/><V133/><F133/><W69/><G36/><T126/><D126/><U10/><E39/><RYUUKYOKU ba="0,1" sc="318,-10,254,-10,204,30,214,-10" hai2="8,12,17,24,26,27,73,78,82,93,97,112,115" /><INIT seed="2,1,1,0,2,86" ten="308,244,234,204" oya="2" hai0="9,111,106,10,83,88,12,123,68,73,64,78,117" hai1="133,62,100,129,108,91,102,18,19,81,75,57,56" hai2="96,76,67,105,51,72,132,52,134,47,63,80,55" hai3="94,15,59,26,74,90,89,4,50,118,66,21,13"/><V98/><F55/><W135/><G74/><T42/><D123/><U16/><E108/><V125/><F125/><W24/><G118/><T107/><D111/><U82/><E129/><V77/><F77/><W128/><G128/><T14/><D117/><U114/><E133/><N who="2" m="51307" /><F105/><W49/><G135/><T33/><D33/><U119/><E119/><V0/><F0/><W29/><G24/><T17/><D42/><U116/><E114/><V5/><F5/><W41/><G94/><T99/><D68/><AGARI ba="1,1" hai="47,51,52,63,67,68,72,76,80,96,98" m="51307" machi="68" ten="30,2900,0" yaku="20,1,54,1" doraHai="86" who="2" fromWho="0" sc="308,-32,244,0,234,42,204,0" /><INIT seed="2,2,0,0,5,126" ten="276,244,276,204" oya="2" hai0="35,90,22,10,63,101,64,135,61,15,116,98,120" hai1="1,76,21,94,67,39,75,133,92,129,132,100,23" hai2="46,79,95,85,96,38,134,99,14,71,51,110,127" hai3="123,65,81,115,111,44,103,2,20,56,6,55,28"/><V108/><F38/><W42/><G123/><T118/><D120/><U72/><E39/><V13/><F71/><W58/><G115/><T45/><D35/><U31/><E1/><V18/><F127/><W84/><G111/><N who="2" m="42537" /><F134/><N who="1" m="51817" /><E129/><V7/><F7/><W5/><G103/><T30/><D90/><U124/><E124/><V112/><F112/><W70/><G2/><T77/><D45/><U83/><E67/><V88/><F79/><W48/><G58/><N who="0" m="36919" /><D63/><U50/><E72/><V41/><F13/><W52/><G70/><T109/><D77/><U86/><E50/><V114/><F114/><W130/><G130/><T25/><D135/><U62/><E62/><V122/><F122/><W49/><G65/><T78/><D78/><U117/><E117/><V102/><F102/><W26/><REACH who="3" step="1"/><G55/><REACH who="3" ten="276,244,276,194" step="2"/><T89/><D109/><U32/><E100/><V37/><F37/><W24/><G24/><T91/><D116/><U121/><E121/><V19/><F19/><W3/><G3/><T57/><D118/><U53/><E53/><V125/><F125/><W104/><G104/><N who="0" m="63543" /><D57/><U131/><E131/><V43/><F43/><W119/><G119/><T69/><D69/><U36/><E36/><V59/><F59/><W60/><G60/><T66/><D66/><U11/><E75/><V97/><F18/><W54/><G54/><T40/><D40/><U33/><E31/><V80/><F14/><W128/><G128/><T17/><D30/><U4/><E4/><V0/><F0/><W29/><G29/><N who="0" m="17591" /><D15/><U74/><E74/><V106/><F106/><W82/><G82/><T107/><D107/><RYUUKYOKU ba="2,1" sc="276,10,244,-30,276,10,194,10" hai0="10,17,89,91" hai2="41,46,51,80,85,88,95,96,97,99" hai3="5,6,20,26,28,42,44,48,49,52,56,81,84" /><INIT seed="2,3,1,0,3,109" ten="286,214,286,204" oya="2" hai0="50,76,28,83,73,68,70,108,78,19,46,92,71" hai1="81,88,29,99,114,61,135,1,54,102,51,129,122" hai2="57,32,43,30,62,3,94,91,37,49,24,90,4" hai3="116,35,15,11,80,17,128,69,45,55,82,60,7"/><V85/><F37/><W120/><G116/><T59/><D108/><U89/><E114/><V115/><F115/><W112/><G120/><T21/><D28/><U13/><E1/><V127/><F127/><W67/><G35/><T113/><D113/><U133/><E122/><V34/><F34/><W79/><G112/><T63/><D92/><U66/><E129/><V31/><F31/><W38/><G128/><T18/><D78/><U126/><E126/><V25/><F25/><W111/><G111/><T77/><D77/><U97/><E29/><V93/><F3/><W23/><G79/><T96/><D96/><U22/><E22/><N who="2" m="15639" /><F4/><W98/><G98/><N who="1" m="37386" /><E13/><V16/><F32/><W84/><G84/><T53/><REACH who="0" step="1"/><D21/><REACH who="0" ten="276,214,286,204" step="2"/><U119/><E119/><V134/><F90/><W39/><G82/><T72/><D72/><U33/><E33/><V2/><F93/><W40/><G80/><T124/><D124/><U118/><E118/><V65/><F91/><W107/><G107/><T9/><D9/><U75/><E75/><V100/><F94/><W12/><G55/><AGARI ba="3,2" hai="18,19,46,50,53,55,59,63,68,70,71,73,76,83" machi="55" ten="40,1300,0" yaku="1,1,53,0" doraHai="109" doraHaiUra="132" who="0" fromWho="3" sc="276,42,214,0,286,0,204,-22" /><INIT seed="3,0,0,5,2,105" ten="318,214,286,182" oya="3" hai0="85,26,7,118,16,97,20,95,108,135,134,36,101" hai1="122,111,31,89,70,124,5,58,84,71,13,50,121" hai2="98,91,114,49,96,15,10,107,57,0,128,61,66" hai3="8,9,112,83,44,90,29,38,82,43,4,68,132"/><W42/><G112/><T28/><D108/><U69/><E111/><V51/><F114/><W80/><G68/><T63/><D118/><U88/><E124/><V87/><F0/><W94/><G132/><N who="0" m="50731" /><D36/><U37/><E37/><V74/><F74/><W99/><G42/><T116/><D116/><U19/><E31/><V77/><F77/><W133/><G133/><T106/><D7/><U78/><E78/><V34/><F34/><W117/><G117/><T73/><D73/><U100/><E100/><V64/><F64/><W45/><G45/><T27/><D63/><U102/><E102/><V22/><F22/><W1/><G9/><T52/><D52/><N who="1" m="32023" /><E89/><V18/><F128/><W17/><REACH who="3" step="1"/><G29/><REACH who="3" ten="318,214,286,172" step="2"/><T103/><D28/><U25/><E5/><V59/><F10/><W39/><G39/><T115/><D115/><U123/><E69/><V93/><F59/><W129/><G129/><T48/><D48/><U119/><E119/><V47/><F51/><W11/><G11/><T33/><D33/><U104/><E70/><V60/><F49/><W30/><G30/><T55/><D106/><U46/><E71/><V2/><F47/><W92/><G92/><T14/><D55/><U81/><E104/><V53/><F107/><W12/><G12/><T40/><D40/><U120/><E46/><V86/><F93/><W130/><G130/><T126/><D14/><U56/><E56/><V76/><F15/><W72/><G72/><T41/><D41/><U109/><E109/><V65/><F57/><W113/><G113/><T21/><D95/><U110/><N who="1" m="30720" /><DORA hai="131" /><U127/><E110/><RYUUKYOKU ba="0,1" sc="318,-10,214,-10,286,-10,172,30" hai3="1,4,8,17,38,43,44,80,82,83,90,94,99" /><INIT seed="3,1,1,1,3,76" ten="308,204,276,202" oya="3" hai0="74,34,92,21,100,130,45,116,51,101,79,3,55" hai1="119,32,39,57,44,31,103,117,93,105,17,69,70" hai2="97,81,83,38,108,19,48,9,82,52,7,104,126" hai3="8,88,118,134,56,94,96,11,47,54,99,10,67"/><W37/><G118/><N who="1" m="45066" /><E105/><V131/><F38/><W28/><G134/><T109/><D116/><U122/><E122/><V73/><F108/><W66/><G28/><T43/><D34/><U89/><E103/><N who="0" m="39497" /><D3/><U107/><E107/><V61/><F104/><W112/><G112/><T62/><D109/><U132/><E132/><V133/><F133/><W46/><G99/><T6/><D74/><U36/><E57/><N who="2" m="34983" /><F73/><W60/><REACH who="3" step="1"/><G37/><REACH who="3" ten="308,204,276,192" step="2"/><T75/><D130/><U111/><E111/><V113/><F113/><W135/><G135/><T102/><D102/><U15/><E31/><V50/><F97/><W85/><G85/><T78/><D75/><U123/><E123/><V90/><F126/><W87/><G87/><T98/><D98/><N who="1" m="57647" /><E32/><V14/><F131/><W40/><G40/><T24/><D43/><N who="1" m="22631" /><E39/><V91/><F19/><W26/><G26/><T41/><D41/><U128/><E128/><V80/><N who="2" m="20480" /><DORA hai="121" /><V35/><F35/><W23/><G23/><AGARI ba="1,2" hai="15,17,23,69,70" m="22631,57647,45066" machi="23" ten="30,1000,0" yaku="12,1" doraHai="76,121" who="1" fromWho="3" sc="308,0,204,33,276,0,192,-13" owari="308,40.8,237,-16.3,276,7.6,179,-32.1" /></mjloggm>