<mjloggm ver="2.3"><GO type="225" lobby="0"/><UN n0="%E6%A1%9C%E8%8A%B1%E9%96%83%E3%80%85" n1="%E9%87%8E%E3%80%85%E5%AE%AE%E8%97%8D" n2="%E3%83%A9%E3%83%BC%E3%83%A1%E3%83%B3%E4%BA%94%E9%83%8E" n3="%E3%82%82%E3%81%90%E3%82%89" dan="18,17,16,17" rate="2264.91,2147.00,2083.55,2163.64" sx="M,F,M,M"/><TAIKYOKU oya="0"/><INIT seed="0,0,0,3,0,125" ten="250,250,250,250" oya="0" hai0="89,60,24,117,81,0,35,75,94,92,25,22,52" hai1="56,129,74,20,118,114,3,121,73,77,76,26,46" hai2="45,102,28,109,50,31,71,66,133,58,67,41,54" hai3="13,132,123,95,84,93,82,15,38,91,135,53,59"/><T70/><D117/><U124/><E121/><V32/><F109/><W85/><G38/><T128/><D0/><U47/><E118/><V108/><F108/><W43/><G43/><T21/><D35/><U12/><E3/><V134/><F102/><W69/><G69/><T96/><D70/><U23/><E124/><V6/><F6/><W111/><G123/><T106/><D106/><U30/><E114/><V86/><F86/><W131/><G111/><T101/><D75/><U113/><E73/><V119/><F119/><W37/><G37/><T14/><D81/><U107/><E107/><V19/><F19/><W100/><G100/><T51/><D60/><U68/><E68/><V104/><F104/><W110/><G110/><T83/><D83/><U36/><E74/><V79/><F79/><W7/><G95/><T122/><D128/><U16/><E129/><V88/><F88/><N who="3" m="51223" /><G7/><T97/><D122/><U27/><E113/><V63/><F66/><W2/><G2/><T29/><D14/><U4/><E56/><V39/><REACH who="2" step="1"/><F32/><REACH who="2" ten="250,250,240,250" step="2"/><W98/><G85/><T120/><D120/><U127/><E127/><V49/><F49/><N who="3" m="31151" /><G131/><T34/><REACH who="0" step="1"/><D25/><REACH who="0" ten="240,250,240,250" step="2"/><U17/><E77/><V116/><F116/><W130/><G130/><T8/><D8/><U5/><E76/><V103/><F103/><W1/><G1/><T78/><D78/><U11/><E36/><V112/><F112/><W57/><G13/><T10/><D10/><U44/><AGARI ba="0,2" hai="4,5,11,12,16,17,20,23,26,27,30,44,46,47" machi="44" ten="30,4000,0" yaku="0,1,8,1,54,1" doraHai="125" who="1" fromWho="1" sc="240,-20,250,60,240,-10,250,-10" /><INIT seed="1,0,0,5,4,83" ten="220,310,230,240" oya="1" hai0="69,90,25,19,85,114,59,17,20,13,36,42,104" hai1="107,134,7,4,33,130,18,78,99,105,94,68,71" hai2="39,116,135,44,86,84,9,132,48,75,8,15,95" hai3="58,103,91,46,56,2,21,119,73,6,53,115,102"/><U106/><E33/><V10/><F116/><W123/><G115/><T11/><D114/><U54/><E130/><V113/><F113/><W88/><G73/><T57/><D69/><U77/><E134/><N who="2" m="51243" /><F39/><W93/><G123/><T121/><D104/><U27/><E54/><N who="2" m="29959" /><F75/><W34/><G34/><T61/><D121/><U110/><E110/><V79/><F79/><W32/><G32/><T81/><REACH who="0" step="1"/><D61/><REACH who="0" ten="210,310,230,240" step="2"/><U55/><E71/><V47/><F47/><AGARI ba="0,1" hai="11,13,17,19,20,25,36,42,47,57,59,81,85,90" machi="47" ten="40,8000,1" yaku="1,1,2,1,52,1,53,2" doraHai="83" doraHaiUra="14" who="0" fromWho="2" sc="210,90,310,0,230,-80,240,0" /><INIT seed="2,0,0,0,2,56" ten="300,310,150,240" oya="2" hai0="134,81,68,87,4,91,14,1,114,135,38,58,72" hai1="53,76,29,49,0,23,132,26,42,18,69,108,40" hai2="41,99,47,52,66,131,10,121,36,96,37,6,24" hai3="116,16,84,33,44,90,50,20,73,32,133,103,78"/><V8/><F121/><W89/><G116/><T123/><D68/><U122/><E69/><V120/><F120/><W127/><G127/><T106/><D123/><U126/><E122/><V75/><F75/><W31/><G133/><N who="0" m="50699" /><D114/><U128/><E0/><V19/><F131/><W79/><G103/><T59/><D1/><U107/><E107/><V71/><F36/><W97/><G73/><T13/><D106/><U27/><E132/><V61/><F6/><W80/><G32/><T65/><D38/><U67/><E67/><V55/><F24/><W98/><G31/><T64/><D72/><U30/><E126/><V85/><F85/><W130/><G33/><T100/><D100/><U112/><E112/><V117/><F117/><W46/><G46/><T25/><D25/><U118/><E128/><V70/><F70/><W63/><G63/><N who="0" m="38007" /><D4/><U93/><E118/><V82/><F82/><W110/><G110/><T105/><D105/><U92/><E18/><V125/><F125/><W5/><G5/><T60/><AGARI ba="0,0" hai="13,14,59,60,65,81,87,91" m="38007,50699" machi="60" ten="30,4000,0" yaku="20,1,52,2" doraHai="56" who="0" fromWho="0" sc="300,40,310,-10,150,-20,240,-10" /><INIT seed="3,0,0,2,2,54" ten="340,300,130,230" oya="3" hai0="17,2,36,26,53,103,33,70,84,23,3,130,31" hai1="89,45,86,34,117,124,110,126,51,81,88,58,129" hai2="74,20,43,10,92,66,91,64,116,32,68,35,119" hai3="4,134,106,121,67,73,41,105,25,128,109,37,24"/><W9/><G121/><T19/><D130/><U82/><E34/><V132/><F132/><W6/><G128/><T27/><D70/><U118/><E129/><V135/><F135/><W95/><G134/><T11/><D36/><U98/><E110/><V18/><F74/><W114/><G114/><T60/><D103/><U48/><E58/><V62/><F116/><N who="1" m="44649" /><E98/><V29/><F119/><W15/><G109/><T99/><D99/><U104/><E104/><V52/><F32/><W44/><G73/><T21/><D84/><N who="1" m="50191" /><E51/><V72/><F72/><W38/><G38/><T111/><D111/><U79/><E79/><V125/><F125/><W13/><G95/><T12/><D53/><AGARI ba="0,0" hai="45,48,53,82,86,89,124,126" m="50191,44649" machi="53" ten="30,2000,0" yaku="12,1,54,1" doraHai="54" who="1" fromWho="0" sc="340,-20,300,20,130,0,230,0" owari="320,42.0,320,12.0,130,-37.0,230,-17.0" /></mjloggm>