<mjloggm ver="2.3"><GO type="225" lobby="0"/><UN n0="%E3%83%AD%E3%83%83%E3%83%86%E9%9B%80%E7%90%83" n1="%6D%75%75%6D%75%72%61" n2="%E3%81%86%E3%81%A1%E3%83%BC" n3="%72%69%6F%75%63%68%61%6E" dan="17,16,16,17" rate="2243.38,2117.75,2164.80,2304.14" sx="M,F,M,M"/><TAIKYOKU oya="0"/><INIT seed="0,0,0,4,3,92" ten="250,250,250,250" oya="0" hai0="100,132,40,30,84,105,122,131,104,124,88,97,108" hai1="74,2,70,112,127,52,29,26,126,15,83,106,123" hai2="103,35,24,23,71,16,89,12,98,7,57,125,135" hai3="117,134,87,109,64,86,101,36,9,14,39,43,41"/><T96/><D122/><U111/><E2/><V34/><F71/><W116/><G109/><T80/><D108/><U79/><E123/><V11/><F135/><W1/><G1/><T130/><D132/><U73/><E111/><V107/><F125/><N who="1" m="47625" /><E112/><V91/><REACH who="2" step="1"/><F57/><REACH who="2" ten="250,250,240,250" step="2"/><W61/><G134/><T44/><D124/><U19/><E70/><V4/><F4/><W133/><G133/><T121/><D121/><U17/><E74/><V113/><F113/><W48/><G117/><T78/><D30/><U47/><E73/><V6/><F6/><W8/><G116/><T115/><D115/><U38/><E29/><V27/><F27/><W49/><G14/><T5/><D5/><U33/><E26/><V54/><F54/><W13/><G13/><T3/><D3/><U81/><E52/><V20/><F20/><W55/><G55/><T69/><D69/><U90/><E15/><V31/><F31/><W0/><G0/><T102/><REACH who="0" step="1"/><D78/><REACH who="0" ten="240,250,240,250" step="2"/><U32/><E79/><V77/><F77/><W58/><G58/><T62/><D62/><U118/><E118/><V72/><F72/><W95/><G61/><T46/><D46/><U59/><E47/><V75/><F75/><W68/><G68/><T21/><D21/><U28/><E59/><V42/><F42/><W53/><G41/><T93/><D93/><U120/><E120/><V18/><F18/><W65/><G43/><T110/><D110/><U66/><E19/><V94/><F94/><W22/><G95/><T85/><D85/><U128/><E17/><V56/><F56/><W51/><G22/><T99/><D99/><RYUUKYOKU ba="0,2" sc="240,15,250,-15,240,15,250,-15" hai0="40,44,80,84,88,96,97,100,102,104,105,130,131" hai2="7,11,12,16,23,24,34,35,89,91,98,103,107" /><INIT seed="0,1,2,1,3,64" ten="255,235,255,235" oya="0" hai0="81,65,121,83,8,62,53,31,10,16,125,92,67" hai1="46,80,129,127,102,2,85,95,39,84,34,26,98" hai2="24,130,18,7,119,35,45,86,25,22,17,77,99" hai3="56,0,94,23,38,91,15,41,123,68,58,3,40"/><T111/><D121/><U120/><E120/><V87/><F130/><W133/><G133/><T109/><D31/><U71/><E129/><V11/><F119/><W73/><G123/><T32/><D32/><U126/><E2/><V5/><F99/><W78/><G68/><N who="0" m="42039" /><D67/><U27/><E71/><V118/><F118/><W93/><G78/><T96/><D53/><U29/><E27/><V57/><F57/><N who="3" m="22123" /><G73/><T82/><D16/><U9/><E9/><V124/><F45/><W74/><G38/><T48/><D48/><U47/><E84/><V52/><F52/><W132/><G132/><T61/><D61/><U33/><E33/><V44/><F44/><W122/><G74/><T21/><D21/><U70/><E70/><V30/><F77/><W108/><G122/><T90/><D125/><N who="1" m="47627" /><E39/><V97/><F124/><W42/><G0/><T4/><D4/><N who="2" m="1610" /><F97/><W1/><G3/><T114/><D114/><U49/><E49/><V19/><F87/><W75/><G75/><T88/><D90/><AGARI ba="1,2" hai="26,29,34,46,47,80,85,90,95,98,102" m="47627" machi="90" ten="30,1000,0" yaku="18,1" doraHai="64" who="1" fromWho="0" sc="255,-13,235,33,255,0,235,0" /><INIT seed="1,0,0,4,5,9" ten="242,268,255,235" oya="1" hai0="124,123,55,18,5,72,135,66,122,86,111,108,113" hai1="50,21,127,59,65,97,35,126,76,60,31,28,12" hai2="134,42,62,98,130,101,103,112,58,118,125,20,54" hai3="94,121,23,56,73,74,17,68,4,67,49,95,33"/><U96/><E35/><V26/><F118/><W100/><G121/><N who="0" m="46091" /><D72/><U85/><E50/><V32/><F32/><W61/><G33/><T30/><D30/><U45/><E45/><V133/><F130/><W15/><G4/><T48/><D5/><U119/><E119/><V53/><F125/><N who="1" m="47625" /><E85/><V27/><F42/><W107/><G107/><T38/><D38/><U115/><E76/><V43/><F43/><W36/><G36/><T99/><D124/><U51/><E51/><V63/><F112/><W110/><G110/><T129/><D135/><N who="2" m="51722" /><F103/><W25/><G25/><N who="2" m="9225" /><F20/><W69/><G68/><T114/><D129/><U2/><E2/><V80/><F80/><W52/><REACH who="3" step="1"/><G94/><REACH who="3" ten="242,268,255,225" step="2"/><T13/><D111/><U89/><E115/><V10/><F62/><W106/><G106/><T71/><D108/><U93/><E60/><V104/><F10/><W19/><G19/><T1/><D18/><N who="1" m="10439" /><E31/><V57/><F63/><W87/><G87/><T117/><D86/><N who="1" m="52407" /><E28/><V34/><F34/><W40/><G40/><T105/><D114/><U11/><E97/><AGARI ba="0,1" hai="15,17,23,49,52,56,61,67,69,73,74,95,97,100" machi="97" ten="40,5200,0" yaku="1,1,52,1,54,1,53,0" doraHai="9" doraHaiUra="116" who="3" fromWho="1" sc="242,0,268,-52,255,0,225,62" /><INIT seed="2,0,0,1,0,20" ten="242,216,255,287" oya="2" hai0="68,85,11,80,2,124,40,78,91,116,12,77,88" hai1="48,44,114,6,28,53,31,101,92,32,63,42,82" hai2="33,105,41,104,99,67,112,66,45,60,130,109,86" hai3="16,36,25,3,72,69,8,123,87,64,129,27,134"/><V127/><F112/><W74/><G123/><T17/><D124/><U30/><E114/><V52/><F127/><W58/><G69/><T10/><D68/><U29/><E6/><V126/><F126/><W96/><G36/><T122/><D122/><U119/><E119/><V61/><F33/><W106/><G129/><T102/><D116/><U5/><E5/><V83/><F130/><W18/><G134/><T57/><D102/><U14/><E14/><V120/><F120/><W110/><G110/><T4/><D40/><U131/><E131/><V90/><F109/><W21/><G87/><T76/><D91/><U34/><E82/><V1/><F1/><W84/><G84/><T125/><D125/><U89/><N who="1" m="7168" /><DORA hai="100" /><U133/><E101/><V51/><F41/><W13/><G96/><T94/><REACH who="0" step="1"/><D57/><REACH who="0" ten="232,216,255,287" step="2"/><U111/><E111/><V62/><REACH who="2" step="1"/><F99/><AGARI ba="0,1" hai="2,4,10,11,12,17,76,77,78,80,85,88,94,99" machi="99" ten="30,16000,3" yaku="1,1,2,1,7,1,54,1,53,4" doraHai="20,100" doraHaiUra="35,75" who="0" fromWho="2" sc="232,170,216,0,255,-160,287,0" /><INIT seed="3,0,0,4,2,35" ten="402,216,95,287" oya="3" hai0="43,118,119,123,87,40,52,34,30,64,31,82,68" hai1="125,120,80,63,117,74,114,127,84,16,5,17,121" hai2="111,79,133,85,27,45,54,115,91,134,97,23,56" hai3="32,44,41,95,86,50,18,57,15,135,49,33,67"/><W37/><G135/><T129/><D123/><N who="1" m="47179" /><E74/><V46/><F115/><W112/><G112/><T72/><D129/><U11/><E84/><V94/><F111/><W96/><G86/><T126/><D126/><N who="1" m="48139" /><E80/><V71/><F71/><W108/><G108/><T36/><D72/><U20/><E63/><V103/><F133/><W104/><G104/><T60/><D31/><U0/><E114/><V69/><F69/><W14/><G14/><T122/><D30/><U48/><E48/><V19/><F134/><W55/><G67/><T107/><D34/><U3/><E117/><V109/><F109/><W75/><G75/><T26/><D26/><N who="1" m="14599" /><E17/><V88/><F79/><W90/><REACH who="3" step="1"/><G37/><REACH who="3" ten="402,216,95,277" step="2"/><T1/><D36/><U78/><E78/><V7/><F7/><W6/><G6/><T83/><D87/><U10/><E10/><AGARI ba="0,1" hai="10,15,18,32,33,41,44,49,50,55,57,90,95,96" machi="10" ten="30,2900,0" yaku="1,1,7,1,53,0" doraHai="35" doraHaiUra="99" who="3" fromWho="1" sc="402,0,216,-29,95,0,277,39" /><INIT seed="3,1,0,5,5,73" ten="402,187,95,316" oya="3" hai0="35,52,114,99,60,39,3,19,23,86,51,69,56" hai1="37,82,104,54,16,22,1,97,106,98,12,46,120" hai2="28,79,108,119,101,25,27,0,61,30,92,49,42" hai3="7,5,29,127,40,48,68,43,130,72,128,71,4"/><W88/><G72/><T31/><D3/><U84/><E120/><V100/><F119/><W64/><G29/><T89/><D39/><U32/><E1/><V66/><F0/><W83/><G127/><T93/><D114/><U62/><E32/><V87/><F108/><W47/><G43/><T132/><D132/><U105/><E37/><V63/><F42/><W80/><G64/><N who="0" m="38919" /><D69/><N who="3" m="26697" /><G88/><T75/><D75/><U85/><E85/><V70/><F70/><W129/><AGARI ba="1,0" hai="4,5,7,40,47,48,80,83,128,129,130" m="26697" machi="129" ten="40,2100,0" yaku="19,1" doraHai="73" who="3" fromWho="3" sc="402,-8,187,-8,95,-8,316,24" /><INIT seed="3,2,0,4,4,51" ten="394,179,87,340" oya="3" hai0="99,118,94,66,29,44,89,114,87,22,86,72,77" hai1="93,40,121,54,0,31,81,106,13,91,49,12,32" hai2="76,46,28,16,98,36,133,4,47,120,70,37,6" hai3="26,21,84,104,5,23,27,63,59,24,42,109,90"/><W10/><G104/><T17/><D118/><U113/><E106/><V33/><F33/><W95/><G109/><T7/><D114/><U67/><E113/><V124/><F28/><W82/><G42/><T105/><D29/><U125/><E0/><V53/><F124/><W25/><G82/><N who="0" m="45351" /><D86/><U102/><E67/><V103/><F120/><W110/><G110/><T57/><D7/><U130/><E102/><V1/><F1/><W135/><G135/><T20/><D44/><U92/><E130/><V14/><F133/><W56/><N who="3" m="6144" /><DORA hai="126" /><W68/><G68/><T71/><D17/><U39/><E39/><V48/><F70/><W78/><G78/><T69/><D57/><U100/><E91/><V122/><F76/><W3/><REACH who="3" step="1"/><G56/><REACH who="3" ten="394,179,87,330" step="2"/><T85/><D85/><U34/><E81/><V58/><F122/><W131/><G131/><T15/><D15/><U30/><E40/><V60/><F36/><W129/><G129/><T88/><D89/><U96/><E12/><V75/><F75/><W111/><G111/><T101/><D71/><U79/><E13/><V9/><F37/><W115/><G115/><T61/><AGARI ba="2,1" hai="20,22,61,66,69,87,88,94,99,101,105" m="45351" machi="61" ten="30,2000,0" yaku="24,1,54,1" doraHai="51,126" who="0" fromWho="0" sc="394,36,179,-7,87,-7,330,-12" owari="430,53.0,172,-22.8,80,-42.0,318,11.8" /></mjloggm>