<mjloggm ver="2.3"><GO type="225" lobby="0"/><UN n0="%E5%8F%AF%E5%85%90%E9%82%A3%E7%94%B1%E5%A4%9A" n1="%E3%83%97%E3%83%92" n2="%E3%81%8B%E3%82%8F%E3%81%A1%E3%82%83%E3%82%93%35%38" n3="%E4%BF%BA%E3%81%A8%E5%A6%96%E5%A4%A2" dan="17,16,16,17" rate="2161.35,2166.28,2130.54,2213.13" sx="F,M,M,F"/><TAIKYOKU oya="0"/><INIT seed="0,0,0,3,2,17" ten="250,250,250,250" oya="0" hai0="120,70,89,118,108,129,27,124,0,37,103,2,117" hai1="62,74,76,128,56,121,114,63,99,77,33,9,123" hai2="1,71,7,94,26,23,8,41,96,59,36,87,64" hai3="4,18,130,47,28,82,116,25,53,113,93,61,84"/><T21/><D37/><U35/><E128/><V72/><F72/><W65/><G130/><T126/><D70/><U57/><E9/><V5/><F71/><W105/><G105/><T22/><D103/><U106/><E74/><V102/><F36/><W11/><G113/><T104/><D104/><U79/><E106/><V49/><F87/><W38/><G116/><N who="0" m="44651" /><D89/><U10/><E10/><V119/><F119/><W14/><G93/><T66/><D66/><U110/><E114/><V69/><F69/><W112/><G112/><T115/><D115/><U109/><REACH who="1" step="1"/><E77/><REACH who="1" ten="250,240,250,250" step="2"/><V44/><F8/><W111/><G4/><T134/><D129/><U24/><E24/><V78/><F78/><W127/><G111/><T131/><D131/><U40/><E40/><V52/><F1/><N who="0" m="618" /><D108/><U88/><E88/><V75/><F75/><W12/><G127/><N who="0" m="48683" /><D120/><U19/><E19/><V68/><F68/><W34/><G18/><N who="0" m="12727" /><D134/><U73/><E73/><V31/><F41/><W51/><G11/><T60/><D60/><AGARI ba="0,1" hai="5,7,23,26,31,44,49,52,59,60,64,94,96,102" machi="60" ten="40,8000,1" yaku="25,2,8,1,52,1,54,1" doraHai="17" who="2" fromWho="0" sc="250,-80,240,0,250,90,250,0" /><INIT seed="1,0,0,3,1,6" ten="170,240,340,250" oya="1" hai0="30,101,48,11,51,104,27,41,16,92,26,25,128" hai1="3,87,91,18,9,57,124,22,5,76,84,58,96" hai2="127,135,40,7,37,115,4,110,126,38,28,119,63" hai3="20,75,109,36,34,73,94,31,131,64,111,130,70"/><U121/><E124/><N who="2" m="47659" /><F119/><W99/><G36/><T47/><D104/><U125/><E125/><V85/><F110/><N who="3" m="41995" /><G64/><T95/><D128/><N who="3" m="49193" /><G70/><T90/><D101/><U12/><E121/><V33/><F135/><W79/><G34/><T59/><D30/><U89/><E96/><V24/><F115/><W81/><G20/><T0/><D0/><U2/><E76/><V60/><F38/><W50/><G50/><T118/><D118/><U86/><REACH who="1" step="1"/><E2/><REACH who="1" ten="170,230,340,250" step="2"/><V62/><F85/><N who="3" m="48319" /><G31/><T108/><D108/><U122/><E122/><V78/><F78/><W83/><G83/><T74/><D74/><U67/><E67/><V134/><F134/><W53/><G53/><N who="0" m="32191" /><D90/><AGARI ba="0,1" hai="3,5,9,12,18,22,57,58,84,86,87,89,90,91" machi="90" ten="40,7700,0" yaku="1,1,52,1,53,1" doraHai="6" doraHaiUra="35" who="1" fromWho="0" sc="170,-77,230,87,340,0,250,0" /><AGARI ba="0,0" hai="73,75,90,94,99" m="48319,49193,41995" machi="90" ten="30,7700,0" yaku="14,1,19,1,34,2" doraHai="6" who="3" fromWho="0" sc="93,-77,317,0,340,0,250,77" /><INIT seed="1,1,0,1,5,81" ten="16,317,340,327" oya="1" hai0="2,131,53,84,125,83,64,29,134,47,92,63,41" hai1="28,71,51,8,112,5,86,73,62,12,23,103,37" hai2="128,130,42,135,107,75,110,101,99,94,54,95,132" hai3="52,109,78,34,4,43,20,55,68,61,9,27,60"/><U108/><E112/><V118/><F42/><W16/><G109/><T104/><D104/><U7/><E73/><V1/><F1/><W98/><G43/><T19/><D19/><U57/><E37/><V90/><F54/><N who="3" m="20523" /><G68/><T40/><D40/><U26/><E108/><V36/><F36/><W25/><G78/><T59/><D59/><U127/><E103/><V126/><F110/><W44/><G44/><T31/><D31/><U106/><E106/><V113/><F75/><W46/><G46/><T115/><D115/><U10/><E51/><V82/><F113/><W0/><G98/><T120/><D120/><U105/><E105/><V6/><F6/><W24/><G34/><T79/><D79/><U133/><E71/><V14/><F14/><N who="3" m="9239" /><G0/><T3/><D3/><U93/><E133/><V21/><F99/><W66/><G66/><T97/><D97/><U18/><E127/><V32/><F32/><W87/><G87/><T88/><D88/><N who="1" m="53399" /><E10/><V22/><F107/><W39/><G39/><T129/><D129/><U65/><AGARI ba="1,0" hai="5,7,8,12,18,23,26,28,57,62,65" m="53399" machi="65" ten="30,6000,0" yaku="8,1,52,1,54,1" doraHai="81" who="1" fromWho="1" sc="16,-21,317,63,340,-21,327,-21" owari="-5,-50.5,380,48.0,319,11.9,306,-9.4" /></mjloggm>