<mjloggm ver="2.3"><GO type="225" lobby="0"/><UN n0="%72%69%6F%75%63%68%61%6E" n1="%E3%82%A2%E3%82%A4%E3%82%B9%E3%83%86%E3%82%A3%E3%83%BC%E3%81%82%E3%81%B9" n2="%E3%81%9F%E3%81%8C%E3%82%84%E3%81%99" n3="%28%EF%BF%A3%E2%96%BD%EF%BF%A3%29%CE%B4%E2%8C%92%E3%83%BB" dan="17,16,16,16" rate="2265.93,2093.80,2157.29,2155.57" sx="M,M,M,M"/><TAIKYOKU oya="0"/><INIT seed="0,0,0,2,2,129" ten="250,250,250,250" oya="0" hai0="44,128,72,126,55,70,39,38,37,84,120,115,133" hai1="88,68,80,30,62,4,92,82,109,53,14,32,58" hai2="117,13,17,34,23,104,106,48,99,81,51,108,12" hai3="29,113,110,16,112,54,107,59,79,97,71,61,125"/><T111/><RYUUKYOKU type="yao9" ba="0,0" sc="250,0,250,0,250,0,250,0" hai0="37,38,39,44,55,70,72,84,111,115,120,126,128,133" /><INIT seed="0,1,0,5,1,90" ten="250,250,250,250" oya="0" hai0="103,131,110,78,105,57,112,123,7,95,11,37,100" hai1="122,68,65,116,25,54,91,8,86,125,96,64,2" hai2="1,48,40,75,18,60,135,72,33,69,21,133,111" hai3="113,9,63,77,22,56,126,50,87,32,134,24,0"/><T14/><D112/><U30/><E122/><V62/><F33/><W74/><G74/><N who="2" m="28201" /><F1/><W119/><G32/><T58/><D131/><U124/><E116/><V59/><F69/><W97/><G119/><T36/><D123/><U4/><E96/><V71/><F71/><W61/><G134/><N who="2" m="51209" /><F111/><W29/><G126/><N who="1" m="48746" /><E54/><N who="2" m="32199" /><F40/><W6/><G113/><T127/><D127/><U45/><E45/><V20/><F20/><W83/><G50/><T107/><D110/><U19/><E68/><V81/><F81/><W101/><REACH who="3" step="1"/><G56/><REACH who="3" ten="250,250,250,240" step="2"/><T117/><D117/><U79/><E65/><V109/><F109/><W76/><G76/><T13/><D78/><U118/><E64/><V98/><F98/><W15/><G15/><AGARI ba="1,1" hai="15,18,21,60,62" m="32199,51209,28201" machi="15" ten="30,1000,0" yaku="20,1" doraHai="90" who="2" fromWho="3" sc="250,0,250,0,250,23,240,-13" /><INIT seed="1,0,0,1,4,39" ten="250,250,273,227" oya="1" hai0="94,1,69,41,93,8,120,83,75,78,111,47,24" hai1="64,19,67,38,96,25,43,81,91,82,30,0,51" hai2="88,10,114,23,48,12,103,108,102,105,115,22,135" hai3="106,3,92,52,132,56,73,89,4,45,20,63,128"/><U53/><E0/><V34/><F34/><W26/><G73/><T15/><D111/><U110/><E19/><V84/><F108/><W87/><G106/><T2/><D120/><U122/><E122/><V55/><F135/><W42/><G132/><T58/><D69/><U27/><E110/><V90/><F22/><W123/><G123/><T134/><D134/><U21/><E38/><V95/><F23/><W126/><G126/><T101/><D24/><U109/><E27/><V80/><F105/><W74/><G74/><T131/><D131/><U29/><E29/><V32/><F32/><W125/><G125/><T100/><D58/><U117/><E117/><V54/><F54/><W28/><G128/><T7/><D1/><U99/><E43/><V13/><F13/><W72/><G72/><T5/><D5/><U85/><E82/><V31/><F31/><W130/><G130/><T76/><D76/><U68/><E109/><V49/><F49/><N who="3" m="26807" /><G3/><T70/><D70/><U112/><E112/><N who="2" m="43051" /><F55/><W9/><G4/><T97/><D15/><U65/><REACH who="1" step="1"/><E68/><REACH who="1" ten="250,240,273,227" step="2"/><V79/><F12/><W133/><G133/><T77/><D77/><U107/><E107/><V40/><F79/><W113/><G113/><T35/><D35/><U17/><E17/><V46/><F10/><AGARI ba="0,1" hai="9,10,20,26,28,52,56,63,87,89,92" m="26807" machi="10" ten="30,3900,0" yaku="8,1,52,1,54,1" doraHai="39" who="3" fromWho="2" sc="250,0,240,0,273,-39,227,49" /><INIT seed="2,0,0,3,4,120" ten="250,240,234,276" oya="2" hai0="52,73,99,83,32,14,122,109,89,50,96,8,100" hai1="44,67,119,117,84,92,4,57,114,26,53,129,70" hai2="101,49,20,107,104,45,7,88,1,69,54,30,76" hai3="3,59,58,12,115,80,10,113,33,34,124,28,41"/><V61/><F76/><W60/><G3/><T27/><D109/><U130/><E114/><N who="3" m="43530" /><G124/><T39/><D122/><U18/><E4/><V123/><F123/><W22/><G41/><T47/><D39/><U17/><E44/><V86/><F101/><W21/><G80/><T55/><D55/><U16/><E26/><V116/><F116/><W74/><G74/><T98/><D32/><N who="3" m="12393" /><G28/><T42/><D27/><U0/><E0/><V2/><F20/><N who="3" m="7787" /><G60/><T31/><D31/><U131/><E67/><V93/><F30/><W15/><G10/><T64/><D64/><U111/><E111/><V106/><REACH who="2" step="1"/><F7/><REACH who="2" ten="250,240,224,276" step="2"/><W11/><G11/><T103/><D73/><U13/><E119/><V81/><F81/><W82/><G82/><T95/><D83/><U43/><E117/><V110/><F110/><W19/><G19/><N who="0" m="8647" /><D42/><U75/><E43/><V48/><F48/><W105/><G105/><T112/><D112/><U134/><E17/><V65/><AGARI ba="0,1" hai="1,2,45,49,54,61,65,69,86,88,93,104,106,107" machi="65" ten="40,7800,0" yaku="1,1,0,1,54,1,53,0" doraHai="120" doraHaiUra="72" who="2" fromWho="2" sc="250,-26,240,-26,224,88,276,-26" /><INIT seed="2,1,0,0,1,81" ten="224,214,312,250" oya="2" hai0="109,72,101,28,123,104,44,105,26,18,63,113,8" hai1="132,6,13,99,41,7,3,4,102,27,106,126,14" hai2="22,121,1,80,33,96,25,133,122,62,64,93,11" hai3="68,125,30,89,114,107,84,100,98,70,112,94,43"/><V67/><F33/><W115/><G125/><T120/><D113/><U12/><E126/><V15/><F1/><W46/><REACH who="3" step="1"/><G30/><REACH who="3" ten="224,214,312,240" step="2"/><T76/><D28/><U91/><E132/><V85/><F133/><W73/><G73/><T59/><D72/><U54/><E3/><V55/><F122/><W16/><G16/><T82/><D123/><U51/><E7/><V131/><F121/><W119/><G119/><T135/><D135/><U116/><E4/><V65/><F131/><W56/><G56/><T92/><D120/><U42/><E6/><V20/><F11/><W103/><G103/><T128/><D8/><U87/><E116/><V74/><F74/><W37/><AGARI ba="1,1" hai="37,43,46,68,70,84,89,94,98,100,107,112,114,115" machi="37" ten="30,7900,0" yaku="1,1,0,1,11,1,52,1,53,0" doraHai="81" doraHaiUra="127" who="3" fromWho="3" sc="224,-21,214,-21,312,-40,240,92" /><INIT seed="3,0,0,0,2,60" ten="203,193,272,332" oya="3" hai0="28,39,61,69,114,93,88,6,55,79,101,34,102" hai1="53,132,86,24,32,104,44,2,67,68,5,123,63" hai2="106,38,50,31,36,122,65,0,118,76,30,45,80" hai3="103,37,81,130,108,127,77,112,40,21,85,100,62"/><W1/><G1/><T19/><D39/><U72/><E72/><V64/><F0/><W47/><G127/><T59/><D114/><U84/><E123/><V124/><F106/><W11/><G112/><T15/><D69/><U20/><E32/><V26/><F118/><W128/><G11/><T43/><D43/><U83/><E132/><V17/><F38/><W92/><G108/><T120/><D120/><U131/><E104/><V33/><F36/><W95/><G21/><T7/><D79/><U113/><E113/><V25/><F17/><W110/><G110/><T90/><D90/><U16/><E131/><N who="3" m="50218" /><G62/><T56/><D56/><U57/><E44/><V78/><F78/><W12/><G12/><T8/><D28/><U46/><E46/><V54/><F124/><W35/><G35/><T49/><D34/><U66/><E68/><V96/><F96/><W73/><G73/><T135/><D135/><U116/><E116/><V41/><F41/><W126/><G126/><T87/><REACH who="0" step="1"/><D61/><REACH who="0" ten="193,193,272,332" step="2"/><U14/><E2/><V109/><F122/><W121/><G121/><T70/><D70/><U134/><E134/><V71/><F71/><W125/><G125/><T98/><D98/><U89/><E86/><V94/><F33/><W3/><G85/><T129/><D129/><U22/><E5/><AGARI ba="0,1" hai="5,6,7,8,15,19,49,55,59,87,88,93,101,102" machi="5" ten="40,8000,1" yaku="1,1,8,1,54,1,53,1" doraHai="60" doraHaiUra="52" who="0" fromWho="1" sc="193,90,193,-80,272,0,332,0" owari="283,8.3,113,-38.7,272,-12.8,332,43.2" /></mjloggm>