<mjloggm ver="2.3"><GO type="225" lobby="0"/><UN n0="%E3%81%A8%E3%82%93%E3%81%A8%E3%81%93%E3%81%A8%E3%82%93" n1="%E3%81%8B%E3%82%8F%E3%81%A1%E3%82%83%E3%82%93%35%38" n2="%E7%99%BD%E6%97%A5%E9%9B%AA%E8%8F%9C" n3="%4B%2E%32%2E%4B%2E" dan="16,17,16,17" rate="2095.92,2136.55,2123.46,2191.90" sx="M,M,M,M"/><TAIKYOKU oya="0"/><INIT seed="0,0,0,3,4,108" ten="250,250,250,250" oya="0" hai0="77,82,33,134,22,23,62,36,46,132,115,88,117" hai1="37,61,111,124,34,35,43,16,32,114,119,131,64" hai2="56,40,122,70,4,135,9,0,15,87,49,107,112" hai3="48,60,54,5,65,19,92,45,38,17,104,123,109"/><T110/><D117/><U71/><E119/><V113/><F122/><W20/><G104/><T51/><D36/><U121/><E121/><V66/><F107/><W126/><G123/><T10/><D33/><U133/><E111/><V39/><F135/><N who="0" m="51754" /><D110/><U81/><E133/><V118/><F118/><W31/><G109/><T76/><D62/><U95/><E124/><V78/><F39/><W94/><G126/><T26/><D10/><U130/><E114/><V18/><F70/><W75/><G60/><T41/><D115/><U68/><E68/><V101/><F101/><W53/><G75/><T127/><D127/><U74/><E95/><V42/><F66/><W24/><G65/><T12/><D12/><U21/><E43/><V69/><F69/><W100/><G5/><T85/><D22/><U25/><REACH who="1" step="1"/><E37/><REACH who="1" ten="250,240,250,250" step="2"/><V105/><F105/><W13/><G38/><T2/><D2/><U79/><AGARI ba="0,1" hai="16,21,25,32,34,35,61,64,71,74,79,81,130,131" machi="79" ten="40,8000,1" yaku="1,1,2,1,0,1,54,1,53,0" doraHai="108" doraHaiUra="128" who="1" fromWho="1" sc="250,-40,240,90,250,-20,250,-20" /><INIT seed="1,0,0,2,3,117" ten="210,330,230,230" oya="1" hai0="111,102,75,0,88,26,107,99,130,46,39,17,16" hai1="31,6,85,9,131,106,28,56,132,53,87,66,3" hai2="34,86,104,38,36,22,10,21,118,14,42,35,47" hai3="23,37,79,92,95,94,24,115,57,126,123,7,13"/><U120/><E106/><V90/><F118/><W98/><G115/><T54/><D0/><U19/><E132/><V91/><F104/><W15/><G37/><T29/><D75/><U5/><E131/><V33/><F36/><W128/><G128/><T59/><D111/><U68/><E6/><V27/><F27/><W116/><G116/><T41/><D130/><U133/><E133/><V8/><F8/><W49/><G126/><T72/><D72/><U127/><E127/><V83/><REACH who="2" step="1"/><F90/><REACH who="2" ten="210,330,220,230" step="2"/><W110/><G24/><T40/><D88/><U122/><E9/><V121/><F121/><W55/><G123/><T50/><REACH who="0" step="1"/><D41/><REACH who="0" ten="200,330,220,230" step="2"/><U124/><E122/><V64/><F64/><W96/><G110/><T25/><D25/><U80/><E120/><V69/><F69/><W103/><G103/><T65/><D65/><U109/><E66/><V114/><F114/><W51/><G55/><T58/><D58/><U60/><E109/><V2/><F2/><W97/><G57/><T74/><D74/><U48/><E56/><V93/><F93/><W4/><G95/><T113/><D113/><U11/><E3/><V71/><F71/><W84/><G94/><T81/><D81/><U77/><E68/><V44/><F44/><W70/><G70/><T1/><D1/><U119/><E119/><V18/><AGARI ba="0,2" hai="10,14,18,21,22,33,34,35,38,42,47,83,86,91" machi="18" ten="30,2000,0" yaku="1,1,0,1,53,0" doraHai="117" doraHaiUra="62" who="2" fromWho="2" sc="200,-5,330,-10,220,40,230,-5" /><INIT seed="2,0,0,3,0,121" ten="195,320,260,225" oya="2" hai0="26,95,117,123,33,10,20,39,36,72,31,7,98" hai1="126,49,50,14,27,130,53,9,2,8,101,102,80" hai2="107,69,48,108,65,119,30,89,5,77,12,128,25" hai3="13,43,75,42,131,133,124,51,64,78,67,71,90"/><V84/><F119/><W94/><G71/><T28/><D123/><U15/><E2/><V45/><F107/><W70/><G70/><T32/><D72/><U1/><E1/><V110/><F128/><W23/><G131/><T88/><D117/><U11/><E130/><V112/><F112/><W93/><G124/><T104/><D104/><U56/><E126/><V86/><F69/><W0/><G0/><T97/><D98/><U134/><E134/><V76/><F65/><W59/><G78/><T73/><D73/><U16/><E80/><V99/><F99/><W18/><G93/><T127/><D127/><U3/><E3/><V19/><F5/><W55/><G75/><T115/><D115/><U103/><E50/><V35/><F86/><W81/><G81/><T125/><D125/><U41/><E41/><N who="3" m="15370" /><G133/><T87/><D87/><AGARI ba="0,0" hai="13,18,23,51,55,59,64,67,87,90,94" m="15370" machi="87" ten="30,2000,0" yaku="25,1,8,1" doraHai="121" who="3" fromWho="0" sc="195,-20,320,0,260,0,225,20" /><INIT seed="3,0,0,5,3,71" ten="175,320,260,245" oya="3" hai0="74,46,29,51,62,103,60,17,115,89,22,58,31" hai1="9,45,32,55,23,6,133,34,81,25,78,65,97" hai2="79,82,8,30,70,95,135,101,129,121,13,119,111" hai3="33,54,24,117,83,87,15,126,73,104,123,120,14"/><W12/><G117/><T93/><D115/><U72/><E65/><V69/><F119/><W28/><G104/><T100/><D74/><U3/><E133/><V39/><F39/><W112/><G112/><T5/><D5/><U96/><E96/><N who="2" m="59551" /><F135/><W21/><G126/><T108/><D108/><U59/><E97/><V10/><F111/><W110/><G73/><T57/><D100/><U27/><E45/><V132/><F132/><W44/><G110/><T47/><D103/><U130/><E130/><V42/><F42/><W109/><G109/><T56/><D31/><U114/><E114/><V90/><F129/><W127/><G127/><T98/><D29/><U107/><E107/><V124/><F124/><W20/><G120/><T52/><REACH who="0" step="1"/><D46/><REACH who="0" ten="165,320,260,245" step="2"/><U80/><E6/><V35/><F30/><W92/><G123/><T4/><D4/><U76/><E72/><V68/><F121/><W106/><G106/><T64/><D64/><U16/><E3/><V43/><F35/><W88/><REACH who="3" step="1"/><G92/><REACH who="3" ten="165,320,260,235" step="2"/><T1/><D1/><U67/><E34/><V77/><F82/><W37/><G37/><T128/><D128/><U36/><E32/><V134/><F134/><W105/><G105/><T66/><D66/><U40/><E67/><V50/><F70/><W61/><G61/><T94/><D94/><U118/><E118/><V122/><F122/><W53/><G53/><T63/><D63/><N who="1" m="36351" /><E81/><V102/><F69/><W113/><G113/><T75/><D75/><U38/><E80/><V99/><F68/><W0/><G0/><T41/><D41/><U2/><E40/><V48/><F43/><RYUUKYOKU ba="0,2" sc="165,15,320,-15,260,-15,235,15" hai0="17,22,47,51,52,56,57,58,60,62,89,93,98" hai3="12,14,15,20,21,24,28,33,44,54,83,87,88" /><INIT seed="3,1,2,0,0,10" ten="180,305,245,250" oya="3" hai0="46,117,95,37,20,132,126,65,101,89,87,69,55" hai1="36,94,49,86,112,14,54,67,7,133,84,19,121" hai2="50,34,134,12,104,38,123,15,28,130,11,80,127" hai3="53,109,98,125,18,13,56,44,39,2,41,6,29"/><W77/><G125/><T74/><D117/><U32/><E32/><V91/><F38/><W61/><G109/><T100/><D126/><U8/><E121/><V135/><F127/><W24/><G77/><T120/><D120/><U66/><E36/><V3/><F123/><W122/><G122/><T96/><D74/><U70/><E112/><V129/><F104/><W111/><G111/><T47/><D132/><N who="2" m="50730" /><F50/><W22/><G98/><T119/><D119/><U21/><E133/><V26/><F91/><W58/><G58/><T57/><D37/><U30/><E30/><V45/><F45/><W62/><G62/><T1/><D1/><U78/><E70/><V76/><F3/><W83/><G83/><T124/><D124/><U25/><E94/><V68/><F68/><W103/><G103/><T40/><D40/><U93/><E93/><V64/><F64/><N who="1" m="24617" /><E78/><V16/><F12/><W4/><G2/><T81/><D101/><U116/><E116/><V72/><AGARI ba="1,2" hai="11,15,16,26,28,34,72,76,80,129,130" m="50730" machi="72" ten="30,4000,0" yaku="20,1,52,1,54,1" doraHai="10" who="2" fromWho="2" sc="180,-11,305,-11,245,63,250,-21" owari="169,-33.1,294,9.4,308,40.8,229,-17.1" /></mjloggm>