<mjloggm ver="2.3"><GO type="225" lobby="0"/><UN n0="%E5%B0%8F%E9%B3%A5%E9%81%8A%E7%B7%B4%E7%84%A1%32%31%E6%AD%B3" n1="%E9%B3%B3%E6%9D%B1%E3%81%AE%E3%81%86%E3%81%95%E3%81%8E%E3%81%95%E3%82%93" n2="%E5%A4%9C%E3%81%AE%E3%82%AC%E3%82%B9%E3%83%91%E3%83%BC%E3%83%AB" n3="%E8%AB%B8%E8%91%9B%E4%BA%AE" dan="16,17,16,16" rate="2153.39,2238.47,2103.27,2113.13" sx="F,M,M,M"/><TAIKYOKU oya="0"/><INIT seed="0,0,0,3,1,28" ten="250,250,250,250" oya="0" hai0="119,47,8,125,53,70,115,88,112,84,122,5,33" hai1="31,21,110,111,17,134,96,48,57,118,76,34,129" hai2="40,18,10,132,107,124,52,90,3,67,135,42,73" hai3="9,56,100,12,101,37,85,19,81,80,131,51,22"/><T50/><D119/><U69/><E118/><V59/><F107/><W94/><G37/><T39/><D122/><U105/><E69/><V75/><F124/><W49/><G131/><T120/><D120/><U58/><E129/><V62/><F90/><N who="3" m="53583" /><G9/><T114/><D70/><U14/><E134/><N who="2" m="51243" /><F67/><W7/><G7/><T35/><D39/><U113/><E113/><V102/><F102/><N who="3" m="39531" /><G51/><T95/><REACH who="0" step="1"/><D125/><REACH who="0" ten="240,250,250,250" step="2"/><U116/><E116/><V65/><F65/><W89/><G89/><T77/><D77/><U61/><E76/><V6/><F18/><W63/><G49/><T11/><D11/><U4/><E48/><V104/><F104/><W86/><G63/><T38/><D38/><U108/><E61/><V55/><F55/><W92/><G19/><T71/><D71/><U128/><E128/><V130/><F130/><W74/><G74/><AGARI ba="0,1" hai="3,6,10,40,42,52,59,62,73,74,75" m="51243" machi="74" ten="30,2000,0" yaku="20,1,54,1" doraHai="28" who="2" fromWho="3" sc="240,0,250,0,250,30,250,-20" /><INIT seed="1,0,0,1,0,51" ten="240,250,280,230" oya="1" hai0="30,24,82,134,131,123,46,25,112,71,63,38,37" hai1="54,73,105,83,47,95,108,101,3,7,117,104,81" hai2="72,103,18,120,12,58,0,31,56,125,124,49,15" hai3="111,17,78,122,107,39,8,64,22,33,45,115,128"/><U57/><E117/><V67/><F120/><W23/><G115/><T126/><D112/><U34/><E34/><V10/><F0/><W4/><G122/><T43/><D131/><U86/><E73/><V127/><F72/><W48/><G107/><T60/><D123/><U14/><E3/><V66/><F31/><W68/><G39/><T100/><D24/><U19/><E7/><N who="2" m="3167" /><F103/><W5/><G33/><T6/><D6/><U84/><E47/><V53/><F58/><W41/><G111/><T13/><D134/><U59/><E108/><V92/><F92/><W21/><G128/><T32/><D13/><U9/><E105/><V62/><F62/><W28/><G28/><T76/><D37/><U20/><E104/><V36/><F36/><W114/><G114/><T110/><D110/><U11/><E57/><V118/><F118/><W93/><G78/><T97/><D126/><U1/><E1/><V74/><F74/><W79/><G79/><T70/><D63/><N who="1" m="36343" /><E95/><V26/><F26/><W85/><G64/><T96/><D60/><U119/><E101/><V116/><F116/><W98/><G85/><N who="1" m="32874" /><E119/><V109/><F109/><W35/><G68/><T88/><D100/><U87/><E83/><V2/><F2/><W52/><G35/><T99/><REACH who="0" step="1"/><D76/><AGARI ba="0,0" hai="9,11,14,19,20,76,81,87" m="32874,36343" machi="76" ten="30,2900,0" yaku="8,1,52,1" doraHai="51" who="1" fromWho="0" sc="240,-29,250,29,280,0,230,0" /><INIT seed="1,1,0,2,1,135" ten="211,279,280,230" oya="1" hai0="89,22,13,51,54,32,33,11,108,4,131,47,82" hai1="86,57,74,53,25,107,40,52,0,34,80,124,122" hai2="23,30,31,73,38,103,70,10,105,64,5,112,71" hai3="123,61,127,9,63,133,78,46,115,28,35,118,93"/><U72/><E122/><V98/><F73/><W48/><G123/><T18/><D108/><U49/><E107/><V14/><F38/><W113/><G133/><T21/><D131/><U36/><E0/><V119/><F119/><W66/><G78/><T67/><D67/><U121/><E121/><V58/><F112/><W45/><G118/><T1/><D22/><U26/><E124/><V76/><F76/><W114/><G9/><T39/><D39/><U87/><E36/><V37/><F37/><W117/><G117/><T29/><D29/><U3/><E3/><V128/><F128/><W43/><G93/><T95/><REACH who="0" step="1"/><D82/><REACH who="0" ten="201,279,280,230" step="2"/><U83/><E83/><V85/><F23/><W104/><G28/><T15/><D15/><U110/><E80/><V125/><F31/><W62/><G35/><T126/><D126/><U55/><E34/><V69/><F30/><W16/><G127/><T129/><D129/><U106/><E110/><V6/><F125/><W134/><G134/><T42/><D42/><U111/><E40/><V65/><F65/><W120/><G120/><T60/><D60/><U77/><E111/><V27/><F64/><W88/><G66/><T79/><D79/><U109/><E77/><V56/><F69/><W81/><G81/><T92/><D92/><U99/><E109/><V44/><F70/><W130/><G130/><T41/><D41/><U132/><E132/><V12/><F71/><W101/><G43/><T24/><D24/><N who="1" m="9323" /><E55/><V97/><F27/><W91/><G114/><T59/><D59/><U68/><E68/><V50/><F58/><W90/><G115/><RYUUKYOKU ba="1,1" sc="201,30,279,-10,280,-10,230,-10" hai0="1,4,11,13,18,21,32,33,47,51,54,89,95" /><INIT seed="2,2,1,3,5,10" ten="231,269,270,220" oya="2" hai0="122,5,130,2,77,62,66,111,73,121,20,67,99" hai1="133,101,4,47,48,95,83,53,3,120,57,19,45" hai2="78,7,13,16,49,119,69,23,39,9,25,84,127" hai3="86,54,12,56,15,116,89,60,108,123,85,58,80"/><V110/><F119/><W29/><G123/><T65/><D111/><U36/><E120/><V33/><F39/><W24/><G108/><T114/><D114/><U72/><E133/><V34/><F110/><W21/><G116/><T117/><D130/><U50/><E36/><V74/><F74/><W42/><G42/><T0/><D117/><U76/><E3/><V46/><F69/><W31/><G31/><T92/><D62/><U94/><E4/><V28/><F127/><W87/><G58/><T18/><D5/><U63/><E19/><V61/><F61/><W82/><G86/><T64/><D121/><U104/><E104/><V131/><F131/><W97/><G97/><T35/><D35/><U68/><E68/><V79/><F84/><W100/><G100/><T135/><D135/><U41/><REACH who="1" step="1"/><E101/><REACH who="1" ten="231,259,270,220" step="2"/><V55/><F34/><W132/><REACH who="3" step="1"/><G132/><REACH who="3" ten="231,259,270,210" step="2"/><T22/><D122/><U40/><AGARI ba="2,3" hai="40,41,45,47,48,50,53,57,63,72,76,83,94,95" machi="40" ten="20,8000,1" yaku="1,1,2,1,0,1,7,1,9,1,53,0" doraHai="10" doraHaiUra="112" who="1" fromWho="1" sc="231,-22,259,116,270,-42,210,-22" /><INIT seed="3,0,0,0,1,25" ten="209,375,228,188" oya="3" hai0="13,6,34,98,127,68,45,55,61,2,120,35,115" hai1="109,31,87,121,91,53,113,38,99,112,26,3,30" hai2="62,66,93,75,82,50,102,86,65,105,58,17,79" hai3="129,43,104,59,71,114,130,133,20,1,24,77,95"/><W119/><G119/><T100/><D120/><U111/><E121/><V18/><F66/><W131/><G1/><T14/><D127/><U10/><E38/><V4/><F4/><W124/><G114/><T5/><D2/><U11/><E99/><N who="2" m="61663" /><F50/><W89/><G104/><T8/><D45/><U36/><E36/><V81/><F81/><W106/><G106/><T96/><D115/><U16/><E53/><V90/><AGARI ba="0,0" hai="17,18,58,62,65,75,79,82,86,90,93" m="61663" machi="90" ten="30,1100,0" yaku="24,1" doraHai="25" who="2" fromWho="2" sc="209,-3,375,-3,228,11,188,-5" owari="206,-19.4,372,47.2,239,3.9,183,-31.7" /></mjloggm>