<mjloggm ver="2.3"><GO type="225" lobby="0"/><UN n0="%E3%81%AF%E3%82%88%E3%81%8A%E3%81%98%E3%81%95%E3%82%93" n1="%E3%81%BE%E3%81%A8%E3%81%9F" n2="%E3%83%81%E3%83%AF%E3%83%AF%E9%9A%8A%E9%95%B7" n3="%E5%B8%86%E7%AB%8B%E5%A4%8F%E8%A1%A3" dan="17,16,16,16" rate="2177.20,2165.58,2103.79,2122.85" sx="M,M,M,M"/><TAIKYOKU oya="0"/><INIT seed="0,0,0,0,3,112" ten="250,250,250,250" oya="0" hai0="60,116,1,135,4,114,14,51,39,3,24,127,101" hai1="7,132,58,30,31,75,92,72,32,80,26,20,2" hai2="82,102,81,65,10,61,11,9,38,16,117,41,52" hai3="53,106,64,133,29,89,93,84,131,70,105,128,73"/><T96/><D39/><U62/><E132/><V76/><F102/><W46/><G133/><T120/><D135/><U63/><E63/><V134/><F134/><W107/><G73/><T126/><D114/><U87/><E92/><V13/><F117/><W79/><G79/><T78/><D120/><U37/><E37/><V100/><F100/><W34/><G70/><T5/><D78/><U49/><E49/><V74/><F82/><W0/><G0/><T95/><D116/><U83/><E83/><V69/><REACH who="2" step="1"/><F52/><REACH who="2" ten="250,250,240,250" step="2"/><W56/><G53/><T90/><D101/><U15/><E80/><V23/><F23/><W103/><G103/><T119/><D119/><U94/><E20/><V50/><F50/><W67/><G106/><T97/><D51/><U59/><E32/><V108/><F108/><W77/><G105/><T68/><D95/><U18/><E94/><V115/><F115/><W19/><G107/><T130/><D90/><U42/><E42/><V45/><AGARI ba="0,1" hai="9,10,11,13,16,38,41,45,61,65,69,74,76,81" machi="45" ten="30,4000,0" yaku="1,1,0,1,54,1,53,0" doraHai="112" doraHaiUra="44" who="2" fromWho="2" sc="250,-20,250,-10,240,50,250,-10" /><INIT seed="1,0,0,1,3,109" ten="230,240,290,240" oya="1" hai0="17,40,92,134,33,36,95,46,121,125,111,101,60" hai1="76,72,52,41,39,26,87,58,90,67,114,54,28" hai2="55,79,78,122,11,106,132,34,71,123,14,4,128" hai3="15,47,27,35,77,100,82,119,0,102,70,64,31"/><U65/><E72/><V93/><F106/><W129/><G0/><T131/><D33/><U44/><E76/><V53/><F71/><W105/><G129/><T43/><D111/><U68/><E68/><V3/><F34/><W23/><G119/><T88/><D131/><U112/><E65/><V18/><F128/><W19/><G105/><T56/><D125/><U113/><E67/><V25/><F132/><W6/><G6/><T62/><D134/><U30/><E26/><V85/><F123/><W63/><REACH who="3" step="1"/><G47/><REACH who="3" ten="230,240,290,230" step="2"/><T75/><D46/><U110/><E110/><V81/><F3/><W13/><G13/><T45/><D45/><U42/><E42/><V49/><F4/><W126/><G126/><T57/><D40/><U50/><REACH who="1" step="1"/><E54/><REACH who="1" ten="230,230,290,230" step="2"/><V91/><F53/><W38/><G38/><T66/><D36/><U116/><E116/><V59/><F55/><W1/><G1/><T94/><D43/><U74/><E74/><AGARI ba="0,2" hai="15,19,23,27,31,35,63,64,70,74,77,82,100,102" machi="74" ten="30,2000,0" yaku="1,1,7,1,53,0" doraHai="109" doraHaiUra="86" who="3" fromWho="1" sc="230,0,230,-20,290,0,230,40" /><INIT seed="2,0,0,2,1,73" ten="230,210,290,270" oya="2" hai0="85,81,60,41,2,126,115,9,95,98,43,20,72" hai1="101,24,134,77,131,33,86,56,15,84,119,54,100" hai2="124,6,111,57,12,22,107,91,25,65,94,21,96" hai3="122,47,3,23,31,38,8,116,36,46,112,10,90"/><V76/><F124/><W79/><G116/><T5/><D115/><U58/><E119/><V93/><F107/><W75/><G122/><T71/><D126/><U35/><E131/><V28/><F111/><W18/><G112/><T102/><D72/><U59/><E134/><V50/><F76/><W97/><G31/><T40/><D20/><U14/><E54/><N who="2" m="31959" /><F65/><W26/><G38/><T120/><D120/><U83/><E24/><V117/><F117/><W125/><G125/><T67/><REACH who="0" step="1"/><D40/><REACH who="0" ten="220,210,290,270" step="2"/><U64/><E64/><V92/><F21/><W78/><G75/><T70/><D70/><U16/><E33/><V121/><F121/><W103/><G23/><T62/><D62/><U4/><E35/><V127/><F127/><W135/><G135/><T53/><D53/><U113/><E113/><V99/><F22/><W37/><G26/><T63/><D63/><U114/><E114/><V42/><F25/><W132/><G132/><T109/><D109/><U133/><E133/><V27/><F27/><W55/><G55/><T128/><D128/><U19/><E4/><V87/><F6/><W105/><G18/><N who="1" m="6698" /><E84/><V7/><F87/><W82/><G10/><T80/><D80/><U49/><E49/><V32/><F7/><N who="3" m="1151" /><G37/><T74/><D74/><U69/><E69/><V45/><F32/><W108/><G108/><T89/><AGARI ba="0,1" hai="2,5,9,41,43,60,67,71,81,85,89,95,98,102" machi="89" ten="20,2700,0" yaku="1,1,0,1,7,1,53,0" doraHai="73" doraHaiUra="48" who="0" fromWho="0" sc="220,37,210,-7,290,-13,270,-7" /><INIT seed="3,0,0,1,4,103" ten="257,203,277,263" oya="3" hai0="117,90,65,39,33,53,106,109,60,24,101,77,3" hai1="12,120,115,131,121,125,70,72,8,15,44,74,81" hai2="75,54,21,111,59,128,9,119,22,99,129,97,64" hai3="116,35,78,98,32,79,83,20,107,41,104,126,14"/><W112/><G112/><T51/><D117/><U36/><E115/><V47/><F75/><W130/><G116/><T23/><D39/><U114/><E114/><V50/><F119/><W71/><G71/><T0/><D109/><U34/><E34/><V29/><F111/><W4/><G35/><T105/><D77/><U96/><E70/><V63/><F9/><W57/><G32/><T102/><D90/><U127/><E131/><N who="2" m="50251" /><F21/><W94/><G130/><T113/><D33/><U42/><E96/><V68/><F68/><W27/><G79/><T76/><D76/><N who="1" m="44167" /><E12/><V28/><F28/><W11/><G41/><T26/><D113/><U91/><E91/><V95/><F95/><W1/><G14/><T124/><D124/><N who="1" m="47691" /><E74/><V43/><F64/><W135/><G126/><T16/><D24/><AGARI ba="0,0" hai="22,24,29,43,47,50,54,59,63,97,99" m="50251" machi="24" ten="30,1000,0" yaku="19,1" doraHai="103" who="2" fromWho="0" sc="257,-10,203,0,277,10,263,0" /><INIT seed="4,0,0,0,3,109" ten="247,203,287,263" oya="0" hai0="65,60,12,48,53,128,119,2,89,87,99,72,132" hai1="71,42,105,43,116,67,107,69,49,20,68,114,27" hai2="120,112,124,56,118,122,83,113,35,123,1,57,9" hai3="15,44,29,93,0,61,96,82,8,46,34,66,88"/><T106/><D119/><U31/><E116/><V17/><F35/><W33/><G0/><T76/><D2/><U127/><E127/><V125/><F118/><W55/><G82/><T92/><D128/><U98/><E67/><V73/><F56/><W41/><G55/><T54/><D132/><U45/><E42/><V129/><F129/><W13/><G46/><T77/><D72/><U121/><E121/><V110/><F57/><W6/><G15/><T22/><D106/><U25/><E98/><V4/><F110/><W131/><G29/><T74/><D74/><U104/><REACH who="1" step="1"/><E27/><REACH who="1" ten="247,193,287,263" step="2"/><V100/><F125/><W97/><G97/><T36/><D99/><U84/><E84/><V103/><F124/><W37/><G131/><T102/><D53/><U11/><E11/><V28/><F120/><W50/><G37/><T47/><D36/><U108/><E108/><V19/><F123/><W63/><G63/><T30/><D102/><U40/><E40/><V14/><F100/><W58/><AGARI ba="0,1" hai="6,8,13,33,34,41,44,50,58,61,66,88,93,96" machi="58" ten="20,2700,0" yaku="0,1,7,1,54,1" doraHai="109" who="3" fromWho="3" sc="247,-13,193,-7,287,-7,263,37" owari="234,-16.6,186,-31.4,280,8.0,300,40.0" /></mjloggm>