<mjloggm ver="2.3"><GO type="225" lobby="0"/><UN n0="%72%69%6F%75%63%68%61%6E" n1="%E3%81%B2%E3%81%AA%E3%81%AE%E3%82%8A%E3%81%8F" n2="%4C%4F%4C%49%54%41" n3="%E3%83%97%E3%83%AC%E3%83%B4%E3%82%A1%E3%83%86%E3%82%A3" dan="16,17,16,16" rate="2130.22,2237.71,2211.79,2146.56" sx="M,M,F,F"/><TAIKYOKU oya="0"/><INIT seed="0,0,0,0,3,81" ten="250,250,250,250" oya="0" hai0="48,98,132,99,41,32,33,53,36,56,124,9,44" hai1="42,85,109,0,67,40,103,50,86,46,106,77,107" hai2="83,26,57,68,122,16,59,55,34,118,93,22,79" hai3="104,31,52,10,2,82,18,19,49,112,7,120,12"/><T95/><D124/><U4/><E109/><V13/><F122/><W133/><G104/><T14/><D132/><U62/><E42/><V128/><F68/><W71/><G71/><T111/><D111/><U110/><E110/><V64/><F128/><W63/><G133/><T114/><D114/><U102/><E77/><V25/><F118/><W54/><G112/><T135/><D135/><U1/><E107/><V108/><F108/><W65/><G120/><T80/><D80/><U87/><E106/><V78/><F34/><W76/><G31/><T88/><REACH who="0" step="1"/><D98/><REACH who="0" ten="240,250,250,250" step="2"/><U35/><E35/><V121/><F83/><W126/><G126/><T113/><D113/><U75/><E75/><V84/><F121/><W37/><G37/><T27/><D27/><U90/><E90/><V91/><F26/><W29/><G82/><T58/><D58/><U115/><E115/><V38/><F25/><W97/><G76/><T130/><D130/><U101/><REACH who="1" step="1"/><E4/><AGARI ba="0,1" hai="4,9,14,32,33,36,41,44,48,53,56,88,95,99" machi="4" ten="30,5800,0" yaku="1,1,7,1,54,1,53,0" doraHai="81" doraHaiUra="23" who="0" fromWho="1" sc="240,68,250,-58,250,0,250,0" /><INIT seed="0,1,0,0,2,48" ten="308,192,250,250" oya="0" hai0="49,60,119,73,70,23,33,86,91,103,116,69,75" hai1="62,4,114,77,58,63,42,1,102,130,52,87,78" hai2="66,82,50,121,88,131,120,11,108,72,54,20,122" hai3="118,38,106,39,28,57,61,45,100,95,9,123,124"/><T8/><D33/><U97/><E130/><V74/><F131/><W85/><G118/><T99/><D8/><U98/><E114/><V22/><F108/><W55/><G124/><T31/><D73/><U93/><E42/><V96/><F66/><W0/><G123/><T117/><D75/><U25/><E1/><V127/><F127/><W132/><G132/><T81/><D60/><U5/><E98/><V34/><F34/><W10/><G28/><T134/><D134/><U135/><E135/><V115/><F115/><W21/><G21/><T12/><D49/><U112/><E112/><V32/><F32/><W6/><G106/><T16/><REACH who="0" step="1"/><D31/><REACH who="0" ten="298,192,250,250" step="2"/><U133/><E133/><V37/><F11/><W113/><G113/><T40/><D40/><U79/><E25/><V14/><F72/><W71/><G9/><T104/><AGARI ba="1,1" hai="12,16,23,69,70,81,86,91,99,103,104,116,117,119" machi="104" ten="30,11700,0" yaku="1,1,0,1,54,1,53,1" doraHai="48" doraHaiUra="101" who="0" fromWho="0" sc="298,130,192,-40,250,-40,250,-40" /><INIT seed="0,2,0,1,4,37" ten="428,152,210,210" oya="0" hai0="44,112,18,54,97,9,110,41,62,123,76,67,31" hai1="19,124,53,63,10,5,115,1,75,48,43,86,55" hai2="84,66,45,42,72,94,58,73,59,96,81,135,122" hai3="130,11,22,107,57,6,119,61,60,74,0,77,102"/><T70/><D112/><U108/><E75/><V27/><F135/><W129/><G119/><T128/><D123/><U8/><E115/><V17/><F122/><W114/><G114/><T64/><D128/><N who="3" m="49257" /><G22/><T49/><D110/><U132/><E132/><V33/><F73/><W83/><G57/><T29/><D64/><U26/><E124/><V127/><F72/><W40/><G107/><T105/><D76/><U38/><E108/><V82/><F127/><W16/><G102/><T51/><D18/><U93/><E63/><N who="3" m="24138" /><G16/><T88/><D9/><U92/><E10/><V133/><F17/><W118/><G118/><T91/><D105/><U15/><E1/><V113/><F113/><W14/><G0/><T34/><D97/><U116/><E116/><V46/><F96/><W101/><G101/><T7/><D7/><U39/><E5/><V12/><F59/><W125/><G125/><T121/><D121/><U32/><E86/><V100/><F58/><W21/><G21/><T134/><D134/><U65/><E32/><V104/><F84/><W2/><G2/><T24/><D29/><U106/><E106/><V131/><F133/><W56/><G56/><AGARI ba="2,0" hai="24,31,34,41,44,49,51,54,56,62,67,70,88,91" machi="56" ten="30,5800,0" yaku="7,1,52,1,54,1" doraHai="37" who="0" fromWho="3" sc="428,64,152,0,210,0,210,-64" /><INIT seed="0,3,0,1,2,66" ten="492,152,210,146" oya="0" hai0="58,16,57,11,122,43,54,117,93,31,130,46,126" hai1="100,1,82,21,91,119,41,10,3,77,97,120,68" hai2="72,133,95,6,32,128,111,132,34,56,50,49,23" hai3="125,73,110,27,124,25,59,9,99,79,107,113,15"/><T44/><D117/><U109/><E119/><V7/><F72/><W36/><G36/><T40/><D122/><U135/><E120/><V62/><F111/><W103/><G110/><T60/><D126/><N who="3" m="48745" /><G113/><T101/><D130/><U104/><E109/><V121/><F121/><W53/><G79/><T84/><D31/><U127/><E127/><V0/><F23/><W61/><G73/><T63/><D101/><U76/><E135/><N who="2" m="51787" /><F95/><W131/><G131/><T78/><D93/><U69/><E91/><V87/><F87/><W80/><G80/><T85/><D78/><U8/><E76/><V28/><F128/><W29/><G29/><T67/><D11/><U64/><E41/><V74/><F74/><W129/><G129/><T48/><REACH who="0" step="1"/><D16/><AGARI ba="3,0" hai="9,15,16,25,27,53,59,61,99,103,107" m="48745" machi="16" ten="30,2000,0" yaku="18,1,54,1" doraHai="66" who="3" fromWho="0" sc="492,-29,152,0,210,0,146,29" /><INIT seed="1,0,0,0,1,46" ten="463,152,210,175" oya="1" hai0="32,130,17,6,101,4,68,52,67,74,105,30,70" hai1="117,120,1,134,43,24,82,69,7,28,35,57,66" hai2="73,65,8,50,128,20,42,83,55,110,95,9,88" hai3="113,45,103,39,126,11,16,87,51,47,90,29,86"/><U131/><E120/><V98/><F110/><W49/><G113/><T21/><D74/><U63/><E117/><V135/><F128/><W22/><G39/><T12/><D130/><U106/><E131/><V112/><F135/><W62/><G126/><T114/><D114/><U54/><E134/><V122/><F122/><W127/><G127/><T23/><D23/><U91/><E106/><V41/><F112/><W102/><G62/><N who="0" m="40055" /><D52/><U37/><E7/><V18/><F65/><W89/><G29/><T31/><D30/><U80/><E1/><V85/><F73/><W118/><G118/><T78/><D78/><U81/><E91/><N who="3" m="34826" /><G11/><N who="2" m="4169" /><F18/><W0/><G0/><T3/><D70/><U109/><E109/><V48/><F20/><W60/><G60/><T33/><D33/><U121/><E121/><V15/><F15/><N who="3" m="9503" /><G87/><T116/><D3/><U104/><E104/><V25/><F25/><W56/><G56/><T96/><D116/><U77/><E77/><N who="2" m="46319" /><F50/><N who="3" m="18955" /><G86/><T61/><D61/><U58/><REACH who="1" step="1"/><E54/><REACH who="1" ten="463,142,210,175" step="2"/><V26/><F55/><W100/><AGARI ba="0,1" hai="45,47,100,102,103" m="18955,9503,34826" machi="100" ten="30,8000,1" yaku="8,1,52,3,54,1" doraHai="46" who="3" fromWho="3" sc="463,-20,142,-40,210,-20,175,90" /><INIT seed="2,0,0,3,1,132" ten="443,102,190,265" oya="2" hai0="135,11,129,52,94,122,31,33,127,81,118,119,76" hai1="106,72,113,66,109,22,28,36,14,91,57,116,77" hai2="130,71,17,47,123,104,70,61,103,112,54,124,97" hai3="21,89,111,100,42,67,50,114,128,26,58,32,34"/><V41/><F112/><W45/><G114/><T117/><D127/><U60/><E113/><V2/><F123/><W38/><G111/><T10/><D122/><U134/><E116/><V92/><F2/><W35/><G128/><T16/><D135/><U6/><E109/><V126/><F130/><W55/><G100/><T107/><D107/><U29/><E134/><V78/><F78/><W9/><G9/><T93/><D129/><U98/><E36/><V79/><F79/><W64/><REACH who="3" step="1"/><G89/><REACH who="3" ten="443,102,190,255" step="2"/><T105/><D10/><U95/><E106/><V108/><F104/><W101/><G101/><T84/><D105/><U125/><E77/><V59/><F108/><W49/><G49/><T24/><D52/><U15/><E72/><V133/><F133/><W13/><G13/><AGARI ba="0,1" hai="11,13,16,24,31,33,76,81,84,93,94,117,118,119" machi="13" ten="40,2600,0" yaku="12,1,54,1" doraHai="132" who="0" fromWho="3" sc="443,36,102,0,190,0,255,-26" /><INIT seed="3,0,0,0,3,85" ten="479,102,190,229" oya="3" hai0="71,84,96,8,69,104,113,119,83,81,110,128,27" hai1="135,21,77,106,31,114,42,17,19,87,1,125,32" hai2="111,52,102,100,105,103,10,35,112,118,76,129,68" hai3="89,99,95,72,97,44,37,30,50,62,133,4,0"/><W120/><G72/><T43/><D119/><U28/><E114/><V25/><F118/><W131/><G120/><T54/><D113/><U11/><E125/><V14/><F68/><W63/><G37/><T121/><D121/><U41/><E135/><V16/><F112/><W60/><G133/><T101/><D110/><U127/><E127/><V56/><F111/><W2/><G131/><T39/><D128/><U6/><E106/><V53/><F129/><W130/><G130/><T18/><D81/><U45/><E41/><V74/><F105/><W65/><G65/><T132/><D132/><U92/><E19/><V61/><F74/><W59/><G59/><T90/><D54/><U49/><E77/><V70/><F70/><W58/><G58/><T117/><D117/><U116/><E32/><V82/><F35/><W55/><G30/><T7/><D27/><U108/><E108/><V24/><F53/><W88/><G4/><T9/><D18/><U78/><E116/><V134/><F134/><W67/><G67/><T122/><D122/><U107/><E107/><V98/><F98/><W91/><REACH who="3" step="1"/><G99/><REACH who="3" ten="479,102,190,219" step="2"/><N who="0" m="61503" /><D7/><U66/><E66/><V46/><F46/><W48/><G48/><T5/><D96/><U36/><E36/><V15/><F56/><W73/><G73/><T34/><D5/><U79/><E31/><V26/><F61/><W126/><G126/><T57/><D57/><U12/><E28/><V123/><F123/><W23/><G23/><T22/><D22/><U93/><E87/><V20/><F20/><W13/><G13/><T115/><D69/><U38/><E38/><RYUUKYOKU ba="0,1" sc="479,-15,102,15,190,-15,219,15" hai1="1,6,11,12,17,21,42,45,49,78,79,92,93" hai3="0,2,44,50,55,60,62,63,88,89,91,95,97" /><INIT seed="3,1,1,3,0,114" ten="464,117,175,234" oya="3" hai0="33,99,110,73,40,52,75,106,32,55,65,30,6" hai1="35,54,45,9,64,17,67,28,130,93,79,109,115" hai2="27,124,48,46,16,97,87,38,91,102,23,117,4" hai3="126,15,11,94,120,90,84,95,12,133,83,68,58"/><W66/><G120/><T24/><D33/><U61/><E115/><V98/><F38/><W41/><G68/><T18/><D110/><U103/><E130/><V42/><F124/><W71/><G71/><T47/><D6/><U70/><E109/><V10/><F117/><W116/><G126/><T77/><D65/><U101/><E67/><V132/><F102/><W3/><G133/><T107/><D18/><U20/><E79/><V26/><F26/><W22/><G41/><T37/><D107/><U96/><E35/><V121/><F121/><W43/><G43/><T13/><D13/><U72/><E28/><V31/><F31/><W108/><G3/><T111/><D111/><U21/><E72/><V60/><F60/><N who="3" m="38167" /><G116/><T122/><D122/><U56/><E103/><V5/><F5/><N who="3" m="3183" /><G108/><T129/><D129/><U25/><E21/><V119/><F132/><W104/><G104/><T63/><D63/><U8/><REACH who="1" step="1"/><E45/><REACH who="1" ten="464,107,175,234" step="2"/><V44/><F46/><W86/><G22/><T2/><D2/><U51/><AGARI ba="1,2" hai="8,9,17,20,25,51,54,56,61,64,70,93,96,101" machi="51" ten="20,8000,1" yaku="1,1,2,1,0,1,7,1,53,1" doraHai="114" doraHaiUra="59" who="1" fromWho="1" sc="464,-21,107,103,175,-21,234,-41" owari="443,54.3,210,1.0,154,-34.6,193,-20.7" /></mjloggm>