<mjloggm ver="2.3"><GO type="225" lobby="0"/><UN n0="%E9%B3%B3%E6%9D%B1%E3%81%AE%E3%81%86%E3%81%95%E3%81%8E%E3%81%95%E3%82%93" n1="%E3%81%B5%E3%81%98%E3%81%8B%E3%81%A4" n2="%E3%81%86%E3%82%8C%E3%81%9F%E3%82%93%E6%9E%95" n3="%E3%81%AF%E3%82%88%E3%81%8A%E3%81%98%E3%81%95%E3%82%93" dan="17,16,16,17" rate="2265.28,2189.69,2087.12,2172.56" sx="M,M,F,M"/><TAIKYOKU oya="0"/><INIT seed="0,0,0,0,2,18" ten="250,250,250,250" oya="0" hai0="99,74,127,63,72,110,134,97,48,12,124,50,131" hai1="76,69,3,105,84,45,95,4,123,66,101,38,90" hai2="111,54,81,93,42,20,57,126,29,87,86,120,26" hai3="1,39,33,17,106,25,13,70,132,80,117,100,71"/><T64/><D131/><U60/><E123/><V56/><F120/><W21/><G117/><T0/><D0/><U109/><E109/><V47/><F111/><W116/><G116/><T119/><D119/><U24/><E76/><V122/><F126/><N who="0" m="48170" /><D110/><U78/><E78/><V114/><F114/><W59/><G39/><T36/><D36/><U2/><E4/><V85/><F122/><W53/><G1/><T6/><D134/><U133/><E133/><V89/><F54/><W77/><G132/><T104/><D48/><U115/><E115/><V52/><F57/><W125/><G125/><T40/><D50/><U68/><E68/><V121/><F121/><W135/><G135/><T41/><D97/><U44/><E44/><V92/><F42/><N who="0" m="16490" /><D99/><U7/><E7/><V113/><F47/><W91/><G100/><T11/><D104/><U112/><E112/><V130/><F113/><W67/><G106/><T8/><D8/><U82/><E105/><V22/><F130/><W35/><G91/><T37/><D37/><U34/><E101/><V107/><F107/><W16/><G77/><T83/><D83/><U73/><E82/><V65/><F81/><W5/><G80/><T43/><N who="0" m="16498" /><T62/><DORA hai="30" /><D62/><U23/><E45/><V58/><F93/><W9/><G5/><T128/><D128/><U15/><E38/><V98/><F92/><W51/><REACH who="3" step="1"/><G67/><REACH who="3" ten="250,250,250,240" step="2"/><T88/><D88/><N who="1" m="53639" /><E66/><V27/><F89/><W94/><G94/><T75/><D64/><N who="1" m="41095" /><E90/><V14/><F98/><W61/><G61/><T79/><D63/><U108/><E2/><V28/><F65/><RYUUKYOKU ba="0,1" sc="250,15,250,-15,250,-15,240,15" hai0="6,11,12,72,74,75,79" hai3="9,13,16,17,21,25,33,35,51,53,59,70,71" /><INIT seed="0,1,1,4,2,108" ten="265,235,235,255" oya="0" hai0="118,47,122,100,130,116,99,76,44,123,82,86,119" hai1="75,4,59,115,40,66,29,80,73,114,17,109,126" hai2="48,37,135,62,77,53,133,91,55,96,2,13,65" hai3="134,30,131,36,68,20,16,90,5,61,93,106,10"/><T22/><D22/><U0/><E109/><V41/><F37/><W87/><G106/><N who="0" m="63775" /><D44/><U60/><E29/><V32/><F2/><W49/><G36/><T129/><D47/><U35/><E35/><V56/><F77/><W63/><G68/><T46/><D46/><U54/><E40/><V71/><F32/><W94/><G131/><AGARI ba="1,1" hai="76,82,86,116,118,119,122,123,129,130,131" m="63775" machi="131" ten="40,7700,0" yaku="19,1,34,2" doraHai="108" who="0" fromWho="3" sc="265,90,235,0,235,0,255,-80" /><INIT seed="0,2,0,4,5,107" ten="355,235,235,175" oya="0" hai0="127,63,89,38,134,94,121,91,35,86,48,56,1" hai1="82,50,114,19,104,42,98,14,103,69,129,72,62" hai2="37,96,117,108,90,23,92,79,118,81,16,26,6" hai3="115,85,119,105,21,111,41,45,29,12,0,84,58"/><T32/><D121/><U99/><E129/><V5/><F37/><W2/><G115/><T54/><D38/><U60/><E114/><V44/><F44/><W116/><G105/><T70/><D134/><U113/><E113/><V13/><F108/><W74/><G111/><T43/><D127/><U33/><E33/><V130/><F130/><W47/><G58/><T11/><D89/><U15/><E98/><V120/><F120/><W46/><G41/><T36/><D1/><U17/><E69/><V28/><F117/><W93/><G93/><T112/><D11/><U87/><E72/><V68/><F68/><W52/><G46/><N who="0" m="23911" /><D112/><U80/><E50/><V64/><F64/><AGARI ba="2,0" hai="32,35,48,54,56,63,64,70,86,91,94" m="23911" machi="64" ten="30,1500,0" yaku="24,1" doraHai="107" who="0" fromWho="2" sc="355,21,235,0,235,-21,175,0" /><INIT seed="0,3,0,2,3,97" ten="376,235,214,175" oya="0" hai0="89,24,133,54,124,78,28,1,57,17,99,127,0" hai1="8,20,75,116,106,77,85,56,110,103,93,26,88" hai2="42,14,37,53,58,61,2,123,86,47,126,66,7" hai3="112,105,31,73,25,79,3,114,68,46,135,96,21"/><T6/><D78/><U60/><E116/><V132/><F123/><W22/><G3/><T125/><D133/><U109/><E8/><V4/><F132/><W36/><G135/><T84/><D17/><U91/><E91/><V18/><F126/><W90/><G68/><T51/><D6/><U120/><E120/><V43/><F2/><W64/><G64/><T9/><D9/><U82/><E56/><V121/><F42/><W76/><G21/><T131/><D99/><N who="1" m="61823" /><E60/><V69/><F121/><W115/><G73/><T87/><D131/><U50/><E50/><N who="2" m="31031" /><F86/><N who="0" m="32810" /><D89/><U62/><E62/><V72/><F72/><W59/><G59/><T45/><D57/><U101/><E101/><V100/><F100/><W16/><G105/><T98/><D98/><U30/><AGARI ba="3,0" hai="20,26,30,75,77,82,85,88,93,109,110" m="61823" machi="30" ten="30,4000,0" yaku="24,1,52,1,54,1" doraHai="97" who="1" fromWho="1" sc="376,-23,235,49,214,-13,175,-13" /><INIT seed="1,0,0,2,2,7" ten="353,284,201,162" oya="1" hai0="51,25,112,45,113,132,22,81,97,29,71,89,47" hai1="107,37,61,4,80,70,125,78,121,69,116,93,135" hai2="68,18,101,36,77,16,43,33,91,15,124,17,106" hai3="82,114,56,23,40,92,103,99,60,39,117,31,13"/><U38/><E121/><V115/><F68/><W127/><G114/><T46/><D71/><U41/><E116/><V129/><F115/><W84/><G117/><T72/><D132/><U63/><E125/><V95/><F124/><W134/><G127/><T26/><D51/><U90/><E107/><V126/><F126/><W58/><G134/><T110/><D110/><U111/><E135/><V85/><F33/><W14/><G56/><T10/><D10/><U49/><E111/><V30/><F30/><W48/><G39/><T74/><D74/><U105/><E105/><V21/><F129/><W133/><G133/><T98/><D98/><U88/><E4/><V50/><F36/><W32/><G32/><T24/><D72/><U54/><E69/><V130/><F130/><W83/><G40/><T104/><D104/><U65/><E63/><V66/><F66/><N who="3" m="39191" /><G48/><T64/><D64/><U55/><E55/><V0/><F0/><W119/><G119/><T59/><D59/><N who="1" m="33231" /><E93/><N who="2" m="54511" /><F106/><W108/><G108/><T8/><D112/><U94/><E94/><V42/><F77/><N who="3" m="46159" /><G83/><T67/><D113/><U100/><E100/><V19/><F50/><W62/><G62/><T87/><D67/><U123/><E37/><V118/><F118/><W1/><G1/><T57/><D81/><U11/><E123/><V109/><F109/><W9/><G9/><T131/><D131/><U120/><E11/><V128/><F128/><W122/><G122/><T44/><D8/><U34/><E34/><V35/><F35/><W96/><G96/><AGARI ba="0,0" hai="15,16,17,18,19,21,42,43,95,96,101" m="54511" machi="96" ten="30,2000,0" yaku="8,1,54,1" doraHai="7" who="2" fromWho="3" sc="353,0,284,0,201,20,162,-20" /><INIT seed="2,0,0,3,1,23" ten="353,284,221,142" oya="2" hai0="35,70,80,8,21,36,118,33,38,107,78,63,45" hai1="112,98,95,129,39,74,7,12,54,79,85,53,1" hai2="132,48,15,116,58,125,34,99,29,47,3,77,103" hai3="114,122,110,5,84,89,104,52,17,66,49,2,108"/><V135/><F116/><W134/><G122/><T97/><D21/><U100/><E112/><V83/><F125/><W88/><G104/><T71/><D8/><U64/><E39/><N who="0" m="14889" /><D45/><U131/><E64/><V18/><F3/><W59/><G114/><T42/><D42/><U90/><E1/><V115/><F115/><W6/><G134/><N who="2" m="51241" /><F58/><W120/><G120/><T87/><D87/><U81/><E12/><V30/><F34/><N who="0" m="12810" /><D63/><U73/><E7/><V121/><F121/><W44/><G89/><T127/><D127/><U101/><E53/><N who="2" m="29855" /><F18/><W92/><G2/><T102/><D118/><U41/><E54/><V62/><F62/><W61/><REACH who="3" step="1"/><G17/><REACH who="3" ten="353,284,221,132" step="2"/><T55/><D107/><N who="1" m="63895" /><E41/><V9/><F30/><W105/><G105/><T27/><D102/><U46/><E101/><V51/><F29/><W130/><G130/><N who="1" m="49674" /><E46/><V76/><F103/><W13/><G13/><T91/><D91/><U40/><E40/><V106/><F106/><W32/><G32/><T123/><D123/><U69/><E69/><V37/><F15/><W31/><G31/><T93/><D71/><U43/><E43/><V82/><F76/><W11/><G11/><T124/><D78/><U60/><E60/><V25/><F9/><W26/><G26/><T96/><D27/><U57/><E57/><V117/><F25/><W111/><AGARI ba="0,1" hai="5,6,44,49,52,59,61,66,84,88,92,108,110,111" machi="111" ten="30,12000,2" yaku="1,1,0,1,14,1,54,2,53,1" doraHai="23" doraHaiUra="86" who="3" fromWho="3" sc="353,-30,284,-30,221,-60,132,130" /><INIT seed="3,0,0,0,1,133" ten="323,254,161,262" oya="3" hai0="1,50,114,102,117,82,5,12,128,25,16,2,111" hai1="20,127,75,112,132,62,135,107,33,97,63,10,118" hai2="78,27,98,79,85,48,120,24,92,84,69,113,31" hai3="39,21,15,26,32,89,68,124,65,134,49,58,19"/><W52/><G134/><N who="1" m="51242" /><E127/><V83/><F113/><W70/><G124/><T121/><D117/><U59/><E33/><V91/><F120/><W88/><G39/><T90/><D121/><U126/><E126/><V76/><F69/><W36/><G36/><T67/><D128/><U7/><E118/><V74/><F74/><W37/><G37/><T56/><D111/><U51/><E75/><V29/><F48/><W71/><G65/><T131/><D131/><U41/><E20/><V40/><F40/><W57/><G57/><T115/><D102/><N who="1" m="62927" /><E112/><N who="0" m="43049" /><D5/><U123/><E123/><V101/><REACH who="2" step="1"/><F85/><REACH who="2" ten="323,254,151,262" step="2"/><W122/><G122/><T72/><D50/><U6/><E41/><V18/><F18/><W61/><G49/><T23/><D16/><U34/><E51/><V42/><F42/><W86/><G86/><T77/><D72/><U119/><E119/><V14/><F14/><W30/><AGARI ba="0,1" hai="15,19,21,26,30,32,52,58,61,68,70,71,88,89" machi="30" ten="40,7800,0" yaku="0,1,54,2" doraHai="133" who="3" fromWho="3" sc="323,-26,254,-26,151,-26,262,88" owari="297,9.7,228,-17.2,125,-37.5,350,45.0" /></mjloggm>