<mjloggm ver="2.3"><GO type="225" lobby="0"/><UN n0="%72%61%6B%33" n1="%6D%75%75%6D%75%72%61" n2="%E3%82%BC%E3%83%AB%E3%83%80%E3%81%AE%E4%BC%9D%E8%AA%AC" n3="%E7%9C%9F%E4%B8%80" dan="17,16,16,17" rate="2248.13,2088.48,2120.52,2245.70" sx="M,F,M,M"/><TAIKYOKU oya="0"/><INIT seed="0,0,0,2,3,19" ten="250,250,250,250" oya="0" hai0="128,103,93,118,9,134,46,123,43,81,122,1,0" hai1="69,107,91,101,75,116,47,132,89,8,71,87,40" hai2="54,72,51,10,110,49,55,66,17,82,114,53,33" hai3="109,65,127,119,3,6,25,11,21,88,44,68,78"/><T121/><D118/><U31/><E116/><V37/><F33/><W45/><G119/><T96/><D128/><U74/><E132/><V76/><F114/><W104/><G104/><T99/><D134/><U94/><E107/><V2/><F110/><W85/><G109/><T77/><D99/><U97/><E31/><V4/><F66/><W80/><G127/><T41/><D9/><U98/><E8/><V5/><F5/><W63/><REACH who="3" step="1"/><G78/><REACH who="3" ten="250,250,250,240" step="2"/><T111/><D111/><U67/><E75/><V131/><F131/><W58/><G58/><T27/><D123/><U125/><E74/><V83/><F37/><W26/><G26/><T73/><D122/><U59/><E125/><V20/><REACH who="2" step="1"/><F82/><REACH who="2" ten="250,250,240,240" step="2"/><W24/><G24/><AGARI ba="0,2" hai="2,4,10,17,20,24,49,51,53,54,55,72,76,83" machi="24" ten="40,8000,1" yaku="1,1,2,1,52,1,53,1" doraHai="19" doraHaiUra="23" who="2" fromWho="3" sc="250,0,250,0,240,100,240,-80" /><INIT seed="1,0,0,1,5,73" ten="250,250,340,160" oya="1" hai0="134,94,33,42,100,108,69,31,117,111,84,63,49" hai1="107,11,55,21,79,43,109,89,41,50,103,114,92" hai2="14,8,83,48,57,77,52,119,82,91,34,7,58" hai3="2,126,22,115,101,122,17,132,47,106,30,35,99"/><U121/><E114/><V75/><F119/><W127/><G122/><T62/><D117/><U97/><E121/><V37/><F37/><W12/><G115/><T133/><D31/><U19/><E109/><N who="0" m="42057" /><D33/><U80/><E11/><V51/><F34/><W93/><G132/><N who="0" m="50795" /><D100/><U95/><E107/><V135/><F135/><W85/><G2/><T29/><D29/><U70/><E70/><V96/><F96/><W131/><G131/><T68/><D84/><U16/><E95/><V18/><F7/><W98/><G85/><T38/><D94/><U10/><E10/><V61/><F57/><W39/><G30/><T53/><D42/><U6/><E6/><V4/><F91/><W102/><REACH who="3" step="1"/><G35/><REACH who="3" ten="250,250,340,150" step="2"/><T104/><D38/><U74/><E103/><V59/><F75/><W125/><G125/><T60/><D104/><U105/><E105/><V32/><F32/><W87/><G87/><T56/><AGARI ba="0,1" hai="49,53,56,60,62,63,68,69" m="50795,42057" machi="56" ten="40,8000,1" yaku="14,1,20,1,34,2" doraHai="73" who="0" fromWho="0" sc="250,90,250,-40,340,-20,150,-20" /><INIT seed="2,0,0,3,4,67" ten="340,210,320,130" oya="2" hai0="61,59,29,124,4,107,2,54,82,110,108,51,92" hai1="70,115,76,98,23,35,56,17,77,113,46,33,75" hai2="102,8,129,111,52,58,18,32,53,42,13,100,135" hai3="95,125,26,28,86,7,103,44,133,21,134,25,80"/><V15/><F32/><W1/><G125/><T57/><D107/><U79/><E75/><V24/><F135/><N who="3" m="51723" /><G44/><T37/><D29/><U78/><E46/><V120/><F120/><W71/><G103/><T20/><D20/><U127/><E127/><V68/><F129/><W84/><G95/><T19/><D19/><U99/><E56/><V116/><F116/><W14/><G86/><T40/><D4/><U48/><E48/><V89/><F111/><W73/><G73/><T122/><D2/><U66/><N who="1" m="19456" /><DORA hai="10" /><U47/><E47/><V3/><F68/><W12/><G84/><T72/><D92/><U31/><E31/><V119/><F3/><W83/><G71/><T90/><D90/><U65/><E65/><V126/><F119/><W104/><G104/><T34/><D82/><N who="3" m="31273" /><G26/><T128/><D72/><U62/><E99/><V6/><F24/><W132/><N who="3" m="51731" /><W131/><DORA hai="109" /><G131/><T114/><D128/><U123/><E98/><V105/><F126/><W81/><N who="3" m="31281" /><W49/><DORA hai="88" /><G49/><T50/><D50/><U27/><REACH who="1" step="1"/><E123/><REACH who="1" ten="340,200,320,130" step="2"/><V85/><F58/><W30/><G30/><T60/><D57/><U0/><E0/><V130/><F130/><W55/><G55/><T118/><D54/><U74/><E74/><V94/><F53/><W117/><G117/><T16/><D124/><U121/><E121/><V64/><F52/><W38/><G38/><T87/><D37/><U97/><E97/><V41/><F64/><W22/><G22/><T93/><D110/><U101/><E101/><N who="2" m="39019" /><F105/><W45/><G45/><N who="0" m="26023" /><D108/><U91/><E91/><V36/><F36/><RYUUKYOKU ba="0,1" sc="340,-30,200,10,320,10,130,10" hai1="17,23,27,33,35,62,66,70,113,115" hai2="6,8,13,15,18,41,42,85,89,94" hai3="1,7,12,14,21,25,28" /><INIT seed="2,1,1,1,3,131" ten="310,210,330,140" oya="2" hai0="38,50,25,64,45,34,16,115,134,20,116,94,7" hai1="12,36,123,133,118,42,105,1,91,70,19,30,126" hai2="21,61,95,80,69,2,98,125,59,128,39,55,76" hai3="31,67,54,56,75,35,84,22,87,132,62,120,23"/><V28/><F125/><W113/><G120/><T8/><D134/><U111/><RYUUKYOKU type="yao9" ba="1,1" sc="310,0,210,0,330,0,140,0" hai1="1,12,19,30,36,42,70,91,105,111,118,123,126,133" /><INIT seed="2,2,1,2,2,70" ten="310,210,330,140" oya="2" hai0="45,107,94,6,31,134,37,121,133,8,49,62,80" hai1="76,66,46,96,51,48,109,28,97,18,117,16,29" hai2="10,1,112,5,44,27,130,0,55,26,111,85,53" hai3="73,47,90,61,127,124,38,100,19,63,22,64,93"/><V83/><F112/><W35/><G35/><T74/><D107/><U11/><E117/><V59/><F130/><W122/><G73/><T32/><D121/><U120/><E109/><V87/><F111/><W68/><G122/><T33/><D94/><U98/><E120/><V77/><F0/><W104/><G104/><T113/><D62/><U75/><E75/><V78/><F44/><W40/><G100/><T57/><D57/><U60/><E76/><V84/><F53/><W101/><G101/><T36/><D113/><U39/><E39/><N who="0" m="14921" /><D80/><U34/><E34/><V103/><F103/><W7/><G7/><T21/><D21/><U2/><E2/><V25/><REACH who="2" step="1"/><F83/><REACH who="2" ten="310,210,320,140" step="2"/><W126/><G63/><AGARI ba="2,2" hai="1,5,10,25,26,27,55,59,63,77,78,84,85,87" machi="63" ten="40,3900,0" yaku="1,1,2,1,53,0" doraHai="70" doraHaiUra="102" who="2" fromWho="3" sc="310,0,210,0,320,65,140,-45" /><INIT seed="2,3,0,2,0,76" ten="310,210,385,95" oya="2" hai0="25,54,29,132,21,130,73,87,134,31,88,52,82" hai1="51,9,128,27,62,129,5,30,102,110,42,125,120" hai2="37,40,92,122,63,103,91,23,112,11,68,111,115" hai3="119,84,93,46,38,14,72,66,69,118,70,18,75"/><V89/><F122/><W104/><G104/><T48/><D130/><U36/><E120/><V8/><F103/><W32/><G32/><T117/><D117/><U98/><E110/><V94/><F23/><W15/><G66/><T12/><D73/><U1/><E125/><V124/><F63/><W97/><G84/><T49/><D29/><U0/><E51/><N who="0" m="19529" /><D12/><U28/><E1/><V105/><F105/><W59/><G59/><T50/><D50/><U109/><E62/><V86/><F68/><W116/><G46/><T85/><D85/><U3/><E3/><V133/><F124/><W20/><G38/><T101/><D101/><U34/><E28/><V81/><F111/><W65/><G65/><T6/><D6/><U35/><E35/><V67/><F67/><W19/><G97/><T108/><D108/><U10/><E10/><V55/><F55/><W47/><G47/><T106/><D106/><N who="1" m="63831" /><E109/><V53/><F53/><W135/><G93/><T77/><D77/><U123/><E123/><V26/><F86/><W96/><G96/><T22/><D22/><U61/><E61/><V4/><F37/><W121/><G121/><T17/><D31/><U45/><AGARI ba="3,0" hai="0,5,9,27,30,34,36,42,45,128,129" m="63831" machi="45" ten="30,1100,0" yaku="23,1" doraHai="76" who="1" fromWho="1" sc="310,-6,210,20,385,-8,95,-6" /><INIT seed="3,0,0,2,2,103" ten="304,230,377,89" oya="3" hai0="37,80,89,12,10,55,14,16,36,79,58,120,95" hai1="93,106,71,67,63,19,46,68,82,104,126,100,94" hai2="2,59,84,28,42,119,49,22,61,131,107,115,23" hai3="121,53,109,123,75,1,7,97,45,64,133,65,48"/><W52/><G75/><T21/><D120/><N who="3" m="46153" /><G1/><T86/><D10/><U127/><E71/><V91/><F115/><W30/><G97/><T74/><REACH who="0" step="1"/><D12/><REACH who="0" ten="294,230,377,89" step="2"/><U24/><E82/><V111/><F2/><W124/><G7/><T11/><D11/><U25/><E46/><V130/><F130/><W102/><G102/><T72/><D72/><U135/><E100/><V98/><F131/><W40/><G30/><T114/><D114/><U87/><E135/><V134/><F134/><W13/><G13/><T39/><D39/><U110/><E110/><V90/><F28/><W85/><G85/><T112/><D112/><U38/><E38/><V105/><F111/><W15/><G15/><T47/><D47/><U57/><E68/><V70/><F84/><W78/><G78/><T6/><D6/><U60/><E87/><V116/><F70/><W5/><G5/><T18/><D18/><U4/><E4/><V96/><F119/><W0/><G0/><T26/><D26/><U117/><E117/><V9/><F9/><W73/><G109/><T129/><D129/><U20/><E19/><V50/><F116/><W8/><G133/><T33/><D33/><U34/><E34/><V101/><F96/><W108/><G108/><T54/><D54/><N who="3" m="21097" /><G73/><T17/><D17/><U51/><E20/><V83/><F98/><W113/><G113/><T44/><D44/><U92/><E24/><V77/><F22/><W56/><G124/><T32/><D32/><U69/><E25/><V88/><F23/><W27/><G8/><T43/><D43/><U31/><E127/><V35/><F42/><RYUUKYOKU ba="0,1" sc="294,30,230,-10,377,-10,89,-10" hai0="14,16,21,36,37,55,58,74,79,80,86,89,95" owari="324,12.4,220,-18.0,377,47.7,79,-42.1" /></mjloggm>