<mjloggm ver="2.3"><GO type="225" lobby="0"/><UN n0="%E7%AD%89%E3%80%85%E5%8A%9B%E5%8A%87%E5%A0%B4" n1="%E3%81%A9%E3%82%93%E3%82%88%E3%81%8F%4D%6B%2E%32" n2="%38%63%E3%81%AF%E3%81%A3%E3%81%97%E3%83%BC" n3="%E3%82%BC%E3%83%AB%E3%83%80%E3%81%AE%E4%BC%9D%E8%AA%AC" dan="16,16,16,16" rate="2149.50,2176.38,2080.39,2195.10" sx="M,M,M,M"/><TAIKYOKU oya="0"/><INIT seed="0,0,0,0,5,99" ten="250,250,250,250" oya="0" hai0="2,12,118,127,133,92,80,13,116,15,18,130,38" hai1="123,81,28,119,115,113,56,14,64,57,27,126,5" hai2="46,61,134,83,86,129,59,106,73,21,53,68,103" hai3="63,120,90,108,54,42,36,102,78,128,87,24,82"/><T89/><D2/><U32/><E123/><V55/><F68/><W95/><G120/><T4/><D38/><U37/><E37/><V23/><F73/><W79/><G108/><T72/><D133/><U124/><E81/><V3/><F3/><W20/><G128/><T101/><D127/><N who="1" m="48683" /><E64/><V22/><F129/><W62/><G42/><T60/><D130/><U41/><E41/><V85/><F134/><W58/><G36/><T16/><D4/><U34/><E57/><V66/><F46/><W39/><G39/><T94/><D60/><U111/><E56/><V45/><F45/><W75/><G63/><T121/><D121/><U100/><E100/><V122/><F122/><W110/><G110/><T125/><D125/><U117/><E34/><V10/><F103/><W132/><G132/><T97/><D80/><U35/><E35/><V19/><F106/><W67/><G54/><N who="2" m="20489" /><F83/><W43/><G43/><T8/><D72/><U114/><E111/><V98/><F98/><N who="3" m="59743" /><G75/><T31/><D118/><U17/><E5/><V6/><F6/><W105/><G105/><T107/><D116/><U29/><E29/><AGARI ba="0,0" hai="20,24,29,58,62,67,78,79,82,87,90" m="59743" machi="29" ten="30,3900,0" yaku="25,1,8,1,52,1" doraHai="99" who="3" fromWho="1" sc="250,0,250,-39,250,0,250,39" /><INIT seed="1,0,0,0,0,46" ten="250,211,250,289" oya="1" hai0="81,44,30,34,41,69,125,73,82,22,86,9,36" hai1="28,47,105,99,135,57,52,1,56,0,70,72,32" hai2="40,58,95,76,130,15,89,87,5,83,117,79,4" hai3="24,55,108,132,49,10,50,119,54,112,92,25,111"/><U33/><E72/><V97/><F117/><W61/><G112/><T84/><D69/><U71/><E135/><V59/><F130/><W114/><G114/><T63/><D34/><U91/><E28/><V8/><F79/><W106/><G106/><T66/><D125/><U75/><E75/><V18/><F40/><W45/><G132/><T78/><D9/><U37/><E37/><V116/><F116/><W93/><G119/><T35/><D35/><U20/><E20/><V77/><F77/><W74/><G74/><T31/><D73/><U17/><E17/><V134/><F134/><W12/><G61/><T85/><D85/><U115/><E115/><V7/><AGARI ba="0,0" hai="4,5,7,8,15,18,58,59,76,83,87,89,95,97" machi="7" ten="30,2000,0" yaku="0,1,8,1" doraHai="46" who="2" fromWho="2" sc="250,-5,211,-10,250,20,289,-5" /><INIT seed="2,0,0,3,5,134" ten="245,201,270,284" oya="2" hai0="130,15,90,46,43,38,96,107,33,81,98,110,4" hai1="19,120,12,83,85,36,92,45,114,34,18,51,135" hai2="101,28,74,131,55,116,68,133,27,100,62,113,42" hai3="115,128,31,1,53,109,102,104,122,123,126,60,8"/><V39/><F116/><W99/><G109/><T67/><D33/><U125/><E36/><V118/><F118/><W50/><G128/><T13/><D110/><U103/><E114/><V14/><F113/><W47/><G115/><T106/><D130/><U30/><E135/><V59/><F74/><W63/><G31/><T93/><D67/><U88/><E120/><V77/><F77/><W78/><G78/><T29/><D29/><U5/><E34/><V119/><F119/><W26/><G26/><T7/><D81/><U48/><E30/><V95/><F133/><W105/><G105/><T111/><D111/><U80/><E51/><V127/><F68/><W73/><G73/><T21/><D107/><U87/><E125/><V44/><F14/><W49/><G126/><T72/><D72/><U121/><E121/><V35/><F127/><W22/><G22/><T17/><REACH who="0" step="1"/><D15/><REACH who="0" ten="235,201,270,284" step="2"/><U56/><E83/><V25/><F131/><W66/><G66/><T40/><D40/><U84/><E80/><V70/><F25/><W20/><G123/><T82/><D82/><U97/><E103/><AGARI ba="0,1" hai="4,7,13,17,21,38,43,46,90,93,96,98,103,106" machi="103" ten="40,2600,0" yaku="1,1,53,1" doraHai="134" doraHaiUra="71" who="0" fromWho="1" sc="235,36,201,-26,270,0,284,0" /><INIT seed="3,0,0,2,5,47" ten="271,175,270,284" oya="3" hai0="62,56,33,81,130,86,9,54,98,39,10,94,16" hai1="76,121,61,95,127,80,22,103,38,50,101,58,132" hai2="45,119,115,14,126,105,100,7,6,28,96,66,109" hai3="2,114,116,13,112,67,111,21,53,3,29,30,124"/><W129/><G67/><T87/><D39/><U108/><E38/><V44/><F119/><W52/><G116/><T104/><D33/><U27/><E121/><V79/><F115/><W11/><G124/><T34/><D34/><U41/><E127/><V32/><F126/><W97/><G97/><T120/><D104/><U93/><E132/><V78/><F66/><W82/><G82/><T46/><D120/><U83/><E108/><V118/><F109/><W135/><G111/><T8/><D130/><U107/><E107/><V5/><F14/><W49/><G129/><T63/><D46/><N who="1" m="25935" /><E103/><V131/><F131/><W74/><G74/><T36/><D36/><U18/><E76/><V128/><F128/><W60/><G135/><T91/><D87/><U24/><E24/><V37/><F44/><W99/><G99/><T113/><D113/><U73/><E73/><V26/><F118/><W25/><G30/><T0/><D0/><N who="3" m="41" /><G53/><T77/><D63/><U133/><E133/><V102/><F102/><W125/><G60/><T123/><D123/><U117/><E117/><V134/><F134/><W69/><G69/><T71/><D71/><U90/><E101/><V23/><F32/><W31/><G31/><T92/><D94/><N who="1" m="35851" /><E90/><V57/><F57/><N who="3" m="32911" /><G125/><T17/><AGARI ba="0,0" hai="8,9,10,16,17,54,56,62,77,81,86,91,92,98" machi="17" ten="30,4000,0" yaku="0,1,8,1,54,1" doraHai="47" who="0" fromWho="0" sc="271,40,175,-10,270,-10,284,-20" owari="311,41.1,165,-33.5,260,-14.0,264,6.4" /></mjloggm>