<mjloggm ver="2.3"><GO type="225" lobby="0"/><UN n0="%E3%82%BC%E3%83%AB%E3%83%80%E3%81%AE%E4%BC%9D%E8%AA%AC" n1="%77%72%77%72%77%72%77%72" n2="%E3%81%BF%E3%81%BF%E3%81%9A" n3="%6D%61%74%69%67%75%73%61" dan="18,17,18,17" rate="2206.00,2195.21,2250.24,2157.77" sx="M,M,M,M"/><TAIKYOKU oya="0"/><INIT seed="0,0,0,4,3,73" ten="250,250,250,250" oya="0" hai0="105,23,59,89,1,67,9,132,126,109,110,60,120" hai1="66,19,29,115,28,99,94,50,46,103,116,64,55" hai2="70,27,124,34,41,4,90,37,131,58,5,97,112" hai3="92,47,61,113,11,85,25,101,31,65,87,78,77"/><T39/><D120/><U26/><E116/><V38/><F70/><W118/><G113/><T33/><D33/><U69/><E115/><V127/><F112/><W111/><G118/><T22/><D105/><U122/><E122/><V119/><F119/><W63/><G111/><N who="0" m="42507" /><D39/><U0/><E0/><V7/><F131/><W96/><G47/><T16/><D126/><N who="2" m="48170" /><F41/><W121/><G121/><T114/><D114/><U100/><E100/><V128/><F128/><W45/><G45/><T72/><D132/><U129/><E129/><V130/><F130/><W102/><G11/><T3/><D72/><U75/><E75/><V12/><F12/><W49/><G49/><T13/><D89/><U24/><E69/><V15/><F15/><W51/><G51/><T107/><D107/><U134/><E134/><V83/><F58/><N who="3" m="37047" /><G63/><T18/><D23/><N who="1" m="13439" /><E26/><AGARI ba="0,0" hai="1,3,9,13,16,18,22,26,59,60,67" m="42507" machi="26" ten="30,5800,0" yaku="14,1,10,1,54,1" doraHai="73" who="0" fromWho="1" sc="250,58,250,-58,250,0,250,0" /><INIT seed="0,1,0,5,2,10" ten="308,192,250,250" oya="0" hai0="56,17,52,38,2,110,128,71,99,92,131,24,30" hai1="51,28,39,55,85,60,106,32,83,117,119,102,14" hai2="36,63,53,64,18,103,89,91,44,5,135,21,16" hai3="46,120,65,7,133,96,50,6,49,67,27,76,84"/><T125/><D71/><U33/><E39/><V11/><F135/><W82/><G133/><T57/><D38/><U132/><E132/><V124/><F124/><W108/><G108/><T9/><D125/><U4/><E60/><V20/><F103/><W105/><G120/><T104/><D104/><U23/><E106/><V35/><F35/><W19/><G96/><T78/><D78/><U62/><E62/><V25/><F36/><W134/><G50/><T118/><D118/><U8/><E102/><V107/><F107/><W69/><G134/><T80/><D80/><U88/><E32/><V42/><F53/><W97/><G97/><T87/><D87/><U79/><E33/><V129/><F129/><N who="0" m="49738" /><D110/><U31/><E79/><V95/><F44/><W29/><G29/><T15/><D2/><U41/><E41/><V81/><F42/><N who="3" m="24791" /><G69/><T115/><D115/><U54/><E54/><V47/><F47/><W112/><G112/><T73/><D73/><U101/><E101/><V70/><F81/><W45/><G45/><T43/><D43/><U13/><E119/><V34/><F34/><W116/><G116/><T86/><D86/><U26/><E117/><V100/><F95/><W126/><G126/><T72/><D72/><U77/><E77/><V109/><F100/><W1/><G1/><T127/><D127/><U122/><E122/><V58/><F109/><W40/><G40/><T98/><D92/><U66/><E28/><V113/><F113/><W61/><G105/><T121/><D121/><U0/><E66/><N who="3" m="25098" /><G61/><N who="0" m="35975" /><D57/><AGARI ba="1,0" hai="0,4,8,13,14,23,26,31,51,55,57,83,85,88" machi="57" ten="30,7700,0" yaku="7,1,52,2,54,1" doraHai="10" who="1" fromWho="0" sc="308,-80,192,80,250,0,250,0" /><INIT seed="1,0,0,4,1,77" ten="228,272,250,250" oya="1" hai0="13,80,42,68,28,14,100,121,101,39,10,94,27" hai1="31,43,97,119,132,24,3,106,71,128,95,44,78" hai2="75,86,62,33,11,130,12,19,9,125,52,64,76" hai3="26,47,90,54,123,58,65,55,102,46,30,92,116"/><U96/><E119/><V15/><F125/><W67/><G123/><T135/><D68/><U5/><E71/><V18/><F130/><W105/><G105/><T112/><D112/><U53/><E128/><V63/><F75/><W103/><G116/><T87/><D121/><U20/><E132/><V32/><F52/><N who="3" m="20011" /><G26/><T56/><D135/><U22/><E78/><V104/><F104/><W99/><G30/><T45/><D56/><U131/><E53/><V16/><F18/><W29/><G29/><T133/><D133/><U25/><E131/><V69/><F63/><N who="3" m="38135" /><G67/><T98/><D101/><AGARI ba="0,0" hai="46,47,90,92,99,101,102,103" m="38135,20011" machi="101" ten="30,2000,0" yaku="8,1,54,1" doraHai="77" who="3" fromWho="0" sc="228,-20,272,0,250,0,250,20" /><INIT seed="2,0,0,3,2,34" ten="208,272,250,270" oya="2" hai0="75,90,29,59,88,82,86,35,33,0,12,43,132" hai1="121,95,11,17,80,113,6,133,83,50,18,28,31" hai2="58,65,119,53,45,107,1,71,116,97,79,117,15" hai3="67,112,51,19,91,120,39,102,20,22,94,42,114"/><V77/><F71/><W111/><G120/><T46/><D132/><U36/><E36/><V109/><F65/><W131/><G39/><T115/><D115/><N who="3" m="44073" /><G111/><T66/><D0/><U26/><E113/><V64/><F64/><W68/><G102/><T78/><D12/><N who="1" m="5239" /><E121/><V23/><F45/><N who="3" m="26039" /><G131/><T57/><D90/><U89/><E133/><V54/><F1/><W5/><G5/><T73/><D73/><U76/><E50/><V124/><F124/><W9/><G9/><T104/><D104/><U56/><E56/><V134/><F134/><W135/><G19/><N who="1" m="7178" /><E76/><V62/><F15/><W110/><G110/><T41/><D29/><N who="1" m="11339" /><E26/><V24/><F109/><W52/><G135/><T99/><D99/><AGARI ba="0,0" hai="80,83,89,95,99" m="11339,7178,5239" machi="99" ten="30,1000,0" yaku="8,1" doraHai="34" who="1" fromWho="0" sc="208,-10,272,10,250,0,270,0" /><INIT seed="3,0,0,2,2,28" ten="198,282,250,270" oya="3" hai0="71,75,97,36,102,50,112,33,8,134,119,91,18" hai1="44,72,115,100,118,68,42,35,6,56,123,92,78" hai2="117,38,52,114,88,12,106,103,49,7,133,31,90" hai3="98,76,3,129,63,4,22,84,87,121,113,51,23"/><W108/><G113/><T130/><D119/><U109/><E68/><V16/><F114/><W101/><G121/><T77/><D112/><U54/><E115/><V53/><F38/><W127/><G129/><T30/><D36/><U122/><E35/><V47/><F117/><W37/><G37/><T96/><D130/><U95/><E118/><V41/><F31/><W45/><G127/><T105/><D71/><U0/><E109/><V62/><F133/><W13/><G3/><T40/><D134/><U15/><E100/><V135/><F135/><W74/><G74/><T43/><D77/><U93/><E15/><V1/><F1/><W110/><G63/><T104/><D75/><U99/><E99/><V116/><F116/><W39/><G39/><T11/><D18/><U79/><E44/><V58/><F7/><W132/><G132/><T126/><D126/><U59/><E42/><V120/><F120/><W111/><G4/><T29/><D50/><N who="1" m="30807" /><E59/><N who="2" m="35175" /><F103/><W32/><G32/><T48/><D48/><U82/><E78/><V5/><F5/><W46/><G76/><T24/><D30/><U27/><E6/><V17/><F106/><N who="3" m="63799" /><G46/><T57/><D57/><U85/><E0/><V64/><F41/><N who="0" m="15946" /><D104/><U131/><E131/><V14/><F14/><W26/><G13/><T67/><D67/><U89/><E27/><V61/><F16/><N who="3" m="12615" /><G23/><AGARI ba="0,0" hai="12,17,23,47,49,53,58,61,64,88,90" m="35175" machi="23" ten="30,3900,0" yaku="8,1,54,2" doraHai="28" who="2" fromWho="3" sc="198,0,282,0,250,39,270,-39" /><INIT seed="4,0,0,2,4,52" ten="198,282,289,231" oya="0" hai0="113,89,126,130,135,6,54,50,107,9,133,102,131" hai1="38,119,15,88,16,53,44,46,27,24,32,1,58" hai2="103,43,4,121,118,120,49,20,34,85,22,109,92" hai3="76,45,72,61,75,77,129,65,39,134,66,64,47"/><T25/><D89/><U60/><E1/><V68/><F109/><W59/><G129/><N who="0" m="49163" /><D102/><U105/><E105/><V11/><F34/><W128/><G134/><N who="0" m="51211" /><D107/><U40/><E119/><V19/><F68/><W51/><G128/><T30/><D50/><U110/><E110/><V7/><F118/><W55/><G39/><T26/><D54/><U56/><E32/><V18/><F121/><W31/><G31/><T12/><D113/><U2/><E2/><V124/><F120/><W13/><G13/><T41/><D41/><U91/><E44/><V33/><F103/><W71/><G71/><T79/><D79/><N who="3" m="30281" /><G75/><T21/><D26/><U96/><E96/><V112/><F43/><N who="3" m="25023" /><G72/><T74/><D74/><U87/><E91/><V23/><F112/><W70/><G70/><T98/><D98/><U106/><E58/><V94/><F85/><W10/><G47/><T8/><D8/><AGARI ba="0,0" hai="8,10,55,59,61,64,65,66" m="25023,30281" machi="8" ten="30,2000,0" yaku="8,1,52,1" doraHai="52" who="3" fromWho="0" sc="198,-20,282,0,289,0,231,20" /><INIT seed="5,0,0,1,2,118" ten="178,282,289,251" oya="1" hai0="64,13,92,36,93,67,128,126,54,30,69,96,51" hai1="117,94,15,120,95,109,99,56,63,19,87,91,83" hai2="47,46,77,5,34,133,98,106,11,18,97,127,27" hai3="59,55,84,61,85,29,8,17,10,7,100,31,60"/><U108/><E120/><V107/><F77/><W111/><G111/><N who="1" m="42570" /><E117/><V110/><F110/><W114/><G114/><T81/><D126/><U68/><E68/><V76/><F76/><W21/><G100/><T26/><D128/><U50/><E50/><V124/><F18/><W78/><G61/><T82/><D36/><U48/><E48/><V23/><F34/><W115/><G115/><T14/><D69/><U90/><E95/><V3/><F133/><W89/><G78/><T66/><D82/><U40/><E40/><V28/><F98/><W75/><G85/><T32/><D81/><U65/><E15/><V38/><F97/><W43/><G43/><T125/><D125/><N who="2" m="48202" /><F38/><W35/><G35/><T52/><D92/><U6/><E6/><V37/><F37/><W112/><G75/><T12/><REACH who="0" step="1"/><D51/><REACH who="0" ten="168,282,289,251" step="2"/><U49/><E49/><V16/><F107/><W73/><G112/><T131/><D131/><U123/><E83/><V71/><F106/><W4/><G73/><T88/><AGARI ba="0,1" hai="12,13,14,26,30,32,52,54,64,66,67,88,93,96" machi="88" ten="30,7900,0" yaku="1,1,0,1,54,2,53,0" doraHai="118" doraHaiUra="122" who="0" fromWho="0" sc="168,89,282,-39,289,-20,251,-20" /><INIT seed="6,0,0,3,4,49" ten="257,243,269,231" oya="2" hai0="6,132,30,87,43,67,42,97,117,16,103,134,5" hai1="122,0,27,23,92,4,113,104,80,48,120,111,121" hai2="86,74,129,21,25,19,58,100,54,69,20,50,22" hai3="60,106,94,13,55,17,73,59,131,96,56,36,40"/><V3/><F74/><W2/><G73/><T64/><D30/><U9/><E111/><V82/><F129/><W130/><G2/><T75/><D75/><U68/><E104/><V127/><F127/><W110/><G110/><T29/><D29/><U10/><E68/><V79/><F3/><W135/><G106/><T126/><D87/><U45/><E80/><V46/><F69/><W15/><G135/><N who="0" m="51755" /><D126/><U62/><E62/><N who="2" m="36183" /><F100/><W105/><G105/><N who="0" m="63727" /><D117/><U18/><E92/><V90/><F90/><W124/><G124/><T123/><D123/><U76/><E76/><V98/><F98/><W119/><G119/><T125/><D125/><U114/><E10/><V77/><F79/><W81/><G81/><T83/><D83/><U24/><E24/><V128/><F128/><W70/><G131/><T7/><D16/><U57/><E57/><V116/><F116/><W35/><G70/><T14/><D14/><U61/><E61/><V89/><F77/><W107/><G107/><T31/><D31/><U115/><E122/><V8/><F8/><W39/><G130/><T71/><D71/><U133/><E133/><V12/><F12/><W41/><G13/><T102/><D102/><U44/><E121/><V26/><F19/><W78/><G78/><T101/><D101/><U37/><E120/><V109/><F109/><W108/><G108/><T84/><D84/><U112/><E112/><V88/><F89/><W32/><G15/><T72/><D72/><U85/><E85/><V11/><F11/><W28/><G96/><T1/><D1/><U51/><E37/><V52/><AGARI ba="0,0" hai="20,21,22,25,26,46,50,52,82,86,88" m="36183" machi="52" ten="30,18000,2" yaku="5,1,8,1,52,2,54,2" doraHai="49" who="2" fromWho="2" sc="257,-60,243,-60,269,180,231,-60" owari="197,-0.3,183,-21.7,449,54.9,171,-32.9" /></mjloggm>