<mjloggm ver="2.3"><GO type="225" lobby="0"/><UN n0="%E4%BF%BA%E3%81%A8%E5%A6%96%E5%A4%A2" n1="%E3%83%AB%E3%83%9B%E3%83%B3%E3%83%87%E3%82%A3%E3%82%A8" n2="%E9%A2%A8%E3%81%A7%E9%B3%B4%E3%81%8F" n3="%62%6F%6E%6F%73%2E%2E" dan="17,17,16,17" rate="2249.28,2206.58,2158.18,2207.70" sx="F,M,M,M"/><TAIKYOKU oya="0"/><INIT seed="0,0,0,3,2,93" ten="250,250,250,250" oya="0" hai0="45,49,34,50,128,16,83,107,104,125,105,97,132" hai1="70,54,111,85,75,100,11,96,44,101,24,13,108" hai2="2,1,42,43,77,39,71,56,133,60,62,65,114" hai3="89,0,55,102,25,82,12,37,5,121,38,67,26"/><T21/><D34/><U76/><E70/><V87/><F114/><W129/><G0/><T69/><D69/><U122/><E122/><V90/><F77/><W80/><G67/><T10/><D132/><U22/><E75/><V33/><F33/><W36/><G121/><T79/><D10/><U86/><E44/><V99/><F133/><W112/><G112/><T47/><D125/><U29/><E54/><V78/><F39/><W135/><G135/><T126/><D128/><U98/><E76/><V14/><F78/><W113/><G113/><T19/><D126/><U46/><E46/><V17/><F2/><W23/><G102/><N who="1" m="39530" /><E108/><V18/><F99/><N who="1" m="37929" /><E111/><V35/><F35/><W110/><G129/><T64/><D97/><U94/><E94/><V117/><F1/><W3/><G55/><T15/><D64/><U53/><E53/><V4/><F62/><W48/><G48/><T61/><D61/><U119/><E119/><V115/><F117/><W118/><G118/><T57/><D57/><U41/><E41/><V130/><F71/><W63/><G63/><T32/><D32/><U74/><E74/><V51/><F130/><W109/><G3/><T8/><D47/><U73/><E73/><V6/><F115/><W27/><G109/><T58/><D58/><U116/><E116/><V28/><F56/><W20/><G110/><T72/><REACH who="0" step="1"/><D45/><REACH who="0" ten="240,250,250,250" step="2"/><U134/><E134/><V31/><F60/><W91/><G37/><T88/><D88/><N who="3" m="33865" /><G36/><T52/><D52/><U124/><E124/><V92/><F65/><W68/><G68/><T131/><D131/><U106/><E106/><RYUUKYOKU ba="0,1" sc="240,15,250,15,250,-15,250,-15" hai0="8,15,16,19,21,49,50,72,79,83,104,105,107" hai1="11,13,22,24,29,85,86" /><INIT seed="0,1,1,4,1,54" ten="255,265,235,235" oya="0" hai0="116,38,58,101,42,37,73,104,125,55,115,120,21" hai1="46,80,53,123,60,4,50,59,105,15,75,111,18" hai2="130,61,76,112,26,92,39,126,79,119,52,109,94" hai3="40,97,117,25,43,135,48,22,30,33,132,27,62"/><T56/><D73/><U91/><E105/><V13/><F112/><W110/><G117/><T100/><D115/><U113/><E123/><V68/><F39/><W31/><G110/><T77/><D77/><U103/><E111/><V72/><F109/><W29/><G29/><T11/><D116/><U70/><E70/><V67/><F119/><W49/><G97/><T82/><D120/><U35/><E35/><V121/><F121/><W81/><G81/><T7/><D82/><U65/><E113/><V83/><F79/><W98/><G98/><T114/><D114/><U84/><E75/><V134/><F134/><N who="3" m="51243" /><G62/><T63/><D125/><U20/><E4/><V19/><F126/><W93/><G93/><T71/><D71/><U47/><REACH who="1" step="1"/><E103/><REACH who="1" ten="255,255,235,235" step="2"/><V28/><F130/><W96/><G96/><T99/><D101/><U90/><E90/><V44/><F68/><W23/><G33/><T133/><D133/><U129/><E129/><V124/><F124/><W45/><G43/><T69/><D42/><U64/><E64/><V1/><F67/><W12/><G12/><T9/><D69/><U74/><E74/><V128/><F128/><W88/><G88/><T36/><D7/><U51/><E51/><AGARI ba="1,2" hai="22,23,25,27,30,31,40,45,48,49,51" m="51243" machi="51" ten="30,1000,0" yaku="20,1" doraHai="54" who="3" fromWho="1" sc="255,0,255,-13,235,0,235,33" /><INIT seed="1,0,0,5,0,59" ten="255,242,235,268" oya="1" hai0="4,20,94,122,72,70,75,10,55,0,47,93,5" hai1="42,6,28,16,37,87,45,14,3,63,83,27,17" hai2="118,90,2,1,24,9,114,23,88,103,39,128,107" hai3="67,44,33,105,48,25,46,117,40,96,13,74,35"/><U73/><E73/><V54/><F118/><W62/><G74/><T109/><D70/><U12/><E3/><V80/><F39/><W15/><G117/><T60/><D109/><U119/><E119/><V21/><F128/><W22/><G46/><T30/><D122/><U127/><E127/><V106/><F80/><W126/><G126/><T134/><D134/><U129/><E129/><V116/><F116/><W102/><G33/><T57/><D4/><U51/><E37/><V110/><F24/><W99/><G99/><T11/><D11/><U52/><E6/><V101/><F9/><W98/><G96/><T31/><D31/><U92/><E92/><V58/><F58/><W135/><G135/><T71/><D71/><U91/><E12/><V97/><F97/><W82/><G82/><T120/><D120/><U56/><E14/><V89/><F54/><W8/><G35/><AGARI ba="0,0" hai="16,17,27,28,35,42,45,51,52,56,63,83,87,91" machi="35" ten="30,11600,0" yaku="7,1,52,1,54,2" doraHai="59" who="1" fromWho="3" sc="255,0,242,116,235,0,268,-116" /><INIT seed="1,1,0,5,3,31" ten="255,358,235,152" oya="1" hai0="42,23,99,62,3,74,89,8,51,50,63,27,54" hai1="25,38,13,82,19,96,132,105,91,4,111,65,84" hai2="37,112,43,80,122,76,119,7,30,97,20,131,95" hai3="12,79,108,32,45,49,46,92,81,102,77,39,104"/><U129/><E38/><V135/><F119/><W61/><G108/><T9/><D74/><U109/><E4/><V73/><F122/><W103/><G104/><T75/><D75/><U83/><E65/><V36/><F131/><W2/><G2/><T47/><D99/><U18/><E129/><V118/><F118/><W52/><G32/><T68/><D89/><U94/><E132/><V121/><F121/><W133/><G133/><T106/><D106/><U128/><E25/><V93/><F135/><W55/><G12/><T14/><D3/><U64/><E64/><V26/><F112/><W113/><G113/><T107/><D107/><U88/><E19/><V22/><F7/><W34/><G34/><T0/><D0/><U86/><E105/><V98/><F43/><W110/><G110/><T33/><D33/><U87/><E87/><V114/><F20/><W21/><G21/><T40/><D68/><U24/><E24/><V126/><F126/><W101/><G92/><T100/><D100/><U72/><E72/><V29/><F29/><W78/><G39/><T53/><D27/><U57/><E57/><V44/><F44/><N who="3" m="27687" /><G81/><T90/><D23/><U48/><E128/><V59/><F59/><AGARI ba="1,0" hai="45,46,55,59,61,77,78,79,101,102,103" m="27687" machi="59" ten="30,2000,0" yaku="8,1,54,1" doraHai="31" who="3" fromWho="2" sc="255,0,358,0,235,-23,152,23" /><INIT seed="2,0,0,3,0,124" ten="255,358,212,175" oya="2" hai0="123,115,14,103,50,121,43,30,122,90,49,108,94" hai1="111,135,57,97,6,70,99,60,131,40,31,92,106" hai2="126,1,73,51,29,100,45,130,56,58,62,84,4" hai3="3,13,32,133,20,41,81,78,69,80,68,112,17"/><V76/><F126/><W66/><G133/><T36/><D115/><U87/><E70/><V27/><F73/><W98/><G112/><T15/><D108/><U55/><E6/><V77/><F1/><W67/><G3/><T54/><D103/><U52/><E40/><V85/><F4/><W128/><G32/><T101/><D101/><U86/><E106/><V42/><F100/><W63/><G41/><T11/><D30/><U129/><E31/><V83/><F130/><N who="1" m="49673" /><E111/><V7/><F7/><W2/><G2/><T109/><D109/><U53/><E135/><V125/><F125/><W48/><G98/><N who="1" m="37386" /><E92/><V18/><F18/><W132/><G128/><T5/><D43/><U65/><AGARI ba="0,0" hai="52,53,55,57,60,65,86,87" m="37386,49673" machi="65" ten="40,8000,1" yaku="19,1,52,3,54,1" doraHai="124" who="1" fromWho="1" sc="255,-20,358,80,212,-40,175,-20" /><INIT seed="3,0,0,5,5,30" ten="235,438,172,155" oya="3" hai0="121,35,70,108,22,132,56,7,115,59,78,20,74" hai1="96,51,42,126,34,82,69,119,53,111,17,86,113" hai2="40,84,89,27,118,4,114,135,80,55,28,2,10" hai3="122,60,72,95,83,127,49,57,104,19,123,47,32"/><W36/><G104/><T24/><D70/><U64/><E34/><V46/><F118/><W110/><G36/><T88/><D35/><U103/><E69/><V31/><F114/><W11/><G127/><T37/><D37/><U21/><E64/><V39/><F135/><W52/><G32/><T29/><D121/><U97/><E42/><V54/><F31/><W63/><G95/><T65/><D108/><U16/><E17/><V102/><F102/><W99/><G110/><T117/><D65/><U73/><E73/><V5/><F5/><W87/><G72/><T98/><D117/><U116/><E103/><V71/><F71/><W125/><G99/><T41/><D41/><U107/><E113/><V15/><F2/><W124/><G11/><T68/><D68/><U25/><E126/><N who="3" m="48746" /><G19/><T76/><D74/><U6/><E111/><V94/><F94/><W50/><G87/><T93/><D115/><U130/><E107/><V128/><F128/><W1/><G1/><T62/><D132/><U79/><E130/><V92/><F92/><W43/><G83/><T91/><D93/><U129/><E129/><V106/><F106/><W105/><G105/><T13/><D98/><U120/><E116/><V112/><F112/><W0/><G0/><T48/><D7/><U38/><E119/><V14/><F14/><W3/><G3/><T26/><D13/><U101/><E38/><V109/><F109/><W9/><G9/><T23/><D23/><AGARI ba="0,0" hai="4,10,15,23,27,28,39,40,46,54,55,80,84,89" machi="23" ten="30,1000,0" yaku="7,1" doraHai="30" who="2" fromWho="0" sc="235,-10,438,0,172,10,155,0" owari="225,2.5,438,53.8,182,-21.8,155,-34.5" /></mjloggm>