<mjloggm ver="2.3"><GO type="225" lobby="0"/><UN n0="%61%6D%65%6B%69" n1="%E5%AF%82%E5%AF%9E%E3%82%AE%E3%83%8D%E3%82%B9%E3%83%93%E3%83%BC%E3%83%AB" n2="%E9%89%A2%E5%B7%BB%E3%82%AC%E3%83%96" n3="%E8%81%B7%E6%A5%AD%E3%80%81%E9%A2%A8%32" dan="16,16,16,16" rate="2080.22,2151.01,2096.42,2156.92" sx="M,M,M,M"/><TAIKYOKU oya="0"/><INIT seed="0,0,0,4,5,69" ten="250,250,250,250" oya="0" hai0="28,103,119,66,40,67,82,7,53,27,46,81,87" hai1="72,8,121,90,21,3,26,85,6,98,129,38,124" hai2="29,14,20,30,111,135,64,23,125,15,88,37,70" hai3="104,86,25,134,126,113,12,100,120,95,57,116,71"/><T105/><D119/><U94/><E121/><V42/><F70/><W97/><G71/><T127/><D127/><U62/><E124/><V34/><F64/><W24/><G126/><T32/><D7/><U56/><E129/><V5/><F125/><W89/><G116/><T60/><D103/><U133/><E72/><V35/><F42/><W83/><G113/><T93/><D105/><U22/><E133/><V33/><F37/><W0/><G0/><T114/><D114/><U108/><E108/><V63/><F63/><W68/><G68/><T39/><D93/><U73/><E73/><V131/><F88/><W79/><G134/><T84/><D53/><U19/><E22/><N who="2" m="8235" /><F135/><W122/><G12/><N who="2" m="4649" /><F111/><W61/><G120/><T130/><D130/><U92/><E38/><V43/><F43/><W52/><REACH who="3" step="1"/><G122/><REACH who="3" ten="250,250,250,240" step="2"/><T106/><D106/><U51/><E3/><V47/><F47/><W2/><G2/><T117/><D117/><U44/><E44/><V13/><F131/><W107/><G107/><T78/><REACH who="0" step="1"/><D60/><REACH who="0" ten="240,250,250,240" step="2"/><U16/><E62/><V54/><F54/><W41/><G41/><T45/><D45/><U17/><E56/><V123/><F123/><W118/><G118/><T112/><D112/><U65/><E65/><V109/><F109/><W55/><G55/><T49/><D49/><U115/><E51/><V101/><F101/><W50/><G50/><T31/><D31/><N who="1" m="17871" /><E115/><V76/><F76/><AGARI ba="0,2" hai="27,28,32,39,40,46,66,67,76,78,81,82,84,87" machi="76" ten="30,11600,0" yaku="1,1,7,1,9,1,52,1,53,0" doraHai="69" doraHaiUra="132" who="0" fromWho="2" sc="240,136,250,0,250,-116,240,0" /><INIT seed="0,1,0,1,1,133" ten="376,250,134,240" oya="0" hai0="33,11,117,134,120,40,6,39,28,113,44,34,21" hai1="64,71,1,12,7,16,42,48,102,15,121,32,110" hai2="127,58,54,93,29,61,97,96,3,50,98,78,66" hai3="106,57,74,31,59,91,8,55,123,36,68,23,84"/><T108/><D113/><U62/><E121/><V132/><F132/><W4/><G74/><T131/><D117/><U25/><E110/><V10/><F29/><W24/><G68/><T77/><D120/><U45/><E102/><V86/><F3/><W80/><G106/><T107/><D107/><U126/><E126/><V43/><F127/><W82/><G36/><T94/><D134/><U75/><E75/><V53/><F10/><W129/><G129/><T56/><D131/><U87/><E87/><V72/><F72/><W83/><G59/><T14/><D77/><U2/><E15/><V81/><REACH who="2" step="1"/><F93/><REACH who="2" ten="376,250,124,240" step="2"/><W70/><G123/><T47/><D108/><U0/><E2/><V73/><F73/><W46/><G8/><T60/><D94/><U52/><E1/><V115/><F115/><W27/><G31/><T49/><D28/><U30/><E0/><V26/><F26/><W109/><G27/><T67/><REACH who="0" step="1"/><D21/><REACH who="0" ten="366,250,124,240" step="2"/><U122/><E122/><V17/><F17/><W51/><G23/><T9/><D9/><U105/><E105/><V38/><F38/><W13/><G109/><T89/><D89/><U37/><E16/><V116/><F116/><W100/><G91/><T18/><D18/><U63/><E30/><V112/><F112/><W95/><G95/><T19/><D19/><U119/><E119/><V118/><F118/><W114/><G114/><T101/><D101/><U79/><E25/><V130/><F130/><W88/><G100/><T125/><D125/><U111/><E111/><V5/><F5/><W76/><G4/><T22/><D22/><U90/><E7/><RYUUKYOKU ba="1,2" sc="366,15,250,-15,124,15,240,-15" hai0="6,11,14,33,34,39,40,44,47,49,56,60,67" hai2="43,50,53,54,58,61,66,78,81,86,96,97,98" /><INIT seed="0,2,2,1,2,71" ten="381,235,139,225" oya="0" hai0="59,10,24,43,60,78,2,63,23,104,92,31,49" hai1="21,97,48,72,55,51,16,132,42,41,103,124,101" hai2="85,66,93,8,58,81,67,30,116,19,110,47,75" hai3="61,0,129,3,106,39,123,64,4,65,36,29,22"/><T131/><D104/><U126/><E72/><V105/><F105/><W88/><G129/><T95/><D131/><U118/><E118/><V26/><F110/><W73/><G73/><T83/><D2/><U15/><E132/><V56/><F116/><W79/><G79/><T84/><D10/><U112/><E112/><V5/><F75/><W122/><G106/><T87/><D87/><U115/><E115/><V80/><F93/><N who="0" m="35914" /><D59/><N who="1" m="33255" /><E97/><V99/><F99/><W134/><G134/><T113/><D113/><U17/><E17/><V9/><F47/><AGARI ba="2,2" hai="23,24,31,43,47,49,60,63,78,83,84" m="35914" machi="47" ten="30,1500,0" yaku="8,1" doraHai="71" who="0" fromWho="2" sc="381,41,235,0,139,-21,225,0" /><INIT seed="0,3,0,4,5,80" ten="422,235,118,225" oya="0" hai0="122,11,26,40,101,51,9,58,65,33,0,59,117" hai1="79,62,48,6,125,18,46,112,128,19,102,37,129" hai2="43,87,131,12,35,108,50,85,134,103,124,8,73" hai3="121,42,106,1,20,105,91,17,27,16,64,57,81"/><T25/><D117/><U38/><E125/><V14/><F108/><W104/><G121/><T86/><D122/><U45/><E6/><V94/><F73/><W78/><G1/><T114/><D114/><U135/><E112/><V10/><F35/><W47/><G91/><T34/><D101/><U88/><E79/><V82/><F134/><W71/><G71/><T110/><D0/><U49/><E62/><V44/><F131/><W28/><G57/><T36/><D36/><U21/><E102/><V3/><F124/><W67/><G64/><T13/><D65/><U127/><E127/><V63/><F63/><W15/><G67/><T133/><D13/><U70/><E21/><V109/><F109/><W66/><G66/><T52/><D40/><U41/><E41/><V55/><F43/><W75/><REACH who="3" step="1"/><G15/><REACH who="3" ten="422,235,118,215" step="2"/><N who="2" m="5673" /><F3/><W23/><G23/><T68/><D68/><U72/><E70/><V74/><F74/><W119/><G119/><T84/><D110/><U111/><E111/><V95/><F103/><W54/><G54/><T116/><D52/><U32/><E72/><V123/><F123/><W7/><G7/><T39/><D116/><U132/><E32/><V69/><F69/><W107/><N who="3" m="26624" /><DORA hai="5" /><W90/><G90/><AGARI ba="3,1" hai="18,19,37,38,45,46,48,49,88,90,128,129,132,135" machi="90" ten="25,3200,0" yaku="22,2,54,1" doraHai="80,5" who="1" fromWho="3" sc="422,0,235,51,118,0,215,-41" /><INIT seed="1,0,0,3,0,49" ten="422,286,118,174" oya="1" hai0="1,24,45,73,35,97,10,13,8,103,68,19,112" hai1="9,39,98,72,2,102,88,52,74,78,95,91,14" hai2="42,89,107,32,41,76,29,44,22,83,85,7,62" hai3="131,40,71,23,18,17,135,96,63,114,26,58,43"/><U55/><E39/><V130/><F130/><W50/><G71/><T104/><D68/><U94/><E2/><V28/><F107/><W59/><G114/><T65/><D73/><U20/><E20/><V90/><F32/><W15/><G131/><T61/><D112/><U3/><E3/><V116/><F116/><W115/><G115/><T121/><D121/><U67/><E67/><V79/><F7/><W25/><G135/><T119/><D119/><U113/><E113/><V12/><F62/><W126/><G126/><T56/><D45/><U33/><E33/><V11/><F76/><W69/><G69/><T0/><D10/><U123/><E123/><V60/><F60/><W53/><G96/><T27/><D27/><N who="3" m="10249" /><G18/><T31/><AGARI ba="0,0" hai="0,1,8,13,19,24,31,35,56,61,65,97,103,104" machi="31" ten="30,1100,0" yaku="0,1" doraHai="49" who="0" fromWho="0" sc="422,11,286,-5,118,-3,174,-3" /><INIT seed="2,0,0,0,2,96" ten="433,281,115,171" oya="2" hai0="105,113,75,44,95,36,58,123,8,119,32,40,66" hai1="77,111,1,9,20,43,10,83,128,14,103,67,133" hai2="21,18,56,118,59,42,82,34,97,131,49,134,6" hai3="73,30,107,124,26,72,48,87,41,63,2,114,68"/><V88/><F118/><W122/><G122/><T4/><D105/><U132/><E111/><V129/><F134/><N who="1" m="51817" /><E128/><N who="2" m="49227" /><F34/><W23/><G2/><T110/><D32/><U57/><E1/><V47/><F6/><W81/><G114/><T100/><D75/><N who="1" m="43455" /><E43/><V84/><F97/><W27/><G124/><T117/><D113/><U125/><E125/><V98/><F98/><W78/><G107/><T25/><D110/><U92/><E92/><V46/><F47/><W109/><G109/><T102/><D95/><U93/><E93/><V12/><AGARI ba="0,0" hai="12,18,21,42,46,49,56,59,82,84,88" m="49227" machi="12" ten="30,3000,0" yaku="19,1,54,1" doraHai="96" who="2" fromWho="2" sc="433,-10,281,-10,115,30,171,-10" /><INIT seed="2,1,0,3,1,134" ten="423,271,145,161" oya="2" hai0="35,58,112,90,95,96,44,46,38,114,64,111,26" hai1="17,92,72,122,65,119,83,76,39,70,16,123,5" hai2="106,54,42,24,12,36,57,101,33,59,6,7,124" hai3="129,20,53,94,71,8,99,48,14,45,110,27,34"/><V25/><F36/><W22/><G110/><T56/><D111/><U29/><E119/><V117/><F117/><W69/><G129/><T40/><D46/><U55/><E39/><V43/><F106/><W84/><G84/><T23/><D35/><U107/><E107/><V127/><F101/><W73/><G73/><T87/><D87/><U82/><E82/><V2/><F2/><W105/><G105/><T60/><D58/><U52/><E29/><AGARI ba="1,0" hai="23,26,29,38,40,44,56,60,64,90,95,96,112,114" machi="29" ten="30,1000,0" yaku="7,1" doraHai="134" who="0" fromWho="1" sc="423,13,271,-13,145,0,161,0" /><INIT seed="3,0,0,4,5,37" ten="436,258,145,161" oya="3" hai0="19,39,26,77,109,2,125,7,24,10,0,60,103" hai1="49,8,72,102,67,76,22,87,46,42,92,45,96" hai2="83,51,132,11,3,86,110,82,97,98,25,81,104" hai3="130,6,64,114,129,62,55,105,53,16,1,4,135"/><W18/><G114/><T52/><D39/><U78/><E72/><V107/><F110/><W68/><G105/><T58/><D109/><U113/><E113/><V71/><F132/><W124/><G124/><T12/><D77/><U93/><E67/><V43/><F71/><W61/><G135/><T9/><D125/><U94/><E8/><V50/><F104/><W85/><G85/><T133/><D133/><U21/><E46/><N who="2" m="25951" /><F107/><W119/><G119/><T75/><D75/><U108/><E108/><V100/><F3/><W106/><G106/><T40/><D103/><U29/><E78/><N who="2" m="46391" /><F11/><W90/><G90/><T74/><D74/><U65/><E65/><V89/><F100/><W134/><G134/><T117/><D117/><U47/><E47/><V56/><F25/><W35/><G35/><T48/><D2/><U126/><E126/><V59/><F98/><W131/><G1/><T84/><D84/><U30/><E22/><V23/><F23/><W57/><REACH who="3" step="1"/><G55/><REACH who="3" ten="436,258,145,151" step="2"/><T128/><D0/><U32/><E32/><V70/><F70/><W101/><G101/><T63/><D52/><U123/><E102/><V99/><F99/><W34/><G34/><T36/><D36/><U13/><E96/><V88/><F89/><W95/><G95/><T111/><D111/><U118/><E118/><V69/><F69/><W122/><G122/><T91/><D91/><U17/><E123/><V33/><F33/><W116/><G116/><T15/><D128/><U14/><E87/><V41/><F97/><W54/><G54/><T28/><D7/><AGARI ba="0,1" hai="4,6,7,16,18,53,57,61,62,64,68,129,130,131" machi="7" ten="40,7700,0" yaku="1,1,19,1,54,1,53,0" doraHai="37" doraHaiUra="5" who="3" fromWho="0" sc="436,-77,258,0,145,0,151,87" /><INIT seed="3,1,0,1,5,28" ten="359,258,145,238" oya="3" hai0="37,134,50,103,38,5,109,29,62,7,25,30,64" hai1="57,79,15,92,82,99,9,121,86,71,89,69,44" hai2="93,76,26,106,52,127,16,95,123,78,60,40,65" hai3="24,117,70,102,68,67,17,116,63,13,6,119,66"/><W132/><G132/><T21/><D109/><U47/><E121/><V10/><F127/><W94/><G6/><T55/><D30/><U12/><E12/><V107/><F123/><W81/><G24/><T8/><D103/><U56/><E71/><V113/><F113/><W35/><G35/><T61/><D7/><N who="1" m="3519" /><E69/><V96/><F40/><W115/><G115/><T20/><D20/><U18/><E18/><V133/><F133/><W129/><G129/><T45/><D134/><U11/><E11/><V27/><F60/><W112/><G112/><T41/><D61/><U128/><E128/><V110/><F10/><W54/><G81/><T43/><D38/><U51/><E44/><V49/><F96/><W19/><G63/><T88/><D88/><U77/><E79/><V91/><F91/><W39/><G39/><T104/><D37/><U34/><E34/><V4/><F49/><W120/><G120/><T53/><D41/><AGARI ba="1,0" hai="41,47,51,56,57,77,82,86,89,92,99" m="3519" machi="41" ten="30,2000,0" yaku="25,1,8,1" doraHai="28" who="1" fromWho="0" sc="359,-23,258,23,145,0,238,0" owari="336,43.6,281,8.1,145,-35.5,238,-16.2" /></mjloggm>