<mjloggm ver="2.3"><GO type="225" lobby="0"/><UN n0="%E3%82%BC%E3%83%AB%E3%83%80%E3%81%AE%E4%BC%9D%E8%AA%AC" n1="%E9%89%A2%E5%B7%BB%E3%82%AC%E3%83%96" n2="%6E%69%63%6B%6C%6F%77" n3="%E7%AD%89%E3%80%85%E5%8A%9B%E5%8A%87%E5%A0%B4" dan="16,16,16,16" rate="2208.69,2052.64,2122.79,2140.14" sx="M,M,F,M"/><TAIKYOKU oya="0"/><INIT seed="0,0,0,0,3,123" ten="250,250,250,250" oya="0" hai0="114,85,120,50,53,105,59,55,32,72,57,43,102" hai1="4,61,15,64,133,35,41,121,81,124,93,44,99" hai2="126,131,38,84,89,73,75,3,39,67,49,135,47" hai3="16,68,69,7,91,129,22,80,78,95,110,29,56"/><T13/><D72/><U60/><E124/><V33/><F126/><W8/><G29/><T90/><D114/><U71/><E133/><V87/><F135/><W112/><G112/><T88/><D120/><U104/><E35/><V25/><F3/><W36/><G36/><T70/><D70/><U17/><E104/><V34/><F67/><W77/><G129/><T28/><D43/><U86/><E60/><V52/><F131/><W27/><G110/><T19/><D32/><U20/><E4/><V62/><F62/><W51/><G69/><T108/><D108/><U122/><E93/><V76/><F84/><W23/><G68/><T9/><D28/><U117/><E99/><V113/><F113/><W46/><G56/><T116/><D116/><U21/><E21/><V1/><F1/><W24/><G80/><T107/><D102/><U125/><E125/><V100/><F100/><W74/><G74/><N who="2" m="28169" /><F76/><W111/><G111/><T11/><D11/><U109/><E117/><V101/><F101/><W5/><G8/><T42/><D42/><U0/><E0/><V12/><F12/><W103/><G103/><T134/><D134/><U63/><E63/><V98/><F98/><N who="3" m="57727" /><G78/><T31/><D31/><U118/><E118/><V128/><F128/><W26/><G77/><T14/><D14/><U92/><E109/><V96/><F96/><W40/><G27/><T66/><D66/><U18/><E81/><N who="2" m="49391" /><F34/><W132/><G132/><T115/><D115/><U83/><E83/><V45/><F45/><W48/><G51/><N who="0" m="30911" /><D85/><U30/><E121/><V119/><F119/><W79/><G79/><RYUUKYOKU ba="0,0" sc="250,10,250,-30,250,10,250,10" hai0="9,13,19,50,55,59,88,90,105,107" hai2="25,33,38,39,47,49,52" hai3="5,7,16,22,23,24,26,40,46,48" /><INIT seed="0,1,0,1,3,82" ten="260,220,260,260" oya="0" hai0="125,54,60,112,30,34,72,67,29,118,8,101,3" hai1="90,130,74,47,66,7,71,78,104,83,4,89,122" hai2="62,121,127,0,133,128,39,58,9,14,57,42,53" hai3="59,114,52,18,45,38,84,68,16,96,76,56,20"/><T79/><D112/><U65/><E122/><V51/><F121/><W99/><G68/><T117/><D54/><U85/><E130/><V132/><F0/><W24/><G114/><T1/><D125/><U2/><E104/><V135/><F128/><W105/><G38/><T27/><D29/><U10/><E4/><V43/><F39/><W17/><G45/><T92/><D92/><U94/><E71/><V5/><REACH who="2" step="1"/><F127/><REACH who="2" ten="260,220,250,260" step="2"/><W22/><G105/><T124/><D124/><U77/><E77/><V102/><F102/><W63/><G76/><T32/><D101/><U115/><E115/><V93/><F93/><W81/><G81/><N who="0" m="45287" /><D3/><U19/><E90/><V120/><F120/><W55/><G24/><T131/><D131/><U28/><E28/><V80/><F80/><W123/><G123/><T33/><D27/><U44/><REACH who="1" step="1"/><E19/><REACH who="1" ten="260,210,250,260" step="2"/><V13/><F13/><W87/><G18/><T6/><D30/><U88/><E88/><V25/><F25/><W23/><G22/><T119/><D34/><U75/><E75/><V116/><F116/><W100/><G100/><T95/><D33/><U12/><E12/><V91/><F91/><W111/><G23/><T70/><D32/><U50/><E50/><V49/><F49/><W97/><G20/><T129/><D129/><U86/><E86/><V15/><F15/><W69/><G69/><T64/><D119/><U134/><E134/><V35/><F35/><W37/><G37/><T108/><D118/><U106/><E106/><V41/><F41/><W103/><G103/><T98/><D117/><U40/><E40/><V21/><F21/><RYUUKYOKU ba="1,2" sc="260,-15,210,15,250,15,260,-15" hai1="2,7,10,44,47,65,66,74,78,83,85,89,94" hai2="5,9,14,42,43,51,53,57,58,62,132,133,135" /><INIT seed="1,2,2,1,1,46" ten="245,225,265,245" oya="1" hai0="113,125,14,77,35,75,69,67,130,97,91,47,50" hai1="36,28,79,15,129,99,90,63,52,107,115,100,121" hai2="39,94,44,106,32,85,9,51,41,110,122,7,26" hai3="2,62,25,48,101,12,30,18,54,49,20,61,83"/><U60/><E115/><V80/><F122/><W112/><G112/><T93/><D113/><U102/><E121/><V53/><F106/><W55/><G2/><T5/><D35/><U64/><E36/><V120/><F120/><W3/><G3/><T96/><D125/><U65/><E129/><V11/><F110/><W33/><G101/><N who="1" m="39018" /><E107/><V133/><F94/><W123/><G123/><T124/><D130/><U56/><E28/><V59/><F133/><W72/><G72/><T38/><D124/><U86/><E79/><V0/><F11/><N who="3" m="6431" /><G33/><T19/><D38/><U29/><E29/><V103/><F103/><W31/><G30/><T78/><D75/><U81/><E99/><V45/><F32/><W109/><G83/><T114/><D114/><U58/><E15/><V82/><F26/><W16/><G31/><T70/><D97/><U8/><E8/><V104/><F104/><W119/><G109/><T118/><D118/><U37/><E37/><V108/><F108/><W89/><G89/><T132/><D132/><U135/><E135/><V34/><F34/><W126/><G119/><T10/><D5/><U117/><E117/><V22/><F22/><W111/><G126/><T21/><D21/><U116/><E116/><V73/><F73/><W57/><G111/><T131/><D131/><U88/><E90/><N who="2" m="51495" /><F82/><W42/><G42/><N who="0" m="24951" /><D70/><U127/><E127/><V128/><F128/><W17/><G17/><T134/><D134/><U4/><E4/><V95/><F95/><W23/><G20/><T1/><D1/><U84/><E84/><V66/><F66/><AGARI ba="2,2" hai="52,56,58,60,63,64,65,66,81,86,88" m="39018" machi="66" ten="30,5800,0" yaku="8,1,54,2" doraHai="46" who="1" fromWho="2" sc="245,0,225,84,265,-64,245,0" /><INIT seed="1,3,0,3,0,15" ten="245,309,201,245" oya="1" hai0="45,90,99,2,129,73,33,5,50,126,119,3,87" hai1="132,81,58,109,48,85,92,70,111,79,113,61,11" hai2="135,42,100,22,10,83,16,88,74,69,40,89,75" hai3="4,32,78,12,86,41,37,123,23,38,13,128,53"/><U133/><E113/><V1/><F69/><W0/><G32/><T54/><D119/><U56/><E11/><V103/><F74/><W112/><G123/><T98/><D73/><U115/><E115/><V76/><F135/><N who="1" m="51785" /><E92/><V71/><F71/><W97/><G0/><T124/><D33/><U24/><E24/><V106/><F1/><N who="0" m="10" /><D5/><U49/><E70/><V118/><F10/><W104/><G128/><T34/><D34/><U125/><E125/><N who="0" m="48233" /><D129/><U105/><E105/><V67/><F67/><W25/><G104/><T116/><D116/><U28/><E28/><V62/><F62/><W17/><G4/><T36/><D36/><U101/><E101/><N who="2" m="38987" /><F75/><W29/><G38/><T47/><D47/><U8/><E8/><V122/><F106/><W130/><G37/><T80/><AGARI ba="3,0" hai="45,50,54,80,87,90,98,99" m="48233,10" machi="80" ten="30,1100,0" yaku="18,1" doraHai="15" who="0" fromWho="0" sc="245,20,309,-8,201,-6,245,-6" /><INIT seed="2,0,0,3,2,6" ten="265,301,195,239" oya="2" hai0="52,54,43,126,72,127,35,88,78,18,68,36,85" hai1="104,130,73,90,87,125,53,40,69,30,64,86,63" hai2="46,115,122,111,56,98,124,4,120,109,114,132,119" hai3="62,71,70,44,110,102,97,12,39,23,79,89,121"/><V135/><F98/><W1/><G1/><T94/><D68/><U133/><E73/><V27/><F56/><W128/><G121/><N who="2" m="46697" /><F46/><W100/><G79/><T112/><D112/><N who="2" m="43050" /><F27/><W24/><G89/><T15/><D35/><U29/><E90/><V51/><F51/><W26/><G102/><T105/><D105/><U101/><E104/><V21/><F21/><W48/><G26/><T31/><D31/><U82/><E101/><V16/><F16/><W83/><G23/><N who="0" m="11743" /><D43/><U77/><E40/><V58/><F58/><W33/><G44/><T65/><D65/><U117/><E30/><V9/><F124/><N who="0" m="47658" /><D36/><U66/><E29/><V118/><F9/><W17/><G39/><T103/><D103/><U106/><E125/><V76/><F76/><W25/><G100/><T116/><D116/><N who="2" m="44586" /><F4/><W92/><G71/><T131/><D54/><U74/><E53/><V11/><F11/><W38/><G70/><T0/><D52/><U13/><E117/><V113/><N who="2" m="43058" /><V45/><DORA hai="37" /><F45/><W41/><G38/><T55/><D55/><U19/><E19/><V28/><F28/><W50/><G17/><T3/><D78/><U10/><E10/><V57/><F57/><W61/><G41/><T20/><D20/><U59/><E59/><V134/><AGARI ba="0,0" hai="109,111,132,134,135" m="44586,43058,46697" machi="134" ten="60,96000,5" yakuman="50,42" doraHai="6,37" who="2" fromWho="2" sc="265,-320,301,-320,195,960,239,-320" owari="-55,-45.5,-19,-21.9,1155,125.5,-81,-58.1" /></mjloggm>