<mjloggm ver="2.3"><GO type="225" lobby="0"/><UN n0="%E5%8D%A0%E3%81%84%E5%B8%AB%E8%A3%8F%E3%81%AA%E3%81%84%E3%81%97" n1="%E9%B4%A8%4E%45%47%49" n2="%E3%83%A9%E3%82%A4%E3%83%B3%E3%81%AE%E8%99%8E" n3="%E3%81%82%E3%81%B9%E3%81%99%E3%81%91" dan="17,16,16,16" rate="2177.03,2109.89,2098.50,2040.83" sx="M,M,M,M"/><TAIKYOKU oya="0"/><INIT seed="0,0,0,5,5,65" ten="250,250,250,250" oya="0" hai0="84,107,80,57,55,5,9,77,88,118,89,110,82" hai1="1,18,128,3,8,122,86,2,39,35,91,6,119" hai2="104,133,99,10,101,56,108,134,132,123,52,100,27" hai3="115,98,53,125,96,17,30,64,19,70,130,59,74"/><T109/><D118/><U38/><E122/><V31/><F123/><W14/><G115/><T0/><D107/><U26/><E119/><V76/><F108/><N who="0" m="41578" /><D80/><U54/><E128/><V63/><F101/><W22/><G130/><T12/><D0/><U87/><E87/><V75/><F10/><W72/><G125/><T83/><D83/><U50/><E39/><V67/><F76/><W129/><G30/><T106/><D106/><U124/><E38/><V66/><REACH who="2" step="1"/><F75/><REACH who="2" ten="250,250,240,250" step="2"/><W48/><G129/><T46/><D46/><U85/><E124/><V33/><AGARI ba="0,1" hai="27,31,33,52,56,63,66,67,99,100,104,132,133,134" machi="33" ten="30,8000,1" yaku="1,1,2,1,0,1,20,1,54,1,53,0" doraHai="65" doraHaiUra="113" who="2" fromWho="2" sc="250,-40,250,-20,240,90,250,-20" /><INIT seed="1,0,0,0,4,31" ten="210,230,330,230" oya="1" hai0="65,128,34,90,89,124,2,101,30,112,119,7,36" hai1="102,79,25,75,20,54,35,114,131,108,116,0,88" hai2="63,58,47,115,69,97,41,32,23,39,50,121,74" hai3="48,92,33,1,77,130,70,98,120,55,11,94,113"/><U13/><E114/><V6/><F115/><W37/><G120/><T29/><D112/><U100/><E116/><V103/><F121/><W4/><G113/><T96/><D119/><U86/><E0/><V19/><F74/><W12/><G70/><T62/><D36/><U91/><E131/><V71/><F6/><W15/><G37/><T72/><D72/><U93/><E108/><V66/><F32/><W27/><G77/><T46/><D29/><U44/><E35/><V42/><F42/><W40/><G40/><T28/><D30/><U17/><E75/><V110/><F110/><W9/><G33/><T87/><D46/><U109/><E79/><V99/><F99/><W129/><G27/><N who="0" m="18719" /><D128/><U78/><E25/><V111/><F39/><W85/><G1/><T73/><D73/><U76/><E109/><V3/><F3/><W18/><G130/><T53/><D53/><U117/><E117/><V52/><F41/><W127/><G129/><T125/><D87/><N who="1" m="52383" /><E44/><V83/><F111/><W82/><G98/><T106/><D7/><U16/><E17/><V68/><F83/><W24/><G24/><T56/><D2/><U10/><E54/><V14/><REACH who="2" step="1"/><F47/><REACH who="2" ten="210,230,320,230" step="2"/><W38/><G4/><T123/><D123/><U105/><E105/><AGARI ba="0,1" hai="14,19,23,50,52,58,63,66,68,69,71,97,103,105" machi="105" ten="30,8000,1" yaku="1,1,2,1,7,1,54,1,53,1" doraHai="31" doraHaiUra="45" who="2" fromWho="1" sc="210,0,230,-80,320,90,230,0" /><INIT seed="2,0,0,2,3,123" ten="210,150,410,230" oya="2" hai0="41,16,21,60,64,15,25,49,27,22,71,134,105" hai1="54,74,125,85,30,18,77,110,19,119,28,135,111" hai2="116,43,133,65,78,44,37,100,38,122,29,8,66" hai3="14,79,6,113,9,26,76,95,59,69,101,32,33"/><V10/><F116/><W87/><G69/><T55/><D105/><U70/><E119/><V92/><F122/><W129/><G129/><T12/><D41/><U11/><E74/><V124/><F124/><W50/><G113/><T36/><D36/><U131/><E125/><V3/><F133/><W0/><G0/><T73/><D73/><U42/><E135/><V126/><F29/><N who="1" m="11369" /><E70/><V39/><F78/><W117/><G117/><T13/><D134/><U35/><E35/><V115/><F115/><W98/><G26/><T48/><D55/><U114/><E114/><V75/><F75/><W89/><G33/><T7/><D7/><U58/><E42/><V67/><F126/><W88/><G101/><T112/><D112/><U93/><E131/><V99/><F3/><W31/><G31/><T40/><D40/><U90/><E11/><V96/><F8/><W120/><G32/><T83/><D83/><U94/><E94/><V130/><F10/><W103/><G103/><T108/><D108/><N who="1" m="41515" /><E77/><V46/><F130/><W109/><G109/><T56/><D71/><U23/><E23/><V127/><F127/><W80/><G120/><T132/><D132/><U107/><E107/><V34/><F34/><W52/><AGARI ba="0,0" hai="6,9,14,50,52,59,76,79,80,87,88,89,95,98" machi="52" ten="30,7900,0" yaku="0,1,8,1,54,2" doraHai="123" who="3" fromWho="3" sc="210,-20,150,-20,410,-39,230,79" /><INIT seed="3,0,0,0,3,133" ten="190,130,371,309" oya="3" hai0="6,120,107,1,4,130,74,48,43,113,126,62,2" hai1="134,121,24,51,56,25,83,3,85,63,127,29,20" hai2="78,100,50,77,99,7,30,13,76,131,18,17,37" hai3="101,132,11,86,69,68,98,59,96,64,135,79,104"/><W95/><G11/><T58/><D120/><U9/><E134/><N who="3" m="51242" /><G79/><T22/><D130/><U82/><E121/><V72/><F131/><W84/><G59/><T12/><D107/><U65/><E51/><V92/><F37/><W0/><G0/><T33/><D74/><U35/><E83/><V16/><F30/><W111/><G111/><T60/><D48/><U122/><E122/><V31/><F31/><W66/><G64/><T116/><D1/><U75/><E75/><V73/><REACH who="2" step="1"/><F50/><REACH who="2" ten="190,130,361,309" step="2"/><W15/><G15/><T118/><D12/><U28/><E3/><V46/><F46/><W94/><G104/><T123/><D2/><U23/><E35/><V102/><F102/><N who="3" m="60695" /><G69/><T34/><D123/><U115/><E115/><V49/><F49/><W128/><G128/><T26/><D113/><U42/><E42/><V61/><F61/><AGARI ba="0,1" hai="61,66,68,84,86,95,98,101" m="60695,51242" machi="61" ten="30,1500,0" yaku="20,1" doraHai="133" who="3" fromWho="2" sc="190,0,130,0,361,-15,309,25" /><INIT seed="3,1,0,5,1,118" ten="190,130,346,334" oya="3" hai0="122,48,38,103,131,23,9,27,8,70,114,61,134" hai1="35,6,26,83,127,85,39,21,119,11,31,89,108" hai2="12,91,94,4,115,47,53,92,20,40,66,13,5" hai3="34,3,116,50,60,90,101,109,42,102,52,74,95"/><W51/><G116/><T117/><D38/><U79/><E119/><V125/><F115/><W71/><G34/><T110/><D122/><U36/><E108/><V126/><F66/><W58/><G3/><T62/><D110/><U112/><E127/><N who="2" m="48651" /><F53/><N who="3" m="33871" /><G71/><T113/><D134/><U80/><E112/><V64/><F64/><W7/><G74/><T16/><D131/><U98/><E35/><V24/><F13/><W78/><G78/><T63/><D70/><U76/><E98/><N who="2" m="57631" /><F94/><W73/><G73/><T105/><D117/><U0/><REACH who="1" step="1"/><E89/><REACH who="1" ten="190,120,346,334" step="2"/><V41/><F41/><W45/><G109/><T10/><D114/><U17/><E17/><N who="2" m="10279" /><F24/><W132/><G132/><T133/><D113/><U84/><AGARI ba="1,1" hai="0,6,11,21,26,31,36,39,76,79,80,83,84,85" machi="84" ten="20,12000,2" yaku="1,1,0,1,7,1,9,1,53,2" doraHai="118" doraHaiUra="68" who="1" fromWho="1" sc="190,-31,120,133,346,-31,334,-61" owari="159,-34.1,253,-14.7,315,41.5,273,7.3" /></mjloggm>