<mjloggm ver="2.3"><GO type="225" lobby="0"/><UN n0="%4B%2E%32%2E%4B%2E" n1="%E6%AF%9B%E8%8D%92%E3%82%8C%E3%83%BB%E3%82%B9%E3%83%9F%E3%82%B9" n2="%6D%75%75%6D%75%72%61" n3="%6B%65%6E%6E%64%69" dan="16,16,16,16" rate="2169.99,2111.53,2170.21,2145.03" sx="M,F,F,M"/><TAIKYOKU oya="0"/><INIT seed="0,0,0,2,3,4" ten="250,250,250,250" oya="0" hai0="99,28,42,37,87,57,70,83,2,104,72,45,63" hai1="30,126,129,11,61,75,9,38,107,85,46,81,43" hai2="18,48,133,29,54,124,69,90,31,50,106,68,15" hai3="134,110,23,22,121,51,109,56,91,14,84,120,52"/><T86/><D70/><U67/><E107/><V102/><F124/><W73/><G73/><T40/><D40/><U25/><E75/><V6/><F133/><W95/><G134/><T78/><D28/><U125/><E129/><V26/><F6/><W64/><G64/><T119/><D2/><U13/><E13/><V77/><F77/><W47/><G47/><T100/><REACH who="0" step="1"/><D119/><REACH who="0" ten="240,250,250,250" step="2"/><U123/><E126/><V5/><F68/><W60/><G120/><T58/><D58/><U7/><E125/><V65/><F31/><W135/><G121/><T79/><D79/><U101/><E123/><V118/><F118/><W132/><G132/><T115/><D115/><U20/><E101/><V130/><F69/><W33/><G135/><T66/><AGARI ba="0,1" hai="37,42,45,57,63,66,72,78,83,86,87,99,100,104" machi="66" ten="20,3900,0" yaku="1,1,0,1,7,1,53,0" doraHai="4" doraHaiUra="49" who="0" fromWho="0" sc="240,49,250,-13,250,-13,250,-13" /><INIT seed="0,1,0,5,3,124" ten="289,237,237,237" oya="0" hai0="58,12,2,107,96,41,48,94,93,27,122,11,129" hai1="112,76,64,18,132,56,29,104,5,105,92,72,79" hai2="39,53,123,40,25,28,34,90,15,63,118,116,109" hai3="8,42,82,99,13,7,106,100,9,3,66,14,35"/><T43/><D122/><U128/><E5/><V71/><F123/><W33/><G42/><T103/><D2/><U38/><E38/><V32/><F109/><W22/><G66/><T31/><D129/><U65/><E29/><V67/><F34/><W131/><G131/><T50/><D41/><U88/><E128/><V74/><F74/><W30/><G82/><T6/><D50/><U111/><E111/><V1/><F1/><N who="3" m="111" /><G99/><T98/><D98/><U101/><E132/><V87/><F15/><N who="3" m="5643" /><G100/><T108/><D108/><U121/><E18/><V113/><F113/><W75/><G75/><T127/><D127/><U36/><E36/><V120/><F120/><W51/><G51/><T0/><D12/><U19/><E19/><V61/><F53/><W84/><G84/><T44/><REACH who="0" step="1"/><D58/><REACH who="0" ten="279,237,237,237" step="2"/><U20/><E56/><V57/><F40/><W59/><G59/><T102/><D102/><U73/><E101/><V69/><F39/><W115/><G115/><T117/><D117/><N who="2" m="45162" /><F63/><W45/><G45/><T126/><D126/><U134/><E112/><V55/><F55/><W83/><G106/><T47/><D47/><U70/><E121/><V86/><F86/><W17/><G3/><T16/><D16/><U85/><E105/><V77/><F69/><W68/><G68/><T62/><D62/><N who="1" m="40215" /><E104/><V91/><F71/><W26/><G17/><T133/><D133/><U49/><E134/><V54/><F54/><W52/><G52/><T125/><D125/><U95/><E72/><V119/><F119/><W89/><G9/><T81/><D81/><AGARI ba="1,1" hai="25,28,32,57,61,67,77,81,87,90,91" m="45162" machi="81" ten="30,1000,0" yaku="12,1" doraHai="124" who="2" fromWho="0" sc="279,-13,237,0,237,23,237,0" /><INIT seed="1,0,0,2,0,47" ten="266,237,260,237" oya="1" hai0="42,124,48,126,29,40,85,122,95,121,117,45,55" hai1="12,98,43,76,18,61,58,4,84,71,99,13,14" hai2="8,54,120,39,96,116,53,33,10,111,83,51,9" hai3="65,0,67,37,101,15,109,106,70,105,75,88,72"/><U112/><E112/><V26/><F116/><W17/><G0/><T110/><D29/><U31/><E71/><V19/><F39/><W38/><G109/><T16/><D110/><U90/><E31/><V64/><F111/><W115/><G15/><N who="1" m="5706" /><E76/><V60/><F120/><N who="0" m="46186" /><D117/><U78/><E78/><V7/><F33/><W86/><G86/><T118/><D16/><U79/><E79/><V56/><F83/><W102/><G17/><T103/><D118/><U107/><E43/><N who="0" m="16425" /><D103/><U113/><E107/><V80/><F80/><W100/><G100/><T28/><D28/><U57/><E4/><V87/><F87/><W93/><G115/><T77/><D77/><U123/><E113/><V3/><F96/><N who="1" m="36905" /><E61/><V131/><F131/><W91/><REACH who="3" step="1"/><G70/><REACH who="3" ten="266,237,260,227" step="2"/><T132/><D132/><U125/><E123/><V34/><F3/><W49/><G49/><T129/><D129/><U5/><E5/><V130/><F130/><W2/><G2/><T46/><D124/><U128/><E125/><V44/><F7/><W89/><G89/><N who="0" m="53679" /><D126/><U24/><E128/><V11/><F19/><W50/><G50/><T32/><D32/><U41/><E14/><V74/><F34/><W82/><G82/><T52/><D45/><U114/><E114/><V94/><F44/><W30/><G30/><T27/><D27/><U134/><E134/><V59/><F26/><W68/><G68/><T92/><D92/><AGARI ba="0,1" hai="37,38,65,67,72,75,88,91,92,93,101,102,105,106" machi="92" ten="25,12000,2" yaku="1,1,22,2,54,1,53,2" doraHai="47" doraHaiUra="97" who="3" fromWho="0" sc="266,-120,237,0,260,0,227,130" /><INIT seed="2,0,0,5,0,59" ten="146,237,260,357" oya="2" hai0="48,134,74,54,65,50,40,12,119,115,52,103,58" hai1="56,116,92,53,60,5,131,28,13,79,71,97,43" hai2="11,109,33,85,30,78,32,105,75,90,110,27,98" hai3="99,15,128,57,63,133,114,88,35,23,120,100,68"/><V41/><F33/><W61/><G120/><T112/><D74/><U2/><E116/><V36/><F36/><W84/><G35/><T21/><D103/><U17/><E131/><V91/><F41/><W122/><G122/><T83/><D83/><U31/><E71/><V113/><F113/><N who="0" m="43594" /><D12/><U104/><E104/><V126/><F126/><W67/><G133/><T118/><D21/><U129/><E129/><V117/><F117/><N who="0" m="44554" /><D134/><U94/><E43/><V89/><F11/><W70/><G128/><T44/><D65/><U107/><E107/><V106/><F75/><W26/><G15/><T0/><D0/><U9/><E79/><V77/><F77/><W7/><G7/><T1/><D1/><U121/><E121/><V14/><F14/><W102/><G114/><T82/><D82/><U76/><E76/><V93/><F78/><W86/><G86/><T42/><AGARI ba="0,0" hai="40,42,44,48,50,52,54,58" m="44554,43594" machi="42" ten="40,8000,1" yaku="12,1,34,2,54,1" doraHai="59" who="0" fromWho="0" sc="146,80,237,-20,260,-40,357,-20" /><INIT seed="3,0,0,4,5,111" ten="226,217,220,337" oya="3" hai0="56,5,32,24,121,117,9,59,105,135,71,96,81" hai1="23,60,107,104,52,70,75,16,48,103,85,108,86" hai2="78,72,62,20,73,125,118,30,106,79,128,124,63" hai3="129,41,92,53,109,40,26,82,37,126,133,50,43"/><W4/><G37/><T57/><D71/><U29/><E75/><N who="2" m="28747" /><F106/><W99/><G129/><T74/><D135/><U10/><E108/><V11/><F118/><W28/><G126/><N who="2" m="48745" /><F128/><W98/><G109/><T112/><D117/><U88/><E103/><V31/><F11/><W66/><G66/><T51/><D121/><U25/><E70/><V91/><F91/><W35/><G4/><T119/><D119/><U7/><E60/><N who="2" m="23083" /><F20/><W27/><G133/><T65/><D9/><U54/><E85/><V90/><F90/><W130/><G130/><T22/><D22/><N who="1" m="15543" /><E107/><V61/><N who="2" m="23091" /><V123/><DORA hai="69" /><F123/><W18/><G26/><T55/><D105/><U0/><E104/><V14/><F14/><W34/><G34/><T89/><D32/><U114/><E114/><V80/><F80/><W13/><G82/><T68/><D112/><U67/><E67/><V3/><F3/><W49/><G92/><N who="0" m="56335" /><D65/><U93/><E48/><V36/><F36/><W19/><G50/><T45/><D68/><U33/><E33/><V47/><F47/><W64/><G64/><T6/><D24/><N who="1" m="14439" /><E0/><V102/><F102/><W113/><G35/><T39/><D39/><U83/><E83/><V38/><F38/><W15/><G15/><T2/><D2/><U100/><E100/><V94/><F94/><W77/><G13/><T110/><D110/><U127/><E127/><V12/><F12/><W8/><G8/><T97/><D97/><U84/><E86/><V131/><F131/><W122/><G122/><T87/><D87/><U1/><E84/><V101/><F101/><W132/><G98/><RYUUKYOKU ba="0,0" sc="226,10,217,10,220,10,337,-30" hai0="5,6,45,51,55,56,57,59,74,81" hai1="1,7,10,52,54,88,93" hai2="30,31,78,79" owari="236,3.6,227,-27.3,230,-17.0,307,40.7" /></mjloggm>