<mjloggm ver="2.3"><GO type="225" lobby="0"/><UN n0="%E5%B3%B6%E7%94%B0%E7%9C%9F%E5%A4%A2" n1="%E3%82%B3%E3%83%90%E3%83%AC%E3%82%A4" n2="%E3%83%81%E3%83%AF%E3%83%AF%E9%9A%8A%E9%95%B7" n3="%E3%81%8B%E3%82%8F%E3%81%A1%E3%82%83%E3%82%93%35%38" dan="16,16,16,17" rate="2123.00,2135.53,2100.15,2204.48" sx="F,M,M,M"/><TAIKYOKU oya="0"/><INIT seed="0,0,0,2,2,109" ten="250,250,250,250" oya="0" hai0="118,54,70,105,20,27,48,130,23,93,13,44,52" hai1="66,35,87,26,84,96,62,63,125,10,72,122,82" hai2="75,34,133,24,45,98,3,107,0,51,25,131,89" hai3="126,97,83,32,119,46,33,67,110,73,14,42,6"/><T31/><D105/><U64/><E122/><V102/><F75/><W121/><G119/><T2/><D118/><U49/><E125/><V55/><F131/><W91/><G67/><T17/><D70/><U16/><E35/><V104/><F133/><W99/><G99/><T120/><D120/><U15/><E72/><V111/><F111/><W39/><G121/><T77/><D2/><U132/><E87/><V95/><F107/><W47/><G47/><T71/><D71/><U128/><E132/><V43/><F43/><W5/><G110/><T4/><D130/><U86/><E86/><V19/><F24/><W9/><G5/><T100/><D77/><U56/><E96/><V30/><REACH who="2" step="1"/><F19/><REACH who="2" ten="250,250,240,250" step="2"/><W7/><G73/><T78/><D78/><U21/><E128/><V81/><F81/><W29/><G83/><T12/><D93/><U50/><E66/><V11/><F11/><W69/><G42/><N who="0" m="24599" /><D100/><U74/><E74/><V117/><F117/><W88/><G126/><T112/><D112/><U40/><E40/><V38/><F38/><W129/><G39/><T114/><D114/><U113/><E113/><V28/><F28/><W53/><G129/><T59/><D59/><U1/><E82/><V79/><F79/><W94/><G69/><T127/><D127/><U134/><E134/><V103/><F103/><N who="3" m="60855" /><G29/><T135/><D135/><U18/><E56/><V101/><F101/><W68/><G68/><T106/><D106/><U85/><E64/><V92/><F92/><W58/><G58/><T36/><D36/><U116/><E116/><V22/><F22/><W123/><G9/><AGARI ba="0,1" hai="4,9,12,13,17,20,23,27,31,52,54" m="24599" machi="9" ten="30,5800,0" yaku="6,1,8,1,54,1" doraHai="109" who="0" fromWho="3" sc="250,68,250,0,240,0,250,-58" /><INIT seed="0,1,0,2,0,24" ten="318,250,240,192" oya="0" hai0="25,46,109,102,125,62,85,131,41,122,75,112,2" hai1="130,54,64,40,132,129,78,45,8,72,92,37,120" hai2="39,1,73,42,18,5,13,97,135,71,105,52,61" hai3="115,127,98,50,28,9,0,57,33,26,7,77,67"/><T128/><D122/><U59/><E78/><V60/><F73/><W87/><G115/><T16/><D2/><U93/><E72/><V90/><F135/><W79/><G127/><T56/><D112/><U108/><E132/><V70/><F1/><W133/><G133/><T4/><D75/><U101/><E120/><V86/><F5/><W66/><G98/><T20/><D125/><U110/><E8/><V43/><F39/><W68/><G68/><T84/><D102/><U104/><E104/><V58/><F71/><W113/><G113/><T103/><D103/><U23/><E23/><V107/><F107/><W63/><G67/><T44/><D4/><U124/><E64/><V6/><F6/><W17/><G50/><N who="0" m="26895" /><D46/><U134/><E124/><V21/><F70/><W117/><G117/><T27/><D27/><U95/><E101/><V48/><F97/><W47/><G47/><T3/><D3/><U32/><E32/><V88/><F105/><W12/><REACH who="3" step="1"/><G87/><REACH who="3" ten="318,250,240,182" step="2"/><T123/><D123/><U83/><E134/><V89/><F86/><W38/><G38/><T100/><D85/><U106/><E37/><V51/><F48/><W111/><G111/><T34/><D84/><U74/><E74/><V36/><F36/><W82/><G82/><T114/><D109/><N who="1" m="42091" /><E83/><V15/><F15/><W126/><G126/><T10/><D114/><U14/><E45/><V81/><F81/><W22/><AGARI ba="1,1" hai="0,7,9,12,17,22,26,28,33,57,63,66,77,79" machi="22" ten="20,12000,2" yaku="1,1,0,1,7,1,24,2,52,1,53,0" doraHai="24" doraHaiUra="69" who="3" fromWho="3" sc="318,-61,250,-31,240,-31,182,133" /><INIT seed="1,0,0,2,1,129" ten="257,219,209,315" oya="1" hai0="73,135,113,117,91,2,43,111,32,68,123,8,29" hai1="89,66,124,122,19,41,77,110,75,104,23,52,131" hai2="71,93,6,79,35,24,109,25,0,82,34,120,33" hai3="14,62,47,10,27,57,50,133,64,16,21,63,115"/><U37/><E104/><V74/><F71/><W108/><G108/><T20/><RYUUKYOKU type="yao9" ba="0,0" sc="257,0,219,0,209,0,315,0" hai0="2,8,20,29,32,43,68,73,91,111,113,117,123,135" /><INIT seed="1,1,0,2,3,10" ten="257,219,209,315" oya="1" hai0="104,3,71,0,9,63,115,55,85,58,57,72,17" hai1="62,15,22,98,38,4,34,65,60,68,117,24,27" hai2="74,43,91,112,133,120,135,1,14,32,28,51,81" hai3="21,107,23,128,64,124,39,33,84,8,54,53,16"/><U94/><E38/><V19/><F1/><W31/><G107/><T88/><D72/><U123/><E117/><V125/><F120/><W11/><G39/><T80/><D104/><U131/><E123/><V69/><F69/><W129/><G33/><T122/><D122/><U59/><E131/><N who="3" m="50250" /><G124/><T110/><D71/><U90/><E34/><V95/><F125/><W106/><G106/><T87/><D115/><U89/><E90/><V36/><F36/><W25/><G64/><T121/><D121/><U2/><E2/><V105/><F105/><W77/><G77/><T66/><D87/><U73/><E73/><V47/><F112/><W52/><G84/><T114/><D114/><U118/><E118/><V83/><F28/><W13/><AGARI ba="1,0" hai="8,11,13,16,21,23,25,31,52,53,54" m="50250" machi="13" ten="30,7900,0" yaku="19,1,52,1,54,2" doraHai="10" who="3" fromWho="3" sc="257,-21,219,-40,209,-21,315,82" /><INIT seed="2,0,0,5,3,115" ten="236,179,188,397" oya="2" hai0="8,13,113,122,33,123,25,44,91,79,36,53,130" hai1="72,85,133,39,125,40,56,2,64,104,50,132,42" hai2="15,131,126,29,31,16,0,49,63,7,26,46,88" hai3="43,92,75,89,106,74,28,84,80,109,27,73,57"/><V117/><F126/><W83/><G106/><T102/><D113/><U127/><E72/><V81/><F131/><W54/><G43/><N who="1" m="16426" /><E85/><N who="2" m="50223" /><F0/><W21/><REACH who="3" step="1"/><G109/><REACH who="3" ten="236,179,188,387" step="2"/><T34/><D130/><U86/><E104/><V4/><F117/><W116/><G116/><T35/><D123/><U94/><E39/><V6/><F63/><AGARI ba="0,1" hai="21,27,28,54,57,63,73,74,75,80,83,84,89,92" machi="63" ten="40,2600,0" yaku="1,1,53,1" doraHai="115" doraHaiUra="48" who="3" fromWho="2" sc="236,0,179,0,188,-26,387,36" /><INIT seed="3,0,0,1,1,30" ten="236,179,162,423" oya="3" hai0="110,15,115,107,40,122,92,53,60,112,86,23,133" hai1="132,90,61,113,102,118,72,83,131,100,35,25,135" hai2="80,71,67,79,49,37,123,74,55,91,97,58,7" hai3="4,31,56,26,51,63,85,108,22,84,81,12,59"/><W11/><G108/><T109/><D107/><U77/><E113/><V98/><F37/><W43/><G81/><T0/><D0/><U46/><E118/><V47/><F71/><W38/><G38/><T120/><D40/><U57/><E46/><V103/><F123/><W2/><G2/><T78/><D133/><N who="1" m="51275" /><E90/><V34/><F34/><W130/><G130/><T93/><D86/><U106/><E106/><V8/><F91/><W124/><G124/><T117/><D60/><U76/><E76/><V19/><F19/><W54/><G43/><T121/><D53/><AGARI ba="0,0" hai="4,11,12,22,26,31,51,53,54,56,59,63,84,85" machi="53" ten="30,2900,0" yaku="7,1,8,1" doraHai="30" who="3" fromWho="0" sc="236,-29,179,0,162,0,423,29" owari="207,0.7,179,-22.1,162,-33.8,452,55.2" /></mjloggm>