<mjloggm ver="2.3"><GO type="225" lobby="0"/><UN n0="%E7%A7%8B%E6%9C%88%E7%9C%9F%E7%90%86%E4%BA%9E" n1="%6D%75%75%6D%75%72%61" n2="%E3%83%AD%E3%83%83%E3%83%86%E9%9B%80%E7%90%83" n3="%66%67%67%68%68%64%66" dan="16,17,17,16" rate="2109.81,2148.06,2150.20,2068.77" sx="F,F,M,M"/><TAIKYOKU oya="0"/><INIT seed="0,0,0,5,3,30" ten="250,250,250,250" oya="0" hai0="12,81,87,9,10,42,74,110,66,89,124,115,45" hai1="40,67,31,91,32,21,64,13,44,1,131,120,112" hai2="27,127,33,84,105,22,58,102,123,39,56,129,117" hai3="77,95,4,59,7,17,36,0,130,79,38,63,98"/><T71/><D115/><U37/><E120/><V118/><F123/><W65/><G130/><T8/><D124/><U86/><E131/><V119/><F129/><W68/><G68/><T82/><D110/><U125/><E1/><V46/><F127/><W122/><G122/><T128/><D128/><U99/><E125/><V80/><F33/><W111/><G111/><T25/><D71/><U76/><E112/><V20/><F20/><W47/><G0/><T73/><D66/><U96/><E76/><N who="3" m="29258" /><G36/><T134/><D134/><U2/><E2/><V16/><F102/><N who="3" m="60767" /><G38/><T106/><D106/><U35/><E67/><V5/><F5/><N who="3" m="2123" /><G17/><T51/><D81/><U29/><E64/><V109/><F105/><W108/><G108/><T19/><REACH who="0" step="1"/><D25/><REACH who="0" ten="240,250,250,250" step="2"/><U6/><E29/><V53/><F109/><W83/><G47/><T114/><D114/><U104/><E104/><V54/><F46/><W43/><G43/><T41/><D41/><U92/><E31/><V132/><F132/><W107/><G107/><T49/><D49/><U61/><E61/><V85/><F39/><W18/><G83/><T94/><D94/><BYE who="0" /><U100/><E96/><V15/><F27/><W97/><G18/><UN n0="%E7%A7%8B%E6%9C%88%E7%9C%9F%E7%90%86%E4%BA%9E" /><T121/><D121/><U24/><E24/><V50/><F80/><W55/><G97/><T116/><D116/><U11/><E99/><V57/><F57/><W34/><G65/><T69/><D69/><U26/><E100/><V88/><F88/><W113/><G113/><T103/><D103/><U101/><E101/><V70/><F70/><W75/><G75/><AGARI ba="0,1" hai="8,9,10,12,19,42,45,51,73,74,75,82,87,89" machi="75" ten="40,3900,0" yaku="1,1,53,1" doraHai="30" doraHaiUra="78" who="0" fromWho="3" sc="240,49,250,0,250,0,250,-39" /><INIT seed="0,1,0,3,3,93" ten="289,250,250,211" oya="0" hai0="127,1,56,72,36,12,44,82,83,125,119,131,79" hai1="20,31,103,61,14,43,104,26,86,111,92,47,67" hai2="54,87,118,105,89,51,97,2,66,65,64,107,49" hai3="76,24,91,95,71,101,70,115,41,123,7,98,73"/><T124/><D119/><U17/><E111/><V77/><F2/><W15/><G115/><T30/><D1/><U68/><E86/><V96/><F118/><W100/><G123/><T5/><D131/><U126/><E126/><V75/><F75/><W69/><G41/><N who="0" m="22567" /><D30/><U84/><E84/><V134/><F134/><W18/><G7/><T120/><D120/><U108/><E92/><N who="2" m="54335" /><F107/><W21/><REACH who="3" step="1"/><G24/><REACH who="3" ten="289,250,250,201" step="2"/><T42/><D42/><U58/><E43/><V121/><F121/><W19/><G19/><T34/><D34/><U16/><E17/><V74/><F74/><W94/><G94/><T63/><D72/><U60/><E26/><V80/><F105/><W35/><G35/><T11/><D79/><U33/><E33/><V45/><F77/><W112/><G112/><T81/><D82/><AGARI ba="1,1" hai="15,18,21,69,70,71,73,76,82,91,95,98,100,101" machi="82" ten="40,2600,0" yaku="1,1,52,1,53,0" doraHai="93" doraHaiUra="32" who="3" fromWho="0" sc="289,-29,250,0,250,0,201,39" /><INIT seed="1,0,0,0,1,122" ten="260,250,250,240" oya="1" hai0="100,99,57,81,77,26,96,16,55,47,53,132,74" hai1="13,93,36,119,90,50,52,91,1,23,104,65,41" hai2="37,97,24,95,78,75,126,46,102,82,85,29,66" hai3="94,134,121,80,83,21,31,84,56,115,92,28,2"/><U79/><E104/><V89/><F126/><W3/><G121/><T9/><D132/><U118/><E1/><V4/><F4/><W12/><G115/><T88/><D47/><U63/><E79/><V114/><F114/><W87/><G56/><T106/><D57/><U123/><E123/><V40/><F66/><W18/><G134/><T67/><D67/><U68/><E36/><V48/><F37/><W10/><G21/><T8/><D8/><U34/><E41/><V32/><REACH who="2" step="1"/><F102/><REACH who="2" ten="260,250,240,240" step="2"/><W38/><G38/><T111/><D111/><U42/><E118/><V61/><F61/><W103/><G103/><T76/><D100/><U51/><E119/><V0/><F0/><W54/><G2/><T45/><D106/><U11/><E63/><V49/><F49/><W35/><G3/><T14/><D74/><AGARI ba="0,1" hai="24,29,32,40,46,48,74,75,78,82,85,89,95,97" machi="74" ten="40,1300,0" yaku="1,1,53,0" doraHai="122" doraHaiUra="131" who="2" fromWho="0" sc="260,-13,250,0,240,23,240,0" /><INIT seed="2,0,0,0,3,102" ten="247,250,263,240" oya="2" hai0="87,38,18,124,120,53,54,58,117,61,3,128,12" hai1="7,122,104,44,135,103,119,13,45,63,34,5,35" hai2="72,29,11,85,46,98,21,82,94,22,126,27,73" hai3="130,131,110,80,86,23,121,93,78,36,42,79,95"/><V67/><F126/><W52/><G36/><T40/><D120/><U8/><E119/><V50/><F67/><W19/><G42/><T43/><D3/><U6/><E122/><V17/><F11/><W74/><G121/><T127/><D117/><U28/><E135/><V123/><F123/><W101/><G110/><T1/><D1/><U31/><E63/><V134/><F134/><W47/><G78/><T56/><D128/><N who="3" m="49193" /><G101/><T115/><D115/><U0/><E35/><V49/><F73/><W84/><G84/><T111/><D111/><U112/><E112/><V39/><F72/><W132/><G74/><T24/><D24/><U37/><E34/><V92/><F39/><W77/><G77/><T62/><D87/><U114/><E114/><V99/><F99/><W9/><G9/><T4/><D4/><U97/><E0/><V25/><F98/><W113/><G113/><T16/><D38/><U2/><E2/><V65/><F65/><W20/><G20/><T41/><REACH who="0" step="1"/><D18/><REACH who="0" ten="237,250,263,240" step="2"/><U14/><E5/><V30/><F17/><W106/><G132/><T116/><D116/><U88/><E37/><V89/><F50/><N who="3" m="28767" /><G106/><T60/><D60/><U70/><E104/><V51/><F49/><W107/><G107/><T64/><D64/><U10/><E6/><V129/><F129/><W108/><G108/><T71/><D71/><U48/><E70/><V66/><F66/><W68/><G68/><T15/><D15/><AGARI ba="0,1" hai="15,19,23,79,80,86,93,95" m="28767,49193" machi="15" ten="30,2000,0" yaku="19,1,54,1" doraHai="102" who="3" fromWho="0" sc="237,-20,250,0,263,0,240,30" /><INIT seed="3,0,0,0,2,11" ten="217,250,263,270" oya="3" hai0="50,65,39,76,38,102,97,116,125,66,87,113,9" hai1="84,24,53,21,43,83,72,36,33,120,128,91,89" hai2="124,14,59,119,71,5,40,49,122,104,111,121,85" hai3="123,10,88,78,52,35,15,19,126,23,90,73,131"/><W99/><G123/><N who="2" m="47113" /><F71/><W46/><G35/><T80/><D116/><U7/><E120/><V0/><F0/><W135/><G135/><T127/><D113/><U18/><E72/><V26/><F104/><W69/><G69/><T108/><D108/><U134/><E128/><V54/><F124/><N who="0" m="47690" /><D50/><U64/><E134/><V74/><F74/><W42/><G126/><T44/><D9/><U25/><E64/><N who="0" m="24681" /><D44/><U1/><E36/><V117/><F111/><W34/><G34/><T60/><D60/><U100/><E43/><V2/><F40/><W106/><G131/><T41/><D41/><U101/><E1/><V115/><F2/><W75/><G42/><T105/><AGARI ba="0,0" hai="38,39,76,80,87,97,102,105" m="24681,47690" machi="105" ten="30,1100,0" yaku="18,1" doraHai="11" who="0" fromWho="0" sc="217,11,250,-3,263,-3,270,-5" /><INIT seed="4,0,0,5,5,68" ten="228,247,260,265" oya="0" hai0="91,117,124,108,10,23,110,97,0,72,126,9,121" hai1="100,127,80,44,62,135,53,79,92,26,63,61,21" hai2="43,14,109,27,12,99,70,104,7,13,6,46,20" hai3="131,122,32,4,106,98,78,35,84,60,74,83,102"/><T112/><D72/><U96/><E127/><N who="0" m="48681" /><D117/><U119/><E135/><V103/><F70/><W116/><G116/><T38/><D121/><U113/><E119/><V8/><F6/><W15/><G122/><T82/><D112/><U128/><E128/><V29/><REACH who="2" step="1"/><F109/><REACH who="2" ten="228,247,250,265" step="2"/><N who="0" m="42090" /><D0/><U52/><E113/><V1/><F1/><W95/><G131/><T37/><D23/><U33/><E33/><V76/><F76/><W118/><G118/><T114/><D114/><U57/><E79/><V75/><F75/><W45/><G32/><T77/><D77/><U88/><E21/><V40/><F40/><W30/><G35/><T81/><D81/><U90/><E80/><V28/><F28/><W125/><G125/><T55/><D55/><U11/><E53/><V19/><F19/><W120/><G120/><T132/><D132/><U31/><E52/><V41/><F41/><W5/><G74/><T16/><D16/><U115/><E115/><V34/><F34/><W58/><G78/><T36/><D82/><U105/><E31/><V86/><F86/><W129/><G83/><T134/><D134/><U54/><E54/><V3/><F3/><W66/><G30/><T49/><D49/><AGARI ba="0,1" hai="7,8,12,13,14,20,27,29,43,46,49,99,103,104" machi="49" ten="30,3900,0" yaku="1,1,7,1,53,1" doraHai="68" doraHaiUra="17" who="2" fromWho="0" sc="228,-39,247,0,250,49,265,0" /><INIT seed="5,0,0,1,2,36" ten="189,247,299,265" oya="1" hai0="95,69,133,129,11,44,94,116,113,16,55,131,60" hai1="41,23,6,0,1,123,29,104,51,33,25,17,126" hai2="80,106,124,63,79,67,82,10,12,31,96,114,39" hai3="98,130,66,91,86,14,56,74,64,7,111,48,83"/><U49/><E104/><V76/><F39/><W73/><G130/><N who="0" m="49675" /><D116/><U84/><E123/><V61/><F124/><W120/><G120/><T93/><D113/><U9/><E126/><V59/><F114/><W40/><G111/><T102/><D133/><U108/><E108/><V26/><F106/><W8/><G73/><T32/><D32/><U30/><E84/><V28/><F96/><W99/><G74/><T103/><D69/><U21/><E51/><V101/><F101/><W27/><G27/><T92/><N who="0" m="23552" /><DORA hai="13" /><T134/><D134/><U18/><E49/><V115/><F63/><N who="3" m="37991" /><G66/><T3/><D3/><N who="1" m="223" /><E41/><V47/><F47/><AGARI ba="0,0" hai="7,8,14,40,47,48,83,86,91,98,99" m="37991" machi="47" ten="30,2000,0" yaku="8,1,52,1" doraHai="36,13" who="3" fromWho="2" sc="189,0,247,0,299,-20,265,20" /><INIT seed="6,0,0,1,1,127" ten="189,247,279,285" oya="2" hai0="116,54,56,35,23,77,20,0,78,118,60,30,18" hai1="40,28,43,89,95,68,59,46,44,11,67,93,85" hai2="76,29,124,58,53,134,79,24,26,107,98,81,34" hai3="10,65,39,131,129,3,86,100,120,132,62,103,50"/><V108/><F124/><W73/><G120/><T2/><D35/><U94/><E68/><V122/><F122/><W9/><G73/><T47/><D30/><U41/><E28/><V14/><F134/><W27/><G39/><T74/><D47/><N who="1" m="17963" /><E11/><V42/><F26/><W63/><G50/><T110/><D110/><U1/><E1/><V80/><F42/><W31/><G86/><T64/><D64/><U71/><E71/><V66/><F66/><W102/><G132/><T37/><D37/><U51/><E51/><V92/><F107/><W25/><G3/><T101/><D101/><U123/><E123/><V119/><F14/><W4/><G4/><T130/><D130/><N who="3" m="49673" /><G25/><T97/><D97/><U113/><E113/><V57/><F98/><W69/><G62/><AGARI ba="0,0" hai="40,41,43,59,62,67,85,89,93,94,95" m="17963" machi="62" ten="30,1000,0" yaku="8,1" doraHai="127" who="1" fromWho="3" sc="189,0,247,10,279,0,285,-10" /><INIT seed="7,0,0,1,1,36" ten="189,257,279,275" oya="3" hai0="117,58,109,8,78,100,67,92,2,28,29,90,125" hai1="115,99,11,93,42,75,81,50,69,4,111,14,129" hai2="130,73,74,52,27,61,97,49,26,33,5,7,128" hai3="20,121,63,57,71,44,114,9,133,91,116,23,51"/><W25/><G116/><T134/><D117/><U17/><E111/><V84/><F61/><W126/><G121/><T60/><D109/><U38/><E69/><V123/><F123/><W110/><G114/><T15/><D2/><U80/><E115/><V34/><F84/><W72/><G110/><T82/><D134/><U54/><E129/><N who="2" m="49771" /><F97/><W77/><G71/><T95/><D125/><U62/><E75/><N who="2" m="28683" /><F27/><W1/><G133/><T132/><D132/><U48/><E38/><V76/><F76/><W30/><G126/><T31/><D100/><U12/><E62/><V3/><F26/><W64/><G91/><T22/><D78/><U131/><E50/><V112/><F112/><W87/><G72/><T94/><D82/><U79/><E131/><V70/><F70/><W66/><G66/><T120/><D120/><U86/><E80/><V106/><F106/><W18/><G87/><T105/><D105/><U108/><E108/><V55/><F55/><N who="3" m="30183" /><G1/><T0/><D0/><U65/><E65/><V47/><F3/><W41/><G77/><T13/><D22/><N who="1" m="11559" /><E54/><V101/><F101/><W10/><G41/><T39/><D39/><U113/><E113/><V135/><F135/><W56/><G56/><T96/><REACH who="0" step="1"/><D15/><AGARI ba="0,0" hai="9,10,15,18,20,23,25,30,57,63,64" m="30183" machi="15" ten="30,1500,0" yaku="8,1" doraHai="36" who="3" fromWho="0" sc="189,-15,257,0,279,0,275,15" /><INIT seed="7,1,0,3,5,71" ten="174,257,279,290" oya="3" hai0="88,11,61,102,46,79,83,90,45,125,24,60,56" hai1="47,97,4,132,73,135,35,124,127,81,98,116,20" hai2="59,119,33,41,75,122,118,31,64,133,40,25,50" hai3="32,5,86,26,107,123,34,77,0,37,104,121,128"/><W21/><G37/><T57/><D125/><N who="1" m="48203" /><E35/><V80/><F133/><N who="1" m="51273" /><E20/><V70/><F122/><W72/><G72/><T51/><D102/><U68/><E4/><V55/><F70/><W101/><G5/><T111/><D111/><U30/><E68/><V126/><F64/><W112/><G112/><T58/><D11/><U54/><E30/><V74/><F126/><W113/><G0/><T78/><D24/><U3/><E3/><V13/><F13/><W87/><G113/><T22/><D22/><U16/><E16/><V115/><F115/><W19/><G19/><T105/><D105/><U106/><E116/><V2/><F2/><W38/><G21/><T84/><D90/><U92/><E106/><V42/><REACH who="2" step="1"/><F74/><REACH who="2" ten="174,257,269,290" step="2"/><W117/><G123/><T12/><D12/><U14/><E14/><V6/><F6/><W91/><G121/><T93/><D79/><AGARI ba="1,1" hai="25,31,33,40,41,42,50,55,59,75,79,80,118,119" machi="79" ten="40,1300,0" yaku="1,1,53,0" doraHai="71" doraHaiUra="134" who="2" fromWho="0" sc="174,-16,257,0,269,26,290,0" owari="158,-34.2,257,-14.3,295,39.5,290,9.0" /></mjloggm>