<mjloggm ver="2.3"><GO type="225" lobby="0"/><UN n0="%E6%80%AA%E3%81%97%E3%81%99%E3%81%8E%E3%82%8B%E3%83%81%E3%83%BC" n1="%E5%84%AA%40%41%42%43" n2="%E3%81%AF%E3%81%BE%E3%81%A1%E3%83%AA%E3%83%BC%E3%82%B0" n3="%67%61%79%75%6E%79" dan="16,17,16,16" rate="2135.91,2244.84,2047.09,2159.47" sx="M,M,M,M"/><TAIKYOKU oya="0"/><INIT seed="0,0,0,4,2,68" ten="250,250,250,250" oya="0" hai0="32,132,40,69,83,2,47,75,42,95,107,82,18" hai1="81,16,56,122,28,133,120,91,84,88,26,55,106" hai2="51,71,79,116,85,117,119,114,76,15,22,50,41" hai3="21,108,87,4,89,112,1,13,101,35,111,14,12"/><T123/><D123/><U11/><E133/><V90/><F71/><W19/><G112/><T8/><D107/><U36/><E106/><V59/><F114/><W70/><G70/><T62/><D132/><U100/><E36/><V103/><F103/><W5/><G101/><T10/><D32/><U94/><E100/><V92/><F41/><W131/><G131/><T86/><D95/><U109/><E109/><N who="3" m="42058" /><G35/><T77/><D40/><U135/><E135/><V20/><F51/><W30/><G30/><T134/><D134/><U127/><E127/><V6/><F6/><N who="3" m="2667" /><G1/><T49/><D18/><U46/><E28/><V115/><F115/><W43/><G43/><T118/><D2/><U121/><E46/><V45/><F45/><W105/><G105/><T48/><D48/><U124/><E124/><V54/><F22/><W57/><G57/><T66/><REACH who="0" step="1"/><D118/><REACH who="0" ten="240,250,250,250" step="2"/><U29/><E29/><V64/><F64/><W61/><G61/><T17/><D17/><AGARI ba="0,1" hai="15,17,20,50,54,59,76,79,85,90,92,116,117,119" machi="17" ten="40,5200,0" yaku="25,2,12,1" doraHai="68" who="2" fromWho="0" sc="240,-52,250,0,250,62,250,0" /><INIT seed="1,0,0,5,1,134" ten="188,250,312,250" oya="1" hai0="72,42,87,17,61,77,88,35,108,135,14,132,62" hai1="124,1,21,133,8,58,12,121,104,69,43,129,45" hai2="9,11,122,29,37,19,109,41,15,22,55,25,13" hai3="75,115,50,18,83,51,27,68,94,114,28,53,64"/><U30/><E69/><V40/><F122/><W16/><G51/><T6/><D108/><U113/><E104/><V23/><F37/><W90/><G64/><T92/><D35/><U84/><E113/><V123/><F109/><W34/><G68/><T65/><D6/><U80/><E121/><V49/><F123/><W73/><G115/><T127/><D42/><U47/><E129/><V96/><F96/><W120/><G120/><T101/><D101/><U128/><E128/><V60/><F60/><W38/><G38/><T105/><D105/><U36/><E1/><V56/><F22/><W66/><G66/><T79/><D127/><U70/><E70/><V98/><F98/><W111/><G111/><T100/><D100/><U93/><E58/><V106/><F106/><W0/><G0/><T99/><D72/><U44/><E93/><V26/><F25/><W91/><G114/><T31/><D31/><U74/><E74/><V4/><AGARI ba="0,0" hai="4,9,11,13,15,19,23,26,29,40,41,49,55,56" machi="4" ten="20,2700,0" yaku="0,1,7,1,8,1" doraHai="134" who="2" fromWho="2" sc="188,-7,250,-13,312,27,250,-7" /><INIT seed="2,0,0,4,0,57" ten="181,237,339,243" oya="2" hai0="128,104,14,55,123,58,67,129,61,127,79,43,124" hai1="91,18,16,88,3,81,119,6,85,21,17,135,98" hai2="27,39,70,112,5,126,69,34,53,96,10,99,45" hai3="50,83,37,132,7,74,29,107,44,90,47,60,92"/><V38/><F112/><W94/><G107/><T102/><D79/><U54/><E119/><V93/><F99/><W33/><G7/><T4/><D123/><U84/><E135/><V115/><F126/><N who="0" m="48170" /><D102/><U30/><E98/><V109/><F39/><W131/><G131/><N who="0" m="50251" /><D104/><U86/><E6/><V36/><F5/><W130/><G132/><T97/><D97/><U62/><E3/><V15/><F38/><W64/><G74/><T40/><D14/><U51/><E62/><V87/><F15/><W59/><G83/><T28/><D28/><U89/><E30/><V105/><F87/><N who="1" m="33353" /><E21/><V19/><F96/><W72/><G72/><T118/><D4/><U48/><E54/><V133/><F53/><W71/><G130/><T63/><D118/><U100/><E100/><V111/><F105/><W78/><G78/><AGARI ba="0,0" hai="16,17,18,48,51,78,81,86,88,89,91" m="33353" machi="78" ten="30,3900,0" yaku="8,1,54,2" doraHai="57" who="1" fromWho="3" sc="181,0,237,39,339,0,243,-39" /><INIT seed="3,0,0,0,4,43" ten="181,276,339,204" oya="3" hai0="130,110,40,60,1,132,51,95,99,74,23,44,11" hai1="62,81,69,32,75,122,37,135,27,6,66,59,52" hai2="73,49,68,61,126,129,98,90,104,70,93,125,29" hai3="17,53,87,106,63,80,55,39,18,47,2,12,134"/><W131/><G134/><T10/><D74/><U35/><E122/><V89/><F73/><W26/><G131/><T119/><D119/><U85/><E75/><V56/><F104/><W67/><G106/><T77/><D130/><U107/><E107/><V127/><F129/><W83/><G2/><T72/><D110/><U34/><E6/><V128/><F128/><W71/><G83/><T0/><D132/><U46/><E135/><V48/><F29/><W4/><G4/><T123/><D123/><U133/><E133/><V8/><F8/><W45/><G39/><T111/><D111/><U20/><E37/><V115/><F90/><W54/><G26/><T112/><D112/><U108/><E46/><V50/><F115/><W25/><G25/><T86/><D72/><U64/><E69/><V38/><F38/><W33/><G33/><T57/><D1/><U91/><E108/><V114/><F114/><W16/><REACH who="3" step="1"/><G12/><REACH who="3" ten="181,276,339,194" step="2"/><T21/><D0/><U121/><E121/><V19/><F19/><W96/><G96/><T28/><D28/><U82/><REACH who="1" step="1"/><E82/><REACH who="1" ten="181,266,339,194" step="2"/><V24/><F24/><W42/><G42/><T102/><D11/><U109/><E109/><V105/><F105/><W117/><G117/><T7/><D10/><U118/><E118/><V9/><F9/><W79/><AGARI ba="0,2" hai="16,17,18,45,47,53,54,55,63,67,71,79,80,87" machi="79" ten="30,12000,1" yaku="1,1,0,1,52,2,54,1,53,0" doraHai="43" doraHaiUra="100" who="3" fromWho="3" sc="181,-40,266,-40,339,-40,194,140" owari="141,-35.9,226,-17.4,299,9.9,334,43.4" /></mjloggm>