<mjloggm ver="2.3"><GO type="225" lobby="0"/><UN n0="%E3%81%B5%E3%81%98%E3%81%8B%E3%81%A4" n1="%E9%B3%B3%E6%9D%B1%E3%81%AE%E3%81%86%E3%81%95%E3%81%8E%E3%81%95%E3%82%93" n2="%E6%97%A5%E6%9B%9C%E6%97%A5%E3%82%88%E3%82%8A%E3%81%AE%E4%BD%BF%E8%80%85" n3="%45%6C%79%73%69%75%6D" dan="16,17,17,16" rate="2105.32,2248.49,2121.58,2087.71" sx="M,M,M,F"/><TAIKYOKU oya="0"/><INIT seed="0,0,0,4,5,87" ten="250,250,250,250" oya="0" hai0="43,134,7,55,83,2,57,63,115,34,113,133,47" hai1="76,73,94,118,79,84,66,70,40,3,32,135,95" hai2="22,42,48,127,59,86,5,120,131,74,1,11,130" hai3="110,58,20,82,61,100,51,24,106,99,81,117,68"/><T0/><D34/><U27/><E118/><V12/><F74/><W37/><G37/><T54/><D83/><U39/><E3/><V4/><F120/><W29/><G117/><T72/><D72/><U26/><E73/><V108/><F108/><W52/><REACH who="3" step="1"/><G110/><REACH who="3" ten="250,250,250,240" step="2"/><T35/><D113/><U96/><E39/><V31/><F131/><W13/><G13/><T64/><D115/><U102/><E135/><N who="0" m="51721" /><D35/><U93/><E32/><V125/><F130/><W109/><G109/><T132/><D132/><U38/><E38/><V123/><F12/><W30/><G30/><T111/><D111/><U90/><E26/><V28/><F28/><W69/><G69/><T41/><D0/><U23/><E70/><V126/><F31/><W10/><G10/><N who="0" m="2423" /><D41/><U98/><E40/><V15/><F42/><W101/><G101/><T88/><D43/><U62/><E27/><V128/><F128/><W77/><G77/><T14/><D14/><U80/><E79/><V78/><F1/><W33/><G33/><T21/><D21/><U129/><E129/><V124/><F22/><W49/><G49/><N who="0" m="28991" /><D55/><U67/><E23/><V122/><F127/><W60/><G60/><T119/><D119/><U16/><E62/><V25/><F25/><W75/><G75/><T19/><D19/><U36/><E36/><V105/><F4/><W112/><G112/><T89/><AGARI ba="0,1" hai="57,63,64,88,89" m="28991,2423,51721" machi="89" ten="30,11700,0" yaku="20,1,52,2,54,1" doraHai="87" who="0" fromWho="0" sc="250,127,250,-39,250,-39,240,-39" /><INIT seed="0,1,0,4,4,21" ten="377,211,211,201" oya="0" hai0="46,74,18,131,129,16,11,90,126,24,110,7,52" hai1="119,104,37,127,40,88,2,20,81,25,49,80,13" hai2="19,9,118,56,125,83,68,114,86,59,135,4,100" hai3="76,50,42,105,97,31,3,99,93,115,122,111,124"/><T44/><D74/><U96/><E2/><V55/><F68/><W120/><G115/><T63/><D126/><U12/><E119/><V75/><F75/><W33/><G124/><T89/><D110/><U82/><E37/><V39/><F39/><W133/><G111/><T121/><D121/><N who="3" m="46697" /><G3/><T57/><D46/><N who="1" m="25799" /><E104/><V113/><F125/><W130/><G130/><N who="0" m="49675" /><D44/><U27/><E127/><V10/><F118/><W29/><G133/><T8/><D8/><U65/><E65/><V30/><F135/><W94/><G76/><T107/><D107/><U66/><E66/><V69/><F10/><W101/><G33/><T54/><D54/><U34/><E34/><V5/><F55/><W35/><G35/><T23/><D18/><N who="1" m="10319" /><E12/><AGARI ba="1,0" hai="7,11,12,16,23,24,52,57,63,89,90" m="49675" machi="12" ten="30,11600,0" yaku="19,1,52,1,54,2" doraHai="21" who="0" fromWho="1" sc="377,119,211,-119,211,0,201,0" /><INIT seed="0,2,0,3,4,77" ten="496,92,211,201" oya="0" hai0="34,33,18,112,32,6,19,103,4,65,50,84,41" hai1="42,72,23,60,78,119,49,66,124,123,55,127,91" hai2="26,99,126,86,63,64,25,31,110,38,75,97,115" hai3="15,81,40,95,51,8,36,10,13,7,73,89,131"/><T108/><D112/><U70/><E119/><V52/><F75/><W122/><G36/><T62/><D103/><U12/><E123/><V92/><F38/><W44/><G131/><T118/><D118/><U68/><E68/><V24/><F115/><W45/><G45/><T98/><D98/><U11/><E23/><V20/><F110/><W134/><G134/><T59/><D108/><U113/><E113/><V56/><F126/><W2/><G122/><T43/><D84/><U27/><E27/><N who="2" m="16871" /><F64/><W76/><REACH who="3" step="1"/><G8/><REACH who="3" ten="496,92,211,191" step="2"/><T39/><D39/><U58/><E127/><V106/><F106/><W105/><G105/><T132/><D132/><U100/><E11/><V130/><F130/><W61/><G61/><T83/><D43/><U69/><E42/><V129/><F129/><W128/><G128/><T85/><D41/><U104/><E124/><V117/><F117/><W102/><G102/><T93/><D50/><U121/><E121/><V114/><F114/><W111/><G111/><T35/><D62/><U125/><E125/><V54/><F54/><W0/><G0/><T94/><D65/><U116/><E116/><V22/><F22/><W37/><G37/><T133/><D34/><U74/><E100/><V57/><F57/><W135/><G135/><T80/><D59/><U9/><E104/><V101/><F101/><W1/><G1/><T53/><D133/><U82/><E69/><V67/><F67/><W71/><G71/><T14/><D35/><U120/><E120/><V88/><AGARI ba="2,1" hai="24,25,26,52,56,63,86,88,92,97,99" m="16871" machi="88" ten="30,4000,0" yaku="8,1,54,2" doraHai="77" who="2" fromWho="2" sc="496,-22,92,-12,211,56,191,-12" /><INIT seed="1,0,0,4,1,57" ten="474,80,267,179" oya="1" hai0="3,132,82,135,112,31,2,125,102,74,49,28,60" hai1="105,24,95,121,59,52,106,34,41,30,58,63,8" hai2="12,133,69,26,61,45,130,5,46,100,123,53,4" hai3="39,64,67,23,92,89,108,91,21,110,48,126,94"/><U109/><E121/><V18/><F123/><W13/><G13/><T111/><D112/><U7/><E109/><V16/><F130/><W84/><G48/><T68/><D111/><U43/><E95/><V107/><F133/><N who="0" m="51274" /><D102/><U70/><E70/><V88/><F107/><W115/><G84/><T96/><D49/><U81/><E81/><V11/><F100/><W79/><G79/><N who="0" m="44407" /><D96/><U119/><E119/><V14/><F26/><W36/><REACH who="3" step="1"/><G126/><REACH who="3" ten="474,80,267,169" step="2"/><T32/><D125/><U103/><E59/><N who="2" m="35055" /><F69/><W25/><G25/><N who="0" m="18447" /><D31/><U47/><E103/><V131/><F131/><W17/><G17/><T127/><D127/><U51/><REACH who="1" step="1"/><E43/><REACH who="1" ten="474,70,267,169" step="2"/><V73/><F73/><W85/><G85/><T22/><D68/><U75/><E75/><V0/><F46/><W54/><G54/><T120/><D120/><U93/><E93/><V76/><F45/><W65/><G65/><T134/><D134/><U9/><E9/><N who="2" m="6159" /><F76/><W77/><G77/><T6/><D2/><AGARI ba="0,2" hai="2,7,8,24,30,34,41,47,51,52,58,63,105,106" machi="2" ten="30,11600,0" yaku="1,1,7,1,52,1,54,1,53,0" doraHai="57" doraHaiUra="66" who="1" fromWho="0" sc="474,-116,70,136,267,0,169,0" /><INIT seed="1,1,0,3,5,36" ten="358,206,267,169" oya="1" hai0="96,69,52,9,54,67,1,97,89,104,28,73,19" hai1="4,40,56,130,92,119,90,129,132,38,33,16,101" hai2="120,48,12,107,78,80,79,55,135,70,75,103,41" hai3="133,88,81,5,83,74,82,93,61,85,37,35,108"/><U34/><E119/><V21/><F120/><W50/><G37/><T114/><D114/><U24/><E101/><V47/><F135/><W99/><G35/><T110/><D73/><U126/><E4/><V106/><F70/><W115/><G115/><T22/><D28/><U116/><E116/><V72/><F103/><W0/><G133/><T25/><D110/><U49/><E38/><V84/><F55/><W44/><G108/><T123/><D123/><U76/><E76/><V71/><F71/><W127/><G127/><T113/><D113/><U31/><E132/><V134/><F134/><W111/><G111/><T11/><D104/><U8/><E33/><V15/><F84/><W45/><G74/><T65/><D1/><U60/><E126/><V6/><F21/><W121/><G121/><T122/><D69/><U7/><E16/><V20/><F20/><W109/><G109/><T32/><D32/><U87/><E49/><V10/><F15/><W57/><G0/><T58/><D54/><U117/><E117/><V118/><F118/><W59/><G5/><T95/><D97/><U23/><E34/><V62/><F62/><W100/><G61/><N who="0" m="36039" /><D122/><U46/><E60/><V53/><F53/><N who="3" m="29903" /><G44/><T17/><D17/><U125/><E125/><V13/><F13/><W26/><G26/><T124/><D124/><U39/><REACH who="1" step="1"/><E56/><AGARI ba="1,0" hai="56,57,59,81,82,83,85,88,93,99,100" m="29903" machi="56" ten="30,2000,0" yaku="8,1,54,1" doraHai="36" who="3" fromWho="1" sc="358,0,206,-23,267,0,169,23" /><INIT seed="2,0,0,0,5,70" ten="358,183,267,192" oya="2" hai0="10,22,50,15,45,52,4,2,13,130,131,100,91" hai1="132,49,11,71,41,85,64,133,32,76,111,60,110" hai2="26,14,62,23,119,126,5,118,106,115,55,3,73" hai3="129,103,80,105,63,72,67,42,54,68,9,0,90"/><V28/><F115/><W93/><G129/><N who="0" m="49163" /><D100/><U84/><E32/><N who="2" m="20503" /><F73/><W87/><G42/><T65/><D65/><U19/><E19/><N who="2" m="10743" /><F106/><W34/><G34/><T69/><D69/><U128/><E11/><N who="2" m="2495" /><F126/><W104/><G54/><T114/><D114/><U78/><E128/><V20/><F62/><W75/><G75/><T38/><D22/><U123/><E123/><V21/><F55/><W27/><G27/><T99/><D38/><U12/><E78/><V43/><F43/><W89/><G103/><T25/><D25/><U46/><E12/><N who="0" m="4681" /><D99/><U112/><E112/><V37/><F37/><W79/><REACH who="3" step="1"/><G90/><AGARI ba="0,0" hai="2,4,10,45,50,52,90,91" m="4681,49163" machi="90" ten="30,2000,0" yaku="19,1,54,1" doraHai="70" who="0" fromWho="3" sc="358,20,183,0,267,0,192,-20" /><INIT seed="3,0,0,1,0,122" ten="378,183,267,172" oya="3" hai0="13,93,63,130,54,103,124,108,60,29,50,16,76" hai1="88,23,74,115,127,24,12,117,119,45,8,36,2" hai2="113,121,104,79,110,98,118,65,39,15,59,21,32" hai3="28,27,125,106,70,30,46,81,92,77,109,97,95"/><W47/><G70/><T89/><D108/><U56/><E115/><V85/><F32/><W134/><G134/><T133/><D124/><U100/><E127/><V14/><F39/><W52/><G125/><T120/><D130/><U62/><E2/><V91/><F113/><W25/><G106/><T18/><D29/><U69/><E69/><V42/><F118/><N who="1" m="45065" /><E74/><V64/><F42/><W101/><G92/><T19/><D76/><U68/><E68/><V41/><F41/><W75/><G109/><T72/><D72/><U84/><E100/><V111/><F121/><W1/><G1/><T51/><D103/><U83/><E45/><V135/><F79/><W131/><G131/><T26/><D51/><U55/><E36/><V90/><F59/><W49/><REACH who="3" step="1"/><G46/><REACH who="3" ten="378,183,267,162" step="2"/><N who="0" m="27991" /><D133/><U10/><E12/><V38/><F135/><W35/><G35/><T87/><D120/><U78/><E78/><V22/><F104/><W5/><G5/><T99/><D13/><U73/><E73/><V53/><F14/><W126/><G126/><T61/><D26/><AGARI ba="0,1" hai="25,26,27,28,30,47,49,52,75,77,81,95,97,101" machi="26" ten="40,7700,0" yaku="1,1,54,1,53,1" doraHai="122" doraHaiUra="44" who="3" fromWho="0" sc="378,-77,183,0,267,0,162,87" /><INIT seed="3,1,0,1,2,113" ten="301,183,267,249" oya="3" hai0="63,117,132,0,85,42,78,54,62,80,86,118,67" hai1="22,23,58,47,120,17,106,74,73,8,109,38,101" hai2="122,110,105,130,30,28,50,48,40,108,46,10,65" hai3="115,133,53,5,99,90,60,88,55,37,97,68,82"/><W98/><G115/><T127/><D0/><U9/><E120/><V57/><F105/><W61/><G37/><T41/><D132/><U96/><E109/><N who="2" m="42091" /><F10/><W33/><G33/><T123/><D127/><U26/><E22/><V12/><F12/><W131/><G133/><T56/><D123/><U21/><E58/><V6/><F6/><W94/><G131/><T126/><D126/><U129/><E129/><V121/><F130/><W3/><G3/><T77/><D67/><U31/><E8/><V134/><F134/><W135/><G135/><T18/><D18/><U111/><E9/><V43/><F28/><W34/><G34/><T49/><D118/><U100/><E111/><V125/><F30/><W83/><G5/><T2/><D2/><U35/><E101/><V72/><F72/><W25/><G25/><T16/><D16/><U44/><E35/><V20/><F20/><W27/><G27/><T114/><D114/><U39/><E39/><V4/><F4/><W84/><G68/><T116/><D116/><U29/><E29/><V45/><F125/><W71/><G71/><T11/><D11/><U81/><E38/><V102/><F102/><W15/><G15/><T76/><D117/><U66/><E66/><V95/><F95/><W89/><G94/><T91/><D86/><U75/><REACH who="1" step="1"/><E81/><REACH who="1" ten="301,173,267,249" step="2"/><N who="3" m="30730" /><G60/><AGARI ba="1,1" hai="41,42,49,54,56,60,62,63,76,77,78,80,85,91" machi="60" ten="40,1300,0" yaku="8,1" doraHai="113" who="0" fromWho="3" sc="301,26,173,0,267,0,249,-16" /><AGARI ba="1,0" hai="40,43,45,46,48,50,57,60,65,121,122" m="42091" machi="60" ten="30,3900,0" yaku="14,1,34,2" doraHai="113" who="2" fromWho="3" sc="327,0,173,0,267,39,233,-39" owari="327,42.7,173,-32.7,306,10.6,194,-20.6" /></mjloggm>