<mjloggm ver="2.3"><GO type="225" lobby="0"/><UN n0="%33%74%72%65%65" n1="%E3%81%B1%E3%83%BC%E3%81%9B%E3%82%93%E3%81%A8%E4%BE%8D" n2="%E3%81%9F%E3%81%93%E2%98%86%E7%84%BC%E3%81%8D" n3="%E3%83%B4%E3%83%A0%EF%BC%99%E3%81%A6" dan="17,17,16,17" rate="2238.03,2197.85,2060.84,2209.85" sx="F,M,M,M"/><TAIKYOKU oya="0"/><INIT seed="0,0,0,1,5,85" ten="250,250,250,250" oya="0" hai0="47,5,44,50,81,11,6,97,35,88,56,15,61" hai1="28,33,99,49,98,16,12,23,46,123,39,13,7" hai2="53,31,41,0,63,133,115,113,126,68,106,100,107" hai3="45,135,120,134,43,78,21,71,38,74,26,110,119"/><T114/><D114/><U121/><E39/><V91/><F0/><W25/><G119/><T10/><D35/><U79/><E79/><V122/><F41/><W64/><G110/><T54/><D61/><U58/><E33/><V55/><F31/><W77/><G120/><T75/><D75/><U101/><E28/><V32/><F122/><W30/><G74/><T18/><D18/><U3/><E3/><V20/><F20/><W72/><G26/><T19/><D6/><U2/><E2/><V124/><F32/><W112/><G112/><T118/><D118/><U103/><E58/><V80/><F80/><W60/><G72/><T1/><REACH who="0" step="1"/><D97/><REACH who="0" ten="240,250,250,250" step="2"/><U76/><E99/><V59/><F63/><W65/><G65/><T129/><D129/><U105/><E98/><V87/><F115/><W52/><G64/><T69/><D69/><U111/><E7/><V96/><F68/><W62/><G62/><T57/><D57/><U36/><E123/><V125/><F59/><W82/><G71/><T24/><D24/><U9/><E16/><V104/><F113/><W66/><G66/><T92/><D92/><U93/><E93/><N who="2" m="54527" /><F133/><W37/><G135/><T132/><D132/><U83/><E121/><V84/><F84/><AGARI ba="0,1" hai="1,5,10,11,15,19,44,47,50,54,56,81,84,88" machi="84" ten="40,12000,1" yaku="1,1,52,1,54,1,53,2" doraHai="85" doraHaiUra="4" who="0" fromWho="2" sc="240,130,250,0,250,-120,250,0" /><INIT seed="0,1,0,1,5,77" ten="370,250,130,250" oya="0" hai0="18,101,75,63,8,94,11,84,5,109,22,113,119" hai1="14,4,83,58,20,44,25,86,128,129,112,56,16" hai2="90,39,93,36,66,68,6,76,15,2,64,23,0" hai3="49,9,3,95,74,127,34,33,118,85,133,87,122"/><T81/><D113/><U124/><E112/><V104/><F104/><W117/><G74/><T91/><D119/><U47/><E124/><V43/><F76/><W35/><G127/><T105/><D109/><U60/><E58/><V57/><F68/><W111/><G111/><T70/><D70/><U28/><E4/><V92/><F23/><W130/><G130/><N who="1" m="50282" /><E56/><V67/><F57/><W29/><G29/><T107/><D63/><U50/><E60/><V114/><F114/><W135/><G122/><T65/><D65/><U116/><E116/><V123/><F123/><W78/><G49/><T69/><D69/><U115/><E50/><V88/><F15/><W72/><G72/><T132/><D5/><U82/><E115/><V97/><F43/><W131/><G131/><T45/><D45/><N who="1" m="17483" /><E86/><V126/><F126/><W61/><G61/><T31/><D84/><U108/><E108/><V38/><REACH who="2" step="1"/><F6/><REACH who="2" ten="370,250,120,250" step="2"/><N who="3" m="1247" /><G78/><T24/><D107/><U55/><E55/><V48/><F48/><W32/><G32/><AGARI ba="1,1" hai="14,16,20,25,28,32,82,83" m="17483,50282" machi="32" ten="30,7700,0" yaku="19,1,52,2,54,1" doraHai="77" who="1" fromWho="3" sc="370,0,250,90,120,0,250,-80" /><INIT seed="1,0,0,0,3,110" ten="370,340,120,170" oya="1" hai0="114,11,103,113,23,16,129,108,106,99,76,45,53" hai1="104,63,57,126,67,87,81,2,97,18,28,0,80" hai2="91,12,3,109,31,26,65,17,90,128,62,100,61" hai3="29,121,116,41,52,22,85,75,33,124,88,115,15"/><U111/><E111/><V101/><F3/><W119/><G121/><T132/><D108/><U39/><E39/><V79/><F79/><W92/><G124/><T112/><D129/><U24/><E126/><V82/><F128/><W30/><G41/><T54/><D132/><U105/><E18/><V83/><F109/><W69/><G69/><T66/><D66/><U73/><E81/><N who="2" m="30731" /><F31/><W21/><G75/><T78/><D11/><U27/><E27/><V14/><F26/><W71/><G71/><T43/><D78/><U60/><E60/><N who="2" m="23147" /><F65/><W118/><G33/><T36/><REACH who="0" step="1"/><D76/><REACH who="0" ten="360,340,120,170" step="2"/><U1/><E73/><V59/><F59/><W84/><G119/><T68/><D68/><U40/><E67/><V64/><F64/><W38/><G118/><T95/><D95/><U49/><E57/><V135/><F135/><W89/><G92/><T70/><D70/><U133/><E133/><V7/><F7/><W96/><G116/><T134/><D134/><U19/><E80/><V44/><F44/><W47/><G47/><T42/><D42/><U4/><E40/><V98/><F98/><W50/><G96/><T10/><D10/><U77/><E4/><V72/><F72/><W74/><G74/><T13/><AGARI ba="0,1" hai="13,16,23,36,43,45,53,54,99,103,106,112,113,114" machi="13" ten="30,12000,2" yaku="1,1,0,1,52,3,54,1,53,0" doraHai="110" doraHaiUra="46" who="0" fromWho="0" sc="360,130,340,-60,120,-30,170,-30" /><INIT seed="2,0,0,5,2,114" ten="490,280,90,140" oya="2" hai0="62,33,38,7,36,80,115,71,47,75,132,70,24" hai1="125,116,130,23,102,110,122,59,39,119,45,53,10" hai2="81,105,27,1,121,73,9,78,126,83,26,2,118" hai3="34,68,56,61,84,8,25,67,35,90,85,69,128"/><V117/><F121/><W49/><G128/><T106/><D115/><U57/><E102/><V41/><F105/><W4/><G84/><T18/><D18/><U86/><E86/><V111/><F126/><W60/><G49/><T5/><D5/><U20/><E10/><V11/><F41/><W40/><G40/><T37/><D7/><U31/><E31/><V52/><F78/><W131/><G131/><T124/><D47/><U0/><E0/><V55/><REACH who="2" step="1"/><F111/><REACH who="2" ten="490,280,80,140" step="2"/><W92/><G25/><T134/><D124/><U15/><E125/><V21/><F21/><W76/><G76/><T94/><D24/><U79/><E23/><V48/><F48/><W91/><G35/><T22/><D22/><U77/><E20/><V129/><F129/><W42/><G34/><T3/><D33/><U46/><E110/><V95/><F95/><W82/><G42/><T72/><D94/><U123/><E130/><V63/><F63/><W74/><G60/><T16/><D62/><U97/><E123/><V96/><F96/><W6/><G61/><T112/><D106/><U113/><E97/><V87/><F87/><W65/><G92/><T32/><D32/><U120/><E113/><V17/><F17/><W135/><G85/><T66/><D16/><U28/><E122/><V50/><F50/><W54/><G4/><T43/><D43/><U100/><E79/><V44/><F44/><W19/><G6/><T93/><D93/><U99/><E77/><V58/><F58/><W127/><G127/><T12/><D112/><U107/><E120/><V14/><F14/><W29/><G19/><RYUUKYOKU ba="0,1" sc="490,-10,280,-10,80,30,140,-10" hai2="1,2,9,11,26,27,52,55,73,81,83,117,118" /><INIT seed="2,1,1,3,3,79" ten="480,270,110,130" oya="2" hai0="36,98,99,78,123,100,62,132,27,42,60,89,88" hai1="68,122,131,14,111,84,72,61,24,50,54,110,115" hai2="83,46,73,86,11,33,101,58,51,41,118,108,21" hai3="87,117,71,31,65,116,102,113,3,125,82,129,90"/><V12/><F118/><N who="3" m="45675" /><G3/><T30/><D132/><U74/><E115/><V75/><F33/><W45/><G31/><T25/><D123/><U76/><E131/><V107/><F108/><W112/><G45/><T19/><D78/><U7/><E122/><V133/><F133/><W134/><G134/><T43/><D19/><U20/><E84/><V70/><F21/><W10/><G10/><T13/><D13/><U23/><E76/><N who="2" m="46439" /><F70/><W53/><G53/><T63/><D36/><U66/><E20/><V77/><F77/><W126/><G129/><T57/><D57/><U81/><E23/><V16/><F107/><W26/><G26/><T56/><D56/><U103/><E24/><V44/><F101/><W5/><G5/><T35/><D27/><U120/><E103/><V17/><F75/><W59/><G59/><T109/><D109/><U94/><E74/><V22/><F73/><W124/><G102/><T18/><D100/><U93/><E111/><V2/><F2/><W38/><G38/><T39/><D39/><U135/><E110/><V28/><F28/><W40/><G40/><N who="0" m="15403" /><D30/><U6/><E135/><V69/><F69/><W49/><G49/><T80/><D35/><U95/><E72/><V106/><F106/><W128/><G128/><T48/><D48/><U64/><E68/><V85/><F85/><W119/><N who="3" m="45683" /><W130/><DORA hai="121" /><G130/><T104/><D104/><U92/><E50/><N who="2" m="26895" /><F58/><W15/><G15/><T37/><D37/><U105/><E14/><N who="2" m="9495" /><F51/><W9/><G9/><T114/><D114/><N who="3" m="44137" /><G71/><T96/><D62/><U1/><N who="1" m="23552" /><DORA hai="67" /><U34/><E34/><RYUUKYOKU ba="1,1" sc="480,-15,270,-15,110,15,130,15" hai2="11,12,17,46" hai3="65,82,87,90,124,125,126" /><INIT seed="2,2,1,1,5,37" ten="465,255,125,145" oya="2" hai0="87,103,96,28,29,50,120,92,19,112,61,121,69" hai1="44,134,117,10,79,24,64,68,62,100,118,107,46" hai2="53,94,12,75,57,89,4,38,34,81,16,8,1" hai3="15,20,116,66,74,55,56,113,126,123,130,11,106"/><V132/><F38/><W122/><G116/><T65/><D112/><U115/><E115/><V18/><F132/><W73/><G113/><T22/><D29/><U0/><E134/><V86/><F34/><W52/><G106/><T42/><D28/><U109/><E109/><V3/><F3/><W23/><G126/><T36/><D36/><U101/><E79/><V111/><F111/><W39/><G39/><T91/><D42/><U43/><E46/><V108/><F108/><W99/><G99/><T71/><D50/><U135/><E135/><V60/><F1/><W119/><G119/><T98/><D69/><U2/><E101/><V40/><F40/><W58/><G66/><T124/><D98/><U5/><E2/><V85/><REACH who="2" step="1"/><F75/><REACH who="2" ten="465,255,115,145" step="2"/><W127/><G127/><T102/><D124/><U13/><E0/><V77/><AGARI ba="2,2" hai="4,8,12,16,18,53,57,60,77,81,85,86,89,94" machi="77" ten="20,18000,2" yaku="1,1,2,1,0,1,7,1,8,1,54,1,53,0" doraHai="37" doraHaiUra="93" who="2" fromWho="2" sc="465,-62,255,-62,115,206,145,-62" /><INIT seed="2,3,0,5,4,117" ten="403,193,321,83" oya="2" hai0="7,66,77,16,15,27,74,81,88,12,59,26,64" hai1="129,79,102,115,31,94,48,123,100,19,105,118,75" hai2="45,34,103,73,80,22,30,78,84,41,60,133,67" hai3="8,92,106,11,116,46,39,53,24,114,122,104,70"/><V38/><F133/><W110/><G116/><T109/><D109/><U28/><E118/><V25/><F103/><W83/><G110/><T111/><D111/><U85/><E115/><V4/><F4/><W1/><G70/><T71/><D71/><U2/><E2/><V132/><F132/><W63/><G114/><T90/><D74/><U32/><E32/><V35/><REACH who="2" step="1"/><F73/><REACH who="2" ten="403,193,311,83" step="2"/><W128/><G104/><T97/><D7/><U91/><E102/><V125/><F125/><W65/><G106/><T13/><D90/><U17/><E91/><V93/><F93/><W124/><G92/><T95/><D95/><U98/><E94/><V0/><F0/><W69/><G1/><T62/><D88/><U126/><E75/><V120/><F120/><W20/><G122/><T33/><D81/><U101/><E126/><V57/><AGARI ba="3,1" hai="22,25,30,34,35,38,41,45,57,60,67,78,80,84" machi="57" ten="20,3900,0" yaku="1,1,0,1,7,1,53,0" doraHai="117" doraHaiUra="112" who="2" fromWho="2" sc="403,-16,193,-16,311,58,83,-16" /><INIT seed="2,4,0,4,0,97" ten="387,177,369,67" oya="2" hai0="119,58,37,79,77,73,63,32,105,20,126,33,101" hai1="67,132,23,66,130,131,29,49,124,86,107,43,117" hai2="59,76,133,118,34,88,95,4,112,12,6,57,35" hai3="82,110,13,47,116,19,71,55,41,39,64,74,68"/><V1/><F1/><W52/><G116/><T54/><D119/><U91/><E117/><V115/><F76/><W102/><G110/><T26/><D126/><U122/><E107/><V51/><F118/><W135/><G135/><T134/><D134/><U17/><E29/><V98/><F133/><W62/><G71/><T80/><D77/><U60/><E132/><V90/><F51/><W65/><G65/><T14/><D14/><U42/><E122/><V30/><F12/><W127/><G127/><T10/><D10/><U104/><E104/><V85/><F30/><W108/><G82/><T56/><D56/><N who="1" m="37127" /><E67/><V50/><F50/><W40/><G74/><T103/><D37/><U18/><E18/><V111/><F111/><W70/><G40/><T22/><D22/><U121/><E49/><V89/><F88/><W45/><G68/><T11/><D11/><U83/><E121/><V113/><F59/><W87/><G87/><T3/><D3/><U31/><E31/><V109/><F57/><W123/><G123/><T9/><D9/><U48/><E48/><V94/><REACH who="2" step="1"/><F109/><REACH who="2" ten="387,177,359,67" step="2"/><W24/><G24/><T78/><D78/><U125/><E125/><V93/><F93/><W69/><G108/><T2/><D2/><U15/><E124/><V16/><F16/><W7/><G69/><T84/><D105/><U128/><AGARI ba="4,1" hai="15,17,23,42,43,83,86,91,128,130,131" m="37127" machi="128" ten="30,1100,0" yaku="19,1" doraHai="97" who="1" fromWho="1" sc="387,-7,177,33,359,-9,67,-7" /><INIT seed="3,0,0,5,3,105" ten="380,210,350,60" oya="3" hai0="112,82,35,117,134,90,129,84,92,25,3,34,78" hai1="12,74,100,22,97,99,133,5,81,30,60,70,2" hai2="127,0,93,102,7,130,65,10,24,6,113,88,49" hai3="42,122,91,4,76,103,68,21,69,15,26,33,32"/><W79/><G122/><T20/><D117/><U72/><E2/><V75/><F130/><W106/><G42/><T96/><D129/><U132/><E5/><V45/><F127/><W58/><G58/><T53/><D134/><N who="1" m="51819" /><E81/><V73/><F102/><W14/><G103/><T18/><D3/><U135/><E135/><V116/><F113/><W19/><G106/><T13/><D112/><U51/><E51/><V111/><F111/><W94/><G68/><T124/><D124/><U40/><E40/><V39/><F6/><W37/><G69/><T43/><D43/><U56/><E70/><V44/><F65/><W126/><G37/><T62/><D13/><U41/><E41/><V101/><F101/><W87/><G126/><T131/><D131/><U80/><E80/><V46/><F39/><W98/><G14/><T48/><D62/><U121/><E99/><V115/><F115/><W57/><G57/><AGARI ba="0,0" hai="18,20,25,34,35,48,53,57,78,82,84,90,92,96" machi="57" ten="30,1000,0" yaku="7,1" doraHai="105" who="0" fromWho="3" sc="380,10,210,0,350,0,60,-10" owari="390,49.0,210,-19.0,350,15.0,50,-45.0" /></mjloggm>