<mjloggm ver="2.3"><GO type="225" lobby="0"/><UN n0="%E6%B4%BE%E9%81%A3%E3%81%AE%E3%82%B8%E3%83%A3%E3%83%83%E3%82%AF" n1="%E3%81%8D%E3%82%83%E3%83%BC%E3%82%8D%E3%82%93" n2="%E3%81%95%E3%81%8D%E3%81%9F%E3%81%BE%E6%9E%97%E6%AA%8E" n3="%E5%82%8D%E8%8B%A5%E7%84%A1%E4%BA%BA%35%31" dan="17,17,16,16" rate="2201.56,2131.63,2085.47,2118.26" sx="M,M,M,M"/><TAIKYOKU oya="0"/><INIT seed="0,0,0,3,0,0" ten="250,250,250,250" oya="0" hai0="34,20,13,39,102,75,30,60,27,62,56,37,15" hai1="55,110,111,90,77,49,127,112,98,51,101,92,124" hai2="33,2,88,135,87,133,78,123,91,23,67,10,134" hai3="46,84,125,89,95,44,119,35,74,45,53,40,79"/><T71/><D75/><U107/><E77/><V7/><F123/><W57/><G125/><N who="1" m="48202" /><E112/><V72/><F72/><W85/><G119/><T12/><D34/><U94/><E51/><V97/><F97/><W18/><G35/><T43/><D102/><U69/><E69/><V11/><F33/><W104/><G104/><T106/><D106/><U109/><E90/><V1/><F67/><W120/><G74/><T128/><D128/><U26/><E26/><V80/><F23/><W17/><G120/><T129/><D129/><U131/><E131/><V116/><F116/><W6/><G40/><T54/><REACH who="0" step="1"/><D43/><REACH who="0" ten="240,250,250,250" step="2"/><U48/><E107/><V100/><F100/><W14/><G79/><T113/><D113/><U36/><E101/><V103/><F103/><W31/><G31/><T108/><D108/><U9/><E110/><V99/><F99/><W132/><G84/><T61/><D61/><U16/><E98/><V121/><F121/><W59/><G132/><T96/><D96/><U81/><E109/><V29/><F29/><W25/><G53/><T32/><D32/><U5/><E55/><V42/><F42/><W83/><G95/><T66/><AGARI ba="0,1" hai="12,13,15,20,27,30,37,39,54,56,60,62,66,71" machi="66" ten="30,6000,0" yaku="1,1,0,1,53,1" doraHai="0" doraHaiUra="19" who="0" fromWho="0" sc="240,70,250,-20,250,-20,250,-20" /><INIT seed="0,1,0,3,1,86" ten="310,230,230,230" oya="0" hai0="88,108,56,49,96,87,112,124,7,22,103,44,55" hai1="25,26,9,90,38,131,23,50,12,57,101,116,81" hai2="95,64,94,17,35,31,42,70,66,92,135,18,2" hai3="102,100,6,82,62,58,83,28,84,122,47,3,126"/><T118/><D112/><U52/><E116/><V93/><F2/><W54/><G126/><T45/><D118/><U11/><E38/><V117/><F117/><W85/><G122/><T63/><D124/><U77/><E131/><V109/><F109/><W133/><G133/><T37/><D108/><U24/><E101/><V0/><F0/><W68/><G68/><T13/><D37/><U30/><E11/><V74/><F74/><W79/><G28/><T27/><D7/><U51/><E51/><V60/><F135/><W75/><G75/><T115/><D115/><U41/><E41/><V10/><F42/><W48/><G6/><T110/><D110/><U65/><E65/><V43/><F43/><W120/><G3/><T123/><D13/><U53/><E53/><V33/><F10/><W1/><G1/><T34/><D34/><U125/><E125/><V127/><F127/><W40/><REACH who="3" step="1"/><G120/><REACH who="3" ten="310,230,230,220" step="2"/><T15/><D123/><U99/><E30/><V114/><F114/><W119/><G119/><T21/><D15/><U29/><E12/><V14/><F14/><W80/><G80/><N who="0" m="49255" /><D27/><U134/><E134/><V67/><F31/><W89/><AGARI ba="1,1" hai="40,47,48,54,58,62,79,82,83,84,85,89,100,102" machi="89" ten="20,8000,1" yaku="1,1,0,1,7,1,8,1,52,1,53,0" doraHai="86" doraHaiUra="69" who="3" fromWho="3" sc="310,-41,230,-21,230,-21,220,93" /><INIT seed="1,0,0,5,1,33" ten="269,209,209,313" oya="1" hai0="2,12,116,123,63,106,45,75,3,14,84,20,100" hai1="60,43,78,126,49,102,29,35,68,72,37,93,39" hai2="59,121,130,133,11,108,124,52,8,36,10,30,0" hai3="110,65,111,76,48,118,87,6,120,119,16,128,82"/><U19/><E93/><V28/><F121/><W23/><G120/><T86/><D123/><U15/><E78/><V132/><F36/><W134/><G128/><T44/><D63/><U50/><E102/><V88/><F130/><W74/><G134/><N who="2" m="51817" /><F108/><N who="3" m="41515" /><G6/><T122/><D122/><U131/><E72/><V104/><F104/><W18/><G65/><T103/><D20/><U32/><E131/><V58/><F124/><W38/><G38/><T99/><D75/><U25/><E126/><V40/><F40/><W117/><G48/><T41/><D41/><U67/><E35/><V24/><F59/><W92/><G23/><T69/><D69/><U9/><REACH who="1" step="1"/><E37/><REACH who="1" ten="269,199,209,313" step="2"/><V94/><F0/><W53/><G53/><T70/><D2/><U4/><E4/><V13/><F13/><W1/><G1/><T27/><D3/><U64/><E64/><V54/><F24/><W114/><G114/><T98/><D27/><U80/><E80/><V56/><F56/><W90/><AGARI ba="0,1" hai="16,18,74,76,82,87,90,92,117,118,119" m="41515" machi="90" ten="40,5200,0" yaku="12,1,14,1,54,1" doraHai="33" who="3" fromWho="3" sc="269,-13,199,-26,209,-13,313,62" /><INIT seed="2,0,0,1,1,56" ten="256,173,196,375" oya="2" hai0="102,47,53,21,79,14,66,95,83,51,113,63,73" hai1="90,2,60,67,126,28,86,54,3,129,4,101,44" hai2="19,105,0,122,115,133,46,9,65,100,85,106,8" hai3="132,58,34,135,55,57,97,134,91,35,37,99,124"/><V31/><F115/><W112/><G124/><T62/><D113/><U109/><E109/><V96/><F122/><W24/><G112/><T89/><D66/><U36/><E129/><V123/><F123/><W130/><G37/><T16/><D102/><U93/><E126/><V118/><F118/><W108/><G108/><T71/><D71/><U131/><E131/><V27/><F106/><W32/><G130/><T82/><D82/><U78/><E28/><V77/><F133/><W22/><G91/><T42/><D42/><U68/><E4/><V41/><F19/><W98/><G55/><T12/><D12/><U6/><E6/><V30/><F30/><AGARI ba="0,0" hai="22,24,30,32,34,35,57,58,97,98,99,132,134,135" machi="30" ten="50,6400,0" yaku="29,2,20,1" doraHai="56" who="3" fromWho="2" sc="256,0,173,0,196,-64,375,64" /><INIT seed="3,0,0,4,4,90" ten="256,173,132,439" oya="3" hai0="36,102,5,87,28,16,13,47,94,4,32,88,37" hai1="3,10,0,49,110,69,60,34,81,39,98,11,123" hai2="57,103,99,35,131,62,122,9,12,6,101,83,7" hai3="64,96,114,61,74,95,20,21,130,107,124,65,52"/><W1/><G107/><T89/><D102/><U134/><E123/><V42/><F131/><W76/><G1/><T112/><D112/><U27/><E39/><V93/><F122/><W91/><G114/><T2/><D2/><U92/><E110/><V40/><F35/><W133/><G124/><T43/><D36/><U44/><E134/><V115/><F115/><W17/><G133/><T108/><D108/><U75/><E11/><V117/><F117/><W54/><G74/><T109/><D109/><U132/><E10/><V125/><F125/><W58/><G76/><T119/><D119/><U31/><E132/><V29/><F29/><W121/><G121/><T15/><D15/><U59/><E69/><V56/><F7/><W128/><G21/><T127/><D127/><U70/><E70/><V73/><F57/><W78/><G78/><T106/><D106/><U80/><E75/><V118/><F118/><W85/><G54/><T19/><D19/><U53/><E3/><V116/><F93/><N who="3" m="54511" /><G130/><T66/><D66/><U120/><E0/><V135/><F135/><W104/><G104/><T22/><D28/><U33/><E33/><V50/><F116/><W18/><G128/><T111/><D32/><U26/><E120/><V24/><F24/><N who="3" m="14351" /><G18/><T30/><D30/><U72/><E72/><V38/><F38/><W84/><G84/><T55/><D111/><U67/><REACH who="1" step="1"/><E27/><REACH who="1" ten="256,163,132,439" step="2"/><V82/><F73/><W68/><G68/><T25/><D25/><U23/><E23/><V126/><F126/><W97/><G97/><T79/><D22/><U48/><E48/><V8/><F50/><RYUUKYOKU ba="0,1" sc="256,-15,163,15,132,-15,439,15" hai1="26,31,34,44,49,53,59,60,67,80,81,92,98" hai3="52,58,61,64,65,95,96" owari="241,4.1,178,-22.2,117,-38.3,464,56.4" /></mjloggm>