<mjloggm ver="2.3"><GO type="225" lobby="0"/><UN n0="%E5%B8%86%E7%AB%8B%E5%A4%8F%E8%A1%A3" n1="%E3%81%8A%E3%81%8B%E3%81%8F%E3%82%89" n2="%74%61%6B%65%2D%79%6F%75" n3="%E3%81%8F%E3%82%8A%E3%83%94%E3%83%BC" dan="17,17,16,16" rate="2189.54,2092.97,2183.81,2114.12" sx="M,M,M,M"/><TAIKYOKU oya="0"/><INIT seed="0,0,0,3,3,64" ten="250,250,250,250" oya="0" hai0="31,98,0,63,87,26,65,109,48,24,11,10,57" hai1="76,85,97,37,13,46,27,122,102,131,39,112,81" hai2="17,83,71,12,38,90,45,79,111,127,89,51,43" hai3="32,121,60,99,103,84,110,18,108,23,52,124,105"/><T15/><D109/><N who="3" m="42089" /><G32/><T123/><D123/><U29/><E122/><V9/><F111/><W56/><G84/><T115/><D115/><U82/><E131/><V130/><F130/><W80/><G80/><T95/><D0/><U40/><E13/><V75/><F127/><W30/><G30/><T70/><D87/><U22/><E82/><V1/><F51/><W106/><G121/><T66/><D15/><U28/><E112/><V67/><REACH who="2" step="1"/><F1/><REACH who="2" ten="250,250,240,250" step="2"/><W135/><G124/><T16/><D26/><U58/><E37/><V77/><F77/><W134/><G106/><T53/><D65/><U132/><E39/><V117/><F117/><W3/><G3/><T120/><D120/><U100/><E27/><AGARI ba="0,1" hai="18,23,27,52,56,60,99,103,105,134,135" m="42089" machi="27" ten="30,2000,0" yaku="14,1,54,1" doraHai="64" who="3" fromWho="1" sc="250,0,250,-20,240,0,250,30" /><INIT seed="1,0,0,1,1,37" ten="250,230,240,280" oya="1" hai0="35,15,29,71,127,7,55,33,134,11,43,68,132" hai1="26,131,3,45,16,118,91,52,49,62,60,99,90" hai2="12,83,27,2,39,92,25,76,135,119,9,5,130" hai3="101,108,14,69,24,19,53,10,21,128,51,79,66"/><U31/><E3/><V122/><F119/><W93/><G108/><T81/><D127/><U13/><E118/><V94/><F122/><W89/><G128/><T48/><D81/><U6/><E6/><V104/><F130/><W44/><G69/><N who="0" m="26699" /><D29/><U82/><E131/><V58/><F135/><N who="0" m="51754" /><D43/><U129/><E129/><V18/><F104/><W32/><G32/><T73/><D73/><U113/><E113/><V85/><F39/><W70/><G70/><T112/><D112/><U54/><E99/><V109/><F109/><W88/><G66/><T30/><D30/><U4/><E4/><V42/><F42/><W106/><G79/><T40/><D40/><U20/><E54/><V23/><F58/><AGARI ba="0,0" hai="7,11,15,33,35,48,55,58" m="51754,26699" machi="58" ten="30,1000,0" yaku="20,1" doraHai="37" who="0" fromWho="2" sc="250,10,230,0,240,-10,280,0" /><INIT seed="2,0,0,5,1,126" ten="260,230,230,280" oya="2" hai0="128,123,124,112,107,83,10,34,36,90,4,108,125" hai1="95,122,56,60,17,37,51,94,64,63,61,6,18" hai2="62,29,39,35,46,47,103,118,84,48,99,3,93" hai3="85,114,1,30,113,67,120,58,87,98,52,79,109"/><V73/><F118/><W101/><G120/><T23/><D128/><U104/><E37/><V77/><F3/><W119/><G119/><T91/><D34/><U92/><E104/><V32/><F73/><W106/><G109/><T57/><D112/><N who="3" m="43113" /><G1/><T14/><D108/><U15/><E122/><V9/><F39/><W97/><G67/><T0/><D107/><U26/><E6/><V121/><F121/><W88/><G30/><T75/><D57/><U127/><E127/><N who="0" m="48713" /><D36/><U45/><E26/><V54/><F9/><W22/><G22/><T110/><D110/><U74/><E74/><V2/><F2/><W116/><G79/><N who="0" m="44543" /><D123/><U133/><E133/><V16/><F29/><W76/><G76/><T50/><D50/><U69/><E69/><V89/><F77/><W13/><G13/><T19/><AGARI ba="0,0" hai="0,4,10,14,19,23,90,91" m="44543,48713" machi="19" ten="30,1100,0" yaku="18,1" doraHai="126" who="0" fromWho="0" sc="260,11,230,-3,230,-5,280,-3" /><INIT seed="3,0,0,5,1,50" ten="271,227,225,277" oya="3" hai0="43,121,36,59,104,120,78,39,114,74,115,124,130" hai1="97,47,90,88,67,102,89,28,3,117,41,15,35" hai2="30,10,79,63,71,40,56,9,112,87,129,135,103" hai3="20,131,81,66,51,65,12,94,48,126,122,64,100"/><W38/><G38/><N who="0" m="14379" /><D104/><U58/><E3/><V106/><F112/><N who="0" m="43050" /><D78/><U69/><E117/><V53/><F129/><W25/><G126/><T105/><D74/><U82/><E15/><V91/><F135/><W113/><G122/><N who="0" m="47211" /><D105/><N who="1" m="63695" /><E58/><V18/><F79/><W101/><G131/><T19/><D19/><U54/><E41/><V42/><F30/><W85/><G12/><T6/><D6/><U72/><E72/><V57/><F71/><W111/><G111/><T107/><D107/><U44/><E82/><V118/><F118/><W29/><G113/><T134/><D130/><U27/><E54/><N who="2" m="34199" /><F106/><W70/><G70/><T16/><D16/><U116/><E116/><V62/><F103/><N who="3" m="39499" /><G94/><T125/><D134/><U52/><E52/><V4/><F4/><W110/><G110/><T33/><D33/><U92/><E92/><N who="2" m="54399" /><F18/><W1/><G1/><T75/><D75/><U60/><AGARI ba="0,0" hai="27,28,35,44,47,60,67,69,88,89,90" m="63695" machi="60" ten="30,2000,0" yaku="25,1,54,1" doraHai="50" who="1" fromWho="1" sc="271,-5,227,20,225,-5,277,-10" /><INIT seed="4,0,0,2,5,35" ten="266,247,220,267" oya="0" hai0="78,31,55,63,71,18,46,54,126,132,95,115,50" hai1="125,67,116,108,56,102,8,98,11,128,131,97,59" hai2="91,43,27,30,84,72,124,122,44,83,28,101,36" hai3="112,37,48,53,88,113,76,79,51,73,57,107,114"/><T68/><D115/><U135/><E116/><V0/><F122/><W1/><G37/><T119/><D119/><U15/><E108/><V14/><F124/><W22/><G107/><T49/><D126/><U58/><E125/><V96/><F72/><W64/><G73/><T62/><D31/><U69/><E135/><V2/><F14/><W29/><G64/><T77/><D18/><U52/><E69/><N who="0" m="26697" /><D95/><U23/><E67/><V17/><F17/><W19/><G29/><T10/><D10/><U87/><E87/><V25/><F28/><W81/><G48/><N who="0" m="18539" /><D46/><U92/><E23/><V134/><F134/><W85/><REACH who="3" step="1"/><G1/><REACH who="3" ten="266,247,220,257" step="2"/><T47/><D132/><U103/><E128/><V39/><F39/><W70/><G70/><T13/><D47/><U99/><E131/><V61/><F61/><N who="0" m="23050" /><D13/><AGARI ba="0,1" hai="13,19,22,51,53,57,76,79,81,85,88,112,113,114" machi="13" ten="40,8000,1" yaku="1,1,15,1,54,1,53,2" doraHai="35" doraHaiUra="74" who="3" fromWho="0" sc="266,-80,247,0,220,0,257,90" owari="186,-31.4,247,4.7,220,-18.0,347,44.7" /></mjloggm>