<mjloggm ver="2.3"><GO type="225" lobby="0"/><UN n0="%E7%B4%94%E6%BD%94%E3%83%94%E3%83%A9%E3%83%8B%E3%82%A2" n1="%E7%89%B9%E6%9D%B1%E3%81%AF%E4%B8%96%E7%95%8C%E3%82%92%E6%95%91%E3%81%86" n2="%E3%81%A1%E3%82%85%E3%81%86%E3%81%A9%E3%81%8F%E8%B1%A1%E3%81%95%E3%82%93" n3="%72%69%6F%75%63%68%61%6E" dan="16,16,16,17" rate="2100.36,2180.86,2121.81,2249.38" sx="M,M,M,M"/><TAIKYOKU oya="0"/><INIT seed="0,0,0,0,1,27" ten="250,250,250,250" oya="0" hai0="50,53,135,45,113,55,61,73,60,109,23,75,130" hai1="84,107,95,35,129,72,43,28,74,47,118,94,48" hai2="58,78,123,126,97,66,29,24,57,87,134,20,26" hai3="37,102,6,108,116,98,52,96,120,10,19,86,17"/><T33/><D33/><U132/><E107/><V100/><F123/><W62/><G108/><T68/><D113/><U111/><E118/><V101/><F134/><W51/><G116/><T46/><D135/><U117/><E117/><V5/><F126/><W115/><G115/><T49/><D23/><U32/><E132/><V99/><F5/><W80/><G37/><T121/><D68/><U42/><E111/><V112/><F112/><W114/><G62/><T65/><D109/><U7/><E7/><V110/><F110/><W82/><G114/><T15/><D15/><U13/><E13/><V83/><F99/><W88/><G80/><T21/><D21/><U11/><E11/><V69/><F24/><W104/><G98/><T119/><D119/><U131/><E48/><V85/><F85/><W133/><G120/><T71/><D121/><U9/><E47/><V18/><F18/><W76/><G76/><T12/><D130/><U70/><E84/><V1/><F1/><W25/><G25/><T67/><D12/><U91/><E91/><V34/><F20/><W3/><REACH who="3" step="1"/><G133/><REACH who="3" ten="250,250,250,240" step="2"/><T89/><REACH who="0" step="1"/><D89/><REACH who="0" ten="240,250,250,240" step="2"/><U81/><E129/><V90/><F90/><W63/><G63/><T59/><AGARI ba="0,2" hai="45,46,49,50,53,55,59,60,61,65,67,71,73,75" machi="59" ten="20,18000,2" yaku="1,1,2,1,0,1,7,1,9,1,53,1" doraHai="27" doraHaiUra="54" who="0" fromWho="0" sc="240,200,250,-60,250,-60,240,-60" /><INIT seed="0,1,0,2,3,127" ten="440,190,190,180" oya="0" hai0="53,134,65,96,57,115,17,67,5,9,54,89,62" hai1="31,85,21,124,77,60,49,70,97,135,42,86,113" hai2="120,87,16,6,29,93,90,48,122,66,41,18,15" hai3="30,19,8,11,64,22,99,132,129,78,123,119,95"/><T51/><D115/><U102/><E124/><V63/><F29/><W118/><G132/><T104/><D134/><U69/><E135/><V126/><F126/><W2/><G129/><T112/><D17/><U56/><E113/><V27/><F6/><W79/><G123/><T114/><D54/><U116/><E49/><V84/><F84/><W35/><G64/><T7/><D65/><U125/><E86/><V110/><F110/><W71/><G71/><T108/><D5/><U105/><E42/><V109/><F109/><W47/><G35/><T14/><D108/><U107/><E107/><V92/><F92/><W45/><G30/><T91/><D91/><U88/><E77/><N who="3" m="29194" /><G2/><T26/><D26/><U117/><E125/><V98/><F87/><W40/><G119/><T130/><D130/><U80/><E116/><V34/><F34/><W82/><G82/><T111/><D111/><U0/><E0/><V131/><F131/><W52/><G40/><T121/><D121/><U75/><E75/><V43/><F27/><N who="3" m="14815" /><G118/><T83/><D83/><U38/><E38/><V72/><F72/><W12/><G52/><T100/><REACH who="0" step="1"/><D89/><REACH who="0" ten="430,190,190,180" step="2"/><U106/><E117/><V76/><F18/><N who="3" m="8455" /><G11/><T20/><D20/><U39/><E21/><N who="2" m="11423" /><F41/><W73/><G73/><T101/><D101/><AGARI ba="1,1" hai="45,47,95,99,101" m="8455,14815,29194" machi="101" ten="30,1000,0" yaku="8,1" doraHai="127" who="3" fromWho="0" sc="430,-13,190,0,190,0,180,23" /><INIT seed="1,0,0,0,5,96" ten="417,190,190,203" oya="1" hai0="130,13,124,78,33,88,95,28,50,55,120,86,70" hai1="119,110,135,7,126,47,32,111,58,45,84,59,100" hai2="107,42,69,4,117,29,35,60,66,101,12,97,51" hai3="16,72,54,133,102,77,49,22,0,56,83,9,108"/><U6/><E119/><V128/><F117/><W41/><G108/><N who="1" m="41514" /><E32/><V82/><F128/><W75/><G133/><T25/><D130/><U132/><E126/><V19/><F82/><W1/><G75/><T122/><D70/><U2/><E84/><V134/><F134/><N who="1" m="51241" /><E2/><V92/><F4/><N who="1" m="1577" /><E100/><V74/><F74/><W85/><G102/><T89/><D124/><U121/><E121/><V65/><F35/><W53/><G72/><T127/><D127/><U37/><E37/><V91/><F29/><W46/><G9/><T63/><D78/><U18/><E18/><V40/><F65/><W64/><G64/><T17/><D89/><U48/><E47/><V10/><REACH who="2" step="1"/><F51/><REACH who="2" ten="417,190,180,203" step="2"/><N who="3" m="30783" /><G0/><T68/><D120/><U15/><E15/><V71/><F71/><W5/><G5/><T94/><D122/><U31/><E31/><V99/><AGARI ba="0,1" hai="10,12,19,40,42,60,66,69,91,92,97,99,101,107" machi="99" ten="20,5200,0" yaku="1,1,0,1,7,1,52,1,53,0" doraHai="96" doraHaiUra="129" who="2" fromWho="2" sc="417,-13,190,-26,180,62,203,-13" /><INIT seed="2,0,0,0,5,67" ten="404,164,242,190" oya="2" hai0="114,25,96,65,104,89,40,117,28,72,125,2,99" hai1="24,31,83,134,76,45,127,112,10,35,81,5,15" hai2="95,121,91,17,39,78,90,69,68,124,106,100,48" hai3="47,110,58,120,61,107,52,55,4,115,32,66,126"/><V6/><F39/><W111/><G120/><T46/><D117/><U77/><E134/><V60/><F121/><W9/><G32/><T56/><D2/><U50/><E127/><V53/><F78/><W105/><G126/><T1/><D1/><U57/><E112/><V30/><F124/><W135/><G135/><T13/><D72/><U119/><E119/><V12/><F30/><W122/><G122/><T84/><D13/><U27/><E57/><V97/><F6/><W98/><G115/><T7/><D7/><U0/><E24/><V14/><F60/><W73/><G73/><T18/><D18/><U128/><E128/><V75/><F75/><W26/><G26/><T23/><D104/><N who="3" m="40009" /><G98/><T87/><D87/><U8/><E77/><V42/><F42/><W63/><G47/><T113/><D125/><U108/><E108/><N who="3" m="41514" /><G61/><N who="0" m="38055" /><D114/><U118/><E118/><V86/><F91/><W36/><G36/><T37/><D37/><U102/><E102/><V88/><F90/><W129/><G129/><T101/><D101/><U44/><E76/><V22/><F12/><AGARI ba="0,0" hai="4,9,12,52,55,58,63,66" m="41514,40009" machi="12" ten="30,2000,0" yaku="14,1,54,1" doraHai="67" who="3" fromWho="2" sc="404,0,164,0,242,-20,190,20" /><INIT seed="3,0,0,4,4,122" ten="404,164,222,210" oya="3" hai0="101,6,17,114,40,87,35,125,46,13,30,134,61" hai1="14,45,133,129,8,106,123,54,48,53,103,92,115" hai2="89,109,20,55,90,26,34,110,44,104,47,71,80" hai3="52,43,135,95,5,58,102,124,85,111,79,72,128"/><W84/><G111/><N who="2" m="42505" /><F104/><W100/><G128/><T32/><D30/><U49/><E115/><V113/><F113/><W127/><G135/><T64/><D134/><U10/><E133/><V29/><F71/><W75/><G43/><T42/><D6/><U60/><E129/><V62/><F34/><W11/><G79/><T41/><D125/><N who="3" m="48201" /><G72/><T36/><D41/><U108/><E106/><V97/><F97/><N who="3" m="59455" /><G102/><T70/><D114/><U94/><E108/><V99/><F99/><W27/><G27/><T88/><D40/><U76/><E123/><V65/><F55/><W105/><G75/><T121/><D101/><U9/><E76/><V3/><F3/><N who="3" m="447" /><G105/><T82/><D121/><U93/><E60/><AGARI ba="0,0" hai="52,58,60,84,85" m="447,59455,48201" machi="60" ten="30,2900,0" yaku="18,1,54,1" doraHai="122" who="3" fromWho="1" sc="404,0,164,-29,222,0,210,29" /><INIT seed="3,1,0,5,5,125" ten="404,135,222,239" oya="3" hai0="37,21,127,9,60,38,105,49,1,28,65,31,26" hai1="112,132,5,91,57,23,73,61,17,70,59,90,135" hai2="64,122,55,67,18,83,134,123,19,41,131,82,99" hai3="71,48,124,62,47,52,86,69,117,95,35,45,109"/><W126/><G117/><T39/><D127/><N who="3" m="48681" /><G35/><T72/><D105/><U128/><E112/><V93/><F41/><W44/><G86/><T63/><D72/><U8/><E70/><N who="3" m="26634" /><G95/><T24/><D49/><U30/><E30/><V98/><F55/><N who="3" m="30087" /><G109/><T33/><REACH who="0" step="1"/><D65/><REACH who="0" ten="394,135,222,239" step="2"/><U12/><E73/><V78/><F64/><W81/><G81/><T130/><D130/><U120/><E120/><V6/><F67/><W107/><G107/><T43/><D43/><U94/><E128/><V40/><F40/><W34/><G34/><T51/><D51/><U84/><E61/><V58/><F82/><W113/><G113/><T79/><D79/><U76/><E76/><V14/><F83/><W104/><G104/><T102/><D102/><U53/><E53/><V15/><F78/><W129/><G129/><T68/><D68/><U13/><REACH who="1" step="1"/><E90/><REACH who="1" ten="394,125,222,239" step="2"/><V75/><F131/><W121/><G121/><T77/><D77/><U80/><E80/><V42/><F122/><W56/><AGARI ba="1,2" hai="45,47,52,56,62" m="30087,26634,48681" machi="56" ten="40,12000,1" yaku="18,1,34,2,54,1" doraHai="125" who="3" fromWho="3" sc="394,-41,125,-41,222,-41,239,143" owari="353,15.3,84,-41.6,181,-21.9,382,48.2" /></mjloggm>