<mjloggm ver="2.3"><GO type="225" lobby="0"/><UN n0="%E5%8D%A0%E3%81%84%E5%B8%AB%E8%A3%8F%E3%81%AA%E3%81%84%E3%81%97" n1="%E3%81%86%E3%81%A9%E3%82%93%E3%81%93" n2="%E3%82%A2%E3%83%BC%E3%83%A2%E3%83%AD%E3%83%BC%E3%83%B4%E3%82%A1" n3="%E6%9D%B1%E9%A2%A8%E3%81%AE%E3%81%8D%E3%82%83%E3%81%B7%E3%81%95%E3%82%93" dan="16,16,16,17" rate="2170.24,2177.80,2153.19,2221.79" sx="M,M,M,M"/><TAIKYOKU oya="0"/><INIT seed="0,0,0,3,3,57" ten="250,250,250,250" oya="0" hai0="52,59,127,54,37,129,48,30,32,101,102,85,105" hai1="91,29,100,88,90,122,2,108,69,6,23,3,56" hai2="44,72,86,132,94,58,38,74,14,113,112,26,7" hai3="24,79,64,42,71,96,115,104,76,19,77,68,133"/><T92/><D105/><U80/><E69/><V73/><F26/><W121/><G115/><T5/><D127/><U123/><E108/><V41/><F132/><W35/><G42/><T63/><D37/><U55/><E100/><V93/><F58/><W28/><G133/><T134/><D134/><U40/><E40/><V131/><F131/><W17/><G121/><T47/><D129/><U84/><E29/><V9/><REACH who="2" step="1"/><F86/><REACH who="2" ten="250,250,240,250" step="2"/><W98/><G68/><T61/><D32/><U45/><E123/><V111/><F111/><W20/><G104/><T36/><D30/><U97/><E122/><V65/><F65/><W27/><REACH who="3" step="1"/><G17/><REACH who="3" ten="250,250,240,240" step="2"/><T15/><D36/><U31/><E31/><V60/><F60/><AGARI ba="0,2" hai="19,20,24,27,28,35,60,64,71,76,77,79,96,98" machi="60" ten="40,5200,0" yaku="1,1,2,1,52,1,53,0" doraHai="57" doraHaiUra="39" who="3" fromWho="2" sc="250,0,250,0,240,-52,240,72" /><INIT seed="1,0,0,2,4,19" ten="250,250,188,312" oya="1" hai0="78,33,38,85,4,125,128,58,96,134,90,93,92" hai1="27,120,84,26,118,116,57,98,81,54,10,34,41" hai2="62,39,105,82,35,29,8,45,129,31,24,119,72" hai3="103,66,108,130,30,69,42,110,104,86,113,40,70"/><U52/><E120/><V6/><F119/><W0/><G0/><T23/><D33/><U74/><E74/><V101/><F129/><W99/><G113/><T12/><D128/><U43/><E98/><V111/><F111/><N who="3" m="42539" /><G130/><T13/><D38/><U47/><E10/><V76/><F31/><W80/><G30/><T71/><D71/><N who="3" m="27145" /><G66/><T117/><D117/><U21/><E34/><V91/><F62/><W133/><G133/><T131/><D134/><U77/><E27/><V107/><F91/><AGARI ba="0,0" hai="40,42,80,86,91,99,103,104" m="27145,42539" machi="91" ten="30,1000,0" yaku="14,1" doraHai="19" who="3" fromWho="2" sc="250,0,250,0,188,-10,312,10" /><INIT seed="2,0,0,1,5,38" ten="250,250,178,322" oya="2" hai0="89,93,112,111,9,124,17,42,81,96,65,45,88" hai1="55,22,19,92,117,4,109,133,118,58,14,5,11" hai2="43,32,16,108,90,63,75,110,99,36,123,7,127" hai3="71,27,114,129,59,28,102,83,30,53,78,76,39"/><V20/><F123/><W33/><G71/><T91/><D112/><U46/><E109/><N who="2" m="42091" /><F127/><W70/><G39/><T85/><D111/><U64/><E133/><V48/><F32/><W113/><G70/><T94/><D65/><U98/><E64/><V62/><F75/><W37/><G37/><T34/><D34/><U87/><E46/><N who="2" m="25695" /><F36/><W44/><G30/><T51/><D124/><U26/><E5/><V116/><F116/><W15/><G102/><T122/><D122/><U67/><E67/><V3/><F7/><W56/><G129/><T73/><D73/><U120/><E120/><V125/><F3/><W119/><G119/><T80/><D91/><U66/><E66/><V74/><F74/><W126/><G126/><T69/><D69/><U25/><E25/><N who="2" m="14471" /><F125/><W21/><G33/><T115/><D115/><U50/><REACH who="1" step="1"/><E87/><REACH who="1" ten="250,240,178,322" step="2"/><V0/><F0/><W61/><G114/><T100/><D85/><U8/><E8/><V31/><F31/><W23/><G28/><T72/><D9/><U77/><E77/><V24/><F24/><W97/><G27/><T86/><D72/><U6/><E6/><V128/><F128/><W132/><G76/><T18/><D18/><U101/><AGARI ba="0,1" hai="4,11,14,19,22,26,50,55,58,92,98,101,117,118" machi="101" ten="20,2700,0" yaku="1,1,0,1,7,1,53,0" doraHai="38" doraHaiUra="130" who="1" fromWho="1" sc="250,-7,240,37,178,-13,322,-7" /><INIT seed="3,0,0,3,5,50" ten="243,277,165,315" oya="3" hai0="53,61,103,8,130,37,55,43,91,102,19,80,123" hai1="11,128,48,67,45,114,97,118,95,41,116,104,106" hai2="65,94,99,35,4,62,39,115,120,84,85,111,82" hai3="126,100,12,129,119,107,60,134,34,42,36,76,49"/><W1/><G49/><T105/><D123/><U38/><E114/><V77/><F111/><W127/><G12/><N who="0" m="7559" /><D105/><U112/><E112/><V51/><F115/><W71/><G76/><T2/><D2/><U7/><E67/><V46/><F120/><W78/><G134/><T58/><D37/><U69/><E69/><V3/><F35/><W31/><G129/><T44/><D43/><U14/><E128/><V101/><F39/><W125/><G78/><T75/><D75/><U86/><E86/><V13/><F3/><W32/><G119/><N who="1" m="45610" /><E38/><V98/><F98/><N who="3" m="61847" /><G31/><T133/><D133/><U68/><E68/><V24/><F24/><W57/><G71/><T96/><D96/><U26/><E26/><V110/><F110/><W108/><G1/><T16/><D130/><U121/><E121/><V20/><F85/><W132/><G132/><T25/><D91/><AGARI ba="0,0" hai="7,11,14,41,45,48,91,95,97,104,106" m="45610" machi="91" ten="30,1000,0" yaku="12,1" doraHai="50" who="1" fromWho="0" sc="243,-10,277,10,165,0,315,0" owari="233,-16.7,287,8.7,165,-33.5,315,41.5" /></mjloggm>