<mjloggm ver="2.3"><GO type="225" lobby="0"/><UN n0="%70%6E%64%73%6E%67" n1="%E3%82%89%E3%81%84%E3%81%B5%E3%81%8C%E3%83%BC%E3%81%A9%E3%81%99%E3%81%8D" n2="%E3%82%AA%E3%82%AA%E3%82%A2%E3%83%AF%E3%82%AC%E3%82%A8%E3%83%AA" n3="%E3%81%A4%E3%81%A3%E3%81%B1%E3%82%8A%E3%83%9D%E3%83%BC%E3%83%AB" dan="16,17,16,17" rate="2116.17,2169.27,2075.22,2235.83" sx="M,M,F,M"/><TAIKYOKU oya="0"/><INIT seed="0,0,0,4,0,117" ten="250,250,250,250" oya="0" hai0="41,72,7,59,45,131,13,10,39,109,102,108,67" hai1="20,24,55,69,134,38,111,119,101,1,115,0,96" hai2="120,76,106,32,97,99,133,15,57,17,63,19,21" hai3="40,135,60,78,92,103,83,116,75,46,127,113,54"/><T49/><D72/><U122/><E119/><V110/><F32/><W129/><G116/><T91/><D131/><U29/><E69/><V4/><F4/><W125/><G129/><T30/><D102/><U98/><E38/><V44/><F110/><N who="0" m="42602" /><D30/><U50/><E111/><V82/><F44/><W95/><G113/><T9/><D91/><U3/><E115/><V80/><F133/><W124/><G135/><T35/><D35/><U47/><E134/><V130/><F130/><W27/><G103/><T100/><D100/><U34/><E98/><V94/><F106/><W89/><G27/><T11/><D67/><U31/><E31/><V71/><F71/><W105/><G105/><T36/><D36/><U81/><E81/><V61/><F94/><W25/><G25/><T132/><D132/><U93/><REACH who="1" step="1"/><E34/><REACH who="1" ten="250,240,250,250" step="2"/><V104/><F97/><W66/><G127/><T114/><D114/><U23/><E23/><V52/><F21/><W56/><G125/><T73/><D73/><U12/><E12/><V121/><F15/><W14/><G14/><T62/><D62/><U53/><E53/><AGARI ba="0,1" hai="7,9,10,11,13,39,41,45,49,53,59" m="42602" machi="53" ten="30,2900,0" yaku="14,1,10,1" doraHai="117" who="0" fromWho="1" sc="250,39,240,-29,250,0,250,0" /><INIT seed="0,1,0,4,1,129" ten="289,211,250,250" oya="0" hai0="5,34,57,52,44,87,126,101,47,12,75,119,55" hai1="74,60,3,104,100,127,2,45,133,25,53,64,99" hai2="48,18,81,79,83,113,46,123,37,40,51,0,114" hai3="50,82,39,7,17,111,41,16,20,130,92,128,71"/><T36/><D75/><U84/><E74/><V54/><F123/><W88/><G71/><T29/><D119/><U108/><E108/><V105/><F105/><W78/><G111/><T73/><D73/><U31/><E127/><V132/><F0/><W116/><G116/><T90/><D126/><U65/><E133/><V49/><F132/><W93/><G39/><T56/><D101/><U33/><E65/><V135/><F135/><W43/><G7/><T21/><D36/><U70/><REACH who="1" step="1"/><E84/><REACH who="1" ten="289,201,250,250" step="2"/><V96/><F113/><W77/><G130/><T24/><D87/><U125/><E125/><V15/><F114/><W102/><G128/><T61/><D90/><U42/><E42/><V112/><F112/><W80/><G102/><T107/><D107/><U72/><E72/><V1/><F40/><W68/><G88/><T66/><D66/><U134/><E134/><V19/><F79/><W35/><G43/><T9/><REACH who="0" step="1"/><D34/><REACH who="0" ten="279,201,250,250" step="2"/><U8/><E8/><V97/><F37/><W13/><G35/><T122/><D122/><U103/><E103/><V118/><F118/><W38/><G38/><T10/><D10/><U117/><E117/><V6/><F96/><W120/><G120/><T98/><D98/><U30/><E30/><V62/><F97/><W23/><G77/><T109/><D109/><U76/><E76/><V32/><F32/><W58/><G78/><T106/><D106/><U121/><E121/><V131/><F131/><W110/><G110/><T22/><D22/><U27/><E27/><V94/><F94/><N who="3" m="36459" /><G23/><T115/><D115/><U69/><E69/><V85/><F85/><RYUUKYOKU ba="1,2" sc="279,15,201,15,250,-15,250,-15" hai0="5,9,12,21,24,29,44,47,52,55,56,57,61" hai1="2,3,25,31,33,45,53,60,64,70,99,100,104" /><INIT seed="0,2,2,4,5,32" ten="294,216,235,235" oya="0" hai0="60,45,37,0,2,24,53,99,109,49,57,100,83" hai1="126,97,121,54,66,42,92,56,74,59,69,120,67" hai2="19,21,47,9,22,51,31,8,82,133,130,62,27" hai3="87,39,5,85,48,122,86,3,135,94,129,43,108"/><T68/><D109/><U107/><E107/><V131/><F133/><W102/><G135/><T11/><D11/><U80/><E69/><V35/><F62/><W78/><G39/><T75/><D37/><U112/><E42/><V128/><F82/><W91/><G108/><T26/><D68/><U127/><E112/><V1/><F35/><W29/><G129/><T101/><D26/><U33/><E33/><V105/><F105/><W7/><G122/><N who="1" m="47210" /><E74/><V18/><F1/><W50/><G3/><T98/><D98/><U16/><E80/><V132/><F132/><W103/><G29/><T6/><D6/><N who="3" m="2057" /><G78/><T38/><D38/><U44/><E16/><N who="2" m="6187" /><F22/><W111/><G111/><T104/><D100/><N who="3" m="38441" /><G43/><AGARI ba="2,2" hai="8,9,21,27,31,43,47,51,128,130,131" m="6187" machi="43" ten="30,2000,0" yaku="19,1,54,1" doraHai="32" who="2" fromWho="3" sc="294,0,216,0,235,46,235,-26" /><INIT seed="1,0,0,5,1,38" ten="294,216,281,209" oya="1" hai0="48,47,20,41,129,86,106,30,119,2,40,97,29" hai1="61,65,134,104,71,84,111,102,46,126,70,108,76" hai2="39,60,121,11,98,115,78,67,79,14,100,45,90" hai3="131,117,24,58,127,13,32,16,120,103,82,34,91"/><U54/><E126/><V6/><F115/><W17/><G120/><T63/><D119/><U28/><E134/><V42/><F90/><W132/><G127/><T62/><D2/><U88/><E76/><V113/><F113/><W18/><G132/><T35/><D35/><U64/><E28/><N who="0" m="10857" /><D106/><U83/><E104/><V101/><F121/><W21/><G117/><T5/><D129/><U9/><E9/><V12/><F12/><W27/><G131/><T59/><D5/><U22/><E22/><V77/><REACH who="2" step="1"/><F98/><REACH who="2" ten="294,216,271,209" step="2"/><W107/><G13/><T57/><D97/><U130/><E130/><V53/><F53/><W44/><G91/><T87/><D87/><U114/><E114/><V3/><F3/><W55/><G55/><N who="0" m="34111" /><D86/><U81/><E81/><V89/><F89/><W85/><G82/><T1/><D1/><U66/><E102/><V51/><F51/><W68/><G103/><T75/><D75/><U94/><E83/><V10/><F10/><W37/><G85/><T19/><D48/><N who="1" m="28951" /><E61/><V8/><F8/><W49/><G37/><T110/><D63/><U92/><E92/><V36/><F36/><W105/><G105/><T80/><D80/><U135/><E135/><V133/><F133/><W72/><G107/><T109/><D109/><AGARI ba="0,1" hai="64,65,66,70,71,84,88,94,108,109,111" m="28951" machi="109" ten="30,5800,0" yaku="14,1,10,1,54,1" doraHai="38" who="1" fromWho="0" sc="294,-58,216,68,271,0,209,0" /><INIT seed="1,1,0,3,4,91" ten="236,284,271,209" oya="1" hai0="122,130,59,81,115,73,20,60,120,36,4,82,97" hai1="50,87,124,56,48,131,58,30,1,52,23,15,41" hai2="90,28,43,17,76,98,35,47,77,79,110,128,92" hai3="95,100,25,102,70,12,31,46,40,108,89,51,0"/><U21/><E124/><V107/><F110/><W37/><G108/><T13/><D115/><U135/><E1/><V133/><F133/><W85/><G0/><T9/><D130/><U113/><E135/><V93/><F128/><W64/><G37/><T118/><D118/><U7/><E131/><V112/><F107/><W11/><G64/><T19/><D36/><U104/><E104/><V129/><F129/><W55/><G40/><T62/><D97/><U24/><E113/><V27/><F112/><W101/><G70/><T63/><D59/><U72/><E72/><V99/><F17/><W10/><REACH who="3" step="1"/><G12/><REACH who="3" ten="236,284,271,199" step="2"/><T88/><D120/><U39/><E41/><V5/><F5/><W38/><G38/><T109/><D109/><U69/><E69/><V117/><F117/><W94/><G94/><T105/><D105/><U32/><E39/><V134/><F134/><W3/><G3/><T103/><D122/><U44/><E15/><V121/><F121/><W49/><G49/><T71/><D71/><U42/><E7/><V14/><F14/><W132/><G132/><T75/><D63/><U111/><E111/><V34/><F43/><W83/><G83/><T61/><D81/><U86/><E50/><V2/><F2/><W8/><G8/><T123/><D123/><U116/><E116/><V33/><REACH who="2" step="1"/><F47/><REACH who="2" ten="236,284,261,199" step="2"/><W78/><G78/><T66/><D13/><U119/><E119/><V18/><F18/><W6/><G6/><T29/><D4/><U57/><E42/><V45/><F45/><W125/><G125/><T126/><D126/><U80/><E44/><V84/><F84/><RYUUKYOKU ba="1,2" sc="236,-15,284,-15,261,15,199,15" hai2="27,28,33,34,35,76,77,79,90,92,93,98,99" hai3="10,11,25,31,46,51,55,85,89,95,100,101,102" /><INIT seed="2,2,2,0,2,38" ten="221,269,276,214" oya="2" hai0="48,109,37,124,34,28,42,51,62,69,99,93,112" hai1="92,65,57,102,84,134,96,13,111,118,81,5,129" hai2="27,87,49,44,68,66,100,54,83,36,108,125,132" hai3="50,6,103,82,64,20,86,113,76,73,70,106,63"/><V21/><F36/><W41/><G113/><T22/><D112/><U60/><E118/><V78/><F125/><W47/><G6/><T26/><D124/><U119/><E119/><V52/><F132/><W10/><G10/><T74/><D74/><U77/><E134/><V59/><F108/><W128/><G128/><T127/><D127/><U53/><E129/><V45/><F100/><W15/><G73/><T56/><D109/><U94/><E111/><V46/><F66/><W79/><G103/><T101/><D69/><U12/><E5/><V116/><F68/><W80/><G106/><T98/><D34/><U89/><REACH who="1" step="1"/><E65/><REACH who="1" ten="221,259,276,214" step="2"/><V95/><F116/><W133/><G133/><T88/><D37/><U40/><E40/><N who="2" m="24711" /><F59/><W30/><G30/><T130/><D42/><U126/><E126/><V90/><F46/><W120/><G120/><T23/><D130/><U105/><E105/><V32/><F45/><W16/><REACH who="3" step="1"/><G82/><REACH who="3" ten="221,259,276,204" step="2"/><T121/><D121/><U8/><E8/><V24/><F83/><W2/><G2/><T14/><D23/><U43/><E43/><V67/><F21/><W75/><G75/><AGARI ba="2,4" hai="12,13,53,57,60,75,77,81,84,89,92,94,96,102" machi="75" ten="30,3900,0" yaku="1,1,7,1,53,1" doraHai="38" doraHaiUra="58" who="1" fromWho="3" sc="221,0,259,85,276,0,204,-45" /><INIT seed="3,0,0,2,3,24" ten="221,344,276,159" oya="3" hai0="129,92,5,73,34,15,41,22,87,110,70,124,115" hai1="88,98,57,74,62,52,58,39,104,114,55,90,20" hai2="109,96,38,71,101,122,123,126,16,89,120,9,6" hai3="46,78,121,105,127,130,111,8,42,99,69,18,75"/><W43/><G121/><T82/><D70/><U91/><E114/><V72/><F71/><W60/><G130/><T49/><D34/><U53/><E39/><V26/><F38/><W108/><G127/><T32/><D32/><U131/><E74/><V81/><F126/><W135/><G135/><T76/><D124/><U4/><E4/><V21/><F109/><N who="3" m="42059" /><G18/><T100/><D110/><U66/><E131/><V83/><F89/><N who="1" m="34409" /><E104/><V125/><F72/><W35/><G8/><T29/><D100/><U0/><E0/><V11/><F125/><W40/><G35/><T133/><D49/><N who="1" m="30959" /><E20/><V51/><F51/><N who="3" m="27079" /><G99/><T134/><D15/><U50/><E50/><V117/><F117/><W95/><G95/><AGARI ba="0,0" hai="52,53,58,62,66,91,95,98" m="30959,34409" machi="95" ten="30,3900,0" yaku="8,1,54,2" doraHai="24" who="1" fromWho="3" sc="221,0,344,39,276,0,159,-39" owari="221,-17.9,383,48.3,276,7.6,120,-38.0" /></mjloggm>