<mjloggm ver="2.3"><GO type="225" lobby="0"/><UN n0="%48%61%61%61%6C%61%6E%64" n1="%43%6F%66%66%65%65" n2="%6B%69%72%61%64%6F%6B%69" n3="%E5%A4%9C%E5%85%89%E5%A4%A9%E6%A5%BC" dan="18,17,16,17" rate="2203.19,2155.97,2108.87,2204.65" sx="M,F,M,M"/><TAIKYOKU oya="0"/><INIT seed="0,0,0,0,3,102" ten="250,250,250,250" oya="0" hai0="129,123,96,101,22,39,58,64,84,117,61,124,29" hai1="72,57,26,56,76,114,125,48,23,92,71,113,109" hai2="74,51,127,43,0,116,60,38,104,94,6,107,90" hai3="111,99,11,79,27,62,133,17,46,103,120,78,98"/><T5/><D117/><U41/><E71/><V59/><F74/><W121/><G111/><T82/><D123/><N who="3" m="47177" /><G133/><T53/><D124/><U8/><E109/><V7/><F127/><W52/><G99/><T118/><D118/><U49/><E125/><V2/><F116/><W70/><G70/><T33/><D39/><U42/><E92/><V50/><F38/><W131/><G131/><T9/><D33/><U65/><E8/><V112/><F112/><N who="1" m="43113" /><E76/><V68/><F68/><W88/><G88/><N who="0" m="51223" /><D129/><U86/><E86/><V28/><F28/><W85/><G85/><T31/><D96/><U30/><E72/><V21/><F21/><N who="3" m="13743" /><G11/><T108/><D101/><U13/><E13/><V105/><F90/><W14/><G14/><N who="0" m="5423" /><D108/><U54/><E65/><V106/><F94/><W77/><G98/><T16/><D64/><U132/><E132/><V34/><F34/><W63/><G103/><T24/><AGARI ba="0,0" hai="16,22,24,29,31,53,58,61" m="5423,51223" machi="24" ten="30,6000,0" yaku="8,1,54,2" doraHai="102" who="0" fromWho="0" sc="250,60,250,-20,250,-20,250,-20" /><INIT seed="0,1,0,2,2,40" ten="310,230,230,230" oya="0" hai0="56,91,115,36,109,80,78,103,7,94,110,114,22" hai1="134,66,67,41,18,82,117,132,128,98,54,90,52" hai2="59,20,104,15,76,133,70,135,63,113,120,105,96" hai3="85,8,32,25,5,29,69,51,112,33,38,93,81"/><T60/><D36/><U68/><E117/><V100/><F113/><W43/><G112/><T86/><D7/><U71/><E128/><V39/><F120/><W42/><G69/><N who="1" m="26698" /><E18/><N who="2" m="10335" /><F70/><W123/><G123/><T118/><D118/><U106/><E82/><V107/><F76/><N who="3" m="46247" /><G38/><T130/><D130/><U27/><E27/><V48/><F39/><W55/><G32/><T72/><D22/><U9/><E9/><V102/><F48/><W65/><G65/><N who="1" m="24586" /><E41/><V26/><F26/><W50/><G43/><T124/><D114/><U129/><E129/><V64/><F96/><W23/><G33/><T17/><D115/><U84/><E84/><V2/><F2/><W45/><G93/><T88/><D94/><N who="1" m="56663" /><E106/><V47/><F47/><N who="3" m="28159" /><G8/><T119/><D119/><U14/><E14/><V28/><F28/><W30/><G5/><T79/><D72/><U11/><E11/><V111/><F105/><W77/><G77/><T122/><D78/><U44/><E44/><V62/><F107/><W127/><G127/><T125/><D122/><U16/><E16/><AGARI ba="1,0" hai="16,23,25,29,30,42,45,50" m="28159,46247" machi="16" ten="30,7700,0" yaku="8,1,52,2,54,1" doraHai="40" who="3" fromWho="1" sc="310,0,230,-80,230,0,230,80" /><INIT seed="1,0,0,4,2,11" ten="310,150,230,310" oya="1" hai0="5,93,131,134,52,81,91,106,62,108,70,74,127" hai1="98,65,15,10,112,27,43,80,77,57,115,21,16" hai2="135,64,114,97,105,4,68,59,120,53,17,132,116" hai3="75,130,46,24,44,42,101,67,45,28,60,126,107"/><U26/><E43/><V39/><F116/><W33/><G75/><T56/><D106/><U54/><E65/><V110/><F4/><W124/><G130/><T122/><D131/><U87/><E98/><V113/><F17/><W0/><G0/><T38/><D108/><U58/><E58/><V78/><F78/><W6/><G6/><T83/><D127/><N who="3" m="48681" /><G101/><T133/><D38/><U72/><E26/><V2/><F2/><W63/><G107/><T7/><D70/><U104/><E72/><V129/><F129/><W125/><N who="3" m="48689" /><W25/><DORA hai="79" /><G25/><T82/><D74/><U51/><E104/><V86/><F105/><W8/><G8/><T121/><D5/><AGARI ba="0,0" hai="5,10,15,16,21,27,51,54,57,77,80,87,112,115" machi="5" ten="30,11600,0" yaku="7,1,52,2,54,1" doraHai="11,79" who="1" fromWho="0" sc="310,-116,150,116,230,0,310,0" /><INIT seed="1,1,0,0,2,70" ten="194,266,230,310" oya="1" hai0="25,135,57,134,47,125,60,12,11,1,80,7,48" hai1="8,130,66,127,99,96,94,43,132,85,111,81,101" hai2="22,122,104,84,21,62,129,68,34,26,64,49,90" hai3="55,10,23,33,59,29,5,35,13,93,83,69,128"/><U24/><E66/><V100/><F122/><W56/><G69/><T115/><D115/><U73/><E43/><V2/><F2/><W126/><G126/><T19/><D25/><U30/><E73/><V36/><F129/><W37/><G37/><T121/><D80/><U110/><E130/><V98/><F49/><W105/><G105/><T45/><D125/><U71/><E71/><V58/><F58/><W52/><G83/><T15/><D121/><U131/><E131/><V46/><F46/><W3/><G35/><T76/><D76/><N who="1" m="46247" /><E8/><V42/><F42/><W117/><G117/><T54/><D45/><U17/><E17/><V0/><F36/><W40/><G40/><T106/><D106/><U108/><E127/><V133/><F0/><W4/><G4/><T79/><D79/><U103/><E24/><V31/><F133/><N who="0" m="50698" /><D19/><U67/><E67/><AGARI ba="1,0" hai="1,7,11,12,15,47,48,54,57,60,67" m="50698" machi="67" ten="30,1000,0" yaku="20,1" doraHai="70" who="0" fromWho="1" sc="194,13,266,-13,230,0,310,0" /><INIT seed="2,0,0,2,2,126" ten="207,253,230,310" oya="2" hai0="20,57,110,26,64,5,135,65,77,25,122,74,14" hai1="51,36,49,117,88,94,84,44,50,10,2,40,73" hai2="68,61,18,23,85,96,29,8,78,124,81,41,47" hai3="90,0,67,38,19,95,130,16,32,115,114,120,7"/><V45/><F124/><W112/><G120/><T128/><D122/><U55/><E117/><V104/><F29/><W52/><G32/><T39/><D110/><U63/><E73/><V86/><F8/><N who="3" m="2151" /><G130/><T70/><D39/><U31/><E31/><V58/><F68/><W28/><G28/><T89/><D135/><U132/><E132/><V109/><F109/><W4/><G4/><T134/><D134/><U11/><E2/><V13/><F41/><W101/><G38/><T17/><D70/><U48/><REACH who="1" step="1"/><E63/><REACH who="1" ten="207,243,230,310" step="2"/><V118/><F118/><W35/><G115/><T98/><D74/><U105/><E105/><V103/><REACH who="2" step="1"/><F85/><REACH who="2" ten="207,243,220,310" step="2"/><W37/><G112/><T15/><D128/><U119/><E119/><V127/><F127/><W21/><G114/><T116/><D116/><U91/><E91/><V60/><F60/><W113/><G90/><T43/><D89/><U54/><E54/><AGARI ba="0,2" hai="13,18,23,45,47,54,58,61,78,81,86,96,103,104" machi="54" ten="30,2900,0" yaku="1,1,7,1,53,0" doraHai="126" doraHaiUra="107" who="2" fromWho="1" sc="207,0,243,-29,220,49,310,0" /><INIT seed="2,1,0,0,2,10" ten="207,214,269,310" oya="2" hai0="56,27,63,95,81,116,98,34,60,83,92,6,120" hai1="109,115,64,3,111,90,22,80,14,110,1,113,131" hai2="2,130,25,69,122,97,107,133,7,4,28,30,94" hai3="128,53,132,21,89,20,127,108,43,51,45,58,50"/><V0/><F69/><W68/><G68/><T42/><D120/><U75/><E64/><V82/><F122/><W93/><G108/><T73/><D116/><U9/><E131/><V65/><F65/><W18/><G128/><T41/><D6/><N who="1" m="3383" /><E90/><V55/><F130/><W24/><G127/><T126/><D126/><U72/><E22/><V112/><F107/><W37/><G21/><T85/><D27/><U88/><E75/><V12/><F0/><N who="1" m="73" /><E72/><V125/><F2/><W71/><G132/><T36/><D34/><U39/><E39/><V101/><F133/><W74/><G74/><T52/><D36/><U8/><E8/><N who="2" m="4103" /><F7/><W102/><G71/><T35/><D35/><U23/><E23/><V105/><F105/><W119/><G37/><T31/><D31/><U87/><AGARI ba="1,0" hai="80,87,88,109,110,111,113,115" m="73,3383" machi="87" ten="40,5200,0" yaku="14,1,52,1,54,1" doraHai="10" who="1" fromWho="1" sc="207,-14,214,55,269,-27,310,-14" /><INIT seed="3,0,0,4,3,79" ten="193,269,242,296" oya="3" hai0="45,116,50,89,32,9,107,134,21,124,40,104,56" hai1="82,27,49,8,131,51,98,47,132,42,84,108,81" hai2="29,18,54,86,71,31,52,127,6,20,105,66,97" hai3="94,96,5,24,34,59,95,16,115,44,125,28,48"/><W70/><G115/><T62/><D32/><U38/><E108/><V123/><F71/><W74/><G70/><T30/><D116/><U17/><E131/><V113/><F113/><W75/><G125/><T90/><D124/><U4/><E132/><V80/><F127/><W87/><G5/><T23/><D134/><U109/><E109/><V61/><F6/><W78/><G16/><T36/><D36/><U101/><E84/><V26/><F97/><W58/><G75/><T35/><D35/><U103/><E49/><V118/><F105/><W129/><G74/><T88/><D9/><U128/><E38/><V120/><F118/><W91/><G129/><T93/><D93/><N who="1" m="58575" /><E103/><V19/><F66/><W39/><G39/><T122/><D122/><N who="2" m="46634" /><F19/><W130/><G130/><T111/><D111/><U67/><E67/><V37/><F37/><W25/><G34/><T14/><D104/><U73/><E73/><V112/><F112/><W100/><G28/><N who="2" m="10825" /><F61/><W0/><G0/><T57/><D107/><U53/><E128/><V64/><F64/><W15/><G100/><T126/><D126/><U43/><E4/><V1/><F1/><W99/><G48/><T22/><D62/><U11/><E11/><V76/><AGARI ba="0,0" hai="18,20,26,52,54,76,80,86" m="10825,46634" machi="76" ten="30,4000,0" yaku="13,1,52,1,54,1" doraHai="79" who="2" fromWho="2" sc="193,-10,269,-10,242,40,296,-20" /><INIT seed="4,0,0,4,4,69" ten="183,259,282,276" oya="0" hai0="73,17,31,64,109,50,127,88,44,77,70,41,53" hai1="74,133,21,42,24,125,85,20,84,113,46,93,71" hai2="82,40,43,58,65,16,97,120,52,132,29,100,76" hai3="36,98,96,117,95,15,3,101,80,135,59,94,112"/><T83/><D127/><U9/><E74/><V51/><F120/><W90/><G3/><T12/><D109/><U56/><E71/><V121/><F121/><W4/><G117/><T45/><D31/><U108/><E108/><V114/><F29/><W124/><G124/><T62/><D88/><U6/><E125/><V66/><F114/><W11/><G135/><T119/><D119/><U54/><E133/><V105/><F132/><W131/><G131/><T35/><D35/><U23/><E24/><V27/><F66/><W0/><G0/><T79/><D79/><U22/><E22/><V30/><F16/><W37/><G59/><T129/><D129/><U55/><E113/><V86/><F65/><W34/><G34/><AGARI ba="0,0" hai="27,30,34,40,43,51,52,58,76,82,86,97,100,105" machi="34" ten="30,2000,0" yaku="7,1,54,1" doraHai="69" who="2" fromWho="3" sc="183,0,259,0,282,20,276,-20" owari="183,-31.7,259,5.9,302,40.2,256,-14.4" /></mjloggm>