<mjloggm ver="2.3"><GO type="225" lobby="0"/><UN n0="%E3%83%A9%E3%83%BC%E3%83%A1%E3%83%B3%E4%BA%94%E9%83%8E" n1="%E3%81%8A%E3%81%8B%E3%81%8F%E3%82%89" n2="%E3%81%8F%E3%82%8A%E3%83%94%E3%83%BC" n3="%E3%81%82%E3%82%93%E3%81%AA%E3%81%A4" dan="16,16,16,16" rate="2083.28,2085.91,2085.54,2129.31" sx="M,M,M,M"/><TAIKYOKU oya="0"/><INIT seed="0,0,0,1,1,88" ten="250,250,250,250" oya="0" hai0="43,108,7,9,11,65,30,96,59,42,115,24,29" hai1="58,126,86,52,85,34,40,21,98,127,92,27,91" hai2="131,113,37,80,123,35,83,97,128,51,135,45,14" hai3="125,120,87,77,46,76,122,50,33,117,107,13,93"/><T81/><D115/><U6/><E34/><V16/><F123/><N who="3" m="47147" /><G107/><T101/><D108/><U112/><E40/><V63/><F37/><W67/><G33/><T102/><D81/><U60/><E6/><V114/><F35/><W119/><G67/><T90/><D24/><U109/><E109/><V47/><F63/><W54/><G13/><N who="0" m="5311" /><D11/><U20/><E20/><N who="2" m="11287" /><F135/><W56/><G125/><N who="1" m="47626" /><E112/><N who="2" m="43115" /><F97/><W48/><G117/><T26/><D26/><U39/><E39/><V41/><F45/><W22/><G22/><T64/><D90/><U57/><E58/><V28/><F28/><AGARI ba="0,0" hai="21,27,28,52,57,60,85,86,91,92,98" m="47626" machi="28" ten="30,3900,0" yaku="18,1,52,1,54,1" doraHai="88" who="1" fromWho="2" sc="250,0,250,39,250,-39,250,0" /><INIT seed="1,0,0,1,1,25" ten="250,289,211,250" oya="1" hai0="101,105,119,36,3,100,125,45,121,97,58,126,65" hai1="48,60,92,61,88,82,111,96,22,132,77,98,16" hai2="54,37,99,68,28,7,84,73,17,6,57,13,81" hai3="49,56,123,86,127,107,5,108,33,76,18,39,94"/><U52/><E132/><V30/><F68/><W80/><G107/><T64/><D119/><U0/><E0/><V35/><F99/><W130/><G39/><T27/><D121/><U109/><E98/><V113/><F73/><W29/><G123/><T70/><D101/><U42/><E42/><V9/><F37/><W62/><G108/><N who="1" m="41546" /><E22/><V110/><F113/><W15/><G33/><T46/><D3/><U12/><E12/><V112/><F112/><W131/><G15/><T26/><D70/><U93/><E16/><N who="2" m="8239" /><F35/><W19/><G18/><T1/><D1/><U41/><E93/><V51/><F17/><W69/><G94/><T133/><D133/><U116/><E41/><V124/><F124/><W11/><G127/><T71/><D71/><U59/><E116/><V31/><F110/><W75/><G69/><T114/><D114/><U47/><E47/><V21/><F21/><W122/><G19/><T10/><D126/><U24/><E24/><V44/><F57/><W43/><G56/><T38/><D125/><U85/><AGARI ba="0,0" hai="48,52,59,60,61,77,82,85,88,92,96" m="41546" machi="85" ten="30,11700,0" yaku="14,1,10,1,54,2" doraHai="25" who="1" fromWho="1" sc="250,-39,289,117,211,-39,250,-39" /><INIT seed="1,1,0,0,3,48" ten="211,406,172,211" oya="1" hai0="114,20,80,127,133,8,91,74,86,89,35,14,30" hai1="45,131,85,79,41,57,43,25,44,93,22,31,12" hai2="100,95,118,73,62,18,6,84,33,96,37,40,46" hai3="123,0,52,98,23,119,72,97,4,104,130,10,9"/><U121/><E131/><V107/><F118/><W17/><G123/><T32/><D114/><U102/><E121/><V135/><F135/><W47/><G72/><T7/><D133/><U5/><E79/><V78/><F33/><W36/><G130/><T99/><D127/><U50/><E57/><V49/><F6/><W29/><G119/><T38/><D38/><U115/><E115/><V76/><F73/><W65/><G104/><T59/><D74/><U27/><E5/><V88/><F62/><W92/><G65/><T58/><D32/><U132/><E12/><V54/><REACH who="2" step="1"/><F18/><REACH who="2" ten="211,406,162,211" step="2"/><W75/><G75/><T103/><D35/><U11/><E132/><V108/><F108/><W81/><G17/><T122/><D122/><U55/><E31/><V112/><F112/><W2/><G29/><T120/><D120/><U110/><E110/><V51/><F51/><W105/><G4/><T26/><REACH who="0" step="1"/><D89/><REACH who="0" ten="201,406,162,211" step="2"/><U13/><E41/><V21/><F21/><W63/><G23/><T117/><D117/><U116/><E43/><V1/><F1/><W66/><G0/><T90/><D90/><U124/><E22/><V109/><F109/><W15/><G2/><T71/><D71/><U53/><E116/><V83/><F83/><W68/><G81/><T111/><D111/><U82/><E82/><V126/><F126/><W128/><G128/><T19/><D19/><U56/><E124/><V64/><F64/><W67/><G67/><T94/><AGARI ba="1,2" hai="7,8,14,20,26,30,58,59,80,86,91,94,99,103" machi="94" ten="20,8000,1" yaku="1,1,0,1,7,1,8,1,53,1" doraHai="48" doraHaiUra="16" who="0" fromWho="0" sc="201,103,406,-41,162,-21,211,-21" /><INIT seed="2,0,0,0,3,122" ten="304,365,141,190" oya="2" hai0="14,70,105,75,127,20,39,134,40,87,129,130,4" hai1="115,33,121,125,47,6,22,81,92,16,77,58,97" hai2="103,26,94,52,65,2,114,131,102,71,132,99,104" hai3="57,60,61,128,0,107,109,1,23,42,8,43,88"/><V51/><F114/><W37/><G107/><T112/><D75/><U62/><E33/><V15/><F2/><W95/><G128/><T30/><D112/><U83/><E125/><V7/><F131/><N who="0" m="50186" /><D127/><U48/><E6/><V55/><F132/><W64/><G23/><T9/><D105/><U59/><E77/><V13/><F104/><W12/><G61/><T106/><D70/><U111/><E58/><N who="2" m="33055" /><F71/><W117/><G117/><T123/><D106/><U50/><E121/><V38/><F38/><W80/><G80/><T96/><D123/><U63/><E63/><V5/><F65/><W133/><G43/><T78/><D134/><U73/><E73/><V66/><F66/><W46/><G133/><T119/><D119/><U3/><E3/><V35/><F35/><W67/><G67/><T34/><D34/><U110/><E115/><V72/><F72/><W49/><G37/><T31/><D96/><U91/><E62/><V32/><F103/><W76/><G76/><T85/><D78/><U11/><E59/><V120/><F120/><W100/><G100/><T101/><D101/><U19/><E48/><V84/><F84/><N who="0" m="32330" /><D20/><U108/><E50/><V36/><F36/><W82/><G0/><T44/><AGARI ba="0,0" hai="4,9,14,30,31,39,40,44" m="32330,50186" machi="44" ten="30,1100,0" yaku="19,1" doraHai="122" who="0" fromWho="0" sc="304,11,365,-3,141,-5,190,-3" /><INIT seed="3,0,0,1,2,14" ten="315,362,136,187" oya="3" hai0="26,107,5,63,48,100,106,122,117,54,132,97,126" hai1="15,23,99,82,93,131,69,59,64,11,21,95,89" hai2="22,91,88,27,124,45,102,123,42,87,85,125,24" hai3="40,37,53,34,3,46,98,74,20,57,112,12,81"/><W18/><G112/><T75/><D117/><U67/><E69/><V10/><F123/><W110/><G34/><T6/><D122/><U25/><E82/><V13/><F102/><W35/><G35/><T47/><D75/><U2/><E2/><V104/><F104/><W84/><G3/><T79/><D126/><U0/><E59/><V43/><F13/><W73/><G98/><T70/><D132/><U9/><E21/><V71/><F22/><W108/><G84/><N who="2" m="32329" /><F45/><W76/><REACH who="3" step="1"/><G74/><REACH who="3" ten="315,362,136,177" step="2"/><T116/><D97/><U65/><E0/><V8/><F71/><W129/><G129/><T17/><D116/><U86/><E131/><V60/><F60/><AGARI ba="0,1" hai="12,18,20,37,40,46,53,57,60,73,76,81,108,110" machi="60" ten="40,12000,1" yaku="1,1,52,1,53,2" doraHai="14" doraHaiUra="121" who="3" fromWho="2" sc="315,0,362,0,136,-120,177,130" /><INIT seed="3,1,0,2,3,69" ten="315,362,16,307" oya="3" hai0="7,88,98,67,51,64,132,109,93,97,58,23,79" hai1="43,95,133,5,78,9,13,112,104,118,53,10,49" hai2="25,76,35,89,44,37,126,47,124,21,111,18,105" hai3="75,6,80,22,1,29,135,0,107,28,46,14,65"/><W122/><G107/><T68/><D109/><U40/><E104/><V39/><F89/><W116/><G65/><T77/><D68/><U60/><E112/><V114/><F105/><W90/><G116/><T117/><D117/><U131/><E60/><V36/><F114/><W82/><G122/><T91/><D132/><U129/><E78/><N who="0" m="29705" /><D7/><N who="1" m="3263" /><E95/><V92/><F111/><W48/><G75/><T33/><D33/><U100/><E100/><V20/><F76/><W16/><G135/><T103/><D23/><U115/><E115/><V128/><F92/><W127/><G127/><T86/><D91/><U66/><E66/><N who="0" m="25129" /><D103/><U119/><E133/><V123/><F123/><W101/><G101/><T121/><D121/><U15/><E118/><V19/><F35/><W56/><G56/><T59/><D51/><U108/><E108/><V84/><F84/><N who="3" m="50439" /><G0/><T31/><D31/><N who="3" m="11849" /><G1/><T71/><D71/><U106/><E106/><V120/><F120/><W45/><G82/><T38/><D38/><U125/><E125/><V42/><F128/><N who="1" m="49225" /><E119/><V94/><F94/><W50/><G6/><T85/><D85/><U96/><E96/><AGARI ba="1,0" hai="58,59,86,88,93,96,97,98" m="25129,29705" machi="96" ten="30,2000,0" yaku="8,1,54,1" doraHai="69" who="0" fromWho="1" sc="315,23,362,-23,16,0,307,0" owari="338,13.8,339,43.9,16,-48.4,307,-9.3" /></mjloggm>