<mjloggm ver="2.3"><GO type="225" lobby="0"/><UN n0="%73%75%7A%75%6D%65%33" n1="%E5%8F%AF%E5%85%90%E9%82%A3%E7%94%B1%E5%A4%9A" n2="%E3%81%BF%E3%81%BF%E3%81%9A" n3="%E3%81%AF%E3%82%88%E3%81%8A%E3%81%98%E3%81%95%E3%82%93" dan="17,17,16,17" rate="2166.33,2184.60,2164.43,2241.60" sx="M,F,M,M"/><TAIKYOKU oya="0"/><INIT seed="0,0,0,1,1,86" ten="250,250,250,250" oya="0" hai0="46,37,92,81,80,78,108,131,63,20,77,110,27" hai1="59,79,113,102,132,3,8,101,44,115,10,120,69" hai2="41,68,73,125,85,28,19,74,121,4,33,99,83" hai3="124,87,100,103,7,17,31,65,60,32,127,12,61"/><T66/><D131/><U45/><E120/><V6/><F121/><W128/><G7/><T111/><D37/><U123/><E123/><V118/><F68/><W50/><G128/><T56/><D46/><U43/><E69/><V72/><F125/><N who="3" m="48203" /><G50/><T49/><D49/><U29/><E132/><V52/><F41/><W107/><G107/><T40/><D40/><U96/><E79/><N who="0" m="30217" /><D92/><U26/><E59/><V58/><F118/><W112/><G112/><N who="1" m="43082" /><E3/><V2/><F2/><W75/><G75/><T70/><D70/><U5/><E5/><V23/><F33/><W1/><G1/><T134/><D134/><U48/><E45/><V51/><F28/><AGARI ba="0,0" hai="20,27,28,56,63,66,80,81,108,110,111" m="30217" machi="28" ten="30,2900,0" yaku="14,1,10,1" doraHai="86" who="0" fromWho="2" sc="250,29,250,0,250,-29,250,0" /><INIT seed="0,1,0,4,5,117" ten="279,250,221,250" oya="0" hai0="120,133,41,46,17,2,51,18,107,35,83,37,61" hai1="100,28,94,39,0,7,67,134,72,9,60,104,111" hai2="103,70,14,50,102,65,125,34,52,30,116,8,88" hai3="108,4,40,75,74,54,36,85,56,43,33,131,113"/><T59/><D107/><U47/><E94/><V109/><F116/><W95/><G113/><T42/><D2/><U78/><E111/><V68/><F109/><W20/><G33/><T115/><D35/><U114/><E134/><V5/><F125/><W38/><G108/><T12/><D115/><U126/><E114/><V66/><F70/><W132/><G132/><T87/><D133/><U118/><E118/><V86/><F30/><W10/><G131/><T79/><D120/><U77/><E126/><V16/><F34/><W11/><G20/><T62/><D17/><U71/><E28/><V91/><F91/><W112/><G112/><T96/><D96/><U24/><E24/><V76/><F76/><W127/><G127/><T22/><D41/><N who="1" m="22975" /><E78/><V135/><F5/><W31/><G31/><T55/><AGARI ba="1,0" hai="12,18,22,37,42,46,51,55,59,61,62,79,83,87" machi="55" ten="30,1500,0" yaku="0,1" doraHai="117" who="0" fromWho="0" sc="279,18,250,-6,221,-6,250,-6" /><INIT seed="0,2,0,0,3,47" ten="297,244,215,244" oya="0" hai0="129,124,54,12,77,7,65,82,46,30,104,69,135" hai1="42,81,98,113,39,13,31,93,131,132,128,68,20" hai2="97,37,57,48,53,127,52,62,49,43,50,102,2" hai3="70,16,73,63,8,110,117,35,112,85,4,115,27"/><T118/><D104/><U134/><E68/><V9/><F127/><W109/><G73/><T75/><D118/><U59/><E113/><V111/><F111/><N who="3" m="42507" /><G85/><T15/><D124/><U55/><E81/><V100/><F100/><W116/><G63/><T14/><D135/><N who="1" m="51755" /><E42/><V94/><F43/><W21/><G35/><T91/><D129/><N who="1" m="49739" /><E39/><V38/><REACH who="2" step="1"/><F53/><REACH who="2" ten="297,244,205,244" step="2"/><W108/><G108/><T0/><D54/><U90/><E55/><V44/><F44/><W87/><G115/><T79/><D46/><U76/><E76/><V133/><F133/><W107/><G112/><T58/><D77/><U96/><E59/><V89/><F89/><W61/><G70/><T119/><D91/><U60/><E60/><V11/><F11/><W106/><G61/><T92/><D58/><U83/><E83/><V88/><F88/><W1/><G116/><T26/><D119/><U121/><E121/><V10/><F10/><W5/><G117/><T33/><D69/><U80/><E80/><V17/><F17/><W32/><G8/><T41/><D41/><U84/><E31/><V36/><F36/><W120/><G120/><T114/><D114/><U34/><E34/><V28/><F28/><W18/><G32/><T25/><D82/><U74/><E74/><V123/><F123/><W24/><G107/><T126/><D75/><U19/><AGARI ba="2,1" hai="13,19,20,84,90,93,96,98" m="49739,51755" machi="19" ten="40,2700,0" yaku="20,1,19,1" doraHai="47" who="1" fromWho="1" sc="297,-15,244,43,205,-9,244,-9" /><INIT seed="1,0,0,4,3,39" ten="282,287,196,235" oya="1" hai0="74,110,111,82,33,76,119,88,120,35,5,73,41" hai1="85,127,7,122,118,34,79,18,12,1,49,2,52" hai2="63,109,95,64,67,55,90,123,132,3,66,54,115" hai3="50,80,48,103,124,84,107,61,30,129,128,25,81"/><U135/><E118/><V22/><F123/><W106/><G124/><T102/><D120/><U70/><E122/><V57/><F109/><N who="0" m="41482" /><D119/><U31/><E70/><V97/><F132/><W0/><G0/><T29/><D102/><U60/><E135/><V105/><F115/><W71/><G61/><T37/><D5/><U72/><E72/><N who="0" m="27753" /><D29/><U16/><E60/><V133/><F133/><W43/><G71/><T40/><D88/><U69/><E69/><V36/><F3/><W130/><G103/><T75/><D37/><U17/><E127/><V114/><F114/><W86/><G30/><T68/><D68/><U113/><E113/><V10/><F105/><W56/><G25/><T134/><D134/><U108/><E108/><V92/><F10/><W65/><G106/><T20/><D20/><U15/><E31/><V58/><F36/><W9/><G9/><T77/><D77/><U24/><E34/><AGARI ba="0,0" hai="33,34,35,40,41,75,76,82" m="27753,41482" machi="34" ten="40,5200,0" yaku="14,1,52,2" doraHai="39" who="0" fromWho="1" sc="282,52,287,-52,196,0,235,0" /><INIT seed="2,0,0,3,3,39" ten="334,235,196,235" oya="2" hai0="71,59,60,68,91,35,95,80,25,50,47,85,84" hai1="129,4,54,17,30,58,53,82,107,31,13,0,9" hai2="23,113,52,117,64,121,57,15,102,12,120,37,38" hai3="21,19,123,104,98,7,63,61,115,28,6,81,105"/><V33/><F33/><W96/><G123/><T112/><D112/><U18/><E107/><V135/><F113/><W44/><G115/><T133/><D133/><U130/><E82/><V90/><F117/><W119/><G119/><T111/><D111/><U56/><E0/><V86/><F102/><W55/><G28/><T20/><D35/><U92/><E92/><V10/><F64/><W70/><G81/><T24/><D71/><U49/><E4/><N who="3" m="1578" /><G104/><T22/><D68/><U66/><E66/><V132/><F23/><N who="0" m="8746" /><D59/><U2/><E2/><V100/><F100/><W103/><G70/><T73/><D60/><N who="3" m="23113" /><G105/><T29/><D73/><U14/><REACH who="1" step="1"/><E49/><REACH who="1" ten="334,225,196,235" step="2"/><N who="2" m="30863" /><F37/><W97/><G103/><T106/><D106/><U8/><AGARI ba="0,1" hai="8,9,13,14,17,18,30,31,53,54,56,58,129,130" machi="8" ten="25,6400,0" yaku="1,1,0,1,22,2,53,0" doraHai="39" doraHaiUra="79" who="1" fromWho="1" sc="334,-16,225,74,196,-32,235,-16" /><INIT seed="3,0,0,5,3,14" ten="318,299,164,219" oya="3" hai0="55,95,85,4,25,33,28,83,35,32,100,24,114" hai1="101,122,106,105,69,130,22,19,45,127,82,128,103" hai2="26,113,2,3,132,60,57,15,20,110,46,74,16" hai3="120,67,42,115,8,44,10,12,92,6,18,94,11"/><W133/><G120/><T65/><D114/><U123/><E69/><V72/><F113/><W29/><G115/><T80/><D4/><U58/><E127/><V102/><F110/><W76/><G133/><T121/><D121/><N who="1" m="46091" /><E58/><V37/><F132/><W75/><G29/><T36/><D36/><U56/><E56/><V39/><F39/><W9/><G67/><T131/><D65/><U109/><E45/><V52/><F102/><N who="1" m="38921" /><E109/><V30/><F37/><W63/><G63/><T135/><D135/><U91/><E19/><V84/><F84/><W64/><G64/><T41/><D41/><U125/><E22/><V112/><F46/><W7/><G76/><T50/><D131/><N who="1" m="50219" /><E125/><V116/><F116/><W34/><G34/><T111/><D111/><U31/><E31/><V99/><F99/><W134/><G134/><T126/><D126/><U108/><E108/><V38/><F38/><W23/><G6/><T21/><D24/><U47/><E47/><V68/><F112/><W48/><REACH who="3" step="1"/><G75/><REACH who="3" ten="318,299,164,209" step="2"/><T73/><D73/><U97/><E97/><V5/><F68/><W71/><G71/><T119/><D119/><U0/><E0/><AGARI ba="0,1" hai="0,7,8,9,10,11,12,18,23,42,44,48,92,94" machi="0" ten="40,12000,1" yaku="1,1,52,1,53,2" doraHai="14" doraHaiUra="88" who="3" fromWho="1" sc="318,0,299,-120,164,0,209,130" owari="318,11.8,179,-22.1,164,-33.6,339,43.9" /></mjloggm>