<mjloggm ver="2.3"><GO type="225" lobby="0"/><UN n0="%E6%98%93%E5%88%A9%E8%96%A9%E4%BC%AF" n1="%E3%81%B2%E3%81%BE%E3%81%A4%E3%81%B6%E3%81%97" n2="%E9%A2%A8%E3%81%A7%E9%B3%B4%E3%81%8F" n3="%E3%81%BE%E3%81%A8%E3%81%9F" dan="16,17,16,16" rate="2066.61,2183.43,2167.48,2118.83" sx="F,M,M,M"/><TAIKYOKU oya="0"/><INIT seed="0,0,0,1,3,6" ten="250,250,250,250" oya="0" hai0="31,44,134,14,128,15,10,77,113,97,25,81,92" hai1="20,56,132,64,89,121,100,39,112,111,23,108,116" hai2="115,30,70,105,75,88,85,22,8,133,46,84,34" hai3="103,29,76,125,2,72,42,24,110,37,18,73,16"/><T59/><D128/><U47/><E100/><V35/><F75/><W118/><G118/><T104/><D134/><U90/><E116/><V66/><F115/><W43/><G110/><T126/><D126/><U38/><E121/><V99/><F84/><W50/><G37/><T83/><D104/><U51/><E56/><V107/><F46/><W120/><G2/><T0/><D0/><U12/><E64/><V94/><F133/><W17/><G120/><T124/><D113/><U48/><E12/><V62/><F22/><W27/><G103/><T67/><D15/><U86/><E86/><V109/><F109/><W53/><G27/><T45/><D81/><U102/><E102/><V13/><F30/><W21/><G125/><T9/><D59/><U87/><E87/><V55/><F55/><W79/><G72/><T36/><D67/><U80/><E47/><V117/><F117/><W5/><G5/><T65/><D65/><U68/><E80/><V131/><F131/><W96/><G96/><T41/><D45/><U106/><E106/><V127/><F127/><W1/><G73/><T135/><D135/><U71/><REACH who="1" step="1"/><E132/><REACH who="1" ten="250,240,250,250" step="2"/><V58/><F58/><N who="3" m="33079" /><G1/><T28/><D124/><U11/><E11/><V40/><F85/><W123/><G123/><T4/><D10/><U52/><E52/><V60/><F40/><AGARI ba="0,1" hai="16,17,18,21,24,29,40,42,43,76,79" m="33079" machi="40" ten="30,2000,0" yaku="8,1,54,1" doraHai="6" who="3" fromWho="2" sc="250,0,240,0,250,-20,250,30" /><INIT seed="1,0,0,1,0,110" ten="250,240,230,280" oya="1" hai0="63,115,65,12,116,58,86,54,74,7,67,17,42" hai1="66,117,82,73,46,6,52,104,21,19,5,41,93" hai2="40,4,96,107,94,1,113,26,27,45,47,100,34" hai3="129,31,33,127,111,85,9,8,62,55,39,124,75"/><U98/><E117/><V120/><F120/><W99/><G75/><T68/><D74/><U51/><E104/><V28/><F27/><N who="3" m="18687" /><G39/><T57/><D116/><U134/><E134/><V69/><F69/><W133/><G133/><T0/><D0/><U18/><E66/><V48/><F1/><W23/><G111/><T25/><D68/><U61/><E82/><V97/><F4/><W15/><G85/><T87/><D42/><U130/><E73/><V121/><F121/><W32/><G99/><T106/><D106/><U35/><E35/><V13/><F13/><W112/><G55/><T109/><D115/><U125/><E125/><N who="3" m="48202" /><G62/><T50/><D67/><U102/><E130/><V78/><F78/><W103/><G103/><T131/><D131/><U43/><E19/><V118/><F118/><W83/><G83/><T88/><D109/><U89/><E102/><V123/><F123/><W101/><G101/><T37/><D37/><U114/><E114/><V56/><F97/><W119/><G15/><T14/><D87/><U77/><E77/><V64/><F107/><W24/><G32/><T20/><D7/><N who="1" m="2571" /><E61/><N who="2" m="37927" /><F113/><W10/><G112/><T16/><D17/><U3/><E3/><V108/><F108/><W29/><G119/><T76/><D76/><U22/><E22/><N who="2" m="15447" /><F47/><W44/><G44/><T60/><D60/><U59/><E46/><V126/><F126/><W30/><G30/><T122/><D122/><U71/><E71/><V70/><F70/><W36/><G36/><T128/><D128/><AGARI ba="0,0" hai="8,9,10,23,24,29,128,129" m="48202,18687" machi="128" ten="40,5200,0" yaku="18,1,34,2" doraHai="110" who="3" fromWho="0" sc="250,-52,240,0,230,0,280,52" /><INIT seed="2,0,0,0,1,66" ten="198,240,230,332" oya="2" hai0="46,123,76,83,114,62,45,99,70,89,97,52,31" hai1="38,8,13,72,48,73,79,39,21,19,26,53,64" hai2="56,37,74,115,49,54,131,67,93,18,71,108,25" hai3="124,22,127,36,121,50,32,40,23,4,7,102,118"/><V58/><F74/><W122/><G36/><T103/><D123/><U86/><E73/><V27/><F115/><W135/><G32/><T128/><D114/><U17/><E72/><V85/><F37/><W10/><G102/><T59/><D128/><U65/><E39/><V91/><F131/><W96/><G96/><T11/><D31/><U57/><E38/><V15/><F71/><W106/><G50/><T42/><D89/><U88/><REACH who="1" step="1"/><E79/><REACH who="1" ten="198,230,230,332" step="2"/><V68/><F108/><W34/><G121/><T134/><D134/><U35/><E35/><V47/><F68/><W87/><G34/><T126/><D126/><U78/><E78/><V125/><F125/><W95/><G122/><T30/><D70/><U43/><E43/><V110/><F110/><W69/><G40/><T84/><D42/><U12/><E12/><V77/><F77/><W90/><G135/><T119/><D119/><U1/><E1/><V9/><F67/><W81/><G118/><T109/><D109/><U63/><E63/><V120/><F120/><W101/><G124/><T29/><D99/><U16/><E16/><V75/><F75/><W33/><G127/><T44/><REACH who="0" step="1"/><D11/><REACH who="0" ten="188,230,230,332" step="2"/><U2/><E2/><V132/><F132/><W51/><G10/><T28/><D28/><U100/><E100/><V133/><F133/><W6/><G69/><T129/><D129/><U92/><AGARI ba="0,2" hai="8,13,17,19,21,26,48,53,57,64,65,86,88,92" machi="92" ten="20,12000,2" yaku="1,1,0,1,7,1,8,1,54,1,53,1" doraHai="66" doraHaiUra="82" who="1" fromWho="1" sc="188,-30,230,140,230,-60,332,-30" /><INIT seed="3,0,0,2,5,98" ten="158,370,170,302" oya="3" hai0="23,24,133,60,38,126,65,88,59,13,70,41,7" hai1="95,121,96,11,27,61,72,112,106,73,119,51,17" hai2="3,32,104,12,67,122,57,82,36,85,53,21,4" hai3="75,14,39,79,76,89,58,127,129,29,66,118,10"/><W1/><G118/><T33/><D33/><U40/><E121/><V99/><F32/><W9/><G39/><T54/><D133/><U116/><E106/><V78/><F36/><W56/><G127/><T49/><D126/><U135/><E135/><V93/><F104/><W90/><G75/><T63/><D63/><U123/><E61/><N who="2" m="38319" /><F3/><W50/><G1/><T34/><D34/><U44/><E112/><V30/><F122/><W108/><G129/><T35/><D35/><U64/><E64/><V8/><F53/><W91/><G108/><T117/><D117/><N who="1" m="45131" /><E123/><V124/><F124/><W128/><G128/><T120/><D120/><U115/><E115/><V0/><F0/><W69/><G69/><T81/><D7/><U62/><E62/><V42/><F42/><W43/><G66/><T87/><D13/><N who="1" m="7359" /><E27/><N who="2" m="16751" /><F93/><W109/><G109/><T55/><D55/><U134/><E134/><V110/><F99/><W52/><G43/><T107/><D107/><U15/><E15/><V71/><F71/><W125/><G125/><T68/><D68/><U20/><E20/><V86/><F110/><W22/><G58/><T28/><D38/><U94/><E94/><V6/><F4/><N who="3" m="3367" /><G10/><T47/><D70/><U114/><E114/><V100/><F82/><W37/><G37/><T111/><D111/><U102/><AGARI ba="0,0" hai="40,44,51,72,73,95,96,102" m="7359,45131" machi="102" ten="30,2000,0" yaku="12,1,52,1" doraHai="98" who="1" fromWho="1" sc="158,-5,370,20,170,-5,302,-10" owari="153,-34.7,390,49.0,165,-23.5,292,9.2" /></mjloggm>