<mjloggm ver="2.3"><GO type="225" lobby="0"/><UN n0="%E3%81%BF%E3%81%BF%E3%81%9A" n1="%4B%2E%32%2E%4B%2E" n2="%72%61%6B%33" n3="%E3%83%B4%E3%82%A3%E3%83%AF%E3%82%B3%E3%82%B0%E3%83%8B" dan="16,16,16,16" rate="2146.47,2173.12,2057.75,2152.89" sx="M,M,M,M"/><TAIKYOKU oya="0"/><INIT seed="0,0,0,1,2,113" ten="250,250,250,250" oya="0" hai0="90,62,1,95,54,51,5,87,67,98,33,48,132" hai1="0,122,60,129,80,27,55,59,47,117,74,57,15" hai2="100,92,61,53,17,103,127,111,123,58,70,104,115" hai3="50,8,7,116,18,45,56,120,39,23,11,118,114"/><T134/><D33/><U88/><E122/><V124/><F123/><W19/><G120/><T97/><D1/><U68/><E0/><V9/><F115/><W75/><G114/><T106/><D5/><U102/><E129/><V99/><F70/><W25/><G75/><T89/><D106/><U135/><E135/><N who="0" m="51753" /><D54/><U14/><E68/><V79/><F79/><W36/><G18/><T20/><D20/><U26/><E117/><V40/><F40/><W131/><G131/><T35/><D35/><U4/><E102/><V30/><F30/><W28/><G19/><T2/><D2/><U83/><E47/><V84/><F111/><W43/><G56/><N who="0" m="37319" /><D98/><U73/><E4/><V86/><F17/><W77/><G77/><T133/><N who="0" m="51761" /><T66/><DORA hai="110" /><D66/><U126/><E55/><V93/><F9/><W101/><G7/><T46/><D46/><U24/><E126/><N who="2" m="48171" /><F104/><W29/><G29/><T44/><D44/><U78/><E78/><V52/><F53/><W6/><G11/><T105/><D105/><U37/><E59/><V130/><F130/><W13/><REACH who="3" step="1"/><G101/><REACH who="3" ten="250,250,250,240" step="2"/><T41/><D41/><U12/><E57/><V63/><F63/><W22/><G22/><T85/><D87/><U10/><E60/><V76/><F76/><W94/><G94/><AGARI ba="0,1" hai="48,51,85,89,90,94,95,97" m="37319,51761" machi="94" ten="40,2000,0" yaku="20,1" doraHai="113,110" who="0" fromWho="3" sc="250,30,250,0,250,0,240,-20" /><INIT seed="0,1,0,4,1,80" ten="280,250,250,220" oya="0" hai0="131,37,134,111,77,82,72,40,121,24,31,42,109" hai1="127,36,130,62,20,101,71,48,5,56,32,38,107" hai2="112,78,63,11,15,99,122,2,87,129,84,125,25" hai3="21,61,124,57,110,123,1,91,64,79,74,95,49"/><T108/><D121/><U86/><E32/><V76/><F122/><W105/><G1/><T12/><D134/><U68/><E127/><V13/><F125/><W54/><G124/><T28/><D131/><U88/><E130/><V100/><F129/><W118/><G123/><T94/><D37/><U9/><E48/><V58/><F2/><W26/><G105/><T18/><D94/><U17/><E101/><V98/><F25/><W59/><G110/><T14/><D31/><U16/><E38/><V6/><F112/><W93/><G118/><T39/><D39/><U52/><E36/><V10/><F78/><W45/><G79/><T133/><D133/><U0/><E17/><V117/><F76/><W132/><G74/><T103/><D103/><U7/><E7/><N who="2" m="3295" /><F117/><W30/><G132/><T70/><D70/><U51/><E62/><V104/><F104/><W60/><REACH who="3" step="1"/><G91/><REACH who="3" ten="280,250,250,210" step="2"/><T119/><D119/><U83/><E107/><V115/><F115/><W120/><G120/><T65/><D65/><AGARI ba="1,1" hai="21,26,30,45,49,54,57,59,60,61,64,65,93,95" machi="65" ten="30,8000,1" yaku="1,1,7,1,9,1,8,1,53,1" doraHai="80" doraHaiUra="50" who="3" fromWho="0" sc="280,-83,250,0,250,0,210,93" /><INIT seed="1,0,0,1,4,14" ten="197,250,250,303" oya="1" hai0="26,46,98,133,55,36,53,113,109,91,127,3,90" hai1="56,115,13,15,81,82,17,59,134,72,22,121,30" hai2="80,19,57,102,99,49,29,58,69,8,66,135,6" hai3="132,9,105,114,74,118,129,1,73,63,103,25,38"/><U40/><E121/><V112/><F135/><W23/><G114/><T67/><D113/><U7/><E115/><V12/><F112/><W92/><G105/><T24/><D3/><U97/><E134/><V130/><F130/><W0/><G38/><T125/><D133/><U37/><E30/><V78/><F29/><W87/><G9/><T107/><D67/><U27/><E97/><V120/><F120/><W119/><G63/><T45/><D98/><U117/><E117/><V43/><F69/><W51/><G51/><T79/><D79/><U126/><E126/><V31/><F31/><W111/><G103/><T61/><D61/><U131/><E131/><V88/><F66/><W60/><G60/><T70/><D36/><U47/><E72/><V84/><F78/><W2/><G132/><T110/><REACH who="0" step="1"/><D107/><REACH who="0" ten="187,250,250,303" step="2"/><U89/><E37/><V85/><F85/><W94/><G87/><T95/><D95/><U42/><E81/><V52/><F43/><W76/><G76/><T11/><D11/><N who="1" m="4351" /><E42/><V108/><F108/><W83/><G0/><T68/><AGARI ba="0,1" hai="24,26,45,46,53,55,68,70,90,91,109,110,125,127" machi="68" ten="25,6400,0" yaku="1,1,0,1,22,2,53,0" doraHai="14" doraHaiUra="75" who="0" fromWho="0" sc="187,74,250,-32,250,-16,303,-16" /><INIT seed="2,0,0,5,4,51" ten="261,218,234,287" oya="2" hai0="61,52,102,134,39,64,3,46,29,73,47,44,13" hai1="2,22,15,115,16,93,100,130,118,123,26,97,5" hai2="77,116,95,90,63,32,35,96,60,62,103,48,117" hai3="14,50,58,40,9,81,105,36,57,85,121,127,86"/><V23/><F77/><W7/><G121/><T37/><D3/><U28/><E115/><V31/><F23/><W33/><G36/><T135/><D73/><U79/><E118/><V8/><F8/><W94/><G105/><T74/><D74/><U34/><E130/><V78/><F78/><N who="3" m="46263" /><G33/><T6/><D29/><U125/><E125/><V107/><F32/><W126/><G94/><T72/><D102/><U88/><E79/><V106/><F106/><W54/><G86/><T67/><D72/><U25/><E123/><V101/><F101/><W12/><G12/><T18/><D6/><U128/><E128/><V89/><F89/><W68/><G68/><T132/><D18/><U30/><E100/><V75/><F75/><W76/><G76/><T129/><D13/><U41/><E41/><V119/><F48/><N who="3" m="30919" /><G58/><N who="0" m="35015" /><D129/><U82/><E82/><V114/><F114/><W108/><G108/><T131/><D131/><U92/><E92/><V133/><F35/><W109/><G109/><T110/><D110/><U104/><E104/><V19/><F107/><W53/><G53/><T70/><D70/><U49/><E49/><V83/><F119/><W55/><G55/><T91/><D91/><U56/><E56/><V11/><F90/><W42/><G42/><T38/><AGARI ba="0,0" hai="37,38,39,44,46,47,64,67,132,134,135" m="35015" machi="38" ten="50,12000,2" yaku="29,2,20,1,34,2,52,1,54,1" doraHai="51" who="0" fromWho="0" sc="261,120,218,-30,234,-60,287,-30" /><INIT seed="3,0,0,0,5,49" ten="381,188,174,257" oya="3" hai0="19,26,80,67,25,34,130,21,4,102,123,27,113" hai1="28,117,64,55,11,37,29,16,95,53,110,66,135" hai2="45,116,50,15,71,46,72,58,54,133,106,121,20" hai3="82,51,52,127,60,40,96,99,119,8,114,6,105"/><W76/><G114/><T111/><D123/><U56/><E37/><V59/><F116/><W61/><G119/><T89/><D102/><U77/><E117/><V74/><F106/><W23/><G127/><T17/><D113/><U73/><E110/><V44/><F71/><W101/><G40/><T36/><D36/><U63/><E135/><V65/><F133/><W78/><G23/><T87/><D111/><U122/><E122/><V125/><F121/><W115/><G115/><T79/><D130/><U84/><E73/><V90/><F125/><W93/><G96/><T108/><D108/><U91/><E77/><V100/><F100/><W70/><G105/><T86/><D67/><N who="1" m="25643" /><E53/><V98/><F15/><AGARI ba="0,0" hai="11,15,16,28,29,55,56,63,84,91,95" m="25643" machi="15" ten="30,3900,0" yaku="8,1,52,1,54,1" doraHai="49" who="1" fromWho="2" sc="381,0,188,39,174,-39,257,0" owari="381,48.1,227,-17.3,135,-36.5,257,5.7" /></mjloggm>