<mjloggm ver="2.3"><GO type="225" lobby="0"/><UN n0="%4E%6F%2E%30%30%30%31" n1="%E3%82%82%E3%81%90%E3%82%89" n2="%72%69%6F%75%63%68%61%6E" n3="%70%68%65%6E%6F%6D%65" dan="18,16,16,17" rate="2205.41,2165.46,2181.98,2201.54" sx="M,M,M,M"/><TAIKYOKU oya="0"/><INIT seed="0,0,0,3,2,73" ten="250,250,250,250" oya="0" hai0="72,3,19,133,36,93,34,92,114,121,132,100,1" hai1="46,9,135,33,14,61,112,44,80,127,129,35,42" hai2="70,66,71,107,120,5,29,108,51,40,110,67,81" hai3="123,16,57,98,131,68,87,101,50,52,39,31,134"/><T89/><D114/><U21/><E129/><V91/><F107/><W18/><G131/><T95/><D121/><U130/><E130/><V25/><F120/><W79/><G123/><T74/><D36/><U30/><E127/><V86/><F5/><W96/><G134/><N who="0" m="51819" /><D34/><U12/><E135/><V23/><F67/><W10/><G68/><T104/><D19/><N who="3" m="7209" /><G39/><T11/><D11/><U128/><E128/><V55/><F40/><W76/><G31/><T116/><D116/><U64/><E112/><V97/><F97/><N who="3" m="37483" /><G101/><T13/><D13/><U124/><E14/><V53/><F53/><W99/><N who="3" m="37491" /><W20/><DORA hai="37" /><G20/><T117/><D117/><U62/><E21/><V48/><F48/><W88/><G10/><T111/><D100/><U45/><E30/><V113/><F113/><W105/><G105/><T2/><D104/><U118/><E118/><V126/><F126/><W106/><G106/><T24/><D24/><U78/><E35/><V8/><F8/><W82/><AGARI ba="0,0" hai="50,52,57,76,79,82,87,88" m="37491,7209" machi="82" ten="40,12000,2" yaku="8,1,52,2,54,3" doraHai="73,37" who="3" fromWho="3" sc="250,-60,250,-30,250,-30,250,120" /><INIT seed="1,0,0,3,2,13" ten="190,220,220,370" oya="1" hai0="115,60,101,62,32,118,3,65,68,39,49,57,23" hai1="34,55,22,37,89,38,58,123,95,113,41,124,9" hai2="61,122,120,100,12,10,125,94,36,83,97,84,67" hai3="63,88,56,27,17,8,133,29,91,24,40,16,59"/><U108/><E123/><V4/><F36/><W20/><G133/><T72/><D32/><U71/><E113/><V2/><F125/><W127/><G127/><T90/><D3/><U126/><E34/><V98/><F2/><W50/><G8/><T46/><D72/><U48/><E124/><V14/><F14/><W135/><G135/><T70/><D115/><U69/><E126/><V114/><F97/><W132/><G132/><T112/><D112/><U5/><E108/><V73/><F73/><W128/><G128/><T1/><D1/><U0/><E38/><V43/><F43/><W111/><G111/><T64/><D101/><U28/><E41/><V131/><F131/><W44/><G59/><N who="0" m="36895" /><D23/><U45/><E45/><V19/><F114/><W78/><G78/><T33/><D90/><N who="3" m="34345" /><G27/><T116/><D33/><U134/><E134/><V42/><F42/><W31/><G31/><T77/><D77/><U74/><E74/><V87/><F4/><W52/><AGARI ba="0,0" hai="16,17,20,24,29,40,44,50,52,56,63" m="34345" machi="52" ten="30,12000,2" yaku="8,1,52,2,54,3" doraHai="13" who="3" fromWho="3" sc="190,-30,220,-60,220,-30,370,120" /><INIT seed="2,0,0,4,1,133" ten="160,160,190,490" oya="2" hai0="30,101,54,56,48,87,77,43,61,76,63,99,38" hai1="81,116,42,49,1,90,22,80,33,97,59,73,35" hai2="82,26,16,125,58,105,104,28,50,45,60,111,132" hai3="78,15,27,123,12,79,36,96,11,70,10,3,75"/><V107/><F125/><W120/><G96/><T117/><D117/><U31/><E1/><V115/><F132/><W17/><G3/><T72/><D72/><U0/><E0/><V46/><F115/><W92/><G75/><T86/><D30/><U106/><E116/><V44/><F111/><W65/><G92/><N who="0" m="58599" /><D38/><U91/><E106/><V135/><F135/><W108/><G27/><T47/><D63/><U112/><E112/><V2/><F2/><W88/><G11/><T109/><D109/><U5/><E5/><V34/><F82/><W119/><G17/><T57/><D57/><U74/><E59/><V122/><F122/><W69/><G79/><AGARI ba="0,0" hai="43,47,48,54,56,61,76,77,79,86,87" m="58599" machi="79" ten="30,1000,0" yaku="8,1" doraHai="133" who="0" fromWho="3" sc="160,10,160,0,190,0,490,-10" /><INIT seed="3,0,0,3,5,94" ten="170,160,190,480" oya="3" hai0="42,115,135,65,84,69,82,71,129,93,104,38,118" hai1="53,47,86,107,6,0,109,14,121,101,133,2,44" hai2="120,39,43,63,51,77,89,29,105,9,18,25,98" hai3="125,108,126,34,3,11,85,4,21,97,96,32,46"/><W62/><G108/><T100/><D118/><U76/><E121/><V60/><F39/><W128/><G128/><T61/><D104/><U26/><E109/><V114/><F114/><W27/><G46/><T122/><D122/><U116/><E116/><V111/><F120/><W58/><G85/><T22/><D129/><U15/><E133/><V79/><F111/><W30/><G34/><T50/><D38/><U16/><E2/><V70/><F70/><W64/><G32/><T48/><D135/><U72/><E72/><V40/><F105/><W90/><G90/><T19/><D71/><U37/><E37/><V36/><F36/><W78/><G78/><N who="2" m="29705" /><F29/><W119/><G119/><T113/><D93/><U45/><E0/><V66/><F66/><W5/><G5/><T67/><D67/><U10/><E26/><V123/><F123/><W106/><G106/><T95/><D95/><U74/><E74/><V132/><F132/><W117/><G117/><T28/><D28/><U99/><E53/><V81/><F25/><W35/><G35/><T110/><D100/><U75/><E75/><V57/><F43/><W55/><G64/><T68/><D68/><U20/><REACH who="1" step="1"/><E47/><REACH who="1" ten="170,150,190,480" step="2"/><V91/><F40/><W124/><AGARI ba="0,1" hai="3,4,11,21,27,30,55,58,62,96,97,124,125,126" machi="124" ten="30,11700,0" yaku="0,1,18,1,52,2" doraHai="94" who="3" fromWho="3" sc="170,-39,150,-39,190,-39,480,127" owari="131,-26.9,111,-38.9,151,-4.9,607,70.7" /></mjloggm>