<mjloggm ver="2.3"><GO type="225" lobby="0"/><UN n0="%E3%81%95%E3%81%8D%E3%81%9F%E3%81%BE%E6%9E%97%E6%AA%8E" n1="%E3%81%8F%E3%81%BE%E3%81%96%E3%82%8F" n2="%48%61%61%61%6C%61%6E%64" n3="%6D%75%75%6D%75%72%61" dan="16,16,17,17" rate="2127.78,2052.37,2155.16,2172.35" sx="M,M,M,F"/><TAIKYOKU oya="0"/><INIT seed="0,0,0,1,5,131" ten="250,250,250,250" oya="0" hai0="82,61,71,62,114,94,33,23,63,118,75,104,106" hai1="58,79,59,22,14,54,51,98,50,135,40,119,29" hai2="86,72,121,13,107,96,92,55,5,48,81,101,16" hai3="66,130,124,127,57,108,97,74,46,25,3,80,100"/><T19/><D114/><U47/><E119/><V123/><F5/><W132/><G130/><T77/><D118/><U15/><E79/><V17/><F72/><W95/><G3/><T1/><D33/><U93/><E135/><V120/><F107/><W103/><G108/><T109/><D109/><U126/><E126/><N who="3" m="48170" /><G46/><T38/><D38/><U112/><E112/><V78/><REACH who="2" step="1"/><F13/><REACH who="2" ten="250,250,240,250" step="2"/><W35/><G74/><T0/><D106/><U102/><REACH who="1" step="1"/><E59/><AGARI ba="0,1" hai="16,17,48,55,59,78,81,86,92,96,101,120,121,123" machi="59" ten="40,5200,0" yaku="1,1,2,1,54,1,53,0" doraHai="131" doraHaiUra="32" who="2" fromWho="1" sc="250,0,250,-52,240,62,250,0" /><INIT seed="1,0,0,1,3,111" ten="250,198,302,250" oya="1" hai0="36,25,48,83,92,119,96,108,19,91,81,43,130" hai1="57,99,72,61,93,22,8,100,14,47,65,24,15" hai2="114,110,70,106,66,84,3,27,20,109,89,127,107" hai3="101,13,11,85,80,82,21,118,121,1,56,104,46"/><U98/><E72/><V78/><F127/><W86/><G121/><T7/><D108/><N who="2" m="41578" /><F3/><W135/><G1/><T35/><D119/><U123/><E123/><V38/><F38/><W67/><G118/><T120/><D36/><U97/><E47/><V112/><F78/><W88/><G135/><T103/><D130/><U102/><E102/><V95/><F66/><W50/><G21/><N who="0" m="13503" /><D120/><U6/><REACH who="1" step="1"/><E15/><REACH who="1" ten="250,188,302,250" step="2"/><V131/><F131/><W44/><G101/><T30/><D103/><U12/><E12/><V126/><F126/><W69/><G46/><N who="0" m="25695" /><D35/><U34/><E34/><V23/><F106/><W31/><G104/><T45/><D45/><U113/><E113/><N who="2" m="43627" /><F107/><W77/><G44/><T124/><D124/><U134/><E134/><V64/><F27/><W26/><G26/><T32/><D32/><U63/><E63/><AGARI ba="0,1" hai="20,23,63,64,70,84,89,95" m="43627,41578" machi="63" ten="30,8000,1" yaku="14,1,11,1,52,3" doraHai="111" who="2" fromWho="1" sc="250,0,188,-80,302,90,250,0" /><INIT seed="2,0,0,4,4,131" ten="250,108,392,250" oya="2" hai0="46,12,80,106,72,40,99,75,58,107,85,48,127" hai1="45,103,50,5,89,101,134,51,78,129,88,112,38" hai2="71,128,118,7,66,104,24,27,87,11,42,34,82" hai3="0,76,8,96,120,130,105,67,29,4,25,100,62"/><V117/><F128/><W53/><G130/><T126/><D12/><U14/><E129/><V114/><F114/><W94/><G120/><T69/><D69/><U21/><E112/><V19/><F104/><W70/><G76/><T44/><D44/><U110/><E110/><V97/><F97/><W23/><REACH who="3" step="1"/><G53/><REACH who="3" ten="250,108,392,240" step="2"/><N who="0" m="32039" /><D75/><U121/><E121/><V63/><F117/><W116/><G116/><T43/><D72/><U91/><E78/><V86/><F118/><W30/><G30/><T31/><D31/><U57/><E134/><V2/><F42/><W49/><G49/><N who="0" m="26823" /><D43/><N who="1" m="24895" /><E38/><V15/><F63/><W10/><G10/><T109/><D109/><U133/><E133/><V28/><F28/><W135/><G135/><T17/><D17/><N who="1" m="10423" /><E5/><V13/><F7/><W20/><G20/><T22/><D22/><U6/><E6/><V9/><F9/><W60/><G60/><T3/><D3/><U77/><E77/><V54/><F2/><W74/><G74/><T79/><D99/><U59/><E59/><V26/><F11/><W41/><G41/><T33/><D33/><U68/><E68/><V113/><F71/><W73/><G73/><T98/><D98/><U56/><E56/><V52/><F34/><W84/><G84/><T39/><D39/><U123/><E123/><V108/><F87/><W32/><G32/><T65/><D65/><U83/><E83/><V1/><F1/><W122/><G122/><T95/><D79/><U93/><E93/><AGARI ba="0,1" hai="0,4,8,23,25,29,62,67,70,93,94,96,100,105" machi="93" ten="40,1300,0" yaku="1,1,53,0" doraHai="131" doraHaiUra="36" who="3" fromWho="1" sc="250,0,108,-13,392,0,240,23" /><INIT seed="3,0,0,0,1,67" ten="250,95,392,263" oya="3" hai0="61,102,86,30,95,0,134,88,31,26,131,119,64" hai1="43,104,107,117,41,51,69,27,47,50,39,34,135" hai2="96,66,25,78,29,112,5,74,36,56,28,12,11" hai3="19,37,63,110,16,98,92,111,35,116,128,72,1"/><W121/><G116/><T42/><D119/><U94/><E94/><V93/><F36/><W89/><G121/><T113/><D0/><U77/><E77/><V115/><F74/><W132/><G37/><T100/><D134/><U125/><E27/><V87/><F66/><W118/><G118/><T24/><D131/><U55/><E34/><V122/><F122/><W73/><G128/><T126/><D126/><U70/><E107/><V59/><F112/><W83/><G132/><T133/><D133/><U79/><E79/><V15/><F15/><W103/><G35/><T2/><D2/><U45/><E104/><V3/><F3/><W17/><G1/><T8/><D8/><U129/><E135/><V71/><F71/><W81/><G63/><T18/><D42/><U76/><E76/><V62/><F62/><W23/><G23/><N who="0" m="13431" /><D113/><U33/><E33/><V68/><F68/><W9/><G9/><T127/><D127/><U46/><E125/><V124/><F115/><W114/><G114/><T4/><D4/><U130/><REACH who="1" step="1"/><E117/><REACH who="1" ten="250,85,392,263" step="2"/><V21/><F124/><W60/><G72/><T13/><D26/><U108/><E108/><V57/><F78/><W105/><G73/><T85/><D95/><U54/><E54/><V6/><F93/><W38/><G110/><T75/><D75/><U82/><E82/><V22/><F25/><W120/><G111/><T14/><D31/><U48/><E48/><V32/><F28/><W58/><G120/><T109/><D30/><U80/><E80/><V90/><F32/><W101/><G105/><T40/><D109/><U20/><E20/><RYUUKYOKU ba="0,1" sc="250,-10,85,30,392,-10,263,-10" hai1="39,41,43,45,46,47,50,51,55,69,70,129,130" owari="240,-16.0,115,-38.5,392,49.2,253,5.3" /></mjloggm>