<mjloggm ver="2.3"><GO type="225" lobby="0"/><UN n0="%47%48%4F%53%54" n1="%77%72%77%72%77%72%77%72" n2="%E3%81%86%E3%81%A9%E3%82%93%E3%81%93" n3="%E7%99%BD%E9%9B%AA%E4%B9%83%E6%84%9B" dan="17,16,16,16" rate="2221.66,2102.69,2153.32,2091.00" sx="M,M,M,F"/><TAIKYOKU oya="0"/><INIT seed="0,0,0,3,3,52" ten="250,250,250,250" oya="0" hai0="105,16,113,111,88,91,38,39,56,68,42,65,76" hai1="109,118,134,117,90,128,131,101,9,133,108,103,54" hai2="44,2,3,72,130,132,129,41,7,51,1,77,32" hai3="94,57,66,97,12,106,120,22,4,119,102,96,36"/><T121/><D113/><U5/><E54/><V85/><F32/><W112/><G112/><T27/><D121/><U115/><E90/><V79/><F72/><W89/><G119/><N who="1" m="45578" /><E9/><V82/><F132/><N who="1" m="50793" /><E5/><V70/><F70/><W53/><G36/><T104/><D39/><U43/><E43/><V99/><F79/><W107/><G120/><T50/><D38/><U60/><E60/><V17/><F17/><W87/><G66/><T55/><D16/><U48/><E48/><V35/><F35/><W110/><G110/><N who="1" m="42602" /><E115/><V75/><F7/><W116/><G116/><T86/><D42/><U30/><E30/><V47/><F47/><W23/><G4/><T20/><D111/><U127/><E127/><V93/><F51/><W100/><REACH who="3" step="1"/><G12/><REACH who="3" ten="250,250,250,240" step="2"/><T122/><D122/><U45/><E45/><V74/><F44/><W13/><G13/><T40/><D65/><U84/><E84/><V58/><F85/><W98/><G98/><T8/><D86/><U80/><E80/><V24/><F82/><W15/><G15/><T10/><D68/><U135/><E135/><V69/><F2/><W18/><G18/><T114/><D114/><U67/><E67/><V64/><F1/><W78/><G78/><T71/><D76/><U95/><E101/><V46/><F3/><W123/><G123/><T83/><D71/><U19/><E19/><V59/><F64/><W92/><G92/><T125/><D83/><U73/><E73/><V28/><F75/><W126/><G126/><T0/><D125/><U49/><E49/><AGARI ba="0,1" hai="22,23,49,53,57,87,89,94,96,97,100,102,106,107" machi="49" ten="30,7700,0" yaku="1,1,7,1,9,1,52,1,53,0" doraHai="52" doraHaiUra="34" who="3" fromWho="1" sc="250,0,250,-77,250,0,240,87" /><INIT seed="1,0,0,4,1,117" ten="250,173,250,327" oya="1" hai0="26,95,61,58,17,63,54,24,39,124,55,25,7" hai1="19,121,80,10,6,44,23,68,3,31,134,106,130" hai2="109,35,59,111,72,76,51,100,47,65,122,28,73" hai3="64,128,127,34,79,92,42,89,45,22,12,20,93"/><U60/><E106/><V53/><F100/><W16/><G34/><T4/><D124/><U40/><E130/><V84/><F28/><W88/><G127/><T91/><D39/><U41/><E134/><V11/><F35/><W67/><G128/><T46/><D17/><U1/><E1/><V33/><F33/><W74/><G79/><T123/><D123/><U62/><E31/><V99/><F99/><W108/><G74/><T105/><D105/><U116/><E116/><V18/><F84/><W38/><G108/><N who="2" m="41545" /><F76/><W107/><G107/><T83/><D83/><U52/><E121/><V27/><F122/><W69/><G69/><T29/><D29/><U21/><E80/><V5/><F18/><W78/><G78/><T32/><D32/><U71/><E23/><V49/><F27/><W126/><G22/><T86/><D46/><U77/><E77/><V110/><N who="2" m="41553" /><V56/><DORA hai="48" /><F65/><W66/><G126/><T94/><D95/><U8/><E8/><V96/><F96/><W114/><G93/><T101/><D101/><U75/><E75/><N who="2" m="28747" /><F51/><W15/><G15/><AGARI ba="0,0" hai="5,11,15,47,49,53,56,59" m="28747,41553" machi="15" ten="40,2600,0" yaku="14,1,52,1" doraHai="117,48" who="2" fromWho="3" sc="250,0,173,0,250,26,327,-26" /><INIT seed="2,0,0,5,4,94" ten="250,173,276,301" oya="2" hai0="120,68,106,58,133,110,74,10,22,102,55,81,100" hai1="26,92,109,4,49,67,134,87,6,32,11,64,97" hai2="5,105,80,35,77,57,82,103,123,75,30,93,59" hai3="21,132,108,118,84,52,88,71,53,7,34,113,3"/><V128/><F123/><W95/><G34/><T129/><D120/><U15/><E109/><V24/><F128/><W14/><G118/><T85/><D110/><U51/><E134/><V46/><F5/><W1/><G71/><T79/><D129/><U126/><E126/><V25/><F105/><W29/><G108/><T56/><D133/><U33/><E33/><V78/><F24/><W18/><G132/><T39/><D68/><U130/><E130/><V17/><F17/><W104/><G104/><T13/><D39/><U16/><E32/><V73/><F46/><W2/><G113/><T72/><D22/><N who="1" m="13639" /><E87/><V119/><F119/><W90/><G29/><T63/><D58/><U38/><E38/><V12/><F12/><W91/><G7/><T28/><D28/><U96/><E4/><V9/><F9/><W54/><AGARI ba="0,0" hai="1,2,3,14,18,21,52,53,54,84,88,90,91,95" machi="54" ten="40,5200,0" yaku="0,1,54,2" doraHai="94" who="3" fromWho="3" sc="250,-13,173,-13,276,-26,301,52" /><INIT seed="3,0,0,1,1,54" ten="237,160,250,353" oya="3" hai0="113,81,90,67,74,8,50,77,121,89,95,6,53" hai1="104,14,27,43,116,52,88,117,108,4,106,127,60" hai2="47,49,58,5,102,85,123,18,87,33,41,131,92" hai3="112,103,114,94,68,59,37,17,79,34,16,11,29"/><W44/><G68/><T98/><D113/><U76/><E76/><V38/><F33/><W101/><G79/><T99/><D121/><U96/><E43/><V66/><F123/><W42/><G34/><T70/><D67/><U100/><E108/><V28/><F28/><W91/><G29/><T0/><D70/><U7/><E106/><V64/><F131/><W72/><G72/><T69/><D69/><U63/><E27/><V126/><F126/><W65/><G103/><T23/><D23/><U21/><E127/><V110/><F5/><W115/><G101/><T124/><D124/><U46/><E4/><V82/><F110/><W105/><G105/><T57/><D90/><U15/><E7/><V118/><F118/><N who="1" m="45673" /><E15/><V35/><F35/><W125/><G125/><T40/><D40/><U93/><E14/><V31/><F31/><W133/><G133/><T45/><D45/><U83/><E83/><V134/><F134/><W22/><G11/><T122/><D122/><U61/><E21/><V62/><F18/><W75/><G75/><T32/><D32/><U51/><E60/><V132/><F132/><W84/><G22/><T20/><D20/><U80/><E80/><V109/><F109/><W10/><G10/><T12/><D12/><U1/><E1/><V36/><F64/><W26/><G26/><T107/><D107/><U135/><E135/><V25/><F25/><W78/><G115/><T86/><AGARI ba="0,0" hai="0,6,8,50,53,57,74,77,81,86,89,95,98,99" machi="86" ten="20,2700,0" yaku="0,1,7,1,52,1" doraHai="54" who="0" fromWho="0" sc="237,27,160,-7,250,-7,353,-13" owari="264,6.4,153,-34.7,243,-15.7,340,44.0" /></mjloggm>