<mjloggm ver="2.3"><GO type="225" lobby="0"/><UN n0="%E5%90%88%E6%B3%95%E3%82%B4%E3%83%AA%E3%83%A9" n1="%E8%81%B7%E6%A5%AD%E3%80%81%E9%A2%A8%32" n2="%72%69%6F%75%63%68%61%6E" n3="%6E%69%63%6B%6C%6F%77" dan="16,16,16,16" rate="2033.31,2144.08,2125.39,2115.72" sx="M,M,M,F"/><TAIKYOKU oya="0"/><INIT seed="0,0,0,5,2,51" ten="250,250,250,250" oya="0" hai0="77,71,41,5,128,1,121,126,132,120,59,76,68" hai1="48,130,13,99,94,63,80,7,84,31,12,83,58" hai2="113,18,116,98,2,93,62,23,10,115,35,43,38" hai3="135,40,47,57,70,0,17,117,127,133,26,96,37"/><T29/><D29/><U4/><E130/><V6/><F116/><W55/><G0/><T97/><D128/><U89/><E48/><V107/><F35/><W19/><G117/><T39/><D1/><U16/><E83/><V131/><F131/><W21/><G70/><T124/><D5/><U15/><E31/><V25/><F107/><W44/><G44/><N who="0" m="23615" /><D97/><U56/><E56/><V78/><F78/><W100/><G17/><T36/><D76/><U8/><E7/><V109/><F109/><W54/><G127/><N who="0" m="48683" /><D77/><N who="1" m="46095" /><E4/><V73/><F73/><W122/><G57/><T27/><D27/><U22/><E8/><V134/><F134/><N who="3" m="51211" /><G122/><N who="0" m="47211" /><D132/><U74/><E74/><V50/><F2/><W95/><AGARI ba="0,0" hai="19,21,26,37,40,47,54,55,95,96,100" m="51211" machi="95" ten="30,4000,0" yaku="20,1,52,2" doraHai="51" who="3" fromWho="3" sc="250,-20,250,-10,250,-10,250,40" /><INIT seed="1,0,0,2,1,121" ten="230,240,240,290" oya="1" hai0="131,124,116,46,19,111,129,128,83,67,113,101,37" hai1="36,55,10,76,33,52,112,91,102,1,98,40,123" hai2="47,18,90,70,119,15,92,118,32,57,43,35,58" hai3="103,7,68,59,88,20,14,64,72,23,108,17,106"/><U65/><E112/><V4/><F70/><W56/><G72/><T85/><D113/><U69/><E123/><V34/><F4/><W53/><G106/><T28/><D28/><U54/><E33/><V41/><F57/><W45/><G103/><T107/><D67/><U133/><E133/><V38/><F41/><W126/><G108/><T6/><D6/><U127/><E127/><V8/><REACH who="2" step="1"/><F58/><REACH who="2" ten="230,240,230,290" step="2"/><W120/><G68/><T61/><D129/><U134/><E69/><V42/><F42/><W50/><G126/><T16/><D124/><U78/><E40/><V31/><F31/><W48/><G120/><T135/><D131/><U25/><E1/><V49/><F49/><W22/><G7/><T75/><D128/><U2/><E2/><V26/><F26/><W3/><G3/><T89/><D46/><U117/><E25/><V74/><F74/><W39/><G59/><T114/><D75/><U84/><E36/><V79/><F79/><W115/><G39/><T82/><D37/><U105/><E78/><V12/><F12/><W125/><G115/><T96/><D114/><U29/><E76/><V44/><F44/><W27/><G27/><T73/><D73/><U122/><E29/><V13/><F13/><W95/><G125/><T94/><D61/><U93/><E122/><V11/><F11/><W77/><G77/><T86/><D19/><U80/><E10/><V130/><F130/><W100/><G64/><T71/><D16/><U5/><E5/><V81/><F81/><W9/><G48/><T87/><D71/><U30/><E30/><V109/><F109/><RYUUKYOKU ba="0,1" sc="230,-10,240,-10,230,30,290,-10" hai2="8,15,18,32,34,35,38,43,47,90,92,118,119" /><INIT seed="2,1,1,0,2,79" ten="220,230,260,280" oya="2" hai0="117,130,92,4,96,133,87,77,9,40,42,17,127" hai1="0,109,118,121,80,26,57,95,45,30,108,123,19" hai2="36,58,34,91,33,114,131,24,39,97,82,66,83" hai3="98,100,119,73,55,10,72,37,18,48,135,47,52"/><V85/><F114/><W20/><G119/><T44/><D117/><U8/><E118/><V94/><F131/><W122/><G122/><N who="1" m="46602" /><E45/><V99/><F99/><W125/><G135/><T56/><D133/><U11/><E57/><V107/><F107/><W101/><G125/><T134/><D134/><U5/><E95/><V68/><F68/><W61/><G101/><T105/><D127/><U116/><E80/><N who="2" m="30763" /><F33/><W21/><G10/><T22/><D105/><U7/><E116/><V84/><F34/><W65/><G21/><T54/><D96/><U15/><E7/><V120/><F36/><W41/><G55/><T35/><D35/><AGARI ba="1,1" hai="0,5,8,11,15,19,26,30,35,108,109" m="46602" machi="35" ten="30,3900,0" yaku="13,1,34,2" doraHai="79" who="1" fromWho="0" sc="220,-42,230,52,260,0,280,0" /><INIT seed="3,0,0,2,5,99" ten="178,282,260,280" oya="3" hai0="125,131,47,122,17,104,106,79,82,66,124,36,105" hai1="49,70,94,55,32,53,97,103,90,56,93,19,18" hai2="1,68,4,113,111,41,37,101,102,119,72,118,21" hai3="8,109,78,25,120,39,83,20,11,35,15,88,45"/><W130/><G120/><T108/><D122/><U132/><E70/><V135/><F113/><W51/><G39/><T75/><D66/><U117/><E32/><V87/><F68/><W60/><G35/><T9/><D108/><U3/><E3/><V74/><F74/><W33/><G33/><T52/><D131/><U16/><E117/><V123/><F123/><W24/><G60/><T59/><D47/><N who="1" m="27839" /><E132/><V46/><F135/><W50/><G50/><T40/><D40/><U61/><E19/><V31/><F111/><W76/><G109/><T63/><REACH who="0" step="1"/><D36/><REACH who="0" ten="168,282,260,280" step="2"/><U133/><E133/><V58/><F119/><W91/><G130/><T12/><AGARI ba="0,1" hai="9,12,17,52,59,63,75,79,82,104,105,106,124,125" machi="12" ten="40,8000,1" yaku="1,1,2,1,0,1,54,1,53,1" doraHai="99" doraHaiUra="13" who="0" fromWho="0" sc="168,90,282,-20,260,-20,280,-40" /><INIT seed="4,0,0,5,3,96" ten="258,262,240,240" oya="0" hai0="87,26,98,71,107,124,41,83,27,104,130,120,25" hai1="44,6,73,72,45,63,84,60,5,19,49,3,82" hai2="111,2,125,108,123,10,128,66,7,80,89,131,9" hai3="102,91,65,50,95,121,97,51,75,34,33,30,12"/><T86/><D120/><U70/><E45/><V132/><F66/><W79/><G121/><T134/><D71/><U127/><E127/><V94/><F123/><W37/><G37/><T17/><D124/><U47/><E47/><V133/><F80/><W68/><G75/><T115/><D41/><U90/><E70/><V135/><F125/><W42/><G79/><T85/><D115/><U36/><E36/><V21/><F21/><W112/><G112/><T77/><D134/><U105/><E105/><V53/><F53/><W106/><G12/><T126/><D126/><U101/><E101/><V100/><F100/><W32/><G42/><T113/><D113/><U20/><E73/><V54/><F54/><W99/><REACH who="3" step="1"/><G30/><REACH who="3" ten="258,262,240,230" step="2"/><T76/><D76/><U61/><E3/><V122/><F122/><W48/><G48/><T109/><D77/><U0/><E0/><V28/><F28/><W58/><G58/><T59/><D59/><U88/><E72/><V114/><F114/><W24/><G24/><T55/><D27/><N who="1" m="14751" /><E90/><V52/><F108/><W43/><G43/><AGARI ba="0,1" hai="5,6,43,44,49,60,61,63,82,84,88" m="14751" machi="43" ten="30,2000,0" yaku="8,1,54,1" doraHai="96" who="1" fromWho="3" sc="258,0,262,30,240,0,230,-20" /><INIT seed="5,0,0,1,5,39" ten="258,292,240,210" oya="1" hai0="28,22,49,48,132,91,87,99,75,124,67,98,32" hai1="129,127,14,40,31,45,2,41,97,37,60,122,112" hai2="53,119,89,66,92,58,4,102,52,51,25,100,88" hai3="50,107,82,78,93,65,12,33,109,72,96,81,135"/><U15/><E122/><V55/><F119/><W34/><G109/><T42/><D75/><U117/><E2/><V21/><F4/><W10/><G135/><T68/><D32/><U125/><E117/><V113/><F113/><W59/><G82/><T115/><D68/><U77/><E112/><V11/><F11/><W20/><G20/><T70/><D70/><U95/><E129/><V62/><F51/><W8/><G107/><T9/><D67/><U134/><E134/><V1/><F1/><W23/><G23/><T120/><D124/><N who="1" m="47691" /><E77/><V104/><F104/><W38/><G38/><T130/><D9/><U79/><E41/><V63/><F63/><W57/><G8/><T114/><D49/><U90/><E31/><N who="2" m="17839" /><F89/><W108/><G108/><T131/><D91/><U74/><E60/><V84/><AGARI ba="0,0" hai="52,53,55,58,62,66,84,88,92,100,102" m="17839" machi="84" ten="30,4000,0" yaku="8,1,54,2" doraHai="39" who="2" fromWho="2" sc="258,-10,292,-20,240,40,210,-10" /><INIT seed="6,0,0,0,0,43" ten="248,272,280,200" oya="2" hai0="74,34,95,22,82,101,109,47,30,38,85,4,65" hai1="119,32,76,120,89,44,107,29,127,116,25,21,100" hai2="35,75,8,90,94,12,16,126,115,72,48,0,132" hai3="19,55,53,51,113,79,87,41,98,111,131,71,99"/><V67/><F35/><W36/><G111/><T56/><D109/><U11/><E127/><V61/><F126/><W135/><G36/><T62/><D34/><U80/><E120/><V70/><F115/><W54/><G71/><T2/><D74/><U93/><E32/><V105/><F105/><W18/><G113/><T114/><D2/><U10/><E100/><V39/><F39/><W20/><G135/><T73/><D73/><U49/><E107/><V6/><F48/><W125/><G131/><T24/><D4/><U91/><E116/><V63/><F63/><W28/><G28/><T7/><D7/><U1/><E1/><V26/><F26/><W122/><G122/><T57/><D57/><U58/><E58/><V3/><F3/><W45/><G125/><T128/><D128/><U9/><E119/><V66/><F66/><W134/><G134/><T92/><D101/><U81/><E76/><V96/><F132/><W121/><G121/><T15/><D15/><U106/><E106/><V124/><F124/><W108/><G108/><T77/><D114/><U110/><E110/><V69/><F69/><W97/><REACH who="3" step="1"/><G20/><AGARI ba="0,0" hai="0,6,8,12,16,20,61,67,70,72,75,90,94,96" machi="20" ten="30,2900,0" yaku="7,1,54,1" doraHai="43" who="2" fromWho="3" sc="248,0,272,0,280,29,200,-29" owari="248,-15.2,272,7.2,309,40.9,171,-32.9" /></mjloggm>