<mjloggm ver="2.3"><GO type="225" lobby="0"/><UN n0="%E5%A4%9C%E5%85%89%E5%A4%A9%E6%A5%BC" n1="%E3%81%92%E3%81%A3%E3%81%A1" n2="%E9%B3%B3%E6%9D%B1%E3%81%AE%E3%81%86%E3%81%95%E3%81%8E%E3%81%95%E3%82%93" n3="%E3%81%AF%E3%82%88%E3%81%8A%E3%81%98%E3%81%95%E3%82%93" dan="16,17,17,17" rate="2164.09,2231.23,2249.09,2177.36" sx="F,M,M,M"/><TAIKYOKU oya="0"/><INIT seed="0,0,0,4,4,48" ten="250,250,250,250" oya="0" hai0="40,84,17,37,65,111,120,125,123,86,26,43,121" hai1="67,51,53,64,79,7,82,28,50,39,101,11,69" hai2="127,2,119,45,97,38,96,21,131,6,4,32,62" hai3="85,34,122,5,15,72,31,132,103,52,113,87,44"/><T100/><D100/><U70/><E39/><V0/><F32/><W68/><G72/><T110/><D125/><U29/><E101/><V49/><F38/><W58/><G113/><T134/><D134/><U36/><E36/><V104/><F127/><W89/><G68/><T102/><D102/><U60/><E67/><V117/><F62/><W33/><G132/><T25/><D65/><U115/><E70/><V118/><F21/><W94/><G122/><T81/><D17/><U61/><E61/><V46/><F131/><W56/><G103/><T55/><D55/><U98/><E98/><N who="2" m="37995" /><F104/><W112/><G112/><T27/><D37/><U80/><E51/><V92/><F92/><W22/><G34/><T133/><D133/><U99/><E99/><V18/><F18/><W83/><G33/><T128/><D128/><U12/><E115/><V109/><F109/><N who="0" m="41482" /><D81/><U54/><E82/><V9/><F49/><N who="3" m="28711" /><G31/><T105/><D105/><U71/><E71/><V23/><F23/><W116/><G116/><T66/><D66/><U30/><REACH who="1" step="1"/><E50/><REACH who="1" ten="250,240,250,250" step="2"/><V106/><F106/><W47/><G47/><N who="2" m="17929" /><F9/><N who="3" m="4527" /><G22/><T8/><D8/><U13/><E13/><V107/><F107/><W57/><G56/><T93/><D93/><U126/><E126/><V74/><F74/><AGARI ba="0,1" hai="7,11,12,28,29,30,53,54,60,64,69,74,79,80" machi="74" ten="40,5200,0" yaku="1,1,52,2,53,0" doraHai="48" doraHaiUra="135" who="1" fromWho="2" sc="250,0,240,62,250,-52,250,0" /><INIT seed="1,0,0,2,5,93" ten="250,302,198,250" oya="1" hai0="22,112,89,60,26,27,12,20,67,91,34,33,135" hai1="113,10,68,45,32,14,118,101,18,61,133,92,17" hai2="130,38,35,114,132,85,83,15,122,74,116,3,108" hai3="87,52,24,115,55,41,42,86,127,40,120,106,129"/><U19/><E113/><V128/><F85/><W125/><G115/><T131/><D112/><U121/><E121/><V53/><F53/><N who="3" m="20555" /><G120/><T1/><D1/><U110/><E118/><V77/><F15/><W100/><G129/><T90/><D131/><U2/><E32/><V117/><F83/><W58/><G58/><N who="0" m="37271" /><D33/><U103/><E2/><V9/><F9/><W94/><G106/><T21/><D34/><U46/><E133/><V126/><F77/><W30/><G100/><T7/><D135/><U84/><E110/><V105/><F117/><W64/><G64/><T109/><D109/><U66/><E103/><V111/><F111/><W79/><G94/><T16/><D7/><U8/><E8/><AGARI ba="0,0" hai="8,12,16,20,21,22,26,27,89,90,91" m="37271" machi="8" ten="30,2000,0" yaku="8,1,54,1" doraHai="93" who="0" fromWho="1" sc="250,20,302,-20,198,0,250,0" /><INIT seed="2,0,0,5,2,115" ten="270,282,198,250" oya="2" hai0="84,129,27,45,62,88,8,93,85,74,51,67,133" hai1="22,112,78,33,124,70,59,21,32,90,42,72,50" hai2="118,29,14,120,58,49,10,11,108,18,128,30,76" hai3="2,69,92,65,96,101,132,98,82,12,134,61,19"/><V86/><F128/><W55/><G2/><T6/><D129/><U105/><E70/><V34/><F120/><W24/><G82/><T7/><D74/><U20/><E105/><V53/><F108/><W126/><G126/><T106/><D106/><U16/><E112/><V100/><F118/><W35/><G55/><T60/><D133/><N who="3" m="51305" /><G98/><T4/><D8/><U110/><E110/><V25/><F100/><W102/><G35/><T95/><D27/><U48/><E78/><V40/><F29/><W37/><G37/><T75/><D75/><U31/><E72/><V127/><F127/><W43/><G43/><T23/><D23/><U79/><E79/><V99/><F40/><W80/><G80/><T47/><D67/><U57/><E124/><V125/><F125/><W109/><G24/><T94/><D47/><U64/><E64/><V107/><F99/><W17/><G17/><T41/><D85/><U71/><E71/><V28/><F28/><W135/><G109/><T54/><D41/><U91/><E31/><V121/><F121/><W89/><N who="3" m="51313" /><W73/><DORA hai="66" /><G73/><T36/><REACH who="0" step="1"/><D36/><REACH who="0" ten="260,282,198,250" step="2"/><U87/><E42/><V9/><REACH who="2" step="1"/><F107/><REACH who="2" ten="260,282,188,250" step="2"/><W1/><G96/><T119/><D119/><U116/><E116/><V39/><F39/><W44/><G102/><T52/><D52/><U130/><E130/><V77/><F77/><W122/><G101/><T131/><D131/><U117/><E117/><V111/><F111/><W97/><G122/><T0/><D0/><U38/><E38/><V15/><F15/><W5/><G1/><T114/><D114/><U113/><E113/><RYUUKYOKU ba="0,2" sc="260,15,282,-15,188,15,250,-15" hai0="4,6,7,45,51,54,60,62,84,88,93,94,95" hai2="9,10,11,14,18,25,30,34,49,53,58,76,86" /><INIT seed="2,1,2,3,4,13" ten="275,267,203,235" oya="2" hai0="23,70,75,41,87,113,5,103,4,126,132,67,79" hai1="61,111,12,64,92,118,76,128,35,110,94,45,99" hai2="37,129,81,36,40,91,84,25,29,69,89,30,68" hai3="120,10,117,53,71,8,26,121,97,52,72,11,32"/><V51/><F129/><W17/><G72/><T9/><D113/><U80/><E128/><V123/><F123/><W134/><G117/><T38/><D87/><U88/><E35/><V133/><F133/><W15/><G71/><T105/><D5/><U102/><E118/><V74/><F74/><W18/><G97/><T115/><D115/><U7/><E45/><V14/><F51/><W28/><G134/><T60/><D23/><U100/><E7/><V27/><F84/><W24/><G52/><T46/><D132/><U42/><E42/><V109/><F14/><N who="3" m="7367" /><G53/><T135/><D135/><U122/><E12/><V16/><F40/><W119/><G119/><T107/><D103/><N who="1" m="60919" /><E61/><V49/><F49/><W58/><G58/><T90/><D90/><U106/><E64/><V124/><F81/><W96/><G96/><T125/><D79/><U31/><E31/><V127/><REACH who="2" step="1"/><F16/><REACH who="2" ten="275,267,193,235" step="2"/><N who="3" m="8311" /><G11/><T50/><D75/><U2/><E122/><V78/><F78/><W83/><G83/><T114/><D50/><U3/><E80/><V130/><F130/><W22/><AGARI ba="1,3" hai="18,22,24,26,28,32,120,121" m="8311,7367" machi="22" ten="30,12000,2" yaku="34,2,52,3,54,1" doraHai="13" who="3" fromWho="3" sc="275,-31,267,-31,193,-61,235,153" /><INIT seed="3,0,0,4,2,2" ten="244,236,132,388" oya="3" hai0="133,131,28,49,18,84,37,88,69,71,22,68,17" hai1="63,124,99,64,134,86,92,90,25,23,108,30,95" hai2="57,39,78,130,40,112,79,38,89,42,82,59,14" hai3="36,27,10,96,19,16,60,66,116,128,127,118,12"/><W121/><G36/><T103/><D37/><U72/><E72/><V100/><F130/><W115/><G115/><T93/><D131/><U62/><E108/><V20/><F112/><W48/><G121/><T3/><D3/><U24/><E124/><V65/><F100/><W105/><G127/><T73/><D73/><U55/><E134/><V132/><F20/><W43/><G128/><T76/><D76/><U74/><E74/><V54/><F14/><W102/><G48/><T123/><D123/><U97/><E25/><V41/><F89/><W81/><G43/><T101/><D133/><U129/><E129/><V47/><F132/><W13/><G27/><N who="0" m="16503" /><D68/><U0/><E0/><V117/><F117/><W7/><G81/><T45/><D69/><U110/><E110/><V61/><F82/><W31/><G19/><N who="0" m="7179" /><D71/><U1/><E1/><V15/><F15/><W67/><G67/><T94/><D94/><N who="1" m="54615" /><E55/><AGARI ba="0,0" hai="45,49,55,84,88,93,101,103" m="7179,16503" machi="55" ten="30,2000,0" yaku="8,1,54,1" doraHai="2" who="0" fromWho="1" sc="244,20,236,-20,132,0,388,0" owari="264,6.4,216,-18.4,132,-36.8,388,48.8" /></mjloggm>