<mjloggm ver="2.3"><GO type="225" lobby="0"/><UN n0="%6D%75%75%6D%75%72%61" n1="%E3%81%86%E3%83%BC%E3%81%B1%E3%83%BC" n2="%EF%BC%81%E3%81%BC%E3%81%9F%E3%82%82%E3%81%A1%EF%BC%81" n3="%E3%83%87%E3%83%A9%E3%82%B3%E3%83%83%E3%82%B3" dan="16,16,17,17" rate="2085.00,2132.79,2187.30,2206.97" sx="F,F,M,M"/><TAIKYOKU oya="0"/><INIT seed="0,0,0,3,0,103" ten="250,250,250,250" oya="0" hai0="2,78,46,15,71,114,75,82,63,41,29,43,27" hai1="93,68,59,42,128,58,44,23,98,21,3,97,50" hai2="39,118,61,28,73,20,16,132,124,60,106,40,91" hai3="110,92,74,38,104,77,102,108,126,8,66,85,30"/><T120/><D114/><U83/><E68/><V11/><F73/><W31/><G38/><T121/><D2/><U130/><E3/><V81/><F106/><W18/><G66/><T72/><D72/><U95/><E83/><V87/><F132/><W9/><G126/><T22/><D15/><U115/><E50/><V14/><F118/><W53/><G53/><T4/><D4/><U119/><E115/><V57/><F124/><W111/><G74/><T134/><D134/><U6/><E6/><V117/><F117/><W10/><G18/><T113/><D113/><U65/><E119/><V89/><F40/><W70/><G70/><T52/><D43/><U56/><E65/><V86/><F39/><W123/><G123/><T80/><D80/><U99/><E44/><V105/><F105/><W64/><G64/><T129/><D129/><N who="1" m="49771" /><E42/><V88/><F57/><W84/><G77/><T35/><D22/><AGARI ba="0,0" hai="21,22,23,56,58,59,93,95,97,98,99" m="49771" machi="22" ten="40,5200,0" yaku="28,2,19,1" doraHai="103" who="1" fromWho="0" sc="250,-52,250,52,250,0,250,0" /><INIT seed="1,0,0,3,3,29" ten="198,302,250,250" oya="1" hai0="23,113,59,44,14,118,134,40,120,27,119,95,69" hai1="115,83,53,20,45,117,1,50,103,25,78,87,135" hai2="79,8,86,48,130,129,13,47,46,112,51,109,82" hai3="85,96,91,100,32,57,92,49,110,22,128,72,11"/><U133/><E115/><V124/><F109/><W9/><G110/><T26/><D113/><U61/><E117/><V31/><F112/><W41/><G72/><T106/><D69/><U93/><E1/><V63/><F124/><W101/><G128/><T121/><D106/><U114/><E114/><V107/><F107/><W131/><G131/><N who="2" m="50185" /><F31/><W54/><G41/><T97/><D134/><N who="1" m="51211" /><E61/><V123/><F123/><N who="0" m="47178" /><D14/><U21/><E25/><N who="0" m="9225" /><D23/><U64/><E64/><V73/><F63/><W18/><G32/><T126/><D59/><U2/><E2/><V125/><F125/><W104/><REACH who="3" step="1"/><G101/><REACH who="3" ten="198,302,250,240" step="2"/><N who="0" m="60607" /><D126/><U36/><E36/><AGARI ba="0,1" hai="36,40,44,118,119" m="60607,9225,47178" machi="36" ten="30,1000,0" yaku="13,1" doraHai="29" who="0" fromWho="1" sc="198,20,302,-10,250,0,240,0" /><INIT seed="2,0,0,3,1,98" ten="218,292,250,240" oya="2" hai0="82,110,129,12,56,3,76,42,57,44,103,72,132" hai1="31,106,107,30,62,14,19,87,10,51,35,91,13" hai2="24,97,85,115,33,79,32,2,125,122,99,63,121" hai3="66,116,113,36,105,100,28,17,34,27,59,18,9"/><V131/><F2/><W5/><G116/><T104/><D3/><U84/><E35/><V8/><F115/><W40/><G113/><T26/><D110/><U101/><E62/><V75/><F75/><W49/><G36/><T29/><D129/><U128/><E128/><V23/><F131/><W71/><G40/><T96/><D12/><U80/><E106/><V54/><F125/><W45/><G45/><T133/><D133/><U6/><E107/><V21/><F8/><W81/><G81/><T50/><REACH who="0" step="1"/><D132/><REACH who="0" ten="208,292,250,240" step="2"/><U73/><E14/><V134/><F134/><W118/><G118/><T48/><D48/><U7/><E51/><V120/><F120/><W108/><G49/><T130/><D130/><U46/><E13/><V78/><F24/><W39/><G108/><T43/><D43/><U4/><E7/><V58/><F63/><N who="3" m="40415" /><G39/><T95/><D95/><U37/><E6/><V61/><F61/><W11/><G5/><T93/><D93/><U16/><E37/><V89/><F122/><W25/><G25/><T119/><D119/><U52/><E4/><V68/><F121/><W92/><G92/><T64/><D64/><U65/><E65/><V126/><F54/><W53/><G9/><T94/><D94/><U38/><E10/><V117/><F117/><W114/><G11/><T60/><D60/><U88/><E38/><V83/><F83/><W77/><G53/><T15/><D15/><U124/><E80/><V90/><F126/><W111/><G111/><T70/><D70/><U127/><E52/><V67/><F68/><W0/><G0/><T41/><D41/><RYUUKYOKU ba="0,1" sc="208,30,292,-10,250,-10,240,-10" hai0="26,29,42,44,50,56,57,72,76,82,96,103,104" /><INIT seed="3,1,1,1,0,32" ten="238,282,240,230" oya="3" hai0="125,131,113,126,55,17,36,80,91,96,106,51,102" hai1="124,76,25,54,48,87,37,134,16,57,13,69,29" hai2="20,58,46,81,93,2,115,33,117,23,114,4,84" hai3="19,31,44,119,66,122,73,68,86,135,100,61,34"/><W28/><G119/><T95/><D36/><U1/><E1/><V103/><F33/><W49/><G122/><T9/><D131/><U30/><E69/><V12/><F117/><W35/><G73/><T112/><D80/><N who="1" m="47495" /><E37/><V21/><F2/><W14/><G135/><T108/><D17/><U78/><E124/><N who="0" m="47721" /><D9/><N who="1" m="6191" /><E134/><V45/><F115/><W56/><G35/><T132/><D108/><U43/><E78/><V116/><F114/><W107/><G34/><T64/><D132/><U67/><E67/><V6/><F6/><W39/><G39/><T111/><D64/><U74/><E74/><V118/><F4/><W5/><G5/><T110/><D110/><U24/><E43/><V22/><F12/><W130/><G130/><T27/><D111/><U53/><E53/><V83/><F118/><W11/><G68/><T60/><D55/><U123/><E123/><V42/><F42/><N who="3" m="24727" /><G86/><T129/><D129/><U120/><E120/><V62/><F84/><W128/><G128/><T105/><D105/><U104/><E104/><V41/><F116/><W77/><G77/><T50/><D113/><U75/><E75/><V38/><F38/><W8/><G8/><T10/><D112/><U0/><E0/><V90/><F41/><W97/><G107/><T109/><D109/><U3/><E3/><V71/><F71/><W121/><G121/><T98/><D10/><U133/><E133/><V94/><F21/><W88/><G100/><T65/><D106/><U52/><E54/><N who="2" m="34135" /><F103/><W7/><G7/><T40/><D40/><U18/><E25/><V63/><F22/><AGARI ba="1,1" hai="18,22,24,29,30,48,52,57" m="6191,47495" machi="22" ten="30,3900,0" yaku="8,1,54,2" doraHai="32" who="1" fromWho="2" sc="238,0,282,52,240,-42,230,0" owari="238,3.8,334,43.4,198,-30.2,230,-17.0" /></mjloggm>