<mjloggm ver="2.3"><GO type="225" lobby="0"/><UN n0="%E8%81%B7%E6%A5%AD%E3%80%81%E9%A2%A8%32" n1="%6D%75%75%6D%75%72%61" n2="%72%69%6F%75%63%68%61%6E" n3="%73%6C%69%63%6B%33%31%39" dan="16,16,17,16" rate="2145.68,2200.77,2206.08,2166.04" sx="M,F,M,M"/><TAIKYOKU oya="0"/><INIT seed="0,0,0,2,0,56" ten="250,250,250,250" oya="0" hai0="62,102,41,12,2,0,40,34,16,76,106,81,121" hai1="124,42,119,103,15,18,39,74,35,128,104,120,27" hai2="123,107,67,9,24,26,36,77,87,46,114,48,86" hai3="135,23,31,115,63,88,134,68,7,116,55,37,122"/><T129/><D121/><U65/><E120/><V21/><F123/><W72/><G122/><RYUUKYOKU type="kaze4" ba="0,0" sc="250,0,250,0,250,0,250,0" /><INIT seed="0,1,0,5,2,133" ten="250,250,250,250" oya="0" hai0="8,32,48,106,31,110,59,55,121,53,36,128,12" hai1="14,56,34,47,86,38,52,15,65,73,58,75,13" hai2="35,131,29,19,134,80,88,50,11,69,85,43,3" hai3="100,60,30,91,23,28,66,0,17,70,39,112,117"/><T68/><D121/><U82/><E34/><V57/><F131/><W130/><G112/><T64/><D106/><U24/><E24/><V78/><F134/><W2/><G117/><T107/><D107/><U62/><E38/><V41/><F69/><W16/><G39/><T90/><D36/><U83/><E47/><V115/><F115/><W37/><G37/><T120/><D120/><U63/><REACH who="1" step="1"/><E83/><REACH who="1" ten="250,240,250,250" step="2"/><V4/><F35/><W108/><G130/><T125/><D128/><U97/><E97/><V84/><F29/><W45/><G45/><T6/><D31/><U20/><E20/><V109/><F109/><W98/><G23/><T102/><D32/><U44/><E44/><V54/><REACH who="2" step="1"/><F19/><REACH who="2" ten="250,240,240,250" step="2"/><W1/><G108/><T51/><D110/><U122/><E122/><V111/><F111/><W33/><G33/><T26/><D68/><U79/><AGARI ba="1,2" hai="13,14,15,52,56,58,62,63,65,73,75,79,82,86" machi="79" ten="30,4000,0" yaku="1,1,0,1,54,1,53,0" doraHai="133" doraHaiUra="129" who="1" fromWho="1" sc="250,-21,240,63,240,-11,250,-11" /><INIT seed="1,0,0,4,5,32" ten="229,303,229,239" oya="1" hai0="112,15,53,73,118,19,4,46,11,59,89,45,117" hai1="25,50,74,9,71,33,30,107,67,93,41,119,91" hai2="37,5,116,43,101,24,63,48,64,21,134,38,36" hai3="113,22,78,10,126,68,110,17,90,58,7,122,131"/><U52/><E119/><V97/><F134/><W72/><G68/><T44/><D112/><U14/><E107/><V95/><F116/><W56/><G113/><T13/><D73/><U54/><E74/><V104/><F5/><W49/><G122/><T6/><D89/><U0/><E0/><V27/><F104/><W81/><G110/><T124/><D124/><U29/><E29/><V76/><F76/><W114/><G114/><T31/><D31/><U84/><E71/><V35/><F35/><W16/><G126/><T102/><D102/><U18/><REACH who="1" step="1"/><E67/><REACH who="1" ten="229,293,229,239" step="2"/><V133/><F133/><W85/><G72/><T65/><D65/><U123/><E123/><V3/><F3/><W129/><G129/><T40/><D117/><U77/><E77/><V23/><F24/><W70/><G70/><T80/><D118/><U103/><E103/><V87/><F27/><W128/><G128/><T82/><D15/><U115/><E115/><V39/><N who="2" m="9216" /><DORA hai="47" /><V51/><F87/><W121/><G131/><T127/><D127/><U20/><E20/><V61/><F64/><W94/><G22/><T86/><D40/><U2/><E2/><V130/><F130/><W8/><G121/><T34/><D34/><U98/><E98/><V1/><F1/><W135/><G135/><T108/><D86/><U69/><E69/><V100/><F101/><W12/><G78/><T132/><D132/><U99/><E99/><V83/><F21/><W66/><G66/><T55/><D13/><U109/><E109/><V125/><F23/><N who="3" m="11655" /><G85/><T92/><D108/><U120/><E120/><V26/><F125/><RYUUKYOKU ba="0,1" sc="229,-10,293,30,229,-10,239,-10" hai1="9,14,18,25,30,33,41,50,52,54,84,91,93" /><INIT seed="1,1,1,5,2,26" ten="219,323,219,229" oya="1" hai0="108,67,133,35,114,14,19,95,17,53,57,87,85" hai1="24,110,16,72,127,68,134,100,96,10,31,106,50" hai2="107,45,118,52,56,8,5,78,120,64,130,128,113" hai3="9,82,1,63,73,119,121,36,135,77,25,74,116"/><U34/><E134/><V103/><F118/><N who="3" m="45099" /><G121/><T49/><D108/><U115/><E115/><V129/><F120/><W51/><G36/><T13/><D114/><U111/><E72/><V65/><F113/><W48/><G135/><T4/><D35/><U132/><E132/><V92/><F107/><W54/><G25/><T122/><D133/><U59/><E68/><V124/><F124/><W46/><G63/><N who="0" m="38383" /><D122/><U104/><E104/><V38/><F78/><W47/><G9/><N who="0" m="4263" /><D95/><U80/><E80/><V18/><F18/><N who="0" m="6666" /><D14/><N who="1" m="7255" /><E127/><V6/><F6/><W102/><G1/><T58/><AGARI ba="1,1" hai="49,53,58,85,87" m="6666,4263,38383" machi="58" ten="30,1100,0" yaku="8,1" doraHai="26" who="0" fromWho="0" sc="219,24,323,-6,219,-4,229,-4" /><INIT seed="2,0,0,4,5,19" ten="243,317,215,225" oya="2" hai0="99,78,23,64,118,72,16,91,114,65,36,18,135" hai1="59,129,50,133,41,39,120,13,9,126,48,122,119" hai2="38,67,55,47,4,73,107,61,82,102,89,7,17" hai3="66,40,81,105,30,128,132,80,53,31,42,71,94"/><V69/><F17/><W52/><G105/><T26/><D36/><U54/><E119/><V29/><F29/><N who="3" m="10763" /><G71/><T123/><D114/><U101/><E126/><V75/><F75/><W76/><G66/><T32/><D123/><N who="1" m="47147" /><E129/><V100/><F107/><W93/><G132/><T90/><D32/><U74/><E133/><V103/><F89/><W110/><G110/><T46/><D118/><U112/><E112/><V92/><F92/><N who="3" m="35435" /><G76/><T0/><D0/><U8/><E74/><V43/><REACH who="2" step="1"/><F55/><REACH who="2" ten="243,317,205,225" step="2"/><N who="3" m="21067" /><G128/><T68/><D72/><U24/><E54/><V21/><F21/><W60/><G60/><T115/><D23/><U45/><E101/><V83/><F83/><AGARI ba="0,1" hai="40,42,80,81,83" m="21067,35435,10763" machi="83" ten="30,7700,0" yaku="28,2,8,1,54,1" doraHai="19" who="3" fromWho="2" sc="243,0,317,0,205,-77,225,87" /><INIT seed="3,0,0,5,3,102" ten="243,317,128,312" oya="3" hai0="33,67,115,96,80,40,87,43,71,56,129,116,99" hai1="105,36,24,12,112,64,66,48,37,104,117,131,108" hai2="8,49,16,25,27,47,4,31,32,11,0,75,74" hai3="91,15,82,52,5,76,45,14,83,84,34,41,123"/><W94/><G34/><T19/><D33/><U6/><E112/><V95/><F95/><W62/><G123/><T79/><D116/><U35/><E117/><V114/><F114/><W60/><G52/><T92/><D129/><U54/><E131/><V109/><F109/><W38/><G83/><T10/><D71/><U119/><E119/><V20/><REACH who="2" step="1"/><F11/><REACH who="2" ten="243,317,118,312" step="2"/><W133/><G133/><T3/><D115/><U22/><E108/><V51/><F51/><W28/><G28/><T18/><D92/><U101/><E48/><V9/><F9/><W46/><G46/><T122/><D10/><U77/><E37/><V113/><F113/><W57/><G5/><T127/><D122/><U44/><E36/><V26/><F26/><W42/><G42/><T2/><D40/><U126/><E44/><V106/><F106/><W72/><G62/><T70/><D43/><U107/><E6/><V1/><F1/><W23/><G23/><T73/><D2/><U111/><E111/><V58/><F58/><W78/><G78/><T65/><D56/><U21/><E77/><V61/><F61/><W29/><G29/><T81/><D3/><U89/><E89/><V124/><F124/><W121/><G121/><T53/><D127/><U110/><E126/><V134/><F134/><W59/><G59/><T85/><D79/><U63/><E110/><V30/><F30/><W120/><G120/><T68/><D73/><U55/><E101/><V69/><F69/><W132/><G132/><T93/><D93/><U128/><E128/><V88/><F88/><W100/><G100/><T39/><D39/><RYUUKYOKU ba="0,1" sc="243,10,317,-30,118,10,312,10" hai0="18,19,53,65,67,68,70,80,81,85,87,96,99" hai2="0,4,8,16,20,25,27,31,32,47,49,74,75" hai3="14,15,38,41,45,57,60,72,76,82,84,91,94" owari="253,-14.7,287,8.7,128,-37.2,332,43.2" /></mjloggm>