<mjloggm ver="2.3"><GO type="225" lobby="0"/><UN n0="%72%61%6B%33" n1="%E8%B6%85%E7%B4%9A%E9%B3%B3%E5%87%B0" n2="%4C%4F%4C%49%54%41" n3="%77%72%77%72%77%72%77%72" dan="16,16,16,16" rate="2066.44,2115.22,2183.10,2209.94" sx="M,M,F,M"/><TAIKYOKU oya="0"/><INIT seed="0,0,0,5,5,53" ten="250,250,250,250" oya="0" hai0="113,31,107,24,132,48,0,68,20,59,2,16,100" hai1="125,65,114,117,40,130,124,12,109,49,37,43,128" hai2="54,133,127,106,108,122,84,129,92,27,50,63,36" hai3="39,61,80,41,102,90,93,78,55,30,104,18,21"/><T1/><D68/><U111/><E12/><V86/><F122/><W99/><G30/><T74/><D113/><U91/><E91/><V9/><F106/><W28/><G28/><T88/><D132/><U62/><E117/><V85/><F36/><W33/><G33/><T116/><D116/><U135/><E135/><V120/><F120/><W81/><G41/><N who="1" m="15946" /><E37/><V14/><F133/><W110/><G110/><N who="1" m="41994" /><E49/><V97/><F129/><N who="1" m="49769" /><E114/><V70/><F27/><W11/><G39/><T95/><D31/><U8/><E8/><V69/><F127/><W126/><G126/><T44/><D88/><U105/><E105/><V32/><F108/><W23/><G11/><T82/><D107/><U3/><E3/><V76/><F32/><W29/><G23/><T71/><D48/><U66/><E66/><V56/><F50/><W57/><G29/><T87/><D1/><U103/><E103/><V17/><REACH who="2" step="1"/><F76/><REACH who="2" ten="250,250,240,250" step="2"/><W15/><REACH who="3" step="1"/><G78/><REACH who="3" ten="250,250,240,240" step="2"/><T19/><D24/><U96/><E96/><AGARI ba="0,2" hai="15,18,21,55,57,61,80,81,90,93,96,99,102,104" machi="96" ten="30,7700,0" yaku="1,1,2,1,7,1,52,1,53,0" doraHai="53" doraHaiUra="64" who="3" fromWho="1" sc="250,0,250,-77,240,0,240,97" /><INIT seed="1,0,0,0,5,108" ten="250,173,240,337" oya="1" hai0="67,97,13,107,33,111,75,99,104,90,34,120,95" hai1="48,64,98,126,92,14,114,102,84,127,10,79,83" hai2="60,124,93,62,56,106,24,131,88,61,115,91,36" hai3="19,5,103,57,96,38,85,26,30,54,113,35,73"/><U4/><E64/><V68/><F106/><W128/><G113/><T7/><D111/><U70/><E70/><V27/><F36/><W22/><G73/><T39/><D75/><U40/><REACH who="1" step="1"/><E114/><REACH who="1" ten="250,163,240,337" step="2"/><V9/><F68/><W116/><G116/><T2/><D67/><U119/><E119/><V89/><F115/><W1/><G128/><T76/><D120/><U58/><E58/><V125/><F131/><W20/><G57/><T25/><D107/><U69/><E69/><V135/><F56/><W112/><G112/><T59/><D104/><U8/><E8/><V21/><F9/><W63/><G38/><T87/><D39/><U47/><AGARI ba="0,1" hai="4,10,14,40,47,48,79,83,84,92,98,102,126,127" machi="47" ten="30,11700,0" yaku="1,1,0,1,25,2,53,0" doraHai="108" doraHaiUra="71" who="1" fromWho="1" sc="250,-39,163,127,240,-39,337,-39" /><INIT seed="1,1,0,2,4,7" ten="211,290,201,298" oya="1" hai0="108,130,11,117,22,36,63,3,66,53,119,28,97" hai1="0,16,96,65,129,82,42,70,77,111,134,12,98" hai2="102,95,74,126,6,41,115,61,113,81,120,13,94" hai3="100,14,75,92,107,124,47,62,40,127,83,56,37"/><U23/><E0/><V128/><F120/><W121/><G121/><T2/><D36/><U68/><E129/><V55/><F126/><N who="3" m="48171" /><G107/><T59/><D130/><U125/><E125/><V122/><F122/><W57/><G14/><T109/><D97/><U48/><E134/><V89/><F128/><W112/><G112/><N who="2" m="43081" /><F41/><W106/><G106/><T103/><D103/><U15/><E111/><V27/><F27/><W30/><G30/><T114/><D114/><U49/><E15/><V116/><F102/><W73/><G83/><T32/><D32/><U20/><E20/><V86/><F74/><N who="3" m="28171" /><G62/><T50/><D3/><U91/><E65/><V105/><F105/><W88/><G100/><T132/><D132/><U135/><E135/><V131/><F131/><W110/><G110/><N who="0" m="42603" /><D28/><U8/><E12/><V29/><F29/><W1/><G1/><T104/><D104/><U87/><E82/><V60/><F116/><W84/><AGARI ba="1,0" hai="37,40,47,56,57,84,88,92" m="28171,48171" machi="84" ten="30,2000,0" yaku="18,1,54,1" doraHai="7" who="3" fromWho="3" sc="211,-6,290,-11,201,-6,298,23" /><INIT seed="2,0,0,2,5,93" ten="205,279,195,321" oya="2" hai0="133,115,105,92,88,89,84,71,110,135,61,83,54" hai1="91,34,122,81,74,25,47,102,132,19,75,113,37" hai2="0,119,111,4,134,97,53,98,86,103,38,108,8" hai3="1,21,22,30,121,126,49,17,40,59,70,90,127"/><V66/><F119/><W69/><G121/><T12/><D12/><U85/><E113/><V128/><F38/><W36/><G1/><T28/><D28/><U16/><E122/><V39/><F39/><W87/><G36/><T41/><D41/><U60/><E132/><N who="0" m="50761" /><D54/><U104/><E60/><V46/><F134/><W23/><G30/><T20/><D20/><U50/><E37/><V77/><F128/><W79/><G79/><T55/><D55/><U57/><E57/><V14/><F66/><W72/><G72/><T13/><D13/><U117/><E117/><V63/><F103/><W118/><G118/><T11/><D11/><U116/><E116/><V82/><F0/><W5/><G5/><T120/><D61/><U67/><E67/><V43/><F43/><W129/><G129/><T27/><D27/><U101/><E34/><V35/><F35/><W10/><G10/><T124/><D71/><U125/><E125/><N who="3" m="47626" /><G17/><T112/><D124/><U26/><E26/><V58/><F46/><N who="3" m="25799" /><G59/><T52/><D120/><U31/><E74/><V78/><F77/><W62/><G62/><T3/><D3/><U114/><E75/><V64/><F64/><W99/><G87/><N who="0" m="50303" /><D52/><N who="1" m="29791" /><E114/><N who="0" m="43561" /><D105/><U123/><E123/><V33/><F33/><W51/><G51/><T7/><D7/><U96/><E104/><V73/><F73/><W15/><G15/><T80/><D110/><AGARI ba="0,0" hai="4,8,14,53,58,63,78,82,86,97,98,108,110,111" machi="110" ten="40,12000,1" yaku="14,1,10,1,52,2" doraHai="93" who="2" fromWho="0" sc="205,-120,279,0,195,120,321,0" /><INIT seed="2,1,0,0,3,92" ten="85,279,315,321" oya="2" hai0="26,128,2,43,71,49,51,120,73,8,132,122,66" hai1="108,88,125,89,90,0,15,68,130,80,104,55,34" hai2="112,103,101,109,93,69,110,96,30,3,121,24,37" hai3="46,100,39,11,42,63,22,23,41,105,123,65,48"/><V62/><F112/><W76/><G123/><T13/><D73/><U32/><E0/><V115/><F115/><W25/><G76/><T78/><D78/><U38/><E38/><V50/><F37/><W21/><G11/><T35/><D2/><U17/><E68/><V98/><F3/><W19/><G105/><T133/><D35/><U113/><E113/><V118/><F118/><W57/><G100/><T94/><D26/><U33/><E104/><N who="2" m="63527" /><F50/><W9/><G9/><T119/><D8/><U135/><E108/><N who="2" m="41579" /><F121/><W81/><G81/><T124/><D119/><U82/><E130/><V59/><F69/><W70/><G41/><T58/><D71/><U16/><E125/><V31/><F24/><W40/><G40/><T74/><D43/><U77/><E135/><V53/><AGARI ba="1,0" hai="30,31,53,59,62,93,98,103" m="41579,63527" machi="53" ten="30,11700,0" yaku="14,1,10,1,52,2" doraHai="92" who="2" fromWho="2" sc="85,-40,279,-40,315,120,321,-40" /><INIT seed="2,2,0,3,4,99" ten="45,239,435,281" oya="2" hai0="65,0,135,38,130,134,51,18,64,8,30,3,57" hai1="5,128,111,10,37,49,98,29,27,106,87,96,24" hai2="79,56,1,80,108,46,17,131,43,63,39,9,102" hai3="14,61,72,83,34,7,71,90,11,126,95,66,16"/><V91/><F131/><W124/><G34/><T19/><D38/><U20/><E37/><V77/><F108/><W70/><G83/><T62/><D51/><U44/><E111/><V109/><F109/><W107/><G107/><T12/><D130/><U53/><E128/><V89/><F79/><W129/><G72/><T104/><D104/><U55/><E87/><V48/><F102/><W120/><G120/><T119/><D119/><U28/><E53/><V97/><F97/><W78/><G78/><T81/><D30/><U82/><E82/><V47/><F17/><W101/><G129/><T54/><D19/><U114/><E106/><V85/><F9/><W100/><G70/><T4/><D81/><U2/><REACH who="1" step="1"/><E114/><REACH who="1" ten="45,229,435,281" step="2"/><V116/><F85/><N who="3" m="52687" /><G7/><T115/><D115/><U36/><E36/><V123/><F39/><W86/><G86/><T75/><D75/><U121/><E121/><V6/><F123/><W117/><G117/><T125/><D125/><AGARI ba="2,1" hai="11,14,16,61,66,71,100,101,124,125,126" m="52687" machi="125" ten="30,7700,0" yaku="18,1,52,2,54,1" doraHai="99" who="3" fromWho="0" sc="45,-83,229,0,435,0,281,93" owari="-38,-53.8,229,-17.1,435,53.5,374,17.4" /></mjloggm>