<mjloggm ver="2.3"><GO type="225" lobby="0"/><UN n0="%72%69%6F%75%63%68%61%6E" n1="%E4%BF%BA%E3%81%A8%E5%A6%96%E5%A4%A2" n2="%E3%81%AA%E3%82%81%E3%81%93%E9%9B%80%E5%A3%AB" n3="%28%EF%BF%A3%E2%96%BD%EF%BF%A3%29%CE%B4%E2%8C%92%E3%83%BB" dan="17,17,16,16" rate="2248.02,2158.03,2066.55,2150.05" sx="M,F,M,M"/><TAIKYOKU oya="0"/><INIT seed="0,0,0,3,3,112" ten="250,250,250,250" oya="0" hai0="58,51,109,60,44,49,87,99,13,101,68,95,67" hai1="94,14,33,4,63,29,6,11,66,85,105,74,57" hai2="55,72,17,7,123,28,9,40,61,132,89,75,31" hai3="106,65,119,24,91,59,82,41,111,120,133,35,84"/><T97/><D109/><U56/><E105/><V36/><F123/><W86/><G106/><T73/><D73/><U121/><E121/><V26/><F132/><W25/><G120/><T93/><D87/><U122/><E122/><V88/><F17/><W102/><G111/><T42/><D13/><U127/><E74/><V38/><F40/><W48/><G102/><T46/><D68/><U114/><E114/><V92/><F89/><W110/><G110/><T1/><D1/><U5/><E127/><V21/><F31/><W116/><G133/><T8/><D8/><U50/><E29/><V79/><F79/><W12/><G12/><T118/><D118/><U18/><E33/><V103/><F103/><W20/><G35/><T64/><D64/><U27/><E94/><V39/><F55/><W117/><G20/><T76/><D76/><U80/><E50/><V129/><F61/><W134/><G134/><T53/><REACH who="0" step="1"/><D99/><REACH who="0" ten="240,250,250,250" step="2"/><U19/><E11/><V34/><F129/><W16/><G86/><T108/><D108/><U128/><E14/><V30/><F9/><W70/><G70/><T62/><D62/><N who="1" m="38215" /><E128/><V126/><F126/><W37/><G65/><T45/><D45/><U115/><E115/><V77/><F77/><W47/><REACH who="3" step="1"/><G16/><REACH who="3" ten="240,250,250,240" step="2"/><T0/><D0/><U113/><E113/><V43/><F72/><W100/><G100/><T104/><AGARI ba="0,2" hai="42,44,46,49,51,53,58,60,67,93,95,97,101,104" machi="104" ten="20,7800,0" yaku="1,1,0,1,7,1,53,1" doraHai="112" doraHaiUra="54" who="0" fromWho="0" sc="240,98,250,-26,250,-26,240,-26" /><INIT seed="0,1,0,0,0,22" ten="338,224,224,214" oya="0" hai0="38,118,4,90,87,54,37,5,97,48,77,36,59" hai1="44,26,41,10,115,39,67,72,130,96,92,76,69" hai2="50,105,86,47,74,49,123,95,111,93,114,60,82" hai3="64,32,127,122,68,35,134,71,8,42,65,103,3"/><T21/><D118/><U51/><E130/><V112/><F105/><W12/><G3/><T125/><D125/><U117/><E117/><V85/><F74/><W75/><G75/><T119/><D119/><U29/><E115/><V102/><F123/><W0/><G0/><T109/><D109/><U55/><E10/><V70/><F111/><W89/><G127/><T128/><D128/><U61/><E72/><V57/><F70/><W2/><G2/><T9/><D9/><U126/><E76/><V28/><F86/><W53/><G71/><T81/><REACH who="0" step="1"/><D21/><REACH who="0" ten="328,224,224,214" step="2"/><U33/><E126/><V7/><F114/><W40/><G8/><T84/><D84/><U43/><REACH who="1" step="1"/><E39/><REACH who="1" ten="328,214,224,214" step="2"/><V80/><F112/><W27/><G122/><T34/><D34/><U30/><E30/><V6/><F28/><W113/><G35/><T63/><D63/><U88/><AGARI ba="1,2" hai="26,29,33,41,43,44,51,55,61,67,69,88,92,96" machi="88" ten="20,8000,1" yaku="1,1,0,1,7,1,52,1,54,1,53,0" doraHai="22" doraHaiUra="78" who="1" fromWho="1" sc="328,-41,214,103,224,-21,214,-21" /><INIT seed="1,0,0,5,3,116" ten="287,317,203,193" oya="1" hai0="127,131,16,98,94,72,43,85,62,37,124,129,21" hai1="20,96,109,76,7,9,2,87,1,49,64,4,97" hai2="57,11,77,47,126,107,39,59,58,114,81,18,23" hai3="134,84,82,33,22,34,128,115,90,32,12,66,110"/><U71/><E71/><V13/><F107/><W48/><G115/><T55/><D72/><U19/><E64/><V69/><F69/><W78/><G134/><T118/><D118/><U99/><E109/><V51/><F126/><N who="0" m="48170" /><D85/><U27/><E49/><V112/><F39/><W6/><G110/><T119/><D119/><U8/><E76/><V63/><F23/><W105/><G105/><T103/><D43/><U92/><REACH who="1" step="1"/><E87/><REACH who="1" ten="287,307,203,193" step="2"/><V38/><F38/><W75/><G66/><T70/><D37/><U104/><E104/><V80/><F77/><W122/><G78/><T53/><D70/><U65/><E65/><V24/><F63/><W42/><G75/><T61/><D62/><U36/><E36/><V45/><F51/><W86/><G84/><T28/><D61/><U17/><E17/><V50/><F50/><W67/><G67/><T30/><D53/><U74/><E74/><V5/><F114/><W108/><G108/><T106/><D55/><U3/><E3/><V44/><F112/><W113/><G113/><T101/><D129/><U31/><E31/><V133/><F133/><W25/><G128/><T135/><D131/><U117/><E117/><V29/><F18/><N who="3" m="12503" /><G48/><T40/><D40/><U35/><E35/><V14/><F29/><N who="0" m="11370" /><D135/><U132/><E132/><V54/><F54/><W95/><G42/><T123/><D106/><U100/><AGARI ba="0,1" hai="1,2,4,7,8,9,19,20,27,92,96,97,99,100" machi="100" ten="20,7800,0" yaku="1,1,0,1,7,1,9,1,53,0" doraHai="116" doraHaiUra="26" who="1" fromWho="1" sc="287,-26,307,88,203,-26,193,-26" /><INIT seed="1,1,0,5,2,108" ten="261,395,177,167" oya="1" hai0="28,41,18,131,54,112,75,97,127,34,16,32,111" hai1="46,55,120,12,48,122,47,35,124,50,24,95,37" hai2="59,67,6,19,23,99,83,74,44,78,9,53,86" hai3="43,129,58,91,5,13,27,109,119,3,106,30,80"/><U90/><E124/><V49/><F99/><W0/><G106/><T8/><D112/><U14/><E37/><V133/><F133/><W116/><G43/><T87/><D75/><U92/><E35/><V2/><F67/><W29/><G58/><T42/><D111/><U65/><E24/><V11/><F11/><N who="3" m="4335" /><G91/><T52/><D131/><U132/><E65/><V36/><F36/><W96/><G96/><T57/><D127/><U89/><REACH who="1" step="1"/><E55/><REACH who="1" ten="261,385,177,167" step="2"/><V20/><F59/><W39/><G39/><T45/><D57/><U61/><E61/><V10/><F74/><W134/><G109/><T64/><D64/><U70/><E70/><V71/><F71/><W73/><G27/><T81/><D32/><U68/><E68/><V51/><F51/><W77/><G129/><T113/><D54/><U66/><E66/><V105/><F105/><W107/><G107/><T128/><D128/><U130/><E130/><V117/><F117/><N who="3" m="45131" /><G134/><AGARI ba="1,1" hai="12,14,46,47,48,50,89,90,92,95,120,122,132,134" machi="134" ten="25,4800,0" yaku="1,1,22,2,53,0" doraHai="108" doraHaiUra="79" who="1" fromWho="3" sc="261,0,385,61,177,0,167,-51" /><INIT seed="1,2,0,5,2,8" ten="261,446,177,116" oya="1" hai0="103,63,37,127,25,83,43,9,72,10,26,98,132" hai1="87,116,121,31,92,30,7,128,42,16,107,55,115" hai2="3,54,70,13,91,49,66,39,93,40,24,47,94" hai3="134,50,89,51,84,124,71,90,44,81,59,88,4"/><U85/><E115/><V120/><F3/><W126/><G71/><T46/><D127/><U2/><E116/><V56/><F120/><W75/><G75/><T131/><D132/><U109/><E121/><V52/><F24/><W21/><G134/><T62/><D131/><U48/><E107/><V123/><F123/><W5/><G126/><T82/><D72/><U67/><E128/><V130/><F130/><W38/><G38/><T28/><D83/><U61/><E42/><V12/><F54/><W1/><G124/><T129/><D129/><U73/><E73/><V76/><F76/><W27/><G1/><T15/><D82/><U110/><E7/><V6/><F6/><N who="3" m="2667" /><G59/><T113/><D113/><U0/><E0/><V117/><F117/><W11/><G11/><T68/><D9/><U122/><E30/><V114/><F114/><W119/><G119/><T34/><D25/><U102/><E31/><V105/><F105/><W96/><G96/><T69/><D68/><U53/><E102/><V20/><F20/><W95/><G95/><N who="2" m="36361" /><F91/><N who="3" m="34891" /><G44/><T18/><D69/><U29/><E2/><V33/><F33/><W64/><G64/><T101/><D101/><U45/><E67/><V97/><F97/><W22/><G22/><T36/><D36/><U108/><E122/><V100/><F100/><W32/><G32/><T60/><D103/><U118/><E118/><V133/><F133/><W58/><G58/><T23/><D98/><U57/><E92/><V41/><F41/><W35/><G35/><T77/><D34/><U125/><E125/><V106/><F106/><W135/><G135/><RYUUKYOKU ba="2,0" sc="261,10,446,-30,177,10,116,10" hai0="10,15,18,23,26,28,37,43,46,60,62,63,77" hai2="12,13,39,40,47,49,52,56,66,70" hai3="21,27,50,51,81,84,90" /><INIT seed="2,3,0,2,4,58" ten="271,416,187,126" oya="2" hai0="91,69,95,27,30,72,132,66,97,71,85,127,63" hai1="3,59,64,17,55,77,8,92,118,74,87,129,51" hai2="67,120,12,26,107,80,43,79,119,37,1,22,31" hai3="126,106,121,35,81,99,105,130,116,103,40,62,82"/><V86/><F119/><W24/><G121/><T46/><D72/><U134/><E118/><V28/><F1/><W50/><G116/><T15/><D127/><U20/><E74/><V109/><F107/><W102/><G126/><T70/><D132/><U123/><E123/><V98/><F120/><W5/><G130/><T94/><D15/><U101/><E134/><V111/><F98/><W57/><G5/><T96/><D46/><U88/><E129/><V133/><F133/><W19/><G40/><T42/><D42/><U124/><E124/><V44/><F12/><W21/><G50/><T60/><D66/><U135/><E77/><V14/><F14/><W128/><G128/><T29/><D29/><U131/><E135/><V25/><REACH who="2" step="1"/><F67/><REACH who="2" ten="271,416,177,126" step="2"/><W56/><G35/><AGARI ba="3,1" hai="22,25,26,28,31,35,37,43,44,79,80,86,109,111" machi="35" ten="40,3900,0" yaku="1,1,2,1,53,0" doraHai="58" doraHaiUra="48" who="2" fromWho="3" sc="271,0,416,0,177,58,126,-48" /><INIT seed="2,4,0,1,4,38" ten="271,416,235,78" oya="2" hai0="15,6,59,95,14,130,12,24,11,18,121,115,106" hai1="73,68,8,118,110,55,69,44,81,33,117,61,35" hai2="133,40,128,94,109,42,120,134,51,28,34,129,105" hai3="104,119,65,13,91,1,67,96,57,101,125,29,21"/><V48/><F120/><W78/><G1/><T127/><D106/><U53/><E8/><V36/><F105/><W123/><G123/><T76/><D121/><U85/><E73/><V66/><F36/><W20/><G119/><T100/><D115/><U114/><E114/><V70/><F109/><W41/><G78/><T131/><D127/><U112/><E112/><V4/><F4/><W50/><G125/><T103/><D76/><U60/><E85/><V87/><F28/><W63/><G67/><T97/><D100/><U3/><E81/><V49/><F34/><W17/><G91/><T102/><D103/><U32/><E3/><V124/><F124/><W116/><G116/><N who="1" m="44650" /><E44/><V79/><F94/><W25/><REACH who="3" step="1"/><G50/><REACH who="3" ten="271,416,235,68" step="2"/><T27/><D131/><N who="2" m="50250" /><F66/><W31/><G31/><T111/><D130/><U77/><E110/><V86/><F70/><N who="1" m="27241" /><E77/><V135/><F79/><W88/><G88/><T9/><D111/><U126/><E126/><V98/><F98/><W5/><G5/><T0/><D0/><U2/><E2/><V16/><F16/><W99/><G99/><T23/><D6/><U37/><E37/><V64/><F64/><W10/><G10/><T56/><D9/><U54/><AGARI ba="4,1" hai="32,33,35,53,54,55,60,61" m="27241,44650" machi="54" ten="50,3200,0" yaku="28,2" doraHai="38" who="1" fromWho="1" sc="271,-12,416,54,235,-20,68,-12" /><INIT seed="3,0,0,4,4,128" ten="259,470,215,56" oya="3" hai0="11,33,63,38,3,49,116,5,94,114,110,113,76" hai1="103,132,84,123,117,21,98,47,2,101,124,112,125" hai2="20,100,72,51,6,39,129,61,26,99,56,57,59" hai3="55,71,106,68,93,133,77,25,58,105,52,54,32"/><W8/><G58/><T67/><D110/><U60/><E123/><V0/><F72/><W9/><G77/><T108/><D108/><U19/><E112/><N who="0" m="43113" /><D33/><U85/><E2/><V14/><F39/><W74/><G74/><T45/><D38/><U75/><E75/><V23/><F0/><W73/><G73/><T122/><D116/><U121/><E121/><V16/><F129/><W15/><G93/><T130/><D122/><U7/><E7/><V36/><F36/><W40/><G40/><N who="0" m="24743" /><D130/><U44/><E60/><V86/><F86/><W35/><G15/><T27/><D27/><U88/><E84/><V10/><F23/><W53/><N who="3" m="13312" /><DORA hai="24" /><W46/><G46/><T90/><D76/><U126/><E117/><V135/><F135/><W12/><G133/><T66/><D63/><U62/><E62/><V81/><F81/><W30/><G35/><T107/><D107/><N who="1" m="63927" /><E103/><V43/><F61/><W131/><G131/><T118/><D118/><U1/><E1/><V34/><F34/><W91/><G91/><T31/><D31/><U65/><E65/><V37/><F37/><W127/><G127/><T109/><D109/><U41/><E41/><V69/><F69/><W22/><G32/><T82/><D82/><N who="1" m="49207" /><E132/><V50/><REACH who="2" step="1"/><F43/><REACH who="2" ten="259,470,205,56" step="2"/><W104/><REACH who="3" step="1"/><G9/><REACH who="3" ten="259,470,205,46" step="2"/><T83/><D83/><U79/><E79/><V70/><F70/><W120/><G120/><T95/><D11/><U87/><E47/><V89/><F89/><W28/><G28/><T4/><D90/><U115/><E44/><V78/><F78/><W134/><G134/><T111/><D3/><U80/><E115/><RYUUKYOKU ba="0,2" sc="259,-15,470,-15,205,15,46,15" hai2="6,10,14,16,20,26,50,51,56,57,59,99,100" hai3="8,12,22,25,30,68,71,104,105,106" /><INIT seed="3,1,2,3,3,97" ten="244,455,220,61" oya="3" hai0="70,112,40,7,91,56,98,1,129,107,73,51,116" hai1="43,53,4,13,96,25,27,65,3,12,54,88,121" hai2="57,93,2,128,30,118,66,86,10,24,81,99,95" hai3="5,19,18,44,47,34,50,14,63,101,64,125,52"/><W132/><G34/><T48/><D116/><U69/><E121/><V71/><F71/><W28/><G28/><T29/><D70/><U26/><E43/><V61/><F128/><W104/><G125/><T33/><D73/><U75/><E75/><V120/><F118/><W46/><G132/><T59/><D129/><U131/><E131/><V38/><F38/><W11/><G104/><T94/><D112/><U45/><E3/><V126/><F120/><W78/><G78/><T119/><D119/><U22/><E22/><N who="2" m="15639" /><F126/><W67/><G101/><T135/><D135/><U110/><E110/><V42/><F42/><W127/><G127/><T123/><D123/><U115/><E45/><V23/><F23/><W72/><G72/><T0/><D107/><U108/><E12/><V124/><F2/><W21/><G19/><T16/><D0/><U68/><E65/><V20/><F20/><W134/><G134/><T8/><D16/><U130/><E96/><V109/><F109/><W62/><G67/><T87/><D98/><U89/><E54/><V41/><F41/><W100/><G100/><T85/><D85/><U122/><E53/><V31/><F124/><W37/><G37/><T103/><D103/><U49/><E89/><N who="2" m="51407" /><F31/><W80/><G80/><T79/><D79/><U105/><E26/><V76/><F76/><W15/><REACH who="3" step="1"/><G63/><REACH who="3" ten="244,455,220,51" step="2"/><T6/><D29/><U90/><E105/><V17/><F95/><W74/><G74/><T92/><D33/><U82/><E122/><V83/><F83/><W39/><G39/><T111/><D6/><U32/><E82/><V77/><F17/><RYUUKYOKU ba="1,3" sc="244,-10,455,-10,220,-10,51,30" hai3="5,11,14,15,18,21,44,46,47,50,52,62,64" /><INIT seed="3,2,3,0,3,78" ten="234,445,210,81" oya="3" hai0="34,47,107,73,38,69,36,3,24,35,130,76,7" hai1="71,11,97,114,87,4,79,42,122,58,96,75,109" hai2="37,121,61,15,81,66,83,33,12,84,2,55,23" hai3="8,49,60,26,9,32,59,127,105,27,18,72,129"/><W77/><G105/><T67/><D107/><U80/><E122/><V82/><F33/><N who="0" m="12298" /><D24/><U1/><E71/><V19/><F37/><W131/><G49/><T111/><D111/><U128/><E109/><V51/><F2/><W104/><G104/><T116/><D116/><U17/><E128/><N who="3" m="49226" /><G127/><T53/><D53/><U91/><E114/><V126/><F126/><W125/><G125/><T20/><D20/><U44/><E17/><V113/><F113/><W40/><G40/><N who="0" m="22919" /><D38/><N who="1" m="21591" /><E58/><N who="2" m="37175" /><F121/><W54/><G32/><T100/><D100/><U57/><E57/><N who="2" m="33023" /><F15/><N who="3" m="7527" /><G9/><N who="0" m="2303" /><D130/><U120/><E120/><V134/><F134/><W106/><G106/><T48/><D48/><U13/><E13/><V63/><F63/><W74/><G74/><T132/><D132/><U99/><E99/><V29/><F29/><W94/><G94/><AGARI ba="2,3" hai="1,4,11,75,79,80,87,91,94,96,97" m="21591" machi="94" ten="30,2000,0" yaku="25,1,52,1" doraHai="78" who="1" fromWho="3" sc="234,0,445,56,210,0,81,-26" owari="234,3.4,501,60.1,210,-19.0,55,-44.5" /></mjloggm>