<mjloggm ver="2.3"><GO type="225" lobby="0"/><UN n0="%E5%8F%AF%E5%85%90%E9%82%A3%E7%94%B1%E5%A4%9A" n1="%E3%83%AD%E3%83%83%E3%83%86%E9%9B%80%E7%90%83" n2="%6D%75%75%6D%75%72%61" n3="%E3%81%86%E3%83%BC%E3%81%B1%E3%83%BC" dan="16,17,16,16" rate="2157.15,2198.57,2164.40,2184.53" sx="F,M,F,F"/><TAIKYOKU oya="0"/><INIT seed="0,0,0,4,3,1" ten="250,250,250,250" oya="0" hai0="63,125,78,85,89,80,101,21,0,37,20,10,99" hai1="53,132,94,56,41,8,118,47,70,66,45,124,81" hai2="35,40,49,68,31,28,98,13,11,126,36,9,17" hai3="51,103,62,116,115,104,54,60,16,100,90,61,19"/><T133/><D133/><U106/><E106/><V46/><F126/><W27/><G115/><T67/><D125/><U65/><E124/><V14/><F68/><W58/><G116/><T72/><D37/><N who="1" m="21679" /><E94/><V83/><F35/><W95/><G104/><T135/><D135/><U120/><E81/><V73/><F98/><W84/><G27/><T113/><D113/><U107/><E8/><V42/><F42/><W5/><G5/><T18/><D72/><U7/><E7/><V108/><F36/><W117/><G117/><T59/><D78/><U74/><E74/><V114/><F108/><W38/><G38/><T44/><D44/><U52/><E107/><V64/><F64/><N who="1" m="24681" /><E132/><V43/><F43/><W102/><AGARI ba="0,0" hai="16,19,51,54,58,60,61,62,84,90,95,100,102,103" machi="102" ten="30,4000,0" yaku="0,1,8,1,54,1" doraHai="1" who="3" fromWho="3" sc="250,-20,250,-10,250,-10,250,40" /><INIT seed="1,0,0,1,4,130" ten="230,240,240,290" oya="1" hai0="77,96,102,9,73,94,0,129,135,74,15,7,49" hai1="12,26,132,67,95,125,69,8,11,10,128,56,116" hai2="42,124,114,133,75,46,63,43,93,71,70,4,61" hai3="31,52,24,126,14,51,38,53,86,41,6,76,81"/><U23/><E116/><V89/><F75/><W5/><G126/><T80/><D129/><U109/><E128/><V27/><F124/><W119/><G119/><T91/><D74/><U16/><E125/><V37/><F114/><W85/><G38/><T78/><D78/><U115/><E115/><V33/><F43/><W110/><G110/><T47/><D0/><U107/><E107/><V65/><F4/><W58/><G41/><T34/><D34/><U122/><E122/><V68/><F133/><W104/><G104/><T84/><D135/><U88/><E69/><V50/><F37/><W106/><G106/><T3/><D3/><U20/><E109/><V66/><F71/><W19/><G53/><T121/><D121/><U117/><E132/><V123/><F123/><W21/><REACH who="3" step="1"/><G85/><REACH who="3" ten="230,240,240,280" step="2"/><T55/><D73/><U36/><E36/><V92/><REACH who="2" step="1"/><F89/><REACH who="2" ten="230,240,230,280" step="2"/><W44/><G44/><N who="0" m="28071" /><D91/><U112/><E112/><V103/><F103/><W2/><G2/><T54/><D54/><U62/><E117/><V83/><F83/><W98/><G98/><T57/><D57/><U17/><E88/><V97/><F97/><W60/><G60/><T127/><D127/><U111/><E111/><V100/><F100/><W39/><G39/><T113/><D113/><U30/><REACH who="1" step="1"/><E95/><REACH who="1" ten="230,230,230,280" step="2"/><V64/><F64/><W25/><G25/><AGARI ba="0,3" hai="8,10,11,12,16,17,20,23,25,26,30,56,62,67" machi="25" ten="30,12000,1" yaku="1,1,2,1,7,1,8,1,54,1,53,0" doraHai="130" doraHaiUra="1" who="1" fromWho="3" sc="230,0,230,150,230,0,280,-120" /><INIT seed="1,1,0,0,4,3" ten="230,380,230,160" oya="1" hai0="63,59,5,35,88,19,41,96,43,112,11,130,25" hai1="87,18,69,34,82,57,67,71,6,111,61,62,119" hai2="65,28,75,50,38,46,99,52,0,47,100,8,39" hai3="84,56,12,113,72,30,95,29,20,15,73,17,127"/><U120/><E34/><V128/><F75/><W131/><G113/><T4/><D112/><U40/><E119/><V27/><F128/><W36/><G36/><T33/><D130/><U23/><E120/><V51/><F65/><W64/><G131/><T105/><D33/><U14/><E111/><V101/><F0/><W26/><G127/><T32/><D32/><U22/><E40/><N who="0" m="15433" /><D35/><U9/><E62/><V79/><F79/><W24/><G73/><T37/><D37/><U106/><E106/><V124/><F124/><W7/><G72/><T117/><D105/><U80/><E23/><V76/><F76/><W98/><G84/><T66/><D117/><U77/><REACH who="1" step="1"/><E82/><REACH who="1" ten="230,370,230,160" step="2"/><V58/><F38/><W121/><G121/><T102/><D11/><U81/><E81/><V116/><F39/><W93/><G30/><T129/><D129/><U85/><E85/><V91/><F116/><W123/><G123/><T2/><D63/><U68/><E68/><V103/><F8/><N who="3" m="4127" /><G29/><T97/><D66/><U126/><E126/><V86/><F99/><W125/><G125/><T83/><D96/><U107/><E107/><V133/><F50/><W134/><G134/><T49/><D83/><U94/><E94/><N who="3" m="35850" /><G98/><T44/><D49/><U10/><E10/><V31/><F133/><W42/><G42/><T89/><D97/><U53/><E53/><V78/><F31/><W1/><G1/><AGARI ba="1,1" hai="1,6,9,14,18,22,57,61,67,69,71,77,80,87" machi="1" ten="30,5800,0" yaku="1,1,7,1,52,1,53,0" doraHai="3" doraHaiUra="92" who="1" fromWho="3" sc="230,0,370,71,230,0,160,-61" /><INIT seed="1,2,0,4,3,69" ten="230,441,230,99" oya="1" hai0="134,125,118,87,7,100,63,12,130,122,115,83,44" hai1="15,20,133,123,41,19,46,60,79,129,117,23,97" hai2="47,92,74,45,33,124,13,64,131,113,40,43,89" hai3="103,105,56,121,27,26,35,55,28,93,85,95,107"/><U42/><E117/><V8/><F33/><W48/><G121/><T34/><D118/><U75/><E123/><V128/><F74/><W66/><G95/><T114/><D122/><U22/><E129/><N who="2" m="49739" /><F64/><W96/><G85/><T38/><D130/><U71/><E133/><V112/><F124/><W3/><G3/><T104/><D134/><U54/><E75/><V65/><F65/><W17/><G66/><T61/><D34/><U6/><E79/><V108/><F108/><W16/><REACH who="3" step="1"/><G27/><REACH who="3" ten="230,441,230,89" step="2"/><T68/><D87/><U84/><E84/><N who="2" m="52263" /><F113/><W111/><G111/><T30/><D115/><U62/><E97/><V18/><F112/><W10/><G10/><T73/><D114/><U58/><E71/><V32/><F32/><W80/><G80/><T106/><D83/><U14/><E62/><V31/><F31/><W70/><G70/><T91/><D30/><U50/><E42/><AGARI ba="2,1" hai="8,13,18,40,42,43,45,47" m="52263,49739" machi="42" ten="30,1000,0" yaku="19,1" doraHai="69" who="2" fromWho="1" sc="230,0,441,-16,230,26,89,0" /><INIT seed="2,0,0,2,2,91" ten="230,425,256,89" oya="2" hai0="123,49,55,60,20,0,3,98,131,12,38,27,45" hai1="36,56,54,37,4,95,40,69,72,46,24,41,96" hai2="58,16,10,118,26,109,84,128,82,5,122,9,114" hai3="81,106,121,44,13,66,53,51,19,23,67,107,50"/><V39/><F114/><W21/><G121/><T33/><D123/><U77/><E69/><V87/><F122/><W129/><G129/><T117/><D131/><U108/><E108/><V70/><F128/><W35/><G35/><T42/><D117/><U105/><E105/><V15/><F70/><W134/><G134/><T115/><D115/><U92/><E4/><V99/><F118/><W97/><G107/><T79/><D33/><U113/><E113/><V110/><F39/><W133/><G133/><T120/><D120/><U104/><E77/><V124/><F124/><W22/><G81/><T85/><D12/><U130/><E72/><V43/><F43/><W17/><G23/><T63/><D98/><U126/><E130/><V34/><F34/><W78/><G78/><T61/><D85/><U83/><E83/><V31/><F31/><W90/><G106/><T68/><D79/><U57/><E126/><V94/><F58/><W132/><G51/><T71/><D71/><U88/><E104/><V101/><F82/><W112/><G112/><T64/><D0/><U8/><E8/><V52/><F52/><W1/><G1/><T7/><D3/><U93/><E57/><V29/><F29/><W32/><G32/><T100/><D38/><U11/><E40/><V116/><F116/><W14/><REACH who="3" step="1"/><G132/><REACH who="3" ten="230,425,256,79" step="2"/><T65/><D20/><U62/><E37/><V18/><F109/><W28/><G28/><T135/><D135/><U111/><E111/><V103/><F110/><W125/><G125/><T25/><D49/><U30/><E11/><V76/><F76/><W102/><G102/><RYUUKYOKU ba="0,1" sc="230,-15,425,15,256,-15,79,15" hai1="24,30,36,41,46,54,56,62,88,92,93,95,96" hai3="13,14,17,19,21,22,44,50,53,66,67,90,97" /><INIT seed="3,1,1,5,2,2" ten="215,440,241,94" oya="3" hai0="44,40,29,88,116,71,72,23,22,36,24,106,48" hai1="101,26,98,49,58,41,53,96,28,86,115,119,37" hai2="45,35,62,112,64,100,135,95,46,92,34,0,118" hai3="105,67,3,69,66,93,7,126,81,60,5,10,6"/><W68/><G105/><T8/><D116/><U110/><E115/><V103/><F118/><W47/><G126/><T134/><D134/><U65/><E119/><V85/><F0/><W131/><G131/><T25/><D72/><U99/><E110/><V74/><F112/><W19/><G81/><T125/><D125/><U51/><E37/><V9/><F74/><W13/><G47/><T76/><D76/><U82/><E65/><V128/><F128/><W78/><G78/><T50/><D71/><U18/><E18/><V56/><F35/><W97/><G67/><T120/><D120/><U42/><E51/><V61/><F34/><W11/><G69/><T79/><D79/><N who="1" m="46431" /><E101/><AGARI ba="1,1" hai="3,5,6,7,10,11,13,19,60,66,68,93,97,101" machi="101" ten="30,11600,0" yaku="7,1,52,3" doraHai="2" who="3" fromWho="1" sc="215,0,440,-119,241,0,94,129" /><INIT seed="3,2,0,1,1,38" ten="215,321,241,223" oya="3" hai0="36,18,123,80,48,75,126,98,125,67,127,7,130" hai1="81,118,51,63,42,4,54,109,133,17,66,115,44" hai2="99,60,72,23,122,84,15,1,65,69,2,58,52" hai3="5,89,114,24,35,93,110,129,30,6,22,46,76"/><W71/><G114/><T106/><D123/><U26/><E115/><V102/><F72/><W119/><G119/><T73/><D36/><U8/><E109/><V104/><F122/><W88/><G71/><T49/><D130/><U77/><E133/><V9/><F23/><W57/><G129/><T0/><D67/><U10/><E118/><V45/><F84/><N who="3" m="52359" /><G35/><T83/><D18/><U53/><E26/><V47/><F1/><W92/><G76/><T121/><D121/><U62/><E17/><V29/><F29/><W61/><G46/><T20/><D20/><U116/><E10/><V12/><F2/><W25/><G25/><T112/><D112/><U96/><E96/><V56/><F12/><W107/><G107/><T37/><D37/><U55/><E66/><V40/><F69/><W128/><G128/><T19/><D19/><U68/><E68/><V78/><F78/><W16/><G30/><T74/><D7/><U117/><E117/><V87/><F45/><W28/><G28/><T34/><D0/><U86/><E116/><V131/><F131/><W120/><G120/><T103/><D34/><U90/><E77/><V124/><F47/><W41/><G110/><T79/><D79/><U97/><E97/><V43/><F87/><N who="3" m="52287" /><G41/><T100/><D100/><U101/><E101/><V11/><F15/><AGARI ba="2,0" hai="4,8,15,42,44,51,53,54,55,62,63,81,86,90" machi="15" ten="40,2600,0" yaku="8,1,52,1" doraHai="38" who="1" fromWho="2" sc="215,0,321,32,241,-32,223,0" owari="215,-18.5,353,45.3,209,-29.1,223,2.3" /></mjloggm>