<mjloggm ver="2.3"><GO type="225" lobby="0"/><UN n0="%E3%83%9D%E3%83%B3%E3%83%9D%E3%82%B3%E5%95%86%E4%BA%8B" n1="%E6%9D%B1%E9%A2%A8%E3%81%AE%E3%81%8D%E3%82%83%E3%81%B7%E3%81%95%E3%82%93" n2="%72%69%6F%75%63%68%61%6E" n3="%E5%8D%A0%E3%81%84%E5%B8%AB%E8%A3%8F%E3%81%AA%E3%81%84%E3%81%97" dan="16,17,16,17" rate="2121.30,2210.46,2217.66,2216.12" sx="M,M,M,M"/><TAIKYOKU oya="0"/><INIT seed="0,0,0,4,3,68" ten="250,250,250,250" oya="0" hai0="74,128,115,101,89,81,90,100,10,107,57,124,33" hai1="5,28,24,94,69,40,132,102,18,110,21,45,93" hai2="88,19,114,63,14,72,82,53,108,106,12,135,127" hai3="121,0,6,84,60,1,79,71,48,41,31,39,29"/><T16/><D115/><U34/><E69/><V27/><F114/><W9/><G121/><T49/><D33/><U51/><E110/><V67/><F106/><W83/><G0/><T111/><D107/><U20/><E132/><V73/><F108/><W130/><G130/><T61/><D111/><U43/><E5/><V58/><F135/><W85/><G85/><N who="0" m="50351" /><D74/><U38/><E102/><N who="0" m="39529" /><D128/><U26/><REACH who="1" step="1"/><E34/><REACH who="1" ten="250,240,250,250" step="2"/><V8/><F127/><W77/><G71/><T129/><D124/><U95/><E95/><V133/><F133/><W131/><G131/><T17/><D129/><U64/><E64/><V37/><F67/><W47/><G79/><T70/><D70/><U22/><E22/><V3/><F8/><W25/><G60/><T92/><D10/><U126/><E126/><V36/><F63/><W54/><REACH who="3" step="1"/><G25/><REACH who="3" ten="250,240,250,240" step="2"/><T55/><D61/><U86/><E86/><AGARI ba="0,2" hai="16,17,49,55,57,86,90,92" m="39529,50351" machi="86" ten="30,2900,0" yaku="8,1,54,1" doraHai="68" who="0" fromWho="1" sc="250,49,240,-29,250,0,240,0" /><INIT seed="0,1,0,4,5,109" ten="299,211,250,240" oya="0" hai0="130,67,26,116,120,123,128,98,76,131,85,73,112" hai1="2,34,99,23,48,118,88,113,108,84,18,69,1" hai2="83,45,100,44,8,40,81,133,92,54,75,10,126" hai3="43,121,111,91,89,82,101,86,135,31,16,15,104"/><T32/><D67/><U55/><E118/><V19/><F126/><W132/><G111/><T49/><D49/><U107/><E69/><V64/><F133/><N who="3" m="51275" /><G121/><T51/><D51/><U119/><E34/><V74/><F64/><W6/><G6/><T12/><D12/><U106/><E119/><V3/><F54/><W39/><G31/><T115/><D116/><U61/><E61/><V47/><F40/><W35/><G35/><T90/><D26/><U60/><E60/><V63/><F63/><W50/><G39/><T94/><D32/><U66/><E66/><V22/><F100/><W21/><G101/><T57/><D57/><U122/><E108/><V114/><F114/><N who="0" m="43562" /><D73/><N who="2" m="27658" /><F3/><W103/><G103/><N who="0" m="60887" /><D76/><U0/><E113/><V79/><F79/><N who="3" m="46431" /><G104/><T36/><D36/><U41/><E122/><V11/><F19/><W7/><G7/><T25/><D25/><U110/><E110/><V27/><F27/><W28/><G28/><T124/><D124/><U93/><E41/><V97/><F22/><W14/><G14/><T59/><D59/><U38/><E38/><V72/><N who="2" m="27666" /><V33/><DORA hai="96" /><F33/><W46/><AGARI ba="1,0" hai="15,16,21,43,46,50,89,91" m="46431,51275" machi="46" ten="30,2000,0" yaku="20,1,54,1" doraHai="109,96" who="3" fromWho="3" sc="299,-11,211,-6,250,-6,240,23" /><INIT seed="1,0,0,3,5,10" ten="288,205,244,263" oya="1" hai0="95,41,21,85,79,118,60,131,127,25,65,107,47" hai1="97,1,117,54,63,31,9,114,16,2,66,69,30" hai2="87,98,29,81,88,13,19,102,52,35,14,135,20" hai3="83,123,57,4,17,129,33,130,122,121,0,109,111"/><U82/><E117/><V51/><F135/><W12/><G57/><T44/><D107/><U125/><E114/><V96/><F35/><W5/><G33/><T18/><D118/><U106/><E125/><V26/><F29/><W90/><G90/><T40/><D131/><N who="3" m="50185" /><G0/><T61/><D127/><U128/><E128/><V36/><F36/><W93/><G83/><T58/><D61/><U43/><E43/><N who="0" m="16457" /><D79/><U71/><E71/><V112/><F112/><W22/><G93/><T115/><D115/><U37/><E37/><V59/><F98/><W28/><G28/><T64/><D65/><U132/><E82/><V11/><F11/><W110/><AGARI ba="0,0" hai="4,5,12,17,22,109,110,111,121,122,123" m="50185" machi="110" ten="50,8000,1" yaku="14,1,19,1,34,2,52,1" doraHai="10" who="3" fromWho="3" sc="288,-20,205,-40,244,-20,263,80" /><INIT seed="2,0,0,3,3,4" ten="268,165,224,343" oya="2" hai0="22,71,59,104,33,46,0,18,49,60,135,89,96" hai1="79,95,111,65,28,131,21,5,78,97,109,51,58" hai2="53,134,87,70,16,98,120,114,55,105,119,17,118" hai3="27,62,81,35,32,132,73,86,128,29,94,26,88"/><V116/><F114/><W36/><G132/><T115/><D33/><U57/><E5/><V117/><F120/><W72/><G128/><T9/><D71/><U99/><E131/><V100/><F134/><W90/><G36/><T124/><D115/><U83/><E65/><V110/><F70/><W40/><G40/><T24/><D135/><U45/><E21/><V20/><F110/><N who="1" m="41993" /><E28/><V10/><N who="2" m="29696" /><DORA hai="31" /><V91/><F10/><W25/><G62/><T11/><D124/><U14/><E14/><V125/><F125/><W6/><G6/><T68/><D0/><U127/><E127/><V103/><F103/><W30/><G25/><T19/><D19/><U84/><E78/><V76/><F76/><W126/><G126/><T122/><D122/><U48/><E48/><V56/><F20/><W61/><G61/><T37/><D37/><U102/><E99/><AGARI ba="0,0" hai="26,27,29,30,32,35,72,73,81,86,88,90,94,99" machi="99" ten="30,8000,1" yaku="7,1,9,1,52,2,54,1" doraHai="4,31" who="3" fromWho="1" sc="268,0,165,-80,224,0,343,80" /><INIT seed="3,0,0,3,0,24" ten="268,85,224,423" oya="3" hai0="123,9,50,90,44,108,91,0,133,47,27,121,18" hai1="76,79,25,112,33,11,124,135,59,16,12,10,128" hai2="6,103,114,29,129,26,111,82,23,85,56,93,51" hai3="113,8,134,68,28,43,1,34,122,64,120,38,15"/><W30/><G113/><T69/><D69/><U67/><E112/><V55/><F111/><W7/><G15/><T48/><D108/><U40/><E135/><V96/><F129/><W70/><G134/><T87/><D133/><U110/><E124/><V102/><F114/><W61/><G68/><T106/><D106/><U116/><E110/><V71/><F71/><W66/><G64/><T118/><D118/><U46/><E128/><V131/><F131/><W127/><G127/><T2/><D27/><U41/><E116/><V94/><F6/><W54/><G54/><T115/><D115/><U88/><E10/><V42/><F42/><W81/><G81/><T101/><D9/><U99/><E40/><V22/><F22/><W78/><G78/><T13/><D13/><U35/><E67/><V107/><F103/><W92/><G92/><T105/><D105/><U109/><E109/><V104/><F104/><W84/><G120/><T75/><D101/><U21/><E59/><V74/><F74/><W5/><G8/><T95/><D95/><U57/><E57/><V126/><F126/><W72/><G66/><T17/><D87/><U80/><E35/><V117/><F117/><W63/><G34/><T52/><D75/><U39/><E33/><V125/><F125/><W130/><G130/><T97/><D97/><U86/><REACH who="1" step="1"/><E99/><REACH who="1" ten="268,75,224,423" step="2"/><V65/><F65/><W89/><G70/><T62/><D123/><U19/><AGARI ba="0,1" hai="11,12,16,19,21,25,39,41,46,76,79,80,86,88" machi="19" ten="20,12000,2" yaku="1,1,2,1,0,1,7,1,54,2,53,0" doraHai="24" doraHaiUra="58" who="1" fromWho="1" sc="268,-30,75,130,224,-30,423,-60" owari="238,3.8,205,-19.5,194,-30.6,363,46.3" /></mjloggm>