<mjloggm ver="2.3"><GO type="225" lobby="0"/><UN n0="%6D%61%74%69%67%75%73%61" n1="%48%61%61%61%6C%61%6E%64" n2="%66%67%67%68%68%64%66" n3="%E3%81%99%E3%81%84%E3%81%BE%E3%81%9B%E3%83%BC%E3%82%93" dan="17,18,16,17" rate="2213.06,2295.81,2079.22,2245.02" sx="M,M,M,M"/><TAIKYOKU oya="0"/><INIT seed="0,0,0,3,0,28" ten="250,250,250,250" oya="0" hai0="134,76,117,30,95,75,6,106,42,81,59,61,16" hai1="70,113,57,54,39,55,91,12,66,14,64,125,43" hai2="133,36,40,46,19,52,25,85,135,32,86,15,73" hai3="88,29,96,38,79,10,115,130,2,124,98,119,9"/><T3/><D117/><U80/><E125/><V103/><F73/><W129/><G119/><T101/><D106/><U87/><E113/><V92/><F103/><W49/><G38/><T65/><D134/><N who="2" m="51210" /><F92/><W35/><G124/><T97/><D42/><U114/><E114/><V23/><F52/><W102/><G115/><T48/><D6/><U74/><E74/><V1/><F1/><W123/><G2/><T89/><D3/><U120/><E54/><V90/><F90/><W60/><G79/><T108/><D108/><U63/><E64/><V50/><F36/><W11/><G88/><T104/><D30/><AGARI ba="0,0" hai="15,19,23,25,30,32,40,46,50,85,86" m="51210" machi="30" ten="30,2000,0" yaku="20,1,52,1" doraHai="28" who="2" fromWho="0" sc="250,-20,250,0,250,20,250,0" /><INIT seed="1,0,0,3,2,50" ten="230,250,270,250" oya="1" hai0="114,103,71,60,118,1,85,83,72,6,47,56,120" hai1="113,75,116,86,54,31,2,130,119,14,46,37,17" hai2="32,110,117,95,132,104,128,22,77,123,43,28,0" hai3="124,51,21,81,16,23,9,101,107,108,36,38,90"/><U30/><E75/><V76/><F43/><W62/><G108/><T79/><D114/><U33/><E113/><V58/><F58/><W106/><G124/><T93/><D118/><U20/><E130/><V35/><F95/><W84/><G62/><T73/><D71/><U105/><E105/><V98/><F98/><W49/><G9/><T74/><D120/><U91/><E2/><V92/><F92/><W112/><G112/><T15/><D1/><U126/><E126/><V135/><F104/><W89/><G101/><T18/><D6/><U111/><E111/><V68/><F68/><W40/><G84/><T8/><D47/><U27/><E31/><V70/><F70/><W19/><REACH who="3" step="1"/><G81/><REACH who="3" ten="230,250,270,240" step="2"/><T48/><D103/><U80/><E116/><V63/><F110/><W96/><G96/><T24/><D60/><U65/><E119/><V94/><F63/><W133/><G133/><T100/><D100/><U69/><E86/><V134/><F135/><W57/><G57/><T52/><REACH who="0" step="1"/><D24/><REACH who="0" ten="220,250,270,240" step="2"/><U88/><E27/><V4/><F134/><W125/><G125/><T41/><D41/><AGARI ba="0,2" hai="16,19,21,23,36,38,40,41,49,51,89,90,106,107" machi="41" ten="25,6400,0" yaku="1,1,22,2,54,1,53,0" doraHai="50" doraHaiUra="34" who="3" fromWho="0" sc="220,-64,250,0,270,0,240,84" /><INIT seed="2,0,0,0,1,89" ten="156,250,270,324" oya="2" hai0="63,113,67,108,116,46,1,100,18,86,74,5,41" hai1="122,96,56,16,105,68,82,21,11,25,13,35,17" hai2="106,37,91,65,27,34,57,7,126,131,118,101,47" hai3="59,85,26,10,119,0,93,62,111,133,134,4,135"/><V71/><F118/><W115/><G119/><T132/><D116/><U2/><E68/><V42/><F131/><W102/><G111/><T79/><D113/><U36/><E36/><V24/><F126/><W45/><G115/><T22/><D132/><U130/><E130/><V29/><F7/><W51/><G26/><T110/><D86/><U76/><E122/><V48/><F24/><W39/><G39/><T117/><D117/><U32/><E2/><V40/><F91/><N who="3" m="53487" /><G102/><T44/><D100/><U83/><E83/><V124/><F124/><W123/><G123/><T54/><D54/><U6/><E6/><V50/><F57/><W20/><G20/><T129/><D129/><U125/><E125/><V49/><F42/><W92/><G92/><T87/><D87/><U104/><E56/><V14/><F14/><W64/><G51/><T88/><D88/><U9/><E9/><V8/><F8/><W77/><G45/><T109/><D79/><AGARI ba="0,0" hai="0,4,10,59,62,64,77,79,133,134,135" m="53487" machi="79" ten="30,2000,0" yaku="20,1,52,1" doraHai="89" who="3" fromWho="0" sc="156,-20,250,0,270,0,324,20" /><INIT seed="3,0,0,1,5,6" ten="136,250,270,344" oya="3" hai0="75,11,121,25,48,62,21,69,23,4,122,50,54" hai1="131,65,35,47,115,101,110,113,112,18,66,2,31" hai2="118,91,128,16,130,78,72,87,94,106,46,14,119" hai3="29,15,89,92,12,13,3,42,26,103,37,58,76"/><W64/><G3/><T17/><D75/><U52/><E110/><V85/><F46/><W45/><G103/><T56/><D69/><U68/><E131/><N who="2" m="50219" /><F106/><W111/><G76/><T109/><D109/><U61/><E2/><V44/><F44/><W20/><G111/><T1/><D122/><U82/><E65/><V41/><F41/><W32/><G32/><T57/><D121/><U134/><E134/><V123/><F72/><W102/><G102/><T55/><REACH who="0" step="1"/><D23/><REACH who="0" ten="126,250,270,344" step="2"/><U84/><E113/><V83/><F123/><W34/><G20/><AGARI ba="0,1" hai="14,16,20,78,83,85,87,91,94,118,119" m="50219" machi="20" ten="30,2000,0" yaku="19,1,54,1" doraHai="6" who="2" fromWho="3" sc="126,0,250,0,270,30,344,-20" owari="126,-37.4,250,-15.0,300,10.0,324,42.4" /></mjloggm>