<mjloggm ver="2.3"><GO type="225" lobby="0"/><UN n0="%E8%83%83%E3%81%A8%E8%85%B8" n1="%E7%99%BD%E9%9B%AA%E4%B9%83%E6%84%9B" n2="%E3%81%BF%E3%81%BF%E3%81%9A" n3="%77%72%77%72%77%72%77%72" dan="17,16,16,16" rate="2253.25,2063.12,2139.88,2132.59" sx="M,F,M,M"/><TAIKYOKU oya="0"/><INIT seed="0,0,0,4,1,61" ten="250,250,250,250" oya="0" hai0="89,67,109,18,59,99,4,76,21,105,49,119,25" hai1="82,77,131,31,84,43,50,19,27,1,72,112,41" hai2="65,56,54,124,62,130,48,55,121,10,104,135,100" hai3="11,16,78,132,2,125,6,45,9,116,60,33,128"/><T66/><D119/><U94/><E131/><V95/><F121/><W87/><G116/><T120/><D120/><U79/><E112/><V34/><F130/><W52/><G128/><T28/><D76/><U42/><E1/><V7/><F124/><W102/><G125/><T13/><D4/><U81/><E94/><V127/><F127/><W133/><G33/><T122/><D122/><U107/><E107/><V90/><F34/><W88/><G102/><T3/><D3/><U58/><E19/><V98/><F135/><N who="3" m="51787" /><G78/><T80/><D109/><U47/><REACH who="1" step="1"/><E58/><REACH who="1" ten="250,240,250,250" step="2"/><V26/><F26/><W71/><G71/><T110/><D105/><U103/><E103/><V0/><REACH who="2" step="1"/><F48/><REACH who="2" ten="250,240,240,250" step="2"/><N who="3" m="28687" /><G60/><T53/><D110/><U69/><E69/><V39/><F39/><W40/><G2/><T118/><D118/><U111/><E111/><V108/><F108/><W57/><G6/><T73/><D49/><U106/><E106/><V51/><F51/><W32/><G32/><AGARI ba="0,2" hai="27,31,32,41,42,43,47,50,72,77,79,81,82,84" machi="32" ten="30,3900,0" yaku="1,1,7,1,53,1" doraHai="61" doraHaiUra="23" who="1" fromWho="3" sc="250,0,240,59,240,0,250,-39" /><INIT seed="1,0,0,2,2,133" ten="250,299,240,211" oya="1" hai0="44,15,81,97,63,113,53,62,122,128,16,24,135" hai1="2,19,71,92,73,22,75,87,88,54,3,12,51" hai2="72,31,42,50,61,25,18,14,41,6,58,80,35" hai3="21,119,5,101,70,28,86,11,68,67,114,132,39"/><U118/><E118/><V30/><F6/><W108/><G114/><T100/><D113/><U46/><REACH who="1" step="1"/><E71/><REACH who="1" ten="250,289,240,211" step="2"/><V13/><F30/><W90/><G68/><T69/><D69/><U52/><E52/><V95/><F42/><W134/><G70/><T124/><D53/><U34/><E34/><V117/><F117/><W47/><G119/><T56/><D135/><U33/><E33/><V76/><F41/><W27/><G134/><T112/><D112/><U59/><E59/><V43/><F43/><W103/><G132/><T7/><D56/><U29/><E29/><V74/><F35/><W23/><G67/><T40/><D40/><U9/><E9/><V85/><F31/><W109/><G39/><T65/><D65/><U36/><E36/><V0/><F58/><W57/><G57/><T107/><D62/><U115/><E115/><V130/><F61/><W45/><G45/><T38/><D63/><U105/><E105/><V102/><F50/><W116/><G47/><T125/><D44/><U60/><E60/><V121/><F121/><W84/><G116/><T32/><D38/><U77/><E77/><V129/><F76/><W82/><G21/><T1/><D122/><U96/><E96/><V93/><F129/><W4/><G11/><N who="0" m="2543" /><D128/><U111/><E111/><N who="3" m="42570" /><G84/><T131/><D131/><U10/><E10/><V104/><F102/><AGARI ba="0,1" hai="4,5,23,27,28,82,86,90,101,102,103" m="42570" machi="102" ten="30,1000,0" yaku="14,1" doraHai="133" who="3" fromWho="2" sc="250,0,289,0,240,-10,211,20" /><INIT seed="2,0,0,5,4,10" ten="250,289,230,231" oya="2" hai0="104,122,97,86,33,29,74,100,64,118,49,44,133" hai1="26,124,25,81,106,11,67,24,130,73,125,108,14" hai2="4,101,3,113,114,61,43,87,23,5,2,123,98" hai3="79,77,17,38,41,63,13,62,39,15,54,111,66"/><V31/><F123/><W91/><G111/><T121/><D74/><U47/><E106/><V128/><F43/><W35/><G35/><T135/><D118/><U89/><E108/><V83/><F128/><W27/><G41/><T20/><D33/><U37/><E67/><V105/><F61/><W78/><G54/><T52/><D64/><U46/><E130/><V32/><F32/><W120/><G120/><T107/><D107/><U76/><E89/><V45/><F45/><W102/><G102/><T57/><D86/><U132/><E132/><N who="0" m="50761" /><D44/><U40/><E47/><V0/><F113/><W12/><G91/><T36/><D36/><U69/><E69/><V70/><F70/><W6/><G6/><T60/><D60/><U88/><E88/><V58/><F58/><W115/><G62/><T51/><D51/><U56/><E56/><V8/><F4/><W50/><G50/><T30/><D30/><U126/><E26/><AGARI ba="0,0" hai="20,26,29,49,52,57,97,100,104,121,122" m="50761" machi="26" ten="30,2000,0" yaku="20,1,54,1" doraHai="10" who="0" fromWho="1" sc="250,20,289,-20,230,0,231,0" /><INIT seed="3,0,0,4,2,75" ten="270,269,230,231" oya="3" hai0="111,44,42,125,20,132,120,55,2,118,116,135,62" hai1="134,109,49,15,80,112,31,28,89,92,70,39,95" hai2="32,88,6,47,128,97,3,36,68,101,63,110,25" hai3="82,74,9,33,60,71,114,64,103,30,126,106,86"/><W96/><G114/><T99/><D2/><U69/><E112/><V87/><F110/><W108/><G108/><T61/><D20/><U66/><E39/><V104/><F128/><W16/><G126/><T129/><D99/><U84/><E109/><V76/><F3/><W34/><G74/><T50/><D111/><U131/><E131/><V93/><F6/><W58/><G58/><T12/><D12/><U21/><E134/><N who="0" m="51241" /><D129/><U90/><E66/><N who="2" m="41055" /><F47/><W24/><G33/><T56/><D120/><U26/><E31/><N who="2" m="19567" /><F36/><W37/><G37/><N who="0" m="21583" /><D125/><U121/><E121/><V57/><F57/><W122/><G122/><T123/><D123/><U46/><E15/><V38/><F38/><W117/><G117/><AGARI ba="0,0" hai="50,55,56,61,62,116,117,118" m="21583,51241" machi="117" ten="30,3900,0" yaku="20,1,34,2" doraHai="75" who="0" fromWho="3" sc="270,39,269,0,230,0,231,-39" owari="309,40.9,269,6.9,230,-17.0,192,-30.8" /></mjloggm>