<mjloggm ver="2.3"><GO type="225" lobby="0"/><UN n0="%E9%B3%B3%E6%9D%B1%E3%81%AE%E3%81%86%E3%81%95%E3%81%8E%E3%81%95%E3%82%93" n1="%E7%AD%89%E3%80%85%E5%8A%9B%E5%8A%87%E5%A0%B4" n2="%E6%A0%B9%E5%85%83%E3%81%8B%E3%82%89%E5%90%B9%E3%81%A3%E9%A3%9B%E3%81%B6" n3="%E9%89%A2%E5%B7%BB%E3%82%AC%E3%83%96" dan="17,16,17,16" rate="2280.09,2130.48,2203.32,2073.93" sx="M,M,F,M"/><TAIKYOKU oya="0"/><INIT seed="0,0,0,2,2,9" ten="250,250,250,250" oya="0" hai0="33,127,11,88,62,19,20,17,80,43,47,115,92" hai1="93,114,75,36,63,72,135,89,128,27,73,116,124" hai2="99,41,3,86,39,29,104,48,6,120,76,87,126" hai3="35,82,52,68,59,34,38,129,122,121,130,70,32"/><T119/><D127/><U97/><E116/><V0/><F120/><N who="3" m="46187" /><G38/><T95/><D115/><U117/><E117/><V65/><F126/><W132/><G82/><T79/><D33/><N who="3" m="8449" /><W96/><DORA hai="37" /><G96/><T15/><D62/><U66/><E124/><V69/><F48/><N who="3" m="31111" /><G132/><T105/><D105/><U58/><E135/><V40/><F99/><W111/><G111/><T85/><D119/><U44/><E114/><V45/><F104/><W1/><G1/><T131/><D131/><AGARI ba="0,0" hai="68,70,129,130,131" m="31111,8449,46187" machi="131" ten="50,6400,0" yaku="19,1,13,1,54,1" doraHai="9,37" who="3" fromWho="0" sc="250,-64,250,0,250,0,250,64" /><INIT seed="1,0,0,0,1,135" ten="186,250,250,314" oya="1" hai0="64,15,112,46,127,35,95,53,63,103,110,48,56" hai1="41,88,77,132,61,80,34,130,118,13,2,108,99" hai2="45,69,124,106,54,104,21,105,84,81,18,1,97" hai3="36,134,20,27,39,113,19,98,129,32,96,70,52"/><U4/><E118/><V66/><F1/><W16/><G113/><T57/><D110/><U128/><E34/><V40/><F54/><W31/><G134/><T94/><D112/><U58/><E132/><V68/><F97/><W115/><G70/><T133/><D133/><U22/><E2/><V109/><F109/><W26/><G115/><T117/><D117/><U10/><E108/><V60/><F69/><W7/><G7/><T0/><D35/><U79/><E41/><V11/><F11/><W24/><G129/><N who="1" m="49770" /><E22/><V51/><F124/><W33/><G26/><T37/><D0/><U25/><E25/><V3/><F3/><W116/><G20/><T23/><D103/><U74/><E79/><V49/><F49/><W8/><G52/><N who="0" m="29719" /><D37/><U72/><E74/><V73/><F73/><W29/><REACH who="3" step="1"/><G116/><REACH who="3" ten="186,250,250,304" step="2"/><T86/><D127/><U6/><E6/><V71/><F68/><W107/><G107/><T55/><D55/><U121/><E4/><V92/><F105/><W75/><G75/><T42/><D42/><U91/><E72/><V76/><F92/><W87/><G87/><T59/><D86/><U122/><E99/><V65/><F65/><W111/><G111/><T43/><D43/><U100/><E58/><N who="0" m="22633" /><D64/><U44/><E61/><V126/><F126/><W47/><G47/><T5/><D5/><U120/><E44/><V67/><F66/><W83/><G83/><T125/><D125/><U131/><E131/><V119/><F119/><W101/><G101/><T85/><D85/><N who="1" m="48271" /><E100/><V28/><F28/><W93/><G93/><T82/><D82/><U50/><E122/><RYUUKYOKU ba="0,1" sc="186,10,250,-30,250,10,304,10" hai0="15,23,53,59,63,94,95" hai2="18,21,40,45,51,60,67,71,76,81,84,104,106" hai3="8,16,19,24,27,29,31,32,33,36,39,96,98" /><INIT seed="2,1,1,2,2,53" ten="196,220,260,314" oya="2" hai0="76,18,43,91,110,121,30,135,87,50,23,125,56" hai1="109,69,64,105,104,3,134,17,15,96,14,73,85" hai2="115,41,47,16,71,26,10,11,42,119,39,36,114" hai3="61,22,34,113,83,51,7,63,27,70,79,68,120"/><V62/><F119/><W20/><G120/><T46/><D135/><U123/><E73/><V66/><F10/><W4/><G34/><T19/><D125/><U25/><E3/><V128/><F128/><W35/><G35/><T12/><D110/><U117/><E117/><V32/><F11/><W40/><G51/><T118/><D121/><U57/><E69/><V126/><F126/><W21/><G40/><T49/><D118/><U130/><E123/><V77/><F77/><W58/><G27/><T9/><D76/><U108/><E134/><V86/><F86/><W80/><G113/><T54/><D30/><U44/><E25/><V29/><F16/><W100/><G100/><T107/><D107/><U24/><E24/><V84/><F84/><W89/><G21/><T78/><D78/><U2/><E2/><V92/><F92/><W37/><G79/><T133/><D133/><U103/><E105/><V65/><F65/><W72/><G37/><T74/><D74/><U101/><E64/><V33/><F33/><W97/><G72/><T102/><D102/><U60/><E103/><V122/><F122/><W93/><G93/><N who="0" m="54527" /><D23/><U94/><E101/><V116/><F116/><W28/><G89/><T38/><D38/><U132/><E104/><V127/><F127/><W90/><G90/><T45/><D18/><U88/><E17/><V75/><REACH who="2" step="1"/><F75/><REACH who="2" ten="196,220,250,314" step="2"/><W48/><G83/><T131/><D131/><U124/><E130/><V8/><F8/><W106/><G80/><T81/><D81/><U98/><E124/><V55/><F55/><W1/><G106/><T31/><D31/><RYUUKYOKU ba="1,2" sc="196,15,220,-15,250,15,314,-15" hai0="9,12,19,43,45,46,49,50,54,56" hai2="26,29,32,36,39,41,42,47,62,66,71,114,115" /><INIT seed="2,2,2,2,3,93" ten="211,205,265,299" oya="2" hai0="80,31,44,126,72,30,104,91,32,40,37,82,81" hai1="107,64,24,8,109,110,2,75,19,51,9,89,47" hai2="120,67,105,36,85,54,66,33,42,106,127,128,122" hai3="39,95,113,65,11,5,63,16,55,119,103,111,134"/><V58/><F33/><W129/><G119/><T132/><D72/><U43/><E75/><V87/><F85/><W118/><G118/><T100/><D132/><U101/><E64/><N who="2" m="24619" /><F87/><W74/><G74/><T57/><D126/><U117/><E117/><V62/><F105/><W84/><G39/><T0/><D0/><U59/><E89/><V46/><F106/><W25/><G55/><T79/><D79/><U123/><E59/><V27/><F27/><W45/><G45/><T131/><D131/><U21/><E123/><N who="2" m="47147" /><F127/><W28/><G129/><AGARI ba="2,2" hai="36,42,46,54,58,62,128,129" m="47147,24619" machi="129" ten="30,2900,0" yaku="34,2" doraHai="93" who="2" fromWho="3" sc="211,0,205,0,265,55,299,-35" /><INIT seed="2,3,0,2,4,24" ten="211,205,320,264" oya="2" hai0="30,120,45,66,103,70,108,48,84,53,62,104,19" hai1="105,122,121,13,97,47,55,119,18,12,111,93,41" hai2="128,72,28,25,51,114,110,74,4,94,31,50,17" hai3="39,57,32,42,49,107,92,135,33,10,6,2,79"/><V123/><F114/><W95/><G107/><T29/><D120/><U117/><E105/><V14/><F123/><N who="1" m="47113" /><E55/><V118/><F118/><W125/><G125/><T87/><D108/><U8/><E13/><V5/><F110/><W65/><G135/><T7/><D7/><N who="2" m="2634" /><F74/><W22/><G79/><T73/><D73/><U21/><E8/><V35/><F25/><W9/><G9/><T86/><REACH who="0" step="1"/><D19/><REACH who="0" ten="201,205,320,264" step="2"/><U36/><E111/><V106/><F17/><W23/><G6/><T40/><D40/><U98/><E98/><AGARI ba="3,1" hai="29,30,45,48,53,62,66,70,84,86,87,98,103,104" machi="98" ten="40,8000,1" yaku="1,1,52,2,53,1" doraHai="24" doraHaiUra="102" who="0" fromWho="1" sc="201,99,205,-89,320,0,264,0" /><INIT seed="3,0,0,5,0,110" ten="300,116,320,264" oya="3" hai0="86,31,76,112,58,22,25,83,61,8,80,92,29" hai1="71,89,33,128,30,51,26,70,46,5,131,27,57" hai2="6,106,118,40,20,105,39,41,54,114,36,101,15" hai3="55,93,53,103,34,102,120,11,113,24,121,87,108"/><W134/><G134/><T122/><D122/><U104/><E104/><V135/><F114/><W66/><G108/><T47/><D112/><U117/><E5/><V28/><F118/><W133/><G133/><T116/><D116/><U10/><E10/><V123/><F123/><W19/><G113/><T88/><D8/><U74/><E74/><V2/><F2/><W38/><G38/><T124/><D124/><U69/><E57/><V67/><F67/><W132/><G66/><N who="0" m="39223" /><D47/><U72/><E72/><V45/><F54/><W49/><G49/><T77/><D29/><U95/><E27/><V42/><F101/><W85/><G93/><T9/><D9/><U56/><E56/><V94/><F94/><W90/><G11/><T65/><D65/><U43/><E117/><V109/><F109/><W44/><G132/><T111/><D111/><U125/><E125/><V1/><F1/><W16/><G44/><T37/><D37/><N who="2" m="14410" /><F45/><W50/><G50/><T78/><AGARI ba="0,0" hai="22,25,31,76,77,78,80,83,86,88,92" m="39223" machi="78" ten="30,2000,0" yaku="8,1,54,1" doraHai="110" who="0" fromWho="0" sc="300,20,116,-5,320,-5,264,-10" owari="320,42.0,111,-38.9,315,11.5,254,-14.6" /></mjloggm>