<mjloggm ver="2.3"><GO type="225" lobby="0"/><UN n0="%E4%BF%BA%E3%81%A8%E5%A6%96%E5%A4%A2" n1="%72%61%6B%33" n2="%E9%80%9F%E6%B0%B4%E5%87%9B%E9%A6%99" n3="%6D%75%75%6D%75%72%61" dan="17,16,16,16" rate="2225.81,2131.41,2144.86,2158.18" sx="F,M,F,F"/><TAIKYOKU oya="0"/><INIT seed="0,0,0,2,5,74" ten="250,250,250,250" oya="0" hai0="30,77,125,103,119,72,45,84,46,38,100,67,124" hai1="0,65,7,19,121,70,66,80,18,135,114,73,29" hai2="91,27,59,132,101,69,89,105,76,10,23,117,123" hai3="88,33,47,127,92,108,21,109,62,85,37,94,28"/><T102/><D119/><U58/><E121/><V107/><F69/><W75/><G75/><T61/><D72/><U93/><E70/><V16/><F123/><W81/><G33/><T12/><D30/><U32/><E135/><V134/><F117/><W60/><G127/><N who="0" m="48715" /><D12/><U44/><E114/><V64/><F10/><W129/><G129/><T95/><D38/><U48/><E93/><N who="3" m="35946" /><G28/><T53/><D53/><U106/><E106/><V97/><F105/><W6/><G6/><T26/><D26/><U52/><E7/><V110/><F110/><N who="3" m="42603" /><G21/><T116/><D116/><U34/><E0/><V71/><F71/><W83/><G83/><N who="0" m="47215" /><D95/><U120/><E120/><V133/><F23/><W22/><G22/><T15/><D15/><U78/><E32/><V11/><F27/><W4/><G4/><T79/><D79/><U20/><E66/><V113/><F76/><W126/><G126/><T3/><D3/><U111/><E111/><V130/><F130/><W56/><G56/><AGARI ba="0,0" hai="45,46,56,61,67,100,102,103" m="47215,48715" machi="56" ten="30,2900,0" yaku="18,1,52,1" doraHai="74" who="0" fromWho="3" sc="250,29,250,0,250,0,250,-29" /><INIT seed="0,1,0,0,3,44" ten="279,250,250,221" oya="0" hai0="77,15,55,123,64,70,9,68,40,58,73,49,59" hai1="90,121,26,8,65,89,3,80,122,52,83,46,128" hai2="97,115,82,88,61,43,127,5,60,135,117,92,12" hai3="56,10,107,101,50,7,133,1,38,0,134,102,19"/><T100/><D123/><U24/><E65/><V119/><F115/><W27/><G38/><T74/><D100/><U71/><E71/><V124/><F43/><W87/><G1/><T108/><D108/><U72/><E128/><V99/><F5/><W54/><G87/><T118/><D118/><N who="2" m="45066" /><F12/><W78/><G78/><T81/><D73/><U111/><E111/><V79/><F60/><W33/><G19/><T17/><REACH who="0" step="1"/><D40/><REACH who="0" ten="269,250,250,221" step="2"/><U75/><E75/><N who="2" m="43391" /><F135/><N who="3" m="51723" /><G107/><T131/><D131/><U106/><E106/><V13/><F127/><W51/><G102/><T84/><D84/><U16/><E72/><V112/><F124/><W103/><G103/><T21/><D21/><U36/><E122/><V110/><F112/><W25/><G101/><T57/><D57/><U104/><E104/><V76/><F110/><W125/><G125/><T96/><D96/><U35/><E121/><V129/><F99/><W53/><G33/><T28/><D28/><U113/><E113/><V22/><F129/><W14/><G0/><T105/><D105/><U66/><E3/><V42/><F42/><W4/><G4/><T130/><D130/><U62/><E35/><V30/><F30/><W114/><G114/><T86/><D86/><U2/><E2/><V48/><F97/><W31/><G31/><T41/><D41/><U69/><E36/><V6/><F22/><W47/><AGARI ba="1,1" hai="7,10,14,25,27,47,50,51,53,54,56" m="51723" machi="47" ten="30,4000,0" yaku="20,1,52,2" doraHai="44" who="3" fromWho="3" sc="269,-21,250,-11,250,-11,221,53" /><INIT seed="1,0,0,2,3,134" ten="248,239,239,274" oya="1" hai0="13,103,74,85,3,91,90,10,84,130,131,76,7" hai1="80,59,42,2,133,56,108,47,111,116,107,128,45" hai2="37,78,122,8,70,14,54,95,48,32,62,39,87" hai3="124,106,105,83,127,33,51,24,1,44,16,69,132"/><U52/><E107/><V18/><F32/><W49/><G132/><T89/><D103/><U98/><E133/><V88/><F122/><W67/><G1/><T65/><D65/><U20/><E2/><V6/><F62/><N who="3" m="40183" /><G83/><N who="0" m="45463" /><D3/><U104/><E116/><V50/><F70/><W77/><G77/><T129/><AGARI ba="0,0" hai="7,10,13,84,85,89,90,91,129,130,131" m="45463" machi="129" ten="40,1500,0" yaku="19,1" doraHai="134" who="0" fromWho="0" sc="248,15,239,-7,239,-4,274,-4" /><INIT seed="2,0,0,4,1,98" ten="263,232,235,270" oya="2" hai0="26,13,9,2,19,38,74,8,95,72,18,73,79" hai1="101,23,102,119,132,70,46,22,88,60,39,66,64" hai2="35,76,25,107,53,99,90,0,115,108,32,123,68" hai3="24,106,93,11,27,91,130,82,7,89,12,10,41"/><V5/><F115/><W122/><G122/><T61/><D38/><U33/><E33/><V94/><F123/><W52/><G106/><T84/><D2/><U30/><E119/><V15/><F68/><W69/><G69/><T109/><D109/><U111/><E111/><V21/><F108/><W105/><G105/><T96/><D61/><U16/><E132/><V125/><F125/><W100/><G41/><T117/><D117/><U34/><E34/><V103/><F76/><W29/><G130/><T51/><D51/><U55/><E66/><V56/><F0/><W59/><G10/><T127/><D26/><N who="3" m="9769" /><G82/><T71/><D71/><U1/><E1/><V135/><F135/><W78/><G78/><T65/><D65/><U50/><E30/><V14/><F5/><W134/><G29/><T48/><D72/><U31/><E31/><V40/><F40/><W67/><G67/><T87/><D73/><U77/><E77/><V44/><F44/><W63/><G134/><T28/><D28/><U47/><E23/><V116/><F116/><W85/><G85/><T120/><D120/><U86/><E46/><V128/><F128/><W45/><G45/><T118/><D118/><U17/><E39/><V110/><F110/><W133/><G133/><T49/><D74/><U129/><E129/><V121/><F121/><W80/><G80/><N who="0" m="47135" /><D87/><U3/><E3/><V75/><F75/><W42/><G42/><T37/><D37/><U92/><E17/><N who="2" m="12463" /><F32/><W114/><G114/><T4/><D19/><U83/><E83/><V126/><F35/><W81/><G81/><T97/><D18/><RYUUKYOKU ba="0,0" sc="263,-15,232,15,235,-15,270,15" hai1="16,22,47,50,55,60,64,70,86,88,92,101,102" hai3="7,11,12,52,59,63,89,91,93,100" /><INIT seed="3,1,0,2,3,78" ten="248,247,220,285" oya="3" hai0="133,23,119,24,89,27,118,40,15,107,5,67,22" hai1="106,82,102,132,9,52,26,32,1,113,109,29,20" hai2="45,25,93,49,127,66,126,72,58,2,73,53,77" hai3="35,95,63,85,31,37,79,87,55,38,86,64,57"/><W10/><G35/><T71/><D107/><U8/><E113/><V125/><F2/><W90/><G31/><N who="0" m="17815" /><D40/><U91/><E109/><V50/><F77/><W75/><G10/><N who="0" m="4559" /><D67/><U92/><E132/><V117/><F117/><W14/><G14/><T4/><D71/><U83/><E32/><V129/><F129/><W33/><G33/><T122/><D89/><U44/><E106/><V39/><F39/><W60/><G75/><T68/><D68/><U100/><E1/><V42/><F66/><W124/><G124/><T0/><D122/><U48/><E8/><V12/><F25/><W121/><G121/><T101/><D101/><N who="1" m="39019" /><E9/><V43/><F12/><W115/><G115/><T131/><D133/><U88/><E88/><V54/><REACH who="2" step="1"/><F93/><REACH who="2" ten="248,247,210,285" step="2"/><W16/><G38/><T114/><D131/><U104/><E104/><V21/><F21/><W70/><G37/><T65/><D65/><U7/><E7/><V111/><F111/><W120/><G120/><T97/><D4/><U112/><E112/><V62/><F62/><W61/><G63/><T99/><D0/><U74/><E74/><AGARI ba="1,1" hai="42,43,45,49,50,53,54,58,72,73,74,125,126,127" machi="74" ten="50,3200,0" yaku="1,1,18,1,53,0" doraHai="78" doraHaiUra="11" who="2" fromWho="1" sc="248,0,247,-35,210,45,285,0" /><INIT seed="4,0,0,1,5,41" ten="248,212,255,285" oya="0" hai0="88,82,81,43,36,42,17,23,27,54,97,4,111" hai1="134,52,39,131,124,132,57,59,122,62,102,63,78" hai2="116,15,16,104,112,5,26,45,96,65,71,24,98" hai3="67,115,113,64,107,83,10,130,31,37,32,90,76"/><T128/><D128/><U75/><E102/><V106/><F112/><W129/><G107/><T33/><D111/><U84/><E75/><V3/><F71/><W38/><G90/><T95/><D33/><U34/><E34/><V49/><F65/><N who="3" m="25163" /><G10/><T46/><D42/><U68/><E78/><V101/><F3/><W123/><G123/><T48/><D4/><U74/><E74/><V108/><F5/><W47/><G31/><T72/><D72/><U51/><E84/><V89/><F116/><W94/><G94/><T100/><D100/><U127/><E122/><V79/><F79/><W11/><G11/><T120/><D120/><U77/><E77/><V56/><F56/><AGARI ba="0,0" hai="17,23,27,36,43,46,48,54,56,81,82,88,95,97" machi="56" ten="30,5800,0" yaku="7,1,52,1,54,1" doraHai="41" who="0" fromWho="2" sc="248,58,212,0,255,-58,285,0" owari="306,40.6,212,-18.8,197,-30.3,285,8.5" /></mjloggm>