<mjloggm ver="2.3"><GO type="225" lobby="0"/><UN n0="%E6%97%A5%E6%9B%9C%E6%97%A5%E3%82%88%E3%82%8A%E3%81%AE%E4%BD%BF%E8%80%85" n1="%E9%B3%B3%E6%9D%B1%E3%81%AE%E3%81%86%E3%81%95%E3%81%8E%E3%81%95%E3%82%93" n2="%E3%81%8B%E3%82%8F%E3%81%A1%E3%82%83%E3%82%93%35%38" n3="%E3%83%97%E3%83%AC%E3%83%B4%E3%82%A1%E3%83%86%E3%82%A3" dan="17,17,16,16" rate="2114.76,2196.21,2181.69,2111.58" sx="M,M,M,F"/><TAIKYOKU oya="0"/><INIT seed="0,0,0,0,0,125" ten="250,250,250,250" oya="0" hai0="104,108,115,3,51,84,71,25,111,89,46,22,33" hai1="103,124,85,116,1,12,24,135,8,69,43,26,14" hai2="80,72,45,32,102,75,119,120,28,20,9,18,29" hai3="128,93,99,105,15,13,82,123,131,52,16,7,76"/><T62/><D104/><U27/><E116/><V58/><F32/><W6/><G105/><T41/><D3/><U47/><E124/><V42/><F120/><W2/><G123/><T73/><D73/><U35/><E69/><V48/><F75/><W68/><G68/><T66/><D33/><U134/><E103/><V54/><F119/><W17/><G2/><T133/><D115/><U61/><E61/><V132/><F132/><N who="1" m="50729" /><E85/><V127/><F127/><W56/><G82/><T107/><D107/><U65/><E65/><V90/><F9/><N who="3" m="6191" /><G76/><T110/><D133/><U97/><E97/><V86/><F102/><N who="3" m="60783" /><G17/><N who="0" m="12495" /><D84/><U11/><E35/><V121/><F121/><W60/><G15/><N who="1" m="5674" /><E1/><V0/><F0/><W36/><G36/><AGARI ba="0,0" hai="8,11,24,26,27,36,43,47" m="5674,50729" machi="36" ten="30,1000,0" yaku="20,1" doraHai="125" who="1" fromWho="3" sc="250,0,250,10,250,0,250,-10" /><INIT seed="1,0,0,4,4,113" ten="250,260,250,240" oya="1" hai0="118,104,35,17,6,27,103,125,30,134,124,133,132" hai1="97,45,20,119,61,129,130,37,62,51,78,57,40" hai2="5,53,42,50,71,79,135,63,29,81,55,100,19" hai3="108,101,110,34,86,83,93,3,127,106,44,46,15"/><U98/><E78/><V49/><F135/><W16/><G34/><T131/><D6/><U47/><E20/><V109/><F109/><N who="3" m="42091" /><G3/><T112/><D112/><U66/><E62/><V41/><F100/><W96/><G106/><T64/><D64/><U7/><E7/><V121/><F121/><W52/><G127/><N who="0" m="48715" /><D17/><U117/><E97/><V31/><F5/><W82/><G46/><T9/><D9/><U114/><E98/><V33/><F33/><W90/><G82/><T25/><D25/><U94/><E94/><V18/><F71/><W99/><G93/><T14/><D14/><U91/><E91/><V89/><F63/><W73/><G73/><T126/><D126/><U43/><E114/><V26/><F89/><W65/><G65/><T76/><D76/><U107/><E107/><V2/><F2/><W88/><G90/><T12/><D12/><U128/><AGARI ba="0,0" hai="37,40,43,45,47,51,57,61,66,117,119,128,129,130" machi="128" ten="30,18000,2" yaku="0,1,19,1,34,3,52,2" doraHai="113" who="1" fromWho="1" sc="250,-60,260,180,250,-60,240,-60" /><INIT seed="1,1,0,5,2,101" ten="190,440,190,180" oya="1" hai0="46,42,112,74,60,49,131,13,128,0,116,87,77" hai1="27,79,99,91,22,103,69,3,85,59,41,58,108" hai2="96,97,67,9,82,16,38,124,132,75,110,53,113" hai3="48,92,45,94,76,93,88,55,102,117,26,4,115"/><U24/><E69/><V64/><F38/><W65/><G115/><T68/><D112/><U71/><E71/><V6/><F113/><W2/><G117/><T89/><D0/><U30/><E3/><V50/><F110/><W134/><G65/><N who="2" m="25161" /><F75/><W72/><G134/><T29/><D116/><U54/><E108/><V20/><F124/><W36/><G36/><T31/><D68/><U84/><E41/><V119/><F119/><W21/><G102/><T80/><D60/><U10/><E79/><V1/><F1/><W47/><G47/><T63/><D63/><U100/><E10/><V109/><F109/><W8/><G76/><T62/><D62/><U95/><E100/><V19/><F132/><W78/><G78/><T25/><D13/><U17/><E54/><V130/><F130/><N who="0" m="49706" /><D25/><U135/><E84/><V126/><F126/><W34/><G34/><T98/><D98/><U86/><E85/><V104/><F104/><W73/><G72/><T61/><D61/><U133/><E135/><V129/><F129/><W11/><G73/><T120/><D120/><U18/><E133/><V122/><F122/><W15/><G2/><T114/><D114/><U28/><E86/><V57/><F97/><N who="3" m="57479" /><G8/><T127/><D127/><U51/><E103/><V106/><F96/><W7/><G7/><T35/><D35/><U5/><E5/><V32/><F32/><W43/><G43/><T39/><D39/><U66/><E66/><V40/><F40/><W121/><G121/><T123/><D123/><U12/><E99/><V23/><F6/><W52/><G55/><T118/><D118/><RYUUKYOKU ba="1,0" sc="190,15,440,-15,190,-15,180,15" hai0="29,31,42,46,49,74,77,80,87,89" hai3="4,11,15,21,26,45,48,52,93,94" /><INIT seed="2,2,0,3,4,111" ten="205,425,175,195" oya="2" hai0="7,47,125,45,107,43,123,12,77,0,39,29,46" hai1="108,118,37,64,98,73,79,44,58,116,124,61,84" hai2="86,33,69,100,71,63,41,119,1,82,76,13,70" hai3="109,19,126,129,50,112,31,96,105,10,103,21,81"/><V25/><F1/><W87/><G109/><T80/><D123/><U42/><E108/><V91/><F119/><W128/><G126/><T102/><D12/><U52/><E84/><V27/><F100/><W72/><G72/><N who="0" m="43047" /><D29/><U32/><E32/><V30/><F41/><W134/><G134/><T88/><D88/><U22/><E124/><V113/><F113/><W5/><G31/><T120/><D120/><U59/><E98/><V135/><F135/><W34/><G34/><T94/><D94/><U104/><E104/><V36/><F36/><W3/><G50/><T53/><D53/><U90/><E90/><V60/><F25/><W110/><G110/><T68/><D68/><N who="1" m="41999" /><E22/><V48/><F48/><W132/><G132/><T4/><D4/><U92/><E92/><V95/><REACH who="2" step="1"/><F13/><REACH who="2" ten="205,425,165,195" step="2"/><W115/><G112/><T16/><D125/><U93/><E118/><V65/><F65/><W49/><G115/><T131/><D102/><U54/><E116/><V85/><AGARI ba="2,1" hai="27,30,33,60,63,69,70,71,76,82,85,86,91,95" machi="85" ten="30,3000,0" yaku="1,1,0,1,53,0" doraHai="111" doraHaiUra="51" who="2" fromWho="2" sc="205,-12,425,-12,165,46,195,-12" /><INIT seed="2,3,0,2,0,40" ten="193,413,211,183" oya="2" hai0="121,60,118,8,71,117,21,25,107,113,129,22,130" hai1="83,58,93,84,36,77,105,31,114,51,35,9,30" hai2="54,38,32,94,122,102,92,79,44,76,47,28,33" hai3="91,17,14,34,74,7,37,56,23,97,18,133,73"/><V126/><F122/><W128/><G34/><T104/><D8/><U4/><E105/><N who="0" m="40521" /><D113/><U103/><E36/><V81/><F38/><W90/><G37/><T112/><D112/><U59/><E114/><V10/><F28/><W24/><G7/><T42/><D42/><U132/><E132/><V63/><F10/><W61/><G133/><T39/><D39/><U78/><E78/><N who="2" m="29739" /><F81/><W123/><G123/><T1/><D1/><U66/><E35/><V0/><F0/><W106/><G128/><N who="0" m="49259" /><D121/><U6/><E6/><V45/><F32/><W15/><G24/><T49/><D49/><U69/><E69/><V65/><F33/><W50/><G50/><T64/><D25/><U5/><E9/><V80/><F80/><W101/><G73/><T89/><D89/><U127/><E4/><V41/><F41/><W116/><G74/><T52/><D52/><U48/><E30/><V68/><F126/><W29/><G29/><T95/><D95/><N who="2" m="36394" /><F102/><W13/><G13/><T2/><D2/><U20/><E127/><V3/><F3/><W86/><G91/><T115/><D115/><U88/><E103/><V72/><F72/><W96/><G15/><T87/><D87/><U53/><E5/><V62/><F54/><N who="3" m="33943" /><G18/><T67/><D67/><U27/><E66/><V16/><F16/><W99/><G101/><T85/><D85/><N who="1" m="52367" /><E58/><N who="2" m="37079" /><F63/><AGARI ba="3,0" hai="20,27,31,48,51,53,59,63,77,83,84" m="52367" machi="63" ten="30,2000,0" yaku="8,1,54,1" doraHai="40" who="1" fromWho="2" sc="193,0,413,29,211,-29,183,0" /><INIT seed="3,0,0,1,1,62" ten="193,442,182,183" oya="3" hai0="25,72,24,65,110,97,92,47,26,127,118,31,125" hai1="131,2,126,113,121,51,59,130,34,9,40,27,49" hai2="35,17,32,73,76,94,0,74,83,69,119,116,56" hai3="10,66,57,78,44,100,114,41,96,106,14,13,90"/><W85/><G114/><T55/><D118/><U19/><E113/><V63/><F74/><W53/><G78/><T102/><D72/><U8/><E121/><V6/><F17/><W115/><G115/><T1/><D1/><U133/><E133/><V71/><F94/><W82/><G10/><T80/><D80/><U21/><E34/><N who="2" m="12843" /><F56/><W11/><G11/><T5/><D5/><U36/><E126/><N who="0" m="48137" /><D65/><U75/><E8/><N who="2" m="2119" /><F63/><W120/><G120/><T52/><D110/><U87/><E36/><V86/><F86/><W81/><G81/><T50/><D55/><U99/><E40/><V124/><F124/><W64/><G13/><T68/><D68/><AGARI ba="0,0" hai="68,69,71,73,76,83,116,119" m="2119,12843" machi="68" ten="30,1000,0" yaku="23,1" doraHai="62" who="2" fromWho="0" sc="193,-10,442,0,182,10,183,0" owari="183,-21.7,442,54.2,192,-0.8,183,-31.7" /></mjloggm>