<mjloggm ver="2.3"><GO type="225" lobby="0"/><UN n0="%E6%B4%BE%E9%81%A3%E3%81%AE%E3%82%B8%E3%83%A3%E3%83%83%E3%82%AF" n1="%E5%B8%86%E7%AB%8B%E5%A4%8F%E8%A1%A3" n2="%E3%81%8B%E3%82%8F%E3%81%A1%E3%82%83%E3%82%93%35%38" n3="%6B%65%6E%6E%64%69" dan="16,16,16,16" rate="2187.50,2081.58,2155.34,2191.03" sx="M,M,M,M"/><TAIKYOKU oya="0"/><INIT seed="0,0,0,5,1,30" ten="250,250,250,250" oya="0" hai0="57,128,15,13,27,100,10,79,48,42,35,110,46" hai1="120,71,72,21,55,86,109,12,2,24,76,134,37" hai2="53,122,63,26,3,108,126,131,4,104,114,83,74" hai3="36,125,1,77,11,117,107,127,96,85,41,0,45"/><T31/><D128/><U92/><E2/><V22/><F114/><W61/><G117/><T84/><D100/><U51/><E120/><V17/><F122/><W81/><G61/><T121/><D121/><U98/><E134/><V95/><F104/><W32/><G32/><T52/><D110/><U103/><E109/><V115/><F115/><W135/><G135/><T133/><D133/><U38/><E71/><V90/><F108/><W65/><G65/><T16/><D15/><U68/><E68/><V67/><F131/><W123/><G123/><T80/><REACH who="0" step="1"/><D57/><REACH who="0" ten="240,250,250,250" step="2"/><U113/><E113/><V93/><F3/><W58/><G58/><T6/><D6/><U119/><E12/><V25/><F4/><W116/><G116/><T132/><D132/><U28/><E119/><V111/><F111/><W14/><G0/><T129/><D129/><U43/><E103/><V91/><F126/><N who="3" m="48139" /><G1/><T87/><D87/><U99/><E86/><V40/><F74/><W56/><G56/><T89/><D89/><U88/><E72/><V124/><F124/><W60/><G60/><T73/><D73/><U20/><E99/><V19/><F63/><W7/><G107/><T102/><D102/><U50/><E98/><AGARI ba="0,1" hai="7,11,14,36,41,45,77,81,85,96,98" m="48139" machi="98" ten="30,1000,0" yaku="18,1" doraHai="30" who="3" fromWho="1" sc="240,0,250,-10,250,0,250,20" /><INIT seed="1,0,0,5,4,96" ten="240,240,250,270" oya="1" hai0="4,21,12,132,130,18,15,48,57,25,103,100,19" hai1="106,112,119,27,116,107,62,82,93,35,81,78,31" hai2="127,52,89,77,30,28,110,61,121,73,128,3,41" hai3="37,71,67,97,43,24,6,29,16,8,124,59,7"/><U109/><E112/><V135/><F121/><W22/><G124/><T47/><D130/><U99/><E109/><V88/><F3/><W53/><G71/><T102/><D132/><U32/><E32/><V39/><F39/><W65/><G37/><T0/><D57/><U123/><E123/><V79/><F73/><W13/><G43/><N who="0" m="24703" /><D0/><U113/><E113/><V117/><F117/><W42/><G42/><T50/><D50/><U45/><E45/><V92/><F41/><W84/><G84/><T120/><D120/><U64/><E82/><V118/><F118/><W49/><G97/><T98/><D4/><AGARI ba="0,0" hai="4,6,7,8,13,16,22,24,29,49,53,59,65,67" machi="4" ten="40,2600,0" yaku="8,1,54,1" doraHai="96" who="3" fromWho="0" sc="240,-26,240,0,250,0,270,26" /><INIT seed="2,0,0,3,1,75" ten="214,240,250,296" oya="2" hai0="61,3,132,26,34,88,60,39,25,72,58,115,21" hai1="77,127,38,0,22,51,47,45,63,112,12,73,67" hai2="114,79,129,123,91,108,1,110,105,76,93,8,7" hai3="43,83,102,135,109,71,82,13,65,46,95,74,92"/><V48/><F105/><W49/><G109/><N who="2" m="42089" /><F114/><W50/><G135/><T15/><D115/><U106/><E106/><V41/><F123/><W99/><G71/><T42/><D3/><U37/><E112/><V113/><F113/><W54/><G65/><T44/><D132/><U33/><E33/><V107/><F107/><W29/><G29/><T131/><D131/><U40/><E127/><V24/><F129/><W10/><G95/><T31/><D72/><U2/><E22/><V27/><F41/><W126/><G74/><T98/><D15/><U20/><E20/><V133/><F48/><W23/><G23/><T16/><REACH who="0" step="1"/><D58/><REACH who="0" ten="204,240,250,296" step="2"/><U96/><E12/><V117/><F133/><W6/><G126/><T11/><D11/><U86/><E73/><V84/><F117/><W128/><G128/><T103/><D103/><U19/><E2/><V89/><F89/><W118/><G118/><T64/><D64/><U14/><E14/><V62/><F62/><W81/><G49/><T97/><D97/><U69/><E51/><V134/><F134/><W52/><AGARI ba="0,1" hai="6,10,13,43,46,50,52,54,81,82,83,92,99,102" machi="52" ten="30,4000,0" yaku="0,1,8,1,54,1" doraHai="75" who="3" fromWho="3" sc="204,-10,240,-10,250,-20,296,50" /><INIT seed="3,0,0,4,2,50" ten="194,230,230,346" oya="3" hai0="93,4,39,86,43,0,25,133,9,41,42,105,113" hai1="77,23,32,27,87,90,22,60,18,36,3,34,125" hai2="78,83,62,28,2,84,48,134,135,75,91,49,5" hai3="24,1,101,69,66,111,30,33,92,64,67,7,94"/><W109/><G69/><T72/><D105/><U63/><E36/><V21/><F62/><N who="1" m="23593" /><E3/><V130/><F130/><W13/><G1/><T99/><D133/><N who="2" m="50698" /><F2/><W82/><G82/><T76/><D113/><U106/><E106/><V46/><F5/><W59/><G59/><T107/><D107/><U16/><E34/><V131/><F131/><W53/><G53/><T85/><D25/><N who="1" m="14535" /><E32/><V29/><F21/><W116/><G116/><T54/><D39/><U81/><E125/><V71/><F71/><W124/><G124/><T103/><D72/><U19/><E18/><V17/><F17/><W70/><G70/><T123/><D123/><U79/><AGARI ba="0,0" hai="19,23,27,77,79,81,87,90" m="14535,23593" machi="79" ten="30,2000,0" yaku="8,1,54,1" doraHai="50" who="1" fromWho="1" sc="194,-5,230,20,230,-5,346,-10" owari="189,-31.1,250,5.0,225,-17.5,336,43.6" /></mjloggm>