<mjloggm ver="2.3"><GO type="225" lobby="0"/><UN n0="%72%69%6F%75%63%68%61%6E" n1="%E3%81%BF%E3%81%BF%E3%81%9A" n2="%E3%81%8B%E3%82%8F%E3%81%A1%E3%82%83%E3%82%93%35%38" n3="%E3%83%97%E3%83%AC%E3%83%B4%E3%82%A1%E3%83%86%E3%82%A3" dan="17,17,17,16" rate="2270.72,2181.51,2210.41,2107.64" sx="M,M,M,F"/><TAIKYOKU oya="0"/><INIT seed="0,0,0,1,0,53" ten="250,250,250,250" oya="0" hai0="52,10,55,47,8,114,31,73,101,80,49,102,45" hai1="44,77,29,57,63,97,96,127,89,48,104,90,35" hai2="75,17,59,131,23,86,117,37,72,107,84,132,85" hai3="88,118,64,19,126,9,51,14,115,87,20,106,78"/><T34/><D114/><U32/><E77/><V25/><F37/><W133/><G115/><T112/><D112/><U26/><E127/><V0/><F0/><W116/><G126/><T16/><D34/><U3/><E3/><V67/><F107/><W40/><G106/><T120/><D120/><U42/><E35/><V30/><F117/><W68/><G133/><T76/><D31/><U94/><E104/><V79/><F132/><W103/><G103/><T128/><D128/><U134/><E134/><V108/><F131/><W27/><G78/><T5/><D16/><U110/><E110/><V125/><F125/><W129/><G129/><T21/><D21/><U93/><REACH who="1" step="1"/><E63/><REACH who="1" ten="250,240,250,250" step="2"/><V12/><F79/><W7/><G118/><T11/><REACH who="0" step="1"/><D5/><REACH who="0" ten="240,240,250,250" step="2"/><U124/><E124/><V54/><F108/><W123/><G116/><T111/><D111/><U13/><E13/><V39/><F12/><W109/><G123/><T43/><D43/><U50/><E50/><AGARI ba="0,2" hai="8,10,11,45,47,49,50,52,55,73,76,80,101,102" machi="50" ten="40,7700,0" yaku="1,1,9,1,54,1,53,0" doraHai="53" doraHaiUra="83" who="0" fromWho="1" sc="240,97,240,-77,250,0,250,0" /><INIT seed="0,1,0,0,4,128" ten="337,163,250,250" oya="0" hai0="26,30,101,9,83,113,123,34,110,38,95,37,111" hai1="127,68,73,29,93,77,59,13,44,0,119,85,45" hai2="105,19,66,22,21,96,64,118,129,50,132,122,125" hai3="61,16,92,65,94,104,33,18,31,55,54,53,17"/><T81/><D113/><U57/><E119/><V20/><F122/><W27/><REACH who="3" step="1"/><G104/><REACH who="3" ten="337,163,250,240" step="2"/><T109/><D123/><U62/><E127/><V70/><F105/><W36/><G36/><N who="0" m="13931" /><D9/><U23/><E68/><AGARI ba="1,1" hai="16,17,18,27,31,33,53,54,55,61,65,68,92,94" machi="68" ten="40,5200,0" yaku="21,2,54,1,53,0" doraHai="128" doraHaiUra="121" who="3" fromWho="1" sc="337,0,163,-55,250,0,240,65" /><INIT seed="1,0,0,3,4,10" ten="337,108,250,305" oya="1" hai0="70,43,103,77,41,1,101,24,50,32,82,120,68" hai1="0,116,46,25,113,13,123,47,80,16,104,42,125" hai2="23,56,132,117,75,57,58,20,65,49,45,102,2" hai3="115,8,6,84,74,130,124,97,92,21,28,5,86"/><U64/><E113/><V66/><F117/><W98/><G115/><T40/><D1/><U71/><E116/><V76/><F2/><W95/><G74/><T109/><D109/><U29/><E123/><V33/><F33/><W87/><G124/><T30/><D120/><U52/><E104/><V106/><F132/><W121/><G121/><T14/><D50/><N who="1" m="26967" /><E0/><V9/><F106/><W7/><G130/><T79/><D79/><U110/><E71/><V19/><F102/><W12/><G28/><T135/><D135/><U88/><E110/><V83/><F9/><W69/><G21/><T78/><D78/><U18/><E125/><V119/><F119/><W62/><G62/><T38/><D38/><U59/><E64/><V51/><F23/><W61/><G61/><T100/><REACH who="0" step="1"/><D14/><REACH who="0" ten="327,108,250,305" step="2"/><U128/><E128/><V60/><F60/><W35/><G69/><T73/><AGARI ba="0,1" hai="24,30,32,40,41,43,68,70,73,77,82,100,101,103" machi="73" ten="30,7900,0" yaku="1,1,2,1,0,1,53,1" doraHai="10" doraHaiUra="31" who="0" fromWho="0" sc="327,89,108,-39,250,-20,305,-20" /><INIT seed="2,0,0,3,0,45" ten="416,69,230,285" oya="2" hai0="36,109,66,15,33,75,86,43,90,10,121,41,83" hai1="3,46,44,133,32,5,123,50,57,95,35,23,79" hai2="106,88,68,47,93,135,110,65,74,113,30,85,82" hai3="11,18,14,60,31,107,73,28,70,51,125,0,9"/><V81/><F113/><W54/><G107/><T131/><D109/><U67/><E133/><V2/><F135/><W17/><G73/><T91/><D121/><U29/><E123/><V117/><F117/><W34/><G125/><T37/><D33/><U112/><E112/><V21/><F110/><W48/><G34/><T25/><D131/><U94/><E79/><V78/><F2/><W4/><G18/><T76/><D66/><U12/><E3/><V55/><F106/><W101/><G101/><T42/><D25/><U99/><E46/><V124/><F124/><W56/><REACH who="3" step="1"/><G70/><REACH who="3" ten="416,69,230,275" step="2"/><T104/><D104/><U71/><E71/><V129/><F68/><W40/><G40/><T134/><D134/><U105/><E105/><V58/><F30/><AGARI ba="0,1" hai="0,4,9,11,14,17,28,30,31,48,51,54,56,60" machi="30" ten="40,5200,0" yaku="1,1,52,2,53,0" doraHai="45" doraHaiUra="63" who="3" fromWho="2" sc="416,0,69,0,230,-52,275,62" /><INIT seed="3,0,0,0,5,129" ten="416,69,178,337" oya="3" hai0="96,31,116,110,101,65,84,132,60,38,7,125,11" hai1="52,42,28,76,100,103,35,115,29,107,86,69,75" hai2="61,20,81,131,127,8,82,3,53,120,51,117,55" hai3="26,79,37,58,62,73,5,121,17,130,27,118,95"/><W40/><G121/><T102/><D132/><U93/><E115/><V48/><F3/><W124/><G118/><T32/><D116/><U83/><E69/><V16/><F117/><W67/><G124/><T88/><D38/><U43/><E35/><V34/><F34/><W108/><G130/><T18/><D125/><U123/><E123/><V99/><F127/><W19/><G5/><T0/><D110/><U49/><E103/><V104/><F104/><W14/><G108/><T50/><D50/><U9/><E9/><V57/><F131/><W59/><G17/><T45/><D45/><U109/><E109/><V24/><F120/><W92/><G40/><T15/><D96/><U54/><E54/><V77/><F77/><W22/><G37/><T135/><D135/><U2/><E2/><V66/><F8/><W74/><G59/><T70/><D31/><U12/><E12/><V112/><F112/><W63/><G63/><T30/><D32/><U25/><E107/><V23/><F23/><W134/><G134/><T64/><D65/><U106/><E106/><V46/><F99/><W4/><G4/><T133/><D133/><U91/><E100/><V111/><F111/><W89/><G95/><T78/><D78/><U105/><E105/><V122/><F122/><W128/><G128/><T114/><D30/><N who="1" m="11883" /><E25/><N who="3" m="9226" /><G79/><T97/><D114/><U90/><E91/><V72/><F72/><W126/><G126/><T6/><D97/><N who="1" m="57527" /><E75/><V119/><F119/><W47/><G47/><AGARI ba="0,0" hai="16,20,24,46,47,48,51,53,55,57,61,66,81,82" machi="47" ten="30,7700,0" yaku="7,1,9,1,8,1,54,1" doraHai="129" who="2" fromWho="3" sc="416,0,69,0,178,77,337,-77" owari="416,51.6,69,-43.1,255,-14.5,260,6.0" /></mjloggm>