<mjloggm ver="2.3"><GO type="225" lobby="0"/><UN n0="%45%6C%79%73%69%75%6D" n1="%E3%81%9F%E3%81%A3%E3%81%A1%E3%82%87" n2="%73%69%72%6F%75%74" n3="%E9%87%8E%E3%80%85%E5%AE%AE%E8%97%8D" dan="17,16,16,17" rate="2136.06,2097.83,2108.94,2152.53" sx="F,M,M,F"/><TAIKYOKU oya="0"/><INIT seed="0,0,0,4,1,3" ten="250,250,250,250" oya="0" hai0="93,106,38,5,91,69,88,84,99,90,51,83,28" hai1="135,127,75,113,40,44,33,112,126,104,46,120,60" hai2="13,74,115,81,24,67,16,92,128,59,27,118,107" hai3="62,86,64,21,11,85,94,29,105,37,109,23,80"/><T15/><D38/><U110/><E104/><V50/><F107/><W116/><G105/><T114/><D69/><U18/><E75/><V119/><F115/><N who="1" m="44105" /><E33/><V72/><F92/><W102/><G37/><T12/><D114/><U0/><E0/><V133/><F133/><W34/><G34/><T48/><D106/><U54/><E18/><V57/><F128/><W134/><G134/><T108/><D108/><U124/><E135/><V22/><F67/><W1/><G109/><T71/><D71/><U35/><E35/><V32/><F50/><N who="0" m="18986" /><D28/><U98/><E110/><V101/><F101/><W10/><G116/><N who="2" m="44585" /><F72/><W68/><G29/><T129/><D129/><U61/><E98/><V6/><F27/><W89/><G102/><N who="0" m="60783" /><D15/><U45/><E40/><V43/><F43/><W97/><G97/><T130/><D130/><U103/><E103/><V19/><F32/><W9/><REACH who="3" step="1"/><G1/><REACH who="3" ten="250,250,250,240" step="2"/><T31/><D31/><U79/><E120/><V2/><F2/><W117/><G117/><T56/><D56/><N who="1" m="34839" /><E79/><AGARI ba="0,1" hai="9,10,11,21,23,62,64,68,79,80,85,86,89,94" machi="79" ten="40,1300,0" yaku="1,1,53,0" doraHai="3" doraHaiUra="14" who="3" fromWho="1" sc="250,0,250,-13,250,0,240,23" /><INIT seed="1,0,0,2,2,32" ten="250,237,250,263" oya="1" hai0="123,100,52,82,114,17,60,84,62,23,113,5,15" hai1="27,54,48,46,102,103,40,78,9,106,76,72,33" hai2="112,115,129,1,20,66,105,133,85,101,83,110,63" hai3="68,80,25,12,37,10,81,86,8,45,75,35,99"/><U89/><E106/><V95/><F110/><W30/><G75/><T69/><D123/><U24/><E72/><V4/><F133/><W59/><G68/><T92/><D69/><U98/><E33/><V127/><F105/><W43/><G99/><N who="0" m="59495" /><D113/><N who="2" m="43594" /><F129/><W29/><G29/><T41/><D41/><U79/><E9/><N who="2" m="2191" /><F20/><W39/><G39/><T2/><D2/><U119/><E119/><V118/><F127/><W93/><G59/><N who="0" m="34919" /><D114/><U121/><E121/><V126/><F126/><W34/><G34/><T91/><D62/><U77/><N who="1" m="19456" /><DORA hai="50" /><U44/><E103/><V88/><F118/><W117/><G117/><T22/><D5/><U6/><E6/><V116/><F116/><W111/><G111/><T120/><D120/><U67/><E67/><V58/><F101/><W49/><G37/><T130/><D130/><U26/><E102/><V31/><F31/><W73/><G30/><T47/><D47/><U18/><E98/><V132/><F132/><W21/><G35/><T135/><D135/><U96/><E96/><V57/><F57/><W128/><G128/><T94/><D22/><N who="1" m="13399" /><E89/><V36/><F36/><W7/><G73/><T134/><D134/><U131/><E131/><V56/><F56/><W70/><G70/><T125/><D125/><U74/><E74/><V90/><F90/><N who="3" m="53463" /><G8/><T107/><D107/><U11/><E11/><V109/><F109/><W65/><G65/><T51/><D51/><AGARI ba="0,0" hai="26,27,40,44,46,48,51,54" m="13399,19456" machi="51" ten="40,3900,0" yaku="8,1,52,1" doraHai="32,50" who="1" fromWho="0" sc="250,-39,237,39,250,0,263,0" /><INIT seed="1,1,0,0,5,63" ten="211,276,250,263" oya="1" hai0="40,9,82,90,81,59,69,116,36,27,58,78,118" hai1="133,95,61,135,115,83,23,125,76,87,88,89,72" hai2="79,120,114,92,25,106,14,110,105,68,3,39,57" hai3="130,67,121,26,32,122,66,85,17,44,2,52,60"/><U15/><E115/><V19/><F3/><W111/><G2/><T56/><D69/><U38/><E38/><V123/><F39/><W8/><G121/><T134/><D134/><N who="1" m="51211" /><E125/><V128/><F68/><W98/><G122/><T29/><D9/><U30/><E89/><V64/><F79/><W70/><G111/><T41/><D90/><U6/><E61/><N who="2" m="37935" /><F105/><W53/><G130/><T4/><D4/><U84/><E6/><V102/><F106/><W75/><G75/><T35/><D36/><U74/><E15/><V49/><F25/><AGARI ba="1,0" hai="23,25,30,72,74,76,83,84,87,88,95" m="51211" machi="25" ten="30,2900,0" yaku="20,1,54,1" doraHai="63" who="1" fromWho="2" sc="211,0,276,32,250,-32,263,0" /><INIT seed="1,2,0,1,2,35" ten="211,308,218,263" oya="1" hai0="24,46,120,96,1,128,11,49,106,68,75,102,80" hai1="125,7,119,91,28,78,4,135,31,16,58,18,70" hai2="9,66,38,116,61,30,114,126,101,129,13,60,79" hai3="41,77,20,15,54,62,92,67,123,19,53,83,118"/><U10/><E119/><V48/><F116/><W21/><G123/><T59/><D120/><U44/><E70/><V89/><F38/><W25/><G41/><T27/><D68/><U104/><E104/><V95/><F101/><W36/><G36/><T82/><D59/><U90/><E125/><V94/><F126/><W117/><G92/><T29/><D128/><U107/><E107/><V51/><F129/><W113/><G113/><T134/><D134/><U14/><E135/><V56/><F79/><W88/><G117/><T73/><D73/><U103/><E78/><V64/><F30/><N who="1" m="11305" /><E103/><V63/><F114/><W93/><G118/><T131/><D131/><U17/><E44/><V2/><F2/><W81/><G67/><T52/><D75/><U130/><E130/><V127/><F127/><W109/><G109/><T26/><REACH who="0" step="1"/><D29/><REACH who="0" ten="201,308,218,263" step="2"/><U87/><E58/><V3/><F56/><W121/><G121/><T74/><D74/><U112/><E112/><V124/><F124/><W37/><G62/><T76/><D76/><U86/><E4/><AGARI ba="2,1" hai="1,4,11,24,26,27,46,49,52,80,82,96,102,106" machi="4" ten="40,8000,1" yaku="1,1,52,1,54,1,53,1" doraHai="35" doraHaiUra="42" who="0" fromWho="1" sc="201,96,308,-86,218,0,263,0" /><INIT seed="2,0,0,0,5,1" ten="297,222,218,263" oya="2" hai0="61,32,63,22,115,72,133,11,85,41,103,24,78" hai1="50,26,81,66,56,43,134,125,128,27,18,58,33" hai2="90,131,60,65,110,55,97,76,49,25,42,120,57" hai3="10,28,118,54,86,71,73,91,79,92,93,75,108"/><V95/><F120/><W114/><G71/><T19/><D115/><U47/><E125/><V6/><F131/><W99/><G28/><T64/><D133/><U53/><E128/><V74/><F110/><W36/><G36/><T124/><D124/><U37/><E134/><V52/><F74/><W109/><G118/><T122/><D122/><U2/><E2/><V107/><F107/><W30/><G30/><T82/><D32/><U13/><E33/><V119/><F119/><W7/><G54/><N who="2" m="20521" /><F76/><W132/><G132/><T96/><D41/><U39/><E39/><V130/><F130/><W113/><G75/><T127/><D127/><U17/><E17/><V129/><F129/><W121/><G73/><T80/><D11/><U59/><E81/><V45/><F25/><W89/><G79/><T117/><D117/><U4/><E4/><AGARI ba="0,0" hai="4,6,42,45,49,57,60,65,90,95,97" m="20521" machi="4" ten="30,11600,0" yaku="8,1,52,2,54,1" doraHai="1" who="2" fromWho="1" sc="297,0,222,-116,218,116,263,0" /><INIT seed="2,1,0,2,3,64" ten="297,106,334,263" oya="2" hai0="38,2,16,75,109,81,115,18,112,124,107,117,15" hai1="65,23,74,102,110,66,59,103,6,116,105,46,94" hai2="78,56,51,131,58,72,55,67,113,40,0,31,24" hai3="21,29,20,86,27,30,87,132,101,68,17,60,48"/><V61/><F0/><W114/><G132/><T82/><D38/><U90/><E74/><V14/><F113/><W76/><G114/><T120/><D120/><U128/><E116/><V62/><F131/><W43/><G101/><T134/><D2/><U84/><E128/><V26/><F72/><W63/><G30/><T70/><D70/><U125/><E125/><V25/><F78/><W57/><G68/><T127/><D107/><U126/><E126/><V37/><F37/><W100/><G100/><T92/><D134/><U11/><E110/><V108/><F108/><W71/><G71/><T32/><D32/><U28/><E46/><V50/><F40/><W47/><G76/><T41/><D41/><U122/><E122/><V13/><F31/><W9/><G9/><T7/><D117/><U93/><E105/><V121/><F121/><W3/><G3/><T96/><D109/><U1/><E103/><V85/><F85/><N who="3" m="32267" /><G57/><T53/><D115/><U8/><E59/><V45/><F51/><W97/><G97/><T36/><D36/><U54/><E8/><V88/><F50/><W42/><G43/><T69/><D75/><U44/><E54/><V22/><F45/><W118/><G118/><T111/><D53/><U106/><E44/><V133/><F133/><W19/><G29/><T12/><D111/><U123/><E106/><V119/><F119/><W83/><G83/><T79/><D112/><U104/><E104/><V35/><F35/><W95/><G95/><T73/><D124/><U4/><E123/><V89/><F22/><W99/><G99/><T130/><D127/><RYUUKYOKU ba="1,0" sc="297,-15,106,-15,334,15,263,15" hai2="13,14,24,25,26,55,56,58,61,62,67,88,89" hai3="17,19,20,21,27,42,47,48,60,63" /><INIT seed="2,2,0,3,2,133" ten="282,91,349,278" oya="2" hai0="87,79,92,132,31,28,37,21,30,117,71,2,77" hai1="107,39,134,52,100,35,123,33,94,60,6,16,119" hai2="70,114,112,95,97,58,40,118,130,86,45,115,126" hai3="98,65,43,10,42,62,113,29,88,67,131,105,11"/><V5/><F5/><W121/><G121/><T82/><D2/><U15/><E134/><V32/><F32/><W4/><G131/><T89/><D132/><U12/><E119/><V25/><F25/><W1/><G113/><T99/><D71/><U13/><E123/><V8/><F8/><W57/><G67/><T17/><D117/><U41/><E107/><V55/><F86/><W72/><G72/><T59/><D37/><U108/><E108/><V90/><F118/><W109/><G109/><T0/><D0/><U76/><E76/><V125/><F70/><W44/><G29/><T80/><D59/><U135/><E135/><V64/><F64/><W22/><G22/><T104/><D104/><U127/><E127/><N who="2" m="48651" /><F130/><W48/><G11/><T56/><D56/><U102/><E6/><V53/><F58/><W36/><G10/><T9/><D9/><N who="1" m="6159" /><E33/><V81/><F81/><W23/><G65/><T51/><D82/><U116/><E35/><V122/><F122/><W38/><G57/><T47/><D80/><U66/><E116/><V103/><F103/><W14/><G4/><T93/><D87/><U120/><E120/><V110/><F110/><W101/><G1/><T124/><D124/><U106/><E66/><V61/><F61/><W128/><G62/><T68/><D68/><U19/><E60/><V73/><F73/><W3/><G3/><T18/><D31/><U24/><E102/><V111/><F111/><W69/><G69/><T74/><D30/><U20/><E100/><V50/><AGARI ba="2,0" hai="40,45,50,53,55,90,95,97,112,114,115" m="48651" machi="50" ten="40,12000,1" yaku="18,1,52,3" doraHai="133" who="2" fromWho="2" sc="282,-42,91,-42,349,126,278,-42" /><INIT seed="2,3,0,3,1,78" ten="240,49,475,236" oya="2" hai0="105,21,89,18,15,52,93,94,134,65,7,23,83" hai1="40,22,98,103,37,107,29,118,13,45,16,110,36" hai2="126,86,56,44,73,42,79,117,88,121,127,81,133" hai3="128,119,95,14,53,120,3,112,122,130,8,111,12"/><V58/><F117/><W32/><G119/><T113/><D105/><U90/><E118/><V104/><F121/><W6/><G111/><T100/><D113/><U38/><E110/><V49/><F104/><W96/><G112/><T129/><D129/><N who="3" m="49769" /><G53/><T70/><D134/><U31/><E31/><V131/><F131/><W67/><G67/><T35/><D35/><U20/><E29/><V46/><F46/><W57/><G57/><T63/><D7/><U33/><E33/><V77/><F133/><W27/><G27/><T0/><D0/><U2/><E2/><V64/><F77/><W123/><G32/><T87/><D100/><AGARI ba="3,0" hai="3,6,8,12,14,95,96,100,120,122,123" m="49769" machi="100" ten="40,1300,0" yaku="19,1" doraHai="78" who="3" fromWho="0" sc="240,-22,49,0,475,0,236,22" /><INIT seed="3,0,0,5,3,116" ten="218,49,475,258" oya="3" hai0="45,89,93,58,70,77,133,129,85,38,119,128,3" hai1="103,131,12,110,125,101,28,55,123,10,40,56,66" hai2="13,68,108,121,48,62,59,63,21,124,114,98,86" hai3="106,6,78,49,1,31,130,50,46,80,100,37,32"/><W105/><G130/><N who="0" m="50283" /><D70/><U118/><E110/><V24/><F114/><W75/><G100/><T20/><D119/><U81/><E118/><V9/><F108/><W15/><G15/><T60/><D3/><U4/><E125/><V65/><F124/><W43/><G50/><T30/><D45/><U69/><E131/><V117/><F121/><W72/><G49/><T44/><D77/><U132/><E132/><V87/><F117/><W115/><G72/><T82/><D133/><U134/><E134/><V17/><F98/><W111/><G115/><T73/><D73/><U41/><E28/><V76/><F76/><W74/><G74/><T95/><D20/><U23/><E69/><V52/><F63/><W104/><G111/><T34/><D30/><AGARI ba="0,0" hai="9,13,17,21,24,30,48,52,59,62,65,68,86,87" machi="30" ten="30,2000,0" yaku="7,1,54,1" doraHai="116" who="2" fromWho="0" sc="218,-20,49,0,475,20,258,0" owari="198,-20.2,49,-45.1,495,59.5,258,5.8" /></mjloggm>