<mjloggm ver="2.3"><GO type="225" lobby="0"/><UN n0="%E3%81%AF%E3%82%88%E3%81%8A%E3%81%98%E3%81%95%E3%82%93" n1="%72%69%6F%75%63%68%61%6E" n2="%6D%75%75%6D%75%72%61" n3="%48%61%61%61%6C%61%6E%64" dan="17,17,16,18" rate="2201.11,2192.53,2117.04,2174.38" sx="M,M,F,M"/><TAIKYOKU oya="0"/><INIT seed="0,0,0,0,0,43" ten="250,250,250,250" oya="0" hai0="116,72,66,65,88,73,76,61,39,77,126,115,20" hai1="54,101,130,135,49,52,82,15,105,75,90,57,32" hai2="81,35,103,129,104,5,37,45,114,41,86,120,27" hai3="133,47,2,26,118,21,99,33,125,108,85,92,80"/><T13/><D115/><U97/><E32/><V106/><F114/><W53/><G118/><T70/><D116/><U3/><E3/><V89/><F120/><W110/><G2/><T1/><D1/><U102/><E130/><V91/><F129/><W29/><G125/><T31/><D39/><U46/><E135/><V64/><F5/><W30/><G133/><T7/><D126/><U124/><E124/><V40/><F103/><W19/><G53/><T36/><D36/><U6/><E75/><V10/><F10/><W107/><G107/><T23/><D65/><U93/><E82/><V134/><F40/><W69/><G69/><T51/><D51/><N who="1" m="28791" /><E105/><V117/><F134/><W17/><G47/><T12/><D73/><U127/><E127/><V123/><F117/><W8/><G108/><T60/><D72/><U96/><E97/><V58/><F123/><W14/><G33/><T84/><D60/><U95/><E95/><V112/><F112/><W122/><G110/><T128/><D128/><U74/><E74/><V38/><F38/><W56/><G122/><T62/><D62/><U71/><E71/><V98/><F64/><W79/><REACH who="3" step="1"/><G56/><REACH who="3" ten="250,250,250,240" step="2"/><T24/><D70/><U9/><AGARI ba="0,1" hai="6,9,15,49,54,57,90,93,96,101,102" m="28791" machi="9" ten="30,4000,0" yaku="8,1,52,1,54,1" doraHai="43" who="1" fromWho="1" sc="250,-20,250,50,250,-10,240,-10" /><INIT seed="1,0,0,5,3,24" ten="230,300,240,230" oya="1" hai0="133,63,42,8,0,12,49,75,80,5,69,44,50" hai1="114,104,21,27,109,64,120,17,61,20,100,96,58" hai2="19,98,103,53,131,52,32,89,88,87,62,23,102" hai3="119,13,36,124,92,121,39,26,105,73,31,94,33"/><U56/><E114/><V4/><F32/><W74/><G105/><T132/><D12/><U67/><E120/><V127/><F127/><W15/><G121/><T95/><D95/><U6/><E109/><V116/><F116/><W45/><G119/><T122/><D122/><U51/><E6/><V108/><F108/><W68/><G68/><T106/><D106/><U130/><E130/><V126/><F126/><W14/><G124/><T28/><D28/><U111/><E111/><V46/><F131/><W128/><G128/><T60/><D50/><U115/><E115/><V125/><F125/><W40/><REACH who="3" step="1"/><G39/><REACH who="3" ten="230,300,240,220" step="2"/><T101/><D69/><U83/><E83/><V66/><F103/><W134/><G134/><N who="0" m="51819" /><D101/><U97/><E100/><V112/><F112/><W86/><G86/><T3/><D3/><U41/><E104/><V34/><F87/><W55/><G55/><T16/><D80/><U7/><E67/><V118/><F118/><W135/><G135/><T65/><D75/><AGARI ba="0,1" hai="13,14,15,26,31,33,36,40,45,73,74,75,92,94" machi="75" ten="40,5200,0" yaku="1,1,52,1,53,1" doraHai="24" doraHaiUra="22" who="3" fromWho="0" sc="230,-52,300,0,240,0,220,62" /><INIT seed="2,0,0,0,3,132" ten="178,300,240,282" oya="2" hai0="117,93,53,19,45,96,100,123,116,17,16,29,41" hai1="113,36,109,91,57,25,88,130,77,4,63,0,43" hai2="83,61,42,79,50,22,124,104,44,60,37,58,80" hai3="120,40,13,118,2,56,92,38,131,20,102,81,10"/><V48/><F104/><W33/><G33/><T49/><D123/><U27/><E109/><V34/><F34/><W1/><G120/><T127/><D127/><U115/><E130/><V135/><F135/><W66/><G118/><T108/><D108/><U71/><E71/><V8/><F124/><W12/><G81/><T111/><D111/><U122/><E122/><V51/><F80/><W86/><G38/><T95/><D29/><U31/><E77/><V101/><F101/><W84/><G40/><T55/><REACH who="0" step="1"/><D95/><REACH who="0" ten="168,300,240,282" step="2"/><U39/><E31/><V74/><F58/><W6/><G92/><T110/><D110/><U105/><E57/><V133/><F133/><W87/><G56/><T97/><D97/><U129/><E105/><V11/><REACH who="2" step="1"/><F22/><REACH who="2" ten="168,300,230,282" step="2"/><W54/><G20/><T73/><D73/><U68/><E129/><V64/><F64/><W94/><G66/><T107/><D107/><U82/><E115/><V99/><F99/><W52/><G131/><T90/><D90/><U70/><E91/><V5/><F5/><W46/><G6/><T114/><D114/><U119/><E88/><V47/><F47/><W30/><G46/><T23/><D23/><U75/><E113/><V121/><F121/><W98/><G98/><T112/><D112/><U7/><E7/><V59/><F59/><W65/><G65/><T21/><D21/><U3/><E4/><V62/><AGARI ba="0,2" hai="8,11,37,42,44,48,50,51,60,61,62,74,79,83" machi="62" ten="30,6000,0" yaku="1,1,0,1,53,1" doraHai="132" doraHaiUra="78" who="2" fromWho="2" sc="168,-20,300,-20,230,80,282,-20" /><INIT seed="2,1,0,2,5,59" ten="148,280,310,262" oya="2" hai0="70,4,101,61,109,46,102,89,13,117,53,85,29" hai1="10,63,92,106,114,90,83,33,30,120,127,78,42" hai2="104,84,87,39,40,5,131,54,44,123,62,88,118" hai3="122,132,74,20,115,58,49,15,77,68,36,66,112"/><V14/><F118/><W125/><G122/><T128/><D117/><U12/><E114/><N who="3" m="43562" /><G36/><T126/><D109/><U16/><E127/><V86/><F123/><W19/><G125/><T28/><D126/><U27/><E120/><V3/><F104/><W113/><G113/><T45/><D128/><U108/><E108/><V23/><F131/><W50/><G68/><T105/><D105/><U9/><E106/><V116/><F116/><W98/><G98/><T129/><D129/><U93/><E42/><V11/><F3/><W57/><G132/><T41/><D70/><U37/><E37/><V75/><F75/><W119/><G119/><T95/><D41/><U65/><E9/><V64/><F23/><W134/><G134/><T110/><D110/><U32/><E32/><V97/><F54/><W17/><G17/><T26/><D13/><U76/><E90/><V96/><REACH who="2" step="1"/><F88/><REACH who="2" ten="148,280,300,262" step="2"/><W111/><G74/><T7/><D89/><U56/><E78/><V94/><F94/><W6/><G20/><T47/><D95/><U22/><E22/><V100/><F100/><W130/><G77/><T35/><D85/><AGARI ba="1,1" hai="10,12,16,27,30,33,56,63,65,76,83,85,92,93" machi="85" ten="30,3900,0" yaku="7,1,52,1,54,1" doraHai="59" who="1" fromWho="0" sc="148,-42,280,52,300,0,262,0" /><INIT seed="3,0,0,0,2,76" ten="106,332,300,262" oya="3" hai0="43,90,132,48,8,61,57,52,104,25,39,86,116" hai1="83,35,24,119,129,60,100,27,130,41,59,126,124" hai2="80,91,96,58,65,120,114,45,108,47,88,12,102" hai3="14,31,16,107,17,75,29,11,23,67,69,1,79"/><W87/><G107/><T51/><D132/><U131/><E119/><V34/><F114/><W36/><G75/><T50/><D116/><U21/><E100/><V112/><F34/><W72/><G72/><T78/><D104/><U110/><E110/><V4/><F112/><W93/><G36/><T68/><D78/><U38/><E83/><V62/><F108/><W42/><G42/><T3/><D25/><N who="1" m="9803" /><E35/><V40/><F120/><W106/><G106/><T37/><D37/><U77/><E77/><V2/><F2/><W103/><G67/><T49/><N who="0" m="12288" /><DORA hai="115" /><T105/><D105/><U92/><E21/><V98/><F91/><W15/><G69/><T113/><D113/><U101/><E41/><V9/><F40/><W26/><G1/><T56/><D68/><U135/><E38/><V109/><F102/><W81/><G26/><T18/><D39/><U133/><E92/><V0/><F0/><W73/><G73/><T85/><D43/><U95/><E95/><V84/><F109/><W134/><G134/><N who="1" m="51210" /><E101/><V19/><F19/><W5/><G17/><T33/><D33/><U127/><E60/><V118/><F118/><W28/><G28/><T13/><D3/><U66/><E59/><V64/><F64/><AGARI ba="0,0" hai="64,66,124,126,127,129,130,131" m="51210,9803" machi="64" ten="50,32000,5" yakuman="39" doraHai="76,115" who="1" fromWho="2" sc="106,0,332,320,300,-320,262,0" owari="106,-29.4,652,75.2,-20,-52.0,262,6.2" /></mjloggm>