<mjloggm ver="2.3"><GO type="225" lobby="0"/><UN n0="%E7%BD%AA%E5%88%91%E6%B3%95%E5%AE%9A%E4%B8%BB%E7%BE%A9" n1="%E6%9A%87%E4%BA%BA%EF%BC%A0%E9%85%8D%E4%BF%A1%E5%9E%A2" n2="%E6%B4%BE%E9%81%A3%E3%81%AE%E3%82%B8%E3%83%A3%E3%83%83%E3%82%AF" n3="%E5%B0%8F%E9%B3%A5%E9%81%8A%E7%B7%B4%E7%84%A1%32%31%E6%AD%B3" dan="16,17,16,16" rate="2149.81,2189.55,2199.83,2177.19" sx="M,F,M,F"/><TAIKYOKU oya="0"/><INIT seed="0,0,0,3,3,27" ten="250,250,250,250" oya="0" hai0="28,95,42,5,25,104,33,40,48,127,128,3,4" hai1="18,45,94,77,100,50,2,111,83,87,62,101,106" hai2="82,126,12,75,74,58,43,56,112,117,63,15,6" hai3="1,30,133,24,64,52,132,17,38,13,122,81,125"/><T23/><D104/><U130/><E111/><V32/><F112/><W66/><G1/><T121/><D121/><U19/><E130/><V59/><F32/><N who="3" m="20551" /><G38/><T21/><D128/><U99/><E2/><V108/><F108/><W79/><G125/><T70/><D70/><U34/><E34/><V51/><F126/><W78/><G122/><T73/><D73/><U107/><E62/><V7/><F117/><W105/><G105/><T123/><D123/><U86/><E106/><V35/><F35/><W0/><G0/><T109/><D127/><U113/><E113/><V85/><F63/><W118/><G118/><T49/><D109/><U88/><REACH who="1" step="1"/><E101/><REACH who="1" ten="250,240,250,250" step="2"/><V71/><F71/><W116/><G116/><T39/><D3/><U80/><E80/><V96/><F82/><W84/><G78/><T131/><D33/><U31/><E31/><V53/><F74/><W76/><G79/><T47/><D131/><U9/><E9/><V124/><F75/><W97/><G76/><T55/><D28/><U20/><E20/><V37/><F124/><W67/><G81/><T72/><D72/><U135/><E135/><V41/><F37/><W93/><G133/><T115/><D115/><U120/><E120/><V103/><F103/><W129/><G132/><T44/><D23/><U22/><E22/><V36/><F36/><W11/><G129/><T92/><D39/><U16/><E16/><V8/><F8/><W68/><G11/><T69/><D95/><U119/><E119/><V14/><F6/><N who="0" m="2666" /><D92/><U110/><E110/><V89/><F7/><W57/><G93/><T65/><D21/><RYUUKYOKU ba="0,1" sc="250,-10,240,30,250,-10,250,-10" hai1="18,19,45,50,77,83,86,87,88,94,99,100,107" /><INIT seed="1,1,1,4,0,132" ten="240,270,240,240" oya="1" hai0="21,74,123,81,41,65,50,115,4,47,106,40,48" hai1="133,95,53,32,124,44,8,28,63,26,69,42,125" hai2="1,122,78,22,37,5,116,88,77,91,19,93,92" hai3="94,55,96,58,56,43,23,130,29,100,129,3,70"/><U86/><E133/><V75/><F116/><W25/><G70/><T114/><D106/><U46/><E8/><V20/><F122/><W39/><G3/><T135/><D135/><U30/><E30/><V121/><F121/><W52/><G43/><T62/><D123/><U14/><E14/><V102/><F37/><W120/><G39/><T45/><D4/><U38/><E46/><V107/><F107/><W89/><G89/><N who="2" m="34377" /><F1/><W104/><G104/><T16/><D81/><U7/><E7/><V80/><F5/><W110/><G110/><T128/><D74/><U61/><E86/><V126/><F75/><W90/><G90/><T59/><REACH who="0" step="1"/><D128/><REACH who="0" ten="230,270,240,240" step="2"/><U60/><E95/><V18/><F80/><W109/><G120/><T76/><D76/><U13/><E13/><AGARI ba="1,2" hai="13,16,21,40,41,45,47,48,50,59,62,65,114,115" machi="13" ten="30,7700,0" yaku="1,1,7,1,9,1,54,1,53,0" doraHai="132" doraHaiUra="35" who="0" fromWho="1" sc="230,100,270,-80,240,0,240,0" /><INIT seed="2,0,0,4,2,95" ten="330,190,240,240" oya="2" hai0="48,92,111,49,6,8,127,84,116,109,107,24,1" hai1="118,68,99,98,85,45,73,124,7,47,79,16,80" hai2="33,76,27,0,39,93,37,60,100,114,42,12,78" hai3="54,105,36,40,89,50,58,9,41,126,77,132,120"/><V88/><F0/><W113/><G120/><T5/><D107/><U101/><E118/><V52/><F114/><W17/><G113/><T123/><D123/><U72/><E68/><V130/><F100/><W125/><G77/><T129/><D116/><U4/><E124/><N who="3" m="47722" /><G36/><T81/><D127/><U82/><E16/><V135/><F135/><W74/><G74/><T97/><D129/><U64/><E64/><V103/><F103/><W86/><G105/><T133/><D24/><U119/><E119/><V23/><F130/><W67/><G67/><T35/><D35/><U117/><E117/><V32/><F32/><W69/><G69/><T122/><D6/><U75/><E82/><V10/><F33/><W66/><G66/><T91/><D133/><U62/><E62/><V106/><F106/><W26/><G132/><T38/><D38/><U57/><E57/><N who="2" m="34855" /><F42/><W31/><G31/><T56/><D122/><U13/><E101/><V83/><F83/><N who="3" m="49375" /><G26/><T65/><D65/><U34/><E34/><V63/><F63/><W18/><G18/><T30/><D30/><U43/><E47/><V14/><F37/><W94/><G94/><T3/><D56/><U25/><E25/><V53/><F39/><W21/><G40/><T102/><REACH who="0" step="1"/><D3/><REACH who="0" ten="320,190,240,240" step="2"/><U134/><E134/><V108/><F27/><N who="3" m="14767" /><G41/><T121/><D121/><U70/><E70/><V19/><F12/><W90/><G58/><T51/><AGARI ba="0,1" hai="1,5,8,48,49,51,81,84,91,92,97,102,109,111" machi="51" ten="30,4000,0" yaku="1,1,0,1,52,1,53,0" doraHai="95" doraHaiUra="71" who="0" fromWho="0" sc="320,50,190,-10,240,-20,240,-10" /><INIT seed="3,0,0,1,1,79" ten="370,180,220,230" oya="3" hai0="84,5,45,8,64,14,54,25,89,102,109,32,132" hai1="86,88,105,26,103,48,92,90,104,41,91,57,12" hai2="123,53,76,34,67,127,83,124,47,93,65,118,95" hai3="72,94,29,62,10,134,61,119,85,9,129,78,125"/><W133/><G72/><T121/><D121/><U44/><E104/><V112/><F118/><W99/><G119/><T22/><D109/><U21/><E12/><V98/><F34/><W4/><G29/><T75/><D75/><U66/><E105/><V30/><F30/><W63/><G129/><T114/><D132/><N who="3" m="50793" /><G4/><T71/><D32/><U69/><E69/><V31/><F31/><W42/><G42/><T110/><D110/><U11/><E11/><V128/><F128/><W58/><G58/><T23/><D114/><U111/><E111/><V20/><F20/><W28/><G28/><T36/><D36/><U50/><E103/><V113/><F123/><W101/><G125/><N who="2" m="48201" /><F53/><W126/><G126/><T35/><D35/><U51/><E66/><N who="2" m="25099" /><F47/><W87/><G87/><T13/><D64/><U130/><E130/><V96/><F96/><W120/><G120/><T82/><D71/><U70/><E70/><V40/><F40/><W60/><N who="3" m="15360" /><DORA hai="74" /><W80/><AGARI ba="0,0" hai="9,10,78,80,85,94,99,101" m="15360,50793" machi="80" ten="50,12000,1" yaku="4,1,20,1,52,2" doraHai="79,74" who="3" fromWho="3" sc="370,-40,180,-40,220,-40,230,120" owari="330,13.0,140,-36.0,180,-22.0,350,45.0" /></mjloggm>