<mjloggm ver="2.3"><GO type="225" lobby="0"/><UN n0="%72%65%6E%6B%75%6E" n1="%E3%81%9F%E3%81%A3%E3%81%A1%E3%82%87" n2="%E3%81%9F%E3%81%8C%E3%82%84%E3%81%99" n3="%72%69%6F%75%63%68%61%6E" dan="17,16,16,17" rate="2300.77,2112.49,2124.38,2240.98" sx="M,M,M,M"/><TAIKYOKU oya="0"/><INIT seed="0,0,0,2,5,65" ten="250,250,250,250" oya="0" hai0="134,107,106,89,55,132,101,126,16,123,124,43,74" hai1="60,88,27,56,71,26,17,121,4,61,18,9,51" hai2="48,69,97,102,103,113,3,119,116,21,2,7,90" hai3="36,110,94,83,109,75,80,129,120,70,73,133,66"/><T39/><D55/><U46/><E121/><V104/><F103/><W96/><G36/><T128/><D123/><U47/><E71/><V127/><F113/><W35/><G120/><T41/><D74/><N who="3" m="28169" /><G35/><T28/><D28/><U64/><E61/><V135/><F69/><W58/><G58/><T31/><D31/><U23/><E88/><V86/><F127/><N who="0" m="48682" /><D89/><U100/><E100/><V1/><F135/><N who="0" m="51754" /><D39/><U15/><E51/><V11/><F21/><AGARI ba="0,0" hai="4,9,15,17,18,21,23,26,27,46,47,56,60,64" machi="21" ten="40,2600,0" yaku="9,1,8,1" doraHai="65" who="1" fromWho="2" sc="250,0,250,26,250,-26,250,0" /><INIT seed="1,0,0,1,3,54" ten="250,276,224,250" oya="1" hai0="23,35,13,59,28,47,9,18,110,44,64,43,29" hai1="87,57,61,17,130,134,72,131,40,16,74,77,95" hai2="122,111,32,25,14,60,20,4,48,53,3,129,83" hai3="125,63,38,116,119,12,86,121,46,76,107,0,79"/><U102/><E134/><V58/><F3/><W109/><G121/><T92/><D110/><U26/><E40/><V34/><F122/><W5/><G109/><T6/><D35/><U27/><E87/><V36/><F36/><W126/><G0/><T22/><D92/><U133/><E133/><V11/><F111/><W10/><G107/><T114/><D114/><U108/><E108/><V99/><F129/><N who="1" m="49161" /><E95/><V124/><F124/><N who="3" m="47723" /><G63/><N who="0" m="38015" /><D43/><U101/><E77/><N who="3" m="29770" /><G86/><T7/><D23/><U42/><E42/><AGARI ba="0,0" hai="5,10,12,38,42,46,116,119" m="29770,47723" machi="42" ten="30,1000,0" yaku="18,1" doraHai="54" who="3" fromWho="1" sc="250,0,276,-10,224,0,250,10" /><INIT seed="2,0,0,0,0,43" ten="250,266,224,260" oya="2" hai0="92,69,49,88,108,52,132,15,96,76,87,66,24" hai1="32,28,8,80,65,29,127,6,100,129,17,10,135" hai2="48,115,47,39,124,51,110,131,38,11,103,106,126" hai3="34,55,16,113,42,91,40,56,9,7,109,112,59"/><V67/><F103/><W2/><G109/><T116/><D108/><U130/><E100/><V74/><F106/><W13/><G34/><T21/><D132/><U79/><E65/><V98/><F98/><W95/><G40/><T5/><D116/><U111/><E111/><V134/><F74/><W120/><G42/><T44/><D69/><U30/><E80/><V84/><F110/><W36/><G36/><N who="2" m="13865" /><F84/><N who="3" m="52711" /><G120/><T0/><D0/><N who="1" m="71" /><E79/><V107/><F107/><W46/><G46/><T70/><D70/><U82/><E82/><V22/><F115/><N who="3" m="44107" /><G55/><T61/><D66/><U85/><E85/><V45/><F67/><W93/><G93/><T23/><D61/><U27/><E135/><V14/><F134/><W26/><G26/><T81/><D24/><U104/><E104/><V62/><F62/><W102/><G102/><T119/><D119/><U133/><E133/><V105/><F105/><W1/><G1/><T18/><D5/><U90/><E32/><V71/><F71/><W128/><G128/><T20/><AGARI ba="0,0" hai="15,18,20,21,23,44,49,52,76,81,87,88,92,96" machi="20" ten="20,12000,2" yaku="0,1,7,1,8,1,52,1,54,2" doraHai="43" who="0" fromWho="0" sc="250,120,266,-30,224,-60,260,-30" /><INIT seed="3,0,0,1,5,12" ten="370,236,164,230" oya="3" hai0="46,44,52,69,5,100,24,79,18,30,120,42,4" hai1="118,80,63,115,64,9,45,38,61,91,129,47,114" hai2="88,132,29,31,10,117,67,102,55,108,62,48,40" hai3="71,13,20,37,104,49,135,84,76,6,86,33,111"/><W28/><G37/><T51/><D69/><U119/><E129/><V130/><F102/><W97/><G135/><T105/><D120/><U74/><E9/><V8/><F117/><N who="1" m="44553" /><E38/><V0/><F132/><W107/><G71/><T57/><D79/><N who="1" m="44151" /><E91/><V27/><F130/><W82/><G111/><T15/><D46/><N who="1" m="17419" /><E61/><V34/><F108/><W127/><G28/><T25/><D100/><U36/><E36/><V113/><F113/><W43/><G33/><T101/><D101/><U17/><E17/><V99/><F31/><W56/><G107/><T103/><D25/><U70/><AGARI ba="0,0" hai="63,64,70,114,115" m="17419,44151,44553" machi="70" ten="30,1100,0" yaku="12,1" doraHai="12" who="1" fromWho="1" sc="370,-3,236,11,164,-3,230,-5" owari="367,46.7,247,4.7,161,-33.9,225,-17.5" /></mjloggm>