<mjloggm ver="2.3"><GO type="225" lobby="0"/><UN n0="%E7%AD%89%E3%80%85%E5%8A%9B%E5%8A%87%E5%A0%B4" n1="%E3%81%82%E3%81%99%E3%81%AB%E3%82%83%E3%82%80" n2="%6D%75%75%6D%75%72%61" n3="%E8%81%B7%E6%A5%AD%E3%80%81%E9%A2%A8%32" dan="16,16,16,16" rate="2122.73,2177.49,2198.38,2144.58" sx="M,F,F,M"/><TAIKYOKU oya="0"/><INIT seed="0,0,0,3,5,105" ten="250,250,250,250" oya="0" hai0="88,135,78,26,29,14,75,28,92,132,49,118,106" hai1="74,122,112,54,12,97,77,126,44,130,6,46,25" hai2="101,8,34,68,63,134,98,82,79,102,61,9,53" hai3="104,115,131,73,120,108,23,107,27,57,100,87,103"/><T52/><D118/><U83/><E122/><V38/><F134/><N who="0" m="51242" /><D106/><U69/><E69/><V36/><F34/><W96/><G115/><T65/><D65/><U32/><E112/><V30/><F30/><W64/><G120/><T24/><D14/><U111/><E111/><V37/><F68/><W84/><G108/><T10/><D10/><U114/><E114/><V50/><F9/><W127/><G73/><T4/><D4/><U1/><E1/><V80/><F8/><W59/><G127/><T85/><D26/><U125/><E130/><V5/><F5/><W2/><G2/><T48/><D49/><U56/><E97/><V47/><F82/><W41/><G131/><T43/><D43/><U20/><E32/><V0/><F0/><W116/><G116/><T35/><D29/><N who="1" m="17575" /><E12/><V11/><F11/><W39/><G41/><T66/><D66/><U81/><E81/><V76/><F76/><W89/><G39/><T99/><D99/><U7/><E7/><V110/><F110/><W15/><G64/><T18/><D18/><U13/><E13/><V45/><F45/><W19/><G15/><T86/><D86/><N who="3" m="32809" /><G107/><T58/><D78/><U40/><E6/><V22/><F98/><W121/><G104/><T70/><D70/><U33/><E33/><V133/><F133/><W90/><G121/><T60/><D75/><U93/><E40/><V42/><F42/><W51/><G96/><T123/><D123/><U94/><E44/><V67/><F67/><W17/><G17/><T128/><D128/><U117/><E46/><V95/><F37/><W124/><G19/><RYUUKYOKU ba="0,0" sc="250,30,250,-10,250,-10,250,-10" hai0="24,28,35,48,52,58,60,85,88,92" /><INIT seed="0,1,0,2,4,79" ten="280,240,240,240" oya="0" hai0="99,116,95,13,132,5,4,129,64,15,26,46,57" hai1="98,52,117,49,32,88,60,90,42,59,6,22,119" hai2="1,85,37,74,9,121,67,2,0,16,23,50,78" hai3="61,108,92,106,10,82,33,51,89,113,70,63,103"/><T12/><D116/><U40/><E32/><V110/><F37/><W131/><G108/><T101/><D132/><U30/><E6/><V114/><F121/><W133/><G33/><T38/><D129/><U7/><E7/><V115/><F114/><W135/><G131/><T47/><D38/><U53/><E119/><V122/><F115/><W45/><G113/><T130/><D130/><U68/><E68/><V97/><F122/><W81/><G106/><T24/><D4/><U21/><E117/><V69/><F74/><W120/><G103/><T18/><D5/><U128/><E128/><V62/><F110/><W107/><G10/><T55/><D64/><U75/><E75/><V36/><F36/><W87/><G107/><T56/><D57/><U58/><E30/><V43/><F97/><W17/><G17/><T134/><D134/><N who="3" m="51209" /><G120/><T80/><D80/><N who="3" m="30825" /><G70/><T84/><D18/><U35/><E35/><V11/><F11/><W91/><G89/><N who="1" m="34410" /><E98/><V14/><F85/><W111/><G111/><T123/><D84/><U19/><E19/><V48/><F78/><W65/><G65/><T124/><D123/><U77/><E77/><V93/><F2/><W31/><G31/><T41/><D99/><U3/><E3/><V83/><F1/><W94/><G94/><T20/><D95/><U96/><E96/><V127/><F93/><W71/><G71/><T73/><D73/><U72/><E72/><V102/><F0/><W25/><G25/><T34/><D26/><U86/><E86/><V118/><F102/><W100/><G100/><T8/><D101/><U28/><E28/><RYUUKYOKU ba="1,0" sc="280,-15,240,15,240,-15,240,15" hai1="21,22,40,42,49,52,53,58,59,60" hai3="45,51,61,63,87,91,92" /><INIT seed="1,2,0,3,0,28" ten="265,255,225,255" oya="1" hai0="89,102,68,91,101,103,23,0,33,29,20,135,9" hai1="115,44,45,57,11,3,60,121,69,88,129,126,74" hai2="111,112,17,10,7,104,62,108,107,65,127,50,90" hai3="84,67,122,93,77,35,96,14,39,15,59,1,76"/><U16/><E115/><V19/><F112/><W21/><G1/><T34/><D68/><U61/><E121/><V123/><F123/><W2/><G2/><T118/><D0/><U134/><E74/><V66/><F7/><W109/><G35/><N who="0" m="13323" /><D29/><U38/><E38/><V124/><F50/><W82/><G39/><T18/><D18/><N who="2" m="6666" /><F90/><N who="0" m="34314" /><D9/><U119/><E16/><V51/><F51/><W85/><G122/><T13/><D13/><U110/><E57/><V125/><F10/><W55/><G59/><T78/><D78/><U116/><E69/><N who="2" m="42167" /><F66/><W24/><G67/><T86/><D86/><U53/><E53/><V27/><F27/><W70/><G55/><T81/><D81/><U100/><E11/><V94/><F94/><W8/><G93/><T92/><D92/><U54/><E54/><V31/><F31/><W114/><G70/><T52/><D52/><U40/><E3/><V120/><F120/><W131/><G82/><T75/><D75/><U97/><E45/><V22/><F22/><N who="0" m="8234" /><D118/><U106/><E119/><V71/><F71/><W47/><G15/><T64/><D64/><U83/><E116/><V12/><F12/><W49/><G14/><T98/><D98/><U130/><E97/><V87/><F87/><W30/><G85/><T56/><D56/><U95/><E95/><V25/><F25/><W128/><G24/><T117/><D117/><U26/><E88/><V63/><F63/><W5/><G84/><T133/><AGARI ba="2,0" hai="101,102,103,133,135" m="8234,34314,13323" machi="133" ten="40,8000,1" yaku="28,2,52,3" doraHai="28" who="0" fromWho="0" sc="265,86,255,-42,225,-22,255,-22" /><INIT seed="2,0,0,4,0,5" ten="351,213,203,233" oya="2" hai0="133,120,69,49,37,97,79,112,87,22,92,56,135" hai1="51,75,30,129,42,70,114,91,68,115,13,130,73" hai2="32,18,125,6,103,38,52,14,78,27,104,126,25" hai3="16,48,106,36,64,62,72,99,26,93,116,96,83"/><V58/><F38/><W11/><G36/><T110/><D69/><N who="1" m="26731" /><E30/><V100/><F78/><W0/><G116/><T1/><D120/><U95/><E13/><V65/><F65/><W33/><G72/><N who="1" m="27722" /><E51/><N who="2" m="31007" /><F6/><W98/><G106/><T113/><D37/><U60/><E60/><V67/><F67/><W4/><G48/><T84/><D1/><U23/><E23/><V128/><F128/><N who="1" m="49257" /><E42/><V46/><F46/><W121/><G121/><T61/><D49/><U9/><E9/><N who="2" m="6479" /><F32/><W63/><G33/><T12/><D61/><U105/><E105/><V122/><F122/><W82/><G63/><T29/><D22/><U31/><E31/><V94/><F104/><W134/><G62/><T124/><D29/><U71/><E71/><V2/><F2/><W40/><G0/><T41/><D41/><U76/><E76/><V39/><F39/><W90/><G40/><T8/><D79/><U66/><E66/><V86/><F125/><W7/><G64/><T85/><D124/><U101/><E101/><N who="2" m="38987" /><F126/><W45/><G7/><T57/><D57/><U111/><E111/><V53/><F53/><W47/><G4/><T119/><D110/><U3/><E3/><V123/><F123/><W59/><G47/><T132/><D56/><U131/><E131/><V118/><F118/><W43/><G59/><T17/><D119/><U80/><E80/><V81/><F81/><W34/><G83/><T50/><D50/><U55/><E55/><V28/><F28/><W74/><G82/><T88/><AGARI ba="0,0" hai="8,12,17,84,85,87,88,92,97,112,113,132,133,135" machi="88" ten="40,8000,1" yaku="0,1,20,1,52,1,54,1" doraHai="5" who="0" fromWho="0" sc="351,80,213,-20,203,-40,233,-20" /><INIT seed="3,0,0,2,4,42" ten="431,193,163,213" oya="3" hai0="34,39,106,6,8,99,48,92,2,98,110,96,46" hai1="33,76,85,1,17,57,28,100,131,26,7,10,49" hai2="38,71,20,61,63,4,95,0,25,15,11,80,79" hai3="45,5,74,44,29,126,91,86,56,115,117,112,90"/><W60/><G74/><T116/><D116/><U24/><E131/><V31/><F38/><W55/><G117/><T68/><D68/><U109/><E109/><V12/><F71/><W129/><G129/><T67/><D34/><U78/><E100/><V130/><F130/><W53/><G126/><T105/><D39/><U54/><E24/><V94/><F0/><W16/><G5/><T104/><D67/><U41/><E41/><V35/><F35/><W124/><G124/><T101/><REACH who="0" step="1"/><D110/><REACH who="0" ten="421,193,163,213" step="2"/><U132/><E132/><V37/><F37/><W81/><G112/><T123/><D123/><U82/><E17/><V66/><F12/><W121/><G115/><T23/><D23/><U125/><E125/><V88/><F66/><W32/><G121/><T13/><D13/><U111/><E111/><V40/><F40/><AGARI ba="0,1" hai="2,6,8,40,46,48,92,96,98,99,101,104,105,106" machi="40" ten="40,2600,0" yaku="1,1,52,1,53,0" doraHai="42" doraHaiUra="51" who="0" fromWho="2" sc="421,36,193,0,163,-26,213,0" owari="457,55.7,193,-20.7,137,-36.3,213,1.3" /></mjloggm>