<mjloggm ver="2.3"><GO type="225" lobby="0"/><UN n0="%E3%81%A9%E3%82%8F%E3%82%93%E3%81%94" n1="%E3%81%8F%E3%81%BE%E3%81%96%E3%82%8F" n2="%43%68%65" n3="%E2%91%A3%E9%81%BF%E9%81%8A%E6%88%AF%E3%80%90%E6%9D%B1%E5%8D%97%E3%80%91" dan="16,16,16,16" rate="2211.40,2036.41,2106.38,2103.19" sx="M,M,M,M"/><TAIKYOKU oya="0"/><INIT seed="0,0,0,4,4,76" ten="250,250,250,250" oya="0" hai0="53,7,131,94,95,104,37,65,101,45,57,64,120" hai1="99,66,4,100,26,24,60,31,72,33,106,22,119" hai2="54,96,18,78,19,35,132,38,116,115,68,91,32" hai3="69,48,74,28,58,87,75,3,82,6,15,98,16"/><T34/><D131/><U117/><E4/><V52/><F68/><W127/><G69/><T102/><D120/><U129/><E129/><V83/><F38/><W61/><G127/><T130/><D34/><U134/><E134/><V103/><F91/><W133/><G133/><T105/><D7/><U80/><E72/><V63/><F115/><W85/><G85/><T88/><D130/><U46/><E46/><V30/><F132/><W42/><G98/><T70/><D70/><N who="1" m="42311" /><E80/><V25/><F35/><W51/><G28/><AGARI ba="0,0" hai="22,24,26,28,31,33,99,100,106,117,119" m="42311" machi="28" ten="30,1000,0" yaku="25,1" doraHai="76" who="1" fromWho="3" sc="250,0,250,10,250,0,250,-10" /><INIT seed="1,0,0,1,2,100" ten="250,260,250,240" oya="1" hai0="39,116,113,12,112,31,110,123,68,20,21,16,84" hai1="120,67,1,2,96,54,56,51,82,87,55,98,108" hai2="89,93,5,64,63,3,134,79,85,74,133,121,103" hai3="23,18,72,26,78,94,42,71,91,35,32,75,19"/><U36/><E120/><V37/><F37/><W102/><G71/><T34/><D68/><U7/><E36/><V52/><F121/><W129/><G129/><T70/><D70/><U105/><E108/><V22/><F64/><W60/><G42/><T131/><D39/><U66/><E7/><V6/><F22/><W126/><G126/><T132/><D84/><U53/><E87/><V29/><F29/><W30/><G102/><T114/><D123/><U127/><E82/><N who="2" m="45431" /><F103/><W101/><G101/><T65/><D65/><U125/><E55/><V48/><F63/><W62/><G75/><T8/><D116/><U38/><E38/><V10/><F10/><W106/><G106/><T49/><D49/><U4/><E4/><V45/><F3/><W135/><G78/><T99/><D99/><U80/><E80/><V122/><F122/><W27/><G72/><T9/><D110/><U119/><E51/><V95/><F95/><W25/><G35/><T24/><D132/><AGARI ba="0,0" hai="5,6,45,48,52,85,89,93,132,133,134" m="45431" machi="132" ten="30,2000,0" yaku="20,1,54,1" doraHai="100" who="2" fromWho="0" sc="250,-20,260,0,250,20,240,0" /><INIT seed="2,0,0,3,0,127" ten="230,260,270,240" oya="2" hai0="32,113,124,14,57,52,120,76,40,26,4,88,37" hai1="56,62,13,86,23,49,100,102,125,108,67,79,129" hai2="66,91,132,92,71,27,30,36,42,96,85,51,3" hai3="122,114,78,97,106,21,77,22,25,64,105,89,50"/><V6/><F36/><W12/><G122/><T111/><D120/><U16/><E125/><V33/><F132/><W119/><G119/><T5/><D124/><U18/><E108/><V54/><F42/><W133/><G133/><T46/><D113/><U8/><E129/><V34/><F34/><W134/><G114/><T60/><D111/><U68/><E68/><V69/><F66/><W80/><G134/><T43/><D43/><U41/><E79/><V48/><F48/><W90/><G64/><T2/><D76/><U1/><E86/><V83/><F6/><W98/><G50/><T87/><D2/><U58/><E1/><V74/><F74/><W24/><G12/><T99/><D99/><U112/><E112/><V35/><F35/><W20/><G20/><T104/><D104/><U101/><E41/><V131/><F131/><W126/><G126/><T55/><D55/><N who="1" m="31855" /><E102/><V0/><F0/><W84/><G84/><T117/><D14/><AGARI ba="0,0" hai="8,13,14,16,18,23,58,62,67,100,101" m="31855" machi="14" ten="30,2000,0" yaku="8,1,54,1" doraHai="127" who="1" fromWho="0" sc="230,-20,260,20,270,0,240,0" /><INIT seed="3,0,0,0,1,77" ten="210,280,270,240" oya="3" hai0="91,22,128,25,125,124,7,70,135,104,2,34,118" hai1="46,87,133,31,47,48,45,123,72,126,94,1,53" hai2="15,98,50,58,65,49,10,121,113,23,51,81,115" hai3="107,12,39,127,44,59,122,76,78,82,106,116,93"/><W112/><G122/><T100/><D118/><U88/><E123/><V18/><F121/><W41/><G116/><T52/><D34/><U83/><E1/><V56/><F98/><W62/><G112/><T27/><D70/><U85/><E72/><V103/><F103/><W108/><G78/><T17/><D135/><U99/><E126/><N who="0" m="48745" /><D128/><U131/><E131/><V68/><F68/><W132/><G132/><T4/><D2/><U130/><E130/><V0/><F115/><W134/><G134/><T75/><D75/><U92/><E31/><V14/><F0/><W13/><G93/><T63/><D27/><U21/><E21/><V42/><F42/><W6/><G108/><T84/><D100/><N who="1" m="60519" /><E133/><V117/><F117/><W32/><G32/><T5/><D104/><U57/><E57/><N who="2" m="22123" /><F65/><W96/><G127/><T9/><D63/><U43/><E43/><V64/><F64/><W66/><G96/><T97/><D97/><U11/><E11/><V16/><F113/><W90/><G90/><AGARI ba="0,0" hai="45,46,47,48,53,83,85,87,88,90,94" m="60519" machi="90" ten="30,3900,0" yaku="8,1,52,1,54,1" doraHai="77" who="1" fromWho="3" sc="210,0,280,39,270,0,240,-39" owari="210,-19.0,319,41.9,270,7.0,201,-29.9" /></mjloggm>