<mjloggm ver="2.3"><GO type="225" lobby="0"/><UN n0="%E5%86%B7%E5%87%8D%E3%82%AE%E3%83%A7%E3%83%BC%E3%82%B6" n1="%72%69%6F%75%63%68%61%6E" n2="%E5%B8%86%E7%AB%8B%E5%A4%8F%E8%A1%A3" n3="%E6%B4%BE%E9%81%A3%E3%81%AE%E3%82%B8%E3%83%A3%E3%83%83%E3%82%AF" dan="16,16,16,17" rate="2159.37,2283.79,2180.00,2225.69" sx="M,M,M,M"/><TAIKYOKU oya="0"/><INIT seed="0,0,0,2,2,25" ten="250,250,250,250" oya="0" hai0="101,114,124,93,126,75,111,46,27,97,83,16,49" hai1="41,109,1,15,73,4,36,65,17,87,29,56,96" hai2="53,48,90,44,84,55,24,72,66,0,52,106,105" hai3="132,33,76,61,113,110,62,21,125,2,35,18,107"/><T13/><D114/><U50/><E73/><V112/><F72/><W8/><G113/><T54/><D111/><U100/><E109/><V31/><F0/><W57/><G107/><T108/><D108/><U133/><E133/><V88/><F66/><W91/><G110/><T119/><D119/><U6/><E1/><V20/><F112/><W89/><G76/><T28/><D83/><U64/><E36/><V51/><F90/><W79/><G79/><T59/><D46/><U23/><E29/><V135/><F135/><W14/><G125/><T102/><D102/><U11/><E87/><V32/><F32/><W60/><G57/><T85/><D85/><U99/><E99/><V78/><F78/><W38/><G38/><T37/><D37/><U129/><E129/><V63/><F63/><W98/><G132/><T121/><D121/><U86/><E86/><V130/><F130/><W47/><G47/><T30/><D75/><U71/><E71/><V67/><F67/><N who="1" m="25673" /><E11/><V115/><F115/><W9/><G98/><T43/><D43/><U94/><E56/><N who="2" m="32775" /><F106/><W12/><G2/><T123/><D123/><U92/><E94/><N who="2" m="54535" /><F105/><W82/><G82/><T10/><REACH who="0" step="1"/><D28/><REACH who="0" ten="240,250,250,250" step="2"/><U77/><E77/><V3/><F3/><W58/><G58/><T39/><D39/><U69/><E69/><V117/><F117/><W42/><G42/><AGARI ba="0,1" hai="20,24,31,42,44,51,53,55" m="54535,32775" machi="42" ten="30,7700,0" yaku="8,1,52,1,54,2" doraHai="25" who="2" fromWho="3" sc="240,0,250,0,250,87,250,-77" /><INIT seed="1,0,0,1,5,49" ten="240,250,337,173" oya="1" hai0="20,121,5,82,95,129,113,80,84,26,33,11,114" hai1="37,100,101,118,29,107,78,13,109,51,8,61,66" hai2="56,74,119,88,76,18,64,36,105,38,124,75,93" hai3="71,21,42,134,81,85,52,73,135,16,90,40,131"/><U128/><E118/><V27/><F105/><W117/><G71/><T115/><D121/><U83/><E37/><V125/><F119/><W122/><G122/><T103/><D33/><U47/><E128/><V44/><F64/><W70/><G70/><T92/><D129/><U106/><E29/><V17/><F56/><W35/><G35/><T12/><D103/><U34/><E34/><V130/><F130/><W55/><G73/><T24/><D80/><U87/><E109/><V50/><F76/><W102/><G102/><T7/><D7/><U110/><E110/><V96/><F75/><W97/><G97/><T65/><D65/><U120/><E120/><V132/><F74/><W94/><G94/><T104/><D104/><U69/><E107/><V99/><F99/><W30/><G30/><T60/><D60/><U116/><E116/><V9/><F132/><N who="3" m="50731" /><G117/><T14/><D14/><U126/><E126/><N who="2" m="48747" /><F27/><N who="3" m="14759" /><G131/><T23/><D24/><U32/><E32/><V28/><F28/><W98/><G98/><T59/><D26/><U15/><E106/><V10/><F18/><W2/><G2/><T63/><D113/><U48/><E15/><N who="2" m="7407" /><F10/><W58/><G58/><T53/><D114/><U123/><E123/><V22/><F22/><N who="0" m="8234" /><D115/><U6/><E101/><V86/><F96/><W45/><G45/><T39/><D39/><U19/><E100/><V57/><F57/><W0/><G0/><T111/><D111/><U108/><E108/><V41/><AGARI ba="0,0" hai="36,38,41,44,50,86,88,93" m="7407,48747" machi="41" ten="30,2000,0" yaku="18,1,54,1" doraHai="49" who="2" fromWho="2" sc="240,-5,250,-10,337,20,173,-5" /><INIT seed="2,0,0,1,0,44" ten="235,240,357,168" oya="2" hai0="93,129,63,47,79,108,24,64,135,0,127,20,128" hai1="134,122,59,125,90,61,84,22,86,131,101,119,94" hai2="7,56,76,38,107,4,117,12,53,72,68,19,88" hai3="95,114,110,85,105,75,96,104,65,124,18,89,9"/><V57/><F68/><W30/><G30/><T51/><D0/><U39/><E119/><V3/><F38/><W54/><G75/><T37/><D37/><U21/><E39/><V70/><F70/><W25/><G65/><T67/><D108/><U92/><E125/><V74/><F107/><W100/><G110/><T123/><D123/><U1/><E1/><V49/><F117/><W109/><G109/><T28/><D135/><U55/><E134/><V45/><F3/><W73/><G73/><T80/><D93/><U29/><E131/><N who="0" m="50249" /><D63/><U8/><E122/><V132/><F132/><W32/><G124/><T81/><D81/><U43/><E43/><V78/><F74/><W27/><G114/><T113/><D113/><U42/><E42/><V36/><F36/><W121/><G121/><T71/><D71/><U103/><E8/><V116/><F116/><W87/><G104/><T118/><D118/><U10/><E10/><N who="2" m="6551" /><F72/><W83/><G32/><T50/><D127/><U91/><REACH who="1" step="1"/><E29/><REACH who="1" ten="235,230,357,168" step="2"/><V133/><F133/><W60/><G9/><T46/><D67/><U58/><E58/><V62/><F57/><N who="3" m="34871" /><G18/><T82/><D64/><U106/><E106/><V115/><F115/><W66/><G66/><T2/><D2/><U111/><E111/><V97/><F7/><W40/><G40/><N who="0" m="24903" /><D79/><U98/><E98/><V26/><F78/><N who="3" m="46327" /><G105/><T102/><D102/><AGARI ba="0,1" hai="21,22,55,59,61,84,86,90,91,92,94,101,102,103" machi="102" ten="40,8000,1" yaku="1,1,9,1,8,1,53,2" doraHai="44" doraHaiUra="16" who="1" fromWho="0" sc="235,-80,230,90,357,0,168,0" /><INIT seed="3,0,0,3,3,99" ten="155,320,357,168" oya="3" hai0="113,77,89,10,127,134,83,92,18,98,56,124,71" hai1="8,81,100,95,16,38,48,15,129,114,112,26,131" hai2="75,66,74,40,7,133,52,62,32,34,12,4,116" hai3="85,125,19,50,118,60,20,121,22,105,23,67,17"/><W9/><G121/><T35/><D71/><U59/><E38/><V3/><F116/><W37/><G118/><T135/><D35/><U54/><E81/><V111/><F52/><W122/><G122/><T102/><D56/><U130/><E26/><V87/><F7/><W51/><G37/><T84/><D113/><U106/><E106/><V6/><F6/><W96/><G125/><N who="0" m="48203" /><D18/><U42/><E42/><V24/><F12/><W31/><G31/><T13/><D13/><U58/><E58/><V53/><F53/><W109/><G109/><T73/><D10/><U103/><E95/><AGARI ba="0,0" hai="73,77,83,84,89,92,95,98,102,134,135" m="48203" machi="95" ten="30,7700,0" yaku="18,1,34,2,52,1" doraHai="99" who="0" fromWho="1" sc="155,77,320,-77,357,0,168,0" owari="232,-16.8,243,4.3,357,45.7,168,-33.2" /></mjloggm>