<mjloggm ver="2.3"><GO type="225" lobby="0"/><UN n0="%E8%83%83%E3%81%A8%E8%85%B8" n1="%E6%B0%B7%E5%B7%9D%E9%87%8C%E5%A5%88" n2="%E6%9A%87%E4%BA%BA%EF%BC%A0%E9%85%8D%E4%BF%A1%E5%9E%A2" n3="%E6%B8%A9%E2%98%85%E6%83%85%E2%98%85%E6%8E%AA%E2%98%85%E7%BD%AE" dan="16,16,17,16" rate="2161.21,2127.95,2178.55,2147.81" sx="M,F,F,M"/><TAIKYOKU oya="0"/><INIT seed="0,0,0,5,3,36" ten="250,250,250,250" oya="0" hai0="114,89,55,110,92,78,122,29,132,45,97,39,43" hai1="12,129,31,64,111,123,104,58,0,101,96,120,95" hai2="54,62,88,13,14,21,103,109,76,10,84,48,90" hai3="83,68,28,134,107,32,61,26,77,46,117,125,47"/><T74/><D114/><U56/><E0/><V11/><F109/><W94/><G134/><T16/><D122/><U106/><E111/><V50/><F103/><W49/><G125/><T40/><D110/><U126/><E129/><V8/><F76/><W112/><G117/><T130/><D29/><U25/><E126/><V116/><F116/><W67/><G112/><T37/><D130/><U15/><E104/><V4/><F21/><W71/><G71/><T100/><D132/><U6/><E106/><V2/><F2/><W59/><G94/><T22/><D55/><U1/><E1/><V42/><F62/><W63/><G107/><T20/><D100/><U7/><E15/><N who="2" m="5643" /><F4/><N who="1" m="1577" /><E12/><V105/><F105/><W102/><G102/><T72/><D78/><U35/><E35/><V86/><F54/><W66/><REACH who="3" step="1"/><G49/><REACH who="3" ten="250,250,250,240" step="2"/><N who="2" m="19049" /><F42/><W30/><G30/><T127/><D127/><U108/><E108/><V85/><AGARI ba="0,1" hai="8,10,11,84,85,86,88,90" m="19049,5643" machi="85" ten="40,12000,2" yaku="28,2,26,2,8,1,54,1" doraHai="36" who="2" fromWho="2" sc="250,-60,250,-30,250,130,240,-30" /><INIT seed="1,0,0,4,1,95" ten="190,220,380,210" oya="1" hai0="38,59,90,124,70,108,125,9,7,24,63,127,54" hai1="6,36,46,20,41,112,62,98,4,21,104,73,2" hai2="60,67,22,23,115,51,42,56,44,19,135,66,93" hai3="76,122,118,43,72,110,86,27,16,15,121,89,40"/><U57/><E112/><V68/><F115/><W18/><G110/><T61/><D108/><U64/><E73/><V50/><F135/><W81/><G118/><T128/><D128/><U109/><E109/><V79/><F79/><W71/><G71/><T52/><D24/><U130/><E130/><V132/><F132/><W28/><G43/><T0/><D38/><U84/><E84/><V5/><F5/><W102/><G40/><T74/><D74/><U34/><E34/><V1/><F1/><W99/><G28/><T45/><D90/><U113/><E113/><V33/><F33/><W69/><G69/><T94/><D94/><U111/><E111/><V65/><F68/><W123/><G27/><T92/><D92/><U75/><E75/><V77/><F77/><W83/><REACH who="3" step="1"/><G15/><REACH who="3" ten="190,220,380,200" step="2"/><T131/><D131/><U58/><E2/><V48/><F42/><W96/><G96/><T106/><D70/><U91/><E41/><V85/><F44/><W39/><G39/><T114/><D114/><U13/><E46/><V11/><F56/><W100/><G100/><T107/><D45/><U12/><E36/><V97/><F97/><W80/><G80/><T35/><D35/><U116/><E98/><V10/><F60/><W87/><G87/><T17/><D17/><U88/><E62/><V117/><F117/><W105/><AGARI ba="0,1" hai="16,18,72,76,81,83,86,89,99,102,105,121,122,123" machi="105" ten="30,7900,0" yaku="1,1,0,1,52,1,54,1,53,0" doraHai="95" doraHaiUra="8" who="3" fromWho="3" sc="190,-20,220,-39,380,-20,200,89" /><INIT seed="2,0,0,4,1,127" ten="170,181,360,289" oya="2" hai0="30,34,8,75,73,95,96,4,46,117,32,37,26" hai1="47,25,9,20,53,71,122,6,41,55,65,11,128" hai2="118,107,10,52,126,44,5,89,130,120,114,98,72" hai3="134,102,60,24,78,12,18,99,59,61,15,57,23"/><V19/><F114/><W77/><G134/><T2/><D117/><U131/><E122/><V35/><F118/><W51/><G51/><T88/><REACH who="0" step="1"/><D32/><REACH who="0" ten="160,181,360,289" step="2"/><U49/><E71/><V79/><F35/><W112/><G112/><T85/><D85/><U48/><E65/><V119/><F119/><W21/><G78/><T104/><D104/><U33/><E33/><V94/><F107/><W110/><G77/><T40/><AGARI ba="0,1" hai="2,4,8,26,30,34,37,40,46,73,75,88,95,96" machi="40" ten="30,8000,1" yaku="1,1,0,1,54,1,53,2" doraHai="127" doraHaiUra="106" who="0" fromWho="0" sc="160,90,181,-20,360,-40,289,-20" /><INIT seed="3,0,0,2,3,83" ten="250,161,320,269" oya="3" hai0="111,62,54,21,65,114,131,18,27,48,134,135,4" hai1="103,100,61,84,8,53,31,26,37,1,78,58,57" hai2="9,72,50,104,45,98,86,41,80,127,124,7,17" hai3="116,20,56,90,129,39,118,75,29,49,113,3,107"/><W110/><G113/><T71/><D114/><U6/><E37/><V88/><F17/><W130/><G3/><T70/><D70/><U69/><E69/><V11/><F72/><W10/><G107/><T43/><D111/><U59/><E59/><V34/><F34/><W5/><G75/><T99/><D131/><N who="3" m="50185" /><G39/><T35/><D43/><U95/><E58/><V68/><F68/><W128/><G110/><T73/><D73/><U123/><E123/><V2/><REACH who="2" step="1"/><F11/><REACH who="2" ten="250,161,310,269" step="2"/><W109/><G109/><T91/><D35/><U42/><E42/><V22/><F22/><W25/><G128/><T85/><D4/><U82/><REACH who="1" step="1"/><E95/><REACH who="1" ten="250,151,310,269" step="2"/><V77/><F77/><W112/><G112/><T28/><D71/><U119/><E119/><V16/><F16/><W64/><G56/><T125/><D18/><U87/><E87/><V14/><F14/><N who="3" m="5455" /><G64/><T15/><D65/><U33/><AGARI ba="0,2" hai="1,6,8,26,31,33,53,57,61,78,82,84,100,103" machi="33" ten="20,5200,0" yaku="1,1,0,1,7,1,52,1,53,0" doraHai="83" doraHaiUra="105" who="1" fromWho="1" sc="250,-13,151,72,310,-13,269,-26" /><INIT seed="4,0,0,5,0,10" ten="237,223,297,243" oya="0" hai0="53,56,67,89,107,33,106,95,0,92,83,131,126" hai1="111,51,134,97,90,109,2,43,54,113,35,78,11" hai2="3,128,63,127,102,120,55,66,82,40,42,25,132" hai3="98,119,103,101,44,75,9,61,30,18,62,26,77"/><T45/><D33/><U135/><E35/><V48/><F120/><W79/><G119/><T16/><D0/><U68/><E68/><V39/><F3/><W14/><G44/><T36/><D126/><U124/><E78/><N who="3" m="29706" /><G75/><T49/><D131/><U76/><E76/><V13/><F82/><W114/><G114/><T60/><D36/><U100/><E90/><V32/><F127/><W86/><G86/><N who="0" m="50399" /><D107/><U52/><E124/><V59/><F128/><W23/><G98/><T74/><D106/><U80/><E80/><V34/><F102/><AGARI ba="0,0" hai="9,14,18,23,26,30,61,62,101,102,103" m="29706" machi="102" ten="30,2000,0" yaku="8,1,52,1" doraHai="10" who="3" fromWho="2" sc="237,0,223,0,297,-20,243,20" /><INIT seed="5,0,0,0,5,44" ten="237,223,277,263" oya="1" hai0="110,2,26,57,75,120,106,76,50,27,43,98,114" hai1="49,86,67,34,48,28,55,95,17,131,69,22,8" hai2="93,133,72,45,105,115,92,85,47,4,3,87,96" hai3="118,15,41,119,37,84,42,58,125,94,7,38,30"/><U23/><E131/><V126/><F72/><W117/><G30/><T40/><D110/><U101/><E34/><V1/><F105/><W83/><G94/><T130/><D2/><U62/><E28/><V78/><F133/><W132/><G132/><T66/><D130/><U121/><E121/><V71/><F71/><W80/><G125/><T109/><D109/><U9/><E23/><V59/><F59/><W20/><G58/><T32/><D114/><U39/><E39/><N who="3" m="14858" /><G7/><T0/><D0/><U73/><E73/><V79/><F4/><W129/><G129/><T122/><D32/><U97/><E86/><V88/><F96/><W99/><G99/><T52/><D66/><U31/><E31/><V25/><F25/><N who="0" m="9226" /><D98/><U104/><E104/><V91/><F126/><W13/><G20/><T74/><D106/><U124/><E124/><V112/><AGARI ba="0,0" hai="1,3,45,47,78,79,85,87,88,91,92,93,112,115" machi="112" ten="25,6400,0" yaku="0,1,22,2,54,1" doraHai="44" who="2" fromWho="2" sc="237,-16,223,-32,277,64,263,-16" owari="221,-17.9,191,-30.9,341,44.1,247,4.7" /></mjloggm>