<mjloggm ver="2.3"><GO type="225" lobby="0"/><UN n0="%E3%83%B4%E3%83%A0%EF%BC%99%E3%81%A6" n1="%E3%82%BC%E3%83%AB%E3%83%80%E3%81%AE%E4%BC%9D%E8%AA%AC" n2="%E3%81%91%E3%83%BC%E3%81%9E%E3%81%88" n3="%E6%A0%B9%E5%85%83%E3%81%8B%E3%82%89%E5%90%B9%E3%81%A3%E9%A3%9B%E3%81%B6" dan="17,17,16,17" rate="2111.42,2216.76,2092.06,2192.02" sx="M,M,M,F"/><TAIKYOKU oya="0"/><INIT seed="0,0,0,4,0,108" ten="250,250,250,250" oya="0" hai0="119,62,29,76,124,37,36,53,11,72,32,49,104" hai1="40,126,10,9,112,135,91,66,123,95,13,2,74" hai2="43,80,118,20,56,30,127,128,58,51,85,107,46" hai3="93,120,67,98,26,68,87,7,23,8,47,45,103"/><T71/><D119/><U116/><E116/><V113/><F118/><W28/><G120/><T24/><D124/><U81/><E123/><V109/><F109/><W21/><G21/><T64/><D11/><U35/><E126/><V89/><F127/><W1/><G68/><T133/><D133/><U101/><E135/><V19/><F128/><W31/><G31/><T102/><D76/><U60/><E35/><V97/><F30/><W90/><REACH who="3" step="1"/><G67/><REACH who="3" ten="250,250,250,240" step="2"/><T111/><D111/><U100/><E66/><V84/><F20/><W65/><G65/><T48/><D72/><U4/><E74/><V110/><F110/><W121/><G121/><T78/><D78/><U57/><E10/><V63/><F19/><W15/><G15/><T25/><D25/><U96/><E13/><V12/><F12/><W18/><G18/><T79/><D79/><U44/><E9/><V99/><F63/><W130/><G130/><T129/><D129/><U122/><E60/><V16/><F16/><W92/><AGARI ba="0,1" hai="1,7,8,23,26,28,45,47,87,90,92,93,98,103" machi="92" ten="20,2700,0" yaku="1,1,0,1,7,1,53,0" doraHai="108" doraHaiUra="125" who="3" fromWho="3" sc="250,-13,250,-7,250,-7,240,37" /><INIT seed="1,0,0,1,5,33" ten="237,243,243,277" oya="1" hai0="74,77,6,45,131,108,12,89,57,59,114,88,44" hai1="19,16,116,0,92,34,129,78,11,91,71,13,100" hai2="105,31,14,94,28,127,56,125,109,64,97,30,82" hai3="130,115,104,113,7,68,73,27,80,123,87,79,106"/><U39/><E116/><V37/><F109/><W128/><G68/><T35/><D108/><U40/><E129/><N who="3" m="49770" /><G7/><T46/><D131/><U84/><E71/><V85/><F105/><N who="3" m="40555" /><G123/><T67/><D35/><U122/><E122/><V38/><F14/><W99/><G27/><T43/><D114/><N who="3" m="43529" /><G99/><T15/><D43/><U23/><E34/><V25/><F25/><W120/><G120/><T72/><D44/><U17/><E40/><V18/><F97/><W29/><G29/><T62/><D62/><U126/><E39/><V41/><F38/><W81/><G81/><T119/><D119/><U61/><E61/><V76/><F82/><W118/><G87/><T66/><D77/><U58/><E78/><V52/><F76/><W90/><G90/><T86/><D86/><U1/><E84/><V117/><F85/><W32/><G32/><T111/><D111/><U132/><E91/><V20/><F31/><W83/><G83/><T134/><D6/><U51/><E19/><V121/><F18/><W55/><G55/><T65/><D65/><U5/><E16/><V21/><F52/><W96/><G96/><T10/><D10/><U9/><E9/><V102/><F64/><W93/><G93/><T133/><AGARI ba="0,0" hai="12,15,45,46,57,59,66,67,72,74,88,89,133,134" machi="133" ten="25,6400,0" yaku="0,1,22,2,54,1" doraHai="33" who="0" fromWho="0" sc="237,64,243,-32,243,-16,277,-16" /><INIT seed="2,0,0,0,5,107" ten="301,211,227,261" oya="2" hai0="29,19,72,79,36,9,46,34,65,53,30,42,58" hai1="101,70,15,0,7,5,130,38,68,56,119,20,62" hai2="127,28,102,90,109,92,116,31,110,123,37,18,40" hai3="100,22,98,95,96,61,32,91,133,16,33,55,71"/><V59/><F123/><W113/><G133/><T23/><D34/><U106/><E119/><V122/><F122/><W80/><G113/><T78/><D65/><U82/><E38/><V108/><F116/><W8/><G8/><T44/><D44/><U134/><E134/><V14/><F127/><W48/><G71/><T87/><D87/><U103/><E130/><V112/><F102/><W94/><G80/><T64/><D64/><U13/><E0/><V41/><F59/><W52/><G61/><T12/><D9/><U86/><E70/><V2/><F2/><W73/><G73/><T45/><D45/><U74/><E68/><V60/><F60/><W17/><G17/><T81/><D78/><N who="1" m="46423" /><E74/><V125/><F125/><W99/><G99/><T131/><D131/><U26/><E106/><V135/><F112/><W114/><G114/><T6/><D6/><N who="1" m="2059" /><E101/><V77/><F77/><W89/><G100/><T39/><D39/><U76/><E103/><V35/><F35/><W126/><G126/><T84/><D72/><U24/><E24/><V10/><F135/><W69/><G69/><T67/><D67/><N who="1" m="39367" /><E76/><V51/><F37/><W88/><G91/><T75/><D84/><U104/><E104/><V3/><F3/><W27/><REACH who="3" step="1"/><G52/><REACH who="3" ten="301,211,227,251" step="2"/><T111/><D111/><U132/><E132/><V115/><F115/><W120/><G120/><T97/><D97/><U118/><E118/><V49/><F31/><AGARI ba="0,1" hai="13,15,20,26,31" m="39367,2059,46423" machi="31" ten="30,1000,0" yaku="8,1" doraHai="107" who="1" fromWho="2" sc="301,0,211,20,227,-10,251,0" /><INIT seed="3,0,0,0,5,126" ten="301,231,217,251" oya="3" hai0="90,124,37,44,40,57,100,25,5,80,18,110,109" hai1="71,10,73,123,101,6,77,78,82,29,38,28,122" hai2="76,3,51,32,22,65,135,42,116,85,130,97,99" hai3="8,16,112,120,60,48,79,131,86,26,81,104,33"/><W34/><G112/><T68/><D124/><U132/><E71/><V106/><F116/><W119/><G119/><T53/><D68/><U54/><E101/><V52/><F32/><W31/><G104/><T98/><D5/><U103/><E103/><V75/><F3/><W0/><G34/><T11/><D80/><U62/><E78/><V125/><F75/><W17/><G48/><T128/><D128/><U69/><E132/><V108/><F106/><W58/><G131/><T66/><D66/><U70/><E29/><V102/><F130/><W89/><G120/><T72/><D72/><U46/><E28/><V91/><F135/><W35/><G35/><T95/><D100/><U20/><E20/><V13/><F102/><W49/><G49/><T121/><D121/><N who="1" m="46091" /><E54/><V15/><F76/><W30/><G30/><T129/><D129/><U134/><E62/><V7/><F125/><W55/><REACH who="3" step="1"/><G79/><REACH who="3" ten="301,231,217,241" step="2"/><T21/><REACH who="0" step="1"/><D11/><REACH who="0" ten="291,231,217,241" step="2"/><U2/><E134/><V111/><F111/><W94/><G94/><T59/><D59/><U107/><E107/><V1/><F108/><W117/><G117/><T133/><D133/><U74/><E74/><V23/><F42/><AGARI ba="0,2" hai="2,6,10,38,42,46,69,70,73,77,82" m="46091" machi="42" ten="30,2000,0" yaku="25,1,23,1" doraHai="126" who="1" fromWho="2" sc="291,0,231,40,217,-20,241,0" /><INIT seed="4,0,0,0,5,19" ten="291,271,197,241" oya="0" hai0="93,52,107,123,91,57,17,29,55,25,51,44,2" hai1="61,99,77,78,102,11,132,50,7,74,41,122,72" hai2="131,89,59,127,27,81,58,56,70,37,83,119,20" hai3="79,30,49,104,9,40,24,68,128,90,129,16,109"/><T87/><D123/><U33/><E122/><V133/><F70/><W105/><G68/><T117/><D117/><U35/><E132/><V32/><F133/><W1/><G109/><T64/><D2/><U71/><E50/><V113/><F113/><W18/><G79/><T88/><D107/><N who="1" m="63967" /><E78/><V108/><F119/><W116/><G116/><T10/><D64/><N who="1" m="41359" /><E41/><V13/><F108/><W98/><G1/><T15/><D91/><U14/><E14/><V36/><F127/><W106/><G90/><T43/><D57/><U22/><E22/><AGARI ba="0,0" hai="10,15,17,22,25,29,43,44,51,52,55,87,88,93" machi="22" ten="30,12000,1" yaku="7,1,8,1,52,1,54,2" doraHai="19" who="0" fromWho="1" sc="291,120,271,-120,197,0,241,0" owari="411,51.1,151,-34.9,197,-20.3,241,4.1" /></mjloggm>