<mjloggm ver="2.3"><GO type="225" lobby="0"/><UN n0="%74%61%6B%75%61%6B%61" n1="%E3%82%B7%E3%83%A5%E3%83%9E%E3%82%A4%E3%82%B1%E3%83%AB" n2="%E6%A0%B9%E5%85%83%E3%81%8B%E3%82%89%E5%90%B9%E3%81%A3%E9%A3%9B%E3%81%B6" n3="%41%54%53%4D" dan="17,17,16,16" rate="2186.71,2250.92,2167.31,2112.52" sx="M,M,F,M"/><TAIKYOKU oya="0"/><INIT seed="0,0,0,3,0,26" ten="250,250,250,250" oya="0" hai0="41,80,95,46,72,86,63,73,101,56,123,92,120" hai1="10,116,134,83,97,109,93,51,75,124,18,110,52" hai2="42,22,59,125,126,65,71,64,104,121,91,90,58" hai3="17,68,54,20,66,94,30,55,74,128,132,82,108"/><T131/><D131/><U88/><E116/><V48/><F104/><W28/><G128/><T57/><D72/><U35/><E35/><V100/><F100/><W38/><G132/><T127/><D73/><U118/><E118/><V89/><F121/><W15/><G108/><N who="1" m="41578" /><E134/><V112/><F112/><W13/><G38/><T61/><D127/><N who="2" m="48650" /><F22/><W99/><G66/><N who="2" m="25705" /><F71/><W11/><G68/><T49/><D123/><U40/><E40/><V119/><F119/><W24/><G82/><T34/><D34/><U9/><E18/><V8/><F8/><W67/><G67/><T96/><D92/><U135/><E124/><V32/><F32/><W47/><G74/><T37/><D120/><U78/><E135/><V36/><F36/><W21/><G47/><AGARI ba="0,0" hai="9,10,47,51,52,75,78,83,88,93,97" m="41578" machi="47" ten="30,3900,0" yaku="14,1,54,2" doraHai="26" who="1" fromWho="3" sc="250,0,250,39,250,0,250,-39" /><AGARI ba="0,0" hai="42,47,48,58,59,89,90,91" m="25705,48650" machi="47" ten="40,1300,0" yaku="18,1" doraHai="26" who="2" fromWho="3" sc="250,0,289,0,250,13,211,-13" /><INIT seed="1,0,0,4,1,68" ten="250,289,263,198" oya="1" hai0="48,57,73,87,71,84,95,0,19,98,55,18,44" hai1="13,12,88,17,24,105,21,83,127,76,41,42,135" hai2="114,113,11,130,107,97,123,10,33,15,120,20,66" hai3="62,38,25,116,50,75,74,70,119,65,6,81,128"/><U106/><E127/><V59/><F33/><W104/><G128/><T126/><D71/><U52/><E135/><V53/><F130/><W3/><G50/><T47/><D73/><U40/><E105/><V4/><F66/><W109/><G109/><T125/><D0/><U39/><E39/><V121/><F20/><W63/><G63/><T94/><D57/><U90/><E106/><V99/><F11/><N who="3" m="2527" /><G104/><T134/><D134/><U89/><REACH who="1" step="1"/><E52/><REACH who="1" ten="250,279,263,198" step="2"/><V101/><REACH who="2" step="1"/><F99/><REACH who="2" ten="250,279,253,198" step="2"/><W82/><G119/><T85/><D98/><U133/><E133/><V45/><F45/><W69/><G116/><T31/><D44/><U22/><E22/><V43/><F43/><W23/><G23/><T51/><D47/><U30/><E30/><V27/><F27/><W72/><G25/><T91/><D126/><U67/><E67/><V26/><F26/><W108/><G65/><T102/><D125/><U2/><E2/><V110/><F110/><W131/><G108/><T54/><D31/><U61/><E61/><AGARI ba="0,2" hai="4,10,15,53,59,61,97,101,107,113,114,120,121,123" machi="61" ten="40,1300,0" yaku="1,1,53,0" doraHai="68" doraHaiUra="79" who="2" fromWho="1" sc="250,0,279,-13,253,33,198,0" /><INIT seed="2,0,0,1,2,28" ten="250,266,286,198" oya="2" hai0="43,4,72,108,73,58,25,37,102,88,13,46,27" hai1="78,61,35,65,29,33,31,116,84,19,109,39,92" hai2="107,81,85,36,12,83,76,128,50,63,49,59,18" hai3="93,87,126,130,5,7,112,115,75,105,100,94,71"/><V51/><F128/><W20/><G71/><T15/><D108/><U129/><E116/><V113/><F36/><W89/><G75/><T96/><D58/><U23/><E39/><V32/><F107/><W123/><G123/><T45/><D45/><U22/><E109/><V91/><F113/><W110/><G130/><T69/><D69/><U16/><E129/><V95/><F76/><W30/><G110/><T122/><D122/><U124/><E78/><V77/><F77/><W34/><G20/><T10/><D15/><U118/><E118/><V135/><F135/><W119/><G105/><T52/><D52/><U48/><E48/><V17/><F32/><W54/><G119/><T55/><D55/><U53/><E53/><N who="2" m="34287" /><F17/><W103/><G54/><T1/><D1/><U67/><E92/><V120/><F120/><W0/><G126/><T21/><D25/><U62/><REACH who="1" step="1"/><E84/><REACH who="1" ten="250,256,286,198" step="2"/><V11/><AGARI ba="0,1" hai="11,12,18,49,50,51,81,83,85,91,95" m="34287" machi="11" ten="30,1500,0" yaku="8,1" doraHai="28" who="2" fromWho="2" sc="250,-5,256,-5,286,25,198,-5" /><INIT seed="2,1,0,5,5,30" ten="245,251,311,193" oya="2" hai0="99,7,60,2,48,94,63,41,123,52,92,78,109" hai1="83,110,131,15,26,130,105,79,98,74,54,66,22" hai2="49,87,43,122,97,132,50,64,117,1,32,82,0" hai3="29,10,3,72,124,113,71,125,37,38,96,59,118"/><V114/><F114/><W23/><G118/><T70/><D123/><U121/><E121/><V46/><F117/><W21/><G71/><T93/><D109/><U126/><E110/><V6/><F132/><W104/><G72/><T4/><D41/><U34/><E126/><N who="3" m="48746" /><G113/><T28/><D70/><U75/><E75/><V65/><F6/><N who="0" m="2090" /><D2/><U135/><E66/><V107/><F122/><W102/><G3/><T100/><D28/><U108/><E108/><V12/><F12/><W84/><G10/><T47/><D78/><U45/><E135/><V86/><F107/><W53/><G84/><T14/><D14/><U17/><E105/><V55/><F97/><W35/><G21/><T51/><D51/><U76/><E98/><V40/><F46/><W90/><G23/><T103/><D99/><U61/><E79/><V120/><F82/><W101/><G90/><T16/><D16/><U88/><E88/><V119/><F120/><W11/><G11/><T5/><N who="0" m="2098" /><T33/><DORA hai="69" /><D33/><U128/><E45/><V133/><F133/><W68/><G102/><AGARI ba="1,0" hai="47,48,52,60,63,92,93,94,100,102,103" m="2098" machi="102" ten="40,2600,0" yaku="8,1,54,1" doraHai="30,69" who="0" fromWho="3" sc="245,29,251,0,311,0,193,-29" /><INIT seed="3,0,0,3,3,101" ten="274,251,311,164" oya="3" hai0="65,39,96,74,53,59,84,75,110,17,24,29,124" hai1="133,34,98,10,51,38,131,16,82,45,60,4,106" hai2="129,73,78,107,20,123,69,115,12,108,105,128,77" hai3="134,35,100,67,91,3,120,90,68,63,1,43,27"/><W135/><G120/><T99/><D39/><U58/><E38/><V80/><F108/><W40/><G100/><T76/><D110/><U22/><E34/><V18/><F115/><W36/><G35/><T48/><D124/><U132/><E131/><N who="2" m="50251" /><F123/><W19/><G27/><T126/><D126/><U93/><E82/><N who="2" m="45359" /><F69/><W8/><G19/><T87/><D17/><U15/><E106/><V118/><F118/><W79/><G79/><T46/><D74/><AGARI ba="0,0" hai="12,18,20,74,78,80,105,107" m="45359,50251" machi="74" ten="30,3900,0" yaku="19,1,52,2" doraHai="101" who="2" fromWho="0" sc="274,-39,251,0,311,39,164,0" owari="235,-16.5,251,5.1,350,45.0,164,-33.6" /></mjloggm>