<mjloggm ver="2.3"><GO type="225" lobby="0"/><UN n0="%E3%81%BF%E3%81%BF%E3%81%9A" n1="%E3%81%8B%E3%82%8F%E3%81%A1%E3%82%83%E3%82%93%35%38" n2="%E6%B8%A9%E2%98%85%E6%83%85%E2%98%85%E6%8E%AA%E2%98%85%E7%BD%AE" n3="%E3%82%B7%E3%83%B3%E5%A4%AA%E6%9C%97" dan="16,16,17,16" rate="2124.26,2130.28,2251.33,2178.49" sx="M,M,M,M"/><TAIKYOKU oya="0"/><INIT seed="0,0,0,1,0,25" ten="250,250,250,250" oya="0" hai0="103,48,99,111,64,41,5,90,0,27,19,129,26" hai1="104,28,4,109,82,94,96,67,130,112,120,54,12" hai2="108,115,36,92,86,16,113,73,17,10,11,39,18" hai3="59,121,107,100,69,47,75,34,83,9,71,70,40"/><T124/><D124/><U45/><E120/><V126/><F73/><W37/><G59/><T98/><D129/><U32/><E104/><V7/><F126/><W87/><G121/><T3/><D64/><U116/><E67/><V89/><F108/><W85/><G9/><T74/><D74/><U52/><E116/><V38/><REACH who="2" step="1"/><F11/><REACH who="2" ten="250,250,240,250" step="2"/><W46/><G75/><T105/><D111/><U102/><E109/><V31/><F31/><W131/><G131/><T2/><D5/><U15/><E4/><V23/><F23/><W134/><G34/><T117/><D117/><U132/><E28/><V133/><F133/><W56/><G134/><T88/><D19/><U57/><E32/><V13/><AGARI ba="0,1" hai="7,10,13,16,17,18,36,38,39,86,89,92,113,115" machi="13" ten="40,5200,0" yaku="1,1,0,1,54,1,53,0" doraHai="25" doraHaiUra="97" who="2" fromWho="2" sc="250,-26,250,-13,240,62,250,-13" /><INIT seed="1,0,0,4,1,51" ten="224,237,302,237" oya="1" hai0="16,85,66,56,9,32,35,117,123,103,48,36,119" hai1="86,62,97,122,64,65,124,113,115,29,96,50,84" hai2="95,33,55,25,91,63,125,71,2,47,120,129,49" hai3="10,23,45,43,128,30,111,100,57,60,19,74,132"/><U108/><E122/><V94/><F120/><W134/><G111/><T87/><D123/><U59/><E29/><V22/><F129/><W76/><G128/><T89/><D36/><U90/><E108/><V99/><F125/><W40/><G30/><T77/><D103/><U69/><E124/><V61/><F2/><W14/><G100/><T112/><D112/><U11/><E11/><V28/><F71/><W110/><G110/><T130/><D130/><U83/><E65/><V106/><F106/><W58/><G76/><T118/><D77/><U8/><E115/><V131/><F131/><W116/><G74/><T102/><D102/><U34/><E34/><V135/><F135/><N who="3" m="51755" /><G116/><T104/><D104/><U101/><E101/><N who="2" m="60663" /><F33/><W46/><G10/><T107/><D87/><AGARI ba="0,0" hai="22,25,28,47,49,55,61,63,87,91,95" m="60663" machi="87" ten="30,2000,0" yaku="8,1,52,1" doraHai="51" who="2" fromWho="0" sc="224,-20,237,0,302,20,237,0" /><INIT seed="2,0,0,2,0,33" ten="204,237,322,237" oya="2" hai0="61,125,75,23,50,73,34,29,128,63,7,58,26" hai1="102,43,8,108,67,84,105,13,111,82,92,28,40" hai2="52,36,104,44,69,48,22,110,89,134,130,74,115" hai3="5,100,133,107,24,77,90,6,68,38,129,14,81"/><V65/><F115/><W122/><G129/><T118/><D128/><U39/><E105/><V123/><F130/><W31/><G122/><T32/><D125/><U0/><E67/><V135/><F123/><W35/><G133/><N who="2" m="50697" /><F74/><W9/><G38/><T87/><D118/><U126/><E126/><V76/><F104/><W51/><G90/><T116/><D116/><U96/><E28/><V11/><F76/><W21/><G68/><T106/><D106/><U99/><E99/><V49/><F110/><N who="1" m="42025" /><E39/><V91/><F36/><W12/><G100/><T86/><D75/><U45/><E45/><N who="2" m="27663" /><F22/><W101/><G101/><T64/><D73/><U16/><E0/><V88/><F11/><W15/><G107/><T113/><D113/><U97/><E97/><V27/><F27/><W62/><G62/><T83/><D34/><U47/><E47/><V57/><F57/><W53/><G5/><T132/><D32/><U20/><E20/><V4/><F4/><W19/><G77/><AGARI ba="0,0" hai="8,13,16,40,43,77,82,84,92,96,102" m="42025" machi="77" ten="30,2000,0" yaku="14,1,54,1" doraHai="33" who="1" fromWho="3" sc="204,0,237,20,322,0,237,-20" /><INIT seed="3,0,0,2,3,54" ten="204,257,322,217" oya="3" hai0="113,32,98,103,35,47,64,90,86,85,60,91,41" hai1="33,37,116,112,122,56,93,30,43,57,42,24,40" hai2="82,130,127,62,66,117,55,19,71,126,13,29,84" hai3="119,104,89,44,11,53,49,67,0,63,133,114,99"/><W27/><G133/><T68/><D113/><U61/><E122/><V135/><F117/><W26/><G119/><T23/><D23/><U14/><E116/><V20/><F135/><W59/><G114/><T102/><D86/><U121/><E121/><V16/><F130/><W131/><G131/><T124/><D124/><N who="2" m="47658" /><F55/><W96/><G96/><T108/><D108/><U78/><E112/><V95/><F95/><W88/><G104/><T81/><D91/><U22/><E78/><N who="2" m="46167" /><F19/><W69/><G99/><T51/><REACH who="0" step="1"/><D102/><REACH who="0" ten="194,257,322,217" step="2"/><U21/><E21/><V75/><F29/><W1/><G69/><T107/><AGARI ba="0,1" hai="32,35,41,47,51,60,64,68,81,85,90,98,103,107" machi="107" ten="20,5200,0" yaku="1,1,2,1,0,1,7,1,53,0" doraHai="54" doraHaiUra="18" who="0" fromWho="0" sc="194,62,257,-13,322,-13,217,-26" owari="256,5.6,244,-15.6,309,40.9,191,-30.9" /></mjloggm>