<mjloggm ver="2.3"><GO type="225" lobby="0"/><UN n0="%E9%B3%B3%E6%9D%B1%E3%81%AE%E3%81%BF%E3%81%91%E3%81%AB%E3%82%83%E3%82%93" n1="%E6%A1%9C%E8%8A%B1%E9%96%83%E3%80%85" n2="%77%72%77%72%77%72%77%72" n3="%E3%81%BF%E3%81%BF%E3%81%9A" dan="17,16,16,16" rate="2151.85,2109.21,2226.90,2154.26" sx="F,M,M,M"/><TAIKYOKU oya="0"/><INIT seed="0,0,0,4,4,108" ten="250,250,250,250" oya="0" hai0="3,51,119,99,30,43,54,95,104,27,10,28,59" hai1="98,75,45,9,12,7,56,71,17,76,5,39,24" hai2="129,50,80,63,61,21,36,96,106,70,15,64,123" hai3="93,92,84,122,69,2,101,1,47,100,37,11,105"/><T114/><D119/><U116/><E71/><V4/><F123/><W46/><G69/><T44/><D104/><U13/><E116/><V8/><F36/><W25/><G25/><T35/><D28/><U72/><E24/><V41/><F129/><W6/><G122/><T34/><D34/><U121/><E121/><V103/><F61/><W62/><G62/><T49/><D114/><U16/><E56/><V83/><REACH who="2" step="1"/><F21/><REACH who="2" ten="250,250,240,250" step="2"/><W86/><G37/><T85/><D85/><U52/><E39/><V55/><F55/><W131/><G131/><T111/><D111/><U133/><E75/><V23/><F23/><W20/><G20/><T38/><D38/><U22/><E133/><V79/><F79/><W81/><G84/><T130/><D130/><U107/><E72/><V134/><F134/><W77/><G77/><T29/><D29/><U94/><E76/><V90/><F90/><W53/><G53/><T125/><D125/><U67/><E67/><V33/><F33/><W89/><G89/><T91/><REACH who="0" step="1"/><D10/><REACH who="0" ten="240,250,240,250" step="2"/><U60/><E9/><V128/><F128/><W58/><G86/><T115/><D115/><U110/><E110/><V117/><F117/><W42/><G11/><T124/><D124/><U109/><E109/><V135/><F135/><W18/><G81/><T118/><D118/><U87/><E87/><V14/><F14/><W73/><G73/><T102/><D102/><U132/><E132/><V40/><F40/><W78/><G42/><T66/><D66/><U126/><E126/><V0/><F0/><AGARI ba="0,2" hai="0,3,27,30,35,43,44,49,51,54,59,91,95,99" machi="0" ten="40,2000,0" yaku="1,1,53,0" doraHai="108" doraHaiUra="74" who="0" fromWho="2" sc="240,40,250,0,240,-20,250,0" /><INIT seed="0,1,0,2,0,130" ten="280,250,220,250" oya="0" hai0="30,107,79,104,38,98,51,74,6,101,18,119,2" hai1="13,71,34,11,103,121,15,72,113,46,99,49,80" hai2="90,132,86,53,67,25,55,117,122,36,14,27,128" hai3="82,131,125,66,39,124,106,1,41,61,47,63,112"/><T84/><D119/><U20/><E121/><V91/><F122/><W35/><G112/><T0/><D38/><U116/><E34/><V70/><F36/><W81/><G131/><T105/><D30/><U78/><E116/><V28/><F117/><W48/><G35/><T120/><D120/><U50/><E113/><V12/><F128/><W69/><G106/><T8/><D74/><U5/><E71/><V7/><F70/><W44/><G1/><T92/><D18/><U133/><E133/><V58/><F67/><W110/><G61/><T123/><D123/><U45/><E45/><V4/><F86/><W21/><G21/><T87/><D0/><U88/><E88/><V16/><F58/><W9/><G9/><T89/><D79/><U94/><E20/><V96/><F96/><W127/><REACH who="3" step="1"/><G110/><REACH who="3" ten="280,250,220,240" step="2"/><T24/><D105/><U108/><E108/><V135/><REACH who="2" step="1"/><F16/><REACH who="2" ten="280,250,210,240" step="2"/><W118/><G118/><T42/><D104/><U115/><E99/><V52/><F52/><AGARI ba="1,2" hai="39,41,44,47,48,52,63,66,69,81,82,124,125,127" machi="52" ten="40,8000,1" yaku="1,1,18,1,54,1,53,1" doraHai="130" doraHaiUra="60" who="3" fromWho="2" sc="280,0,250,0,210,-83,240,103" /><INIT seed="1,0,0,1,5,50" ten="280,250,127,343" oya="1" hai0="94,52,10,101,28,63,81,126,104,125,106,29,5" hai1="6,22,82,24,87,122,27,59,15,105,88,68,26" hai2="132,57,102,4,90,93,31,34,66,8,32,129,103" hai3="86,2,135,48,23,118,96,62,127,21,72,42,43"/><U130/><E122/><V89/><F129/><W64/><G72/><T85/><D94/><U56/><E130/><V108/><F108/><W9/><G96/><T98/><D104/><U11/><E68/><V109/><F109/><W112/><G112/><T92/><D106/><U20/><REACH who="1" step="1"/><E105/><REACH who="1" ten="280,240,127,343" step="2"/><V1/><F132/><W41/><G135/><T3/><D125/><U95/><E95/><V110/><F110/><W78/><G127/><T17/><D126/><U73/><E73/><V113/><F113/><W67/><G118/><T36/><D36/><U100/><E100/><V53/><F103/><W119/><G119/><T38/><D38/><U124/><E124/><V47/><F102/><W114/><G114/><T45/><D92/><U25/><N who="1" m="6144" /><DORA hai="79" /><U35/><E35/><V0/><F93/><W58/><G86/><T54/><D101/><U16/><E16/><V131/><F131/><W83/><G23/><AGARI ba="0,1" hai="6,11,15,20,22,23,56,59,82,87,88" m="6144" machi="23" ten="50,12000,1" yaku="1,1,8,1,52,1,54,1,53,0" doraHai="50,79" doraHaiUra="37,97" who="1" fromWho="3" sc="280,0,240,130,127,0,343,-120" /><INIT seed="1,1,0,1,5,80" ten="280,370,127,223" oya="1" hai0="92,102,17,24,46,12,57,95,6,82,93,47,76" hai1="50,100,60,84,63,1,5,66,16,52,25,48,74" hai2="134,126,4,71,87,79,58,103,61,2,115,117,96" hai3="14,101,105,13,118,116,49,32,62,69,22,112,98"/><U120/><E120/><V34/><F117/><N who="3" m="45163" /><G112/><T125/><D125/><U89/><E74/><V119/><F119/><W78/><G32/><T65/><D102/><U128/><E128/><V75/><F126/><W68/><G78/><T26/><D6/><U90/><E100/><V53/><F115/><W67/><G49/><T83/><D65/><U81/><E1/><V39/><F34/><W108/><G108/><T135/><D135/><U18/><E5/><V11/><F134/><W56/><G22/><T99/><D99/><U15/><E50/><V70/><F39/><W9/><G13/><T130/><D57/><N who="1" m="32903" /><E66/><V51/><F75/><W77/><G77/><T131/><D131/><U35/><E35/><V27/><F27/><N who="0" m="10282" /><D130/><U55/><E55/><V129/><F129/><W104/><G105/><T86/><D83/><U133/><E133/><V31/><F51/><W85/><G85/><T28/><D28/><U122/><E90/><V20/><F53/><W36/><G36/><T3/><D3/><U64/><E64/><V44/><F2/><W30/><G30/><T38/><D38/><U41/><E41/><V111/><F31/><W0/><G0/><T91/><D91/><U124/><E122/><V72/><F72/><W21/><G69/><T8/><AGARI ba="1,0" hai="8,12,17,46,47,76,82,86,92,93,95" m="10282" machi="8" ten="30,2000,0" yaku="8,1,52,1" doraHai="80" who="0" fromWho="0" sc="280,23,370,-11,127,-6,223,-6" /><INIT seed="2,0,0,2,0,46" ten="303,359,121,217" oya="2" hai0="51,115,77,110,53,52,38,83,102,129,65,17,101" hai1="111,47,31,14,125,22,61,24,108,121,62,50,117" hai2="133,2,127,97,11,76,19,3,70,95,21,57,7" hai3="42,91,69,89,60,1,43,118,9,74,87,122,90"/><V37/><F70/><W35/><G74/><T25/><D38/><U132/><E117/><V119/><F119/><W86/><G118/><T18/><D115/><U13/><E125/><V23/><F127/><W131/><G35/><T30/><D110/><N who="1" m="42027" /><E132/><V81/><F133/><W59/><G122/><T27/><D65/><U36/><E36/><V120/><F120/><W8/><G69/><T114/><D129/><U103/><E103/><N who="0" m="39433" /><D114/><U10/><E121/><V44/><F2/><W100/><G100/><T32/><D32/><U4/><E14/><V93/><F57/><W98/><G98/><T6/><D6/><U116/><E116/><V39/><F39/><W112/><G131/><T72/><D72/><U79/><E79/><V107/><F21/><W49/><G112/><T94/><D53/><AGARI ba="0,0" hai="4,10,13,22,24,31,47,50,53,61,62" m="42027" machi="53" ten="30,2000,0" yaku="14,1,52,1" doraHai="46" who="1" fromWho="0" sc="303,-20,359,20,121,0,217,0" /><INIT seed="3,0,0,1,1,41" ten="283,379,121,217" oya="3" hai0="23,37,107,100,115,15,128,74,12,8,132,90,72" hai1="65,131,116,111,6,113,78,89,18,16,133,86,112" hai2="92,13,32,124,85,36,118,114,20,10,101,95,104" hai3="80,77,33,79,3,59,25,66,40,58,134,102,26"/><W56/><G3/><T75/><D132/><U22/><E111/><V19/><F114/><W76/><G134/><T123/><D123/><U81/><E133/><V46/><F118/><W38/><G33/><T87/><D128/><U39/><E39/><V88/><F124/><W44/><G66/><T105/><D115/><U64/><E131/><V48/><F32/><W98/><REACH who="3" step="1"/><G80/><REACH who="3" ten="283,379,121,207" step="2"/><T0/><D0/><U43/><E113/><V129/><F129/><W84/><G84/><T71/><D87/><U97/><E112/><V34/><F34/><W108/><G108/><T96/><D72/><U73/><E73/><V31/><F36/><W99/><G99/><T93/><D74/><U51/><E65/><V68/><F68/><W14/><G14/><T53/><D75/><U5/><E64/><V61/><F104/><AGARI ba="0,1" hai="25,26,38,40,44,56,58,59,76,77,79,98,102,104" machi="104" ten="40,3900,0" yaku="1,1,52,1,53,0" doraHai="41" doraHaiUra="109" who="3" fromWho="2" sc="283,0,379,0,121,-39,207,49" /><INIT seed="3,1,0,3,0,122" ten="283,379,82,256" oya="3" hai0="18,66,46,35,4,87,62,106,40,88,116,113,30" hai1="133,105,1,45,29,98,10,25,5,77,13,86,65" hai2="101,104,50,54,131,57,109,61,125,130,22,43,75" hai3="32,91,8,103,89,11,20,79,0,90,95,21,47"/><W128/><G32/><T16/><D116/><U49/><E133/><V92/><F75/><W134/><G0/><T129/><D106/><U81/><E65/><V84/><F104/><W73/><G134/><T59/><D129/><U63/><E63/><V69/><F22/><N who="3" m="8811" /><G73/><T9/><D113/><U51/><E1/><V115/><F101/><W96/><G128/><T17/><D35/><U85/><E85/><V112/><F92/><W36/><G36/><T23/><D30/><U97/><E105/><V82/><F84/><W64/><G79/><T15/><D46/><U111/><E111/><V52/><F82/><W33/><G33/><T76/><D40/><N who="1" m="24743" /><E51/><V127/><F43/><W6/><G47/><T78/><REACH who="0" step="1"/><D23/><AGARI ba="1,0" hai="5,10,13,23,25,29,77,81,86,97,98" m="24743" machi="23" ten="30,2000,0" yaku="25,1,8,1" doraHai="122" who="1" fromWho="0" sc="283,-23,379,23,82,0,256,0" owari="260,6.0,402,50.2,82,-41.8,256,-14.4" /></mjloggm>