<mjloggm ver="2.3"><GO type="225" lobby="0"/><UN n0="%77%72%77%72%77%72%77%72" n1="%E6%B4%BE%E9%81%A3%E3%81%AE%E3%82%B8%E3%83%A3%E3%83%83%E3%82%AF" n2="%4C%4F%4C%49%54%41" n3="%48%61%61%61%6C%61%6E%64" dan="16,17,16,18" rate="2106.96,2218.04,2185.60,2217.81" sx="M,M,F,M"/><TAIKYOKU oya="0"/><INIT seed="0,0,0,5,5,87" ten="250,250,250,250" oya="0" hai0="133,135,119,15,20,118,112,94,50,23,116,6,0" hai1="9,105,51,26,127,104,22,4,117,120,29,71,63" hai2="109,72,31,124,64,34,75,80,42,21,106,101,36" hai3="123,18,93,69,39,61,99,132,56,14,74,65,114"/><T98/><D112/><U54/><E120/><V7/><F34/><W59/><G114/><T45/><D0/><U115/><E117/><V13/><F109/><W17/><G123/><T24/><D6/><U32/><E127/><V96/><F124/><W83/><G39/><T62/><D62/><U3/><E115/><V78/><F64/><W126/><G126/><T70/><D15/><U33/><E33/><V108/><F108/><W82/><G132/><N who="0" m="50763" /><D70/><U134/><E134/><V58/><F36/><W57/><G74/><T100/><D24/><U52/><E32/><V95/><F7/><W85/><G14/><T111/><D111/><U81/><E81/><V113/><F13/><W121/><G82/><T88/><D100/><U91/><E71/><V11/><F101/><W55/><G121/><T73/><D73/><U53/><E63/><V35/><F75/><W10/><G10/><T47/><D47/><U103/><E103/><V130/><F11/><W110/><G110/><T27/><D27/><U38/><E38/><V40/><F113/><W84/><G83/><T79/><D79/><U129/><E51/><V60/><F72/><W28/><G69/><T90/><D90/><U2/><E2/><V19/><F78/><W86/><G57/><T46/><D46/><U125/><E125/><V5/><F58/><W97/><G59/><T107/><D107/><N who="1" m="41035" /><E91/><V25/><F80/><W48/><G61/><T131/><D131/><U41/><E129/><V49/><F130/><W8/><G65/><T16/><D16/><U128/><E128/><V43/><F60/><W66/><G17/><RYUUKYOKU ba="0,0" sc="250,15,250,15,250,-15,250,-15" hai0="20,23,45,50,88,94,98,116,118,119" hai1="3,4,9,22,26,29,41,52,53,54" /><INIT seed="0,1,0,2,3,9" ten="265,265,235,235" oya="0" hai0="10,62,125,23,69,95,41,82,13,36,25,96,106" hai1="87,14,83,108,34,93,65,107,16,5,91,61,37" hai2="98,81,124,28,122,4,101,123,77,103,121,56,51" hai3="115,15,135,8,50,67,99,12,48,132,22,127,30"/><T60/><D125/><U0/><E107/><V72/><F124/><W80/><G127/><T26/><D106/><U118/><E37/><V59/><F28/><W63/><G115/><T11/><D69/><U19/><E34/><V85/><F4/><W40/><G99/><T117/><D117/><U90/><E118/><V31/><F31/><W53/><G40/><T54/><D36/><U84/><E108/><V73/><F101/><W24/><G80/><T6/><D41/><U20/><E19/><V70/><F70/><N who="3" m="42367" /><G8/><T55/><D82/><U116/><E116/><V105/><REACH who="2" step="1"/><F51/><REACH who="2" ten="265,265,225,235" step="2"/><W94/><G48/><T102/><D102/><U66/><E0/><V120/><N who="2" m="30720" /><DORA hai="38" /><V33/><F33/><W126/><G126/><T97/><D6/><U114/><E114/><V32/><F32/><W119/><G119/><T100/><D100/><U58/><E5/><V2/><F2/><W110/><G110/><T130/><D130/><U17/><E17/><V47/><F47/><W43/><G50/><T57/><D60/><U129/><E129/><V131/><F131/><W18/><G30/><T109/><D62/><U78/><E78/><V104/><F104/><W71/><G71/><T86/><D109/><U133/><E133/><V27/><F27/><W39/><G135/><T88/><D26/><U75/><E65/><V112/><F112/><W79/><G132/><T3/><D25/><U134/><E134/><V113/><F113/><W45/><G24/><T21/><D3/><U44/><E44/><V1/><F1/><W29/><G45/><T42/><D57/><AGARI ba="1,1" hai="56,57,59,72,73,77,81,85,98,103,105" m="30720" machi="57" ten="70,4500,0" yaku="1,1,53,1" doraHai="9,38" doraHaiUra="128,92" who="2" fromWho="0" sc="265,-48,265,0,225,58,235,0" /><INIT seed="1,0,0,4,4,103" ten="217,265,283,235" oya="1" hai0="65,18,48,34,69,61,99,85,16,133,64,129,2" hai1="101,96,76,113,13,73,23,98,60,75,81,74,0" hai2="127,84,51,115,11,58,8,68,79,117,80,49,109" hai3="19,45,120,66,92,71,118,132,102,47,1,78,135"/><U77/><E0/><V56/><F56/><W112/><BYE who="2" /><G120/><T17/><D2/><UN n2="%4C%4F%4C%49%54%41" /><U83/><E113/><V88/><F68/><W3/><G112/><T121/><D121/><U52/><E13/><V105/><F117/><W50/><G118/><T100/><D129/><U124/><E23/><V116/><F116/><W29/><G29/><T126/><D126/><U59/><E124/><V33/><F33/><W131/><G131/><T44/><D133/><N who="3" m="51273" /><G78/><T14/><D34/><U87/><REACH who="1" step="1"/><E96/><REACH who="1" ten="217,255,283,235" step="2"/><V108/><F127/><W114/><G114/><T119/><D119/><U15/><E15/><V28/><F115/><W41/><G1/><T10/><D65/><U4/><E4/><V12/><F12/><W104/><G3/><T5/><D5/><U89/><E89/><V93/><F88/><W46/><G102/><T91/><D99/><U128/><E128/><V22/><F22/><W42/><G66/><T21/><D100/><U82/><E82/><V53/><F80/><W38/><G19/><T134/><D134/><U57/><E57/><V7/><F58/><W31/><G71/><T111/><D21/><U39/><E39/><V32/><F7/><W67/><G67/><T24/><D24/><U6/><E6/><V37/><F37/><W55/><G38/><T20/><D20/><U40/><E40/><V123/><F32/><W30/><G42/><N who="0" m="24599" /><D111/><U106/><AGARI ba="0,1" hai="52,59,60,73,74,75,76,77,81,83,87,98,101,106" machi="106" ten="20,12000,1" yaku="1,1,0,1,7,1,52,1,54,1,53,0" doraHai="103" doraHaiUra="25" who="1" fromWho="1" sc="217,-40,255,130,283,-40,235,-40" /><INIT seed="1,1,0,3,1,72" ten="177,385,243,195" oya="1" hai0="20,65,11,119,132,67,54,46,25,112,52,92,122" hai1="69,95,41,66,74,102,85,84,115,107,22,125,15" hai2="120,129,27,63,47,127,79,39,87,91,37,12,48" hai3="4,50,111,90,135,104,113,108,100,35,30,86,59"/><U43/><E74/><V133/><F120/><W57/><G113/><T1/><D112/><U106/><E115/><V73/><F129/><W118/><G135/><T5/><D119/><U128/><E66/><V88/><F127/><W29/><G4/><T60/><D132/><U101/><E69/><V7/><F73/><W124/><G124/><T28/><D122/><U109/><E125/><V36/><F133/><W2/><G2/><T16/><D46/><U34/><E34/><V99/><F99/><N who="3" m="61471" /><G118/><T17/><D67/><U21/><E15/><V123/><F123/><W3/><G3/><T131/><D131/><U19/><E128/><V38/><F27/><N who="3" m="18879" /><G50/><T14/><D92/><U9/><E9/><N who="2" m="4159" /><F37/><W0/><G30/><T97/><D97/><U126/><E126/><V58/><F48/><W114/><G0/><T80/><D80/><U55/><E95/><V83/><F47/><W53/><G114/><T32/><REACH who="0" step="1"/><D17/><REACH who="0" ten="167,385,243,195" step="2"/><U26/><E19/><V6/><F83/><N who="3" m="49503" /><G53/><T78/><D78/><U71/><E55/><V31/><F79/><W18/><G18/><T82/><D82/><U117/><E117/><V49/><F38/><W70/><G70/><AGARI ba="1,1" hai="1,5,11,14,16,20,25,28,32,52,54,60,65,70" machi="70" ten="30,12000,2" yaku="1,1,7,1,24,2,54,2,53,0" doraHai="72" doraHaiUra="44" who="0" fromWho="3" sc="167,133,385,0,243,0,195,-123" /><INIT seed="2,0,0,2,4,90" ten="300,385,243,72" oya="2" hai0="129,106,19,40,67,76,126,107,87,68,97,128,59" hai1="127,130,112,2,30,72,93,12,39,60,55,10,71" hai2="108,42,99,119,8,35,4,45,64,115,43,105,66" hai3="29,54,70,33,11,94,27,79,50,95,83,25,6"/><V113/><F119/><W14/><G70/><T81/><D68/><U135/><E72/><V48/><F35/><W123/><G27/><T44/><D19/><U80/><E39/><V47/><F105/><W65/><G65/><T37/><D126/><U7/><E112/><N who="2" m="43083" /><F8/><W53/><G123/><T31/><D31/><U116/><E127/><V46/><F99/><W16/><G6/><T100/><D107/><U84/><E116/><V62/><F4/><W17/><G17/><T58/><REACH who="0" step="1"/><D67/><REACH who="0" ten="290,385,243,72" step="2"/><U109/><E30/><V49/><F66/><W88/><G50/><N who="2" m="19561" /><F108/><W91/><G83/><T1/><D1/><U9/><E109/><V111/><F111/><W104/><G104/><T92/><D92/><U75/><E93/><V73/><F73/><W61/><G61/><T52/><D52/><U0/><E75/><V56/><AGARI ba="0,1" hai="42,43,45,46,47,56,62,64" m="19561,43083" machi="56" ten="40,3900,0" yaku="34,2" doraHai="90" who="2" fromWho="2" sc="290,-13,385,-13,243,49,72,-13" /><INIT seed="2,1,0,0,2,106" ten="277,372,292,59" oya="2" hai0="68,108,59,53,120,8,64,61,54,118,48,6,56" hai1="50,125,13,10,4,82,0,89,17,1,24,99,88" hai2="42,87,72,37,65,44,95,78,5,19,43,40,63" hai3="18,52,20,77,102,45,58,110,111,14,94,134,41"/><V107/><F107/><W67/><G134/><T35/><D108/><N who="3" m="41513" /><G67/><T96/><D118/><U112/><E112/><V29/><F29/><W109/><N who="3" m="41521" /><W103/><DORA hai="25" /><G94/><T31/><D120/><U51/><E125/><V131/><F131/><W97/><G77/><T21/><D35/><U113/><E113/><V11/><F19/><W133/><G133/><T80/><D80/><U74/><E74/><V69/><F87/><W3/><G3/><T9/><D96/><U39/><E39/><V86/><F86/><W79/><G79/><T135/><D135/><U47/><E50/><V130/><F95/><W90/><G90/><T105/><D105/><U132/><E132/><V124/><F124/><W126/><G97/><T30/><D21/><N who="1" m="13359" /><E1/><N who="2" m="431" /><F130/><W36/><G126/><T23/><D23/><U75/><E0/><V73/><F73/><W66/><G66/><T101/><D101/><U60/><E75/><V70/><F69/><W129/><G129/><T22/><D22/><U84/><E99/><V32/><F32/><W2/><G2/><T123/><D123/><U104/><E104/><V115/><F115/><W26/><G14/><T28/><REACH who="0" step="1"/><D6/><REACH who="0" ten="267,372,292,59" step="2"/><U81/><E81/><AGARI ba="1,1" hai="37,40,42,43,44,63,65,70,72,78,81" m="431" machi="81" ten="30,2900,0" yaku="25,1,52,1" doraHai="106,25" who="2" fromWho="1" sc="267,0,372,-32,292,42,59,0" /><INIT seed="2,2,0,0,3,33" ten="267,340,334,59" oya="2" hai0="108,55,85,54,132,135,118,28,17,64,48,66,29" hai1="24,44,123,124,13,16,43,82,128,12,47,25,3" hai2="76,113,37,46,134,68,75,110,92,38,53,56,18" hai3="59,73,103,77,35,7,70,100,106,107,10,26,79"/><V49/><F113/><W115/><G70/><T4/><D85/><U129/><E82/><V78/><F68/><W90/><G115/><T94/><D94/><U89/><E124/><V72/><F134/><N who="0" m="51242" /><D17/><U105/><E105/><V93/><F93/><W95/><BYE who="2" /><G59/><T52/><D4/><UN n2="%4C%4F%4C%49%54%41" /><U67/><E67/><N who="0" m="25641" /><D108/><U50/><E123/><V58/><F110/><W96/><G35/><T131/><D131/><N who="1" m="50251" /><E3/><V63/><F75/><W80/><G26/><T104/><D104/><N who="3" m="39977" /><G10/><T99/><D99/><U84/><E44/><V20/><F72/><N who="3" m="43047" /><G7/><T36/><D118/><U22/><E24/><V40/><F92/><W51/><G51/><T69/><D69/><U21/><E21/><V15/><F37/><W86/><G73/><T27/><D27/><U14/><E25/><V45/><F38/><W101/><G79/><T81/><D36/><U88/><E22/><V30/><F30/><N who="0" m="11882" /><D81/><AGARI ba="2,0" hai="81,86,90,95,96,100,101,103" m="43047,39977" machi="81" ten="30,8000,1" yaku="35,5" doraHai="33" who="3" fromWho="0" sc="267,-86,340,0,334,0,59,86" /><INIT seed="3,0,0,2,3,26" ten="181,340,334,145" oya="3" hai0="1,0,125,42,45,113,90,73,69,53,12,22,103" hai1="30,2,106,124,61,85,60,8,63,76,43,108,25" hai2="88,13,39,46,14,71,99,31,18,112,102,77,59" hai3="65,17,93,33,57,16,44,55,95,21,19,23,72"/><W49/><G33/><T78/><D69/><U32/><E106/><V80/><F71/><W92/><REACH who="3" step="1"/><G72/><REACH who="3" ten="181,340,334,135" step="2"/><T11/><D73/><U68/><E32/><V62/><F112/><W4/><G4/><T47/><D113/><U3/><E3/><V70/><F13/><W116/><G116/><T122/><D12/><U37/><E2/><V110/><F14/><W89/><G89/><T36/><D0/><U97/><E76/><V75/><F88/><W104/><G104/><T100/><D90/><U87/><E68/><V132/><F70/><W5/><G5/><T115/><D1/><U98/><E85/><V130/><F75/><W127/><G127/><T58/><D125/><U111/><E87/><V120/><F77/><W6/><G6/><T15/><D78/><U10/><E124/><V67/><F102/><W51/><G51/><T50/><D115/><U54/><E97/><V118/><F99/><W117/><G117/><T38/><D103/><U20/><E98/><V134/><F118/><W7/><G7/><T82/><D100/><U56/><E111/><V91/><F110/><W84/><G84/><T9/><D15/><U35/><E108/><V79/><F91/><W105/><G105/><T83/><D50/><N who="1" m="30807" /><E35/><V96/><F96/><W123/><G123/><T28/><D122/><U121/><E121/><V40/><F120/><W24/><G24/><T135/><D38/><U52/><E8/><V34/><F79/><W48/><G48/><T81/><D36/><U101/><E101/><V128/><F34/><W27/><G27/><T74/><D9/><U41/><E10/><RYUUKYOKU ba="0,1" sc="181,-10,340,-10,334,-10,135,30" hai3="16,17,19,21,23,44,49,55,57,65,92,93,95" /><INIT seed="3,1,1,1,4,45" ten="171,330,324,165" oya="3" hai0="92,16,43,40,110,73,27,60,74,90,98,133,17" hai1="100,94,41,2,122,81,135,134,115,57,85,15,56" hai2="88,62,58,7,104,83,39,59,118,28,71,124,119" hai3="131,68,116,26,67,63,93,87,44,9,97,96,4"/><W111/><G116/><T117/><D117/><U11/><E2/><V6/><F104/><W3/><G131/><T132/><D110/><U14/><E122/><V77/><F39/><W120/><G120/><T31/><D60/><U89/><E115/><V69/><F124/><W33/><G111/><T18/><D73/><U50/><E15/><V23/><F88/><W12/><G3/><T103/><D90/><U66/><E66/><V21/><F62/><W38/><G87/><T99/><D99/><N who="1" m="59511" /><E50/><V32/><F83/><W126/><G126/><T107/><D107/><U52/><E52/><V1/><F1/><W47/><G38/><T106/><D106/><U80/><E41/><V121/><F28/><W30/><REACH who="3" step="1"/><G97/><REACH who="3" ten="171,330,324,155" step="2"/><T79/><D74/><U112/><E112/><V55/><F121/><W75/><G75/><T130/><D130/><U76/><E85/><V24/><F118/><W22/><G22/><N who="0" m="15863" /><D79/><U53/><E76/><V108/><F119/><W46/><G46/><T129/><D129/><U86/><E86/><V72/><F72/><W42/><G42/><T113/><D113/><U20/><E20/><V54/><F77/><W5/><G5/><T70/><D70/><U114/><E114/><V78/><F78/><W8/><G8/><T102/><D102/><AGARI ba="1,2" hai="4,9,12,26,30,33,44,47,63,67,68,93,96,102" machi="102" ten="30,2900,0" yaku="1,1,7,1,53,0" doraHai="45" doraHaiUra="51" who="3" fromWho="0" sc="171,-32,330,0,324,0,155,52" /><INIT seed="3,2,0,4,4,79" ten="139,330,324,207" oya="3" hai0="123,69,122,62,41,44,25,3,68,9,55,114,35" hai1="51,102,31,6,81,89,71,40,30,38,48,12,96" hai2="56,39,22,97,130,105,92,134,54,33,93,21,117" hai3="66,106,110,1,15,52,29,91,49,125,111,95,45"/><W73/><G106/><T104/><D104/><U113/><E71/><V46/><F117/><W58/><G1/><T23/><D35/><U24/><E113/><V26/><F134/><W77/><G125/><T121/><D3/><U98/><E38/><V37/><F130/><W75/><G29/><T27/><D9/><N who="1" m="4151" /><E40/><V5/><F5/><W76/><G15/><T18/><D114/><U8/><E8/><V19/><F33/><W99/><G76/><T0/><D0/><U47/><E47/><V10/><F10/><W88/><G91/><T120/><N who="0" m="30720" /><DORA hai="59" /><T127/><D127/><U2/><E2/><V84/><F105/><W53/><G66/><T107/><D107/><U67/><E67/><V65/><F65/><W100/><G100/><T116/><D116/><U131/><E131/><V50/><F22/><W128/><G128/><T108/><D108/><N who="3" m="41513" /><G77/><T4/><D4/><U43/><E24/><V28/><F28/><W36/><G36/><T16/><D27/><U80/><E89/><N who="2" m="53287" /><F37/><W72/><G72/><T133/><D133/><U63/><E102/><N who="2" m="60719" /><F39/><W112/><G112/><T42/><D18/><U101/><E30/><V11/><F11/><W103/><G103/><T115/><D115/><U34/><E101/><V132/><F132/><W13/><G13/><T129/><D129/><U60/><E31/><V90/><F90/><W57/><G45/><AGARI ba="2,0" hai="19,21,26,45,46,50,54,56" m="60719,53287" machi="45" ten="30,1000,0" yaku="8,1" doraHai="79,59" who="2" fromWho="3" sc="139,0,330,0,324,16,207,-16" owari="139,-36.1,330,13.0,340,44.0,191,-20.9" /></mjloggm>