<mjloggm ver="2.3"><GO type="225" lobby="0"/><UN n0="%E3%81%86%E3%83%BC%E3%81%B1%E3%83%BC" n1="%6D%75%75%6D%75%72%61" n2="%E3%81%BF%E3%81%BF%E3%81%9A" n3="%EF%BC%81%E3%81%BC%E3%81%9F%E3%82%82%E3%81%A1%EF%BC%81" dan="16,17,16,17" rate="2142.63,2178.31,2160.13,2187.62" sx="F,F,M,M"/><TAIKYOKU oya="0"/><INIT seed="0,0,0,3,2,109" ten="250,250,250,250" oya="0" hai0="132,57,20,95,107,118,121,24,73,28,50,127,75" hai1="110,79,7,61,36,2,106,33,101,87,66,88,58" hai2="37,67,96,78,16,69,114,0,63,76,129,80,15" hai3="14,11,54,30,25,45,43,89,62,83,111,126,40"/><T9/><D118/><U38/><E110/><V29/><F0/><W93/><G111/><T34/><D121/><U104/><E33/><V116/><F116/><W42/><G126/><T4/><D107/><U49/><E79/><V35/><F37/><W90/><G83/><T22/><D127/><U64/><E64/><V74/><F129/><W60/><G45/><T31/><D95/><U115/><E115/><V128/><F128/><W71/><G71/><T81/><D132/><U122/><E122/><V135/><F135/><W23/><G54/><T19/><D81/><U8/><E49/><V12/><F114/><W46/><G46/><T47/><D57/><U55/><E66/><V85/><F15/><W44/><G44/><T3/><D34/><U1/><E1/><V134/><F134/><W48/><G48/><T99/><D99/><U125/><E125/><V5/><F5/><W21/><G21/><T77/><D77/><U18/><E18/><V133/><F96/><N who="3" m="57391" /><G90/><T84/><D84/><U123/><E123/><V6/><F133/><W13/><G13/><T70/><D70/><U120/><E120/><V130/><F130/><W51/><G51/><T117/><D117/><U53/><E53/><V65/><F65/><W32/><G32/><T91/><D91/><U119/><E119/><V41/><F41/><W26/><G26/><N who="0" m="16455" /><D19/><AGARI ba="0,0" hai="11,14,19,23,25,30,40,42,43,60,62" m="57391" machi="19" ten="30,1000,0" yaku="8,1" doraHai="109" who="3" fromWho="0" sc="250,-10,250,0,250,0,250,10" /><INIT seed="1,0,0,3,0,104" ten="240,250,250,260" oya="1" hai0="94,27,97,80,19,96,135,89,99,113,123,68,20" hai1="11,77,86,43,134,112,78,120,84,129,52,21,67" hai2="108,48,72,34,41,57,16,75,14,53,118,82,102" hai3="35,55,71,93,69,30,44,88,4,114,74,61,39"/><U116/><E112/><V49/><F118/><W110/><G114/><T95/><D113/><U40/><E116/><V64/><F34/><W6/><G74/><T54/><D135/><U90/><E120/><V23/><F108/><W119/><G119/><T115/><D115/><U124/><E134/><V26/><F102/><W15/><G110/><T9/><D123/><U79/><E129/><V70/><F82/><W59/><G30/><T42/><D68/><U132/><E124/><V29/><F70/><W111/><G35/><T63/><D42/><N who="1" m="15915" /><E132/><V12/><F64/><W2/><G111/><T117/><D117/><U106/><E106/><V133/><F133/><W101/><G39/><T17/><D80/><N who="1" m="47119" /><E67/><V107/><F107/><W50/><G2/><T33/><D33/><U37/><E37/><V81/><F81/><W73/><G73/><T10/><D19/><U83/><E11/><N who="0" m="4105" /><D95/><U91/><E78/><V98/><F98/><W87/><G71/><T36/><D36/><U125/><E125/><V8/><REACH who="2" step="1"/><F12/><REACH who="2" ten="240,250,240,260" step="2"/><W126/><G69/><T122/><D122/><U105/><E105/><V1/><F1/><W5/><G126/><T31/><D99/><U128/><E128/><V22/><F22/><W121/><G121/><T46/><D97/><U130/><E130/><V100/><F100/><W47/><G101/><T65/><D65/><U85/><E79/><V0/><F0/><W18/><G15/><T131/><D131/><U109/><E109/><V66/><F66/><W45/><G93/><T32/><D32/><U56/><E21/><V7/><F7/><W58/><G5/><RYUUKYOKU ba="0,1" sc="240,-10,250,-10,240,30,260,-10" hai2="8,14,16,23,26,29,41,48,49,53,57,72,75" /><INIT seed="2,1,1,2,3,24" ten="230,240,270,250" oya="2" hai0="95,134,100,118,114,1,23,119,66,99,93,88,72" hai1="92,4,51,101,132,63,110,18,53,80,84,54,45" hai2="81,68,67,109,65,26,42,115,62,74,124,86,112" hai3="3,102,60,61,127,121,48,21,32,9,10,75,20"/><V120/><F120/><W116/><G116/><N who="0" m="44587" /><D1/><U76/><E110/><V11/><F74/><W125/><G75/><T7/><D114/><U50/><E132/><V91/><F109/><W126/><G121/><T106/><D134/><U64/><E4/><V96/><F124/><W41/><G32/><T79/><D66/><U28/><E18/><V129/><F129/><W0/><G0/><T30/><D7/><U122/><E122/><V98/><F42/><W123/><G123/><T33/><D33/><U59/><E28/><V135/><F135/><W46/><G102/><T38/><D38/><U8/><E8/><N who="3" m="3178" /><G3/><T73/><D79/><U43/><REACH who="1" step="1"/><E51/><REACH who="1" ten="230,230,270,250" step="2"/><V94/><F11/><W31/><G31/><T49/><D49/><U19/><E19/><V71/><F26/><W58/><G61/><T89/><D30/><U35/><E35/><V130/><F130/><W25/><G25/><T105/><D23/><U17/><E17/><V56/><F112/><W44/><G44/><T16/><D16/><U55/><E55/><AGARI ba="1,2" hai="20,21,41,46,48,55,58,60,125,126,127" m="3178" machi="55" ten="30,1000,0" yaku="18,1" doraHai="24" who="3" fromWho="1" sc="230,0,230,-13,270,0,250,33" /><INIT seed="3,0,0,3,0,10" ten="230,217,270,283" oya="3" hai0="99,116,114,33,9,86,72,53,23,90,66,5,111" hai1="58,122,135,68,57,129,1,83,44,31,38,29,54" hai2="22,13,75,120,28,19,123,84,52,0,24,26,77" hai3="63,130,27,16,110,97,133,20,17,96,108,127,51"/><W34/><G130/><T95/><D116/><U36/><E122/><N who="2" m="46635" /><F0/><W21/><G34/><T61/><D72/><U35/><E68/><V39/><F39/><W37/><G37/><T118/><D33/><U67/><E129/><V43/><F43/><W4/><G4/><T65/><D118/><U30/><E35/><V55/><F75/><W15/><G133/><T128/><D111/><N who="3" m="42537" /><G127/><T131/><D23/><U88/><E135/><V47/><F47/><W3/><G3/><T115/><D53/><N who="2" m="20554" /><F28/><N who="3" m="17511" /><G51/><T56/><D128/><U81/><E1/><V42/><F42/><W119/><G119/><T46/><D131/><U8/><E36/><V79/><F79/><W73/><G73/><T74/><D74/><U134/><E134/><V76/><F76/><W109/><G109/><T91/><D115/><U2/><E38/><V117/><F117/><W92/><G63/><T6/><D61/><U106/><E106/><V124/><F124/><W87/><G17/><T112/><D5/><U94/><E67/><V12/><F26/><W82/><G92/><T50/><D95/><U11/><E2/><V80/><AGARI ba="0,0" hai="12,13,19,22,24,77,80,84" m="20554,46635" machi="80" ten="30,7900,0" yaku="13,1,52,2,54,1" doraHai="10" who="2" fromWho="2" sc="230,-20,217,-20,270,79,283,-39" owari="210,-19.0,197,-30.3,349,44.9,244,4.4" /></mjloggm>