<mjloggm ver="2.3"><GO type="225" lobby="0"/><UN n0="%6B%79%6F%6E%6B%6F%31%31" n1="%E3%83%9E%E3%82%AB%E3%83%92%E3%82%AD" n2="%E3%81%9F%E3%81%93%E2%98%86%E7%84%BC%E3%81%8D" n3="%E3%81%8C%E3%81%9F" dan="17,16,16,16" rate="2205.88,2084.29,2109.91,2084.68" sx="M,M,M,F"/><TAIKYOKU oya="0"/><INIT seed="0,0,0,2,0,98" ten="250,250,250,250" oya="0" hai0="72,16,119,125,104,71,31,87,110,92,10,135,52" hai1="59,99,86,4,121,89,44,49,97,116,47,50,73" hai2="20,41,34,76,67,26,46,15,106,124,120,19,114" hai3="127,21,77,128,64,61,17,134,78,43,123,122,35"/><T74/><D119/><U56/><E116/><V66/><F106/><W51/><G35/><T2/><D71/><U54/><E121/><N who="3" m="46090" /><G128/><T133/><D104/><U102/><E73/><V27/><F124/><W129/><G129/><T8/><D31/><U24/><E4/><V82/><F114/><W1/><G1/><T115/><D115/><U100/><E24/><V12/><F27/><N who="3" m="14767" /><G134/><N who="0" m="51211" /><D125/><U70/><E70/><V48/><F120/><W32/><G32/><T14/><D110/><U53/><E86/><N who="2" m="48455" /><F34/><W65/><G127/><T88/><D52/><U39/><E89/><V63/><F63/><W113/><G113/><T85/><D87/><U69/><E69/><V132/><F132/><W36/><G36/><AGARI ba="0,0" hai="36,39,44,47,49,50,53,54,56,59,97,99,100,102" machi="36" ten="25,6400,0" yaku="22,2,52,2" doraHai="98" who="1" fromWho="3" sc="250,0,250,64,250,0,250,-64" /><INIT seed="1,0,0,1,1,21" ten="250,314,250,186" oya="1" hai0="73,4,14,132,81,32,24,109,43,126,58,70,129" hai1="94,38,100,51,60,64,112,61,50,56,7,1,29" hai2="130,31,47,83,11,123,133,103,17,118,59,10,36" hai3="15,39,131,86,115,23,78,99,72,16,41,18,85"/><U49/><E112/><V108/><F108/><W77/><G115/><T79/><D70/><U42/><E1/><V71/><F71/><W9/><G131/><T119/><D119/><U90/><E7/><V93/><F130/><W48/><G39/><T91/><D129/><U22/><E100/><V57/><F83/><W88/><G72/><T128/><D109/><U113/><E38/><V104/><F104/><W2/><G99/><T135/><D43/><U106/><E106/><V69/><F69/><W12/><G2/><T97/><D128/><U26/><E113/><V121/><F133/><N who="0" m="51274" /><D58/><U3/><E3/><V80/><F59/><W8/><G23/><T68/><D68/><U89/><E42/><V33/><F57/><W114/><G114/><T34/><D34/><U127/><E127/><V53/><F33/><W120/><G120/><T101/><D91/><U35/><E35/><V40/><F103/><W134/><G134/><T84/><D14/><U46/><E61/><V65/><F40/><W54/><G41/><T37/><D4/><U30/><E89/><V67/><F36/><W6/><G6/><T44/><D44/><U5/><E5/><V117/><F47/><N who="3" m="27935" /><G86/><T76/><D126/><U105/><E105/><V20/><F118/><W52/><G52/><T28/><D37/><U92/><E46/><V62/><F117/><W87/><G87/><T116/><D116/><U107/><E64/><V66/><F67/><W125/><G125/><T45/><D45/><U13/><E60/><V27/><F62/><W63/><G63/><T96/><D101/><U55/><E55/><RYUUKYOKU ba="0,0" sc="250,15,314,-15,250,-15,186,15" hai0="24,28,32,73,76,79,81,84,96,97" hai3="8,9,12,15,16,18,77,78,85,88" /><INIT seed="2,1,0,3,0,129" ten="265,299,235,201" oya="2" hai0="45,100,114,24,0,92,118,49,97,59,28,90,121" hai1="51,104,133,115,47,98,96,60,107,94,75,11,2" hai2="87,30,126,38,8,16,3,17,116,33,43,9,27" hai3="39,106,55,88,69,26,83,135,71,5,77,67,61"/><V74/><F74/><W57/><G106/><T14/><D0/><U130/><E115/><V123/><F43/><W7/><G39/><T42/><D114/><U131/><E75/><V81/><F38/><W99/><G69/><T89/><D121/><U127/><E60/><V44/><F44/><W108/><G108/><T56/><D118/><U31/><E31/><V10/><F123/><W124/><G124/><T1/><D1/><U110/><E110/><V6/><F116/><W54/><G26/><T63/><D14/><U82/><E82/><V102/><F102/><W53/><G71/><T73/><D73/><U109/><E109/><V128/><F128/><N who="1" m="49193" /><E133/><V4/><F87/><W134/><G77/><T91/><REACH who="0" step="1"/><D63/><REACH who="0" ten="255,299,235,201" step="2"/><U79/><E2/><N who="2" m="23" /><F126/><W36/><G36/><T72/><D72/><U64/><E127/><V22/><F81/><W32/><G32/><AGARI ba="1,1" hai="24,28,32,42,45,49,56,59,89,90,91,92,97,100" machi="32" ten="40,2600,0" yaku="1,1,53,1" doraHai="129" doraHaiUra="46" who="0" fromWho="3" sc="255,39,299,0,235,0,201,-29" /><INIT seed="3,0,0,3,0,60" ten="294,299,235,172" oya="3" hai0="15,25,100,48,56,86,58,79,61,131,108,66,88" hai1="89,91,74,59,28,17,34,92,82,113,51,129,2" hai2="121,7,49,95,80,127,103,93,125,105,65,4,38" hai3="68,42,85,128,132,71,0,35,53,67,117,134,27"/><W87/><G117/><T10/><D108/><U114/><E2/><V101/><F38/><W81/><G0/><T124/><D124/><U76/><E129/><V9/><F49/><W19/><G128/><T69/><D131/><U63/><E89/><V123/><F9/><W102/><G42/><T75/><D100/><U50/><E17/><V116/><F80/><W107/><G53/><T109/><D109/><U14/><E14/><V99/><F99/><N who="3" m="61919" /><G71/><T1/><D1/><U83/><E83/><V18/><F18/><W29/><G19/><T44/><D25/><U104/><E104/><V111/><F105/><W64/><G68/><T37/><D79/><U72/><E74/><V62/><F62/><W24/><G24/><T73/><D37/><U133/><E133/><N who="3" m="51306" /><G85/><T52/><D73/><U98/><E28/><V119/><F111/><W41/><G41/><T8/><D8/><U70/><E70/><V112/><F112/><W90/><AGARI ba="0,0" hai="27,29,35,64,67,81,87,90" m="51306,61919" machi="90" ten="30,6000,0" yaku="20,1,52,2" doraHai="60" who="3" fromWho="3" sc="294,-20,299,-20,235,-20,172,60" /><INIT seed="3,1,0,1,3,96" ten="274,279,215,232" oya="3" hai0="38,19,121,50,84,6,87,74,95,40,118,20,55" hai1="28,106,37,22,115,5,71,57,69,105,52,62,92" hai2="59,3,91,89,73,7,79,104,42,123,41,103,32" hai3="99,14,131,31,2,97,135,112,88,107,10,16,108"/><W29/><G112/><T129/><D121/><U94/><E115/><V65/><F32/><W102/><G131/><T43/><D118/><U86/><E37/><V117/><F117/><W120/><G120/><T34/><D74/><U128/><E128/><V66/><F3/><W122/><G122/><T127/><D34/><U109/><E109/><V35/><F35/><W75/><G75/><T13/><D38/><U25/><E5/><V39/><F7/><W21/><G135/><T132/><D127/><U23/><E23/><V90/><F39/><W4/><REACH who="3" step="1"/><G108/><REACH who="3" ten="274,279,215,222" step="2"/><T82/><D132/><U83/><E105/><V76/><F123/><W26/><G26/><T124/><D129/><U78/><REACH who="1" step="1"/><E106/><REACH who="1" ten="274,269,215,222" step="2"/><V77/><F104/><W133/><G133/><T36/><D124/><U101/><E101/><V15/><F103/><W85/><G85/><T12/><D87/><U98/><E98/><V54/><F73/><W68/><G68/><AGARI ba="1,2" hai="22,25,28,52,57,62,68,69,71,78,83,86,92,94" machi="68" ten="40,5200,0" yaku="1,1,54,1,53,1" doraHai="96" doraHaiUra="58" who="1" fromWho="3" sc="274,0,269,75,215,0,222,-55" owari="274,7.4,344,44.4,215,-18.5,167,-33.3" /></mjloggm>