<mjloggm ver="2.3"><GO type="225" lobby="0"/><UN n0="%E9%89%A2%E5%B7%BB%E3%82%AC%E3%83%96" n1="%E8%A8%88%E7%AE%97%E6%A9%9F%E8%87%AA%E7%84%B6" n2="%4C%4F%4C%49%54%41" n3="%E3%83%A9%E3%83%96%E3%83%AC%E3%83%BC" dan="16,17,16,18" rate="2049.82,2209.69,2205.41,2209.21" sx="M,M,F,M"/><TAIKYOKU oya="0"/><INIT seed="0,0,0,0,2,95" ten="250,250,250,250" oya="0" hai0="132,78,99,54,134,97,112,83,45,70,79,36,24" hai1="107,80,96,58,12,61,85,11,131,43,8,14,55" hai2="18,117,4,25,124,116,35,128,68,87,129,106,66" hai3="9,113,67,57,3,33,88,119,127,77,52,89,30"/><T115/><D70/><U130/><E43/><V75/><F75/><W98/><G119/><N who="2" m="45641" /><F106/><W93/><G113/><N who="0" m="43595" /><D36/><U17/><E107/><V123/><F87/><W64/><G127/><T69/><D69/><U32/><E32/><V126/><F66/><W53/><G77/><N who="0" m="29195" /><D83/><U109/><E109/><V65/><F65/><N who="3" m="25163" /><G33/><T76/><N who="0" m="29203" /><T73/><DORA hai="72" /><D73/><U60/><E60/><V47/><F47/><W82/><G3/><T63/><D24/><U1/><E1/><V105/><F123/><W120/><G30/><T59/><D45/><U38/><E38/><V103/><F68/><W48/><G120/><T13/><D13/><U6/><E12/><V0/><F105/><W23/><G23/><T118/><D118/><U102/><E8/><N who="2" m="2055" /><F103/><N who="3" m="60879" /><G9/><T26/><D26/><U50/><E6/><V29/><F18/><W20/><G20/><T56/><D56/><U81/><E58/><V71/><F71/><W114/><G114/><T49/><D49/><U90/><E50/><V2/><F2/><W31/><G31/><T108/><D108/><U92/><E61/><V94/><F94/><W42/><G82/><T135/><AGARI ba="0,0" hai="54,59,63,97,99,132,134,135" m="29203,43595" machi="135" ten="50,18000,2" yaku="20,1,52,6" doraHai="95,72" who="0" fromWho="0" sc="250,180,250,-60,250,-60,250,-60" /><INIT seed="0,1,0,3,2,17" ten="430,190,190,190" oya="0" hai0="107,15,22,64,8,9,72,46,74,76,111,87,49" hai1="113,6,89,78,43,41,68,80,77,65,127,36,54" hai2="104,25,128,120,56,16,131,105,121,35,53,47,134" hai3="102,71,119,0,90,30,62,21,52,19,51,42,20"/><T129/><D107/><N who="2" m="41034" /><F47/><W33/><G119/><T117/><D117/><U55/><E127/><V58/><F35/><W101/><G0/><T114/><D114/><U123/><E123/><V48/><F58/><N who="3" m="35143" /><G33/><T45/><D64/><U116/><E116/><V132/><F120/><W122/><G71/><T18/><D111/><U100/><E100/><V3/><F3/><W37/><G37/><T29/><D129/><N who="2" m="49738" /><F121/><W108/><G108/><T112/><D112/><U23/><E113/><V2/><F2/><W32/><G32/><T26/><D45/><U63/><E6/><V133/><F133/><W97/><G122/><T103/><D103/><N who="3" m="39433" /><G30/><T13/><D74/><U34/><E34/><V44/><F56/><W130/><G19/><T110/><D72/><U125/><E36/><V59/><F59/><W118/><G118/><T14/><D110/><U61/><E68/><V106/><N who="2" m="41042" /><V81/><DORA hai="88" /><F81/><W73/><G73/><T98/><D18/><U93/><E80/><V39/><F39/><W1/><G1/><T82/><D8/><U86/><E65/><V38/><F38/><W7/><G7/><T83/><D9/><U92/><E61/><V5/><F5/><W11/><G11/><T28/><D28/><U109/><E63/><V27/><F27/><W10/><G10/><T135/><D26/><U67/><E67/><V85/><F85/><W57/><G130/><T66/><D29/><U91/><E109/><V126/><F126/><W99/><G57/><T96/><D22/><AGARI ba="1,0" hai="16,22,25,44,48,53,132,134" m="49738,41042" machi="22" ten="50,6400,0" yaku="19,1,52,1,54,1" doraHai="17,88" who="2" fromWho="0" sc="430,-67,190,0,190,67,190,0" /><INIT seed="1,0,0,4,0,33" ten="363,190,257,190" oya="1" hai0="77,22,92,135,1,109,126,101,52,100,46,34,12" hai1="6,88,108,4,81,97,89,19,96,86,62,3,14" hai2="107,75,61,65,72,120,129,44,104,128,15,21,73" hai3="35,76,37,113,29,87,20,114,71,32,93,58,42"/><U118/><E118/><V91/><F120/><W54/><G71/><T17/><D34/><U79/><E108/><V24/><F15/><W41/><G76/><T83/><D109/><U82/><E62/><V59/><F91/><W40/><G37/><T106/><D106/><U111/><E111/><V60/><F44/><W23/><G93/><T112/><D112/><U43/><E43/><V28/><REACH who="2" step="1"/><F61/><REACH who="2" ten="363,190,247,190" step="2"/><W0/><G114/><T30/><D46/><U67/><E89/><V9/><F9/><W110/><G113/><T39/><D12/><U122/><E122/><V132/><F132/><W51/><G110/><T7/><D135/><U26/><E14/><V53/><F53/><W64/><G54/><T123/><D52/><U55/><E55/><V38/><F38/><W16/><G42/><T13/><D39/><U70/><E88/><V116/><F116/><W119/><G119/><T103/><D123/><U121/><E121/><V74/><N who="2" m="18432" /><DORA hai="99" /><V8/><F8/><W94/><G41/><T105/><D13/><U130/><E4/><V124/><F124/><W84/><G40/><T50/><D7/><U127/><E6/><V117/><F117/><W25/><G51/><T47/><D126/><U98/><E127/><V125/><F125/><W10/><G10/><T57/><D50/><U69/><E79/><V102/><F102/><W45/><G45/><T115/><D47/><U11/><E11/><V31/><F31/><W90/><G29/><T48/><D103/><U36/><E36/><V68/><F68/><W63/><G63/><T134/><D100/><U95/><E69/><RYUUKYOKU ba="0,1" sc="363,-10,190,-10,247,30,190,-10" hai2="21,24,28,59,60,65,104,107,128,129" /><INIT seed="2,1,1,4,3,10" ten="353,180,277,180" oya="2" hai0="76,5,113,135,25,114,132,93,43,17,44,95,98" hai1="36,63,78,47,31,18,60,49,82,62,57,77,70" hai2="3,21,133,9,123,100,85,22,99,80,109,48,101" hai3="131,71,52,86,13,111,33,105,46,34,88,125,94"/><V122/><F133/><N who="0" m="51274" /><D5/><U72/><E31/><V15/><F3/><W19/><G105/><T127/><D127/><U26/><E77/><V58/><F109/><W102/><G71/><T124/><D124/><U45/><E70/><V118/><F118/><W56/><G125/><T35/><D76/><U42/><E26/><V83/><F83/><W130/><G102/><N who="0" m="60751" /><D95/><U73/><E18/><V55/><F122/><W64/><G64/><T7/><D7/><U134/><E134/><V90/><F123/><W20/><G46/><T16/><D35/><U108/><E108/><V75/><F75/><W120/><G120/><T59/><D59/><U50/><E72/><V24/><F22/><W14/><G111/><T89/><D89/><U79/><E79/><V81/><F81/><W115/><G115/><N who="0" m="44043" /><D25/><U91/><E91/><V92/><F100/><W112/><G112/><T110/><D110/><U53/><REACH who="1" step="1"/><E36/><AGARI ba="1,1" hai="16,17,36,43,44" m="44043,60751,51274" machi="36" ten="30,2000,0" yaku="20,1,54,1" doraHai="10" who="0" fromWho="1" sc="353,33,180,-23,277,0,180,0" /><INIT seed="3,0,0,2,1,125" ten="386,157,277,180" oya="3" hai0="45,55,59,19,5,33,7,13,69,97,25,104,39" hai1="27,84,15,60,93,81,61,22,76,51,14,65,130" hai2="79,56,67,46,106,103,26,4,38,134,47,21,133" hai3="128,0,34,90,112,120,64,53,127,87,3,83,116"/><W126/><G116/><T122/><D69/><U95/><E51/><V20/><F38/><W99/><G112/><T1/><D1/><U132/><E132/><V94/><F106/><W58/><G34/><T44/><D97/><U52/><E130/><V17/><F4/><W50/><G120/><T40/><D104/><U131/><E131/><V124/><F124/><N who="3" m="47659" /><G64/><T10/><D45/><U101/><E61/><N who="2" m="38311" /><F79/><W88/><G128/><T121/><D121/><U107/><E107/><V123/><F123/><W105/><G90/><T114/><D114/><U42/><E42/><V16/><F133/><W119/><G119/><T12/><D12/><N who="1" m="4651" /><E65/><V111/><F134/><W74/><G74/><T41/><D41/><U24/><E101/><AGARI ba="0,0" hai="0,3,50,53,58,83,87,88,99,101,105" m="47659" machi="101" ten="30,2900,0" yaku="18,1,54,1" doraHai="125" who="3" fromWho="1" sc="386,0,157,-29,277,0,180,29" /><INIT seed="3,1,0,3,4,55" ten="386,128,277,209" oya="3" hai0="119,108,8,39,89,44,63,10,86,124,130,26,70" hai1="74,127,126,120,113,53,96,51,95,35,85,24,68" hai2="61,100,109,0,80,41,91,15,57,12,65,2,56" hai3="88,45,132,6,27,97,50,69,94,125,101,84,103"/><W66/><G125/><T87/><D119/><U112/><E74/><V115/><F115/><W32/><G132/><T46/><D108/><U54/><E85/><V93/><F109/><W72/><G72/><T134/><D26/><U133/><E120/><V28/><F0/><W42/><G6/><T104/><D104/><U20/><E68/><V37/><F2/><W14/><G69/><T123/><D123/><U23/><E35/><V36/><F28/><W17/><G66/><T48/><D130/><U107/><E107/><V75/><F41/><W33/><G27/><T38/><D48/><U122/><E122/><V47/><F47/><W82/><REACH who="3" step="1"/><G103/><REACH who="3" ten="386,128,277,199" step="2"/><T98/><D70/><U19/><E133/><V117/><F100/><W114/><G114/><T9/><D134/><U13/><E112/><V18/><F65/><W11/><AGARI ba="1,1" hai="11,14,17,32,33,42,45,50,82,84,88,94,97,101" machi="11" ten="20,7800,0" yaku="1,1,0,1,7,1,54,1,53,0" doraHai="55" doraHaiUra="129" who="3" fromWho="3" sc="386,-27,128,-27,277,-27,199,91" /><INIT seed="3,2,0,5,1,16" ten="359,101,250,290" oya="3" hai0="116,5,113,102,23,52,120,81,128,42,131,68,133" hai1="110,99,61,98,69,48,107,4,115,2,41,53,36" hai2="72,103,37,22,79,70,35,57,71,24,101,27,40" hai3="106,0,86,92,65,85,56,54,95,44,8,45,12"/><W6/><G106/><T47/><D116/><U3/><E110/><V73/><F37/><W13/><G65/><T100/><D120/><U134/><E134/><V66/><F40/><W21/><G0/><T132/><D68/><U135/><E135/><N who="0" m="51785" /><D113/><U89/><E115/><V93/><F70/><W125/><G125/><T1/><D23/><U75/><E75/><V62/><F71/><W46/><G92/><T118/><D52/><U26/><E107/><V49/><F35/><W130/><G130/><N who="0" m="49707" /><D118/><U29/><E89/><V78/><F49/><W80/><G95/><T39/><D81/><U25/><E4/><V88/><F27/><W59/><G59/><T82/><D82/><U91/><E91/><V94/><F94/><W114/><G80/><T51/><D39/><U63/><E69/><V20/><F20/><W18/><G114/><T32/><D32/><U87/><E36/><V122/><F73/><W129/><G129/><T31/><D31/><U30/><E41/><V67/><F67/><W28/><G28/><T58/><D58/><U76/><E48/><AGARI ba="2,0" hai="6,8,12,13,18,21,44,45,46,48,54,56,85,86" machi="48" ten="40,3900,0" yaku="8,1,52,1" doraHai="16" who="3" fromWho="1" sc="359,0,101,-45,250,0,290,45" /><INIT seed="3,3,0,2,3,128" ten="359,56,250,335" oya="3" hai0="119,113,28,40,75,80,77,93,49,19,63,76,120" hai1="42,37,3,13,59,132,7,86,8,129,55,25,100" hai2="106,61,0,88,4,9,21,10,101,51,14,82,41" hai3="108,102,74,98,47,126,122,12,33,24,36,71,70"/><W116/><G122/><T69/><D119/><U52/><E129/><V114/><F114/><W50/><G116/><T104/><D120/><U5/><E100/><V67/><F106/><W109/><G74/><T30/><D104/><U111/><E111/><N who="3" m="42570" /><G36/><T124/><D124/><U23/><E37/><V115/><F101/><W99/><G126/><T11/><D113/><U57/><E42/><V94/><F115/><W103/><G102/><T83/><D93/><U121/><E121/><V27/><F82/><N who="0" m="31274" /><D69/><N who="3" m="26121" /><G12/><N who="0" m="7583" /><D75/><U123/><E123/><V110/><F110/><W1/><G1/><T17/><D17/><U79/><E3/><V85/><F51/><W16/><G103/><T73/><D73/><U6/><E86/><V117/><F117/><W78/><G78/><N who="0" m="30315" /><D63/><U130/><E79/><V134/><F41/><N who="3" m="24943" /><G16/><T107/><D107/><U43/><E43/><V66/><F61/><W26/><G26/><T18/><D18/><U58/><E130/><V2/><F2/><W44/><G44/><AGARI ba="3,0" hai="28,30,40,44,49" m="30315,7583,31274" machi="44" ten="30,1000,0" yaku="8,1" doraHai="128" who="0" fromWho="3" sc="359,19,56,0,250,0,335,-19" owari="378,47.8,56,-44.4,250,-15.0,316,11.6" /></mjloggm>