<mjloggm ver="2.3"><GO type="225" lobby="0"/><UN n0="%48%61%61%61%6C%61%6E%64" n1="%43%68%65" n2="%E3%83%A9%E3%83%96%E3%83%AC%E3%83%BC" n3="%E3%83%A9%E3%83%BC%E3%83%A1%E3%83%B3%E4%BA%94%E9%83%8E" dan="17,16,18,16" rate="2220.31,2168.99,2250.84,2114.49" sx="M,M,M,M"/><TAIKYOKU oya="0"/><INIT seed="0,0,0,5,1,75" ten="250,250,250,250" oya="0" hai0="15,45,69,112,93,24,26,130,104,96,23,56,127" hai1="79,42,73,22,47,76,57,60,46,113,50,88,44" hai2="29,101,105,135,34,114,32,78,81,27,103,115,70" hai3="30,67,4,7,133,84,108,117,77,87,91,94,17"/><T82/><D69/><U16/><E113/><V2/><F135/><W5/><G117/><T122/><D112/><U121/><E121/><V64/><F103/><W102/><G133/><T31/><D122/><U90/><E46/><V65/><F65/><W41/><G108/><T71/><D71/><U110/><E47/><V125/><F2/><W86/><G102/><T126/><D104/><U11/><E11/><V25/><F125/><W80/><G41/><T100/><D130/><U54/><E110/><V28/><F101/><W74/><G30/><T58/><D15/><N who="1" m="9503" /><E73/><N who="2" m="43215" /><F105/><W21/><REACH who="3" step="1"/><G67/><REACH who="3" ten="250,250,250,240" step="2"/><T124/><D127/><U119/><E119/><V43/><F43/><W61/><G61/><AGARI ba="0,1" hai="25,27,28,29,32,34,61,64,70,114,115" m="43215" machi="61" ten="30,2000,0" yaku="23,1,52,1" doraHai="75" who="2" fromWho="3" sc="250,0,250,0,250,30,240,-20" /><INIT seed="1,0,0,5,0,60" ten="250,250,280,220" oya="1" hai0="88,53,74,2,114,69,78,3,13,19,49,123,54" hai1="92,130,17,25,135,113,51,61,36,129,42,31,91" hai2="12,93,80,9,68,122,7,89,87,102,126,84,99" hai3="95,108,82,86,4,104,23,45,110,127,44,16,128"/><U5/><E113/><V38/><F126/><W6/><G104/><T28/><D114/><U40/><E36/><V111/><F111/><N who="3" m="42539" /><G127/><T112/><D112/><U77/><E77/><V120/><F68/><W29/><G29/><T11/><D123/><U119/><E119/><V121/><F38/><W103/><G128/><N who="1" m="49258" /><E135/><V79/><REACH who="2" step="1"/><F121/><REACH who="2" ten="250,250,270,220" step="2"/><W124/><G124/><T15/><D69/><U133/><E133/><V101/><F101/><W64/><G103/><T98/><D2/><U43/><E5/><V33/><F33/><W107/><G4/><T26/><D3/><U24/><E17/><V105/><AGARI ba="0,1" hai="7,9,12,79,80,84,87,89,93,99,102,105,120,122" machi="105" ten="20,2700,0" yaku="1,1,0,1,7,1,53,0" doraHai="60" doraHaiUra="71" who="2" fromWho="2" sc="250,-7,250,-13,270,37,220,-7" /><INIT seed="2,0,0,1,5,80" ten="243,237,307,213" oya="2" hai0="83,104,56,118,102,73,91,9,116,25,19,48,129" hai1="103,132,122,117,2,71,112,84,99,94,81,88,134" hai2="0,22,39,127,5,128,53,14,32,57,61,110,37" hai3="96,113,20,126,51,18,62,58,3,41,66,115,70"/><V15/><F32/><W120/><G120/><T65/><D129/><U10/><E71/><V72/><F72/><W97/><G3/><T114/><D114/><U100/><E112/><N who="3" m="43082" /><G126/><T105/><D102/><N who="1" m="38955" /><E122/><V86/><F0/><W124/><G124/><T95/><D105/><U8/><E2/><V30/><F128/><W76/><G76/><T40/><D104/><U33/><E33/><V23/><F39/><W98/><G41/><T1/><D40/><U131/><E131/><V77/><F37/><W107/><G51/><T44/><D1/><U49/><E49/><V54/><F53/><W12/><G107/><T82/><D48/><U24/><E24/><V4/><F15/><W28/><G28/><T135/><D44/><U106/><E106/><V133/><F14/><W55/><G70/><T64/><D25/><U90/><E117/><V11/><F30/><W109/><G109/><T85/><D118/><U63/><E63/><V31/><F31/><W123/><G123/><T45/><D45/><U108/><E108/><V119/><F119/><W43/><G43/><T59/><D116/><U47/><E47/><V101/><F61/><W27/><G27/><T87/><D59/><U92/><E134/><V36/><F36/><W35/><G35/><T89/><D135/><U29/><E29/><V26/><F26/><W75/><G75/><T46/><D46/><U34/><E34/><V7/><F133/><W79/><G79/><N who="0" m="44399" /><D56/><U68/><E68/><V60/><F127/><W16/><G18/><T121/><D121/><U93/><E132/><V130/><F130/><W13/><G66/><RYUUKYOKU ba="0,0" sc="243,10,237,10,307,-30,213,10" hai0="9,19,64,65,83,85,87,89,91,95" hai1="8,10,81,84,88,90,92,93,94,99" hai3="12,13,16,20,55,58,62,96,97,98" /><INIT seed="3,1,0,0,4,51" ten="253,247,277,223" oya="3" hai0="102,60,50,128,134,117,43,42,120,78,19,88,62" hai1="82,107,75,40,24,49,130,16,10,37,135,87,65" hai2="13,98,59,35,89,69,132,8,18,15,44,7,22" hai3="92,27,0,23,122,91,4,17,61,85,28,114,96"/><W70/><G114/><T64/><D117/><U74/><E107/><V72/><F69/><W45/><G122/><T100/><D120/><U39/><E65/><V9/><F72/><W113/><G113/><T66/><D78/><U29/><E75/><V111/><F111/><W55/><G70/><T129/><D50/><U84/><E74/><V94/><F35/><W123/><G123/><T11/><D11/><U77/><E87/><V71/><F71/><W97/><G28/><T67/><D19/><U63/><E63/><N who="0" m="24105" /><D88/><U21/><E130/><N who="0" m="50281" /><D134/><U25/><E135/><V34/><F132/><W118/><G118/><T14/><D14/><U52/><E40/><AGARI ba="1,0" hai="40,42,43,64,66,67,100,102" m="50281,24105" machi="40" ten="40,5200,0" yaku="28,2,19,1" doraHai="51" who="0" fromWho="1" sc="253,55,247,-55,277,0,223,0" owari="308,40.8,192,-30.8,277,7.7,223,-17.7" /></mjloggm>