<mjloggm ver="2.3"><GO type="225" lobby="0"/><UN n0="%E3%81%86%E3%82%8B%E3%81%8A%E3%81%A1%E3%82%83" n1="%E2%91%A3%E9%81%BF%E9%81%8A%E6%88%AF%E3%80%90%E6%9D%B1%E5%8D%97%E3%80%91" n2="%E3%81%8B%E3%81%9F%32%36%E3%82%8A" n3="%E9%80%9F%E6%B0%B4%E5%87%9B%E9%A6%99" dan="16,16,16,16" rate="2122.16,2057.64,2109.47,2131.95" sx="F,M,M,F"/><TAIKYOKU oya="0"/><INIT seed="0,0,0,3,2,17" ten="250,250,250,250" oya="0" hai0="63,51,119,38,22,60,91,127,128,25,65,15,53" hai1="77,64,103,108,114,124,78,126,83,41,74,0,11" hai2="56,21,113,100,52,122,92,18,133,80,101,58,118" hai3="55,30,39,75,34,93,97,120,27,71,57,68,49"/><T67/><D38/><U95/><E114/><V86/><F122/><W62/><G39/><T37/><D37/><U111/><E64/><V50/><F133/><W59/><G75/><T117/><D127/><N who="1" m="48683" /><E41/><V115/><F118/><W14/><G14/><T99/><D128/><U105/><E11/><V112/><F56/><W70/><G120/><T31/><D117/><U7/><E7/><V135/><F135/><W47/><REACH who="3" step="1"/><G62/><REACH who="3" ten="250,250,250,240" step="2"/><T107/><D15/><U32/><E0/><V5/><F5/><W104/><G104/><T98/><D107/><U33/><E105/><V61/><F61/><W48/><G48/><T6/><D63/><U3/><E3/><V121/><F121/><W132/><G132/><T90/><D60/><U1/><E1/><V8/><F8/><W87/><G87/><T109/><D119/><U36/><E36/><V24/><REACH who="2" step="1"/><F92/><REACH who="2" ten="250,250,240,240" step="2"/><W13/><G13/><T125/><D125/><U123/><E95/><V96/><F96/><W66/><G66/><T35/><D67/><U85/><E123/><V79/><AGARI ba="0,2" hai="18,21,24,50,52,58,79,80,86,100,101,112,113,115" machi="79" ten="30,8000,1" yaku="1,1,0,1,52,1,54,1,53,1" doraHai="17" doraHaiUra="44" who="2" fromWho="2" sc="250,-40,250,-20,240,100,240,-20" /><INIT seed="1,0,0,5,2,122" ten="210,230,340,220" oya="1" hai0="32,76,91,55,87,131,17,13,4,116,53,92,90" hai1="3,123,29,24,86,38,130,120,121,99,114,110,47" hai2="72,98,31,50,115,77,1,42,19,18,109,44,20" hai3="12,125,74,128,2,124,34,100,52,30,57,58,64"/><U104/><E86/><V65/><F1/><W126/><G2/><T68/><D116/><U39/><E114/><V51/><F77/><W85/><G74/><T112/><D112/><U119/><E119/><V73/><F31/><W134/><G100/><T66/><D32/><U40/><E130/><V36/><F65/><W62/><G134/><T61/><D131/><U135/><E3/><V71/><F71/><W129/><G12/><T78/><D4/><U45/><E135/><V11/><F36/><W67/><G67/><T75/><D90/><U54/><E54/><V10/><F44/><W8/><G8/><T6/><D6/><U93/><E47/><V41/><F20/><W28/><G28/><T56/><D75/><U69/><E69/><V96/><F115/><W5/><G5/><T97/><D97/><U102/><E93/><V107/><F107/><W14/><G14/><T82/><D82/><U80/><E80/><V22/><F22/><W9/><G9/><T49/><REACH who="0" step="1"/><D55/><REACH who="0" ten="200,230,340,220" step="2"/><U7/><E7/><V83/><F83/><W33/><G33/><T133/><D133/><U117/><E117/><V101/><F101/><W23/><G34/><T113/><D113/><U81/><E81/><V132/><F132/><W0/><G0/><T15/><D15/><U35/><E39/><V89/><F89/><W118/><G118/><T25/><D25/><U63/><E63/><V108/><AGARI ba="0,1" hai="10,11,18,19,41,42,50,51,72,73,96,98,108,109" machi="108" ten="25,8000,1" yaku="0,1,22,2,52,2" doraHai="122" who="2" fromWho="2" sc="200,-20,230,-40,340,90,220,-20" /><INIT seed="2,0,0,3,0,88" ten="180,190,430,200" oya="2" hai0="60,81,65,19,17,43,49,99,128,24,6,30,97" hai1="8,10,76,83,56,34,37,112,13,110,89,27,125" hai2="119,94,55,80,75,71,121,87,117,39,115,63,62" hai3="114,91,48,130,79,7,101,131,127,123,133,109,21"/><V23/><F75/><W129/><G7/><T59/><D128/><U47/><E112/><V116/><F39/><W45/><G79/><T103/><D6/><U69/><E69/><V86/><F121/><W12/><G123/><T132/><D132/><U85/><E125/><V106/><F106/><W70/><G70/><T4/><D4/><U107/><E107/><V64/><F115/><W36/><G36/><T40/><D81/><U42/><E110/><V102/><F23/><W61/><G61/><T26/><D97/><U16/><E56/><V104/><F104/><W72/><G72/><T3/><D3/><U74/><E34/><V25/><F25/><W124/><G101/><T18/><D49/><U66/><E66/><V122/><F122/><W22/><G109/><T54/><D54/><U1/><E27/><V120/><F120/><W126/><G91/><T92/><D26/><U58/><E58/><V67/><F55/><N who="3" m="30095" /><G114/><T73/><D73/><U14/><E1/><V108/><F108/><W0/><G0/><T44/><D44/><U33/><E33/><V28/><F80/><W134/><G12/><T20/><AGARI ba="0,0" hai="17,18,19,20,24,30,40,43,59,60,65,92,99,103" machi="20" ten="30,8000,1" yaku="0,1,25,2,8,1,52,1" doraHai="88" who="0" fromWho="0" sc="180,80,190,-20,430,-40,200,-20" /><INIT seed="3,0,0,3,2,22" ten="260,170,390,180" oya="3" hai0="48,128,131,83,42,44,57,34,15,21,59,31,124" hai1="2,66,6,132,99,114,45,121,109,46,43,75,54" hai2="65,53,102,30,11,106,56,85,100,88,96,74,40" hai3="110,120,26,98,78,35,133,23,1,115,12,9,18"/><W55/><G120/><T90/><D34/><U107/><E121/><V108/><F74/><W119/><G115/><T81/><D124/><U27/><E114/><V103/><F65/><W51/><G119/><T52/><D57/><U37/><E75/><V104/><F108/><W16/><G78/><T123/><D123/><U24/><E109/><V28/><F40/><W73/><G73/><T87/><D83/><U50/><E66/><V80/><F11/><W118/><G118/><T116/><D116/><U29/><E132/><V41/><F41/><W79/><G79/><T135/><D135/><U92/><E107/><V113/><F113/><W105/><G110/><T126/><D126/><U111/><E111/><V60/><F103/><W8/><G133/><T3/><D3/><U33/><E27/><V82/><F82/><W39/><G39/><T5/><D128/><U130/><E130/><V49/><F60/><W68/><G68/><T134/><D131/><U71/><E71/><V63/><F63/><W117/><G117/><T67/><D67/><U7/><E2/><V17/><F17/><W58/><G35/><T101/><D101/><AGARI ba="0,0" hai="6,7,24,29,33,37,43,45,46,50,54,92,99,101" machi="101" ten="30,2000,0" yaku="7,1,52,1" doraHai="22" who="1" fromWho="0" sc="260,-20,170,20,390,0,180,0" owari="240,4.0,190,-21.0,390,49.0,180,-32.0" /></mjloggm>