<mjloggm ver="2.3"><GO type="225" lobby="0"/><UN n0="%E3%81%86%E3%82%8B%E3%81%8A%E3%81%A1%E3%82%83" n1="%E3%81%AF%E3%82%88%E3%81%8A%E3%81%98%E3%81%95%E3%82%93" n2="%6D%75%75%6D%75%72%61" n3="%68%6F%72%69%30%39%30%31" dan="16,17,17,16" rate="2055.34,2179.58,2191.23,2095.56" sx="F,M,F,M"/><TAIKYOKU oya="0"/><INIT seed="0,0,0,0,0,61" ten="250,250,250,250" oya="0" hai0="40,17,106,102,101,37,42,21,91,71,59,31,134" hai1="100,107,73,97,38,121,85,49,128,35,112,0,116" hai2="131,51,6,122,11,94,39,9,79,89,126,87,65" hai3="74,54,62,30,77,103,118,14,123,33,19,129,47"/><T4/><D71/><U82/><RYUUKYOKU type="yao9" ba="0,0" sc="250,0,250,0,250,0,250,0" hai1="0,35,38,49,73,82,85,97,100,107,112,116,121,128" /><INIT seed="0,1,0,3,3,126" ten="250,250,250,250" oya="0" hai0="20,6,35,81,62,100,129,88,41,3,90,118,85" hai1="83,14,87,67,59,102,23,103,99,86,91,123,16" hai2="121,24,113,0,78,119,117,31,10,96,43,93,134" hai3="4,18,56,57,68,36,45,51,64,108,37,39,132"/><T92/><D35/><U53/><E123/><V125/><F125/><W65/><BYE who="2" /><G4/><T49/><D118/><U38/><E38/><N who="3" m="14954" /><G18/><T21/><D100/><U7/><E7/><V17/><F17/><W95/><G95/><T29/><D3/><U11/><E67/><N who="3" m="25674" /><G108/><T60/><D6/><U61/><E87/><V52/><F52/><N who="3" m="29807" /><G132/><T112/><D112/><U54/><E54/><V127/><F127/><W25/><G25/><N who="0" m="16551" /><D21/><U80/><E83/><V40/><F40/><W44/><G68/><T8/><D8/><U130/><E130/><V128/><F128/><W110/><G110/><T116/><D129/><U27/><REACH who="1" step="1"/><E99/><REACH who="1" ten="250,240,250,250" step="2"/><V77/><F77/><W115/><G115/><T1/><D1/><U2/><E2/><V79/><F79/><W19/><G19/><T106/><D116/><U42/><E42/><AGARI ba="1,1" hai="39,42,44,56,57" m="29807,25674,14954" machi="42" ten="30,12000,2" yaku="35,5,54,1" doraHai="126" who="3" fromWho="1" sc="250,0,240,-123,250,0,250,133" /><INIT seed="1,0,0,3,3,107" ten="250,117,250,383" oya="1" hai0="127,68,99,29,128,124,90,4,1,88,65,36,120" hai1="93,112,10,2,78,104,46,67,21,125,20,17,79" hai2="18,30,64,123,97,95,75,109,92,101,86,8,117" hai3="55,102,57,103,41,122,60,98,58,116,54,27,72"/><U11/><E104/><V121/><F121/><W130/><G122/><T34/><D36/><U50/><E112/><V134/><F134/><W59/><G41/><T42/><D42/><U45/><E125/><N who="0" m="48201" /><D128/><U70/><E70/><V96/><F96/><W108/><G72/><T12/><D1/><U51/><E2/><V118/><F118/><W85/><G130/><T76/><D76/><U39/><E39/><V5/><F5/><W44/><G85/><T63/><D120/><U53/><E67/><V119/><F119/><W49/><G108/><T48/><D48/><U131/><E131/><V52/><F52/><W100/><G116/><T26/><D99/><U71/><E71/><V22/><F22/><N who="1" m="8809" /><E93/><V15/><F15/><W82/><G82/><T61/><D61/><U114/><E114/><V35/><F35/><W73/><G73/><T80/><D80/><U40/><E17/><V91/><F91/><W66/><G27/><T33/><D33/><U81/><E81/><V32/><F32/><W7/><G7/><T94/><D94/><U62/><E62/><V110/><F110/><W126/><G126/><T28/><D28/><U115/><E115/><V111/><F111/><W9/><G9/><AGARI ba="0,0" hai="4,9,12,26,29,34,63,65,68,88,90" m="48201" machi="9" ten="30,2000,0" yaku="18,1,54,1" doraHai="107" who="0" fromWho="3" sc="250,20,117,0,250,0,383,-20" /><AGARI ba="0,0" hai="9,10,11,40,45,46,50,51,53,78,79" m="8809" machi="9" ten="30,1500,0" yaku="8,1" doraHai="107" who="1" fromWho="3" sc="270,0,117,15,250,0,363,-15" /><INIT seed="1,1,0,1,2,37" ten="270,132,250,348" oya="1" hai0="36,73,106,59,108,28,47,48,101,116,57,58,87" hai1="66,4,131,71,102,51,81,133,130,40,44,56,88" hai2="18,126,82,55,79,117,90,16,103,123,121,41,127" hai3="85,35,111,69,17,23,92,107,43,1,20,9,25"/><U78/><E133/><V6/><F6/><W99/><G69/><T110/><D73/><U24/><E71/><V72/><F72/><W45/><G107/><T135/><D36/><U86/><E102/><V65/><F65/><W30/><G85/><T60/><D116/><U77/><E4/><V32/><F32/><W109/><G1/><T100/><D135/><U29/><E56/><N who="0" m="21609" /><D106/><U2/><E66/><V124/><F124/><W128/><G9/><T74/><D74/><U105/><E2/><V67/><F67/><W76/><G76/><T96/><D87/><U54/><E54/><V98/><F98/><W61/><G61/><T53/><D28/><U34/><REACH who="1" step="1"/><E105/><REACH who="1" ten="270,122,250,348" step="2"/><V91/><F91/><W118/><G118/><T31/><D101/><U83/><E83/><V15/><F15/><W19/><G111/><T94/><D108/><U7/><E7/><V112/><F112/><W115/><G109/><T95/><D110/><U70/><E70/><V50/><F50/><W119/><G115/><T14/><D48/><U122/><E122/><V38/><F38/><W84/><G119/><T89/><D59/><U13/><E13/><V42/><F42/><W33/><G43/><T21/><D14/><U68/><E68/><V39/><F39/><W132/><G132/><T125/><D100/><U49/><E49/><V129/><F129/><AGARI ba="1,1" hai="24,29,34,40,44,51,77,78,81,86,88,129,130,131" machi="129" ten="40,12000,1" yaku="1,1,19,1,52,1,54,1,53,0" doraHai="37" doraHaiUra="0" who="1" fromWho="2" sc="270,0,122,133,250,-123,348,0" /><INIT seed="1,2,0,2,2,130" ten="270,255,127,348" oya="1" hai0="80,102,94,61,11,117,132,108,9,16,40,59,97" hai1="17,10,44,58,93,36,125,88,77,91,103,39,19" hai2="83,78,32,24,49,43,28,115,101,122,60,69,105" hai3="50,30,29,27,106,75,111,8,95,82,107,0,41"/><U86/><E125/><V100/><F100/><W113/><G113/><T31/><D117/><U104/><E77/><V133/><F133/><W35/><G30/><T129/><D129/><U14/><E44/><V126/><F126/><W79/><G111/><T64/><D108/><U90/><E104/><V62/><F62/><W66/><G95/><T26/><D132/><U96/><E86/><V127/><F127/><W116/><G116/><T98/><D40/><U67/><E67/><V112/><F112/><W42/><G66/><T53/><D80/><U65/><E65/><V34/><F34/><W12/><G0/><T57/><D97/><U20/><REACH who="1" step="1"/><E58/><REACH who="1" ten="270,245,127,348" step="2"/><V92/><F92/><W54/><G106/><T123/><D59/><U124/><E124/><V114/><F114/><W72/><G107/><T74/><D64/><U110/><E110/><V73/><F73/><W71/><G72/><T119/><D74/><U55/><E55/><V68/><F68/><W47/><G71/><T13/><D119/><U7/><E7/><AGARI ba="2,1" hai="7,8,12,27,29,35,41,42,47,50,54,75,79,82" machi="7" ten="30,1000,0" yaku="7,1" doraHai="130" who="3" fromWho="1" sc="270,0,245,-16,127,0,348,26" /><INIT seed="2,0,0,4,0,79" ten="270,229,127,374" oya="2" hai0="41,34,72,33,29,14,85,52,82,134,83,8,37" hai1="87,53,78,80,59,73,88,61,69,67,109,6,60" hai2="32,48,105,57,75,128,84,118,97,91,0,55,122" hai3="77,35,99,119,15,76,86,64,132,31,13,10,63"/><V111/><F111/><W20/><G119/><T116/><D134/><U126/><E109/><V43/><F43/><W131/><G132/><T27/><D116/><U92/><REACH who="1" step="1"/><E6/><REACH who="1" ten="270,219,127,374" step="2"/><V23/><F23/><W45/><G20/><T4/><D4/><U26/><E26/><V106/><F106/><W44/><G131/><T49/><D34/><U38/><E38/><V2/><F2/><W21/><G15/><T11/><D37/><U58/><E58/><V36/><F36/><W110/><G13/><T40/><D14/><U54/><E54/><V12/><F12/><W114/><G10/><T1/><D1/><U104/><E104/><V50/><F50/><W93/><G110/><T16/><D11/><U24/><E24/><V102/><F102/><W108/><G108/><T101/><D101/><U3/><E3/><V46/><F46/><W94/><G45/><T17/><D8/><U30/><E30/><V71/><F71/><W70/><G44/><T112/><D40/><U123/><E123/><V47/><F47/><W28/><G70/><T74/><D41/><U129/><E129/><V18/><F18/><W98/><G31/><T103/><D103/><U5/><E5/><V51/><F51/><W130/><G28/><T9/><D9/><U22/><E22/><V65/><F65/><W62/><G21/><T113/><D17/><U90/><E90/><V127/><F127/><AGARI ba="0,1" hai="53,59,60,61,67,69,73,78,80,87,88,92,126,127" machi="127" ten="40,5200,0" yaku="1,1,52,1,54,1,53,0" doraHai="79" doraHaiUra="39" who="1" fromWho="2" sc="270,0,219,62,127,-52,374,0" /><INIT seed="3,0,0,0,4,83" ten="270,281,75,374" oya="3" hai0="87,91,16,104,41,9,131,81,123,14,20,69,37" hai1="15,80,17,97,11,111,60,78,114,120,93,116,121" hai2="18,43,34,49,7,32,112,38,30,85,59,102,26" hai3="132,108,27,58,35,109,105,115,71,100,130,82,126"/><W94/><G71/><T55/><D123/><U64/><E114/><V92/><F92/><W0/><G0/><T44/><D104/><U6/><E111/><V110/><F110/><W75/><G75/><T56/><D69/><U106/><E116/><V70/><F70/><W99/><G58/><T128/><REACH who="0" step="1"/><D9/><REACH who="0" ten="260,281,75,374" step="2"/><U72/><E106/><V62/><F62/><AGARI ba="0,1" hai="14,16,20,37,41,44,55,56,62,81,87,91,128,131" machi="62" ten="40,8000,1" yaku="1,1,2,1,52,1,54,1,53,0" doraHai="83" doraHaiUra="133" who="0" fromWho="2" sc="260,90,281,0,75,-80,374,0" owari="350,15.0,281,-11.9,-5,-50.5,374,47.4" /></mjloggm>