<mjloggm ver="2.3"><GO type="225" lobby="0"/><UN n0="%E3%82%A2%E3%83%A1%E3%82%A2%E3%83%A9%E3%83%AC" n1="%E6%A1%9C%E8%8A%B1%E9%96%83%E3%80%85" n2="%33%74%72%65%65" n3="%E3%83%94%E3%83%B3%E3%82%B5%E3%83%AD%E5%BA%97%E5%93%A1" dan="16,16,16,16" rate="2039.79,2149.22,2118.29,2153.39" sx="M,M,F,M"/><TAIKYOKU oya="0"/><INIT seed="0,0,0,3,2,118" ten="250,250,250,250" oya="0" hai0="1,75,59,100,92,14,115,17,91,104,76,69,33" hai1="36,102,26,87,121,98,133,49,32,88,126,72,31" hai2="82,111,77,60,42,21,7,105,48,20,93,39,134" hai3="40,84,23,90,44,128,3,124,120,38,12,62,2"/><T131/><D115/><U52/><E126/><V51/><F105/><W99/><G124/><T11/><D131/><U123/><E133/><V53/><F134/><W116/><G116/><T71/><D33/><U64/><E72/><V46/><F111/><W86/><G128/><T66/><D1/><U101/><E64/><V113/><F113/><W9/><G62/><T56/><D56/><U130/><E36/><V97/><F60/><W19/><G99/><T54/><D66/><U18/><E18/><V68/><F68/><W127/><G127/><T112/><D112/><U47/><E130/><V108/><F7/><W29/><G86/><T24/><D24/><U109/><E109/><V57/><F39/><W35/><G35/><T85/><D100/><U135/><E135/><V70/><F70/><W8/><G120/><T22/><D104/><U5/><E5/><V4/><F4/><W83/><REACH who="3" step="1"/><G29/><REACH who="3" ten="250,250,250,240" step="2"/><T55/><D75/><U43/><E102/><N who="2" m="60719" /><F108/><W67/><G67/><T73/><D73/><U129/><E129/><V80/><F80/><W63/><G63/><T96/><D96/><U78/><E101/><V89/><F77/><W95/><G95/><T117/><D76/><U16/><E78/><V58/><F82/><W25/><G25/><N who="0" m="14543" /><D117/><U65/><E65/><V122/><F122/><N who="1" m="46601" /><E98/><V132/><F132/><W61/><G61/><N who="0" m="36087" /><D71/><U103/><E103/><V34/><F34/><W13/><G13/><T41/><D69/><U110/><E110/><V79/><F79/><W50/><G50/><T74/><D74/><U114/><E114/><V81/><F58/><W94/><G94/><RYUUKYOKU ba="0,1" sc="250,-15,250,-15,250,15,240,15" hai2="20,21,42,46,48,51,53,57,81,89" hai3="2,3,8,9,12,19,23,38,40,44,83,84,90" /><INIT seed="1,1,1,2,5,84" ten="235,235,265,255" oya="1" hai0="130,26,30,17,9,100,32,51,83,76,98,67,37" hai1="128,121,63,127,62,48,80,134,81,57,43,75,22" hai2="113,45,126,132,97,119,96,122,3,39,35,49,71" hai3="104,64,123,89,115,18,54,8,1,44,10,129,7"/><U78/><E121/><V46/><RYUUKYOKU type="yao9" ba="1,1" sc="235,0,235,0,265,0,255,0" hai2="3,35,39,45,46,49,71,96,97,113,119,122,126,132" /><INIT seed="1,2,1,3,1,131" ten="235,235,265,255" oya="1" hai0="13,124,104,22,95,52,45,63,71,29,123,126,106" hai1="117,25,47,99,33,85,26,115,83,122,24,89,32" hai2="2,125,135,65,87,44,8,7,120,11,113,3,61" hai3="92,105,110,128,79,80,58,28,94,49,112,96,5"/><U73/><E115/><V111/><F120/><W108/><G28/><T133/><D123/><U119/><E122/><V19/><F113/><W60/><G112/><T27/><D133/><U9/><E73/><V34/><F34/><W86/><G5/><T102/><D13/><U40/><E9/><V69/><F111/><N who="3" m="42539" /><G49/><N who="0" m="28719" /><D95/><U70/><E70/><V6/><F135/><W4/><G4/><T56/><D71/><U14/><E14/><V66/><F125/><N who="0" m="48234" /><D102/><U114/><E114/><V132/><F132/><W64/><G128/><T23/><D23/><U1/><E1/><V84/><F69/><W121/><G121/><T16/><D29/><U12/><E12/><V129/><F129/><W74/><G74/><T15/><D15/><U17/><E17/><V51/><F19/><W67/><G67/><AGARI ba="2,1" hai="16,22,27,56,63,67,104,106" m="48234,28719" machi="67" ten="30,3900,0" yaku="18,1,54,2" doraHai="131" who="0" fromWho="3" sc="235,55,235,0,265,0,255,-45" /><INIT seed="2,0,0,5,4,130" ten="290,235,265,210" oya="2" hai0="125,34,18,16,94,35,43,10,42,8,5,25,36" hai1="96,2,83,85,33,104,57,92,45,100,0,63,118" hai2="115,74,113,70,119,87,49,108,77,107,82,103,88" hai3="26,89,81,38,47,59,23,129,4,78,79,102,48"/><V131/><F70/><W114/><G129/><T14/><D125/><U99/><E33/><V32/><F131/><W116/><G116/><T28/><D35/><U50/><E118/><V40/><F119/><W67/><G114/><T132/><D132/><U7/><E7/><V121/><F32/><W95/><G38/><T20/><D94/><U39/><E39/><V37/><F37/><W53/><G102/><T11/><D36/><U101/><E57/><V123/><F49/><W126/><G4/><T58/><D58/><U97/><E97/><N who="2" m="61935" /><F40/><W66/><G126/><T110/><D110/><U21/><E21/><V19/><F19/><W12/><G12/><N who="0" m="9223" /><D8/><U52/><REACH who="1" step="1"/><E63/><REACH who="1" ten="290,225,265,210" step="2"/><V72/><F108/><W51/><G59/><T90/><D5/><U122/><E122/><N who="2" m="46603" /><F72/><W30/><G51/><T105/><D34/><U84/><E84/><V68/><F68/><W134/><G134/><T93/><D11/><U106/><E106/><V64/><F64/><W27/><G27/><T109/><D105/><U128/><E128/><V6/><F6/><W60/><G60/><T24/><D109/><U62/><E62/><V9/><F9/><W73/><G79/><AGARI ba="0,1" hai="0,2,45,50,52,79,83,85,92,96,99,100,101,104" machi="79" ten="30,3900,0" yaku="1,1,7,1,54,1,53,0" doraHai="130" doraHaiUra="135" who="1" fromWho="3" sc="290,0,225,49,265,0,210,-39" /><INIT seed="3,0,0,4,3,97" ten="290,274,265,171" oya="3" hai0="63,78,91,126,71,104,84,41,74,61,21,32,55" hai1="123,95,13,37,130,69,51,16,9,73,18,7,11" hai2="135,132,19,26,129,17,80,48,131,62,77,99,20" hai3="96,38,15,22,42,75,109,92,54,46,12,5,29"/><W90/><G75/><T114/><D32/><U106/><E106/><V68/><F48/><W120/><G120/><T113/><D126/><U25/><E37/><V102/><F19/><W118/><G118/><T44/><D104/><U134/><E123/><V128/><F62/><W28/><G109/><T122/><D122/><U119/><E119/><V107/><REACH who="2" step="1"/><F68/><REACH who="2" ten="290,274,255,171" step="2"/><W70/><G70/><T87/><D63/><U4/><E69/><V112/><F112/><W49/><G5/><T31/><D71/><U133/><E130/><V117/><F117/><W127/><G127/><T124/><D124/><U40/><E73/><AGARI ba="0,1" hai="17,20,26,73,77,80,99,102,107,128,129,131,132,135" machi="73" ten="40,5200,0" yaku="1,1,19,1,52,1,53,0" doraHai="97" doraHaiUra="39" who="2" fromWho="1" sc="290,0,274,-52,255,62,171,0" owari="290,9.0,222,-17.8,317,41.7,171,-32.9" /></mjloggm>