<mjloggm ver="2.3"><GO type="225" lobby="0"/><UN n0="%E7%B4%94%E6%BD%94%E3%83%94%E3%83%A9%E3%83%8B%E3%82%A2" n1="%E5%84%AA%40%41%42%43" n2="%E8%90%BD%E6%97%A5" n3="%77%72%77%72%77%72%77%72" dan="16,17,16,16" rate="2118.35,2124.30,2126.40,2240.08" sx="M,M,F,M"/><TAIKYOKU oya="0"/><INIT seed="0,0,0,5,1,22" ten="250,250,250,250" oya="0" hai0="78,37,120,123,97,83,116,25,48,32,41,111,49" hai1="63,60,42,28,65,132,62,34,35,58,4,46,118" hai2="57,135,117,105,66,103,47,92,17,126,33,125,102" hai3="131,51,82,70,10,108,134,94,7,16,67,87,101"/><T21/><D32/><U73/><E118/><V128/><F105/><W38/><G38/><T109/><D116/><U20/><E73/><V6/><F117/><W85/><G108/><N who="0" m="41547" /><D37/><U2/><E132/><V100/><F135/><W43/><G134/><T122/><D41/><U75/><E75/><V27/><F128/><W52/><G131/><T14/><D14/><U104/><E104/><V86/><F6/><W15/><G43/><T124/><D97/><U130/><E130/><V72/><F72/><W1/><G70/><T77/><D124/><N who="2" m="47722" /><F47/><W30/><G67/><T0/><D0/><U56/><E20/><N who="2" m="13711" /><F33/><W29/><G1/><T68/><D68/><U90/><E34/><V59/><F66/><W96/><G7/><T74/><D78/><U5/><E5/><V53/><F53/><W26/><G82/><T54/><D54/><U3/><E65/><V8/><F8/><W81/><G81/><T114/><D114/><U76/><E76/><V50/><F50/><W31/><REACH who="3" step="1"/><G26/><REACH who="3" ten="250,250,250,240" step="2"/><T55/><D55/><N who="1" m="33823" /><E4/><V84/><F92/><W107/><G107/><T88/><D77/><U61/><E3/><V12/><F12/><W133/><G133/><T23/><D74/><U13/><E2/><V9/><F9/><W36/><G36/><T44/><D44/><AGARI ba="0,1" hai="10,15,16,29,30,31,44,51,52,85,87,94,96,101" machi="44" ten="40,8000,1" yaku="1,1,8,1,54,2,53,1" doraHai="22" doraHaiUra="40" who="3" fromWho="0" sc="250,-80,250,0,250,0,240,90" /><INIT seed="1,0,0,0,2,28" ten="170,250,250,330" oya="1" hai0="34,81,39,51,89,113,127,109,102,97,29,38,3" hai1="23,116,31,78,91,12,50,83,118,41,49,124,32" hai2="13,70,129,17,21,95,24,25,14,98,45,54,1" hai3="8,62,63,104,58,43,47,4,69,42,76,53,37"/><U59/><E124/><V106/><F129/><W11/><G104/><T84/><D127/><U67/><E49/><V108/><F1/><W134/><G134/><T132/><D132/><U22/><E91/><V57/><F70/><W66/><G76/><T133/><D109/><U90/><E90/><V111/><F106/><W114/><G114/><T56/><D113/><U36/><E36/><V16/><F45/><W75/><G75/><T92/><D3/><U122/><E122/><V0/><F0/><W77/><G77/><T80/><D133/><U100/><E100/><N who="2" m="60511" /><F108/><W46/><G4/><T82/><D39/><AGARI ba="0,0" hai="8,11,37,39,42,43,46,47,53,58,62,63,66,69" machi="39" ten="30,2000,0" yaku="7,1,9,1" doraHai="28" who="3" fromWho="0" sc="170,-20,250,0,250,0,330,20" /><INIT seed="2,0,0,1,0,98" ten="150,250,250,350" oya="2" hai0="114,111,96,5,62,93,23,17,87,133,45,83,119" hai1="97,118,76,35,66,27,105,48,20,117,100,6,18" hai2="73,88,132,112,0,72,24,1,134,53,123,15,92" hai3="19,126,29,106,28,54,2,122,80,42,50,99,60"/><V32/><F112/><W108/><G122/><T36/><D111/><U109/><E109/><V10/><F123/><W95/><G2/><N who="2" m="1129" /><F53/><W8/><G106/><T37/><D114/><U26/><E6/><V74/><F24/><W52/><G126/><T81/><D5/><U91/><E76/><V63/><F63/><W59/><G42/><T39/><D119/><U65/><E91/><V38/><F32/><W104/><G104/><T61/><D133/><N who="2" m="51306" /><F38/><W71/><G71/><T115/><D115/><U13/><E27/><V101/><F101/><N who="3" m="60671" /><G80/><T125/><D45/><U34/><E35/><V120/><F120/><W130/><G108/><T25/><D83/><U40/><E65/><V86/><F73/><W110/><G110/><T135/><D125/><U57/><E66/><V90/><F90/><W4/><G4/><AGARI ba="0,0" hai="4,10,15,72,74,86,88,92" m="51306,1129" machi="4" ten="30,2900,0" yaku="20,1,54,1" doraHai="98" who="2" fromWho="3" sc="150,0,250,0,250,29,350,-29" /><INIT seed="2,1,0,1,4,51" ten="150,250,279,321" oya="2" hai0="58,47,132,7,21,115,28,116,31,69,30,84,80" hai1="38,118,125,0,1,25,83,107,50,111,61,134,97" hai2="82,2,70,131,133,135,71,56,19,91,123,39,43" hai3="75,96,22,85,11,67,106,72,60,62,128,53,40"/><V114/><F2/><W121/><G121/><T27/><D69/><N who="2" m="26122" /><F19/><W6/><G128/><T23/><D115/><U57/><E83/><V109/><F91/><W4/><G40/><T18/><D116/><U81/><E81/><V122/><F82/><W110/><G85/><T44/><D132/><N who="2" m="50762" /><F114/><W15/><G6/><T93/><D7/><U112/><E25/><V52/><F131/><W102/><G22/><T64/><D93/><U45/><E97/><V127/><F127/><W10/><G10/><T79/><REACH who="0" step="1"/><D21/><REACH who="0" ten="140,250,279,321" step="2"/><U48/><E134/><V94/><F94/><W5/><G4/><T14/><D14/><U35/><E35/><V42/><F109/><W8/><G15/><T95/><D95/><U86/><E112/><V78/><F78/><W13/><G5/><T59/><D59/><U26/><E57/><V99/><F99/><W32/><G13/><T9/><D9/><U76/><E111/><V41/><F39/><W92/><G92/><T20/><D20/><U87/><E76/><V66/><F66/><W16/><G8/><T104/><D104/><U46/><E107/><V34/><F34/><W74/><G32/><T126/><D126/><U124/><E38/><V90/><F90/><W36/><G36/><T113/><D113/><U88/><E88/><V108/><F108/><W33/><G33/><T29/><N who="0" m="7168" /><DORA hai="3" /><T12/><D12/><U130/><E130/><V89/><F89/><W117/><G110/><T24/><D24/><U100/><E26/><V68/><F68/><N who="3" m="42087" /><G11/><T129/><D129/><U119/><E100/><V73/><F73/><W65/><G75/><RYUUKYOKU ba="1,1" sc="140,10,250,10,279,10,321,-30" hai0="18,23,27,44,47,58,64,79,80,84" hai1="0,1,45,46,48,50,61,86,87,118,119,124,125" hai2="41,42,43,52,56,122,123" /><INIT seed="2,2,1,1,1,41" ten="150,260,289,291" oya="2" hai0="12,22,40,26,44,88,61,57,128,37,93,105,98" hai1="8,5,124,33,89,131,125,60,100,48,126,31,45" hai2="65,42,32,127,58,120,94,130,4,122,36,64,9" hai3="25,99,123,115,118,50,129,71,96,95,55,81,101"/><V75/><F32/><W28/><G118/><T20/><D128/><U104/><E131/><V78/><F130/><W133/><G129/><T83/><D105/><U114/><E114/><V15/><F127/><W110/><G123/><T46/><D83/><U80/><E60/><V27/><F27/><W97/><G115/><T47/><D12/><U102/><E104/><V23/><F23/><W132/><G71/><T14/><D14/><U2/><E31/><V116/><F116/><W74/><G110/><T109/><D22/><U59/><E59/><V19/><F19/><W1/><G1/><T43/><D37/><U62/><E62/><V134/><F94/><W21/><G81/><T54/><REACH who="0" step="1"/><D109/><REACH who="0" ten="140,260,289,291" step="2"/><U79/><E33/><V24/><F36/><W6/><G21/><T121/><D121/><U82/><E80/><V85/><F120/><W84/><G25/><T52/><D52/><N who="1" m="29711" /><E89/><V103/><F122/><W56/><G55/><T49/><D49/><U112/><E112/><V73/><F65/><W119/><G50/><T66/><D66/><U91/><E91/><V106/><F64/><W18/><G119/><T68/><D68/><U117/><E117/><V34/><F106/><W29/><G101/><T38/><D38/><U70/><E70/><V7/><F103/><W77/><G77/><T35/><D35/><U90/><E90/><V13/><F78/><W10/><G74/><AGARI ba="2,2" hai="2,5,8,74,79,82,100,102,124,125,126" m="29711" machi="74" ten="30,3900,0" yaku="18,1,52,1,54,1" doraHai="41" who="1" fromWho="3" sc="140,0,260,65,289,0,291,-45" /><INIT seed="3,0,0,0,4,59" ten="140,325,289,246" oya="3" hai0="104,7,17,34,55,64,77,52,123,106,117,61,127" hai1="110,40,134,36,109,63,48,58,1,84,112,132,108" hai2="2,10,32,19,103,85,114,30,67,71,3,89,16" hai3="12,14,45,121,120,54,91,41,99,6,35,31,102"/><W115/><G115/><T53/><D117/><U130/><E130/><V23/><F114/><W90/><G54/><T72/><D123/><U135/><E112/><V69/><F103/><W65/><G65/><T96/><D127/><U29/><E1/><V9/><F32/><W76/><G76/><T26/><D7/><U22/><E36/><V111/><F111/><W80/><G31/><T18/><D72/><U119/><E119/><V113/><F30/><W43/><G35/><T24/><D77/><U128/><E128/><V105/><F105/><W13/><G6/><T78/><D78/><U124/><E124/><V27/><F113/><W100/><G80/><T131/><D131/><U44/><E84/><V20/><F67/><W38/><G43/><T68/><D104/><U75/><E75/><V15/><F3/><W28/><G28/><T51/><D51/><U8/><E8/><V83/><REACH who="2" step="1"/><F2/><REACH who="2" ten="140,325,279,246" step="2"/><W11/><G100/><T118/><D118/><U56/><E63/><V25/><F25/><AGARI ba="0,1" hai="22,25,29,40,44,48,56,58,108,109,110,132,134,135" machi="25" ten="50,3200,0" yaku="14,1,20,1" doraHai="59" who="1" fromWho="2" sc="140,0,325,42,279,-32,246,0" owari="140,-36.0,367,46.7,247,4.7,246,-15.4" /></mjloggm>