<mjloggm ver="2.3"><GO type="225" lobby="0"/><UN n0="%E5%80%89%E6%A9%8B%EF%BC%A0%E4%BA%8B%E5%8B%99" n1="%72%69%6F%75%63%68%61%6E" n2="%E3%81%9F%E3%81%A3%E3%81%A1%E3%82%87" n3="%E6%A1%9C%E8%8A%B1%E9%96%83%E3%80%85" dan="16,17,16,18" rate="2084.83,2256.33,2100.66,2230.20" sx="M,M,M,M"/><TAIKYOKU oya="0"/><INIT seed="0,0,0,3,2,29" ten="250,250,250,250" oya="0" hai0="78,104,87,61,113,107,96,103,12,7,110,122,94" hai1="67,3,126,0,6,95,125,16,44,62,47,68,109" hai2="86,72,9,20,2,111,40,48,33,57,85,81,64" hai3="1,89,91,27,23,102,32,118,31,82,24,98,101"/><T70/><D113/><U28/><E109/><V120/><F120/><W10/><G118/><T74/><D122/><U93/><E28/><V21/><F111/><W58/><G58/><T90/><D110/><U25/><E6/><V53/><F33/><W30/><G82/><T18/><D7/><U135/><E135/><V106/><F106/><W123/><G123/><T73/><D107/><U84/><E44/><V97/><F97/><W46/><G46/><T59/><D70/><U119/><E119/><V13/><F2/><N who="1" m="553" /><E84/><V131/><F131/><W100/><G98/><T112/><D112/><U133/><E47/><N who="2" m="25703" /><F64/><W105/><REACH who="3" step="1"/><G105/><REACH who="3" ten="250,250,250,240" step="2"/><T38/><D78/><U134/><E93/><V108/><F81/><W130/><G130/><T60/><D60/><U115/><E95/><V41/><F108/><W26/><G26/><T19/><D38/><U117/><E117/><V4/><F72/><W75/><G75/><T71/><D71/><U39/><E115/><V50/><F41/><W129/><G129/><T11/><REACH who="0" step="1"/><D19/><REACH who="0" ten="240,250,250,240" step="2"/><U22/><E39/><V76/><F76/><W45/><G45/><T5/><D5/><AGARI ba="0,2" hai="1,5,10,23,24,27,30,31,32,89,91,100,101,102" machi="5" ten="40,2600,0" yaku="1,1,52,1,53,0" doraHai="29" doraHaiUra="88" who="3" fromWho="0" sc="240,-26,250,0,250,0,240,46" /><INIT seed="1,0,0,4,5,9" ten="214,250,250,286" oya="1" hai0="59,12,79,35,25,123,50,0,31,129,75,54,21" hai1="90,27,81,76,4,48,32,53,116,88,2,133,22" hai2="127,20,19,44,119,100,91,1,95,118,101,17,34" hai3="87,111,105,29,108,83,104,126,89,15,121,130,36"/><U49/><E116/><V93/><F127/><W107/><G36/><T38/><D0/><U57/><E133/><V85/><F34/><W60/><G121/><T45/><D123/><U3/><E32/><V72/><F1/><W47/><G126/><T18/><D129/><U65/><E2/><V30/><F72/><W82/><G130/><T61/><D38/><U69/><E48/><V71/><F71/><W68/><G29/><T84/><D75/><U11/><E65/><V66/><F66/><N who="3" m="41031" /><G47/><T6/><D6/><U132/><E132/><V122/><F122/><W112/><G112/><T86/><REACH who="0" step="1"/><D79/><REACH who="0" ten="204,250,250,286" step="2"/><U80/><E69/><V77/><F77/><W13/><G83/><T26/><D26/><U39/><E39/><V70/><F118/><W63/><G63/><T37/><D37/><U78/><E78/><V97/><F119/><W40/><G40/><AGARI ba="0,1" hai="12,18,21,25,31,35,40,45,50,54,59,61,84,86" machi="40" ten="30,7700,0" yaku="1,1,7,1,52,1,53,1" doraHai="9" doraHaiUra="43" who="0" fromWho="3" sc="204,87,250,0,250,0,286,-77" /><INIT seed="2,0,0,4,5,106" ten="291,250,250,209" oya="2" hai0="109,135,28,84,78,37,19,13,131,51,121,58,71" hai1="2,68,85,119,1,105,23,49,86,54,130,76,134" hai2="43,36,27,75,48,107,123,118,25,39,45,99,16" hai3="0,97,40,98,114,100,94,20,126,90,12,80,116"/><V89/><F118/><W47/><G116/><T87/><D121/><U26/><E119/><V63/><F123/><W60/><G0/><T38/><D71/><U88/><E105/><V92/><F75/><W6/><G126/><T108/><D131/><U120/><E68/><V128/><F128/><W62/><G114/><T55/><D28/><U70/><E130/><V83/><F107/><W64/><G64/><T111/><D135/><U66/><E120/><V9/><F83/><W133/><G133/><T96/><D96/><U74/><E134/><V122/><F122/><W67/><G67/><T72/><D72/><U4/><E4/><V104/><F104/><W61/><G98/><T57/><D58/><U22/><E74/><V56/><F36/><N who="0" m="13930" /><D78/><U103/><E103/><V93/><F93/><W32/><G32/><T41/><D41/><U102/><E102/><V110/><F39/><W17/><G6/><T117/><D117/><U129/><E129/><V81/><F81/><W69/><G69/><T79/><D79/><U82/><E66/><N who="2" m="39271" /><F110/><W24/><G24/><T132/><D132/><U95/><E70/><V125/><F125/><W91/><REACH who="3" step="1"/><G80/><REACH who="3" ten="291,250,250,199" step="2"/><T34/><D34/><U59/><E26/><V14/><AGARI ba="0,1" hai="9,14,16,25,27,43,45,48,89,92,99" m="39271" machi="14" ten="30,3000,0" yaku="8,1,54,1" doraHai="106" who="2" fromWho="2" sc="291,-10,250,-10,250,40,199,-10" /><INIT seed="2,1,0,0,0,40" ten="281,240,290,189" oya="2" hai0="118,84,27,34,53,67,135,122,9,41,70,46,81" hai1="59,10,45,43,35,21,11,115,14,98,132,8,19" hai2="110,101,68,90,71,64,57,44,42,128,55,92,127" hai3="116,22,130,5,6,36,85,3,0,4,86,125,33"/><V18/><F101/><W15/><G36/><T107/><D122/><U109/><E109/><V89/><F110/><W93/><G116/><T26/><D107/><U97/><E132/><V51/><F127/><W56/><G125/><T61/><D135/><U91/><E115/><V74/><F74/><W88/><G33/><T134/><D134/><U75/><E75/><V31/><F31/><W120/><G120/><T62/><D118/><U58/><E35/><V66/><F128/><W24/><G130/><T20/><D34/><U102/><E91/><V79/><F79/><W77/><G15/><T112/><D112/><U13/><E13/><V76/><F76/><W114/><G56/><T83/><D9/><U96/><REACH who="1" step="1"/><E102/><REACH who="1" ten="281,230,290,189" step="2"/><V37/><F89/><W47/><G114/><T38/><D27/><U2/><E2/><V106/><F90/><W16/><REACH who="3" step="1"/><G47/><REACH who="3" ten="281,230,290,179" step="2"/><T82/><D46/><U129/><E129/><V104/><F44/><W108/><G108/><T133/><D133/><U119/><E119/><V69/><F37/><AGARI ba="1,2" hai="8,10,11,14,19,21,37,43,45,58,59,96,97,98" machi="37" ten="40,2600,0" yaku="1,1,52,1,53,0" doraHai="40" doraHaiUra="29" who="1" fromWho="2" sc="281,0,230,49,290,-29,179,0" /><INIT seed="3,0,0,1,2,59" ten="281,279,261,179" oya="3" hai0="122,87,96,19,100,123,56,61,42,16,134,43,111" hai1="25,5,69,112,99,113,11,72,88,92,76,106,81" hai2="77,9,116,10,52,67,126,131,44,115,90,107,6" hai3="22,24,39,114,23,18,78,28,128,119,30,101,80"/><W33/><G114/><T133/><D87/><N who="1" m="52255" /><E69/><V49/><F116/><W38/><G119/><T35/><D35/><U64/><E64/><V124/><F115/><W110/><G128/><T102/><D111/><U57/><E25/><V117/><F117/><W120/><G120/><N who="0" m="46123" /><D19/><U84/><E57/><V66/><F131/><W97/><G110/><T32/><D16/><U60/><E60/><V83/><F107/><W68/><G68/><T74/><D74/><U103/><E84/><N who="2" m="50463" /><F77/><W58/><G23/><T91/><D91/><U86/><E86/><V21/><F21/><W65/><G30/><T40/><D96/><U13/><AGARI ba="0,0" hai="5,11,13,72,76,81,99,103,106,112,113" m="52255" machi="13" ten="30,2000,0" yaku="24,1,54,1" doraHai="59" who="1" fromWho="1" sc="281,-5,279,20,261,-5,179,-10" /><INIT seed="4,0,0,4,3,36" ten="276,299,256,169" oya="0" hai0="118,114,63,135,15,46,91,88,116,41,0,103,86" hai1="53,56,112,44,105,10,108,85,25,93,70,126,40" hai2="23,67,81,31,87,95,99,42,32,47,52,30,60" hai3="54,94,20,79,127,65,80,14,48,21,122,124,35"/><T115/><D0/><U69/><E108/><V128/><F128/><W100/><G35/><T7/><D103/><U55/><E105/><V123/><F123/><W6/><G65/><T130/><D63/><U75/><E75/><V104/><F104/><W66/><G66/><T89/><D86/><U119/><E119/><V28/><F32/><W131/><G131/><T57/><D57/><U34/><E55/><V58/><F23/><N who="3" m="8779" /><G122/><T84/><D84/><U125/><E112/><N who="0" m="43049" /><D135/><U27/><E10/><V111/><F111/><W19/><G6/><T39/><D130/><U113/><E113/><V107/><F107/><W106/><G106/><T1/><D1/><U77/><E69/><V78/><F67/><W102/><G94/><T26/><D26/><U96/><E70/><V50/><F30/><W64/><G64/><T17/><D7/><U61/><E34/><V76/><F76/><W73/><G102/><AGARI ba="0,0" hai="28,31,42,47,50,52,58,60,78,81,87,95,99,102" machi="102" ten="30,7700,0" yaku="7,1,8,1,52,1,54,1" doraHai="36" who="2" fromWho="3" sc="276,0,299,0,256,77,169,-77" owari="276,-12.4,299,9.9,333,43.3,92,-40.8" /></mjloggm>