<mjloggm ver="2.3"><GO type="225" lobby="0"/><UN n0="%E3%81%A9%E3%82%8F%E3%82%93%E3%81%94" n1="%E5%A4%9C%E3%81%AE%E3%82%AC%E3%82%B9%E3%83%91%E3%83%BC%E3%83%AB" n2="%E3%81%B5%E3%81%98%E3%81%8B%E3%81%A4" n3="%4B%2E%32%2E%4B%2E" dan="16,16,16,16" rate="2081.01,2135.56,2159.88,2123.69" sx="M,M,M,M"/><TAIKYOKU oya="0"/><INIT seed="0,0,0,4,0,6" ten="250,250,250,250" oya="0" hai0="100,98,12,91,75,72,39,7,97,15,64,127,106" hai1="44,60,107,78,35,0,94,30,129,4,93,52,50" hai2="89,121,108,26,86,88,47,81,51,128,56,131,2" hai3="58,45,3,59,57,31,34,101,18,32,9,99,124"/><T70/><D39/><U22/><E107/><V5/><F121/><W119/><G119/><T67/><D127/><U1/><E35/><V66/><F108/><W96/><G124/><T38/><D38/><U117/><E117/><V133/><F133/><W11/><G3/><T114/><D114/><U125/><E125/><V29/><F89/><W24/><G34/><T27/><D27/><U13/><E129/><V28/><F66/><W63/><G63/><T8/><D15/><U102/><E78/><V74/><F56/><W10/><G18/><T79/><D79/><U113/><E113/><V62/><F62/><W61/><G61/><T82/><D70/><U42/><E102/><V40/><F74/><W112/><G112/><T92/><REACH who="0" step="1"/><D82/><REACH who="0" ten="240,250,250,250" step="2"/><U130/><E1/><V73/><F26/><W123/><G123/><T65/><AGARI ba="0,1" hai="7,8,12,64,65,67,72,75,91,92,97,98,100,106" machi="65" ten="30,18000,2" yaku="1,1,2,1,0,1,52,1,53,2" doraHai="6" doraHaiUra="105" who="0" fromWho="0" sc="240,190,250,-60,250,-60,250,-60" /><INIT seed="0,1,0,0,5,44" ten="430,190,190,190" oya="0" hai0="56,97,62,11,112,83,65,90,79,24,93,101,116" hai1="6,103,68,74,32,123,119,49,70,99,14,124,105" hai2="36,51,100,109,73,43,52,86,23,113,84,28,66" hai3="10,130,108,0,82,122,107,129,77,41,78,17,3"/><T127/><D116/><U40/><E119/><V13/><F113/><W26/><G108/><T61/><D112/><U58/><E123/><V117/><F117/><W69/><G69/><T118/><D127/><U53/><E32/><V39/><F109/><W63/><G107/><T60/><D118/><U72/><E124/><V33/><F73/><W22/><G122/><T7/><D90/><U135/><E135/><V20/><F66/><W75/><G63/><T46/><D46/><U21/><E70/><V106/><F33/><W12/><G77/><T35/><D24/><U133/><E68/><V57/><F23/><W76/><G78/><T132/><D35/><U87/><E133/><V71/><F71/><W98/><G98/><T102/><D102/><U128/><E128/><N who="3" m="49258" /><G41/><T80/><D132/><U96/><E96/><V134/><F134/><W67/><G67/><T4/><D79/><U104/><E104/><V64/><F64/><W59/><G59/><T126/><D126/><U37/><E40/><V18/><F28/><AGARI ba="1,0" hai="0,3,10,12,17,22,26,28,75,76,82" m="49258" machi="28" ten="30,1000,0" yaku="19,1" doraHai="44" who="3" fromWho="2" sc="430,0,190,0,190,-13,190,13" /><INIT seed="1,0,0,3,0,27" ten="430,190,177,203" oya="1" hai0="84,124,47,1,32,85,19,87,108,71,67,75,115" hai1="110,43,16,132,24,86,91,15,116,100,8,56,123" hai2="61,72,92,50,121,125,89,134,25,66,11,52,30" hai3="74,36,14,94,70,57,28,59,54,9,76,29,78"/><U135/><E116/><V106/><F121/><W33/><G70/><T21/><D1/><U109/><E123/><V4/><F125/><W45/><G33/><T122/><D75/><U79/><E79/><N who="3" m="30250" /><G36/><T133/><D32/><U126/><E126/><V81/><F134/><N who="1" m="51241" /><E100/><V90/><F72/><W102/><G45/><T96/><D87/><U53/><E43/><V0/><F106/><W129/><G129/><T73/><D85/><U60/><E24/><V82/><F66/><W119/><G119/><T113/><D84/><U13/><E13/><V44/><F61/><N who="3" m="36023" /><G59/><T93/><D124/><U63/><E63/><V10/><F10/><W48/><G48/><T105/><D122/><U55/><E55/><V12/><F0/><W118/><G118/><T128/><D133/><U5/><E5/><V20/><REACH who="2" step="1"/><F90/><REACH who="2" ten="430,190,167,203" step="2"/><W130/><G74/><T98/><D73/><U40/><E40/><V26/><F26/><W99/><G130/><T42/><D67/><U97/><E97/><AGARI ba="0,1" hai="4,11,12,20,25,30,44,50,52,81,82,89,92,97" machi="97" ten="30,8000,1" yaku="1,1,7,1,8,1,52,1,54,1,53,0" doraHai="27" doraHaiUra="62" who="2" fromWho="1" sc="430,0,190,-80,167,90,203,0" /><INIT seed="2,0,0,0,1,93" ten="430,110,257,203" oya="2" hai0="15,72,46,58,70,88,18,96,107,69,61,114,126" hai1="59,86,31,95,51,44,112,47,120,115,82,91,45" hai2="26,12,39,36,29,80,57,7,103,92,109,4,124" hai3="81,94,17,108,53,74,90,125,24,132,27,119,113"/><V32/><F124/><W42/><G119/><T0/><D72/><U104/><E104/><V25/><F80/><W16/><G108/><T19/><D0/><U98/><E120/><V38/><F109/><W63/><G42/><T121/><D114/><U100/><REACH who="1" step="1"/><E31/><REACH who="1" ten="430,100,257,203" step="2"/><V50/><F29/><W76/><G113/><T8/><D107/><U1/><E1/><V73/><F38/><W116/><G116/><T117/><D121/><U41/><E41/><V102/><F36/><W89/><G125/><T135/><D126/><U20/><E20/><V11/><F39/><W129/><G129/><T21/><D21/><U78/><E78/><V28/><F28/><W77/><G77/><T5/><D117/><U131/><E131/><V127/><F127/><W35/><G35/><T52/><D8/><U110/><E110/><V128/><F11/><W55/><G132/><T64/><D135/><U99/><E99/><V43/><F43/><W56/><G76/><T123/><D96/><U22/><E22/><V130/><F32/><W62/><G74/><T75/><D75/><U2/><E2/><V40/><F40/><W101/><G27/><T122/><D123/><U33/><E33/><V111/><F73/><W87/><G24/><T66/><D122/><U60/><E60/><V97/><F25/><W49/><G63/><T118/><D61/><U37/><E37/><V133/><F26/><W9/><G9/><T106/><D118/><U68/><E68/><V3/><F130/><W65/><G62/><T79/><D70/><U54/><AGARI ba="0,1" hai="44,45,47,51,54,59,82,86,91,95,98,100,112,115" machi="54" ten="30,7900,0" yaku="1,1,0,1,52,1,53,1" doraHai="93" doraHaiUra="85" who="1" fromWho="1" sc="430,-20,100,89,257,-39,203,-20" /><INIT seed="3,0,0,0,5,128" ten="410,189,218,183" oya="3" hai0="10,115,32,38,85,34,131,114,16,44,53,93,123" hai1="5,4,40,116,27,21,72,81,12,36,3,133,57" hai2="112,97,105,0,70,100,66,56,15,75,102,43,8" hai3="122,24,135,95,82,132,60,118,126,54,94,51,13"/><W101/><G118/><T79/><D123/><U73/><E116/><V11/><F112/><N who="0" m="43050" /><D131/><U29/><E133/><N who="3" m="51274" /><G122/><T91/><D79/><N who="1" m="44263" /><E73/><V78/><F102/><W80/><G126/><T87/><D87/><U121/><E121/><V92/><F100/><W127/><G127/><T47/><D53/><U69/><E57/><V2/><F105/><W33/><G60/><T107/><D107/><U120/><E120/><V62/><F75/><W31/><G13/><N who="0" m="7223" /><D44/><N who="1" m="23559" /><E12/><V58/><F62/><W41/><G41/><AGARI ba="0,0" hai="32,34,38,41,47,85,91,93" m="7223,43050" machi="41" ten="30,2000,0" yaku="11,1,54,1" doraHai="128" who="0" fromWho="3" sc="410,20,189,0,218,0,183,-20" owari="430,53.0,189,-21.1,218,1.8,163,-33.7" /></mjloggm>