<mjloggm ver="2.3"><GO type="225" lobby="0"/><UN n0="%E3%81%8B%E3%82%8F%E3%81%A1%E3%82%83%E3%82%93%35%38" n1="%E6%B4%BE%E9%81%A3%E3%81%AE%E3%82%B8%E3%83%A3%E3%83%83%E3%82%AF" n2="%E5%A4%9C%E5%85%89%E5%A4%A9%E6%A5%BC" n3="%6B%69%72%61%64%6F%6B%69" dan="17,17,16,16" rate="2236.58,2210.87,2134.69,2115.98" sx="M,M,F,M"/><TAIKYOKU oya="0"/><INIT seed="0,0,0,5,5,16" ten="250,250,250,250" oya="0" hai0="46,1,68,80,87,59,39,110,118,62,73,35,47" hai1="133,64,74,83,79,6,57,3,109,12,117,69,88" hai2="36,122,85,82,33,54,120,91,103,100,15,53,114" hai3="14,71,31,129,108,27,98,107,128,50,0,94,121"/><T65/><D118/><U81/><E117/><V18/><F114/><W2/><G71/><T13/><D1/><N who="3" m="617" /><G107/><T130/><D73/><U72/><E69/><V113/><F113/><W40/><G40/><T89/><D35/><U75/><E109/><V9/><F36/><W41/><G41/><T56/><D130/><N who="3" m="50281" /><G108/><T43/><D110/><U90/><E3/><V11/><F33/><N who="3" m="20735" /><G50/><T48/><REACH who="0" step="1"/><D13/><REACH who="0" ten="240,250,250,250" step="2"/><U116/><E116/><V97/><F15/><W123/><G14/><T21/><D21/><U28/><E75/><V111/><F111/><W49/><G49/><T17/><D17/><U58/><E12/><V105/><F18/><W32/><G32/><T61/><D61/><U76/><E72/><V55/><REACH who="2" step="1"/><F103/><AGARI ba="0,1" hai="94,98,103,121,123" m="20735,50281,617" machi="103" ten="30,1000,0" yaku="19,1" doraHai="16" who="3" fromWho="2" sc="240,0,250,0,250,-10,250,20" /><INIT seed="1,0,0,5,2,72" ten="240,250,240,270" oya="1" hai0="29,44,10,18,6,135,104,74,130,87,25,83,79" hai1="9,70,113,68,124,54,117,129,100,96,88,131,105" hai2="1,35,120,8,126,16,39,114,86,32,21,40,27" hai3="24,37,102,64,103,75,49,97,57,46,125,0,92"/><U30/><E117/><V82/><F120/><W80/><G0/><T118/><D118/><U90/><E113/><V65/><F126/><W122/><G122/><T12/><D130/><N who="1" m="49675" /><E124/><V93/><F114/><W51/><G125/><T20/><D135/><U59/><E30/><V53/><F65/><W62/><G102/><T133/><D133/><U132/><E132/><V69/><F69/><N who="1" m="26729" /><E9/><V26/><F8/><W67/><G67/><T7/><D104/><U110/><E110/><V23/><F35/><W108/><G108/><T56/><D74/><U48/><AGARI ba="0,0" hai="48,54,59,88,90,96,100,105" m="26729,49675" machi="48" ten="30,3000,0" yaku="19,1,54,1" doraHai="72" who="1" fromWho="1" sc="240,-10,250,30,240,-10,270,-10" /><INIT seed="1,1,0,5,2,3" ten="230,280,230,260" oya="1" hai0="2,113,45,97,14,42,16,15,108,120,79,78,81" hai1="9,56,104,117,118,124,12,75,90,32,41,115,128" hai2="126,0,33,49,127,109,76,34,121,93,18,7,68" hai3="46,64,130,60,54,125,20,43,82,13,116,71,38"/><U102/><E115/><V29/><F121/><W58/><G82/><T65/><D2/><U101/><E75/><V24/><F68/><W96/><G96/><T107/><D113/><U37/><E32/><V39/><F39/><W25/><G130/><T135/><D65/><U66/><E128/><V62/><F34/><W91/><G91/><T94/><D107/><U77/><E77/><V123/><F76/><W110/><G110/><T67/><D67/><U129/><E129/><V103/><F62/><W61/><G125/><N who="2" m="47625" /><F49/><W5/><G116/><T73/><D108/><U21/><E124/><V26/><F93/><W95/><G95/><T133/><D79/><U40/><E37/><V44/><F44/><W105/><G105/><T112/><D112/><U57/><E104/><V92/><F92/><W87/><G87/><T23/><D14/><U70/><E70/><V84/><F103/><W72/><G72/><T106/><D106/><U35/><E35/><V27/><F84/><W19/><REACH who="3" step="1"/><G13/><REACH who="3" ten="230,280,230,250" step="2"/><T63/><D94/><U69/><E118/><V48/><F109/><W99/><G99/><T22/><D97/><U59/><E117/><V88/><F88/><W1/><G1/><T74/><D74/><U132/><E90/><V89/><F89/><W80/><G80/><T100/><D73/><U47/><E102/><V122/><F122/><W119/><G119/><T134/><D100/><U10/><E101/><V8/><F123/><W17/><G17/><T131/><D120/><U111/><E111/><V36/><F18/><W52/><G52/><T28/><D131/><U4/><E12/><RYUUKYOKU ba="1,1" sc="230,-10,280,-10,230,-10,250,30" hai3="5,19,20,25,38,43,46,54,58,60,61,64,71" /><INIT seed="2,2,1,3,4,41" ten="220,270,220,280" oya="2" hai0="55,0,91,109,35,104,53,87,99,123,110,108,22" hai1="106,12,11,78,82,52,4,68,130,128,88,62,135" hai2="25,132,75,56,71,116,73,127,6,39,125,70,51" hai3="3,94,126,129,119,101,113,133,92,32,77,98,49"/><V103/><F116/><W38/><G38/><T96/><D123/><U42/><E106/><V67/><F39/><W20/><G32/><T50/><D35/><U27/><E42/><V47/><F132/><W63/><G3/><T58/><D0/><U100/><E100/><V30/><F6/><W105/><G63/><N who="0" m="36303" /><D22/><U16/><E135/><V1/><F103/><W5/><G133/><T34/><D34/><U29/><E4/><V23/><F1/><W46/><G5/><T81/><D104/><U122/><E122/><V115/><F56/><AGARI ba="2,1" hai="50,55,56,81,87,91,96,99,108,109,110" m="36303" machi="56" ten="30,1000,0" yaku="14,1" doraHai="41" who="0" fromWho="2" sc="220,26,270,0,220,-16,280,0" /><INIT seed="3,0,0,4,4,121" ten="246,270,204,280" oya="3" hai0="21,89,93,96,113,31,13,82,15,90,45,85,133" hai1="119,3,25,116,101,2,58,83,56,1,130,39,66" hai2="30,67,52,44,69,127,128,37,19,34,20,80,129" hai3="86,115,76,108,43,77,75,131,60,118,54,22,12"/><W47/><G115/><T16/><D133/><U81/><E39/><V40/><F127/><W50/><G118/><N who="1" m="45098" /><E101/><V65/><F69/><W95/><G131/><N who="2" m="50249" /><F80/><N who="1" m="30793" /><E130/><V112/><F112/><W18/><G108/><T106/><D113/><U124/><E124/><V72/><F72/><W110/><G110/><T109/><D109/><U74/><E74/><V100/><F100/><W107/><G107/><T62/><D106/><U6/><E25/><N who="2" m="18767" /><F52/><W87/><G75/><T11/><D62/><N who="1" m="38231" /><E56/><V98/><F98/><W36/><G36/><T104/><D104/><U59/><E59/><V79/><F79/><W91/><G60/><T48/><D31/><U135/><E135/><V73/><F73/><W28/><G28/><T125/><D125/><U9/><AGARI ba="0,0" hai="1,2,3,6,9" m="38231,30793,45098" machi="9" ten="30,1100,0" yaku="12,1" doraHai="121" who="1" fromWho="1" sc="246,-3,270,11,204,-3,280,-5" /><INIT seed="4,0,0,0,3,116" ten="243,281,201,275" oya="0" hai0="63,45,3,132,68,111,18,125,120,55,26,121,117" hai1="83,42,67,60,17,6,77,69,128,109,76,41,15" hai2="19,13,35,86,114,22,85,16,59,115,20,0,44" hai3="101,24,129,5,99,31,88,11,112,107,97,40,78"/><T58/><D3/><U2/><E109/><V8/><F35/><W57/><G112/><N who="2" m="43049" /><F44/><W130/><G78/><T23/><D117/><U98/><E76/><V92/><F92/><N who="3" m="56455" /><G57/><T119/><D119/><U12/><E128/><N who="3" m="49258" /><G40/><T43/><D111/><U91/><E2/><V94/><F94/><W81/><G81/><T131/><D131/><U82/><E98/><V34/><F34/><N who="3" m="20839" /><G11/><T110/><D110/><U50/><E91/><V96/><F96/><W28/><G28/><T61/><D125/><U102/><E102/><V75/><F75/><W79/><G79/><T123/><D132/><U51/><E82/><V54/><F8/><W122/><G5/><T118/><D118/><U62/><E6/><V49/><F0/><W36/><G36/><T73/><D73/><U30/><E30/><V14/><AGARI ba="0,0" hai="13,14,16,19,20,22,49,54,59,85,86" m="43049" machi="14" ten="30,2000,0" yaku="15,1,54,1" doraHai="116" who="2" fromWho="2" sc="243,-10,281,-5,201,20,275,-5" /><INIT seed="5,0,0,3,3,125" ten="233,276,221,270" oya="1" hai0="39,86,113,32,122,120,98,127,23,28,48,15,135" hai1="112,46,66,61,30,123,5,117,4,55,49,81,8" hai2="110,69,99,0,130,84,47,20,11,71,129,83,58" hai3="13,82,79,92,78,67,126,22,36,94,75,76,105"/><U95/><E117/><V54/><F110/><W132/><G36/><T97/><D39/><U88/><E123/><V21/><F47/><W102/><G67/><T74/><D74/><U14/><E112/><V41/><F99/><N who="3" m="61663" /><G13/><T35/><D113/><U134/><E134/><V104/><F104/><W26/><G22/><N who="2" m="8809" /><F41/><W63/><G63/><T7/><D135/><U18/><E30/><V73/><F11/><W103/><G26/><T6/><D127/><U44/><E44/><V12/><F12/><W65/><G65/><T53/><D35/><U109/><E109/><V59/><F0/><W45/><G45/><T114/><D32/><U57/><E81/><V90/><F73/><W124/><G132/><T131/><D114/><U115/><E115/><V17/><F17/><W42/><G42/><T133/><D133/><U68/><E46/><V118/><F118/><W80/><G126/><T87/><D122/><U100/><E100/><V51/><F58/><W96/><G124/><T9/><D120/><U52/><E55/><V60/><F60/><W70/><G70/><T91/><D53/><U56/><E68/><V64/><F64/><W62/><G62/><T50/><D50/><U3/><E3/><V33/><F33/><W111/><G111/><T128/><D48/><U16/><E18/><V72/><F72/><N who="3" m="43015" /><G78/><T31/><D23/><U101/><E101/><V108/><F108/><W89/><G103/><T119/><D119/><U116/><E116/><V27/><F27/><W10/><G10/><T29/><D29/><U107/><E107/><V34/><F34/><W85/><G75/><RYUUKYOKU ba="0,0" sc="233,-30,276,10,221,10,270,10" hai1="4,5,8,14,16,49,52,56,57,61,66,88,95" hai2="51,54,59,69,71,83,84,90,129,130" hai3="79,82,85,89,92,94,96" /><INIT seed="5,1,0,0,1,11" ten="203,286,231,280" oya="1" hai0="40,121,113,81,58,55,92,77,123,19,14,2,18" hai1="1,62,24,75,84,3,8,64,101,111,132,128,90" hai2="70,74,23,110,43,126,86,6,122,76,51,124,125" hai3="50,57,49,4,48,38,115,36,95,85,60,41,10"/><U29/><E75/><V56/><F70/><W105/><G105/><T69/><D69/><U99/><E132/><V15/><F122/><N who="0" m="46602" /><D2/><U44/><E44/><N who="2" m="26015" /><F110/><W131/><G115/><T34/><D34/><N who="1" m="20775" /><E8/><N who="2" m="4503" /><F23/><W25/><G25/><T114/><D92/><U98/><E98/><V73/><F56/><W68/><G131/><T91/><D91/><U61/><E61/><V31/><F31/><W134/><G134/><T5/><D40/><U79/><E79/><V80/><AGARI ba="1,0" hai="73,74,76,80,86,124,125,126" m="4503,26015" machi="80" ten="40,5200,0" yaku="25,1,18,1,52,1" doraHai="11" who="2" fromWho="2" sc="203,-14,286,-27,231,55,280,-14" /><INIT seed="6,0,0,5,0,17" ten="189,259,286,266" oya="2" hai0="74,96,99,32,45,62,19,34,122,15,54,69,49" hai1="57,102,27,101,130,50,22,105,1,110,72,118,33" hai2="2,107,30,119,21,36,61,39,128,18,71,64,63" hai3="91,43,53,70,55,134,6,44,84,120,68,79,87"/><V86/><F119/><W123/><G6/><T82/><D122/><U114/><E110/><V0/><F107/><W97/><G134/><T9/><D34/><U80/><E1/><V52/><F2/><W98/><G44/><T16/><D32/><U76/><E33/><V24/><F0/><W31/><G91/><T135/><D135/><U78/><E118/><V92/><F128/><W133/><G133/><T35/><D35/><U60/><E114/><V12/><F86/><W38/><G43/><T93/><D19/><U90/><E50/><V42/><F92/><W65/><G65/><T23/><D9/><U10/><E10/><V59/><F42/><W40/><G40/><T89/><D96/><U109/><E109/><V46/><F46/><W41/><G41/><T11/><D11/><AGARI ba="0,0" hai="11,12,18,21,24,30,36,39,52,59,61,63,64,71" machi="11" ten="30,5800,0" yaku="7,1,52,1,54,1" doraHai="17" who="2" fromWho="0" sc="189,-58,259,0,286,58,266,0" owari="131,-36.9,259,-14.1,344,44.4,266,6.6" /></mjloggm>