<mjloggm ver="2.3"><GO type="225" lobby="0"/><UN n0="%E3%81%A1%E3%82%85%E3%81%86%E3%81%A9%E3%81%8F%E8%B1%A1%E3%81%95%E3%82%93" n1="%E6%80%AA%E3%81%97%E3%81%99%E3%81%8E%E3%82%8B%E3%83%81%E3%83%BC" n2="%E6%97%A5%E6%9B%9C%E6%97%A5%E3%82%88%E3%82%8A%E3%81%AE%E4%BD%BF%E8%80%85" n3="%E3%81%86%E3%82%8C%E3%81%9F%E3%82%93%E6%9E%95" dan="16,17,17,16" rate="2102.59,2142.02,2210.86,2094.09" sx="M,M,M,F"/><TAIKYOKU oya="0"/><INIT seed="0,0,0,3,2,48" ten="250,250,250,250" oya="0" hai0="120,107,89,7,118,26,28,53,101,70,78,71,105" hai1="5,129,109,87,50,100,104,97,81,44,79,115,111" hai2="62,15,41,12,128,25,92,63,18,58,98,91,96" hai3="84,127,55,32,54,39,121,106,76,75,67,2,52"/><T17/><D120/><U65/><E129/><V110/><F128/><W49/><G121/><T14/><D118/><U123/><E123/><V112/><F112/><W86/><G106/><T114/><D114/><U125/><E115/><V3/><F3/><W36/><G127/><T29/><D78/><U116/><E116/><V74/><F74/><W11/><G32/><T16/><D7/><U64/><E125/><V83/><F110/><N who="1" m="41993" /><E5/><V135/><F135/><W33/><G33/><T88/><D14/><U93/><E104/><V90/><F41/><AGARI ba="0,0" hai="41,44,50,64,65,79,81,87,93,97,100" m="41993" machi="41" ten="30,1000,0" yaku="14,1" doraHai="48" who="1" fromWho="2" sc="250,0,250,10,250,-10,250,0" /><INIT seed="1,0,0,3,3,107" ten="250,260,240,250" oya="1" hai0="14,105,64,31,54,104,68,6,69,106,119,111,40" hai1="65,88,66,99,20,98,94,100,16,19,132,125,82" hai2="46,112,117,57,47,58,89,75,95,59,109,28,29" hai3="60,127,128,70,78,130,27,5,26,32,123,39,0"/><U48/><E125/><V63/><F117/><W118/><G127/><T34/><D119/><U134/><E48/><V83/><F109/><W10/><G123/><T44/><D111/><U50/><E50/><V56/><F112/><W43/><G78/><T21/><D54/><U74/><E19/><V116/><F116/><W67/><G118/><T85/><D85/><N who="1" m="50231" /><E99/><V52/><F83/><W24/><REACH who="3" step="1"/><G32/><REACH who="3" ten="250,260,240,240" step="2"/><T22/><D34/><U11/><E74/><V101/><F75/><W38/><G38/><T102/><D105/><U122/><E122/><V15/><F101/><W90/><G90/><T91/><D91/><U129/><E129/><V55/><F15/><W108/><G108/><T51/><D102/><U8/><E134/><V18/><F18/><W72/><G72/><T92/><D106/><U12/><E132/><V13/><F13/><W3/><G3/><T103/><D104/><U7/><E7/><V30/><REACH who="2" step="1"/><F55/><REACH who="2" ten="250,260,230,240" step="2"/><W115/><G115/><T87/><D103/><U25/><E12/><V76/><F76/><W62/><G62/><T135/><D14/><U84/><E84/><AGARI ba="0,2" hai="28,29,30,46,47,52,56,57,58,59,63,84,89,95" machi="84" ten="40,8000,1" yaku="1,1,8,1,54,1,53,2" doraHai="107" doraHaiUra="41" who="2" fromWho="1" sc="250,0,260,-80,230,100,240,0" /><INIT seed="2,0,0,3,3,103" ten="250,180,330,240" oya="2" hai0="39,51,46,116,21,7,130,100,75,89,12,115,121" hai1="81,122,38,47,14,28,124,15,10,76,3,123,61" hai2="34,18,83,114,104,65,36,126,118,30,37,102,110" hai3="74,33,26,84,54,24,22,98,105,78,64,50,108"/><V127/><F114/><W72/><G108/><T85/><D115/><U52/><E124/><N who="2" m="47659" /><F118/><W95/><G105/><T49/><D75/><N who="1" m="43167" /><E28/><V63/><F18/><W71/><G33/><T35/><D100/><U23/><E23/><V69/><F83/><W40/><G40/><T129/><D35/><U82/><E82/><V60/><F60/><W48/><G84/><T99/><D99/><U91/><E91/><V8/><F8/><W5/><G78/><T106/><D7/><N who="1" m="1407" /><E61/><V57/><F57/><W90/><G5/><T93/><D21/><U20/><E20/><V97/><F110/><W87/><G87/><T42/><D116/><U55/><E55/><V117/><F117/><W53/><G71/><T120/><D12/><N who="1" m="4651" /><E52/><V56/><F56/><W44/><G64/><T45/><D49/><U41/><AGARI ba="0,0" hai="38,41,47,122,123" m="4651,1407,43167" machi="41" ten="30,1100,0" yaku="25,1" doraHai="103" who="1" fromWho="1" sc="250,-3,180,11,330,-5,240,-3" /><INIT seed="3,0,0,4,2,78" ten="247,191,325,237" oya="3" hai0="25,51,24,65,130,9,66,120,45,113,3,62,60" hai1="28,26,74,77,114,44,79,17,132,15,134,61,43" hai2="107,98,11,59,83,85,34,7,72,13,90,39,76" hai3="93,117,12,110,121,1,33,115,101,124,46,84,2"/><W91/><G115/><T19/><D120/><U30/><E114/><V53/><F34/><W47/><G117/><T22/><D113/><U108/><E61/><N who="0" m="23657" /><D3/><U4/><E4/><V104/><F39/><W111/><G121/><T123/><D123/><U23/><E108/><N who="3" m="41514" /><G33/><T100/><D100/><U102/><E102/><V31/><F31/><W57/><G124/><T97/><D97/><U128/><E128/><V54/><F107/><W6/><G57/><T37/><D37/><U38/><E28/><V27/><F59/><W118/><G118/><T63/><D9/><U68/><E68/><V105/><F105/><W55/><G101/><T75/><D75/><U0/><E0/><N who="3" m="106" /><G55/><N who="0" m="30191" /><D130/><U94/><E94/><V41/><F54/><W103/><G103/><T80/><D63/><U58/><E58/><V67/><F53/><W20/><G6/><T29/><D66/><U69/><E69/><V127/><F67/><W71/><G71/><T49/><D65/><U73/><E74/><V82/><F127/><W16/><AGARI ba="0,0" hai="12,16,20,46,47,84,91,93" m="106,41514" machi="16" ten="40,7800,0" yaku="14,1,10,1,54,1" doraHai="78" who="3" fromWho="3" sc="247,-26,191,-26,325,-26,237,78" owari="221,-17.9,165,-33.5,299,9.9,315,41.5" /></mjloggm>