<mjloggm ver="2.3"><GO type="225" lobby="0"/><UN n0="%E3%81%BF%E3%81%BF%E3%81%9A" n1="%E3%80%93%E3%81%97%E3%83%BC%E3%82%89%E3%80%93" n2="%E3%81%BE%E3%81%A8%E3%81%9F" n3="%E3%81%B5%E3%81%98%E3%81%8B%E3%81%A4" dan="16,16,16,16" rate="2153.91,2063.71,2115.69,2211.45" sx="M,M,M,M"/><TAIKYOKU oya="0"/><INIT seed="0,0,0,1,1,131" ten="250,250,250,250" oya="0" hai0="102,48,12,72,54,61,20,83,90,81,115,103,4" hai1="42,40,8,122,29,79,16,28,94,10,38,53,84" hai2="64,82,63,114,128,21,68,119,129,17,52,107,86" hai3="2,78,120,113,73,19,87,127,100,51,125,99,58"/><T111/><D115/><U59/><E122/><V26/><F107/><W24/><G113/><T46/><D111/><U109/><E109/><V116/><F114/><W71/><G2/><T60/><D72/><U25/><E38/><V69/><F69/><W92/><G71/><T37/><D37/><U45/><E45/><V11/><F11/><N who="1" m="4137" /><E29/><V132/><F132/><W50/><G120/><T49/><D4/><U56/><E28/><V135/><F135/><W23/><G73/><T7/><D7/><U6/><E6/><V89/><REACH who="2" step="1"/><F52/><REACH who="2" ten="250,250,240,250" step="2"/><N who="3" m="32023" /><G127/><T118/><D118/><AGARI ba="0,1" hai="17,21,26,63,64,68,82,86,89,116,118,119,128,129" machi="118" ten="40,2600,0" yaku="1,1,12,1,53,0" doraHai="131" doraHaiUra="27" who="2" fromWho="0" sc="250,-26,250,0,240,36,250,0" /><INIT seed="1,0,0,3,5,55" ten="224,250,276,250" oya="1" hai0="135,62,60,106,79,24,19,87,8,116,107,7,134" hai1="103,16,4,56,38,14,125,100,11,63,3,88,44" hai2="93,61,80,130,71,31,118,42,85,48,110,32,117" hai3="29,75,97,99,2,111,104,91,128,84,21,43,18"/><U90/><E125/><V65/><F110/><W121/><G121/><T94/><D116/><U133/><E133/><N who="0" m="50697" /><D24/><U39/><E39/><V13/><F130/><W52/><G128/><T6/><D19/><U82/><E38/><V120/><F120/><W70/><G2/><T81/><D94/><U20/><E44/><V89/><F13/><W49/><G70/><T95/><D95/><U9/><E9/><V40/><F31/><W78/><G111/><T64/><D60/><U23/><E23/><V25/><F25/><W0/><G0/><N who="0" m="71" /><D7/><U102/><REACH who="1" step="1"/><E82/><REACH who="1" ten="224,240,276,250" step="2"/><V30/><F80/><W101/><G43/><T108/><D108/><U10/><E10/><V69/><F42/><W5/><G5/><T109/><D109/><U36/><E36/><V47/><F117/><W105/><G21/><T28/><D28/><U66/><AGARI ba="0,1" hai="3,4,11,14,16,20,56,63,66,88,90,100,102,103" machi="66" ten="30,12000,1" yaku="1,1,0,1,52,1,54,2,53,0" doraHai="55" doraHaiUra="92" who="1" fromWho="1" sc="224,-40,240,130,276,-40,250,-40" /><INIT seed="1,1,0,1,1,36" ten="184,370,236,210" oya="1" hai0="37,104,90,118,31,88,107,65,5,95,0,78,130" hai1="127,135,108,82,125,44,83,119,14,97,121,56,45" hai2="49,2,19,129,47,35,66,113,55,133,3,93,10" hai3="40,33,60,71,68,25,30,13,103,22,29,84,32"/><U20/><E119/><V85/><F129/><W23/><G103/><T122/><D118/><U77/><E121/><V131/><F131/><W109/><G60/><T6/><D130/><U26/><E135/><V64/><F35/><W9/><G84/><T63/><D78/><U114/><E114/><V111/><F111/><W4/><G109/><T50/><D37/><U39/><E108/><V11/><F113/><W101/><G101/><T51/><D31/><N who="3" m="11785" /><G40/><T116/><D116/><U74/><E83/><V132/><F2/><N who="3" m="151" /><G68/><T15/><D0/><U57/><E97/><V27/><F3/><W106/><G106/><T12/><D63/><U86/><E74/><V73/><F73/><W28/><G71/><T8/><D8/><N who="2" m="3114" /><F133/><W100/><G100/><T80/><D80/><U46/><E39/><V75/><F75/><W69/><G69/><T42/><D95/><U96/><E96/><V17/><F27/><W54/><G54/><T48/><D48/><U7/><E26/><V18/><F132/><W117/><G117/><T21/><D21/><N who="3" m="7689" /><G13/><T124/><D65/><U1/><E14/><V120/><F120/><W110/><G110/><T76/><D122/><U52/><E1/><V41/><F55/><W72/><G72/><T67/><D67/><U62/><E52/><V89/><AGARI ba="1,0" hai="17,18,19,41,47,49,64,66,85,89,93" m="3114" machi="89" ten="30,2000,0" yaku="8,1,52,1" doraHai="36" who="2" fromWho="2" sc="184,-6,370,-11,236,23,210,-6" /><INIT seed="2,0,0,0,3,60" ten="178,359,259,204" oya="2" hai0="88,15,19,128,92,51,45,55,95,42,117,50,48" hai1="102,134,125,115,66,38,23,101,114,133,119,36,85" hai2="123,56,127,29,12,81,28,0,11,31,53,126,57" hai3="69,79,131,35,98,1,107,122,62,99,18,87,86"/><V120/><F0/><W97/><G122/><N who="2" m="46633" /><F81/><W64/><G131/><T27/><D128/><U4/><E119/><V39/><F39/><N who="1" m="14889" /><E4/><N who="2" m="3175" /><F53/><W32/><G107/><T33/><D117/><U67/><E85/><V108/><F56/><W37/><G37/><T43/><D95/><U59/><E23/><V16/><F57/><W72/><G1/><T6/><D33/><U104/><E59/><V75/><F75/><W3/><G3/><T41/><D27/><U82/><E82/><V70/><F70/><W58/><G69/><T135/><D135/><N who="1" m="51723" /><E125/><N who="2" m="47627" /><F108/><W118/><G118/><T121/><D6/><U7/><E7/><V10/><F31/><W113/><G113/><N who="1" m="43018" /><E104/><V17/><F17/><W26/><G35/><T9/><REACH who="0" step="1"/><D121/><REACH who="0" ten="168,359,259,204" step="2"/><U116/><E116/><V84/><F84/><AGARI ba="0,1" hai="9,15,19,41,42,43,45,48,50,51,55,84,88,92" machi="84" ten="40,8000,1" yaku="1,1,2,1,8,1,54,1,53,0" doraHai="60" doraHaiUra="100" who="0" fromWho="2" sc="168,90,359,0,259,-80,204,0" /><INIT seed="3,0,0,1,5,101" ten="258,359,179,204" oya="3" hai0="96,33,82,133,93,104,122,78,79,42,76,15,70" hai1="40,100,49,48,91,127,83,57,8,66,62,68,134" hai2="41,30,98,125,86,109,67,111,53,89,32,118,25" hai3="47,2,11,36,38,119,55,106,77,52,81,102,128"/><W113/><G113/><T130/><D70/><U50/><E127/><V117/><F41/><N who="3" m="22951" /><G119/><T7/><D33/><U22/><E134/><V23/><F67/><W129/><G38/><T59/><D133/><U5/><E100/><V26/><F125/><W124/><G124/><T121/><D130/><N who="3" m="50281" /><G11/><T18/><D7/><U115/><E115/><V0/><F0/><W21/><G21/><T12/><D82/><U75/><E22/><V110/><F98/><N who="3" m="61783" /><G2/><T65/><D42/><U71/><E40/><V87/><F53/><W1/><G1/><T74/><D121/><U114/><E114/><V31/><REACH who="2" step="1"/><F87/><AGARI ba="0,0" hai="52,55,77,81,87" m="61783,50281,22951" machi="87" ten="30,5800,0" yaku="19,1,52,1,54,1" doraHai="101" who="3" fromWho="2" sc="258,0,359,0,179,-58,204,58" /><INIT seed="3,1,0,0,2,90" ten="258,359,121,262" oya="3" hai0="7,113,13,4,106,105,96,56,9,134,85,20,1" hai1="83,39,70,76,41,92,26,101,116,129,78,28,99" hai2="40,29,58,98,125,132,66,27,133,59,23,73,24" hai3="84,72,8,118,49,62,32,16,19,34,3,38,17"/><W86/><G118/><T91/><D134/><U14/><E70/><V47/><F73/><W112/><G72/><T67/><D113/><U82/><E116/><V127/><F98/><W121/><G38/><T6/><D1/><U35/><E129/><V61/><F61/><W120/><G112/><T65/><D106/><U68/><E68/><V111/><F29/><W119/><G62/><T115/><D115/><U33/><E41/><V124/><F23/><W12/><G49/><T54/><D20/><U42/><E42/><V93/><F40/><W53/><G53/><T79/><D79/><U107/><E39/><V64/><F47/><W102/><G102/><T55/><D96/><U110/><E35/><N who="3" m="13354" /><G84/><T52/><D105/><U87/><E14/><V5/><F5/><N who="0" m="2154" /><D56/><U71/><E71/><V89/><F89/><W131/><G86/><T45/><D45/><U135/><E135/><V128/><F124/><W50/><G50/><T0/><D0/><U11/><E11/><V77/><F77/><W48/><G48/><T108/><D108/><U15/><E110/><V25/><F25/><W100/><G100/><T37/><D37/><U97/><E15/><V81/><F111/><W88/><G88/><T10/><D10/><U51/><E51/><V114/><F114/><W2/><G119/><T44/><D44/><U69/><E69/><V75/><F75/><W60/><G131/><T104/><D104/><U57/><E57/><V94/><REACH who="2" step="1"/><F81/><AGARI ba="1,0" hai="7,9,13,52,54,55,65,67,81,85,91" m="2154" machi="81" ten="30,2000,0" yaku="8,1,54,1" doraHai="90" who="0" fromWho="2" sc="258,23,359,0,121,-23,262,0" owari="281,8.1,359,45.9,98,-40.2,262,-13.8" /></mjloggm>