<mjloggm ver="2.3"><GO type="225" lobby="0"/><UN n0="%72%61%6B%33" n1="%E8%81%B7%E6%A5%AD%E3%80%81%E9%A2%A8%32" n2="%E5%82%8D%E8%8B%A5%E7%84%A1%E4%BA%BA%35%31" n3="%33%74%72%65%65" dan="17,16,16,17" rate="2245.17,2102.90,2026.90,2160.52" sx="M,M,M,F"/><TAIKYOKU oya="0"/><INIT seed="0,0,0,0,5,66" ten="250,250,250,250" oya="0" hai0="7,77,102,49,2,87,85,68,54,92,118,104,8" hai1="9,94,13,134,107,50,19,132,81,103,55,115,29" hai2="110,10,112,78,62,73,53,83,130,108,40,127,43" hai3="113,42,119,109,25,135,30,124,88,133,97,34,39"/><T126/><D118/><U70/><E115/><V4/><F112/><W98/><G113/><T114/><D114/><U74/><E107/><V56/><F130/><W122/><G119/><T105/><D126/><U33/><E70/><V89/><F89/><W128/><G128/><T15/><D68/><U11/><E33/><V21/><F21/><W28/><G124/><T72/><D2/><U24/><E29/><V93/><F93/><W76/><G30/><T26/><D26/><U67/><E67/><V37/><F127/><W123/><G76/><T47/><D72/><U116/><E24/><V46/><REACH who="2" step="1"/><F40/><REACH who="2" ten="250,250,240,250" step="2"/><W121/><G88/><T6/><D105/><U86/><E11/><V1/><AGARI ba="0,1" hai="1,4,10,37,43,46,53,56,62,73,78,83,108,110" machi="1" ten="30,8000,1" yaku="1,1,2,1,0,1,25,2,53,0" doraHai="66" doraHaiUra="80" who="2" fromWho="2" sc="250,-40,250,-20,240,90,250,-20" /><INIT seed="1,0,0,5,1,36" ten="210,230,330,230" oya="1" hai0="0,127,47,32,123,3,45,68,95,21,99,97,105" hai1="64,111,81,42,62,44,37,100,98,91,9,125,30" hai2="116,12,56,13,83,88,104,109,129,43,50,90,5" hai3="101,7,121,130,84,128,102,27,57,118,85,33,15"/><U112/><E112/><V14/><F104/><W25/><G121/><T117/><D32/><U41/><E125/><V26/><F116/><W89/><G57/><T103/><D117/><U114/><E114/><V22/><F109/><W53/><G118/><T60/><D127/><U120/><E120/><V49/><F129/><N who="3" m="49771" /><G53/><T86/><D123/><U19/><E42/><V78/><F5/><W92/><G84/><T115/><D115/><U119/><E119/><V52/><F43/><W66/><G66/><T131/><D86/><U40/><E40/><V17/><REACH who="2" step="1"/><F49/><REACH who="2" ten="210,230,320,230" step="2"/><W77/><G7/><T134/><D105/><U59/><E111/><V80/><F80/><W34/><G92/><T113/><D95/><U28/><E81/><V10/><F10/><W75/><G101/><T55/><D103/><U38/><E38/><V107/><F107/><W16/><G102/><T18/><D131/><U110/><E110/><V46/><F46/><W71/><G34/><T58/><D45/><U72/><E100/><V61/><F61/><W69/><G33/><T124/><D113/><U132/><E62/><V122/><F122/><W8/><G8/><T35/><D35/><U70/><E9/><V96/><F96/><N who="0" m="36938" /><D47/><U11/><E44/><V94/><F94/><W73/><G73/><AGARI ba="0,1" hai="12,13,14,17,22,26,50,52,56,73,78,83,88,90" machi="73" ten="40,8000,1" yaku="1,1,54,2,53,1" doraHai="36" doraHaiUra="23" who="2" fromWho="3" sc="210,0,230,0,320,90,230,-80" /><INIT seed="2,0,0,3,3,108" ten="210,230,410,150" oya="2" hai0="78,42,111,40,55,84,102,27,132,115,101,23,127" hai1="93,80,134,7,131,110,14,64,41,24,48,87,60" hai2="32,124,105,129,91,57,35,77,67,30,53,120,10" hai3="68,26,37,104,2,22,15,109,13,18,12,81,65"/><V85/><F129/><W49/><G37/><T112/><D111/><U1/><E110/><V97/><F124/><W36/><G36/><T82/><D127/><U4/><E131/><V113/><F113/><W51/><G109/><T3/><D3/><U103/><E1/><V45/><F120/><W89/><G2/><T125/><D125/><U118/><E134/><V58/><F10/><W50/><G104/><T95/><D132/><U31/><E14/><V76/><F45/><W59/><G68/><T47/><D55/><U72/><E72/><V88/><F67/><W128/><G128/><T5/><D5/><U122/><E118/><V38/><F38/><W66/><REACH who="3" step="1"/><G59/><REACH who="3" ten="210,230,410,140" step="2"/><T107/><D107/><U46/><E122/><V0/><F58/><W33/><G33/><T54/><D115/><U21/><E103/><V119/><F35/><W135/><G135/><T56/><D112/><U116/><E116/><V98/><F32/><W69/><G69/><T11/><D102/><U52/><E4/><V96/><F57/><W126/><G126/><T75/><D56/><N who="1" m="34823" /><E7/><V62/><F105/><W8/><G8/><T25/><D11/><U74/><E64/><V44/><F119/><W61/><G61/><T100/><D100/><U79/><E48/><V130/><F62/><W133/><G133/><T99/><D101/><U34/><E34/><V29/><F0/><W17/><G17/><T20/><D20/><U123/><E123/><V106/><F106/><W90/><G90/><T71/><D23/><U92/><E21/><V94/><F130/><W16/><G16/><T19/><D19/><RYUUKYOKU ba="0,1" sc="210,-10,230,-10,410,-10,140,30" hai3="12,13,15,18,22,26,49,50,51,65,66,81,89" /><INIT seed="3,1,1,3,5,64" ten="200,220,400,170" oya="3" hai0="115,75,2,121,14,117,92,110,18,129,90,9,123" hai1="40,125,93,77,88,25,16,11,43,48,55,106,15" hai2="80,50,109,116,56,84,91,94,17,60,105,47,59" hai3="49,81,26,36,32,113,99,3,112,127,21,78,5"/><W101/><G36/><T134/><D117/><U68/><E68/><V20/><F109/><W57/><G32/><T132/><D110/><U37/><E37/><V103/><F105/><W131/><G131/><T69/><D129/><U122/><E106/><V35/><F60/><W31/><G127/><T120/><D115/><U29/><E122/><V100/><F116/><W23/><G23/><T0/><D75/><U67/><E67/><V24/><F35/><W86/><G5/><T114/><D69/><U42/><E77/><V130/><F130/><W13/><G13/><T44/><D44/><N who="1" m="28039" /><E125/><V96/><F103/><W124/><G3/><T51/><D51/><U54/><E54/><AGARI ba="1,1" hai="17,20,24,47,50,54,56,59,80,84,91,94,96,100" machi="54" ten="30,2000,0" yaku="7,1,8,1" doraHai="64" who="2" fromWho="1" sc="200,0,220,-23,400,33,170,0" owari="200,0.0,197,-20.3,433,53.3,170,-33.0" /></mjloggm>