<mjloggm ver="2.3"><GO type="225" lobby="0"/><UN n0="%E9%80%9F%E6%B0%B4%E5%87%9B%E9%A6%99" n1="%E3%81%AF%E3%82%88%E3%81%8A%E3%81%98%E3%81%95%E3%82%93" n2="%E3%81%95%E3%81%8D%E3%81%9F%E3%81%BE%E6%9E%97%E6%AA%8E" n3="%E3%81%8F%E3%81%BE%E3%81%96%E3%82%8F" dan="16,16,16,16" rate="2106.44,2154.37,2135.84,2043.54" sx="F,M,M,M"/><TAIKYOKU oya="0"/><INIT seed="0,0,0,0,3,21" ten="250,250,250,250" oya="0" hai0="41,47,3,46,126,131,24,55,50,43,16,63,119" hai1="12,9,110,86,96,79,17,65,98,89,70,77,0" hai2="128,134,11,35,60,127,101,62,93,48,33,122,10" hai3="124,84,81,107,90,102,130,116,64,25,72,13,129"/><T104/><D119/><U112/><E110/><V22/><F122/><W91/><G116/><T94/><D3/><U42/><E112/><V109/><F109/><W105/><G64/><T34/><D104/><N who="3" m="40009" /><G13/><T115/><D115/><U59/><E70/><V26/><F48/><W133/><G25/><T7/><D131/><N who="3" m="50185" /><G133/><T103/><D126/><U31/><E0/><V97/><F134/><W49/><G49/><T5/><D34/><U118/><E118/><V99/><F127/><W4/><G4/><N who="0" m="1611" /><D63/><N who="1" m="38143" /><E31/><V38/><F38/><W39/><G39/><T67/><D67/><U52/><E42/><V123/><F123/><W20/><G20/><N who="0" m="13319" /><D46/><U95/><E79/><V27/><F128/><W121/><G121/><T1/><D1/><U92/><E77/><V88/><F22/><W58/><G124/><T30/><D30/><U29/><E29/><V37/><F37/><W40/><G40/><T44/><D44/><U78/><E78/><V51/><F51/><W108/><G108/><T87/><D103/><N who="1" m="60807" /><E52/><V132/><F132/><W53/><G72/><T66/><D66/><U100/><E100/><V69/><F101/><W2/><G2/><T61/><D61/><U85/><AGARI ba="0,0" hai="9,12,17,85,86,89,95,98" m="60807,38143" machi="85" ten="30,1100,0" yaku="8,1" doraHai="21" who="1" fromWho="1" sc="250,-5,250,11,250,-3,250,-3" /><INIT seed="1,0,0,2,1,89" ten="245,261,247,247" oya="1" hai0="62,128,72,60,20,36,61,15,42,82,1,116,92" hai1="27,126,130,71,47,30,115,38,8,97,10,113,120" hai2="110,24,80,2,18,12,26,66,59,105,118,70,6" hai3="83,49,64,129,95,122,52,37,108,86,77,111,34"/><U96/><E120/><V57/><F110/><N who="3" m="42027" /><G122/><T14/><D1/><U134/><E71/><V65/><F105/><W29/><G37/><T5/><D116/><U35/><E126/><V124/><F118/><W78/><G129/><T114/><D114/><U74/><E74/><V75/><F124/><W56/><G64/><T109/><D109/><U107/><E130/><V93/><F70/><W81/><G29/><T76/><D128/><U125/><E125/><V39/><F39/><W19/><G34/><T3/><D20/><U0/><E134/><V79/><F2/><W51/><G19/><T28/><D92/><U85/><E85/><N who="2" m="48287" /><F6/><W7/><G7/><T69/><D28/><U100/><E97/><V43/><F43/><W11/><G11/><N who="0" m="2495" /><D69/><U67/><E10/><V58/><F93/><W104/><G104/><T131/><D131/><U102/><E67/><N who="2" m="25611" /><F75/><N who="3" m="43199" /><G95/><T133/><D133/><U106/><E102/><V45/><F45/><AGARI ba="0,0" hai="14,15,36,42,45,60,61,62,72,76,82" m="2495" machi="45" ten="30,1000,0" yaku="25,1" doraHai="89" who="0" fromWho="2" sc="245,10,261,0,247,-10,247,0" /><INIT seed="2,0,0,3,1,42" ten="255,261,237,247" oya="2" hai0="114,10,76,112,4,91,28,69,7,54,35,66,92" hai1="105,50,0,23,25,108,101,125,12,90,89,30,46" hai2="61,74,96,128,70,5,36,111,21,41,86,52,17" hai3="39,62,43,82,95,40,9,26,58,83,32,72,102"/><V31/><F74/><W55/><G72/><T14/><D76/><U15/><E0/><V123/><F123/><W18/><G32/><T126/><D126/><U79/><E125/><V94/><F5/><W116/><G116/><T68/><D4/><U11/><E108/><V78/><F70/><W118/><G118/><T20/><D35/><U3/><E3/><V56/><F111/><W24/><G39/><T57/><D66/><U115/><E115/><V119/><F119/><W81/><G9/><T1/><D114/><U51/><E79/><V75/><F75/><W6/><G6/><T134/><D134/><U16/><E51/><V22/><F128/><W33/><G33/><T106/><D106/><U60/><E60/><V13/><F41/><N who="3" m="15947" /><G18/><T37/><D37/><U103/><E105/><V27/><F36/><W80/><G80/><T34/><D34/><U100/><E12/><V117/><F117/><W64/><G64/><T87/><D112/><U97/><E97/><AGARI ba="0,0" hai="24,26,55,58,62,81,82,83,95,97,102" m="15947" machi="97" ten="30,1000,0" yaku="8,1" doraHai="42" who="3" fromWho="1" sc="255,0,261,-10,237,0,247,10" /><INIT seed="3,0,0,3,4,58" ten="255,251,237,257" oya="3" hai0="103,15,91,109,101,98,107,97,31,46,90,127,34" hai1="99,134,48,42,59,12,113,16,65,126,2,25,21" hai2="33,19,14,13,110,60,77,87,41,30,88,55,39" hai3="120,43,100,37,114,125,7,69,121,105,117,10,135"/><W106/><G114/><T22/><D109/><U6/><E113/><V108/><F77/><W64/><G117/><T52/><D127/><U47/><E126/><V84/><F84/><W122/><G125/><T96/><D34/><U23/><E134/><V1/><F1/><N who="3" m="367" /><G135/><T92/><D98/><U61/><E2/><V85/><F85/><W86/><G86/><T102/><D102/><U104/><E104/><N who="3" m="40042" /><G100/><T44/><D44/><U93/><E6/><V74/><F74/><W27/><G27/><T32/><D32/><U11/><E25/><N who="2" m="18639" /><F39/><W71/><G64/><T35/><D35/><U124/><E124/><V49/><F41/><W29/><G29/><T68/><D68/><N who="3" m="26185" /><G43/><T78/><D78/><U0/><E0/><V4/><F4/><W75/><G75/><T111/><D111/><N who="2" m="42538" /><F49/><W51/><G51/><T50/><REACH who="0" step="1"/><D31/><REACH who="0" ten="245,251,237,257" step="2"/><U80/><E47/><V73/><F73/><W132/><G132/><T57/><D57/><U17/><E59/><N who="2" m="34943" /><F19/><AGARI ba="0,1" hai="15,19,22,46,50,52,90,91,92,96,97,101,103,107" machi="19" ten="40,2600,0" yaku="1,1,54,1,53,0" doraHai="58" doraHaiUra="131" who="0" fromWho="2" sc="245,36,251,0,237,-26,257,0" /><INIT seed="4,0,0,4,2,30" ten="281,251,211,257" oya="0" hai0="86,105,8,34,120,53,108,1,92,59,85,14,16" hai1="2,18,107,128,19,39,0,40,41,54,112,42,68" hai2="132,11,122,94,95,20,21,135,114,83,97,46,17" hai3="74,62,98,47,133,15,27,102,23,56,99,87,129"/><T31/><D105/><U80/><E107/><V3/><F122/><W12/><G74/><T110/><D120/><U104/><E104/><V67/><F114/><W84/><G129/><T25/><D1/><U127/><E68/><V60/><F46/><W70/><G70/><T126/><D126/><U117/><E117/><V130/><F130/><W9/><G47/><T51/><REACH who="0" step="1"/><D92/><REACH who="0" ten="271,251,211,257" step="2"/><U82/><E0/><V71/><F94/><W100/><G133/><N who="2" m="51273" /><F83/><W88/><G102/><T5/><D5/><U63/><E82/><V36/><F36/><W58/><G100/><T89/><D89/><U91/><E80/><V35/><F35/><W75/><G88/><T96/><D96/><U52/><E39/><V113/><F113/><W106/><G99/><T111/><AGARI ba="0,1" hai="8,14,16,25,31,34,51,53,59,85,86,108,110,111" machi="111" ten="30,24000,3" yaku="1,1,0,1,10,1,52,1,54,1,53,3" doraHai="30" doraHaiUra="123" who="0" fromWho="0" sc="271,250,251,-80,211,-80,257,-80" owari="521,62.1,171,-22.9,131,-36.9,177,-2.3" /></mjloggm>