<mjloggm ver="2.3"><GO type="225" lobby="0"/><UN n0="%72%69%6F%75%63%68%61%6E" n1="%45%6C%79%73%69%75%6D" n2="%E3%81%AF%E3%82%88%E3%81%8A%E3%81%98%E3%81%95%E3%82%93" n3="%70%68%65%6E%6F%6D%65" dan="17,18,16,17" rate="2244.38,2179.11,2175.99,2160.44" sx="M,F,M,M"/><TAIKYOKU oya="0"/><INIT seed="0,0,0,5,3,130" ten="250,250,250,250" oya="0" hai0="40,12,26,46,35,57,23,97,24,89,59,95,54" hai1="82,51,116,21,96,5,58,83,20,55,87,91,132" hai2="50,134,128,14,119,47,27,115,117,49,39,56,72" hai3="61,34,2,4,3,60,42,22,120,13,45,101,93"/><T108/><D108/><U73/><E116/><N who="2" m="44619" /><F72/><W122/><G34/><T79/><D79/><U107/><E132/><V135/><F14/><W106/><G106/><T94/><D35/><U129/><E129/><V62/><F27/><W44/><G101/><T7/><D95/><U78/><E107/><V18/><F18/><W33/><G93/><T65/><D65/><U64/><E96/><V77/><F77/><W52/><G33/><T29/><D54/><U19/><E5/><V111/><F128/><W123/><G45/><T103/><D103/><U48/><E64/><N who="2" m="38983" /><F111/><W32/><G32/><T81/><D81/><U99/><E99/><V86/><F86/><W92/><G92/><T38/><REACH who="0" step="1"/><D24/><REACH who="0" ten="240,250,250,250" step="2"/><U113/><E78/><V10/><F115/><W84/><G122/><T124/><D124/><U85/><E113/><V71/><F71/><W105/><G120/><T9/><AGARI ba="0,1" hai="7,9,12,23,26,29,38,40,46,57,59,89,94,97" machi="9" ten="30,3000,0" yaku="1,1,0,1,53,0" doraHai="130" doraHaiUra="67" who="0" fromWho="0" sc="240,40,250,-10,250,-10,250,-10" /><INIT seed="0,1,0,5,1,74" ten="280,240,240,240" oya="0" hai0="71,135,57,20,23,62,40,4,10,60,18,94,99" hai1="67,48,38,118,36,77,128,112,19,24,80,109,34" hai2="53,122,116,129,113,102,26,2,115,88,126,78,132" hai3="76,81,61,90,39,3,95,27,105,7,8,73,124"/><T16/><D135/><U131/><E118/><V120/><F2/><W29/><G124/><T103/><D71/><U52/><E67/><V69/><F69/><W91/><G105/><T106/><D40/><U51/><E51/><V9/><F9/><W130/><G130/><N who="1" m="49706" /><E109/><V114/><F129/><W49/><G39/><T22/><D106/><U15/><E24/><V59/><F26/><W66/><G95/><T58/><D58/><N who="1" m="33031" /><E34/><V134/><F53/><W12/><G49/><T37/><D37/><U72/><E112/><V0/><F0/><W89/><G3/><T107/><D107/><U46/><E46/><V121/><F59/><W101/><G101/><T5/><D62/><U117/><E117/><V21/><F102/><W65/><REACH who="3" step="1"/><G61/><REACH who="3" ten="280,240,240,230" step="2"/><T68/><D68/><U79/><E38/><V54/><F126/><W100/><G100/><T56/><D56/><U47/><E36/><V75/><F116/><W133/><G133/><T42/><D42/><U11/><E47/><V125/><F125/><W32/><AGARI ba="1,1" hai="7,8,12,27,29,32,65,66,73,76,81,89,90,91" machi="32" ten="30,4000,0" yaku="1,1,0,1,52,1,53,0" doraHai="74" doraHaiUra="111" who="3" fromWho="3" sc="280,-21,240,-11,240,-11,230,53" /><INIT seed="1,0,0,4,2,45" ten="259,229,229,283" oya="1" hai0="61,95,80,118,117,15,72,88,23,81,21,87,14" hai1="105,46,44,77,11,56,103,91,119,128,67,10,9" hai2="101,3,35,120,130,24,19,17,39,127,110,58,2" hai3="6,115,66,40,57,79,133,126,29,84,135,12,31"/><U74/><E119/><V8/><F39/><W68/><G68/><T26/><D61/><N who="1" m="38311" /><E74/><V71/><F71/><W38/><G126/><T60/><D60/><U53/><E105/><V123/><F58/><W85/><G115/><T78/><D80/><U49/><E77/><V25/><F101/><W124/><G124/><T106/><D106/><U134/><E134/><V37/><F37/><W4/><G57/><T18/><REACH who="0" step="1"/><D14/><REACH who="0" ten="249,229,229,283" step="2"/><U20/><E128/><V43/><F130/><W0/><G12/><T92/><D92/><U89/><E103/><V63/><F63/><W30/><G66/><T55/><D55/><N who="1" m="30119" /><E20/><V132/><F127/><W52/><G52/><T41/><D41/><U32/><E32/><V34/><F43/><W64/><G64/><T100/><D100/><U54/><E54/><V96/><F132/><W69/><G40/><T83/><D83/><U112/><E112/><V27/><F34/><W129/><G129/><T50/><D50/><AGARI ba="0,1" hai="9,10,11,46,50,53,89,91" m="30119,38311" machi="50" ten="30,5800,0" yaku="8,1,52,2" doraHai="45" who="1" fromWho="0" sc="249,-58,229,68,229,0,283,0" /><INIT seed="1,1,0,1,5,17" ten="191,297,229,283" oya="1" hai0="66,93,104,118,83,63,124,14,7,97,13,35,71" hai1="50,57,36,28,3,122,73,33,42,82,32,86,117" hai2="45,131,1,55,89,56,132,75,101,4,23,40,8" hai3="134,114,100,62,24,90,15,119,129,0,94,96,79"/><U116/><E122/><V49/><F131/><W16/><G114/><T44/><D118/><U70/><E3/><V48/><F132/><W125/><G119/><T120/><D124/><U74/><E70/><V51/><F75/><W27/><G0/><T91/><D120/><U69/><E69/><V9/><F101/><W130/><G125/><T81/><D35/><U77/><E36/><V121/><F121/><W38/><G134/><T52/><D104/><U112/><E73/><V19/><F89/><W103/><G38/><T53/><D13/><U98/><E112/><V72/><F72/><W37/><G37/><T88/><D44/><U76/><E32/><V106/><F106/><W85/><G79/><T30/><D30/><U126/><E126/><V135/><F135/><W95/><G103/><T21/><D21/><U65/><E33/><V133/><F133/><W60/><G129/><T99/><D81/><U105/><E105/><V80/><F80/><W31/><G130/><T29/><D29/><U61/><E74/><V34/><F34/><W54/><G54/><T84/><REACH who="0" step="1"/><D97/><REACH who="0" ten="181,297,229,283" step="2"/><U2/><E2/><V110/><F9/><AGARI ba="1,1" hai="7,9,14,52,53,63,66,71,83,84,88,91,93,99" machi="9" ten="40,8000,1" yaku="1,1,2,1,54,2,53,0" doraHai="17" doraHaiUra="18" who="0" fromWho="2" sc="181,93,297,0,229,-83,283,0" /><INIT seed="2,0,0,1,5,16" ten="274,297,146,283" oya="2" hai0="123,6,71,116,130,7,114,8,20,53,28,19,48" hai1="29,122,2,0,85,108,66,26,81,112,92,107,54" hai2="35,125,60,76,45,9,21,59,109,120,27,127,99" hai3="46,18,56,22,40,106,101,25,13,32,134,82,33"/><V42/><F120/><W15/><G134/><T67/><D123/><U103/><E107/><V61/><F35/><W96/><G56/><T10/><D114/><U64/><E112/><V117/><F117/><W128/><G128/><T44/><D116/><U129/><E129/><V14/><F76/><W110/><G110/><T1/><D130/><U37/><E37/><V119/><F119/><W132/><G132/><T79/><D28/><U39/><E39/><V126/><F109/><W34/><REACH who="3" step="1"/><G82/><REACH who="3" ten="274,297,146,273" step="2"/><T36/><D71/><U58/><E108/><V93/><F59/><W12/><G12/><T77/><D67/><U31/><E0/><V73/><F73/><W83/><G83/><T11/><D36/><AGARI ba="0,1" hai="13,15,18,22,25,32,33,34,36,40,46,96,101,106" machi="36" ten="40,2600,0" yaku="1,1,52,1,53,0" doraHai="16" doraHaiUra="51" who="3" fromWho="0" sc="274,-26,297,0,146,0,273,36" /><INIT seed="3,0,0,0,1,72" ten="248,297,146,309" oya="3" hai0="109,3,10,1,18,17,101,90,26,61,82,59,65" hai1="116,4,77,12,19,23,121,24,93,36,123,58,73" hai2="125,99,29,86,43,32,115,69,94,97,134,130,16" hai3="111,50,80,67,114,54,2,70,57,88,40,27,64"/><W84/><G114/><T37/><D109/><U56/><E36/><V55/><F115/><W45/><G2/><T100/><D37/><U68/><E68/><V81/><F69/><W28/><G70/><T34/><D34/><U118/><E93/><V87/><F125/><W60/><G111/><T9/><D1/><U63/><E4/><V39/><F130/><W126/><G126/><T96/><D3/><U108/><E108/><V31/><F134/><W127/><G127/><T83/><D26/><U76/><E24/><V15/><F32/><AGARI ba="0,0" hai="27,28,32,40,45,50,54,57,60,64,67,80,84,88" machi="32" ten="30,2900,0" yaku="7,1,54,1" doraHai="72" who="3" fromWho="2" sc="248,0,297,0,146,-29,309,29" owari="248,-15.2,297,9.7,117,-38.3,338,43.8" /></mjloggm>