<mjloggm ver="2.3"><GO type="225" lobby="0"/><UN n0="%4B%2E%32%2E%4B%2E" n1="%E3%81%95%E3%81%8D%E3%81%9F%E3%81%BE%E6%9E%97%E6%AA%8E" n2="%E3%81%BF%E3%81%BF%E3%81%9A" n3="%E3%81%A4%E3%81%A3%E3%81%B1%E3%82%8A%E3%83%9D%E3%83%BC%E3%83%AB" dan="17,16,18,17" rate="2198.65,2076.16,2246.42,2219.65" sx="M,M,M,M"/><TAIKYOKU oya="0"/><INIT seed="0,0,0,4,4,5" ten="250,250,250,250" oya="0" hai0="40,1,79,110,66,3,116,135,130,58,83,71,87" hai1="88,6,118,105,32,107,114,134,44,94,82,78,103" hai2="67,2,123,37,109,12,22,90,106,120,45,70,41" hai3="39,54,13,50,27,115,23,43,75,14,20,80,99"/><T91/><D116/><U96/><E32/><V25/><F109/><W93/><G115/><T24/><D71/><U100/><E6/><V72/><F2/><W4/><G39/><T48/><D130/><U60/><E60/><V69/><F72/><W57/><G43/><T76/><D135/><U73/><E44/><V108/><F106/><N who="1" m="40457" /><E118/><V89/><F108/><W97/><G97/><T111/><D111/><U30/><E30/><V8/><F120/><W112/><G112/><T65/><D110/><U0/><E0/><V16/><F123/><W119/><G119/><T52/><D3/><U36/><E36/><V15/><F15/><W128/><G128/><T42/><D1/><U101/><E134/><V84/><F67/><N who="0" m="25610" /><D24/><U55/><E55/><V98/><F98/><W125/><G125/><T124/><D124/><U35/><E35/><V86/><F86/><W34/><G34/><T85/><D76/><U17/><E17/><V19/><REACH who="2" step="1"/><F90/><REACH who="2" ten="250,250,240,250" step="2"/><W38/><G14/><T21/><D21/><U10/><E10/><V68/><F68/><W121/><G23/><T131/><D131/><U102/><N who="1" m="25600" /><DORA hai="53" /><U26/><E26/><V9/><F9/><W46/><G20/><T18/><D18/><U28/><E28/><V77/><F77/><N who="3" m="44095" /><G27/><T33/><D33/><U61/><E61/><V56/><F56/><W129/><G129/><T132/><D132/><U47/><E47/><V51/><F51/><W31/><G121/><T92/><AGARI ba="0,1" hai="40,42,48,52,58,79,83,85,87,91,92" m="25610" machi="92" ten="30,6000,0" yaku="8,1,52,1,54,1" doraHai="5,53" who="0" fromWho="0" sc="250,70,250,-20,240,-20,250,-20" /><INIT seed="0,1,0,2,1,46" ten="320,230,220,230" oya="0" hai0="64,16,93,96,87,49,27,81,56,118,134,119,39" hai1="128,57,131,90,61,40,77,13,78,4,86,127,88" hai2="44,116,83,19,55,110,59,6,100,85,122,133,37" hai3="104,30,48,52,115,43,70,113,25,132,11,34,12"/><T28/><D39/><U54/><E127/><V126/><F122/><W111/><G111/><T29/><D134/><U35/><E35/><V97/><F110/><W129/><G132/><T10/><D118/><U114/><E114/><V75/><F133/><W38/><G129/><N who="1" m="49738" /><E40/><V7/><F75/><W22/><G70/><T106/><D106/><U71/><E71/><V91/><F126/><W18/><G104/><T89/><D119/><U67/><E67/><V2/><F2/><W5/><G43/><T42/><D64/><U51/><E61/><V66/><F116/><W53/><G53/><N who="0" m="31791" /><D42/><U79/><E86/><V23/><F66/><W72/><G72/><T50/><D50/><U121/><E121/><V84/><F44/><N who="3" m="27655" /><G38/><T9/><D9/><AGARI ba="1,0" hai="4,9,13,51,54,57,77,78,79,88,90" m="49738" machi="9" ten="30,3900,0" yaku="19,1,52,1,54,1" doraHai="46" who="1" fromWho="0" sc="320,-42,230,42,220,0,230,0" /><INIT seed="1,0,0,2,1,28" ten="278,272,220,230" oya="1" hai0="65,36,89,109,26,49,132,44,125,80,41,66,22" hai1="11,116,45,13,75,111,74,18,21,106,135,5,67" hai2="82,16,2,126,133,54,56,20,34,64,69,115,6" hai3="35,12,59,95,68,108,9,29,105,104,73,88,118"/><U77/><E116/><V3/><F126/><W128/><G68/><T46/><D125/><U117/><E117/><V102/><F133/><W87/><G118/><T23/><D132/><U60/><E135/><V39/><F39/><W70/><G70/><T14/><D109/><U61/><E106/><V51/><F34/><W55/><G73/><T124/><D124/><U32/><E32/><V7/><F115/><W96/><G108/><T122/><D122/><U50/><E111/><V71/><F102/><W27/><G128/><T4/><D80/><U37/><E37/><V52/><F82/><W42/><G42/><T83/><D89/><U86/><E75/><V10/><F64/><W97/><G105/><T85/><D85/><U19/><E74/><V127/><F127/><W33/><G104/><T31/><D83/><N who="1" m="47471" /><E19/><V120/><F120/><W8/><G35/><T101/><D101/><U103/><E103/><V130/><F130/><W81/><G12/><T24/><D14/><N who="1" m="9431" /><E67/><V98/><F98/><W79/><G97/><T123/><D4/><U121/><E121/><V57/><F6/><W99/><G96/><T90/><D90/><U58/><E58/><V119/><F2/><W113/><G113/><T114/><D114/><U63/><E63/><AGARI ba="0,0" hai="8,9,27,29,33,55,59,63,79,81,87,88,95,99" machi="63" ten="30,3900,0" yaku="7,1,52,1,54,1" doraHai="28" who="3" fromWho="1" sc="278,0,272,-39,220,0,230,39" /><INIT seed="2,0,0,1,0,35" ten="278,233,220,269" oya="2" hai0="131,130,116,113,105,85,109,37,90,16,5,86,46" hai1="26,97,41,30,65,135,112,24,66,15,12,29,70" hai2="68,92,3,81,64,28,14,62,73,82,110,44,54" hai3="13,45,1,2,4,134,102,111,98,60,123,117,77"/><V42/><F110/><W118/><G77/><T38/><D113/><U115/><E41/><V56/><F28/><W126/><G123/><T67/><D105/><U51/><E51/><V32/><F32/><W93/><G111/><T100/><D100/><U87/><E87/><V91/><F73/><W79/><G79/><T50/><D109/><U127/><E127/><V34/><F34/><W72/><G72/><T120/><D120/><U39/><E97/><V22/><F3/><W128/><G45/><T61/><D116/><U0/><E70/><V17/><F64/><W114/><G126/><T52/><D85/><U83/><E83/><V104/><F104/><W59/><G114/><T33/><D33/><U31/><E31/><V57/><F57/><W84/><G84/><T18/><D5/><U101/><E101/><V119/><F68/><W40/><G40/><T6/><D6/><U36/><REACH who="1" step="1"/><E135/><REACH who="1" ten="278,223,220,269" step="2"/><V88/><F119/><W7/><G134/><T43/><D43/><U27/><E27/><V75/><F75/><W25/><G25/><T71/><D38/><U133/><E133/><V47/><F91/><W99/><G118/><T69/><D37/><U96/><E96/><N who="2" m="57351" /><F42/><W21/><G117/><T19/><REACH who="0" step="1"/><D71/><REACH who="0" ten="268,223,220,269" step="2"/><U124/><E124/><V129/><F129/><W48/><G128/><T95/><AGARI ba="0,2" hai="16,18,19,46,50,52,61,67,69,86,90,95,130,131" machi="95" ten="30,8000,1" yaku="1,1,2,1,0,1,54,2,53,0" doraHai="35" doraHaiUra="20" who="0" fromWho="0" sc="268,100,223,-20,220,-40,269,-20" /><INIT seed="3,0,0,4,5,14" ten="368,203,180,249" oya="3" hai0="46,92,39,3,15,96,87,63,52,121,93,76,135" hai1="64,30,118,1,123,17,0,132,90,134,56,41,32" hai2="79,38,13,54,106,16,115,2,130,62,57,37,25" hai3="58,4,91,89,127,59,73,66,43,11,117,129,61"/><W45/><G117/><T33/><D3/><U18/><E123/><V55/><F115/><W97/><G73/><T116/><D33/><U23/><E118/><V112/><F112/><W51/><G129/><T24/><D39/><U34/><E41/><V107/><F2/><N who="1" m="1129" /><E23/><V109/><F130/><W40/><G127/><T49/><D135/><N who="1" m="51755" /><E90/><V21/><F109/><W19/><G4/><T53/><D15/><U83/><E83/><V42/><F79/><W104/><G43/><T111/><D24/><N who="1" m="18503" /><E34/><V81/><F81/><W101/><G59/><T26/><D92/><U75/><E75/><V36/><F42/><W44/><G44/><T105/><D105/><U27/><E27/><V20/><REACH who="2" step="1"/><F54/><REACH who="2" ten="368,203,170,249" step="2"/><W31/><G40/><T100/><D76/><U131/><E131/><V133/><F133/><W74/><G74/><T95/><D53/><U12/><E12/><V86/><F86/><W113/><G113/><T72/><D52/><U122/><E122/><V5/><F5/><W67/><G67/><T77/><D87/><U88/><E88/><V70/><F70/><W124/><G66/><T103/><D77/><U65/><E65/><V69/><F69/><W71/><G71/><T125/><D72/><U7/><E7/><V48/><F48/><W50/><G51/><T8/><D49/><U82/><E82/><V28/><AGARI ba="0,1" hai="13,16,20,21,25,28,36,37,38,55,57,62,106,107" machi="28" ten="30,7900,0" yaku="1,1,0,1,52,1,54,1,53,0" doraHai="14" doraHaiUra="108" who="2" fromWho="2" sc="368,-20,203,-20,170,89,249,-39" owari="348,44.8,183,-31.7,259,5.9,210,-19.0" /></mjloggm>