<mjloggm ver="2.3"><GO type="225" lobby="0"/><UN n0="%72%69%6F%75%63%68%61%6E" n1="%E3%81%8B%E3%82%8F%E3%81%A1%E3%82%83%E3%82%93%35%38" n2="%62%6F%6E%6F%73%2E%2E" n3="%E6%80%AA%E3%81%97%E3%81%99%E3%81%8E%E3%82%8B%E3%83%81%E3%83%BC" dan="16,16,17,16" rate="2184.04,2097.57,2208.14,2059.38" sx="M,M,M,M"/><TAIKYOKU oya="0"/><INIT seed="0,0,0,0,3,118" ten="250,250,250,250" oya="0" hai0="16,84,99,73,129,20,61,89,39,55,33,93,94" hai1="22,111,62,127,26,100,56,119,44,86,0,64,2" hai2="69,40,47,4,38,134,124,102,8,5,45,126,98" hai3="96,25,123,88,120,121,53,91,18,110,12,80,71"/><T78/><D129/><U49/><E119/><V77/><F69/><W7/><G110/><T34/><D39/><U11/><E111/><V130/><F130/><W97/><G71/><T105/><D105/><U117/><E117/><V21/><F134/><W113/><G113/><T76/><D73/><U63/><E127/><N who="2" m="48683" /><F77/><W10/><G53/><T108/><D108/><U59/><E11/><V67/><F67/><W72/><G25/><T90/><D34/><U103/><E86/><V112/><F112/><W37/><G37/><T133/><D33/><U106/><E0/><V107/><F45/><W115/><G7/><N who="2" m="2633" /><F21/><W104/><G115/><T83/><D133/><U122/><E2/><V28/><F8/><W41/><G41/><T65/><D55/><N who="1" m="30119" /><E106/><V14/><F14/><W116/><G116/><T135/><D135/><U15/><E15/><V70/><F70/><W92/><G104/><T9/><D9/><U3/><E3/><V36/><F36/><W60/><G60/><T75/><D76/><U13/><E13/><V114/><F114/><W58/><G58/><T74/><D74/><U79/><E59/><V17/><F17/><W43/><G43/><T66/><REACH who="0" step="1"/><D61/><REACH who="0" ten="240,250,250,250" step="2"/><U31/><E62/><V42/><F42/><W81/><G72/><T125/><D125/><U23/><E63/><V51/><F38/><W68/><G68/><T82/><D82/><U87/><E79/><V57/><F107/><W101/><G97/><T109/><D109/><U32/><E32/><V30/><F98/><W50/><G50/><T95/><D95/><U131/><E131/><V85/><F51/><RYUUKYOKU ba="0,1" sc="240,15,250,-15,250,-15,250,15" hai0="16,20,65,66,75,78,83,84,89,90,93,94,99" hai3="10,12,18,80,81,88,91,92,96,101,120,121,123" /><INIT seed="0,1,1,2,5,90" ten="255,235,235,265" oya="0" hai0="108,50,82,117,67,72,26,135,0,41,116,2,97" hai1="115,103,42,70,51,36,94,110,1,69,54,62,83" hai2="113,130,27,32,10,106,86,93,60,52,128,38,16" hai3="23,5,132,59,44,71,133,56,3,81,20,68,14"/><T34/><D135/><N who="3" m="51785" /><G3/><T88/><D108/><U33/><E33/><V126/><F106/><W109/><G109/><T55/><D67/><N who="1" m="41207" /><E94/><V57/><F38/><W101/><G101/><T75/><D41/><U63/><E83/><V12/><F113/><W24/><G44/><T66/><D66/><N who="1" m="41311" /><E103/><V105/><F105/><W100/><G100/><T123/><D123/><U114/><E1/><V37/><F37/><W84/><G71/><T7/><D0/><U35/><E35/><V76/><F126/><W19/><G68/><T92/><D34/><U78/><E78/><V39/><F39/><W118/><G118/><T112/><D112/><N who="1" m="43051" /><E110/><V47/><F47/><W4/><G5/><T91/><D26/><U46/><E36/><V73/><F73/><W21/><G4/><T77/><D75/><U25/><E25/><V131/><F76/><N who="3" m="46119" /><G21/><T99/><D91/><U15/><E15/><V134/><F134/><W102/><G102/><T8/><REACH who="0" step="1"/><D99/><REACH who="0" ten="245,235,235,265" step="2"/><U107/><E107/><V65/><F27/><W87/><G87/><T129/><D129/><U45/><E42/><V111/><F32/><W17/><AGARI ba="1,2" hai="14,17,19,20,23,24,56,59" m="46119,51785" machi="17" ten="30,1100,0" yaku="20,1" doraHai="90" who="3" fromWho="3" sc="245,-6,235,-4,235,-4,265,34" /><INIT seed="1,0,0,2,1,32" ten="239,231,231,299" oya="1" hai0="5,14,55,20,103,54,71,40,72,134,74,99,21" hai1="33,85,45,23,90,51,100,68,120,3,53,130,10" hai2="76,117,1,11,22,98,123,4,0,115,116,91,62" hai3="119,12,112,133,93,13,48,26,38,125,101,109,92"/><U17/><E120/><V86/><F123/><W69/><G38/><T88/><D71/><U8/><E33/><V15/><F115/><W128/><G69/><T121/><D134/><U50/><E130/><V80/><F62/><W30/><G112/><T82/><D121/><U114/><E68/><V49/><F49/><W108/><G133/><T122/><D122/><U19/><E114/><V97/><F97/><N who="3" m="59559" /><G128/><T9/><D40/><N who="1" m="24871" /><E3/><V81/><F98/><W67/><G67/><T89/><D74/><U39/><E100/><V28/><F28/><W95/><G125/><T70/><D70/><U27/><E19/><V66/><F66/><W57/><G119/><T63/><D72/><U104/><E104/><V107/><F107/><W61/><G48/><T2/><D2/><U47/><E39/><V35/><F35/><W110/><G13/><T64/><D64/><U75/><E75/><V46/><F46/><W37/><G12/><T102/><D102/><U60/><E60/><V31/><F0/><W41/><G41/><T111/><D111/><U126/><E126/><V42/><F42/><W43/><G43/><T78/><D103/><U24/><E27/><V96/><F96/><W36/><G37/><T135/><D135/><U25/><E25/><V58/><F58/><W44/><G36/><T129/><D129/><U132/><E132/><V94/><F1/><W65/><G44/><T6/><D6/><U131/><E131/><V59/><F59/><W83/><G83/><AGARI ba="0,0" hai="8,10,17,23,24,47,51,53,83,85,90" m="24871" machi="83" ten="30,1500,0" yaku="8,1" doraHai="32" who="1" fromWho="3" sc="239,0,231,15,231,0,299,-15" /><INIT seed="1,1,0,2,2,76" ten="239,246,231,284" oya="1" hai0="6,54,98,56,109,74,46,118,102,65,122,52,132" hai1="78,39,119,12,29,68,113,77,34,63,75,28,83" hai2="84,55,117,110,17,89,115,71,81,107,66,59,33" hai3="16,73,126,4,37,20,133,108,85,32,8,25,35"/><U47/><E113/><V3/><F117/><W96/><G73/><T23/><D118/><U30/><E119/><V91/><F115/><W7/><G37/><T97/><D109/><U1/><E12/><V93/><F107/><W129/><G108/><T125/><D125/><U130/><E130/><V94/><F33/><W51/><G129/><T92/><D132/><U88/><E78/><V22/><F3/><W19/><G133/><T42/><D122/><U9/><E88/><N who="2" m="33867" /><F66/><W67/><G67/><T123/><D123/><U24/><E63/><N who="2" m="36351" /><F71/><W5/><G126/><T112/><D74/><U104/><E104/><V80/><F110/><W131/><G131/><T135/><D135/><U70/><E29/><V49/><F49/><W26/><G96/><T44/><D112/><U87/><E87/><V99/><F84/><W95/><G51/><T116/><D116/><U14/><E30/><V60/><F60/><W134/><G134/><T64/><D98/><U50/><E50/><V53/><F53/><N who="0" m="20586" /><D42/><N who="1" m="23007" /><E14/><N who="2" m="9527" /><F94/><W105/><G105/><T0/><D65/><U69/><E69/><V31/><F31/><W124/><G95/><T121/><D121/><U41/><E41/><V21/><F21/><N who="3" m="13479" /><G124/><T106/><D23/><U40/><E40/><V61/><F61/><W101/><G85/><T58/><D106/><U18/><E18/><V86/><F86/><W57/><G101/><AGARI ba="1,0" hai="80,81,93,99,101" m="9527,36351,33867" machi="101" ten="30,7700,0" yaku="8,1,52,2,54,1" doraHai="76" who="2" fromWho="3" sc="239,0,246,0,231,80,284,-80" /><INIT seed="2,0,0,0,3,41" ten="239,246,311,204" oya="2" hai0="107,106,126,30,0,100,22,89,81,11,80,99,55" hai1="52,17,125,63,67,128,46,82,3,35,75,74,120" hai2="12,129,20,10,118,83,84,45,101,91,50,68,110" hai3="117,114,78,73,130,112,77,76,121,28,115,108,14"/><V102/><F118/><W56/><G117/><T109/><D109/><U97/><E35/><V53/><F110/><W135/><G108/><T36/><D36/><U16/><E3/><V44/><F68/><W116/><G116/><T6/><D126/><U72/><E82/><V131/><F20/><W79/><G121/><T87/><D80/><U1/><E1/><V7/><REACH who="2" step="1"/><F45/><REACH who="2" ten="239,246,301,204" step="2"/><W15/><G135/><T21/><D30/><U51/><E46/><V98/><F98/><W60/><G130/><AGARI ba="0,1" hai="7,10,12,44,50,53,83,84,91,101,102,129,130,131" machi="130" ten="40,7700,0" yaku="1,1,19,1,52,1,53,0" doraHai="41" doraHaiUra="61" who="2" fromWho="3" sc="239,0,246,0,301,87,204,-77" /><INIT seed="2,1,0,0,1,89" ten="239,246,388,127" oya="2" hai0="24,30,29,79,43,23,42,44,5,20,99,65,18" hai1="37,112,53,115,11,60,52,26,102,128,103,90,28" hai2="49,116,69,96,62,32,81,125,70,25,87,114,107" hai3="77,3,47,109,104,36,105,10,12,134,57,113,91"/><V68/><F114/><W63/><G3/><T131/><D131/><U17/><E37/><V1/><F116/><W93/><G113/><T7/><D65/><U101/><E128/><V61/><F1/><W126/><G109/><T39/><D79/><U84/><E115/><V127/><F49/><W119/><G119/><T46/><D99/><U21/><E112/><V97/><F32/><W110/><G110/><T66/><D66/><U34/><E60/><N who="2" m="23147" /><F107/><W56/><G126/><N who="2" m="48137" /><F25/><W121/><G134/><T133/><D133/><U118/><E118/><V45/><F45/><W82/><G121/><T2/><D2/><U41/><E41/><V51/><F51/><W38/><G104/><T64/><D64/><U33/><E33/><V92/><F92/><W117/><G105/><T54/><D54/><U58/><E58/><V19/><F19/><W83/><G117/><T122/><D122/><U71/><E34/><V22/><F22/><W73/><G83/><T55/><D55/><U50/><E50/><V0/><F0/><W80/><G80/><T94/><D94/><N who="1" m="54599" /><E71/><V59/><F59/><W31/><G56/><T129/><D129/><U100/><N who="1" m="25600" /><DORA hai="130" /><U8/><E11/><V74/><F74/><W98/><G47/><N who="0" m="17963" /><D39/><U78/><E78/><AGARI ba="1,0" hai="68,69,70,78,81,87,96,97" m="48137,23147" machi="78" ten="40,2000,0" yaku="18,1" doraHai="89,130" who="2" fromWho="1" sc="239,0,246,-23,388,23,127,0" /><INIT seed="2,2,0,1,1,41" ten="239,223,411,127" oya="2" hai0="28,10,34,130,16,135,123,114,60,9,52,63,23" hai1="66,78,116,8,101,131,68,126,117,79,121,104,122" hai2="47,39,81,54,71,40,65,112,18,77,6,84,85" hai3="105,90,103,21,32,96,73,58,94,42,11,124,17"/><V88/><F112/><W133/><G32/><T100/><D123/><N who="1" m="47115" /><E8/><V57/><F6/><W50/><G124/><T125/><D114/><U109/><E66/><V113/><F113/><W4/><G133/><T64/><D125/><U75/><E68/><V99/><F99/><W93/><G73/><T95/><D130/><U74/><E126/><V132/><F132/><W49/><BYE who="2" /><G105/><T110/><D110/><U33/><E33/><V69/><F69/><W129/><G129/><T30/><D135/><U53/><E53/><V72/><F72/><N who="1" m="27689" /><E131/><V15/><F15/><W56/><G11/><N who="0" m="4107" /><D34/><U5/><E5/><V120/><F120/><W37/><G4/><T115/><D64/><U25/><E25/><V102/><F102/><W7/><G7/><T70/><D70/><U106/><E109/><V92/><F92/><W82/><G82/><T26/><D115/><U108/><E108/><V107/><F107/><N who="1" m="41001" /><E101/><V31/><F31/><N who="0" m="11818" /><D52/><U3/><E3/><V80/><F80/><W111/><G111/><T0/><D0/><U67/><E67/><V97/><F97/><AGARI ba="2,0" hai="16,23,26,60,63,95,97,100" m="11818,4107" machi="97" ten="30,2000,0" yaku="8,1,54,1" doraHai="41" who="0" fromWho="2" sc="239,26,223,0,411,-26,127,0" /><INIT seed="3,0,0,1,5,112" ten="265,223,385,127" oya="3" hai0="71,84,32,21,14,27,44,13,68,34,26,30,22" hai1="55,79,28,90,132,58,123,83,66,85,80,31,127" hai2="118,62,99,43,18,23,81,51,105,10,2,69,102" hai3="94,49,89,4,65,92,124,75,17,59,16,103,48"/><W93/><G124/><T95/><D44/><U50/><E123/><V134/><F134/><W24/><G75/><T5/><D84/><U121/><E121/><V122/><F122/><W106/><G4/><T109/><D95/><N who="3" m="36425" /><G106/><T101/><D101/><U72/><E132/><V64/><F64/><W119/><G103/><T130/><D109/><U111/><E111/><V98/><F98/><N who="3" m="57679" /><G119/><T1/><D130/><U25/><E127/><V133/><F133/><W6/><G6/><T63/><D63/><U128/><E128/><V116/><F116/><W54/><G65/><T52/><D52/><U73/><E73/><V131/><F131/><W9/><G9/><N who="0" m="2223" /><D71/><U12/><E25/><V77/><F77/><W115/><G115/><T117/><D117/><U97/><E97/><V126/><F126/><W57/><G24/><T19/><D68/><U87/><E72/><V110/><F110/><W56/><G49/><T120/><D120/><U46/><REACH who="1" step="1"/><E12/><AGARI ba="0,0" hai="12,13,14,19,21,22,26,27,30,32,34" m="2223" machi="12" ten="30,8000,1" yaku="35,5" doraHai="112" who="0" fromWho="1" sc="265,80,223,-80,385,0,127,0" owari="345,14.5,143,-25.7,385,48.5,127,-37.3" /></mjloggm>