<mjloggm ver="2.3"><GO type="225" lobby="0"/><UN n0="%54%4F%52" n1="%E5%AF%82%E5%AF%9E%E3%82%AE%E3%83%8D%E3%82%B9%E3%83%93%E3%83%BC%E3%83%AB" n2="%E3%81%B2%E3%81%AA%E3%81%AE%E3%82%8A%E3%81%8F" n3="%6D%75%75%6D%75%72%61" dan="17,16,17,16" rate="2268.85,2155.63,2173.67,2150.83" sx="M,M,M,F"/><TAIKYOKU oya="0"/><INIT seed="0,0,0,3,4,18" ten="250,250,250,250" oya="0" hai0="0,91,28,4,85,41,118,78,133,36,50,16,5" hai1="117,64,30,105,62,54,103,112,15,115,97,44,48" hai2="135,120,59,39,131,52,12,63,132,114,110,116,75" hai3="74,47,32,40,38,24,92,121,134,119,11,69,80"/><T14/><D118/><U101/><E117/><V61/><F75/><W33/><G119/><T31/><D36/><U8/><E101/><V104/><F104/><W27/><G134/><N who="2" m="51241" /><F39/><W88/><G69/><T70/><D70/><U108/><E108/><V60/><F114/><W130/><G130/><T90/><D133/><U72/><E72/><V3/><F3/><W53/><G121/><T93/><D78/><U10/><E30/><N who="0" m="11305" /><D0/><U111/><E111/><V73/><F73/><W94/><G11/><N who="0" m="6239" /><D91/><U86/><E86/><V99/><F110/><W34/><G74/><T43/><D50/><U106/><E105/><V113/><F113/><N who="1" m="43593" /><E15/><V87/><F116/><W66/><G66/><T109/><D109/><U122/><E122/><V19/><F120/><W124/><G53/><T71/><D71/><AGARI ba="0,0" hai="8,10,44,48,54,62,64,71,97,103,106" m="43593" machi="71" ten="30,1000,0" yaku="11,1" doraHai="18" who="1" fromWho="0" sc="250,-10,250,10,250,0,250,0" /><INIT seed="1,0,0,2,0,78" ten="240,260,250,250" oya="1" hai0="74,65,99,84,92,2,80,47,46,117,6,21,13" hai1="75,107,122,39,72,90,104,108,91,18,97,77,43" hai2="121,31,51,9,101,0,85,61,76,23,126,1,96" hai3="4,57,30,134,28,123,113,45,15,10,12,44,50"/><U55/><E122/><V48/><F121/><W68/><G68/><T71/><D117/><U33/><E33/><V27/><F126/><W11/><G123/><T89/><D2/><U16/><E55/><V105/><F61/><W42/><G134/><T129/><D129/><U22/><E43/><V127/><F127/><W25/><G113/><T35/><D35/><U5/><E5/><V73/><F73/><W34/><G30/><T106/><D71/><U115/><E39/><V111/><F111/><W14/><G11/><N who="0" m="4343" /><D65/><U109/><E115/><V69/><F69/><W60/><REACH who="3" step="1"/><G45/><REACH who="3" ten="240,260,250,240" step="2"/><T67/><D47/><U131/><E131/><V114/><F9/><W63/><G63/><T38/><D46/><U95/><E22/><V93/><F114/><W24/><G24/><T37/><D21/><U40/><E109/><V70/><F70/><W79/><G79/><N who="0" m="44151" /><D67/><AGARI ba="0,1" hai="4,10,12,14,15,25,28,34,42,44,50,57,60,67" machi="67" ten="30,2000,0" yaku="1,1,7,1,53,0" doraHai="78" doraHaiUra="125" who="3" fromWho="0" sc="240,-20,260,0,250,0,240,30" /><INIT seed="2,0,0,5,1,131" ten="220,260,250,270" oya="2" hai0="12,43,114,49,29,9,14,72,31,75,59,68,34" hai1="109,57,115,96,107,81,26,51,44,2,37,16,79" hai2="19,23,24,125,4,61,76,28,0,85,116,94,129" hai3="56,62,17,83,32,39,58,100,91,92,7,13,15"/><V50/><F116/><W3/><G32/><T134/><D68/><U124/><E115/><V130/><F125/><W89/><G39/><T11/><D114/><U65/><E2/><V40/><F61/><W74/><G3/><T82/><D34/><U36/><E109/><V127/><F127/><W77/><G100/><T20/><D134/><U133/><E124/><V10/><F40/><W95/><G7/><T25/><D31/><U86/><E57/><V110/><F50/><W113/><G113/><T6/><D82/><U106/><E65/><V46/><F46/><W121/><G121/><T30/><D30/><U52/><E133/><V103/><F76/><W47/><G47/><T21/><D21/><U1/><E1/><V73/><F73/><W88/><G17/><T60/><D49/><U64/><E64/><V22/><F110/><W80/><G80/><T132/><D43/><U97/><E107/><V33/><F85/><W102/><G58/><T111/><D111/><U112/><E112/><V99/><REACH who="2" step="1"/><F23/><REACH who="2" ten="220,260,240,270" step="2"/><W63/><G63/><T70/><D132/><U128/><E37/><V135/><F135/><W8/><G62/><T48/><D48/><U118/><E118/><V117/><F117/><W18/><G74/><T90/><D70/><U45/><E36/><V66/><F66/><W27/><G77/><T67/><REACH who="0" step="1"/><D90/><REACH who="0" ten="210,260,240,270" step="2"/><U41/><E41/><V108/><F108/><W101/><G89/><T119/><D119/><U123/><E51/><V126/><F126/><W93/><G91/><T54/><D54/><U104/><E52/><V38/><F38/><W69/><G88/><RYUUKYOKU ba="0,2" sc="210,15,260,-15,240,15,270,-15" hai0="6,9,11,12,14,20,25,29,59,60,67,72,75" hai2="0,4,10,19,22,24,28,33,94,99,103,129,130" /><INIT seed="2,1,2,5,3,59" ten="225,245,255,255" oya="2" hai0="69,116,23,129,4,103,74,101,21,132,33,105,100" hai1="39,26,99,135,94,19,67,7,85,64,79,122,46" hai2="43,18,104,109,9,86,47,50,51,63,53,52,106" hai3="45,98,71,76,57,102,66,92,29,15,10,134,37"/><V38/><F109/><W115/><G134/><T1/><D132/><U77/><E135/><V68/><F86/><W13/><G115/><T123/><D123/><U91/><E122/><V128/><F128/><W2/><G71/><T75/><D129/><U5/><E39/><V55/><F68/><W48/><G2/><T80/><D105/><U17/><E46/><V61/><F104/><W73/><G29/><T30/><D116/><U120/><E120/><V40/><F106/><W31/><G31/><T119/><D119/><U44/><E44/><N who="2" m="23575" /><F18/><N who="1" m="6665" /><E26/><V3/><F9/><W83/><G10/><T97/><D69/><U70/><E70/><V49/><F3/><W114/><G114/><T32/><D97/><U25/><E25/><V72/><F72/><W108/><G108/><T87/><D75/><U56/><E85/><V82/><F82/><W11/><G11/><T35/><D74/><U20/><E20/><V14/><F14/><W127/><G127/><T117/><D117/><U93/><E93/><V60/><AGARI ba="1,2" hai="43,47,49,50,51,52,53,55,60,61,63" m="23575" machi="60" ten="30,24000,3" yaku="35,5,52,3,54,1" doraHai="59" who="2" fromWho="2" sc="225,-81,245,-81,255,263,255,-81" /><INIT seed="2,2,0,0,4,112" ten="144,164,518,174" oya="2" hai0="135,8,27,118,3,111,4,106,85,51,44,49,125" hai1="88,61,126,99,64,87,97,43,58,0,71,83,107" hai2="103,57,72,121,18,16,77,23,15,95,22,80,79" hai3="40,86,113,14,76,98,128,132,75,84,47,13,120"/><V134/><F134/><W11/><G113/><T2/><D135/><U109/><E109/><V35/><F35/><W96/><G132/><T30/><D106/><U52/><E126/><V116/><F79/><W33/><G120/><T89/><D111/><U48/><E0/><V10/><F116/><W62/><G128/><T56/><D125/><U129/><E129/><V54/><F121/><W19/><G33/><T60/><D2/><U123/><E123/><V133/><F133/><W24/><G75/><T92/><D118/><U46/><E107/><V32/><F32/><W53/><G24/><T36/><D36/><AGARI ba="2,0" hai="36,43,46,48,52,58,61,64,71,83,87,88,97,99" machi="36" ten="30,8000,1" yaku="7,1,24,2,54,2" doraHai="112" who="1" fromWho="0" sc="144,-86,164,86,518,0,174,0" /><INIT seed="3,0,0,2,4,116" ten="58,250,518,174" oya="3" hai0="11,60,38,14,44,126,37,131,84,79,64,2,89" hai1="62,123,61,135,49,74,101,67,47,24,57,118,91" hai2="30,34,110,26,16,94,80,51,115,108,102,21,3" hai3="111,1,87,112,28,6,59,69,92,85,121,86,99"/><W77/><G112/><T50/><D2/><U132/><E123/><V76/><F3/><W106/><G69/><T8/><D131/><U32/><E118/><V129/><F129/><W42/><G28/><T120/><D126/><U134/><E74/><V31/><F115/><W88/><G42/><T97/><D97/><U93/><E101/><V58/><F102/><W39/><G39/><T133/><D133/><U107/><E107/><V113/><F94/><W66/><G121/><T41/><D11/><U20/><E32/><V82/><F82/><N who="3" m="47311" /><G1/><T81/><D89/><U52/><E61/><V96/><F96/><W90/><G106/><T104/><D104/><U36/><E36/><V0/><F0/><W65/><G111/><N who="2" m="42537" /><F34/><W56/><G6/><T130/><D130/><U100/><E100/><V124/><F124/><W33/><G33/><T46/><D46/><U29/><E91/><V13/><F113/><W119/><G119/><T95/><D95/><AGARI ba="0,0" hai="20,24,29,47,49,52,57,62,67,93,95,132,134,135" machi="95" ten="40,2600,0" yaku="20,1,54,1" doraHai="116" who="1" fromWho="0" sc="58,-26,250,26,518,0,174,0" owari="32,-46.8,276,7.6,518,61.8,174,-22.6" /></mjloggm>