<mjloggm ver="2.3"><GO type="225" lobby="0"/><UN n0="%6E%69%63%6F%6E%74%6F" n1="%E6%98%A5%E3%81%AE%E3%81%8B%E3%81%91%E3%82%89" n2="%E3%81%B2%E3%81%AA%E3%81%AE%E3%82%8A%E3%81%8F" n3="%E3%83%A9%E3%83%96%E3%83%AC%E3%83%BC" dan="17,16,16,18" rate="2133.31,2044.07,2152.54,2275.14" sx="M,F,M,M"/><TAIKYOKU oya="0"/><INIT seed="0,0,0,3,4,18" ten="250,250,250,250" oya="0" hai0="46,19,123,107,103,83,34,118,95,100,5,80,135" hai1="92,69,2,30,27,38,0,57,43,16,39,93,105" hai2="60,133,68,117,90,77,23,49,104,75,70,124,125" hai3="40,28,9,132,33,115,32,85,87,113,126,131,31"/><T89/><D34/><U102/><E69/><V99/><F75/><W21/><G40/><T50/><D118/><U114/><E114/><V44/><F77/><W36/><G36/><T73/><D123/><U13/><E105/><V66/><F117/><W65/><G65/><T1/><D135/><U112/><E112/><V24/><F70/><W3/><G132/><T35/><D35/><U109/><E109/><V53/><F133/><W14/><G126/><T15/><D1/><U106/><E106/><V74/><F74/><W41/><G41/><T120/><D5/><U82/><E57/><V88/><F104/><W127/><G127/><N who="2" m="48713" /><F99/><W129/><G14/><T7/><D7/><U91/><E102/><N who="0" m="38953" /><D107/><U45/><E39/><V64/><F66/><W52/><G9/><N who="0" m="6639" /><D73/><U67/><E2/><V86/><F86/><W61/><G3/><T4/><D4/><U94/><E0/><V122/><F122/><W128/><G115/><T96/><D120/><U71/><E71/><V12/><F12/><W97/><G33/><T59/><D59/><U84/><E67/><V54/><F54/><AGARI ba="0,0" hai="46,50,54,80,83,89,95,96" m="6639,38953" machi="54" ten="30,1500,0" yaku="8,1" doraHai="18" who="0" fromWho="2" sc="250,15,250,0,250,-15,250,0" /><INIT seed="0,1,0,3,1,14" ten="265,250,235,250" oya="0" hai0="62,8,6,123,3,23,26,116,81,129,94,79,59" hai1="15,113,86,51,115,107,95,101,12,42,84,100,117" hai2="21,77,76,55,125,2,67,45,33,52,40,35,7" hai3="132,133,10,119,17,121,104,49,68,22,46,5,53"/><T128/><D116/><U39/><E39/><V19/><F67/><W131/><G104/><T56/><D123/><U50/><E117/><V16/><F125/><W54/><G68/><T78/><D94/><U109/><E107/><V1/><F21/><W30/><G30/><T32/><D32/><U18/><E109/><V47/><F7/><W127/><G119/><T36/><D36/><U83/><E95/><V63/><F63/><W92/><G92/><T134/><D134/><N who="3" m="51817" /><G127/><T29/><D79/><U130/><E130/><N who="0" m="50281" /><D62/><U61/><E61/><V70/><F40/><N who="3" m="24775" /><G121/><T38/><D38/><U58/><E58/><V73/><F70/><W88/><G88/><T85/><AGARI ba="1,0" hai="3,6,8,23,26,29,56,59,78,81,85" m="50281" machi="85" ten="30,1500,0" yaku="19,1" doraHai="14" who="0" fromWho="0" sc="265,18,250,-6,235,-6,250,-6" /><INIT seed="0,2,0,2,0,84" ten="283,244,229,244" oya="0" hai0="86,121,8,48,116,79,105,35,91,33,100,43,19" hai1="115,125,30,127,68,41,135,102,0,93,3,128,72" hai2="119,101,95,53,97,25,45,39,31,49,54,74,70" hai3="32,44,59,106,104,55,90,21,5,66,46,57,28"/><T14/><D116/><U123/><E68/><V77/><F119/><W52/><G32/><T16/><D121/><U60/><E123/><V92/><F70/><W56/><G5/><T111/><D111/><U120/><E120/><V11/><F39/><W6/><G6/><T1/><D1/><U110/><E110/><V134/><F134/><W7/><G7/><T36/><D36/><U75/><E135/><V76/><F11/><W37/><G37/><T107/><D107/><U122/><E122/><V87/><F74/><N who="1" m="28201" /><E128/><V61/><F61/><N who="3" m="38183" /><G106/><T71/><D71/><U118/><E118/><V126/><F126/><N who="1" m="48137" /><E41/><V89/><REACH who="2" step="1"/><F54/><REACH who="2" ten="283,244,219,244" step="2"/><W130/><G55/><T15/><D8/><U62/><E62/><V85/><F85/><W80/><G130/><T99/><D86/><U67/><E115/><V124/><F124/><W47/><G52/><T96/><D48/><U10/><E10/><V13/><F13/><W108/><G108/><T2/><D2/><U58/><E30/><V83/><F83/><W4/><G80/><T73/><D73/><U26/><E26/><V12/><F12/><W103/><G28/><T129/><D129/><U132/><E132/><V114/><F114/><W9/><G9/><T65/><D15/><U29/><E29/><V50/><F50/><W98/><G4/><T34/><D14/><U112/><E112/><V24/><F24/><W17/><G17/><T51/><D19/><U27/><E27/><V88/><F88/><W131/><G131/><T133/><D16/><U42/><E42/><V81/><F81/><W23/><G90/><T113/><D91/><RYUUKYOKU ba="2,1" sc="283,-30,244,10,219,10,244,10" hai1="0,3,58,60,67,93,102" hai2="25,31,45,49,53,76,77,87,89,92,95,97,101" hai3="21,23,44,46,47,57,59,98,103,104" /><INIT seed="1,3,1,4,3,50" ten="253,254,229,254" oya="1" hai0="114,7,107,66,128,1,60,116,29,37,103,43,112" hai1="117,111,45,82,58,56,22,123,113,130,134,26,102" hai2="30,61,44,101,42,67,39,68,91,12,9,28,18" hai3="110,88,108,133,23,4,19,92,5,100,104,94,132"/><U90/><E113/><V15/><F101/><W89/><G100/><T46/><D128/><U98/><E117/><V96/><F96/><N who="3" m="57351" /><G104/><T73/><D116/><U33/><E123/><V78/><F78/><W25/><G5/><T84/><D84/><U55/><E33/><V75/><F75/><W27/><G27/><T20/><D20/><U72/><E134/><N who="3" m="51818" /><G4/><T86/><D86/><AGARI ba="3,1" hai="19,23,25,86,89,94,108,110" m="51818,57351" machi="86" ten="30,2000,0" yaku="20,1,54,1" doraHai="50" who="3" fromWho="0" sc="253,-29,254,0,229,0,254,39" /><INIT seed="2,0,0,4,5,13" ten="224,254,229,293" oya="2" hai0="109,121,17,10,88,66,117,40,93,64,43,26,98" hai1="14,19,74,94,96,45,58,38,128,67,71,91,62" hai2="44,95,54,50,114,106,83,35,8,105,87,80,81" hai3="33,34,126,39,131,135,56,82,12,47,78,57,28"/><V122/><F114/><W7/><G126/><T123/><D109/><U79/><E128/><V89/><F122/><W22/><G34/><T53/><D117/><U100/><E74/><V5/><REACH who="2" step="1"/><F35/><REACH who="2" ten="224,254,219,293" step="2"/><W85/><G33/><T65/><D123/><U129/><E129/><V0/><AGARI ba="0,1" hai="0,5,8,44,50,54,80,81,83,87,89,95,105,106" machi="0" ten="30,11700,0" yaku="1,1,2,1,0,1,53,1" doraHai="13" doraHaiUra="41" who="2" fromWho="2" sc="224,-39,254,-39,219,127,293,-39" /><INIT seed="2,1,0,0,1,49" ten="185,215,346,254" oya="2" hai0="24,39,64,20,87,133,56,127,36,124,9,57,12" hai1="130,129,83,101,81,74,0,33,1,60,43,67,55" hai2="93,27,26,51,34,45,25,71,6,117,21,54,2" hai3="69,123,76,28,61,3,103,32,77,80,44,48,65"/><V95/><F71/><W50/><G123/><T116/><D133/><U120/><E33/><V41/><F34/><W19/><G103/><T128/><D116/><U23/><E120/><V13/><F2/><N who="1" m="1129" /><E74/><V11/><F117/><W85/><G3/><T121/><D121/><U91/><E43/><V7/><F7/><W111/><G111/><T90/><D128/><N who="1" m="49259" /><E101/><V46/><REACH who="2" step="1"/><F21/><REACH who="2" ten="185,215,336,254" step="2"/><W122/><G122/><T5/><D127/><U62/><E23/><V115/><F115/><W100/><G69/><T75/><D124/><U114/><E114/><V119/><F119/><W53/><G32/><T135/><D135/><U73/><E73/><V89/><F89/><W110/><G100/><T38/><D75/><U86/><E83/><V40/><F40/><W79/><G80/><T84/><D90/><U18/><E81/><V134/><F134/><W82/><G82/><T59/><REACH who="0" step="1"/><D64/><REACH who="0" ten="175,215,336,254" step="2"/><U102/><E67/><V125/><F125/><W47/><G65/><T31/><AGARI ba="1,2" hai="5,9,12,20,24,31,36,38,39,56,57,59,84,87" machi="31" ten="40,5200,0" yaku="1,1,2,1,0,1,53,0" doraHai="49" doraHaiUra="105" who="0" fromWho="0" sc="175,75,215,-14,336,-27,254,-14" /><INIT seed="3,0,0,4,0,11" ten="250,201,309,240" oya="3" hai0="36,50,107,49,104,90,66,114,71,26,80,127,65" hai1="72,34,96,89,51,99,133,37,118,81,21,123,78" hai2="111,115,75,101,1,28,31,40,41,20,0,88,44" hai3="102,97,10,54,92,82,70,79,32,33,22,45,30"/><W5/><G70/><T121/><D121/><U55/><E34/><V13/><F75/><W16/><G30/><T125/><D36/><U112/><E123/><V27/><F41/><W4/><G45/><T135/><D135/><U98/><E112/><V106/><F31/><W6/><G10/><T120/><D120/><U25/><E133/><V57/><F111/><W130/><G54/><T129/><D129/><U105/><E37/><V14/><F57/><W2/><G2/><T116/><D114/><U85/><E118/><V39/><F1/><W38/><G130/><T48/><D116/><U73/><E105/><N who="0" m="40521" /><D26/><U29/><REACH who="1" step="1"/><E78/><REACH who="1" ten="250,191,309,240" step="2"/><V117/><F39/><W76/><G38/><T68/><D68/><U19/><E19/><V61/><F115/><W42/><G33/><T93/><D71/><U46/><AGARI ba="0,1" hai="21,25,29,46,51,55,72,73,81,85,89,96,98,99" machi="46" ten="30,2000,0" yaku="1,1,0,1,53,0" doraHai="11" doraHaiUra="62" who="1" fromWho="1" sc="250,-5,191,30,309,-5,240,-10" owari="245,4.5,221,-27.9,304,40.4,230,-17.0" /></mjloggm>