<mjloggm ver="2.3"><GO type="225" lobby="0"/><UN n0="%6D%75%75%73%61%6E%6D%75" n1="%E4%BF%BA%E3%81%A8%E5%A6%96%E5%A4%A2" n2="%6C%61%6D%62" n3="%E3%81%A4%E3%81%A3%E3%81%B1%E3%82%8A%E3%83%9D%E3%83%BC%E3%83%AB" dan="16,17,16,16" rate="2134.67,2190.59,2146.71,2128.40" sx="F,F,M,M"/><TAIKYOKU oya="0"/><INIT seed="0,0,0,1,1,17" ten="250,250,250,250" oya="0" hai0="114,102,127,74,105,0,47,44,90,12,97,133,29" hai1="39,121,109,7,19,116,80,132,123,58,128,45,14" hai2="79,61,35,40,111,4,124,11,135,54,108,73,91" hai3="89,115,9,106,112,43,117,53,3,37,101,38,21"/><T56/><D0/><U24/><E116/><V31/><F40/><W100/><G117/><T2/><D2/><U48/><E109/><N who="2" m="42059" /><F135/><W8/><G3/><T81/><D114/><U130/><E132/><V60/><F124/><W18/><G106/><T50/><D133/><U125/><E125/><V83/><F54/><W34/><G34/><T98/><D127/><U126/><E126/><V76/><F76/><W75/><G43/><T65/><D29/><U70/><E70/><V13/><F91/><W6/><G75/><T96/><D74/><U52/><E80/><V36/><F36/><W134/><G134/><T84/><D105/><U16/><E39/><V110/><F110/><W42/><G42/><T26/><D102/><U46/><E121/><V88/><F88/><W15/><G38/><T99/><D26/><AGARI ba="0,0" hai="4,11,13,26,31,35,60,61,73,79,83" m="42059" machi="26" ten="30,1000,0" yaku="14,1" doraHai="17" who="2" fromWho="0" sc="250,-10,250,0,250,10,250,0" /><INIT seed="1,0,0,1,0,41" ten="240,250,260,250" oya="1" hai0="85,116,50,91,2,96,79,78,35,1,125,129,100" hai1="127,30,54,105,8,95,112,124,130,94,64,5,63" hai2="43,113,62,80,4,15,114,93,48,110,76,101,47" hai3="24,132,117,11,68,104,55,44,26,74,103,0,37"/><U111/><E112/><N who="2" m="43115" /><F110/><W135/><G68/><T89/><D116/><U20/><E111/><V73/><F62/><W13/><G74/><T133/><D35/><U3/><E105/><V128/><F128/><W38/><G0/><T39/><D129/><U61/><E130/><V52/><F4/><W97/><G117/><T56/><D39/><U82/><E82/><V53/><F15/><W134/><G38/><T22/><D125/><N who="1" m="48203" /><E54/><V88/><F101/><W14/><G14/><T9/><D133/><U65/><E61/><V19/><F19/><W7/><REACH who="3" step="1"/><G55/><REACH who="3" ten="240,250,260,240" step="2"/><T122/><D2/><U102/><E64/><V81/><F81/><W32/><G32/><T120/><D1/><U12/><E3/><V92/><F92/><W123/><G123/><T126/><D120/><U51/><E94/><V115/><F115/><W59/><G59/><T98/><D56/><N who="1" m="37095" /><E95/><V83/><F80/><W86/><G86/><AGARI ba="0,1" hai="43,47,48,52,53,73,76,83,86,88,93" m="43115" machi="86" ten="30,7700,0" yaku="11,1,52,1,54,2" doraHai="41" who="2" fromWho="3" sc="240,0,250,0,260,87,240,-77" /><INIT seed="2,0,0,4,1,130" ten="240,250,347,163" oya="2" hai0="119,123,12,84,67,102,64,5,75,45,77,42,78" hai1="93,89,68,71,120,31,1,90,74,21,122,20,87" hai2="56,52,13,37,107,72,110,6,40,38,65,48,30" hai3="15,121,62,10,97,16,105,83,114,100,43,82,69"/><V33/><F107/><W95/><G121/><N who="1" m="46698" /><E1/><V3/><F3/><W11/><G114/><T108/><D123/><U22/><E74/><V54/><F72/><W80/><G43/><T35/><D35/><U57/><E57/><V18/><F6/><W2/><G105/><T9/><D75/><U47/><E47/><V96/><F96/><W129/><G129/><T63/><D108/><U0/><E0/><V66/><F110/><W26/><G26/><T92/><D119/><U8/><E8/><V113/><F113/><W79/><G79/><T49/><D63/><U41/><E41/><V61/><F30/><W133/><G133/><T36/><D36/><N who="2" m="13930" /><F13/><W117/><G117/><T23/><D23/><N who="1" m="8779" /><E89/><V128/><F18/><W94/><G94/><T24/><D24/><AGARI ba="0,0" hai="22,24,31,68,71,87,90,93" m="8779,46698" machi="24" ten="30,1000,0" yaku="13,1" doraHai="130" who="1" fromWho="0" sc="240,-10,250,10,347,0,163,0" /><INIT seed="3,0,0,3,2,65" ten="230,260,347,163" oya="3" hai0="111,72,104,90,116,107,3,21,86,9,57,50,75" hai1="100,56,20,102,126,61,105,22,101,66,38,59,32" hai2="133,30,77,114,18,1,10,45,41,37,106,80,134" hai3="28,24,127,128,13,84,76,5,17,44,63,35,118"/><W83/><G128/><T117/><D111/><U129/><E32/><V98/><F114/><W7/><G127/><T93/><D75/><U42/><E129/><V108/><F108/><W112/><G112/><T96/><D72/><U115/><E115/><V31/><F106/><W103/><G118/><T74/><D74/><U121/><E121/><V27/><F98/><W95/><G44/><T46/><D57/><U2/><E2/><V11/><F18/><W49/><G49/><T68/><D68/><U4/><E4/><N who="2" m="1295" /><F11/><W12/><G63/><T88/><D21/><U79/><E79/><V23/><F31/><W39/><G39/><T122/><D122/><U55/><E105/><V70/><F70/><W40/><G40/><T64/><D64/><U132/><E132/><N who="2" m="50795" /><F80/><W73/><G13/><T92/><D104/><U82/><E82/><V85/><F85/><W58/><G58/><T14/><D107/><U15/><E15/><V60/><F77/><W113/><G113/><T69/><D69/><U119/><E119/><V110/><F110/><W6/><G73/><T120/><D3/><U54/><E66/><V89/><F89/><W135/><G135/><T52/><D120/><U0/><E0/><V43/><F43/><W99/><REACH who="3" step="1"/><G6/><AGARI ba="0,0" hai="6,9,14,46,50,52,86,88,90,92,93,96,116,117" machi="6" ten="30,3900,0" yaku="7,1,54,2" doraHai="65" who="0" fromWho="3" sc="230,39,260,0,347,0,163,-39" owari="269,6.9,260,-14.0,347,44.7,124,-37.6" /></mjloggm>