<mjloggm ver="2.3"><GO type="225" lobby="0"/><UN n0="%E3%81%86%E3%83%BC%E3%81%B1%E3%83%BC" n1="%E3%82%A2%E3%83%9E%E3%83%9D%EF%BD%9E%EF%BD%9E%E3%83%A9" n2="%E3%83%B4%E3%83%A0%EF%BC%99%E3%81%A6" n3="%E3%81%A9%E3%82%8F%E3%82%93%E3%81%94" dan="16,17,17,16" rate="2147.89,2186.23,2181.83,2124.13" sx="F,M,M,M"/><TAIKYOKU oya="0"/><INIT seed="0,0,0,5,5,84" ten="250,250,250,250" oya="0" hai0="60,44,69,27,56,74,9,43,23,10,97,123,105" hai1="49,52,67,83,93,90,108,92,41,57,134,22,75" hai2="30,0,25,73,45,135,91,12,117,126,15,120,116" hai3="104,89,6,38,114,54,72,82,102,16,71,94,11"/><T35/><D74/><U36/><E108/><V17/><F73/><W86/><G114/><T46/><D123/><U7/><E134/><V66/><F66/><W32/><G71/><T26/><D35/><U76/><E67/><V112/><F112/><W107/><G32/><T70/><D70/><U62/><E36/><V115/><F115/><W124/><G38/><T122/><D122/><U133/><E133/><V19/><F120/><W65/><G65/><N who="0" m="39047" /><D105/><U40/><E93/><V55/><F0/><W68/><G124/><T50/><D69/><U101/><E101/><V95/><F135/><W51/><G68/><T87/><D97/><U119/><E62/><V18/><F126/><W103/><G72/><T3/><D3/><U121/><E119/><N who="2" m="45643" /><F55/><W31/><G31/><N who="0" m="17887" /><D27/><U77/><E77/><V81/><F45/><N who="3" m="28015" /><G6/><T37/><D37/><U125/><E125/><V78/><F25/><W106/><G106/><T130/><D130/><U61/><E121/><V129/><F30/><W28/><G28/><T64/><D64/><U39/><E39/><V33/><F33/><W111/><G107/><T118/><D118/><U34/><E34/><V29/><F29/><W1/><G1/><T14/><D46/><U113/><E113/><V88/><F129/><W63/><G104/><T21/><D87/><U99/><E61/><V8/><F8/><W4/><G63/><T2/><D2/><U53/><E22/><V24/><F24/><W80/><G11/><T132/><D132/><U47/><E7/><V13/><F13/><W96/><G4/><T98/><D98/><U59/><E59/><RYUUKYOKU ba="0,0" sc="250,15,250,15,250,-15,250,-15" hai0="9,10,14,21,43,44,50" hai1="40,41,47,49,52,53,57,75,76,83,90,92,99" /><INIT seed="0,1,0,1,5,11" ten="265,265,235,235" oya="0" hai0="46,115,17,121,42,8,14,55,127,45,28,56,90" hai1="68,79,120,39,48,63,78,30,54,5,96,34,128" hai2="59,118,89,69,83,1,110,72,3,112,125,122,70" hai3="35,132,0,44,57,94,38,104,66,73,52,93,60"/><T29/><D121/><U27/><E120/><V91/><F122/><W81/><G104/><T15/><D115/><U2/><E39/><V99/><F112/><W36/><G35/><T21/><D90/><U88/><E128/><V102/><F110/><W84/><G73/><T33/><D33/><U86/><E96/><V107/><F125/><W49/><G132/><T129/><D127/><U134/><E2/><V65/><F118/><W7/><G38/><T133/><D129/><U98/><E5/><V77/><F59/><W25/><G25/><T9/><D133/><U135/><E98/><V97/><F89/><W10/><REACH who="3" step="1"/><G36/><REACH who="3" ten="265,265,235,225" step="2"/><T64/><D29/><U23/><E34/><V53/><F72/><W40/><G40/><T92/><D42/><U13/><E135/><V124/><F124/><W75/><G75/><T71/><D28/><U16/><E134/><V67/><F107/><W47/><G47/><T24/><D46/><U43/><E43/><V4/><F69/><W85/><G85/><T103/><D71/><U26/><E30/><V100/><F70/><W108/><G108/><T74/><D74/><U37/><E37/><V80/><F100/><W117/><G117/><T126/><D126/><U119/><E119/><V82/><F102/><W123/><G123/><T18/><D103/><U114/><E114/><V61/><F97/><W22/><G22/><T51/><D24/><U101/><E101/><V111/><F99/><W12/><G12/><T31/><D31/><U41/><E41/><V58/><F111/><W19/><G19/><T50/><D17/><U95/><E16/><RYUUKYOKU ba="1,1" sc="265,-10,265,-10,235,-10,225,30" hai3="0,7,10,44,49,52,57,60,66,81,84,93,94" /><INIT seed="1,2,1,3,5,22" ten="255,255,225,255" oya="1" hai0="37,7,5,134,29,27,36,11,62,102,20,129,122" hai1="106,101,26,21,50,113,88,127,92,77,116,8,65" hai2="126,56,0,93,13,91,99,51,3,42,90,130,38" hai3="46,114,85,54,103,110,82,120,17,74,105,133,6"/><U64/><E113/><V124/><F38/><W10/><G120/><T48/><D122/><U73/><E116/><V71/><F71/><W78/><G114/><T94/><D129/><U31/><E127/><N who="2" m="48683" /><F130/><W128/><G128/><T72/><D72/><U109/><E109/><V34/><F34/><W81/><G110/><T44/><D134/><U95/><E106/><V83/><F13/><W33/><G33/><T100/><D62/><U52/><E8/><V118/><F118/><W35/><G35/><T55/><D5/><U60/><E60/><V25/><F25/><W119/><G133/><T39/><REACH who="0" step="1"/><D94/><REACH who="0" ten="245,255,225,255" step="2"/><U84/><E73/><V58/><F0/><AGARI ba="2,2" hai="0,7,11,20,27,29,36,37,39,44,48,55,100,102" machi="0" ten="40,8000,1" yaku="1,1,2,1,52,1,53,1" doraHai="22" doraHaiUra="19" who="0" fromWho="2" sc="245,106,255,0,225,-86,255,0" /><INIT seed="2,0,0,4,0,52" ten="351,255,139,255" oya="2" hai0="32,92,34,57,82,22,111,84,87,35,125,5,46" hai1="134,94,89,10,64,76,71,65,135,18,30,124,67" hai2="73,19,117,9,14,129,105,83,36,118,102,133,39" hai3="77,72,101,79,127,114,128,75,1,42,109,86,54"/><V122/><F122/><W85/><G1/><T40/><D111/><U100/><E30/><V104/><F129/><W81/><G42/><T91/><D125/><U96/><E124/><V43/><F133/><N who="1" m="50697" /><E76/><V106/><F73/><N who="3" m="28235" /><G54/><T95/><D5/><U62/><E100/><V47/><F83/><N who="3" m="47343" /><G127/><T37/><D84/><U99/><E99/><V93/><REACH who="2" step="1"/><F39/><REACH who="2" ten="351,255,129,255" step="2"/><W23/><G128/><T58/><D82/><U7/><E18/><V120/><F120/><W11/><G109/><T78/><D37/><U21/><E21/><V20/><F20/><W55/><G23/><T68/><D22/><U29/><E29/><V13/><F13/><AGARI ba="0,1" hai="7,10,13,62,64,65,67,71,89,94,96" m="50697" machi="13" ten="30,1000,0" yaku="20,1" doraHai="52" who="1" fromWho="2" sc="351,0,255,20,129,-10,255,0" /><INIT seed="3,0,0,3,5,24" ten="351,275,119,255" oya="3" hai0="68,13,90,133,23,74,26,98,58,36,43,84,118" hai1="122,54,85,124,61,62,129,89,88,73,2,17,55" hai2="3,70,134,76,21,44,101,93,1,6,33,32,15" hai3="28,114,112,5,45,4,25,78,12,31,86,104,99"/><W94/><G104/><T102/><D68/><U113/><E122/><V22/><F70/><W53/><G114/><T69/><D69/><U72/><E113/><V111/><F44/><W75/><G75/><T82/><D74/><U97/><E124/><V96/><F76/><W11/><G112/><T91/><D133/><U105/><E2/><N who="2" m="523" /><F93/><W109/><G109/><T127/><D127/><U95/><E129/><V56/><F96/><W120/><G25/><T34/><D34/><N who="2" m="13418" /><F56/><W41/><G5/><T125/><D125/><U65/><E17/><N who="2" m="10431" /><F101/><N who="3" m="60663" /><G120/><T37/><D91/><U83/><E105/><V52/><F52/><W87/><G41/><T27/><D58/><U18/><E73/><V119/><F134/><W47/><G47/><T135/><D135/><U42/><E42/><V60/><F111/><W50/><G87/><T51/><D37/><U38/><E38/><V116/><F116/><W59/><G59/><T123/><D118/><U128/><E72/><V20/><F119/><W77/><G77/><T57/><D36/><U117/><E117/><V35/><F60/><N who="1" m="23145" /><E65/><V64/><F64/><W7/><G86/><T115/><D123/><U46/><E46/><V40/><F40/><W8/><G78/><T121/><D115/><U10/><E128/><V79/><F79/><W30/><G45/><N who="0" m="26047" /><D121/><U9/><E55/><V63/><F63/><W103/><G103/><T100/><D57/><U108/><E54/><V131/><F131/><W0/><G53/><T49/><D102/><U80/><E108/><V81/><F81/><W130/><G130/><T107/><D49/><U71/><E71/><RYUUKYOKU ba="0,0" sc="351,15,275,-15,119,-15,255,15" hai0="13,23,26,27,82,84,90,98,100,107" hai3="0,4,7,8,11,12,28,30,31,50" /><INIT seed="3,1,0,5,0,112" ten="366,260,104,270" oya="3" hai0="84,13,135,117,120,102,86,6,38,17,89,57,96" hai1="29,27,35,105,103,0,87,94,25,127,42,33,90" hai2="46,134,62,79,18,63,65,124,74,55,68,77,81" hai3="54,131,47,119,28,64,12,56,30,39,101,115,50"/><W104/><G115/><T110/><D117/><U21/><E127/><V109/><F74/><W41/><G131/><T113/><D120/><U82/><E0/><V116/><F81/><W7/><G119/><T10/><D38/><U14/><E105/><V118/><F79/><W31/><G104/><T32/><D32/><U36/><E36/><V123/><F77/><W16/><G7/><T72/><D72/><U83/><E42/><V111/><F18/><W9/><G101/><T88/><D110/><N who="2" m="41994" /><F124/><W15/><G15/><N who="0" m="5591" /><D135/><U67/><E67/><N who="2" m="41079" /><F134/><W99/><G99/><T98/><D57/><U97/><E14/><V71/><F123/><W85/><G85/><N who="0" m="32875" /><D113/><U11/><E11/><V69/><F69/><W58/><REACH who="3" step="1"/><G64/><REACH who="3" ten="366,260,104,260" step="2"/><T61/><D102/><U70/><E103/><V95/><F95/><W121/><G121/><T43/><D98/><U40/><E97/><V80/><F80/><W75/><G75/><T44/><D96/><U37/><E83/><V125/><F125/><W93/><G93/><T107/><D107/><U122/><E94/><V26/><F26/><W53/><G53/><T59/><D13/><U78/><E122/><V4/><F4/><W66/><G66/><T2/><D89/><U45/><E90/><V133/><F133/><W100/><G100/><T51/><D88/><U34/><E27/><V132/><F132/><W126/><G126/><T23/><D2/><U48/><E70/><V108/><N who="2" m="42002" /><V20/><DORA hai="91" /><F20/><W128/><G128/><T130/><D130/><U22/><E22/><V1/><F1/><W24/><G24/><T129/><D23/><RYUUKYOKU ba="1,1" sc="366,-30,260,10,104,10,260,10" hai1="21,25,29,33,34,35,37,40,45,48,78,82,87" hai2="46,55,63,65,71,116,118" hai3="9,12,16,28,30,31,39,41,47,50,54,56,58" /><INIT seed="3,2,1,5,4,50" ten="336,270,114,270" oya="3" hai0="107,64,36,13,65,40,22,108,102,4,80,48,24" hai1="61,20,12,81,134,110,49,6,87,47,17,129,86" hai2="101,135,45,70,85,11,44,96,35,116,26,51,105" hai3="41,42,123,25,23,124,33,2,117,55,8,111,132"/><W82/><G123/><T3/><D36/><U53/><E110/><V91/><F135/><W94/><G117/><T77/><D3/><U99/><E129/><V16/><F116/><W59/><G132/><T95/><D107/><U30/><E134/><V27/><F70/><W133/><G133/><T103/><D108/><U57/><E99/><V60/><F60/><W71/><G111/><T68/><D68/><U52/><E6/><V79/><F79/><W43/><G71/><T10/><D40/><U98/><E81/><V128/><F128/><W21/><G124/><T19/><D48/><U62/><E30/><V89/><F44/><W109/><G109/><T73/><D103/><U34/><E34/><V14/><F35/><W112/><G112/><T29/><D4/><U97/><E62/><V113/><F113/><W118/><G118/><T126/><D126/><U67/><E67/><V100/><F100/><W75/><G33/><T119/><D119/><U106/><E98/><V56/><F56/><W125/><G125/><T58/><D58/><U32/><E32/><V15/><F15/><W92/><G2/><T130/><D130/><U84/><E97/><V7/><F7/><W54/><G8/><T88/><D102/><U28/><E28/><V74/><F74/><W90/><G75/><T66/><D65/><N who="1" m="39087" /><E106/><V18/><F18/><N who="3" m="12471" /><G23/><T5/><D29/><U115/><E115/><V127/><F127/><W39/><G39/><T63/><D63/><U93/><E93/><N who="3" m="35946" /><G59/><T83/><D83/><U1/><E1/><V76/><F105/><W78/><G78/><T0/><D0/><RYUUKYOKU ba="2,1" sc="336,10,270,10,114,-30,270,10" hai0="5,10,13,19,22,24,64,66,73,77,80,88,95" hai1="12,17,20,47,49,52,53,84,86,87" hai3="41,42,43,54,55,82,90" /><INIT seed="3,3,1,0,5,4" ten="346,280,84,280" oya="3" hai0="135,64,104,62,71,60,21,55,3,48,37,127,80" hai1="54,94,12,19,65,98,52,114,82,45,18,5,99" hai2="117,31,88,126,95,85,133,76,59,89,9,46,86" hai3="23,43,96,119,77,118,56,44,113,69,8,73,40"/><W15/><G113/><T116/><D104/><U130/><E130/><V74/><F126/><W16/><G69/><T36/><D3/><U109/><E109/><V57/><F133/><W20/><G73/><T51/><D21/><U106/><E114/><V58/><F117/><W120/><G120/><T102/><D80/><U26/><E65/><V30/><F74/><W33/><G33/><T34/><D102/><U115/><E115/><V14/><F46/><W132/><G132/><T112/><D34/><U107/><E82/><V90/><F76/><W22/><G77/><T101/><D101/><U93/><E5/><V0/><F0/><W121/><G121/><T47/><D112/><U75/><E75/><V92/><REACH who="2" step="1"/><F90/><REACH who="2" ten="346,280,74,280" step="2"/><W68/><G119/><T63/><D116/><U111/><E45/><V10/><F10/><W87/><G118/><T84/><D135/><U25/><E111/><V103/><F103/><W1/><G1/><T6/><D127/><U61/><E12/><V42/><F42/><W11/><G68/><T83/><D71/><U70/><E70/><V38/><F38/><W124/><G124/><T41/><D37/><U67/><E67/><V49/><F49/><N who="3" m="26759" /><G43/><T2/><D64/><U123/><E123/><V91/><F91/><W53/><G87/><T134/><D134/><U131/><E131/><V7/><AGARI ba="3,2" hai="7,9,14,30,31,57,58,59,85,86,88,89,92,95" machi="7" ten="30,12000,2" yaku="1,1,0,1,9,1,8,1,52,1,54,1,53,0" doraHai="4" doraHaiUra="66" who="2" fromWho="2" sc="346,-33,280,-33,74,149,280,-63" owari="313,41.3,247,4.7,223,-17.7,217,-28.3" /></mjloggm>