<mjloggm ver="2.3"><GO type="225" lobby="0"/><UN n0="%E3%81%8B%E3%82%8F%E3%81%A1%E3%82%83%E3%82%93%35%38" n1="%61%67%65%48%61" n2="%6D%61%74%69%67%75%73%61" n3="%E3%81%B5%E3%81%98%E3%81%8B%E3%81%A4" dan="17,16,17,16" rate="2239.76,2125.83,2165.27,2190.33" sx="M,M,M,M"/><TAIKYOKU oya="0"/><INIT seed="0,0,0,0,5,11" ten="250,250,250,250" oya="0" hai0="16,56,93,62,116,118,69,67,14,6,17,51,37" hai1="9,96,83,121,52,97,34,57,76,99,65,130,31" hai2="35,103,71,44,61,81,119,94,25,124,123,135,127" hai3="33,79,41,10,36,82,47,28,7,111,114,5,125"/><T90/><D37/><U92/><E121/><V24/><F123/><W8/><G114/><T73/><D73/><U27/><E130/><V95/><F135/><W87/><G125/><T21/><D6/><U134/><E65/><V74/><F119/><W85/><G111/><T106/><D106/><U98/><E134/><V3/><F3/><W58/><G58/><T112/><D112/><U12/><E83/><V2/><F2/><W89/><G28/><T126/><D126/><U50/><E76/><V55/><F44/><W133/><G33/><T120/><D120/><U32/><E34/><V46/><F46/><W78/><G133/><T84/><D17/><U101/><REACH who="1" step="1"/><E97/><REACH who="1" ten="250,240,250,250" step="2"/><V104/><F35/><W29/><G78/><T77/><D77/><U131/><E131/><V88/><F81/><W20/><G79/><T15/><D15/><U48/><E48/><V70/><F127/><W38/><G38/><T45/><REACH who="0" step="1"/><D69/><REACH who="0" ten="240,240,250,250" step="2"/><U63/><E63/><V105/><F61/><W43/><G36/><T110/><D110/><U102/><E102/><V19/><F103/><W72/><G72/><T113/><D113/><U122/><E122/><V68/><F68/><W1/><G1/><T53/><AGARI ba="0,2" hai="14,16,21,45,51,53,56,62,67,84,90,93,116,118" machi="53" ten="20,12000,1" yaku="1,1,0,1,7,1,52,1,54,1,53,0" doraHai="11" doraHaiUra="117" who="0" fromWho="0" sc="240,140,240,-40,250,-40,250,-40" /><INIT seed="0,1,0,3,5,82" ten="380,200,210,210" oya="0" hai0="29,74,26,48,115,3,28,36,20,54,56,116,90" hai1="98,46,130,121,24,99,27,104,52,51,9,134,16" hai2="126,120,129,45,25,8,58,12,75,64,122,5,62" hai3="84,123,112,22,128,94,73,67,97,107,71,41,38"/><T80/><D115/><U61/><E121/><V50/><F75/><W103/><G112/><T93/><D116/><U30/><E130/><V81/><F126/><W31/><G123/><T21/><D36/><U2/><E134/><V66/><F129/><W131/><G73/><T106/><D106/><U72/><E72/><V7/><F64/><W14/><G38/><T95/><D3/><U19/><E2/><V87/><F25/><W49/><G31/><T77/><D95/><U91/><E104/><V110/><F110/><W35/><G35/><T13/><D13/><N who="1" m="7215" /><E61/><V70/><F70/><W86/><G71/><T47/><D28/><U0/><E0/><V83/><F83/><W18/><G67/><T4/><D4/><U68/><E68/><V59/><F59/><W109/><G109/><T125/><D125/><U117/><E117/><V10/><F10/><W78/><G107/><T63/><D26/><N who="1" m="9771" /><E30/><V89/><REACH who="2" step="1"/><F7/><REACH who="2" ten="380,200,200,210" step="2"/><W53/><G131/><T60/><D29/><U105/><E105/><V127/><F127/><W32/><G128/><T69/><D69/><U88/><E19/><V65/><F65/><W11/><G32/><T133/><D63/><U55/><E55/><AGARI ba="1,1" hai="5,8,12,45,50,55,58,62,66,81,87,89,120,122" machi="55" ten="30,3900,0" yaku="1,1,7,1,52,1,53,0" doraHai="82" doraHaiUra="114" who="2" fromWho="1" sc="380,0,200,-42,200,52,210,0" /><INIT seed="1,0,0,0,1,126" ten="380,158,252,210" oya="1" hai0="12,103,25,42,7,11,85,123,71,135,131,119,30" hai1="58,0,26,9,15,38,47,116,106,63,124,29,95" hai2="23,128,65,111,19,48,21,114,112,67,97,132,1" hai3="66,129,75,18,122,121,93,44,78,88,72,87,46"/><U133/><E106/><V37/><F37/><W16/><G66/><T86/><D71/><U107/><E107/><V49/><F1/><W113/><G113/><T89/><D119/><U125/><E116/><V45/><F97/><W77/><G87/><T110/><D42/><U39/><E0/><V36/><F36/><W109/><G93/><T105/><D86/><U69/><E69/><V90/><F19/><W33/><G33/><T118/><D118/><U27/><E133/><V4/><F4/><W100/><G109/><T98/><D110/><U10/><E58/><V53/><F53/><W54/><G54/><T79/><D79/><U127/><E63/><V108/><F45/><W24/><G24/><T120/><D135/><U41/><E95/><V91/><F132/><W2/><G2/><T5/><D5/><U62/><E62/><V73/><F73/><W61/><G61/><T43/><D43/><U134/><E134/><V68/><F68/><W60/><G60/><T70/><D70/><U14/><E38/><V92/><F92/><W94/><G94/><N who="0" m="54575" /><D120/><U76/><E76/><V17/><F17/><W82/><G82/><T84/><D123/><U74/><E74/><V20/><F20/><W55/><G55/><T102/><D102/><U64/><E64/><V32/><F32/><W57/><G100/><T13/><D84/><U115/><E115/><V3/><F3/><W83/><G83/><T50/><D105/><U99/><E99/><V130/><AGARI ba="0,0" hai="21,23,48,49,65,67,90,91,108,111,112,114,128,130" machi="130" ten="25,8000,1" yaku="0,1,22,2,52,2" doraHai="126" who="2" fromWho="2" sc="380,-20,158,-40,252,80,210,-20" /><INIT seed="2,0,0,0,1,25" ten="360,118,332,190" oya="2" hai0="40,34,119,53,46,82,124,67,70,76,5,118,74" hai1="77,3,92,121,21,127,128,88,23,50,20,47,7" hai2="122,61,86,36,66,39,18,28,68,99,108,75,64" hai3="94,114,113,27,37,32,80,22,91,135,123,31,125"/><V105/><F75/><W104/><G123/><T96/><D124/><U57/><E127/><V29/><F122/><W59/><G125/><T102/><D34/><U129/><E121/><V17/><F86/><W112/><G104/><N who="0" m="63559" /><D53/><U0/><E77/><V69/><F99/><W103/><G135/><T45/><D45/><U35/><E35/><V55/><F55/><W30/><G37/><N who="0" m="21775" /><D5/><U110/><E110/><V26/><F26/><N who="3" m="18551" /><G80/><T95/><D95/><U107/><E107/><V98/><F98/><N who="3" m="57695" /><G103/><T63/><AGARI ba="0,0" hai="63,67,70,74,76,82,118,119" m="21775,63559" machi="63" ten="30,1100,0" yaku="23,1" doraHai="25" who="0" fromWho="0" sc="360,11,118,-3,332,-5,190,-3" /><INIT seed="3,0,0,1,0,100" ten="371,115,327,187" oya="3" hai0="79,27,98,60,104,16,96,54,29,87,107,88,14" hai1="66,97,6,106,112,89,52,62,94,61,40,117,25" hai2="110,35,37,118,69,56,9,108,17,39,64,128,130" hai3="43,32,82,105,119,47,101,127,58,11,30,103,124"/><W86/><G119/><T10/><D79/><U19/><E112/><V113/><F35/><W34/><G58/><N who="0" m="34903" /><D107/><U18/><E117/><V21/><F118/><W38/><G11/><T121/><D104/><U20/><E6/><V80/><F9/><W99/><G101/><T15/><D15/><U72/><E72/><V85/><F69/><W31/><G34/><T126/><D126/><N who="3" m="48169" /><G32/><T122/><D122/><U53/><E40/><V71/><F71/><W12/><G12/><T57/><D121/><U78/><E78/><AGARI ba="0,0" hai="30,31,38,43,47,78,82,86,99,103,105" m="48169" machi="78" ten="30,2900,0" yaku="18,1,52,1" doraHai="100" who="3" fromWho="1" sc="371,0,115,-29,327,0,187,29" /><INIT seed="3,1,0,1,0,30" ten="371,86,327,216" oya="3" hai0="1,56,45,117,17,59,64,125,76,41,74,21,22" hai1="34,42,52,87,13,123,130,9,68,66,127,122,97" hai2="84,37,46,20,0,91,82,99,101,11,31,6,33" hai3="26,126,89,100,118,111,124,10,44,43,121,108,3"/><W16/><G118/><T18/><D1/><U131/><E42/><V103/><F20/><N who="3" m="13575" /><G121/><T60/><D117/><U96/><E68/><V27/><REACH who="2" step="1"/><F99/><REACH who="2" ten="371,86,317,216" step="2"/><W73/><G89/><T15/><D125/><N who="3" m="48233" /><G100/><T51/><D74/><U38/><E127/><V112/><F112/><W57/><G73/><T8/><D76/><U54/><E38/><V35/><F35/><W135/><G57/><N who="0" m="36879" /><D21/><U70/><E70/><V109/><F109/><N who="3" m="42059" /><G135/><T110/><D110/><U47/><E66/><V79/><F79/><W95/><G95/><T19/><D22/><U94/><E94/><V107/><F107/><W23/><G23/><T86/><D86/><U133/><E87/><V71/><F71/><W58/><G58/><AGARI ba="1,1" hai="8,15,17,18,19,41,45,51,56,58,59" m="36879" machi="58" ten="30,1000,0" yaku="8,1" doraHai="30" who="0" fromWho="3" sc="371,23,86,0,317,0,216,-13" owari="394,49.4,86,-41.4,317,11.7,203,-19.7" /></mjloggm>