<mjloggm ver="2.3"><GO type="225" lobby="0"/><UN n0="%E7%AD%89%E3%80%85%E5%8A%9B%E5%8A%87%E5%A0%B4" n1="%E6%A1%9C%E8%8A%B1%E9%96%83%E3%80%85" n2="%6B%65%6E%6E%64%69" n3="%E3%81%A8%E3%82%93%E3%81%A8%E3%81%93%E3%81%A8%E3%82%93" dan="17,16,16,16" rate="2177.33,2119.78,2167.91,2077.27" sx="M,M,M,M"/><TAIKYOKU oya="0"/><INIT seed="0,0,0,1,5,105" ten="250,250,250,250" oya="0" hai0="108,123,42,82,118,61,26,107,87,71,52,96,12" hai1="88,25,37,113,135,72,2,57,95,129,32,84,77" hai2="55,59,132,83,13,75,14,22,85,109,119,45,122" hai3="70,74,78,68,134,63,131,43,27,41,17,31,50"/><T80/><D118/><U66/><E129/><V128/><F122/><W103/><G131/><T34/><D123/><U64/><E135/><V0/><F128/><W101/><G134/><T24/><D42/><U99/><E37/><V47/><F132/><W121/><G17/><T48/><D108/><U9/><E113/><V117/><F0/><W106/><G121/><T16/><D34/><U19/><E84/><V69/><F69/><W111/><G111/><T11/><D82/><U86/><E86/><V39/><F75/><W40/><G50/><T4/><D61/><U124/><E124/><V36/><F109/><W92/><G92/><T114/><D71/><U127/><E57/><V73/><F73/><W94/><G94/><T10/><D114/><U102/><E102/><V79/><F47/><W112/><G112/><T91/><D96/><U51/><E51/><N who="2" m="31231" /><F22/><W3/><G3/><T130/><D107/><U97/><E97/><V7/><F7/><W93/><G106/><T81/><D81/><N who="1" m="45223" /><E127/><V98/><F98/><N who="3" m="59599" /><G103/><T76/><D76/><U5/><E32/><V126/><F126/><W15/><G63/><T116/><D130/><U30/><E19/><V35/><F35/><N who="3" m="20991" /><G15/><N who="2" m="5641" /><F45/><W133/><G133/><T62/><D116/><AGARI ba="0,0" hai="36,39,79,83,85,116,117,119" m="5641,31231" machi="116" ten="30,1000,0" yaku="12,1" doraHai="105" who="2" fromWho="0" sc="250,-10,250,0,250,10,250,0" /><INIT seed="1,0,0,4,5,59" ten="240,250,260,250" oya="1" hai0="99,124,86,84,3,135,79,33,45,46,111,74,108" hai1="18,110,81,71,27,116,22,49,117,50,104,30,72" hai2="37,57,65,67,35,105,133,28,36,102,120,92,107" hai3="21,1,20,58,119,52,89,38,94,39,24,4,87"/><U5/><E104/><V77/><F120/><W113/><G113/><T48/><D3/><U9/><E110/><V82/><F133/><W51/><G119/><T114/><D33/><U2/><E71/><V132/><F132/><W88/><G21/><T12/><D135/><U90/><E116/><V15/><F15/><W25/><G24/><T44/><D114/><U75/><E117/><V26/><F92/><W118/><G118/><T98/><D74/><U11/><E75/><V55/><F37/><W134/><G134/><T73/><D73/><U97/><E97/><N who="0" m="36873" /><D12/><U127/><E127/><V101/><F36/><W131/><G131/><T23/><D23/><U112/><E112/><V8/><F8/><W47/><G89/><T78/><D48/><U19/><E90/><V61/><F107/><W125/><G125/><T91/><D91/><U96/><E96/><V80/><F105/><W41/><G4/><T66/><D66/><U14/><REACH who="1" step="1"/><E19/><REACH who="1" ten="240,240,260,250" step="2"/><V40/><F102/><W128/><G128/><T130/><D124/><U122/><E122/><V121/><F101/><W53/><G1/><T115/><D130/><U100/><E100/><V29/><F121/><W10/><G38/><T123/><D115/><U64/><E64/><V17/><F67/><W83/><G39/><T7/><D123/><U69/><E69/><V103/><F65/><W106/><G106/><T60/><D84/><U70/><E70/><V16/><F17/><W62/><G87/><T93/><D86/><U56/><E56/><V13/><F57/><W126/><G58/><T129/><D129/><U68/><E68/><RYUUKYOKU ba="0,1" sc="240,-10,240,30,260,-10,250,-10" hai1="2,5,9,11,14,18,22,27,30,49,50,72,81" /><INIT seed="1,1,1,1,3,59" ten="230,270,250,240" oya="1" hai0="76,95,0,12,50,28,125,35,51,30,58,31,106" hai1="74,20,41,45,94,97,10,11,62,63,14,135,32" hai2="92,64,100,39,37,6,120,123,60,118,81,89,111" hai3="82,16,72,29,128,57,102,49,104,110,131,85,109"/><U36/><E32/><V52/><F118/><W17/><G29/><T46/><D106/><U122/><E122/><V13/><F111/><N who="3" m="42507" /><G72/><T78/><D0/><U54/><E74/><V42/><F100/><W108/><N who="3" m="42515" /><W117/><DORA hai="80" /><G117/><T2/><D2/><U21/><E135/><V134/><F134/><W96/><G49/><T23/><D35/><U38/><E38/><V83/><F123/><W130/><G57/><T129/><D129/><U86/><E86/><V48/><F120/><W22/><G22/><N who="1" m="8810" /><E41/><V107/><F42/><W88/><AGARI ba="1,1" hai="16,17,82,85,88,96,102,104,128,130,131" m="42515" machi="88" ten="50,8000,1" yaku="19,1,14,1,52,1,54,2" doraHai="59,80" who="3" fromWho="3" sc="230,-21,270,-41,250,-21,240,93" /><INIT seed="2,0,0,2,0,75" ten="209,229,229,333" oya="2" hai0="108,70,25,30,3,72,62,27,102,131,117,28,14" hai1="5,19,130,123,86,40,118,51,35,6,127,112,42" hai2="69,0,97,129,82,20,7,66,9,34,77,44,105" hai3="113,106,18,37,85,80,68,31,11,78,49,29,38"/><V4/><F129/><W101/><G68/><T8/><D3/><U124/><E112/><V109/><F7/><N who="1" m="2569" /><E118/><V73/><F20/><W110/><G110/><T115/><D72/><U54/><E35/><V32/><F109/><W63/><G113/><T116/><D102/><U33/><E33/><V81/><F81/><W12/><G106/><T65/><D115/><U107/><E107/><V36/><F66/><W22/><G101/><T61/><D108/><U1/><E1/><V24/><F24/><W114/><G114/><T93/><D131/><U64/><E64/><V111/><F69/><W21/><G37/><T50/><D65/><U95/><E19/><V120/><F111/><W55/><G38/><T58/><D70/><U16/><E16/><V94/><F120/><W132/><G132/><T59/><D14/><U76/><E130/><V56/><F56/><N who="3" m="32879" /><G63/><T91/><D62/><U135/><E135/><V15/><F15/><W92/><G92/><T26/><D93/><U45/><E95/><V134/><F134/><W13/><G12/><T98/><D61/><U52/><E54/><V71/><F71/><W83/><G80/><T84/><D117/><U122/><E122/><V79/><F105/><W89/><G89/><T88/><D91/><U87/><E123/><V46/><F36/><W103/><G103/><T128/><D116/><U47/><E47/><N who="2" m="17963" /><F77/><W17/><G21/><T125/><D128/><U41/><E76/><V39/><F39/><W10/><G22/><T48/><D27/><U67/><E67/><V90/><F34/><W126/><G13/><T100/><D26/><RYUUKYOKU ba="0,0" sc="209,-15,229,15,229,15,333,-15" hai1="40,41,42,45,51,52,86,87,124,127" hai2="0,4,9,32,73,79,82,90,94,97" /><INIT seed="2,1,0,3,4,131" ten="194,244,244,318" oya="2" hai0="60,32,135,49,30,55,58,68,119,1,66,75,71" hai1="95,108,116,42,61,76,99,8,15,88,6,125,132" hai2="47,24,14,50,19,44,100,4,130,127,56,109,46" hai3="81,89,41,16,65,57,117,35,12,40,112,37,115"/><V98/><F130/><W93/><G35/><T59/><D75/><U94/><E108/><V48/><F127/><W97/><G117/><T39/><D1/><U83/><E132/><V73/><F73/><W36/><G81/><T82/><D82/><U79/><E125/><V23/><F109/><W10/><G65/><T0/><D0/><U27/><E116/><V11/><REACH who="2" step="1"/><F56/><REACH who="2" ten="194,244,234,318" step="2"/><W120/><G57/><T33/><D59/><U51/><E61/><V2/><F2/><W121/><G120/><T114/><D58/><U80/><E79/><V133/><F133/><W110/><G121/><T26/><D135/><U96/><E76/><V17/><F17/><W28/><G110/><T129/><D129/><U124/><E124/><V104/><AGARI ba="1,1" hai="4,11,14,19,23,24,44,46,47,48,50,98,100,104" machi="104" ten="30,3000,0" yaku="1,1,0,1,53,0" doraHai="131" doraHaiUra="78" who="2" fromWho="2" sc="194,-11,244,-11,234,43,318,-11" /><INIT seed="2,2,0,4,4,56" ten="183,233,277,307" oya="2" hai0="93,82,30,122,61,55,91,57,126,43,83,103,33" hai1="49,114,38,79,40,15,60,75,23,0,39,109,50" hai2="11,120,88,12,117,31,89,69,119,74,10,73,20" hai3="47,44,68,22,115,21,9,81,6,53,54,95,125"/><V1/><F120/><W67/><G125/><T123/><D126/><U107/><E107/><V65/><F1/><W110/><G110/><T129/><D129/><U13/><E0/><V34/><F34/><W87/><G115/><T113/><D113/><U128/><E114/><V41/><F41/><W124/><G124/><T131/><D131/><U66/><E109/><V98/><F20/><N who="3" m="7787" /><G68/><T135/><D135/><U16/><E15/><V8/><F12/><N who="3" m="5175" /><G95/><T100/><D43/><U51/><E128/><V59/><F69/><W70/><G67/><T105/><D105/><U102/><E102/><V112/><F112/><W97/><G97/><T86/><D103/><U94/><E94/><V71/><F71/><W25/><G25/><T121/><REACH who="0" step="1"/><D100/><REACH who="0" ten="173,233,277,307" step="2"/><U101/><E101/><V26/><F119/><W127/><G127/><T4/><D4/><U77/><E40/><V134/><F117/><W3/><G3/><T133/><D133/><U85/><E39/><V72/><F134/><W106/><G106/><T111/><D111/><U17/><E38/><V63/><F98/><W27/><G27/><AGARI ba="2,1" hai="27,30,33,55,57,61,82,83,86,91,93,121,122,123" machi="27" ten="40,5200,0" yaku="1,1,52,1,53,1" doraHai="56" doraHaiUra="52" who="0" fromWho="3" sc="173,68,233,0,277,0,307,-58" /><INIT seed="3,0,0,3,4,27" ten="241,233,277,249" oya="3" hai0="118,8,65,120,104,83,16,68,50,76,84,37,70" hai1="102,13,24,133,36,116,0,114,97,124,6,19,135" hai2="60,10,99,15,66,113,21,95,67,78,44,53,7" hai3="5,58,12,40,109,126,98,96,106,107,71,81,94"/><W35/><G71/><T80/><D37/><U73/><E114/><V69/><F113/><W51/><G35/><T89/><D104/><U11/><E73/><V26/><F78/><W59/><G126/><T130/><D118/><U131/><E36/><V132/><F132/><N who="1" m="50761" /><E124/><V121/><F121/><W115/><G115/><T47/><D130/><U17/><E131/><V30/><F69/><W86/><G109/><T20/><D65/><U32/><E116/><V117/><F117/><W93/><G106/><T82/><D8/><N who="1" m="2119" /><E97/><N who="3" m="37482" /><G107/><T74/><D82/><U41/><E41/><V4/><F4/><W23/><G40/><T79/><D79/><U49/><E49/><N who="2" m="28839" /><F60/><W42/><G42/><T52/><REACH who="0" step="1"/><D120/><REACH who="0" ten="231,233,277,249" step="2"/><U28/><E102/><AGARI ba="0,1" hai="7,10,15,21,26,30,66,67,95,99,102" m="28839" machi="102" ten="30,2000,0" yaku="8,1,52,1" doraHai="27" who="2" fromWho="1" sc="231,0,233,-20,277,30,249,0" owari="231,-16.9,213,-28.7,307,40.7,249,4.9" /></mjloggm>