<mjloggm ver="2.3"><GO type="225" lobby="0"/><UN n0="%E7%AC%B9%E9%A4%85" n1="%73%69%72%6F%75%74" n2="%E8%81%B7%E6%A5%AD%E3%80%81%E9%A2%A8%32" n3="%6D%75%75%6D%75%72%61" dan="16,16,16,16" rate="2160.77,2087.08,2120.36,2098.14" sx="M,M,M,F"/><TAIKYOKU oya="0"/><INIT seed="0,0,0,5,4,103" ten="250,250,250,250" oya="0" hai0="58,39,100,113,16,122,119,54,59,116,50,124,109" hai1="5,18,65,129,64,86,22,45,89,101,31,108,70" hai2="115,25,91,53,35,13,7,79,47,55,42,46,117" hai3="118,76,14,15,83,78,135,0,29,17,30,67,26"/><T126/><D113/><U24/><E108/><V92/><F115/><W8/><G0/><T71/><D122/><U20/><E129/><V36/><F117/><W37/><G118/><T69/><D100/><U97/><E5/><V9/><F79/><W106/><G135/><T84/><D84/><U131/><E131/><V40/><F25/><W1/><G1/><T43/><D16/><U48/><E70/><N who="0" m="26633" /><D59/><U130/><E130/><V72/><F35/><W104/><G67/><T10/><D10/><U121/><E121/><V132/><F72/><W56/><G56/><T80/><D80/><U60/><E60/><V110/><F110/><W127/><G37/><T96/><D96/><U111/><E111/><V98/><REACH who="2" step="1"/><F132/><REACH who="2" ten="250,250,240,250" step="2"/><W74/><G78/><T81/><D109/><U23/><E31/><V21/><F21/><W134/><G30/><T51/><D119/><U90/><E22/><V68/><F68/><W12/><G134/><T62/><D116/><U4/><E23/><V32/><F32/><W112/><G112/><T85/><D126/><U3/><E20/><V49/><AGARI ba="0,1" hai="7,9,13,36,40,42,46,47,49,53,55,91,92,98" machi="49" ten="20,2700,0" yaku="1,1,0,1,7,1,53,0" doraHai="103" doraHaiUra="63" who="2" fromWho="2" sc="250,-13,250,-7,240,37,250,-7" /><INIT seed="1,0,0,0,2,106" ten="237,243,277,243" oya="1" hai0="5,73,54,63,70,39,34,58,128,108,79,77,38" hai1="15,122,9,134,100,18,91,87,43,72,110,4,21" hai2="74,24,45,125,0,131,89,27,62,65,68,42,105" hai3="50,90,55,78,130,93,107,23,22,82,86,56,133"/><U2/><E122/><V135/><F105/><W20/><G130/><T51/><D34/><U10/><E134/><V118/><F118/><W32/><G133/><T83/><D128/><U25/><E43/><V109/><F109/><W19/><G107/><T7/><D108/><U88/><E100/><V113/><F0/><W81/><G32/><T44/><D79/><U80/><E110/><V1/><F1/><W33/><G33/><T14/><D70/><U47/><E47/><V59/><F125/><W123/><G123/><T17/><D39/><U35/><E72/><V37/><F113/><W99/><REACH who="3" step="1"/><G81/><REACH who="3" ten="237,243,277,233" step="2"/><T132/><D132/><U16/><REACH who="1" step="1"/><E35/><REACH who="1" ten="237,233,277,233" step="2"/><V96/><F135/><W75/><G75/><T26/><D38/><U111/><E111/><V52/><F74/><W71/><G71/><T12/><D73/><U30/><E30/><V114/><F131/><W120/><G120/><T76/><D83/><U3/><E3/><V121/><F121/><W8/><G8/><T6/><D77/><AGARI ba="0,2" hai="2,4,9,10,15,16,18,21,25,77,80,87,88,91" machi="77" ten="30,11600,0" yaku="1,1,7,1,54,2,53,0" doraHai="106" doraHaiUra="69" who="1" fromWho="0" sc="237,-116,233,136,277,0,233,0" /><INIT seed="1,1,0,1,4,74" ten="121,369,277,233" oya="1" hai0="39,94,124,109,38,15,45,52,46,19,7,118,76" hai1="53,90,24,131,40,101,0,43,49,95,22,93,44" hai2="21,97,8,128,120,33,119,73,59,132,25,113,122" hai3="57,18,130,115,83,9,48,129,41,17,75,127,110"/><U20/><E0/><V72/><F119/><W87/><G115/><T66/><D118/><U55/><E131/><N who="3" m="50186" /><G110/><T89/><D109/><U4/><E4/><V65/><F113/><W50/><G127/><T71/><D124/><U37/><E20/><V6/><F33/><W102/><G75/><T36/><D7/><U91/><E101/><V54/><F73/><W26/><G102/><T35/><D35/><U47/><E93/><V31/><F72/><W85/><G26/><T62/><D76/><U13/><E13/><V123/><F132/><W107/><G107/><T98/><REACH who="0" step="1"/><D52/><REACH who="0" ten="111,369,277,233" step="2"/><U116/><E116/><V114/><F128/><W34/><G34/><T82/><D82/><U100/><E53/><V78/><F78/><W63/><G83/><T3/><D3/><U64/><E55/><V60/><F114/><W86/><G41/><T133/><D133/><U61/><E43/><V104/><F54/><N who="3" m="34231" /><G18/><T121/><D121/><U105/><E40/><V126/><F126/><W5/><G17/><T70/><D70/><U134/><E134/><V81/><F81/><W99/><G5/><T51/><D51/><U56/><E49/><V12/><F120/><W135/><G135/><T68/><D68/><U42/><E42/><V96/><F122/><W117/><G117/><T103/><D103/><U111/><E100/><N who="2" m="62471" /><F123/><W30/><G50/><T67/><D67/><U14/><E111/><V80/><F80/><W27/><G48/><T84/><D84/><U106/><E64/><N who="2" m="38943" /><F97/><W125/><G99/><T28/><D28/><U88/><E47/><V1/><F65/><W108/><G125/><RYUUKYOKU ba="1,1" sc="111,15,369,-15,277,15,233,-15" hai0="15,19,36,38,39,45,46,62,66,71,89,94,98" hai2="1,6,8,12,21,25,31" /><INIT seed="2,2,1,0,5,26" ten="126,354,292,218" oya="2" hai0="2,111,70,14,105,63,55,59,78,38,19,102,121" hai1="34,107,72,29,104,95,88,45,58,66,94,73,100" hai2="89,68,131,8,85,93,135,57,80,22,39,46,67" hai3="123,28,50,92,60,101,7,74,21,132,56,33,27"/><V3/><F135/><W119/><G123/><T130/><D121/><U117/><E45/><V1/><F131/><W126/><G119/><T44/><D2/><U77/><E66/><V65/><F68/><W20/><G74/><T17/><D130/><U30/><E34/><V114/><F114/><W106/><G132/><T122/><D122/><U48/><E117/><V79/><F39/><W118/><G118/><T75/><D111/><U133/><E133/><V62/><F46/><W9/><G126/><T84/><D75/><U71/><E71/><V41/><F41/><W99/><G50/><T83/><D70/><U13/><E13/><V98/><F67/><W109/><G109/><T113/><D113/><U11/><E11/><V18/><REACH who="2" step="1"/><F8/><REACH who="2" ten="126,354,282,218" step="2"/><W87/><G9/><T53/><D38/><U43/><E43/><V40/><F40/><W31/><G56/><T110/><D110/><U51/><E58/><V52/><F52/><W25/><G7/><T116/><D116/><U97/><E48/><V128/><F128/><W4/><G4/><T54/><D44/><U76/><E51/><V91/><F91/><W37/><G60/><T108/><D108/><U32/><E88/><V24/><AGARI ba="2,2" hai="1,3,18,22,24,57,62,65,79,80,85,89,93,98" machi="24" ten="20,7800,0" yaku="1,1,0,1,7,1,53,1" doraHai="26" doraHaiUra="12" who="2" fromWho="2" sc="126,-28,354,-28,282,104,218,-28" /><INIT seed="2,3,0,2,5,16" ten="98,326,386,190" oya="2" hai0="78,114,108,32,121,13,73,91,124,105,80,67,135" hai1="34,82,116,43,69,86,40,88,48,83,122,20,113" hai2="72,23,33,79,61,95,81,84,64,65,0,133,94" hai3="115,110,117,92,97,98,54,46,11,3,5,30,87"/><V62/><F33/><W134/><G117/><T71/><D67/><N who="2" m="25674" /><F0/><W25/><G110/><T49/><D49/><U112/><E34/><V59/><F72/><W132/><G115/><T58/><D58/><U36/><E69/><V107/><F107/><W120/><G120/><T14/><D14/><U17/><E36/><V63/><F133/><N who="3" m="51307" /><G54/><T109/><D13/><N who="1" m="9263" /><E116/><V99/><F23/><N who="3" m="15679" /><G46/><T127/><D71/><U75/><E75/><V21/><F21/><W27/><G27/><T9/><D9/><U55/><E113/><V2/><F2/><W12/><G3/><T26/><D114/><U38/><E38/><V52/><F95/><W125/><G125/><N who="0" m="48203" /><D26/><U131/><E131/><V18/><F18/><W29/><G29/><T41/><D32/><U1/><E1/><V47/><F47/><W77/><G92/><T74/><D135/><U24/><E24/><V129/><F129/><W39/><G39/><T76/><D105/><U7/><E122/><V123/><F123/><W10/><G11/><T96/><D121/><U42/><E112/><V118/><F118/><W106/><G106/><T44/><D44/><N who="1" m="28039" /><E7/><V50/><F63/><W53/><G53/><T15/><D15/><U6/><E6/><V60/><F62/><W28/><G28/><T119/><D119/><U51/><E82/><AGARI ba="3,0" hai="5,10,12,77,82,87,97,98" m="15679,51307" machi="82" ten="30,2000,0" yaku="20,1,52,1" doraHai="16" who="3" fromWho="1" sc="98,0,326,-29,386,0,190,29" /><INIT seed="3,0,0,1,3,103" ten="98,297,386,219" oya="3" hai0="71,94,70,27,56,11,52,46,23,1,36,67,102" hai1="3,81,89,101,84,93,123,19,9,122,78,130,33" hai2="49,80,58,6,135,21,51,124,63,133,119,104,48" hai3="66,99,75,64,68,125,28,42,25,44,5,18,120"/><W8/><G120/><T31/><D1/><U128/><E33/><V113/><F104/><W107/><G75/><T82/><D11/><U53/><E53/><V90/><F113/><W127/><G18/><T2/><D2/><U96/><E3/><V109/><F6/><W131/><G131/><N who="1" m="50218" /><E9/><V38/><F38/><N who="3" m="21591" /><G8/><T76/><D36/><U34/><E34/><V97/><F90/><W55/><G55/><T112/><D112/><U77/><E19/><V22/><F22/><W57/><G57/><T10/><D10/><U47/><E47/><V73/><F58/><W110/><G5/><T105/><D46/><U17/><E17/><V108/><F21/><W95/><G110/><T30/><D30/><U45/><E45/><V86/><F73/><W132/><G95/><T13/><D13/><U61/><E61/><V32/><F63/><N who="3" m="39967" /><G66/><T72/><D67/><U59/><E59/><V121/><F121/><AGARI ba="0,0" hai="77,78,81,84,89,93,96,101,121,122,123" m="50218" machi="121" ten="30,3900,0" yaku="19,1,34,2" doraHai="103" who="1" fromWho="2" sc="98,0,297,39,386,-39,219,0" owari="98,-40.2,336,13.6,347,44.7,219,-18.1" /></mjloggm>