<mjloggm ver="2.3"><GO type="225" lobby="0"/><UN n0="%6D%75%75%6D%75%72%61" n1="%72%69%6F%75%63%68%61%6E" n2="%E6%80%AA%E3%81%97%E3%81%99%E3%81%8E%E3%82%8B%E3%83%81%E3%83%BC" n3="%E3%81%AF%E3%82%88%E3%81%8A%E3%81%98%E3%81%95%E3%82%93" dan="16,17,16,16" rate="2120.20,2294.09,2148.31,2199.60" sx="F,M,M,M"/><TAIKYOKU oya="0"/><INIT seed="0,0,0,2,5,64" ten="250,250,250,250" oya="0" hai0="79,18,130,24,6,118,35,8,34,60,37,19,56" hai1="108,96,15,129,40,43,85,25,112,57,52,99,135" hai2="23,30,4,41,117,115,26,109,122,97,29,80,65" hai3="66,88,51,123,76,42,107,44,13,113,83,93,75"/><T20/><D118/><U0/><E108/><V38/><F117/><W89/><G113/><T68/><D130/><U67/><E135/><V14/><F115/><W98/><G123/><T134/><D134/><U22/><E129/><V21/><F122/><W49/><G66/><T105/><D37/><U106/><E0/><V82/><F109/><W32/><G32/><T95/><D105/><U17/><E112/><V77/><F65/><W50/><G107/><T2/><D68/><U33/><E67/><V102/><F41/><W63/><G63/><T73/><D19/><U72/><E72/><V31/><F38/><W69/><G69/><T9/><D9/><U103/><E99/><V131/><F131/><W110/><G110/><T87/><D73/><U62/><REACH who="1" step="1"/><E85/><REACH who="1" ten="250,240,250,250" step="2"/><V54/><F97/><W27/><G27/><T104/><D104/><U11/><E11/><V58/><F26/><W78/><G13/><T132/><D132/><U59/><E59/><V7/><F58/><W121/><G121/><T53/><REACH who="0" step="1"/><D95/><REACH who="0" ten="240,240,250,250" step="2"/><U128/><E128/><V61/><F82/><AGARI ba="0,2" hai="2,6,8,18,20,24,34,35,53,56,60,79,82,87" machi="82" ten="40,7700,0" yaku="1,1,2,1,53,1" doraHai="64" doraHaiUra="81" who="0" fromWho="2" sc="240,97,240,0,250,-77,250,0" /><INIT seed="0,1,0,5,4,33" ten="337,240,173,250" oya="0" hai0="83,102,42,78,109,60,133,12,123,24,77,38,118" hai1="67,117,31,55,134,86,103,44,98,76,131,135,8" hai2="113,11,26,1,89,128,46,116,132,92,70,17,23" hai3="99,82,15,108,74,48,90,20,63,122,47,100,129"/><T124/><D118/><U68/><E131/><V37/><F116/><W64/><G129/><T56/><D123/><U72/><E117/><V54/><F113/><W115/><G115/><T40/><D124/><U87/><E31/><V35/><F128/><W28/><G122/><T13/><D133/><N who="1" m="50699" /><E8/><V7/><F132/><W104/><G108/><T105/><D109/><U126/><E126/><V121/><F70/><W71/><G28/><T93/><D105/><U85/><E72/><V120/><F35/><W10/><G20/><T95/><D24/><U45/><E76/><N who="0" m="29289" /><D83/><U62/><E55/><V114/><F114/><W3/><G3/><T27/><D27/><U52/><E52/><V81/><F81/><W5/><G74/><T49/><D38/><U32/><E32/><V125/><F125/><W75/><G75/><T106/><D106/><AGARI ba="1,0" hai="44,45,62,67,68,85,86,87,98,103,106" m="50699" machi="106" ten="30,1000,0" yaku="20,1" doraHai="33" who="1" fromWho="0" sc="337,-13,240,13,173,0,250,0" /><INIT seed="1,0,0,5,4,108" ten="324,253,173,250" oya="1" hai0="41,30,110,27,88,92,90,93,101,109,112,52,67" hai1="9,48,25,15,4,16,28,119,58,22,122,131,68" hai2="128,71,10,129,120,13,111,19,77,80,57,11,39" hai3="50,89,66,115,51,62,70,40,46,124,37,44,116"/><U135/><E68/><V24/><F71/><W104/><G104/><T99/><D67/><U73/><E73/><V118/><F120/><W76/><G76/><T72/><D72/><U64/><E131/><N who="2" m="50251" /><F118/><W134/><G89/><N who="0" m="34411" /><D41/><U130/><E135/><V3/><F111/><N who="0" m="42506" /><D52/><N who="1" m="32007" /><E130/><V127/><F127/><W83/><G83/><T36/><D36/><U53/><E122/><V6/><F39/><W126/><G134/><T1/><D1/><U61/><E119/><V75/><F57/><W42/><G116/><T121/><D121/><U34/><E64/><V21/><F11/><W96/><G96/><T132/><D132/><U7/><E34/><V105/><F105/><W18/><G18/><T79/><D79/><U31/><E31/><V49/><F49/><W98/><G98/><T95/><D112/><U123/><E123/><V17/><F17/><W5/><G5/><T69/><D69/><U54/><E61/><V113/><F113/><W26/><G26/><AGARI ba="0,0" hai="3,6,10,13,19,21,24,26,75,77,80" m="50251" machi="26" ten="30,1000,0" yaku="19,1" doraHai="108" who="2" fromWho="3" sc="324,0,253,0,173,10,250,-10" /><INIT seed="2,0,0,5,3,56" ten="324,253,183,240" oya="2" hai0="102,88,6,113,48,119,5,105,134,133,97,11,75" hai1="74,128,34,132,112,22,76,32,8,61,73,4,45" hai2="27,60,42,47,30,49,101,84,46,109,90,121,10" hai3="83,64,99,65,41,111,38,66,131,104,1,129,79"/><V21/><F121/><W126/><G1/><T35/><D113/><U114/><E128/><N who="3" m="49226" /><G111/><T19/><D35/><U14/><E132/><N who="0" m="50793" /><D75/><U87/><E45/><V77/><F109/><W80/><G126/><T78/><D78/><U36/><E36/><V120/><F120/><W122/><G122/><T106/><D119/><U25/><E87/><V59/><F77/><W0/><G0/><T68/><D68/><U18/><E74/><V85/><F101/><N who="3" m="62527" /><G79/><T13/><D106/><U103/><E103/><V91/><F46/><AGARI ba="0,0" hai="38,41,46,64,65,66,80,83" m="62527,49226" machi="46" ten="30,1000,0" yaku="19,1" doraHai="56" who="3" fromWho="2" sc="324,0,253,0,183,-10,240,10" /><INIT seed="3,0,0,0,5,10" ten="324,253,173,250" oya="3" hai0="76,116,36,102,28,43,31,51,71,123,62,134,66" hai1="132,127,20,27,52,37,75,74,8,29,113,72,81" hai2="9,124,41,58,42,55,65,94,53,120,44,61,49" hai3="85,91,77,35,2,68,96,7,40,135,30,60,83"/><W128/><G128/><T117/><D123/><U1/><E113/><V0/><F0/><W70/><G135/><T12/><D36/><U48/><E127/><V19/><F124/><W64/><G40/><T46/><D134/><U22/><E132/><V3/><F120/><W5/><G70/><T78/><D102/><U97/><E37/><V103/><F3/><W125/><G125/><T18/><D78/><U114/><E114/><V15/><REACH who="2" step="1"/><F41/><REACH who="2" ten="324,253,163,250" step="2"/><W13/><G2/><T21/><D43/><U111/><E1/><V80/><F80/><W89/><G35/><T88/><D116/><U87/><E81/><V4/><F4/><W45/><G5/><T67/><D117/><U57/><E75/><V84/><F84/><W17/><G7/><T112/><D112/><U69/><E87/><V100/><F100/><W133/><G133/><T16/><D76/><U50/><E74/><V24/><F24/><W110/><G77/><T34/><D88/><U63/><E27/><V118/><F118/><W47/><G91/><T92/><D67/><U101/><E101/><V6/><F6/><W11/><G85/><T126/><D66/><U54/><E72/><V104/><F104/><W106/><G83/><T119/><D126/><U98/><E54/><V79/><F79/><W93/><G106/><T14/><D119/><U107/><E52/><V105/><F105/><W23/><G89/><T131/><D92/><U33/><E107/><V38/><F38/><W108/><G93/><T25/><D25/><U90/><E33/><V32/><F32/><W122/><G122/><T130/><D34/><RYUUKYOKU ba="0,1" sc="324,-10,253,-10,163,30,250,-10" hai2="9,15,19,42,44,49,53,55,58,61,65,94,103" owari="324,42.4,243,4.3,193,-30.7,240,-16.0" /></mjloggm>