<mjloggm ver="2.3"><GO type="225" lobby="0"/><UN n0="%E6%9A%87%E4%BA%BA%EF%BC%A0%E9%85%8D%E4%BF%A1%E5%9E%A2" n1="%E3%81%86%E3%83%BC%E3%81%B1%E3%83%BC" n2="%6D%75%75%6D%75%72%61" n3="%E3%81%AF%E3%82%88%E3%81%8A%E3%81%98%E3%81%95%E3%82%93" dan="17,16,16,17" rate="2189.27,2129.10,2081.01,2170.78" sx="M,F,F,M"/><TAIKYOKU oya="0"/><INIT seed="0,0,0,4,3,119" ten="250,250,250,250" oya="0" hai0="42,65,132,130,58,34,12,91,23,135,29,40,125" hai1="67,13,107,116,66,118,57,11,75,43,120,126,56" hai2="50,9,131,22,10,68,79,45,63,74,54,133,64" hai3="105,32,17,27,25,18,114,93,98,85,83,124,80"/><T2/><D2/><U48/><E75/><V46/><F131/><W15/><G114/><T88/><D130/><U70/><E107/><V89/><F133/><N who="0" m="51274" /><D125/><U62/><E126/><V41/><F74/><W38/><G38/><T99/><D34/><U111/><E111/><V73/><F89/><N who="0" m="34378" /><D99/><U101/><E101/><V82/><REACH who="2" step="1"/><F22/><REACH who="2" ten="250,250,240,250" step="2"/><W97/><G124/><T14/><D23/><U49/><E116/><V102/><F102/><W5/><G32/><T117/><D117/><U53/><E118/><V134/><F134/><W115/><G115/><T103/><D103/><U4/><E70/><V95/><F95/><W39/><G93/><T128/><D128/><U51/><E43/><N who="0" m="16425" /><D29/><U113/><E113/><V104/><F104/><W26/><G105/><T21/><D21/><U71/><E71/><V35/><F35/><W121/><G97/><T30/><D30/><U60/><E53/><V47/><F47/><W20/><G98/><T7/><D7/><U96/><E96/><V61/><F61/><AGARI ba="0,1" hai="12,14,58,61,65" m="16425,34378,51274" machi="61" ten="30,2900,0" yaku="20,1,54,1" doraHai="119" who="0" fromWho="2" sc="250,39,250,0,240,-29,250,0" /><INIT seed="0,1,0,1,3,28" ten="289,250,211,250" oya="0" hai0="7,101,37,90,6,108,25,59,85,95,12,87,126" hai1="121,11,26,82,18,58,100,130,113,67,110,5,109" hai2="134,73,132,49,43,4,80,56,16,9,10,38,107" hai3="115,35,81,98,69,40,63,122,86,48,129,0,13"/><T3/><D37/><U70/><E121/><V22/><F107/><W45/><G115/><T47/><D3/><U96/><E130/><V51/><F38/><W119/><G119/><T127/><D108/><N who="1" m="41579" /><E70/><V103/><F103/><W99/><G0/><T65/><D47/><U71/><E71/><V88/><F43/><W8/><G35/><T27/><D101/><U111/><E113/><V72/><F72/><W125/><G125/><N who="0" m="47627" /><D85/><U94/><E82/><V131/><F131/><W64/><G122/><T102/><D102/><U61/><N who="1" m="41587" /><U123/><DORA hai="23" /><E123/><V32/><F32/><W30/><G30/><T104/><D104/><U52/><E67/><V17/><F73/><W34/><G34/><T112/><D112/><U78/><E78/><V42/><F42/><W84/><G84/><T24/><D12/><N who="1" m="7455" /><E5/><V93/><F80/><W124/><G129/><T36/><D36/><U135/><E135/><N who="2" m="51755" /><F4/><N who="3" m="3207" /><G124/><T54/><D65/><U118/><E118/><V133/><N who="2" m="51763" /><V44/><DORA hai="55" /><F17/><W1/><G1/><T91/><D91/><U120/><E120/><V74/><F74/><W50/><G81/><T66/><D66/><U114/><E114/><V21/><F16/><W41/><G64/><T62/><AGARI ba="1,0" hai="6,7,24,25,27,54,59,62,87,90,95" m="47627" machi="62" ten="30,12000,1" yaku="18,1,52,4" doraHai="28,23,55" who="0" fromWho="0" sc="289,123,250,-41,211,-41,250,-41" /><INIT seed="0,2,0,4,2,45" ten="412,209,170,209" oya="0" hai0="70,20,21,26,89,105,52,42,29,6,131,80,82" hai1="124,34,130,41,43,25,16,57,99,28,49,115,92" hai2="44,129,40,19,7,83,86,72,64,68,69,13,128" hai3="5,14,116,11,27,50,24,2,88,107,31,103,97"/><T104/><D70/><U108/><E108/><V66/><F72/><W121/><G116/><T23/><D131/><N who="2" m="50250" /><F7/><W112/><G112/><T38/><D6/><U51/><E130/><V84/><F69/><W119/><G119/><T15/><D38/><U74/><E74/><V54/><F54/><W18/><G121/><T77/><D42/><N who="1" m="15883" /><E34/><V133/><F133/><W61/><G61/><T125/><D125/><U96/><E124/><V8/><F68/><W85/><G50/><N who="1" m="18954" /><E115/><V39/><F86/><W106/><G31/><T10/><D29/><U127/><E127/><V75/><F75/><W32/><G107/><T17/><D104/><U114/><E114/><V111/><F111/><W126/><G32/><T3/><D105/><U33/><E33/><V135/><F135/><W59/><G59/><T101/><D3/><U117/><E117/><V81/><F81/><W60/><G60/><T78/><D82/><U47/><E57/><V48/><F39/><W98/><G126/><T58/><D58/><U90/><E28/><V37/><F37/><W4/><G106/><T94/><D80/><U109/><E109/><V79/><AGARI ba="2,0" hai="8,13,19,40,44,48,64,66,79,83,84" m="50250" machi="79" ten="30,2000,0" yaku="19,1,52,1" doraHai="45" who="2" fromWho="2" sc="412,-12,209,-7,170,26,209,-7" /><INIT seed="1,0,0,0,3,6" ten="400,202,196,202" oya="1" hai0="115,59,97,110,131,41,39,26,67,93,33,127,21" hai1="108,58,42,22,64,56,104,130,103,88,83,91,76" hai2="122,50,105,17,80,36,66,71,84,47,57,63,19" hai3="98,118,9,116,69,40,109,135,15,52,106,0,24"/><U44/><E130/><V14/><F122/><W65/><G109/><T62/><D115/><U32/><E32/><V123/><F123/><W100/><G135/><T20/><D20/><U45/><E108/><V60/><F105/><W96/><G40/><T86/><D110/><U124/><E124/><V38/><F63/><W72/><G72/><T79/><D131/><U112/><E112/><V133/><F71/><W34/><G98/><T37/><D33/><U5/><E5/><V12/><F12/><W78/><G78/><T3/><D3/><U51/><E104/><V75/><F75/><W11/><G0/><T121/><D121/><U8/><E103/><V90/><F19/><W46/><G15/><T89/><D127/><U25/><E45/><V30/><F30/><N who="3" m="19783" /><G52/><T48/><D37/><U114/><E114/><V31/><F31/><W2/><G46/><N who="0" m="25679" /><D39/><U132/><E132/><V16/><F17/><W111/><G111/><T77/><D97/><U28/><E58/><V53/><REACH who="2" step="1"/><F133/><REACH who="2" ten="400,202,186,202" step="2"/><W99/><G2/><T35/><D35/><U117/><E117/><N who="3" m="45162" /><G69/><T1/><D1/><U92/><E28/><AGARI ba="0,1" hai="21,26,28,59,62,67,77,79,86,89,93" m="25679" machi="28" ten="30,1000,0" yaku="8,1" doraHai="6" who="0" fromWho="1" sc="400,20,202,-10,186,0,202,0" /><INIT seed="2,0,0,2,0,27" ten="420,192,186,202" oya="2" hai0="89,33,11,73,51,107,44,133,70,18,120,92,4" hai1="13,111,124,82,112,108,56,34,21,122,83,54,79" hai2="75,35,50,132,15,23,69,99,64,41,126,7,14" hai3="29,96,28,66,3,39,105,60,131,6,0,49,63"/><V76/><F35/><W81/><G39/><T22/><D120/><U117/><E112/><V104/><F126/><W19/><G131/><T88/><D107/><U98/><E117/><V86/><F75/><W103/><G63/><T134/><D33/><U93/><E34/><V65/><F132/><N who="0" m="50794" /><D70/><U95/><E122/><V10/><F69/><W102/><G103/><T109/><D73/><U30/><E124/><V58/><F99/><W20/><G49/><T85/><D89/><N who="1" m="55599" /><E79/><V62/><F104/><W77/><G6/><T125/><D109/><N who="1" m="42059" /><E95/><V26/><F14/><W61/><G60/><T123/><D123/><U68/><E68/><V46/><F65/><W43/><G43/><N who="0" m="24991" /><D125/><U90/><E90/><V42/><F42/><W127/><G127/><T57/><D57/><U48/><E13/><V17/><REACH who="2" step="1"/><F76/><REACH who="2" ten="420,192,176,202" step="2"/><W2/><G66/><T25/><D85/><AGARI ba="0,1" hai="7,10,15,17,23,26,41,46,50,58,62,64,85,86" machi="85" ten="40,12000,1" yaku="1,1,2,1,8,1,53,1" doraHai="27" doraHaiUra="36" who="2" fromWho="0" sc="420,-120,192,0,176,130,202,0" /><INIT seed="2,1,0,3,2,101" ten="300,192,306,202" oya="2" hai0="59,75,74,46,63,102,68,128,47,95,92,100,98" hai1="56,57,31,30,50,36,29,0,133,112,122,105,44" hai2="134,77,17,19,114,6,131,110,45,54,130,72,69" hai3="49,67,70,79,41,129,34,35,121,127,91,8,99"/><V5/><F114/><W51/><G121/><T80/><D68/><U58/><E112/><V85/><F69/><W94/><G129/><N who="2" m="49161" /><F72/><W66/><G127/><T115/><D115/><U43/><E122/><V118/><F118/><W126/><G126/><T119/><D128/><U123/><E123/><V124/><F124/><W125/><G125/><T42/><D119/><U117/><E117/><V21/><F134/><W1/><G79/><T38/><D47/><U87/><E0/><V113/><F113/><W64/><G70/><T10/><D10/><U106/><E133/><V27/><F19/><W37/><G37/><T4/><D4/><U61/><E61/><V109/><F77/><W53/><G41/><T104/><D80/><U93/><E36/><V11/><F85/><W25/><G25/><T7/><D7/><N who="2" m="2570" /><F11/><W3/><G8/><T60/><D60/><U84/><E87/><V89/><F89/><W76/><G76/><T97/><REACH who="0" step="1"/><D95/><REACH who="0" ten="290,192,306,202" step="2"/><U18/><E93/><V107/><F45/><W9/><G9/><T82/><D82/><U52/><E43/><V48/><F48/><W12/><G49/><T33/><D33/><U40/><E40/><V90/><F54/><AGARI ba="1,1" hai="38,42,46,54,59,63,74,75,92,97,98,100,102,104" machi="54" ten="30,7700,0" yaku="1,1,7,1,52,1,53,1" doraHai="101" doraHaiUra="55" who="0" fromWho="2" sc="290,90,192,0,306,-80,202,0" /><INIT seed="3,0,0,2,2,70" ten="380,192,226,202" oya="3" hai0="119,83,39,129,23,120,8,30,42,122,61,110,109" hai1="15,25,97,53,123,112,60,115,107,86,13,49,90" hai2="131,99,80,88,22,75,57,0,91,106,2,104,111" hai3="89,72,52,19,28,117,108,38,98,100,130,135,29"/><W71/><G117/><T74/><D23/><U16/><E123/><N who="0" m="47145" /><D8/><U7/><E107/><V128/><F111/><N who="0" m="42506" /><D30/><U68/><E68/><V124/><F124/><W47/><G108/><T63/><D119/><U92/><E97/><V36/><F22/><W35/><G71/><T4/><D4/><U126/><E60/><V10/><F10/><W73/><G130/><T67/><D129/><U43/><E43/><V125/><F125/><W51/><G135/><T59/><D61/><U95/><E25/><V64/><F2/><W34/><G19/><T24/><D24/><U56/><E126/><V54/><F36/><W27/><G38/><T6/><D6/><U65/><E65/><V32/><F0/><W50/><G29/><T1/><D1/><U11/><E95/><V5/><F5/><W3/><G3/><T102/><D102/><U12/><E12/><V76/><F64/><W37/><G37/><T121/><D121/><U18/><E7/><V31/><F31/><W69/><G34/><T40/><D39/><U116/><E116/><V14/><F32/><W78/><G69/><T21/><D21/><AGARI ba="0,0" hai="11,13,15,16,18,21,49,53,56,86,90,92,112,115" machi="21" ten="30,7700,0" yaku="7,1,25,2,54,1" doraHai="70" who="1" fromWho="0" sc="380,-77,192,77,226,0,202,0" owari="303,40.3,269,6.9,226,-17.4,202,-29.8" /></mjloggm>