<mjloggm ver="2.3"><GO type="225" lobby="0"/><UN n0="%E3%82%82%E3%81%90%E3%82%89" n1="%E3%83%A1%E3%82%AC%E3%83%87%E3%82%B8" n2="%E3%81%A1%E3%82%85%E3%81%86%E3%81%A9%E3%81%8F%E8%B1%A1%E3%81%95%E3%82%93" n3="%E7%B4%94%E6%BD%94%E3%83%94%E3%83%A9%E3%83%8B%E3%82%A2" dan="17,16,16,16" rate="2190.60,2093.25,2078.17,2039.60" sx="M,F,M,M"/><TAIKYOKU oya="0"/><INIT seed="0,0,0,3,4,6" ten="250,250,250,250" oya="0" hai0="21,33,5,44,123,24,53,27,63,54,45,83,104" hai1="8,113,68,115,43,127,88,106,85,89,47,126,17" hai2="10,122,2,92,31,71,102,62,81,25,72,26,124" hai3="108,73,57,38,23,12,120,50,101,14,77,118,75"/><T125/><D123/><U51/><E68/><V107/><F122/><W91/><G38/><T130/><D130/><U117/><E106/><V58/><F124/><N who="1" m="47657" /><E117/><V86/><F72/><W22/><G77/><T34/><D125/><U36/><E36/><V74/><F74/><W42/><G57/><T49/><D104/><U4/><E17/><V112/><F71/><W11/><G101/><T84/><D5/><U16/><E16/><V129/><F129/><W93/><G91/><N who="1" m="34890" /><E85/><V98/><F112/><W99/><G118/><T56/><D45/><U97/><E97/><V65/><F107/><W132/><G99/><T35/><REACH who="0" step="1"/><D21/><REACH who="0" ten="240,250,250,250" step="2"/><U82/><E82/><V40/><F40/><W9/><G42/><T13/><D13/><AGARI ba="0,1" hai="4,8,13,43,47,51,113,115" m="34890,47657" machi="13" ten="30,3900,0" yaku="18,1,52,1,54,1" doraHai="6" who="1" fromWho="0" sc="240,-39,250,49,250,0,250,0" /><INIT seed="1,0,0,0,5,102" ten="201,299,250,250" oya="1" hai0="119,17,121,129,88,126,128,94,55,45,97,46,34" hai1="12,67,77,124,82,47,87,98,50,89,133,109,41" hai2="83,104,52,13,93,61,6,75,40,4,70,95,3" hai3="43,14,131,130,54,103,105,78,48,86,49,39,9"/><U132/><E124/><V135/><F135/><N who="1" m="51785" /><E109/><V117/><F117/><W22/><G22/><T113/><D119/><U51/><E67/><V27/><F40/><W111/><G111/><T33/><D113/><U108/><E108/><V66/><F3/><W71/><G71/><T64/><D126/><U63/><E63/><V1/><F1/><W36/><G86/><T92/><D121/><U58/><E12/><V91/><F104/><W85/><G85/><T7/><D7/><U10/><E10/><V84/><F27/><W114/><G78/><T23/><D64/><U100/><E89/><V28/><F28/><W62/><G62/><T65/><D65/><U125/><E125/><V69/><F69/><W18/><G114/><T11/><D11/><U106/><E58/><V56/><F13/><W37/><G43/><T74/><D55/><U116/><E116/><V38/><F38/><AGARI ba="0,0" hai="38,41,47,50,51,77,82,87,98,100,106" m="51785" machi="38" ten="30,2900,0" yaku="20,1,52,1" doraHai="102" who="1" fromWho="2" sc="201,0,299,29,250,-29,250,0" /><INIT seed="1,1,0,4,4,42" ten="201,328,221,250" oya="1" hai0="93,60,41,84,106,4,132,127,21,118,44,90,111" hai1="30,73,3,102,86,117,85,129,34,12,109,66,128" hai2="10,91,62,101,45,20,121,15,52,75,124,114,97" hai3="24,99,94,107,0,9,50,1,6,131,46,35,133"/><U80/><E3/><V38/><F121/><W55/><G131/><N who="1" m="50250" /><E66/><V65/><F75/><W125/><G125/><T81/><D118/><U49/><E102/><V25/><F124/><W54/><G133/><T82/><D127/><U83/><E73/><V79/><F79/><W61/><G107/><T98/><D132/><U67/><E67/><V59/><F114/><W69/><G0/><T113/><D113/><U51/><E12/><V53/><F91/><W120/><G120/><T134/><D134/><U78/><E117/><V39/><F15/><W7/><G7/><T112/><D4/><U96/><E96/><V88/><F10/><W70/><G54/><T108/><D112/><U71/><E71/><V43/><F38/><W57/><G24/><T110/><D21/><U47/><E109/><V74/><F74/><W119/><G35/><T8/><D8/><U100/><E100/><V17/><REACH who="2" step="1"/><F88/><REACH who="2" ten="201,328,211,250" step="2"/><W36/><G36/><N who="0" m="21543" /><D60/><U37/><E37/><V89/><F89/><W28/><G119/><T14/><D14/><U77/><E77/><V5/><F5/><W68/><G9/><T32/><D32/><U48/><E78/><V29/><F29/><W18/><G28/><T63/><D63/><U11/><E11/><V95/><AGARI ba="1,1" hai="17,20,25,39,43,45,52,53,59,62,65,95,97,101" machi="95" ten="20,8000,1" yaku="1,1,0,1,7,1,52,1,54,1,53,0" doraHai="42" doraHaiUra="105" who="2" fromWho="2" sc="201,-21,328,-41,211,93,250,-21" /><INIT seed="2,0,0,3,3,17" ten="180,287,304,229" oya="2" hai0="9,64,44,103,71,83,132,15,95,80,113,97,134" hai1="66,3,90,116,55,111,58,92,100,19,35,52,108" hai2="124,6,37,4,75,23,109,85,94,5,121,105,57" hai3="10,93,98,60,31,77,130,72,133,40,16,70,34"/><V30/><F121/><W78/><G130/><T25/><D113/><U112/><E112/><V8/><F75/><W91/><G133/><T131/><D131/><U56/><E116/><V7/><F105/><W59/><G70/><T119/><D119/><U38/><E35/><V48/><F37/><W125/><G125/><T13/><D132/><U11/><E38/><V63/><F124/><W45/><G72/><T27/><D134/><U96/><E66/><V12/><F48/><W122/><G122/><T88/><D71/><U106/><E58/><V120/><F120/><W65/><G31/><T18/><D64/><U123/><E123/><V129/><F129/><W53/><G65/><T46/><D15/><N who="1" m="7679" /><E56/><V102/><F109/><N who="1" m="42057" /><E3/><V89/><F102/><W104/><G34/><T118/><D118/><U43/><E43/><V24/><F4/><W82/><G104/><T26/><REACH who="0" step="1"/><D103/><REACH who="0" ten="170,287,304,229" step="2"/><U0/><E0/><V87/><F87/><AGARI ba="0,1" hai="52,55,87,90,92,96,100,106" m="42057,7679" machi="87" ten="30,2000,0" yaku="14,1,54,1" doraHai="17" who="1" fromWho="2" sc="170,0,287,30,304,-20,229,0" /><INIT seed="3,0,0,5,5,135" ten="170,317,284,229" oya="3" hai0="28,9,85,27,114,109,60,130,77,69,12,105,13" hai1="84,67,6,49,56,92,30,22,52,38,131,115,21" hai2="62,97,113,118,106,45,3,44,42,75,94,127,78" hai3="29,18,54,123,37,93,23,1,19,48,119,36,79"/><W80/><G119/><T58/><D105/><U68/><E115/><V128/><F113/><W73/><G123/><T41/><D109/><U11/><E38/><V134/><F118/><W112/><G112/><T43/><D130/><U133/><E131/><V102/><F3/><W17/><G1/><T65/><D114/><U66/><E133/><V86/><F134/><W120/><G120/><T64/><D69/><U104/><E104/><V110/><F128/><W81/><G81/><T14/><D65/><N who="1" m="24587" /><E30/><V61/><F110/><W33/><G33/><T15/><D77/><U7/><E68/><V74/><F44/><W63/><G63/><T20/><REACH who="0" step="1"/><D85/><REACH who="0" ten="160,317,284,229" step="2"/><U71/><E71/><V129/><F129/><W53/><G53/><T122/><D122/><U51/><E84/><V47/><F106/><W101/><G79/><T57/><D57/><U46/><E56/><V124/><F86/><W99/><G73/><T98/><D98/><U89/><E46/><V83/><F75/><W108/><G108/><T10/><D10/><U0/><E11/><V39/><F45/><W95/><G99/><T87/><D87/><U72/><E52/><V32/><F74/><W125/><G95/><T8/><D8/><U82/><E92/><V50/><F78/><W116/><G93/><T16/><AGARI ba="0,1" hai="9,12,13,14,15,16,20,27,28,41,43,58,60,64" machi="16" ten="30,7900,0" yaku="1,1,0,1,8,1,54,1,53,0" doraHai="135" doraHaiUra="121" who="0" fromWho="0" sc="160,89,317,-20,284,-20,229,-39" /><INIT seed="4,0,0,1,4,28" ten="249,297,264,190" oya="0" hai0="69,70,40,23,100,99,85,80,123,83,45,121,132" hai1="17,47,63,30,81,55,68,105,115,86,6,22,10" hai2="62,126,48,78,113,13,104,46,118,107,41,2,57" hai3="96,0,60,1,91,36,109,120,7,49,106,4,75"/><T129/><D129/><U114/><E105/><V51/><F2/><W76/><G36/><T130/><D130/><U54/><E30/><V9/><F113/><N who="1" m="43017" /><E47/><V92/><F126/><W79/><G109/><T25/><D132/><U84/><E68/><V24/><F118/><W128/><G128/><T56/><D56/><N who="1" m="35223" /><E55/><V119/><F119/><W20/><G120/><T133/><D133/><U34/><E34/><V101/><F78/><W12/><G12/><T125/><D125/><U97/><E97/><V103/><F51/><W21/><G49/><T73/><D73/><U52/><E52/><V94/><F24/><W95/><G96/><T27/><D27/><N who="1" m="14799" /><E81/><V11/><F107/><W116/><G106/><T64/><D80/><U42/><E42/><V90/><F104/><W88/><G75/><T18/><D64/><U5/><E5/><V67/><F92/><W37/><G37/><T71/><D99/><U50/><E50/><V110/><F9/><W122/><G122/><T3/><D100/><U29/><E29/><V32/><F32/><W112/><G112/><T43/><D43/><U82/><E82/><V44/><F44/><W14/><G14/><AGARI ba="0,0" hai="6,10,14,84,86" m="14799,35223,43017" machi="14" ten="30,2000,0" yaku="15,1,11,1" doraHai="28" who="1" fromWho="3" sc="249,0,297,20,264,0,190,-20" owari="249,-15.1,317,41.7,264,6.4,170,-33.0" /></mjloggm>