<mjloggm ver="2.3"><GO type="225" lobby="0"/><UN n0="%E4%BA%95%E5%B8%AF" n1="%E3%81%82%E3%81%99%E3%81%AB%E3%82%83%E3%82%80" n2="%E3%81%86%E3%81%A9%E3%82%93%E3%81%93" n3="%E8%B6%85%E7%B4%9A%E9%B3%B3%E5%87%B0" dan="16,16,16,16" rate="2040.36,2141.99,2108.50,2177.82" sx="M,F,M,M"/><TAIKYOKU oya="0"/><INIT seed="0,0,0,3,4,23" ten="250,250,250,250" oya="0" hai0="17,71,61,26,104,34,120,69,114,100,6,64,38" hai1="0,5,56,125,63,21,45,16,123,77,109,85,7" hai2="24,131,66,12,55,18,103,33,8,94,35,83,2" hai3="87,121,133,86,78,68,25,108,3,75,97,42,111"/><T117/><D120/><U44/><E123/><V11/><F131/><W48/><G121/><T70/><D117/><U119/><E109/><N who="3" m="42058" /><G68/><N who="0" m="26219" /><D17/><U122/><E119/><V10/><F66/><W128/><G3/><T40/><D6/><N who="1" m="2059" /><E0/><V92/><F83/><N who="3" m="45535" /><G128/><T36/><D40/><U58/><E125/><V13/><F55/><W47/><G133/><T126/><D114/><U134/><E134/><V84/><F2/><W80/><G97/><N who="0" m="61455" /><D126/><U15/><E56/><V59/><F59/><W72/><G72/><T67/><D67/><N who="1" m="39415" /><E122/><V39/><F39/><W9/><G9/><T37/><D37/><U1/><E1/><V51/><F51/><W99/><G99/><T19/><D19/><U90/><E77/><V93/><F103/><W60/><G60/><T49/><D49/><U132/><E132/><V112/><F112/><W79/><G87/><T31/><AGARI ba="0,0" hai="26,31,34,36,38,61,64,71" m="61455,26219" machi="31" ten="30,11700,0" yaku="25,1,33,2,52,1" doraHai="23" who="0" fromWho="0" sc="250,117,250,-39,250,-39,250,-39" /><INIT seed="0,1,0,0,5,87" ten="367,211,211,211" oya="0" hai0="18,23,46,133,9,25,125,69,104,108,27,59,134" hai1="45,98,24,81,82,4,22,78,66,80,76,93,35" hai2="72,64,47,96,85,16,107,54,3,111,101,99,60" hai3="100,63,13,6,40,95,8,67,37,127,36,2,0"/><T92/><D104/><U119/><E35/><V110/><F72/><W120/><G127/><T12/><D69/><U124/><E124/><V34/><F34/><W26/><G120/><T86/><D125/><U114/><E119/><V121/><F121/><W65/><G26/><T31/><D46/><U68/><E4/><V115/><F3/><W70/><G65/><T50/><D27/><U41/><E66/><V105/><F115/><W19/><G40/><T28/><D28/><U79/><E68/><V39/><F85/><W15/><G0/><T126/><D126/><U83/><E114/><V48/><F39/><W61/><G61/><T11/><D11/><U117/><E117/><V57/><F16/><W77/><G77/><T32/><D9/><U118/><E118/><V74/><F74/><W33/><G33/><T44/><D44/><U5/><E5/><V103/><AGARI ba="1,0" hai="47,48,54,57,60,64,96,99,101,103,105,107,110,111" machi="103" ten="30,2000,0" yaku="0,1,9,1" doraHai="87" who="2" fromWho="2" sc="367,-11,211,-6,211,23,211,-6" /><INIT seed="1,0,0,3,2,2" ten="356,205,234,205" oya="1" hai0="101,120,134,122,65,8,108,109,62,23,29,52,79" hai1="82,25,124,60,121,93,59,7,129,132,68,117,32" hai2="31,95,102,73,28,36,16,63,98,123,0,100,47" hai3="42,19,13,35,72,80,70,1,41,44,6,46,91"/><U76/><E117/><V26/><F123/><N who="0" m="47146" /><D134/><U12/><E132/><V22/><F0/><W39/><G35/><T131/><D131/><U5/><E121/><V54/><F73/><W104/><G104/><T135/><D135/><U111/><E68/><V10/><F36/><W17/><G70/><T110/><D79/><U114/><E114/><V106/><F106/><W133/><G133/><T56/><D101/><U45/><E129/><V126/><F126/><W53/><G53/><T81/><D81/><U127/><E111/><V77/><F77/><W125/><G125/><N who="1" m="48202" /><E45/><V87/><F87/><W37/><G13/><T74/><D74/><N who="1" m="43287" /><E12/><N who="2" m="7191" /><F31/><W57/><G57/><T15/><D65/><N who="1" m="39071" /><E93/><V27/><F27/><W49/><G91/><T96/><D110/><U83/><E83/><V75/><F75/><W21/><G39/><T71/><D71/><U14/><E14/><V92/><F47/><W105/><G105/><T86/><D109/><U94/><E94/><N who="2" m="58455" /><F102/><W99/><G72/><T67/><D108/><U69/><E69/><V3/><F3/><W107/><G80/><T61/><D15/><U97/><E97/><V51/><F51/><W115/><G115/><T66/><D96/><U119/><E119/><V34/><F34/><W58/><G107/><T88/><D86/><U118/><E118/><V85/><F85/><W33/><G99/><T84/><D84/><U50/><E50/><V116/><F116/><W20/><G1/><T11/><D62/><U4/><E32/><V78/><F78/><W9/><G33/><T40/><D61/><U18/><E25/><V130/><F130/><RYUUKYOKU ba="0,0" sc="356,-15,205,15,234,15,205,-15" hai1="4,5,7,18" hai2="22,26,28,54,63,92,95" /><INIT seed="1,1,0,3,2,102" ten="341,220,249,190" oya="1" hai0="105,132,19,65,94,135,119,37,133,44,24,52,72" hai1="85,35,97,107,81,70,126,98,93,32,29,134,110" hai2="127,120,69,86,55,31,6,2,113,20,22,108,128" hai3="53,91,1,49,56,100,41,8,11,7,78,40,63"/><U10/><E70/><V57/><F86/><W75/><G11/><T13/><D119/><U36/><E36/><V58/><F55/><W38/><G100/><T123/><D123/><U5/><E134/><V117/><F58/><W115/><G115/><T90/><D72/><U101/><E29/><V125/><F57/><W114/><G114/><T87/><D24/><U116/><E116/><V73/><F20/><W25/><G25/><T121/><D121/><U92/><E107/><V48/><F48/><W99/><G38/><T76/><D76/><U80/><E126/><V71/><F22/><W42/><G75/><T51/><D65/><U82/><E110/><V0/><F31/><W62/><G78/><T83/><D37/><U131/><E131/><V88/><F88/><W68/><G68/><T21/><REACH who="0" step="1"/><D105/><REACH who="0" ten="331,220,249,190" step="2"/><U103/><E35/><V95/><F73/><W104/><G104/><T122/><D122/><U89/><REACH who="1" step="1"/><E32/><REACH who="1" ten="331,210,249,190" step="2"/><V34/><F34/><W66/><G66/><T64/><D64/><U109/><E109/><V26/><F108/><W46/><G1/><AGARI ba="1,2" hai="1,5,10,80,81,82,85,89,92,93,97,98,101,103" machi="1" ten="30,5800,0" yaku="1,1,7,1,9,1,53,0" doraHai="102" doraHaiUra="14" who="1" fromWho="3" sc="331,0,210,81,249,0,190,-61" /><INIT seed="1,2,0,2,3,97" ten="331,291,249,129" oya="1" hai0="113,129,90,25,86,109,65,133,104,5,13,99,102" hai1="93,119,83,111,4,49,73,96,84,100,2,76,121" hai2="34,31,110,135,33,112,56,37,89,115,94,46,12" hai3="91,50,51,125,77,69,41,105,68,40,64,59,47"/><U122/><E2/><V87/><F110/><W53/><G105/><T9/><D113/><N who="2" m="43594" /><F135/><W95/><G125/><T117/><D117/><U81/><E4/><V26/><F12/><W19/><G77/><T103/><D129/><U128/><E49/><V71/><F71/><W131/><G131/><T75/><D75/><U14/><E14/><V74/><F74/><W130/><G130/><T70/><D109/><U72/><E128/><V101/><F56/><W22/><G40/><T8/><D133/><U6/><E6/><V120/><F120/><N who="1" m="46185" /><E111/><V134/><F134/><W106/><G64/><T80/><D25/><U124/><E124/><V23/><F101/><W132/><G106/><T35/><D35/><U58/><E58/><V57/><F57/><W62/><G132/><T1/><D65/><U42/><E42/><AGARI ba="2,0" hai="23,26,31,33,34,37,42,46,87,89,94" m="43594" machi="42" ten="30,1000,0" yaku="11,1" doraHai="97" who="2" fromWho="1" sc="331,0,291,-16,249,16,129,0" /><INIT seed="2,0,0,2,3,38" ten="331,275,265,129" oya="2" hai0="110,85,6,32,17,129,54,65,107,131,126,87,64" hai1="84,133,120,9,134,8,70,100,37,109,103,41,113" hai2="93,31,33,89,14,23,62,73,101,125,11,119,92" hai3="50,27,118,52,79,58,90,114,21,123,75,59,7"/><V66/><F119/><W86/><G118/><T39/><D110/><U0/><E109/><V124/><F73/><W60/><G123/><T24/><D126/><N who="2" m="48746" /><F33/><W45/><G114/><T47/><D107/><U16/><E113/><V83/><F101/><N who="1" m="38985" /><E70/><N who="2" m="42327" /><F83/><W13/><G79/><T63/><D6/><U68/><E68/><V5/><F89/><W69/><G75/><T130/><D17/><U49/><E37/><V98/><F98/><W128/><G128/><T48/><D39/><U2/><E120/><V95/><F31/><W51/><G69/><N who="0" m="42143" /><D65/><U76/><E76/><V26/><F23/><W81/><G59/><T72/><D72/><U67/><E67/><V106/><F26/><W22/><G45/><T55/><D54/><U28/><E28/><AGARI ba="0,0" hai="24,28,32,47,48,55,85,87,129,130,131" m="42143" machi="28" ten="30,1000,0" yaku="19,1" doraHai="38" who="0" fromWho="1" sc="331,10,275,-10,265,0,129,0" /><INIT seed="3,0,0,4,5,14" ten="341,265,265,129" oya="3" hai0="102,46,108,128,7,15,44,98,125,91,132,83,76" hai1="4,28,42,68,113,59,36,39,95,5,61,89,13" hai2="104,22,87,56,116,64,2,96,100,90,10,25,97" hai3="43,126,57,35,55,6,30,37,110,63,71,19,53"/><W86/><G126/><T117/><D108/><U69/><E113/><V66/><F116/><W23/><G110/><T134/><D91/><U82/><E82/><V16/><F97/><W40/><G6/><T24/><D24/><U109/><E109/><V8/><F2/><W73/><G73/><T51/><D128/><U118/><E118/><V129/><F129/><W11/><G86/><N who="0" m="48487" /><D125/><U85/><E68/><V20/><F20/><W111/><G111/><T119/><D46/><U114/><E69/><V48/><F66/><W106/><G106/><N who="0" m="63831" /><D15/><U62/><E62/><V21/><F21/><W79/><G79/><T74/><D7/><U38/><E28/><V94/><REACH who="2" step="1"/><F64/><REACH who="2" ten="341,265,255,129" step="2"/><W50/><G37/><T60/><D119/><U135/><E36/><V33/><F33/><W32/><G32/><T0/><D0/><U81/><E38/><V120/><F120/><W133/><G133/><T124/><D117/><U54/><E135/><V122/><F122/><W75/><G75/><T123/><D74/><U41/><E39/><V101/><F101/><W45/><G71/><T52/><D123/><U12/><E114/><V107/><F107/><W93/><G93/><T72/><D72/><U77/><E4/><V84/><F84/><W58/><G35/><T31/><D124/><U105/><E105/><V78/><F78/><W65/><G30/><T70/><D134/><U3/><E3/><V18/><F18/><W121/><G121/><T131/><D132/><U1/><E1/><V27/><F27/><N who="3" m="14847" /><G11/><T130/><D31/><U99/><E5/><V80/><F80/><W92/><G92/><RYUUKYOKU ba="0,1" sc="341,0,265,0,255,0,129,0" hai0="44,51,52,60,70,130,131" hai1="12,13,41,42,54,59,61,77,81,85,89,95,99" hai2="8,10,16,22,25,48,56,87,90,94,96,100,104" hai3="40,43,45,50,53,55,57,58,63,65" /><INIT seed="3,1,1,1,4,121" ten="341,265,255,129" oya="3" hai0="84,1,15,104,92,16,60,75,81,63,109,97,41" hai1="126,111,3,102,110,54,89,114,76,106,27,83,2" hai2="87,29,88,22,32,78,6,19,112,47,35,30,31" hai3="34,117,0,127,95,62,46,48,133,57,17,51,125"/><W130/><G117/><T37/><D1/><U42/><E114/><V40/><F112/><W11/><G34/><T69/><D69/><U86/><E42/><V58/><F6/><N who="3" m="1479" /><G130/><T82/><D104/><U9/><E126/><N who="3" m="48138" /><G133/><T38/><D75/><U103/><E54/><V61/><F78/><W23/><G95/><T77/><D82/><U90/><E9/><V14/><F61/><W39/><G46/><T131/><D131/><U113/><E113/><V101/><F58/><W5/><G5/><T67/><D92/><N who="1" m="54327" /><E27/><V73/><F73/><W64/><G39/><T85/><D37/><U45/><E45/><V120/><F101/><N who="1" m="38409" /><E106/><V21/><F120/><W4/><G4/><T20/><D38/><U25/><E25/><AGARI ba="1,1" hai="17,23,25,48,51,57,62,64" m="48138,1479" machi="25" ten="30,1500,0" yaku="18,1" doraHai="121" who="3" fromWho="1" sc="341,0,265,-18,255,0,129,28" /><INIT seed="3,2,0,0,3,23" ten="341,247,255,157" oya="3" hai0="53,111,121,107,86,56,81,61,3,106,50,73,43" hai1="98,67,115,125,38,21,49,72,113,109,116,128,88" hai2="90,129,118,71,30,130,134,104,87,58,122,27,97" hai3="62,9,123,26,0,131,114,60,112,10,36,51,57"/><W41/><G123/><T22/><D121/><U46/><E72/><V96/><F122/><W105/><G105/><T33/><D33/><U132/><E38/><V124/><F118/><W16/><G131/><N who="2" m="50185" /><F71/><W70/><G36/><T65/><D73/><U93/><E128/><V76/><F76/><W13/><G70/><T37/><D3/><U77/><E116/><V91/><F134/><W12/><G0/><T18/><D43/><U5/><E132/><V39/><F39/><W127/><G127/><T32/><D32/><U25/><E125/><V94/><F124/><W1/><G1/><T69/><D111/><U119/><E109/><V2/><F2/><W47/><G26/><T44/><D69/><U126/><E119/><V52/><F91/><W120/><G120/><T85/><D85/><U133/><E133/><V35/><F104/><W55/><REACH who="3" step="1"/><G62/><AGARI ba="2,0" hai="27,30,35,52,58,62,87,90,94,96,97" m="50185" machi="62" ten="30,3900,0" yaku="19,1,52,1,54,1" doraHai="23" who="2" fromWho="3" sc="341,0,247,0,255,45,157,-45" owari="341,44.1,247,-15.3,300,10.0,112,-38.8" /></mjloggm>