<mjloggm ver="2.3"><GO type="225" lobby="0"/><UN n0="%E3%81%AF%E3%82%88%E3%81%8A%E3%81%98%E3%81%95%E3%82%93" n1="%E7%BD%AA%E5%88%91%E6%B3%95%E5%AE%9A%E4%B8%BB%E7%BE%A9" n2="%E3%82%A2%E3%83%BC%E3%83%A2%E3%83%AD%E3%83%BC%E3%83%B4%E3%82%A1" n3="%E3%81%99%E3%81%84%E3%81%BE%E3%81%9B%E3%83%BC%E3%82%93" dan="16,16,16,16" rate="2190.20,2126.00,2140.30,2123.30" sx="M,M,M,M"/><TAIKYOKU oya="0"/><INIT seed="0,0,0,0,1,25" ten="250,250,250,250" oya="0" hai0="33,26,20,44,18,62,41,124,126,24,121,14,27" hai1="36,19,114,42,83,119,21,76,117,113,89,66,29" hai2="8,12,56,80,95,128,91,68,87,82,97,63,78" hai3="23,7,51,81,49,16,67,92,50,37,59,84,77"/><T109/><D62/><U32/><E66/><V85/><F128/><W4/><G37/><T134/><D44/><N who="1" m="23623" /><E89/><V72/><F68/><W30/><G30/><N who="0" m="19655" /><D41/><U54/><E54/><V125/><F125/><N who="0" m="48234" /><D121/><U17/><E29/><V107/><F107/><W74/><G74/><T35/><D134/><U100/><E100/><V46/><F46/><W86/><G67/><T127/><N who="0" m="48242" /><T130/><DORA hai="122" /><D130/><U22/><E32/><V43/><F43/><W111/><G59/><T75/><D75/><N who="1" m="43423" /><E22/><V133/><F133/><W61/><G61/><T52/><D52/><U99/><E99/><V40/><F40/><W38/><G38/><T106/><D106/><U129/><E129/><V70/><F70/><W0/><G51/><T13/><D109/><U69/><E69/><V101/><F72/><W1/><G111/><T39/><D39/><U10/><E10/><V6/><F63/><W90/><G50/><T102/><D102/><U116/><E21/><V96/><F56/><W110/><G49/><T65/><D65/><U5/><E5/><V98/><AGARI ba="0,0" hai="6,8,12,78,80,82,85,87,91,95,96,97,98,101" machi="98" ten="30,2000,0" yaku="0,1,8,1" doraHai="25,122" who="2" fromWho="2" sc="250,-10,250,-5,250,20,250,-5" /><INIT seed="1,0,0,5,1,52" ten="240,245,270,245" oya="1" hai0="78,105,73,20,34,121,12,113,99,39,15,33,32" hai1="28,128,132,75,19,81,79,135,21,16,129,41,31" hai2="92,116,38,50,22,80,96,13,4,62,42,77,134" hai3="110,76,115,11,66,3,101,65,30,118,56,109,100"/><U71/><E71/><V27/><F116/><W18/><G115/><T23/><D39/><U103/><E103/><N who="3" m="39498" /><G118/><T120/><D99/><U123/><E41/><V7/><F38/><W54/><G30/><N who="1" m="11306" /><E123/><N who="0" m="47177" /><D78/><U1/><E1/><V97/><F134/><N who="1" m="51241" /><E21/><N who="0" m="8265" /><D73/><U55/><E55/><V102/><F22/><W0/><G76/><T46/><D46/><U133/><N who="1" m="51249" /><U58/><DORA hai="130" /><E58/><V53/><F53/><W59/><G0/><T49/><D49/><U8/><E8/><V74/><F50/><N who="3" m="30807" /><G59/><T119/><D119/><U85/><E75/><V91/><F42/><W44/><G44/><T45/><D45/><U24/><E24/><V40/><F27/><W95/><G3/><T69/><D69/><U117/><E117/><V70/><F40/><W5/><G5/><T48/><D48/><U108/><E108/><V84/><F4/><W126/><G110/><T9/><D105/><U124/><E124/><V36/><F36/><W35/><G126/><T111/><D111/><U86/><E86/><V72/><F70/><W26/><G109/><T17/><D15/><U25/><E25/><V82/><F13/><N who="3" m="7487" /><G26/><T122/><N who="0" m="47185" /><T88/><DORA hai="57" /><D113/><U14/><E14/><V90/><F72/><W131/><G35/><T106/><D106/><U63/><E63/><V125/><F125/><W60/><G60/><T68/><D68/><U98/><E98/><V89/><F62/><W114/><G114/><T61/><D61/><U6/><E6/><V51/><F7/><W107/><G107/><T93/><D34/><U47/><E47/><V127/><F127/><W94/><G131/><AGARI ba="0,0" hai="16,19,79,81,85,128,129,131" m="51249,11306" machi="131" ten="50,24000,3" yaku="6,1,19,1,20,1,52,4,54,1" doraHai="52,130,57" who="1" fromWho="3" sc="240,0,245,240,270,0,245,-240" /><INIT seed="1,1,0,1,3,65" ten="240,485,270,5" oya="1" hai0="69,4,57,118,128,62,129,34,127,3,125,75,19" hai1="40,89,14,104,81,1,24,30,122,70,94,33,59" hai2="41,13,32,73,88,102,46,38,17,15,50,109,90" hai3="6,120,42,80,77,130,105,54,87,78,60,11,36"/><U85/><E122/><V103/><F73/><W74/><G120/><T7/><D118/><U35/><E1/><V47/><F32/><W12/><G105/><T8/><D75/><U110/><E104/><V79/><F79/><W134/><G134/><T96/><D34/><U9/><E70/><V101/><F109/><W71/><G130/><N who="0" m="50283" /><D96/><U49/><E110/><V5/><F5/><W31/><G31/><T111/><D111/><U55/><E40/><V18/><F38/><W107/><G107/><T0/><D19/><N who="2" m="7178" /><F46/><W123/><G123/><T25/><D25/><U45/><E35/><V27/><F27/><W133/><G133/><T131/><N who="0" m="50291" /><T28/><DORA hai="48" /><D28/><U22/><E33/><V126/><F126/><N who="0" m="48138" /><D69/><U43/><E81/><V2/><F2/><N who="0" m="554" /><D8/><U84/><E84/><V117/><F117/><W83/><G71/><T26/><D26/><U58/><E43/><V86/><F86/><W119/><G119/><T98/><D98/><U66/><E66/><AGARI ba="1,0" hai="4,7,57,62,66" m="554,48138,50291" machi="66" ten="50,3200,0" yaku="19,1,18,1" doraHai="65,48" who="0" fromWho="1" sc="240,35,485,-35,270,0,5,0" /><INIT seed="2,0,0,2,1,121" ten="275,450,270,5" oya="2" hai0="34,8,112,47,54,50,22,102,77,64,111,80,78" hai1="38,75,62,101,96,120,134,11,76,67,124,27,66" hai2="57,4,91,122,123,87,90,45,13,127,128,41,33" hai3="114,81,52,94,73,119,95,26,131,51,60,16,48"/><V125/><F33/><W5/><G119/><T79/><D112/><U98/><E38/><V18/><F4/><W133/><G114/><T1/><D34/><U84/><E75/><V19/><F57/><N who="3" m="34855" /><G73/><T59/><D102/><U88/><E120/><N who="2" m="46123" /><F128/><W86/><G131/><T103/><D103/><U61/><E76/><V63/><F63/><N who="1" m="24073" /><E134/><V53/><F53/><W42/><G5/><T21/><D47/><U107/><E107/><V108/><F108/><W68/><G68/><T2/><D111/><U23/><E11/><N who="2" m="6463" /><F87/><W126/><G126/><N who="2" m="48137" /><F19/><W43/><G133/><T105/><D64/><N who="1" m="24619" /><E101/><V49/><AGARI ba="0,0" hai="41,45,49,90,91" m="48137,6463,46123" machi="49" ten="30,1500,0" yaku="18,1" doraHai="121" who="2" fromWho="2" sc="275,-5,450,-5,270,15,5,-5" /><INIT seed="2,1,0,5,0,108" ten="270,445,285,0" oya="2" hai0="132,59,44,34,29,66,67,13,129,37,45,106,20" hai1="84,68,42,125,119,78,63,89,32,24,130,120,25" hai2="118,121,87,65,31,96,98,95,28,18,43,85,49" hai3="27,122,7,36,19,77,55,109,80,60,22,93,56"/><V30/><F118/><W58/><G122/><T103/><D34/><U2/><E119/><V94/><F121/><W92/><G36/><T11/><D106/><U102/><E120/><V88/><F65/><N who="0" m="24586" /><D37/><U62/><E68/><V35/><F35/><W79/><G109/><T114/><D114/><U135/><E2/><V61/><F61/><W101/><G7/><T72/><D72/><U111/><E111/><V47/><REACH who="2" step="1"/><F18/><REACH who="2" ten="270,445,275,0" step="2"/><W86/><G101/><AGARI ba="1,1" hai="28,30,31,43,47,49,85,87,88,94,95,96,98,101" machi="101" ten="40,12000,1" yaku="1,1,2,1,8,1,54,1,53,0" doraHai="108" doraHaiUra="3" who="2" fromWho="3" sc="270,0,445,0,275,133,0,-123" owari="270,-13.0,445,54.5,408,20.8,-123,-62.3" /></mjloggm>