<mjloggm ver="2.3"><GO type="225" lobby="0"/><UN n0="%28%EF%BF%A3%E2%96%BD%EF%BF%A3%29%CE%B4%E2%8C%92%E3%83%BB" n1="%E3%81%BF%E3%81%BF%E3%81%9A" n2="%72%69%6F%75%63%68%61%6E" n3="%E3%81%8B%E3%82%8F%E3%81%A1%E3%82%83%E3%82%93%35%38" dan="16,18,16,17" rate="2141.48,2254.02,2177.50,2216.46" sx="M,M,M,M"/><TAIKYOKU oya="0"/><INIT seed="0,0,0,2,2,91" ten="250,250,250,250" oya="0" hai0="3,74,78,4,84,17,108,37,92,2,19,129,133" hai1="124,93,110,27,65,81,52,72,31,32,64,105,88" hai2="132,67,116,103,0,69,123,115,83,44,86,47,113" hai3="85,63,54,11,135,12,39,102,119,48,35,73,82"/><T26/><BYE who="3" /><D37/><U114/><E110/><UN n3="%E3%81%8B%E3%82%8F%E3%81%A1%E3%82%83%E3%82%93%35%38" /><V28/><F123/><W45/><G119/><T18/><D108/><U130/><E105/><V101/><F0/><W13/><G135/><T43/><D133/><U75/><E130/><V16/><F132/><W42/><G35/><T46/><D129/><U87/><E124/><V94/><F116/><W57/><G73/><T59/><D26/><U109/><E109/><V125/><F125/><W41/><G102/><T71/><D71/><U76/><E114/><V1/><F1/><W120/><G120/><T22/><D22/><U66/><REACH who="1" step="1"/><E52/><REACH who="1" ten="250,240,250,250" step="2"/><V40/><F115/><W14/><G39/><T34/><D43/><U38/><E38/><V89/><F40/><N who="3" m="24615" /><G11/><T49/><D49/><U8/><E8/><V96/><F113/><W56/><G56/><T62/><D59/><U111/><E111/><V107/><F107/><W33/><G33/><T95/><D34/><U104/><E104/><V122/><F122/><W10/><G10/><T128/><D128/><U77/><E77/><AGARI ba="0,1" hai="12,13,14,41,42,54,57,63,77,82,85" m="24615" machi="77" ten="30,1000,0" yaku="8,1" doraHai="91" who="3" fromWho="1" sc="250,0,240,-10,250,0,250,20" /><INIT seed="1,0,0,4,5,55" ten="250,230,250,270" oya="1" hai0="43,54,47,124,121,5,126,125,0,87,120,115,24" hai1="133,106,20,30,112,45,100,97,49,11,91,72,50" hai2="42,85,79,23,41,62,40,13,57,48,16,46,130" hai3="105,129,64,93,95,83,18,96,76,14,103,81,110"/><U9/><E112/><V71/><F71/><W60/><G110/><T111/><D111/><U32/><E32/><V65/><REACH who="2" step="1"/><F130/><REACH who="2" ten="250,230,240,270" step="2"/><W3/><G129/><T17/><D125/><U69/><E69/><V73/><F73/><W123/><G123/><T10/><D124/><U6/><E72/><V15/><F15/><W26/><G14/><T88/><D126/><U70/><E70/><V34/><F34/><W1/><G1/><T52/><D121/><U122/><E122/><V38/><F38/><W31/><G3/><T51/><D120/><U114/><E114/><V74/><F74/><W98/><G26/><T118/><D115/><U94/><E133/><V28/><F28/><W108/><G31/><T80/><REACH who="0" step="1"/><D118/><REACH who="0" ten="240,230,240,270" step="2"/><U39/><E39/><V132/><F132/><W109/><G109/><T66/><D66/><U90/><E30/><V135/><F135/><W116/><G108/><T7/><D7/><U84/><E6/><V53/><F53/><W21/><G116/><T78/><D78/><U82/><E106/><V134/><F134/><W37/><G76/><T36/><D36/><U61/><E100/><V68/><F68/><N who="3" m="41991" /><G37/><T67/><D67/><U2/><E2/><V56/><F56/><W99/><G105/><T35/><D35/><U19/><E91/><V92/><F92/><N who="3" m="35403" /><G103/><T75/><D75/><U89/><E89/><V131/><F131/><W22/><G18/><T128/><D128/><U127/><E127/><V77/><F77/><W63/><G83/><AGARI ba="0,2" hai="13,16,23,40,41,42,46,48,57,62,65,79,83,85" machi="83" ten="40,8000,1" yaku="1,1,8,1,52,1,54,1,53,0" doraHai="55" doraHaiUra="33" who="2" fromWho="3" sc="240,0,230,0,240,100,270,-80" /><INIT seed="2,0,0,3,4,53" ten="240,230,340,190" oya="2" hai0="55,103,76,6,84,57,108,71,0,133,37,93,12" hai1="63,13,96,47,7,98,117,109,25,24,114,51,101" hai2="67,121,100,90,36,3,52,115,59,61,18,116,99" hai3="130,74,87,120,73,107,50,16,27,38,43,15,78"/><V79/><F115/><W60/><G120/><T75/><D71/><U118/><E114/><V127/><F116/><W42/><G38/><T17/><D37/><U123/><E123/><V131/><F121/><W14/><G107/><T2/><D133/><U44/><E109/><V46/><F3/><W39/><G39/><T41/><D41/><U106/><E96/><V135/><F135/><W1/><G1/><T124/><D6/><U8/><E47/><V26/><F127/><W91/><G130/><T58/><D124/><U45/><E44/><V30/><F131/><W88/><G74/><T113/><D108/><U119/><REACH who="1" step="1"/><E63/><REACH who="1" ten="240,220,340,190" step="2"/><V23/><F46/><N who="3" m="25943" /><G43/><AGARI ba="0,1" hai="7,8,13,24,25,43,45,51,98,101,106,117,118,119" machi="43" ten="40,1300,0" yaku="1,1,53,0" doraHai="53" doraHaiUra="122" who="1" fromWho="3" sc="240,0,220,23,340,0,190,-13" /><INIT seed="3,0,0,1,4,65" ten="240,243,340,177" oya="3" hai0="44,32,80,35,108,84,116,41,56,99,17,28,100" hai1="109,13,125,27,114,15,127,54,45,59,2,130,126" hai2="48,42,49,111,134,50,36,60,96,63,110,104,117" hai3="40,79,52,23,74,6,90,94,122,11,62,135,71"/><W8/><G122/><T75/><D75/><U73/><E109/><N who="2" m="41483" /><F117/><W78/><G135/><T34/><D108/><U128/><E73/><V38/><F134/><W21/><G40/><T85/><D116/><U20/><E45/><N who="2" m="23751" /><F38/><W64/><G52/><T98/><D28/><N who="1" m="17511" /><E2/><V46/><F46/><W81/><G79/><T76/><D85/><U95/><E95/><V105/><F105/><W43/><G43/><T3/><D3/><U66/><E66/><V33/><F33/><W124/><G124/><T9/><D56/><U115/><E13/><V67/><F67/><W89/><G89/><T57/><D57/><U70/><E15/><V132/><F132/><W77/><G77/><T22/><D9/><U19/><E19/><V103/><AGARI ba="0,0" hai="48,49,50,60,63,96,103,104" m="23751,41483" machi="103" ten="40,1500,0" yaku="14,1" doraHai="65" who="2" fromWho="2" sc="240,-4,243,-4,340,15,177,-7" owari="236,-16.4,239,3.9,355,45.5,170,-33.0" /></mjloggm>