<mjloggm ver="2.3"><GO type="225" lobby="0"/><UN n0="%72%61%6B%33" n1="%E3%82%82%E3%81%90%E3%82%89" n2="%E6%98%93%E5%88%A9%E8%96%A9%E4%BC%AF" n3="%E4%B8%89%E5%86%A0%E7%8E%8B%E3%83%BB%E5%B1%B1%E7%94%B0%E5%93%B2%E4%BA%BA" dan="16,17,16,16" rate="2183.75,2224.38,2152.89,2159.81" sx="M,M,F,M"/><TAIKYOKU oya="0"/><INIT seed="0,0,0,3,5,18" ten="250,250,250,250" oya="0" hai0="135,72,25,85,63,116,43,33,95,57,22,119,74" hai1="28,17,115,36,76,21,26,100,34,59,92,106,111" hai2="0,5,102,130,38,126,3,124,56,94,90,112,104" hai3="121,101,4,103,50,105,16,58,54,127,64,49,70"/><T77/><D33/><U97/><E36/><V84/><F38/><W31/><G127/><N who="2" m="48681" /><F5/><W125/><G125/><T66/><D135/><U73/><E111/><V37/><F112/><W52/><G31/><T79/><D43/><U20/><E115/><V60/><F37/><W91/><G4/><T110/><D110/><U14/><E59/><V68/><F68/><W109/><G109/><T61/><D61/><U99/><E73/><V1/><F130/><W67/><G121/><T108/><D108/><U53/><E76/><V123/><F123/><W45/><G105/><T44/><D44/><U93/><E53/><N who="2" m="33807" /><F102/><W47/><G70/><T87/><D74/><U71/><E71/><V82/><F104/><W107/><G107/><T6/><D6/><U132/><E132/><V39/><F39/><W122/><G122/><T128/><D128/><U13/><REACH who="1" step="1"/><E99/><REACH who="1" ten="250,240,250,250" step="2"/><V19/><F19/><AGARI ba="0,1" hai="13,14,17,19,20,21,26,28,34,92,93,97,100,106" machi="19" ten="40,8000,1" yaku="1,1,2,1,9,1,52,2,53,0" doraHai="18" doraHaiUra="7" who="1" fromWho="2" sc="250,0,240,90,250,-80,250,0" /><INIT seed="1,0,0,2,3,108" ten="250,330,170,250" oya="1" hai0="134,71,42,50,55,37,126,48,51,7,3,127,56" hai1="31,63,129,122,103,23,121,91,67,118,45,47,100" hai2="74,28,105,43,21,35,18,61,40,104,64,96,94" hai3="132,77,98,128,123,110,80,102,39,124,54,73,125"/><U89/><E118/><V6/><F74/><W20/><G39/><T101/><D101/><U4/><E4/><V97/><F6/><W59/><G123/><T131/><D7/><U95/><E129/><V66/><F66/><W107/><G110/><T78/><D78/><U68/><E122/><V88/><F28/><W44/><G44/><N who="0" m="23631" /><D3/><U117/><E117/><V13/><F35/><W49/><G132/><T32/><D32/><U22/><E121/><V8/><F104/><W65/><G128/><T120/><D120/><U112/><E31/><V119/><F119/><W38/><G38/><T81/><D81/><U33/><E33/><V99/><F8/><W106/><G65/><T26/><D26/><U27/><E67/><V36/><F36/><W115/><G115/><T12/><D12/><U58/><E112/><V30/><F30/><W93/><REACH who="3" step="1"/><G20/><REACH who="3" ten="250,330,170,240" step="2"/><T76/><D131/><U19/><E22/><V135/><F135/><W82/><G82/><T41/><D134/><U1/><E23/><V83/><F83/><W92/><G92/><T11/><D41/><U15/><E45/><V130/><F130/><W69/><G69/><T9/><D71/><U46/><E47/><V34/><F34/><W25/><G25/><T109/><D109/><U85/><E46/><V75/><F75/><W86/><G86/><T10/><D76/><U60/><E27/><V53/><F105/><AGARI ba="0,1" hai="49,54,59,73,77,80,93,98,102,105,106,107,124,125" machi="105" ten="40,1300,0" yaku="1,1,53,0" doraHai="108" doraHaiUra="116" who="3" fromWho="2" sc="250,0,330,0,170,-13,240,23" /><INIT seed="2,0,0,1,1,105" ten="250,330,157,263" oya="2" hai0="104,39,126,13,102,25,114,62,46,100,125,76,37" hai1="101,14,36,31,112,43,97,3,41,108,86,8,128" hai2="74,115,63,7,54,70,130,56,53,134,0,92,22" hai3="131,30,75,118,77,96,119,106,85,12,57,33,59"/><V66/><F115/><W20/><G33/><T44/><D13/><U98/><E112/><V9/><F134/><W123/><G123/><T103/><D114/><U50/><E36/><N who="0" m="13897" /><D104/><U99/><E3/><V88/><F130/><W94/><G131/><T116/><D62/><U65/><E108/><V29/><F70/><W110/><G110/><T32/><D76/><U73/><E73/><V48/><F74/><W6/><G106/><T61/><D61/><U124/><E65/><V51/><F48/><W47/><G6/><T83/><D83/><U91/><E101/><V60/><F66/><W1/><G12/><T24/><D32/><U5/><E31/><V52/><F63/><W4/><G4/><T129/><D129/><U72/><E72/><V69/><F69/><W80/><G1/><T27/><D116/><U21/><E21/><V55/><F60/><W15/><G119/><T122/><D122/><U109/><E109/><V68/><F68/><W78/><G20/><T26/><N who="0" m="6144" /><DORA hai="17" /><T35/><D35/><U89/><E50/><V81/><F81/><W113/><G80/><T28/><D28/><U127/><E91/><V64/><F64/><W117/><G113/><T10/><D10/><U23/><E23/><V45/><F22/><W84/><G118/><T11/><D11/><U95/><E128/><V93/><F29/><W18/><G117/><T38/><N who="0" m="13905" /><T40/><DORA hai="67" /><D40/><U90/><E90/><V133/><F133/><W135/><G135/><T34/><D34/><U42/><AGARI ba="0,0" hai="5,8,14,41,42,43,86,89,95,97,98,99,124,127" machi="42" ten="40,1500,0" yaku="0,1" doraHai="105,17,67" who="1" fromWho="1" sc="250,-4,330,15,157,-7,263,-4" /><INIT seed="3,0,0,5,1,7" ten="246,345,150,259" oya="3" hai0="88,64,129,123,128,9,66,58,6,85,109,18,61" hai1="78,119,21,46,116,117,30,45,23,55,68,44,75" hai2="36,96,113,35,38,95,43,101,111,79,103,122,57" hai3="127,135,29,131,73,104,52,56,83,99,69,10,130"/><W49/><G69/><T63/><D123/><U132/><E132/><V120/><F113/><W71/><G71/><T89/><D18/><U105/><E105/><V15/><F111/><W98/><G29/><T125/><D109/><U40/><E68/><V82/><F35/><W94/><G127/><T14/><D125/><U112/><E112/><V11/><F101/><W108/><G108/><T48/><D48/><N who="1" m="29063" /><E30/><V87/><F57/><W51/><G135/><T2/><D2/><U97/><E97/><V62/><F62/><N who="0" m="23562" /><D58/><U32/><E32/><V92/><F92/><W90/><G51/><T102/><D102/><U41/><E46/><V22/><F22/><N who="1" m="8201" /><E45/><V59/><F59/><W80/><G99/><T70/><D70/><U134/><E134/><V33/><F33/><W3/><G104/><T126/><D126/><U81/><AGARI ba="0,0" hai="40,41,75,78,81,116,117,119" m="8201,29063" machi="81" ten="40,1500,0" yaku="12,1" doraHai="7" who="1" fromWho="1" sc="246,-4,345,15,150,-4,259,-7" owari="242,-15.8,360,46.0,146,-35.4,252,5.2" /></mjloggm>