<mjloggm ver="2.3"><GO type="225" lobby="0"/><UN n0="%E2%91%A3%E9%81%BF%E9%81%8A%E6%88%AF%E3%80%90%E6%9D%B1%E5%8D%97%E3%80%91" n1="%E5%B8%86%E7%AB%8B%E5%A4%8F%E8%A1%A3" n2="%E5%A4%8F%E9%88%B4%E9%88%B4%E5%A4%8F" n3="%E9%80%9F%E6%B0%B4%E5%87%9B%E9%A6%99" dan="16,17,16,16" rate="2126.71,2136.70,2140.26,2156.98" sx="M,M,M,F"/><TAIKYOKU oya="0"/><INIT seed="0,0,0,5,4,79" ten="250,250,250,250" oya="0" hai0="13,89,133,4,76,83,53,50,9,101,60,85,41" hai1="1,18,62,81,123,19,102,30,92,109,80,68,61" hai2="119,10,46,66,112,95,125,82,87,99,28,63,36" hai3="35,98,127,69,77,29,84,91,111,130,118,128,65"/><T70/><D133/><U59/><E109/><V3/><F112/><W40/><G40/><T107/><D107/><U126/><E126/><V103/><F125/><W14/><G14/><T26/><D70/><U54/><E123/><V21/><F119/><W45/><G45/><T2/><D2/><U7/><E30/><V39/><F3/><W52/><G52/><T110/><D110/><U93/><E1/><V0/><F0/><W86/><G65/><T96/><D26/><U67/><E7/><V113/><F10/><W47/><G47/><T25/><D25/><U11/><E11/><V38/><F113/><W49/><G49/><T22/><D22/><U34/><E34/><V16/><F28/><W33/><G29/><T108/><D108/><U23/><E19/><V104/><F104/><W31/><G31/><T43/><D60/><U56/><E68/><V132/><F132/><W6/><G6/><T37/><D37/><U74/><E74/><V42/><F63/><W97/><G69/><T106/><REACH who="0" step="1"/><D76/><REACH who="0" ten="240,250,250,250" step="2"/><U116/><E116/><V73/><F66/><W134/><G111/><T17/><D17/><U12/><REACH who="1" step="1"/><E102/><REACH who="1" ten="240,240,250,250" step="2"/><V5/><F5/><W55/><G118/><T44/><AGARI ba="0,2" hai="4,9,13,41,43,44,50,53,83,85,89,96,101,106" machi="44" ten="20,7800,0" yaku="1,1,0,1,7,1,52,1,53,0" doraHai="79" doraHaiUra="71" who="0" fromWho="0" sc="240,98,240,-26,250,-26,250,-26" /><INIT seed="0,1,0,1,0,49" ten="338,214,224,224" oya="0" hai0="22,27,11,32,79,21,108,34,62,68,92,71,52" hai1="17,127,107,112,131,116,8,114,38,24,106,48,35" hai2="85,61,117,86,88,125,14,72,13,91,82,129,120" hai3="25,115,55,119,64,111,65,37,5,124,30,63,29"/><T36/><D36/><U122/><E38/><V80/><F120/><W28/><G37/><T83/><D92/><U126/><E116/><V130/><F72/><W89/><G119/><T100/><D100/><U50/><E122/><V15/><F117/><W43/><G115/><N who="1" m="44074" /><E131/><V45/><F125/><N who="1" m="47625" /><E8/><V118/><F118/><W90/><G43/><T78/><D11/><U60/><E60/><V56/><REACH who="2" step="1"/><F45/><REACH who="2" ten="338,214,214,224" step="2"/><W134/><G124/><T19/><D108/><U67/><E67/><AGARI ba="1,1" hai="13,14,15,56,61,67,80,82,85,86,88,91,129,130" machi="67" ten="40,8000,1" yaku="1,1,2,1,9,1,54,1,53,0" doraHai="49" doraHaiUra="31" who="2" fromWho="1" sc="338,0,214,-83,214,93,224,0" /><INIT seed="1,0,0,4,0,49" ten="338,131,307,224" oya="1" hai0="126,81,117,120,3,54,52,53,86,97,93,41,59" hai1="29,65,19,11,69,42,33,84,85,107,50,66,43" hai2="58,73,30,18,82,94,102,1,108,79,110,45,132" hai3="6,25,28,125,78,64,100,87,4,114,121,56,116"/><U70/><E107/><V123/><F123/><W37/><G37/><T103/><D120/><U101/><E101/><V5/><F132/><W77/><G121/><T124/><D117/><U113/><E113/><V20/><F30/><W2/><G2/><T8/><D41/><U61/><E33/><V26/><F45/><W105/><G114/><T104/><D104/><U80/><E29/><V9/><REACH who="2" step="1"/><F58/><REACH who="2" ten="338,131,297,224" step="2"/><W22/><G56/><T39/><D59/><U46/><E43/><V72/><F72/><W12/><G28/><T35/><D35/><U129/><E129/><V7/><F7/><W27/><G4/><T10/><D39/><U75/><E69/><V106/><F106/><W57/><G6/><T92/><D3/><U135/><E135/><V21/><F21/><W32/><G22/><T13/><D10/><U23/><E11/><V98/><AGARI ba="0,1" hai="1,5,9,18,20,26,73,79,82,94,98,102,108,110" machi="98" ten="30,2000,0" yaku="1,1,0,1,53,0" doraHai="49" doraHaiUra="131" who="2" fromWho="2" sc="338,-5,131,-10,297,30,224,-5" /><INIT seed="2,0,0,1,2,60" ten="333,121,327,219" oya="2" hai0="63,16,84,21,33,23,48,4,46,132,43,113,112" hai1="51,61,32,62,129,38,86,98,128,90,123,74,71" hai2="39,73,76,121,42,50,10,6,13,18,24,12,8" hai3="59,77,117,67,0,92,75,66,44,19,108,133,58"/><V109/><F121/><W135/><G0/><T122/><D122/><U79/><E38/><V14/><F39/><W72/><G77/><T30/><D132/><N who="3" m="50761" /><G117/><T99/><D33/><U64/><E123/><V53/><F42/><W31/><G31/><T85/><D4/><U40/><E32/><V11/><F109/><W15/><G44/><T125/><D125/><U110/><E110/><V89/><F73/><N who="3" m="28235" /><G108/><T80/><D85/><U27/><E27/><V17/><F76/><W118/><G118/><T111/><D111/><U36/><E36/><V25/><REACH who="2" step="1"/><F89/><REACH who="2" ten="333,121,317,219" step="2"/><W87/><G58/><AGARI ba="0,1" hai="6,8,10,11,12,13,14,17,18,24,25,50,53,58" machi="58" ten="30,12000,1" yaku="1,1,2,1,7,1,9,1,8,1,53,0" doraHai="60" doraHaiUra="57" who="2" fromWho="3" sc="333,0,121,0,317,130,219,-120" /><INIT seed="2,1,0,2,4,42" ten="333,121,447,99" oya="2" hai0="81,66,132,26,112,97,5,46,64,38,92,2,7" hai1="104,6,83,4,101,56,72,70,30,47,50,78,35" hai2="109,133,103,41,11,135,75,94,57,100,62,18,48" hai3="106,36,9,27,122,102,34,13,51,80,71,77,61"/><V134/><F75/><W25/><G36/><T20/><D112/><U88/><E70/><V74/><F74/><W107/><G122/><T15/><D2/><U87/><E56/><V44/><F109/><W119/><G119/><T105/><D105/><U32/><E32/><V124/><F124/><W128/><G128/><T33/><D33/><U43/><E35/><V89/><F18/><W23/><G34/><T1/><D1/><U14/><E30/><V98/><REACH who="2" step="1"/><F11/><REACH who="2" ten="333,121,437,99" step="2"/><W115/><G9/><T55/><D5/><U24/><E6/><V21/><F21/><W121/><G23/><T116/><D7/><U117/><E4/><V53/><AGARI ba="1,1" hai="41,44,48,53,57,62,89,94,98,100,103,133,134,135" machi="53" ten="30,11700,0" yaku="1,1,0,1,20,1,52,1,53,0" doraHai="42" doraHaiUra="65" who="2" fromWho="2" sc="333,-40,121,-40,437,130,99,-40" /><INIT seed="2,2,0,0,2,50" ten="293,81,567,59" oya="2" hai0="15,99,52,122,56,105,70,111,104,108,86,84,63" hai1="121,18,102,41,9,66,34,67,32,76,107,11,77" hai2="16,39,110,61,98,127,65,113,96,20,131,23,5" hai3="123,64,49,80,93,38,27,109,71,54,74,28,87"/><V44/><F113/><W30/><G123/><T53/><D122/><U95/><E107/><V8/><F127/><W135/><G38/><T26/><D70/><U81/><E121/><V2/><F131/><W13/><G135/><T89/><D26/><U88/><E102/><V94/><F110/><N who="0" m="42026" /><D15/><N who="1" m="7535" /><E34/><V36/><F44/><W17/><G109/><T7/><D7/><U100/><E32/><V118/><F23/><W25/><G74/><T117/><D117/><U115/><E11/><V4/><F4/><W134/><G134/><T45/><D99/><N who="1" m="59519" /><E41/><V19/><F118/><W68/><G93/><N who="0" m="54439" /><D86/><N who="1" m="50255" /><E115/><V79/><F98/><W106/><G106/><N who="0" m="41067" /><D45/><U116/><E116/><V128/><F128/><W82/><G82/><T119/><D119/><U46/><E46/><V37/><F20/><W48/><G71/><T101/><D101/><U132/><E132/><V85/><F96/><W6/><G68/><T3/><D3/><U42/><E42/><V103/><F103/><W58/><G6/><T1/><D1/><U33/><E33/><V69/><F69/><W120/><G120/><T130/><D130/><U47/><E47/><V59/><F2/><W124/><G25/><T112/><D112/><U35/><E35/><V0/><F0/><W114/><G27/><T90/><D90/><U72/><E72/><V125/><F5/><W62/><G114/><T40/><D40/><U12/><E12/><V55/><F79/><AGARI ba="2,0" hai="66,67,76,77,79" m="50255,59519,7535" machi="79" ten="30,2000,0" yaku="8,1,54,1" doraHai="50" who="1" fromWho="2" sc="293,0,81,26,567,-26,59,0" /><INIT seed="3,0,0,3,2,32" ten="293,107,541,59" oya="3" hai0="89,69,19,124,14,35,97,25,39,47,29,65,133" hai1="105,115,66,13,73,99,18,36,8,128,103,46,109" hai2="3,59,40,94,12,98,45,7,86,62,22,130,84" hai3="122,11,82,107,38,26,67,24,106,57,76,110,111"/><W55/><G38/><T100/><D133/><U77/><E115/><V60/><F3/><W135/><G67/><T5/><D124/><U48/><E109/><N who="3" m="41482" /><G122/><T83/><D5/><U41/><E128/><V37/><F130/><W17/><G135/><T113/><D113/><U21/><E66/><V88/><F62/><N who="3" m="36159" /><G11/><T56/><D69/><U43/><E73/><V104/><F104/><N who="3" m="39979" /><G17/><T34/><D65/><U96/><E77/><V80/><F80/><W123/><G123/><T92/><D83/><U126/><E126/><V1/><F1/><W134/><G134/><T81/><D81/><U16/><E36/><V30/><F7/><W91/><G91/><T54/><D89/><U87/><E43/><V114/><F114/><W70/><G70/><T112/><D112/><U42/><E41/><V120/><F120/><W52/><G52/><T44/><D39/><U53/><E42/><V74/><F74/><AGARI ba="0,0" hai="24,26,74,76,82" m="39979,36159,41482" machi="74" ten="30,2900,0" yaku="14,1,10,1" doraHai="32" who="3" fromWho="2" sc="293,0,107,0,541,-29,59,29" /><INIT seed="3,1,0,5,5,58" ten="293,107,512,88" oya="3" hai0="81,28,119,130,14,50,60,111,33,93,3,24,100" hai1="23,12,43,123,96,73,102,52,32,97,45,38,92" hai2="47,53,15,19,129,120,37,122,40,124,26,134,69" hai3="86,106,74,29,98,133,76,39,110,21,30,62,99"/><W46/><G74/><T72/><D119/><U49/><E73/><V17/><F129/><W44/><G133/><T1/><D130/><U65/><E123/><N who="2" m="47147" /><F134/><W41/><G110/><T126/><D111/><U7/><E32/><V128/><F128/><W13/><G106/><T132/><D50/><U75/><E75/><V66/><F124/><W83/><G44/><T77/><D14/><U107/><E65/><V115/><F115/><W2/><G2/><T70/><D126/><U94/><E97/><V105/><F105/><W91/><G99/><T61/><D132/><U85/><E85/><V113/><F53/><W36/><G36/><T55/><D55/><U78/><E78/><V18/><F26/><W109/><G109/><T54/><D54/><U20/><E107/><V131/><F113/><W104/><G62/><T68/><D61/><U10/><E94/><V82/><F82/><W25/><G13/><T22/><D60/><U67/><E67/><V59/><F69/><W135/><G135/><T56/><D56/><AGARI ba="1,0" hai="7,10,12,20,23,38,43,45,49,52,56,92,96,102" machi="56" ten="30,2000,0" yaku="7,1,54,1" doraHai="58" who="1" fromWho="0" sc="293,-23,107,23,512,0,88,0" owari="270,7.0,130,-27.0,512,61.2,88,-41.2" /></mjloggm>