<mjloggm ver="2.3"><GO type="225" lobby="0"/><UN n0="%E3%83%87%E3%83%A9%E3%82%B3%E3%83%83%E3%82%B3" n1="%E3%81%91%E3%83%BC%E3%81%9E%E3%81%88" n2="%E3%81%AB%E3%81%9B%E6%82%9F%E7%A9%BA" n3="%E3%81%86%E3%83%BC%E3%81%B1%E3%83%BC" dan="16,16,16,16" rate="2118.90,2141.70,2080.85,2183.72" sx="M,F,M,F"/><TAIKYOKU oya="0"/><INIT seed="0,0,0,5,4,131" ten="250,250,250,250" oya="0" hai0="61,6,95,77,106,124,80,36,88,76,116,97,29" hai1="72,57,66,100,81,52,108,65,110,91,18,38,51" hai2="118,22,73,134,13,96,107,113,67,119,90,127,20" hai3="10,68,98,35,43,122,70,84,115,63,37,120,49"/><T2/><D116/><N who="2" m="44586" /><F113/><W103/><G35/><T132/><D124/><U75/><E38/><V125/><F67/><N who="1" m="25609" /><E100/><N who="2" m="62855" /><F73/><W45/><G63/><T94/><D36/><U33/><E33/><V105/><F105/><N who="3" m="63735" /><G115/><T128/><D128/><U117/><E117/><V83/><F83/><W32/><G32/><T11/><D106/><U78/><E18/><V130/><F90/><W44/><G10/><T114/><D29/><U31/><E31/><V25/><F13/><W133/><G84/><T42/><D114/><U28/><E28/><N who="2" m="17447" /><F22/><W86/><G86/><T1/><D80/><U92/><E81/><V50/><F50/><W46/><G49/><T79/><D61/><U24/><E78/><V123/><F123/><N who="3" m="47147" /><G37/><T3/><D95/><U27/><E75/><V23/><F23/><W4/><G4/><T111/><D111/><N who="1" m="42539" /><E72/><V112/><F112/><W60/><G43/><T58/><D42/><U16/><E91/><V89/><F89/><W40/><G40/><T135/><REACH who="0" step="1"/><D58/><REACH who="0" ten="240,250,250,250" step="2"/><U109/><E57/><V62/><F130/><W59/><G59/><T7/><D7/><U85/><E109/><V48/><F125/><W9/><G60/><T47/><D47/><U55/><E51/><V14/><F48/><W8/><G68/><T102/><D102/><U26/><E92/><V39/><F62/><W64/><G70/><T82/><D82/><U87/><E85/><V0/><F39/><W74/><G74/><T41/><D41/><U56/><E87/><V30/><F127/><W126/><G126/><T104/><D104/><U99/><E56/><V21/><F30/><W12/><G64/><RYUUKYOKU ba="0,1" sc="240,30,250,-10,250,-10,250,-10" hai0="1,2,3,6,11,76,77,79,88,94,97,132,135" /><INIT seed="0,1,1,2,4,73" ten="270,240,240,240" oya="0" hai0="118,117,92,130,131,18,6,23,112,127,114,64,8" hai1="104,93,49,40,133,72,0,50,57,110,90,81,5" hai2="56,122,35,25,22,105,7,77,2,38,67,14,32" hai3="36,108,66,78,109,83,13,24,102,16,47,128,1"/><T124/><D64/><U135/><E104/><V15/><F38/><W115/><G115/><N who="0" m="44075" /><D92/><U60/><E110/><N who="3" m="42602" /><G128/><N who="0" m="49195" /><D18/><U31/><E31/><V120/><F77/><W20/><G1/><N who="0" m="79" /><D23/><U84/><E0/><V132/><F105/><W41/><G66/><T12/><D12/><U43/><E5/><V46/><F67/><W63/><G102/><T82/><D82/><U48/><E81/><V100/><F100/><W97/><G97/><T121/><D121/><U42/><REACH who="1" step="1"/><E72/><REACH who="1" ten="270,230,240,240" step="2"/><V54/><F2/><W10/><G83/><T126/><AGARI ba="1,2" hai="117,118,124,126,127" m="79,49195,44075" machi="126" ten="40,12000,1" yaku="18,1,19,1,23,1,34,2" doraHai="73" who="0" fromWho="0" sc="270,143,230,-41,240,-41,240,-41" /><INIT seed="0,2,0,0,1,32" ten="413,189,199,199" oya="0" hai0="57,56,127,93,97,20,101,12,87,8,104,119,111" hai1="98,18,74,116,61,118,13,14,88,129,78,99,35" hai2="67,76,123,21,36,103,4,2,16,96,113,65,128" hai3="110,79,51,59,15,37,73,7,89,43,124,92,40"/><T42/><D119/><U108/><E35/><V126/><F123/><W6/><G37/><T94/><D127/><U25/><E108/><V49/><F36/><W77/><G110/><T1/><D111/><U62/><E129/><V50/><F113/><W47/><G43/><T107/><D42/><U48/><E78/><N who="3" m="29706" /><G73/><T23/><D1/><U45/><E74/><V95/><F76/><W134/><G134/><T71/><D71/><U131/><E131/><V70/><F128/><W68/><G68/><T22/><D107/><U114/><E114/><V112/><F112/><W84/><G124/><T72/><D104/><U63/><E25/><V132/><F126/><W9/><G59/><T58/><D72/><U75/><E75/><V39/><F39/><W11/><G11/><T41/><D41/><U81/><E13/><V53/><F70/><W17/><AGARI ba="2,0" hai="6,7,9,15,17,40,47,51,84,89,92" m="29706" machi="17" ten="30,1100,0" yaku="8,1" doraHai="32" who="3" fromWho="3" sc="413,-7,189,-5,199,-5,199,17" /><INIT seed="1,0,0,4,3,97" ten="406,184,194,216" oya="1" hai0="29,115,36,83,111,57,47,76,1,44,2,37,61" hai1="98,107,81,85,94,23,38,7,101,131,22,105,19" hai2="16,116,42,20,134,43,87,54,109,49,106,71,18" hai3="6,122,79,78,102,108,100,120,80,66,88,13,117"/><U82/><E131/><V21/><F106/><W45/><G66/><T96/><D111/><U118/><E118/><V10/><F116/><W124/><G117/><T77/><D115/><U9/><E38/><V55/><F71/><W90/><G45/><T84/><D29/><U51/><E23/><V52/><F109/><W121/><G6/><T4/><D96/><U25/><E81/><V34/><F34/><W69/><G69/><T128/><D128/><U41/><E41/><N who="2" m="15371" /><F134/><W12/><G108/><T110/><D110/><U74/><E74/><V60/><F87/><W0/><G80/><T56/><D83/><U86/><E86/><V14/><F60/><W53/><G122/><T62/><D84/><U59/><E59/><N who="2" m="33231" /><F10/><W11/><G11/><T48/><D48/><U95/><E107/><V46/><F46/><W70/><G70/><T8/><D8/><U135/><E51/><V91/><F91/><W126/><G53/><T63/><D63/><U32/><E32/><V17/><F17/><W24/><G24/><AGARI ba="0,0" hai="14,16,18,20,21,24,52,55" m="33231,15371" machi="24" ten="30,3900,0" yaku="8,1,54,2" doraHai="97" who="2" fromWho="3" sc="406,0,184,0,194,39,216,-39" /><INIT seed="2,0,0,4,5,54" ten="406,184,233,177" oya="2" hai0="53,113,96,10,112,84,64,95,68,126,78,107,131" hai1="21,114,110,102,26,38,70,40,6,1,108,20,129" hai2="62,105,9,22,77,89,134,4,123,43,61,57,15" hai3="13,72,91,42,19,30,82,65,74,87,29,85,14"/><V60/><F123/><W86/><G42/><T24/><D24/><U35/><E114/><V2/><F105/><W92/><G74/><T109/><D10/><N who="1" m="2383" /><E102/><V75/><F134/><W90/><G72/><T100/><D64/><U28/><E70/><V81/><F89/><W124/><G124/><T66/><D53/><U5/><E40/><V130/><F130/><W0/><G0/><T128/><D109/><N who="1" m="42091" /><E38/><V32/><F32/><W3/><G3/><T88/><D126/><U50/><E50/><V25/><F43/><W101/><G101/><T115/><D66/><U63/><E63/><V99/><F99/><W73/><G73/><T127/><D68/><U27/><E129/><V31/><REACH who="2" step="1"/><F2/><REACH who="2" ten="406,184,223,177" step="2"/><W83/><G90/><N who="0" m="53703" /><D127/><U46/><E35/><V47/><F47/><W106/><G106/><T93/><D78/><U69/><E46/><V8/><F8/><N who="3" m="6567" /><G91/><T18/><D18/><N who="1" m="12567" /><E69/><V36/><F36/><W104/><G104/><T125/><D125/><U33/><E33/><V71/><F71/><W79/><G79/><T16/><D16/><U45/><E45/><V76/><F76/><W44/><G44/><T111/><D111/><U17/><E17/><V116/><F116/><W120/><G92/><T80/><D80/><N who="3" m="30761" /><G14/><T94/><D94/><U7/><AGARI ba="0,1" hai="5,7,21,27,28" m="12567,42091,2383" machi="7" ten="30,4000,0" yaku="14,1,34,2" doraHai="54" who="1" fromWho="1" sc="406,-10,184,50,223,-20,177,-10" /><INIT seed="3,0,0,1,0,116" ten="396,234,203,167" oya="3" hai0="37,81,119,0,120,34,26,48,63,62,52,32,70" hai1="104,115,82,33,30,96,118,71,103,86,11,53,49" hai2="64,67,69,94,57,75,43,24,14,76,79,77,117" hai3="58,109,46,92,99,133,105,98,10,87,2,112,47"/><W50/><G112/><T131/><D120/><U111/><E111/><V61/><F117/><W36/><G133/><T130/><D0/><U41/><E71/><V123/><F75/><W101/><G109/><T90/><D37/><U56/><E115/><V84/><F43/><W21/><G36/><T29/><D32/><U125/><E125/><V74/><F74/><W72/><G72/><T60/><D119/><U135/><E135/><V68/><F24/><W55/><G21/><T128/><D90/><U28/><E33/><V127/><F127/><W59/><G87/><T9/><D9/><U108/><E108/><V113/><F113/><W134/><G134/><T1/><D81/><U73/><E73/><V106/><F106/><W124/><G124/><T5/><D5/><U121/><E121/><V42/><F42/><W66/><G10/><T126/><D1/><U20/><E11/><V110/><F123/><W13/><G13/><T18/><D18/><U6/><E6/><V45/><F45/><W22/><G22/><T83/><D83/><U100/><E41/><V107/><F107/><W129/><G2/><T25/><D25/><U89/><E118/><V80/><F110/><W78/><G78/><N who="2" m="30313" /><F14/><W85/><G85/><T51/><D126/><U3/><E3/><V91/><F67/><W8/><G8/><T114/><D114/><U17/><E103/><V35/><F35/><W97/><G105/><T39/><D39/><U19/><E19/><V12/><F12/><AGARI ba="0,0" hai="12,17,20,28,30,49,53,56,82,86,89,96,100,104" machi="12" ten="30,1000,0" yaku="7,1" doraHai="116" who="1" fromWho="2" sc="396,0,234,10,203,-10,167,0" owari="396,49.6,244,4.4,193,-20.7,167,-33.3" /></mjloggm>