<mjloggm ver="2.3"><GO type="225" lobby="0"/><UN n0="%E5%B0%8F%E9%B3%A5%E9%81%8A%E7%B7%B4%E7%84%A1%32%31%E6%AD%B3" n1="%E3%83%B4%E3%83%A0%EF%BC%99%E3%81%A6" n2="%E3%81%BF%E3%82%84%E3%81%93%E3%82%93%EF%BC%91%EF%BC%90%E6%AD%B3" n3="%E8%83%83%E3%81%A8%E8%85%B8" dan="16,17,16,16" rate="2162.08,2127.91,2049.77,2179.24" sx="F,M,M,M"/><TAIKYOKU oya="0"/><INIT seed="0,0,0,1,5,0" ten="250,250,250,250" oya="0" hai0="63,45,85,113,119,122,95,54,109,35,55,46,10" hai1="135,118,114,134,23,120,68,70,61,32,43,40,127" hai2="92,69,41,124,25,131,2,28,8,117,47,86,51" hai3="123,64,9,89,7,88,29,17,22,50,53,34,103"/><T13/><D113/><U16/><E32/><V107/><F107/><W112/><G112/><T76/><D119/><U42/><E114/><V79/><F117/><W105/><G123/><T108/><D35/><U18/><E118/><V12/><F131/><W77/><G64/><T52/><D63/><U129/><E120/><V82/><F124/><W60/><G60/><T19/><D122/><U44/><E127/><V26/><F69/><W48/><G77/><T56/><D56/><U91/><E129/><V71/><F71/><W20/><G34/><T102/><D102/><U96/><E44/><V6/><F28/><W125/><G125/><T81/><REACH who="0" step="1"/><D95/><REACH who="0" ten="240,250,250,250" step="2"/><N who="1" m="56447" /><E61/><V87/><F2/><W4/><G103/><T58/><D58/><U111/><E111/><AGARI ba="0,1" hai="10,13,19,45,46,52,54,55,76,81,85,108,109,111" machi="111" ten="40,12000,1" yaku="1,1,14,1,10,1,54,1,53,0" doraHai="0" doraHaiUra="3" who="0" fromWho="1" sc="240,130,250,-120,250,0,250,0" /><INIT seed="0,1,0,1,0,76" ten="370,130,250,250" oya="0" hai0="65,135,113,45,31,28,107,73,18,24,93,57,83" hai1="123,108,127,82,131,71,68,9,43,115,95,105,104" hai2="49,39,40,8,21,128,102,130,41,125,70,121,99" hai3="122,1,4,29,25,129,114,90,37,124,132,118,86"/><T100/><D113/><U3/><E123/><V46/><F121/><W89/><G122/><T62/><D107/><U92/><E115/><V84/><F70/><W23/><G114/><T91/><D135/><U80/><E43/><V85/><F125/><W96/><G118/><T2/><D2/><U0/><E127/><V27/><F8/><W103/><G124/><T55/><D100/><U58/><E9/><V50/><F85/><W42/><G132/><T34/><D45/><U60/><E60/><V47/><F84/><W112/><G112/><T30/><D18/><U134/><E134/><V11/><F11/><W26/><G129/><T5/><D5/><U101/><E131/><V54/><F54/><W59/><G4/><T64/><D64/><U75/><E58/><V88/><F39/><W12/><G1/><T87/><REACH who="0" step="1"/><D65/><REACH who="0" ten="360,130,250,250" step="2"/><U111/><REACH who="1" step="1"/><E101/><REACH who="1" ten="360,120,250,250" step="2"/><V10/><F102/><W97/><G103/><T52/><D52/><U17/><E17/><V109/><F130/><W22/><G42/><T126/><D126/><U16/><E16/><N who="2" m="12711" /><F128/><W117/><G117/><T56/><D56/><U13/><E13/><V32/><F41/><W38/><G12/><T19/><D19/><U20/><E20/><V94/><F40/><W79/><G59/><T67/><D67/><U14/><E14/><V53/><F10/><W63/><G23/><T35/><D35/><U51/><E51/><V110/><F32/><W106/><G22/><T6/><D6/><U33/><E33/><V98/><F98/><W69/><G97/><T133/><D133/><U48/><E48/><N who="2" m="18539" /><F53/><W77/><G96/><RYUUKYOKU ba="1,2" sc="360,10,120,10,250,10,250,-30" hai0="24,28,30,31,34,55,57,62,73,83,87,91,93" hai1="0,3,68,71,75,80,82,92,95,104,105,108,111" hai2="46,47,88,94,99,109,110" /><INIT seed="0,2,2,1,2,100" ten="370,130,260,220" oya="0" hai0="82,114,77,42,129,68,75,60,83,61,39,94,105" hai1="17,115,70,2,46,91,48,34,51,1,111,23,131" hai2="116,11,63,93,134,54,47,35,119,53,97,80,0" hai3="69,14,121,31,27,118,10,135,108,110,36,30,109"/><T15/><D114/><U101/><E34/><V26/><F134/><W133/><G36/><T57/><D68/><U37/><E115/><V67/><F80/><W40/><G40/><T120/><D120/><U38/><E70/><V87/><F87/><W106/><G69/><T12/><D129/><U65/><E65/><V78/><F78/><W85/><G85/><T52/><D94/><U9/><E131/><V58/><F0/><W21/><G106/><T122/><D122/><U71/><E71/><V6/><F6/><N who="3" m="3415" /><G121/><T16/><D83/><U88/><E101/><V112/><F11/><W56/><G56/><T41/><D12/><U62/><E62/><V96/><F112/><W124/><G118/><N who="2" m="45097" /><F47/><W4/><G124/><T95/><D39/><U24/><E111/><V99/><F93/><W45/><G45/><T29/><D95/><U79/><E79/><V92/><F92/><W107/><G107/><T20/><D105/><U55/><E1/><V90/><F90/><W125/><G125/><T74/><D74/><U128/><E128/><V7/><F7/><W8/><G30/><AGARI ba="2,2" hai="26,30,35,53,54,58,63,67,96,97,99" m="45097" machi="30" ten="30,1000,0" yaku="12,1" doraHai="100" who="2" fromWho="3" sc="370,0,130,0,260,36,220,-16" /><INIT seed="1,0,0,4,5,48" ten="370,130,296,204" oya="1" hai0="114,51,12,88,2,116,65,111,46,36,135,15,20" hai1="67,86,80,81,10,99,17,83,14,126,97,115,64" hai2="101,102,131,82,68,129,112,98,8,58,96,108,33" hai3="40,19,3,6,71,95,125,76,61,31,91,32,41"/><U18/><E115/><V93/><F68/><W26/><G125/><T78/><D114/><U42/><E126/><V63/><F112/><W132/><G132/><T54/><D2/><U27/><E42/><V123/><F33/><W30/><G76/><T28/><D116/><U11/><E86/><V21/><F123/><W9/><G31/><T109/><D78/><U107/><E107/><V56/><F108/><N who="0" m="41546" /><D65/><U43/><E43/><V37/><F37/><W119/><G119/><T7/><D36/><U66/><REACH who="1" step="1"/><E27/><REACH who="1" ten="370,120,296,204" step="2"/><V62/><F129/><W90/><G40/><T113/><D113/><U104/><E104/><V85/><F131/><W0/><G41/><T127/><D127/><U75/><E75/><V133/><F85/><W35/><G26/><N who="0" m="16455" /><D135/><U79/><E79/><V77/><F77/><W87/><G87/><T103/><D7/><U45/><E45/><V1/><F133/><W53/><G6/><T121/><D121/><U39/><E39/><V106/><F106/><W73/><G73/><T52/><D46/><U134/><E134/><V34/><F98/><W72/><G72/><T128/><D128/><U105/><E105/><V110/><F96/><W50/><G95/><T74/><D74/><U59/><E59/><V117/><F93/><W92/><G92/><T69/><D69/><U70/><E70/><V44/><F117/><W60/><G71/><T29/><D103/><U57/><E57/><V122/><F122/><W84/><G84/><T118/><D118/><U22/><E22/><V120/><F120/><W23/><G23/><T4/><D4/><U55/><E55/><RYUUKYOKU ba="0,1" sc="370,-10,120,30,296,-10,204,-10" hai1="10,11,14,17,18,64,66,67,80,81,83,97,99" /><INIT seed="1,1,1,0,5,10" ten="360,150,286,194" oya="1" hai0="131,107,59,62,95,81,116,91,44,123,88,50,24" hai1="104,66,79,18,124,109,87,82,12,13,42,32,49" hai2="132,117,35,43,4,38,3,75,16,70,52,99,134" hai3="67,76,45,92,100,84,106,14,5,77,135,114,74"/><U86/><E104/><V96/><F117/><W115/><G135/><N who="2" m="51753" /><F70/><W19/><G74/><T56/><D107/><U57/><E32/><V83/><F35/><W120/><G120/><T26/><D116/><U11/><E124/><V53/><F4/><W101/><G106/><T55/><D131/><U113/><E113/><V15/><F3/><W130/><G130/><T121/><D59/><U9/><E109/><V23/><F43/><W54/><G5/><T30/><D81/><U20/><E87/><V125/><F38/><W98/><G101/><T105/><D105/><U103/><E103/><V58/><F125/><W64/><G115/><T17/><D17/><U31/><E31/><V40/><F40/><W85/><G114/><T108/><D108/><U94/><E94/><V102/><F58/><W119/><G119/><T0/><D0/><U28/><E28/><V51/><F51/><N who="3" m="29039" /><G85/><T97/><D91/><U47/><REACH who="1" step="1"/><E12/><REACH who="1" ten="360,140,286,194" step="2"/><V61/><F99/><W60/><G84/><T110/><D110/><U93/><E93/><N who="2" m="58639" /><F61/><AGARI ba="1,2" hai="9,11,13,18,20,42,47,49,57,61,66,79,82,86" machi="61" ten="40,12000,1" yaku="1,1,8,1,52,1,53,1" doraHai="10" doraHaiUra="41" who="1" fromWho="2" sc="360,0,140,143,286,-123,194,0" /><INIT seed="1,2,0,4,1,79" ten="360,283,163,194" oya="1" hai0="85,5,95,60,120,27,122,41,93,133,9,132,0" hai1="125,10,119,36,71,130,135,109,64,61,33,96,8" hai2="7,59,84,13,38,46,17,78,24,42,76,72,40" hai3="35,90,12,92,1,69,108,29,58,123,103,101,37"/><U129/><E119/><V21/><F72/><W80/><G69/><T44/><D60/><U20/><E33/><V91/><F42/><W55/><G1/><T67/><D67/><U34/><E34/><V88/><F91/><W99/><G123/><N who="0" m="47147" /><D27/><U54/><E36/><V16/><F59/><W118/><G118/><T15/><D0/><U104/><E125/><V89/><F89/><W30/><G108/><T47/><D47/><U52/><E109/><V39/><F7/><W74/><G37/><N who="0" m="21551" /><D85/><U28/><E135/><AGARI ba="2,0" hai="5,9,15,93,95,132,133,135" m="21551,47147" machi="135" ten="30,2000,0" yaku="20,1,13,1" doraHai="79" who="0" fromWho="1" sc="360,26,283,-26,163,0,194,0" /><INIT seed="2,0,0,5,2,51" ten="386,257,163,194" oya="2" hai0="62,77,39,127,98,53,7,23,49,3,32,59,117" hai1="27,34,75,72,28,52,79,128,19,108,2,125,80" hai2="37,43,90,13,110,18,86,63,107,88,101,132,122" hai3="93,83,105,91,67,21,33,96,25,82,85,30,112"/><V8/><F122/><W4/><G112/><T74/><D127/><U31/><E2/><V1/><F132/><W87/><G33/><T100/><D32/><U89/><E125/><V81/><F110/><W65/><G105/><T6/><D39/><U115/><E115/><V92/><F1/><W46/><G4/><T5/><D3/><U84/><E108/><V48/><F37/><W36/><G36/><T131/><D131/><U42/><E42/><V15/><F63/><W70/><G70/><T103/><D117/><U29/><E128/><V129/><F129/><W94/><G46/><T109/><D109/><U60/><E19/><V133/><F133/><W104/><G104/><T102/><D77/><U73/><REACH who="1" step="1"/><E79/><REACH who="1" ten="386,247,163,194" step="2"/><V64/><F64/><N who="3" m="24651" /><G96/><T120/><D120/><U50/><E50/><V12/><F43/><W106/><G106/><T114/><D114/><U61/><E61/><V126/><F126/><W41/><G41/><T54/><D98/><U35/><E35/><V14/><F48/><W47/><G47/><N who="0" m="27839" /><D74/><U22/><E22/><AGARI ba="0,1" hai="5,6,7,22,23,54,59,62,100,102,103" m="27839" machi="22" ten="30,3900,0" yaku="8,1,52,2" doraHai="51" who="0" fromWho="1" sc="386,49,247,-39,163,0,194,0" /><INIT seed="3,0,0,0,0,108" ten="435,208,163,194" oya="3" hai0="89,88,40,129,24,107,62,32,48,19,45,91,80" hai1="99,55,63,46,6,75,82,70,97,4,14,130,34" hai2="53,64,86,92,102,90,61,106,78,49,123,16,68" hai3="1,10,112,44,0,36,124,73,41,66,76,47,25"/><W28/><G124/><T2/><D2/><U116/><E34/><V100/><F123/><W105/><G66/><T13/><D107/><U31/><E31/><V83/><F106/><W81/><G105/><T42/><D129/><U39/><E130/><V94/><F94/><W134/><G134/><T54/><D32/><U27/><E27/><V113/><F113/><W74/><G112/><T59/><D24/><U37/><E37/><V98/><REACH who="2" step="1"/><F16/><REACH who="2" ten="435,208,153,194" step="2"/><W119/><G119/><T20/><D80/><U21/><E82/><V57/><AGARI ba="0,1" hai="49,53,57,61,64,68,78,83,86,90,92,98,100,102" machi="57" ten="20,5200,0" yaku="1,1,2,1,0,1,7,1,53,0" doraHai="108" doraHaiUra="122" who="2" fromWho="2" sc="435,-13,208,-13,153,62,194,-26" owari="422,52.2,195,-20.5,215,1.5,168,-33.2" /></mjloggm>