<mjloggm ver="2.3"><GO type="225" lobby="0"/><UN n0="%43%68%65" n1="%72%69%6F%75%63%68%61%6E" n2="%E5%80%89%E6%A9%8B%EF%BC%A0%E4%BA%8B%E5%8B%99" n3="%E3%83%B4%E3%82%A3%E3%83%AF%E3%82%B3%E3%82%B0%E3%83%8B" dan="16,17,16,16" rate="2089.96,2244.72,2044.13,2168.17" sx="M,M,M,M"/><TAIKYOKU oya="0"/><INIT seed="0,0,0,2,1,119" ten="250,250,250,250" oya="0" hai0="31,11,29,78,17,19,62,46,115,7,124,71,14" hai1="1,82,9,4,69,102,2,30,74,27,21,129,128" hai2="120,96,10,13,16,85,66,56,24,39,33,58,47" hai3="61,130,104,0,103,72,90,75,38,106,20,123,99"/><T92/><D115/><U25/><E69/><V50/><F120/><W26/><G0/><T52/><D124/><U77/><E1/><V34/><F39/><W81/><G38/><T94/><D78/><U76/><E102/><V15/><F96/><W53/><G106/><T91/><D71/><U5/><E5/><V101/><F101/><W44/><G130/><T43/><D94/><U28/><REACH who="1" step="1"/><E76/><REACH who="1" ten="250,240,250,250" step="2"/><V118/><F118/><W18/><G103/><T32/><D7/><U64/><E64/><V54/><F66/><W79/><G79/><T23/><D91/><U116/><E116/><V87/><F34/><AGARI ba="0,1" hai="2,4,9,21,25,27,28,30,34,74,77,82,128,129" machi="34" ten="40,2600,0" yaku="1,1,53,1" doraHai="119" doraHaiUra="35" who="1" fromWho="2" sc="250,0,240,36,250,-26,250,0" /><INIT seed="1,0,0,2,5,119" ten="250,276,224,250" oya="1" hai0="0,122,29,30,48,38,100,47,132,123,2,8,72" hai1="107,59,25,101,128,41,87,61,105,65,18,134,66" hai2="68,115,22,103,121,63,54,104,13,82,120,133,17" hai3="39,20,35,7,81,131,69,6,4,135,95,117,113"/><U78/><E128/><V53/><F104/><W62/><G39/><T85/><D72/><U99/><E134/><V42/><F103/><W58/><G35/><T26/><D38/><U28/><E41/><V79/><F42/><W116/><G69/><T64/><D132/><U126/><E126/><V97/><F133/><W130/><G135/><T90/><D64/><U16/><E107/><V5/><F5/><W46/><G46/><T125/><D100/><U111/><E111/><V118/><F118/><N who="3" m="45675" /><G113/><T73/><D73/><U56/><E78/><V27/><F115/><W44/><G44/><T67/><D67/><U55/><E87/><V43/><F43/><W24/><G95/><N who="0" m="54735" /><D125/><U21/><REACH who="1" step="1"/><E66/><REACH who="1" ten="250,266,224,250" step="2"/><V106/><F106/><W94/><G81/><T108/><D108/><U23/><E23/><V75/><F97/><W19/><G94/><T36/><D8/><U52/><E52/><AGARI ba="0,1" hai="4,6,7,19,20,24,52,58,62,130,131" m="45675" machi="52" ten="30,2000,0" yaku="12,1,54,1" doraHai="119" who="3" fromWho="1" sc="250,0,266,-20,224,0,250,30" /><INIT seed="2,0,0,5,3,37" ten="250,246,224,280" oya="2" hai0="36,124,121,111,29,79,38,118,73,4,12,86,58" hai1="49,91,110,51,14,132,2,47,102,19,114,44,22" hai2="130,41,35,117,87,42,99,98,43,11,126,104,24" hai3="32,1,100,76,30,66,122,74,0,113,75,55,109"/><V105/><F117/><W25/><G122/><T60/><D121/><U120/><E110/><V10/><F87/><W89/><G109/><T27/><D73/><U112/><E132/><V94/><F130/><W69/><G89/><T59/><D111/><U134/><E134/><V20/><F35/><W48/><G113/><T46/><D124/><U8/><E120/><V84/><F126/><W119/><G119/><T80/><D118/><U72/><E72/><V78/><F105/><W83/><G100/><T68/><D68/><U23/><E102/><N who="2" m="60759" /><F104/><W6/><G6/><T123/><D123/><U16/><E91/><V106/><F106/><W82/><G66/><T67/><D59/><U64/><E64/><V77/><F99/><W133/><G69/><T97/><D46/><U17/><E2/><V71/><F71/><W15/><G15/><T54/><D97/><U128/><E128/><V85/><F85/><W125/><G133/><T131/><D67/><U101/><E101/><V5/><F5/><W115/><G115/><T39/><D131/><U63/><E63/><V28/><F78/><W34/><G34/><T53/><D53/><N who="1" m="29863" /><E114/><V7/><F7/><W127/><G127/><T57/><D57/><U13/><E112/><V65/><F65/><W52/><G55/><T50/><D60/><U62/><E62/><V88/><F77/><N who="3" m="44351" /><G125/><T81/><D81/><AGARI ba="0,0" hai="10,11,20,24,28,41,42,43,81,84,88" m="60759" machi="81" ten="30,12000,1" yaku="8,1,52,3,54,1" doraHai="37" who="2" fromWho="0" sc="250,-120,246,0,224,120,280,0" /><INIT seed="2,1,0,2,0,91" ten="130,246,344,280" oya="2" hai0="26,121,77,8,13,111,50,74,15,45,124,46,39" hai1="83,9,21,64,33,131,99,101,57,18,120,106,118" hai2="135,48,53,62,24,25,89,23,2,59,1,132,68" hai3="40,81,82,116,35,93,65,127,96,37,78,130,72"/><V128/><F128/><W73/><G35/><T92/><D121/><U110/><E118/><V28/><F68/><W134/><G116/><T84/><D111/><U56/><E110/><V51/><F51/><W90/><G130/><T126/><D39/><U58/><E131/><V44/><F25/><W20/><G134/><T5/><D74/><U70/><E33/><V22/><F22/><W30/><G65/><T49/><D26/><U104/><E120/><V115/><F115/><W42/><G127/><T129/><D129/><U36/><E36/><V63/><F63/><W11/><G11/><T75/><D75/><U86/><E9/><V43/><REACH who="2" step="1"/><F89/><REACH who="2" ten="130,246,334,280" step="2"/><W54/><G37/><T79/><D126/><U109/><E109/><V6/><F6/><W66/><G20/><T119/><D124/><U32/><E32/><V107/><F107/><W123/><G123/><T108/><D119/><U105/><E70/><V76/><F76/><W16/><G78/><T31/><D108/><U97/><E64/><V4/><F4/><W34/><G66/><T60/><D60/><U7/><E7/><V88/><F88/><W114/><G90/><N who="0" m="53319" /><D31/><U14/><E101/><V41/><F41/><W52/><G40/><N who="0" m="24743" /><D5/><U100/><E100/><V125/><F125/><W38/><G42/><N who="0" m="24919" /><D8/><U12/><E12/><AGARI ba="1,1" hai="12,13,15,77,79" m="24919,24743,53319" machi="12" ten="30,2000,0" yaku="8,1,52,1" doraHai="91" who="0" fromWho="1" sc="130,33,246,-23,334,0,280,0" /><INIT seed="3,0,0,4,5,85" ten="163,223,334,280" oya="3" hai0="106,38,97,133,127,15,30,101,16,104,65,131,62" hai1="50,8,37,128,105,58,55,130,86,111,52,96,4" hai2="108,122,19,125,98,28,72,14,115,35,23,90,77" hai3="21,116,82,118,129,59,123,89,10,94,25,39,20"/><W100/><G123/><T78/><D127/><U84/><E111/><V102/><F115/><W76/><G39/><T12/><D131/><N who="1" m="50219" /><E37/><V93/><F125/><W120/><G129/><T46/><D133/><U42/><E42/><V2/><F2/><W45/><G120/><T56/><D30/><U18/><E18/><V51/><F108/><W57/><G100/><T32/><D32/><U92/><E105/><V87/><F122/><W9/><G45/><T48/><D38/><U99/><E55/><V5/><F5/><W124/><G124/><T0/><D0/><N who="1" m="7" /><E99/><V91/><F19/><W71/><G71/><T27/><D106/><U119/><E119/><V66/><F98/><W3/><G3/><T79/><D27/><U75/><E75/><V68/><F72/><W43/><G43/><T107/><D107/><U88/><AGARI ba="0,0" hai="50,52,58,84,86,88,92,96" m="7,50219" machi="88" ten="30,7900,0" yaku="19,1,52,1,54,2" doraHai="85" who="1" fromWho="1" sc="163,-20,223,79,334,-20,280,-39" owari="143,-35.7,302,10.2,314,41.4,241,-15.9" /></mjloggm>