<mjloggm ver="2.3"><GO type="225" lobby="0"/><UN n0="%E4%B8%89%E5%86%A0%E7%8E%8B%E3%83%BB%E5%B1%B1%E7%94%B0%E5%93%B2%E4%BA%BA" n1="%E2%91%A3%E9%81%BF%E9%81%8A%E6%88%AF%E3%80%90%E6%9D%B1%E5%8D%97%E3%80%91" n2="%E3%81%A1%E3%82%85%E3%81%86%E3%81%A9%E3%81%8F%E8%B1%A1%E3%81%95%E3%82%93" n3="%6D%75%75%6D%75%72%61" dan="16,16,17,17" rate="2151.24,2110.04,2131.13,2193.10" sx="M,M,M,F"/><TAIKYOKU oya="0"/><INIT seed="0,0,0,5,0,125" ten="250,250,250,250" oya="0" hai0="21,59,28,17,119,100,83,73,75,10,78,89,110" hai1="84,12,45,11,6,133,47,15,96,106,90,43,114" hai2="70,127,62,124,1,30,91,33,135,29,2,65,97" hai3="72,52,103,128,7,63,87,9,58,49,66,3,102"/><T86/><D119/><U95/><E133/><V0/><F135/><W126/><G126/><N who="2" m="48169" /><F33/><W105/><G72/><T38/><D38/><U109/><E114/><V92/><AGARI ba="0,0" hai="0,1,2,29,30,62,65,70,91,92,97" m="48169" machi="92" ten="40,1500,0" yaku="18,1" doraHai="125" who="2" fromWho="2" sc="250,-7,250,-4,250,15,250,-4" /><INIT seed="1,0,0,3,3,126" ten="243,246,265,246" oya="1" hai0="66,92,16,28,67,14,114,70,93,132,82,13,0" hai1="38,74,123,22,53,55,105,134,52,107,46,131,76" hai2="79,69,40,6,94,23,90,96,37,4,110,72,116" hai3="47,83,111,73,100,10,44,113,26,112,133,42,130"/><U89/><E123/><V41/><F116/><W34/><G111/><T117/><D0/><U119/><E119/><V33/><F33/><W11/><G133/><T5/><D117/><U65/><E134/><V3/><F69/><W95/><G130/><T43/><D132/><U61/><E89/><V98/><F23/><W30/><G73/><T81/><D28/><U129/><E22/><V128/><F110/><W9/><G83/><N who="0" m="31755" /><D43/><N who="1" m="22903" /><E76/><V102/><F79/><W21/><G34/><T80/><D70/><N who="1" m="42287" /><E74/><V97/><F72/><W78/><G78/><T103/><D80/><U50/><E107/><V62/><F3/><W20/><G44/><T48/><D114/><U101/><E101/><V120/><F120/><W77/><G77/><T36/><D36/><U31/><E31/><V24/><F24/><W25/><G95/><N who="0" m="36427" /><D103/><U7/><E105/><V17/><F37/><W84/><G84/><T27/><D48/><U99/><E99/><V39/><F39/><W88/><G100/><T124/><D124/><U57/><E7/><V109/><F109/><W87/><G112/><T12/><D5/><U49/><E55/><V85/><F102/><W64/><G113/><T19/><D27/><N who="3" m="10249" /><G30/><T71/><D71/><U125/><E125/><V127/><F127/><W29/><G29/><T104/><D104/><U18/><E18/><AGARI ba="0,0" hai="12,13,14,16,18,19,66,67" m="36427,31755" machi="18" ten="30,7700,0" yaku="28,2,8,1,54,1" doraHai="126" who="0" fromWho="1" sc="243,77,246,-77,265,0,246,0" /><INIT seed="2,0,0,1,1,77" ten="320,169,265,246" oya="2" hai0="116,75,135,60,89,5,46,119,92,41,128,32,101" hai1="110,130,114,48,91,69,120,59,68,90,44,20,42" hai2="8,15,12,127,22,10,17,51,18,35,63,49,129" hai3="103,66,93,7,54,4,19,109,96,2,133,83,86"/><V6/><F127/><W16/><G109/><T72/><D32/><U98/><E110/><V39/><F39/><W29/><G133/><T38/><D135/><U117/><E117/><N who="0" m="45129" /><D101/><U45/><E114/><V14/><F129/><W106/><G106/><T37/><D37/><U85/><E130/><V95/><F35/><W30/><G66/><T126/><D128/><U71/><E120/><V9/><F95/><W31/><G54/><T115/><D115/><U36/><E20/><N who="2" m="11303" /><F63/><W28/><G28/><T67/><D5/><N who="3" m="2121" /><G2/><T80/><D92/><U23/><E23/><N who="2" m="11735" /><F51/><W125/><G125/><T81/><D126/><U82/><E59/><V94/><F94/><W73/><G73/><N who="0" m="28235" /><D89/><AGARI ba="0,0" hai="16,19,29,30,31,83,86,89,93,96,103" m="2121" machi="89" ten="30,3900,0" yaku="8,1,52,1,54,1" doraHai="77" who="3" fromWho="0" sc="320,-39,169,0,265,0,246,39" /><INIT seed="3,0,0,3,5,99" ten="281,169,265,285" oya="3" hai0="65,57,11,38,120,92,47,81,43,95,127,1,85" hai1="5,74,116,20,105,89,60,14,107,125,54,28,3" hai2="45,33,49,101,119,56,32,50,17,29,2,90,102" hai3="80,79,133,113,100,58,24,129,10,103,18,70,98"/><W75/><G113/><T117/><D117/><U126/><E74/><V135/><F119/><W86/><G70/><T108/><D120/><U44/><E116/><V77/><F2/><W40/><G129/><T9/><D108/><U35/><E107/><V66/><F77/><W131/><G131/><T97/><D95/><U91/><E105/><V53/><F135/><W7/><G133/><T22/><D1/><U122/><E122/><V6/><F6/><W8/><G75/><T123/><D127/><N who="1" m="48651" /><E3/><V19/><F32/><W64/><G40/><T48/><D22/><U93/><E35/><V27/><F90/><W118/><G118/><T12/><D12/><U23/><E28/><V130/><F130/><W128/><G128/><T67/><D123/><U71/><E91/><V96/><F66/><N who="0" m="25098" /><D57/><N who="1" m="34871" /><E44/><V132/><F132/><W59/><G98/><T94/><D38/><U55/><E55/><V21/><F96/><W36/><G36/><T34/><D34/><U72/><E72/><V83/><F83/><W121/><G121/><T61/><D94/><U82/><E82/><V31/><F31/><W134/><G134/><T112/><D61/><U37/><E37/><V114/><F114/><W68/><G68/><T63/><D63/><U15/><E71/><V46/><F56/><N who="3" m="21547" /><G64/><T42/><D112/><U52/><E52/><N who="2" m="29743" /><F33/><W78/><G78/><N who="0" m="46263" /><D42/><U0/><E0/><V26/><F29/><W69/><G69/><T16/><D16/><U13/><E5/><V84/><F84/><AGARI ba="0,0" hai="13,14,15,20,23,84,89,93" m="34871,48651" machi="84" ten="30,1000,0" yaku="18,1" doraHai="99" who="1" fromWho="2" sc="281,0,169,10,265,-10,285,0" /><INIT seed="4,0,0,1,5,97" ten="281,179,255,285" oya="0" hai0="87,36,0,82,115,75,40,10,81,21,119,105,63" hai1="38,103,72,107,2,67,35,123,133,62,126,31,125" hai2="69,94,48,117,16,122,86,33,112,7,116,92,104" hai3="106,5,110,65,88,32,13,100,15,20,19,128,9"/><T6/><D119/><N who="2" m="45642" /><F122/><W76/><G110/><T44/><D115/><U23/><E123/><V24/><F104/><W45/><G32/><T73/><D105/><U26/><E23/><N who="2" m="13415" /><F69/><W90/><G128/><T55/><D81/><U70/><E133/><V34/><F7/><W111/><G111/><T29/><D29/><U22/><E22/><V18/><F112/><W89/><G76/><T113/><D113/><U83/><E38/><V131/><F131/><W50/><G65/><T85/><D21/><U60/><E60/><V41/><F18/><W3/><G3/><T91/><REACH who="0" step="1"/><D87/><REACH who="0" ten="271,179,255,285" step="2"/><U108/><E108/><V124/><F86/><W127/><G106/><T99/><D99/><N who="1" m="61951" /><E2/><V39/><F33/><W129/><G129/><T114/><D114/><U52/><E52/><V57/><F34/><W30/><G30/><T135/><D135/><U134/><E134/><V49/><F92/><W66/><G20/><T37/><D37/><U101/><E101/><V93/><F94/><W121/><G100/><T74/><D74/><U96/><E96/><V68/><F93/><W61/><G121/><T25/><D25/><U80/><E80/><V79/><F39/><W132/><G132/><T77/><D77/><AGARI ba="0,1" hai="26,31,35,62,67,70,72,77,83,125,126" m="61951" machi="77" ten="30,3900,0" yaku="25,1,23,1,52,1" doraHai="97" who="1" fromWho="0" sc="271,-39,179,49,255,0,285,0" /><INIT seed="5,0,0,3,1,78" ten="232,228,255,285" oya="1" hai0="89,56,10,17,54,114,123,113,121,52,109,115,25" hai1="80,48,126,91,47,101,50,59,110,6,3,12,111" hai2="96,28,97,76,71,72,128,93,43,8,49,86,65" hai3="85,74,14,105,69,31,130,1,134,119,129,106,64"/><U81/><E3/><V7/><F72/><W104/><G1/><T36/><D109/><N who="1" m="41483" /><E101/><V62/><F128/><W53/><G74/><T133/><D36/><U41/><E126/><V75/><F75/><W39/><G39/><T23/><D133/><U100/><E100/><V112/><F112/><W79/><G134/><T16/><D89/><U37/><E91/><V132/><F132/><W99/><G99/><T60/><D54/><N who="1" m="32215" /><E37/><V11/><F28/><W9/><G31/><N who="0" m="17855" /><D10/><AGARI ba="0,0" hai="6,10,12,41,47,48,80,81" m="32215,41483" machi="10" ten="30,5800,0" yaku="10,1,52,2" doraHai="78" who="1" fromWho="0" sc="232,-58,228,58,255,0,285,0" /><INIT seed="5,1,0,5,5,98" ten="174,286,255,285" oya="1" hai0="23,114,59,111,67,5,60,50,63,65,94,100,84" hai1="29,14,53,91,27,22,73,21,79,108,10,75,2" hai2="38,13,107,11,16,81,77,117,62,40,3,125,119" hai3="28,30,66,72,80,33,6,55,41,69,110,101,90"/><U18/><E108/><V93/><F107/><W48/><G110/><T52/><D111/><U106/><E106/><V47/><F125/><W39/><G6/><T68/><D114/><U61/><E79/><V99/><F62/><N who="3" m="40151" /><G33/><T126/><D126/><U97/><E2/><V43/><F43/><W105/><G90/><T118/><D118/><U45/><E22/><V128/><F128/><W132/><G80/><T131/><D131/><U46/><E73/><V15/><F15/><W70/><G72/><T83/><D5/><U64/><E75/><V26/><F26/><W129/><G70/><T124/><D124/><U104/><E53/><V122/><F122/><W109/><G109/><T102/><D94/><N who="1" m="56543" /><E104/><V24/><F24/><W78/><G78/><T49/><D23/><U54/><E64/><V1/><F1/><W127/><G127/><T116/><D116/><U130/><E130/><V7/><F7/><W19/><G129/><T113/><D113/><U76/><E76/><V42/><F42/><W8/><G41/><T56/><D49/><U35/><E35/><V135/><F135/><W112/><G39/><T82/><D82/><U88/><E88/><AGARI ba="1,0" hai="50,52,56,59,60,63,65,67,68,83,84,88,100,102" machi="88" ten="30,8000,1" yaku="7,1,52,2,54,2" doraHai="98" who="0" fromWho="1" sc="174,83,286,-83,255,0,285,0" /><INIT seed="6,0,0,2,2,53" ten="257,203,255,285" oya="2" hai0="21,17,16,72,7,126,40,60,31,44,23,28,114" hai1="109,118,93,74,129,57,135,65,38,108,130,95,110" hai2="12,68,79,124,42,22,120,43,84,48,78,96,117" hai3="123,37,112,52,13,92,3,29,1,116,66,125,41"/><V88/><F120/><W80/><G123/><T99/><D72/><U94/><E38/><V105/><F117/><W10/><G116/><T101/><D7/><U111/><N who="1" m="27648" /><DORA hai="24" /><U64/><E118/><V4/><F68/><W39/><G66/><T61/><D114/><U9/><E74/><V103/><F124/><W100/><G3/><T36/><D126/><U71/><E135/><V76/><F48/><W81/><G1/><T34/><D34/><U97/><E9/><V73/><F73/><W82/><G41/><T55/><D17/><U27/><E27/><V30/><F4/><N who="3" m="3271" /><G125/><T121/><D121/><U58/><E97/><V75/><F75/><W91/><G100/><T50/><D23/><U86/><E86/><V102/><F102/><W87/><G39/><T6/><D6/><U132/><E132/><V113/><F113/><W2/><G2/><T8/><D8/><U18/><E18/><V20/><F12/><W56/><G37/><T46/><D60/><U35/><E35/><V32/><F32/><W77/><G112/><T67/><D67/><N who="1" m="25675" /><E71/><V70/><F70/><W134/><G134/><T85/><D61/><U49/><E49/><V104/><F104/><W62/><G77/><T51/><D36/><U119/><E119/><V26/><REACH who="2" step="1"/><F20/><REACH who="2" ten="257,203,245,285" step="2"/><W47/><G62/><T19/><D21/><U98/><E98/><V107/><F107/><W83/><G87/><T69/><D85/><U14/><E14/><V59/><F59/><AGARI ba="0,1" hai="57,58,59,93,94,95,129,130" m="25675,27648" machi="59" ten="70,8000,1" yaku="28,2,52,3" doraHai="53,24" who="1" fromWho="2" sc="257,0,203,90,245,-80,285,0" /><INIT seed="7,0,0,2,1,21" ten="257,293,165,285" oya="3" hai0="38,103,127,55,16,14,67,90,1,101,107,0,33" hai1="20,85,24,17,115,96,42,3,122,77,102,51,39" hai2="11,53,30,109,12,66,71,121,32,75,130,41,10" hai3="82,13,118,62,99,56,49,98,78,57,15,94,65"/><W52/><G118/><T25/><D38/><U114/><E122/><V63/><F121/><W80/><G98/><T105/><D67/><U50/><E3/><V23/><F109/><W111/><G111/><T97/><D127/><U126/><E126/><V28/><F130/><W60/><G49/><T113/><D90/><U48/><E77/><V18/><F75/><W110/><G110/><T2/><D113/><N who="1" m="43019" /><E85/><V86/><F41/><W35/><G35/><T9/><D55/><U45/><E39/><V8/><F86/><N who="3" m="48407" /><G82/><T76/><D76/><U133/><E133/><V72/><F72/><W68/><G68/><T59/><D59/><U84/><E84/><V91/><F91/><AGARI ba="0,0" hai="13,15,52,56,57,60,62,65,91,94,99" m="48407" machi="91" ten="30,2900,0" yaku="8,1,54,1" doraHai="21" who="3" fromWho="2" sc="257,0,293,0,165,-29,285,29" owari="257,-14.3,293,9.3,136,-36.4,314,41.4" /></mjloggm>