<mjloggm ver="2.3"><GO type="225" lobby="0"/><UN n0="%74%61%6B%75%61%6B%61" n1="%E3%81%A6%E3%81%A4%EF%BC%A3" n2="%E6%97%A5%E6%9B%9C%E6%97%A5%E3%82%88%E3%82%8A%E3%81%AE%E4%BD%BF%E8%80%85" n3="%E7%99%BD%E9%9B%AA%E4%B9%83%E6%84%9B" dan="16,16,17,16" rate="2174.77,2070.14,2152.09,2065.61" sx="M,M,M,F"/><TAIKYOKU oya="0"/><INIT seed="0,0,0,2,2,126" ten="250,250,250,250" oya="0" hai0="79,44,96,26,103,11,129,89,118,12,95,100,51" hai1="112,9,7,76,69,19,113,119,85,49,80,20,123" hai2="90,24,2,53,106,71,1,78,36,35,87,74,4" hai3="92,127,56,23,102,94,14,135,108,17,32,109,97"/><T130/><D118/><U39/><E123/><V128/><F71/><W116/><G116/><T16/><D79/><U31/><E119/><V67/><F36/><W82/><G32/><T45/><D26/><U18/><E39/><V8/><F67/><W115/><G115/><N who="1" m="44106" /><E69/><V66/><F66/><W25/><G127/><T50/><D50/><U43/><E31/><V22/><F106/><W28/><G135/><T70/><D70/><U117/><E20/><V61/><F35/><W125/><G125/><T110/><D110/><U41/><E117/><V64/><F64/><W93/><G82/><T3/><D3/><U59/><E59/><V52/><F61/><W83/><G83/><T42/><D44/><N who="1" m="25743" /><E43/><V5/><F22/><N who="3" m="11575" /><G56/><T38/><D38/><U81/><E80/><N who="2" m="45143" /><F24/><W133/><G133/><T122/><D122/><U54/><E54/><N who="2" m="21099" /><F2/><AGARI ba="0,0" hai="2,7,9,18,19,76,81,85" m="25743,44106" machi="2" ten="30,1000,0" yaku="11,1" doraHai="126" who="1" fromWho="2" sc="250,0,250,10,250,-10,250,0" /><INIT seed="1,0,0,4,5,96" ten="250,260,240,250" oya="1" hai0="83,58,8,125,30,15,110,32,105,39,4,27,16" hai1="75,66,94,54,61,44,79,47,86,73,21,84,26" hai2="89,9,132,108,135,106,118,116,35,121,76,93,12" hai3="104,38,13,7,53,62,97,70,57,107,113,131,17"/><U34/><E34/><V64/><F106/><W80/><G113/><T78/><D110/><U129/><E129/><V48/><F35/><W77/><G38/><T114/><D125/><U119/><E119/><V122/><F64/><W109/><G109/><T52/><D114/><U130/><E130/><V67/><F67/><W120/><G131/><T25/><D105/><U5/><E5/><V55/><F55/><W98/><G120/><N who="2" m="46185" /><F48/><W41/><G41/><T43/><D43/><U92/><E54/><V74/><F12/><W128/><G128/><T87/><D39/><U102/><E73/><V36/><F9/><W3/><G70/><T1/><D25/><U63/><E75/><V10/><F10/><W46/><G46/><T42/><D42/><U60/><E66/><V68/><F68/><W11/><G107/><T123/><D123/><U117/><E117/><N who="2" m="45163" /><F36/><W88/><G104/><T49/><REACH who="0" step="1"/><D1/><REACH who="0" ten="240,260,240,250" step="2"/><U6/><E79/><V22/><F108/><W133/><G77/><T100/><D100/><U65/><E102/><V101/><F101/><W40/><G40/><T18/><AGARI ba="0,1" hai="4,8,15,16,18,27,30,32,49,52,58,78,83,87" machi="18" ten="30,7900,0" yaku="1,1,0,1,54,2,53,0" doraHai="96" doraHaiUra="95" who="0" fromWho="0" sc="240,89,260,-39,240,-20,250,-20" /><INIT seed="2,0,0,5,3,43" ten="329,221,220,230" oya="2" hai0="86,108,45,120,92,129,68,126,69,22,61,122,4" hai1="91,100,82,34,62,15,54,35,18,60,84,30,64" hai2="127,103,111,97,5,109,124,25,9,65,8,38,114" hai3="73,72,50,80,63,96,125,116,99,24,33,66,105"/><V77/><F38/><W29/><G116/><T46/><D4/><U112/><E112/><V102/><F114/><W1/><G1/><T19/><D108/><N who="2" m="41546" /><F77/><W14/><G125/><N who="2" m="48201" /><F65/><W76/><G73/><T128/><D126/><U110/><E100/><N who="2" m="38443" /><F97/><W55/><G105/><T23/><D120/><U7/><E110/><V10/><F25/><W87/><G72/><T119/><D122/><U94/><E7/><AGARI ba="0,0" hai="5,7,8,9,10" m="38443,48201,41546" machi="7" ten="40,12000,1" yaku="28,2,14,1,10,1,18,1" doraHai="43" who="2" fromWho="1" sc="329,0,221,-120,220,120,230,0" /><INIT seed="2,1,0,3,2,130" ten="329,101,340,230" oya="2" hai0="82,110,105,101,111,62,24,72,47,114,71,45,104" hai1="77,129,52,112,115,85,128,74,27,88,23,1,17" hai2="43,51,36,135,117,46,12,16,113,64,67,49,126" hai3="2,73,20,50,103,96,33,10,60,132,133,18,87"/><V119/><F113/><N who="1" m="43593" /><E1/><V97/><F97/><W68/><G73/><T40/><D114/><U55/><E74/><V80/><F80/><W5/><G33/><T81/><D24/><U70/><E77/><V11/><F126/><W6/><G6/><T19/><D19/><U56/><E70/><V42/><F135/><N who="3" m="51787" /><G87/><T79/><D82/><N who="1" m="49207" /><E56/><V32/><F32/><W29/><G50/><T98/><D105/><U92/><E92/><V127/><F127/><W106/><G29/><T84/><D84/><U116/><E116/><V89/><F51/><W131/><G131/><AGARI ba="1,0" hai="17,23,27,52,55,128,129,131" m="49207,43593" machi="131" ten="30,3900,0" yaku="19,1,54,2" doraHai="130" who="1" fromWho="3" sc="329,0,101,42,340,0,230,-42" /><INIT seed="3,0,0,1,2,48" ten="329,143,340,188" oya="3" hai0="131,1,9,128,85,116,15,13,40,120,67,5,41" hai1="79,59,88,57,134,55,8,94,4,80,38,47,106" hai2="53,34,92,73,100,129,130,10,119,17,43,71,29" hai3="117,20,19,23,44,30,39,62,16,97,37,122,76"/><W125/><G117/><T109/><D120/><U127/><E106/><V25/><F119/><W12/><G122/><T105/><D116/><U22/><E134/><V32/><F71/><W49/><G125/><T87/><D105/><U103/><E127/><V66/><F66/><W28/><G76/><T86/><D109/><U75/><E103/><V84/><F73/><W3/><G3/><T64/><D1/><U2/><E22/><V114/><F114/><W21/><G62/><T102/><D102/><U132/><E132/><V14/><F43/><N who="0" m="16458" /><D15/><U61/><E59/><V50/><F34/><W60/><G97/><T54/><D54/><U111/><E111/><V91/><REACH who="2" step="1"/><F100/><REACH who="2" ten="329,143,330,188" step="2"/><W77/><G37/><T101/><D101/><U135/><E135/><V6/><F6/><W35/><G39/><T110/><D110/><U112/><E38/><V11/><F11/><W78/><G35/><T104/><D104/><U93/><E112/><V45/><AGARI ba="0,1" hai="10,14,17,25,29,32,45,50,53,84,91,92,129,130" machi="45" ten="30,4000,0" yaku="1,1,0,1,52,1,53,0" doraHai="48" doraHaiUra="58" who="2" fromWho="2" sc="329,-10,143,-10,330,50,188,-20" owari="319,11.9,133,-36.7,380,48.0,168,-23.2" /></mjloggm>