<mjloggm ver="2.3"><GO type="225" lobby="0"/><UN n0="%E3%81%8B%E3%82%8F%E3%81%A1%E3%82%83%E3%82%93%35%38" n1="%E3%81%BF%E3%81%BF%E3%81%9A" n2="%E5%8F%AF%E5%85%90%E9%82%A3%E7%94%B1%E5%A4%9A" n3="%6D%75%75%6D%75%72%61" dan="16,16,17,16" rate="2205.41,2191.38,2171.67,2063.02" sx="M,M,F,F"/><TAIKYOKU oya="0"/><INIT seed="0,0,0,0,5,10" ten="250,250,250,250" oya="0" hai0="73,97,84,16,45,48,11,127,132,126,120,32,21" hai1="98,14,129,15,81,5,58,20,103,87,31,82,35" hai2="113,104,75,22,78,115,30,85,63,80,130,131,61" hai3="4,25,117,17,36,107,13,7,50,134,100,34,125"/><T18/><D32/><U64/><E35/><V57/><F104/><W123/><G36/><T27/><D73/><U99/><E129/><N who="2" m="49163" /><F75/><W76/><G117/><T77/><D120/><U33/><E33/><V110/><F110/><W9/><G123/><T67/><D132/><U54/><E64/><N who="2" m="38959" /><F63/><W1/><G134/><T62/><D97/><U68/><E68/><V42/><F42/><W102/><G125/><T19/><D84/><U94/><E99/><V91/><F78/><W53/><G76/><T111/><D77/><N who="1" m="46511" /><E5/><V49/><F49/><W118/><G107/><T86/><D86/><U124/><E82/><V44/><F44/><W72/><G72/><T92/><D92/><U41/><E41/><V74/><F74/><W51/><G7/><T106/><D106/><U12/><E124/><N who="0" m="47657" /><D111/><U114/><E114/><V47/><F47/><W128/><G118/><T6/><D67/><U116/><E116/><V89/><F89/><W71/><G71/><T52/><D62/><N who="1" m="36183" /><E31/><V112/><F112/><W60/><G128/><T56/><D56/><U105/><E105/><V2/><F2/><AGARI ba="0,0" hai="2,6,11,16,18,19,21,27,45,48,52" m="47657" machi="2" ten="30,5800,0" yaku="18,1,54,2" doraHai="10" who="0" fromWho="2" sc="250,58,250,0,250,-58,250,0" /><INIT seed="0,1,0,5,3,42" ten="308,250,192,250" oya="0" hai0="116,80,93,8,17,125,99,27,46,64,24,28,13" hai1="47,113,69,35,83,85,115,55,30,5,58,68,130" hai2="16,88,19,21,2,101,43,14,25,77,45,118,33" hai3="44,37,20,59,109,87,38,129,74,124,119,10,91"/><T123/><D123/><U79/><E130/><V22/><F118/><W66/><G119/><T62/><D116/><U49/><E5/><V122/><F122/><W112/><G74/><T106/><D106/><U107/><E107/><V128/><F128/><W9/><G112/><N who="1" m="43082" /><E30/><V53/><F2/><W117/><G117/><T54/><D125/><U57/><E35/><V1/><F1/><W103/><G109/><T15/><D80/><U95/><E95/><V7/><F33/><W134/><G103/><T29/><D15/><U75/><E75/><V100/><F77/><W132/><G129/><T131/><D131/><U26/><E26/><V11/><F53/><W98/><G124/><T110/><D27/><U133/><E133/><V6/><F6/><W73/><G73/><T23/><D110/><U82/><E82/><V72/><F72/><W126/><G126/><T61/><D29/><U56/><AGARI ba="1,0" hai="47,49,55,56,57,58,68,69,79,83,85" m="43082" machi="56" ten="30,2000,0" yaku="11,1,52,1" doraHai="42" who="1" fromWho="1" sc="308,-11,250,23,192,-6,250,-6" /><INIT seed="1,0,0,4,0,48" ten="297,273,186,244" oya="1" hai0="6,46,49,77,90,87,38,69,127,50,63,51,14" hai1="64,29,101,2,118,65,123,130,39,104,106,70,78" hai2="5,125,119,20,75,110,82,122,76,105,81,124,58" hai3="56,96,126,92,132,45,83,108,44,37,21,91,135"/><U3/><E118/><V31/><F5/><W133/><G108/><T72/><D72/><U79/><E29/><V113/><F119/><W66/><G126/><N who="2" m="48745" /><F105/><W55/><G37/><T53/><D77/><U80/><E101/><V0/><F0/><W93/><G66/><T61/><D38/><U97/><E39/><V16/><F31/><W10/><G83/><T107/><D107/><U26/><E80/><V42/><F122/><W129/><G129/><T68/><D14/><U7/><E26/><V57/><F110/><W25/><G93/><T84/><D84/><U98/><E7/><V114/><F42/><W40/><G10/><T94/><D6/><U117/><E117/><V111/><F82/><W59/><G59/><N who="2" m="22537" /><F111/><W54/><G56/><T67/><D127/><U34/><E123/><V13/><AGARI ba="0,0" hai="13,16,20,75,76,81,113,114" m="22537,48745" machi="13" ten="30,2000,0" yaku="18,1,54,1" doraHai="48" who="2" fromWho="2" sc="297,-5,273,-10,186,20,244,-5" /><INIT seed="2,0,0,3,0,71" ten="292,263,206,239" oya="2" hai0="104,63,76,42,60,41,118,126,0,134,11,10,59" hai1="69,88,101,20,58,70,84,121,102,12,68,97,64" hai2="43,39,62,115,45,47,73,113,92,34,90,28,112" hai3="44,128,75,91,116,107,105,54,78,52,82,119,117"/><V135/><F73/><W110/><G110/><T22/><D104/><U65/><E121/><V80/><F135/><W9/><G128/><T31/><D76/><U13/><E20/><V111/><F111/><W7/><G91/><T57/><D0/><U79/><E79/><V124/><F124/><W16/><G16/><T53/><D118/><U66/><E58/><V123/><F123/><W109/><G109/><T94/><D94/><U77/><E77/><V3/><F3/><W25/><G25/><N who="0" m="16823" /><D134/><U98/><E84/><V100/><F62/><W120/><G120/><T23/><D23/><U21/><E21/><V132/><F132/><W18/><G18/><T74/><D74/><U130/><E88/><V27/><F80/><W61/><G54/><N who="0" m="33847" /><D126/><U83/><E83/><V51/><F100/><N who="1" m="38505" /><E130/><V93/><REACH who="2" step="1"/><F90/><REACH who="2" ten="292,263,196,239" step="2"/><W72/><G72/><T36/><D36/><U33/><E33/><V129/><F129/><W133/><G133/><T37/><D37/><U17/><E69/><V14/><F14/><W125/><G125/><T106/><D106/><U56/><E70/><V122/><F122/><W46/><G107/><T131/><D131/><U49/><E68/><V108/><F108/><W86/><G105/><T85/><D63/><U19/><E12/><V1/><F1/><N who="3" m="239" /><G75/><T55/><D59/><U24/><E13/><V5/><F5/><W30/><G61/><T114/><D114/><U15/><E15/><V6/><F6/><W4/><G4/><T81/><D10/><U96/><BYE who="0" /><E24/><V67/><F67/><UN n0="%E3%81%8B%E3%82%8F%E3%81%A1%E3%82%83%E3%82%93%35%38" /><W95/><G119/><T35/><D11/><U38/><E66/><RYUUKYOKU ba="0,1" sc="292,-10,263,-10,196,30,239,-10" hai2="27,28,34,39,43,45,47,51,92,93,112,113,115" /><INIT seed="2,1,1,5,3,133" ten="282,253,226,229" oya="2" hai0="70,41,102,57,14,12,83,21,5,35,91,0,110" hai1="7,56,87,121,132,127,6,113,134,10,69,54,104" hai2="129,48,76,43,19,80,93,61,94,59,86,3,55" hai3="116,128,16,39,49,135,23,17,92,30,118,95,71"/><V1/><F129/><W112/><G39/><T117/><D70/><U72/><E113/><V15/><F1/><W58/><G71/><T53/><D35/><U75/><E104/><V97/><F3/><W18/><G128/><T109/><D117/><U34/><E69/><V52/><F43/><W99/><G135/><N who="1" m="51754" /><E121/><V65/><F48/><W9/><G112/><T13/><D102/><U46/><E34/><V73/><F73/><W68/><G68/><T125/><D125/><U82/><E46/><V20/><REACH who="2" step="1"/><F94/><REACH who="2" ten="282,253,216,229" step="2"/><W11/><G95/><T106/><D41/><U120/><E120/><V114/><F114/><W51/><G116/><T60/><D106/><U103/><E75/><V88/><AGARI ba="1,2" hai="15,19,20,52,55,59,61,65,76,80,86,88,93,97" machi="88" ten="20,18000,2" yaku="1,1,0,1,7,1,8,1,54,2,53,1" doraHai="133" doraHaiUra="63" who="2" fromWho="2" sc="282,-61,253,-61,216,203,229,-61" /><INIT seed="2,2,0,1,0,38" ten="221,192,419,168" oya="2" hai0="125,113,99,72,47,43,108,57,26,111,61,123,120" hai1="35,86,100,17,12,46,5,83,19,73,114,18,59" hai2="103,77,74,45,88,53,4,105,48,126,95,68,42" hai3="27,10,115,82,79,58,107,3,80,96,101,30,49"/><V65/><F126/><W106/><G115/><T1/><D72/><U20/><E114/><V44/><F4/><W75/><G107/><T13/><D1/><U94/><E35/><V40/><F45/><W50/><G80/><T78/><D78/><U98/><E73/><V122/><F122/><N who="0" m="46634" /><D13/><U70/><E70/><V117/><F117/><W2/><G10/><T60/><D26/><U84/><E46/><V110/><F110/><N who="0" m="42026" /><D113/><U25/><E59/><V7/><F7/><W131/><G131/><T56/><D99/><U104/><E104/><V127/><F127/><W133/><G133/><T23/><D23/><U36/><E36/><V69/><F103/><W135/><G135/><T129/><D125/><U97/><E97/><V16/><F105/><W119/><G119/><T118/><D118/><U102/><E102/><V22/><F77/><W63/><G3/><T54/><D129/><U41/><E41/><V24/><F74/><W32/><REACH who="3" step="1"/><G2/><REACH who="3" ten="221,192,419,158" step="2"/><T71/><D71/><U15/><E5/><V37/><F69/><W21/><G21/><T8/><D8/><N who="1" m="6279" /><E83/><V62/><F37/><W89/><G89/><T0/><D0/><U34/><E34/><V130/><F130/><W51/><G51/><N who="0" m="27135" /><D57/><U55/><E100/><V124/><F124/><W31/><G31/><T109/><D109/><U81/><E81/><V66/><F68/><W76/><G76/><T9/><D9/><N who="1" m="6511" /><E94/><V29/><F95/><W67/><AGARI ba="2,1" hai="27,30,32,49,50,58,63,67,75,79,82,96,101,106" machi="67" ten="20,2700,0" yaku="1,1,0,1,7,1,53,0" doraHai="38" doraHaiUra="132" who="3" fromWho="3" sc="221,-9,192,-9,419,-15,158,43" /><INIT seed="3,0,0,1,0,92" ten="212,183,404,201" oya="3" hai0="91,0,57,27,85,30,111,79,35,17,129,52,93" hai1="20,107,15,59,51,73,123,8,115,130,66,65,50" hai2="110,38,80,96,135,6,34,88,101,127,81,114,4" hai3="46,87,24,117,124,44,62,7,49,119,74,1,76"/><W72/><G124/><T40/><D0/><U19/><E73/><V82/><F114/><W120/><G120/><T9/><D40/><U105/><E115/><V43/><F34/><W12/><G1/><T133/><D79/><U134/><E123/><V3/><F127/><W61/><G24/><T121/><D121/><U53/><E130/><V39/><F110/><W98/><G74/><T99/><D111/><U11/><E134/><V125/><F125/><W5/><G72/><T21/><D129/><U28/><E107/><V75/><F135/><W95/><G44/><T106/><D133/><U22/><E105/><V36/><F75/><W64/><G117/><T63/><D9/><U104/><E104/><V29/><F29/><W108/><G108/><T113/><D113/><U103/><E103/><V126/><F126/><W86/><G119/><T112/><D112/><U45/><E8/><V55/><F101/><N who="3" m="60639" /><G12/><T25/><D106/><U69/><E69/><V58/><F3/><W23/><G23/><N who="1" m="8746" /><E28/><V26/><F26/><W37/><G37/><T102/><D102/><U77/><E77/><V60/><F43/><N who="3" m="24799" /><G76/><T71/><D85/><N who="3" m="32265" /><G64/><N who="1" m="24682" /><E45/><V94/><AGARI ba="0,0" hai="4,6,36,38,39,55,58,60,80,81,82,88,94,96" machi="94" ten="40,5200,0" yaku="0,1,52,1,54,1" doraHai="92" who="2" fromWho="2" sc="212,-13,183,-13,404,52,201,-26" owari="199,-0.1,170,-33.0,456,55.6,175,-22.5" /></mjloggm>