<mjloggm ver="2.3"><GO type="225" lobby="0"/><UN n0="%28%EF%BF%A3%E2%96%BD%EF%BF%A3%29%CE%B4%E2%8C%92%E3%83%BB" n1="%72%61%6B%33" n2="%E3%81%99%E3%81%84%E3%81%BE%E3%81%9B%E3%83%BC%E3%82%93" n3="%E3%82%B2%E3%82%B9%E8%8C%82%E5%8B%9D" dan="16,16,17,16" rate="2103.66,2117.51,2216.16,2048.31" sx="M,M,M,F"/><TAIKYOKU oya="0"/><INIT seed="0,0,0,0,4,48" ten="250,250,250,250" oya="0" hai0="5,80,83,127,40,124,74,120,16,130,54,25,132" hai1="89,131,18,6,68,118,135,71,90,133,72,61,13" hai2="87,94,3,125,114,64,104,107,20,30,1,108,14" hai3="122,117,31,50,37,36,88,84,35,55,95,22,4"/><T113/><D113/><U85/><E118/><V116/><F114/><W98/><G117/><T128/><D120/><U63/><E72/><V32/><F116/><W86/><G122/><T38/><D5/><U102/><E6/><V110/><F125/><N who="0" m="48202" /><D74/><U45/><E102/><V123/><F123/><W53/><G35/><T21/><D40/><U93/><E45/><V66/><F32/><W99/><G4/><T103/><D38/><U112/><E112/><V7/><F30/><W115/><G115/><T29/><D103/><U52/><E131/><N who="0" m="50217" /><D29/><U75/><E75/><V65/><F3/><W12/><G36/><T111/><D111/><U26/><E26/><V0/><F0/><W82/><G37/><T51/><D132/><U96/><E135/><V10/><F1/><W121/><G121/><T92/><D92/><U19/><E133/><V67/><F110/><W106/><G106/><T134/><D134/><U41/><E41/><V119/><F119/><W69/><G69/><T49/><D49/><U56/><E63/><V76/><F107/><W15/><G50/><T39/><D39/><U46/><E71/><V58/><F104/><W23/><G31/><T44/><AGARI ba="0,0" hai="16,21,25,44,51,54,80,83" m="50217,48202" machi="44" ten="30,11700,0" yaku="18,1,19,1,52,1,54,1" doraHai="48" who="0" fromWho="0" sc="250,117,250,-39,250,-39,250,-39" /><INIT seed="0,1,0,2,1,35" ten="367,211,211,211" oya="0" hai0="5,40,44,60,89,84,25,39,48,29,115,106,58" hai1="50,9,78,74,88,133,131,20,112,110,79,14,41" hai2="91,111,27,129,119,69,102,128,0,96,33,70,86" hai3="103,107,57,105,49,16,19,28,63,1,95,93,34"/><T94/><D106/><U37/><E37/><V65/><F111/><W53/><G1/><T75/><D75/><U92/><E110/><V116/><F0/><W113/><G113/><T124/><D115/><U98/><E112/><V108/><F108/><W4/><G4/><T66/><D124/><U17/><E131/><N who="2" m="50251" /><F65/><W32/><G49/><T130/><D130/><U2/><E133/><V23/><F33/><W62/><G57/><T26/><D5/><U123/><E123/><V15/><F15/><W64/><G53/><T127/><D127/><U118/><E118/><N who="2" m="45099" /><F86/><W18/><G18/><T6/><D6/><U22/><E2/><V97/><F91/><W134/><G64/><T73/><D73/><U51/><E74/><V7/><F7/><W42/><G103/><T47/><REACH who="0" step="1"/><D29/><REACH who="0" ten="357,211,211,211" step="2"/><U52/><E41/><AGARI ba="1,1" hai="25,26,39,40,41,44,47,48,58,60,66,84,89,94" machi="41" ten="30,12000,1" yaku="1,1,2,1,7,1,53,2" doraHai="35" doraHaiUra="36" who="0" fromWho="1" sc="357,133,211,-123,211,0,211,0" /><INIT seed="0,2,0,4,0,96" ten="490,88,211,211" oya="0" hai0="113,105,51,104,134,1,115,73,24,27,74,131,116" hai1="76,6,80,122,126,0,93,70,81,39,20,37,53" hai2="109,118,125,87,123,42,3,15,99,67,107,108,38" hai3="78,97,12,34,94,111,46,29,83,117,17,26,101"/><T57/><D1/><U128/><E122/><V55/><F3/><W13/><G111/><T61/><D51/><U36/><E126/><V100/><F123/><W9/><G117/><T69/><D69/><U65/><E128/><V59/><F125/><W19/><G46/><T88/><D116/><U82/><E76/><V63/><F118/><W28/><G28/><T54/><D131/><U58/><E20/><V133/><F133/><W102/><G94/><T35/><D134/><U66/><E70/><V48/><F15/><W92/><G92/><T77/><D88/><U18/><E18/><V86/><F42/><W98/><G97/><T23/><D35/><U10/><REACH who="1" step="1"/><E93/><REACH who="1" ten="490,78,211,211" step="2"/><V30/><F30/><W33/><G34/><T90/><D23/><U56/><E56/><V2/><F109/><W129/><G129/><T8/><D57/><U89/><E89/><V47/><F108/><W11/><G98/><T91/><D90/><U50/><AGARI ba="2,1" hai="0,6,10,36,37,39,50,53,58,65,66,80,81,82" machi="50" ten="40,2700,0" yaku="1,1,0,1,53,0" doraHai="96" doraHaiUra="124" who="1" fromWho="1" sc="490,-15,78,43,211,-9,211,-9" /><INIT seed="1,0,0,1,4,28" ten="475,121,202,202" oya="1" hai0="0,44,107,120,98,94,56,48,103,30,2,102,73" hai1="22,24,78,41,110,35,51,79,18,105,38,91,34" hai2="19,108,84,92,111,104,76,68,99,114,85,17,31" hai3="40,125,74,135,69,115,116,23,93,86,16,71,77"/><U42/><E38/><V134/><F134/><W1/><G115/><T95/><D73/><U97/><E110/><N who="2" m="42027" /><F104/><W127/><G1/><T58/><D120/><U43/><E51/><V109/><F114/><W47/><G135/><T106/><D30/><U67/><E67/><V20/><F68/><W133/><G133/><T132/><D132/><U57/><E57/><V4/><F4/><W64/><G116/><T45/><D48/><U6/><E6/><V59/><F59/><W27/><G74/><T101/><D101/><U61/><E61/><V75/><F75/><W130/><G130/><T129/><D98/><U33/><REACH who="1" step="1"/><E91/><REACH who="1" ten="475,111,202,202" step="2"/><N who="2" m="55711" /><F109/><W83/><G64/><T122/><D122/><U37/><E37/><V3/><F76/><W25/><G69/><T81/><D129/><U80/><E80/><AGARI ba="0,1" hai="0,2,44,45,56,58,80,81,94,95,102,103,106,107" machi="80" ten="25,1600,0" yaku="22,2" doraHai="28" who="0" fromWho="1" sc="475,26,111,-16,202,0,202,0" /><INIT seed="2,0,0,5,3,121" ten="501,95,202,202" oya="2" hai0="23,127,14,62,20,104,55,80,134,94,93,8,27" hai1="36,1,63,97,18,10,131,40,120,117,60,126,56" hai2="90,82,84,16,39,108,133,112,34,135,115,32,61" hai3="30,89,42,21,70,5,58,111,7,98,83,101,9"/><V38/><F61/><W116/><G116/><T31/><D104/><U45/><E117/><V53/><F53/><W51/><G70/><T86/><D127/><U125/><E97/><V122/><F122/><W103/><G111/><T47/><D134/><N who="2" m="51210" /><F108/><W110/><G110/><T100/><D23/><U28/><E120/><V87/><F16/><W68/><G68/><T65/><D100/><U106/><E106/><V75/><F75/><W4/><G9/><T50/><D62/><U107/><E107/><V95/><F39/><W24/><G58/><T76/><D65/><U73/><E73/><V85/><F38/><W72/><G72/><T64/><D64/><U19/><E28/><V132/><N who="2" m="51218" /><V74/><DORA hai="102" /><F74/><W91/><G91/><T92/><D92/><U22/><E63/><V0/><F0/><W11/><G11/><T77/><D76/><U48/><E36/><V114/><F84/><N who="3" m="50335" /><G98/><T119/><D119/><U57/><E10/><V79/><AGARI ba="0,0" hai="32,34,79,82,85,87,90,95,112,114,115" m="51218" machi="79" ten="50,2400,0" yaku="20,1" doraHai="121,102" who="2" fromWho="2" sc="501,-8,95,-8,202,24,202,-8" /><INIT seed="2,1,0,3,2,47" ten="493,87,226,194" oya="2" hai0="61,22,75,113,81,135,33,0,62,88,38,121,32" hai1="100,127,98,110,34,12,119,80,58,48,21,82,85" hai2="133,99,51,67,126,23,8,74,30,86,90,46,102" hai3="43,13,68,3,131,115,125,66,57,73,69,107,6"/><V130/><F74/><W84/><G84/><T10/><D38/><U52/><E110/><V36/><F130/><W24/><G13/><T19/><D113/><U15/><E127/><V87/><F126/><W2/><G24/><T41/><D41/><U29/><E119/><V96/><F133/><W72/><G125/><T44/><D44/><U114/><E114/><V124/><F36/><W26/><G26/><T45/><D45/><U104/><E34/><V92/><F67/><W120/><G115/><T16/><D135/><U42/><E42/><V65/><F65/><W101/><G43/><T35/><D121/><U122/><E122/><V116/><F116/><W50/><G120/><T63/><D19/><U11/><E29/><V123/><F123/><W129/><G66/><T18/><D18/><U71/><E71/><V53/><F8/><W9/><G2/><T93/><D81/><U91/><E21/><V108/><F108/><W83/><G83/><T64/><D75/><U5/><REACH who="1" step="1"/><E82/><REACH who="1" ten="493,77,226,194" step="2"/><V78/><F124/><W89/><G69/><T118/><D118/><U20/><E20/><V112/><F112/><W70/><G68/><T134/><D35/><U117/><E117/><V17/><F30/><W4/><G70/><T1/><D32/><U111/><E111/><V77/><F23/><W25/><G129/><T79/><D33/><U56/><E56/><V27/><F46/><W40/><G57/><T54/><D22/><U60/><E60/><V55/><F27/><W109/><G131/><T103/><D63/><U37/><E37/><V31/><F31/><W106/><G109/><RYUUKYOKU ba="1,1" sc="493,-10,77,30,226,-10,194,-10" hai1="5,11,12,15,48,52,58,80,85,91,98,100,104" /><INIT seed="3,2,1,0,3,9" ten="483,107,216,184" oya="3" hai0="1,93,60,79,92,26,132,118,103,119,85,95,75" hai1="14,112,12,32,2,134,4,127,109,78,90,111,34" hai2="25,87,23,102,72,22,21,101,57,20,107,35,11" hai3="48,70,80,71,0,69,125,5,19,96,36,105,117"/><W129/><G117/><T40/><D1/><U3/><E78/><V44/><F72/><W58/><G36/><T83/><D40/><U37/><E37/><V133/><F133/><W43/><G125/><T84/><D60/><U91/><E4/><V24/><F35/><N who="1" m="13353" /><E112/><V100/><F107/><W99/><G129/><T86/><D26/><U55/><E55/><V16/><F44/><W28/><G28/><T88/><D132/><U39/><E39/><V54/><F87/><N who="0" m="33354" /><D103/><U130/><E134/><V114/><F114/><W7/><G80/><AGARI ba="2,1" hai="75,79,80,83,86,88,92,93,95,118,119" m="33354" machi="80" ten="30,3900,0" yaku="34,2,54,1" doraHai="9" who="0" fromWho="3" sc="483,55,107,0,216,0,184,-45" owari="538,63.8,107,-39.3,216,1.6,139,-26.1" /></mjloggm>