<mjloggm ver="2.3"><GO type="225" lobby="0"/><UN n0="%74%61%6B%65%2D%79%6F%75" n1="%6D%75%75%6D%75%72%61" n2="%E9%80%86%E9%80%A3%E5%B8%AF%E3%81%AE%E9%AC%BC" n3="%E3%81%82%E3%81%84%E3%81%82%E3%81%8A%E3%81%84" dan="16,16,16,18" rate="2158.92,2139.32,2142.24,2221.90" sx="M,F,M,M"/><TAIKYOKU oya="0"/><INIT seed="0,0,0,4,5,14" ten="250,250,250,250" oya="0" hai0="10,99,130,97,122,61,37,107,43,52,120,86,112" hai1="74,133,77,111,95,55,6,17,22,11,68,131,24" hai2="64,121,135,4,58,92,106,117,82,48,115,28,25" hai3="63,79,83,104,7,47,19,60,94,49,105,124,128"/><T116/><D112/><U80/><E131/><V21/><F135/><W35/><G35/><T59/><D116/><U1/><E133/><V100/><F121/><W76/><G128/><T27/><D130/><U126/><E111/><V75/><F117/><W34/><G34/><T30/><D86/><U65/><E126/><V0/><F115/><W3/><G124/><T57/><D10/><U39/><E39/><V103/><F106/><W38/><G38/><T9/><D9/><U81/><E68/><V12/><F0/><W129/><G129/><T16/><D37/><U40/><E40/><V46/><F75/><W15/><G94/><T101/><D43/><U2/><E65/><V53/><F82/><W56/><G7/><T119/><D119/><U50/><E80/><V118/><F118/><W132/><G3/><T5/><D5/><U98/><E11/><N who="2" m="4199" /><F92/><W125/><G125/><T29/><D97/><U67/><E67/><V73/><F73/><W134/><G79/><T62/><D122/><U84/><E74/><V33/><F33/><W42/><G132/><T44/><D44/><U108/><E6/><V71/><F71/><W123/><G134/><T114/><D114/><U78/><E78/><V88/><F88/><W41/><G41/><T96/><D96/><U18/><E108/><V89/><F89/><W85/><G123/><T66/><REACH who="0" step="1"/><D120/><REACH who="0" ten="240,250,250,250" step="2"/><U127/><E127/><V23/><F46/><W72/><G72/><T110/><D110/><U113/><E113/><V36/><F36/><W32/><G85/><T91/><D91/><N who="1" m="55679" /><E1/><V93/><F103/><W31/><G76/><RYUUKYOKU ba="0,1" sc="240,30,250,-10,250,-10,250,-10" hai0="16,27,29,30,52,57,59,61,62,66,99,101,107" /><INIT seed="0,1,1,3,2,49" ten="270,240,240,240" oya="0" hai0="21,42,66,84,106,125,75,72,123,44,24,47,62" hai1="48,0,92,129,67,131,69,51,99,112,80,55,54" hai2="23,87,3,71,126,101,16,111,6,31,83,76,60" hai3="46,25,95,100,74,33,43,119,77,9,85,45,14"/><T17/><D123/><U93/><E0/><V113/><F113/><W108/><G108/><T37/><D125/><U64/><E112/><V38/><F111/><W27/><G119/><T135/><D135/><U11/><E11/><V90/><F126/><W52/><G74/><T110/><D110/><U13/><E13/><V96/><F38/><W28/><G27/><T10/><D106/><U18/><E18/><V109/><F109/><W81/><G43/><T121/><D121/><U107/><E80/><V56/><F71/><W97/><REACH who="3" step="1"/><G52/><REACH who="3" ten="270,240,240,230" step="2"/><T105/><D24/><U120/><E120/><V118/><F118/><W35/><G35/><T20/><D42/><U15/><E54/><V58/><F60/><W103/><G103/><T79/><D62/><U117/><E55/><V102/><F102/><W94/><G94/><T114/><D75/><U127/><E117/><V34/><F34/><W116/><G116/><T61/><D72/><U128/><E127/><V22/><F101/><W134/><G134/><T132/><D61/><N who="1" m="40079" /><E107/><V122/><F122/><W1/><G1/><T5/><D105/><U41/><E92/><V57/><F3/><W130/><G130/><T12/><D132/><U29/><E41/><V115/><F115/><W30/><G30/><T63/><D114/><U32/><E29/><V68/><F31/><W73/><G73/><T53/><D53/><U36/><E32/><V98/><F83/><W19/><AGARI ba="1,2" hai="9,14,19,25,28,33,45,46,77,81,85,95,97,100" machi="19" ten="20,2700,0" yaku="1,1,0,1,7,1,53,0" doraHai="49" doraHaiUra="70" who="3" fromWho="3" sc="270,-14,240,-8,240,-8,230,50" /><INIT seed="1,0,0,5,5,86" ten="256,232,232,280" oya="1" hai0="25,96,94,83,42,92,52,130,120,36,115,79,103" hai1="51,30,4,123,106,72,40,131,10,117,126,50,124" hai2="8,104,98,18,58,54,95,23,38,110,59,77,127" hai3="87,55,20,7,46,62,22,85,34,119,84,68,78"/><U70/><E117/><V112/><F110/><W113/><G34/><T65/><D115/><U21/><E123/><V32/><F127/><N who="1" m="48681" /><E106/><V74/><F32/><W67/><G113/><T122/><D130/><U109/><E131/><V47/><F104/><W73/><G119/><T19/><D65/><U24/><E70/><V43/><F112/><W17/><G7/><T44/><D92/><U89/><E72/><V49/><F8/><W3/><G3/><T29/><D19/><U37/><E109/><V128/><F128/><W133/><G133/><T60/><D60/><U101/><E101/><V102/><F77/><W111/><G111/><T114/><D114/><U41/><E89/><V16/><F74/><W2/><G2/><T28/><D52/><U116/><E116/><V27/><REACH who="2" step="1"/><F18/><REACH who="2" ten="256,232,222,280" step="2"/><W61/><G17/><T90/><D79/><U121/><E121/><V57/><AGARI ba="0,1" hai="16,23,27,38,43,47,49,54,57,58,59,95,98,102" machi="57" ten="20,8000,1" yaku="1,1,2,1,0,1,7,1,54,1,53,0" doraHai="86" doraHaiUra="132" who="2" fromWho="2" sc="256,-20,232,-40,222,90,280,-20" /><INIT seed="2,0,0,3,2,89" ten="236,192,312,260" oya="2" hai0="79,53,48,19,39,78,81,129,36,22,59,99,54" hai1="103,6,13,118,68,101,83,87,32,72,120,73,7" hai2="93,114,98,8,52,109,60,20,4,69,5,28,111" hai3="106,82,84,61,31,97,45,91,33,88,66,113,34"/><V26/><F114/><W135/><G135/><T47/><D129/><U58/><E118/><V67/><F52/><W74/><G113/><T21/><D99/><U75/><E68/><V14/><REACH who="2" step="1"/><F4/><REACH who="2" ten="236,192,302,260" step="2"/><W29/><G66/><T126/><D53/><U3/><E7/><V27/><F27/><W112/><G112/><T133/><D54/><U65/><E6/><V40/><F40/><W122/><G122/><T128/><D133/><U94/><E120/><V38/><F38/><W104/><G61/><T130/><D36/><U24/><E24/><V105/><F105/><W25/><G25/><T70/><D39/><U80/><E65/><V1/><F1/><W124/><G106/><T119/><D128/><U86/><E3/><V121/><F121/><W37/><G104/><T12/><D130/><U131/><E131/><V127/><F127/><W10/><G37/><T108/><D126/><U23/><E13/><V96/><F96/><W64/><G97/><T56/><D12/><U42/><E42/><V41/><F41/><W102/><G64/><T0/><D0/><U71/><E32/><V123/><F123/><W49/><G34/><T85/><D119/><U57/><E103/><AGARI ba="0,1" hai="5,8,14,20,26,28,60,67,69,93,98,103,109,111" machi="103" ten="40,3900,0" yaku="1,1,52,1,53,0" doraHai="89" doraHaiUra="77" who="2" fromWho="1" sc="236,0,192,-39,302,49,260,0" /><INIT seed="2,1,0,4,3,2" ten="236,153,351,260" oya="2" hai0="59,125,133,126,3,36,82,120,7,65,39,19,74" hai1="54,75,51,35,132,78,122,88,121,98,25,123,106" hai2="31,21,44,86,37,108,92,10,56,40,0,115,62" hai3="97,127,87,57,85,50,17,4,42,1,76,112,14"/><V130/><F115/><W91/><G127/><N who="0" m="48651" /><D120/><U83/><E132/><V101/><F130/><W81/><G112/><T94/><D133/><U124/><E124/><V58/><F108/><W99/><G1/><T64/><D94/><U9/><E106/><V102/><F86/><W95/><G4/><T47/><D19/><U134/><E134/><V119/><F119/><W90/><G76/><N who="0" m="44311" /><D59/><U26/><E35/><V43/><F58/><W22/><REACH who="3" step="1"/><G42/><REACH who="3" ten="236,153,351,250" step="2"/><N who="0" m="22983" /><D39/><U5/><E5/><V30/><F43/><W8/><G8/><AGARI ba="1,1" hai="3,7,8,64,65" m="22983,44311,48651" machi="8" ten="30,3900,0" yaku="25,1,18,1,52,1" doraHai="2" who="0" fromWho="3" sc="236,52,153,0,351,0,250,-42" /><INIT seed="3,0,0,2,0,91" ten="288,153,351,208" oya="3" hai0="80,57,103,106,4,112,67,102,46,113,25,58,84" hai1="86,0,126,49,118,76,31,132,14,19,2,135,9" hai2="128,66,127,87,40,39,65,7,13,16,97,117,82" hai3="129,93,109,107,34,54,36,116,27,33,32,37,122"/><W48/><G107/><T72/><D72/><U35/><E76/><V73/><F128/><W52/><G116/><T8/><D46/><U42/><E42/><V45/><F127/><W5/><G122/><T6/><D25/><N who="1" m="18927" /><E49/><V64/><F73/><W75/><G75/><T38/><D38/><U26/><E86/><V21/><F117/><W23/><G5/><T81/><D84/><U78/><E78/><V74/><F74/><W105/><G105/><T44/><D106/><U121/><E118/><V20/><F7/><W98/><G54/><T99/><D8/><U60/><E60/><V62/><F97/><W89/><G129/><T47/><D99/><U3/><E121/><V41/><F41/><W29/><REACH who="3" step="1"/><G109/><REACH who="3" ten="288,153,351,198" step="2"/><T123/><D123/><U79/><E79/><V1/><F40/><W134/><G134/><N who="1" m="51242" /><E26/><V56/><F65/><AGARI ba="0,1" hai="4,6,44,47,57,58,65,67,80,81,102,103,112,113" machi="65" ten="25,1600,0" yaku="22,2" doraHai="91" who="0" fromWho="2" sc="288,26,153,0,351,-16,198,0" owari="314,11.4,153,-34.7,335,43.5,198,-20.2" /></mjloggm>