<mjloggm ver="2.3"><GO type="225" lobby="0"/><UN n0="%E6%A0%B9%E5%85%83%E3%81%8B%E3%82%89%E5%90%B9%E3%81%A3%E9%A3%9B%E3%81%B6" n1="%E9%B3%B3%E6%9D%B1%E3%81%AE%E3%81%86%E3%81%95%E3%81%8E%E3%81%95%E3%82%93" n2="%28%EF%BF%A3%E2%96%BD%EF%BF%A3%29%CE%B4%E2%8C%92%E3%83%BB" n3="%E3%81%BF%E3%81%BF%E3%81%9A" dan="17,17,16,17" rate="2204.15,2256.79,2100.84,2196.62" sx="F,M,M,M"/><TAIKYOKU oya="0"/><INIT seed="0,0,0,1,2,47" ten="250,250,250,250" oya="0" hai0="40,52,134,21,112,19,95,60,131,4,44,64,74" hai1="77,10,18,29,6,55,14,92,104,20,127,119,83" hai2="17,23,39,13,36,84,50,72,8,99,128,75,30" hai3="27,126,101,93,54,53,118,57,38,68,33,66,106"/><T110/><D112/><U129/><E129/><V25/><F128/><W91/><G38/><T100/><D131/><U37/><E127/><V35/><F39/><W2/><G2/><T81/><D134/><U62/><E119/><V114/><F36/><W86/><G118/><T16/><D4/><U89/><E104/><V69/><F114/><W43/><G43/><T42/><D74/><U71/><E37/><V70/><F72/><W11/><G11/><T49/><D81/><U120/><E120/><V7/><F75/><W34/><G126/><T28/><D110/><U24/><E83/><V48/><F99/><N who="3" m="61759" /><G57/><N who="0" m="36879" /><D28/><U96/><E77/><V22/><F84/><W98/><G34/><T73/><D73/><U82/><E82/><V121/><F23/><W107/><G86/><T133/><D133/><U5/><REACH who="1" step="1"/><E71/><REACH who="1" ten="250,240,250,250" step="2"/><N who="2" m="27147" /><F121/><W58/><G107/><T117/><D117/><U135/><E135/><V46/><F46/><W122/><G122/><T51/><D21/><U102/><E102/><V80/><F80/><W97/><G68/><T0/><D0/><AGARI ba="0,1" hai="0,7,8,13,17,22,25,30,35,48,50" m="27147" machi="0" ten="30,3900,0" yaku="24,1,52,2" doraHai="47" who="2" fromWho="0" sc="250,-39,240,0,250,49,250,0" /><INIT seed="1,0,0,1,1,11" ten="211,240,299,250" oya="1" hai0="102,54,98,15,49,72,111,99,64,121,76,105,16" hai1="74,124,75,17,58,43,67,133,56,132,120,44,32" hai2="46,107,73,60,6,0,90,27,65,20,109,5,82" hai3="55,18,129,2,31,85,115,108,116,42,112,77,135"/><U14/><E32/><V78/><F107/><W130/><G42/><T86/><D111/><U30/><E30/><V101/><F101/><W92/><G2/><T41/><D121/><U13/><E120/><V61/><F109/><W131/><G108/><T87/><D64/><U50/><E124/><V118/><F118/><W10/><G31/><T22/><D41/><U117/><E117/><V59/><F0/><W21/><G10/><T25/><D98/><U89/><E89/><V110/><F110/><W123/><G123/><T29/><D72/><N who="1" m="27691" /><E17/><V93/><F61/><W119/><G55/><T126/><D76/><U113/><E113/><N who="3" m="43594" /><G135/><N who="1" m="51786" /><E56/><V7/><F46/><W26/><G77/><T94/><D105/><U4/><E4/><V47/><F47/><W36/><G36/><T53/><D126/><U83/><E83/><V37/><F37/><W28/><G28/><T57/><D54/><N who="1" m="32087" /><E67/><V3/><F3/><W97/><G85/><T23/><AGARI ba="0,0" hai="15,16,22,23,25,29,49,53,57,86,87,94,99,102" machi="23" ten="20,8000,1" yaku="0,1,7,1,8,1,52,1,54,1" doraHai="11" who="0" fromWho="0" sc="211,80,240,-40,299,-20,250,-20" /><INIT seed="2,0,0,4,5,24" ten="291,200,279,230" oya="2" hai0="88,55,101,110,98,89,128,133,21,3,51,31,83" hai1="18,120,6,38,86,129,63,25,10,35,28,92,42" hai2="95,69,9,22,90,117,134,33,14,102,127,5,79" hai3="41,131,53,70,116,75,46,105,13,17,130,115,67"/><V104/><F33/><W100/><G116/><T84/><D110/><U37/><E129/><N who="3" m="49162" /><G75/><T2/><D133/><U4/><E120/><V112/><F69/><W103/><G105/><T113/><D113/><U118/><E118/><V114/><F117/><W71/><G53/><T15/><D89/><U44/><E38/><V23/><F134/><W27/><G27/><N who="0" m="16879" /><D2/><U54/><E92/><V61/><F61/><N who="3" m="40303" /><G71/><T76/><D3/><U11/><E86/><V58/><F104/><W73/><G73/><T1/><D1/><U68/><E18/><V56/><F114/><W64/><G64/><T20/><D76/><U62/><E68/><V49/><F79/><W125/><G125/><T7/><D101/><U39/><E39/><V43/><F102/><W122/><G122/><T50/><D98/><U99/><E99/><N who="2" m="57847" /><F127/><W74/><G74/><T36/><D36/><U26/><E26/><V132/><F132/><W96/><G96/><T124/><D124/><U48/><E4/><V126/><F112/><W121/><G121/><T19/><D7/><U82/><E6/><V30/><F126/><W34/><G34/><T45/><D128/><U32/><E32/><V80/><F5/><W135/><G135/><T57/><D51/><U8/><REACH who="1" step="1"/><E82/><REACH who="1" ten="291,190,279,230" step="2"/><V97/><F80/><W107/><G107/><T78/><D83/><U65/><E65/><V94/><F94/><W81/><G81/><N who="0" m="49167" /><D78/><U111/><E111/><V123/><F123/><W72/><G115/><T66/><D66/><U29/><E29/><V16/><F30/><W40/><G72/><T60/><D19/><U59/><AGARI ba="0,1" hai="8,10,11,25,28,35,37,42,44,48,54,59,62,63" machi="59" ten="30,7900,0" yaku="1,1,5,1,0,1,52,1,53,0" doraHai="24" doraHaiUra="106" who="1" fromWho="1" sc="291,-20,190,89,279,-39,230,-20" /><INIT seed="3,0,0,1,5,58" ten="271,279,240,210" oya="3" hai0="60,97,30,34,103,10,31,71,74,86,126,78,51" hai1="83,135,14,80,106,22,79,110,7,87,134,125,43" hai2="13,123,116,121,8,127,57,47,85,93,55,61,104" hai3="132,29,108,76,4,53,44,98,17,89,94,130,99"/><W52/><G130/><T75/><D126/><U16/><E125/><V114/><F127/><W102/><G132/><N who="1" m="50730" /><E110/><V131/><F104/><W70/><G70/><T11/><D51/><U91/><E106/><V38/><F131/><W65/><G108/><T20/><D86/><N who="1" m="50631" /><E43/><N who="2" m="23031" /><F116/><W15/><G29/><T67/><D20/><U118/><E7/><N who="2" m="3231" /><F93/><N who="3" m="58703" /><G65/><T12/><D31/><U81/><E81/><V66/><F85/><W124/><G124/><T18/><D11/><U2/><E2/><V32/><F32/><W133/><G133/><T25/><D78/><U95/><E95/><AGARI ba="0,0" hai="10,12,18,25,30,34,60,67,71,74,75,95,97,103" machi="95" ten="30,2000,0" yaku="7,1,52,1" doraHai="58" who="0" fromWho="1" sc="271,20,279,-20,240,0,210,0" /><INIT seed="4,0,0,2,0,108" ten="291,259,240,210" oya="0" hai0="97,32,37,63,5,81,48,19,34,121,22,131,59" hai1="17,116,83,7,135,8,125,3,4,14,9,69,28" hai2="120,114,66,111,10,45,62,2,42,78,60,132,89" hai3="91,112,115,94,84,85,30,71,72,13,47,52,92"/><T61/><D121/><U18/><E69/><V23/><F120/><W51/><G72/><T55/><D37/><U53/><E116/><V38/><F111/><W126/><G126/><T36/><D36/><U109/><E109/><V6/><F132/><W129/><G129/><T65/><D5/><U104/><E104/><V39/><F39/><W87/><G71/><T16/><D61/><U50/><E135/><V99/><F78/><W70/><G70/><T73/><D131/><U40/><E40/><V117/><F117/><W101/><G30/><T86/><D97/><U68/><E68/><V90/><F23/><W41/><G13/><T100/><D19/><U119/><E119/><V44/><F44/><W133/><G133/><T77/><D100/><U74/><E28/><V122/><F122/><W93/><G101/><T56/><D73/><U127/><E83/><V67/><F99/><W58/><REACH who="3" step="1"/><G91/><REACH who="3" ten="291,259,240,200" step="2"/><T29/><D29/><U31/><E74/><V1/><F90/><W95/><N who="3" m="23552" /><DORA hai="11" /><W0/><G0/><T75/><D75/><U49/><E31/><V80/><F89/><W98/><G98/><T35/><D34/><U79/><E79/><V134/><F134/><W128/><G128/><T113/><D113/><U118/><E118/><V33/><F114/><W124/><G124/><T43/><D43/><U64/><E127/><V24/><F33/><W96/><G96/><T105/><D105/><U12/><E125/><V54/><F42/><W103/><G103/><T102/><D102/><U110/><E110/><V106/><F106/><W25/><G25/><AGARI ba="0,1" hai="16,22,25,32,35,48,55,56,59,63,65,77,81,86" machi="25" ten="30,2900,0" yaku="7,1,54,1" doraHai="108,11" who="0" fromWho="3" sc="291,39,259,0,240,0,200,-29" owari="330,43.0,259,5.9,240,-16.0,171,-32.9" /></mjloggm>