<mjloggm ver="2.3"><GO type="225" lobby="0"/><UN n0="%E6%9D%B1%E9%A2%A8%E3%81%AE%E3%81%8D%E3%82%83%E3%81%B7%E3%81%95%E3%82%93" n1="%E6%81%A5%E6%99%92%E3%81%97" n2="%E3%83%B4%E3%83%A0%EF%BC%99%E3%81%A6" n3="%E5%8D%A0%E3%81%84%E5%B8%AB%E8%A3%8F%E3%81%AA%E3%81%84%E3%81%97" dan="17,16,16,17" rate="2200.17,2115.18,2115.10,2197.15" sx="M,M,M,M"/><TAIKYOKU oya="0"/><INIT seed="0,0,0,1,4,66" ten="250,250,250,250" oya="0" hai0="80,29,107,130,6,73,17,125,57,2,85,94,126" hai1="127,60,79,131,39,22,132,114,25,27,40,113,108" hai2="46,111,28,99,77,110,23,123,21,53,119,31,118" hai3="47,129,5,112,70,134,84,44,89,98,105,56,88"/><T93/><D107/><U14/><E79/><V24/><F77/><W92/><G112/><T10/><D73/><U54/><E108/><N who="2" m="41515" /><F99/><W104/><G129/><T61/><D29/><N who="2" m="11338" /><F53/><W101/><G134/><T59/><D17/><N who="1" m="10551" /><E132/><V48/><F48/><W19/><G5/><T67/><D57/><N who="1" m="34871" /><E131/><V26/><F46/><W65/><G104/><T32/><D32/><U78/><E78/><V43/><F43/><W55/><G19/><T42/><D42/><U116/><E116/><N who="2" m="44587" /><F123/><W12/><G89/><N who="0" m="51367" /><D130/><U51/><E51/><V102/><F102/><W90/><G90/><T41/><D41/><U18/><E40/><V100/><F100/><W0/><G47/><T120/><D120/><U37/><E114/><V103/><F103/><W83/><G44/><T96/><D96/><U8/><E113/><V3/><F3/><W86/><G0/><T20/><D20/><AGARI ba="0,0" hai="20,21,23,24,26" m="44587,11338,41515" machi="20" ten="40,12000,2" yaku="28,2,14,1,12,1,34,2" doraHai="66" who="2" fromWho="0" sc="250,-120,250,0,250,120,250,0" /><INIT seed="1,0,0,3,4,105" ten="130,250,370,250" oya="1" hai0="80,119,128,61,85,103,108,68,115,20,10,44,93" hai1="92,129,95,113,97,131,46,89,66,4,101,45,118" hai2="77,127,36,63,47,67,58,87,29,26,121,34,64" hai3="132,102,48,22,76,110,90,71,43,5,40,74,24"/><U94/><E113/><V49/><F121/><W111/><G71/><T37/><D115/><U122/><E118/><V79/><F127/><W126/><G126/><T19/><D119/><U32/><E122/><V72/><F72/><W50/><G132/><T84/><D128/><N who="1" m="49227" /><E32/><V116/><F116/><W83/><G102/><T134/><D108/><N who="3" m="41513" /><G5/><T25/><D134/><U11/><E66/><V31/><F36/><W99/><G99/><T114/><D114/><U30/><E30/><V51/><F64/><W2/><G90/><T60/><D68/><U91/><E101/><V33/><F87/><W86/><G86/><T53/><D37/><U98/><E11/><V38/><F38/><W109/><G2/><T106/><D106/><U78/><E4/><V125/><F125/><W133/><G133/><T75/><D10/><U112/><E78/><V117/><F117/><W135/><G135/><T28/><D28/><U6/><E6/><V17/><F17/><N who="3" m="12367" /><G109/><T42/><D103/><N who="1" m="60839" /><E112/><V16/><F16/><W59/><G59/><T9/><D9/><U12/><E12/><V3/><F3/><W52/><G48/><T8/><D8/><U57/><E57/><V62/><F62/><W73/><G73/><T18/><D75/><U100/><E100/><V7/><F7/><W81/><G81/><T55/><D80/><U130/><N who="1" m="49235" /><U88/><DORA hai="124" /><E98/><V21/><F33/><W96/><G96/><T65/><D65/><U13/><E13/><V23/><F34/><W41/><G76/><T104/><D104/><U15/><E15/><V69/><F79/><W35/><G35/><RYUUKYOKU ba="0,0" sc="130,-10,250,30,370,-10,250,-10" hai1="45,46,88,89,91,94,95" /><INIT seed="1,1,0,5,0,132" ten="120,280,360,240" oya="1" hai0="112,95,69,125,51,82,115,89,111,72,7,30,21" hai1="122,5,114,6,64,31,105,28,80,75,59,133,129" hai2="34,41,42,88,61,25,19,66,124,52,49,73,27" hai3="85,113,98,134,97,127,116,79,90,44,33,130,58"/><U108/><E114/><V54/><F73/><W62/><G113/><T131/><D69/><U94/><E122/><V11/><F124/><W70/><G134/><T37/><D37/><U32/><E133/><V0/><F0/><W46/><G70/><T100/><D131/><U101/><E105/><V63/><F34/><W13/><G33/><T53/><D111/><U22/><E129/><V23/><F25/><W29/><G130/><T26/><D7/><U67/><E108/><V119/><F119/><W128/><G128/><T121/><D121/><U18/><E75/><V87/><F11/><W16/><G29/><N who="1" m="11338" /><E32/><V3/><F3/><W135/><G79/><T91/><D125/><U92/><E80/><N who="2" m="49255" /><F54/><N who="3" m="34135" /><G116/><T4/><D4/><N who="1" m="1643" /><E59/><N who="2" m="33167" /><F66/><N who="1" m="25129" /><E101/><V24/><F24/><AGARI ba="1,0" hai="18,22,24,92,94" m="25129,1643,11338" machi="24" ten="30,1500,0" yaku="8,1" doraHai="132" who="1" fromWho="2" sc="120,0,280,18,360,-18,240,0" /><INIT seed="1,2,0,4,4,29" ten="120,298,342,240" oya="1" hai0="112,5,40,127,15,47,32,100,86,7,76,72,120" hai1="39,92,84,60,4,71,125,9,122,16,67,50,37" hai2="24,36,8,26,2,18,56,75,54,14,83,46,33" hai3="105,94,96,11,131,53,104,87,27,61,1,31,89"/><U43/><E125/><V99/><F2/><W70/><G131/><T22/><D127/><U52/><E122/><V20/><F36/><W42/><G42/><T74/><D120/><U128/><E128/><V69/><F69/><W13/><G1/><T23/><D112/><U17/><E39/><V21/><F46/><W103/><G53/><T73/><D100/><U68/><E68/><V114/><F114/><W28/><G104/><T55/><D55/><U134/><E134/><V117/><F117/><W77/><G77/><T30/><D5/><U98/><E84/><V107/><F107/><W119/><G119/><T49/><D30/><U78/><E78/><V80/><F99/><W48/><G48/><T135/><D135/><U130/><E130/><V82/><F75/><W6/><REACH who="3" step="1"/><G27/><REACH who="3" ten="120,298,342,230" step="2"/><N who="2" m="10281" /><F33/><W59/><G59/><T0/><D0/><U65/><E43/><V3/><F3/><W121/><G121/><T91/><D32/><U115/><E115/><V116/><F116/><W12/><G12/><T81/><REACH who="0" step="1"/><D91/><REACH who="0" ten="110,298,342,230" step="2"/><U133/><E133/><V126/><F126/><W38/><G38/><T44/><D44/><U79/><E37/><V106/><F106/><W34/><G34/><T124/><D124/><U51/><E52/><V10/><F54/><W109/><G109/><T45/><D45/><U132/><E132/><V85/><F56/><W19/><G19/><T35/><D35/><U64/><E16/><V63/><F18/><W102/><G102/><T110/><D110/><U25/><E17/><V57/><F57/><W58/><G58/><T123/><D123/><U41/><E71/><RYUUKYOKU ba="2,2" sc="110,15,298,-15,342,-15,230,15" hai0="7,15,22,23,40,47,49,72,73,74,76,81,86" hai3="6,11,13,28,31,61,70,87,89,94,96,103,105" /><INIT seed="2,3,2,3,0,122" ten="125,283,327,245" oya="2" hai0="23,87,33,0,94,1,15,112,66,111,3,120,83" hai1="102,77,11,135,119,29,113,88,127,115,61,108,19" hai2="58,109,57,20,130,21,49,132,76,103,101,9,105" hai3="51,59,38,26,69,22,14,78,40,72,133,74,53"/><V30/><F130/><W60/><G78/><T34/><D66/><U44/><E119/><V52/><F132/><W91/><G133/><T107/><D107/><U25/><E135/><V117/><F117/><W71/><G71/><T36/><D36/><U81/><E127/><V27/><F76/><W79/><G79/><T8/><D94/><U104/><E104/><V73/><F73/><W134/><G134/><T106/><D106/><U10/><E102/><N who="2" m="38923" /><F105/><W31/><G14/><T110/><D120/><U131/><E131/><V65/><F109/><N who="0" m="41482" /><D112/><U56/><E108/><V48/><F9/><W85/><G38/><T63/><D63/><U41/><E113/><V95/><F95/><W70/><G70/><T126/><D126/><U55/><E115/><V37/><F37/><W96/><G96/><T121/><D121/><U67/><E77/><V62/><F21/><W18/><G69/><T129/><D129/><U114/><E114/><V4/><F4/><W68/><G68/><T75/><D75/><U123/><E19/><V118/><F118/><W46/><G18/><N who="0" m="8551" /><D23/><N who="1" m="15551" /><E123/><V116/><F116/><W2/><G2/><N who="0" m="515" /><T5/><DORA hai="89" /><D5/><U6/><E6/><V124/><F124/><W45/><G74/><T128/><D128/><U54/><E67/><V32/><F20/><W13/><G72/><T84/><D83/><U7/><E7/><V17/><F17/><W92/><G13/><T16/><D16/><U42/><E81/><V86/><F65/><W24/><G24/><T28/><D33/><U90/><E11/><V64/><F48/><N who="3" m="26663" /><G60/><T12/><D12/><U125/><E125/><RYUUKYOKU ba="3,2" sc="125,10,283,-30,327,10,245,10" hai0="28,34,84,87" hai2="27,30,32,49,52,57,58,62,64,86" hai3="22,26,31,46,51,53,59,85,91,92" /><INIT seed="2,4,2,1,0,127" ten="135,253,337,255" oya="2" hai0="42,66,5,22,125,93,131,109,65,24,118,81,8" hai1="25,124,9,97,135,15,128,38,106,94,132,48,70" hai2="19,129,115,36,57,85,3,41,83,75,46,110,126" hai3="28,103,33,98,111,32,91,112,50,35,117,14,18"/><V40/><F115/><W122/><G117/><T43/><D118/><U79/><E38/><V76/><F126/><W49/><G122/><T13/><D125/><U101/><E124/><V27/><F41/><W6/><G112/><T77/><D109/><U63/><E79/><V39/><F39/><W7/><G28/><T12/><D93/><U51/><E94/><V45/><F45/><W69/><G69/><T119/><D119/><U133/><E25/><V10/><F110/><W68/><G68/><T87/><D13/><U108/><E108/><V55/><F85/><W105/><G111/><T0/><D0/><U88/><E88/><V23/><F55/><W30/><G30/><T134/><D134/><U71/><E128/><V92/><F92/><W20/><G91/><T54/><D54/><U80/><E80/><V37/><F57/><W21/><G21/><T29/><REACH who="0" step="1"/><D131/><REACH who="0" ten="125,253,337,255" step="2"/><U60/><E71/><V74/><F129/><W86/><REACH who="3" step="1"/><G86/><REACH who="3" ten="125,253,337,245" step="2"/><T56/><D56/><U82/><E70/><V100/><F74/><W62/><G62/><T99/><D99/><U31/><E63/><V1/><F75/><W53/><G53/><T72/><D72/><U90/><E60/><V58/><F58/><W130/><G130/><T89/><D89/><U17/><E90/><V121/><F121/><W78/><G78/><T2/><D2/><U4/><E132/><V64/><F1/><W67/><G67/><AGARI ba="4,4" hai="5,8,12,22,24,29,42,43,65,66,67,77,81,87" machi="67" ten="40,2600,0" yaku="1,1,8,1,53,0" doraHai="127" doraHaiUra="44" who="0" fromWho="3" sc="125,78,253,0,337,0,245,-38" /><INIT seed="3,0,0,4,3,74" ten="203,253,337,207" oya="3" hai0="55,57,17,113,14,1,24,117,15,54,69,63,102" hai1="50,105,43,129,61,64,20,124,99,127,46,51,71" hai2="66,90,115,9,19,0,135,6,134,62,125,70,76" hai3="37,80,52,97,103,122,94,112,2,98,33,120,49"/><W123/><G2/><T87/><D1/><U44/><E20/><V28/><F115/><W85/><G112/><T95/><D113/><U30/><E30/><V128/><F128/><W107/><G37/><T114/><D114/><U45/><E129/><V68/><F125/><N who="1" m="48201" /><E99/><V11/><F28/><W10/><G10/><T12/><D117/><U40/><E105/><V29/><F29/><W16/><G33/><T79/><D69/><U26/><E26/><V118/><F118/><W108/><G108/><T7/><D7/><U60/><E60/><V75/><F90/><W132/><G132/><N who="2" m="50729" /><F68/><W53/><G49/><AGARI ba="0,0" hai="40,43,44,45,46,49,50,51,61,64,71" m="48201" machi="49" ten="30,3900,0" yaku="18,1,34,2" doraHai="74" who="1" fromWho="3" sc="203,0,253,39,337,0,207,-39" owari="203,-19.7,292,9.2,337,43.7,168,-33.2" /></mjloggm>