<mjloggm ver="2.3"><GO type="225" lobby="0"/><UN n0="%E9%B3%B3%E6%9D%B1%E3%81%AE%E3%81%86%E3%81%95%E3%81%8E%E3%81%95%E3%82%93" n1="%E6%B8%A9%E2%98%85%E6%83%85%E2%98%85%E6%8E%AA%E2%98%85%E7%BD%AE" n2="%72%65%6E%6B%75%6E" n3="%E3%81%B5%E3%81%98%E3%81%8B%E3%81%A4" dan="17,17,17,16" rate="2280.55,2223.33,2226.35,2191.71" sx="M,M,M,M"/><TAIKYOKU oya="0"/><INIT seed="0,0,0,3,2,64" ten="250,250,250,250" oya="0" hai0="113,13,0,49,39,45,76,109,31,114,20,22,132" hai1="33,17,134,124,129,60,96,81,118,103,67,51,91" hai2="63,107,70,28,37,18,72,123,75,77,120,83,3" hai3="14,94,71,2,29,54,97,34,1,65,27,40,47"/><T53/><D0/><U106/><E118/><V59/><F3/><W108/><G54/><T52/><D132/><U95/><E134/><V58/><F75/><W11/><G108/><T48/><D39/><U26/><E129/><V79/><F79/><W4/><G65/><T128/><D128/><U5/><E124/><V55/><F37/><W57/><G57/><T110/><D76/><U90/><E5/><V99/><F70/><W130/><G130/><T115/><D13/><U117/><E117/><V89/><F28/><W135/><G135/><T104/><D104/><U61/><E51/><V68/><F68/><W36/><REACH who="3" step="1"/><G71/><REACH who="3" ten="250,250,250,240" step="2"/><T82/><D110/><U121/><E67/><V38/><F59/><W15/><G15/><T8/><D109/><U32/><E61/><V50/><F55/><W98/><G98/><T87/><D53/><U6/><E96/><V119/><F58/><W25/><G25/><T21/><D113/><U24/><E24/><V101/><F63/><W92/><G92/><T78/><D114/><U112/><E95/><V88/><F119/><W127/><G127/><T93/><D115/><U62/><E26/><V131/><F99/><W86/><G86/><T43/><D93/><U74/><E112/><V125/><F125/><W46/><G46/><N who="0" m="25695" /><D31/><U73/><E62/><V122/><F131/><W10/><G10/><AGARI ba="0,1" hai="8,10,20,21,22,45,49,52,78,82,87" m="25695" machi="10" ten="30,2900,0" yaku="8,1,54,1" doraHai="64" who="0" fromWho="3" sc="250,39,250,0,250,0,240,-29" /><INIT seed="0,1,0,3,1,22" ten="289,250,250,211" oya="0" hai0="5,112,73,48,105,55,84,80,72,100,64,120,27" hai1="25,7,87,128,115,23,6,4,95,123,69,12,66" hai2="85,74,78,77,16,30,126,98,119,108,10,1,19" hai3="79,90,47,82,45,76,75,59,116,130,24,88,99"/><T17/><D112/><U109/><E123/><V26/><F74/><W53/><G116/><T8/><D120/><U71/><E115/><V57/><F119/><W60/><G130/><T65/><D73/><U38/><E38/><V92/><F108/><W106/><G79/><T0/><D72/><U68/><E109/><V67/><F126/><W21/><G90/><T113/><D113/><U61/><E128/><V134/><F134/><W32/><G32/><T86/><D105/><U96/><E87/><V13/><F1/><W122/><G122/><T129/><D100/><U2/><E12/><V103/><F19/><N who="3" m="12351" /><G106/><T58/><D129/><U117/><E2/><V20/><F85/><W37/><G37/><T131/><D131/><U114/><E114/><V81/><F81/><W101/><G101/><T18/><D84/><U34/><E34/><V133/><F133/><W56/><G56/><T3/><D3/><U70/><E117/><V107/><F107/><W11/><G11/><T42/><D86/><U9/><E9/><V49/><F49/><W124/><G124/><T44/><D80/><U102/><REACH who="1" step="1"/><E70/><REACH who="1" ten="289,240,250,211" step="2"/><V36/><F36/><W41/><G41/><T15/><D0/><U43/><E43/><V135/><F135/><W83/><G83/><T62/><D5/><U35/><E35/><V111/><F111/><W51/><G51/><T89/><D42/><U110/><E110/><V63/><AGARI ba="1,1" hai="10,13,16,20,26,30,57,63,67,77,78,92,98,103" machi="63" ten="30,12000,2" yaku="0,1,25,2,8,1,52,1,54,1" doraHai="22" who="2" fromWho="2" sc="289,-61,240,-31,250,133,211,-31" /><INIT seed="1,0,0,1,5,79" ten="228,209,383,180" oya="1" hai0="135,41,64,7,24,114,83,42,74,76,89,100,35" hai1="18,73,4,47,8,27,59,14,61,2,115,97,33" hai2="51,11,126,108,52,120,45,71,40,133,127,116,26" hai3="102,92,104,44,70,65,54,49,80,130,105,134,28"/><U78/><E115/><V99/><F99/><W25/><G134/><T48/><D114/><U69/><E69/><V9/><F116/><W6/><G130/><T55/><D135/><U95/><E47/><V94/><F133/><W20/><G6/><T13/><D64/><U112/><E112/><V106/><F106/><W12/><G12/><T131/><D131/><U91/><E78/><V53/><F71/><W125/><G125/><N who="2" m="47625" /><F120/><W119/><G119/><T10/><D89/><U63/><E73/><V38/><F108/><W0/><G0/><T68/><D100/><U117/><E117/><V19/><F94/><W60/><G102/><T15/><D15/><U110/><E110/><V128/><F128/><W29/><G92/><T46/><REACH who="0" step="1"/><D68/><REACH who="0" ten="218,209,383,180" step="2"/><U82/><E82/><V85/><F26/><W62/><G80/><T32/><D32/><U121/><E33/><V43/><F43/><W23/><G62/><T37/><D37/><U109/><E109/><V66/><F53/><W132/><G132/><T30/><AGARI ba="0,1" hai="7,10,13,24,30,35,41,42,46,48,55,74,76,83" machi="30" ten="30,4000,0" yaku="1,1,0,1,52,1,53,0" doraHai="79" doraHaiUra="57" who="0" fromWho="0" sc="218,50,209,-20,383,-10,180,-10" /><INIT seed="2,0,0,4,3,4" ten="268,189,373,170" oya="2" hai0="28,35,101,122,1,81,55,71,119,99,22,62,78" hai1="46,91,76,126,115,109,132,129,117,9,100,79,58" hai2="94,60,130,116,103,70,95,74,51,40,131,16,77" hai3="104,42,102,0,23,18,45,34,57,27,11,6,118"/><V93/><F116/><W80/><G118/><T108/><D119/><U29/><E117/><RYUUKYOKU type="kaze4" ba="0,0" sc="268,0,189,0,373,0,170,0" /><INIT seed="2,1,0,5,4,17" ten="268,189,373,170" oya="2" hai0="54,25,86,62,125,79,44,36,23,0,73,6,51" hai1="16,41,39,40,124,38,89,69,101,15,12,111,127" hai2="9,122,57,113,110,58,87,91,50,29,88,103,107" hai3="90,56,72,121,14,97,123,77,53,99,13,10,60"/><V1/><F113/><W5/><G72/><T74/><D125/><N who="1" m="48203" /><E111/><V49/><F122/><W96/><G77/><T61/><D36/><N who="1" m="13867" /><E69/><V84/><F110/><W70/><G70/><T43/><D73/><U120/><E120/><V81/><F29/><W94/><G123/><T7/><D74/><U92/><E101/><V11/><F103/><W31/><G121/><T116/><D116/><U95/><E15/><V68/><F68/><W67/><G31/><N who="0" m="17855" /><D0/><U33/><E33/><V76/><F107/><W30/><G30/><T4/><D43/><N who="1" m="16459" /><E89/><V118/><F118/><W26/><G26/><T37/><D37/><U131/><E131/><V128/><F128/><W93/><G14/><T126/><D126/><U8/><AGARI ba="1,0" hai="8,12,16,92,95" m="16459,13867,48203" machi="8" ten="40,2700,0" yaku="18,1,54,1" doraHai="17" who="1" fromWho="1" sc="268,-8,189,30,373,-14,170,-8" /><INIT seed="3,0,0,1,4,16" ten="260,219,359,162" oya="3" hai0="77,76,1,49,101,25,85,114,128,103,73,127,42" hai1="78,31,13,64,68,88,46,99,92,109,29,40,111" hai2="87,4,104,35,43,83,39,113,41,56,30,134,57" hai3="3,84,74,17,129,2,45,105,133,34,60,131,97"/><W27/><G74/><T24/><D1/><U69/><E78/><N who="0" m="30313" /><D73/><U38/><E13/><V6/><F104/><W55/><G133/><T37/><D37/><U125/><E125/><V48/><F35/><W107/><G84/><T132/><D127/><U61/><REACH who="1" step="1"/><E69/><REACH who="1" ten="260,209,359,162" step="2"/><V19/><F134/><W115/><G115/><T8/><D132/><U124/><E124/><V106/><F113/><W116/><G116/><T28/><D128/><N who="3" m="49225" /><G107/><T91/><D8/><U67/><E67/><V14/><F106/><W100/><G34/><T54/><D42/><U72/><E72/><V80/><F43/><W95/><G105/><T110/><D110/><AGARI ba="0,1" hai="29,31,38,40,46,61,64,68,88,92,99,109,110,111" machi="110" ten="40,5200,0" yaku="1,1,14,1,54,1,53,0" doraHai="16" doraHaiUra="10" who="1" fromWho="0" sc="260,-52,209,62,359,0,162,0" owari="208,-19.2,271,7.1,359,45.9,162,-33.8" /></mjloggm>