<mjloggm ver="2.3"><GO type="225" lobby="0"/><UN n0="%63%68%78%62%64" n1="%E3%83%A9%E3%83%96%E3%83%AC%E3%83%BC" n2="%E6%A0%B9%E5%85%83%E3%81%8B%E3%82%89%E5%90%B9%E3%81%A3%E9%A3%9B%E3%81%B6" n3="%E3%83%B4%E3%83%A0%EF%BC%99%E3%81%A6" dan="16,18,17,17" rate="2121.27,2182.07,2198.24,2113.21" sx="M,M,F,M"/><TAIKYOKU oya="0"/><INIT seed="0,0,0,4,2,91" ten="250,250,250,250" oya="0" hai0="124,85,88,86,36,116,44,13,132,75,79,10,21" hai1="123,47,34,49,76,119,24,61,42,3,26,20,40" hai2="105,108,56,112,35,111,101,19,117,128,53,1,2" hai3="97,9,48,31,43,77,99,55,115,63,93,27,41"/><T130/><D116/><U72/><E123/><V66/><F112/><W102/><G115/><T95/><D124/><U7/><E119/><V29/><F128/><W38/><G38/><T78/><D130/><U127/><E127/><V104/><F117/><W110/><G110/><N who="2" m="42025" /><F66/><W114/><G114/><T129/><D129/><U80/><E34/><V135/><F135/><W133/><G133/><T15/><D75/><U14/><E3/><N who="2" m="1035" /><F19/><W96/><G9/><T22/><D132/><U4/><E26/><N who="2" m="18871" /><F101/><W113/><G113/><T84/><D36/><U12/><E61/><AGARI ba="0,0" hai="53,56,61,104,105" m="18871,1035,42025" machi="61" ten="30,1000,0" yaku="14,1" doraHai="91" who="2" fromWho="1" sc="250,0,250,-10,250,10,250,0" /><INIT seed="1,0,0,2,1,110" ten="250,240,260,250" oya="1" hai0="49,33,43,41,101,81,50,6,121,25,35,120,46" hai1="91,89,70,32,55,12,26,97,80,64,2,124,51" hai2="108,24,42,135,45,11,61,127,4,78,93,95,82" hai3="15,106,119,20,105,48,1,19,23,131,104,67,75"/><U38/><E38/><V68/><F108/><W123/><G123/><N who="0" m="47179" /><D6/><U87/><E2/><V107/><F107/><W114/><G1/><T69/><D69/><U52/><E124/><V58/><F135/><W92/><G75/><T118/><D101/><U34/><E26/><V130/><F68/><W17/><G131/><T27/><D118/><U103/><E91/><V100/><F24/><N who="0" m="9290" /><D81/><U63/><E12/><N who="2" m="5223" /><F100/><W60/><G119/><T94/><D94/><U36/><E36/><V125/><F130/><W31/><G92/><T112/><D112/><U126/><E126/><N who="2" m="48139" /><F82/><W53/><G31/><T29/><D29/><U74/><E74/><V21/><F21/><W86/><G104/><T84/><D84/><U10/><E10/><V14/><F14/><W7/><G86/><T5/><D5/><U18/><E18/><V76/><F93/><W28/><G7/><T85/><D85/><U9/><E9/><V111/><F95/><W8/><G28/><T47/><AGARI ba="0,0" hai="33,35,41,43,46,47,49,50" m="9290,47179" machi="47" ten="30,1100,0" yaku="13,1" doraHai="110" who="0" fromWho="0" sc="250,11,240,-5,260,-3,250,-3" /><INIT seed="2,0,0,1,0,127" ten="261,235,257,247" oya="2" hai0="29,115,32,17,125,62,130,122,13,111,132,109,86" hai1="16,24,12,56,67,78,37,84,60,131,112,58,119" hai2="114,15,116,26,129,135,36,108,123,69,41,40,42" hai3="4,83,100,92,118,105,133,81,39,120,35,93,85"/><V6/><F15/><W103/><G35/><T75/><D75/><U45/><E119/><V2/><F6/><W96/><G4/><T38/><D38/><U94/><E112/><V27/><F27/><W65/><G39/><T48/><D122/><U51/><E37/><V7/><F26/><W74/><G65/><T64/><D115/><U30/><E131/><V121/><F7/><W53/><G53/><T20/><D130/><U126/><E126/><V88/><F2/><W104/><G120/><T57/><D132/><U54/><E94/><N who="3" m="36458" /><G133/><T97/><D97/><U19/><E12/><V98/><F69/><W66/><G66/><T28/><D86/><U76/><E84/><V95/><F36/><W25/><G25/><T43/><D125/><U128/><E128/><V46/><F129/><W1/><G1/><T99/><D99/><U8/><E45/><V44/><F135/><W113/><G118/><T82/><D82/><N who="3" m="31241" /><G113/><T61/><D32/><U55/><E67/><V102/><F116/><W90/><G74/><T77/><D62/><U9/><E9/><V11/><F11/><W124/><G124/><T50/><D43/><N who="2" m="16458" /><F114/><W79/><G79/><N who="1" m="30250" /><E8/><V10/><F10/><W33/><G33/><T49/><D77/><U52/><E55/><V23/><F23/><AGARI ba="0,0" hai="16,19,23,24,30,51,52,54,56,58,60" m="30250" machi="23" ten="30,3900,0" yaku="8,1,54,2" doraHai="127" who="1" fromWho="2" sc="261,0,235,39,257,-39,247,0" /><INIT seed="3,0,0,1,5,42" ten="261,274,218,247" oya="3" hai0="64,116,82,57,133,134,109,45,50,5,123,49,44" hai1="35,28,37,39,16,60,51,67,91,135,6,53,32" hai2="93,22,83,78,70,38,63,15,101,61,0,119,48" hai3="99,41,66,8,71,24,11,117,47,85,21,81,36"/><W128/><G117/><T19/><D116/><U52/><E6/><V27/><F38/><W33/><G128/><T29/><D123/><U55/><E28/><V10/><F0/><W77/><G33/><T74/><D29/><U108/><E39/><V40/><F119/><W103/><G66/><T2/><D109/><U84/><E37/><V1/><F1/><W79/><G79/><N who="0" m="44407" /><D19/><U113/><E113/><V106/><F106/><W127/><G71/><T75/><D75/><U95/><E108/><V105/><F105/><W122/><G122/><T107/><D107/><U131/><E131/><V59/><F70/><W97/><G127/><T68/><D68/><U43/><E135/><N who="0" m="51721" /><D50/><U20/><E35/><V18/><F93/><W46/><G46/><T132/><D132/><U3/><E3/><V88/><F101/><W13/><G103/><T31/><D31/><U26/><E32/><V76/><F76/><BYE who="2" /><W65/><G65/><T4/><D4/><UN n2="%E6%A0%B9%E5%85%83%E3%81%8B%E3%82%89%E5%90%B9%E3%81%A3%E9%A3%9B%E3%81%B6" /><U130/><E130/><V14/><F78/><W12/><G8/><N who="0" m="2103" /><D49/><U92/><E67/><N who="2" m="39359" /><F63/><AGARI ba="0,0" hai="44,45,57,63,64" m="2103,51721,44407" machi="63" ten="30,3900,0" yaku="20,1,52,2" doraHai="42" who="0" fromWho="2" sc="261,39,274,0,218,-39,247,0" owari="300,40.0,274,7.4,179,-32.1,247,-15.3" /></mjloggm>