<mjloggm ver="2.3"><GO type="225" lobby="0"/><UN n0="%72%69%6F%75%63%68%61%6E" n1="%61%69%73%79%6F" n2="%E6%80%AA%E3%81%97%E3%81%99%E3%81%8E%E3%82%8B%E3%83%81%E3%83%BC" n3="%E6%97%A5%E6%9B%9C%E6%97%A5%E3%82%88%E3%82%8A%E3%81%AE%E4%BD%BF%E8%80%85" dan="17,17,17,17" rate="2243.90,2161.33,2143.38,2218.85" sx="M,M,M,M"/><TAIKYOKU oya="0"/><INIT seed="0,0,0,0,5,127" ten="250,250,250,250" oya="0" hai0="53,29,60,50,55,112,98,81,85,102,13,73,71" hai1="92,134,72,65,117,114,77,51,111,135,48,63,97" hai2="87,40,125,19,67,68,69,133,49,62,104,109,47" hai3="27,39,105,130,41,2,23,42,35,6,78,38,66"/><T22/><D112/><U24/><E117/><V110/><F104/><W4/><G105/><T83/><D73/><U107/><E107/><V116/><F87/><W36/><G35/><T95/><D71/><N who="2" m="27210" /><F19/><W103/><G103/><T34/><D60/><U31/><E111/><N who="2" m="42507" /><F125/><W58/><G78/><T14/><D34/><U8/><E65/><V5/><F5/><W15/><G2/><T84/><D53/><U52/><E63/><V99/><F99/><W17/><G4/><T33/><D33/><U43/><E51/><V132/><F116/><W82/><G82/><N who="0" m="31243" /><D29/><U56/><E72/><V90/><F90/><W11/><G130/><T16/><D13/><U89/><E77/><V1/><F1/><W32/><G32/><T26/><D14/><U7/><E31/><V70/><AGARI ba="0,0" hai="40,47,49,62,67,70,132,133" m="42507,27210" machi="70" ten="40,5200,0" yaku="14,1,34,2" doraHai="127" who="2" fromWho="2" sc="250,-26,250,-13,250,52,250,-13" /><INIT seed="1,0,0,1,4,23" ten="224,237,302,237" oya="1" hai0="68,86,55,88,82,70,19,67,107,132,5,60,10" hai1="83,100,2,108,13,41,8,6,46,51,52,39,127" hai2="122,48,18,120,114,101,130,16,42,89,66,11,34" hai3="131,115,30,43,78,15,35,4,26,37,109,27,110"/><U44/><E127/><V113/><F130/><W61/><G115/><N who="2" m="44041" /><F34/><W32/><G78/><T74/><D132/><U36/><E108/><N who="3" m="41578" /><G61/><T62/><D107/><U24/><E100/><V73/><F73/><W71/><G71/><T20/><D74/><U129/><E129/><V17/><F66/><W1/><G131/><T91/><D55/><U133/><E133/><V25/><F89/><W77/><G77/><T98/><D98/><U3/><E83/><V28/><F11/><N who="3" m="2447" /><G15/><T128/><D128/><U92/><E92/><V31/><F101/><W93/><G93/><T63/><D91/><U111/><E111/><V64/><F64/><W95/><G95/><T96/><D96/><U118/><E118/><V87/><F87/><W56/><G56/><T94/><D94/><U102/><E102/><V99/><F99/><W54/><G54/><T134/><D134/><U124/><E124/><V112/><F112/><W125/><G125/><T50/><D68/><U126/><E126/><V38/><F48/><W90/><G90/><T105/><D50/><U49/><E2/><V80/><F80/><W21/><G27/><N who="0" m="14751" /><D105/><U104/><E104/><V84/><F84/><W65/><G65/><T7/><D7/><U85/><E85/><V22/><F42/><W72/><G72/><T29/><D70/><U97/><E97/><V9/><F38/><N who="1" m="14377" /><E24/><N who="2" m="16407" /><F9/><W33/><G21/><T106/><D67/><U0/><E41/><V117/><F117/><W76/><G76/><T57/><D106/><U81/><E81/><V103/><F103/><W121/><G121/><N who="2" m="46697" /><F25/><W47/><AGARI ba="0,0" hai="26,30,32,33,35,37,43,47" m="2447,41578" machi="47" ten="30,4000,0" yaku="14,1,23,1,52,1" doraHai="23" who="3" fromWho="3" sc="224,-10,237,-20,302,-10,237,40" /><INIT seed="2,0,0,1,3,77" ten="214,217,292,277" oya="2" hai0="29,73,129,32,89,104,31,30,109,134,133,66,91" hai1="26,69,132,7,62,33,19,82,102,131,103,76,92" hai2="94,3,87,21,20,58,18,81,99,49,38,52,27" hai3="71,116,108,60,54,64,68,22,110,124,4,40,90"/><V45/><F3/><W111/><G116/><T59/><D104/><U51/><E132/><N who="0" m="50793" /><D32/><U56/><E131/><V34/><F34/><W28/><G124/><T83/><D129/><U97/><E7/><V80/><F87/><W17/><G40/><T8/><D109/><U35/><E51/><N who="2" m="31007" /><F21/><W86/><G28/><N who="0" m="7171" /><T12/><DORA hai="118" /><D66/><U63/><E63/><V61/><F61/><W2/><G54/><T67/><D59/><U125/><E69/><V98/><F38/><W6/><G2/><T24/><D24/><U14/><E125/><V5/><F5/><W113/><G68/><T43/><D67/><U135/><E135/><V115/><F115/><W74/><G113/><T53/><D43/><U121/><E26/><V0/><F0/><W117/><G117/><T65/><D53/><U23/><E121/><V106/><F106/><W46/><G46/><T105/><D65/><U112/><E112/><V70/><F70/><W48/><G48/><T1/><D105/><U42/><E42/><N who="2" m="24759" /><F99/><W96/><G96/><T75/><D1/><U114/><E114/><V79/><F79/><W9/><G71/><T126/><D126/><U119/><E119/><V107/><F107/><W127/><G127/><T123/><D123/><U39/><E39/><V15/><F27/><W88/><G64/><T57/><D57/><U130/><E130/><V10/><F10/><W122/><G9/><T55/><D55/><N who="1" m="34079" /><E33/><V85/><F85/><W16/><G122/><T93/><D73/><N who="1" m="43279" /><E35/><V11/><F11/><W41/><G74/><T78/><D93/><U36/><E36/><V120/><F120/><RYUUKYOKU ba="0,0" sc="214,10,217,10,292,10,277,-30" hai0="8,12,75,78,83,89,91" hai1="14,19,23,92,97,102,103" hai2="15,18,20,80,81,94,98" /><INIT seed="2,1,0,1,5,62" ten="224,227,302,247" oya="2" hai0="34,60,90,114,25,31,14,129,100,58,61,86,43" hai1="0,103,97,3,8,74,76,110,32,96,125,89,50" hai2="15,79,36,28,91,80,68,105,53,102,77,7,38" hai3="26,118,5,40,13,83,4,33,87,2,9,23,133"/><V131/><F131/><W122/><G118/><T106/><D114/><U35/><E96/><V85/><F68/><W126/><G122/><T92/><D129/><U45/><E89/><V47/><F28/><W42/><G126/><T41/><D61/><U107/><E125/><V130/><F130/><W21/><G133/><T1/><D1/><U116/><E116/><V82/><F38/><W6/><G42/><T104/><D106/><U123/><E110/><V115/><F115/><W59/><G40/><T54/><REACH who="0" step="1"/><D14/><REACH who="0" ten="214,227,302,247" step="2"/><U27/><E0/><V101/><F105/><W46/><G2/><T124/><D124/><U20/><E3/><V108/><F15/><W113/><G113/><T69/><D69/><U128/><E128/><V67/><F108/><W99/><G13/><T73/><D73/><U64/><E74/><V37/><F37/><W78/><G26/><T81/><D81/><U93/><E107/><V16/><F36/><W29/><G83/><T95/><D95/><U72/><E123/><V10/><F82/><W66/><G4/><T55/><D55/><N who="1" m="30159" /><E64/><V57/><F67/><W11/><G66/><T134/><D134/><U39/><E39/><V71/><F71/><W19/><G5/><T24/><D24/><U132/><E132/><V17/><F7/><W48/><G6/><T63/><D63/><U119/><E119/><V22/><F77/><W49/><G78/><T135/><D135/><U127/><E127/><V75/><F79/><W98/><G48/><T117/><D117/><U109/><E93/><N who="2" m="54511" /><F75/><W56/><G49/><T65/><D65/><U51/><E76/><RYUUKYOKU ba="1,1" sc="214,30,227,-10,302,-10,247,-10" hai0="25,31,34,41,43,54,58,60,86,90,92,100,104" /><INIT seed="3,2,1,0,1,71" ten="244,217,292,237" oya="3" hai0="101,85,98,59,23,16,133,114,62,88,14,90,93" hai1="66,20,48,121,103,76,4,73,106,53,55,52,127" hai2="25,116,68,78,11,74,96,122,8,27,3,89,102" hai3="18,115,113,50,95,42,34,41,94,10,135,108,5"/><W33/><G18/><T72/><D72/><U49/><E121/><V1/><F116/><W64/><G64/><T79/><D133/><U6/><E127/><V67/><F89/><W17/><G17/><T123/><D123/><U117/><E117/><V119/><F119/><W69/><G69/><T81/><D114/><U35/><E35/><V30/><F25/><W28/><G28/><T31/><D31/><U82/><E66/><AGARI ba="2,1" hai="14,16,23,59,62,66,79,81,85,88,90,93,98,101" machi="66" ten="30,7700,0" yaku="7,1,8,1,54,2" doraHai="71" who="0" fromWho="1" sc="244,93,217,-83,292,0,237,0" owari="337,43.7,134,-36.6,292,9.2,237,-16.3" /></mjloggm>