<mjloggm ver="2.3"><GO type="225" lobby="0"/><UN n0="%E5%A4%9C%E5%85%89%E5%A4%A9%E6%A5%BC" n1="%E5%8D%A0%E3%81%84%E5%B8%AB%E8%A3%8F%E3%81%AA%E3%81%84%E3%81%97" n2="%E6%B4%BE%E9%81%A3%E3%81%AE%E3%82%B8%E3%83%A3%E3%83%83%E3%82%AF" n3="%E3%81%BF%E3%81%BF%E3%81%9A" dan="17,17,17,18" rate="2176.88,2212.93,2246.68,2248.48" sx="M,M,M,M"/><TAIKYOKU oya="0"/><INIT seed="0,0,0,0,4,34" ten="250,250,250,250" oya="0" hai0="70,15,41,74,60,69,97,118,106,117,89,11,90" hai1="114,44,50,112,33,55,100,86,21,113,27,57,31" hai2="93,79,56,126,6,85,24,83,13,95,135,49,22" hai3="66,115,75,23,12,82,105,40,30,58,46,16,48"/><T5/><D74/><U99/><E86/><V28/><F126/><W62/><G105/><T130/><D41/><U54/><E33/><V98/><F135/><W109/><G109/><T4/><D130/><U65/><E65/><V63/><F49/><W133/><G133/><T18/><D70/><U116/><E116/><V53/><REACH who="2" step="1"/><F98/><REACH who="2" ten="250,250,240,250" step="2"/><W80/><G115/><T71/><D117/><U37/><E37/><V104/><F104/><W129/><G129/><T132/><D118/><U45/><E54/><V121/><F121/><W77/><G30/><T88/><D132/><U134/><E134/><V19/><F19/><W26/><REACH who="3" step="1"/><G80/><REACH who="3" ten="250,250,240,240" step="2"/><T81/><D81/><U42/><E42/><V3/><F3/><W59/><G59/><T87/><D106/><AGARI ba="0,2" hai="21,27,31,44,45,50,55,57,99,100,106,112,113,114" machi="106" ten="40,1300,0" yaku="11,1" doraHai="34" who="1" fromWho="0" sc="250,-13,250,33,240,0,240,0" /><INIT seed="1,0,0,3,0,109" ten="237,283,240,240" oya="1" hai0="101,52,33,95,85,120,26,121,1,24,134,93,38" hai1="133,135,114,97,88,105,28,51,129,94,53,59,132" hai2="56,64,44,41,25,123,110,100,3,4,74,46,42" hai3="48,84,22,89,66,67,2,31,57,62,16,50,55"/><U8/><E105/><V13/><F123/><N who="0" m="47178" /><D38/><U81/><E129/><V108/><F74/><W98/><G2/><T78/><D1/><U117/><E117/><V49/><F3/><W80/><G31/><N who="0" m="19687" /><D134/><U73/><E28/><V10/><F25/><W6/><G6/><T91/><D26/><U35/><E8/><V87/><F100/><W54/><G98/><N who="0" m="59615" /><D78/><N who="1" m="44239" /><E35/><V75/><F75/><W90/><G90/><T0/><D0/><U47/><E47/><V17/><F87/><W115/><G115/><AGARI ba="0,0" hai="51,53,59,88,94,97,114,115,132,133,135" m="44239" machi="115" ten="30,11600,0" yaku="20,1,52,2,54,1" doraHai="109" who="1" fromWho="3" sc="237,0,283,116,240,0,240,-116" /><INIT seed="1,1,0,5,4,110" ten="237,399,240,124" oya="1" hai0="28,131,108,18,54,32,83,80,112,94,132,119,64" hai1="66,41,29,10,73,121,7,75,40,1,92,130,25" hai2="43,37,49,42,65,105,113,2,102,0,8,33,85" hai3="20,95,15,50,99,9,122,53,133,21,47,63,6"/><U3/><E121/><V127/><F33/><W97/><G133/><T98/><D119/><U55/><E130/><V22/><F37/><W126/><G126/><T88/><D108/><U116/><E116/><V109/><F109/><W68/><G122/><T72/><D131/><U124/><E124/><V67/><F127/><W114/><G114/><T44/><D132/><U35/><E66/><V76/><F102/><W74/><G74/><T46/><D64/><U51/><E1/><V104/><F22/><W31/><G68/><T123/><D112/><U93/><E73/><V71/><F71/><W23/><G63/><T70/><D70/><U81/><E92/><V57/><F113/><W34/><G34/><T129/><D72/><U38/><E38/><V107/><F57/><W30/><REACH who="3" step="1"/><G99/><REACH who="3" ten="237,399,240,114" step="2"/><N who="0" m="57799" /><D123/><U26/><E75/><V87/><F67/><W120/><G120/><T100/><D32/><U84/><E35/><V134/><F65/><W91/><AGARI ba="1,1" hai="6,9,15,20,21,23,30,31,47,50,53,91,95,97" machi="91" ten="30,4000,0" yaku="1,1,0,1,8,1,53,0" doraHai="110" doraHaiUra="103" who="3" fromWho="3" sc="237,-11,399,-21,240,-11,114,53" /><INIT seed="2,0,0,3,5,48" ten="226,378,229,167" oya="2" hai0="93,62,40,130,49,76,123,54,78,16,97,33,17" hai1="24,41,42,81,63,95,39,34,120,43,127,29,118" hai2="132,96,105,69,14,50,111,12,4,122,88,60,66" hai3="98,117,84,119,19,91,13,99,73,87,25,52,104"/><V27/><F122/><W103/><G73/><T11/><D123/><U114/><E118/><V116/><F116/><W79/><G25/><T86/><D33/><U57/><E114/><V112/><F112/><W32/><G32/><T102/><D130/><U7/><E120/><V30/><F132/><W75/><G99/><T5/><D40/><U0/><E127/><V126/><F126/><W8/><G87/><T100/><D62/><U59/><E81/><V47/><F111/><W64/><G64/><T110/><D110/><U1/><E59/><V58/><F4/><W129/><G129/><T82/><D102/><U67/><E39/><V107/><F107/><W26/><G26/><T22/><D22/><U35/><E35/><V38/><F38/><W20/><G20/><T55/><D78/><U51/><E7/><V134/><F134/><W70/><G70/><T56/><D55/><U106/><E106/><V125/><F125/><W124/><G124/><T89/><D100/><U45/><REACH who="1" step="1"/><E95/><REACH who="1" ten="226,368,229,167" step="2"/><N who="2" m="56423" /><F105/><W101/><G101/><T2/><AGARI ba="0,1" hai="2,5,11,16,17,49,54,56,76,82,86,89,93,97" machi="2" ten="20,5200,0" yaku="0,1,7,1,52,1,54,1" doraHai="48" who="0" fromWho="0" sc="226,62,368,-13,229,-26,167,-13" /><INIT seed="3,0,0,2,0,108" ten="288,355,203,154" oya="3" hai0="64,79,76,24,120,15,114,25,127,99,112,75,109" hai1="51,69,43,9,59,86,32,95,40,0,57,60,123" hai2="33,132,8,44,121,98,11,88,46,103,38,13,84" hai3="10,47,61,128,37,104,6,82,65,89,111,81,78"/><W27/><G104/><T117/><D117/><U3/><E123/><V2/><F33/><W41/><G111/><T119/><D119/><U74/><E74/><V77/><F2/><W53/><G128/><T97/><D109/><U20/><E32/><V16/><F77/><N who="0" m="29770" /><D75/><U48/><E69/><V130/><F130/><W55/><G27/><N who="0" m="10315" /><D120/><U87/><E20/><V45/><F132/><W54/><G89/><T102/><D64/><U35/><E95/><N who="2" m="58847" /><F38/><W36/><G36/><T85/><D102/><U96/><E60/><V29/><F121/><W19/><G19/><T70/><D70/><U83/><E35/><V58/><F58/><W113/><G113/><N who="0" m="43627" /><D127/><U73/><E73/><V52/><F29/><W56/><REACH who="3" step="1"/><G78/><REACH who="3" ten="288,355,203,144" step="2"/><T91/><D15/><AGARI ba="0,1" hai="6,10,15,37,41,47,53,54,55,56,61,65,81,82" machi="15" ten="40,3900,0" yaku="1,1,2,1,53,0" doraHai="108" doraHaiUra="28" who="3" fromWho="0" sc="288,-39,355,0,203,0,144,49" /><INIT seed="3,1,0,5,3,89" ten="249,355,203,193" oya="3" hai0="10,40,112,120,42,26,100,3,58,57,24,85,95" hai1="14,99,67,104,83,63,19,130,105,43,91,27,77" hai2="110,129,68,88,114,21,102,84,92,76,51,1,2" hai3="86,45,71,117,75,64,32,39,66,73,96,123,78"/><W22/><G117/><T56/><D120/><U109/><E109/><V108/><F114/><W118/><G118/><T82/><D112/><U128/><E43/><N who="0" m="16425" /><D3/><U52/><E52/><V65/><F129/><N who="1" m="49769" /><E27/><N who="0" m="10281" /><D10/><N who="1" m="6615" /><E91/><V59/><F21/><W106/><G32/><T50/><D50/><U90/><E90/><V135/><F135/><W94/><G123/><T127/><D127/><U11/><E11/><V81/><F102/><N who="3" m="62791" /><G39/><T60/><D95/><U53/><E53/><V124/><F124/><W79/><G45/><T33/><D33/><U93/><E93/><V133/><F133/><W5/><G22/><T7/><D7/><U30/><E99/><V36/><F1/><W80/><G5/><T69/><D69/><N who="1" m="42239" /><E30/><V70/><F2/><W15/><G15/><T74/><D74/><AGARI ba="1,0" hai="74,77,83,104,105" m="42239,6615,49769" machi="74" ten="30,1000,0" yaku="19,1" doraHai="89" who="1" fromWho="0" sc="249,-13,355,13,203,0,193,0" owari="236,3.6,368,46.8,203,-19.7,193,-30.7" /></mjloggm>