<mjloggm ver="2.3"><GO type="225" lobby="0"/><UN n0="%6D%75%75%73%61%6E%6D%75" n1="%E3%82%A2%E3%83%A1%E3%82%A2%E3%83%A9%E3%83%AC" n2="%E3%81%A4%E3%81%A3%E3%81%B1%E3%82%8A%E3%83%9D%E3%83%BC%E3%83%AB" n3="%E6%9D%B1%E9%A2%A8%E3%81%AE%E3%81%8D%E3%82%83%E3%81%B7%E3%81%95%E3%82%93" dan="16,16,17,17" rate="2134.00,2192.37,2179.49,2190.50" sx="F,M,M,M"/><TAIKYOKU oya="0"/><INIT seed="0,0,0,1,5,57" ten="250,250,250,250" oya="0" hai0="117,87,5,112,35,133,90,132,56,54,104,37,24" hai1="49,34,58,15,9,111,48,60,123,118,107,23,10" hai2="26,81,103,11,116,45,70,82,91,39,94,115,83" hai3="93,134,52,43,121,62,14,0,127,8,31,16,59"/><T122/><D112/><U86/><E118/><V99/><F116/><W65/><G121/><T27/><D117/><U135/><E111/><V63/><F115/><W102/><G134/><N who="0" m="51819" /><D122/><U42/><E123/><V25/><F11/><W130/><G130/><T7/><D37/><U108/><E108/><V101/><F39/><W1/><G127/><T18/><D104/><U13/><E34/><V3/><F3/><W92/><G43/><T114/><D114/><U44/><E107/><V6/><F6/><N who="0" m="2058" /><D35/><U128/><E128/><V32/><F45/><W66/><G31/><T50/><D18/><U113/><E113/><V96/><F32/><W131/><G131/><T53/><D53/><U120/><E120/><V21/><F99/><N who="3" m="59751" /><G0/><T29/><D29/><U80/><E135/><V33/><F33/><W85/><G1/><T12/><D12/><N who="1" m="4683" /><E23/><V69/><F25/><W20/><G20/><T75/><D75/><U119/><E119/><V22/><F22/><W100/><G100/><T73/><D73/><U2/><E2/><V109/><F109/><W97/><G97/><T36/><D36/><U28/><E28/><V74/><F74/><W77/><G77/><T106/><D106/><U47/><E10/><V129/><F129/><W124/><G124/><T76/><D76/><N who="1" m="46343" /><E9/><V125/><F125/><W110/><G110/><T71/><D71/><N who="2" m="27146" /><F103/><W55/><G55/><T30/><D30/><U84/><E42/><V51/><F101/><W79/><G79/><T64/><D64/><N who="1" m="38935" /><E84/><N who="2" m="52583" /><F26/><W38/><G38/><T19/><D19/><U67/><E67/><N who="3" m="25610" /><G85/><T41/><D41/><U105/><E105/><RYUUKYOKU ba="0,0" sc="250,10,250,10,250,-30,250,10" hai0="24,27,50,54,56,87,90" hai1="44,47,48,49" hai3="8,14,16,52,59,62,93" /><INIT seed="0,1,0,4,0,33" ten="260,260,220,260" oya="0" hai0="37,6,20,46,114,82,78,125,28,117,1,76,43" hai1="91,14,113,42,40,50,127,83,5,3,106,36,2" hai2="130,7,102,10,95,56,11,30,53,97,73,64,32" hai3="104,58,81,135,128,77,105,27,52,101,119,54,115"/><T96/><D114/><U129/><E129/><V25/><F130/><W24/><G119/><T109/><D117/><U66/><E106/><V123/><F123/><W34/><G128/><T22/><D125/><U131/><E36/><V51/><F73/><W57/><G115/><T74/><D109/><U47/><E131/><V44/><F64/><W9/><G9/><N who="0" m="2255" /><D28/><U16/><E113/><V13/><REACH who="2" step="1"/><F11/><REACH who="2" ten="260,260,210,260" step="2"/><W69/><G69/><T134/><D134/><U61/><E127/><V99/><F99/><W90/><G135/><T26/><D96/><U111/><E111/><V122/><F122/><W110/><G110/><T124/><D124/><U132/><E132/><V116/><F116/><W94/><G34/><T72/><D26/><U98/><E98/><V88/><F88/><W75/><G24/><T89/><D89/><U38/><E91/><V67/><F67/><W86/><G27/><T120/><D120/><U39/><E66/><V49/><F49/><W71/><G71/><T79/><D79/><U70/><E50/><V112/><F112/><W8/><G101/><T126/><D126/><U23/><E70/><V59/><AGARI ba="1,1" hai="7,10,13,25,30,32,44,51,53,56,59,95,97,102" machi="59" ten="30,2000,0" yaku="1,1,0,1,53,0" doraHai="33" doraHaiUra="62" who="2" fromWho="2" sc="260,-11,260,-6,210,33,260,-6" /><INIT seed="1,0,0,5,0,46" ten="249,254,243,254" oya="1" hai0="76,57,130,69,4,79,83,25,61,3,97,80,18" hai1="127,59,37,47,36,38,30,17,56,135,112,5,125" hai2="66,113,93,27,114,26,133,90,60,126,64,117,50" hai3="72,34,129,23,44,74,111,108,9,110,86,81,49"/><U73/><E73/><V101/><F117/><W70/><G70/><T42/><D130/><U28/><E112/><N who="2" m="43115" /><F133/><W11/><G34/><T19/><D69/><U15/><E5/><V6/><F126/><N who="1" m="48137" /><E47/><V7/><F101/><W53/><G129/><T67/><D42/><U115/><E115/><V98/><F50/><W84/><G23/><T96/><D3/><U82/><E82/><V8/><F7/><W35/><G35/><T65/><D4/><U54/><E135/><V58/><F66/><W52/><G53/><T89/><D25/><U85/><E85/><N who="3" m="32874" /><G74/><T88/><D57/><N who="1" m="22091" /><E54/><V105/><F105/><W63/><G63/><AGARI ba="0,0" hai="18,19,61,63,65,67,76,79,80,83,88,89,96,97" machi="63" ten="25,6400,0" yaku="22,2,8,1,54,1" doraHai="46" who="0" fromWho="3" sc="249,64,254,0,243,0,254,-64" /><INIT seed="2,0,0,2,3,65" ten="313,254,243,190" oya="2" hai0="81,133,94,49,117,118,128,20,41,0,74,11,132" hai1="28,106,60,135,70,121,134,124,13,111,123,55,12" hai2="87,19,77,126,84,45,39,119,122,6,96,113,120" hai3="52,47,82,62,37,114,1,22,3,116,100,125,61"/><V83/><F113/><W44/><G114/><T109/><D109/><U35/><E111/><V32/><F32/><W101/><G116/><N who="0" m="44651" /><D128/><U53/><E124/><V4/><F119/><W85/><G125/><T42/><D94/><U72/><E72/><V59/><F126/><W23/><G37/><T67/><D67/><N who="1" m="41319" /><E106/><V56/><F96/><W69/><G69/><T104/><D104/><U14/><E28/><V131/><F131/><W112/><G112/><T110/><D110/><U89/><E35/><V16/><F45/><W129/><G129/><T24/><D11/><U107/><E107/><V54/><F54/><N who="1" m="20489" /><E89/><V71/><F39/><W18/><G52/><T115/><D0/><U80/><E80/><V26/><F71/><W34/><G34/><T73/><D115/><U9/><E9/><V38/><F38/><W78/><G82/><T21/><D21/><U50/><E50/><V103/><F83/><W130/><G130/><T108/><D49/><U127/><E127/><V25/><F77/><W40/><G78/><N who="0" m="44239" /><D74/><U15/><N who="1" m="3072" /><DORA hai="66" /><U2/><E2/><V30/><F30/><W17/><REACH who="3" step="1"/><G40/><REACH who="3" ten="313,254,243,180" step="2"/><N who="0" m="15467" /><D108/><U7/><E7/><V79/><F79/><W105/><G105/><T48/><D48/><U8/><E8/><V88/><F4/><W46/><G46/><T75/><D75/><U92/><E92/><V51/><F6/><W99/><G99/><T93/><D93/><U43/><E43/><V57/><F51/><W27/><G27/><T5/><D5/><U31/><E123/><V29/><F122/><W63/><G63/><T91/><D24/><U58/><E121/><RYUUKYOKU ba="0,1" sc="313,-10,254,-10,243,-10,180,30" hai3="1,3,17,18,22,23,44,47,61,62,85,100,101" /><INIT seed="3,1,1,4,0,50" ten="303,244,233,210" oya="3" hai0="119,42,56,76,44,112,71,15,13,17,125,28,87" hai1="62,90,5,11,3,46,96,26,35,40,99,6,54" hai2="19,69,127,118,89,93,72,134,58,29,129,109,123" hai3="27,103,45,107,37,36,55,86,124,94,49,60,18"/><W95/><G124/><T106/><D71/><U135/><E135/><V74/><F69/><W100/><G107/><T22/><D119/><U83/><E6/><V73/><F118/><W130/><G130/><T81/><D106/><U34/><E99/><V116/><F116/><W51/><G37/><T48/><D125/><U59/><E26/><V52/><F127/><W47/><G36/><T102/><D112/><U4/><E4/><V88/><F29/><W9/><G60/><T8/><D102/><N who="3" m="38953" /><G86/><T111/><D111/><U63/><E63/><V67/><F109/><W32/><G32/><T33/><D33/><U128/><E128/><V117/><F117/><W25/><G9/><T53/><D28/><U110/><E110/><V79/><F129/><W75/><G75/><T16/><D42/><U70/><E70/><V66/><F134/><W82/><G82/><T14/><D56/><U77/><E90/><V97/><F123/><W108/><G108/><T126/><D126/><U101/><E96/><V80/><F89/><W115/><G115/><T65/><D65/><U2/><E2/><V21/><F67/><W7/><G7/><T85/><D87/><U31/><E101/><V12/><F66/><W23/><G25/><AGARI ba="1,1" hai="8,13,14,15,16,17,22,25,44,48,53,76,81,85" machi="25" ten="30,7700,0" yaku="7,1,8,1,52,1,54,1" doraHai="50" who="0" fromWho="3" sc="303,90,244,0,233,0,210,-80" owari="393,49.3,244,4.4,233,-16.7,130,-37.0" /></mjloggm>