<mjloggm ver="2.3"><GO type="225" lobby="0"/><UN n0="%E6%9D%B1%E9%A2%A8%E3%81%AE%E3%81%8D%E3%82%83%E3%81%B7%E3%81%95%E3%82%93" n1="%77%72%77%72%77%72%77%72" n2="%E4%BA%95%E5%B8%AF" n3="%E5%A4%9C%E3%81%AE%E3%82%AC%E3%82%B9%E3%83%91%E3%83%BC%E3%83%AB" dan="16,16,16,16" rate="2190.83,2172.64,2037.34,2126.01" sx="M,M,M,M"/><TAIKYOKU oya="0"/><INIT seed="0,0,0,1,2,91" ten="250,250,250,250" oya="0" hai0="70,48,62,39,10,49,130,52,103,7,47,2,35" hai1="30,122,54,76,108,20,65,44,126,124,77,41,50" hai2="64,21,117,100,98,82,69,56,134,57,112,61,78" hai3="26,73,119,63,8,43,12,95,101,28,0,18,94"/><T67/><D130/><U23/><E122/><V99/><F112/><W127/><G119/><T79/><D35/><U14/><E108/><V16/><F134/><W74/><G0/><T32/><D32/><U22/><E65/><V31/><F31/><W97/><G127/><N who="1" m="48682" /><E30/><V72/><F99/><W107/><G43/><T1/><D79/><N who="1" m="30283" /><E54/><V29/><F29/><W3/><G3/><T81/><D81/><U132/><E132/><V87/><F72/><W90/><G63/><T105/><D39/><U51/><E14/><V131/><F131/><W123/><G123/><T106/><D103/><U93/><E93/><V37/><F37/><AGARI ba="0,0" hai="20,22,23,37,41,44,50,51" m="30283,48682" machi="37" ten="30,1000,0" yaku="18,1" doraHai="91" who="1" fromWho="2" sc="250,0,250,10,250,-10,250,0" /><INIT seed="1,0,0,5,2,3" ten="250,260,240,250" oya="1" hai0="43,105,26,35,77,29,47,63,9,131,83,93,4" hai1="74,114,51,106,129,13,52,78,94,44,53,80,73" hai2="48,15,62,64,32,98,89,107,17,28,12,22,25" hai3="56,20,14,60,97,10,50,1,117,124,0,115,37"/><U38/><E106/><V126/><F126/><W132/><G115/><T101/><D131/><U109/><E114/><V30/><F48/><W70/><G37/><T119/><D63/><U95/><E129/><V16/><F30/><W75/><G75/><T33/><D119/><U49/><E38/><V127/><F127/><W42/><G124/><T24/><D105/><U135/><E135/><V118/><F118/><W103/><G117/><T57/><D57/><U7/><E109/><V102/><F89/><W85/><G20/><T40/><D93/><U45/><REACH who="1" step="1"/><E74/><REACH who="1" ten="250,250,240,250" step="2"/><V6/><F6/><W72/><G72/><T88/><D4/><U84/><E84/><V11/><F64/><W71/><G85/><T67/><D67/><U87/><E87/><V81/><REACH who="2" step="1"/><F62/><REACH who="2" ten="250,250,230,250" step="2"/><W125/><G125/><T128/><D128/><U68/><E68/><V31/><F31/><W113/><G132/><T21/><D29/><U61/><E61/><V92/><F92/><W91/><G113/><T41/><D77/><U104/><E104/><V34/><F34/><W59/><G60/><T27/><D33/><U79/><E79/><V108/><F108/><W54/><G71/><T100/><D35/><U111/><E111/><V82/><AGARI ba="0,2" hai="11,12,15,16,17,22,25,28,32,81,82,98,102,107" machi="82" ten="30,4000,0" yaku="1,1,0,1,54,1,53,0" doraHai="3" doraHaiUra="69" who="2" fromWho="2" sc="250,-10,250,-20,230,60,250,-10" /><INIT seed="2,0,0,4,4,108" ten="240,230,290,240" oya="2" hai0="101,87,26,28,120,35,51,112,40,1,20,9,22" hai1="65,118,23,55,123,27,132,75,93,100,59,78,125" hai2="67,38,53,91,73,49,6,41,10,98,31,44,83" hai3="115,4,29,92,70,0,42,43,61,63,50,33,107"/><V135/><F135/><W18/><G107/><T60/><D101/><U102/><E118/><V89/><F31/><W25/><G18/><T16/><D120/><U46/><E123/><V133/><F67/><W57/><G115/><T90/><D112/><U88/><E132/><V62/><F62/><W69/><G4/><T52/><D60/><N who="1" m="38047" /><E75/><V80/><F133/><W110/><G0/><T8/><D40/><U13/><E78/><V106/><F83/><W66/><G110/><T122/><D122/><U94/><E94/><V127/><F127/><W86/><G50/><T17/><D35/><U14/><E46/><V97/><F97/><W126/><G126/><T104/><D104/><U124/><E55/><V45/><F98/><W36/><G36/><T129/><D129/><U32/><E32/><V64/><F64/><W3/><G3/><T30/><D1/><U117/><E117/><V109/><F109/><W21/><G33/><T48/><D48/><U15/><E125/><V77/><REACH who="2" step="1"/><F106/><REACH who="2" ten="240,230,280,240" step="2"/><W119/><G119/><T2/><D30/><N who="1" m="17791" /><E124/><V11/><F11/><W54/><G70/><T19/><D2/><AGARI ba="0,1" hai="2,6,10,38,41,44,45,49,53,73,77,80,89,91" machi="2" ten="30,11600,0" yaku="1,1,7,1,25,2,53,0" doraHai="108" doraHaiUra="58" who="2" fromWho="0" sc="240,-116,230,0,280,126,240,0" /><INIT seed="2,1,0,4,1,51" ten="124,230,406,240" oya="2" hai0="115,53,42,70,133,45,129,28,92,36,3,21,67" hai1="34,71,31,56,2,78,14,75,63,99,90,126,39" hai2="135,32,119,61,59,87,103,118,26,120,96,113,41" hai3="27,5,130,40,132,134,52,85,19,111,116,64,106"/><V109/><F120/><W74/><G116/><T29/><D115/><U82/><E2/><V33/><F113/><W20/><G74/><T49/><D133/><N who="3" m="51305" /><G111/><T17/><D129/><U104/><E126/><V102/><F135/><W6/><G130/><T4/><D3/><U86/><E39/><V84/><F41/><W117/><G117/><T35/><D4/><U100/><E71/><V110/><F26/><W24/><G106/><T16/><D35/><U91/><E14/><V23/><F23/><W72/><G72/><T12/><D17/><U125/><E125/><V57/><F96/><W95/><G64/><T114/><D114/><U25/><REACH who="1" step="1"/><E75/><REACH who="1" ten="124,220,406,240" step="2"/><V43/><F119/><W124/><G124/><T10/><D10/><U44/><E44/><V18/><F118/><W13/><G13/><T128/><D128/><U76/><E76/><V98/><F110/><W127/><G127/><T15/><D15/><U121/><E121/><V55/><F109/><W54/><G27/><T88/><D70/><U38/><E38/><V66/><F57/><W37/><G6/><T105/><D105/><U65/><AGARI ba="1,1" hai="25,31,34,56,63,65,78,82,86,90,91,99,100,104" machi="65" ten="20,2700,0" yaku="1,1,0,1,7,1,53,0" doraHai="51" doraHaiUra="7" who="1" fromWho="1" sc="124,-8,220,40,406,-14,240,-8" /><INIT seed="3,0,0,4,1,126" ten="116,260,392,232" oya="3" hai0="82,32,61,117,3,43,4,118,42,91,33,58,1" hai1="28,65,39,71,34,29,18,127,45,75,90,113,46" hai2="97,92,64,69,44,20,41,80,26,5,15,12,132" hai3="100,8,111,84,47,54,123,31,25,110,79,93,40"/><W107/><G123/><T48/><D82/><U94/><E113/><V99/><F132/><W49/><G107/><T98/><D91/><U128/><E75/><V38/><F99/><W77/><G8/><T17/><D98/><U24/><E39/><V95/><F92/><W129/><G129/><T53/><D17/><U55/><E128/><V131/><F131/><W52/><G100/><T122/><D122/><U60/><E29/><V11/><F80/><N who="3" m="47119" /><G93/><T85/><D85/><U10/><E127/><V81/><F81/><W83/><G25/><T27/><D27/><U56/><E18/><V133/><F133/><W102/><G31/><T87/><D87/><U19/><E19/><V124/><F124/><W72/><G102/><T66/><D4/><U125/><E10/><V62/><F5/><W9/><G9/><T14/><D14/><U96/><E125/><V73/><F11/><W6/><G6/><T51/><D58/><U103/><E90/><V108/><F73/><W106/><G106/><T134/><D61/><AGARI ba="0,0" hai="24,28,34,45,46,55,56,60,61,65,71,94,96,103" machi="61" ten="30,1000,0" yaku="7,1" doraHai="126" who="1" fromWho="0" sc="116,-10,260,10,392,0,232,0" owari="106,-39.4,270,7.0,392,49.2,232,-16.8" /></mjloggm>