<mjloggm ver="2.3"><GO type="225" lobby="0"/><UN n0="%74%61%6B%75%61%6B%61" n1="%E9%B3%B3%E6%9D%B1%E3%81%AE%E3%81%86%E3%81%95%E3%81%8E%E3%81%95%E3%82%93" n2="%33%74%72%65%65" n3="%E4%B8%AD%E5%B9%B4%E3%81%AE%E5%8D%B1%E6%A9%9F" dan="17,16,17,17" rate="2224.68,2135.92,2246.14,2157.63" sx="M,M,F,M"/><TAIKYOKU oya="0"/><INIT seed="0,0,0,2,5,128" ten="250,250,250,250" oya="0" hai0="123,122,117,42,132,31,118,3,71,27,34,72,77" hai1="70,50,48,102,64,33,14,55,18,83,54,80,24" hai2="115,98,9,106,79,45,89,46,68,22,38,25,12" hai3="28,86,2,131,56,110,60,21,109,62,6,39,66"/><T100/><D42/><U87/><E102/><V13/><F115/><W1/><G39/><T74/><D100/><U108/><E108/><N who="3" m="41578" /><G131/><T113/><D113/><U104/><E104/><V4/><F68/><W119/><G6/><T40/><D40/><U97/><E97/><V0/><F79/><W35/><G35/><T26/><D71/><U15/><E70/><V49/><F38/><W65/><G86/><T58/><D58/><U96/><E96/><V95/><F106/><W43/><G43/><T130/><D130/><U124/><E124/><V82/><F82/><W91/><G91/><T11/><D26/><U37/><E37/><V92/><F92/><W114/><G114/><T111/><D111/><U94/><E94/><V116/><F116/><N who="0" m="44650" /><D77/><U32/><E24/><V134/><F25/><N who="3" m="16431" /><G119/><T23/><D34/><U51/><E32/><V5/><F89/><W7/><G7/><N who="0" m="1535" /><D72/><U53/><E33/><V75/><F75/><W133/><G2/><T44/><D74/><U16/><E14/><V57/><F12/><W85/><G1/><T120/><D44/><U125/><E15/><V101/><F45/><W52/><G66/><T17/><D31/><U103/><E64/><V121/><F46/><W19/><G65/><T30/><D30/><U47/><E103/><V29/><F29/><W78/><G78/><T99/><D99/><U61/><E47/><V126/><F98/><W81/><G56/><T88/><D88/><U135/><E53/><V105/><F57/><W112/><G112/><T90/><D90/><U63/><E54/><V10/><F101/><W69/><G69/><RYUUKYOKU ba="0,0" sc="250,30,250,-10,250,-10,250,-10" hai0="17,23,27,120,122,123,132" /><INIT seed="0,1,0,4,0,3" ten="280,240,240,240" oya="0" hai0="68,0,39,51,56,41,112,48,73,13,121,31,97" hai1="95,46,37,63,83,102,61,108,84,4,94,72,76" hai2="21,79,91,40,47,118,20,58,16,36,54,65,6" hai3="67,98,66,74,135,23,127,125,71,78,15,52,25"/><T123/><D0/><U18/><E108/><V42/><F118/><W107/><G71/><T113/><D73/><U7/><E37/><V114/><F114/><N who="0" m="44138" /><D31/><U32/><E32/><V82/><F42/><W89/><G135/><T131/><D13/><U119/><E119/><V122/><F122/><N who="0" m="46602" /><D97/><N who="1" m="59703" /><E72/><V111/><F111/><W45/><G78/><T1/><D1/><U30/><E30/><V69/><F91/><W26/><G74/><T87/><D87/><N who="1" m="48615" /><E46/><V75/><F75/><W85/><G125/><T130/><D68/><U55/><E18/><V70/><F16/><N who="3" m="10655" /><G127/><T8/><D8/><U116/><E116/><V62/><F70/><W34/><G107/><T110/><D110/><U120/><E120/><V132/><F79/><W2/><G2/><T24/><D24/><N who="3" m="9321" /><G98/><T104/><D104/><U29/><E29/><V11/><F82/><N who="3" m="49335" /><G34/><T109/><D109/><U35/><E35/><V96/><F96/><W49/><AGARI ba="1,0" hai="45,49,52,66,67" m="49335,9321,10655" machi="49" ten="30,4000,0" yaku="8,1,54,2" doraHai="3" who="3" fromWho="3" sc="280,-21,240,-11,240,-11,240,43" /><INIT seed="1,0,0,5,4,27" ten="259,229,229,283" oya="1" hai0="40,45,53,5,91,111,120,116,47,6,57,76,21" hai1="18,82,23,107,88,65,39,68,33,3,129,56,117" hai2="26,103,127,126,93,7,134,98,49,30,34,101,90" hai3="62,125,121,135,0,36,73,8,81,52,38,77,99"/><U74/><E117/><V92/><F134/><W10/><G121/><T86/><D116/><U1/><E68/><V106/><F7/><W31/><G135/><T11/><D111/><U9/><E33/><V119/><F119/><W70/><G125/><N who="2" m="47625" /><F106/><W102/><G10/><T114/><D114/><U80/><E107/><V48/><F101/><W104/><G8/><T84/><D21/><U17/><E39/><V58/><F58/><W132/><G132/><T67/><D67/><U64/><E129/><V96/><AGARI ba="0,0" hai="26,30,34,48,49,90,92,93,96,98,103" m="47625" machi="96" ten="30,2000,0" yaku="18,1,52,1" doraHai="27" who="2" fromWho="2" sc="259,-5,229,-10,229,20,283,-5" /><INIT seed="2,0,0,5,2,127" ten="254,219,249,278" oya="2" hai0="59,117,29,35,91,108,43,14,129,51,5,30,36" hai1="61,73,132,72,110,93,32,109,12,88,74,27,21" hai2="104,10,9,6,114,22,68,106,15,18,53,4,122" hai3="45,84,58,62,60,17,64,123,56,41,33,70,92"/><V37/><F68/><W130/><G33/><T48/><D36/><U126/><E126/><V133/><F37/><W82/><G123/><T1/><D1/><U16/><E61/><V121/><F53/><W102/><G130/><T119/><D35/><U105/><E105/><V103/><F103/><W2/><G2/><T31/><D108/><N who="1" m="41579" /><E132/><V47/><F47/><W13/><G92/><T83/><D43/><U79/><E79/><V71/><F71/><W85/><G102/><T80/><D129/><U89/><E93/><V96/><F96/><W44/><G70/><T66/><D117/><U86/><E86/><V19/><F133/><W42/><G82/><N who="0" m="31275" /><D91/><N who="1" m="34891" /><E32/><V95/><F95/><W101/><G101/><T25/><D119/><U97/><E97/><V3/><F106/><W39/><G13/><AGARI ba="0,0" hai="12,13,16,21,27,72,73,74" m="34891,41579" machi="13" ten="40,5200,0" yaku="14,1,54,2" doraHai="127" who="1" fromWho="3" sc="254,0,219,52,249,0,278,-52" /><INIT seed="3,0,0,4,4,99" ten="254,271,249,226" oya="3" hai0="81,125,122,21,61,134,91,89,63,26,87,72,49" hai1="92,106,127,25,40,123,96,100,78,28,76,84,13" hai2="98,131,2,94,17,54,73,85,117,48,58,15,93" hai3="67,8,45,101,126,83,130,104,124,75,50,23,18"/><W30/><G130/><T97/><D122/><U133/><E123/><V24/><F73/><W46/><G67/><T102/><D125/><N who="3" m="48233" /><G30/><T4/><D72/><U66/><E127/><V119/><F131/><W56/><G8/><T16/><D134/><U37/><E133/><V57/><F117/><W113/><G113/><T112/><D112/><U22/><E66/><V103/><F119/><W74/><G74/><T82/><D4/><U10/><E37/><V108/><F2/><W47/><G75/><T33/><D33/><U90/><REACH who="1" step="1"/><E40/><REACH who="1" ten="254,261,249,226" step="2"/><V20/><F108/><W14/><G83/><T64/><D64/><U77/><E77/><V132/><F132/><W71/><G71/><T129/><D129/><U111/><E111/><V7/><F58/><W65/><G65/><T43/><D81/><U135/><E135/><V11/><REACH who="2" step="1"/><F85/><REACH who="2" ten="254,261,239,226" step="2"/><W19/><G56/><T36/><D87/><U34/><E34/><V120/><F120/><W80/><G80/><T105/><D82/><U12/><E12/><V39/><F39/><W31/><G14/><T27/><D36/><U109/><E109/><V35/><F35/><W114/><G114/><T107/><D27/><U115/><E115/><V70/><F70/><W6/><G46/><T32/><D32/><U5/><AGARI ba="0,2" hai="5,10,13,22,25,28,76,78,84,90,92,96,100,106" machi="5" ten="20,5200,0" yaku="1,1,0,1,7,1,52,1,53,0" doraHai="99" doraHaiUra="53" who="1" fromWho="1" sc="254,-13,261,72,239,-13,226,-26" owari="241,4.1,333,43.3,226,-17.4,200,-30.0" /></mjloggm>