<mjloggm ver="2.3"><GO type="225" lobby="0"/><UN n0="%74%61%6B%75%61%6B%61" n1="%E9%80%9F%E6%B0%B4%E5%87%9B%E9%A6%99" n2="%E9%B3%B3%E6%9D%B1%E3%81%AE%E3%81%86%E3%81%95%E3%81%8E%E3%81%95%E3%82%93" n3="%E3%83%B4%E3%82%A3%E3%83%AF%E3%82%B3%E3%82%B0%E3%83%8B" dan="17,16,16,16" rate="2189.01,2170.35,2162.65,2155.51" sx="M,F,M,M"/><TAIKYOKU oya="0"/><INIT seed="0,0,0,5,5,63" ten="250,250,250,250" oya="0" hai0="36,88,18,5,106,85,66,104,111,102,40,23,95" hai1="67,110,120,4,6,117,86,20,105,33,1,133,81" hai2="62,124,107,134,64,116,100,49,9,112,35,7,87" hai3="132,31,43,53,42,80,51,98,24,37,60,50,99"/><T47/><D111/><U3/><E33/><V83/><F112/><W46/><G132/><T61/><D5/><U135/><E105/><V30/><F134/><N who="1" m="51209" /><E120/><V17/><F124/><W39/><G80/><T101/><D106/><U127/><E117/><V82/><F116/><W77/><G77/><T122/><D104/><U118/><E118/><V114/><F17/><W13/><G13/><T113/><D113/><U68/><E110/><V126/><F49/><W41/><G60/><T128/><D128/><U108/><E108/><V119/><F126/><W65/><G65/><T109/><D109/><U129/><E129/><V44/><F44/><W91/><G50/><T58/><REACH who="0" step="1"/><D122/><REACH who="0" ten="240,250,250,250" step="2"/><U26/><E4/><V55/><F107/><W52/><G39/><T32/><D32/><U10/><E127/><V103/><F35/><W19/><G37/><T72/><D72/><U22/><E1/><V74/><F74/><W48/><G19/><T57/><D57/><U130/><E130/><V73/><F73/><W76/><G76/><T11/><D11/><U70/><E10/><V121/><F9/><W59/><REACH who="3" step="1"/><G91/><REACH who="3" ten="240,250,250,240" step="2"/><T75/><D75/><U131/><E131/><V16/><F119/><W94/><G94/><T21/><D21/><AGARI ba="0,2" hai="21,24,31,41,42,43,46,48,51,52,53,59,98,99" machi="21" ten="40,5200,0" yaku="1,1,8,1,54,1,53,0" doraHai="63" doraHaiUra="78" who="3" fromWho="0" sc="240,-52,250,0,250,0,240,72" /><INIT seed="1,0,0,5,4,81" ten="188,250,250,312" oya="1" hai0="72,42,131,46,101,108,111,65,104,50,59,20,118" hai1="0,71,110,62,115,119,6,92,7,135,49,45,130" hai2="27,34,4,56,120,121,89,66,17,9,95,75,69" hai3="25,85,28,125,90,134,106,122,88,22,39,113,70"/><U8/><E119/><V26/><F69/><W93/><G122/><T80/><D118/><U82/><E115/><V18/><F75/><W112/><G39/><T68/><D131/><U23/><E130/><V1/><F66/><W116/><G116/><T97/><D68/><U63/><E135/><V98/><F56/><W21/><G106/><T114/><D114/><U35/><E35/><V91/><F91/><W100/><G100/><T102/><D102/><U29/><E110/><V84/><F98/><W64/><G125/><T38/><D20/><U52/><E71/><V14/><F18/><W87/><G21/><T127/><D127/><U103/><E7/><V51/><F51/><W19/><G19/><T117/><D117/><U36/><E36/><V78/><F78/><W48/><G48/><T107/><D107/><U61/><E82/><V96/><F96/><W33/><G22/><T57/><D65/><U15/><E0/><V123/><REACH who="2" step="1"/><F34/><REACH who="2" ten="188,250,240,312" step="2"/><W129/><G70/><T126/><D126/><U11/><E63/><V44/><F44/><W60/><G60/><T2/><D57/><U109/><E62/><V37/><F37/><W58/><G64/><T133/><D59/><U3/><E61/><V13/><F13/><W128/><G58/><T55/><D38/><U31/><E15/><V24/><F24/><W43/><G128/><T79/><D2/><U76/><E3/><V41/><F41/><W124/><G129/><T30/><D42/><U74/><E49/><V12/><F12/><W77/><G43/><T94/><D79/><U132/><E76/><V32/><F32/><RYUUKYOKU ba="0,1" sc="188,-10,250,-10,240,30,312,-10" hai2="1,4,9,14,17,26,27,84,89,95,120,121,123" /><INIT seed="2,1,1,2,5,44" ten="178,240,270,302" oya="2" hai0="111,63,45,18,80,125,85,6,59,13,7,122,55" hai1="5,43,97,24,131,100,124,102,71,54,95,33,98" hai2="117,84,56,67,37,110,89,42,112,123,25,66,133" hai3="39,90,107,2,27,74,119,104,31,126,30,68,81"/><V127/><F112/><W49/><G39/><T134/><D111/><U115/><E71/><V62/><F117/><W103/><G2/><T41/><D125/><U40/><E115/><V21/><F123/><W101/><G68/><T76/><D134/><U128/><E124/><V118/><F118/><W34/><G126/><T109/><D109/><U32/><E5/><V79/><F127/><W10/><G10/><T132/><D132/><U36/><E54/><V9/><F133/><W108/><G108/><T61/><D61/><U64/><E64/><V129/><F129/><N who="1" m="49737" /><E36/><V120/><F120/><W17/><G17/><T29/><D29/><N who="1" m="19495" /><E33/><V58/><F37/><W16/><G31/><T78/><D78/><U87/><E87/><V116/><F79/><W15/><G74/><T83/><D83/><U106/><AGARI ba="1,1" hai="40,43,95,97,98,100,102,106" m="19495,49737" machi="106" ten="30,1100,0" yaku="19,1" doraHai="44" who="1" fromWho="1" sc="178,-4,240,24,270,-6,302,-4" /><INIT seed="3,0,0,1,0,24" ten="174,264,264,298" oya="3" hai0="78,3,12,64,75,42,115,59,104,25,44,65,101" hai1="83,5,82,130,66,51,84,54,125,76,97,0,92" hai2="15,114,88,26,9,69,61,60,121,21,17,57,1" hai3="98,29,6,117,40,80,74,106,27,81,131,112,71"/><W23/><G112/><T93/><D104/><U129/><E66/><N who="0" m="25705" /><D75/><U41/><E41/><V126/><F126/><W86/><G117/><T43/><D3/><U95/><E5/><V79/><F114/><W128/><G71/><T123/><D123/><U99/><E0/><V32/><F69/><W85/><G40/><N who="0" m="15403" /><D115/><U50/><E54/><V118/><F118/><W38/><G38/><T16/><D44/><U73/><E50/><V94/><F79/><N who="3" m="44151" /><G6/><T35/><D35/><U103/><E51/><V120/><F32/><W116/><G116/><T105/><D105/><U133/><E133/><V30/><F1/><W10/><G10/><N who="0" m="6167" /><D78/><N who="1" m="46167" /><E125/><V108/><F108/><W31/><G106/><T58/><D25/><U124/><E124/><V70/><F70/><W119/><G119/><T100/><D93/><U7/><E7/><V89/><F89/><AGARI ba="0,0" hai="73,76,83,89,92,95,97,99,103,129,130" m="46167" machi="89" ten="30,2000,0" yaku="34,2" doraHai="24" who="1" fromWho="2" sc="174,0,264,20,264,-20,298,0" /><INIT seed="4,0,0,2,3,72" ten="174,284,244,298" oya="0" hai0="9,95,65,69,89,8,117,99,52,115,107,56,70" hai1="36,133,40,12,132,29,114,6,79,81,71,73,13" hai2="60,43,46,32,109,120,16,51,93,28,61,84,88" hai3="53,0,22,63,35,106,49,66,86,42,82,44,31"/><T15/><D117/><U91/><E71/><V113/><F109/><W74/><G106/><T20/><D115/><U124/><E124/><V27/><F120/><W64/><G35/><T57/><D107/><U135/><E114/><V121/><F121/><W24/><G0/><T122/><D122/><U129/><E129/><V118/><F113/><W19/><G74/><T45/><D70/><U34/><E91/><V67/><F118/><W3/><G3/><T26/><D69/><U4/><E29/><V38/><F67/><W134/><G134/><T80/><D80/><U96/><E96/><V131/><F131/><W130/><G31/><T104/><D104/><U59/><E59/><V7/><F7/><N who="1" m="2601" /><E34/><V87/><F38/><W47/><G130/><T25/><D15/><N who="1" m="5707" /><E40/><V62/><REACH who="2" step="1"/><F84/><REACH who="2" ten="174,284,234,298" step="2"/><W126/><G126/><T128/><D128/><U98/><E36/><V48/><F48/><N who="3" m="26647" /><G63/><N who="0" m="38127" /><D45/><U123/><E123/><V54/><F54/><W94/><G94/><T23/><D26/><U116/><E116/><V10/><F10/><N who="0" m="4202" /><D25/><U76/><E73/><V58/><F58/><W30/><G30/><T110/><D110/><U21/><E132/><V119/><F119/><W75/><G75/><T17/><D17/><AGARI ba="0,1" hai="16,17,27,28,32,43,46,51,60,61,62,87,88,93" machi="17" ten="40,8000,1" yaku="1,1,54,2,53,1" doraHai="72" doraHaiUra="83" who="2" fromWho="0" sc="174,-80,284,0,234,90,298,0" owari="94,-40.6,284,-11.6,324,42.4,298,9.8" /></mjloggm>