<mjloggm ver="2.3"><GO type="225" lobby="0"/><UN n0="%E4%BF%BA%E3%81%A8%E5%A6%96%E5%A4%A2" n1="%E3%81%BF%E3%81%BF%E3%81%9A" n2="%2D%E8%B1%8A%E5%8F%A3%E3%82%81%E3%81%90%E3%81%BF%2D" n3="%E3%81%86%E3%81%A9%E3%82%93%E3%81%93" dan="17,18,16,16" rate="2197.01,2266.06,2089.23,2158.50" sx="F,M,F,M"/><TAIKYOKU oya="0"/><INIT seed="0,0,0,4,2,72" ten="250,250,250,250" oya="0" hai0="58,126,107,131,12,28,4,74,98,34,25,92,61" hai1="48,60,16,124,123,66,55,38,76,57,26,53,59" hai2="14,96,21,79,46,110,42,27,117,128,36,8,89" hai3="130,18,5,56,31,71,121,3,63,73,101,103,125"/><T49/><D107/><U85/><E123/><V37/><F110/><W78/><G71/><T39/><D39/><U97/><E38/><V111/><F111/><W108/><G108/><T129/><D49/><U134/><E124/><V13/><F128/><N who="0" m="49226" /><D74/><U91/><E134/><V24/><F117/><W118/><G73/><T41/><D41/><U45/><E97/><V2/><F37/><W70/><G70/><T80/><D80/><N who="1" m="47239" /><E91/><V102/><F89/><W67/><G125/><T9/><D126/><U35/><E35/><V30/><F79/><W64/><G63/><T86/><D86/><U23/><E59/><V127/><F127/><W32/><G32/><T120/><D120/><U115/><E115/><V22/><F8/><W116/><G121/><T15/><D92/><U105/><E105/><V75/><F2/><W11/><G130/><T51/><D51/><U94/><E94/><V7/><F7/><W47/><G5/><T50/><D50/><U88/><E88/><V69/><F69/><W109/><G109/><T106/><D98/><U52/><AGARI ba="0,0" hai="16,23,26,45,48,52,53,55,57,60,66" m="47239" machi="52" ten="30,7900,0" yaku="8,1,52,1,54,2" doraHai="72" who="1" fromWho="1" sc="250,-39,250,79,250,-20,250,-20" /><INIT seed="1,0,0,3,3,68" ten="211,329,230,230" oya="1" hai0="111,104,119,54,22,75,25,13,93,113,7,67,103" hai1="135,35,31,129,121,63,127,118,101,32,41,74,18" hai2="9,27,48,79,59,30,128,112,17,109,126,43,20" hai3="62,131,125,61,11,105,82,19,34,86,3,8,80"/><U56/><E118/><V4/><F109/><W28/><G125/><T134/><D119/><U2/><E121/><V70/><F126/><W0/><G105/><T42/><D113/><U85/><E127/><V83/><F70/><W58/><G28/><T26/><D104/><U40/><E74/><V39/><F128/><W117/><G34/><T123/><D75/><U23/><E129/><V94/><F94/><W88/><G117/><T133/><D67/><U97/><E2/><V6/><F112/><W36/><G131/><T60/><D111/><U102/><E135/><V57/><F30/><W76/><G36/><T132/><D42/><U114/><E114/><V72/><F48/><W49/><G49/><T33/><D54/><U77/><E31/><V16/><F17/><W64/><G61/><T10/><D60/><U37/><E37/><V116/><F4/><W99/><G99/><N who="0" m="59887" /><D33/><U115/><E115/><V98/><F98/><W107/><G107/><T5/><D123/><U110/><E32/><V45/><F116/><W51/><G51/><T100/><D100/><U96/><E96/><V15/><AGARI ba="0,0" hai="6,9,15,16,20,27,39,43,45,57,59,72,79,83" machi="15" ten="20,5200,0" yaku="0,1,7,1,52,1,54,1" doraHai="68" who="2" fromWho="2" sc="211,-13,329,-26,230,52,230,-13" /><INIT seed="2,0,0,3,2,39" ten="198,303,282,217" oya="2" hai0="46,124,38,0,73,33,69,98,84,5,17,24,32" hai1="44,55,52,91,112,86,12,99,48,134,45,108,56" hai2="2,90,109,53,4,96,18,66,75,104,82,13,88" hai3="103,3,51,102,36,25,41,59,100,6,110,49,42"/><V58/><F66/><W19/><G36/><T67/><D73/><U92/><E112/><V43/><F109/><W95/><G110/><T128/><D128/><U35/><E108/><V113/><F113/><W30/><G3/><T27/><D124/><U129/><E134/><V107/><F43/><N who="3" m="16395" /><G6/><T93/><D84/><U101/><E35/><N who="0" m="13385" /><D93/><U71/><E71/><V74/><F4/><W111/><G111/><T40/><D98/><U7/><E129/><V11/><F2/><W70/><G70/><T118/><D17/><U37/><E37/><V116/><F116/><W78/><G78/><T21/><D21/><U123/><E123/><V81/><F107/><W122/><G122/><T76/><D24/><U106/><E55/><V23/><F75/><W29/><G95/><T79/><D27/><U1/><E1/><V77/><F104/><W97/><G97/><T105/><D79/><U34/><E34/><V130/><F130/><W54/><G51/><T15/><D15/><U115/><E115/><V120/><F120/><W47/><G47/><T89/><D76/><U119/><E119/><V64/><F96/><W14/><G25/><T87/><D118/><U26/><E26/><V20/><F82/><W60/><G49/><T132/><D105/><U65/><E7/><V121/><F121/><W94/><G94/><N who="0" m="54591" /><D132/><U83/><E106/><V61/><F64/><W135/><G135/><T57/><D69/><U68/><E68/><V117/><F117/><W127/><G127/><T10/><D67/><U131/><E131/><V126/><F126/><W8/><AGARI ba="0,0" hai="8,14,19,29,30,54,59,60,100,102,103" m="16395" machi="8" ten="30,7900,0" yaku="8,1,52,3" doraHai="39" who="3" fromWho="3" sc="198,-20,303,-20,282,-39,217,79" /><INIT seed="3,0,0,0,0,109" ten="178,283,243,296" oya="3" hai0="68,39,75,34,67,7,43,46,28,71,97,104,84" hai1="44,3,90,110,51,45,89,96,76,79,120,133,91" hai2="4,47,41,21,118,0,2,95,92,124,38,30,64" hai3="54,15,12,107,83,8,25,57,61,105,6,93,82"/><W119/><G119/><T103/><D84/><U73/><E3/><V55/><F118/><W50/><G105/><T9/><D75/><U24/><E120/><V80/><F64/><N who="3" m="38959" /><G107/><T23/><D23/><U27/><E110/><V117/><F117/><W35/><G35/><T60/><D71/><U19/><E133/><V113/><F124/><W5/><G25/><N who="1" m="9802" /><E73/><V36/><F21/><W108/><G108/><T70/><D70/><U111/><E111/><V101/><F30/><W14/><G93/><T122/><D28/><U69/><E69/><V129/><F36/><W106/><G106/><T131/><D122/><U102/><E19/><V130/><F80/><N who="3" m="30763" /><G6/><T99/><D99/><U11/><E11/><V33/><F33/><W1/><G1/><N who="0" m="239" /><D34/><U112/><E112/><V86/><F113/><W114/><G114/><T123/><D123/><U125/><E125/><V100/><F4/><W31/><G31/><T29/><D29/><U134/><E134/><V20/><F20/><W98/><G98/><T116/><D116/><U32/><E32/><V17/><F17/><W22/><G22/><T135/><D135/><U62/><E62/><V126/><F126/><W10/><G5/><T18/><D18/><U26/><N who="1" m="9810" /><U85/><DORA hai="94" /><E85/><V16/><F16/><W65/><G65/><T48/><D48/><U78/><E51/><N who="2" m="29183" /><F86/><W74/><G74/><T88/><D88/><N who="1" m="22531" /><U58/><DORA hai="49" /><E58/><AGARI ba="0,0" hai="8,10,12,14,15,50,54,58" m="30763,38959" machi="58" ten="30,2900,0" yaku="8,1,52,1" doraHai="109,94,49" who="3" fromWho="1" sc="178,0,283,-29,243,0,296,29" owari="178,-32.2,254,5.4,243,-15.7,325,42.5" /></mjloggm>