<mjloggm ver="2.3"><GO type="225" lobby="0"/><UN n0="%E3%81%A8%E3%82%93%E3%81%A8%E3%81%93%E3%81%A8%E3%82%93" n1="%72%65%6E%6B%75%6E" n2="%E3%81%BF%E3%81%BF%E3%81%9A" n3="%48%61%61%61%6C%61%6E%64" dan="16,17,16,18" rate="2111.81,2207.59,2132.50,2230.05" sx="F,M,M,M"/><TAIKYOKU oya="0"/><INIT seed="0,0,0,4,5,27" ten="250,250,250,250" oya="0" hai0="133,60,112,103,63,52,104,100,2,117,92,28,67" hai1="49,15,116,87,26,41,62,53,36,114,99,31,130" hai2="126,64,8,110,105,46,43,91,39,135,22,81,34" hai3="23,93,72,54,122,88,13,14,37,5,80,45,57"/><T131/><D112/><U51/><E116/><V121/><F34/><W85/><G122/><T4/><D117/><U102/><E114/><V11/><F105/><W134/><G134/><T56/><D104/><U76/><E130/><V111/><F121/><W71/><G71/><T21/><D133/><U48/><E62/><V7/><F135/><W77/><G5/><T83/><D131/><U44/><E15/><V24/><F64/><W96/><G23/><T9/><D83/><U47/><E87/><N who="2" m="50671" /><F7/><W113/><G113/><T19/><D92/><U124/><E124/><V69/><F69/><W97/><G45/><T38/><D38/><U3/><E3/><V65/><F65/><W66/><G66/><T42/><D42/><U115/><E76/><V107/><F107/><W89/><G37/><T25/><REACH who="0" step="1"/><D19/><REACH who="0" ten="240,250,250,250" step="2"/><U59/><E115/><V20/><F126/><W40/><G40/><T109/><D109/><N who="2" m="41482" /><F20/><W55/><G93/><T1/><D1/><U84/><E36/><V123/><F123/><W86/><G80/><T82/><D82/><U35/><E41/><V74/><F74/><W0/><G72/><T125/><D125/><U95/><E44/><V127/><F127/><W58/><G0/><T32/><D32/><U12/><E47/><V33/><F33/><W17/><G77/><T50/><D50/><U129/><E48/><V78/><F78/><W106/><G106/><T108/><D108/><U98/><E49/><V79/><F79/><W90/><G90/><T61/><D61/><U18/><E129/><V70/><F70/><AGARI ba="0,1" hai="2,4,9,21,25,28,52,56,60,63,67,70,100,103" machi="70" ten="30,11600,0" yaku="1,1,7,1,52,1,54,1,53,0" doraHai="27" doraHaiUra="118" who="0" fromWho="2" sc="240,126,250,0,250,-116,250,0" /><INIT seed="0,1,0,4,0,121" ten="366,250,134,250" oya="0" hai0="13,66,116,12,31,29,97,124,16,7,109,8,50" hai1="20,1,6,51,67,75,18,84,88,129,128,85,123" hai2="134,98,53,60,132,44,45,10,68,4,76,47,133" hai3="15,21,36,120,11,107,56,52,3,131,72,135,70"/><T65/><D116/><U104/><E75/><V110/><F76/><W43/><G120/><T106/><D124/><U87/><E123/><V54/><F98/><W27/><G70/><T25/><D106/><U117/><E104/><V89/><F89/><W94/><G107/><T90/><D50/><U32/><E32/><V37/><F37/><W92/><G3/><T114/><D114/><U100/><E100/><V33/><F33/><W34/><G34/><T0/><D0/><U39/><E39/><V41/><F41/><W86/><G72/><T91/><D109/><U61/><E51/><V42/><F42/><W22/><G131/><N who="1" m="50250" /><E117/><V95/><F95/><W57/><G135/><T119/><D119/><U58/><E1/><V69/><F110/><W111/><G111/><T101/><D101/><U82/><E6/><V77/><F77/><W5/><G36/><T113/><D113/><U122/><E122/><V48/><F10/><W108/><G108/><T64/><D97/><U102/><E102/><V73/><F4/><W79/><G11/><N who="0" m="6175" /><D31/><U38/><E38/><V93/><F93/><W118/><G118/><T9/><D8/><U127/><E127/><V99/><F99/><W55/><G5/><T78/><D78/><U96/><E96/><V80/><F80/><W46/><G79/><T23/><AGARI ba="1,0" hai="7,9,13,23,25,29,64,65,66,90,91" m="6175" machi="23" ten="30,3000,0" yaku="8,1,54,1" doraHai="121" who="0" fromWho="0" sc="366,33,250,-11,134,-11,250,-11" /><INIT seed="0,2,0,1,5,52" ten="399,239,123,239" oya="0" hai0="62,131,58,69,20,29,26,55,96,72,97,67,66" hai1="46,80,22,133,45,105,49,84,126,79,65,100,98" hai2="77,130,51,114,8,110,90,24,78,93,5,75,14" hai3="68,30,1,12,92,107,81,13,122,128,132,70,87"/><T59/><D131/><U21/><E126/><V23/><F114/><W94/><G107/><T38/><D72/><U125/><E125/><V108/><F130/><W44/><G128/><T43/><D67/><U17/><E133/><V123/><F123/><W71/><G1/><T119/><D119/><U61/><E49/><V60/><F51/><W85/><G122/><T117/><D117/><U109/><E109/><V40/><F40/><W7/><G132/><T124/><D124/><U42/><E42/><V112/><F112/><W47/><G30/><T89/><D89/><U3/><E3/><V6/><F6/><W116/><G116/><T39/><D69/><U31/><E31/><V118/><F118/><W53/><G7/><T64/><D64/><U115/><E115/><V121/><F60/><W83/><REACH who="3" step="1"/><G70/><REACH who="3" ten="399,239,123,229" step="2"/><T120/><D120/><U102/><E102/><V129/><F121/><W32/><G32/><T88/><D39/><U63/><E105/><V127/><F129/><W57/><G57/><T36/><D38/><U9/><E100/><V56/><F127/><W2/><G2/><T0/><D0/><U19/><E19/><N who="2" m="12415" /><F56/><W76/><G76/><T28/><D36/><U48/><E17/><V25/><F77/><W41/><G41/><T111/><D43/><U103/><E103/><V15/><F110/><W4/><G4/><T54/><D111/><U135/><E79/><V106/><F108/><W50/><G50/><T74/><D58/><U10/><E48/><V86/><F106/><W35/><G35/><T34/><D34/><U101/><E135/><V27/><F15/><RYUUKYOKU ba="2,1" sc="399,-15,239,-15,123,15,229,15" hai2="5,8,14,25,27,75,78,86,90,93" hai3="12,13,44,47,53,68,71,81,83,85,87,92,94" /><INIT seed="1,3,1,2,3,95" ten="384,224,138,244" oya="1" hai0="10,29,33,52,72,70,31,111,98,53,73,18,112" hai1="38,113,36,78,57,64,8,35,44,92,0,108,84" hai2="63,66,120,135,127,1,56,116,88,58,17,87,118" hai3="59,7,49,93,45,90,39,30,34,121,71,103,83"/><U126/><E113/><V91/><F120/><W125/><G71/><T47/><D70/><U42/><E35/><V124/><F1/><W131/><G121/><T24/><D112/><U20/><E126/><N who="2" m="48171" /><F17/><W9/><G125/><T100/><D111/><U32/><E32/><V123/><F123/><W74/><G131/><T77/><D31/><U12/><E108/><V133/><F56/><W85/><G59/><T76/><D73/><U50/><E0/><V5/><F5/><W22/><G34/><T61/><D72/><U3/><E3/><V86/><F86/><W43/><G22/><T48/><D61/><U26/><E57/><V11/><F11/><W41/><G30/><T130/><D53/><U23/><E64/><V16/><F16/><W119/><G9/><T99/><D130/><U128/><E128/><V109/><F109/><W101/><G7/><T129/><D129/><U79/><E8/><V132/><F91/><W75/><G75/><T102/><D18/><U67/><E12/><V60/><F63/><W69/><G69/><T65/><D10/><U27/><E67/><V110/><F110/><W68/><G68/><T115/><D65/><U106/><E27/><V21/><F21/><W104/><G74/><T117/><D115/><U40/><E26/><V107/><F107/><W114/><G104/><T89/><D24/><U13/><E106/><V28/><F28/><W80/><G114/><T94/><D29/><U134/><E13/><V54/><F66/><W15/><G15/><T2/><D33/><U55/><E23/><V46/><F46/><N who="3" m="25807" /><G119/><N who="2" m="45609" /><F135/><W14/><G14/><RYUUKYOKU ba="3,1" sc="384,-15,224,-15,138,15,244,15" hai2="54,58,60,87,88,132,133" hai3="39,43,45,80,83,85,90,93,101,103" /><INIT seed="2,4,1,4,5,70" ten="369,209,153,259" oya="2" hai0="9,3,120,4,57,67,99,27,106,132,98,19,89" hai1="101,102,54,74,16,71,115,45,90,121,1,14,40" hai2="42,10,7,15,66,44,34,119,128,96,135,83,104" hai3="129,103,36,8,88,58,18,116,11,113,30,93,21"/><V17/><F119/><W130/><G116/><T112/><D120/><U64/><E1/><V125/><F34/><W39/><G103/><T13/><D112/><U60/><E121/><V109/><F128/><N who="3" m="49259" /><G113/><T82/><D132/><U61/><E115/><V131/><F131/><W123/><G123/><T100/><D27/><U49/><E74/><V63/><F135/><W29/><G58/><T91/><D82/><U95/><E61/><V46/><F125/><W85/><G8/><T33/><D33/><U53/><E101/><V20/><F109/><W124/><G11/><T26/><D57/><U87/><REACH who="1" step="1"/><E102/><REACH who="1" ten="369,199,153,259" step="2"/><V86/><F104/><W65/><G124/><T77/><D100/><U32/><E32/><V35/><F35/><W72/><G72/><T52/><D106/><U73/><E73/><V48/><F96/><W69/><G69/><T94/><D98/><U31/><E31/><N who="3" m="11786" /><G65/><T2/><D67/><U37/><E37/><V75/><F75/><W122/><G122/><T114/><D99/><U5/><E5/><V110/><F110/><W12/><AGARI ba="4,2" hai="12,18,21,36,39,85,88,93" m="11786,49259" machi="12" ten="30,7900,0" yaku="19,1,52,2,54,1" doraHai="70" who="3" fromWho="3" sc="369,-24,199,-24,153,-43,259,111" /><INIT seed="3,0,0,5,0,112" ten="345,175,110,370" oya="3" hai0="39,54,38,104,122,100,103,98,134,88,111,64,58" hai1="115,114,31,61,48,130,41,51,129,57,47,105,86" hai2="116,74,77,27,92,82,109,108,45,23,71,9,62" hai3="107,17,81,2,83,90,87,96,89,34,80,72,66"/><W106/><G2/><T46/><D122/><U5/><E105/><N who="3" m="39946" /><G17/><T119/><D119/><U43/><E86/><V70/><F9/><W3/><G66/><T95/><D111/><U117/><E31/><V19/><F62/><W0/><G34/><T133/><D64/><U113/><E5/><V63/><F63/><W131/><G0/><T121/><D121/><U15/><E15/><V8/><F92/><N who="3" m="56335" /><G3/><T28/><D28/><U69/><E117/><V32/><F32/><W94/><G131/><N who="1" m="50186" /><E69/><V22/><F8/><W99/><G72/><T13/><D13/><U4/><E4/><V101/><F101/><AGARI ba="0,0" hai="80,81,83,87,90,94,99,101" m="56335,39946" machi="101" ten="30,12000,1" yaku="35,5" doraHai="112" who="3" fromWho="2" sc="345,0,175,0,110,-120,370,120" owari="345,14.5,175,-22.5,-10,-51.0,490,59.0" /></mjloggm>