<mjloggm ver="2.3"><GO type="225" lobby="0"/><UN n0="%E3%81%99%E3%81%84%E3%81%BE%E3%81%9B%E3%83%BC%E3%82%93" n1="%E4%BA%95%E5%B8%AF" n2="%E3%83%A9%E3%83%BC%E3%83%A1%E3%83%B3%E4%BA%94%E9%83%8E" n3="%E3%81%B5%E3%81%98%E3%81%8B%E3%81%A4" dan="17,16,16,16" rate="2239.29,2059.71,2060.08,2198.66" sx="M,M,M,M"/><TAIKYOKU oya="0"/><INIT seed="0,0,0,4,5,18" ten="250,250,250,250" oya="0" hai0="8,88,85,89,111,64,75,99,103,105,39,90,118" hai1="26,1,67,55,13,96,58,107,45,28,108,33,50" hai2="117,91,52,3,0,78,47,41,135,17,129,124,76" hai3="83,116,87,48,127,77,125,131,101,63,49,15,121"/><T46/><D118/><U98/><E1/><V34/><F117/><W123/><G116/><T132/><D75/><U120/><E120/><N who="3" m="46154" /><G63/><T113/><D113/><U70/><E108/><V9/><F34/><W66/><G66/><T36/><D111/><U30/><E70/><V81/><F124/><N who="3" m="47691" /><G101/><T130/><D130/><U16/><E28/><V2/><F135/><W72/><G131/><T24/><D132/><U42/><E107/><V106/><F129/><W12/><G72/><T56/><D64/><U94/><E94/><V65/><F65/><W114/><G114/><T109/><D109/><U40/><E40/><V14/><F106/><W74/><G74/><T25/><D103/><U119/><E119/><V134/><F134/><W32/><G32/><T82/><D105/><U102/><E102/><V43/><F43/><W84/><G84/><T122/><D85/><U71/><E71/><V61/><F41/><W54/><G49/><T80/><D122/><U110/><E110/><V69/><F69/><W4/><G4/><T31/><D99/><U73/><E73/><V62/><F62/><W38/><G38/><T35/><D35/><U6/><E6/><V53/><F61/><W5/><G5/><T23/><D39/><U51/><REACH who="1" step="1"/><E67/><REACH who="1" ten="250,240,250,250" step="2"/><V126/><F126/><W112/><G112/><T29/><D29/><U104/><E104/><V79/><F53/><W128/><G128/><T10/><D31/><U44/><E44/><AGARI ba="0,1" hai="12,15,44,48,54,77,83,87" m="47691,46154" machi="44" ten="30,2000,0" yaku="13,1,18,1" doraHai="18" who="3" fromWho="1" sc="250,0,240,-20,250,0,250,30" /><INIT seed="1,0,0,5,5,126" ten="250,220,250,280" oya="1" hai0="68,57,130,40,23,50,4,85,79,87,7,133,101" hai1="94,31,73,53,128,54,35,0,22,125,93,19,108" hai2="42,115,89,67,16,1,32,91,120,25,29,104,116" hai3="99,58,123,44,47,88,92,28,102,43,10,14,63"/><U127/><E0/><V2/><F116/><W24/><G123/><T129/><D68/><U21/><E73/><V15/><F120/><W114/><G114/><T100/><D133/><U81/><E81/><V6/><F115/><W122/><G122/><T45/><D23/><N who="1" m="8715" /><E19/><V26/><F104/><W95/><G43/><T110/><D110/><U39/><E39/><V52/><F26/><W74/><G74/><T18/><D18/><U109/><E31/><V9/><F67/><N who="3" m="39415" /><G24/><T62/><D4/><U46/><E35/><V76/><F42/><W37/><G37/><T98/><D7/><U97/><E128/><N who="0" m="49257" /><D79/><U134/><E134/><V70/><F70/><W49/><G28/><T38/><D38/><U135/><E135/><V34/><F34/><W51/><G44/><T71/><D71/><U3/><E3/><V82/><F1/><W132/><G47/><T83/><D83/><U77/><E77/><V107/><F107/><W112/><G112/><T86/><D98/><U103/><E46/><V66/><F82/><W65/><G132/><T20/><D20/><U13/><E13/><V27/><F76/><W118/><G118/><T72/><D72/><U41/><E41/><V55/><F2/><W17/><G65/><AGARI ba="0,0" hai="40,45,50,57,62,65,85,86,87,100,101" m="49257" machi="65" ten="30,7700,0" yaku="19,1,52,3" doraHai="126" who="0" fromWho="3" sc="250,77,220,0,250,0,280,-77" /><INIT seed="2,0,0,1,2,3" ten="327,220,250,203" oya="2" hai0="74,40,84,110,81,53,135,49,18,17,62,118,51" hai1="27,61,112,19,100,97,68,111,9,99,47,63,38" hai2="24,80,50,93,56,88,117,67,78,119,90,35,8" hai3="101,58,10,108,77,12,102,57,131,89,94,114,25"/><V42/><F35/><W22/><G108/><T132/><D110/><U2/><E112/><V71/><F71/><W104/><G104/><T95/><D118/><U127/><E127/><V32/><F32/><W130/><G114/><T115/><D115/><U98/><E111/><V44/><F24/><W87/><G77/><T64/><D74/><U52/><E100/><V66/><F8/><W41/><G41/><T6/><D95/><U54/><E38/><V106/><F106/><W126/><G126/><T129/><D40/><U15/><E2/><V48/><F90/><W116/><G116/><T31/><D31/><U30/><E68/><V120/><F120/><W26/><G26/><T7/><D129/><N who="3" m="49161" /><G102/><T79/><D18/><U29/><E29/><V46/><F117/><W96/><G96/><T72/><D17/><U105/><E105/><V34/><F56/><W128/><N who="3" m="49169" /><W14/><DORA hai="21" /><G101/><T55/><D72/><U134/><E134/><V65/><F34/><W82/><G82/><T122/><D122/><U45/><E45/><V16/><F119/><W92/><G92/><T76/><D76/><U123/><E123/><V75/><F42/><W36/><G36/><T59/><D135/><U20/><E47/><V37/><F37/><W23/><G23/><T83/><D83/><U4/><E30/><V125/><F125/><W11/><G11/><T13/><D132/><U0/><E0/><V86/><F44/><W73/><G73/><T28/><D28/><U124/><E124/><V70/><F46/><W109/><G109/><T85/><D79/><U91/><E91/><RYUUKYOKU ba="0,0" sc="327,-10,220,30,250,-10,203,-10" hai1="4,9,15,19,20,27,52,54,61,63,97,98,99" /><INIT seed="3,1,0,1,1,20" ten="317,250,240,193" oya="3" hai0="18,11,101,87,61,81,95,89,16,29,117,132,54" hai1="43,51,74,105,45,128,84,131,3,112,46,60,31" hai2="111,39,0,91,127,133,52,73,99,10,1,93,97" hai3="8,110,7,36,57,53,17,125,78,92,77,94,6"/><W100/><G36/><T80/><D117/><U72/><E105/><V37/><F73/><W90/><G110/><T40/><D132/><U121/><E121/><V76/><F111/><W15/><G125/><T25/><D40/><U71/><E3/><V41/><F133/><W56/><G100/><T67/><D54/><U116/><E112/><V59/><F76/><W34/><G34/><T62/><D62/><U28/><E84/><V82/><F82/><W14/><G94/><T55/><D55/><U109/><E109/><V115/><F115/><W50/><G57/><T42/><D42/><U27/><E28/><V22/><F127/><W64/><G64/><T113/><D113/><U2/><E2/><V120/><F120/><W134/><G134/><T88/><D101/><U48/><E60/><N who="2" m="35943" /><F41/><W102/><G102/><T4/><D89/><U5/><E71/><V114/><F114/><W83/><G83/><T33/><D81/><U123/><E5/><N who="3" m="1546" /><G15/><T63/><D80/><U32/><E123/><V75/><F75/><W26/><G26/><T118/><D118/><U135/><E116/><V35/><F35/><W107/><G107/><T126/><D126/><U96/><E135/><V108/><F108/><W58/><G58/><N who="0" m="37303" /><D63/><U49/><E74/><V19/><F37/><W106/><G106/><T85/><D33/><U44/><E72/><V9/><F39/><W66/><G66/><T13/><D87/><AGARI ba="1,0" hai="8,14,17,50,53,56,77,78,87,90,92" m="1546" machi="87" ten="30,1500,0" yaku="8,1" doraHai="20" who="3" fromWho="0" sc="317,-18,250,0,240,0,193,18" /><INIT seed="3,2,0,4,0,131" ten="299,250,240,211" oya="3" hai0="121,36,90,18,102,71,22,111,30,92,120,61,94" hai1="34,133,60,23,17,80,109,37,134,11,20,56,8" hai2="14,89,93,130,128,78,69,47,0,124,5,125,126" hai3="28,31,127,41,45,108,35,44,122,50,55,81,88"/><W25/><G122/><T59/><D111/><U77/><E37/><V112/><F69/><W113/><G113/><T79/><D36/><U115/><E34/><V99/><F0/><W119/><G119/><T64/><D79/><U74/><E23/><V4/><F112/><W16/><G108/><T40/><D40/><U3/><E109/><V29/><F29/><W6/><G6/><N who="2" m="2665" /><F78/><W46/><G127/><T68/><D30/><N who="3" m="11305" /><G35/><T48/><D102/><U83/><E83/><V100/><F14/><W15/><G25/><T91/><D91/><U32/><E32/><V73/><F73/><W95/><G41/><T107/><D107/><U10/><E3/><V65/><F65/><W39/><G39/><T51/><D94/><U75/><E74/><V117/><F117/><W27/><G27/><T1/><D1/><U58/><E115/><V42/><F100/><W72/><G72/><T87/><D71/><U9/><E9/><V52/><F42/><W70/><G70/><T53/><D51/><AGARI ba="2,0" hai="47,51,52,89,93,99,124,125,126,128,130" m="2665" machi="51" ten="40,2600,0" yaku="18,1,54,1" doraHai="131" who="2" fromWho="0" sc="299,-32,250,0,240,32,211,0" /><INIT seed="4,0,0,4,3,41" ten="267,250,272,211" oya="0" hai0="74,107,48,100,112,15,103,19,77,94,124,60,51" hai1="45,135,116,69,4,67,8,83,95,21,89,72,88" hai2="81,68,82,38,11,128,113,110,23,36,115,64,66" hai3="63,92,24,109,5,118,27,85,75,65,73,106,127"/><T39/><D112/><N who="2" m="43082" /><F110/><W114/><G114/><T22/><D124/><U37/><E116/><V71/><F23/><W2/><G118/><T129/><D129/><U32/><E32/><V102/><F11/><W35/><G106/><T44/><D107/><U121/><E121/><V122/><F102/><W26/><G127/><T86/><D74/><U120/><E120/><V54/><F54/><W42/><G109/><T130/><D130/><U40/><E135/><V80/><F128/><W52/><G35/><T29/><D29/><U98/><E21/><V13/><F13/><W111/><G111/><T134/><D134/><U133/><E133/><V17/><F17/><W28/><G28/><T101/><D60/><U59/><E69/><N who="2" m="26699" /><F122/><W46/><G2/><T30/><D30/><U18/><E18/><V50/><F50/><N who="3" m="28759" /><G5/><T57/><D103/><U62/><E4/><V104/><F104/><W6/><G6/><T126/><D126/><U97/><E8/><V14/><F14/><W33/><G33/><T12/><D12/><U58/><E58/><V93/><F93/><W105/><G105/><T76/><D57/><U108/><E108/><V53/><F53/><W87/><G73/><T96/><D19/><U55/><E55/><V125/><F125/><W43/><G75/><T78/><D22/><U7/><E7/><V9/><F9/><W1/><G1/><T10/><D10/><U47/><E72/><V131/><F131/><W119/><G119/><T123/><D123/><U31/><E31/><V3/><F3/><W70/><G92/><T25/><D94/><N who="1" m="56519" /><E83/><V16/><F16/><RYUUKYOKU ba="0,0" sc="267,-30,250,10,272,10,211,10" hai1="37,40,45,47,59,62,67,89,95,98" hai2="36,38,64,66,80,81,82" hai3="24,26,27,42,43,63,65,70,85,87" /><INIT seed="5,1,0,4,1,101" ten="237,260,282,221" oya="1" hai0="58,62,56,132,46,9,96,109,49,13,99,4,125" hai1="52,30,88,117,32,22,106,126,127,133,110,17,94" hai2="119,31,95,37,102,24,2,116,87,70,75,129,50" hai3="76,83,69,82,134,122,120,108,85,53,90,79,77"/><U45/><E117/><V57/><F37/><W5/><G69/><T114/><D109/><U73/><E73/><V48/><F75/><N who="3" m="43295" /><G5/><T64/><D132/><U111/><E106/><V28/><F70/><W92/><G53/><T39/><D125/><N who="1" m="47627" /><E133/><V29/><F2/><W11/><G11/><T98/><D114/><U12/><E30/><V44/><F129/><W19/><G19/><T33/><D33/><U54/><E32/><V93/><F24/><W20/><G20/><T7/><D39/><U104/><E104/><V113/><F57/><W131/><G134/><T59/><REACH who="0" step="1"/><D4/><REACH who="0" ten="227,260,282,221" step="2"/><U36/><E111/><V66/><F113/><W27/><G108/><T130/><D130/><U112/><E110/><V135/><F135/><W10/><G131/><T81/><D81/><U34/><E34/><V118/><F116/><W128/><G128/><T103/><D103/><U63/><E112/><V123/><F102/><W47/><G122/><T68/><D68/><U43/><E63/><V25/><F123/><W42/><G120/><T61/><D61/><U14/><E14/><V8/><F118/><W100/><G100/><T107/><D107/><U0/><E0/><V3/><F3/><W21/><G27/><T91/><D91/><U26/><E12/><V67/><F25/><W6/><G83/><T15/><D15/><U86/><AGARI ba="1,1" hai="17,22,26,36,43,45,52,54,86,88,94" m="47627" machi="86" ten="30,6000,0" yaku="18,1,54,2" doraHai="101" who="1" fromWho="1" sc="227,-21,260,73,282,-21,221,-21" owari="206,-19.4,333,43.3,261,6.1,200,-30.0" /></mjloggm>