<mjloggm ver="2.3"><GO type="225" lobby="0"/><UN n0="%61%69%73%79%6F" n1="%E6%A1%9C%E8%8A%B1%E9%96%83%E3%80%85" n2="%72%61%6B%33" n3="%6D%75%75%6D%75%72%61" dan="17,16,17,17" rate="2252.47,2081.57,2181.48,2162.01" sx="M,M,M,F"/><TAIKYOKU oya="0"/><INIT seed="0,0,0,2,3,64" ten="250,250,250,250" oya="0" hai0="103,56,17,58,57,21,27,89,20,13,79,72,113" hai1="116,16,19,73,9,63,109,48,114,81,127,5,112" hai2="36,43,70,22,125,95,32,122,66,15,42,65,124" hai3="33,69,105,11,126,60,45,117,44,120,97,99,90"/><T41/><D113/><N who="1" m="43627" /><E116/><V132/><F32/><W94/><G117/><T46/><D72/><U12/><E109/><V86/><F122/><W67/><G120/><T18/><D79/><N who="1" m="44271" /><E127/><V108/><F108/><W2/><G126/><T7/><D103/><U8/><E48/><V74/><F74/><W128/><G33/><T96/><D7/><N who="1" m="3103" /><E63/><V78/><F125/><W4/><REACH who="3" step="1"/><G128/><REACH who="3" ten="250,250,250,240" step="2"/><T55/><D96/><U30/><E30/><V123/><F124/><W61/><G61/><T6/><D6/><U110/><E110/><V26/><F123/><W37/><G37/><T118/><D118/><U77/><E77/><V82/><F78/><W29/><G29/><T54/><REACH who="0" step="1"/><D89/><REACH who="0" ten="240,250,250,240" step="2"/><U115/><E115/><V85/><F36/><AGARI ba="0,2" hai="13,17,18,20,21,27,36,41,46,54,55,56,57,58" machi="36" ten="40,3900,0" yaku="1,1,2,1,53,0" doraHai="64" doraHaiUra="101" who="0" fromWho="2" sc="240,59,250,0,250,-39,240,0" /><INIT seed="0,1,0,0,5,8" ten="299,250,211,240" oya="0" hai0="2,0,48,113,111,59,91,81,52,6,118,75,114" hai1="66,14,3,120,37,119,24,35,93,73,77,124,34" hai2="40,106,80,83,135,92,76,98,131,54,90,78,87" hai3="97,89,125,61,57,26,28,10,84,29,88,49,58"/><T70/><D118/><U41/><E120/><V25/><F40/><W21/><G125/><T50/><D70/><U55/><E55/><V30/><F131/><W102/><G29/><T53/><D111/><U132/><E93/><V129/><F129/><W46/><G10/><T85/><D75/><U4/><E14/><V101/><F135/><W109/><G109/><T47/><REACH who="0" step="1"/><D6/><REACH who="0" ten="289,250,211,240" step="2"/><U95/><E4/><V71/><F71/><W43/><G57/><T1/><AGARI ba="1,1" hai="0,1,2,47,48,50,52,53,59,81,85,91,113,114" machi="1" ten="30,11700,0" yaku="1,1,2,1,0,1,54,1,53,0" doraHai="8" doraHaiUra="62" who="0" fromWho="0" sc="289,130,250,-40,211,-40,240,-40" /><INIT seed="0,2,0,2,2,71" ten="419,210,171,200" oya="0" hai0="22,75,131,62,54,119,135,6,103,55,29,108,47" hai1="58,85,52,118,50,97,129,0,72,96,66,34,90" hai2="132,8,73,89,79,14,106,95,2,30,102,133,77" hai3="112,92,60,99,32,20,98,9,110,35,61,63,40"/><T78/><D119/><U10/><E118/><V42/><F2/><W18/><G112/><T24/><D75/><U83/><E129/><V31/><F42/><W128/><G110/><T37/><D6/><U43/><E34/><V59/><F59/><W125/><G128/><T121/><D103/><U84/><E72/><V56/><F56/><W45/><G125/><T65/><D78/><U100/><E66/><V64/><F64/><W57/><G57/><T36/><D121/><U33/><E33/><V19/><F102/><W124/><G9/><T3/><D3/><U104/><E43/><V26/><F106/><W1/><G1/><T123/><D123/><U87/><REACH who="1" step="1"/><E96/><REACH who="1" ten="419,200,171,200" step="2"/><V120/><F120/><W4/><G99/><T116/><D131/><U49/><E49/><V11/><F73/><W109/><G32/><T122/><D116/><U51/><E51/><V111/><F111/><W126/><G35/><T74/><D108/><U67/><E67/><V134/><F134/><W13/><G109/><T53/><D74/><U76/><E76/><V114/><F133/><W69/><G69/><T7/><D135/><U28/><E28/><V115/><F132/><W44/><G124/><T39/><D122/><U80/><E80/><V21/><F30/><W91/><G126/><T15/><D65/><U23/><E23/><N who="2" m="15839" /><F115/><W70/><G70/><T38/><D62/><U81/><E81/><V25/><F114/><W68/><G68/><T130/><D130/><U127/><E127/><V113/><F113/><W94/><G40/><N who="0" m="22919" /><D38/><U12/><E12/><V88/><F14/><N who="3" m="9303" /><G94/><T46/><D46/><RYUUKYOKU ba="2,1" sc="419,10,200,10,171,-30,200,10" hai0="7,15,22,24,29,37,39,53,54,55" hai1="0,10,50,52,58,83,84,85,87,90,97,100,104" hai3="4,13,44,45,60,61,63,91,92,98" /><INIT seed="0,3,1,1,5,129" ten="429,210,141,210" oya="0" hai0="112,19,0,14,60,53,108,9,118,48,65,13,45" hai1="20,3,30,55,77,91,4,1,89,103,72,42,114" hai2="92,85,5,102,99,22,73,47,61,49,67,76,83" hai3="7,122,119,18,93,132,134,94,133,126,39,29,28"/><T21/><D112/><U111/><E114/><V57/><F73/><W68/><G119/><T71/><D118/><U8/><E111/><V116/><F116/><W113/><G113/><T109/><REACH who="0" step="1"/><D0/><REACH who="0" ten="419,210,141,210" step="2"/><U106/><E1/><V107/><F5/><AGARI ba="3,2" hai="5,9,13,14,19,21,45,48,53,60,65,71,108,109" machi="5" ten="40,3900,0" yaku="1,1,2,1,53,0" doraHai="129" doraHaiUra="78" who="0" fromWho="2" sc="419,68,210,0,141,-48,210,0" /><INIT seed="0,4,0,2,1,131" ten="487,210,93,210" oya="0" hai0="49,58,74,123,86,115,126,16,71,22,130,82,5" hai1="105,79,102,1,52,40,31,114,135,53,116,56,92" hai2="134,98,85,29,2,106,80,37,78,6,21,7,38" hai3="61,65,46,87,14,26,121,63,11,93,104,89,66"/><T96/><D123/><U75/><E116/><V59/><F37/><W60/><G121/><T62/><D126/><U32/><E105/><V112/><F38/><W133/><G133/><T101/><D115/><U64/><E1/><V8/><F6/><W113/><G113/><T70/><D5/><U68/><E40/><V125/><F112/><W12/><G104/><T127/><D74/><U34/><E92/><V13/><F125/><W47/><G26/><T24/><D49/><U0/><E102/><V67/><F106/><W20/><G20/><T27/><D130/><U30/><E64/><N who="3" m="24682" /><G14/><T19/><D24/><U108/><E68/><V110/><F110/><W77/><G77/><T48/><D70/><U54/><E108/><V4/><F98/><W83/><G93/><T28/><D71/><U36/><E0/><V128/><F128/><W72/><G72/><T90/><D127/><U129/><E135/><V132/><F4/><AGARI ba="4,0" hai="4,11,12,46,47,60,61,63,83,87,89" m="24682" machi="4" ten="30,1000,0" yaku="8,1" doraHai="131" who="3" fromWho="2" sc="487,0,210,0,93,-22,210,22" /><INIT seed="1,0,0,2,3,62" ten="487,210,71,232" oya="1" hai0="125,106,129,20,128,96,37,15,134,109,27,61,105" hai1="103,10,119,56,126,35,115,112,98,65,23,53,32" hai2="70,66,122,133,76,67,107,132,14,54,42,13,28" hai3="22,104,81,71,39,88,82,21,52,2,135,117,80"/><U121/><E119/><V8/><F122/><W101/><G39/><T72/><D72/><U91/><E121/><V51/><F107/><W34/><G34/><T92/><D109/><U38/><E38/><V69/><F28/><W99/><G2/><T5/><D125/><U55/><E126/><V78/><F42/><W116/><G135/><T40/><D134/><N who="2" m="51818" /><F70/><W111/><G111/><T124/><D124/><U6/><E91/><V44/><F69/><W12/><G71/><T131/><D61/><U108/><E23/><V86/><F13/><W49/><G88/><N who="0" m="55303" /><D5/><U79/><E108/><V75/><F75/><W58/><REACH who="3" step="1"/><G12/><REACH who="3" ten="487,210,71,222" step="2"/><T57/><D15/><U120/><E35/><V36/><F36/><W97/><G97/><T73/><D73/><U59/><E98/><V18/><F78/><W4/><G4/><T33/><D33/><U68/><E6/><V110/><F110/><W50/><G50/><T7/><D7/><U46/><E79/><V43/><F43/><W0/><G0/><T85/><D40/><U9/><E32/><V47/><F47/><W41/><G41/><T11/><D37/><U118/><E46/><V114/><F114/><W130/><G130/><T89/><D89/><U63/><E68/><V87/><F76/><W127/><G127/><T16/><D85/><AGARI ba="0,1" hai="8,14,18,44,51,54,66,67,85,86,87" m="51818" machi="85" ten="30,3900,0" yaku="20,1,52,2" doraHai="62" who="2" fromWho="0" sc="487,-39,210,0,71,49,222,0" /><INIT seed="2,0,0,5,1,128" ten="448,210,120,222" oya="2" hai0="108,0,59,74,39,51,56,65,16,27,28,109,91" hai1="88,135,41,66,114,38,133,75,79,44,49,62,94" hai2="47,123,45,23,25,54,115,46,111,32,96,64,71" hai3="50,81,117,68,93,7,61,127,17,113,97,31,99"/><V124/><F115/><W104/><G117/><T48/><D74/><U42/><E114/><V95/><F123/><W15/><G113/><T82/><D39/><U86/><E75/><V35/><F124/><W18/><G127/><T36/><D0/><U110/><E110/><N who="0" m="42601" /><D16/><U14/><E79/><V90/><F111/><W20/><G81/><T78/><D91/><U84/><E84/><V52/><F71/><W69/><G50/><N who="0" m="18987" /><D65/><U2/><E14/><V6/><F64/><W92/><G104/><T106/><D106/><U129/><E2/><V125/><F6/><W10/><G61/><T40/><D36/><U53/><E129/><V55/><REACH who="2" step="1"/><F125/><REACH who="2" ten="448,210,110,222" step="2"/><W30/><G7/><T73/><D40/><U131/><E131/><V134/><F134/><N who="1" m="51209" /><E38/><V85/><F85/><W122/><G122/><T24/><D24/><U19/><E19/><AGARI ba="0,1" hai="19,23,25,32,35,45,46,47,52,54,55,90,95,96" machi="19" ten="40,3900,0" yaku="1,1,54,1,53,0" doraHai="128" doraHaiUra="121" who="2" fromWho="1" sc="448,0,210,-39,110,49,222,0" /><INIT seed="2,1,0,2,1,79" ten="448,171,159,222" oya="2" hai0="39,49,7,100,31,83,53,66,75,107,34,132,85" hai1="111,6,80,4,97,119,2,44,45,5,91,95,37" hai2="131,112,60,122,61,105,70,89,116,114,30,3,124" hai3="48,125,13,115,134,71,104,47,73,38,67,33,69"/><V41/><F116/><W84/><G73/><T46/><D132/><U18/><E119/><V15/><F122/><W76/><G38/><T117/><D117/><U57/><E111/><V29/><F3/><W52/><G134/><T12/><D75/><U56/><E2/><V10/><F105/><W106/><G33/><T109/><D109/><U68/><E68/><V120/><F120/><W59/><G115/><T36/><D66/><U99/><E99/><V103/><F103/><W50/><G125/><T74/><D74/><U133/><E133/><V82/><F124/><W98/><G13/><T27/><D7/><U9/><E37/><V86/><F41/><W94/><G71/><T121/><D12/><N who="1" m="7439" /><E80/><V93/><F131/><W55/><G67/><T123/><D123/><U64/><E56/><V0/><F0/><W35/><G35/><T28/><D28/><N who="2" m="10858" /><F70/><W51/><G69/><T58/><D121/><U77/><E77/><N who="2" m="46415" /><F114/><W1/><G1/><T128/><D128/><U130/><E130/><V40/><F40/><W16/><G106/><T108/><D108/><U20/><E20/><V87/><F112/><W19/><G104/><T81/><D100/><U63/><AGARI ba="1,0" hai="4,5,6,44,45,57,63,64,91,95,97" m="7439" machi="63" ten="30,1100,0" yaku="8,1" doraHai="79" who="1" fromWho="1" sc="448,-4,171,14,159,-6,222,-4" /><INIT seed="3,0,0,4,0,133" ten="444,185,153,218" oya="3" hai0="55,89,52,0,10,117,123,111,61,36,47,3,29" hai1="99,131,118,92,91,22,110,66,109,82,27,130,39" hai2="75,4,56,69,101,16,44,26,45,37,57,107,50" hai3="1,5,85,126,24,15,95,73,97,84,83,71,108"/><W76/><G1/><T54/><D123/><U23/><E118/><V90/><F69/><W134/><G134/><T11/><D111/><N who="1" m="42507" /><E39/><V17/><F75/><W12/><G71/><T18/><D54/><U94/><E66/><V53/><F4/><W9/><G108/><T128/><D11/><U43/><E43/><V104/><F90/><W78/><G78/><T124/><D89/><N who="1" m="55695" /><E82/><V21/><F17/><W81/><G73/><T41/><D29/><N who="1" m="17655" /><E23/><V116/><F116/><W120/><G120/><T74/><D61/><U68/><E68/><V79/><F79/><W34/><G34/><T122/><D47/><U19/><E19/><V93/><F93/><W72/><G72/><T42/><D128/><U98/><AGARI ba="0,0" hai="91,94,98,130,131" m="17655,55695,42507" machi="98" ten="30,1100,0" yaku="14,1" doraHai="133" who="1" fromWho="1" sc="444,-3,185,11,153,-3,218,-5" owari="441,54.1,196,-20.4,150,-35.0,213,1.3" /></mjloggm>