<mjloggm ver="2.3"><GO type="225" lobby="0"/><UN n0="%E3%81%B8%E3%82%80%E3%81%B8%E3%82%80%EF%BC%92%E5%8F%B7" n1="%E3%81%A1%E3%82%85%E3%81%86%E3%81%A9%E3%81%8F%E8%B1%A1%E3%81%95%E3%82%93" n2="%72%69%6F%75%63%68%61%6E" n3="%4E%49%4A%49%49%52%4F" dan="17,16,17,16" rate="2206.84,2144.07,2274.81,2182.50" sx="M,M,M,M"/><TAIKYOKU oya="0"/><INIT seed="0,0,0,3,4,101" ten="250,250,250,250" oya="0" hai0="47,111,64,19,110,114,44,12,123,113,116,33,112" hai1="94,41,2,0,38,105,29,75,36,72,53,135,96" hai2="129,51,17,9,45,68,59,90,14,122,55,89,35" hai3="71,109,65,28,127,69,83,26,131,50,93,106,56"/><T32/><D64/><U100/><E94/><V22/><F129/><W58/><G106/><T79/><D79/><U81/><E53/><V76/><F122/><W43/><G109/><N who="0" m="41483" /><D44/><U1/><E29/><V115/><F35/><N who="0" m="13386" /><D47/><U124/><E41/><V7/><F115/><W130/><G83/><T99/><D99/><U108/><E108/><V10/><F68/><W48/><G93/><T24/><D123/><U63/><E63/><V128/><F128/><W3/><G43/><T78/><D78/><U97/><E97/><V16/><F76/><W117/><G65/><T20/><D116/><U30/><E30/><V61/><F10/><W15/><G117/><T5/><D5/><U6/><E6/><V57/><F57/><W21/><G58/><T87/><D87/><U95/><E95/><V88/><REACH who="2" step="1"/><F22/><REACH who="2" ten="250,250,240,250" step="2"/><W67/><G56/><T40/><D40/><AGARI ba="0,1" hai="7,9,14,16,17,40,45,51,55,59,61,88,89,90" machi="40" ten="40,12000,2" yaku="1,1,2,1,8,1,54,2,53,2" doraHai="101" doraHaiUra="13" who="2" fromWho="0" sc="250,-120,250,0,240,130,250,0" /><INIT seed="1,0,0,0,5,16" ten="130,250,370,250" oya="1" hai0="24,82,113,15,5,86,87,17,32,27,71,37,20" hai1="23,81,46,62,69,66,107,92,75,39,67,83,44" hai2="52,104,117,3,63,13,124,74,2,133,103,111,100" hai3="108,8,90,26,10,11,22,106,128,61,89,121,42"/><U78/><E107/><V64/><F117/><W77/><G121/><T88/><D71/><U76/><E66/><V118/><F118/><W55/><G106/><T50/><D113/><U85/><E39/><V96/><F111/><W19/><G108/><T120/><D37/><U122/><E122/><V25/><F124/><W112/><G128/><T56/><D32/><U21/><REACH who="1" step="1"/><E92/><REACH who="1" ten="130,240,370,250" step="2"/><V130/><F130/><W132/><G112/><T129/><D129/><U1/><E1/><V73/><F2/><W110/><G110/><T36/><D36/><U6/><E6/><V45/><F3/><W79/><G132/><T12/><D120/><U29/><E29/><V14/><F133/><W70/><G70/><T48/><D87/><U60/><E60/><V123/><F123/><W109/><G109/><T134/><D134/><U115/><E115/><V127/><F127/><W9/><N who="3" m="2048" /><DORA hai="114" /><W95/><G95/><T68/><D68/><U28/><E28/><V98/><F73/><W59/><REACH who="3" step="1"/><G42/><REACH who="3" ten="130,240,370,240" step="2"/><T84/><D5/><U40/><E40/><V41/><F41/><W125/><G125/><T102/><D102/><U43/><E43/><V18/><F103/><W30/><G30/><T72/><D72/><U7/><E7/><V49/><F74/><W131/><G131/><T97/><D17/><U58/><E58/><N who="2" m="36983" /><F104/><W135/><G135/><T38/><D56/><U4/><E4/><V93/><F96/><W65/><G65/><T35/><D97/><U105/><E105/><V91/><F100/><W34/><G34/><T51/><D35/><U33/><E33/><V54/><F54/><RYUUKYOKU ba="0,2" sc="130,-30,240,10,370,10,240,10" hai1="21,23,44,46,62,67,69,75,76,78,81,83,85" hai2="13,14,18,25,45,49,52,91,93,98" hai3="19,22,26,55,59,61,77,79,89,90" /><INIT seed="1,1,2,0,1,44" ten="100,250,380,250" oya="1" hai0="35,133,123,86,62,41,126,97,129,125,124,22,32" hai1="10,47,76,66,91,96,131,18,52,122,92,105,77" hai2="80,64,0,84,116,50,4,71,114,7,78,79,57" hai3="48,85,117,109,113,81,49,68,19,28,83,13,89"/><U103/><E122/><V53/><F116/><W40/><G113/><T121/><D41/><U108/><E66/><V29/><F114/><W16/><G117/><T30/><D62/><U58/><E47/><V98/><F0/><W100/><G68/><T102/><D86/><U134/><E134/><V20/><F79/><W110/><G100/><T73/><D73/><U106/><E131/><V111/><F111/><N who="3" m="42507" /><G28/><T65/><D65/><U135/><E135/><V75/><F75/><W1/><G1/><T37/><D37/><U93/><E108/><V74/><F74/><W46/><G81/><T132/><D22/><U72/><E72/><V14/><F98/><W61/><G61/><T99/><D129/><U38/><E38/><V130/><F130/><W107/><G107/><T2/><D2/><U34/><E34/><N who="0" m="12841" /><D30/><U3/><E106/><V15/><F71/><W42/><G42/><T9/><D9/><U21/><E10/><V67/><F14/><W8/><G19/><T27/><D27/><N who="1" m="14775" /><E3/><V63/><F67/><W24/><G24/><T94/><D132/><U25/><E25/><V26/><REACH who="2" step="1"/><F15/><REACH who="2" ten="100,250,370,250" step="2"/><W51/><AGARI ba="1,3" hai="8,13,16,40,46,48,49,51,83,85,89" m="42507" machi="51" ten="30,8000,1" yaku="14,1,52,3,54,1" doraHai="44" who="3" fromWho="3" sc="100,-21,250,-41,370,-21,250,113" /><INIT seed="2,0,0,3,3,100" ten="79,209,349,363" oya="2" hai0="21,104,0,13,8,128,93,15,76,41,92,22,11" hai1="59,32,69,48,31,111,71,123,27,56,60,97,40" hai2="45,37,25,5,39,57,61,135,64,122,91,47,66" hai3="35,88,108,34,72,89,79,50,125,6,103,116,84"/><V78/><F122/><W85/><G108/><T44/><D76/><U16/><E111/><V46/><F78/><W55/><G116/><T20/><D0/><U86/><E123/><V90/><F135/><W26/><G125/><T12/><D128/><U119/><E119/><V30/><F5/><W87/><G103/><T2/><D2/><U10/><E86/><V133/><F133/><W74/><G6/><T67/><D67/><U62/><E97/><V102/><F102/><W80/><G72/><T23/><N who="0" m="5120" /><DORA hai="17" /><T1/><D1/><U127/><E127/><V28/><F25/><W14/><G14/><T129/><D129/><U98/><E98/><V33/><F33/><W36/><G36/><N who="2" m="13897" /><F57/><W81/><G85/><T131/><D131/><U114/><E114/><V19/><F61/><W43/><G43/><T112/><D104/><U51/><E40/><V99/><F19/><W58/><G26/><T96/><D112/><U83/><E27/><V109/><F99/><W113/><G113/><T42/><D42/><U132/><E32/><V101/><F101/><W18/><G18/><T54/><D54/><U4/><E16/><V106/><F106/><W124/><G124/><T7/><D7/><U82/><E4/><V3/><F3/><W118/><G118/><T38/><D96/><U68/><E68/><V53/><F53/><W110/><G110/><T63/><D63/><U65/><E132/><V134/><F134/><W105/><G105/><T107/><D107/><U70/><E70/><V130/><F109/><W77/><G79/><T75/><D75/><U117/><E65/><RYUUKYOKU ba="0,0" sc="79,15,209,-15,349,-15,363,15" hai0="8,11,12,13,15,38,41,44,92,93" hai3="34,35,50,55,58,74,77,80,81,84,87,88,89" /><INIT seed="3,1,0,1,3,4" ten="94,194,334,378" oya="3" hai0="79,22,67,132,107,122,30,10,111,40,65,33,94" hai1="36,1,88,56,52,28,133,23,49,129,127,47,113" hai2="66,34,119,83,98,91,45,102,130,125,103,8,57" hai3="134,93,110,115,114,27,2,131,97,48,106,7,75"/><W86/><G75/><T84/><D107/><U90/><E113/><V11/><F119/><W77/><G110/><T12/><D122/><U95/><E1/><V109/><F34/><W99/><G134/><T80/><D111/><U13/><E133/><V14/><F109/><W118/><G118/><T3/><D132/><U41/><E129/><V104/><F130/><W51/><G106/><T18/><D40/><U43/><E127/><V42/><F125/><W89/><G131/><T20/><D20/><U112/><E112/><V123/><F123/><W108/><G108/><T82/><D94/><U50/><E90/><V101/><F104/><W96/><G77/><T63/><D63/><U120/><E120/><V121/><F121/><W46/><G51/><T5/><D82/><U69/><E69/><V55/><F66/><W117/><G117/><T35/><D35/><U26/><E36/><V81/><F98/><W16/><G7/><T39/><D39/><U74/><E13/><V44/><F44/><W17/><G2/><T31/><D31/><U64/><E64/><V53/><F53/><W25/><G46/><T78/><D78/><U128/><E128/><V24/><F24/><W29/><G27/><T70/><D70/><U6/><E74/><V62/><F91/><W73/><G25/><T116/><D116/><U37/><E6/><V68/><F68/><W72/><G72/><T126/><D126/><U38/><E41/><V100/><N who="2" m="25600" /><DORA hai="59" /><V85/><F85/><AGARI ba="1,0" hai="23,26,28,37,38,43,47,49,50,52,56,85,88,95" machi="85" ten="30,3900,0" yaku="7,1,54,2" doraHai="4,59" who="1" fromWho="2" sc="94,0,194,42,334,-42,378,0" owari="94,-40.6,236,-16.4,292,9.2,378,47.8" /></mjloggm>