<mjloggm ver="2.3"><GO type="225" lobby="0"/><UN n0="%E5%B0%8F%E9%B3%A5%E9%81%8A%E7%B7%B4%E7%84%A1%32%31%E6%AD%B3" n1="%E7%B4%94%E6%BD%94%E3%83%94%E3%83%A9%E3%83%8B%E3%82%A2" n2="%E3%81%9F%E3%81%8C%E3%82%84%E3%81%99" n3="%E8%A8%88%E7%AE%97%E6%A9%9F%E8%87%AA%E7%84%B6" dan="16,17,16,17" rate="2113.72,2227.82,2180.91,2222.09" sx="F,M,M,M"/><TAIKYOKU oya="0"/><INIT seed="0,0,0,3,1,14" ten="250,250,250,250" oya="0" hai0="112,135,24,121,75,119,81,28,105,133,29,104,86" hai1="74,37,18,7,16,124,27,108,32,129,93,134,127" hai2="2,76,94,116,45,131,54,13,48,65,36,19,25" hai3="132,82,39,0,122,66,30,72,42,31,44,63,6"/><T110/><D119/><U77/><E108/><V92/><F2/><W70/><G132/><N who="0" m="50763" /><D112/><U1/><E134/><V53/><F131/><W38/><G122/><T62/><D75/><U83/><E129/><V57/><F116/><W90/><G90/><N who="0" m="51535" /><D121/><U100/><E37/><V109/><F109/><W23/><G23/><T115/><D115/><U20/><E32/><V101/><F65/><W102/><G102/><T97/><D110/><U130/><E130/><V47/><F76/><N who="3" m="44295" /><G38/><T98/><D62/><U68/><E68/><V61/><F25/><W4/><G4/><T41/><D41/><U60/><E60/><V21/><F36/><W12/><G12/><T125/><D125/><N who="1" m="48203" /><E7/><V80/><F80/><W51/><G51/><T103/><D24/><U78/><E78/><V87/><F101/><AGARI ba="0,0" hai="28,29,97,98,101,103,104,105" m="51535,50763" machi="101" ten="30,1500,0" yaku="20,1" doraHai="14" who="0" fromWho="2" sc="250,15,250,0,250,-15,250,0" /><INIT seed="0,1,0,4,0,95" ten="265,250,235,250" oya="0" hai0="88,7,83,75,118,104,131,100,103,12,124,36,51" hai1="130,21,106,61,49,11,26,92,94,85,53,3,82" hai2="45,129,114,79,52,60,29,10,135,40,56,35,91" hai3="6,69,8,121,128,84,68,64,1,93,112,55,101"/><T108/><D118/><U72/><E72/><V96/><F79/><W33/><G112/><T25/><D36/><U17/><E106/><V76/><F76/><W4/><G33/><T48/><D124/><U97/><E130/><V122/><F122/><W90/><G128/><T37/><D37/><U98/><E61/><V57/><F129/><W127/><G127/><T50/><D131/><U110/><E110/><V134/><F114/><W86/><G121/><T62/><D108/><U71/><E71/><V28/><F10/><W43/><G4/><T39/><D39/><U102/><E3/><V120/><F120/><W32/><G43/><T99/><D103/><N who="1" m="60839" /><E11/><V105/><F57/><W9/><G9/><T18/><D62/><U63/><E63/><V109/><F109/><W107/><G32/><T78/><D7/><U111/><E111/><V22/><F35/><W38/><G38/><T30/><D88/><N who="1" m="51255" /><E53/><V123/><F123/><W2/><G2/><T132/><D132/><N who="2" m="50730" /><F22/><W65/><G55/><T81/><D81/><U42/><E42/><V24/><F24/><W19/><G68/><T54/><D25/><U133/><E133/><V73/><F73/><W117/><G69/><T59/><REACH who="0" step="1"/><D30/><REACH who="0" ten="255,250,235,250" step="2"/><U77/><E77/><V126/><F126/><W125/><G125/><T87/><D87/><U14/><E49/><N who="2" m="26791" /><F91/><W20/><G90/><T80/><D80/><U44/><E26/><V13/><F13/><W116/><G1/><T115/><D115/><U47/><AGARI ba="1,1" hai="14,17,21,44,47,94,98,102" m="51255,60839" machi="47" ten="30,7900,0" yaku="8,1,52,2,54,1" doraHai="95" who="1" fromWho="1" sc="255,-40,250,92,235,-21,250,-21" /><INIT seed="1,0,0,2,2,86" ten="215,342,214,229" oya="1" hai0="21,110,128,29,28,127,107,63,92,81,123,6,85" hai1="34,79,38,101,30,119,126,60,66,97,40,53,14" hai2="57,22,45,99,112,7,118,93,87,23,70,36,12" hai3="67,114,17,4,55,91,33,103,5,32,47,58,8"/><U74/><E119/><V44/><F70/><W80/><G114/><T130/><D107/><U59/><E126/><V50/><F118/><W35/><G103/><T26/><D127/><U104/><E74/><V71/><F71/><W31/><G67/><T46/><D110/><U27/><E79/><V62/><F36/><W122/><G122/><T108/><D108/><U9/><E40/><V37/><F37/><W68/><G31/><T75/><D123/><U51/><E38/><V25/><F87/><N who="3" m="50663" /><G58/><T1/><D75/><U115/><E115/><V125/><F112/><W94/><G94/><T20/><D46/><U41/><E41/><V15/><F125/><W49/><G68/><T13/><D92/><U98/><E98/><V117/><F117/><W124/><G124/><T56/><D1/><U133/><E133/><V65/><F45/><W43/><G43/><T72/><D72/><U95/><E104/><V100/><F7/><W109/><G109/><T73/><D6/><U77/><E77/><V19/><REACH who="2" step="1"/><F23/><REACH who="2" ten="215,342,204,229" step="2"/><W24/><G24/><T3/><D20/><U0/><E27/><V88/><F88/><W84/><G84/><T113/><D85/><U116/><E116/><V48/><F48/><W78/><G78/><T18/><D113/><U102/><E102/><V132/><F132/><W129/><G129/><T2/><D128/><U39/><E39/><V11/><F11/><W135/><G135/><T76/><D130/><U10/><E10/><V82/><F82/><W16/><G4/><T120/><D120/><U64/><E101/><V106/><F106/><W42/><G42/><AGARI ba="0,1" hai="12,15,19,22,25,42,44,50,57,62,65,93,99,100" machi="42" ten="30,7700,0" yaku="1,1,6,1,7,1,8,1,53,0" doraHai="86" doraHaiUra="105" who="2" fromWho="3" sc="215,0,342,0,204,87,229,-77" /><INIT seed="2,0,0,3,1,13" ten="215,342,291,152" oya="2" hai0="118,24,36,73,18,94,92,2,29,10,43,59,116" hai1="37,134,77,61,122,45,55,132,111,9,79,72,125" hai2="31,113,27,108,129,19,124,105,90,135,21,17,91" hai3="70,5,65,123,106,71,103,119,127,69,99,66,67"/><V74/><F74/><W46/><G119/><N who="0" m="45611" /><D73/><U8/><E122/><V89/><F113/><W88/><G123/><T58/><D43/><N who="1" m="22767" /><E111/><V1/><F105/><W76/><G127/><T47/><D47/><U25/><E25/><V87/><F1/><W44/><G76/><N who="1" m="29258" /><E72/><V39/><F39/><W115/><G5/><N who="0" m="1335" /><D18/><N who="2" m="6666" /><F124/><W16/><G115/><T109/><D36/><U107/><E107/><V126/><F126/><W20/><REACH who="3" step="1"/><G88/><REACH who="3" ten="215,342,291,142" step="2"/><T33/><D109/><U81/><E81/><V64/><F108/><W3/><G3/><T42/><D42/><U85/><E85/><V114/><F114/><W96/><G96/><T6/><D6/><U100/><E100/><V54/><F87/><W51/><G51/><T117/><D117/><U95/><E125/><V49/><F135/><W30/><G30/><T131/><D131/><U84/><E134/><V12/><F129/><W48/><G48/><T62/><D62/><U40/><E61/><V0/><F0/><W128/><G128/><T130/><D130/><U32/><E84/><V38/><F38/><W93/><G93/><AGARI ba="0,1" hai="24,29,33,58,59,92,93,94" m="1335,45611" machi="93" ten="30,1000,0" yaku="12,1" doraHai="13" who="0" fromWho="3" sc="215,20,342,0,291,0,142,-10" /><INIT seed="3,0,0,0,1,13" ten="235,342,291,132" oya="3" hai0="65,90,40,52,61,68,126,26,11,57,5,70,49" hai1="21,8,77,9,3,127,20,103,116,83,34,130,37" hai2="134,109,16,63,51,7,44,22,85,135,18,106,104" hai3="30,118,14,100,86,36,82,48,56,93,67,75,129"/><W110/><G129/><T115/><D126/><U4/><E34/><V123/><F7/><W24/><G118/><T71/><D115/><U98/><E127/><V112/><F112/><W64/><G36/><T97/><D40/><U66/><E9/><V87/><F63/><W33/><G110/><T81/><D26/><U80/><E80/><V76/><F123/><W41/><G75/><T23/><D23/><U78/><E78/><V45/><F22/><W102/><G14/><T46/><D97/><U69/><E130/><V74/><F74/><W35/><G35/><T94/><D81/><U105/><E37/><V122/><F122/><W54/><G41/><T133/><D133/><N who="2" m="50698" /><F45/><W17/><G17/><N who="2" m="6761" /><F109/><W96/><REACH who="3" step="1"/><G102/><REACH who="3" ten="235,342,291,122" step="2"/><T117/><D117/><U27/><E116/><V38/><F38/><W72/><G72/><T124/><D124/><U125/><E125/><V1/><F1/><W99/><G99/><T73/><D73/><U60/><E27/><V132/><F132/><W101/><G101/><T88/><REACH who="0" step="1"/><D94/><REACH who="0" ten="225,342,291,122" step="2"/><U121/><E121/><V119/><F119/><W89/><AGARI ba="0,2" hai="24,30,33,48,54,56,64,67,82,86,89,93,96,100" machi="89" ten="20,7800,0" yaku="1,1,0,1,7,1,53,1" doraHai="13" doraHaiUra="92" who="3" fromWho="3" sc="225,-26,342,-26,291,-26,122,98" /><INIT seed="3,1,0,0,5,134" ten="199,316,265,220" oya="3" hai0="132,90,24,97,17,1,105,133,53,94,10,127,61" hai1="118,100,108,92,130,25,44,89,8,135,63,87,22" hai2="9,34,81,14,58,78,4,59,18,30,91,54,20" hai3="129,37,131,19,119,114,28,45,72,51,70,96,39"/><W110/><G72/><T32/><D105/><U66/><E135/><N who="0" m="51785" /><D1/><U60/><E108/><V41/><F41/><W128/><G114/><T106/><D106/><U88/><E118/><V111/><F111/><W115/><G115/><T48/><D10/><U36/><E130/><V3/><F91/><W13/><G110/><T21/><D32/><U65/><E36/><V120/><F120/><W69/><G119/><T79/><D79/><U55/><E100/><V23/><F23/><N who="3" m="11759" /><G96/><T82/><D82/><N who="1" m="49271" /><E44/><V57/><F30/><W75/><G75/><T0/><D0/><U40/><E40/><V68/><F68/><N who="3" m="26219" /><G28/><T77/><D77/><U101/><E55/><AGARI ba="1,0" hai="37,39,45,51,55,128,129,131" m="26219,11759" machi="55" ten="40,2000,0" yaku="19,1" doraHai="134" who="3" fromWho="1" sc="199,0,316,-23,265,0,220,23" /><INIT seed="3,2,0,4,3,132" ten="199,293,265,243" oya="3" hai0="90,110,50,57,15,120,118,38,91,74,26,30,0" hai1="117,7,69,28,89,97,96,33,98,21,6,39,53" hai2="20,72,115,134,45,43,73,19,14,82,40,123,34" hai3="104,67,81,78,126,13,113,10,135,17,92,65,27"/><W94/><G113/><T46/><D0/><U42/><E69/><V106/><F106/><W55/><G104/><T103/><D118/><U119/><E33/><V51/><F34/><W108/><G135/><T59/><D110/><U76/><E76/><V66/><F115/><W131/><G131/><T127/><D38/><U31/><E53/><V133/><F123/><W105/><G105/><T122/><D74/><U101/><E101/><V61/><F43/><W58/><G108/><T99/><D15/><U18/><E89/><V9/><F73/><W23/><G126/><T41/><D122/><U63/><E63/><V102/><F102/><W125/><G125/><T112/><D112/><U25/><E42/><V48/><F48/><W124/><G124/><T88/><D120/><U75/><E75/><V54/><F40/><W130/><G130/><T85/><D85/><U47/><E47/><V49/><F49/><N who="3" m="31087" /><G81/><T22/><REACH who="0" step="1"/><D127/><REACH who="0" ten="189,293,265,243" step="2"/><U37/><E39/><V100/><F134/><W79/><G78/><T70/><D70/><U109/><E37/><V77/><F133/><W11/><G79/><T4/><D4/><N who="1" m="1579" /><E109/><V32/><F72/><W24/><G27/><T60/><D60/><U62/><E62/><V87/><F61/><W2/><G2/><T71/><D71/><U29/><E119/><V83/><F77/><W114/><G114/><T107/><AGARI ba="2,1" hai="22,26,30,41,46,50,57,59,88,90,91,99,103,107" machi="107" ten="30,4000,0" yaku="1,1,0,1,54,1,53,0" doraHai="132" doraHaiUra="12" who="0" fromWho="0" sc="189,56,293,-12,265,-12,243,-22" /><INIT seed="4,0,0,3,1,93" ten="245,281,253,221" oya="0" hai0="1,46,99,62,91,75,27,41,2,50,106,76,26" hai1="20,53,109,32,35,61,122,24,80,92,5,55,48" hai2="95,71,94,110,14,107,114,123,67,96,52,47,60" hai3="34,83,66,90,77,15,81,73,103,89,23,118,112"/><T63/><D75/><U6/><E109/><V85/><F107/><W105/><G34/><T117/><D117/><U128/><E128/><V104/><F104/><W39/><G39/><T22/><D76/><U86/><E122/><V97/><F110/><W98/><G118/><T17/><D27/><U132/><E132/><V43/><F123/><W16/><G112/><T57/><D62/><U18/><E35/><V44/><F85/><W68/><REACH who="3" step="1"/><G81/><REACH who="3" ten="245,281,253,211" step="2"/><T40/><D40/><U70/><E32/><V121/><F114/><W9/><G9/><T54/><D106/><U127/><E80/><V58/><F121/><W108/><G108/><T51/><D51/><U130/><E130/><V101/><F43/><W30/><G30/><T78/><D78/><U0/><E48/><V36/><F36/><W125/><G125/><T111/><D111/><U33/><E33/><V124/><F124/><W115/><G115/><T79/><D79/><U21/><E127/><V102/><F14/><W56/><G56/><T88/><D1/><U82/><E82/><V64/><F71/><W49/><G49/><T119/><D2/><U37/><E37/><V42/><F42/><W31/><G31/><T131/><D119/><U25/><E0/><V116/><F116/><W11/><G11/><T10/><D131/><U8/><E8/><V7/><F7/><N who="1" m="2569" /><E70/><V84/><F84/><W87/><G87/><T29/><D10/><U38/><E38/><V45/><AGARI ba="0,1" hai="44,45,47,52,58,60,64,67,94,95,96,97,101,102" machi="45" ten="30,12000,2" yaku="0,1,9,1,8,1,52,2,54,1" doraHai="93" who="2" fromWho="2" sc="245,-60,281,-30,253,130,211,-30" owari="185,-21.5,251,5.1,383,48.3,181,-31.9" /></mjloggm>