<mjloggm ver="2.3"><GO type="225" lobby="0"/><UN n0="%E6%A1%9C%E8%8A%B1%E9%96%83%E3%80%85" n1="%E3%83%A9%E3%82%A4%E3%83%B3%E3%81%AE%E8%99%8E" n2="%E6%9D%B1%E9%A2%A8%E3%81%AE%E3%81%8D%E3%82%83%E3%81%B7%E3%81%95%E3%82%93" n3="%E6%81%A5%E6%99%92%E3%81%97" dan="17,16,16,16" rate="2242.19,2096.48,2150.36,2142.56" sx="M,M,M,M"/><TAIKYOKU oya="0"/><INIT seed="0,0,0,5,2,44" ten="250,250,250,250" oya="0" hai0="135,2,49,53,40,95,16,5,62,112,82,109,48" hai1="73,133,89,103,108,58,9,61,55,105,50,120,69" hai2="54,77,122,113,37,78,111,91,52,132,86,130,30" hai3="36,74,93,75,88,83,15,131,102,66,57,99,26"/><T84/><D112/><U45/><E108/><V21/><F37/><W13/><G36/><T97/><D135/><U42/><E133/><V23/><F113/><W124/><G124/><T38/><D109/><U79/><E120/><V56/><F132/><W34/><G131/><T107/><D107/><U80/><E89/><V121/><F111/><W118/><G118/><T39/><D2/><U14/><E69/><V68/><F68/><W87/><G34/><T25/><D5/><U115/><E115/><V41/><F41/><W100/><G26/><T90/><D40/><U123/><E123/><V27/><F130/><W129/><G129/><T64/><D53/><U22/><E22/><V127/><F127/><W18/><G102/><N who="0" m="60735" /><D38/><U101/><REACH who="1" step="1"/><E105/><REACH who="1" ten="250,240,250,250" step="2"/><V8/><F122/><W51/><G74/><T125/><D125/><U134/><E134/><V24/><F121/><W98/><G75/><T60/><D39/><U29/><E29/><V0/><F91/><W4/><G88/><T31/><D31/><U28/><E28/><V17/><F30/><W20/><G100/><T104/><D104/><U3/><E3/><V92/><F0/><W128/><G128/><T32/><D32/><U126/><E126/><V117/><F23/><W10/><G20/><N who="0" m="13447" /><D64/><U65/><E65/><V1/><F1/><W114/><G66/><T81/><D81/><U106/><E106/><V96/><F21/><N who="3" m="11471" /><G114/><T6/><D6/><AGARI ba="0,1" hai="6,9,14,42,45,50,55,58,61,73,79,80,101,103" machi="6" ten="30,7700,0" yaku="1,1,7,1,52,1,53,1" doraHai="44" doraHaiUra="46" who="1" fromWho="0" sc="250,-77,240,87,250,0,250,0" /><INIT seed="1,0,0,0,0,52" ten="173,327,250,250" oya="1" hai0="17,116,56,92,124,55,104,40,118,65,126,24,99" hai1="71,87,122,101,132,57,130,43,115,103,128,45,134" hai2="7,106,4,69,58,94,89,49,95,37,125,25,18" hai3="6,51,42,127,113,14,31,79,133,75,88,21,10"/><U80/><E71/><V100/><F69/><W28/><G113/><T68/><D104/><U105/><E115/><V86/><F37/><W2/><G75/><T121/><D17/><U64/><E105/><V93/><F125/><N who="0" m="48234" /><D24/><U123/><E64/><V109/><F109/><W29/><G127/><T5/><D5/><N who="2" m="2122" /><F106/><W110/><G79/><T8/><D8/><U91/><E57/><V76/><F76/><W60/><G133/><N who="1" m="51306" /><E45/><V35/><F35/><W62/><G110/><T117/><D121/><N who="1" m="46091" /><E43/><V63/><F49/><W54/><G42/><T129/><D40/><U108/><E108/><V59/><F63/><W3/><G2/><T67/><D68/><U53/><E53/><V112/><F112/><W27/><G3/><T41/><D41/><U44/><E44/><V13/><F25/><W23/><G27/><T102/><D129/><AGARI ba="0,0" hai="80,87,91,101,103,128,129,130" m="46091,51306" machi="129" ten="40,12000,1" yaku="19,1,20,1,34,2" doraHai="52" who="1" fromWho="0" sc="173,-120,327,120,250,0,250,0" /><INIT seed="1,1,0,0,4,13" ten="53,447,250,250" oya="1" hai0="101,45,34,103,126,17,64,59,7,66,51,8,62" hai1="119,128,117,83,115,50,106,28,71,84,102,25,107" hai2="104,133,11,0,86,94,60,20,124,122,87,130,10" hai3="23,98,69,96,39,21,24,93,112,5,70,3,55"/><U40/><E71/><V53/><F104/><W4/><G112/><T42/><D126/><U33/><E115/><V135/><F122/><W105/><G39/><T9/><D34/><U88/><E128/><V114/><F124/><W91/><G55/><T18/><D66/><U129/><E129/><V61/><F130/><W67/><G3/><T82/><D82/><U120/><E120/><V58/><F114/><W56/><G105/><T48/><D48/><U78/><E78/><V26/><F61/><W109/><G109/><T29/><D29/><U79/><E79/><V43/><F43/><W92/><G56/><T37/><D37/><U125/><E125/><V77/><F77/><W38/><G38/><T75/><D75/><U32/><E32/><V19/><F0/><W85/><G85/><N who="2" m="32265" /><F94/><W95/><G95/><T116/><D116/><U80/><E80/><V121/><F121/><W54/><G54/><T16/><REACH who="0" step="1"/><D9/><REACH who="0" ten="43,447,250,250" step="2"/><U35/><E35/><V44/><F44/><W1/><G67/><T63/><D63/><U81/><E81/><V97/><F10/><W47/><G70/><T2/><AGARI ba="1,1" hai="2,7,8,16,17,18,42,45,51,59,62,64,101,103" machi="2" ten="30,12000,2" yaku="1,1,0,1,52,3,54,1,53,0" doraHai="13" doraHaiUra="118" who="0" fromWho="0" sc="43,133,447,-61,250,-31,250,-31" /><INIT seed="2,0,0,4,4,45" ten="176,386,219,219" oya="2" hai0="92,110,33,105,85,98,8,31,135,53,16,1,65" hai1="111,57,50,129,133,63,124,101,83,71,11,66,97" hai2="40,36,37,27,43,121,2,48,44,130,76,115,106" hai3="107,20,82,0,118,13,100,32,5,95,89,75,58"/><V15/><F2/><W3/><G118/><T22/><D110/><U25/><E111/><V17/><F106/><W30/><G32/><T72/><D72/><U102/><E124/><V134/><F121/><W94/><G107/><T112/><D112/><U38/><E38/><V51/><F115/><W73/><G30/><T9/><D135/><U74/><E129/><V42/><F76/><W81/><G100/><T70/><D85/><U84/><E74/><V55/><F27/><W46/><G46/><T132/><D132/><U6/><E25/><V93/><F134/><W87/><G58/><T104/><D31/><U67/><E133/><V39/><F130/><W47/><G47/><T69/><D33/><U77/><E97/><V56/><REACH who="2" step="1"/><F93/><REACH who="2" ten="176,386,209,219" step="2"/><W113/><G113/><T131/><D1/><U79/><E77/><V90/><F90/><W24/><G0/><T26/><D131/><U4/><E79/><V109/><F109/><W62/><G3/><T114/><D114/><U103/><E103/><V91/><F91/><W60/><G89/><N who="0" m="55567" /><D105/><U19/><E102/><V23/><AGARI ba="0,1" hai="15,17,23,36,37,39,40,42,43,44,48,51,55,56" machi="23" ten="30,12000,1" yaku="1,1,0,1,52,2,53,1" doraHai="45" doraHaiUra="18" who="2" fromWho="2" sc="176,-40,386,-40,209,130,219,-40" /><INIT seed="2,1,0,4,5,99" ten="136,346,339,179" oya="2" hai0="16,0,19,18,113,9,101,91,52,12,3,110,38" hai1="46,77,106,66,119,102,117,90,107,74,88,97,33" hai2="5,122,75,25,114,125,96,10,86,100,15,2,93" hai3="21,82,8,42,13,30,78,32,111,87,31,108,22"/><V29/><F122/><W59/><G42/><T83/><D113/><U67/><E33/><V120/><F114/><W89/><G32/><T98/><D38/><U51/><E106/><V39/><F125/><W6/><G108/><T79/><D91/><U20/><E20/><V57/><F120/><W28/><G111/><T116/><D116/><U43/><E77/><V112/><F112/><W134/><G134/><T36/><D36/><U49/><E74/><V34/><F39/><W103/><G78/><T61/><D110/><U37/><E51/><V55/><F86/><W45/><G45/><T76/><D76/><U84/><E90/><V85/><F85/><W4/><G4/><T63/><D0/><U92/><REACH who="1" step="1"/><E37/><REACH who="1" ten="136,336,339,179" step="2"/><V44/><F75/><W70/><G22/><T7/><D3/><U129/><E129/><V35/><F2/><W94/><G21/><T130/><D130/><U95/><E95/><V132/><F132/><W41/><G94/><N who="0" m="58583" /><D79/><U50/><E50/><V1/><F1/><W54/><G89/><T14/><D83/><U123/><E123/><V40/><F35/><W72/><G72/><T121/><D121/><U135/><E135/><V24/><F34/><W128/><G128/><T115/><D115/><U131/><E131/><V133/><F133/><W68/><G82/><T17/><N who="0" m="4096" /><DORA hai="23" /><T26/><D26/><U58/><E58/><V62/><F29/><W71/><G31/><T56/><D14/><U73/><E73/><V81/><F81/><W118/><G13/><T27/><D27/><U65/><AGARI ba="1,1" hai="43,46,49,65,66,67,84,88,92,97,102,107,117,119" machi="65" ten="30,7900,0" yaku="1,1,0,1,52,1,54,1,53,0" doraHai="99,23" doraHaiUra="104,105" who="1" fromWho="1" sc="136,-21,336,92,339,-40,179,-21" /><INIT seed="3,0,0,2,0,71" ten="115,428,299,158" oya="3" hai0="4,124,68,131,29,78,31,69,81,83,43,32,21" hai1="15,13,98,105,126,14,44,33,90,118,74,59,86" hai2="119,12,130,135,96,63,42,100,9,129,48,45,67" hai3="58,92,97,95,61,0,23,54,99,47,109,87,27"/><W1/><G109/><T72/><D32/><U19/><E33/><V107/><F135/><W24/><G87/><T26/><D131/><U111/><E74/><V64/><F119/><W36/><G1/><T134/><D134/><U108/><E126/><V2/><F2/><W110/><G0/><T11/><D124/><U114/><E114/><V133/><F133/><W7/><G7/><T122/><D122/><U132/><E132/><V37/><F48/><W128/><G110/><T73/><D43/><U125/><E59/><V60/><F60/><W50/><G36/><T101/><D101/><U76/><E76/><V94/><F94/><W53/><G128/><N who="2" m="49257" /><F63/><W66/><G54/><T41/><D41/><U52/><E52/><V89/><F89/><W16/><G27/><T22/><D26/><U103/><E14/><V120/><F120/><W115/><G115/><T30/><D4/><AGARI ba="0,0" hai="4,9,12,37,42,45,64,67,96,100,107" m="49257" machi="4" ten="30,2000,0" yaku="19,1,52,1" doraHai="71" who="2" fromWho="0" sc="115,-20,428,0,299,20,158,0" owari="95,-40.5,428,52.8,319,11.9,158,-24.2" /></mjloggm>