<mjloggm ver="2.3"><GO type="225" lobby="0"/><UN n0="%E6%98%93%E5%88%A9%E8%96%A9%E4%BC%AF" n1="%72%65%6E%6B%75%6E" n2="%E3%81%A4%E3%81%A3%E3%81%B1%E3%82%8A%E3%83%9D%E3%83%BC%E3%83%AB" n3="%E5%8D%A0%E3%81%84%E5%B8%AB%E8%A3%8F%E3%81%AA%E3%81%84%E3%81%97" dan="16,17,17,17" rate="2113.99,2252.05,2183.64,2231.17" sx="F,M,M,M"/><TAIKYOKU oya="0"/><INIT seed="0,0,0,5,5,5" ten="250,250,250,250" oya="0" hai0="125,85,64,133,127,112,25,114,20,30,29,130,71" hai1="68,23,9,14,54,63,88,1,56,67,16,47,83" hai2="97,81,31,76,124,121,59,34,134,101,135,40,111" hai3="27,86,8,22,33,21,72,129,122,10,87,66,94"/><T15/><D71/><U98/><E1/><V12/><F121/><W62/><G72/><T45/><D64/><U17/><E47/><V120/><F120/><W18/><G122/><T46/><D85/><N who="1" m="50239" /><E68/><V69/><F69/><W118/><G118/><T95/><D95/><U28/><E98/><V6/><F111/><W115/><G33/><T55/><D55/><U89/><E89/><V41/><F124/><N who="0" m="47690" /><D46/><U113/><E113/><N who="0" m="43625" /><D45/><U128/><E128/><V36/><F59/><N who="3" m="37215" /><G129/><T50/><D50/><U7/><E54/><V70/><F70/><W100/><G115/><T79/><D79/><U80/><E80/><V126/><F81/><W132/><G132/><T96/><D96/><U3/><E3/><V107/><F76/><W117/><G117/><T39/><D39/><U44/><E44/><V92/><F36/><W82/><G21/><N who="0" m="15535" /><D130/><U19/><E28/><V102/><F126/><W51/><G51/><T108/><D108/><U116/><E116/><V38/><F38/><W104/><G104/><T2/><D2/><U0/><E0/><V35/><F31/><W93/><G87/><T58/><D58/><U26/><AGARI ba="0,0" hai="7,9,14,16,17,19,23,26,56,63,67" m="50239" machi="26" ten="30,7900,0" yaku="8,1,52,1,54,2" doraHai="5" who="1" fromWho="1" sc="250,-39,250,79,250,-20,250,-20" /><INIT seed="1,0,0,3,1,124" ten="211,329,230,230" oya="1" hai0="12,96,91,106,130,29,117,76,82,46,98,4,25" hai1="133,86,74,47,34,60,109,16,19,59,28,32,87" hai2="67,18,54,14,41,55,121,43,77,37,53,20,36" hai3="13,70,21,93,100,94,79,69,39,85,105,110,57"/><U127/><E74/><V97/><F121/><W89/><G110/><T49/><D117/><U78/><E127/><V11/><F77/><W112/><G39/><T72/><D130/><U107/><E107/><V92/><F67/><W50/><G112/><T90/><D4/><U102/><E102/><V126/><F126/><W31/><G105/><T0/><D12/><U68/><E68/><V22/><F37/><W64/><G79/><T101/><D96/><U83/><E133/><V99/><F99/><W23/><G23/><N who="2" m="8745" /><F36/><W58/><G58/><T95/><D0/><U62/><E109/><V52/><N who="2" m="13312" /><DORA hai="120" /><V27/><F27/><N who="3" m="16879" /><G13/><T2/><D2/><U51/><E28/><V75/><F75/><W35/><G50/><T80/><D80/><U56/><E59/><V116/><F116/><W73/><G35/><T128/><D128/><U45/><E78/><V111/><F111/><W7/><G73/><T3/><D3/><U135/><E83/><V5/><F5/><W33/><G7/><T26/><D26/><U1/><E56/><V131/><F131/><W118/><G33/><T119/><D119/><U104/><E104/><V123/><F123/><W103/><G118/><T113/><D25/><U10/><E1/><V40/><F40/><W122/><G122/><T125/><D125/><U24/><E51/><V134/><F134/><W81/><G69/><T129/><D129/><U38/><E24/><V15/><F15/><W108/><G70/><T17/><D106/><U132/><E38/><V30/><F30/><W65/><G108/><T61/><D72/><U114/><E114/><RYUUKYOKU ba="0,0" sc="211,-15,329,15,230,15,230,-15" hai1="10,16,19,32,34,45,47,60,62,86,87,132,135" hai2="11,14,18,41,43,92,97" /><INIT seed="1,1,0,1,2,104" ten="196,344,245,215" oya="1" hai0="68,81,15,87,38,103,27,88,43,89,30,100,64" hai1="0,52,48,49,127,46,45,17,82,128,14,116,83" hai2="26,84,76,109,111,120,134,25,20,53,72,50,44" hai3="97,60,5,31,125,99,71,90,29,62,21,78,54"/><U1/><E116/><V23/><F120/><W18/><G125/><T69/><D38/><U56/><E127/><V94/><F134/><W112/><G112/><T3/><D3/><U22/><E128/><V7/><F7/><W74/><G5/><T19/><D43/><U126/><E126/><V13/><F13/><W102/><G71/><T96/><D69/><U122/><E122/><V55/><F72/><W135/><G135/><T110/><D110/><N who="2" m="41994" /><F55/><W58/><G60/><T57/><D68/><U37/><E37/><V106/><F106/><W108/><G108/><T101/><D57/><U12/><E56/><V86/><F94/><N who="3" m="56535" /><G78/><N who="0" m="46519" /><D64/><U8/><E0/><V6/><F6/><W34/><G34/><T24/><D30/><U47/><E1/><V11/><F11/><W40/><G40/><T95/><D89/><U32/><E32/><V93/><F76/><W70/><G74/><T59/><D59/><N who="1" m="33159" /><E49/><V36/><F36/><W16/><G70/><T77/><D77/><U42/><E42/><V91/><F84/><W113/><G113/><T115/><D115/><U10/><E10/><AGARI ba="1,0" hai="10,15,19,24,27,88,95,96,100,101,103" m="46519" machi="10" ten="30,2000,0" yaku="8,1,54,1" doraHai="104" who="0" fromWho="1" sc="196,23,344,-23,245,0,215,0" /><INIT seed="2,0,0,5,1,6" ten="219,321,245,215" oya="2" hai0="25,102,114,86,120,9,32,112,63,84,65,121,78" hai1="110,22,81,47,13,119,117,20,54,7,31,42,27" hai2="93,82,98,111,50,46,15,135,83,76,71,80,94" hai3="92,103,2,10,124,122,5,17,67,41,21,56,55"/><V88/><F135/><W23/><G122/><T11/><D102/><U36/><E110/><V39/><F71/><W105/><G105/><T57/><D120/><U33/><E33/><V59/><F111/><W69/><G124/><T35/><D121/><U58/><E81/><V51/><F39/><W29/><G41/><T30/><D35/><U99/><E99/><V116/><F116/><W134/><G134/><T97/><D97/><U75/><E75/><V72/><F15/><W126/><G126/><T40/><D40/><U73/><E73/><V130/><F130/><W91/><G103/><T125/><D125/><U43/><E43/><V52/><REACH who="2" step="1"/><F94/><REACH who="2" ten="219,321,235,215" step="2"/><W106/><G69/><T49/><D114/><U8/><REACH who="1" step="1"/><E22/><REACH who="1" ten="219,311,235,215" step="2"/><V127/><F127/><W85/><G21/><T118/><D112/><U61/><AGARI ba="0,2" hai="7,8,13,20,27,31,36,42,47,54,58,61,117,119" machi="61" ten="20,12000,2" yaku="1,1,2,1,0,1,7,1,52,1,53,1" doraHai="6" doraHaiUra="26" who="1" fromWho="1" sc="219,-30,311,140,235,-60,215,-30" /><INIT seed="3,0,0,2,0,17" ten="189,451,175,185" oya="3" hai0="34,54,42,81,70,65,73,123,128,107,63,24,132" hai1="4,127,108,74,60,6,40,82,105,95,13,114,15" hai2="130,66,111,9,57,12,11,38,88,69,89,78,79" hai3="125,134,16,119,67,22,124,113,93,104,49,85,109"/><W106/><G113/><T8/><D123/><U110/><E105/><V72/><F69/><W75/><G119/><T29/><D132/><U52/><E114/><V101/><F38/><W129/><G75/><T39/><D54/><U103/><E40/><V91/><F111/><N who="1" m="42537" /><E127/><N who="3" m="48714" /><G109/><T33/><D33/><U10/><E103/><V86/><F130/><W116/><G116/><T118/><D8/><N who="2" m="3146" /><F72/><W45/><G67/><T27/><D27/><U18/><E95/><N who="2" m="54679" /><F101/><W2/><G2/><T25/><D25/><U61/><E52/><V94/><F12/><N who="3" m="9479" /><G129/><T48/><D128/><U96/><E18/><V51/><F51/><W84/><G134/><T126/><D48/><U43/><E43/><V5/><F5/><W71/><G71/><T35/><D118/><U131/><E131/><V133/><F133/><W1/><G1/><T120/><D126/><U26/><E4/><V90/><F94/><W3/><G3/><T0/><D0/><U112/><E6/><V102/><F102/><W59/><G59/><T98/><D70/><U53/><E112/><V76/><F57/><W23/><G23/><T58/><D35/><U14/><E10/><V28/><F66/><W64/><G64/><T19/><D65/><U21/><E74/><V122/><F122/><W115/><G115/><T7/><D73/><U30/><E21/><V121/><F121/><W100/><G100/><T55/><D120/><U37/><E30/><AGARI ba="0,0" hai="28,30,76,78,79,89,90,91" m="54679,3146" machi="30" ten="40,2600,0" yaku="8,1,54,1" doraHai="17" who="2" fromWho="1" sc="189,0,451,-26,175,26,185,0" owari="189,-21.1,425,52.5,201,0.1,185,-31.5" /></mjloggm>