<mjloggm ver="2.3"><GO type="225" lobby="0"/><UN n0="%E5%86%B7%E5%87%8D%E3%82%AE%E3%83%A7%E3%83%BC%E3%82%B6" n1="%E3%82%B2%E3%82%B9%E8%8C%82%E5%8B%9D" n2="%E6%B4%BE%E9%81%A3%E3%81%AE%E3%82%B8%E3%83%A3%E3%83%83%E3%82%AF" n3="%E7%BD%AA%E5%88%91%E6%B3%95%E5%AE%9A%E4%B8%BB%E7%BE%A9" dan="16,16,17,16" rate="2164.64,2059.76,2189.64,2107.95" sx="M,F,M,M"/><TAIKYOKU oya="0"/><INIT seed="0,0,0,0,0,79" ten="250,250,250,250" oya="0" hai0="1,101,72,21,103,109,62,126,124,39,3,104,54" hai1="30,42,116,110,36,34,112,133,63,16,95,73,59" hai2="114,134,6,58,37,70,10,45,32,17,0,77,87" hai3="23,99,2,120,97,24,11,12,67,20,98,132,96"/><T35/><D35/><U75/><E116/><V113/><F70/><W33/><G132/><T71/><D72/><U123/><E112/><V9/><F32/><W93/><G120/><T125/><D39/><U15/><E123/><V26/><F134/><W18/><G67/><N who="0" m="41463" /><D109/><U66/><E133/><V29/><F58/><W89/><REACH who="3" step="1"/><G2/><REACH who="3" ten="250,250,250,240" step="2"/><T94/><D1/><U43/><E110/><V108/><F108/><W68/><G68/><T22/><D3/><U47/><E42/><V81/><F113/><W46/><G46/><T78/><D126/><U25/><REACH who="1" step="1"/><E95/><REACH who="1" ten="250,240,250,240" step="2"/><V122/><F122/><W107/><G107/><T53/><D104/><U8/><AGARI ba="0,2" hai="8,15,16,25,30,34,36,43,47,59,63,66,73,75" machi="8" ten="20,8000,1" yaku="1,1,2,1,0,1,7,1,54,1,53,0" doraHai="79" doraHaiUra="49" who="1" fromWho="1" sc="250,-40,240,100,250,-20,240,-20" /><INIT seed="1,0,0,5,4,68" ten="210,340,230,220" oya="1" hai0="63,29,3,40,13,59,10,115,123,74,113,117,47" hai1="119,97,65,114,89,112,82,92,44,32,60,127,105" hai2="61,9,134,4,111,128,7,109,28,43,30,126,84" hai3="79,85,49,135,94,125,1,106,50,42,86,72,0"/><U2/><E119/><V18/><F84/><W64/><G106/><T48/><D117/><U93/><E105/><V99/><F99/><W70/><G125/><T39/><D123/><U131/><E127/><V120/><F126/><W80/><G135/><T98/><D74/><U56/><E32/><V19/><F61/><W51/><G42/><T62/><D3/><U55/><E131/><V35/><F43/><W37/><G37/><T11/><D11/><U15/><E2/><V36/><F36/><W53/><G53/><T26/><D98/><U130/><E130/><V69/><F69/><W88/><REACH who="3" step="1"/><G72/><REACH who="3" ten="210,340,230,210" step="2"/><T87/><D39/><U121/><E121/><V45/><F120/><W132/><G132/><T83/><D115/><U20/><E112/><V118/><F134/><W104/><G104/><T25/><D113/><U41/><E55/><V71/><F128/><W54/><G54/><T116/><D116/><U31/><E114/><V58/><F118/><W90/><G90/><T129/><D129/><U21/><E89/><V22/><F109/><W102/><G102/><T101/><D101/><U67/><E41/><V34/><F111/><W81/><G81/><T46/><D40/><U133/><E82/><V14/><F45/><W16/><G16/><N who="0" m="8247" /><D47/><U57/><E133/><V6/><F19/><W108/><G108/><T38/><D38/><U5/><E93/><V100/><F100/><W8/><G8/><T73/><D73/><U66/><E92/><V76/><F9/><W77/><G77/><N who="0" m="46575" /><D46/><U17/><E17/><V124/><F124/><W110/><G110/><T95/><D95/><RYUUKYOKU ba="0,1" sc="210,-10,340,-10,230,-10,210,30" hai3="0,1,49,50,51,64,70,79,80,85,86,88,94" /><INIT seed="2,1,1,0,5,28" ten="200,330,220,240" oya="2" hai0="128,108,44,83,47,49,126,57,111,112,22,68,131" hai1="24,103,37,73,59,40,123,60,75,33,133,119,25" hai2="65,102,54,21,100,89,34,9,35,99,88,107,38" hai3="55,115,105,101,96,120,58,84,17,7,97,76,71"/><V125/><F38/><W27/><G120/><T116/><D68/><U124/><E119/><V32/><F65/><W14/><G71/><T46/><D83/><U20/><E123/><V93/><F9/><W56/><G115/><T23/><D112/><U48/><E37/><V91/><F54/><W82/><G97/><T15/><D126/><U43/><E124/><V4/><F4/><W127/><G127/><T79/><D79/><U53/><E133/><V80/><F125/><W118/><G118/><T87/><D87/><U85/><E103/><V109/><F109/><N who="0" m="42058" /><D116/><U1/><E1/><V114/><F114/><W132/><G132/><T113/><D113/><U67/><E85/><V10/><F10/><W64/><G64/><T18/><D23/><U104/><E104/><V61/><F61/><W121/><G121/><T19/><D19/><U42/><E33/><V77/><F21/><W2/><G27/><T52/><AGARI ba="1,1" hai="15,18,22,44,46,47,49,52,57,128,131" m="42058" machi="52" ten="40,2700,0" yaku="14,1,54,1" doraHai="28" who="0" fromWho="0" sc="200,40,330,-8,220,-14,240,-8" /><INIT seed="3,0,0,5,3,66" ten="240,322,206,232" oya="3" hai0="52,100,120,51,122,87,16,24,127,88,110,116,78" hai1="123,27,26,99,95,44,105,94,1,106,13,21,6" hai2="104,124,107,53,31,115,118,103,125,75,133,25,56" hai3="23,129,11,134,68,3,4,5,72,46,70,61,42"/><W77/><G77/><T76/><D116/><U19/><E123/><V45/><F118/><W89/><G134/><T86/><D110/><U73/><E73/><V93/><F75/><W98/><G129/><T10/><D127/><N who="2" m="48714" /><F45/><W97/><G5/><T108/><D108/><U96/><E44/><V64/><F115/><W9/><G9/><T48/><D48/><U81/><E81/><V36/><F36/><W130/><G130/><T20/><D87/><U83/><E83/><V0/><F0/><W114/><G114/><T80/><D100/><U74/><E74/><V128/><F128/><W17/><G72/><T102/><D102/><U60/><E1/><V135/><F64/><W111/><G111/><T126/><D126/><U39/><E39/><V41/><F41/><W47/><G47/><N who="0" m="27775" /><D122/><U54/><E6/><V101/><F101/><W62/><G62/><T34/><D34/><U29/><E105/><N who="2" m="40523" /><F93/><W32/><G32/><T59/><D120/><U113/><E106/><V82/><F82/><W84/><G61/><T50/><D10/><U63/><E113/><V79/><F79/><W71/><G46/><T38/><D38/><U85/><E95/><V28/><F103/><W37/><G42/><T109/><D109/><U91/><E63/><N who="2" m="36239" /><F25/><N who="3" m="14575" /><G37/><T33/><D33/><N who="1" m="20663" /><E27/><V119/><F119/><W132/><G132/><AGARI ba="0,0" hai="28,31,132,133,135" m="36239,40523,48714" machi="132" ten="40,2600,0" yaku="20,1,18,1" doraHai="66" who="2" fromWho="3" sc="240,0,322,0,206,26,232,-26" owari="240,4.0,322,42.2,232,-16.8,206,-29.4" /></mjloggm>