<mjloggm ver="2.3"><GO type="225" lobby="0"/><UN n0="%E3%83%B4%E3%82%A3%E3%83%AF%E3%82%B3%E3%82%B0%E3%83%8B" n1="%E3%81%8B%E3%82%8F%E3%81%A1%E3%82%83%E3%82%93%35%38" n2="%E3%81%A8%E3%82%93%E3%81%A8%E3%81%93%E3%81%A8%E3%82%93" n3="%E3%82%B2%E3%82%B9%E8%8C%82%E5%8B%9D" dan="16,16,16,16" rate="2167.15,2113.53,2168.64,2068.97" sx="M,M,F,F"/><TAIKYOKU oya="0"/><INIT seed="0,0,0,1,4,57" ten="250,250,250,250" oya="0" hai0="124,120,61,131,17,43,78,24,87,14,44,11,118" hai1="110,13,99,123,55,7,108,22,38,64,105,10,73" hai2="97,81,30,117,23,96,128,74,69,102,107,79,86" hai3="15,119,33,112,20,26,62,92,8,89,84,41,100"/><T31/><D124/><U68/><E123/><V95/><F69/><W54/><G112/><T72/><D131/><U29/><E73/><V35/><F35/><W127/><G127/><T9/><D120/><U114/><E114/><V80/><F30/><W122/><G122/><T12/><D72/><U16/><E38/><V63/><F63/><W59/><G119/><T1/><D1/><U0/><E55/><V132/><F23/><W88/><G33/><T52/><D118/><U36/><E36/><V116/><F132/><W125/><G125/><T2/><D2/><U65/><E29/><V101/><REACH who="2" step="1"/><F128/><REACH who="2" ten="250,250,240,250" step="2"/><W27/><G20/><T71/><D71/><U25/><E25/><V94/><F94/><N who="3" m="54535" /><G41/><T91/><D43/><U93/><E105/><V126/><F126/><W46/><G46/><T109/><D44/><U50/><E68/><V134/><F134/><W58/><G59/><T6/><D31/><U37/><E22/><V113/><F113/><W39/><G39/><T111/><D24/><U4/><E37/><V106/><F106/><W32/><G32/><T133/><D133/><U60/><E50/><V90/><AGARI ba="0,1" hai="74,79,80,81,86,90,95,96,97,101,102,107,116,117" machi="90" ten="30,12000,2" yaku="1,1,0,1,34,3,53,2" doraHai="57" doraHaiUra="115" who="2" fromWho="2" sc="250,-60,250,-30,240,130,250,-30" /><INIT seed="1,0,0,2,5,44" ten="190,220,370,220" oya="1" hai0="1,65,34,32,134,110,10,106,15,121,37,69,94" hai1="58,23,39,114,55,80,11,99,12,17,22,73,115" hai2="47,124,91,98,75,95,2,107,53,71,103,126,56" hai3="118,132,29,123,109,76,28,67,83,24,16,61,64"/><U13/><E39/><V40/><F71/><W46/><G109/><T93/><D106/><U62/><E73/><V20/><F2/><W127/><G132/><T38/><D1/><U96/><E114/><V101/><F20/><W42/><G127/><T120/><D110/><U104/><E104/><V30/><F30/><W45/><G123/><N who="0" m="47179" /><D65/><U97/><E115/><V105/><F75/><W68/><G64/><T27/><D69/><U131/><E131/><V119/><F119/><W49/><G45/><T48/><D134/><U100/><E80/><V19/><F19/><W102/><G102/><T112/><D112/><U52/><E100/><V111/><F111/><W79/><G118/><T7/><D48/><U6/><REACH who="1" step="1"/><E22/><REACH who="1" ten="190,210,370,220" step="2"/><V25/><F107/><W130/><G130/><T60/><D37/><U86/><E86/><V125/><F105/><W129/><G129/><T31/><D38/><U90/><E90/><V51/><F25/><W54/><G76/><T74/><D74/><U72/><E72/><V3/><F3/><W4/><G83/><T41/><D94/><U66/><AGARI ba="0,1" hai="6,11,12,13,17,23,52,55,58,62,66,96,97,99" machi="66" ten="30,11700,0" yaku="1,1,0,1,8,1,54,1,53,0" doraHai="44" doraHaiUra="87" who="1" fromWho="1" sc="190,-39,210,127,370,-39,220,-39" /><INIT seed="1,1,0,3,3,33" ten="151,337,331,181" oya="1" hai0="114,134,121,115,16,6,109,80,57,79,102,8,69" hai1="101,44,92,74,108,4,58,42,59,72,75,94,119" hai2="47,37,88,93,66,24,123,26,82,27,124,125,120" hai3="106,21,96,3,117,111,0,133,65,50,118,56,15"/><U9/><E119/><N who="3" m="45578" /><G111/><T76/><D69/><U85/><E108/><V131/><F66/><W5/><G133/><T128/><D109/><U127/><E127/><N who="2" m="48715" /><F82/><W10/><G21/><T36/><D134/><U55/><E101/><V30/><F30/><W31/><G31/><T78/><D36/><U122/><E122/><V64/><F64/><W71/><G71/><T19/><D128/><U68/><E68/><V53/><F131/><W49/><G96/><T70/><D70/><U60/><E59/><V38/><F53/><W103/><G103/><T113/><D121/><N who="2" m="46666" /><F47/><W135/><G106/><T61/><D80/><U11/><E85/><AGARI ba="1,0" hai="24,26,27,37,38,85,88,93" m="46666,48715" machi="85" ten="40,2600,0" yaku="18,1,54,1" doraHai="33" who="2" fromWho="1" sc="151,0,337,-29,331,29,181,0" /><INIT seed="2,0,0,4,4,10" ten="151,308,360,181" oya="2" hai0="82,74,111,116,79,18,117,65,78,51,114,37,85" hai1="17,44,94,50,7,43,99,31,130,68,56,70,23" hai2="54,127,42,0,4,35,5,95,129,133,106,109,61" hai3="84,41,2,69,29,57,101,73,87,16,93,119,120"/><V97/><F106/><W92/><G69/><T1/><D37/><U8/><E130/><V118/><F35/><W115/><G119/><N who="0" m="45643" /><D1/><U124/><E31/><V13/><F118/><W60/><G115/><T128/><D114/><U72/><E124/><V96/><F0/><W11/><G73/><T88/><D128/><U19/><E56/><V62/><F129/><W49/><G120/><T125/><D65/><U112/><E19/><V40/><F133/><W24/><G2/><T64/><D64/><U47/><E72/><V27/><F109/><W34/><G49/><T113/><D113/><U89/><E112/><V25/><F95/><W32/><G41/><T76/><D51/><U80/><E80/><V46/><F46/><W20/><G11/><T59/><D59/><U122/><E47/><V15/><REACH who="2" step="1"/><F54/><REACH who="2" ten="151,308,350,181" step="2"/><W48/><G34/><T75/><D111/><U30/><E122/><V55/><F55/><W123/><G123/><T36/><D125/><AGARI ba="0,1" hai="4,5,13,15,25,27,40,42,61,62,96,97,125,127" machi="125" ten="25,12000,1" yaku="1,1,22,2,52,2,53,0" doraHai="10" doraHaiUra="6" who="2" fromWho="0" sc="151,-120,308,0,350,130,181,0" /><INIT seed="2,1,0,0,4,128" ten="31,308,480,181" oya="2" hai0="92,4,51,37,28,60,109,99,81,94,104,68,41" hai1="102,46,48,0,20,47,119,58,40,1,76,78,64" hai2="63,118,83,107,14,35,115,122,21,18,130,101,5" hai3="3,57,77,33,127,95,135,50,16,132,11,72,36"/><V27/><F107/><W45/><G127/><T7/><D104/><U19/><E119/><V73/><F101/><W6/><G33/><T54/><D109/><U131/><E131/><V120/><F63/><W71/><G71/><T55/><D28/><U80/><E102/><V110/><F73/><W52/><G77/><T98/><D37/><U125/><E125/><V111/><F83/><W74/><G95/><T90/><D41/><U25/><E78/><V75/><F75/><W116/><G116/><T106/><D106/><U123/><E123/><V2/><F115/><W82/><G82/><T134/><D81/><U30/><E64/><V70/><F70/><W8/><G72/><T38/><D38/><U23/><E58/><V61/><F61/><W87/><G74/><T103/><D68/><U97/><E97/><V65/><F65/><W85/><G36/><T44/><REACH who="0" step="1"/><D134/><REACH who="0" ten="21,308,480,181" step="2"/><N who="3" m="51241" /><G45/><T66/><D66/><U31/><E47/><V34/><F130/><W96/><G96/><T89/><D89/><U117/><E117/><V88/><F118/><W114/><G114/><T9/><D9/><U79/><E80/><V53/><F88/><W84/><G11/><T24/><D24/><U121/><E121/><BYE who="1" /><V56/><F120/><W10/><G8/><T124/><D124/><U42/><E42/><V86/><F122/><W91/><G91/><T29/><D29/><U39/><E39/><V126/><F126/><W93/><G93/><T133/><D133/><U15/><E15/><V43/><F14/><N who="3" m="7255" /><G3/><T113/><D113/><U129/><E129/><V13/><F2/><W62/><G6/><RYUUKYOKU ba="1,1" sc="21,15,308,-15,480,-15,181,15" hai0="4,7,44,51,54,55,60,90,92,94,98,99,103" hai3="50,52,57,62,84,85,87" /><INIT seed="3,2,1,5,2,16" ten="36,293,465,196" oya="3" hai0="130,84,112,61,104,47,49,85,99,122,10,110,80" hai1="135,18,87,14,105,90,77,120,76,54,56,101,121" hai2="97,66,88,41,17,65,75,115,1,58,50,48,53" hai3="106,86,12,3,33,13,32,98,37,114,129,43,21"/><W62/><G114/><T60/><D122/><U103/><E103/><V127/><F75/><W113/><G113/><T69/><D112/><U116/><E116/><V64/><F1/><W78/><G129/><T45/><D130/><U55/><E55/><V132/><F115/><W125/><G3/><T39/><D110/><U111/><E111/><V63/><F132/><W38/><G125/><T133/><D133/><U31/><E31/><V6/><F6/><W89/><G78/><T123/><D123/><U124/><E124/><V73/><F73/><W27/><G62/><T52/><D104/><U72/><E72/><V94/><F127/><W34/><G98/><T82/><D69/><U26/><E26/><V68/><F68/><W22/><G106/><T30/><D99/><U59/><E59/><N who="2" m="33191" /><F17/><W107/><G107/><T2/><D39/><U5/><E5/><V109/><F109/><W23/><G27/><T29/><D2/><U100/><E100/><V57/><F41/><W28/><G28/><T92/><D92/><U44/><E44/><V36/><F36/><W51/><G37/><T40/><D10/><U46/><E46/><V24/><F24/><W8/><G38/><T0/><D0/><U20/><E20/><V117/><F117/><W126/><G8/><T96/><D96/><U102/><E102/><V79/><F79/><W70/><G70/><T11/><D11/><U67/><E67/><V118/><F118/><W35/><G126/><T134/><D134/><U9/><E9/><V83/><F63/><N who="0" m="24138" /><D45/><U15/><E15/><V74/><F97/><W71/><G12/><RYUUKYOKU ba="2,1" sc="36,0,293,0,465,0,196,0" owari="36,-46.4,293,9.3,475,57.5,196,-20.4" /></mjloggm>