<mjloggm ver="2.3"><GO type="225" lobby="0"/><UN n0="%E5%8D%A0%E3%81%84%E5%B8%AB%E8%A3%8F%E3%81%AA%E3%81%84%E3%81%97" n1="%E8%A8%88%E7%AE%97%E6%A9%9F%E8%87%AA%E7%84%B6" n2="%57%69%73%68%61%72%74" n3="%E3%83%9D%E3%82%B1%E3%83%83%E3%83%88" dan="17,17,16,16" rate="2181.94,2186.98,2065.33,2112.61" sx="M,M,M,M"/><TAIKYOKU oya="0"/><INIT seed="0,0,0,2,2,20" ten="250,250,250,250" oya="0" hai0="81,87,116,85,55,121,84,74,29,37,99,114,2" hai1="14,61,4,134,43,118,18,47,42,54,91,11,60" hai2="33,82,83,104,6,92,103,76,123,109,79,115,32" hai3="34,44,72,62,27,124,110,133,26,71,130,3,95"/><T16/><D114/><U57/><E118/><V122/><F6/><W101/><G3/><T28/><D116/><U58/><E134/><V36/><F36/><W100/><G133/><T49/><D2/><U66/><E91/><V21/><F21/><W10/><G72/><T51/><D37/><U5/><REACH who="1" step="1"/><E42/><REACH who="1" ten="250,240,250,250" step="2"/><V126/><F122/><W102/><G102/><T111/><D121/><U70/><E70/><V112/><F123/><W125/><G71/><T15/><D111/><U9/><E9/><V69/><F69/><W0/><G10/><T117/><D117/><U7/><E7/><V97/><F115/><W8/><G8/><N who="0" m="6247" /><D74/><U77/><E77/><V106/><F112/><W48/><G101/><T107/><D81/><U38/><AGARI ba="0,1" hai="4,5,11,14,18,38,43,47,54,57,58,60,61,66" machi="38" ten="20,2700,0" yaku="1,1,0,1,7,1,53,0" doraHai="20" doraHaiUra="128" who="1" fromWho="1" sc="250,-13,240,37,250,-7,250,-7" /><INIT seed="1,0,0,3,4,9" ten="237,277,243,243" oya="1" hai0="46,49,43,75,59,47,52,119,26,63,125,105,34" hai1="103,71,25,83,28,50,65,129,128,55,32,73,24" hai2="77,123,5,79,111,120,19,85,37,41,112,45,20" hai3="54,117,53,27,48,39,104,6,17,36,88,102,109"/><U130/><E103/><V69/><F69/><W82/><G109/><T97/><D75/><U101/><E101/><V115/><F111/><W70/><G70/><T3/><D119/><U86/><E73/><V107/><F107/><W87/><G117/><T57/><D3/><U108/><E108/><V0/><F5/><W2/><G6/><T131/><D131/><U51/><E24/><V93/><F0/><W30/><G2/><T89/><D125/><U21/><E32/><V40/><F40/><W122/><G122/><T113/><D113/><N who="2" m="43594" /><F93/><W98/><G17/><T124/><D124/><U66/><E71/><V58/><F58/><W10/><G10/><T61/><D105/><U56/><REACH who="1" step="1"/><E50/><REACH who="1" ten="237,267,243,243" step="2"/><V15/><F85/><W29/><G29/><T81/><D34/><U92/><E92/><V74/><F74/><W106/><G104/><T7/><D26/><U8/><E8/><V100/><F100/><W133/><G48/><T94/><D81/><U68/><E68/><V16/><F19/><W118/><G118/><T13/><D7/><U116/><E116/><V110/><F110/><W38/><REACH who="3" step="1"/><G133/><REACH who="3" ten="237,267,243,233" step="2"/><T72/><D49/><U96/><E96/><V84/><F84/><W12/><G12/><T60/><D13/><U114/><E114/><V44/><F123/><W134/><G134/><T14/><D14/><U35/><E35/><AGARI ba="0,2" hai="27,30,35,36,38,39,53,54,82,87,88,98,102,106" machi="35" ten="40,2600,0" yaku="1,1,54,1,53,0" doraHai="9" doraHaiUra="64" who="3" fromWho="1" sc="237,0,267,-26,243,0,233,46" /><INIT seed="2,0,0,5,2,114" ten="237,241,243,279" oya="2" hai0="23,5,9,117,96,32,19,98,81,89,38,99,46" hai1="122,51,113,116,14,43,11,62,107,16,133,64,130" hai2="48,70,53,118,73,55,60,2,105,102,108,40,28" hai3="100,59,26,119,45,66,131,39,71,35,129,33,36"/><V58/><F2/><W90/><G59/><T134/><D32/><U83/><E113/><V25/><F73/><W69/><G100/><T110/><D110/><U8/><E107/><V37/><F108/><W82/><G90/><T13/><D134/><U31/><E133/><V3/><F3/><W12/><G82/><T67/><D67/><U27/><E130/><V115/><F115/><W125/><G12/><T47/><D38/><U112/><E112/><V63/><F118/><W0/><G0/><T44/><D117/><U132/><E132/><V126/><F126/><W54/><G125/><T88/><REACH who="0" step="1"/><D81/><REACH who="0" ten="227,241,243,279" step="2"/><U17/><E17/><V65/><BYE who="1" /><F37/><UN n1="%E8%A8%88%E7%AE%97%E6%A9%9F%E8%87%AA%E7%84%B6" /><W15/><G66/><T120/><D120/><U95/><E122/><V80/><F80/><W79/><G39/><T30/><D30/><U101/><E116/><V86/><F40/><W57/><G35/><T49/><D49/><U91/><E51/><V21/><F48/><W68/><G119/><T52/><D52/><U10/><E43/><V56/><F53/><W104/><G36/><T127/><D127/><U109/><E109/><V84/><F70/><W6/><G68/><T94/><D94/><U92/><E83/><V50/><F50/><W76/><G71/><T61/><D61/><U97/><E62/><V85/><F105/><W20/><G104/><T1/><AGARI ba="0,1" hai="1,5,9,13,19,23,44,46,47,88,89,96,98,99" machi="1" ten="30,4000,0" yaku="1,1,0,1,54,1,53,0" doraHai="114" doraHaiUra="128" who="0" fromWho="0" sc="227,50,241,-10,243,-20,279,-10" /><INIT seed="3,0,0,4,0,91" ten="277,231,223,269" oya="3" hai0="18,130,114,125,22,109,25,75,128,31,133,34,70" hai1="1,105,3,66,69,108,13,122,20,131,46,118,44" hai2="9,102,38,127,29,99,15,5,79,51,30,52,11" hai3="10,35,43,83,56,41,120,80,124,39,55,101,112"/><W36/><G35/><T76/><D70/><U24/><E122/><V14/><F38/><W57/><G112/><T61/><D114/><U0/><E105/><V74/><F74/><W81/><G120/><T119/><D119/><U126/><E108/><V47/><F79/><W48/><G124/><T78/><D109/><U73/><E73/><V71/><F71/><W88/><G101/><T42/><D125/><U111/><E111/><V77/><F77/><W92/><G10/><T135/><D61/><U117/><E13/><V87/><F87/><N who="3" m="52255" /><G36/><T90/><D42/><N who="3" m="15881" /><G39/><T26/><D75/><U59/><E126/><V110/><F110/><W129/><G129/><N who="0" m="49771" /><D90/><U32/><E69/><V121/><F121/><W28/><G28/><T60/><D76/><U94/><E131/><V67/><F67/><W95/><G95/><T7/><D78/><U12/><E94/><N who="2" m="58743" /><F127/><W49/><G48/><T17/><D34/><U98/><E118/><V4/><AGARI ba="0,0" hai="4,5,9,11,14,15,29,30,47,51,52" m="58743" machi="4" ten="30,4000,0" yaku="8,1,52,1,54,1" doraHai="91" who="2" fromWho="2" sc="277,-10,231,-10,223,40,269,-20" /><INIT seed="4,0,0,2,0,66" ten="267,221,263,249" oya="0" hai0="11,110,106,127,68,63,28,133,18,38,27,21,58" hai1="80,79,56,103,13,12,44,123,6,130,22,108,71" hai2="114,118,40,119,51,19,82,7,9,78,0,5,111" hai3="85,132,92,61,125,2,90,98,3,101,33,104,113"/><T10/><D38/><U89/><E108/><V50/><F111/><W116/><G116/><N who="2" m="44585" /><F114/><W100/><G113/><T131/><D110/><U60/><E123/><V20/><F7/><W121/><G121/><T84/><D131/><U8/><E130/><V36/><F40/><W4/><G132/><T46/><D106/><U112/><E112/><V107/><F107/><W87/><G33/><T39/><D133/><U45/><E103/><V17/><F17/><W31/><G31/><T120/><D120/><U16/><E89/><V122/><F36/><W62/><G125/><T72/><D72/><U69/><E44/><V102/><F102/><W65/><G100/><T73/><D73/><U67/><E45/><V24/><F122/><W59/><G4/><T53/><D127/><U129/><E129/><V57/><F57/><W26/><G26/><T32/><D46/><U93/><E93/><V99/><F99/><W88/><REACH who="3" step="1"/><G62/><REACH who="3" ten="267,221,263,239" step="2"/><T76/><D28/><U64/><E67/><V75/><AGARI ba="0,1" hai="0,5,9,19,20,24,50,51,75,78,82" m="44585" machi="75" ten="30,1100,0" yaku="12,1" doraHai="66" who="2" fromWho="2" sc="267,-5,221,-3,263,21,239,-3" /><INIT seed="5,0,0,3,3,111" ten="262,218,284,236" oya="1" hai0="67,19,92,49,119,12,4,103,80,54,85,123,35" hai1="63,44,91,41,110,9,105,69,77,97,100,21,78" hai2="50,89,122,121,90,132,127,59,68,11,2,24,26" hai3="25,29,96,87,81,124,125,118,83,39,53,71,129"/><U131/><E110/><V104/><F68/><W14/><G71/><T15/><D35/><U84/><E131/><V65/><F104/><W8/><G129/><T86/><D119/><U48/><E21/><V93/><F127/><N who="3" m="48715" /><G118/><T51/><D67/><U74/><E74/><V36/><F36/><W126/><N who="3" m="48723" /><W73/><DORA hai="30" /><G39/><T42/><D42/><U6/><E63/><V108/><F108/><W106/><G53/><T117/><D123/><U130/><E69/><V76/><F76/><W7/><G73/><T101/><D54/><U46/><E44/><V75/><F75/><W22/><G87/><T10/><D117/><U27/><E27/><V116/><F116/><W16/><G7/><T58/><D86/><U61/><E61/><V134/><F122/><W18/><G18/><T79/><D19/><U95/><REACH who="1" step="1"/><E130/><REACH who="1" ten="262,208,284,236" step="2"/><V70/><F70/><W98/><G106/><T82/><D10/><U3/><AGARI ba="0,1" hai="3,6,9,41,46,48,77,78,84,91,95,97,100,105" machi="3" ten="20,12000,1" yaku="1,1,2,1,0,1,7,1,53,1" doraHai="111,30" doraHaiUra="112,99" who="1" fromWho="1" sc="262,-40,208,130,284,-40,236,-40" owari="222,-17.8,338,43.8,244,4.4,196,-30.4" /></mjloggm>