<mjloggm ver="2.3"><GO type="225" lobby="0"/><UN n0="%72%69%6F%75%63%68%61%6E" n1="%E3%81%B5%E3%81%98%E3%81%8B%E3%81%A4" n2="%E6%A1%9C%E8%8A%B1%E9%96%83%E3%80%85" n3="%E9%97%98%E5%B0%86%E3%81%A0%E3%82%93%E3%81%A7%E3%81%83" dan="16,17,16,16" rate="2226.55,2171.04,2233.76,2139.26" sx="M,M,M,M"/><TAIKYOKU oya="0"/><INIT seed="0,0,0,3,2,84" ten="250,250,250,250" oya="0" hai0="117,75,101,12,107,2,95,6,41,119,111,82,47" hai1="60,37,0,71,10,35,105,112,69,53,130,106,124" hai2="135,65,76,18,9,28,99,11,50,52,128,114,123" hai3="3,38,5,78,22,94,89,17,81,43,85,72,93"/><T55/><D107/><N who="1" m="40971" /><E53/><V49/><F114/><W45/><G94/><T42/><D111/><U125/><E112/><V15/><F128/><W96/><G5/><T32/><D32/><U103/><E103/><V80/><F135/><W113/><G3/><T36/><D41/><U7/><E130/><V100/><F123/><W133/><G133/><T33/><D12/><U58/><E35/><V134/><F65/><W127/><G127/><N who="1" m="48714" /><E58/><V86/><F28/><W121/><G113/><T115/><D115/><U104/><N who="1" m="40979" /><U51/><DORA hai="54" /><E51/><V88/><F134/><W108/><G108/><T110/><D110/><U30/><E30/><V21/><F76/><W29/><G29/><T64/><D33/><U34/><E34/><V61/><F61/><W40/><G40/><T132/><D132/><U109/><E109/><V97/><F50/><W118/><G121/><T26/><D64/><N who="1" m="41095" /><E71/><V126/><F126/><W27/><REACH who="3" step="1"/><G118/><REACH who="3" ten="250,250,250,240" step="2"/><T14/><D119/><U1/><E1/><V67/><F100/><W4/><G4/><T25/><D2/><U79/><E79/><V59/><F67/><W83/><G83/><T48/><D117/><U56/><E56/><V122/><F122/><W116/><G116/><T74/><D82/><U102/><E102/><V98/><AGARI ba="0,1" hai="9,11,15,18,21,49,52,59,80,86,88,97,98,99" machi="98" ten="30,12000,2" yaku="0,1,8,1,52,2,54,2" doraHai="84,54" who="2" fromWho="2" sc="250,-60,250,-30,250,130,240,-30" /><INIT seed="1,0,0,0,5,5" ten="190,220,380,210" oya="1" hai0="50,101,17,91,42,47,124,44,112,100,134,14,12" hai1="30,89,39,21,132,123,107,79,133,87,131,115,57" hai2="23,19,82,53,15,34,26,96,58,118,88,120,90" hai3="8,60,40,55,0,121,110,27,29,6,20,59,102"/><U35/><E123/><V86/><F118/><W68/><G110/><T92/><D112/><U81/><E39/><V13/><F120/><W116/><G121/><T66/><D124/><U22/><E115/><V80/><F34/><W41/><G116/><T38/><D134/><N who="1" m="51819" /><E107/><V16/><F19/><W51/><G102/><T18/><D66/><U71/><E71/><V93/><F80/><W119/><G119/><T49/><D38/><U95/><E131/><V108/><F108/><W94/><G94/><T75/><D75/><N who="1" m="43263" /><E57/><V56/><F56/><W97/><G97/><T125/><D125/><U1/><E1/><V98/><F98/><W37/><G37/><T129/><D129/><U127/><E127/><V52/><F53/><W126/><G126/><T70/><D70/><U103/><E103/><V43/><F43/><W25/><G68/><T72/><D72/><U24/><AGARI ba="0,0" hai="21,22,24,30,35,87,89,95" m="43263,51819" machi="24" ten="30,1500,0" yaku="20,1" doraHai="5" who="1" fromWho="1" sc="190,-5,220,15,380,-5,210,-5" /><INIT seed="1,1,0,5,4,5" ten="185,235,375,205" oya="1" hai0="43,135,109,60,65,29,111,120,114,54,100,103,70" hai1="47,134,125,41,98,105,127,4,22,28,15,118,19" hai2="35,77,66,113,106,36,67,6,122,30,57,89,37" hai3="99,92,38,108,21,59,71,50,58,23,97,86,62"/><U110/><E118/><V56/><F106/><W74/><G108/><N who="0" m="41547" /><D114/><U129/><E110/><V90/><F6/><W48/><G74/><T95/><D135/><U46/><E134/><V83/><F30/><W20/><G38/><T45/><D120/><U91/><E129/><V32/><F83/><W26/><G71/><T13/><D29/><U101/><E28/><V85/><F85/><W79/><G26/><T27/><D27/><U40/><E91/><V8/><F77/><W82/><G59/><T112/><D112/><U0/><E47/><V84/><F84/><W1/><G1/><T33/><D33/><U131/><E131/><V115/><F8/><W49/><REACH who="3" step="1"/><G92/><REACH who="3" ten="185,235,375,195" step="2"/><T51/><D95/><U52/><E0/><V12/><F122/><W17/><G17/><T10/><D43/><U53/><E41/><V87/><F37/><W132/><G132/><T55/><D54/><AGARI ba="1,1" hai="20,21,23,48,49,50,54,58,62,79,82,86,97,99" machi="54" ten="40,2600,0" yaku="1,1,8,1,53,0" doraHai="5" doraHaiUra="25" who="3" fromWho="0" sc="185,-29,235,0,375,0,195,39" /><INIT seed="2,0,0,0,5,114" ten="156,235,375,234" oya="2" hai0="70,106,116,111,61,59,12,81,55,79,104,1,84" hai1="134,5,21,75,17,121,78,14,13,62,91,98,128" hai2="130,11,10,125,101,117,72,102,36,54,94,35,18" hai3="8,97,9,4,42,118,30,85,103,80,31,129,2"/><V16/><F72/><W127/><G129/><T22/><D1/><U93/><E128/><V105/><F130/><W48/><G127/><T88/><D111/><U115/><E115/><V47/><F105/><W65/><G118/><T90/><D70/><U6/><E134/><V19/><F117/><W52/><G42/><T87/><D116/><U50/><E121/><V26/><F125/><W25/><G9/><N who="2" m="3081" /><F35/><W86/><G65/><T7/><D7/><U23/><E62/><V60/><F36/><W56/><G25/><T20/><D79/><U126/><E126/><V51/><F60/><W83/><G83/><T110/><D110/><U64/><E64/><V92/><F26/><W24/><G80/><T120/><D120/><U133/><E78/><V38/><F38/><W76/><G76/><T63/><D61/><U44/><E75/><V33/><F33/><W108/><G108/><T43/><D43/><N who="1" m="24863" /><E133/><V109/><F109/><W71/><G71/><T112/><D112/><U34/><E34/><V96/><F94/><W45/><G30/><T107/><REACH who="0" step="1"/><D12/><REACH who="0" ten="146,235,375,234" step="2"/><U39/><E14/><V122/><F122/><W32/><REACH who="3" step="1"/><G56/><REACH who="3" ten="146,235,375,224" step="2"/><T99/><D99/><U69/><E69/><V132/><F132/><W0/><G0/><T124/><D124/><U57/><E57/><V28/><F28/><W27/><G27/><T46/><D46/><U77/><E77/><V95/><F96/><W73/><G73/><T131/><D131/><U123/><E123/><V68/><F68/><W82/><G82/><AGARI ba="0,2" hai="20,22,55,59,63,81,82,84,87,88,90,104,106,107" machi="82" ten="40,8000,1" yaku="1,1,9,1,54,1,53,1" doraHai="114" doraHaiUra="49" who="0" fromWho="3" sc="146,100,235,0,375,0,224,-80" /><INIT seed="3,0,0,2,5,19" ten="246,235,375,144" oya="3" hai0="65,100,7,17,71,115,122,38,113,77,18,11,0" hai1="109,101,10,116,8,30,69,54,133,85,14,125,16" hai2="33,91,129,46,94,5,107,12,117,126,31,84,35" hai3="89,60,97,86,26,80,27,25,43,70,112,78,74"/><W132/><G132/><T102/><D122/><U56/><E69/><V81/><F117/><W135/><G135/><T32/><D38/><U93/><E133/><V121/><F107/><W42/><G112/><N who="0" m="43083" /><D32/><U68/><E68/><V110/><F110/><W105/><G70/><T73/><D77/><U106/><E109/><V120/><F126/><W128/><G128/><T3/><D73/><U114/><E125/><V90/><F129/><W44/><G60/><N who="0" m="40359" /><D3/><U13/><E116/><V127/><F127/><W64/><G64/><T24/><D24/><U111/><E111/><V15/><F46/><W103/><REACH who="3" step="1"/><G44/><REACH who="3" ten="246,235,375,134" step="2"/><T99/><D100/><U1/><E101/><V4/><F121/><W21/><G21/><T88/><D88/><N who="1" m="53391" /><E114/><V49/><F120/><W118/><G118/><T79/><D79/><U123/><E123/><V66/><F66/><W40/><G40/><T37/><D37/><U45/><E45/><V53/><F91/><W36/><G36/><T61/><D61/><U92/><E10/><V104/><F90/><W34/><G34/><T130/><D130/><U51/><E8/><V28/><F35/><W62/><G62/><T39/><D39/><U9/><E9/><V63/><F33/><W2/><G2/><T57/><D57/><U83/><E1/><V6/><F63/><W72/><G72/><T55/><D55/><U108/><E56/><V76/><F53/><W95/><AGARI ba="0,1" hai="25,26,27,42,43,74,78,80,86,89,95,97,103,105" machi="95" ten="30,11700,0" yaku="1,1,0,1,24,2,53,0" doraHai="19" doraHaiUra="58" who="3" fromWho="3" sc="246,-39,235,-39,375,-39,134,127" /><INIT seed="3,1,0,4,3,45" ten="207,196,336,261" oya="3" hai0="77,95,16,106,116,92,30,94,82,11,63,20,84" hai1="42,60,26,85,96,53,22,72,99,120,33,70,105" hai2="134,8,73,71,67,3,114,28,4,12,109,23,13" hai3="39,48,127,25,58,17,125,133,21,0,29,41,130"/><W50/><G130/><T32/><D116/><U31/><E72/><V113/><F73/><W40/><G133/><T2/><D106/><U54/><E120/><V24/><F134/><W118/><G118/><T87/><D32/><U6/><E42/><N who="3" m="16490" /><G39/><T126/><D126/><N who="3" m="48137" /><G0/><T37/><D37/><U47/><E6/><V88/><F109/><W34/><G58/><T89/><D30/><U91/><E33/><V86/><F67/><W1/><G1/><T122/><D122/><U121/><E121/><V10/><F71/><W61/><G61/><T132/><D132/><U128/><E128/><V135/><F135/><W74/><G74/><T103/><D103/><U7/><E7/><V104/><F104/><W52/><G52/><N who="1" m="20074" /><E70/><V49/><F49/><N who="3" m="19051" /><G34/><T100/><D63/><U124/><E105/><V64/><F64/><W59/><G59/><T81/><D2/><U56/><E124/><V93/><F3/><W76/><G76/><T83/><D77/><U44/><E44/><V46/><F46/><W123/><G123/><T131/><D131/><U107/><E107/><V78/><F78/><W112/><G112/><T102/><D102/><U18/><E47/><V75/><F75/><W108/><G108/><T62/><D62/><U55/><E31/><AGARI ba="1,0" hai="17,21,25,29,31" m="19051,48137,16490" machi="31" ten="30,11600,0" yaku="18,1,52,3" doraHai="45" who="3" fromWho="1" sc="207,0,196,-119,336,0,261,119" owari="207,-19.3,77,-42.3,336,13.6,380,48.0" /></mjloggm>