<mjloggm ver="2.3"><GO type="225" lobby="0"/><UN n0="%E7%B4%94%E6%BD%94%E3%83%94%E3%83%A9%E3%83%8B%E3%82%A2" n1="%E3%83%92%E3%82%B3" n2="%72%69%6F%75%63%68%61%6E" n3="%E5%AE%AE%E4%BF%9D%E9%B6%8F%E8%82%89" dan="16,16,17,16" rate="2094.49,2123.42,2230.24,2143.57" sx="M,M,M,M"/><TAIKYOKU oya="0"/><INIT seed="0,0,0,0,0,6" ten="250,250,250,250" oya="0" hai0="117,101,16,110,19,112,61,26,124,39,58,75,44" hai1="0,27,59,3,134,125,83,103,119,29,129,96,63" hai2="111,121,42,71,15,37,14,79,25,123,68,43,57" hai3="116,93,38,51,127,48,49,108,70,1,21,35,67"/><T89/><D117/><U64/><E119/><V33/><F79/><W82/><G116/><T73/><D112/><U106/><E125/><V55/><F33/><W114/><G114/><T105/><D124/><U5/><E129/><V65/><F25/><W104/><G104/><T80/><D110/><U76/><E134/><V118/><F118/><W130/><G35/><T53/><D105/><U90/><E90/><V98/><F98/><W54/><G38/><T113/><D101/><U8/><E27/><V28/><F28/><W66/><G1/><T34/><D113/><U131/><E29/><V30/><F30/><W23/><G70/><N who="2" m="26665" /><F14/><W72/><G127/><T86/><D34/><U74/><REACH who="1" step="1"/><E131/><REACH who="1" ten="250,240,250,250" step="2"/><V7/><F111/><W126/><G108/><T11/><D26/><U100/><E100/><V40/><F123/><W46/><G126/><T120/><D120/><U128/><E128/><V109/><F121/><W12/><G130/><T84/><D89/><U77/><E77/><V94/><F109/><W81/><G81/><T31/><D31/><U95/><E95/><V13/><F94/><W69/><G93/><T102/><D102/><U45/><E45/><V4/><F37/><W115/><G115/><T20/><D80/><U135/><E135/><V47/><F47/><W50/><G82/><T10/><D44/><U91/><E91/><V122/><F122/><W56/><G46/><T17/><D39/><U88/><E88/><V52/><F40/><W41/><G41/><T9/><D20/><U32/><E32/><V92/><F42/><W78/><G23/><T62/><D62/><RYUUKYOKU ba="0,1" sc="250,15,240,15,250,-15,250,-15" hai0="9,10,11,16,17,19,53,58,61,73,75,84,86" hai1="0,3,5,8,59,63,64,74,76,83,96,103,106" /><INIT seed="0,1,1,0,1,42" ten="265,255,235,235" oya="0" hai0="6,72,37,60,48,117,38,131,29,98,57,52,109" hai1="27,61,81,105,130,40,96,106,5,22,134,86,84" hai2="31,39,58,74,118,4,35,122,87,20,108,3,45" hai3="93,30,82,69,126,10,62,79,135,89,9,33,71"/><T55/><D117/><U77/><E130/><V111/><F122/><W76/><G135/><T50/><D131/><U116/><E116/><V80/><F118/><W128/><G128/><T100/><D72/><U121/><E121/><V2/><F20/><W7/><G126/><T125/><D125/><U41/><E134/><V13/><F58/><W66/><G71/><T28/><D6/><U43/><E5/><V65/><F65/><W21/><G33/><T54/><D109/><N who="2" m="42058" /><F13/><W127/><G127/><T26/><D38/><U32/><E32/><V91/><F74/><W70/><G70/><T97/><D37/><U90/><E61/><V110/><N who="2" m="42066" /><V25/><DORA hai="17" /><F4/><W92/><G92/><N who="0" m="58407" /><D98/><U11/><E96/><V103/><F103/><W124/><G124/><T15/><D15/><U44/><E11/><V129/><F129/><W95/><G95/><T112/><D112/><U63/><E63/><V24/><F25/><W99/><G82/><T1/><D1/><U119/><E119/><V68/><F68/><W19/><G30/><N who="0" m="11883" /><D26/><U47/><E106/><V8/><F8/><W49/><G10/><T88/><D88/><U12/><E12/><V53/><F39/><W115/><G115/><T59/><D59/><U114/><E105/><V78/><F91/><W104/><G104/><T132/><D132/><U56/><E56/><V36/><F36/><W94/><G9/><T51/><AGARI ba="1,1" hai="48,50,51,52,54,55,57,60" m="11883,58407" machi="51" ten="30,3000,0" yaku="8,1,54,1" doraHai="42,17" who="0" fromWho="0" sc="265,43,255,-11,235,-11,235,-11" /><INIT seed="0,2,0,4,4,71" ten="308,244,224,224" oya="0" hai0="70,83,40,49,4,39,111,17,135,6,89,97,121" hai1="15,131,102,0,35,92,45,132,128,84,16,8,31" hai2="55,72,65,91,101,29,73,74,106,110,86,61,114" hai3="53,126,5,22,82,20,125,77,18,56,43,38,2"/><T99/><D121/><U51/><E132/><V69/><F114/><W124/><G2/><T46/><D135/><U62/><E0/><V129/><F110/><W79/><G5/><T75/><D70/><U81/><E62/><V9/><F129/><W64/><G64/><T30/><D30/><U130/><E31/><V44/><F29/><W33/><G33/><T42/><D111/><U105/><E105/><V7/><F106/><W36/><G43/><T98/><D42/><U90/><E35/><V123/><F123/><W59/><G22/><T50/><D17/><U34/><E34/><V104/><F104/><W96/><G96/><T54/><D50/><U115/><E115/><V134/><F134/><W113/><G113/><T24/><D24/><U94/><REACH who="1" step="1"/><E102/><REACH who="1" ten="308,234,224,224" step="2"/><V122/><F122/><W119/><G119/><T109/><D109/><U32/><E32/><V108/><F101/><W13/><G79/><T37/><D89/><U112/><E112/><V19/><F108/><W63/><REACH who="3" step="1"/><G59/><REACH who="3" ten="308,234,224,214" step="2"/><T116/><D116/><U3/><E3/><V118/><F118/><W95/><G95/><T88/><D88/><U120/><E120/><V100/><F100/><W26/><G26/><T11/><D83/><U52/><AGARI ba="2,2" hai="8,15,16,45,51,52,81,84,90,92,94,128,130,131" machi="52" ten="30,16000,3" yaku="1,1,0,1,25,2,19,1,54,2,53,1" doraHai="71" doraHaiUra="87" who="1" fromWho="1" sc="308,-82,234,186,224,-42,214,-42" /><INIT seed="1,0,0,0,3,39" ten="226,420,182,172" oya="1" hai0="108,133,128,102,23,115,125,10,85,111,86,84,9" hai1="33,49,11,54,12,15,22,80,57,119,60,106,92" hai2="93,131,117,48,27,75,122,18,98,113,14,50,81" hai3="46,44,35,116,45,130,42,58,110,73,34,132,52"/><U82/><E106/><V87/><F117/><W13/><G73/><T100/><D115/><U41/><E33/><V53/><F122/><W32/><G116/><T51/><D125/><U64/><E41/><V29/><F131/><W43/><G130/><T71/><D71/><U103/><E119/><V76/><F113/><W107/><G107/><T66/><D66/><U4/><E22/><V59/><F75/><W123/><G123/><T0/><D128/><U121/><E121/><V88/><F29/><W7/><G110/><N who="0" m="42027" /><D133/><U120/><E15/><V24/><REACH who="2" step="1"/><F48/><REACH who="2" ten="226,420,172,172" step="2"/><W101/><G132/><T124/><D51/><U83/><E120/><V69/><F69/><W126/><G126/><T72/><D72/><U47/><E103/><N who="0" m="39465" /><D124/><U6/><E49/><V30/><F30/><W21/><G101/><T2/><D23/><AGARI ba="0,1" hai="14,18,23,24,27,50,53,59,76,81,87,88,93,98" machi="23" ten="30,7700,0" yaku="1,1,7,1,8,1,54,1,53,0" doraHai="39" doraHaiUra="99" who="2" fromWho="0" sc="226,-77,420,0,172,87,172,0" /><INIT seed="2,0,0,2,1,17" ten="149,420,259,172" oya="2" hai0="25,3,104,53,130,126,86,62,21,1,68,93,39" hai1="131,37,95,30,7,78,63,41,6,50,125,81,79" hai2="58,38,99,103,74,2,60,115,52,46,90,72,16" hai3="116,8,89,5,97,34,71,118,111,121,122,24,100"/><V127/><F115/><W19/><G71/><T101/><D39/><U87/><E125/><V135/><F2/><W14/><G89/><T59/><D126/><U129/><E37/><V76/><F127/><W69/><G69/><T98/><D130/><N who="1" m="49675" /><E30/><V65/><F135/><W132/><G97/><T107/><D68/><U124/><E79/><V43/><F76/><W35/><G100/><T109/><D109/><U57/><E95/><V0/><F0/><W88/><G88/><T110/><D110/><U80/><E80/><V33/><F33/><N who="3" m="12299" /><G111/><T56/><D104/><U70/><E70/><V82/><F65/><W18/><G132/><T36/><D36/><U84/><E84/><V27/><F82/><W67/><G67/><T123/><D123/><N who="3" m="47113" /><G5/><T134/><D134/><U12/><E124/><V51/><F38/><W133/><G133/><T22/><D107/><U11/><E50/><V55/><F103/><W49/><G49/><T120/><D120/><U94/><E41/><V105/><F105/><W102/><G102/><T45/><D86/><U31/><E94/><N who="2" m="56791" /><F43/><W40/><G40/><T54/><D45/><U83/><E83/><V112/><F112/><W23/><AGARI ba="0,0" hai="8,14,18,19,23,24,116,118" m="47113,12299" machi="23" ten="40,5200,0" yaku="34,2,52,1" doraHai="17" who="3" fromWho="3" sc="149,-13,420,-13,259,-26,172,52" /><INIT seed="3,0,0,1,3,84" ten="136,407,233,224" oya="3" hai0="62,90,105,2,61,35,48,22,119,49,81,121,106" hai1="88,104,11,72,14,98,56,10,50,92,112,3,33" hai2="9,134,39,5,34,116,123,54,53,6,40,65,79" hai3="113,125,37,23,8,120,86,21,130,126,16,19,52"/><W63/><G113/><T97/><D35/><U100/><E112/><V0/><F34/><W91/><G37/><T93/><D2/><U51/><E33/><V17/><F116/><W55/><G120/><T82/><D119/><U115/><E115/><V30/><F123/><W122/><G122/><T43/><D121/><U131/><E131/><V102/><F30/><W95/><G8/><T31/><D106/><U110/><E72/><V103/><F134/><W94/><G130/><T99/><D105/><U57/><E3/><V85/><F65/><W135/><G135/><T64/><D97/><U24/><E24/><V117/><F117/><W127/><G94/><T18/><D31/><U118/><E118/><V44/><F6/><W124/><G124/><T42/><D42/><U26/><E26/><V60/><F17/><N who="3" m="6731" /><G63/><T28/><D28/><U75/><E75/><V78/><F60/><W29/><G29/><T108/><D108/><U69/><E69/><V32/><F32/><W76/><G76/><T109/><D109/><U36/><E36/><V87/><F78/><W58/><G58/><N who="1" m="22634" /><E104/><V83/><F0/><W4/><G4/><T67/><D62/><U133/><E133/><V128/><F5/><W74/><G74/><T45/><D48/><N who="1" m="18475" /><E110/><V66/><F128/><W12/><G12/><T1/><D1/><U101/><E14/><V20/><F39/><W27/><G27/><T38/><D38/><U41/><E41/><V77/><F40/><W68/><G68/><N who="0" m="41999" /><D67/><U96/><E11/><V73/><F9/><W70/><G127/><T114/><D114/><U129/><E129/><RYUUKYOKU ba="0,0" sc="136,30,407,-10,233,-10,224,-10" hai0="18,22,43,45,49,81,82,90,93,99" owari="166,-33.4,397,49.7,223,2.3,214,-18.6" /></mjloggm>