<mjloggm ver="2.3"><GO type="225" lobby="0"/><UN n0="%E6%A1%9C%E8%8A%B1%E9%96%83%E3%80%85" n1="%E3%81%A8%E3%82%93%E3%81%A8%E3%81%93%E3%81%A8%E3%82%93" n2="%6B%65%6E%6E%64%69" n3="%E7%AD%89%E3%80%85%E5%8A%9B%E5%8A%87%E5%A0%B4" dan="16,16,16,17" rate="2125.73,2078.98,2166.06,2171.50" sx="M,M,M,M"/><TAIKYOKU oya="0"/><INIT seed="0,0,0,0,1,22" ten="250,250,250,250" oya="0" hai0="34,97,30,9,82,49,64,120,47,102,99,73,71" hai1="45,114,109,98,4,32,91,26,13,122,121,46,129" hai2="115,112,6,134,35,16,108,28,70,104,19,96,51" hai3="72,29,20,101,133,37,58,67,24,38,12,95,7"/><T57/><D120/><U50/><E109/><V89/><F70/><W23/><G72/><T106/><D57/><U118/><E118/><V81/><F108/><W90/><G133/><T105/><D9/><U88/><E129/><V117/><F134/><W119/><G119/><T87/><D73/><U100/><E114/><V86/><F117/><W135/><G135/><T10/><D10/><U8/><E121/><V40/><F6/><W124/><G124/><T53/><D64/><U128/><E128/><V83/><F83/><W111/><G111/><T36/><D71/><U1/><E1/><V63/><F63/><W5/><G101/><T127/><D36/><U116/><E46/><V94/><F104/><W131/><G131/><T2/><D2/><U76/><E76/><V74/><F74/><W42/><G42/><T123/><D127/><U55/><E122/><V62/><F62/><N who="3" m="38359" /><G37/><T65/><D65/><U11/><E11/><V84/><F84/><N who="3" m="52679" /><G38/><T92/><D99/><U78/><E78/><V61/><F61/><W59/><G59/><T107/><D123/><U126/><E126/><V54/><F115/><W56/><G56/><T93/><D93/><N who="1" m="58447" /><E116/><V79/><F40/><W80/><G80/><T77/><REACH who="0" step="1"/><D107/><REACH who="0" ten="240,250,250,250" step="2"/><U31/><E8/><V21/><F112/><W43/><G5/><T3/><D3/><U44/><E45/><N who="2" m="28015" /><F35/><W25/><G7/><T48/><D48/><U113/><E113/><V52/><F52/><W75/><G75/><T60/><D60/><U17/><E4/><V66/><F66/><W39/><G39/><T130/><D130/><U103/><E103/><RYUUKYOKU ba="0,1" sc="240,10,250,10,250,10,250,-30" hai0="30,34,47,49,53,77,82,87,92,97,102,105,106" hai1="13,17,26,31,32,44,50,55,88,91" hai2="16,19,21,28,79,81,86,89,94,96" /><INIT seed="0,1,1,0,4,14" ten="250,260,260,220" oya="0" hai0="29,134,62,16,111,89,12,129,46,58,6,40,61" hai1="49,132,115,122,82,56,125,76,81,7,70,98,39" hai2="128,5,10,64,32,37,120,31,77,55,27,74,84" hai3="113,11,2,23,118,103,83,8,121,0,92,123,20"/><T43/><D129/><U94/><E39/><V124/><F128/><W88/><G103/><T131/><D131/><U63/><E122/><N who="3" m="46602" /><G83/><T51/><D134/><U91/><E125/><V24/><F120/><W112/><G88/><T19/><D111/><U18/><E132/><V126/><F37/><W36/><G92/><T30/><D40/><U59/><E115/><N who="3" m="44106" /><G36/><T21/><D6/><U4/><E70/><V96/><F64/><W53/><G53/><N who="0" m="33999" /><D62/><U1/><E1/><N who="3" m="618" /><G118/><T100/><D100/><U78/><E49/><V3/><F55/><W107/><G107/><T79/><D79/><U72/><E59/><V65/><F65/><W119/><G119/><T104/><D104/><U127/><E81/><V35/><F96/><W54/><G54/><T67/><D89/><U135/><E78/><V130/><F130/><W117/><G117/><T66/><D66/><U26/><E135/><V110/><F110/><W15/><G8/><N who="0" m="6151" /><D67/><U47/><E76/><V97/><F97/><W34/><G34/><T101/><D101/><U116/><E98/><V38/><F38/><W9/><G11/><T17/><D21/><U45/><E116/><V114/><F114/><W68/><G68/><T99/><D99/><U86/><E63/><V50/><F84/><W22/><G9/><T87/><D87/><U108/><E86/><V75/><F77/><W44/><G44/><T109/><D109/><U42/><E108/><V102/><F102/><W95/><G95/><T33/><D33/><U69/><E94/><V93/><F93/><W71/><G71/><T25/><D46/><U41/><E47/><RYUUKYOKU ba="1,1" sc="250,-10,260,-10,260,-10,220,30" hai3="15,20,22,23" /><INIT seed="1,2,1,3,2,42" ten="240,250,250,250" oya="1" hai0="125,90,22,94,53,75,4,96,28,10,119,5,39" hai1="26,35,134,107,44,101,29,110,116,31,69,97,71" hai2="68,131,7,93,46,86,85,54,41,36,102,19,92" hai3="49,73,50,108,82,88,48,0,56,111,100,52,123"/><U9/><E116/><V76/><F68/><W24/><G123/><T55/><D119/><U99/><E134/><V63/><F131/><W84/><G0/><T59/><D125/><U132/><E132/><V72/><F19/><W95/><G24/><N who="0" m="16407" /><D39/><U64/><E110/><N who="3" m="42026" /><G100/><T65/><D75/><U11/><E31/><V109/><F109/><W40/><G40/><T33/><D33/><U105/><E44/><V133/><F133/><W74/><G95/><T57/><D65/><U129/><E129/><V34/><F34/><W87/><G84/><T126/><D126/><U47/><E47/><V60/><F72/><AGARI ba="2,1" hai="48,49,50,52,56,72,73,74,82,87,88" m="42026" machi="72" ten="30,3900,0" yaku="14,1,54,2" doraHai="42" who="3" fromWho="2" sc="240,0,250,0,250,-45,250,55" /><INIT seed="2,0,0,1,0,108" ten="240,250,205,305" oya="2" hai0="16,102,0,56,94,75,67,92,70,74,31,28,96" hai1="32,122,119,87,120,131,38,85,33,91,42,55,39" hai2="48,6,27,10,61,113,125,71,130,18,80,77,78" hai3="105,59,21,98,66,79,7,111,25,100,109,90,17"/><V44/><F130/><W2/><G79/><T84/><D70/><U83/><E119/><V123/><F123/><N who="1" m="47145" /><E131/><V65/><F125/><W52/><G66/><T81/><D0/><U121/><N who="1" m="47153" /><U69/><DORA hai="3" /><E69/><V112/><F27/><W11/><REACH who="3" step="1"/><G90/><REACH who="3" ten="240,250,205,295" step="2"/><T29/><D67/><U106/><E106/><V127/><F78/><W8/><G8/><T46/><D75/><U133/><E133/><V72/><F127/><W45/><G45/><T89/><D46/><N who="1" m="23895" /><E39/><V9/><F9/><W50/><AGARI ba="0,1" hai="2,7,11,17,21,25,50,52,59,98,100,105,109,111" machi="50" ten="30,7900,0" yaku="1,1,0,1,52,1,54,1,53,0" doraHai="108,3" doraHaiUra="107,126" who="3" fromWho="3" sc="240,-20,250,-20,205,-39,295,89" /><INIT seed="3,0,0,0,4,47" ten="220,230,166,384" oya="3" hai0="107,58,84,121,0,27,71,53,106,132,68,79,31" hai1="12,116,133,66,114,26,73,4,15,39,91,122,117" hai2="56,10,112,32,25,16,36,42,108,11,131,44,129" hai3="59,115,7,40,75,29,30,62,33,69,13,76,22"/><W81/><G33/><T38/><D121/><U17/><E39/><V128/><F112/><W55/><G115/><T103/><D38/><U74/><E114/><V95/><F108/><W109/><G109/><T51/><D0/><U60/><E122/><V90/><F56/><W21/><G40/><T123/><D123/><U61/><E91/><V119/><F119/><W99/><G69/><T67/><D132/><U80/><E133/><V23/><REACH who="2" step="1"/><F32/><REACH who="2" ten="220,230,156,384" step="2"/><W130/><G59/><T50/><D71/><U88/><E117/><V63/><F63/><W24/><G62/><T83/><D68/><U134/><E60/><V97/><AGARI ba="0,1" hai="10,11,16,23,25,36,42,44,90,95,97,128,129,131" machi="97" ten="30,7900,0" yaku="1,1,0,1,19,1,54,1,53,0" doraHai="47" doraHaiUra="3" who="2" fromWho="2" sc="220,-20,230,-20,156,89,384,-39" owari="200,-30.0,210,-19.0,245,4.5,345,44.5" /></mjloggm>