<mjloggm ver="2.3"><GO type="225" lobby="0"/><UN n0="%E6%9D%B1%E9%A2%A8%E3%81%AE%E3%81%8D%E3%82%83%E3%81%B7%E3%81%95%E3%82%93" n1="%E3%81%AF%E3%82%88%E3%81%8A%E3%81%98%E3%81%95%E3%82%93" n2="%E3%81%8B%E3%82%8F%E3%81%A1%E3%82%83%E3%82%93%35%38" n3="%E5%B0%8F%E9%B3%A5%E9%81%8A%E7%B7%B4%E7%84%A1%32%31%E6%AD%B3" dan="17,17,16,16" rate="2198.47,2142.27,2087.63,2188.99" sx="M,M,M,F"/><TAIKYOKU oya="0"/><INIT seed="0,0,0,5,0,112" ten="250,250,250,250" oya="0" hai0="135,80,126,95,52,129,0,33,38,93,61,1,10" hai1="97,60,131,19,39,77,119,22,32,40,5,71,73" hai2="30,92,76,65,127,26,117,121,21,13,111,115,79" hai3="42,45,12,125,31,17,94,91,74,2,113,14,57"/><T87/><D38/><U28/><E119/><V107/><F107/><W59/><G2/><T128/><D33/><U106/><E22/><V46/><F115/><W120/><G74/><T82/><D135/><U85/><E85/><V134/><F121/><W51/><G125/><T104/><D104/><U24/><E19/><V34/><F65/><W3/><G3/><N who="0" m="1099" /><D10/><U96/><E96/><V114/><F34/><W69/><G69/><T75/><D75/><U67/><E131/><N who="0" m="50249" /><D126/><U15/><E15/><V72/><F13/><W81/><G12/><T63/><D82/><N who="1" m="45359" /><E5/><V58/><F72/><W124/><G81/><T16/><D16/><U99/><E99/><V6/><F6/><W27/><G124/><T123/><D123/><U83/><E83/><V44/><F127/><W108/><G120/><T78/><D63/><U122/><E122/><V53/><F114/><W8/><G113/><T70/><D70/><U102/><E40/><V49/><F21/><W47/><G31/><T41/><D41/><U118/><E118/><V4/><F117/><W132/><G132/><T35/><D35/><U84/><E84/><V20/><F134/><W109/><G27/><T68/><D68/><U18/><E18/><V55/><F4/><W25/><G25/><T7/><D7/><U101/><E102/><V11/><F11/><W100/><G100/><T36/><D36/><AGARI ba="0,0" hai="24,28,32,36,39,60,67,71,97,101,106" m="45359" machi="36" ten="30,3900,0" yaku="25,1,33,2" doraHai="112" who="1" fromWho="0" sc="250,-39,250,39,250,0,250,0" /><INIT seed="1,0,0,4,3,130" ten="211,289,250,250" oya="1" hai0="74,24,34,92,18,15,97,134,22,98,8,125,80" hai1="62,21,11,53,120,59,50,40,100,36,76,9,20" hai2="101,10,0,38,114,89,56,31,16,39,107,78,47" hai3="77,108,61,66,85,7,131,96,90,63,121,27,67"/><U105/><E120/><V33/><F114/><W122/><G131/><T116/><D116/><U43/><E36/><V82/><F89/><W57/><G77/><T93/><D34/><U1/><E76/><V83/><F83/><W54/><G108/><T115/><D115/><U29/><E105/><V75/><F56/><W70/><G7/><T111/><D111/><U133/><E100/><V123/><F123/><W87/><G87/><T95/><D125/><U102/><E102/><V86/><F86/><W2/><G2/><T30/><D74/><U106/><E106/><V23/><F47/><W6/><G96/><T103/><D80/><U5/><E9/><V110/><F110/><W3/><G27/><T19/><D98/><U71/><E133/><V68/><F68/><W12/><G3/><T58/><D134/><U51/><E71/><V17/><F31/><W28/><G28/><T13/><REACH who="0" step="1"/><D58/><REACH who="0" ten="201,289,250,250" step="2"/><U25/><E59/><V60/><F33/><W104/><G57/><T135/><D135/><U65/><E65/><V14/><F60/><W52/><G70/><T128/><D128/><U99/><E62/><V88/><F82/><W72/><G72/><T64/><D64/><U48/><E99/><V69/><F75/><W112/><G66/><T45/><D45/><U81/><E81/><V55/><F69/><W42/><G67/><T79/><D79/><U46/><E46/><V49/><F78/><W94/><G63/><T32/><AGARI ba="0,1" hai="8,13,15,18,19,22,24,30,32,92,93,95,97,103" machi="32" ten="20,2700,0" yaku="1,1,0,1,7,1,53,0" doraHai="130" doraHaiUra="119" who="0" fromWho="0" sc="201,37,289,-13,250,-7,250,-7" /><INIT seed="2,0,0,0,5,12" ten="238,276,243,243" oya="2" hai0="65,83,63,68,22,1,7,35,24,126,40,75,90" hai1="102,105,73,11,34,132,28,50,15,21,128,127,85" hai2="18,98,131,94,61,93,66,134,20,89,33,135,91" hai3="49,81,16,19,60,41,95,14,27,48,59,32,47"/><V110/><F131/><W129/><G129/><T133/><D35/><U111/><E73/><V125/><F125/><W109/><G109/><T97/><D133/><U29/><E34/><V52/><F33/><W44/><G81/><T130/><D130/><U45/><E128/><V122/><F122/><W56/><G32/><T71/><D40/><U0/><E111/><V13/><F110/><W5/><G27/><T10/><D126/><U23/><E127/><V115/><F115/><W6/><G95/><T64/><D97/><U57/><E57/><N who="3" m="22090" /><G60/><T123/><D123/><U79/><E132/><V53/><F135/><W70/><G70/><T87/><D75/><U92/><E0/><V4/><F134/><W86/><G86/><T78/><D78/><U2/><E2/><V26/><F4/><N who="3" m="1643" /><G14/><T107/><D107/><U113/><E105/><V77/><F77/><W17/><G41/><T104/><D104/><U37/><E37/><V120/><F13/><W25/><G25/><T38/><D38/><U62/><E62/><V119/><F120/><W31/><G31/><N who="0" m="17815" /><D63/><U82/><E113/><V42/><F42/><W43/><G43/><T84/><D84/><U39/><E39/><V100/><F119/><W36/><G36/><T108/><D108/><U76/><E79/><V88/><REACH who="2" step="1"/><F94/><REACH who="2" ten="238,276,233,243" step="2"/><W103/><G103/><T30/><D30/><N who="1" m="11883" /><E92/><V114/><F114/><W55/><G55/><T121/><D121/><U101/><E102/><V3/><F3/><W117/><G117/><T99/><D99/><U69/><E101/><V51/><F51/><AGARI ba="0,1" hai="16,17,19,44,47,48,49,51" m="1643,22090" machi="51" ten="30,12000,2" yaku="28,2,8,1,52,3,54,1" doraHai="12" who="3" fromWho="2" sc="238,0,276,0,233,-120,243,130" /><INIT seed="3,0,0,4,5,94" ten="238,276,113,373" oya="3" hai0="50,69,1,23,115,39,123,91,95,86,2,93,52" hai1="97,13,22,125,120,56,36,128,55,117,80,9,112" hai2="71,21,113,96,77,82,100,103,53,129,32,90,57" hai3="43,99,24,33,134,79,41,135,4,20,3,51,74"/><W45/><G33/><T6/><D69/><U8/><E112/><V42/><F32/><W85/><G74/><T10/><D39/><U64/><E120/><V40/><F71/><W60/><G60/><T124/><D115/><U16/><E36/><V48/><F129/><W107/><G41/><T49/><D123/><U65/><E128/><V116/><F116/><W62/><G62/><T104/><D104/><U47/><E117/><V5/><F113/><W106/><G99/><T30/><D124/><U101/><E125/><V7/><F90/><W37/><G37/><T122/><D122/><U72/><E80/><V92/><F100/><W58/><G58/><T35/><D35/><U132/><E72/><V84/><F5/><W11/><G85/><T19/><D30/><U0/><E132/><N who="3" m="50730" /><G79/><T119/><D119/><U66/><E0/><V98/><F7/><W73/><G73/><T121/><D1/><U70/><E47/><V114/><F114/><W25/><G25/><T31/><D31/><AGARI ba="0,0" hai="3,4,11,20,24,31,43,45,51,106,107" m="50730" machi="31" ten="30,1500,0" yaku="20,1" doraHai="94" who="3" fromWho="0" sc="238,-15,276,0,113,0,373,15" owari="223,-17.7,276,7.6,113,-38.7,388,48.8" /></mjloggm>