<mjloggm ver="2.3"><GO type="225" lobby="0"/><UN n0="%E7%AB%8B%E8%8A%B1%E9%9F%BF" n1="%6D%75%75%73%61%6E%6D%75" n2="%E9%80%86%E9%80%A3%E5%B8%AF%E3%81%AE%E9%AC%BC" n3="%E3%81%8B%E3%82%8F%E3%81%A1%E3%82%83%E3%82%93%35%38" dan="17,17,17,16" rate="2176.82,2168.89,2120.34,2126.38" sx="F,F,M,M"/><TAIKYOKU oya="0"/><INIT seed="0,0,0,5,5,72" ten="250,250,250,250" oya="0" hai0="9,75,26,90,129,96,19,135,43,22,119,115,83" hai1="80,25,120,45,38,100,111,103,67,3,88,108,47" hai2="106,41,23,77,110,99,30,104,86,40,122,62,63" hai3="94,20,2,56,31,0,116,7,28,91,37,102,5"/><T81/><D119/><U97/><E3/><V16/><F122/><W69/><G69/><T109/><D115/><U134/><E120/><V58/><F110/><N who="1" m="42025" /><E67/><V32/><F32/><W95/><G37/><T53/><D109/><U65/><E65/><V126/><F126/><W21/><G56/><T118/><D118/><U44/><E134/><V13/><F30/><W24/><G116/><T12/><D135/><U8/><E25/><V36/><F36/><W55/><G55/><T6/><D129/><U35/><E35/><V130/><F130/><W117/><G117/><T27/><D43/><N who="1" m="22647" /><E8/><V87/><F63/><W54/><G54/><T34/><D75/><U61/><E61/><V125/><F125/><W74/><G74/><T48/><D34/><U1/><E1/><V29/><F29/><W105/><G0/><T101/><D27/><U113/><E113/><V33/><F33/><W121/><G2/><T107/><REACH who="0" step="1"/><D90/><REACH who="0" ten="240,250,250,250" step="2"/><U18/><E88/><V51/><F41/><W98/><G121/><T131/><D131/><U49/><E103/><V46/><F40/><W78/><G91/><T114/><D114/><U60/><E100/><V57/><F106/><W17/><G105/><T66/><D66/><U124/><E124/><V42/><F104/><W11/><G102/><T82/><D82/><U85/><E80/><V59/><F42/><W132/><G132/><T89/><D89/><U50/><E85/><V64/><F87/><W4/><G24/><T10/><D10/><U70/><E97/><V92/><F64/><W128/><G11/><T76/><D76/><U93/><E70/><RYUUKYOKU ba="0,1" sc="240,30,250,-10,250,-10,250,-10" hai0="6,9,12,19,22,26,48,53,81,83,96,101,107" /><INIT seed="0,1,1,4,3,15" ten="270,240,240,240" oya="0" hai0="75,114,117,126,13,5,42,116,56,35,39,45,78" hai1="119,65,109,55,122,84,87,41,104,101,90,34,113" hai2="7,105,30,24,118,108,62,26,11,32,71,111,124" hai3="52,103,46,69,77,57,50,106,36,82,98,83,19"/><T38/><D114/><U14/><E119/><V135/><F118/><W94/><G69/><T92/><D35/><U59/><E122/><V53/><F135/><W120/><G120/><T51/><D126/><U100/><E113/><V121/><F124/><W17/><G106/><T76/><D76/><U3/><E3/><V29/><F121/><W37/><G83/><T25/><D25/><U112/><E112/><V133/><F133/><W131/><G131/><T89/><D78/><U27/><E109/><V64/><F53/><W58/><G37/><T44/><D75/><U43/><E104/><V18/><F105/><W10/><G10/><T96/><D56/><N who="3" m="21609" /><G36/><T110/><D110/><U74/><E74/><V6/><F6/><W1/><G1/><T20/><D38/><U115/><E115/><V16/><F111/><W88/><G77/><T2/><D2/><U102/><E65/><V22/><F108/><W129/><G129/><T97/><D97/><U134/><E134/><V28/><F28/><W91/><G82/><T60/><D60/><U132/><E132/><V79/><F79/><W125/><G125/><T95/><D95/><U12/><E34/><V54/><F54/><W70/><G70/><T23/><D117/><U130/><E27/><V68/><F68/><W128/><G128/><T127/><D116/><U107/><E107/><V40/><F40/><N who="1" m="15433" /><E130/><V48/><F48/><W21/><G21/><N who="0" m="8267" /><D127/><U9/><E90/><AGARI ba="1,1" hai="17,19,46,50,52,88,90,91,94,98,103" m="21609" machi="90" ten="30,8000,1" yaku="8,1,52,2,54,2" doraHai="15" who="3" fromWho="1" sc="270,0,240,-83,240,0,240,93" /><INIT seed="1,0,0,5,5,25" ten="270,157,240,333" oya="1" hai0="50,114,53,122,4,113,117,22,36,39,3,124,48" hai1="127,16,100,6,5,2,1,91,44,58,70,92,42" hai2="28,41,9,73,57,81,10,30,59,112,31,0,102" hai3="119,72,75,13,115,8,47,60,40,52,19,12,15"/><U97/><E70/><V20/><F112/><W104/><G104/><T55/><D117/><U94/><E127/><V99/><F0/><W61/><G115/><T123/><D22/><U56/><E2/><V105/><F41/><W132/><G13/><T43/><D3/><U129/><E1/><V121/><F121/><W35/><G35/><T96/><D96/><U64/><E129/><V74/><F20/><W93/><G93/><T79/><D79/><U111/><E111/><V108/><F108/><W101/><G101/><T11/><D43/><U34/><E34/><V26/><F26/><W18/><G132/><T62/><D62/><U69/><E69/><V24/><F24/><W134/><G134/><T68/><D68/><U51/><E16/><V29/><N who="2" m="7168" /><DORA hai="33" /><V126/><F126/><W80/><G119/><T17/><D17/><U77/><E77/><V87/><F59/><N who="1" m="22569" /><E64/><V21/><F57/><W106/><G106/><T107/><D107/><U125/><E125/><V78/><REACH who="2" step="1"/><F21/><REACH who="2" ten="270,157,230,333" step="2"/><W84/><G15/><T23/><D23/><U76/><E76/><V90/><F90/><W131/><G12/><T95/><D124/><U49/><E49/><V88/><F88/><W118/><G118/><T133/><D133/><U27/><E27/><V32/><F32/><W46/><G40/><T37/><D123/><U135/><E135/><V89/><F89/><W7/><G61/><T128/><D122/><U103/><E103/><V54/><F54/><W109/><G60/><T85/><D113/><U82/><E82/><V65/><F65/><W116/><G109/><T130/><D114/><RYUUKYOKU ba="0,1" sc="270,-15,157,15,230,15,333,-15" hai1="5,6,42,44,51,91,92,94,97,100" hai2="9,10,73,74,78,81,87,99,102,105" /><INIT seed="1,1,1,5,3,89" ten="255,172,245,318" oya="1" hai0="86,126,129,83,36,35,22,124,56,104,11,121,81" hai1="30,41,4,50,114,46,68,79,117,55,132,73,95" hai2="23,101,78,98,43,20,102,38,64,42,0,118,97" hai3="45,15,91,96,19,106,112,82,1,109,25,54,40"/><U116/><E114/><V47/><F0/><W130/><G1/><T61/><D35/><U59/><E68/><V92/><F118/><W34/><G112/><T76/><D104/><U77/><E132/><V103/><F64/><W70/><G70/><T128/><D36/><U16/><E4/><V32/><F32/><W12/><G54/><N who="0" m="33943" /><D22/><U135/><E30/><V71/><F71/><W108/><G130/><N who="0" m="50283" /><D121/><U6/><E6/><V115/><F115/><W65/><G65/><T8/><D83/><U14/><E135/><V134/><F134/><W3/><G3/><T127/><AGARI ba="1,1" hai="8,11,76,81,86,124,126,127" m="50283,33943" machi="127" ten="40,2700,0" yaku="18,1,19,1" doraHai="89" who="0" fromWho="0" sc="255,40,172,-14,245,-8,318,-8" /><INIT seed="2,0,0,0,2,132" ten="295,158,237,310" oya="2" hai0="85,76,99,115,113,58,44,37,101,81,70,10,54" hai1="100,97,20,103,51,16,19,86,14,62,18,79,63" hai2="96,45,6,17,74,52,39,27,53,61,69,67,109" hai3="13,50,108,105,2,118,46,30,55,129,29,22,102"/><V75/><F109/><W71/><G2/><T130/><D70/><U131/><E131/><V127/><F127/><W125/><G71/><T124/><D130/><U48/><E79/><V80/><F6/><W56/><G129/><T89/><D124/><U72/><E72/><V120/><F120/><W38/><G118/><T25/><D25/><U91/><E18/><V82/><F96/><W114/><G125/><T31/><D31/><U77/><E77/><V68/><F68/><W7/><G102/><T43/><D10/><U11/><E63/><V15/><F75/><W9/><G105/><T112/><D76/><U83/><E62/><V66/><F66/><W106/><G106/><T87/><D87/><U28/><E28/><V122/><F122/><W24/><G108/><T95/><REACH who="0" step="1"/><D112/><REACH who="0" ten="285,158,237,310" step="2"/><U128/><E128/><V12/><F27/><W119/><G114/><T133/><D133/><U3/><E3/><V33/><F74/><W47/><G119/><T84/><D84/><U8/><E8/><V35/><F69/><W110/><G110/><T60/><AGARI ba="0,1" hai="37,43,44,54,58,60,81,85,89,95,99,101,113,115" machi="60" ten="20,5200,0" yaku="1,1,0,1,7,1,53,1" doraHai="132" doraHaiUra="92" who="0" fromWho="0" sc="285,62,158,-13,237,-26,310,-13" /><INIT seed="3,0,0,1,5,64" ten="347,145,211,297" oya="3" hai0="84,112,100,27,72,99,130,119,110,74,127,107,96" hai1="79,73,103,120,25,35,54,108,131,63,23,60,95" hai2="56,78,76,126,87,32,45,90,121,15,9,22,68" hai3="116,67,7,30,122,31,42,38,114,92,93,4,55"/><W70/><G114/><T39/><D119/><U123/><E108/><V29/><F121/><W28/><G122/><T34/><D39/><U89/><E131/><V135/><F135/><W77/><G77/><T14/><D130/><U40/><E120/><V62/><F126/><W82/><G82/><T81/><D110/><U86/><E123/><V26/><F45/><W17/><G116/><T8/><D96/><U109/><E109/><V36/><F36/><W44/><G17/><T113/><D127/><U51/><E35/><V1/><F1/><W117/><G117/><T134/><D134/><U50/><E73/><V53/><F68/><W132/><G132/><T104/><D104/><U41/><E79/><V94/><REACH who="2" step="1"/><F32/><REACH who="2" ten="347,145,201,297" step="2"/><W133/><G133/><T71/><D71/><U91/><E103/><V2/><F2/><W18/><G44/><T61/><D100/><U115/><E115/><V12/><F12/><W105/><G38/><T58/><D14/><U69/><E69/><V37/><F37/><W0/><G0/><T66/><D34/><U13/><E13/><V49/><F49/><W20/><G70/><T85/><D112/><U11/><E11/><V65/><F65/><W43/><G67/><T75/><D66/><U124/><E124/><V111/><F111/><W98/><G55/><T47/><D47/><U80/><E50/><V52/><F52/><W57/><G43/><T6/><D8/><U19/><E41/><V83/><F83/><W129/><G42/><T88/><D81/><U59/><E40/><V101/><F101/><W46/><G46/><T125/><D113/><RYUUKYOKU ba="0,1" sc="347,-15,145,15,201,15,297,-15" hai1="19,23,25,51,54,59,60,63,80,86,89,91,95" hai2="9,15,22,26,29,53,56,62,76,78,87,90,94" owari="342,44.2,160,-34.0,216,-18.4,282,8.2" /></mjloggm>