<mjloggm ver="2.3"><GO type="225" lobby="0"/><UN n0="%E3%83%AD%E3%83%83%E3%83%86%E9%9B%80%E7%90%83" n1="%E5%A4%96%E5%B7%9D%E7%AB%9C%E6%88%90" n2="%E3%81%86%E3%83%BC%E3%81%B1%E3%83%BC" n3="%E6%A1%9C%E8%8A%B1%E9%96%83%E3%80%85" dan="17,16,16,17" rate="2220.74,2244.21,2143.32,2156.55" sx="M,M,F,M"/><TAIKYOKU oya="0"/><INIT seed="0,0,0,5,5,100" ten="250,250,250,250" oya="0" hai0="12,91,20,51,114,24,9,34,77,101,40,18,95" hai1="116,59,107,16,41,22,106,7,3,27,83,53,71" hai2="79,8,25,66,4,50,35,93,14,2,133,129,98" hai3="64,43,87,97,81,128,72,70,104,125,48,82,74"/><T1/><D114/><U109/><E116/><V92/><F133/><W127/><G48/><T112/><D112/><U42/><E71/><V55/><F129/><W123/><G43/><T39/><D39/><U57/><E109/><V21/><F79/><N who="3" m="46559" /><G128/><T86/><D34/><U113/><E113/><V68/><F68/><W63/><G81/><T69/><D69/><U73/><E59/><V17/><F66/><W44/><G44/><N who="0" m="25991" /><D1/><U111/><E111/><V23/><F98/><W78/><G78/><T36/><D36/><U94/><E94/><V13/><F35/><W102/><G123/><T108/><D108/><U119/><E119/><V45/><REACH who="2" step="1"/><F2/><REACH who="2" ten="250,250,240,250" step="2"/><W84/><G70/><T118/><D77/><U88/><E3/><V11/><F11/><W122/><G64/><T76/><D76/><U62/><E73/><N who="3" m="28266" /><G122/><T10/><D118/><U121/><E121/><V132/><F132/><W135/><G135/><T89/><D9/><U61/><E27/><V56/><F56/><W37/><G84/><T117/><D117/><U105/><E57/><V33/><F33/><W65/><G65/><T85/><D85/><U54/><E22/><V130/><F130/><W5/><G97/><N who="0" m="59583" /><D86/><U28/><E83/><V15/><F15/><W58/><G58/><T131/><D131/><U32/><E32/><V46/><F46/><W110/><G110/><T90/><D10/><U38/><E7/><V96/><F96/><N who="3" m="61511" /><G5/><T80/><D80/><U124/><E38/><V120/><F120/><W126/><G37/><T29/><D12/><U26/><E26/><V103/><F103/><W67/><G67/><RYUUKYOKU ba="0,1" sc="250,10,250,-30,240,10,250,10" hai0="18,20,24,29,89,90,91" hai2="4,8,13,14,17,21,23,25,45,50,55,92,93" hai3="63,125,126,127" /><INIT seed="0,1,1,1,3,73" ten="260,220,250,260" oya="0" hai0="103,16,64,24,19,26,48,42,127,61,70,27,93" hai1="83,68,122,76,49,25,121,14,82,47,95,58,111" hai2="119,21,79,128,6,134,131,123,3,36,88,53,69" hai3="52,55,5,44,109,65,39,100,124,133,51,110,22"/><T130/><D130/><N who="2" m="49706" /><F123/><W56/><G100/><T28/><D127/><U71/><E111/><N who="3" m="42506" /><G5/><T102/><D28/><U97/><E58/><V89/><F134/><W115/><G124/><T117/><D117/><U77/><E14/><V0/><F36/><W45/><G133/><T125/><D125/><U57/><E57/><V38/><F38/><W50/><G22/><T20/><D93/><U60/><E25/><V32/><F32/><W78/><G78/><T74/><D74/><U92/><E49/><V67/><F53/><W40/><G65/><T81/><D81/><U54/><E54/><V120/><F120/><W101/><G101/><T129/><D129/><U87/><E47/><V86/><F21/><W9/><G9/><T107/><D20/><U7/><E7/><V43/><F43/><W112/><AGARI ba="1,1" hai="39,40,44,45,50,51,52,55,56,112,115" m="42506" machi="112" ten="30,7900,0" yaku="14,1,34,2,54,1" doraHai="73" who="3" fromWho="3" sc="260,-40,220,-21,250,-21,260,92" /><INIT seed="1,0,0,2,5,21" ten="220,199,229,352" oya="1" hai0="58,79,134,1,9,117,113,91,78,124,108,110,104" hai1="57,2,30,6,80,41,121,125,28,128,55,114,60" hai2="87,107,68,39,97,34,17,93,5,27,90,40,73" hai3="95,50,109,130,82,16,32,24,100,12,69,103,67"/><U37/><E114/><V132/><F73/><W118/><G109/><N who="0" m="42091" /><D113/><U26/><E121/><V92/><F68/><W10/><G130/><T45/><D117/><U71/><E128/><V18/><F107/><W116/><G50/><T43/><D134/><U72/><E125/><V29/><F132/><W25/><G82/><T19/><D124/><U126/><E71/><V105/><F105/><W119/><G32/><T86/><D58/><U33/><E30/><V81/><F92/><W99/><G103/><T35/><D35/><U11/><E126/><V135/><F5/><W56/><G56/><T59/><D59/><U62/><E41/><V47/><REACH who="2" step="1"/><F135/><REACH who="2" ten="220,199,219,352" step="2"/><W51/><G51/><N who="0" m="27071" /><D104/><U112/><E112/><V75/><F75/><W83/><G83/><N who="0" m="49631" /><D19/><U0/><E37/><V84/><F84/><W15/><G15/><T88/><D88/><AGARI ba="0,1" hai="17,18,27,29,34,39,40,47,81,87,88,90,93,97" machi="88" ten="30,7700,0" yaku="1,1,7,1,52,1,54,1,53,0" doraHai="21" doraHaiUra="53" who="2" fromWho="0" sc="220,-77,199,0,219,87,352,0" /><INIT seed="2,0,0,2,2,110" ten="143,199,306,352" oya="2" hai0="126,22,52,76,2,19,97,102,70,24,51,53,4" hai1="91,28,90,106,55,34,5,37,129,89,98,61,93" hai2="17,96,67,131,134,33,13,121,85,78,92,7,122" hai3="11,23,105,27,31,14,3,6,0,47,62,101,113"/><V99/><F33/><W35/><G47/><T80/><D126/><U107/><E37/><V1/><F134/><W49/><G49/><T114/><D114/><U29/><E129/><V56/><F1/><W43/><G43/><T123/><D70/><U46/><E5/><V65/><F7/><W71/><G23/><T108/><D108/><U58/><E46/><V74/><F74/><W125/><G125/><T119/><D123/><U12/><E12/><V40/><F40/><W9/><G9/><T103/><D119/><U94/><E34/><V77/><F131/><W10/><G10/><T115/><D115/><U75/><E75/><V109/><F109/><W88/><G88/><T120/><D120/><U118/><E118/><V44/><F44/><W18/><G18/><T57/><D53/><U86/><REACH who="1" step="1"/><E91/><REACH who="1" ten="143,189,306,352" step="2"/><N who="2" m="53359" /><F122/><W127/><G127/><T83/><D4/><U69/><E69/><V32/><F32/><W41/><G113/><T87/><D2/><U8/><E8/><N who="2" m="6311" /><F121/><W21/><G41/><T48/><D48/><U60/><E60/><N who="2" m="38023" /><F67/><N who="3" m="41463" /><G21/><T42/><D42/><U130/><E130/><V63/><F63/><W128/><G128/><T79/><REACH who="0" step="1"/><D97/><AGARI ba="0,1" hai="77,78,96,97,99" m="38023,6311,53359" machi="97" ten="30,1500,0" yaku="8,1" doraHai="110" who="2" fromWho="0" sc="143,-15,189,0,306,25,352,0" /><AGARI ba="0,0" hai="0,3,6,11,14,27,31,35,97,101,105" m="41463" machi="97" ten="30,1000,0" yaku="25,1" doraHai="110" who="3" fromWho="0" sc="128,-10,189,0,331,0,352,10" /><INIT seed="2,1,0,4,5,47" ten="118,189,331,362" oya="2" hai0="84,26,17,62,7,92,63,76,104,50,97,54,11" hai1="119,52,77,133,44,38,83,40,53,2,122,56,108" hai2="131,112,129,46,130,21,94,82,67,98,58,5,114" hai3="64,48,135,41,78,59,89,1,91,28,115,96,9"/><V66/><F5/><W43/><G135/><T99/><D104/><U6/><E119/><V127/><F127/><W34/><G78/><T113/><D113/><N who="2" m="43626" /><F58/><W88/><G115/><T102/><D99/><U69/><E133/><V57/><F57/><W90/><G34/><T23/><D76/><U22/><E69/><V117/><F117/><W87/><G96/><T51/><D84/><U120/><E22/><V110/><F110/><W3/><G28/><T33/><D33/><U19/><E19/><V101/><F82/><W128/><G1/><T20/><D20/><U39/><E39/><V15/><F46/><W125/><G3/><T31/><D31/><U16/><E16/><AGARI ba="1,0" hai="15,16,21,66,67,94,98,101,129,130,131" m="43626" machi="16" ten="40,3900,0" yaku="19,1,54,1" doraHai="47" who="2" fromWho="1" sc="118,0,189,-42,331,42,362,0" /><INIT seed="2,2,0,1,2,98" ten="118,147,373,362" oya="2" hai0="65,115,38,123,1,75,64,24,77,58,14,41,46" hai1="21,40,93,113,34,131,88,101,55,35,91,112,79" hai2="60,126,107,96,69,94,7,84,121,100,108,103,132" hai3="23,22,90,80,27,49,59,122,44,104,31,0,99"/><V45/><F121/><W4/><G122/><T72/><D123/><U12/><E131/><V32/><F132/><W62/><G0/><T68/><D115/><U36/><E79/><V43/><F126/><W28/><G4/><T56/><D1/><U13/><E55/><V10/><F108/><W8/><G8/><T63/><D14/><U51/><E51/><V74/><F74/><W106/><G80/><T73/><D77/><U118/><E118/><V48/><F32/><W54/><G90/><T120/><D120/><U3/><E3/><V19/><F19/><W25/><REACH who="3" step="1"/><G99/><REACH who="3" ten="118,147,373,352" step="2"/><T130/><D130/><U117/><E113/><V102/><F84/><W81/><G81/><T15/><D15/><U2/><E112/><V133/><F133/><W9/><G9/><T20/><REACH who="0" step="1"/><D65/><AGARI ba="2,1" hai="22,23,25,27,28,31,44,49,54,59,62,65,104,106" machi="65" ten="30,3900,0" yaku="1,1,7,1,9,1,53,0" doraHai="98" doraHaiUra="29" who="3" fromWho="0" sc="118,-45,147,0,373,0,352,55" /><INIT seed="3,0,0,1,5,68" ten="73,147,373,407" oya="3" hai0="26,85,47,64,121,31,125,81,46,91,117,113,9" hai1="78,2,65,123,6,128,72,103,17,114,92,35,49" hai2="90,50,98,116,0,84,73,133,11,107,97,82,32" hai3="80,77,100,59,70,27,21,58,63,94,79,3,1"/><W20/><G70/><T4/><D125/><U111/><E35/><V74/><F32/><W132/><G132/><T134/><D117/><U99/><E114/><V88/><F50/><W51/><G1/><T61/><D121/><U89/><E123/><V13/><F0/><W120/><G3/><T101/><D134/><U23/><E128/><V14/><F133/><W67/><G120/><T126/><D126/><U28/><E28/><V106/><F11/><W66/><G20/><T30/><D113/><U122/><E122/><V75/><F14/><W7/><G7/><T12/><D31/><U16/><E111/><V96/><F13/><W115/><G115/><T118/><D101/><U15/><E65/><N who="3" m="24586" /><G51/><T105/><D105/><N who="2" m="39946" /><F116/><W110/><G110/><T34/><D118/><U71/><E71/><V119/><F119/><W83/><G94/><AGARI ba="0,0" hai="73,74,75,82,84,88,90,94,96,97,98" m="39946" machi="94" ten="40,12000,2" yaku="35,5,54,1" doraHai="68" who="2" fromWho="3" sc="73,0,147,0,373,120,407,-120" owari="73,-42.7,147,-25.3,493,59.3,287,8.7" /></mjloggm>