<mjloggm ver="2.3"><GO type="225" lobby="0"/><UN n0="%65%2D%73%65%70%65%6E%3B" n1="%E3%82%A2%E3%82%A4%E3%82%B9%E3%83%86%E3%82%A3%E3%83%BC%E3%81%82%E3%81%B9" n2="%72%69%6F%75%63%68%61%6E" n3="%E5%B0%8F%E9%B3%A5%E9%81%8A%E7%B7%B4%E7%84%A1%32%31%E6%AD%B3" dan="16,16,16,16" rate="2145.78,2079.78,2126.98,2150.67" sx="M,M,M,F"/><TAIKYOKU oya="0"/><INIT seed="0,0,0,1,4,19" ten="250,250,250,250" oya="0" hai0="117,132,51,0,2,1,89,119,34,11,58,22,38" hai1="32,75,37,42,77,113,81,121,134,103,73,33,127" hai2="102,26,36,130,107,70,4,52,31,43,13,84,63" hai3="45,98,46,62,74,30,9,114,104,5,67,59,92"/><T96/><D34/><U44/><E121/><V50/><F130/><W23/><G114/><T122/><D122/><U123/><E123/><V20/><F84/><W55/><G74/><T48/><D38/><U6/><E113/><V40/><F36/><W16/><G104/><T25/><D132/><U108/><E108/><V79/><F79/><W100/><G55/><T86/><D96/><U18/><E134/><V90/><F90/><W69/><G69/><T17/><D11/><U35/><E127/><V29/><F29/><W15/><REACH who="3" step="1"/><G30/><REACH who="3" ten="250,250,250,240" step="2"/><T94/><REACH who="0" step="1"/><D58/><REACH who="0" ten="240,250,250,240" step="2"/><U57/><E57/><N who="2" m="35239" /><F70/><W41/><G41/><T111/><D111/><U49/><E42/><V10/><F107/><W125/><G125/><T14/><D14/><AGARI ba="0,2" hai="5,9,14,15,16,23,45,46,59,62,67,92,98,100" machi="14" ten="30,8000,1" yaku="1,1,7,1,8,1,52,1,54,1,53,0" doraHai="19" doraHaiUra="133" who="3" fromWho="0" sc="240,-80,250,0,250,0,240,100" /><INIT seed="1,0,0,1,2,4" ten="160,250,250,340" oya="1" hai0="18,68,61,77,92,30,6,79,122,109,90,66,73" hai1="105,120,115,58,40,99,48,127,97,16,3,98,22" hai2="113,112,103,37,1,75,118,104,74,117,67,108,72" hai3="128,11,12,44,59,125,114,94,84,64,33,130,31"/><U28/><E120/><V57/><F37/><W76/><G114/><N who="2" m="44137" /><F1/><W8/><G125/><T110/><D122/><U45/><E115/><V43/><F43/><W2/><G44/><T119/><D119/><N who="2" m="45578" /><F57/><W116/><G116/><T42/><D42/><U86/><E3/><V35/><F67/><W26/><G2/><T60/><D73/><U13/><E127/><V62/><F62/><N who="3" m="37983" /><G12/><T46/><D46/><U89/><E28/><V41/><F41/><W19/><G19/><T5/><D30/><U124/><E124/><V20/><F20/><W69/><G69/><T126/><D126/><U34/><E34/><V111/><F35/><W9/><G76/><T32/><D32/><U78/><E105/><V134/><F134/><W39/><G39/><T49/><D49/><U107/><E107/><V100/><F104/><W135/><G135/><T53/><D18/><U88/><REACH who="1" step="1"/><E58/><REACH who="1" ten="160,240,250,340" step="2"/><V24/><F24/><W25/><G33/><T106/><D106/><U93/><E93/><V54/><F54/><W70/><G31/><T17/><D53/><U81/><AGARI ba="0,1" hai="13,16,22,40,45,48,78,81,86,88,89,97,98,99" machi="81" ten="30,18000,2" yaku="1,1,0,1,8,1,54,2,53,2" doraHai="4" doraHaiUra="85" who="1" fromWho="1" sc="160,-60,240,190,250,-60,340,-60" /><INIT seed="1,1,0,4,5,41" ten="100,430,190,280" oya="1" hai0="25,52,62,53,71,110,47,57,13,115,85,116,120" hai1="50,81,23,72,129,16,124,44,75,55,73,54,4" hai2="108,28,65,103,30,82,102,118,45,94,18,35,59" hai3="70,97,51,56,42,121,33,10,109,67,29,93,104"/><U79/><E124/><V7/><F118/><W31/><G104/><T99/><D116/><U9/><E129/><V91/><F108/><W8/><G70/><T80/><D115/><U122/><E122/><V90/><F7/><W135/><G109/><T113/><D110/><U125/><E125/><V117/><F117/><W2/><G2/><T63/><D113/><U95/><E95/><V12/><F35/><W123/><G135/><T114/><D114/><U119/><E119/><V14/><F45/><N who="3" m="26039" /><G33/><T74/><D74/><U38/><E55/><V126/><F126/><W96/><G123/><T26/><D120/><U58/><E58/><V66/><F82/><W37/><G37/><T84/><D71/><U46/><E46/><V15/><F18/><W87/><G87/><N who="0" m="33355" /><D80/><U61/><E61/><N who="0" m="23049" /><D99/><N who="3" m="37961" /><G93/><T22/><D13/><U106/><E106/><V105/><F105/><W17/><G121/><T24/><D57/><U60/><E60/><V49/><F59/><W131/><G56/><T0/><D0/><U101/><E101/><N who="2" m="38411" /><F49/><W3/><G3/><T132/><D132/><U64/><E38/><V88/><F94/><W134/><G134/><T21/><D53/><U34/><E34/><V11/><F11/><N who="3" m="4139" /><G131/><T40/><D40/><U6/><E64/><AGARI ba="1,0" hai="12,14,15,28,30,64,65,66,88,90,91" m="38411" machi="64" ten="40,8000,1" yaku="28,2,8,1,54,1" doraHai="41" who="2" fromWho="1" sc="100,0,430,-83,190,83,280,0" /><INIT seed="2,0,0,1,2,110" ten="100,347,273,280" oya="2" hai0="60,127,6,48,101,89,20,94,68,24,11,2,95" hai1="105,65,50,35,51,42,19,28,99,66,104,29,124" hai2="115,32,59,119,96,7,47,34,114,31,53,57,22" hai3="69,109,113,133,67,73,106,30,98,45,74,43,14"/><V71/><F119/><W100/><G109/><T16/><D127/><U88/><E124/><V13/><F71/><W107/><G14/><T15/><D48/><N who="1" m="18475" /><E35/><V129/><F47/><W58/><G58/><T49/><D49/><U121/><E105/><V118/><F118/><W134/><G106/><T83/><D101/><U132/><E104/><V84/><F57/><W112/><G30/><N who="1" m="11882" /><E132/><N who="3" m="50794" /><G67/><N who="1" m="25610" /><E121/><V46/><F129/><W17/><G69/><T102/><D68/><U86/><E19/><V111/><F111/><W9/><G17/><T40/><D60/><U131/><E131/><V21/><F46/><W116/><G116/><T130/><D40/><U93/><E42/><V3/><F96/><AGARI ba="0,0" hai="86,88,93,96,99" m="25610,11882,18475" machi="96" ten="30,2000,0" yaku="8,1,54,1" doraHai="110" who="1" fromWho="2" sc="100,0,347,20,273,-20,280,0" /><INIT seed="3,0,0,0,2,42" ten="100,367,253,280" oya="3" hai0="106,89,124,44,57,38,87,49,110,112,84,27,96" hai1="91,116,85,126,82,53,128,40,95,97,31,69,17" hai2="72,45,47,70,28,103,10,52,80,32,2,65,13" hai3="122,11,88,134,93,71,99,92,62,35,12,21,76"/><W118/><G35/><T68/><D68/><U101/><E126/><V48/><F2/><W14/><G122/><T34/><D124/><U129/><E69/><V3/><F3/><W54/><G118/><T63/><D38/><U135/><E40/><V50/><F103/><W64/><G134/><T60/><D110/><U133/><E31/><V23/><F32/><W81/><G21/><T15/><D112/><U20/><E53/><V132/><F132/><N who="1" m="50761" /><E116/><V24/><F72/><W56/><G93/><T39/><D39/><U131/><E131/><V108/><F108/><W58/><G71/><T123/><D123/><U67/><E67/><V25/><F80/><W1/><G1/><T4/><D106/><U19/><E19/><V26/><F65/><W29/><G29/><T120/><D120/><U104/><E104/><V5/><REACH who="2" step="1"/><F70/><REACH who="2" ten="100,367,243,280" step="2"/><W119/><G119/><T98/><D34/><U86/><E101/><V73/><F73/><W79/><G81/><T6/><D27/><U46/><E82/><V55/><AGARI ba="0,1" hai="5,10,13,23,24,25,26,28,45,47,48,50,52,55" machi="55" ten="20,16000,3" yaku="1,1,0,1,7,1,9,1,8,1,52,2,54,1,53,0" doraHai="42" doraHaiUra="94" who="2" fromWho="2" sc="100,-40,367,-40,243,170,280,-80" owari="60,-44.0,327,12.7,413,51.3,200,-20.0" /></mjloggm>