<mjloggm ver="2.3"><GO type="225" lobby="0"/><UN n0="%E3%81%9F%E3%81%A3%E3%81%A1%E3%82%87" n1="%E9%89%A2%E5%B7%BB%E3%82%AC%E3%83%96" n2="%72%69%6F%75%63%68%61%6E" n3="%E8%81%B7%E6%A5%AD%E3%80%81%E9%A2%A8%32" dan="16,16,17,16" rate="2099.20,2060.13,2172.32,2156.95" sx="M,M,M,M"/><TAIKYOKU oya="0"/><INIT seed="0,0,0,3,2,97" ten="250,250,250,250" oya="0" hai0="0,22,119,106,89,80,46,85,36,135,13,30,29" hai1="96,71,56,114,45,64,76,51,118,74,8,107,121" hai2="93,54,42,91,26,109,86,16,11,41,38,103,14" hai3="110,81,113,33,52,129,59,79,75,73,90,82,6"/><T100/><D119/><U53/><E118/><V104/><F109/><W9/><G110/><T7/><D135/><U63/><E121/><V78/><F38/><W122/><G33/><T2/><D36/><U126/><E126/><V68/><F68/><W47/><G113/><T128/><D128/><U84/><E114/><V102/><F104/><W131/><G122/><T1/><D46/><U115/><E115/><V25/><F78/><W28/><G28/><T34/><D34/><U88/><E8/><V108/><F108/><W133/><G133/><T117/><D117/><U134/><E134/><V15/><F54/><W4/><G47/><T31/><D13/><U62/><E74/><V123/><F123/><W57/><G90/><T44/><D44/><U111/><E111/><V101/><REACH who="2" step="1"/><F14/><REACH who="2" ten="250,250,240,250" step="2"/><W132/><G132/><T95/><D106/><U61/><E76/><V43/><AGARI ba="0,1" hai="11,15,16,25,26,41,42,43,86,91,93,101,102,103" machi="43" ten="30,16000,3" yaku="1,1,2,1,0,1,8,1,52,3,54,1,53,1" doraHai="97" doraHaiUra="12" who="2" fromWho="2" sc="250,-80,250,-40,240,170,250,-40" /><INIT seed="1,0,0,2,4,13" ten="170,210,410,210" oya="1" hai0="88,4,53,33,59,0,25,38,51,107,71,11,49" hai1="127,5,111,22,77,73,35,96,61,128,3,79,86" hai2="40,44,42,17,125,76,112,37,117,133,78,54,118" hai3="26,131,62,20,56,102,16,2,122,119,109,32,70"/><U72/><E35/><V27/><F125/><W126/><G109/><T108/><D38/><U60/><E127/><V1/><F1/><W99/><G2/><T129/><D71/><U45/><E3/><V69/><F69/><W97/><G122/><T74/><D74/><U134/><E111/><V47/><F133/><W94/><G131/><T34/><D108/><U89/><E134/><V19/><F54/><W18/><G119/><N who="2" m="45577" /><F27/><W9/><G70/><T12/><D107/><U123/><E5/><V80/><F80/><W98/><G32/><T92/><D129/><U55/><E22/><V93/><F93/><W114/><G114/><T50/><D0/><U100/><E55/><V39/><F112/><W23/><G9/><T15/><D12/><U87/><E45/><N who="2" m="17483" /><F37/><W106/><G106/><T82/><D82/><U101/><E128/><V103/><F103/><W75/><G126/><T132/><D132/><U83/><E83/><V43/><F39/><W135/><G75/><T120/><D120/><U6/><E123/><V104/><F104/><W130/><G130/><T21/><D33/><U113/><E113/><V67/><F67/><N who="3" m="39367" /><G135/><T90/><D34/><U65/><E65/><V64/><F64/><W115/><G115/><T52/><D53/><U41/><E6/><V81/><F81/><W24/><AGARI ba="0,0" hai="16,18,20,23,24,26,94,97,98,99,102" m="39367" machi="24" ten="30,7900,0" yaku="8,1,52,2,54,1" doraHai="13" who="3" fromWho="3" sc="170,-20,210,-39,410,-20,210,79" /><INIT seed="2,0,0,0,1,62" ten="150,171,390,289" oya="2" hai0="9,71,42,58,56,10,111,106,22,132,93,117,46" hai1="75,97,83,87,63,45,103,121,51,129,29,64,77" hai2="81,78,70,90,6,28,68,52,67,55,33,91,110" hai3="88,133,1,43,89,19,17,27,72,16,8,15,25"/><V113/><F113/><W13/><G133/><T30/><D106/><U107/><E129/><V44/><F110/><W98/><G72/><T122/><D122/><U48/><E121/><V119/><F119/><W50/><G1/><T127/><D111/><U126/><E126/><V35/><F6/><N who="3" m="3223" /><G15/><T24/><D127/><U112/><E112/><V31/><F44/><N who="3" m="25887" /><G98/><T125/><D71/><N who="2" m="27178" /><F67/><W65/><G65/><T120/><D120/><U95/><E29/><N who="2" m="11339" /><F81/><W39/><G39/><T92/><D132/><U109/><E109/><V26/><F78/><W47/><G47/><T69/><D69/><N who="1" m="42143" /><E45/><V34/><F26/><AGARI ba="0,0" hai="16,17,19,25,26,27,88,89" m="25887,3223" machi="26" ten="30,3900,0" yaku="8,1,54,2" doraHai="62" who="3" fromWho="2" sc="150,0,171,0,390,-39,289,39" /><INIT seed="3,0,0,2,5,134" ten="150,171,351,328" oya="3" hai0="23,43,69,114,120,59,34,73,36,102,14,24,5" hai1="70,85,53,38,91,92,46,25,37,30,8,56,66" hai2="80,88,33,12,61,7,99,18,103,9,124,58,67" hai3="81,31,125,76,6,112,11,107,48,60,45,47,1"/><W51/><G107/><T119/><D73/><U42/><E37/><V96/><F124/><W49/><G125/><T135/><D69/><U115/><E115/><V21/><F33/><W4/><G112/><T75/><D75/><U68/><E8/><V101/><F80/><W132/><G132/><T110/><D114/><U57/><E66/><V113/><F113/><W50/><G31/><N who="0" m="19815" /><D102/><N who="2" m="38922" /><F88/><W121/><G121/><T63/><D43/><U20/><E57/><V28/><F28/><W55/><G6/><T95/><D36/><U3/><E3/><V108/><F108/><W74/><REACH who="3" step="1"/><G60/><AGARI ba="0,0" hai="20,25,30,38,42,46,53,56,60,68,70,85,91,92" machi="60" ten="30,1000,0" yaku="7,1" doraHai="134" who="1" fromWho="3" sc="150,0,171,10,351,0,328,-10" owari="150,-35.0,181,-21.9,351,45.1,318,11.8" /></mjloggm>