<mjloggm ver="2.3"><GO type="225" lobby="0"/><UN n0="%E3%82%B2%E3%82%B9%E8%8C%82%E5%8B%9D" n1="%E5%BA%97%E9%95%B7%4D" n2="%E9%BB%99%E8%81%B4%E3%81%AE%E3%81%99%E3%82%9D%E3%82%81" n3="%E6%98%93%E5%88%A9%E8%96%A9%E4%BC%AF" dan="16,16,16,16" rate="2112.57,2082.22,2124.64,2088.00" sx="F,M,M,F"/><TAIKYOKU oya="0"/><INIT seed="0,0,0,5,4,120" ten="250,250,250,250" oya="0" hai0="42,58,32,35,128,92,4,19,99,107,80,108,116" hai1="126,134,133,55,86,44,51,91,111,130,119,54,84" hai2="76,28,49,48,79,7,39,83,77,100,3,95,78" hai3="20,61,11,17,81,57,103,25,36,89,110,127,98"/><T67/><D116/><U9/><E119/><V46/><F28/><W97/><G36/><T104/><D4/><U131/><E9/><N who="2" m="2303" /><F95/><W115/><G115/><T29/><D19/><U118/><E118/><V23/><F23/><W65/><G127/><T135/><D135/><N who="1" m="51723" /><E126/><V70/><F100/><W124/><G124/><T123/><D123/><U40/><E86/><V21/><F21/><W56/><G110/><T12/><D12/><U71/><E71/><V117/><F70/><W72/><G57/><T94/><D29/><U53/><E111/><V15/><F15/><W33/><G33/><T75/><D75/><U59/><E84/><V105/><F105/><W16/><G103/><T45/><D108/><U50/><E91/><V62/><F62/><W14/><G72/><T5/><D80/><U43/><E54/><V18/><F18/><W0/><G0/><T125/><D125/><U63/><E43/><N who="2" m="22911" /><F117/><W6/><G17/><T2/><D104/><U112/><E112/><V38/><F38/><W87/><AGARI ba="0,0" hai="6,11,14,16,20,25,56,61,65,81,87,89,97,98" machi="87" ten="30,4000,0" yaku="0,1,8,1,54,1" doraHai="120" who="3" fromWho="3" sc="250,-20,250,-10,250,-10,250,40" /><INIT seed="1,0,0,1,3,125" ten="230,240,240,290" oya="1" hai0="70,11,106,77,116,1,133,12,91,31,15,129,62" hai1="61,66,54,108,113,105,18,76,52,68,71,7,14" hai2="72,107,111,85,44,84,55,56,98,24,114,87,6" hai3="9,69,86,27,81,23,30,131,20,118,25,2,49"/><U17/><E113/><V120/><F120/><W83/><G69/><T28/><D116/><U63/><E105/><V93/><F72/><W50/><G118/><T130/><D106/><U73/><E108/><V78/><F107/><W0/><G131/><N who="0" m="50187" /><D77/><U128/><E128/><V5/><F78/><W102/><G102/><T39/><D39/><U4/><E76/><V92/><F92/><W103/><G103/><T132/><D91/><U13/><REACH who="1" step="1"/><E66/><REACH who="1" ten="230,230,240,290" step="2"/><V104/><F111/><W19/><G83/><T48/><D132/><U60/><E60/><V22/><F104/><W40/><G81/><T65/><D133/><U47/><E47/><V135/><F44/><W126/><G126/><T67/><D65/><U10/><E10/><V124/><F114/><W134/><G9/><T110/><D110/><U89/><E89/><N who="2" m="55599" /><F124/><W21/><G134/><T38/><D38/><U26/><E26/><V97/><F135/><W109/><G27/><T42/><D1/><U37/><E37/><V58/><F97/><W127/><G127/><T59/><D15/><U119/><E119/><V41/><F24/><W64/><G109/><T121/><D121/><U16/><E16/><V32/><F32/><W35/><G64/><T101/><D101/><U115/><E115/><V57/><F5/><W45/><G19/><N who="0" m="8607" /><D70/><U53/><E53/><V95/><F55/><W94/><G0/><T36/><D36/><U88/><E88/><N who="2" m="53663" /><F6/><W43/><G2/><T29/><D48/><U82/><E82/><V99/><F99/><W46/><G94/><T3/><D3/><U80/><E80/><V8/><F8/><RYUUKYOKU ba="0,1" sc="230,10,230,10,240,-30,290,10" hai0="28,29,31,42,59,62,67" hai1="4,7,13,14,17,18,52,54,61,63,68,71,73" hai3="20,21,23,25,30,35,40,43,45,46,49,50,86" /><INIT seed="1,1,1,4,1,34" ten="240,240,210,300" oya="1" hai0="39,124,95,97,105,118,9,29,81,42,20,33,69" hai1="17,90,98,11,102,132,18,4,111,59,89,8,40" hai2="85,135,6,64,3,65,46,133,113,54,62,26,94" hai3="70,134,45,10,23,35,77,41,57,129,67,50,114"/><U84/><E132/><N who="2" m="50763" /><F113/><W131/><G35/><T130/><D105/><U74/><E74/><V53/><F26/><W22/><G70/><T99/><D33/><U14/><E40/><V51/><F94/><W107/><G107/><T12/><D69/><U117/><E117/><V28/><F85/><W66/><G114/><T61/><D118/><U88/><E111/><V43/><F28/><W122/><G122/><T82/><D61/><U106/><E59/><N who="2" m="35191" /><F6/><W112/><G112/><T78/><D124/><U101/><E101/><V47/><F3/><W60/><G67/><T91/><D130/><N who="3" m="49673" /><G134/><T36/><D99/><U1/><REACH who="1" step="1"/><E18/><REACH who="1" ten="240,230,210,300" step="2"/><V49/><AGARI ba="1,2" hai="43,46,47,49,51,53,64,65" m="35191,50763" machi="49" ten="30,4000,0" yaku="20,1,34,2" doraHai="34" who="2" fromWho="2" sc="240,-11,230,-21,210,63,300,-11" /><INIT seed="2,0,0,1,3,10" ten="229,209,273,289" oya="2" hai0="42,22,46,85,27,71,20,44,34,98,122,58,53" hai1="66,60,107,14,132,72,79,0,31,4,21,75,104" hai2="133,100,23,88,67,62,116,99,52,24,70,111,41" hai3="109,33,106,112,45,118,130,40,11,126,114,77,83"/><V43/><F116/><W93/><G118/><T9/><D122/><U47/><E47/><V69/><F69/><W38/><G106/><T76/><D71/><U36/><E36/><V30/><F133/><W103/><G33/><T91/><D34/><U87/><E132/><V90/><F111/><W7/><G126/><T127/><D127/><U123/><E123/><V119/><F119/><W86/><G130/><T81/><D9/><U13/><E0/><V26/><F52/><W61/><G61/><T115/><D115/><N who="3" m="44073" /><G109/><T55/><D42/><U3/><E3/><V84/><F26/><W15/><G93/><N who="0" m="56639" /><D20/><U32/><E32/><V134/><F90/><W73/><G103/><T51/><D53/><U12/><E4/><V57/><F70/><W117/><G117/><T25/><D25/><U6/><E6/><V5/><F5/><W110/><G110/><T135/><D135/><U97/><E87/><AGARI ba="0,0" hai="7,11,15,38,40,45,73,77,83,86,87" m="44073" machi="87" ten="30,2000,0" yaku="11,1,52,1" doraHai="10" who="3" fromWho="1" sc="229,0,209,-20,273,0,289,20" /><INIT seed="3,0,0,1,2,111" ten="229,189,273,309" oya="3" hai0="49,55,3,106,81,130,33,27,56,79,38,67,78" hai1="107,23,132,80,113,134,48,0,26,41,95,101,120" hai2="131,69,108,60,122,29,42,118,51,30,123,39,15" hai3="103,85,45,57,61,19,62,102,74,110,82,133,104"/><W115/><G115/><T112/><D130/><U43/><E0/><V96/><F39/><W124/><G74/><T46/><D106/><U54/><E107/><V92/><F118/><W73/><G73/><T65/><D3/><U1/><E1/><V47/><F108/><W75/><G75/><T70/><D70/><U40/><E80/><V116/><F116/><W11/><G104/><T68/><D68/><U87/><E120/><N who="2" m="46123" /><F15/><N who="3" m="7679" /><G124/><T93/><D93/><U94/><E101/><N who="2" m="60551" /><F131/><W31/><G31/><T99/><D99/><U5/><E5/><V71/><F71/><W22/><G62/><T14/><D14/><U24/><E24/><V72/><F72/><W100/><G45/><T64/><D81/><U83/><E113/><V34/><F34/><W21/><G133/><T36/><D112/><U66/><E66/><AGARI ba="0,0" hai="29,30,42,47,51,60,66,69" m="60551,46123" machi="66" ten="30,1000,0" yaku="13,1" doraHai="111" who="2" fromWho="1" sc="229,0,189,-10,273,10,309,0" owari="229,-17.1,179,-32.1,283,8.3,309,40.9" /></mjloggm>