<mjloggm ver="2.3"><GO type="225" lobby="0"/><UN n0="%E6%98%93%E5%88%A9%E8%96%A9%E4%BC%AF" n1="%E3%80%90%E3%83%88%E3%83%AA%E3%83%A5%E3%83%95%E3%80%91" n2="%E7%AB%8B%E8%8A%B1%E9%9F%BF" n3="%E3%82%B3%E3%83%90%E3%83%AC%E3%82%A4" dan="16,16,17,16" rate="2076.78,2080.48,2177.10,2138.91" sx="F,M,F,M"/><TAIKYOKU oya="0"/><INIT seed="0,0,0,0,3,65" ten="250,250,250,250" oya="0" hai0="58,57,72,37,94,79,8,125,14,46,129,128,84" hai1="99,134,63,98,35,76,111,47,83,106,62,104,100" hai2="21,114,16,102,13,67,53,51,78,52,82,87,38" hai3="118,39,27,130,88,48,33,54,28,32,10,41,26"/><T66/><D72/><U17/><E111/><V49/><F38/><W75/><G75/><T25/><D125/><U107/><E35/><V122/><F114/><W115/><G118/><T45/><D25/><U24/><E47/><V34/><F34/><W91/><G115/><T116/><D116/><U44/><E44/><V68/><F122/><W12/><G41/><T127/><D127/><U40/><E40/><V73/><F102/><W61/><G39/><T60/><D58/><U121/><E121/><V6/><F6/><W43/><G43/><T132/><D132/><U124/><E124/><V81/><F51/><W56/><G130/><N who="0" m="50283" /><D37/><U0/><E0/><V89/><REACH who="2" step="1"/><F49/><REACH who="2" ten="250,250,240,250" step="2"/><W64/><G33/><T112/><D112/><U1/><E100/><V80/><F80/><W103/><G103/><T22/><D94/><U29/><E83/><V101/><F101/><W77/><G77/><T59/><D79/><U92/><E92/><V36/><F36/><W50/><G48/><T110/><D46/><U42/><E76/><V18/><F18/><W119/><G119/><T55/><D45/><U93/><E93/><V126/><F126/><W71/><G32/><T7/><D110/><U85/><E17/><V96/><F96/><W23/><G50/><N who="0" m="30967" /><D84/><U109/><E85/><V86/><F86/><W11/><G91/><T69/><D22/><U20/><E109/><V9/><F9/><W4/><G23/><T133/><D133/><U3/><E134/><V123/><F123/><W2/><G88/><T74/><D74/><U70/><E20/><V108/><F108/><W120/><G120/><RYUUKYOKU ba="0,1" sc="250,15,250,-15,240,15,250,-15" hai0="7,8,14,59,60,66,69" hai2="13,16,21,52,53,67,68,73,78,81,82,87,89" /><INIT seed="0,1,1,1,5,106" ten="265,235,255,235" oya="0" hai0="117,43,89,84,28,115,18,95,25,135,50,74,132" hai1="26,48,24,121,30,23,35,10,83,17,85,103,0" hai2="51,93,87,110,72,4,88,3,128,21,29,91,6" hai3="2,82,27,81,71,77,98,13,114,101,94,38,99"/><T124/><D115/><U16/><E121/><V20/><F110/><W32/><G2/><T14/><D117/><U60/><E103/><V15/><F128/><W122/><G71/><T59/><D124/><U118/><E60/><V120/><F72/><W8/><G38/><T64/><D64/><U119/><E48/><V63/><F120/><W69/><G69/><T9/><D74/><U12/><REACH who="1" step="1"/><E0/><REACH who="1" ten="265,225,255,235" step="2"/><V130/><F3/><W36/><G36/><T80/><D50/><U105/><E105/><V109/><F63/><W49/><G122/><T62/><D62/><U73/><E73/><V40/><F51/><W112/><G114/><T86/><D43/><U44/><E44/><V65/><F40/><W111/><G111/><T5/><D59/><U104/><E104/><V102/><F102/><W107/><G112/><T97/><D132/><U39/><E39/><V58/><F58/><W53/><G107/><T134/><D135/><U100/><E100/><V96/><F65/><W76/><G101/><T75/><D134/><U37/><E37/><V78/><F109/><W127/><G127/><T45/><D45/><U108/><E108/><V129/><F129/><W90/><G49/><T125/><D125/><U46/><E46/><V7/><F130/><W68/><G68/><T126/><D126/><U31/><E31/><V66/><F29/><W34/><G53/><T79/><REACH who="0" step="1"/><D28/><REACH who="0" ten="255,225,255,235" step="2"/><U11/><E11/><V1/><F66/><W133/><G8/><T22/><AGARI ba="1,3" hai="5,9,14,18,22,25,75,79,80,84,86,89,95,97" machi="22" ten="30,11700,0" yaku="1,1,2,1,0,1,52,1,53,0" doraHai="106" doraHaiUra="57" who="0" fromWho="0" sc="255,150,225,-40,255,-40,235,-40" /><INIT seed="0,2,0,1,4,79" ten="405,185,215,195" oya="0" hai0="22,116,94,135,56,26,73,36,47,104,113,64,60" hai1="24,89,81,99,30,75,125,118,17,28,8,1,65" hai2="78,12,48,7,43,108,86,67,32,111,97,57,49" hai3="124,92,20,77,42,126,15,102,10,41,5,96,133"/><T80/><D113/><U112/><E118/><V25/><F97/><W129/><G133/><T91/><D104/><U132/><E132/><V115/><F115/><W100/><G100/><T83/><D116/><U14/><E125/><N who="3" m="48234" /><G129/><T101/><D135/><U130/><E130/><V18/><F7/><W19/><G77/><T44/><D73/><U2/><E65/><V4/><F4/><W27/><AGARI ba="2,0" hai="5,10,15,19,20,27,41,42,92,96,102" m="48234" machi="27" ten="30,1100,0" yaku="18,1" doraHai="79" who="3" fromWho="3" sc="405,-7,185,-5,215,-5,195,17" /><INIT seed="1,0,0,0,1,27" ten="398,180,210,212" oya="1" hai0="22,32,59,70,16,117,37,89,83,40,111,131,19" hai1="110,98,93,121,58,109,92,87,96,119,57,29,45" hai2="4,46,108,105,127,84,68,128,122,73,79,81,82" hai3="135,15,107,9,80,42,130,64,24,36,74,53,78"/><U115/><E45/><V35/><F35/><W100/><G130/><T90/><D70/><U62/><E87/><V120/><F68/><W23/><G135/><T61/><D32/><U51/><E115/><V104/><F4/><W3/><G64/><T54/><D111/><N who="1" m="42507" /><E119/><V47/><F47/><N who="3" m="24007" /><G53/><T63/><D131/><U71/><E71/><V85/><F46/><W86/><G86/><N who="2" m="33385" /><F108/><W66/><G66/><T94/><D117/><U60/><E51/><V91/><F128/><W97/><G15/><T101/><D37/><U34/><E121/><N who="2" m="46699" /><F127/><W129/><G129/><T52/><D40/><U123/><E123/><V10/><F10/><W75/><G74/><T48/><D83/><N who="2" m="31754" /><F91/><W0/><G0/><T124/><D124/><U12/><E12/><V113/><F113/><W72/><G72/><T26/><D90/><N who="1" m="55319" /><E34/><V13/><F13/><W133/><G133/><T44/><D63/><N who="1" m="24107" /><E58/><V21/><F21/><W77/><G78/><T30/><D101/><N who="1" m="60623" /><E57/><V28/><F28/><AGARI ba="0,0" hai="28,29" m="60623,24107,55319,42507" machi="28" ten="30,11600,0" yaku="14,1,10,1,52,2" doraHai="27" who="1" fromWho="2" sc="398,0,180,116,210,-116,212,0" /><INIT seed="1,1,0,2,4,50" ten="398,296,94,212" oya="1" hai0="110,64,37,6,60,67,76,118,96,70,30,49,105" hai1="86,85,80,22,13,45,81,115,100,28,93,78,9" hai2="56,133,53,12,34,117,112,75,48,52,8,33,59" hai3="125,27,134,71,20,65,84,92,39,103,68,106,61"/><U101/><E115/><V132/><F75/><W79/><G134/><N who="2" m="51817" /><F117/><W130/><G125/><T124/><D118/><U95/><E45/><V98/><F98/><W111/><G130/><T94/><D37/><U73/><E22/><V87/><F87/><W58/><G39/><T41/><D110/><U29/><E73/><V131/><F131/><W31/><G111/><T51/><D67/><U47/><E47/><V3/><F3/><W119/><G119/><T135/><D41/><U14/><E9/><V123/><F123/><W99/><G106/><T89/><D76/><AGARI ba="1,0" hai="13,14,28,29,76,78,80,81,85,86,93,95,100,101" machi="76" ten="25,4800,0" yaku="22,2,8,1" doraHai="50" who="1" fromWho="0" sc="398,-51,296,51,94,0,212,0" /><INIT seed="1,2,0,1,2,36" ten="347,347,94,212" oya="1" hai0="94,52,9,87,55,80,30,124,112,85,100,130,28" hai1="15,108,60,99,10,32,3,46,74,83,79,110,64" hai2="25,68,70,57,92,82,76,97,120,109,98,90,1" hai3="42,38,126,132,26,66,43,20,106,118,91,51,71"/><U12/><E32/><V119/><F120/><W102/><G118/><T121/><D112/><U44/><E99/><V23/><F119/><W105/><G132/><T56/><D121/><U128/><E128/><V131/><F1/><W50/><G126/><T115/><D115/><U62/><E3/><V129/><F109/><N who="1" m="42089" /><E15/><V34/><F34/><W134/><G134/><T69/><D69/><N who="1" m="42119" /><E62/><V111/><F111/><W6/><G6/><AGARI ba="2,0" hai="6,10,12,44,46,74,79,83" m="42119,42089" machi="6" ten="30,2900,0" yaku="14,1,10,1" doraHai="36" who="1" fromWho="3" sc="347,0,347,35,94,0,212,-35" /><INIT seed="1,3,0,1,5,42" ten="347,382,94,177" oya="1" hai0="31,71,81,49,126,125,94,118,107,6,56,35,113" hai1="38,39,20,52,53,134,10,117,129,40,58,33,55" hai2="106,3,69,77,127,44,19,68,34,29,93,70,98" hai3="36,12,16,66,95,15,85,0,96,79,63,90,7"/><U45/><E33/><V9/><F127/><W18/><G36/><T103/><D71/><U64/><E10/><V2/><F106/><W76/><G0/><T65/><D107/><U61/><E117/><V105/><F105/><W11/><G7/><T124/><D113/><U87/><E87/><V30/><F77/><W17/><G96/><T47/><D6/><U114/><E114/><V22/><F44/><W80/><G80/><T102/><D81/><U104/><E129/><V48/><F48/><W25/><G25/><N who="0" m="18927" /><D94/><U24/><E134/><V4/><F2/><W43/><G43/><N who="0" m="24831" /><D118/><U100/><E38/><V60/><F60/><AGARI ba="3,0" hai="56,60,65,102,103,124,125,126" m="24831,18927" machi="60" ten="30,2000,0" yaku="18,1,52,1" doraHai="42" who="0" fromWho="2" sc="347,29,382,0,94,-29,177,0" /><INIT seed="2,0,0,1,5,98" ten="376,382,65,177" oya="2" hai0="105,83,37,11,31,27,84,60,93,131,129,5,44" hai1="132,116,51,58,14,50,100,8,92,29,90,101,26" hai2="28,109,15,102,30,17,85,78,115,122,95,108,24" hai3="128,19,25,61,23,20,97,103,119,0,88,35,33"/><V99/><F115/><W55/><G119/><T123/><D105/><U91/><E116/><V80/><F122/><W54/><G0/><T127/><D123/><U53/><E50/><V49/><F49/><W120/><G120/><T94/><D127/><U59/><E59/><V38/><F38/><W96/><G128/><N who="0" m="49227" /><D60/><U10/><E132/><V69/><F69/><W65/><G33/><N who="0" m="20735" /><D44/><U32/><E8/><V77/><F77/><W9/><G9/><T3/><D37/><U63/><E63/><V107/><F107/><W56/><G35/><T1/><D1/><U62/><E62/><V134/><F134/><W41/><G41/><T117/><D117/><U16/><E90/><AGARI ba="0,0" hai="3,5,11,83,84,90,93,94" m="20735,49227" machi="90" ten="30,1000,0" yaku="19,1" doraHai="98" who="0" fromWho="1" sc="376,10,382,-10,65,0,177,0" /><INIT seed="3,0,0,4,2,122" ten="386,372,65,177" oya="3" hai0="127,62,1,36,85,115,89,75,43,40,83,56,50" hai1="58,108,44,47,132,64,106,135,54,21,117,98,107" hai2="19,30,35,114,7,61,100,123,57,14,109,130,129" hai3="105,4,53,71,110,86,45,12,25,103,118,68,125"/><W5/><G118/><T92/><D36/><U29/><E64/><V94/><F123/><W52/><G125/><T133/><D1/><U17/><E29/><V111/><F7/><W42/><G71/><T74/><D115/><U13/><E117/><V78/><F78/><W59/><G68/><T67/><D133/><N who="1" m="51275" /><E108/><N who="2" m="41547" /><F114/><W31/><G110/><T46/><D127/><U80/><E80/><V41/><F41/><W134/><G134/><T6/><D43/><U10/><E10/><N who="2" m="6615" /><F30/><W91/><G103/><T124/><D6/><U2/><E2/><V93/><F35/><W60/><G105/><N who="1" m="39946" /><E98/><N who="2" m="59471" /><F94/><W23/><G12/><T9/><D124/><U128/><E128/><V15/><F15/><W73/><G73/><T20/><D9/><U102/><E102/><V69/><F69/><W126/><G126/><T116/><D116/><U49/><AGARI ba="0,0" hai="13,17,21,44,47,49,54,58" m="39946,51275" machi="49" ten="30,1100,0" yaku="20,1" doraHai="122" who="1" fromWho="1" sc="386,-3,372,11,65,-3,177,-5" owari="383,48.3,383,18.3,62,-43.8,172,-22.8" /></mjloggm>