<mjloggm ver="2.3"><GO type="225" lobby="0"/><UN n0="%E7%BD%AA%E5%88%91%E6%B3%95%E5%AE%9A%E4%B8%BB%E7%BE%A9" n1="%E5%8D%A0%E3%81%84%E5%B8%AB%E8%A3%8F%E3%81%AA%E3%81%84%E3%81%97" n2="%E5%B8%86%E7%AB%8B%E5%A4%8F%E8%A1%A3" n3="%E3%81%8B%E3%82%8F%E3%81%A1%E3%82%83%E3%82%93%35%38" dan="16,17,16,16" rate="2151.96,2122.38,2088.91,2157.00" sx="M,M,M,M"/><TAIKYOKU oya="0"/><INIT seed="0,0,0,2,4,39" ten="250,250,250,250" oya="0" hai0="83,79,49,89,21,55,19,12,126,120,40,96,47" hai1="10,31,56,6,7,41,64,134,128,54,98,22,32" hai2="112,65,102,80,53,95,123,15,63,28,71,52,130" hai3="5,124,4,108,105,20,17,86,73,94,66,34,35"/><T109/><D120/><U90/><E32/><V30/><F123/><W48/><G105/><T23/><D126/><U58/><E128/><V104/><F112/><W69/><G73/><T87/><D109/><U88/><E134/><V24/><F130/><W70/><G108/><T50/><D96/><U51/><E98/><V67/><F104/><W122/><G124/><T93/><D23/><U62/><E41/><V91/><F102/><W133/><G133/><T11/><D11/><U99/><E99/><V26/><F80/><W100/><G100/><T119/><D119/><U72/><E72/><V18/><F67/><W46/><G122/><T116/><D116/><U60/><E51/><V92/><F30/><W106/><G106/><T129/><D129/><U135/><E135/><V81/><F81/><W57/><G34/><T13/><D13/><U132/><E132/><V110/><F110/><W131/><G35/><T43/><D50/><U68/><E68/><V45/><F45/><W75/><G75/><T121/><D121/><U25/><REACH who="1" step="1"/><E7/><REACH who="1" ten="250,240,250,250" step="2"/><V42/><F42/><N who="0" m="15914" /><D79/><U111/><E111/><V37/><F71/><N who="3" m="27147" /><G131/><T82/><AGARI ba="0,1" hai="12,19,21,47,49,55,82,83,87,89,93" m="15914" machi="82" ten="30,11700,0" yaku="8,1,52,3" doraHai="39" who="0" fromWho="0" sc="250,127,240,-39,250,-39,250,-39" /><INIT seed="0,1,0,0,1,98" ten="377,201,211,211" oya="0" hai0="10,25,113,0,121,63,133,68,39,135,37,92,82" hai1="16,64,84,36,132,105,122,103,7,86,131,72,43" hai2="57,15,71,34,81,90,3,9,23,17,35,59,124" hai3="127,126,65,27,28,14,110,75,94,54,125,2,67"/><T38/><D113/><U117/><E117/><V56/><F71/><W107/><G107/><T79/><D121/><U24/><E122/><V49/><F124/><W97/><G2/><T58/><D68/><U19/><E72/><V99/><F35/><N who="3" m="20895" /><G75/><T42/><D25/><U87/><E132/><V13/><F34/><W8/><G54/><T70/><D70/><U52/><E131/><V115/><F115/><W60/><G60/><T18/><D92/><U76/><E64/><V46/><F3/><W21/><G21/><T20/><D42/><U73/><E7/><V45/><F49/><W130/><G110/><T109/><D109/><U134/><E134/><N who="0" m="51209" /><D10/><U29/><E43/><V74/><F74/><W47/><G47/><T31/><D31/><U112/><E112/><V106/><F106/><W91/><G130/><T6/><D6/><AGARI ba="1,0" hai="6,8,14,65,67,91,94,97,125,126,127" m="20895" machi="6" ten="30,1000,0" yaku="18,1" doraHai="98" who="3" fromWho="0" sc="377,-13,201,0,211,0,211,13" /><INIT seed="1,0,0,0,0,126" ten="364,201,211,224" oya="1" hai0="31,123,78,76,119,98,129,5,81,4,61,134,13" hai1="34,64,69,46,27,102,52,0,85,30,23,20,112" hai2="33,15,40,55,95,42,73,103,39,60,16,7,56" hai3="99,74,84,50,10,18,110,125,63,26,132,24,6"/><U19/><E112/><V43/><F33/><W93/><G74/><T118/><D119/><U8/><E102/><V59/><F73/><W107/><G107/><T54/><D118/><U28/><E69/><V105/><F105/><W57/><G125/><T104/><D134/><U91/><E64/><V32/><F32/><W87/><G50/><T37/><D37/><U106/><E106/><V58/><F7/><W83/><G110/><T128/><D31/><U25/><E46/><V79/><F79/><W117/><G132/><T66/><D54/><U108/><E52/><N who="2" m="33799" /><F39/><W47/><G47/><T36/><D36/><U131/><E108/><V130/><F130/><N who="0" m="50282" /><D13/><N who="1" m="9327" /><E131/><V86/><F55/><W38/><G38/><T29/><D29/><U35/><E91/><N who="2" m="53751" /><F103/><W71/><G117/><T90/><D123/><U101/><E101/><V111/><F111/><W80/><G24/><T48/><D48/><U75/><E75/><V17/><F17/><W127/><G18/><T14/><D104/><U22/><E85/><V9/><AGARI ba="0,0" hai="9,15,16,40,42,43,58,59" m="53751,33799" machi="9" ten="30,4000,0" yaku="8,1,54,2" doraHai="126" who="2" fromWho="2" sc="364,-10,201,-20,211,40,224,-10" /><INIT seed="2,0,0,2,5,37" ten="354,181,251,214" oya="2" hai0="118,129,106,30,57,77,113,4,134,117,48,101,108" hai1="45,67,29,78,44,103,31,98,50,39,76,56,60" hai2="92,97,135,104,126,0,40,85,84,131,36,2,65" hai3="20,1,22,133,21,5,81,127,61,43,95,115,3"/><V14/><F126/><W99/><G127/><T26/><D113/><U27/><E39/><V12/><F65/><W6/><G115/><T96/><D108/><U114/><E114/><V55/><F104/><W33/><G33/><T7/><D77/><U73/><E73/><V124/><F124/><W122/><G122/><T52/><D134/><U9/><E9/><V72/><F72/><W34/><G34/><N who="0" m="20823" /><D129/><U130/><E130/><V51/><F131/><W66/><G133/><T53/><D53/><U18/><E18/><V54/><F36/><W120/><G120/><T94/><D106/><U41/><E45/><V102/><F92/><W112/><G112/><T38/><D38/><U116/><E31/><V110/><F51/><W91/><G81/><T15/><D15/><U80/><E80/><V23/><F23/><W24/><G24/><T121/><D121/><U49/><E49/><V128/><F128/><W79/><G79/><T25/><D25/><U71/><E116/><AGARI ba="0,0" hai="4,7,48,52,57,94,96,101,116,117,118" m="20823" machi="116" ten="30,2000,0" yaku="12,1,54,1" doraHai="37" who="0" fromWho="1" sc="354,20,181,-20,251,0,214,0" /><INIT seed="3,0,0,4,3,87" ten="374,161,251,214" oya="3" hai0="106,22,38,76,60,21,119,48,109,25,134,104,68" hai1="133,47,3,86,96,101,89,80,74,93,88,42,66" hai2="84,44,67,105,55,82,97,85,50,113,71,95,0" hai3="123,30,43,12,115,110,131,70,111,8,18,14,10"/><W61/><G43/><T29/><D38/><U117/><E3/><V40/><F113/><W92/><G61/><T35/><D109/><N who="3" m="41481" /><G70/><T108/><D108/><U121/><E121/><V41/><F0/><W128/><G92/><T78/><D134/><U58/><E133/><V114/><F105/><W54/><G54/><T135/><D135/><U94/><E117/><V90/><F114/><W127/><G115/><T77/><D119/><U75/><E58/><V62/><F85/><W32/><G123/><T2/><D2/><U16/><E16/><V129/><F129/><N who="3" m="49739" /><G127/><T49/><D68/><U107/><E66/><V53/><F53/><W52/><G52/><T56/><D106/><U17/><E17/><V116/><F116/><W26/><G14/><T36/><D104/><U79/><E47/><V132/><F132/><W103/><G103/><AGARI ba="0,0" hai="40,41,44,50,55,62,67,71,82,84,90,95,97,103" machi="103" ten="30,2000,0" yaku="7,1,52,1" doraHai="87" who="2" fromWho="3" sc="374,0,161,0,251,20,214,-20" owari="374,47.4,161,-33.9,271,7.1,194,-20.6" /></mjloggm>