<mjloggm ver="2.3"><GO type="225" lobby="0"/><UN n0="%E6%A1%9C%E8%8A%B1%E9%96%83%E3%80%85" n1="%4C%4F%4C%49%54%41" n2="%E5%A4%9C%E3%81%AE%E3%82%AC%E3%82%B9%E3%83%91%E3%83%BC%E3%83%AB" n3="%61%6D%65%6B%69" dan="16,16,17,16" rate="2216.75,2200.13,2177.07,2110.36" sx="M,F,M,M"/><TAIKYOKU oya="0"/><INIT seed="0,0,0,5,5,76" ten="250,250,250,250" oya="0" hai0="120,95,73,107,22,46,81,0,127,37,96,31,75" hai1="26,94,8,91,52,59,121,57,77,115,48,61,135" hai2="119,133,108,4,33,53,44,12,85,36,58,90,30" hai3="101,1,74,14,41,64,80,116,122,125,112,49,63"/><T25/><D120/><U55/><E135/><V113/><F113/><W84/><G1/><T89/><D127/><U56/><E115/><V70/><F70/><W35/><G35/><T102/><D0/><U105/><E105/><V16/><F4/><W7/><G74/><T13/><D13/><U88/><E121/><V27/><F133/><W132/><G132/><T104/><D104/><U54/><E77/><V43/><F108/><W66/><G116/><T17/><D17/><U10/><E26/><V21/><F119/><W69/><G66/><T100/><D107/><U131/><E131/><V82/><F58/><W3/><G3/><T20/><D20/><U106/><E106/><V65/><F53/><W103/><G125/><T87/><REACH who="0" step="1"/><D102/><REACH who="0" ten="240,250,250,250" step="2"/><U42/><E42/><AGARI ba="0,1" hai="22,25,31,37,42,46,73,75,81,87,89,95,96,100" machi="42" ten="40,12000,1" yaku="1,1,2,1,52,1,53,1" doraHai="76" doraHaiUra="68" who="0" fromWho="1" sc="240,130,250,-120,250,0,250,0" /><INIT seed="0,1,0,0,1,112" ten="370,130,250,250" oya="0" hai0="108,36,114,71,47,17,50,122,130,118,49,31,13" hai1="55,58,75,6,43,109,107,33,117,62,42,48,135" hai2="84,8,38,26,28,97,98,1,133,105,15,132,76" hai3="25,70,52,86,90,67,65,21,121,3,83,79,80"/><T14/><D114/><U73/><E107/><V87/><F38/><W23/><G3/><T0/><D0/><U94/><E33/><V5/><F1/><W116/><G121/><T24/><D122/><U85/><E109/><V125/><F125/><W9/><G70/><T128/><D71/><U4/><E135/><N who="2" m="51787" /><F76/><W20/><G25/><T45/><D36/><U120/><E120/><V51/><F51/><W78/><G116/><T69/><D69/><U95/><E73/><V29/><F29/><W129/><G129/><N who="0" m="49771" /><D118/><U44/><E75/><V46/><F46/><N who="0" m="17418" /><D108/><U40/><E117/><V60/><F60/><W64/><G9/><N who="0" m="6319" /><D14/><U81/><E4/><V126/><F126/><W22/><N who="3" m="5120" /><DORA hai="104" /><W123/><G123/><T131/><N who="0" m="49779" /><T93/><DORA hai="41" /><D93/><U99/><E6/><V91/><F15/><W27/><G83/><T100/><D100/><U89/><REACH who="1" step="1"/><E94/><REACH who="1" ten="370,120,250,250" step="2"/><V72/><F5/><W35/><G35/><AGARI ba="1,1" hai="24,31,35,49,50" m="6319,17418,49779" machi="35" ten="40,12000,1" yaku="19,1,52,3" doraHai="112,104,41" who="0" fromWho="3" sc="370,133,120,0,250,0,250,-123" /><INIT seed="0,2,0,4,3,99" ten="503,120,250,127" oya="0" hai0="5,10,88,87,79,125,78,11,81,63,4,3,60" hai1="49,134,113,28,91,23,92,82,133,36,120,122,33" hai2="116,131,95,124,108,128,98,38,58,101,96,62,100" hai3="69,9,103,48,127,44,105,53,35,104,18,17,86"/><T66/><D125/><U52/><E36/><V34/><F34/><W56/><G35/><T6/><D60/><U25/><E113/><V0/><F0/><W59/><G69/><T47/><D47/><U119/><E82/><V93/><F38/><W109/><G109/><T68/><REACH who="0" step="1"/><D5/><REACH who="0" ten="493,120,250,127" step="2"/><U37/><E119/><V22/><F124/><W90/><G127/><T21/><D21/><U114/><E23/><V46/><F116/><W57/><G9/><T117/><D117/><U74/><E114/><V121/><F108/><W76/><G76/><T14/><AGARI ba="2,1" hai="3,4,6,10,11,14,63,66,68,78,79,81,87,88" machi="14" ten="20,7800,0" yaku="1,1,0,1,7,1,54,1,53,0" doraHai="99" doraHaiUra="42" who="0" fromWho="0" sc="493,94,120,-28,250,-28,127,-28" /><INIT seed="0,3,0,4,2,10" ten="587,92,222,99" oya="0" hai0="111,9,112,124,123,50,100,102,73,35,63,97,121" hai1="18,55,39,3,14,8,78,27,94,69,59,130,4" hai2="38,43,48,36,76,0,129,118,91,60,70,127,1" hai3="93,126,135,83,104,12,71,21,16,75,72,103,125"/><T31/><D112/><U80/><E130/><V74/><F129/><W40/><G71/><T65/><D124/><N who="3" m="47721" /><G135/><T6/><D73/><N who="3" m="28233" /><G83/><T30/><D50/><U87/><E69/><V32/><F127/><W81/><G81/><T134/><D134/><U90/><E39/><V122/><F122/><W17/><G40/><T109/><D100/><U110/><E110/><N who="0" m="41993" /><D35/><U57/><E27/><V89/><F48/><W108/><G108/><T114/><D114/><U107/><E107/><V79/><F70/><W2/><G2/><T67/><D31/><U61/><E57/><V13/><F32/><W37/><G37/><T86/><D86/><U92/><REACH who="1" step="1"/><E78/><REACH who="1" ten="587,82,222,99" step="2"/><V54/><F79/><W82/><G104/><N who="0" m="63567" /><D30/><U56/><E56/><V23/><F38/><W98/><G82/><T95/><D95/><U20/><AGARI ba="3,1" hai="3,4,8,14,18,20,55,59,61,80,87,90,92,94" machi="20" ten="20,5200,0" yaku="1,1,0,1,7,1,52,1,53,0" doraHai="10" doraHaiUra="99" who="1" fromWho="1" sc="587,-29,82,71,222,-16,99,-16" /><INIT seed="1,0,0,5,2,31" ten="558,153,206,83" oya="1" hai0="94,54,68,86,115,109,11,15,74,69,36,127,71" hai1="114,111,135,67,57,20,12,4,13,102,61,128,10" hai2="63,45,9,96,110,108,126,64,62,39,42,70,78" hai3="56,93,37,40,124,65,122,77,98,131,119,6,48"/><U27/><E114/><V60/><F126/><W33/><G122/><T3/><D115/><U79/><E128/><V41/><F78/><W35/><G131/><T82/><D127/><U5/><E135/><V1/><F96/><W19/><G124/><T118/><D118/><U23/><E79/><V58/><F1/><W132/><G77/><T55/><D3/><U14/><E111/><N who="2" m="42539" /><F9/><W133/><G6/><T76/><D36/><U90/><E102/><V16/><F16/><W47/><G19/><T107/><D107/><U51/><E5/><V83/><F83/><W75/><G75/><T46/><D46/><U129/><E129/><V88/><F88/><N who="3" m="55591" /><G119/><T50/><D109/><U104/><E104/><V130/><F130/><W18/><G18/><T120/><D120/><U73/><E73/><V84/><F84/><W0/><G0/><T29/><D86/><U89/><E51/><N who="2" m="27055" /><F70/><W116/><G116/><T32/><D71/><U30/><REACH who="1" step="1"/><E23/><REACH who="1" ten="558,143,206,83" step="2"/><V112/><F112/><W95/><G95/><T91/><D94/><U113/><E113/><V43/><F39/><W2/><G2/><AGARI ba="0,1" hai="2,4,10,12,13,14,20,27,30,57,61,67,89,90" machi="2" ten="40,3900,0" yaku="1,1,53,1" doraHai="31" doraHaiUra="24" who="1" fromWho="3" sc="558,0,143,49,206,0,83,-39" /><INIT seed="1,1,0,4,5,21" ten="558,192,206,44" oya="1" hai0="56,122,73,45,69,105,57,42,14,86,51,35,6" hai1="22,68,34,30,18,3,13,29,87,96,63,84,76" hai2="48,95,99,81,126,107,66,90,7,72,102,65,25" hai3="15,123,135,59,119,49,104,128,92,124,0,116,38"/><U131/><E3/><V54/><F126/><W44/><G15/><T109/><D73/><U101/><E131/><V19/><F7/><W46/><G92/><T61/><D35/><U20/><E20/><V88/><F19/><W91/><G91/><T80/><D105/><N who="1" m="63655" /><E76/><N who="2" m="44167" /><F25/><W32/><G32/><T9/><D109/><U55/><E55/><V41/><F90/><W47/><G104/><T37/><D122/><U17/><E17/><V113/><F41/><W97/><G97/><T67/><D37/><U78/><E30/><V130/><F130/><W64/><G0/><T79/><AGARI ba="1,0" hai="6,9,14,42,45,51,56,57,61,67,69,79,80,86" machi="79" ten="20,5200,0" yaku="0,1,7,1,25,2" doraHai="21" who="0" fromWho="0" sc="558,55,192,-27,206,-14,44,-14" /><INIT seed="2,0,0,0,3,47" ten="613,165,192,30" oya="2" hai0="8,26,39,106,14,25,105,122,85,5,1,117,40" hai1="11,113,35,49,70,22,42,126,132,28,50,74,9" hai2="79,119,0,76,33,131,83,86,59,112,37,54,89" hai3="29,18,30,123,100,75,12,73,20,78,92,19,129"/><V120/><F119/><W80/><G123/><T15/><D40/><U68/><E113/><V116/><F116/><W82/><G129/><T109/><D39/><U23/><E74/><V127/><F112/><W66/><G66/><T104/><D122/><U13/><E35/><V65/><F120/><W88/><G100/><T98/><D98/><U45/><E126/><V94/><F0/><W121/><G121/><T52/><D52/><U103/><E132/><V114/><F114/><W4/><G4/><T34/><D85/><U41/><E103/><V31/><F37/><W67/><G67/><T38/><D15/><U48/><E68/><V96/><F65/><W102/><G102/><T17/><D17/><N who="1" m="10543" /><E70/><V115/><F115/><W53/><G19/><T134/><D25/><N who="1" m="16447" /><E45/><V16/><F127/><W77/><REACH who="3" step="1"/><G53/><REACH who="3" ten="613,165,192,20" step="2"/><T61/><D5/><U93/><E9/><V90/><F131/><W84/><AGARI ba="0,1" hai="12,18,20,29,30,73,75,77,78,80,82,84,88,92" machi="84" ten="20,12000,2" yaku="1,1,2,1,0,1,7,1,9,1,54,1,53,1" doraHai="47" doraHaiUra="87" who="3" fromWho="3" sc="613,-30,165,-30,192,-60,20,130" /><INIT seed="3,0,0,5,4,70" ten="583,135,132,150" oya="3" hai0="51,67,82,16,88,5,6,120,32,100,84,18,56" hai1="13,78,48,12,30,129,95,22,104,111,61,0,11" hai2="126,66,97,14,102,59,21,19,41,134,17,2,113" hai3="77,115,110,79,46,69,44,101,86,50,57,124,98"/><W133/><G115/><T118/><D32/><U52/><E104/><V87/><F113/><W62/><G69/><T81/><D120/><U42/><E111/><V4/><F126/><W23/><G124/><T26/><D118/><U40/><E129/><V127/><F127/><W75/><G75/><T54/><D100/><U39/><E39/><V128/><F128/><W3/><G3/><T114/><D114/><U92/><E0/><V45/><F134/><W20/><G133/><T64/><D81/><U37/><E78/><N who="3" m="29706" /><G86/><T112/><D112/><U25/><E61/><N who="2" m="38207" /><F2/><W74/><G74/><T73/><D73/><U53/><E37/><V122/><F122/><W130/><G130/><T89/><D89/><U116/><E116/><V85/><F4/><N who="0" m="1642" /><D26/><U47/><E42/><V132/><F132/><W91/><G101/><T27/><D27/><U8/><E12/><N who="2" m="9383" /><F97/><W24/><G110/><T72/><D72/><U33/><E33/><V99/><F99/><W60/><G60/><N who="0" m="37895" /><D67/><U7/><E8/><N who="2" m="6599" /><F102/><W94/><G24/><T131/><D131/><U71/><E71/><V119/><F119/><W107/><G107/><T68/><D68/><U65/><E65/><V9/><F9/><W108/><G108/><T38/><D38/><U15/><E13/><V80/><F80/><W105/><G105/><T90/><D90/><U103/><E103/><V35/><F35/><W96/><G96/><T43/><D43/><U106/><E106/><V29/><F29/><W49/><G49/><AGARI ba="0,0" hai="41,45,49,85,87" m="6599,9383,38207" machi="49" ten="30,1000,0" yaku="8,1" doraHai="70" who="2" fromWho="3" sc="583,0,135,0,132,10,150,-10" owari="583,68.3,135,-36.5,142,-5.8,140,-26.0" /></mjloggm>