<mjloggm ver="2.3"><GO type="225" lobby="0"/><UN n0="%E3%82%BC%E3%83%AB%E3%83%80%E3%81%AE%E4%BC%9D%E8%AA%AC" n1="%E3%81%82%E3%81%B9%E3%81%99%E3%81%91" n2="%E3%82%A2%E3%83%8A%E3%83%BC%E3%81%8D%E3%83%BC" n3="%38%63%E3%81%AF%E3%81%A3%E3%81%97%E3%83%BC" dan="16,16,16,16" rate="2185.79,2100.52,2101.45,2074.58" sx="M,M,M,M"/><TAIKYOKU oya="0"/><INIT seed="0,0,0,1,2,126" ten="250,250,250,250" oya="0" hai0="29,47,33,74,106,54,46,0,17,89,124,122,78" hai1="79,16,35,130,41,98,57,111,45,92,49,131,23" hai2="90,9,115,88,85,94,93,109,121,11,63,83,10" hai3="8,3,5,56,81,53,73,44,18,112,12,52,75"/><T70/><D122/><U82/><E35/><V66/><F121/><W62/><G112/><T31/><D0/><U69/><E69/><V110/><F115/><W4/><G81/><T87/><D70/><U99/><E57/><N who="2" m="37231" /><F90/><W86/><G86/><T32/><D124/><U58/><E58/><V76/><F76/><W2/><G3/><T132/><D106/><U68/><E68/><V38/><F38/><W96/><G96/><T55/><D17/><U6/><E6/><V39/><F39/><W120/><G120/><T36/><D36/><U30/><E30/><V101/><F101/><W28/><G28/><T59/><D59/><U129/><E111/><AGARI ba="0,0" hai="9,10,11,83,85,88,93,94,109,110,111" m="37231" machi="111" ten="30,2000,0" yaku="14,1,54,1" doraHai="126" who="2" fromWho="1" sc="250,0,250,-20,250,20,250,0" /><INIT seed="1,0,0,3,2,21" ten="250,230,270,250" oya="1" hai0="124,91,88,109,41,83,75,34,17,14,123,32,85" hai1="26,68,115,111,110,130,133,134,121,22,69,24,101" hai2="71,59,92,54,103,8,122,87,55,116,132,30,20" hai3="29,19,52,73,47,96,64,81,80,113,127,4,106"/><U1/><E115/><V82/><F71/><N who="1" m="27209" /><E1/><V107/><F116/><W128/><G113/><T2/><D109/><N who="1" m="41483" /><E121/><V50/><F107/><W65/><G4/><T25/><D123/><U63/><E130/><V3/><F132/><N who="1" m="50793" /><E22/><V76/><F122/><W95/><G106/><T31/><D2/><U51/><E63/><V58/><F20/><W79/><G19/><T62/><D62/><U77/><E77/><V98/><F3/><W60/><G128/><T27/><D17/><U89/><E101/><V93/><F30/><W118/><G29/><T67/><D31/><U18/><E18/><V104/><F8/><W45/><G60/><AGARI ba="0,0" hai="50,54,55,58,59,60,76,82,87,92,93,98,103,104" machi="60" ten="30,1000,0" yaku="7,1" doraHai="21" who="2" fromWho="3" sc="250,0,230,0,270,10,250,-10" /><INIT seed="2,0,0,5,5,68" ten="250,230,280,240" oya="2" hai0="86,21,118,28,67,7,5,42,58,90,123,91,75" hai1="97,30,104,1,0,134,95,78,48,53,98,4,108" hai2="109,14,51,103,72,81,83,128,74,79,23,13,70" hai3="2,16,112,102,111,64,96,55,77,122,36,132,39"/><V27/><F70/><W54/><G122/><T24/><D75/><U66/><E108/><V38/><F38/><W47/><G2/><T126/><D123/><U40/><E78/><V19/><F109/><W31/><G31/><T129/><D126/><U33/><E134/><V88/><F128/><W107/><G111/><T43/><D129/><U115/><E115/><V34/><F34/><W10/><G64/><T52/><D67/><U60/><E40/><N who="0" m="15401" /><D118/><U80/><E80/><V29/><F103/><W8/><G77/><T135/><D135/><U76/><E76/><V22/><F51/><W101/><G132/><T92/><D91/><N who="1" m="55551" /><E4/><V20/><F72/><W35/><G35/><T41/><N who="0" m="15409" /><T11/><DORA hai="62" /><D11/><U46/><E1/><V56/><F56/><W50/><G10/><T130/><D130/><U18/><E0/><V61/><F61/><AGARI ba="0,0" hai="5,7,21,24,28,52,58,61,86,90,92" m="15409" machi="61" ten="30,2000,0" yaku="8,1,54,1" doraHai="68,62" who="0" fromWho="2" sc="250,20,230,0,280,-20,240,0" /><INIT seed="3,0,0,5,3,107" ten="270,230,260,240" oya="3" hai0="56,37,34,10,15,58,118,17,116,39,113,123,127" hai1="25,82,100,89,12,79,126,102,55,23,111,5,90" hai2="31,8,117,115,78,50,7,66,46,124,21,75,24" hai3="43,64,67,62,97,83,128,1,32,9,45,53,71"/><W122/><G122/><T14/><D34/><U4/><E111/><V130/><F115/><W52/><G32/><T101/><D101/><U110/><E110/><V80/><F117/><W85/><G128/><T86/><D86/><N who="1" m="48479" /><E126/><V61/><F130/><W103/><G67/><T104/><D104/><U92/><E55/><V106/><F106/><W98/><G1/><T70/><D70/><U135/><E135/><V22/><F124/><W99/><G9/><T125/><D17/><N who="1" m="12527" /><E90/><V44/><F21/><W29/><G29/><T3/><D10/><N who="1" m="4167" /><E5/><V33/><F33/><W91/><REACH who="3" step="1"/><G103/><REACH who="3" ten="270,230,260,230" step="2"/><T27/><D3/><U132/><E132/><V108/><F108/><W36/><AGARI ba="0,1" hai="36,43,45,52,53,62,64,71,83,85,91,97,98,99" machi="36" ten="30,11700,0" yaku="1,1,2,1,0,1,54,1,53,0" doraHai="107" doraHaiUra="133" who="3" fromWho="3" sc="270,-39,230,-39,260,-39,230,127" owari="231,3.1,191,-30.9,221,-17.9,357,45.7" /></mjloggm>