<mjloggm ver="2.3"><GO type="225" lobby="0"/><UN n0="%73%6C%69%63%6B%33%31%39" n1="%E3%81%A1%E3%82%85%E3%81%86%E3%81%A9%E3%81%8F%E8%B1%A1%E3%81%95%E3%82%93" n2="%E9%80%9F%E6%B0%B4%E5%87%9B%E9%A6%99" n3="%74%61%6B%75%61%6B%61" dan="17,17,16,16" rate="2174.90,2238.55,2090.36,2150.93" sx="M,M,F,M"/><TAIKYOKU oya="0"/><INIT seed="0,0,0,0,0,132" ten="250,250,250,250" oya="0" hai0="39,21,79,103,71,102,118,97,56,129,25,72,15" hai1="49,7,60,93,5,40,70,28,57,10,90,43,13" hai2="19,26,96,23,99,105,50,131,52,74,134,127,18" hai3="112,104,22,73,20,100,106,126,53,107,31,119,115"/><T76/><D118/><U14/><E70/><V123/><F74/><W89/><G73/><T114/><D114/><U108/><E28/><V101/><F123/><W68/><G68/><T46/><D71/><U133/><E133/><V51/><F134/><W95/><G100/><T64/><D129/><U81/><E81/><V91/><F131/><W78/><G78/><T45/><D15/><U36/><E36/><V121/><F121/><W3/><G3/><T4/><D4/><U12/><E108/><V120/><F120/><W17/><G31/><T83/><D79/><U30/><E30/><V84/><F50/><W11/><G11/><T63/><D39/><U55/><E5/><V58/><F127/><W34/><G34/><T67/><D67/><U61/><E61/><V38/><F38/><W59/><G22/><T128/><D103/><U47/><REACH who="1" step="1"/><E43/><REACH who="1" ten="250,240,250,250" step="2"/><V6/><F6/><W2/><G119/><T48/><D128/><U0/><E0/><V122/><F122/><W62/><G2/><T8/><D48/><U85/><AGARI ba="0,1" hai="7,10,12,13,14,40,47,49,55,57,60,85,90,93" machi="85" ten="20,5200,0" yaku="1,1,0,1,7,1,8,1,53,0" doraHai="132" doraHaiUra="94" who="1" fromWho="1" sc="250,-26,240,62,250,-13,250,-13" /><INIT seed="1,0,0,1,1,62" ten="224,302,237,237" oya="1" hai0="25,2,58,105,75,131,38,111,27,95,117,23,24" hai1="80,15,60,43,32,103,72,77,83,119,100,9,79" hai2="106,127,18,68,42,66,29,4,13,84,132,76,64" hai3="74,91,39,40,125,69,101,5,112,81,3,17,128"/><U49/><E119/><V89/><F68/><W104/><G112/><T28/><D105/><U88/><E32/><V70/><F70/><W56/><G69/><T31/><D38/><U1/><E1/><V44/><F106/><W46/><G125/><T78/><D75/><U51/><E60/><V118/><F118/><W126/><G126/><T54/><D117/><U48/><E43/><V107/><F107/><W55/><G17/><T130/><D78/><U121/><E121/><V41/><F132/><W116/><G116/><T10/><D95/><U57/><E57/><V82/><F127/><W12/><G12/><T73/><D73/><U129/><E129/><V11/><F29/><W87/><G128/><N who="0" m="49195" /><D111/><U37/><E37/><V85/><F18/><W19/><G19/><T52/><D58/><U97/><E97/><V30/><F30/><N who="0" m="11306" /><D23/><U35/><E35/><V123/><F123/><W59/><G74/><T67/><D67/><N who="2" m="25642" /><F44/><W20/><G104/><T65/><D65/><U109/><E109/><V102/><F102/><W113/><G101/><T33/><D33/><U61/><E103/><V110/><F110/><W34/><G34/><T108/><D108/><U122/><E100/><V50/><F50/><W134/><G134/><T16/><D16/><U99/><E122/><V86/><F86/><W94/><G87/><T7/><AGARI ba="0,0" hai="2,7,10,24,25,27,52,54" m="11306,49195" machi="7" ten="40,2700,0" yaku="19,1,54,1" doraHai="62" who="0" fromWho="0" sc="224,27,302,-13,237,-7,237,-7" /><INIT seed="2,0,0,2,1,21" ten="251,289,230,230" oya="2" hai0="133,100,69,16,48,4,58,87,17,114,84,26,18" hai1="88,97,64,85,131,119,99,59,73,127,6,61,130" hai2="7,113,123,33,90,108,42,109,66,28,126,82,95" hai3="106,54,31,3,50,11,134,44,71,92,101,105,102"/><V75/><F113/><W98/><G71/><T72/><D69/><U15/><E73/><V129/><F123/><W77/><G134/><T68/><D68/><U89/><E119/><V41/><F66/><W121/><G121/><T74/><D114/><U125/><E6/><V70/><F70/><W30/><G77/><T57/><D4/><U34/><E15/><V56/><F56/><W20/><G3/><T117/><D117/><U96/><E34/><V23/><F7/><W27/><G11/><T52/><D133/><U135/><E135/><V51/><F33/><W5/><G5/><T35/><D100/><U12/><E12/><V43/><F51/><W63/><G63/><T104/><D104/><U67/><E67/><V91/><F129/><N who="1" m="49161" /><E89/><V132/><F132/><W47/><G102/><T53/><D72/><U86/><E86/><N who="0" m="32809" /><D74/><U116/><E116/><V120/><F120/><W29/><REACH who="3" step="1"/><G44/><REACH who="3" ten="251,289,230,220" step="2"/><T45/><D45/><U128/><E128/><V24/><F126/><W19/><AGARI ba="0,1" hai="19,20,27,29,30,31,47,50,54,92,98,101,105,106" machi="19" ten="30,7900,0" yaku="1,1,2,1,0,1,52,1,53,0" doraHai="21" doraHaiUra="62" who="3" fromWho="3" sc="251,-20,289,-20,230,-39,220,89" /><INIT seed="3,0,0,5,1,82" ten="231,269,191,309" oya="3" hai0="83,62,78,15,119,22,59,14,133,122,0,55,10" hai1="26,74,87,53,19,84,8,118,113,48,20,36,116" hai2="111,25,107,4,35,71,40,70,77,123,49,3,76" hai3="99,124,81,96,60,103,18,42,52,50,128,30,68"/><W101/><G124/><T21/><D122/><U69/><E113/><V120/><F107/><W86/><G128/><T112/><D119/><N who="1" m="45611" /><E74/><V43/><F3/><W102/><G30/><T104/><D104/><U2/><E36/><V125/><F4/><W61/><G18/><T130/><D130/><U129/><E69/><N who="2" m="26123" /><F49/><W121/><G121/><N who="2" m="46665" /><F125/><W11/><G11/><T63/><D21/><U44/><E129/><V89/><F25/><W51/><G51/><T90/><D90/><U79/><E79/><N who="2" m="30283" /><F35/><W57/><G68/><T85/><D0/><U94/><E94/><V29/><F29/><W5/><G5/><AGARI ba="0,0" hai="2,5,8,19,20,26,44,48,53,84,87" m="45611" machi="5" ten="30,3900,0" yaku="12,1,52,2" doraHai="82" who="1" fromWho="3" sc="231,0,269,39,191,0,309,-39" owari="231,-16.9,308,40.8,191,-30.9,270,7.0" /></mjloggm>