<mjloggm ver="2.3"><GO type="225" lobby="0"/><UN n0="%33%74%72%65%65" n1="%E4%BF%BA%E3%81%A8%E5%A6%96%E5%A4%A2" n2="%47%32%E9%BE%8D%E9%96%80" n3="%E3%83%B4%E3%83%A0%EF%BC%99%E3%81%A6" dan="17,17,16,16" rate="2234.81,2200.34,2127.56,2164.98" sx="F,F,M,M"/><TAIKYOKU oya="0"/><INIT seed="0,0,0,4,4,9" ten="250,250,250,250" oya="0" hai0="73,123,37,24,7,93,88,12,71,77,127,49,75" hai1="83,14,103,10,126,131,43,28,115,91,55,3,96" hai2="53,26,46,57,128,87,50,86,67,13,114,4,109" hai3="6,133,27,64,72,92,82,65,118,59,116,29,78"/><T130/><D123/><U70/><E126/><V36/><F114/><W81/><G133/><T98/><D37/><U100/><E115/><V132/><F132/><W119/><G6/><T25/><D127/><U62/><E131/><V108/><F128/><W129/><G129/><T0/><D130/><U32/><E3/><V61/><F26/><W18/><G18/><T85/><D71/><U51/><E28/><V31/><F31/><W47/><G47/><T16/><D0/><U79/><E32/><V94/><F36/><W90/><G81/><N who="0" m="47279" /><D75/><U76/><E43/><V110/><REACH who="2" step="1"/><F94/><REACH who="2" ten="250,250,240,250" step="2"/><W33/><G116/><T21/><D73/><U124/><E124/><V101/><F101/><W122/><G118/><T117/><D117/><U45/><E103/><V134/><F134/><W74/><G74/><T44/><D7/><U11/><E100/><V135/><F135/><W121/><G119/><T84/><D98/><U39/><E39/><V20/><F20/><W99/><G121/><T38/><D38/><U105/><E96/><V19/><F19/><W107/><G122/><T69/><D69/><U15/><E70/><V125/><F125/><W17/><G17/><T112/><D112/><U80/><E105/><V89/><F89/><W48/><G107/><T56/><D56/><N who="1" m="35103" /><E91/><V63/><F63/><W35/><G35/><T111/><D111/><U1/><E76/><V22/><F22/><W60/><G60/><T2/><D2/><U23/><E1/><V102/><F102/><W40/><G59/><T95/><D95/><U104/><E104/><V8/><AGARI ba="0,1" hai="4,8,13,46,50,53,57,61,67,86,87,108,109,110" machi="8" ten="40,8000,1" yaku="1,1,0,1,14,1,52,1,53,0" doraHai="9" doraHaiUra="34" who="2" fromWho="2" sc="250,-40,250,-20,240,90,250,-20" /><INIT seed="1,0,0,4,5,113" ten="210,230,330,230" oya="1" hai0="75,51,86,120,122,37,85,60,61,102,47,57,1" hai1="44,74,0,68,101,49,40,58,33,62,65,11,84" hai2="114,25,23,109,30,104,2,22,81,100,115,96,89" hai3="29,92,118,95,117,35,124,41,98,116,5,72,135"/><U108/><E74/><V94/><F2/><W6/><G124/><T93/><D75/><U130/><E33/><V42/><F109/><W80/><G135/><T26/><D1/><U73/><E73/><V105/><F42/><W131/><G131/><T99/><D37/><U10/><E130/><V59/><F59/><W66/><G41/><T77/><D77/><U82/><E108/><V71/><F71/><W112/><G112/><N who="2" m="43049" /><F22/><W90/><G66/><N who="0" m="39183" /><D61/><U15/><E101/><V55/><F55/><W13/><G13/><T78/><D78/><U67/><E0/><V125/><F125/><W129/><G129/><T103/><D103/><U70/><E65/><V111/><F111/><W79/><G92/><T36/><D36/><U128/><E10/><V106/><F81/><W52/><G52/><N who="0" m="29823" /><D26/><AGARI ba="0,0" hai="5,6,26,29,35,72,79,80,90,95,98,116,117,118" machi="26" ten="40,8000,1" yaku="12,1,52,3" doraHai="113" who="3" fromWho="0" sc="210,-80,230,0,330,0,230,80" /><INIT seed="2,0,0,0,0,38" ten="130,230,330,310" oya="2" hai0="87,128,40,31,114,76,21,9,4,129,30,89,108" hai1="67,88,93,39,123,94,115,20,132,17,74,84,71" hai2="81,60,126,12,118,100,23,95,25,121,59,19,64" hai3="116,53,125,131,2,24,57,96,69,14,61,117,119"/><V27/><F118/><W80/><G2/><T26/><D76/><U34/><E115/><V15/><F126/><W29/><G125/><T44/><D114/><U105/><E34/><V109/><F121/><W28/><G131/><T32/><D108/><U110/><E105/><V0/><F0/><W62/><G80/><T85/><D31/><U91/><E110/><V35/><F109/><W46/><G14/><T51/><D32/><U55/><E74/><V86/><F35/><W101/><G46/><T45/><D85/><U102/><E102/><V41/><F12/><W77/><G77/><T98/><D98/><U104/><E104/><V97/><REACH who="2" step="1"/><F41/><REACH who="2" ten="130,230,320,310" step="2"/><W112/><G112/><T127/><D127/><U63/><E123/><V82/><F82/><W37/><G117/><T6/><D128/><U68/><E132/><V52/><F52/><W36/><G53/><T7/><D129/><U50/><E67/><V54/><F54/><W120/><G116/><T66/><D66/><U99/><E63/><V58/><F58/><W5/><G62/><T18/><D45/><U135/><E135/><V48/><F48/><W11/><G57/><T134/><D134/><U73/><E39/><V10/><F10/><W56/><G37/><T13/><REACH who="0" step="1"/><D4/><REACH who="0" ten="120,230,320,310" step="2"/><U90/><E68/><V43/><F43/><W72/><G69/><T47/><D47/><N who="1" m="28127" /><E71/><V1/><F1/><W16/><G5/><T130/><D130/><U33/><E33/><V22/><F22/><W78/><G119/><T133/><D133/><U83/><E20/><V113/><F113/><W92/><G120/><T8/><D8/><RYUUKYOKU ba="0,2" sc="120,15,230,-15,320,15,310,-15" hai0="6,7,9,13,18,21,26,30,40,44,51,87,89" hai2="15,19,23,25,27,59,60,64,81,86,95,97,100" /><INIT seed="2,1,2,4,3,75" ten="135,215,335,295" oya="2" hai0="18,86,99,58,45,47,119,79,92,60,84,10,132" hai1="49,72,126,87,37,38,65,133,78,105,8,94,44" hai2="89,131,17,26,9,53,57,73,55,54,80,104,51" hai3="35,108,113,56,115,114,62,12,101,74,76,117,100"/><V110/><F104/><W24/><G117/><T64/><D132/><U122/><E105/><V98/><F131/><W88/><G108/><T4/><D119/><U39/><E133/><V129/><F129/><W134/><G134/><T7/><D18/><U120/><E126/><V40/><F110/><W125/><G125/><T28/><D28/><U52/><E72/><V42/><F73/><W41/><G41/><N who="2" m="15977" /><F80/><N who="3" m="45079" /><G88/><N who="0" m="55687" /><D10/><U97/><E65/><V90/><F98/><W33/><G12/><T13/><D13/><U69/><E8/><V59/><F54/><N who="3" m="34071" /><G24/><T48/><D86/><U31/><E69/><V50/><F9/><W95/><G95/><T81/><D48/><U96/><E31/><V111/><F111/><W22/><G22/><AGARI ba="1,2" hai="17,22,26,50,51,53,55,57,59,89,90" m="15977" machi="22" ten="30,1500,0" yaku="8,1" doraHai="75" who="2" fromWho="3" sc="135,0,215,0,335,38,295,-18" /><INIT seed="2,2,0,3,1,5" ten="135,215,373,277" oya="2" hai0="56,74,20,119,91,49,26,77,88,62,32,27,53" hai1="117,2,0,95,73,1,93,116,101,80,37,106,33" hai2="85,19,36,15,132,41,118,107,79,12,54,104,45" hai3="126,94,3,121,55,61,51,110,97,4,31,69,71"/><V39/><F118/><W130/><G121/><T120/><D120/><U89/><E33/><V129/><F129/><W111/><G130/><T13/><D119/><U57/><E37/><V82/><F132/><W11/><G126/><T83/><D32/><U115/><E115/><V127/><F127/><W35/><G31/><T135/><D135/><U66/><E116/><V52/><F36/><W6/><G6/><T134/><D134/><U25/><E25/><V24/><F24/><W124/><G35/><T112/><D112/><U46/><E46/><V133/><F133/><W21/><G21/><T8/><D62/><U75/><E95/><V44/><F12/><W102/><G61/><T65/><D65/><U86/><E117/><V105/><REACH who="2" step="1"/><F44/><REACH who="2" ten="135,215,363,277" step="2"/><N who="3" m="28135" /><G124/><T72/><D27/><U17/><E0/><V67/><F67/><W18/><G18/><T23/><D26/><U76/><E17/><V123/><F123/><W34/><G34/><T114/><D114/><U68/><E1/><V59/><F59/><W64/><G64/><T58/><D58/><U43/><E2/><V92/><F92/><W48/><G71/><T22/><REACH who="0" step="1"/><D74/><REACH who="0" ten="125,215,363,277" step="2"/><U50/><E73/><V99/><F99/><W131/><G131/><T38/><D38/><U14/><E68/><V90/><F90/><W29/><G69/><T40/><D40/><U122/><E122/><V113/><F113/><W9/><G97/><T108/><D108/><U98/><E66/><V63/><F63/><W84/><G110/><T109/><D109/><U47/><E57/><V81/><F81/><W60/><G111/><T16/><AGARI ba="2,2" hai="8,13,16,20,22,23,49,53,56,72,77,83,88,91" machi="16" ten="30,12000,2" yaku="1,1,5,1,0,1,52,1,54,2,53,0" doraHai="5" doraHaiUra="128" who="0" fromWho="0" sc="125,146,215,-32,363,-62,277,-32" /><INIT seed="3,0,0,5,0,32" ten="271,183,301,245" oya="3" hai0="16,44,118,46,8,123,69,57,14,55,106,97,115" hai1="41,86,4,130,132,102,33,51,83,129,109,56,125" hai2="85,29,133,93,1,17,0,96,11,105,75,116,65" hai3="25,27,28,131,73,127,68,135,10,84,67,120,18"/><W100/><G73/><T22/><D118/><U77/><E33/><V54/><F75/><W70/><G120/><T49/><D123/><U90/><E109/><V31/><F116/><W87/><G127/><T30/><D69/><U45/><E125/><V72/><F72/><W119/><G119/><T134/><D134/><U47/><E132/><V108/><F133/><W6/><G135/><T94/><D106/><U24/><E24/><V71/><F105/><W122/><G131/><N who="1" m="50186" /><E102/><V35/><F85/><W39/><G39/><T107/><D107/><U21/><E21/><V81/><F81/><W95/><G100/><T19/><D30/><U42/><E56/><V23/><F35/><W98/><G68/><T52/><D55/><U63/><E63/><V80/><F54/><W20/><G122/><T53/><D53/><U36/><E4/><V101/><F108/><W104/><G104/><T34/><D34/><U76/><AGARI ba="0,0" hai="36,41,42,45,47,51,76,77,83,86,90" m="50186" machi="76" ten="30,1100,0" yaku="19,1" doraHai="32" who="1" fromWho="1" sc="271,-3,183,11,301,-3,245,-5" /><INIT seed="4,0,0,3,5,35" ten="268,194,298,240" oya="0" hai0="94,69,37,28,104,17,4,70,42,68,50,110,115" hai1="13,128,10,73,125,134,16,9,31,36,60,124,89" hai2="87,61,111,82,133,132,78,65,5,22,24,53,92" hai3="88,97,32,74,95,18,3,106,55,123,44,62,116"/><T93/><D104/><U66/><E73/><V121/><F111/><W30/><G74/><T14/><D115/><U118/><E118/><V114/><F121/><W83/><G116/><T67/><D110/><U23/><E36/><V21/><F114/><W40/><G123/><T15/><D28/><U86/><E128/><V48/><F5/><W25/><G106/><T96/><D50/><U126/><E31/><V113/><F92/><W77/><G3/><T90/><D4/><U103/><E103/><V105/><F105/><W26/><G26/><T107/><D107/><U85/><E134/><N who="2" m="51819" /><F24/><W80/><G18/><T45/><D93/><U71/><REACH who="1" step="1"/><E85/><REACH who="1" ten="268,184,298,240" step="2"/><V129/><F129/><W64/><G30/><T47/><D37/><U6/><E6/><V56/><F113/><W131/><G131/><T29/><D29/><U0/><E0/><V101/><F101/><W58/><G97/><T11/><D96/><U75/><E75/><V52/><F65/><W127/><G64/><T20/><D67/><U108/><E108/><V122/><F122/><W112/><G112/><T100/><D100/><U1/><E1/><V98/><F98/><W19/><G32/><T76/><D17/><U54/><E54/><V99/><F99/><W34/><G34/><T39/><D39/><U57/><E57/><AGARI ba="0,1" hai="21,22,48,52,53,56,57,61,78,82,87" m="51819" machi="57" ten="30,2000,0" yaku="20,1,54,1" doraHai="35" who="2" fromWho="1" sc="268,0,184,-20,298,30,240,0" owari="268,6.8,164,-33.6,328,42.8,240,-16.0" /></mjloggm>