<mjloggm ver="2.3"><GO type="225" lobby="0"/><UN n0="%4B%2E%32%2E%4B%2E" n1="%72%69%6F%75%63%68%61%6E" n2="%E3%83%81%E3%83%AF%E3%83%AF%E9%9A%8A%E9%95%B7" n3="%EF%BC%B3%E3%81%9E%E3%81%88%E2%98%86" dan="16,16,16,16" rate="2107.26,2215.32,2113.09,2088.92" sx="M,M,M,M"/><TAIKYOKU oya="0"/><INIT seed="0,0,0,2,2,125" ten="250,250,250,250" oya="0" hai0="109,30,12,75,116,118,40,14,18,102,71,87,55" hai1="97,49,39,113,51,95,4,84,90,130,104,43,112" hai2="46,57,78,22,48,66,99,107,15,6,25,133,19" hai3="103,93,2,119,23,29,69,1,54,5,88,8,64"/><T27/><D75/><U45/><E130/><V10/><F133/><W83/><G119/><T108/><D71/><U11/><E104/><V31/><F78/><W53/><G2/><T101/><D40/><U38/><E97/><V80/><F80/><W33/><G33/><T120/><D55/><U105/><E105/><V124/><F124/><W129/><G129/><T126/><D87/><U100/><E100/><V122/><F122/><W114/><G114/><N who="1" m="44138" /><E49/><V34/><F107/><W28/><G103/><N who="0" m="39435" /><D126/><U82/><E82/><V115/><F115/><W111/><G111/><N who="0" m="42571" /><D120/><U13/><AGARI ba="0,0" hai="4,11,13,38,39,43,45,51,84,90,95" m="44138" machi="13" ten="30,1100,0" yaku="11,1" doraHai="125" who="1" fromWho="1" sc="250,-5,250,11,250,-3,250,-3" /><INIT seed="1,0,0,2,2,27" ten="245,261,247,247" oya="1" hai0="126,11,25,88,109,60,84,115,37,83,15,99,101" hai1="119,57,120,4,76,116,81,130,82,20,95,44,131" hai2="103,100,108,17,49,74,31,56,42,33,35,34,18" hai3="133,14,85,24,10,70,89,104,53,135,102,105,86"/><U98/><E4/><V72/><F108/><W80/><G70/><T68/><D115/><U97/><E44/><V64/><F31/><W77/><G53/><T112/><D112/><U40/><E40/><V110/><F110/><W2/><G2/><T50/><D109/><U107/><E57/><V54/><F42/><W66/><G66/><T71/><D37/><U87/><E20/><V129/><F64/><W46/><G46/><T7/><D126/><U8/><E8/><V94/><F129/><N who="1" m="49161" /><E120/><V21/><F17/><W22/><G14/><T28/><D50/><U43/><E43/><V45/><F45/><W90/><G10/><T61/><D71/><U62/><E62/><V48/><F48/><W39/><G39/><T121/><D68/><U63/><E63/><V113/><F113/><W52/><G52/><T75/><D75/><N who="1" m="43167" /><E107/><V23/><F23/><W125/><G125/><T114/><D114/><U78/><E97/><V118/><F49/><W47/><G47/><T32/><D121/><U36/><E36/><V123/><F56/><W73/><G22/><T12/><D15/><U124/><E124/><V13/><F13/><W106/><G24/><T19/><D7/><U55/><E55/><V9/><F54/><W6/><G6/><T128/><D128/><U38/><E38/><V93/><F9/><W92/><G102/><AGARI ba="0,0" hai="78,82,87,95,98,102,116,119" m="43167,49161" machi="102" ten="30,5800,0" yaku="19,1,34,2" doraHai="27" who="1" fromWho="3" sc="245,0,261,58,247,0,247,-58" /><INIT seed="1,1,0,4,2,24" ten="245,319,247,189" oya="1" hai0="55,32,121,47,99,12,60,37,96,54,34,97,82" hai1="77,91,122,28,127,51,43,119,101,33,40,6,52" hai2="35,64,131,57,108,0,7,59,71,129,112,65,85" hai3="73,4,90,128,88,89,74,93,70,42,118,86,115"/><U125/><E119/><V38/><F38/><W104/><G118/><T45/><D121/><U126/><E122/><V130/><F112/><W63/><G115/><T124/><D124/><U30/><E77/><V25/><F108/><W41/><G104/><T80/><D37/><U31/><E33/><V39/><F39/><W109/><G109/><T98/><D98/><U68/><E68/><V36/><F36/><W49/><G128/><T132/><D132/><U94/><E101/><V13/><F0/><W22/><G4/><T84/><D12/><U110/><E6/><V15/><F71/><W79/><G22/><T19/><D19/><U103/><E103/><V83/><F57/><W81/><G74/><T92/><D92/><U1/><E1/><V46/><F46/><N who="0" m="17418" /><D60/><U134/><E134/><V87/><F87/><W72/><G49/><T107/><D84/><N who="1" m="52583" /><E110/><V76/><F7/><W29/><G73/><T75/><D107/><U123/><E123/><V135/><F135/><W66/><REACH who="3" step="1"/><G29/><REACH who="3" ten="245,319,247,179" step="2"/><N who="1" m="7426" /><U102/><DORA hai="95" /><E102/><V27/><F129/><W26/><G26/><T56/><D75/><U18/><E18/><V8/><F131/><W16/><G16/><T120/><D120/><U20/><E20/><V2/><F130/><W58/><G58/><AGARI ba="1,1" hai="40,43,51,52,58,125,126,127" m="7426,52583" machi="58" ten="40,18000,2" yaku="18,1,52,4,54,1" doraHai="24,95" who="1" fromWho="3" sc="245,0,319,193,247,0,179,-183" owari="245,-15.5,512,61.2,247,4.7,-4,-50.4" /></mjloggm>