<mjloggm ver="2.3"><GO type="225" lobby="0"/><UN n0="%73%61%6B%6F%EF%BC%A0%E6%9C%80" n1="%48%61%61%61%6C%61%6E%64" n2="%E6%98%93%E5%88%A9%E8%96%A9%E4%BC%AF" n3="%E7%9C%9F%E4%B8%80" dan="16,17,16,17" rate="2174.68,2227.96,2127.26,2235.25" sx="M,M,F,M"/><TAIKYOKU oya="0"/><INIT seed="0,0,0,3,3,63" ten="250,250,250,250" oya="0" hai0="26,117,92,122,78,68,86,6,10,128,54,76,107" hai1="19,55,69,18,77,42,56,118,25,15,43,115,101" hai2="126,100,74,33,93,30,53,70,24,31,114,99,0" hai3="102,57,83,71,94,50,75,39,48,47,134,104,27"/><T113/><D122/><U132/><E118/><V36/><F114/><W29/><G71/><T60/><D117/><U61/><E115/><V116/><F126/><W73/><G104/><T17/><D113/><U20/><E132/><V16/><F36/><W82/><G134/><T3/><D128/><U11/><E69/><V109/><F74/><W5/><G5/><T59/><D107/><U9/><E101/><V49/><F0/><W52/><G39/><T41/><D41/><U108/><E108/><V120/><F120/><W7/><G7/><T14/><D26/><U105/><E105/><V38/><F38/><W85/><G102/><T106/><D106/><U72/><REACH who="1" step="1"/><E9/><REACH who="1" ten="250,240,250,250" step="2"/><V130/><F70/><W23/><G75/><T87/><D68/><U80/><AGARI ba="0,1" hai="11,15,18,19,20,25,42,43,55,56,61,72,77,80" machi="80" ten="30,4000,0" yaku="1,1,2,1,0,1,53,0" doraHai="63" doraHaiUra="62" who="1" fromWho="1" sc="250,-20,240,50,250,-10,250,-10" /><INIT seed="1,0,0,2,4,60" ten="230,290,240,240" oya="1" hai0="42,65,77,109,66,57,92,76,69,78,9,18,120" hai1="25,2,105,62,21,98,14,0,129,63,84,93,114" hai2="99,40,20,39,59,74,101,17,110,130,115,119,28" hai3="16,13,47,108,121,45,122,67,46,135,31,106,81"/><U41/><E129/><V73/><F119/><W134/><G106/><T10/><D109/><U68/><E114/><V55/><F110/><W80/><G108/><T128/><D69/><U118/><E118/><V58/><F28/><W26/><G67/><N who="0" m="25611" /><D128/><U4/><E41/><V11/><F115/><W104/><G104/><T132/><D132/><N who="3" m="50729" /><G122/><T12/><D120/><U124/><E124/><V27/><F59/><W35/><G121/><T8/><D57/><U38/><E38/><V111/><F111/><W29/><G29/><T44/><D92/><U89/><E0/><V64/><F64/><W24/><G24/><T72/><D72/><U52/><E2/><V91/><F130/><W97/><G97/><T32/><D32/><U112/><E112/><V127/><F127/><W123/><G123/><T51/><AGARI ba="0,0" hai="8,9,10,12,18,42,44,51,76,77,78" m="25611" machi="51" ten="30,7900,0" yaku="8,1,52,3" doraHai="60" who="0" fromWho="0" sc="230,79,290,-39,240,-20,240,-20" /><INIT seed="2,0,0,3,5,94" ten="309,251,220,220" oya="2" hai0="16,32,7,5,23,102,9,103,21,83,95,36,81" hai1="119,44,107,88,68,123,67,75,13,45,52,11,125" hai2="33,110,129,30,43,124,25,59,127,91,20,76,114" hai3="84,132,3,18,89,57,66,47,77,50,98,70,92"/><V1/><F114/><W80/><G132/><T35/><D95/><U42/><E119/><V41/><F76/><W48/><G3/><T40/><D9/><U101/><E125/><N who="2" m="48203" /><F1/><W104/><G70/><T2/><D2/><U6/><E75/><V0/><F0/><W79/><G104/><T62/><D62/><U120/><E67/><V108/><F129/><W12/><G77/><T64/><D40/><N who="2" m="15434" /><F91/><W71/><G71/><T49/><D49/><N who="1" m="28711" /><E68/><V4/><F4/><W96/><G47/><T10/><D10/><U87/><E45/><V82/><F82/><W78/><G79/><T34/><D34/><U74/><E42/><V100/><F59/><W128/><G128/><T38/><D64/><U134/><E134/><V130/><F130/><W29/><G66/><T51/><D51/><U122/><E74/><V117/><F117/><W118/><G118/><T31/><D31/><U14/><E88/><V8/><F8/><N who="3" m="6407" /><G29/><T56/><D56/><U106/><E6/><V46/><F46/><W85/><G48/><T27/><D16/><U26/><E11/><V19/><F100/><W37/><G37/><T39/><D38/><U86/><E101/><V99/><F99/><N who="3" m="37931" /><G57/><T22/><D32/><U112/><E123/><V116/><F116/><W17/><G50/><T109/><D35/><U115/><E122/><V61/><F61/><W54/><G17/><T105/><D39/><U53/><E120/><V97/><F97/><W126/><G126/><T24/><D36/><U55/><E106/><V113/><F113/><W133/><G133/><T28/><D105/><U58/><E107/><RYUUKYOKU ba="0,0" sc="309,-15,251,-15,220,15,220,15" hai2="19,20,25,30,33,108,110" hai3="54,78,80,84,85,89,92" /><INIT seed="2,1,0,5,3,74" ten="294,236,235,235" oya="2" hai0="133,53,26,77,98,114,32,46,49,39,93,37,131" hai1="9,1,89,68,105,4,47,45,112,44,127,12,29" hai2="40,103,21,52,3,70,84,27,60,43,15,22,67" hai3="35,81,11,38,91,50,2,130,109,34,17,55,117"/><V54/><F3/><W122/><G117/><T10/><D114/><U113/><E127/><V107/><F15/><W110/><G122/><T23/><D32/><U121/><E121/><V42/><F21/><W119/><G38/><T124/><D124/><U115/><E68/><V76/><F107/><W116/><G130/><T132/><D77/><U8/><E105/><V48/><F103/><W59/><G35/><T33/><D33/><U72/><E72/><V51/><F48/><W99/><G34/><T86/><D10/><U100/><E100/><V96/><F96/><W129/><G129/><T80/><D131/><U16/><E29/><V19/><REACH who="2" step="1"/><F51/><REACH who="2" ten="294,236,225,235" step="2"/><W63/><G50/><T18/><D39/><U118/><E118/><V126/><F126/><W92/><G119/><T111/><D37/><U66/><E113/><V14/><F14/><N who="3" m="7391" /><G116/><T56/><D132/><U97/><E112/><V78/><F78/><W36/><G2/><T87/><D133/><U25/><E115/><V108/><F108/><N who="3" m="41579" /><G36/><T24/><D111/><U20/><E1/><V95/><F95/><W128/><G128/><T64/><D93/><N who="1" m="56495" /><E9/><V69/><F69/><W125/><G125/><T57/><D98/><U31/><E4/><V123/><F123/><W62/><G63/><T71/><D71/><U65/><AGARI ba="1,1" hai="8,12,16,20,25,31,44,45,47,65,66" m="56495" machi="65" ten="30,2000,0" yaku="8,1,54,1" doraHai="74" who="1" fromWho="1" sc="294,-6,236,33,225,-11,235,-6" /><INIT seed="3,0,0,4,1,50" ten="288,269,214,229" oya="3" hai0="84,95,20,97,28,3,23,10,25,33,63,71,58" hai1="26,60,47,19,8,81,96,119,75,104,92,56,114" hai2="13,78,21,111,48,40,15,93,65,73,66,43,88" hai3="102,77,9,39,87,24,57,80,53,107,126,125,123"/><W100/><G39/><T109/><D71/><U79/><E114/><V52/><F111/><W68/><G68/><T124/><D124/><N who="3" m="47721" /><G123/><T129/><D109/><U32/><E119/><V85/><F73/><W7/><G24/><T117/><D129/><U70/><E47/><N who="2" m="27679" /><F78/><W69/><G69/><T1/><D117/><U94/><E70/><V130/><F130/><W89/><G107/><T29/><D84/><U105/><E94/><V34/><F34/><W128/><G77/><T12/><D28/><U22/><E8/><V14/><F21/><W113/><G113/><T54/><D23/><U0/><E0/><V91/><F91/><W76/><G76/><T133/><D33/><U108/><E32/><V46/><F46/><W11/><G128/><T35/><D35/><U6/><E108/><V131/><F131/><W112/><G112/><T16/><D133/><U99/><E105/><V103/><F103/><AGARI ba="0,0" hai="1,3,10,12,16,20,25,29,54,58,63,95,97,103" machi="103" ten="30,3900,0" yaku="7,1,52,1,54,1" doraHai="50" who="0" fromWho="2" sc="288,39,269,0,214,-39,229,0" owari="327,42.7,269,6.9,175,-32.5,229,-17.1" /></mjloggm>