<mjloggm ver="2.3"><GO type="225" lobby="0"/><UN n0="%43%68%65" n1="%73%61%6B%6F%EF%BC%A0%E6%9C%80" n2="%E3%81%86%E3%81%A3%E3%81%97%E3%83%BC%30%30" n3="%E3%81%86%E3%82%8C%E3%81%9F%E3%82%93%E6%9E%95" dan="16,16,16,16" rate="2132.79,2149.01,2093.75,2152.19" sx="M,M,M,F"/><TAIKYOKU oya="0"/><INIT seed="0,0,0,3,3,18" ten="250,250,250,250" oya="0" hai0="8,20,30,77,99,31,47,134,93,16,48,60,5" hai1="110,80,37,34,49,57,38,64,128,7,86,135,92" hai2="19,56,76,52,44,130,78,132,42,61,66,58,32" hai3="87,111,96,45,23,89,125,106,119,9,71,11,113"/><T100/><D134/><U95/><E34/><V24/><F132/><W28/><G113/><T29/><D77/><U62/><E135/><V105/><F105/><W94/><G119/><T6/><D60/><U68/><E110/><V75/><F130/><W127/><G71/><T116/><D8/><U122/><E122/><V4/><F4/><W121/><G121/><T13/><D116/><U88/><E128/><V53/><F75/><W112/><G112/><T133/><REACH who="0" step="1"/><D133/><REACH who="0" ten="240,250,250,250" step="2"/><U41/><E7/><V33/><F76/><W115/><G9/><T73/><D73/><U35/><E35/><V108/><F78/><W98/><G11/><T26/><D26/><U10/><E10/><V54/><F24/><N who="3" m="16415" /><G115/><T131/><D131/><U36/><E68/><V17/><F61/><W104/><G111/><T103/><D103/><U69/><E69/><V50/><F108/><W25/><G25/><T90/><D90/><U91/><E91/><V21/><F32/><W126/><G45/><T67/><D67/><U79/><REACH who="1" step="1"/><E79/><REACH who="1" ten="240,240,250,250" step="2"/><V12/><F33/><W55/><G126/><T15/><D15/><U82/><E82/><V107/><F66/><W97/><G127/><T63/><D63/><U70/><E70/><V84/><F44/><AGARI ba="0,2" hai="36,37,38,41,44,49,57,62,64,80,86,88,92,95" machi="44" ten="40,2600,0" yaku="1,1,54,1,53,0" doraHai="18" doraHaiUra="129" who="1" fromWho="2" sc="240,0,240,46,250,-26,250,0" /><INIT seed="1,0,0,5,3,17" ten="240,286,224,250" oya="1" hai0="116,98,31,75,84,99,79,44,58,23,16,45,18" hai1="102,77,50,90,63,66,33,64,86,81,132,9,95" hai2="83,26,103,125,108,51,3,8,124,21,19,91,61" hai3="46,53,6,34,36,22,57,87,15,47,107,62,93"/><U71/><E132/><V49/><F103/><W100/><G34/><T73/><D116/><U41/><E33/><V42/><F61/><W111/><G111/><T118/><D118/><U38/><E38/><V2/><F108/><W40/><G107/><T69/><D69/><U29/><E66/><V78/><F91/><W85/><G47/><N who="0" m="17995" /><D75/><U13/><E29/><V0/><F8/><W89/><G100/><T133/><D73/><U35/><E35/><V25/><F25/><W94/><G6/><T28/><D58/><U7/><E50/><V56/><F42/><W68/><G68/><T30/><D18/><U48/><E48/><V4/><F4/><W82/><REACH who="3" step="1"/><G87/><REACH who="3" ten="240,286,224,240" step="2"/><T96/><D133/><U112/><E41/><V117/><F117/><W60/><G60/><T1/><D1/><U114/><E102/><V134/><F134/><W119/><G119/><T122/><D122/><U115/><E114/><V130/><F56/><W80/><G80/><N who="0" m="47135" /><D99/><AGARI ba="0,1" hai="7,9,13,63,64,71,77,81,86,90,95,99,112,115" machi="99" ten="30,1500,0" yaku="7,1" doraHai="17" who="1" fromWho="0" sc="240,-15,286,25,224,0,240,0" /><INIT seed="1,1,0,2,2,78" ten="225,311,224,240" oya="1" hai0="110,94,84,43,44,0,51,53,91,134,115,24,10" hai1="118,101,61,97,75,69,93,8,33,15,6,105,89" hai2="79,128,96,55,70,34,1,71,36,57,46,130,80" hai3="76,111,28,40,29,124,109,103,132,49,88,77,86"/><U90/><E118/><V99/><F34/><W31/><G132/><T85/><D115/><U12/><E12/><V106/><F1/><W95/><G124/><T4/><D134/><U37/><E37/><V2/><F2/><W21/><G103/><T20/><D110/><N who="3" m="41993" /><G21/><T87/><REACH who="0" step="1"/><D43/><REACH who="0" ten="215,311,224,240" step="2"/><U7/><E75/><V25/><BYE who="1" /><F128/><W66/><G66/><T65/><D65/><UN n1="%73%61%6B%6F%EF%BC%A0%E6%9C%80" /><U74/><E74/><V113/><F130/><W38/><G38/><T117/><D117/><U112/><E112/><V121/><F113/><W81/><G40/><T64/><D64/><U59/><E69/><V131/><F71/><W100/><G49/><T58/><D58/><U135/><E135/><V19/><F57/><W45/><G45/><T116/><D116/><U16/><E59/><V23/><F46/><W54/><G54/><T73/><D73/><U120/><E120/><V27/><F70/><W68/><G68/><T72/><D72/><U17/><E61/><V5/><F121/><W125/><G125/><T11/><D11/><U133/><E133/><V35/><F36/><W119/><G119/><T83/><D83/><U18/><E8/><V26/><F55/><W39/><G39/><T107/><D107/><U48/><E105/><V30/><F131/><W123/><G123/><T92/><D92/><U67/><E93/><V32/><F106/><W102/><G95/><T98/><D98/><U114/><E97/><V52/><F52/><W126/><G126/><T127/><D127/><U122/><E114/><V56/><F96/><W50/><G50/><T63/><D63/><U3/><E122/><RYUUKYOKU ba="1,1" sc="215,15,311,-15,224,-15,240,15" hai0="0,4,10,20,24,44,51,53,84,85,87,91,94" hai3="28,29,31,76,77,81,86,88,100,102" /><INIT seed="2,2,1,3,0,5" ten="230,296,209,255" oya="2" hai0="48,31,39,86,120,23,110,10,87,102,118,6,29" hai1="1,51,45,135,64,14,104,116,74,12,30,93,130" hai2="32,62,26,3,101,122,88,9,97,40,95,96,15" hai3="54,58,37,134,99,55,50,114,128,7,46,25,77"/><V82/><F122/><W79/><G128/><T129/><D120/><U16/><E116/><V38/><F3/><W42/><G134/><T68/><D39/><U73/><E104/><V4/><F38/><W113/><G7/><T56/><D68/><U119/><E119/><V107/><F40/><W22/><G99/><T69/><D69/><U11/><E1/><V81/><REACH who="2" step="1"/><F62/><REACH who="2" ten="230,296,199,255" step="2"/><W41/><G42/><T70/><D118/><U17/><E135/><V2/><F2/><W75/><G114/><T127/><D129/><U76/><E130/><V78/><F78/><W92/><G113/><T115/><D115/><U100/><E76/><V36/><F36/><W18/><G37/><T27/><D127/><U84/><E74/><V126/><F126/><W61/><G41/><T43/><D43/><U53/><E73/><V98/><F98/><W0/><G0/><T125/><D125/><U47/><E84/><V20/><F20/><W83/><G79/><T117/><D117/><U133/><E133/><V35/><F35/><W63/><G61/><T8/><D87/><U121/><E121/><V123/><F123/><W80/><G77/><T34/><D86/><U105/><E51/><V111/><F111/><W65/><G75/><T66/><D110/><U21/><E21/><V85/><F85/><W90/><G54/><N who="0" m="31815" /><D102/><U33/><E53/><V59/><F59/><W94/><REACH who="3" step="1"/><G90/><REACH who="3" ten="230,296,199,245" step="2"/><T24/><D66/><U112/><E64/><V131/><F131/><W108/><G108/><T103/><D103/><U49/><E100/><V28/><AGARI ba="2,3" hai="4,9,15,26,28,32,81,82,88,95,96,97,101,107" machi="28" ten="30,12000,1" yaku="1,1,0,1,52,1,54,1,53,1" doraHai="5" doraHaiUra="91" who="2" fromWho="2" sc="230,-42,296,-42,199,156,245,-42" /><INIT seed="2,3,0,1,3,35" ten="188,254,355,203" oya="2" hai0="112,101,83,109,51,37,8,87,90,125,108,91,81" hai1="7,14,94,58,131,134,113,92,20,4,116,68,54" hai2="55,95,122,3,63,114,16,93,60,127,126,11,29" hai3="86,62,9,56,104,21,97,74,78,25,124,102,24"/><V66/><F114/><W84/><G124/><T96/><D37/><U69/><E113/><V13/><F122/><W1/><G74/><T45/><D112/><U31/><E116/><V12/><F29/><W44/><G44/><T65/><D65/><U32/><E32/><V30/><F30/><W132/><G132/><T38/><D38/><U28/><E134/><V118/><F118/><W0/><G9/><T128/><D8/><U59/><E54/><V17/><F55/><W129/><G129/><T71/><D71/><U100/><E100/><V27/><F27/><W82/><G86/><T106/><D125/><U10/><E10/><V117/><F11/><W48/><G48/><T57/><D57/><U22/><REACH who="1" step="1"/><E14/><REACH who="1" ten="188,244,355,203" step="2"/><V79/><F117/><W133/><G133/><T111/><D128/><AGARI ba="3,1" hai="4,7,20,22,28,31,58,59,68,69,92,94,128,131" machi="128" ten="25,6400,0" yaku="1,1,2,1,22,2,53,0" doraHai="35" doraHaiUra="40" who="1" fromWho="0" sc="188,-73,244,83,355,0,203,0" /><INIT seed="3,0,0,2,1,62" ten="115,327,355,203" oya="3" hai0="65,7,15,50,105,99,14,69,133,103,114,57,128" hai1="97,124,121,108,37,44,45,119,134,87,39,73,8" hai2="100,59,120,29,38,60,51,125,46,9,75,49,6" hai3="35,2,79,1,26,83,102,27,63,81,109,68,23"/><W10/><G109/><T126/><D126/><U61/><E73/><V66/><F75/><W118/><G118/><T89/><D128/><U82/><E121/><V76/><F76/><W32/><G102/><T40/><D133/><U54/><E119/><V25/><F125/><W113/><G113/><T21/><D114/><U16/><E124/><V11/><F11/><W3/><G81/><T56/><D15/><N who="1" m="7271" /><E37/><V106/><F38/><W135/><G135/><T129/><D129/><U93/><E39/><V24/><F46/><W84/><G10/><T94/><D7/><U22/><E22/><V71/><F59/><W122/><G122/><T17/><D40/><U19/><E19/><V101/><F101/><W88/><G79/><T115/><D115/><U123/><E108/><V52/><F25/><W18/><REACH who="3" step="1"/><G27/><REACH who="3" ten="115,327,355,193" step="2"/><T92/><D105/><U13/><E134/><V95/><F24/><W104/><G104/><T98/><REACH who="0" step="1"/><D50/><REACH who="0" ten="105,327,355,193" step="2"/><U48/><E48/><V55/><F106/><W12/><G12/><T112/><D112/><U28/><E123/><V5/><F120/><W30/><G30/><T116/><D116/><U53/><E28/><V107/><F107/><W67/><AGARI ba="0,2" hai="1,2,3,18,23,26,32,35,63,67,68,83,84,88" machi="67" ten="40,12000,1" yaku="1,1,0,1,52,1,54,1,53,1" doraHai="62" doraHaiUra="77" who="3" fromWho="3" sc="105,-40,327,-40,355,-40,193,140" owari="65,-43.5,287,-11.3,315,11.5,333,43.3" /></mjloggm>