<mjloggm ver="2.3"><GO type="225" lobby="0"/><UN n0="%E3%81%AF%E3%82%88%E3%81%8A%E3%81%98%E3%81%95%E3%82%93" n1="%E7%B4%94%E6%BD%94%E3%83%94%E3%83%A9%E3%83%8B%E3%82%A2" n2="%6B%69%72%61%64%6F%6B%69" n3="%E4%BB%8A%E6%97%A5%E4%B8%80" dan="17,17,16,17" rate="2151.31,2232.09,2148.96,2236.77" sx="M,M,M,M"/><TAIKYOKU oya="0"/><INIT seed="0,0,0,0,1,12" ten="250,250,250,250" oya="0" hai0="27,13,55,26,37,115,5,131,125,36,82,25,70" hai1="16,107,135,121,83,47,97,129,7,67,59,127,29" hai2="92,69,15,30,132,124,22,103,62,106,98,123,101" hai3="126,122,56,28,77,60,53,48,11,76,6,79,58"/><T87/><D87/><U68/><BYE who="0" /><E121/><UN n0="%E3%81%AF%E3%82%88%E3%81%8A%E3%81%98%E3%81%95%E3%82%93" /><V31/><F123/><W113/><G122/><T4/><D82/><U45/><E127/><V84/><F124/><W90/><G126/><T17/><D125/><U112/><E112/><V88/><F132/><W44/><G113/><T94/><D115/><U102/><E68/><V8/><F101/><W20/><G90/><T64/><D94/><U72/><E135/><V104/><F104/><W54/><G28/><T89/><D89/><U119/><E7/><V99/><F99/><W117/><G117/><T63/><D131/><U105/><E29/><V85/><F85/><W118/><G118/><T3/><D3/><U50/><E129/><V24/><F31/><W35/><G35/><T19/><D55/><U100/><E119/><V23/><F62/><W57/><REACH who="3" step="1"/><G20/><REACH who="3" ten="250,250,250,240" step="2"/><T41/><D41/><U130/><E130/><V46/><F22/><W93/><G93/><T14/><D37/><U81/><E105/><V73/><F106/><W96/><G96/><T42/><D42/><U116/><E116/><V71/><F98/><W51/><G51/><T1/><D36/><U0/><E100/><V133/><F103/><W111/><G111/><T34/><D34/><U52/><E83/><V38/><F133/><W109/><G109/><T61/><D61/><U78/><E0/><AGARI ba="0,1" hai="0,6,11,44,48,53,54,56,57,58,60,76,77,79" machi="0" ten="40,2600,0" yaku="1,1,53,1" doraHai="12" doraHaiUra="2" who="3" fromWho="1" sc="250,0,250,-26,250,0,240,36" /><INIT seed="1,0,0,2,3,16" ten="250,224,250,276" oya="1" hai0="51,104,52,92,103,127,43,112,126,1,70,40,93" hai1="27,83,98,74,46,39,113,28,33,88,48,107,4" hai2="32,67,78,116,9,87,17,81,90,97,47,80,56" hai3="131,19,65,29,58,62,109,3,59,99,96,55,132"/><U0/><E113/><V35/><F116/><W63/><G109/><T95/><D112/><U26/><E26/><V20/><F97/><W7/><G132/><T108/><D70/><U82/><E39/><V106/><F106/><W84/><G29/><T6/><D108/><U117/><E117/><V10/><F47/><W114/><G131/><T75/><D75/><U38/><E38/><V69/><F69/><W73/><G73/><T36/><D36/><U79/><E4/><V100/><F100/><W110/><G110/><T2/><D104/><U130/><E0/><N who="0" m="105" /><D103/><U66/><E66/><V61/><F32/><W101/><G84/><T129/><D6/><U41/><E130/><V60/><F61/><W42/><G42/><T21/><D21/><U118/><E118/><V89/><F35/><W68/><G114/><T23/><D23/><U77/><E107/><V50/><F50/><W14/><G68/><T53/><D51/><U115/><E115/><V94/><F80/><W22/><REACH who="3" step="1"/><G101/><REACH who="3" ten="250,224,250,266" step="2"/><T133/><D129/><U120/><E120/><V15/><REACH who="2" step="1"/><F90/><REACH who="2" ten="250,224,240,266" step="2"/><W30/><G30/><T37/><D133/><U111/><E111/><V11/><F11/><AGARI ba="0,2" hai="3,7,11,14,19,22,55,58,59,62,63,65,96,99" machi="11" ten="40,2600,0" yaku="1,1,52,1,53,0" doraHai="16" doraHaiUra="72" who="3" fromWho="2" sc="250,0,224,0,240,-26,266,46" /><INIT seed="2,0,0,2,3,71" ten="250,224,214,312" oya="2" hai0="84,100,12,78,8,87,119,13,80,3,126,56,59" hai1="111,32,38,54,91,106,122,45,114,107,49,55,18" hai2="47,36,19,66,83,53,57,103,20,123,89,97,67" hai3="60,131,26,10,77,51,101,52,24,46,39,4,29"/><V85/><F123/><W134/><G131/><T105/><D3/><U76/><E114/><V128/><F128/><W9/><G134/><T21/><D126/><U132/><E111/><V65/><F47/><W86/><G39/><T99/><D119/><U75/><E32/><V5/><F5/><W88/><G77/><T16/><REACH who="0" step="1"/><D87/><REACH who="0" ten="240,224,214,312" step="2"/><U118/><E118/><V7/><F7/><AGARI ba="0,1" hai="7,8,12,13,16,21,56,59,78,80,84,99,100,105" machi="7" ten="30,7700,0" yaku="1,1,2,1,7,1,54,1,53,0" doraHai="71" doraHaiUra="110" who="0" fromWho="2" sc="240,87,224,0,214,-77,312,0" /><INIT seed="3,0,0,0,3,98" ten="327,224,137,312" oya="3" hai0="112,130,68,73,43,13,6,55,91,28,109,89,46" hai1="22,67,51,65,53,120,119,37,52,97,77,107,17" hai2="129,81,124,19,85,18,10,3,96,16,108,47,7" hai3="123,135,54,128,1,8,38,34,70,99,12,14,56"/><W27/><G123/><T45/><D73/><U82/><E37/><V101/><F108/><W74/><G70/><T80/><D68/><U24/><E119/><V9/><F129/><W2/><G74/><T71/><D71/><U58/><E120/><V79/><F47/><W133/><G38/><T0/><D0/><N who="3" m="105" /><G99/><T94/><D109/><U72/><E107/><V50/><F50/><W84/><G84/><N who="0" m="50311" /><D130/><U26/><E97/><V40/><F40/><W49/><G128/><T87/><D112/><U114/><E114/><V5/><F124/><W62/><G62/><T86/><D28/><U69/><E69/><V66/><F66/><W90/><G90/><N who="0" m="53591" /><D43/><U35/><E35/><V95/><F18/><W132/><G8/><N who="0" m="4247" /><D55/><U25/><E65/><V103/><F103/><W36/><G36/><T41/><D41/><U4/><E67/><V122/><F122/><W105/><G105/><T117/><D117/><U33/><E33/><V11/><REACH who="2" step="1"/><F11/><REACH who="2" ten="327,224,127,312" step="2"/><W21/><G133/><T100/><D100/><U48/><REACH who="1" step="1"/><E4/><REACH who="1" ten="327,214,127,312" step="2"/><V57/><F57/><AGARI ba="0,2" hai="17,22,24,25,26,48,51,52,53,57,58,72,77,82" machi="57" ten="30,8000,1" yaku="1,1,2,1,7,1,9,1,54,1,53,0" doraHai="98" doraHaiUra="39" who="1" fromWho="2" sc="327,0,214,100,127,-80,312,0" owari="327,42.7,314,11.4,47,-45.3,312,-8.8" /></mjloggm>