<mjloggm ver="2.3"><GO type="225" lobby="0"/><UN n0="%E9%9B%80%E6%A5%B5%E3%81%AE%E3%81%B8" n1="%2D%E8%B1%8A%E5%8F%A3%E3%82%81%E3%81%90%E3%81%BF%2D" n2="%E9%B3%B3%E6%9D%B1%E3%81%AE%E3%81%BF%E3%81%91%E3%81%AB%E3%82%83%E3%82%93" n3="%E5%B3%B6%E7%94%B0%E7%9C%9F%E5%A4%A2" dan="16,16,17,16" rate="2137.99,2097.04,2184.35,2073.92" sx="M,F,F,F"/><TAIKYOKU oya="0"/><INIT seed="0,0,0,3,4,62" ten="250,250,250,250" oya="0" hai0="79,108,103,12,119,36,25,44,135,118,57,120,93" hai1="19,109,72,40,20,127,45,14,16,69,73,39,42" hai2="134,37,100,86,52,0,49,48,133,68,1,110,87" hai3="67,97,125,96,107,58,104,50,38,101,66,29,77"/><T32/><D120/><U111/><E127/><V8/><F37/><W129/><G38/><T90/><D103/><U31/><E40/><V4/><F110/><N who="1" m="41993" /><E69/><V24/><F1/><W82/><G125/><T128/><D108/><U122/><E122/><V91/><F100/><W95/><G129/><T115/><D128/><U65/><E65/><V132/><F49/><W53/><G29/><T61/><D79/><U117/><E117/><V11/><F11/><W21/><G21/><T34/><D115/><U80/><E80/><V71/><F24/><W121/><G121/><T81/><D81/><U88/><E31/><V13/><F0/><W27/><G27/><T47/><D135/><U10/><E88/><V5/><F5/><W75/><REACH who="3" step="1"/><G104/><REACH who="3" ten="250,250,250,240" step="2"/><T15/><D25/><AGARI ba="0,1" hai="10,14,16,19,20,25,39,42,45,72,73" m="41993" machi="25" ten="30,2000,0" yaku="14,1,54,1" doraHai="62" who="1" fromWho="0" sc="250,-20,250,30,250,0,240,0" /><INIT seed="1,0,0,2,2,10" ten="230,280,250,240" oya="1" hai0="115,131,97,20,43,63,107,51,17,12,64,83,89" hai1="8,121,54,15,129,60,127,4,55,78,85,22,42" hai2="26,117,36,67,27,92,87,46,38,82,2,18,91" hai3="28,57,90,11,16,86,128,58,88,124,126,62,98"/><U61/><E121/><V105/><F117/><W130/><G28/><T41/><D131/><N who="3" m="50217" /><G98/><T69/><D115/><U76/><E127/><N who="3" m="48682" /><G86/><T14/><D51/><U13/><E42/><V6/><F105/><W101/><G101/><T79/><D14/><N who="1" m="5383" /><E129/><V68/><F67/><N who="3" m="39375" /><G58/><T40/><D89/><U112/><E112/><V23/><F91/><W108/><G108/><T5/><D5/><U33/><E33/><V120/><F6/><W103/><G103/><T49/><D97/><U84/><E84/><V106/><F87/><W44/><G44/><T25/><D107/><U118/><E118/><V24/><F46/><W122/><G122/><T109/><D109/><U34/><E34/><V30/><F120/><W113/><G113/><T95/><D95/><U47/><E47/><V0/><F92/><W21/><G11/><T133/><D49/><U32/><E32/><V102/><F102/><W110/><G110/><T52/><D83/><N who="1" m="47335" /><E78/><V48/><F106/><W56/><G56/><T70/><D79/><U1/><E61/><V3/><F82/><W132/><G132/><T53/><D133/><U72/><E60/><V77/><F77/><W93/><G93/><T37/><D69/><U75/><E75/><V104/><F68/><W94/><G94/><T99/><D99/><U66/><E72/><V125/><F104/><W81/><G81/><T59/><D70/><U73/><E73/><V74/><F74/><W65/><G65/><T123/><D123/><U50/><E66/><V35/><F125/><W135/><G135/><T119/><D119/><U19/><E55/><N who="0" m="21065" /><D25/><AGARI ba="0,0" hai="16,21,25,88,90" m="39375,48682,50217" machi="25" ten="30,7700,0" yaku="19,1,18,1,54,2" doraHai="10" who="3" fromWho="0" sc="230,-77,280,0,250,0,240,77" /><INIT seed="2,0,0,2,3,72" ten="153,280,250,317" oya="2" hai0="99,106,20,119,130,105,111,33,66,94,82,116,75" hai1="127,2,80,131,19,38,4,22,63,17,132,9,46" hai2="97,56,62,121,61,36,30,70,58,11,73,18,69" hai3="12,78,93,42,29,95,98,31,120,133,129,15,134"/><V28/><F121/><W53/><G120/><T51/><D33/><U24/><E127/><V126/><F126/><W112/><G112/><T41/><D66/><U49/><E132/><N who="3" m="50794" /><G42/><T16/><D41/><U115/><E115/><V124/><F124/><W26/><G129/><T114/><D114/><U122/><E38/><V85/><F73/><W10/><G78/><N who="0" m="44383" /><D51/><U45/><E131/><V92/><F36/><W13/><G10/><T59/><D59/><U107/><E45/><V90/><F69/><W108/><G108/><T135/><D130/><U118/><E9/><V64/><F70/><W6/><G6/><T32/><D32/><U43/><E4/><V50/><F50/><W3/><G3/><T48/><D48/><U21/><E2/><V128/><F128/><W123/><G123/><T110/><D20/><U87/><E63/><V25/><F85/><W34/><G31/><T88/><D16/><U109/><E17/><V27/><F27/><W40/><G40/><T23/><D23/><U7/><E21/><N who="2" m="13495" /><F11/><W117/><G117/><N who="0" m="45131" /><D135/><U68/><E118/><V35/><F35/><W84/><G53/><AGARI ba="0,0" hai="28,30,53,56,58,61,62,64,90,92,97" m="13495" machi="53" ten="30,2900,0" yaku="25,1,8,1" doraHai="72" who="2" fromWho="3" sc="153,0,280,0,250,29,317,-29" /><INIT seed="2,1,0,3,4,45" ten="153,280,279,288" oya="2" hai0="40,95,4,28,63,93,117,58,21,79,77,86,1" hai1="50,64,8,126,30,65,103,100,31,36,76,130,16" hai2="52,60,69,27,119,57,56,102,81,74,13,115,6" hai3="2,39,38,49,72,111,51,25,121,96,85,82,118"/><V123/><F115/><W112/><G121/><T114/><D114/><U105/><E36/><V41/><F119/><W23/><G112/><T106/><D106/><U135/><E105/><V0/><F0/><W124/><G118/><T91/><D117/><U47/><E76/><V116/><F69/><W131/><G2/><T92/><D1/><U7/><E7/><V80/><F74/><W54/><G72/><T44/><D4/><U71/><E126/><V34/><F102/><N who="1" m="38953" /><E71/><V70/><F70/><W127/><G96/><T53/><D28/><N who="1" m="10795" /><E135/><V12/><F34/><W88/><G54/><T101/><D21/><U87/><E87/><V32/><F32/><W133/><G133/><T62/><D62/><U14/><E130/><V110/><F27/><W9/><G131/><T22/><D22/><U17/><E17/><V99/><F99/><W75/><G75/><T48/><REACH who="0" step="1"/><D101/><REACH who="0" ten="143,280,279,288" step="2"/><U134/><E134/><V59/><F116/><W55/><G127/><T132/><D132/><U37/><E37/><V107/><F107/><W20/><G38/><T90/><D90/><U84/><E84/><V98/><F6/><W26/><G39/><T18/><D18/><U78/><E78/><AGARI ba="1,1" hai="40,44,48,53,58,63,77,78,79,86,91,92,93,95" machi="78" ten="40,5200,0" yaku="1,1,8,1,52,1,53,0" doraHai="45" doraHaiUra="3" who="0" fromWho="1" sc="143,65,280,-55,279,0,288,0" /><INIT seed="3,0,0,0,3,61" ten="208,225,279,288" oya="3" hai0="48,81,2,51,127,16,99,70,67,6,7,0,60" hai1="53,102,59,50,5,111,131,101,116,62,115,64,125" hai2="41,36,83,89,28,31,9,90,86,95,29,119,10" hai3="22,4,37,13,8,26,30,105,94,69,132,71,114"/><W32/><G114/><T100/><D127/><U58/><E115/><V49/><F36/><W1/><G105/><T40/><D81/><U72/><E125/><V124/><F119/><W38/><G132/><T117/><D117/><U34/><E116/><V93/><F124/><W126/><G126/><T121/><D121/><U107/><E72/><V47/><REACH who="2" step="1"/><F83/><REACH who="2" ten="208,225,269,288" step="2"/><W97/><G38/><T118/><D118/><U120/><E120/><V39/><F39/><W14/><G37/><T85/><D2/><U113/><E113/><V91/><F91/><W82/><G82/><T98/><D0/><U108/><E108/><V104/><F104/><W33/><G1/><T44/><D98/><AGARI ba="0,1" hai="9,10,28,29,31,41,47,49,86,89,90,93,95,98" machi="98" ten="40,2600,0" yaku="1,1,8,1,53,0" doraHai="61" doraHaiUra="17" who="2" fromWho="0" sc="208,-26,225,0,269,36,288,0" owari="182,-31.8,225,-17.5,305,40.5,288,8.8" /></mjloggm>