<mjloggm ver="2.3"><GO type="225" lobby="0"/><UN n0="%54%4F%52" n1="%E3%82%BF%E3%83%BC%E3%83%90%E3%83%B3%E9%87%8E%E5%8F%A3" n2="%72%61%6B%33" n3="%E3%81%86%E3%83%BC%E3%81%B1%E3%83%BC" dan="17,16,16,16" rate="2231.09,2140.12,2129.00,2145.94" sx="M,M,M,F"/><TAIKYOKU oya="0"/><INIT seed="0,0,0,4,4,117" ten="250,250,250,250" oya="0" hai0="43,22,27,41,85,124,39,30,80,45,53,13,113" hai1="122,29,59,112,25,11,101,8,82,109,69,111,60" hai2="23,62,36,12,65,46,96,40,10,104,7,18,63" hai3="125,78,17,20,100,49,73,127,84,66,89,72,35"/><T54/><D113/><U14/><E112/><V34/><F34/><W135/><G135/><T57/><D124/><N who="3" m="47689" /><G35/><T90/><D43/><U32/><E101/><V99/><F104/><W92/><G66/><T31/><D31/><U123/><E69/><V119/><F119/><W2/><G2/><T86/><D57/><U16/><E82/><V61/><REACH who="2" step="1"/><F65/><REACH who="2" ten="250,250,240,250" step="2"/><W79/><G100/><T64/><D64/><N who="1" m="38943" /><E8/><V121/><F121/><W38/><G38/><T58/><D58/><U56/><E56/><V15/><AGARI ba="0,1" hai="7,10,12,15,18,23,36,40,46,61,62,63,96,99" machi="15" ten="30,2000,0" yaku="1,1,0,1,53,0" doraHai="117" doraHaiUra="126" who="2" fromWho="2" sc="250,-10,250,-5,240,30,250,-5" /><INIT seed="1,0,0,1,1,101" ten="240,245,270,245" oya="1" hai0="113,83,49,9,114,28,65,3,40,0,67,1,76" hai1="94,110,53,66,78,72,22,25,104,17,41,62,80" hai2="131,90,47,81,38,118,29,32,37,99,98,34,134" hai3="69,18,11,43,48,31,119,58,123,103,126,109,85"/><U107/><E110/><V95/><F118/><W23/><G123/><T88/><D28/><U24/><E41/><V50/><F131/><W7/><G69/><T92/><D9/><U108/><E108/><V105/><F134/><W121/><G121/><T128/><D128/><U133/><E133/><V13/><F13/><W86/><G31/><T30/><D30/><U21/><E53/><V125/><F125/><W35/><G35/><T89/><D114/><U122/><E122/><V33/><F29/><W75/><G75/><T27/><D27/><U26/><E94/><V45/><F81/><W82/><G82/><T60/><D113/><U42/><E42/><V19/><F19/><W52/><G126/><T57/><D67/><U130/><E130/><V106/><F47/><W61/><G103/><T36/><D36/><U129/><E129/><V115/><F115/><W102/><G102/><T132/><D132/><U71/><REACH who="1" step="1"/><E17/><REACH who="1" ten="240,235,270,245" step="2"/><V2/><F37/><W6/><G109/><T91/><D40/><U111/><E111/><V15/><F38/><W59/><G43/><T116/><D116/><U16/><E16/><V20/><F95/><W55/><G119/><T112/><D112/><U5/><E5/><N who="3" m="1546" /><G11/><T4/><D4/><U135/><E135/><V87/><F2/><W97/><G97/><T46/><D92/><U127/><E127/><V96/><F99/><W51/><G51/><T12/><D49/><U117/><E117/><V74/><F98/><W120/><G120/><T64/><D64/><U124/><E124/><V77/><F96/><W84/><G18/><T8/><D65/><RYUUKYOKU ba="0,1" sc="240,-15,235,15,270,-15,245,15" hai1="21,22,24,25,26,62,66,71,72,78,80,104,107" hai3="23,48,52,55,58,59,61,84,85,86" /><INIT seed="1,1,1,4,2,102" ten="225,250,255,260" oya="1" hai0="82,39,61,104,35,6,13,76,134,44,23,92,120" hai1="73,74,112,109,113,56,31,94,122,85,97,3,105" hai2="91,2,84,78,42,86,28,88,128,49,4,93,27" hai3="65,98,124,119,29,123,19,80,7,53,41,62,14"/><U33/><E3/><V72/><F128/><W58/><G123/><T11/><D35/><U46/><E33/><V24/><F72/><N who="1" m="27753" /><E31/><V12/><F78/><W17/><G124/><T51/><D120/><U16/><E16/><N who="3" m="6218" /><G119/><T22/><D134/><U48/><E56/><V25/><F2/><W71/><G71/><T59/><D39/><U114/><E48/><V117/><F117/><W5/><G80/><T129/><D129/><U8/><E8/><V115/><F115/><W131/><G131/><T127/><D127/><U63/><E46/><V135/><F135/><W133/><G133/><T1/><D1/><U20/><E63/><V55/><F42/><W89/><G41/><T90/><D51/><U47/><E47/><V40/><F40/><W108/><G108/><T68/><D44/><U125/><E20/><V87/><F28/><W67/><G29/><T54/><D68/><U18/><E18/><V45/><F93/><N who="3" m="56623" /><G14/><T75/><REACH who="0" step="1"/><D104/><REACH who="0" ten="215,250,255,260" step="2"/><U15/><E122/><V126/><F126/><W118/><G118/><T26/><D26/><U57/><E125/><V81/><F81/><W95/><G95/><T106/><D106/><U100/><E114/><V103/><F103/><W34/><G34/><T132/><D132/><U110/><E113/><V60/><F60/><W130/><G130/><T50/><D50/><U107/><E112/><V101/><F101/><W121/><G121/><T69/><D69/><U0/><E0/><V79/><F79/><W96/><G96/><AGARI ba="1,2" hai="6,11,13,22,23,54,59,61,75,76,82,90,92,96" machi="96" ten="30,2000,0" yaku="1,1,7,1,53,0" doraHai="102" doraHaiUra="38" who="0" fromWho="3" sc="215,43,250,0,255,0,260,-23" /><INIT seed="2,0,0,2,0,36" ten="258,250,255,237" oya="2" hai0="40,100,49,91,20,24,126,123,75,86,129,70,97" hai1="9,7,109,95,34,134,47,71,84,42,104,17,26" hai2="116,80,122,128,121,3,14,82,93,59,102,12,53" hai3="117,65,94,39,110,10,78,87,118,11,60,43,135"/><V108/><F3/><W21/><G110/><T64/><D123/><U38/><E104/><V6/><F116/><W89/><G135/><T31/><D75/><U99/><E71/><V101/><F108/><W79/><G21/><T112/><D112/><U32/><E109/><V30/><F30/><W74/><G117/><T120/><D120/><U133/><E84/><V107/><F107/><W61/><G61/><T57/><D70/><U92/><E17/><V125/><F59/><W72/><G72/><T81/><D129/><U113/><E113/><V114/><F114/><W4/><G118/><T127/><D40/><U25/><E25/><V130/><F93/><N who="1" m="35913" /><E99/><V76/><F53/><W41/><G39/><T35/><D35/><U22/><E22/><V132/><F6/><W83/><G78/><T15/><D15/><N who="1" m="5567" /><E26/><V45/><F45/><W37/><G37/><T2/><D2/><U106/><E106/><V98/><F98/><W51/><G51/><T54/><REACH who="0" step="1"/><D64/><REACH who="0" ten="248,250,255,237" step="2"/><U69/><E69/><V27/><F122/><W103/><G10/><T28/><D28/><U5/><E5/><V67/><F121/><W131/><G131/><T63/><D63/><U19/><E19/><V55/><F67/><W111/><G111/><T96/><D96/><U29/><E29/><V68/><F68/><N who="3" m="42023" /><G103/><T50/><D50/><U33/><E33/><V23/><F130/><W77/><G4/><T1/><D1/><U13/><E13/><V73/><F128/><W62/><G62/><T0/><D0/><U119/><E119/><V124/><F73/><N who="3" m="43439" /><G11/><T90/><D90/><U8/><E8/><RYUUKYOKU ba="0,1" sc="248,10,250,10,255,-30,237,10" hai0="20,24,31,49,54,57,81,86,91,97,100,126,127" hai1="32,34,38,42,47,133,134" hai3="41,43,74,79,87,89,94" /><INIT seed="3,1,1,1,5,42" ten="258,260,225,247" oya="3" hai0="80,67,96,120,95,37,62,102,73,89,69,16,52" hai1="103,113,74,114,66,118,3,39,91,44,12,32,86" hai2="94,51,48,64,90,8,124,75,83,122,105,108,41" hai3="29,56,76,0,101,6,55,59,135,2,33,82,54"/><W34/><G135/><T126/><D120/><U27/><E3/><V132/><F105/><W17/><G17/><T100/><D37/><U46/><E74/><V125/><F132/><W77/><G82/><T15/><D126/><U99/><E39/><V14/><F122/><W116/><G101/><T107/><D52/><U23/><E32/><V43/><F64/><W79/><G116/><T24/><D24/><U97/><E118/><V111/><F75/><W128/><G77/><T109/><D109/><N who="2" m="42058" /><F83/><W106/><G106/><T40/><D40/><N who="2" m="15434" /><F48/><W70/><G70/><T63/><D63/><U38/><E38/><V22/><F51/><W129/><REACH who="3" step="1"/><G29/><REACH who="3" ten="258,260,225,237" step="2"/><T112/><D112/><U53/><E113/><V104/><F104/><W84/><G84/><T61/><D107/><U65/><E114/><V72/><F72/><W130/><G130/><T119/><D119/><U81/><E103/><V134/><F134/><W13/><G13/><T115/><D115/><U47/><E12/><V4/><F94/><W93/><G93/><T50/><D73/><U131/><E131/><V11/><F90/><W133/><G133/><T117/><D80/><U121/><E121/><V45/><F125/><W9/><G9/><T20/><D117/><U18/><E97/><V58/><F124/><W7/><AGARI ba="1,2" hai="0,2,6,7,33,34,54,55,56,59,76,79,128,129" machi="7" ten="25,9600,0" yaku="1,1,0,1,22,2,53,0" doraHai="42" doraHaiUra="57" who="3" fromWho="3" sc="258,-33,260,-33,225,-33,237,119" owari="225,-17.5,227,2.7,192,-30.8,356,45.6" /></mjloggm>