<mjloggm ver="2.3"><GO type="225" lobby="0"/><UN n0="%E3%82%BC%E3%83%AB%E3%83%80%E3%81%AE%E4%BC%9D%E8%AA%AC" n1="%E3%81%BF%E3%81%BF%E3%81%9A" n2="%4B%2E%32%2E%4B%2E" n3="%70%68%65%6E%6F%6D%65" dan="17,16,17,16" rate="2128.79,2144.96,2177.52,2117.39" sx="M,M,M,M"/><TAIKYOKU oya="0"/><INIT seed="0,0,0,3,3,58" ten="250,250,250,250" oya="0" hai0="8,72,111,33,70,32,78,35,63,37,24,65,36" hai1="80,110,87,4,113,122,2,114,88,127,61,38,5" hai2="40,29,90,67,60,126,59,48,120,97,118,106,98" hai3="1,34,81,27,16,50,14,129,75,42,102,11,17"/><T18/><D111/><U45/><E122/><V112/><F120/><W9/><G102/><T94/><D94/><U64/><E127/><V92/><F126/><W28/><G42/><T0/><D24/><U54/><E110/><V123/><F123/><W44/><G129/><T89/><D89/><U116/><E116/><V104/><F112/><N who="1" m="43113" /><E2/><V51/><F118/><W103/><G103/><T68/><D68/><N who="1" m="41999" /><E54/><V115/><F115/><W130/><G130/><T41/><D41/><AGARI ba="0,0" hai="4,5,38,41,45,80,87,88" m="41999,43113" machi="41" ten="30,3900,0" yaku="11,1,52,1,54,1" doraHai="58" who="1" fromWho="0" sc="250,-39,250,39,250,0,250,0" /><INIT seed="1,0,0,4,2,56" ten="211,289,250,250" oya="1" hai0="103,32,6,95,21,108,20,49,65,133,23,91,44" hai1="123,31,96,3,121,22,129,36,11,40,128,9,120" hai2="83,130,71,7,59,66,77,126,80,51,25,135,117" hai3="90,98,26,24,0,42,37,35,124,84,89,102,4"/><U60/><E96/><V70/><F117/><W45/><G124/><T82/><D108/><U100/><E100/><V118/><F118/><W48/><G37/><T72/><D133/><U46/><E31/><V105/><F105/><W17/><G35/><T54/><D32/><U134/><E22/><V50/><F135/><W97/><G97/><T116/><D116/><U115/><E134/><V58/><F126/><W119/><G119/><T12/><D72/><U10/><E115/><V1/><F130/><N who="1" m="50281" /><E3/><V107/><F25/><W19/><G4/><T94/><D65/><U47/><E47/><V109/><F66/><W5/><G5/><T63/><D103/><U67/><E11/><V38/><F1/><W75/><G75/><T86/><REACH who="0" step="1"/><D63/><REACH who="0" ten="201,289,250,250" step="2"/><U34/><E34/><V76/><F107/><W30/><G102/><T78/><D78/><U18/><E18/><V112/><F76/><W69/><G19/><T131/><D131/><U113/><E113/><V55/><F112/><W88/><G17/><T101/><D101/><U13/><E13/><V53/><F77/><W64/><G0/><T122/><D122/><N who="1" m="31235" /><U27/><DORA hai="73" /><E27/><V92/><F7/><W16/><G16/><T111/><D111/><U99/><E67/><V29/><F109/><W33/><G24/><T110/><D110/><U62/><E62/><V43/><F29/><W87/><G64/><T125/><D125/><U132/><E60/><V106/><F106/><W81/><G33/><T15/><D15/><U8/><E132/><V57/><F71/><W41/><G26/><T2/><D2/><U93/><E8/><AGARI ba="0,1" hai="6,8,12,20,21,23,44,49,54,82,86,91,94,95" machi="8" ten="40,5200,0" yaku="1,1,6,1,8,1,53,0" doraHai="56,73" doraHaiUra="74,68" who="0" fromWho="1" sc="201,62,289,-52,250,0,250,0" /><INIT seed="2,0,0,3,4,122" ten="263,237,250,250" oya="2" hai0="102,131,74,126,29,96,95,105,55,45,69,99,26" hai1="9,34,58,108,120,89,106,25,1,110,0,32,36" hai2="101,86,130,94,67,4,21,37,63,12,132,81,22" hai3="47,24,82,72,6,54,20,19,43,65,68,39,13"/><V51/><F37/><W14/><G6/><T59/><D74/><U88/><E120/><V31/><F130/><W115/><G115/><T125/><D69/><U104/><E36/><V123/><F123/><W64/><G54/><T8/><D45/><U30/><E58/><V76/><F132/><W87/><G72/><T40/><D40/><U134/><E134/><V61/><F51/><W111/><G111/><N who="1" m="42538" /><E34/><V90/><F101/><W77/><REACH who="3" step="1"/><G68/><REACH who="3" ten="263,237,250,240" step="2"/><T79/><D55/><U100/><E0/><V109/><F109/><W124/><G124/><T75/><D75/><U112/><E112/><V60/><F4/><W91/><G91/><N who="1" m="34890" /><E100/><V57/><F90/><W129/><G129/><T42/><D131/><U28/><E28/><V10/><F31/><W66/><AGARI ba="0,1" hai="13,14,19,20,24,39,43,47,64,65,66,77,82,87" machi="66" ten="30,2000,0" yaku="1,1,0,1,53,0" doraHai="122" doraHaiUra="56" who="3" fromWho="3" sc="263,-5,237,-5,250,-10,240,30" /><INIT seed="3,0,0,5,2,16" ten="258,232,240,270" oya="3" hai0="4,60,72,9,59,3,96,86,99,74,27,100,78" hai1="116,14,93,125,49,39,109,28,33,44,102,8,18" hai2="73,127,13,95,114,87,134,32,70,37,111,0,124" hai3="133,130,51,45,63,38,88,55,34,122,6,65,76"/><W108/><G122/><T7/><D7/><U110/><E125/><V35/><RYUUKYOKU type="yao9" ba="0,0" sc="258,0,232,0,240,0,270,0" hai2="0,13,32,35,37,70,73,87,95,111,114,124,127,134" /><INIT seed="3,1,0,0,1,133" ten="258,232,240,270" oya="3" hai0="102,75,1,86,0,105,123,23,51,74,40,35,17" hai1="49,80,20,89,29,93,109,47,110,21,117,3,39" hai2="112,108,30,56,26,28,120,100,79,55,122,101,132" hai3="67,125,16,11,7,42,8,24,113,4,31,25,65"/><W124/><G113/><T76/><D35/><U111/><E3/><V119/><F119/><W70/><G42/><T46/><D123/><N who="2" m="47146" /><F112/><W63/><G16/><T77/><D102/><U32/><E80/><V126/><F79/><W45/><G45/><T5/><D105/><U27/><E39/><V33/><F132/><W38/><G38/><T95/><D76/><U62/><E62/><N who="2" m="36127" /><F108/><W22/><G67/><T19/><D19/><U48/><E117/><V61/><F30/><W71/><G70/><T104/><D104/><U66/><E66/><V64/><F126/><N who="3" m="48747" /><G24/><T82/><D17/><U131/><E131/><V103/><F103/><W92/><G92/><T99/><D95/><U44/><E47/><V91/><F100/><W13/><G13/><T128/><D46/><U88/><E89/><V15/><F15/><W57/><G71/><T127/><D127/><U114/><E114/><V94/><F101/><W18/><G31/><T87/><D1/><U54/><REACH who="1" step="1"/><E48/><REACH who="1" ten="258,222,240,270" step="2"/><V97/><F64/><W72/><G72/><T50/><D50/><U98/><AGARI ba="1,1" hai="20,21,27,29,32,44,49,54,88,93,98,109,110,111" machi="98" ten="30,8000,1" yaku="1,1,2,1,0,1,14,1,54,1,53,0" doraHai="133" doraHaiUra="53" who="1" fromWho="1" sc="258,-21,222,93,240,-21,270,-41" owari="237,3.7,315,41.5,219,-28.1,229,-17.1" /></mjloggm>