<mjloggm ver="2.3"><GO type="225" lobby="0"/><UN n0="%E3%83%81%E3%83%AF%E3%83%AF%E9%9A%8A%E9%95%B7" n1="%E3%82%B2%E3%82%B9%E8%8C%82%E5%8B%9D" n2="%72%65%6E%6B%75%6E" n3="%E7%89%B9%E6%9D%B1%E3%81%AF%E4%B8%96%E7%95%8C%E3%82%92%E6%95%91%E3%81%86" dan="16,16,17,16" rate="2199.15,2117.61,2270.90,2177.77" sx="M,F,M,M"/><TAIKYOKU oya="0"/><INIT seed="0,0,0,2,4,86" ten="250,250,250,250" oya="0" hai0="66,69,129,110,94,2,25,54,12,34,4,7,87" hai1="47,61,51,93,117,123,22,134,0,78,26,133,97" hai2="28,59,71,104,46,82,50,132,124,15,103,131,79" hai3="65,9,106,114,53,109,33,91,92,122,30,32,17"/><T8/><D129/><U55/><E117/><V57/><F71/><W72/><G114/><T42/><D110/><U67/><E123/><V120/><F120/><W19/><G106/><T45/><D54/><U10/><E78/><V60/><F131/><W39/><G72/><T126/><D126/><U84/><E84/><V29/><F124/><W49/><G39/><T81/><D94/><U36/><E36/><V23/><F132/><W43/><G43/><T73/><D73/><U11/><E0/><V52/><F104/><W115/><G115/><T16/><D2/><U116/><E116/><V68/><F68/><W125/><G125/><T75/><D75/><U63/><E133/><V135/><F103/><W31/><G65/><T127/><D127/><U6/><E134/><V24/><F135/><W76/><G76/><T58/><D69/><U74/><E74/><V48/><F15/><W89/><G122/><T44/><D34/><U98/><E98/><V41/><F79/><W21/><G109/><T90/><D25/><U119/><E119/><V118/><F82/><W5/><G32/><T101/><D101/><N who="1" m="60591" /><E6/><N who="0" m="2089" /><D42/><U13/><E13/><V96/><F96/><W113/><G33/><T107/><D107/><U40/><E40/><V3/><F3/><W64/><G113/><T88/><D90/><U100/><E100/><V128/><F128/><W70/><G91/><T14/><D14/><U112/><E112/><V77/><F77/><W1/><G89/><T35/><D35/><U37/><E37/><V121/><F118/><W27/><G70/><T85/><D85/><U83/><E83/><RYUUKYOKU ba="0,0" sc="250,30,250,-10,250,-10,250,-10" hai0="8,12,16,44,45,58,66,81,87,88" /><INIT seed="0,1,0,0,5,35" ten="280,240,240,240" oya="0" hai0="36,123,2,105,33,18,124,0,118,4,94,96,129" hai1="57,60,82,134,38,93,6,95,86,115,90,12,39" hai2="58,121,116,50,27,132,11,85,81,74,130,67,72" hai3="45,125,69,112,42,21,13,104,59,37,1,56,110"/><T47/><D118/><U24/><E115/><V120/><F116/><W88/><G112/><T46/><D123/><U17/><E134/><V80/><F132/><W16/><G69/><T66/><D33/><U108/><E108/><V117/><F117/><W91/><G110/><T127/><D105/><U73/><E24/><V97/><F97/><W102/><G125/><N who="0" m="48203" /><D129/><U55/><E6/><V114/><F114/><W32/><G32/><T83/><D66/><U64/><E64/><V20/><F11/><W49/><G1/><N who="0" m="619" /><D36/><U119/><E119/><V63/><F50/><W103/><G37/><T30/><D30/><U107/><E107/><V133/><F130/><W40/><G40/><T99/><D4/><U79/><E95/><V15/><F133/><W98/><REACH who="3" step="1"/><G103/><REACH who="3" ten="280,240,240,230" step="2"/><N who="0" m="60823" /><D99/><U53/><E38/><V68/><F120/><W48/><G48/><T7/><D7/><U106/><E39/><V71/><F121/><W31/><G31/><T28/><D28/><U41/><E41/><V109/><F109/><W43/><G43/><T135/><D135/><U51/><E51/><V126/><F126/><W23/><G23/><T9/><D83/><U70/><E82/><V75/><F81/><W3/><G3/><T84/><D84/><U78/><E86/><V122/><F122/><W52/><G52/><T62/><D62/><U113/><E55/><V54/><F54/><W77/><G77/><T128/><D128/><U10/><E60/><V92/><F85/><W14/><G14/><AGARI ba="1,1" hai="9,14,18,46,47" m="60823,619,48203" machi="14" ten="30,11600,0" yaku="18,1,52,3" doraHai="35" who="0" fromWho="3" sc="280,129,240,0,240,0,230,-119" /><INIT seed="0,2,0,1,2,72" ten="409,240,240,111" oya="0" hai0="112,14,58,106,0,23,12,76,19,32,113,117,38" hai1="51,107,83,122,37,9,61,34,25,94,79,82,75" hai2="70,78,28,7,129,49,87,101,48,108,77,60,126" hai3="64,86,59,80,114,24,22,84,21,56,20,132,3"/><T85/><D117/><U135/><E122/><V6/><F70/><W110/><G110/><T52/><D0/><U15/><E135/><V133/><F133/><W134/><G114/><T73/><D73/><U124/><E37/><V99/><F108/><W50/><G3/><T98/><D32/><U18/><E124/><V104/><F126/><W88/><G134/><T120/><D38/><U89/><E107/><V39/><F39/><W62/><G132/><T17/><D120/><U74/><E61/><V47/><F28/><W66/><G86/><T130/><D130/><U131/><E131/><V30/><F30/><W41/><G66/><T5/><D5/><U11/><E51/><V57/><F48/><W115/><G115/><T10/><D106/><U118/><E118/><V4/><F87/><W102/><G102/><T26/><D98/><U2/><E25/><V69/><F69/><W46/><REACH who="3" step="1"/><G59/><REACH who="3" ten="409,240,240,101" step="2"/><T54/><D113/><U33/><E2/><V90/><F129/><W91/><G91/><T29/><D112/><U116/><E116/><V45/><F90/><W111/><G111/><T35/><REACH who="0" step="1"/><D58/><REACH who="0" ten="399,240,240,101" step="2"/><U103/><E103/><V100/><F100/><W63/><G63/><T121/><D121/><U40/><E74/><V71/><F71/><W27/><AGARI ba="2,2" hai="20,21,22,24,27,41,46,50,56,62,64,80,84,88" machi="27" ten="30,8000,1" yaku="1,1,0,1,8,1,54,1,53,1" doraHai="72" doraHaiUra="43" who="3" fromWho="3" sc="399,-42,240,-22,240,-22,101,106" /><INIT seed="1,0,0,4,5,45" ten="357,218,218,207" oya="1" hai0="66,11,23,82,61,4,79,111,32,68,2,64,134" hai1="77,127,58,81,75,14,6,18,105,87,103,30,31" hai2="19,34,48,54,53,96,28,10,89,65,8,71,62" hai3="132,22,95,123,0,47,52,21,83,37,99,100,38"/><U120/><E120/><V122/><F122/><W1/><G132/><T128/><D32/><U133/><E127/><V41/><F41/><W112/><G112/><T106/><D106/><U39/><E133/><V40/><F40/><W56/><G123/><T5/><D134/><U125/><E125/><V109/><F109/><W16/><G0/><T51/><D111/><U135/><E135/><V9/><F19/><W91/><G1/><T13/><D128/><U26/><E39/><V59/><F34/><W85/><G47/><T116/><D116/><U114/><E114/><V27/><F54/><W50/><G21/><T74/><D64/><U35/><E30/><V118/><F118/><W46/><G46/><T130/><D130/><U42/><E42/><V92/><F27/><AGARI ba="0,0" hai="16,22,27,37,38,50,52,56,83,85,91,95,99,100" machi="27" ten="30,7700,0" yaku="7,1,52,1,54,2" doraHai="45" who="3" fromWho="2" sc="357,0,218,0,218,-77,207,77" /><INIT seed="2,0,0,4,2,22" ten="357,218,141,284" oya="2" hai0="2,113,68,69,106,76,18,17,6,114,25,77,85" hai1="63,132,23,96,32,65,7,80,9,52,107,43,95" hai2="20,101,93,89,73,125,71,84,119,50,94,97,12" hai3="82,86,111,135,35,126,109,33,55,105,99,87,79"/><V39/><BYE who="1" /><F39/><W120/><G120/><T26/><D106/><U103/><E103/><V58/><F71/><W27/><G135/><T88/><D2/><U14/><E14/><V62/><F125/><W37/><G126/><T21/><D6/><U91/><E91/><V3/><F3/><W112/><G112/><T131/><D131/><U29/><E29/><V121/><F73/><W54/><G37/><T67/><D21/><U129/><E129/><V118/><F121/><W83/><G105/><T30/><D30/><U60/><E60/><V108/><F108/><N who="3" m="41547" /><G99/><UN n1="%E3%82%B2%E3%82%B9%E8%8C%82%E5%8B%9D" /><T24/><D67/><U48/><E132/><V13/><F50/><W133/><G27/><T66/><D66/><U57/><E32/><N who="3" m="12362" /><G133/><T34/><D34/><U10/><E107/><V102/><F102/><W64/><G64/><T90/><D24/><U116/><E116/><V124/><F124/><W123/><G123/><T61/><D61/><U5/><E48/><V81/><F94/><W92/><G92/><T49/><D49/><U72/><E80/><N who="3" m="30762" /><G79/><T110/><D110/><U42/><E72/><V31/><F31/><W104/><G104/><T36/><D36/><U47/><E95/><V78/><F78/><W98/><G98/><T134/><D134/><U130/><E96/><V28/><F28/><W44/><G44/><T53/><D85/><AGARI ba="0,0" hai="54,55,85,86,87" m="30762,12362,41547" machi="85" ten="40,5200,0" yaku="28,2,14,1" doraHai="22" who="3" fromWho="0" sc="357,-52,218,0,141,0,284,52" /><INIT seed="3,0,0,3,5,32" ten="305,218,141,336" oya="3" hai0="89,26,12,102,98,49,125,88,46,23,10,52,6" hai1="44,21,112,59,122,96,15,103,58,74,120,9,45" hai2="105,86,130,97,111,35,84,14,2,80,94,123,119" hai3="65,70,81,82,61,124,34,60,64,33,47,7,37"/><W41/><G7/><T118/><D118/><U113/><E74/><V24/><F119/><W107/><G107/><T16/><D125/><U110/><E21/><V106/><F14/><W56/><G124/><T73/><D73/><U117/><E117/><V22/><F35/><W71/><G56/><N who="1" m="21546" /><E15/><V72/><F123/><N who="1" m="47145" /><E9/><V77/><F111/><W131/><G131/><T101/><D101/><U27/><E103/><V36/><F36/><W99/><G99/><T100/><D102/><U62/><E96/><V39/><F39/><W57/><G57/><T29/><D6/><U53/><E27/><V121/><F121/><W54/><G54/><T92/><AGARI ba="0,0" hai="10,12,16,23,26,29,46,49,52,88,89,92,98,100" machi="92" ten="20,12000,2" yaku="0,1,7,1,8,1,54,3" doraHai="32" who="0" fromWho="0" sc="305,120,218,-30,141,-30,336,-60" owari="425,52.5,188,-21.2,111,-38.9,276,7.6" /></mjloggm>