<mjloggm ver="2.3"><GO type="225" lobby="0"/><UN n0="%E3%82%BC%E3%83%AB%E3%83%80%E3%81%AE%E4%BC%9D%E8%AA%AC" n1="%E3%82%A2%E3%83%A1%E3%82%A2%E3%83%A9%E3%83%AC" n2="%E3%83%8F%E3%83%B3%E3%83%89%E3%83%A9%E3%83%BC%E3%83%BB%E3%83%AF%E3%83%B3" n3="%E3%81%93%E3%81%91%E6%A4%8D%E7%89%A9" dan="18,16,17,16" rate="2237.65,2055.62,2201.35,2108.02" sx="M,M,M,M"/><TAIKYOKU oya="0"/><INIT seed="0,0,0,3,2,73" ten="250,250,250,250" oya="0" hai0="18,78,29,68,125,6,105,69,108,21,77,50,119" hai1="8,70,94,30,3,42,2,64,61,132,109,91,98" hai2="92,9,32,57,89,63,120,110,26,41,112,88,53" hai3="87,56,113,20,47,31,126,71,49,83,101,129,14"/><T117/><D105/><U102/><E109/><V12/><F120/><W5/><G113/><T15/><D108/><U17/><E132/><V44/><F112/><W90/><G71/><T28/><D6/><U37/><E30/><V65/><F110/><W13/><G126/><T100/><D100/><U46/><E17/><V10/><F32/><W62/><G129/><T54/><D125/><U133/><E133/><V96/><F26/><N who="3" m="16839" /><G101/><T74/><D74/><U76/><E8/><V114/><F114/><W123/><G5/><T104/><D104/><U25/><E25/><V1/><F1/><W72/><G72/><T121/><D50/><U131/><E131/><V111/><F111/><W59/><G59/><T85/><D85/><U19/><E19/><V135/><F135/><W36/><G36/><T38/><D18/><U43/><E43/><V99/><F65/><N who="3" m="39111" /><G123/><T122/><D38/><U40/><E102/><V48/><F12/><W27/><G27/><T51/><D15/><U75/><REACH who="1" step="1"/><E40/><AGARI ba="0,0" hai="13,14,40,47,49,83,87,90" m="39111,16839" machi="40" ten="30,1000,0" yaku="8,1" doraHai="73" who="3" fromWho="1" sc="250,0,250,-10,250,0,250,10" /><INIT seed="1,0,0,2,3,74" ten="250,240,250,260" oya="1" hai0="3,66,6,50,134,29,121,76,7,71,81,95,19" hai1="117,56,27,34,32,116,104,123,60,106,26,28,73" hai2="101,112,55,8,39,102,84,113,44,98,64,108,1" hai3="67,94,85,61,126,80,130,124,111,119,127,118,91"/><U58/><E123/><V2/><F108/><W89/><G111/><T17/><D121/><U11/><E73/><V122/><F122/><W82/><G130/><T45/><D134/><U46/><E46/><V0/><F64/><W59/><G82/><T62/><D29/><U63/><E28/><V24/><F24/><W10/><G10/><AGARI ba="0,0" hai="10,11,26,27,32,34,56,58,60,63,104,106,116,117" machi="10" ten="25,2400,0" yaku="22,2" doraHai="74" who="1" fromWho="3" sc="250,0,240,24,250,0,260,-24" /><INIT seed="1,1,0,4,0,10" ten="250,264,250,236" oya="1" hai0="135,132,124,68,15,59,120,76,32,77,47,60,134" hai1="115,48,91,72,114,43,34,93,128,30,12,119,81" hai2="94,29,107,103,100,37,0,99,31,70,96,90,110" hai3="111,126,36,58,133,83,7,125,61,123,9,11,104"/><U65/><E119/><V28/><F0/><W39/><G123/><T5/><D120/><U45/><E128/><V52/><F37/><W66/><G111/><T51/><D32/><U108/><E108/><V17/><F110/><W101/><G11/><N who="0" m="4591" /><D68/><U122/><E122/><V106/><F70/><W44/><G133/><T78/><D124/><N who="3" m="47721" /><G44/><T46/><D51/><U26/><E65/><AGARI ba="1,0" hai="46,47,59,60,65,76,77,78,132,134,135" m="4591" machi="65" ten="40,2600,0" yaku="20,1,52,1" doraHai="10" who="0" fromWho="1" sc="250,29,264,-29,250,0,236,0" /><INIT seed="2,0,0,0,5,29" ten="279,235,250,236" oya="2" hai0="39,4,71,57,25,83,133,73,37,54,31,114,23" hai1="10,66,76,30,130,32,111,124,96,78,61,79,82" hai2="5,112,127,119,45,27,48,109,132,72,7,106,16" hai3="86,123,94,100,2,65,98,63,103,55,117,121,91"/><V118/><F112/><W28/><G117/><T84/><D114/><U17/><E111/><V113/><F113/><W92/><G2/><T89/><D71/><U80/><E130/><V75/><F106/><W6/><G6/><T24/><D133/><U42/><E124/><V77/><F127/><W46/><G28/><T129/><D129/><U102/><E42/><V43/><F132/><W38/><G100/><T12/><D73/><U93/><E17/><V0/><F109/><W19/><G19/><T67/><D67/><U90/><E10/><V115/><F115/><W60/><G38/><T41/><D41/><U53/><E53/><V104/><F104/><W62/><REACH who="3" step="1"/><G65/><REACH who="3" ten="279,235,250,226" step="2"/><T9/><REACH who="0" step="1"/><D24/><REACH who="0" ten="269,235,250,226" step="2"/><U99/><E66/><V33/><F27/><W8/><G8/><T21/><D21/><U95/><E32/><V13/><F33/><W107/><G107/><T49/><AGARI ba="0,2" hai="4,9,12,23,25,31,37,39,49,54,57,83,84,89" machi="49" ten="20,5200,0" yaku="1,1,0,1,7,1,53,1" doraHai="29" doraHaiUra="52" who="0" fromWho="0" sc="269,72,235,-13,250,-26,226,-13" /><INIT seed="3,0,0,0,2,57" ten="341,222,224,213" oya="3" hai0="128,33,97,88,2,73,59,64,119,86,104,81,83" hai1="32,71,110,135,14,48,51,101,65,69,11,58,8" hai2="62,105,100,10,116,16,35,52,129,93,96,13,26" hai3="87,36,111,94,63,68,75,3,37,53,38,120,40"/><W5/><G120/><T109/><D2/><U60/><E32/><V9/><F116/><W47/><G111/><T30/><D119/><U20/><E110/><V80/><F129/><W118/><G118/><T50/><D109/><U34/><E34/><V78/><F105/><W74/><G53/><T54/><D128/><U131/><E131/><V108/><F108/><W124/><G124/><T121/><D121/><U79/><E79/><V6/><F35/><W117/><G94/><T39/><D39/><N who="3" m="14921" /><G87/><T115/><D115/><U15/><E58/><N who="2" m="35143" /><F26/><W41/><G41/><T49/><D64/><U103/><E65/><V90/><F78/><W123/><G123/><T77/><D30/><U29/><E29/><V42/><F42/><W28/><G28/><T76/><D33/><U4/><E20/><N who="2" m="11279" /><F6/><W106/><G106/><T66/><D66/><U112/><E4/><V0/><F0/><W84/><G117/><T25/><D25/><U134/><E112/><V31/><F31/><W126/><G126/><T102/><D77/><U67/><E67/><V23/><F23/><W19/><G19/><T113/><D113/><U18/><E18/><V132/><F132/><W127/><G127/><T46/><D46/><U72/><E72/><N who="3" m="27690" /><G68/><T107/><D107/><U56/><E56/><V130/><F130/><W114/><G114/><T12/><D12/><U43/><E43/><V22/><F22/><W82/><G63/><AGARI ba="0,0" hai="49,50,54,59,63,73,76,81,83,86,88,97,102,104" machi="63" ten="30,3900,0" yaku="7,1,52,1,54,1" doraHai="57" who="0" fromWho="3" sc="341,39,222,0,224,0,213,-39" /><AGARI ba="0,0" hai="8,11,14,15,48,51,60,63,69,71,101,103,134,135" machi="63" ten="25,6400,0" yaku="22,2,52,2" doraHai="57" who="1" fromWho="3" sc="380,0,222,64,224,0,174,-64" owari="380,48.0,286,8.6,224,-17.6,110,-39.0" /></mjloggm>