<mjloggm ver="2.3"><GO type="225" lobby="0"/><UN n0="%4B%2E%32%2E%4B%2E" n1="%E6%81%A5%E6%99%92%E3%81%97" n2="%E3%81%B2%E3%81%AA%E3%81%AE%E3%82%8A%E3%81%8F" n3="%E3%81%82%E3%81%99%E3%81%AB%E3%82%83%E3%82%80" dan="16,16,16,16" rate="2137.30,2119.84,2105.98,2167.08" sx="M,M,M,F"/><TAIKYOKU oya="0"/><INIT seed="0,0,0,2,4,57" ten="250,250,250,250" oya="0" hai0="91,7,106,129,15,9,61,90,25,46,48,104,56" hai1="19,34,88,118,67,38,72,68,69,20,105,130,121" hai2="47,82,116,117,60,89,99,40,21,132,74,3,96" hai3="119,2,12,8,51,24,49,50,62,81,26,76,0"/><T86/><D129/><U23/><E118/><N who="2" m="45675" /><F3/><W43/><G119/><T113/><D113/><U27/><E121/><V112/><F112/><W122/><G122/><T111/><D111/><U13/><E130/><V73/><F132/><W135/><G135/><T30/><D48/><U59/><E34/><V92/><F99/><W36/><G36/><T22/><D46/><U35/><E35/><V134/><F134/><W126/><G126/><T5/><D5/><U16/><E72/><V75/><F21/><W42/><G2/><T101/><D101/><U31/><E38/><N who="2" m="21911" /><F60/><W65/><G0/><T107/><REACH who="0" step="1"/><D86/><REACH who="0" ten="240,250,250,250" step="2"/><U32/><E105/><V70/><F70/><W115/><G115/><T93/><D93/><U97/><E68/><V63/><F63/><W87/><G42/><T94/><D94/><N who="1" m="56519" /><E69/><V10/><F10/><W98/><G43/><T95/><D95/><U109/><E109/><V127/><F96/><W125/><G98/><T11/><D11/><U54/><E32/><V55/><F92/><W18/><REACH who="3" step="1"/><G125/><REACH who="3" ten="240,250,250,240" step="2"/><T114/><D114/><U14/><E67/><AGARI ba="0,2" hai="7,9,15,22,25,30,56,61,67,90,91,104,106,107" machi="67" ten="40,7700,0" yaku="1,1,52,1,53,1" doraHai="57" doraHaiUra="1" who="0" fromWho="1" sc="240,97,250,-77,250,0,240,0" /><INIT seed="0,1,0,3,3,43" ten="337,173,250,240" oya="0" hai0="61,118,90,117,68,81,25,96,29,82,122,134,112" hai1="45,30,85,8,19,31,93,132,33,17,114,13,80" hai2="119,72,126,76,4,40,107,120,38,27,70,129,6" hai3="36,78,35,109,87,5,89,58,21,50,131,124,28"/><T3/><D112/><U64/><E132/><V42/><F70/><W18/><G109/><T91/><D122/><U92/><E114/><V37/><F107/><W59/><G36/><T108/><D3/><U15/><E64/><V88/><F120/><W100/><G131/><T73/><D73/><U79/><E33/><V54/><F54/><W101/><G78/><T22/><D134/><U24/><E24/><V63/><F63/><W98/><G5/><T41/><D108/><U20/><E31/><V77/><F27/><W26/><G124/><T12/><D12/><U9/><E30/><V46/><F72/><W95/><G101/><T62/><D41/><U113/><E113/><V55/><F55/><W51/><G51/><T65/><D61/><U67/><E20/><V48/><F126/><W34/><G50/><T133/><D133/><U102/><E102/><V121/><F48/><W116/><G116/><T57/><D68/><U53/><E67/><V125/><F125/><W60/><G28/><T106/><D106/><U74/><E74/><V115/><F115/><W75/><G75/><T71/><D71/><U23/><E23/><V16/><F119/><W1/><G1/><T105/><D117/><U44/><E53/><V123/><F129/><W127/><G127/><T111/><D111/><U66/><E66/><V99/><F123/><W130/><G130/><T97/><D118/><U52/><E52/><V103/><F121/><W10/><G10/><T110/><D110/><U47/><AGARI ba="1,0" hai="8,9,13,15,17,19,44,45,47,79,80,85,92,93" machi="47" ten="30,12000,2" yaku="0,1,9,1,8,1,52,3" doraHai="43" who="1" fromWho="1" sc="337,-61,173,123,250,-31,240,-31" /><INIT seed="1,0,0,0,2,103" ten="276,296,219,209" oya="1" hai0="127,116,124,72,126,114,20,23,86,54,49,94,132" hai1="39,45,62,17,98,61,60,22,36,59,71,75,134" hai2="33,46,68,66,120,28,53,93,24,50,89,8,69" hai3="109,107,70,30,122,13,105,37,64,1,113,82,63"/><U52/><E75/><V131/><F131/><W117/><G122/><T34/><D114/><U112/><E112/><V110/><F110/><W106/><G113/><T129/><D116/><U7/><E7/><V108/><F108/><W32/><G109/><T42/><D34/><U35/><E35/><V128/><F128/><W121/><G13/><T19/><D129/><U9/><E9/><V76/><F76/><W101/><G121/><T12/><D72/><U92/><E134/><V77/><F77/><W130/><G130/><T123/><D132/><U91/><E71/><V11/><F120/><W115/><G115/><T74/><D74/><U48/><REACH who="1" step="1"/><E45/><REACH who="1" ten="276,286,219,209" step="2"/><V29/><F69/><W133/><G133/><T15/><D123/><U10/><E10/><V104/><F11/><W16/><G1/><T135/><D135/><U95/><E95/><V14/><F8/><W88/><G117/><T57/><D124/><U87/><E87/><V119/><F93/><W0/><G0/><T43/><D126/><U81/><E81/><V79/><F68/><W80/><G82/><T100/><D127/><U41/><E41/><V31/><F33/><W6/><G6/><T102/><D43/><U65/><E65/><V125/><F66/><W58/><G70/><T2/><D2/><U3/><E3/><V25/><F125/><W118/><G118/><T21/><D42/><U55/><E55/><V90/><F53/><W67/><G64/><T111/><D111/><U83/><E83/><V27/><F119/><W18/><G67/><T4/><D4/><U44/><E44/><V26/><F46/><RYUUKYOKU ba="0,1" sc="276,-10,286,30,219,-10,209,-10" hai1="17,22,36,39,48,52,59,60,61,62,91,92,98" /><INIT seed="1,1,1,3,1,83" ten="266,316,209,199" oya="1" hai0="42,12,112,127,74,27,100,106,45,25,6,99,52" hai1="90,64,119,23,77,104,32,72,118,41,84,134,78" hai2="3,101,92,130,87,117,85,107,15,0,19,129,108" hai3="47,97,67,93,36,102,68,20,109,4,61,126,98"/><U91/><E32/><V22/><F117/><N who="1" m="44553" /><E23/><V54/><F108/><W39/><G109/><T63/><D112/><U28/><E72/><V35/><F35/><W43/><G126/><T44/><D74/><U26/><E64/><V88/><F54/><W105/><G4/><T121/><D121/><U8/><E8/><V94/><F107/><W16/><G47/><T30/><D127/><U82/><E41/><V122/><F122/><W7/><G7/><T57/><D42/><U38/><E38/><V135/><F135/><W49/><G49/><T18/><D6/><U124/><E26/><V69/><F69/><W120/><G43/><T79/><D79/><N who="1" m="30219" /><E28/><V70/><F70/><W2/><G2/><T116/><D116/><U40/><E40/><V125/><F125/><W53/><G53/><T9/><D25/><U56/><E56/><V58/><F58/><W13/><REACH who="3" step="1"/><G120/><REACH who="3" ten="266,316,209,189" step="2"/><T123/><REACH who="0" step="1"/><D123/><REACH who="0" ten="256,316,209,189" step="2"/><U110/><E124/><V5/><F3/><W76/><G76/><T50/><D50/><U86/><E134/><V10/><REACH who="2" step="1"/><F101/><AGARI ba="1,3" hai="13,16,20,36,39,61,67,68,93,97,98,101,102,105" machi="101" ten="30,7700,0" yaku="1,1,7,1,54,1,53,1" doraHai="83" doraHaiUra="65" who="3" fromWho="2" sc="256,0,316,0,209,-80,189,110" /><INIT seed="2,0,0,2,2,56" ten="256,316,129,299" oya="2" hai0="33,3,50,97,126,70,85,118,72,38,112,14,25" hai1="91,113,71,37,53,116,87,13,54,20,8,64,60" hai2="27,30,51,127,121,96,63,74,17,132,90,26,6" hai3="11,55,89,104,107,93,105,31,23,12,111,81,41"/><V84/><F121/><W42/><G81/><T133/><RYUUKYOKU type="yao9" ba="0,0" sc="256,0,316,0,129,0,299,0" hai0="3,14,25,33,38,50,70,72,85,97,112,118,126,133" /><INIT seed="2,1,0,4,0,133" ten="256,316,129,299" oya="2" hai0="48,110,36,39,70,63,15,98,19,24,9,119,23" hai1="76,78,118,28,68,61,11,0,41,12,105,81,131" hai2="87,54,2,134,77,100,49,29,22,114,124,121,92" hai3="42,65,102,113,85,75,60,122,13,14,59,112,132"/><V84/><F121/><W127/><G75/><T125/><D110/><U27/><E118/><V74/><F114/><N who="3" m="44139" /><G132/><T82/><D119/><U72/><E131/><V21/><F2/><W109/><G109/><T95/><D82/><U18/><E41/><V7/><F134/><W64/><G122/><T91/><D48/><U51/><E51/><V86/><F7/><W35/><G35/><T26/><D26/><U58/><E68/><V34/><F74/><W94/><G42/><T16/><REACH who="0" step="1"/><D125/><REACH who="0" ten="246,316,129,299" step="2"/><U40/><E81/><V130/><F124/><W93/><G127/><T38/><D38/><U57/><E27/><V4/><F130/><W3/><G3/><T126/><D126/><U79/><E0/><V62/><F77/><W43/><G43/><T47/><D47/><U6/><E40/><V83/><F83/><W129/><G129/><T89/><D89/><U30/><E79/><V117/><F117/><W8/><G102/><T107/><D107/><U88/><E105/><V111/><F111/><W128/><G128/><T108/><D108/><U5/><E72/><V116/><F116/><W31/><G94/><T80/><D80/><U37/><E37/><V44/><F100/><W50/><G50/><T104/><D104/><U115/><E115/><V73/><F73/><W17/><G14/><T69/><D69/><U66/><E12/><V52/><F92/><W45/><G45/><T123/><D123/><U32/><E78/><V56/><REACH who="2" step="1"/><F4/><REACH who="2" ten="246,316,119,299" step="2"/><N who="1" m="1641" /><E76/><V96/><F96/><W46/><G93/><T103/><D103/><U33/><E88/><V10/><F10/><W67/><G8/><RYUUKYOKU ba="1,2" sc="246,15,316,-15,119,15,299,-15" hai0="9,15,16,19,23,24,36,39,63,70,91,95,98" hai2="21,22,29,34,44,49,52,54,56,62,84,86,87" /><INIT seed="2,2,2,3,0,47" ten="261,301,134,284" oya="2" hai0="41,52,35,34,108,106,129,36,119,123,126,111,127" hai1="45,118,66,71,26,98,135,21,39,12,124,128,51" hai2="19,28,30,90,103,122,115,58,46,76,83,95,0" hai3="113,7,27,85,109,11,22,57,81,16,25,63,65"/><V78/><F122/><W94/><G109/><N who="0" m="42059" /><D123/><U10/><E118/><V61/><F115/><W86/><G113/><T13/><D106/><U56/><E124/><N who="0" m="47657" /><D119/><U114/><E114/><V3/><F103/><W131/><G131/><T67/><D129/><U15/><E135/><V93/><F19/><W43/><G43/><T31/><D67/><U69/><E128/><V33/><F33/><W75/><G94/><N who="2" m="35849" /><F3/><W8/><G25/><T2/><D2/><U77/><E77/><N who="2" m="29803" /><F0/><W110/><G110/><T20/><D52/><N who="1" m="29807" /><E39/><V91/><F46/><W74/><G75/><T101/><D101/><U32/><E32/><V44/><F44/><W18/><G74/><T132/><D132/><U6/><E69/><V92/><F83/><W60/><G81/><T104/><D104/><U70/><E71/><V97/><F91/><W40/><G40/><T4/><D41/><U48/><E70/><V23/><F23/><W29/><G22/><T125/><D125/><U38/><E38/><V64/><AGARI ba="2,2" hai="28,30,58,61,64,90,92,97" m="29803,35849" machi="64" ten="30,1500,0" yaku="8,1" doraHai="47" who="2" fromWho="2" sc="261,-7,301,-7,134,41,284,-7" /><INIT seed="2,3,0,4,3,25" ten="254,294,175,277" oya="2" hai0="10,87,129,64,45,32,35,81,92,34,62,74,66" hai1="44,118,55,86,43,126,122,23,50,38,31,106,58" hai2="132,83,6,96,14,1,57,67,2,27,60,7,15" hai3="111,95,4,120,89,69,113,22,100,131,80,130,28"/><V68/><F132/><W21/><G111/><T123/><D123/><U5/><E118/><V53/><F83/><W90/><G120/><T97/><D129/><N who="3" m="49161" /><G69/><T94/><D74/><U48/><E122/><V26/><F2/><W18/><G113/><T112/><D112/><U29/><E106/><V109/><F109/><W17/><G4/><T110/><D110/><U61/><E126/><V46/><F46/><W37/><G37/><T19/><D45/><N who="1" m="25663" /><E38/><V3/><F3/><W41/><G41/><T102/><D92/><U70/><E70/><V0/><F0/><W115/><G115/><T121/><D121/><U9/><E23/><N who="3" m="8714" /><G100/><T135/><D135/><U101/><E101/><V78/><F78/><W63/><G63/><T51/><D51/><U105/><E105/><V47/><F47/><W42/><G42/><T93/><D93/><U72/><E72/><V76/><F76/><W36/><G36/><T71/><D66/><N who="1" m="39223" /><E86/><V114/><F114/><W107/><G107/><T75/><D75/><U82/><E82/><V79/><F79/><W20/><G80/><T103/><D103/><U104/><E104/><V133/><F133/><W128/><G128/><T40/><D40/><U11/><E5/><N who="2" m="1547" /><F1/><W77/><G77/><N who="0" m="46511" /><D35/><U116/><E116/><V16/><F96/><N who="3" m="57455" /><G90/><T84/><D84/><U39/><E39/><V73/><F73/><W8/><G8/><AGARI ba="3,0" hai="8,9,11,29,31,44,50,55" m="39223,25663" machi="8" ten="30,3900,0" yaku="8,1,52,2" doraHai="25" who="1" fromWho="3" sc="254,0,294,48,175,0,277,-48" /><INIT seed="3,0,0,3,1,77" ten="254,342,175,229" oya="3" hai0="89,106,12,121,98,127,25,9,34,27,66,26,67" hai1="122,132,50,1,57,88,17,69,30,45,41,11,53" hai2="123,59,133,21,92,37,8,7,135,116,31,55,117" hai3="85,4,60,39,113,120,76,81,16,131,18,124,107"/><W36/><G113/><T115/><D121/><U75/><E122/><V13/><F37/><W54/><G120/><T3/><D3/><U52/><E75/><V119/><F123/><W6/><G107/><T87/><D34/><U46/><E69/><V110/><F110/><W86/><G131/><T73/><D73/><U63/><E132/><V22/><F92/><W32/><G32/><T94/><D127/><U82/><E30/><V99/><F99/><W38/><G124/><T78/><D115/><U130/><E130/><V44/><F44/><W68/><G86/><T108/><D108/><U109/><E109/><V101/><F101/><W72/><G72/><T93/><D106/><U64/><E46/><V103/><F103/><W80/><G80/><N who="0" m="47511" /><D94/><U126/><E126/><V96/><F96/><W10/><G4/><AGARI ba="0,0" hai="4,9,12,25,26,27,66,67,89,93,98" m="47511" machi="4" ten="30,2000,0" yaku="8,1,52,1" doraHai="77" who="0" fromWho="3" sc="254,20,342,0,175,0,229,-20" owari="274,7.4,342,44.2,175,-32.5,209,-19.1" /></mjloggm>