<mjloggm ver="2.3"><GO type="225" lobby="0"/><UN n0="%E3%81%8F%E3%82%8A%E3%83%94%E3%83%BC" n1="%6D%75%75%6D%75%72%61" n2="%E9%81%85%E5%88%BB%E3%81%AE%E3%83%97%E3%83%AA%E3%83%B3%E3%82%B9%E2%99%AA" n3="%48%61%61%61%6C%61%6E%64" dan="16,16,16,17" rate="2069.43,2104.29,2167.34,2220.95" sx="M,F,F,M"/><TAIKYOKU oya="0"/><INIT seed="0,0,0,0,5,30" ten="250,250,250,250" oya="0" hai0="109,18,2,47,27,6,86,97,32,53,3,124,25" hai1="10,5,135,98,108,22,133,8,62,125,44,128,94" hai2="92,34,16,84,121,12,50,59,134,40,35,83,122" hai3="39,126,132,102,11,13,96,87,57,20,68,123,23"/><T75/><D75/><U120/><E120/><V93/><F134/><N who="1" m="51209" /><E108/><V79/><F121/><W101/><G68/><T43/><D109/><U77/><E125/><V69/><F69/><W111/><G123/><T14/><D124/><U36/><E128/><V118/><F122/><W113/><G126/><T78/><D53/><U117/><E117/><V110/><F110/><W33/><G111/><T74/><D97/><U85/><E62/><V24/><F118/><W103/><G132/><T58/><D58/><U54/><E22/><V61/><F50/><W130/><G39/><T38/><D86/><U55/><E36/><V15/><F40/><W29/><G130/><T90/><D90/><N who="1" m="55639" /><E44/><V56/><F56/><W119/><G96/><T46/><D46/><U100/><E100/><V70/><F70/><W107/><G87/><T127/><D127/><U19/><E19/><V116/><F116/><W99/><G119/><T67/><D18/><U64/><E64/><V81/><F81/><W65/><G102/><T73/><D67/><U49/><E49/><V105/><F105/><W129/><G103/><T9/><D78/><U51/><E51/><V41/><F41/><W48/><G129/><T26/><D74/><U7/><E85/><V91/><F93/><W106/><G106/><T131/><D73/><U63/><E63/><V72/><F61/><N who="3" m="38063" /><G48/><T71/><D71/><U52/><E77/><V88/><F59/><W0/><G107/><T37/><D131/><U115/><E115/><V42/><F42/><W76/><G113/><T17/><D38/><U112/><E112/><V60/><F72/><RYUUKYOKU ba="0,0" sc="250,-10,250,30,250,-10,250,-10" hai1="5,7,8,10,52,54,55" /><INIT seed="1,1,0,0,2,8" ten="240,280,240,240" oya="1" hai0="31,28,39,112,69,58,32,66,109,135,17,134,11" hai1="98,45,78,37,54,59,114,75,46,47,55,101,122" hai2="21,82,64,12,115,100,67,61,51,116,92,127,104" hai3="83,43,44,117,86,105,52,81,23,27,97,22,63"/><U94/><E114/><V106/><F116/><W26/><G117/><T10/><D69/><U124/><E122/><V5/><F106/><W102/><G23/><T13/><D112/><U68/><E68/><V96/><F115/><W88/><G83/><T34/><D58/><U85/><E124/><V36/><F36/><W131/><G131/><T70/><D66/><U84/><E75/><V60/><F127/><W110/><G110/><T14/><D39/><U29/><E37/><V73/><F104/><W1/><G1/><T35/><D70/><U3/><E3/><V90/><F51/><W121/><G121/><T0/><D0/><U38/><E38/><V57/><F73/><W126/><G126/><T24/><D109/><U18/><E29/><N who="0" m="11337" /><D24/><U133/><E133/><V9/><F21/><W87/><G27/><T42/><D42/><U113/><E113/><V4/><F4/><AGARI ba="1,0" hai="4,10,11,13,14,17,32,34,35,134,135" m="11337" machi="4" ten="40,8000,1" yaku="34,2,52,2" doraHai="8" who="0" fromWho="2" sc="240,83,280,0,240,-83,240,0" /><INIT seed="2,0,0,2,5,1" ten="323,280,157,240" oya="2" hai0="130,108,84,31,118,44,78,4,104,98,12,61,0" hai1="90,93,14,45,129,27,68,58,49,18,32,69,25" hai2="42,6,11,65,51,53,81,133,86,83,80,102,94" hai3="48,15,97,29,79,34,74,100,82,122,13,96,2"/><V43/><F133/><W24/><G122/><T52/><D0/><U67/><E129/><V37/><F37/><W40/><G2/><T131/><D108/><U110/><E110/><V57/><F65/><W55/><G40/><T19/><D31/><U50/><E68/><V70/><F70/><W105/><REACH who="3" step="1"/><G97/><REACH who="3" ten="323,280,157,230" step="2"/><T121/><D98/><N who="1" m="57655" /><E69/><V60/><F51/><W21/><G21/><T125/><D131/><U85/><E32/><V116/><F116/><W91/><G91/><T113/><D118/><U47/><E49/><V63/><F63/><W54/><G54/><T35/><D52/><N who="1" m="32023" /><E67/><V76/><F43/><W20/><G20/><T75/><D130/><U23/><E85/><V89/><F42/><W103/><G103/><T132/><D84/><U59/><E59/><AGARI ba="0,1" hai="13,15,24,29,34,48,55,59,74,79,82,96,100,105" machi="59" ten="30,2000,0" yaku="1,1,7,1,53,0" doraHai="1" doraHaiUra="3" who="3" fromWho="1" sc="323,0,280,-20,157,0,230,30" /><INIT seed="3,0,0,2,0,0" ten="323,260,157,260" oya="3" hai0="94,10,24,22,83,77,104,133,5,89,25,113,88" hai1="9,90,3,109,32,37,60,73,108,63,99,71,61" hai2="53,123,115,80,35,20,13,114,130,1,66,86,55" hai3="82,84,85,56,50,96,26,42,127,44,14,19,70"/><W134/><G70/><T23/><D104/><U112/><E112/><V100/><F35/><W47/><G127/><T49/><D133/><U16/><E32/><V135/><F1/><W36/><G134/><T11/><D113/><U6/><E37/><V128/><F100/><W76/><G96/><T67/><D67/><U118/><E73/><V40/><F20/><W69/><G69/><T31/><D49/><U30/><E30/><V46/><F13/><W122/><G122/><T132/><D132/><U116/><E71/><V8/><F8/><W21/><G56/><T18/><D94/><N who="1" m="56791" /><E16/><V38/><F86/><W95/><G95/><T48/><D48/><U34/><E34/><V51/><F80/><W93/><G93/><T119/><D11/><U110/><AGARI ba="0,0" hai="3,6,9,60,61,63,108,109,110,116,118" m="56791" machi="110" ten="40,2700,0" yaku="14,1,52,1" doraHai="0" who="1" fromWho="1" sc="323,-7,260,27,157,-7,260,-13" owari="316,41.6,287,8.7,150,-35.0,247,-15.3" /></mjloggm>