<mjloggm ver="2.3"><GO type="225" lobby="0"/><UN n0="%E5%A4%96%E5%B7%9D%E7%AB%9C%E6%88%90" n1="%E3%81%A9%E3%82%93%E3%82%88%E3%81%8F%4D%6B%2E%32" n2="%E3%81%91%E3%83%BC%E3%81%9E%E3%81%88" n3="%E6%A1%9C%E8%8A%B1%E9%96%83%E3%80%85" dan="16,16,16,17" rate="2204.19,2188.67,2159.94,2107.09" sx="M,M,M,M"/><TAIKYOKU oya="0"/><INIT seed="0,0,0,4,3,42" ten="250,250,250,250" oya="0" hai0="101,86,117,110,105,100,41,66,98,23,8,75,107" hai1="3,87,61,70,131,113,115,33,71,52,2,22,51" hai2="122,11,82,104,13,79,25,132,91,19,124,96,6" hai3="45,123,95,49,72,35,130,78,32,24,93,121,57"/><T108/><D117/><U30/><E33/><N who="3" m="12874" /><G24/><T68/><D75/><U76/><E131/><V77/><F132/><W54/><G130/><T39/><D23/><U29/><E76/><V62/><F104/><W103/><G103/><T48/><D48/><U43/><E43/><V88/><F124/><W125/><G125/><T34/><D34/><U50/><E87/><V46/><F79/><W120/><G57/><T56/><D56/><U119/><E119/><V126/><F126/><W5/><G5/><T65/><D86/><U83/><E83/><AGARI ba="0,0" hai="45,49,54,72,78,83,93,95,120,121,123" m="12874" machi="83" ten="40,2600,0" yaku="13,1,52,1" doraHai="42" who="3" fromWho="1" sc="250,0,250,-26,250,0,250,26" /><INIT seed="1,0,0,0,3,103" ten="250,224,250,276" oya="1" hai0="41,36,134,89,18,126,96,1,66,51,135,83,105" hai1="16,132,0,23,82,76,110,125,64,21,40,108,9" hai2="88,102,7,35,15,69,121,46,130,22,123,37,5" hai3="67,31,90,128,109,8,133,54,17,52,81,78,24"/><U53/><E40/><V131/><F69/><W60/><G109/><N who="1" m="42090" /><E125/><V87/><F37/><W45/><G133/><N who="0" m="50699" /><D1/><U98/><E132/><V26/><F46/><W49/><G128/><N who="2" m="49193" /><F102/><W50/><G90/><T127/><D66/><U19/><E64/><V106/><F35/><W68/><G17/><N who="1" m="6730" /><E53/><V97/><F26/><W14/><G54/><T11/><D36/><U86/><E98/><V104/><F22/><W34/><G50/><T79/><D51/><U13/><E0/><V20/><F20/><W91/><G49/><T114/><D41/><U119/><E119/><V27/><F27/><W112/><G52/><T77/><D114/><U4/><AGARI ba="0,0" hai="4,9,13,21,23,76,82,86" m="6730,42090" machi="4" ten="30,6000,0" yaku="14,1,10,1,54,1" doraHai="103" who="1" fromWho="1" sc="250,-20,224,60,250,-20,276,-20" /><INIT seed="1,1,0,3,1,24" ten="230,284,230,256" oya="1" hai0="88,41,56,27,99,77,129,23,57,98,112,15,78" hai1="43,3,1,97,52,14,85,81,91,132,26,38,11" hai2="39,36,103,76,8,62,60,25,80,126,101,6,131" hai3="4,100,47,70,107,109,75,29,133,74,65,127,108"/><U134/><E97/><V33/><F126/><W34/><G47/><T124/><D112/><U40/><E26/><V128/><F33/><W61/><G4/><T31/><D129/><N who="2" m="49738" /><F25/><N who="3" m="18735" /><G133/><N who="1" m="51306" /><E52/><V5/><F80/><W28/><G28/><T49/><D99/><U116/><E116/><V117/><F76/><N who="0" m="29290" /><D15/><U51/><E51/><V50/><F8/><W118/><G127/><T2/><D2/><N who="1" m="523" /><E38/><N who="2" m="14379" /><F50/><W110/><G118/><T67/><D67/><U86/><E86/><V87/><F87/><W73/><G100/><N who="2" m="38473" /><F117/><W71/><G107/><T21/><D21/><U102/><E102/><V135/><F135/><W13/><G13/><T45/><D124/><U44/><E44/><V64/><F64/><W58/><AGARI ba="1,0" hai="58,61,65,70,71,73,74,75,108,109,110" m="18735" machi="58" ten="40,2700,0" yaku="14,1,52,1" doraHai="24" who="3" fromWho="3" sc="230,-8,284,-14,230,-8,256,30" /><INIT seed="2,0,0,0,0,40" ten="222,270,222,286" oya="2" hai0="63,32,53,76,123,29,61,44,33,95,27,36,78" hai1="90,73,34,81,35,121,5,108,83,113,64,100,80" hai2="70,114,26,69,109,101,127,97,38,103,6,99,85" hai3="11,59,9,23,72,52,79,37,17,98,86,112,0"/><V42/><F114/><W60/><G72/><T84/><D123/><U30/><E113/><V7/><F127/><W106/><G37/><T93/><D33/><U71/><E73/><V54/><F38/><W18/><G112/><T28/><D28/><U47/><E121/><V13/><F42/><W15/><G0/><T89/><D95/><U115/><E115/><V66/><F109/><W117/><G117/><T48/><REACH who="0" step="1"/><D36/><REACH who="0" ten="212,270,222,286" step="2"/><U87/><E35/><V94/><F94/><W125/><G125/><T88/><D88/><U8/><E90/><V116/><F116/><W55/><G106/><T122/><D122/><U111/><E30/><V21/><F103/><W67/><G98/><T130/><D130/><U132/><E100/><V4/><F101/><W46/><G18/><T129/><D129/><U74/><E34/><V135/><F99/><W134/><G17/><T77/><AGARI ba="0,1" hai="27,29,32,44,48,53,61,63,76,77,78,84,89,93" machi="77" ten="30,4000,0" yaku="1,1,0,1,52,1,53,0" doraHai="40" doraHaiUra="14" who="0" fromWho="0" sc="212,50,270,-10,222,-20,286,-10" /><INIT seed="3,0,0,0,2,27" ten="262,260,202,276" oya="3" hai0="106,101,107,45,121,12,25,95,54,36,115,118,70" hai1="18,105,93,30,127,1,21,39,15,7,94,123,74" hai2="124,76,17,119,65,53,108,9,34,4,64,55,2" hai3="91,57,43,120,42,13,28,44,85,26,10,51,113"/><W41/><G113/><T96/><D118/><U79/><E105/><V126/><F119/><W104/><G104/><T111/><D121/><U0/><E123/><V133/><F108/><W87/><G57/><T61/><D111/><U46/><E127/><N who="2" m="48683" /><F133/><W135/><G135/><T31/><D12/><U58/><E58/><V14/><F34/><W67/><G67/><N who="2" m="25673" /><F76/><W102/><G102/><T84/><D115/><U116/><E116/><V3/><F3/><W8/><G87/><T86/><D107/><U52/><E0/><V100/><F100/><W125/><G120/><T132/><D106/><U128/><E79/><V92/><F92/><W60/><G60/><T110/><D110/><U82/><E82/><V122/><F122/><W131/><G131/><T40/><D132/><U23/><E74/><V103/><F103/><W69/><G69/><T80/><D80/><U78/><E78/><V19/><F19/><N who="3" m="8615" /><G10/><AGARI ba="0,0" hai="2,4,9,10,14,17,53,55" m="25673,48683" machi="10" ten="30,1000,0" yaku="18,1" doraHai="27" who="2" fromWho="3" sc="262,0,260,0,202,10,276,-10" /><INIT seed="4,0,0,0,0,76" ten="262,260,212,266" oya="0" hai0="46,103,92,21,17,8,43,25,94,130,120,60,59" hai1="67,83,109,65,135,61,64,40,38,108,125,90,95" hai2="96,129,16,53,97,124,106,26,15,48,110,88,79" hai3="66,87,71,131,112,23,7,75,12,47,49,62,99"/><T82/><D120/><U86/><E125/><V77/><F110/><W19/><G75/><T119/><D130/><U73/><E135/><V51/><F106/><W0/><G112/><T134/><D119/><U80/><E73/><V68/><F68/><W10/><G99/><N who="2" m="37961" /><F124/><W128/><REACH who="3" step="1"/><G87/><REACH who="3" ten="262,260,212,256" step="2"/><T39/><D134/><U1/><E108/><V93/><F129/><W28/><G28/><T100/><D100/><U126/><E109/><V20/><F51/><W70/><G70/><T29/><D103/><U5/><E126/><V11/><F48/><W91/><G91/><T24/><D29/><U55/><E86/><N who="2" m="52375" /><F53/><AGARI ba="0,1" hai="0,7,10,12,19,23,47,49,53,62,66,71,128,131" machi="53" ten="40,1300,0" yaku="1,1,53,0" doraHai="76" doraHaiUra="104" who="3" fromWho="2" sc="262,0,260,0,212,-13,256,23" /><INIT seed="5,0,0,3,2,127" ten="262,260,199,279" oya="1" hai0="3,38,56,117,17,89,76,118,122,8,27,10,28" hai1="61,87,29,133,50,46,112,66,15,83,111,90,24" hai2="134,92,37,75,7,71,121,94,132,64,100,131,25" hai3="99,86,116,107,11,52,19,80,63,105,98,1,109"/><U65/><E112/><V43/><F121/><W113/><G109/><T57/><D38/><U128/><E111/><V48/><F37/><W91/><G116/><T126/><D76/><U51/><E133/><N who="2" m="51307" /><F75/><W5/><G19/><T68/><D68/><U36/><E128/><V114/><F114/><W77/><G113/><T73/><D73/><U22/><E36/><V79/><F79/><W47/><G47/><T26/><D89/><U45/><E15/><V54/><F43/><W78/><G78/><T106/><D106/><U115/><E115/><V130/><F7/><W81/><G99/><T13/><D57/><U104/><E104/><V129/><F100/><W39/><G39/><T33/><D56/><U101/><E101/><V97/><F97/><W125/><G125/><T32/><D122/><U14/><E14/><V31/><F64/><W96/><G96/><T88/><D88/><U20/><E20/><N who="2" m="15783" /><F71/><W124/><G98/><T55/><D55/><U84/><E84/><V49/><F49/><W34/><G34/><T0/><D126/><U82/><E82/><V2/><F2/><N who="0" m="554" /><D8/><U21/><E21/><V59/><AGARI ba="0,0" hai="48,54,59,92,94,129,130,131" m="15783,51307" machi="59" ten="40,8000,1" yaku="19,1,20,1,52,3" doraHai="127" who="2" fromWho="2" sc="262,-20,260,-40,199,80,279,-20" /><INIT seed="6,0,0,0,5,9" ten="242,220,279,259" oya="2" hai0="30,102,125,47,25,19,36,72,106,83,89,76,95" hai1="127,53,112,94,105,111,20,68,86,109,12,82,37" hai2="134,1,113,17,35,91,92,78,66,75,122,98,50" hai3="58,11,13,87,45,4,84,77,7,22,124,116,107"/><V3/><F122/><W34/><G116/><T40/><D125/><U14/><E105/><V131/><F35/><W101/><G34/><T70/><D70/><U129/><E37/><V97/><F113/><W32/><G32/><T104/><D30/><U99/><E68/><V46/><F66/><W5/><G124/><T60/><D60/><U51/><E127/><V31/><F31/><W88/><G107/><T61/><D61/><U114/><E129/><V55/><F134/><W63/><G101/><T126/><D126/><U33/><E33/><V56/><F56/><W16/><G45/><T15/><D25/><U0/><E0/><V65/><F65/><N who="3" m="39159" /><G84/><T18/><D18/><U59/><E20/><V119/><F98/><W130/><G77/><T69/><D102/><U80/><E109/><V81/><F131/><W23/><G130/><T132/><D132/><U74/><E74/><V43/><F43/><W108/><G108/><T93/><D93/><AGARI ba="0,0" hai="4,5,7,11,13,16,22,23,87,88,93" m="39159" machi="93" ten="30,7700,0" yaku="8,1,52,1,54,2" doraHai="9" who="3" fromWho="0" sc="242,-77,220,0,279,0,259,77" owari="165,-33.5,220,-18.0,279,7.9,336,43.6" /></mjloggm>