<mjloggm ver="2.3"><GO type="225" lobby="0"/><UN n0="%4C%4F%4C%49%54%41" n1="%E7%A6%8F%E5%8E%9F%E9%81%A5%E3%81%A8%E7%B5%90%E5%A9%9A%E3%81%99%E3%82%8B" n2="%E5%8F%AF%E5%85%90%E9%82%A3%E7%94%B1%E5%A4%9A" n3="%E3%83%97%E3%83%AC%E3%83%B4%E3%82%A1%E3%83%86%E3%82%A3" dan="16,17,17,16" rate="2196.07,2125.96,2156.51,2091.54" sx="F,M,F,F"/><TAIKYOKU oya="0"/><INIT seed="0,0,0,4,2,85" ten="250,250,250,250" oya="0" hai0="52,99,9,93,23,98,87,123,88,82,78,56,108" hai1="34,36,41,38,131,94,105,48,74,86,84,18,101" hai2="28,122,25,92,69,15,109,55,65,12,95,0,68" hai3="111,130,83,71,103,6,16,22,112,47,17,116,118"/><T2/><D123/><U80/><E34/><V90/><F122/><W134/><G71/><T8/><D108/><U117/><E18/><V75/><F0/><W24/><G103/><T51/><D2/><U35/><E48/><V70/><F75/><W100/><G100/><T115/><D115/><U50/><E50/><V5/><F109/><W121/><G121/><T53/><D23/><U32/><E41/><V76/><F76/><W29/><G111/><T124/><D124/><U126/><E126/><V59/><F65/><W54/><G112/><T102/><REACH who="0" step="1"/><D53/><REACH who="0" ten="240,250,250,250" step="2"/><U49/><E35/><V73/><F55/><W21/><G54/><T44/><D44/><U135/><E32/><V81/><F12/><W96/><G47/><T132/><D132/><U106/><E135/><V119/><F15/><W37/><G134/><T4/><D4/><U57/><E117/><V26/><F5/><W1/><G116/><T45/><D45/><U13/><E13/><V120/><F119/><W46/><G118/><T72/><D72/><U58/><E74/><V104/><F73/><W42/><G21/><T67/><D67/><U43/><E43/><V97/><F120/><W127/><G127/><T125/><D125/><U11/><E11/><V62/><F25/><W64/><G64/><T66/><D66/><U91/><E38/><V77/><F68/><W129/><G1/><T7/><D7/><U19/><E36/><V128/><F69/><W40/><G6/><T113/><D113/><U20/><E20/><V30/><F70/><W33/><G40/><T27/><D27/><U60/><E58/><RYUUKYOKU ba="0,1" sc="240,30,250,-10,250,-10,250,-10" hai0="8,9,51,52,56,78,82,87,88,93,98,99,102" /><INIT seed="0,1,1,1,2,22" ten="270,240,240,240" oya="0" hai0="118,23,114,132,71,113,43,28,94,100,72,16,38" hai1="42,59,13,62,103,120,90,87,1,107,10,82,66" hai2="134,47,101,49,125,4,77,53,64,35,124,61,69" hai3="91,50,63,95,81,104,83,116,41,21,93,119,48"/><T89/><D118/><U30/><E120/><V44/><F35/><W36/><G104/><T112/><D72/><U131/><E131/><V2/><F77/><W88/><G21/><T54/><D71/><U133/><E133/><V60/><F101/><W76/><G63/><T46/><D132/><U24/><E1/><V128/><F4/><W78/><REACH who="3" step="1"/><G41/><REACH who="3" ten="270,240,240,230" step="2"/><T127/><D23/><N who="1" m="15647" /><E107/><V14/><F134/><W68/><G68/><T39/><D43/><U29/><E42/><V9/><F61/><W65/><G65/><T123/><D114/><U126/><E126/><V106/><F106/><W15/><G15/><T8/><D127/><U7/><E29/><V111/><F14/><W5/><G5/><T67/><D113/><U108/><E108/><V122/><F111/><W12/><G12/><T45/><D112/><U57/><E7/><N who="2" m="1271" /><F125/><W102/><G102/><T18/><D100/><U70/><E103/><V99/><F124/><W6/><G6/><T37/><D67/><U92/><E70/><V19/><F69/><W84/><G84/><T105/><D105/><U34/><E34/><V20/><F64/><W117/><G117/><T27/><D28/><U129/><E129/><V97/><F128/><W80/><G80/><T73/><D73/><U3/><E3/><V25/><F60/><W74/><G74/><T135/><D135/><U121/><E121/><V32/><F122/><W11/><G11/><T52/><D123/><U79/><E10/><V115/><F115/><W109/><G109/><T98/><D8/><U55/><E13/><V31/><F32/><W130/><G130/><RYUUKYOKU ba="1,2" sc="270,-10,240,-10,240,-10,230,30" hai3="36,48,50,76,78,81,83,88,91,93,95,116,119" /><INIT seed="1,2,2,2,4,92" ten="260,230,230,260" oya="1" hai0="65,119,75,132,46,51,69,23,41,72,128,73,89" hai1="13,48,120,66,52,107,101,36,117,115,12,111,32" hai2="0,11,8,86,58,113,123,21,37,4,43,74,16" hai3="27,54,100,29,96,33,80,20,104,114,99,98,39"/><U79/><E115/><V56/><F123/><W17/><G114/><T88/><D119/><U133/><E117/><V103/><F113/><W45/><G80/><T97/><D128/><U53/><E120/><V35/><F35/><W49/><G39/><T126/><D132/><U19/><E36/><V22/><F74/><W130/><G130/><T78/><D78/><U118/><E118/><V77/><F103/><W81/><G81/><T93/><D126/><U131/><E32/><V7/><F77/><W18/><G18/><T38/><D51/><U90/><E79/><V127/><F127/><W106/><G106/><T83/><D23/><U121/><E121/><V40/><F86/><W64/><G64/><T102/><REACH who="0" step="1"/><D83/><REACH who="0" ten="250,230,230,260" step="2"/><U108/><E133/><V9/><F37/><W24/><AGARI ba="2,3" hai="17,20,24,27,29,33,45,49,54,96,98,99,100,104" machi="24" ten="20,8000,1" yaku="0,1,7,1,52,3" doraHai="92" who="3" fromWho="3" sc="250,-22,230,-42,230,-22,260,116" /><INIT seed="2,0,0,2,3,50" ten="228,188,208,376" oya="2" hai0="8,30,54,28,77,66,56,32,71,107,121,9,69" hai1="78,33,135,35,117,17,53,70,41,98,58,67,119" hai2="83,110,87,80,45,4,105,84,79,63,19,123,124" hai3="26,44,22,62,25,2,102,6,23,3,101,72,60"/><V116/><F116/><W38/><G6/><T7/><D107/><U126/><E78/><V20/><F123/><W31/><G72/><T132/><D121/><U130/><E98/><V106/><F124/><W76/><G76/><T104/><D104/><U42/><E17/><V99/><F4/><W86/><G86/><T89/><D77/><U14/><E14/><V133/><F133/><W24/><G44/><T88/><D7/><U108/><E35/><V112/><F112/><W0/><G38/><T109/><D66/><U49/><E33/><V85/><F110/><W129/><G31/><T48/><D32/><U82/><E82/><V39/><F63/><N who="3" m="24107" /><G129/><T81/><D132/><U94/><E94/><V18/><F18/><W120/><G120/><T115/><D109/><U128/><E135/><V11/><F83/><W37/><G37/><T114/><D81/><U91/><E91/><V40/><F11/><W52/><G52/><T92/><D92/><U97/><E108/><V51/><F39/><W1/><N who="3" m="0" /><DORA hai="64" /><W36/><G36/><T74/><D74/><U61/><E97/><V13/><REACH who="2" step="1"/><F106/><REACH who="2" ten="228,188,198,376" step="2"/><W127/><G127/><T134/><D134/><U47/><E126/><V96/><F96/><W57/><G57/><T15/><D56/><U21/><E117/><V68/><F68/><W118/><G118/><T75/><D114/><U90/><E119/><V12/><F12/><W59/><G59/><T131/><D115/><U65/><E70/><V122/><F122/><W10/><G10/><T113/><D113/><U73/><E58/><V16/><F16/><W125/><G125/><RYUUKYOKU ba="0,1" sc="228,-15,188,-15,198,15,376,15" hai2="13,19,20,40,45,51,79,80,84,85,87,99,105" hai3="22,23,24,25,26,101,102" /><INIT seed="2,1,1,4,4,89" ten="213,173,213,391" oya="2" hai0="132,109,63,114,38,70,41,2,61,74,71,93,6" hai1="100,126,47,84,87,13,134,88,86,45,49,9,40" hai2="85,50,73,94,97,7,42,135,27,18,11,121,118" hai3="66,1,31,8,36,59,130,125,117,12,10,60,104"/><V33/><F118/><W58/><G117/><T92/><D114/><U78/><E134/><V80/><F121/><W108/><G108/><T35/><D35/><U131/><E131/><V62/><F135/><W72/><G130/><T30/><D74/><U15/><E126/><V26/><F73/><W34/><G72/><T98/><D132/><U29/><E100/><N who="2" m="60471" /><F33/><W105/><G125/><T14/><D2/><U133/><E133/><V43/><F7/><W106/><G36/><T116/><D116/><U17/><E29/><V53/><F62/><N who="0" m="23562" /><D70/><U67/><E67/><V69/><F69/><W57/><G1/><T124/><D71/><U102/><E102/><V25/><F11/><W127/><G127/><T123/><D38/><U110/><E110/><V23/><F53/><W115/><G115/><T107/><D107/><U19/><E78/><N who="2" m="46231" /><F50/><W46/><G46/><T76/><D123/><U28/><E47/><V120/><F120/><W21/><G34/><T96/><D109/><U5/><E28/><V103/><F103/><W90/><G8/><T44/><D124/><U48/><E48/><V22/><F22/><W32/><G32/><T65/><D30/><U129/><E129/><V119/><F119/><W77/><G31/><T112/><D112/><U81/><E5/><V79/><F79/><W68/><G21/><AGARI ba="1,1" hai="9,13,15,17,19,21,40,45,49,81,84,86,87,88" machi="21" ten="30,3900,0" yaku="7,1,8,1,54,1" doraHai="89" who="1" fromWho="3" sc="213,0,173,52,213,0,391,-42" /><INIT seed="3,0,0,1,1,131" ten="213,225,213,349" oya="3" hai0="13,89,86,23,26,2,65,75,34,9,127,117,120" hai1="70,35,32,1,112,78,134,56,21,96,94,58,42" hai2="74,25,125,102,43,51,48,83,57,119,95,91,97" hai3="77,5,37,133,14,46,39,101,130,6,33,90,68"/><W135/><G68/><T3/><D120/><U4/><E70/><V80/><F119/><W8/><G33/><T81/><D117/><U108/><E108/><V19/><F125/><W121/><G121/><T12/><D127/><U36/><E112/><V53/><F74/><W115/><G115/><T114/><D114/><U124/><E124/><V15/><F25/><W54/><G77/><T109/><D109/><U82/><E21/><N who="2" m="11519" /><F102/><W100/><G130/><T107/><D107/><U27/><E27/><V59/><F59/><W110/><G110/><T29/><D65/><U20/><E20/><V73/><F73/><W122/><G122/><T10/><D34/><U88/><E56/><V67/><F67/><W60/><G90/><T87/><D75/><N who="1" m="43359" /><E58/><V22/><F22/><W111/><G111/><T118/><D118/><U123/><E123/><V47/><AGARI ba="0,0" hai="43,47,48,51,53,57,80,83,91,95,97" m="11519" machi="47" ten="30,1100,0" yaku="8,1" doraHai="131" who="2" fromWho="2" sc="213,-3,225,-3,213,11,349,-5" owari="210,-29.0,222,-17.8,224,2.4,344,44.4" /></mjloggm>