<mjloggm ver="2.3"><GO type="225" lobby="0"/><UN n0="%74%61%6B%75%61%6B%61" n1="%E3%82%82%E3%81%90%E3%82%89" n2="%72%69%6F%75%63%68%61%6E" n3="%45%6C%79%73%69%75%6D" dan="16,17,17,17" rate="2180.67,2179.09,2260.38,2083.06" sx="M,M,M,F"/><TAIKYOKU oya="0"/><INIT seed="0,0,0,0,1,101" ten="250,250,250,250" oya="0" hai0="27,32,50,77,14,44,99,60,104,55,20,96,34" hai1="12,31,30,9,91,100,8,95,3,125,16,117,127" hai2="83,109,128,131,93,54,58,105,22,112,133,4,108" hai3="74,26,29,61,129,65,134,1,116,6,18,37,51"/><T123/><D123/><U118/><E100/><V66/><F112/><W39/><G116/><N who="1" m="44650" /><E95/><V36/><F133/><W38/><G134/><T56/><D77/><U90/><E90/><V73/><F36/><W67/><G74/><T2/><D2/><U64/><E91/><V121/><F121/><W21/><G129/><N who="2" m="49737" /><F66/><W80/><G80/><T87/><D87/><U115/><E115/><V122/><F122/><W114/><G114/><T89/><D14/><U35/><E64/><V68/><F68/><W130/><G130/><T81/><D81/><U78/><E78/><N who="2" m="44495" /><F4/><W98/><G65/><T135/><D135/><U79/><E79/><V97/><F22/><W119/><G6/><T52/><D96/><U7/><E35/><V53/><F105/><W72/><G67/><T88/><D104/><U103/><E103/><N who="2" m="60847" /><F53/><W84/><G119/><T106/><D106/><U124/><AGARI ba="0,0" hai="3,7,8,9,12,16,30,31,124,125,127" m="44650" machi="124" ten="40,8000,1" yaku="18,1,34,2,54,1" doraHai="101" who="1" fromWho="1" sc="250,-40,250,80,250,-20,250,-20" /><INIT seed="1,0,0,3,3,25" ten="210,330,230,230" oya="1" hai0="50,56,79,49,77,34,48,61,6,70,134,109,63" hai1="78,120,95,54,98,106,111,104,3,64,51,124,47" hai2="128,86,92,14,69,107,121,55,44,131,72,97,29" hai3="115,32,38,30,105,117,90,19,42,43,21,135,130"/><U37/><E120/><V108/><F121/><W80/><G115/><T20/><D34/><U88/><E3/><V2/><F2/><W91/><G130/><N who="2" m="49705" /><F72/><W52/><G135/><T118/><D118/><U28/><E124/><V83/><F69/><W39/><G105/><T132/><D6/><U35/><E111/><V4/><F107/><W76/><G117/><T126/><D109/><U24/><E37/><V133/><F108/><W22/><G32/><T11/><D11/><U8/><E8/><N who="2" m="4359" /><F133/><N who="0" m="51306" /><D126/><U93/><E78/><N who="0" m="29705" /><D70/><U82/><E82/><V119/><F119/><W7/><G7/><T17/><D56/><U46/><E46/><V102/><F55/><W65/><G52/><T1/><D1/><U113/><E113/><V12/><F44/><W94/><G76/><T0/><D0/><U89/><E64/><V16/><F29/><W74/><G65/><T9/><D9/><U68/><E68/><V33/><F33/><W114/><G30/><T125/><D125/><U71/><E71/><V67/><F67/><W84/><G114/><T122/><D122/><U123/><E123/><V58/><F58/><W110/><G110/><T85/><D85/><AGARI ba="0,0" hai="24,28,35,47,51,54,85,88,89,93,95,98,104,106" machi="85" ten="30,5800,0" yaku="7,1,52,1,54,1" doraHai="25" who="1" fromWho="0" sc="210,-58,330,58,230,0,230,0" /><INIT seed="1,1,0,2,1,109" ten="152,388,230,230" oya="1" hai0="91,112,89,46,74,60,25,45,31,90,129,124,16" hai1="19,55,134,38,27,135,66,105,82,118,116,71,94" hai2="78,92,67,48,86,32,59,15,125,98,43,115,34" hai3="28,128,39,84,57,122,50,99,88,64,85,53,117"/><U103/><E105/><V102/><F125/><W14/><G122/><T101/><D124/><U58/><E38/><V56/><F115/><W73/><G39/><T9/><D74/><U106/><E106/><V1/><F1/><W36/><G36/><T8/><D129/><U113/><E82/><V37/><F37/><W6/><G128/><T76/><D76/><U69/><E113/><V22/><F67/><W42/><G73/><T54/><D112/><U35/><E103/><V83/><F32/><W121/><G121/><T10/><D101/><U130/><E94/><V132/><F34/><W33/><G42/><T47/><D31/><U23/><E35/><V127/><F132/><N who="1" m="50729" /><E130/><V13/><F127/><W17/><G64/><T29/><D29/><U79/><E79/><V30/><F13/><W87/><G28/><T120/><D120/><U63/><E71/><V126/><F126/><W40/><G33/><T97/><D97/><U114/><E114/><V11/><F22/><W81/><G99/><T51/><REACH who="0" step="1"/><D60/><AGARI ba="1,0" hai="19,23,27,55,58,60,63,66,69,116,118" m="50729" machi="60" ten="30,1500,0" yaku="20,1" doraHai="109" who="1" fromWho="0" sc="152,-18,388,18,230,0,230,0" /><INIT seed="1,2,0,5,3,52" ten="134,406,230,230" oya="1" hai0="72,128,62,108,92,116,21,130,66,44,133,91,3" hai1="45,43,89,114,115,42,113,41,112,96,84,40,50" hai2="19,35,85,33,47,31,110,103,16,2,77,20,135" hai3="58,124,5,60,98,38,75,119,65,134,125,74,109"/><U63/><N who="1" m="28672" /><DORA hai="54" /><U8/><E8/><V9/><F110/><W23/><G38/><T104/><D116/><U127/><E96/><V37/><F135/><W48/><G134/><T120/><D133/><U82/><REACH who="1" step="1"/><E63/><REACH who="1" ten="134,396,230,230" step="2"/><V131/><F9/><W99/><G99/><T118/><D62/><U61/><E61/><V81/><F2/><W18/><G98/><T13/><D3/><U4/><E4/><V129/><F131/><W51/><G5/><T10/><D10/><U22/><E22/><V49/><F129/><W46/><G23/><T76/><D21/><U25/><E25/><N who="2" m="16807" /><F33/><W132/><G132/><T59/><D130/><U106/><E106/><V83/><F35/><W15/><G60/><T87/><D104/><U80/><E80/><V0/><F0/><W57/><G119/><T71/><D118/><U36/><E36/><V32/><F37/><W102/><G109/><T95/><D108/><U88/><E88/><N who="2" m="51247" /><F32/><W14/><G65/><T24/><D66/><U6/><E6/><V117/><F117/><W69/><G69/><T111/><D71/><U26/><E26/><V90/><F90/><W64/><G64/><T94/><D91/><U101/><E101/><V126/><F103/><W29/><G102/><T17/><D111/><U39/><E39/><V30/><F83/><W73/><G124/><AGARI ba="2,1" hai="40,41,42,43,45,50,82,84,89,124,127" m="28672" machi="124" ten="70,3400,0" yaku="1,1,53,0" doraHai="52,54" doraHaiUra="55,100" who="1" fromWho="3" sc="134,0,396,50,230,0,230,-40" /><INIT seed="1,3,0,5,0,22" ten="134,446,230,190" oya="1" hai0="70,23,126,90,92,34,40,13,68,72,74,24,25" hai1="28,67,109,120,105,116,3,115,14,121,77,117,98" hai2="81,75,53,73,132,131,45,66,118,80,65,113,96" hai3="32,133,82,17,6,104,76,100,83,97,5,10,94"/><U2/><E67/><V55/><F118/><N who="1" m="45673" /><E98/><V61/><F131/><W69/><G69/><T7/><D126/><U51/><E51/><V78/><F132/><W43/><G133/><T47/><D68/><U135/><E77/><V50/><F113/><W4/><G32/><T12/><D70/><U49/><E49/><V91/><F96/><W39/><G17/><T102/><D102/><U37/><E37/><V29/><F29/><W84/><G104/><T79/><D34/><U134/><E105/><V130/><F130/><W129/><G129/><T123/><D123/><N who="1" m="47179" /><E115/><V30/><F30/><W103/><G103/><T26/><D79/><U21/><E109/><V122/><F122/><W106/><G106/><T52/><D52/><U95/><E95/><V46/><F73/><W18/><G39/><T9/><D13/><U41/><E41/><V62/><F62/><W58/><G43/><T15/><D15/><U33/><E135/><V31/><F61/><W44/><G44/><T48/><REACH who="0" step="1"/><D23/><REACH who="0" ten="124,446,230,190" step="2"/><U119/><E134/><V0/><F53/><W16/><G10/><T8/><D8/><U60/><E119/><V36/><F55/><W63/><REACH who="3" step="1"/><G82/><REACH who="3" ten="124,446,230,180" step="2"/><T99/><AGARI ba="3,2" hai="7,9,12,24,25,26,40,47,48,72,74,90,92,99" machi="99" ten="30,8000,1" yaku="1,1,0,1,52,3,53,0" doraHai="22" doraHaiUra="57" who="0" fromWho="0" sc="124,109,446,-43,230,-23,180,-23" /><INIT seed="2,0,0,4,1,101" ten="233,403,207,157" oya="2" hai0="76,8,113,1,26,83,9,70,55,58,118,112,27" hai1="22,43,122,4,17,66,128,127,10,85,20,102,74" hai2="134,19,38,81,44,131,33,6,0,77,114,86,69" hai3="29,79,28,11,59,12,56,30,98,132,78,3,92"/><V49/><F114/><W135/><G3/><T115/><D70/><U67/><E74/><V94/><F131/><W133/><G59/><T52/><D118/><U45/><E128/><V65/><F134/><W75/><G75/><T51/><D55/><U5/><E127/><V84/><F33/><W2/><G2/><T104/><D104/><U24/><E122/><V120/><F120/><W111/><G56/><T119/><D119/><U60/><E102/><V48/><F38/><W61/><G61/><T97/><D97/><U130/><E130/><V117/><F117/><W105/><G111/><T89/><D89/><U93/><E10/><V16/><F48/><W32/><G32/><T71/><D71/><U14/><E45/><V80/><F94/><W125/><G125/><T13/><D1/><U21/><E43/><V35/><F35/><W63/><G63/><T62/><D62/><U90/><E22/><V73/><F65/><N who="1" m="24585" /><E60/><V36/><F69/><W106/><G79/><T121/><D121/><U31/><AGARI ba="0,0" hai="4,5,14,17,20,21,24,31,85,90,93" m="24585" machi="31" ten="30,1100,0" yaku="8,1" doraHai="101" who="1" fromWho="1" sc="233,-3,403,11,207,-5,157,-3" /><INIT seed="3,0,0,5,2,14" ten="230,414,202,154" oya="3" hai0="42,46,48,11,37,41,119,52,35,103,65,111,80" hai1="26,66,6,87,112,133,67,38,62,64,105,24,22" hai2="100,40,36,121,132,118,90,32,8,82,58,130,56" hai3="122,43,70,0,50,17,31,12,92,3,123,15,116"/><W69/><G116/><T109/><D119/><U107/><E112/><V73/><F118/><W34/><G92/><T97/><D35/><U51/><E38/><V23/><F32/><W91/><G91/><T60/><D80/><U114/><E114/><V27/><F100/><W95/><G95/><T10/><D10/><U9/><E133/><V102/><F102/><W79/><G79/><T7/><D60/><U98/><E62/><V16/><F132/><W106/><G106/><T81/><D65/><U124/><E87/><V39/><F130/><W13/><G43/><T75/><D75/><U53/><E26/><V127/><F127/><W84/><G84/><T76/><D81/><U126/><E98/><V21/><F121/><N who="3" m="46091" /><G50/><T93/><D76/><U28/><E107/><V85/><F73/><W77/><G77/><T1/><REACH who="0" step="1"/><D42/><REACH who="0" ten="220,414,202,154" step="2"/><U59/><E105/><V55/><F40/><W5/><G69/><T83/><D83/><U120/><E120/><V4/><F23/><N who="3" m="11687" /><G70/><T115/><D115/><U99/><E99/><V125/><F125/><N who="1" m="48233" /><E67/><V29/><F82/><W61/><G61/><T89/><D89/><U104/><E104/><V117/><F90/><W129/><G129/><T30/><D30/><U108/><E59/><AGARI ba="0,1" hai="1,7,11,37,41,46,48,52,59,93,97,103,109,111" machi="59" ten="40,5200,0" yaku="1,1,54,1,53,1" doraHai="14" doraHaiUra="71" who="0" fromWho="1" sc="220,62,414,-52,202,0,154,0" owari="282,8.2,362,46.2,202,-19.8,154,-34.6" /></mjloggm>