<mjloggm ver="2.3"><GO type="225" lobby="0"/><UN n0="%4E%6F%2E%30%30%30%31" n1="%6D%75%75%6D%75%72%61" n2="%72%61%6B%33" n3="%73%65%69%6A%69%64%6F%6E" dan="18,16,16,16" rate="2213.91,2117.11,2178.11,2154.90" sx="M,F,M,M"/><TAIKYOKU oya="0"/><INIT seed="0,0,0,2,4,113" ten="250,250,250,250" oya="0" hai0="69,117,93,16,2,96,32,50,61,45,7,56,106" hai1="51,79,29,70,111,124,129,99,20,103,17,3,46" hai2="133,78,120,122,65,24,48,36,119,108,112,44,134" hai3="77,104,87,8,49,27,66,19,97,62,47,43,4"/><T86/><D69/><U123/><E123/><V98/><F98/><W28/><G104/><T127/><D32/><U14/><E111/><V81/><F24/><W131/><G97/><T23/><D127/><U30/><E124/><V95/><F95/><W39/><G131/><T13/><D106/><U126/><E126/><V67/><F112/><W37/><G19/><T128/><D128/><U25/><E129/><V52/><F108/><W116/><G116/><T41/><D117/><U121/><E121/><N who="2" m="46699" /><F119/><W55/><G55/><T101/><D2/><U57/><E3/><V90/><F90/><W21/><G62/><T105/><D7/><U54/><E70/><V115/><F115/><W91/><G66/><N who="2" m="25097" /><F81/><N who="3" m="47535" /><G91/><T71/><D71/><U85/><E79/><V74/><F78/><W6/><G6/><T132/><D105/><U35/><E85/><V94/><F94/><W73/><G73/><T102/><D86/><U1/><E1/><V64/><F74/><W38/><G38/><T60/><D102/><U84/><E84/><V68/><F36/><W92/><G92/><T5/><D5/><U18/><E99/><V88/><F88/><W130/><G130/><T72/><D72/><U80/><E80/><V89/><F89/><W9/><G9/><T15/><D101/><U76/><E76/><V75/><F75/><W26/><G26/><T135/><D13/><AGARI ba="0,0" hai="4,8,13,21,27,28,37,39,43,47,49" m="47535" machi="13" ten="30,1000,0" yaku="25,1" doraHai="113" who="3" fromWho="0" sc="250,-10,250,0,250,0,250,10" /><INIT seed="1,0,0,2,4,0" ten="240,250,250,260" oya="1" hai0="33,67,125,127,89,14,130,27,15,97,124,31,84" hai1="2,13,118,102,85,29,58,59,41,111,98,69,47" hai2="90,95,114,126,20,32,72,94,34,108,99,80,38" hai3="50,81,113,79,37,107,21,52,56,132,61,134,73"/><U7/><E118/><V77/><F108/><W78/><G113/><T70/><D130/><U131/><E131/><V22/><F114/><W101/><G37/><T40/><D40/><U86/><E2/><V96/><F126/><W76/><G101/><T19/><D97/><U62/><E69/><V60/><F38/><W17/><G107/><T115/><D115/><U65/><E29/><V104/><F104/><W42/><G42/><T51/><D51/><U16/><E7/><V87/><F60/><W105/><G105/><T26/><D67/><U28/><E28/><V10/><F72/><W3/><G3/><T30/><D70/><U110/><E58/><V12/><F32/><W121/><G121/><T100/><D100/><U91/><E98/><V122/><F34/><W1/><G1/><T135/><D19/><U119/><E102/><N who="2" m="60695" /><F122/><W123/><G123/><T106/><D106/><U5/><E5/><AGARI ba="0,0" hai="5,10,12,20,22,77,80,87,90,95,99" m="60695" machi="5" ten="30,2000,0" yaku="8,1,52,1" doraHai="0" who="2" fromWho="1" sc="240,0,250,-20,250,20,260,0" /><INIT seed="2,0,0,4,1,44" ten="240,230,270,260" oya="2" hai0="12,22,11,130,26,23,62,125,61,82,116,8,124" hai1="19,43,121,90,98,5,70,81,131,56,66,10,113" hai2="33,119,129,120,37,134,24,73,14,76,50,25,84" hai3="17,135,105,34,96,99,108,118,122,109,49,104,102"/><V46/><F119/><W59/><G118/><T83/><D116/><U51/><E113/><V114/><F114/><W31/><G122/><T95/><D12/><U45/><E121/><V58/><F120/><W41/><G135/><T85/><D95/><U68/><E131/><V40/><F134/><W97/><G17/><T27/><REACH who="0" step="1"/><D85/><REACH who="0" ten="230,230,270,260" step="2"/><U64/><E5/><V7/><F84/><W103/><G99/><T110/><D110/><U67/><E98/><V117/><F117/><W52/><G41/><T94/><D94/><U100/><E43/><V4/><F7/><W92/><G92/><T54/><D54/><U75/><E75/><V53/><F129/><AGARI ba="0,1" hai="8,11,22,23,26,27,61,62,82,83,124,125,129,130" machi="129" ten="25,3200,0" yaku="1,1,22,2,53,0" doraHai="44" doraHaiUra="13" who="0" fromWho="2" sc="230,42,230,0,270,-32,260,0" /><INIT seed="3,0,0,2,3,71" ten="272,230,238,260" oya="3" hai0="131,29,114,106,10,48,96,7,35,128,4,55,100" hai1="33,79,73,109,122,22,108,54,52,92,1,78,39" hai2="51,95,9,129,121,132,2,8,70,43,119,34,59" hai3="49,32,126,102,58,28,91,31,30,40,104,133,20"/><W63/><G126/><T135/><D135/><U111/><E33/><V53/><F119/><W5/><G133/><T90/><D114/><U21/><E122/><V61/><F132/><W62/><G32/><T125/><D125/><U67/><E1/><V16/><F121/><W57/><G5/><T13/><D90/><U74/><E92/><V82/><F129/><N who="0" m="49738" /><D29/><U85/><E67/><V97/><F34/><W88/><G104/><T124/><D35/><U38/><E109/><V77/><F2/><W103/><G20/><T41/><D41/><U56/><E56/><N who="3" m="21610" /><G49/><T44/><D124/><U105/><E85/><N who="2" m="48335" /><F70/><W98/><G40/><T18/><AGARI ba="0,0" hai="4,7,10,13,18,44,48,55,96,100,106" m="49738" machi="18" ten="30,1100,0" yaku="19,1" doraHai="71" who="0" fromWho="0" sc="272,11,230,-3,238,-3,260,-5" /><INIT seed="4,0,0,4,4,6" ten="283,227,235,255" oya="0" hai0="125,108,60,29,113,76,45,69,98,91,10,59,73" hai1="77,32,130,116,133,23,35,2,57,37,62,15,42" hai2="100,95,20,19,119,131,28,114,27,16,43,120,89" hai3="82,38,86,74,66,47,34,4,96,49,22,33,92"/><T97/><D69/><U81/><E2/><V124/><F120/><W127/><G127/><T14/><D125/><U128/><E116/><V111/><F111/><W110/><G110/><T64/><D108/><U129/><E133/><V93/><F124/><W18/><G4/><T123/><D123/><U63/><E37/><V102/><F131/><W83/><G74/><T67/><D73/><U3/><E3/><V1/><F1/><W50/><G38/><T85/><D76/><U104/><E42/><V13/><F119/><W0/><G0/><T36/><D29/><U118/><E104/><V39/><F114/><W48/><G66/><N who="0" m="25131" /><D45/><U51/><E51/><V132/><F132/><W25/><G47/><T68/><D68/><U103/><E103/><N who="2" m="39467" /><F39/><W90/><REACH who="3" step="1"/><G82/><REACH who="3" ten="283,227,235,245" step="2"/><N who="0" m="49591" /><D113/><U105/><E118/><V78/><F43/><W61/><G61/><N who="1" m="23050" /><E57/><V31/><F78/><AGARI ba="0,1" hai="18,22,25,33,34,48,49,50,78,83,86,90,92,96" machi="78" ten="40,1300,0" yaku="1,1,53,0" doraHai="6" doraHaiUra="65" who="3" fromWho="2" sc="283,0,227,0,235,-13,245,23" /><INIT seed="5,0,0,3,5,62" ten="283,227,222,268" oya="1" hai0="43,70,6,82,127,15,110,13,132,8,97,39,72" hai1="41,22,98,63,96,119,67,40,79,118,78,1,129" hai2="71,21,102,69,95,12,73,58,10,2,19,45,23" hai3="100,54,113,34,55,130,116,28,115,94,64,59,83"/><U120/><E120/><V74/><F71/><W106/><G130/><T27/><D110/><U48/><E129/><V111/><F69/><W126/><G106/><T89/><D70/><U81/><E1/><V101/><F111/><W51/><G126/><T133/><D127/><U20/><E63/><V30/><F74/><W56/><G83/><T3/><D27/><U0/><E0/><V61/><F73/><W124/><G124/><T18/><D97/><U86/><E81/><V114/><F114/><W60/><G116/><T76/><D89/><U35/><E48/><V128/><F128/><W31/><G34/><T105/><D105/><U93/><E35/><V14/><F2/><W16/><G16/><T112/><D112/><N who="3" m="43081" /><G55/><T52/><D52/><U131/><E131/><V33/><F33/><W25/><G25/><T88/><D18/><U87/><E93/><V85/><F45/><W125/><G125/><T117/><D117/><U122/><E122/><V135/><F135/><N who="0" m="51786" /><D88/><U9/><E9/><V37/><F30/><W104/><G104/><T49/><D49/><U42/><E42/><V109/><F109/><W24/><G24/><T36/><D36/><U29/><E29/><V46/><F37/><W68/><G68/><T92/><D92/><U47/><E47/><AGARI ba="0,0" hai="3,6,8,13,15,39,43,47,72,76,82" m="51786" machi="47" ten="30,2000,0" yaku="25,1,20,1" doraHai="62" who="0" fromWho="1" sc="283,20,227,-20,222,0,268,0" owari="303,40.3,207,-29.3,222,-17.8,268,6.8" /></mjloggm>