<mjloggm ver="2.3"><GO type="225" lobby="0"/><UN n0="%72%69%6F%75%63%68%61%6E" n1="%E3%81%B5%E3%81%98%E3%81%8B%E3%81%A4" n2="%72%65%6E%6B%75%6E" n3="%E3%82%BC%E3%83%AB%E3%83%80%E3%81%AE%E4%BC%9D%E8%AA%AC" dan="16,16,17,17" rate="2131.27,2202.29,2215.10,2170.00" sx="M,M,M,M"/><TAIKYOKU oya="0"/><INIT seed="0,0,0,0,1,132" ten="250,250,250,250" oya="0" hai0="66,64,70,48,131,119,51,97,88,89,73,37,81" hai1="109,12,14,17,35,5,75,114,58,29,8,0,78" hai2="36,39,2,104,57,31,45,123,40,110,41,106,34" hai3="118,68,18,13,9,127,77,129,27,1,90,107,23"/><T60/><D119/><U126/><E109/><V61/><F123/><W55/><G118/><T28/><D131/><U20/><E75/><V52/><F2/><W46/><G129/><T65/><D37/><U85/><E78/><V83/><F110/><W80/><G68/><T3/><D3/><U130/><E130/><V26/><REACH who="2" step="1"/><F83/><REACH who="2" ten="250,250,240,250" step="2"/><W71/><G1/><T10/><D81/><U44/><E0/><V135/><F135/><W59/><G77/><T121/><D121/><U93/><E114/><V42/><F42/><W54/><G71/><T21/><D73/><U113/><E126/><V56/><F56/><W49/><G127/><T105/><D70/><U63/><E113/><V87/><F87/><N who="3" m="50535" /><G107/><T72/><D72/><U74/><E74/><V25/><F25/><W4/><G59/><N who="0" m="36895" /><D105/><U16/><E85/><V102/><F102/><W115/><G115/><T62/><D97/><U100/><E100/><V19/><F19/><W32/><G32/><T76/><D76/><U125/><E17/><V22/><F22/><W6/><G6/><T79/><D79/><U111/><E125/><V82/><F82/><W47/><G47/><AGARI ba="0,1" hai="26,31,34,36,39,40,41,45,47,52,57,61,104,106" machi="47" ten="40,8000,1" yaku="1,1,9,1,54,1,53,2" doraHai="132" doraHaiUra="103" who="2" fromWho="3" sc="250,0,250,0,240,90,250,-80" /><INIT seed="1,0,0,4,5,134" ten="250,250,330,170" oya="1" hai0="45,121,59,40,119,32,126,97,1,132,52,14,111" hai1="127,31,81,103,124,89,92,56,49,68,22,67,102" hai2="24,10,25,95,17,13,74,135,35,54,112,28,53" hai3="50,48,19,39,64,34,105,131,73,79,8,5,128"/><U62/><E81/><V51/><F135/><W61/><G105/><T123/><D119/><U26/><E49/><V120/><F120/><N who="0" m="46154" /><D1/><U70/><E102/><V69/><F69/><W0/><G34/><T80/><D132/><U98/><E89/><V20/><F74/><W37/><G19/><T118/><D32/><U57/><REACH who="1" step="1"/><E56/><REACH who="1" ten="250,240,330,170" step="2"/><V77/><F77/><W9/><G50/><T125/><D80/><U76/><E76/><V38/><F38/><W6/><G48/><N who="0" m="31111" /><D118/><U85/><E85/><V91/><F51/><W16/><G79/><T75/><D75/><U99/><E99/><V86/><REACH who="2" step="1"/><F112/><REACH who="2" ten="250,240,320,170" step="2"/><W23/><G73/><T101/><D40/><U33/><E33/><V63/><F63/><W46/><G37/><T116/><D116/><U96/><E96/><V133/><F133/><W108/><G39/><T78/><D78/><U65/><E65/><V29/><AGARI ba="0,2" hai="10,13,17,20,24,25,28,29,35,53,54,86,91,95" machi="29" ten="20,2700,0" yaku="1,1,0,1,7,1,53,0" doraHai="134" doraHaiUra="94" who="2" fromWho="2" sc="250,-7,240,-13,320,47,170,-7" /><INIT seed="2,0,0,1,5,122" ten="243,227,367,163" oya="2" hai0="98,4,13,33,71,53,105,55,117,119,113,80,8" hai1="14,30,131,39,0,104,59,18,43,38,5,128,54" hai2="31,114,75,116,130,27,40,94,129,50,11,10,34" hai3="67,112,52,101,124,47,97,57,9,73,28,76,63"/><V51/><F75/><W106/><G124/><T107/><D113/><U118/><E118/><N who="0" m="45065" /><D33/><U7/><E104/><N who="0" m="40009" /><D71/><U23/><E30/><V125/><F116/><W81/><G112/><T78/><D98/><U88/><E43/><V93/><F114/><W26/><G9/><N who="2" m="3081" /><F125/><W77/><G77/><T108/><D108/><U100/><E100/><V17/><F17/><W60/><G47/><T21/><D21/><U1/><E7/><V32/><F32/><W111/><G111/><T42/><D42/><U22/><E22/><V46/><F50/><W89/><G89/><T82/><D82/><U102/><E102/><V65/><F65/><W35/><REACH who="3" step="1"/><G67/><REACH who="3" ten="243,227,367,153" step="2"/><T37/><D37/><U91/><E91/><V103/><F103/><W127/><G127/><T96/><D96/><U115/><E88/><V74/><F74/><AGARI ba="0,1" hai="4,8,13,53,55,74,78,80" m="40009,45065" machi="74" ten="30,1000,0" yaku="12,1" doraHai="122" who="0" fromWho="2" sc="243,20,227,0,367,-10,153,0" /><INIT seed="3,0,0,3,1,2" ten="263,227,357,153" oya="3" hai0="94,66,58,28,85,49,57,69,118,127,121,10,33" hai1="6,20,27,134,76,112,125,131,39,74,111,65,129" hai2="105,135,67,64,72,29,19,54,87,44,78,99,122" hai3="5,18,8,21,12,101,90,24,16,45,81,51,104"/><W61/><G104/><T43/><D118/><U89/><E112/><V80/><F135/><W91/><G101/><T128/><D121/><U82/><E134/><V7/><F122/><W106/><G106/><T96/><D127/><U13/><E125/><V117/><F117/><W124/><G124/><T68/><D128/><N who="1" m="49227" /><E111/><V15/><F29/><W88/><G61/><T26/><D85/><U52/><E39/><V55/><F7/><W102/><G102/><T56/><D66/><U53/><E65/><V84/><F72/><W77/><G18/><T1/><D43/><U70/><E89/><V41/><F87/><N who="3" m="48559" /><G91/><T71/><D49/><U108/><E108/><V95/><F105/><W92/><G92/><T59/><N who="0" m="14336" /><DORA hai="123" /><T97/><REACH who="0" step="1"/><D94/><REACH who="0" ten="253,227,357,153" step="2"/><U116/><E116/><V38/><F64/><W109/><G109/><T103/><D103/><U73/><E73/><V37/><F67/><W36/><G36/><T40/><D40/><AGARI ba="0,1" hai="5,8,12,16,21,24,40,45,51,88,90" m="48559" machi="40" ten="30,12000,1" yaku="25,1,8,1,52,1,54,2" doraHai="2,123" who="3" fromWho="0" sc="253,-120,227,0,357,0,153,130" /><INIT seed="3,1,0,0,3,40" ten="133,227,357,283" oya="3" hai0="128,116,55,47,82,119,135,27,24,16,64,0,41" hai1="28,77,81,78,13,58,52,35,95,69,39,45,22" hai2="5,133,90,36,57,68,134,4,80,70,1,97,37" hai3="61,131,76,26,19,87,38,118,100,94,110,49,62"/><W71/><G38/><N who="2" m="14953" /><F57/><W2/><G2/><T112/><D0/><U67/><E95/><N who="2" m="56567" /><F80/><W109/><G118/><T124/><D124/><U60/><E35/><V105/><F105/><W8/><G131/><T54/><D135/><N who="2" m="51722" /><F1/><W72/><G71/><AGARI ba="1,0" hai="4,5,68,70,71" m="51722,56567,14953" machi="71" ten="40,1300,0" yaku="20,1" doraHai="40" who="2" fromWho="3" sc="133,0,227,0,357,16,283,-16" owari="133,-36.7,227,-17.3,373,47.3,267,6.7" /></mjloggm>