<mjloggm ver="2.3"><GO type="225" lobby="0"/><UN n0="%E3%81%B5%E3%81%98%E3%81%8B%E3%81%A4" n1="%E3%83%8F%E3%83%B3%E3%83%89%E3%83%A9%E3%83%BC%E3%83%BB%E3%83%AF%E3%83%B3" n2="%E3%81%A9%E3%82%8F%E3%82%93%E3%81%94" n3="%74%61%6B%75%61%6B%61" dan="16,17,16,16" rate="2143.95,2156.57,2086.63,2074.02" sx="M,M,M,M"/><TAIKYOKU oya="0"/><INIT seed="0,0,0,0,3,70" ten="250,250,250,250" oya="0" hai0="128,39,18,68,100,10,132,7,45,109,17,46,41" hai1="65,61,43,55,76,5,107,67,58,62,92,56,6" hai2="93,35,27,75,106,2,66,74,28,121,116,135,71" hai3="9,119,79,85,24,78,125,20,105,4,130,16,102"/><T44/><D132/><U91/><E107/><V77/><F121/><W89/><G119/><T95/><D68/><U113/><E113/><V103/><F135/><W73/><G73/><T32/><D32/><U42/><E76/><V63/><F116/><W54/><G125/><T111/><D128/><U72/><E72/><V126/><F93/><W127/><G127/><T14/><D46/><U33/><E33/><V40/><F40/><W88/><G130/><T30/><D30/><U37/><E55/><V112/><F126/><W120/><G120/><T53/><D53/><U97/><REACH who="1" step="1"/><E37/><REACH who="1" ten="250,240,250,250" step="2"/><V99/><F112/><W3/><G54/><T82/><D45/><U11/><E11/><V83/><F75/><W0/><G0/><AGARI ba="0,1" hai="0,2,27,28,35,63,66,71,74,77,83,99,103,106" machi="0" ten="40,8000,1" yaku="25,2,33,3" doraHai="70" who="2" fromWho="3" sc="250,0,240,0,250,90,250,-80" /><INIT seed="1,0,0,0,2,16" ten="250,240,340,170" oya="1" hai0="12,101,1,55,39,79,132,65,5,128,46,126,86" hai1="97,47,100,85,40,13,112,90,22,27,8,76,67" hai2="75,77,23,48,113,87,25,10,104,19,50,18,15" hai3="66,98,30,11,61,129,92,83,36,121,37,2,51"/><U81/><E112/><V20/><F113/><W134/><G121/><T34/><D34/><U31/><E67/><V45/><F104/><W119/><G129/><T69/><D128/><U74/><E74/><V108/><F75/><W35/><G134/><T127/><D132/><U109/><E109/><V131/><F108/><W24/><G119/><T130/><D130/><U49/><E90/><V110/><F110/><W125/><G125/><N who="0" m="47627" /><D101/><U124/><E124/><V88/><F77/><W60/><G51/><N who="0" m="29175" /><D39/><U28/><E28/><N who="2" m="17447" /><F45/><W26/><G26/><T107/><D107/><U114/><E114/><V99/><F99/><W95/><G36/><T80/><D65/><U6/><E97/><V94/><F131/><W52/><G37/><T54/><D54/><U133/><E133/><V91/><F91/><W41/><G41/><T93/><D93/><U72/><E72/><V89/><F89/><W38/><G38/><T135/><D135/><U3/><E3/><V118/><F118/><W82/><G92/><T4/><D69/><U59/><E59/><V0/><F0/><W96/><G52/><T70/><D70/><U105/><E105/><V21/><F10/><W56/><G61/><T102/><D102/><AGARI ba="0,0" hai="6,8,13,22,27,31,40,47,49,76,81,85,100,102" machi="102" ten="40,12000,1" yaku="25,2,8,1,52,1" doraHai="16" who="1" fromWho="0" sc="250,-120,240,120,340,0,170,0" /><INIT seed="1,1,0,0,0,10" ten="130,360,340,170" oya="1" hai0="0,132,22,123,43,102,106,111,121,80,69,128,32" hai1="85,20,64,131,108,62,58,79,9,18,54,112,51" hai2="38,114,66,96,125,36,99,82,78,124,15,60,75" hai3="92,30,45,52,7,115,48,101,73,120,127,110,28"/><U41/><E112/><V119/><F119/><W130/><G120/><T47/><D32/><U104/><E104/><V76/><F76/><W117/><G115/><T68/><D0/><U5/><E131/><V90/><F114/><W55/><G110/><T77/><D22/><U56/><E41/><V1/><F1/><W12/><G130/><T97/><D111/><U135/><E135/><V129/><F129/><W84/><G73/><N who="0" m="43055" /><D128/><U100/><E100/><V107/><F15/><W44/><G127/><N who="2" m="48713" /><F90/><N who="3" m="53319" /><G101/><T42/><D132/><U4/><E108/><V134/><F134/><W2/><G2/><T95/><D43/><U93/><E9/><V71/><F107/><W94/><G117/><T88/><D47/><U8/><E8/><V34/><F34/><W6/><G45/><T105/><D42/><U83/><REACH who="1" step="1"/><E93/><REACH who="1" ten="130,350,340,170" step="2"/><V87/><F38/><W89/><G94/><T24/><D106/><U65/><E65/><V39/><F36/><W61/><G55/><T103/><D103/><U72/><E72/><N who="2" m="43335" /><F39/><W67/><G67/><T26/><D68/><U37/><E37/><V116/><F75/><W11/><G11/><T53/><D69/><U63/><E63/><V23/><F116/><W19/><G61/><T59/><D123/><U17/><E17/><V33/><F60/><W109/><G109/><T113/><D121/><U29/><E29/><V46/><F66/><W86/><G28/><T91/><D113/><U126/><E126/><V27/><F71/><W13/><G30/><T133/><D133/><U31/><E31/><V98/><F33/><W14/><G19/><T118/><D118/><RYUUKYOKU ba="1,1" sc="130,-15,350,15,340,-15,170,15" hai1="4,5,18,20,51,54,56,58,62,64,79,83,85" hai3="6,7,12,13,14,44,48,52,86,89" /><INIT seed="1,2,1,4,3,44" ten="115,365,325,185" oya="1" hai0="45,53,65,111,69,22,108,51,101,55,90,112,71" hai1="29,129,110,59,75,1,97,85,26,7,50,33,5" hai2="68,17,70,47,83,119,100,128,134,48,116,80,130" hai3="133,32,93,15,2,62,131,12,6,92,113,126,76"/><U67/><E75/><V77/><F100/><W60/><G113/><T66/><D101/><U46/><E129/><N who="2" m="49771" /><F17/><W82/><G126/><T42/><D90/><U120/><E120/><V105/><F105/><W38/><G38/><T88/><D88/><U18/><E110/><N who="0" m="42025" /><D112/><U10/><E85/><N who="2" m="48271" /><F83/><W0/><G82/><T13/><D22/><U81/><E81/><V56/><F56/><W96/><G76/><T121/><D121/><U36/><E36/><V58/><F58/><W27/><G92/><T9/><D9/><U57/><E7/><V87/><F87/><W54/><G6/><T94/><D13/><U122/><E122/><V89/><F89/><W30/><G12/><T19/><D19/><U114/><E114/><V98/><F98/><W123/><G15/><T34/><D34/><U78/><E78/><V79/><F79/><W8/><G8/><T135/><D94/><U106/><E18/><V124/><F124/><W63/><G131/><T61/><D135/><U14/><E14/><V4/><F4/><W72/><G133/><T125/><D125/><U103/><REACH who="1" step="1"/><E67/><REACH who="1" ten="115,355,325,185" step="2"/><V102/><F134/><W23/><G123/><T41/><D66/><U73/><E73/><V49/><F119/><W39/><G72/><T117/><D117/><U11/><E11/><V115/><F116/><W31/><G0/><T28/><D28/><U91/><E91/><V132/><F132/><W35/><G2/><T43/><D71/><N who="2" m="27178" /><F115/><W24/><G31/><T99/><D99/><U16/><E16/><V64/><F64/><W37/><G96/><T84/><D84/><U3/><E3/><RYUUKYOKU ba="2,2" sc="115,15,355,15,325,-15,185,-15" hai0="41,42,43,45,51,53,55,61,65,69" hai1="1,5,10,26,29,33,46,50,57,59,97,103,106" /><INIT seed="1,3,2,2,0,32" ten="130,370,310,170" oya="1" hai0="29,18,4,121,86,78,37,22,119,36,122,52,97" hai1="62,113,21,128,114,123,82,90,43,66,42,40,60" hai2="108,73,84,127,120,6,111,56,11,64,1,110,89" hai3="77,100,124,116,3,105,50,71,16,94,115,45,17"/><U13/><E123/><N who="0" m="47113" /><D119/><U59/><E128/><V67/><F120/><W24/><G115/><T38/><D4/><U49/><E114/><V130/><F73/><W107/><G71/><T7/><D7/><U44/><E113/><V51/><F130/><W8/><G124/><T98/><D29/><U76/><E90/><V72/><F72/><W118/><G77/><T15/><D52/><U79/><E62/><V91/><F127/><W46/><G3/><T80/><AGARI ba="3,2" hai="15,18,22,36,37,38,78,80,86,97,98" m="47113" machi="80" ten="40,1500,0" yaku="13,1" doraHai="32" who="0" fromWho="0" sc="130,44,370,-10,310,-7,170,-7" /><INIT seed="2,0,0,1,0,60" ten="174,360,303,163" oya="2" hai0="21,99,30,17,86,66,76,85,58,113,61,109,47" hai1="73,65,50,75,93,80,36,111,121,44,52,123,129" hai2="54,91,49,81,57,101,24,82,135,106,83,33,39" hai3="18,122,26,62,130,71,89,96,16,41,13,112,4"/><V34/><F39/><W116/><G116/><T31/><D113/><U45/><E111/><V19/><F135/><W124/><G122/><N who="1" m="46602" /><E129/><V102/><F91/><W87/><G112/><T29/><D109/><U72/><E65/><V74/><F74/><W134/><G130/><T77/><D99/><U43/><E93/><V104/><F19/><W6/><G124/><T38/><D38/><U98/><E98/><V67/><F24/><W115/><G115/><T51/><D86/><U100/><E100/><V69/><F69/><W42/><G96/><T68/><D68/><U103/><E103/><V22/><F22/><N who="3" m="13655" /><G62/><T15/><REACH who="0" step="1"/><D85/><REACH who="0" ten="164,360,303,163" step="2"/><U107/><E107/><V53/><F106/><W48/><G71/><T79/><D79/><AGARI ba="0,1" hai="36,43,44,45,50,52,72,73,75,79,80" m="46602" machi="79" ten="30,2000,0" yaku="13,1,54,1" doraHai="60" who="1" fromWho="0" sc="164,-20,360,30,303,0,163,0" /><INIT seed="3,0,0,0,0,103" ten="144,390,303,163" oya="3" hai0="60,132,127,91,122,53,63,107,101,48,16,82,50" hai1="35,72,58,124,95,90,36,55,83,41,119,61,3" hai2="59,40,11,98,110,108,109,44,6,94,126,87,33" hai3="71,12,112,115,73,18,32,117,4,9,70,42,31"/><W47/><G117/><T105/><D122/><U13/><E3/><V76/><F33/><W88/><G73/><T21/><D127/><U131/><E35/><V97/><F126/><W45/><G71/><T57/><D132/><U121/><E121/><V19/><F19/><W23/><G70/><T15/><D101/><U17/><E124/><V14/><F59/><W75/><G75/><T51/><D63/><U114/><E114/><V39/><REACH who="2" step="1"/><F94/><REACH who="2" ten="144,390,293,163" step="2"/><W79/><G32/><T66/><D107/><U89/><E95/><V85/><F85/><W20/><G115/><T104/><D104/><U81/><E17/><V52/><F52/><W102/><G18/><T34/><D105/><U77/><E55/><V99/><F99/><W106/><G112/><T24/><D34/><U92/><E58/><V27/><F27/><W86/><G106/><T38/><D38/><U133/><E92/><V84/><F84/><W0/><G86/><N who="0" m="50647" /><D24/><U26/><E36/><V49/><F49/><W96/><G96/><T78/><D78/><U116/><E77/><V135/><F135/><W69/><G79/><T30/><D30/><U29/><E26/><V10/><F10/><W64/><G31/><T74/><D74/><U22/><E72/><V37/><F37/><W7/><G69/><T1/><D1/><U25/><E29/><V28/><F28/><W100/><G0/><T134/><D134/><U68/><E68/><V93/><F93/><W62/><G62/><T65/><AGARI ba="0,1" hai="15,16,21,48,50,51,53,57,60,65,66" m="50647" machi="65" ten="30,2000,0" yaku="8,1,54,1" doraHai="103" who="0" fromWho="0" sc="144,30,390,-5,293,-5,163,-10" owari="174,-22.6,385,48.5,288,8.8,153,-34.7" /></mjloggm>