<mjloggm ver="2.3"><GO type="225" lobby="0"/><UN n0="%E3%81%82%E3%80%81%E8%B2%A0%E3%81%91%E3%81%BE%E3%81%97%E3%81%9F" n1="%E7%99%BD%E6%97%A5%E9%9B%AA%E8%8F%9C" n2="%E3%83%97%E3%83%92" n3="%63%68%78%62%64" dan="16,16,16,16" rate="2114.16,2179.98,2174.20,2173.30" sx="M,F,M,M"/><TAIKYOKU oya="0"/><INIT seed="0,0,0,2,3,84" ten="250,250,250,250" oya="0" hai0="70,44,58,121,113,102,17,34,71,19,101,15,115" hai1="21,55,111,64,128,26,90,122,5,91,47,110,125" hai2="33,29,30,96,72,24,41,0,74,76,62,80,60" hai3="9,23,78,105,6,103,69,42,79,119,68,132,2"/><T36/><D34/><U7/><E122/><V1/><F74/><W51/><G119/><T77/><D77/><U3/><E125/><V94/><F29/><W131/><G132/><T104/><D58/><U114/><E128/><V38/><F38/><W89/><G23/><T85/><D85/><U20/><E114/><V92/><F41/><W75/><G131/><T59/><D59/><U65/><E3/><V135/><F135/><W130/><G89/><N who="1" m="33802" /><E47/><V8/><F94/><W108/><G108/><N who="1" m="41514" /><E55/><V87/><F72/><W98/><G75/><T117/><D44/><U35/><E35/><V50/><F50/><W39/><G51/><T54/><D54/><U93/><E93/><V12/><F1/><W118/><G130/><T106/><D36/><U40/><E40/><V97/><F97/><W81/><G39/><T10/><D121/><U88/><N who="1" m="33810" /><U124/><DORA hai="14" /><E124/><V83/><F0/><W49/><G42/><T52/><D52/><U129/><E21/><V100/><F83/><W63/><G81/><T48/><D48/><U45/><E45/><V95/><F92/><W61/><G49/><T28/><D117/><U53/><E53/><V66/><F66/><N who="1" m="25705" /><E129/><V25/><F33/><W99/><G118/><T22/><D22/><U120/><E120/><V56/><F95/><W109/><G109/><T57/><D57/><U126/><E126/><V82/><F56/><W37/><G2/><T127/><D127/><U133/><E133/><V18/><F62/><W31/><G61/><T43/><D43/><U4/><E4/><V13/><F60/><W32/><G63/><RYUUKYOKU ba="0,0" sc="250,-10,250,30,250,-10,250,-10" hai1="5,7,20,26" /><INIT seed="1,1,0,5,2,2" ten="240,280,240,240" oya="1" hai0="73,68,132,77,49,35,102,11,62,123,72,103,12" hai1="38,57,44,84,117,80,39,54,100,93,6,70,119" hai2="37,59,95,118,133,18,25,52,36,86,28,106,19" hai3="105,82,48,107,89,21,5,43,126,81,4,3,66"/><U47/><E70/><V116/><F106/><W91/><G3/><T76/><D35/><U104/><E104/><V114/><F133/><W130/><G130/><T121/><D49/><U134/><E134/><V64/><F64/><W20/><G126/><T98/><D62/><U75/><E75/><N who="0" m="28745" /><D12/><U56/><E57/><V8/><F114/><W1/><G1/><T78/><D11/><U71/><E71/><V32/><F37/><W79/><G66/><T120/><D68/><U24/><E39/><V46/><F86/><W109/><G79/><T13/><D13/><U30/><E6/><N who="3" m="2666" /><G109/><T96/><D132/><U33/><E38/><V10/><F36/><W41/><G107/><T99/><AGARI ba="1,0" hai="76,77,78,96,98,99,102,103,120,121,123" m="28745" machi="99" ten="50,12000,2" yaku="29,2,28,2,13,1,34,2" doraHai="2" who="0" fromWho="0" sc="240,123,280,-61,240,-31,240,-31" /><INIT seed="2,0,0,2,1,116" ten="363,219,209,209" oya="2" hai0="72,97,76,134,80,113,88,114,133,94,120,11,38" hai1="2,45,28,53,14,122,36,85,71,34,128,102,49" hai2="98,57,117,75,92,109,83,19,43,70,106,125,62" hai3="87,107,50,44,65,51,104,22,124,135,105,129,95"/><V6/><F117/><W99/><G135/><N who="0" m="51723" /><D38/><U31/><E2/><V52/><F125/><W100/><G124/><T82/><D11/><U17/><E71/><V90/><F6/><W18/><G129/><T64/><D64/><U63/><E128/><V1/><F1/><W101/><G65/><T4/><D4/><U42/><E63/><V5/><F5/><W119/><G119/><T33/><D33/><U58/><E34/><V9/><F70/><W73/><G73/><N who="0" m="43023" /><D120/><U126/><E126/><V13/><F43/><W81/><G44/><T15/><D15/><U84/><E102/><V32/><F32/><W103/><G100/><T48/><D48/><U108/><E108/><V123/><F106/><W47/><G103/><T10/><D10/><U93/><E122/><V46/><F109/><W35/><G35/><T132/><D132/><U68/><E68/><V79/><REACH who="2" step="1"/><F46/><REACH who="2" ten="363,219,199,209" step="2"/><W41/><G107/><T118/><D118/><U66/><E45/><V131/><F131/><W77/><REACH who="3" step="1"/><G50/><REACH who="3" ten="363,219,199,199" step="2"/><T56/><D56/><U86/><E58/><V37/><F37/><W60/><G60/><T16/><D113/><U89/><E36/><V0/><F0/><W74/><G74/><T30/><D114/><U39/><E39/><V91/><F91/><W121/><G121/><AGARI ba="0,2" hai="9,13,19,52,57,62,75,79,83,90,92,98,121,123" machi="121" ten="40,12000,1" yaku="1,1,52,2,54,1,53,1" doraHai="116" doraHaiUra="54" who="2" fromWho="3" sc="363,0,219,0,199,140,199,-120" /><INIT seed="2,1,0,2,1,57" ten="363,219,339,79" oya="2" hai0="72,102,132,82,121,7,51,11,64,104,119,90,41" hai1="14,88,92,75,118,127,59,18,131,84,97,48,110" hai2="70,93,133,16,31,106,38,42,32,128,107,0,98" hai3="8,83,22,25,63,66,15,12,1,95,114,47,112"/><V10/><F133/><W124/><G124/><T80/><D121/><U29/><E118/><V120/><F120/><W58/><G83/><T77/><D119/><U55/><E127/><V94/><F128/><W56/><G47/><T53/><D64/><U49/><E110/><V96/><F70/><W135/><G135/><T33/><D33/><U73/><E131/><V30/><F42/><W103/><G58/><T3/><D102/><U6/><E6/><V60/><F0/><W85/><G1/><T108/><D104/><U67/><E29/><V17/><F10/><W35/><G35/><T20/><D20/><U111/><E67/><V68/><F32/><W69/><G69/><T4/><D4/><U19/><E111/><V125/><F68/><W78/><G78/><T134/><D108/><U5/><E48/><V26/><F26/><W43/><G43/><T36/><D90/><U37/><E37/><V76/><F76/><W27/><G27/><T105/><D82/><U113/><E113/><N who="3" m="43626" /><G8/><T54/><D105/><U62/><E49/><V109/><F109/><W52/><G85/><T24/><D24/><U39/><E39/><V44/><F44/><W13/><G66/><T46/><D54/><U81/><E5/><V50/><F50/><W79/><G79/><T87/><D87/><U23/><REACH who="1" step="1"/><E19/><REACH who="1" ten="363,209,339,79" step="2"/><V99/><F38/><W101/><G95/><T116/><D116/><U9/><E9/><V129/><F125/><W61/><G61/><T21/><D134/><U126/><E126/><V45/><F60/><W117/><G117/><T86/><D132/><U2/><E2/><RYUUKYOKU ba="1,1" sc="363,-15,209,15,339,-15,79,15" hai1="14,18,23,55,59,62,73,75,81,84,88,92,97" hai3="12,13,15,22,25,52,56,63,101,103" /><INIT seed="3,2,1,1,1,51" ten="348,224,324,94" oya="3" hai0="90,77,0,34,65,121,69,24,115,119,20,72,47" hai1="25,57,78,2,27,48,130,9,13,132,76,120,42" hai2="108,63,110,32,122,131,8,54,49,18,92,41,79" hai3="38,31,21,36,1,106,50,3,26,33,55,89,113"/><W80/><G106/><T107/><D0/><U133/><E120/><V114/><F122/><W83/><G113/><T74/><D77/><U85/><E2/><V95/><F32/><W39/><G33/><T134/><D65/><U35/><E130/><V61/><F131/><W70/><G70/><T116/><D34/><U15/><E35/><V99/><F114/><W124/><G124/><T45/><D47/><U109/><E109/><N who="2" m="42091" /><F79/><W10/><G89/><T103/><D103/><U19/><E13/><N who="2" m="7463" /><F41/><W16/><G1/><T28/><D107/><U96/><E96/><V126/><F126/><W6/><REACH who="3" step="1"/><G31/><REACH who="3" ten="348,224,324,84" step="2"/><T86/><D121/><U105/><E105/><V81/><F81/><W56/><AGARI ba="2,2" hai="3,6,10,16,21,26,36,38,39,50,55,56,80,83" machi="56" ten="30,12000,1" yaku="1,1,2,1,0,1,52,1,54,1,53,0" doraHai="51" doraHaiUra="59" who="3" fromWho="3" sc="348,-42,224,-42,324,-42,84,146" /><INIT seed="3,3,0,4,2,85" ten="306,182,282,230" oya="3" hai0="16,89,19,22,32,78,36,1,37,91,24,135,118" hai1="2,6,28,131,80,52,115,67,87,27,42,109,54" hai2="110,3,38,116,65,113,74,53,11,10,30,98,125" hai3="8,132,104,9,121,12,92,94,44,31,46,86,83"/><W127/><G121/><T55/><D118/><U21/><E115/><V62/><F113/><W108/><G104/><T100/><D1/><U134/><E109/><V39/><F116/><W5/><G132/><T76/><D32/><U95/><E134/><V26/><F110/><W90/><G108/><T73/><D73/><U43/><E131/><V119/><F119/><W114/><G114/><T47/><D100/><U97/><E67/><V71/><F74/><W69/><G69/><T107/><D107/><U49/><E2/><V117/><F117/><W99/><G127/><T106/><D106/><U96/><E6/><V14/><F125/><W56/><G92/><T79/><D135/><U72/><E72/><V57/><F98/><W93/><G93/><T59/><D47/><U101/><E96/><V48/><F10/><W103/><G31/><N who="0" m="17815" /><D36/><U20/><E20/><V0/><F39/><W64/><G9/><T88/><D37/><U123/><E54/><V15/><F15/><W81/><G81/><T82/><D82/><U18/><E28/><V58/><F38/><W75/><G75/><T25/><D25/><U66/><E66/><V63/><F62/><AGARI ba="3,0" hai="5,8,12,44,46,56,62,64,83,86,90,94,99,103" machi="62" ten="40,3900,0" yaku="8,1,52,1" doraHai="85" who="3" fromWho="2" sc="306,0,182,0,282,-48,230,48" /><AGARI ba="3,0" hai="16,19,55,59,62,76,78,79,88,89,91" m="17815" machi="62" ten="30,12000,2" yaku="8,1,52,3,54,2" doraHai="85" who="0" fromWho="2" sc="306,120,182,0,234,-120,278,0" /><INIT seed="3,4,0,2,5,113" ten="426,182,114,278" oya="3" hai0="27,115,65,96,8,94,77,28,70,97,79,16,92" hai1="32,69,117,78,105,36,130,99,22,29,83,135,109" hai2="89,26,68,129,123,64,6,48,23,7,127,73,11" hai3="17,19,80,52,106,76,131,81,103,119,46,108,53"/><W61/><G119/><T132/><D132/><U14/><E36/><V41/><F73/><W128/><G108/><T120/><D70/><U118/><E109/><V38/><F38/><W82/><G76/><T24/><D65/><U58/><E135/><V116/><F127/><W56/><G103/><N who="0" m="60807" /><D120/><U44/><E69/><V59/><F129/><N who="3" m="49739" /><G106/><T42/><D42/><U90/><E130/><V13/><F123/><W21/><G21/><N who="0" m="15471" /><D115/><U37/><E32/><V125/><F125/><W63/><G46/><T25/><D25/><U35/><E35/><V111/><F111/><W33/><G33/><T60/><D60/><N who="3" m="23113" /><G56/><T124/><D124/><U54/><E44/><V47/><F68/><W88/><G88/><N who="0" m="55495" /><D8/><U102/><E37/><V72/><F72/><W86/><G86/><T101/><D101/><U40/><E40/><V5/><F116/><N who="1" m="44649" /><E90/><V95/><F59/><W87/><G87/><T43/><D43/><U18/><E29/><V100/><F64/><W31/><G31/><T45/><D45/><U57/><E54/><AGARI ba="4,0" hai="17,19,52,53,54,80,81,82" m="23113,49739" machi="54" ten="40,12000,1" yaku="28,2,19,1,54,1" doraHai="113" who="3" fromWho="1" sc="426,0,182,-132,114,0,278,132" /><INIT seed="3,5,0,2,4,43" ten="426,50,114,410" oya="3" hai0="96,44,125,109,40,51,21,111,119,117,45,65,53" hai1="49,128,10,52,83,46,39,55,76,113,38,29,120" hai2="71,122,102,95,132,103,63,37,135,54,7,89,123" hai3="22,35,75,79,20,100,101,15,24,121,90,73,82"/><W110/><G121/><N who="2" m="46089" /><F7/><W133/><G133/><N who="2" m="51273" /><F37/><W98/><G110/><N who="0" m="41995" /><D96/><U33/><E120/><V17/><F17/><W88/><G75/><T56/><D21/><U13/><E113/><V91/><F91/><W36/><G36/><N who="0" m="21511" /><D125/><U92/><E128/><V131/><F131/><W78/><G78/><T127/><D127/><U32/><E92/><V129/><F129/><W2/><G2/><T68/><D68/><U77/><E77/><V85/><F71/><W41/><G41/><T6/><D6/><U80/><E55/><V99/><F85/><W69/><G69/><T108/><D108/><U118/><BYE who="0" /><E118/><V74/><F74/><W28/><G100/><T64/><D64/><U25/><E33/><V58/><AGARI ba="5,0" hai="54,58,63,89,95,99,102,103" m="51273,46089" machi="58" ten="40,2700,0" yaku="13,1,20,1" doraHai="43" who="2" fromWho="2" sc="426,-12,50,-12,114,42,410,-18" owari="414,51.4,38,-46.2,156,-24.4,392,19.2" /></mjloggm>