<mjloggm ver="2.3"><GO type="225" lobby="0"/><UN n0="%E8%91%B5%E3%81%A1%E3%82%83%E3%82%93" n1="%E3%80%93%E3%81%97%E3%83%BC%E3%82%89%E3%80%93" n2="%E7%89%B9%E6%9D%B1%E3%81%AF%E4%B8%96%E7%95%8C%E3%82%92%E6%95%91%E3%81%86" n3="%E3%81%A9%E3%82%93%E3%82%88%E3%81%8F%4D%6B%2E%32" dan="17,16,16,16" rate="2211.32,2176.70,2175.55,2154.27" sx="F,M,M,M"/><TAIKYOKU oya="0"/><INIT seed="0,0,0,3,2,72" ten="250,250,250,250" oya="0" hai0="128,53,27,17,102,85,41,108,106,19,36,79,88" hai1="21,112,83,104,94,100,15,10,1,55,92,0,45" hai2="126,35,69,31,29,11,116,22,109,78,105,114,38" hai3="119,91,33,2,34,58,118,90,63,65,81,54,25"/><T3/><D3/><U113/><E104/><V30/><F69/><W74/><G2/><N who="1" m="1130" /><E100/><V111/><F38/><W71/><G91/><T117/><D117/><U59/><E45/><V130/><F105/><W95/><G25/><T44/><D128/><U123/><E21/><V125/><F114/><N who="1" m="44137" /><E83/><V76/><F35/><W23/><G23/><T61/><D108/><N who="2" m="41546" /><F130/><W9/><G9/><T47/><D102/><U57/><E123/><V93/><F116/><W6/><G33/><T28/><D106/><U32/><E32/><V107/><F107/><W37/><G34/><T133/><D133/><U52/><E59/><V20/><F11/><W96/><G37/><T13/><D28/><N who="2" m="10858" /><F93/><N who="1" m="35945" /><E57/><V129/><F129/><W56/><G56/><T46/><D46/><U39/><E39/><V26/><F20/><W64/><G71/><T8/><D47/><U66/><E66/><V5/><F5/><AGARI ba="0,0" hai="5,10,15,52,55" m="35945,44137,1130" machi="5" ten="30,2000,0" yaku="11,1,54,1" doraHai="72" who="1" fromWho="2" sc="250,0,250,20,250,-20,250,0" /><INIT seed="1,0,0,1,4,6" ten="250,270,230,250" oya="1" hai0="104,113,107,129,51,12,61,50,88,100,20,68,97" hai1="65,31,73,89,33,64,27,77,127,72,26,46,78" hai2="135,43,128,15,123,41,32,56,9,34,122,28,62" hai3="59,21,25,42,119,35,18,134,5,75,49,94,7"/><U30/><E46/><V130/><F135/><W14/><G75/><T79/><D113/><U16/><E89/><V112/><F112/><W132/><G119/><T90/><D107/><U110/><E33/><V1/><F1/><W29/><G94/><T92/><D79/><U105/><E105/><V37/><F37/><W102/><G102/><T98/><D129/><N who="2" m="49770" /><F43/><W131/><G131/><T3/><D3/><U111/><REACH who="1" step="1"/><E16/><REACH who="1" ten="250,260,230,250" step="2"/><N who="2" m="8303" /><F41/><W47/><G132/><T91/><D90/><U93/><E93/><V116/><F116/><W76/><G134/><T45/><D91/><U133/><E133/><V60/><F32/><W70/><G76/><T96/><D45/><U39/><E39/><V121/><F34/><W103/><G103/><T38/><D38/><U8/><E8/><V69/><F28/><W22/><G70/><T101/><D101/><U52/><E52/><N who="2" m="33799" /><F121/><W120/><G120/><T57/><D100/><U84/><E84/><V19/><F19/><W82/><G35/><T125/><D92/><U99/><E99/><V36/><F36/><W17/><G17/><T109/><D97/><U80/><E80/><V74/><F74/><W87/><G59/><T126/><D96/><U40/><E40/><V95/><F95/><W0/><G0/><T117/><D98/><U2/><E2/><V85/><F85/><W44/><G44/><T63/><D57/><U86/><E86/><V4/><F4/><N who="3" m="1611" /><G87/><T118/><D118/><U67/><E67/><AGARI ba="0,1" hai="62,67,69,122,123" m="33799,8303,49770" machi="67" ten="30,7700,0" yaku="19,1,52,1,54,2" doraHai="6" who="2" fromWho="1" sc="250,0,260,-77,230,87,250,0" /><INIT seed="2,0,0,3,4,130" ten="250,183,317,250" oya="2" hai0="54,134,53,51,70,27,84,39,83,62,42,0,26" hai1="135,94,7,34,43,126,46,28,18,35,89,117,29" hai2="63,56,112,77,3,48,4,76,109,113,5,104,114" hai3="20,103,124,50,9,90,40,106,119,15,65,68,123"/><V60/><F104/><W116/><G123/><T86/><D0/><U58/><E117/><V96/><F109/><W52/><G40/><T121/><D121/><U118/><E118/><V73/><F96/><W72/><G72/><T120/><D120/><U11/><E126/><V67/><F48/><W97/><G124/><T23/><D39/><U92/><E58/><V19/><F73/><W98/><G20/><T44/><D70/><U87/><E18/><V88/><F19/><W17/><G65/><T131/><D131/><U108/><E108/><V33/><F33/><W101/><G68/><T102/><D102/><U111/><E111/><V99/><F60/><W61/><G61/><T105/><D105/><U74/><E74/><V115/><F115/><W31/><G90/><T75/><D75/><U81/><E81/><V127/><F127/><W59/><REACH who="3" step="1"/><G31/><REACH who="3" ten="250,183,317,240" step="2"/><T1/><D62/><U13/><E89/><V32/><F88/><W24/><G24/><T47/><D27/><U133/><E43/><V36/><F114/><W129/><G129/><T2/><D42/><U100/><E100/><V49/><F113/><W128/><G128/><T57/><D26/><U21/><E21/><V122/><F122/><W30/><G30/><T78/><D23/><U14/><E11/><V107/><F112/><W69/><G69/><T22/><D22/><U110/><E110/><V79/><F79/><W25/><G25/><T80/><D78/><U6/><REACH who="1" step="1"/><E87/><REACH who="1" ten="250,173,317,240" step="2"/><V10/><F10/><W8/><G8/><T38/><D84/><U16/><E16/><V41/><F41/><W85/><G85/><RYUUKYOKU ba="0,2" sc="250,-15,173,15,317,-15,240,15" hai1="6,7,13,14,28,29,34,35,46,92,94,133,135" hai3="9,15,17,50,52,59,97,98,101,103,106,116,119" /><INIT seed="3,1,2,1,0,7" ten="235,188,302,255" oya="3" hai0="49,11,95,105,59,2,0,36,98,122,57,22,10" hai1="1,104,48,70,30,68,64,42,23,108,21,103,47" hai2="97,24,102,107,41,132,26,52,43,133,109,89,75" hai3="27,131,93,88,78,92,126,28,82,121,118,17,40"/><W116/><G121/><T62/><D122/><U74/><E74/><V5/><F109/><W114/><G114/><T130/><D36/><U90/><E108/><V80/><F5/><W46/><G126/><T38/><D38/><U31/><E1/><V18/><F52/><W67/><G67/><N who="0" m="39375" /><D2/><U32/><E90/><V3/><F3/><W20/><G131/><T115/><D105/><U61/><E70/><V101/><F101/><W134/><G134/><N who="2" m="51817" /><F18/><W54/><G54/><N who="0" m="32207" /><D0/><U99/><E31/><V39/><F89/><W69/><G69/><T119/><D119/><U72/><E72/><V124/><F124/><W91/><G116/><T60/><D130/><U65/><E65/><V113/><F113/><W55/><G55/><T96/><D115/><U100/><E103/><V19/><F19/><W66/><G66/><T76/><D76/><U106/><E104/><V50/><F50/><N who="3" m="26951" /><G28/><T128/><D60/><U37/><E37/><V12/><F39/><W13/><G118/><T16/><D128/><U14/><E14/><V87/><F75/><W79/><G13/><N who="0" m="9487" /><D98/><U58/><E58/><V34/><F34/><W73/><G73/><T83/><D83/><U56/><E56/><V77/><F43/><W51/><G51/><T29/><D29/><U53/><E42/><V63/><F63/><W25/><G82/><T8/><D8/><U112/><E112/><V35/><F35/><W84/><G27/><AGARI ba="1,2" hai="21,23,27,30,32,47,48,53,61,64,68,99,100,106" machi="27" ten="40,2600,0" yaku="25,2" doraHai="7" who="1" fromWho="3" sc="235,0,188,49,302,0,255,-29" owari="235,-16.5,237,3.7,302,40.2,226,-27.4" /></mjloggm>