<mjloggm ver="2.3"><GO type="225" lobby="0"/><UN n0="%E5%8F%AF%E5%85%90%E9%82%A3%E7%94%B1%E5%A4%9A" n1="%6D%75%75%6D%75%72%61" n2="%E8%81%B7%E6%A5%AD%E3%80%81%E9%A2%A8%32" n3="%47%48%4F%53%54" dan="17,16,16,17" rate="2163.48,2077.89,2142.35,2280.04" sx="F,F,M,M"/><TAIKYOKU oya="0"/><INIT seed="0,0,0,0,4,105" ten="250,250,250,250" oya="0" hai0="124,121,74,86,135,91,3,103,73,75,122,49,6" hai1="119,30,81,76,50,17,126,11,98,21,12,77,41" hai2="13,113,116,1,24,10,22,48,43,55,92,62,37" hai3="25,110,40,63,100,56,114,107,127,65,46,7,51"/><T23/><D3/><U117/><E126/><V78/><F113/><W58/><G114/><T27/><D6/><U120/><E120/><V133/><F133/><W52/><G127/><T8/><D8/><U79/><E98/><V61/><F116/><W38/><G110/><T125/><D103/><U9/><E9/><V15/><F1/><W95/><G107/><T72/><D135/><U130/><E130/><V20/><F43/><W29/><G7/><T83/><D125/><U129/><E129/><V16/><F37/><W84/><G100/><T2/><D2/><U111/><E111/><V94/><F78/><W85/><REACH who="3" step="1"/><G95/><REACH who="3" ten="250,250,250,240" step="2"/><T71/><D124/><U33/><E117/><V42/><F94/><W26/><G26/><T128/><D128/><U134/><E119/><V0/><F92/><W31/><G31/><T99/><D121/><U45/><E134/><V54/><F24/><W118/><G118/><T106/><D122/><U32/><E30/><V108/><F108/><W90/><G90/><T112/><D112/><U132/><E132/><V47/><F0/><W59/><G59/><T28/><D71/><U19/><REACH who="1" step="1"/><E81/><REACH who="1" ten="250,240,250,240" step="2"/><V35/><F15/><AGARI ba="0,2" hai="11,12,15,17,19,21,32,33,41,45,50,76,77,79" machi="15" ten="40,2600,0" yaku="1,1,2,1,53,0" doraHai="105" doraHaiUra="68" who="1" fromWho="2" sc="250,0,240,46,250,-26,240,0" /><INIT seed="1,0,0,1,5,75" ten="250,286,224,240" oya="1" hai0="99,127,94,48,18,131,26,130,112,93,121,29,72" hai1="80,88,71,64,109,47,33,45,100,119,53,46,2" hai2="0,122,3,16,102,91,55,125,58,24,120,74,115" hai3="118,89,30,37,65,17,44,117,135,54,7,83,52"/><U14/><E119/><N who="3" m="45578" /><G135/><T50/><D112/><U38/><E2/><V12/><F115/><W40/><G65/><T56/><D127/><U113/><E113/><V9/><F74/><W110/><G110/><T59/><D72/><U106/><E33/><V86/><F125/><W67/><G30/><T8/><D121/><U126/><E126/><V51/><F102/><W98/><G7/><T13/><D50/><U111/><E64/><V77/><F77/><W103/><G67/><T49/><D49/><N who="1" m="28847" /><E71/><V87/><F87/><N who="3" m="50431" /><G17/><T123/><D123/><U66/><E66/><V124/><F124/><W79/><G79/><T90/><D94/><AGARI ba="0,0" hai="37,40,44,52,54,94,98,103" m="50431,45578" machi="94" ten="30,2000,0" yaku="12,1,54,1" doraHai="75" who="3" fromWho="0" sc="250,-20,286,0,224,0,240,20" /><INIT seed="2,0,0,5,1,79" ten="230,286,224,260" oya="2" hai0="57,20,118,108,93,92,119,132,8,10,76,106,49" hai1="123,42,82,88,113,77,81,45,54,44,78,29,27" hai2="71,52,73,67,2,115,72,94,14,22,133,86,28" hai3="3,112,35,32,126,65,21,110,70,24,91,43,64"/><V40/><F115/><W11/><G70/><T89/><D106/><U18/><E113/><V84/><F2/><W114/><G43/><T63/><D108/><U101/><E101/><V0/><F0/><W121/><G91/><T55/><D132/><U107/><E107/><V19/><F133/><W80/><G80/><N who="1" m="30826" /><E123/><V131/><F40/><W13/><G65/><T104/><D104/><U134/><E134/><V103/><F28/><N who="3" m="17423" /><G64/><T116/><D76/><N who="1" m="29291" /><E29/><V97/><F131/><W12/><G126/><T96/><D93/><U25/><E54/><V122/><F122/><W16/><G121/><T41/><D20/><N who="1" m="13463" /><E42/><V117/><F117/><W15/><G110/><T102/><D102/><U50/><E50/><V23/><F52/><W38/><G38/><T47/><AGARI ba="0,0" hai="8,10,41,47,49,55,57,63,89,92,96,116,118,119" machi="47" ten="40,2700,0" yaku="0,1,12,1" doraHai="79" who="0" fromWho="0" sc="230,27,286,-7,224,-13,260,-7" /><INIT seed="3,0,0,2,4,34" ten="257,279,211,253" oya="3" hai0="108,46,93,80,12,17,40,118,100,107,54,84,20" hai1="24,132,15,120,64,99,47,66,59,104,6,7,38" hai2="61,32,116,56,129,13,18,27,9,90,35,113,29" hai3="89,131,53,71,117,77,135,115,50,11,30,126,41"/><W44/><G115/><T102/><D118/><U65/><E120/><V123/><F116/><W22/><G117/><T62/><D107/><U45/><E132/><V88/><F113/><W128/><G135/><T109/><D54/><U4/><E38/><V52/><F123/><W91/><G71/><T101/><D62/><U69/><E69/><V31/><F129/><N who="3" m="49739" /><G126/><T103/><N who="0" m="25600" /><DORA hai="97" /><T83/><D93/><U10/><E99/><V82/><F82/><W60/><G77/><T51/><REACH who="0" step="1"/><D83/><REACH who="0" ten="247,279,211,253" step="2"/><U133/><E104/><V87/><REACH who="2" step="1"/><F87/><REACH who="2" ten="247,279,201,253" step="2"/><W37/><G60/><T130/><D130/><U72/><E133/><V43/><F43/><W110/><G41/><T16/><D16/><U2/><E72/><V114/><F114/><W98/><G98/><T95/><D95/><U96/><E96/><V111/><F111/><W124/><G110/><T28/><D28/><U39/><E6/><V134/><F134/><W119/><G30/><T76/><AGARI ba="0,2" hai="12,17,20,40,46,51,76,80,84,108,109" m="25600" machi="76" ten="40,12000,2" yaku="1,1,0,1,52,4,53,0" doraHai="34,97" doraHaiUra="23,55" who="0" fromWho="0" sc="247,140,279,-30,201,-30,253,-60" owari="387,48.7,249,4.9,171,-32.9,193,-20.7" /></mjloggm>