<mjloggm ver="2.3"><GO type="225" lobby="0"/><UN n0="%72%61%6B%33" n1="%E4%BF%BA%E3%81%A8%E5%A6%96%E5%A4%A2" n2="%E3%81%9F%E3%81%93%E2%98%86%E7%84%BC%E3%81%8D" n3="%6D%75%75%6D%75%72%61" dan="16,17,16,16" rate="2118.23,2221.07,2102.24,2153.84" sx="M,F,M,F"/><TAIKYOKU oya="0"/><INIT seed="0,0,0,2,1,42" ten="250,250,250,250" oya="0" hai0="131,40,78,18,132,28,7,135,90,108,89,129,120" hai1="97,100,77,47,79,5,83,122,13,73,115,66,68" hai2="130,53,60,87,109,133,98,58,63,3,0,113,92" hai3="104,29,74,86,27,62,49,84,94,93,16,127,26"/><T91/><D7/><U12/><E122/><V46/><F113/><W117/><G74/><T45/><D120/><U61/><E115/><V17/><F109/><W39/><G104/><T50/><D28/><U82/><E5/><V22/><F130/><N who="0" m="49674" /><D108/><U75/><REACH who="1" step="1"/><E47/><REACH who="1" ten="250,240,250,250" step="2"/><V116/><F46/><W134/><G117/><T38/><D38/><U41/><E41/><V20/><F116/><W11/><G39/><T121/><D121/><U1/><E1/><V52/><F0/><W67/><G127/><T119/><D119/><U123/><E123/><V81/><F3/><W43/><G43/><T128/><D128/><U69/><E69/><V110/><F110/><W6/><G6/><T112/><D112/><U55/><E55/><V56/><F133/><N who="0" m="51274" /><D18/><U59/><E59/><V64/><F17/><W99/><G16/><T8/><D78/><U76/><E76/><V114/><F64/><W88/><G67/><T4/><D4/><U31/><E31/><V54/><F53/><W111/><G29/><T30/><D30/><U14/><E14/><V125/><F114/><W72/><G134/><T48/><D48/><U35/><E35/><V9/><F54/><W103/><G49/><T107/><D8/><U34/><E34/><V19/><F9/><W15/><G111/><T21/><D21/><U51/><E51/><V85/><F20/><W95/><G11/><T71/><D71/><U25/><E25/><V80/><F22/><W126/><G27/><T105/><AGARI ba="0,1" hai="40,45,50,89,90,91,105,107" m="51274,49674" machi="105" ten="40,7800,0" yaku="19,1,20,1,52,1" doraHai="42" who="0" fromWho="0" sc="250,88,240,-26,250,-26,250,-26" /><INIT seed="0,1,0,2,3,72" ten="338,214,224,224" oya="0" hai0="59,31,123,39,81,74,112,87,46,0,76,21,93" hai1="97,18,13,26,111,85,40,65,42,122,126,32,100" hai2="91,83,3,44,34,94,55,80,117,120,131,128,57" hai3="33,102,41,105,51,114,36,52,79,15,23,104,108"/><T118/><D112/><U78/><E122/><V88/><F3/><W43/><G33/><T82/><D123/><U99/><E111/><V16/><F34/><W20/><G114/><T1/><D118/><U63/><E126/><V10/><F44/><W67/><G36/><T22/><D93/><U19/><E32/><V69/><F69/><W129/><G108/><T35/><D35/><U133/><E26/><V4/><F4/><W56/><G129/><N who="2" m="49737" /><F117/><W71/><G79/><T116/><D116/><U64/><E133/><V115/><F115/><W61/><G102/><T8/><D59/><U135/><E135/><V24/><F120/><W103/><G103/><T101/><D101/><U47/><E47/><V27/><F91/><W96/><G96/><T17/><D31/><U60/><E100/><V49/><F24/><W121/><G121/><T66/><D66/><U9/><E85/><N who="2" m="52495" /><F10/><W73/><G73/><T90/><D17/><U132/><E132/><V25/><F25/><W89/><G89/><T2/><REACH who="0" step="1"/><D8/><REACH who="0" ten="328,214,224,224" step="2"/><U106/><E9/><V38/><F16/><W77/><G71/><T75/><D75/><U29/><E29/><V125/><F57/><W130/><G130/><T92/><D92/><U113/><E113/><V98/><F125/><W7/><G56/><T134/><D134/><U107/><REACH who="1" step="1"/><E13/><REACH who="1" ten="328,204,224,224" step="2"/><V5/><F27/><W70/><G15/><T84/><D84/><U109/><E109/><V12/><F12/><W124/><G124/><T95/><D95/><U53/><E53/><V110/><F55/><W119/><G52/><T28/><D28/><U30/><E30/><RYUUKYOKU ba="1,2" sc="328,15,204,15,224,-15,224,-15" hai0="0,1,2,21,22,39,46,74,76,81,82,87,90" hai1="18,19,40,42,60,63,64,65,78,97,99,106,107" /><INIT seed="0,2,2,2,1,131" ten="343,219,209,209" oya="0" hai0="23,19,112,99,134,18,41,64,98,85,76,73,79" hai1="25,4,110,82,22,107,7,72,67,15,94,121,80" hai2="124,49,46,102,52,103,30,16,114,59,9,35,75" hai3="122,117,13,119,2,36,39,28,71,113,104,55,38"/><T27/><D112/><U83/><E121/><V100/><F75/><W123/><G113/><T130/><D73/><U116/><E116/><N who="3" m="44618" /><G104/><T77/><D130/><U92/><E107/><V109/><F124/><W91/><G91/><T93/><D134/><U26/><E72/><V40/><F109/><W96/><G96/><N who="0" m="36907" /><D64/><U62/><E110/><V14/><F114/><W133/><G2/><T1/><D1/><U54/><E54/><V8/><F30/><W129/><G28/><N who="0" m="17535" /><D41/><U50/><E26/><V135/><F35/><W21/><G129/><T43/><D43/><U33/><E33/><V24/><F24/><W56/><G71/><T111/><D111/><U108/><E108/><V34/><F34/><W45/><G13/><T61/><D61/><U42/><E15/><V106/><F106/><W37/><G21/><T68/><D68/><U17/><E4/><V78/><F8/><W66/><G66/><T87/><D87/><U128/><E7/><V74/><F74/><W118/><N who="3" m="44626" /><W86/><DORA hai="58" /><G86/><T20/><D20/><U6/><E6/><V120/><F120/><N who="3" m="46123" /><G133/><T47/><D85/><U115/><E115/><V3/><F135/><W32/><G32/><T127/><D93/><U81/><N who="1" m="20480" /><DORA hai="12" /><U105/><E105/><V90/><F3/><W44/><N who="3" m="9216" /><DORA hai="89" /><W10/><G10/><T29/><D29/><U57/><E128/><V60/><REACH who="2" step="1"/><F90/><REACH who="2" ten="343,219,199,209" step="2"/><W132/><G132/><T125/><D127/><U31/><E31/><V53/><F53/><W97/><G97/><T70/><D125/><U0/><E0/><V48/><F48/><AGARI ba="2,3" hai="44,45,48,55,56" m="9216,46123,44626" machi="48" ten="80,8000,1" yaku="13,1,34,2" doraHai="131,58,12,89" who="3" fromWho="2" sc="343,0,219,0,199,-86,209,116" /><INIT seed="1,0,0,5,5,37" ten="343,219,113,325" oya="1" hai0="104,112,78,19,50,11,85,65,119,33,14,41,47" hai1="118,54,116,8,25,26,22,49,128,67,102,56,57" hai2="124,95,32,108,39,10,120,60,30,68,110,70,133" hai3="117,29,53,64,42,34,18,44,72,96,91,93,84"/><U130/><E102/><V92/><F39/><W103/><G72/><T7/><D112/><U21/><E8/><V15/><F120/><W113/><G113/><T90/><D119/><U88/><E67/><V36/><F36/><W75/><G75/><T115/><D115/><U9/><E9/><V123/><F123/><W71/><G53/><T20/><D33/><U98/><E57/><V12/><F30/><W80/><G117/><T132/><D132/><U81/><E116/><V55/><F32/><W48/><G18/><T126/><D126/><U125/><E118/><V51/><F133/><W107/><G64/><T101/><D104/><U4/><E4/><V31/><F31/><W129/><G129/><N who="1" m="49770" /><E125/><V83/><F60/><W63/><G63/><T99/><D65/><U24/><E81/><V59/><F83/><W97/><G71/><T46/><D101/><U17/><E22/><V134/><F134/><W27/><REACH who="3" step="1"/><G96/><REACH who="3" ten="343,219,113,315" step="2"/><T35/><D99/><U131/><E131/><V62/><F62/><W2/><G2/><T6/><D6/><U122/><E122/><V23/><F124/><W109/><G109/><N who="2" m="42089" /><F70/><W1/><G1/><T40/><D7/><U76/><E98/><V127/><F68/><W100/><G100/><T121/><D121/><U38/><E54/><V3/><F3/><W28/><G28/><T52/><D52/><U66/><E66/><V74/><F74/><W5/><G5/><T16/><D19/><U114/><E114/><V89/><F127/><W58/><G58/><T43/><D16/><U135/><E135/><V0/><F55/><W86/><G86/><RYUUKYOKU ba="0,1" sc="343,-10,219,-10,113,-10,315,30" hai3="27,29,34,42,44,48,80,84,91,93,97,103,107" /><INIT seed="2,1,1,0,0,37" ten="333,209,103,345" oya="2" hai0="117,91,83,22,11,105,125,107,84,86,9,76,108" hai1="104,96,67,98,123,69,92,28,118,68,47,65,55" hai2="2,134,13,29,54,115,26,34,80,89,133,35,81" hai3="74,5,127,124,31,18,88,114,14,110,119,70,24"/><V8/><F115/><W27/><G74/><T130/><D108/><U126/><E118/><V44/><F2/><W0/><G70/><T109/><D109/><U3/><E3/><V79/><F34/><W40/><G110/><T56/><D117/><U58/><E104/><V19/><F79/><W57/><G119/><T116/><D116/><U73/><E73/><V61/><F61/><W41/><G114/><T85/><D125/><N who="3" m="48201" /><G0/><T21/><D130/><U51/><E126/><V45/><F45/><W33/><G5/><T60/><D107/><U97/><E123/><V49/><REACH who="2" step="1"/><F89/><REACH who="2" ten="333,209,93,345" step="2"/><W71/><G88/><T6/><D91/><U64/><E47/><V101/><F101/><W122/><G122/><T82/><D76/><U128/><E128/><V66/><F66/><W93/><G71/><T46/><D46/><U99/><E68/><V120/><F120/><W94/><G57/><T87/><D56/><U75/><E69/><V102/><F102/><W48/><G48/><T111/><D111/><U38/><E67/><V63/><F63/><W90/><G90/><T20/><D60/><U4/><E65/><V112/><F112/><W25/><G33/><T23/><D82/><AGARI ba="1,2" hai="8,13,19,26,29,35,44,49,54,80,81,82,133,134" machi="82" ten="40,12000,1" yaku="1,1,53,3" doraHai="37" doraHaiUra="77" who="2" fromWho="0" sc="333,-123,209,0,93,143,345,0" /><INIT seed="2,2,0,3,1,102" ten="210,209,236,345" oya="2" hai0="48,99,77,6,5,67,61,52,135,79,10,123,75" hai1="54,47,88,65,24,28,92,30,90,58,35,8,86" hai2="104,101,18,122,134,97,73,32,9,124,117,81,15" hai3="39,96,36,100,0,118,25,109,46,22,94,23,103"/><V72/><F117/><W12/><G118/><T133/><D123/><U84/><E28/><V126/><F32/><W41/><G0/><T115/><D115/><U31/><E31/><V2/><F122/><W29/><G109/><T43/><D43/><U78/><E78/><V98/><F81/><W62/><G62/><T105/><D75/><U131/><E131/><V76/><F76/><W14/><G100/><N who="0" m="62623" /><D79/><U116/><E116/><V38/><F38/><W3/><G3/><T40/><D40/><U50/><E8/><V127/><F98/><W130/><G130/><T69/><D77/><U33/><E65/><V64/><F64/><W70/><G70/><T37/><D10/><U45/><REACH who="1" step="1"/><E35/><REACH who="1" ten="210,199,236,345" step="2"/><V34/><F34/><W74/><G29/><T53/><D37/><U132/><E132/><N who="0" m="50761" /><D53/><U113/><E113/><V125/><F134/><W66/><G36/><T108/><D108/><U120/><E120/><V4/><F126/><W19/><G39/><T89/><D89/><U87/><E87/><V119/><F119/><W129/><G129/><T85/><D85/><U114/><E114/><V82/><F82/><AGARI ba="2,1" hai="24,30,33,45,47,50,54,58,82,84,86,88,90,92" machi="82" ten="30,7700,0" yaku="1,1,7,1,54,1,53,1" doraHai="102" doraHaiUra="27" who="1" fromWho="2" sc="210,0,199,93,236,-83,345,0" /><INIT seed="3,0,0,3,3,33" ten="210,292,153,345" oya="3" hai0="25,127,105,107,91,95,29,66,135,60,77,97,31" hai1="45,76,81,109,53,14,80,129,83,4,38,85,74" hai2="86,106,2,20,117,40,47,123,72,65,44,56,9" hai3="132,104,121,75,64,126,82,13,1,58,6,131,73"/><W43/><G121/><T114/><D127/><U54/><E109/><V8/><F72/><W16/><G1/><T108/><D108/><U61/><E129/><V12/><F106/><W119/><G119/><T50/><D135/><U87/><E74/><V42/><F117/><W94/><G104/><T7/><D114/><U36/><E36/><V63/><F123/><W68/><G6/><T71/><D29/><U101/><E101/><V103/><F103/><W112/><G68/><T0/><D77/><U96/><E96/><V122/><F122/><W15/><G82/><T134/><D134/><U37/><E37/><V102/><F102/><W22/><G15/><T93/><D50/><U48/><E85/><V46/><F86/><W51/><G64/><T70/><D70/><U128/><E38/><V78/><F78/><W118/><G58/><T26/><D26/><U24/><E24/><V19/><REACH who="2" step="1"/><F2/><REACH who="2" ten="210,292,143,345" step="2"/><W88/><G73/><T100/><D107/><U89/><E76/><V3/><F3/><W62/><G75/><T90/><D90/><U57/><E128/><V49/><F49/><W32/><G88/><T41/><D91/><U110/><E110/><V21/><F21/><W28/><G51/><T124/><D105/><U11/><AGARI ba="0,1" hai="4,11,14,45,48,53,54,57,61,80,81,83,87,89" machi="11" ten="30,2000,0" yaku="0,1,8,1" doraHai="33" who="1" fromWho="1" sc="210,-5,292,30,143,-5,345,-10" owari="205,-19.5,322,12.2,138,-36.2,335,43.5" /></mjloggm>