<mjloggm ver="2.3"><GO type="225" lobby="0"/><UN n0="%72%69%6F%75%63%68%61%6E" n1="%E4%BA%95%E5%B8%AF" n2="%E7%B4%94%E6%BD%94%E3%83%94%E3%83%A9%E3%83%8B%E3%82%A2" n3="%54%4F%52" dan="16,16,16,17" rate="2138.24,2053.75,2173.63,2207.94" sx="M,M,M,M"/><TAIKYOKU oya="0"/><INIT seed="0,0,0,2,0,6" ten="250,250,250,250" oya="0" hai0="131,124,51,135,110,3,64,93,98,102,127,118,19" hai1="46,87,56,82,117,94,8,38,71,77,79,105,96" hai2="53,13,128,14,86,116,12,84,129,55,52,69,37" hai3="66,50,133,106,40,104,47,32,130,26,18,36,88"/><T10/><D118/><U5/><E71/><V90/><F69/><W59/><G133/><T60/><D135/><U121/><E121/><V11/><F37/><W29/><G130/><N who="2" m="50281" /><F116/><W25/><G88/><N who="0" m="55591" /><D131/><U0/><E105/><V22/><F22/><W81/><G81/><T92/><D3/><U126/><E126/><N who="0" m="48169" /><D110/><U114/><E114/><V42/><F42/><W95/><G95/><T122/><D122/><U74/><E117/><V123/><F123/><W101/><G101/><T113/><D113/><U45/><E56/><V132/><F132/><W83/><G83/><T89/><D102/><U7/><E7/><N who="2" m="3199" /><F84/><W57/><G25/><T103/><D103/><U39/><E77/><V1/><F1/><W91/><G32/><T33/><D33/><U31/><E74/><V80/><AGARI ba="0,0" hai="13,14,52,53,55,80,86,90" m="3199,50281" machi="80" ten="30,4000,0" yaku="19,1,52,1,54,1" doraHai="6" who="2" fromWho="2" sc="250,-20,250,-10,250,40,250,-10" /><INIT seed="1,0,0,2,5,101" ten="230,240,290,240" oya="1" hai0="115,62,85,127,24,99,125,111,55,104,61,73,29" hai1="129,128,107,132,96,80,60,135,5,93,66,57,46" hai2="58,97,122,53,44,36,123,118,27,34,82,81,84" hai3="47,89,35,64,32,121,17,63,112,3,103,117,76"/><U41/><E5/><V15/><F118/><W25/><G112/><T70/><D115/><U116/><E80/><V98/><F15/><W133/><G121/><T9/><D73/><U83/><E83/><V87/><F36/><W56/><G3/><T11/><D111/><U126/><E116/><V100/><F44/><W113/><G113/><T28/><D85/><U94/><E94/><V1/><F1/><W114/><G114/><T52/><D70/><U23/><E23/><V0/><F0/><W2/><G2/><T10/><D99/><U43/><E43/><V31/><F98/><W16/><G117/><T50/><D50/><U91/><E107/><V71/><F71/><W48/><G76/><T120/><D120/><U26/><E26/><V75/><F75/><W110/><G110/><T8/><D8/><U65/><E65/><V106/><F84/><W130/><G130/><N who="1" m="50282" /><E126/><N who="0" m="48137" /><D104/><U38/><AGARI ba="0,0" hai="38,41,46,57,60,66,91,93,96,132,135" m="50282" machi="38" ten="30,1500,0" yaku="19,1" doraHai="101" who="1" fromWho="1" sc="230,-5,240,15,290,-5,240,-5" /><INIT seed="1,1,0,0,3,49" ten="225,255,285,235" oya="1" hai0="27,59,116,23,106,118,96,97,8,86,48,33,128" hai1="74,60,56,4,84,126,111,21,76,98,9,100,17" hai2="1,51,122,120,69,131,103,125,71,22,0,30,32" hai3="15,66,6,28,31,2,72,10,11,112,5,117,85"/><U61/><E126/><V113/><F22/><W38/><G72/><T75/><D75/><U40/><E74/><V43/><F43/><W134/><G112/><T44/><D128/><U83/><E40/><V65/><F51/><W47/><G134/><T13/><D33/><U119/><E119/><V64/><F103/><W53/><G117/><T18/><D59/><U45/><E45/><V46/><F46/><W105/><G105/><T115/><D115/><U3/><E111/><V80/><F80/><W123/><G123/><T20/><D20/><U29/><E29/><V89/><F89/><W41/><G66/><T25/><D25/><U34/><E34/><V57/><F57/><W127/><G127/><T52/><D118/><U91/><E76/><V135/><F30/><W93/><G93/><T37/><D116/><U68/><E68/><V81/><F81/><W94/><G94/><T36/><D86/><U107/><REACH who="1" step="1"/><E56/><REACH who="1" ten="225,245,285,235" step="2"/><V7/><F32/><W92/><G41/><T26/><D37/><U19/><E19/><V99/><F125/><W88/><G38/><T14/><D36/><U73/><E73/><V110/><F110/><W82/><G47/><T121/><D121/><U78/><E78/><V108/><F108/><W130/><G130/><T62/><D62/><U50/><E50/><V129/><F113/><W124/><G124/><T54/><D48/><U67/><E67/><V16/><F129/><W79/><G53/><N who="0" m="20587" /><D44/><U109/><E109/><V102/><F131/><W87/><AGARI ba="1,1" hai="2,5,6,10,11,15,28,31,79,82,85,87,88,92" machi="87" ten="20,2700,0" yaku="0,1,7,1,54,1" doraHai="49" who="3" fromWho="3" sc="225,-8,245,-14,285,-8,235,40" /><INIT seed="2,0,0,2,2,33" ten="217,231,277,275" oya="2" hai0="114,10,116,131,130,96,58,109,103,106,40,102,124" hai1="18,133,66,34,35,70,3,56,30,82,87,115,46" hai2="92,26,1,61,20,19,45,11,105,69,47,110,108" hai3="99,14,7,23,75,50,27,135,2,8,118,55,59"/><V0/><F105/><W78/><G118/><T128/><D114/><U60/><E115/><V41/><F47/><W132/><G99/><T113/><D113/><U101/><E133/><V122/><F122/><W28/><G78/><T97/><D116/><U68/><E101/><V91/><F11/><W57/><G75/><T22/><D109/><N who="2" m="42090" /><F61/><W111/><G111/><T94/><D124/><U125/><E125/><V123/><F69/><W73/><G73/><T52/><D40/><U17/><E46/><V37/><F123/><W39/><G39/><T29/><D10/><U100/><E100/><V21/><F20/><W25/><G59/><T24/><REACH who="0" step="1"/><D128/><REACH who="0" ten="207,231,277,275" step="2"/><U36/><E36/><V43/><F43/><W32/><G132/><T62/><AGARI ba="0,1" hai="22,24,29,52,58,62,94,96,97,102,103,106,130,131" machi="62" ten="30,7900,0" yaku="1,1,2,1,0,1,54,1,53,0" doraHai="33" doraHaiUra="120" who="0" fromWho="0" sc="207,89,231,-20,277,-39,275,-20" /><INIT seed="3,0,0,1,5,133" ten="296,211,238,255" oya="3" hai0="94,37,129,31,28,123,24,110,13,93,83,56,4" hai1="45,59,21,30,126,18,116,113,15,100,79,66,46" hai2="62,20,71,42,2,135,0,117,121,95,54,98,32" hai3="85,118,84,132,29,12,19,111,86,75,112,82,52"/><W7/><G112/><T14/><D123/><U124/><E113/><V53/><F117/><W77/><G118/><T34/><D37/><U87/><E116/><V11/><F32/><W61/><G132/><T102/><D110/><U115/><E115/><V33/><F33/><W76/><G111/><T88/><D129/><U101/><E30/><N who="0" m="11305" /><D34/><U1/><E1/><V125/><F20/><W119/><G119/><T65/><D24/><U74/><E74/><V89/><F42/><W9/><G29/><T131/><D131/><U69/><E69/><V36/><F36/><W73/><G76/><T109/><D109/><U96/><E46/><V81/><F81/><W106/><G106/><T108/><D108/><U27/><E45/><V104/><F104/><W70/><G73/><T38/><D38/><U90/><E79/><V99/><F99/><W97/><G97/><N who="0" m="59695" /><D83/><U63/><E27/><V91/><F91/><W22/><G70/><T134/><D4/><U60/><E60/><V23/><F23/><W35/><G35/><T17/><D17/><U68/><E68/><V6/><F121/><W16/><REACH who="3" step="1"/><G22/><REACH who="3" ten="296,211,238,245" step="2"/><T128/><D134/><U3/><E3/><V48/><F2/><W122/><G122/><T105/><D105/><U114/><E114/><V127/><F135/><W47/><G47/><T55/><D128/><U58/><E58/><AGARI ba="0,1" hai="7,9,12,16,19,52,58,61,75,77,82,84,85,86" machi="58" ten="40,12000,1" yaku="1,1,54,2,53,1" doraHai="133" doraHaiUra="57" who="3" fromWho="1" sc="296,0,211,-120,238,0,245,130" owari="296,9.6,91,-40.9,238,-16.2,375,47.5" /></mjloggm>