<mjloggm ver="2.3"><GO type="225" lobby="0"/><UN n0="%E3%81%99%E3%81%84%E3%81%BE%E3%81%9B%E3%83%BC%E3%82%93" n1="%E3%82%A2%E3%83%A1%E3%82%A2%E3%83%A9%E3%83%AC" n2="%E3%81%A0%E3%81%8A" n3="%E6%97%A5%E6%9B%9C%E6%97%A5%E3%82%88%E3%82%8A%E3%81%AE%E4%BD%BF%E8%80%85" dan="18,16,16,16" rate="2249.23,2086.43,2038.19,2089.07" sx="M,M,M,M"/><TAIKYOKU oya="0"/><INIT seed="0,0,0,0,5,94" ten="250,250,250,250" oya="0" hai0="61,67,131,37,78,25,7,76,97,134,48,30,2" hai1="31,23,34,129,118,29,114,112,4,40,16,110,79" hai2="130,80,44,41,100,47,108,119,6,104,9,91,73" hai3="66,116,33,122,28,107,59,58,46,54,117,43,15"/><T82/><D37/><U93/><E40/><V14/><F108/><W63/><G107/><T51/><D134/><U109/><E79/><V75/><F130/><W65/><G15/><T3/><D131/><U121/><E129/><V81/><F119/><W35/><G122/><T92/><D78/><U49/><E49/><V132/><F132/><W19/><G19/><T128/><D128/><U101/><E118/><V99/><F47/><W113/><G113/><N who="1" m="43626" /><E34/><V125/><F125/><W98/><G28/><N who="1" m="10826" /><E4/><V45/><F45/><W103/><G33/><T26/><D7/><U64/><E64/><V85/><REACH who="2" step="1"/><F80/><REACH who="2" ten="250,250,240,250" step="2"/><W27/><G117/><T77/><D82/><U83/><E83/><V17/><F17/><W102/><G116/><T36/><D30/><U95/><E121/><V1/><F1/><W135/><G35/><T105/><D2/><U42/><E42/><V8/><F8/><W72/><G43/><T24/><D3/><U18/><E18/><V5/><F5/><W90/><G46/><T74/><D77/><U127/><E127/><V86/><F86/><W87/><G87/><T68/><D76/><U39/><E39/><AGARI ba="0,1" hai="6,9,14,39,41,44,73,75,81,85,91,99,100,104" machi="39" ten="30,3900,0" yaku="1,1,7,1,52,1,53,0" doraHai="94" doraHaiUra="53" who="2" fromWho="1" sc="250,0,250,-39,240,49,250,0" /><INIT seed="1,0,0,2,3,98" ten="250,211,289,250" oya="1" hai0="129,112,3,117,113,69,111,4,75,61,16,47,23" hai1="108,125,116,8,96,79,41,5,100,0,26,43,45" hai2="135,64,37,52,134,22,81,126,77,42,6,74,17" hai3="90,88,71,122,7,60,92,39,32,84,78,76,56"/><U13/><E116/><V10/><F64/><W54/><G122/><T27/><D117/><U93/><E125/><V53/><F126/><W114/><G114/><T18/><D75/><U87/><E108/><V63/><F42/><W28/><G39/><T40/><D111/><U95/><E26/><N who="2" m="14671" /><F37/><W132/><G132/><N who="2" m="50729" /><F63/><W119/><G119/><T99/><D61/><U34/><E34/><V97/><F97/><W73/><G73/><T12/><D99/><U127/><E127/><V49/><F49/><W121/><G121/><T36/><D69/><U130/><E130/><V101/><F101/><W48/><G7/><T11/><REACH who="0" step="1"/><D129/><REACH who="0" ten="240,211,289,250" step="2"/><U89/><E79/><V62/><F62/><W55/><G71/><T70/><D70/><U29/><E29/><V24/><F24/><W19/><G28/><T46/><D46/><U115/><E115/><V128/><F128/><W94/><G60/><T118/><D118/><U20/><REACH who="1" step="1"/><E45/><REACH who="1" ten="240,201,289,250" step="2"/><V123/><F123/><W30/><G30/><T59/><D59/><U107/><E107/><V25/><F25/><W133/><G133/><T67/><D67/><U91/><E91/><V72/><F72/><W1/><G90/><T9/><AGARI ba="0,2" hai="3,4,9,11,12,16,18,23,27,36,40,47,112,113" machi="9" ten="20,5200,0" yaku="1,1,0,1,7,1,54,1,53,0" doraHai="98" doraHaiUra="66" who="0" fromWho="0" sc="240,72,201,-26,289,-13,250,-13" /><INIT seed="2,0,0,4,1,92" ten="312,175,276,237" oya="2" hai0="56,85,23,73,83,133,120,71,90,40,0,123,62" hai1="30,41,103,7,5,113,135,107,112,121,53,80,59" hai2="32,51,110,116,36,109,81,124,58,102,15,115,17" hai3="79,119,61,82,20,45,91,52,89,106,93,95,19"/><V24/><F115/><W34/><G34/><T49/><D133/><U65/><E135/><V39/><F116/><W43/><G106/><T101/><D0/><U72/><E121/><V122/><F122/><W35/><G35/><T18/><D73/><U104/><E30/><V96/><F124/><W68/><G68/><T14/><D101/><U98/><E107/><V87/><F24/><W75/><G119/><T86/><D71/><U2/><E65/><V134/><F32/><W99/><G61/><T118/><D118/><U77/><E41/><V111/><F134/><W22/><G19/><T25/><D25/><U70/><E70/><V67/><F51/><W78/><G78/><T100/><D100/><U97/><E97/><V129/><F129/><W13/><G13/><T132/><D132/><U63/><REACH who="1" step="1"/><E2/><REACH who="1" ten="312,165,276,237" step="2"/><V50/><F67/><W76/><G43/><T74/><D40/><U21/><E21/><V9/><F39/><W117/><G117/><T105/><D123/><U128/><E128/><V26/><F36/><W88/><G20/><T12/><D105/><U38/><E38/><V54/><F109/><W57/><G22/><T8/><D23/><U29/><E29/><V1/><F1/><W84/><G99/><T131/><D131/><U31/><E31/><V48/><F96/><W37/><G37/><T66/><D66/><U27/><E27/><V28/><F110/><W69/><G69/><T16/><D120/><U108/><E108/><V6/><F26/><W114/><G114/><AGARI ba="0,1" hai="5,7,53,59,63,72,77,80,98,103,104,112,113,114" machi="114" ten="40,2600,0" yaku="1,1,52,1,53,0" doraHai="92" doraHaiUra="47" who="1" fromWho="3" sc="312,0,165,36,276,0,237,-26" /><INIT seed="3,0,0,0,4,98" ten="312,201,276,211" oya="3" hai0="60,99,12,17,122,90,21,80,93,109,33,134,1" hai1="79,88,77,117,49,112,52,50,47,4,113,111,128" hai2="91,37,63,3,26,18,123,27,86,116,0,96,57" hai3="68,82,39,43,14,74,35,38,125,29,133,72,83"/><W53/><G68/><T61/><D122/><U121/><E121/><V69/><F123/><W102/><G35/><T89/><D109/><U56/><E111/><V84/><F37/><W24/><G125/><T132/><D1/><U131/><E4/><V55/><F69/><W54/><G14/><T32/><D32/><U105/><E105/><V10/><F10/><W70/><G70/><T5/><D5/><U75/><E88/><V48/><F48/><W78/><G133/><N who="0" m="51307" /><D33/><U73/><E117/><V87/><F116/><W66/><G66/><T71/><D71/><U31/><E31/><V115/><F115/><N who="1" m="44105" /><E75/><V85/><N who="2" m="21504" /><DORA hai="65" /><V11/><F11/><W7/><G29/><T120/><D120/><U25/><E25/><V19/><F19/><W59/><G24/><T62/><D90/><U23/><E23/><V135/><F135/><W2/><G2/><T6/><D6/><U51/><E73/><V97/><F27/><W64/><G74/><T8/><D80/><U110/><E110/><V108/><F108/><W104/><G7/><T16/><D16/><U95/><E95/><V106/><F106/><W129/><G83/><T67/><D21/><U22/><E22/><N who="2" m="13655" /><F97/><W20/><G20/><T41/><D8/><U126/><E126/><V118/><F118/><W130/><G104/><T28/><D28/><U107/><E107/><V44/><F96/><W34/><G34/><T45/><D12/><U46/><E46/><V13/><F44/><N who="3" m="23671" /><G39/><N who="0" m="21695" /><D17/><U124/><E124/><V94/><F13/><W101/><G64/><T81/><D81/><U30/><E30/><V36/><F36/><RYUUKYOKU ba="0,0" sc="312,15,201,-15,276,15,211,-15" hai0="60,61,62,67,89,93,99" hai2="0,3,55,57,63,91,94" owari="327,42.7,186,-31.4,291,9.1,196,-20.4" /></mjloggm>