<mjloggm ver="2.3"><GO type="225" lobby="0"/><UN n0="%E6%A1%9C%E8%8A%B1%E9%96%83%E3%80%85" n1="%E3%82%A2%E3%83%9E%E3%83%9D%EF%BD%9E%EF%BD%9E%E3%83%A9" n2="%73%6C%69%63%6B%33%31%39" n3="%E3%81%82%E3%81%99%E3%81%AB%E3%82%83%E3%82%80" dan="18,17,16,16" rate="2282.97,2167.65,2189.99,2045.82" sx="M,M,M,F"/><TAIKYOKU oya="0"/><INIT seed="0,0,0,3,0,37" ten="250,250,250,250" oya="0" hai0="68,89,23,83,104,112,60,73,123,12,129,82,44" hai1="15,113,5,21,13,34,95,67,45,64,27,76,93" hai2="127,107,124,99,97,75,114,19,46,33,11,1,59" hai3="62,133,128,48,126,92,94,17,108,55,132,84,90"/><T81/><D112/><U98/><E113/><V42/><F33/><W100/><G108/><T50/><D123/><U88/><E34/><V79/><F114/><W25/><G62/><T9/><D104/><U7/><E76/><V31/><F31/><W54/><G128/><T115/><D115/><U131/><E131/><V47/><F59/><W49/><G126/><N who="2" m="48169" /><F107/><W121/><G121/><T53/><D129/><U3/><E3/><V85/><F75/><W111/><G111/><T101/><D101/><U24/><E45/><V30/><F30/><W77/><G77/><T28/><D73/><U52/><E52/><N who="3" m="20010" /><G133/><T26/><D68/><U72/><E72/><V61/><F61/><W8/><G132/><T14/><D60/><U86/><E64/><V10/><F46/><W103/><G8/><N who="2" m="3113" /><F19/><W96/><G103/><T116/><D116/><U102/><E67/><V6/><F6/><N who="1" m="2057" /><E27/><V32/><F32/><W43/><G43/><T109/><D109/><U78/><E78/><V66/><F66/><W20/><AGARI ba="0,0" hai="17,20,25,48,49,84,90,92,94,96,100" m="20010" machi="20" ten="30,2000,0" yaku="8,1,54,1" doraHai="37" who="3" fromWho="3" sc="250,-10,250,-5,250,-5,250,20" /><INIT seed="1,0,0,4,4,103" ten="240,245,245,270" oya="1" hai0="33,114,121,36,19,122,5,93,57,123,24,30,47" hai1="128,106,48,68,7,14,35,70,50,51,135,119,60" hai2="104,78,134,72,27,25,84,112,43,102,10,74,81" hai3="95,40,80,91,6,32,67,88,69,4,117,115,90"/><U58/><E119/><V65/><F134/><W29/><G115/><T79/><D114/><U61/><E135/><V44/><F112/><W76/><G40/><N who="0" m="22919" /><D5/><U99/><E35/><V16/><F65/><W75/><G117/><T73/><D93/><U0/><E0/><V8/><F74/><W45/><G45/><T37/><D37/><U11/><E128/><V132/><F72/><W18/><G18/><T2/><D2/><U96/><E61/><V54/><F54/><W66/><G95/><T113/><D113/><U41/><E41/><V62/><F62/><W77/><G77/><T108/><D108/><U126/><E126/><V39/><F132/><W133/><G133/><T56/><D19/><U98/><REACH who="1" step="1"/><E106/><REACH who="1" ten="240,235,245,270" step="2"/><V82/><F43/><W118/><G118/><T109/><D109/><U13/><E13/><V129/><F104/><W15/><G15/><T42/><D42/><U49/><N who="1" m="12288" /><DORA hai="64" /><U55/><AGARI ba="0,1" hai="7,11,14,55,58,60,68,70,96,98,99" m="12288" machi="55" ten="50,12000,1" yaku="1,1,4,1,0,1,52,2,53,0" doraHai="103,64" doraHaiUra="21,131" who="1" fromWho="1" sc="240,-40,235,130,245,-40,270,-40" /><INIT seed="1,1,0,0,0,10" ten="200,365,205,230" oya="1" hai0="8,70,79,103,66,45,130,65,124,33,121,118,11" hai1="89,21,29,77,7,72,115,88,51,102,122,80,74" hai2="26,53,90,46,47,75,91,13,83,111,94,87,108" hai3="105,106,37,25,60,99,1,86,104,81,85,41,131"/><U28/><E115/><V133/><F133/><W129/><G1/><T55/><D118/><U5/><E122/><V14/><F26/><W132/><G41/><T126/><D121/><U123/><E123/><V113/><F113/><W30/><G37/><T36/><D33/><U6/><E102/><V84/><F75/><W0/><G0/><T76/><D103/><U9/><E9/><N who="0" m="3657" /><D130/><N who="3" m="49673" /><G132/><T39/><D55/><U117/><E117/><V120/><F120/><W23/><G99/><T96/><D96/><U92/><E74/><V42/><F53/><W135/><G135/><T57/><D57/><U50/><E89/><V2/><F2/><W18/><G60/><N who="0" m="40231" /><D66/><U95/><E95/><V68/><F68/><W114/><G114/><T100/><D100/><U112/><E112/><V27/><F27/><N who="3" m="14839" /><G81/><T38/><D45/><U109/><E80/><V17/><F47/><W93/><G93/><T116/><D116/><U62/><E92/><V63/><F63/><W61/><G61/><T40/><D40/><U32/><E62/><V15/><REACH who="2" step="1"/><F17/><REACH who="2" ten="200,365,195,230" step="2"/><W44/><G44/><T56/><D56/><U127/><E5/><V48/><AGARI ba="1,1" hai="13,14,15,42,46,48,83,84,87,90,91,94,108,111" machi="48" ten="30,12000,2" yaku="1,1,2,1,0,1,52,3,53,0" doraHai="10" doraHaiUra="71" who="2" fromWho="2" sc="200,-31,365,-61,195,133,230,-31" /><INIT seed="2,0,0,4,2,44" ten="169,304,328,199" oya="2" hai0="5,86,42,132,63,69,23,22,45,52,51,21,116" hai1="53,24,100,55,85,29,19,60,13,99,20,109,4" hai2="32,134,34,122,123,6,38,108,41,73,58,131,47" hai3="97,76,106,119,1,102,111,39,62,10,49,118,65"/><V46/><F73/><W92/><G111/><T114/><D114/><U88/><E109/><V37/><F108/><W35/><G39/><T48/><D132/><U96/><E4/><V112/><F112/><W40/><G35/><T83/><D116/><U11/><E60/><V2/><F134/><W87/><G1/><T81/><D5/><U104/><REACH who="1" step="1"/><E99/><REACH who="1" ten="169,294,328,199" step="2"/><V130/><F6/><W133/><G133/><T91/><D69/><U90/><E90/><V7/><F7/><W30/><G97/><T127/><D127/><U89/><E89/><V0/><F41/><W66/><G62/><T94/><REACH who="0" step="1"/><D63/><REACH who="0" ten="159,294,328,199" step="2"/><U16/><E16/><V135/><F135/><W110/><G110/><T93/><D93/><AGARI ba="0,2" hai="11,13,19,20,24,29,53,55,85,88,93,96,100,104" machi="93" ten="30,7700,0" yaku="1,1,7,1,54,1,53,1" doraHai="44" doraHaiUra="18" who="1" fromWho="0" sc="159,-77,294,97,328,0,199,0" /><INIT seed="3,0,0,1,5,25" ten="82,391,328,199" oya="3" hai0="123,34,94,134,104,52,110,68,61,1,100,12,92" hai1="33,69,76,49,130,125,63,30,82,75,91,108,23" hai2="73,99,126,0,24,57,7,86,118,107,4,40,90" hai3="65,13,36,51,16,93,11,81,114,115,116,127,67"/><W14/><G36/><T17/><D123/><U39/><E49/><V103/><F126/><W66/><G116/><T2/><D110/><U109/><E23/><V106/><F118/><W50/><G127/><T5/><D134/><U62/><E125/><V121/><F107/><W37/><G37/><T131/><D131/><U88/><E39/><V54/><F0/><W119/><G119/><T64/><D34/><U28/><E130/><V77/><F40/><W3/><G3/><T95/><D5/><U43/><E43/><V53/><F24/><W87/><G93/><T6/><D6/><U128/><E33/><V21/><F21/><N who="3" m="11407" /><G114/><T60/><D104/><U101/><E101/><V112/><F112/><W79/><G115/><T26/><D100/><U70/><E128/><V31/><F31/><N who="1" m="11817" /><E69/><V129/><F129/><W46/><G46/><T20/><REACH who="0" step="1"/><D26/><REACH who="0" ten="72,391,328,199" step="2"/><U48/><E109/><V10/><F121/><W113/><G113/><T78/><D78/><U29/><E76/><V18/><F77/><W59/><G79/><T56/><AGARI ba="0,1" hai="1,2,12,17,20,52,56,60,61,64,68,92,94,95" machi="56" ten="30,4000,0" yaku="1,1,0,1,54,1,53,0" doraHai="25" doraHaiUra="135" who="0" fromWho="0" sc="72,50,391,-10,328,-10,199,-20" owari="122,-37.8,381,48.1,318,11.8,179,-22.1" /></mjloggm>