<mjloggm ver="2.3"><GO type="225" lobby="0"/><UN n0="%E3%81%A1%E3%82%85%E3%81%86%E3%81%A9%E3%81%8F%E8%B1%A1%E3%81%95%E3%82%93" n1="%E3%83%A9%E3%83%BC%E3%83%A1%E3%83%B3%E4%BA%94%E9%83%8E" n2="%E8%A8%88%E7%AE%97%E6%A9%9F%E8%87%AA%E7%84%B6" n3="%E7%89%B9%E6%9D%B1%E3%81%AF%E4%B8%96%E7%95%8C%E3%82%92%E6%95%91%E3%81%86" dan="16,16,17,16" rate="2092.67,2116.11,2240.47,2158.76" sx="M,M,M,M"/><TAIKYOKU oya="0"/><INIT seed="0,0,0,3,5,26" ten="250,250,250,250" oya="0" hai0="121,73,55,41,71,48,132,82,85,16,89,2,124" hai1="1,115,29,79,129,91,84,108,97,59,4,36,23" hai2="15,0,93,21,8,92,3,110,118,66,74,50,120" hai3="44,77,22,62,102,111,87,98,18,122,5,25,54"/><T106/><D121/><U112/><E36/><V103/><F120/><W28/><G122/><T90/><D106/><U12/><E108/><V134/><F74/><W46/><G111/><T14/><D71/><U99/><E129/><V109/><F134/><W100/><G5/><T64/><D2/><U47/><E47/><V30/><F118/><W61/><G77/><T69/><D73/><U20/><E79/><V13/><F66/><W35/><G87/><T68/><D41/><U133/><E1/><V119/><F50/><W63/><G54/><T57/><D132/><U135/><E135/><V45/><F45/><W131/><G100/><T38/><D38/><U101/><E133/><V113/><F103/><W117/><G131/><T80/><D124/><U76/><E76/><V72/><F72/><W40/><G40/><T83/><D64/><U7/><E59/><V95/><F113/><W128/><G117/><T127/><D127/><U105/><E97/><V86/><F119/><W33/><G33/><T123/><D123/><U11/><E4/><N who="2" m="1031" /><F3/><W39/><G39/><T49/><D49/><U17/><E17/><V78/><F109/><W104/><REACH who="3" step="1"/><G128/><REACH who="3" ten="250,250,250,240" step="2"/><T6/><D6/><N who="1" m="3191" /><E115/><V53/><F110/><W37/><G37/><T67/><D67/><U96/><E112/><V31/><F53/><W60/><N who="3" m="15360" /><DORA hai="27" /><W58/><G58/><T32/><D85/><U42/><E84/><V43/><F43/><W81/><G81/><T52/><D82/><U75/><E7/><V24/><F78/><W10/><G10/><T125/><D80/><U9/><E9/><V34/><F86/><RYUUKYOKU ba="0,1" sc="250,-15,250,-15,250,15,240,15" hai2="13,15,21,24,30,31,34,92,93,95" hai3="18,22,25,28,35,44,46,98,102,104" /><INIT seed="1,1,1,3,4,81" ten="235,235,265,255" oya="1" hai0="78,54,7,45,58,63,60,15,65,57,75,17,72" hai1="87,69,124,20,33,94,11,119,42,39,130,28,13" hai2="61,116,106,2,47,14,133,80,128,62,111,49,74" hai3="104,85,91,126,122,8,23,120,110,67,51,90,114"/><U1/><E119/><V10/><F116/><W53/><G114/><T112/><D112/><U70/><E124/><V92/><F106/><W36/><G36/><T107/><D107/><U27/><E130/><V46/><F2/><W123/><G126/><T12/><D45/><U9/><E42/><V113/><F111/><W50/><G110/><T77/><D7/><N who="1" m="1263" /><E11/><V26/><F133/><W88/><G104/><T55/><D65/><U93/><E39/><V68/><F68/><N who="1" m="26217" /><E87/><V108/><F128/><W64/><G85/><T71/><REACH who="0" step="1"/><D17/><AGARI ba="1,1" hai="13,17,20,27,28,33,93,94" m="26217,1263" machi="17" ten="30,1500,0" yaku="24,1" doraHai="81" who="1" fromWho="0" sc="235,-18,235,28,265,0,255,0" /><INIT seed="1,2,0,2,5,125" ten="217,263,265,255" oya="1" hai0="103,35,1,113,21,46,12,10,63,76,26,27,124" hai1="130,87,24,84,129,53,61,28,58,66,14,36,25" hai2="100,122,116,13,127,117,41,95,2,69,11,67,39" hai3="92,62,56,77,5,108,97,49,22,6,54,29,20"/><U89/><E36/><V8/><F122/><W94/><G108/><T80/><D113/><U112/><E112/><V123/><F123/><W81/><G94/><T110/><D110/><U37/><E37/><V135/><F127/><W134/><G134/><T19/><D124/><U126/><E126/><V16/><F135/><W98/><G98/><T32/><D103/><U111/><E111/><V120/><F120/><W43/><G43/><T17/><D1/><U109/><E109/><V64/><F100/><W65/><G22/><T23/><D46/><U121/><E121/><V71/><F95/><W33/><G33/><T72/><REACH who="0" step="1"/><D63/><REACH who="0" ten="207,263,265,255" step="2"/><U105/><E61/><V74/><F2/><W48/><G48/><T118/><D118/><U79/><E14/><V0/><F39/><W106/><G49/><T31/><AGARI ba="2,1" hai="10,12,17,19,21,23,26,27,31,32,35,72,76,80" machi="31" ten="20,2700,0" yaku="1,1,0,1,7,1,53,0" doraHai="125" doraHaiUra="91" who="0" fromWho="0" sc="207,43,263,-15,265,-9,255,-9" /><INIT seed="2,0,0,1,4,127" ten="250,248,256,246" oya="2" hai0="97,94,60,124,62,104,84,35,117,105,31,0,75" hai1="27,110,109,6,43,98,81,38,11,36,58,121,37" hai2="119,132,96,73,80,86,13,41,134,88,26,1,103" hai3="100,101,44,83,15,114,113,50,51,111,82,122,2"/><V70/><F1/><W102/><G2/><T99/><D0/><N who="1" m="455" /><E121/><V87/><F70/><W85/><G122/><T49/><D75/><U135/><E135/><N who="2" m="51755" /><F41/><W24/><G111/><N who="1" m="42506" /><E98/><V4/><F26/><W22/><G15/><T59/><D99/><U91/><E58/><V106/><F4/><W39/><G39/><T47/><D97/><U65/><E65/><V23/><F23/><W33/><G33/><T7/><D59/><U112/><E27/><V74/><F13/><W20/><G22/><T29/><D35/><U72/><E112/><N who="3" m="43114" /><G85/><T115/><D84/><N who="1" m="50575" /><E72/><N who="2" m="27755" /><F86/><W107/><G107/><T3/><D105/><U68/><E68/><V108/><F108/><W93/><G24/><T130/><D104/><U64/><E64/><V10/><F10/><W61/><G20/><T32/><D32/><U40/><AGARI ba="0,0" hai="36,37,38,40,43" m="50575,42506,455" machi="40" ten="40,1500,0" yaku="14,1" doraHai="127" who="1" fromWho="1" sc="250,-4,248,15,256,-7,246,-4" /><INIT seed="3,0,0,5,3,104" ten="246,263,249,242" oya="3" hai0="33,64,1,19,35,87,84,124,103,79,48,34,78" hai1="30,27,70,55,129,17,83,51,111,105,12,99,117" hai2="49,119,44,125,134,73,9,52,58,21,95,107,108" hai3="24,113,10,75,63,118,31,32,50,115,114,128,5"/><W132/><G118/><T41/><D1/><U122/><E122/><V130/><F119/><W56/><G128/><T23/><D103/><U80/><E117/><V2/><F107/><W82/><G132/><T123/><D123/><U46/><E70/><V68/><F68/><W106/><G50/><T59/><D124/><U66/><E66/><V16/><F125/><W90/><G106/><T67/><D41/><U6/><E6/><V38/><F73/><W26/><G26/><T53/><D84/><U109/><E129/><V92/><F108/><N who="1" m="41545" /><E99/><V89/><F134/><W54/><G90/><T91/><D67/><U120/><E105/><V69/><F69/><W42/><G42/><T25/><REACH who="0" step="1"/><D64/><REACH who="0" ten="236,263,249,242" step="2"/><U0/><E0/><V8/><F2/><W135/><G135/><T121/><D121/><U133/><E120/><V65/><F130/><W86/><G86/><T13/><D13/><U40/><E40/><N who="2" m="24711" /><F65/><W131/><G131/><T62/><D62/><U39/><E133/><V96/><F38/><W97/><G97/><T11/><D11/><N who="1" m="6303" /><E39/><V61/><F92/><AGARI ba="0,1" hai="19,23,25,33,34,35,48,53,59,78,79,87,91,92" machi="92" ten="40,1300,0" yaku="1,1,53,0" doraHai="104" doraHaiUra="126" who="0" fromWho="2" sc="236,23,263,0,249,-13,242,0" /><INIT seed="4,0,0,2,2,94" ten="259,263,236,242" oya="0" hai0="90,126,12,103,13,42,127,43,110,30,84,17,21" hai1="72,118,40,120,74,50,96,36,44,9,124,88,35" hai2="81,24,113,82,93,7,99,114,106,115,105,45,3" hai3="59,39,122,32,123,77,134,31,101,116,117,47,60"/><T95/><D110/><U78/><E118/><N who="3" m="45674" /><G77/><T112/><D112/><U15/><E120/><N who="3" m="46122" /><G101/><T38/><D30/><U2/><E2/><V57/><F57/><W79/><G79/><T53/><D53/><U68/><E35/><V62/><F62/><W71/><G31/><T5/><D103/><U83/><E68/><V54/><F24/><W25/><G25/><T128/><D128/><U56/><E124/><N who="0" m="47657" /><D38/><U34/><E34/><V87/><F7/><W67/><G32/><T89/><D89/><U75/><E36/><V98/><F3/><W20/><G20/><T19/><D5/><U65/><E65/><V46/><F54/><W22/><G22/><AGARI ba="0,0" hai="12,13,17,19,21,22,42,43,84,90,95" m="47657" machi="22" ten="30,1500,0" yaku="18,1" doraHai="94" who="0" fromWho="3" sc="259,15,263,0,236,0,242,-15" /><INIT seed="4,1,0,4,5,39" ten="274,263,236,227" oya="0" hai0="96,117,100,19,103,105,73,45,13,125,134,115,113" hai1="109,37,108,10,58,50,89,83,57,84,71,90,27" hai2="92,81,102,69,70,35,48,88,101,129,111,34,43" hai3="60,4,95,97,22,116,9,127,76,18,99,24,112"/><T80/><D117/><U33/><E71/><V54/><F111/><W74/><G116/><T114/><D134/><U28/><E37/><V42/><F81/><W41/><G112/><T94/><D125/><U124/><E124/><V106/><F106/><W135/><G127/><T25/><D25/><U78/><E10/><V55/><F88/><W77/><G135/><T86/><D73/><U82/><E90/><V93/><F48/><W29/><G74/><T66/><D66/><U122/><E122/><V72/><F72/><W30/><G60/><T98/><D45/><U121/><E121/><V36/><F36/><W131/><G131/><AGARI ba="1,0" hai="34,35,42,43,54,55,69,70,92,93,101,102,129,131" machi="131" ten="25,6400,0" yaku="22,2,52,2" doraHai="39" who="2" fromWho="3" sc="274,0,263,0,236,67,227,-67" owari="274,7.4,263,-13.7,303,40.3,160,-34.0" /></mjloggm>