<mjloggm ver="2.3"><GO type="225" lobby="0"/><UN n0="%E5%86%B7%E5%87%8D%E3%82%AE%E3%83%A7%E3%83%BC%E3%82%B6" n1="%6D%75%75%6D%75%72%61" n2="%6E%69%63%6F%6E%74%6F" n3="%E9%9B%80%E6%A5%B5%E3%81%AE%E3%81%B8" dan="17,16,17,16" rate="2220.42,2091.22,2135.39,2130.44" sx="M,F,M,M"/><TAIKYOKU oya="0"/><INIT seed="0,0,0,4,5,48" ten="250,250,250,250" oya="0" hai0="131,108,87,31,59,116,14,112,79,85,91,74,36" hai1="118,90,135,11,92,51,111,67,66,49,23,46,65" hai2="3,0,44,89,93,75,126,105,13,50,83,27,128" hai3="39,101,35,43,41,72,133,81,53,122,82,19,68"/><T86/><D112/><U25/><E118/><V132/><F128/><W45/><G35/><T130/><D116/><U109/><E135/><V63/><F132/><W88/><G68/><T104/><D36/><U40/><E11/><V29/><F126/><W100/><G122/><T38/><D38/><U22/><E49/><V125/><F105/><W129/><G43/><T4/><D31/><U77/><E77/><V20/><F63/><W12/><G129/><N who="0" m="49163" /><D104/><U80/><E80/><V124/><F124/><W73/><G133/><T55/><D74/><U6/><E6/><V102/><F13/><W117/><G73/><T34/><D34/><U30/><REACH who="1" step="1"/><E23/><REACH who="1" ten="250,240,250,250" step="2"/><V134/><F134/><W9/><G117/><T78/><D108/><U17/><E17/><V95/><F125/><W69/><G19/><T97/><D79/><U76/><E76/><V106/><F83/><W33/><G72/><T127/><D78/><U70/><E70/><V1/><F75/><W103/><G69/><T18/><D4/><U120/><E120/><V94/><F102/><W32/><G100/><T121/><D121/><U123/><E123/><V84/><REACH who="2" step="1"/><F106/><REACH who="2" ten="250,240,240,250" step="2"/><W52/><G101/><T60/><D127/><U62/><E62/><V42/><AGARI ba="0,2" hai="0,1,3,20,27,29,42,44,50,84,89,93,94,95" machi="42" ten="30,4000,0" yaku="1,1,2,1,0,1,53,0" doraHai="48" doraHaiUra="114" who="2" fromWho="2" sc="250,-20,240,-10,240,60,250,-10" /><INIT seed="1,0,0,4,0,119" ten="230,230,300,240" oya="1" hai0="121,125,74,1,54,49,120,14,67,34,98,69,78" hai1="70,3,12,135,10,8,82,87,110,56,114,109,23" hai2="131,104,76,92,37,127,111,16,66,30,65,85,21" hai3="64,105,52,100,91,36,130,44,27,6,81,19,72"/><U129/><E114/><V33/><F111/><N who="1" m="42505" /><E70/><V128/><F37/><W63/><G130/><N who="2" m="49705" /><F104/><W108/><G6/><T53/><D1/><U94/><E129/><V28/><F127/><W99/><G108/><T101/><D125/><U80/><E135/><V79/><F79/><W115/><G115/><T95/><D34/><U41/><E3/><V22/><F22/><W84/><G72/><T40/><D40/><U15/><E41/><V35/><F35/><W97/><G97/><T61/><D14/><N who="1" m="5163" /><E23/><V102/><F33/><W57/><G36/><T71/><D71/><U5/><E5/><V17/><F17/><W96/><G19/><T113/><D113/><U86/><E56/><V48/><F30/><W51/><REACH who="3" step="1"/><G96/><REACH who="3" ten="230,230,300,230" step="2"/><T18/><D18/><U60/><E86/><V26/><F85/><W9/><G9/><T45/><D74/><U126/><E126/><V42/><F16/><W103/><G103/><T73/><D73/><U7/><E7/><V50/><F102/><W47/><G47/><T133/><D133/><U13/><E8/><V39/><F39/><W58/><G58/><T31/><D31/><U117/><E117/><V38/><F38/><W46/><G46/><T90/><D101/><U83/><E87/><V2/><F28/><W107/><G107/><T20/><D78/><U88/><E10/><V116/><F76/><W55/><G55/><T29/><REACH who="0" step="1"/><D54/><REACH who="0" ten="220,230,300,230" step="2"/><U134/><E134/><V4/><F116/><W32/><G32/><T77/><D77/><U89/><E89/><V62/><F4/><W118/><G118/><T132/><D132/><U106/><E88/><RYUUKYOKU ba="0,2" sc="220,15,230,-15,300,-15,230,15" hai0="20,29,45,49,53,61,67,69,90,95,98,120,121" hai3="27,44,51,52,57,63,64,81,84,91,99,100,105" /><INIT seed="2,1,2,4,1,40" ten="235,215,285,245" oya="2" hai0="47,106,37,7,8,131,15,87,133,99,60,95,88" hai1="68,129,92,18,89,81,108,30,86,94,75,1,61" hai2="26,125,96,83,42,80,116,46,124,101,36,54,31" hai3="85,52,132,58,109,111,79,100,123,28,134,45,49"/><V29/><F116/><W62/><G123/><T119/><D131/><U102/><E1/><V55/><F83/><N who="3" m="47359" /><G100/><T84/><D133/><N who="3" m="51305" /><G28/><N who="2" m="10825" /><F26/><W33/><G33/><T59/><D106/><U43/><E129/><V69/><F69/><W14/><G14/><T115/><D115/><U48/><E108/><V118/><F80/><W39/><G39/><T34/><D34/><U98/><E30/><V70/><F70/><W73/><G73/><T13/><D13/><U16/><E75/><V117/><F117/><W35/><G35/><T64/><REACH who="0" step="1"/><D119/><REACH who="0" ten="225,215,285,245" step="2"/><U6/><E6/><V5/><F5/><W9/><G9/><T23/><D23/><U50/><E94/><N who="2" m="58519" /><F118/><W72/><G72/><T38/><D38/><U12/><E12/><V51/><F36/><W66/><AGARI ba="1,3" hai="45,49,52,58,62,66,109,111" m="51305,47359" machi="66" ten="30,4000,0" yaku="20,1,52,1,54,1" doraHai="40" who="3" fromWho="3" sc="225,-11,215,-11,285,-21,245,73" /><INIT seed="3,0,0,1,1,107" ten="214,204,264,318" oya="3" hai0="76,11,8,58,92,49,59,45,29,1,42,121,60" hai1="94,10,46,112,22,110,100,109,43,99,65,40,120" hai2="69,55,86,126,118,31,41,18,64,132,62,96,48" hai3="133,53,125,108,27,15,5,71,56,50,7,61,38"/><W89/><G38/><T70/><D121/><U25/><E120/><V127/><F118/><W113/><G113/><T101/><D70/><U84/><E112/><V36/><F31/><W72/><G125/><N who="2" m="47625" /><F18/><W16/><G133/><T39/><D1/><U30/><E65/><V2/><F2/><W19/><G72/><T135/><D135/><U87/><E10/><V119/><F86/><W78/><G78/><T130/><D130/><U85/><REACH who="1" step="1"/><E43/><REACH who="1" ten="214,194,264,318" step="2"/><V115/><F115/><W3/><G53/><T90/><D8/><U14/><E14/><V114/><F114/><W131/><G15/><T63/><D11/><U73/><E73/><V54/><F54/><W4/><G3/><T117/><D117/><U129/><E129/><V67/><F119/><W9/><G9/><T95/><D42/><U123/><E123/><V0/><F67/><W77/><G131/><T68/><D68/><U81/><E81/><V34/><F55/><W97/><G71/><T103/><D59/><U20/><E20/><V44/><F69/><W116/><G116/><T37/><D58/><U104/><E104/><V33/><F64/><W128/><G56/><T26/><D45/><U82/><E82/><V105/><F44/><W47/><G47/><T102/><D37/><AGARI ba="0,1" hai="22,25,30,37,40,46,84,85,87,94,99,100,109,110" machi="37" ten="40,1300,0" yaku="1,1,53,0" doraHai="107" doraHaiUra="13" who="1" fromWho="0" sc="214,-13,194,23,264,0,318,0" owari="201,-29.9,217,-18.3,264,6.4,318,41.8" /></mjloggm>