<mjloggm ver="2.3"><GO type="225" lobby="0"/><UN n0="%E9%B3%B3%E6%9D%B1%E3%81%AE%E3%81%86%E3%81%95%E3%81%8E%E3%81%95%E3%82%93" n1="%E6%A0%B9%E5%85%83%E3%81%8B%E3%82%89%E5%90%B9%E3%81%A3%E9%A3%9B%E3%81%B6" n2="%E3%82%A2%E3%83%8A%E3%83%BC%E3%81%8D%E3%83%BC" n3="%E3%81%B6%E3%82%8B%E3%82%8B%E3%81%B6%E3%81%B6" dan="17,17,16,16" rate="2256.67,2233.91,2098.31,2046.89" sx="M,F,M,M"/><TAIKYOKU oya="0"/><INIT seed="0,0,0,3,5,116" ten="250,250,250,250" oya="0" hai0="107,123,79,52,11,42,76,102,9,33,16,54,10" hai1="120,133,85,64,0,55,29,62,114,53,40,24,105" hai2="96,106,71,72,57,17,44,37,125,1,99,2,21" hai3="93,118,56,3,77,129,32,7,89,39,91,5,128"/><T70/><D70/><U94/><E0/><V81/><F71/><W124/><G118/><T119/><D119/><U25/><E133/><V112/><F112/><W66/><G39/><T122/><D33/><U132/><E40/><V61/><F125/><W27/><G77/><N who="0" m="29771" /><D42/><U45/><E24/><V47/><F81/><W84/><G124/><T135/><D102/><U73/><E73/><V82/><F82/><W130/><G3/><T28/><D28/><U74/><E45/><V12/><F47/><W68/><G68/><T83/><D83/><U67/><E105/><V115/><F44/><W22/><G32/><T23/><D23/><U18/><E29/><V4/><F21/><W35/><G35/><T113/><D16/><U78/><E18/><V49/><F17/><W34/><G34/><T51/><D113/><U92/><E25/><V48/><F115/><W43/><G43/><T97/><D97/><U59/><E132/><V109/><F99/><W26/><G91/><T20/><D20/><U103/><E78/><V101/><F96/><W90/><G89/><T98/><D135/><U6/><E103/><V50/><F101/><W46/><G27/><T58/><D54/><U41/><E55/><V80/><F2/><W86/><G84/><T36/><D36/><U60/><E53/><V13/><F37/><W14/><G86/><T104/><D98/><U95/><E41/><V30/><F1/><W38/><G38/><T63/><D51/><U108/><E74/><V100/><F72/><W15/><G22/><T87/><D87/><U111/><E114/><V117/><F117/><RYUUKYOKU ba="0,0" sc="250,30,250,-10,250,-10,250,-10" hai0="9,10,11,52,58,63,104,107,122,123" /><INIT seed="0,1,0,4,5,45" ten="280,240,240,240" oya="0" hai0="79,46,28,42,121,113,118,134,44,125,109,25,114" hai1="71,19,1,7,68,107,62,47,29,67,91,26,83" hai2="5,108,58,16,90,77,82,11,55,15,66,65,48" hai3="3,97,51,0,74,56,9,41,98,18,126,22,53"/><T85/><D118/><U122/><E122/><V24/><F108/><W20/><G126/><T123/><D79/><U75/><E19/><V130/><F130/><W64/><G74/><T124/><D85/><U87/><E71/><V116/><F116/><W30/><G41/><T4/><D109/><U63/><E63/><V100/><F100/><W127/><G127/><N who="0" m="48715" /><D4/><U135/><E135/><V131/><F131/><W34/><G34/><N who="0" m="20751" /><D44/><U99/><E75/><V60/><F60/><N who="3" m="37895" /><G3/><T80/><D80/><U112/><E47/><V61/><F61/><W40/><G40/><T105/><D105/><U89/><E7/><V21/><REACH who="2" step="1"/><F90/><REACH who="2" ten="280,240,230,240" step="2"/><W54/><G54/><T59/><D134/><U115/><E91/><V70/><F70/><W101/><G101/><T27/><D123/><U72/><E89/><V106/><F106/><W39/><G53/><T37/><D121/><U93/><E107/><V81/><F81/><W32/><G39/><T73/><D37/><U8/><E83/><V104/><F104/><W2/><G98/><T31/><D42/><U69/><E99/><V84/><AGARI ba="1,1" hai="5,11,15,16,21,24,48,55,58,65,66,77,82,84" machi="84" ten="20,12000,2" yaku="1,1,0,1,7,1,8,1,52,1,54,1,53,0" doraHai="45" doraHaiUra="117" who="2" fromWho="2" sc="280,-61,240,-31,230,133,240,-31" /><INIT seed="1,0,0,5,1,37" ten="219,209,363,209" oya="1" hai0="112,104,84,132,66,31,105,12,24,100,60,87,22" hai1="81,57,107,119,45,13,91,44,7,4,49,54,96" hai2="43,110,42,103,35,95,120,52,2,8,121,83,26" hai3="48,25,111,36,115,122,130,102,90,109,34,39,86"/><U56/><E119/><V78/><F110/><N who="3" m="41995" /><G115/><T46/><D112/><U11/><E7/><V123/><F52/><W92/><G122/><T1/><D1/><U73/><E73/><V47/><F47/><N who="1" m="17993" /><E107/><V15/><F2/><W29/><G130/><T59/><D132/><U38/><E38/><N who="3" m="14378" /><G102/><T131/><D131/><U67/><E96/><V116/><F116/><W20/><G48/><T89/><D100/><U93/><E81/><V88/><F103/><W40/><G40/><T6/><D46/><N who="1" m="27959" /><E67/><V33/><F26/><W23/><AGARI ba="0,0" hai="20,23,25,29,34,86,90,92" m="14378,41995" machi="23" ten="40,1500,0" yaku="14,1" doraHai="37" who="3" fromWho="3" sc="219,-4,209,-7,363,-4,209,15" /><INIT seed="2,0,0,2,4,13" ten="215,202,359,224" oya="2" hai0="84,69,123,35,39,70,26,62,101,100,40,125,87" hai1="121,105,109,37,24,72,22,92,122,55,82,7,61" hai2="4,97,119,12,14,124,16,96,95,65,45,54,27" hai3="32,48,79,51,56,132,52,46,134,38,112,9,63"/><V130/><F119/><W88/><G32/><T64/><D123/><N who="1" m="47115" /><E109/><V128/><F124/><W118/><G118/><T59/><D125/><U114/><E114/><V3/><F3/><W1/><G112/><T19/><D69/><U20/><E105/><V120/><F120/><W89/><G79/><T103/><D70/><U47/><E7/><V117/><F117/><W73/><G73/><T76/><D76/><N who="1" m="44295" /><E92/><V60/><F4/><N who="3" m="1167" /><G38/><T8/><D39/><U115/><E115/><V67/><F54/><N who="3" m="29975" /><G63/><T68/><D68/><U44/><E37/><V66/><F45/><N who="1" m="17481" /><E24/><V129/><F60/><W0/><G0/><T36/><D36/><U41/><E41/><V58/><F58/><AGARI ba="0,0" hai="20,22,55,58,61" m="17481,44295,47115" machi="58" ten="30,1000,0" yaku="13,1" doraHai="13" who="1" fromWho="2" sc="215,0,202,10,359,-10,224,0" /><INIT seed="3,0,0,0,4,134" ten="215,212,349,224" oya="3" hai0="68,18,56,104,37,8,97,85,10,12,109,52,58" hai1="33,46,3,75,17,61,105,39,63,120,23,71,41" hai2="96,123,49,79,99,29,24,78,55,28,113,131,20" hai3="73,19,31,22,32,67,80,45,4,93,111,110,114"/><W11/><G114/><T132/><D68/><U57/><E120/><V36/><F123/><W124/><G67/><T94/><D109/><N who="3" m="41481" /><G93/><T135/><D37/><U92/><E105/><V62/><F113/><W1/><G45/><T51/><D8/><U54/><E33/><V50/><F36/><W77/><G32/><T13/><D13/><U108/><E108/><V26/><F131/><W14/><G31/><T40/><D40/><U82/><E3/><V72/><F72/><W38/><G38/><T53/><D85/><U107/><E107/><V9/><F9/><W81/><G81/><T27/><D27/><U65/><E92/><V44/><F62/><W133/><G133/><T69/><D69/><U0/><E0/><V84/><F50/><W98/><G98/><T88/><D104/><U83/><E75/><V116/><F116/><W43/><G43/><T47/><D47/><U48/><E63/><V35/><F84/><W127/><AGARI ba="0,0" hai="1,4,11,14,19,22,73,77,80,124,127" m="41481" machi="127" ten="30,11700,0" yaku="14,1,10,1,52,2" doraHai="134" who="3" fromWho="3" sc="215,-39,212,-39,349,-39,224,117" owari="176,-22.4,173,-32.7,310,11.0,341,44.1" /></mjloggm>