<mjloggm ver="2.3"><GO type="225" lobby="0"/><UN n0="%48%61%61%61%6C%61%6E%64" n1="%E9%B3%B3%E6%9D%B1%E3%81%AE%E3%81%BF%E3%81%91%E3%81%AB%E3%82%83%E3%82%93" n2="%E3%81%8C%E3%81%9F" n3="%E3%81%82%E3%81%99%E3%81%AB%E3%82%83%E3%82%80" dan="18,17,16,16" rate="2257.64,2167.87,2136.53,2101.43" sx="M,F,M,F"/><TAIKYOKU oya="0"/><INIT seed="0,0,0,3,3,48" ten="250,250,250,250" oya="0" hai0="47,16,103,67,92,17,79,109,108,15,86,73,59" hai1="129,28,63,113,97,56,18,88,13,53,87,35,110" hai2="130,80,26,58,39,50,82,66,105,72,78,81,62" hai3="85,44,1,99,65,14,112,117,64,68,9,114,133"/><T134/><D134/><U115/><E110/><N who="0" m="42601" /><D73/><U38/><E38/><V41/><F105/><W42/><G1/><T100/><D47/><U24/><E129/><V76/><F130/><W119/><G133/><T69/><D69/><U120/><E97/><V23/><F39/><W40/><G99/><N who="0" m="59495" /><D103/><U91/><E120/><V61/><F72/><W121/><G85/><T45/><D45/><U135/><E135/><V0/><F0/><W127/><G121/><T19/><D15/><U55/><E55/><N who="2" m="32119" /><F41/><W12/><G44/><T29/><D29/><U70/><E70/><V36/><F36/><W126/><G68/><T107/><D107/><U25/><E25/><V93/><F66/><W90/><G9/><T77/><D86/><U21/><REACH who="1" step="1"/><E87/><REACH who="1" ten="250,240,250,250" step="2"/><V118/><F118/><W83/><G119/><T125/><D125/><U49/><E49/><V89/><F62/><AGARI ba="0,1" hai="16,17,19,59,62,67,77,79" m="59495,42601" machi="62" ten="30,5800,0" yaku="14,1,10,1,54,1" doraHai="48" who="0" fromWho="2" sc="250,68,240,0,250,-58,250,0" /><INIT seed="0,1,0,2,5,95" ten="318,240,192,250" oya="0" hai0="108,130,131,22,132,32,99,111,24,114,92,33,117" hai1="81,93,89,19,87,2,75,100,70,14,112,26,121" hai2="133,66,29,37,72,35,85,90,77,126,4,104,20" hai3="40,9,18,45,41,91,124,30,7,98,49,80,82"/><T119/><D114/><U129/><E121/><V118/><F37/><W31/><G124/><T48/><D48/><U50/><E2/><V61/><F35/><N who="0" m="13386" /><D132/><U68/><E26/><V23/><F104/><W69/><G69/><T109/><D117/><U84/><E75/><V101/><F101/><W12/><G40/><T54/><D54/><U53/><E112/><V51/><F126/><W6/><G7/><T97/><D119/><U0/><E0/><V110/><F118/><W17/><G6/><T78/><D78/><U125/><E125/><V3/><F110/><W59/><G59/><T122/><D122/><U1/><E1/><V123/><F123/><W55/><G41/><T43/><D43/><U46/><E100/><V113/><F113/><W52/><G55/><T135/><D135/><U60/><E60/><V39/><F39/><W73/><G18/><N who="0" m="12375" /><D99/><U21/><REACH who="1" step="1"/><E129/><REACH who="1" ten="318,230,192,250" step="2"/><V25/><F133/><W5/><G73/><T120/><D120/><U134/><E134/><V57/><F72/><W102/><G102/><AGARI ba="1,1" hai="92,97,102,108,109,111,130,131" m="12375,13386" machi="102" ten="40,7700,0" yaku="14,1,10,1,52,1" doraHai="95" who="0" fromWho="3" sc="318,90,230,0,192,0,250,-80" /><INIT seed="0,2,0,1,1,44" ten="408,230,192,170" oya="0" hai0="27,26,31,113,77,16,40,95,104,105,67,49,50" hai1="125,131,69,75,61,39,109,123,62,84,37,99,115" hai2="47,46,100,48,13,83,57,19,11,71,133,7,135" hai3="38,88,73,126,34,56,9,124,42,81,96,74,128"/><T43/><D113/><U134/><RYUUKYOKU type="yao9" ba="2,0" sc="408,0,230,0,192,0,170,0" hai1="37,39,61,62,69,75,84,99,109,115,123,125,131,134" /><INIT seed="0,3,0,3,0,0" ten="408,230,192,170" oya="0" hai0="128,53,59,26,92,20,124,88,120,46,25,135,15" hai1="109,112,90,123,58,96,103,127,91,132,63,116,57" hai2="21,41,38,65,3,129,50,5,78,52,77,6,118" hai3="42,1,64,122,114,31,73,45,37,44,133,14,93"/><T121/><D124/><U29/><E116/><V76/><F118/><W62/><G114/><T7/><D128/><U35/><E123/><V113/><F113/><W9/><G122/><T28/><D135/><U130/><E112/><V94/><F129/><W24/><G1/><T68/><D68/><U134/><E130/><V61/><F3/><W66/><G133/><N who="1" m="51306" /><E109/><V98/><F21/><W86/><G73/><T85/><D46/><U87/><E127/><V10/><F10/><W108/><G45/><T69/><D69/><U67/><E58/><N who="2" m="37047" /><F41/><W131/><G108/><T70/><D70/><U13/><E87/><V16/><F16/><W33/><G62/><T99/><D85/><U48/><E48/><V126/><F38/><W83/><G93/><T84/><D84/><U12/><E29/><V102/><F126/><W27/><G27/><N who="0" m="16487" /><D121/><U115/><E35/><V43/><F43/><W101/><G101/><T74/><D120/><U4/><E12/><V2/><F2/><W75/><G75/><T36/><D36/><U56/><E56/><AGARI ba="3,0" hai="5,6,50,52,56,76,77,78,94,98,102" m="37047" machi="56" ten="30,7700,0" yaku="8,1,52,2,54,1" doraHai="0" who="2" fromWho="1" sc="408,0,230,-86,192,86,170,0" /><INIT seed="1,0,0,0,2,33" ten="408,144,278,170" oya="1" hai0="74,1,48,61,3,89,91,35,38,66,97,32,25" hai1="90,98,57,54,36,121,22,53,30,16,104,118,73" hai2="15,51,87,132,13,46,82,86,81,107,127,133,0" hai3="50,95,79,75,135,94,42,93,85,124,49,62,120"/><U114/><E114/><V64/><F107/><W103/><G120/><T100/><D38/><U59/><E118/><V122/><F122/><W123/><G123/><T5/><D48/><U65/><E121/><V43/><F127/><W47/><G124/><T28/><D32/><U109/><E73/><V21/><F64/><W26/><G135/><N who="2" m="51785" /><F0/><N who="0" m="74" /><D5/><U40/><E30/><V96/><F96/><W29/><G75/><T115/><D74/><U12/><E104/><V23/><F23/><W99/><G62/><T44/><D44/><U102/><E102/><V58/><F58/><N who="1" m="22025" /><E36/><V9/><F21/><W45/><G29/><T24/><D24/><U60/><E40/><V101/><F101/><W55/><REACH who="3" step="1"/><G26/><REACH who="3" ten="408,144,278,160" step="2"/><T67/><D115/><U106/><E60/><V128/><F128/><W2/><G2/><T105/><D66/><U131/><E65/><V134/><F134/><W129/><G129/><T20/><D61/><U84/><E131/><V110/><F110/><W4/><G4/><T119/><D67/><U113/><E109/><V126/><F126/><W52/><G52/><N who="1" m="20074" /><E113/><V34/><F34/><W31/><G31/><T10/><D35/><U92/><E106/><V108/><F108/><W80/><AGARI ba="0,1" hai="42,45,47,49,50,55,79,80,85,93,94,95,99,103" machi="80" ten="30,7900,0" yaku="1,1,0,1,8,1,53,1" doraHai="33" doraHaiUra="78" who="3" fromWho="3" sc="408,-20,144,-39,278,-20,160,89" /><INIT seed="2,0,0,0,2,23" ten="388,105,258,249" oya="2" hai0="4,80,38,114,68,41,115,3,22,95,75,26,27" hai1="52,2,77,103,96,129,71,134,124,85,128,62,51" hai2="59,15,35,102,132,18,105,98,28,48,64,17,83" hai3="116,90,34,24,125,97,57,10,74,106,39,70,126"/><V13/><F132/><W29/><G70/><T8/><D68/><U66/><E2/><V44/><F83/><W91/><G39/><T104/><D104/><U121/><E134/><V92/><F105/><W84/><G74/><T108/><D108/><U46/><E124/><N who="3" m="47722" /><G116/><T47/><D95/><U19/><E121/><V9/><F35/><W33/><G33/><T1/><D1/><U32/><E77/><V63/><F28/><W93/><G106/><T130/><D130/><U86/><E32/><V21/><F48/><W36/><G36/><T58/><D58/><U94/><REACH who="1" step="1"/><E19/><REACH who="1" ten="388,95,258,249" step="2"/><V11/><F44/><W110/><G110/><T113/><D115/><U122/><E122/><V79/><F79/><W123/><G123/><T72/><D113/><U53/><E53/><V55/><F21/><W5/><G34/><T45/><D114/><U65/><E65/><AGARI ba="0,1" hai="9,11,13,15,17,18,55,59,63,64,65,92,98,102" machi="65" ten="40,3900,0" yaku="9,1,8,1" doraHai="23" who="2" fromWho="1" sc="388,0,95,-39,258,49,249,0" /><INIT seed="2,1,0,0,2,123" ten="388,56,307,249" oya="2" hai0="27,112,39,70,111,133,44,9,8,43,95,124,36" hai1="68,99,79,90,63,56,120,46,49,24,18,55,85" hai2="97,31,15,117,59,6,115,121,13,107,57,26,86" hai3="7,30,53,4,42,96,22,135,54,5,122,108,51"/><V17/><F115/><W67/><G122/><T2/><D111/><U71/><E120/><V37/><F117/><W118/><G118/><T66/><D112/><U69/><E79/><V103/><F121/><W131/><G108/><T62/><D124/><U114/><E114/><V16/><F37/><W101/><G135/><T38/><D133/><U33/><E33/><V1/><F1/><W72/><G72/><T94/><D27/><U61/><E85/><V134/><F134/><W104/><G67/><T58/><D38/><U19/><E19/><V12/><F6/><W98/><G98/><T47/><D70/><U21/><E63/><V105/><F86/><W50/><G131/><T132/><D132/><U64/><E64/><V93/><F105/><W102/><G42/><T128/><D128/><U78/><E78/><V10/><F107/><W81/><G81/><T88/><D95/><U80/><E80/><V83/><F83/><W125/><G125/><T106/><D106/><U126/><E126/><V14/><REACH who="2" step="1"/><F17/><REACH who="2" ten="388,56,297,249" step="2"/><W34/><G4/><T29/><D2/><U25/><E25/><V20/><AGARI ba="1,1" hai="10,12,13,14,15,16,20,26,31,57,59,93,97,103" machi="20" ten="30,12000,1" yaku="1,1,2,1,0,1,8,1,54,1,53,0" doraHai="123" doraHaiUra="113" who="2" fromWho="2" sc="388,-41,56,-41,297,133,249,-41" /><INIT seed="2,2,0,4,0,51" ten="347,15,430,208" oya="2" hai0="90,0,44,121,5,29,40,103,15,104,54,52,17" hai1="84,132,27,23,99,107,8,71,55,41,118,83,86" hai2="94,75,66,65,43,112,105,10,34,33,4,25,115" hai3="7,129,80,78,2,35,123,73,130,64,58,125,95"/><V21/><F105/><W1/><G123/><T56/><D121/><U11/><E71/><V89/><F75/><W67/><G35/><T12/><D0/><U20/><E132/><V61/><F43/><W62/><G125/><T60/><D29/><U39/><E118/><V98/><F34/><W124/><G124/><T16/><D104/><U127/><E127/><V42/><F42/><W53/><G95/><T47/><D103/><U131/><E131/><N who="3" m="50186" /><G7/><T14/><D5/><U93/><E107/><V3/><F33/><W50/><G67/><T68/><D68/><AGARI ba="2,0" hai="1,2,50,53,58,62,64,68,73,78,80" m="50186" machi="68" ten="30,2000,0" yaku="19,1,52,1" doraHai="51" who="3" fromWho="0" sc="347,-26,15,0,430,0,208,26" /><INIT seed="3,0,0,3,2,78" ten="321,15,430,234" oya="3" hai0="54,116,0,60,126,118,36,23,114,87,32,43,39" hai1="33,13,103,47,94,101,9,68,26,7,37,14,71" hai2="45,96,31,28,17,115,100,99,18,1,22,84,69" hai3="66,11,70,67,110,93,124,3,5,129,92,2,81"/><W128/><G124/><T122/><D32/><U111/><E47/><V65/><F115/><W86/><G2/><T125/><D0/><U41/><E41/><V58/><F1/><W132/><G132/><T127/><D114/><U44/><E44/><V57/><F69/><W104/><G104/><T91/><D122/><U79/><E79/><V76/><F45/><W120/><G120/><T108/><D108/><U117/><E94/><N who="2" m="58391" /><F99/><W85/><G110/><T27/><D43/><U102/><E26/><N who="2" m="14671" /><F18/><W80/><G70/><T62/><D39/><U106/><E9/><V75/><F75/><W73/><G73/><T35/><D35/><U6/><E111/><V123/><F123/><W20/><G20/><T112/><D36/><U50/><E50/><V88/><F76/><W8/><G3/><T38/><D38/><U74/><E74/><V130/><F130/><W121/><G121/><T63/><D54/><U89/><E37/><V25/><F25/><W64/><G64/><T119/><D112/><U95/><E106/><V131/><F131/><W46/><G46/><T56/><D56/><N who="2" m="21610" /><F65/><W10/><G10/><T34/><D34/><U82/><E82/><AGARI ba="0,0" hai="28,31,82,84,88" m="21610,14671,58391" machi="82" ten="30,3900,0" yaku="8,1,52,1,54,1" doraHai="78" who="2" fromWho="1" sc="321,0,15,-39,430,39,234,0" owari="321,12.1,-24,-52.4,469,56.9,234,-16.6" /></mjloggm>