<mjloggm ver="2.3"><GO type="225" lobby="0"/><UN n0="%E3%82%AD%E3%83%AA%E3%83%B3%E3%82%AD%E3%83%AA%E3%83%B3" n1="%E3%81%86%E3%81%A3%E3%81%97%E3%83%BC%30%30" n2="%72%61%6B%33" n3="%E3%83%A1%E3%82%AC%E3%83%87%E3%82%B8" dan="16,16,16,16" rate="2103.04,2070.10,2183.73,2085.73" sx="M,M,M,F"/><TAIKYOKU oya="0"/><INIT seed="0,0,0,4,3,105" ten="250,250,250,250" oya="0" hai0="120,60,133,11,131,24,96,63,46,75,82,42,90" hai1="134,31,48,28,37,113,106,114,135,127,19,40,77" hai2="126,101,122,70,23,49,3,91,86,50,130,93,4" hai3="73,41,69,109,57,100,81,98,111,117,104,10,36"/><T123/><D131/><U87/><E37/><V51/><F122/><W85/><G69/><T9/><D24/><U14/><E106/><V6/><F130/><W124/><G117/><T116/><D116/><U8/><E77/><V102/><F126/><W30/><G124/><T59/><D63/><U92/><E127/><V125/><F70/><W97/><G30/><N who="1" m="11306" /><E87/><V74/><F74/><W54/><G98/><T53/><D133/><N who="1" m="50699" /><E92/><V52/><F125/><W17/><G36/><T34/><D34/><U21/><E48/><N who="2" m="18539" /><F3/><W132/><G41/><T65/><D65/><U29/><E40/><V121/><F23/><W22/><G10/><T43/><D43/><U99/><E99/><V26/><F26/><AGARI ba="0,0" hai="8,14,19,21,26,29,113,114" m="50699,11306" machi="26" ten="30,3900,0" yaku="20,1,34,2" doraHai="105" who="1" fromWho="2" sc="250,0,250,39,250,-39,250,0" /><INIT seed="1,0,0,3,2,20" ten="250,289,211,250" oya="1" hai0="81,0,9,8,5,77,88,38,53,130,12,70,18" hai1="21,106,76,34,87,23,41,11,108,19,69,30,134" hai2="128,62,103,95,49,46,116,45,122,65,111,79,118" hai3="90,99,123,101,120,59,84,96,64,60,15,119,83"/><U57/><E69/><V127/><F122/><W39/><G39/><T112/><D112/><U16/><E106/><V132/><F111/><W74/><G119/><T82/><D38/><U42/><E34/><V92/><F127/><W24/><G74/><T17/><D70/><U37/><E30/><V117/><F132/><W22/><G15/><T126/><D126/><U36/><E11/><V102/><F128/><W135/><G135/><T110/><D110/><U73/><E73/><V54/><F79/><W133/><G133/><T55/><D130/><U104/><E104/><V4/><F4/><W14/><G14/><T44/><D77/><U94/><E76/><V48/><F102/><W114/><G114/><T129/><D129/><U63/><E134/><V125/><F103/><W78/><G78/><T91/><D18/><U26/><E108/><V105/><F105/><W61/><G61/><T40/><D40/><U71/><E71/><V109/><F109/><W28/><REACH who="3" step="1"/><G96/><REACH who="3" ten="250,289,211,240" step="2"/><T2/><D2/><U27/><E63/><V6/><F125/><W35/><G35/><T7/><D0/><U86/><E57/><V107/><F6/><W47/><G47/><T131/><D131/><U13/><E13/><V1/><F1/><W75/><G75/><T80/><D44/><U56/><E56/><V93/><F46/><W68/><G68/><T67/><D12/><U33/><E33/><V124/><F124/><W98/><G98/><T31/><D5/><U121/><E121/><V113/><F113/><W72/><G72/><T51/><D7/><U58/><E58/><N who="2" m="37079" /><F48/><W3/><G3/><RYUUKYOKU ba="0,1" sc="250,-30,289,10,211,10,240,10" hai1="16,19,21,23,26,27,36,37,41,42,86,87,94" hai2="45,49,54,92,93,95,107,116,117,118" hai3="22,24,28,59,60,64,83,84,90,99,101,120,123" /><INIT seed="1,1,1,2,0,125" ten="220,299,221,250" oya="1" hai0="64,20,6,24,42,53,76,68,52,45,122,104,107" hai1="128,97,89,113,135,116,21,15,71,129,22,66,119" hai2="86,30,32,57,58,123,54,110,98,25,4,103,133" hai3="10,13,75,41,112,56,31,99,48,27,61,2,105"/><U87/><E113/><V91/><F123/><W3/><G75/><T55/><D76/><U16/><E135/><V90/><F133/><W18/><G112/><T82/><D82/><U81/><E97/><V60/><F110/><W78/><G78/><T51/><D122/><U93/><E81/><V73/><F73/><W130/><G130/><N who="1" m="50282" /><E22/><V7/><F58/><W62/><G62/><AGARI ba="1,1" hai="15,16,21,62,66,71,87,89,93,116,119" m="50282" machi="62" ten="30,12000,1" yaku="19,1,52,3,54,1" doraHai="125" who="1" fromWho="3" sc="220,0,299,133,221,0,250,-123" /><INIT seed="1,2,0,3,2,45" ten="220,432,221,127" oya="1" hai0="26,40,75,4,5,58,118,124,84,110,123,42,107" hai1="53,10,96,99,134,92,112,27,59,12,11,36,63" hai2="105,65,55,131,37,30,35,90,108,111,95,39,93" hai3="2,64,49,120,114,116,85,22,3,98,52,121,104"/><U51/><E36/><V126/><F105/><W89/><G114/><T32/><D107/><U48/><E134/><V62/><F126/><W1/><G64/><T19/><D118/><U83/><E112/><V101/><F131/><W81/><G116/><T56/><D75/><U109/><E109/><V31/><F101/><W102/><REACH who="3" step="1"/><G22/><REACH who="3" ten="220,432,221,117" step="2"/><T87/><D124/><U125/><E125/><V67/><F65/><W8/><G8/><T43/><D123/><U17/><E10/><V41/><F67/><W44/><AGARI ba="2,1" hai="1,2,3,44,49,52,81,85,89,98,102,104,120,121" machi="44" ten="30,7900,0" yaku="1,1,0,1,52,1,54,1,53,0" doraHai="45" doraHaiUra="28" who="3" fromWho="3" sc="220,-22,432,-41,221,-22,117,95" /><INIT seed="2,0,0,2,1,129" ten="198,391,199,212" oya="2" hai0="26,17,93,69,135,95,132,61,102,53,55,37,23" hai1="0,103,57,12,14,97,71,124,40,116,120,84,20" hai2="11,44,130,35,77,41,79,58,104,112,110,134,16" hai3="126,122,13,72,128,121,98,60,101,56,62,107,49"/><V7/><F112/><W119/><G119/><T90/><D37/><U10/><E71/><V43/><F130/><W48/><G128/><T117/><D117/><U36/><E20/><V27/><F104/><W59/><G72/><T1/><D1/><U2/><E84/><V9/><F110/><W92/><G126/><T74/><D74/><U85/><E85/><V31/><F134/><N who="0" m="51242" /><D102/><U82/><E10/><V75/><F58/><W78/><G78/><T118/><D118/><U87/><E57/><V25/><F43/><W96/><G13/><T30/><D30/><U88/><E40/><V68/><F68/><W99/><G99/><N who="0" m="57783" /><D95/><U19/><E14/><V50/><F75/><W6/><G101/><T113/><D113/><U109/><E12/><V46/><F27/><W15/><G92/><T38/><D38/><U5/><E103/><V108/><F108/><W67/><G107/><T45/><D45/><U64/><E36/><V3/><F46/><W114/><G15/><T47/><D47/><U42/><E2/><V89/><F9/><W115/><G6/><T39/><D39/><U73/><E5/><V65/><F16/><W125/><G125/><T21/><D21/><U54/><E19/><V83/><F11/><W63/><G115/><T66/><AGARI ba="0,0" hai="17,23,26,53,55,61,66,69" m="57783,51242" machi="66" ten="30,7900,0" yaku="20,1,52,3" doraHai="129" who="0" fromWho="0" sc="198,79,391,-20,199,-39,212,-20" /><INIT seed="3,0,0,1,5,115" ten="277,371,160,192" oya="3" hai0="42,77,65,132,120,46,128,93,118,43,18,108,98" hai1="114,110,24,4,71,67,69,56,6,60,92,89,101" hai2="44,53,97,85,3,23,75,52,33,37,39,29,9" hai3="87,103,55,48,81,26,95,8,66,116,70,84,15"/><W59/><G116/><T58/><D120/><U64/><E114/><V106/><F75/><W7/><G70/><T107/><D107/><U1/><E110/><V32/><F23/><W124/><G124/><T27/><D108/><U35/><E101/><V94/><F106/><W82/><G66/><T54/><D128/><U50/><E50/><V135/><F135/><W31/><G87/><T17/><D77/><U68/><E67/><V79/><F3/><W99/><REACH who="3" step="1"/><G84/><REACH who="3" ten="277,371,160,182" step="2"/><T123/><D65/><U113/><E113/><V74/><F85/><W20/><AGARI ba="0,1" hai="7,8,15,20,26,31,48,55,59,81,82,95,99,103" machi="20" ten="20,18000,2" yaku="1,1,2,1,0,1,7,1,8,1,53,1" doraHai="115" doraHaiUra="25" who="3" fromWho="3" sc="277,-60,371,-60,160,-60,182,190" owari="217,-18.3,311,11.1,100,-40.0,372,47.2" /></mjloggm>