<mjloggm ver="2.3"><GO type="225" lobby="0"/><UN n0="%E7%B4%94%E6%BD%94%E3%83%94%E3%83%A9%E3%83%8B%E3%82%A2" n1="%6D%75%75%6D%75%72%61" n2="%67%61%79%75%6E%79" n3="%73%69%72%6F%75%74" dan="16,16,16,16" rate="2082.60,2157.46,2065.69,2140.10" sx="M,F,M,M"/><TAIKYOKU oya="0"/><INIT seed="0,0,0,3,0,121" ten="250,250,250,250" oya="0" hai0="38,46,102,106,25,79,15,84,65,60,47,54,91" hai1="124,118,119,89,30,82,132,66,86,16,21,50,68" hai2="135,39,7,9,85,23,6,71,108,122,48,117,49" hai3="78,112,116,0,62,81,19,13,70,88,32,95,134"/><T63/><D79/><U5/><E124/><V75/><F75/><W1/><G112/><T28/><D15/><U35/><E132/><V90/><F71/><W87/><G116/><T93/><D38/><U18/><E5/><V73/><F73/><W105/><G105/><T57/><D102/><U97/><E35/><V103/><F39/><W20/><G32/><T111/><D106/><U59/><E68/><V126/><F103/><W11/><G134/><T83/><D83/><U36/><E36/><V22/><F122/><W29/><G29/><T107/><D107/><U41/><E30/><V52/><F126/><W114/><G114/><T100/><D100/><U24/><E97/><V43/><F135/><W129/><G129/><T40/><D40/><U53/><E66/><V31/><F31/><W26/><G62/><T115/><D115/><U110/><E41/><V17/><F9/><W109/><G109/><T127/><D111/><U44/><E110/><V12/><F23/><W77/><G77/><T94/><D94/><U128/><E128/><V56/><F117/><W125/><G70/><T101/><D101/><U67/><REACH who="1" step="1"/><E18/><REACH who="1" ten="250,240,250,250" step="2"/><V92/><F108/><W61/><G125/><T64/><D127/><U130/><E130/><V72/><F72/><W55/><G0/><T96/><D96/><U4/><E4/><V80/><F80/><W104/><G1/><T99/><D99/><U2/><E2/><V113/><F113/><W14/><G104/><T76/><D65/><U120/><E120/><V37/><F37/><W131/><G131/><T58/><D76/><U27/><E27/><RYUUKYOKU ba="0,1" sc="250,10,240,10,250,10,250,-30" hai0="25,28,46,47,54,57,58,60,63,64,84,91,93" hai1="16,21,24,44,50,53,59,67,82,86,89,118,119" hai2="6,7,12,17,22,43,48,49,52,56,85,90,92" /><INIT seed="0,1,1,3,5,63" ten="260,250,260,220" oya="0" hai0="43,125,123,50,12,85,88,47,109,4,108,51,111" hai1="129,131,28,38,45,101,36,75,78,92,130,35,57" hai2="71,119,32,60,30,54,134,66,107,41,3,122,17" hai3="72,8,80,113,91,79,44,99,82,1,34,49,87"/><T83/><D125/><U126/><E126/><V128/><F122/><W9/><G113/><T69/><D69/><U127/><E127/><V21/><F134/><W95/><G34/><T6/><D123/><U26/><E45/><V93/><F3/><W124/><G124/><T121/><D121/><U58/><E78/><V19/><F107/><W61/><G61/><T0/><D0/><U90/><E101/><V23/><F128/><W115/><G1/><T86/><D12/><U25/><E25/><V106/><F106/><W64/><G64/><T70/><D70/><U81/><E81/><V13/><F41/><W103/><REACH who="3" step="1"/><G115/><REACH who="3" ten="260,250,260,210" step="2"/><T97/><D97/><N who="1" m="57495" /><E75/><V96/><F71/><W18/><G18/><T40/><D85/><U116/><E116/><V94/><F19/><W102/><G102/><T24/><D24/><U39/><AGARI ba="1,2" hai="26,28,35,36,38,39,57,58,129,130,131" m="57495" machi="39" ten="40,1500,0" yaku="19,1" doraHai="63" who="1" fromWho="1" sc="260,-8,250,38,260,-5,210,-5" /><INIT seed="1,0,0,5,1,38" ten="252,288,255,205" oya="1" hai0="49,90,37,94,35,53,112,126,12,2,16,45,25" hai1="109,61,52,117,83,50,43,127,125,115,62,130,3" hai2="98,131,123,14,31,114,11,100,116,21,6,92,47" hai3="104,101,42,122,75,79,74,113,59,87,69,28,78"/><U72/><E3/><V51/><F123/><W0/><G69/><T97/><D2/><U85/><E72/><V105/><F131/><W111/><G0/><T27/><D112/><U22/><E115/><V7/><F114/><W107/><G113/><T15/><D126/><N who="1" m="48139" /><E117/><V121/><F121/><W73/><G42/><T86/><D37/><U102/><E130/><V56/><F116/><W65/><G28/><T55/><D15/><U106/><E109/><V41/><F56/><W108/><G59/><T84/><D53/><U54/><E22/><V34/><F34/><W81/><G65/><T20/><D35/><U19/><E19/><N who="2" m="8671" /><F105/><N who="3" m="40523" /><G101/><T133/><D133/><U66/><E106/><V95/><F95/><W30/><G30/><T48/><D48/><U82/><E102/><V29/><F29/><W96/><G96/><T67/><D67/><U124/><N who="1" m="48147" /><U9/><DORA hai="40" /><E9/><V8/><F8/><W134/><G122/><T71/><REACH who="0" step="1"/><D71/><REACH who="0" ten="242,288,255,205" step="2"/><N who="1" m="42447" /><E62/><V89/><F100/><W88/><G134/><T44/><D44/><N who="1" m="25887" /><E83/><V32/><F32/><W33/><G33/><T129/><D129/><U4/><E4/><V23/><F23/><W91/><G111/><T13/><D13/><U63/><E63/><V103/><F103/><W118/><G108/><T36/><D36/><U119/><E119/><V77/><F21/><W128/><G128/><T76/><D76/><AGARI ba="0,1" hai="52,54,76,82,85" m="25887,42447,48147" machi="76" ten="40,12000,1" yaku="18,1,52,2,54,1" doraHai="38,40" who="1" fromWho="0" sc="242,-120,288,130,255,0,205,0" /><INIT seed="1,1,0,0,5,117" ten="122,418,255,205" oya="1" hai0="3,72,134,46,11,126,6,110,102,2,38,108,113" hai1="94,61,76,18,52,74,127,5,27,135,24,124,9" hai2="87,128,53,85,118,73,129,111,49,114,33,82,40" hai3="109,14,71,66,70,26,131,1,121,80,83,100,43"/><U47/><E135/><V123/><F118/><W48/><G1/><T45/><D134/><U86/><E74/><V93/><F33/><W10/><G109/><T4/><D102/><U120/><E120/><V17/><F111/><W119/><G119/><T37/><D11/><U31/><E18/><V28/><F114/><W91/><G100/><T106/><D72/><U21/><E27/><V122/><F40/><W84/><G131/><N who="2" m="50249" /><F28/><W8/><G121/><N who="2" m="46089" /><F17/><W125/><G125/><T130/><D130/><U79/><E31/><V58/><F93/><W29/><G43/><T25/><D25/><U57/><E94/><V95/><F95/><W97/><G26/><T132/><D132/><U89/><E24/><V32/><F32/><W35/><G29/><T16/><D16/><U107/><E127/><V103/><F103/><W15/><G35/><T13/><D126/><U116/><E116/><V34/><F34/><W56/><G80/><T112/><REACH who="0" step="1"/><D106/><REACH who="0" ten="112,418,255,205" step="2"/><U68/><E107/><V7/><F7/><W20/><G8/><T12/><AGARI ba="1,1" hai="2,3,4,6,12,13,37,38,45,46,108,110,112,113" machi="12" ten="25,8000,1" yaku="1,1,2,1,0,1,22,2,53,0" doraHai="117" doraHaiUra="36" who="0" fromWho="0" sc="112,93,418,-41,255,-21,205,-21" /><INIT seed="2,0,0,1,1,55" ten="205,377,234,184" oya="2" hai0="43,90,123,115,73,122,24,12,59,31,22,67,19" hai1="127,131,28,97,126,130,120,134,15,92,101,71,105" hai2="132,50,128,35,51,99,4,111,47,116,53,14,27" hai3="11,121,13,135,107,48,26,106,102,0,5,57,129"/><V88/><F116/><W17/><G121/><T74/><D115/><U6/><E120/><V46/><F132/><W76/><G135/><T42/><D123/><U36/><E134/><V56/><F128/><N who="1" m="49193" /><E71/><V21/><F111/><W113/><G113/><T75/><D122/><U38/><E28/><V110/><F35/><W40/><G129/><T52/><D67/><U18/><E6/><V70/><F70/><W69/><G69/><T124/><D90/><U83/><E83/><V119/><F119/><W93/><G76/><T62/><REACH who="0" step="1"/><D124/><REACH who="0" ten="195,377,234,184" step="2"/><U72/><E127/><V112/><F112/><W25/><G102/><T54/><D54/><U77/><E101/><V23/><F110/><W49/><G40/><T96/><D96/><U10/><E97/><V103/><F103/><W82/><G82/><T95/><D95/><U33/><E92/><V109/><F99/><W104/><G93/><T34/><AGARI ba="0,1" hai="12,19,22,24,31,34,42,43,52,59,62,73,74,75" machi="34" ten="30,7900,0" yaku="1,1,0,1,52,1,54,1,53,0" doraHai="55" doraHaiUra="32" who="0" fromWho="0" sc="195,89,377,-20,234,-39,184,-20" /><INIT seed="3,0,0,3,5,15" ten="284,357,195,164" oya="3" hai0="75,39,94,31,60,5,90,110,91,77,47,69,66" hai1="127,2,55,52,108,26,7,6,100,98,19,81,34" hai2="109,24,16,102,44,22,21,36,20,89,1,124,114" hai3="83,112,17,93,14,129,64,92,3,41,87,45,126"/><W53/><G3/><T63/><D110/><U71/><E71/><V86/><F114/><W135/><G112/><T95/><D31/><U130/><E2/><V85/><F1/><W118/><G118/><T9/><D75/><U33/><E33/><V32/><F109/><W106/><G106/><T50/><D77/><U25/><E108/><V78/><F124/><W103/><G126/><T70/><D39/><U46/><E34/><V76/><F32/><W131/><G64/><T123/><D123/><U113/><E113/><V132/><F132/><W49/><G135/><T72/><D72/><U101/><E130/><N who="3" m="49674" /><G41/><T80/><D80/><U61/><E81/><V111/><F111/><W99/><G92/><T97/><D9/><U28/><E28/><V35/><F35/><W13/><G13/><T10/><D10/><U30/><E30/><V48/><F36/><W11/><G83/><T37/><D37/><U107/><E26/><V65/><F65/><W116/><G116/><T56/><D5/><U128/><E128/><V27/><F102/><N who="1" m="39529" /><E107/><V105/><F105/><W133/><G133/><T0/><D0/><U79/><E127/><V117/><F117/><W88/><G103/><T125/><D125/><U134/><E134/><V43/><F86/><AGARI ba="0,0" hai="11,14,17,45,49,53,86,87,88,93,99" m="49674" machi="86" ten="30,5800,0" yaku="19,1,52,1,54,1" doraHai="15" who="3" fromWho="2" sc="284,0,357,0,195,-58,164,58" /><INIT seed="3,1,0,3,1,37" ten="284,357,137,222" oya="3" hai0="7,115,87,110,120,27,125,38,104,134,25,69,31" hai1="98,16,133,9,21,83,131,129,89,11,48,119,39" hai2="97,85,107,79,26,62,60,40,81,13,88,23,109" hai3="82,68,14,56,10,1,18,12,73,55,24,49,28"/><W78/><G68/><T45/><D120/><U4/><E39/><V95/><F109/><W126/><G126/><T74/><D74/><U103/><E133/><V135/><F135/><W6/><REACH who="3" step="1"/><G18/><REACH who="3" ten="284,357,137,212" step="2"/><T65/><D125/><U35/><E16/><V116/><F116/><W61/><G61/><T112/><D69/><U118/><E118/><V36/><F107/><W3/><G3/><T106/><D115/><U77/><E119/><V75/><F75/><W20/><AGARI ba="1,1" hai="1,6,10,12,14,20,24,28,49,55,56,73,78,82" machi="20" ten="20,3900,0" yaku="1,1,0,1,7,1,53,0" doraHai="37" doraHaiUra="92" who="3" fromWho="3" sc="284,-14,357,-14,137,-14,212,52" /><INIT seed="3,2,0,3,4,124" ten="270,343,123,264" oya="3" hai0="114,58,118,11,125,9,36,31,133,3,59,66,32" hai1="104,7,69,121,14,37,130,111,126,80,47,40,17" hai2="100,46,28,119,112,22,131,77,81,63,95,107,67" hai3="122,92,74,4,71,94,8,29,45,21,110,134,117"/><W128/><G117/><T57/><D118/><U106/><E121/><V12/><F119/><W101/><G122/><T20/><D125/><U24/><E126/><V23/><F107/><W54/><G71/><T50/><D36/><U48/><E69/><V102/><F112/><W2/><G74/><T91/><D114/><U25/><E111/><V85/><F23/><W108/><G128/><T129/><D133/><U30/><E130/><V56/><F131/><W19/><G134/><T64/><D32/><U123/><E123/><V61/><F102/><W18/><G45/><T55/><D129/><U105/><E7/><V97/><F61/><W60/><G54/><T109/><D109/><N who="3" m="42089" /><G60/><T89/><D3/><U127/><E127/><V79/><F12/><W115/><G115/><T16/><D31/><U43/><E80/><V38/><F38/><W42/><G42/><T62/><D59/><U99/><E43/><V72/><F72/><W41/><G41/><T76/><D76/><U5/><E5/><V49/><F79/><W88/><G94/><T75/><D75/><U135/><E135/><V0/><F0/><W13/><G101/><T96/><D64/><U35/><E37/><V83/><F83/><W10/><G29/><T15/><D91/><U26/><E99/><V65/><F65/><W98/><G19/><T53/><D66/><U132/><E132/><V90/><F46/><W1/><G10/><T39/><D39/><U33/><E30/><V68/><F68/><W103/><G103/><T120/><D120/><U113/><E113/><V51/><F100/><W73/><G1/><RYUUKYOKU ba="2,0" sc="270,0,343,0,123,0,264,0" hai0="9,11,15,16,20,50,53,55,57,58,62,89,96" hai1="14,17,24,25,26,33,35,40,47,48,104,105,106" hai2="22,28,49,51,56,63,67,77,81,85,90,95,97" hai3="2,4,8,13,18,21,73,88,92,98" /><INIT seed="3,3,0,5,0,85" ten="270,343,123,264" oya="3" hai0="78,109,91,134,112,123,97,95,50,5,133,1,126" hai1="0,108,94,35,39,42,68,89,117,16,114,19,21" hai2="125,15,57,22,75,110,36,132,56,41,18,79,66" hai3="69,71,13,43,7,3,116,8,40,30,31,86,51"/><W17/><G116/><T38/><D38/><U52/><E35/><V119/><F110/><W2/><G71/><T6/><D109/><U29/><E108/><V60/><F125/><W120/><G69/><T83/><D126/><U9/><E68/><V53/><F132/><N who="0" m="50794" /><D123/><U12/><E114/><V107/><F107/><W34/><G120/><T135/><N who="0" m="50802" /><T64/><DORA hai="81" /><D112/><U32/><E39/><V23/><F119/><W28/><G34/><T101/><D64/><U33/><E42/><N who="3" m="15914" /><G2/><T80/><D50/><U45/><E117/><V87/><F75/><W82/><G51/><T24/><D24/><N who="1" m="16527" /><E0/><V62/><F79/><N who="3" m="46431" /><G3/><T90/><D83/><U11/><E33/><V131/><F131/><W48/><G48/><T130/><D130/><U37/><E37/><V20/><F36/><W63/><G63/><T115/><D115/><U104/><E104/><V122/><F41/><W73/><G73/><N who="0" m="43087" /><D5/><AGARI ba="3,0" hai="5,7,8,13,17,28,30,31" m="46431,15914" machi="5" ten="30,2900,0" yaku="8,1,52,1" doraHai="85,81" who="3" fromWho="0" sc="270,-38,343,0,123,0,264,38" /><INIT seed="3,4,0,2,5,5" ten="232,343,123,302" oya="3" hai0="69,23,102,92,68,130,22,18,11,105,53,100,103" hai1="37,48,81,87,63,4,57,79,7,76,91,45,36" hai2="97,61,134,74,120,86,39,12,107,20,16,88,29" hai3="59,38,25,94,19,28,101,126,51,14,95,6,40"/><W82/><G38/><T46/><D105/><U26/><E37/><V84/><F134/><W30/><G126/><T9/><D130/><U117/><E36/><V122/><F74/><W127/><G127/><T132/><D132/><U123/><E123/><V116/><F116/><W13/><G6/><N who="1" m="2090" /><E117/><V108/><F108/><W32/><G32/><T62/><D68/><U135/><E26/><V80/><F39/><W115/><G115/><T89/><D69/><U24/><E24/><V85/><F29/><W49/><G82/><T104/><D104/><U70/><E70/><V66/><F107/><W114/><G114/><T33/><D33/><U72/><E72/><V75/><F75/><W65/><G13/><T58/><D46/><U0/><E0/><V27/><F97/><N who="3" m="59575" /><G25/><N who="0" m="14551" /><D23/><U71/><E71/><V131/><F131/><W54/><G95/><T56/><D56/><U64/><E135/><V15/><F85/><W31/><G65/><T110/><D110/><U93/><E93/><V67/><F67/><W96/><G96/><AGARI ba="4,0" hai="9,11,53,58,62,89,92,96,100,102,103" m="14551" machi="96" ten="30,7700,0" yaku="25,1,8,1,52,2" doraHai="5" who="0" fromWho="3" sc="232,89,343,0,123,0,302,-89" owari="321,12.1,343,44.3,123,-37.7,213,-18.7" /></mjloggm>