<mjloggm ver="2.3"><GO type="225" lobby="0"/><UN n0="%72%69%6F%75%63%68%61%6E" n1="%6D%75%75%6D%75%72%61" n2="%48%61%61%61%6C%61%6E%64" n3="%E6%98%A5%E3%81%AE%E3%81%8B%E3%81%91%E3%82%89" dan="16,16,17,16" rate="2206.00,2120.92,2155.13,2055.74" sx="M,F,M,F"/><TAIKYOKU oya="0"/><INIT seed="0,0,0,0,1,119" ten="250,250,250,250" oya="0" hai0="103,89,104,28,47,96,131,129,50,116,35,46,86" hai1="68,98,56,106,34,97,128,41,40,22,55,107,83" hai2="57,120,124,73,42,0,10,23,31,126,102,5,85" hai3="118,1,25,122,94,72,93,4,29,64,7,39,135"/><T117/><D28/><U53/><E34/><V110/><F73/><W88/><G118/><T108/><D35/><U44/><E68/><V20/><F102/><W69/><G135/><T133/><D133/><U61/><E128/><N who="0" m="49225" /><D108/><U45/><E83/><V114/><F114/><W84/><G39/><T125/><D125/><N who="2" m="48234" /><F42/><W8/><G72/><T90/><D46/><U92/><E22/><V95/><F110/><W82/><G7/><T134/><D134/><U87/><E87/><V33/><F120/><W18/><G18/><T127/><D127/><U49/><E55/><V81/><F95/><W58/><G69/><T15/><D15/><U100/><REACH who="1" step="1"/><E98/><REACH who="1" ten="250,240,250,250" step="2"/><V9/><F23/><W54/><G64/><T27/><D27/><U21/><E21/><V24/><F20/><W19/><G29/><T52/><D89/><U71/><E71/><V6/><F24/><W2/><G82/><AGARI ba="0,1" hai="47,50,52,82,86,90,96,103,104,116,117" m="49225" machi="82" ten="30,2900,0" yaku="19,1,54,1" doraHai="119" who="0" fromWho="3" sc="250,39,240,0,250,0,250,-29" /><INIT seed="0,1,0,1,0,6" ten="289,240,250,221" oya="0" hai0="104,12,121,106,7,120,11,84,43,15,2,13,133" hai1="69,108,83,1,63,73,135,5,20,100,34,118,74" hai2="111,124,132,62,130,61,14,134,52,28,79,94,131" hai3="127,117,56,99,103,95,37,72,109,16,54,18,91"/><T96/><D133/><N who="2" m="51306" /><F111/><W93/><G117/><T24/><D43/><U82/><E34/><V19/><F28/><W89/><G109/><T113/><D113/><U30/><E108/><V57/><F79/><W4/><G127/><T90/><D24/><U25/><E135/><V107/><F107/><W65/><G72/><T105/><REACH who="0" step="1"/><D96/><REACH who="0" ten="279,240,250,221" step="2"/><U67/><E118/><V112/><F112/><W26/><G26/><T32/><D32/><U97/><E74/><V41/><F41/><W49/><G37/><T98/><D98/><U70/><E73/><V23/><F124/><W33/><G33/><T119/><D119/><U9/><REACH who="1" step="1"/><E70/><REACH who="1" ten="279,230,250,221" step="2"/><V51/><F131/><W128/><G128/><T80/><AGARI ba="1,2" hai="2,7,11,12,13,15,80,84,90,104,105,106,120,121" machi="80" ten="40,7800,0" yaku="1,1,0,1,52,1,53,0" doraHai="6" doraHaiUra="21" who="0" fromWho="0" sc="279,101,230,-27,250,-27,221,-27" /><INIT seed="0,2,0,2,1,85" ten="380,203,223,194" oya="0" hai0="80,83,32,112,10,25,121,122,132,91,76,29,101" hai1="33,39,0,26,117,93,87,111,74,72,92,75,64" hai2="110,129,11,57,14,34,65,22,24,100,67,95,23" hai3="81,109,54,35,97,70,21,86,118,3,37,98,59"/><T61/><D112/><U69/><E117/><V52/><F110/><W8/><G35/><T30/><D132/><U73/><E111/><V126/><F126/><W102/><G118/><T15/><D101/><U96/><E0/><V45/><F129/><W51/><G109/><T47/><D29/><U66/><E39/><V131/><F131/><W9/><G70/><T4/><D61/><U104/><E104/><V78/><F78/><W56/><G37/><T16/><D47/><U127/><E127/><V53/><F34/><W114/><G114/><T130/><D130/><U108/><E108/><V79/><F79/><W50/><G21/><T89/><D4/><U40/><E40/><V105/><F105/><W135/><G135/><T62/><D62/><U63/><E66/><N who="2" m="25099" /><F45/><W48/><G3/><T82/><REACH who="0" step="1"/><D76/><REACH who="0" ten="370,203,223,194" step="2"/><U128/><E128/><V36/><F36/><W13/><G102/><T1/><D1/><U12/><E63/><V107/><F100/><W88/><G56/><T60/><D60/><U46/><E64/><V99/><F57/><W55/><G55/><T106/><D106/><U41/><E46/><V94/><F107/><W18/><REACH who="3" step="1"/><G9/><REACH who="3" ten="370,203,223,184" step="2"/><T5/><D5/><U125/><E69/><V43/><F11/><W20/><G20/><T113/><D113/><U133/><E133/><V49/><F53/><W119/><G119/><T84/><D84/><U77/><E87/><V31/><F52/><W28/><G28/><T19/><D19/><U68/><E33/><V42/><F23/><W123/><G123/><AGARI ba="2,2" hai="10,15,16,25,30,32,80,82,83,89,91,121,122,123" machi="123" ten="40,12000,1" yaku="1,1,52,2,54,1,53,0" doraHai="85" doraHaiUra="71" who="0" fromWho="3" sc="370,146,203,0,223,0,184,-126" /><INIT seed="0,3,0,4,4,66" ten="516,203,223,58" oya="0" hai0="29,33,22,95,55,75,56,92,31,128,7,103,81" hai1="39,124,24,49,62,28,67,12,21,102,13,19,8" hai2="46,65,38,9,45,42,5,34,51,68,1,2,47" hai3="90,105,30,15,104,70,32,120,122,60,10,61,93"/><T77/><D128/><U99/><E39/><V36/><F34/><W135/><G135/><T110/><D110/><U78/><E124/><V94/><F2/><W54/><G30/><T74/><D75/><U43/><E78/><V108/><F108/><W98/><G32/><T111/><D111/><U106/><E13/><V112/><F112/><W96/><G54/><T40/><D40/><U115/><E115/><V20/><F20/><W41/><G41/><T11/><D33/><U134/><E134/><V114/><F114/><W116/><G116/><T14/><D103/><U107/><E43/><V130/><F130/><W89/><G93/><T127/><D127/><U79/><E79/><V48/><F94/><W37/><G15/><T131/><D131/><U4/><E49/><V18/><F18/><W129/><G129/><T26/><REACH who="0" step="1"/><D31/><REACH who="0" ten="506,203,223,58" step="2"/><U50/><E28/><V71/><F42/><W64/><G37/><T84/><D84/><U57/><E102/><V3/><F38/><W76/><G120/><T35/><D35/><U101/><E101/><V87/><F87/><W53/><G122/><T6/><D6/><U123/><E4/><V85/><F36/><W97/><G104/><T125/><D125/><U17/><E107/><V126/><F126/><W72/><G105/><T59/><D59/><U58/><E123/><V44/><F85/><W109/><G109/><T86/><D86/><U91/><E106/><V132/><F44/><W23/><G97/><T69/><D69/><U88/><E99/><V63/><F132/><W83/><G72/><T0/><D0/><N who="2" m="74" /><F71/><W100/><G70/><RYUUKYOKU ba="3,1" sc="506,10,203,10,223,10,58,-30" hai0="7,11,14,22,26,29,55,56,74,77,81,92,95" hai1="8,12,17,19,21,24,50,57,58,62,67,88,91" hai2="5,9,45,46,47,48,51,63,65,68" /><INIT seed="0,4,1,4,3,11" ten="516,213,233,28" oya="0" hai0="43,104,47,103,78,38,39,5,73,82,31,123,3" hai1="85,127,106,16,14,80,130,12,36,57,132,2,65" hai2="125,50,69,93,120,62,98,54,0,18,63,20,133" hai3="100,27,112,101,118,117,60,59,135,53,64,102,58"/><T75/><D123/><U107/><E2/><V84/><F120/><W19/><G112/><T94/><D94/><U26/><E36/><V8/><F125/><W87/><G135/><T99/><D31/><U51/><E127/><V48/><F133/><W97/><G118/><T113/><D113/><U96/><E132/><V74/><F74/><W23/><G117/><T22/><D22/><N who="1" m="13639" /><E107/><V33/><F33/><W72/><G72/><N who="0" m="43335" /><D38/><U92/><E106/><V66/><F84/><W128/><G128/><T105/><D104/><U126/><E130/><V37/><F37/><W13/><G87/><T7/><D7/><U121/><E121/><V134/><F134/><W131/><G131/><T1/><D1/><U81/><E126/><V89/><F0/><W28/><G97/><T44/><D47/><U109/><E109/><V83/><F83/><N who="1" m="31817" /><E85/><V41/><F93/><W91/><G91/><T116/><D116/><U46/><E57/><V90/><F69/><W21/><REACH who="3" step="1"/><G102/><REACH who="3" ten="516,213,233,18" step="2"/><T40/><D103/><N who="1" m="60807" /><E65/><V6/><F66/><W114/><G114/><T119/><D73/><U95/><E95/><V70/><F70/><W56/><G56/><T15/><D75/><U17/><E17/><V124/><F124/><W34/><G34/><T32/><D119/><U88/><E88/><V4/><F90/><W29/><G29/><T24/><D32/><U68/><E68/><V76/><F89/><W67/><G67/><T25/><D99/><U71/><E71/><V9/><F98/><W115/><G115/><T10/><D105/><U30/><E30/><V111/><F111/><W61/><AGARI ba="4,2" hai="13,19,21,23,27,28,53,58,59,60,61,64,100,101" machi="61" ten="20,12000,2" yaku="1,1,5,1,0,1,7,1,8,1,52,1,53,0" doraHai="11" doraHaiUra="35" who="3" fromWho="3" sc="516,-64,213,-34,233,-34,18,152" /><BYE who="1" /><UN n1="%6D%75%75%6D%75%72%61" /><INIT seed="1,0,0,3,0,97" ten="452,179,199,170" oya="1" hai0="11,19,89,93,43,2,29,100,63,120,90,41,74" hai1="16,95,88,30,116,122,96,81,61,5,3,69,6" hai2="39,76,12,28,17,35,64,1,48,38,56,45,112" hai3="101,133,18,44,37,46,47,108,59,60,71,113,105"/><U8/><E116/><V80/><F1/><W52/><G113/><T4/><D74/><U130/><E122/><V124/><F112/><W50/><G108/><T106/><D120/><U132/><E130/><V58/><F124/><W67/><G18/><T21/><D29/><U0/><E132/><V77/><F35/><W27/><G27/><T32/><D32/><U128/><E128/><V125/><F28/><W42/><G133/><T65/><D106/><U103/><E30/><V109/><F125/><W135/><G135/><T73/><D73/><U25/><E69/><V104/><F104/><W126/><G126/><T24/><D100/><U110/><E110/><V57/><F64/><W7/><G7/><N who="1" m="2570" /><E3/><V20/><F109/><W111/><G111/><T78/><D78/><U36/><E36/><V68/><F68/><W75/><G75/><T22/><D22/><N who="1" m="13511" /><E0/><V13/><F39/><W92/><G105/><T70/><D89/><U134/><E134/><V84/><F38/><W123/><G123/><T23/><D23/><U72/><E72/><V118/><F118/><W51/><G51/><T79/><D79/><U129/><E129/><V121/><F121/><W119/><G119/><T114/><D114/><U33/><E33/><V127/><F127/><W115/><G115/><T117/><D117/><U34/><E34/><V91/><REACH who="2" step="1"/><F12/><REACH who="2" ten="452,179,189,170" step="2"/><W102/><G102/><T49/><D2/><U83/><E103/><V14/><F14/><W131/><G131/><T82/><D70/><U94/><E61/><V107/><F107/><W86/><G101/><T10/><D63/><U55/><E96/><RYUUKYOKU ba="0,1" sc="452,-15,179,-15,189,15,170,15" hai2="13,17,20,45,48,56,57,58,76,77,80,84,91" hai3="37,42,44,46,47,50,52,59,60,67,71,86,92" /><INIT seed="2,1,1,4,5,3" ten="437,164,204,185" oya="2" hai0="36,9,90,43,113,73,81,49,4,107,88,99,75" hai1="97,15,116,106,7,16,12,105,6,27,26,22,25" hai2="112,89,48,111,44,20,30,83,129,18,124,69,87" hai3="102,29,72,67,71,101,34,21,8,96,119,64,131"/><V100/><F112/><W115/><G119/><T45/><D113/><U37/><E37/><V70/><F124/><W57/><G115/><T79/><D75/><U103/><E116/><V104/><F129/><W130/><G72/><T14/><REACH who="0" step="1"/><D36/><REACH who="0" ten="427,164,204,185" step="2"/><U51/><E106/><V125/><F104/><W134/><G130/><T33/><D33/><U114/><E114/><V58/><F125/><W77/><G34/><T127/><D127/><U1/><E1/><V121/><F121/><W109/><G131/><T108/><D108/><U76/><E76/><V52/><F111/><W10/><G77/><T55/><D55/><U35/><E35/><V59/><F52/><W60/><G109/><T94/><D94/><U2/><E2/><V93/><F93/><W95/><G134/><T24/><D24/><U5/><REACH who="1" step="1"/><E51/><REACH who="1" ten="427,154,204,185" step="2"/><V80/><F48/><W23/><G95/><T50/><D50/><U62/><E62/><V0/><F83/><W66/><G60/><T133/><D133/><U91/><E91/><V135/><F135/><W110/><G110/><T17/><D17/><U92/><E92/><V31/><F18/><W128/><G128/><T11/><D11/><AGARI ba="1,3" hai="5,6,7,11,12,15,16,22,25,26,27,97,103,105" machi="11" ten="40,8000,1" yaku="1,1,52,3,54,1,53,0" doraHai="3" doraHaiUra="47" who="1" fromWho="0" sc="427,-83,154,113,204,0,185,0" /><INIT seed="3,0,0,1,3,70" ten="344,267,204,185" oya="3" hai0="14,73,41,25,133,56,93,36,94,86,81,103,89" hai1="10,105,82,46,117,24,31,74,90,1,3,72,84" hai2="115,78,69,92,122,54,21,37,0,126,40,4,116" hai3="43,55,111,16,44,67,19,23,118,110,131,125,97"/><W104/><G118/><T27/><D133/><U32/><E117/><V112/><F116/><W76/><G131/><T7/><D36/><U34/><E34/><V38/><F69/><W108/><G125/><T62/><D41/><U18/><E105/><V13/><F126/><W12/><G67/><N who="0" m="39367" /><D73/><U63/><E63/><V106/><F106/><W129/><G129/><T53/><D53/><U59/><E59/><V49/><F122/><W130/><G130/><T98/><D93/><U47/><E3/><V15/><F0/><W107/><G76/><T134/><D134/><U39/><E47/><V128/><F128/><W17/><G55/><T102/><D102/><U52/><E39/><V75/><F40/><W65/><G65/><T79/><D103/><U61/><E61/><V85/><F75/><W123/><G123/><T26/><D14/><N who="2" m="5130" /><F115/><W42/><G42/><T87/><D86/><U127/><E127/><V101/><F37/><N who="3" m="21615" /><G107/><T113/><D113/><U119/><E119/><V2/><F38/><W99/><G104/><T35/><D35/><U95/><E95/><V58/><F112/><W64/><G64/><T45/><D45/><U114/><E114/><V60/><F60/><W121/><G121/><T120/><D120/><U6/><REACH who="1" step="1"/><E18/><AGARI ba="0,0" hai="12,16,17,18,19,23,97,99,108,110,111" m="21615" machi="18" ten="40,12000,1" yaku="14,1,10,1,52,1,54,1" doraHai="70" who="3" fromWho="1" sc="344,0,267,-120,204,0,185,120" /><INIT seed="3,1,0,3,2,33" ten="344,147,204,305" oya="3" hai0="40,123,74,27,86,127,113,51,68,22,9,96,34" hai1="6,81,75,36,89,90,47,87,99,97,135,134,66" hai2="128,91,114,121,48,29,106,63,21,56,13,65,58" hai3="85,94,44,132,82,28,37,16,69,80,23,35,133"/><W119/><G119/><T67/><D123/><U78/><E66/><V73/><F121/><W124/><G69/><T102/><D74/><U108/><E47/><V55/><F114/><W11/><G124/><T53/><D127/><U120/><E36/><V92/><F106/><W42/><G35/><T105/><D113/><U101/><E6/><V17/><F73/><W46/><G28/><N who="0" m="19743" /><D40/><U18/><E18/><V126/><F126/><W32/><G32/><T19/><D86/><U115/><E120/><V116/><F128/><W2/><G46/><T38/><D38/><U93/><E115/><V4/><F116/><W83/><G85/><T104/><D9/><U24/><E24/><V49/><F29/><W112/><G94/><T71/><D71/><U72/><E108/><V118/><F118/><W130/><G130/><T62/><D104/><U39/><E39/><V1/><F1/><W129/><G129/><T15/><D51/><U43/><E43/><V5/><F48/><W103/><G103/><N who="0" m="62695" /><D53/><U64/><E64/><V57/><F57/><W95/><G95/><T122/><D122/><U109/><E109/><V117/><F117/><W0/><G112/><T30/><D30/><U84/><E75/><V77/><F77/><W60/><G60/><T12/><D12/><U45/><E45/><V100/><F100/><AGARI ba="1,0" hai="15,19,22,62,67,68,100,102" m="62695,19743" machi="100" ten="30,1000,0" yaku="25,1" doraHai="33" who="0" fromWho="2" sc="344,13,147,0,204,-13,305,0" owari="357,45.7,147,-35.3,191,-20.9,305,10.5" /></mjloggm>