<mjloggm ver="2.3"><GO type="225" lobby="0"/><UN n0="%E8%90%BD%E6%97%A5" n1="%E6%A1%9C%E8%8A%B1%E9%96%83%E3%80%85" n2="%E7%AD%89%E3%80%85%E5%8A%9B%E5%8A%87%E5%A0%B4" n3="%E3%81%82%E3%81%B9%E3%81%99%E3%81%91" dan="17,16,16,16" rate="2138.37,2111.41,2147.13,2121.18" sx="F,M,M,M"/><TAIKYOKU oya="0"/><INIT seed="0,0,0,2,2,89" ten="250,250,250,250" oya="0" hai0="7,16,4,5,58,112,106,0,28,124,118,38,86" hai1="41,81,10,96,48,60,25,121,26,116,21,119,100" hai2="91,2,53,51,17,46,35,56,126,1,131,40,64" hai3="82,125,111,117,107,74,50,87,65,42,19,44,72"/><T83/><D112/><U88/><E121/><V47/><F131/><W135/><G117/><T108/><D118/><U70/><E25/><V98/><F126/><W49/><G111/><T75/><D38/><U105/><E10/><V12/><F35/><W84/><G125/><T67/><D124/><U102/><E102/><V71/><F71/><W52/><G107/><T37/><D37/><U76/><E48/><V94/><F64/><W32/><G32/><T62/><D106/><U29/><E41/><V77/><F77/><W68/><G135/><T127/><D127/><U9/><E9/><V90/><F47/><W120/><G87/><T63/><D75/><U128/><E128/><V134/><F134/><W55/><G42/><T27/><D108/><U109/><E109/><V130/><F91/><W11/><G65/><T30/><D63/><U54/><E54/><V133/><F133/><W123/><G68/><T103/><D103/><U80/><E80/><V85/><F98/><W113/><G113/><T31/><D0/><U13/><E13/><V61/><REACH who="2" step="1"/><F130/><REACH who="2" ten="250,250,240,250" step="2"/><W45/><G123/><T93/><D83/><U115/><E115/><V99/><F99/><W18/><G120/><T79/><D79/><U34/><E34/><V24/><F24/><W39/><G39/><T101/><D101/><U3/><E88/><V132/><F132/><W95/><G82/><T22/><D86/><N who="1" m="48423" /><E70/><V110/><F110/><W122/><G122/><T6/><N who="0" m="1024" /><DORA hai="104" /><T23/><REACH who="0" step="1"/><D93/><REACH who="0" ten="240,250,240,250" step="2"/><U33/><E119/><V20/><AGARI ba="0,2" hai="1,2,12,17,20,40,46,51,53,56,61,85,90,94" machi="20" ten="20,8000,1" yaku="1,1,0,1,7,1,52,1,53,1" doraHai="89,104" doraHaiUra="78,15" who="2" fromWho="2" sc="240,-40,250,-20,240,100,250,-20" /><INIT seed="1,0,0,5,2,78" ten="200,230,340,230" oya="1" hai0="17,92,8,75,100,2,7,76,97,98,129,51,118" hai1="69,89,133,106,13,101,113,73,60,37,67,71,22" hai2="12,23,38,21,83,61,112,105,11,0,30,114,56" hai3="66,52,32,41,72,115,15,68,125,43,64,14,48"/><U4/><E113/><N who="2" m="43627" /><F105/><W55/><G115/><T126/><D118/><U121/><E121/><V19/><F38/><W39/><G125/><T58/><D126/><U34/><E133/><V59/><F59/><W46/><G72/><T119/><D119/><U104/><E22/><V95/><F95/><W10/><G32/><T28/><D129/><U49/><E89/><V44/><F44/><W3/><G3/><T116/><D116/><U1/><E49/><V74/><F0/><W18/><G43/><T9/><D28/><U47/><E13/><V128/><F30/><W33/><G33/><T24/><D98/><U96/><E34/><V79/><F128/><W109/><G109/><T65/><D65/><AGARI ba="0,0" hai="11,12,19,21,23,56,61,65,74,79,83" m="43627" machi="65" ten="30,2000,0" yaku="11,1,52,1" doraHai="78" who="2" fromWho="0" sc="200,-20,230,0,340,20,230,0" /><INIT seed="2,0,0,2,1,90" ten="180,230,360,230" oya="2" hai0="130,4,28,66,22,106,49,32,68,73,115,14,65" hai1="6,38,11,89,128,132,58,63,39,123,0,105,45" hai2="48,79,118,126,50,112,88,13,101,120,35,53,18" hai3="110,37,133,52,43,82,25,87,116,113,47,64,76"/><V27/><F112/><W31/><G116/><T93/><D106/><U104/><E128/><V24/><F120/><W131/><G110/><T85/><D115/><U9/><E132/><V81/><F118/><W30/><G131/><T60/><D130/><U114/><E114/><V99/><F126/><W41/><G133/><T10/><D73/><U129/><E129/><V36/><F36/><W134/><G134/><T15/><D66/><U29/><E123/><V97/><F97/><W62/><G43/><T71/><D71/><U51/><E29/><V103/><F50/><W125/><G125/><T91/><D32/><U59/><E59/><V40/><F40/><W95/><G113/><T75/><D75/><U86/><E11/><V70/><F70/><W111/><G111/><T84/><D49/><U33/><E33/><V96/><F96/><W72/><G25/><T67/><D67/><U56/><E56/><V5/><F5/><W26/><G26/><T16/><REACH who="0" step="1"/><D28/><REACH who="0" ten="170,230,360,230" step="2"/><U61/><E104/><V12/><F48/><W17/><G31/><T1/><D1/><U19/><E105/><V78/><F35/><W109/><G30/><T55/><D55/><N who="1" m="30191" /><E39/><V34/><F34/><W8/><G52/><T77/><D77/><U100/><E38/><V3/><F78/><W54/><G54/><T117/><D117/><U108/><E108/><V94/><F79/><W46/><G109/><T80/><D80/><U107/><E107/><N who="2" m="63935" /><F53/><W119/><G119/><T2/><D2/><U42/><E0/><V92/><F3/><W83/><G37/><T44/><D44/><U23/><E58/><RYUUKYOKU ba="0,1" sc="170,30,230,-10,360,-10,230,-10" hai0="4,10,14,15,16,22,60,65,68,84,85,91,93" /><INIT seed="3,1,1,5,4,64" ten="200,220,350,220" oya="3" hai0="87,10,80,9,81,70,14,47,84,134,89,66,68" hai1="102,110,35,54,123,109,57,44,58,30,115,5,13" hai2="61,114,7,94,121,27,63,106,119,122,49,31,62" hai3="100,104,75,96,1,135,2,20,56,129,40,51,36"/><W52/><G75/><T83/><D134/><U95/><E115/><V67/><F106/><W48/><G135/><T111/><D111/><N who="1" m="42507" /><E30/><V29/><F119/><W15/><G36/><T22/><D66/><U39/><E35/><V76/><F114/><W77/><G77/><T46/><D22/><U34/><E34/><V50/><F7/><W21/><G129/><T4/><D10/><N who="1" m="4303" /><E123/><V99/><F76/><W53/><G40/><T120/><D120/><U8/><E8/><V107/><F107/><W98/><G98/><T132/><D132/><U112/><E112/><V23/><F31/><W108/><G108/><T78/><REACH who="0" step="1"/><D80/><REACH who="0" ten="190,220,350,220" step="2"/><U28/><E28/><N who="2" m="17535" /><F67/><W92/><G21/><T19/><D19/><U128/><E128/><V26/><F29/><W131/><G131/><T85/><D85/><U133/><E133/><V86/><F86/><W42/><G104/><T38/><D38/><U126/><E39/><V16/><F16/><W93/><G2/><T18/><D18/><U43/><E126/><V3/><F3/><W71/><G1/><T125/><D125/><U82/><E82/><V69/><F122/><W65/><G65/><T25/><D25/><U37/><E54/><V101/><F26/><W91/><G42/><T124/><D124/><U72/><E72/><V0/><F0/><W32/><G32/><T88/><D88/><U24/><E24/><V103/><F121/><W17/><G91/><T113/><D113/><U6/><E6/><V59/><F99/><AGARI ba="1,2" hai="37,43,44,57,58,95,99,102" m="4303,42507" machi="99" ten="30,1000,0" yaku="14,1" doraHai="64" who="1" fromWho="2" sc="190,0,220,33,350,-13,220,0" owari="190,-31.0,253,5.3,337,43.7,220,-18.0" /></mjloggm>