<mjloggm ver="2.3"><GO type="225" lobby="0"/><UN n0="%4B%2E%32%2E%4B%2E" n1="%E9%89%A2%E5%B7%BB%E3%82%AC%E3%83%96" n2="%E3%83%B4%E3%82%A3%E3%83%AF%E3%82%B3%E3%82%B0%E3%83%8B" n3="%E7%AD%89%E3%80%85%E5%8A%9B%E5%8A%87%E5%A0%B4" dan="16,16,16,16" rate="2064.80,2050.81,2124.24,2153.60" sx="M,M,M,M"/><TAIKYOKU oya="0"/><INIT seed="0,0,0,0,1,49" ten="250,250,250,250" oya="0" hai0="125,90,43,78,25,22,40,34,41,71,111,130,58" hai1="52,110,39,7,19,123,70,4,62,6,129,108,64" hai2="131,95,109,51,115,85,66,68,46,50,63,60,104" hai3="114,13,112,31,128,127,26,120,107,94,84,89,18"/><T38/><D71/><U67/><E123/><V88/><F109/><N who="1" m="42089" /><E39/><V87/><F131/><W86/><G107/><T133/><D111/><U29/><E29/><V79/><F115/><W16/><G127/><T75/><D125/><U54/><E129/><V47/><F104/><W80/><G128/><T59/><D130/><U135/><E135/><V42/><F66/><W32/><G120/><T77/><D38/><U102/><E67/><V69/><F69/><W117/><G117/><T118/><D34/><U0/><E0/><V11/><F11/><W1/><G1/><T74/><D133/><U100/><E19/><V2/><F2/><W126/><G126/><T134/><D134/><U103/><AGARI ba="0,0" hai="4,6,7,52,54,62,64,70,100,102,103" m="42089" machi="103" ten="40,8000,1" yaku="14,1,52,2,54,1" doraHai="49" who="1" fromWho="1" sc="250,-40,250,80,250,-20,250,-20" /><INIT seed="1,0,0,0,3,59" ten="210,330,230,230" oya="1" hai0="12,119,56,102,14,27,31,19,42,80,83,114,70" hai1="118,58,40,23,44,1,72,107,87,17,78,75,97" hai2="85,93,134,29,38,3,100,34,35,123,51,53,62" hai3="88,111,37,8,28,65,33,9,109,47,101,43,99"/><U50/><E118/><V68/><F123/><W11/><G33/><T105/><D70/><U46/><E1/><V10/><F38/><W124/><G28/><T110/><D119/><U86/><E46/><V74/><F74/><W130/><G130/><T67/><D114/><U113/><E113/><V48/><F134/><W133/><G124/><T122/><D110/><U69/><E69/><V24/><F35/><W132/><G65/><T20/><D122/><U115/><E115/><V22/><F34/><W36/><G36/><T117/><D117/><U41/><E41/><V106/><F106/><W4/><G4/><T91/><D42/><U135/><E135/><N who="3" m="51786" /><G88/><T25/><D25/><U16/><E97/><V82/><F10/><W13/><G13/><N who="0" m="5227" /><D105/><AGARI ba="0,0" hai="8,9,11,37,43,47,99,101,105,109,111" m="51786" machi="105" ten="30,1000,0" yaku="20,1" doraHai="59" who="3" fromWho="0" sc="210,-10,330,0,230,0,230,10" /><INIT seed="2,0,0,0,3,40" ten="200,330,230,240" oya="2" hai0="93,95,129,9,1,66,45,71,73,68,15,110,52" hai1="88,115,123,34,112,94,85,4,16,54,28,14,55" hai2="53,38,27,121,51,90,70,2,3,10,5,125,60" hai3="50,35,80,23,113,26,107,86,6,78,131,36,62"/><V109/><F121/><W46/><G107/><T108/><D73/><U41/><E123/><V122/><F122/><W25/><G131/><T11/><D1/><U72/><E72/><V75/><F38/><W111/><G111/><N who="0" m="42539" /><D129/><U105/><E105/><V96/><F109/><W104/><G104/><T99/><D9/><U63/><E41/><V59/><F125/><W58/><G113/><T69/><D66/><U120/><E4/><V92/><F75/><W89/><G36/><T117/><D117/><U61/><E120/><V128/><F128/><W30/><G6/><N who="0" m="3575" /><D99/><U39/><E115/><V97/><F2/><W130/><G130/><T98/><D98/><U57/><E39/><V33/><F97/><W134/><G134/><T20/><D20/><U114/><E114/><V91/><F91/><W32/><G89/><T119/><D119/><U22/><E112/><V43/><F70/><N who="0" m="17922" /><T37/><DORA hai="133" /><D37/><U18/><E22/><V100/><F90/><W76/><G78/><T56/><D45/><U24/><E14/><V67/><F67/><W42/><REACH who="3" step="1"/><G26/><REACH who="3" ten="200,330,230,230" step="2"/><T83/><D83/><U19/><E24/><V48/><F27/><W13/><G13/><T29/><D29/><U106/><E28/><V132/><F132/><W101/><G101/><T124/><D124/><U0/><E0/><V44/><F33/><W17/><G17/><T47/><D47/><U127/><E34/><V82/><F82/><W21/><G21/><T118/><D118/><U8/><E127/><V116/><F116/><W102/><G102/><T135/><D135/><U79/><E106/><V103/><F103/><RYUUKYOKU ba="0,1" sc="200,10,330,-30,230,10,230,10" hai0="52,56,93,95" hai2="3,5,10,43,44,48,51,53,59,60,92,96,100" hai3="23,25,30,32,35,42,46,50,58,62,76,80,86" /><INIT seed="2,1,1,1,0,104" ten="210,300,240,240" oya="2" hai0="17,93,42,109,19,113,75,96,122,11,90,63,5" hai1="102,51,133,68,10,53,114,101,45,125,126,61,29" hai2="18,41,2,27,25,117,1,43,28,47,124,91,83" hai3="60,6,58,23,131,112,88,128,36,15,33,103,44"/><V115/><F115/><W84/><G33/><T80/><D113/><U98/><E114/><V21/><F124/><N who="1" m="47721" /><E133/><V30/><F117/><W8/><G112/><T118/><D122/><U135/><E135/><V16/><F1/><W49/><G36/><T71/><D118/><U86/><E29/><N who="2" m="11371" /><F2/><W130/><G103/><N who="1" m="39434" /><E98/><V62/><F62/><W123/><G123/><T70/><D109/><U59/><E86/><N who="2" m="50655" /><F47/><W74/><G74/><T46/><D75/><U40/><E10/><V22/><AGARI ba="1,1" hai="16,18,21,22,25,27,41,43" m="50655,11371" machi="22" ten="30,3000,0" yaku="8,1,54,1" doraHai="104" who="2" fromWho="2" sc="210,-11,300,-11,240,43,240,-11" /><INIT seed="2,2,0,1,1,58" ten="199,289,283,229" oya="2" hai0="134,2,111,11,47,57,35,119,83,31,98,123,103" hai1="20,27,61,93,23,25,121,82,79,69,37,88,135" hai2="43,54,29,10,5,81,12,14,114,95,124,131,63" hai3="3,18,90,74,55,85,30,52,72,59,66,68,126"/><V70/><F114/><W38/><G38/><T76/><D123/><U33/><E37/><V65/><F124/><W100/><G3/><T9/><D2/><U92/><E135/><V67/><F131/><W41/><G41/><T7/><D134/><U128/><E128/><V109/><F43/><W13/><G126/><T105/><D111/><U39/><E39/><V19/><F29/><W46/><G100/><T104/><D104/><U40/><E40/><V120/><F120/><W97/><G97/><T45/><D119/><U84/><E93/><V4/><F109/><W116/><G30/><T108/><D108/><U56/><E69/><V21/><F65/><W42/><G42/><T24/><D57/><U86/><E33/><V6/><F81/><W125/><G116/><T78/><D78/><U122/><E122/><V44/><REACH who="2" step="1"/><F95/><REACH who="2" ten="199,289,273,229" step="2"/><W17/><G125/><T118/><D118/><U16/><E121/><V130/><F130/><W34/><G66/><T127/><D127/><U50/><E20/><V77/><F77/><W49/><G34/><T113/><D113/><U36/><E23/><V110/><F110/><W133/><G133/><T94/><D94/><U80/><E92/><V132/><F132/><W99/><G55/><T22/><D35/><U0/><E80/><V64/><F64/><W87/><G52/><T1/><REACH who="0" step="1"/><D11/><REACH who="0" ten="189,289,273,229" step="2"/><U51/><E79/><V53/><F53/><W115/><G115/><T73/><AGARI ba="2,2" hai="1,7,9,22,24,31,45,47,73,76,83,98,103,105" machi="73" ten="20,5200,0" yaku="1,1,2,1,0,1,7,1,53,0" doraHai="58" doraHaiUra="112" who="0" fromWho="0" sc="189,78,289,-15,273,-28,229,-15" /><INIT seed="3,0,0,3,5,111" ten="267,274,245,214" oya="3" hai0="12,124,109,101,114,98,59,74,6,81,122,68,97" hai1="108,26,2,65,134,56,90,79,15,49,20,23,14" hai2="103,25,27,95,40,75,32,42,47,130,29,53,85" hai3="67,110,120,78,127,73,51,34,37,18,24,31,91"/><W88/><G37/><T22/><D68/><U133/><E108/><V4/><F75/><W1/><G110/><T82/><D109/><U131/><E79/><V128/><F4/><W117/><G117/><T10/><D122/><U48/><E2/><V125/><F125/><W102/><G120/><T64/><D124/><U123/><E90/><N who="2" m="53711" /><F103/><W72/><G127/><T35/><D35/><U132/><E123/><V69/><F69/><W60/><G1/><T58/><D74/><U96/><E96/><V87/><F25/><W100/><G73/><T93/><D114/><U46/><E131/><N who="2" m="50219" /><F87/><W76/><G102/><T116/><D116/><U84/><E84/><V113/><F113/><W19/><G100/><T63/><D97/><U89/><E26/><V86/><F86/><W17/><G78/><T38/><D38/><U50/><E89/><V7/><F7/><W83/><REACH who="3" step="1"/><G51/><AGARI ba="0,0" hai="27,29,32,40,42,47,51,53" m="50219,53711" machi="51" ten="30,1000,0" yaku="19,1" doraHai="111" who="2" fromWho="3" sc="267,0,274,0,245,10,214,-10" /><INIT seed="4,0,0,2,5,129" ten="267,274,255,204" oya="0" hai0="110,1,35,122,114,57,49,53,39,30,65,10,73" hai1="16,27,0,56,41,111,45,58,105,5,44,9,125" hai2="12,40,75,133,113,89,36,7,26,76,104,88,78" hai3="37,61,6,81,108,72,71,90,101,116,124,94,47"/><T38/><D122/><U92/><E111/><V109/><F109/><W18/><G108/><T67/><D110/><U29/><E105/><V8/><F113/><W15/><G116/><T24/><D73/><U93/><E125/><V52/><F133/><W54/><G124/><T3/><D114/><U77/><E77/><V123/><F104/><W112/><G112/><T91/><D1/><U14/><E45/><V51/><F123/><W100/><G6/><T118/><D118/><U28/><E93/><V126/><F126/><W19/><G19/><T55/><D91/><U20/><E92/><V130/><F130/><W31/><G31/><T69/><D55/><U82/><E82/><V98/><F36/><W66/><G81/><T95/><D95/><U62/><E62/><V34/><F40/><W120/><G72/><T107/><D107/><U46/><E46/><V99/><F26/><W97/><G120/><T43/><D43/><U50/><E28/><V25/><F25/><W102/><G37/><T117/><D117/><U84/><E84/><V22/><F22/><AGARI ba="0,0" hai="0,5,9,14,16,20,22,27,29,41,44,50,56,58" machi="22" ten="30,2000,0" yaku="7,1,54,1" doraHai="129" who="1" fromWho="2" sc="267,0,274,20,255,-20,204,0" /><INIT seed="5,0,0,4,1,111" ten="267,294,235,204" oya="1" hai0="127,35,102,25,12,71,8,92,33,62,47,86,94" hai1="108,51,13,34,76,120,32,132,63,11,29,21,15" hai2="87,28,19,58,133,5,68,43,6,40,49,7,100" hai3="52,72,118,93,106,90,3,125,69,46,101,56,31"/><U4/><E120/><V60/><F133/><W116/><G69/><T44/><D127/><U129/><E108/><V50/><F68/><W14/><G3/><T59/><D71/><U53/><E76/><V74/><F74/><W119/><G72/><T82/><D47/><U80/><E80/><V84/><F28/><W18/><G125/><T65/><D44/><U27/><E132/><V134/><F100/><W54/><G31/><T41/><D41/><U105/><E105/><V73/><F73/><W70/><G70/><T103/><D25/><U17/><E63/><V9/><F134/><W23/><G106/><T66/><D66/><U1/><E129/><V88/><F84/><W42/><G101/><N who="0" m="38411" /><D33/><N who="1" m="20671" /><E15/><N who="2" m="7663" /><F40/><W81/><G81/><T77/><D35/><U61/><E61/><V97/><F97/><N who="3" m="57527" /><G56/><AGARI ba="0,0" hai="1,4,11,13,17,21,32,34,51,53,56" m="20671" machi="56" ten="30,1500,0" yaku="24,1" doraHai="111" who="1" fromWho="3" sc="267,0,294,15,235,0,204,-15" owari="267,6.7,309,40.9,235,-16.5,189,-31.1" /></mjloggm>