<mjloggm ver="2.3"><GO type="225" lobby="0"/><UN n0="%E3%82%BF%E3%83%BC%E3%83%90%E3%83%B3%E9%87%8E%E5%8F%A3" n1="%E3%81%BF%E3%81%BF%E3%81%9A" n2="%47%48%4F%53%54" n3="%E3%80%93%E3%81%97%E3%83%BC%E3%82%89%E3%80%93" dan="16,17,18,16" rate="2108.42,2255.30,2246.15,2071.91" sx="M,M,M,M"/><TAIKYOKU oya="0"/><INIT seed="0,0,0,1,2,77" ten="250,250,250,250" oya="0" hai0="61,48,84,62,55,133,5,98,135,16,119,91,56" hai1="59,11,41,52,0,45,38,31,124,26,112,10,120" hai2="100,86,42,57,69,44,25,87,6,17,74,72,128" hai3="114,88,127,134,117,43,65,63,4,70,105,51,71"/><T82/><D119/><U103/><E120/><V23/><F69/><W93/><G105/><T21/><D5/><U113/><E103/><V92/><F128/><W20/><G117/><T33/><D98/><U28/><E124/><V19/><F6/><W73/><G73/><T80/><D33/><U9/><E0/><V94/><F57/><W115/><G127/><T111/><D111/><U116/><E116/><V15/><F74/><W37/><G71/><T36/><D36/><U101/><E101/><V107/><F72/><W95/><G95/><T132/><REACH who="0" step="1"/><D82/><REACH who="0" ten="240,250,250,250" step="2"/><U99/><E99/><N who="2" m="59495" /><F107/><W110/><G37/><T67/><D67/><U29/><REACH who="1" step="1"/><E26/><AGARI ba="0,1" hai="16,21,26,48,55,56,61,62,80,84,91,132,133,135" machi="26" ten="40,12000,1" yaku="1,1,20,1,52,1,54,1,53,0" doraHai="77" doraHaiUra="34" who="0" fromWho="1" sc="240,130,250,-120,250,0,250,0" /><INIT seed="0,1,0,3,2,108" ten="370,130,250,250" oya="0" hai0="63,79,107,21,23,34,99,89,93,94,104,72,81" hai1="5,123,9,39,68,57,133,64,85,59,76,66,43" hai2="55,14,100,129,127,119,126,124,114,75,35,96,46" hai3="32,28,86,19,111,42,26,109,40,13,2,90,16"/><T61/><D34/><U110/><E123/><V31/><F119/><W12/><G2/><T0/><D0/><U74/><E110/><N who="3" m="41994" /><G12/><T95/><D23/><U27/><E133/><V11/><F129/><W41/><G13/><T135/><D61/><U22/><E85/><V65/><F75/><W116/><G116/><T128/><D21/><U17/><E68/><V58/><F65/><W77/><G77/><T33/><D63/><U132/><E132/><V130/><F46/><W97/><G97/><N who="0" m="57519" /><D33/><U4/><E66/><V106/><F130/><W84/><G84/><T20/><D20/><U112/><E64/><V113/><F31/><W37/><G37/><T125/><D135/><U29/><E29/><V54/><F35/><W121/><G121/><T131/><D125/><U53/><E5/><N who="2" m="3439" /><F55/><W15/><G15/><T120/><D120/><U3/><E53/><V105/><F105/><N who="0" m="40522" /><D128/><U36/><E36/><V98/><F98/><W91/><G91/><N who="0" m="55775" /><D131/><U69/><E69/><V51/><AGARI ba="1,0" hai="51,54,58,96,100,106,113,114,124,126,127" m="3439" machi="51" ten="30,4000,0" yaku="18,1,52,2" doraHai="108" who="2" fromWho="2" sc="370,-21,130,-11,250,43,250,-11" /><INIT seed="1,0,0,1,0,115" ten="349,119,293,239" oya="1" hai0="133,5,8,103,62,71,21,29,27,61,55,12,44" hai1="134,10,34,107,36,30,130,119,105,56,54,22,72" hai2="112,59,99,57,70,47,87,135,35,96,125,120,28" hai3="102,124,0,100,2,6,73,1,14,74,93,91,75"/><U78/><E36/><V43/><F112/><W42/><G124/><T53/><D133/><U9/><E34/><V131/><F120/><W122/><G122/><T63/><D71/><U98/><E119/><V84/><F125/><W7/><G42/><T104/><REACH who="0" step="1"/><D44/><REACH who="0" ten="339,119,293,239" step="2"/><U16/><E134/><V126/><F47/><W101/><REACH who="3" step="1"/><G14/><REACH who="3" ten="339,119,293,229" step="2"/><T113/><D113/><U68/><E130/><V108/><F131/><W46/><G46/><T80/><D80/><U118/><E68/><V116/><F70/><W123/><G123/><T64/><D64/><U17/><E56/><V24/><F59/><W94/><G94/><T79/><D79/><U106/><E78/><V49/><F57/><W90/><G90/><T52/><D52/><U76/><E54/><V37/><F135/><W88/><G88/><T129/><D129/><U33/><E76/><V13/><F13/><W128/><G128/><T51/><D51/><U117/><E106/><V69/><F49/><W31/><G31/><T15/><D15/><U114/><E107/><V77/><F28/><W26/><G26/><T132/><D132/><U60/><E105/><V110/><F24/><W48/><G48/><T32/><D32/><U58/><E114/><V85/><F35/><W18/><G18/><T20/><D20/><U23/><E33/><V95/><F77/><W65/><G65/><T45/><D45/><U97/><E30/><V41/><F95/><W109/><G109/><T121/><D121/><U39/><E58/><V111/><F110/><W4/><G4/><T40/><D40/><U89/><E23/><V92/><F111/><RYUUKYOKU ba="0,2" sc="339,15,119,-15,293,-15,229,15" hai0="5,8,12,21,27,29,53,55,61,62,63,103,104" hai3="0,1,2,6,7,73,74,75,91,93,100,101,102" /><INIT seed="2,1,2,2,4,104" ten="354,104,278,244" oya="2" hai0="95,53,68,47,123,85,56,26,124,100,49,20,14" hai1="114,92,102,5,128,71,91,105,0,90,58,121,103" hai2="94,108,126,21,93,134,98,23,4,77,119,52,97" hai3="39,130,30,15,106,122,79,80,12,65,111,11,131"/><V133/><F119/><W63/><G106/><T67/><D123/><U82/><E71/><V101/><F126/><W61/><G39/><T34/><D34/><U35/><E58/><V76/><F108/><W99/><G122/><T37/><D124/><U6/><E0/><V1/><F1/><W87/><G111/><T113/><D113/><U70/><E70/><V40/><F40/><W127/><G127/><T81/><D14/><U120/><E35/><V55/><REACH who="2" step="1"/><F101/><REACH who="2" ten="354,104,268,244" step="2"/><N who="1" m="38409" /><E105/><V29/><F29/><W112/><G30/><T62/><D100/><U117/><E114/><V17/><F17/><W132/><G112/><T38/><D38/><U18/><E117/><V45/><F45/><W60/><G131/><T46/><D37/><U78/><E120/><V13/><F13/><W86/><G15/><T51/><D46/><U8/><E121/><V110/><F110/><W83/><G130/><T27/><D47/><U107/><E128/><V118/><F118/><W25/><G12/><T115/><D115/><U9/><E107/><V96/><F96/><W22/><G99/><T125/><D125/><U129/><E129/><V36/><F36/><W57/><G11/><N who="1" m="4170" /><E18/><V135/><F135/><W2/><G132/><T3/><D3/><U64/><E5/><AGARI ba="1,3" hai="4,5,21,23,52,55,76,77,93,94,97,98,133,134" machi="5" ten="25,18000,2" yaku="1,1,22,2,54,1,53,2" doraHai="104" doraHaiUra="19" who="2" fromWho="1" sc="354,0,104,-183,268,213,244,0" owari="354,15.4,-79,-57.9,481,58.1,244,-15.6" /></mjloggm>