<mjloggm ver="2.3"><GO type="225" lobby="0"/><UN n0="%E3%81%B2%E3%81%BE%E3%81%A4%E3%81%B6%E3%81%97" n1="%73%6C%69%63%6B%33%31%39" n2="%E3%81%BF%E3%81%BF%E3%81%9A" n3="%E3%81%A9%E3%82%8F%E3%82%93%E3%81%94" dan="16,16,16,16" rate="2195.35,2122.58,2163.96,2077.79" sx="M,M,M,M"/><TAIKYOKU oya="0"/><INIT seed="0,0,0,5,4,87" ten="250,250,250,250" oya="0" hai0="100,35,109,69,134,55,52,29,0,67,85,50,133" hai1="23,121,64,83,7,81,103,62,11,123,72,128,132" hai2="20,113,116,73,3,22,27,24,66,127,120,13,43" hai3="2,59,82,28,79,77,115,51,126,129,54,63,90"/><T48/><D0/><U26/><E128/><V10/><F73/><W46/><G126/><T98/><D35/><U108/><E108/><V101/><F43/><W16/><G115/><T110/><D29/><U124/><E124/><V58/><F127/><W12/><G2/><T94/><D69/><U38/><E38/><V65/><F3/><W30/><G129/><T45/><D85/><U25/><E103/><V91/><F101/><W97/><G79/><T131/><D67/><U96/><E96/><V36/><F36/><W37/><G37/><T74/><D74/><U99/><E99/><V119/><F120/><W93/><G82/><T40/><D40/><U117/><E117/><V31/><F113/><W9/><REACH who="3" step="1"/><G77/><REACH who="3" ten="250,250,250,240" step="2"/><T114/><D114/><U18/><E81/><V33/><F116/><W105/><G105/><T84/><D131/><U89/><E83/><V76/><F76/><W34/><G34/><T106/><D106/><U92/><E72/><V5/><F119/><W135/><G135/><N who="0" m="51723" /><D84/><N who="1" m="52263" /><E132/><V17/><F33/><W14/><G14/><T61/><D61/><U56/><E123/><V88/><F66/><AGARI ba="0,1" hai="9,12,16,28,30,46,51,54,59,63,66,90,93,97" machi="66" ten="30,8000,1" yaku="1,1,7,1,8,1,52,1,54,1,53,0" doraHai="87" doraHaiUra="78" who="3" fromWho="2" sc="250,0,250,0,250,-80,240,90" /><INIT seed="1,0,0,1,2,135" ten="250,250,170,330" oya="1" hai0="76,53,42,31,123,102,17,46,129,94,107,111,32" hai1="41,109,90,16,85,59,56,91,43,126,121,98,116" hai2="1,131,51,7,45,73,63,117,49,84,29,44,34" hai3="21,100,112,87,66,25,125,96,5,119,118,115,86"/><U20/><E121/><V50/><F73/><W62/><G5/><T95/><D123/><U81/><E116/><N who="3" m="44586" /><G125/><T8/><D111/><U133/><E133/><V60/><F117/><W80/><G21/><T75/><D129/><U4/><E109/><V127/><F127/><W6/><G6/><T104/><D53/><U106/><E126/><V92/><F131/><W27/><G27/><T108/><D108/><U122/><E122/><V18/><F1/><W39/><G25/><T2/><D31/><U64/><E4/><V58/><F7/><W12/><G12/><T13/><D32/><U82/><E106/><V71/><F34/><W114/><G39/><T101/><D2/><U38/><E38/><V3/><F3/><W93/><G80/><T47/><D107/><U40/><E64/><N who="2" m="41351" /><F84/><W74/><G74/><T57/><D75/><U14/><REACH who="1" step="1"/><E81/><REACH who="1" ten="250,240,170,330" step="2"/><V35/><F92/><AGARI ba="0,1" hai="14,16,20,40,41,43,56,59,82,85,90,91,92,98" machi="92" ten="40,12000,1" yaku="1,1,2,1,8,1,54,1,53,0" doraHai="135" doraHaiUra="68" who="1" fromWho="2" sc="250,0,240,130,170,-120,330,0" /><INIT seed="1,1,0,3,3,104" ten="250,370,50,330" oya="1" hai0="81,10,67,7,25,58,125,45,17,74,1,20,127" hai1="103,101,33,24,98,85,95,23,62,68,32,6,88" hai2="39,60,109,26,30,108,31,120,118,134,2,37,94" hai3="97,113,41,14,34,0,107,116,57,5,35,83,128"/><U75/><E6/><V27/><F118/><W90/><G113/><T69/><D69/><U42/><E42/><V78/><F120/><W102/><G0/><T71/><D71/><U73/><E101/><V91/><F2/><W64/><G116/><T77/><D67/><U50/><E50/><V115/><F60/><W117/><G117/><T112/><D112/><U76/><E68/><V111/><F115/><W133/><G41/><T51/><REACH who="0" step="1"/><D58/><REACH who="0" ten="240,370,50,330" step="2"/><U93/><E62/><V66/><F66/><W9/><G64/><T28/><D28/><U29/><REACH who="1" step="1"/><E76/><REACH who="1" ten="240,360,50,330" step="2"/><V126/><F78/><W129/><G57/><T53/><AGARI ba="1,2" hai="1,7,10,17,20,25,45,51,53,74,77,81,125,127" machi="53" ten="30,4000,0" yaku="1,1,0,1,52,1,53,0" doraHai="104" doraHaiUra="114" who="0" fromWho="0" sc="240,63,360,-21,50,-11,330,-11" /><INIT seed="2,0,0,1,4,33" ten="303,339,39,319" oya="2" hai0="2,23,34,125,25,46,38,1,99,93,104,94,110" hai1="16,108,122,54,81,129,48,109,70,113,133,82,72" hai2="41,45,127,6,15,7,27,78,121,80,31,134,40" hai3="103,28,62,124,22,131,53,95,4,76,123,135,13"/><V98/><F127/><W114/><G123/><T84/><D125/><U37/><E113/><V97/><F134/><W77/><G124/><T65/><D34/><U120/><E37/><V64/><F121/><N who="1" m="46697" /><E133/><V11/><F64/><W117/><G135/><T128/><D65/><U60/><E129/><V73/><F41/><W50/><G117/><T63/><D128/><U21/><E60/><V101/><F101/><W29/><G62/><T115/><D115/><U107/><E107/><V68/><F68/><W56/><G131/><T88/><D63/><U10/><E10/><V90/><F90/><W69/><G69/><T19/><D104/><U36/><E36/><V14/><F14/><W55/><G55/><T44/><D110/><N who="1" m="42603" /><E72/><V0/><F15/><W3/><G114/><T100/><REACH who="0" step="1"/><D38/><REACH who="0" ten="293,339,39,319" step="2"/><U126/><E126/><V85/><F7/><W83/><G4/><T8/><D8/><U32/><E32/><V67/><F67/><W86/><G22/><T47/><AGARI ba="0,1" hai="1,2,19,23,25,44,46,47,84,88,93,94,99,100" machi="47" ten="30,8000,1" yaku="1,1,0,1,52,2,54,1,53,0" doraHai="33" doraHaiUra="58" who="0" fromWho="0" sc="293,90,339,-20,39,-40,319,-20" owari="383,48.3,319,11.9,-1,-50.1,299,-10.1" /></mjloggm>