<mjloggm ver="2.3"><GO type="225" lobby="0"/><UN n0="%E6%A1%9C%E8%8A%B1%E9%96%83%E3%80%85" n1="%E4%BA%BA%E9%96%93%E3%83%81%E3%83%A3%E3%83%BC%E3%83%8F%E3%83%B3" n2="%E3%81%B5%E3%81%98%E3%81%8B%E3%81%A4" n3="%E9%97%98%E5%B0%86%E3%81%A0%E3%82%93%E3%81%A7%E3%81%83" dan="16,16,17,16" rate="2228.11,2086.67,2177.13,2137.15" sx="M,M,M,M"/><TAIKYOKU oya="0"/><INIT seed="0,0,0,4,5,105" ten="250,250,250,250" oya="0" hai0="123,31,119,61,3,115,14,86,95,33,125,47,2" hai1="4,52,21,70,76,39,99,126,73,113,13,101,62" hai2="81,80,116,67,75,134,11,1,5,91,29,84,120" hai3="15,59,65,19,0,49,27,121,42,93,74,132,38"/><T130/><D119/><U64/><E39/><V46/><F120/><W92/><G0/><T71/><D115/><U25/><E126/><V118/><F134/><W51/><G132/><T20/><D123/><U90/><E113/><V112/><F112/><W45/><G74/><T8/><D125/><U85/><E4/><V104/><F104/><W35/><G121/><T40/><D130/><U88/><E13/><V54/><F67/><W111/><G111/><T77/><D33/><U100/><E52/><V18/><F29/><W87/><G93/><T69/><D20/><U103/><E99/><V127/><F18/><W83/><G92/><T133/><D31/><U60/><E60/><V68/><F68/><W53/><G65/><T55/><D55/><U110/><E110/><V37/><F127/><W98/><G98/><T43/><D43/><U22/><E85/><V36/><F54/><W131/><G131/><T48/><D95/><U108/><E21/><V122/><F122/><W79/><G27/><T63/><D63/><U24/><E24/><V50/><F50/><W12/><G12/><T129/><D129/><U34/><E34/><V96/><F96/><W26/><G26/><T107/><D107/><U135/><E135/><V56/><F56/><W114/><G35/><T72/><D133/><U117/><E117/><N who="2" m="45163" /><F46/><W94/><G114/><T102/><D69/><U17/><REACH who="1" step="1"/><E108/><REACH who="1" ten="250,240,250,250" step="2"/><V57/><F57/><W89/><G38/><T128/><D128/><U30/><E30/><V124/><F124/><W66/><G66/><T58/><D61/><U16/><E16/><V32/><F32/><RYUUKYOKU ba="0,1" sc="250,-15,240,15,250,15,250,-15" hai1="17,22,25,62,64,70,73,76,88,90,100,101,103" hai2="1,5,11,36,37,75,80,81,84,91" /><INIT seed="1,1,1,1,2,91" ten="235,255,265,235" oya="1" hai0="124,7,95,45,118,100,87,85,89,9,50,62,115" hai1="75,74,25,10,129,27,98,127,102,92,117,53,49" hai2="90,17,66,110,13,134,131,107,26,116,105,97,128" hai3="73,18,0,86,56,61,113,120,80,46,42,130,76"/><U109/><E117/><V33/><F116/><W38/><G120/><T63/><D118/><U68/><E68/><V16/><F66/><W6/><G130/><N who="2" m="49705" /><F134/><W60/><G113/><T93/><D124/><U99/><E129/><V101/><F110/><W28/><G28/><T59/><D115/><U24/><E127/><V1/><F1/><W35/><G35/><T132/><D132/><U64/><E109/><V4/><F90/><W22/><G86/><T111/><D111/><U52/><E64/><V55/><F55/><W8/><REACH who="3" step="1"/><G56/><REACH who="3" ten="235,255,265,225" step="2"/><T34/><D34/><U108/><E108/><V15/><F33/><W23/><G23/><T41/><D59/><U5/><E74/><V44/><F44/><W2/><G2/><T135/><D135/><U14/><E75/><V122/><F122/><W65/><G65/><T43/><D87/><U104/><REACH who="1" step="1"/><E49/><REACH who="1" ten="235,245,265,225" step="2"/><V123/><F123/><W20/><G20/><T125/><D125/><U21/><E21/><V82/><F26/><AGARI ba="1,3" hai="0,6,8,18,22,26,38,42,46,60,61,73,76,80" machi="26" ten="30,8000,1" yaku="1,1,7,1,25,2,53,1" doraHai="91" doraHaiUra="12" who="3" fromWho="2" sc="235,0,245,0,265,-83,225,113" /><INIT seed="2,0,0,0,2,73" ten="235,245,182,338" oya="2" hai0="38,106,81,59,7,33,46,25,75,22,121,94,20" hai1="41,29,55,64,80,91,71,6,83,118,117,54,103" hai2="52,104,36,132,125,32,95,97,39,4,119,28,63" hai3="115,76,26,21,60,126,31,65,133,110,135,42,40"/><V74/><F119/><W85/><G110/><T49/><D106/><U131/><E103/><V67/><F125/><W93/><G115/><T101/><D121/><U58/><E41/><V124/><F124/><W72/><G72/><T96/><D38/><U102/><E102/><V122/><F122/><W51/><G51/><T48/><D7/><U18/><E29/><V17/><F132/><N who="3" m="50763" /><G126/><T77/><D33/><U34/><E34/><V90/><F4/><W66/><G66/><T89/><D101/><U79/><E18/><V111/><F111/><W127/><G127/><T68/><D68/><U2/><E64/><V84/><F74/><W86/><G93/><T47/><D59/><U112/><E71/><V8/><F104/><W45/><G76/><T9/><D9/><U70/><E70/><V92/><F32/><W120/><G42/><T0/><D0/><U16/><E2/><V12/><F28/><W43/><G40/><T27/><D20/><U3/><E3/><V23/><F23/><W13/><G13/><T69/><D69/><U98/><E112/><V56/><REACH who="2" step="1"/><F67/><REACH who="2" ten="235,245,172,338" step="2"/><W105/><G105/><T11/><D11/><U128/><E117/><V109/><F109/><W14/><G65/><T30/><REACH who="0" step="1"/><D27/><REACH who="0" ten="225,245,172,338" step="2"/><U107/><E107/><V24/><F24/><W53/><G26/><T99/><D99/><U113/><E98/><V35/><F35/><W61/><G120/><T123/><D123/><U129/><E129/><V62/><F62/><W5/><G60/><T50/><AGARI ba="0,2" hai="22,25,30,46,47,48,49,50,75,77,81,89,94,96" machi="50" ten="30,12000,2" yaku="1,1,0,1,52,1,53,3" doraHai="73" doraHaiUra="44" who="0" fromWho="0" sc="225,140,245,-30,172,-60,338,-30" /><INIT seed="3,0,0,0,5,81" ten="365,215,112,308" oya="3" hai0="95,113,52,27,29,89,12,59,77,65,131,8,21" hai1="121,25,28,57,101,5,97,17,32,30,63,74,66" hai2="94,11,126,104,119,68,14,53,103,112,22,39,84" hai3="135,106,38,118,19,116,117,26,60,111,92,55,49"/><W102/><G135/><T88/><D131/><U23/><E74/><V64/><F112/><W33/><G38/><T18/><D113/><U124/><E124/><V45/><F119/><W1/><G1/><T2/><D2/><U43/><E121/><V6/><F104/><W125/><G106/><T93/><D77/><U76/><E43/><V133/><F126/><W37/><G37/><T70/><D70/><U80/><E5/><V82/><F133/><W100/><G125/><T130/><D65/><U122/><E122/><V90/><F68/><W72/><G72/><T109/><D109/><U58/><E58/><V47/><F64/><W42/><G111/><T96/><D130/><U0/><E0/><V132/><F132/><W86/><G42/><T62/><D95/><U83/><E32/><V51/><F39/><W85/><G60/><T79/><D79/><U44/><E44/><V34/><F34/><W75/><G75/><T35/><D35/><U129/><E129/><V41/><F22/><N who="3" m="13663" /><G33/><T73/><D73/><U98/><E98/><V50/><F103/><AGARI ba="0,0" hai="8,12,18,21,27,29,52,59,62,88,89,93,96,103" machi="103" ten="30,7700,0" yaku="7,1,8,1,54,2" doraHai="81" who="0" fromWho="2" sc="365,77,215,0,112,-77,308,0" owari="442,54.2,215,-18.5,35,-46.5,308,10.8" /></mjloggm>