<mjloggm ver="2.3"><GO type="225" lobby="0"/><UN n0="%E9%A2%A8%E3%81%A7%E9%B3%B4%E3%81%8F" n1="%33%74%72%65%65" n2="%E6%B0%B7%E5%B7%9D%E9%87%8C%E5%A5%88" n3="%E3%81%8B%E3%82%8F%E3%81%A1%E3%82%83%E3%82%93%35%38" dan="16,16,16,16" rate="2148.00,2163.96,2092.58,2142.85" sx="M,F,F,M"/><TAIKYOKU oya="0"/><INIT seed="0,0,0,3,2,81" ten="250,250,250,250" oya="0" hai0="74,77,75,73,100,29,63,111,96,122,68,107,91" hai1="120,32,9,88,113,66,94,106,38,79,60,117,33" hai2="25,82,128,13,11,4,85,1,8,44,7,20,132" hai3="18,86,70,23,76,108,12,114,130,40,116,35,118"/><T19/><D19/><U97/><E117/><V102/><F128/><W78/><G70/><T112/><D112/><U10/><E120/><V133/><F102/><W46/><G114/><T27/><D91/><U95/><E106/><V24/><F44/><W87/><G35/><N who="0" m="20927" /><D122/><U31/><E38/><V53/><F53/><W0/><G0/><T72/><D111/><U22/><E113/><V50/><F50/><W134/><G108/><T115/><D115/><U41/><E41/><V83/><F83/><W119/><G130/><T110/><D110/><U37/><E37/><V42/><F42/><W51/><REACH who="3" step="1"/><G134/><REACH who="3" ten="250,250,250,240" step="2"/><N who="2" m="51817" /><F20/><W6/><G6/><T16/><D16/><U89/><E22/><V3/><F3/><W105/><G105/><T124/><D124/><U101/><E33/><V126/><F126/><W127/><G127/><T28/><D28/><U92/><E31/><V39/><F39/><W59/><G59/><T26/><D26/><U47/><E32/><V21/><F21/><W131/><G131/><T125/><D125/><U57/><E47/><V36/><F36/><W62/><G62/><T48/><D48/><U103/><E9/><V56/><F56/><W109/><G109/><T104/><D104/><U54/><E10/><V99/><F99/><W69/><G69/><T5/><D5/><U14/><E57/><V17/><F7/><W49/><G49/><T121/><D121/><U98/><E60/><V43/><F43/><W93/><G93/><T55/><N who="0" m="18432" /><DORA hai="71" /><T34/><D34/><U2/><E94/><V84/><F82/><W123/><G123/><T30/><D30/><RYUUKYOKU ba="0,1" sc="250,-15,250,-15,250,15,240,15" hai2="1,4,8,11,13,17,24,25,84,85" hai3="12,18,23,40,46,51,76,78,86,87,116,118,119" /><INIT seed="1,1,1,2,0,127" ten="235,235,265,255" oya="1" hai0="66,44,53,96,43,76,52,99,25,71,65,133,46" hai1="81,124,6,29,47,16,109,103,54,28,97,87,100" hai2="34,51,21,41,27,98,120,74,12,26,24,101,10" hai3="62,50,107,105,132,69,20,60,67,36,102,13,123"/><U0/><E124/><V84/><F120/><W82/><G36/><T117/><D117/><U63/><E109/><V77/><F74/><W18/><G123/><T78/><D25/><U31/><E0/><V2/><F2/><W114/><G114/><T56/><D71/><U108/><E6/><V38/><F38/><W48/><G132/><T93/><D133/><U14/><E108/><V4/><F34/><W73/><G62/><T59/><D93/><N who="1" m="58415" /><E103/><V30/><F77/><W86/><G73/><T57/><D57/><N who="1" m="35255" /><E47/><N who="2" m="26095" /><F84/><W129/><G105/><T94/><D94/><U11/><E29/><V85/><F85/><W15/><G102/><T130/><REACH who="0" step="1"/><D43/><REACH who="0" ten="225,235,265,255" step="2"/><U39/><E39/><V90/><F101/><W110/><G110/><T134/><D134/><U37/><E37/><V40/><F40/><W45/><G69/><T35/><D35/><U126/><E126/><V104/><F104/><W70/><G107/><T72/><D72/><U92/><E92/><AGARI ba="1,2" hai="4,10,12,21,24,26,27,30,90,92,98" m="26095" machi="92" ten="30,1000,0" yaku="8,1" doraHai="127" who="2" fromWho="1" sc="225,0,235,-13,265,33,255,0" /><INIT seed="2,0,0,3,5,8" ten="225,222,298,255" oya="2" hai0="128,80,131,51,67,72,4,38,123,106,30,15,101" hai1="43,36,22,122,87,124,110,83,88,105,90,49,40" hai2="114,18,7,78,25,71,125,102,104,73,21,76,97" hai3="130,107,50,94,1,129,9,3,55,135,28,11,69"/><V42/><F114/><W14/><G107/><T34/><D38/><U95/><E105/><V93/><F71/><W24/><G94/><T68/><D51/><U120/><E36/><V26/><F125/><W113/><G69/><T13/><D4/><U91/><E124/><V89/><F7/><N who="3" m="3391" /><G113/><T29/><D123/><N who="1" m="47147" /><E110/><V46/><F25/><W19/><G135/><T112/><D112/><U70/><E70/><V108/><F73/><W86/><G86/><T12/><D80/><U77/><E22/><V5/><F5/><W96/><G96/><N who="0" m="61735" /><D72/><U45/><E40/><V47/><F47/><W62/><G62/><N who="0" m="40055" /><D30/><U98/><AGARI ba="0,0" hai="43,45,49,77,83,87,88,90,91,95,98" m="47147" machi="98" ten="30,2000,0" yaku="13,1,54,1" doraHai="8" who="1" fromWho="1" sc="225,-5,222,20,298,-10,255,-5" /><INIT seed="3,0,0,4,5,111" ten="220,242,288,250" oya="3" hai0="55,125,39,59,107,70,67,31,77,112,93,78,58" hai1="15,121,63,7,1,110,24,13,47,33,72,19,95" hai2="68,134,108,5,76,0,2,21,60,29,124,65,56" hai3="16,66,122,17,41,128,52,82,114,37,91,118,135"/><W27/><G114/><T35/><D107/><U14/><E72/><V105/><F105/><W88/><G118/><T61/><D39/><U26/><E47/><V83/><F108/><W104/><G122/><T133/><D112/><U51/><E51/><V38/><F38/><W9/><G104/><T81/><D125/><U36/><E36/><V20/><F134/><W43/><G37/><T40/><D40/><N who="3" m="15433" /><G128/><T75/><D78/><U98/><E110/><V34/><F124/><W12/><G135/><T132/><D70/><U126/><E126/><V4/><F68/><W46/><G66/><T44/><D44/><U119/><E63/><V28/><F2/><W22/><G82/><T84/><D31/><N who="2" m="11850" /><F0/><W30/><G30/><T64/><D35/><U116/><E33/><V50/><F50/><AGARI ba="0,0" hai="9,12,16,17,22,27,46,50,52,88,91" m="15433" machi="50" ten="30,11600,0" yaku="8,1,54,3" doraHai="111" who="3" fromWho="2" sc="220,0,242,0,288,-116,250,116" owari="220,-18.0,242,4.2,172,-32.8,366,46.6" /></mjloggm>