<mjloggm ver="2.3"><GO type="225" lobby="0"/><UN n0="%72%65%6E%6B%75%6E" n1="%E3%81%B5%E3%81%98%E3%81%8B%E3%81%A4" n2="%E3%81%BE%E3%81%A8%E3%81%9F" n3="%E3%81%BF%E3%81%BF%E3%81%9A" dan="17,16,16,18" rate="2186.56,2188.65,2177.88,2234.60" sx="M,M,M,M"/><TAIKYOKU oya="0"/><INIT seed="0,0,0,2,0,68" ten="250,250,250,250" oya="0" hai0="23,8,2,133,132,53,96,128,28,115,52,60,38" hai1="5,122,121,64,117,108,84,95,135,17,58,59,103" hai2="46,18,1,35,51,100,97,0,118,80,37,27,120" hai3="127,55,40,24,87,131,82,70,20,65,83,105,44"/><T102/><D115/><U57/><E117/><V98/><F120/><W125/><G105/><T50/><D128/><U104/><E5/><V21/><F118/><W73/><G131/><T93/><D38/><U26/><E108/><V6/><F35/><W123/><G123/><T90/><D60/><U61/><E135/><N who="0" m="51785" /><D102/><U30/><E17/><V79/><F6/><W71/><G55/><N who="0" m="21067" /><D50/><U85/><E85/><V15/><F51/><W49/><G73/><T124/><D124/><N who="3" m="47689" /><G65/><T62/><D62/><U77/><E77/><V111/><F100/><W12/><G12/><T10/><D2/><U31/><E31/><V43/><F1/><W113/><G113/><T94/><D93/><U107/><E107/><V25/><F0/><W47/><G47/><T9/><D23/><N who="1" m="15711" /><E104/><V56/><F111/><W78/><G82/><T81/><D28/><AGARI ba="0,0" hai="20,24,28,40,44,49,70,71,78,83,87" m="47689" machi="28" ten="30,1000,0" yaku="18,1" doraHai="68" who="3" fromWho="0" sc="250,-10,250,0,250,0,250,10" /><INIT seed="1,0,0,2,4,123" ten="240,250,250,260" oya="1" hai0="44,39,98,132,82,76,90,94,135,19,92,70,54" hai1="7,20,51,75,99,66,11,115,97,38,124,74,4" hai2="122,43,128,103,59,80,72,81,73,117,10,91,86" hai3="1,47,27,119,37,110,78,18,116,79,121,61,60"/><U69/><E115/><V29/><F117/><N who="3" m="45131" /><G121/><T41/><D70/><U25/><E38/><V100/><F122/><W106/><G1/><T102/><D54/><U49/><E124/><V48/><F29/><W16/><G106/><T14/><D94/><U125/><E125/><V12/><F128/><W71/><G110/><T23/><REACH who="0" step="1"/><D102/><REACH who="0" ten="230,250,250,260" step="2"/><U46/><E69/><V63/><F103/><W88/><G71/><T101/><D101/><U53/><E66/><V55/><F100/><W24/><G60/><T2/><D2/><U118/><E118/><V93/><F93/><W21/><G61/><T111/><D111/><U127/><E127/><V8/><F80/><W67/><G67/><T108/><D108/><U126/><E126/><V17/><F10/><W52/><G52/><T89/><D89/><U129/><E11/><V113/><F113/><W42/><G88/><T112/><D112/><U87/><E129/><V83/><F83/><W131/><G131/><T107/><D107/><U96/><E53/><V130/><F130/><W36/><G79/><T65/><D65/><U62/><E62/><V45/><AGARI ba="0,1" hai="8,12,17,43,45,48,55,59,63,72,73,81,86,91" machi="45" ten="30,1100,0" yaku="0,1" doraHai="123" who="2" fromWho="2" sc="230,-3,250,-5,250,21,260,-3" /><INIT seed="2,0,0,0,0,115" ten="227,245,271,257" oya="2" hai0="61,0,19,6,110,18,7,34,95,78,58,50,43" hai1="35,33,56,36,13,88,48,64,118,20,47,55,111" hai2="84,57,51,128,133,94,121,81,14,86,130,77,41" hai3="40,76,126,52,69,63,10,39,45,106,120,97,42"/><V82/><F121/><W44/><G120/><T116/><D34/><U83/><E118/><V66/><F133/><W68/><G76/><T9/><D110/><U100/><E100/><V75/><F14/><W89/><G10/><T3/><D78/><U46/><E111/><V24/><F24/><W31/><G31/><T109/><D109/><U37/><E35/><V27/><F27/><W54/><G89/><T1/><D95/><U11/><E33/><V53/><F41/><W30/><G30/><T12/><D7/><U65/><E20/><V21/><F21/><W131/><G97/><T117/><D50/><N who="1" m="30839" /><E36/><V16/><F16/><W17/><G17/><T60/><D43/><N who="1" m="24703" /><E46/><V127/><F75/><W67/><G106/><T105/><D105/><U71/><E71/><N who="3" m="27210" /><G131/><T132/><D60/><U107/><E37/><V85/><F128/><W79/><G79/><T134/><D18/><N who="1" m="8511" /><E107/><V80/><F130/><W26/><G26/><T73/><D6/><U87/><AGARI ba="0,0" hai="64,65,83,87,88" m="8511,24703,30839" machi="87" ten="30,2000,0" yaku="8,1,54,1" doraHai="115" who="1" fromWho="1" sc="227,-5,245,20,271,-10,257,-5" /><INIT seed="3,0,0,3,2,108" ten="222,265,261,252" oya="3" hai0="6,36,38,116,64,82,57,69,97,92,74,0,111" hai1="89,88,132,56,44,73,5,60,7,31,37,21,32" hai2="121,52,98,94,110,90,113,80,102,83,28,26,2" hai3="3,23,13,96,43,50,8,112,126,68,115,41,120"/><W19/><G120/><T25/><D69/><U20/><E32/><V14/><F2/><W18/><G68/><T79/><D111/><U85/><E73/><V17/><F113/><W34/><G34/><T71/><D71/><U16/><E37/><V75/><F121/><W67/><G67/><T84/><D116/><U95/><E44/><V46/><F75/><W11/><G96/><T114/><D114/><U22/><E31/><V81/><F102/><W78/><G78/><T128/><D128/><U133/><E89/><V10/><F110/><W117/><G117/><T15/><D0/><U35/><E35/><V124/><F124/><W131/><G126/><T123/><D123/><U45/><E45/><V100/><F100/><W4/><G131/><T72/><D25/><N who="1" m="14471" /><E133/><V87/><F26/><W9/><G43/><T51/><D72/><U127/><E127/><V65/><F28/><W134/><G134/><T55/><D64/><N who="1" m="38919" /><E132/><V39/><F39/><W1/><G50/><T53/><D53/><U118/><E118/><V105/><F105/><W42/><G41/><T91/><REACH who="0" step="1"/><D74/><REACH who="0" ten="212,265,261,252" step="2"/><U106/><E106/><V24/><F52/><W70/><G42/><T104/><D104/><U63/><E63/><V130/><F130/><W109/><G70/><T119/><D119/><U66/><E66/><V99/><F65/><W58/><G109/><T129/><D129/><U101/><E101/><V76/><F46/><W125/><G125/><T122/><D122/><U61/><E61/><V27/><F76/><W77/><G77/><T86/><D86/><U29/><E29/><V59/><F27/><RYUUKYOKU ba="0,1" sc="212,15,265,15,261,-15,252,-15" hai0="6,15,36,38,51,55,57,79,82,84,91,92,97" hai1="5,7,21,22,85,88,95" /><INIT seed="4,1,1,3,1,108" ten="227,280,246,237" oya="0" hai0="29,32,113,49,135,79,1,123,119,12,100,38,65" hai1="39,75,132,37,18,83,115,16,67,15,11,92,35" hai2="26,17,118,56,21,102,111,130,127,80,2,13,20" hai3="58,91,57,9,72,107,23,6,99,63,87,94,84"/><T27/><D119/><U5/><E35/><V126/><F102/><W128/><G72/><T122/><D38/><U81/><E67/><V134/><F80/><W36/><G36/><T55/><D1/><U4/><E92/><V70/><F56/><W61/><G128/><T19/><D135/><U110/><E75/><V76/><F70/><W22/><G107/><T14/><D65/><U0/><E132/><V42/><F42/><W10/><G99/><T89/><D100/><U101/><E101/><V31/><F76/><W86/><G94/><T116/><D116/><U69/><E69/><V133/><F118/><W131/><G131/><T47/><D79/><U59/><E59/><N who="3" m="22538" /><G91/><T51/><D51/><U54/><E110/><V109/><F2/><W45/><G45/><T114/><D89/><U53/><E15/><N who="0" m="5673" /><D19/><U44/><E44/><V125/><F130/><W129/><G6/><T50/><D50/><U117/><E0/><V77/><F77/><W25/><G129/><T105/><D105/><U106/><E117/><V62/><F111/><W120/><G120/><T124/><D124/><U121/><E106/><V34/><F109/><W28/><G23/><N who="2" m="8777" /><F62/><AGARI ba="1,1" hai="9,10,22,25,28,61,62,63,84,86,87" m="22538" machi="62" ten="30,1000,0" yaku="8,1" doraHai="108" who="3" fromWho="2" sc="227,0,280,0,246,-13,237,23" /><INIT seed="5,0,0,4,4,107" ten="227,280,233,260" oya="1" hai0="53,70,105,51,130,68,96,69,40,54,129,60,11" hai1="62,110,90,75,93,4,39,100,25,86,97,43,82" hai2="78,6,3,128,16,1,87,35,65,113,8,9,99" hai3="59,122,121,46,76,61,18,127,115,72,81,12,50"/><U36/><E110/><V17/><F35/><W120/><G115/><T28/><D28/><U34/><E4/><V135/><F135/><W109/><G109/><T33/><D33/><U41/><E62/><V134/><F134/><W30/><G30/><T73/><D73/><U24/><E34/><V71/><F113/><W133/><G133/><T20/><D20/><U111/><E111/><V102/><F65/><W32/><G32/><T26/><D26/><N who="1" m="10347" /><E39/><V47/><F47/><W106/><G127/><T116/><D116/><U5/><E5/><N who="2" m="1071" /><F87/><W79/><G79/><T132/><D132/><U124/><E124/><V15/><F78/><W38/><G106/><T57/><D11/><U56/><E56/><V7/><F71/><W27/><G38/><T31/><D31/><U89/><E36/><V55/><F55/><W52/><G27/><T42/><D96/><U49/><E49/><V29/><F99/><W92/><G92/><T22/><D22/><U101/><E75/><V21/><F102/><AGARI ba="0,0" hai="41,43,82,86,89,90,93,97,100,101,102" m="10347" machi="102" ten="30,1500,0" yaku="8,1" doraHai="107" who="1" fromWho="2" sc="227,0,280,15,233,-15,260,0" /><INIT seed="5,1,0,2,4,82" ten="227,295,218,260" oya="1" hai0="117,78,31,75,123,32,46,74,2,18,116,1,101" hai1="22,88,11,68,127,132,14,86,130,42,23,19,20" hai2="13,64,79,36,35,62,29,33,21,49,94,44,45" hai3="96,71,25,103,28,56,85,106,41,120,63,70,98"/><U109/><E68/><V61/><F36/><W134/><G120/><T80/><D18/><N who="1" m="8543" /><E127/><V66/><F79/><W124/><G124/><T69/><D123/><U72/><E72/><V114/><F13/><W76/><G134/><T129/><D129/><U38/><E130/><V43/><F114/><W118/><G41/><T133/><D133/><U67/><E67/><V53/><F94/><W60/><G98/><T37/><D101/><U73/><E73/><V47/><F21/><N who="1" m="8297" /><E38/><V10/><F29/><W8/><G8/><T113/><D69/><U83/><E109/><V54/><F10/><W16/><G16/><T55/><D74/><U115/><E115/><V87/><F47/><W99/><G118/><N who="0" m="45675" /><D55/><U58/><E42/><V91/><F43/><W111/><G111/><T105/><D105/><U17/><E23/><V110/><F110/><W0/><G0/><T50/><D113/><U57/><E132/><V81/><F35/><N who="3" m="20879" /><G70/><T12/><D12/><U108/><E108/><V65/><REACH who="2" step="1"/><F33/><REACH who="2" ten="227,295,208,260" step="2"/><W119/><G119/><T3/><D37/><U131/><E131/><V92/><F92/><W107/><G107/><T126/><D126/><U30/><E30/><V59/><F59/><AGARI ba="1,1" hai="17,19,57,58,59,83,86,88" m="8297,8543" machi="59" ten="30,5800,0" yaku="8,1,52,1,54,1" doraHai="82" who="1" fromWho="2" sc="227,0,295,71,208,-61,260,0" owari="227,-17.3,366,46.6,147,-35.3,260,6.0" /></mjloggm>