<mjloggm ver="2.3"><GO type="225" lobby="0"/><UN n0="%33%74%72%65%65" n1="%E3%81%BF%E3%81%BF%E3%81%9A" n2="%E3%83%AB%E3%83%9B%E3%83%B3%E3%83%87%E3%82%A3%E3%82%A8" n3="%6D%75%75%6D%75%72%61" dan="17,17,16,16" rate="2228.34,2246.11,2171.80,2125.88" sx="F,M,M,F"/><TAIKYOKU oya="0"/><INIT seed="0,0,0,5,5,99" ten="250,250,250,250" oya="0" hai0="81,64,42,111,94,37,4,116,87,12,117,80,133" hai1="28,0,118,39,93,30,131,86,76,43,44,83,18" hai2="132,74,96,2,32,33,61,52,17,105,65,100,38" hai3="48,19,58,6,13,119,1,73,59,60,127,129,107"/><T84/><D133/><U104/><E104/><V113/><F113/><W68/><G119/><T72/><D72/><U110/><E118/><V101/><F74/><W46/><G129/><T15/><D64/><U92/><E131/><V120/><F120/><W112/><G112/><T11/><D111/><U122/><E122/><V98/><F38/><W128/><G128/><T130/><D130/><U95/><E0/><V41/><F41/><W22/><G127/><T123/><D123/><U20/><REACH who="1" step="1"/><E110/><REACH who="1" ten="250,240,250,250" step="2"/><V16/><F2/><W55/><G107/><T79/><D117/><U57/><E57/><N who="2" m="37039" /><F105/><W102/><G1/><T3/><D116/><U7/><E7/><V78/><F132/><W31/><G6/><T89/><REACH who="0" step="1"/><D94/><REACH who="0" ten="240,240,250,250" step="2"/><U106/><E106/><V88/><F33/><W24/><G68/><T121/><D121/><U50/><E50/><V125/><F32/><W10/><G48/><T135/><D135/><U103/><E103/><V115/><F125/><W114/><G102/><T97/><D97/><U8/><E8/><V36/><F96/><W82/><G10/><T23/><D23/><U49/><E49/><V14/><F98/><W108/><G22/><T56/><D56/><U67/><E67/><V25/><F100/><W70/><G59/><T34/><D34/><U126/><E126/><V90/><F101/><W63/><G58/><T109/><D109/><U62/><E62/><V134/><F134/><W26/><G108/><T45/><AGARI ba="0,2" hai="3,4,11,12,15,37,42,45,79,80,81,84,87,89" machi="45" ten="30,6000,0" yaku="1,1,0,1,53,1" doraHai="99" doraHaiUra="71" who="0" fromWho="0" sc="240,80,240,-20,250,-20,250,-20" /><INIT seed="0,1,0,4,0,29" ten="320,220,230,230" oya="0" hai0="7,86,24,90,83,124,75,4,129,37,53,132,98" hai1="119,8,92,79,123,110,102,122,113,54,87,112,45" hai2="46,25,82,94,99,65,114,43,2,42,17,16,67" hai3="66,31,106,130,73,21,117,115,47,71,64,88,61"/><T125/><D37/><U133/><E8/><V84/><F2/><W104/><G115/><N who="1" m="44106" /><E45/><V80/><F114/><W28/><G117/><T96/><D53/><U63/><E63/><V60/><F25/><W20/><G73/><T10/><D7/><U77/><E54/><V14/><F84/><W91/><G47/><T40/><D40/><N who="2" m="15402" /><F46/><W69/><REACH who="3" step="1"/><G61/><REACH who="3" ten="320,220,230,220" step="2"/><T27/><D75/><U33/><E119/><V93/><F60/><W11/><G11/><T108/><D10/><U12/><E133/><V5/><F65/><W127/><G127/><T19/><D132/><U131/><E123/><V44/><F67/><W30/><G30/><T126/><D125/><U62/><E122/><V118/><F44/><W26/><G26/><T74/><D27/><U55/><E62/><V105/><F118/><W81/><G81/><T95/><D24/><U41/><E41/><V100/><F80/><W59/><G59/><T111/><D83/><U56/><E56/><V121/><F82/><W109/><G109/><T101/><D111/><U116/><E110/><V134/><F121/><W107/><G107/><T128/><D108/><U3/><E116/><V89/><F134/><W13/><G13/><T32/><D126/><U38/><E12/><V15/><F105/><W78/><G78/><T18/><D124/><U23/><E77/><V103/><F14/><W48/><G48/><T52/><D74/><U97/><E79/><V49/><F49/><W76/><G76/><T68/><D129/><AGARI ba="1,1" hai="20,21,28,31,64,66,69,71,88,91,104,106,129,130" machi="129" ten="25,6400,0" yaku="1,1,22,2,54,1,53,0" doraHai="29" doraHaiUra="22" who="3" fromWho="0" sc="320,-67,220,0,230,0,220,77" /><INIT seed="1,0,0,0,0,74" ten="253,220,230,297" oya="1" hai0="85,43,81,120,116,53,100,31,50,73,1,10,44" hai1="79,59,34,134,101,17,41,78,39,45,0,20,16" hai2="26,75,128,125,60,77,55,93,130,113,89,88,112" hai3="107,71,52,132,48,36,108,69,82,54,33,97,6"/><U84/><E34/><V9/><F9/><W63/><G36/><T119/><D120/><U83/><E134/><V124/><F26/><W18/><G108/><T110/><D110/><U90/><E0/><V14/><F14/><W95/><G107/><T76/><D31/><U111/><E111/><V70/><F55/><W25/><G6/><N who="0" m="1359" /><D85/><U40/><E101/><V67/><F75/><W29/><G132/><T4/><D100/><U13/><E40/><V62/><F77/><W23/><G63/><T121/><D4/><U80/><E80/><V46/><F46/><W56/><G54/><T22/><D22/><U64/><REACH who="1" step="1"/><E17/><REACH who="1" ten="253,210,230,297" step="2"/><V127/><F127/><W105/><G82/><T27/><D121/><U65/><E65/><V2/><F2/><W3/><G3/><T109/><D109/><U66/><E66/><V38/><F67/><W115/><G33/><T92/><D43/><U103/><E103/><V47/><F125/><W68/><G18/><T42/><D42/><U12/><E12/><V133/><F124/><W58/><G105/><T19/><D19/><U129/><E129/><V15/><F133/><W28/><G28/><T51/><D81/><U57/><E57/><V114/><F114/><W21/><G115/><T5/><D5/><U98/><E98/><V91/><F15/><W135/><G135/><T123/><D123/><U104/><E104/><V86/><F112/><W102/><G58/><T7/><D7/><U99/><E99/><V106/><F113/><W122/><G122/><T32/><D32/><U131/><E131/><V94/><F128/><W49/><G56/><RYUUKYOKU ba="0,1" sc="253,-10,210,30,230,-10,297,-10" hai1="13,16,20,39,41,45,59,64,78,79,83,84,90" /><INIT seed="1,1,1,1,0,26" ten="243,240,220,287" oya="1" hai0="30,100,45,107,135,109,4,116,47,128,106,50,83" hai1="15,52,102,110,56,34,121,2,76,54,99,114,8" hai2="90,41,72,94,118,11,62,69,46,33,96,123,73" hai3="20,32,17,55,5,27,115,16,104,28,98,14,57"/><U39/><E114/><V120/><F118/><W9/><G115/><T85/><D116/><U129/><E121/><V80/><F33/><W84/><G32/><T93/><D109/><U79/><E2/><V35/><F35/><W92/><G84/><T65/><D135/><U51/><E34/><V71/><F71/><W12/><G12/><T101/><D128/><U75/><E39/><V43/><F43/><W58/><G104/><T24/><D107/><U0/><E0/><V133/><F133/><W7/><G17/><T13/><D65/><U89/><E129/><V132/><F132/><W60/><G57/><T119/><D106/><U36/><E36/><V10/><F62/><W78/><G78/><N who="1" m="29738" /><E75/><V111/><F69/><W82/><G82/><T21/><D119/><U74/><E74/><V44/><F111/><W68/><G68/><T3/><D3/><U113/><E113/><V81/><F41/><W53/><G53/><N who="0" m="29903" /><D93/><N who="1" m="58735" /><E110/><V25/><F94/><W91/><AGARI ba="1,1" hai="5,7,9,14,16,20,27,28,55,58,60,91,92,98" machi="91" ten="20,8000,1" yaku="0,1,7,1,8,1,52,1,54,1" doraHai="26" who="3" fromWho="3" sc="243,-21,240,-41,220,-21,287,93" /><INIT seed="2,0,0,3,2,40" ten="222,199,199,380" oya="2" hai0="42,113,131,99,117,102,76,53,41,62,1,129,3" hai1="15,7,111,59,19,69,24,27,52,45,31,105,60" hai2="30,84,112,39,85,33,94,77,21,9,17,81,119" hai3="96,29,91,65,90,122,35,127,75,88,128,55,18"/><V83/><F112/><W8/><G122/><T97/><D113/><U26/><E111/><V106/><F106/><W2/><G75/><T80/><D117/><U89/><E105/><V32/><F119/><W121/><G121/><T61/><D53/><U58/><E69/><V0/><F39/><W126/><G65/><T46/><D80/><U56/><E7/><V132/><F132/><W16/><G128/><N who="0" m="49227" /><D76/><U74/><E74/><V10/><F94/><N who="3" m="56391" /><G2/><N who="0" m="523" /><D41/><U114/><E114/><V50/><F0/><W72/><G72/><T104/><D99/><U98/><E31/><V87/><F30/><W92/><G91/><T14/><D14/><U78/><E78/><V63/><F63/><W44/><G8/><T110/><D110/><U103/><E103/><V23/><F77/><W123/><G123/><T6/><D6/><U68/><E68/><V82/><F17/><W133/><G29/><T38/><AGARI ba="0,0" hai="38,42,46,61,62,97,102,104" m="523,49227" machi="38" ten="30,2000,0" yaku="19,1,52,1" doraHai="40" who="0" fromWho="0" sc="222,20,199,-5,199,-10,380,-5" /><INIT seed="3,0,0,1,5,83" ten="242,194,189,375" oya="3" hai0="66,33,124,116,1,114,91,29,127,122,32,111,96" hai1="69,0,121,112,79,25,119,78,70,55,120,71,13" hai2="28,9,67,37,110,108,89,88,113,63,132,133,34" hai3="36,99,2,107,54,92,77,7,72,95,126,60,12"/><W62/><G2/><T74/><D111/><N who="2" m="42538" /><F37/><W26/><G107/><T82/><D122/><U93/><E0/><V61/><F113/><W94/><G72/><T52/><D116/><U30/><E121/><V27/><F9/><W104/><G77/><T11/><D11/><U50/><E120/><V56/><F61/><W101/><G62/><T80/><D1/><U53/><E112/><V134/><AGARI ba="0,0" hai="27,28,34,56,63,67,88,89,132,133,134" m="42538" machi="134" ten="40,5200,0" yaku="20,1,14,1,54,1" doraHai="83" who="2" fromWho="2" sc="242,-13,194,-13,189,52,375,-26" owari="229,-17.1,181,-31.9,241,4.1,349,44.9" /></mjloggm>