<mjloggm ver="2.3"><GO type="225" lobby="0"/><UN n0="%E3%81%82%E3%81%B9%E3%81%99%E3%81%91" n1="%E6%B8%A1%E5%A4%A9%E8%97%8D" n2="%E3%81%A8%E3%82%93%E3%81%A8%E3%81%93%E3%81%A8%E3%82%93" n3="%65%6B%61%72%75%74%65" dan="16,16,16,17" rate="2146.50,2116.65,2188.07,2098.29" sx="M,F,F,M"/><TAIKYOKU oya="0"/><INIT seed="0,0,0,5,5,117" ten="250,250,250,250" oya="0" hai0="12,15,32,45,41,21,6,70,55,122,79,105,93" hai1="87,40,128,54,14,50,27,101,37,73,23,58,39" hai2="56,53,24,81,133,125,47,65,104,103,110,38,75" hai3="69,80,29,61,67,100,90,0,109,52,71,33,3"/><T97/><D32/><U99/><E73/><V20/><F65/><W107/><G71/><T4/><D122/><U131/><E14/><V82/><F75/><W62/><G90/><T19/><D105/><U106/><E87/><V94/><F104/><W46/><G80/><T114/><D114/><U102/><E102/><V134/><F47/><W77/><G77/><T129/><D129/><N who="1" m="49739" /><E40/><V11/><F38/><W10/><G10/><T135/><D70/><U91/><E91/><V68/><F68/><W116/><G116/><T119/><D119/><U92/><E106/><V43/><F43/><W42/><G42/><T57/><D79/><U1/><E1/><V120/><F11/><W127/><G127/><T51/><D15/><U130/><N who="1" m="49747" /><U7/><DORA hai="8" /><E7/><V18/><F125/><W98/><G109/><T124/><D124/><U72/><E72/><V28/><F110/><W64/><G64/><T112/><D112/><U78/><E78/><V76/><F76/><W66/><G66/><T63/><REACH who="0" step="1"/><D135/><REACH who="0" ten="240,250,250,250" step="2"/><U74/><E74/><V60/><F133/><W17/><G107/><T22/><D22/><U85/><E85/><V36/><F134/><W2/><G33/><T132/><D132/><U35/><E35/><V86/><F20/><W113/><G113/><T108/><D108/><U30/><AGARI ba="0,1" hai="23,27,30,37,39,50,54,58,92,99,101" m="49747" machi="30" ten="40,1500,0" yaku="19,1" doraHai="117,8" who="1" fromWho="1" sc="240,-7,250,25,250,-4,250,-4" /><INIT seed="1,0,0,3,0,12" ten="233,275,246,246" oya="1" hai0="20,58,23,134,84,37,110,114,132,127,103,85,124" hai1="113,7,79,117,86,43,6,41,130,96,97,80,101" hai2="59,88,8,65,125,90,109,28,68,16,118,50,9" hai3="89,69,3,95,57,78,25,66,92,106,0,45,56"/><U63/><E113/><V39/><F118/><W112/><G112/><T120/><D114/><U126/><E117/><V105/><F39/><W131/><G106/><T17/><D37/><U19/><E130/><V94/><F105/><W29/><G78/><T55/><D110/><U71/><E126/><N who="0" m="48169" /><D103/><U81/><E96/><N who="2" m="57415" /><F68/><W133/><G69/><T51/><D23/><U67/><E80/><V1/><F1/><W70/><G70/><T47/><D47/><U60/><E60/><N who="2" m="38047" /><F28/><W83/><G3/><T108/><D108/><U91/><E79/><V38/><F38/><W73/><G0/><T99/><D99/><U77/><E77/><V22/><F109/><W36/><G73/><T128/><D120/><U119/><E119/><V87/><F50/><W121/><G36/><T93/><D128/><U62/><E62/><V40/><F40/><W11/><G121/><T30/><D30/><U27/><E41/><V42/><F42/><W13/><G29/><T98/><D98/><U44/><E43/><V31/><F31/><W74/><G74/><T21/><D93/><U10/><E81/><N who="2" m="49519" /><F125/><W14/><G83/><T102/><D102/><U82/><E101/><V116/><F116/><W35/><G92/><T61/><D51/><U76/><E82/><V33/><F33/><W18/><G35/><T34/><D34/><U100/><E100/><V75/><F75/><W107/><G107/><T122/><D122/><U72/><E72/><V24/><AGARI ba="0,0" hai="8,9,16,22,24" m="49519,38047,57415" machi="24" ten="30,7900,0" yaku="8,1,52,1,54,2" doraHai="12" who="2" fromWho="2" sc="233,-20,275,-39,246,79,246,-20" /><INIT seed="2,0,0,3,0,74" ten="213,236,325,226" oya="2" hai0="116,120,117,1,102,126,24,55,13,35,100,33,80" hai1="10,133,103,56,110,51,25,83,62,34,64,95,109" hai2="88,15,72,20,44,73,97,106,37,57,113,59,87" hai3="4,46,63,30,70,50,101,43,21,122,52,6,123"/><V128/><F113/><W7/><G101/><T23/><D120/><U49/><E133/><V84/><F128/><W18/><G30/><T0/><D126/><U131/><E131/><V119/><F119/><N who="0" m="45642" /><D55/><U99/><E10/><V42/><F106/><W69/><G43/><T65/><D65/><U129/><E129/><V89/><F97/><W94/><G94/><T9/><D80/><U134/><E134/><V124/><F15/><W98/><G98/><T48/><D48/><U47/><E51/><V107/><F20/><W14/><REACH who="3" step="1"/><G63/><REACH who="3" ten="213,236,325,216" step="2"/><T39/><D102/><U76/><E34/><N who="0" m="12809" /><D100/><U11/><E25/><V81/><F107/><W90/><G90/><T85/><D39/><U16/><E103/><V61/><F61/><W82/><G82/><T27/><D27/><U41/><E99/><V40/><F81/><W17/><G17/><N who="0" m="8367" /><D85/><U121/><E83/><V2/><F37/><W78/><G78/><T75/><D75/><U60/><E76/><V3/><F124/><W36/><G36/><T92/><D92/><U8/><E95/><V31/><F31/><AGARI ba="0,1" hai="0,1,23,24,31" m="8367,12809,45642" machi="31" ten="30,3900,0" yaku="12,1,34,2" doraHai="74" who="0" fromWho="2" sc="213,49,236,0,325,-39,216,0" /><INIT seed="3,0,0,0,3,100" ten="262,236,286,216" oya="3" hai0="51,86,103,75,109,116,135,68,43,108,46,73,121" hai1="17,69,32,9,59,55,47,72,65,28,14,30,130" hai2="89,57,22,118,117,129,48,127,44,45,106,101,37" hai3="107,21,90,94,3,122,16,26,39,125,78,13,60"/><W31/><G122/><T18/><D116/><U87/><E72/><V66/><F127/><W7/><G125/><T131/><D131/><U61/><E130/><V20/><F129/><W70/><G39/><T102/><D68/><U110/><E110/><N who="0" m="42601" /><D135/><U50/><E32/><V134/><F37/><W6/><G78/><T49/><D121/><U5/><E5/><V111/><F89/><W88/><G107/><T124/><D124/><U123/><E123/><V95/><F95/><W79/><G79/><T53/><D86/><U105/><E105/><V119/><F134/><W64/><G3/><T27/><D103/><U80/><REACH who="1" step="1"/><E69/><REACH who="1" ten="262,226,286,216" step="2"/><V38/><F111/><W8/><REACH who="3" step="1"/><G90/><AGARI ba="0,1" hai="9,14,17,28,30,47,50,55,59,61,65,80,87,90" machi="90" ten="30,12000,2" yaku="1,1,2,1,7,1,25,2,8,1,53,0" doraHai="100" doraHaiUra="1" who="1" fromWho="3" sc="262,0,226,130,286,0,216,-120" owari="262,-13.8,356,45.6,286,8.6,96,-40.4" /></mjloggm>