<mjloggm ver="2.3"><GO type="225" lobby="0"/><UN n0="%E3%81%86%E3%81%A9%E3%82%93%E3%81%93" n1="%E5%8F%AF%E5%85%90%E9%82%A3%E7%94%B1%E5%A4%9A" n2="%E3%81%8B%E3%82%8F%E3%81%A1%E3%82%83%E3%82%93%35%38" n3="%E7%99%BD%E9%9B%AA%E4%B9%83%E6%84%9B" dan="16,17,17,16" rate="2187.67,2186.14,2132.57,2056.46" sx="M,F,M,F"/><TAIKYOKU oya="0"/><INIT seed="0,0,0,2,5,26" ten="250,250,250,250" oya="0" hai0="94,33,4,80,38,107,131,19,1,134,3,69,121" hai1="8,2,28,36,92,61,58,130,98,133,113,0,9" hai2="123,105,13,17,67,129,27,35,49,84,29,90,88" hai3="20,106,82,59,50,10,48,7,42,96,41,99,79"/><T116/><RYUUKYOKU type="yao9" ba="0,0" sc="250,0,250,0,250,0,250,0" hai0="1,3,4,19,33,38,69,80,94,107,116,121,131,134" /><INIT seed="0,1,0,0,1,58" ten="250,250,250,250" oya="0" hai0="94,77,99,41,71,21,121,102,22,86,132,6,92" hai1="53,64,28,5,78,32,70,111,8,100,29,60,107" hai2="90,33,74,38,27,0,48,52,87,73,83,125,44" hai3="127,23,34,80,124,61,46,1,89,43,45,85,40"/><T84/><D121/><U68/><E111/><V110/><F110/><W93/><G34/><T36/><D71/><N who="1" m="42375" /><E28/><V108/><F108/><W118/><G1/><T123/><D123/><U7/><E53/><V117/><F125/><N who="3" m="48203" /><G118/><T129/><D129/><U114/><E78/><V20/><F117/><W4/><G4/><T95/><D132/><U120/><E5/><V109/><F109/><W11/><G11/><T17/><D6/><U56/><E56/><V63/><F0/><W88/><G23/><T66/><D66/><U39/><E39/><V96/><F33/><W134/><G134/><T42/><D21/><U128/><E128/><V113/><F113/><W25/><G25/><T133/><D133/><U26/><E114/><V126/><F126/><W31/><G31/><T57/><D57/><U24/><E24/><V16/><F38/><W135/><G135/><T35/><D35/><U122/><E122/><V104/><REACH who="2" step="1"/><F63/><REACH who="2" ten="250,250,240,250" step="2"/><W47/><G61/><T10/><D36/><U130/><E120/><V14/><F14/><W106/><G106/><T98/><D98/><AGARI ba="1,1" hai="40,43,45,46,47,80,85,88,89,93,98" m="48203" machi="98" ten="30,2000,0" yaku="18,1,54,1" doraHai="58" who="3" fromWho="0" sc="250,-23,250,0,240,0,250,33" /><INIT seed="1,0,0,5,4,88" ten="227,250,240,283" oya="1" hai0="85,50,23,96,17,110,109,125,7,122,72,87,119" hai1="102,6,3,47,74,129,115,22,11,34,53,70,49" hai2="80,58,89,52,45,105,9,135,39,28,36,84,21" hai3="12,123,86,90,65,68,83,20,131,117,61,92,40"/><U128/><E115/><V51/><F105/><W112/><G123/><T14/><D119/><U46/><E34/><V101/><F101/><W4/><G112/><T29/><D122/><U75/><E70/><V5/><F135/><W35/><G35/><T132/><D72/><U91/><E102/><V59/><F59/><W106/><G106/><T55/><D132/><U100/><E100/><V67/><F28/><W1/><G131/><N who="1" m="50250" /><E22/><V78/><F21/><W134/><G134/><T16/><D29/><U97/><E47/><V73/><F67/><W94/><G40/><T32/><D32/><U44/><E44/><V118/><F45/><W41/><G41/><T113/><D113/><U81/><E81/><V43/><F43/><W2/><G117/><T116/><D116/><U98/><E98/><V8/><F8/><W76/><G20/><N who="0" m="11287" /><D7/><U82/><E82/><V133/><F133/><W111/><G4/><T95/><D125/><U121/><E121/><V124/><F124/><W31/><G83/><T107/><D107/><U77/><E77/><V37/><F118/><W126/><G76/><T48/><D110/><U57/><E46/><V104/><F104/><W130/><G126/><T127/><D127/><U56/><E56/><V103/><F103/><W69/><G130/><T18/><D109/><U60/><E60/><V30/><F30/><W25/><G111/><T24/><D17/><U0/><E0/><N who="2" m="167" /><F78/><W33/><G69/><T64/><D50/><U66/><E66/><V42/><F42/><W62/><G33/><T26/><D64/><U93/><AGARI ba="0,0" hai="3,6,11,49,53,57,74,75,91,93,97" m="50250" machi="93" ten="30,3000,0" yaku="19,1,52,1" doraHai="88" who="1" fromWho="1" sc="227,-10,250,30,240,-10,283,-10" /><INIT seed="1,1,0,4,4,89" ten="217,280,230,273" oya="1" hai0="30,128,113,104,14,45,35,106,126,13,95,111,11" hai1="24,36,96,109,85,3,130,108,62,70,118,103,60" hai2="4,55,84,42,9,101,112,22,71,74,57,99,87" hai3="91,16,40,6,59,28,82,56,90,29,64,119,39"/><U20/><E118/><V92/><F71/><W76/><G6/><T32/><D113/><U100/><E3/><V63/><F74/><W49/><G119/><T78/><D128/><U26/><E36/><V116/><F116/><W34/><G39/><T88/><D111/><N who="1" m="42571" /><E130/><V41/><F112/><W105/><G105/><T124/><D78/><U80/><E70/><V33/><F33/><N who="0" m="12874" /><D30/><N who="3" m="11881" /><G34/><T86/><D45/><U5/><E5/><V98/><F22/><W94/><G90/><T38/><D38/><U120/><E120/><V27/><F27/><N who="1" m="10281" /><E20/><V19/><F19/><W53/><G40/><T37/><D37/><U46/><E46/><V129/><F129/><W1/><G1/><T67/><D67/><U44/><E44/><V132/><F132/><W18/><G64/><T50/><D50/><U17/><E17/><V65/><F65/><W73/><G73/><T58/><D58/><U134/><E134/><V15/><REACH who="2" step="1"/><F98/><REACH who="2" ten="217,280,220,273" step="2"/><W12/><G18/><N who="0" m="8511" /><D14/><U102/><E96/><V48/><F48/><W23/><G49/><T7/><D7/><U122/><E122/><V83/><F83/><W79/><G82/><T127/><AGARI ba="1,1" hai="86,88,95,104,106,124,126,127" m="8511,12874" machi="127" ten="40,5200,0" yaku="18,1,52,1,54,1" doraHai="89" who="0" fromWho="0" sc="217,65,280,-27,220,-14,273,-14" /><INIT seed="2,0,0,0,0,122" ten="282,253,206,259" oya="2" hai0="43,80,128,61,81,41,64,8,113,36,87,0,127" hai1="115,66,55,4,22,33,131,76,35,73,99,45,59" hai2="27,132,92,51,98,68,109,121,28,57,126,52,105" hai3="44,7,39,12,86,48,37,118,40,53,67,70,85"/><V116/><F121/><W130/><G118/><T15/><D113/><U17/><E115/><V82/><F116/><W96/><G130/><T25/><D0/><U54/><E4/><V5/><F132/><W124/><G124/><T101/><D128/><U123/><E131/><V3/><F126/><W95/><G37/><T19/><D127/><U31/><E123/><V129/><F129/><W24/><G24/><T63/><D101/><U38/><E31/><V72/><F68/><W112/><G112/><T29/><D80/><U62/><E73/><V103/><F109/><W77/><G77/><T104/><D104/><U49/><E76/><V75/><F82/><W34/><G34/><T69/><D63/><U114/><E114/><V11/><REACH who="2" step="1"/><F105/><REACH who="2" ten="282,253,196,259" step="2"/><W120/><G120/><T13/><D81/><U71/><E99/><V84/><F84/><W65/><G70/><T111/><D87/><U135/><E135/><V117/><F117/><W83/><G85/><T23/><D111/><U106/><E106/><V133/><F133/><W134/><G134/><T93/><D93/><U14/><REACH who="1" step="1"/><E38/><REACH who="1" ten="282,243,196,259" step="2"/><V110/><F110/><W16/><G39/><T20/><D36/><U100/><E100/><V2/><F2/><W94/><G86/><T32/><D32/><AGARI ba="0,2" hai="3,5,11,27,28,32,51,52,57,72,75,92,98,103" machi="32" ten="30,11600,0" yaku="1,1,7,1,54,1,53,1" doraHai="122" doraHaiUra="30" who="2" fromWho="0" sc="282,-116,243,0,196,136,259,0" /><INIT seed="2,1,0,2,3,32" ten="166,243,332,259" oya="2" hai0="122,108,109,51,42,4,62,68,33,102,63,83,5" hai1="6,1,26,71,55,45,133,46,47,35,134,88,87" hai2="78,25,22,92,50,131,65,23,79,107,54,56,125" hai3="13,135,49,57,91,24,73,110,121,120,18,36,75"/><V34/><F107/><W82/><G36/><T118/><D122/><U60/><E35/><V21/><F131/><W52/><G24/><T9/><D33/><U80/><E26/><V58/><F125/><W97/><G110/><T8/><D102/><U12/><E12/><V29/><F65/><W14/><G135/><N who="1" m="51722" /><E71/><V76/><REACH who="2" step="1"/><F92/><REACH who="2" ten="166,243,322,259" step="2"/><W123/><G123/><T59/><D118/><U43/><E43/><V31/><F31/><W124/><G124/><T15/><D42/><U40/><E40/><V19/><F19/><W114/><G18/><T116/><D116/><U127/><E127/><V53/><F53/><W77/><G52/><T3/><D68/><U44/><N who="1" m="11264" /><DORA hai="0" /><U103/><E55/><V101/><F101/><W61/><G120/><T30/><D30/><U16/><E103/><V66/><F66/><W119/><G121/><T67/><D51/><U10/><E16/><V38/><F38/><W2/><G49/><T100/><D100/><U128/><E128/><V86/><F86/><W89/><G119/><T113/><D113/><U117/><E117/><V48/><F48/><W84/><G84/><T94/><D94/><U111/><E111/><N who="0" m="42569" /><D62/><AGARI ba="1,1" hai="1,6,10,60,62,80,87,88" m="11264,51722" machi="62" ten="50,8000,1" yaku="20,1,52,2,54,1" doraHai="32,0" who="1" fromWho="0" sc="166,-83,243,93,322,0,259,0" /><INIT seed="3,0,0,1,3,64" ten="83,336,322,259" oya="3" hai0="86,95,14,12,92,16,130,72,90,45,71,87,132" hai1="69,96,76,46,109,26,103,36,78,115,110,118,107" hai2="55,104,88,9,125,8,81,91,85,29,32,54,27" hai3="93,59,6,102,22,106,49,4,117,25,20,83,94"/><W66/><G117/><T50/><D72/><U57/><E115/><V5/><F104/><W112/><G112/><T7/><D130/><U1/><E69/><V3/><F125/><W18/><G106/><T21/><D132/><U67/><E1/><V114/><F114/><W70/><G70/><T63/><D7/><U123/><E123/><V62/><F62/><W74/><G74/><T122/><D122/><U28/><E118/><V58/><F58/><W42/><G83/><T13/><D71/><U61/><E46/><V40/><F40/><W89/><G102/><T24/><D63/><U35/><REACH who="1" step="1"/><E36/><REACH who="1" ten="83,326,322,259" step="2"/><V126/><F126/><W23/><G94/><T33/><D33/><U119/><E119/><V77/><REACH who="2" step="1"/><F9/><REACH who="2" ten="83,326,312,259" step="2"/><W108/><G108/><AGARI ba="0,2" hai="26,28,35,57,61,67,76,78,96,103,107,108,109,110" machi="108" ten="40,2600,0" yaku="1,1,14,1,53,0" doraHai="64" doraHaiUra="105" who="1" fromWho="3" sc="83,0,326,46,312,0,259,-26" owari="83,-41.7,372,47.2,312,11.2,233,-16.7" /></mjloggm>