<mjloggm ver="2.3"><GO type="225" lobby="0"/><UN n0="%E6%97%A5%E6%9B%9C%E6%97%A5%E3%82%88%E3%82%8A%E3%81%AE%E4%BD%BF%E8%80%85" n1="%72%69%6F%75%63%68%61%6E" n2="%E3%83%A9%E3%83%BC%E3%83%A1%E3%83%B3%E4%BA%94%E9%83%8E" n3="%E8%81%B7%E6%A5%AD%E3%80%81%E9%A2%A8%32" dan="17,17,16,16" rate="2199.33,2234.08,2118.62,2089.77" sx="M,M,M,M"/><TAIKYOKU oya="0"/><INIT seed="0,0,0,5,1,69" ten="250,250,250,250" oya="0" hai0="75,112,1,129,116,23,3,100,50,66,134,8,84" hai1="82,73,4,49,94,88,71,110,96,119,91,17,81" hai2="13,45,54,25,36,131,122,9,53,111,115,114,108" hai3="26,77,72,0,16,30,62,48,98,135,6,46,121"/><T43/><D75/><U117/><E71/><V29/><F122/><W11/><G135/><T35/><D35/><U57/><E4/><V130/><F36/><W123/><G62/><T99/><D112/><N who="2" m="43050" /><F45/><W106/><G106/><T47/><D116/><N who="1" m="44619" /><E17/><N who="2" m="8367" /><F53/><W28/><G98/><T41/><D134/><U103/><E49/><V40/><F54/><W125/><G125/><T97/><D66/><U10/><E10/><V18/><F18/><W104/><G104/><T132/><D132/><U51/><E57/><V92/><F92/><W87/><G72/><T31/><D43/><U59/><E59/><V55/><F55/><W128/><G46/><T101/><D8/><U33/><E33/><N who="2" m="20655" /><F40/><W126/><G48/><T58/><D41/><U38/><E38/><V78/><F78/><W52/><G77/><T34/><D58/><U107/><E51/><V80/><F80/><N who="1" m="30825" /><E73/><V42/><F42/><W39/><G39/><T105/><D50/><U56/><E56/><V21/><F21/><W133/><G52/><T113/><D23/><U76/><E76/><V68/><F68/><W86/><G133/><T32/><D32/><U79/><E79/><V90/><F90/><N who="1" m="34345" /><E107/><V93/><F93/><W37/><G37/><T7/><D34/><U74/><E74/><V118/><F118/><W85/><G16/><T124/><D105/><U102/><E103/><V60/><F60/><W5/><G123/><T67/><D47/><U70/><E70/><V89/><F89/><W20/><G121/><T109/><D101/><U15/><E15/><V64/><F64/><W83/><G20/><T24/><D113/><RYUUKYOKU ba="0,0" sc="250,-15,250,15,250,15,250,-15" hai1="94,96,102,110" hai2="108,111,130,131" /><INIT seed="1,1,0,3,0,3" ten="235,265,265,235" oya="1" hai0="66,63,133,77,16,50,22,11,41,57,125,44,7" hai1="81,65,35,13,1,42,124,83,60,19,93,101,26" hai2="88,117,78,92,30,98,53,106,21,38,32,51,132" hai3="48,118,111,75,100,102,4,34,55,72,84,86,135"/><U59/><E124/><V134/><F117/><W76/><G34/><T123/><D125/><U119/><E119/><V112/><F112/><W61/><G61/><T99/><D133/><N who="2" m="51306" /><F38/><W39/><G39/><T108/><D108/><U45/><E1/><V85/><F32/><W24/><G111/><T96/><D77/><U28/><E101/><N who="2" m="62775" /><F78/><W40/><G118/><T9/><D123/><U14/><E93/><V64/><F64/><W27/><G76/><T103/><D103/><U90/><E90/><V73/><F73/><W43/><G135/><T97/><REACH who="0" step="1"/><D7/><REACH who="0" ten="225,265,265,235" step="2"/><U113/><E113/><V129/><F129/><W18/><G4/><T62/><D62/><U29/><E29/><V54/><F51/><W94/><G48/><T80/><D80/><U15/><REACH who="1" step="1"/><E19/><REACH who="1" ten="225,255,265,235" step="2"/><V67/><F30/><W0/><G18/><T89/><D89/><U17/><E17/><V127/><F127/><W70/><G100/><T56/><D56/><U71/><E71/><V74/><F88/><W5/><G70/><T110/><D110/><U25/><E25/><AGARI ba="1,2" hai="9,11,16,22,25,41,44,50,57,63,66,96,97,99" machi="25" ten="40,8000,1" yaku="1,1,8,1,54,1,53,1" doraHai="3" doraHaiUra="23" who="0" fromWho="1" sc="225,103,255,-83,265,0,235,0" /><INIT seed="2,0,0,0,1,26" ten="328,172,265,235" oya="2" hai0="48,127,54,125,15,67,36,92,38,51,71,76,110" hai1="82,33,91,112,43,65,133,107,20,79,1,5,23" hai2="63,19,7,44,123,106,126,52,66,121,122,120,88" hai3="117,119,77,25,99,49,6,21,29,103,114,42,72"/><V62/><F106/><W30/><G114/><T80/><D92/><U116/><E112/><V98/><F126/><N who="0" m="48138" /><D15/><U108/><E116/><V101/><F7/><W39/><G39/><N who="0" m="14891" /><D110/><U113/><E133/><V73/><F73/><W111/><G111/><T104/><D104/><U46/><E113/><V95/><F123/><W57/><G6/><T69/><D67/><U60/><E108/><V94/><F19/><W105/><G117/><T14/><D14/><U12/><E107/><V59/><F121/><W2/><G2/><T102/><D102/><U40/><E1/><V83/><F83/><W32/><G119/><T8/><D8/><U100/><E100/><V31/><F31/><W4/><G4/><T22/><D22/><U11/><E33/><V17/><F17/><W118/><G118/><T74/><D51/><U24/><E91/><V0/><F0/><W45/><G32/><T85/><D85/><N who="1" m="48351" /><E20/><V75/><F75/><W128/><G72/><T89/><D89/><U134/><E134/><V70/><REACH who="2" step="1"/><F44/><AGARI ba="0,0" hai="44,48,54,69,71,74,76,80" m="14891,48138" machi="44" ten="30,1000,0" yaku="18,1" doraHai="26" who="0" fromWho="2" sc="328,10,172,0,265,-10,235,0" /><INIT seed="3,0,0,4,2,62" ten="338,172,255,235" oya="3" hai0="14,91,8,128,116,67,110,19,65,51,61,102,38" hai1="69,82,1,63,126,87,34,16,135,13,103,64,100" hai2="107,101,54,81,104,9,122,115,83,17,5,78,48" hai3="7,111,99,80,112,43,68,24,31,88,89,127,49"/><W32/><G112/><T133/><D38/><U18/><E1/><V96/><F115/><W10/><G68/><T84/><D116/><U117/><E34/><V108/><F108/><W77/><G127/><T106/><D110/><U52/><E126/><V46/><F17/><W22/><G32/><T74/><D74/><U119/><E135/><V98/><F122/><W23/><G22/><T123/><D123/><U25/><E25/><V94/><F96/><W4/><G99/><T113/><D113/><U93/><E18/><V92/><F107/><W58/><G7/><T86/><D102/><U71/><E69/><V50/><F48/><W20/><G20/><T132/><D106/><U29/><E29/><V6/><F83/><W109/><G111/><T0/><D0/><U44/><E93/><V129/><F129/><W35/><G35/><T85/><D128/><U121/><E121/><V131/><F5/><W45/><G58/><N who="0" m="37047" /><D67/><U76/><E103/><V59/><F46/><W90/><G109/><T41/><D41/><U55/><E100/><V39/><F39/><W47/><G47/><T28/><D51/><U60/><E60/><V42/><F42/><W30/><G30/><T26/><D28/><U97/><E97/><V15/><F131/><W57/><G57/><T70/><D26/><U27/><E27/><V21/><F21/><W73/><REACH who="3" step="1"/><G90/><REACH who="3" ten="338,172,255,225" step="2"/><T3/><D70/><U75/><E44/><V130/><F130/><W95/><G95/><N who="0" m="54759" /><D3/><AGARI ba="0,1" hai="3,4,10,23,24,31,43,45,49,73,77,80,88,89" machi="3" ten="30,11600,0" yaku="1,1,7,1,54,1,53,1" doraHai="62" doraHaiUra="36" who="3" fromWho="0" sc="338,-116,172,0,255,0,225,126" owari="222,-17.8,172,-32.8,255,5.5,351,45.1" /></mjloggm>