<mjloggm ver="2.3"><GO type="225" lobby="0"/><UN n0="%E3%81%A1%E3%82%85%E3%81%86%E3%81%A9%E3%81%8F%E8%B1%A1%E3%81%95%E3%82%93" n1="%70%68%65%6E%6F%6D%65" n2="%E6%B5%81%E3%82%8C%EF%BC%9F%53%4F%41" n3="%E7%89%B9%E6%9D%B1%E3%81%AF%E4%B8%96%E7%95%8C%E3%82%92%E6%95%91%E3%81%86" dan="17,17,16,16" rate="2258.04,2174.71,2105.02,2135.52" sx="M,M,M,M"/><TAIKYOKU oya="0"/><INIT seed="0,0,0,3,3,135" ten="250,250,250,250" oya="0" hai0="71,1,51,26,73,7,15,65,116,33,39,56,24" hai1="96,93,101,63,102,31,80,13,60,113,44,58,52" hai2="30,124,14,57,18,105,95,41,86,32,21,35,131" hai3="50,90,68,38,98,25,62,103,29,59,110,69,91"/><T48/><D116/><U128/><E128/><V121/><F121/><W42/><G38/><T8/><D39/><U132/><E132/><V92/><F105/><W72/><G72/><T19/><D73/><U43/><E113/><V10/><F41/><W106/><G110/><T84/><D71/><U104/><E31/><V27/><F131/><W127/><G127/><T88/><D33/><U118/><E118/><V133/><F133/><W2/><G2/><T78/><D78/><U99/><E80/><V120/><F120/><W11/><G11/><T36/><D36/><U114/><E114/><V107/><F107/><W87/><G50/><T67/><D51/><U130/><E130/><V74/><F74/><W94/><G91/><T97/><D97/><U6/><E60/><V37/><F37/><W82/><G42/><T100/><D100/><U49/><REACH who="1" step="1"/><E13/><REACH who="1" ten="250,240,250,250" step="2"/><V17/><F32/><W77/><G82/><T75/><D15/><U45/><E45/><V28/><F28/><W64/><G77/><T125/><D1/><U61/><E61/><V134/><F35/><AGARI ba="0,1" hai="25,29,35,59,62,64,68,69,87,90,94,98,103,106" machi="35" ten="30,1000,0" yaku="7,1" doraHai="135" who="3" fromWho="2" sc="250,0,240,0,250,-10,250,20" /><INIT seed="1,0,0,0,2,98" ten="250,240,240,270" oya="1" hai0="72,68,40,126,121,125,44,76,109,104,11,120,115" hai1="92,35,45,30,24,127,46,32,34,86,73,93,5" hai2="85,52,124,51,82,88,36,133,78,39,71,0,91" hai3="112,17,101,77,60,69,83,54,53,18,61,23,67"/><U114/><E114/><V12/><F0/><W94/><G112/><T87/><D68/><U29/><E73/><V102/><F71/><W106/><G106/><T22/><D72/><U129/><E5/><V70/><F70/><W7/><G7/><T132/><D115/><U13/><E13/><V99/><F124/><N who="0" m="47722" /><D104/><U79/><E127/><V15/><F39/><W75/><G61/><T74/><D74/><U117/><E117/><V97/><F36/><W130/><G130/><T42/><D109/><U111/><E129/><V80/><F133/><W134/><G134/><T48/><D132/><U43/><E111/><V41/><F41/><W110/><G17/><T66/><D66/><U118/><E118/><V108/><F91/><W96/><REACH who="3" step="1"/><G110/><REACH who="3" ten="250,240,240,260" step="2"/><T1/><D121/><U47/><E43/><V57/><F108/><W113/><G113/><T64/><D120/><U81/><REACH who="1" step="1"/><E30/><REACH who="1" ten="250,230,240,260" step="2"/><V16/><F12/><AGARI ba="0,2" hai="12,18,23,53,54,60,67,69,75,77,83,94,96,101" machi="12" ten="30,3900,0" yaku="1,1,7,1,52,1,53,0" doraHai="98" doraHaiUra="26" who="3" fromWho="2" sc="250,0,230,0,240,-39,260,59" /><INIT seed="2,0,0,0,3,67" ten="250,230,201,319" oya="2" hai0="54,122,15,127,12,74,27,90,18,13,11,23,9" hai1="63,119,28,121,38,51,53,120,117,93,45,101,135" hai2="87,79,43,132,26,70,131,105,5,97,75,66,114" hai3="1,46,24,128,50,52,95,40,73,55,39,102,19"/><V62/><F114/><W42/><G1/><T86/><D122/><N who="1" m="47211" /><E28/><V22/><F131/><W35/><G73/><T48/><D74/><U8/><E8/><V103/><F132/><W17/><G128/><T84/><D127/><U100/><E135/><V34/><F43/><W98/><G42/><T85/><REACH who="0" step="1"/><D90/><REACH who="0" ten="240,230,201,319" step="2"/><U31/><E117/><V104/><F75/><W58/><G55/><T80/><D80/><U124/><E119/><V113/><F113/><W61/><G39/><T130/><D130/><U116/><E124/><V4/><F104/><W69/><G52/><T133/><D133/><U126/><E126/><V108/><F108/><W109/><G109/><T60/><D60/><U71/><E116/><V76/><F76/><W30/><G61/><T99/><D99/><U20/><E38/><V68/><F68/><W77/><G98/><T111/><D111/><U10/><E93/><V89/><F79/><W47/><G95/><T83/><D83/><U129/><E129/><V107/><F107/><W2/><G77/><T92/><D92/><U59/><E71/><V16/><F34/><W56/><G35/><T134/><D134/><U29/><E63/><V0/><F0/><W57/><G2/><T96/><D96/><U44/><E53/><V82/><AGARI ba="0,1" hai="4,5,16,22,26,62,66,70,82,87,89,97,103,105" machi="82" ten="20,7800,0" yaku="0,1,7,1,52,1,54,1" doraHai="67" who="2" fromWho="2" sc="240,-26,230,-26,201,88,319,-26" /><INIT seed="2,1,0,3,4,84" ten="214,204,289,293" oya="2" hai0="119,11,24,67,49,30,111,74,22,29,98,87,132" hai1="79,110,122,89,17,28,35,134,93,13,116,50,104" hai2="115,77,54,101,44,21,81,126,38,121,57,86,55" hai3="125,94,32,9,33,56,34,102,1,129,46,3,0"/><V40/><F115/><W80/><G129/><T19/><D74/><U2/><E116/><V69/><F121/><W8/><G125/><T92/><D111/><U7/><E110/><V18/><F69/><W127/><G127/><T42/><D119/><U117/><E117/><V96/><F126/><W112/><G112/><T114/><D114/><U62/><E104/><V27/><REACH who="2" step="1"/><F57/><REACH who="2" ten="214,204,279,293" step="2"/><W64/><G56/><T61/><D132/><U59/><E122/><V131/><F131/><W71/><G71/><T90/><D42/><U73/><E134/><V85/><F85/><W12/><G3/><T43/><D87/><U58/><E73/><V65/><F65/><W107/><G64/><T6/><D43/><U118/><E118/><V128/><F128/><W70/><G70/><T39/><D67/><U45/><E59/><V113/><F113/><W14/><G1/><T4/><D39/><U103/><E2/><V75/><F75/><W109/><G0/><T95/><D61/><U36/><E36/><V135/><F135/><W25/><G109/><T51/><D51/><U52/><E62/><V108/><F108/><W82/><G34/><T31/><D49/><U37/><E37/><V100/><F100/><W68/><G68/><T10/><REACH who="0" step="1"/><D92/><AGARI ba="1,1" hai="18,21,27,38,40,44,54,55,77,81,86,92,96,101" machi="92" ten="30,2900,0" yaku="1,1,7,1,53,0" doraHai="84" doraHaiUra="53" who="2" fromWho="0" sc="214,-32,204,0,279,42,293,0" /><INIT seed="2,2,0,4,5,67" ten="182,204,321,293" oya="2" hai0="8,100,126,1,87,119,93,23,32,112,40,120,127" hai1="62,50,91,3,130,71,95,61,17,110,44,10,86" hai2="0,103,73,101,105,84,57,125,55,20,11,113,102" hai3="79,45,129,29,53,34,109,90,77,56,30,117,134"/><V83/><F73/><W28/><G117/><T123/><D32/><U114/><E114/><V48/><F113/><W58/><G34/><T46/><D112/><U43/><E110/><V132/><F132/><W14/><G109/><T60/><D119/><U6/><E130/><V107/><F125/><N who="0" m="47626" /><D23/><U97/><E71/><V69/><F69/><W13/><G129/><T51/><D60/><U5/><E5/><V72/><F72/><W121/><G121/><N who="0" m="46667" /><D100/><U131/><E131/><V76/><F0/><W135/><G45/><T49/><D1/><U41/><E41/><V54/><F11/><W36/><G36/><N who="0" m="21767" /><D8/><U92/><E17/><V24/><REACH who="2" step="1"/><F54/><REACH who="2" ten="182,204,311,293" step="2"/><W122/><G122/><T47/><D47/><U124/><E124/><V66/><F66/><W18/><G53/><T80/><D93/><U12/><REACH who="1" step="1"/><E3/><REACH who="1" ten="182,194,311,293" step="2"/><V15/><F15/><W35/><G14/><T42/><D42/><U9/><E9/><V22/><F22/><W96/><G35/><T115/><D115/><U52/><E52/><V64/><F64/><W68/><G68/><T99/><D99/><U59/><E59/><V104/><F104/><W21/><G134/><T85/><D85/><U78/><E78/><AGARI ba="2,2" hai="49,51,78,80,87" m="21767,46667,47626" machi="78" ten="30,1000,0" yaku="18,1" doraHai="67" who="0" fromWho="1" sc="182,36,194,-16,311,0,293,0" /><INIT seed="3,0,0,3,3,113" ten="218,178,311,293" oya="3" hai0="13,105,114,80,45,69,70,94,30,11,91,26,112" hai1="25,46,52,24,75,47,92,90,21,104,7,23,111" hai2="62,79,51,64,14,97,61,3,121,93,122,134,96" hai3="129,71,32,95,120,57,50,78,86,4,0,35,103"/><W10/><G120/><N who="2" m="46185" /><F3/><W108/><G71/><T36/><D105/><U63/><E104/><V73/><F134/><W58/><G129/><T109/><D109/><U40/><E75/><V19/><F51/><W83/><G108/><T28/><D80/><U98/><E111/><V132/><F132/><W74/><G86/><N who="0" m="52599" /><D45/><U16/><E7/><V116/><F116/><W100/><G100/><T102/><D36/><U15/><E23/><N who="2" m="11767" /><F93/><W12/><G0/><T119/><D119/><U60/><E47/><V9/><F9/><W128/><G128/><T84/><D84/><U49/><E40/><V39/><F39/><W22/><G22/><N who="0" m="15447" /><D30/><U59/><E46/><V2/><F2/><W87/><G74/><T125/><D125/><U20/><E25/><V118/><F118/><W1/><G1/><T123/><D102/><U8/><E8/><V127/><F127/><W124/><G124/><T117/><D117/><U48/><E48/><V6/><F6/><W17/><G4/><N who="0" m="3303" /><D123/><U56/><E56/><N who="2" m="36903" /><F62/><W106/><G106/><T76/><D76/><U115/><E115/><AGARI ba="0,0" hai="69,70,112,114,115" m="3303,15447,52599" machi="115" ten="30,1000,0" yaku="11,1" doraHai="113" who="0" fromWho="1" sc="218,10,178,-10,311,0,293,0" owari="228,-17.2,168,-33.2,311,41.1,293,9.3" /></mjloggm>