<mjloggm ver="2.3"><GO type="225" lobby="0"/><UN n0="%E3%81%95%E3%81%8D%E3%81%9F%E3%81%BE%E6%9E%97%E6%AA%8E" n1="%77%72%77%72%77%72%77%72" n2="%E3%83%B4%E3%82%A3%E3%83%AF%E3%82%B3%E3%82%B0%E3%83%8B" n3="%E6%9D%B1%E9%A2%A8%E3%81%AE%E3%81%8D%E3%82%83%E3%81%B7%E3%81%95%E3%82%93" dan="16,17,16,17" rate="2057.54,2216.90,2187.91,2222.83" sx="M,M,M,M"/><TAIKYOKU oya="0"/><INIT seed="0,0,0,0,5,128" ten="250,250,250,250" oya="0" hai0="29,11,3,73,102,64,51,74,124,134,71,41,31" hai1="21,110,80,131,61,47,88,105,14,40,37,118,132" hai2="38,30,9,109,120,78,96,63,133,36,130,24,135" hai3="75,27,34,43,28,19,112,70,48,22,117,58,123"/><T1/><D102/><U106/><E118/><V55/><F120/><W33/><G75/><N who="0" m="28683" /><D41/><U10/><E131/><V127/><F109/><W13/><G70/><T87/><D87/><U69/><E110/><V86/><F130/><W16/><G117/><T68/><D51/><U85/><E21/><V2/><F127/><W44/><G123/><T76/><D76/><U101/><E101/><V93/><F9/><W4/><G112/><T8/><D64/><U77/><E132/><N who="2" m="50763" /><F2/><N who="0" m="522" /><D124/><U98/><E98/><V49/><F63/><W111/><G111/><T67/><D67/><U56/><E69/><N who="0" m="26697" /><D134/><U20/><E20/><N who="2" m="15623" /><F78/><W35/><REACH who="3" step="1"/><G58/><REACH who="3" ten="250,250,250,240" step="2"/><T26/><D26/><U114/><E114/><V62/><F62/><W42/><G42/><T81/><D81/><U115/><E115/><V84/><F36/><W116/><G116/><T32/><D32/><U89/><E56/><N who="2" m="32879" /><F38/><W95/><G95/><T46/><D46/><U121/><E61/><V66/><F66/><W12/><G12/><T104/><D104/><U94/><E121/><V52/><F52/><W97/><G97/><T125/><D125/><U50/><E37/><V6/><F6/><W83/><G83/><T0/><D0/><U60/><E60/><V54/><F54/><W39/><G39/><T17/><D17/><N who="1" m="8407" /><E106/><V99/><F99/><W57/><G57/><T100/><D100/><AGARI ba="0,1" hai="84,86,93,96,100" m="32879,15623,50763" machi="100" ten="30,7700,0" yaku="20,1,52,3" doraHai="128" who="2" fromWho="0" sc="250,-77,250,0,250,87,240,0" /><INIT seed="1,0,0,4,2,32" ten="173,250,337,240" oya="1" hai0="126,26,60,31,99,64,42,30,134,91,124,117,46" hai1="123,55,79,48,75,89,44,87,84,18,128,12,5" hai2="49,63,129,0,36,120,104,101,122,76,23,115,105" hai3="135,113,85,92,37,2,102,43,77,22,10,121,19"/><U6/><E123/><V83/><F49/><W67/><G121/><T112/><D117/><U127/><E128/><V59/><F36/><W1/><G67/><T90/><D112/><U8/><E127/><V57/><F23/><W65/><G65/><T98/><D134/><U14/><E75/><V103/><F83/><W11/><G113/><T94/><D46/><U56/><E79/><V106/><F115/><W7/><G135/><T38/><D38/><U72/><E72/><V20/><F105/><W131/><G131/><T13/><D13/><U9/><E18/><V41/><F20/><W111/><G111/><T110/><D110/><U17/><E17/><V73/><F73/><W88/><G37/><T86/><D42/><U130/><E130/><V53/><F129/><W25/><G43/><T52/><D64/><U40/><REACH who="1" step="1"/><E89/><REACH who="1" ten="173,240,337,240" step="2"/><V116/><F76/><W62/><G77/><T45/><D126/><U133/><E133/><V70/><F122/><W95/><G62/><AGARI ba="0,1" hai="5,6,8,9,12,14,40,44,48,55,56,62,84,87" machi="62" ten="30,11600,0" yaku="1,1,7,1,9,1,8,1,53,0" doraHai="32" doraHaiUra="71" who="1" fromWho="3" sc="173,0,240,126,337,0,240,-116" /><INIT seed="1,1,0,0,2,56" ten="173,366,337,124" oya="1" hai0="43,108,64,15,74,83,61,63,48,120,123,41,6" hai1="24,110,3,25,2,91,105,70,78,111,45,133,16" hai2="26,14,98,28,75,72,112,100,125,129,119,12,118" hai3="1,8,58,101,116,7,95,65,21,50,115,130,44"/><U94/><E105/><V5/><F129/><W20/><G116/><T102/><D102/><U9/><E70/><V117/><F125/><W29/><G130/><T38/><D38/><U81/><E45/><V92/><F112/><W66/><G115/><T47/><D108/><N who="1" m="41515" /><E133/><V60/><F60/><N who="0" m="23114" /><D64/><U42/><E42/><V69/><F69/><W33/><G33/><T131/><D131/><U49/><E49/><V88/><F100/><W87/><G58/><T13/><D43/><U37/><E37/><V31/><F31/><W23/><G29/><T11/><D74/><N who="1" m="43223" /><E24/><V34/><F14/><W18/><G18/><T113/><D113/><U132/><E132/><V19/><REACH who="2" step="1"/><F5/><REACH who="2" ten="173,366,327,124" step="2"/><W79/><G101/><T22/><D15/><N who="1" m="7279" /><E25/><V85/><F85/><AGARI ba="1,1" hai="2,3,85,91,94" m="7279,43223,41515" machi="85" ten="30,5800,0" yaku="14,1,10,1,54,1" doraHai="56" who="1" fromWho="2" sc="173,0,366,71,327,-61,124,0" /><INIT seed="1,2,0,2,5,39" ten="173,437,266,124" oya="1" hai0="26,129,74,116,20,66,80,62,18,54,96,75,85" hai1="102,99,45,65,6,31,69,51,11,50,52,22,14" hai2="87,83,68,16,38,30,21,81,84,48,110,29,44" hai3="124,95,5,57,43,34,72,132,49,76,28,8,92"/><U70/><E65/><V106/><F38/><W41/><G132/><T122/><D129/><U64/><E64/><V117/><F110/><W15/><G124/><T33/><D116/><U121/><E121/><V71/><F106/><W93/><G72/><T108/><D108/><U131/><E131/><V47/><F117/><W25/><REACH who="3" step="1"/><G76/><REACH who="3" ten="173,437,266,114" step="2"/><T10/><D75/><U82/><E70/><V78/><F68/><W114/><G114/><T118/><D74/><U2/><E69/><V24/><F71/><W134/><G134/><T23/><D122/><U133/><E133/><V12/><F12/><W104/><G104/><T127/><D127/><U119/><E119/><V42/><F44/><W107/><G107/><T88/><D118/><U4/><E14/><V126/><F126/><W123/><G123/><T53/><D33/><U135/><E45/><V59/><F59/><W101/><G101/><T3/><D3/><U61/><E102/><V94/><F94/><W109/><G109/><T115/><D115/><U58/><E2/><V89/><AGARI ba="2,1" hai="16,21,24,29,30,42,47,48,78,81,83,84,87,89" machi="89" ten="20,8000,1" yaku="0,1,7,1,8,1,52,1,54,1" doraHai="39" who="2" fromWho="2" sc="173,-22,437,-42,266,96,114,-22" /><INIT seed="2,0,0,1,3,91" ten="151,395,362,92" oya="2" hai0="71,65,28,10,12,15,104,87,1,7,90,98,75" hai1="82,16,117,30,42,73,63,81,121,58,50,36,23" hai2="24,41,14,99,39,9,35,26,32,131,118,13,44" hai3="0,108,19,8,78,45,92,134,56,116,62,132,38"/><V123/><F118/><W37/><G116/><T80/><D75/><U111/><E36/><V133/><F123/><W47/><G78/><T72/><D72/><U22/><E73/><V69/><F69/><W3/><G19/><T6/><D28/><U109/><E117/><V103/><F133/><N who="3" m="51307" /><G8/><T85/><D65/><U55/><E121/><V51/><F131/><W113/><G113/><T43/><D71/><U17/><E30/><V101/><F39/><N who="3" m="14859" /><G108/><N who="1" m="41546" /><E42/><V130/><F130/><W59/><G92/><T119/><D43/><U135/><E50/><V122/><F122/><W84/><G84/><T57/><D119/><U68/><E68/><V89/><F89/><W2/><G62/><T11/><D1/><N who="3" m="257" /><W112/><DORA hai="120" /><G112/><T105/><D87/><U100/><E100/><V110/><F110/><W129/><G129/><T70/><D70/><U96/><E135/><V95/><F103/><W18/><G18/><T102/><D57/><AGARI ba="0,0" hai="45,47,56,57,59" m="257,14859,51307" machi="57" ten="50,6400,0" yaku="28,2,20,1" doraHai="91,120" who="3" fromWho="0" sc="151,-64,395,0,362,0,92,64" /><INIT seed="3,0,0,2,2,104" ten="87,395,362,156" oya="3" hai0="101,30,89,86,73,48,4,16,130,87,135,47,40" hai1="102,93,54,98,107,113,121,20,75,80,134,10,112" hai2="25,17,96,59,74,77,12,129,46,120,76,26,83" hai3="69,108,21,105,23,49,91,118,37,34,111,22,2"/><W41/><G34/><T38/><D135/><U1/><E121/><V67/><F129/><W35/><G35/><T50/><D130/><U31/><E134/><V122/><F76/><W94/><G105/><T117/><D117/><U90/><E54/><V66/><F46/><W29/><G2/><T126/><D126/><U124/><E124/><V60/><F66/><W42/><G69/><T79/><D30/><U109/><E109/><N who="3" m="42058" /><G37/><T8/><D101/><U92/><E92/><V14/><F14/><W110/><G118/><T39/><D39/><U115/><E20/><V68/><F68/><W32/><G49/><T27/><D87/><N who="1" m="52447" /><E31/><V18/><F96/><N who="3" m="57439" /><G110/><T6/><D6/><N who="1" m="1359" /><E115/><V56/><F56/><W55/><G55/><T85/><D85/><U28/><E28/><V13/><F13/><W58/><G58/><T100/><D100/><U24/><E24/><V128/><F128/><W61/><G61/><T82/><D86/><U125/><E125/><V70/><F70/><W19/><G19/><N who="2" m="7177" /><F12/><W99/><G99/><T95/><D95/><U15/><E15/><V0/><F0/><W5/><G5/><T7/><D7/><U84/><E84/><V88/><F88/><W52/><G52/><T103/><D103/><U57/><E57/><V36/><F36/><W114/><G29/><T43/><D89/><U3/><E3/><V11/><F11/><W9/><G9/><T133/><D133/><U65/><E65/><V72/><F72/><W97/><G97/><T123/><D123/><U62/><E62/><V78/><F78/><AGARI ba="0,0" hai="75,78,80,98,102,107,112,113" m="1359,52447" machi="78" ten="30,2000,0" yaku="24,1,52,1" doraHai="104" who="1" fromWho="2" sc="87,0,395,20,362,-20,156,0" owari="87,-41.3,415,51.5,342,14.2,156,-24.4" /></mjloggm>