<mjloggm ver="2.3"><GO type="225" lobby="0"/><UN n0="%E3%80%90%E3%83%88%E3%83%AA%E3%83%A5%E3%83%95%E3%80%91" n1="%E3%82%BC%E3%83%AB%E3%83%80%E3%81%AE%E4%BC%9D%E8%AA%AC" n2="%E5%B8%86%E7%AB%8B%E5%A4%8F%E8%A1%A3" n3="%28%EF%BF%A3%E2%96%BD%EF%BF%A3%29%CE%B4%E2%8C%92%E3%83%BB" dan="16,17,17,17" rate="2107.62,2174.09,2174.10,2277.66" sx="M,M,M,M"/><TAIKYOKU oya="0"/><INIT seed="0,0,0,3,0,9" ten="250,250,250,250" oya="0" hai0="109,115,71,133,113,69,48,111,40,106,22,86,103" hai1="116,79,93,72,83,73,23,81,85,45,130,29,26" hai2="58,42,123,74,102,114,82,97,32,18,36,57,19" hai3="100,88,80,75,135,41,67,65,98,8,110,27,60"/><T54/><D22/><U120/><E116/><V43/><F123/><W21/><G110/><N who="0" m="41995" /><D86/><U39/><E120/><V24/><F114/><N who="0" m="43530" /><D40/><U112/><E112/><V7/><F43/><W125/><G41/><T20/><D20/><U121/><E121/><V118/><F42/><W15/><G75/><T52/><D103/><U16/><E130/><V25/><F102/><W95/><G60/><T134/><D106/><U46/><E39/><V107/><F107/><W51/><G100/><T91/><D91/><U11/><E93/><V68/><F36/><W33/><G88/><T126/><D126/><U5/><E29/><V77/><F74/><W99/><G95/><T63/><D63/><U66/><E72/><V55/><F97/><W124/><G21/><T34/><D34/><U53/><E73/><V38/><F38/><W64/><G99/><T94/><D94/><U128/><E83/><V44/><F32/><W96/><G80/><T92/><D92/><U70/><E85/><V90/><F82/><W87/><G98/><T50/><D50/><U61/><E81/><V59/><F90/><W3/><G96/><T56/><D54/><U12/><E79/><V13/><F77/><W37/><G87/><T4/><D4/><U119/><E53/><V17/><F7/><W2/><G124/><T105/><D105/><U31/><E5/><V129/><F55/><W49/><G125/><T84/><D84/><U127/><E127/><V108/><F108/><W131/><G51/><T104/><D104/><U28/><E23/><V89/><F89/><W132/><G49/><T30/><D30/><RYUUKYOKU ba="0,0" sc="250,30,250,-10,250,-10,250,-10" hai0="48,52,56,69,71,133,134" /><INIT seed="0,1,0,3,0,28" ten="280,240,240,240" oya="0" hai0="53,93,35,67,31,102,54,26,127,44,111,66,20" hai1="47,42,40,21,5,41,18,25,4,37,14,68,2" hai2="135,99,57,65,61,117,77,75,80,112,23,6,98" hai3="73,83,126,96,3,15,27,116,125,106,119,103,13"/><T56/><D127/><N who="3" m="48649" /><G3/><T115/><D115/><U87/><E68/><V94/><F112/><W7/><G27/><T88/><D102/><U114/><E114/><V100/><F135/><W118/><G7/><T62/><D35/><U86/><E2/><V74/><F117/><N who="3" m="29955" /><W45/><DORA hai="110" /><G45/><T51/><REACH who="0" step="1"/><D111/><REACH who="0" ten="270,240,240,240" step="2"/><U38/><E38/><V97/><F75/><W133/><G133/><T16/><D16/><U0/><E37/><V17/><REACH who="2" step="1"/><F6/><REACH who="2" ten="270,240,230,240" step="2"/><W129/><G73/><T70/><D70/><U22/><E5/><V107/><F107/><W36/><G106/><T43/><D43/><U72/><E72/><V8/><F8/><W60/><G103/><T63/><D63/><U91/><E41/><V10/><F10/><W69/><G60/><T76/><D76/><U113/><E42/><V30/><F30/><W33/><G69/><T132/><D132/><U59/><E113/><V121/><F121/><W81/><G33/><T58/><D58/><U134/><E59/><V108/><F108/><W11/><G11/><T89/><D89/><U19/><E91/><V105/><F105/><W29/><G29/><T46/><D46/><U84/><E134/><V95/><F95/><W90/><G90/><T101/><D101/><U32/><E32/><V50/><F50/><W131/><G36/><T24/><D24/><AGARI ba="1,2" hai="17,23,24,57,61,65,74,77,80,94,97,98,99,100" machi="24" ten="30,7700,0" yaku="1,1,7,1,53,2" doraHai="28,110" doraHaiUra="52,104" who="2" fromWho="0" sc="270,-80,240,0,230,100,240,0" /><INIT seed="1,0,0,5,2,74" ten="190,240,330,240" oya="1" hai0="49,89,11,84,36,6,77,66,30,110,14,24,54" hai1="75,18,108,39,98,40,135,38,78,33,114,115,130" hai2="102,107,12,29,28,121,82,22,27,124,76,8,44" hai3="83,122,46,52,80,1,68,21,62,113,37,26,65"/><U133/><E33/><V72/><F121/><W86/><G1/><T125/><D36/><N who="1" m="13867" /><E40/><V51/><F124/><W90/><G122/><T13/><D125/><U117/><E117/><V16/><F107/><W91/><G113/><T50/><D110/><U103/><E18/><V2/><F102/><W17/><G37/><T87/><D66/><U131/><E108/><V10/><F2/><W118/><G118/><T100/><D100/><U20/><E20/><V4/><REACH who="2" step="1"/><F10/><REACH who="2" ten="190,240,320,240" step="2"/><W7/><G7/><T19/><D6/><U45/><E114/><V81/><F81/><W32/><G83/><N who="0" m="47215" /><D14/><U3/><E3/><V129/><F129/><N who="1" m="49161" /><E115/><V95/><F95/><W42/><G80/><N who="0" m="49383" /><D54/><AGARI ba="0,1" hai="4,8,12,16,22,27,28,29,44,51,54,72,76,82" machi="54" ten="30,7700,0" yaku="1,1,7,1,52,1,54,1,53,0" doraHai="74" doraHaiUra="94" who="2" fromWho="0" sc="190,-77,240,0,320,87,240,0" /><INIT seed="2,0,0,0,1,38" ten="113,240,407,240" oya="2" hai0="135,104,80,78,43,68,66,3,79,120,57,28,81" hai1="84,112,58,23,100,22,39,47,103,76,51,95,96" hai2="24,121,92,89,73,101,27,8,36,132,114,25,41" hai3="14,129,0,115,34,15,54,126,87,88,119,131,109"/><V1/><F121/><W32/><G0/><T40/><D120/><U20/><E112/><V30/><F114/><W65/><G115/><T93/><D3/><U106/><E39/><V50/><F132/><W117/><G65/><T55/><D104/><U42/><E58/><V91/><F73/><W52/><G109/><T67/><D68/><U69/><E69/><V26/><F36/><W13/><G126/><T17/><D28/><U94/><REACH who="1" step="1"/><E103/><REACH who="1" ten="113,230,407,240" step="2"/><V113/><F113/><W2/><G117/><T4/><D135/><U85/><E85/><V56/><F56/><W10/><G119/><T21/><D4/><U33/><E33/><V83/><F101/><W37/><G37/><T7/><D7/><U82/><AGARI ba="0,1" hai="20,22,23,42,47,51,76,82,84,94,95,96,100,106" machi="82" ten="30,7900,0" yaku="1,1,0,1,52,1,53,1" doraHai="38" doraHaiUra="45" who="1" fromWho="1" sc="113,-20,230,89,407,-39,240,-20" /><INIT seed="3,0,0,3,3,87" ten="93,319,368,220" oya="3" hai0="70,54,12,41,45,52,73,63,23,19,81,83,43" hai1="58,134,4,79,90,40,89,1,25,3,46,13,61" hai2="112,130,102,42,8,75,128,53,36,39,125,133,47" hai3="107,131,120,5,30,92,121,126,20,69,117,86,98"/><W123/><G69/><T64/><D73/><U115/><E115/><V72/><F125/><W55/><G126/><T100/><D100/><U2/><E25/><V37/><F133/><W78/><G5/><T84/><D81/><U85/><E134/><V15/><F112/><W44/><G131/><N who="2" m="50217" /><F102/><W9/><G9/><T95/><D95/><U21/><E79/><V17/><F53/><W127/><G107/><T116/><D116/><U68/><E68/><V51/><AGARI ba="0,0" hai="8,15,17,36,37,39,42,47,51,72,75" m="50217" machi="51" ten="40,1500,0" yaku="19,1" doraHai="87" who="2" fromWho="2" sc="93,-4,319,-4,368,15,220,-7" owari="89,-41.1,315,11.5,383,48.3,213,-18.7" /></mjloggm>