<mjloggm ver="2.3"><GO type="225" lobby="0"/><UN n0="%E3%81%9F%E3%81%A3%E3%81%A1%E3%82%87" n1="%6D%75%75%6D%75%72%61" n2="%E4%B8%8B%E6%AE%B5%E3%83%81%E3%82%A7%E3%83%AA%E3%83%BC" n3="%E4%B8%89%E5%86%A0%E7%8E%8B%E3%83%BB%E5%B1%B1%E7%94%B0%E5%93%B2%E4%BA%BA" dan="16,16,16,17" rate="2093.64,2084.18,2133.40,2221.68" sx="M,F,M,M"/><TAIKYOKU oya="0"/><INIT seed="0,0,0,0,5,9" ten="250,250,250,250" oya="0" hai0="100,19,83,48,4,59,41,17,70,45,82,91,20" hai1="51,117,7,74,35,32,34,134,106,64,15,110,66" hai2="135,36,98,122,81,120,26,38,131,124,30,58,108" hai3="44,46,10,87,1,121,62,25,53,89,129,123,49"/><T33/><D33/><U42/><E117/><V12/><F124/><W11/><G129/><T79/><D70/><U39/><E110/><V78/><F131/><W8/><G1/><T55/><D100/><U50/><E134/><V90/><F108/><W75/><G75/><T107/><D107/><U27/><E106/><V103/><F135/><W3/><G3/><T101/><D101/><U126/><E74/><V96/><F58/><W52/><G25/><T47/><D47/><U29/><E39/><V73/><F90/><W43/><G62/><T93/><D4/><U16/><E7/><V69/><F69/><W114/><G114/><T61/><D79/><U86/><E86/><V118/><F118/><W92/><REACH who="3" step="1"/><G46/><REACH who="3" ten="250,250,250,240" step="2"/><T40/><D17/><U0/><E0/><V94/><F122/><AGARI ba="0,1" hai="8,10,11,43,44,49,52,53,87,89,92,121,122,123" machi="122" ten="40,8000,1" yaku="1,1,2,1,13,1,54,1,53,0" doraHai="9" doraHaiUra="127" who="3" fromWho="2" sc="250,0,250,0,250,-80,240,90" /><INIT seed="1,0,0,1,1,49" ten="250,250,170,330" oya="1" hai0="122,128,72,31,41,108,109,99,22,59,131,74,14" hai1="21,123,12,73,2,88,104,129,54,25,55,8,26" hai2="118,125,119,94,78,79,17,45,97,63,48,44,130" hai3="20,112,40,75,38,39,35,3,132,67,102,57,66"/><U76/><E123/><V9/><F125/><W4/><G35/><T1/><D1/><U114/><E104/><V105/><F105/><W134/><G112/><T28/><D41/><U71/><E114/><V65/><F130/><N who="0" m="49706" /><D99/><U82/><E129/><V42/><F79/><W24/><G75/><N who="0" m="28715" /><D59/><U115/><E115/><V61/><F78/><W100/><G40/><T91/><D91/><U33/><E71/><V90/><F61/><W53/><G3/><T18/><D122/><U110/><E2/><V106/><F106/><W52/><G57/><T133/><D133/><U121/><E121/><V103/><F90/><W56/><G56/><T83/><D83/><U0/><E0/><V84/><F84/><W86/><G86/><T11/><D11/><U81/><E110/><AGARI ba="0,0" hai="14,18,22,28,31,108,109,110" m="28715,49706" machi="110" ten="40,2600,0" yaku="14,1,19,1" doraHai="49" who="0" fromWho="1" sc="250,26,250,-26,170,0,330,0" /><INIT seed="2,0,0,4,2,97" ten="276,224,170,330" oya="2" hai0="79,66,64,133,135,14,17,112,68,24,115,120,95" hai1="45,25,39,11,3,57,90,35,111,20,8,100,83" hai2="47,1,88,58,110,131,107,124,102,129,86,37,105" hai3="103,59,69,52,77,75,98,121,84,10,114,80,2"/><V108/><F1/><W87/><G69/><T4/><D79/><U50/><E111/><N who="2" m="42539" /><F124/><W96/><G121/><T26/><D95/><U19/><E39/><V5/><F5/><W113/><G96/><T33/><D68/><U126/><E126/><V22/><F22/><W6/><G113/><N who="0" m="43595" /><D33/><U70/><E70/><V125/><F125/><W94/><G114/><T74/><D74/><U63/><E35/><V91/><F58/><W21/><G21/><N who="0" m="11447" /><D120/><U118/><E118/><V81/><F91/><W15/><G2/><T31/><D64/><U27/><E3/><V32/><F32/><W61/><AGARI ba="0,0" hai="6,10,15,52,59,61,75,77,80,84,87,94,98,103" machi="61" ten="20,5200,0" yaku="0,1,7,1,52,1,54,1" doraHai="97" who="3" fromWho="3" sc="276,-13,224,-13,170,-26,330,52" /><INIT seed="3,0,0,0,3,81" ten="263,211,144,382" oya="3" hai0="74,98,8,2,23,40,67,31,113,124,15,127,70" hai1="26,57,128,85,53,10,25,120,106,132,12,88,66" hai2="21,99,134,101,1,48,77,65,63,17,123,36,60" hai3="87,42,55,20,56,6,16,82,71,61,107,96,80"/><W102/><G6/><T104/><D74/><U52/><E120/><V32/><F32/><W89/><G42/><T105/><D2/><U131/><E106/><V46/><F123/><W33/><G71/><T129/><D40/><U91/><E132/><V54/><F134/><W121/><G33/><T43/><D129/><N who="1" m="49739" /><E91/><V73/><F1/><W7/><G7/><N who="0" m="3487" /><D43/><U35/><E66/><V45/><F36/><W24/><G121/><T126/><D113/><U68/><E68/><V64/><F77/><W110/><G110/><T100/><D104/><U50/><E35/><V117/><F73/><W13/><G13/><T44/><D44/><N who="1" m="27719" /><E12/><V114/><F114/><W5/><G5/><T97/><D97/><U86/><E86/><V94/><F117/><W72/><G72/><T59/><D70/><U18/><E18/><V27/><F46/><W9/><G9/><T115/><D115/><U14/><E14/><V111/><REACH who="2" step="1"/><F111/><REACH who="2" ten="263,211,134,382" step="2"/><W47/><G47/><T3/><D3/><U69/><E10/><V29/><F29/><W83/><AGARI ba="0,1" hai="16,20,24,55,56,61,80,82,83,87,89,96,102,107" machi="83" ten="20,7800,0" yaku="0,1,7,1,52,1,54,1" doraHai="81" who="3" fromWho="3" sc="263,-26,211,-26,134,-26,382,88" owari="237,3.7,185,-21.5,108,-39.2,470,57.0" /></mjloggm>