<mjloggm ver="2.3"><GO type="225" lobby="0"/><UN n0="%E3%81%86%E3%83%BC%E3%81%B1%E3%83%BC" n1="%E5%A4%8F%E9%88%B4%E9%88%B4%E5%A4%8F" n2="%E3%81%BF%E3%81%BF%E3%81%9A" n3="%6D%75%75%6D%75%72%61" dan="16,16,16,17" rate="2142.51,2138.66,2166.17,2178.05" sx="F,M,M,F"/><TAIKYOKU oya="0"/><INIT seed="0,0,0,5,0,35" ten="250,250,250,250" oya="0" hai0="134,130,125,94,86,9,48,13,71,96,42,92,43" hai1="116,53,76,55,28,31,0,62,75,74,16,40,58" hai2="20,81,67,128,132,100,87,68,97,110,111,38,107" hai3="90,21,117,99,56,127,63,73,83,23,108,126,105"/><T118/><D118/><U34/><E116/><V18/><F38/><W119/><G108/><N who="2" m="41513" /><F132/><W54/><G105/><T26/><D71/><U64/><E40/><V15/><F128/><W51/><G99/><T59/><D130/><U124/><E124/><N who="3" m="47658" /><G63/><T115/><D115/><U122/><E0/><V114/><F114/><W65/><G65/><T39/><D39/><U27/><E31/><V57/><F68/><W11/><G11/><T78/><D26/><U131/><E131/><V52/><F67/><W72/><G90/><N who="0" m="53335" /><D78/><U93/><E76/><V29/><F29/><W95/><G95/><T24/><D24/><U44/><E93/><V69/><F69/><W47/><G56/><T129/><D134/><U33/><E58/><V30/><F30/><W36/><G36/><T135/><D135/><U10/><E33/><V37/><F37/><W1/><G1/><T101/><D129/><U89/><E34/><V50/><F87/><W80/><G72/><T14/><D125/><U120/><E75/><V41/><F81/><N who="3" m="31307" /><G73/><T123/><D123/><U82/><E74/><V8/><F8/><W70/><G70/><T32/><D9/><U2/><E120/><V79/><F79/><W109/><G109/><T113/><D113/><U12/><E122/><V22/><F20/><AGARI ba="0,0" hai="20,21,23,47,51,54,117,119" m="31307,47658" machi="20" ten="30,1000,0" yaku="18,1" doraHai="35" who="3" fromWho="2" sc="250,0,250,0,250,-10,250,10" /><INIT seed="1,0,0,1,0,90" ten="250,250,240,260" oya="1" hai0="75,117,11,120,17,101,4,2,62,0,32,92,98" hai1="126,18,59,107,30,65,123,7,131,27,55,33,128" hai2="6,37,91,69,35,109,29,39,114,53,129,85,66" hai3="106,56,22,125,105,15,127,77,135,104,87,61,134"/><U8/><E123/><V3/><F109/><W21/><G77/><T99/><D117/><U113/><E113/><V80/><F114/><W103/><G103/><T58/><D75/><U54/><E107/><V96/><F129/><N who="1" m="49737" /><E126/><N who="3" m="48138" /><G87/><T132/><D132/><N who="3" m="50729" /><G15/><T84/><D84/><U67/><E55/><AGARI ba="0,0" hai="21,22,55,56,61,104,105,106" m="50729,48138" machi="55" ten="40,2600,0" yaku="18,1,20,1" doraHai="90" who="3" fromWho="1" sc="250,0,250,-26,240,0,260,26" /><INIT seed="2,0,0,0,4,19" ten="250,224,240,286" oya="2" hai0="37,4,29,56,127,15,101,36,9,130,51,108,93" hai1="45,77,81,27,126,22,80,20,53,122,119,68,30" hai2="62,65,3,43,57,103,96,76,41,33,0,79,83" hai3="31,135,59,47,52,123,109,39,49,94,73,50,38"/><V69/><F79/><W102/><G123/><T67/><D108/><U100/><E119/><V60/><F33/><W21/><G109/><T70/><D130/><U74/><E122/><V24/><F24/><N who="3" m="16783" /><G73/><T106/><D106/><U116/><E116/><V104/><F0/><W63/><G39/><T95/><D127/><U55/><E68/><V10/><F10/><W75/><G38/><T111/><D111/><U7/><E126/><V66/><REACH who="2" step="1"/><F3/><REACH who="2" ten="250,224,230,286" step="2"/><W23/><G75/><AGARI ba="0,1" hai="41,43,57,60,62,65,66,69,75,76,83,96,103,104" machi="75" ten="30,5800,0" yaku="1,1,2,1,7,1,53,0" doraHai="19" doraHaiUra="90" who="2" fromWho="3" sc="250,0,224,0,230,68,286,-58" /><INIT seed="2,1,0,1,4,78" ten="250,224,298,228" oya="2" hai0="24,61,69,32,37,89,116,51,105,6,82,45,84" hai1="70,30,109,80,20,48,55,76,35,33,4,38,16" hai2="88,13,9,41,26,102,1,44,72,65,77,110,134" hai3="29,8,133,0,128,130,98,56,92,120,71,93,75"/><V131/><F102/><W40/><G71/><T59/><D116/><U85/><E109/><V101/><F101/><W127/><G120/><T15/><D37/><U31/><E38/><V52/><F65/><W10/><G127/><T19/><D105/><U79/><E70/><V114/><F114/><W117/><G117/><T25/><D6/><U28/><E4/><V86/><F26/><W2/><G133/><T47/><D32/><U64/><E64/><V42/><F1/><N who="3" m="619" /><G40/><N who="0" m="24999" /><D47/><N who="1" m="28063" /><E33/><V5/><F131/><N who="3" m="50219" /><G75/><T57/><D69/><U119/><E35/><V34/><F34/><W63/><G29/><N who="1" m="7426" /><U97/><DORA hai="81" /><E119/><V121/><F121/><W113/><G113/><T39/><D39/><U91/><E97/><V124/><F124/><W99/><G99/><T66/><D59/><U103/><E103/><V132/><F110/><W11/><G98/><T17/><D17/><U83/><E80/><N who="2" m="49223" /><F72/><W108/><G108/><T106/><D106/><U58/><E58/><V36/><F36/><W95/><G56/><T111/><D111/><U74/><E74/><V18/><F134/><W62/><AGARI ba="1,0" hai="8,10,11,62,63,92,93,95" m="50219,619" machi="62" ten="40,5200,0" yaku="28,2,19,1" doraHai="78,81" who="3" fromWho="3" sc="250,-14,224,-14,298,-27,228,55" /><INIT seed="3,0,0,0,2,65" ten="236,210,271,283" oya="3" hai0="2,35,96,95,12,135,64,59,74,127,97,58,60" hai1="100,40,134,91,70,38,10,122,109,102,92,103,77" hai2="73,104,32,76,0,43,79,132,81,78,86,47,28" hai3="48,31,125,124,36,4,50,13,54,11,49,63,29"/><W22/><G36/><T20/><D2/><U131/><E122/><V17/><F104/><W111/><G111/><T9/><D74/><U30/><E109/><V55/><F132/><W129/><G129/><T119/><D35/><U128/><E134/><V94/><F0/><W6/><G6/><T26/><D119/><U118/><E118/><V71/><F55/><W114/><G114/><T69/><D127/><N who="3" m="48713" /><G22/><T108/><D97/><U57/><E77/><V101/><F17/><W117/><G117/><T105/><D105/><U56/><E30/><N who="3" m="11274" /><G63/><T85/><D20/><U82/><E10/><V133/><F133/><W75/><G75/><T89/><D60/><U72/><E72/><V45/><F28/><W67/><G67/><T66/><D64/><U107/><E107/><V42/><F32/><W115/><G115/><T18/><D66/><U90/><E70/><V106/><F71/><W84/><G84/><T15/><D85/><N who="1" m="50487" /><E38/><V87/><F106/><W113/><G113/><T126/><D69/><U110/><E110/><V3/><F3/><W37/><G37/><T83/><D108/><U24/><E24/><V52/><F73/><W34/><G34/><T46/><D26/><U39/><E131/><V23/><F23/><W14/><G54/><T21/><D135/><U33/><E33/><V120/><F52/><W112/><G112/><T121/><D126/><U25/><E25/><V5/><F120/><W93/><G93/><T7/><D121/><U27/><E27/><V53/><F5/><W68/><G68/><T1/><D1/><AGARI ba="0,0" hai="1,4,11,13,14,48,49,50" m="11274,48713" machi="1" ten="30,1500,0" yaku="18,1" doraHai="65" who="3" fromWho="0" sc="236,-15,210,0,271,0,283,15" /><INIT seed="3,1,0,1,1,41" ten="221,210,271,298" oya="3" hai0="58,35,65,0,91,38,80,42,61,128,50,86,2" hai1="107,1,105,74,63,101,27,51,26,133,102,99,9" hai2="97,95,46,87,79,5,104,62,92,45,100,55,19" hai3="81,34,113,98,21,48,12,11,90,94,17,130,60"/><W67/><G113/><T119/><D119/><U118/><E74/><V49/><F5/><W135/><G34/><T103/><D35/><U44/><E118/><V40/><F19/><W70/><G130/><T68/><D103/><U33/><E133/><V96/><F62/><W28/><G135/><T56/><D128/><U122/><E122/><V30/><F30/><W52/><G81/><T82/><D80/><U121/><E121/><V75/><F75/><W126/><G126/><T15/><D15/><U83/><E83/><N who="2" m="47615" /><F104/><W120/><G120/><T23/><D23/><U89/><E89/><N who="2" m="55311" /><F40/><W125/><G125/><T134/><D134/><U32/><E63/><V53/><F53/><W115/><G115/><T13/><D13/><U47/><E1/><V132/><F132/><W123/><G123/><T78/><D91/><U84/><E84/><V18/><F18/><W69/><G28/><T124/><D124/><U39/><E39/><V10/><F10/><W36/><G36/><T25/><D38/><U14/><E14/><V131/><F131/><W114/><G114/><T54/><D0/><U59/><E9/><V106/><F106/><W64/><G11/><T112/><D112/><U71/><E71/><V20/><F20/><W72/><G72/><T57/><D2/><U85/><E85/><V43/><F43/><W88/><G90/><T108/><D42/><N who="1" m="24983" /><E59/><AGARI ba="1,0" hai="45,46,49,55,59,95,97,100" m="55311,47615" machi="59" ten="30,3900,0" yaku="8,1,52,2" doraHai="41" who="2" fromWho="1" sc="221,0,210,-42,271,42,298,0" owari="221,-17.9,168,-33.2,313,41.3,298,9.8" /></mjloggm>