<mjloggm ver="2.3"><GO type="225" lobby="0"/><UN n0="%48%61%61%61%6C%61%6E%64" n1="%E6%81%A5%E6%99%92%E3%81%97" n2="%E3%81%A4%E3%81%A3%E3%81%B1%E3%82%8A%E3%83%9D%E3%83%BC%E3%83%AB" n3="%72%69%6F%75%63%68%61%6E" dan="18,16,16,17" rate="2157.49,2122.40,2080.33,2175.03" sx="M,M,M,M"/><TAIKYOKU oya="0"/><INIT seed="0,0,0,0,0,62" ten="250,250,250,250" oya="0" hai0="32,1,63,79,34,36,11,37,132,28,66,67,98" hai1="4,21,3,25,97,24,117,85,61,41,60,94,82" hai2="106,74,68,23,89,9,70,15,57,128,115,130,126" hai3="93,84,50,27,8,22,135,33,114,105,96,124,7"/><T51/><D132/><U65/><E117/><V48/><F115/><W43/><G114/><T95/><D79/><U42/><E4/><V77/><F106/><W16/><G124/><T99/><D51/><U120/><E120/><V46/><F126/><W119/><G119/><T111/><D111/><U107/><E107/><V64/><F23/><W71/><G135/><T39/><D28/><U109/><E3/><V53/><F89/><W108/><G108/><T104/><D104/><U131/><BYE who="0" /><E131/><N who="2" m="50219" /><F77/><W29/><G71/><N who="2" m="27177" /><F74/><W92/><G84/><T103/><D103/><N who="1" m="60855" /><E109/><V101/><F101/><W86/><G86/><T72/><D72/><U49/><E24/><UN n0="%48%61%61%61%6C%61%6E%64" /><V56/><F64/><W100/><G43/><T75/><D75/><U129/><E41/><V76/><F76/><W38/><G38/><T83/><D37/><U87/><E129/><V121/><F121/><W17/><G50/><T2/><D95/><U19/><E65/><V30/><F30/><W20/><G33/><T112/><D112/><U122/><E122/><V45/><F45/><W133/><G133/><T102/><D102/><U13/><E87/><V44/><F46/><W47/><G47/><T52/><D32/><U35/><E35/><V88/><F88/><W59/><G59/><T12/><D34/><U113/><E113/><V10/><F15/><N who="3" m="5535" /><G29/><T0/><D0/><U40/><E40/><N who="2" m="24583" /><F57/><W127/><G127/><T81/><D1/><U125/><E125/><V14/><F14/><N who="3" m="9239" /><G105/><T5/><D2/><U55/><E85/><V26/><F26/><N who="3" m="14671" /><G93/><T118/><D39/><U69/><E82/><N who="0" m="31241" /><D36/><U54/><E69/><RYUUKYOKU ba="0,0" sc="250,-15,250,-15,250,15,250,15" hai2="9,10,53,56" hai3="27,92,96,100" /><INIT seed="1,1,0,0,5,68" ten="235,235,265,265" oya="1" hai0="0,15,7,63,97,43,76,82,18,32,61,58,108" hai1="44,88,118,12,20,72,8,6,86,70,114,3,33" hai2="100,50,117,132,87,49,39,131,98,71,54,80,4" hai3="35,109,99,101,75,30,113,47,133,77,116,91,26"/><U127/><E114/><V115/><F117/><W104/><G113/><T73/><D32/><U36/><E118/><V122/><F115/><W134/><G116/><T126/><D108/><U125/><E72/><V42/><F122/><W74/><G109/><T56/><D126/><N who="1" m="48139" /><E70/><V53/><F71/><W130/><G130/><T128/><D128/><U21/><E33/><V5/><F131/><W110/><G110/><T27/><D27/><U41/><E3/><V69/><F69/><W83/><G74/><T84/><D73/><U94/><AGARI ba="1,0" hai="6,8,12,20,21,36,41,44,86,88,94" m="48139" machi="94" ten="30,6000,0" yaku="18,1,52,1,54,1" doraHai="68" who="1" fromWho="1" sc="235,-21,235,63,265,-21,265,-21" /><INIT seed="1,2,0,0,3,79" ten="214,298,244,244" oya="1" hai0="50,16,63,127,71,0,126,28,44,135,67,78,26" hai1="97,110,106,60,54,107,15,128,112,91,120,102,109" hai2="104,92,75,84,99,1,85,5,59,9,36,76,124" hai3="130,41,33,3,118,40,47,114,81,94,89,48,103"/><U131/><E112/><V12/><F124/><N who="0" m="47658" /><D0/><U29/><E29/><V80/><F104/><W129/><G114/><T134/><D78/><U82/><E15/><V10/><F36/><W52/><G118/><T74/><D74/><U49/><E107/><V20/><F59/><W83/><G3/><T116/><D116/><U105/><E105/><V45/><F45/><W55/><G33/><N who="0" m="20631" /><D16/><U132/><E60/><V11/><F20/><W101/><G55/><AGARI ba="2,0" hai="44,50,55,63,67,71,134,135" m="20631,47658" machi="55" ten="30,1000,0" yaku="18,1" doraHai="79" who="0" fromWho="3" sc="214,16,298,0,244,0,244,-16" /><INIT seed="2,0,0,3,5,123" ten="230,298,244,228" oya="2" hai0="12,46,34,117,65,10,83,68,23,1,0,106,11" hai1="90,91,100,45,15,122,67,118,73,13,115,28,120" hai2="66,110,25,4,52,22,101,99,72,36,8,79,111" hai3="84,5,43,80,60,30,24,9,50,41,124,107,112"/><V51/><F36/><W119/><G119/><T7/><D106/><U135/><E115/><V132/><F66/><W76/><G107/><T18/><D117/><U26/><E118/><V130/><F132/><W89/><G112/><T127/><D127/><U113/><E113/><V82/><F130/><W77/><G124/><T48/><D34/><U37/><E73/><V74/><F74/><W42/><G60/><T38/><D38/><U61/><E135/><V96/><F22/><W71/><G71/><T70/><D65/><U87/><E100/><V59/><F25/><W129/><G129/><T55/><REACH who="0" step="1"/><D83/><REACH who="0" ten="220,298,244,228" step="2"/><U31/><E37/><V97/><REACH who="2" step="1"/><F101/><REACH who="2" ten="220,298,234,228" step="2"/><W6/><G80/><T116/><D116/><U40/><E120/><V16/><F16/><W133/><G133/><T62/><D62/><U32/><E61/><V54/><F54/><W27/><G42/><T35/><D35/><N who="1" m="20887" /><E122/><V98/><N who="2" m="24576" /><DORA hai="53" /><V21/><F21/><W64/><G41/><T19/><D19/><U81/><E32/><V103/><F103/><W3/><G43/><T14/><D14/><AGARI ba="0,2" hai="4,8,14,51,52,59,72,79,82,110,111" m="24576" machi="14" ten="50,24000,3" yaku="1,1,52,3,54,1,53,4" doraHai="123,53" doraHaiUra="69,95" who="2" fromWho="0" sc="220,-240,298,0,234,260,228,0" owari="-20,-52.0,298,9.8,494,59.4,228,-17.2" /></mjloggm>