<mjloggm ver="2.3"><GO type="225" lobby="0"/><UN n0="%E3%81%99%E3%81%84%E3%81%BE%E3%81%9B%E3%83%BC%E3%82%93" n1="%E3%81%95%E3%81%8D%E3%81%9F%E3%81%BE%E6%9E%97%E6%AA%8E" n2="%4C%4F%4C%49%54%41" n3="%E5%B8%86%E7%AB%8B%E5%A4%8F%E8%A1%A3" dan="16,16,16,17" rate="2158.56,2135.56,2152.49,2146.83" sx="M,M,F,M"/><TAIKYOKU oya="0"/><INIT seed="0,0,0,3,0,51" ten="250,250,250,250" oya="0" hai0="130,123,119,9,62,129,102,117,135,69,56,72,24" hai1="132,58,28,3,48,90,29,12,77,71,106,122,65" hai2="60,87,52,1,92,73,4,39,19,86,114,63,40" hai3="7,50,79,82,124,41,35,44,47,133,85,34,104"/><T26/><D72/><U16/><E122/><V84/><F114/><W2/><G124/><T6/><D69/><U120/><E106/><V13/><F73/><W126/><G126/><T121/><D102/><U81/><E120/><N who="0" m="46153" /><D56/><U108/><E3/><V111/><F111/><W116/><G116/><N who="0" m="44619" /><D62/><U101/><E108/><V45/><F1/><W100/><G133/><T32/><D135/><U21/><E71/><V18/><F92/><W98/><G7/><T99/><D99/><U83/><E101/><V59/><REACH who="2" step="1"/><F63/><REACH who="2" ten="250,250,240,250" step="2"/><W109/><G2/><N who="0" m="215" /><D32/><U66/><E132/><V43/><F43/><W95/><G109/><T127/><D127/><U20/><E83/><V17/><F17/><W49/><G104/><T103/><D103/><U112/><E16/><V107/><F107/><W64/><REACH who="3" step="1"/><G64/><REACH who="3" ten="250,250,240,240" step="2"/><T78/><D78/><U57/><E66/><V27/><F27/><AGARI ba="0,2" hai="24,26,27,129,130" m="215,44619,46153" machi="27" ten="40,3900,0" yaku="34,2" doraHai="51" who="0" fromWho="2" sc="250,59,250,0,240,-39,240,0" /><INIT seed="0,1,0,4,2,104" ten="309,250,201,240" oya="0" hai0="45,2,110,50,59,64,38,29,70,120,114,86,130" hai1="124,76,105,69,27,52,98,26,78,113,85,116,66" hai2="135,63,13,89,67,107,40,15,30,32,18,35,6" hai3="54,0,117,77,128,1,134,22,132,96,9,48,106"/><T103/><D114/><U19/><E116/><V47/><F107/><W91/><G117/><T72/><D72/><U10/><E124/><V129/><F135/><N who="3" m="51755" /><G128/><T68/><D2/><U43/><E113/><V88/><F129/><W3/><G77/><T121/><D130/><U34/><E34/><V7/><F30/><W92/><G22/><T133/><D133/><U11/><E43/><V71/><F32/><W115/><G115/><T31/><D103/><U53/><E69/><V16/><F35/><W83/><G83/><T118/><D118/><U12/><E66/><V73/><F73/><W93/><G93/><T51/><D64/><U56/><E98/><V23/><F6/><N who="3" m="1223" /><G106/><T74/><D74/><U55/><E105/><V5/><F7/><W24/><G24/><N who="1" m="9258" /><E11/><V94/><F94/><W131/><G131/><T122/><D122/><U49/><E78/><V82/><F82/><AGARI ba="1,0" hai="10,12,19,49,52,53,55,56,76,82,85" m="9258" machi="82" ten="30,2000,0" yaku="8,1,54,1" doraHai="104" who="1" fromWho="2" sc="309,0,250,23,201,-23,240,0" /><INIT seed="1,0,0,2,0,39" ten="309,273,178,240" oya="1" hai0="127,38,17,12,10,23,73,108,79,75,77,93,45" hai1="129,81,61,115,37,122,92,47,48,36,76,80,94" hai2="126,114,119,28,55,2,33,31,103,25,20,91,123" hai3="16,134,110,85,118,40,74,67,63,116,22,27,14"/><U53/><E115/><V128/><F119/><N who="3" m="45611" /><G74/><T58/><D108/><U1/><E122/><V57/><F123/><W24/><G134/><T101/><D127/><U68/><E1/><V106/><F126/><W64/><G110/><T44/><D75/><U60/><E129/><V86/><F128/><W8/><G85/><T113/><D113/><U111/><E111/><V62/><F2/><W3/><G40/><T135/><D73/><U89/><E92/><V49/><F114/><W42/><G42/><T11/><D38/><U54/><E61/><V104/><F103/><W132/><G132/><T59/><D135/><U26/><E26/><N who="3" m="9770" /><G63/><T98/><D79/><U32/><E32/><V52/><F31/><W133/><G133/><T51/><D77/><U9/><E9/><N who="0" m="3081" /><D45/><U19/><E68/><V78/><F78/><W66/><G66/><T43/><AGARI ba="0,0" hai="12,17,23,43,44,51,58,59,93,98,101" m="3081" machi="43" ten="30,2000,0" yaku="8,1,52,1" doraHai="39" who="0" fromWho="0" sc="309,20,273,-10,178,-5,240,-5" /><INIT seed="2,0,0,0,1,26" ten="329,263,173,235" oya="2" hai0="120,17,115,74,75,12,28,103,102,6,83,77,113" hai1="78,41,55,60,14,42,3,71,22,49,104,65,66" hai2="79,72,135,46,15,108,67,99,107,81,62,111,109" hai3="35,59,44,43,126,25,16,56,129,134,87,82,112"/><V128/><F128/><W127/><G129/><T64/><D120/><U97/><E3/><V130/><F130/><W33/><G134/><T106/><D75/><U88/><E78/><V48/><F135/><W20/><G112/><T76/><D76/><U95/><E66/><V123/><F123/><W38/><G59/><T122/><D122/><U116/><E116/><V27/><F15/><W31/><G56/><T110/><D6/><U8/><E22/><V1/><F1/><W7/><G7/><T53/><D64/><U70/><E70/><N who="2" m="42359" /><F27/><N who="3" m="14727" /><G35/><T92/><D106/><U13/><E13/><V84/><F72/><W114/><G114/><T96/><D103/><U131/><E104/><V133/><F133/><W5/><G5/><T2/><D2/><U68/><E68/><V9/><F9/><W119/><G119/><T124/><D77/><U32/><E32/><V93/><F107/><W117/><G117/><T80/><D12/><U90/><E131/><V100/><F48/><W34/><G34/><T18/><D74/><U40/><E90/><N who="2" m="55735" /><F46/><W23/><G33/><T98/><D113/><U30/><E30/><V50/><F50/><W63/><G63/><T132/><D28/><U10/><REACH who="1" step="1"/><E14/><REACH who="1" ten="329,253,173,235" step="2"/><V11/><F11/><W21/><G21/><T121/><D132/><U118/><E118/><V101/><AGARI ba="0,1" hai="79,81,84,100,101,108,109,111" m="55735,42359" machi="101" ten="40,3900,0" yaku="14,1,10,1" doraHai="26" who="2" fromWho="2" sc="329,-13,253,-13,173,49,235,-13" /><INIT seed="2,1,0,5,5,106" ten="316,240,222,222" oya="2" hai0="65,44,132,100,50,36,75,74,113,112,73,92,14" hai1="60,2,47,115,72,39,55,107,11,16,125,26,21" hai2="18,103,32,34,17,46,101,20,129,120,63,45,58" hai3="6,91,86,29,82,68,131,67,121,1,4,87,0"/><V79/><F120/><W7/><G121/><T40/><D132/><U98/><E115/><V8/><F129/><W96/><G131/><T111/><D111/><U83/><E125/><V133/><F133/><W104/><G29/><T99/><D65/><U33/><E33/><V95/><F79/><W41/><G41/><T116/><D116/><U42/><E107/><V27/><F32/><W119/><G119/><T123/><D123/><U85/><E98/><N who="2" m="59615" /><F103/><W71/><G104/><T53/><REACH who="0" step="1"/><D14/><REACH who="0" ten="306,240,222,222" step="2"/><U135/><E135/><V31/><F34/><W70/><G67/><T90/><D90/><U89/><E2/><V118/><F118/><W128/><G128/><T126/><D126/><U23/><E89/><V54/><F31/><W37/><G1/><T77/><D77/><U97/><E39/><V25/><F25/><W62/><G0/><T69/><D69/><U127/><E26/><V88/><F88/><W94/><G37/><T110/><D110/><U48/><E127/><V117/><F117/><W102/><G102/><T108/><D108/><U49/><E42/><V124/><F124/><W28/><G28/><T56/><AGARI ba="1,1" hai="36,40,44,50,53,56,73,74,75,92,99,100,112,113" machi="56" ten="30,8000,1" yaku="1,1,0,1,52,3,53,0" doraHai="106" doraHaiUra="130" who="0" fromWho="0" sc="306,93,240,-21,222,-41,222,-21" /><INIT seed="3,0,0,2,4,80" ten="399,219,181,201" oya="3" hai0="45,110,11,15,13,98,132,65,40,7,135,89,35" hai1="38,91,103,105,113,39,27,46,116,99,55,84,43" hai2="19,101,126,71,104,75,133,108,20,86,32,114,58" hai3="124,52,106,23,42,21,6,92,100,128,129,37,14"/><W121/><G121/><T51/><D110/><U5/><E113/><V30/><F114/><W4/><G106/><T10/><D35/><U22/><E116/><V122/><F75/><W36/><G124/><T127/><D127/><U74/><E5/><N who="3" m="2154" /><G52/><T83/><D65/><U109/><E109/><V67/><F126/><W131/><G42/><T119/><D119/><U130/><E130/><V112/><F112/><W8/><G92/><N who="0" m="56591" /><D83/><U64/><E74/><V59/><F108/><W34/><G100/><T118/><D118/><U9/><E64/><V44/><F133/><N who="0" m="51274" /><D11/><U79/><E39/><N who="3" m="14922" /><G34/><T96/><D96/><U72/><E72/><V0/><F122/><W47/><G8/><T90/><D90/><U33/><E33/><V97/><F0/><AGARI ba="0,0" hai="0,7,10,13,15,40,45,51" m="51274,56591" machi="0" ten="30,1000,0" yaku="20,1" doraHai="80" who="0" fromWho="2" sc="399,10,219,0,181,-10,201,0" owari="409,50.9,219,1.9,171,-32.9,201,-19.9" /></mjloggm>