<mjloggm ver="2.3"><GO type="225" lobby="0"/><UN n0="%E6%A1%9C%E8%8A%B1%E9%96%83%E3%80%85" n1="%E3%81%B2%E3%81%AA%E3%81%AE%E3%82%8A%E3%81%8F" n2="%E7%A6%8F%E5%8E%9F%E9%81%A5%E3%81%A8%E7%B5%90%E5%A9%9A%E3%81%99%E3%82%8B" n3="%E3%82%B4%E3%83%AA%E3%83%91%E3%83%A9" dan="16,17,17,16" rate="2062.54,2231.34,2120.66,2102.09" sx="M,M,M,M"/><TAIKYOKU oya="0"/><INIT seed="0,0,0,2,2,44" ten="250,250,250,250" oya="0" hai0="23,60,9,57,42,1,94,99,76,83,88,71,51" hai1="65,35,135,69,79,87,115,124,130,50,17,120,30" hai2="134,59,78,3,110,100,125,37,39,85,52,55,14" hai3="29,128,26,121,0,93,72,126,105,22,97,68,127"/><T89/><D71/><U108/><E87/><V49/><F3/><W106/><G128/><T28/><D89/><U77/><E17/><V86/><F110/><W7/><G72/><T21/><D28/><U2/><E65/><V63/><F134/><W16/><G68/><T91/><D91/><U92/><E92/><V118/><F125/><N who="3" m="47627" /><G121/><T73/><D9/><U38/><E30/><V122/><F122/><W74/><G74/><T31/><D1/><U5/><E5/><V131/><F131/><W133/><G133/><T47/><REACH who="0" step="1"/><D31/><REACH who="0" ten="240,250,250,250" step="2"/><U24/><E2/><V98/><F118/><W25/><G0/><T95/><D95/><U104/><E69/><V48/><F78/><W13/><G7/><T81/><D81/><U54/><E124/><V119/><F119/><W82/><G82/><T90/><D90/><U114/><E130/><V20/><F39/><W8/><G26/><T111/><D111/><U33/><E24/><V41/><F37/><W102/><AGARI ba="0,1" hai="8,13,16,22,25,29,93,97,102,105,106" m="47627" machi="102" ten="30,2000,0" yaku="18,1,54,1" doraHai="44" who="3" fromWho="3" sc="240,-10,250,-5,250,-5,250,30" /><INIT seed="1,0,0,3,1,21" ten="230,245,245,280" oya="1" hai0="36,55,88,82,92,75,45,60,56,69,13,63,58" hai1="76,15,1,24,71,70,2,101,84,119,51,10,4" hai2="29,38,23,79,49,90,54,14,124,100,89,3,39" hai3="52,102,65,126,6,91,108,48,72,22,59,42,20"/><U93/><E119/><V132/><F3/><W7/><G108/><T105/><D105/><U27/><E101/><V30/><F132/><W96/><G72/><T114/><D114/><U26/><E51/><V41/><F124/><W64/><G126/><T68/><D13/><U117/><E117/><V11/><F79/><W95/><G42/><T16/><D16/><U122/><E122/><V98/><F41/><W103/><G20/><T17/><D17/><U134/><E134/><V61/><F61/><W0/><G22/><T19/><D19/><U53/><E53/><V121/><F121/><W18/><G18/><T87/><D45/><U107/><E107/><V37/><F11/><W129/><G129/><T40/><D36/><U33/><E33/><V85/><F14/><W125/><G125/><T12/><D12/><U34/><E34/><V8/><F8/><W73/><G73/><T77/><REACH who="0" step="1"/><D40/><REACH who="0" ten="220,245,245,280" step="2"/><U109/><E109/><V44/><F30/><W47/><G0/><T130/><D130/><U104/><E104/><V133/><F133/><W116/><G116/><T111/><D111/><U35/><E35/><V113/><F113/><W131/><G131/><T9/><D9/><U81/><REACH who="1" step="1"/><E93/><REACH who="1" ten="220,235,245,280" step="2"/><N who="2" m="58447" /><F39/><W97/><G95/><T112/><D112/><U118/><E118/><V78/><F38/><W57/><G47/><T28/><D28/><U120/><E120/><V83/><F37/><W99/><G103/><T110/><D110/><U74/><E74/><V127/><F127/><W67/><G102/><T32/><D32/><U62/><E62/><V80/><F80/><W25/><G48/><RYUUKYOKU ba="0,2" sc="220,10,235,10,245,10,280,-30" hai0="55,56,58,60,63,68,69,75,77,82,87,88,92" hai1="1,2,4,10,15,24,26,27,70,71,76,81,84" hai2="23,29,44,49,54,78,83,85,89,90" /><INIT seed="1,1,2,1,2,101" ten="230,245,255,250" oya="1" hai0="75,126,34,130,102,80,92,118,13,2,55,134,67" hai1="18,112,6,117,9,23,98,22,60,58,45,77,66" hai2="82,71,17,46,1,89,0,68,28,64,63,11,107" hai3="90,97,12,69,43,56,79,135,19,50,105,120,116"/><U95/><E112/><V61/><F28/><W73/><G120/><T44/><D118/><U42/><E117/><V62/><F46/><W111/><G111/><T72/><D2/><U87/><E77/><V76/><F89/><W113/><G69/><T109/><D130/><U7/><E87/><V110/><F110/><W128/><G113/><T15/><D126/><U36/><E9/><V33/><F33/><W83/><G128/><T39/><D134/><U88/><REACH who="1" step="1"/><E23/><REACH who="1" ten="230,235,255,250" step="2"/><V53/><F11/><W81/><G116/><T5/><D75/><U119/><E119/><V127/><F76/><W41/><G73/><T4/><D72/><U133/><E133/><V29/><F127/><W103/><G135/><T25/><D109/><U27/><AGARI ba="1,3" hai="6,7,18,22,27,36,42,45,58,60,66,88,95,98" machi="27" ten="20,7800,0" yaku="1,1,0,1,7,1,54,1,53,0" doraHai="101" doraHaiUra="129" who="1" fromWho="1" sc="230,-27,235,111,255,-27,250,-27" /><INIT seed="1,2,0,3,0,88" ten="203,346,228,223" oya="1" hai0="97,103,90,18,11,100,22,39,5,1,119,130,32" hai1="24,125,86,27,67,57,10,20,17,65,81,47,82" hai2="41,42,73,40,19,33,104,25,83,54,98,55,121" hai3="15,44,23,62,107,120,108,128,66,92,50,113,74"/><U45/><E125/><V12/><F121/><W116/><G108/><T37/><D119/><U102/><E102/><V51/><F104/><W115/><G113/><T8/><D130/><U36/><E10/><V124/><F124/><W133/><G120/><T3/><D32/><U77/><E36/><V101/><F73/><W9/><G115/><T79/><D79/><U28/><E82/><V110/><F83/><W78/><G107/><T26/><D90/><U70/><E70/><V112/><F110/><W91/><G133/><T89/><D89/><U68/><E68/><V126/><F126/><W118/><G128/><T48/><D48/><U129/><E129/><V29/><F112/><W122/><G23/><T93/><REACH who="0" step="1"/><D103/><REACH who="0" ten="193,346,228,223" step="2"/><U106/><E106/><V49/><F101/><W134/><G122/><T109/><D109/><U13/><E77/><V58/><F98/><W84/><G118/><T127/><D127/><U99/><E99/><V69/><F69/><W117/><G116/><T35/><D35/><U111/><E111/><V7/><F51/><W38/><G117/><T46/><D46/><U4/><E47/><V80/><F80/><W87/><G78/><T72/><D72/><U85/><E45/><V131/><F131/><W61/><G74/><T64/><D64/><U16/><E67/><V34/><F34/><W75/><G75/><T6/><AGARI ba="2,1" hai="1,3,5,6,8,11,18,22,26,37,39,93,97,100" machi="6" ten="30,12000,2" yaku="1,1,0,1,9,1,52,1,53,2" doraHai="88" doraHaiUra="71" who="0" fromWho="0" sc="193,136,346,-62,228,-32,223,-32" /><INIT seed="2,0,0,1,5,82" ten="329,284,196,191" oya="2" hai0="23,54,80,88,46,22,76,114,115,33,110,87,2" hai1="26,18,50,67,6,129,16,96,99,37,28,45,97" hai2="128,48,86,113,121,75,17,32,19,105,98,93,60" hai3="5,21,41,107,108,20,51,122,47,72,131,89,112"/><V63/><F113/><W79/><G122/><T123/><D110/><U90/><E37/><V13/><F121/><W100/><G108/><T30/><D2/><U14/><E6/><V135/><F75/><W77/><G131/><T59/><D123/><U70/><E129/><V49/><F32/><W53/><G112/><T64/><D33/><U103/><E90/><V1/><F1/><W69/><G69/><T44/><D64/><U91/><E91/><N who="2" m="55615" /><F105/><W42/><G5/><T73/><D114/><U38/><E38/><V3/><F3/><W95/><G100/><T83/><D115/><U4/><E4/><V120/><F135/><W119/><G107/><T31/><D22/><N who="3" m="8809" /><G72/><T126/><D126/><U34/><E103/><V94/><F128/><W58/><G119/><T25/><D30/><U11/><E70/><V68/><F68/><W36/><G36/><T24/><D24/><U104/><E104/><V56/><F120/><W117/><G117/><T71/><D71/><U35/><E35/><V9/><F19/><W29/><G29/><T55/><D55/><U27/><E18/><V133/><F133/><W101/><G101/><T84/><D73/><U118/><E118/><V111/><F111/><W74/><G74/><T132/><D132/><U85/><E28/><V92/><F60/><AGARI ba="0,0" hai="23,25,31,44,46,54,59,60,76,80,83,84,87,88" machi="60" ten="30,8000,1" yaku="7,1,8,1,52,2,54,1" doraHai="82" who="0" fromWho="2" sc="329,80,284,0,196,-80,191,0" /><INIT seed="3,0,0,1,0,90" ten="409,284,116,191" oya="3" hai0="67,61,70,113,101,63,92,26,19,49,23,33,30" hai1="68,109,107,55,73,124,25,77,104,71,37,91,79" hai2="54,14,24,17,115,40,46,130,42,121,80,99,4" hai3="6,133,98,125,10,131,129,9,102,110,134,47,100"/><W120/><G120/><T96/><D113/><U103/><E37/><V97/><F115/><W2/><G47/><T8/><D49/><U43/><E91/><V60/><F121/><W51/><G51/><T83/><D83/><U94/><E25/><V95/><F130/><N who="3" m="49675" /><G110/><T72/><D72/><U122/><E55/><V41/><F4/><W13/><G100/><T117/><D117/><U0/><E0/><V27/><F80/><W118/><G118/><T11/><D63/><U93/><E103/><V127/><F127/><W74/><G74/><T123/><D123/><U20/><E122/><V15/><F46/><W57/><G57/><T85/><D85/><U52/><E109/><V65/><F65/><W3/><G3/><T126/><D126/><U29/><E73/><V119/><F119/><W22/><G22/><T88/><D101/><U132/><E20/><V36/><F36/><W64/><G64/><T76/><D76/><U116/><E124/><V56/><F97/><W31/><G31/><T89/><D89/><U50/><E29/><V62/><F62/><W106/><G125/><T87/><D96/><U18/><E50/><V86/><F86/><W128/><N who="3" m="49683" /><W78/><DORA hai="66" /><G78/><T35/><D35/><U1/><E79/><V12/><REACH who="2" step="1"/><F17/><AGARI ba="0,0" hai="2,6,9,10,13,17,98,102,106,133,134" m="49683" machi="17" ten="40,2000,0" yaku="19,1" doraHai="90,66" who="3" fromWho="2" sc="409,0,284,0,116,-20,191,20" /><INIT seed="3,1,0,4,5,120" ten="409,284,96,211" oya="3" hai0="17,30,95,77,27,43,59,35,127,91,25,100,6" hai1="126,130,10,109,88,51,58,90,110,68,74,47,16" hai2="111,52,12,134,101,106,69,55,92,22,73,5,72" hai3="49,23,99,87,83,38,108,113,81,20,39,132,104"/><W41/><G113/><T84/><D127/><U80/><E68/><V40/><F69/><W44/><G132/><T34/><D6/><U37/><E37/><V13/><F106/><W45/><G104/><T119/><D119/><U71/><E71/><V85/><F134/><W4/><G4/><T48/><D100/><U112/><E112/><V128/><F128/><W121/><G121/><T46/><D77/><U97/><E126/><V66/><F66/><W131/><G131/><T18/><D59/><U36/><E36/><V75/><F40/><W7/><G7/><T89/><D89/><U9/><E130/><V31/><F111/><N who="1" m="42505" /><E58/><V79/><F79/><W93/><G108/><T0/><D0/><U14/><E9/><V103/><F5/><W42/><G49/><T94/><D94/><N who="1" m="56519" /><E90/><V123/><F123/><W114/><G114/><T53/><D91/><U115/><E115/><V78/><F78/><W57/><G57/><T82/><D95/><U21/><E10/><V124/><F124/><W2/><G2/><T125/><D125/><U56/><E56/><V135/><F135/><W98/><G93/><T50/><D46/><U19/><E19/><V32/><F32/><W107/><G107/><T117/><D17/><U102/><E102/><V67/><F67/><W64/><G64/><T26/><D18/><U65/><E65/><V3/><F3/><W86/><AGARI ba="1,0" hai="20,23,38,39,41,42,44,45,81,83,86,87,98,99" machi="86" ten="25,4800,0" yaku="0,1,22,2" doraHai="120" who="3" fromWho="3" sc="409,-17,284,-17,96,-17,211,51" /><INIT seed="3,2,0,3,3,117" ten="392,267,79,262" oya="3" hai0="73,121,101,81,112,32,67,14,119,22,41,12,26" hai1="105,102,134,98,104,9,108,53,39,7,133,52,48" hai2="125,24,17,118,5,58,77,96,47,82,45,43,2" hai3="122,57,80,27,131,61,74,106,38,87,29,42,97"/><W88/><G131/><T99/><D121/><U30/><E39/><V3/><F125/><W15/><G74/><T130/><D119/><U33/><E108/><V62/><F118/><W116/><G116/><T70/><D130/><U76/><E76/><V93/><F3/><W109/><G109/><T18/><D112/><U37/><E37/><V35/><F35/><W84/><G15/><T54/><D41/><U127/><E127/><V34/><F34/><W90/><G42/><T59/><D70/><U83/><E83/><V25/><F5/><W63/><G38/><T44/><D67/><U68/><E68/><V64/><F2/><W123/><G97/><T8/><D44/><U115/><E115/><V36/><F25/><W55/><G106/><T0/><D32/><U66/><E66/><V69/><F69/><W135/><G135/><N who="1" m="51722" /><E48/><V79/><F43/><W60/><G27/><T46/><D46/><U103/><E103/><V110/><F36/><W129/><G29/><T91/><D0/><N who="1" m="231" /><E105/><V28/><F110/><W120/><REACH who="3" step="1"/><G129/><REACH who="3" ten="392,267,79,252" step="2"/><T16/><D99/><U23/><E33/><V128/><F128/><W75/><G75/><T86/><D73/><U10/><E10/><V40/><F40/><W56/><G56/><T31/><D8/><U72/><E72/><N who="2" m="43303" /><F79/><W51/><G51/><T126/><D126/><U71/><E71/><V107/><F107/><W124/><G124/><T95/><D59/><U132/><E132/><V100/><F28/><W19/><G19/><T13/><D12/><U50/><E50/><V6/><F6/><W111/><G111/><T113/><D113/><RYUUKYOKU ba="2,1" sc="392,-30,267,10,79,10,252,10" hai1="23,30,52,53,98,102,104" hai2="17,24,45,47,58,62,64,93,96,100" hai3="55,57,60,61,63,80,84,87,88,90,120,122,123" /><INIT seed="3,3,1,4,0,73" ten="362,277,89,262" oya="3" hai0="133,8,50,6,134,125,36,15,37,119,40,44,24" hai1="111,32,89,56,91,102,112,126,115,66,94,53,80" hai2="135,116,108,75,34,22,55,70,87,1,48,131,81" hai3="106,4,9,107,52,62,83,109,98,33,43,90,82"/><W67/><G33/><T2/><D119/><U3/><E32/><V23/><F55/><W46/><G109/><T79/><D125/><U74/><E3/><V130/><F48/><W11/><G11/><N who="0" m="2519" /><D79/><U122/><E122/><V105/><F87/><W121/><G121/><T0/><D24/><U113/><E126/><V54/><F54/><W59/><G83/><T41/><D41/><U28/><E28/><V88/><F88/><W128/><G128/><T12/><D0/><U69/><E111/><V29/><F22/><W25/><G25/><T5/><D15/><U86/><E74/><V13/><F23/><W117/><G117/><T84/><D84/><U127/><E127/><V100/><F100/><W51/><G82/><T39/><D50/><U42/><E42/><V123/><F13/><W57/><G90/><T49/><D49/><U64/><E102/><V47/><F47/><W65/><G98/><T19/><D19/><U27/><E27/><V63/><F63/><W21/><G21/><T92/><D92/><U77/><E69/><V7/><F7/><W35/><G35/><T120/><D120/><U132/><E91/><V58/><F58/><W68/><G67/><T85/><D85/><U71/><E71/><V30/><F81/><W129/><G59/><T14/><D14/><U97/><E66/><V118/><F29/><W20/><G20/><T31/><D31/><U99/><E64/><V103/><F30/><W61/><REACH who="3" step="1"/><G129/><REACH who="3" ten="362,277,89,252" step="2"/><T124/><D124/><U104/><E99/><V114/><F131/><W101/><G101/><T10/><D10/><U110/><E110/><RYUUKYOKU ba="3,2" sc="362,15,277,-15,89,-15,252,15" hai0="5,8,12,36,37,39,40,44,133,134" hai3="4,9,43,46,51,52,57,61,62,65,68,106,107" /><INIT seed="3,4,2,1,1,114" ten="377,262,74,267" oya="3" hai0="81,11,96,106,41,13,95,17,84,1,79,66,105" hai1="104,69,102,73,10,28,44,58,83,98,56,42,120" hai2="94,80,124,128,86,34,36,123,19,50,47,43,127" hai3="131,14,72,23,78,132,115,61,77,62,129,119,116"/><W54/><G115/><T74/><D66/><U38/><E69/><V76/><F19/><N who="3" m="10743" /><G132/><T53/><D41/><U2/><E120/><V63/><F94/><W57/><G62/><T26/><D1/><U135/><E28/><V3/><F86/><W93/><G93/><T6/><D74/><U90/><E135/><V33/><F80/><N who="3" m="45095" /><G78/><T122/><D122/><U32/><E32/><V130/><F76/><W7/><G7/><T30/><D53/><U0/><E73/><V22/><F22/><W20/><G20/><N who="0" m="15687" /><D106/><U31/><E31/><V55/><F3/><W65/><G65/><T133/><D105/><U48/><E10/><V101/><F101/><W46/><G46/><T88/><D133/><U40/><E40/><V52/><F33/><W8/><G8/><T110/><D6/><U113/><E113/><V103/><F103/><W64/><G64/><T71/><D71/><U109/><E38/><V35/><F34/><W121/><G121/><T24/><D24/><U134/><E134/><V12/><F12/><W18/><G18/><T97/><D97/><U107/><E2/><V85/><F85/><W25/><G25/><T68/><D68/><U92/><E0/><V5/><F5/><W21/><G21/><T15/><D15/><U60/><E107/><V117/><F35/><W16/><G16/><T39/><D39/><U99/><E104/><V91/><F91/><W70/><G70/><T108/><D96/><U49/><E99/><V87/><F87/><W125/><G125/><N who="2" m="48201" /><F123/><W9/><G131/><N who="2" m="50217" /><F117/><W89/><G129/><T51/><D95/><U118/><E118/><RYUUKYOKU ba="4,2" sc="377,0,262,0,74,0,267,0" owari="397,49.7,262,-13.8,74,-42.6,267,6.7" /></mjloggm>