<mjloggm ver="2.3"><GO type="225" lobby="0"/><UN n0="%E7%99%BD%E6%97%A5%E9%9B%AA%E8%8F%9C" n1="%72%69%6F%75%63%68%61%6E" n2="%E8%BE%9B%E5%8F%A3%E3%82%AB%E3%83%AC%E3%83%BC%E3%83%A9%E3%82%A4%E3%82%B9" n3="%6E%69%63%6F%6E%74%6F" dan="16,16,16,17" rate="2163.17,2118.29,2220.10,2137.78" sx="M,M,M,M"/><TAIKYOKU oya="0"/><INIT seed="0,0,0,2,4,33" ten="250,250,250,250" oya="0" hai0="107,95,51,1,129,52,32,104,47,45,53,44,21" hai1="12,96,123,7,63,77,127,72,120,28,93,109,70" hai2="88,54,91,42,92,60,67,86,74,64,110,57,30" hai3="26,112,39,132,116,134,9,101,102,114,117,24,3"/><T5/><D32/><U58/><E109/><V8/><F110/><W97/><G39/><T131/><D21/><U94/><E127/><V80/><F30/><W84/><G84/><T68/><D68/><U35/><E70/><V59/><F74/><W99/><REACH who="3" step="1"/><G9/><REACH who="3" ten="250,250,250,240" step="2"/><N who="0" m="2223" /><D95/><U82/><E94/><V75/><F8/><W13/><G13/><T18/><D107/><U0/><E12/><V121/><F75/><W73/><G73/><T119/><D104/><U17/><E72/><V65/><F121/><W49/><G49/><N who="0" m="28711" /><D119/><U56/><E123/><V87/><REACH who="2" step="1"/><F42/><REACH who="2" ten="250,250,240,240" step="2"/><W11/><G11/><T81/><D131/><U41/><E41/><V4/><F4/><W113/><G113/><T6/><D129/><U10/><E7/><V34/><F34/><W71/><G71/><T36/><D6/><U103/><E120/><V124/><F124/><W38/><G38/><T90/><D36/><U135/><E10/><V126/><F126/><W85/><G85/><T16/><D51/><AGARI ba="0,2" hai="51,54,57,59,60,64,65,67,80,86,87,88,91,92" machi="51" ten="30,7700,0" yaku="1,1,7,1,8,1,54,1,53,0" doraHai="33" doraHaiUra="31" who="2" fromWho="0" sc="250,-77,250,0,240,97,240,0" /><INIT seed="1,0,0,4,1,24" ten="173,250,337,240" oya="1" hai0="28,31,118,94,27,25,102,26,106,123,127,80,130" hai1="42,59,79,128,6,88,7,83,20,96,18,41,92" hai2="117,82,109,13,119,67,57,98,99,113,47,89,66" hai3="91,21,86,108,125,95,76,55,9,8,69,110,4"/><U19/><E128/><V37/><F109/><N who="3" m="42091" /><G69/><T70/><D118/><U10/><E59/><V93/><F113/><W97/><G125/><T0/><D130/><U120/><E120/><V35/><F35/><W43/><G43/><T104/><D70/><U39/><E39/><V32/><F32/><W63/><G21/><T133/><D0/><U17/><E20/><V12/><F82/><N who="3" m="47431" /><G4/><T51/><D127/><U53/><E53/><V111/><F111/><W129/><G129/><T90/><D123/><U114/><E114/><V22/><F22/><W126/><G126/><T36/><D36/><U107/><E107/><V68/><F68/><W44/><G44/><T56/><D133/><U46/><E46/><V50/><F47/><W61/><G61/><T65/><D106/><U73/><REACH who="1" step="1"/><E6/><REACH who="1" ten="173,240,337,240" step="2"/><V135/><F37/><W34/><G34/><T84/><D104/><U23/><E23/><V115/><F57/><AGARI ba="0,1" hai="8,9,55,57,63,91,95,97" m="47431,42091" machi="57" ten="30,1000,0" yaku="14,1" doraHai="24" who="3" fromWho="2" sc="173,0,240,0,337,-10,240,20" /><INIT seed="2,0,0,4,2,62" ten="173,240,327,260" oya="2" hai0="38,43,63,86,124,120,94,49,116,93,66,34,102" hai1="41,73,4,81,99,39,58,47,76,104,97,21,15" hai2="54,121,29,11,31,77,68,13,110,65,87,91,20" hai3="115,125,79,105,9,85,33,8,83,0,46,118,112"/><V119/><F119/><W117/><G33/><T27/><D120/><U44/><E104/><V18/><F121/><W23/><G46/><T35/><D38/><U128/><E128/><V129/><F129/><W6/><G105/><T16/><D116/><U95/><E44/><V30/><F110/><W64/><G125/><T113/><D113/><N who="3" m="43593" /><G23/><T108/><D108/><U133/><E133/><V52/><F77/><W10/><G10/><T126/><D43/><U48/><E95/><V37/><F37/><W101/><G101/><T24/><D49/><U100/><E100/><V92/><REACH who="2" step="1"/><F11/><REACH who="2" ten="173,240,317,260" step="2"/><W19/><G9/><T12/><D124/><U40/><E39/><V72/><F72/><W67/><G118/><T26/><D126/><U7/><E76/><V107/><F107/><W103/><G117/><T59/><D102/><U60/><E73/><V106/><F106/><W61/><G103/><T89/><REACH who="0" step="1"/><D94/><REACH who="0" ten="163,240,317,260" step="2"/><U123/><E123/><V78/><F78/><W130/><G130/><T55/><D55/><U56/><E40/><V90/><F90/><W22/><G61/><AGARI ba="0,2" hai="13,18,20,29,30,31,52,54,61,65,68,87,91,92" machi="61" ten="40,7700,0" yaku="1,1,52,1,54,1,53,0" doraHai="62" doraHaiUra="122" who="2" fromWho="3" sc="163,0,240,0,317,97,260,-77" /><INIT seed="2,1,0,0,4,129" ten="163,240,414,183" oya="2" hai0="22,6,61,107,116,60,98,103,70,58,63,47,12" hai1="74,93,64,18,28,81,80,36,123,94,88,102,78" hai2="112,37,128,44,43,57,41,8,26,54,66,34,119" hai3="5,105,13,87,85,73,84,72,101,132,4,97,23"/><V19/><F112/><W108/><G108/><T113/><D113/><U40/><E123/><V15/><F119/><W20/><G132/><T3/><D116/><U90/><E28/><V114/><F114/><W122/><G122/><T38/><D70/><U127/><E127/><V77/><F77/><W95/><G105/><T96/><D3/><U134/><E64/><V117/><F128/><W92/><G13/><T125/><D125/><U14/><E134/><V82/><F82/><W130/><G130/><T52/><D96/><U100/><E80/><V65/><F43/><W2/><G2/><T135/><D135/><U89/><E36/><V120/><F34/><W111/><G111/><T1/><D1/><U53/><E40/><V124/><F26/><W39/><G39/><T55/><D22/><U21/><REACH who="1" step="1"/><E53/><REACH who="1" ten="163,230,414,183" step="2"/><V24/><F54/><W106/><G73/><T30/><D30/><U31/><E31/><V62/><F41/><W25/><G72/><T33/><D33/><U133/><E133/><V29/><F37/><W35/><G35/><T48/><REACH who="0" step="1"/><D38/><REACH who="0" ten="153,230,414,183" step="2"/><U86/><E86/><V126/><F29/><W42/><G87/><T59/><D59/><U10/><E10/><AGARI ba="1,2" hai="6,10,12,47,48,52,55,58,60,61,63,98,103,107" machi="10" ten="40,2600,0" yaku="1,1,54,1,53,0" doraHai="129" doraHaiUra="32" who="0" fromWho="1" sc="153,49,230,-29,414,0,183,0" /><INIT seed="3,0,0,4,2,65" ten="202,201,414,183" oya="3" hai0="96,113,23,111,35,76,49,51,48,121,73,2,72" hai1="39,110,87,43,16,12,102,1,4,17,53,11,36" hai2="124,119,77,62,46,63,107,78,5,30,42,104,8" hai3="120,105,10,26,80,101,59,75,38,24,29,13,94"/><W21/><G120/><T81/><D35/><U85/><E110/><V61/><F30/><W70/><G70/><T50/><D2/><U109/><E109/><V86/><F124/><W15/><G38/><T125/><D121/><U115/><E115/><V79/><F86/><W131/><G131/><T100/><D111/><U127/><E127/><V108/><F119/><W18/><G105/><T130/><D125/><U71/><E71/><V132/><F132/><W69/><G69/><T3/><D3/><U103/><E43/><V7/><F108/><W47/><G47/><T14/><D130/><U117/><E117/><V32/><F32/><W133/><G133/><T95/><D113/><U41/><E41/><V134/><F134/><W66/><G75/><T92/><D51/><U135/><E135/><V99/><F99/><N who="3" m="59639" /><G80/><T82/><D95/><U58/><E36/><V19/><F104/><W88/><G88/><T44/><D81/><U57/><E39/><V112/><F107/><W55/><G66/><T20/><D72/><U98/><E58/><V64/><F64/><W33/><G10/><T54/><D23/><U45/><E45/><V74/><F74/><W106/><G106/><T68/><D68/><U25/><E1/><V34/><F34/><W6/><G6/><T67/><D67/><U28/><E103/><V37/><F112/><W114/><G114/><T84/><D73/><U52/><E102/><V9/><F9/><W40/><G40/><T60/><D60/><N who="1" m="35879" /><E98/><V91/><F37/><W128/><G128/><T31/><D31/><U22/><E53/><V126/><F91/><RYUUKYOKU ba="0,0" sc="202,10,201,10,414,-30,183,10" hai0="14,20,44,48,49,50,54,76,82,84,92,96,100" hai1="4,11,12,16,17,22,25,28,85,87" hai3="13,15,18,21,24,26,29,33,55,59" /><INIT seed="3,1,0,4,0,83" ten="212,211,384,193" oya="3" hai0="108,64,30,47,43,86,42,96,94,81,90,66,132" hai1="26,99,67,91,12,18,50,62,27,74,122,130,100" hai2="4,8,114,126,101,16,24,48,32,22,113,92,40" hai3="28,72,70,60,116,15,63,112,13,125,17,128,56"/><W41/><G112/><T44/><D108/><U37/><E122/><V55/><F40/><N who="0" m="15402" /><D30/><U79/><E37/><V102/><F32/><W38/><G116/><T89/><D132/><U117/><E117/><V34/><F34/><W133/><G72/><T103/><D103/><U84/><E130/><V118/><F118/><W53/><G133/><T95/><D94/><N who="1" m="58487" /><E79/><V124/><F92/><W68/><G128/><T121/><D121/><U85/><E74/><V69/><F69/><W115/><G115/><T33/><D33/><U51/><E85/><V111/><F102/><W1/><G1/><T45/><AGARI ba="1,0" hai="44,45,47,64,66,81,86,89,90,95,96" m="15402" machi="45" ten="30,2000,0" yaku="8,1,52,1" doraHai="83" who="0" fromWho="0" sc="212,23,211,-6,384,-6,193,-11" owari="235,3.5,205,-19.5,378,47.8,182,-31.8" /></mjloggm>