<mjloggm ver="2.3"><GO type="225" lobby="0"/><UN n0="%E8%BE%9B%E5%8F%A3%E3%82%AB%E3%83%AC%E3%83%BC%E3%83%A9%E3%82%A4%E3%82%B9" n1="%28%EF%BF%A3%E2%96%BD%EF%BF%A3%29%CE%B4%E2%8C%92%E3%83%BB" n2="%E6%A1%9C%E8%8A%B1%E9%96%83%E3%80%85" n3="%E6%A0%B9%E5%85%83%E3%81%8B%E3%82%89%E5%90%B9%E3%81%A3%E9%A3%9B%E3%81%B6" dan="18,16,16,17" rate="2288.39,2209.37,2140.88,2146.76" sx="M,M,M,F"/><TAIKYOKU oya="0"/><INIT seed="0,0,0,5,5,135" ten="250,250,250,250" oya="0" hai0="113,36,61,16,119,104,71,43,125,93,14,5,47" hai1="35,60,69,109,24,128,115,11,68,108,15,131,85" hai2="17,65,50,82,23,46,110,18,21,27,78,40,55" hai3="122,59,26,7,72,62,32,132,33,129,123,77,88"/><T0/><D104/><U98/><E115/><V101/><F110/><N who="1" m="42601" /><E60/><V76/><F65/><W99/><G129/><N who="1" m="49738" /><E85/><V130/><F130/><W44/><G7/><T126/><D113/><U22/><E98/><V9/><F9/><W31/><G132/><T73/><D119/><U67/><E67/><V81/><F101/><W41/><G72/><T134/><D134/><U100/><E100/><V97/><F97/><W19/><G19/><T45/><D73/><U54/><E54/><V111/><F55/><W12/><G77/><N who="2" m="29801" /><F111/><W106/><G106/><T124/><D93/><U112/><E35/><V34/><F34/><W83/><G33/><T28/><D61/><U120/><E112/><V48/><F48/><W87/><G99/><T94/><D94/><U39/><E39/><V95/><F95/><W133/><G133/><T51/><D71/><U66/><E66/><V49/><F49/><W74/><G74/><T84/><D84/><U91/><E91/><V90/><F90/><W118/><G88/><T8/><D51/><U42/><E42/><V3/><F82/><W2/><G83/><T102/><D102/><U20/><E120/><V10/><F81/><W79/><G41/><T4/><D47/><U56/><E56/><V107/><F107/><W38/><G44/><T114/><D114/><U37/><E37/><V92/><F92/><W63/><G38/><T121/><D121/><U29/><E22/><V75/><F75/><W127/><G123/><T80/><D80/><U25/><E25/><N who="2" m="14511" /><F10/><W52/><G122/><T86/><D36/><U57/><E57/><V13/><F27/><RYUUKYOKU ba="0,0" sc="250,-15,250,15,250,15,250,-15" hai1="11,15,20,24,29,68,69" hai2="3,13,18,23,40,46,50" /><INIT seed="1,1,0,1,0,52" ten="235,265,265,235" oya="1" hai0="133,131,28,62,127,14,98,49,69,73,118,1,130" hai1="33,78,53,122,104,95,29,103,64,67,19,101,89" hai2="3,36,108,70,9,92,0,46,30,111,42,8,112" hai3="24,20,132,106,44,94,77,38,4,115,71,109,120"/><U105/><E122/><V35/><F70/><W100/><G115/><T50/><D1/><N who="2" m="586" /><F112/><W26/><G71/><T116/><D73/><U34/><E78/><V51/><F92/><W85/><G106/><T123/><D123/><U129/><E53/><V57/><F51/><N who="0" m="19466" /><D28/><U96/><E129/><N who="0" m="49161" /><D98/><U91/><E29/><V56/><F30/><W124/><G24/><T17/><D133/><U65/><E19/><V86/><F86/><W47/><G26/><T55/><D127/><U13/><E13/><V41/><F35/><W23/><G132/><T90/><D90/><U68/><E68/><V58/><F42/><W45/><G124/><T74/><D74/><U63/><E63/><V107/><F107/><W59/><G120/><T82/><D82/><U5/><E5/><V54/><F54/><W80/><G45/><T113/><D113/><U76/><E105/><V2/><F2/><W43/><G44/><T60/><D69/><U79/><E104/><V83/><F83/><W99/><G47/><T117/><D55/><U32/><E79/><V81/><F81/><W66/><G43/><T21/><AGARI ba="1,0" hai="14,17,21,60,62,116,117,118" m="49161,19466" machi="21" ten="40,1500,0" yaku="19,1" doraHai="52" who="0" fromWho="0" sc="235,18,265,-8,265,-5,235,-5" /><INIT seed="2,0,0,4,0,95" ten="253,257,260,230" oya="2" hai0="68,83,31,114,66,88,118,26,113,82,128,46,60" hai1="110,16,42,49,77,71,37,18,119,104,72,2,35" hai2="92,63,14,93,36,7,3,135,58,10,41,50,120" hai3="1,53,34,74,0,86,28,98,91,131,127,100,9"/><V8/><F120/><W122/><G122/><T85/><D128/><U4/><E71/><V19/><F135/><W61/><G131/><T25/><D118/><U79/><E35/><V115/><F115/><W105/><G127/><T108/><D108/><U112/><E112/><V65/><REACH who="2" step="1"/><F50/><REACH who="2" ten="253,257,250,230" step="2"/><W94/><G74/><T27/><D31/><U109/><E49/><V5/><F5/><W12/><G28/><T84/><REACH who="0" step="1"/><D46/><AGARI ba="0,1" hai="3,7,8,10,14,19,36,41,46,58,63,65,92,93" machi="46" ten="40,2000,0" yaku="1,1,53,0" doraHai="95" doraHaiUra="134" who="2" fromWho="0" sc="253,-20,257,0,250,30,230,0" /><INIT seed="2,1,0,0,0,91" ten="233,257,280,230" oya="2" hai0="31,122,37,78,103,19,108,32,98,84,112,29,129" hai1="33,125,69,50,74,21,7,104,102,16,105,15,13" hai2="73,47,40,85,113,36,135,70,57,9,96,107,46" hai3="41,66,0,2,119,75,1,5,48,45,34,42,23"/><V93/><F113/><W82/><G119/><T8/><D122/><U18/><E74/><V100/><F70/><W87/><G34/><T77/><D112/><U56/><E69/><V67/><F73/><W54/><G75/><T20/><D37/><U10/><E33/><V38/><F135/><W80/><G66/><T92/><D108/><U63/><E125/><V44/><F9/><W81/><G5/><T71/><D71/><U132/><E132/><V61/><REACH who="2" step="1"/><F40/><REACH who="2" ten="233,257,270,230" step="2"/><W134/><G134/><T53/><D8/><U127/><E127/><V62/><F62/><W124/><G124/><T43/><D43/><U131/><E63/><V115/><F115/><W14/><G42/><T89/><D129/><U126/><E131/><V4/><F4/><W3/><G41/><T30/><D32/><U114/><E126/><V22/><F22/><W72/><G72/><T39/><D39/><U111/><E114/><V76/><F76/><W123/><G123/><T58/><D20/><U11/><E111/><V86/><F86/><W68/><G68/><T95/><D19/><U25/><E7/><V60/><F60/><AGARI ba="1,1" hai="29,30,31,53,58,60,77,78,84,89,92,95,98,103" machi="60" ten="40,5200,0" yaku="8,1,52,2" doraHai="91" who="0" fromWho="2" sc="233,65,257,0,270,-55,230,0" /><INIT seed="3,0,0,0,4,11" ten="298,257,215,230" oya="3" hai0="91,19,7,37,125,97,54,120,32,126,115,86,70" hai1="79,26,82,104,129,10,101,41,134,40,105,25,52" hai2="89,29,99,59,118,43,121,132,109,76,75,4,44" hai3="106,67,23,110,117,71,61,46,27,94,66,63,47"/><W1/><G117/><T116/><D116/><U69/><E69/><V92/><F118/><W33/><G106/><T49/><D120/><U96/><E105/><V131/><F121/><W77/><G1/><T123/><D123/><U93/><E104/><V98/><F109/><W0/><G0/><T28/><D37/><U57/><E129/><V130/><F132/><W38/><G33/><T90/><D70/><U53/><E53/><V35/><F4/><W135/><G135/><T119/><D119/><U72/><E134/><V34/><F59/><W83/><G38/><T107/><D7/><U114/><E114/><V133/><F99/><W68/><G94/><T18/><D28/><U50/><REACH who="1" step="1"/><E10/><REACH who="1" ten="298,247,215,230" step="2"/><V112/><F133/><W12/><G110/><T22/><D115/><U62/><E62/><V65/><F112/><W5/><G63/><T15/><D107/><U87/><E87/><V14/><F65/><W55/><G55/><T111/><D111/><U2/><E2/><V17/><F131/><W3/><G3/><T39/><D86/><U113/><E113/><V102/><F130/><W73/><G67/><T42/><D54/><U100/><E100/><V36/><F102/><W45/><G61/><T81/><D42/><AGARI ba="0,1" hai="25,26,40,41,42,50,52,57,72,79,82,93,96,101" machi="42" ten="40,2600,0" yaku="1,1,54,1,53,0" doraHai="11" doraHaiUra="122" who="1" fromWho="0" sc="298,-26,247,36,215,0,230,0" /><INIT seed="4,0,0,1,3,1" ten="272,283,215,230" oya="0" hai0="90,109,53,62,88,6,132,82,56,7,31,61,68" hai1="86,134,96,69,100,94,114,51,92,131,60,45,102" hai2="75,33,116,38,91,85,28,97,125,14,107,126,36" hai3="49,108,30,101,41,80,84,121,42,111,72,52,29"/><T99/><D132/><U47/><E134/><V23/><F75/><W55/><G72/><T118/><D118/><U120/><E120/><V10/><F33/><W8/><G121/><T122/><D122/><U43/><E131/><V112/><F116/><W127/><G127/><N who="2" m="48649" /><F112/><W87/><G101/><T9/><D109/><U22/><E114/><V34/><F34/><W5/><G111/><T46/><D31/><N who="3" m="11785" /><G55/><T63/><D46/><U93/><E22/><V89/><F107/><W83/><G87/><N who="0" m="50295" /><D68/><U65/><E100/><V54/><F97/><W25/><G25/><T103/><D103/><U0/><E0/><V128/><F54/><W39/><G83/><T117/><D117/><U64/><E64/><V26/><F128/><W115/><G39/><N who="2" m="14889" /><F85/><W106/><G106/><T98/><D9/><U119/><E119/><V21/><F21/><W44/><G108/><T129/><D129/><U12/><E86/><V123/><F123/><W73/><G73/><T104/><D104/><U37/><REACH who="1" step="1"/><E12/><REACH who="1" ten="272,273,215,230" step="2"/><V58/><F58/><W27/><G115/><T18/><D99/><U17/><E17/><AGARI ba="0,1" hai="10,14,17,23,26,28,89,91" m="14889,48649" machi="17" ten="30,1000,0" yaku="18,1" doraHai="1" who="2" fromWho="1" sc="272,0,273,-10,215,20,230,0" /><INIT seed="5,0,0,0,2,56" ten="272,263,235,230" oya="1" hai0="47,57,26,134,74,4,9,76,50,66,126,82,6" hai1="45,32,27,118,11,100,88,43,106,87,65,110,105" hai2="84,128,60,78,68,114,83,18,98,123,120,22,96" hai3="62,31,109,90,99,35,130,67,131,52,3,25,39"/><U108/><E118/><V64/><F128/><N who="3" m="49195" /><G39/><T2/><D126/><U97/><E11/><V101/><F114/><W71/><G3/><T37/><D134/><U115/><E115/><V53/><F53/><W70/><G109/><N who="1" m="42090" /><E65/><V46/><F46/><W107/><G90/><T117/><D117/><U13/><E13/><V73/><F73/><W95/><G95/><T36/><D6/><U24/><E106/><V20/><F120/><W30/><G30/><T86/><D26/><U40/><E32/><V34/><F123/><W135/><G52/><T58/><D86/><U23/><E23/><V122/><F34/><W93/><G93/><T61/><REACH who="0" step="1"/><D58/><REACH who="0" ten="262,263,235,230" step="2"/><U28/><E27/><V55/><F122/><W111/><G111/><T48/><D48/><U77/><E24/><V129/><F129/><W133/><G71/><T17/><D17/><U8/><E87/><V10/><F84/><W29/><G29/><T91/><D91/><U81/><E88/><V92/><F68/><W59/><G59/><T121/><D121/><U85/><E28/><V5/><F18/><W51/><G51/><T42/><AGARI ba="0,1" hai="2,4,9,36,37,42,47,50,57,61,66,74,76,82" machi="42" ten="20,5200,0" yaku="1,1,0,1,7,1,52,1,53,0" doraHai="56" doraHaiUra="12" who="0" fromWho="0" sc="262,62,263,-26,235,-13,230,-13" owari="324,42.4,237,3.7,222,-17.8,217,-28.3" /></mjloggm>