<mjloggm ver="2.3"><GO type="225" lobby="0"/><UN n0="%72%69%6F%75%63%68%61%6E" n1="%E3%83%8F%E3%82%AC%E3%82%BF%E3%82%AB%E3%81%AE%E3%81%88%E3%81%98%E3%81%8D" n2="%73%6C%69%63%6B%33%31%39" n3="%E3%81%94%E3%81%BE%E3%81%A1%E3%82%83%E3%82%93%36%36" dan="17,16,16,17" rate="2180.79,2151.11,2158.03,2145.20" sx="M,M,M,M"/><TAIKYOKU oya="0"/><INIT seed="0,0,0,3,1,77" ten="250,250,250,250" oya="0" hai0="67,116,94,44,71,72,27,8,127,80,64,126,108" hai1="105,78,121,47,129,92,29,51,55,96,31,124,0" hai2="66,109,74,6,104,40,43,115,79,30,20,68,17" hai3="102,21,122,25,2,60,7,22,100,4,35,86,14"/><T59/><D116/><U106/><E121/><V90/><F115/><W91/><G122/><T61/><D108/><U87/><E0/><V81/><F104/><W82/><G35/><T50/><D27/><U119/><E119/><V70/><F109/><W63/><G2/><T53/><D8/><U97/><E124/><N who="0" m="47657" /><D94/><U37/><E37/><V49/><F30/><N who="3" m="17711" /><G22/><T62/><D72/><U23/><E129/><V93/><F6/><N who="3" m="2091" /><G14/><T103/><D103/><AGARI ba="0,0" hai="60,63,82,86,91,100,102,103" m="2091,17711" machi="103" ten="30,2000,0" yaku="8,1,52,1" doraHai="77" who="3" fromWho="0" sc="250,-20,250,0,250,0,250,20" /><INIT seed="1,0,0,0,2,117" ten="230,250,250,270" oya="1" hai0="77,101,53,115,93,130,94,95,56,88,63,19,26" hai1="84,32,35,106,9,69,76,52,23,128,47,48,113" hai2="43,70,87,7,103,133,73,90,57,112,4,86,29" hai3="62,68,59,79,91,82,3,127,71,10,31,110,104"/><U99/><E113/><V40/><F70/><W85/><G104/><T39/><D115/><U41/><E69/><V105/><F73/><W118/><G118/><T74/><D130/><U0/><E128/><V44/><F112/><W21/><G127/><T89/><D39/><U16/><E106/><V6/><F133/><W49/><G110/><T13/><D101/><U54/><E99/><V98/><F29/><W11/><G49/><T20/><REACH who="0" step="1"/><D26/><REACH who="0" ten="220,250,250,270" step="2"/><U61/><E35/><V8/><F103/><W108/><G108/><T45/><D45/><U107/><E32/><V121/><F105/><W67/><G68/><T33/><D33/><U80/><E107/><V135/><F135/><W38/><G38/><T120/><D120/><U55/><E0/><V114/><F114/><W111/><G111/><T81/><AGARI ba="0,1" hai="13,19,20,53,56,63,74,77,81,88,89,93,94,95" machi="81" ten="30,4000,0" yaku="1,1,0,1,54,1,53,0" doraHai="117" doraHaiUra="30" who="0" fromWho="0" sc="220,50,250,-20,250,-10,270,-10" /><INIT seed="2,0,0,2,5,64" ten="270,230,240,260" oya="2" hai0="121,118,0,102,87,75,86,5,74,110,59,68,52" hai1="109,35,15,133,78,115,26,36,77,37,32,129,92" hai2="116,63,123,106,132,128,39,7,80,28,108,135,85" hai3="117,126,48,111,89,104,82,49,34,84,134,29,43"/><V114/><F39/><W40/><G117/><T17/><D121/><U81/><E115/><V113/><F7/><W23/><G34/><T13/><D118/><U61/><E109/><V56/><F28/><W50/><G111/><T51/><D110/><U97/><E129/><V10/><F10/><W44/><G104/><T107/><D68/><U91/><E133/><N who="2" m="51275" /><F108/><W27/><G134/><T11/><D87/><U54/><E37/><V3/><F3/><W124/><REACH who="3" step="1"/><G43/><REACH who="3" ten="270,230,240,250" step="2"/><T100/><D107/><U71/><E35/><V73/><F106/><W98/><G98/><T122/><D122/><U25/><E32/><V57/><F116/><W18/><G18/><T38/><D38/><AGARI ba="0,1" hai="23,27,29,38,40,44,48,49,50,82,84,89,124,126" machi="38" ten="40,1300,0" yaku="1,1,53,0" doraHai="64" doraHaiUra="125" who="3" fromWho="0" sc="270,-13,230,0,240,0,250,23" /><INIT seed="3,0,0,0,1,99" ten="257,230,240,273" oya="3" hai0="101,35,96,107,3,56,47,71,115,132,117,46,50" hai1="8,98,68,25,10,74,81,62,116,106,31,6,42" hai2="54,58,114,110,84,78,63,43,33,90,69,127,2" hai3="20,15,23,22,97,18,12,19,40,77,53,38,16"/><W61/><G77/><T52/><D117/><U82/><E116/><V93/><F114/><W14/><G97/><T83/><D115/><U24/><E42/><V122/><F2/><W126/><G126/><T135/><D35/><U44/><E44/><V34/><F127/><W51/><G38/><T41/><D71/><U72/><E62/><V66/><F110/><W125/><G125/><T0/><D47/><U109/><E68/><V11/><F122/><W104/><G104/><T29/><D29/><U36/><E36/><V100/><F78/><W91/><G91/><T129/><D83/><U57/><E57/><V118/><F118/><W95/><G95/><T89/><D89/><U13/><E10/><V86/><F86/><W30/><G61/><T133/><D129/><U9/><E109/><V94/><F11/><W17/><G40/><T87/><D87/><U5/><E98/><N who="2" m="59471" /><F43/><W130/><G130/><T55/><D55/><U73/><E106/><V27/><F27/><N who="3" m="16743" /><G53/><T45/><D45/><U4/><E4/><V75/><F75/><W32/><G32/><T108/><D108/><U26/><REACH who="1" step="1"/><E31/><REACH who="1" ten="257,220,240,273" step="2"/><V124/><F124/><W113/><G113/><T60/><AGARI ba="0,1" hai="0,3,41,46,50,52,56,60,96,101,107,132,133,135" machi="60" ten="30,7900,0" yaku="0,1,20,1,52,1,54,1" doraHai="99" who="0" fromWho="0" sc="257,89,220,-20,240,-20,273,-39" owari="346,44.6,200,-30.0,220,-18.0,234,3.4" /></mjloggm>