<mjloggm ver="2.3"><GO type="225" lobby="0"/><UN n0="%E9%89%A2%E5%B7%BB%E3%82%AC%E3%83%96" n1="%E5%AE%AE%E4%BF%9D%E9%B6%8F%E8%82%89" n2="%E3%81%AF%E3%82%88%E3%81%8A%E3%81%98%E3%81%95%E3%82%93" n3="%6E%69%63%6B%6C%6F%77" dan="16,16,17,16" rate="2054.26,2123.60,2214.91,2120.75" sx="M,M,M,F"/><TAIKYOKU oya="0"/><INIT seed="0,0,0,0,3,39" ten="250,250,250,250" oya="0" hai0="13,98,77,72,67,51,125,119,88,96,116,103,75" hai1="38,1,100,71,24,107,59,49,82,121,131,33,63" hai2="129,14,2,74,46,29,99,62,114,30,27,11,70" hai3="101,61,105,15,68,60,20,54,56,65,8,91,108"/><T10/><D10/><U48/><E121/><V36/><F114/><W102/><G108/><T117/><D117/><U85/><E38/><V57/><F74/><W7/><G105/><T16/><D16/><U53/><E1/><V134/><F70/><W123/><G123/><T97/><D97/><U6/><E6/><V26/><F2/><W104/><G104/><T90/><D125/><U9/><E9/><V73/><F73/><W84/><REACH who="3" step="1"/><G20/><REACH who="3" ten="250,250,250,240" step="2"/><T22/><D22/><U92/><E107/><V128/><F11/><W112/><G112/><T31/><D116/><U132/><E132/><V76/><F134/><W3/><G3/><T21/><D119/><U78/><E131/><V55/><F128/><W69/><G69/><T19/><D21/><U64/><E71/><V87/><F129/><W12/><G12/><T42/><D13/><U23/><E33/><V130/><F14/><W52/><G52/><T0/><D72/><U127/><E127/><V44/><F130/><W35/><G35/><T115/><D75/><U45/><E53/><V47/><F26/><W41/><G41/><T89/><D0/><U93/><E23/><V37/><F27/><W32/><G32/><T4/><D115/><U118/><E118/><V66/><F55/><W135/><G135/><T34/><D34/><U79/><E24/><V94/><F29/><W81/><AGARI ba="0,1" hai="7,8,15,54,56,60,61,65,68,81,84,91,101,102" machi="81" ten="20,2700,0" yaku="1,1,0,1,7,1,53,0" doraHai="39" doraHaiUra="95" who="3" fromWho="3" sc="250,-13,250,-7,250,-7,240,37" /><INIT seed="1,0,0,3,1,94" ten="237,243,243,277" oya="1" hai0="115,30,126,130,82,15,102,24,83,35,16,87,107" hai1="52,67,80,112,26,120,38,27,13,51,63,78,57" hai2="73,89,25,5,135,11,68,54,43,42,111,0,133" hai3="95,44,106,10,7,92,116,97,31,84,45,93,77"/><U110/><E112/><V85/><F73/><W121/><G121/><T88/><D115/><U9/><E120/><V129/><F111/><W86/><G31/><T98/><D130/><U60/><E38/><V70/><F129/><W91/><G116/><T22/><REACH who="0" step="1"/><D126/><REACH who="0" ten="227,243,243,277" step="2"/><U28/><E110/><V53/><F133/><W64/><G64/><T58/><D58/><U127/><E127/><V123/><F135/><W59/><G59/><T17/><D17/><U71/><E28/><V46/><F68/><W19/><G19/><T105/><D105/><U101/><E63/><V6/><F70/><W75/><G45/><T79/><D79/><U99/><E71/><V41/><F46/><W61/><G44/><T1/><D1/><U117/><E117/><V118/><F118/><W29/><G61/><T74/><D74/><U113/><E113/><V8/><F123/><W109/><G29/><T32/><D32/><U65/><E65/><V12/><REACH who="2" step="1"/><F25/><REACH who="2" ten="227,243,233,277" step="2"/><W96/><G109/><T21/><D21/><U72/><E26/><V4/><F4/><W103/><G7/><T2/><D2/><U108/><E27/><V128/><F128/><W47/><G10/><T55/><D55/><U33/><E108/><V114/><F114/><W131/><G47/><T20/><D20/><U69/><E9/><V100/><F100/><N who="3" m="62727" /><G131/><T76/><D76/><U23/><E23/><V125/><F125/><W104/><G75/><T3/><D3/><U132/><E132/><V50/><F50/><W66/><G66/><T119/><D119/><U90/><E67/><V36/><F36/><W62/><G62/><RYUUKYOKU ba="0,2" sc="227,10,243,-30,233,10,277,10" hai0="15,16,22,24,30,35,82,83,87,88,98,102,107" hai2="0,5,6,8,11,12,41,42,43,53,54,85,89" hai3="77,84,86,91,92,93,95,97,103,104" /><INIT seed="2,1,2,1,3,119" ten="237,213,243,287" oya="2" hai0="120,107,10,95,131,83,62,124,56,86,34,11,128" hai1="2,75,97,73,55,0,63,49,13,23,81,111,98" hai2="67,74,37,87,105,80,106,101,118,8,99,77,42" hai3="88,59,33,51,64,133,47,69,78,94,14,50,89"/><V6/><F118/><W92/><G33/><T66/><D107/><U126/><E111/><V3/><F67/><W12/><G69/><T91/><D34/><U22/><E63/><V36/><F105/><W28/><G133/><T122/><D124/><U18/><E126/><V25/><F42/><W103/><G78/><T54/><D83/><U90/><E90/><V60/><F60/><N who="3" m="37919" /><G28/><T84/><D84/><U85/><E0/><V20/><REACH who="2" step="1"/><F74/><REACH who="2" ten="237,213,233,287" step="2"/><W30/><G94/><T100/><D66/><U65/><E65/><V82/><F82/><W116/><G92/><T127/><D127/><U29/><E75/><V72/><F72/><W113/><G116/><T32/><D100/><U58/><E73/><V5/><F5/><W68/><G103/><T108/><D108/><U104/><E104/><V70/><F70/><W110/><G68/><T130/><D32/><U31/><E2/><V129/><F129/><W135/><G110/><T134/><D134/><U93/><E93/><V19/><AGARI ba="1,3" hai="3,6,8,19,20,25,36,37,77,80,87,99,101,106" machi="19" ten="20,3900,0" yaku="1,1,0,1,7,1,53,0" doraHai="119" doraHaiUra="9" who="2" fromWho="2" sc="237,-14,213,-14,233,72,287,-14" /><INIT seed="2,2,0,2,0,72" ten="223,199,305,273" oya="2" hai0="75,49,120,67,12,135,119,56,2,13,65,83,91" hai1="51,31,87,110,36,102,48,115,92,25,24,68,109" hai2="130,107,128,124,88,81,42,6,20,33,117,126,30" hai3="125,19,131,8,40,76,63,41,28,17,106,105,78"/><V46/><F117/><W26/><G106/><T7/><D120/><U4/><E115/><V47/><F107/><W9/><G105/><T90/><D135/><U123/><E123/><V74/><F33/><W80/><G80/><T3/><D119/><U59/><E68/><V29/><F6/><W39/><G39/><T103/><D83/><U57/><E36/><V116/><F116/><W132/><G132/><T45/><D56/><N who="1" m="21579" /><E4/><V129/><F20/><N who="3" m="15431" /><G63/><T66/><D7/><U60/><E60/><V22/><F22/><W100/><G100/><T114/><D66/><U0/><E0/><V52/><F29/><W73/><G131/><T15/><D15/><U62/><E62/><V53/><F30/><W118/><G125/><N who="2" m="48233" /><F47/><W127/><G73/><T21/><D75/><U23/><E24/><V122/><F122/><W55/><G55/><T54/><D54/><U133/><E133/><V34/><F34/><W69/><G69/><T99/><D21/><U104/><E104/><V32/><F32/><W97/><G118/><T82/><D45/><U5/><E5/><V35/><F35/><W1/><G1/><T108/><D3/><U14/><E14/><V85/><F74/><W38/><G38/><AGARI ba="2,0" hai="38,42,46,52,53,81,85,88,128,129,130" m="48233" machi="38" ten="40,12000,1" yaku="19,1,18,1,54,2" doraHai="72" who="2" fromWho="3" sc="223,0,199,0,305,126,273,-126" /><INIT seed="2,3,0,0,0,7" ten="223,199,431,147" oya="2" hai0="131,28,59,33,1,12,128,36,89,54,93,44,50" hai1="109,4,74,9,51,99,75,130,113,25,43,125,6" hai2="42,19,107,85,23,16,100,118,64,106,29,97,20" hai3="60,116,38,13,129,14,41,84,22,90,71,17,127"/><V26/><F118/><W108/><G116/><T96/><D1/><U49/><E113/><V77/><F106/><W45/><G108/><T132/><D132/><U32/><E109/><V47/><F64/><W66/><G127/><T68/><D68/><U37/><E125/><V126/><F126/><W0/><G129/><N who="0" m="49739" /><D28/><U5/><E130/><V101/><F100/><W110/><G110/><T3/><D3/><U123/><E123/><V31/><F85/><W27/><REACH who="3" step="1"/><G0/><REACH who="3" ten="223,199,431,137" step="2"/><T2/><D2/><U15/><E75/><V39/><REACH who="2" step="1"/><F77/><REACH who="2" ten="223,199,421,137" step="2"/><W10/><G10/><T103/><D103/><U61/><E9/><V40/><F40/><W67/><G67/><T98/><D98/><U114/><E99/><V83/><F83/><AGARI ba="3,2" hai="13,14,17,22,27,38,41,45,60,66,71,83,84,90" machi="83" ten="30,2000,0" yaku="1,1,7,1,53,0" doraHai="7" doraHaiUra="24" who="3" fromWho="2" sc="223,0,199,0,421,-29,137,49" /><INIT seed="3,0,0,2,0,133" ten="223,199,392,186" oya="3" hai0="130,46,2,12,5,134,83,53,100,93,68,86,14" hai1="67,10,42,4,88,59,82,17,92,55,90,35,117" hai2="71,116,123,44,26,72,64,118,103,97,38,15,89" hai3="131,85,111,115,128,9,75,124,0,99,60,52,66"/><W8/><G115/><T81/><D68/><U11/><E35/><V80/><F123/><W107/><G75/><T30/><D30/><U61/><E117/><V19/><F26/><W7/><G9/><N who="1" m="3082" /><E4/><V78/><F89/><W16/><G111/><T54/><D5/><U13/><E42/><V33/><F33/><W120/><G120/><T73/><D2/><U6/><E6/><V110/><F110/><W101/><G124/><T47/><D54/><U74/><E74/><V106/><F64/><W129/><G85/><T84/><D47/><U135/><E135/><V112/><F71/><W63/><G66/><T29/><D83/><U125/><E125/><V98/><F97/><W22/><REACH who="3" step="1"/><G52/><REACH who="3" ten="223,199,392,176" step="2"/><T70/><D86/><N who="1" m="50263" /><E55/><V21/><F112/><W126/><G126/><T56/><D73/><U49/><E49/><V87/><F72/><W34/><G34/><T39/><D53/><U122/><E122/><V79/><F78/><W31/><G31/><T65/><D29/><U25/><E25/><AGARI ba="0,1" hai="0,7,8,16,22,25,60,63,99,101,107,128,129,131" machi="25" ten="40,7700,0" yaku="1,1,19,1,54,1,53,0" doraHai="133" doraHaiUra="121" who="3" fromWho="1" sc="223,0,199,-77,392,0,176,87" /><INIT seed="3,1,0,2,2,10" ten="223,122,392,263" oya="3" hai0="13,107,99,4,63,78,9,109,16,64,116,59,125" hai1="93,101,97,19,8,23,77,132,48,83,131,135,39" hai2="54,94,128,60,112,122,129,90,118,43,33,41,89" hai3="62,7,51,114,32,110,87,66,92,61,42,29,57"/><W34/><G114/><T46/><D116/><U133/><E39/><V38/><F118/><W25/><G7/><T86/><D109/><U31/><E131/><N who="2" m="50251" /><F112/><W75/><G75/><T55/><D125/><U103/><E31/><V50/><F33/><W127/><G127/><T106/><D106/><U98/><E8/><V102/><F122/><W40/><G110/><T65/><D107/><U91/><E48/><V71/><F102/><W74/><G74/><T21/><D99/><U80/><E97/><V52/><F38/><W44/><G61/><T113/><D46/><U69/><E69/><V95/><F71/><W35/><G40/><N who="2" m="15433" /><F60/><W134/><G134/><T126/><D126/><U124/><E124/><V130/><F130/><W81/><G92/><N who="2" m="35369" /><F52/><W2/><G2/><T47/><D47/><AGARI ba="1,0" hai="47,50,54,89,90" m="35369,15433,50251" machi="47" ten="30,1000,0" yaku="19,1" doraHai="10" who="2" fromWho="0" sc="223,-13,122,0,392,13,263,0" owari="210,-19.0,122,-37.8,405,50.5,263,6.3" /></mjloggm>