<mjloggm ver="2.3"><GO type="225" lobby="0"/><UN n0="%4B%2E%32%2E%4B%2E" n1="%E6%A1%9C%E8%8A%B1%E9%96%83%E3%80%85" n2="%61%74%73%75%74%6F%64%6F" n3="%E3%82%A2%E3%83%A1%E3%82%A2%E3%83%A9%E3%83%AC" dan="16,16,16,16" rate="2108.37,2184.45,2072.67,2196.78" sx="M,M,M,M"/><TAIKYOKU oya="0"/><INIT seed="0,0,0,2,1,27" ten="250,250,250,250" oya="0" hai0="19,2,76,71,65,96,28,7,31,128,44,116,46" hai1="90,97,9,21,5,120,10,119,92,88,70,77,135" hai2="129,32,22,13,24,16,107,51,72,93,130,127,63" hai3="58,8,134,55,18,75,12,69,60,6,108,53,118"/><T1/><D116/><U39/><E119/><V133/><F107/><W79/><G108/><T3/><D7/><U4/><E120/><V67/><F72/><W37/><G118/><T84/><D128/><N who="2" m="49258" /><F127/><W50/><G134/><T35/><D35/><U94/><E70/><N who="2" m="42367" /><F133/><W105/><G37/><T124/><D124/><U98/><E39/><V11/><F32/><W26/><G105/><T61/><D19/><U42/><E135/><V113/><F93/><W59/><G69/><T74/><D74/><U81/><E42/><V109/><F109/><W0/><G26/><T43/><D96/><U85/><E21/><V111/><F111/><W132/><G132/><T17/><D17/><U82/><E81/><V45/><F113/><W89/><G75/><T38/><REACH who="0" step="1"/><D46/><REACH who="0" ten="240,250,250,250" step="2"/><U54/><E4/><V66/><F66/><W83/><G6/><T103/><D103/><U95/><E5/><V40/><F24/><W106/><G18/><T57/><D57/><U123/><E123/><V115/><F115/><W104/><G59/><T64/><D64/><U47/><E94/><V14/><F13/><W20/><G58/><T125/><D125/><U99/><E99/><V101/><F101/><W52/><G12/><T87/><D87/><U114/><E114/><V73/><F73/><W68/><G106/><T131/><D131/><U78/><E97/><V29/><F22/><W23/><G23/><T112/><D112/><U33/><E33/><V126/><F126/><W102/><G20/><T56/><D56/><U30/><E98/><V34/><F34/><W86/><G104/><T117/><D117/><RYUUKYOKU ba="0,1" sc="240,15,250,-15,250,15,250,-15" hai0="1,2,3,28,31,38,43,44,61,65,71,76,84" hai2="11,14,16,29,40,45,51" /><INIT seed="0,1,1,1,1,126" ten="255,235,265,235" oya="0" hai0="69,8,135,111,78,57,15,30,53,87,40,64,17" hai1="37,28,43,100,116,108,127,84,81,48,90,125,96" hai2="88,67,22,46,65,134,3,131,35,34,77,71,98" hai3="105,24,93,50,72,94,124,117,133,5,73,118,120"/><T97/><D135/><U109/><E48/><V7/><F134/><W26/><G5/><T110/><D40/><U29/><E29/><V58/><F71/><W45/><G133/><T0/><D30/><U42/><E28/><V122/><F122/><W14/><G105/><T104/><D0/><U31/><E31/><V82/><F22/><W49/><G14/><T54/><D78/><U4/><E4/><V114/><F114/><W2/><G2/><T74/><D74/><U61/><E61/><V123/><F123/><W107/><G107/><T12/><D87/><U106/><E43/><V130/><F46/><W38/><G120/><T52/><D69/><U19/><E19/><V101/><F88/><W129/><G45/><T25/><D25/><U70/><E70/><V11/><F58/><W13/><G13/><T112/><D112/><U23/><E23/><V1/><F1/><W92/><G92/><T18/><D64/><U103/><E103/><V99/><F67/><W86/><G86/><T102/><REACH who="0" step="1"/><D57/><REACH who="0" ten="245,235,265,235" step="2"/><U36/><E42/><V89/><F65/><W47/><G47/><T16/><D16/><U128/><E125/><V66/><F66/><W55/><G124/><T32/><D32/><U10/><E84/><N who="2" m="50327" /><F77/><W68/><G68/><T76/><D76/><U27/><E127/><V6/><F6/><W85/><G85/><T62/><D62/><U121/><E121/><V59/><F59/><W20/><G73/><T39/><D39/><U119/><E36/><V21/><F35/><W132/><G38/><T60/><D60/><U115/><E37/><V9/><F34/><RYUUKYOKU ba="1,2" sc="245,30,235,-10,265,-10,235,-10" hai0="8,12,15,17,18,52,53,54,97,102,104,110,111" /><INIT seed="0,2,2,1,3,86" ten="275,225,255,225" oya="0" hai0="112,50,27,57,95,5,135,62,67,51,117,134,80" hai1="55,87,118,93,107,1,98,24,31,88,72,128,126" hai2="9,38,17,100,28,2,130,30,19,73,42,78,70" hai3="101,56,82,18,34,14,111,106,21,92,71,85,68"/><T0/><D117/><U81/><E118/><V110/><F70/><W77/><G34/><T122/><D112/><U121/><E121/><V60/><F100/><W124/><G111/><T83/><D122/><U22/><E126/><V108/><F60/><W44/><G124/><T48/><D27/><U63/><E128/><V52/><F130/><W8/><G56/><T129/><D129/><U39/><E39/><V97/><F97/><N who="3" m="61743" /><G44/><T132/><REACH who="0" step="1"/><D95/><REACH who="0" ten="265,225,255,225" step="2"/><U20/><E107/><V99/><F110/><W61/><G92/><T43/><D43/><U4/><E24/><V69/><F42/><W26/><G26/><T46/><D46/><U13/><E31/><V119/><F30/><W76/><G82/><T11/><AGARI ba="2,3" hai="0,5,11,48,50,51,57,62,67,80,83,132,134,135" machi="11" ten="40,7800,0" yaku="1,1,0,1,20,1,53,0" doraHai="86" doraHaiUra="74" who="0" fromWho="0" sc="265,114,225,-28,255,-28,225,-28" /><INIT seed="0,3,0,1,5,76" ten="379,197,227,197" oya="0" hai0="34,71,81,85,50,47,110,109,14,21,87,3,129" hai1="35,83,55,54,40,73,1,84,102,99,134,10,64" hai2="95,52,56,37,91,75,101,114,121,108,30,26,70" hai3="111,104,16,59,2,90,48,53,89,42,32,44,122"/><T28/><D3/><U9/><E73/><V25/><F114/><W17/><G111/><N who="0" m="42507" /><D71/><U86/><E35/><V18/><F70/><W131/><G104/><T43/><D129/><U118/><E118/><V36/><F75/><W46/><G32/><T107/><D107/><U78/><E134/><V45/><F101/><W120/><G2/><T65/><D65/><U72/><E40/><V41/><F121/><N who="3" m="46699" /><G131/><T31/><D87/><U11/><E64/><V130/><F130/><W58/><G58/><T106/><D106/><U88/><E1/><V67/><F67/><W49/><G59/><T29/><D34/><U20/><E20/><V92/><F37/><W123/><N who="3" m="46707" /><W97/><DORA hai="27" /><G97/><T105/><D105/><N who="1" m="63711" /><E86/><V133/><F133/><W80/><G90/><N who="0" m="51503" /><D14/><U39/><E39/><V74/><F74/><W96/><G80/><T119/><D21/><U19/><E72/><V115/><F115/><W117/><G117/><AGARI ba="3,0" hai="28,29,31,43,47,50,117,119" m="51503,42507" machi="117" ten="30,18000,2" yaku="14,1,10,1,52,4" doraHai="76,27" who="0" fromWho="3" sc="379,189,197,0,227,0,197,-189" /><INIT seed="0,4,0,2,3,56" ten="568,197,227,8" oya="0" hai0="133,11,134,25,5,48,64,112,37,114,90,22,118" hai1="83,82,77,20,79,9,104,29,102,55,94,99,71" hai2="115,86,124,18,40,132,88,32,91,75,58,21,125" hai3="3,74,70,119,2,47,62,98,60,61,69,106,0"/><T128/><D37/><U1/><E71/><N who="3" m="27146" /><G98/><T31/><D118/><U135/><E1/><V59/><F32/><W54/><G119/><T36/><D36/><U16/><E135/><N who="0" m="51721" /><D128/><U73/><E29/><V26/><F75/><W19/><G74/><T80/><D64/><U97/><E9/><V76/><F40/><W111/><G54/><T117/><D117/><U15/><E55/><V127/><F115/><W100/><G100/><T103/><D103/><U123/><E123/><V65/><F132/><W50/><G50/><T68/><D68/><U105/><REACH who="1" step="1"/><E99/><REACH who="1" ten="568,187,227,8" step="2"/><V39/><F39/><W96/><G96/><T43/><D11/><U129/><E129/><V92/><F65/><W72/><G72/><AGARI ba="4,1" hai="15,16,20,72,73,77,79,82,83,94,97,102,104,105" machi="72" ten="30,8000,1" yaku="1,1,7,1,9,1,54,1,53,1" doraHai="56" doraHaiUra="93" who="1" fromWho="3" sc="568,0,187,102,227,0,8,-92" owari="568,66.8,289,8.9,227,-17.3,-84,-58.4" /></mjloggm>