<mjloggm ver="2.3"><GO type="225" lobby="0"/><UN n0="%E7%89%B9%E6%9D%B1%E3%81%AF%E4%B8%96%E7%95%8C%E3%82%92%E6%95%91%E3%81%86" n1="%E8%90%BD%E6%97%A5" n2="%E3%83%8F%E3%83%B3%E3%83%89%E3%83%A9%E3%83%BC%E3%83%BB%E3%83%AF%E3%83%B3" n3="%E3%82%BC%E3%83%AB%E3%83%80%E3%81%AE%E4%BC%9D%E8%AA%AC" dan="16,16,17,18" rate="2060.03,2163.43,2205.22,2249.18" sx="M,F,M,M"/><TAIKYOKU oya="0"/><INIT seed="0,0,0,0,0,15" ten="250,250,250,250" oya="0" hai0="96,60,7,4,107,41,90,18,86,135,134,66,128" hai1="26,101,74,5,100,105,13,94,111,49,81,30,130" hai2="19,91,38,46,84,119,89,16,20,92,82,48,12" hai3="69,120,52,17,72,1,68,115,21,37,71,42,88"/><T126/><D41/><U99/><E111/><V77/><F38/><W53/><G115/><T33/><D33/><U110/><E110/><V34/><F34/><W131/><G1/><T32/><D32/><U117/><E117/><V6/><F119/><W75/><G131/><T9/><D128/><U62/><E130/><V50/><F6/><W79/><G120/><T39/><D39/><U93/><E49/><N who="2" m="19051" /><F46/><W114/><G114/><T61/><D126/><U83/><E62/><V102/><F19/><W55/><G79/><T64/><D96/><AGARI ba="0,0" hai="12,16,20,77,82,84,89,91,92,96,102" m="19051" machi="96" ten="30,3900,0" yaku="8,1,52,1,54,1" doraHai="15" who="2" fromWho="0" sc="250,-39,250,0,250,39,250,0" /><INIT seed="1,0,0,3,3,41" ten="211,250,289,250" oya="1" hai0="4,56,110,129,58,14,117,119,91,21,5,122,106" hai1="113,135,97,25,90,63,54,75,9,109,67,45,87" hai2="0,70,116,124,1,89,84,72,81,123,2,59,104" hai3="60,103,36,64,131,83,66,120,61,88,80,107,26"/><U130/><E75/><V48/><F116/><W102/><G36/><T17/><D106/><U95/><E113/><V69/><F123/><W38/><G38/><T78/><D110/><U7/><E109/><V27/><F104/><W112/><G107/><T47/><D129/><U33/><E130/><V92/><F124/><W96/><G131/><T65/><D122/><U101/><E135/><V76/><F27/><W132/><G120/><T68/><D68/><U50/><E33/><V10/><F10/><W11/><G132/><T79/><D119/><U12/><E25/><V8/><F8/><W85/><G112/><T42/><D117/><U105/><E67/><N who="3" m="25642" /><G11/><T28/><D28/><U121/><E121/><V126/><F126/><W22/><G80/><T15/><D91/><U29/><REACH who="1" step="1"/><E63/><REACH who="1" ten="211,240,289,250" step="2"/><N who="3" m="24138" /><G96/><T37/><D65/><U52/><E52/><V125/><F125/><W3/><G3/><T127/><D127/><U55/><E55/><V24/><F70/><W74/><G74/><T111/><D111/><U114/><E114/><V34/><F69/><W46/><G46/><T128/><D128/><U49/><E49/><V94/><F48/><W118/><G118/><T77/><REACH who="0" step="1"/><D15/><REACH who="0" ten="201,240,289,250" step="2"/><U53/><E53/><V100/><F0/><W62/><G62/><T98/><D98/><U133/><E133/><V35/><F1/><W16/><AGARI ba="0,2" hai="16,22,26,83,85,88,102,103" m="24138,25642" machi="16" ten="30,4000,0" yaku="8,1,54,2" doraHai="41" who="3" fromWho="3" sc="201,-10,240,-20,289,-10,250,60" /><INIT seed="2,0,0,3,1,21" ten="191,220,279,310" oya="2" hai0="131,40,82,129,51,79,84,72,67,11,44,97,46" hai1="91,29,4,105,49,20,99,76,58,52,112,123,59" hai2="1,2,53,28,70,24,12,64,130,77,83,75,63" hai3="50,65,118,0,121,98,16,104,47,33,107,69,92"/><V111/><F130/><W88/><G118/><T34/><D67/><U48/><E112/><V68/><F68/><W60/><G121/><T106/><D34/><U32/><E123/><V100/><F111/><W18/><G33/><T22/><D72/><U133/><E32/><V61/><F100/><W113/><G0/><T132/><D132/><U95/><E133/><V74/><F74/><W117/><G117/><T36/><D11/><U66/><E4/><V101/><F101/><W7/><G7/><T93/><D106/><U57/><E105/><V6/><F63/><W127/><G127/><T39/><D22/><U55/><E76/><V27/><F53/><N who="1" m="20553" /><E66/><V90/><F90/><W73/><G73/><T135/><D135/><U80/><E80/><V122/><F122/><W17/><REACH who="3" step="1"/><G113/><REACH who="3" ten="191,220,279,300" step="2"/><T19/><D19/><U103/><E103/><V96/><F1/><W108/><G108/><T37/><REACH who="0" step="1"/><D46/><REACH who="0" ten="181,220,279,300" step="2"/><U87/><E87/><V13/><F75/><W5/><G5/><T71/><D71/><U116/><E116/><V9/><F70/><W126/><G126/><T78/><D78/><U85/><E85/><V128/><F77/><W25/><G25/><AGARI ba="0,2" hai="20,25,29,48,49,57,58,59,91,95,99" m="20553" machi="25" ten="30,3900,0" yaku="8,1,52,1,54,1" doraHai="21" who="1" fromWho="3" sc="181,0,220,59,279,0,300,-39" /><INIT seed="3,0,0,1,1,57" ten="181,279,279,261" oya="3" hai0="134,80,67,4,91,69,82,33,109,56,99,53,87" hai1="118,7,38,117,31,93,125,32,52,133,64,60,126" hai2="103,0,76,83,97,16,94,128,114,58,86,36,45" hai3="90,78,51,77,55,35,46,120,37,71,25,40,116"/><W110/><G116/><N who="1" m="44650" /><E133/><V17/><F114/><W132/><G120/><T95/><D33/><U62/><E38/><V13/><F0/><W44/><G132/><T47/><D109/><U43/><E43/><V113/><F113/><W50/><G110/><T70/><D134/><U115/><E115/><V123/><F128/><W15/><G71/><T39/><D4/><U106/><E106/><V29/><F29/><W68/><G68/><T28/><D28/><U10/><E64/><V102/><F123/><W96/><G37/><T85/><D67/><U5/><E93/><V89/><F17/><W19/><G25/><T92/><D92/><U84/><E84/><V73/><F73/><W54/><G35/><T12/><D12/><N who="1" m="5199" /><E7/><V100/><F36/><W105/><G40/><T61/><D39/><U63/><E52/><V130/><F130/><W66/><G66/><T9/><D47/><U98/><E98/><V104/><F45/><W27/><G27/><AGARI ba="0,0" hai="27,31,32,60,62,63,125,126" m="5199,44650" machi="27" ten="40,8000,1" yaku="12,1,52,3" doraHai="57" who="1" fromWho="3" sc="181,0,279,80,279,0,261,-80" owari="181,-21.9,359,45.9,279,7.9,181,-31.9" /></mjloggm>