<mjloggm ver="2.3"><GO type="225" lobby="0"/><UN n0="%E3%83%96%E3%83%A9%E3%82%B6%E3%83%BC" n1="%E4%B8%AD%E5%B9%B4%E3%81%AE%E5%8D%B1%E6%A9%9F" n2="%E7%AD%89%E3%80%85%E5%8A%9B%E5%8A%87%E5%A0%B4" n3="%E3%81%B2%E3%81%AA%E3%81%AE%E3%82%8A%E3%81%8F" dan="16,17,16,17" rate="2094.20,2231.37,2159.78,2190.38" sx="M,M,M,M"/><TAIKYOKU oya="0"/><INIT seed="0,0,0,0,4,1" ten="250,250,250,250" oya="0" hai0="113,101,5,109,27,51,32,66,42,73,120,18,63" hai1="29,107,76,72,31,59,10,104,24,23,33,74,55" hai2="117,4,45,14,17,47,99,80,94,81,61,130,93" hai3="82,75,134,126,52,67,64,19,26,98,50,57,116"/><T40/><D113/><U118/><E118/><V9/><F130/><W46/><G116/><T122/><D73/><U88/><E33/><V112/><F117/><W60/><G126/><T2/><D109/><U56/><E31/><V70/><F112/><W11/><G134/><T106/><D18/><U86/><E74/><V115/><F115/><W21/><G98/><N who="0" m="61751" /><D51/><U53/><E72/><V87/><F81/><W110/><G110/><T111/><D111/><U114/><E114/><V68/><F68/><W96/><G96/><T65/><D65/><U105/><E76/><V49/><F47/><W84/><G75/><T48/><D48/><U131/><E131/><V38/><F38/><W43/><REACH who="3" step="1"/><G11/><REACH who="3" ten="250,250,250,240" step="2"/><N who="0" m="2487" /><D122/><U39/><E39/><V3/><F99/><W22/><G22/><T36/><D120/><U125/><E125/><V20/><F20/><W25/><G25/><T79/><D36/><U108/><E108/><V133/><F9/><W119/><G119/><T44/><D27/><U135/><E135/><V102/><F133/><W69/><G69/><T129/><D129/><U127/><E127/><V92/><F70/><W7/><G7/><T83/><D32/><U103/><E10/><V37/><F4/><W62/><G62/><T58/><D63/><U77/><E103/><V0/><F102/><W8/><G8/><T95/><D40/><U128/><E128/><V124/><F61/><W41/><G41/><T89/><D42/><U100/><E100/><V35/><F124/><W91/><AGARI ba="0,1" hai="19,21,26,43,46,50,52,57,60,64,67,82,84,91" machi="91" ten="20,8000,1" yaku="1,1,0,1,7,1,8,1,54,1,53,0" doraHai="1" doraHaiUra="6" who="3" fromWho="3" sc="250,-40,250,-20,250,-20,240,90" /><INIT seed="1,0,0,0,0,41" ten="210,230,230,330" oya="1" hai0="61,62,69,78,133,83,130,48,120,49,84,11,88" hai1="126,107,123,54,68,110,101,131,32,57,128,124,81" hai2="109,16,125,60,12,46,2,135,132,25,113,75,20" hai3="35,36,66,22,33,1,115,55,17,64,99,85,87"/><U3/><E68/><V43/><F2/><W73/><G73/><T121/><D133/><N who="2" m="51274" /><F75/><W65/><G1/><T92/><D130/><N who="1" m="49707" /><E3/><V67/><F109/><W93/><G115/><T95/><D11/><U103/><E32/><V13/><F125/><N who="1" m="48233" /><E123/><N who="0" m="47177" /><D95/><U71/><E71/><N who="2" m="42471" /><F113/><W44/><G35/><T90/><D90/><U117/><E117/><V6/><F6/><W122/><G122/><T29/><D29/><U31/><E31/><V72/><F72/><W97/><G97/><N who="0" m="57479" /><D69/><U70/><E70/><V118/><F118/><W116/><G33/><T19/><D19/><U23/><E110/><V98/><F98/><W79/><G116/><T51/><AGARI ba="0,0" hai="48,49,51,61,62,78,83,84" m="57479,47177" machi="51" ten="30,2000,0" yaku="13,1,54,1" doraHai="41" who="0" fromWho="0" sc="210,20,230,-10,230,-5,330,-5" /><INIT seed="2,0,0,4,5,35" ten="230,220,225,325" oya="2" hai0="76,67,118,126,78,55,94,9,86,28,25,71,132" hai1="7,15,24,123,70,89,45,47,125,87,27,60,30" hai2="43,36,110,96,108,72,116,2,40,103,102,113,93" hai3="59,21,1,57,51,16,130,5,39,84,104,90,54"/><V64/><F113/><W14/><G39/><T33/><D132/><U32/><E125/><V29/><F116/><W120/><G104/><T0/><D126/><U105/><E105/><V48/><F36/><W92/><G130/><T13/><D118/><U18/><E123/><V17/><F72/><W114/><G114/><T62/><D55/><U129/><E129/><V107/><F2/><W124/><G124/><T8/><D8/><U98/><E98/><N who="2" m="59727" /><F29/><W131/><G131/><T41/><D41/><U91/><E7/><V63/><F48/><W23/><G23/><T50/><D50/><U135/><E27/><V73/><F73/><W26/><G1/><T77/><D0/><U38/><E135/><V106/><F17/><W66/><G120/><T80/><D94/><U134/><E134/><V53/><F53/><N who="3" m="31935" /><G66/><T11/><D11/><U122/><E122/><V3/><F3/><W111/><G5/><AGARI ba="0,0" hai="5,9,13,25,28,33,62,67,71,76,77,78,80,86" machi="5" ten="30,1000,0" yaku="7,1" doraHai="35" who="0" fromWho="3" sc="230,10,220,0,225,0,325,-10" /><INIT seed="3,0,0,3,0,104" ten="240,220,225,315" oya="3" hai0="89,73,45,74,0,105,63,101,109,8,19,91,58" hai1="47,25,26,75,122,83,53,112,93,111,50,84,132" hai2="10,41,69,39,78,133,110,107,79,1,115,131,118" hai3="90,30,76,7,31,82,57,121,85,23,65,59,134"/><W96/><G121/><T114/><D109/><U124/><E122/><V56/><RYUUKYOKU type="yao9" ba="0,0" sc="240,0,220,0,225,0,315,0" hai2="1,10,39,41,56,69,78,79,107,110,115,118,131,133" /><INIT seed="3,1,0,1,0,58" ten="240,220,225,315" oya="3" hai0="31,63,101,122,32,21,9,3,28,14,89,11,87" hai1="69,102,10,12,86,94,90,15,93,92,129,68,49" hai2="82,7,34,23,64,39,50,5,67,130,43,78,66" hai3="134,120,76,70,19,57,62,48,75,59,115,2,117"/><W40/><G115/><T111/><D122/><U135/><E129/><V95/><F34/><W132/><G2/><T125/><D111/><U52/><E135/><V109/><F39/><W81/><G117/><T25/><D125/><U47/><E15/><V36/><F36/><W83/><G70/><T55/><D101/><U126/><E126/><V128/><F109/><W133/><G120/><T26/><D3/><U42/><E42/><V131/><F95/><W60/><G83/><T127/><D127/><U35/><E35/><V113/><F113/><W88/><G88/><T85/><D85/><U80/><REACH who="1" step="1"/><E102/><REACH who="1" ten="240,210,225,315" step="2"/><V61/><F23/><W22/><G40/><T56/><D14/><U112/><E112/><V24/><F24/><W1/><G22/><T37/><D37/><U6/><AGARI ba="1,1" hai="6,10,12,47,49,52,68,69,80,86,90,92,93,94" machi="6" ten="30,7900,0" yaku="1,1,0,1,54,1,53,1" doraHai="58" doraHaiUra="4" who="1" fromWho="1" sc="240,-21,210,92,225,-21,315,-40" owari="219,-18.1,302,40.2,204,-29.6,275,7.5" /></mjloggm>