<mjloggm ver="2.3"><GO type="225" lobby="0"/><UN n0="%E3%81%A9%E3%82%8F%E3%82%93%E3%81%94" n1="%E3%83%99%E3%83%AB%E3%83%A2%E3%83%83%E3%83%88" n2="%73%6C%69%63%6B%33%31%39" n3="%E3%81%B5%E3%81%98%E3%81%8B%E3%81%A4" dan="16,16,16,16" rate="2088.08,2107.30,2075.86,2198.31" sx="M,M,M,M"/><TAIKYOKU oya="0"/><INIT seed="0,0,0,2,3,103" ten="250,250,250,250" oya="0" hai0="16,110,73,79,13,57,75,45,113,27,80,84,74" hai1="115,6,67,106,1,36,125,28,135,25,81,83,127" hai2="37,116,19,34,55,56,121,114,71,12,130,51,118" hai3="17,35,29,66,47,109,30,9,31,90,123,77,54"/><T46/><D113/><U100/><E36/><V20/><F121/><W58/><G77/><T26/><D110/><U107/><E67/><V62/><F114/><W96/><G123/><T33/><D57/><U49/><E100/><V38/><F34/><W24/><G109/><T14/><D14/><U70/><E70/><V68/><F130/><W10/><G35/><T101/><D101/><U99/><E99/><V129/><F129/><W111/><G66/><T76/><D76/><U8/><E115/><V2/><F2/><W133/><G47/><T97/><D97/><U128/><E49/><V95/><F68/><W5/><G133/><T105/><D105/><N who="1" m="39947" /><E128/><V22/><F22/><N who="3" m="13391" /><G5/><T4/><D4/><U86/><E86/><V65/><REACH who="2" step="1"/><F95/><REACH who="2" ten="250,250,240,250" step="2"/><N who="3" m="56439" /><G111/><T0/><D0/><U91/><E135/><V11/><F11/><W60/><AGARI ba="0,1" hai="9,10,29,30,31,54,58,60" m="56439,13391" machi="60" ten="30,2000,0" yaku="25,1,8,1" doraHai="103" who="3" fromWho="3" sc="250,-10,250,-5,240,-5,250,30" /><INIT seed="1,0,0,5,1,122" ten="240,245,235,280" oya="1" hai0="13,131,23,111,85,132,64,90,62,14,49,87,89" hai1="133,127,37,20,35,124,58,78,57,71,102,61,125" hai2="69,24,15,88,95,46,98,53,110,4,21,32,50" hai3="56,27,44,115,76,91,0,112,101,93,100,40,77"/><U63/><E35/><V129/><F129/><W7/><G0/><T48/><D131/><U16/><E78/><V29/><F69/><W19/><G7/><T79/><D132/><U9/><E37/><V39/><F39/><W121/><G121/><T68/><D79/><U66/><E133/><V8/><REACH who="2" step="1"/><F110/><REACH who="2" ten="240,245,225,280" step="2"/><W120/><G120/><T83/><D111/><U109/><E71/><V103/><F103/><W104/><G101/><T6/><D6/><U113/><E102/><V118/><F118/><W18/><G100/><T134/><D134/><U31/><E109/><V80/><F80/><W92/><G104/><T119/><D119/><U86/><E113/><V28/><F28/><W73/><G115/><T42/><D68/><U34/><E31/><V43/><F43/><W94/><G40/><T81/><D42/><U1/><E124/><V30/><F30/><W60/><G112/><T128/><D128/><U74/><E125/><V97/><F97/><W41/><G41/><T33/><D33/><AGARI ba="0,1" hai="4,8,15,21,24,29,32,33,46,50,53,88,95,98" machi="33" ten="40,2600,0" yaku="1,1,54,1,53,0" doraHai="122" doraHaiUra="123" who="2" fromWho="0" sc="240,-26,245,0,225,36,280,0" /><INIT seed="2,0,0,1,3,24" ten="214,245,261,280" oya="2" hai0="30,46,12,120,107,121,77,123,35,83,84,76,86" hai1="42,27,62,21,34,112,91,64,92,113,129,60,32" hai2="61,44,2,110,49,124,6,0,130,118,15,100,47" hai3="3,122,10,96,133,82,102,1,88,59,29,37,71"/><V119/><F130/><W28/><G122/><T114/><D114/><U73/><E73/><V103/><F124/><W90/><G71/><T31/><D107/><U74/><E74/><V57/><F110/><W98/><G37/><T111/><D111/><U13/><E42/><V67/><F15/><W106/><G133/><T127/><D127/><U95/><E129/><V16/><F16/><W22/><G59/><T4/><D35/><U78/><E78/><V8/><F0/><W45/><G45/><T68/><D68/><U125/><E125/><V75/><F75/><W36/><G36/><T109/><D46/><U89/><E27/><V132/><F132/><W69/><G69/><T105/><D105/><U63/><E13/><V11/><F11/><W104/><G22/><T17/><D4/><U9/><E9/><V108/><F108/><W7/><G82/><T14/><D109/><U38/><E38/><V115/><F47/><W117/><G117/><T25/><D25/><U40/><E40/><V50/><F49/><W5/><G10/><T41/><D41/><U33/><E21/><V51/><F50/><W26/><G26/><T128/><D128/><U135/><E135/><V65/><F67/><W99/><G99/><T134/><D134/><U53/><E53/><V97/><F115/><N who="1" m="44105" /><E64/><V54/><REACH who="2" step="1"/><F103/><AGARI ba="0,0" hai="1,3,5,7,28,29,88,90,96,98,102,103,104,106" machi="103" ten="25,8000,1" yaku="22,2,52,2,54,1" doraHai="24" who="3" fromWho="2" sc="214,0,245,0,261,-80,280,80" /><INIT seed="3,0,0,1,0,93" ten="214,245,181,360" oya="3" hai0="45,132,74,94,96,99,104,119,38,41,87,37,52" hai1="31,53,116,79,122,126,64,57,101,30,131,43,85" hai2="8,114,42,73,56,55,113,121,5,28,33,82,105" hai3="3,49,34,66,16,135,4,112,89,46,27,61,97"/><W75/><G112/><T83/><D74/><U107/><E122/><V1/><F121/><W108/><G75/><T120/><D120/><U39/><E64/><V19/><F33/><W35/><G3/><T54/><D104/><U76/><E85/><V72/><F28/><W70/><G4/><T22/><D37/><U50/><E101/><V9/><F73/><W123/><G123/><T59/><D119/><U134/><E57/><V124/><F124/><W95/><G135/><T65/><D132/><U98/><E43/><V125/><F125/><W128/><G128/><T130/><D130/><U15/><E15/><V7/><F19/><W26/><G108/><T92/><D22/><U110/><E53/><N who="0" m="20585" /><D45/><U21/><E110/><V62/><F42/><W102/><G26/><T84/><D38/><U36/><E39/><V24/><F24/><W117/><G27/><T40/><D59/><U25/><E25/><V69/><F69/><W14/><G46/><T78/><D84/><U2/><E36/><V103/><F82/><W71/><G70/><T48/><D65/><U63/><E126/><V20/><F20/><W11/><G66/><T90/><D48/><U23/><E21/><V12/><REACH who="2" step="1"/><F72/><REACH who="2" ten="214,245,171,360" step="2"/><W129/><G71/><T91/><AGARI ba="0,1" hai="40,41,78,83,87,90,91,92,94,96,99" m="20585" machi="91" ten="30,7900,0" yaku="8,1,52,2,54,1" doraHai="93" who="0" fromWho="0" sc="214,89,245,-20,171,-20,360,-39" owari="303,10.3,225,-17.5,151,-34.9,321,42.1" /></mjloggm>