<mjloggm ver="2.3"><GO type="225" lobby="0"/><UN n0="%E6%97%A5%E6%9B%9C%E6%97%A5%E3%82%88%E3%82%8A%E3%81%AE%E4%BD%BF%E8%80%85" n1="%6D%75%75%6D%75%72%61" n2="%72%69%6F%75%63%68%61%6E" n3="%E3%81%AF%E3%82%88%E3%81%8A%E3%81%98%E3%81%95%E3%82%93" dan="17,17,17,17" rate="2143.32,2183.26,2268.17,2191.15" sx="M,F,M,M"/><TAIKYOKU oya="0"/><INIT seed="0,0,0,5,0,11" ten="250,250,250,250" oya="0" hai0="102,62,91,107,87,86,8,59,1,26,103,32,93" hai1="113,29,101,75,33,80,131,24,76,68,43,60,5" hai2="55,83,19,72,18,114,109,54,89,9,129,12,23" hai3="122,108,79,84,45,39,128,53,69,88,57,66,67"/><T111/><D107/><U65/><E131/><V37/><F109/><W110/><G79/><T118/><D118/><U132/><E132/><V10/><F129/><W112/><G128/><T104/><D104/><U35/><E113/><V30/><F114/><W85/><G112/><T127/><D127/><U73/><E73/><V134/><F134/><W97/><G97/><T52/><D111/><N who="3" m="42537" /><G85/><T7/><REACH who="0" step="1"/><D86/><REACH who="0" ten="240,250,250,250" step="2"/><U100/><E35/><V124/><F124/><W71/><G84/><T47/><D47/><U46/><REACH who="1" step="1"/><E5/><REACH who="1" ten="240,240,250,250" step="2"/><V94/><F72/><W2/><G122/><T42/><D42/><U115/><E115/><V13/><F83/><W17/><G45/><T38/><D38/><AGARI ba="0,2" hai="24,29,33,38,43,46,60,65,68,75,76,80,100,101" machi="38" ten="30,2000,0" yaku="1,1,7,1,53,0" doraHai="11" doraHaiUra="133" who="1" fromWho="0" sc="240,-20,240,40,250,0,250,0" /><INIT seed="1,0,0,4,3,110" ten="220,280,250,250" oya="1" hai0="3,44,123,5,6,83,37,14,113,129,133,9,39" hai1="75,13,17,97,84,127,33,22,62,112,126,35,19" hai2="46,43,114,8,82,81,111,64,125,57,86,50,48" hai3="115,101,32,124,103,18,89,23,1,61,51,77,94"/><U49/><E75/><V93/><F111/><W52/><G32/><T65/><D65/><U28/><E112/><V131/><F125/><W106/><G115/><T11/><D113/><U96/><E49/><V30/><F131/><W41/><G1/><T118/><D118/><U107/><E84/><V55/><F114/><W122/><G122/><T31/><D31/><U26/><E35/><V119/><F119/><W120/><G120/><T7/><D7/><U130/><E130/><V98/><F30/><W95/><G106/><T4/><D4/><U102/><E97/><V36/><F64/><W12/><G77/><T121/><D129/><U100/><E100/><V53/><F8/><W105/><G105/><T128/><D128/><U16/><REACH who="1" step="1"/><E62/><REACH who="1" ten="220,270,250,250" step="2"/><V0/><F86/><W27/><G101/><T25/><D123/><U80/><E80/><V42/><F0/><W74/><G103/><T108/><D83/><N who="2" m="31754" /><F36/><W69/><G74/><T24/><D121/><U117/><E117/><V91/><AGARI ba="0,1" hai="42,43,46,48,50,53,55,57,91,93,98" m="31754" machi="91" ten="30,1100,0" yaku="8,1" doraHai="110" who="2" fromWho="2" sc="220,-3,270,-5,250,21,250,-3" /><INIT seed="2,0,0,3,3,54" ten="217,265,271,247" oya="2" hai0="41,62,94,10,57,126,116,102,14,16,72,45,3" hai1="47,71,109,29,23,107,108,56,25,5,78,84,130" hai2="50,28,61,117,101,74,11,131,63,76,92,69,75" hai3="114,40,43,39,8,53,17,35,97,95,87,106,99"/><V9/><F117/><W44/><G35/><T124/><D72/><U64/><E107/><V122/><F122/><W90/><G114/><T13/><D3/><U80/><E130/><V118/><F131/><W12/><G106/><T34/><D34/><U83/><E5/><V121/><F121/><W127/><G127/><T26/><D116/><U21/><E71/><V110/><F118/><W38/><G43/><T120/><D120/><U0/><E0/><V37/><F37/><W103/><G39/><T129/><D129/><U20/><E47/><V48/><F28/><W1/><G1/><T98/><D14/><U70/><E70/><V46/><F69/><W19/><G103/><T7/><D26/><U67/><E80/><V79/><F101/><W112/><G112/><T6/><D126/><U105/><E105/><V30/><F30/><W24/><G53/><N who="0" m="34095" /><D124/><U134/><E134/><V128/><F128/><W91/><G90/><T59/><D59/><U49/><E67/><V104/><F104/><W132/><G132/><T32/><D32/><U77/><E64/><V36/><F36/><W18/><REACH who="3" step="1"/><G24/><REACH who="3" ten="217,265,271,237" step="2"/><T81/><D81/><U113/><E113/><V42/><F42/><W52/><G52/><T123/><D123/><U27/><E27/><V89/><F89/><W111/><G111/><T73/><D73/><U60/><E108/><V22/><F110/><W2/><G2/><T96/><D96/><AGARI ba="0,1" hai="8,12,17,18,19,38,40,44,87,91,95,96,97,99" machi="96" ten="40,1300,0" yaku="1,1,53,0" doraHai="54" doraHaiUra="55" who="3" fromWho="0" sc="217,-13,265,0,271,0,237,23" /><INIT seed="3,0,0,0,0,77" ten="204,265,271,260" oya="3" hai0="56,2,83,68,88,29,59,10,86,127,58,105,48" hai1="52,13,93,96,55,34,74,130,44,70,91,61,4" hai2="72,35,107,11,18,73,14,71,20,85,25,62,6" hai3="21,42,95,51,38,3,110,76,133,23,60,46,78"/><W121/><G121/><T66/><D105/><U30/><E130/><V122/><F122/><W132/><G3/><T102/><D127/><U124/><E124/><V90/><F107/><W79/><G110/><T57/><D68/><U15/><E74/><V116/><F116/><W125/><G125/><T120/><D120/><U123/><E123/><V101/><F101/><W33/><G33/><T36/><D36/><U87/><E34/><V109/><F109/><W0/><G0/><T97/><D29/><U131/><E131/><V27/><F62/><W17/><G60/><T81/><D66/><U54/><E70/><V7/><F71/><W53/><G95/><N who="0" m="58687" /><D2/><U24/><E4/><V22/><F35/><W75/><G75/><T69/><D69/><U129/><E129/><V113/><F6/><W39/><G39/><T47/><N who="0" m="14336" /><DORA hai="89" /><T40/><D10/><U43/><E61/><V12/><F113/><W45/><REACH who="3" step="1"/><G23/><REACH who="3" ten="204,265,271,250" step="2"/><T126/><D126/><U119/><E119/><V80/><REACH who="2" step="1"/><F14/><AGARI ba="0,1" hai="14,17,21,38,42,45,46,51,53,76,78,79,132,133" machi="14" ten="40,7700,0" yaku="1,1,2,1,53,1" doraHai="77,89" doraHaiUra="67,8" who="3" fromWho="2" sc="204,0,265,0,271,-77,250,87" owari="204,-19.6,265,6.5,194,-30.6,337,43.7" /></mjloggm>