<mjloggm ver="2.3"><GO type="225" lobby="0"/><UN n0="%E4%BF%BA%E3%81%A8%E5%A6%96%E5%A4%A2" n1="%E6%98%93%E5%88%A9%E8%96%A9%E4%BC%AF" n2="%E3%81%8B%E3%82%8F%E3%81%A1%E3%82%83%E3%82%93%35%38" n3="%E3%81%A4%E3%81%A3%E3%81%B1%E3%82%8A%E3%83%9D%E3%83%BC%E3%83%AB" dan="17,16,17,16" rate="2168.98,2032.67,2168.75,2123.40" sx="F,F,M,M"/><TAIKYOKU oya="0"/><INIT seed="0,0,0,1,4,123" ten="250,250,250,250" oya="0" hai0="79,45,3,34,78,27,108,59,93,35,4,50,91" hai1="68,130,132,52,99,51,87,36,71,25,58,100,56" hai2="26,44,111,103,23,126,66,24,49,46,37,9,90" hai3="122,114,118,98,53,72,20,75,12,116,30,19,95"/><T124/><D124/><U101/><E132/><V96/><F126/><W10/><G122/><T107/><D107/><U85/><E36/><V102/><F37/><W133/><G114/><T76/><D27/><U40/><E40/><V16/><F66/><W61/><G133/><T5/><D59/><U97/><E25/><V129/><F129/><W77/><G30/><T128/><D128/><U15/><E130/><V134/><F134/><W135/><G135/><T38/><D38/><U73/><E73/><V74/><F74/><W11/><G75/><T29/><D29/><U127/><E127/><V81/><F26/><W17/><G77/><T63/><D63/><U82/><E15/><N who="2" m="7279" /><F111/><W67/><G72/><T92/><D108/><U70/><E58/><V41/><F46/><W21/><G53/><T39/><D39/><U120/><E120/><V119/><F119/><W104/><G104/><T131/><D131/><U22/><E22/><V89/><F96/><W28/><G28/><T7/><D3/><U106/><REACH who="1" step="1"/><E82/><REACH who="1" ten="250,240,250,250" step="2"/><V88/><F81/><W43/><G43/><N who="0" m="24895" /><D34/><U18/><E18/><AGARI ba="0,1" hai="18,23,24,41,44,49,88,89,90,102,103" m="7279" machi="18" ten="30,3900,0" yaku="8,1,54,2" doraHai="123" who="2" fromWho="1" sc="250,0,240,-39,250,49,250,0" /><INIT seed="1,0,0,5,2,8" ten="250,201,299,250" oya="1" hai0="75,102,60,74,95,37,132,7,67,73,87,112,89" hai1="61,2,20,22,25,27,127,0,39,77,135,63,82" hai2="85,64,62,55,114,50,53,32,49,19,97,125,79" hai3="65,46,110,69,58,6,81,126,105,124,91,21,101"/><U119/><E119/><V129/><F32/><W30/><G110/><T111/><D112/><U76/><E39/><V106/><F106/><W18/><G69/><T133/><D37/><U92/><E92/><V100/><F79/><W41/><G6/><T28/><D111/><U45/><E45/><V117/><F85/><W11/><G11/><T99/><D7/><U51/><E51/><V121/><F121/><W13/><G30/><T108/><D28/><U118/><E118/><V83/><F83/><W66/><G58/><T5/><D5/><U24/><E135/><N who="0" m="51785" /><D108/><U16/><E127/><N who="3" m="48682" /><G91/><T48/><D48/><U88/><E2/><V90/><F90/><W86/><G86/><T54/><D54/><U43/><E43/><V115/><F55/><W9/><G81/><N who="0" m="49391" /><D73/><U94/><E0/><V57/><F125/><W42/><G42/><T1/><D1/><U56/><E22/><V72/><F72/><W131/><G21/><T12/><D12/><N who="1" m="9223" /><E82/><V84/><F117/><W128/><G41/><T38/><D38/><U93/><E93/><N who="2" m="58415" /><F115/><W116/><G116/><T59/><AGARI ba="0,0" hai="59,60,67,74,75,95,99,102" m="49391,51785" machi="59" ten="30,1100,0" yaku="20,1" doraHai="8" who="0" fromWho="0" sc="250,11,201,-5,299,-3,250,-3" /><INIT seed="2,0,0,2,1,108" ten="261,196,296,247" oya="2" hai0="41,125,55,53,40,134,135,105,114,132,26,33,36" hai1="38,58,0,59,11,56,120,77,62,119,70,82,129" hai2="27,101,12,71,24,3,122,131,54,87,127,84,123" hai3="130,75,118,37,111,95,52,81,102,57,109,35,4"/><V96/><F3/><W30/><G37/><T15/><D105/><U65/><E119/><V17/><F71/><W20/><G118/><T86/><D125/><U61/><E129/><V13/><F54/><N who="0" m="20490" /><D15/><N who="2" m="5706" /><F96/><N who="3" m="59679" /><G35/><T8/><D8/><U43/><E120/><V9/><F101/><W103/><G4/><T10/><D10/><U64/><E38/><V133/><F9/><W80/><G103/><T107/><D107/><U115/><E43/><N who="0" m="16457" /><D36/><U94/><E94/><V100/><F100/><W63/><G75/><T19/><D86/><U106/><E106/><V31/><F127/><W48/><G130/><T7/><D7/><U47/><E47/><V116/><F116/><W45/><G111/><T67/><D67/><U113/><E11/><V60/><F131/><W69/><G69/><T112/><D19/><U2/><E0/><V99/><F17/><W74/><G74/><T29/><AGARI ba="0,0" hai="26,29,33,112,114,132,134,135" m="16457,20490" machi="29" ten="40,5200,0" yaku="20,1,52,2" doraHai="108" who="0" fromWho="0" sc="261,52,196,-13,296,-26,247,-13" /><INIT seed="3,0,0,2,4,93" ten="313,183,270,234" oya="3" hai0="50,110,57,36,64,21,3,34,13,117,102,96,68" hai1="11,75,73,111,113,100,37,81,0,27,7,26,103" hai2="101,114,104,49,2,112,54,126,128,134,74,58,135" hai3="84,118,23,52,40,94,19,33,87,41,92,24,70"/><W38/><G118/><T18/><D117/><U29/><E113/><N who="2" m="43627" /><F2/><W32/><G70/><T124/><D36/><U99/><E111/><V119/><F74/><W123/><G123/><T69/><D110/><U107/><E103/><V20/><F20/><W77/><G38/><T85/><D3/><U131/><E131/><V67/><F101/><W86/><G77/><T129/><D129/><U83/><E81/><V30/><F30/><W28/><G33/><T91/><D34/><N who="1" m="20791" /><E27/><V53/><F104/><W132/><G32/><T31/><D124/><U127/><E127/><V4/><F4/><W115/><G28/><T22/><D22/><U35/><E35/><V43/><F128/><W39/><G39/><T76/><D76/><U45/><E83/><V16/><F16/><W51/><G115/><T48/><D31/><U106/><E106/><V133/><F119/><W89/><G94/><N who="0" m="54639" /><D48/><U65/><E65/><V17/><F17/><W60/><G51/><T9/><D64/><U61/><E61/><N who="2" m="38327" /><F126/><W46/><G24/><T15/><D15/><U25/><E25/><V56/><F54/><W105/><G52/><N who="0" m="31895" /><D9/><U80/><E80/><V71/><F43/><W125/><G41/><T108/><D108/><U55/><E55/><V12/><F12/><W8/><G40/><AGARI ba="0,0" hai="0,7,11,37,40,45,73,75,99,100,107" m="20791" machi="40" ten="30,3900,0" yaku="33,2,52,1" doraHai="93" who="1" fromWho="3" sc="313,0,183,39,270,0,234,-39" owari="313,41.3,222,-17.8,270,7.0,195,-30.5" /></mjloggm>