<mjloggm ver="2.3"><GO type="225" lobby="0"/><UN n0="%E3%82%A2%E3%83%BC%E3%83%A2%E3%83%AD%E3%83%BC%E3%83%B4%E3%82%A1" n1="%E5%8D%A0%E3%81%84%E5%B8%AB%E8%A3%8F%E3%81%AA%E3%81%84%E3%81%97" n2="%E3%81%AF%E3%82%88%E3%81%8A%E3%81%98%E3%81%95%E3%82%93" n3="%E5%B8%86%E7%AB%8B%E5%A4%8F%E8%A1%A3" dan="16,16,17,16" rate="2183.11,2169.51,2207.35,2090.33" sx="M,M,M,M"/><TAIKYOKU oya="0"/><INIT seed="0,0,0,5,0,108" ten="250,250,250,250" oya="0" hai0="27,17,57,72,14,55,43,31,47,106,109,101,120" hai1="135,74,130,104,71,35,110,84,9,121,81,116,85" hai2="59,90,48,96,76,89,41,129,22,123,86,52,29" hai3="61,46,63,92,58,7,24,134,1,19,49,45,107"/><T82/><D120/><U112/><RYUUKYOKU type="yao9" ba="0,0" sc="250,0,250,0,250,0,250,0" hai1="9,35,71,74,81,84,85,104,110,112,116,121,130,135" /><INIT seed="0,1,0,2,2,45" ten="250,250,250,250" oya="0" hai0="46,22,69,125,80,1,110,11,72,94,9,132,118" hai1="121,24,32,68,74,130,96,84,112,106,85,51,109" hai2="28,66,104,131,123,71,59,127,81,67,124,33,12" hai3="63,52,37,117,53,65,34,77,93,62,120,5,122"/><T44/><D118/><U116/><RYUUKYOKU type="yao9" ba="1,0" sc="250,0,250,0,250,0,250,0" hai1="24,32,51,68,74,84,85,96,106,109,112,116,121,130" /><INIT seed="0,2,0,2,5,74" ten="250,250,250,250" oya="0" hai0="88,43,60,46,53,66,1,124,125,123,77,83,51" hai1="55,117,91,116,27,61,23,0,107,79,26,25,132" hai2="76,12,71,86,22,97,11,35,72,103,29,70,112" hai3="133,111,89,114,9,92,15,33,37,121,63,90,127"/><T128/><D123/><U105/><E0/><V16/><F72/><W34/><G114/><T99/><D1/><U64/><E132/><V32/><F112/><W129/><G37/><T21/><D128/><U42/><E42/><V38/><F38/><W54/><G133/><T115/><D115/><U36/><E36/><V119/><F119/><W109/><G127/><N who="0" m="48715" /><D21/><U2/><E2/><V100/><F100/><W31/><G129/><T80/><D43/><U69/><E91/><V84/><F22/><W135/><G135/><T95/><D77/><U30/><E79/><V3/><F3/><W93/><G121/><T50/><D50/><U17/><E55/><V82/><F86/><W122/><G122/><T48/><D48/><U24/><REACH who="1" step="1"/><E30/><REACH who="1" ten="250,240,250,250" step="2"/><V118/><F118/><AGARI ba="2,1" hai="17,23,24,25,26,27,61,64,69,105,107,116,117,118" machi="118" ten="40,2600,0" yaku="1,1,2,1,53,0" doraHai="74" doraHaiUra="108" who="1" fromWho="2" sc="250,0,240,42,250,-32,250,0" /><INIT seed="1,0,0,4,0,59" ten="250,282,218,250" oya="1" hai0="42,92,43,38,98,122,123,36,97,2,26,30,85" hai1="64,18,28,115,10,4,48,24,88,87,127,27,72" hai2="63,131,105,52,133,25,1,126,129,68,77,3,121" hai3="93,111,49,19,15,60,66,37,134,70,82,114,5"/><U89/><E115/><V103/><F121/><N who="0" m="46090" /><D2/><U55/><E72/><V83/><F126/><W47/><G114/><T116/><D116/><U54/><E127/><V84/><F133/><W9/><G134/><T113/><D85/><U119/><E119/><V71/><F25/><W41/><G111/><T94/><D113/><U100/><E100/><V29/><F29/><W61/><G93/><N who="0" m="35947" /><D42/><U33/><E64/><V79/><F77/><W117/><G117/><T40/><D43/><U12/><E24/><V50/><F103/><W124/><G124/><T95/><D40/><U91/><E87/><V130/><F105/><W104/><G104/><T31/><D31/><U7/><REACH who="1" step="1"/><E55/><REACH who="1" ten="250,272,218,250" step="2"/><V35/><F35/><W16/><G82/><T67/><D67/><U109/><E109/><V23/><F130/><W128/><G128/><T20/><D98/><U73/><E73/><V81/><F129/><W11/><G66/><T58/><D58/><AGARI ba="0,1" hai="4,7,10,12,18,27,28,33,48,54,58,88,89,91" machi="58" ten="40,3900,0" yaku="1,1,54,1,53,0" doraHai="59" doraHaiUra="75" who="1" fromWho="0" sc="250,-39,272,49,218,0,250,0" /><INIT seed="1,1,0,4,1,60" ten="211,321,218,250" oya="1" hai0="23,25,69,45,57,48,89,42,131,31,113,20,24" hai1="29,110,108,127,121,26,6,4,8,64,3,53,68" hai2="81,58,128,129,107,109,15,66,35,102,2,27,101" hai3="7,78,61,80,99,5,37,85,103,106,21,39,30"/><U13/><E121/><V124/><F2/><W100/><G100/><T63/><D131/><N who="2" m="50250" /><F109/><N who="1" m="42089" /><E127/><V91/><F124/><W88/><G39/><T41/><D113/><U67/><E68/><V93/><F107/><W22/><G37/><T97/><D69/><U32/><E53/><V75/><F15/><W40/><G40/><T52/><D97/><U47/><E47/><V87/><F27/><W43/><G43/><T76/><D76/><U74/><E74/><V38/><F35/><W62/><G30/><T126/><D89/><U36/><E36/><V117/><F117/><W28/><G28/><N who="0" m="17415" /><D126/><U14/><E14/><V65/><F58/><W96/><G22/><T119/><D119/><U73/><E73/><V9/><F9/><AGARI ba="1,0" hai="3,4,6,8,9,13,26,29,32,64,67" m="42089" machi="9" ten="30,11600,0" yaku="14,1,10,1,52,2" doraHai="60" who="1" fromWho="2" sc="211,0,321,119,218,-119,250,0" /><INIT seed="1,2,0,4,0,110" ten="211,440,99,250" oya="1" hai0="21,0,114,12,55,133,14,17,79,74,119,71,42" hai1="38,13,61,82,72,104,134,47,52,49,2,77,111" hai2="32,41,29,96,91,19,122,62,3,73,105,5,124" hai3="118,127,65,129,45,80,44,58,109,81,101,56,51"/><U57/><E2/><V131/><F122/><W60/><G118/><T83/><D119/><U75/><E111/><V86/><F73/><W97/><G109/><T90/><D0/><U48/><E104/><V128/><F124/><W36/><G127/><T8/><D133/><U64/><E134/><V39/><F19/><W35/><G129/><N who="2" m="49737" /><F62/><W112/><G112/><T27/><D114/><U123/><E123/><V120/><F120/><W89/><G35/><T125/><D125/><U68/><E75/><V50/><F39/><W106/><G58/><T92/><D71/><U1/><E1/><V78/><F78/><W15/><G89/><T26/><D42/><U67/><E13/><V20/><F32/><W46/><G36/><T31/><D55/><U30/><E30/><V132/><F132/><W113/><G113/><T87/><REACH who="0" step="1"/><D8/><REACH who="0" ten="201,440,99,250" step="2"/><U18/><E68/><V93/><F3/><W135/><G135/><T16/><D16/><U59/><E18/><V25/><F5/><W84/><G51/><T121/><D121/><U63/><E48/><V94/><F41/><W40/><G40/><T117/><D117/><U66/><REACH who="1" step="1"/><E38/><REACH who="1" ten="201,430,99,250" step="2"/><V103/><F50/><W116/><G116/><T102/><D102/><U10/><E10/><V130/><N who="2" m="49745" /><V11/><DORA hai="100" /><F11/><W126/><G126/><T4/><D4/><U54/><AGARI ba="2,2" hai="47,49,52,54,57,59,61,63,64,66,67,72,77,82" machi="54" ten="20,12000,1" yaku="1,1,0,1,7,1,54,1,53,1" doraHai="110,100" doraHaiUra="7,107" who="1" fromWho="1" sc="201,-42,430,146,99,-42,250,-42" /><INIT seed="1,3,0,2,2,66" ten="159,576,57,208" oya="1" hai0="12,104,50,19,16,35,125,14,121,89,45,73,101" hai1="111,15,129,23,55,22,110,95,90,42,134,33,114" hai2="133,46,79,106,21,85,24,41,52,11,8,126,63" hai3="100,39,54,27,76,88,98,123,10,131,75,124,62"/><U47/><E114/><V5/><F106/><W135/><G39/><T7/><D35/><U105/><E33/><V26/><F126/><W49/><G123/><T115/><D115/><U116/><E116/><V97/><F133/><W2/><G124/><T71/><D73/><U117/><E105/><V65/><F97/><W6/><G131/><T67/><D89/><U72/><E72/><V29/><F24/><W132/><G27/><T118/><D118/><U113/><E113/><V91/><F79/><W59/><G49/><T94/><D104/><U51/><E117/><V53/><F41/><W81/><G100/><T102/><D7/><U56/><E134/><N who="3" m="51242" /><G98/><T109/><D101/><U44/><E129/><V112/><F112/><W32/><G32/><T13/><D102/><U103/><E103/><V99/><F99/><W130/><G130/><T82/><D121/><U108/><E15/><V43/><F43/><W3/><G88/><T96/><D96/><N who="1" m="57463" /><E47/><V17/><F29/><W30/><G30/><T37/><D45/><U92/><E92/><V80/><F46/><W0/><AGARI ba="3,0" hai="0,2,3,6,10,54,59,62,75,76,81" m="51242" machi="0" ten="30,1100,0" yaku="20,1" doraHai="66" who="3" fromWho="3" sc="159,-6,576,-8,57,-6,208,20" /><INIT seed="2,0,0,0,4,59" ten="153,568,51,228" oya="2" hai0="23,134,21,35,120,41,75,117,11,74,125,133,60" hai1="94,93,114,115,107,97,19,54,51,129,98,92,109" hai2="24,57,9,33,68,121,46,124,106,70,82,34,108" hai3="16,71,52,7,105,87,64,63,78,55,12,47,88"/><V42/><F121/><W96/><G7/><T48/><D35/><U28/><E28/><V30/><F34/><W18/><G18/><T113/><D113/><U135/><E109/><V80/><F106/><W39/><G78/><T90/><D120/><U20/><E129/><V66/><F124/><W67/><G67/><T118/><D125/><U37/><E37/><V127/><F127/><W5/><G5/><T1/><D90/><U111/><E111/><V56/><F108/><W99/><G39/><T50/><D1/><U119/><E119/><N who="0" m="45577" /><D11/><U69/><E69/><V79/><F80/><N who="3" m="49255" /><G55/><T73/><D41/><U61/><E135/><N who="0" m="51721" /><D60/><U62/><E114/><V102/><F9/><N who="3" m="6159" /><G105/><T116/><D116/><U123/><E107/><V58/><F102/><W26/><G26/><T77/><D77/><U29/><E115/><V131/><F131/><W53/><G53/><T112/><D112/><U43/><E54/><V17/><F17/><W65/><G65/><T101/><D101/><U36/><E123/><V128/><F128/><W110/><G110/><T14/><D14/><U83/><E19/><V81/><F66/><W95/><G95/><T72/><D72/><U89/><E83/><V38/><REACH who="2" step="1"/><F82/><REACH who="2" ten="153,568,41,228" step="2"/><W104/><G104/><T76/><D76/><U10/><E10/><V130/><F130/><W86/><G64/><T132/><D132/><U85/><E97/><V27/><F27/><W126/><G126/><T103/><D103/><U15/><E98/><V122/><F122/><W25/><G99/><T100/><D100/><U22/><E94/><V45/><F45/><W8/><G96/><RYUUKYOKU ba="0,1" sc="153,15,568,-15,41,15,228,-15" hai0="21,23,48,50,73,74,75" hai2="24,30,33,38,42,46,56,57,58,68,70,79,81" /><INIT seed="2,1,1,2,0,62" ten="168,553,56,213" oya="2" hai0="120,27,53,63,112,60,98,76,115,31,116,97,109" hai1="67,34,14,55,119,73,15,83,106,3,79,7,21" hai2="102,25,110,51,129,108,122,74,93,50,135,117,6" hai3="111,0,101,90,35,87,132,89,95,46,1,77,36"/><V82/><F117/><W12/><G35/><T38/><D120/><U64/><E119/><V68/><F122/><W104/><G132/><T23/><D116/><U37/><E106/><V127/><F135/><W118/><G111/><N who="2" m="42537" /><F68/><W65/><G118/><T92/><D109/><U8/><E37/><V28/><F6/><W10/><G65/><T4/><D38/><U133/><E133/><V131/><F127/><W16/><G77/><T72/><D4/><U47/><E34/><N who="2" m="20751" /><F82/><W88/><G104/><T69/><D97/><U40/><E3/><V20/><F20/><W9/><G101/><T121/><D121/><U58/><E21/><V105/><F74/><W19/><G0/><T126/><D126/><U100/><E83/><V11/><F11/><W49/><G36/><T125/><D125/><U61/><E8/><V86/><F105/><W81/><G95/><T113/><D69/><U17/><E73/><V85/><F102/><W22/><G1/><T5/><D5/><U26/><E100/><V32/><F32/><W91/><G19/><T59/><D72/><U52/><E7/><V71/><F71/><W124/><G124/><T80/><D80/><U41/><E79/><V99/><F99/><W42/><AGARI ba="1,1" hai="9,10,12,16,22,42,46,49,81,87,88,89,90,91" machi="42" ten="30,7900,0" yaku="0,1,8,1,54,2" doraHai="62" who="3" fromWho="3" sc="168,-21,553,-21,56,-40,213,92" /><INIT seed="3,0,0,0,2,103" ten="147,532,16,305" oya="3" hai0="32,15,0,120,49,135,57,43,121,6,79,37,3" hai1="14,18,7,11,58,56,60,52,122,35,17,10,99" hai2="48,96,101,134,74,105,133,113,63,5,62,123,85" hai3="90,45,20,81,27,112,129,125,80,119,13,93,21"/><W38/><G112/><T75/><D15/><N who="1" m="5599" /><E35/><V34/><F74/><W23/><G119/><T59/><D59/><N who="1" m="34919" /><E122/><V54/><F113/><W77/><G125/><T104/><D57/><N who="1" m="22123" /><E99/><V108/><F34/><W126/><G129/><T115/><D79/><U110/><E110/><V98/><F108/><W4/><G126/><T72/><D6/><AGARI ba="0,0" hai="6,11,14,17,18" m="22123,34919,5599" machi="6" ten="30,2000,0" yaku="8,1,54,1" doraHai="103" who="1" fromWho="0" sc="147,-20,532,20,16,0,305,0" owari="127,-27.3,552,65.2,16,-48.4,305,10.5" /></mjloggm>