<mjloggm ver="2.3"><GO type="225" lobby="0"/><UN n0="%E3%83%81%E3%83%AF%E3%83%AF%E9%9A%8A%E9%95%B7" n1="%E3%81%BF%E3%81%BF%E3%81%9A" n2="%E7%89%B9%E6%9D%B1%E3%81%AF%E4%B8%96%E7%95%8C%E3%82%92%E6%95%91%E3%81%86" n3="%77%72%77%72%77%72%77%72" dan="16,18,16,17" rate="2171.04,2250.03,2152.40,2162.97" sx="M,M,M,M"/><TAIKYOKU oya="0"/><INIT seed="0,0,0,4,2,72" ten="250,250,250,250" oya="0" hai0="70,32,17,62,20,23,105,91,112,47,82,4,69" hai1="65,43,56,111,18,131,110,133,21,93,87,126,34" hai2="97,64,128,1,98,80,125,42,95,29,31,92,73" hai3="115,89,27,44,52,11,40,63,5,25,96,41,104"/><T90/><D32/><U37/><E34/><V123/><F123/><W66/><G115/><T79/><D112/><U85/><E131/><V75/><F1/><W113/><G113/><T99/><D4/><U71/><E71/><V36/><F64/><W132/><G132/><T49/><D23/><U116/><E116/><V83/><F42/><W121/><G121/><T86/><D70/><U7/><E7/><V67/><F67/><W24/><G66/><T135/><D135/><U76/><E133/><V51/><F51/><W30/><G30/><T22/><D22/><U54/><E65/><V61/><F61/><W134/><G134/><T88/><D62/><U77/><E43/><V129/><REACH who="2" step="1"/><F125/><REACH who="2" ten="250,250,240,250" step="2"/><W108/><G108/><N who="1" m="41514" /><E126/><V118/><F118/><W3/><G63/><T127/><D127/><U58/><E37/><AGARI ba="0,1" hai="29,31,36,37,73,75,80,83,92,95,97,98,128,129" machi="37" ten="25,3200,0" yaku="1,1,22,2,53,0" doraHai="72" doraHaiUra="0" who="2" fromWho="1" sc="250,0,250,-32,240,42,250,0" /><INIT seed="1,0,0,3,3,41" ten="250,218,282,250" oya="1" hai0="42,32,72,104,30,68,80,56,127,35,125,39,12" hai1="100,102,36,67,86,47,133,3,71,74,40,116,9" hai2="130,94,79,10,129,82,126,54,58,97,108,46,17" hai3="105,31,96,112,50,76,121,109,52,93,111,61,106"/><U21/><E116/><V65/><F108/><N who="3" m="41547" /><G112/><T13/><D68/><U107/><E133/><V122/><F122/><W48/><G121/><T25/><D104/><N who="3" m="40041" /><G31/><T6/><D32/><U117/><E117/><V120/><F120/><W37/><G37/><T88/><D56/><U101/><E74/><V51/><F126/><N who="0" m="48138" /><D6/><U131/><E131/><N who="2" m="50187" /><F10/><W124/><G76/><N who="0" m="44039" /><D88/><U29/><E86/><N who="2" m="48479" /><F17/><W49/><G124/><T90/><D90/><U45/><E107/><V95/><F97/><W92/><G96/><T64/><D64/><U16/><E67/><V128/><F128/><W132/><G132/><T0/><D0/><U85/><E71/><V55/><F65/><W87/><G87/><T118/><D118/><U28/><E85/><V38/><F38/><W5/><G5/><T114/><D114/><U20/><E3/><V2/><F2/><W69/><G69/><T113/><D113/><U83/><E83/><V7/><F7/><W66/><G66/><T26/><D26/><U23/><REACH who="1" step="1"/><E45/><AGARI ba="0,0" hai="12,13,25,30,35,39,42,45" m="44039,48138" machi="45" ten="30,2000,0" yaku="18,1,52,1" doraHai="41" who="0" fromWho="1" sc="250,20,218,-20,282,0,250,0" /><INIT seed="2,0,0,1,0,18" ten="270,198,282,250" oya="2" hai0="89,83,131,61,119,13,78,101,110,127,68,8,47" hai1="25,120,123,95,31,57,15,100,117,14,10,50,23" hai2="35,19,64,76,87,133,132,48,51,7,46,134,5" hai3="28,56,79,59,70,0,124,126,65,54,62,22,91"/><V104/><F104/><W72/><G0/><T99/><D110/><U111/><E100/><V96/><F35/><W116/><G116/><T24/><D119/><U30/><E117/><V97/><F64/><W82/><G91/><T44/><D127/><N who="3" m="48681" /><G54/><T125/><D125/><U3/><E95/><V135/><F135/><W113/><G113/><T94/><D131/><U29/><E50/><N who="2" m="18987" /><F46/><W109/><G109/><T98/><D24/><AGARI ba="0,0" hai="22,24,28,56,59,62,65,70,72,79,82" m="48681" machi="24" ten="30,2000,0" yaku="18,1,52,1" doraHai="18" who="3" fromWho="0" sc="270,-20,198,0,282,0,250,20" /><INIT seed="3,0,0,2,2,33" ten="250,198,282,270" oya="3" hai0="0,61,112,47,115,7,79,31,39,93,103,134,100" hai1="111,70,60,51,29,87,102,48,96,8,30,3,128" hai2="106,13,90,32,42,84,27,22,105,116,59,131,4" hai3="26,54,109,72,23,14,108,63,58,57,130,97,12"/><W21/><G72/><T77/><D134/><U19/><E111/><N who="3" m="42570" /><G130/><T122/><D122/><U11/><E128/><V52/><F131/><W86/><G97/><N who="0" m="59439" /><D103/><U89/><E70/><V45/><F32/><W41/><G41/><N who="0" m="22975" /><D31/><U15/><E60/><V83/><F116/><W76/><G23/><T99/><D99/><U37/><E37/><V98/><F98/><W62/><G86/><T2/><D61/><U67/><E67/><V104/><F4/><W133/><G76/><N who="0" m="29259" /><D7/><U66/><E66/><V10/><F10/><W35/><G35/><T114/><AGARI ba="0,0" hai="0,2,112,114,115" m="29259,22975,59439" machi="114" ten="40,5200,0" yaku="11,1,52,2" doraHai="33" who="0" fromWho="0" sc="250,52,198,-13,282,-13,270,-26" owari="302,40.2,185,-31.5,269,6.9,244,-15.6" /></mjloggm>