<mjloggm ver="2.3"><GO type="225" lobby="0"/><UN n0="%E6%97%A5%E6%9B%9C%E6%97%A5%E3%82%88%E3%82%8A%E3%81%AE%E4%BD%BF%E8%80%85" n1="%E6%A1%9C%E8%8A%B1%E9%96%83%E3%80%85" n2="%E3%83%99%E3%83%AB%E3%83%A2%E3%83%83%E3%83%88" n3="%E3%81%BF%E3%81%BF%E3%81%9A" dan="17,16,16,16" rate="2131.96,2116.42,2098.53,2132.78" sx="M,M,M,M"/><TAIKYOKU oya="0"/><INIT seed="0,0,0,3,0,33" ten="250,250,250,250" oya="0" hai0="38,2,51,127,101,9,22,92,40,21,6,124,34" hai1="32,112,96,43,75,108,64,35,4,66,118,119,134" hai2="27,42,104,89,37,25,53,17,46,30,20,94,114" hai3="5,91,1,81,78,117,103,121,93,55,67,18,23"/><T61/><D38/><U0/><E75/><V131/><F104/><W24/><G117/><T47/><D34/><N who="1" m="12843" /><E96/><V130/><F114/><W59/><G121/><T29/><D61/><U63/><E66/><V98/><F27/><W41/><G41/><T39/><D39/><U88/><E88/><V109/><F109/><W62/><G103/><T48/><D48/><U15/><E43/><V11/><F11/><W14/><G67/><T76/><D76/><U129/><E108/><V135/><F135/><W100/><G100/><T12/><D29/><U71/><E15/><V79/><F79/><W3/><G5/><T107/><D107/><U13/><E13/><V77/><F77/><W106/><G14/><T7/><D7/><U69/><E69/><V28/><REACH who="2" step="1"/><F53/><REACH who="2" ten="250,250,240,250" step="2"/><W97/><REACH who="3" step="1"/><G106/><REACH who="3" ten="250,250,240,240" step="2"/><T45/><D6/><U86/><E119/><V90/><F90/><W111/><G111/><T57/><D40/><U102/><E118/><V110/><F110/><W80/><G80/><T74/><D101/><U26/><E102/><V116/><F116/><W85/><AGARI ba="0,2" hai="1,3,18,23,24,55,59,62,78,81,85,91,93,97" machi="85" ten="20,12000,2" yaku="1,1,0,1,7,1,25,2,52,2,53,0" doraHai="33" doraHaiUra="44" who="3" fromWho="3" sc="250,-60,250,-30,240,-30,240,140" /><INIT seed="1,0,0,3,1,55" ten="190,220,210,380" oya="1" hai0="22,76,7,98,34,94,31,12,118,53,28,42,102" hai1="93,86,97,10,132,131,130,91,17,80,127,114,57" hai2="54,79,90,78,112,67,65,113,35,81,106,120,27" hai3="18,121,51,24,63,96,104,99,19,116,128,124,21"/><U75/><E114/><N who="2" m="44139" /><F106/><W49/><G121/><T64/><D118/><U33/><E33/><V43/><F43/><W39/><G39/><T135/><D135/><U5/><E132/><V30/><F120/><W25/><G116/><T3/><D34/><U47/><E75/><V115/><N who="2" m="44147" /><V0/><DORA hai="50" /><F0/><W72/><G72/><T95/><D3/><U48/><E17/><V20/><F90/><W61/><G124/><T109/><D109/><U126/><E57/><V8/><F8/><W56/><G128/><N who="1" m="49194" /><E10/><V74/><F79/><W29/><G104/><T11/><D42/><N who="1" m="24695" /><E5/><V111/><F111/><W69/><G69/><T9/><D9/><U89/><AGARI ba="0,0" hai="80,86,89,91,93,97,126,127" m="24695,49194" machi="89" ten="30,1500,0" yaku="19,1" doraHai="55,50" who="1" fromWho="1" sc="190,-5,220,15,210,-5,380,-5" /><INIT seed="1,1,0,4,2,84" ten="185,235,205,375" oya="1" hai0="17,92,23,47,123,5,7,102,42,13,24,26,4" hai1="61,27,122,50,60,76,71,98,93,22,79,80,48" hai2="78,103,58,2,39,110,57,70,99,68,125,54,100" hai3="25,32,133,41,45,35,124,86,49,16,59,69,55"/><U106/><E122/><V21/><F110/><W73/><G73/><T72/><D72/><U12/><E12/><V37/><F2/><W115/><G115/><T82/><D82/><U132/><E132/><V128/><F78/><N who="1" m="29737" /><E80/><V111/><F111/><W33/><G133/><T10/><D123/><U53/><E106/><V85/><F125/><W97/><G124/><T6/><D26/><U75/><E71/><V63/><F70/><W30/><G86/><T67/><D67/><U87/><E87/><V74/><F74/><W130/><G130/><T1/><D1/><U9/><E9/><V108/><F108/><W119/><G119/><T19/><N who="0" m="1024" /><DORA hai="131" /><T8/><D8/><U0/><E48/><V126/><F68/><W91/><G69/><T88/><D102/><N who="1" m="60751" /><E0/><V83/><F126/><W95/><REACH who="3" step="1"/><G16/><REACH who="3" ten="185,235,205,365" step="2"/><T62/><D62/><AGARI ba="1,1" hai="25,30,32,33,35,41,45,49,55,59,62,91,95,97" machi="62" ten="30,8000,1" yaku="1,1,2,1,7,1,52,1,53,1" doraHai="84,131" doraHaiUra="14,20" who="3" fromWho="0" sc="185,-83,235,0,205,0,365,93" /><INIT seed="2,0,0,1,2,93" ten="102,235,205,458" oya="2" hai0="118,127,130,38,91,49,3,79,39,56,23,104,32" hai1="59,36,33,103,2,81,98,101,116,19,31,30,80" hai2="45,58,129,62,122,9,102,16,18,134,121,100,82" hai3="92,60,108,54,53,73,90,66,88,28,96,126,120"/><V13/><F129/><W75/><G120/><T37/><D32/><U68/><E116/><V131/><F131/><W25/><G108/><T95/><D104/><U111/><E68/><V1/><F1/><W133/><G126/><T109/><D3/><U72/><E36/><V5/><F134/><W76/><G133/><T6/><D130/><U83/><E72/><V61/><F121/><W12/><G90/><T51/><D109/><U112/><E112/><V135/><F135/><W110/><G110/><T125/><D118/><U107/><E111/><V89/><F45/><W67/><G67/><T128/><D128/><U114/><E114/><V35/><F35/><W42/><G42/><T64/><D79/><U4/><E103/><V29/><F29/><W41/><G12/><T85/><D6/><U119/><E119/><V86/><F62/><W17/><G17/><N who="2" m="6761" /><F122/><W115/><G41/><T84/><D84/><U0/><E33/><V117/><F117/><W50/><G115/><T65/><D23/><U113/><E113/><V43/><F43/><W124/><G124/><N who="0" m="47691" /><D65/><AGARI ba="0,0" hai="5,9,13,58,61,65,82,86,89,100,102" m="6761" machi="65" ten="30,2900,0" yaku="8,1,54,1" doraHai="93" who="2" fromWho="0" sc="102,-29,235,0,205,29,458,0" /><INIT seed="2,1,0,2,2,122" ten="73,235,234,458" oya="2" hai0="77,44,109,34,105,33,7,93,97,48,5,32,74" hai1="118,79,83,88,132,43,58,64,65,47,112,117,95" hai2="84,45,89,124,6,134,53,102,8,1,104,78,114" hai3="40,50,22,127,108,67,28,19,0,54,42,75,71"/><V17/><F114/><W120/><G120/><T38/><D105/><U15/><E112/><V91/><F124/><W99/><G127/><T131/><D38/><U115/><E115/><V107/><F78/><W62/><G75/><T37/><D37/><U130/><E130/><V96/><F107/><W16/><G0/><T85/><D74/><U128/><E128/><V101/><F101/><W69/><G69/><T98/><D131/><U46/><E132/><V55/><F91/><W116/><G116/><T61/><D61/><U9/><E117/><V121/><F134/><W123/><G123/><T27/><D27/><U11/><E11/><V25/><F45/><N who="1" m="16905" /><E58/><V87/><F87/><W72/><G28/><T13/><D109/><U39/><E43/><V30/><F17/><W14/><G108/><T49/><D13/><U10/><E10/><V133/><F133/><W92/><G72/><T111/><D111/><U103/><E103/><V125/><F125/><W51/><G51/><T113/><D113/><U26/><E26/><V24/><F24/><W94/><G94/><T35/><N who="0" m="8192" /><DORA hai="63" /><T129/><D129/><U2/><E2/><V31/><F121/><W3/><G3/><T73/><D73/><N who="1" m="43503" /><E39/><V81/><REACH who="2" step="1"/><F25/><REACH who="2" ten="73,235,224,458" step="2"/><W56/><G19/><T70/><D44/><U60/><E118/><V100/><F100/><AGARI ba="1,1" hai="14,16,22,40,42,50,54,56,62,67,71,92,99,100" machi="100" ten="30,3900,0" yaku="7,1,52,1,54,1" doraHai="122,63" who="3" fromWho="2" sc="73,0,235,0,224,-42,458,52" /><INIT seed="3,0,0,4,4,51" ten="73,235,182,510" oya="3" hai0="22,129,81,38,124,133,119,41,126,53,134,128,123" hai1="108,106,20,109,89,61,50,116,80,32,15,87,100" hai2="78,101,54,98,102,13,31,12,28,60,125,122,49" hai3="27,96,9,67,71,14,75,65,5,16,4,18,10"/><W56/><G75/><T66/><D119/><U103/><E116/><V64/><F125/><N who="0" m="48234" /><D123/><U2/><E2/><V62/><F78/><W77/><G71/><T46/><D81/><U6/><E32/><V11/><F102/><W59/><G77/><T25/><D25/><U113/><E113/><V17/><F13/><W105/><G105/><T47/><D66/><U107/><E50/><V7/><F62/><W88/><G27/><T1/><D1/><U135/><E135/><N who="0" m="51721" /><D22/><U115/><E20/><V8/><F8/><W82/><G96/><T114/><D114/><U48/><E80/><V40/><F122/><W37/><G82/><T121/><D121/><U58/><E106/><V39/><F64/><W93/><G93/><T120/><D120/><U99/><E107/><V35/><F35/><W26/><G26/><T57/><D47/><U83/><E83/><V3/><F3/><W36/><G14/><T42/><D42/><U111/><E115/><V85/><F40/><W131/><G88/><T132/><N who="0" m="51729" /><T95/><DORA hai="73" /><D95/><U91/><E91/><V104/><F104/><W74/><G74/><T76/><D76/><U23/><E89/><V90/><F90/><W34/><G34/><T94/><D94/><U86/><E23/><V112/><F112/><W72/><G72/><T117/><D117/><U92/><E92/><V55/><F98/><W45/><G45/><T84/><D84/><U43/><E87/><V79/><F85/><W29/><G29/><T0/><D0/><U70/><E86/><V24/><F28/><W110/><G67/><T130/><D130/><RYUUKYOKU ba="0,0" sc="73,30,235,-10,182,-10,510,-10" hai0="38,41,46,53,57,128,129" owari="103,-39.7,225,2.5,172,-22.8,500,60.0" /></mjloggm>