<mjloggm ver="2.3"><GO type="225" lobby="0"/><UN n0="%E3%81%BE%E3%81%A8%E3%81%9F" n1="%31%50%E3%81%9F%E3%81%9D" n2="%E3%81%A0%E3%81%8A" n3="%E3%81%AF%E3%82%88%E3%81%8A%E3%81%98%E3%81%95%E3%82%93" dan="16,16,16,16" rate="2168.55,2117.81,2048.99,2197.02" sx="M,F,M,M"/><TAIKYOKU oya="0"/><INIT seed="0,0,0,2,3,94" ten="250,250,250,250" oya="0" hai0="57,76,71,82,3,66,25,34,128,43,73,1,116" hai1="46,86,6,103,79,41,29,62,18,132,12,102,20" hai2="134,40,122,83,100,81,2,47,111,67,127,125,33" hai3="49,112,68,45,21,120,24,60,108,90,55,38,117"/><T84/><D116/><U99/><E132/><V8/><F122/><W65/><G117/><T104/><D128/><U106/><E102/><V101/><F134/><W53/><G112/><T44/><D57/><U135/><E135/><V52/><F33/><W35/><G35/><T119/><D84/><U4/><E29/><V32/><F32/><W9/><G108/><T42/><D42/><U14/><E14/><V56/><F67/><W75/><G120/><T131/><D104/><U11/><E62/><V77/><F8/><W91/><G75/><T17/><D17/><U114/><E114/><V72/><F2/><W109/><G109/><T31/><D131/><U48/><REACH who="1" step="1"/><E11/><REACH who="1" ten="250,240,250,250" step="2"/><V63/><F101/><W93/><G9/><T130/><D130/><U51/><E51/><V78/><F100/><W124/><G38/><N who="0" m="21623" /><D119/><U74/><E74/><V28/><F111/><W5/><G60/><AGARI ba="0,1" hai="1,3,25,31,34,60,66,71,73,76,82" m="21623" machi="60" ten="30,2900,0" yaku="33,2" doraHai="94" who="0" fromWho="3" sc="250,39,240,0,250,0,250,-29" /><INIT seed="0,1,0,5,1,122" ten="289,240,250,221" oya="0" hai0="65,132,1,98,79,120,103,39,32,118,117,129,74" hai1="112,92,77,9,57,21,93,51,55,52,27,121,70" hai2="111,131,23,20,99,7,26,123,45,116,76,4,102" hai3="49,109,87,110,130,50,88,60,80,108,37,91,94"/><T5/><D120/><U3/><E70/><V71/><F123/><W46/><G130/><T96/><D129/><U6/><E121/><V134/><F116/><W35/><G35/><T10/><D132/><U54/><E112/><V22/><F71/><W63/><G37/><T124/><D124/><U67/><E77/><V95/><F131/><W64/><G46/><T30/><D39/><U48/><E67/><V2/><F134/><W72/><G72/><T31/><D96/><U106/><E106/><V69/><F69/><N who="3" m="42119" /><G63/><T19/><D65/><U25/><E25/><V42/><F76/><W33/><G33/><T40/><D40/><U78/><E78/><V29/><F111/><W126/><G126/><T62/><D62/><U86/><E86/><AGARI ba="1,0" hai="49,50,80,86,87,88,91,94,108,109,110" m="42119" machi="86" ten="30,8000,1" yaku="14,1,52,3,54,1" doraHai="122" who="3" fromWho="1" sc="289,0,240,-83,250,0,221,83" /><INIT seed="1,0,0,0,2,77" ten="289,157,250,304" oya="1" hai0="91,81,6,76,27,124,75,127,16,14,66,45,120" hai1="49,108,25,44,74,78,65,125,93,104,126,80,121" hai2="62,79,114,3,84,106,11,37,113,117,15,115,83" hai3="31,19,97,54,72,101,38,48,95,47,100,32,102"/><U13/><E121/><V34/><F117/><W68/><G72/><T18/><D120/><U64/><E104/><V128/><F34/><W28/><G68/><T88/><D66/><U22/><E108/><V87/><F106/><W133/><G133/><T33/><D45/><U107/><E13/><V56/><F37/><W2/><G2/><T40/><D40/><U36/><E36/><V73/><F3/><W94/><G38/><T69/><D69/><U9/><E9/><V8/><F128/><W131/><G131/><T59/><D59/><U63/><E93/><N who="3" m="35338" /><G32/><T12/><D6/><U42/><E107/><V50/><F50/><W110/><G110/><T119/><D119/><U55/><E42/><V89/><F89/><N who="0" m="34378" /><D33/><U30/><REACH who="1" step="1"/><E65/><REACH who="1" ten="289,147,250,304" step="2"/><N who="2" m="39111" /><F8/><W122/><G122/><T82/><D14/><U103/><E103/><V53/><F11/><W21/><G97/><T86/><D12/><AGARI ba="0,1" hai="12,19,21,28,31,47,48,54,100,101,102" m="35338" machi="12" ten="30,1000,0" yaku="8,1" doraHai="77" who="3" fromWho="0" sc="289,-10,147,0,250,0,304,20" /><INIT seed="2,0,0,2,0,111" ten="279,147,250,324" oya="2" hai0="74,66,1,48,113,101,19,22,55,97,103,51,49" hai1="94,73,93,77,82,110,117,18,13,70,29,38,43" hai2="4,61,106,69,98,23,124,11,125,88,17,7,56" hai3="108,81,89,25,134,26,78,16,119,62,131,96,118"/><V21/><F69/><W121/><G121/><T107/><D74/><U35/><E110/><V37/><F37/><W105/><G108/><T39/><D39/><U114/><E70/><V58/><F106/><W27/><G131/><T34/><D34/><U120/><E117/><V45/><F45/><W65/><G134/><T47/><D1/><U112/><E120/><V85/><F98/><W40/><G40/><T133/><D133/><U30/><E43/><V20/><F17/><W32/><G32/><T15/><D113/><U127/><E38/><V83/><F61/><W123/><G123/><T135/><D135/><U0/><E0/><V36/><F36/><W31/><G31/><T104/><D66/><U122/><E122/><V9/><F9/><W50/><G50/><T3/><D3/><U28/><E35/><V8/><F8/><W90/><G16/><T24/><D24/><U59/><E59/><V100/><F100/><W87/><G105/><T67/><D67/><U2/><E2/><N who="2" m="407" /><F7/><W80/><G96/><AGARI ba="0,0" hai="15,19,22,47,48,49,51,55,96,97,101,103,104,107" machi="96" ten="40,1300,0" yaku="9,1" doraHai="111" who="0" fromWho="3" sc="279,13,147,0,250,0,324,-13" /><INIT seed="3,0,0,5,0,68" ten="292,147,250,311" oya="3" hai0="9,65,21,18,118,14,16,34,77,58,128,26,62" hai1="121,130,39,112,96,42,63,80,115,84,110,54,89" hai2="8,100,88,30,35,4,64,0,13,17,119,116,61" hai3="59,92,103,45,7,127,43,19,3,33,1,20,48"/><W50/><G33/><T44/><D118/><U40/><E121/><V72/><F72/><W53/><G127/><T73/><D128/><U81/><E130/><V25/><F100/><W11/><G103/><T24/><D73/><U74/><E110/><V22/><REACH who="2" step="1"/><F88/><REACH who="2" ten="292,147,240,311" step="2"/><W99/><G99/><T94/><D77/><U133/><E96/><V105/><F105/><W90/><G90/><T97/><D34/><U23/><E133/><V5/><F5/><W111/><G111/><T29/><D97/><U120/><E120/><V91/><F91/><W41/><G92/><T122/><D94/><U108/><E108/><V57/><AGARI ba="0,1" hai="0,4,8,13,17,22,25,30,35,57,61,64,116,119" machi="57" ten="20,12000,2" yaku="1,1,0,1,7,1,24,2,53,1" doraHai="68" doraHaiUra="55" who="2" fromWho="2" sc="292,-30,147,-30,240,130,311,-60" owari="262,6.2,117,-38.3,370,47.0,251,-14.9" /></mjloggm>