<mjloggm ver="2.3"><GO type="225" lobby="0"/><UN n0="%E4%B8%89%E5%86%A0%E7%8E%8B%E3%83%BB%E5%B1%B1%E7%94%B0%E5%93%B2%E4%BA%BA" n1="%E9%80%9F%E6%B0%B4%E5%87%9B%E9%A6%99" n2="%6D%75%75%6D%75%72%61" n3="%73%65%69%6A%69%64%6F%6E" dan="16,16,16,16" rate="2155.92,2134.91,2171.76,2163.87" sx="M,F,F,M"/><TAIKYOKU oya="0"/><INIT seed="0,0,0,1,0,110" ten="250,250,250,250" oya="0" hai0="80,66,44,76,122,118,13,8,72,116,64,48,60" hai1="70,6,126,91,16,0,105,87,34,92,9,19,115" hai2="121,96,5,43,45,71,49,119,90,101,3,94,130" hai3="29,31,39,83,124,22,84,59,112,20,40,99,114"/><T78/><D78/><U88/><E105/><V129/><F121/><W17/><G40/><T41/><D122/><U36/><E34/><V24/><F71/><W68/><G68/><T14/><D14/><U98/><E70/><V21/><F119/><W10/><G39/><T107/><D107/><U61/><E36/><V85/><F5/><W2/><G99/><T75/><D75/><U67/><E126/><V82/><REACH who="2" step="1"/><F3/><REACH who="2" ten="250,250,240,250" step="2"/><W37/><G124/><T117/><REACH who="0" step="1"/><D60/><REACH who="0" ten="240,250,240,250" step="2"/><U26/><E61/><V128/><F128/><W32/><G2/><T134/><D134/><U58/><E0/><V120/><F120/><W81/><G114/><T7/><AGARI ba="0,2" hai="7,8,13,41,44,48,64,66,72,76,80,116,117,118" machi="7" ten="30,3000,0" yaku="1,1,0,1,53,0" doraHai="110" doraHaiUra="54" who="0" fromWho="0" sc="240,50,250,-10,240,-10,250,-10" /><INIT seed="0,1,0,2,5,11" ten="290,240,230,240" oya="0" hai0="39,115,122,135,129,3,47,133,88,121,75,42,131" hai1="97,95,78,104,70,66,119,89,116,49,26,61,77" hai2="69,13,73,124,83,56,64,90,22,111,17,92,54" hai3="72,38,1,59,132,86,125,79,50,18,120,6,36"/><T10/><D75/><U4/><E4/><V103/><F111/><W15/><G72/><T7/><D88/><U82/><E104/><V80/><F124/><W41/><G125/><T98/><D98/><U35/><E49/><V33/><F33/><W8/><G132/><N who="0" m="50763" /><D115/><U105/><E105/><V113/><F113/><W60/><G120/><AGARI ba="1,0" hai="3,7,10,39,42,47,120,121,122,129,131" m="50763" machi="120" ten="30,2900,0" yaku="20,1,23,1" doraHai="11" who="0" fromWho="3" sc="290,32,240,0,230,0,240,-32" /><INIT seed="0,2,0,0,1,93" ten="322,240,230,208" oya="0" hai0="61,122,92,95,121,118,36,57,62,113,64,134,48" hai1="2,70,100,69,56,79,8,90,33,88,99,130,91" hai2="111,1,60,9,120,81,38,96,24,133,52,58,46" hai3="128,86,31,40,63,71,68,3,19,77,55,105,54"/><T106/><D36/><U47/><E33/><V94/><F120/><W117/><G3/><T6/><D106/><U27/><E79/><V126/><F111/><W109/><G31/><T104/><D104/><U41/><E27/><V10/><F133/><W35/><G35/><T11/><D113/><U123/><E56/><V74/><F126/><W135/><G117/><T72/><D72/><U16/><E123/><V15/><F24/><W4/><G105/><T39/><D39/><U51/><E130/><V43/><F1/><W53/><G4/><T107/><D107/><U83/><E83/><V18/><F81/><W17/><G77/><T67/><D95/><N who="1" m="58495" /><E69/><V115/><F74/><W103/><G103/><T98/><D48/><U75/><E70/><V30/><F30/><W13/><G40/><T76/><D134/><U110/><E2/><V23/><REACH who="2" step="1"/><F115/><REACH who="2" ten="322,240,220,208" step="2"/><W87/><G135/><T12/><D122/><U124/><E75/><V82/><F82/><W45/><G109/><T97/><D121/><U66/><E110/><V50/><F50/><W125/><G125/><T78/><D118/><U114/><E124/><V26/><F26/><W21/><G128/><T49/><D49/><U20/><E114/><V22/><F22/><W5/><G63/><T59/><D78/><U85/><E20/><V112/><F112/><W44/><G71/><T132/><D76/><U127/><E127/><V89/><AGARI ba="2,1" hai="9,10,15,18,23,38,43,46,52,58,60,89,94,96" machi="89" ten="20,12000,2" yaku="1,1,0,1,7,1,52,1,54,1,53,1" doraHai="93" doraHaiUra="84" who="2" fromWho="2" sc="322,-62,240,-32,220,136,208,-32" /><INIT seed="1,0,0,4,3,104" ten="260,208,356,176" oya="1" hai0="107,68,130,36,63,75,116,105,111,103,67,129,35" hai1="57,26,1,49,59,30,37,19,113,40,96,124,54" hai2="46,39,12,73,20,109,95,44,27,13,89,33,52" hai3="28,15,41,78,91,86,108,115,94,71,10,9,38"/><U79/><E113/><V6/><F109/><W69/><G115/><T60/><D116/><U4/><E124/><V76/><F33/><W90/><G108/><T48/><D111/><U72/><E19/><V122/><F122/><W84/><G78/><T7/><D36/><U127/><E127/><V99/><F39/><W2/><G28/><T70/><D7/><U3/><E96/><V51/><F46/><W80/><G38/><T77/><D48/><U125/><E125/><V81/><F6/><W16/><REACH who="3" step="1"/><G41/><REACH who="3" ten="260,208,356,166" step="2"/><T17/><D77/><U112/><E112/><V42/><F42/><W53/><G53/><T134/><D130/><U43/><E43/><V24/><F76/><W135/><G135/><T45/><D129/><U117/><E117/><V5/><F52/><W123/><G123/><T18/><D134/><U118/><E118/><V128/><F128/><W92/><G92/><T25/><D107/><U34/><E40/><V132/><F95/><W93/><G93/><T110/><D105/><U106/><E37/><V97/><F132/><W56/><G56/><T31/><D31/><U62/><E106/><V65/><F44/><W8/><G8/><T11/><D45/><U14/><E79/><V87/><F20/><W101/><G101/><T131/><D103/><U55/><E72/><V102/><F73/><W82/><G82/><T114/><D75/><U58/><E58/><V121/><F81/><W126/><G126/><T83/><D114/><U47/><E47/><V21/><F121/><W98/><G98/><T64/><D131/><U23/><E23/><V0/><F21/><RYUUKYOKU ba="0,1" sc="260,-15,208,15,356,-15,166,15" hai1="1,3,4,14,26,30,34,49,54,55,57,59,62" hai3="2,9,10,15,16,69,71,80,84,86,90,91,94" /><INIT seed="1,1,1,4,0,45" ten="245,223,341,181" oya="1" hai0="105,71,37,109,19,31,66,85,55,2,21,35,80" hai1="40,111,122,127,1,5,78,60,90,126,83,129,94" hai2="98,62,50,38,123,101,16,124,64,54,10,92,33" hai3="112,63,42,46,117,131,102,121,73,28,103,14,18"/><U113/><E113/><V13/><F123/><W41/><G121/><T87/><D37/><U86/><E40/><V57/><F124/><N who="1" m="47657" /><E5/><V11/><F33/><W77/><G112/><T128/><D105/><U58/><E1/><V96/><F38/><W65/><G131/><T53/><D2/><U79/><E122/><V30/><F30/><W81/><G117/><T20/><D109/><U43/><E43/><V51/><F10/><W82/><G28/><T118/><D118/><U7/><E7/><V114/><F114/><W84/><G41/><T133/><D31/><U72/><E129/><V4/><F4/><W22/><G73/><T130/><D35/><U9/><E9/><V132/><F132/><W100/><G81/><T15/><D21/><U6/><E6/><V95/><F54/><W135/><G135/><T12/><D20/><U89/><E111/><V74/><F74/><W17/><G17/><T49/><D19/><U48/><E48/><V108/><F108/><W106/><G106/><T91/><D49/><U32/><E32/><V25/><F25/><W47/><REACH who="3" step="1"/><G42/><REACH who="3" ten="245,223,341,171" step="2"/><T119/><D119/><U134/><E134/><V116/><F116/><W125/><G125/><T93/><D133/><U97/><E72/><V0/><F0/><W107/><G107/><T120/><D120/><U3/><E3/><V75/><F75/><W52/><G52/><AGARI ba="1,2" hai="52,58,60,78,79,83,86,89,90,94,97" m="47657" machi="52" ten="30,2900,0" yaku="18,1,54,1" doraHai="45" who="1" fromWho="3" sc="245,0,223,52,341,0,171,-32" /><INIT seed="1,2,0,5,2,104" ten="245,275,341,139" oya="1" hai0="74,17,113,52,68,117,2,115,47,69,57,25,105" hai1="4,130,109,51,59,118,88,128,50,119,108,106,10" hai2="26,116,85,28,132,101,45,62,24,93,81,129,87" hai3="20,94,5,37,67,83,98,124,95,64,91,133,56"/><U84/><E106/><V125/><F116/><N who="1" m="44585" /><E10/><V49/><F125/><W135/><G124/><T9/><D105/><U21/><E4/><V31/><F129/><N who="1" m="49769" /><E21/><V58/><F132/><N who="3" m="50763" /><G37/><T61/><D9/><U79/><E79/><V100/><F93/><W92/><G5/><T103/><D2/><U70/><E70/><V90/><F85/><N who="3" m="50623" /><G20/><T89/><D69/><U11/><E11/><V134/><F134/><W72/><G56/><T131/><D57/><U1/><E1/><V32/><F32/><W34/><G34/><T110/><D68/><U48/><E59/><V30/><F26/><W76/><G64/><T60/><D25/><U86/><E86/><V18/><F24/><W19/><G19/><T12/><D17/><U97/><E97/><V78/><F18/><W43/><G43/><T71/><D71/><U42/><E42/><N who="2" m="24759" /><F78/><W80/><G67/><AGARI ba="2,0" hai="28,30,31,58,62,67,81,87,90,100,101" m="24759" machi="67" ten="30,1000,0" yaku="8,1" doraHai="104" who="2" fromWho="3" sc="245,0,275,0,341,16,139,-16" /><INIT seed="2,0,0,4,3,21" ten="245,275,357,123" oya="2" hai0="83,119,16,116,89,127,43,10,57,133,23,45,68" hai1="15,72,25,113,17,66,58,18,80,109,134,26,82" hai2="88,14,51,96,107,12,46,111,62,8,87,6,11" hai3="125,64,112,114,121,115,99,122,106,90,20,75,52"/><V92/><F111/><W63/><G75/><T30/><D68/><U110/><E113/><V129/><F129/><W28/><G125/><T0/><D133/><U124/><E72/><V42/><F62/><W40/><G40/><T94/><D83/><U117/><E117/><V97/><F107/><W67/><G106/><T70/><D70/><U120/><E120/><V24/><F24/><N who="1" m="9321" /><E124/><V49/><F51/><W78/><G78/><T77/><D77/><U130/><E130/><V126/><F126/><W73/><G73/><T105/><D30/><U84/><E134/><V7/><AGARI ba="0,0" hai="6,7,8,11,12,14,42,46,49,87,88,92,96,97" machi="7" ten="20,12000,1" yaku="0,1,7,1,9,1,8,1,54,1" doraHai="21" who="2" fromWho="2" sc="245,-40,275,-40,357,120,123,-40" /><INIT seed="2,1,0,0,1,105" ten="205,235,477,83" oya="2" hai0="27,36,100,16,23,93,131,119,8,70,98,33,3" hai1="66,83,69,0,25,61,110,71,55,80,54,63,51" hai2="52,113,108,13,97,94,130,84,7,104,58,6,24" hai3="59,34,79,56,68,102,17,120,12,89,2,124,77"/><V86/><F113/><W125/><G2/><T28/><D131/><U4/><E25/><V76/><F104/><W41/><G68/><T57/><D36/><U111/><E4/><V78/><F130/><W37/><G34/><T10/><D119/><U18/><E18/><V118/><F24/><W72/><G102/><T50/><D70/><U39/><E0/><V32/><F32/><W95/><G120/><T30/><D3/><U38/><E51/><V22/><F108/><W19/><G41/><T133/><D133/><U35/><E35/><V44/><F44/><W92/><G37/><T74/><D74/><U96/><E96/><V40/><F86/><W82/><G89/><T114/><D114/><U135/><REACH who="1" step="1"/><E66/><REACH who="1" ten="205,225,477,83" step="2"/><V46/><F97/><W127/><G17/><T45/><D33/><U20/><E20/><V9/><F22/><W112/><G112/><T11/><REACH who="0" step="1"/><D57/><REACH who="0" ten="195,225,477,83" step="2"/><N who="3" m="22089" /><G79/><T49/><D49/><U5/><E5/><V62/><F7/><W101/><G101/><T123/><D123/><U85/><E85/><V60/><F84/><W90/><G90/><T1/><D1/><U87/><E87/><V31/><F78/><W43/><G77/><T88/><D88/><U99/><E99/><V42/><F76/><W26/><G124/><T64/><D64/><U117/><E117/><V129/><F129/><W106/><G127/><T73/><D73/><U126/><E126/><V121/><F118/><W115/><G125/><T122/><D122/><U132/><AGARI ba="1,2" hai="38,39,54,55,61,63,69,71,80,83,110,111,132,135" machi="132" ten="25,12000,2" yaku="1,1,0,1,22,2,53,2" doraHai="105" doraHaiUra="65" who="1" fromWho="1" sc="195,-31,225,143,477,-61,83,-31" /><INIT seed="3,0,0,1,4,23" ten="164,368,416,52" oya="3" hai0="128,89,47,79,13,133,103,31,131,16,68,40,64" hai1="123,12,97,84,117,6,107,29,60,53,43,50,112" hai2="65,8,10,11,24,96,15,59,121,93,134,119,110" hai3="36,62,105,55,91,75,114,44,19,52,61,80,88"/><W0/><G105/><T78/><D133/><U46/><E112/><V66/><F119/><W4/><G114/><T132/><D132/><U113/><E123/><V45/><F134/><W126/><G126/><T1/><D1/><U122/><E122/><V69/><F69/><W30/><G30/><T17/><D103/><U51/><E117/><V135/><F110/><W63/><G0/><T127/><D127/><U100/><E113/><V54/><F45/><W120/><G4/><T101/><D101/><U33/><E60/><N who="2" m="35959" /><F121/><W129/><G120/><T57/><D68/><U67/><E67/><N who="2" m="25611" /><F24/><W58/><G129/><T20/><D17/><U98/><E98/><V5/><F135/><W34/><G34/><T106/><D89/><AGARI ba="0,0" hai="5,8,10,11,15,89,93,96" m="25611,35959" machi="89" ten="30,1000,0" yaku="8,1" doraHai="23" who="2" fromWho="0" sc="164,-10,368,0,416,10,52,0" owari="154,-24.6,368,16.8,426,52.6,52,-44.8" /></mjloggm>