<mjloggm ver="2.3"><GO type="225" lobby="0"/><UN n0="%77%72%77%72%77%72%77%72" n1="%E3%81%A1%E3%82%85%E3%81%86%E3%81%A9%E3%81%8F%E8%B1%A1%E3%81%95%E3%82%93" n2="%E3%83%A9%E3%83%BC%E3%83%A1%E3%83%B3%E4%BA%94%E9%83%8E" n3="%E3%81%8F%E3%82%8A%E3%83%94%E3%83%BC" dan="16,16,16,16" rate="2107.32,2117.34,2088.47,2074.92" sx="M,M,M,M"/><TAIKYOKU oya="0"/><INIT seed="0,0,0,5,3,70" ten="250,250,250,250" oya="0" hai0="22,37,64,87,83,131,11,39,115,32,16,0,86" hai1="135,12,15,96,7,65,134,34,119,113,6,4,101" hai2="92,41,1,45,117,95,40,33,13,76,58,48,77" hai3="53,67,73,21,38,89,19,118,3,80,50,130,49"/><T91/><D115/><U46/><E119/><V120/><F1/><W75/><G118/><T14/><D64/><U2/><E113/><V93/><F120/><W124/><G3/><T126/><D131/><U121/><E121/><V63/><F33/><W66/><G130/><T18/><D32/><U99/><E2/><V30/><F30/><W28/><G28/><T72/><D72/><U8/><E34/><V116/><F13/><N who="1" m="5193" /><E65/><V111/><F111/><W31/><G31/><T25/><D126/><U74/><E74/><V20/><F20/><W5/><G5/><T54/><D0/><U106/><E8/><V114/><F114/><W107/><G107/><T81/><REACH who="0" step="1"/><D54/><REACH who="0" ten="240,250,250,250" step="2"/><U97/><E106/><V78/><REACH who="2" step="1"/><F40/><REACH who="2" ten="240,250,240,250" step="2"/><W51/><G124/><T85/><D85/><U129/><E129/><V43/><F43/><W60/><G75/><T29/><D29/><U84/><E84/><V24/><F24/><W122/><G73/><T79/><AGARI ba="0,2" hai="11,14,16,18,22,25,37,39,79,81,83,86,87,91" machi="79" ten="20,18000,2" yaku="1,1,0,1,7,1,52,2,54,1,53,1" doraHai="70" doraHaiUra="23" who="0" fromWho="0" sc="240,200,250,-60,240,-60,250,-60" /><INIT seed="0,1,0,4,4,40" ten="440,190,180,190" oya="0" hai0="49,28,67,99,134,133,112,86,19,76,26,72,32" hai1="107,125,84,36,44,20,70,15,59,47,9,2,34" hai2="41,25,96,7,14,6,93,37,8,3,46,98,106" hai3="71,73,130,87,117,92,31,1,56,91,43,108,94"/><T61/><D112/><U95/><E107/><V57/><F106/><W63/><G71/><T60/><D72/><U22/><E70/><V89/><F25/><W129/><G73/><T11/><D99/><U27/><E34/><V132/><F132/><N who="0" m="50794" /><D49/><U54/><E2/><V124/><F124/><W65/><G117/><T21/><D11/><U118/><E118/><V53/><F3/><W52/><G1/><T114/><D114/><U12/><E125/><V74/><F74/><W16/><G31/><T50/><D50/><N who="1" m="31191" /><E36/><V113/><F113/><W81/><G43/><T126/><D126/><U35/><E35/><V77/><F77/><W0/><G0/><T64/><D76/><U45/><E27/><V80/><F80/><W82/><G82/><T135/><D86/><U48/><E48/><V29/><F29/><W131/><G81/><T58/><D135/><U119/><E119/><V13/><F98/><W55/><G94/><T127/><D127/><U120/><E120/><V100/><F100/><W122/><G122/><T33/><D28/><U88/><E12/><V24/><F24/><W116/><G116/><T75/><D75/><U101/><E101/><V51/><REACH who="2" step="1"/><F14/><REACH who="2" ten="440,190,170,190" step="2"/><W38/><G130/><T103/><D103/><U66/><E66/><V102/><F102/><W42/><G129/><T5/><D64/><U121/><E121/><V69/><F69/><W39/><G131/><T79/><D67/><U104/><E104/><V97/><F97/><W105/><G105/><T30/><D33/><U78/><E78/><V111/><F111/><W68/><G108/><T10/><D32/><RYUUKYOKU ba="1,1" sc="440,-15,190,15,170,15,190,-15" hai1="9,15,20,22,44,45,47,84,88,95" hai2="6,7,8,13,37,41,46,51,53,57,89,93,96" /><INIT seed="1,2,1,0,5,13" ten="425,205,185,175" oya="1" hai0="3,131,48,24,37,90,107,77,21,52,129,121,96" hai1="105,88,18,126,109,83,54,46,49,7,93,102,65" hai2="106,71,42,0,47,38,4,66,110,100,33,133,26" hai3="73,123,29,97,94,59,30,67,43,44,40,20,11"/><U95/><E7/><V23/><F110/><W132/><G123/><T2/><D37/><U116/><E116/><V27/><F133/><W85/><G73/><T130/><D77/><U53/><E126/><V58/><F71/><W25/><G132/><T135/><D121/><U55/><E109/><V8/><F33/><W122/><G122/><T51/><D51/><U19/><E65/><V39/><F39/><W75/><G75/><T113/><D113/><U91/><E83/><V108/><F108/><W57/><G85/><T111/><D111/><U69/><E69/><V32/><F32/><W104/><G104/><T22/><D22/><U103/><E105/><V64/><F58/><N who="3" m="22027" /><G67/><T1/><D135/><U101/><E93/><V92/><F106/><W82/><G82/><T118/><D118/><U9/><E91/><V80/><F80/><W127/><G127/><T16/><D90/><U31/><E31/><N who="3" m="11786" /><G44/><N who="0" m="27655" /><D1/><U98/><E9/><V10/><F10/><W78/><G11/><T34/><D34/><U35/><E35/><V36/><F36/><W84/><G84/><T134/><D134/><U61/><E61/><V128/><F38/><W5/><G5/><T56/><D56/><U120/><E120/><V76/><F4/><W125/><G78/><T62/><D62/><U72/><E72/><V60/><F76/><W89/><G125/><T15/><D2/><U6/><E6/><V99/><F0/><W63/><G63/><T115/><D3/><U74/><E74/><V112/><F60/><W14/><G14/><T114/><D15/><U117/><E117/><V50/><F27/><RYUUKYOKU ba="2,1" sc="425,10,205,10,185,-30,175,10" hai0="16,21,24,96,107,114,115,129,130,131" hai1="18,19,46,49,53,54,55,88,95,98,101,102,103" hai3="20,25,40,43,89,94,97" /><INIT seed="1,3,1,0,2,54" ten="435,215,155,185" oya="1" hai0="94,0,116,37,6,121,114,51,133,23,48,20,92" hai1="107,131,99,74,28,102,66,12,30,19,52,119,112" hai2="50,26,9,104,49,84,24,113,88,76,58,106,27" hai3="44,118,69,11,120,14,96,8,125,5,45,39,2"/><U70/><E119/><V98/><F113/><W29/><G120/><T75/><D114/><U1/><E1/><V31/><F76/><W135/><G69/><T132/><D116/><U127/><E112/><V80/><F31/><W38/><G118/><T87/><D75/><U41/><E74/><V21/><F9/><W93/><G29/><T100/><D37/><U46/><E127/><V129/><F129/><W55/><G135/><N who="0" m="51787" /><D121/><U35/><E131/><V67/><F21/><N who="0" m="8266" /><D87/><U108/><E108/><V134/><F134/><W101/><G125/><T7/><D100/><U10/><E35/><V32/><F32/><W4/><G45/><T124/><D124/><U17/><E17/><V68/><F68/><W111/><G111/><T79/><D79/><U57/><E66/><V15/><F15/><W122/><G122/><T130/><D130/><U3/><E70/><V115/><F115/><W61/><G44/><T13/><D13/><U53/><E3/><V33/><F33/><W73/><REACH who="3" step="1"/><G73/><REACH who="3" ten="435,215,155,175" step="2"/><T83/><D0/><U117/><E117/><V85/><F104/><W42/><G42/><T60/><D6/><U22/><E22/><V18/><F106/><W71/><G71/><T95/><D7/><U72/><E72/><V78/><F26/><W63/><G63/><T65/><D60/><N who="1" m="35879" /><E41/><V128/><F128/><W62/><G62/><T126/><D126/><U109/><E109/><V56/><F24/><W81/><G81/><T90/><D65/><U91/><E28/><V64/><F64/><W59/><AGARI ba="3,2" hai="2,4,5,8,11,14,38,39,55,59,61,93,96,101" machi="59" ten="30,4000,0" yaku="1,1,0,1,52,1,53,0" doraHai="54" doraHaiUra="82" who="3" fromWho="3" sc="435,-13,215,-23,155,-13,175,69" /><INIT seed="2,0,0,2,4,47" ten="422,192,142,244" oya="2" hai0="88,3,71,6,121,132,5,69,65,127,51,68,46" hai1="109,1,130,0,89,86,100,48,62,11,13,81,128" hai2="36,7,18,54,98,43,126,4,85,17,117,102,90" hai3="49,111,31,55,29,124,105,60,41,28,2,42,84"/><V103/><F117/><W129/><G105/><T112/><D112/><U92/><E109/><V119/><F119/><W66/><G2/><T30/><D121/><U15/><E62/><V95/><F126/><W52/><G124/><T131/><D127/><U83/><E15/><V19/><F103/><W94/><G129/><N who="1" m="49770" /><E48/><V38/><F54/><W70/><G111/><T135/><D30/><U44/><E44/><V106/><REACH who="2" step="1"/><F43/><REACH who="2" ten="422,192,132,244" step="2"/><W76/><G55/><N who="0" m="30199" /><D131/><U37/><E100/><V96/><F96/><W8/><G42/><T21/><D65/><U80/><E37/><AGARI ba="0,1" hai="4,7,17,18,19,36,37,38,85,90,95,98,102,106" machi="37" ten="40,2000,0" yaku="1,1,53,0" doraHai="47" doraHaiUra="115" who="2" fromWho="1" sc="422,0,192,-20,132,30,244,0" /><INIT seed="2,1,0,4,0,108" ten="422,172,162,244" oya="2" hai0="134,30,46,51,65,54,10,132,37,28,44,45,100" hai1="126,24,25,109,123,131,106,86,120,6,66,119,90" hai2="43,62,58,117,91,128,105,27,2,81,77,39,50" hai3="102,69,83,112,13,93,76,12,29,110,133,49,88"/><V18/><F117/><W33/><G110/><T115/><D115/><U40/><E106/><V64/><F2/><W35/><G112/><T122/><D122/><N who="1" m="46635" /><E109/><V8/><F105/><W20/><G69/><T3/><D100/><U70/><E119/><V73/><F128/><W118/><G102/><T107/><D65/><U113/><E131/><V111/><F111/><W60/><G60/><T95/><D95/><N who="1" m="54743" /><E126/><V75/><F39/><W38/><G133/><N who="0" m="51307" /><D107/><U98/><E40/><V89/><F73/><W80/><G12/><T34/><D34/><U0/><E98/><V57/><F8/><W16/><G49/><T85/><D85/><U32/><E113/><V114/><F114/><W5/><G5/><N who="0" m="1343" /><D37/><U14/><E0/><V36/><F36/><W121/><G118/><T74/><D74/><U135/><E32/><V17/><F17/><W63/><G33/><T23/><D23/><U92/><E66/><V55/><REACH who="2" step="1"/><F43/><REACH who="2" ten="422,172,152,244" step="2"/><W22/><G16/><T130/><D130/><U127/><E135/><V104/><F104/><W48/><G38/><T101/><D28/><U61/><E127/><V124/><F124/><W56/><G29/><T42/><D30/><U116/><E116/><V96/><F96/><W41/><G41/><T4/><D42/><U31/><E31/><V11/><F11/><W68/><G121/><T129/><D129/><U72/><E72/><V19/><F19/><W59/><G20/><AGARI ba="1,1" hai="18,20,27,50,55,57,58,62,64,75,77,81,89,91" machi="20" ten="40,3900,0" yaku="1,1,53,1" doraHai="108" doraHaiUra="79" who="2" fromWho="3" sc="422,0,172,0,152,52,244,-42" /><INIT seed="2,2,0,3,4,5" ten="422,172,204,202" oya="2" hai0="62,113,61,92,37,90,134,48,127,10,74,28,70" hai1="38,131,75,87,6,19,35,119,22,58,69,105,122" hai2="100,33,109,78,104,99,123,49,133,129,54,135,91" hai3="57,26,102,17,32,36,120,21,2,130,52,45,80"/><V114/><F114/><W76/><G120/><T16/><D37/><U128/><E69/><V85/><F123/><W53/><G130/><N who="1" m="49706" /><E122/><V4/><F129/><W11/><G32/><T101/><D74/><U23/><E75/><V47/><F33/><W60/><G102/><T34/><D101/><U24/><E105/><V82/><F109/><W25/><G25/><T13/><D28/><N who="1" m="19847" /><E38/><V66/><F66/><W39/><G2/><T86/><D90/><U65/><E87/><V126/><F126/><W83/><G36/><T88/><D92/><U50/><E65/><V81/><REACH who="2" step="1"/><F4/><REACH who="2" ten="422,172,194,202" step="2"/><W94/><G39/><T64/><D64/><U7/><E119/><V112/><F112/><W14/><G94/><T42/><D34/><U95/><E7/><V9/><F9/><W68/><G68/><T124/><D10/><U71/><E6/><V93/><F93/><W59/><G83/><T1/><D113/><U107/><E71/><V43/><F43/><W115/><G115/><T84/><D42/><U111/><E95/><V73/><AGARI ba="2,1" hai="47,49,54,73,78,81,82,85,91,99,100,104,133,135" machi="73" ten="30,6000,0" yaku="1,1,0,1,53,1" doraHai="5" doraHaiUra="51" who="2" fromWho="2" sc="422,-22,172,-22,194,76,202,-22" /><INIT seed="2,3,0,5,2,131" ten="400,150,270,180" oya="2" hai0="100,9,3,25,28,41,37,79,47,115,81,108,111" hai1="27,39,71,69,121,42,20,26,102,103,75,33,44" hai2="64,54,82,32,122,96,119,24,61,19,105,36,73" hai3="110,1,130,135,57,13,72,88,91,16,51,65,77"/><V106/><F119/><W78/><G1/><T68/><D115/><U89/><E75/><V93/><F122/><W94/><G130/><T46/><D46/><U4/><E121/><V85/><F73/><W50/><G110/><N who="0" m="42027" /><D100/><U63/><E4/><V97/><F36/><W129/><G135/><T112/><D68/><U7/><E7/><V29/><F54/><W86/><G72/><N who="0" m="43239" /><D112/><U38/><E38/><V117/><F117/><W0/><G0/><T83/><D83/><U55/><E89/><V132/><F132/><W98/><G129/><T90/><D90/><U101/><E33/><V107/><F19/><W52/><G50/><T99/><D99/><U109/><E109/><V84/><F93/><N who="3" m="54519" /><G65/><T12/><D3/><U133/><E133/><V6/><F6/><W18/><G18/><N who="0" m="8463" /><D25/><U104/><E104/><V53/><F85/><W17/><G17/><T40/><D40/><U48/><E26/><V5/><F5/><W43/><G43/><T15/><D15/><U8/><E71/><V114/><F114/><W124/><G124/><T80/><D80/><U45/><E69/><V22/><F96/><W30/><G30/><AGARI ba="3,0" hai="28,30,37,41,47" m="8463,43239,42027" machi="30" ten="30,1000,0" yaku="14,1" doraHai="131" who="0" fromWho="3" sc="400,19,150,0,270,0,180,-19" /><INIT seed="3,0,0,4,1,101" ten="419,150,270,161" oya="3" hai0="11,60,57,7,34,67,9,17,40,14,70,62,88" hai1="73,44,37,125,112,4,109,77,124,13,85,2,35" hai2="72,82,26,107,47,3,6,41,19,117,127,98,121" hai3="68,49,27,96,93,132,65,12,75,20,130,110,69"/><W8/><G130/><T99/><D34/><U46/><E112/><V133/><F117/><W71/><G132/><T78/><D78/><U81/><E109/><V51/><F133/><W31/><G110/><T106/><D40/><N who="1" m="22543" /><E35/><V63/><F127/><N who="1" m="48713" /><E46/><V45/><F63/><W129/><G75/><T55/><D88/><N who="1" m="51247" /><E2/><V39/><F19/><W64/><G49/><T97/><D106/><U118/><E118/><V126/><F26/><W38/><G38/><T0/><AGARI ba="0,0" hai="0,7,9,11,14,17,55,57,60,62,67,70,97,99" machi="0" ten="20,1500,0" yaku="0,1,7,1" doraHai="101" who="0" fromWho="0" sc="419,15,150,-4,270,-4,161,-7" owari="434,53.4,146,-35.4,266,6.6,154,-24.6" /></mjloggm>