<mjloggm ver="2.3"><GO type="225" lobby="0"/><UN n0="%E6%97%A5%E6%9B%9C%E6%97%A5%E3%82%88%E3%82%8A%E3%81%AE%E4%BD%BF%E8%80%85" n1="%E3%82%BC%E3%83%AB%E3%83%80%E3%81%AE%E4%BC%9D%E8%AA%AC" n2="%E3%81%82%E3%81%99%E3%81%AB%E3%82%83%E3%82%80" n3="%E3%81%BE%E3%83%BC%E3%81%8F%E3%82%93" dan="18,16,16,16" rate="2168.42,2185.06,2135.29,2046.82" sx="M,M,F,M"/><TAIKYOKU oya="0"/><INIT seed="0,0,0,1,1,69" ten="250,250,250,250" oya="0" hai0="109,119,112,38,25,50,52,125,21,86,56,35,0" hai1="16,59,33,28,95,76,10,104,92,31,8,103,132" hai2="113,60,99,135,27,30,61,110,111,93,90,107,26" hai3="77,63,89,2,75,118,129,5,13,80,34,29,17"/><T53/><D112/><U23/><E104/><V123/><F123/><W117/><G129/><T96/><D119/><U70/><E70/><V114/><F135/><W62/><G5/><T65/><D0/><U66/><E132/><V101/><F26/><W47/><G2/><T41/><D35/><U20/><E76/><V4/><F4/><W83/><G29/><N who="1" m="11338" /><E33/><V100/><F60/><W108/><G34/><T134/><D134/><U88/><E103/><N who="2" m="39499" /><F61/><W97/><G108/><N who="2" m="41513" /><F107/><W105/><G63/><N who="0" m="38119" /><D38/><U54/><E66/><V73/><F73/><W106/><G62/><T85/><D109/><U116/><E95/><V19/><F19/><W79/><G17/><N who="0" m="12463" /><D96/><N who="1" m="57351" /><E116/><N who="3" m="44650" /><G13/><T98/><D98/><U37/><E37/><V12/><F12/><W120/><G120/><T102/><D102/><U39/><E39/><V122/><F122/><W44/><G44/><N who="0" m="25871" /><D125/><U49/><E23/><AGARI ba="0,0" hai="23,27,30,90,93,99,113,114" m="41513,39499" machi="23" ten="30,1000,0" yaku="14,1" doraHai="69" who="2" fromWho="1" sc="250,0,250,-10,250,10,250,0" /><INIT seed="1,0,0,2,2,41" ten="250,240,260,250" oya="1" hai0="96,92,114,47,109,81,110,0,69,123,20,130,117" hai1="9,132,5,24,80,93,38,71,135,105,124,53,95" hai2="68,73,17,103,58,62,111,116,113,16,97,82,131" hai3="64,13,128,112,18,30,3,89,122,36,91,11,120"/><U4/><E105/><V59/><F111/><N who="0" m="42506" /><D69/><U6/><E71/><V115/><F116/><W118/><G112/><N who="2" m="43081" /><F131/><W25/><G118/><T26/><D114/><U61/><E38/><V57/><F68/><W34/><G128/><T51/><D117/><U32/><E124/><V74/><F62/><W119/><G119/><T21/><D130/><U83/><E9/><V44/><F44/><W43/><G64/><T10/><D81/><N who="1" m="31307" /><E61/><V104/><F82/><W77/><G77/><T63/><D63/><U49/><E24/><V2/><F2/><W56/><G56/><N who="2" m="14337" /><V45/><DORA hai="127" /><F45/><W125/><G125/><T75/><D26/><U65/><E65/><V55/><F55/><W101/><G3/><T76/><D123/><U8/><E8/><V90/><F90/><W126/><G126/><T107/><D76/><U15/><E15/><V54/><F54/><W28/><G122/><T86/><D10/><U98/><E53/><V121/><F121/><W42/><G120/><T67/><D0/><U12/><E12/><V72/><AGARI ba="0,0" hai="16,17,72,73,74,97,103,104" m="14337,43081" machi="72" ten="50,3200,0" yaku="11,1,54,1" doraHai="41,127" who="2" fromWho="2" sc="250,-8,240,-16,260,32,250,-8" /><INIT seed="2,0,0,1,3,90" ten="242,224,292,242" oya="2" hai0="70,58,77,17,20,56,43,127,112,82,27,60,96" hai1="88,16,51,12,33,1,89,0,72,84,99,94,44" hai2="121,103,29,39,11,92,132,23,91,71,46,40,63" hai3="35,10,76,126,53,124,65,32,108,100,41,75,105"/><V116/><F116/><W42/><G65/><T86/><D112/><U118/><E33/><N who="3" m="12874" /><G53/><T69/><D127/><N who="3" m="48681" /><G10/><T78/><D78/><U15/><E72/><V47/><F121/><W54/><G54/><T85/><D43/><N who="3" m="16393" /><G108/><T8/><D8/><N who="1" m="6151" /><E118/><V13/><F46/><W131/><G131/><T80/><D70/><U106/><E106/><V73/><F73/><W97/><G76/><T125/><D125/><U6/><E15/><V111/><F111/><W129/><G129/><T49/><D69/><U31/><E6/><V128/><F13/><W22/><G22/><T25/><D25/><U36/><E36/><V50/><F23/><W34/><N who="3" m="12882" /><W62/><DORA hai="122" /><G62/><T120/><D60/><U133/><E31/><V109/><F63/><W115/><G75/><T119/><D49/><U130/><E130/><V66/><F50/><W101/><G101/><T95/><D120/><U24/><E24/><V110/><F128/><W79/><G79/><N who="0" m="46239" /><D119/><U45/><E45/><V113/><F29/><W26/><G26/><T87/><D87/><U38/><E38/><V134/><F109/><W102/><G102/><AGARI ba="0,0" hai="17,20,27,56,58,77,82,86,95,96,102" m="46239" machi="102" ten="30,2000,0" yaku="8,1,52,1" doraHai="90,122" who="0" fromWho="3" sc="242,20,224,0,292,0,242,-20" /><INIT seed="3,0,0,1,2,90" ten="262,224,292,222" oya="3" hai0="74,60,30,126,9,0,124,26,51,69,114,62,108" hai1="111,87,19,72,84,25,50,32,98,85,121,102,89" hai2="47,44,64,56,16,54,3,21,119,129,35,80,10" hai3="79,15,70,42,86,61,41,77,78,122,116,37,81"/><W105/><G105/><T33/><D74/><U48/><E72/><V34/><F119/><W43/><G122/><T63/><D108/><U52/><E121/><V66/><F129/><W18/><G116/><T6/><D114/><U123/><E111/><V118/><F34/><W99/><G37/><T109/><D109/><U110/><E110/><V40/><F35/><W55/><G70/><T117/><D117/><U7/><E7/><V131/><F118/><W106/><G99/><T103/><D103/><U68/><E68/><V20/><F131/><W73/><G106/><T28/><D28/><U71/><E50/><N who="2" m="26887" /><F47/><W49/><G73/><T57/><D69/><U2/><E2/><V8/><F20/><N who="3" m="11359" /><G61/><T97/><D97/><U94/><E71/><V12/><F80/><W83/><G86/><T17/><D51/><U1/><E1/><V29/><F3/><W4/><G4/><T96/><D96/><U14/><E123/><V45/><F45/><AGARI ba="0,0" hai="41,42,43,45,49,55,77,78,79,81,83" m="11359" machi="45" ten="30,1500,0" yaku="8,1" doraHai="90" who="3" fromWho="2" sc="262,0,224,0,292,-15,222,15" /><INIT seed="3,1,0,0,3,6" ten="262,224,277,237" oya="3" hai0="105,118,127,61,73,66,32,12,23,81,96,76,67" hai1="5,100,95,48,79,74,59,82,15,115,1,25,97" hai2="84,120,36,87,101,20,104,42,30,128,41,107,126" hai3="54,58,83,133,77,8,70,60,134,63,131,72,11"/><W2/><G131/><T33/><D118/><U122/><E122/><V64/><F128/><W71/><G63/><T98/><D127/><U80/><E115/><V39/><F126/><W18/><G18/><T40/><D40/><U17/><E82/><V65/><F20/><W34/><G34/><T99/><D105/><U13/><E25/><V27/><F27/><W46/><G46/><T9/><D23/><U52/><REACH who="1" step="1"/><E17/><REACH who="1" ten="262,214,277,237" step="2"/><V125/><F125/><W68/><REACH who="3" step="1"/><G2/><REACH who="3" ten="262,214,277,227" step="2"/><T37/><D33/><U69/><E69/><V114/><F120/><W53/><G53/><T22/><D32/><U57/><E57/><V38/><F114/><W21/><G21/><T108/><D22/><U16/><E16/><V7/><F30/><W29/><G29/><T47/><D47/><U91/><E91/><V90/><F90/><W49/><G49/><T102/><D37/><U62/><E62/><V24/><F36/><W3/><G3/><T56/><D67/><U86/><E86/><V110/><F24/><W75/><G75/><T130/><D130/><U43/><E43/><V119/><F41/><W111/><G111/><T85/><D108/><U106/><E106/><V135/><F42/><W89/><G89/><T116/><D73/><U103/><E103/><V19/><F101/><W113/><G113/><T78/><D102/><U26/><E26/><V55/><F19/><W10/><AGARI ba="1,2" hai="8,10,11,54,58,60,68,70,71,72,77,83,133,134" machi="10" ten="40,12000,1" yaku="1,1,0,1,52,3,53,0" doraHai="6" doraHaiUra="109" who="3" fromWho="3" sc="262,-41,214,-41,277,-41,227,143" owari="221,-17.9,173,-32.7,236,3.6,370,47.0" /></mjloggm>