<mjloggm ver="2.3"><GO type="225" lobby="0"/><UN n0="%E9%B3%B3%E6%9D%B1%E3%81%AE%E3%81%86%E3%81%95%E3%81%8E%E3%81%95%E3%82%93" n1="%E8%A8%88%E7%AE%97%E6%A9%9F%E8%87%AA%E7%84%B6" n2="%E3%82%B7%E3%83%B3%E5%A4%AA%E6%9C%97" n3="%61%69%73%79%6F" dan="16,17,16,17" rate="2218.95,2236.90,2122.17,2159.53" sx="M,M,M,M"/><TAIKYOKU oya="0"/><INIT seed="0,0,0,2,0,103" ten="250,250,250,250" oya="0" hai0="48,94,90,57,9,64,28,30,68,59,54,50,19" hai1="63,135,104,106,26,56,133,8,24,98,11,20,78" hai2="65,47,123,5,7,89,34,2,81,29,118,88,73" hai3="40,74,122,44,18,38,127,101,53,93,75,13,91"/><T121/><D68/><U1/><E78/><V42/><F118/><W117/><G117/><T114/><D114/><U61/><E98/><V69/><F123/><W10/><G122/><T21/><D9/><N who="1" m="3659" /><E1/><V105/><F105/><N who="1" m="40553" /><E20/><V77/><F7/><W82/><G127/><T112/><D112/><U58/><E56/><V130/><F130/><W25/><G101/><T62/><D50/><U14/><E14/><V79/><F79/><W39/><G82/><T115/><D115/><U35/><E35/><V128/><F128/><W46/><G25/><N who="1" m="9834" /><E58/><V102/><F2/><W96/><G53/><T131/><D131/><U80/><E80/><V4/><F81/><W0/><G0/><T72/><D121/><U87/><E87/><V92/><F77/><W129/><G129/><T37/><D37/><U49/><E49/><V6/><F34/><W3/><G3/><T71/><D71/><U70/><E70/><V51/><F69/><W132/><G39/><T67/><D67/><U134/><AGARI ba="0,0" hai="61,63,133,134,135" m="9834,40553,3659" machi="134" ten="40,12000,2" yaku="28,2,20,1,52,3" doraHai="103" who="1" fromWho="1" sc="250,-60,250,120,250,-30,250,-30" /><INIT seed="1,0,0,0,3,31" ten="190,370,220,220" oya="1" hai0="131,127,73,123,70,86,80,22,34,135,69,33,16" hai1="102,62,89,99,113,61,125,67,98,115,7,49,76" hai2="65,51,134,24,9,77,37,13,96,100,43,28,132" hai3="45,57,53,47,90,78,108,133,17,29,15,117,40"/><U55/><E125/><V44/><F77/><W6/><G117/><T66/><D73/><U20/><E76/><V41/><F65/><W10/><G133/><T68/><D135/><N who="2" m="51754" /><F37/><W91/><G108/><T109/><D109/><U87/><E7/><N who="2" m="3263" /><F51/><W122/><G122/><T81/><D127/><U4/><E4/><V54/><F54/><W97/><G29/><T1/><D1/><U110/><E110/><V105/><F44/><W36/><G78/><T103/><D123/><U38/><E38/><V94/><F105/><W130/><G130/><T35/><D131/><U23/><E61/><V120/><F120/><W95/><G45/><T71/><D103/><U93/><E98/><V72/><F72/><W112/><G6/><T85/><N who="0" m="17408" /><DORA hai="114" /><T5/><D5/><U2/><E115/><V27/><F27/><W64/><G64/><T52/><D66/><U50/><E50/><V92/><F94/><W18/><G112/><T63/><D63/><U83/><E113/><V8/><F8/><W111/><G111/><T75/><D52/><U101/><E101/><V124/><F124/><W84/><G53/><T11/><D11/><U19/><E67/><V60/><F60/><W30/><G57/><T42/><D42/><U116/><E62/><V128/><F128/><W126/><G126/><T82/><D75/><U58/><E58/><V79/><F79/><W12/><G84/><T25/><AGARI ba="0,0" hai="16,22,25,33,34,35,80,81,82,85,86" m="17408" machi="25" ten="70,12000,2" yaku="0,1,29,2,52,3,54,1" doraHai="31,114" who="0" fromWho="0" sc="190,120,370,-60,220,-30,220,-30" /><INIT seed="2,0,0,2,5,135" ten="310,310,190,190" oya="2" hai0="75,132,68,29,62,128,101,13,3,40,4,64,10" hai1="91,133,98,61,47,77,130,8,100,89,79,103,37" hai2="11,31,99,86,53,102,39,110,2,12,72,95,24" hai3="120,26,30,104,14,118,71,115,94,55,80,50,131"/><V7/><F39/><W108/><G104/><T58/><D132/><U83/><E133/><V113/><F113/><W54/><G118/><T124/><D75/><U112/><E112/><V43/><F72/><W44/><G120/><T97/><D128/><U9/><E130/><V21/><F110/><W20/><G71/><T48/><D29/><U60/><E47/><V66/><F43/><W117/><G108/><T74/><D74/><U46/><E46/><V65/><F2/><W49/><G117/><T109/><D109/><U105/><E98/><V70/><F70/><W84/><G131/><T23/><D40/><U1/><E83/><V57/><REACH who="2" step="1"/><F86/><REACH who="2" ten="310,310,180,190" step="2"/><W87/><G115/><T16/><D68/><U122/><E1/><V35/><F35/><W81/><G14/><T107/><D3/><U78/><E37/><V63/><AGARI ba="0,1" hai="7,11,12,21,24,31,53,57,63,65,66,95,99,102" machi="63" ten="20,12000,1" yaku="1,1,0,1,7,1,8,1,53,1" doraHai="135" doraHaiUra="5" who="2" fromWho="2" sc="310,-40,310,-40,180,130,190,-40" /><INIT seed="2,1,0,2,0,122" ten="270,270,310,150" oya="2" hai0="43,90,24,63,92,56,85,49,119,67,57,14,77" hai1="118,86,79,72,109,70,34,12,134,31,68,16,54" hai2="17,133,103,32,84,18,108,102,5,99,25,10,125" hai3="121,107,46,0,113,33,61,94,19,124,26,47,40"/><V120/><F120/><W41/><G107/><T27/><D119/><U132/><E72/><V110/><F133/><N who="1" m="51305" /><E118/><V4/><F125/><W81/><G0/><T112/><D112/><U116/><E116/><V128/><F128/><W71/><G124/><T1/><D1/><U21/><E54/><V52/><F84/><W95/><G113/><T97/><D14/><U36/><E36/><V91/><F91/><W129/><G129/><T29/><D29/><U59/><E59/><V39/><F39/><W114/><G114/><T83/><REACH who="0" step="1"/><D56/><REACH who="0" ten="260,270,310,150" step="2"/><U101/><E31/><V64/><F25/><W126/><G121/><T11/><D11/><U80/><E34/><V89/><F10/><W76/><G33/><T105/><D105/><U111/><E101/><V127/><F32/><W66/><G126/><T15/><D15/><U23/><E21/><V74/><F127/><W117/><G117/><T100/><D100/><U35/><E35/><V130/><F130/><W28/><G28/><T82/><D82/><U96/><E96/><V104/><F104/><W135/><G135/><T78/><D78/><U69/><AGARI ba="1,1" hai="12,16,23,68,69,70,79,80,86,109,111" m="51305" machi="69" ten="40,8000,1" yaku="20,1,52,2,54,1" doraHai="122" who="1" fromWho="1" sc="260,-21,270,93,310,-41,150,-21" /><INIT seed="3,0,0,3,3,91" ten="239,363,269,129" oya="3" hai0="35,11,18,6,126,2,117,46,94,31,17,69,115" hai1="1,98,54,51,52,55,27,64,65,70,38,21,47" hai2="119,62,97,96,127,104,48,114,83,123,110,57,63" hai3="73,93,16,24,100,58,108,77,68,14,99,4,43"/><W22/><G68/><T25/><D69/><U32/><E1/><V37/><F119/><W122/><G108/><T78/><D117/><U103/><E38/><V113/><F110/><W56/><G122/><T79/><D115/><U36/><E36/><V5/><F37/><W0/><G0/><T72/><D126/><U34/><E32/><V80/><F123/><W109/><G109/><T130/><D130/><U90/><E90/><V87/><F5/><W71/><G71/><T67/><D67/><N who="1" m="25675" /><E34/><V134/><F134/><W106/><G43/><T125/><D125/><U120/><E70/><V121/><F121/><W23/><G106/><T89/><D46/><U9/><E9/><V135/><F135/><W53/><G53/><N who="1" m="20586" /><E120/><V49/><F127/><W129/><G129/><T118/><D118/><U107/><E107/><V88/><F104/><W60/><G60/><T45/><D45/><U41/><E41/><V42/><F42/><W44/><G44/><T20/><D72/><U74/><E74/><V81/><F113/><W66/><G66/><T28/><D18/><N who="1" m="12727" /><E98/><N who="2" m="37995" /><F114/><W101/><G101/><AGARI ba="0,0" hai="47,51,55,101,103" m="12727,20586,25675" machi="101" ten="30,2000,0" yaku="8,1,54,1" doraHai="91" who="1" fromWho="3" sc="239,0,363,20,269,0,129,-20" owari="239,-16.1,383,48.3,269,6.9,109,-39.1" /></mjloggm>