<mjloggm ver="2.3"><GO type="225" lobby="0"/><UN n0="%E5%8D%A0%E3%81%84%E5%B8%AB%E8%A3%8F%E3%81%AA%E3%81%84%E3%81%97" n1="%E6%9A%87%E4%BA%BA%EF%BC%A0%E9%85%8D%E4%BF%A1%E5%9E%A2" n2="%E4%BE%BF%E6%89%80" n3="%73%61%6E%64%69%72%69%73" dan="16,17,16,16" rate="2132.02,2184.43,2074.29,2154.15" sx="M,F,M,M"/><TAIKYOKU oya="0"/><INIT seed="0,0,0,4,3,3" ten="250,250,250,250" oya="0" hai0="20,33,98,122,131,114,12,19,1,118,128,62,65" hai1="34,85,88,18,92,42,95,55,23,54,90,130,47" hai2="80,26,53,49,41,84,13,69,100,9,129,104,28" hai3="4,112,59,16,89,21,51,94,29,8,102,111,36"/><T96/><D114/><U72/><E130/><N who="0" m="49705" /><D118/><U76/><E34/><V126/><F129/><W83/><G36/><T132/><D122/><U37/><E76/><V15/><F69/><W71/><G71/><N who="0" m="42423" /><D132/><U32/><E32/><V74/><F74/><W70/><G70/><T30/><D1/><U117/><E72/><V39/><F126/><W5/><G112/><T11/><D33/><U133/><E133/><V57/><F39/><W50/><G111/><T56/><D56/><U135/><E117/><V119/><F41/><W46/><G59/><T134/><D134/><U0/><E0/><V14/><F119/><W82/><G102/><T113/><D113/><U22/><E135/><V58/><F58/><W35/><G35/><T6/><D30/><U101/><E101/><V123/><F123/><W99/><G29/><T115/><D115/><U73/><E73/><V103/><F104/><W75/><G51/><T40/><D40/><U44/><E44/><V61/><F49/><W68/><G68/><T52/><D52/><U108/><E108/><V60/><F60/><W31/><G31/><T93/><D93/><U121/><E121/><V87/><F28/><W125/><G75/><T17/><D20/><U25/><REACH who="1" step="1"/><E23/><REACH who="1" ten="250,240,250,250" step="2"/><V24/><F100/><W10/><G21/><T77/><D77/><U107/><E107/><V43/><F103/><W38/><G46/><T66/><D66/><U124/><E124/><V91/><F91/><W64/><G64/><T109/><D109/><U97/><AGARI ba="0,1" hai="18,22,25,37,42,47,54,55,85,88,90,92,95,97" machi="97" ten="20,5200,0" yaku="1,1,0,1,7,1,54,1,53,0" doraHai="3" doraHaiUra="78" who="1" fromWho="1" sc="250,-26,240,62,250,-13,250,-13" /><INIT seed="1,0,0,1,4,34" ten="224,302,237,237" oya="1" hai0="105,48,8,89,108,112,3,68,86,55,69,62,30" hai1="106,25,2,79,39,88,132,45,9,44,70,13,107" hai2="27,92,36,1,76,91,57,96,75,127,21,133,33" hai3="53,66,113,125,41,111,6,54,80,82,122,22,95"/><U101/><E70/><V64/><F36/><W87/><G122/><T128/><D112/><U97/><E132/><V114/><F114/><W58/><G113/><T94/><D105/><U38/><E107/><V124/><F133/><W100/><G111/><T71/><D108/><U37/><E79/><V77/><F33/><W134/><G125/><N who="2" m="48201" /><F75/><W14/><G41/><T26/><D128/><U74/><E74/><V93/><F93/><W52/><G134/><T102/><D102/><U12/><E25/><V5/><F64/><W23/><G6/><T35/><D62/><U16/><E2/><V109/><F57/><W32/><G32/><T20/><D35/><U31/><E31/><N who="2" m="17903" /><F109/><W85/><G14/><T7/><REACH who="0" step="1"/><D71/><REACH who="0" ten="214,302,237,237" step="2"/><U4/><REACH who="1" step="1"/><E88/><REACH who="1" ten="214,292,237,237" step="2"/><V131/><F131/><W90/><G100/><T130/><D130/><U98/><E98/><V135/><F135/><W104/><G104/><T46/><AGARI ba="0,2" hai="3,7,8,20,26,30,46,48,55,68,69,86,89,94" machi="46" ten="20,5200,0" yaku="1,1,0,1,7,1,52,1,53,0" doraHai="34" doraHaiUra="117" who="0" fromWho="0" sc="214,72,292,-26,237,-13,237,-13" /><INIT seed="2,0,0,4,1,64" ten="286,266,224,224" oya="2" hai0="100,108,17,46,113,114,60,56,1,75,55,118,93" hai1="99,66,84,53,86,120,33,105,63,89,130,52,92" hai2="68,20,129,107,16,35,78,91,71,101,19,76,65" hai3="104,72,10,97,9,124,102,25,54,51,96,26,36"/><V81/><F35/><W133/><G36/><T87/><D75/><U23/><E33/><V58/><F129/><W7/><G72/><T70/><D108/><U115/><E115/><V117/><F117/><W21/><G124/><T13/><D1/><U135/><E130/><V43/><F43/><W40/><G133/><T34/><D34/><U61/><E135/><V37/><F37/><W109/><G109/><T45/><D118/><U126/><E126/><V90/><F58/><W123/><G123/><T22/><D70/><U28/><E120/><V42/><F42/><W0/><G40/><T6/><D6/><U27/><E63/><V128/><F128/><W12/><G97/><T134/><D134/><U44/><E44/><V110/><F110/><W50/><G21/><T41/><D46/><U2/><E2/><V95/><F107/><W83/><G83/><T132/><D132/><U8/><E8/><V67/><F95/><W11/><G51/><T3/><D3/><U31/><E31/><V32/><F32/><W98/><G98/><N who="0" m="59471" /><D87/><U39/><E39/><V49/><F49/><W125/><G11/><T85/><D85/><N who="1" m="32875" /><E105/><V57/><F57/><AGARI ba="0,0" hai="23,27,28,52,53,57,61,66,89,92,99" m="32875" machi="57" ten="30,2000,0" yaku="8,1,54,1" doraHai="64" who="1" fromWho="2" sc="286,0,266,20,224,-20,224,0" /><INIT seed="3,0,0,1,0,39" ten="286,286,204,224" oya="3" hai0="10,36,37,98,116,47,123,70,80,66,61,91,55" hai1="13,12,78,41,23,16,35,81,22,113,27,132,85" hai2="48,79,106,69,62,29,107,34,38,118,18,77,133" hai3="0,49,58,124,68,101,89,28,56,99,54,57,72"/><W3/><G68/><T112/><D116/><U21/><E113/><V63/><F118/><W40/><G72/><T115/><D123/><U1/><E1/><V92/><F38/><W7/><G124/><T130/><D130/><U109/><E109/><V67/><F133/><W45/><G28/><T44/><D10/><U84/><E132/><V74/><F62/><W121/><G121/><T134/><D134/><U76/><E41/><V75/><F29/><W24/><G24/><T94/><D80/><N who="1" m="47111" /><E35/><V71/><F34/><W5/><G89/><T125/><D125/><U64/><E64/><V65/><F92/><N who="3" m="58599" /><G0/><T32/><D32/><U103/><E103/><V30/><F30/><W17/><G3/><T83/><D83/><U108/><E108/><V126/><F126/><W60/><G17/><T104/><D104/><U8/><E13/><V19/><REACH who="2" step="1"/><F63/><REACH who="2" ten="286,286,194,224" step="2"/><N who="3" m="36247" /><G58/><T6/><D36/><U120/><E120/><V51/><AGARI ba="0,1" hai="18,19,48,51,65,67,69,71,74,75,77,79,106,107" machi="51" ten="25,6400,0" yaku="1,1,0,1,22,2,53,0" doraHai="39" doraHaiUra="82" who="2" fromWho="2" sc="286,-16,286,-16,194,74,224,-32" /><INIT seed="4,0,0,4,1,53" ten="270,270,268,192" oya="0" hai0="26,99,63,128,69,29,56,88,72,109,95,18,44" hai1="48,5,15,13,97,34,33,83,64,130,89,133,79" hai2="11,131,0,120,70,58,52,54,85,114,6,92,62" hai3="8,59,22,28,49,65,38,119,82,121,24,74,68"/><T40/><D69/><U42/><E133/><V57/><F120/><W12/><G119/><T75/><D128/><U43/><E130/><V125/><F131/><W25/><G38/><T105/><D105/><U60/><E34/><V111/><F111/><W127/><G121/><T35/><D18/><U39/><E33/><V76/><F114/><W47/><G127/><T80/><D80/><U91/><E39/><V9/><F125/><W123/><G123/><T23/><D35/><U19/><E5/><V3/><F70/><W103/><G68/><T90/><D90/><U110/><E110/><V98/><F85/><W115/><G115/><T124/><D124/><U134/><E134/><V66/><F76/><W96/><G25/><T101/><D101/><U113/><E113/><V37/><F37/><W122/><G122/><T94/><D94/><U81/><E79/><V14/><F11/><W51/><G74/><T71/><D71/><U87/><E15/><V55/><REACH who="2" step="1"/><F57/><REACH who="2" ten="270,270,258,192" step="2"/><W41/><G82/><T116/><D109/><U10/><E81/><V17/><F17/><W36/><G8/><T126/><D126/><U32/><E10/><V7/><F7/><W21/><G21/><T78/><D78/><U93/><E32/><V104/><F104/><W106/><REACH who="3" step="1"/><G12/><REACH who="3" ten="270,270,258,182" step="2"/><T50/><D116/><U46/><E13/><V108/><F108/><W20/><G20/><T117/><D117/><U118/><E118/><V31/><F31/><W132/><G132/><T100/><D72/><U30/><E30/><V67/><F67/><W16/><G16/><T4/><D75/><U61/><E19/><RYUUKYOKU ba="0,2" sc="270,-15,270,-15,258,15,182,15" hai2="0,3,6,9,14,52,54,55,58,62,66,92,98" hai3="22,24,28,36,41,47,49,51,59,65,96,103,106" /><INIT seed="5,1,2,2,5,118" ten="255,255,273,197" oya="1" hai0="95,91,54,101,6,10,105,126,3,8,62,49,4" hai1="107,47,46,55,11,125,92,81,0,68,12,50,93" hai2="9,70,112,100,99,121,26,98,114,76,37,102,88" hai3="72,74,14,66,61,113,124,24,58,90,51,20,43"/><U57/><E68/><V35/><F37/><W117/><G113/><N who="2" m="43625" /><F70/><W87/><G124/><T33/><D33/><U29/><E125/><V134/><F121/><W77/><G117/><T59/><D126/><U103/><E0/><V40/><F134/><W2/><G2/><T38/><D38/><U27/><E107/><V18/><F40/><W133/><G133/><T34/><D34/><U56/><E81/><V31/><F76/><W82/><G14/><T53/><D101/><N who="2" m="39018" /><F88/><W79/><G74/><T32/><D32/><U111/><E111/><V119/><F119/><W120/><G72/><T52/><D105/><U130/><E130/><V15/><AGARI ba="1,2" hai="9,15,18,26,31,35,98,99" m="39018,43625" machi="15" ten="30,2000,0" yaku="15,1,11,1" doraHai="118" who="2" fromWho="2" sc="255,-6,255,-11,273,43,197,-6" owari="249,4.9,244,-15.6,316,41.6,191,-30.9" /></mjloggm>