<mjloggm ver="2.3"><GO type="225" lobby="0"/><UN n0="%E6%97%A5%E6%9B%9C%E6%97%A5%E3%82%88%E3%82%8A%E3%81%AE%E4%BD%BF%E8%80%85" n1="%73%61%6E%64%69%72%69%73" n2="%E3%81%A6%E3%81%A4%EF%BC%A3" n3="%E5%AF%82%E5%AF%9E%E3%82%AE%E3%83%8D%E3%82%B9%E3%83%93%E3%83%BC%E3%83%AB" dan="17,16,16,16" rate="2157.91,2156.62,2064.37,2171.02" sx="M,M,M,M"/><TAIKYOKU oya="0"/><INIT seed="0,0,0,5,2,95" ten="250,250,250,250" oya="0" hai0="44,21,111,109,77,125,131,98,9,107,56,73,105" hai1="33,133,112,93,79,12,118,17,22,132,50,30,81" hai2="63,66,19,45,128,43,71,110,108,104,122,83,94" hai3="70,65,84,28,26,75,38,60,3,62,53,80,113"/><T10/><D125/><U8/><E118/><V117/><F104/><W4/><G113/><T5/><D131/><U114/><E50/><V127/><F117/><W31/><G38/><T130/><D130/><U20/><E93/><V14/><F128/><W18/><G75/><T1/><D10/><U115/><E81/><V119/><F119/><W67/><G53/><T82/><D56/><U36/><E79/><V23/><F122/><W76/><G4/><T126/><D126/><U6/><E36/><V57/><F83/><W68/><G3/><T49/><D21/><AGARI ba="0,0" hai="18,21,26,28,31,60,62,65,67,68,70,76,80,84" machi="21" ten="40,1300,0" yaku="9,1" doraHai="95" who="3" fromWho="0" sc="250,-13,250,0,250,0,250,13" /><INIT seed="1,0,0,5,5,66" ten="237,250,250,263" oya="1" hai0="36,63,26,78,46,10,5,80,85,56,73,62,107" hai1="124,125,19,65,30,109,113,114,54,88,39,84,12" hai2="122,98,71,121,106,77,3,1,135,120,21,68,94" hai3="15,117,60,38,41,86,95,61,17,44,18,28,103"/><U104/><E104/><V87/><F94/><W25/><G117/><T40/><D107/><U11/><E39/><V111/><F87/><W59/><G15/><T23/><D56/><U14/><E109/><V7/><F21/><W0/><G0/><N who="2" m="73" /><F7/><W51/><G38/><T97/><D97/><U6/><E30/><V99/><F99/><N who="3" m="59903" /><G86/><T83/><D83/><U112/><E54/><V16/><F16/><N who="3" m="6251" /><G59/><T2/><REACH who="0" step="1"/><D85/><REACH who="0" ten="227,250,250,263" step="2"/><U132/><E113/><V115/><F115/><W45/><G45/><T50/><D50/><U76/><E112/><V133/><F111/><W53/><G53/><T55/><D55/><U74/><E114/><V102/><F77/><W82/><G82/><T52/><D52/><U129/><E76/><V24/><F24/><W27/><G27/><T42/><D42/><U64/><E84/><V67/><F67/><W31/><G25/><T110/><D110/><U134/><E65/><V119/><F119/><W96/><G96/><T29/><AGARI ba="0,1" hai="2,5,10,23,26,29,36,40,46,62,63,73,78,80" machi="29" ten="20,12000,2" yaku="1,1,0,1,7,1,25,2,53,1" doraHai="66" doraHaiUra="70" who="0" fromWho="0" sc="227,130,250,-60,250,-30,263,-30" /><INIT seed="2,0,0,5,1,0" ten="357,190,220,233" oya="2" hai0="133,81,9,89,90,29,65,23,39,64,13,38,21" hai1="69,40,66,4,20,128,84,10,110,111,52,127,119" hai2="120,85,130,91,92,132,19,49,47,99,7,35,131" hai3="78,45,8,77,100,134,96,11,122,41,113,43,32"/><V54/><F120/><W95/><G122/><T50/><D39/><U86/><E119/><V1/><F35/><W25/><G134/><T53/><D38/><U93/><E40/><N who="3" m="15434" /><G32/><T83/><D133/><U6/><E127/><V79/><F132/><W67/><G113/><T59/><D83/><U16/><E128/><N who="2" m="49195" /><F79/><N who="3" m="30219" /><G67/><N who="0" m="25675" /><D81/><U124/><E124/><V31/><F31/><W115/><G115/><T2/><D2/><U42/><E42/><V87/><F19/><W71/><G71/><T30/><D30/><U104/><E104/><V125/><F125/><W129/><G129/><T109/><D109/><N who="1" m="41483" /><E66/><V60/><F60/><W74/><G74/><T34/><D34/><U37/><E37/><V75/><F75/><W116/><G116/><T44/><D29/><U98/><E52/><V108/><F108/><W12/><G25/><T135/><D135/><U94/><E69/><V18/><F18/><N who="3" m="8455" /><G11/><AGARI ba="0,0" hai="1,7,11,47,49,54,85,87,91,92,99" m="49195" machi="11" ten="30,2900,0" yaku="19,1,52,1" doraHai="0" who="2" fromWho="3" sc="357,0,190,0,220,29,233,-29" /><INIT seed="2,1,0,0,2,63" ten="357,190,249,204" oya="2" hai0="103,102,74,87,89,48,23,109,94,118,92,18,4" hai1="56,125,119,60,38,40,75,106,2,108,132,78,127" hai2="81,101,28,76,12,31,39,16,113,58,47,6,104" hai3="68,126,49,95,121,99,93,15,44,54,79,33,115"/><V72/><F113/><W70/><G121/><T8/><D74/><U52/><E119/><V43/><F6/><W29/><G115/><T105/><D105/><U22/><E106/><V91/><F91/><W85/><G126/><N who="1" m="48138" /><E2/><V112/><F112/><W134/><G134/><T5/><D94/><U66/><E132/><V116/><F116/><W37/><G37/><T71/><D23/><U3/><E3/><V14/><F14/><W123/><G123/><T30/><D48/><U55/><E108/><V34/><F34/><W64/><G15/><T73/><D87/><U84/><E75/><V1/><F1/><W98/><G29/><T42/><D18/><U11/><E11/><V10/><REACH who="2" step="1"/><F58/><REACH who="2" ten="357,190,239,204" step="2"/><W69/><G33/><T61/><D89/><U86/><E78/><V117/><F117/><W21/><G79/><T88/><D71/><U90/><E90/><V114/><F114/><W13/><G70/><T111/><D118/><U45/><E22/><V133/><F133/><W50/><G21/><T7/><D111/><U80/><E80/><V135/><F135/><W82/><G82/><T17/><D109/><U32/><E32/><V36/><F36/><W96/><G69/><T110/><D4/><U24/><E24/><V122/><F122/><W46/><G13/><T107/><D5/><U130/><E130/><V35/><F35/><W25/><G25/><T19/><D7/><U53/><AGARI ba="1,1" hai="38,40,45,52,53,55,56,60,66,84,86" m="48138" machi="53" ten="30,4000,0" yaku="18,1,52,1,54,1" doraHai="63" who="1" fromWho="1" sc="357,-11,190,53,239,-21,204,-11" /><INIT seed="3,0,0,3,0,6" ten="346,243,218,193" oya="3" hai0="60,100,80,74,27,1,130,3,52,61,85,66,118" hai1="95,22,132,13,39,67,4,62,33,129,102,91,53" hai2="114,38,121,2,131,49,82,125,65,78,88,36,105" hai3="29,59,31,54,81,109,108,70,134,96,84,122,87"/><W37/><G122/><T58/><D74/><U135/><E33/><V76/><F114/><W94/><G70/><T123/><D123/><U48/><E39/><V93/><F121/><W30/><G37/><T120/><D120/><U32/><E32/><V57/><F105/><W97/><G134/><T77/><D118/><U63/><E102/><V79/><F2/><W86/><G81/><T5/><D130/><U115/><E129/><V51/><F82/><W14/><G14/><T12/><D100/><U89/><E89/><V7/><F7/><W43/><G43/><T40/><D40/><U98/><E67/><V75/><F75/><W112/><G112/><T10/><D27/><U23/><E23/><V69/><F69/><AGARI ba="0,0" hai="1,3,5,10,12,52,58,60,61,66,69,77,80,85" machi="69" ten="30,3900,0" yaku="7,1,52,1,54,1" doraHai="6" who="0" fromWho="2" sc="346,39,243,0,218,-39,193,0" owari="385,48.5,243,4.3,179,-32.1,193,-20.7" /></mjloggm>