<mjloggm ver="2.3"><GO type="225" lobby="0"/><UN n0="%E5%A4%8F%E9%88%B4%E9%88%B4%E5%A4%8F" n1="%72%69%6F%75%63%68%61%6E" n2="%72%65%6E%6B%75%6E" n3="%E7%99%BD%E6%97%A5%E9%9B%AA%E8%8F%9C" dan="16,16,17,17" rate="2164.26,2154.44,2218.52,2220.61" sx="M,M,M,M"/><TAIKYOKU oya="0"/><INIT seed="0,0,0,5,5,82" ten="250,250,250,250" oya="0" hai0="75,97,29,119,79,130,11,76,19,6,31,125,60" hai1="122,61,128,112,20,83,124,111,49,14,22,65,118" hai2="113,13,115,103,1,101,80,64,36,37,24,52,8" hai3="43,4,50,104,57,121,9,0,99,7,81,58,127"/><T132/><D119/><U21/><E122/><V38/><F1/><W10/><G127/><T77/><D125/><U98/><E124/><V45/><F64/><W96/><G121/><T70/><D75/><U40/><E118/><V100/><F24/><W92/><G104/><T27/><D130/><U2/><E2/><V85/><F45/><N who="3" m="25919" /><G0/><T131/><D131/><U30/><E128/><V41/><F41/><W126/><G81/><T16/><D132/><U114/><E111/><V69/><F69/><W109/><G99/><T95/><D70/><U107/><E30/><N who="0" m="11273" /><D60/><U18/><E83/><V134/><F134/><W78/><G78/><T90/><D27/><U25/><E107/><V106/><F106/><W12/><G109/><T117/><D117/><U39/><E39/><V133/><F133/><W28/><G28/><T35/><D35/><U67/><E98/><V48/><F48/><W54/><G12/><AGARI ba="0,0" hai="6,11,12,16,19,76,77,79,90,95,97" m="11273" machi="12" ten="30,2900,0" yaku="8,1,54,1" doraHai="82" who="0" fromWho="3" sc="250,29,250,0,250,0,250,-29" /><INIT seed="0,1,0,3,2,64" ten="279,250,250,221" oya="0" hai0="86,16,19,26,14,54,62,49,34,106,2,118,85" hai1="100,94,74,117,80,135,44,66,29,46,127,83,119" hai2="102,131,45,77,6,39,9,51,89,79,105,1,61" hai3="99,107,110,11,82,7,30,43,108,17,114,53,121"/><T104/><D2/><U122/><E122/><V90/><F39/><W60/><G114/><T71/><D118/><U56/><E127/><V84/><F131/><W93/><G107/><T76/><D106/><U10/><E135/><V92/><F61/><W50/><G30/><T13/><D104/><U95/><E29/><V68/><F68/><W48/><G17/><T23/><D34/><U21/><E21/><V58/><F58/><N who="3" m="34895" /><G82/><N who="1" m="31274" /><E74/><V128/><F128/><W116/><G43/><T35/><D76/><U115/><E115/><V103/><F90/><N who="3" m="55735" /><G116/><N who="1" m="44618" /><E56/><V67/><F67/><W20/><G20/><N who="0" m="11279" /><D35/><U91/><E66/><V8/><F105/><W59/><G59/><N who="0" m="35191" /><D71/><U28/><E28/><V112/><F112/><W36/><G121/><T4/><D49/><U70/><E70/><V75/><F75/><W65/><G36/><T63/><D63/><U72/><E72/><V3/><F3/><N who="3" m="511" /><G65/><T132/><D132/><U24/><E10/><AGARI ba="1,0" hai="4,10,14,19,23,26,85,86" m="35191,11279" machi="10" ten="30,2900,0" yaku="8,1,54,1" doraHai="64" who="0" fromWho="1" sc="279,32,250,-32,250,0,221,0" /><INIT seed="0,2,0,3,3,64" ten="311,218,250,221" oya="0" hai0="70,109,63,30,18,130,129,57,94,3,120,44,89" hai1="55,4,132,104,80,79,105,12,6,29,16,77,73" hai2="59,72,54,23,56,110,90,118,97,67,112,122,42" hai3="78,45,33,31,114,39,51,83,15,52,36,61,43"/><T13/><D3/><U85/><E132/><V115/><F72/><W37/><G114/><T75/><D120/><U101/><E29/><V41/><F122/><W98/><G15/><T2/><D2/><U28/><E28/><V21/><F97/><W113/><G113/><T58/><D75/><U87/><E55/><V116/><F67/><W38/><G61/><T126/><D30/><U106/><E101/><V25/><F54/><W69/><G69/><T135/><D135/><U117/><E117/><V53/><F53/><W35/><G98/><T134/><D134/><U34/><E34/><V50/><F50/><W125/><G125/><T20/><D126/><U17/><E73/><V9/><F9/><W123/><G123/><T82/><D82/><U88/><E17/><V131/><F90/><W102/><G102/><T66/><D44/><U62/><E62/><V49/><F49/><W1/><G1/><T68/><D109/><U0/><E0/><V103/><F103/><W93/><G93/><T7/><D7/><U8/><REACH who="1" step="1"/><E77/><REACH who="1" ten="311,208,250,221" step="2"/><V100/><F100/><W19/><G19/><T108/><D63/><U32/><E32/><V127/><F127/><W14/><G31/><T27/><D18/><U124/><E124/><V99/><F110/><W91/><G35/><T119/><D108/><U74/><E74/><V65/><F65/><W133/><G33/><T47/><D66/><U92/><AGARI ba="2,1" hai="4,6,8,12,16,79,80,85,87,88,92,104,105,106" machi="92" ten="30,8000,1" yaku="1,1,0,1,54,2,53,1" doraHai="64" doraHaiUra="84" who="1" fromWho="1" sc="311,-42,208,96,250,-22,221,-22" /><INIT seed="1,0,0,2,1,111" ten="269,304,228,199" oya="1" hai0="17,117,31,109,74,69,134,46,106,43,6,63,52" hai1="9,28,21,33,81,101,62,40,7,128,73,98,105" hai2="77,18,39,20,118,45,51,119,25,116,126,14,37" hai3="12,91,48,92,83,38,65,122,55,50,26,82,76"/><U108/><E128/><V95/><F126/><W29/><G122/><T103/><D74/><U121/><E121/><V11/><F77/><W100/><G38/><T86/><D6/><U5/><E108/><V61/><F61/><W47/><G65/><T99/><D109/><U66/><E21/><V4/><REACH who="2" step="1"/><F95/><REACH who="2" ten="269,304,218,199" step="2"/><W97/><G76/><T13/><D63/><U127/><E127/><V102/><F102/><W132/><G132/><T123/><D103/><U22/><E62/><V15/><F15/><W72/><G12/><T23/><D13/><U67/><E101/><V79/><F79/><W115/><G72/><T19/><D134/><U88/><E73/><V87/><F87/><W49/><G115/><T78/><D86/><U131/><E98/><V35/><F35/><W57/><G100/><T27/><D78/><U90/><E33/><V42/><AGARI ba="0,1" hai="4,11,14,18,20,25,37,39,42,45,51,116,118,119" machi="42" ten="30,4000,0" yaku="1,1,0,1,53,1" doraHai="111" doraHaiUra="1" who="2" fromWho="2" sc="269,-10,304,-20,218,50,199,-10" /><INIT seed="2,0,0,0,1,71" ten="259,284,268,189" oya="2" hai0="109,26,120,24,42,6,41,98,129,108,125,66,56" hai1="69,62,107,20,2,75,4,93,14,77,132,51,91" hai2="59,117,1,50,36,131,83,97,18,112,46,90,102" hai3="7,111,124,49,135,106,126,47,57,52,85,118,76"/><V80/><F1/><W70/><G118/><T27/><D120/><U19/><E107/><V33/><F33/><W133/><G106/><T96/><D6/><U22/><E132/><N who="3" m="50762" /><G70/><T134/><D134/><U121/><E121/><V101/><F117/><W79/><G7/><T123/><D123/><U38/><E38/><V48/><F112/><W95/><G111/><N who="0" m="42571" /><D129/><U5/><E2/><V63/><F36/><W99/><G47/><T10/><D10/><U105/><E105/><V116/><F116/><W23/><G23/><T29/><D29/><U54/><E22/><V87/><F83/><N who="3" m="47335" /><G79/><T110/><D110/><U82/><E62/><V128/><F18/><W55/><G55/><T86/><D86/><U43/><E43/><N who="0" m="16393" /><D125/><U89/><E69/><V73/><F73/><W68/><G68/><T3/><D3/><U78/><E78/><V104/><F102/><AGARI ba="0,0" hai="49,52,57,95,99,102,124,126" m="47335,50762" machi="102" ten="30,2000,0" yaku="20,1,54,1" doraHai="71" who="3" fromWho="2" sc="259,0,284,0,268,-20,189,20" /><INIT seed="3,0,0,4,2,131" ten="259,284,248,209" oya="3" hai0="69,4,3,132,120,108,127,93,27,25,34,55,24" hai1="133,36,54,33,46,107,130,14,29,45,47,58,83" hai2="22,59,66,28,80,41,65,5,113,63,52,94,115" hai3="40,13,10,82,19,106,116,50,128,109,56,125,119"/><W43/><G106/><T44/><D69/><U8/><E133/><V88/><F41/><W49/><G128/><T112/><D108/><U84/><E130/><V53/><F5/><W6/><G125/><T2/><D34/><U76/><E107/><V118/><F118/><W110/><G116/><T121/><D93/><U71/><E71/><V77/><F115/><W96/><G119/><T31/><D31/><U97/><E97/><N who="2" m="57543" /><F113/><W111/><G96/><T85/><D112/><U17/><E33/><V32/><F32/><W68/><G68/><T21/><D4/><U134/><E134/><V104/><F104/><W67/><G82/><T42/><D132/><U124/><E124/><V37/><F37/><W123/><G123/><T38/><D127/><U129/><E129/><V11/><F11/><W0/><G67/><N who="2" m="25609" /><F53/><N who="3" m="31791" /><G50/><T7/><D2/><U15/><E36/><V23/><F28/><W73/><G73/><T18/><D55/><U20/><E29/><V87/><AGARI ba="0,0" hai="22,23,52,59,63,77,80,87" m="25609,57543" machi="87" ten="30,4000,0" yaku="8,1,54,2" doraHai="131" who="2" fromWho="2" sc="259,-10,284,-10,248,40,209,-20" /><INIT seed="4,0,0,3,2,19" ten="249,274,288,189" oya="0" hai0="109,48,11,55,62,112,93,129,5,58,68,86,126" hai1="24,125,49,76,45,35,66,6,92,53,63,4,42" hai2="64,71,133,3,39,132,51,36,135,69,2,122,56" hai3="12,88,83,29,10,100,115,33,91,20,123,111,131"/><T94/><D112/><U57/><E125/><V84/><F122/><W21/><G111/><T96/><D126/><U90/><E76/><V101/><F101/><W107/><G115/><T25/><D129/><U82/><E82/><V127/><F127/><W74/><G131/><T110/><D86/><U52/><E35/><V50/><F84/><W1/><G123/><T77/><D77/><U65/><E24/><V121/><F121/><W99/><G1/><N who="2" m="9" /><F56/><W118/><G118/><T27/><D68/><N who="2" m="26186" /><F64/><N who="1" m="24681" /><E53/><V106/><F106/><W41/><G41/><T16/><D109/><U75/><E75/><V87/><F87/><AGARI ba="0,0" hai="4,6,42,45,49,52,57,63,87,90,92" m="24681" machi="87" ten="30,2000,0" yaku="8,1,54,1" doraHai="19" who="1" fromWho="2" sc="249,0,274,20,288,-20,189,0" /><INIT seed="5,0,0,5,2,0" ten="249,294,268,189" oya="1" hai0="21,112,20,94,101,43,38,80,69,124,71,10,56" hai1="54,135,117,132,9,76,12,13,11,47,131,39,91" hai2="49,59,129,120,61,115,19,127,83,15,34,102,23" hai3="70,26,113,35,24,40,97,133,32,66,128,84,3"/><U111/><E131/><V7/><F120/><W8/><G128/><T116/><D56/><U122/><E117/><V42/><F129/><W103/><G113/><T30/><D94/><U57/><E122/><V119/><F34/><W36/><G133/><N who="1" m="51274" /><E111/><V67/><F115/><W93/><G84/><T53/><D20/><U14/><E76/><V75/><F119/><W106/><G93/><T48/><D53/><U18/><E91/><V5/><F127/><W81/><G81/><T63/><D48/><N who="1" m="30919" /><E9/><V78/><REACH who="2" step="1"/><F102/><REACH who="2" ten="249,294,258,189" step="2"/><W109/><G109/><T55/><D101/><U58/><E58/><V74/><F74/><W65/><G70/><T22/><D69/><U85/><E85/><V41/><F41/><AGARI ba="0,1" hai="11,12,13,14,18,39,41,47" m="30919,51274" machi="41" ten="30,1500,0" yaku="20,1" doraHai="0" who="1" fromWho="2" sc="249,0,294,25,258,-15,189,0" owari="249,4.9,319,41.9,243,-15.7,189,-31.1" /></mjloggm>