<mjloggm ver="2.3"><GO type="225" lobby="0"/><UN n0="%E3%81%B5%E3%81%98%E3%81%8B%E3%81%A4" n1="%E6%B8%A9%E2%98%85%E6%83%85%E2%98%85%E6%8E%AA%E2%98%85%E7%BD%AE" n2="%65%6B%61%72%75%74%65" n3="%E3%81%8B%E3%82%8F%E3%81%A1%E3%82%83%E3%82%93%35%38" dan="17,18,16,16" rate="2235.07,2210.55,2150.60,2154.70" sx="M,M,M,M"/><TAIKYOKU oya="0"/><INIT seed="0,0,0,4,4,71" ten="250,250,250,250" oya="0" hai0="85,109,33,100,19,0,3,102,29,67,117,111,89" hai1="83,99,86,30,57,56,118,17,70,115,1,107,64" hai2="45,12,120,58,98,95,49,66,124,125,5,129,116" hai3="69,27,97,34,91,41,94,122,84,43,63,127,80"/><T101/><D117/><U22/><E118/><V87/><F116/><W23/><G127/><T123/><D123/><U60/><E1/><V28/><F120/><W48/><G34/><T114/><D114/><U130/><E115/><V88/><F129/><W55/><G63/><T26/><D67/><U40/><E30/><V21/><F5/><W68/><G68/><T132/><D19/><U9/><E9/><V106/><F106/><W46/><G69/><T4/><D132/><U18/><E40/><V59/><F98/><W103/><REACH who="3" step="1"/><G122/><REACH who="3" ten="250,250,250,240" step="2"/><T54/><D54/><U104/><E70/><V90/><F124/><W38/><G38/><T92/><REACH who="0" step="1"/><D4/><REACH who="0" ten="240,250,250,240" step="2"/><U53/><E53/><V47/><F125/><W74/><G74/><T135/><D135/><U121/><E121/><V76/><F66/><W110/><G110/><AGARI ba="0,2" hai="0,3,26,29,33,85,89,92,100,101,102,109,110,111" machi="110" ten="40,12000,1" yaku="1,1,14,1,10,1,53,1" doraHai="71" doraHaiUra="20" who="0" fromWho="3" sc="240,140,250,0,250,0,240,-120" /><INIT seed="0,1,0,5,5,81" ten="380,250,250,120" oya="0" hai0="76,97,117,35,74,86,53,14,70,99,101,57,96" hai1="26,24,121,64,118,111,73,126,29,46,84,124,60" hai2="59,0,3,127,82,134,63,6,30,15,114,11,105" hai3="66,19,71,1,93,61,104,131,25,16,40,10,128"/><T92/><D117/><U44/><E73/><V113/><F105/><W75/><G104/><T65/><D35/><U12/><E118/><V21/><F127/><N who="1" m="48681" /><E121/><V67/><F134/><W7/><G75/><T122/><D122/><U2/><E2/><V77/><F3/><W17/><G40/><T80/><D14/><U116/><E116/><V106/><F106/><W8/><G8/><T23/><D23/><N who="1" m="15519" /><E111/><V5/><F30/><W49/><G49/><T38/><D38/><U133/><E133/><V112/><F21/><W72/><G72/><T34/><D34/><U55/><E26/><V89/><F89/><W18/><N who="3" m="4096" /><DORA hai="95" /><W103/><REACH who="3" step="1"/><G25/><REACH who="3" ten="380,250,250,110" step="2"/><T91/><D70/><N who="1" m="42247" /><E12/><V62/><F15/><W83/><G83/><T31/><D74/><U50/><E84/><V87/><F112/><W119/><G119/><T56/><D31/><U32/><E32/><V130/><F114/><W27/><G27/><T37/><D37/><U20/><E20/><V28/><F113/><W47/><G47/><AGARI ba="1,1" hai="44,46,47,50,55" m="42247,15519,48681" machi="47" ten="30,1000,0" yaku="18,1" doraHai="81,95" who="1" fromWho="3" sc="380,0,250,23,250,0,110,-13" /><INIT seed="1,0,0,2,1,67" ten="380,273,250,97" oya="1" hai0="84,128,27,62,86,53,68,43,25,39,129,111,51" hai1="21,94,124,22,122,134,95,135,121,81,120,15,91" hai2="118,5,11,30,130,88,31,110,109,117,96,14,125" hai3="45,80,133,112,40,114,104,38,28,69,44,57,59"/><U83/><E15/><N who="2" m="5615" /><F88/><W29/><G80/><N who="1" m="30794" /><E124/><V64/><F96/><W79/><G104/><T48/><D111/><N who="2" m="42506" /><F64/><W82/><G82/><T70/><D39/><U126/><E126/><V78/><F78/><W58/><G79/><T16/><D43/><U101/><E101/><V102/><F102/><W90/><G90/><T92/><D62/><U61/><E61/><V113/><F125/><W17/><G58/><T74/><D74/><U56/><E56/><V131/><F14/><W87/><G17/><T18/><D53/><U9/><E9/><V10/><F10/><W55/><G55/><T119/><REACH who="0" step="1"/><D92/><REACH who="0" ten="370,273,250,97" step="2"/><N who="1" m="35371" /><E91/><V26/><F113/><W106/><G40/><T115/><D115/><U49/><E49/><V71/><F71/><W50/><G38/><T60/><D60/><U3/><E3/><V42/><F42/><W7/><G50/><T123/><D123/><U127/><E127/><V19/><F118/><AGARI ba="0,1" hai="16,18,25,27,48,51,68,70,84,86,118,119,128,129" machi="118" ten="25,12000,2" yaku="1,1,22,2,52,2,54,1,53,0" doraHai="67" doraHaiUra="72" who="0" fromWho="2" sc="370,130,273,0,250,-120,97,0" /><INIT seed="2,0,0,0,0,26" ten="500,273,130,97" oya="2" hai0="37,100,3,71,47,60,34,2,39,18,131,118,59" hai1="85,96,109,132,24,72,55,93,7,44,12,5,31" hai2="58,115,45,133,14,61,86,95,50,19,87,76,29" hai3="27,42,48,102,84,91,122,56,90,43,75,54,108"/><V104/><F115/><W125/><G75/><T99/><D34/><U101/><E72/><V57/><F133/><W28/><G122/><T0/><D71/><U30/><E132/><V81/><F104/><W103/><G108/><T40/><D131/><U8/><E109/><V77/><F29/><N who="1" m="10761" /><E24/><V41/><F61/><W33/><G125/><T107/><D118/><U23/><E23/><V21/><REACH who="2" step="1"/><F95/><REACH who="2" ten="500,273,120,97" step="2"/><W17/><G28/><T116/><D60/><U120/><E120/><V110/><F110/><W6/><G33/><T111/><D107/><U106/><E106/><V117/><F117/><W65/><G65/><T70/><D116/><U79/><E93/><V11/><F11/><W10/><G10/><T127/><D111/><U119/><E8/><V135/><F135/><W94/><G94/><T36/><D127/><U38/><E119/><V82/><AGARI ba="0,1" hai="14,19,21,41,45,50,57,58,76,77,81,82,86,87" machi="82" ten="30,12000,1" yaku="1,1,0,1,9,1,8,1,53,1" doraHai="26" doraHaiUra="9" who="2" fromWho="2" sc="500,-40,273,-40,120,130,97,-40" /><INIT seed="2,1,0,1,5,118" ten="460,233,250,57" oya="2" hai0="88,134,23,120,15,66,7,125,91,97,49,33,17" hai1="51,38,90,13,11,135,55,44,82,104,103,52,9" hai2="77,95,56,14,84,50,59,69,65,62,85,76,86" hai3="109,73,28,1,101,53,63,4,99,60,58,106,111"/><V2/><F2/><W79/><G28/><T98/><D120/><U92/><E135/><V41/><F69/><W30/><G30/><T5/><D33/><U26/><E38/><V116/><F116/><W8/><REACH who="3" step="1"/><G60/><REACH who="3" ten="460,233,250,47" step="2"/><T45/><D134/><U27/><E104/><V81/><F62/><W128/><G128/><T113/><D125/><U64/><E64/><V129/><F65/><W117/><G117/><T131/><D66/><U105/><E105/><V6/><F129/><W68/><G68/><T132/><D131/><U114/><E114/><V39/><F77/><W22/><G22/><T75/><D113/><U10/><E10/><V107/><F76/><W124/><G124/><T78/><D78/><U89/><E9/><V74/><F107/><W0/><G0/><T83/><D132/><U32/><E11/><V130/><F130/><W108/><G108/><T71/><D71/><U31/><E31/><V121/><F121/><W35/><G35/><T67/><D67/><U34/><E34/><V25/><F6/><W87/><G87/><T133/><D133/><U102/><E32/><V48/><F84/><W19/><G19/><T57/><D7/><U122/><E122/><V72/><F85/><W20/><G20/><T126/><D5/><U127/><E127/><V54/><F86/><W21/><G21/><T12/><D23/><U100/><E27/><V110/><F25/><W112/><G112/><T80/><D17/><U43/><E26/><V42/><F110/><W96/><G96/><T18/><D126/><U70/><E70/><V16/><F16/><W123/><G123/><RYUUKYOKU ba="1,1" sc="460,-10,233,-10,250,-10,47,30" hai3="1,4,8,53,58,63,73,79,99,101,106,109,111" /><INIT seed="3,2,1,3,0,110" ten="450,223,240,77" oya="3" hai0="35,75,26,31,87,20,97,80,39,112,54,51,41" hai1="46,107,8,134,109,52,90,28,9,12,125,100,21" hai2="92,77,86,5,132,37,121,103,43,78,14,33,104" hai3="67,96,19,38,66,58,91,4,2,59,133,29,50"/><W102/><G38/><T53/><D75/><U89/><E109/><V95/><F33/><W130/><G133/><T18/><D97/><U71/><E71/><V27/><F132/><W25/><G130/><T84/><D39/><U3/><E3/><V99/><F121/><W65/><G2/><T23/><D35/><U68/><E68/><V15/><F37/><W56/><G4/><T42/><D112/><U69/><E69/><V44/><F27/><W6/><G6/><T116/><D116/><U119/><E134/><V70/><F70/><W10/><G91/><N who="1" m="34826" /><E107/><V73/><F73/><W126/><G126/><T135/><D54/><U62/><E100/><V55/><F43/><N who="0" m="16394" /><D80/><U123/><E123/><V129/><F129/><W94/><G10/><T101/><D101/><U82/><E119/><V30/><F30/><W49/><REACH who="3" step="1"/><G19/><REACH who="3" ten="450,223,240,67" step="2"/><T34/><D18/><N who="1" m="10439" /><E125/><V122/><F122/><W81/><G81/><T88/><D135/><U11/><E82/><V40/><F5/><W124/><G124/><T72/><D88/><U47/><E28/><V127/><F127/><W13/><G13/><T64/><D26/><U22/><E22/><AGARI ba="2,2" hai="22,25,29,49,50,56,58,59,65,66,67,94,96,102" machi="22" ten="40,3900,0" yaku="1,1,8,1,53,0" doraHai="110" doraHaiUra="117" who="3" fromWho="1" sc="450,0,223,-45,240,0,67,65" /><INIT seed="3,3,0,1,4,105" ten="450,178,240,132" oya="3" hai0="118,113,75,76,131,38,86,116,6,43,125,99,4" hai1="40,79,134,78,56,36,18,77,71,83,110,69,112" hai2="61,19,41,17,72,123,46,84,21,80,58,89,94" hai3="107,70,39,49,109,129,103,67,92,45,96,95,12"/><W5/><G39/><T13/><D43/><U115/><E83/><V44/><F123/><W11/><G129/><T30/><D38/><U108/><E134/><V111/><F111/><N who="1" m="42537" /><E56/><V37/><F46/><W0/><G109/><T126/><D6/><U85/><E85/><V16/><F72/><W74/><G74/><T24/><D13/><U130/><E130/><V60/><F80/><W62/><REACH who="3" step="1"/><G12/><REACH who="3" ten="450,178,240,122" step="2"/><T66/><D75/><U48/><E36/><V73/><F73/><W93/><G93/><T97/><D131/><U33/><E115/><V100/><F94/><W88/><G88/><T114/><D113/><U32/><E112/><V98/><F89/><W53/><AGARI ba="3,1" hai="0,5,11,45,49,53,62,67,70,92,95,96,103,107" machi="53" ten="20,7800,0" yaku="1,1,0,1,7,1,53,1" doraHai="105" doraHaiUra="1" who="3" fromWho="3" sc="450,-29,178,-29,240,-29,122,97" /><INIT seed="3,4,0,1,0,66" ten="421,149,211,219" oya="3" hai0="47,62,119,76,31,121,16,122,68,104,124,110,71" hai1="40,64,120,80,38,67,61,18,58,135,127,57,65" hai2="15,36,8,89,37,28,83,10,131,90,9,78,2" hai3="118,23,88,7,13,101,39,69,106,21,134,74,60"/><W98/><G118/><T32/><D119/><U73/><E73/><V81/><F131/><W14/><G74/><T1/><D16/><U33/><E33/><V19/><F2/><W107/><G39/><T128/><D47/><N who="1" m="23959" /><E18/><V63/><F36/><W22/><G134/><T93/><D71/><N who="1" m="42383" /><E80/><N who="2" m="30795" /><F37/><W126/><G88/><N who="2" m="33897" /><F63/><W133/><G133/><T54/><D62/><N who="1" m="38095" /><E135/><V111/><F111/><W0/><G107/><T116/><D32/><U12/><E12/><V123/><F123/><W56/><G0/><T55/><D1/><U49/><E120/><V17/><F78/><W100/><G13/><T26/><D76/><U87/><E87/><V108/><F108/><W3/><G3/><T5/><D110/><U130/><E130/><V91/><F28/><W20/><G14/><T46/><D31/><U34/><E34/><V45/><F15/><W4/><G21/><T86/><D128/><U52/><E67/><V125/><F91/><W30/><G22/><T105/><D104/><U92/><E92/><V103/><F103/><W113/><G23/><T25/><D105/><U29/><E29/><V11/><F11/><W44/><G20/><T72/><D121/><U75/><E75/><V96/><F96/><W95/><G30/><T70/><D72/><U79/><E127/><V59/><F125/><W77/><G126/><T112/><D124/><U53/><E53/><V51/><F19/><W132/><G132/><T99/><D122/><U117/><E117/><V27/><F17/><W115/><G106/><T24/><D116/><U84/><E84/><V50/><F27/><W97/><G98/><RYUUKYOKU ba="4,0" sc="421,-10,149,30,211,-10,219,-10" hai1="49,52,58,79" owari="411,51.1,179,-32.1,201,-19.9,209,0.9" /></mjloggm>