<mjloggm ver="2.3"><GO type="225" lobby="0"/><UN n0="%E6%A1%9C%E8%8A%B1%E9%96%83%E3%80%85" n1="%6D%75%75%73%61%6E%6D%75" n2="%E3%81%B5%E3%81%98%E3%81%8B%E3%81%A4" n3="%E3%81%8B%E3%82%8F%E3%81%A1%E3%82%83%E3%82%93%35%38" dan="16,16,17,16" rate="2217.03,2089.85,2244.79,2149.91" sx="M,F,M,M"/><TAIKYOKU oya="0"/><INIT seed="0,0,0,3,5,132" ten="250,250,250,250" oya="0" hai0="62,57,45,100,69,40,36,42,5,31,124,11,39" hai1="120,92,133,109,68,50,35,64,106,103,14,104,115" hai2="90,107,111,24,29,97,2,6,59,127,75,105,63" hai3="7,44,13,94,0,93,79,1,66,10,85,28,80"/><T76/><D69/><U54/><E120/><V128/><F75/><W41/><G28/><T74/><D100/><U72/><E72/><V37/><F37/><W21/><G66/><T17/><D31/><U65/><E35/><V114/><F114/><W22/><G0/><T121/><D121/><U101/><E133/><V71/><F128/><W12/><G1/><T47/><D17/><U89/><E115/><V131/><F131/><W8/><G22/><T3/><D124/><U52/><E109/><V58/><F111/><W98/><G98/><T126/><D126/><U15/><E68/><V23/><F71/><W43/><G21/><T113/><D113/><U77/><E77/><V83/><F59/><W130/><G130/><T55/><D74/><U53/><E50/><V19/><F29/><W32/><G32/><T84/><D84/><U20/><E20/><V116/><F127/><W112/><G112/><T70/><D70/><U88/><E54/><N who="2" m="34263" /><F116/><W129/><G129/><T125/><D125/><U99/><E99/><V119/><F119/><W27/><G27/><T96/><D96/><U123/><E123/><V91/><F83/><W25/><G25/><T78/><AGARI ba="0,0" hai="3,5,11,36,39,40,42,45,47,55,57,62,76,78" machi="78" ten="30,3000,0" yaku="0,1,9,1" doraHai="132" who="0" fromWho="0" sc="250,30,250,-10,250,-10,250,-10" /><INIT seed="0,1,0,2,1,89" ten="280,240,240,240" oya="0" hai0="15,134,131,77,60,80,93,129,124,105,126,30,76" hai1="123,20,81,66,19,10,39,11,63,78,118,128,1" hai2="2,100,12,114,16,107,56,58,28,99,130,111,135" hai3="21,33,92,117,9,45,104,116,87,125,34,37,43"/><T95/><D105/><U42/><E118/><V17/><F114/><W61/><G104/><T26/><D15/><U71/><E123/><V121/><F121/><W90/><G125/><N who="0" m="48235" /><D60/><U7/><E128/><N who="0" m="49225" /><D134/><U27/><E39/><V4/><F130/><W108/><G108/><T102/><D102/><U127/><E127/><V64/><F111/><W103/><G103/><T25/><D25/><U3/><E42/><V122/><F122/><W57/><G117/><T50/><D50/><U31/><E10/><N who="2" m="4167" /><F2/><W83/><G116/><T65/><D65/><U48/><E48/><V49/><F135/><W22/><G9/><T68/><D68/><U18/><REACH who="1" step="1"/><E3/><REACH who="1" ten="280,230,240,240" step="2"/><V40/><F49/><W24/><G37/><T106/><D106/><U112/><E112/><V32/><F107/><W101/><G43/><T53/><D53/><U110/><E110/><V109/><F40/><W120/><G120/><T5/><D5/><U70/><E70/><V133/><F133/><W86/><G45/><T6/><D6/><U62/><E62/><N who="2" m="37959" /><F109/><W23/><G61/><T91/><D77/><U98/><E98/><V14/><F99/><N who="3" m="59623" /><G57/><T113/><D113/><U38/><E38/><V55/><F58/><W73/><G24/><T67/><D67/><U51/><E51/><V84/><F55/><W72/><G87/><AGARI ba="1,1" hai="1,7,11,18,19,20,27,31,63,66,71,78,81,87" machi="87" ten="30,7700,0" yaku="1,1,7,1,53,2" doraHai="89" doraHaiUra="13" who="1" fromWho="3" sc="280,0,230,90,240,0,240,-80" /><INIT seed="1,0,0,3,3,32" ten="280,320,240,160" oya="1" hai0="135,120,126,118,8,105,84,4,55,79,5,74,14" hai1="6,19,27,82,80,45,66,29,64,122,28,94,75" hai2="100,116,7,119,67,11,99,114,76,68,48,72,109" hai3="62,86,95,92,47,33,0,41,96,26,10,112,39"/><U60/><E122/><V90/><F114/><W61/><G112/><T36/><D118/><U103/><E6/><V52/><F109/><W81/><G33/><T13/><D126/><U129/><E129/><V20/><F90/><W40/><G40/><T106/><D74/><U113/><E113/><V65/><F20/><W131/><G131/><T35/><D120/><U2/><E2/><V87/><F72/><W56/><G26/><T111/><D135/><U128/><E128/><V73/><F87/><W50/><G39/><T117/><D36/><U9/><E45/><V63/><F76/><W59/><G0/><T53/><D111/><U21/><E9/><V49/><F49/><W93/><G10/><N who="0" m="4295" /><D35/><U54/><E75/><V31/><F67/><W58/><REACH who="3" step="1"/><G96/><REACH who="3" ten="280,320,240,150" step="2"/><T107/><D8/><U69/><E27/><V3/><F119/><W44/><G44/><T34/><D34/><U127/><E21/><V130/><F116/><W101/><G101/><T18/><D117/><U38/><E103/><V121/><F130/><W102/><G102/><T57/><D14/><U133/><E38/><V51/><F121/><W83/><G83/><T46/><D46/><U88/><E82/><V123/><F123/><W134/><G134/><T78/><D106/><U124/><E80/><V97/><F99/><W1/><G1/><T70/><D107/><U23/><E133/><V42/><F97/><W30/><G30/><T125/><D105/><U17/><E29/><V98/><F31/><W132/><G132/><T77/><D125/><N who="1" m="48203" /><E28/><V85/><F98/><W108/><G108/><T71/><D84/><RYUUKYOKU ba="0,1" sc="280,-10,320,-10,240,-10,150,30" hai3="41,47,50,56,58,59,61,62,81,86,92,93,95" /><INIT seed="2,1,1,0,1,109" ten="270,310,230,180" oya="2" hai0="93,75,11,73,99,60,106,64,20,130,57,111,14" hai1="98,17,54,41,82,48,84,49,76,9,33,79,81" hai2="51,78,55,29,77,59,69,108,101,116,126,8,87" hai3="95,114,120,37,74,118,125,105,131,135,36,71,90"/><V34/><F116/><W18/><G18/><T4/><D111/><U47/><E33/><V6/><F108/><W68/><G90/><T121/><D121/><U115/><E98/><V30/><F69/><W61/><G95/><T42/><D106/><U5/><E115/><V12/><F126/><W56/><G105/><T50/><D130/><U35/><E35/><V65/><F101/><W110/><G74/><T10/><D20/><U100/><E17/><V13/><F13/><W86/><G86/><T132/><D132/><U31/><E31/><N who="2" m="11787" /><F34/><W122/><G110/><T1/><D50/><U28/><E28/><V24/><F24/><W40/><G118/><T102/><REACH who="0" step="1"/><D42/><REACH who="0" ten="260,310,230,180" step="2"/><U94/><E48/><V127/><F51/><W19/><G40/><T3/><D3/><U72/><E49/><V88/><F8/><W63/><G135/><T38/><D38/><U97/><E9/><V16/><F127/><W27/><G125/><T113/><D113/><U46/><E41/><V70/><F6/><AGARI ba="1,2" hai="1,4,6,10,11,14,57,60,64,73,75,93,99,102" machi="6" ten="30,2000,0" yaku="1,1,7,1,53,0" doraHai="109" doraHaiUra="80" who="0" fromWho="2" sc="260,43,310,0,230,-23,180,0" /><INIT seed="3,0,0,1,2,100" ten="303,310,207,180" oya="3" hai0="114,43,116,40,59,68,103,38,98,118,66,80,28" hai1="32,74,1,83,75,120,88,104,25,65,126,102,105" hai2="35,122,110,127,47,99,8,61,53,115,119,31,20" hai3="72,112,109,42,18,33,12,76,23,14,0,70,30"/><W125/><G70/><T56/><D28/><U69/><E120/><V93/><F110/><W6/><G42/><N who="0" m="15915" /><D38/><U22/><E1/><V96/><F115/><W57/><G57/><T79/><D68/><U111/><E111/><V81/><F35/><W121/><G109/><T86/><D116/><U132/><E132/><V60/><F119/><W9/><G76/><T50/><D118/><U44/><E44/><V19/><F127/><W133/><G72/><T107/><D107/><U27/><E126/><V82/><F31/><W15/><G125/><T55/><D114/><U10/><E10/><V89/><F8/><N who="3" m="2119" /><G112/><T3/><D3/><U131/><E27/><N who="2" m="14751" /><F99/><W95/><G95/><N who="0" m="58847" /><D66/><U94/><E65/><V123/><F123/><W13/><G121/><T45/><AGARI ba="0,0" hai="45,50,55,56,59,79,80,86" m="58847,15915" machi="45" ten="30,1100,0" yaku="8,1" doraHai="100" who="0" fromWho="0" sc="303,11,310,-3,207,-3,180,-5" owari="314,41.4,307,10.7,204,-19.6,175,-32.5" /></mjloggm>