<mjloggm ver="2.3"><GO type="225" lobby="0"/><UN n0="%E3%81%86%E3%83%BC%E3%81%B1%E3%83%BC" n1="%6D%75%75%6D%75%72%61" n2="%E6%B0%B7%E5%B7%9D%E9%87%8C%E5%A5%88" n3="%E3%82%BC%E3%83%AB%E3%83%80%E3%81%AE%E4%BC%9D%E8%AA%AC" dan="17,17,16,17" rate="2162.21,2167.89,2103.75,2228.37" sx="M,F,F,M"/><TAIKYOKU oya="0"/><INIT seed="0,0,0,1,0,63" ten="250,250,250,250" oya="0" hai0="44,21,78,108,75,58,81,104,69,103,110,41,20" hai1="127,15,92,56,43,130,121,47,61,91,132,111,135" hai2="65,116,74,55,134,22,120,24,49,2,93,85,99" hai3="105,30,125,87,33,25,13,32,64,94,0,6,9"/><T84/><D69/><U113/><E121/><V73/><F120/><W114/><G105/><T70/><D70/><U51/><E111/><N who="0" m="42537" /><D84/><U118/><E118/><V45/><F2/><W71/><G114/><T5/><D5/><U119/><E119/><V86/><F134/><W48/><G125/><T52/><D103/><U126/><E113/><V133/><F133/><N who="1" m="51273" /><E15/><V131/><F131/><W17/><G48/><N who="0" m="30983" /><D104/><U8/><E8/><V62/><F116/><W35/><G87/><T19/><D19/><U68/><E68/><V7/><F7/><W122/><G122/><T128/><D128/><U123/><E123/><V39/><F39/><AGARI ba="0,0" hai="20,21,39,41,44,75,78,81" m="30983,42537" machi="39" ten="30,5800,0" yaku="14,1,10,1,54,1" doraHai="63" who="0" fromWho="2" sc="250,58,250,0,250,-58,250,0" /><INIT seed="0,1,0,3,5,20" ten="308,250,192,250" oya="0" hai0="9,50,113,128,0,102,57,117,43,116,54,100,35" hai1="19,94,37,16,22,36,122,124,51,103,71,132,17" hai2="77,83,38,87,101,69,120,27,123,111,130,93,12" hai3="14,52,53,109,23,8,104,63,15,56,24,21,129"/><T112/><D128/><U96/><E122/><V75/><F69/><W70/><G109/><T48/><D35/><U119/><E119/><V108/><F38/><W66/><G129/><T34/><D34/><U125/><E71/><V78/><F12/><W3/><G104/><T90/><D90/><U82/><E132/><V85/><F27/><W64/><G64/><T105/><D0/><U40/><E82/><N who="2" m="45375" /><F130/><W84/><G3/><T7/><D7/><U106/><E106/><V2/><F2/><W10/><G84/><T97/><D102/><U45/><REACH who="1" step="1"/><E22/><REACH who="1" ten="308,240,192,250" step="2"/><V55/><F123/><W79/><G23/><T121/><D121/><U58/><E58/><V115/><F120/><W31/><G70/><T76/><D117/><U99/><E99/><N who="2" m="59631" /><F115/><W44/><G44/><N who="0" m="25631" /><D112/><U107/><E107/><V81/><F55/><W1/><G53/><T95/><D113/><U47/><E47/><V114/><F114/><W6/><G52/><T73/><D105/><U110/><E110/><N who="2" m="42027" /><F83/><W74/><G8/><T60/><D9/><U42/><E42/><V80/><F80/><W65/><G56/><T89/><D116/><U62/><E62/><V26/><F87/><W5/><G63/><T25/><D60/><U68/><E68/><V29/><F81/><N who="3" m="45303" /><G66/><T135/><D57/><U67/><E67/><V131/><F131/><W18/><G65/><T61/><D61/><U41/><E41/><V4/><F85/><W91/><G10/><T86/><D54/><U49/><E49/><V134/><F134/><W28/><G21/><T72/><D50/><U33/><E33/><N who="2" m="20663" /><F78/><W92/><G1/><RYUUKYOKU ba="1,1" sc="308,-15,240,15,192,15,250,-15" hai1="16,17,19,36,37,40,45,51,94,96,103,124,125" hai2="4" /><INIT seed="1,2,1,5,5,128" ten="293,255,207,235" oya="1" hai0="60,16,81,103,50,131,98,77,45,78,58,55,99" hai1="40,107,5,100,127,25,39,64,52,71,57,56,124" hai2="23,112,70,41,76,19,126,24,14,66,85,111,4" hai3="32,113,133,65,101,21,89,20,51,74,22,31,90"/><U79/><E79/><N who="0" m="30217" /><D131/><U67/><E5/><V95/><F111/><W68/><G113/><T87/><D103/><U11/><E11/><V125/><F112/><W46/><G74/><T26/><D87/><U105/><E100/><V38/><F70/><W94/><G68/><T8/><D81/><U104/><E71/><V122/><F122/><W120/><G120/><T48/><D48/><U59/><E25/><V49/><F38/><W116/><G116/><T69/><D69/><U135/><E135/><V18/><F66/><N who="1" m="25129" /><E39/><V96/><F4/><W28/><G133/><T109/><D109/><U72/><E72/><V93/><F41/><N who="3" m="25039" /><G65/><N who="0" m="39063" /><D26/><U61/><E40/><V86/><F49/><W15/><G32/><T117/><D117/><U110/><E110/><V42/><F42/><W13/><G101/><T63/><D63/><U97/><E97/><V33/><F33/><W123/><G123/><T12/><AGARI ba="2,1" hai="8,12,16,45,50,55,98,99" m="39063,30217" machi="12" ten="30,2000,0" yaku="8,1,54,1" doraHai="128" who="0" fromWho="0" sc="293,36,255,-12,207,-7,235,-7" /><INIT seed="2,0,0,4,0,66" ten="329,243,200,228" oya="2" hai0="93,55,74,75,68,52,20,92,59,96,9,16,18" hai1="30,134,90,39,133,5,65,100,34,99,69,106,50" hai2="56,7,33,122,109,11,32,128,8,71,19,73,61" hai3="119,37,84,23,110,49,1,115,43,25,26,3,13"/><V15/><F122/><W35/><G37/><T88/><D68/><U102/><E102/><V97/><F128/><W112/><G119/><T17/><D75/><U42/><E50/><V54/><F73/><W60/><G84/><N who="0" m="52231" /><D74/><U82/><E5/><V57/><F109/><W104/><G104/><T121/><D121/><U132/><E90/><V87/><F71/><W107/><G107/><T131/><D131/><U31/><E82/><V41/><F41/><W116/><G116/><T120/><D120/><U130/><E130/><V44/><F44/><N who="3" m="25759" /><G60/><N who="0" m="35943" /><D55/><U123/><E123/><V117/><F117/><W125/><G35/><T6/><D20/><U29/><E34/><V118/><F118/><W89/><G110/><T36/><D36/><U28/><N who="1" m="7168" /><DORA hai="53" /><U80/><E80/><V78/><F97/><W58/><G23/><T108/><D108/><U63/><E42/><V95/><F57/><W72/><G58/><T105/><D105/><U124/><E39/><V83/><REACH who="2" step="1"/><F95/><REACH who="2" ten="329,243,190,228" step="2"/><W113/><G72/><T126/><D126/><AGARI ba="0,1" hai="63,65,69,99,100,106,124,126,132,133,134" m="7168" machi="126" ten="60,3900,0" yaku="20,1,52,1" doraHai="66,53" who="1" fromWho="0" sc="329,-39,243,49,190,0,228,0" /><INIT seed="3,0,0,4,2,37" ten="290,292,190,228" oya="3" hai0="74,42,111,33,76,60,71,26,109,20,59,116,81" hai1="128,124,115,23,75,112,30,22,69,84,49,34,11" hai2="98,14,67,10,102,43,46,134,5,118,28,52,99" hai3="6,64,100,130,1,95,126,119,91,3,105,90,58"/><W125/><G119/><T45/><D33/><U38/><E38/><V50/><F118/><W83/><G130/><T78/><D71/><U122/><E75/><V63/><F134/><W132/><G132/><T88/><D88/><N who="3" m="33833" /><G105/><T110/><D78/><U0/><E122/><V44/><F28/><W107/><G107/><T80/><D80/><U29/><E69/><V47/><F102/><W8/><G83/><T66/><D116/><U108/><E84/><V41/><F47/><W70/><G70/><T113/><D113/><N who="1" m="43595" /><E49/><V114/><F114/><W16/><G6/><T13/><D13/><U68/><E68/><V19/><F67/><W4/><G4/><T17/><D45/><U40/><E40/><AGARI ba="0,0" hai="17,20,26,40,42,59,60,66,74,76,81,109,110,111" machi="40" ten="40,5200,0" yaku="14,1,52,2" doraHai="37" who="0" fromWho="1" sc="290,52,292,-52,190,0,228,0" owari="342,44.2,240,4.0,190,-31.0,228,-17.2" /></mjloggm>