<mjloggm ver="2.3"><GO type="225" lobby="0"/><UN n0="%E3%83%AC%E3%82%A4%E3%83%88%E3%83%B3%E5%87%86%E6%95%99%E6%8E%88" n1="%E5%B0%8F%E9%B3%A5%E9%81%8A%E7%B7%B4%E7%84%A1%32%31%E6%AD%B3" n2="%E7%99%BD%E6%97%A5%E9%9B%AA%E8%8F%9C" n3="%E8%AB%B8%E8%91%9B%E4%BA%AE" dan="19,16,16,16" rate="2300.60,2165.01,2153.98,2127.75" sx="M,F,M,M"/><TAIKYOKU oya="0"/><INIT seed="0,0,0,2,1,40" ten="250,250,250,250" oya="0" hai0="100,60,26,9,120,93,54,83,128,68,108,18,66" hai1="34,134,55,48,121,64,65,75,15,130,13,122,17" hai2="102,86,87,23,24,133,6,7,63,97,94,0,5" hai3="12,49,110,90,113,111,127,125,38,67,69,35,76"/><T72/><D120/><U39/><E39/><V112/><F112/><W99/><G38/><T42/><D128/><U114/><E34/><V78/><F0/><W123/><G35/><T124/><D124/><N who="3" m="47689" /><G76/><T37/><D54/><U10/><E75/><V82/><F133/><W11/><G113/><T119/><D119/><U85/><E130/><V1/><F63/><N who="3" m="40191" /><G49/><T126/><D126/><U46/><E134/><V84/><REACH who="2" step="1"/><F1/><REACH who="2" ten="250,250,240,250" step="2"/><W115/><G115/><T59/><D60/><U47/><E114/><V118/><F118/><W58/><G123/><T20/><D108/><U91/><E122/><V105/><F105/><W104/><G104/><T43/><D68/><U41/><E121/><V106/><F106/><W29/><G111/><T109/><D109/><U4/><E65/><V45/><F45/><W117/><G110/><T8/><D66/><U56/><E64/><V103/><F103/><W71/><G71/><T116/><D116/><U74/><E41/><V79/><F79/><W70/><G70/><T16/><D43/><U92/><REACH who="1" step="1"/><E74/><REACH who="1" ten="250,240,240,250" step="2"/><V19/><AGARI ba="0,2" hai="5,6,7,19,23,24,78,82,84,86,87,94,97,102" machi="19" ten="30,4000,0" yaku="1,1,0,1,8,1,53,0" doraHai="40" doraHaiUra="132" who="2" fromWho="2" sc="250,-20,240,-10,240,60,250,-10" /><INIT seed="1,0,0,3,2,59" ten="230,230,300,240" oya="1" hai0="88,129,29,127,126,27,37,36,12,76,113,108,3" hai1="4,90,23,69,16,80,7,93,133,47,118,38,77" hai2="89,84,15,24,18,30,124,66,68,9,1,64,85" hai3="99,28,91,19,32,5,128,115,135,78,45,100,103"/><U106/><E106/><V114/><F124/><N who="0" m="47658" /><D3/><U17/><E69/><V82/><F114/><W31/><G115/><T25/><D113/><U20/><E118/><V111/><F111/><W53/><G135/><T102/><D108/><U73/><E133/><V42/><F42/><W60/><G78/><T86/><D76/><U35/><E35/><V83/><F1/><W95/><G5/><T97/><D12/><U11/><E38/><N who="0" m="14953" /><D29/><U49/><E11/><V104/><F104/><W87/><G31/><T54/><D54/><U71/><E23/><N who="2" m="15647" /><F68/><W55/><G28/><T67/><D67/><U121/><E71/><V94/><F82/><W79/><G32/><T132/><D129/><U41/><E17/><V33/><F33/><W81/><G128/><T21/><D21/><U123/><E4/><V105/><F105/><W125/><G125/><T2/><D2/><U134/><E134/><V70/><BYE who="1" /><F70/><W26/><G19/><T13/><D13/><U101/><E101/><V58/><F66/><W75/><G26/><T116/><D116/><U51/><E51/><V122/><F122/><W43/><G75/><T40/><D40/><U117/><E117/><V39/><F39/><UN n1="%E5%B0%8F%E9%B3%A5%E9%81%8A%E7%B7%B4%E7%84%A1%32%31%E6%AD%B3" /><W112/><G112/><T14/><D14/><N who="1" m="9239" /><E7/><V46/><F64/><W109/><G109/><T63/><D132/><U130/><E130/><V48/><F15/><W74/><G74/><T52/><D102/><U57/><E57/><V22/><F58/><N who="3" m="34895" /><G43/><T56/><D97/><N who="1" m="57527" /><E123/><V6/><F6/><W96/><G99/><T44/><D44/><U98/><E121/><V131/><F46/><W92/><G92/><AGARI ba="0,0" hai="25,27,52,56,63,86,88,92" m="14953,47658" machi="92" ten="30,8000,1" yaku="6,1,18,1,52,1,54,2" doraHai="59" who="0" fromWho="3" sc="230,80,230,0,300,0,240,-80" /><INIT seed="2,0,0,4,2,110" ten="310,230,300,160" oya="2" hai0="122,64,119,67,58,37,93,55,48,53,0,52,118" hai1="113,86,36,89,22,47,61,38,74,24,29,40,32" hai2="14,72,19,57,39,6,103,111,120,42,121,134,135" hai3="108,128,107,60,95,101,51,27,46,102,65,123,59"/><V56/><F72/><W2/><G123/><T79/><D0/><U73/><E36/><V105/><F111/><W129/><G2/><T96/><D122/><N who="2" m="47210" /><F6/><W18/><G107/><T28/><D37/><U7/><E7/><V87/><F87/><W44/><G108/><T15/><D79/><U75/><E61/><V130/><F130/><W3/><G3/><T70/><D28/><U132/><E132/><N who="2" m="50731" /><F103/><W63/><G63/><T84/><D84/><U97/><E97/><V21/><F105/><W35/><G102/><N who="0" m="60687" /><D70/><U114/><REACH who="1" step="1"/><E32/><REACH who="1" ten="310,220,300,160" step="2"/><V124/><F124/><W12/><G35/><T23/><D119/><U17/><E17/><V104/><F104/><W54/><G128/><T112/><D118/><U45/><E45/><AGARI ba="0,1" hai="14,19,21,39,42,45,56,57" m="50731,47210" machi="45" ten="30,1500,0" yaku="20,1" doraHai="110" who="2" fromWho="1" sc="310,0,220,-15,300,25,160,0" /><INIT seed="2,1,0,3,1,55" ten="310,205,325,160" oya="2" hai0="12,17,57,37,73,40,104,80,85,41,124,56,45" hai1="36,101,110,15,108,94,0,131,9,114,96,16,71" hai2="91,28,107,102,120,49,61,88,74,24,47,119,66" hai3="31,1,82,50,42,52,89,22,90,97,109,75,10"/><V65/><F119/><W8/><G42/><T68/><D68/><U116/><E116/><V4/><F120/><W33/><G33/><T44/><D73/><U19/><E71/><V86/><F74/><W121/><G121/><T30/><D104/><U93/><E36/><V13/><F107/><W11/><G1/><T130/><D30/><U60/><E0/><V6/><F102/><W32/><G32/><T59/><D130/><U79/><E131/><V72/><F72/><W84/><G75/><T53/><D53/><U126/><E79/><V105/><F105/><W122/><G109/><N who="1" m="42090" /><E126/><V125/><F91/><W128/><G128/><T99/><D99/><N who="1" m="59631" /><E60/><V29/><F29/><W14/><G122/><T132/><D132/><U127/><E114/><V7/><F13/><W62/><G62/><T106/><D106/><U118/><E127/><V48/><F125/><W21/><G31/><T95/><D95/><U133/><E133/><V98/><F98/><W25/><G14/><T92/><D92/><U113/><E113/><V63/><F63/><W26/><G97/><T76/><D124/><U78/><E78/><V23/><F61/><W18/><G90/><T2/><D2/><U3/><E3/><V46/><F48/><W129/><G129/><T69/><D69/><U67/><E67/><N who="2" m="25611" /><F49/><W70/><G70/><T77/><D76/><U103/><E118/><V38/><F38/><W5/><G5/><AGARI ba="1,0" hai="5,9,15,16,19,94,96,103" m="59631,42090" machi="5" ten="30,2000,0" yaku="14,1,54,1" doraHai="55" who="1" fromWho="3" sc="310,0,205,23,325,0,160,-23" /><INIT seed="3,0,0,3,1,25" ten="310,228,325,137" oya="3" hai0="24,59,98,93,131,26,31,54,109,7,121,127,3" hai1="116,35,74,92,22,94,50,87,44,119,67,10,2" hai2="90,133,33,32,86,62,27,4,118,108,36,63,97" hai3="88,58,101,1,28,72,47,135,66,114,29,61,128"/><W69/><G114/><T23/><D121/><U77/><E35/><V0/><F36/><W42/><G72/><T130/><D109/><U124/><E74/><V132/><F118/><W126/><G1/><T99/><D127/><U16/><E67/><V79/><F108/><W111/><G111/><T85/><D7/><U45/><E124/><V6/><F79/><W20/><G126/><T52/><D3/><U100/><E44/><V123/><F97/><W83/><G128/><N who="0" m="49195" /><D54/><U48/><E48/><V30/><F33/><W104/><G135/><N who="2" m="51785" /><F123/><W91/><G69/><T95/><D24/><U40/><E100/><V117/><F117/><W9/><G9/><T8/><D8/><U46/><E45/><V5/><F0/><W64/><G64/><T73/><D73/><U75/><E75/><V103/><F103/><W41/><G104/><T129/><D129/><U65/><E65/><V80/><AGARI ba="0,0" hai="4,5,6,27,30,32,62,63,80,86,90" m="51785" machi="80" ten="30,2000,0" yaku="20,1,52,1" doraHai="25" who="2" fromWho="2" sc="310,-5,228,-5,325,20,137,-10" owari="305,10.5,223,-17.7,345,44.5,127,-37.3" /></mjloggm>