<mjloggm ver="2.3"><GO type="225" lobby="0"/><UN n0="%E6%B8%A9%E2%98%85%E6%83%85%E2%98%85%E6%8E%AA%E2%98%85%E7%BD%AE" n1="%54%4F%52" n2="%E5%8F%AF%E5%85%90%E9%82%A3%E7%94%B1%E5%A4%9A" n3="%6D%75%75%6D%75%72%61" dan="16,17,16,17" rate="2178.26,2226.32,2190.10,2181.54" sx="M,M,F,F"/><TAIKYOKU oya="0"/><INIT seed="0,0,0,5,4,7" ten="250,250,250,250" oya="0" hai0="127,64,115,124,8,118,89,79,113,70,62,119,133" hai1="85,88,23,49,10,25,66,75,17,116,42,93,98" hai2="30,86,114,26,100,6,83,63,39,106,91,132,24" hai3="94,27,82,68,45,134,46,96,5,117,47,3,50"/><T37/><D79/><U2/><E75/><V40/><F114/><N who="0" m="43530" /><D89/><U15/><E116/><N who="0" m="44585" /><D8/><U122/><E122/><V12/><F132/><W110/><G117/><T52/><D133/><U48/><E2/><V84/><F106/><W92/><G110/><T120/><D120/><U18/><E42/><V51/><F39/><W32/><G134/><T34/><D34/><U53/><E66/><V112/><F112/><W55/><G82/><T101/><D101/><U41/><E41/><V61/><F100/><W71/><G92/><T69/><D37/><U54/><E49/><V125/><F86/><W36/><G36/><T65/><D52/><N who="1" m="20075" /><E48/><V102/><F102/><W35/><G35/><T43/><D43/><U1/><E1/><V97/><F51/><W108/><G108/><T19/><D19/><U109/><E109/><V56/><F40/><W111/><G111/><T78/><D78/><U58/><E58/><V57/><F56/><W131/><G3/><T44/><D44/><U73/><E73/><V90/><F57/><W121/><G121/><T22/><D22/><U135/><E135/><V0/><F0/><W87/><G45/><T128/><D128/><U81/><E81/><V28/><F83/><W104/><G131/><T103/><D103/><U67/><E67/><N who="0" m="25673" /><D62/><U99/><AGARI ba="0,0" hai="10,15,17,18,23,25,85,88,93,98,99" m="20075" machi="99" ten="30,7900,0" yaku="8,1,52,1,54,2" doraHai="7" who="1" fromWho="1" sc="250,-39,250,79,250,-20,250,-20" /><INIT seed="1,0,0,0,4,55" ten="211,329,230,230" oya="1" hai0="71,85,59,74,113,19,6,43,132,135,96,102,66" hai1="82,20,53,125,56,78,128,17,123,101,32,60,28" hai2="61,26,99,133,37,97,127,98,31,94,63,126,79" hai3="90,50,64,62,25,120,116,46,2,3,109,27,22"/><U93/><E123/><V88/><F37/><W87/><G120/><T92/><D113/><U112/><E112/><V122/><F122/><W18/><G109/><T58/><D74/><U67/><E128/><V11/><F79/><W15/><G116/><T118/><D118/><U40/><E125/><N who="2" m="47627" /><F11/><W7/><G3/><T70/><D6/><U45/><E32/><N who="2" m="20599" /><F133/><N who="0" m="51274" /><D43/><U36/><E28/><V89/><F89/><W54/><G7/><T108/><D108/><U84/><E67/><V73/><F73/><W47/><G47/><T34/><D34/><U124/><E124/><V35/><F35/><W1/><G1/><T39/><D39/><U69/><E69/><N who="0" m="26121" /><D66/><U107/><E107/><V81/><F81/><W44/><G44/><T119/><D119/><U105/><E105/><V83/><F83/><N who="3" m="49535" /><G2/><T129/><D129/><U68/><E68/><V14/><F14/><W5/><G5/><T41/><D41/><U130/><E130/><V33/><F33/><W103/><G103/><T8/><D85/><AGARI ba="0,0" hai="61,63,85,88,94,97,98,99" m="20599,47627" machi="85" ten="30,2000,0" yaku="18,1,54,1" doraHai="55" who="2" fromWho="0" sc="211,-20,329,0,230,20,230,0" /><INIT seed="2,0,0,3,1,101" ten="191,329,250,230" oya="2" hai0="133,31,65,79,123,72,76,0,13,78,61,4,114" hai1="124,99,10,12,64,3,36,87,103,125,43,29,52" hai2="109,83,40,2,62,57,84,85,130,116,118,60,127" hai3="32,50,96,59,113,58,95,115,33,74,92,14,39"/><V9/><F127/><N who="1" m="48713" /><E3/><V18/><F130/><W104/><G39/><T25/><D114/><N who="3" m="43529" /><G74/><T112/><D112/><U53/><E64/><V42/><F109/><W106/><G14/><T49/><D123/><U97/><E29/><V6/><F18/><W48/><G95/><T63/><D133/><U134/><E134/><V17/><F17/><W73/><G73/><T30/><D0/><U108/><E108/><V28/><F28/><N who="0" m="10794" /><D72/><U56/><E87/><V27/><F27/><W55/><G58/><T121/><D121/><U26/><E26/><V90/><F62/><N who="0" m="23562" /><D25/><U132/><E132/><V81/><F118/><W68/><G50/><T80/><D65/><U24/><E24/><V37/><F116/><W38/><G68/><T7/><D49/><U128/><E128/><V45/><F37/><W93/><G93/><T89/><D13/><U105/><E56/><V11/><F45/><W1/><G38/><T129/><D129/><U19/><E97/><V69/><F69/><W94/><G94/><T102/><D102/><U8/><E8/><V88/><REACH who="2" step="1"/><F11/><REACH who="2" ten="191,329,240,230" step="2"/><W120/><G120/><T98/><D98/><U35/><E35/><V91/><F91/><W70/><G70/><T51/><D51/><U86/><E36/><V122/><F122/><W117/><G117/><T44/><D44/><U131/><E131/><V126/><F126/><W5/><G33/><T21/><D21/><U135/><E135/><V22/><F22/><W82/><G32/><T34/><D34/><U41/><E10/><V46/><F46/><W77/><G96/><T107/><D107/><U20/><E105/><RYUUKYOKU ba="0,1" sc="191,15,329,-15,240,15,230,-15" hai0="4,7,76,78,79,80,89" hai2="2,6,9,40,42,57,60,81,83,84,85,88,90" /><INIT seed="2,1,1,0,4,105" ten="206,314,255,215" oya="2" hai0="116,98,15,36,18,131,13,63,84,69,93,67,92" hai1="6,1,56,38,42,66,122,129,57,128,26,73,102" hai2="45,27,76,9,96,31,29,44,7,22,37,133,20" hai3="46,16,12,40,79,59,74,30,8,49,2,107,115"/><V103/><F133/><W35/><G107/><T101/><D131/><N who="1" m="50251" /><E122/><V65/><F65/><W130/><G130/><T82/><D116/><U85/><E73/><V23/><F76/><W11/><G115/><T71/><D36/><U64/><E102/><V19/><F37/><W25/><G59/><N who="1" m="22602" /><E85/><V60/><F60/><W94/><G94/><T121/><D121/><U43/><E26/><V88/><F29/><W109/><G109/><T134/><D134/><U17/><E17/><V86/><F19/><W112/><G112/><T113/><D113/><U90/><E90/><V28/><F28/><W104/><G104/><T3/><D69/><U124/><E124/><V132/><F132/><W50/><G50/><T0/><D92/><U10/><E38/><V75/><F75/><W89/><G89/><T111/><D111/><U41/><AGARI ba="1,1" hai="1,6,10,41,42,43,64,66" m="22602,50251" machi="41" ten="40,1500,0" yaku="19,1" doraHai="105" who="1" fromWho="1" sc="206,-5,314,28,255,-8,215,-5" /><INIT seed="3,0,0,2,4,32" ten="201,342,247,210" oya="3" hai0="53,69,30,105,95,67,54,85,2,78,134,104,49" hai1="3,19,128,39,113,98,12,81,48,131,26,23,31" hai2="91,102,87,33,57,76,47,86,88,109,121,83,50" hai3="129,25,13,14,28,38,66,101,27,93,80,116,72"/><W119/><G38/><T58/><D2/><U100/><E39/><V84/><F33/><W75/><G129/><N who="1" m="49738" /><E3/><V11/><F109/><W24/><G28/><T8/><D134/><U103/><E113/><V123/><F102/><W9/><G66/><T37/><D37/><U18/><E81/><V41/><F11/><W34/><G34/><T110/><D110/><U127/><E127/><V126/><F126/><W133/><G133/><T94/><D30/><U42/><E98/><V52/><F123/><W108/><G108/><T118/><D118/><U45/><E18/><V60/><REACH who="2" step="1"/><F121/><REACH who="2" ten="201,342,237,210" step="2"/><W59/><G116/><T21/><D8/><AGARI ba="0,1" hai="8,12,19,23,26,31,42,45,48,100,103" m="49738" machi="8" ten="30,1000,0" yaku="19,1" doraHai="32" who="1" fromWho="0" sc="201,-10,342,20,237,0,210,0" owari="191,-30.9,362,46.2,237,3.7,210,-19.0" /></mjloggm>