<mjloggm ver="2.3"><GO type="225" lobby="0"/><UN n0="%E7%8C%AA%E7%8B%A9%E5%AE%88" n1="%E5%AF%82%E5%AF%9E%E3%82%AE%E3%83%8D%E3%82%B9%E3%83%93%E3%83%BC%E3%83%AB" n2="%E3%83%AD%E3%83%83%E3%83%86%E9%9B%80%E7%90%83" n3="%E6%98%93%E5%88%A9%E8%96%A9%E4%BC%AF" dan="17,16,17,16" rate="2140.18,2142.95,2242.17,2125.50" sx="M,M,M,F"/><TAIKYOKU oya="0"/><INIT seed="0,0,0,2,4,134" ten="250,250,250,250" oya="0" hai0="89,98,97,80,118,18,73,52,16,34,111,127,57" hai1="6,50,92,23,81,123,7,33,106,110,100,55,62" hai2="8,67,75,91,70,30,2,113,59,116,58,21,25" hai3="126,42,19,22,45,1,51,128,60,49,72,66,78"/><T43/><D118/><U120/><E106/><V82/><F113/><W31/><G1/><T17/><D34/><U93/><E33/><V68/><F116/><W95/><G128/><T117/><D117/><U56/><E110/><V77/><F91/><W125/><G31/><T104/><D111/><U64/><E123/><V54/><F67/><W119/><G119/><T28/><D127/><N who="3" m="48649" /><G95/><T107/><D28/><U130/><E130/><V90/><F90/><W135/><G135/><T5/><D5/><U41/><E120/><V84/><F75/><W61/><G49/><N who="0" m="30863" /><D73/><U46/><E81/><V24/><F82/><N who="3" m="45383" /><G66/><T4/><D4/><U87/><E92/><V36/><F30/><W86/><G86/><N who="0" m="50375" /><D107/><U32/><E32/><V35/><F35/><W96/><G96/><N who="0" m="36971" /><D104/><U63/><E87/><V27/><F84/><W40/><G40/><AGARI ba="0,0" hai="16,17,18,40,43" m="36971,50375,30863" machi="40" ten="30,5800,0" yaku="8,1,54,2" doraHai="134" who="0" fromWho="3" sc="250,58,250,0,250,0,250,-58" /><INIT seed="0,1,0,4,1,85" ten="308,250,250,192" oya="0" hai0="62,55,21,56,61,109,112,134,48,47,81,7,110" hai1="60,42,120,64,133,50,30,51,74,108,53,98,91" hai2="117,77,70,12,54,105,59,89,4,72,35,93,44" hai3="18,106,39,103,14,28,24,101,82,36,125,104,27"/><T34/><D112/><U83/><E120/><V66/><F105/><W102/><G125/><T78/><D34/><U45/><E108/><N who="0" m="41577" /><D7/><U94/><E133/><V13/><F44/><W46/><G82/><T25/><D134/><U32/><E32/><V122/><F66/><W131/><G131/><T116/><D116/><U0/><E30/><V22/><F70/><W31/><G46/><T6/><D6/><U33/><E0/><V84/><F122/><W124/><G124/><T17/><D56/><U130/><E130/><V23/><F35/><W2/><G14/><T96/><D96/><U63/><E64/><V65/><F65/><W88/><G18/><T76/><D76/><U16/><E33/><V99/><F13/><W37/><G88/><T5/><D5/><U9/><E83/><N who="2" m="47215" /><F117/><W113/><G113/><T92/><D81/><U126/><E126/><V26/><F72/><W79/><G79/><T118/><D78/><U97/><E97/><V38/><F38/><W90/><G90/><T69/><D118/><U29/><E74/><V67/><F67/><W114/><G114/><T10/><D69/><U128/><E128/><V40/><F26/><N who="3" m="9771" /><G2/><T8/><D8/><U11/><E11/><N who="2" m="4199" /><F40/><W119/><G119/><T135/><D10/><U43/><E9/><V111/><F111/><W3/><G3/><T107/><D135/><U73/><E73/><V57/><F57/><W100/><N who="3" m="25600" /><DORA hai="132" /><W1/><G1/><T127/><D127/><U87/><E45/><V95/><F95/><W121/><G121/><T115/><D92/><U52/><E94/><V75/><F75/><RYUUKYOKU ba="1,0" sc="308,-15,250,-15,250,15,192,15" hai2="22,23,54,59,89,93,99" hai3="28,31,36,37,39,104,106" /><INIT seed="1,2,0,2,2,50" ten="293,235,265,207" oya="1" hai0="12,101,106,10,108,32,34,56,58,96,2,23,114" hai1="28,84,120,112,83,78,69,30,19,109,66,127,27" hai2="135,21,29,47,37,82,16,5,71,77,15,111,121" hai3="7,126,6,46,48,55,133,85,73,25,18,53,39"/><U64/><E112/><V99/><F121/><W59/><G73/><T65/><D114/><U118/><E118/><V98/><F71/><W91/><G39/><T60/><D108/><U62/><E120/><V116/><F116/><W88/><G126/><T41/><D41/><U115/><E115/><V61/><F111/><W74/><G74/><T128/><D128/><U132/><E127/><V86/><F135/><W117/><G133/><T14/><D2/><U57/><E132/><V129/><F129/><W40/><G117/><T20/><D20/><N who="1" m="13727" /><E69/><V105/><F29/><N who="1" m="11369" /><E109/><V113/><F113/><W103/><G103/><T31/><D58/><U11/><E11/><V123/><F123/><W134/><G134/><T49/><D14/><U52/><AGARI ba="2,0" hai="52,57,62,64,66,78,83,84" m="11369,13727" machi="52" ten="30,6000,0" yaku="8,1,52,1,54,1" doraHai="50" who="1" fromWho="1" sc="293,-22,235,66,265,-22,207,-22" /><INIT seed="1,3,0,5,4,85" ten="271,301,243,185" oya="1" hai0="93,119,53,91,104,97,106,129,83,44,124,27,5" hai1="117,92,14,127,80,61,46,66,132,55,48,77,105" hai2="17,21,76,125,16,47,88,33,115,116,54,90,134" hai3="112,18,73,111,95,135,107,110,13,113,7,36,12"/><U52/><E117/><V72/><F116/><W50/><G36/><T78/><D124/><U1/><E1/><V39/><F33/><W123/><G107/><T0/><D129/><U42/><E105/><V38/><F125/><W30/><G73/><T130/><D130/><U51/><E127/><V41/><F39/><W2/><G50/><T126/><D119/><U8/><E132/><V99/><F134/><W19/><G135/><T96/><D96/><U121/><E121/><V70/><F70/><W23/><G123/><T101/><D44/><U56/><E92/><V69/><F69/><W63/><G63/><T28/><D53/><U94/><E94/><V98/><F115/><W67/><G67/><T60/><D60/><U64/><E80/><V20/><F54/><W31/><G95/><T84/><D126/><U74/><E77/><V87/><F72/><W114/><G7/><T9/><REACH who="0" step="1"/><D78/><REACH who="0" ten="261,301,243,185" step="2"/><U65/><E74/><V79/><F47/><W122/><G122/><T57/><D57/><N who="1" m="32903" /><E42/><V75/><F41/><W24/><G114/><T6/><D6/><AGARI ba="3,1" hai="6,8,14,46,51,55,56,61,64,65,66" m="32903" machi="6" ten="30,2900,0" yaku="8,1,54,1" doraHai="85" who="1" fromWho="0" sc="261,-38,301,48,243,0,185,0" /><INIT seed="1,4,0,4,3,46" ten="223,349,243,185" oya="1" hai0="70,61,86,60,37,107,131,49,30,116,78,53,56" hai1="12,5,104,32,82,57,88,19,126,50,75,43,22" hai2="98,8,59,89,65,62,118,39,96,29,3,73,55" hai3="119,41,17,58,28,72,77,109,99,51,108,100,48"/><U97/><E32/><V129/><F118/><W54/><G28/><T45/><D107/><U113/><E113/><V102/><F129/><W76/><G119/><T52/><D116/><U2/><E126/><V18/><F39/><W132/><G132/><T68/><D78/><U90/><E75/><V115/><F73/><W114/><G114/><T121/><D86/><N who="1" m="50263" /><E2/><V31/><F115/><W74/><G17/><T103/><D103/><U85/><E104/><V106/><F89/><W83/><G76/><T15/><D30/><U130/><E97/><V38/><F98/><W27/><G27/><T34/><D15/><U125/><E125/><V105/><F38/><W95/><G74/><T47/><D34/><U120/><E120/><V35/><F35/><W14/><G14/><T66/><D121/><U10/><E130/><V69/><F106/><W134/><G134/><T123/><D123/><U16/><E22/><V81/><F81/><W87/><G72/><T23/><D23/><U128/><E128/><V26/><F3/><W33/><G33/><T7/><D7/><U0/><E0/><V79/><F79/><W44/><AGARI ba="4,0" hai="41,44,48,51,54,58,77,83,87,95,99,100,108,109" machi="44" ten="30,4000,0" yaku="0,1,52,2" doraHai="46" who="3" fromWho="3" sc="223,-14,349,-24,243,-14,185,52" /><INIT seed="2,0,0,0,2,118" ten="209,325,229,237" oya="2" hai0="28,133,18,112,119,53,3,36,45,107,52,106,44" hai1="64,91,88,14,83,95,114,131,96,104,10,84,92" hai2="128,116,31,77,132,4,129,94,27,38,12,40,57" hai3="130,75,32,72,65,89,56,85,73,21,33,90,13"/><V0/><F116/><W76/><G76/><T81/><D112/><U110/><E114/><V80/><F132/><W35/><G130/><N who="2" m="50281" /><F0/><W93/><G65/><T103/><D119/><U127/><E131/><V97/><F57/><W117/><G117/><T109/><D3/><U61/><E110/><V7/><F40/><W124/><G124/><T101/><D28/><U102/><E127/><V22/><F12/><W37/><G37/><T9/><D18/><U87/><E14/><V16/><F31/><W111/><G56/><T78/><D9/><U55/><E10/><V25/><F25/><W30/><G111/><T24/><D24/><U11/><E11/><V19/><F19/><W23/><G23/><T48/><D109/><U115/><E55/><V5/><F38/><W20/><G30/><T100/><D133/><U82/><E115/><V43/><F43/><W58/><G58/><AGARI ba="0,0" hai="58,61,64,82,83,84,87,88,91,92,95,96,102,104" machi="58" ten="30,3900,0" yaku="7,1,9,1,54,1" doraHai="118" who="1" fromWho="3" sc="209,0,325,39,229,0,237,-39" /><INIT seed="3,0,0,0,2,36" ten="209,364,229,198" oya="3" hai0="22,133,37,132,6,39,58,77,116,85,26,60,54" hai1="131,42,99,23,35,50,57,10,112,31,9,53,64" hai2="20,59,90,105,15,62,69,124,113,27,120,76,102" hai3="91,121,56,49,0,61,87,33,80,65,86,109,73"/><W72/><G121/><T84/><D6/><U28/><E35/><V71/><F113/><W1/><G33/><T70/><D116/><U81/><E112/><V32/><F76/><W24/><G109/><T101/><D101/><U2/><E2/><V4/><F32/><W17/><G73/><T110/><D110/><U3/><E3/><V135/><F90/><W106/><G106/><T114/><D114/><U29/><E131/><V88/><F88/><W134/><G72/><T44/><D70/><U12/><E64/><V21/><F21/><W115/><G115/><T47/><D39/><U92/><E81/><V41/><F41/><W38/><G38/><T68/><D68/><U14/><E42/><V48/><F48/><W103/><G103/><T98/><D98/><U123/><E123/><V74/><F74/><W67/><G67/><T129/><D37/><U119/><E119/><V93/><F124/><W18/><G134/><N who="0" m="51819" /><D129/><U8/><E23/><V75/><F105/><W45/><G87/><N who="0" m="33355" /><D77/><U100/><AGARI ba="0,0" hai="8,9,10,12,14,28,29,31,50,53,57,92,99,100" machi="100" ten="30,2000,0" yaku="0,1,8,1" doraHai="36" who="1" fromWho="1" sc="209,-5,364,20,229,-5,198,-10" owari="204,-19.6,384,48.4,224,2.4,188,-31.2" /></mjloggm>