<mjloggm ver="2.3"><GO type="225" lobby="0"/><UN n0="%E5%8D%A0%E3%81%84%E5%B8%AB%E8%A3%8F%E3%81%AA%E3%81%84%E3%81%97" n1="%E3%83%9D%E3%82%B1%E3%83%83%E3%83%88" n2="%E3%83%8F%E3%83%B3%E3%83%89%E3%83%A9%E3%83%BC%E3%83%BB%E3%83%AF%E3%83%B3" n3="%E3%81%99%E3%81%84%E3%81%BE%E3%81%9B%E3%83%BC%E3%82%93" dan="17,16,17,18" rate="2183.37,2123.76,2170.03,2182.47" sx="M,M,M,M"/><TAIKYOKU oya="0"/><INIT seed="0,0,0,4,2,100" ten="250,250,250,250" oya="0" hai0="62,9,47,93,87,48,17,110,58,1,107,105,29" hai1="88,135,43,42,114,0,61,133,103,52,71,53,92" hai2="63,50,129,5,83,104,115,2,7,134,65,70,59" hai3="49,37,30,54,91,102,40,120,112,94,78,10,46"/><T123/><D123/><U69/><E0/><V72/><F115/><W35/><G112/><T56/><D29/><U101/><E114/><V76/><F129/><W131/><G120/><T106/><D110/><U85/><E101/><V73/><F134/><N who="1" m="51209" /><E103/><V12/><F2/><W121/><G131/><T113/><D113/><U127/><E127/><V84/><F104/><W95/><G78/><T66/><D93/><U130/><E130/><V19/><F70/><N who="1" m="26633" /><E61/><V132/><F132/><W38/><G102/><T34/><D34/><U86/><E86/><V74/><REACH who="2" step="1"/><F50/><REACH who="2" ten="250,250,240,250" step="2"/><W90/><G49/><T22/><D56/><U23/><E23/><AGARI ba="0,1" hai="5,7,12,19,23,59,63,65,72,73,74,76,83,84" machi="23" ten="40,5200,0" yaku="1,1,2,1,53,1" doraHai="100" doraHaiUra="77" who="2" fromWho="1" sc="250,0,250,-52,240,62,250,0" /><INIT seed="1,0,0,3,1,43" ten="250,198,302,250" oya="1" hai0="34,48,30,16,23,27,79,126,74,58,107,14,3" hai1="37,63,80,1,105,78,35,132,104,26,99,10,110" hai2="108,6,128,90,66,67,81,21,88,100,28,36,2" hai3="89,18,68,61,124,120,20,117,11,134,38,116,13"/><U102/><E132/><V113/><F36/><W55/><G120/><T5/><D107/><U114/><E114/><V56/><F113/><W17/><G134/><T57/><D126/><U77/><E105/><V0/><F108/><W82/><G124/><T40/><D79/><U51/><E37/><V72/><F128/><W109/><G38/><T122/><D74/><U133/><E133/><V103/><F72/><W115/><G115/><T71/><D71/><U129/><E129/><V32/><F32/><W76/><G89/><T33/><D33/><U70/><E110/><V19/><F28/><W9/><G109/><T98/><D98/><U95/><E95/><V135/><F135/><W15/><G20/><T86/><D86/><U96/><E96/><V106/><F106/><W84/><REACH who="3" step="1"/><G55/><REACH who="3" ten="250,198,302,240" step="2"/><T127/><D127/><U112/><E112/><V24/><F90/><W42/><G42/><T53/><D40/><U119/><E35/><V85/><F103/><W8/><G8/><N who="0" m="2111" /><D122/><U123/><E123/><V54/><F100/><W101/><G101/><T94/><D94/><U25/><E104/><V64/><REACH who="2" step="1"/><F6/><REACH who="2" ten="250,198,292,240" step="2"/><W62/><G62/><AGARI ba="0,2" hai="0,2,19,21,24,54,56,62,64,66,67,81,85,88" machi="62" ten="40,5200,0" yaku="1,1,2,1,54,1,53,0" doraHai="43" doraHaiUra="46" who="2" fromWho="3" sc="250,0,198,0,292,72,240,-52" /><INIT seed="2,0,0,2,3,3" ten="250,198,364,188" oya="2" hai0="67,51,103,2,133,113,47,134,114,48,109,36,96" hai1="31,116,73,129,62,0,78,14,86,120,79,55,12" hai2="125,72,68,56,107,115,10,131,77,126,119,13,91" hai3="122,64,45,7,82,61,95,88,111,22,1,127,32"/><V80/><F115/><W70/><G122/><T39/><D2/><U26/><E116/><V6/><F119/><W29/><G32/><T135/><D109/><U84/><E0/><V44/><F68/><W124/><G111/><T23/><D23/><U33/><E120/><V74/><F107/><W52/><G82/><T16/><D16/><U21/><E129/><V30/><F131/><W41/><G29/><T75/><D75/><U11/><E33/><V102/><F102/><W40/><G22/><T104/><D67/><U24/><E24/><V53/><F30/><W97/><G52/><N who="0" m="29727" /><D51/><U130/><E73/><V100/><F100/><W108/><G108/><T66/><D66/><U20/><E20/><V35/><F35/><W42/><REACH who="3" step="1"/><G45/><REACH who="3" ten="250,198,364,178" step="2"/><T49/><D113/><U76/><E130/><V99/><F44/><W110/><G110/><T19/><D114/><U50/><E62/><V93/><F74/><W25/><G25/><T101/><D134/><U43/><E55/><V9/><F53/><W87/><G87/><N who="1" m="33322" /><E11/><AGARI ba="0,1" hai="1,7,11,40,41,42,61,64,70,88,95,97,124,127" machi="11" ten="40,5200,0" yaku="1,1,52,1,54,1,53,0" doraHai="3" doraHaiUra="128" who="3" fromWho="1" sc="250,0,198,-52,364,0,178,62" /><INIT seed="3,0,0,2,5,82" ten="250,146,364,240" oya="3" hai0="135,100,130,107,115,18,73,91,12,6,58,69,53" hai1="127,60,71,74,55,114,11,56,2,14,118,3,49" hai2="19,20,48,29,132,17,104,50,45,134,131,95,54" hai3="93,84,44,103,30,27,124,57,4,51,21,62,37"/><W120/><G120/><T33/><D33/><U105/><E74/><V5/><F104/><W123/><G123/><T59/><D69/><U25/><E114/><V90/><F131/><W119/><G119/><T26/><D130/><U40/><E105/><V86/><F5/><W117/><G117/><T68/><D68/><U98/><E118/><V80/><F80/><W28/><G37/><T133/><D73/><U46/><E127/><V99/><F99/><W101/><G4/><T36/><D36/><U110/><E110/><V42/><F29/><W65/><G30/><T112/><D26/><U66/><E98/><V125/><F125/><W72/><G72/><T121/><D121/><U38/><REACH who="1" step="1"/><E25/><REACH who="1" ten="250,136,364,240" step="2"/><V96/><F96/><W102/><G124/><T16/><D107/><U75/><E75/><V35/><F134/><W8/><G103/><T94/><D100/><U108/><E108/><V34/><F132/><W92/><G102/><T41/><D115/><U61/><E61/><V31/><F35/><W97/><G101/><T0/><D112/><U111/><E111/><V122/><F34/><W79/><G97/><T63/><D63/><U52/><E52/><V87/><F122/><W85/><G62/><T106/><D53/><U116/><E116/><V23/><F54/><W7/><G27/><T83/><D106/><U22/><E22/><V76/><F20/><W10/><G21/><T43/><D135/><U32/><E32/><V9/><F23/><W109/><G109/><T13/><D133/><U24/><E24/><V39/><F31/><W1/><G28/><T77/><D43/><RYUUKYOKU ba="0,1" sc="250,-10,136,30,364,-10,240,-10" hai1="2,3,11,14,38,40,46,49,55,56,60,66,71" owari="240,4.0,166,-33.4,364,46.4,230,-17.0" /></mjloggm>