<mjloggm ver="2.3"><GO type="225" lobby="0"/><UN n0="%E5%AE%AE%E4%BF%9D%E9%B6%8F%E8%82%89" n1="%E3%83%A9%E3%83%BC%E3%83%A1%E3%83%B3%E4%BA%94%E9%83%8E" n2="%E3%81%82%E3%82%86%E3%81%AE%E9%A2%A8" n3="%6B%79%6F%6E%6B%6F%31%31" dan="16,16,16,16" rate="2128.96,2122.97,2104.06,2143.83" sx="M,M,M,M"/><TAIKYOKU oya="0"/><INIT seed="0,0,0,1,2,45" ten="250,250,250,250" oya="0" hai0="1,38,40,33,10,130,134,105,71,36,57,41,104" hai1="68,75,21,47,26,128,124,131,114,129,64,60,101" hai2="99,127,23,73,35,24,125,91,65,8,93,72,32" hai3="55,43,50,87,97,16,118,42,27,17,83,31,84"/><T34/><D57/><U7/><E75/><N who="2" m="28747" /><F8/><W94/><G118/><T25/><D134/><U108/><E108/><V46/><F65/><W15/><G97/><T5/><D130/><U67/><E124/><N who="2" m="47691" /><F46/><N who="3" m="28119" /><G94/><T102/><D41/><U13/><E114/><V22/><F22/><N who="3" m="15863" /><G17/><AGARI ba="0,0" hai="17,23,24,32,35,91,93,99" m="47691,28747" machi="17" ten="30,1000,0" yaku="18,1" doraHai="45" who="2" fromWho="3" sc="250,0,250,0,250,10,250,-10" /><INIT seed="1,0,0,1,5,102" ten="250,250,260,240" oya="1" hai0="63,57,49,88,55,126,41,24,15,85,91,60,39" hai1="103,132,116,26,68,14,44,119,115,0,73,71,109" hai2="75,89,125,53,123,133,79,9,38,127,112,69,25" hai3="56,33,122,20,86,18,29,97,81,23,30,8,22"/><U43/><E115/><V66/><F123/><W59/><G122/><T47/><D126/><N who="2" m="48138" /><F89/><W74/><G74/><T35/><D91/><U67/><E0/><V45/><F133/><W95/><G33/><T64/><D15/><U46/><E73/><V128/><F25/><W92/><G8/><T124/><D124/><U99/><E132/><V34/><F34/><W108/><G18/><T77/><D77/><U100/><E109/><V10/><F128/><W16/><G108/><T134/><D134/><U98/><E14/><V2/><F112/><W13/><G23/><T65/><D63/><U131/><E26/><V78/><F53/><W113/><G113/><T36/><D36/><U104/><E131/><V12/><F2/><W5/><G5/><T7/><D7/><U87/><E87/><V51/><F38/><W114/><G114/><T117/><D117/><U121/><E121/><V110/><F110/><W62/><G20/><T106/><D106/><U76/><E76/><N who="2" m="29227" /><F75/><W84/><G81/><T3/><D39/><U83/><E83/><V40/><F12/><W27/><G84/><T48/><D3/><U111/><E111/><V6/><F6/><W93/><G86/><T96/><D60/><AGARI ba="0,0" hai="9,10,40,45,51,60,66,69" m="29227,48138" machi="60" ten="30,1000,0" yaku="18,1" doraHai="102" who="2" fromWho="0" sc="250,-10,250,0,260,10,240,0" /><INIT seed="2,0,0,2,0,118" ten="240,250,270,240" oya="2" hai0="16,56,97,96,61,82,64,75,62,72,14,65,43" hai1="111,76,15,19,63,70,93,41,69,95,120,81,88" hai2="18,92,114,103,24,40,115,39,57,117,90,26,48" hai3="100,60,119,104,86,68,23,73,113,27,37,126,45"/><V98/><F117/><W21/><G119/><T1/><D1/><U7/><E111/><V28/><F39/><W0/><G126/><T35/><D35/><U112/><E112/><V38/><F38/><W29/><G113/><T44/><D75/><U25/><E41/><V55/><F40/><W99/><G0/><T77/><D44/><U53/><E7/><V54/><F114/><W78/><G73/><T125/><D43/><U58/><E25/><V71/><F71/><W105/><G104/><T130/><D130/><U122/><E69/><V32/><F115/><W127/><G45/><T34/><D34/><U17/><E70/><V89/><REACH who="2" step="1"/><F55/><REACH who="2" ten="240,250,260,240" step="2"/><W47/><G37/><T20/><D125/><U132/><E53/><V116/><F116/><W107/><G127/><T134/><D134/><U11/><E132/><V91/><F91/><W59/><G68/><AGARI ba="0,1" hai="14,16,20,56,61,62,64,65,68,72,77,82,96,97" machi="68" ten="30,2000,0" yaku="7,1,54,1" doraHai="118" who="0" fromWho="3" sc="240,30,250,0,260,0,240,-20" /><INIT seed="3,0,0,4,3,33" ten="270,250,260,220" oya="3" hai0="78,73,65,102,22,36,74,135,81,118,55,128,29" hai1="23,46,122,12,2,5,76,30,84,113,43,105,108" hai2="119,130,64,123,100,6,11,134,91,62,38,41,124" hai3="26,3,95,50,59,120,94,110,104,107,114,51,57"/><W16/><G114/><T127/><D118/><U83/><E122/><V54/><F119/><W35/><G35/><T79/><D36/><U101/><E113/><V116/><F116/><W103/><G120/><T92/><D65/><U9/><E108/><V45/><F123/><W133/><G110/><T34/><D34/><U15/><E105/><V48/><F130/><W21/><G133/><T69/><D69/><U80/><E101/><V8/><F124/><W49/><G3/><T99/><D55/><U67/><E67/><V0/><F134/><W115/><G115/><T56/><D56/><U4/><E4/><V61/><F100/><W32/><G32/><T68/><D22/><U28/><E83/><V13/><F91/><W87/><G107/><N who="0" m="63967" /><D29/><U14/><REACH who="1" step="1"/><E23/><REACH who="1" ten="270,240,260,220" step="2"/><V63/><F64/><W126/><G126/><T82/><D82/><U25/><E25/><V47/><F62/><W19/><G104/><T106/><D81/><U72/><E72/><V77/><F77/><W37/><G103/><T132/><D79/><U1/><E1/><V88/><F88/><N who="3" m="53535" /><G95/><T60/><D92/><U24/><E24/><V70/><F70/><W111/><G111/><T40/><D68/><U89/><E89/><V93/><F93/><W112/><G112/><T117/><D135/><U42/><E42/><V58/><F41/><W71/><G71/><T52/><D40/><U66/><E66/><V131/><F131/><W75/><G75/><N who="0" m="28683" /><D128/><U121/><E121/><V44/><F38/><AGARI ba="0,1" hai="2,5,9,12,14,15,28,30,38,43,46,76,80,84" machi="38" ten="40,2600,0" yaku="1,1,52,1,53,0" doraHai="33" doraHaiUra="17" who="1" fromWho="2" sc="270,0,240,36,260,-26,220,0" /><INIT seed="4,0,0,2,5,16" ten="270,276,234,220" oya="0" hai0="23,30,37,47,33,75,113,66,82,128,22,1,25" hai1="91,10,60,132,28,3,97,133,42,18,87,129,88" hai2="122,84,105,78,27,62,40,59,61,117,115,111,131" hai3="118,43,19,95,125,114,39,134,31,53,81,74,34"/><T9/><D113/><U24/><E129/><V106/><F122/><W55/><G118/><T26/><D66/><U73/><E73/><V71/><F111/><W99/><G114/><T65/><D65/><U101/><E42/><V130/><F115/><W58/><G125/><T90/><D128/><N who="2" m="49194" /><F117/><W100/><G134/><N who="1" m="51818" /><E60/><V92/><F40/><W69/><G69/><T11/><D90/><U96/><E87/><V79/><F27/><W89/><G31/><T13/><D26/><U86/><E86/><V110/><F110/><W48/><G34/><T123/><D9/><U83/><E83/><V0/><F0/><W124/><G124/><T56/><D56/><U36/><E36/><V57/><F71/><W104/><G53/><T29/><D29/><U52/><E52/><N who="2" m="33959" /><F92/><W46/><G74/><T67/><D1/><U108/><E108/><V14/><F14/><W38/><G81/><T126/><D13/><N who="1" m="7479" /><E3/><V94/><F79/><W54/><G54/><T85/><D126/><U77/><E77/><V51/><F78/><W127/><G127/><T17/><D75/><U102/><E24/><V2/><F2/><W80/><G80/><T107/><D82/><U63/><E63/><V68/><F68/><W50/><REACH who="3" step="1"/><G19/><REACH who="3" ten="270,276,234,210" step="2"/><T20/><D17/><U45/><E28/><V70/><F70/><W7/><G7/><T121/><D30/><U44/><E44/><V21/><F59/><W103/><G103/><T15/><D47/><U76/><E45/><V98/><F62/><W35/><G35/><T119/><D33/><U5/><E5/><V120/><F120/><N who="0" m="46154" /><D119/><U116/><E116/><RYUUKYOKU ba="0,1" sc="270,-10,276,-10,234,-10,210,30" hai3="38,39,43,46,48,50,55,58,89,95,99,100,104" /><INIT seed="5,1,1,5,3,125" ten="260,266,224,240" oya="1" hai0="77,63,79,25,103,71,7,15,88,6,40,104,98" hai1="100,90,35,26,69,110,1,56,11,74,0,85,115" hai2="111,81,2,102,42,64,10,108,83,86,113,52,122" hai3="101,133,59,70,5,134,39,73,58,29,130,13,47"/><U21/><E69/><V9/><F122/><W96/><G70/><T84/><D40/><U118/><E118/><V129/><F42/><N who="3" m="23007" /><G73/><T34/><D79/><U105/><E74/><V14/><F64/><W55/><G29/><N who="0" m="19759" /><D15/><U112/><E35/><V132/><F102/><W93/><G55/><T17/><D17/><N who="1" m="12591" /><E110/><V126/><F2/><W37/><G37/><T22/><D22/><U18/><E56/><V123/><F123/><W78/><G78/><T76/><D76/><U87/><E100/><V124/><F14/><W16/><G130/><T128/><D128/><U27/><E105/><V62/><F129/><W114/><G5/><T3/><D77/><U89/><E0/><V44/><F44/><W65/><G65/><N who="0" m="41407" /><D3/><U43/><E1/><V19/><F19/><W60/><G60/><T24/><D24/><U53/><E43/><V31/><F62/><W23/><G114/><N who="1" m="43562" /><E53/><V94/><F52/><W95/><G95/><AGARI ba="1,1" hai="6,7,84,88,95,98,103,104" m="41407,19759" machi="95" ten="30,2000,0" yaku="25,1,54,1" doraHai="125" who="0" fromWho="3" sc="260,33,266,0,224,0,240,-23" /><INIT seed="6,0,0,4,5,96" ten="293,266,224,217" oya="2" hai0="110,87,43,10,40,92,16,22,128,90,68,0,7" hai1="75,28,15,114,122,5,99,48,30,135,23,45,79" hai2="39,42,70,89,31,131,4,116,34,20,133,95,1" hai3="125,107,66,29,71,132,41,123,46,11,36,112,13"/><V100/><F116/><W47/><G123/><T59/><D110/><U61/><E122/><V80/><F70/><W50/><G107/><T73/><D68/><U2/><E114/><V62/><F34/><W97/><G112/><T120/><D73/><U72/><E2/><V9/><F133/><W81/><G132/><T21/><D128/><U26/><E135/><V77/><F62/><W74/><G29/><T124/><D124/><U37/><E37/><V55/><F55/><W6/><G125/><T27/><D120/><U108/><E108/><V103/><F131/><W69/><G66/><T76/><D76/><U64/><E30/><V126/><F126/><W44/><G44/><T58/><D22/><U49/><E79/><V130/><F130/><W8/><G97/><T115/><D115/><U19/><E5/><V111/><F20/><W82/><G74/><T118/><D118/><U32/><E99/><N who="2" m="57839" /><F31/><W57/><G57/><T119/><D119/><U38/><E38/><V88/><F88/><W127/><G127/><T35/><D35/><U86/><E86/><V3/><F3/><W12/><G71/><T33/><D33/><U14/><E32/><V53/><F53/><W18/><REACH who="3" step="1"/><G69/><REACH who="3" ten="293,266,224,207" step="2"/><T98/><D98/><U25/><E75/><N who="2" m="43071" /><F111/><W93/><G93/><T83/><D92/><U129/><E129/><V121/><F121/><W104/><G104/><T94/><D94/><U117/><E64/><V102/><F102/><W24/><G24/><T51/><D59/><U67/><E26/><V54/><F54/><AGARI ba="0,1" hai="6,8,11,12,13,18,36,41,46,47,50,54,81,82" machi="54" ten="30,2000,0" yaku="1,1,7,1,53,0" doraHai="96" doraHaiUra="85" who="3" fromWho="2" sc="293,0,266,0,224,-20,207,30" /><INIT seed="7,0,0,2,1,91" ten="293,266,204,237" oya="3" hai0="36,129,124,89,95,119,59,53,132,62,134,67,32" hai1="108,109,80,18,104,66,13,106,128,39,74,58,26" hai2="126,110,11,123,20,72,3,99,68,63,114,96,9" hai3="54,70,50,1,102,93,101,15,43,28,125,127,133"/><W41/><G70/><T16/><D32/><U100/><E39/><V116/><F110/><W7/><G1/><T82/><D36/><U135/><E26/><V33/><F116/><W52/><G133/><N who="0" m="51307" /><D119/><U10/><E135/><V81/><F33/><W103/><G28/><T87/><D124/><N who="3" m="47689" /><G54/><T14/><D129/><U75/><E128/><V35/><F99/><N who="3" m="59631" /><G15/><T23/><D82/><U115/><E66/><AGARI ba="0,0" hai="14,16,23,53,59,62,66,67,87,89,95" m="51307" machi="66" ten="30,3900,0" yaku="20,1,52,1,54,1" doraHai="91" who="0" fromWho="1" sc="293,39,266,-39,204,0,237,0" owari="332,43.2,227,-17.3,204,-29.6,237,3.7" /></mjloggm>