<mjloggm ver="2.3"><GO type="225" lobby="0"/><UN n0="%E3%81%A0%E3%81%8A" n1="%E5%B0%8F%E9%B3%A5%E9%81%8A%E7%B7%B4%E7%84%A1%32%31%E6%AD%B3" n2="%77%72%77%72%77%72%77%72" n3="%E3%81%BF%E3%81%BF%E3%81%9A" dan="16,16,16,16" rate="2049.11,2167.65,2170.15,2160.85" sx="M,F,M,M"/><TAIKYOKU oya="0"/><INIT seed="0,0,0,2,4,67" ten="250,250,250,250" oya="0" hai0="111,18,114,55,50,122,39,119,124,109,10,25,84" hai1="31,27,37,44,74,86,60,104,89,57,92,56,30" hai2="32,48,23,79,35,33,107,101,13,1,128,77,115" hai3="75,78,83,76,52,90,8,85,14,100,49,70,112"/><T28/><D39/><U17/><E74/><V46/><F115/><W40/><G112/><T68/><D114/><U62/><E104/><V88/><F1/><W118/><G118/><T110/><D119/><U9/><E37/><V87/><F128/><W47/><G100/><T21/><D122/><U113/><E44/><V16/><F101/><W43/><G70/><T132/><D124/><U116/><E116/><V98/><F98/><W91/><G90/><T36/><D36/><U65/><E113/><V133/><F107/><W108/><G108/><T20/><D132/><U134/><E134/><V2/><F2/><W38/><G75/><T3/><D68/><U120/><E120/><V94/><REACH who="2" step="1"/><F133/><REACH who="2" ten="250,250,240,250" step="2"/><W26/><G26/><T117/><D3/><U59/><E27/><V129/><F129/><W19/><REACH who="3" step="1"/><G43/><AGARI ba="0,1" hai="13,16,23,32,33,35,43,46,48,77,79,87,88,94" machi="43" ten="40,5200,0" yaku="1,1,54,2,53,0" doraHai="67" doraHaiUra="4" who="2" fromWho="3" sc="250,0,250,0,240,62,250,-52" /><INIT seed="1,0,0,1,2,25" ten="250,250,302,198" oya="1" hai0="104,34,20,122,89,101,68,112,52,47,14,15,23" hai1="6,113,61,33,57,71,59,118,29,69,83,16,64" hai2="8,127,87,75,78,46,9,85,95,24,94,37,115" hai3="22,2,10,50,76,81,21,124,129,13,53,74,86"/><U19/><E118/><V60/><F127/><W123/><G123/><T66/><D34/><U41/><E113/><V109/><F115/><W91/><G124/><T17/><D112/><U63/><E6/><V67/><F109/><W36/><G36/><T126/><D126/><U1/><E41/><V40/><F75/><W77/><G2/><T84/><D122/><U114/><E1/><V82/><F24/><W44/><G129/><T98/><D66/><U103/><E83/><V0/><F87/><W45/><G45/><T99/><D99/><U26/><E103/><V28/><F28/><W35/><G35/><T128/><D68/><U134/><E134/><V132/><F132/><W135/><G135/><T38/><D128/><U100/><E100/><V102/><F102/><W49/><G49/><T12/><D20/><U39/><E39/><V108/><F108/><W3/><G3/><T107/><D104/><U4/><E4/><V130/><F130/><W56/><G56/><T43/><REACH who="0" step="1"/><D52/><REACH who="0" ten="240,250,302,198" step="2"/><U96/><E96/><V92/><REACH who="2" step="1"/><F0/><REACH who="2" ten="240,250,292,198" step="2"/><W79/><REACH who="3" step="1"/><G74/><REACH who="3" ten="240,250,292,188" step="2"/><T31/><D31/><U125/><E125/><V65/><F65/><W42/><G42/><T97/><D97/><U90/><E114/><V70/><AGARI ba="0,3" hai="8,9,37,40,46,60,67,70,78,82,85,92,94,95" machi="70" ten="30,2000,0" yaku="1,1,0,1,53,0" doraHai="25" doraHaiUra="30" who="2" fromWho="2" sc="240,-5,250,-10,292,50,188,-5" /><INIT seed="2,0,0,4,0,41" ten="235,240,342,183" oya="2" hai0="102,130,119,55,127,56,65,109,115,28,53,90,29" hai1="108,67,19,89,3,110,61,121,135,129,72,52,100" hai2="123,122,36,120,113,124,18,79,111,54,70,20,34" hai3="95,63,103,101,35,66,114,24,59,92,93,62,6"/><V17/><F34/><W57/><G114/><T10/><D115/><U5/><E72/><V125/><F113/><W25/><G6/><T97/><D109/><N who="1" m="42091" /><E100/><V73/><F111/><W16/><G35/><T23/><D127/><N who="2" m="48714" /><F70/><W85/><G85/><T4/><D130/><U77/><E77/><V40/><F54/><W22/><REACH who="3" step="1"/><G24/><REACH who="3" ten="235,240,342,173" step="2"/><T82/><D4/><U11/><E5/><V50/><F123/><W49/><G49/><T30/><D28/><U48/><E121/><V133/><F50/><W26/><G26/><T45/><D29/><U104/><E129/><V33/><F33/><W81/><G81/><T46/><D30/><U27/><E27/><V86/><F122/><W51/><G51/><T42/><D82/><U117/><E48/><V91/><F86/><W99/><G99/><T60/><D45/><U71/><E3/><V38/><F120/><W87/><G87/><T2/><D46/><U88/><E117/><V21/><F73/><W107/><G107/><T84/><D119/><U83/><E104/><V31/><F31/><W32/><G32/><T1/><D84/><U98/><E83/><V14/><F79/><W78/><G78/><T75/><D75/><U128/><E98/><V8/><F36/><W12/><G12/><T47/><D1/><U43/><E128/><V64/><F14/><W134/><G134/><T69/><D2/><U126/><E135/><V39/><F38/><W37/><G37/><T80/><D42/><U58/><E43/><V74/><F40/><W0/><G0/><T132/><D80/><U13/><E126/><V105/><F133/><RYUUKYOKU ba="0,1" sc="235,-15,240,15,342,-15,173,15" hai1="11,13,19,52,58,61,67,71,88,89" hai3="16,22,25,57,59,62,63,66,92,93,95,101,103" /><INIT seed="3,1,1,2,0,17" ten="220,255,327,188" oya="3" hai0="75,118,104,11,126,64,5,134,79,6,59,27,84" hai1="51,18,12,117,65,19,69,26,49,4,25,30,56" hai2="114,44,128,90,125,66,21,48,92,99,43,116,28" hai3="131,41,8,2,135,73,22,36,88,91,63,113,54"/><W39/><G113/><T111/><D118/><U87/><E69/><V108/><F116/><W29/><G73/><T77/><D104/><U78/><E4/><V24/><F114/><W37/><G41/><T60/><D75/><U80/><E117/><V13/><F108/><W119/><G119/><T85/><D111/><U34/><E25/><V82/><F128/><W93/><G131/><T71/><D71/><U95/><E95/><V3/><F3/><W40/><G40/><T132/><D126/><U53/><E65/><V124/><F66/><W72/><G72/><T121/><D121/><U105/><E105/><V98/><F82/><W46/><G135/><N who="0" m="51755" /><D27/><U67/><E67/><V76/><F76/><N who="0" m="29258" /><D5/><U7/><E7/><V115/><F115/><W127/><G127/><T94/><D94/><U70/><E70/><V81/><F81/><W14/><G2/><AGARI ba="1,1" hai="2,6,11,59,60,64,84,85" m="29258,51755" machi="2" ten="30,1000,0" yaku="20,1" doraHai="17" who="0" fromWho="3" sc="220,23,255,0,327,0,188,-13" owari="243,-15.7,255,5.5,327,42.7,175,-32.5" /></mjloggm>