<mjloggm ver="2.3"><GO type="225" lobby="0"/><UN n0="%E3%80%93%E3%81%97%E3%83%BC%E3%82%89%E3%80%93" n1="%E7%89%B9%E6%9D%B1%E3%81%AF%E4%B8%96%E7%95%8C%E3%82%92%E6%95%91%E3%81%86" n2="%E3%83%81%E3%83%AF%E3%83%AF%E9%9A%8A%E9%95%B7" n3="%E3%81%AF%E3%82%88%E3%81%8A%E3%81%98%E3%81%95%E3%82%93" dan="16,16,16,17" rate="2178.06,2184.26,2182.05,2178.45" sx="M,M,M,M"/><TAIKYOKU oya="0"/><INIT seed="0,0,0,5,3,128" ten="250,250,250,250" oya="0" hai0="39,112,52,58,96,4,71,102,45,30,122,70,125" hai1="42,90,126,75,35,81,123,78,103,9,60,95,92" hai2="41,110,33,62,111,132,16,11,84,105,19,32,86" hai3="50,49,80,31,116,29,17,43,12,22,127,117,53"/><T135/><D122/><U63/><E123/><V26/><F105/><W94/><G127/><T18/><D112/><U114/><E126/><V82/><F41/><W23/><G116/><T67/><D125/><U55/><E114/><V56/><F84/><W68/><G68/><T108/><D30/><U89/><E35/><V109/><F132/><W72/><G117/><T118/><D4/><U47/><E103/><V83/><F83/><W91/><G72/><T131/><D118/><U15/><E95/><V34/><F11/><W98/><G80/><T2/><D2/><U36/><E55/><V88/><REACH who="2" step="1"/><F26/><REACH who="2" ten="250,250,240,250" step="2"/><W48/><G43/><N who="0" m="22783" /><D135/><U107/><E107/><V38/><F38/><W28/><REACH who="3" step="1"/><G22/><REACH who="3" ten="250,250,240,240" step="2"/><T10/><D131/><U133/><E133/><V79/><F79/><W99/><G99/><T93/><D96/><U37/><E78/><V54/><AGARI ba="0,2" hai="16,19,32,33,34,54,56,62,82,86,88,109,110,111" machi="54" ten="40,12000,2" yaku="1,1,0,1,14,1,54,2,53,1" doraHai="128" doraHaiUra="87" who="2" fromWho="2" sc="250,-60,250,-30,240,140,240,-30" /><INIT seed="1,0,0,1,3,73" ten="190,220,380,210" oya="1" hai0="111,130,57,102,53,116,86,47,36,50,89,90,37" hai1="15,101,38,83,105,75,29,133,0,99,66,129,107" hai2="30,135,104,35,46,4,131,95,117,40,109,121,24" hai3="49,80,62,113,85,48,1,84,118,60,25,65,22"/><U42/><E0/><V23/><F104/><W39/><G113/><T128/><D116/><U9/><E29/><V112/><F117/><W132/><G118/><T20/><D111/><U122/><E122/><V64/><F121/><W97/><G39/><T68/><D68/><U6/><E66/><V120/><F120/><W72/><G1/><T94/><D102/><U44/><E129/><N who="0" m="49769" /><D20/><U2/><E133/><V69/><F135/><W31/><G132/><T28/><D28/><U21/><E107/><V18/><F131/><W59/><G72/><T55/><D90/><U16/><E83/><V98/><F109/><W51/><G80/><T13/><D13/><U54/><REACH who="1" step="1"/><E75/><REACH who="1" ten="190,210,380,210" step="2"/><V74/><F74/><W110/><G110/><T92/><D92/><U123/><E123/><V77/><F95/><W114/><G114/><T17/><D17/><U27/><E27/><V126/><F24/><W127/><G22/><T5/><D5/><U78/><E78/><V67/><F77/><W88/><G25/><T100/><D100/><U63/><E63/><AGARI ba="0,1" hai="36,37,47,50,53,55,57,63,86,89,94" m="49769" machi="63" ten="30,1000,0" yaku="19,1" doraHai="73" who="0" fromWho="1" sc="190,20,210,-10,380,0,210,0" /><INIT seed="2,0,0,0,3,30" ten="210,200,380,210" oya="2" hai0="70,21,132,120,49,103,117,105,16,41,72,7,55" hai1="26,51,2,33,42,52,62,110,17,31,37,4,107" hai2="27,80,1,56,100,57,99,89,108,45,9,75,58" hai3="131,116,127,35,93,19,28,106,59,88,113,73,135"/><V87/><F108/><W12/><G116/><T104/><D72/><U128/><E107/><V134/><F134/><W101/><G73/><T8/><D70/><U94/><E110/><V90/><F75/><W18/><G135/><T97/><D132/><U77/><E128/><V22/><F45/><W65/><G131/><T119/><D41/><U118/><E118/><N who="0" m="45065" /><D120/><U74/><E62/><V129/><F129/><W124/><G113/><T47/><D105/><U82/><E42/><V71/><F71/><W53/><G65/><T6/><D8/><U96/><E37/><V3/><F89/><W23/><G18/><T54/><D55/><U63/><E63/><V64/><F9/><W69/><G69/><T130/><D130/><U85/><E17/><V0/><F64/><W91/><G106/><T114/><D114/><U14/><E2/><V115/><F115/><W36/><G36/><T20/><D20/><U121/><E121/><V10/><F10/><W29/><G101/><T48/><D49/><U109/><E109/><V81/><F100/><W92/><G35/><T83/><D83/><U76/><E74/><V50/><F80/><W11/><G11/><T98/><D98/><U126/><E77/><V123/><F123/><W15/><G53/><T43/><D54/><U68/><E68/><V25/><F99/><N who="3" m="57735" /><G59/><T86/><D86/><U13/><E4/><V111/><F87/><N who="3" m="52479" /><G12/><AGARI ba="0,0" hai="6,7,12,16,21,43,47,48,97,103,104" m="45065" machi="12" ten="30,2000,0" yaku="12,1,54,1" doraHai="30" who="0" fromWho="3" sc="210,20,200,0,380,0,210,-20" /><INIT seed="3,0,0,1,0,76" ten="230,200,380,190" oya="3" hai0="65,85,60,131,118,115,112,16,114,90,33,78,36" hai1="104,23,20,37,133,18,57,69,55,59,126,81,75" hai2="74,43,24,66,7,120,3,109,70,124,58,123,83" hai3="107,84,13,100,28,6,117,56,5,14,34,106,128"/><W116/><G128/><T54/><D131/><U89/><E69/><V91/><F70/><W48/><G34/><T46/><D33/><U25/><E104/><N who="3" m="39978" /><G28/><T26/><D78/><U19/><E37/><V101/><F43/><W80/><G100/><T51/><D36/><U35/><E35/><V45/><F101/><W79/><G56/><N who="0" m="36999" /><D118/><N who="3" m="45673" /><G48/><T71/><D71/><U125/><E75/><V0/><F74/><W61/><G61/><T64/><D64/><U122/><E122/><V40/><F120/><W130/><G130/><T94/><D16/><U29/><E29/><V72/><F123/><W108/><G108/><T21/><D21/><U77/><E77/><V135/><F109/><W129/><G129/><T31/><D31/><U41/><E18/><V44/><F7/><N who="3" m="2571" /><G79/><T39/><D39/><U132/><E20/><V102/><F102/><W87/><G80/><T30/><D30/><U97/><E81/><V92/><F83/><W27/><G27/><AGARI ba="0,0" hai="26,27,46,51,54,85,90,94,112,114,115" m="36999" machi="27" ten="30,1000,0" yaku="11,1" doraHai="76" who="0" fromWho="3" sc="230,10,200,0,380,0,190,-10" owari="240,4.0,200,-20.0,380,48.0,180,-32.0" /></mjloggm>