<mjloggm ver="2.3"><GO type="225" lobby="0"/><UN n0="%E3%83%97%E3%83%92" n1="%72%69%6F%75%63%68%61%6E" n2="%E3%81%8B%E3%82%8F%E3%81%A1%E3%82%83%E3%82%93%35%38" n3="%E5%B8%86%E7%AB%8B%E5%A4%8F%E8%A1%A3" dan="16,16,16,16" rate="2164.12,2172.95,2147.06,2107.59" sx="M,M,M,M"/><TAIKYOKU oya="0"/><INIT seed="0,0,0,0,3,92" ten="250,250,250,250" oya="0" hai0="104,97,12,75,86,1,9,87,126,132,16,25,71" hai1="6,100,41,127,73,39,30,76,134,52,62,2,116" hai2="43,103,81,111,51,69,15,67,38,11,5,20,129" hai3="91,98,49,85,65,82,84,18,90,83,33,130,57"/><T54/><D75/><U114/><E116/><V115/><F38/><W121/><G130/><T79/><D126/><U22/><E127/><V50/><F115/><W8/><G121/><T14/><D132/><U64/><E134/><V108/><F129/><W60/><G33/><T3/><D71/><U26/><E114/><V13/><F43/><W35/><G35/><T118/><D118/><U77/><E73/><V112/><F112/><W109/><G109/><N who="2" m="42057" /><F103/><W110/><G110/><T93/><D104/><U55/><E100/><V135/><F135/><W40/><G98/><T107/><D107/><U44/><E77/><V32/><F32/><W47/><G18/><T89/><D25/><U23/><E76/><V0/><F81/><W63/><G63/><T78/><D54/><U28/><E30/><V48/><F20/><W105/><G105/><T24/><D24/><U117/><E22/><V99/><F99/><W46/><REACH who="3" step="1"/><G47/><REACH who="3" ten="250,250,250,240" step="2"/><T123/><D123/><U128/><E128/><V56/><F56/><W37/><G37/><T113/><D113/><U59/><REACH who="1" step="1"/><E117/><REACH who="1" ten="250,240,250,240" step="2"/><V10/><F10/><AGARI ba="0,2" hai="8,10,40,46,49,57,60,65,82,83,84,85,90,91" machi="10" ten="40,5200,0" yaku="1,1,9,1,8,1,53,0" doraHai="92" doraHaiUra="17" who="3" fromWho="2" sc="250,0,240,0,250,-52,240,72" /><AGARI ba="0,0" hai="2,6,10,23,26,28,39,41,44,52,55,59,62,64" machi="10" ten="40,8000,1" yaku="1,1,2,1,54,1,53,1" doraHai="92" doraHaiUra="17" who="1" fromWho="2" sc="250,0,240,80,198,-80,312,0" /><INIT seed="1,0,0,3,2,3" ten="250,320,118,312" oya="1" hai0="108,45,76,122,26,59,97,32,102,13,119,111,75" hai1="29,67,47,66,135,134,85,87,64,5,39,10,21" hai2="109,41,28,103,30,70,133,68,78,37,112,15,12" hai3="118,57,73,0,131,126,107,42,71,105,40,36,24"/><U23/><E39/><V99/><F78/><W83/><G71/><T11/><D119/><U82/><E47/><V72/><F72/><W61/><G126/><T53/><D122/><U101/><E101/><V113/><F41/><W60/><G131/><T31/><D45/><U95/><E95/><V55/><F55/><W120/><G120/><T128/><D128/><U116/><E116/><V43/><F43/><W98/><G118/><T6/><D76/><U63/><E63/><V1/><F1/><W25/><G0/><T19/><D75/><U38/><E38/><V14/><F37/><W117/><G36/><T52/><D19/><U92/><E92/><V9/><F9/><W46/><G73/><T106/><REACH who="0" step="1"/><D53/><REACH who="0" ten="240,320,118,312" step="2"/><U34/><E135/><V115/><F133/><W20/><G46/><T124/><D124/><U22/><E134/><V50/><F109/><W77/><G117/><T89/><D89/><U114/><E114/><V74/><F74/><W16/><G77/><T86/><D86/><U125/><E125/><V79/><F79/><W17/><G42/><T7/><D7/><U44/><E44/><V8/><F8/><W33/><G40/><T56/><D56/><U121/><E121/><V81/><F68/><W127/><G57/><T27/><D27/><N who="1" m="18751" /><E82/><V94/><F70/><W100/><G83/><T110/><D110/><U54/><E54/><V49/><REACH who="2" step="1"/><F81/><REACH who="2" ten="240,320,108,312" step="2"/><W65/><G127/><T84/><D84/><U90/><E90/><V69/><F69/><W58/><G58/><T80/><D80/><U132/><E132/><V88/><F88/><W91/><G91/><RYUUKYOKU ba="0,2" sc="240,10,320,10,108,10,312,-30" hai0="6,11,13,26,31,32,52,59,97,102,106,108,111" hai1="5,10,21,22,23,64,66,67,85,87" hai2="12,14,15,28,30,49,50,94,99,103,112,113,115" /><INIT seed="1,1,2,4,2,104" ten="250,330,118,282" oya="1" hai0="88,124,50,44,14,51,34,30,9,69,47,87,72" hai1="25,105,77,41,49,4,126,99,39,83,16,130,102" hai2="7,8,36,106,121,98,92,24,63,45,35,2,17" hai3="42,113,100,33,114,109,37,80,66,18,68,132,56"/><U85/><E126/><V133/><F121/><W29/><G109/><T21/><D124/><U10/><E130/><V81/><F106/><W134/><G18/><T115/><D69/><U78/><E39/><V58/><F133/><N who="3" m="51307" /><G80/><T43/><D34/><U64/><E64/><V59/><F81/><W67/><G100/><T54/><D72/><U52/><E41/><V82/><F82/><W40/><G29/><T3/><D3/><U112/><E112/><N who="3" m="43114" /><G33/><T74/><D74/><U110/><E110/><V111/><F111/><W11/><G11/><T20/><D30/><U60/><E60/><V84/><F17/><W119/><G119/><T22/><D115/><U23/><E77/><V93/><F35/><W101/><G101/><T107/><D107/><U135/><E135/><V120/><F8/><W27/><G27/><T108/><D108/><U12/><REACH who="1" step="1"/><E49/><REACH who="1" ten="250,320,118,282" step="2"/><V116/><F116/><W46/><G68/><T71/><D71/><U118/><E118/><V125/><F125/><W19/><G42/><T122/><D122/><U89/><E89/><V129/><F120/><W55/><G19/><T57/><D88/><U6/><E6/><V38/><F7/><W1/><G1/><T90/><D90/><U127/><E127/><V103/><F2/><W62/><AGARI ba="1,3" hai="37,40,46,55,56,62,66,67" m="43114,51307" machi="62" ten="30,4000,0" yaku="20,1,34,2" doraHai="104" who="3" fromWho="3" sc="250,-11,320,-21,118,-11,282,73" /><INIT seed="2,0,0,3,5,80" ten="239,299,107,355" oya="2" hai0="89,83,125,92,30,5,24,102,27,82,37,2,90" hai1="114,48,88,133,47,21,43,130,29,39,33,84,111" hai2="53,36,75,101,61,3,73,60,98,129,46,121,64" hai3="68,14,50,134,65,8,1,16,6,67,116,4,86"/><V105/><F121/><W115/><G116/><T56/><D37/><U93/><E114/><V128/><F3/><W74/><G74/><T42/><D42/><U103/><E33/><V117/><F117/><W85/><G134/><T110/><D125/><U41/><E133/><V15/><F15/><N who="3" m="5511" /><G68/><T119/><D110/><U40/><E111/><V100/><F100/><W28/><G1/><T51/><D5/><U71/><E71/><N who="2" m="42375" /><F61/><W127/><G127/><T26/><D2/><U49/><E130/><N who="2" m="50283" /><F53/><W123/><G123/><T20/><D119/><U59/><E103/><V69/><F69/><W35/><G115/><T81/><D102/><U91/><E91/><V106/><F106/><W13/><G67/><T62/><D51/><U45/><E39/><V87/><F87/><N who="3" m="33291" /><G65/><N who="0" m="39111" /><D90/><U96/><E96/><AGARI ba="0,0" hai="20,24,26,27,30,81,82,83,89,92,96" m="39111" machi="96" ten="30,1000,0" yaku="8,1" doraHai="80" who="0" fromWho="1" sc="239,10,299,-10,107,0,355,0" /><INIT seed="3,0,0,1,0,45" ten="249,289,107,355" oya="3" hai0="63,54,74,134,30,10,43,126,64,44,9,59,2" hai1="121,65,46,14,75,49,47,100,112,118,4,129,111" hai2="15,109,31,24,77,32,106,38,55,123,84,117,85" hai3="93,61,23,115,103,124,57,26,114,37,80,96,95"/><W1/><G1/><T86/><D74/><U73/><E121/><V91/><F38/><W25/><G37/><T92/><D126/><U127/><E112/><V68/><F68/><W81/><G124/><T97/><D134/><U113/><E113/><V71/><F71/><W40/><G40/><T89/><D30/><U35/><E35/><V98/><F32/><W29/><G26/><T50/><D2/><U60/><E127/><V53/><F106/><W130/><G130/><T62/><D62/><U119/><E129/><V48/><F109/><W42/><G42/><T120/><D120/><U19/><E111/><V99/><F117/><W122/><G122/><T128/><D128/><U58/><E4/><V110/><F110/><W5/><G5/><T125/><D125/><U67/><E65/><V102/><F123/><W105/><G105/><T7/><D7/><U133/><E133/><V33/><F33/><W34/><G34/><T27/><D27/><U78/><E100/><V101/><F24/><W135/><G135/><T20/><D20/><U36/><E36/><V16/><F77/><W52/><G115/><T69/><REACH who="0" step="1"/><D97/><REACH who="0" ten="239,289,107,355" step="2"/><U51/><E75/><V6/><F6/><W107/><G114/><T21/><D21/><N who="1" m="11511" /><E73/><V8/><F31/><W79/><G23/><T132/><D132/><U116/><E78/><V104/><F91/><W94/><G79/><T39/><AGARI ba="0,1" hai="9,10,39,43,44,50,54,59,63,64,69,86,89,92" machi="39" ten="20,12000,2" yaku="1,1,0,1,7,1,24,2,52,1,53,0" doraHai="45" doraHaiUra="108" who="0" fromWho="0" sc="239,130,289,-30,107,-30,355,-60" owari="369,46.9,259,-14.1,77,-42.3,295,9.5" /></mjloggm>