<mjloggm ver="2.3"><GO type="225" lobby="0"/><UN n0="%E6%9D%B1%E9%A2%A8%E3%81%AE%E3%81%8D%E3%82%83%E3%81%B7%E3%81%95%E3%82%93" n1="%E3%81%A8%E3%82%93%E3%81%A8%E3%81%93%E3%81%A8%E3%82%93" n2="%E9%98%BF%E9%83%A8%E5%AF%9B%EF%BC%A0%E9%B3%B3%E5%8D%93" n3="%E8%B6%85%E7%B4%9A%E9%B3%B3%E5%87%B0" dan="16,16,16,16" rate="2128.12,2186.30,2124.46,2120.17" sx="M,F,F,M"/><TAIKYOKU oya="0"/><INIT seed="0,0,0,0,0,21" ten="250,250,250,250" oya="0" hai0="24,125,22,67,38,109,42,12,37,103,96,17,65" hai1="8,23,99,0,104,89,44,19,46,63,77,49,112" hai2="53,85,28,106,51,9,27,66,115,70,5,81,126" hai3="57,84,25,64,88,124,134,34,76,123,48,133,94"/><T4/><D125/><U114/><E77/><V43/><F115/><W113/><G113/><N who="1" m="43626" /><E63/><V75/><F126/><W18/><G124/><T45/><D37/><U86/><E104/><V93/><F106/><W61/><G123/><T111/><D4/><N who="1" m="1031" /><E49/><V41/><F75/><W6/><G6/><T40/><D12/><N who="1" m="9703" /><E99/><V127/><F127/><W1/><G1/><T120/><D40/><U74/><E74/><V62/><F93/><AGARI ba="0,0" hai="44,46,86,89,93" m="9703,1031,43626" machi="93" ten="30,1000,0" yaku="11,1" doraHai="21" who="1" fromWho="2" sc="250,0,250,10,250,-10,250,0" /><INIT seed="1,0,0,5,3,91" ten="250,260,240,250" oya="1" hai0="48,14,123,86,69,102,89,58,40,55,34,85,90" hai1="115,65,135,130,49,46,97,74,103,114,124,63,67" hai2="113,18,15,88,107,110,79,71,54,80,119,5,62" hai3="24,93,131,84,50,53,127,35,45,21,25,125,66"/><U6/><E74/><V41/><F119/><W19/><G131/><T82/><D69/><U64/><E6/><V106/><F110/><W73/><G73/><T31/><D123/><U98/><E130/><V100/><F113/><W32/><G66/><T111/><D111/><U117/><E117/><V70/><F41/><W12/><G84/><T112/><D112/><U126/><E63/><V78/><F5/><W87/><G87/><T105/><D34/><U3/><E3/><V17/><F62/><W109/><G109/><T129/><D31/><U92/><E135/><V128/><F15/><W57/><G57/><T42/><D129/><U95/><E49/><V60/><F128/><W16/><G93/><T43/><D14/><U38/><E46/><V33/><F60/><W96/><G96/><T7/><D7/><U2/><E38/><V133/><F33/><N who="3" m="12875" /><G19/><T132/><D132/><U75/><E75/><V77/><F133/><W51/><G51/><T56/><D56/><U26/><E114/><V37/><F78/><W118/><G118/><T99/><REACH who="0" step="1"/><D40/><REACH who="0" ten="240,260,240,250" step="2"/><U52/><E115/><V61/><F71/><W22/><G12/><T116/><D116/><U108/><E108/><V20/><F70/><W11/><G16/><T1/><D1/><U72/><E2/><V94/><F17/><W36/><G125/><T81/><AGARI ba="0,1" hai="42,43,48,55,58,81,82,85,86,89,90,99,102,105" machi="81" ten="20,5200,0" yaku="1,1,0,1,7,1,9,1,53,0" doraHai="91" doraHaiUra="59" who="0" fromWho="0" sc="240,62,260,-26,240,-13,250,-13" /><INIT seed="2,0,0,2,3,118" ten="302,234,227,237" oya="2" hai0="110,57,74,22,117,87,63,23,73,45,26,70,108" hai1="96,66,29,8,27,84,103,83,64,62,123,72,99" hai2="65,93,16,130,28,7,51,107,71,92,18,102,40" hai3="104,12,86,59,94,119,17,1,89,127,78,97,60"/><V131/><F7/><W41/><G119/><T10/><D70/><U54/><E72/><V47/><F28/><W32/><G1/><T109/><D117/><U36/><E36/><V50/><F50/><W67/><G32/><T124/><D124/><U44/><E123/><V38/><F107/><W129/><G127/><T90/><D45/><U14/><E44/><V81/><F81/><W6/><G129/><N who="2" m="49161" /><F38/><W114/><G114/><T126/><D10/><U61/><E54/><V46/><F46/><W120/><G120/><T121/><D126/><U101/><E27/><V69/><F69/><W75/><G41/><T95/><D121/><U48/><E29/><V35/><F35/><W25/><G6/><T3/><D3/><U53/><E48/><V15/><F102/><W21/><G75/><N who="0" m="28683" /><D26/><U52/><E83/><V85/><F85/><W135/><G135/><T39/><D39/><U79/><E84/><V30/><F30/><W98/><G104/><T134/><D134/><U49/><E49/><V133/><F133/><W4/><G78/><T125/><D125/><U68/><E79/><V19/><F15/><W34/><G34/><T91/><D91/><U111/><E14/><V43/><F40/><W13/><G13/><T77/><D77/><U31/><E68/><V76/><F76/><W128/><G128/><T115/><D115/><U100/><E31/><V55/><F43/><W82/><G82/><T122/><D122/><U20/><E62/><AGARI ba="0,0" hai="16,18,19,47,51,55,62,65,71,92,93" m="49161" machi="62" ten="30,2900,0" yaku="19,1,54,1" doraHai="118" who="2" fromWho="1" sc="302,0,234,-29,227,29,237,0" /><INIT seed="2,1,0,1,2,86" ten="302,205,256,237" oya="2" hai0="103,52,111,57,128,91,94,17,36,96,79,39,46" hai1="88,0,122,24,56,113,59,21,89,69,67,85,22" hai2="38,105,41,54,83,50,19,34,9,68,134,120,106" hai3="10,87,12,18,125,131,51,16,62,25,90,44,53"/><V102/><F120/><W104/><G104/><T101/><D128/><U99/><E113/><V92/><F34/><W72/><G72/><T123/><D111/><U40/><E0/><V1/><F134/><W3/><G131/><T63/><D123/><U97/><E122/><V110/><F110/><W80/><G3/><T28/><D79/><U49/><E69/><V8/><F68/><W11/><G62/><T20/><D28/><N who="1" m="17423" /><E22/><V109/><F109/><W127/><G25/><N who="0" m="14479" /><D46/><N who="1" m="25799" /><E67/><V43/><F38/><AGARI ba="1,0" hai="36,38,39,52,57,63,91,94,96,101,103" m="14479" machi="38" ten="30,3900,0" yaku="25,1,52,1,54,1" doraHai="86" who="0" fromWho="2" sc="302,42,205,0,256,-42,237,0" /><INIT seed="3,0,0,5,4,32" ten="344,205,214,237" oya="3" hai0="28,114,35,118,98,24,73,34,64,86,11,42,68" hai1="94,46,131,93,89,99,134,109,57,126,66,83,31" hai2="132,116,45,5,50,1,127,22,102,70,80,2,33" hai3="82,79,113,104,49,23,3,55,100,0,9,43,18"/><W90/><G113/><T53/><D73/><U52/><E109/><V88/><F116/><W71/><G71/><T76/><D35/><U133/><E126/><V119/><F33/><W10/><G43/><T60/><D42/><U63/><E131/><V122/><F119/><W108/><G108/><T106/><D118/><U105/><E105/><V130/><F70/><W78/><G90/><T58/><D11/><U67/><E31/><V75/><F127/><W51/><G104/><T103/><D114/><U135/><E83/><V110/><F110/><W26/><G100/><T48/><D86/><N who="1" m="52407" /><E46/><V36/><F130/><W101/><G101/><AGARI ba="0,0" hai="52,57,63,66,67,94,99,101,133,134,135" m="52407" machi="101" ten="30,2000,0" yaku="20,1,54,1" doraHai="32" who="1" fromWho="3" sc="344,0,205,20,214,0,237,-20" owari="344,44.4,225,2.5,214,-28.6,217,-18.3" /></mjloggm>