<mjloggm ver="2.3"><GO type="225" lobby="0"/><UN n0="%E5%B0%8F%E9%B3%A5%E9%81%8A%E7%B7%B4%E7%84%A1%32%31%E6%AD%B3" n1="%E3%81%8B%E3%82%8F%E3%81%A1%E3%82%83%E3%82%93%35%38" n2="%E3%83%A9%E3%83%BC%E3%83%A1%E3%83%B3%E4%BA%94%E9%83%8E" n3="%E6%9D%B1%E9%A2%A8%E3%81%AE%E3%81%8D%E3%82%83%E3%81%B7%E3%81%95%E3%82%93" dan="16,16,16,17" rate="2194.82,2081.97,2116.94,2196.25" sx="F,M,M,M"/><TAIKYOKU oya="0"/><INIT seed="0,0,0,2,1,109" ten="250,250,250,250" oya="0" hai0="27,107,83,64,61,99,113,135,53,9,17,52,24" hai1="37,131,16,22,21,123,44,6,45,23,93,2,95" hai2="67,60,97,104,70,103,59,25,119,0,94,101,5" hai3="51,69,4,77,72,92,58,63,55,35,132,112,133"/><T49/><D135/><N who="3" m="51785" /><G35/><T111/><D111/><U79/><E123/><V89/><F119/><W117/><G4/><T108/><D108/><U15/><E131/><V1/><F103/><W130/><G92/><N who="1" m="35402" /><E2/><V32/><F5/><W38/><G117/><T31/><D83/><U57/><E37/><V73/><F59/><W68/><G130/><T8/><D113/><U86/><E6/><V62/><F62/><W122/><G122/><T54/><D49/><U50/><E57/><V115/><F73/><W100/><G100/><T46/><D46/><N who="1" m="18027" /><E50/><V120/><F120/><W29/><G29/><T71/><D17/><U96/><E96/><N who="2" m="57423" /><F115/><W74/><G112/><T42/><D42/><U39/><E39/><V118/><F118/><W81/><G38/><T66/><D66/><U114/><E114/><V102/><F102/><W126/><G72/><T41/><D41/><U121/><E121/><V40/><F40/><W129/><G129/><T47/><D47/><U30/><E30/><AGARI ba="0,0" hai="0,1,25,30,32,60,67,70,97,101,104" m="57423" machi="30" ten="30,1000,0" yaku="25,1" doraHai="109" who="2" fromWho="1" sc="250,0,250,-10,250,10,250,0" /><INIT seed="1,0,0,1,1,6" ten="250,240,260,250" oya="1" hai0="107,124,116,71,78,77,91,73,123,47,57,76,22" hai1="81,50,2,66,97,110,86,15,16,133,135,72,26" hai2="10,39,28,38,83,119,56,103,17,64,35,98,33" hai3="89,36,25,59,20,49,130,44,80,14,40,54,132"/><U41/><E2/><V85/><F119/><W79/><G132/><N who="1" m="50762" /><E72/><V105/><F38/><W68/><G130/><T65/><D71/><U128/><E128/><V27/><F39/><W113/><G113/><T120/><D116/><U51/><E41/><V90/><F35/><W106/><G106/><T53/><D73/><U127/><E127/><V45/><F45/><W9/><G68/><T131/><D131/><U43/><E43/><V82/><F64/><W46/><G89/><T48/><D107/><U31/><E97/><V122/><F56/><W125/><G125/><T1/><D1/><U37/><E66/><V75/><F122/><N who="0" m="46634" /><D124/><U118/><E37/><V42/><F42/><W5/><G40/><T21/><D91/><N who="1" m="51663" /><E110/><V23/><F75/><W19/><REACH who="3" step="1"/><G36/><REACH who="3" ten="250,240,260,240" step="2"/><T30/><D30/><U134/><E118/><V67/><F28/><W112/><G112/><T58/><D58/><U62/><E134/><V12/><F90/><W108/><G108/><T8/><D57/><U84/><E31/><V7/><F105/><W99/><G99/><T34/><D65/><U104/><E104/><V32/><F67/><W117/><G117/><T60/><D78/><U63/><E63/><V109/><F109/><W121/><G121/><T3/><D60/><U102/><E62/><V101/><F98/><W52/><G52/><T115/><D115/><U61/><E61/><V4/><F103/><W93/><G93/><T18/><D77/><U69/><E69/><V100/><F100/><W96/><G96/><T92/><D76/><U0/><E102/><V126/><F126/><W13/><G13/><RYUUKYOKU ba="0,1" sc="250,-10,240,-10,260,-10,240,30" hai3="5,9,14,19,20,25,44,46,49,54,59,79,80" /><INIT seed="2,1,1,5,2,45" ten="240,230,250,270" oya="2" hai0="126,102,80,105,6,71,52,37,36,51,69,88,7" hai1="87,50,98,85,38,11,103,84,30,122,12,1,21" hai2="64,93,101,134,4,22,132,34,110,32,0,114,83" hai3="48,57,2,117,74,47,56,19,10,97,75,3,16"/><V14/><F114/><W104/><G117/><T113/><D113/><U118/><E118/><V25/><F0/><W127/><G127/><T95/><D105/><U121/><E38/><V41/><F110/><W53/><G2/><T49/><D102/><U9/><E1/><V128/><F128/><W82/><G3/><T130/><D80/><U26/><E50/><V42/><F64/><W112/><G112/><T94/><D126/><U123/><REACH who="1" step="1"/><E12/><REACH who="1" ten="240,220,250,270" step="2"/><V17/><F14/><W58/><G10/><T135/><D130/><U29/><E29/><V116/><F116/><W133/><G133/><T40/><D135/><U18/><E18/><V63/><F134/><W5/><G5/><T119/><D119/><U86/><N who="1" m="21504" /><DORA hai="76" /><U108/><E108/><V90/><F132/><W99/><G16/><T15/><D15/><U120/><N who="1" m="30720" /><DORA hai="54" /><U92/><AGARI ba="1,2" hai="9,11,21,26,30,92,98,103" m="30720,21504" machi="92" ten="70,8000,1" yaku="1,1,4,1,0,1,13,1,53,0" doraHai="45,76,54" doraHaiUra="46,62,129" who="1" fromWho="1" sc="240,-21,220,103,250,-41,270,-21" /><INIT seed="3,0,0,1,1,57" ten="219,323,209,249" oya="3" hai0="98,27,92,52,84,35,53,107,41,80,83,42,75" hai1="13,85,123,16,5,122,68,59,4,21,86,76,73" hai2="39,102,8,129,112,37,132,40,125,105,95,56,24" hai3="29,101,93,117,54,7,87,1,19,0,11,120,130"/><W100/><G120/><T9/><D107/><U91/><E68/><V17/><F112/><W115/><G29/><T6/><D75/><U49/><E73/><V36/><F105/><W128/><G115/><T71/><D71/><U124/><E124/><V25/><F125/><W79/><G0/><T2/><D83/><N who="1" m="47335" /><E123/><V131/><F132/><W133/><G133/><T22/><D35/><U70/><E70/><V69/><F69/><W30/><G117/><T23/><D41/><U45/><E59/><V44/><F56/><W94/><G30/><T118/><D42/><N who="1" m="24759" /><E122/><V50/><F102/><W38/><G38/><T113/><D118/><U135/><E135/><V78/><F78/><W82/><G19/><T46/><D113/><U121/><E121/><V99/><F99/><W108/><G108/><T72/><D72/><U116/><E116/><V110/><F110/><W26/><G26/><T106/><D106/><U64/><E64/><V28/><F95/><AGARI ba="0,0" hai="4,5,13,16,21,86,91,95" m="24759,47335" machi="95" ten="30,2000,0" yaku="8,1,54,1" doraHai="57" who="1" fromWho="2" sc="219,0,323,20,209,-20,249,0" owari="219,-18.1,343,44.3,189,-31.1,249,4.9" /></mjloggm>