<mjloggm ver="2.3"><GO type="225" lobby="0"/><UN n0="%E7%89%B9%E6%9D%B1%E3%81%AF%E4%B8%96%E7%95%8C%E3%82%92%E6%95%91%E3%81%86" n1="%E5%8F%AF%E5%85%90%E9%82%A3%E7%94%B1%E5%A4%9A" n2="%E5%8D%A0%E3%81%84%E5%B8%AB%E8%A3%8F%E3%81%AA%E3%81%84%E3%81%97" n3="%E3%81%B2%E3%81%AA%E3%81%AE%E3%82%8A%E3%81%8F" dan="16,17,16,17" rate="2104.57,2241.02,2135.14,2154.56" sx="M,F,M,M"/><TAIKYOKU oya="0"/><INIT seed="0,0,0,0,4,85" ten="250,250,250,250" oya="0" hai0="106,22,29,123,51,13,114,128,82,16,61,89,64" hai1="66,40,119,99,8,86,110,78,135,95,69,42,17" hai2="76,20,55,53,93,30,80,15,32,102,130,54,133" hai3="74,10,132,81,108,45,4,127,90,73,68,3,31"/><T14/><D114/><U92/><E119/><V77/><F32/><W33/><G68/><T75/><D123/><U103/><E110/><V118/><F133/><W105/><G108/><T39/><D39/><U94/><E135/><V6/><F130/><W109/><G109/><T37/><D37/><U25/><E69/><V121/><F121/><W116/><G116/><T35/><D128/><U44/><E66/><V23/><F118/><W100/><G127/><T87/><D106/><U88/><E78/><V62/><F77/><W124/><G124/><T101/><D101/><U113/><E113/><V111/><F111/><W96/><G132/><T9/><D75/><U38/><E42/><V70/><F30/><W125/><G125/><T91/><D51/><U27/><REACH who="1" step="1"/><E95/><REACH who="1" ten="250,240,250,250" step="2"/><V18/><F70/><W21/><G105/><T67/><D67/><U28/><E28/><V84/><F93/><W79/><G31/><T65/><D29/><U5/><E5/><V104/><F6/><W134/><G79/><T131/><D35/><U63/><E63/><V56/><F104/><W26/><G4/><N who="0" m="3239" /><D131/><U50/><E50/><V11/><REACH who="2" step="1"/><F102/><REACH who="2" ten="250,240,240,250" step="2"/><W12/><G100/><T129/><D129/><U117/><E117/><V115/><F115/><W71/><G33/><T43/><D82/><U58/><E58/><V41/><F41/><W126/><G81/><T122/><D122/><U97/><E97/><V59/><F59/><W1/><G134/><T60/><D43/><U7/><E7/><V2/><F2/><W0/><G126/><T120/><D120/><U19/><E19/><V83/><F83/><RYUUKYOKU ba="0,2" sc="250,-15,240,15,240,15,250,-15" hai1="8,17,25,27,38,40,44,86,88,92,94,99,103" hai2="11,15,18,20,23,53,54,55,56,62,76,80,84" /><INIT seed="1,1,2,0,5,89" ten="235,255,255,235" oya="1" hai0="51,108,77,47,45,92,111,59,99,23,75,1,96" hai1="36,4,115,121,101,39,66,103,69,46,104,71,97" hai2="83,93,102,55,117,26,37,79,13,15,90,132,52" hai3="98,84,19,68,114,135,40,41,131,53,11,129,14"/><U34/><E115/><V61/><F117/><W120/><G114/><T9/><D23/><U63/><E121/><V112/><F37/><W88/><G120/><T107/><D107/><U50/><E71/><V124/><F112/><W109/><G109/><N who="0" m="42059" /><D59/><U54/><E103/><V49/><F102/><W76/><G135/><T130/><D130/><N who="3" m="49673" /><G68/><T122/><D122/><U24/><REACH who="1" step="1"/><E4/><REACH who="1" ten="235,245,255,235" step="2"/><V10/><F132/><W0/><G0/><T42/><D45/><U44/><E44/><V33/><F124/><W25/><G76/><T125/><D125/><U8/><E8/><V80/><F10/><W21/><G98/><T110/><D110/><U105/><E105/><V29/><F79/><W64/><G64/><T87/><D1/><U35/><E35/><V2/><F2/><W128/><G128/><T31/><D99/><U17/><E17/><V58/><F33/><W48/><G11/><T18/><D77/><U28/><AGARI ba="1,3" hai="24,28,34,36,39,46,50,54,63,66,69,97,101,104" machi="28" ten="30,12000,1" yaku="1,1,0,1,25,2,53,1" doraHai="89" doraHaiUra="95" who="1" fromWho="1" sc="235,-41,245,153,255,-41,235,-41" /><INIT seed="1,2,0,0,5,50" ten="194,398,214,194" oya="1" hai0="78,125,11,131,29,6,79,93,100,14,9,103,32" hai1="86,89,111,34,75,40,70,10,128,60,2,77,7" hai2="65,107,47,71,28,18,98,124,44,43,63,101,115" hai3="123,73,21,121,130,20,25,116,105,88,99,69,51"/><U61/><E128/><V31/><F124/><W15/><G130/><T74/><D131/><U33/><E111/><V30/><F115/><W0/><G0/><T92/><D125/><U106/><E106/><V120/><F120/><W102/><G69/><T109/><D109/><U37/><E86/><V41/><F18/><W127/><G127/><T82/><D79/><U4/><E89/><V129/><F129/><W66/><G66/><T96/><D9/><U83/><E7/><V59/><F71/><W42/><G73/><T81/><D81/><U72/><E72/><V62/><F62/><W95/><G116/><T55/><D55/><U38/><E61/><V110/><F110/><W112/><G15/><T122/><D122/><U90/><E90/><V97/><F97/><W87/><G112/><T49/><D49/><U58/><E58/><V54/><REACH who="2" step="1"/><F65/><REACH who="2" ten="194,398,204,194" step="2"/><W94/><G105/><T22/><D96/><U80/><E70/><V104/><F104/><W48/><G121/><T45/><D6/><U39/><E60/><V35/><F35/><W16/><G123/><T8/><D32/><U27/><E34/><V24/><F24/><N who="3" m="14343" /><G42/><AGARI ba="2,1" hai="28,30,31,41,42,43,44,47,54,59,63,98,101,107" machi="42" ten="40,8000,1" yaku="1,1,52,1,53,3" doraHai="50" doraHaiUra="36" who="2" fromWho="3" sc="194,0,398,0,204,96,194,-86" /><INIT seed="2,0,0,2,2,42" ten="194,398,300,108" oya="2" hai0="53,71,24,108,50,31,74,8,123,96,60,14,2" hai1="64,51,25,58,121,93,67,124,72,23,43,106,120" hai2="55,131,57,133,83,134,116,89,129,33,84,81,52" hai3="110,63,62,3,37,132,79,38,117,76,101,128,15"/><V88/><F33/><W130/><G3/><T78/><D123/><N who="1" m="47179" /><E106/><V111/><F116/><W48/><G117/><T5/><D108/><U46/><E72/><V45/><F111/><W19/><G110/><T61/><D71/><U11/><E124/><V113/><F113/><W91/><G132/><N who="2" m="50793" /><F45/><W77/><G101/><T90/><D78/><U112/><E112/><V66/><F66/><W102/><G102/><T44/><D74/><U69/><E69/><V22/><F22/><W21/><G91/><N who="2" m="34889" /><F57/><W27/><G27/><T75/><D75/><U73/><E73/><V41/><F41/><W97/><G97/><T118/><D118/><U30/><E58/><V65/><F65/><N who="1" m="25161" /><E11/><V68/><F68/><W20/><G20/><T98/><D98/><U0/><E0/><V70/><F70/><W10/><G21/><N who="0" m="15759" /><D2/><U9/><E9/><V104/><F104/><W34/><G34/><T85/><D96/><U99/><E99/><V92/><F92/><AGARI ba="0,0" hai="5,8,14,44,50,53,60,61,85,90,92" m="15759" machi="92" ten="30,2000,0" yaku="8,1,52,1" doraHai="42" who="0" fromWho="2" sc="194,20,398,0,300,-20,108,0" /><AGARI ba="0,0" hai="23,25,30,43,46,51,92,93" m="25161,47179" machi="92" ten="30,2000,0" yaku="13,1,52,1" doraHai="42" who="1" fromWho="2" sc="214,0,398,20,280,-20,108,0" /><INIT seed="3,0,0,5,5,98" ten="214,418,260,108" oya="3" hai0="43,46,59,12,80,131,122,126,100,127,68,67,32" hai1="76,1,63,45,38,16,79,44,0,29,105,97,36" hai2="17,123,35,128,19,113,7,73,95,93,20,50,107" hai3="51,102,13,84,117,90,52,39,116,72,91,11,30"/><W119/><G72/><T6/><D32/><U60/><E16/><V81/><F113/><W49/><G39/><T48/><D122/><U21/><E97/><V121/><F107/><W37/><G37/><T75/><D68/><U74/><E105/><V114/><F35/><W14/><G30/><T125/><D131/><U54/><E21/><V4/><F114/><W8/><G84/><T89/><D100/><U64/><E54/><V34/><F34/><W129/><G129/><T69/><D69/><U115/><E64/><V28/><F28/><W88/><G102/><T103/><D103/><U133/><E29/><V10/><F128/><W135/><G135/><T70/><D70/><U62/><E115/><V26/><F50/><W47/><REACH who="3" step="1"/><G51/><REACH who="3" ten="214,418,260,98" step="2"/><T134/><D134/><U86/><E133/><V94/><F73/><W53/><G53/><T78/><D75/><U57/><E74/><V31/><F31/><W120/><G120/><T118/><D48/><U130/><E130/><V71/><F121/><W40/><G40/><T66/><D43/><U82/><E36/><V41/><F41/><W132/><G132/><T56/><D127/><U92/><E38/><V27/><F123/><W5/><G5/><T106/><D125/><U55/><E86/><V112/><F4/><W3/><G3/><T22/><D126/><U83/><E55/><V15/><F112/><W101/><G101/><T109/><D6/><U61/><E0/><V77/><F7/><W85/><G85/><T23/><D106/><U9/><E1/><V96/><F96/><W99/><G99/><T42/><D42/><RYUUKYOKU ba="0,1" sc="214,-10,418,-10,260,-10,98,30" hai3="8,11,13,14,47,49,52,88,90,91,116,117,119" /><INIT seed="3,1,1,4,4,1" ten="204,408,250,128" oya="3" hai0="64,31,62,84,51,22,89,116,63,72,113,105,66" hai1="34,128,102,23,7,93,2,94,104,133,15,91,109" hai2="9,70,60,111,52,55,16,79,58,75,4,61,50" hai3="107,3,130,13,97,135,121,125,92,29,73,36,71"/><W96/><RYUUKYOKU type="yao9" ba="1,1" sc="204,0,408,0,250,0,128,0" hai3="3,13,29,36,71,73,92,96,97,107,121,125,130,135" /><INIT seed="3,2,1,4,2,24" ten="204,408,250,128" oya="3" hai0="88,27,96,134,48,52,74,4,102,123,9,21,132" hai1="63,45,112,26,82,54,69,79,61,77,109,30,78" hai2="125,130,0,89,95,16,59,66,62,49,122,101,120" hai3="31,42,135,99,127,15,35,39,87,119,103,115,80"/><W7/><G119/><T67/><D74/><U110/><E112/><V93/><F125/><W64/><G115/><T23/><D67/><U18/><E18/><V32/><F32/><W117/><G117/><T36/><D36/><U118/><E118/><V29/><F29/><W3/><G127/><T91/><D123/><N who="2" m="47146" /><F0/><W22/><G3/><N who="0" m="159" /><D102/><U11/><E11/><V108/><F108/><N who="1" m="41577" /><E69/><V98/><F16/><N who="3" m="10527" /><G35/><T57/><D96/><U44/><E82/><V40/><F130/><W53/><G39/><T131/><D131/><U107/><E107/><N who="2" m="63927" /><F89/><N who="0" m="34378" /><D27/><U50/><E45/><AGARI ba="2,1" hai="40,45,49,59,62,66,93,95" m="63927,47146" machi="45" ten="30,1000,0" yaku="13,1" doraHai="24" who="2" fromWho="1" sc="204,0,408,-16,250,26,128,0" owari="204,-19.6,392,49.2,276,7.6,128,-37.2" /></mjloggm>