<mjloggm ver="2.3"><GO type="225" lobby="0"/><UN n0="%72%69%6F%75%63%68%61%6E" n1="%E5%8D%A0%E3%81%84%E5%B8%AB%E8%A3%8F%E3%81%AA%E3%81%84%E3%81%97" n2="%E3%82%BC%E3%83%AB%E3%83%80%E3%81%AE%E4%BC%9D%E8%AA%AC" n3="%63%68%78%62%64" dan="16,17,17,16" rate="2175.45,2188.88,2185.98,2118.45" sx="M,M,M,M"/><TAIKYOKU oya="0"/><INIT seed="0,0,0,0,5,85" ten="250,250,250,250" oya="0" hai0="66,88,102,82,59,94,19,93,18,65,11,109,70" hai1="100,15,73,27,47,25,117,55,74,26,115,5,122" hai2="39,95,22,45,13,76,120,133,97,36,56,42,9" hai3="89,17,4,71,12,78,10,57,52,111,92,1,125"/><T110/><D70/><U86/><E117/><V99/><F120/><W91/><G111/><N who="0" m="42507" /><D102/><U61/><E122/><V72/><F133/><W6/><G125/><T35/><D35/><U123/><E123/><V108/><F108/><W8/><G71/><T129/><D129/><U116/><E116/><V135/><F135/><W46/><G46/><T132/><D132/><U0/><E0/><V126/><F126/><W23/><G78/><T127/><D127/><U90/><E100/><V16/><F56/><W30/><G92/><N who="0" m="35435" /><D11/><U37/><E115/><V83/><F36/><W2/><G30/><T28/><D28/><U64/><E37/><V51/><F39/><W67/><G67/><N who="0" m="25611" /><D59/><U60/><E64/><V24/><REACH who="2" step="1"/><F95/><REACH who="2" ten="250,250,240,250" step="2"/><W80/><G80/><T38/><D38/><U114/><E114/><V63/><F63/><AGARI ba="0,1" hai="1,2,4,6,8,10,12,17,23,52,57,63,89,91" machi="63" ten="30,8000,1" yaku="7,1,9,1,52,2,54,1" doraHai="85" who="3" fromWho="2" sc="250,0,250,0,240,-80,250,90" /><INIT seed="1,0,0,1,2,24" ten="250,250,160,340" oya="1" hai0="52,133,28,68,4,87,74,19,64,25,120,118,48" hai1="73,126,112,13,46,111,117,11,124,103,58,35,47" hai2="70,105,57,78,71,33,97,66,40,114,106,44,45" hai3="109,8,53,21,102,16,127,22,50,32,34,122,100"/><U125/><E112/><V31/><F114/><W43/><G122/><T95/><D118/><U113/><E117/><V107/><F78/><W94/><G109/><T61/><D74/><U135/><E113/><V67/><F97/><W131/><G127/><T104/><D133/><U26/><E135/><V55/><F33/><W41/><G131/><T86/><D104/><U89/><E73/><V2/><F2/><W98/><G8/><T81/><D120/><U6/><E103/><V3/><F3/><W115/><G115/><T23/><D4/><U96/><E111/><V54/><F57/><W132/><G132/><T36/><D36/><U60/><E89/><V108/><F108/><W7/><G7/><T77/><D95/><U79/><E79/><V27/><F27/><W85/><G85/><T65/><D64/><U90/><E90/><V15/><F15/><W9/><G9/><T91/><D19/><U101/><E58/><V130/><F106/><W59/><G32/><T76/><REACH who="0" step="1"/><D86/><REACH who="0" ten="240,250,160,340" step="2"/><U5/><E6/><V116/><F116/><W83/><G16/><T17/><D17/><U84/><E84/><V18/><F18/><W93/><G94/><T49/><D49/><U110/><E110/><V29/><REACH who="2" step="1"/><F130/><REACH who="2" ten="240,250,150,340" step="2"/><W62/><G50/><T10/><D10/><U63/><E63/><V39/><F39/><W51/><G62/><T42/><D42/><AGARI ba="0,2" hai="29,31,40,42,44,45,54,55,66,67,70,71,105,107" machi="42" ten="25,8000,1" yaku="1,1,22,2,52,2,53,0" doraHai="24" doraHaiUra="20" who="2" fromWho="0" sc="240,-80,250,0,150,100,340,0" /><INIT seed="2,0,0,5,3,61" ten="160,250,250,340" oya="2" hai0="112,33,55,134,70,88,130,58,36,99,5,71,39" hai1="87,24,16,81,13,122,125,116,107,84,53,57,118" hai2="9,30,121,110,67,74,100,47,127,66,23,135,75" hai3="21,7,76,8,90,102,46,91,111,60,114,93,79"/><V82/><F121/><W51/><G111/><T97/><D112/><U92/><E107/><V15/><F110/><W32/><G32/><T103/><D33/><U19/><E125/><V113/><F113/><W1/><G114/><T4/><D130/><U25/><E122/><V31/><F127/><W63/><G102/><T68/><D134/><U115/><E115/><V131/><F135/><W86/><G21/><T104/><D36/><U83/><E92/><V69/><F69/><W17/><G17/><T89/><D39/><U95/><E95/><V119/><F119/><W38/><G38/><T133/><D133/><U124/><E124/><V54/><F131/><W52/><G90/><T34/><D34/><U40/><E40/><V117/><F117/><W49/><G49/><T94/><REACH who="0" step="1"/><D89/><REACH who="0" ten="150,250,250,340" step="2"/><U56/><E116/><V129/><F129/><W80/><G79/><T44/><D44/><U65/><E118/><V96/><F47/><W28/><REACH who="3" step="1"/><G28/><REACH who="3" ten="150,250,250,330" step="2"/><T43/><D43/><U98/><E19/><V22/><F30/><W106/><G106/><T14/><D14/><U108/><E16/><V20/><F31/><W0/><G0/><T6/><D6/><U26/><E13/><V85/><F15/><W37/><G37/><T123/><D123/><U105/><E105/><V126/><F126/><W29/><G29/><T109/><D109/><U41/><E108/><V42/><F42/><W50/><G50/><AGARI ba="0,2" hai="4,5,50,55,58,68,70,71,88,94,97,99,103,104" machi="50" ten="40,2600,0" yaku="1,1,54,1,53,0" doraHai="61" doraHaiUra="77" who="0" fromWho="3" sc="150,46,250,0,250,0,330,-26" /><INIT seed="3,0,0,1,4,123" ten="196,250,250,304" oya="3" hai0="59,108,135,43,23,79,35,87,15,60,22,62,73" hai1="85,109,16,103,121,49,100,74,4,81,75,30,53" hai2="39,20,8,80,110,88,118,54,45,67,82,10,48" hai3="70,112,31,86,131,11,36,55,115,71,104,6,44"/><W41/><G104/><T38/><D135/><U69/><E121/><V92/><F118/><W40/><G131/><T47/><D35/><U98/><E69/><V107/><F110/><W7/><G55/><T133/><D133/><U46/><E30/><V24/><F67/><W29/><G86/><T58/><D73/><U63/><E4/><V28/><F39/><W2/><G29/><T116/><D116/><U105/><E100/><V0/><F107/><W66/><G41/><T32/><D32/><U119/><E119/><V19/><F0/><W68/><G66/><T96/><D108/><U33/><E33/><V132/><F132/><W97/><G97/><T113/><D113/><N who="3" m="43593" /><G31/><T101/><D59/><U102/><E102/><V50/><F50/><W111/><G7/><T77/><D62/><U84/><E63/><V130/><F130/><W26/><G26/><T128/><D128/><U9/><E84/><N who="2" m="52231" /><F28/><W126/><G111/><T65/><D15/><N who="1" m="7279" /><E109/><V72/><F72/><W57/><G57/><T91/><D77/><U114/><E114/><V106/><F106/><W18/><G18/><T83/><REACH who="0" step="1"/><D79/><REACH who="0" ten="186,250,250,304" step="2"/><U25/><E25/><V127/><F24/><W125/><AGARI ba="0,1" hai="2,6,11,36,40,44,68,70,71,125,126" m="43593" machi="125" ten="40,2100,0" yaku="23,1" doraHai="123" who="3" fromWho="3" sc="186,-7,250,-7,250,-7,304,31" owari="179,-32.1,243,4.3,243,-15.7,335,43.5" /></mjloggm>