<mjloggm ver="2.3"><GO type="225" lobby="0"/><UN n0="%E3%81%BF%E3%81%BF%E3%81%9A" n1="%79%6B%66%35%35%33%38%39" n2="%E5%A4%9C%E3%81%AE%E3%82%AC%E3%82%B9%E3%83%91%E3%83%BC%E3%83%AB" n3="%E7%99%BD%E6%97%A5%E9%9B%AA%E8%8F%9C" dan="18,16,16,17" rate="2257.50,2123.99,2155.96,2173.87" sx="M,M,M,M"/><TAIKYOKU oya="0"/><INIT seed="0,0,0,4,1,53" ten="250,250,250,250" oya="0" hai0="24,68,86,11,102,129,117,8,114,130,77,119,16" hai1="41,64,55,87,19,40,92,106,2,123,17,3,14" hai2="50,69,94,108,1,132,26,62,61,33,73,6,39" hai3="34,38,51,27,5,36,83,85,67,4,49,133,18"/><T60/><D102/><U21/><E123/><V57/><F73/><W45/><G133/><T0/><D114/><U15/><E106/><V131/><F39/><W70/><G51/><T9/><D77/><U105/><E105/><V120/><F120/><W122/><G122/><T89/><D0/><U90/><E64/><V126/><F108/><W115/><G115/><T28/><D68/><U63/><E2/><V118/><F126/><W97/><G97/><T47/><D60/><U78/><E3/><V81/><F131/><N who="0" m="50186" /><D47/><U10/><REACH who="1" step="1"/><E78/><REACH who="1" ten="250,240,250,250" step="2"/><V74/><F1/><W112/><G67/><T54/><D119/><U66/><E66/><V135/><F135/><W52/><G112/><T93/><D117/><U98/><E98/><V25/><F132/><W32/><G70/><T13/><D54/><U128/><E128/><V88/><F118/><W46/><G52/><T35/><AGARI ba="0,1" hai="8,9,11,13,16,24,28,35,86,89,93" m="50186" machi="35" ten="30,3000,0" yaku="19,1,54,1" doraHai="53" who="0" fromWho="0" sc="250,40,240,-10,250,-10,250,-10" /><INIT seed="0,1,0,2,4,11" ten="290,230,240,240" oya="0" hai0="2,73,112,56,33,49,133,67,91,30,97,122,61" hai1="44,124,86,96,92,111,54,106,57,7,85,13,105" hai2="95,51,87,0,35,104,70,28,34,4,38,129,42" hai3="81,53,77,25,48,6,117,66,50,27,18,29,76"/><T103/><D112/><U9/><E111/><V114/><F104/><W47/><G117/><T31/><D122/><U127/><E44/><V8/><F70/><W113/><G113/><T15/><D2/><U101/><E105/><V82/><F38/><W99/><G6/><T75/><D133/><U135/><E135/><V123/><F114/><W3/><G3/><T52/><D91/><U72/><E72/><V62/><F123/><W131/><G131/><T63/><D63/><U110/><E110/><V100/><F62/><W89/><G66/><T45/><D15/><U68/><E68/><V80/><F129/><W83/><G18/><T71/><D30/><U17/><E7/><V32/><F28/><W58/><G81/><T134/><D134/><U116/><E116/><V115/><F115/><W20/><G27/><N who="0" m="18687" /><D45/><U78/><E78/><V40/><F82/><W64/><G64/><T55/><D55/><U69/><E69/><V36/><F80/><W24/><G24/><T21/><D21/><U90/><REACH who="1" step="1"/><E86/><REACH who="1" ten="290,220,240,240" step="2"/><V37/><F87/><N who="3" m="50431" /><G99/><T93/><D73/><U46/><E46/><V94/><F4/><W79/><G79/><T121/><D75/><U108/><E108/><V16/><F36/><W41/><AGARI ba="1,1" hai="20,25,29,41,47,48,50,53,58,76,77" m="50431" machi="41" ten="30,1100,0" yaku="8,1" doraHai="11" who="3" fromWho="3" sc="290,-6,220,-4,240,-4,240,24" /><INIT seed="1,0,0,4,1,9" ten="284,216,236,264" oya="1" hai0="8,121,131,78,61,110,132,76,12,105,36,13,97" hai1="91,65,69,103,56,73,118,84,87,93,40,21,89" hai2="55,19,102,45,18,101,124,66,106,32,44,70,41" hai3="43,6,34,47,96,123,115,29,57,49,79,3,59"/><U74/><E118/><V48/><F32/><W46/><G115/><T80/><D36/><U39/><E69/><V120/><F120/><W77/><G123/><T104/><D121/><U125/><E125/><V7/><F124/><W133/><G133/><T90/><D132/><U30/><E103/><V122/><F122/><W116/><G116/><T111/><D131/><U28/><E39/><V130/><F130/><W42/><G3/><T88/><D61/><U33/><E33/><V1/><F7/><W83/><G6/><T54/><D54/><U23/><E40/><V128/><F1/><W81/><G96/><T10/><D80/><U38/><E38/><V86/><F128/><W112/><G112/><T99/><AGARI ba="0,0" hai="8,10,12,13,76,78,88,90,97,99,104,105,110,111" machi="99" ten="25,12000,2" yaku="0,1,22,2,52,2,54,1" doraHai="9" who="0" fromWho="0" sc="284,120,216,-60,236,-30,264,-30" /><INIT seed="2,0,0,3,0,73" ten="404,156,206,234" oya="2" hai0="106,39,2,14,9,109,72,108,53,117,32,15,120" hai1="94,133,86,65,134,130,35,40,58,18,38,23,107" hai2="122,26,105,75,78,16,126,54,91,59,48,84,10" hai3="128,13,97,3,28,70,116,50,31,71,5,7,24"/><V132/><F122/><W103/><G116/><T34/><D120/><U92/><E107/><V43/><F105/><W20/><G3/><T25/><D106/><U45/><E35/><V52/><F126/><W114/><G128/><T101/><D101/><U67/><E130/><V42/><F132/><W87/><G114/><T0/><D39/><U66/><E58/><N who="2" m="33095" /><F75/><W27/><G50/><T4/><D72/><U79/><E133/><V60/><F78/><W49/><G49/><T81/><D117/><U19/><E134/><V118/><F118/><W46/><G46/><T127/><D81/><U125/><E125/><V36/><F36/><W102/><G87/><T62/><D127/><U68/><E68/><V83/><F26/><W12/><G20/><T96/><D96/><AGARI ba="0,0" hai="5,7,12,13,24,27,28,31,70,71,96,97,102,103" machi="96" ten="25,1600,0" yaku="22,2" doraHai="73" who="3" fromWho="0" sc="404,-16,156,0,206,0,234,16" /><INIT seed="3,0,0,1,5,87" ten="388,156,206,250" oya="3" hai0="86,70,11,2,133,55,95,93,78,76,84,24,82" hai1="100,58,62,8,19,66,115,5,102,63,41,40,107" hai2="14,85,83,124,57,96,89,94,120,32,126,105,12" hai3="9,20,69,123,34,108,15,26,46,97,91,106,59"/><W103/><G123/><T50/><D70/><U132/><E115/><V71/><F71/><W7/><G69/><T68/><D68/><U134/><E19/><V61/><F105/><W49/><G108/><T127/><D133/><U79/><E79/><V90/><F32/><W101/><G59/><T104/><D104/><U3/><E63/><V17/><F120/><W21/><G103/><T117/><D117/><U56/><E58/><V92/><F92/><W25/><G91/><T53/><D127/><N who="2" m="48682" /><F17/><W23/><REACH who="3" step="1"/><G34/><REACH who="3" ten="388,156,206,240" step="2"/><T1/><D78/><U98/><REACH who="1" step="1"/><E102/><REACH who="1" ten="388,146,206,240" step="2"/><V37/><F37/><W75/><G75/><T118/><D76/><U113/><E113/><V6/><F6/><W43/><AGARI ba="0,2" hai="7,9,15,20,21,23,25,26,43,46,49,97,101,106" machi="43" ten="30,3000,0" yaku="1,1,0,1,53,0" doraHai="87" doraHaiUra="72" who="3" fromWho="3" sc="388,-10,146,-10,206,-10,240,50" /><INIT seed="3,1,0,0,4,5" ten="378,136,196,290" oya="3" hai0="119,39,125,48,111,13,66,80,16,112,6,55,89" hai1="122,91,114,1,34,76,18,37,97,75,63,120,30" hai2="32,7,78,98,20,131,94,83,19,103,23,24,51" hai3="14,100,126,71,31,128,132,77,47,65,58,115,117"/><W27/><G115/><T86/><D39/><U54/><E114/><V4/><F131/><W95/><G117/><T105/><D112/><U133/><E133/><V17/><F32/><W59/><G132/><T129/><D119/><U67/><E54/><V106/><F106/><W72/><G71/><T21/><D111/><U15/><E91/><V116/><F51/><W113/><G47/><T70/><D105/><U124/><E124/><V123/><F123/><W42/><G42/><T62/><D125/><U87/><E87/><N who="2" m="48631" /><F116/><W109/><G113/><T90/><D129/><U85/><E85/><V61/><F61/><W84/><G72/><T68/><D6/><U134/><E134/><V44/><F44/><W11/><G65/><T56/><D90/><U135/><E135/><V96/><F96/><N who="3" m="59423" /><G126/><T110/><D110/><U121/><E1/><V92/><F92/><W22/><G128/><T108/><D108/><U60/><E37/><V107/><F107/><W73/><G73/><T12/><D12/><AGARI ba="1,0" hai="4,7,12,17,19,20,23,24,94,98,103" m="48631" machi="12" ten="30,1000,0" yaku="8,1" doraHai="5" who="2" fromWho="0" sc="378,-13,136,0,196,13,290,0" owari="365,46.5,136,-36.4,209,-19.1,290,9.0" /></mjloggm>