<mjloggm ver="2.3"><GO type="225" lobby="0"/><UN n0="%E6%A9%98%E3%83%AF%E3%83%AB%E3%83%84" n1="%E6%80%AA%E3%81%97%E3%81%99%E3%81%8E%E3%82%8B%E3%83%81%E3%83%BC" n2="%E3%81%82%E3%81%99%E3%81%AB%E3%82%83%E3%82%80" n3="%E7%89%B9%E6%9D%B1%E3%81%AF%E4%B8%96%E7%95%8C%E3%82%92%E6%95%91%E3%81%86" dan="16,16,16,16" rate="2090.96,2140.09,2104.06,2144.75" sx="M,M,F,M"/><TAIKYOKU oya="0"/><INIT seed="0,0,0,2,0,111" ten="250,250,250,250" oya="0" hai0="13,108,118,88,61,83,132,59,1,75,133,95,69" hai1="116,53,91,112,58,25,55,46,85,67,129,45,26" hai2="22,90,127,28,128,130,15,82,21,80,34,107,32" hai3="101,3,121,93,33,30,36,86,104,41,12,119,106"/><T47/><D1/><U6/><E116/><V9/><F107/><W89/><G3/><T27/><D118/><U38/><E129/><N who="2" m="49771" /><F90/><W134/><G119/><T124/><D47/><N who="1" m="17931" /><E38/><V40/><F40/><W110/><G41/><T43/><D43/><U16/><E112/><V63/><F63/><W19/><G36/><T120/><D120/><U66/><E66/><V96/><F96/><W131/><G110/><T123/><D108/><U52/><E6/><V37/><F37/><W105/><G131/><T109/><D109/><U24/><E67/><V65/><F65/><W135/><G121/><T81/><D69/><U74/><E58/><V97/><F97/><N who="3" m="61487" /><G30/><T73/><D27/><U2/><E2/><V56/><F56/><W4/><G33/><N who="2" m="12905" /><F127/><W92/><G4/><T113/><D124/><U35/><E35/><V10/><F28/><W115/><G105/><T68/><D68/><U50/><E74/><V76/><F76/><W14/><G106/><T62/><D123/><U87/><E50/><V100/><F100/><W23/><G93/><T60/><D59/><U114/><E114/><V70/><F70/><W8/><G115/><T0/><D113/><U18/><E87/><V78/><F78/><W11/><G86/><T77/><D0/><U7/><E7/><N who="2" m="3519" /><F10/><W99/><G11/><T84/><D75/><U64/><E64/><V42/><F42/><W31/><G31/><T117/><D117/><U51/><E51/><V44/><F44/><W29/><G29/><T94/><D94/><AGARI ba="0,0" hai="16,18,24,25,26,52,53,55,85,91,94" m="17931" machi="94" ten="30,3900,0" yaku="8,1,54,2" doraHai="111" who="1" fromWho="0" sc="250,-39,250,39,250,0,250,0" /><INIT seed="1,0,0,1,2,44" ten="211,289,250,250" oya="1" hai0="112,89,38,24,43,119,11,33,97,84,17,99,71" hai1="126,4,57,117,39,1,106,9,80,27,54,55,36" hai2="67,87,130,95,2,85,45,90,98,0,74,109,75" hai3="3,5,60,100,21,32,56,49,79,61,129,22,18"/><U81/><E117/><V13/><F109/><W107/><G32/><T26/><D119/><U134/><E106/><V16/><F130/><W35/><G129/><T118/><D112/><U46/><E126/><V113/><F113/><W23/><G35/><T40/><D71/><U8/><E134/><V111/><F111/><W48/><G79/><T128/><D38/><U29/><E9/><V14/><F67/><W127/><G127/><T115/><D115/><U53/><E57/><V7/><F74/><W83/><G83/><T69/><D69/><U96/><E96/><V122/><F75/><W135/><G135/><T62/><D118/><U94/><E94/><V82/><F122/><W91/><G91/><T114/><D114/><U59/><E59/><V72/><F72/><W68/><G18/><T6/><D62/><U124/><E124/><V28/><F28/><W12/><G3/><T64/><D33/><U125/><E125/><V41/><F87/><W92/><G107/><T25/><D128/><U110/><E110/><V121/><F7/><W103/><G68/><T58/><D58/><U133/><E133/><V101/><F121/><W88/><G61/><T42/><D64/><U30/><E36/><V63/><F63/><W120/><G120/><T105/><D105/><U51/><E39/><V116/><F116/><W15/><G103/><T10/><D6/><U47/><E47/><V76/><F101/><W66/><G100/><T37/><D37/><U19/><E19/><V65/><F65/><W34/><G34/><T104/><D104/><U93/><E4/><V132/><F132/><RYUUKYOKU ba="0,0" sc="211,0,289,0,250,0,250,0" /><INIT seed="2,1,0,2,3,19" ten="211,289,250,250" oya="2" hai0="46,69,112,115,123,39,70,63,14,96,42,122,23" hai1="103,87,84,113,126,36,132,13,107,118,99,72,18" hai2="1,58,88,76,81,50,90,17,30,34,133,4,51" hai3="2,108,110,98,56,55,120,10,64,53,32,74,71"/><V78/><F133/><W61/><G74/><T33/><D96/><U31/><E113/><N who="0" m="43593" /><D23/><U15/><E118/><V116/><F116/><W94/><G32/><T117/><D14/><U105/><E36/><V104/><F104/><W7/><G120/><N who="0" m="46123" /><D33/><U85/><E126/><V106/><F106/><W92/><G92/><T86/><D86/><U102/><E132/><V114/><F114/><W127/><G127/><T27/><D27/><U37/><E37/><V135/><F135/><W3/><G2/><T21/><D21/><U66/><E66/><V8/><F78/><W47/><G47/><T93/><D93/><U65/><E65/><V68/><F68/><N who="0" m="26218" /><D63/><U24/><E72/><V82/><F82/><W28/><G28/><T35/><D35/><U49/><E18/><V73/><F17/><W40/><G40/><T100/><D100/><U26/><E84/><V44/><F30/><W60/><REACH who="3" step="1"/><G53/><REACH who="3" ten="211,289,250,240" step="2"/><T83/><D83/><U77/><E31/><V45/><F34/><W0/><G0/><T121/><D121/><U128/><E105/><V25/><F1/><W80/><G80/><T43/><D43/><U52/><E107/><V101/><F81/><W48/><G48/><T5/><D5/><U16/><E49/><V22/><F50/><W57/><G57/><T111/><D117/><U67/><E103/><AGARI ba="1,1" hai="3,7,10,55,56,60,61,64,71,94,98,103,108,110" machi="103" ten="40,1300,0" yaku="1,1,53,0" doraHai="19" doraHaiUra="75" who="3" fromWho="1" sc="211,0,289,-16,250,0,240,26" /><INIT seed="3,0,0,5,4,77" ten="211,273,250,266" oya="3" hai0="72,130,107,75,96,2,60,1,54,49,95,5,132" hai1="67,14,26,133,59,65,82,97,47,24,44,70,134" hai2="62,50,118,3,100,10,52,56,93,125,86,113,48" hai3="22,68,115,76,112,30,121,111,13,27,83,23,29"/><W40/><G121/><T20/><D107/><U11/><E70/><V104/><F113/><W21/><G68/><T103/><D132/><N who="1" m="50795" /><E97/><V123/><F118/><W63/><G111/><T16/><D130/><U122/><E122/><V0/><F123/><W110/><G110/><T109/><D109/><U87/><E26/><V117/><F117/><W101/><G101/><T15/><D60/><N who="1" m="38047" /><E24/><V90/><F125/><W99/><G99/><T127/><D127/><U119/><E67/><V73/><F73/><W116/><G116/><T43/><D43/><U38/><E38/><V85/><F3/><W94/><G30/><T53/><D53/><U98/><E98/><V78/><F100/><W79/><G40/><T129/><D129/><U91/><E119/><V45/><F104/><W120/><G120/><T108/><D108/><U12/><E12/><V131/><F131/><W9/><G29/><T126/><D126/><U31/><E31/><V6/><REACH who="2" step="1"/><F45/><REACH who="2" ten="211,273,240,266" step="2"/><W33/><G115/><T135/><D135/><U80/><E47/><V66/><F66/><W8/><G112/><T69/><D69/><U19/><E44/><V61/><F61/><W55/><G63/><T28/><D2/><U42/><E42/><V114/><F114/><W51/><G55/><T71/><D71/><U58/><E58/><V39/><F39/><W106/><G106/><T88/><D103/><U92/><AGARI ba="0,1" hai="11,14,19,80,82,87,91,92" m="38047,50795" machi="92" ten="30,4000,0" yaku="20,1,52,2" doraHai="77" who="1" fromWho="1" sc="211,-10,273,50,240,-10,266,-20" owari="201,-29.9,323,42.3,230,-17.0,246,4.6" /></mjloggm>