<mjloggm ver="2.3"><GO type="225" lobby="0"/><UN n0="%E3%83%8F%E3%83%B3%E3%83%89%E3%83%A9%E3%83%BC%E3%83%BB%E3%83%AF%E3%83%B3" n1="%4B%2E%32%2E%4B%2E" n2="%E7%89%B9%E6%9D%B1%E3%81%AF%E4%B8%96%E7%95%8C%E3%82%92%E6%95%91%E3%81%86" n3="%E4%BA%BA%E9%96%93%E3%83%81%E3%83%A3%E3%83%BC%E3%83%8F%E3%83%B3" dan="17,16,16,16" rate="2202.00,2109.04,2047.16,2147.96" sx="M,M,M,M"/><TAIKYOKU oya="0"/><INIT seed="0,0,0,3,1,58" ten="250,250,250,250" oya="0" hai0="98,8,92,72,7,74,41,91,117,115,1,25,63" hai1="16,36,81,19,21,40,49,37,13,127,11,100,14" hai2="113,27,95,17,99,28,38,51,108,32,53,70,64" hai3="54,68,124,43,93,103,120,105,67,30,133,77,76"/><T4/><D115/><U125/><E100/><V96/><F113/><W134/><G120/><T31/><D117/><U65/><E81/><V118/><F38/><W75/><G124/><N who="1" m="47690" /><E65/><V50/><F108/><W42/><G105/><T22/><D7/><U60/><E60/><V94/><F118/><W130/><G130/><T111/><D111/><U10/><E21/><V101/><F17/><W119/><G119/><T80/><D41/><N who="3" m="15369" /><G75/><T20/><D20/><U102/><E102/><V86/><F86/><W69/><G30/><T35/><D22/><U90/><E90/><V56/><F64/><W66/><G54/><T97/><D97/><U6/><E6/><V129/><F70/><N who="3" m="27243" /><G103/><T104/><D104/><U84/><E84/><V132/><F129/><W116/><G116/><T5/><D5/><U24/><E24/><V112/><F112/><W62/><G93/><T71/><REACH who="0" step="1"/><D80/><REACH who="0" ten="240,250,250,250" step="2"/><U18/><E18/><V45/><F99/><W0/><G0/><T126/><D126/><U9/><E10/><V55/><REACH who="2" step="1"/><F132/><REACH who="2" ten="240,250,240,250" step="2"/><W2/><G134/><T33/><D33/><U114/><E114/><V109/><F109/><W48/><G133/><T87/><D87/><U78/><E37/><V85/><F85/><W26/><G77/><T122/><D122/><U88/><E78/><V79/><F79/><W59/><G76/><T12/><D12/><U128/><E36/><V47/><F47/><W61/><G2/><T44/><D44/><N who="1" m="25735" /><E128/><V131/><F131/><W110/><G110/><T106/><D106/><AGARI ba="0,2" hai="27,28,32,45,50,51,53,55,56,94,95,96,101,106" machi="106" ten="30,3900,0" yaku="1,1,7,1,53,1" doraHai="58" doraHaiUra="29" who="2" fromWho="0" sc="240,-39,250,0,240,59,250,0" /><INIT seed="1,0,0,4,0,82" ten="201,250,299,250" oya="1" hai0="11,37,130,73,19,67,78,120,5,63,18,9,105" hai1="54,43,90,66,70,107,75,83,3,125,129,13,29" hai2="56,69,117,101,42,35,58,45,87,127,55,0,65" hai3="111,79,95,21,26,25,16,116,10,17,28,50,84"/><U1/><E107/><V99/><F117/><W34/><G116/><T102/><D37/><U92/><E125/><V36/><F0/><W96/><G111/><T71/><D130/><U109/><E129/><V68/><F127/><W64/><G64/><T15/><D120/><U128/><E128/><V49/><F35/><W112/><G112/><T80/><REACH who="0" step="1"/><D11/><REACH who="0" ten="191,250,299,250" step="2"/><U6/><E109/><V77/><F65/><W51/><G10/><T88/><D88/><U103/><E90/><V40/><F36/><W31/><G79/><T110/><D110/><U104/><E66/><V85/><F77/><W60/><G60/><T33/><D33/><U20/><E103/><V39/><F39/><W7/><G7/><T93/><D93/><U97/><E92/><V86/><F68/><W48/><REACH who="3" step="1"/><G84/><REACH who="3" ten="191,250,299,240" step="2"/><T46/><D46/><U14/><E6/><V91/><F87/><W133/><G133/><T118/><D118/><U59/><E75/><V8/><F86/><W81/><G81/><T131/><D131/><U53/><E83/><V134/><F8/><W135/><G135/><T122/><D122/><U24/><E1/><V100/><F134/><W23/><G23/><T4/><D4/><U94/><E3/><V52/><F85/><W61/><G61/><T108/><D108/><U76/><E76/><V89/><F45/><W123/><G123/><T44/><D44/><U12/><E20/><V115/><F115/><W119/><G119/><T27/><D27/><U30/><E24/><V47/><F47/><W113/><G113/><T62/><D62/><U126/><E126/><V106/><F49/><RYUUKYOKU ba="0,2" sc="191,15,250,-15,299,-15,240,15" hai0="5,9,15,18,19,63,67,71,73,78,80,102,105" hai3="16,17,21,25,26,28,31,34,48,50,51,95,96" /><INIT seed="2,1,2,4,3,132" ten="206,235,284,255" oya="2" hai0="68,7,52,67,82,62,100,122,41,77,47,53,113" hai1="86,45,59,57,73,90,101,4,80,84,12,106,36" hai2="54,102,6,70,39,97,35,74,133,115,43,92,124" hai3="2,112,87,48,81,1,134,63,131,107,15,44,117"/><V121/><F115/><W123/><G117/><T14/><D122/><U25/><E73/><V9/><F121/><W111/><G123/><T130/><D130/><U89/><E106/><V24/><F133/><W31/><G107/><T118/><D100/><U42/><E101/><V64/><F74/><W40/><G134/><T50/><D113/><U135/><E135/><V91/><F43/><W116/><G112/><T38/><D118/><U27/><E4/><V55/><F39/><W128/><G116/><T66/><D66/><U71/><E71/><V88/><F124/><W76/><G111/><T79/><D53/><U114/><E12/><V29/><F64/><W99/><G31/><T37/><D82/><U33/><E114/><V21/><F70/><W46/><G63/><T22/><D38/><U49/><E33/><V51/><F35/><W13/><G99/><T56/><D22/><U19/><E19/><V20/><F20/><W125/><G46/><T98/><D98/><U72/><E72/><V10/><F55/><W127/><G13/><T105/><D105/><U119/><E119/><V104/><F104/><W23/><G23/><T85/><D85/><U120/><E120/><V11/><REACH who="2" step="1"/><F6/><REACH who="2" ten="206,235,274,255" step="2"/><W95/><G125/><T108/><D108/><U0/><E36/><V60/><F60/><W78/><G127/><T28/><D28/><U103/><E42/><V61/><F61/><W126/><G126/><T96/><D96/><U109/><E109/><V65/><F65/><W17/><G40/><T69/><D69/><U58/><E49/><V93/><F93/><W30/><G95/><RYUUKYOKU ba="1,3" sc="206,15,235,-15,274,15,255,-15" hai0="7,14,37,41,47,50,52,56,62,67,68,77,79" hai2="9,10,11,21,24,29,51,54,88,91,92,97,102" /><INIT seed="2,2,3,4,2,15" ten="221,220,289,240" oya="2" hai0="26,3,5,1,104,0,92,4,120,108,88,75,80" hai1="33,36,73,121,63,18,24,70,99,129,118,93,51" hai2="19,90,59,84,32,111,31,16,64,97,115,39,45" hai3="20,43,95,106,44,25,35,125,14,22,62,46,109"/><V127/><F115/><W135/><G106/><T68/><D120/><U101/><E121/><V29/><F127/><W54/><G125/><T49/><D68/><U83/><E118/><V50/><F39/><W2/><G2/><T79/><D104/><U134/><E36/><V17/><F111/><W8/><G109/><T76/><D108/><U61/><E70/><V41/><F97/><W117/><G117/><T85/><D79/><U13/><E129/><V65/><F32/><W123/><G123/><T116/><D116/><U114/><E114/><V102/><F102/><W27/><G135/><T124/><D124/><U7/><E134/><V133/><F133/><W72/><G72/><T91/><D49/><U82/><E51/><V77/><F77/><W40/><G35/><T52/><D52/><U23/><E73/><V130/><F130/><W42/><G95/><T113/><D113/><U81/><REACH who="1" step="1"/><E33/><REACH who="1" ten="221,210,289,240" step="2"/><V48/><F50/><W128/><G128/><T69/><D69/><U47/><E47/><V58/><F58/><N who="3" m="35159" /><G46/><T98/><REACH who="0" step="1"/><D26/><REACH who="0" ten="211,210,289,240" step="2"/><N who="3" m="9737" /><G44/><T28/><D28/><N who="2" m="10826" /><F59/><W131/><G131/><T57/><D57/><U94/><E94/><AGARI ba="2,5" hai="16,17,19,41,45,48,64,65,84,90,94" m="10826" machi="94" ten="30,12000,1" yaku="8,1,52,3,54,1" doraHai="15" who="2" fromWho="1" sc="211,0,210,-126,289,176,240,0" /><AGARI ba="2,0" hai="0,1,3,4,5,75,76,80,85,88,91,92,94,98" machi="94" ten="40,2600,0" yaku="1,1,54,1,53,0" doraHai="15" doraHaiUra="103" who="0" fromWho="1" sc="211,26,84,-26,465,0,240,0" /><INIT seed="2,3,0,2,4,92" ten="237,58,465,240" oya="2" hai0="74,26,134,62,3,78,89,88,109,131,60,6,13" hai1="28,79,94,12,67,15,54,106,2,124,53,46,81" hai2="5,43,126,101,114,9,85,55,22,105,117,93,51" hai3="68,34,97,47,61,125,113,118,27,44,0,66,103"/><V99/><F117/><W71/><G118/><T127/><D3/><U111/><E106/><V70/><F126/><W40/><G0/><T108/><D127/><U72/><E124/><V59/><F114/><W87/><G125/><T107/><D107/><U90/><E111/><N who="0" m="42569" /><D131/><U50/><E2/><V21/><F70/><N who="3" m="42319" /><G87/><T58/><D26/><U110/><E110/><V35/><F35/><W32/><G113/><T23/><D134/><U18/><E67/><V82/><F43/><W14/><G14/><T45/><D45/><U116/><E116/><V96/><F9/><W52/><G52/><N who="0" m="33863" /><D62/><U102/><E102/><V95/><F5/><W7/><G47/><T100/><D100/><U135/><E135/><V104/><F104/><N who="3" m="63599" /><G7/><T69/><D69/><N who="3" m="26697" /><G27/><T80/><D6/><U132/><E132/><V75/><F105/><W77/><G77/><T8/><D8/><U63/><E15/><V20/><F75/><W65/><G65/><T48/><D48/><U10/><E54/><V83/><F85/><W91/><G91/><AGARI ba="3,0" hai="20,21,22,51,55,59,82,83,91,93,95,96,99,101" machi="91" ten="40,7700,0" yaku="8,1,52,2" doraHai="92" who="2" fromWho="3" sc="237,0,58,0,465,86,240,-86" /><INIT seed="2,4,0,4,2,11" ten="237,58,551,154" oya="2" hai0="78,27,25,49,20,40,122,9,47,93,4,0,84" hai1="107,98,32,127,69,51,110,108,15,111,41,131,87" hai2="83,95,36,103,46,2,28,116,56,96,29,60,22" hai3="77,94,42,99,19,125,16,92,53,13,62,57,52"/><V88/><F116/><W114/><G125/><T55/><D122/><U117/><E117/><V7/><F2/><W64/><G114/><T90/><D78/><U76/><E127/><V65/><F7/><W118/><G118/><T44/><D20/><U91/><E131/><V14/><F36/><AGARI ba="4,0" hai="0,4,9,25,27,36,40,44,47,49,55,84,90,93" machi="36" ten="30,1000,0" yaku="7,1" doraHai="11" who="0" fromWho="2" sc="237,22,58,0,551,-22,154,0" /><INIT seed="3,0,0,2,0,100" ten="259,58,529,154" oya="3" hai0="18,20,29,40,98,91,37,64,27,56,34,88,108" hai1="55,53,13,126,10,11,68,93,67,30,35,87,131" hai2="7,123,69,25,116,106,112,49,21,110,74,32,28" hai3="103,3,50,36,73,102,12,24,52,113,129,54,84"/><W134/><G113/><T42/><D108/><U122/><E126/><V63/><F74/><W59/><G3/><T99/><D37/><U133/><E122/><V70/><F112/><W19/><G73/><T120/><D120/><U81/><E131/><V124/><F123/><W92/><G36/><T127/><D127/><U9/><E133/><V121/><F121/><W86/><G129/><T22/><D34/><U115/><E115/><V6/><F116/><W78/><G134/><T57/><D64/><U105/><E93/><V82/><F124/><W14/><G78/><T61/><D61/><U119/><E119/><V117/><F82/><W46/><G24/><N who="0" m="14359" /><D99/><U89/><E67/><V97/><F69/><W60/><G14/><T45/><D45/><U2/><E2/><V0/><F0/><W47/><G46/><T65/><D65/><U85/><E68/><V96/><F117/><W43/><G43/><N who="0" m="16427" /><D98/><U90/><E35/><V38/><F21/><N who="3" m="11495" /><G86/><T83/><D83/><U94/><E30/><V62/><F7/><W95/><G95/><T79/><D79/><U15/><REACH who="1" step="1"/><E105/><REACH who="1" ten="259,48,529,154" step="2"/><V1/><F1/><W17/><G17/><T111/><D111/><U26/><E26/><V5/><F110/><W118/><G118/><T41/><D41/><U33/><E33/><V8/><F38/><W132/><G132/><T44/><D44/><U128/><E128/><V107/><F107/><W66/><G66/><T109/><D109/><U31/><E31/><V130/><F106/><W75/><G92/><T76/><D27/><U58/><E58/><V80/><F130/><W71/><G71/><RYUUKYOKU ba="0,1" sc="259,-10,48,30,529,-10,154,-10" hai1="9,10,11,13,15,53,55,81,85,87,89,90,94" owari="249,4.9,78,-42.2,529,62.9,144,-25.6" /></mjloggm>