<mjloggm ver="2.3"><GO type="225" lobby="0"/><UN n0="%E4%B8%89%E5%88%86%E5%B0%8F%E5%83%A7" n1="%E8%A8%88%E7%AE%97%E6%A9%9F%E8%87%AA%E7%84%B6" n2="%E5%B8%86%E7%AB%8B%E5%A4%8F%E8%A1%A3" n3="%E7%89%B9%E6%9D%B1%E3%81%AF%E4%B8%96%E7%95%8C%E3%82%92%E6%95%91%E3%81%86" dan="16,17,17,16" rate="2115.22,2191.21,2142.21,2134.60" sx="M,M,M,M"/><TAIKYOKU oya="0"/><INIT seed="0,0,0,4,4,135" ten="250,250,250,250" oya="0" hai0="131,118,62,51,49,74,83,76,22,67,89,65,17" hai1="9,94,8,124,107,69,0,59,37,93,88,31,127" hai2="41,35,80,82,98,19,2,44,134,20,5,18,11" hai3="123,119,47,28,95,106,96,79,55,87,110,13,78"/><T122/><D131/><U103/><E69/><V117/><F134/><W85/><G119/><T92/><D118/><U32/><E37/><V81/><F117/><W40/><G106/><T77/><D77/><U36/><E36/><V97/><F35/><W26/><G110/><T52/><D122/><U34/><E59/><V102/><F20/><W38/><G123/><T129/><D129/><U128/><E128/><V66/><F66/><W61/><G13/><T121/><D51/><U115/><E115/><V113/><F113/><W21/><G79/><T64/><D62/><U1/><E107/><V60/><F60/><W63/><G78/><T14/><D121/><U68/><E103/><V104/><REACH who="2" step="1"/><F98/><REACH who="2" ten="250,250,240,250" step="2"/><W30/><G63/><T58/><REACH who="0" step="1"/><D65/><REACH who="0" ten="240,250,240,250" step="2"/><U7/><E32/><V48/><AGARI ba="0,2" hai="2,5,11,18,19,41,44,48,80,81,82,97,102,104" machi="48" ten="30,4000,0" yaku="1,1,2,1,0,1,53,0" doraHai="135" doraHaiUra="72" who="2" fromWho="2" sc="240,-20,250,-10,240,60,250,-10" /><INIT seed="1,0,0,3,4,131" ten="220,240,300,240" oya="1" hai0="66,94,28,64,18,126,39,15,24,29,42,19,118" hai1="119,81,51,103,65,116,87,50,33,108,36,121,58" hai2="44,49,17,122,111,89,67,27,106,9,70,56,90" hai3="38,3,60,74,20,124,46,34,6,14,109,99,21"/><U128/><E33/><V32/><F122/><W112/><G112/><T10/><D118/><U105/><E36/><V95/><F106/><W48/><G34/><T11/><D126/><U93/><E105/><V92/><F70/><W59/><G74/><T110/><D110/><U134/><E121/><V61/><F111/><W31/><G38/><T63/><D39/><U71/><E108/><V55/><F32/><W83/><G3/><T127/><D42/><U12/><E71/><V78/><F78/><W37/><G37/><T77/><D127/><U25/><E25/><V98/><F27/><W7/><G124/><T79/><D94/><U75/><E75/><V52/><F17/><N who="3" m="10295" /><G83/><T62/><D24/><U85/><E128/><V73/><F9/><W1/><G1/><T80/><REACH who="0" step="1"/><D15/><REACH who="0" ten="210,240,300,240" step="2"/><U117/><E12/><V96/><REACH who="2" step="1"/><F73/><REACH who="2" ten="210,240,290,240" step="2"/><W114/><G109/><T129/><D129/><U35/><E117/><V135/><F135/><W43/><G114/><T53/><D53/><AGARI ba="0,2" hai="44,49,52,53,55,56,61,67,89,90,92,95,96,98" machi="53" ten="30,8000,1" yaku="1,1,7,1,9,1,8,1,54,1,53,0" doraHai="131" doraHaiUra="133" who="2" fromWho="0" sc="210,-80,240,0,290,100,240,0" /><INIT seed="2,0,0,3,3,2" ten="130,240,390,240" oya="2" hai0="90,70,7,76,116,52,42,83,101,30,93,63,46" hai1="80,87,73,82,97,128,48,0,55,113,110,26,99" hai2="14,29,89,53,102,34,68,103,71,13,16,72,112" hai3="64,54,105,108,67,31,120,10,41,5,107,21,98"/><V114/><F72/><W81/><G120/><T32/><D101/><U38/><E113/><V119/><F119/><W4/><G108/><T27/><D116/><U134/><E38/><V126/><F126/><W47/><G54/><T125/><D125/><U66/><E0/><V18/><F29/><W19/><G31/><T39/><D70/><U131/><E110/><V106/><F53/><W49/><G81/><T78/><D83/><U58/><E134/><V109/><F109/><W133/><G133/><T43/><D43/><U37/><E37/><V3/><F3/><W124/><G124/><T33/><D33/><U85/><E26/><V115/><F115/><W23/><G23/><T84/><REACH who="0" step="1"/><D7/><REACH who="0" ten="120,240,390,240" step="2"/><U28/><E80/><V75/><F34/><W127/><G127/><T62/><D62/><U51/><E82/><V88/><F75/><W25/><G5/><T24/><D24/><U74/><E73/><V104/><AGARI ba="0,1" hai="13,14,16,18,68,71,88,89,102,103,104,106,112,114" machi="104" ten="25,12000,1" yaku="0,1,22,2,54,2" doraHai="2" who="2" fromWho="2" sc="120,-40,240,-40,390,130,240,-40" /><INIT seed="2,1,0,5,1,5" ten="80,200,520,200" oya="2" hai0="43,90,72,62,121,132,13,66,87,81,116,44,134" hai1="94,4,48,131,123,37,74,49,28,36,1,15,71" hai2="92,129,120,86,41,47,17,75,22,59,6,58,23" hai3="68,40,96,63,106,83,113,3,126,53,52,111,78"/><V79/><F120/><W31/><G3/><T101/><D121/><U105/><E105/><V65/><F129/><W45/><G31/><T69/><D116/><U39/><E74/><V119/><F119/><W57/><G68/><T61/><D72/><U99/><E71/><V77/><F6/><W109/><G126/><T38/><D62/><U16/><E28/><V51/><F75/><N who="3" m="43487" /><G96/><T26/><D101/><U95/><E95/><V42/><F42/><W35/><G35/><T10/><REACH who="0" step="1"/><D26/><REACH who="0" ten="70,200,520,200" step="2"/><U64/><E123/><V100/><F100/><W70/><G63/><T84/><D84/><U30/><E131/><V33/><F86/><W25/><G25/><T98/><D98/><U89/><E64/><V118/><F65/><W27/><G27/><T133/><D133/><U11/><REACH who="1" step="1"/><E30/><REACH who="1" ten="70,190,520,200" step="2"/><V14/><F118/><W2/><G111/><T107/><D107/><U112/><E112/><V18/><F92/><W85/><G106/><T103/><D103/><U50/><E50/><V7/><F33/><W114/><G109/><T115/><D115/><U135/><E135/><V8/><F51/><W127/><G114/><T91/><D91/><U122/><E122/><V67/><F67/><W21/><G113/><T80/><D80/><U19/><E19/><AGARI ba="1,2" hai="10,13,19,38,43,44,61,66,69,81,87,90,132,134" machi="19" ten="40,2600,0" yaku="1,1,52,1,53,0" doraHai="5" doraHaiUra="97" who="0" fromWho="1" sc="70,49,190,-29,520,0,200,0" /><INIT seed="3,0,0,1,4,6" ten="119,161,520,200" oya="3" hai0="53,83,97,96,48,2,119,41,27,112,58,122,59" hai1="93,9,75,37,134,52,108,30,25,80,107,12,67" hai2="115,79,63,46,40,11,50,81,85,15,133,61,100" hai3="120,18,35,55,69,73,3,70,44,0,121,71,5"/><W113/><G113/><T125/><D119/><U54/><E107/><V64/><F133/><W33/><G73/><T94/><D122/><U123/><E123/><V116/><F116/><W118/><G118/><T127/><D112/><U56/><E37/><V42/><F115/><W104/><G104/><T28/><D2/><U124/><E134/><V24/><F100/><W19/><G69/><T131/><D131/><U13/><E108/><V45/><F24/><W10/><G5/><T29/><D41/><U43/><E43/><V129/><F129/><W38/><G55/><T95/><D83/><U51/><E124/><V105/><F105/><W117/><G117/><T1/><D1/><U66/><E12/><V99/><F99/><W128/><G128/><T17/><D17/><N who="1" m="8367" /><E75/><V102/><F102/><W130/><G130/><T103/><D59/><N who="1" m="33183" /><E93/><V31/><F31/><W132/><G132/><T34/><REACH who="0" step="1"/><D29/><REACH who="0" ten="109,161,520,200" step="2"/><U87/><E30/><V65/><F42/><W106/><G3/><T8/><D8/><U21/><E56/><V39/><F39/><W114/><G0/><T7/><D7/><U26/><E54/><V76/><F46/><W62/><G44/><T4/><D4/><U92/><E80/><V16/><F76/><W49/><G121/><T82/><D82/><U20/><E66/><AGARI ba="0,1" hai="11,15,16,40,45,50,61,63,64,65,66,79,81,85" machi="66" ten="40,5200,0" yaku="8,1,52,1,54,1" doraHai="6" who="2" fromWho="1" sc="109,0,161,-52,520,62,200,0" owari="109,-29.1,109,-39.1,582,68.2,200,0.0" /></mjloggm>