<mjloggm ver="2.3"><GO type="225" lobby="0"/><UN n0="%E3%81%86%E3%82%8C%E3%81%9F%E3%82%93%E6%9E%95" n1="%E6%B0%B7%E5%B7%9D%E9%87%8C%E5%A5%88" n2="%E3%81%B5%E3%81%98%E3%81%8B%E3%81%A4" n3="%E7%99%BD%E6%97%A5%E9%9B%AA%E8%8F%9C" dan="16,16,16,17" rate="2088.08,2080.49,2167.29,2226.70" sx="F,F,M,M"/><TAIKYOKU oya="0"/><INIT seed="0,0,0,5,1,125" ten="250,250,250,250" oya="0" hai0="36,33,134,11,23,0,9,78,53,127,54,62,34" hai1="35,73,80,4,61,10,95,55,88,24,2,109,70" hai2="92,130,42,27,102,29,107,131,120,48,79,6,65" hai3="37,13,122,97,117,28,89,58,46,60,44,25,14"/><T21/><D127/><U132/><E109/><V47/><F120/><W104/><G117/><T32/><D36/><U19/><E132/><V112/><F112/><W51/><G37/><T87/><D134/><U113/><E113/><V63/><F79/><W59/><G122/><T124/><D124/><U43/><E43/><V26/><F6/><W16/><G44/><T69/><D0/><U128/><E128/><N who="2" m="49195" /><F107/><W82/><G104/><T1/><D1/><U18/><E80/><V108/><F108/><W93/><G82/><T20/><D78/><U75/><E18/><V31/><F102/><W68/><G68/><T38/><D38/><U3/><E3/><V100/><F100/><W30/><G13/><T81/><D69/><U72/><E70/><N who="2" m="42303" /><F92/><W5/><G5/><T50/><D62/><U133/><E133/><V99/><F99/><W123/><G123/><T121/><D121/><U8/><E73/><V118/><F118/><W110/><G60/><T15/><D81/><U17/><E72/><V40/><F40/><N who="3" m="25031" /><G110/><T116/><D116/><U39/><E75/><V84/><F84/><W106/><G106/><T135/><D87/><U101/><E101/><V86/><F86/><W126/><G126/><T74/><D74/><U114/><E114/><V119/><F119/><W71/><G93/><T105/><D105/><U66/><E95/><V12/><F12/><W83/><G14/><T129/><D129/><U91/><E2/><V85/><F85/><W96/><G96/><T67/><D135/><U57/><E4/><V76/><F76/><W103/><G97/><T90/><D15/><RYUUKYOKU ba="0,0" sc="250,-10,250,-10,250,30,250,-10" hai2="26,27,29,31,42,47,48" /><INIT seed="1,1,0,2,1,93" ten="240,240,280,240" oya="1" hai0="110,103,10,67,4,36,109,62,21,43,116,91,61" hai1="54,0,35,86,114,135,107,13,84,64,130,33,25" hai2="34,56,89,49,58,19,44,90,115,39,27,46,131" hai3="104,118,59,22,127,82,125,28,38,40,30,83,70"/><U74/><E114/><V53/><F115/><W45/><G70/><T117/><D103/><U16/><E0/><V121/><F121/><W50/><G104/><T128/><D128/><U111/><E74/><V1/><F1/><W134/><G134/><T72/><D72/><U2/><E2/><V41/><F131/><W95/><G118/><T69/><D61/><U129/><E64/><V5/><F5/><W101/><G38/><T66/><D66/><U18/><E107/><V126/><F126/><N who="3" m="48139" /><G59/><T106/><D106/><U92/><E54/><V57/><REACH who="2" step="1"/><F19/><REACH who="2" ten="240,240,270,240" step="2"/><W42/><G30/><AGARI ba="1,1" hai="27,30,34,39,41,44,46,49,53,56,57,58,89,90" machi="30" ten="40,2600,0" yaku="1,1,2,1,53,0" doraHai="93" doraHaiUra="94" who="2" fromWho="3" sc="240,0,240,0,270,39,240,-29" /><INIT seed="2,0,0,4,1,77" ten="240,240,309,211" oya="2" hai0="43,27,37,128,17,64,133,104,7,111,15,84,36" hai1="123,39,31,55,119,5,75,92,76,67,50,38,0" hai2="41,85,3,26,46,96,9,20,93,40,18,29,121" hai3="88,22,13,78,98,73,101,82,83,52,33,6,68"/><V60/><F121/><W58/><G33/><T59/><D111/><U35/><E119/><V115/><F115/><W30/><G68/><T57/><D128/><U4/><E67/><V19/><F60/><W107/><G30/><T127/><D133/><U103/><E123/><V94/><F41/><W62/><G22/><T34/><D127/><U1/><E103/><V11/><F11/><W126/><G126/><T81/><D104/><U131/><E92/><V28/><F28/><W32/><G32/><T105/><D105/><U113/><E113/><V91/><F3/><W24/><G24/><T134/><D134/><U97/><E97/><V42/><F9/><W122/><G122/><T70/><D70/><U124/><E124/><V89/><REACH who="2" step="1"/><F40/><REACH who="2" ten="240,240,299,211" step="2"/><W21/><G6/><T129/><D43/><U47/><E0/><V63/><F63/><W23/><REACH who="3" step="1"/><G13/><REACH who="3" ten="240,240,299,201" step="2"/><T114/><D15/><U135/><E1/><V118/><F118/><W99/><G99/><T61/><D114/><U54/><E31/><V56/><F56/><W125/><G125/><T110/><D57/><U44/><E131/><V74/><F74/><W25/><G25/><T130/><D129/><U79/><E75/><V106/><F106/><W10/><G10/><T108/><D130/><U8/><E135/><V86/><F86/><AGARI ba="0,2" hai="21,23,52,58,62,73,78,82,83,86,88,98,101,107" machi="86" ten="40,12000,2" yaku="1,1,52,2,54,2,53,1" doraHai="77" doraHaiUra="95" who="3" fromWho="2" sc="240,0,240,0,299,-120,201,140" /><INIT seed="3,0,0,4,2,91" ten="240,240,179,341" oya="3" hai0="132,48,57,125,23,33,128,107,109,133,87,27,13" hai1="130,40,71,58,18,69,103,82,61,63,105,75,129" hai2="114,10,14,96,94,17,31,66,99,44,117,29,90" hai3="11,52,70,134,8,92,42,3,102,46,45,55,120"/><W72/><G120/><T25/><D109/><U65/><E40/><V81/><F117/><W24/><G72/><T35/><D107/><U124/><E124/><V26/><F114/><W21/><G70/><T51/><D87/><U30/><E30/><V59/><F44/><W19/><G134/><N who="0" m="51819" /><D125/><U86/><E75/><V64/><F81/><W12/><G3/><T36/><D36/><U119/><E119/><V9/><F9/><W100/><G8/><T62/><D13/><U2/><E2/><V49/><F31/><W88/><G100/><T38/><D38/><U32/><E32/><N who="0" m="12361" /><D128/><N who="1" m="49259" /><E18/><V115/><F115/><W47/><G102/><T60/><D60/><U37/><E37/><V113/><F113/><W111/><G42/><T43/><D43/><U108/><E108/><V20/><REACH who="2" step="1"/><F99/><REACH who="2" ten="240,240,169,341" step="2"/><N who="3" m="57735" /><G111/><T121/><D121/><U95/><E82/><V73/><F73/><W83/><G83/><T74/><D74/><U56/><E86/><V89/><F89/><W76/><G76/><T78/><D78/><U6/><E6/><AGARI ba="0,1" hai="6,11,12,19,21,24,45,46,47,52,55" m="57735" machi="6" ten="30,11600,0" yaku="8,1,52,1,54,2" doraHai="91" who="3" fromWho="1" sc="240,0,240,-116,169,0,341,126" owari="240,4.0,124,-37.6,169,-23.1,467,56.7" /></mjloggm>