<mjloggm ver="2.3"><GO type="225" lobby="0"/><UN n0="%E9%BB%92%E9%89%84%E7%8F%A0%E9%9B%AB" n1="%E3%82%82%E3%81%90%E3%82%89" n2="%E3%81%B6%E3%82%8B%E3%82%8B%E3%81%B6%E3%81%B6" n3="%E3%81%8F%E3%82%8A%E3%83%94%E3%83%BC" dan="16,17,16,16" rate="2183.86,2143.13,2093.01,2082.83" sx="F,M,M,M"/><TAIKYOKU oya="0"/><INIT seed="0,0,0,3,3,111" ten="250,250,250,250" oya="0" hai0="73,43,1,91,83,58,11,59,135,71,20,66,64" hai1="23,62,86,99,2,9,44,60,94,126,0,46,98" hai2="68,70,34,10,104,76,24,133,15,50,49,48,67" hai3="97,129,31,132,55,84,124,53,95,118,127,4,39"/><T102/><D71/><U77/><E126/><V17/><F104/><W114/><G114/><T109/><D135/><U42/><E23/><V38/><F38/><W6/><G118/><T36/><D102/><U78/><E86/><V123/><F123/><W89/><G39/><T13/><D109/><U47/><E42/><V41/><F133/><W25/><G129/><T119/><D119/><U85/><E85/><V16/><F76/><N who="1" m="29289" /><E94/><V105/><F105/><W32/><G132/><T40/><D73/><U110/><E110/><V18/><F41/><N who="0" m="15946" /><D1/><N who="1" m="619" /><E9/><V81/><F81/><W106/><G84/><N who="0" m="50591" /><D20/><U5/><E5/><N who="3" m="2154" /><G106/><T45/><D45/><U125/><E125/><AGARI ba="0,0" hai="25,31,32,53,55,89,95,97,124,125,127" m="2154" machi="125" ten="30,1000,0" yaku="18,1" doraHai="111" who="3" fromWho="1" sc="250,0,250,-10,250,0,250,10" /><INIT seed="1,0,0,4,4,75" ten="250,240,250,260" oya="1" hai0="114,65,6,97,86,111,15,66,74,125,37,55,60" hai1="95,34,102,56,59,73,104,33,39,81,92,7,99" hai2="41,78,16,64,68,8,23,128,96,103,46,83,19" hai3="12,10,119,50,4,14,58,82,21,9,30,52,134"/><U76/><E39/><V36/><F128/><W48/><G134/><T79/><D114/><U3/><E7/><V45/><F45/><W133/><G133/><T70/><D74/><U32/><E3/><V129/><F129/><W122/><G119/><T126/><D37/><U127/><E127/><N who="0" m="48649" /><D97/><U107/><REACH who="1" step="1"/><E95/><REACH who="1" ten="250,230,250,260" step="2"/><V44/><F36/><W27/><G122/><T123/><D123/><U25/><E25/><V94/><F94/><W118/><G118/><T11/><D111/><U109/><E109/><V85/><F41/><W2/><G2/><T71/><D6/><U47/><E47/><V113/><F44/><W51/><G82/><N who="0" m="47455" /><D15/><U131/><E131/><V87/><F46/><W63/><G4/><T89/><D71/><U22/><E22/><V28/><F68/><W91/><G14/><T121/><D70/><U43/><E43/><V54/><F23/><W93/><REACH who="3" step="1"/><G12/><REACH who="3" ten="250,230,250,250" step="2"/><T5/><D121/><U62/><E62/><V53/><F113/><W26/><G26/><T40/><D5/><U88/><E88/><V116/><F116/><W110/><G110/><T115/><D89/><U100/><E100/><V120/><F103/><W13/><G13/><T135/><D115/><U72/><E72/><V29/><F120/><W108/><G108/><T18/><D135/><U101/><E101/><V124/><F124/><W130/><G130/><T80/><D40/><U1/><E1/><V61/><F8/><W20/><G20/><T112/><D112/><U77/><E77/><V38/><F78/><W31/><G31/><T106/><D60/><U84/><E84/><AGARI ba="0,2" hai="9,10,21,27,30,48,50,51,52,58,63,84,91,93" machi="84" ten="40,8000,1" yaku="1,1,8,1,54,1,53,1" doraHai="75" doraHaiUra="49" who="3" fromWho="1" sc="250,0,230,-80,250,0,250,100" /><INIT seed="2,0,0,5,4,71" ten="250,150,250,350" oya="2" hai0="98,57,102,3,6,70,128,32,113,55,53,122,41" hai1="85,74,28,33,49,9,130,101,59,81,20,86,0" hai2="91,8,11,66,99,92,120,72,121,15,12,117,38" hai3="26,64,83,45,56,75,18,22,127,39,125,89,103"/><V51/><F117/><W58/><G103/><T24/><D122/><U80/><E33/><V106/><F72/><W108/><G108/><T131/><D113/><U109/><E109/><V124/><F124/><N who="3" m="47691" /><G64/><T50/><D70/><U118/><E118/><V135/><F135/><W79/><G89/><T129/><D3/><U13/><E130/><V27/><F66/><W44/><G44/><T7/><D41/><AGARI ba="0,0" hai="18,22,26,39,41,45,56,58,75,79,83" m="47691" machi="41" ten="30,2000,0" yaku="18,1,52,1" doraHai="71" who="3" fromWho="0" sc="250,-20,150,0,250,0,350,20" /><INIT seed="3,0,0,4,1,22" ten="230,150,250,370" oya="3" hai0="64,73,7,21,42,67,25,109,32,79,128,29,107" hai1="20,85,89,68,91,74,44,127,86,102,47,122,52" hai2="110,120,84,114,115,60,48,43,98,104,82,131,76" hai3="134,66,33,116,30,93,133,100,87,70,0,88,57"/><W72/><G72/><T62/><D109/><U40/><E127/><V27/><F110/><W77/><G77/><T45/><D128/><U129/><E129/><V97/><F131/><W41/><G70/><T125/><D125/><U78/><E122/><V46/><F120/><W10/><G41/><T124/><D124/><U53/><E68/><V3/><F3/><W36/><G36/><T1/><D107/><U26/><E102/><V28/><F60/><W123/><G116/><T95/><D95/><U5/><E5/><V75/><F75/><W31/><G100/><T81/><D32/><U8/><E8/><V15/><F15/><W94/><G94/><T35/><D21/><U63/><E78/><V4/><F4/><W55/><G66/><T2/><D7/><U111/><E74/><V37/><F98/><W99/><G87/><T58/><D67/><U132/><E111/><V49/><F49/><AGARI ba="0,0" hai="1,2,25,29,35,42,45,49,58,62,64,73,79,81" machi="49" ten="30,2000,0" yaku="7,1,52,1" doraHai="22" who="0" fromWho="2" sc="230,20,150,0,250,-20,370,0" owari="250,5.0,150,-35.0,230,-17.0,370,47.0" /></mjloggm>