<mjloggm ver="2.3"><GO type="225" lobby="0"/><UN n0="%4C%4F%4C%49%54%41" n1="%E3%83%A9%E3%83%96%E3%83%AC%E3%83%BC" n2="%E3%81%B7%E3%82%8A%E3%82%93%E8%81%96%E4%BA%BA" n3="%E3%83%B4%E3%83%A0%EF%BC%99%E3%81%A6" dan="16,18,16,17" rate="2189.58,2251.17,2138.44,2186.46" sx="F,M,M,M"/><TAIKYOKU oya="0"/><INIT seed="0,0,0,3,4,97" ten="250,250,250,250" oya="0" hai0="2,15,118,132,53,21,19,74,99,126,64,117,7" hai1="134,79,130,27,28,40,107,129,11,37,24,47,63" hai2="93,3,115,42,90,102,49,94,14,16,80,48,0" hai3="72,5,116,104,95,122,26,84,22,18,113,36,69"/><T96/><D74/><U56/><E134/><V38/><F38/><W44/><G113/><T73/><D73/><U34/><E79/><V121/><F115/><W81/><G116/><T66/><D132/><U133/><E133/><V51/><F42/><W54/><G69/><T9/><D126/><U91/><E91/><V4/><F4/><W39/><G72/><T45/><D66/><U125/><E107/><V20/><F121/><W29/><G104/><T135/><D135/><U12/><E125/><V119/><F119/><W88/><G122/><T83/><D64/><U25/><E130/><V65/><F65/><W57/><G5/><T6/><D99/><U89/><E89/><V108/><F108/><W100/><G44/><T92/><D83/><U131/><E131/><V13/><F13/><W124/><G124/><T98/><D96/><U71/><E71/><V62/><F62/><W78/><G78/><T46/><D46/><U60/><E63/><V112/><F112/><W59/><G59/><T58/><D45/><U103/><E103/><V50/><F102/><W55/><G55/><T77/><D7/><N who="1" m="3199" /><E129/><V111/><F111/><W123/><G123/><T70/><D70/><U85/><E85/><N who="2" m="50471" /><F3/><W127/><G127/><T30/><D77/><U33/><E33/><V52/><F0/><W32/><G100/><N who="0" m="60487" /><D30/><U17/><E17/><V128/><F128/><W120/><G120/><T61/><D117/><U109/><E109/><V82/><F82/><W1/><G81/><T76/><D118/><U86/><E86/><V8/><F20/><W87/><G1/><N who="0" m="207" /><D76/><U106/><E106/><RYUUKYOKU ba="0,0" sc="250,10,250,10,250,10,250,-30" hai0="2,15,19,21,53,58,61" hai1="24,25,27,28,34,37,40,47,56,60" hai2="8,14,16,48,49,50,51,52,93,94" /><INIT seed="0,1,0,0,3,79" ten="260,260,260,220" oya="0" hai0="86,102,34,117,18,113,81,70,111,103,6,93,87" hai1="76,64,28,77,11,60,134,82,116,46,53,51,72" hai2="133,94,131,1,98,115,9,91,62,59,61,29,55" hai3="89,128,67,127,43,23,12,123,22,130,78,15,95"/><T4/><D113/><U58/><E134/><V75/><F75/><W125/><G67/><T21/><D117/><U45/><E116/><V66/><F115/><W129/><G43/><T107/><D107/><U100/><E100/><V57/><F133/><W56/><G56/><T135/><D34/><U33/><E77/><V110/><F110/><W90/><G78/><T10/><D135/><U83/><E83/><V80/><F29/><W31/><G123/><T17/><D70/><U5/><E28/><V2/><F131/><W114/><G114/><T14/><D111/><U99/><E99/><V112/><F112/><W97/><G90/><N who="0" m="53463" /><D17/><U44/><REACH who="1" step="1"/><E33/><REACH who="1" ten="260,250,260,220" step="2"/><V118/><F118/><W109/><G109/><T19/><D103/><U0/><AGARI ba="1,1" hai="0,5,11,44,45,46,51,53,58,60,64,72,76,82" machi="0" ten="20,8000,1" yaku="1,1,2,1,0,1,7,1,52,1,53,0" doraHai="79" doraHaiUra="85" who="1" fromWho="1" sc="260,-41,250,93,260,-21,220,-21" /><INIT seed="1,0,0,3,1,119" ten="219,343,239,199" oya="1" hai0="32,120,33,3,130,112,98,19,89,24,56,59,102" hai1="71,114,128,27,36,100,115,111,74,57,78,108,63" hai2="23,67,11,7,69,39,104,60,99,85,50,92,96" hai3="110,10,123,124,49,22,61,80,8,75,35,118,86"/><U94/><E71/><V133/><F39/><W40/><G35/><T44/><D112/><U17/><E36/><V101/><F133/><W34/><G34/><T47/><D3/><U131/><E74/><V105/><F85/><W68/><G118/><T43/><D130/><N who="1" m="49707" /><E78/><V53/><F23/><W116/><G116/><T113/><D113/><N who="1" m="43019" /><E27/><V15/><F96/><W125/><G75/><T28/><D98/><N who="1" m="59479" /><E17/><V4/><F7/><W5/><G5/><T109/><D19/><U26/><E26/><V38/><F38/><W30/><G68/><T9/><D24/><U127/><E127/><V91/><F101/><W42/><G30/><T20/><D102/><U6/><E6/><V58/><AGARI ba="0,0" hai="4,11,15,50,53,58,60,67,69,91,92,99,104,105" machi="58" ten="20,1500,0" yaku="0,1,7,1" doraHai="119" who="2" fromWho="2" sc="219,-4,343,-7,239,15,199,-4" /><INIT seed="2,0,0,2,0,77" ten="215,336,254,195" oya="2" hai0="41,33,94,23,88,17,40,71,81,34,56,82,13" hai1="12,35,128,117,14,99,3,60,93,116,76,107,121" hai2="48,114,49,97,74,91,37,29,62,52,4,65,124" hai3="120,131,80,61,7,19,21,95,45,110,98,87,31"/><V5/><F37/><W10/><G120/><T135/><D71/><U42/><E107/><V1/><F114/><W115/><G115/><T53/><D135/><U66/><E3/><V83/><F29/><W122/><G122/><T50/><D33/><U90/><E35/><V92/><F48/><W6/><G110/><T112/><D34/><U32/><E32/><V2/><F2/><W20/><G131/><T64/><D112/><U133/><E128/><V134/><F134/><W28/><G61/><N who="0" m="37927" /><D40/><U85/><E42/><V100/><F1/><W0/><G45/><N who="0" m="27855" /><D41/><U101/><E76/><V69/><F124/><W78/><G7/><T70/><D70/><U58/><E133/><V24/><F24/><W51/><G51/><T59/><D59/><U119/><E121/><V106/><F106/><W26/><REACH who="3" step="1"/><G21/><REACH who="3" ten="215,336,254,185" step="2"/><T25/><D25/><U111/><E111/><V39/><F39/><W72/><G72/><T75/><D75/><U16/><E119/><V109/><F109/><W103/><AGARI ba="0,1" hai="0,6,10,19,20,26,28,31,78,80,87,95,98,103" machi="103" ten="20,5200,0" yaku="1,1,0,1,7,1,52,1,53,0" doraHai="77" doraHaiUra="8" who="3" fromWho="3" sc="215,-13,336,-13,254,-26,185,62" /><INIT seed="3,0,0,4,5,120" ten="202,323,228,247" oya="3" hai0="63,62,129,44,35,81,64,30,135,61,130,83,34" hai1="104,94,42,86,74,133,57,18,31,9,71,93,103" hai2="8,19,23,21,13,106,92,5,10,51,128,27,28" hai3="56,45,125,29,53,117,84,100,47,82,95,105,39"/><W90/><G117/><T108/><D135/><U12/><E71/><V98/><F106/><W7/><G125/><T6/><D64/><U75/><E42/><V76/><F128/><N who="0" m="49258" /><D44/><U88/><E104/><V113/><F113/><W15/><G29/><T99/><D30/><U116/><E133/><V115/><F115/><W80/><G105/><T26/><D26/><U124/><E124/><V123/><F123/><W78/><G100/><T60/><N who="0" m="15360" /><DORA hai="70" /><T41/><D41/><U24/><E57/><V96/><F76/><W97/><G80/><N who="0" m="30795" /><D6/><U46/><E116/><V118/><F118/><W68/><G68/><T37/><D99/><U48/><E103/><V69/><F69/><W107/><G107/><T25/><D25/><U40/><E94/><V72/><F72/><W131/><G131/><T132/><D132/><U102/><E102/><V127/><F127/><W38/><G45/><T11/><D11/><U2/><E2/><V50/><F96/><W85/><G97/><T66/><D66/><U20/><AGARI ba="0,0" hai="9,12,18,20,24,31,40,46,48,74,75,86,88,93" machi="20" ten="20,2700,0" yaku="0,1,7,1,54,1" doraHai="120,70" who="1" fromWho="1" sc="202,-7,323,27,228,-7,247,-13" owari="195,-30.5,350,45.0,221,-17.9,234,3.4" /></mjloggm>