<mjloggm ver="2.3"><GO type="225" lobby="0"/><UN n0="%E5%AF%82%E5%AF%9E%E3%82%AE%E3%83%8D%E3%82%B9%E3%83%93%E3%83%BC%E3%83%AB" n1="%73%61%6E%64%69%72%69%73" n2="%E3%83%AD%E3%83%83%E3%83%86%E9%9B%80%E7%90%83" n3="%72%69%6F%75%63%68%61%6E" dan="16,16,17,17" rate="2178.78,2168.70,2258.96,2212.75" sx="M,M,M,M"/><TAIKYOKU oya="0"/><INIT seed="0,0,0,3,4,69" ten="250,250,250,250" oya="0" hai0="2,96,35,7,4,84,130,76,70,81,60,13,67" hai1="46,63,68,62,89,72,14,48,52,74,99,29,30" hai2="58,27,18,88,77,93,119,85,75,59,47,134,16" hai3="132,79,100,71,121,23,104,44,17,12,37,54,90"/><T0/><D35/><U112/><E112/><V113/><F113/><W34/><G34/><T127/><D127/><U80/><E72/><V66/><F134/><W26/><G132/><T103/><D130/><U105/><E68/><V86/><F75/><W56/><G71/><T118/><D118/><U25/><E105/><V107/><F107/><W102/><G121/><T11/><REACH who="0" step="1"/><D7/><REACH who="0" ten="240,250,250,250" step="2"/><U65/><E30/><V32/><F119/><W115/><G115/><T110/><D110/><U135/><E29/><V97/><F32/><W129/><G129/><T128/><D128/><U22/><E135/><V82/><F18/><W49/><G104/><AGARI ba="0,1" hai="0,2,4,11,13,60,67,70,76,81,84,96,103,104" machi="104" ten="30,2900,0" yaku="1,1,7,1,53,0" doraHai="69" doraHaiUra="19" who="0" fromWho="3" sc="240,39,250,0,250,0,250,-29" /><INIT seed="0,1,0,4,2,124" ten="279,250,250,221" oya="0" hai0="113,51,49,31,5,99,48,108,112,104,55,84,110" hai1="58,133,72,44,134,126,85,111,87,42,21,123,135" hai2="62,10,109,76,92,127,41,9,67,45,115,4,1" hai3="52,70,103,22,17,56,118,63,78,38,33,30,129"/><T19/><D31/><U83/><E123/><V116/><F115/><N who="0" m="44106" /><D5/><U3/><E126/><V6/><F109/><N who="0" m="42090" /><D84/><U81/><E111/><V130/><F130/><W131/><G118/><T24/><D19/><U20/><E58/><V2/><F116/><W36/><G70/><T68/><D24/><U132/><E3/><V122/><F122/><W91/><G103/><N who="0" m="62591" /><D68/><U54/><E72/><V90/><F127/><W13/><G78/><T32/><D32/><U53/><E20/><V75/><F76/><W46/><G91/><T18/><D18/><U39/><E21/><V107/><F75/><W96/><G96/><T47/><AGARI ba="1,0" hai="47,48,49,51,55" m="62591,42090,44106" machi="47" ten="30,3000,0" yaku="14,1,10,1" doraHai="124" who="0" fromWho="0" sc="279,33,250,-11,250,-11,221,-11" /><INIT seed="0,2,0,5,3,38" ten="312,239,239,210" oya="0" hai0="17,94,32,36,34,25,58,91,102,116,125,72,41" hai1="42,129,131,88,107,54,130,101,29,57,12,55,61" hai2="3,86,60,23,66,83,9,79,15,51,80,92,97" hai3="64,21,45,96,111,71,20,10,28,50,52,121,44"/><T69/><D69/><U74/><E74/><V13/><F3/><W99/><G111/><T39/><D116/><U84/><E29/><V120/><F120/><W2/><G121/><T110/><D72/><U90/><E101/><V93/><F83/><W67/><G71/><T81/><D125/><U59/><E107/><V126/><F126/><W14/><G2/><T26/><D81/><U40/><E12/><V70/><F23/><N who="3" m="8779" /><G44/><T4/><D4/><U122/><E122/><V117/><F117/><W104/><G104/><T127/><D102/><U128/><N who="1" m="32768" /><DORA hai="65" /><U78/><E78/><V123/><F123/><W118/><G28/><T95/><D17/><U105/><E105/><V82/><F82/><W62/><G118/><T106/><D58/><U19/><E19/><V119/><F119/><W63/><G64/><T8/><D106/><U33/><E33/><V56/><F93/><W1/><G1/><T68/><D68/><U87/><E87/><V85/><F85/><W27/><G27/><T89/><D8/><U5/><E5/><V49/><F70/><W135/><G67/><T48/><D127/><U109/><E109/><V100/><REACH who="2" step="1"/><F15/><REACH who="2" ten="312,239,229,210" step="2"/><W132/><G132/><T124/><D124/><U98/><E98/><N who="3" m="37418" /><G135/><T6/><D110/><U46/><E84/><V75/><F75/><W11/><G11/><T108/><D108/><U37/><REACH who="1" step="1"/><E42/><REACH who="1" ten="312,229,229,210" step="2"/><V24/><F24/><W103/><G103/><T134/><D134/><U113/><E113/><V0/><F0/><W133/><G133/><T73/><D73/><U18/><E18/><AGARI ba="2,2" hai="9,13,18,49,51,56,60,66,79,80,86,92,97,100" machi="18" ten="30,7700,0" yaku="1,1,7,1,8,1,53,1" doraHai="38,65" doraHaiUra="53,112" who="2" fromWho="1" sc="312,0,229,-83,229,103,210,0" /><AGARI ba="2,0" hai="10,14,18,45,50,52,62,63" m="37418,8779" machi="18" ten="30,2000,0" yaku="8,1,54,1" doraHai="38,65" who="3" fromWho="1" sc="312,0,146,-20,332,0,210,20" /><INIT seed="1,0,0,4,4,114" ten="312,126,332,230" oya="1" hai0="11,129,108,122,130,91,116,62,2,4,70,74,100" hai1="60,36,53,125,65,107,38,113,56,124,34,23,115" hai2="75,52,112,16,28,123,133,68,61,17,15,95,97" hai3="44,101,132,45,27,88,73,40,20,71,9,39,7"/><U58/><E34/><V102/><F123/><W50/><G132/><T72/><D108/><U51/><E107/><V118/><F118/><W127/><G127/><N who="1" m="48714" /><E23/><V83/><F133/><W1/><G71/><T94/><D100/><U26/><E26/><V10/><F112/><AGARI ba="0,0" hai="36,38,51,53,56,58,60,65,112,113,115" m="48714" machi="112" ten="30,5800,0" yaku="18,1,34,2" doraHai="114" who="1" fromWho="2" sc="312,0,126,58,332,-58,230,0" /><INIT seed="1,1,0,3,4,76" ten="312,184,274,230" oya="1" hai0="42,61,30,125,129,71,11,37,105,107,0,31,25" hai1="81,21,19,55,59,36,113,10,45,52,106,2,63" hai2="79,108,115,70,9,35,114,134,117,122,135,58,67" hai3="80,131,27,32,5,78,56,33,29,74,95,43,51"/><U128/><E113/><N who="2" m="43019" /><F35/><W92/><G131/><T83/><D31/><U18/><E128/><V69/><F9/><W23/><G5/><N who="0" m="1447" /><D125/><U12/><E106/><V4/><F4/><W87/><G95/><T7/><D7/><U90/><E2/><V48/><F79/><W62/><G43/><T103/><D83/><U41/><E55/><N who="2" m="32103" /><F122/><W54/><REACH who="3" step="1"/><G51/><REACH who="3" ten="312,184,274,220" step="2"/><T104/><D129/><U72/><E72/><V34/><F108/><W8/><G8/><T82/><D42/><U102/><E102/><V15/><F117/><W93/><G93/><T89/><D103/><U20/><REACH who="1" step="1"/><E19/><REACH who="1" ten="312,174,274,220" step="2"/><V133/><F133/><W44/><G44/><T49/><D104/><U84/><AGARI ba="1,2" hai="10,12,18,20,21,36,41,45,52,59,63,81,84,90" machi="84" ten="30,12000,1" yaku="1,1,2,1,0,1,52,1,54,1,53,0" doraHai="76" doraHaiUra="110" who="1" fromWho="1" sc="312,-41,174,143,274,-41,220,-41" /><INIT seed="1,2,0,4,4,107" ten="271,317,233,179" oya="1" hai0="66,38,29,110,93,28,94,39,101,69,58,31,91" hai1="41,84,112,37,108,118,26,7,109,89,77,64,124" hai2="19,56,61,88,80,67,81,86,12,102,105,60,17" hai3="79,90,1,97,130,4,116,9,126,47,115,13,100"/><U111/><E118/><V32/><F32/><W82/><G126/><T123/><D69/><U78/><E112/><V46/><F105/><W70/><G130/><T27/><D110/><U104/><E104/><V98/><F102/><W20/><G115/><T45/><D123/><U127/><E64/><V72/><F98/><W87/><G70/><T121/><D121/><U10/><E26/><V114/><F114/><W3/><G116/><T51/><D27/><U42/><E78/><V50/><F61/><W106/><G20/><T48/><D101/><U6/><E77/><V2/><F2/><W30/><G30/><T35/><D35/><U117/><E117/><V92/><F72/><W63/><G63/><T85/><D94/><N who="1" m="54567" /><E7/><V5/><F5/><W119/><G119/><T23/><D23/><U11/><E11/><V128/><F128/><W103/><G103/><T21/><D21/><U8/><E8/><N who="2" m="6279" /><F19/><W132/><G132/><T52/><REACH who="0" step="1"/><D66/><REACH who="0" ten="261,317,233,179" step="2"/><U59/><E111/><V53/><AGARI ba="2,1" hai="46,50,53,56,60,67,80,81,86,88,92" m="6279" machi="53" ten="30,2000,0" yaku="8,1,54,1" doraHai="107" who="2" fromWho="2" sc="261,-7,317,-12,233,36,179,-7" /><INIT seed="2,0,0,2,2,5" ten="254,305,269,172" oya="2" hai0="99,114,10,52,135,47,55,70,53,20,17,98,90" hai1="9,104,43,38,32,63,30,92,58,123,56,126,71" hai2="93,119,107,7,1,117,50,78,68,89,131,102,33" hai3="51,120,81,19,130,132,46,28,61,34,37,112,39"/><V116/><F68/><W64/><G120/><T73/><D114/><U12/><E104/><V101/><F33/><W69/><G112/><T110/><D73/><U97/><E126/><V115/><F115/><W72/><G130/><T25/><D70/><U2/><E2/><V111/><F131/><W88/><G132/><T83/><D110/><U6/><E123/><V31/><F31/><W94/><G19/><T48/><D135/><U87/><E87/><V24/><F24/><W74/><G28/><N who="0" m="17447" /><D83/><U49/><E38/><V26/><F26/><W128/><G34/><T23/><D10/><U0/><E0/><V62/><F111/><W108/><G128/><T77/><D77/><U113/><E30/><V106/><F78/><W18/><G108/><T133/><D133/><U86/><E86/><V54/><F62/><W13/><G81/><T91/><D99/><U127/><E127/><V122/><F122/><W57/><G69/><T67/><D67/><U35/><E71/><V4/><F107/><W105/><G105/><T75/><D75/><U11/><E113/><V100/><F106/><W84/><G72/><T3/><D3/><U134/><E134/><V65/><F65/><W96/><G96/><T22/><D98/><U109/><E109/><V66/><F66/><W8/><REACH who="3" step="1"/><G74/><REACH who="3" ten="254,305,269,162" step="2"/><T59/><D17/><U16/><E16/><V44/><F119/><W41/><AGARI ba="0,1" hai="8,13,18,37,39,41,46,51,57,61,64,84,88,94" machi="41" ten="20,12000,2" yaku="1,1,2,1,0,1,7,1,52,1,54,1,53,1" doraHai="5" doraHaiUra="60" who="3" fromWho="3" sc="254,-30,305,-30,269,-60,162,130" /><INIT seed="3,0,0,1,0,130" ten="224,275,209,292" oya="3" hai0="15,16,92,100,109,29,62,70,49,111,122,64,66" hai1="44,115,50,96,0,43,101,51,86,53,42,57,30" hai2="133,110,1,83,93,77,119,54,126,47,120,104,26" hai3="61,68,98,12,108,58,94,135,91,118,48,25,55"/><W13/><G135/><T23/><D122/><U95/><E0/><V72/><F119/><W2/><G118/><T39/><D39/><U128/><E128/><V27/><F104/><W52/><G2/><T125/><D125/><U88/><E115/><V3/><F126/><W32/><G108/><T131/><D131/><U69/><E69/><V24/><F110/><W19/><G68/><T7/><D66/><U9/><E9/><V11/><F120/><W18/><G32/><T132/><D132/><U90/><E30/><V37/><F133/><W97/><G97/><T89/><D100/><U5/><E5/><N who="2" m="1455" /><F3/><W38/><G38/><T17/><D7/><U79/><E42/><N who="2" m="22991" /><F93/><W129/><G129/><T20/><D29/><U127/><E127/><V123/><F123/><W8/><G25/><N who="2" m="6401" /><V121/><DORA hai="114" /><F121/><W40/><G40/><T84/><REACH who="0" step="1"/><D49/><REACH who="0" ten="214,275,209,292" step="2"/><U41/><E51/><V99/><F99/><W106/><G106/><T81/><D81/><U31/><E50/><V21/><F21/><N who="3" m="11463" /><G48/><T113/><D113/><U105/><E96/><V76/><F76/><W4/><G4/><T59/><D59/><U36/><E57/><V56/><F56/><W102/><G102/><T134/><D134/><U14/><E101/><V33/><F33/><W75/><G75/><T71/><D71/><U116/><E79/><V35/><F35/><W46/><G46/><T80/><D80/><U45/><E45/><V67/><F67/><AGARI ba="0,1" hai="8,13,19,52,55,58,61,67,91,94,98" m="11463" machi="67" ten="30,2900,0" yaku="8,1,54,1" doraHai="130,114" who="3" fromWho="2" sc="214,0,275,0,209,-29,292,39" owari="214,-18.6,275,7.5,180,-32.0,331,43.1" /></mjloggm>