<mjloggm ver="2.3"><GO type="225" lobby="0"/><UN n0="%E6%98%93%E5%88%A9%E8%96%A9%E4%BC%AF" n1="%E3%82%B2%E3%82%B9%E8%8C%82%E5%8B%9D" n2="%E3%83%B4%E3%83%A0%EF%BC%99%E3%81%A6" n3="%6B%79%6F%6E%6B%6F%31%31" dan="16,16,16,16" rate="2071.15,2098.94,2125.73,2150.92" sx="F,F,M,M"/><TAIKYOKU oya="0"/><INIT seed="0,0,0,3,4,31" ten="250,250,250,250" oya="0" hai0="39,29,2,101,53,88,18,119,121,98,104,84,57" hai1="61,77,90,37,120,116,5,25,128,81,63,75,87" hai2="126,27,122,15,35,4,112,34,94,3,109,22,55" hai3="83,91,60,7,56,67,107,74,64,110,32,46,11"/><T66/><D119/><U95/><E128/><V69/><F69/><W89/><G110/><T19/><D121/><U52/><E120/><V21/><F122/><W132/><G107/><T65/><D39/><U23/><E116/><V111/><F112/><W58/><G132/><T118/><D2/><U0/><E37/><V8/><F55/><W6/><G46/><T49/><D29/><U123/><E123/><V47/><F47/><W92/><G32/><N who="2" m="12329" /><F94/><W73/><G11/><T125/><D125/><U124/><E124/><V50/><F50/><W134/><G134/><T131/><D131/><U41/><E41/><V93/><F93/><W54/><G92/><T100/><D100/><U71/><E71/><V42/><F42/><W72/><G83/><T20/><D19/><U129/><E129/><V30/><F126/><W85/><G85/><T114/><D114/><U43/><E43/><V97/><F97/><W24/><G24/><T96/><D96/><U78/><E78/><V86/><F86/><W1/><G1/><T103/><D103/><U127/><E127/><V113/><F113/><W59/><G54/><T36/><D36/><U62/><E5/><N who="3" m="1546" /><G60/><T105/><D105/><U133/><E133/><V10/><F22/><W12/><G12/><N who="0" m="9287" /><D118/><U117/><E117/><V79/><F79/><W14/><G14/><T115/><D115/><U38/><E38/><V80/><F80/><W26/><G26/><T48/><D48/><U45/><E0/><V44/><F44/><W17/><G17/><AGARI ba="0,0" hai="3,4,8,10,15,17,21,27,30,109,111" m="12329" machi="17" ten="30,8000,1" yaku="34,2,52,3" doraHai="31" who="2" fromWho="3" sc="250,0,250,0,250,80,250,-80" /><INIT seed="1,0,0,3,5,95" ten="250,250,330,170" oya="1" hai0="47,81,0,127,12,89,79,4,21,33,133,77,126" hai1="90,110,25,11,15,52,116,108,34,75,83,109,39" hai2="28,48,96,73,59,88,38,5,80,67,114,117,60" hai3="50,76,112,32,82,113,128,31,63,20,86,18,106"/><U36/><E116/><V72/><F117/><W23/><G106/><T7/><D33/><U6/><E52/><N who="2" m="32135" /><F38/><W58/><G128/><T16/><D133/><U70/><E70/><V3/><F28/><W121/><G121/><T115/><D115/><U85/><REACH who="1" step="1"/><E75/><REACH who="1" ten="250,240,330,170" step="2"/><V8/><F73/><W30/><G112/><T92/><D47/><U51/><E51/><V120/><F72/><W104/><G113/><T131/><D131/><U1/><E1/><V35/><F114/><W68/><G68/><T53/><D53/><U42/><E42/><V17/><F3/><W27/><G50/><T78/><D0/><U61/><E61/><V135/><F60/><W41/><G41/><T87/><REACH who="0" step="1"/><D81/><REACH who="0" ten="240,240,330,170" step="2"/><U19/><E19/><V44/><F17/><W62/><G18/><T54/><D54/><U125/><E125/><AGARI ba="0,2" hai="4,7,12,16,21,77,78,79,87,89,92,125,126,127" machi="125" ten="40,5200,0" yaku="1,1,18,1,54,1,53,0" doraHai="95" doraHaiUra="29" who="0" fromWho="1" sc="240,72,240,-52,330,0,170,0" /><INIT seed="2,0,0,2,3,56" ten="312,188,330,170" oya="2" hai0="37,92,50,17,49,75,90,130,19,55,39,105,13" hai1="126,73,5,110,64,118,47,135,38,97,86,116,71" hai2="54,129,91,10,114,30,127,29,41,57,102,2,121" hai3="23,131,15,24,4,103,128,22,35,101,74,106,133"/><V63/><F114/><W31/><G74/><T115/><D105/><U0/><E86/><V88/><F121/><W7/><G106/><T59/><D75/><U36/><E110/><V79/><F79/><W60/><G103/><T69/><D69/><U122/><E122/><V51/><F102/><W11/><G101/><T18/><D130/><N who="3" m="49705" /><G60/><T16/><D50/><U6/><E97/><V48/><F129/><W28/><G133/><T80/><D80/><U85/><E85/><V1/><F127/><W53/><G53/><T72/><D72/><U93/><E93/><V117/><F117/><N who="1" m="45161" /><E5/><N who="3" m="2122" /><G31/><T95/><D95/><U125/><E135/><V52/><F57/><W45/><G45/><T14/><D115/><U25/><E73/><V83/><F41/><W100/><G100/><T84/><REACH who="0" step="1"/><D14/><REACH who="0" ten="302,188,330,170" step="2"/><U43/><E36/><V119/><F119/><W120/><G120/><T21/><AGARI ba="0,1" hai="13,16,17,18,19,21,37,39,49,55,59,84,90,92" machi="21" ten="30,12000,2" yaku="1,1,2,1,0,1,25,2,54,1,53,0" doraHai="56" doraHaiUra="76" who="0" fromWho="0" sc="302,130,188,-30,330,-60,170,-30" /><INIT seed="3,0,0,2,5,15" ten="432,158,270,140" oya="3" hai0="73,134,96,124,112,49,97,33,32,14,58,100,13" hai1="28,118,18,52,131,38,75,94,88,122,8,21,20" hai2="89,132,44,47,85,99,71,101,78,91,110,43,64" hai3="98,77,66,57,46,106,25,60,67,27,76,87,84"/><W130/><G130/><T53/><D73/><U119/><E131/><V17/><F78/><N who="3" m="30315" /><G106/><T62/><D134/><U107/><E107/><V65/><F132/><W126/><G126/><T102/><D112/><U19/><E75/><V10/><F71/><W42/><G66/><N who="0" m="39255" /><D33/><U74/><E38/><V4/><F4/><W48/><G98/><N who="0" m="37995" /><D32/><U82/><E122/><V129/><F64/><W41/><G41/><T81/><D81/><U56/><E82/><V26/><F65/><W34/><G34/><T36/><D36/><U86/><E74/><V127/><F43/><W5/><G5/><T79/><D79/><U80/><E80/><V116/><F99/><W69/><G69/><T83/><D83/><U7/><E28/><V104/><F116/><N who="1" m="44585" /><E20/><V29/><F104/><W9/><G9/><T70/><D70/><U117/><E21/><V35/><F101/><N who="0" m="39018" /><D124/><U111/><E117/><V105/><F10/><W135/><G135/><T108/><D108/><U37/><E111/><V123/><F105/><W2/><G2/><T59/><AGARI ba="0,0" hai="13,14,49,53,59" m="39018,37995,39255" machi="59" ten="30,1100,0" yaku="8,1" doraHai="15" who="0" fromWho="0" sc="432,11,158,-3,270,-3,140,-5" owari="443,54.3,155,-24.5,267,6.7,135,-36.5" /></mjloggm>