<mjloggm ver="2.3"><GO type="225" lobby="0"/><UN n0="%E3%81%B5%E3%81%98%E3%81%8B%E3%81%A4" n1="%E3%81%AE%E3%81%82%E3%83%9E%E3%82%B9%E3%82%BF%E3%83%BC%30%31" n2="%E7%89%B9%E6%9D%B1%E3%81%AF%E4%B8%96%E7%95%8C%E3%82%92%E6%95%91%E3%81%86" n3="%72%65%6E%6B%75%6E" dan="16,17,16,17" rate="2193.92,2172.22,2158.59,2218.99" sx="M,M,M,M"/><TAIKYOKU oya="0"/><INIT seed="0,0,0,1,5,5" ten="250,250,250,250" oya="0" hai0="95,14,36,31,51,26,96,30,124,92,76,131,25" hai1="106,127,99,125,66,119,6,74,33,44,87,103,35" hai2="75,62,129,63,114,16,48,135,40,93,84,21,68" hai3="49,90,64,81,88,56,0,118,34,42,70,130,86"/><T45/><D124/><N who="1" m="47691" /><E119/><V17/><F114/><W41/><G118/><T37/><D131/><U39/><E74/><V1/><F75/><W28/><G130/><T67/><D76/><U2/><E66/><V132/><F1/><W38/><G0/><T77/><D77/><U9/><E87/><V46/><F129/><W32/><G70/><T57/><D14/><U123/><E123/><V13/><F17/><W60/><G38/><T54/><D92/><U82/><E82/><V8/><F21/><W71/><G90/><T43/><D67/><U100/><E103/><V10/><F10/><W29/><G71/><T112/><D112/><U121/><E121/><V11/><F11/><W83/><G83/><T23/><D37/><U109/><E109/><V120/><F120/><W24/><G49/><T20/><D95/><U80/><E80/><V97/><F84/><W91/><G91/><T69/><D69/><U47/><E47/><V89/><REACH who="2" step="1"/><F68/><REACH who="2" ten="250,250,240,250" step="2"/><W79/><G79/><T122/><D122/><U65/><E65/><V22/><F22/><W117/><G117/><T98/><AGARI ba="0,1" hai="20,23,25,26,30,31,36,43,45,51,54,57,96,98" machi="98" ten="30,3000,0" yaku="0,1,9,1" doraHai="5" who="0" fromWho="0" sc="250,40,250,-10,240,-10,250,-10" /><INIT seed="0,1,0,2,3,72" ten="290,240,230,240" oya="0" hai0="25,86,69,63,45,88,51,85,31,2,110,19,43" hai1="24,18,94,114,12,53,14,89,74,61,10,9,5" hai2="56,73,102,49,78,83,104,135,103,57,116,13,68" hai3="28,16,124,33,66,15,99,76,134,65,122,55,37"/><T105/><D105/><U48/><E114/><V129/><F68/><W132/><G37/><T23/><D2/><U123/><E123/><V101/><F135/><N who="3" m="51755" /><G122/><T82/><D110/><U77/><E61/><V41/><F129/><W93/><G124/><T128/><D128/><U58/><E24/><V6/><F104/><W34/><G55/><T130/><D130/><U111/><E111/><V1/><F1/><W125/><G125/><T108/><D108/><U91/><REACH who="1" step="1"/><E94/><REACH who="1" ten="290,230,230,240" step="2"/><V115/><F115/><W95/><G95/><N who="0" m="54671" /><D63/><U97/><E97/><V4/><F116/><W35/><G28/><T42/><D31/><U90/><E90/><V126/><F126/><W30/><G30/><T3/><D69/><U113/><E113/><V17/><F103/><N who="3" m="60911" /><G76/><N who="0" m="46407" /><D3/><U107/><E107/><V98/><F101/><W47/><G47/><T46/><D46/><U39/><E39/><V131/><F131/><W8/><AGARI ba="1,1" hai="8,15,16,33,34,35,65,66" m="60911,51755" machi="8" ten="40,2700,0" yaku="20,1,54,1" doraHai="72" who="3" fromWho="3" sc="290,-14,230,-8,230,-8,240,40" /><INIT seed="1,0,0,4,0,59" ten="276,222,222,280" oya="1" hai0="21,115,49,131,118,95,88,69,22,65,2,39,30" hai1="104,94,86,91,93,70,11,16,84,4,55,67,99" hai2="97,10,134,101,52,96,116,117,26,58,83,114,71" hai3="103,92,20,23,111,12,15,63,25,45,33,7,36"/><U133/><E104/><V80/><F71/><W9/><G111/><T38/><D118/><U89/><E133/><V19/><F134/><W42/><G33/><T40/><D115/><U18/><E99/><V87/><F114/><W0/><G23/><T81/><D2/><U108/><E108/><V126/><F126/><W54/><G103/><T8/><D131/><U64/><E55/><V107/><F107/><W113/><G92/><T72/><D8/><U1/><E64/><V120/><F120/><W132/><G113/><T50/><D72/><U56/><E70/><V35/><F97/><W60/><G132/><T112/><D81/><U121/><E121/><V135/><F83/><W28/><REACH who="3" step="1"/><G54/><REACH who="3" ten="276,222,222,270" step="2"/><T78/><D112/><U90/><E90/><V77/><F135/><W74/><G74/><T79/><D22/><U66/><E66/><V124/><F35/><W127/><G127/><T6/><D65/><U53/><E67/><V75/><F124/><W122/><G122/><T125/><D21/><U41/><E41/><V102/><F75/><W31/><G31/><T3/><D30/><U73/><E73/><V34/><F34/><W109/><G109/><T128/><D40/><U51/><AGARI ba="0,1" hai="1,4,11,16,18,51,53,56,84,86,89,91,93,94" machi="51" ten="20,7800,0" yaku="0,1,7,1,9,1,54,1" doraHai="59" who="1" fromWho="1" sc="276,-26,222,88,222,-26,270,-26" /><INIT seed="1,1,0,0,0,39" ten="250,310,196,244" oya="1" hai0="97,121,99,74,31,75,92,18,93,87,135,58,134" hai1="109,113,47,108,55,96,118,80,133,124,86,25,4" hai2="38,83,28,81,16,6,79,127,67,14,72,56,95" hai3="76,33,105,104,29,11,49,88,37,107,34,13,35"/><U122/><E118/><V19/><F127/><W125/><G37/><T20/><D31/><U100/><E122/><V54/><F38/><W46/><G125/><T60/><D121/><U69/><E124/><V64/><F28/><W112/><G112/><T66/><D87/><U84/><E113/><V123/><F123/><W70/><G70/><T120/><D120/><U27/><E69/><V44/><F44/><W65/><G65/><T90/><D135/><U98/><E133/><V7/><F19/><W102/><G76/><T94/><D134/><U21/><E4/><V52/><F95/><W50/><G102/><T68/><D68/><U3/><E3/><V5/><F83/><W89/><G29/><T42/><D42/><U114/><E114/><V111/><F111/><N who="1" m="42569" /><E96/><V63/><REACH who="2" step="1"/><F64/><REACH who="2" ten="250,310,186,244" step="2"/><W73/><G73/><T43/><D75/><U10/><E80/><V59/><F59/><W1/><G35/><T51/><D74/><U119/><E119/><V101/><F101/><W62/><G34/><T8/><D99/><U0/><E98/><V48/><F48/><W2/><G33/><T116/><D116/><U23/><E100/><V110/><F110/><W30/><G30/><T77/><D97/><U129/><E84/><V22/><AGARI ba="1,1" hai="5,6,7,14,16,22,52,54,56,63,67,72,79,81" machi="22" ten="30,7900,0" yaku="1,1,0,1,54,2,53,0" doraHai="39" doraHaiUra="128" who="2" fromWho="2" sc="250,-21,310,-40,186,92,244,-21" /><INIT seed="2,0,0,5,4,57" ten="229,270,278,223" oya="2" hai0="27,110,44,124,40,11,54,126,5,121,28,117,98" hai1="61,72,50,107,7,21,43,1,4,83,42,103,79" hai2="96,18,87,51,58,89,0,65,127,30,74,39,52" hai3="92,69,125,100,109,112,26,120,71,73,85,29,17"/><V49/><F39/><W34/><G73/><T115/><D121/><U19/><E50/><V23/><F127/><N who="0" m="48682" /><D115/><U78/><E1/><V2/><F74/><W31/><G120/><T62/><D98/><U75/><E107/><V48/><F30/><W99/><G125/><T95/><D95/><U12/><E61/><V45/><F65/><W81/><G112/><T35/><D110/><U93/><E75/><V64/><F64/><W114/><G109/><T25/><D25/><U94/><E93/><V56/><F96/><W90/><G114/><T68/><D117/><U47/><E47/><V10/><F56/><W55/><G29/><T67/><D54/><U70/><E70/><V84/><F84/><W24/><REACH who="3" step="1"/><G55/><REACH who="3" ten="229,270,278,213" step="2"/><T13/><D44/><U130/><E72/><V16/><F45/><W14/><G14/><N who="0" m="5487" /><D40/><U6/><E43/><V101/><F52/><W59/><G59/><T128/><D128/><U91/><E42/><V129/><F58/><W119/><G119/><T53/><D53/><U20/><E130/><V8/><F129/><W106/><G106/><T86/><D86/><N who="1" m="50655" /><E78/><V33/><F2/><W134/><G134/><T15/><AGARI ba="0,1" hai="13,15,27,28,35,62,67,68" m="5487,48682" machi="15" ten="30,2000,0" yaku="18,1,52,1" doraHai="57" who="0" fromWho="0" sc="229,30,270,-5,278,-10,213,-5" /><INIT seed="3,0,0,4,5,0" ten="259,265,268,208" oya="3" hai0="122,116,71,104,51,62,55,13,76,48,42,81,29" hai1="124,133,56,126,17,60,1,58,8,118,53,109,25" hai2="33,44,94,54,45,23,41,9,69,14,40,93,117" hai3="83,119,102,84,107,37,12,68,99,65,128,6,72"/><W87/><G119/><T21/><D116/><U132/><E109/><V19/><F33/><W91/><G37/><T36/><D104/><U106/><E106/><V16/><F69/><W88/><G128/><T101/><D122/><U78/><E118/><V27/><F117/><W100/><G100/><T7/><D101/><U79/><E25/><V5/><F54/><W112/><G72/><T49/><D29/><U28/><E28/><V73/><F73/><W135/><G112/><T26/><D36/><U20/><E58/><V121/><F121/><W46/><G46/><N who="2" m="18025" /><F19/><W75/><G75/><T34/><D34/><U125/><E20/><V127/><F127/><W120/><G120/><T97/><D42/><AGARI ba="0,0" hai="5,9,14,16,23,27,40,41,42,93,94" m="18025" machi="42" ten="30,3900,0" yaku="8,1,52,1,54,1" doraHai="0" who="2" fromWho="0" sc="259,-39,265,0,268,39,208,0" owari="220,-18.0,265,6.5,307,40.7,208,-29.2" /></mjloggm>