<mjloggm ver="2.3"><GO type="225" lobby="0"/><UN n0="%E7%AB%8B%E8%8A%B1%E9%9F%BF" n1="%E7%99%BD%E6%97%A5%E9%9B%AA%E8%8F%9C" n2="%E7%B4%94%E6%BD%94%E3%83%94%E3%83%A9%E3%83%8B%E3%82%A2" n3="%E6%A1%9C%E8%8A%B1%E9%96%83%E3%80%85" dan="17,16,16,16" rate="2150.16,2215.19,2163.56,2092.98" sx="F,M,M,M"/><TAIKYOKU oya="0"/><INIT seed="0,0,0,2,3,63" ten="250,250,250,250" oya="0" hai0="24,109,7,19,126,78,61,73,51,116,64,52,118" hai1="6,54,117,67,106,75,58,65,4,50,103,107,56" hai2="55,81,43,57,29,123,1,85,121,16,18,86,124" hai3="59,41,119,36,5,102,80,122,66,40,79,9,133"/><T115/><D115/><U104/><E75/><V74/><F1/><W108/><G119/><T77/><D126/><U22/><E117/><V10/><F124/><W35/><G108/><T11/><D109/><U12/><E103/><V112/><F112/><W96/><G133/><T132/><D132/><U17/><REACH who="1" step="1"/><E58/><REACH who="1" ten="250,240,250,250" step="2"/><V135/><F57/><W62/><G102/><T13/><D116/><U76/><E76/><V94/><F74/><W23/><G79/><T2/><D118/><U30/><E30/><V120/><F29/><W88/><G59/><N who="0" m="36927" /><D73/><U28/><E28/><V60/><F135/><W134/><G134/><T89/><D89/><U33/><E33/><V128/><F128/><W45/><G35/><T39/><D39/><U105/><N who="1" m="26624" /><DORA hai="53" /><U3/><E3/><V20/><F123/><W48/><G36/><T82/><D2/><U68/><E68/><V125/><F125/><W25/><G122/><T46/><D82/><U110/><E110/><V69/><F69/><W44/><G80/><T21/><AGARI ba="0,1" hai="7,11,13,19,21,24,46,51,52,77,78" m="36927" machi="21" ten="30,11700,0" yaku="8,1,52,2,54,1" doraHai="63,53" who="0" fromWho="0" sc="250,127,240,-39,250,-39,250,-39" /><INIT seed="0,1,0,0,0,130" ten="377,201,211,211" oya="0" hai0="35,125,90,11,132,82,28,134,128,64,50,96,41" hai1="106,37,53,85,47,129,25,16,17,103,117,48,105" hai2="54,107,39,93,87,77,58,79,61,63,121,127,36" hai3="89,10,4,71,102,1,115,22,65,57,43,14,74"/><T122/><D122/><U110/><E117/><V112/><F107/><W133/><G115/><T116/><D116/><U49/><E129/><V55/><F127/><W33/><G71/><T26/><D128/><U0/><E0/><V29/><F29/><W69/><G69/><T119/><D119/><U32/><E37/><V38/><F121/><W42/><G74/><T15/><D64/><U108/><E85/><V92/><F112/><W44/><G102/><T23/><D125/><U114/><E114/><V123/><F123/><W67/><G33/><T100/><D35/><U6/><E6/><V9/><F9/><W97/><G133/><N who="0" m="51307" /><D41/><U21/><E32/><V101/><F101/><W111/><G111/><N who="1" m="42538" /><E103/><V20/><F20/><W72/><G22/><T51/><D82/><U99/><E99/><V78/><F87/><W131/><G97/><T18/><D90/><U95/><E95/><AGARI ba="1,0" hai="11,15,18,23,26,28,50,51,95,96,100" m="51307" machi="95" ten="30,11600,0" yaku="20,1,52,3" doraHai="130" who="0" fromWho="1" sc="377,119,201,-119,211,0,211,0" /><INIT seed="0,2,0,4,5,121" ten="496,82,211,211" oya="0" hai0="58,104,69,112,75,89,62,93,38,22,44,85,2" hai1="57,37,61,116,94,108,10,70,28,29,8,1,34" hai2="12,110,105,81,90,16,131,98,134,51,127,32,118" hai3="30,27,83,103,125,60,73,59,43,87,128,35,133"/><T33/><D112/><U107/><E107/><V6/><F32/><W74/><G128/><T111/><D33/><U46/><E116/><V91/><F118/><W26/><G133/><T3/><D69/><U82/><E94/><V97/><F6/><W50/><G125/><T115/><D115/><U96/><E96/><V5/><F5/><W54/><G103/><T80/><D104/><U123/><E123/><V135/><F105/><W48/><G26/><T19/><D111/><U36/><E34/><V31/><F31/><W88/><REACH who="3" step="1"/><G43/><REACH who="3" ten="496,82,211,201" step="2"/><T13/><D38/><U56/><E37/><V15/><F127/><W64/><G64/><T23/><D3/><U106/><E36/><V52/><F131/><W78/><G78/><T20/><D2/><U132/><E1/><V25/><F25/><W9/><G9/><T49/><D75/><AGARI ba="2,1" hai="27,30,35,48,50,54,59,60,73,74,75,83,87,88" machi="75" ten="40,2600,0" yaku="1,1,54,1,53,0" doraHai="121" doraHaiUra="99" who="3" fromWho="0" sc="496,-32,82,0,211,0,201,42" /><INIT seed="1,0,0,1,5,46" ten="464,82,211,243" oya="1" hai0="17,75,119,125,130,132,107,101,94,123,48,26,42" hai1="66,108,88,95,116,82,102,109,49,115,30,21,24" hai2="57,23,103,47,129,97,33,78,134,99,60,86,18" hai3="85,19,122,105,96,37,13,0,43,59,89,124,58"/><U53/><E115/><V2/><F2/><W35/><G0/><T70/><D70/><U110/><E116/><V41/><F33/><W131/><G122/><T72/><D107/><U74/><E66/><V20/><F20/><W56/><G35/><T126/><D119/><U93/><E102/><V22/><F23/><W16/><G124/><N who="0" m="47723" /><D130/><U120/><E120/><V8/><F8/><W44/><G131/><T25/><D132/><U71/><E71/><V7/><F7/><W117/><G117/><T12/><D123/><U5/><E5/><V104/><F134/><W9/><G19/><T112/><D112/><U68/><E68/><V67/><F129/><W80/><G105/><T6/><D6/><U73/><E82/><V31/><F31/><W32/><G32/><T38/><D38/><U10/><E10/><V40/><F97/><W36/><G96/><N who="0" m="59543" /><D48/><U79/><E79/><V127/><F78/><W4/><G4/><T1/><D42/><U34/><E34/><V61/><F86/><W92/><G80/><T113/><D1/><U90/><E95/><V83/><F83/><W118/><G118/><T3/><D3/><U121/><E121/><V52/><F127/><W76/><G76/><T65/><D65/><U100/><E100/><V84/><F84/><W54/><G37/><T111/><D111/><N who="1" m="28419" /><U63/><DORA hai="133" /><E63/><AGARI ba="0,0" hai="9,13,16,36,43,44,54,56,58,59,63,85,89,92" machi="63" ten="30,2000,0" yaku="7,1,54,1" doraHai="46,133" who="3" fromWho="1" sc="464,0,82,-20,211,0,243,20" /><INIT seed="2,0,0,4,1,62" ten="464,62,211,263" oya="2" hai0="74,34,93,16,121,135,73,71,90,99,43,40,18" hai1="85,36,51,94,25,84,123,35,128,77,113,61,28" hai2="21,13,60,32,63,120,118,6,117,1,98,30,100" hai3="50,64,78,87,127,49,124,112,12,107,57,104,83"/><V33/><F120/><W82/><G112/><T38/><D121/><U88/><E36/><V103/><F1/><W111/><G111/><T0/><D0/><U7/><E123/><V55/><F6/><W110/><G110/><T31/><D71/><U81/><E128/><V65/><F55/><N who="3" m="31983" /><G64/><T10/><D135/><U116/><E116/><V39/><F39/><W46/><G12/><T14/><D18/><U76/><E113/><V27/><F63/><W72/><G83/><T79/><D79/><U19/><E7/><V95/><F100/><W26/><G26/><T105/><D105/><U80/><E51/><V9/><F9/><W134/><G87/><T131/><D131/><U129/><E129/><V75/><F75/><W109/><G134/><T44/><REACH who="0" step="1"/><D43/><REACH who="0" ten="454,62,211,263" step="2"/><U23/><E61/><V3/><F3/><W132/><G132/><T8/><D8/><U24/><REACH who="1" step="1"/><E94/><REACH who="1" ten="454,52,211,263" step="2"/><V108/><F108/><W101/><G109/><T106/><D106/><U67/><E67/><V59/><F118/><W133/><G133/><T22/><D22/><U53/><E53/><V37/><F117/><W17/><G107/><T20/><D20/><U115/><E115/><V126/><F37/><W5/><G104/><T4/><D4/><U86/><E86/><V66/><F66/><W130/><G5/><T69/><D69/><U97/><E97/><V125/><F33/><W70/><G70/><T15/><D15/><U89/><AGARI ba="0,2" hai="19,23,24,25,28,35,76,77,80,81,84,85,88,89" machi="89" ten="20,8000,1" yaku="1,1,0,1,7,1,9,1,54,1,53,0" doraHai="62" doraHaiUra="11" who="1" fromWho="1" sc="454,-20,52,100,211,-40,263,-20" /><INIT seed="3,0,0,1,3,98" ten="434,152,171,243" oya="3" hai0="130,129,135,109,20,6,70,107,22,15,76,54,114" hai1="12,39,85,32,121,7,125,38,64,43,46,120,91" hai2="75,59,35,21,78,19,28,16,41,49,24,101,31" hai3="69,45,4,81,60,128,72,55,93,30,26,95,23"/><W62/><G4/><T111/><D135/><U119/><E32/><V18/><F75/><W9/><G9/><N who="0" m="4535" /><D114/><U100/><E38/><V29/><F78/><W118/><G60/><T40/><D107/><U5/><E125/><V134/><F134/><W96/><G55/><T36/><D70/><U14/><E119/><V25/><F31/><W10/><G45/><N who="0" m="23687" /><D76/><U123/><E64/><V124/><F124/><W133/><G128/><N who="0" m="49259" /><D54/><U117/><E117/><V50/><F41/><W17/><G17/><T47/><D47/><U33/><E33/><V37/><F37/><W3/><G95/><T11/><D11/><U51/><E39/><V66/><F66/><W88/><G96/><T92/><D92/><U48/><E7/><V126/><F59/><W84/><G26/><T132/><D132/><U44/><E5/><V105/><F126/><W77/><G30/><T131/><D131/><U102/><E46/><V108/><F108/><AGARI ba="0,0" hai="20,22,108,109,111" m="49259,23687,4535" machi="108" ten="30,2000,0" yaku="14,1,19,1" doraHai="98" who="0" fromWho="2" sc="434,20,152,0,171,-20,243,0" owari="454,55.4,152,-24.8,151,-34.9,243,4.3" /></mjloggm>