<mjloggm ver="2.3"><GO type="225" lobby="0"/><UN n0="%4B%2E%32%2E%4B%2E" n1="%E6%B4%BE%E9%81%A3%E3%81%AE%E3%82%B8%E3%83%A3%E3%83%83%E3%82%AF" n2="%72%69%6F%75%63%68%61%6E" n3="%E3%81%B5%E3%81%98%E3%81%8B%E3%81%A4" dan="16,17,16,17" rate="2109.96,2223.21,2218.59,2176.15" sx="M,M,M,M"/><TAIKYOKU oya="0"/><INIT seed="0,0,0,0,1,106" ten="250,250,250,250" oya="0" hai0="45,30,29,11,105,126,83,117,59,0,15,41,57" hai1="13,110,24,36,75,32,3,81,31,65,95,73,34" hai2="43,33,89,23,86,62,132,55,76,79,72,109,21" hai3="102,54,49,70,61,64,60,19,50,101,16,25,125"/><T39/><D117/><U22/><E3/><V26/><F109/><W127/><G25/><T67/><D105/><U121/><E121/><V111/><F111/><W122/><G122/><T40/><D126/><N who="3" m="48137" /><G64/><T63/><D0/><U96/><E36/><V20/><F132/><W74/><G74/><T9/><D41/><U90/><E110/><V71/><F72/><W133/><G133/><T114/><D114/><U85/><E65/><V131/><F131/><W44/><G70/><T128/><D128/><U8/><E32/><V77/><F43/><W107/><G107/><T119/><D119/><U58/><E58/><N who="2" m="35167" /><F33/><W104/><G50/><T2/><D57/><U129/><E34/><V47/><F47/><W28/><G28/><T4/><REACH who="0" step="1"/><D83/><REACH who="0" ten="240,250,250,250" step="2"/><U120/><E129/><V42/><F42/><W98/><G102/><T5/><AGARI ba="0,1" hai="2,4,5,9,11,15,29,30,39,40,45,59,63,67" machi="5" ten="20,7800,0" yaku="1,1,2,1,0,1,7,1,53,0" doraHai="106" doraHaiUra="115" who="0" fromWho="0" sc="240,88,250,-26,250,-26,250,-26" /><INIT seed="0,1,0,2,3,113" ten="328,224,224,224" oya="0" hai0="103,75,12,85,52,110,97,63,70,66,20,19,80" hai1="56,123,57,91,64,47,30,34,2,27,128,11,33" hai2="23,68,16,116,107,67,15,132,6,88,86,7,106" hai3="60,135,120,14,108,129,50,53,87,117,42,24,10"/><T133/><D133/><U100/><E123/><V111/><F132/><W9/><G135/><T36/><D36/><U121/><E121/><V59/><F68/><W54/><G120/><T94/><D110/><U131/><E100/><V90/><F111/><W58/><G108/><T118/><D75/><U78/><E78/><V95/><F107/><W62/><G129/><N who="1" m="49738" /><E47/><V105/><F116/><W5/><G117/><T109/><D109/><U3/><E34/><V31/><F31/><W134/><G134/><T28/><D118/><U39/><E39/><V99/><F106/><W1/><G24/><T119/><D119/><U41/><E41/><V122/><F122/><W51/><G87/><T82/><D85/><U65/><E91/><V40/><F40/><W26/><G26/><T44/><REACH who="0" step="1"/><D28/><REACH who="0" ten="318,224,224,224" step="2"/><U71/><E71/><V32/><F32/><W102/><G42/><T43/><D43/><U61/><E11/><V38/><F38/><W112/><G112/><T93/><D93/><U46/><E30/><V21/><F23/><W125/><G10/><T89/><D89/><U98/><E33/><V45/><F105/><W115/><G115/><T84/><D84/><U55/><E98/><V73/><F73/><W35/><G35/><T81/><D81/><U76/><E76/><V77/><F77/><W37/><G37/><T49/><AGARI ba="1,1" hai="12,19,20,44,49,52,63,66,70,80,82,94,97,103" machi="49" ten="30,11700,0" yaku="1,1,0,1,54,1,53,1" doraHai="113" doraHaiUra="96" who="0" fromWho="0" sc="318,130,224,-40,224,-40,224,-40" /><INIT seed="0,2,0,1,4,38" ten="448,184,184,184" oya="0" hai0="24,11,49,36,60,57,131,69,10,79,112,72,54" hai1="67,98,59,50,4,109,71,118,43,41,115,97,114" hai2="8,81,51,108,65,107,37,90,95,30,83,53,2" hai3="117,82,133,123,122,66,102,88,126,56,92,20,87"/><T26/><D112/><N who="1" m="43051" /><E118/><V121/><F121/><N who="3" m="46091" /><G117/><T48/><D36/><U58/><E4/><V29/><F108/><W103/><G20/><T135/><D135/><U99/><E109/><V76/><F107/><W125/><G66/><T68/><D131/><U23/><E23/><V129/><F129/><W74/><G56/><N who="1" m="21546" /><E50/><V31/><F37/><W0/><G0/><T34/><D49/><U105/><E105/><V12/><F65/><W89/><G133/><T45/><D48/><U93/><E93/><V55/><F2/><W40/><G40/><N who="1" m="15434" /><E67/><V124/><F51/><W113/><G113/><T120/><D45/><U17/><E17/><V18/><F124/><N who="3" m="47723" /><G74/><T28/><D72/><U91/><E71/><V116/><F116/><W22/><G22/><T84/><D69/><U111/><E111/><V85/><REACH who="2" step="1"/><F83/><REACH who="2" ten="448,184,174,184" step="2"/><W9/><G9/><T70/><D120/><U96/><N who="1" m="24576" /><DORA hai="21" /><U5/><E5/><V33/><F33/><W73/><G82/><T128/><D10/><U94/><E94/><V3/><F3/><W62/><G92/><T104/><D104/><U14/><E14/><V61/><F61/><W6/><G62/><T106/><D60/><U100/><E100/><V64/><F64/><W15/><G103/><T19/><D11/><U44/><E44/><V101/><F101/><W80/><G102/><T13/><D106/><U46/><E46/><V130/><F130/><W78/><G73/><AGARI ba="2,1" hai="8,12,18,29,30,31,53,55,73,76,81,85,90,95" machi="73" ten="40,8000,1" yaku="1,1,53,3" doraHai="38,21" doraHaiUra="27,47" who="2" fromWho="3" sc="448,0,184,0,174,96,184,-86" /><INIT seed="1,0,0,3,1,106" ten="448,184,270,98" oya="1" hai0="51,60,97,133,130,132,115,87,40,22,131,84,127" hai1="135,30,67,17,78,83,14,79,129,90,27,66,8" hai2="38,128,61,49,52,113,75,98,99,94,12,36,24" hai3="4,35,39,80,104,109,114,57,59,111,25,46,7"/><U41/><E129/><N who="0" m="49161" /><D115/><U34/><E135/><V47/><F128/><W82/><G114/><T86/><D127/><U33/><E33/><V69/><F113/><W28/><G104/><T32/><D32/><U107/><E107/><V85/><F75/><W26/><G39/><T42/><D22/><U81/><E41/><N who="0" m="15977" /><D51/><U19/><E90/><V105/><F24/><W45/><REACH who="3" step="1"/><G35/><REACH who="3" ten="448,184,270,88" step="2"/><T44/><D132/><U101/><E34/><V89/><F105/><W68/><G68/><T96/><D133/><U134/><E134/><V95/><F36/><W23/><G23/><T5/><D44/><U1/><E30/><AGARI ba="0,1" hai="4,7,25,26,28,30,45,46,57,59,80,82,109,111" machi="30" ten="25,3200,0" yaku="1,1,22,2,53,0" doraHai="106" doraHaiUra="31" who="3" fromWho="1" sc="448,0,184,-32,270,0,88,42" /><INIT seed="2,0,0,2,3,27" ten="448,152,270,130" oya="2" hai0="91,12,85,19,33,94,32,3,82,6,83,78,8" hai1="133,130,11,128,87,77,47,80,52,41,88,16,40" hai2="126,15,68,49,51,86,50,64,26,39,120,4,57" hai3="119,66,113,7,117,101,111,46,21,123,53,110,129"/><V58/><F120/><W122/><G101/><T36/><D36/><U81/><E133/><V69/><F86/><W37/><G7/><T65/><D65/><U99/><E99/><V70/><F4/><W22/><G66/><T31/><D31/><U121/><E121/><N who="3" m="46090" /><G22/><T84/><D94/><U18/><E80/><V115/><F15/><W76/><G76/><T97/><D97/><U5/><E77/><V23/><F115/><W10/><G10/><AGARI ba="0,0" hai="3,6,8,10,12,19,32,33,78,82,83,84,85,91" machi="10" ten="30,1000,0" yaku="7,1" doraHai="27" who="0" fromWho="3" sc="448,10,152,0,270,0,130,-10" /><INIT seed="3,0,0,0,2,85" ten="458,152,270,120" oya="3" hai0="80,89,93,125,14,10,90,120,0,23,123,48,13" hai1="71,35,83,63,74,117,33,122,4,37,40,39,9" hai2="77,72,15,115,86,22,134,88,76,107,118,112,46" hai3="57,16,42,18,79,109,64,98,67,44,106,60,97"/><W66/><G79/><T70/><D70/><U91/><E122/><V114/><F118/><W24/><G109/><T102/><D0/><N who="1" m="135" /><E91/><V41/><F107/><W73/><G73/><T119/><D125/><U5/><E5/><V132/><F72/><W127/><G127/><T55/><D119/><U131/><E117/><V2/><F2/><W135/><G135/><N who="2" m="51753" /><F15/><W50/><G106/><T99/><D23/><U7/><E7/><V68/><F22/><N who="3" m="13383" /><G18/><T21/><D14/><U53/><E53/><AGARI ba="0,0" hai="42,44,50,53,57,60,64,66,67,97,98" m="13383" machi="53" ten="30,2900,0" yaku="8,1,54,1" doraHai="85" who="3" fromWho="1" sc="458,0,152,-29,270,0,120,29" /><INIT seed="3,1,0,0,4,105" ten="458,123,270,149" oya="3" hai0="85,37,76,35,3,31,93,55,121,113,46,125,107" hai1="72,19,92,94,122,60,114,18,95,34,106,111,42" hai2="44,63,89,79,83,41,71,1,88,54,108,82,70" hai3="73,25,11,135,13,17,2,115,10,62,81,27,90"/><W112/><G135/><T5/><D107/><U128/><E106/><V116/><F1/><W80/><G62/><T29/><D35/><U74/><E114/><V68/><F116/><W39/><G39/><T130/><D121/><U33/><E122/><V98/><F108/><W21/><G90/><T77/><D125/><U123/><E123/><V118/><F118/><W48/><G48/><T119/><D130/><U86/><E128/><V133/><F133/><W7/><G81/><T134/><D29/><U75/><E111/><V45/><F98/><W49/><G49/><T15/><D77/><U131/><E131/><V103/><F103/><W28/><G80/><T30/><D55/><U97/><E86/><V57/><F83/><W59/><G59/><T58/><D58/><U9/><E97/><V16/><F16/><N who="1" m="6185" /><E60/><V126/><F126/><W96/><G73/><N who="1" m="18690" /><U23/><DORA hai="124" /><E23/><V110/><F110/><W50/><G96/><T36/><D15/><U132/><E132/><V53/><F63/><W101/><G101/><T12/><D113/><N who="3" m="43593" /><G50/><T104/><D104/><U84/><E84/><V66/><F57/><W100/><G100/><T120/><D76/><U64/><E64/><V87/><F66/><W40/><G27/><T26/><D46/><U0/><E42/><V47/><F41/><W65/><G40/><T24/><D93/><N who="1" m="23811" /><U4/><AGARI ba="1,0" hai="0,4,9,33,34" m="23811,18690,6185" machi="4" ten="50,12000,2" yaku="4,1,52,4,54,1" doraHai="105,124" who="1" fromWho="1" sc="458,-31,123,123,270,-31,149,-61" owari="427,52.7,246,4.6,239,-16.1,88,-41.2" /></mjloggm>