<mjloggm ver="2.3"><GO type="225" lobby="0"/><UN n0="%E4%BA%95%E5%B8%AF" n1="%E3%83%B4%E3%82%A3%E3%83%AF%E3%82%B3%E3%82%B0%E3%83%8B" n2="%E6%B8%A9%E2%98%85%E6%83%85%E2%98%85%E6%8E%AA%E2%98%85%E7%BD%AE" n3="%72%65%6E%6B%75%6E" dan="16,16,17,17" rate="2039.19,2186.76,2213.09,2219.49" sx="M,M,M,M"/><TAIKYOKU oya="0"/><INIT seed="0,0,0,0,1,39" ten="250,250,250,250" oya="0" hai0="67,98,114,103,31,116,88,81,15,60,113,25,50" hai1="135,46,117,13,122,38,97,57,66,44,30,115,2" hai2="16,42,120,4,119,111,32,78,128,23,19,87,110" hai3="36,8,124,52,24,94,73,58,17,12,129,126,72"/><T96/><D116/><U69/><E122/><V127/><F120/><W85/><G129/><T65/><D15/><U10/><E69/><V61/><F32/><W104/><G104/><T84/><D50/><U51/><E2/><V64/><F128/><W91/><G36/><T37/><D37/><U70/><E70/><V48/><F4/><W123/><G24/><T3/><D98/><U121/><E135/><V9/><F9/><W27/><G27/><T22/><D3/><U93/><E38/><V99/><F99/><W76/><G123/><T43/><D43/><N who="1" m="24991" /><E46/><N who="2" m="25687" /><F127/><N who="3" m="48683" /><G76/><T108/><D108/><N who="2" m="41514" /><F23/><W34/><G34/><T33/><D67/><U89/><E115/><V56/><F119/><W6/><G6/><T102/><D102/><U1/><E1/><V71/><F71/><W21/><G8/><T107/><REACH who="0" step="1"/><D22/><REACH who="0" ten="240,250,250,250" step="2"/><U75/><E117/><V77/><F87/><W83/><G83/><T101/><D101/><U106/><E121/><V118/><F118/><W109/><G109/><T131/><D131/><U7/><E97/><V55/><F64/><W5/><G5/><T112/><D112/><U49/><E66/><V63/><F63/><AGARI ba="0,1" hai="12,17,21,52,58,63,72,73,85,91,94" m="48683" machi="63" ten="30,2000,0" yaku="18,1,54,1" doraHai="39" who="3" fromWho="2" sc="240,0,250,0,250,-20,250,30" /><INIT seed="1,0,0,5,0,23" ten="240,250,230,280" oya="1" hai0="45,112,59,125,79,52,78,73,101,132,25,11,18" hai1="61,29,118,38,131,121,15,65,21,77,80,114,0" hai2="2,22,83,46,41,103,60,12,107,1,54,37,26" hai3="33,95,55,66,44,3,123,90,104,134,96,42,82"/><U117/><E114/><V91/><F12/><W85/><G123/><T53/><D112/><U93/><E121/><V32/><F32/><W63/><G134/><T115/><D115/><U68/><E0/><V119/><F119/><W122/><G122/><T124/><D101/><U50/><E38/><V129/><F129/><W47/><G33/><T81/><D132/><U27/><E131/><V69/><F103/><W100/><G3/><T51/><D79/><U72/><E93/><V49/><F107/><W39/><G55/><T84/><D73/><U36/><E36/><V16/><F83/><W28/><G28/><T24/><D11/><U64/><E64/><N who="2" m="41095" /><F91/><W30/><G30/><T13/><D13/><U105/><E105/><V133/><F133/><W89/><G47/><T99/><D99/><U106/><E106/><V75/><F75/><W94/><REACH who="3" step="1"/><G90/><REACH who="3" ten="240,250,230,270" step="2"/><T48/><REACH who="0" step="1"/><D18/><REACH who="0" ten="230,250,230,270" step="2"/><U34/><E118/><V98/><F98/><W120/><G120/><T110/><D110/><U71/><E117/><V76/><F76/><W9/><G9/><T20/><D20/><U31/><E34/><V102/><F102/><W92/><G92/><T40/><D40/><U58/><E21/><V116/><F116/><W17/><G17/><T70/><D70/><AGARI ba="0,2" hai="39,42,44,63,66,70,82,85,89,94,95,96,100,104" machi="70" ten="30,3900,0" yaku="1,1,7,1,53,1" doraHai="23" doraHaiUra="57" who="3" fromWho="0" sc="230,-39,250,0,230,0,270,59" /><INIT seed="2,0,0,3,4,118" ten="191,250,230,329" oya="2" hai0="49,85,69,95,121,68,122,88,66,132,83,134,82" hai1="128,97,43,75,54,14,135,6,51,99,4,45,23" hai2="55,10,98,110,84,32,94,106,108,123,100,17,39" hai3="18,114,80,130,7,104,25,67,64,46,19,57,42"/><V47/><F32/><W111/><G104/><T36/><D36/><U12/><E75/><V8/><F123/><N who="0" m="47114" /><D49/><N who="1" m="26815" /><E128/><V3/><F3/><W40/><G7/><N who="1" m="2602" /><E135/><N who="0" m="51753" /><D66/><U15/><E23/><V16/><F84/><W63/><G111/><N who="2" m="42537" /><F106/><W13/><G64/><T2/><D2/><U81/><E81/><AGARI ba="0,0" hai="68,69,81,82,83,85,88,95" m="51753,47114" machi="81" ten="30,8000,1" yaku="20,1,52,3,54,1" doraHai="118" who="0" fromWho="1" sc="191,80,250,-80,230,0,329,0" /><INIT seed="3,0,0,5,2,23" ten="271,170,230,329" oya="3" hai0="88,63,26,49,56,119,91,111,78,82,84,95,57" hai1="69,97,52,45,25,4,108,29,13,20,21,101,121" hai2="109,117,130,76,1,90,79,96,44,66,112,114,6" hai3="81,89,39,36,55,67,37,41,132,99,65,2,105"/><W122/><G122/><T115/><D111/><U33/><E121/><V9/><F117/><W40/><G132/><T10/><D119/><U14/><E108/><V80/><F109/><W19/><G2/><T47/><D115/><U102/><E69/><V53/><F130/><W83/><G55/><T127/><D127/><U24/><E33/><V22/><F66/><W48/><G19/><T17/><D63/><U64/><E64/><V15/><F90/><W0/><G0/><T72/><D91/><U113/><E113/><V3/><F96/><W124/><G124/><T107/><D107/><U92/><E102/><V98/><F98/><W110/><G110/><T70/><D70/><U75/><E4/><V35/><F79/><W43/><G48/><T135/><D135/><U28/><E75/><V30/><F53/><W120/><G120/><T27/><D10/><U104/><E104/><V54/><F54/><W106/><G83/><T5/><D5/><U12/><E52/><V125/><F44/><AGARI ba="0,0" hai="12,13,14,20,21,24,25,28,29,44,45,92,97,101" machi="44" ten="40,8000,1" yaku="9,1,8,1,52,2" doraHai="23" who="1" fromWho="2" sc="271,0,170,80,230,-80,329,0" owari="271,7.1,250,-15.0,150,-35.0,329,42.9" /></mjloggm>