<mjloggm ver="2.3"><GO type="225" lobby="0"/><UN n0="%E3%81%82%E3%81%99%E3%81%AB%E3%82%83%E3%82%80" n1="%6D%75%75%6D%75%72%61" n2="%E3%81%86%E3%83%BC%E3%81%B1%E3%83%BC" n3="%E3%83%A9%E3%83%96%E3%83%AC%E3%83%BC" dan="16,17,16,18" rate="2113.25,2167.52,2140.73,2171.99" sx="F,F,F,M"/><TAIKYOKU oya="0"/><INIT seed="0,0,0,3,4,111" ten="250,250,250,250" oya="0" hai0="122,18,116,32,74,88,62,60,61,85,28,8,14" hai1="36,64,65,35,10,89,78,7,24,52,108,55,4" hai2="27,43,53,97,11,72,47,1,113,51,96,16,92" hai3="80,29,128,77,46,98,19,79,84,2,95,131,59"/><T67/><D74/><U83/><E36/><V3/><F72/><W38/><G2/><T93/><D116/><U25/><E108/><V63/><F113/><W123/><G29/><T34/><D122/><U9/><E35/><V104/><F104/><W134/><G46/><T126/><D126/><U75/><E75/><V82/><F82/><W91/><G59/><T118/><D118/><U66/><E89/><V15/><F27/><N who="1" m="10313" /><E83/><V135/><F135/><W33/><G19/><T58/><REACH who="0" step="1"/><D28/><REACH who="0" ten="240,250,250,250" step="2"/><U68/><E68/><V42/><F97/><W99/><G123/><T39/><D39/><U26/><E26/><V50/><F63/><AGARI ba="0,1" hai="8,14,18,32,34,58,60,61,62,63,67,85,88,93" machi="63" ten="40,7700,0" yaku="1,1,54,1,53,1" doraHai="111" doraHaiUra="87" who="0" fromWho="2" sc="240,87,250,0,250,-77,250,0" /><INIT seed="0,1,0,5,1,37" ten="327,250,173,250" oya="0" hai0="31,73,120,105,66,40,98,55,56,60,33,112,63" hai1="47,4,114,121,78,38,23,85,46,103,58,20,135" hai2="128,24,45,8,13,11,100,41,111,87,101,76,133" hai3="104,130,52,94,64,75,122,109,81,27,50,71,35"/><T125/><D112/><U108/><E114/><V59/><F111/><W39/><G109/><T124/><D73/><U116/><E108/><V134/><F128/><W72/><G104/><T15/><D120/><U5/><E121/><V53/><F24/><W26/><G39/><T48/><D15/><U25/><E116/><V61/><F11/><W34/><G122/><T74/><D74/><U9/><E135/><V0/><F0/><W3/><G3/><T82/><D82/><N who="1" m="47319" /><E38/><V119/><F119/><W80/><G71/><T93/><D105/><U131/><E131/><V32/><F32/><W19/><G35/><T110/><D110/><U118/><E118/><V10/><F10/><W90/><G34/><T77/><D77/><U117/><E117/><V67/><F67/><W129/><G75/><T18/><D18/><U36/><E36/><V106/><F106/><W68/><G68/><T123/><D123/><U84/><E9/><V57/><F57/><W89/><G72/><T49/><D31/><N who="1" m="17831" /><E23/><V132/><F87/><W6/><G130/><T97/><D33/><U91/><E58/><V88/><F88/><W102/><G102/><T22/><D22/><U30/><E103/><V70/><F70/><W14/><G90/><T7/><D7/><N who="1" m="2635" /><E30/><V96/><F76/><W62/><G6/><T107/><D107/><U29/><E29/><V54/><F101/><W99/><G129/><T44/><D98/><U79/><E79/><V43/><F8/><N who="3" m="6599" /><G27/><T113/><D113/><U95/><AGARI ba="1,0" hai="46,47,84,91,95" m="2635,17831,47319" machi="95" ten="30,1100,0" yaku="8,1" doraHai="37" who="1" fromWho="1" sc="327,-6,250,14,173,-4,250,-4" /><INIT seed="1,0,0,3,2,94" ten="321,264,169,246" oya="1" hai0="48,32,116,22,102,87,18,114,10,20,39,12,132" hai1="1,21,2,123,53,95,133,117,131,56,54,66,47" hai2="125,90,0,42,101,71,13,50,134,70,124,113,19" hai3="130,16,74,80,84,110,85,36,7,37,111,3,75"/><U58/><E117/><V78/><F0/><W61/><G3/><T129/><D39/><U98/><E123/><V30/><F134/><W96/><G130/><T65/><D32/><U25/><E131/><V17/><F113/><W33/><G33/><T86/><D129/><U119/><E119/><V46/><F30/><W49/><G7/><T11/><D116/><U88/><E133/><V69/><F78/><W108/><G61/><T99/><D114/><U91/><E66/><V5/><F90/><W41/><G49/><T63/><D48/><N who="1" m="28831" /><E2/><V15/><F101/><W120/><G120/><T107/><D10/><U97/><E1/><V24/><F5/><W44/><G37/><T38/><D38/><U112/><E112/><V28/><F15/><W67/><G67/><T6/><D22/><U93/><E54/><V60/><F60/><W76/><G75/><T100/><D100/><U62/><E62/><V118/><F118/><W34/><G34/><T23/><D23/><U35/><E35/><N who="2" m="20871" /><F13/><W45/><G45/><T43/><D43/><U77/><E77/><V135/><F135/><W40/><G40/><T64/><D64/><U106/><E106/><V83/><F83/><W55/><G55/><T68/><REACH who="0" step="1"/><D132/><REACH who="0" ten="311,264,169,246" step="2"/><U126/><E126/><AGARI ba="0,1" hai="17,19,42,46,50,69,70,71,124,125,126" m="20871" machi="126" ten="40,1300,0" yaku="18,1" doraHai="94" who="2" fromWho="1" sc="311,0,264,-13,169,23,246,0" /><INIT seed="2,0,0,0,5,9" ten="311,251,192,246" oya="2" hai0="17,88,94,105,83,33,115,130,128,95,100,19,1" hai1="90,111,81,107,59,34,102,121,89,125,8,82,68" hai2="126,110,58,24,85,92,13,114,86,75,103,77,46" hai3="57,76,10,51,55,23,120,117,52,18,7,129,91"/><V118/><F114/><W48/><G120/><T44/><D1/><U39/><E68/><V79/><F118/><W101/><G129/><N who="0" m="49771" /><D33/><U6/><E121/><V32/><F126/><W45/><G117/><T60/><D115/><U41/><E125/><V98/><F110/><W78/><G101/><T12/><D60/><U30/><E111/><V119/><F119/><W3/><REACH who="3" step="1"/><G91/><REACH who="3" ten="311,251,192,236" step="2"/><T96/><D88/><U22/><E90/><V127/><F103/><W38/><G38/><T54/><D100/><U66/><E89/><V106/><F127/><W112/><G112/><T14/><D105/><U53/><E107/><V42/><F106/><W93/><G93/><T47/><D95/><U69/><E102/><V134/><F92/><W50/><G50/><T16/><D83/><U71/><E82/><V0/><F98/><W40/><G40/><T122/><D122/><U27/><E41/><V113/><F42/><W133/><G133/><T35/><D94/><U49/><E39/><V108/><F134/><W64/><G64/><T56/><D96/><U116/><E81/><V65/><F113/><W43/><G43/><T29/><D54/><U28/><E66/><V26/><F65/><W97/><G97/><T62/><D62/><U11/><E116/><V21/><F108/><W31/><G31/><T73/><D29/><U72/><E49/><V63/><F63/><W67/><G67/><T4/><D73/><U84/><E72/><V37/><F75/><W74/><G74/><T2/><D47/><U20/><E53/><V25/><F46/><W124/><G124/><T80/><D44/><RYUUKYOKU ba="0,1" sc="311,-10,251,-10,192,-10,236,30" hai3="3,7,10,18,23,45,48,51,52,55,57,76,78" /><INIT seed="3,1,1,1,4,97" ten="301,241,182,266" oya="3" hai0="64,117,53,111,28,13,99,12,29,21,106,77,39" hai1="78,8,15,27,92,104,134,119,45,113,4,116,7" hai2="112,76,103,59,114,70,32,95,66,26,81,83,126" hai3="62,75,79,55,135,107,91,34,17,30,110,125,14"/><W52/><G107/><T18/><D117/><N who="1" m="45131" /><E104/><V42/><F126/><W84/><G125/><T31/><D39/><U41/><E113/><V1/><F70/><W6/><G75/><T130/><D111/><U19/><E134/><V101/><F42/><W24/><G135/><T58/><D64/><U108/><E108/><V10/><F95/><W47/><G79/><T23/><D77/><U36/><E78/><V71/><F71/><W9/><G110/><T118/><D118/><U127/><E127/><V67/><F76/><W48/><G62/><T74/><D74/><U80/><E80/><V73/><F73/><W37/><G37/><T129/><D99/><U124/><E124/><V38/><F38/><W96/><G96/><T5/><D5/><N who="1" m="2123" /><E27/><V85/><F26/><W122/><G122/><T123/><D12/><U133/><E133/><V94/><F94/><AGARI ba="1,1" hai="8,15,19,36,41,45,92,94" m="2123,45131" machi="94" ten="30,1000,0" yaku="12,1" doraHai="97" who="1" fromWho="2" sc="301,0,241,23,182,-13,266,0" owari="301,40.1,264,-13.6,169,-33.1,266,6.6" /></mjloggm>