<mjloggm ver="2.3"><GO type="225" lobby="0"/><UN n0="%E6%9D%B1%E9%A2%A8%E3%81%AE%E3%81%8D%E3%82%83%E3%81%B7%E3%81%95%E3%82%93" n1="%E7%AC%B9%E9%A4%85" n2="%E5%8D%A0%E3%81%84%E5%B8%AB%E8%A3%8F%E3%81%AA%E3%81%84%E3%81%97" n3="%E3%82%A2%E3%82%A4%E3%82%B9%E3%83%86%E3%82%A3%E3%83%BC%E3%81%82%E3%81%B9" dan="16,17,16,16" rate="2216.19,2213.21,2168.17,2086.81" sx="M,M,M,M"/><TAIKYOKU oya="0"/><INIT seed="0,0,0,4,1,25" ten="250,250,250,250" oya="0" hai0="119,116,6,66,58,84,40,78,51,24,1,75,32" hai1="3,17,71,12,68,124,92,111,23,112,29,16,97" hai2="14,93,98,107,102,38,121,125,72,5,33,132,11" hai3="79,86,4,61,94,101,123,115,43,95,52,44,36"/><T65/><D75/><U77/><E3/><V134/><F121/><W34/><G115/><T83/><D6/><U90/><E112/><V54/><F72/><W53/><G123/><T0/><D40/><U74/><E111/><V28/><F125/><W26/><G4/><T7/><D51/><U82/><E124/><V62/><F38/><W126/><G126/><T50/><D50/><U99/><E29/><V127/><F127/><W57/><G101/><T8/><D0/><U47/><E47/><V103/><F103/><W20/><G34/><T56/><D56/><U114/><E114/><V88/><F54/><W130/><G130/><T100/><D100/><U55/><E55/><V15/><F15/><W48/><G86/><T37/><D37/><U81/><E81/><V9/><F9/><W113/><G79/><T70/><D58/><U87/><E97/><V13/><F13/><W59/><REACH who="3" step="1"/><G113/><REACH who="3" ten="250,250,250,240" step="2"/><T2/><D2/><U30/><E74/><V27/><REACH who="2" step="1"/><F62/><REACH who="2" ten="250,250,240,240" step="2"/><W49/><G49/><T42/><D1/><U60/><E60/><V64/><F64/><W21/><G21/><T106/><D65/><U117/><E23/><V110/><F110/><W39/><G39/><T18/><D66/><U118/><E118/><V45/><F45/><W76/><G76/><T135/><D78/><U73/><E117/><V104/><F104/><W91/><G91/><T22/><D106/><U46/><E90/><V96/><AGARI ba="0,2" hai="5,11,14,27,28,33,88,93,96,98,102,107,132,134" machi="96" ten="30,7900,0" yaku="1,1,0,1,52,1,54,1,53,0" doraHai="25" doraHaiUra="69" who="2" fromWho="2" sc="250,-39,250,-20,240,99,240,-20" /><INIT seed="1,0,0,1,0,20" ten="211,230,339,220" oya="1" hai0="123,71,1,3,70,53,61,82,93,30,39,120,25" hai1="121,13,23,12,6,51,67,81,110,50,113,57,124" hai2="84,38,80,96,85,45,29,17,83,116,49,86,98" hai3="10,72,74,16,59,94,126,87,102,69,0,64,62"/><U19/><E113/><V77/><F116/><W106/><G126/><T44/><D93/><U4/><E121/><N who="0" m="46665" /><D82/><U43/><E124/><V92/><F38/><W117/><G117/><T107/><D107/><U89/><E110/><V68/><F68/><N who="0" m="26154" /><D61/><N who="1" m="38319" /><E43/><N who="2" m="24767" /><F29/><W66/><G106/><T108/><D108/><U22/><E22/><V24/><F77/><W122/><G122/><T5/><D5/><N who="1" m="2155" /><E13/><V125/><F125/><W115/><G0/><T76/><D76/><U135/><E135/><V73/><F73/><W91/><G102/><T42/><D53/><U114/><E114/><V15/><F15/><W21/><G10/><T132/><D132/><U105/><E105/><V75/><F75/><W54/><G66/><T31/><D31/><U18/><E18/><V104/><F17/><W11/><G11/><T33/><AGARI ba="0,0" hai="1,3,25,30,33,39,42,44" m="26154,46665" machi="33" ten="30,4000,0" yaku="13,1,23,1,52,1" doraHai="20" who="0" fromWho="0" sc="211,40,230,-20,339,-10,220,-10" /><INIT seed="2,0,0,4,0,57" ten="251,210,329,210" oya="2" hai0="99,108,15,76,95,17,8,107,12,22,39,104,127" hai1="23,63,93,90,54,49,53,77,121,0,44,20,65" hai2="115,85,26,111,56,109,68,112,106,30,92,87,16" hai3="126,98,60,48,25,84,105,83,69,123,110,102,97"/><V36/><F68/><W19/><G110/><N who="2" m="41993" /><F106/><W125/><G123/><T124/><D76/><U130/><E121/><V31/><F36/><W40/><G98/><T34/><D34/><U21/><E0/><V2/><F2/><W73/><G73/><T79/><D79/><U52/><E77/><V47/><F47/><W117/><G117/><T81/><D81/><U58/><REACH who="1" step="1"/><E130/><REACH who="1" ten="251,200,329,210" step="2"/><V3/><F3/><W120/><G120/><T7/><D108/><U67/><E67/><V35/><F112/><W78/><G126/><N who="0" m="48171" /><D39/><U66/><E66/><V43/><F115/><W11/><G125/><T116/><D116/><U80/><E80/><V33/><F33/><W71/><G78/><T118/><D118/><U6/><E6/><V134/><F35/><W133/><G83/><T88/><AGARI ba="0,1" hai="7,8,12,15,17,22,88,95,99,104,107" m="48171" machi="88" ten="30,2000,0" yaku="18,1,54,1" doraHai="57" who="0" fromWho="0" sc="251,30,200,-5,329,-10,210,-5" /><INIT seed="3,0,0,5,2,23" ten="281,195,319,205" oya="3" hai0="112,118,65,93,74,129,101,58,91,52,110,39,108" hai1="76,61,1,78,80,79,124,51,15,99,44,10,16" hai2="115,59,41,135,128,60,62,97,5,40,32,86,96" hai3="26,77,103,116,27,92,14,127,109,111,105,126,119"/><W66/><G66/><T57/><D74/><U18/><E1/><V2/><F115/><W6/><G105/><T43/><D118/><N who="3" m="45097" /><G77/><T47/><D129/><U30/><E30/><V35/><F59/><W63/><G63/><T50/><D101/><U117/><E117/><V53/><F53/><W125/><G6/><T73/><D73/><U22/><E124/><V3/><F5/><W38/><G38/><T81/><D81/><U120/><E120/><V87/><F128/><W46/><G46/><T56/><D112/><U21/><E61/><V95/><F95/><W12/><G103/><T19/><D19/><U17/><E99/><V83/><F83/><W24/><G92/><T48/><D65/><U25/><E80/><V49/><F49/><W54/><G54/><T133/><D133/><AGARI ba="0,0" hai="2,3,32,35,40,41,60,62,86,87,96,97,133,135" machi="133" ten="25,1600,0" yaku="22,2" doraHai="23" who="2" fromWho="0" sc="281,-16,195,0,319,16,205,0" owari="265,6.5,195,-30.5,335,43.5,205,-19.5" /></mjloggm>