<mjloggm ver="2.3"><GO type="225" lobby="0"/><UN n0="%E9%89%A2%E5%B7%BB%E3%82%AC%E3%83%96" n1="%E6%A1%9C%E8%8A%B1%E9%96%83%E3%80%85" n2="%6A%70%74%77%61%32" n3="%E3%82%A2%E3%83%BC%E3%83%A2%E3%83%AD%E3%83%BC%E3%83%B4%E3%82%A1" dan="16,18,16,16" rate="2132.62,2205.22,2047.49,2173.68" sx="M,M,M,M"/><TAIKYOKU oya="0"/><INIT seed="0,0,0,5,2,32" ten="250,250,250,250" oya="0" hai0="20,30,82,98,125,115,106,122,126,118,9,81,55" hai1="127,116,117,48,113,74,47,14,36,107,69,99,15" hai2="96,58,7,63,123,103,133,110,97,120,94,130,132" hai3="108,71,62,6,46,21,42,18,72,19,85,35,65"/><T92/><D115/><U134/><E36/><V2/><F110/><W50/><G72/><T87/><D118/><U0/><E69/><V84/><F130/><W8/><G35/><T79/><D122/><U83/><E113/><V86/><F7/><W104/><G108/><T45/><D106/><U88/><E134/><N who="2" m="51819" /><F2/><W90/><G21/><T56/><D45/><U27/><E127/><V16/><F16/><W129/><G104/><T53/><D82/><U51/><E51/><V89/><F58/><W73/><G73/><T102/><D9/><U61/><E61/><V5/><F5/><W112/><G129/><T43/><D43/><U4/><E27/><V34/><F63/><W128/><G128/><T121/><D121/><N who="2" m="46666" /><F34/><W57/><G71/><T66/><D66/><U91/><E0/><V59/><F59/><W13/><REACH who="3" step="1"/><G112/><REACH who="3" ten="250,250,250,240" step="2"/><T101/><D20/><U135/><E135/><V24/><F24/><W80/><AGARI ba="0,1" hai="6,8,13,18,19,42,46,50,57,62,65,80,85,90" machi="80" ten="20,12000,2" yaku="1,1,2,1,0,1,7,1,8,1,53,1" doraHai="32" doraHaiUra="37" who="3" fromWho="3" sc="250,-60,250,-30,250,-30,240,130" /><INIT seed="1,0,0,3,1,101" ten="190,220,220,370" oya="1" hai0="85,64,7,6,76,72,32,3,57,1,0,111,134" hai1="102,131,16,121,116,92,18,103,35,9,30,94,81" hai2="106,26,45,39,130,49,124,46,107,14,47,17,114" hai3="33,48,80,37,41,110,86,87,105,126,77,13,89"/><U29/><E116/><V78/><F39/><W59/><G33/><T15/><D111/><U67/><E121/><V115/><F124/><W20/><G110/><T25/><D134/><U79/><E131/><V97/><F130/><W83/><G126/><T66/><D72/><U75/><E67/><V60/><F78/><W118/><G105/><N who="2" m="39945" /><F97/><W65/><G37/><T10/><D7/><U38/><E38/><V82/><F82/><W27/><G13/><T11/><D11/><U74/><E9/><N who="2" m="6351" /><F60/><W50/><G41/><T99/><D99/><U19/><E35/><V24/><F49/><W63/><G118/><T120/><D120/><U96/><E75/><V93/><F93/><W100/><G100/><T8/><D85/><U4/><E4/><V5/><F5/><W123/><G123/><T44/><D76/><U58/><E94/><V119/><F119/><W36/><G36/><T125/><D125/><U54/><REACH who="1" step="1"/><E103/><REACH who="1" ten="190,210,220,370" step="2"/><V42/><F42/><W117/><G117/><T56/><D0/><U109/><E109/><V53/><F53/><W112/><G65/><T135/><D1/><U70/><E70/><V61/><F61/><AGARI ba="0,1" hai="16,18,19,29,30,54,58,61,74,79,81,92,96,102" machi="61" ten="40,3900,0" yaku="1,1,54,1,53,0" doraHai="101" doraHaiUra="43" who="1" fromWho="2" sc="190,0,210,49,220,-39,370,0" /><INIT seed="1,1,0,1,4,109" ten="190,259,181,370" oya="1" hai0="56,37,72,87,74,79,61,20,5,28,133,31,83" hai1="132,53,103,19,63,32,105,111,108,135,40,114,117" hai2="38,64,52,24,0,13,35,58,123,54,8,9,122" hai3="18,47,7,75,104,107,99,25,106,115,50,26,80"/><U91/><E32/><V85/><F38/><W44/><G115/><T86/><D133/><N who="1" m="51275" /><E117/><V70/><F0/><W36/><G7/><T116/><D116/><U45/><E91/><V88/><F70/><W1/><G1/><T10/><D37/><N who="1" m="21647" /><E19/><V65/><F35/><W23/><G99/><T21/><D72/><U110/><E103/><V113/><F24/><W3/><G3/><T27/><D21/><U76/><E76/><V39/><F39/><W2/><G2/><T118/><D31/><U124/><E105/><V98/><F98/><W95/><G95/><T130/><D118/><U4/><E4/><V93/><F113/><W60/><G26/><T62/><D10/><U29/><E29/><V68/><F68/><W34/><G34/><T89/><D5/><U134/><E134/><V43/><F43/><W69/><G69/><T41/><D74/><U51/><E114/><V128/><F128/><W42/><G75/><T15/><D130/><U22/><E22/><V67/><F9/><W97/><G97/><T84/><D15/><U77/><E77/><V100/><F100/><W46/><G36/><T14/><D14/><U82/><E82/><V101/><F101/><W129/><G80/><T90/><D79/><U6/><E6/><V57/><F57/><W121/><G107/><T11/><D11/><U96/><E96/><V30/><F30/><W102/><G102/><T71/><D83/><U81/><E81/><V126/><F58/><W48/><G106/><T127/><D89/><U131/><E131/><V12/><F88/><W120/><G104/><T73/><D90/><RYUUKYOKU ba="1,0" sc="190,0,259,0,181,0,370,0" /><INIT seed="2,2,0,3,4,101" ten="190,259,181,370" oya="2" hai0="29,131,114,86,51,88,9,2,109,15,46,110,58" hai1="66,56,118,41,77,95,107,12,103,100,65,81,35" hai2="117,7,123,129,52,0,55,49,87,21,69,119,94" hai3="80,11,48,90,92,8,28,134,67,34,115,130,44"/><V96/><F123/><W85/><G67/><T26/><D114/><U63/><E118/><V14/><F129/><W127/><G130/><T82/><D131/><U23/><E35/><V20/><F69/><W59/><G115/><T45/><D2/><U33/><E33/><V132/><F132/><W39/><G134/><T50/><D26/><U13/><E107/><V122/><F122/><W57/><G39/><T16/><D29/><U17/><E41/><V5/><F87/><N who="3" m="52319" /><G28/><T108/><REACH who="0" step="1"/><D58/><REACH who="0" ten="180,259,181,370" step="2"/><U60/><E12/><V42/><F0/><W111/><G57/><T84/><D84/><U75/><E95/><V24/><F119/><W113/><G59/><AGARI ba="2,1" hai="13,17,23,56,59,60,63,65,66,75,77,81,100,103" machi="59" ten="30,2000,0" yaku="7,1,9,1" doraHai="101" who="1" fromWho="3" sc="180,0,259,36,181,0,370,-26" /><INIT seed="3,0,0,2,0,60" ten="180,295,181,344" oya="3" hai0="80,101,88,12,76,29,18,94,106,51,37,83,107" hai1="112,43,82,68,130,31,113,33,134,97,28,100,48" hai2="22,7,99,78,26,129,50,39,116,5,103,62,128" hai3="87,121,124,53,38,55,84,91,64,11,30,132,127"/><W17/><G121/><T3/><D37/><U71/><E130/><N who="2" m="50283" /><F39/><W108/><G38/><T0/><D29/><U16/><E134/><V69/><F116/><W34/><G64/><T6/><D6/><N who="2" m="2058" /><F78/><W23/><G11/><T89/><D51/><U52/><E43/><V54/><F62/><W123/><G87/><N who="0" m="52511" /><D89/><U4/><E4/><V45/><F69/><W131/><G108/><T20/><D83/><U81/><E71/><V133/><F133/><W102/><G132/><T109/><D107/><U85/><E68/><V36/><F36/><W79/><G79/><T46/><D46/><U56/><E82/><V35/><F35/><W41/><G91/><T125/><D109/><U63/><E48/><V21/><F26/><W1/><G34/><T93/><D93/><AGARI ba="0,0" hai="21,22,45,50,54,93,99,103" m="2058,50283" machi="93" ten="30,1000,0" yaku="19,1" doraHai="60" who="2" fromWho="0" sc="180,-10,295,0,181,10,344,0" owari="170,-33.0,295,9.5,191,-20.9,344,44.4" /></mjloggm>