<mjloggm ver="2.3"><GO type="225" lobby="0"/><UN n0="%E3%81%A8%E3%82%93%E3%81%A8%E3%81%93%E3%81%A8%E3%82%93" n1="%61%69%73%79%6F" n2="%E6%B4%BE%E9%81%A3%E3%81%AE%E3%82%B8%E3%83%A3%E3%83%83%E3%82%AF" n3="%E5%8F%AF%E5%85%90%E9%82%A3%E7%94%B1%E5%A4%9A" dan="16,17,16,16" rate="2116.89,2251.14,2206.47,2200.64" sx="M,M,M,F"/><TAIKYOKU oya="0"/><INIT seed="0,0,0,3,2,135" ten="250,250,250,250" oya="0" hai0="30,36,113,103,3,74,70,109,49,112,71,131,65" hai1="42,27,75,47,87,6,133,19,37,128,111,121,84" hai2="48,69,64,7,120,26,21,77,41,132,92,104,91" hai3="44,122,134,115,85,43,110,8,102,58,129,52,15"/><T130/><D3/><U127/><E121/><V80/><F104/><W57/><G115/><N who="0" m="44107" /><D74/><U45/><E75/><V50/><F120/><W16/><G122/><T118/><D30/><U63/><E6/><V56/><F132/><W126/><G134/><T24/><D24/><U68/><E68/><N who="0" m="26153" /><D103/><U123/><E63/><N who="2" m="37991" /><F41/><W79/><G129/><N who="0" m="49163" /><D36/><U76/><E37/><V54/><F7/><W31/><G31/><T86/><D86/><U55/><E84/><N who="2" m="48143" /><F69/><W28/><G28/><T124/><D118/><U10/><E27/><V23/><F26/><W29/><G29/><T117/><D117/><U94/><E128/><V11/><F11/><W82/><G102/><T46/><D109/><U39/><E111/><V78/><F78/><W14/><G110/><T67/><D124/><U107/><E107/><V93/><F93/><W72/><G126/><T97/><D97/><U33/><E33/><V61/><F92/><W17/><G72/><T73/><D73/><U116/><E116/><V96/><F96/><W119/><G119/><T34/><D34/><U59/><E133/><V35/><F35/><W18/><G8/><T1/><D1/><U51/><E123/><V60/><F91/><W4/><G4/><T83/><D83/><N who="1" m="47591" /><E94/><V32/><F32/><W13/><G43/><AGARI ba="0,0" hai="43,46,49,65,67" m="49163,26153,44107" machi="43" ten="40,7700,0" yaku="19,1,34,2" doraHai="135" who="0" fromWho="3" sc="250,77,250,0,250,0,250,-77" /><INIT seed="0,1,0,4,1,26" ten="327,250,250,173" oya="0" hai0="78,12,82,74,11,49,73,105,54,40,117,14,61" hai1="32,8,41,122,27,90,31,87,39,55,81,91,72" hai2="83,121,119,67,50,37,10,4,124,23,101,13,47" hai3="6,111,77,88,93,120,95,19,89,118,116,24,127"/><T108/><D117/><N who="3" m="45161" /><G6/><T35/><D105/><U2/><E122/><V63/><F119/><W42/><G19/><T53/><D35/><U5/><E55/><V9/><F121/><W52/><G24/><T3/><D108/><U126/><E126/><V17/><F37/><W109/><G42/><T106/><D106/><U44/><REACH who="1" step="1"/><E87/><REACH who="1" ten="327,240,250,173" step="2"/><V66/><F124/><W69/><G120/><T25/><D53/><U62/><E62/><V59/><F83/><W115/><G127/><T68/><D73/><U57/><E57/><V94/><F66/><W0/><G52/><T131/><D61/><U7/><E7/><V60/><F60/><W56/><G56/><T79/><D68/><U20/><E20/><V15/><F23/><W102/><G69/><T28/><D40/><U98/><E98/><N who="2" m="59607" /><F47/><W80/><G115/><T112/><D112/><U46/><E46/><V38/><F67/><W1/><G109/><T18/><D54/><U125/><E125/><V76/><F63/><W84/><G111/><T123/><D123/><U86/><E86/><V64/><F64/><W85/><G1/><T22/><D3/><U58/><E58/><V96/><F59/><W130/><G0/><T36/><D74/><U21/><E21/><V75/><F96/><N who="3" m="57391" /><G130/><T65/><D131/><U34/><E34/><V92/><F4/><W132/><G132/><T43/><D43/><U51/><E51/><V104/><F75/><W97/><G84/><T29/><D22/><U107/><E107/><V33/><F50/><W103/><AGARI ba="1,1" hai="77,80,85,88,95,97,102,103" m="57391,45161" machi="103" ten="30,4000,0" yaku="34,2,54,1" doraHai="26" who="3" fromWho="3" sc="327,-21,240,-11,250,-11,173,53" /><INIT seed="1,0,0,1,1,94" ten="306,229,239,226" oya="1" hai0="105,61,53,56,21,44,79,34,45,12,31,112,92" hai1="98,95,59,27,86,126,77,134,85,37,76,55,89" hai2="8,9,24,47,128,116,35,62,123,119,125,0,65" hai3="69,83,67,104,96,10,54,121,102,135,19,103,78"/><U122/><E122/><V133/><F123/><W40/><G121/><T100/><D105/><U110/><E37/><V75/><F75/><W127/><G135/><T66/><D112/><U107/><E134/><V71/><F133/><W30/><G127/><T20/><D79/><N who="1" m="30283" /><E107/><V131/><F125/><W124/><G124/><T36/><D34/><U2/><E2/><V88/><F47/><W106/><G40/><T33/><D33/><U93/><E126/><V99/><F9/><W25/><G54/><T50/><D31/><U39/><E39/><V16/><F35/><N who="3" m="20943" /><G19/><T72/><D72/><U57/><E110/><V29/><F29/><W111/><G10/><T117/><D117/><U58/><E27/><V1/><F1/><W13/><G13/><T32/><D32/><U60/><E86/><V3/><F3/><W101/><G111/><T6/><D36/><U132/><E132/><V4/><F116/><W64/><G64/><T41/><D12/><U109/><E109/><V42/><F42/><W97/><G103/><AGARI ba="0,0" hai="55,57,58,59,60,85,89,93,95,98,103" m="30283" machi="103" ten="30,2900,0" yaku="8,1,52,1" doraHai="94" who="1" fromWho="3" sc="306,0,229,29,239,0,226,-29" /><INIT seed="1,1,0,3,4,118" ten="306,258,239,197" oya="1" hai0="113,109,66,36,42,32,52,90,100,57,33,21,93" hai1="89,16,28,110,37,53,50,108,115,48,91,135,86" hai2="41,14,84,76,18,9,19,132,128,4,17,43,63" hai3="96,87,119,70,39,6,134,88,40,81,3,82,55"/><U79/><E115/><V62/><F128/><W56/><G70/><T69/><D113/><U78/><E37/><V45/><F132/><W7/><G134/><T127/><D100/><U102/><E102/><V31/><F31/><W71/><G71/><T107/><D107/><U111/><E135/><V133/><F133/><W46/><G119/><T97/><D109/><U85/><E28/><V120/><F120/><W59/><G96/><T11/><D127/><U131/><E131/><V29/><F29/><W117/><G117/><T8/><D66/><U34/><E34/><V124/><F124/><W116/><G116/><T67/><D21/><U65/><E65/><V23/><F23/><W47/><G3/><T10/><D67/><U5/><E5/><V75/><F75/><W126/><G126/><T101/><D69/><U80/><E16/><V49/><F43/><W15/><G81/><AGARI ba="1,0" hai="4,9,14,17,18,19,41,45,49,62,63,76,81,84" machi="81" ten="40,5200,0" yaku="25,2,8,1" doraHai="118" who="2" fromWho="3" sc="306,0,258,0,239,55,197,-55" /><INIT seed="2,0,0,0,3,106" ten="306,258,294,142" oya="2" hai0="6,16,25,32,14,17,44,29,15,54,43,58,63" hai1="120,124,82,3,48,113,93,46,91,64,71,96,26" hai2="87,126,31,62,105,83,131,11,61,121,109,38,76" hai3="49,55,28,77,116,118,104,85,51,70,119,35,102"/><V117/><F121/><W111/><G111/><T133/><D133/><U42/><E113/><V37/><F117/><W107/><G70/><T24/><D6/><U84/><E120/><V40/><F105/><W7/><G7/><T30/><D14/><U130/><E130/><V12/><F131/><W80/><G102/><T34/><REACH who="0" step="1"/><D15/><REACH who="0" ten="296,258,294,142" step="2"/><U22/><E3/><V67/><F12/><W59/><REACH who="3" step="1"/><G51/><AGARI ba="0,1" hai="16,17,24,25,29,30,32,34,43,44,51,54,58,63" machi="51" ten="30,12000,2" yaku="1,1,2,1,7,1,9,1,54,1,53,2" doraHai="106" doraHaiUra="13" who="0" fromWho="3" sc="296,130,258,0,294,0,142,-120" /><INIT seed="3,0,0,3,5,73" ten="426,258,294,22" oya="3" hai0="4,65,8,130,110,59,14,89,86,54,32,46,17" hai1="119,81,7,70,82,39,30,133,20,5,106,34,97" hai2="134,118,77,80,37,103,16,115,100,10,63,102,125" hai3="26,24,35,129,123,71,131,88,51,132,61,27,68"/><W87/><G123/><T9/><D32/><U75/><E39/><V85/><F118/><W38/><G38/><T90/><D110/><U111/><E111/><V57/><F37/><W93/><G132/><T78/><D130/><N who="3" m="49673" /><G35/><T91/><D65/><U135/><E119/><V58/><F134/><W36/><G36/><T43/><D78/><U128/><E34/><V74/><F125/><W41/><G61/><N who="0" m="36087" /><D46/><AGARI ba="0,0" hai="24,26,27,41,46,51,68,71,87,88,93" m="49673" machi="46" ten="30,2900,0" yaku="19,1,54,1" doraHai="73" who="3" fromWho="0" sc="426,-29,258,0,294,0,22,29" /><INIT seed="3,1,0,4,0,122" ten="397,258,294,51" oya="3" hai0="21,120,73,6,36,119,52,40,113,39,45,61,35" hai1="105,59,41,81,11,9,94,111,67,8,134,25,126" hai2="26,96,83,74,91,95,28,63,55,130,42,53,115" hai3="34,93,47,104,10,129,51,118,30,48,89,23,62"/><W57/><G118/><T121/><D35/><U110/><E105/><V7/><F115/><W16/><G104/><T1/><D73/><U107/><E107/><V109/><F130/><W87/><G129/><T14/><D119/><U33/><E41/><V60/><F7/><W114/><G114/><T64/><D113/><U68/><E68/><V18/><F18/><W5/><G30/><T20/><D36/><U133/><E126/><V135/><F42/><W112/><G34/><T79/><D79/><U22/><E94/><V44/><F135/><N who="1" m="51721" /><E81/><V132/><F132/><W90/><G90/><T127/><D127/><U31/><E33/><V97/><F74/><W84/><G84/><T3/><D52/><U75/><E75/><V15/><F15/><N who="3" m="5583" /><G47/><T37/><D39/><U131/><E131/><V29/><F44/><W65/><G112/><T2/><D6/><U88/><E88/><V49/><F91/><W85/><G85/><T32/><D32/><U78/><E78/><V92/><F83/><W106/><G106/><T38/><D37/><U101/><E101/><V99/><F99/><W54/><G54/><T123/><REACH who="0" step="1"/><D14/><AGARI ba="1,0" hai="14,16,23,48,51,57,62,65,87,89,93" m="5583" machi="14" ten="30,2900,0" yaku="8,1,54,1" doraHai="122" who="3" fromWho="0" sc="397,-32,258,0,294,0,51,32" /><INIT seed="3,2,0,1,4,115" ten="365,258,294,83" oya="3" hai0="0,54,5,135,126,110,62,93,53,38,12,98,39" hai1="89,96,76,3,120,36,69,25,65,1,56,24,52" hai2="17,67,102,86,131,95,119,43,33,70,121,109,132" hai3="125,101,19,71,16,66,68,49,9,88,35,103,2"/><W47/><G35/><T50/><D0/><U106/><E36/><V22/><F109/><W59/><G125/><T21/><D135/><U130/><E120/><V113/><F113/><W55/><G68/><T111/><D126/><U80/><E130/><V99/><F43/><W27/><G71/><T61/><D21/><U8/><E25/><V105/><F132/><W107/><G107/><T64/><D12/><U104/><E24/><V14/><F131/><W127/><G127/><T78/><D78/><U83/><E65/><V63/><F33/><W57/><G2/><T81/><D81/><U122/><E69/><V124/><F121/><W85/><G27/><T42/><D5/><U100/><E122/><V128/><F128/><W134/><G134/><T91/><D54/><U44/><E44/><V58/><F124/><W84/><G84/><T34/><D34/><U75/><E8/><V4/><F4/><W79/><G79/><T7/><D7/><U74/><E106/><V72/><F72/><W90/><G90/><T133/><D133/><U123/><E123/><V112/><F112/><W28/><G28/><T13/><D13/><U20/><E20/><V18/><F70/><W77/><G77/><T73/><D73/><U82/><E82/><V32/><F32/><W108/><G108/><T37/><D110/><U114/><E114/><V48/><F105/><W30/><G30/><T87/><D111/><U45/><E45/><V31/><F31/><W41/><G66/><T15/><D64/><U40/><E75/><V92/><F67/><W11/><G59/><T10/><D87/><RYUUKYOKU ba="2,0" sc="365,0,258,0,294,0,83,0" owari="365,46.5,258,-14.2,294,9.4,83,-41.7" /></mjloggm>