<mjloggm ver="2.3"><GO type="225" lobby="0"/><UN n0="%E7%BD%AA%E5%88%91%E6%B3%95%E5%AE%9A%E4%B8%BB%E7%BE%A9" n1="%E6%B4%BE%E9%81%A3%E3%81%AE%E3%82%B8%E3%83%A3%E3%83%83%E3%82%AF" n2="%E3%83%B4%E3%82%A3%E3%83%AF%E3%82%B3%E3%82%B0%E3%83%8B" n3="%6D%75%75%6D%75%72%61" dan="16,17,16,17" rate="2156.79,2200.11,2188.30,2181.23" sx="M,M,M,F"/><TAIKYOKU oya="0"/><INIT seed="0,0,0,5,0,61" ten="250,250,250,250" oya="0" hai0="92,32,110,126,43,104,5,125,70,38,112,33,55" hai1="78,16,85,114,25,107,9,76,74,75,103,1,89" hai2="118,119,93,58,97,121,113,50,62,53,132,8,69" hai3="129,45,99,105,60,131,37,127,130,96,52,31,88"/><T44/><D104/><U0/><E114/><V109/><F121/><W123/><G123/><T133/><D112/><U54/><E107/><V102/><F113/><W81/><G127/><N who="0" m="48651" /><D70/><U42/><E103/><V40/><F109/><W106/><G99/><T124/><N who="0" m="48659" /><T18/><DORA hai="67" /><D5/><U135/><E42/><V72/><F72/><W57/><G31/><T56/><D133/><U100/><E100/><V47/><F132/><W63/><G63/><N who="0" m="36255" /><D110/><U46/><E135/><V108/><F108/><W80/><G80/><T27/><D92/><U82/><E0/><V134/><F134/><W91/><G81/><T21/><AGARI ba="0,0" hai="18,21,27,32,33,38,43,44" m="36255,48659" machi="21" ten="40,2100,0" yaku="18,1" doraHai="61,67" who="0" fromWho="0" sc="250,21,250,-7,250,-7,250,-7" /><INIT seed="0,1,0,2,1,73" ten="271,243,243,243" oya="0" hai0="85,106,91,131,15,17,57,101,6,7,42,49,128" hai1="67,24,95,28,58,4,114,44,94,3,45,87,31" hai2="112,105,113,19,75,23,50,100,61,21,109,107,10" hai3="116,64,126,25,108,46,110,2,125,62,111,52,38"/><T54/><D101/><U40/><E114/><V118/><F109/><W63/><G2/><T56/><D106/><U41/><E3/><V27/><F75/><W130/><G25/><T104/><D104/><U66/><E4/><V115/><F118/><W48/><G116/><T76/><D42/><U16/><E24/><V103/><F105/><W80/><G80/><T93/><D57/><U8/><E58/><V1/><F107/><W43/><G130/><N who="0" m="49707" /><D76/><U92/><E87/><V14/><F61/><N who="3" m="23051" /><G64/><T9/><AGARI ba="1,0" hai="6,7,9,15,17,49,54,56,85,91,93" m="49707" machi="9" ten="30,1500,0" yaku="19,1" doraHai="73" who="0" fromWho="0" sc="271,18,243,-6,243,-6,243,-6" /><INIT seed="0,2,0,0,5,65" ten="289,237,237,237" oya="0" hai0="94,63,44,19,36,118,20,38,21,132,86,41,18" hai1="130,97,77,105,108,59,3,26,87,74,113,9,43" hai2="123,68,61,62,14,112,57,83,135,12,90,22,17" hai3="110,5,121,133,102,95,122,67,78,124,107,103,111"/><T10/><D118/><U128/><E108/><N who="3" m="41514" /><G107/><T85/><D132/><U126/><E126/><V100/><F123/><N who="3" m="47115" /><G124/><T45/><D63/><U73/><E59/><V42/><F112/><W81/><G133/><T40/><D94/><U93/><E43/><V23/><F42/><W120/><N who="3" m="47123" /><W30/><DORA hai="27" /><G30/><T106/><REACH who="0" step="1"/><D10/><REACH who="0" ten="279,237,237,237" step="2"/><U51/><E9/><V28/><F62/><W80/><G95/><T39/><D39/><U101/><E93/><V125/><F61/><W0/><G67/><T33/><D33/><U116/><E116/><V91/><F135/><W134/><G134/><T98/><D98/><U104/><E97/><V50/><F125/><W34/><G34/><T6/><D6/><U7/><E7/><V24/><F50/><W109/><G109/><T53/><D53/><U69/><E51/><V72/><F22/><W131/><G131/><T127/><D127/><U54/><E54/><V37/><F23/><W29/><G80/><T96/><D96/><U89/><E130/><V8/><F83/><W99/><G99/><T15/><D15/><U119/><E128/><V64/><F14/><W31/><G5/><T60/><D60/><U56/><E119/><V114/><F64/><W92/><G0/><T88/><D88/><U47/><E3/><V35/><F90/><W84/><G92/><T11/><D11/><U2/><E2/><V32/><F91/><W75/><G103/><T117/><D117/><U76/><E101/><V48/><F32/><W49/><G102/><T129/><D129/><U13/><E89/><V58/><F35/><W52/><G75/><RYUUKYOKU ba="2,1" sc="279,15,237,-15,237,-15,237,15" hai0="18,19,20,21,36,38,40,41,44,45,85,86,106" hai3="29,31,49,52,78,81,84" /><INIT seed="0,3,1,4,4,48" ten="294,222,222,252" oya="0" hai0="55,4,94,12,130,73,92,42,19,107,96,1,104" hai1="24,86,62,5,51,20,0,22,89,98,95,123,7" hai2="15,124,91,40,78,64,127,113,3,69,35,110,93" hai3="128,63,66,75,121,68,82,120,70,71,133,10,2"/><T134/><D73/><U46/><E123/><N who="3" m="47178" /><G128/><T17/><D130/><U16/><E0/><V125/><F110/><W54/><G133/><T14/><D42/><U132/><E132/><V103/><F113/><W119/><G119/><T25/><D134/><U101/><E62/><N who="2" m="40087" /><F3/><W105/><G105/><T60/><D1/><U31/><E31/><V76/><F35/><W99/><G99/><T32/><D4/><U26/><E26/><V58/><F103/><W59/><G75/><T67/><D32/><U37/><E22/><V111/><F111/><W41/><G82/><T34/><D34/><U77/><E77/><V106/><F106/><W84/><G84/><T57/><D25/><U112/><E37/><V47/><F15/><W65/><G41/><T36/><D36/><U80/><E112/><V126/><F58/><W83/><G83/><T18/><D94/><U29/><E29/><V109/><N who="2" m="31744" /><DORA hai="50" /><V49/><F109/><W11/><G11/><T97/><D97/><AGARI ba="3,1" hai="40,47,49,76,78,91,93,97" m="31744,40087" machi="97" ten="60,2000,0" yaku="18,1" doraHai="48,50" who="2" fromWho="0" sc="294,-29,222,0,222,39,252,0" /><INIT seed="1,0,0,4,2,79" ten="265,222,261,252" oya="1" hai0="119,78,23,128,120,96,39,94,118,70,112,110,71" hai1="74,115,55,34,102,47,5,20,64,116,129,69,27" hai2="18,77,58,89,123,51,81,83,49,104,29,126,103" hai3="85,105,131,80,54,37,114,17,111,135,133,11,106"/><U19/><E116/><V62/><F123/><W2/><G114/><T82/><D120/><U93/><E115/><V0/><F0/><W125/><G111/><T121/><D121/><U36/><E74/><V42/><F126/><W72/><G125/><T7/><D39/><U108/><E129/><V25/><F42/><W113/><G113/><T134/><D112/><U32/><E108/><V53/><F18/><W43/><G131/><T90/><D128/><U40/><E5/><V13/><F13/><N who="3" m="7359" /><G2/><T107/><D110/><U99/><REACH who="1" step="1"/><E55/><REACH who="1" ten="265,212,261,252" step="2"/><V60/><F53/><W124/><G72/><T48/><D119/><U56/><E56/><V4/><F4/><W88/><G124/><T73/><D118/><U61/><AGARI ba="0,1" hai="19,20,27,32,34,36,40,47,61,64,69,93,99,102" machi="61" ten="30,6000,0" yaku="1,1,0,1,53,1" doraHai="79" doraHaiUra="68" who="1" fromWho="1" sc="265,-20,212,70,261,-20,252,-20" /><INIT seed="1,1,0,1,2,118" ten="245,282,241,232" oya="1" hai0="14,70,61,120,62,96,126,121,123,56,101,93,116" hai1="41,72,38,5,54,3,31,105,24,30,77,103,80" hai2="94,58,40,67,46,29,92,1,112,68,86,124,87" hai3="83,7,59,129,49,117,22,0,127,45,85,51,73"/><U130/><E130/><V28/><F68/><W39/><G129/><T26/><D116/><U74/><E54/><V44/><F1/><W48/><G117/><T106/><D126/><U25/><E72/><V76/><F112/><W69/><G127/><T133/><D133/><U15/><E15/><V89/><F44/><W104/><G69/><T16/><D26/><U88/><E88/><N who="2" m="53271" /><F76/><W109/><G73/><T17/><D14/><U90/><E90/><V107/><F107/><W18/><G109/><T128/><D128/><U2/><E25/><V81/><F124/><W125/><G104/><T79/><D79/><U91/><E91/><N who="2" m="51695" /><F46/><W99/><G99/><N who="0" m="61759" /><D70/><U71/><E71/><V47/><F47/><W33/><G33/><T8/><D8/><N who="1" m="2111" /><E24/><V60/><F40/><W20/><G125/><T65/><D62/><U84/><E84/><AGARI ba="1,0" hai="28,29,58,60,67,84,89,94" m="51695,53271" machi="84" ten="30,2000,0" yaku="8,1,54,1" doraHai="118" who="2" fromWho="1" sc="245,0,282,-23,241,23,232,0" /><INIT seed="2,0,0,0,5,87" ten="245,259,264,232" oya="2" hai0="19,101,111,2,78,119,10,67,85,52,13,90,69" hai1="35,93,117,22,105,15,107,33,73,59,120,24,92" hai2="118,113,122,7,1,96,83,129,133,27,6,128,16" hai3="40,134,54,53,72,99,51,46,94,135,23,95,36"/><V104/><F113/><W80/><G23/><T84/><D111/><U29/><E73/><V81/><F118/><W121/><G121/><T100/><D2/><U63/><E117/><V79/><F122/><W0/><G0/><T21/><D119/><U91/><E120/><V109/><F133/><W57/><G53/><T65/><D69/><U126/><E126/><V20/><F109/><W110/><G110/><T130/><D130/><N who="2" m="50282" /><F1/><W50/><G36/><T26/><D78/><U125/><E125/><V49/><F49/><W39/><G39/><T43/><D84/><U116/><E116/><V56/><F56/><W9/><G9/><T14/><D14/><U114/><E114/><V34/><F34/><W62/><G50/><T131/><D43/><U102/><E102/><N who="0" m="39529" /><D52/><U76/><E76/><V68/><F68/><W106/><G106/><T17/><D131/><U3/><E3/><V60/><F104/><W4/><G134/><T38/><D38/><U108/><E108/><V32/><F32/><W123/><G123/><T47/><D47/><U11/><E107/><V75/><F96/><W61/><G135/><T74/><D74/><U66/><E105/><V44/><F44/><W124/><G124/><T30/><D30/><U42/><E33/><V112/><F112/><W8/><G99/><T28/><D28/><U88/><E35/><V98/><F98/><W41/><G41/><T86/><D86/><U58/><E42/><V25/><F75/><W127/><G127/><T77/><D77/><U55/><E55/><V89/><F79/><N who="3" m="44135" /><G62/><T48/><D48/><U97/><E97/><RYUUKYOKU ba="0,0" sc="245,15,259,-15,264,-15,232,15" hai0="10,13,17,19,21,26,65,67,85,90" hai3="4,8,40,46,51,54,57,61,94,95" /><INIT seed="3,1,0,1,3,8" ten="260,244,249,247" oya="3" hai0="59,6,58,118,46,96,80,111,114,13,18,102,79" hai1="72,90,61,93,91,53,97,78,76,4,104,34,32" hai2="48,21,87,16,81,75,2,108,63,27,9,69,7" hai3="101,73,31,22,36,86,95,100,26,42,77,124,19"/><W85/><G73/><T57/><D118/><U98/><E4/><V11/><F75/><W20/><G124/><T128/><D111/><U47/><E72/><V135/><F108/><W25/><G36/><T15/><D128/><U49/><E61/><V50/><F135/><W92/><G42/><T113/><D6/><U43/><E43/><V126/><F126/><W94/><REACH who="3" step="1"/><G77/><REACH who="3" ten="260,244,249,237" step="2"/><T70/><D114/><U82/><E76/><V55/><F69/><W12/><G12/><T105/><D70/><U17/><E78/><V28/><F2/><W125/><G125/><T54/><D13/><U110/><E110/><V121/><F121/><W35/><G35/><T44/><D113/><U106/><E34/><V60/><F7/><W41/><G41/><T45/><D54/><U52/><E32/><V129/><F55/><W89/><G89/><T66/><D66/><U29/><E53/><V132/><F129/><W116/><G116/><T107/><D79/><U131/><E131/><V23/><F132/><W5/><G5/><T123/><D123/><U56/><E90/><N who="2" m="51567" /><F48/><W109/><G109/><T68/><D15/><U83/><E52/><V112/><F50/><W120/><G120/><T62/><D102/><AGARI ba="1,1" hai="19,20,22,25,26,31,85,86,92,94,95,100,101,102" machi="102" ten="40,3900,0" yaku="1,1,8,1,53,0" doraHai="8" doraHaiUra="134" who="3" fromWho="0" sc="260,-42,244,0,249,0,237,52" /><INIT seed="3,2,0,5,2,53" ten="218,244,249,289" oya="3" hai0="21,128,55,121,4,7,110,82,40,69,42,14,23" hai1="29,61,101,18,72,127,20,102,74,48,113,97,112" hai2="49,107,45,70,126,62,13,76,94,118,92,105,75" hai3="24,124,6,81,22,93,15,10,31,83,108,116,5"/><W57/><G116/><T132/><D121/><U65/><E127/><V131/><F118/><W68/><G68/><T85/><D69/><U115/><E48/><V59/><F70/><W109/><G124/><T125/><D110/><N who="3" m="42601" /><G5/><N who="0" m="2123" /><D125/><U26/><E18/><V119/><F119/><W84/><G57/><T30/><D128/><U78/><E78/><V117/><F76/><W51/><G51/><T8/><D132/><U114/><E114/><V90/><F126/><W36/><G36/><T106/><D106/><U0/><E0/><V89/><F105/><W122/><G122/><T64/><D64/><U12/><E12/><V9/><F13/><W100/><G100/><T87/><D55/><U96/><E101/><V95/><F117/><W111/><G111/><T60/><D60/><U43/><E43/><N who="0" m="16425" /><D30/><U37/><E37/><V79/><F131/><W56/><G56/><T19/><D87/><U66/><E66/><V133/><F62/><W32/><G32/><T38/><D38/><U11/><E102/><V46/><F59/><W50/><G50/><T34/><D34/><U104/><E61/><V98/><F49/><W2/><G2/><T3/><D3/><U73/><E65/><V77/><F133/><W123/><G123/><T63/><D63/><U103/><E97/><V1/><F98/><W41/><G41/><T135/><D135/><U35/><E35/><V52/><F1/><W39/><G39/><T134/><D134/><U28/><E28/><V58/><F58/><W91/><AGARI ba="2,0" hai="6,10,15,22,24,31,81,83,84,91,93" m="42601" machi="91" ten="30,3000,0" yaku="14,1,10,1" doraHai="53" who="3" fromWho="3" sc="218,-12,244,-12,249,-12,289,36" owari="206,-29.4,232,-16.8,237,3.7,325,42.5" /></mjloggm>