<mjloggm ver="2.3"><GO type="225" lobby="0"/><UN n0="%E6%98%93%E5%88%A9%E8%96%A9%E4%BC%AF" n1="%E3%81%A1%E3%82%85%E3%81%86%E3%81%A9%E3%81%8F%E8%B1%A1%E3%81%95%E3%82%93" n2="%54%4F%52" n3="%E3%83%AB%E3%83%9B%E3%83%B3%E3%83%87%E3%82%A3%E3%82%A8" dan="16,17,17,16" rate="2105.01,2191.07,2235.31,2169.71" sx="F,M,M,M"/><TAIKYOKU oya="0"/><INIT seed="0,0,0,3,2,16" ten="250,250,250,250" oya="0" hai0="107,63,53,35,126,25,3,116,123,14,125,65,4" hai1="89,48,20,102,68,134,127,73,21,98,34,27,80" hai2="131,10,47,124,109,115,85,95,101,99,104,75,121" hai3="71,62,50,72,122,28,19,76,103,15,23,111,59"/><T36/><D116/><U49/><E68/><V106/><F115/><W30/><G111/><T55/><D123/><U79/><E134/><V11/><F121/><W58/><G122/><T110/><D36/><U108/><E108/><V92/><F109/><W44/><G71/><T12/><D107/><U129/><E129/><V46/><F75/><W1/><G1/><T130/><D110/><U97/><E127/><N who="0" m="48649" /><D3/><U0/><E0/><V77/><F131/><W93/><G72/><T87/><D87/><U39/><E39/><V33/><F33/><W133/><G76/><T52/><D4/><U9/><E9/><V86/><F124/><W40/><G133/><T83/><D83/><U84/><E34/><V57/><F57/><W117/><G117/><T38/><D38/><U29/><E20/><V100/><F99/><N who="3" m="59887" /><G58/><N who="0" m="37111" /><D130/><U24/><E24/><V60/><REACH who="2" step="1"/><F60/><REACH who="2" ten="250,250,240,250" step="2"/><W96/><G96/><T45/><D45/><U114/><E98/><V54/><F54/><AGARI ba="0,1" hai="15,19,23,28,30,40,44,50,54,59,62" m="59887" machi="54" ten="30,2000,0" yaku="8,1,52,1" doraHai="16" who="3" fromWho="2" sc="250,0,250,0,240,-20,250,30" /><INIT seed="1,0,0,1,4,9" ten="250,250,220,280" oya="1" hai0="13,77,42,83,0,57,111,130,112,128,5,87,54" hai1="74,108,101,26,60,98,131,2,52,28,68,43,71" hai2="73,4,75,102,65,30,78,18,32,25,91,69,22" hai3="124,10,17,94,122,53,125,8,114,61,120,97,39"/><U88/><E2/><V55/><F102/><W14/><G39/><T85/><D112/><U96/><E74/><V134/><F134/><W50/><G61/><T67/><D0/><U35/><E131/><N who="0" m="50217" /><D42/><U105/><E108/><V99/><F4/><W113/><G53/><T34/><D34/><U66/><E43/><V16/><F65/><W36/><G50/><N who="0" m="30935" /><D67/><U107/><E52/><V31/><F69/><W82/><G36/><T64/><D64/><U79/><E79/><V15/><F31/><W93/><G82/><T12/><D111/><U41/><E41/><V46/><F78/><W6/><G97/><T44/><D5/><U20/><E20/><V45/><F18/><W92/><G114/><T33/><D33/><U59/><REACH who="1" step="1"/><E105/><REACH who="1" ten="250,240,220,280" step="2"/><V19/><F55/><W117/><G113/><T80/><D44/><U132/><E132/><V11/><F46/><W37/><G37/><T89/><AGARI ba="0,1" hai="12,13,77,80,83,85,87,89" m="30935,50217" machi="89" ten="30,4000,0" yaku="19,1,52,2" doraHai="9" who="0" fromWho="0" sc="250,50,240,-20,220,-10,280,-10" /><INIT seed="2,0,0,3,1,36" ten="300,220,210,270" oya="2" hai0="34,135,93,20,121,10,59,83,76,77,5,7,101" hai1="30,21,122,26,25,9,49,31,16,113,73,84,45" hai2="82,55,116,111,90,57,100,24,23,51,102,22,128" hai3="95,72,50,17,92,19,44,13,27,29,85,43,69"/><V103/><F116/><W132/><G132/><T129/><D34/><U68/><E113/><V87/><F128/><W110/><G110/><T88/><D121/><U70/><E73/><V1/><F1/><W115/><G72/><T56/><D135/><U8/><E122/><V12/><F111/><W28/><G69/><T62/><D129/><U52/><E84/><V118/><F118/><W65/><G115/><T89/><D59/><U46/><E46/><V3/><F3/><W94/><G65/><T66/><D20/><U127/><E127/><V58/><F12/><W81/><G27/><T32/><D32/><U14/><E8/><V119/><F119/><W112/><G112/><T4/><D10/><U67/><E67/><V106/><F106/><W96/><G96/><T35/><D35/><AGARI ba="0,0" hai="9,14,16,21,25,26,30,31,35,45,49,52,68,70" machi="35" ten="30,3900,0" yaku="7,1,54,2" doraHai="36" who="1" fromWho="0" sc="300,-39,220,39,210,0,270,0" /><INIT seed="3,0,0,1,1,96" ten="261,259,210,270" oya="3" hai0="30,38,109,93,132,124,36,21,2,64,129,55,39" hai1="86,119,99,118,24,104,128,100,44,53,70,133,59" hai2="54,50,47,52,110,26,62,115,94,102,103,11,57" hai3="0,63,72,31,27,9,58,77,117,111,107,29,83"/><W97/><G117/><N who="1" m="44554" /><E70/><V76/><F115/><W68/><G111/><T37/><D2/><U56/><E133/><V95/><F110/><W34/><G31/><T106/><D106/><U79/><E128/><V22/><F76/><W91/><G91/><T1/><D1/><U60/><E24/><V23/><F11/><W12/><G0/><T20/><D109/><U88/><E79/><V25/><F95/><W48/><G48/><T78/><D39/><U18/><E18/><N who="2" m="12503" /><F94/><W16/><G68/><T126/><D78/><U74/><E74/><V6/><F6/><W7/><G7/><T85/><D132/><U49/><E60/><V69/><F69/><W127/><G127/><N who="0" m="48683" /><D129/><U92/><AGARI ba="0,0" hai="44,49,53,56,59,86,88,92,99,100,104" m="44554" machi="92" ten="30,4000,0" yaku="12,1,52,1,54,1" doraHai="96" who="1" fromWho="1" sc="261,-10,259,40,210,-10,270,-20" /><INIT seed="4,0,0,2,4,126" ten="251,299,200,250" oya="0" hai0="127,56,12,101,132,34,112,18,84,90,22,41,38" hai1="93,96,32,119,79,48,37,6,121,111,13,76,95" hai2="57,33,87,55,15,92,44,64,86,30,100,131,122" hai3="62,91,97,69,74,16,4,43,39,102,31,66,89"/><T54/><D127/><U75/><E37/><V7/><F122/><W109/><G74/><T5/><D34/><U23/><E32/><V124/><F124/><W128/><G109/><T73/><D73/><U114/><E111/><V9/><F131/><W20/><G4/><T71/><D71/><U60/><E75/><V110/><F110/><W81/><G31/><T120/><D120/><U116/><E121/><V118/><F118/><W108/><G108/><T130/><D132/><U68/><E48/><V133/><F133/><W129/><G43/><T2/><D112/><U99/><E60/><V106/><F106/><N who="3" m="63823" /><G81/><T115/><D101/><U98/><E68/><V46/><F33/><W65/><G65/><T29/><D29/><U26/><E114/><V17/><F30/><W52/><G52/><T45/><D115/><U107/><E107/><V28/><F28/><W27/><G39/><T51/><D5/><U103/><E96/><N who="2" m="59399" /><F64/><W63/><G63/><T25/><D2/><U36/><E36/><V123/><F7/><W70/><G70/><T59/><D59/><U117/><E6/><V1/><F1/><W61/><G61/><T134/><D134/><U82/><E117/><V88/><F123/><W85/><G85/><N who="2" m="32265" /><F88/><W35/><G35/><T3/><D3/><U80/><E119/><V47/><F57/><W83/><G83/><N who="0" m="49439" /><D25/><U58/><E26/><V21/><F9/><W10/><G10/><T49/><D38/><U67/><E116/><V11/><F11/><W8/><G8/><T105/><D105/><U113/><E113/><V50/><AGARI ba="0,0" hai="15,17,21,44,46,47,50,55" m="32265,59399" machi="50" ten="30,1100,0" yaku="8,1" doraHai="126" who="2" fromWho="2" sc="251,-5,299,-3,200,11,250,-3" /><INIT seed="5,0,0,3,2,69" ten="246,296,211,247" oya="1" hai0="114,46,124,13,75,68,134,58,23,120,128,62,77" hai1="29,131,5,106,0,79,25,12,33,45,21,10,6" hai2="81,43,59,118,49,19,89,122,26,88,111,99,117" hai3="11,22,53,103,96,31,108,80,93,129,47,57,50"/><U112/><E106/><V83/><F111/><W51/><G129/><T109/><D109/><U67/><E131/><V56/><F122/><W73/><G108/><T85/><D128/><U101/><E101/><V76/><F118/><W125/><G125/><T44/><D114/><U97/><E112/><V55/><F117/><W3/><G3/><T60/><D75/><U16/><E79/><V91/><F43/><W17/><G73/><T70/><D134/><U28/><E67/><V48/><F99/><W34/><G34/><T95/><D124/><U54/><E97/><V38/><F38/><W27/><G80/><N who="2" m="30793" /><F76/><W121/><G121/><T7/><D70/><U20/><E45/><N who="2" m="28047" /><F49/><W15/><REACH who="3" step="1"/><G51/><REACH who="3" ten="246,296,211,237" step="2"/><T130/><D130/><U40/><E0/><V127/><F127/><W2/><G2/><T82/><D82/><U61/><E33/><V78/><F78/><W116/><G116/><T135/><D77/><U98/><E61/><V18/><F26/><W32/><G32/><T63/><D62/><U42/><E25/><V115/><F115/><W24/><G24/><T14/><D63/><U35/><E35/><V64/><F64/><W30/><G30/><T92/><D60/><U66/><E29/><V86/><F86/><W94/><G94/><T119/><D85/><U36/><E28/><V1/><F1/><W126/><G126/><T9/><D120/><U107/><E66/><V4/><F4/><W100/><G100/><T104/><D7/><U110/><E5/><V133/><F133/><W39/><G39/><T90/><D135/><U52/><E36/><V113/><F113/><RYUUKYOKU ba="0,1" sc="246,-15,296,-15,211,15,237,15" hai2="18,19,56,59,88,89,91" hai3="11,15,17,22,27,31,47,50,53,57,93,96,103" /><INIT seed="6,1,1,4,1,76" ten="231,281,226,252" oya="2" hai0="83,42,52,130,59,31,112,2,105,73,106,3,33" hai1="15,119,39,55,68,75,70,115,10,121,103,85,4" hai2="22,50,32,82,113,6,35,97,17,64,77,18,89" hai3="67,28,26,99,49,125,30,66,98,120,14,101,13"/><V19/><F113/><W123/><G49/><T21/><D112/><U43/><E119/><V5/><F64/><W72/><G26/><N who="0" m="18679" /><D59/><U124/><E75/><V108/><F108/><W8/><G8/><T58/><D58/><U134/><E115/><V114/><F114/><W62/><G72/><T90/><D90/><U132/><E124/><V29/><F35/><W92/><G92/><T47/><D52/><U1/><E121/><V109/><F109/><W117/><G101/><T11/><D21/><U104/><E85/><N who="2" m="48335" /><F32/><W44/><G44/><T71/><D71/><N who="1" m="27179" /><E55/><V51/><F29/><W128/><G128/><T135/><D135/><N who="1" m="51755" /><E15/><V74/><F74/><W12/><G12/><T38/><D130/><U63/><E63/><V116/><F22/><W126/><REACH who="3" step="1"/><G62/><REACH who="3" ten="231,281,226,242" step="2"/><T57/><D3/><U53/><E103/><V111/><F116/><AGARI ba="1,2" hai="13,14,28,30,66,67,98,99,116,117,120,123,125,126" machi="116" ten="25,6400,0" yaku="1,1,2,1,22,2,53,0" doraHai="76" doraHaiUra="87" who="3" fromWho="2" sc="231,0,281,0,226,-67,242,87" owari="231,-16.9,281,8.1,159,-34.1,329,42.9" /></mjloggm>