<mjloggm ver="2.3"><GO type="225" lobby="0"/><UN n0="%6B%65%6E%6E%64%69" n1="%6D%75%75%6D%75%72%61" n2="%E3%81%8B%E3%82%8F%E3%81%A1%E3%82%83%E3%82%93%35%38" n3="%72%65%6E%6B%75%6E" dan="16,16,16,17" rate="2151.41,2187.38,2087.17,2291.67" sx="M,F,M,M"/><TAIKYOKU oya="0"/><INIT seed="0,0,0,3,4,22" ten="250,250,250,250" oya="0" hai0="17,55,98,62,92,4,6,122,81,87,106,88,64" hai1="134,125,103,120,59,94,131,10,83,78,35,48,38" hai2="132,111,133,102,90,9,37,24,70,84,68,63,29" hai3="127,1,45,15,69,40,34,3,89,14,41,79,116"/><T109/><D122/><U16/><E120/><V25/><F37/><W86/><G34/><T123/><D123/><U97/><E38/><V46/><F102/><W107/><G107/><T104/><D109/><U75/><E125/><V77/><F77/><W66/><G79/><T11/><D55/><U26/><E131/><V71/><F111/><W23/><G116/><T76/><D17/><U36/><E36/><V60/><F9/><W2/><G127/><T0/><REACH who="0" step="1"/><D4/><REACH who="0" ten="240,250,250,250" step="2"/><U85/><E134/><N who="2" m="51819" /><F46/><W13/><G45/><T119/><D119/><U30/><E75/><V53/><F53/><W110/><G110/><T27/><D27/><N who="2" m="10314" /><F29/><W99/><G40/><T51/><D51/><U21/><E48/><V28/><F28/><W12/><G41/><T130/><D130/><U96/><E10/><V113/><F113/><W112/><G112/><T74/><D74/><U108/><E108/><V61/><F61/><W117/><G117/><T52/><D52/><U118/><E118/><V42/><F42/><W73/><G73/><T50/><D50/><U115/><E115/><V72/><F72/><W47/><G47/><T114/><D114/><U65/><E35/><V54/><F54/><W49/><G49/><T7/><D7/><U39/><E30/><V31/><F31/><W33/><G33/><T8/><D8/><U5/><E5/><V135/><N who="2" m="51827" /><V44/><DORA hai="128" /><F44/><W105/><G23/><T67/><D67/><U20/><E39/><V93/><AGARI ba="0,1" hai="60,63,68,70,71,84,90,93" m="10314,51827" machi="93" ten="50,16000,3" yaku="20,1,52,7" doraHai="22,128" who="2" fromWho="2" sc="240,-80,250,-40,250,170,250,-40" /><INIT seed="1,0,0,2,2,33" ten="160,210,420,210" oya="1" hai0="38,96,121,40,98,29,79,131,13,11,125,117,52" hai1="82,89,61,108,128,130,59,122,102,22,44,83,116" hai2="26,51,124,24,49,15,6,68,123,12,91,105,88" hai3="20,133,132,77,129,34,16,92,50,74,101,17,58"/><U25/><E116/><V7/><F105/><W120/><G34/><T90/><D121/><U119/><E122/><V95/><F123/><W80/><G120/><T28/><D117/><U56/><E119/><V110/><F68/><W73/><G73/><T78/><D131/><N who="1" m="50219" /><E108/><V135/><F110/><W100/><G129/><T3/><D125/><U14/><E102/><N who="3" m="39530" /><G92/><T111/><D111/><U27/><E44/><V109/><F109/><W36/><G36/><T5/><D38/><U114/><E114/><V19/><F135/><N who="3" m="51787" /><G20/><T64/><D40/><U99/><E14/><N who="2" m="5163" /><F124/><W97/><G97/><T30/><D64/><U66/><E56/><V118/><F118/><W47/><G58/><T31/><N who="0" m="7168" /><DORA hai="54" /><T60/><D3/><U81/><E22/><N who="2" m="13407" /><F91/><W10/><G10/><T2/><D2/><U18/><E18/><V43/><F26/><N who="1" m="9737" /><E99/><N who="0" m="37929" /><D90/><AGARI ba="0,0" hai="59,61,66,81,82,83,89,90" m="9737,50219" machi="90" ten="40,3900,0" yaku="19,1,52,1" doraHai="33,54" who="1" fromWho="0" sc="160,-39,210,39,420,0,210,0" /><INIT seed="1,1,0,4,0,8" ten="121,249,420,210" oya="1" hai0="69,29,19,50,40,67,14,54,71,62,87,104,92" hai1="24,96,83,110,64,27,94,39,52,108,131,100,115" hai2="48,97,12,55,123,129,3,17,36,2,135,133,81" hai3="95,41,38,37,10,119,106,124,114,122,103,66,9"/><U57/><E115/><V11/><F123/><W21/><G95/><T117/><D117/><U43/><E131/><V75/><F36/><W28/><G21/><T84/><D104/><U68/><E68/><V116/><F116/><W31/><G103/><T77/><D71/><U105/><E64/><V60/><F129/><W15/><G15/><T112/><D112/><U85/><E105/><V109/><F109/><N who="1" m="42089" /><E43/><V42/><F60/><W1/><G66/><T74/><D29/><U26/><E39/><V44/><F42/><W121/><G41/><T80/><D92/><U127/><E127/><V130/><F130/><W120/><G106/><T58/><REACH who="0" step="1"/><D40/><REACH who="0" ten="111,249,420,210" step="2"/><U107/><E107/><V59/><F135/><W13/><G114/><T23/><AGARI ba="1,1" hai="14,19,23,50,54,58,62,67,69,74,77,80,84,87" machi="23" ten="20,8000,1" yaku="1,1,2,1,0,1,7,1,52,1,53,0" doraHai="8" doraHaiUra="88" who="0" fromWho="0" sc="111,93,249,-41,420,-21,210,-21" /><INIT seed="2,0,0,0,3,134" ten="204,208,399,189" oya="2" hai0="24,90,108,53,132,106,120,133,56,35,54,58,32" hai1="111,68,70,37,91,41,97,30,72,5,43,3,116" hai2="11,69,80,126,0,98,114,77,75,34,135,49,45" hai3="96,76,39,48,33,84,61,15,127,31,101,13,2"/><V55/><F114/><W14/><G2/><T63/><D120/><U40/><E116/><V87/><F69/><W74/><G39/><T104/><D90/><U110/><E72/><V73/><F34/><N who="0" m="12842" /><D24/><U85/><E37/><V6/><F135/><N who="0" m="51786" /><D108/><N who="1" m="41515" /><E30/><V62/><F126/><W81/><G127/><T18/><D18/><U29/><E29/><V89/><F62/><AGARI ba="0,0" hai="53,54,56,58,62,63,104,106" m="51786,12842" machi="62" ten="30,1000,0" yaku="20,1" doraHai="134" who="0" fromWho="2" sc="204,10,208,0,399,-10,189,0" /><INIT seed="3,0,0,5,0,103" ten="214,208,389,189" oya="3" hai0="100,88,125,66,70,108,79,45,129,67,128,80,19" hai1="24,15,123,107,9,10,69,30,82,38,120,91,40" hai2="77,85,28,39,13,87,35,52,49,1,118,92,25" hai3="31,127,26,59,109,7,50,113,0,96,99,23,86"/><W29/><G113/><T95/><D108/><U115/><E115/><V5/><F39/><W130/><G109/><T48/><D125/><U78/><E69/><V68/><F68/><W72/><G72/><N who="0" m="43111" /><D70/><U18/><E107/><V111/><F118/><W16/><G127/><T135/><D19/><U71/><E71/><V132/><F111/><W44/><G59/><T121/><D121/><U97/><E97/><N who="3" m="37450" /><G0/><T55/><D100/><U63/><E63/><V84/><F1/><W42/><G7/><T33/><D33/><U90/><E9/><V126/><F126/><W104/><G104/><T114/><D114/><U65/><E65/><V32/><F32/><W106/><G106/><T6/><D6/><U3/><E3/><V81/><F132/><W11/><G11/><T34/><D34/><U58/><E58/><V57/><F5/><W133/><G133/><T116/><D116/><U76/><E38/><V134/><F134/><W73/><G73/><T46/><D46/><U94/><E40/><V56/><F56/><W60/><G60/><T75/><D75/><U54/><E54/><V117/><F117/><W93/><G130/><N who="0" m="50283" /><D135/><U74/><E76/><V131/><F131/><W124/><G124/><T98/><AGARI ba="0,0" hai="45,48,55,66,67,88,95,98" m="50283,43111" machi="98" ten="30,2000,0" yaku="19,1,54,1" doraHai="103" who="0" fromWho="0" sc="214,20,208,-5,389,-5,189,-10" owari="234,3.4,203,-19.7,384,48.4,179,-32.1" /></mjloggm>