<mjloggm ver="2.3"><GO type="225" lobby="0"/><UN n0="%33%74%72%65%65" n1="%E3%81%8B%E3%82%8F%E3%81%A1%E3%82%83%E3%82%93%35%38" n2="%E5%A4%9C%E3%81%AE%E3%82%AC%E3%82%B9%E3%83%91%E3%83%BC%E3%83%AB" n3="%E3%81%A4%E3%81%A3%E3%81%B1%E3%82%8A%E3%83%9D%E3%83%BC%E3%83%AB" dan="16,16,17,17" rate="2120.74,2137.34,2182.26,2224.13" sx="F,M,M,M"/><TAIKYOKU oya="0"/><INIT seed="0,0,0,1,3,2" ten="250,250,250,250" oya="0" hai0="73,93,103,89,35,130,84,100,123,68,83,20,109" hai1="56,66,76,115,0,7,45,120,90,38,62,127,57" hai2="129,87,13,128,74,80,18,23,49,75,135,10,102" hai3="114,98,85,6,55,108,44,133,46,25,107,60,34"/><T19/><D123/><U33/><E120/><V42/><F135/><W125/><G114/><T9/><D130/><N who="2" m="50282" /><F102/><W21/><G133/><T58/><D68/><U15/><E33/><V29/><F42/><W96/><G34/><T124/><D35/><U5/><E0/><V17/><F49/><W8/><G108/><T64/><D124/><U65/><E127/><V110/><F29/><W3/><G125/><T50/><D109/><U132/><E132/><V79/><F110/><W1/><G1/><T61/><D50/><U47/><E115/><V11/><F11/><W12/><G3/><T91/><D9/><U101/><E101/><V67/><F67/><W94/><G107/><T126/><D126/><U78/><E90/><V63/><F63/><W81/><G60/><T99/><REACH who="0" step="1"/><D73/><REACH who="0" ten="240,250,250,250" step="2"/><U22/><E62/><V69/><F69/><W37/><G37/><T117/><D117/><U104/><E38/><V95/><F95/><W70/><G70/><T26/><AGARI ba="0,1" hai="19,20,26,58,61,64,83,84,89,91,93,99,100,103" machi="26" ten="20,7800,0" yaku="1,1,0,1,7,1,8,1,53,0" doraHai="2" doraHaiUra="106" who="0" fromWho="0" sc="240,88,250,-26,250,-26,250,-26" /><INIT seed="0,1,0,1,4,88" ten="328,224,224,224" oya="0" hai0="62,84,42,81,93,87,49,63,106,40,28,37,21" hai1="48,110,18,100,132,82,119,75,89,135,72,79,44" hai2="32,36,118,104,50,102,55,69,61,68,4,120,86" hai3="95,101,74,46,7,33,14,19,108,3,114,116,43"/><T80/><D106/><U130/><E119/><V77/><F120/><W1/><G116/><T56/><D37/><U5/><E5/><V96/><F118/><W97/><G114/><T90/><D28/><U115/><E115/><V11/><F36/><W91/><G108/><T12/><D80/><U9/><E110/><V134/><F32/><W20/><G74/><T133/><D133/><N who="1" m="51275" /><E100/><V54/><F134/><W105/><G33/><T13/><D62/><U35/><E35/><V122/><F122/><W53/><G53/><T22/><D22/><U45/><E130/><V31/><F31/><W92/><G105/><T109/><D109/><U128/><E128/><V65/><F69/><W64/><G64/><T51/><D42/><U0/><E45/><V29/><F29/><W94/><G7/><T76/><D40/><N who="1" m="24583" /><E89/><V131/><F131/><W73/><G73/><T47/><D47/><U99/><E99/><V16/><F4/><W127/><G127/><T52/><REACH who="0" step="1"/><D21/><REACH who="0" ten="318,224,224,224" step="2"/><U6/><E82/><V117/><F117/><W41/><G41/><T8/><D8/><N who="1" m="2119" /><E79/><V39/><F39/><W59/><G46/><T83/><D83/><U67/><E67/><V103/><F77/><W70/><G43/><T25/><D25/><U57/><E57/><V30/><F104/><N who="3" m="63535" /><G59/><T15/><AGARI ba="1,1" hai="12,13,15,49,51,52,56,63,76,81,84,87,90,93" machi="15" ten="30,12000,1" yaku="1,1,0,1,8,1,52,1,54,1,53,0" doraHai="88" doraHaiUra="121" who="0" fromWho="0" sc="318,133,224,-41,224,-41,224,-41" /><INIT seed="0,2,0,3,4,129" ten="451,183,183,183" oya="0" hai0="117,42,61,120,53,51,124,119,33,21,24,59,121" hai1="126,65,123,46,111,89,41,18,44,6,98,116,114" hai2="125,7,39,62,115,63,5,31,67,45,90,101,131" hai3="54,25,15,70,83,91,34,27,76,64,74,110,112"/><T87/><D33/><U94/><E116/><V23/><F115/><W97/><G112/><T30/><D124/><U71/><E123/><V17/><F131/><W26/><G110/><T66/><D42/><U109/><E114/><V130/><F130/><W128/><G128/><T93/><D121/><U127/><E6/><V102/><F125/><N who="1" m="47625" /><E18/><V52/><F31/><W22/><G54/><T4/><D4/><N who="2" m="1610" /><F39/><W104/><G15/><T10/><D10/><U8/><E8/><V108/><F108/><N who="1" m="41545" /><E41/><V49/><F90/><W58/><G91/><T118/><D120/><U68/><E65/><V133/><F133/><W43/><G43/><T38/><D118/><U36/><E36/><V80/><F80/><W55/><G64/><T134/><D38/><U78/><E78/><V100/><F67/><W50/><G34/><T96/><D117/><U105/><E105/><V9/><F9/><W13/><G104/><T81/><D119/><U72/><E72/><V135/><F135/><W60/><G76/><T73/><D73/><U82/><E82/><V77/><F77/><W35/><G83/><T103/><D134/><U132/><E132/><V20/><F20/><W14/><G74/><T47/><D81/><U79/><E79/><V122/><F122/><W84/><G22/><T28/><D28/><U85/><E85/><AGARI ba="2,0" hai="21,24,30,47,51,53,59,61,66,85,87,93,96,103" machi="85" ten="40,7700,0" yaku="25,2,8,1" doraHai="129" who="0" fromWho="1" sc="451,83,183,-83,183,0,183,0" /><INIT seed="0,3,0,3,0,72" ten="534,100,183,183" oya="0" hai0="119,31,115,47,131,134,111,7,43,135,127,48,76" hai1="19,82,126,32,86,28,68,35,4,89,124,110,75" hai2="52,13,71,114,39,102,122,125,21,61,53,34,24" hai3="27,94,22,62,130,58,121,78,50,103,60,57,12"/><T42/><D115/><U36/><E68/><V96/><F122/><W133/><G121/><T49/><D119/><U25/><E36/><V118/><F114/><W44/><G133/><N who="0" m="50699" /><D7/><U81/><E110/><V123/><F123/><W63/><G130/><T84/><D31/><U98/><E4/><V11/><F39/><W45/><G12/><T56/><D131/><U93/><E32/><V132/><F132/><W23/><G78/><T15/><D15/><U2/><E2/><V87/><F125/><W67/><G23/><T37/><D84/><U85/><E75/><V29/><F21/><W106/><G106/><T59/><D76/><U51/><E51/><N who="0" m="19529" /><D127/><U6/><E6/><N who="2" m="3319" /><F87/><W3/><G3/><T92/><D92/><U113/><E113/><V101/><F118/><W14/><G14/><T117/><D117/><U5/><E5/><V129/><F129/><W41/><G45/><N who="0" m="23759" /><D111/><U112/><E112/><V73/><F73/><W10/><G10/><T38/><AGARI ba="3,0" hai="38,43,47,56,59" m="23759,19529,50699" machi="38" ten="30,6000,0" yaku="20,1,34,2" doraHai="72" who="0" fromWho="0" sc="534,69,100,-23,183,-23,183,-23" /><INIT seed="0,4,0,1,2,71" ten="603,77,160,160" oya="0" hai0="108,135,102,83,3,1,27,58,50,22,92,26,91" hai1="65,113,80,6,14,110,101,98,100,130,77,67,103" hai2="52,125,48,115,42,131,7,13,59,39,47,128,112" hai3="121,61,73,111,11,99,8,81,20,69,32,15,95"/><T84/><D135/><U53/><E110/><V126/><F13/><W93/><G32/><T85/><D108/><U107/><E130/><N who="2" m="49707" /><F7/><W18/><G111/><T96/><D27/><U31/><E113/><AGARI ba="4,0" hai="39,42,47,48,52,59,112,113,115,125,126" m="49707" machi="113" ten="30,8000,1" yaku="19,1,34,2,52,1,54,1" doraHai="71" who="2" fromWho="1" sc="603,0,77,-92,160,92,160,0" owari="603,70.3,-15,-51.5,252,5.2,160,-24.0" /></mjloggm>