<mjloggm ver="2.3"><GO type="225" lobby="0"/><UN n0="%E7%AD%89%E3%80%85%E5%8A%9B%E5%8A%87%E5%A0%B4" n1="%E3%81%A9%E3%82%8F%E3%82%93%E3%81%94" n2="%72%65%6E%6B%75%6E" n3="%6D%75%75%6D%75%72%61" dan="17,16,17,16" rate="2124.03,2127.80,2259.14,2143.93" sx="M,M,M,F"/><TAIKYOKU oya="0"/><INIT seed="0,0,0,1,1,80" ten="250,250,250,250" oya="0" hai0="131,119,92,24,39,42,134,72,55,20,8,82,126" hai1="97,102,101,122,118,57,13,121,46,17,130,86,98" hai2="25,67,30,116,27,83,65,129,6,12,74,49,85" hai3="26,62,87,69,89,60,96,94,111,51,124,90,76"/><T93/><D119/><U99/><E118/><V120/><F120/><W4/><G111/><T109/><D134/><U50/><E130/><V71/><F74/><W127/><G76/><T106/><D106/><U14/><E57/><V100/><F129/><W103/><G69/><T23/><D131/><U38/><E38/><V84/><F116/><W47/><G4/><T0/><D126/><N who="3" m="48169" /><G26/><N who="2" m="9737" /><F71/><W59/><G59/><T61/><D109/><U45/><E97/><V105/><F105/><N who="3" m="63719" /><G90/><T114/><D114/><U128/><E128/><V35/><F35/><W95/><G95/><T18/><D93/><U66/><E66/><N who="2" m="25099" /><F100/><W44/><G44/><T88/><D92/><U40/><E40/><AGARI ba="0,0" hai="40,47,51,60,62,87,89,94" m="63719,48169" machi="40" ten="30,2000,0" yaku="18,1,52,1" doraHai="80" who="3" fromWho="1" sc="250,0,250,-20,250,0,250,20" /><INIT seed="1,0,0,0,2,46" ten="250,230,250,270" oya="1" hai0="64,81,0,88,129,68,56,43,114,27,108,83,91" hai1="101,87,99,118,7,76,12,15,18,104,40,74,120" hai2="94,55,32,60,22,127,1,92,36,54,96,102,84" hai3="73,113,112,13,51,34,130,95,30,45,69,128,2"/><U98/><E120/><V63/><F32/><W19/><G2/><T5/><D114/><U26/><E118/><V9/><F36/><W106/><G106/><T126/><D68/><U131/><E131/><N who="3" m="50218" /><G69/><T42/><D129/><U134/><E134/><V66/><F127/><W38/><G38/><T80/><D108/><U78/><E74/><V79/><F1/><W71/><G71/><T41/><D126/><U75/><E75/><V100/><F9/><N who="3" m="6575" /><G73/><T44/><D0/><U33/><E7/><V77/><F84/><W21/><G34/><T31/><D5/><U86/><E33/><V70/><F70/><W116/><G95/><T85/><D91/><U119/><E119/><V110/><F22/><W16/><G30/><T97/><D97/><U59/><E104/><V8/><F8/><W47/><G47/><T28/><D44/><U37/><E37/><V90/><F90/><W103/><G103/><T39/><D39/><U93/><E99/><V115/><F96/><W6/><G6/><T52/><D64/><U107/><E107/><V35/><F35/><W124/><G124/><T109/><D109/><U14/><E87/><V72/><F72/><W121/><G121/><T24/><D31/><U11/><E86/><V23/><F23/><W48/><G116/><T53/><D53/><U82/><E98/><V29/><F29/><W65/><G65/><T125/><D125/><U132/><E101/><V105/><F105/><W111/><G111/><T58/><D28/><U10/><E93/><V123/><F110/><W67/><G67/><T62/><D58/><U49/><E59/><RYUUKYOKU ba="0,0" sc="250,30,230,-10,250,-10,270,-10" hai0="24,27,41,42,43,52,56,62,80,81,83,85,88" /><INIT seed="2,1,0,4,0,106" ten="280,220,240,260" oya="2" hai0="90,21,135,51,93,123,112,5,33,62,82,97,67" hai1="60,38,109,6,89,8,42,72,79,114,71,113,37" hai2="55,3,36,26,15,50,22,59,12,9,63,125,19" hai3="2,16,127,10,56,18,83,76,27,64,34,84,110"/><V129/><F36/><N who="1" m="13929" /><E89/><V96/><F125/><W57/><G127/><T91/><D33/><U24/><E24/><V130/><F3/><W74/><G110/><T80/><D123/><U28/><E28/><V111/><F111/><W43/><G43/><T78/><D112/><U41/><E41/><V133/><F50/><W29/><G84/><T87/><D135/><U23/><E23/><V86/><F133/><W39/><G39/><T32/><D32/><U103/><E103/><V46/><F46/><W58/><REACH who="3" step="1"/><G64/><REACH who="3" ten="280,220,240,250" step="2"/><T105/><D67/><N who="1" m="41447" /><E42/><V122/><F122/><W92/><G92/><T47/><D93/><U121/><E109/><V100/><F86/><W98/><G98/><T77/><D97/><U45/><E121/><V134/><F134/><W7/><AGARI ba="1,1" hai="2,7,10,16,18,27,29,34,56,57,58,74,76,83" machi="7" ten="30,7900,0" yaku="1,1,0,1,52,1,54,1,53,0" doraHai="106" doraHaiUra="119" who="3" fromWho="3" sc="280,-21,220,-21,240,-40,250,92" /><INIT seed="3,0,0,3,1,103" ten="259,199,200,342" oya="3" hai0="62,32,38,106,126,34,113,36,90,35,55,33,74" hai1="95,86,120,81,132,88,61,91,58,109,93,69,49" hai2="78,94,47,67,85,77,122,125,101,89,107,41,44" hai3="4,8,75,24,97,99,9,64,23,11,5,37,53"/><W127/><G37/><T117/><D35/><U17/><E109/><V12/><F125/><W50/><G75/><T15/><D106/><U21/><E132/><V96/><F122/><W39/><G64/><T92/><D74/><U76/><E120/><V60/><F12/><W26/><G39/><T105/><D105/><U59/><E69/><V28/><F28/><N who="3" m="17439" /><G26/><T22/><D38/><U13/><E49/><V116/><F116/><W66/><G66/><T135/><D36/><U45/><E45/><V70/><F44/><N who="3" m="27847" /><G127/><T65/><D33/><U115/><E115/><V112/><F112/><W114/><G114/><T71/><D34/><U51/><E51/><AGARI ba="0,0" hai="41,47,51,60,67,70,77,78,85,89,94,96,101,107" machi="51" ten="30,2000,0" yaku="7,1,52,1" doraHai="103" who="2" fromWho="1" sc="259,0,199,-20,200,20,342,0" owari="259,5.9,179,-32.1,220,-18.0,342,44.2" /></mjloggm>