<mjloggm ver="2.3"><GO type="225" lobby="0"/><UN n0="%E6%98%93%E5%88%A9%E8%96%A9%E4%BC%AF" n1="%E3%82%8C%E3%81%99%E3%81%93" n2="%E8%A8%88%E7%AE%97%E6%A9%9F%E8%87%AA%E7%84%B6" n3="%E5%AF%82%E5%AF%9E%E3%82%AE%E3%83%8D%E3%82%B9%E3%83%93%E3%83%BC%E3%83%AB" dan="16,17,17,16" rate="2162.14,2187.62,2178.92,2130.97" sx="F,F,M,M"/><TAIKYOKU oya="0"/><INIT seed="0,0,0,0,2,11" ten="250,250,250,250" oya="0" hai0="74,73,65,94,79,124,70,128,8,29,35,100,56" hai1="5,105,12,134,99,104,55,64,114,106,131,92,50" hai2="20,112,88,58,90,118,40,68,76,10,63,135,49" hai3="47,34,54,102,14,25,23,96,7,48,59,122,36"/><T51/><D128/><U46/><E134/><V28/><F112/><W32/><G122/><T110/><D124/><U33/><E131/><V4/><F135/><W125/><G125/><T89/><D100/><U17/><E33/><V60/><F118/><W93/><G36/><T113/><D113/><U30/><E30/><V81/><F68/><W115/><G115/><T19/><D70/><U84/><E114/><V21/><F49/><W52/><G7/><T1/><D79/><U108/><E108/><V82/><F40/><W75/><G75/><T120/><D120/><U6/><E84/><N who="2" m="48167" /><F82/><W133/><G14/><T57/><D1/><U61/><E61/><N who="2" m="23627" /><F58/><W71/><G71/><T83/><D65/><U67/><E67/><V43/><F43/><W126/><G126/><T15/><D83/><U45/><E45/><V77/><F77/><W80/><G80/><T87/><D57/><U119/><E64/><V97/><F97/><W72/><G72/><T101/><D110/><U41/><E41/><V62/><N who="2" m="23635" /><V27/><DORA hai="123" /><F21/><W109/><G109/><T121/><D121/><U66/><E66/><V26/><F27/><W127/><G127/><T37/><D37/><U69/><E69/><V18/><F4/><W38/><G133/><T91/><D56/><U132/><E132/><V0/><F0/><W107/><G107/><T16/><D51/><U13/><E13/><AGARI ba="0,0" hai="10,13,18,20,26,28,88,90" m="23635,48167" machi="13" ten="30,3900,0" yaku="8,1,52,1,54,1" doraHai="11,123" who="2" fromWho="1" sc="250,0,250,-39,250,39,250,0" /><INIT seed="1,0,0,1,5,2" ten="250,211,289,250" oya="1" hai0="12,85,17,49,125,104,64,30,42,124,109,51,40" hai1="133,74,119,106,75,118,117,31,114,96,70,116,29" hai2="66,105,81,65,47,21,46,128,55,26,27,76,88" hai3="52,45,90,123,98,91,18,19,100,92,5,16,89"/><U1/><N who="1" m="29696" /><DORA hai="0" /><U11/><E114/><V130/><F105/><W111/><G111/><T86/><D104/><U48/><E133/><V135/><F135/><W39/><G123/><T80/><D30/><U63/><E48/><N who="0" m="18505" /><D64/><N who="2" m="24682" /><F55/><W62/><G39/><T97/><D97/><U131/><E131/><N who="2" m="50219" /><F88/><W33/><G33/><T68/><D68/><U3/><E63/><V22/><F21/><W107/><G45/><N who="2" m="16905" /><F22/><W120/><G120/><T59/><D59/><U9/><E70/><V103/><F103/><W83/><G107/><T41/><D109/><U34/><E3/><V14/><F14/><W13/><G52/><T84/><D12/><U102/><E11/><V108/><F108/><W36/><G62/><T82/><D17/><U93/><E93/><V115/><F115/><W38/><REACH who="3" step="1"/><G83/><AGARI ba="0,0" hai="40,41,42,80,82,83,84,85,86,124,125" m="18505" machi="83" ten="40,2600,0" yaku="28,2" doraHai="2,0" who="0" fromWho="3" sc="250,26,211,0,289,0,250,-26" /><INIT seed="2,0,0,2,5,65" ten="276,211,289,224" oya="2" hai0="125,14,88,86,51,124,47,7,4,70,129,80,122" hai1="84,120,57,31,19,39,8,46,10,36,35,106,131" hai2="126,85,54,53,128,42,102,72,97,30,40,59,12" hai3="77,76,110,17,33,16,111,71,134,2,48,100,24"/><V121/><F72/><W107/><G2/><T18/><D122/><U78/><E106/><V101/><F121/><W108/><G134/><T45/><D70/><U20/><E120/><V127/><F30/><N who="3" m="19655" /><G48/><T62/><D62/><U90/><E131/><V67/><F128/><W38/><G38/><T29/><D29/><U82/><E39/><V94/><F101/><W58/><G58/><T89/><D89/><U66/><E35/><V60/><F12/><W25/><G71/><T56/><D56/><U68/><E31/><V22/><F22/><N who="3" m="13511" /><G17/><T83/><D83/><U73/><E57/><V75/><F75/><W41/><G41/><N who="2" m="15977" /><F85/><W55/><G55/><N who="0" m="30191" /><D47/><U74/><E46/><V104/><F104/><W44/><G44/><T9/><D129/><U26/><E36/><V37/><F37/><W6/><G6/><AGARI ba="0,0" hai="4,6,7,9,14,18,80,86,88,124,125" m="30191" machi="6" ten="30,2000,0" yaku="25,1,54,1" doraHai="65" who="0" fromWho="3" sc="276,20,211,0,289,0,224,-20" /><INIT seed="3,0,0,0,4,27" ten="296,211,289,204" oya="3" hai0="45,117,123,1,61,124,104,129,3,89,107,28,46" hai1="60,79,103,113,56,84,36,130,39,55,21,9,94" hai2="58,78,67,41,125,101,49,38,17,30,127,108,47" hai3="68,2,86,40,20,19,32,14,43,48,98,26,96"/><W120/><G120/><T133/><D117/><U126/><E113/><V111/><F78/><W105/><G68/><T88/><D61/><U70/><E130/><V57/><F101/><W100/><G2/><T15/><D15/><U110/><E110/><N who="2" m="42027" /><F17/><W77/><G98/><T69/><D69/><U132/><E132/><V37/><F30/><W75/><G75/><T97/><D28/><U135/><E135/><V66/><F57/><W102/><G102/><T74/><D74/><U33/><E79/><V4/><F4/><W99/><G99/><T92/><D129/><U23/><E70/><V131/><F131/><W85/><G77/><T122/><D97/><U7/><E103/><V65/><F58/><W29/><REACH who="3" step="1"/><G48/><REACH who="3" ten="296,211,289,194" step="2"/><T121/><D1/><U119/><E39/><AGARI ba="0,1" hai="37,38,39,41,47,49,65,66,67,125,127" m="42027" machi="39" ten="40,5200,0" yaku="14,1,34,2" doraHai="27" who="2" fromWho="1" sc="296,0,211,-52,289,62,194,0" owari="296,9.6,159,-34.1,351,45.1,194,-20.6" /></mjloggm>