<mjloggm ver="2.3"><GO type="225" lobby="0"/><UN n0="%72%69%6F%75%63%68%61%6E" n1="%EF%BC%81%E3%81%BC%E3%81%9F%E3%82%82%E3%81%A1%EF%BC%81" n2="%E3%81%82%E3%83%BC%E3%81%97" n3="%E3%81%BF%E3%81%BF%E3%81%9A" dan="16,16,16,17" rate="2214.33,2155.92,2119.79,2220.36" sx="M,M,M,M"/><TAIKYOKU oya="0"/><INIT seed="0,0,0,1,4,7" ten="250,250,250,250" oya="0" hai0="34,41,23,12,13,95,74,53,54,62,65,19,58" hai1="11,132,61,117,128,91,103,80,92,40,69,28,121" hai2="99,26,112,0,30,29,133,46,64,24,42,37,85" hai3="116,1,79,88,20,90,122,70,107,27,25,56,45"/><T102/><D74/><U113/><E117/><V33/><F112/><W3/><G70/><T44/><D34/><U76/><E121/><V104/><F133/><W68/><G68/><T114/><D114/><U73/><E113/><V10/><F85/><W36/><G116/><T111/><D111/><U67/><E128/><V49/><F64/><W123/><G107/><T124/><D124/><U89/><E132/><V6/><F49/><W84/><G79/><T101/><D12/><U93/><E28/><V15/><F15/><W77/><G77/><T21/><D21/><U35/><E35/><N who="2" m="20903" /><F99/><W135/><G135/><T134/><D134/><U63/><E40/><V108/><F108/><W66/><G45/><T129/><D129/><U83/><E103/><V48/><F48/><W2/><G36/><T115/><D115/><U126/><E126/><V18/><F18/><W39/><G39/><T17/><D17/><U51/><E51/><V32/><F32/><W47/><G47/><T8/><D23/><U100/><E100/><N who="0" m="38505" /><D95/><U9/><E83/><V119/><F119/><W78/><G25/><T4/><D19/><U43/><E43/><V110/><F110/><W86/><G123/><T59/><D59/><U106/><E106/><AGARI ba="0,0" hai="0,6,10,26,30,33,37,42,46,104,106" m="20903" machi="106" ten="30,3900,0" yaku="33,2,52,1" doraHai="7" who="2" fromWho="1" sc="250,0,250,-39,250,39,250,0" /><INIT seed="1,0,0,1,1,70" ten="250,211,289,250" oya="1" hai0="5,14,78,31,1,76,66,22,2,86,65,53,132" hai1="27,69,105,15,52,17,25,16,36,84,109,58,48" hai2="26,134,32,13,40,98,39,51,80,67,130,43,4" hai3="7,79,54,34,95,97,28,111,101,116,23,128,112"/><U100/><E69/><V61/><F51/><W9/><G112/><T129/><D129/><U88/><E36/><V73/><F130/><W123/><G128/><T63/><D132/><U102/><E109/><V55/><F55/><W125/><G123/><T45/><D65/><U85/><E85/><V96/><F13/><W120/><G120/><T99/><D99/><U68/><E68/><V117/><F4/><W118/><G111/><T24/><D86/><U44/><E44/><V124/><F80/><W81/><G34/><T71/><D14/><U42/><E42/><V47/><F43/><W38/><G54/><T49/><REACH who="0" step="1"/><D5/><REACH who="0" ten="240,211,289,250" step="2"/><U21/><E105/><V10/><F134/><W93/><G97/><T110/><D110/><U0/><E0/><AGARI ba="0,1" hai="0,1,2,22,24,31,45,49,53,63,66,71,76,78" machi="0" ten="40,1300,0" yaku="1,1,53,0" doraHai="70" doraHaiUra="12" who="0" fromWho="1" sc="240,23,211,-13,289,0,250,0" /><INIT seed="2,0,0,1,3,112" ten="263,198,289,250" oya="2" hai0="2,17,85,58,73,86,121,12,69,52,122,108,57" hai1="115,50,82,48,78,31,7,40,36,75,116,14,35" hai2="107,80,134,87,3,125,30,95,5,135,32,63,77" hai3="67,105,126,45,97,46,29,90,124,64,83,127,130"/><V118/><F107/><W4/><G130/><T76/><D69/><U15/><E115/><V59/><F125/><W37/><G29/><T16/><D108/><U94/><E35/><V133/><F5/><W104/><G4/><T23/><D2/><U61/><E31/><V47/><F47/><N who="3" m="17931" /><G37/><T60/><D73/><U0/><E36/><V25/><F3/><W123/><G123/><T91/><D57/><U98/><E40/><V49/><F49/><W128/><G128/><T100/><D100/><U20/><E0/><V88/><F118/><W114/><G114/><T102/><D102/><U110/><E110/><V28/><F28/><W74/><G97/><T101/><D101/><U120/><E120/><V44/><F44/><W62/><G90/><T72/><D72/><U18/><E61/><V106/><F106/><N who="3" m="41067" /><G62/><T38/><D38/><U70/><E70/><V42/><F42/><W89/><G89/><T39/><D39/><U9/><REACH who="1" step="1"/><E116/><REACH who="1" ten="263,188,289,250" step="2"/><V117/><F117/><W19/><G19/><N who="0" m="10727" /><D122/><U131/><E131/><V71/><F71/><W55/><G55/><T21/><D121/><U66/><E66/><N who="3" m="25130" /><G74/><T103/><D17/><U11/><E11/><V34/><F63/><W111/><G111/><T10/><D10/><U54/><E54/><V93/><F34/><W84/><G124/><T1/><D1/><U13/><E13/><V99/><F135/><W109/><G109/><T8/><D8/><U27/><E27/><V22/><F32/><W92/><G127/><T51/><D60/><U33/><E33/><V24/><F134/><W79/><G126/><T26/><D26/><RYUUKYOKU ba="0,1" sc="263,-15,188,15,289,-15,250,15" hai1="7,9,14,15,18,20,48,50,75,78,82,94,98" hai3="79,83,84,92" /><INIT seed="3,1,1,1,5,117" ten="248,203,274,265" oya="3" hai0="9,26,55,47,33,122,40,134,49,57,79,88,46" hai1="101,6,69,92,30,111,123,29,1,13,135,16,23" hai2="17,14,41,67,93,65,0,7,34,108,73,43,125" hai3="81,68,114,61,48,44,11,109,116,100,35,76,3"/><W59/><G114/><T124/><D122/><U71/><E111/><V130/><F73/><W70/><G116/><T20/><D124/><U56/><E135/><V118/><F34/><W54/><G35/><T45/><D134/><U19/><E123/><V83/><F118/><W84/><G109/><T5/><D79/><U110/><E110/><V90/><F83/><W103/><G70/><T115/><D33/><U24/><E71/><V82/><F82/><W102/><G68/><T113/><D40/><N who="2" m="15434" /><F108/><W52/><G3/><T18/><REACH who="0" step="1"/><D88/><REACH who="0" ten="238,203,274,265" step="2"/><U39/><E39/><V37/><F37/><W22/><G22/><T28/><D28/><U80/><E80/><V38/><F38/><W75/><REACH who="3" step="1"/><G11/><REACH who="3" ten="238,203,274,255" step="2"/><T25/><D25/><U112/><E24/><V66/><F125/><W78/><G78/><T72/><D72/><AGARI ba="1,3" hai="44,48,52,54,59,61,72,75,76,81,84,100,102,103" machi="72" ten="40,12000,1" yaku="1,1,54,1,53,3" doraHai="117" doraHaiUra="96" who="3" fromWho="0" sc="238,-123,203,0,274,0,255,153" owari="115,-38.5,203,-19.7,274,7.4,408,50.8" /></mjloggm>