<mjloggm ver="2.3"><GO type="225" lobby="0"/><UN n0="%E7%99%BD%E9%9B%AA%E4%B9%83%E6%84%9B" n1="%E3%81%82%E3%81%99%E3%81%AB%E3%82%83%E3%82%80" n2="%E6%98%93%E5%88%A9%E8%96%A9%E4%BC%AF" n3="%E3%82%B2%E3%82%B9%E8%8C%82%E5%8B%9D" dan="16,16,16,16" rate="2054.98,2111.38,2079.71,2041.18" sx="F,F,F,F"/><TAIKYOKU oya="0"/><INIT seed="0,0,0,1,0,108" ten="250,250,250,250" oya="0" hai0="59,117,70,48,12,62,24,96,112,77,60,100,124" hai1="92,119,90,76,94,1,87,5,93,35,126,65,63" hai2="28,29,2,54,4,115,127,38,102,129,26,39,47" hai3="31,34,99,17,49,105,88,106,121,135,51,71,89"/><T18/><D112/><U64/><E119/><V50/><F127/><W27/><G121/><T0/><D117/><U33/><E126/><V36/><F129/><W97/><G135/><T116/><D124/><U79/><E1/><V120/><F120/><W103/><G71/><T14/><D116/><U40/><E5/><V46/><F102/><W81/><G17/><T15/><D0/><U37/><E37/><V23/><F29/><W30/><G81/><T7/><D77/><U61/><E40/><V109/><F109/><W55/><G30/><T86/><D7/><U19/><E19/><V16/><F28/><W125/><G125/><T41/><D86/><U11/><E11/><V21/><F21/><W57/><REACH who="3" step="1"/><G49/><REACH who="3" ten="250,250,250,240" step="2"/><T53/><D70/><U72/><E72/><V22/><F22/><W13/><G13/><T68/><D68/><U107/><E33/><V32/><F32/><W25/><G25/><T82/><D82/><U91/><E35/><V42/><REACH who="2" step="1"/><F115/><REACH who="2" ten="250,250,240,240" step="2"/><W6/><G6/><T133/><D133/><U122/><E122/><V83/><F83/><W44/><G44/><T132/><D132/><U8/><E8/><AGARI ba="0,2" hai="2,4,8,16,23,26,36,38,39,42,46,47,50,54" machi="8" ten="40,2600,0" yaku="1,1,54,1,53,0" doraHai="108" doraHaiUra="73" who="2" fromWho="1" sc="250,0,250,-26,240,46,240,0" /><INIT seed="1,0,0,1,0,1" ten="250,224,286,240" oya="1" hai0="27,66,100,7,63,36,57,30,52,8,10,75,47" hai1="5,74,55,109,81,114,34,78,16,85,53,42,124" hai2="120,97,122,131,133,69,73,76,46,118,6,99,107" hai3="58,108,115,98,17,28,70,2,22,61,18,83,11"/><U15/><E114/><V92/><F69/><W88/><G115/><T117/><D75/><U4/><E34/><V31/><F31/><W127/><G108/><T71/><D117/><U132/><E109/><V103/><F46/><W0/><G127/><T101/><D36/><U80/><E124/><V24/><F24/><W106/><G70/><T19/><D47/><U110/><E110/><V102/><F118/><W72/><G28/><T26/><D19/><U37/><E132/><V91/><F133/><W9/><G0/><T112/><D112/><U41/><E37/><V130/><F6/><N who="1" m="2665" /><E80/><N who="2" m="45071" /><F103/><W38/><G38/><T62/><D10/><N who="1" m="6263" /><E74/><V65/><F65/><N who="3" m="39095" /><G2/><T119/><D119/><U21/><E21/><V40/><F40/><AGARI ba="0,0" hai="40,41,42,53,55,78,81,85" m="6263,2665" machi="40" ten="30,12000,1" yaku="8,1,52,3,54,1" doraHai="1" who="1" fromWho="2" sc="250,0,224,120,286,-120,240,0" /><INIT seed="1,1,0,4,2,63" ten="250,344,166,240" oya="1" hai0="58,105,62,5,45,81,126,48,109,21,18,121,73" hai1="97,36,102,114,25,116,19,132,101,88,27,80,124" hai2="43,84,78,133,135,89,37,131,0,100,26,38,24" hai3="74,127,111,113,8,128,123,41,70,17,49,99,134"/><U90/><E114/><V108/><F0/><W72/><G99/><T55/><D105/><U83/><E116/><V67/><F108/><W86/><G86/><T50/><D109/><U106/><E36/><V30/><F100/><W29/><G49/><T3/><D126/><U71/><E71/><V79/><F131/><W11/><G41/><T92/><D121/><U20/><E124/><V94/><F26/><W65/><G65/><T122/><D122/><U77/><E132/><V40/><F43/><W118/><G17/><T10/><D48/><U85/><E102/><V129/><F129/><W31/><G11/><T125/><D125/><U96/><E96/><V9/><F9/><W39/><G8/><T33/><D33/><U56/><E56/><V119/><F119/><W104/><G29/><T28/><D28/><U54/><E54/><V120/><F120/><W107/><G31/><T110/><D110/><U51/><E51/><V12/><F12/><W68/><G70/><T14/><D92/><U95/><E27/><V35/><F67/><W98/><G98/><T59/><D62/><U7/><E7/><V60/><F60/><W91/><G91/><T32/><D32/><U22/><E22/><V117/><F117/><W44/><G104/><T15/><D3/><U34/><E106/><V103/><F103/><W64/><G64/><T75/><D75/><N who="1" m="43071" /><E90/><V1/><F1/><W23/><G23/><T52/><D55/><U46/><E46/><N who="2" m="23823" /><F38/><W76/><G44/><T53/><D53/><U93/><E83/><V87/><F87/><W69/><G123/><T130/><D130/><RYUUKYOKU ba="1,0" sc="250,10,344,10,166,10,240,-30" hai0="5,10,14,15,18,21,45,50,52,58,59,73,81" hai1="19,20,25,34,85,88,93,95,97,101" hai2="24,30,35,78,79,84,89,94,133,135" /><INIT seed="1,2,0,0,4,130" ten="260,354,176,210" oya="1" hai0="34,129,17,95,66,5,57,113,29,126,37,79,38" hai1="135,68,128,35,80,122,108,104,15,25,54,60,84" hai2="117,123,23,0,26,100,8,22,20,89,116,53,21" hai3="44,124,28,91,19,112,63,49,92,83,9,52,70"/><U98/><E128/><V59/><F100/><W131/><G131/><T71/><D113/><U31/><E122/><V87/><F123/><W33/><G124/><T78/><D129/><U64/><E108/><V120/><F120/><W77/><G112/><T127/><D71/><U13/><E54/><V46/><F46/><W48/><G48/><T111/><D5/><U114/><E114/><V73/><F73/><W65/><G28/><T16/><D111/><U27/><E27/><V10/><F0/><W103/><G103/><T1/><D1/><U132/><E13/><V94/><F117/><W121/><G33/><T30/><D95/><U39/><E39/><N who="0" m="14857" /><D57/><U82/><E15/><V109/><F116/><W32/><G32/><T55/><D55/><U47/><E47/><V18/><REACH who="2" step="1"/><F109/><REACH who="2" ten="260,354,166,210" step="2"/><W56/><G121/><T118/><D118/><U61/><E104/><V24/><F24/><W81/><G44/><T110/><D110/><U12/><E25/><V72/><F72/><W90/><G77/><T85/><D79/><U69/><E12/><V2/><F2/><W133/><G90/><T106/><D78/><U76/><E76/><V4/><F4/><W93/><G91/><T51/><D106/><U88/><E88/><V119/><F119/><W67/><G81/><T7/><D7/><U40/><E82/><V96/><F96/><W58/><G83/><T102/><D102/><U36/><E98/><V3/><F3/><W115/><G115/><T62/><D85/><U75/><E84/><V134/><F134/><N who="1" m="51241" /><E75/><V107/><F107/><W45/><G133/><T105/><D105/><RYUUKYOKU ba="2,1" sc="260,-10,354,-10,166,30,210,-10" hai2="8,10,18,20,21,22,23,26,53,59,87,89,94" /><INIT seed="2,3,1,1,5,125" ten="250,344,196,200" oya="2" hai0="11,127,31,42,16,89,96,19,121,50,85,70,13" hai1="68,40,116,135,106,15,130,23,49,2,118,54,62" hai2="39,69,10,108,12,6,93,109,117,73,41,92,0" hai3="63,126,86,24,72,67,115,20,103,36,122,84,82"/><V5/><F117/><W8/><G115/><T133/><D121/><U60/><E2/><V91/><F69/><W27/><G126/><T97/><D127/><U56/><E106/><V45/><F73/><W34/><G122/><T28/><D70/><U99/><E135/><V74/><F6/><W131/><G34/><T78/><D133/><U57/><E99/><N who="0" m="37961" /><D78/><U9/><E23/><V33/><F33/><W14/><G36/><T18/><D42/><U7/><E130/><V102/><F102/><W61/><G103/><T26/><D50/><U124/><E124/><V113/><F113/><W100/><G100/><T95/><D26/><U79/><E79/><V66/><F66/><W44/><G72/><T30/><AGARI ba="3,1" hai="11,13,16,18,19,28,30,31,85,89,95" m="37961" machi="30" ten="30,2000,0" yaku="8,1,54,1" doraHai="125" who="0" fromWho="0" sc="250,39,344,-8,196,-13,200,-8" /><INIT seed="3,0,0,3,5,37" ten="289,336,183,192" oya="3" hai0="57,69,97,80,133,27,82,109,81,77,76,23,123" hai1="93,83,75,95,70,130,55,118,40,18,62,5,12" hai2="92,14,117,63,45,111,104,6,7,38,115,21,88" hai3="131,28,1,58,116,36,49,51,87,103,125,73,94"/><W15/><G116/><T20/><D69/><U52/><E130/><V43/><F117/><W108/><G131/><T129/><D123/><U34/><E40/><V74/><F115/><W91/><G125/><T22/><D129/><U10/><E34/><V39/><F104/><W134/><G1/><T31/><D109/><U112/><E112/><V16/><F111/><W107/><G108/><T101/><D133/><U67/><E118/><V42/><F74/><W50/><G36/><T59/><D27/><U65/><E65/><V3/><F3/><W0/><G0/><T78/><REACH who="0" step="1"/><D31/><REACH who="0" ten="279,336,183,192" step="2"/><U66/><E66/><V11/><F63/><W53/><G134/><T2/><D2/><U9/><E70/><V26/><F43/><W124/><G28/><T8/><D8/><U120/><E10/><V114/><F114/><W48/><G124/><T47/><D47/><U71/><E9/><V25/><F25/><W96/><G73/><T79/><N who="0" m="19456" /><DORA hai="106" /><T30/><D30/><U60/><E62/><V44/><F44/><W121/><G121/><T64/><D64/><U35/><E60/><V4/><F39/><W89/><G15/><T68/><D68/><U84/><E12/><V72/><F72/><W122/><G122/><T132/><D132/><U110/><E75/><V127/><F127/><W113/><G113/><T86/><D86/><AGARI ba="0,1" hai="4,6,7,11,14,16,21,26,38,42,45,86,88,92" machi="86" ten="30,7700,0" yaku="7,1,52,1,54,2" doraHai="37,106" who="2" fromWho="0" sc="279,-77,336,0,183,87,192,0" owari="202,-19.8,336,43.6,270,7.0,192,-30.8" /></mjloggm>