<mjloggm ver="2.3"><GO type="225" lobby="0"/><UN n0="%43%68%65" n1="%E3%81%B2%E3%81%AA%E3%81%AE%E3%82%8A%E3%81%8F" n2="%E5%84%AA%40%41%42%43" n3="%E2%91%A3%E9%81%BF%E9%81%8A%E6%88%AF%E3%80%90%E6%9D%B1%E5%8D%97%E3%80%91" dan="16,16,17,16" rate="2143.16,2155.67,2201.39,2140.77" sx="M,M,M,M"/><TAIKYOKU oya="0"/><INIT seed="0,0,0,2,0,57" ten="250,250,250,250" oya="0" hai0="66,132,39,29,26,97,82,79,93,63,99,117,113" hai1="40,25,74,92,2,125,18,33,107,121,13,115,128" hai2="76,84,114,12,16,120,90,134,24,78,96,22,102" hai3="51,98,49,67,34,116,6,53,64,48,47,50,127"/><T130/><D113/><U105/><E121/><V43/><F134/><W112/><G34/><T81/><D132/><U44/><E125/><V31/><F120/><W104/><G6/><T45/><D117/><U91/><E74/><V17/><F43/><N who="3" m="24703" /><G98/><T61/><D130/><U108/><E108/><V54/><F114/><W52/><G104/><T41/><D66/><N who="3" m="25129" /><G112/><T126/><D126/><U109/><E109/><V30/><F17/><W86/><G127/><T68/><D68/><U37/><E2/><V4/><F4/><W38/><G116/><T42/><D42/><U83/><E83/><V118/><F118/><W119/><G119/><T95/><D82/><U71/><E71/><V59/><F96/><W123/><G123/><T14/><D14/><U65/><E65/><V100/><F76/><W56/><G86/><T73/><D99/><U60/><E128/><V122/><F78/><W62/><G38/><T129/><D129/><U87/><E115/><V8/><F31/><W69/><G69/><T106/><D106/><U36/><E36/><V133/><F133/><W94/><G94/><T101/><D101/><BYE who="0" /><U0/><E0/><V35/><F35/><W5/><G5/><T131/><D131/><U124/><E124/><V28/><F28/><UN n0="%43%68%65" /><W19/><G19/><T1/><D1/><U15/><E107/><V111/><F122/><W55/><AGARI ba="0,0" hai="49,50,51,52,53,55,56,62" m="25129,24703" machi="55" ten="30,16000,3" yaku="8,1,35,5,52,1,54,1" doraHai="57" who="3" fromWho="3" sc="250,-80,250,-40,250,-40,250,160" /><INIT seed="1,0,0,5,0,40" ten="170,210,210,410" oya="1" hai0="42,74,17,58,38,114,83,112,128,9,124,5,94" hai1="100,33,69,70,98,90,80,10,82,88,39,92,21" hai2="101,107,57,13,68,8,76,28,89,35,110,6,60" hai3="34,132,105,62,91,3,78,120,125,123,20,93,23"/><U16/><E33/><V118/><F118/><W36/><G105/><T67/><D124/><U63/><E39/><V121/><F121/><W0/><G36/><T59/><D128/><U7/><E63/><V81/><F110/><W50/><G34/><T65/><D17/><U116/><E116/><V113/><F113/><W30/><G125/><T52/><D94/><U104/><E70/><V75/><F89/><W99/><G78/><N who="0" m="44503" /><D59/><U77/><E69/><V32/><F28/><W51/><G62/><N who="0" m="36167" /><D114/><U19/><E19/><V4/><F4/><W56/><G132/><T95/><D95/><U41/><E41/><V37/><F57/><W97/><G56/><T53/><D53/><U46/><E46/><V27/><F27/><W117/><G117/><T55/><D55/><U106/><E106/><V2/><F13/><W79/><G79/><T129/><D112/><U85/><E82/><V54/><F54/><W134/><G134/><T130/><D65/><U14/><REACH who="1" step="1"/><E104/><REACH who="1" ten="170,200,210,410" step="2"/><V86/><F37/><W133/><G133/><T15/><D67/><U131/><E131/><V84/><F35/><W119/><G119/><T71/><D71/><U22/><E22/><V47/><F32/><W18/><G123/><T29/><D29/><U49/><E49/><V109/><F68/><W126/><G120/><T61/><D61/><U11/><E11/><V103/><F60/><W102/><G51/><T111/><D111/><U24/><AGARI ba="0,1" hai="7,10,14,16,21,24,77,80,85,88,90,92,98,100" machi="24" ten="20,18000,2" yaku="1,1,0,1,7,1,8,1,54,2,53,0" doraHai="40" doraHaiUra="127" who="1" fromWho="1" sc="170,-60,200,190,210,-60,410,-60" /><INIT seed="1,1,0,3,1,34" ten="110,390,150,350" oya="1" hai0="117,13,66,125,31,4,121,93,60,114,83,51,37" hai1="82,17,92,133,115,106,26,78,21,108,9,129,80" hai2="126,41,84,48,112,116,55,54,32,100,10,59,79" hai3="91,3,104,8,18,71,96,25,107,110,102,131,72"/><U6/><E115/><V70/><F116/><W53/><G131/><T1/><D37/><U67/><E129/><V75/><F75/><W95/><G110/><T49/><D114/><U119/><E119/><V23/><F32/><W118/><G118/><T33/><D117/><U56/><E106/><V24/><F59/><W81/><G71/><T88/><D83/><U120/><E120/><V76/><F70/><W22/><G53/><T14/><D121/><U94/><E133/><V64/><F64/><W85/><G72/><T46/><D125/><U69/><E69/><V123/><F126/><W73/><G73/><T44/><D1/><U105/><E105/><V132/><F132/><W20/><G20/><T86/><D31/><U101/><E101/><V43/><F100/><W16/><G18/><T109/><D33/><U130/><E108/><V30/><F123/><W27/><REACH who="3" step="1"/><G25/><REACH who="3" ten="110,390,150,340" step="2"/><T38/><D109/><U90/><E130/><V19/><F112/><W42/><G42/><T62/><D66/><U134/><E134/><V63/><F55/><W113/><G113/><T98/><D62/><N who="1" m="38343" /><E78/><V111/><F63/><W68/><G68/><T47/><D60/><U128/><E128/><V7/><F111/><W36/><G36/><T61/><D61/><U35/><E35/><V99/><F79/><W58/><G58/><T65/><D65/><U5/><E26/><V77/><F76/><W97/><G97/><T124/><D124/><U2/><E21/><V50/><F99/><W57/><G57/><T52/><D38/><U40/><E17/><N who="2" m="12399" /><F77/><W122/><G122/><T87/><D98/><RYUUKYOKU ba="1,1" sc="110,-10,390,-10,150,-10,340,30" hai3="3,8,16,22,27,81,85,91,95,96,102,104,107" /><INIT seed="2,2,1,3,0,48" ten="100,380,140,370" oya="2" hai0="63,109,104,86,44,10,8,135,106,51,119,84,26" hai1="95,47,122,30,130,113,101,129,34,71,87,134,117" hai2="112,83,41,116,66,16,74,115,82,22,39,75,21" hai3="68,57,132,99,89,127,105,31,27,33,97,103,77"/><V126/><F66/><W7/><G132/><T42/><D135/><U56/><E117/><V14/><F41/><W23/><G127/><T0/><D119/><U20/><E71/><V111/><F39/><W65/><G7/><T18/><D109/><U125/><E34/><V94/><F116/><W91/><G77/><T2/><D63/><U102/><E113/><V60/><F60/><W38/><G38/><T58/><D58/><U123/><E125/><V35/><F126/><W133/><G133/><T37/><D37/><U11/><E47/><V19/><F35/><W88/><G57/><T54/><D42/><U85/><E134/><V79/><F94/><N who="3" m="56519" /><G23/><T13/><D26/><N who="1" m="16711" /><E11/><V5/><F5/><W59/><G59/><T81/><D10/><U6/><E6/><V9/><F9/><W25/><G27/><T64/><D64/><U4/><E4/><V45/><F45/><W110/><G110/><T93/><D2/><U76/><E56/><V1/><F111/><W100/><G103/><T70/><D0/><U98/><E102/><V114/><F1/><W55/><G55/><T131/><D70/><U128/><E76/><V118/><F118/><W49/><G49/><T15/><D15/><U17/><E17/><V69/><F69/><W120/><G120/><AGARI ba="2,1" hai="85,87,95,98,101,120,122,123,128,129,130" m="16711" machi="120" ten="40,2600,0" yaku="13,1,19,1" doraHai="48" who="1" fromWho="3" sc="100,0,380,42,140,0,370,-32" /><INIT seed="3,0,0,5,4,88" ten="100,422,140,338" oya="3" hai0="115,22,46,59,58,20,11,63,112,40,45,33,75" hai1="129,77,87,23,93,12,71,61,94,34,132,109,107" hai2="95,13,21,8,69,120,103,4,134,80,24,19,135" hai3="36,7,79,104,37,6,110,105,25,122,14,18,28"/><W47/><BYE who="0" /><G122/><T32/><D32/><U86/><E34/><V101/><F69/><W133/><G79/><UN n0="%43%68%65" /><T35/><D75/><U89/><E107/><V56/><F120/><W1/><G133/><N who="2" m="50697" /><F80/><W119/><G119/><T90/><D90/><U60/><E86/><V91/><F56/><W53/><G37/><T124/><D11/><U127/><E127/><V92/><F92/><W126/><G126/><T48/><D124/><U111/><E129/><V30/><F30/><W62/><G110/><N who="1" m="41994" /><E77/><V67/><F67/><W44/><G36/><T42/><REACH who="0" step="1"/><D48/><REACH who="0" ten="90,422,140,338" step="2"/><U49/><E49/><V131/><F131/><W83/><G105/><T0/><D0/><U39/><E89/><V74/><F74/><W114/><G104/><T54/><D54/><U52/><E39/><V3/><F3/><W98/><G1/><T123/><D123/><U113/><E132/><V29/><F4/><N who="3" m="1579" /><G83/><T99/><D99/><AGARI ba="0,1" hai="8,13,19,21,24,29,91,95,99,101,103" m="50697" machi="99" ten="30,2000,0" yaku="20,1,52,1" doraHai="88" who="2" fromWho="0" sc="90,-20,422,0,140,30,338,0" owari="70,-43.0,422,52.2,170,-23.0,338,13.8" /></mjloggm>