<mjloggm ver="2.3"><GO type="225" lobby="0"/><UN n0="%E3%80%93%E3%81%97%E3%83%BC%E3%82%89%E3%80%93" n1="%77%72%77%72%77%72%77%72" n2="%E6%B4%BE%E9%81%A3%E3%81%AE%E3%82%B8%E3%83%A3%E3%83%83%E3%82%AF" n3="%E7%99%BD%E6%97%A5%E9%9B%AA%E8%8F%9C" dan="16,17,17,17" rate="2115.14,2166.88,2192.86,2198.93" sx="M,M,M,M"/><TAIKYOKU oya="0"/><INIT seed="0,0,0,1,2,90" ten="250,250,250,250" oya="0" hai0="57,13,63,30,33,111,78,46,2,128,108,99,121" hai1="5,71,43,31,113,42,81,51,55,132,3,47,37" hai2="104,96,122,82,4,10,70,52,44,123,95,48,118" hai3="60,103,62,84,20,85,61,126,23,25,41,53,67"/><T91/><D2/><U59/><E132/><V135/><F70/><W12/><G126/><T102/><D121/><U66/><E113/><V22/><F104/><W16/><G41/><T26/><D128/><U14/><E3/><V119/><F82/><W0/><G0/><T35/><D78/><U88/><E31/><V21/><F135/><W24/><G67/><N who="0" m="39407" /><D13/><U80/><E42/><V9/><F21/><W73/><G73/><T1/><D1/><U28/><E28/><V124/><F22/><W105/><G12/><T34/><D46/><U77/><E77/><V40/><F40/><W65/><G65/><T129/><D91/><U100/><E100/><N who="2" m="60447" /><F124/><W131/><G131/><T72/><D72/><U36/><E36/><V109/><F109/><N who="0" m="42058" /><D129/><U69/><E69/><V15/><F9/><W79/><G79/><T110/><N who="0" m="42066" /><T87/><DORA hai="112" /><D87/><U97/><E14/><V92/><F92/><AGARI ba="0,0" hai="26,30,33,34,35,92,99,102" m="42066,39407" machi="92" ten="40,7700,0" yaku="14,1,10,1,52,1" doraHai="90,112" who="0" fromWho="2" sc="250,77,250,0,250,-77,250,0" /><INIT seed="0,1,0,1,4,3" ten="327,250,173,250" oya="0" hai0="10,63,47,119,90,113,75,18,65,19,128,27,85" hai1="100,28,71,34,41,46,126,0,5,50,87,133,70" hai2="89,103,21,78,96,132,45,101,99,124,60,22,76" hai3="4,118,37,11,86,25,68,125,35,127,81,15,52"/><T13/><D75/><U95/><E133/><V6/><F132/><W109/><G118/><T79/><D119/><U69/><E126/><N who="3" m="48138" /><G68/><T67/><D79/><U80/><E34/><V42/><F124/><W108/><G37/><T98/><D98/><U17/><E28/><V102/><F60/><W40/><G40/><T33/><D128/><U107/><E107/><V64/><F64/><W29/><G52/><T20/><D33/><U23/><E95/><V91/><F102/><W120/><G120/><T105/><D105/><U16/><E100/><V1/><F1/><W114/><G114/><T122/><D122/><U31/><E31/><V121/><F121/><W55/><G55/><T57/><D47/><U77/><REACH who="1" step="1"/><E23/><REACH who="1" ten="327,240,173,250" step="2"/><V74/><F74/><W7/><G108/><T53/><D113/><U104/><E104/><V24/><F24/><W134/><G109/><T51/><D63/><U43/><E43/><V32/><F42/><W117/><G134/><T131/><D131/><U73/><E73/><V123/><F123/><W92/><G92/><AGARI ba="1,1" hai="10,13,18,19,20,27,51,53,57,65,67,85,90,92" machi="92" ten="30,2900,0" yaku="7,1,8,1" doraHai="3" who="0" fromWho="3" sc="327,42,240,0,173,0,250,-32" /><INIT seed="0,2,0,2,0,15" ten="369,240,173,218" oya="0" hai0="27,121,93,124,66,9,2,30,91,113,102,37,134" hai1="51,18,10,35,97,32,128,28,44,67,112,34,133" hai2="50,25,57,48,135,42,13,43,98,14,76,38,17" hai3="11,73,39,31,114,100,53,69,52,3,61,89,59"/><T24/><D37/><U60/><E128/><V92/><F76/><W55/><G73/><T118/><D118/><U127/><E133/><V40/><F38/><W21/><G69/><T119/><D134/><U103/><E127/><V56/><F135/><W85/><G100/><T36/><D36/><U115/><E28/><V8/><F25/><W41/><G114/><N who="1" m="43562" /><E10/><V131/><F131/><W72/><G72/><T108/><D9/><U126/><E126/><V4/><F56/><W47/><G31/><T90/><D30/><U45/><E18/><N who="2" m="8487" /><F57/><W75/><G21/><T7/><D2/><U12/><E12/><V106/><F106/><W105/><G105/><T122/><D27/><U129/><E51/><V77/><F77/><W111/><G75/><T110/><D24/><U101/><E129/><V83/><F83/><W79/><G79/><T120/><D124/><U26/><E26/><V20/><F4/><W16/><G111/><T125/><D113/><U71/><E103/><AGARI ba="2,0" hai="14,17,20,40,42,43,48,50,92,98,103" m="8487" machi="103" ten="30,3900,0" yaku="8,1,52,2" doraHai="15" who="2" fromWho="1" sc="369,0,240,-45,173,45,218,0" /><INIT seed="1,0,0,5,5,85" ten="369,195,218,218" oya="1" hai0="42,129,16,75,87,97,47,86,15,89,132,100,55" hai1="13,40,65,10,107,78,6,83,7,12,74,17,63" hai2="118,72,33,51,112,133,77,26,98,5,82,23,19" hai3="130,81,122,35,59,45,64,27,96,25,21,131,34"/><U20/><E107/><V88/><F118/><W48/><G122/><T24/><D75/><U44/><E6/><V2/><F133/><W22/><G81/><T71/><D71/><U95/><E95/><V101/><F33/><W31/><G96/><T56/><D132/><U4/><E4/><V127/><F127/><W38/><G38/><T66/><D66/><U46/><REACH who="1" step="1"/><E40/><REACH who="1" ten="369,185,218,218" step="2"/><V125/><F125/><W14/><G130/><T0/><D42/><U94/><E94/><V76/><F112/><W62/><G131/><T106/><D106/><U111/><E111/><V92/><F5/><W43/><REACH who="3" step="1"/><G14/><REACH who="3" ten="369,185,218,208" step="2"/><T117/><D15/><U84/><E84/><N who="2" m="50199" /><F72/><W28/><AGARI ba="0,2" hai="21,22,25,27,28,31,34,35,43,45,48,59,62,64" machi="28" ten="20,5200,0" yaku="1,1,0,1,7,1,9,1,53,0" doraHai="85" doraHaiUra="68" who="3" fromWho="3" sc="369,-13,185,-26,218,-13,208,72" /><INIT seed="2,0,0,2,2,102" ten="356,159,205,280" oya="2" hai0="71,20,31,82,75,43,0,7,63,9,4,2,122" hai1="83,105,107,60,135,11,46,13,57,39,34,69,15" hai2="74,14,126,22,123,128,124,131,6,3,84,88,85" hai3="12,108,91,130,21,67,58,61,62,103,97,52,29"/><V89/><F74/><W77/><G108/><T110/><D110/><U99/><E34/><V96/><F3/><W132/><G132/><T5/><D122/><U28/><E69/><V53/><F53/><W79/><G130/><N who="2" m="49705" /><F123/><W56/><G91/><N who="2" m="34889" /><F96/><W98/><G98/><T76/><D43/><U40/><E135/><V27/><F14/><W65/><G52/><T118/><D2/><U24/><E83/><V80/><F6/><W47/><G47/><T92/><D7/><U64/><E99/><V54/><F54/><W36/><G36/><T121/><D5/><U100/><E100/><V90/><F85/><W86/><G86/><T18/><D4/><U72/><E72/><V73/><F73/><W35/><G35/><T116/><D75/><U120/><E120/><V30/><AGARI ba="0,0" hai="22,27,30,80,84,90,124,126" m="34889,49705" machi="30" ten="30,3000,0" yaku="19,1,54,1" doraHai="102" who="2" fromWho="2" sc="356,-10,159,-10,205,30,280,-10" /><INIT seed="2,1,0,0,0,94" ten="346,149,235,270" oya="2" hai0="95,75,78,81,87,130,43,89,20,33,127,126,134" hai1="11,58,83,41,88,111,56,71,49,80,125,44,114" hai2="51,55,105,123,72,85,4,16,133,109,119,39,73" hai3="112,26,66,8,132,107,34,70,36,120,7,24,59"/><V50/><F119/><W29/><G120/><T25/><D134/><U121/><E114/><V106/><F39/><W32/><G59/><T102/><D130/><U108/><E71/><V103/><F123/><W62/><G36/><T0/><D0/><U69/><E121/><V35/><F35/><W128/><G128/><T38/><D33/><U17/><E69/><V124/><F4/><W18/><G132/><T65/><D65/><U92/><E125/><V104/><F124/><W5/><G112/><T116/><D116/><U37/><E37/><V12/><F133/><W46/><G46/><T61/><D61/><U100/><E100/><V110/><F85/><W42/><G42/><T31/><D43/><U54/><E111/><N who="2" m="42507" /><F103/><W21/><G34/><T52/><D38/><U113/><E113/><V118/><F118/><W97/><G8/><T22/><D102/><AGARI ba="1,0" hai="5,7,18,21,24,26,29,32,62,66,70,97,102,107" machi="102" ten="40,5200,0" yaku="25,2,52,1" doraHai="94" who="3" fromWho="0" sc="346,-55,149,0,235,0,270,55" /><INIT seed="3,0,0,1,3,50" ten="291,149,235,325" oya="3" hai0="101,88,58,63,90,37,73,26,21,7,117,10,36" hai1="112,83,100,71,107,68,42,106,134,11,111,97,120" hai2="1,79,18,17,113,20,95,116,103,67,56,78,74" hai3="92,65,9,6,29,110,54,84,115,5,135,59,82"/><W28/><G115/><T124/><D73/><U121/><E112/><V77/><F74/><W96/><G65/><T46/><D117/><U53/><E111/><V109/><F1/><W43/><G43/><T30/><D124/><U31/><E134/><V23/><F116/><W123/><G123/><T133/><D133/><U2/><E42/><V62/><F109/><W85/><G85/><T128/><D128/><U86/><E31/><N who="3" m="11850" /><G9/><T94/><D46/><U122/><E106/><V114/><F114/><W13/><G13/><N who="0" m="5343" /><D37/><U15/><E2/><V14/><F113/><W41/><G41/><T34/><D34/><U125/><E125/><V40/><F40/><W19/><G19/><T16/><D36/><U131/><E131/><V51/><F51/><N who="3" m="31199" /><G110/><T132/><D132/><U39/><E39/><V64/><F64/><W105/><G105/><T24/><D30/><U38/><E38/><V35/><F35/><W81/><G135/><T8/><D8/><U76/><E68/><V55/><F67/><W66/><G66/><N who="0" m="39287" /><D26/><U32/><E71/><V91/><F17/><W47/><G47/><T129/><D129/><U102/><E32/><V93/><F18/><W89/><G81/><T127/><D127/><U104/><E104/><V72/><F72/><W25/><G25/><T108/><D108/><U61/><E100/><AGARI ba="0,0" hai="5,6,82,84,89,92,96,100" m="31199,11850" machi="100" ten="30,2900,0" yaku="8,1,52,1" doraHai="50" who="3" fromWho="1" sc="291,0,149,-29,235,0,325,29" owari="291,9.1,120,-38.0,235,-16.5,354,45.4" /></mjloggm>