<mjloggm ver="2.3"><GO type="225" lobby="0"/><UN n0="%E6%B5%81%E3%82%8C%EF%BC%9F%53%4F%41" n1="%E3%81%A1%E3%82%85%E3%81%86%E3%81%A9%E3%81%8F%E8%B1%A1%E3%81%95%E3%82%93" n2="%E3%83%B4%E3%83%A0%EF%BC%99%E3%81%A6" n3="%E9%80%9F%E6%B0%B4%E5%87%9B%E9%A6%99" dan="16,17,17,16" rate="2074.36,2153.25,2254.55,2110.81" sx="M,M,M,F"/><TAIKYOKU oya="0"/><INIT seed="0,0,0,3,5,127" ten="250,250,250,250" oya="0" hai0="21,99,130,117,105,106,17,101,6,3,68,60,61" hai1="1,63,14,42,92,2,116,40,134,70,5,58,7" hai2="13,35,29,31,0,48,89,76,80,72,132,102,81" hai3="9,8,4,118,39,16,30,111,97,109,112,79,41"/><T24/><D117/><U34/><E116/><V12/><F0/><W18/><G41/><T107/><D130/><U37/><E134/><V100/><F76/><W26/><G39/><T123/><D123/><U121/><E121/><V108/><F108/><N who="3" m="41547" /><G97/><T49/><D3/><U104/><E104/><V44/><F35/><N who="3" m="20951" /><G79/><T90/><D6/><U94/><E34/><V67/><F67/><W23/><G118/><T78/><D78/><U73/><E73/><V129/><F72/><W66/><G66/><T91/><D68/><U10/><E70/><V27/><F48/><W71/><G71/><T47/><D61/><U74/><E74/><V64/><F64/><W59/><G59/><T87/><D60/><U77/><E77/><V133/><F44/><W55/><G55/><T86/><D87/><U113/><E113/><V33/><F33/><W135/><G112/><T95/><REACH who="0" step="1"/><D90/><REACH who="0" ten="240,250,250,250" step="2"/><U45/><E5/><V98/><F89/><W54/><G4/><T103/><D103/><U119/><E119/><V62/><F62/><W96/><G135/><T114/><D114/><U52/><E1/><V82/><F100/><W46/><G96/><T56/><D56/><U110/><E2/><V11/><F133/><W15/><G18/><T20/><D20/><U120/><E110/><V83/><F98/><W124/><G124/><T122/><D122/><U38/><E120/><V25/><F102/><W85/><G85/><T57/><D57/><U43/><E45/><V22/><F132/><W128/><G128/><T69/><D69/><U19/><E7/><V131/><F131/><W32/><G32/><RYUUKYOKU ba="0,1" sc="240,10,250,10,250,-30,250,10" hai0="17,21,24,47,49,86,91,95,99,101,105,106,107" hai1="10,14,19,37,38,40,42,43,52,58,63,92,94" hai3="8,9,15,16,23,46,54" /><INIT seed="0,1,1,4,1,19" ten="250,260,220,260" oya="0" hai0="72,121,102,16,110,10,92,38,59,94,57,95,13" hai1="69,133,0,125,119,79,104,53,77,43,91,36,15" hai2="37,8,73,64,4,87,50,55,48,99,45,22,134" hai3="105,68,122,35,17,75,88,5,131,30,89,128,2"/><T14/><D121/><U130/><E119/><V103/><F73/><W7/><G68/><T98/><D38/><U107/><E0/><V66/><F134/><W24/><G105/><T1/><D1/><U32/><E32/><V108/><F37/><W25/><G75/><T101/><D72/><U65/><E53/><V97/><F108/><W111/><G111/><T81/><D81/><U82/><E15/><V96/><F103/><N who="0" m="39434" /><D110/><U120/><E36/><V135/><F135/><W93/><G122/><T18/><D98/><U86/><E43/><N who="2" m="24639" /><F8/><AGARI ba="1,1" hai="8,10,13,14,16,18,57,59,92,94,95" m="39434" machi="8" ten="30,2900,0" yaku="8,1,54,1" doraHai="19" who="0" fromWho="2" sc="250,42,260,0,220,-32,260,0" /><INIT seed="0,2,0,2,1,14" ten="292,260,188,260" oya="0" hai0="41,45,111,122,105,123,89,58,13,88,75,35,29" hai1="7,133,54,20,108,119,48,69,90,74,76,19,44" hai2="73,32,92,11,31,4,42,3,47,65,15,131,91" hai3="134,87,55,6,53,72,110,28,61,135,82,9,107"/><T77/><D105/><U96/><E119/><V95/><F131/><W102/><G72/><T127/><D127/><U118/><E118/><V1/><F65/><W27/><G102/><T49/><D35/><U99/><E69/><V116/><F116/><W125/><G107/><T106/><D106/><U84/><E108/><V30/><F73/><W39/><G39/><T33/><D33/><U126/><E126/><V64/><F64/><W25/><G25/><T2/><D2/><U5/><E133/><N who="3" m="50698" /><G110/><T52/><D29/><U94/><E74/><V16/><F1/><N who="3" m="207" /><G61/><T83/><D111/><U10/><E76/><V115/><F115/><W80/><G80/><T50/><REACH who="0" step="1"/><D13/><REACH who="0" ten="282,260,188,260" step="2"/><N who="1" m="5327" /><E7/><V8/><F32/><N who="3" m="20511" /><G125/><T0/><D0/><U104/><E104/><V117/><F117/><W34/><G34/><T68/><D68/><U66/><E66/><V93/><REACH who="2" step="1"/><F91/><AGARI ba="2,1" hai="53,55,82,87,91" m="20511,207,50698" machi="91" ten="30,1000,0" yaku="20,1" doraHai="14" who="3" fromWho="2" sc="282,0,260,0,188,-16,260,26" /><AGARI ba="2,0" hai="41,45,49,50,52,58,75,77,83,88,89,91,122,123" machi="91" ten="40,12000,1" yaku="1,1,54,2,53,1" doraHai="14" doraHaiUra="36" who="0" fromWho="2" sc="282,120,260,0,172,-120,286,0" /><INIT seed="0,3,0,2,2,119" ten="402,260,52,286" oya="0" hai0="42,86,57,0,2,63,21,5,125,67,73,55,62" hai1="75,50,59,65,135,16,94,6,70,132,130,76,25" hai2="104,34,95,98,35,14,48,29,52,117,87,97,27" hai3="131,28,58,10,40,71,83,74,60,13,116,114,47"/><T123/><D73/><U133/><E70/><V9/><F117/><W33/><G116/><T127/><D42/><U39/><E39/><V79/><F34/><W80/><G71/><T118/><D118/><U82/><E130/><V46/><F104/><W56/><G56/><T45/><D5/><U1/><E94/><V96/><F87/><W120/><G114/><T112/><D112/><U36/><E36/><V100/><REACH who="2" step="1"/><F79/><REACH who="2" ten="402,260,42,286" step="2"/><W90/><G33/><T64/><D125/><U78/><E78/><V110/><F110/><W128/><G128/><T12/><D127/><U17/><E132/><V51/><F51/><W37/><G131/><T69/><D86/><U49/><E133/><V111/><F111/><W53/><G74/><T108/><D108/><U91/><E135/><V41/><F41/><W134/><G40/><T99/><D99/><U24/><E49/><V81/><F81/><W20/><G83/><T72/><D72/><U106/><E50/><V11/><F11/><W3/><G10/><T84/><D84/><U122/><E106/><V31/><F31/><W115/><G28/><T8/><D8/><U124/><E124/><V121/><F121/><W89/><G134/><T19/><D123/><U85/><E122/><V18/><AGARI ba="3,1" hai="9,14,18,27,29,35,46,48,52,95,96,97,98,100" machi="18" ten="20,8000,1" yaku="1,1,0,1,7,1,54,1,53,1" doraHai="119" doraHaiUra="43" who="2" fromWho="2" sc="402,-43,260,-23,42,99,286,-23" /><INIT seed="1,0,0,0,2,123" ten="359,237,141,263" oya="1" hai0="69,78,80,29,128,4,103,58,79,121,34,126,18" hai1="83,74,52,12,95,43,130,119,39,73,20,14,92" hai2="51,84,28,96,2,134,99,64,22,17,114,16,106" hai3="47,135,68,10,63,72,98,31,94,88,91,133,25"/><U9/><E119/><V33/><F134/><N who="3" m="51211" /><G72/><T40/><D69/><U111/><E130/><V44/><F114/><W124/><G124/><T120/><D126/><U71/><E71/><V11/><F64/><N who="3" m="40991" /><G10/><T100/><D4/><U81/><E20/><V57/><F57/><W76/><G47/><T107/><D34/><U23/><E23/><V122/><F122/><W35/><G76/><T42/><D58/><U59/><E43/><V115/><F115/><W102/><AGARI ba="0,0" hai="25,31,35,88,91,94,98,102" m="40991,51211" machi="102" ten="30,2000,0" yaku="20,1,54,1" doraHai="123" who="3" fromWho="3" sc="359,-5,237,-10,141,-5,263,20" /><INIT seed="2,0,0,3,5,122" ten="354,227,136,283" oya="2" hai0="20,90,65,33,52,70,15,46,68,132,130,117,123" hai1="17,36,48,83,72,111,129,110,9,38,63,44,86" hai2="18,12,135,50,100,79,102,107,45,118,67,116,64" hai3="43,26,25,133,131,73,7,76,60,75,49,119,6"/><V99/><F135/><W92/><G60/><T114/><D123/><U55/><E72/><V24/><F79/><W98/><G119/><T39/><D114/><U2/><E129/><V126/><F126/><W104/><G104/><T121/><D33/><U57/><E2/><V89/><F100/><W59/><G133/><T97/><D39/><U0/><E0/><V84/><F24/><W82/><G75/><T101/><D65/><U93/><E93/><V53/><F116/><W28/><G131/><T106/><D130/><U96/><E96/><V88/><F118/><W61/><G49/><T1/><D1/><U32/><E32/><V40/><F40/><W22/><G43/><T103/><D103/><U56/><E17/><V21/><REACH who="2" step="1"/><F89/><REACH who="2" ten="354,227,126,283" step="2"/><W109/><G26/><T108/><D90/><N who="1" m="51551" /><E9/><V3/><F3/><W81/><G76/><T124/><D124/><U8/><E8/><V42/><F42/><W125/><G125/><T113/><D117/><U47/><E36/><V14/><F14/><W34/><G25/><T51/><D15/><U85/><E38/><V10/><F10/><W66/><G73/><T37/><D37/><U95/><E44/><V29/><F29/><W94/><G28/><T80/><D113/><U27/><E27/><V74/><F74/><W54/><G34/><T91/><D132/><U13/><E13/><V58/><F58/><W127/><G59/><T30/><D121/><U134/><E134/><V19/><F19/><W112/><G127/><T31/><D31/><U71/><E56/><V120/><F120/><W35/><G112/><T87/><D30/><RYUUKYOKU ba="0,1" sc="354,-10,227,-10,126,30,283,-10" hai2="12,18,21,45,50,53,64,67,84,88,99,102,107" /><INIT seed="2,1,1,0,4,74" ten="344,217,156,273" oya="2" hai0="79,1,78,130,85,33,26,24,55,40,59,18,118" hai1="44,131,98,47,75,72,27,42,93,15,101,95,7" hai2="10,122,91,56,65,30,94,5,25,81,29,43,73" hai3="104,38,129,37,70,135,120,61,21,108,31,62,64"/><V22/><F122/><W119/><G104/><T34/><D1/><U63/><E131/><V66/><F43/><W100/><G120/><T116/><D40/><U96/><E27/><N who="0" m="10281" /><D18/><U58/><E7/><V103/><F103/><W20/><G119/><N who="0" m="45611" /><D85/><U35/><E35/><N who="0" m="13321" /><D130/><U87/><E15/><V12/><F29/><W54/><G129/><T14/><D14/><U51/><E87/><V3/><F3/><W49/><G31/><T83/><D83/><U76/><E44/><V48/><F81/><W17/><G17/><T60/><AGARI ba="1,1" hai="55,59,60,78,79" m="13321,45611,10281" machi="60" ten="40,5200,0" yaku="12,1,52,2" doraHai="74" who="0" fromWho="0" sc="344,65,217,-14,156,-27,273,-14" /><INIT seed="3,0,0,1,2,5" ten="409,203,129,259" oya="3" hai0="8,80,108,42,26,6,129,115,104,130,64,125,58" hai1="61,122,79,25,1,33,9,74,86,40,16,29,76" hai2="84,2,28,15,92,132,17,54,56,51,4,48,47" hai3="105,32,128,3,87,60,7,72,11,30,20,85,27"/><W36/><G72/><T83/><D108/><U103/><E122/><V67/><F132/><W94/><G105/><T59/><D104/><U119/><E119/><V90/><F28/><W52/><G36/><T81/><D125/><U10/><E103/><V135/><F135/><W43/><G43/><T14/><D115/><U112/><E112/><V99/><F2/><W50/><G128/><N who="0" m="49259" /><D64/><U68/><E40/><V96/><F4/><W101/><G60/><T106/><D106/><U134/><E134/><V13/><F13/><W53/><G53/><T37/><D26/><U111/><E111/><V91/><F91/><W31/><G31/><T98/><D98/><U120/><E74/><V116/><F116/><W19/><G94/><T126/><D126/><U55/><E120/><V133/><F133/><W131/><G101/><T45/><AGARI ba="0,0" hai="6,8,14,37,42,45,58,59,80,81,83" m="49259" machi="45" ten="40,2700,0" yaku="19,1,52,1" doraHai="5" who="0" fromWho="0" sc="409,27,203,-7,129,-7,259,-13" owari="436,53.6,196,-20.4,122,-37.8,246,4.6" /></mjloggm>