<mjloggm ver="2.3"><GO type="225" lobby="0"/><UN n0="%E3%81%A0%E3%81%8A" n1="%72%69%6F%75%63%68%61%6E" n2="%E3%81%A6%E3%81%A4%EF%BC%A3" n3="%E3%83%AD%E3%83%83%E3%83%86%E9%9B%80%E7%90%83" dan="16,17,16,17" rate="2024.19,2221.92,2067.60,2264.12" sx="M,M,M,M"/><TAIKYOKU oya="0"/><INIT seed="0,0,0,3,1,83" ten="250,250,250,250" oya="0" hai0="18,43,133,87,99,80,115,67,86,131,82,21,31" hai1="89,44,47,105,11,74,20,49,40,77,78,65,10" hai2="15,2,39,28,73,45,13,129,69,126,46,72,103" hai3="48,16,93,100,132,25,24,116,38,91,36,92,63"/><T66/><D115/><U106/><E65/><N who="0" m="24585" /><D131/><U84/><E74/><V95/><F28/><W58/><G116/><T34/><D34/><U9/><E20/><V108/><F95/><W1/><G1/><T33/><D33/><U8/><N who="1" m="2048" /><DORA hai="98" /><U5/><E5/><V76/><F76/><W122/><G132/><T53/><D133/><U104/><REACH who="1" step="1"/><E47/><REACH who="1" ten="250,240,250,250" step="2"/><V75/><F72/><W62/><G122/><T37/><D31/><U118/><E118/><V26/><F45/><W35/><G35/><T117/><D117/><U29/><E29/><V109/><F46/><W32/><G32/><T114/><D114/><U4/><E4/><V81/><F73/><W56/><G16/><T60/><D21/><U54/><E54/><V3/><F75/><W14/><G24/><T94/><D18/><U59/><E59/><V64/><F64/><W52/><G58/><N who="0" m="34895" /><D37/><U61/><E61/><V19/><F39/><W121/><G63/><T70/><D70/><U22/><E22/><V6/><F69/><W68/><G62/><T85/><D43/><U101/><E101/><AGARI ba="0,1" hai="80,82,85,86,87,94,99,101" m="34895,24585" machi="101" ten="30,12000,1" yaku="8,1,52,4" doraHai="83,98" who="0" fromWho="1" sc="250,130,240,-120,250,0,250,0" /><INIT seed="0,1,0,1,5,121" ten="380,120,250,250" oya="0" hai0="68,41,103,43,25,50,76,80,116,38,26,85,122" hai1="71,72,49,84,67,111,65,51,87,29,61,46,89" hai2="11,33,5,81,3,113,12,118,60,107,124,42,17" hai3="56,92,70,57,24,47,132,74,62,94,91,133,63"/><T90/><D116/><U125/><E125/><V127/><F107/><W126/><G126/><N who="2" m="48169" /><F42/><W55/><G70/><T101/><D38/><U44/><E72/><V54/><F81/><W15/><G74/><T88/><D68/><U78/><E78/><V53/><F118/><W135/><G15/><T86/><D90/><U21/><E29/><V10/><F113/><W28/><G47/><N who="1" m="17962" /><E21/><V23/><F60/><W104/><G104/><T69/><D69/><N who="1" m="42159" /><E89/><V58/><F33/><W109/><G91/><T45/><D101/><U123/><E84/><V98/><F98/><W7/><G7/><T115/><D103/><U0/><E87/><V66/><F66/><N who="3" m="39239" /><G109/><T83/><D86/><U27/><E0/><V39/><F39/><W52/><G55/><N who="2" m="21001" /><F58/><W100/><G100/><T73/><D85/><U13/><E123/><V6/><F6/><W14/><G14/><T106/><D122/><U1/><E13/><V105/><F105/><W117/><G117/><T108/><D73/><U130/><E1/><V129/><F10/><W4/><G4/><T35/><D80/><U79/><E79/><V48/><F48/><N who="1" m="18505" /><E111/><V93/><F93/><W16/><G16/><T36/><D108/><U131/><E27/><V59/><F59/><W82/><G82/><T22/><D83/><U114/><E114/><V120/><F120/><W102/><G102/><T20/><D76/><U31/><E31/><V8/><F8/><W30/><G30/><T95/><D115/><U119/><E119/><V97/><F97/><W19/><G19/><T77/><D77/><U18/><E18/><V99/><F99/><RYUUKYOKU ba="1,0" sc="380,-30,120,10,250,10,250,10" hai1="67,71,130,131" hai2="3,5,11,12,17,23,129" hai3="24,28,52,57,63,92,94,132,133,135" /><INIT seed="1,2,0,3,2,110" ten="350,130,260,260" oya="1" hai0="50,13,126,86,109,48,89,108,111,78,36,49,23" hai1="42,51,83,62,28,29,73,112,75,54,56,96,7" hai2="53,72,63,46,21,16,47,9,71,74,120,60,97" hai3="125,84,107,116,15,59,10,39,69,33,76,94,22"/><U4/><E112/><V95/><F120/><W99/><G69/><T134/><D36/><U102/><E75/><V117/><F117/><W31/><G33/><T37/><D37/><U103/><E73/><V131/><F131/><W114/><G107/><T104/><D104/><U115/><E115/><V81/><F72/><W88/><G39/><T82/><D126/><U132/><E132/><V41/><F9/><W27/><G114/><T80/><D134/><U25/><E83/><V121/><F121/><W32/><G125/><T87/><D23/><N who="1" m="15423" /><E29/><V14/><F41/><W17/><G116/><T1/><REACH who="0" step="1"/><D13/><REACH who="0" ten="340,130,260,260" step="2"/><U133/><E133/><V77/><F71/><W70/><G70/><T124/><D124/><U127/><E127/><V61/><REACH who="2" step="1"/><F53/><REACH who="2" ten="340,130,250,260" step="2"/><W118/><G118/><T100/><D100/><AGARI ba="2,2" hai="14,16,21,46,47,60,61,63,74,77,81,95,97,100" machi="100" ten="40,8000,1" yaku="1,1,2,1,54,1,53,1" doraHai="110" doraHaiUra="91" who="2" fromWho="0" sc="340,-86,130,0,250,106,260,0" /><INIT seed="2,0,0,3,1,52" ten="254,130,356,260" oya="2" hai0="40,110,10,76,37,23,67,1,128,8,0,62,17" hai1="120,108,78,20,133,135,25,33,129,14,55,121,48" hai2="36,2,64,106,51,105,103,30,84,50,61,47,73" hai3="5,93,126,49,114,102,11,75,99,131,71,66,9"/><V32/><F73/><W63/><G126/><T96/><D110/><U130/><E78/><V97/><F2/><W89/><G131/><N who="1" m="50186" /><E48/><V38/><F106/><W57/><G114/><T91/><D128/><U26/><E55/><V94/><F51/><W107/><G75/><T68/><D76/><U24/><E108/><V46/><F46/><W41/><G5/><T116/><D116/><U58/><E58/><V122/><F122/><N who="1" m="47209" /><E33/><V35/><F35/><W65/><G65/><T83/><D40/><U119/><E119/><V56/><F84/><W27/><G41/><T111/><D37/><U112/><E112/><V115/><F115/><W53/><G107/><T44/><D111/><U79/><E79/><V101/><F101/><W54/><G102/><T16/><D44/><U92/><E92/><V77/><F77/><W81/><G54/><T18/><D96/><U3/><E3/><V80/><F80/><W42/><G81/><T13/><D83/><U100/><E100/><V43/><F105/><W82/><G82/><T127/><D91/><U39/><E39/><V88/><F103/><W22/><G42/><T124/><D124/><U59/><E59/><V70/><F70/><W12/><G71/><T31/><D127/><U45/><E45/><V6/><F36/><W15/><G49/><T4/><D0/><U7/><E20/><V34/><F38/><W118/><G118/><T60/><D60/><U74/><E74/><V29/><F34/><W85/><G99/><T87/><D87/><U125/><E125/><V72/><F32/><W69/><G85/><T123/><D123/><RYUUKYOKU ba="0,0" sc="254,15,130,15,356,-15,260,-15" hai0="1,4,8,10,13,16,17,18,23,31,62,67,68" hai1="7,14,24,25,26,133,135" /><INIT seed="3,1,0,3,4,109" ten="269,145,341,245" oya="3" hai0="130,5,21,86,87,132,134,79,55,45,89,118,129" hai1="119,14,33,70,58,19,63,10,56,91,64,65,66" hai2="31,59,116,108,29,43,25,60,46,111,53,36,61" hai3="32,75,23,101,42,18,99,16,69,121,93,84,20"/><W34/><G75/><T95/><D118/><U105/><E105/><V120/><F116/><W103/><G69/><T115/><D115/><U17/><E33/><V11/><F120/><W71/><G71/><T22/><D5/><U1/><E119/><V80/><F11/><W51/><G121/><T76/><D45/><U8/><E70/><V15/><F15/><N who="3" m="9247" /><G34/><T67/><D67/><U81/><E56/><V72/><F61/><W6/><G6/><T50/><D50/><U114/><E1/><V12/><F12/><N who="3" m="9671" /><G84/><T4/><D4/><U112/><E8/><V3/><F3/><W85/><G85/><T77/><D55/><U128/><E128/><N who="0" m="49257" /><D86/><U49/><E17/><V131/><F131/><W102/><G32/><T26/><D21/><U74/><E49/><V73/><F31/><AGARI ba="1,0" hai="22,26,31,76,77,79,87,89,95,132,134" m="49257" machi="31" ten="30,1000,0" yaku="19,1" doraHai="109" who="0" fromWho="2" sc="269,13,145,0,341,-13,245,0" owari="282,8.2,145,-35.5,328,42.8,245,-15.5" /></mjloggm>