<mjloggm ver="2.3"><GO type="225" lobby="0"/><UN n0="%E3%81%8F%E3%82%8A%E3%83%94%E3%83%BC" n1="%E8%81%B7%E6%A5%AD%E3%80%81%E9%A2%A8%32" n2="%E3%83%B4%E3%82%A3%E3%83%AF%E3%82%B3%E3%82%B0%E3%83%8B" n3="%E3%83%AB%E3%83%9B%E3%83%B3%E3%83%87%E3%82%A3%E3%82%A8" dan="16,16,16,17" rate="2120.79,2109.77,2160.64,2172.69" sx="M,M,M,M"/><TAIKYOKU oya="0"/><INIT seed="0,0,0,2,1,89" ten="250,250,250,250" oya="0" hai0="80,37,57,53,113,56,110,30,13,19,121,1,22" hai1="11,14,112,17,64,124,59,12,76,2,66,16,23" hai2="116,8,131,90,44,75,3,108,28,18,106,52,60" hai3="33,67,99,127,4,51,132,78,72,107,86,109,100"/><T62/><D113/><U84/><E124/><V39/><F106/><W5/><G109/><T130/><D121/><U31/><E2/><V117/><F108/><W34/><G132/><T35/><D110/><U6/><E112/><V87/><F75/><W101/><G127/><T0/><D130/><U10/><E59/><V48/><F131/><W93/><G51/><T29/><D37/><U32/><E32/><V9/><F28/><W71/><G101/><T129/><D129/><U20/><E31/><V118/><F3/><W82/><G67/><N who="1" m="25642" /><E6/><N who="3" m="2666" /><G71/><T69/><D69/><U126/><E126/><V111/><F111/><W25/><G25/><T77/><D30/><U123/><E123/><V122/><F122/><W24/><G24/><T42/><D42/><U40/><E40/><N who="2" m="22559" /><F18/><W81/><G81/><AGARI ba="0,0" hai="10,11,12,14,16,17,20,23,76,81,84" m="25642" machi="81" ten="30,2000,0" yaku="8,1,54,1" doraHai="89" who="1" fromWho="3" sc="250,0,250,20,250,0,250,-20" /><INIT seed="1,0,0,2,0,45" ten="250,270,250,230" oya="1" hai0="92,39,24,93,96,31,82,84,109,56,73,111,77" hai1="75,33,69,4,0,127,22,18,95,117,2,6,14" hai2="120,29,17,98,102,90,34,47,8,49,125,99,40" hai3="76,85,68,11,80,132,55,108,59,64,114,60,124"/><U101/><E69/><V38/><F125/><W62/><G108/><N who="0" m="41547" /><D39/><U130/><E75/><V88/><F120/><W83/><G132/><T131/><D56/><U10/><E117/><V32/><F38/><W135/><G135/><T41/><D41/><U21/><E127/><V91/><F29/><W134/><G134/><T58/><D24/><U5/><E101/><V37/><F37/><W81/><G124/><T50/><D31/><U100/><E100/><V104/><REACH who="2" step="1"/><F98/><REACH who="2" ten="250,270,240,230" step="2"/><W72/><G114/><T7/><D96/><U16/><E33/><V121/><F121/><W61/><G72/><T9/><D73/><U129/><E95/><V107/><F107/><W112/><G112/><T123/><D123/><U87/><E87/><V48/><F48/><W78/><G11/><T105/><D105/><U1/><E10/><V126/><F126/><W13/><G13/><AGARI ba="0,1" hai="0,1,2,4,5,6,13,14,16,18,21,22,129,130" machi="13" ten="50,12000,1" yaku="9,1,34,3,54,1" doraHai="45" who="1" fromWho="3" sc="250,0,270,130,240,0,230,-120" /><AGARI ba="0,0" hai="8,13,17,32,34,40,47,49,88,90,91,99,102,104" machi="13" ten="40,8000,1" yaku="1,1,52,1,54,1,53,2" doraHai="45" doraHaiUra="28" who="2" fromWho="3" sc="250,0,400,0,240,80,110,-80" /><INIT seed="1,1,0,4,2,56" ten="250,400,320,30" oya="1" hai0="8,135,27,57,66,9,49,71,45,5,2,79,42" hai1="17,4,33,34,123,20,100,85,63,129,26,67,69" hai2="120,40,16,87,44,94,132,92,21,53,68,109,102" hai3="51,114,125,10,130,29,74,128,80,121,126,13,101"/><U107/><E123/><V82/><F120/><W18/><G101/><T75/><D135/><U7/><E129/><N who="3" m="49770" /><G74/><T84/><D75/><U3/><E85/><V11/><F132/><W65/><G80/><T91/><D79/><U115/><E115/><V32/><F32/><W78/><G78/><T93/><D71/><U95/><E95/><V99/><F109/><W31/><G51/><T127/><D127/><N who="3" m="48649" /><G65/><T89/><D27/><U117/><E67/><V81/><F11/><N who="0" m="4170" /><D2/><U59/><E26/><N who="2" m="14631" /><F40/><W131/><N who="3" m="49778" /><W35/><DORA hai="14" /><G121/><T39/><D5/><U104/><E7/><V122/><F68/><W1/><G114/><T55/><D39/><U105/><E69/><V41/><F41/><W116/><G116/><T36/><D36/><U76/><E117/><V0/><F0/><W60/><G60/><N who="0" m="38159" /><D91/><U54/><E3/><V86/><F122/><W97/><G97/><T43/><AGARI ba="1,0" hai="42,43,45,49,55,84,89,93" m="38159,4170" machi="43" ten="30,2000,0" yaku="8,1,52,1" doraHai="56,14" who="0" fromWho="0" sc="250,23,400,-11,320,-6,30,-6" /><INIT seed="2,0,0,0,4,130" ten="273,389,314,24" oya="2" hai0="113,127,42,107,91,12,71,103,36,62,117,125,7" hai1="88,61,123,6,29,85,98,128,131,39,18,122,87" hai2="76,40,75,63,74,80,129,31,70,3,44,135,13" hai3="23,118,110,10,30,59,38,64,77,133,21,19,105"/><V102/><F129/><N who="1" m="49737" /><E39/><V65/><F3/><W115/><G105/><T14/><D62/><U16/><E6/><V96/><F135/><W109/><G38/><T134/><D91/><U2/><E29/><V97/><F31/><W41/><G41/><T53/><D53/><U1/><E87/><V48/><F13/><N who="3" m="7607" /><G77/><T132/><D113/><U106/><E61/><V52/><F74/><W111/><G59/><T79/><D79/><U114/><E106/><V72/><F72/><W5/><G64/><T66/><D117/><U20/><E98/><V11/><F11/><W54/><G54/><T35/><D35/><U94/><E114/><V112/><F112/><W47/><G47/><N who="0" m="24007" /><D7/><U8/><E8/><V32/><F32/><W34/><G115/><T56/><D56/><U101/><E101/><V51/><REACH who="2" step="1"/><F102/><REACH who="2" ten="273,389,304,24" step="2"/><W68/><G118/><T89/><D134/><U60/><E2/><V26/><F26/><N who="3" m="18775" /><G68/><T104/><D71/><U78/><E1/><V28/><F28/><W90/><G133/><T121/><D132/><U95/><E18/><V69/><F69/><W49/><G5/><T27/><D103/><U92/><E16/><V108/><F108/><W0/><G0/><T17/><D125/><U99/><E20/><N who="3" m="7754" /><G90/><T46/><D89/><U33/><E88/><V58/><AGARI ba="0,1" hai="40,44,48,51,52,58,63,65,70,75,76,80,96,97" machi="58" ten="20,7800,0" yaku="1,1,0,1,7,1,54,1,53,0" doraHai="130" doraHaiUra="124" who="2" fromWho="2" sc="273,-26,389,-26,304,88,24,-26" owari="247,-15.3,363,16.3,392,49.2,-2,-50.2" /></mjloggm>