<mjloggm ver="2.3"><GO type="225" lobby="0"/><UN n0="%E3%81%BF%E3%81%BF%E3%81%9A" n1="%72%69%6F%75%63%68%61%6E" n2="%E3%81%86%E3%81%A9%E3%82%93%E3%81%93" n3="%72%65%6E%6B%75%6E" dan="17,16,16,17" rate="2258.19,2164.99,2176.17,2212.94" sx="M,M,M,M"/><TAIKYOKU oya="0"/><INIT seed="0,0,0,1,1,115" ten="250,250,250,250" oya="0" hai0="7,0,11,97,52,37,117,40,99,27,17,127,8" hai1="134,13,77,106,12,9,41,93,129,124,50,70,10" hai2="85,59,111,108,95,51,24,120,58,104,118,16,89" hai3="132,72,68,2,121,114,78,53,119,19,55,103,35"/><T79/><D117/><U135/><E106/><V86/><F120/><W125/><RYUUKYOKU type="yao9" ba="0,0" sc="250,0,250,0,250,0,250,0" hai3="2,19,35,53,55,68,72,78,103,114,119,121,125,132" /><INIT seed="0,1,0,3,1,80" ten="250,250,250,250" oya="0" hai0="16,126,12,94,45,85,104,6,92,97,4,10,20" hai1="29,113,93,122,1,26,98,9,76,120,103,67,0" hai2="61,24,100,108,55,66,14,68,127,116,107,74,48" hai3="46,18,41,130,129,119,56,111,73,47,27,75,54"/><T64/><D126/><U72/><E113/><V134/><F74/><W109/><G119/><T42/><D64/><U57/><E72/><N who="3" m="27722" /><G18/><T95/><D104/><U89/><E76/><V118/><F127/><W22/><G22/><T49/><D97/><U19/><E89/><V34/><F108/><N who="3" m="41547" /><G27/><T79/><D20/><N who="1" m="15559" /><E19/><V133/><F14/><W21/><G21/><T63/><D63/><N who="1" m="38383" /><E9/><V83/><F83/><AGARI ba="1,0" hai="4,6,10,12,16,42,45,49,79,83,85,92,94,95" machi="83" ten="40,7700,0" yaku="8,1,52,1,54,1" doraHai="80" who="0" fromWho="2" sc="250,80,250,0,250,-80,250,0" /><INIT seed="0,2,0,3,5,58" ten="330,250,170,250" oya="0" hai0="52,12,54,86,39,9,117,24,124,13,51,83,48" hai1="101,35,133,93,102,92,116,131,95,42,61,73,33" hai2="81,122,57,10,115,78,16,50,67,47,49,100,36" hai3="25,79,3,89,2,17,7,38,21,20,135,90,44"/><T65/><D117/><U118/><E73/><V66/><F122/><W14/><G135/><T109/><D39/><U85/><E133/><V110/><F115/><W99/><G79/><T70/><D124/><U26/><E42/><V127/><F127/><W94/><G89/><T40/><D109/><U29/><E131/><V72/><F36/><W5/><G2/><T97/><D97/><U28/><E85/><V114/><F114/><W63/><G3/><T106/><D106/><U123/><E123/><V104/><F110/><W75/><G75/><T82/><D40/><U0/><E0/><V8/><F8/><W4/><G44/><T84/><D24/><U31/><E26/><V111/><F111/><W108/><G38/><T60/><D51/><U68/><E68/><V22/><F10/><W69/><G108/><T134/><D134/><U128/><E61/><V80/><F80/><W98/><G98/><T18/><D13/><U23/><E23/><V132/><F132/><W55/><G69/><T37/><D37/><U130/><E128/><V11/><F11/><W125/><G125/><T129/><D129/><U119/><REACH who="1" step="1"/><E130/><REACH who="1" ten="330,240,170,250" step="2"/><V91/><F72/><W113/><G113/><T121/><D121/><U64/><E64/><V107/><F66/><W15/><G21/><T45/><D54/><U56/><E56/><AGARI ba="2,1" hai="4,5,7,14,15,17,20,25,55,56,63,90,94,99" machi="56" ten="40,8000,1" yaku="25,2,8,1,52,1" doraHai="58" who="3" fromWho="1" sc="330,0,240,-86,170,0,250,96" /><INIT seed="1,0,0,0,2,36" ten="330,154,170,346" oya="1" hai0="109,17,9,27,37,53,58,79,13,47,40,82,62" hai1="99,121,35,102,23,104,130,18,96,90,77,74,114" hai2="41,117,56,128,43,26,60,118,57,30,50,87,38" hai3="88,61,75,95,110,24,108,22,78,15,112,59,20"/><U125/><E114/><V48/><F87/><W103/><G112/><T134/><D109/><N who="3" m="42089" /><G103/><T126/><D134/><U46/><E121/><V68/><F26/><W132/><G132/><T100/><D126/><U33/><E125/><V76/><F76/><W8/><G75/><T85/><D100/><U63/><E130/><V2/><F30/><W106/><G78/><T64/><REACH who="0" step="1"/><D27/><REACH who="0" ten="320,154,170,346" step="2"/><U19/><E102/><V120/><F120/><W28/><G24/><T81/><D81/><U84/><E104/><V21/><F128/><W31/><G31/><T127/><D127/><U0/><E33/><V80/><F80/><W123/><G28/><T122/><D122/><U14/><E35/><V55/><F117/><W89/><G106/><T107/><D107/><U105/><E105/><V98/><F118/><W111/><G111/><T34/><D34/><U97/><E74/><V54/><F2/><W49/><G123/><T16/><D16/><N who="1" m="10647" /><E77/><V29/><F29/><W32/><G32/><T1/><D1/><U73/><E0/><V133/><F133/><W113/><G113/><T91/><D91/><U67/><E73/><V94/><F21/><W119/><G119/><T83/><D83/><N who="1" m="49439" /><E46/><V5/><F5/><N who="3" m="3471" /><G89/><T42/><D42/><U6/><E6/><V101/><F38/><W71/><G95/><T4/><D4/><U72/><E72/><V10/><F10/><W135/><G88/><T66/><AGARI ba="0,1" hai="9,13,17,37,40,47,53,58,62,64,66,79,82,85" machi="66" ten="30,7900,0" yaku="1,1,0,1,52,1,53,1" doraHai="36" doraHaiUra="12" who="0" fromWho="0" sc="320,89,154,-39,170,-20,346,-20" /><INIT seed="2,0,0,4,1,60" ten="409,115,150,326" oya="2" hai0="44,100,17,78,121,133,59,82,23,73,120,27,72" hai1="7,11,8,48,31,13,24,107,28,39,57,132,101" hai2="76,21,97,38,86,77,102,116,0,106,88,32,122" hai3="37,43,69,89,22,71,50,56,67,135,84,42,114"/><V46/><F116/><W99/><G135/><T127/><D133/><U40/><E132/><V35/><F122/><W55/><G114/><T29/><D127/><U129/><E129/><V117/><F117/><W80/><G99/><T123/><D100/><U64/><E39/><V92/><F0/><W34/><G34/><T33/><D59/><U9/><E107/><V49/><F38/><W66/><G69/><T128/><D128/><U85/><E101/><V130/><F130/><W74/><G74/><T81/><D44/><N who="1" m="25607" /><E85/><V103/><F103/><W115/><G115/><T5/><D5/><U93/><E93/><V51/><F51/><W75/><G75/><T16/><D33/><U126/><E126/><V125/><F125/><W131/><G71/><T108/><D108/><U79/><E79/><AGARI ba="0,0" hai="16,17,23,27,29,72,73,78,79,81,82,120,121,123" machi="79" ten="40,2600,0" yaku="9,1,54,1" doraHai="60" who="0" fromWho="1" sc="409,26,115,-26,150,0,326,0" /><INIT seed="3,0,0,3,3,48" ten="435,89,150,326" oya="3" hai0="90,89,2,1,12,77,55,79,94,104,127,80,10" hai1="63,121,6,15,61,27,42,37,125,58,66,33,26" hai2="81,73,20,124,14,109,118,91,110,41,32,101,123" hai3="25,114,82,92,135,53,56,84,50,28,86,47,71"/><W93/><G71/><T22/><D104/><U76/><E121/><V64/><F32/><W106/><G106/><T132/><D132/><U134/><E125/><V87/><F118/><W29/><G135/><T9/><D127/><U130/><E130/><V95/><F124/><W85/><G114/><T102/><D2/><U112/><E112/><V23/><F123/><W34/><G82/><T70/><D1/><U65/><E134/><V18/><F64/><W11/><G29/><T113/><D113/><U16/><E6/><V35/><F35/><W105/><G105/><T99/><D70/><U57/><E33/><V116/><F116/><W60/><REACH who="3" step="1"/><G11/><REACH who="3" ten="435,89,150,316" step="2"/><N who="0" m="4107" /><D55/><AGARI ba="0,1" hai="25,28,34,47,50,53,55,56,60,84,85,86,92,93" machi="55" ten="40,7700,0" yaku="1,1,52,2,53,0" doraHai="48" doraHaiUra="74" who="3" fromWho="0" sc="435,-77,89,0,150,0,316,87" owari="358,15.8,89,-41.1,150,-25.0,403,50.3" /></mjloggm>