<mjloggm ver="2.3"><GO type="225" lobby="0"/><UN n0="%6D%75%75%6D%75%72%61" n1="%E5%B8%86%E7%AB%8B%E5%A4%8F%E8%A1%A3" n2="%E3%81%BF%E3%81%BF%E3%81%9A" n3="%E3%81%86%E3%82%8C%E3%81%9F%E3%82%93%E6%9E%95" dan="17,16,16,16" rate="2216.42,2126.02,2149.20,2089.92" sx="F,M,M,F"/><TAIKYOKU oya="0"/><INIT seed="0,0,0,4,2,36" ten="250,250,250,250" oya="0" hai0="98,27,91,46,120,102,31,11,84,41,95,125,89" hai1="47,51,50,53,82,115,43,62,104,81,76,25,32" hai2="9,8,114,22,113,110,38,26,128,75,86,131,109" hai3="2,71,64,93,127,80,119,124,19,17,92,16,97"/><T78/><D120/><U48/><E104/><V21/><F38/><W69/><G119/><T37/><D125/><N who="3" m="48201" /><G2/><T85/><D11/><N who="2" m="4170" /><F75/><W73/><G64/><T65/><D65/><U57/><E115/><N who="2" m="44043" /><F86/><W42/><G42/><T1/><D1/><U126/><E126/><V61/><F61/><W63/><G63/><T101/><D78/><U54/><E76/><V135/><F135/><W130/><G130/><N who="2" m="49705" /><F26/><W77/><G93/><T35/><REACH who="0" step="1"/><D84/><REACH who="0" ten="240,250,250,250" step="2"/><U0/><E0/><V74/><F74/><W106/><G106/><T29/><D29/><U107/><E107/><V13/><F13/><W66/><G66/><T117/><D117/><U49/><REACH who="1" step="1"/><E54/><REACH who="1" ten="240,240,250,250" step="2"/><V108/><AGARI ba="0,2" hai="21,22,108,109,110" m="49705,44043,4170" machi="108" ten="40,12000,2" yaku="28,2,14,1,19,1,34,2" doraHai="36" who="2" fromWho="2" sc="240,-60,240,-30,250,140,250,-30" /><INIT seed="1,0,0,2,4,39" ten="180,210,390,220" oya="1" hai0="89,58,116,34,103,3,54,100,102,135,27,61,83" hai1="90,18,47,107,42,43,112,131,0,101,125,24,111" hai2="9,40,21,22,81,31,96,117,122,41,2,33,106" hai3="71,105,114,53,59,60,109,4,99,97,52,56,86"/><U46/><E112/><V120/><F117/><W44/><G114/><T66/><D116/><U118/><E118/><V12/><F81/><W19/><G109/><T20/><D135/><U11/><E125/><V70/><F70/><W45/><G71/><T133/><D133/><U65/><E111/><V95/><F106/><W94/><G4/><T121/><D121/><U62/><E131/><V14/><F33/><W98/><G105/><T5/><D34/><U37/><E0/><V79/><F79/><W84/><G19/><T91/><D83/><U82/><E82/><V108/><F2/><W104/><G104/><T130/><D130/><U132/><E90/><V10/><F108/><W77/><G77/><T134/><D134/><U78/><E78/><V38/><F38/><W129/><G129/><T17/><REACH who="0" step="1"/><D66/><REACH who="0" ten="170,210,390,220" step="2"/><U123/><E123/><V13/><F122/><W113/><G113/><T8/><AGARI ba="0,1" hai="3,5,8,17,20,27,54,58,61,89,91,100,102,103" machi="8" ten="30,4000,0" yaku="1,1,2,1,0,1,53,0" doraHai="39" doraHaiUra="115" who="0" fromWho="0" sc="170,50,210,-20,390,-10,220,-10" /><INIT seed="2,0,0,1,5,20" ten="220,190,380,210" oya="2" hai0="73,133,98,71,51,83,7,41,78,3,113,24,50" hai1="9,69,128,82,35,33,104,6,65,110,77,107,25" hai2="116,130,126,127,96,57,63,120,129,80,66,54,75" hai3="109,49,19,44,135,87,95,93,38,40,10,97,14"/><V123/><F96/><W39/><G109/><T31/><D113/><U88/><E110/><V70/><F80/><W74/><G135/><T55/><D133/><U67/><E128/><N who="2" m="49259" /><F116/><W117/><G74/><T52/><D71/><U16/><E67/><V103/><F103/><W89/><REACH who="3" step="1"/><G117/><REACH who="3" ten="220,190,380,200" step="2"/><T101/><D73/><U27/><E35/><V61/><F75/><W112/><G112/><T53/><D50/><U68/><E33/><V2/><F2/><W23/><G23/><T18/><D51/><U43/><E107/><V22/><F22/><W106/><G106/><T21/><D3/><U32/><E104/><V79/><F79/><W131/><G131/><T11/><D78/><U111/><E77/><V58/><F70/><W108/><G108/><T56/><D21/><N who="1" m="13479" /><E111/><V42/><F42/><W91/><AGARI ba="0,1" hai="10,14,19,38,39,40,44,49,87,89,91,93,95,97" machi="91" ten="20,2700,0" yaku="1,1,0,1,7,1,53,0" doraHai="20" doraHaiUra="76" who="3" fromWho="3" sc="220,-7,190,-7,380,-13,200,37" /><INIT seed="3,0,0,2,3,121" ten="213,183,367,237" oya="3" hai0="77,5,16,90,75,69,123,88,108,115,2,96,128" hai1="30,93,9,85,111,67,94,112,64,120,110,129,38" hai2="26,4,56,122,135,127,29,114,61,44,70,33,25" hai3="17,37,119,27,95,48,59,105,107,80,113,131,51"/><W50/><G113/><T79/><D123/><U21/><E120/><V91/><F114/><W83/><G119/><T3/><D115/><U134/><E112/><V109/><F109/><N who="1" m="41481" /><E38/><V97/><F70/><W8/><G131/><T1/><D108/><U46/><E129/><V86/><F44/><W68/><G95/><N who="1" m="36362" /><E134/><V36/><F97/><W81/><G68/><T10/><D128/><U73/><E73/><V130/><F36/><W98/><G37/><T92/><D69/><U87/><E46/><V19/><F135/><W28/><G98/><T101/><D75/><U100/><E100/><V63/><F122/><W84/><G107/><T74/><D74/><U53/><E53/><V23/><F130/><W78/><G105/><T24/><D101/><U13/><E21/><V71/><F23/><N who="3" m="15487" /><G59/><T42/><D42/><U18/><E30/><V76/><F29/><W12/><AGARI ba="0,0" hai="8,12,17,48,50,51,78,80,81,83,84" m="15487" machi="12" ten="30,1500,0" yaku="8,1" doraHai="121" who="3" fromWho="3" sc="213,-5,183,-5,367,-5,237,15" /><INIT seed="3,1,0,5,5,91" ten="208,178,362,252" oya="3" hai0="83,0,59,122,31,69,22,113,75,5,129,60,81" hai1="64,37,73,9,62,28,84,106,89,109,125,96,46" hai2="111,4,51,38,120,42,66,67,82,124,19,44,103" hai3="86,56,90,132,102,77,45,130,121,123,133,128,115"/><W101/><G45/><T119/><D119/><U8/><E109/><V27/><F4/><W23/><G56/><T29/><D122/><N who="3" m="46601" /><G77/><T57/><D129/><N who="3" m="49769" /><G115/><T1/><D69/><U43/><E125/><V76/><F111/><W98/><G23/><T6/><D113/><U65/><E28/><V7/><F76/><W94/><G102/><T41/><D22/><U20/><E20/><V33/><F44/><W2/><G2/><T74/><D60/><U58/><E65/><V92/><F67/><W88/><G90/><T26/><D26/><U116/><E73/><V25/><F25/><W85/><G85/><T79/><D79/><U78/><E78/><V107/><F103/><W70/><G70/><T112/><D112/><U52/><E116/><V110/><F27/><W15/><G15/><T39/><D41/><U11/><E64/><V61/><F42/><W24/><G24/><T40/><D40/><U93/><REACH who="1" step="1"/><E84/><REACH who="1" ten="208,168,362,252" step="2"/><V63/><F66/><W53/><G53/><T18/><D74/><U99/><E99/><V21/><F120/><W10/><G10/><T114/><D75/><U108/><E108/><V135/><F110/><W48/><G48/><T68/><D114/><U118/><E118/><V71/><F51/><W131/><G131/><T97/><D97/><U134/><E134/><V54/><F135/><W17/><G132/><T36/><D68/><U117/><E117/><V55/><F71/><W80/><G133/><T87/><D87/><U16/><E16/><AGARI ba="1,1" hai="16,17,80,86,88,94,98,101" m="49769,46601" machi="16" ten="30,11600,0" yaku="19,1,52,1,54,2" doraHai="91" who="3" fromWho="1" sc="208,0,168,-119,362,0,252,129" /><AGARI ba="1,0" hai="0,1,5,6,16,18,29,31,36,39,57,59,81,83" machi="16" ten="25,3200,0" yaku="22,2,54,1" doraHai="91" who="0" fromWho="1" sc="208,32,49,-32,362,0,381,0" owari="240,-16.0,17,-48.3,362,16.2,381,48.1" /></mjloggm>