<mjloggm ver="2.3"><GO type="225" lobby="0"/><UN n0="%E3%81%BD%E3%82%8D" n1="%E6%A1%9C%E8%8A%B1%E9%96%83%E3%80%85" n2="%33%74%72%65%65" n3="%72%69%6F%75%63%68%61%6E" dan="16,16,16,16" rate="2104.99,2217.58,2127.49,2160.68" sx="M,M,F,M"/><TAIKYOKU oya="0"/><INIT seed="0,0,0,4,1,96" ten="250,250,250,250" oya="0" hai0="86,118,14,59,130,81,116,30,110,135,1,61,33" hai1="55,29,69,87,0,8,102,109,38,35,112,129,24" hai2="20,114,47,121,42,26,123,63,10,67,58,131,88" hai3="79,52,104,132,125,106,77,133,3,100,95,2,128"/><T16/><D130/><U34/><E69/><V45/><F114/><W13/><G128/><T17/><D135/><N who="3" m="51785" /><G125/><T6/><D110/><U11/><E129/><V126/><F131/><W5/><G13/><T39/><D39/><U41/><E109/><V83/><F126/><W43/><G43/><T98/><D98/><U19/><E112/><V9/><F123/><W74/><G74/><T70/><D70/><U111/><E111/><V103/><F103/><W115/><G115/><T32/><D6/><U94/><E35/><V50/><F47/><W84/><G5/><T90/><D1/><N who="3" m="9" /><G52/><T113/><D113/><U124/><E55/><V49/><F49/><W66/><G66/><T85/><D30/><U134/><E0/><V62/><F62/><W31/><G31/><T89/><D32/><U92/><E19/><N who="2" m="12575" /><F121/><W60/><G60/><T37/><D33/><U36/><E124/><V57/><F57/><W23/><G23/><T76/><D17/><U15/><E134/><V73/><F73/><W108/><G108/><T122/><D122/><U22/><E38/><V91/><F83/><N who="3" m="47215" /><G79/><T64/><D76/><U18/><E36/><V107/><F107/><W101/><G95/><T12/><D37/><U7/><E41/><V120/><F120/><W28/><G28/><T127/><D127/><U99/><REACH who="1" step="1"/><E7/><REACH who="1" ten="250,240,250,250" step="2"/><V71/><F71/><W21/><G21/><T97/><D118/><U80/><E80/><V65/><F65/><W93/><G93/><N who="0" m="56495" /><D116/><U56/><E56/><V4/><F4/><W105/><AGARI ba="0,1" hai="100,101,104,105,106" m="47215,9,51785" machi="105" ten="40,5200,0" yaku="20,1,52,2" doraHai="96" who="3" fromWho="3" sc="250,-26,240,-13,250,-13,250,62" /><INIT seed="1,0,0,4,4,116" ten="224,227,237,312" oya="1" hai0="36,64,112,40,49,14,68,56,48,13,32,92,0" hai1="50,110,18,74,104,11,97,7,30,93,111,8,43" hai2="118,107,20,131,10,44,23,88,59,62,98,9,69" hai3="71,78,12,54,114,87,100,65,72,102,128,61,129"/><U63/><E104/><V2/><F118/><W16/><G114/><T73/><D73/><U4/><E74/><V80/><F69/><W134/><G134/><T46/><D32/><U6/><E30/><V33/><F33/><W133/><G133/><T82/><D0/><U66/><E43/><V60/><F131/><N who="3" m="50251" /><G72/><T91/><D112/><U67/><E50/><V96/><F107/><W117/><G117/><T109/><D109/><N who="1" m="41483" /><E18/><V79/><F44/><W57/><G87/><T124/><D82/><U52/><E52/><N who="2" m="33895" /><F2/><W24/><G78/><T15/><D124/><U21/><E21/><N who="2" m="8267" /><F62/><N who="3" m="36151" /><G24/><T58/><D68/><N who="1" m="42079" /><E67/><V123/><F79/><W75/><G75/><T55/><D64/><U76/><E76/><V127/><F127/><W41/><G41/><T130/><D130/><U122/><E122/><V115/><F123/><W99/><G99/><N who="2" m="37929" /><F115/><W45/><G45/><N who="0" m="25639" /><D36/><U126/><E126/><V103/><F103/><AGARI ba="0,0" hai="4,6,7,8,11,93,97,103" m="42079,41483" machi="103" ten="30,2900,0" yaku="14,1,10,1" doraHai="116" who="1" fromWho="2" sc="224,0,227,29,237,-29,312,0" /><INIT seed="1,1,0,3,4,57" ten="224,256,208,312" oya="1" hai0="22,19,63,90,65,101,115,2,34,76,60,91,73" hai1="24,61,67,125,50,72,110,120,9,21,94,31,89" hai2="40,64,35,121,13,132,68,78,71,95,53,119,32" hai3="41,56,46,3,4,77,88,86,79,43,62,8,33"/><U37/><E120/><V23/><F119/><W112/><G33/><T135/><D115/><U124/><E37/><V80/><F121/><W123/><G123/><T54/><D135/><U12/><E72/><V58/><F132/><W103/><G103/><T0/><D34/><U126/><E50/><V83/><F40/><W70/><G70/><T98/><D73/><U107/><E107/><V52/><F95/><W105/><G105/><T45/><D76/><U29/><E110/><V82/><F78/><W14/><G3/><T109/><D109/><U129/><E129/><V11/><F23/><W47/><G112/><T51/><D65/><U39/><E39/><V36/><F36/><W5/><G5/><T48/><D48/><U74/><E74/><V15/><F64/><N who="3" m="38983" /><G41/><T85/><D2/><U104/><E104/><V66/><F71/><W17/><G4/><T59/><D0/><U18/><E31/><V69/><F69/><W7/><G7/><T130/><D130/><U113/><E113/><V96/><F68/><W28/><G28/><T87/><D87/><BYE who="0" /><N who="1" m="52543" /><E67/><V84/><F84/><UN n0="%E3%81%BD%E3%82%8D" /><W128/><G128/><T1/><D1/><U75/><E75/><V44/><F32/><W30/><G30/><T111/><D111/><U108/><E108/><V134/><F35/><W10/><G10/><T20/><D20/><U118/><E118/><V26/><F11/><W97/><G97/><T131/><D98/><U55/><E55/><N who="2" m="21067" /><F96/><W42/><G42/><T100/><D131/><U27/><E27/><V116/><F116/><W81/><G43/><T133/><D133/><U49/><E49/><RYUUKYOKU ba="1,0" sc="224,-15,256,15,208,-15,312,15" hai1="9,12,18,21,24,29,61,124,125,126" hai3="8,14,17,46,47,77,79,81,86,88" /><INIT seed="1,2,0,1,2,30" ten="209,271,193,327" oya="1" hai0="26,129,126,53,21,132,122,63,93,105,40,99,88" hai1="35,118,83,37,74,90,80,77,14,103,124,100,1" hai2="131,71,119,13,108,68,69,95,73,106,114,16,62" hai3="34,101,70,8,24,9,2,104,84,50,61,58,52"/><U97/><E1/><V66/><F119/><W15/><G2/><T87/><D126/><U107/><E37/><V117/><F117/><W19/><G84/><T23/><D129/><U12/><E118/><V65/><F106/><W51/><G70/><T38/><D132/><U67/><E67/><V25/><F131/><W94/><G104/><T39/><D122/><U72/><E35/><V17/><F108/><W133/><G133/><T59/><D23/><U96/><E124/><V125/><F125/><W36/><G36/><T127/><D127/><U135/><E135/><V102/><F114/><W128/><G128/><T120/><D120/><U47/><E47/><V130/><F73/><W7/><G34/><T79/><D105/><N who="1" m="63623" /><E12/><V22/><F66/><W45/><G45/><T123/><D40/><U78/><E14/><V91/><F102/><W4/><G8/><T49/><D123/><U109/><E90/><V10/><REACH who="2" step="1"/><F130/><REACH who="2" ten="209,271,183,327" step="2"/><W98/><REACH who="3" step="1"/><G7/><REACH who="3" ten="209,271,183,317" step="2"/><T54/><D87/><AGARI ba="2,2" hai="10,13,16,17,22,25,62,65,68,69,71,87,91,95" machi="87" ten="30,7700,0" yaku="1,1,2,1,7,1,54,1,53,0" doraHai="30" doraHaiUra="3" who="2" fromWho="0" sc="209,-83,271,0,183,103,317,0" /><INIT seed="2,0,0,4,4,69" ten="126,271,286,317" oya="2" hai0="62,63,60,113,120,13,27,103,49,100,42,54,68" hai1="84,108,91,14,56,36,105,112,21,107,32,123,90" hai2="58,48,122,104,59,31,119,17,5,7,40,50,78" hai3="114,70,133,44,92,18,89,80,4,1,86,72,28"/><V35/><F119/><W129/><G70/><T66/><D120/><U30/><E112/><V121/><F104/><W46/><G114/><T132/><D113/><U73/><E73/><V118/><F118/><W55/><G129/><T9/><D132/><U79/><E32/><V135/><F135/><W57/><G133/><T75/><D75/><U10/><E108/><V53/><F78/><N who="3" m="46359" /><G1/><T98/><D27/><U61/><E123/><V6/><F17/><W124/><G124/><T24/><D24/><N who="1" m="16655" /><E36/><V2/><F2/><W43/><G43/><T25/><D25/><U29/><E107/><V64/><F35/><W128/><G128/><T83/><D83/><N who="1" m="47231" /><E105/><V65/><F31/><W82/><G82/><T39/><D98/><U3/><E3/><V95/><F122/><W22/><G4/><T125/><D125/><U102/><E102/><V81/><F81/><W12/><G28/><T127/><D127/><U130/><E29/><V38/><F121/><W45/><G72/><T74/><D74/><U131/><E131/><V77/><F77/><W96/><G46/><N who="0" m="23903" /><D103/><U85/><E85/><V37/><F95/><W47/><G45/><T116/><D100/><U71/><E71/><V111/><F111/><W117/><G117/><T26/><D26/><U20/><E20/><V99/><F99/><W87/><G96/><T41/><D116/><U0/><E0/><V97/><F97/><W19/><G18/><N who="0" m="8495" /><D41/><U67/><E130/><V110/><F110/><W134/><G134/><T76/><D76/><U106/><E106/><V33/><F33/><W8/><G22/><T88/><D88/><RYUUKYOKU ba="0,0" sc="126,10,271,10,286,-30,317,10" hai0="49,54,60,62,63,66,68" hai1="10,14,56,61,67,90,91" hai3="8,12,19,44,47,55,57,87,89,92" /><INIT seed="3,1,0,5,1,118" ten="136,281,256,327" oya="3" hai0="28,5,50,23,113,39,30,79,51,81,48,103,35" hai1="122,69,104,38,37,101,44,97,93,4,131,120,40" hai2="16,106,117,85,84,73,112,59,20,1,9,121,43" hai3="25,18,68,124,96,78,133,42,92,62,82,132,127"/><W14/><G42/><T89/><D39/><N who="1" m="21535" /><E93/><V130/><F117/><W76/><G25/><T87/><D113/><U36/><E131/><V109/><F73/><N who="3" m="43279" /><G78/><T31/><D35/><U32/><E4/><V126/><F112/><W33/><G33/><T49/><N who="0" m="12288" /><DORA hai="8" /><T116/><D116/><U123/><E32/><V10/><F109/><W24/><G24/><T90/><D103/><U100/><E100/><V105/><F130/><W3/><G3/><T125/><D125/><N who="3" m="48201" /><G62/><T13/><REACH who="0" step="1"/><D5/><REACH who="0" ten="126,281,256,327" step="2"/><U26/><E37/><V19/><F126/><W83/><G132/><T108/><D108/><U15/><E36/><V57/><F43/><W64/><G133/><T56/><D56/><U21/><E38/><V129/><F129/><W58/><G58/><T6/><D6/><U77/><E122/><V45/><F57/><W0/><G68/><T70/><D70/><U41/><E69/><V75/><F59/><W22/><G64/><T128/><D128/><U67/><E67/><V52/><F45/><W94/><G0/><T115/><D115/><U98/><E41/><V65/><F65/><W66/><G66/><T110/><D110/><U88/><E123/><V60/><F1/><W47/><G47/><T55/><D55/><U34/><E34/><V11/><F52/><W74/><G74/><T91/><D91/><U71/><E71/><V29/><F75/><W54/><G54/><T46/><D46/><U135/><E120/><V7/><F121/><W114/><G114/><T53/><D53/><U102/><E135/><V61/><F7/><W2/><G2/><T107/><D107/><RYUUKYOKU ba="1,1" sc="126,30,281,-10,256,-10,327,-10" hai0="13,23,28,30,31,79,81,87,89,90" owari="156,-34.4,271,7.1,246,-15.4,327,42.7" /></mjloggm>