<mjloggm ver="2.3"><GO type="225" lobby="0"/><UN n0="%E3%81%99%E3%81%84%E3%81%BE%E3%81%9B%E3%83%BC%E3%82%93" n1="%E3%81%BF%E3%81%BF%E3%81%9A" n2="%E3%81%B5%E3%81%98%E3%81%8B%E3%81%A4" n3="%72%65%6E%6B%75%6E" dan="18,18,16,17" rate="2202.85,2258.88,2193.24,2238.98" sx="M,M,M,M"/><TAIKYOKU oya="0"/><INIT seed="0,0,0,2,1,122" ten="250,250,250,250" oya="0" hai0="108,72,6,133,21,10,45,43,11,60,49,4,27" hai1="83,134,47,0,125,55,106,102,99,87,44,12,3" hai2="101,114,18,89,2,126,95,50,25,53,57,81,86" hai3="68,130,103,112,37,32,38,70,51,97,39,110,9"/><T15/><D133/><U82/><E134/><V58/><F114/><W85/><G112/><T94/><D72/><U23/><E125/><V88/><F126/><W129/><G32/><T131/><D131/><N who="3" m="50185" /><G85/><T62/><D108/><U135/><E135/><V46/><F2/><W5/><G51/><T80/><D80/><U48/><E83/><V111/><F101/><W14/><G110/><T76/><D94/><AGARI ba="0,0" hai="5,9,14,37,38,39,68,70,94,97,103" m="50185" machi="94" ten="40,1300,0" yaku="19,1" doraHai="122" who="3" fromWho="0" sc="250,-13,250,0,250,0,250,13" /><INIT seed="1,0,0,0,2,95" ten="237,250,250,263" oya="1" hai0="60,90,8,123,63,41,133,3,135,40,91,51,79" hai1="83,59,72,46,93,118,115,116,15,39,126,89,44" hai2="31,74,54,87,27,107,49,25,33,1,86,98,35" hai3="129,22,32,65,6,62,108,20,111,55,78,76,50"/><U4/><E115/><V106/><F1/><W134/><G32/><T117/><D117/><U102/><E126/><V57/><F74/><W125/><G6/><N who="0" m="1119" /><D79/><U110/><E110/><N who="3" m="42026" /><G125/><T109/><D109/><U2/><E2/><V61/><F107/><W92/><G129/><T18/><D18/><U88/><E39/><V34/><F34/><W52/><G134/><N who="0" m="51211" /><D123/><U70/><E70/><V77/><F77/><N who="3" m="29803" /><G92/><T112/><D112/><U47/><E72/><V132/><F132/><W104/><G104/><T124/><D124/><U105/><E105/><V114/><F114/><W100/><G100/><T45/><D40/><U75/><E75/><V68/><F35/><W121/><G121/><T131/><D131/><U94/><E83/><V71/><F25/><W13/><G13/><T128/><D128/><U42/><E102/><N who="2" m="62807" /><F71/><N who="3" m="42423" /><G55/><T26/><D26/><U119/><E42/><V97/><F97/><W64/><G64/><AGARI ba="0,0" hai="27,31,33,49,54,57,61,64,68,86,87" m="62807" machi="64" ten="30,2000,0" yaku="25,1,52,1" doraHai="95" who="2" fromWho="3" sc="237,0,250,0,250,20,263,-20" /><INIT seed="2,0,0,0,4,81" ten="237,250,270,243" oya="2" hai0="114,51,49,94,39,70,116,64,118,129,63,76,88" hai1="130,112,13,52,73,106,108,45,58,99,93,6,54" hai2="22,20,103,75,37,32,59,80,111,24,44,109,119" hai3="30,60,127,61,102,82,40,69,5,65,131,100,0"/><V83/><F119/><N who="0" m="45610" /><D114/><U128/><E112/><V97/><F59/><W56/><G127/><T12/><D39/><U35/><E35/><V124/><F124/><W85/><G131/><N who="1" m="50218" /><E73/><V25/><F37/><W3/><G40/><T113/><D113/><U29/><E108/><N who="2" m="41547" /><F44/><W107/><G30/><T117/><N who="0" m="45618" /><T47/><DORA hai="9" /><D129/><U134/><E29/><N who="2" m="19503" /><F75/><W4/><G4/><T26/><D76/><U28/><E28/><N who="2" m="17415" /><F22/><W57/><G69/><T104/><D26/><U91/><E45/><V16/><F16/><W133/><G5/><T79/><D47/><U41/><E41/><V121/><F121/><W43/><G43/><T86/><D104/><AGARI ba="0,0" hai="80,83,97,103,104" m="17415,19503,41547" machi="104" ten="30,2900,0" yaku="14,1,10,1" doraHai="81,9" who="2" fromWho="0" sc="237,-29,250,0,270,29,243,0" /><INIT seed="2,1,0,4,2,91" ten="208,250,299,243" oya="2" hai0="63,27,2,56,9,122,23,29,85,135,114,28,124" hai1="121,112,22,8,99,92,94,107,51,7,49,105,129" hai2="93,128,110,79,5,86,66,31,77,104,19,68,108" hai3="115,125,75,30,100,47,78,97,67,84,40,20,133"/><V34/><F104/><W39/><G125/><T74/><D122/><U89/><E112/><V61/><F5/><W120/><G120/><T45/><D74/><U11/><E121/><V13/><F128/><W134/><G115/><T101/><D114/><U87/><E129/><V58/><F31/><W69/><G75/><T37/><D124/><U59/><E107/><V48/><F34/><W41/><G41/><T42/><D135/><N who="3" m="51721" /><G69/><T80/><D101/><N who="1" m="60647" /><E105/><V113/><F113/><W3/><G67/><T90/><D29/><U50/><E7/><V81/><F77/><W25/><G3/><T131/><D131/><U57/><E22/><N who="2" m="11631" /><F48/><N who="1" m="12289" /><U53/><DORA hai="55" /><E53/><V116/><F116/><W106/><G84/><T88/><D9/><AGARI ba="1,0" hai="8,9,11,57,59,87,89,94" m="12289,60647" machi="9" ten="30,8000,1" yaku="8,1,52,4" doraHai="91,55" who="1" fromWho="0" sc="208,-83,250,83,299,0,243,0" /><INIT seed="3,0,0,1,2,11" ten="125,333,299,243" oya="3" hai0="14,23,121,31,96,93,15,29,39,24,68,38,10" hai1="122,89,43,72,44,75,90,114,18,77,102,94,1" hai2="51,5,13,108,83,64,107,126,76,53,82,99,60" hai3="56,35,80,91,19,132,92,118,58,100,78,52,135"/><W106/><G35/><T57/><D68/><U34/><E122/><V40/><F108/><W81/><G118/><T50/><D121/><U128/><E114/><V85/><F126/><W110/><G110/><T116/><D116/><U12/><E1/><V97/><F40/><W2/><G2/><T98/><D39/><U59/><E34/><V4/><F107/><W103/><G19/><T79/><D38/><U65/><E128/><V21/><F83/><N who="3" m="31819" /><G78/><T101/><D79/><U123/><E77/><V130/><F130/><W41/><G41/><T20/><D98/><N who="1" m="59735" /><E75/><V109/><F109/><W16/><G106/><T104/><D104/><U42/><E72/><V111/><F111/><W120/><G58/><T124/><D124/><U61/><E123/><V28/><F4/><W95/><G120/><T0/><D0/><U63/><E63/><V87/><F28/><W49/><G95/><T70/><D70/><U88/><E44/><N who="2" m="27879" /><F87/><N who="3" m="52351" /><G16/><T71/><D71/><U131/><E131/><V47/><F47/><W25/><G25/><N who="0" m="16551" /><D57/><U86/><E86/><V125/><F125/><W9/><G9/><AGARI ba="0,0" hai="9,12,18,42,43,59,61,65,88,89,90" m="59735" machi="9" ten="30,3900,0" yaku="8,1,52,1,54,1" doraHai="11" who="1" fromWho="3" sc="125,0,333,39,299,0,243,-39" owari="125,-37.5,372,47.2,299,9.9,204,-19.6" /></mjloggm>