<mjloggm ver="2.3"><GO type="225" lobby="0"/><UN n0="%E6%A1%9C%E8%8A%B1%E9%96%83%E3%80%85" n1="%E3%81%A1%E3%82%85%E3%81%86%E3%81%A9%E3%81%8F%E8%B1%A1%E3%81%95%E3%82%93" n2="%E9%80%86%E9%80%A3%E5%B8%AF%E3%81%AE%E9%AC%BC" n3="%53%63%61%6E%64%61%6C" dan="18,17,16,16" rate="2233.56,2201.50,2095.21,2086.26" sx="M,M,M,M"/><TAIKYOKU oya="0"/><INIT seed="0,0,0,5,2,89" ten="250,250,250,250" oya="0" hai0="79,40,48,18,16,27,107,49,98,133,67,60,21" hai1="86,76,17,82,14,54,70,100,84,6,102,120,125" hai2="91,51,32,111,69,106,55,65,7,96,66,34,114" hai3="30,62,87,29,80,73,75,108,112,37,41,116,94"/><T53/><D133/><U8/><E120/><V81/><F114/><W129/><G112/><T59/><D79/><U28/><E125/><V46/><F111/><W118/><G108/><T93/><D107/><U23/><E70/><V122/><F122/><W20/><G129/><T72/><D72/><U101/><E28/><V33/><F7/><W126/><G126/><T105/><D105/><U74/><REACH who="1" step="1"/><E54/><REACH who="1" ten="250,240,250,250" step="2"/><V128/><F69/><W64/><G29/><N who="0" m="17647" /><D40/><U117/><E117/><V63/><F128/><W119/><G30/><T90/><D48/><U115/><E115/><V38/><F38/><W35/><G37/><T1/><D1/><AGARI ba="0,1" hai="1,6,8,14,17,23,74,76,82,84,86,100,101,102" machi="1" ten="40,1300,0" yaku="1,1,53,0" doraHai="89" doraHaiUra="43" who="1" fromWho="0" sc="250,-13,240,23,250,0,250,0" /><INIT seed="1,0,0,0,2,124" ten="237,263,250,250" oya="1" hai0="134,125,110,73,20,104,30,55,93,119,81,89,123" hai1="62,3,33,36,2,41,95,25,121,60,107,48,22" hai2="17,29,83,49,39,65,26,118,64,71,120,0,61" hai3="97,94,85,45,79,67,82,105,77,27,90,87,88"/><U21/><E107/><V128/><F120/><W6/><G67/><T31/><D119/><U23/><E36/><V5/><F118/><W16/><G6/><T10/><D104/><U133/><E121/><V102/><F39/><W34/><G34/><T113/><D113/><U111/><E133/><V8/><F65/><W58/><G58/><T35/><D35/><U43/><E95/><V13/><F102/><N who="3" m="62671" /><G27/><T57/><D110/><U70/><E111/><V32/><F83/><N who="3" m="49215" /><G16/><T72/><D125/><U28/><E70/><V135/><F135/><W14/><G14/><T131/><D123/><U59/><E60/><V47/><F128/><W15/><G15/><T80/><D131/><U51/><E51/><V132/><F132/><W115/><G45/><T42/><D10/><U100/><E100/><V18/><REACH who="2" step="1"/><F0/><REACH who="2" ten="237,263,240,250" step="2"/><W116/><G116/><T86/><D81/><U130/><E2/><V84/><F84/><N who="3" m="52551" /><G115/><T7/><D134/><U122/><E122/><V129/><F129/><W127/><G127/><T99/><D42/><AGARI ba="0,1" hai="5,8,13,17,18,26,29,32,42,47,49,61,64,71" machi="42" ten="30,3900,0" yaku="1,1,7,1,53,1" doraHai="124" doraHaiUra="1" who="2" fromWho="0" sc="237,-39,263,0,240,49,250,0" /><INIT seed="2,0,0,1,0,48" ten="198,263,289,250" oya="2" hai0="20,60,9,62,121,56,22,46,27,23,133,21,122" hai1="42,104,101,38,131,92,28,24,79,61,52,12,32" hai2="39,50,63,120,54,96,98,35,44,103,55,65,90" hai3="124,108,126,4,69,135,58,49,31,11,128,2,132"/><V5/><F120/><W125/><G69/><T40/><D133/><N who="3" m="51273" /><G108/><T8/><D121/><U14/><E104/><V83/><F35/><W66/><G31/><T34/><D34/><U30/><E79/><V107/><F39/><W75/><G75/><T95/><D95/><U0/><E0/><V91/><F5/><W81/><G81/><T68/><D68/><U113/><E113/><V77/><F98/><W109/><G109/><T97/><D97/><U16/><E131/><V127/><F127/><W110/><G110/><T123/><D123/><U112/><E112/><V117/><F117/><W105/><G105/><T36/><D122/><U3/><E3/><V118/><F118/><W70/><G70/><T26/><D62/><U13/><E28/><V51/><F63/><N who="3" m="38263" /><G49/><T94/><D94/><U10/><E38/><V64/><F64/><W114/><G114/><T102/><D102/><U25/><E25/><V76/><F65/><W93/><G93/><T15/><N who="0" m="5120" /><DORA hai="47" /><T67/><REACH who="0" step="1"/><D8/><REACH who="0" ten="188,263,289,250" step="2"/><U59/><E101/><V111/><F111/><W119/><G119/><T7/><AGARI ba="0,1" hai="7,9,15,26,27,36,40,46,56,60,67" m="5120" machi="7" ten="40,8000,1" yaku="1,1,2,1,0,1,53,2" doraHai="48,47" doraHaiUra="57,71" who="0" fromWho="0" sc="188,90,263,-20,289,-40,250,-20" /><INIT seed="3,0,0,2,4,70" ten="278,243,249,230" oya="3" hai0="19,56,40,50,7,36,96,92,12,23,10,121,65" hai1="112,97,80,107,122,91,114,113,132,82,17,115,81" hai2="57,29,9,129,134,26,48,69,39,14,1,98,120" hai3="76,61,104,117,38,131,15,4,27,5,44,58,55"/><W52/><G117/><T105/><D121/><U34/><E34/><V2/><F69/><W118/><G118/><T93/><D36/><U106/><E17/><V46/><F134/><W84/><G131/><T28/><D28/><U31/><E31/><V32/><F129/><W85/><G104/><N who="1" m="39978" /><E122/><V35/><F35/><W133/><G133/><T109/><D109/><U128/><N who="1" m="28672" /><DORA hai="123" /><U86/><E128/><V25/><F25/><W99/><G99/><T116/><D116/><U49/><E49/><V33/><F33/><W124/><G124/><T62/><D105/><U18/><E18/><V51/><F120/><W37/><G27/><T88/><D92/><N who="1" m="56479" /><E132/><V24/><F24/><W71/><G71/><T54/><D40/><U102/><E102/><V11/><F51/><W66/><G76/><AGARI ba="0,0" hai="76,80,81,82,86" m="56479,28672,39978" machi="76" ten="60,3900,0" yaku="34,2" doraHai="70,123" who="1" fromWho="3" sc="278,0,243,39,249,0,230,-39" /><INIT seed="4,0,0,2,1,9" ten="278,282,249,191" oya="0" hai0="27,120,110,47,60,109,61,77,82,115,65,102,39" hai1="57,96,89,12,37,40,62,134,132,92,8,114,31" hai2="76,70,18,75,19,48,56,105,50,23,73,99,106" hai3="87,43,71,22,25,127,74,38,88,80,119,13,7"/><T32/><D120/><U14/><E114/><V72/><F70/><W123/><G119/><T11/><D102/><U124/><E31/><V1/><F1/><W28/><G123/><T101/><D101/><U10/><E124/><V112/><F112/><W51/><G127/><T17/><D115/><U35/><E35/><V36/><F36/><W113/><G113/><T41/><D32/><U30/><E30/><V44/><F76/><W117/><G117/><T67/><D60/><U94/><E40/><V97/><F56/><W121/><G121/><T55/><D55/><N who="1" m="34111" /><E37/><V128/><F128/><W68/><G38/><T78/><D78/><U2/><E2/><V90/><F90/><W0/><G74/><N who="0" m="43319" /><D61/><U85/><E8/><V53/><F50/><W69/><G0/><T122/><D122/><U131/><E10/><V58/><F58/><W116/><G116/><T129/><D27/><U66/><E66/><V98/><REACH who="2" step="1"/><F18/><REACH who="2" ten="278,282,239,191" step="2"/><W104/><G104/><T59/><D59/><U34/><E131/><V84/><F84/><W24/><G7/><T52/><D129/><U21/><E85/><V91/><F91/><W49/><G43/><T95/><D52/><U118/><E89/><V4/><F4/><W20/><REACH who="3" step="1"/><G13/><AGARI ba="0,1" hai="13,19,23,44,48,53,72,73,75,97,98,99,105,106" machi="13" ten="50,8000,1" yaku="1,1,52,1,53,2" doraHai="9" doraHaiUra="103" who="2" fromWho="3" sc="278,0,282,0,239,90,191,-80" owari="278,-12.2,282,8.2,329,42.9,111,-38.9" /></mjloggm>