<mjloggm ver="2.3"><GO type="225" lobby="0"/><UN n0="%E7%B4%94%E6%BD%94%E3%83%94%E3%83%A9%E3%83%8B%E3%82%A2" n1="%E3%81%A4%E3%81%A3%E3%81%B1%E3%82%8A%E3%83%9D%E3%83%BC%E3%83%AB" n2="%E3%80%93%E3%81%97%E3%83%BC%E3%82%89%E3%80%93" n3="%E6%A1%9C%E8%8A%B1%E9%96%83%E3%80%85" dan="16,16,16,16" rate="2111.25,2101.91,2164.96,2136.33" sx="M,M,M,M"/><TAIKYOKU oya="0"/><INIT seed="0,0,0,0,3,133" ten="250,250,250,250" oya="0" hai0="115,5,90,122,52,121,124,95,100,127,94,58,131" hai1="67,69,99,64,31,16,55,20,98,74,113,54,39" hai2="34,71,40,73,106,7,85,28,105,130,78,81,17" hai3="83,25,120,8,108,22,56,50,4,70,6,97,13"/><T1/><D1/><U103/><E74/><V2/><F71/><W43/><G70/><T21/><D5/><U63/><E113/><V9/><F130/><W15/><G108/><T53/><D115/><U48/><E39/><V0/><F85/><W18/><G120/><T14/><D131/><U42/><E31/><V114/><F114/><W59/><G83/><T49/><D100/><U65/><E42/><V75/><F17/><W92/><G43/><T96/><D94/><U84/><E84/><V132/><F132/><W116/><G116/><T51/><D14/><U82/><E82/><V19/><F19/><W10/><REACH who="3" step="1"/><G50/><REACH who="3" ten="250,250,250,240" step="2"/><T47/><REACH who="0" step="1"/><D21/><REACH who="0" ten="240,250,250,240" step="2"/><U88/><E20/><V26/><F0/><W126/><G126/><AGARI ba="0,2" hai="47,49,51,52,53,58,90,95,96,121,122,124,126,127" machi="126" ten="40,18000,2" yaku="1,1,2,1,18,1,52,3,54,1,53,0" doraHai="133" doraHaiUra="30" who="0" fromWho="3" sc="240,200,250,0,250,0,240,-180" /><INIT seed="0,1,0,5,5,32" ten="440,250,250,60" oya="0" hai0="62,86,117,67,16,79,52,132,124,123,106,82,47" hai1="101,125,74,92,87,77,56,50,112,53,73,15,111" hai2="21,35,43,66,30,57,24,61,104,23,127,134,20" hai3="122,89,105,29,131,26,37,81,4,114,49,80,68"/><T40/><D117/><U113/><E111/><V107/><F127/><W51/><G114/><N who="1" m="44138" /><E125/><V64/><F134/><W78/><G37/><T84/><D123/><U116/><E116/><V5/><F43/><W44/><G122/><T33/><D33/><U14/><E101/><V135/><F135/><W17/><G131/><T97/><D124/><U7/><E7/><V11/><REACH who="2" step="1"/><F66/><REACH who="2" ten="440,250,240,60" step="2"/><W13/><G68/><T60/><D67/><U28/><E74/><V19/><F19/><W8/><G105/><T129/><D16/><U12/><E73/><V120/><F120/><W98/><G17/><T70/><D40/><U128/><E128/><V54/><F54/><W110/><G110/><T69/><D52/><U55/><E55/><V130/><F130/><W88/><G81/><T2/><D82/><N who="1" m="47567" /><E28/><V96/><F96/><W42/><G98/><T133/><D97/><U121/><E121/><V65/><F65/><W3/><G51/><T118/><D106/><U90/><E92/><V109/><F109/><W99/><G99/><T93/><D129/><U46/><E46/><V36/><F36/><W75/><REACH who="3" step="1"/><G13/><AGARI ba="1,1" hai="5,11,13,20,21,23,24,30,35,57,61,64,104,107" machi="13" ten="40,2600,0" yaku="1,1,53,1" doraHai="32" doraHaiUra="27" who="2" fromWho="3" sc="440,0,250,0,240,39,60,-29" /><INIT seed="1,0,0,4,2,52" ten="440,250,279,31" oya="1" hai0="13,0,79,123,68,31,34,23,127,114,131,2,73" hai1="105,99,57,132,90,135,85,103,77,63,35,62,125" hai2="134,96,47,16,41,61,4,25,44,67,122,80,50" hai3="12,14,107,60,88,56,116,55,102,58,91,118,74"/><U115/><E115/><V112/><F134/><N who="1" m="51241" /><E125/><V130/><F122/><W27/><G74/><T64/><D73/><U95/><E35/><V1/><F112/><W93/><G27/><T83/><D34/><U129/><E129/><V11/><F130/><W106/><G102/><T108/><D131/><U84/><E63/><V119/><F119/><W38/><G38/><T6/><D127/><U59/><E62/><V49/><F80/><AGARI ba="0,0" hai="57,59,77,80,84,85,90,95,99,103,105" m="51241" machi="80" ten="30,5800,0" yaku="20,1,52,2" doraHai="52" who="1" fromWho="2" sc="440,0,250,58,279,-58,31,0" /><INIT seed="1,1,0,0,5,96" ten="440,308,221,31" oya="1" hai0="114,5,40,36,11,22,39,64,42,120,86,135,57" hai1="71,66,54,18,69,65,76,116,117,56,110,79,32" hai2="48,2,14,52,78,72,4,24,29,19,68,25,126" hai3="49,34,43,44,60,115,93,113,38,108,127,122,134"/><U95/><E32/><V92/><F68/><N who="1" m="26185" /><E18/><V129/><F129/><W118/><G34/><T3/><D86/><U94/><E94/><V101/><F126/><W81/><G81/><T97/><D97/><U128/><E95/><V63/><F63/><W30/><G30/><T59/><D22/><U98/><E98/><N who="2" m="59591" /><F2/><W35/><G35/><T103/><D103/><U106/><E106/><V8/><F72/><W109/><G122/><T125/><D120/><U7/><E79/><V41/><F41/><W133/><G93/><T61/><D125/><U20/><E76/><V26/><F78/><W100/><G100/><T51/><D11/><U17/><E7/><V67/><F67/><N who="1" m="25609" /><E128/><V1/><F1/><W77/><G77/><T130/><D5/><U74/><E74/><V85/><F85/><W55/><G127/><T9/><D9/><U75/><E75/><V82/><F82/><W58/><G118/><T104/><D3/><U47/><E117/><V10/><F29/><W80/><G80/><T45/><D104/><U105/><E105/><V111/><F111/><N who="3" m="42571" /><G38/><T73/><D73/><U99/><E110/><V132/><F132/><AGARI ba="1,0" hai="43,44,49,55,58,60,113,115,132,133,134" m="42571" machi="132" ten="30,7700,0" yaku="20,1,14,1,34,2" doraHai="96" who="3" fromWho="2" sc="440,0,308,0,221,-80,31,80" /><INIT seed="2,0,0,3,3,21" ten="440,308,141,111" oya="2" hai0="28,112,64,1,35,4,120,114,3,74,79,63,105" hai1="127,5,11,89,50,65,94,12,39,8,57,124,122" hai2="128,85,102,109,61,111,75,104,113,95,110,91,118" hai3="59,13,37,6,55,49,101,125,44,70,24,96,78"/><V26/><F113/><W47/><G125/><N who="1" m="48202" /><E39/><V15/><F118/><W73/><G70/><N who="0" m="42271" /><D105/><U123/><E11/><V116/><F116/><W58/><G73/><T66/><D66/><U69/><E69/><V129/><F15/><W14/><G78/><T121/><D28/><U103/><E103/><V82/><F61/><W31/><G59/><T34/><D79/><U19/><E5/><V80/><F26/><W20/><G37/><T134/><D74/><U98/><E65/><V115/><F115/><N who="0" m="44074" /><D134/><U88/><E89/><V99/><F75/><W133/><G133/><T90/><D90/><U40/><E57/><V46/><F46/><AGARI ba="0,0" hai="8,12,19,40,46,50,88,94,98,122,123" m="48202" machi="46" ten="30,2000,0" yaku="18,1,54,1" doraHai="21" who="1" fromWho="2" sc="440,0,308,20,141,-20,111,0" /><INIT seed="3,0,0,3,5,69" ten="440,328,121,111" oya="3" hai0="119,68,135,105,24,76,108,101,122,23,62,40,72" hai1="92,74,103,126,6,124,134,117,127,94,16,97,36" hai2="77,118,35,52,37,2,98,9,51,8,80,25,46" hai3="57,49,21,59,131,95,100,31,53,41,56,3,33"/><W93/><G33/><T1/><D40/><U48/><E74/><V45/><F118/><W55/><G3/><T20/><D20/><U63/><E6/><V75/><F2/><W89/><G131/><T84/><D84/><U125/><E117/><V132/><F132/><W130/><G130/><T115/><D62/><U79/><E79/><V13/><F98/><N who="3" m="59487" /><G31/><T38/><D23/><U58/><E48/><V106/><F106/><W67/><G21/><T0/><D24/><U102/><E127/><V47/><F37/><W99/><G67/><T78/><D101/><U50/><E50/><V116/><F116/><W70/><G70/><T61/><D61/><U22/><E134/><V60/><F60/><W114/><G114/><T112/><D1/><U5/><E5/><V66/><F66/><W121/><G121/><T15/><D78/><U12/><E36/><V83/><F83/><W10/><G10/><T27/><D76/><U28/><E28/><V19/><F8/><W11/><G11/><T86/><D115/><U44/><E103/><V111/><F111/><W109/><G109/><T133/><D133/><U129/><E129/><V65/><F65/><W128/><G128/><T4/><D135/><U123/><E123/><V17/><F35/><W91/><G91/><T71/><D122/><U18/><E18/><V29/><F29/><W42/><G55/><T82/><D108/><U30/><E30/><V113/><F113/><W120/><G120/><T87/><D112/><U107/><E125/><V14/><F25/><W26/><G26/><T73/><D27/><U43/><E126/><RYUUKYOKU ba="0,0" sc="440,-15,328,-15,121,15,111,15" hai2="9,13,14,17,19,45,46,47,51,52,75,77,80" hai3="41,42,49,53,56,57,59,89,93,99" /><INIT seed="3,1,0,5,0,28" ten="425,313,136,126" oya="3" hai0="112,84,66,89,116,110,65,86,8,37,3,35,115" hai1="5,62,11,80,103,99,71,29,57,69,0,45,2" hai2="25,119,96,102,94,105,6,128,30,90,18,117,17" hai3="125,120,55,46,56,98,63,23,49,15,10,121,133"/><W22/><G133/><T122/><D35/><U24/><E2/><V104/><F128/><W109/><G125/><T39/><D116/><U48/><E80/><V43/><F43/><W16/><G109/><T75/><D75/><U32/><E48/><V81/><F81/><W127/><G127/><T26/><D26/><U4/><E45/><V107/><F6/><W52/><REACH who="3" step="1"/><G98/><REACH who="3" ten="425,313,136,116" step="2"/><T130/><D110/><U41/><E99/><V68/><F102/><W101/><G101/><T27/><D115/><U36/><E103/><V67/><F119/><W70/><G70/><T78/><D112/><U91/><E71/><V114/><F117/><W53/><G53/><T97/><D97/><U58/><E69/><V12/><F114/><W42/><G42/><T7/><D130/><U93/><E41/><V92/><F68/><W40/><G40/><T79/><D66/><U20/><E36/><V134/><F134/><W111/><G111/><T131/><D65/><U14/><E58/><V54/><F67/><W129/><G129/><T47/><D131/><U1/><E57/><V88/><F54/><W74/><G74/><T126/><D126/><U59/><E59/><V82/><F82/><W118/><G118/><T38/><D39/><U106/><E106/><V123/><F123/><AGARI ba="1,1" hai="10,15,16,22,23,46,49,52,55,56,63,120,121,123" machi="123" ten="40,12000,1" yaku="1,1,54,2,53,2" doraHai="28" doraHaiUra="50" who="3" fromWho="2" sc="425,0,313,0,136,-123,116,133" /><INIT seed="3,2,0,2,4,76" ten="425,313,13,249" oya="3" hai0="3,28,106,27,78,102,131,0,122,44,74,96,94" hai1="49,99,41,88,104,64,133,68,19,42,113,10,24" hai2="30,52,121,89,93,31,33,36,77,29,34,100,109" hai3="1,58,90,71,13,54,11,92,97,72,2,66,5"/><W108/><G108/><T7/><D122/><U123/><E113/><V39/><F109/><W130/><G130/><T124/><D131/><U70/><E123/><V63/><F121/><W21/><G72/><T132/><D74/><U23/><E133/><V15/><F100/><W84/><G71/><T61/><D78/><U120/><E120/><V103/><F103/><W128/><G128/><T35/><D132/><U125/><E125/><V62/><F77/><W73/><G73/><T53/><D124/><U47/><E64/><V117/><F15/><W55/><G21/><T79/><D79/><U69/><E10/><V8/><F8/><W86/><G1/><T116/><D116/><U22/><E22/><V129/><F129/><W60/><G2/><T81/><D81/><U40/><REACH who="1" step="1"/><E88/><REACH who="1" ten="425,303,13,249" step="2"/><V38/><F117/><W87/><AGARI ba="2,1" hai="5,11,13,54,55,58,60,66,84,86,87,90,92,97" machi="87" ten="30,3000,0" yaku="0,1,8,1" doraHai="76" who="3" fromWho="3" sc="425,-12,303,-12,13,-12,249,46" /><INIT seed="3,3,0,3,5,132" ten="413,291,1,295" oya="3" hai0="50,133,122,100,54,65,105,48,120,64,92,90,91" hai1="30,9,108,63,37,25,126,7,45,112,43,121,26" hai2="95,13,96,22,16,103,89,2,57,20,56,102,118" hai3="88,52,60,70,123,79,23,59,44,24,8,12,99"/><W72/><G123/><T62/><D133/><U106/><E121/><V134/><F2/><W67/><G72/><T114/><D122/><U111/><E112/><V71/><F71/><W115/><G115/><T61/><D120/><U125/><E106/><V10/><F134/><W101/><G79/><T38/><D38/><U110/><E63/><N who="0" m="24073" /><D105/><U47/><E47/><V5/><F118/><W40/><G70/><T1/><D1/><N who="1" m="239" /><E25/><V51/><F22/><AGARI ba="3,0" hai="22,26,30,37,43,45,108,110,111,125,126" m="239" machi="22" ten="30,3900,0" yaku="14,1,52,2" doraHai="132" who="1" fromWho="2" sc="413,0,291,48,1,-48,295,0" owari="413,51.3,339,13.9,-47,-54.7,295,-10.5" /></mjloggm>