<mjloggm ver="2.3"><GO type="225" lobby="0"/><UN n0="%6D%75%75%6D%75%72%61" n1="%E3%81%AF%E3%82%88%E3%81%8A%E3%81%98%E3%81%95%E3%82%93" n2="%72%69%6F%75%63%68%61%6E" n3="%E6%9A%87%E4%BA%BA%EF%BC%A0%E9%85%8D%E4%BF%A1%E5%9E%A2" dan="17,17,17,17" rate="2210.12,2208.39,2178.98,2170.00" sx="F,M,M,M"/><TAIKYOKU oya="0"/><INIT seed="0,0,0,2,5,34" ten="250,250,250,250" oya="0" hai0="71,85,68,91,101,118,23,74,6,63,2,38,97" hai1="67,47,79,36,70,131,83,96,33,135,130,21,87" hai2="24,32,52,53,112,98,86,103,11,133,81,73,122" hai3="7,61,125,110,60,76,77,18,13,49,104,57,56"/><T124/><D118/><U93/><E33/><V28/><F133/><W108/><G104/><T1/><D74/><U64/><E135/><V120/><F112/><W107/><G107/><T106/><D38/><U3/><E3/><V43/><F73/><W46/><G7/><T31/><D124/><U10/><E10/><V50/><F43/><N who="3" m="24799" /><G125/><T39/><D39/><U42/><E21/><V128/><F128/><N who="1" m="49193" /><E70/><V119/><F119/><W14/><G57/><T17/><D31/><U16/><E16/><V51/><F11/><N who="3" m="6463" /><G14/><T100/><D100/><AGARI ba="0,0" hai="36,42,47,64,67,79,83,87,93,96,100" m="49193" machi="100" ten="30,1000,0" yaku="19,1" doraHai="34" who="1" fromWho="0" sc="250,-10,250,10,250,0,250,0" /><INIT seed="1,0,0,4,1,46" ten="240,260,250,250" oya="1" hai0="133,5,44,105,84,42,82,88,29,15,94,28,113" hai1="124,125,95,65,93,9,85,79,98,96,37,60,59" hai2="25,83,102,10,34,101,77,13,47,8,38,50,74" hai3="114,64,103,104,127,49,53,7,27,92,69,16,57"/><U71/><E37/><V119/><F119/><W45/><G114/><T132/><D105/><U73/><E73/><V30/><F38/><W22/><G127/><N who="1" m="48714" /><E9/><V106/><F106/><W6/><G104/><T63/><D113/><U81/><E71/><V87/><F74/><W14/><G69/><T130/><D130/><U72/><E72/><V129/><F129/><W2/><G2/><T54/><D5/><N who="3" m="1545" /><G27/><T68/><D15/><U12/><E12/><V120/><F120/><W109/><G109/><T52/><D68/><U19/><E19/><V122/><F122/><W78/><G78/><T70/><D70/><U55/><E65/><V11/><REACH who="2" step="1"/><F13/><REACH who="2" ten="240,260,240,250" step="2"/><W115/><G115/><T32/><D133/><U112/><E112/><V62/><F62/><N who="3" m="37967" /><G92/><AGARI ba="0,1" hai="55,59,60,79,81,85,92,93,95,96,98" m="48714" machi="92" ten="30,1500,0" yaku="18,1" doraHai="46" who="1" fromWho="3" sc="240,0,260,25,240,0,250,-15" /><INIT seed="1,1,0,2,3,58" ten="240,285,240,235" oya="1" hai0="30,133,38,123,18,129,45,17,108,55,93,35,12" hai1="68,4,101,82,91,56,39,61,73,19,109,43,40" hai2="37,115,105,0,72,33,66,26,113,49,31,89,120" hai3="25,122,65,114,62,118,7,80,95,1,119,83,90"/><U125/><E68/><V67/><F120/><W64/><G122/><T102/><D108/><U52/><E109/><V107/><F37/><W70/><G114/><N who="2" m="43529" /><F0/><W9/><G64/><N who="2" m="24617" /><F72/><W106/><G25/><T104/><D104/><N who="2" m="40010" /><F49/><W79/><G106/><T51/><D123/><U11/><E39/><V41/><F89/><W78/><G78/><T48/><D129/><U57/><E73/><V96/><F96/><W130/><G130/><T20/><D133/><U14/><E125/><V126/><F41/><W16/><G16/><T5/><D38/><U131/><E131/><V29/><F29/><W75/><REACH who="3" step="1"/><G83/><REACH who="3" ten="240,285,240,225" step="2"/><T103/><D18/><U69/><E19/><V27/><F26/><W86/><AGARI ba="1,1" hai="1,7,9,62,65,70,75,79,80,86,90,95,118,119" machi="86" ten="30,8000,1" yaku="1,1,2,1,0,1,52,1,53,1" doraHai="58" doraHaiUra="2" who="3" fromWho="3" sc="240,-21,285,-41,240,-21,225,93" /><INIT seed="2,0,0,3,3,123" ten="219,244,219,318" oya="2" hai0="51,62,113,85,134,2,103,22,20,52,44,42,28" hai1="130,50,1,125,70,96,112,119,77,114,91,4,5" hai2="98,55,76,92,63,68,108,19,38,64,71,90,104" hai3="126,79,120,131,24,6,21,11,105,31,0,122,101"/><V67/><F38/><W43/><G105/><T30/><D113/><U89/><E70/><V95/><F108/><W110/><G101/><T3/><D134/><U15/><E1/><V25/><F104/><W66/><G66/><T36/><D103/><U129/><E119/><V133/><F133/><W93/><G93/><T87/><D3/><U16/><E77/><V61/><F76/><W135/><G135/><T65/><D2/><U58/><E125/><V27/><F19/><W88/><G88/><N who="1" m="33866" /><E96/><V8/><F95/><W39/><G126/><T107/><D107/><U17/><E17/><V78/><F8/><W60/><G60/><T121/><D121/><U69/><E69/><V106/><F106/><W74/><G110/><T57/><D87/><U26/><E26/><V72/><REACH who="2" step="1"/><F55/><REACH who="2" ten="219,244,209,318" step="2"/><W128/><G122/><T73/><D85/><U94/><E94/><V9/><F9/><W132/><G120/><T35/><D73/><U124/><E124/><V54/><F54/><W100/><G132/><T80/><D80/><AGARI ba="0,1" hai="25,27,61,63,64,67,68,71,72,78,80,90,92,98" machi="80" ten="40,3900,0" yaku="1,1,9,1,53,0" doraHai="123" doraHaiUra="118" who="2" fromWho="0" sc="219,-39,244,0,209,49,318,0" /><INIT seed="2,1,0,1,2,122" ten="180,244,258,318" oya="2" hai0="130,79,22,36,41,5,15,18,123,73,78,6,102" hai1="77,7,23,71,35,91,1,59,58,61,84,125,25" hai2="83,51,40,93,128,29,62,107,3,96,113,33,42" hai3="110,82,57,105,21,46,14,92,54,38,101,0,9"/><V80/><F128/><W131/><G131/><T43/><D130/><U19/><E125/><V60/><F113/><W116/><G116/><T117/><D123/><U114/><E114/><V63/><F3/><W2/><G105/><T74/><D117/><U76/><E35/><V115/><F115/><W12/><G82/><T8/><D102/><U94/><E71/><V111/><F111/><W95/><G0/><T103/><D103/><U112/><E112/><V98/><F107/><W13/><G101/><T30/><D5/><U72/><E72/><V132/><F132/><W134/><G134/><T52/><D30/><U100/><E100/><N who="2" m="60431" /><F33/><W85/><G21/><T87/><D73/><U118/><E118/><V86/><F29/><W66/><G110/><T55/><D74/><U120/><E120/><V109/><F109/><W124/><G124/><T65/><D65/><N who="1" m="39095" /><E1/><V126/><F126/><W50/><G85/><T106/><D106/><U133/><E133/><V104/><F104/><W75/><G75/><T17/><D36/><U97/><E7/><V90/><F98/><W70/><G70/><T135/><D6/><U39/><E39/><V99/><F99/><W26/><G2/><T127/><D135/><U11/><E11/><V48/><F80/><W47/><G9/><T32/><D32/><U28/><E28/><V53/><F48/><W49/><G38/><T119/><D127/><U34/><E34/><V37/><F37/><W44/><G66/><T68/><D119/><U81/><E77/><N who="0" m="29193" /><D68/><U121/><E121/><V64/><F64/><W16/><G50/><T10/><D10/><RYUUKYOKU ba="1,0" sc="180,-30,244,10,258,10,318,10" hai1="19,23,25,59,76,81,84,91,94,97" hai2="40,42,51,53,60,62,63,83,86,90" hai3="12,13,14,16,26,44,46,47,49,54,57,92,95" /><INIT seed="2,2,0,1,4,67" ten="150,254,268,328" oya="2" hai0="4,9,109,24,84,116,112,89,13,106,122,111,64" hai1="81,69,38,20,73,96,129,45,120,52,60,63,3" hai2="25,124,104,35,85,108,133,83,7,61,22,6,49" hai3="1,117,126,82,14,11,119,68,100,94,59,33,76"/><V105/><F124/><W32/><G68/><T53/><D112/><U123/><E3/><V12/><F133/><W65/><G1/><T15/><D122/><N who="1" m="46635" /><E129/><V46/><F108/><W42/><G126/><T134/><D134/><U50/><E38/><V91/><F35/><W128/><G42/><T70/><D106/><U80/><E73/><V30/><F61/><N who="1" m="23625" /><E69/><V114/><F114/><W121/><G59/><T5/><D116/><U16/><E96/><V0/><F0/><W43/><G65/><T37/><D37/><U102/><E102/><V39/><F39/><W66/><G66/><T95/><D64/><U79/><E79/><V21/><F6/><W93/><G128/><T125/><D125/><U99/><E99/><V58/><F58/><W88/><G121/><T31/><D70/><U113/><E113/><V62/><F62/><W115/><G115/><T55/><D109/><U135/><E135/><V36/><F36/><W98/><G119/><T26/><D111/><U8/><E8/><V72/><F72/><W17/><G117/><T71/><D71/><U92/><E92/><V75/><F75/><W47/><G82/><T118/><D118/><U18/><E18/><N who="2" m="10439" /><F7/><W41/><G76/><T54/><REACH who="0" step="1"/><D31/><REACH who="0" ten="140,254,268,328" step="2"/><U29/><E29/><V56/><F105/><W107/><G107/><T19/><D19/><U57/><E57/><V34/><F104/><W74/><G17/><T130/><D130/><U77/><E77/><V90/><F56/><W40/><G47/><T132/><D132/><U51/><E51/><V48/><F46/><W127/><G127/><T27/><D27/><AGARI ba="2,1" hai="16,20,27,45,50,52,80,81" m="23625,46635" machi="27" ten="30,7700,0" yaku="6,1,13,1,54,2" doraHai="67" who="1" fromWho="0" sc="140,-83,254,93,268,0,328,0" /><INIT seed="3,0,0,0,4,104" ten="57,347,268,328" oya="3" hai0="107,75,32,66,41,72,11,125,128,67,74,121,45" hai1="25,28,57,64,135,119,12,20,2,58,134,78,0" hai2="108,87,69,122,15,124,132,65,6,53,71,101,29" hai3="22,127,33,47,110,131,51,94,133,106,17,7,130"/><W98/><G33/><T92/><D121/><U100/><E119/><V42/><F29/><W91/><G110/><T84/><D107/><U54/><E78/><V63/><F101/><W114/><G114/><T8/><D32/><U43/><E43/><V31/><F31/><W27/><G127/><T50/><D125/><U36/><E36/><V21/><F124/><W30/><G133/><N who="1" m="50698" /><E100/><V126/><F126/><W59/><G106/><T80/><D128/><N who="3" m="49193" /><G7/><T18/><D92/><U24/><E12/><V85/><F132/><W60/><G30/><T95/><D95/><U37/><E37/><V93/><F108/><W120/><G120/><T76/><REACH who="0" step="1"/><D18/><REACH who="0" ten="47,347,268,328" step="2"/><N who="1" m="12311" /><E64/><AGARI ba="0,1" hai="8,11,41,45,50,64,66,67,72,74,75,76,80,84" machi="64" ten="40,8000,1" yaku="1,1,52,3,53,1" doraHai="104" doraHaiUra="82" who="0" fromWho="1" sc="47,90,347,-80,268,0,328,0" owari="137,-36.3,267,-13.3,268,6.8,328,42.8" /></mjloggm>