<mjloggm ver="2.3"><GO type="225" lobby="0"/><UN n0="%33%74%72%65%65" n1="%65%6B%61%72%75%74%65" n2="%E3%81%B5%E3%81%98%E3%81%8B%E3%81%A4" n3="%E3%83%AB%E3%83%9B%E3%83%B3%E3%83%87%E3%82%A3%E3%82%A8" dan="16,16,16,17" rate="2147.79,2089.61,2132.84,2151.66" sx="F,M,M,M"/><TAIKYOKU oya="0"/><INIT seed="0,0,0,0,0,22" ten="250,250,250,250" oya="0" hai0="6,52,49,11,96,90,13,16,92,81,106,54,24" hai1="119,101,27,125,61,127,53,46,115,14,122,120,58" hai2="71,9,64,129,93,130,84,97,76,98,51,39,0" hai3="73,12,31,105,103,30,19,109,95,18,20,42,26"/><T121/><D121/><U63/><E119/><V110/><F39/><W60/><G73/><T123/><D123/><U75/><E75/><V74/><F110/><W66/><G105/><T100/><D49/><U25/><E115/><V82/><F51/><W59/><G109/><T62/><D62/><U35/><E35/><V89/><F71/><W79/><G79/><T2/><D81/><U107/><E14/><V116/><F64/><W38/><G42/><T47/><D47/><U70/><E46/><V113/><F9/><W41/><G41/><T135/><D135/><U117/><E117/><V99/><F0/><W91/><G103/><T45/><D45/><U134/><E134/><V28/><F28/><W68/><G68/><T104/><D24/><N who="1" m="9291" /><E120/><V17/><F17/><W118/><G38/><T57/><D57/><U126/><E122/><V88/><F116/><W8/><REACH who="3" step="1"/><G118/><REACH who="3" ten="250,250,250,240" step="2"/><T34/><D106/><U23/><E70/><V69/><F69/><W114/><G114/><T132/><D132/><U55/><E101/><V111/><F111/><W1/><G1/><T21/><REACH who="0" step="1"/><D34/><REACH who="0" ten="240,250,250,240" step="2"/><U4/><E107/><V77/><F113/><W37/><G37/><T72/><D72/><U10/><E125/><V48/><F74/><W83/><G83/><T65/><D65/><U85/><E127/><V44/><F82/><W50/><G50/><T128/><D128/><N who="2" m="49258" /><F48/><W131/><G131/><T86/><AGARI ba="0,2" hai="2,6,11,13,16,21,52,54,86,90,92,96,100,104" machi="86" ten="20,12000,1" yaku="1,1,0,1,7,1,54,2,53,0" doraHai="22" doraHaiUra="29" who="0" fromWho="0" sc="240,140,250,-40,250,-40,240,-40" /><INIT seed="0,1,0,5,4,109" ten="380,210,210,200" oya="0" hai0="71,39,10,50,122,60,100,14,45,135,106,114,46" hai1="112,55,73,74,110,15,77,29,53,85,43,111,96" hai2="27,51,66,124,37,6,129,20,113,69,88,12,95" hai3="54,79,56,64,21,130,28,42,90,75,40,80,63"/><T104/><D122/><U83/><E43/><V76/><F124/><W8/><G130/><T38/><D135/><U2/><E2/><V82/><F37/><W99/><G8/><T107/><D100/><U118/><E118/><V89/><F129/><W131/><G131/><T128/><D114/><U127/><E127/><V57/><F113/><W70/><G28/><T44/><D50/><U33/><E112/><V81/><F69/><W86/><G99/><T3/><D3/><U47/><E33/><V119/><F76/><W13/><G21/><T68/><D128/><U61/><E29/><V115/><F115/><W1/><G13/><T48/><D48/><U125/><E125/><V18/><F89/><W25/><G25/><T59/><D39/><U62/><E96/><V58/><F66/><W132/><G132/><T34/><D34/><U16/><E47/><V0/><F0/><W103/><G103/><T5/><REACH who="0" step="1"/><D38/><REACH who="0" ten="370,210,210,200" step="2"/><U35/><E35/><V98/><F119/><W32/><G32/><T11/><D11/><U87/><E111/><V123/><F123/><W102/><G102/><T94/><D94/><U52/><E110/><V31/><F51/><W78/><G1/><T116/><D116/><U92/><E74/><V121/><F121/><W93/><G78/><T26/><D26/><U17/><E73/><V22/><F6/><W30/><G30/><T4/><D4/><U105/><E105/><V91/><F91/><W120/><G120/><T41/><D41/><U49/><E49/><AGARI ba="1,1" hai="40,42,49,54,56,63,64,70,75,79,80,86,90,93" machi="49" ten="30,1000,0" yaku="7,1" doraHai="109" who="3" fromWho="1" sc="370,0,210,-13,210,0,200,23" /><INIT seed="1,0,0,1,5,123" ten="370,197,210,223" oya="1" hai0="118,66,120,62,67,51,77,32,10,5,21,94,105" hai1="75,15,114,133,130,41,19,48,76,27,109,26,134" hai2="18,99,82,49,14,55,87,90,24,9,23,50,54" hai3="45,81,56,124,58,121,73,40,126,127,128,129,86"/><U103/><E114/><V108/><F108/><W53/><G73/><T135/><D105/><U17/><E130/><N who="3" m="50282" /><G86/><T34/><D118/><U71/><E71/><V22/><F99/><W106/><G81/><T60/><D77/><U122/><E122/><V6/><F23/><W93/><G93/><T20/><D94/><U42/><E103/><V65/><F65/><W100/><G100/><T3/><D51/><AGARI ba="0,0" hai="6,9,14,18,22,24,49,50,51,54,55,82,87,90" machi="51" ten="40,1300,0" yaku="8,1" doraHai="123" who="2" fromWho="0" sc="370,-13,197,0,210,13,223,0" /><INIT seed="2,0,0,0,5,56" ten="357,197,223,223" oya="2" hai0="76,14,127,7,61,10,75,29,134,82,41,57,67" hai1="46,99,49,87,108,55,92,33,21,16,39,1,117" hai2="93,112,79,114,104,3,65,20,12,45,25,36,43" hai3="60,124,118,86,5,32,105,132,74,133,100,119,44"/><V18/><F104/><W30/><G86/><T129/><D129/><U6/><E117/><V106/><F3/><W59/><G74/><T102/><D134/><N who="3" m="51817" /><G5/><T48/><D127/><U9/><E33/><V85/><F106/><W73/><G73/><T109/><D109/><U38/><E87/><V126/><F126/><W50/><G30/><T68/><D29/><U34/><E34/><V116/><F116/><W115/><G32/><T89/><D102/><U95/><E108/><V13/><F114/><W26/><G26/><T63/><D89/><U66/><E66/><V58/><F112/><W91/><G91/><T35/><D35/><U83/><E83/><V130/><F93/><W123/><G123/><T90/><D90/><U23/><E23/><V4/><F130/><W94/><G94/><T47/><D75/><U42/><E42/><V81/><REACH who="2" step="1"/><F4/><REACH who="2" ten="357,197,213,223" step="2"/><W111/><G124/><T15/><D7/><U78/><E95/><V0/><F0/><W77/><G115/><T31/><D82/><U64/><E92/><V22/><F22/><W88/><G111/><T52/><D10/><U17/><E21/><V125/><F125/><W72/><G118/><T135/><D135/><U103/><E1/><V120/><F120/><W62/><G119/><T70/><D31/><U131/><E6/><V69/><F69/><W54/><G105/><T19/><D70/><U40/><E131/><V11/><F11/><W84/><G100/><T98/><D68/><U101/><E101/><V51/><F51/><W71/><G71/><N who="0" m="42479" /><D48/><U107/><E103/><V128/><F128/><W27/><G50/><RYUUKYOKU ba="0,1" sc="357,-10,197,-10,213,30,223,-10" hai2="12,13,18,20,25,36,43,45,58,65,79,81,85" /><INIT seed="2,1,1,2,3,88" ten="347,187,243,213" oya="2" hai0="67,19,29,52,15,117,16,25,84,112,58,13,8" hai1="18,40,85,133,77,123,27,101,129,50,76,80,122" hai2="24,103,47,0,23,22,83,119,134,14,125,68,69" hai3="73,66,131,94,59,42,86,72,5,130,82,61,118"/><V6/><F119/><W12/><G118/><T41/><D112/><U57/><E129/><N who="3" m="49162" /><G42/><T20/><D117/><U105/><E133/><V108/><F125/><W48/><G48/><T81/><D41/><U127/><E127/><V90/><F134/><W9/><G94/><T35/><D67/><U28/><E18/><V115/><F0/><W120/><G120/><T26/><D29/><U32/><E77/><AGARI ba="1,1" hai="5,9,12,59,61,66,72,73,77,82,86" m="49162" machi="77" ten="30,1000,0" yaku="19,1" doraHai="88" who="3" fromWho="1" sc="347,0,187,-13,243,0,213,23" /><INIT seed="3,0,0,1,2,89" ten="347,174,243,236" oya="3" hai0="50,121,100,49,10,122,90,60,44,69,15,47,99" hai1="24,85,103,33,96,21,93,2,120,107,74,70,77" hai2="11,127,101,128,17,42,46,43,40,20,55,23,6" hai3="134,125,108,82,8,26,79,112,51,16,12,97,81"/><W91/><G112/><T110/><D110/><U71/><E120/><V64/><F127/><W104/><G134/><T133/><D133/><U118/><E118/><V65/><F128/><W117/><G117/><T87/><D69/><U126/><E126/><V22/><F101/><W59/><G125/><T5/><D60/><U95/><E33/><V27/><F55/><N who="3" m="32255" /><G104/><T111/><D111/><U114/><E2/><V88/><F46/><W31/><G79/><T61/><D61/><U94/><E114/><V123/><F6/><W0/><G0/><T25/><D25/><U67/><E67/><V52/><F123/><W86/><G97/><T19/><D5/><U56/><E56/><V115/><F27/><W124/><G108/><T7/><D7/><U4/><E4/><V75/><F75/><W53/><G53/><N who="0" m="29863" /><D99/><U54/><E54/><V9/><F52/><W73/><G73/><T41/><D100/><U68/><E74/><V1/><F1/><W102/><G102/><T36/><D36/><U45/><E45/><V3/><F3/><W113/><G113/><T80/><AGARI ba="0,0" hai="10,15,19,41,47,50,80,87,90,121,122" m="29863" machi="80" ten="30,1100,0" yaku="25,1" doraHai="89" who="0" fromWho="0" sc="347,11,174,-3,243,-3,236,-5" owari="358,45.8,171,-32.9,240,4.0,231,-16.9" /></mjloggm>