<mjloggm ver="2.3"><GO type="225" lobby="0"/><UN n0="%72%69%6F%75%63%68%61%6E" n1="%E6%A1%9C%E8%8A%B1%E9%96%83%E3%80%85" n2="%E3%82%A2%E3%83%A1%E3%82%A2%E3%83%A9%E3%83%AC" n3="%E3%81%A4%E3%81%A3%E3%81%B1%E3%82%8A%E3%83%9D%E3%83%BC%E3%83%AB" dan="16,16,16,17" rate="2162.58,2209.96,2120.81,2232.71" sx="M,M,M,M"/><TAIKYOKU oya="0"/><INIT seed="0,0,0,1,5,123" ten="250,250,250,250" oya="0" hai0="66,77,76,64,29,118,23,25,22,111,75,43,19" hai1="46,126,83,39,54,70,131,69,5,78,108,38,3" hai2="127,121,60,68,27,61,106,89,120,49,17,55,41" hai3="92,105,67,116,40,134,57,91,63,90,9,109,6"/><T59/><D111/><U15/><E15/><V112/><F106/><W21/><G116/><T0/><D118/><U88/><E88/><V81/><F127/><W113/><G105/><T8/><D43/><U107/><E107/><V93/><F112/><W31/><G113/><T99/><D99/><U52/><E126/><V110/><F41/><W53/><G134/><T34/><D22/><U73/><E131/><V33/><F81/><W135/><G135/><T18/><D18/><U24/><E24/><V129/><F129/><W103/><G40/><T117/><D117/><U96/><E96/><V14/><F27/><N who="3" m="16879" /><G53/><N who="1" m="20586" /><E39/><V48/><F33/><W11/><G109/><T36/><D36/><U50/><E50/><V98/><F48/><W26/><G26/><T94/><D94/><U4/><E4/><V101/><F110/><W32/><G32/><T47/><D75/><U125/><E125/><V56/><F89/><N who="3" m="33803" /><G6/><N who="0" m="1095" /><D77/><U30/><E30/><V20/><REACH who="2" step="1"/><F68/><REACH who="2" ten="250,250,240,250" step="2"/><W115/><G115/><T79/><D76/><U104/><E104/><V133/><F133/><W97/><AGARI ba="0,1" hai="9,11,57,63,67,92,97,103" m="33803,16879" machi="97" ten="30,2000,0" yaku="25,1,8,1" doraHai="123" who="3" fromWho="3" sc="250,-10,250,-5,240,-5,250,30" /><INIT seed="1,0,0,1,0,31" ten="240,245,235,280" oya="1" hai0="103,54,14,6,60,80,106,27,76,102,96,28,99" hai1="56,36,114,72,132,127,107,84,92,17,118,120,95" hai2="13,78,51,5,74,135,121,123,85,133,112,39,77" hai3="11,88,68,16,105,55,131,94,129,79,24,9,125"/><U108/><RYUUKYOKU type="yao9" ba="0,0" sc="240,0,245,0,235,0,280,0" hai1="17,36,56,72,84,92,95,107,108,114,118,120,127,132" /><INIT seed="1,1,0,3,1,24" ten="240,245,235,280" oya="1" hai0="106,10,30,76,107,26,121,126,130,77,96,112,20" hai1="125,109,113,68,115,124,90,1,127,105,111,6,66" hai2="18,103,91,32,41,52,31,58,79,25,81,37,69" hai3="23,100,129,59,93,50,133,101,60,38,33,119,3"/><U87/><E6/><V46/><F69/><W7/><G38/><T135/><D112/><N who="1" m="43083" /><E1/><V27/><F103/><W62/><G33/><T39/><D126/><N who="1" m="32259" /><U61/><DORA hai="82" /><E105/><V108/><F108/><N who="1" m="41545" /><E90/><V128/><F128/><W11/><G129/><T89/><D135/><U98/><E87/><V102/><F102/><W73/><G7/><T29/><D121/><U97/><AGARI ba="1,0" hai="61,66,68,97,98" m="41545,32259,43083" machi="97" ten="50,9600,0" yaku="18,1,14,1,10,1" doraHai="24,82" who="1" fromWho="1" sc="240,-33,245,99,235,-33,280,-33" /><INIT seed="1,2,0,1,3,54" ten="207,344,202,247" oya="1" hai0="88,100,121,47,123,16,129,27,30,135,43,3,93" hai1="66,67,25,65,14,84,0,56,89,40,12,41,74" hai2="62,95,120,103,38,85,101,10,73,29,1,15,92" hai3="39,68,77,69,2,128,50,11,111,112,81,49,34"/><U23/><E74/><V33/><F73/><W59/><G112/><T87/><D3/><U105/><E105/><V48/><F38/><W130/><G39/><T110/><D110/><U104/><E104/><V36/><F1/><W108/><G34/><T86/><D129/><N who="3" m="49769" /><G11/><T8/><D135/><U35/><E35/><V79/><F36/><W18/><G18/><T57/><D100/><U117/><E117/><V4/><F120/><N who="0" m="46154" /><D57/><U20/><E0/><V99/><F48/><N who="3" m="18539" /><G2/><T21/><D43/><N who="1" m="16459" /><E56/><V126/><F126/><W13/><G13/><N who="1" m="5226" /><E25/><V109/><F109/><N who="3" m="42059" /><G59/><T71/><D47/><U28/><E28/><V125/><F125/><W37/><G37/><T70/><D86/><AGARI ba="2,0" hai="68,69,77,81,86" m="42059,18539,49769" machi="86" ten="30,2000,0" yaku="19,1,14,1" doraHai="54" who="3" fromWho="0" sc="207,-26,344,0,202,0,247,26" /><INIT seed="2,0,0,0,3,27" ten="181,344,202,273" oya="2" hai0="11,117,28,77,105,74,95,61,63,55,64,24,23" hai1="22,70,108,82,121,123,72,66,114,69,19,62,18" hai2="8,83,96,127,44,112,109,93,13,9,92,115,110" hai3="57,129,67,7,6,33,86,102,132,101,36,88,14"/><V130/><F130/><W89/><G36/><T51/><D105/><U126/><E114/><V41/><F127/><W0/><G33/><T97/><D117/><U65/><E108/><N who="2" m="41579" /><F83/><N who="3" m="49247" /><G0/><T48/><D11/><N who="2" m="4170" /><F13/><W50/><G132/><T104/><D104/><U79/><E126/><V54/><F54/><N who="3" m="31959" /><G67/><T1/><D1/><U106/><E106/><V100/><F93/><W16/><G89/><T60/><D77/><U107/><E107/><V39/><AGARI ba="0,0" hai="39,41,44,92,96,100,112,115" m="4170,41579" machi="39" ten="30,3000,0" yaku="14,1,10,1" doraHai="27" who="2" fromWho="2" sc="181,-10,344,-10,202,30,273,-10" /><INIT seed="2,1,0,2,5,128" ten="171,334,232,263" oya="2" hai0="47,9,135,19,48,17,12,68,32,30,98,127,126" hai1="86,31,121,67,26,42,58,63,36,5,52,2,16" hai2="14,104,7,116,78,93,13,111,80,73,91,66,74" hai3="95,11,15,70,107,33,62,10,117,41,72,64,39"/><V81/><F116/><W130/><G117/><T46/><D68/><U27/><E121/><V69/><F104/><W49/><G107/><T40/><D32/><U8/><E86/><V25/><F111/><W134/><G33/><T94/><D30/><U61/><E31/><V18/><F7/><W97/><G130/><T57/><D57/><U44/><E16/><V1/><F1/><W123/><G72/><T54/><D135/><U108/><E108/><V37/><F37/><W28/><G39/><T20/><D46/><U120/><E120/><V3/><F3/><W59/><G123/><T35/><D35/><U118/><E118/><V119/><F119/><W110/><G110/><T29/><D29/><U43/><E43/><V113/><F113/><W82/><G28/><T77/><D77/><U131/><E131/><V90/><F25/><W125/><G134/><T96/><D40/><U4/><E4/><V106/><F106/><W75/><G70/><AGARI ba="1,0" hai="2,5,8,26,27,36,42,44,52,58,61,63,67,70" machi="70" ten="30,2000,0" yaku="7,1,54,1" doraHai="128" who="1" fromWho="3" sc="171,0,334,23,232,0,263,-23" /><INIT seed="3,0,0,0,5,76" ten="171,357,232,240" oya="3" hai0="63,33,134,48,105,131,24,81,14,32,111,60,103" hai1="26,59,75,118,115,84,62,34,106,67,125,112,42" hai2="73,94,23,110,45,55,129,99,101,113,43,53,13" hai3="36,15,72,9,117,49,126,3,86,108,16,69,85"/><W28/><G36/><T120/><D120/><U87/><E75/><V128/><F113/><W88/><G117/><T17/><D131/><N who="2" m="50250" /><F73/><W25/><G72/><T65/><D134/><U70/><E59/><V21/><F110/><W29/><G69/><T7/><D111/><U5/><E5/><V37/><F13/><W0/><G108/><T6/><D48/><U124/><E42/><V123/><F123/><W74/><G74/><T109/><D109/><U130/><E106/><V46/><F46/><W133/><G126/><N who="1" m="48746" /><E118/><V90/><F101/><W31/><G133/><T71/><D32/><U97/><E97/><V2/><F2/><W1/><G49/><T77/><D63/><U8/><E8/><V104/><F104/><W18/><G86/><N who="1" m="32810" /><E130/><V107/><F107/><W20/><REACH who="3" step="1"/><G1/><REACH who="3" ten="171,357,232,230" step="2"/><T119/><D119/><U27/><E34/><V57/><F53/><W61/><G61/><AGARI ba="0,1" hai="21,23,37,43,45,55,57,61,90,94,99" m="50250" machi="61" ten="30,1000,0" yaku="19,1" doraHai="76" who="2" fromWho="3" sc="171,0,357,0,232,20,230,-10" owari="171,-32.9,357,45.7,252,5.2,220,-18.0" /></mjloggm>