<mjloggm ver="2.3"><GO type="225" lobby="0"/><UN n0="%E3%83%99%E3%83%AB%E3%83%A2%E3%83%83%E3%83%88" n1="%E3%83%97%E3%83%AC%E3%83%B4%E3%82%A1%E3%83%86%E3%82%A3" n2="%6D%61%74%69%67%75%73%61" n3="%E3%81%BF%E3%81%BF%E3%81%9A" dan="16,16,17,16" rate="2096.96,2094.43,2231.87,2136.15" sx="M,F,M,M"/><TAIKYOKU oya="0"/><INIT seed="0,0,0,5,3,74" ten="250,250,250,250" oya="0" hai0="64,12,8,109,118,130,11,29,53,126,128,6,67" hai1="23,19,75,30,101,113,79,83,99,116,86,51,107" hai2="91,34,36,131,88,17,26,93,135,133,68,108,39" hai3="96,65,16,102,127,58,90,89,82,22,38,31,55"/><T45/><D118/><U32/><E113/><V10/><F68/><W110/><G38/><T62/><D29/><U87/><E116/><V21/><F108/><W124/><G65/><T73/><D126/><N who="3" m="48169" /><G31/><T42/><D73/><U47/><E30/><V85/><F34/><W43/><G43/><T92/><D109/><U122/><E32/><V71/><F71/><W80/><G110/><T121/><D121/><U40/><REACH who="1" step="1"/><E122/><REACH who="1" ten="250,240,250,250" step="2"/><V3/><F131/><W81/><G96/><T4/><D128/><U54/><E54/><V27/><F135/><W24/><G102/><T14/><D53/><U57/><E57/><V78/><F133/><W13/><G24/><AGARI ba="0,1" hai="19,23,24,40,47,51,75,79,83,86,87,99,101,107" machi="24" ten="30,3900,0" yaku="1,1,7,1,52,1,53,0" doraHai="74" doraHaiUra="125" who="1" fromWho="3" sc="250,0,240,49,250,0,250,-39" /><INIT seed="1,0,0,4,1,101" ten="250,289,250,211" oya="1" hai0="23,38,97,2,54,82,76,30,36,130,53,128,104" hai1="88,89,13,116,47,79,96,71,52,29,121,131,114" hai2="10,118,65,98,91,117,102,100,20,15,25,60,7" hai3="24,14,28,4,122,83,50,41,5,112,132,115,3"/><U42/><E121/><V135/><F135/><W90/><G122/><T46/><D2/><U74/><E114/><V95/><F118/><W43/><G3/><T32/><D32/><U77/><E116/><V27/><F117/><W34/><G132/><T22/><D30/><U127/><E71/><V31/><REACH who="2" step="1"/><F25/><REACH who="2" ten="250,289,240,211" step="2"/><W73/><G115/><T9/><D128/><U119/><E131/><V69/><AGARI ba="0,1" hai="7,10,15,20,27,31,60,65,69,91,95,98,100,102" machi="69" ten="20,5200,0" yaku="1,1,2,1,0,1,7,1,53,0" doraHai="101" doraHaiUra="129" who="2" fromWho="2" sc="250,-13,289,-26,240,62,211,-13" /><INIT seed="2,0,0,5,5,9" ten="237,263,302,198" oya="2" hai0="60,29,63,40,1,85,123,125,65,16,100,93,68" hai1="32,74,66,12,13,24,113,109,124,95,31,82,127" hai2="117,114,134,49,21,14,35,101,105,4,0,59,47" hai3="131,10,119,116,37,73,102,135,15,75,34,45,5"/><V22/><F35/><W41/><G34/><T69/><D1/><U39/><E39/><V120/><F114/><W58/><G135/><T89/><D123/><U130/><E113/><V77/><F117/><W83/><G131/><T97/><D125/><N who="1" m="48203" /><E130/><V72/><F0/><W33/><G33/><T132/><D132/><U8/><E109/><V64/><F120/><W19/><G102/><T128/><D29/><U2/><E66/><V103/><F72/><W104/><G104/><T36/><D128/><U86/><E74/><V108/><F77/><W88/><G75/><T84/><D40/><U90/><E82/><V133/><F108/><W6/><G58/><T55/><D36/><U44/><E44/><V23/><F105/><W106/><G106/><T56/><D69/><U61/><E61/><N who="2" m="37951" /><F134/><W50/><G37/><T43/><D43/><U52/><E52/><N who="2" m="29759" /><F133/><W92/><G83/><T62/><D62/><U57/><E57/><V111/><F111/><W112/><G73/><T27/><REACH who="0" step="1"/><D100/><REACH who="0" ten="227,263,302,198" step="2"/><N who="2" m="38474" /><F4/><AGARI ba="0,1" hai="2,4,8,12,13,24,31,32,86,90,95" m="48203" machi="4" ten="30,3900,0" yaku="18,1,52,2" doraHai="9" who="1" fromWho="2" sc="227,0,263,49,302,-39,198,0" /><INIT seed="3,0,0,1,5,69" ten="227,312,263,198" oya="3" hai0="67,35,37,19,123,56,92,113,135,132,134,94,24" hai1="31,86,22,95,65,15,63,112,41,133,52,26,0" hai2="36,108,29,88,48,10,47,109,14,23,25,17,100" hai3="62,75,111,21,128,99,90,18,127,81,118,1,55"/><W68/><G118/><T97/><D123/><U53/><E112/><V66/><F100/><W77/><G1/><T130/><D113/><U85/><E0/><V82/><F66/><W98/><G127/><T28/><D130/><U7/><E133/><V72/><F36/><W119/><G119/><T38/><D19/><U20/><E41/><V124/><F124/><W58/><G128/><T96/><D67/><U8/><E22/><V83/><F72/><W61/><G111/><N who="2" m="42569" /><F88/><W107/><G107/><T54/><D54/><AGARI ba="0,0" hai="10,14,17,23,25,29,47,48,54,82,83" m="42569" machi="54" ten="30,1000,0" yaku="14,1" doraHai="69" who="2" fromWho="0" sc="227,-10,312,0,263,10,198,0" owari="217,-18.3,312,41.2,273,7.3,198,-30.2" /></mjloggm>