<mjloggm ver="2.3"><GO type="225" lobby="0"/><UN n0="%E4%B8%89%E5%86%A0%E7%8E%8B%E3%83%BB%E5%B1%B1%E7%94%B0%E5%93%B2%E4%BA%BA" n1="%E3%81%A9%E3%82%8F%E3%82%93%E3%81%94" n2="%E2%98%86%E5%AD%AB%E7%87%95%E5%A7%BF%E2%98%86" n3="%54%4F%52" dan="16,16,16,17" rate="2140.75,2199.74,2173.30,2252.97" sx="M,M,M,M"/><TAIKYOKU oya="0"/><INIT seed="0,0,0,5,0,120" ten="250,250,250,250" oya="0" hai0="68,110,132,57,93,123,112,9,6,98,56,76,30" hai1="121,86,128,71,127,122,23,118,80,10,108,97,21" hai2="45,99,134,22,29,36,66,27,35,65,31,37,58" hai3="32,92,75,50,74,133,125,7,53,25,70,113,34"/><T18/><D123/><U8/><E118/><V41/><F134/><W135/><G113/><T119/><D112/><U77/><E71/><V129/><F37/><W63/><G125/><T16/><D68/><U14/><E127/><V3/><F3/><W17/><G7/><T87/><D119/><U104/><E128/><V47/><F129/><W15/><G92/><T1/><D30/><U67/><E67/><V106/><F47/><W102/><G102/><T40/><D40/><U60/><E60/><V69/><F58/><W95/><G95/><T28/><D28/><U12/><E108/><V48/><F36/><W4/><G74/><T11/><D110/><U131/><E131/><V20/><F69/><W38/><G75/><T78/><D132/><N who="3" m="50761" /><G38/><T46/><D46/><U0/><E0/><V100/><REACH who="2" step="1"/><F35/><REACH who="2" ten="250,250,240,250" step="2"/><W49/><G32/><T55/><D57/><U62/><E122/><V13/><F13/><W51/><G34/><T73/><D56/><U114/><E121/><V85/><F85/><W42/><G70/><T33/><D87/><U2/><E2/><V124/><F124/><W44/><G15/><T79/><D33/><U88/><E114/><V43/><F43/><W117/><G44/><T109/><D73/><U116/><E116/><V5/><F5/><W54/><G4/><T111/><D111/><U81/><E12/><V19/><F19/><N who="0" m="7210" /><D109/><U83/><E62/><V126/><F126/><W39/><G117/><T61/><D6/><N who="1" m="3351" /><E10/><V96/><F96/><W82/><G63/><T103/><D1/><U105/><E97/><V94/><F94/><W107/><G42/><RYUUKYOKU ba="0,1" sc="250,15,250,-15,240,15,250,-15" hai0="9,11,55,61,76,78,79,93,98,103" hai2="20,22,27,29,31,41,45,48,65,66,99,100,106" /><INIT seed="0,1,1,4,2,127" ten="265,235,255,235" oya="0" hai0="124,65,23,44,75,89,11,4,57,135,55,3,113" hai1="98,42,103,99,114,134,132,6,13,91,76,117,16" hai2="56,2,110,33,122,67,86,17,95,5,28,66,125" hai3="40,97,52,29,123,100,121,22,81,111,31,30,78"/><T115/><D124/><U77/><E117/><V116/><F125/><W59/><G40/><T71/><D75/><U63/><E6/><V93/><F110/><W21/><G111/><T36/><D135/><N who="1" m="51755" /><E42/><V88/><F122/><N who="3" m="46603" /><G81/><T68/><D89/><U106/><E114/><V92/><F116/><W1/><G78/><N who="1" m="30314" /><E63/><V82/><F5/><W27/><G1/><T73/><D73/><U53/><E53/><V108/><F2/><W60/><G27/><T129/><D55/><U38/><E38/><V8/><F108/><W19/><G19/><T15/><D36/><U26/><E26/><V7/><F7/><W96/><G96/><T133/><D133/><U35/><E35/><V41/><F41/><W12/><G12/><T83/><D15/><U130/><E130/><V120/><F120/><W37/><G37/><T94/><D129/><U101/><E91/><V112/><F112/><W80/><G80/><T46/><D83/><U70/><E70/><V32/><F32/><W51/><G60/><N who="0" m="38031" /><D115/><U39/><E39/><V43/><F43/><W104/><AGARI ba="1,1" hai="21,22,29,30,31,51,52,59,97,100,104" m="46603" machi="104" ten="30,2000,0" yaku="13,1,54,1" doraHai="127" who="3" fromWho="3" sc="265,-11,235,-6,255,-6,235,33" /><INIT seed="1,0,0,3,3,38" ten="254,229,249,268" oya="1" hai0="67,119,7,57,56,48,97,109,73,31,10,129,44" hai1="71,4,75,135,114,87,36,118,123,107,33,121,17" hai2="20,0,22,76,68,28,125,40,62,1,69,101,108" hai3="95,90,2,42,86,126,131,19,32,60,47,9,92"/><U25/><RYUUKYOKU type="yao9" ba="0,0" sc="254,0,229,0,249,0,268,0" hai1="4,17,25,33,36,71,75,87,107,114,118,121,123,135" /><INIT seed="1,1,0,2,5,82" ten="254,229,249,268" oya="1" hai0="133,0,102,47,79,90,98,48,20,108,23,22,61" hai1="44,24,15,45,130,60,2,99,3,121,100,27,128" hai2="92,57,96,101,52,80,14,73,62,12,11,26,114" hai3="118,120,21,51,54,6,30,77,18,113,64,35,33"/><U109/><E121/><V31/><F114/><W43/><G113/><T7/><D108/><U13/><E60/><V116/><F116/><W1/><G120/><T112/><D112/><U65/><E99/><V32/><REACH who="2" step="1"/><F11/><REACH who="2" ten="254,229,239,268" step="2"/><W71/><G118/><T25/><D133/><U86/><E109/><V134/><F134/><W94/><G35/><T10/><D22/><U38/><E38/><V37/><F37/><W125/><G21/><T122/><D20/><U50/><E130/><V123/><F123/><W8/><G8/><T49/><D122/><U104/><E128/><V68/><F68/><W67/><G71/><T28/><D10/><U111/><E111/><V4/><F4/><W69/><G6/><T70/><D7/><U40/><E3/><V110/><F110/><W132/><G69/><T105/><D0/><U39/><E2/><V129/><F129/><W63/><G33/><T83/><D70/><U135/><E135/><V46/><F46/><W84/><G1/><T72/><D47/><U87/><E39/><V56/><F56/><W127/><G132/><T81/><D23/><U97/><E45/><V106/><F106/><W131/><G131/><T95/><D105/><U55/><E104/><V9/><F9/><W19/><G19/><T76/><D25/><U58/><E27/><V66/><F66/><W16/><G18/><T115/><D115/><U53/><E24/><V59/><F59/><W42/><G16/><T74/><D28/><U29/><E29/><V17/><F17/><W75/><G64/><T107/><D61/><N who="1" m="38071" /><E44/><V78/><AGARI ba="1,1" hai="12,14,26,31,32,52,57,62,73,78,80,92,96,101" machi="78" ten="30,4000,0" yaku="1,1,0,1,54,1,53,0" doraHai="82" doraHaiUra="103" who="2" fromWho="2" sc="254,-11,229,-21,239,53,268,-11" /><INIT seed="2,0,0,0,2,92" ten="243,208,292,257" oya="2" hai0="85,22,20,30,50,121,84,111,42,76,112,110,95" hai1="97,37,24,26,131,93,62,82,63,64,104,15,19" hai2="28,115,9,38,46,119,100,130,60,36,29,66,44" hai3="125,90,108,102,133,31,98,135,35,134,57,126,81"/><V96/><F115/><W101/><G35/><T128/><D112/><U45/><E131/><V14/><F119/><W51/><G31/><T94/><D121/><U49/><E104/><V18/><F130/><W55/><G108/><T78/><D128/><U39/><E82/><V41/><F44/><W103/><G81/><T105/><D50/><U13/><E39/><V83/><F83/><W52/><G90/><T70/><D70/><U80/><E80/><V27/><F27/><W89/><G89/><T40/><D105/><U99/><E37/><V12/><F12/><W32/><G32/><T113/><D113/><U114/><E114/><V123/><F38/><W118/><G118/><T109/><D109/><U132/><E132/><V59/><REACH who="2" step="1"/><F123/><REACH who="2" ten="243,208,282,257" step="2"/><W116/><G116/><T8/><D30/><U0/><E0/><V61/><F61/><N who="1" m="23049" /><E64/><V16/><F16/><W65/><G65/><T71/><D71/><U4/><E4/><V73/><F73/><W48/><REACH who="3" step="1"/><G98/><REACH who="3" ten="243,208,282,247" step="2"/><N who="1" m="37386" /><E93/><AGARI ba="0,2" hai="9,14,18,28,29,36,41,46,59,60,66,93,96,100" machi="93" ten="30,11600,0" yaku="1,1,7,1,52,1,53,1" doraHai="92" doraHaiUra="54" who="2" fromWho="1" sc="243,0,208,-116,282,136,247,0" /><INIT seed="2,1,0,0,4,4" ten="243,92,418,247" oya="2" hai0="26,39,7,105,72,112,92,121,55,22,129,31,104" hai1="19,108,63,128,89,59,57,53,69,118,35,38,32" hai2="51,3,10,74,25,119,94,117,8,45,86,90,15" hai3="115,130,125,36,106,23,47,30,50,84,13,67,42"/><V16/><F74/><W18/><G106/><T71/><D39/><U14/><E118/><V113/><F113/><W60/><G130/><T111/><D71/><U109/><E128/><V0/><F25/><W62/><G115/><T1/><D72/><U58/><E69/><V116/><REACH who="2" step="1"/><F8/><REACH who="2" ten="243,92,408,247" step="2"/><W85/><G125/><T52/><D26/><U73/><E73/><V5/><F5/><W95/><G36/><T103/><D7/><U93/><E38/><V27/><F27/><W127/><G127/><T40/><D112/><U122/><E122/><V114/><F114/><W78/><G30/><T17/><D31/><U44/><E35/><V81/><F81/><W91/><G67/><T98/><D121/><U107/><E32/><V64/><F64/><W54/><G42/><AGARI ba="1,1" hai="0,3,10,15,16,42,45,51,86,90,94,116,117,119" machi="42" ten="40,12000,1" yaku="1,1,52,1,54,1,53,1" doraHai="4" doraHaiUra="82" who="2" fromWho="3" sc="243,0,92,0,408,133,247,-123" /><INIT seed="2,2,0,2,1,126" ten="243,92,541,124" oya="2" hai0="10,130,19,109,118,132,36,1,55,56,20,75,94" hai1="54,5,115,41,21,68,22,125,0,26,27,93,82" hai2="104,86,31,25,122,64,120,16,7,113,92,91,131" hai3="17,28,79,74,129,35,65,47,88,116,51,134,57"/><V12/><F131/><W9/><G116/><T33/><D130/><U46/><E115/><V123/><F113/><W85/><G129/><T43/><D75/><U100/><E125/><V6/><F104/><W107/><G134/><T69/><D94/><U77/><E68/><V135/><F64/><W49/><G107/><T44/><D55/><U111/><E111/><V34/><REACH who="2" step="1"/><F135/><REACH who="2" ten="243,92,531,124" step="2"/><W117/><G65/><T13/><D132/><U45/><E27/><V121/><N who="2" m="30720" /><DORA hai="89" /><V103/><F103/><W3/><G117/><T18/><D118/><U83/><E100/><V40/><F40/><W29/><G35/><T50/><D43/><U66/><E66/><V4/><F4/><W112/><G112/><T133/><D33/><U37/><E26/><V78/><F78/><W80/><G79/><T67/><D133/><U23/><E77/><V38/><F38/><W76/><G76/><T124/><D36/><U81/><E5/><V39/><F39/><W110/><G74/><T90/><D67/><U108/><E108/><V62/><F62/><W96/><G110/><T52/><D109/><U95/><REACH who="1" step="1"/><E0/><REACH who="1" ten="243,82,531,124" step="2"/><V72/><F72/><W84/><G3/><T53/><D1/><U24/><E24/><V128/><F128/><W2/><G2/><T106/><D124/><U61/><E61/><V114/><F114/><W60/><G60/><T63/><D63/><U87/><E87/><V14/><F14/><N who="3" m="7375" /><G84/><T127/><D127/><U42/><E42/><V99/><F99/><W102/><G102/><T71/><D71/><U73/><E73/><V48/><F48/><AGARI ba="2,2" hai="21,22,23,37,41,45,46,48,54,81,82,83,93,95" machi="48" ten="40,5200,0" yaku="1,1,52,2,53,0" doraHai="126,89" doraHaiUra="58,59" who="1" fromWho="2" sc="243,0,82,78,531,-58,124,0" /><INIT seed="3,0,0,1,4,108" ten="243,160,473,124" oya="3" hai0="56,115,121,35,124,13,107,92,81,114,5,66,88" hai1="14,60,29,84,41,49,102,77,67,130,90,123,27" hai2="32,52,103,31,100,70,97,19,26,113,71,122,2" hai3="129,21,119,112,15,93,89,83,75,20,125,111,62"/><W126/><G119/><T6/><D107/><U72/><E123/><V101/><F113/><N who="0" m="43018" /><D35/><U0/><E0/><V28/><F2/><W104/><G112/><T7/><D124/><N who="3" m="47721" /><G111/><T74/><D121/><U30/><E102/><V12/><F122/><W17/><G104/><T65/><D13/><U55/><E41/><V37/><F103/><W131/><G62/><T22/><D22/><U45/><E130/><N who="3" m="49674" /><G21/><T68/><D68/><U96/><E14/><V43/><F101/><W9/><G20/><T38/><D38/><U34/><E72/><V120/><F100/><W85/><G75/><T46/><D46/><U33/><E33/><V61/><F32/><W59/><G59/><T105/><D56/><N who="1" m="37255" /><E34/><V99/><F120/><W51/><G51/><T18/><D105/><U36/><E36/><V3/><F70/><W79/><G93/><T133/><D92/><N who="1" m="56343" /><E27/><V39/><F61/><W10/><G10/><T48/><D48/><U82/><AGARI ba="0,0" hai="29,30,45,49,55,77,82,84" m="56343,37255" machi="82" ten="30,1100,0" yaku="8,1" doraHai="108" who="1" fromWho="1" sc="243,-3,160,11,473,-3,124,-5" owari="240,4.0,171,-22.9,470,57.0,119,-38.1" /></mjloggm>