<mjloggm ver="2.3"><GO type="225" lobby="0"/><UN n0="%4C%4F%4C%49%54%41" n1="%E3%81%B2%E3%81%AA%E3%81%AE%E3%82%8A%E3%81%8F" n2="%E5%8F%AF%E5%85%90%E9%82%A3%E7%94%B1%E5%A4%9A" n3="%E3%81%86%E3%83%BC%E3%81%B1%E3%83%BC" dan="16,17,16,17" rate="2158.00,2196.43,2186.53,2169.53" sx="F,M,F,M"/><TAIKYOKU oya="0"/><INIT seed="0,0,0,0,4,51" ten="250,250,250,250" oya="0" hai0="13,131,3,115,54,68,108,36,55,25,84,20,97" hai1="111,41,124,134,83,103,67,76,110,99,100,122,133" hai2="8,35,40,77,69,95,9,60,101,59,85,73,50" hai3="102,107,38,48,125,17,64,34,72,113,28,128,39"/><T1/><D115/><U33/><E33/><V15/><F35/><W19/><G72/><T90/><D36/><U43/><E122/><V61/><F73/><W74/><G74/><T16/><D68/><U46/><E67/><V88/><F77/><W96/><G128/><T62/><D131/><U129/><E129/><V79/><F79/><W120/><G125/><T86/><D108/><N who="1" m="41515" /><E124/><V81/><F69/><W37/><G120/><T26/><D62/><U0/><E0/><V32/><F32/><W14/><G113/><T11/><D1/><U23/><E23/><V119/><F119/><W116/><G116/><T6/><D25/><U56/><E56/><V89/><F101/><W109/><G109/><T106/><D3/><U127/><E127/><V91/><F8/><W92/><G92/><N who="0" m="56471" /><D106/><N who="1" m="63775" /><E103/><V18/><F91/><W30/><G34/><T57/><D57/><U58/><E58/><V104/><F104/><W78/><G64/><T24/><D26/><U80/><E43/><V29/><F29/><W126/><G126/><T82/><D86/><N who="1" m="48391" /><E83/><V21/><F9/><W27/><G27/><T45/><D45/><U98/><E98/><N who="2" m="57703" /><F40/><W75/><G30/><T135/><D135/><U49/><AGARI ba="0,0" hai="41,46,49,133,134" m="48391,63775,41515" machi="49" ten="30,1100,0" yaku="14,1" doraHai="51" who="1" fromWho="1" sc="250,-5,250,11,250,-3,250,-3" /><INIT seed="1,0,0,4,1,11" ten="245,261,247,247" oya="1" hai0="88,125,115,74,100,85,47,130,95,87,13,7,77" hai1="109,135,69,41,57,76,54,59,36,22,4,84,20" hai2="25,105,63,24,23,82,81,98,119,68,116,49,37" hai3="73,126,90,56,42,6,127,71,58,103,86,89,99"/><U104/><E69/><V92/><F37/><W102/><G71/><T133/><D115/><U50/><E104/><V108/><F105/><W106/><G102/><T66/><D74/><U111/><E135/><V64/><F108/><N who="1" m="41545" /><E4/><V79/><F49/><W120/><G120/><T14/><D130/><U27/><E59/><V43/><F43/><W62/><G42/><T28/><D125/><N who="3" m="47625" /><G73/><T33/><D133/><U72/><E72/><V114/><F114/><W15/><G86/><T26/><D7/><U113/><E113/><V124/><F124/><W112/><G58/><T94/><D66/><U80/><E27/><V96/><F25/><W128/><G128/><T51/><D100/><U30/><E30/><V38/><F38/><W18/><G6/><T60/><D60/><U48/><E48/><V97/><F24/><W8/><G112/><T101/><D77/><U32/><E32/><V2/><F79/><W132/><G132/><T17/><D17/><U35/><E35/><V129/><F129/><W83/><G83/><T1/><D1/><U3/><E3/><V9/><F82/><W134/><G134/><T10/><D101/><U65/><E65/><AGARI ba="0,0" hai="8,15,18,56,62,65,89,90,99,103,106" m="47625" machi="65" ten="30,2000,0" yaku="18,1,52,1" doraHai="11" who="3" fromWho="1" sc="245,0,261,-20,247,0,247,20" /><INIT seed="2,0,0,2,0,49" ten="245,241,247,267" oya="2" hai0="5,74,59,57,27,92,68,121,48,100,118,90,38" hai1="70,45,71,26,113,11,128,22,134,111,51,97,119" hai2="101,120,93,47,104,123,20,41,14,127,28,109,75" hai3="76,73,31,3,116,60,43,87,10,37,62,2,117"/><V9/><F75/><W13/><G31/><T1/><D38/><U36/><E113/><V8/><F104/><W78/><G73/><T42/><D121/><U40/><E119/><V54/><F127/><W64/><G37/><T34/><D68/><U23/><E111/><V18/><F109/><W32/><G32/><T6/><D74/><U112/><E112/><V7/><F28/><W52/><G43/><T102/><D1/><U85/><E134/><V12/><F20/><W99/><G99/><T56/><D27/><U79/><E128/><V130/><F130/><W15/><G87/><N who="0" m="52319" /><D34/><U55/><E97/><V124/><F124/><W91/><G91/><T83/><D83/><U126/><E126/><V106/><F106/><W46/><G10/><T107/><D107/><U16/><E11/><V122/><F101/><N who="0" m="39018" /><D118/><U72/><E72/><V21/><F93/><W133/><G3/><T44/><AGARI ba="0,0" hai="5,6,42,44,48,56,57,59" m="39018,52319" machi="44" ten="30,1100,0" yaku="8,1" doraHai="49" who="0" fromWho="0" sc="245,11,241,-3,247,-5,267,-3" /><INIT seed="3,0,0,0,5,129" ten="256,238,242,264" oya="3" hai0="73,72,56,30,52,23,133,60,66,64,26,78,34" hai1="88,86,91,119,54,9,111,76,21,71,13,128,70" hai2="61,67,39,130,68,117,6,28,103,1,4,14,107" hai3="57,40,62,74,18,121,127,104,79,3,2,27,44"/><W81/><G121/><T110/><D110/><U132/><E128/><V95/><F130/><W31/><G127/><T100/><D100/><U87/><E111/><V114/><F114/><W45/><G104/><T123/><D123/><U33/><E33/><V37/><F117/><W98/><G98/><T24/><D133/><U75/><E75/><V35/><F14/><W112/><G18/><T36/><D36/><U82/><E119/><V65/><F95/><W50/><G44/><T59/><D78/><U69/><E132/><V8/><F67/><W101/><G101/><T17/><REACH who="0" step="1"/><D66/><REACH who="0" ten="246,238,242,264" step="2"/><U20/><E76/><V19/><F39/><W89/><G112/><T108/><D108/><U115/><E115/><V96/><F37/><W5/><G89/><T113/><D113/><U15/><E54/><V131/><F131/><W126/><G126/><T92/><D92/><U0/><E0/><V77/><F77/><W22/><G5/><T90/><D90/><U41/><E41/><V116/><F116/><W80/><G81/><T122/><D122/><U16/><E15/><N who="2" m="7655" /><F1/><W97/><G3/><T48/><AGARI ba="0,1" hai="17,23,24,26,30,34,48,52,56,59,60,64,72,73" machi="48" ten="20,5200,0" yaku="1,1,0,1,7,1,54,1,53,0" doraHai="129" doraHaiUra="85" who="0" fromWho="0" sc="246,62,238,-13,242,-13,264,-26" owari="308,40.8,225,-27.5,229,-17.1,238,3.8" /></mjloggm>