<mjloggm ver="2.3"><GO type="225" lobby="0"/><UN n0="%54%4F%52" n1="%48%61%61%61%6C%61%6E%64" n2="%E3%81%BF%E3%81%BF%E3%81%9A" n3="%6D%61%74%69%67%75%73%61" dan="17,18,16,17" rate="2224.13,2233.44,2131.36,2263.38" sx="M,M,M,M"/><TAIKYOKU oya="0"/><INIT seed="0,0,0,5,3,23" ten="250,250,250,250" oya="0" hai0="17,102,29,77,16,41,48,20,0,18,99,129,94" hai1="122,95,44,11,107,27,56,10,45,90,72,21,135" hai2="113,121,119,54,1,111,50,61,118,62,69,63,24" hai3="46,9,134,2,83,3,75,64,37,78,123,39,80"/><T92/><D0/><U8/><E122/><V132/><F1/><W55/><G134/><T42/><D129/><U70/><E70/><V120/><F113/><W51/><G123/><N who="2" m="47177" /><F24/><W106/><G106/><T103/><D77/><U6/><E135/><V19/><F19/><W86/><G64/><T89/><D102/><U109/><E109/><V52/><F132/><W104/><G104/><T101/><D101/><U93/><E107/><V4/><F4/><W43/><G9/><T130/><D130/><U84/><E72/><V67/><F111/><W12/><G12/><T73/><D73/><U13/><E56/><N who="2" m="34951" /><F62/><W126/><G37/><T15/><D48/><U14/><E95/><V112/><F112/><W85/><G75/><T68/><D68/><U74/><E74/><V91/><F91/><W47/><REACH who="3" step="1"/><G126/><REACH who="3" ten="250,250,250,240" step="2"/><T34/><D15/><N who="1" m="5643" /><E6/><V82/><F82/><W32/><G32/><T65/><D34/><U117/><E8/><V25/><F25/><W5/><G5/><T125/><D125/><U49/><E10/><V57/><AGARI ba="0,1" hai="50,54,57,63,67,69,118,119" m="34951,47177" machi="57" ten="30,4000,0" yaku="34,2,54,1" doraHai="23" who="2" fromWho="2" sc="250,-20,250,-10,250,50,240,-10" /><INIT seed="1,0,0,0,2,105" ten="230,240,300,230" oya="1" hai0="132,25,7,113,20,26,68,62,40,134,86,12,100" hai1="76,117,96,48,13,80,73,8,5,118,111,47,51" hai2="125,37,35,32,42,107,129,97,85,67,120,63,110" hai3="15,70,21,57,78,101,94,34,133,128,50,14,89"/><U121/><E121/><V3/><F85/><W16/><G128/><T93/><D113/><U31/><E111/><V109/><F120/><W103/><G133/><N who="0" m="51307" /><D40/><U9/><E31/><V52/><F52/><N who="3" m="31895" /><G70/><T39/><D39/><U112/><E112/><V64/><F3/><W36/><G36/><T122/><D122/><U17/><E96/><V1/><F1/><W43/><G34/><N who="2" m="12841" /><F125/><W69/><G69/><T53/><D100/><N who="3" m="38473" /><G43/><T81/><D93/><U2/><REACH who="1" step="1"/><E51/><REACH who="1" ten="230,230,300,230" step="2"/><V29/><F97/><N who="3" m="57551" /><G78/><T108/><D108/><U88/><E88/><V87/><F109/><W90/><G90/><T10/><D81/><U55/><AGARI ba="0,1" hai="2,5,8,9,13,17,47,48,55,73,76,80,117,118" machi="55" ten="20,7800,0" yaku="1,1,0,1,7,1,52,1,53,0" doraHai="105" doraHaiUra="66" who="1" fromWho="1" sc="230,-26,230,88,300,-26,230,-26" /><INIT seed="1,1,0,3,3,84" ten="204,318,274,204" oya="1" hai0="126,60,86,65,32,10,85,100,130,45,83,59,105" hai1="72,38,73,109,107,39,134,50,23,81,121,70,113" hai2="114,90,95,110,120,4,63,0,54,68,48,124,49" hai3="20,14,56,51,118,80,34,11,106,104,123,62,99"/><U97/><E113/><V125/><F120/><W6/><G34/><T71/><D32/><U115/><E115/><V18/><F114/><W96/><G123/><T103/><D130/><U117/><E121/><V9/><F110/><W35/><G35/><T64/><D126/><N who="2" m="48746" /><F18/><W44/><G118/><T30/><D30/><U27/><E117/><V89/><F95/><W128/><G128/><T76/><D105/><U47/><E70/><V42/><F42/><W8/><G20/><T66/><D71/><U43/><E109/><V78/><F78/><W122/><G122/><T79/><D45/><U116/><E116/><V24/><F24/><W133/><G133/><T46/><D46/><U108/><E134/><V77/><F77/><W93/><G80/><N who="0" m="47239" /><D10/><U37/><E108/><V129/><F129/><W94/><G8/><T2/><D2/><U135/><E135/><V102/><F102/><AGARI ba="1,0" hai="59,60,64,65,66,79,83,86,100,102,103" m="47239" machi="102" ten="30,1000,0" yaku="8,1" doraHai="84" who="0" fromWho="2" sc="204,13,318,0,274,-13,204,0" /><INIT seed="2,0,0,4,4,86" ten="217,318,261,204" oya="2" hai0="33,103,79,98,49,119,58,26,80,53,81,106,11" hai1="37,90,61,82,102,47,39,131,116,97,21,91,56" hai2="75,60,17,65,55,115,44,67,19,70,69,3,125" hai3="7,104,46,41,85,133,34,52,14,95,88,64,72"/><V127/><F75/><W120/><G133/><T10/><D119/><U62/><E116/><V8/><F115/><W15/><G120/><T74/><REACH who="0" step="1"/><D80/><REACH who="0" ten="207,318,261,204" step="2"/><U105/><E82/><V124/><F125/><W16/><G72/><T108/><D108/><U100/><E131/><V63/><F124/><W78/><G104/><T77/><D77/><U1/><E105/><V22/><F127/><W94/><G78/><T128/><D128/><U132/><E132/><V18/><F8/><N who="3" m="4383" /><G34/><T57/><D57/><U40/><E56/><V5/><F3/><W129/><G129/><T24/><D24/><U130/><E1/><V93/><F22/><N who="3" m="11551" /><G64/><T122/><D122/><U118/><E130/><V27/><F27/><W68/><G68/><T54/><D54/><U6/><E118/><V123/><F55/><W23/><G23/><T59/><D59/><U121/><E21/><V32/><F32/><W20/><G20/><T38/><D38/><U35/><E39/><V126/><F126/><W117/><G117/><T45/><D45/><U89/><E121/><V0/><F44/><W36/><G36/><T2/><D2/><U43/><E35/><V109/><F123/><W110/><G110/><T114/><D114/><U50/><E37/><V31/><F109/><W87/><G46/><T48/><D48/><U9/><E50/><V96/><F0/><W101/><G52/><T84/><D84/><U13/><E47/><V42/><F70/><W51/><G51/><T135/><D135/><U76/><E76/><V25/><F69/><W92/><G87/><T113/><D113/><U29/><E40/><RYUUKYOKU ba="0,1" sc="207,30,318,-10,261,-10,204,-10" hai0="10,11,26,33,49,53,58,74,79,81,98,103,106" /><INIT seed="3,1,1,0,1,78" ten="237,308,251,194" oya="3" hai0="32,109,13,135,73,97,26,105,19,131,84,127,134" hai1="81,8,34,4,45,93,126,61,49,115,24,66,129" hai2="10,76,12,68,130,60,124,51,25,87,16,77,122" hai3="46,101,48,15,33,35,75,104,67,2,29,28,7"/><W21/><G75/><T114/><D73/><U22/><E115/><V89/><F124/><W11/><G67/><T43/><D127/><U62/><E126/><V14/><F130/><W83/><G104/><T128/><D114/><U55/><E129/><N who="0" m="49737" /><D43/><U58/><E34/><V98/><F122/><W9/><G101/><N who="0" m="62639" /><D109/><U47/><E93/><V17/><F98/><W91/><G33/><T69/><D69/><U1/><E81/><V27/><F51/><W36/><G36/><T38/><D38/><U116/><E116/><V20/><F60/><W119/><G119/><T102/><D102/><U6/><E62/><V108/><F68/><W103/><G35/><T0/><D0/><U5/><E45/><V106/><F108/><W86/><G103/><T41/><D41/><U54/><E66/><V113/><F113/><W44/><G44/><T40/><D40/><U30/><AGARI ba="1,1" hai="1,4,5,6,8,22,24,30,47,49,54,55,58,61" machi="30" ten="20,1500,0" yaku="0,1,7,1" doraHai="78" who="1" fromWho="1" sc="237,-5,308,28,251,-5,194,-8" owari="232,-16.8,336,43.6,246,4.6,186,-31.4" /></mjloggm>