<mjloggm ver="2.3"><GO type="225" lobby="0"/><UN n0="%E5%80%89%E6%A9%8B%EF%BC%A0%E4%BA%8B%E5%8B%99" n1="%E3%81%A9%E3%82%8F%E3%82%93%E3%81%94" n2="%E3%83%B4%E3%83%A0%EF%BC%99%E3%81%A6" n3="%45%6C%79%73%69%75%6D" dan="16,16,17,18" rate="2112.04,2195.54,2260.46,2163.30" sx="M,M,M,F"/><TAIKYOKU oya="0"/><INIT seed="0,0,0,4,2,82" ten="250,250,250,250" oya="0" hai0="23,104,57,121,86,34,95,66,31,56,113,81,94" hai1="84,124,88,134,54,2,117,91,38,18,71,135,101" hai2="43,16,89,41,75,51,133,53,27,116,33,118,126" hai3="1,13,36,73,24,0,10,97,39,131,79,108,20"/><T37/><D104/><U11/><E117/><N who="2" m="45163" /><F75/><W70/><G70/><T92/><D113/><U90/><E71/><V110/><F110/><W3/><G108/><T32/><D121/><U74/><E74/><V9/><F126/><W68/><G68/><T61/><D37/><U4/><E38/><V28/><F133/><N who="1" m="50697" /><E124/><V45/><F89/><W69/><G69/><T15/><D56/><U5/><E101/><V109/><F109/><W25/><G131/><T17/><REACH who="0" step="1"/><D31/><REACH who="0" ten="240,250,250,250" step="2"/><U128/><E128/><V48/><F48/><W112/><G39/><T111/><D111/><U132/><E132/><V102/><F102/><W35/><G36/><T19/><D19/><U80/><E5/><V12/><AGARI ba="0,1" hai="9,12,16,27,28,33,41,43,45,51,53" m="45163" machi="12" ten="30,2000,0" yaku="12,1,54,1" doraHai="82" who="2" fromWho="2" sc="240,-10,250,-5,250,30,250,-5" /><INIT seed="1,0,0,4,1,131" ten="230,245,280,245" oya="1" hai0="30,13,18,24,88,43,2,80,14,54,91,19,36" hai1="111,21,34,5,42,93,83,110,114,78,26,15,61" hai2="7,75,125,66,108,107,53,105,56,29,48,129,95" hai3="97,25,51,84,65,4,69,35,76,90,62,72,96"/><U135/><E114/><V98/><F75/><W127/><G127/><T46/><D2/><U17/><E42/><V73/><F73/><W121/><G121/><T130/><D130/><U20/><E61/><V86/><F129/><W49/><G4/><T32/><D54/><U57/><E57/><V92/><F108/><N who="1" m="41513" /><E34/><V87/><F66/><W63/><G63/><T77/><D13/><U0/><E93/><V33/><F92/><W50/><G76/><T11/><REACH who="0" step="1"/><D19/><REACH who="0" ten="220,245,280,245" step="2"/><N who="1" m="12607" /><E0/><V132/><F53/><W126/><G25/><T85/><AGARI ba="0,1" hai="11,14,18,24,30,32,36,43,46,77,80,85,88,91" machi="85" ten="20,8000,1" yaku="1,1,0,1,7,1,54,1,53,1" doraHai="131" doraHaiUra="40" who="0" fromWho="0" sc="220,90,245,-40,280,-20,245,-20" /><INIT seed="2,0,0,1,1,135" ten="310,205,260,225" oya="2" hai0="19,119,129,58,17,22,72,23,102,79,35,39,131" hai1="28,92,93,133,48,69,121,60,20,18,42,37,10" hai2="97,44,5,1,86,40,113,36,21,55,2,124,117" hai3="103,15,96,98,132,112,99,134,122,68,88,74,118"/><V104/><F113/><W29/><G68/><T106/><D35/><U6/><E133/><N who="3" m="51306" /><G29/><T100/><D39/><U41/><E37/><V47/><F117/><W14/><G74/><T65/><D119/><U75/><E75/><V94/><F104/><N who="3" m="63591" /><G118/><T81/><D65/><U115/><E115/><V52/><F86/><W128/><G112/><T26/><D58/><U27/><E121/><V66/><F66/><W54/><G128/><N who="0" m="49227" /><D106/><U111/><E69/><V95/><F97/><N who="3" m="36875" /><G122/><T13/><AGARI ba="0,0" hai="13,17,19,22,23,26,72,79,81,100,102" m="49227" machi="13" ten="30,1100,0" yaku="19,1" doraHai="135" who="0" fromWho="0" sc="310,11,205,-3,260,-5,225,-3" /><INIT seed="3,0,0,0,0,38" ten="321,202,255,222" oya="3" hai0="117,74,104,26,39,126,88,63,59,45,71,0,25" hai1="80,122,112,72,94,27,28,132,119,102,21,101,46" hai2="2,6,78,53,23,16,76,100,92,99,60,128,62" hai3="42,40,79,19,121,95,85,61,103,87,49,77,113"/><W36/><G121/><T47/><D71/><U86/><E132/><V7/><F128/><W116/><G116/><T17/><D117/><U8/><E112/><V33/><F33/><W57/><G113/><T34/><D104/><U56/><E122/><V111/><F111/><W14/><G36/><T5/><D74/><U10/><E119/><V68/><F68/><W69/><G69/><T67/><D34/><U105/><E105/><V43/><F43/><N who="3" m="16427" /><G49/><T125/><D39/><U35/><E72/><V110/><F2/><W129/><G129/><T73/><D73/><U70/><E70/><V52/><F60/><W66/><G103/><T37/><D37/><U127/><E127/><V108/><F108/><W115/><G115/><T89/><D0/><U31/><E35/><V106/><F62/><W81/><G95/><T32/><D32/><U131/><E31/><V20/><F110/><W1/><G1/><T65/><D63/><U48/><E56/><V15/><F106/><W13/><G19/><T134/><D17/><U24/><E24/><V90/><F100/><N who="1" m="38505" /><E94/><V64/><F92/><W50/><G50/><T97/><D125/><U114/><E131/><V133/><F133/><W135/><G135/><T98/><D134/><U4/><E4/><V107/><F6/><W44/><G44/><T82/><D126/><U58/><E58/><V3/><F7/><W124/><G124/><T29/><D5/><U22/><E114/><V9/><F3/><W93/><G93/><T120/><D59/><U118/><E118/><V51/><F107/><W84/><G81/><T11/><D120/><RYUUKYOKU ba="0,0" sc="321,-10,202,-10,255,-10,222,30" hai3="13,14,57,61,66,77,79,84,85,87" /><INIT seed="3,1,0,2,4,46" ten="311,192,245,252" oya="3" hai0="12,74,10,75,42,84,45,87,7,119,134,110,92" hai1="36,111,108,32,60,132,11,48,113,22,29,129,3" hai2="49,69,127,9,24,35,44,56,6,124,86,53,39" hai3="4,117,88,102,18,105,15,47,101,79,83,73,63"/><W85/><G117/><T123/><D119/><U38/><E113/><V2/><F69/><W93/><G4/><T13/><D123/><U17/><E60/><V57/><F39/><W128/><G128/><T5/><D110/><N who="1" m="42027" /><E38/><V98/><F98/><W51/><G63/><T99/><D134/><U14/><E36/><V109/><F109/><W19/><G105/><T89/><D74/><U80/><E80/><V64/><F64/><W16/><REACH who="3" step="1"/><G15/><REACH who="3" ten="311,192,245,242" step="2"/><T65/><D13/><U106/><E106/><V100/><F6/><W91/><G91/><T76/><D5/><N who="1" m="1471" /><E129/><V26/><F100/><W70/><G70/><T125/><D7/><U120/><E120/><V103/><F103/><W130/><G130/><T66/><D12/><U94/><E94/><V25/><F2/><W1/><G1/><T133/><D92/><U20/><E132/><V61/><F61/><W97/><G97/><T58/><D99/><U21/><E48/><V55/><F49/><W126/><G126/><T96/><D125/><U33/><E33/><V43/><F35/><W31/><G31/><T118/><D96/><U114/><E114/><V95/><F124/><W90/><G90/><T37/><D89/><U115/><E115/><V28/><F127/><W107/><G107/><T62/><D133/><U71/><E71/><V40/><F28/><W67/><G67/><T0/><D65/><U59/><E59/><V78/><F56/><W54/><AGARI ba="1,1" hai="16,18,19,47,51,54,73,79,83,85,88,93,101,102" machi="54" ten="30,18000,2" yaku="1,1,0,1,52,1,54,2,53,1" doraHai="46" doraHaiUra="104" who="3" fromWho="3" sc="311,-61,192,-61,245,-61,242,193" owari="250,5.0,131,-36.9,184,-21.6,435,53.5" /></mjloggm>