<mjloggm ver="2.3"><GO type="225" lobby="0"/><UN n0="%E5%B8%86%E7%AB%8B%E5%A4%8F%E8%A1%A3" n1="%E3%81%AA%E3%81%A1%30%39%32%37" n2="%72%69%6F%75%63%68%61%6E" n3="%38%63%E3%81%AF%E3%81%A3%E3%81%97%E3%83%BC" dan="16,16,16,16" rate="2080.07,2073.92,2216.02,2117.95" sx="M,M,M,M"/><TAIKYOKU oya="0"/><INIT seed="0,0,0,3,3,105" ten="250,250,250,250" oya="0" hai0="102,116,31,52,48,72,94,19,35,28,129,49,9" hai1="84,134,114,67,40,12,76,90,73,25,11,42,92" hai2="70,8,99,95,97,21,110,71,38,96,20,132,98" hai3="75,121,103,82,80,7,56,27,135,47,62,68,128"/><T45/><D72/><U34/><E134/><V112/><F112/><W125/><G7/><T120/><D120/><U44/><E114/><V118/><F132/><W108/><G27/><T43/><D116/><U104/><E104/><V39/><F110/><W65/><G103/><T46/><D35/><U50/><E67/><V133/><F133/><W109/><G135/><T111/><D129/><U100/><E100/><V77/><F118/><W33/><G33/><T58/><D111/><U119/><E119/><V79/><F8/><W2/><G2/><T130/><D130/><U123/><E123/><V23/><N who="2" m="24576" /><DORA hai="22" /><V14/><F14/><W87/><G128/><T51/><D94/><U30/><E42/><V78/><REACH who="2" step="1"/><F95/><REACH who="2" ten="250,250,240,250" step="2"/><W117/><G117/><T91/><D102/><U81/><E12/><V93/><F93/><W86/><G109/><T61/><D91/><U0/><REACH who="1" step="1"/><E11/><REACH who="1" ten="250,240,240,250" step="2"/><V15/><F15/><W1/><G108/><T131/><D131/><U41/><E41/><V124/><F124/><W5/><G125/><T32/><D9/><U26/><E26/><V126/><F126/><W63/><G121/><T107/><D107/><U59/><E59/><V36/><AGARI ba="0,2" hai="20,21,23,36,38,39,70,71,77,78,79" m="24576" machi="36" ten="60,32000,5" yakuman="40" doraHai="105,22" doraHaiUra="29,18" who="2" fromWho="2" sc="250,-160,240,-80,240,340,250,-80" /><INIT seed="1,0,0,1,5,110" ten="90,160,580,170" oya="1" hai0="46,81,67,22,116,64,14,86,11,24,34,47,100" hai1="104,8,130,32,98,18,30,55,62,25,42,17,43" hai2="45,7,6,124,122,73,84,72,9,59,15,33,4" hai3="3,121,44,12,99,102,50,38,23,96,78,92,113"/><U127/><E127/><V77/><F122/><W118/><G3/><T53/><D34/><U63/><E130/><V95/><F124/><W35/><G35/><T76/><D116/><U107/><E8/><V20/><F33/><W79/><G38/><T36/><D36/><U26/><E32/><V125/><F125/><W101/><G121/><T0/><D0/><U68/><E98/><V48/><F59/><W60/><G60/><T5/><D100/><U69/><REACH who="1" step="1"/><E55/><REACH who="1" ten="90,150,580,170" step="2"/><V52/><F20/><W128/><G128/><T131/><D131/><U19/><E19/><V126/><F126/><W1/><G99/><T21/><D21/><U56/><E56/><V80/><REACH who="2" step="1"/><F95/><REACH who="2" ten="90,150,570,170" step="2"/><W13/><G23/><T103/><D22/><U27/><E27/><V105/><F105/><W40/><G92/><T49/><D24/><U82/><E82/><V106/><F106/><W29/><G118/><T132/><D132/><U93/><E93/><V89/><F89/><W87/><G29/><AGARI ba="0,2" hai="17,18,25,26,29,30,42,43,62,63,68,69,104,107" machi="29" ten="25,12000,1" yaku="1,1,22,2,53,2" doraHai="110" doraHaiUra="57" who="1" fromWho="3" sc="90,0,150,140,570,0,170,-120" /><INIT seed="1,1,0,0,2,81" ten="90,290,570,50" oya="1" hai0="89,126,118,133,127,100,99,96,1,117,69,101,40" hai1="0,80,71,135,131,125,23,120,13,110,7,55,74" hai2="10,79,2,94,14,37,76,70,45,32,64,47,6" hai3="122,29,62,116,134,18,102,31,85,30,16,98,115"/><U84/><E120/><V93/><F32/><W91/><G122/><T132/><D1/><U128/><E71/><V68/><F2/><W72/><G72/><T129/><D69/><U63/><E74/><V105/><F105/><W44/><G115/><T39/><D39/><U92/><E92/><N who="2" m="35435" /><F68/><W19/><G134/><T111/><D40/><U28/><E0/><V15/><F70/><W73/><G73/><T114/><D89/><U51/><E63/><V83/><F37/><W27/><G116/><T42/><D42/><U22/><E28/><V49/><F64/><W17/><G62/><T35/><D35/><U107/><E107/><V106/><F106/><W123/><G98/><T108/><REACH who="0" step="1"/><D114/><REACH who="0" ten="80,290,570,50" step="2"/><U97/><E128/><AGARI ba="1,1" hai="96,99,100,101,108,111,117,118,126,127,128,129,132,133" machi="128" ten="25,12000,2" yaku="1,1,2,1,22,2,34,3,53,0" doraHai="81" doraHaiUra="3" who="0" fromWho="1" sc="80,133,290,-123,570,0,50,0" /><INIT seed="2,0,0,3,3,48" ten="213,167,570,50" oya="2" hai0="80,109,113,42,22,115,64,44,19,56,46,43,51" hai1="117,102,67,101,119,68,130,114,96,30,49,83,85" hai2="77,6,97,53,8,45,73,76,135,111,5,75,110" hai3="50,90,100,40,87,125,39,116,112,24,121,38,99"/><V2/><F135/><W74/><G74/><N who="2" m="28169" /><F5/><W15/><G121/><T79/><D109/><N who="2" m="41482" /><F97/><W78/><G78/><N who="2" m="30313" /><F45/><W120/><G99/><T1/><D46/><U126/><E96/><V9/><F9/><W57/><G120/><T92/><D44/><U35/><E102/><V105/><F105/><W106/><G100/><T65/><D43/><U28/><E101/><V132/><F132/><W47/><G106/><T104/><D42/><U60/><E28/><V52/><AGARI ba="0,0" hai="2,6,8,52,53" m="30313,41482,28169" machi="52" ten="40,12000,1" yaku="14,1,10,1,52,2,54,1" doraHai="48" who="2" fromWho="2" sc="213,-40,167,-40,570,120,50,-40" /><INIT seed="2,1,0,0,5,1" ten="173,127,690,10" oya="2" hai0="119,90,13,107,97,19,80,135,57,133,87,120,127" hai1="49,100,91,47,0,39,76,103,8,51,25,20,65" hai2="24,109,108,70,88,6,123,11,111,94,68,99,27" hai3="56,28,58,33,84,110,2,62,16,117,93,4,131"/><V122/><F24/><W36/><G117/><T26/><D120/><N who="2" m="46122" /><F27/><W128/><G36/><T18/><D127/><U118/><E118/><V17/><F17/><W9/><G110/><T74/><D119/><U45/><E76/><V130/><F130/><N who="3" m="49707" /><G28/><T72/><D57/><N who="3" m="22121" /><G62/><T96/><D26/><U89/><E0/><AGARI ba="1,0" hai="0,6,11,68,70,88,94,99,108,109,111" m="46122" machi="0" ten="40,12000,1" yaku="14,1,10,1,52,1,54,1" doraHai="1" who="2" fromWho="1" sc="173,0,127,-123,690,123,10,0" /><INIT seed="2,2,0,5,3,9" ten="173,4,813,10" oya="2" hai0="5,25,43,115,134,44,52,68,6,73,21,8,16" hai1="48,23,128,14,61,28,111,105,55,35,79,117,63" hai2="89,125,100,1,123,26,109,122,85,131,40,92,81" hai3="32,29,69,84,129,17,18,31,127,116,95,7,88"/><V106/><F1/><W99/><G116/><T124/><D68/><U80/><E117/><V118/><F118/><W20/><G69/><T74/><D115/><U30/><E105/><V60/><F125/><W126/><G7/><T58/><D124/><N who="3" m="47657" /><G32/><T67/><D67/><U113/><E113/><V10/><F131/><W50/><G129/><T59/><D59/><N who="1" m="33255" /><E128/><V75/><F109/><W13/><G50/><T70/><D5/><U2/><E2/><V83/><F40/><W93/><G18/><T33/><D33/><U47/><E35/><V34/><F75/><W82/><G95/><T90/><D70/><U12/><E47/><V56/><F10/><W42/><G42/><T98/><D44/><U96/><E96/><V97/><F34/><W11/><G11/><T121/><D43/><U91/><E79/><AGARI ba="2,0" hai="13,17,20,29,31,79,82,84,88,93,99" m="47657" machi="79" ten="30,3900,0" yaku="18,1,52,1,54,1" doraHai="9" who="3" fromWho="1" sc="173,0,4,-45,813,0,10,45" owari="173,-2.7,-41,-54.1,813,91.3,55,-34.5" /></mjloggm>