<mjloggm ver="2.3"><GO type="225" lobby="0"/><UN n0="%E3%81%BF%E3%82%84%E3%81%93%E3%82%93%EF%BC%91%EF%BC%90%E6%AD%B3" n1="%E3%81%86%E3%83%BC%E3%81%B1%E3%83%BC" n2="%E3%81%86%E3%82%8B%E3%81%8A%E3%81%A1%E3%82%83" n3="%30%2E%31%32%30" dan="16,17,16,16" rate="2073.76,2227.04,2079.27,2138.09" sx="M,F,F,M"/><TAIKYOKU oya="0"/><INIT seed="0,0,0,4,0,119" ten="250,250,250,250" oya="0" hai0="71,45,103,132,118,51,84,4,1,37,55,60,98" hai1="88,78,100,57,14,95,99,77,0,89,7,5,28" hai2="23,90,27,12,61,127,122,35,53,115,19,92,114" hai3="101,64,68,82,129,42,48,26,117,75,46,6,17"/><T58/><D118/><U69/><E69/><V44/><F127/><W72/><G117/><T94/><D132/><U13/><E0/><V3/><F3/><W21/><G129/><T32/><D32/><U113/><E28/><V106/><F106/><W22/><G6/><N who="1" m="2058" /><E113/><V29/><F122/><W10/><G101/><T97/><D1/><U41/><E41/><V16/><F19/><W20/><G82/><T83/><D4/><U126/><E126/><V11/><F35/><W67/><G26/><T79/><D97/><U74/><E74/><V8/><F11/><W31/><G31/><T52/><REACH who="0" step="1"/><D71/><REACH who="0" ten="240,250,250,250" step="2"/><U125/><E125/><V9/><F9/><W49/><G68/><T108/><D108/><U81/><E100/><V59/><REACH who="2" step="1"/><F44/><REACH who="2" ten="240,250,240,250" step="2"/><W109/><G109/><T104/><D104/><U65/><E14/><V40/><F40/><W70/><G42/><T128/><D128/><U120/><E13/><V102/><F102/><W121/><G46/><T47/><D47/><U110/><E110/><V93/><F93/><W25/><G121/><T63/><D63/><N who="1" m="38127" /><E120/><V62/><F62/><W85/><G17/><T124/><D124/><U91/><E81/><V34/><F34/><W30/><G30/><T86/><D86/><AGARI ba="0,2" hai="8,12,16,23,27,29,53,59,61,86,90,92,114,115" machi="86" ten="30,3900,0" yaku="1,1,7,1,54,1,53,0" doraHai="119" doraHaiUra="133" who="2" fromWho="0" sc="240,-39,250,0,240,59,250,0" /><INIT seed="1,0,0,3,1,48" ten="201,250,299,250" oya="1" hai0="96,108,33,17,1,12,40,97,69,2,7,82,83" hai1="66,8,105,91,78,110,14,13,27,3,80,129,59" hai2="134,76,98,30,117,79,5,54,20,34,67,26,31" hai3="23,38,70,49,106,84,32,85,37,95,131,36,119"/><U133/><E105/><V104/><F117/><W73/><G106/><T60/><D108/><U15/><E110/><V71/><F5/><W35/><G73/><T107/><D33/><U25/><E129/><V68/><F68/><W10/><G119/><T53/><D40/><U118/><E118/><V94/><F134/><W89/><G131/><T62/><D69/><U90/><E133/><V86/><F71/><W127/><G127/><T81/><D7/><U41/><E41/><V99/><F67/><W125/><G125/><T103/><D97/><U50/><E3/><V123/><F123/><W24/><G70/><T121/><D121/><U128/><E8/><V92/><F34/><W75/><G75/><T22/><REACH who="0" step="1"/><D60/><REACH who="0" ten="191,250,299,250" step="2"/><N who="1" m="38175" /><E128/><V44/><F98/><W87/><G35/><T120/><D120/><U74/><E74/><V112/><F99/><W124/><G32/><T19/><D19/><U109/><E109/><V55/><F31/><W39/><G124/><T63/><D63/><U28/><E28/><V93/><F30/><W88/><N who="3" m="9216" /><DORA hai="4" /><W115/><G115/><T77/><D77/><U101/><E78/><V52/><F76/><W47/><G89/><T116/><D116/><U113/><E90/><V42/><F112/><W9/><G84/><T58/><AGARI ba="0,1" hai="1,2,12,17,22,53,58,62,81,82,83,96,103,107" machi="58" ten="30,7900,0" yaku="1,1,0,1,52,1,53,1" doraHai="48,4" doraHaiUra="43,11" who="0" fromWho="0" sc="191,89,250,-39,299,-20,250,-20" /><INIT seed="2,0,0,4,4,60" ten="280,211,279,230" oya="2" hai0="93,62,120,119,48,76,49,52,66,89,98,18,108" hai1="81,88,105,17,24,12,14,64,16,122,125,97,15" hai2="2,65,10,116,113,43,112,33,90,87,23,0,135" hai3="50,79,9,59,126,80,71,5,70,21,134,67,75"/><V115/><F33/><W103/><G134/><T82/><D120/><U86/><E125/><V127/><F116/><W27/><G126/><T39/><D39/><U96/><E122/><V29/><F127/><W84/><G103/><T128/><D119/><U42/><E42/><V51/><F135/><W32/><G32/><T56/><D108/><U100/><E97/><V31/><F65/><W34/><G34/><T110/><D110/><U38/><E38/><V26/><F29/><W53/><G75/><T107/><D107/><U58/><REACH who="1" step="1"/><E24/><REACH who="1" ten="280,201,279,230" step="2"/><V57/><F43/><W132/><G132/><T102/><D98/><U118/><E118/><V1/><F112/><W36/><G36/><T22/><D128/><U69/><E69/><V131/><F131/><W45/><G71/><T106/><D106/><U25/><E25/><V19/><F115/><W4/><G70/><T123/><D123/><U129/><E129/><V8/><F113/><W74/><G74/><T91/><D48/><U6/><E6/><V124/><F124/><W101/><G101/><T11/><D49/><U3/><E3/><V68/><F68/><W77/><G5/><T46/><D102/><U94/><E94/><V78/><F0/><W117/><G117/><T54/><D93/><U30/><E30/><V55/><F31/><W121/><G121/><T61/><D18/><U37/><E37/><V47/><F1/><W99/><G99/><T133/><D133/><U83/><E83/><V109/><F2/><W7/><G7/><T95/><D82/><U111/><E111/><V44/><F109/><W20/><G80/><RYUUKYOKU ba="0,1" sc="280,-10,201,30,279,-10,230,-10" hai1="12,14,15,16,17,58,64,81,86,88,96,100,105" /><INIT seed="3,1,1,0,3,42" ten="270,231,269,220" oya="3" hai0="94,58,76,73,10,28,43,52,56,124,101,24,116" hai1="121,40,91,64,125,34,4,85,117,38,95,132,17" hai2="87,59,133,119,16,20,18,100,135,67,7,128,37" hai3="47,70,26,77,39,31,71,69,72,115,92,13,103"/><W102/><G115/><T36/><D116/><U120/><E34/><V93/><F119/><W130/><G130/><T108/><D108/><U51/><E117/><V82/><F37/><W8/><G77/><T81/><D124/><U21/><E125/><V50/><F7/><W90/><G72/><T104/><D104/><U6/><E38/><V66/><F128/><W88/><G39/><T11/><D101/><U109/><E109/><V2/><F2/><W96/><G103/><T79/><D94/><U105/><E105/><V53/><F18/><W80/><G80/><T131/><D79/><U25/><E132/><N who="2" m="50763" /><F93/><W75/><G47/><T15/><D131/><U29/><E120/><V33/><F33/><W54/><G54/><T112/><D58/><U63/><E17/><V98/><F98/><W61/><G61/><T60/><D112/><U3/><E3/><V57/><F59/><W12/><G75/><T127/><D15/><U113/><E121/><V49/><F50/><W55/><G55/><T83/><D83/><U123/><E123/><V14/><F100/><W23/><REACH who="3" step="1"/><G12/><REACH who="3" ten="270,231,269,210" step="2"/><T118/><D127/><U32/><E113/><V45/><F45/><W30/><G30/><T78/><D118/><U89/><E91/><AGARI ba="1,2" hai="14,16,20,49,53,57,66,67,82,87,91" m="50763" machi="91" ten="30,2000,0" yaku="20,1,54,1" doraHai="42" who="2" fromWho="1" sc="270,0,231,-23,269,43,210,0" owari="270,7.0,208,-29.2,312,41.2,210,-19.0" /></mjloggm>