<mjloggm ver="2.3"><GO type="225" lobby="0"/><UN n0="%E3%83%AD%E3%83%83%E3%83%86%E9%9B%80%E7%90%83" n1="%72%61%6B%33" n2="%72%69%6F%75%63%68%61%6E" n3="%4C%4F%4C%49%54%41" dan="17,17,17,16" rate="2246.32,2200.20,2259.15,2189.64" sx="M,M,M,F"/><TAIKYOKU oya="0"/><INIT seed="0,0,0,4,1,7" ten="250,250,250,250" oya="0" hai0="73,24,87,19,113,25,111,98,104,6,44,57,37" hai1="3,103,128,39,101,67,50,118,95,71,38,15,58" hai2="56,47,16,83,106,41,34,68,13,108,105,124,97" hai3="40,26,130,14,61,8,84,134,28,133,76,121,2"/><T52/><D73/><U64/><E3/><V69/><F34/><W93/><G130/><T11/><D113/><U63/><E118/><V110/><F124/><W17/><G121/><T60/><D111/><N who="2" m="42538" /><F83/><W36/><G2/><T65/><D19/><U85/><E128/><V1/><F1/><W72/><G72/><T127/><D127/><U31/><E31/><V129/><F129/><W119/><G119/><T78/><D104/><N who="2" m="40042" /><F97/><W74/><G74/><T59/><D98/><U99/><E103/><V43/><F56/><W135/><G61/><T116/><D116/><U30/><E30/><V45/><F45/><N who="3" m="23687" /><G93/><T123/><D123/><U22/><E85/><V91/><F91/><W126/><G126/><T89/><D78/><U77/><E77/><V112/><F112/><W5/><G76/><T0/><D44/><U70/><E70/><N who="2" m="27243" /><F47/><W20/><G84/><T96/><D96/><U46/><E71/><V115/><F115/><W79/><G79/><T53/><D65/><U32/><E67/><V80/><F80/><W66/><G66/><T48/><REACH who="0" step="1"/><D37/><REACH who="0" ten="240,250,250,250" step="2"/><U33/><E38/><V100/><F100/><W81/><G81/><AGARI ba="0,1" hai="0,6,11,24,25,48,52,53,57,59,60,81,87,89" machi="81" ten="30,12000,1" yaku="1,1,2,1,7,1,52,1,54,1,53,0" doraHai="7" doraHaiUra="114" who="0" fromWho="3" sc="240,130,250,0,250,0,250,-120" /><INIT seed="0,1,0,3,5,114" ten="370,250,250,130" oya="0" hai0="31,37,106,112,30,72,35,84,24,113,6,119,48" hai1="74,56,32,11,38,45,100,125,97,103,46,115,19" hai2="9,85,1,91,23,122,57,86,67,101,130,110,65" hai3="89,117,121,0,83,53,50,131,78,13,120,104,127"/><T33/><D48/><U134/><E115/><N who="0" m="44105" /><D84/><U59/><E74/><V3/><F110/><W128/><G0/><T88/><D88/><U94/><E32/><V27/><F130/><N who="3" m="49707" /><G104/><T82/><D37/><U61/><E125/><V60/><F122/><N who="3" m="47211" /><G89/><T132/><D82/><U20/><E134/><V124/><F124/><W63/><G127/><T34/><D72/><U4/><E103/><V90/><F101/><W49/><G13/><T96/><D96/><U68/><E68/><V44/><F67/><W17/><G17/><T73/><D73/><U99/><E99/><V92/><F44/><N who="3" m="27815" /><G50/><T8/><D31/><U129/><E129/><V111/><F111/><W62/><G117/><T26/><D119/><U109/><E100/><V79/><F79/><W16/><G16/><T105/><D26/><U80/><E97/><V40/><F86/><AGARI ba="1,0" hai="62,63,78,83,86" m="27815,47211,49707" machi="86" ten="30,2000,0" yaku="19,1,13,1" doraHai="114" who="3" fromWho="2" sc="370,0,250,0,250,-23,130,23" /><INIT seed="1,0,0,2,2,93" ten="370,250,227,153" oya="1" hai0="83,95,79,117,14,23,22,106,59,50,35,12,97" hai1="47,129,87,20,29,94,108,16,133,65,100,19,103" hai2="5,41,73,122,75,39,116,91,119,58,109,13,135" hai3="4,25,42,34,66,0,98,21,54,70,27,56,72"/><U68/><E129/><V53/><F122/><W30/><G72/><T113/><D106/><U61/><E133/><V44/><F109/><W15/><G42/><T52/><D35/><U110/><E29/><V132/><F91/><W67/><G70/><T60/><D113/><U38/><E87/><V112/><F112/><W85/><G85/><N who="0" m="48383" /><D117/><U80/><E80/><V86/><F86/><W46/><G46/><N who="0" m="27735" /><D12/><U18/><E20/><V89/><F89/><W32/><G32/><T31/><D14/><U131/><E131/><V104/><F104/><W90/><G25/><T123/><D31/><U63/><E63/><V49/><F75/><W84/><G84/><T101/><D123/><U81/><E81/><V3/><F73/><W77/><G77/><T134/><D134/><N who="2" m="51242" /><F3/><W28/><G28/><T62/><D62/><U99/><REACH who="1" step="1"/><E103/><REACH who="1" ten="370,240,227,153" step="2"/><V126/><F126/><W2/><G30/><T107/><D22/><U40/><AGARI ba="0,1" hai="16,18,19,38,40,47,61,65,68,94,99,100,108,110" machi="40" ten="40,12000,1" yaku="1,1,2,1,0,1,52,1,54,1,53,0" doraHai="93" doraHaiUra="118" who="1" fromWho="1" sc="370,-40,240,130,227,-40,153,-40" /><INIT seed="1,1,0,5,1,108" ten="330,370,187,113" oya="1" hai0="97,94,57,55,134,112,11,26,1,18,105,89,78" hai1="45,60,68,63,31,21,88,129,46,22,43,17,14" hai2="8,100,50,117,36,75,51,7,103,34,56,15,116" hai3="61,66,0,48,91,62,102,39,71,84,47,130,121"/><U80/><E129/><V118/><F36/><W24/><G121/><T65/><D134/><U96/><E68/><V20/><F34/><W16/><G0/><T28/><D112/><U73/><E73/><V115/><F75/><W128/><G39/><T59/><D105/><U95/><E80/><V90/><F115/><W69/><G102/><T41/><D41/><U101/><E101/><V27/><F50/><W106/><G106/><T132/><D132/><U76/><E76/><V44/><F56/><W111/><G111/><T3/><D78/><U4/><E4/><V13/><F13/><W120/><G120/><T86/><D65/><U109/><E109/><V2/><F15/><W125/><G125/><T53/><D97/><U93/><E93/><V131/><F90/><W122/><G122/><T127/><D127/><U67/><E67/><V98/><F131/><W23/><G62/><N who="1" m="23594" /><E43/><V119/><N who="2" m="29696" /><DORA hai="9" /><V29/><REACH who="2" step="1"/><F98/><REACH who="2" ten="330,370,177,113" step="2"/><W104/><G69/><T64/><D89/><U32/><E32/><V107/><F107/><W40/><REACH who="3" step="1"/><G104/><REACH who="3" ten="330,370,177,103" step="2"/><T124/><D1/><U82/><E82/><AGARI ba="1,2" hai="16,23,24,40,47,48,61,66,71,82,84,91,128,130" machi="82" ten="40,5200,0" yaku="1,1,2,1,54,1,53,0" doraHai="108,9" doraHaiUra="123,72" who="3" fromWho="1" sc="330,0,370,-55,177,0,103,75" /><INIT seed="2,0,0,2,0,47" ten="330,315,177,178" oya="2" hai0="27,37,133,116,20,77,71,1,125,36,76,124,12" hai1="7,43,60,112,49,8,25,108,103,90,83,48,39" hai2="95,69,80,89,6,92,123,53,75,14,65,4,59" hai3="63,122,115,97,93,131,130,135,81,22,126,94,5"/><V13/><F123/><W29/><G122/><T110/><D110/><U72/><E112/><V102/><F69/><W30/><G115/><T66/><D1/><U51/><E108/><V11/><F65/><W2/><G126/><N who="0" m="48747" /><D133/><U45/><E103/><V100/><F75/><W26/><G135/><T105/><D105/><U68/><E25/><V32/><F32/><W64/><G29/><T54/><D116/><U44/><E60/><V61/><F80/><W42/><G42/><T114/><D114/><U109/><E68/><V84/><REACH who="2" step="1"/><F95/><REACH who="2" ten="330,315,167,178" step="2"/><W99/><G81/><T55/><D66/><U87/><E109/><V0/><F0/><W17/><G94/><T120/><D71/><U128/><E72/><V78/><F78/><W118/><G93/><T33/><D77/><U56/><E128/><V104/><F104/><W127/><G127/><T58/><D76/><U86/><E86/><V134/><F134/><W91/><G130/><T62/><D33/><U21/><E83/><V98/><F98/><W46/><G131/><T119/><D120/><U70/><E70/><V88/><F88/><W18/><G91/><T106/><D106/><U129/><E129/><V111/><F111/><W96/><G118/><T79/><D119/><U41/><E90/><V10/><AGARI ba="0,1" hai="4,6,10,11,13,14,53,59,61,84,89,92,100,102" machi="10" ten="30,11700,0" yaku="1,1,0,1,9,1,8,1,53,0" doraHai="47" doraHaiUra="16" who="2" fromWho="2" sc="330,-39,315,-39,167,127,178,-39" /><INIT seed="2,1,0,5,2,65" ten="291,276,294,139" oya="2" hai0="24,71,31,132,49,16,59,80,112,17,116,22,111" hai1="9,86,122,21,92,75,68,13,7,62,53,57,104" hai2="8,125,114,85,28,118,30,91,10,52,113,6,37" hai3="121,29,48,100,41,45,11,69,36,46,56,5,55"/><V72/><F118/><W39/><G121/><T129/><D112/><U35/><E35/><V131/><F72/><W2/><G29/><T135/><D111/><U93/><E104/><V23/><F37/><W15/><G100/><T106/><D129/><U78/><E75/><V20/><F131/><W110/><G110/><T134/><D116/><U74/><E74/><V82/><F125/><W105/><G105/><T63/><D106/><U102/><E122/><V27/><F52/><W83/><G83/><T88/><D71/><U1/><E68/><V50/><F50/><W73/><G73/><T18/><D49/><U90/><E78/><V115/><REACH who="2" step="1"/><F6/><REACH who="2" ten="291,276,284,139" step="2"/><W101/><G39/><T70/><D134/><U67/><E53/><V3/><F3/><W81/><G46/><T94/><D135/><U103/><E1/><V60/><F60/><W34/><G2/><T76/><D132/><U14/><E93/><V89/><F89/><W99/><G36/><T119/><D88/><U109/><E109/><V12/><F12/><W40/><G45/><T51/><D51/><U77/><E77/><V96/><F96/><W120/><G99/><T64/><D63/><U38/><E38/><V126/><F126/><W130/><G130/><T108/><D76/><U128/><E128/><V54/><F54/><W97/><G97/><T0/><D94/><U127/><E127/><V44/><F44/><W19/><G55/><T79/><D0/><U117/><E117/><V84/><F84/><W47/><G47/><T25/><D119/><U58/><E86/><V42/><F42/><W33/><G41/><RYUUKYOKU ba="1,1" sc="291,-10,276,-10,284,30,139,-10" hai2="8,10,20,23,27,28,30,82,85,91,113,114,115" /><INIT seed="2,2,1,5,0,79" ten="281,266,314,129" oya="2" hai0="119,78,35,47,83,19,59,25,73,127,36,125,132" hai1="117,16,23,55,118,44,5,90,120,32,49,57,89" hai2="40,3,94,84,34,12,14,96,121,11,104,98,113" hai3="107,82,97,95,76,41,128,124,111,26,134,130,93"/><V52/><F113/><W115/><G41/><N who="0" m="22951" /><D59/><U24/><E120/><V54/><F121/><W31/><G31/><N who="0" m="19951" /><D19/><U88/><E32/><V126/><F126/><N who="0" m="48138" /><D132/><U109/><E109/><V102/><F34/><W29/><G124/><T71/><D71/><U17/><E5/><V15/><F40/><W18/><G18/><T27/><D27/><U81/><E118/><AGARI ba="2,1" hai="73,78,83,118,119" m="48138,19951,22951" machi="118" ten="30,3900,0" yaku="18,1,23,1,52,1" doraHai="79" who="0" fromWho="1" sc="281,55,266,-45,314,0,129,0" /><INIT seed="3,0,0,2,1,128" ten="336,221,314,129" oya="3" hai0="108,123,7,116,78,48,95,51,33,96,64,109,42" hai1="130,92,18,29,99,37,44,46,126,112,84,85,16" hai2="82,115,120,54,15,70,9,21,88,93,52,32,83" hai3="135,118,80,53,100,10,127,119,60,13,5,23,74"/><W22/><G127/><T12/><D123/><U57/><E112/><V50/><F115/><W81/><G100/><T25/><D116/><U121/><E121/><V30/><F32/><W24/><G118/><T35/><D78/><U113/><E113/><V19/><F70/><W39/><G119/><T62/><D12/><U2/><E2/><V43/><F120/><W1/><G39/><T87/><D87/><U73/><E73/><V133/><F133/><W101/><G101/><T66/><D7/><U79/><E130/><V105/><F105/><W94/><G94/><T11/><D11/><U58/><E126/><V107/><F43/><W86/><G135/><T117/><D117/><U131/><E131/><V55/><F50/><N who="0" m="18986" /><D42/><U8/><E37/><V38/><F107/><W65/><G53/><T106/><D106/><U75/><E75/><V49/><F49/><W14/><G74/><T89/><D25/><U71/><E71/><V41/><F41/><W31/><G23/><T61/><D61/><U102/><E29/><V134/><F134/><W125/><G125/><T0/><D0/><U36/><E36/><V132/><F38/><W20/><G20/><T47/><D47/><U59/><E8/><V67/><F67/><N who="0" m="25642" /><D62/><U28/><E28/><V129/><F129/><W124/><G124/><T98/><D98/><U76/><E46/><V90/><F132/><W34/><G34/><T111/><AGARI ba="0,0" hai="33,35,89,95,96,108,109,111" m="25642,18986" machi="111" ten="40,1500,0" yaku="14,1" doraHai="128" who="0" fromWho="0" sc="336,15,221,-4,314,-4,129,-7" owari="351,45.1,217,-18.3,310,11.0,122,-37.8" /></mjloggm>