<mjloggm ver="2.3"><GO type="225" lobby="0"/><UN n0="%E3%81%A1%E3%82%85%E3%81%86%E3%81%A9%E3%81%8F%E8%B1%A1%E3%81%95%E3%82%93" n1="%E6%A1%9C%E8%8A%B1%E9%96%83%E3%80%85" n2="%33%74%72%65%65" n3="%6D%75%75%6D%75%72%61" dan="16,18,17,16" rate="2090.76,2205.63,2140.93,2090.06" sx="M,M,F,F"/><TAIKYOKU oya="0"/><INIT seed="0,0,0,2,0,25" ten="250,250,250,250" oya="0" hai0="102,32,115,27,88,63,8,51,114,62,84,78,19" hai1="7,58,108,15,92,73,64,119,70,98,72,14,74" hai2="54,128,10,29,95,100,12,50,11,133,131,16,45" hai3="104,39,69,0,6,52,38,122,97,43,94,127,116"/><T22/><D102/><U113/><E119/><V76/><F76/><W66/><G116/><T93/><D32/><U134/><E70/><V130/><F133/><W35/><G104/><T34/><D34/><U42/><E134/><V17/><F29/><W77/><G127/><T109/><D109/><U41/><E108/><V37/><F37/><W86/><G122/><T2/><D78/><U82/><E82/><V75/><F75/><W135/><G135/><T46/><D2/><U30/><E30/><V21/><REACH who="2" step="1"/><F17/><REACH who="2" ten="250,250,240,250" step="2"/><W5/><G77/><T67/><D8/><U91/><E73/><V117/><F117/><W126/><G39/><T123/><D123/><U110/><E74/><V120/><F120/><W89/><G38/><T40/><REACH who="0" step="1"/><D63/><REACH who="0" ten="240,250,240,250" step="2"/><N who="1" m="38007" /><E110/><V103/><F103/><W13/><G126/><T125/><D125/><U68/><E72/><V53/><F53/><W44/><G52/><T85/><D85/><U18/><E42/><V129/><F129/><W26/><G43/><T48/><D48/><U60/><E41/><V111/><F111/><W87/><G86/><T132/><D132/><U65/><E60/><V96/><AGARI ba="0,2" hai="10,11,12,16,21,45,50,54,95,96,100,128,130,131" machi="96" ten="40,8000,1" yaku="1,1,0,1,19,1,54,1,53,0" doraHai="25" doraHaiUra="80" who="2" fromWho="2" sc="240,-40,250,-20,240,100,250,-20" /><INIT seed="1,0,0,0,1,117" ten="200,230,340,230" oya="1" hai0="13,6,116,105,124,10,17,7,38,70,27,129,3" hai1="72,14,9,108,78,58,100,19,126,36,94,131,29" hai2="80,18,28,64,50,119,34,57,90,91,88,49,67" hai3="121,83,86,43,102,47,112,5,79,63,87,2,39"/><U75/><E126/><V44/><F119/><W33/><G112/><T128/><D38/><U11/><E36/><V89/><F34/><W81/><G33/><T56/><D56/><U25/><E131/><N who="0" m="50249" /><D70/><U52/><E78/><V21/><F28/><W48/><G102/><T12/><D105/><U92/><E9/><V111/><F111/><W84/><G121/><T30/><D116/><U82/><E108/><V132/><F132/><W40/><G63/><T42/><D42/><U53/><E53/><N who="2" m="31919" /><F80/><W71/><G71/><T41/><D41/><U134/><E82/><V77/><F77/><W15/><G2/><N who="0" m="343" /><D124/><U8/><E8/><V85/><F85/><N who="3" m="32875" /><G39/><T118/><D118/><U127/><E134/><V62/><F62/><W125/><G125/><T1/><D7/><U16/><E19/><V35/><F35/><W4/><G43/><T31/><D31/><U115/><E115/><V103/><F103/><W93/><G81/><T37/><D37/><U133/><E133/><V54/><N who="2" m="22528" /><DORA hai="107" /><V130/><F130/><W110/><G93/><T99/><D99/><U32/><E127/><V97/><F97/><W135/><G135/><T46/><D46/><U101/><E101/><V76/><F76/><W74/><G110/><T61/><D61/><U59/><E100/><V96/><F96/><W69/><G69/><T66/><D66/><U122/><E92/><V120/><F120/><W123/><G123/><T114/><D114/><U104/><E94/><V24/><AGARI ba="0,0" hai="18,21,24,44,50,54,64,67" m="22528,31919" machi="24" ten="40,2700,0" yaku="8,1,54,1" doraHai="117,107" who="2" fromWho="2" sc="200,-7,230,-13,340,27,230,-7" /><INIT seed="2,0,0,4,4,14" ten="193,217,367,223" oya="2" hai0="30,64,25,28,127,62,56,72,3,107,133,80,50" hai1="82,11,77,6,22,69,61,26,97,81,41,46,63" hai2="19,103,131,5,7,58,129,114,88,12,112,89,99" hai3="43,29,21,52,71,4,34,23,94,54,76,100,27"/><V60/><F5/><W121/><G121/><T110/><D107/><U9/><E97/><V102/><F7/><W104/><G104/><T15/><D3/><U75/><E81/><V17/><F58/><W122/><G71/><T0/><D0/><N who="1" m="199" /><E11/><V59/><F59/><W124/><G122/><T16/><D110/><U1/><E69/><V78/><F60/><W109/><G109/><T125/><D133/><U47/><E47/><V53/><F53/><W85/><G4/><T118/><D118/><U13/><E13/><V39/><F39/><W48/><G124/><N who="0" m="47691" /><D50/><U126/><E1/><V79/><F12/><W119/><G119/><T35/><D28/><N who="1" m="17495" /><E126/><V95/><F99/><N who="3" m="59511" /><G34/><T105/><D105/><U70/><E70/><V32/><F95/><W132/><G132/><T74/><D80/><U57/><E57/><V111/><F111/><W8/><G8/><AGARI ba="0,0" hai="8,15,16,25,30,35,56,62,64,72,74" m="47691" machi="8" ten="30,3900,0" yaku="18,1,52,1,54,1" doraHai="14" who="0" fromWho="3" sc="193,39,217,0,367,0,223,-39" /><INIT seed="3,0,0,3,3,44" ten="232,217,367,184" oya="3" hai0="5,65,14,89,60,76,108,45,85,111,26,43,117" hai1="131,74,48,69,92,97,121,27,110,4,102,70,21" hai2="75,116,81,118,29,94,33,18,107,37,127,25,6" hai3="22,40,46,10,38,78,55,52,28,16,96,15,9"/><W11/><G78/><T87/><D117/><U109/><E121/><V79/><F107/><W2/><G2/><T98/><D26/><U0/><E74/><V133/><F6/><W100/><REACH who="3" step="1"/><G28/><REACH who="3" ten="232,217,367,174" step="2"/><T17/><D76/><U132/><E110/><V32/><F29/><W129/><G129/><T3/><D108/><U13/><E109/><V119/><F79/><W128/><G128/><T83/><D3/><U12/><E131/><V57/><F118/><W23/><G23/><T35/><D111/><U49/><E0/><V95/><F119/><W99/><G99/><T59/><D98/><U86/><E21/><V90/><F116/><W50/><G50/><T19/><D35/><U82/><E49/><V53/><F32/><W124/><G124/><T7/><D85/><U36/><E48/><V88/><F127/><W30/><G30/><T114/><D114/><U56/><E97/><V41/><F33/><W123/><G123/><T64/><D87/><U80/><E86/><V122/><F122/><W106/><AGARI ba="0,1" hai="9,10,11,15,16,22,38,40,46,52,55,96,100,106" machi="106" ten="30,11700,0" yaku="1,1,0,1,54,2,53,0" doraHai="44" doraHaiUra="113" who="3" fromWho="3" sc="232,-39,217,-39,367,-39,174,127" /><INIT seed="3,1,0,3,1,123" ten="193,178,328,301" oya="3" hai0="52,106,28,96,39,93,118,59,16,114,92,100,58" hai1="94,77,103,18,78,74,4,90,44,37,22,119,126" hai2="117,26,43,108,134,65,81,32,67,30,109,50,132" hai3="20,11,120,112,122,38,61,70,128,7,125,129,89"/><W56/><G112/><T124/><D118/><U73/><E119/><V99/><F117/><W45/><G70/><T51/><D39/><U19/><E103/><V29/><F29/><W66/><G125/><T53/><D114/><U42/><E126/><V49/><F99/><W86/><G20/><T79/><D124/><U9/><E78/><V0/><F0/><N who="3" m="487" /><G45/><T15/><D28/><U69/><E69/><V27/><F81/><N who="3" m="49359" /><G38/><T133/><D79/><U33/><E33/><V121/><F121/><W41/><G41/><T40/><D133/><N who="2" m="51306" /><F27/><W84/><G84/><T110/><D40/><U3/><E77/><V91/><F91/><W88/><G88/><T113/><D113/><U127/><E127/><V57/><F43/><W75/><G75/><T34/><D34/><U21/><E21/><V2/><F2/><W24/><G24/><T23/><D106/><U14/><REACH who="1" step="1"/><E19/><REACH who="1" ten="193,168,328,301" step="2"/><V80/><F32/><W48/><G122/><T98/><D100/><U62/><E62/><V13/><F30/><W12/><G120/><T85/><D16/><U101/><E101/><V104/><F104/><W55/><G61/><T31/><D23/><U10/><E10/><V8/><F8/><W71/><G71/><T5/><D31/><U76/><E76/><V1/><F49/><W36/><G36/><T47/><D51/><U63/><E63/><V130/><F50/><W35/><G35/><T115/><D115/><U97/><AGARI ba="1,1" hai="3,4,9,14,18,22,37,42,44,73,74,90,94,97" machi="97" ten="20,5200,0" yaku="1,1,0,1,7,1,53,1" doraHai="123" doraHaiUra="87" who="1" fromWho="1" sc="193,-14,168,65,328,-14,301,-27" owari="179,-32.1,233,-16.7,314,41.4,274,7.4" /></mjloggm>