<mjloggm ver="2.3"><GO type="225" lobby="0"/><UN n0="%E3%83%AC%E3%82%A4%E3%83%88%E3%83%B3%E5%87%86%E6%95%99%E6%8E%88" n1="%73%6C%69%63%6B%33%31%39" n2="%77%72%77%72%77%72%77%72" n3="%E3%83%97%E3%83%92" dan="19,16,16,16" rate="2279.81,2093.23,2172.76,2163.20" sx="M,M,M,M"/><TAIKYOKU oya="0"/><INIT seed="0,0,0,2,5,121" ten="250,250,250,250" oya="0" hai0="125,116,2,54,91,81,69,52,83,68,49,100,128" hai1="124,45,132,33,16,95,111,37,23,31,34,101,36" hai2="1,94,104,63,12,59,65,99,8,50,84,51,107" hai3="75,39,106,21,40,29,44,43,87,73,108,27,56"/><T3/><D116/><U122/><E122/><V28/><F1/><W46/><G106/><T6/><D125/><U41/><E124/><V113/><F113/><W53/><G108/><T118/><D118/><U61/><E132/><V129/><F129/><W15/><G87/><T79/><D100/><U127/><E127/><V67/><F67/><W82/><G82/><T60/><D91/><U0/><E0/><V22/><F84/><W134/><G134/><T10/><D3/><U30/><E37/><V11/><F107/><W130/><G130/><T38/><D38/><U14/><E111/><V71/><F71/><W80/><G80/><T55/><D128/><U115/><E115/><V97/><F97/><W88/><G88/><T117/><D117/><U17/><E61/><V105/><F105/><W20/><G15/><T5/><D5/><U32/><REACH who="1" step="1"/><E17/><REACH who="1" ten="250,240,250,250" step="2"/><N who="2" m="10535" /><F104/><W62/><G20/><T74/><D60/><U92/><E92/><V98/><F94/><W133/><G133/><T18/><D81/><U19/><E19/><V13/><F63/><W93/><G93/><T89/><D18/><U135/><E135/><V110/><F110/><W4/><G4/><T109/><D109/><U114/><E114/><V126/><F126/><W7/><G7/><T66/><D49/><AGARI ba="0,1" hai="21,27,29,39,40,43,44,46,49,53,56,62,73,75" machi="49" ten="30,1000,0" yaku="7,1" doraHai="121" who="3" fromWho="0" sc="250,-10,240,0,250,0,250,20" /><INIT seed="1,0,0,1,4,8" ten="240,240,250,270" oya="1" hai0="20,100,64,125,63,48,60,65,32,24,16,67,40" hai1="93,55,50,26,86,106,30,34,68,36,127,42,75" hai2="121,83,73,120,115,133,99,113,111,51,39,44,18" hai3="66,56,116,49,45,41,57,29,5,132,72,107,9"/><U35/><E75/><V112/><F111/><W89/><G132/><T94/><D125/><U126/><E106/><V101/><F133/><W123/><G123/><T78/><D32/><U96/><E68/><V27/><F39/><W117/><G107/><T14/><D78/><U110/><E110/><V87/><F73/><W95/><G29/><N who="0" m="17543" /><D40/><U25/><E86/><V114/><N who="2" m="28672" /><DORA hai="28" /><V84/><F18/><W62/><G56/><T108/><D48/><U37/><E42/><N who="2" m="24983" /><F27/><N who="1" m="10249" /><E30/><V6/><F6/><W104/><G104/><T13/><D108/><U23/><E23/><V15/><F15/><N who="0" m="5642" /><D16/><U53/><E36/><V10/><F10/><W58/><G58/><T102/><D94/><U82/><E37/><V22/><F22/><W0/><REACH who="3" step="1"/><G72/><REACH who="3" ten="240,240,250,260" step="2"/><T119/><D119/><U3/><E34/><V71/><F71/><W76/><G76/><T38/><D38/><U46/><E35/><V130/><F121/><W54/><G54/><T33/><D33/><U1/><E53/><V59/><F59/><W77/><G77/><T70/><D70/><U124/><E82/><V85/><F83/><W52/><G52/><T81/><D81/><U7/><E7/><V4/><F4/><W131/><G131/><T12/><D63/><U31/><E31/><V105/><F120/><W109/><G109/><T17/><D60/><U98/><E93/><V74/><F74/><W103/><G103/><T118/><D118/><U129/><E129/><AGARI ba="0,1" hai="84,85,87,99,101,105,129,130" m="24983,28672" machi="129" ten="60,2000,0" yaku="11,1" doraHai="8,28" who="2" fromWho="1" sc="240,0,240,-20,250,30,260,0" /><INIT seed="2,0,0,2,2,109" ten="240,220,280,260" oya="2" hai0="10,125,84,106,36,48,41,12,83,11,4,75,121" hai1="21,86,101,29,20,97,61,102,78,34,17,96,64" hai2="51,28,114,122,6,87,25,80,50,23,133,13,126" hai3="123,132,24,62,19,22,82,69,39,45,115,1,18"/><V2/><F114/><W85/><G123/><T103/><D121/><U5/><E5/><V70/><F122/><W37/><G1/><T130/><D130/><U33/><E78/><V93/><F70/><W104/><G104/><T128/><D128/><U0/><E0/><V81/><F2/><W8/><G132/><T16/><D75/><U100/><E86/><V131/><F133/><W113/><G62/><T94/><D36/><U107/><E101/><V26/><F131/><W31/><G69/><T15/><D106/><U3/><E3/><V42/><F126/><W134/><G134/><T7/><D125/><U57/><E21/><V47/><F51/><W27/><G18/><N who="0" m="8471" /><D41/><U124/><E124/><V53/><F25/><W76/><G45/><T46/><D94/><U40/><E40/><V30/><F30/><W119/><G119/><T65/><D65/><U91/><E91/><N who="2" m="53503" /><F42/><W108/><G108/><T35/><D35/><U52/><E64/><V63/><F63/><W49/><G49/><T44/><D48/><U95/><REACH who="1" step="1"/><E29/><REACH who="1" ten="240,210,280,260" step="2"/><V77/><F77/><W88/><G76/><N who="0" m="46183" /><D103/><U89/><E89/><V73/><F73/><W116/><G116/><T67/><D67/><U55/><E55/><V60/><F6/><AGARI ba="0,1" hai="4,6,7,11,15,16,44,46" m="46183,8471" machi="6" ten="30,2000,0" yaku="8,1,54,1" doraHai="109" who="0" fromWho="2" sc="240,30,210,0,280,-20,260,0" /><INIT seed="3,0,0,2,4,25" ten="270,210,260,260" oya="3" hai0="115,78,37,41,27,124,94,99,51,88,76,22,29" hai1="56,28,72,119,1,110,34,38,59,10,43,46,58" hai2="31,3,130,11,21,127,4,13,50,114,63,113,96" hai3="33,122,105,131,68,67,65,92,9,7,85,0,82"/><W55/><G122/><T36/><D124/><U19/><E110/><V116/><F96/><W8/><G105/><T70/><D70/><U84/><E72/><V48/><F63/><W14/><G131/><T125/><D125/><U123/><E123/><V26/><F127/><W17/><G68/><T69/><D69/><U102/><E119/><V93/><F93/><W66/><G33/><T64/><D64/><U95/><E34/><V107/><F107/><W90/><REACH who="3" step="1"/><G55/><REACH who="3" ten="270,210,260,250" step="2"/><T83/><D115/><U74/><E74/><V80/><F130/><W42/><G42/><T89/><D41/><U20/><E28/><V45/><F114/><W134/><G134/><T79/><D29/><U111/><E111/><V126/><F113/><W101/><G101/><T120/><D120/><U61/><E102/><V24/><F126/><W44/><G44/><T60/><D37/><U12/><E1/><V57/><F3/><W109/><G109/><T129/><D36/><U117/><E117/><V15/><F116/><W71/><G71/><T16/><D129/><U49/><E38/><V86/><F45/><W47/><G47/><T32/><D32/><U52/><REACH who="1" step="1"/><E20/><REACH who="1" ten="270,200,260,250" step="2"/><V108/><F108/><W73/><G73/><T100/><D100/><U132/><E132/><V40/><F21/><W53/><G53/><T2/><D2/><U5/><E5/><V62/><F31/><W98/><G98/><T6/><D6/><U112/><E112/><V97/><F4/><W121/><G121/><T23/><D22/><U128/><E128/><V91/><F97/><W54/><G54/><T18/><D99/><RYUUKYOKU ba="0,2" sc="270,-15,200,15,260,-15,250,15" hai1="10,12,19,43,46,49,52,56,58,59,61,84,95" hai3="0,7,8,9,14,17,65,66,67,82,85,90,92" /><INIT seed="3,1,2,2,3,45" ten="255,215,245,265" oya="3" hai0="51,30,36,102,83,125,70,2,41,97,112,25,67" hai1="74,133,88,38,48,66,84,63,3,19,82,76,71" hai2="7,105,52,96,24,55,43,8,58,131,6,69,135" hai3="12,134,72,126,90,4,20,68,113,101,49,64,111"/><W50/><G113/><T27/><D112/><U92/><E38/><V118/><F118/><W93/><G72/><T44/><D125/><U18/><E133/><V98/><F69/><W46/><G68/><T53/><D2/><U62/><E3/><V31/><F135/><W110/><G134/><T106/><D83/><U1/><E1/><V26/><F131/><W75/><G64/><T99/><D99/><N who="2" m="37930" /><F105/><W117/><G101/><T40/><D27/><N who="2" m="10282" /><F43/><N who="3" m="24799" /><G75/><T60/><REACH who="0" step="1"/><D36/><REACH who="0" ten="245,215,245,265" step="2"/><U14/><E63/><V100/><F31/><W116/><G126/><T34/><AGARI ba="1,3" hai="25,30,34,40,41,44,51,53,60,67,70,97,102,106" machi="34" ten="20,12000,2" yaku="1,1,2,1,0,1,7,1,25,2,52,1,53,0" doraHai="45" doraHaiUra="114" who="0" fromWho="0" sc="245,153,215,-31,245,-31,265,-61" owari="398,49.8,184,-31.6,214,1.4,204,-19.6" /></mjloggm>