<mjloggm ver="2.3"><GO type="225" lobby="0"/><UN n0="%43%E3%82%A8%E3%83%BC%E3%82%B8%E3%82%A7%E3%83%B3%E3%83%88" n1="%E3%81%AA%E3%82%81%E3%81%93%E9%9B%80%E5%A3%AB" n2="%E3%81%93%E3%81%91%E6%A4%8D%E7%89%A9" n3="%E3%83%AB%E3%83%9B%E3%83%B3%E3%83%87%E3%82%A3%E3%82%A8" dan="16,16,16,17" rate="2133.76,2048.84,2096.74,2161.80" sx="M,M,M,M"/><TAIKYOKU oya="0"/><INIT seed="0,0,0,0,1,102" ten="250,250,250,250" oya="0" hai0="85,68,134,105,74,25,62,56,131,49,53,12,64" hai1="86,51,116,90,125,26,19,81,4,97,15,96,39" hai2="67,0,87,114,8,24,122,133,70,31,115,9,36" hai3="71,108,60,127,101,72,2,45,98,103,123,95,66"/><T52/><D74/><U54/><E125/><V89/><F36/><W20/><G2/><T111/><D131/><U63/><E39/><V100/><F122/><W126/><G72/><T130/><D130/><U41/><E116/><V80/><F133/><W40/><G108/><T14/><D134/><U128/><E26/><V88/><F89/><W112/><G112/><T124/><D124/><N who="3" m="47657" /><G20/><T33/><D111/><U27/><E63/><V30/><F30/><W47/><G123/><T44/><D105/><U109/><E41/><V79/><F79/><W119/><G119/><T46/><D85/><U13/><E128/><V23/><F9/><W117/><G117/><T99/><D99/><N who="1" m="37963" /><E4/><V22/><F100/><N who="3" m="60511" /><G47/><T55/><D46/><N who="1" m="28023" /><E109/><V129/><F129/><W32/><G32/><T7/><D7/><U48/><E48/><AGARI ba="0,0" hai="40,45,48,60,66,71,101,103" m="60511,47657" machi="48" ten="30,1000,0" yaku="18,1" doraHai="102" who="3" fromWho="1" sc="250,0,250,-10,250,0,250,10" /><INIT seed="1,0,0,0,0,105" ten="250,240,250,260" oya="1" hai0="133,85,31,58,116,126,99,39,66,55,111,47,37" hai1="59,92,11,24,18,54,32,44,109,103,135,9,34" hai2="114,94,73,130,61,16,71,113,77,17,81,46,67" hai3="23,129,36,12,75,117,10,86,76,104,90,80,122"/><U83/><E135/><V50/><F130/><W53/><G122/><T79/><D116/><U115/><E115/><N who="2" m="44043" /><F94/><W74/><G36/><T102/><D111/><U112/><E112/><V28/><F28/><W26/><G104/><T41/><D126/><U2/><E109/><V7/><F7/><W22/><G129/><T125/><D125/><U96/><E44/><V98/><F98/><W14/><G117/><T25/><D133/><U121/><E121/><V119/><F119/><W100/><G100/><T106/><D66/><U88/><E2/><V87/><F87/><W21/><G26/><T64/><D64/><U120/><E34/><V45/><F45/><W29/><G29/><T97/><D97/><U49/><E32/><V124/><F124/><W48/><G14/><T42/><D42/><AGARI ba="0,0" hai="16,17,42,46,50,61,67,71,73,77,81" m="44043" machi="42" ten="30,3900,0" yaku="11,1,52,1,54,1" doraHai="105" who="2" fromWho="0" sc="250,-39,240,0,250,39,260,0" /><INIT seed="2,0,0,4,0,35" ten="211,240,289,260" oya="2" hai0="99,100,77,68,125,1,18,79,49,31,43,71,19" hai1="135,84,123,119,86,103,104,134,70,60,107,12,78" hai2="73,111,50,55,23,0,80,15,126,92,110,132,54" hai3="39,10,46,59,27,98,74,131,2,124,8,9,105"/><V3/><F126/><W69/><G59/><T89/><D125/><U34/><E119/><V72/><F132/><N who="1" m="50729" /><E34/><V122/><F122/><W67/><G74/><T82/><D31/><U62/><E123/><V61/><F61/><N who="1" m="23657" /><E70/><V14/><F92/><W66/><G69/><T52/><D43/><U112/><E112/><V76/><F23/><W116/><G131/><T24/><D68/><U121/><E121/><V90/><F90/><W21/><G105/><N who="1" m="40522" /><E78/><V53/><F50/><W130/><G130/><T37/><D37/><U75/><E75/><V5/><F73/><W25/><G39/><T30/><D71/><U45/><E103/><V96/><F96/><W106/><G98/><T16/><D99/><U33/><E33/><V87/><F72/><W83/><G106/><T97/><D97/><U17/><E45/><V129/><F129/><W108/><G46/><T117/><D100/><U29/><E29/><V28/><F28/><W42/><G66/><T58/><D117/><U41/><E41/><V114/><F114/><W64/><G42/><T6/><D30/><U81/><E81/><V32/><F32/><W51/><G83/><T38/><D38/><U63/><N who="1" m="23665" /><U11/><AGARI ba="0,0" hai="11,12,17,84,86" m="40522,23665,50729" machi="11" ten="40,2700,0" yaku="4,1,20,1" doraHai="35" who="1" fromWho="1" sc="211,-7,240,27,289,-13,260,-7" /><INIT seed="3,0,0,0,2,135" ten="204,267,276,253" oya="3" hai0="113,102,98,85,29,123,23,88,133,80,3,96,91" hai1="24,122,126,19,6,1,117,111,116,132,68,43,84" hai2="60,73,112,71,90,5,13,83,107,54,9,15,93" hai3="86,101,110,99,20,119,118,59,120,115,78,92,94"/><W129/><G115/><T45/><D123/><U7/><E122/><V127/><F127/><W128/><G120/><T97/><D3/><U134/><E68/><V95/><F107/><W21/><G59/><T14/><D133/><N who="1" m="51307" /><E111/><V39/><F39/><W75/><G20/><T103/><D113/><U37/><E84/><N who="2" m="50463" /><F73/><W17/><G21/><T2/><D2/><U58/><E58/><N who="2" m="34903" /><F71/><W34/><G17/><T30/><D45/><N who="1" m="23791" /><E126/><V27/><F27/><W57/><G57/><T48/><D48/><U69/><E69/><V63/><F63/><W52/><G52/><T76/><D14/><U33/><E1/><V28/><F28/><N who="0" m="10858" /><D23/><N who="1" m="13439" /><E33/><V26/><F26/><W65/><G34/><T32/><D32/><U22/><E22/><V62/><F62/><W4/><G110/><T131/><D131/><N who="3" m="50249" /><G65/><T121/><D121/><U124/><E124/><V77/><F112/><W36/><G36/><T74/><D74/><U61/><E61/><V109/><F109/><W100/><G4/><AGARI ba="0,0" hai="4,6,7,116,117" m="13439,23791,51307" machi="4" ten="30,1000,0" yaku="20,1" doraHai="135" who="1" fromWho="3" sc="204,0,267,10,276,0,253,-10" /><INIT seed="4,0,0,1,5,57" ten="204,277,276,243" oya="0" hai0="108,16,83,36,88,104,77,18,26,94,133,72,102" hai1="120,34,62,52,4,134,19,119,91,10,128,67,124" hai2="22,68,20,48,92,74,17,44,38,129,96,33,110" hai3="43,61,101,0,51,66,47,81,56,100,85,118,84"/><T114/><D114/><U135/><E119/><V131/><F74/><W86/><G118/><T82/><D133/><N who="1" m="50699" /><E120/><V117/><F110/><W126/><G0/><T13/><D108/><U54/><E34/><V116/><F33/><W93/><G126/><T27/><D36/><U39/><E39/><V112/><F22/><W37/><G81/><T12/><D83/><U25/><E91/><N who="2" m="55327" /><F68/><W7/><G7/><T49/><D49/><U35/><E128/><N who="2" m="49227" /><F38/><W73/><G73/><T11/><D102/><N who="3" m="39529" /><G37/><T21/><REACH who="0" step="1"/><D104/><REACH who="0" ten="194,277,276,243" step="2"/><U41/><E124/><V111/><F112/><W31/><G31/><T90/><D90/><AGARI ba="0,1" hai="43,47,51,56,61,66,84,85,86,90,93" m="39529" machi="90" ten="30,2000,0" yaku="8,1,52,1" doraHai="57" who="3" fromWho="0" sc="194,-20,277,0,276,0,243,30" /><INIT seed="5,0,0,1,1,70" ten="174,277,276,273" oya="1" hai0="22,91,75,15,90,64,6,68,73,11,113,19,52" hai1="74,126,23,58,92,87,26,105,82,88,71,2,99" hai2="100,47,121,63,53,116,35,109,24,125,131,44,10" hai3="69,83,118,111,12,124,25,7,98,101,103,112,46"/><U120/><E126/><V16/><F125/><W84/><G69/><T66/><D113/><U51/><E71/><V3/><F109/><W14/><G111/><T65/><D68/><U36/><E36/><V41/><F116/><W8/><G112/><T97/><D97/><U62/><E2/><V56/><F121/><W129/><G129/><T78/><D78/><U29/><E120/><V18/><F131/><W38/><G118/><T94/><D94/><U76/><E105/><V5/><F47/><W119/><G119/><T104/><D104/><U122/><E122/><V28/><REACH who="2" step="1"/><F100/><REACH who="2" ten="174,277,266,273" step="2"/><W106/><G103/><T0/><D75/><U30/><E74/><V61/><F61/><W127/><G25/><T96/><D73/><U31/><E51/><AGARI ba="0,1" hai="3,5,10,16,18,24,28,35,41,44,51,53,56,63" machi="51" ten="30,3900,0" yaku="1,1,7,1,54,1,53,0" doraHai="70" doraHaiUra="17" who="2" fromWho="1" sc="174,0,277,-39,266,49,273,0" owari="174,-32.6,238,-16.2,315,41.5,273,7.3" /></mjloggm>