<mjloggm ver="2.3"><GO type="225" lobby="0"/><UN n0="%E3%81%82%E3%81%99%E3%81%AB%E3%82%83%E3%82%80" n1="%72%69%6F%75%63%68%61%6E" n2="%E3%81%86%E3%83%BC%E3%81%B1%E3%83%BC" n3="%E9%89%A2%E5%B7%BB%E3%82%AC%E3%83%96" dan="16,17,16,16" rate="2182.97,2168.97,2106.57,2070.60" sx="F,M,M,M"/><TAIKYOKU oya="0"/><INIT seed="0,0,0,1,4,80" ten="250,250,250,250" oya="0" hai0="85,90,116,51,87,23,36,26,55,122,123,113,97" hai1="121,0,25,5,62,102,107,92,29,79,78,38,94" hai2="12,28,54,10,3,61,20,19,6,98,21,18,104" hai3="60,132,33,115,101,49,105,103,9,59,120,110,7"/><T89/><D36/><U127/><E121/><V91/><F28/><W63/><G115/><T73/><D73/><U14/><E127/><V22/><F104/><W42/><G33/><T76/><D113/><U50/><E38/><V84/><F98/><W106/><G110/><T4/><D76/><U35/><E0/><V71/><F3/><W39/><G132/><T99/><D116/><U53/><E107/><V100/><F100/><W67/><G9/><T30/><D4/><U134/><E134/><V64/><REACH who="2" step="1"/><F54/><REACH who="2" ten="250,250,240,250" step="2"/><W24/><G103/><T57/><D122/><U83/><E102/><V111/><F111/><W43/><G101/><T135/><D123/><U88/><E29/><V8/><F8/><W124/><G106/><T65/><D135/><U27/><E35/><V86/><F86/><N who="0" m="32778" /><D65/><U13/><E79/><V70/><F70/><W1/><G67/><T17/><D30/><U131/><E78/><V96/><F96/><AGARI ba="0,1" hai="17,23,26,51,55,57,89,90,96,97,99" m="32778" machi="96" ten="30,11600,0" yaku="8,1,52,3" doraHai="80" who="0" fromWho="2" sc="250,126,250,0,240,-116,250,0" /><INIT seed="0,1,0,1,2,66" ten="376,250,124,250" oya="0" hai0="3,76,63,78,87,105,104,124,75,103,49,107,130" hai1="50,101,88,64,60,8,71,55,96,47,17,122,99" hai2="12,24,112,1,21,68,23,114,27,129,54,37,48" hai3="111,110,14,121,120,53,5,135,109,81,97,62,113"/><T9/><D63/><U115/><E122/><N who="3" m="47210" /><G113/><T43/><D49/><U74/><E74/><V32/><F1/><W82/><G5/><T77/><D43/><U15/><E115/><V45/><F129/><W10/><G135/><T73/><D9/><U70/><E101/><V134/><F134/><W106/><G106/><N who="0" m="41067" /><D3/><U125/><E125/><V116/><F116/><W95/><G14/><T25/><D25/><U7/><E71/><V31/><F37/><W86/><G10/><T36/><D36/><U94/><REACH who="1" step="1"/><E96/><REACH who="1" ten="376,240,124,250" step="2"/><V118/><F68/><W2/><G111/><T26/><D124/><U72/><E72/><N who="0" m="27721" /><D130/><U127/><E127/><V52/><F114/><W117/><G110/><T80/><D26/><U69/><E69/><V133/><F112/><W84/><G109/><T59/><D59/><U11/><E11/><V38/><F27/><W131/><G131/><T58/><D58/><U65/><E65/><V22/><F133/><W19/><G97/><AGARI ba="1,1" hai="76,77,78,80,87,97,103,107" m="27721,41067" machi="97" ten="30,12000,1" yaku="35,5" doraHai="66" who="0" fromWho="3" sc="376,133,240,0,124,0,250,-123" /><INIT seed="0,2,0,0,2,129" ten="509,240,124,127" oya="0" hai0="97,36,2,24,108,85,93,134,79,68,3,82,62" hai1="6,25,77,10,31,96,49,114,75,128,11,56,127" hai2="135,13,109,14,32,55,71,18,33,83,70,92,58" hai3="37,30,119,4,69,16,103,76,101,102,63,26,91"/><T105/><D105/><U88/><E128/><V45/><F109/><W53/><G119/><T117/><D36/><U118/><E118/><V19/><F45/><W112/><G112/><T9/><D117/><U44/><E127/><V38/><F83/><W0/><G37/><T98/><D108/><U84/><E114/><V51/><F38/><W110/><G110/><T74/><D98/><U64/><E96/><V59/><F92/><W46/><G76/><T54/><D85/><U7/><E77/><V48/><F55/><W61/><G91/><T20/><D9/><U1/><E75/><V47/><F47/><W28/><G4/><T15/><D15/><U73/><E73/><V132/><AGARI ba="2,0" hai="13,14,18,19,32,33,48,51,58,59,70,71,132,135" machi="132" ten="25,8000,1" yaku="0,1,22,2,52,2" doraHai="129" who="2" fromWho="2" sc="509,-42,240,-22,124,86,127,-22" /><INIT seed="1,0,0,0,4,67" ten="467,218,210,105" oya="1" hai0="135,49,37,58,38,0,65,23,24,10,72,101,113" hai1="82,130,46,110,50,16,60,52,8,39,129,92,103" hai2="6,33,94,20,81,11,44,90,84,35,96,70,41" hai3="117,73,5,106,28,14,15,68,17,69,108,31,13"/><U25/><E39/><V105/><F105/><W3/><G106/><T128/><D113/><U76/><E110/><V74/><F20/><W42/><G108/><T91/><D72/><U79/><E60/><V116/><F116/><W86/><G73/><T132/><D128/><N who="1" m="49259" /><E82/><V27/><F27/><W32/><G117/><T77/><D77/><U22/><E8/><V55/><F55/><W2/><G42/><T80/><D101/><U95/><E95/><V7/><F70/><N who="3" m="27243" /><G86/><T100/><D100/><U36/><E36/><V98/><F98/><AGARI ba="0,0" hai="16,22,25,46,50,52,76,79,92,98,103" m="49259" machi="98" ten="30,5800,0" yaku="19,1,54,2" doraHai="67" who="1" fromWho="2" sc="467,0,218,58,210,-58,105,0" /><INIT seed="1,1,0,3,4,101" ten="467,276,152,105" oya="1" hai0="132,42,13,85,90,105,6,121,104,43,51,1,119" hai1="126,88,69,120,81,49,50,73,93,63,94,97,87" hai2="39,56,70,21,124,16,114,103,10,123,86,37,84" hai3="19,17,130,23,7,79,32,133,35,72,95,125,115"/><U60/><E120/><V71/><F123/><W45/><G115/><T83/><D119/><U22/><E126/><V48/><F114/><W82/><G125/><T28/><D121/><U29/><E73/><V59/><F124/><W33/><G130/><T112/><D112/><U25/><E94/><V40/><F103/><W98/><G133/><T15/><D132/><U111/><E111/><V18/><F21/><W109/><G109/><T110/><D110/><U57/><E69/><V54/><F10/><W26/><G7/><T92/><D1/><U131/><E131/><V62/><F40/><W58/><G45/><T113/><D113/><U47/><E57/><V99/><F48/><W108/><G108/><T122/><D122/><U89/><REACH who="1" step="1"/><E50/><REACH who="1" ten="467,266,152,105" step="2"/><V34/><F62/><W20/><G58/><T77/><D51/><U64/><E64/><V8/><F71/><W0/><G95/><T30/><D92/><U2/><E2/><V117/><F70/><W116/><G0/><T91/><D83/><U14/><E14/><V100/><F59/><W76/><G116/><T96/><D85/><U24/><E24/><V68/><F86/><W128/><G128/><T4/><D96/><U38/><E38/><V106/><F84/><W129/><G129/><T102/><D102/><U27/><E27/><V52/><F117/><W9/><G98/><T53/><D77/><U36/><E36/><V127/><F127/><W75/><G79/><T78/><D78/><U12/><E12/><V55/><F99/><W74/><G74/><T135/><D135/><U80/><E80/><V11/><F39/><RYUUKYOKU ba="1,1" sc="467,15,266,15,152,-15,105,-15" hai0="4,6,13,15,28,30,42,43,53,90,91,104,105" hai1="22,25,29,47,49,60,63,81,87,88,89,93,97" /><INIT seed="1,2,1,4,1,101" ten="482,281,137,90" oya="1" hai0="88,117,127,15,71,29,105,53,21,43,48,122,90" hai1="44,34,84,121,116,113,54,118,72,106,20,81,103" hai2="59,114,39,57,38,41,0,3,125,112,33,24,83" hai3="108,58,69,70,99,30,110,40,64,73,95,129,11"/><U131/><E113/><N who="2" m="43627" /><F125/><W107/><G73/><T68/><D117/><U17/><E121/><V100/><F83/><W10/><G30/><T35/><D105/><U76/><E131/><V133/><F133/><W14/><G40/><T66/><D43/><U61/><E34/><V74/><F74/><W2/><G129/><T109/><D109/><N who="3" m="42089" /><G2/><N who="2" m="553" /><F100/><N who="3" m="62879" /><G95/><T89/><D35/><U91/><E61/><V16/><F41/><W135/><G135/><T96/><D96/><N who="1" m="61799" /><E54/><V93/><F93/><W9/><G14/><T46/><D127/><U87/><E44/><V32/><F33/><W18/><G18/><T85/><D66/><U67/><E67/><V6/><F6/><W51/><G64/><T97/><D97/><U77/><E17/><V12/><F39/><W25/><G25/><T50/><D122/><U94/><E20/><N who="2" m="11271" /><F38/><W31/><G31/><AGARI ba="2,1" hai="24,31,32,57,59" m="11271,553,43627" machi="31" ten="30,2000,0" yaku="11,1,54,1" doraHai="101" who="2" fromWho="3" sc="482,0,281,0,137,36,90,-26" /><INIT seed="2,0,0,0,4,117" ten="482,281,173,64" oya="2" hai0="113,86,42,122,89,31,76,130,12,123,62,46,0" hai1="107,17,127,87,133,26,52,45,70,128,43,8,118" hai2="68,64,91,7,124,121,110,94,92,96,51,44,63" hai3="102,80,35,60,10,6,34,69,129,79,54,103,41"/><V40/><F124/><W58/><G129/><T77/><D0/><U75/><E118/><V114/><F114/><W66/><G41/><T74/><D113/><U119/><E119/><V93/><F110/><W81/><G35/><T95/><D31/><U126/><E75/><V50/><F121/><W29/><G29/><T48/><D130/><U49/><E107/><V56/><F68/><W134/><G34/><T30/><D30/><U28/><E70/><V36/><F36/><W24/><G24/><T33/><D33/><U73/><E73/><V15/><REACH who="2" step="1"/><F50/><REACH who="2" ten="482,281,163,64" step="2"/><W27/><G134/><T47/><D48/><N who="1" m="26687" /><E133/><V21/><F21/><W67/><G69/><T120/><D122/><U14/><E128/><V84/><F84/><W132/><G132/><T108/><D86/><U25/><E28/><V1/><F1/><W57/><G10/><AGARI ba="0,1" hai="7,10,15,40,44,51,56,63,64,91,92,93,94,96" machi="10" ten="40,3900,0" yaku="1,1,8,1,53,0" doraHai="117" doraHaiUra="97" who="2" fromWho="3" sc="482,0,281,0,163,49,64,-39" /><INIT seed="2,1,0,4,2,112" ten="482,281,212,25" oya="2" hai0="124,7,108,100,17,2,43,132,91,115,44,106,109" hai1="18,20,58,25,27,51,49,63,120,22,123,31,33" hai2="74,8,116,133,3,78,30,11,127,5,12,84,90" hai3="79,53,67,54,6,126,14,0,4,86,52,130,98"/><V73/><F133/><W48/><G130/><T39/><D115/><U23/><E23/><V19/><F127/><W101/><G126/><T117/><D124/><U42/><E33/><V83/><F116/><W38/><G38/><T72/><D132/><U36/><E36/><V103/><F30/><W113/><G113/><T35/><D17/><U64/><REACH who="1" step="1"/><E42/><REACH who="1" ten="482,271,212,25" step="2"/><V77/><REACH who="2" step="1"/><F103/><REACH who="2" ten="482,271,202,25" step="2"/><W66/><G101/><T81/><D100/><U13/><E13/><V70/><F70/><W87/><G14/><T24/><D117/><U55/><E55/><V75/><AGARI ba="1,2" hai="3,5,8,11,12,19,73,74,75,77,78,83,84,90" machi="75" ten="30,12000,1" yaku="1,1,0,1,53,3" doraHai="112" doraHaiUra="104" who="2" fromWho="2" sc="482,-41,271,-41,202,143,25,-41" owari="441,54.1,230,-17.0,345,14.5,-16,-51.6" /></mjloggm>