<mjloggm ver="2.3"><GO type="225" lobby="0"/><UN n0="%4C%4F%4C%49%54%41" n1="%72%61%6B%33" n2="%E7%AD%89%E3%80%85%E5%8A%9B%E5%8A%87%E5%A0%B4" n3="%4B%2E%32%2E%4B%2E" dan="16,18,16,16" rate="2133.17,2205.22,2121.83,2203.15" sx="F,M,M,M"/><TAIKYOKU oya="0"/><INIT seed="0,0,0,4,2,68" ten="250,250,250,250" oya="0" hai0="34,98,18,3,118,132,33,5,96,41,60,19,74" hai1="86,107,25,53,124,85,38,125,94,52,130,102,119" hai2="122,135,133,83,39,75,9,51,14,2,62,88,1" hai3="90,103,58,10,8,29,0,134,20,91,15,21,17"/><T127/><D118/><U115/><E119/><V13/><F122/><W89/><G134/><N who="2" m="51209" /><F62/><W116/><G116/><T42/><D132/><U106/><E25/><V81/><F75/><W84/><G103/><T104/><D60/><U27/><E27/><V22/><F22/><W6/><G29/><T7/><D74/><U16/><E102/><V43/><F51/><W55/><REACH who="3" step="1"/><G84/><REACH who="3" ten="250,250,250,240" step="2"/><T113/><D113/><U110/><E115/><V28/><F28/><W57/><G57/><T44/><D104/><U76/><E86/><V26/><F83/><W4/><G4/><T100/><D100/><U79/><E85/><V59/><F59/><W121/><G121/><T114/><D114/><U70/><E107/><V80/><F81/><W63/><AGARI ba="0,1" hai="0,6,8,10,15,17,20,21,55,58,63,89,90,91" machi="63" ten="30,4000,0" yaku="1,1,0,1,53,1" doraHai="68" doraHaiUra="48" who="3" fromWho="3" sc="250,-20,250,-10,250,-10,240,50" /><INIT seed="1,0,0,1,5,34" ten="230,240,240,290" oya="1" hai0="0,46,8,94,132,18,123,10,81,98,109,55,51" hai1="40,35,95,105,49,43,59,114,87,64,4,14,42" hai2="31,65,126,78,122,57,115,121,130,45,26,118,86" hai3="25,110,134,27,7,20,133,52,131,93,135,113,106"/><U80/><E114/><V101/><F118/><W48/><G113/><T75/><D109/><U129/><E35/><V41/><F115/><W44/><G131/><T82/><D132/><U124/><E105/><V103/><F126/><W99/><G110/><T104/><D104/><U100/><E124/><V62/><F130/><W58/><G106/><T13/><D123/><U69/><E69/><V73/><F73/><W108/><G108/><T16/><D75/><U102/><E129/><V1/><F1/><W3/><G20/><T63/><D63/><U111/><E111/><V76/><F103/><N who="3" m="60911" /><G44/><T68/><D68/><U21/><E95/><V79/><F101/><W9/><AGARI ba="0,0" hai="3,7,9,25,27,48,52,58,133,134,135" m="60911" machi="9" ten="40,5200,0" yaku="20,1,52,1,54,1" doraHai="34" who="3" fromWho="3" sc="230,-13,240,-26,240,-13,290,52" /><INIT seed="2,0,0,0,1,90" ten="217,214,227,342" oya="2" hai0="53,19,110,108,30,128,107,80,60,2,50,89,62" hai1="73,84,132,29,38,17,34,96,52,61,41,33,67" hai2="22,45,100,103,119,36,112,70,20,16,13,83,75" hai3="111,1,87,114,106,91,40,11,25,109,28,71,21"/><V129/><F112/><W7/><G114/><T39/><D39/><U10/><E73/><V32/><F119/><W44/><G106/><T126/><D107/><U51/><E132/><V78/><F32/><W76/><G71/><T133/><D128/><U105/><E84/><V3/><F70/><W69/><G76/><T134/><D126/><U42/><E17/><V26/><F3/><W4/><G69/><T55/><D2/><U9/><E9/><V72/><F72/><W74/><G74/><T88/><D30/><U85/><E10/><V66/><F66/><W46/><G7/><T131/><D19/><U15/><E15/><V6/><F129/><W104/><G104/><T122/><D131/><U47/><E85/><V82/><F82/><N who="3" m="49655" /><G40/><T97/><D80/><U135/><E135/><N who="0" m="51721" /><D122/><U94/><E105/><V127/><F127/><W18/><G18/><T24/><D24/><U118/><E118/><V49/><F36/><W81/><G81/><T120/><D120/><U58/><E29/><V54/><REACH who="2" step="1"/><F6/><REACH who="2" ten="217,214,217,342" step="2"/><W12/><G1/><T101/><D108/><AGARI ba="0,1" hai="4,11,12,21,25,28,44,46,108,109,111" m="49655" machi="108" ten="30,1000,0" yaku="14,1" doraHai="90" who="3" fromWho="0" sc="217,-10,214,0,217,0,342,20" /><INIT seed="3,0,0,1,1,60" ten="207,214,217,362" oya="3" hai0="43,0,31,78,118,51,102,120,52,76,115,125,28" hai1="84,44,53,128,119,74,13,81,69,131,19,93,34" hai2="108,104,42,67,14,55,35,61,50,12,107,4,134" hai3="27,106,117,89,21,111,91,36,126,24,23,26,97"/><W80/><G36/><T90/><D118/><U112/><E112/><V59/><F35/><W110/><G117/><T10/><D120/><U77/><E34/><V95/><F108/><W17/><G126/><T66/><D125/><U58/><E69/><V41/><F134/><W16/><G27/><T88/><D115/><U83/><E44/><V124/><F124/><W48/><G48/><T49/><D102/><U2/><E2/><V75/><F75/><W86/><G106/><T109/><D109/><U116/><E93/><AGARI ba="0,0" hai="16,17,21,23,24,26,80,86,89,91,93,97,110,111" machi="93" ten="40,3900,0" yaku="9,1,54,1" doraHai="60" who="3" fromWho="1" sc="207,0,214,-39,217,0,362,39" owari="207,-19.3,175,-32.5,217,1.7,401,50.1" /></mjloggm>