<mjloggm ver="2.3"><GO type="225" lobby="0"/><UN n0="%44%2E%65%61%67%6C%65" n1="%E6%81%A5%E6%99%92%E3%81%97" n2="%E6%97%A5%E6%9B%9C%E6%97%A5%E3%82%88%E3%82%8A%E3%81%AE%E4%BD%BF%E8%80%85" n3="%E3%81%B2%E3%81%AA%E3%81%AE%E3%82%8A%E3%81%8F" dan="16,16,16,17" rate="2093.45,2129.26,2100.03,2166.10" sx="M,M,M,M"/><TAIKYOKU oya="0"/><INIT seed="0,0,0,0,1,126" ten="250,250,250,250" oya="0" hai0="82,89,66,117,0,4,125,112,122,132,42,75,15" hai1="110,20,48,19,102,59,62,78,119,61,53,73,31" hai2="71,46,109,14,127,36,111,28,34,40,134,9,29" hai3="81,120,113,83,33,63,45,47,92,86,11,115,118"/><T133/><D112/><U99/><E110/><N who="2" m="41995" /><F127/><W57/><G118/><T77/><D125/><U95/><E119/><V3/><F134/><W98/><G33/><T129/><D117/><U56/><E31/><N who="2" m="11851" /><F71/><W101/><G120/><T39/><D15/><U79/><E73/><V94/><F94/><W41/><G11/><N who="0" m="2439" /><D66/><U44/><E59/><V108/><N who="2" m="42003" /><V135/><DORA hai="69" /><F135/><N who="0" m="51786" /><D89/><U55/><REACH who="1" step="1"/><E62/><REACH who="1" ten="250,240,250,250" step="2"/><V97/><F34/><W13/><G63/><T68/><D68/><U10/><E10/><V6/><F97/><W103/><G98/><T18/><D122/><U123/><E123/><V51/><F3/><W100/><G113/><T58/><D58/><U96/><E96/><V24/><F24/><AGARI ba="0,1" hai="19,20,24,44,48,53,55,56,61,78,79,95,99,102" machi="24" ten="30,3900,0" yaku="1,1,7,1,8,1,53,0" doraHai="126,69" doraHaiUra="67,26" who="1" fromWho="2" sc="250,0,240,49,250,-39,250,0" /><INIT seed="1,0,0,2,1,80" ten="250,289,211,250" oya="1" hai0="8,14,92,27,57,37,109,52,3,38,126,104,122" hai1="69,67,76,10,23,32,9,110,11,44,84,54,4" hai2="59,16,101,51,45,134,55,30,89,65,31,47,108" hai3="6,50,94,28,123,131,41,112,18,79,48,95,58"/><U124/><E32/><V81/><F108/><W71/><G71/><T97/><D109/><U36/><E110/><V22/><F134/><W121/><G28/><T5/><D104/><U53/><E124/><V64/><F101/><W60/><G6/><T15/><D126/><U113/><E113/><V24/><F65/><W82/><G112/><T107/><D107/><U2/><E23/><V117/><F117/><W1/><G1/><T73/><D73/><U63/><E54/><V127/><F127/><W40/><G131/><T129/><D122/><U96/><E96/><V39/><F39/><W114/><G114/><T74/><D74/><U120/><E120/><V83/><F83/><W99/><G18/><T33/><D129/><U66/><E66/><V17/><F17/><W29/><G29/><N who="2" m="10761" /><F64/><N who="3" m="38935" /><G95/><T100/><D33/><U21/><E21/><V20/><F20/><W119/><G119/><T135/><D27/><U62/><E36/><V118/><F118/><W125/><G125/><T130/><D135/><U25/><E25/><V13/><F24/><W43/><G123/><T35/><D35/><U56/><REACH who="1" step="1"/><E44/><REACH who="1" ten="250,279,211,250" step="2"/><V91/><F91/><N who="3" m="55775" /><G121/><T49/><D130/><U42/><E42/><V116/><F116/><W93/><G43/><T106/><D38/><U85/><E85/><AGARI ba="0,1" hai="13,16,22,45,47,51,55,59,81,85,89" m="10761" machi="85" ten="30,3900,0" yaku="8,1,52,1,54,1" doraHai="80" who="2" fromWho="1" sc="250,0,279,-39,211,49,250,0" /><INIT seed="2,0,0,0,1,98" ten="250,240,260,250" oya="2" hai0="67,49,90,45,118,74,78,107,82,133,42,46,34" hai1="66,8,85,105,114,99,10,91,56,124,127,97,63" hai2="1,24,104,120,100,54,14,102,135,62,36,29,25" hai3="59,121,71,77,0,94,32,26,76,11,22,9,86"/><V119/><F1/><W16/><G71/><T79/><D34/><U131/><E114/><V70/><F36/><W72/><G121/><T31/><D31/><U64/><E131/><V103/><F120/><W58/><G32/><T38/><D133/><U37/><E37/><V51/><F119/><W48/><G72/><T18/><D67/><U43/><E43/><V109/><F135/><W61/><G0/><T125/><D107/><U130/><E130/><V47/><F109/><W33/><G33/><T69/><D69/><U39/><E39/><V113/><F113/><W68/><G68/><T5/><D5/><U87/><E105/><V12/><F104/><W112/><G48/><T89/><D125/><U123/><E123/><V35/><REACH who="2" step="1"/><F25/><REACH who="2" ten="250,240,250,250" step="2"/><W52/><G112/><T21/><D118/><U75/><E124/><V15/><F15/><W4/><G26/><T2/><D2/><U28/><E127/><V88/><F88/><W111/><G111/><T93/><D79/><U73/><E91/><V27/><F27/><W44/><G77/><T65/><D93/><U20/><E28/><V106/><F106/><W108/><G94/><T30/><D30/><U60/><E20/><V122/><F122/><W17/><G76/><T84/><D90/><U55/><E10/><V41/><F41/><W7/><G22/><T3/><D3/><U81/><E8/><V115/><F115/><W116/><G108/><T117/><D117/><U19/><E75/><V126/><F126/><W134/><G116/><T96/><D74/><U92/><E73/><V110/><F110/><W132/><G134/><RYUUKYOKU ba="0,1" sc="250,-10,240,-10,250,30,250,-10" hai2="12,14,24,29,35,47,51,54,62,70,100,102,103" /><INIT seed="2,1,1,2,4,29" ten="240,230,280,240" oya="2" hai0="89,31,66,9,71,79,28,7,56,12,35,70,76" hai1="96,81,72,127,63,105,77,99,83,119,17,84,0" hai2="101,54,65,4,5,59,26,27,106,51,108,118,50" hai3="109,57,107,67,18,21,2,44,93,94,113,20,38"/><V95/><F106/><W103/><G2/><T30/><D89/><U126/><E0/><V124/><F118/><W123/><G123/><T10/><D56/><U104/><E17/><V42/><F65/><W6/><G6/><N who="2" m="2665" /><F124/><N who="1" m="47657" /><E119/><V132/><F132/><W133/><G133/><T114/><D114/><U46/><E46/><N who="2" m="25943" /><F108/><W90/><G109/><T36/><D36/><U25/><E63/><V55/><F55/><W80/><G107/><N who="1" m="41034" /><E25/><V39/><F39/><W52/><G38/><T88/><D66/><U120/><E120/><V110/><F110/><W74/><G67/><T45/><D45/><U1/><E1/><V53/><F53/><W33/><G44/><T13/><D7/><U61/><E61/><V122/><F122/><W85/><G52/><T37/><D37/><U78/><AGARI ba="1,1" hai="72,77,78,81,83,84,96,99" m="41034,47657" machi="78" ten="40,5200,0" yaku="18,1,34,2" doraHai="29" who="1" fromWho="1" sc="240,-14,230,65,280,-27,240,-14" /><INIT seed="3,0,0,0,3,18" ten="226,295,253,226" oya="3" hai0="80,99,4,64,85,63,73,45,83,40,90,133,23" hai1="12,52,24,17,107,37,55,102,21,14,35,42,112" hai2="54,22,15,81,3,61,89,97,43,69,92,60,132" hai3="8,28,10,33,44,114,57,126,32,56,118,116,46"/><W108/><G114/><T19/><D4/><U105/><E112/><V41/><F3/><W29/><REACH who="3" step="1"/><G108/><REACH who="3" ten="226,295,253,216" step="2"/><T76/><D133/><U106/><E35/><V111/><F111/><W96/><G96/><T65/><D99/><U2/><E105/><V88/><F132/><W39/><G39/><T67/><D40/><U129/><E106/><V13/><F43/><W62/><G62/><T74/><D74/><U130/><E37/><V75/><F41/><W71/><G71/><T115/><D115/><U121/><E107/><V0/><F75/><W124/><AGARI ba="0,1" hai="8,10,28,29,32,33,44,46,56,57,116,118,124,126" machi="124" ten="25,9600,0" yaku="1,1,0,1,22,2,53,0" doraHai="18" doraHaiUra="87" who="3" fromWho="3" sc="226,-32,295,-32,253,-32,216,106" owari="194,-30.6,263,6.3,221,-17.9,322,42.2" /></mjloggm>