<mjloggm ver="2.3"><GO type="225" lobby="0"/><UN n0="%77%72%77%72%77%72%77%72" n1="%E3%80%93%E3%81%97%E3%83%BC%E3%82%89%E3%80%93" n2="%E3%82%A2%E3%83%A1%E3%82%A2%E3%83%A9%E3%83%AC" n3="%E3%83%B4%E3%83%A0%EF%BC%99%E3%81%A6" dan="17,16,16,16" rate="2188.95,2176.22,2149.32,2126.14" sx="M,M,M,M"/><TAIKYOKU oya="0"/><INIT seed="0,0,0,3,3,125" ten="250,250,250,250" oya="0" hai0="7,89,18,122,81,119,86,66,55,110,108,48,96" hai1="3,1,130,67,98,15,103,111,45,85,61,24,4" hai2="46,19,74,65,40,106,131,37,14,129,12,9,5" hai3="31,11,101,28,113,90,120,78,87,92,51,44,83"/><T64/><D119/><U13/><E111/><N who="0" m="42537" /><D122/><U105/><E45/><V57/><F106/><W102/><G113/><T109/><N who="0" m="42545" /><T52/><DORA hai="36" /><D7/><U16/><E24/><V68/><F74/><W17/><G120/><T71/><D71/><U35/><E35/><V63/><REACH who="2" step="1"/><F68/><REACH who="2" ten="250,250,240,250" step="2"/><W8/><G28/><T0/><D0/><U76/><E3/><V42/><F42/><W49/><G31/><T6/><D6/><U32/><E4/><V21/><AGARI ba="0,1" hai="5,9,12,14,19,21,37,40,46,57,63,65,129,131" machi="21" ten="30,8000,1" yaku="1,1,0,1,52,3,53,0" doraHai="125,36" doraHaiUra="30,128" who="2" fromWho="2" sc="250,-40,250,-20,240,90,250,-20" /><INIT seed="1,0,0,4,1,131" ten="210,230,330,230" oya="1" hai0="112,44,78,100,26,86,9,113,72,11,15,58,5" hai1="75,45,43,23,0,12,39,123,50,130,93,102,135" hai2="10,118,125,18,88,67,32,117,21,48,40,87,83" hai3="96,7,84,8,38,27,62,61,73,98,59,3,132"/><U69/><E0/><V63/><F125/><W25/><G73/><T1/><D100/><U47/><E75/><V56/><F32/><W109/><G38/><T31/><D72/><U106/><E69/><V129/><F129/><W64/><G109/><T49/><D58/><U110/><E130/><V104/><F104/><W77/><G132/><T41/><D11/><U108/><E106/><V13/><F40/><W105/><G96/><T92/><D1/><U19/><E123/><V94/><F48/><W22/><G22/><T6/><D6/><U66/><E66/><V82/><REACH who="2" step="1"/><F10/><REACH who="2" ten="210,230,320,230" step="2"/><W46/><G105/><T16/><D113/><U90/><E110/><V33/><F33/><W36/><G8/><T103/><D112/><U17/><E108/><V85/><F85/><W52/><G84/><T29/><D86/><U101/><E50/><V122/><F122/><W60/><G36/><T97/><D78/><U114/><E39/><V119/><AGARI ba="0,1" hai="13,18,21,56,63,67,82,83,87,88,94,117,118,119" machi="119" ten="30,4000,0" yaku="1,1,0,1,54,1,53,0" doraHai="131" doraHaiUra="30" who="2" fromWho="2" sc="210,-10,230,-20,320,50,230,-10" /><INIT seed="2,0,0,4,2,65" ten="200,210,370,220" oya="2" hai0="115,94,8,70,64,98,82,2,95,66,71,107,87" hai1="119,93,118,96,112,59,33,40,77,69,49,18,97" hai2="6,48,81,131,124,74,128,55,46,132,101,31,52" hai3="113,26,86,80,103,89,91,43,57,108,24,116,129"/><V85/><F74/><W21/><G116/><T90/><D115/><U117/><E33/><V73/><F73/><W134/><G113/><T41/><D41/><U14/><E112/><V17/><F132/><W120/><G120/><T130/><D130/><N who="2" m="49706" /><F31/><W9/><G129/><T63/><D107/><U29/><E29/><V38/><F38/><W30/><G108/><T68/><D95/><U28/><E28/><V54/><F6/><W5/><G134/><T110/><D110/><U105/><E77/><V133/><F124/><W20/><G103/><T25/><D25/><U45/><E105/><V16/><F101/><W127/><G127/><T122/><D122/><U10/><E59/><V35/><F35/><W3/><G43/><T125/><D125/><U53/><E40/><N who="2" m="24647" /><F133/><W56/><G91/><AGARI ba="0,0" hai="16,17,52,54,55,81,85,91" m="24647,49706" machi="91" ten="30,5800,0" yaku="19,1,54,2" doraHai="65" who="2" fromWho="3" sc="200,0,210,0,370,58,220,-58" /><INIT seed="2,1,0,0,2,42" ten="200,210,428,162" oya="2" hai0="127,98,51,25,70,23,131,37,85,33,40,72,108" hai1="96,111,1,21,7,71,88,45,135,29,125,77,20" hai2="89,28,56,11,133,34,112,91,102,82,15,32,116" hai3="106,36,95,101,74,35,43,121,113,87,44,50,2"/><V62/><F112/><W66/><G121/><T100/><D72/><U5/><E71/><V86/><F116/><W31/><G113/><T114/><D114/><U93/><E111/><V16/><F133/><W69/><G74/><T90/><D108/><U119/><E125/><V18/><F102/><W14/><G2/><T59/><D127/><U132/><E77/><V83/><F28/><W65/><G106/><T80/><D70/><U117/><E1/><V27/><F27/><W10/><G36/><T3/><D3/><U61/><E61/><V6/><F34/><W124/><G124/><T120/><D120/><U55/><E29/><V19/><F32/><W54/><G43/><T134/><D134/><N who="1" m="51243" /><E20/><V84/><F6/><N who="1" m="2057" /><E21/><V9/><F9/><W49/><G69/><T118/><D118/><U57/><E57/><V58/><F58/><W22/><G35/><T68/><D68/><U13/><E13/><V107/><F107/><W39/><G10/><T130/><D33/><U94/><E94/><V38/><F38/><W53/><G39/><T123/><D37/><U75/><E75/><V103/><F103/><W24/><G14/><T115/><D123/><U122/><E122/><V63/><F63/><W79/><G101/><T64/><D115/><U52/><E55/><AGARI ba="1,0" hai="11,15,16,18,19,55,56,62,82,83,84,86,89,91" machi="55" ten="30,11600,0" yaku="7,1,9,1,8,1,54,1" doraHai="42" who="2" fromWho="1" sc="200,0,210,-119,428,119,162,0" /><INIT seed="2,2,0,1,1,106" ten="200,91,547,162" oya="2" hai0="98,22,50,81,58,39,130,36,60,86,134,59,87" hai1="48,75,46,72,90,33,73,52,124,43,74,14,21" hai2="132,35,108,19,103,61,66,1,63,2,56,0,62" hai3="37,25,111,119,126,107,80,121,93,84,76,49,53"/><V65/><F35/><W123/><G119/><T117/><D117/><U89/><N who="1" m="18432" /><DORA hai="131" /><U11/><E33/><V32/><F32/><W79/><G107/><T20/><D130/><U34/><E34/><V38/><F38/><W16/><G79/><T125/><D98/><U4/><E124/><V9/><F103/><W8/><G126/><T31/><D50/><U17/><REACH who="1" step="1"/><E43/><REACH who="1" ten="200,81,547,162" step="2"/><V24/><F108/><W85/><G111/><T104/><D125/><U115/><E115/><V118/><F118/><W68/><G121/><T129/><D129/><U29/><E29/><V101/><F66/><W113/><G123/><T3/><D31/><U47/><E47/><V45/><F45/><W6/><G113/><T15/><D134/><U105/><E105/><V88/><F65/><W18/><G53/><T112/><D104/><U100/><E100/><V114/><F101/><W82/><G82/><T54/><D112/><U10/><E10/><V42/><F9/><W27/><G80/><T51/><D81/><U78/><E78/><V135/><F114/><W7/><G76/><T55/><D55/><U41/><E41/><V94/><F42/><W116/><G8/><T95/><D54/><U28/><E28/><V71/><F132/><W40/><G40/><T70/><D36/><U122/><E122/><V44/><F44/><W57/><G37/><T133/><D39/><U12/><AGARI ba="2,1" hai="4,11,12,14,17,21,46,48,52,89,90" m="18432" machi="12" ten="60,16000,3" yaku="1,1,0,1,52,4,54,1,53,1" doraHai="106,131" doraHaiUra="5,67" who="1" fromWho="1" sc="200,-42,81,176,547,-82,162,-42" /><INIT seed="3,0,0,4,5,106" ten="158,257,465,120" oya="3" hai0="4,41,134,27,57,119,125,6,88,93,104,34,108" hai1="39,16,21,112,69,95,98,62,77,90,79,75,132" hai2="115,9,102,26,35,50,76,67,5,72,14,40,2" hai3="74,71,20,11,83,3,45,61,85,68,111,55,78"/><W80/><G111/><T105/><D119/><U65/><E39/><V128/><F115/><W47/><G20/><T22/><D34/><U91/><E112/><V0/><F35/><W123/><G123/><T51/><D108/><U133/><E91/><V15/><F26/><W94/><G94/><T114/><D114/><U29/><E29/><V12/><F0/><W18/><G55/><N who="0" m="31999" /><D104/><U92/><E92/><V58/><F2/><W1/><G1/><T31/><D105/><U129/><E75/><V81/><F14/><W73/><G73/><T99/><D134/><N who="1" m="51819" /><E129/><V60/><F15/><AGARI ba="0,0" hai="15,16,21,62,65,69,77,79,90,95,98" m="51819" machi="15" ten="30,2000,0" yaku="20,1,54,1" doraHai="106" who="1" fromWho="2" sc="158,0,257,20,465,-20,120,0" owari="158,-24.2,277,7.7,445,54.5,120,-38.0" /></mjloggm>