<mjloggm ver="2.3"><GO type="225" lobby="0"/><UN n0="%E3%81%BF%E3%81%BF%E3%81%9A" n1="%E3%81%9A%E3%82%93%E3%81%9A%E3%82%93%E3%80%82" n2="%E3%81%A9%E3%82%8F%E3%82%93%E3%81%94" n3="%E9%B3%B3%E6%9D%B1%E3%81%AE%E3%81%86%E3%81%95%E3%81%8E%E3%81%95%E3%82%93" dan="17,17,16,17" rate="2201.91,2134.78,2108.27,2292.58" sx="M,M,M,M"/><TAIKYOKU oya="0"/><INIT seed="0,0,0,4,5,93" ten="250,250,250,250" oya="0" hai0="79,42,53,81,103,69,83,11,84,63,87,131,128" hai1="129,0,105,10,102,51,27,41,117,134,90,82,35" hai2="25,68,43,34,8,21,16,59,125,23,100,36,127" hai3="112,113,65,52,95,74,3,104,44,110,109,62,46"/><T86/><D42/><U111/><E117/><V19/><F68/><N who="3" m="42039" /><G104/><T32/><D32/><U124/><E111/><N who="3" m="42506" /><G74/><T17/><D53/><U122/><E122/><V22/><F59/><W71/><G3/><T39/><D39/><U92/><E129/><N who="0" m="49737" /><D103/><U98/><E134/><V37/><F100/><W89/><G71/><T76/><D17/><N who="2" m="6730" /><F43/><W1/><G1/><T6/><D63/><U13/><E124/><N who="2" m="47691" /><F8/><W2/><G2/><N who="0" m="471" /><D69/><U135/><E135/><V99/><F99/><N who="3" m="57839" /><G44/><T115/><D115/><U28/><E0/><V96/><F96/><W64/><G64/><T88/><D86/><U45/><E82/><V120/><F120/><W77/><G77/><AGARI ba="0,0" hai="76,77,79,81,83,84,87,88" m="471,49737" machi="77" ten="30,2900,0" yaku="19,1,54,1" doraHai="93" who="0" fromWho="3" sc="250,29,250,0,250,0,250,-29" /><INIT seed="0,1,0,0,2,6" ten="279,250,250,221" oya="0" hai0="11,26,91,106,53,41,105,75,86,32,34,98,85" hai1="111,72,114,56,57,25,88,77,5,20,48,36,73" hai2="42,50,3,14,112,96,65,132,27,134,94,71,127" hai3="131,90,51,24,19,46,99,61,31,55,30,95,84"/><T1/><D75/><U115/><E111/><V7/><F112/><W76/><G131/><T47/><D53/><U133/><E133/><N who="2" m="51307" /><F3/><W101/><G76/><T18/><D86/><U89/><E36/><V37/><F37/><W108/><G108/><T74/><D74/><N who="1" m="28779" /><E5/><V0/><F0/><W120/><G120/><T43/><D43/><U28/><E77/><V4/><F127/><W39/><G39/><T68/><D68/><U117/><E117/><V81/><F81/><W66/><G19/><T97/><D105/><U70/><E70/><V23/><F65/><W118/><G24/><T102/><D98/><U49/><E49/><V45/><F14/><W44/><G44/><T116/><D116/><U17/><E28/><N who="2" m="17535" /><F71/><W40/><G118/><T124/><D124/><U87/><E48/><V10/><F10/><W29/><G66/><T16/><D26/><U54/><E54/><V125/><F125/><W13/><G13/><T126/><D126/><U123/><E123/><V80/><F80/><W58/><REACH who="3" step="1"/><G30/><REACH who="3" ten="279,250,250,211" step="2"/><T135/><D1/><U78/><E78/><V100/><AGARI ba="1,1" hai="4,7,42,45,50,94,96,100" m="17535,51307" machi="100" ten="30,1100,0" yaku="20,1" doraHai="6" who="2" fromWho="2" sc="279,-6,250,-4,250,24,211,-4" /><INIT seed="1,0,0,0,3,18" ten="273,246,274,207" oya="1" hai0="84,123,15,73,120,22,55,6,68,35,61,121,19" hai1="79,135,0,91,41,116,89,88,24,12,20,129,74" hai2="70,98,11,37,2,128,67,48,28,87,34,9,110" hai3="42,97,50,23,4,96,115,51,27,46,127,65,78"/><U76/><E116/><V117/><F37/><W107/><G115/><T39/><D73/><U29/><E0/><V82/><F117/><W80/><G127/><T122/><N who="0" m="30720" /><DORA hai="109" /><T64/><D39/><U33/><E129/><V13/><F110/><W47/><G65/><T104/><D104/><U26/><E135/><V133/><F2/><W3/><G107/><T45/><D35/><U60/><E12/><V52/><F70/><W118/><G118/><T75/><D75/><U95/><E95/><V8/><F67/><W14/><G3/><T83/><D6/><U106/><E106/><V32/><F128/><W86/><G14/><T71/><D45/><U43/><E60/><V16/><F98/><W17/><REACH who="3" step="1"/><G4/><REACH who="3" ten="273,246,274,197" step="2"/><T105/><D105/><U85/><E74/><V93/><F133/><W125/><G125/><T49/><D64/><U44/><E85/><V66/><F66/><W62/><G62/><T30/><D61/><U56/><E56/><V132/><F132/><W126/><G126/><T102/><D71/><U131/><E131/><V10/><F87/><W21/><G21/><T36/><D68/><U77/><REACH who="1" step="1"/><E44/><REACH who="1" ten="273,236,274,197" step="2"/><N who="2" m="27655" /><F9/><W72/><G72/><T130/><D130/><U57/><E57/><V7/><F10/><W1/><G1/><T31/><D84/><U113/><E113/><V53/><F11/><W114/><G114/><T40/><D15/><U5/><E5/><V119/><F7/><W112/><G112/><T25/><D22/><U90/><N who="1" m="22528" /><DORA hai="111" /><U134/><E134/><V124/><F119/><W101/><G101/><T92/><D102/><U58/><E58/><RYUUKYOKU ba="0,2" sc="273,-15,236,15,274,-15,197,15" hai1="20,24,26,29,33,41,43,76,77,79" hai3="17,23,27,42,46,47,50,51,78,80,86,96,97" /><INIT seed="1,1,2,4,1,19" ten="258,251,259,212" oya="1" hai0="36,34,103,44,123,104,17,120,71,72,118,6,39" hai1="109,107,61,42,51,29,111,12,33,28,38,55,98" hai2="129,78,63,15,114,115,67,122,113,110,31,9,45" hai3="116,25,43,65,52,64,132,89,92,90,53,23,66"/><U99/><E61/><V16/><F122/><N who="0" m="46634" /><D118/><U88/><E12/><V82/><F110/><N who="1" m="41993" /><E107/><V112/><N who="2" m="28672" /><DORA hai="2" /><V37/><F129/><W131/><G131/><T76/><D71/><U3/><E3/><V20/><F37/><W84/><G132/><T128/><D34/><U91/><E42/><V48/><F31/><N who="1" m="11849" /><E38/><V40/><F9/><W22/><G116/><T54/><D39/><U46/><E33/><V26/><F15/><W69/><G69/><T13/><D104/><U75/><E75/><N who="2" m="43359" /><F63/><W80/><G43/><T133/><D72/><U124/><E124/><V86/><F86/><N who="3" m="50503" /><G25/><T73/><D73/><U121/><E121/><V57/><F57/><W41/><G41/><T79/><D36/><U32/><E32/><V130/><F130/><W1/><G1/><T119/><D128/><U50/><E50/><V47/><F47/><W126/><G126/><T74/><D74/><U83/><E83/><V108/><F108/><W117/><G117/><T58/><D44/><U101/><E101/><V49/><F49/><W60/><G60/><T105/><D103/><U77/><E77/><V127/><F127/><W85/><G85/><T5/><D119/><U27/><E27/><V81/><F81/><W70/><G70/><T56/><D79/><U21/><E21/><AGARI ba="1,2" hai="21,22,23,52,53,64,65,66,84,89,92" m="50503" machi="21" ten="30,8000,1" yaku="8,1,52,3,54,1" doraHai="19,2" who="3" fromWho="1" sc="258,0,251,-83,259,0,212,103" /><INIT seed="2,0,0,2,1,44" ten="258,168,259,315" oya="2" hai0="71,72,61,63,16,135,89,99,45,30,11,26,108" hai1="88,90,77,59,82,100,128,50,125,81,62,17,98" hai2="36,6,120,106,22,102,131,75,23,40,112,116,46" hai3="80,91,39,51,117,20,74,86,110,10,29,64,130"/><V111/><F120/><W104/><G117/><T101/><D72/><U76/><E128/><V5/><F116/><W19/><G39/><T47/><D108/><U95/><E125/><V123/><F75/><W134/><G104/><T53/><D135/><U12/><E50/><V33/><F112/><W105/><G105/><T4/><D89/><U7/><E7/><V87/><F33/><W42/><G110/><T93/><D71/><U67/><E100/><V124/><F123/><W52/><G130/><T14/><D4/><U54/><E67/><V2/><F124/><W133/><G64/><T73/><D73/><U21/><REACH who="1" step="1"/><E90/><REACH who="1" ten="258,158,259,315" step="2"/><V69/><F6/><W97/><G91/><T9/><D47/><U84/><E84/><V18/><F5/><W41/><G86/><T114/><D114/><U28/><E28/><V34/><F131/><W55/><G29/><T43/><D53/><U25/><E25/><V129/><F111/><W13/><G52/><T79/><D30/><U115/><E115/><V127/><F129/><W119/><G55/><T121/><D26/><U58/><E58/><V66/><F127/><W109/><G109/><T122/><D121/><U3/><E3/><V126/><F2/><W38/><G51/><N who="0" m="27071" /><D122/><U65/><E65/><V60/><F126/><W68/><G119/><T1/><D1/><U96/><E96/><V85/><F66/><W56/><G97/><T107/><D101/><U31/><E31/><V32/><F102/><W78/><G56/><T24/><D99/><U48/><E48/><V8/><F69/><W118/><G68/><T94/><D24/><RYUUKYOKU ba="0,1" sc="258,-10,158,30,259,-10,315,-10" hai1="12,17,21,54,59,62,76,77,81,82,88,95,98" /><INIT seed="3,1,1,3,0,96" ten="248,188,249,305" oya="3" hai0="42,129,50,13,29,7,75,121,18,89,83,85,125" hai1="53,25,65,94,10,41,1,122,52,27,91,76,2" hai2="37,135,22,78,101,124,3,130,127,19,23,86,95" hai3="57,35,111,106,97,54,39,4,69,99,28,80,16"/><W71/><G39/><T55/><D121/><U120/><E76/><V24/><F37/><W77/><G4/><T119/><D119/><U36/><E65/><V67/><F3/><W90/><G111/><T49/><D125/><N who="2" m="48202" /><F67/><W81/><G35/><T126/><D126/><U117/><E117/><V63/><F63/><W100/><G28/><T11/><D129/><U112/><E112/><V0/><F0/><W118/><G16/><T87/><D29/><U32/><E32/><V114/><F114/><W82/><G118/><T61/><D75/><U68/><E68/><V64/><F64/><W133/><G133/><T88/><D42/><U5/><E1/><V110/><F110/><W79/><G71/><T6/><D61/><U15/><E2/><V72/><F72/><W58/><G69/><T34/><D50/><U84/><E36/><V73/><F73/><W70/><G70/><T20/><D34/><U132/><E132/><V59/><F135/><W31/><G31/><T108/><D108/><U102/><E102/><V131/><F59/><W134/><G57/><N who="0" m="33007" /><D11/><U98/><E98/><N who="2" m="59615" /><F23/><W105/><G134/><T66/><D66/><U38/><E122/><V47/><F47/><W17/><G106/><T56/><D56/><U12/><E120/><V45/><F45/><W109/><G109/><T115/><D115/><U51/><E15/><V62/><F62/><W123/><G123/><T46/><D46/><N who="1" m="26063" /><E38/><V21/><F22/><W93/><G17/><T104/><D104/><U9/><E9/><V113/><F113/><W60/><AGARI ba="1,1" hai="54,58,60,77,79,80,81,82,90,93,97,99,100,105" machi="60" ten="30,3000,0" yaku="0,1,52,1" doraHai="96" who="3" fromWho="3" sc="248,-11,188,-11,249,-11,305,43" owari="237,-16.3,177,-32.3,238,3.8,348,44.8" /></mjloggm>