<mjloggm ver="2.3"><GO type="225" lobby="0"/><UN n0="%4C%4F%4C%49%54%41" n1="%E5%8B%95%E7%89%A9%E5%9C%92%E3%81%AE%E3%81%8F%E3%82%8D" n2="%E3%81%99%E3%81%84%E3%81%BE%E3%81%9B%E3%83%BC%E3%82%93" n3="%E5%A4%96%E5%B7%9D%E7%AB%9C%E6%88%90" dan="16,16,16,16" rate="2161.00,2157.29,2193.43,2183.25" sx="F,M,M,M"/><TAIKYOKU oya="0"/><INIT seed="0,0,0,1,4,43" ten="250,250,250,250" oya="0" hai0="73,80,90,52,119,59,19,25,5,88,63,94,44" hai1="1,49,77,4,85,72,47,21,31,86,120,30,46" hai2="102,16,69,39,103,113,92,98,13,84,9,41,135" hai3="26,14,51,20,104,101,81,107,78,132,6,123,15"/><T28/><D119/><U29/><E120/><V116/><F113/><W122/><G132/><T110/><D110/><U12/><E1/><V130/><F69/><W127/><G127/><T45/><D5/><U37/><E37/><V7/><F135/><W48/><G101/><T10/><D73/><U36/><E36/><V32/><F32/><W106/><G15/><N who="0" m="7671" /><D80/><U24/><E72/><V55/><F116/><W99/><G99/><N who="0" m="57799" /><D90/><U126/><E126/><V74/><F74/><N who="3" m="43223" /><G14/><T100/><D100/><U109/><E109/><V66/><F103/><W133/><G6/><T131/><D131/><U71/><E71/><V76/><F130/><W62/><G133/><T96/><D96/><U68/><E68/><V60/><F7/><W129/><G129/><T97/><D97/><U125/><E125/><V115/><F115/><W8/><G8/><T67/><D67/><U58/><E4/><V54/><F76/><W91/><G91/><T23/><AGARI ba="0,0" hai="23,25,28,44,45,52,59,63" m="57799,7671" machi="23" ten="30,12000,1" yaku="8,1,52,2,54,2" doraHai="43" who="0" fromWho="0" sc="250,120,250,-40,250,-40,250,-40" /><INIT seed="0,1,0,2,1,111" ten="370,210,210,210" oya="0" hai0="67,105,62,114,103,51,109,28,63,135,87,56,11" hai1="54,29,129,90,77,115,124,37,46,8,106,34,47" hai2="85,66,4,127,50,130,18,91,23,1,41,17,108" hai3="112,74,84,76,128,121,116,25,83,26,81,125,60"/><T102/><D135/><U59/><E115/><V43/><F108/><W110/><G116/><T117/><D109/><U35/><E106/><V107/><F107/><W58/><G110/><T19/><D117/><U75/><E124/><V32/><F32/><W27/><G125/><T123/><D123/><U2/><E129/><V79/><F130/><W99/><G121/><T89/><D105/><U132/><E132/><V13/><F127/><W55/><G128/><T36/><D36/><U93/><E77/><V24/><F79/><W9/><G9/><T22/><D114/><U5/><E75/><V92/><F66/><W45/><G112/><T44/><D28/><U0/><E0/><V88/><F50/><W64/><G99/><T119/><D62/><U12/><E2/><V70/><F70/><W134/><G134/><T95/><D11/><U78/><E78/><V86/><F4/><W39/><G83/><T49/><D49/><U31/><E35/><V7/><F7/><W113/><G113/><T57/><D57/><U48/><E34/><V120/><F1/><W61/><G39/><T33/><D33/><U97/><E37/><V3/><F3/><W65/><G45/><AGARI ba="1,0" hai="5,8,12,29,31,45,46,47,48,54,59,90,93,97" machi="45" ten="40,1300,0" yaku="8,1" doraHai="111" who="1" fromWho="3" sc="370,0,210,16,210,0,210,-16" /><INIT seed="1,0,0,3,2,68" ten="370,226,210,194" oya="1" hai0="71,20,36,120,93,79,3,73,106,129,35,40,132" hai1="45,111,64,94,89,33,112,34,32,15,23,85,52" hai2="22,131,51,80,75,41,43,44,119,6,55,19,56" hai3="97,17,114,8,69,82,12,102,130,127,126,125,108"/><U7/><E112/><V96/><F119/><W47/><G114/><T70/><RYUUKYOKU type="yao9" ba="0,0" sc="370,0,226,0,210,0,194,0" hai0="3,20,35,36,40,70,71,73,79,93,106,120,129,132" /><INIT seed="1,1,0,1,0,69" ten="370,226,210,194" oya="1" hai0="49,71,53,74,12,37,51,23,116,96,115,78,68" hai1="107,29,135,121,41,6,50,111,128,130,31,44,103" hai2="99,2,4,82,43,16,117,90,127,120,28,123,77" hai3="88,131,112,92,21,9,101,19,102,52,113,5,15"/><U34/><E121/><V55/><F117/><W97/><G131/><N who="1" m="50218" /><E135/><V132/><F132/><W42/><G42/><T26/><D115/><U70/><E34/><V57/><F127/><W94/><G102/><T20/><D37/><U11/><E70/><V10/><F28/><W125/><G125/><T36/><D36/><U24/><E24/><V118/><F118/><W47/><G47/><T81/><D116/><U22/><E22/><V46/><F16/><W60/><G60/><T13/><D51/><U63/><E63/><N who="2" m="36287" /><F90/><W105/><G52/><T100/><D68/><U93/><E107/><V122/><F99/><W85/><REACH who="3" step="1"/><G105/><REACH who="3" ten="370,226,210,184" step="2"/><T38/><D53/><U110/><E103/><V133/><F133/><W1/><AGARI ba="1,1" hai="1,5,9,15,19,21,85,88,92,94,97,101,112,113" machi="1" ten="20,8000,1" yaku="1,1,2,1,0,1,7,1,54,1,53,0" doraHai="69" doraHaiUra="58" who="3" fromWho="3" sc="370,-21,226,-41,210,-21,184,93" /><INIT seed="2,0,0,3,4,13" ten="349,185,189,277" oya="2" hai0="32,51,46,121,63,126,48,37,60,29,108,38,95" hai1="135,10,81,83,8,15,66,79,62,89,65,23,71" hai2="18,90,12,94,117,4,3,134,110,92,35,86,53" hai3="55,127,61,88,124,47,130,25,54,11,91,99,123"/><V0/><F117/><W118/><G118/><T98/><D121/><U1/><E135/><V44/><F35/><W104/><G123/><T6/><D108/><U58/><E1/><V19/><F134/><W119/><G119/><T113/><D113/><U21/><E10/><N who="2" m="4167" /><F0/><W84/><G130/><T105/><D105/><U70/><E89/><N who="2" m="53303" /><F3/><W67/><G11/><T20/><D6/><U42/><E42/><V57/><F44/><W77/><G25/><N who="0" m="16551" /><D37/><U133/><E133/><V128/><F128/><W39/><G47/><T45/><D38/><U40/><E40/><V27/><F27/><W7/><G7/><T132/><D126/><U112/><E112/><V2/><F2/><W122/><G39/><T34/><D34/><U36/><E36/><V52/><F110/><W17/><G122/><T68/><D32/><U107/><E107/><V116/><F116/><W115/><G104/><T33/><D33/><U72/><E83/><V109/><F109/><W102/><G115/><T111/><D132/><U106/><E106/><V49/><F53/><W26/><G55/><N who="0" m="30095" /><D68/><U43/><E43/><V73/><F73/><W80/><G124/><T75/><D75/><U74/><E74/><V85/><AGARI ba="0,0" hai="18,19,49,52,57,85,90,94" m="53303,4167" machi="85" ten="30,11700,0" yaku="8,1,52,2,54,1" doraHai="13" who="2" fromWho="2" sc="349,-39,185,-39,189,117,277,-39" /><INIT seed="2,1,0,2,1,79" ten="310,146,306,238" oya="2" hai0="128,58,19,96,5,92,115,66,119,49,28,29,74" hai1="125,18,39,12,26,72,0,73,121,25,101,1,63" hai2="10,47,13,120,43,123,36,46,83,133,104,88,68" hai3="6,31,85,98,129,21,106,22,11,59,124,53,84"/><V122/><F133/><W86/><G124/><T3/><D115/><U55/><E125/><V97/><F68/><W91/><G129/><T94/><D74/><N who="1" m="28779" /><E101/><V126/><F126/><W32/><G32/><T69/><D69/><U107/><E107/><V67/><F67/><W108/><G108/><T89/><D119/><U80/><E80/><V20/><F20/><W93/><G106/><T23/><D5/><U50/><E63/><V51/><F104/><W60/><REACH who="3" step="1"/><G31/><REACH who="3" ten="310,146,306,228" step="2"/><T24/><D28/><U45/><E121/><V34/><F34/><W27/><G27/><T30/><D30/><U65/><E26/><V57/><F123/><W99/><G99/><T8/><D29/><U113/><E25/><V132/><F122/><W78/><G78/><T118/><D24/><U105/><E105/><V76/><F97/><W52/><G52/><T14/><D96/><U135/><E55/><V9/><F76/><W40/><G40/><T109/><D128/><U4/><E113/><V102/><F120/><W44/><G44/><T95/><D109/><U56/><E45/><V2/><F47/><W82/><G82/><T127/><D127/><U77/><E77/><V110/><F110/><W116/><G116/><T87/><D118/><U7/><E65/><V41/><F41/><W100/><G100/><T48/><D66/><U64/><E64/><V38/><F102/><W134/><G134/><T42/><D42/><U15/><E135/><V61/><F132/><W81/><G81/><T62/><D94/><U35/><E35/><V130/><F130/><W33/><G33/><T70/><D95/><RYUUKYOKU ba="1,1" sc="310,-10,146,-10,306,-10,228,30" hai3="6,11,21,22,53,59,60,84,85,86,91,93,98" /><INIT seed="3,2,1,3,5,28" ten="300,136,296,258" oya="3" hai0="42,23,85,74,90,5,71,99,89,32,22,135,96" hai1="115,30,93,40,17,47,14,120,15,86,8,37,62" hai2="134,34,88,64,60,66,123,127,53,128,121,0,54" hai3="27,132,33,97,107,80,50,113,83,35,51,130,78"/><W111/><G113/><T110/><D32/><U65/><E115/><V124/><F34/><W52/><G51/><T18/><D74/><U72/><E120/><N who="2" m="46155" /><F134/><W98/><G83/><T73/><D73/><U55/><E72/><V68/><F128/><W116/><G116/><T63/><D110/><U56/><E30/><V91/><F0/><W4/><G132/><T38/><D5/><U3/><E3/><V79/><F66/><W2/><G130/><T105/><D71/><U108/><E108/><V100/><F100/><W101/><G111/><T76/><D63/><U103/><E15/><V119/><F79/><W10/><G27/><T21/><D105/><U25/><E25/><V114/><F114/><W36/><G98/><N who="0" m="37419" /><D38/><U67/><REACH who="1" step="1"/><E103/><REACH who="1" ten="300,126,296,258" step="2"/><V112/><F112/><W61/><G2/><T39/><D135/><U13/><E13/><V9/><F119/><W118/><G118/><T75/><D75/><U92/><E92/><V24/><F24/><W6/><G101/><T81/><D81/><U84/><E84/><V106/><F106/><W133/><G107/><T122/><D85/><U126/><E126/><V48/><F127/><W77/><G80/><T59/><D122/><U49/><E49/><V104/><F104/><W70/><G50/><T129/><D129/><U16/><E16/><V41/><F124/><W12/><G12/><T131/><D18/><U26/><E26/><V58/><F48/><W19/><G19/><T69/><D131/><U109/><E109/><V46/><F60/><W125/><G133/><T31/><D31/><U95/><E95/><V20/><F9/><RYUUKYOKU ba="2,2" sc="300,-10,126,30,296,-10,258,-10" hai1="8,14,17,37,40,47,55,56,62,65,67,86,93" /><INIT seed="4,3,2,0,2,17" ten="290,156,286,248" oya="0" hai0="34,28,131,52,59,103,54,123,0,101,112,117,97" hai1="94,2,50,9,16,69,4,41,121,27,18,23,67" hai2="95,90,1,87,86,8,65,110,36,3,63,80,92" hai3="81,55,107,133,33,32,106,116,124,56,129,68,38"/><T5/><D117/><U125/><E121/><V19/><F36/><W71/><G116/><T48/><D123/><U47/><E125/><V74/><F74/><W100/><G124/><T91/><D112/><U61/><E94/><V70/><F110/><W6/><G38/><T51/><D131/><U111/><REACH who="1" step="1"/><E18/><REACH who="1" ten="290,146,286,248" step="2"/><V75/><F95/><W130/><G129/><T45/><D103/><U89/><E89/><V102/><F102/><W128/><G130/><T118/><D91/><U84/><E84/><V25/><F75/><W66/><G128/><T108/><D101/><U20/><E20/><V35/><F35/><W82/><G100/><T113/><D34/><U31/><E31/><V98/><F87/><W11/><G33/><T120/><D28/><U93/><E93/><V43/><F92/><W134/><G32/><T72/><D120/><U73/><E73/><V132/><F98/><W96/><G96/><T99/><D72/><U109/><AGARI ba="3,3" hai="2,4,9,16,23,27,41,47,50,61,67,69,109,111" machi="109" ten="30,8000,1" yaku="1,1,0,1,52,1,54,1,53,1" doraHai="17" doraHaiUra="46" who="1" fromWho="1" sc="290,-43,146,119,286,-23,248,-23" /><INIT seed="5,0,0,5,0,57" ten="247,265,263,225" oya="1" hai0="79,70,30,52,89,20,98,131,102,47,48,65,66" hai1="9,24,21,61,116,19,54,33,120,50,95,76,15" hai2="93,71,39,97,13,118,103,100,81,5,59,94,73" hai3="123,74,7,6,107,32,91,31,78,96,11,22,115"/><U75/><E116/><V68/><F118/><W83/><G123/><T132/><D131/><U135/><E120/><V125/><F39/><W37/><G37/><T3/><D3/><U41/><E135/><V36/><F36/><W117/><G117/><T38/><D132/><U8/><E41/><V114/><F125/><W17/><G115/><T45/><D79/><U60/><E33/><V29/><F29/><W85/><G32/><T108/><D108/><U126/><E126/><V25/><F25/><W130/><G31/><T119/><D119/><U56/><E76/><V121/><F121/><W122/><G11/><N who="1" m="4170" /><E75/><V69/><F114/><W43/><G43/><T53/><D70/><U40/><E40/><V46/><F73/><W0/><G0/><T44/><D38/><U23/><E95/><V34/><F34/><W129/><G122/><T77/><D77/><U112/><E112/><V51/><F81/><W113/><G113/><T72/><D72/><U49/><E49/><V10/><F94/><N who="3" m="54639" /><G130/><T2/><D2/><U63/><E50/><V90/><F71/><W87/><G87/><T92/><D102/><N who="2" m="38954" /><F69/><W62/><G129/><T80/><D80/><U67/><E67/><N who="0" m="25609" /><D48/><U88/><E88/><V58/><F68/><W12/><G62/><T99/><D99/><U124/><E124/><V84/><F97/><W110/><G110/><T64/><D64/><U14/><E14/><V128/><F128/><W35/><G35/><T55/><D55/><AGARI ba="0,0" hai="5,10,13,46,51,55,58,59,84,90,93" m="38954" machi="55" ten="30,1000,0" yaku="8,1" doraHai="57" who="2" fromWho="0" sc="247,-10,265,0,263,10,225,0" /><INIT seed="6,0,0,0,2,129" ten="237,265,273,225" oya="2" hai0="123,64,109,22,84,88,121,35,66,122,131,25,44" hai1="36,55,4,103,6,97,117,69,26,68,102,21,13" hai2="38,7,2,110,54,62,27,46,53,89,98,70,127" hai3="63,134,1,81,30,0,29,119,135,23,82,90,118"/><V101/><F127/><W124/><G124/><T5/><D109/><U56/><E117/><V77/><F27/><W51/><G51/><T20/><D131/><U14/><E36/><V125/><F125/><W24/><G63/><T28/><D5/><N who="1" m="2155" /><E69/><V52/><F89/><W75/><G90/><T12/><D44/><U16/><E68/><V115/><F77/><W43/><G43/><T8/><D8/><U104/><E104/><V95/><F115/><W108/><G24/><T32/><D20/><U114/><E114/><V133/><F110/><W39/><G23/><T59/><D59/><U126/><E126/><V49/><F38/><W71/><G71/><T48/><D48/><N who="1" m="30823" /><E97/><V10/><F133/><W96/><G96/><T79/><D79/><U74/><E74/><V33/><F33/><W120/><G39/><T107/><D107/><U112/><E112/><V65/><AGARI ba="0,0" hai="2,7,10,46,49,52,53,54,62,65,70,95,98,101" machi="65" ten="30,3000,0" yaku="0,1,54,1" doraHai="129" who="2" fromWho="2" sc="237,-10,265,-10,273,30,225,-10" owari="227,-17.3,255,5.5,303,40.3,215,-28.5" /></mjloggm>