<mjloggm ver="2.3"><GO type="225" lobby="0"/><UN n0="%72%61%6B%33" n1="%E7%99%BD%E6%97%A5%E9%9B%AA%E8%8F%9C" n2="%4C%4F%4C%49%54%41" n3="%E3%81%A9%E3%82%8F%E3%82%93%E3%81%94" dan="16,17,16,16" rate="2119.57,2222.53,2175.64,2083.81" sx="M,M,F,M"/><TAIKYOKU oya="0"/><INIT seed="0,0,0,3,2,67" ten="250,250,250,250" oya="0" hai0="30,87,28,22,42,52,37,43,68,121,70,17,27" hai1="115,12,80,123,114,110,104,90,71,108,65,105,34" hai2="106,111,56,15,125,62,54,122,84,23,73,98,63" hai3="130,8,55,5,95,102,41,99,117,7,113,50,131"/><T82/><D121/><U107/><E34/><V33/><F73/><W91/><G113/><N who="1" m="43018" /><E123/><V81/><F122/><W21/><G117/><T132/><D132/><U3/><E3/><V20/><F33/><W51/><G21/><T18/><D52/><U31/><E31/><V92/><F106/><W58/><G91/><T4/><D4/><U39/><E39/><V134/><F111/><N who="1" m="42537" /><E12/><V83/><F125/><W93/><G93/><T45/><D43/><U46/><E46/><V120/><F120/><W16/><G131/><T126/><D126/><U47/><E47/><V75/><F75/><W32/><G32/><T101/><D101/><U112/><N who="1" m="43026" /><U40/><DORA hai="64" /><E40/><V2/><F2/><W124/><G130/><T76/><REACH who="0" step="1"/><D28/><REACH who="0" ten="240,250,250,250" step="2"/><U85/><E65/><V19/><F134/><W35/><G124/><T86/><D86/><U26/><E107/><V119/><F84/><W49/><G41/><T38/><D38/><U133/><E133/><V100/><F119/><W78/><G7/><T44/><D44/><U60/><E105/><V14/><F62/><W74/><G5/><T97/><D97/><U53/><E104/><V61/><F63/><W129/><G129/><T135/><D135/><U24/><E53/><V36/><F36/><W109/><G109/><T10/><D10/><U9/><E9/><V69/><F54/><W13/><G55/><T6/><D6/><U57/><E60/><V11/><F11/><W1/><G8/><T103/><D103/><U89/><E85/><V48/><F61/><W128/><G128/><T88/><D88/><U94/><E90/><RYUUKYOKU ba="0,1" sc="240,30,250,-10,250,-10,250,-10" hai0="17,18,22,27,30,37,42,45,68,70,76,82,87" /><INIT seed="0,1,1,5,3,22" ten="270,240,240,240" oya="0" hai0="126,65,25,39,122,78,4,44,115,103,130,121,69" hai1="113,63,49,109,106,24,132,116,12,42,91,57,21" hai2="28,10,101,117,131,43,83,52,129,33,81,45,98" hai3="95,104,13,26,96,93,123,46,114,41,19,3,79"/><T38/><D115/><U75/><E116/><V37/><F117/><W60/><G3/><T54/><D4/><U102/><E75/><V66/><F66/><W18/><G114/><T89/><D78/><U128/><E113/><V74/><F10/><W17/><G79/><T88/><D103/><U8/><E109/><V62/><F74/><W100/><G123/><T99/><D54/><U134/><E128/><N who="2" m="49227" /><F28/><W30/><G60/><T72/><D72/><U90/><E106/><N who="2" m="63799" /><F33/><W48/><REACH who="3" step="1"/><G13/><REACH who="3" ten="270,240,240,230" step="2"/><T119/><D130/><U6/><E63/><V135/><F135/><W2/><G2/><T127/><D122/><U16/><E132/><V5/><F5/><W15/><G15/><T53/><D121/><U35/><E134/><V64/><F64/><W34/><AGARI ba="1,2" hai="17,18,19,26,30,34,41,46,48,93,95,96,100,104" machi="34" ten="30,4000,0" yaku="1,1,0,1,52,1,53,0" doraHai="22" doraHaiUra="51" who="3" fromWho="3" sc="270,-21,240,-11,240,-11,230,63" /><INIT seed="1,0,0,3,2,122" ten="249,229,229,293" oya="1" hai0="86,40,84,43,50,71,44,29,39,32,23,114,31" hai1="53,97,26,91,62,135,2,21,70,89,74,134,63" hai2="6,28,75,118,83,128,124,12,72,78,93,15,67" hai3="68,66,13,96,125,127,111,24,46,129,126,99,112"/><U51/><E2/><V3/><F118/><W30/><G112/><T37/><D114/><U73/><E73/><V25/><F75/><W117/><G117/><T8/><D71/><U105/><E74/><V7/><F124/><W41/><G129/><T131/><D32/><U48/><E48/><V18/><F128/><W133/><G133/><N who="1" m="50698" /><E105/><V107/><F107/><W95/><G13/><T77/><D131/><U27/><E27/><V0/><F67/><W88/><G66/><T65/><D65/><N who="1" m="41271" /><E97/><V20/><F93/><W58/><G58/><T35/><D35/><U76/><E76/><V1/><REACH who="2" step="1"/><F15/><REACH who="2" ten="249,229,219,293" step="2"/><W106/><G106/><T115/><D115/><U100/><E100/><V42/><F42/><W123/><G127/><T55/><D40/><U34/><E34/><AGARI ba="0,1" hai="0,1,3,6,7,12,18,20,25,28,34,72,78,83" machi="34" ten="40,1300,0" yaku="1,1,53,0" doraHai="122" doraHaiUra="61" who="2" fromWho="1" sc="249,0,229,-13,219,23,293,0" /><INIT seed="2,0,0,1,5,82" ten="249,216,242,293" oya="2" hai0="70,132,130,90,24,128,50,98,36,78,46,69,30" hai1="47,35,129,26,125,94,83,105,5,74,23,92,31" hai2="131,28,133,126,118,101,134,113,61,0,32,48,115" hai3="6,103,108,119,72,43,18,20,16,114,99,12,41"/><V87/><F0/><W55/><G72/><T56/><D78/><U62/><E105/><V39/><F39/><W79/><G119/><T89/><D56/><U44/><E5/><V13/><F118/><W106/><G108/><T112/><D36/><U14/><E129/><N who="0" m="49769" /><D132/><N who="2" m="50794" /><F131/><W135/><G6/><T123/><D112/><U27/><E14/><V95/><F126/><W116/><G79/><T109/><D123/><U81/><E125/><V59/><F48/><W3/><G3/><T63/><D109/><U93/><E74/><V73/><F13/><W107/><G116/><T8/><D8/><U64/><E31/><V49/><F49/><W10/><G114/><T4/><D4/><U67/><E35/><V22/><F32/><W42/><G55/><N who="0" m="30167" /><D98/><U76/><E76/><V11/><F11/><W96/><G135/><T60/><D60/><U45/><E62/><V68/><F68/><N who="0" m="26218" /><D63/><U1/><E1/><V9/><F9/><W91/><G99/><T121/><D121/><U17/><E27/><N who="2" m="16503" /><F73/><W84/><G10/><T33/><AGARI ba="0,0" hai="24,30,33,89,90" m="26218,30167,49769" machi="33" ten="30,1100,0" yaku="19,1" doraHai="82" who="0" fromWho="0" sc="249,11,216,-3,242,-5,293,-3" /><INIT seed="3,0,0,5,1,50" ten="260,213,237,290" oya="3" hai0="110,133,108,13,56,5,113,28,84,17,7,23,14" hai1="63,9,135,49,27,90,103,26,38,25,94,16,51" hai2="15,29,68,81,118,42,64,32,53,96,65,70,3" hai3="6,34,30,33,66,8,69,19,74,132,82,4,60"/><W100/><G19/><N who="0" m="10735" /><D84/><U117/><E38/><V134/><F118/><W124/><G124/><T89/><D89/><U40/><E135/><V95/><F3/><N who="3" m="31" /><G6/><N who="0" m="2059" /><D56/><U75/><E75/><V24/><F42/><W72/><G132/><T127/><D133/><U130/><E130/><V67/><F15/><W87/><G87/><T76/><D76/><U35/><E35/><N who="3" m="13322" /><G30/><T106/><D106/><U86/><E117/><V55/><F81/><W122/><G122/><T99/><D99/><N who="1" m="59895" /><E63/><V71/><REACH who="2" step="1"/><F134/><REACH who="2" ten="260,213,227,290" step="2"/><W47/><G82/><T45/><D14/><N who="1" m="7247" /><E40/><V111/><F111/><W52/><G74/><T41/><D41/><U62/><E62/><V80/><F80/><AGARI ba="0,1" hai="25,26,27,49,51,80,86,90" m="7247,59895" machi="80" ten="30,2000,0" yaku="8,1,54,1" doraHai="50" who="1" fromWho="2" sc="260,0,213,30,227,-20,290,0" /><INIT seed="4,0,0,0,5,50" ten="260,243,207,290" oya="0" hai0="104,12,88,106,129,32,47,34,109,78,123,42,21" hai1="128,131,3,68,126,112,40,117,20,135,49,76,11" hai2="64,62,75,6,45,86,46,97,101,36,1,114,59" hai3="63,77,130,74,51,14,52,87,118,72,5,55,16"/><T81/><D123/><U67/><E117/><V43/><F75/><W92/><G118/><T127/><D127/><U125/><E76/><V89/><F114/><W39/><G39/><T57/><D129/><N who="1" m="49739" /><E112/><V99/><F46/><W19/><G72/><T115/><D115/><U33/><E33/><V133/><F133/><W38/><G38/><T69/><D69/><U18/><E135/><V110/><F110/><W27/><G74/><T111/><D32/><U56/><E68/><V23/><F23/><N who="3" m="13799" /><G5/><T66/><D34/><U44/><E67/><V37/><F36/><W134/><G134/><T102/><D78/><U0/><E56/><V24/><F24/><W15/><G130/><T121/><D121/><U107/><E107/><V54/><F101/><W35/><G35/><T61/><D102/><U79/><E79/><V84/><F64/><W41/><G41/><T25/><D106/><U58/><E58/><V4/><F86/><W17/><G63/><T113/><D104/><U70/><E70/><V8/><REACH who="2" step="1"/><F6/><REACH who="2" ten="260,243,197,290" step="2"/><W122/><G87/><N who="0" m="50287" /><D113/><U48/><E126/><V108/><F108/><N who="0" m="41546" /><D25/><U13/><E125/><V96/><F96/><W95/><G122/><T7/><D7/><N who="1" m="1511" /><E3/><V10/><F10/><N who="3" m="6359" /><G77/><T116/><D116/><U28/><E28/><V80/><AGARI ba="0,1" hai="1,4,8,37,43,45,54,59,62,80,84,89,97,99" machi="80" ten="20,5200,0" yaku="1,1,0,1,7,1,52,1,53,0" doraHai="50" doraHaiUra="103" who="2" fromWho="2" sc="260,-26,243,-13,197,62,290,-13" /><INIT seed="5,0,0,1,2,46" ten="234,230,259,277" oya="1" hai0="40,59,13,123,84,22,29,19,57,62,127,32,90" hai1="12,9,100,134,33,2,96,11,30,7,37,6,79" hai2="103,0,117,126,21,78,82,83,91,97,1,45,94" hai3="124,104,118,107,18,114,27,26,92,75,105,64,70"/><U125/><E37/><V122/><F117/><W121/><G75/><T132/><D127/><U120/><E120/><V93/><F122/><W53/><G121/><T25/><D123/><U65/><E79/><V108/><F108/><W102/><G124/><T28/><D132/><U87/><E125/><V5/><F126/><W99/><G118/><T116/><D116/><U35/><E134/><V56/><F5/><W74/><G74/><T73/><D73/><U63/><E87/><V8/><F8/><W112/><G53/><T69/><D29/><U54/><E54/><V111/><F111/><W106/><G18/><T128/><D128/><U36/><E36/><V39/><F56/><W61/><N who="3" m="26624" /><DORA hai="17" /><W43/><REACH who="3" step="1"/><G43/><REACH who="3" ten="234,230,259,267" step="2"/><T42/><D40/><U3/><E30/><V67/><F67/><W71/><G71/><T80/><D42/><U10/><E10/><V14/><F94/><W131/><G131/><T24/><D69/><U66/><E66/><V88/><F93/><W4/><G4/><T85/><D28/><U16/><E2/><V135/><F0/><W58/><G58/><T129/><D57/><U89/><E6/><V55/><F1/><W119/><G119/><T34/><D129/><U76/><E3/><V68/><F55/><W52/><G52/><T51/><D59/><N who="1" m="37119" /><E9/><V86/><F68/><W130/><G130/><T31/><D31/><U113/><E7/><V50/><F135/><W47/><G47/><T109/><D62/><U115/><E11/><V41/><F41/><W60/><G60/><T101/><D109/><U133/><E133/><V72/><F72/><RYUUKYOKU ba="0,1" sc="234,-10,230,-10,259,-10,267,30" hai3="26,27,61,64,70,92,99,102,112,114" /><INIT seed="6,1,1,1,3,99" ten="224,220,249,297" oya="2" hai0="98,67,48,33,82,85,97,133,103,50,123,39,115" hai1="57,127,112,96,80,25,130,13,111,92,32,106,89" hai2="120,15,117,121,88,60,101,93,44,49,52,87,109" hai3="46,132,18,5,63,129,59,43,105,45,126,69,6"/><V79/><F117/><W75/><G105/><T27/><D39/><U81/><E111/><V122/><F109/><W118/><G75/><T114/><D123/><U62/><E112/><N who="0" m="43049" /><D67/><U108/><E108/><V37/><F101/><W41/><G69/><T91/><D133/><U94/><E106/><V78/><F37/><W2/><G129/><T113/><D98/><U34/><E130/><V110/><F110/><W68/><G126/><T64/><D64/><U40/><E127/><V72/><F72/><W8/><G68/><T53/><N who="0" m="43057" /><T77/><DORA hai="28" /><D77/><U12/><E40/><N who="3" m="15434" /><G2/><T21/><D53/><U24/><E57/><V124/><F124/><W76/><G76/><T125/><D125/><U73/><E73/><V58/><REACH who="2" step="1"/><F15/><REACH who="2" ten="224,220,239,297" step="2"/><N who="3" m="7527" /><G118/><T102/><D102/><U116/><E116/><V134/><F134/><W61/><G132/><T90/><D103/><U7/><E13/><V104/><F104/><W74/><G74/><T47/><D91/><U51/><E89/><V30/><F30/><W135/><G135/><T3/><D90/><U131/><E131/><V86/><F86/><W26/><G26/><T107/><D107/><U42/><E24/><V38/><F38/><W70/><G70/><T84/><D84/><U23/><E25/><V119/><F119/><W29/><G29/><T54/><D85/><U100/><E100/><V35/><F35/><W83/><G59/><T11/><D33/><U31/><E34/><V9/><F9/><W1/><G46/><T95/><D11/><U36/><E32/><V20/><F20/><W56/><G45/><T10/><D47/><RYUUKYOKU ba="1,2" sc="224,-10,220,-10,239,30,297,-10" hai2="44,49,52,58,60,78,79,87,88,93,120,121,122" /><INIT seed="6,2,2,2,0,13" ten="214,210,269,287" oya="2" hai0="76,101,7,28,104,96,93,125,112,47,70,2,10" hai1="99,26,4,97,78,5,110,130,51,103,34,89,1" hai2="62,115,77,39,57,18,126,24,38,128,11,31,23" hai3="67,114,17,56,135,42,98,81,133,25,68,106,91"/><V120/><F120/><W58/><G114/><T61/><D112/><U113/><E110/><V44/><F115/><W116/><G116/><T52/><D125/><U54/><E113/><V105/><F126/><W74/><G42/><T92/><D76/><U84/><E1/><V72/><F105/><W71/><G25/><T16/><D28/><U36/><E36/><V64/><F128/><W79/><G17/><T127/><D127/><U134/><E130/><V21/><F11/><W66/><G56/><T63/><D63/><U37/><E37/><V15/><REACH who="2" step="1"/><F44/><REACH who="2" ten="214,210,259,287" step="2"/><W132/><G106/><T107/><D104/><U75/><E134/><V87/><F87/><W90/><G135/><T33/><D47/><U73/><E73/><V19/><F19/><W123/><G123/><T40/><D16/><U14/><E75/><V122/><F122/><W109/><G133/><T55/><D10/><N who="1" m="4423" /><E5/><V86/><F86/><W82/><G132/><T43/><D7/><U100/><E99/><V6/><F6/><W12/><G98/><T27/><D96/><U124/><E124/><V41/><F41/><W83/><G74/><T0/><D107/><U35/><E97/><V32/><F32/><W121/><G121/><T49/><D33/><U59/><E35/><V20/><F20/><W129/><G129/><T102/><D40/><U53/><E84/><V22/><F22/><W119/><G119/><T88/><D43/><U48/><E34/><V65/><F65/><W111/><G67/><T46/><D0/><U8/><E8/><V117/><F117/><W9/><G66/><T69/><D2/><RYUUKYOKU ba="2,3" sc="214,-10,210,-10,259,30,287,-10" hai2="15,18,21,23,24,31,38,39,57,62,64,72,77" /><INIT seed="6,3,3,2,3,100" ten="204,200,289,277" oya="2" hai0="27,41,19,54,105,73,33,34,75,16,58,104,56" hai1="29,70,86,121,123,135,40,87,20,134,114,102,7" hai2="88,126,11,125,10,6,1,57,14,68,89,124,90" hai3="76,72,59,77,26,30,50,131,78,67,133,129,4"/><V112/><F68/><W101/><G101/><T127/><D54/><U17/><E114/><V12/><F112/><W117/><G117/><T97/><D27/><U99/><E70/><V128/><F128/><N who="3" m="49227" /><G4/><T130/><D130/><U38/><E29/><V71/><F71/><W120/><G133/><N who="1" m="50698" /><E7/><N who="2" m="1391" /><F57/><N who="0" m="22122" /><D97/><U95/><E38/><V3/><AGARI ba="3,3" hai="3,6,11,12,14,88,89,90,124,125,126" m="1391" machi="3" ten="40,3900,0" yaku="18,1,54,1" doraHai="100" who="2" fromWho="2" sc="204,-16,200,-16,289,78,277,-16" owari="188,-21.2,184,-31.6,367,46.7,261,6.1" /></mjloggm>