<mjloggm ver="2.3"><GO type="225" lobby="0"/><UN n0="%E6%A1%9C%E8%8A%B1%E9%96%83%E3%80%85" n1="%E3%81%BF%E3%82%84%E3%81%93%E3%82%93%EF%BC%91%EF%BC%90%E6%AD%B3" n2="%E3%83%A9%E3%82%B9%E7%8E%87%EF%BC%93%E5%89%B2" n3="%E3%81%82%E3%81%99%E3%81%AB%E3%82%83%E3%82%80" dan="16,16,16,16" rate="2122.66,2071.25,2105.07,2116.36" sx="M,M,F,F"/><TAIKYOKU oya="0"/><INIT seed="0,0,0,2,1,44" ten="250,250,250,250" oya="0" hai0="27,124,114,6,43,95,106,58,79,126,49,40,131" hai1="135,46,35,93,116,14,52,100,54,7,24,65,128" hai2="31,117,2,29,13,60,22,3,16,64,101,122,28" hai3="72,41,86,12,62,109,112,105,51,134,97,17,92"/><T98/><D106/><U107/><E116/><V21/><F117/><W77/><G109/><T69/><D114/><U37/><E107/><V81/><F101/><W99/><G112/><T19/><D69/><U110/><E110/><V63/><F81/><W57/><G134/><T85/><D6/><U20/><E135/><V130/><F122/><W103/><G72/><T113/><D113/><U104/><E104/><V67/><F130/><W76/><G86/><T25/><D131/><U75/><E75/><V82/><F82/><W26/><G26/><N who="0" m="9739" /><D19/><U59/><E128/><V53/><F53/><W1/><G1/><T87/><D79/><U129/><E35/><V42/><F42/><N who="0" m="15914" /><D126/><U111/><E46/><V118/><F118/><W83/><G83/><T71/><D71/><U123/><E37/><V23/><F16/><W94/><G105/><T133/><D133/><U70/><E70/><V91/><F13/><W5/><G5/><T119/><D119/><U127/><E123/><V55/><F55/><N who="3" m="34111" /><G12/><T121/><D124/><U45/><E127/><V18/><F18/><W50/><G17/><T68/><D68/><U102/><E111/><V39/><F39/><W115/><G115/><T33/><D33/><U61/><E54/><V9/><F3/><W108/><G108/><T78/><D78/><N who="3" m="30313" /><G41/><T66/><D121/><U132/><E129/><V47/><F2/><W15/><G15/><T36/><D36/><U48/><E132/><V88/><F31/><W90/><AGARI ba="0,0" hai="50,51,90,92,94,97,99,103" m="30313,34111" machi="90" ten="30,4000,0" yaku="8,1,52,2" doraHai="44" who="3" fromWho="3" sc="250,-20,250,-10,250,-10,250,40" /><INIT seed="1,0,0,3,2,18" ten="230,240,240,290" oya="1" hai0="15,55,67,35,94,78,135,40,11,110,20,50,54" hai1="111,64,112,86,92,106,5,124,131,116,32,113,95" hai2="80,52,119,83,72,1,93,23,108,53,130,29,120" hai3="9,104,38,122,128,90,42,25,43,68,41,129,82"/><U30/><E116/><V102/><F119/><W87/><G122/><T57/><D110/><U37/><E106/><V117/><F117/><W6/><G104/><T127/><D127/><U123/><E123/><V10/><F120/><W125/><G68/><T69/><D135/><U85/><E124/><V77/><F130/><N who="3" m="50283" /><G125/><T96/><D35/><U109/><E37/><V84/><F108/><N who="1" m="41545" /><E131/><V58/><F1/><N who="3" m="207" /><G25/><T75/><D69/><U132/><E132/><V31/><F10/><W114/><G114/><N who="1" m="44138" /><E5/><V21/><F72/><W76/><G76/><T12/><D67/><U126/><E64/><V103/><F93/><N who="1" m="35913" /><E126/><V118/><F118/><W27/><G27/><AGARI ba="0,0" hai="27,30,32,85,86" m="35913,44138,41545" machi="27" ten="40,3900,0" yaku="14,1,10,1" doraHai="18" who="1" fromWho="3" sc="230,0,240,39,240,0,290,-39" /><INIT seed="1,1,0,0,1,48" ten="230,279,240,251" oya="1" hai0="91,50,129,131,61,43,121,5,49,59,107,101,9" hai1="8,109,44,112,54,105,114,118,24,73,63,1,25" hai2="72,47,83,110,17,3,70,32,85,53,65,57,79" hai3="130,29,86,71,125,96,51,99,133,135,67,46,113"/><U21/><E118/><V111/><F3/><W88/><G113/><T6/><D121/><U33/><E73/><V95/><F32/><W68/><G29/><T20/><D91/><U60/><E105/><V98/><F47/><W41/><G125/><T75/><D75/><U58/><E109/><N who="2" m="41483" /><F72/><W66/><G130/><N who="0" m="49675" /><D20/><U103/><E103/><N who="2" m="60895" /><F17/><W31/><G31/><T102/><D6/><U106/><E106/><V16/><F16/><W35/><G35/><T13/><D43/><U37/><E33/><V11/><F11/><W15/><G15/><T132/><D132/><N who="3" m="50761" /><G68/><T18/><D18/><U122/><E122/><V62/><F70/><W97/><G71/><T40/><D40/><U81/><E21/><V128/><F128/><W116/><G116/><T124/><D124/><U2/><E8/><V28/><F28/><W45/><G45/><T119/><D119/><U12/><E44/><V74/><F74/><W84/><G84/><T7/><D7/><U82/><E114/><V93/><F93/><AGARI ba="1,0" hai="41,46,51,66,67,86,88,93,96,97,99" m="50761" machi="93" ten="30,2000,0" yaku="20,1,54,1" doraHai="48" who="3" fromWho="2" sc="230,0,279,0,240,-23,251,23" /><INIT seed="2,0,0,1,3,103" ten="230,279,217,274" oya="2" hai0="14,88,65,80,106,125,101,82,71,36,9,110,105" hai1="1,5,128,135,31,54,38,58,24,12,81,18,100" hai2="22,96,78,59,121,40,123,53,132,94,0,118,73" hai3="13,134,113,85,47,111,99,117,107,86,30,34,32"/><V55/><F118/><W63/><G117/><T7/><D110/><U35/><E38/><V2/><F40/><W42/><G111/><T51/><D36/><U33/><E128/><V68/><F68/><W92/><G134/><T104/><D125/><U95/><E135/><V77/><F132/><W28/><G113/><T45/><D101/><U122/><E122/><V16/><F55/><W48/><G13/><T69/><D65/><U49/><E81/><V10/><F73/><W26/><G63/><T74/><D82/><U44/><E35/><V11/><F2/><W66/><G66/><T108/><D108/><U8/><E100/><N who="2" m="60439" /><F123/><W4/><G4/><T91/><D91/><U116/><E95/><V6/><F0/><W56/><G56/><T133/><D133/><U75/><E75/><V130/><F6/><W89/><REACH who="3" step="1"/><G107/><REACH who="3" ten="230,279,217,264" step="2"/><T97/><D71/><U46/><REACH who="1" step="1"/><E116/><REACH who="1" ten="230,269,217,264" step="2"/><V57/><F121/><W115/><G115/><T93/><D105/><U15/><E15/><N who="2" m="9503" /><F130/><W114/><G114/><T62/><D106/><U102/><E102/><V129/><F129/><W29/><G29/><T27/><D104/><U41/><E41/><V21/><F21/><AGARI ba="0,2" hai="1,5,8,12,18,21,24,31,33,44,46,49,54,58" machi="21" ten="30,7700,0" yaku="1,1,7,1,24,2,53,0" doraHai="103" doraHaiUra="79" who="1" fromWho="2" sc="230,0,269,97,217,-77,264,0" /><INIT seed="3,0,0,4,3,67" ten="230,366,140,264" oya="3" hai0="93,23,128,27,40,99,110,13,28,69,2,94,14" hai1="122,124,12,103,11,45,127,51,34,81,74,90,84" hai2="5,116,57,58,33,26,17,63,31,44,48,29,96" hai3="132,80,0,35,117,95,114,8,107,46,72,104,135"/><W120/><G114/><T123/><D123/><U79/><E34/><V54/><F116/><W43/><G117/><T89/><D110/><U1/><E103/><V62/><F33/><W83/><G120/><T121/><D121/><U16/><E1/><V92/><F5/><N who="3" m="1063" /><G35/><T68/><D128/><U105/><E105/><V49/><F49/><W129/><G129/><T53/><D2/><U4/><E4/><V106/><F106/><N who="3" m="40491" /><G95/><T3/><D3/><U130/><E130/><V118/><F118/><W87/><G87/><T18/><D40/><U97/><E97/><V38/><F38/><N who="3" m="21879" /><G83/><T77/><D53/><N who="1" m="29935" /><E122/><V78/><F78/><AGARI ba="0,0" hai="72,78,80,132,135" m="21879,40491,1063" machi="78" ten="30,2900,0" yaku="25,1,23,1" doraHai="67" who="3" fromWho="2" sc="230,0,366,0,140,-29,264,29" /><INIT seed="3,1,0,1,1,20" ten="230,366,111,293" oya="3" hai0="62,23,3,49,33,24,95,120,92,101,51,122,84" hai1="133,66,129,103,25,114,28,50,18,110,19,89,13" hai2="36,38,63,125,44,35,58,2,15,4,88,1,71" hai3="16,55,79,30,132,77,6,96,83,98,93,86,60"/><W91/><G132/><T5/><D33/><U87/><E114/><V116/><F116/><W68/><G30/><T118/><D118/><U53/><E133/><V109/><F125/><W10/><G6/><T121/><D3/><U76/><E110/><V106/><F109/><W8/><G68/><T74/><D5/><U113/><E113/><V124/><F124/><W43/><G43/><T14/><D14/><U117/><E117/><V47/><F106/><W29/><G29/><T82/><D74/><U27/><E28/><V45/><F35/><W105/><G105/><T107/><D62/><U31/><E31/><V21/><F71/><W22/><G98/><T135/><D95/><U100/><E76/><V42/><F2/><W78/><G8/><T112/><D107/><U61/><E129/><V75/><F75/><W80/><G10/><T72/><D72/><U81/><E61/><V94/><F1/><W102/><G83/><T123/><D112/><U9/><E66/><V32/><F32/><W73/><G73/><T65/><D65/><U115/><E115/><V108/><F108/><W0/><G0/><T134/><D123/><U104/><E19/><V99/><F38/><W69/><G69/><T17/><D134/><U111/><E111/><V46/><F36/><W40/><G40/><T128/><D128/><U26/><E104/><V56/><N who="2" m="11264" /><DORA hai="12" /><V52/><F42/><W41/><G41/><T67/><D67/><U59/><AGARI ba="1,0" hai="9,13,18,25,26,27,50,53,59,81,87,89,100,103" machi="59" ten="30,12000,2" yaku="0,1,8,1,52,4" doraHai="20,12" who="1" fromWho="1" sc="230,-31,366,123,111,-31,293,-61" owari="199,-20.1,489,58.9,80,-42.0,232,3.2" /></mjloggm>