<mjloggm ver="2.3"><GO type="225" lobby="0"/><UN n0="%E6%B8%A9%E2%98%85%E6%83%85%E2%98%85%E6%8E%AA%E2%98%85%E7%BD%AE" n1="%E6%9D%B1%E9%A2%A8%E3%81%AE%E3%81%8D%E3%82%83%E3%81%B7%E3%81%95%E3%82%93" n2="%E7%9A%AE%E3%80%85" n3="%72%69%6F%75%63%68%61%6E" dan="17,16,16,16" rate="2138.39,2151.15,2090.72,2197.03" sx="M,M,M,M"/><TAIKYOKU oya="0"/><INIT seed="0,0,0,2,0,78" ten="250,250,250,250" oya="0" hai0="110,5,55,127,58,68,7,100,123,61,89,27,48" hai1="120,94,41,73,46,82,34,57,4,103,10,118,28" hai2="119,112,36,114,21,122,64,99,43,12,107,15,9" hai3="77,49,121,105,102,35,113,63,70,37,132,93,92"/><T32/><D123/><U116/><E120/><V71/><F122/><W30/><G121/><RYUUKYOKU type="kaze4" ba="0,0" sc="250,0,250,0,250,0,250,0" /><INIT seed="0,1,0,4,5,96" ten="250,250,250,250" oya="0" hai0="47,116,55,53,2,107,71,62,35,76,54,20,22" hai1="24,124,63,131,57,113,103,73,12,108,56,50,130" hai2="11,117,6,86,91,41,45,42,119,7,72,29,123" hai3="114,14,21,128,68,133,33,94,67,101,102,129,39"/><T82/><D116/><N who="2" m="44618" /><F123/><W58/><G133/><T70/><D35/><U37/><E73/><V79/><F29/><W49/><G114/><T93/><D107/><U64/><E24/><V65/><F65/><W118/><G118/><T100/><D2/><U46/><E12/><V43/><F45/><W125/><G33/><T1/><D1/><U135/><E113/><V134/><F134/><W52/><G125/><T40/><D62/><U69/><E135/><V3/><F7/><W78/><G39/><T60/><D60/><U28/><E28/><V111/><F111/><W13/><G78/><T48/><D71/><U26/><E26/><V44/><F79/><W99/><G102/><T31/><D31/><U110/><E103/><V115/><F115/><W90/><G90/><T36/><D70/><U61/><E37/><N who="2" m="21551" /><F72/><W95/><G68/><T126/><D126/><U80/><E80/><AGARI ba="1,0" hai="3,6,11,42,43,80,86,91" m="21551,44618" machi="80" ten="30,1000,0" yaku="12,1" doraHai="96" who="2" fromWho="1" sc="250,0,250,-13,250,13,250,0" /><INIT seed="1,0,0,2,4,99" ten="250,237,263,250" oya="1" hai0="134,88,127,105,19,114,83,23,58,17,132,125,0" hai1="30,51,92,123,119,66,121,8,79,72,15,62,46" hai2="98,47,36,49,28,67,89,42,4,40,26,54,94" hai3="129,20,85,70,112,22,3,135,33,1,126,100,52"/><U97/><E119/><V48/><F4/><W21/><G112/><T27/><D0/><U69/><E30/><V13/><F67/><W87/><G70/><T55/><D105/><U57/><E69/><V73/><F73/><W29/><G129/><T32/><D32/><U95/><E79/><V37/><F13/><W84/><G126/><N who="0" m="48139" /><D114/><U122/><E72/><V116/><F116/><W78/><G135/><N who="0" m="51755" /><D19/><U6/><REACH who="1" step="1"/><E97/><REACH who="1" ten="250,227,263,250" step="2"/><V108/><F108/><W102/><G78/><T128/><D128/><U64/><E64/><V131/><F131/><W14/><G29/><T11/><D11/><U104/><E104/><V25/><F28/><W41/><G33/><T76/><D76/><U34/><E34/><V107/><F107/><W86/><G41/><AGARI ba="0,1" hai="6,8,15,41,46,51,57,62,66,92,95,121,122,123" machi="41" ten="40,2000,0" yaku="1,1,53,0" doraHai="99" doraHaiUra="130" who="1" fromWho="3" sc="250,0,227,30,263,0,250,-20" /><INIT seed="1,1,0,4,0,38" ten="250,257,263,230" oya="1" hai0="74,55,24,59,63,102,99,22,108,75,70,124,20" hai1="98,68,115,7,57,69,97,79,76,96,85,125,53" hai2="17,67,119,16,80,135,50,78,61,21,0,35,105" hai3="33,123,107,134,51,100,27,88,77,26,30,66,86"/><U11/><E115/><V31/><F105/><W43/><G123/><T122/><D122/><U32/><E32/><V71/><F119/><W58/><G134/><T5/><D108/><U29/><E29/><V92/><F135/><W15/><G77/><T104/><D124/><U93/><E125/><V129/><F129/><W64/><G27/><T113/><D113/><U18/><E18/><V49/><F0/><W13/><G107/><T62/><D5/><U132/><E132/><V118/><F118/><W133/><G100/><T110/><D110/><U52/><E53/><V3/><F3/><W60/><G133/><T81/><D81/><U14/><E68/><V90/><F35/><W106/><G106/><T116/><D116/><U34/><E69/><V128/><F31/><W46/><REACH who="3" step="1"/><G64/><REACH who="3" ten="250,257,263,220" step="2"/><T47/><D24/><U65/><E65/><V111/><F111/><W44/><G44/><T25/><D47/><U48/><E34/><V73/><F128/><W112/><G112/><T8/><D25/><U127/><E127/><V83/><F83/><AGARI ba="1,1" hai="13,15,26,30,33,43,46,51,58,60,66,83,86,88" machi="83" ten="30,8000,1" yaku="1,1,7,1,52,1,54,1,53,1" doraHai="38" doraHaiUra="28" who="3" fromWho="2" sc="250,0,257,0,263,-83,220,93" /><INIT seed="2,0,0,2,0,23" ten="250,257,180,313" oya="2" hai0="85,135,80,70,86,36,61,94,51,124,112,127,98" hai1="84,122,75,103,108,121,55,37,39,4,134,133,15" hai2="58,120,30,60,115,79,46,96,34,91,12,53,22" hai3="2,117,62,9,105,131,33,3,11,69,56,6,114"/><V0/><F0/><W111/><G117/><T19/><D36/><U89/><E75/><V14/><F120/><N who="1" m="46185" /><E55/><V119/><F115/><W16/><G114/><T28/><D112/><U32/><E103/><V104/><F119/><W10/><G111/><T128/><D135/><N who="1" m="51723" /><E108/><V25/><F79/><W68/><G33/><T20/><D128/><U99/><E99/><V110/><F110/><W106/><G131/><T13/><D28/><U123/><N who="1" m="46193" /><U8/><DORA hai="59" /><E32/><V118/><F118/><W50/><G50/><T1/><D51/><U88/><E89/><V26/><F46/><W48/><G48/><T95/><D98/><U24/><E24/><V17/><F104/><W78/><G78/><T27/><D27/><U101/><E101/><V102/><F102/><W35/><G35/><T100/><D100/><U44/><E44/><V31/><F31/><W116/><G116/><T7/><D86/><U74/><E74/><V126/><F126/><W81/><G106/><T72/><D72/><U93/><AGARI ba="0,0" hai="4,8,15,37,39,84,88,93" m="51723,46193" machi="93" ten="50,6400,0" yaku="13,1,20,1,54,1" doraHai="23,59" who="1" fromWho="1" sc="250,-16,257,64,180,-32,313,-16" /><INIT seed="3,0,0,3,4,114" ten="234,321,148,297" oya="3" hai0="99,23,43,60,6,79,128,66,96,123,20,11,47" hai1="133,84,16,37,109,115,91,45,85,80,22,125,111" hai2="51,101,103,50,2,41,15,75,27,28,87,8,89" hai3="9,63,112,48,110,73,98,69,124,120,70,26,65"/><W88/><G112/><T64/><D123/><U78/><E115/><V0/><F75/><W55/><G120/><T36/><D128/><U57/><E133/><V68/><F68/><W106/><G73/><T95/><D79/><U121/><E125/><V107/><F2/><W14/><G124/><T53/><D53/><U67/><E121/><V77/><F0/><W83/><G110/><N who="1" m="41994" /><E37/><V94/><F77/><W46/><G26/><T42/><D42/><U135/><E45/><V132/><F132/><W134/><G134/><T58/><D66/><U39/><E39/><V12/><F12/><W54/><G106/><T62/><D62/><N who="1" m="38351" /><E135/><V130/><F130/><W17/><G55/><T19/><D19/><U131/><E131/><V33/><F107/><W4/><G4/><T7/><D99/><U61/><E61/><V10/><F10/><W108/><G108/><T86/><D86/><N who="1" m="48407" /><E91/><V71/><F71/><N who="3" m="42431" /><G98/><T3/><REACH who="0" step="1"/><D7/><REACH who="0" ten="224,321,148,297" step="2"/><U56/><E56/><V52/><F41/><W34/><G34/><T119/><D119/><U59/><E59/><V74/><F74/><W104/><G104/><T97/><D97/><U38/><E38/><V92/><F92/><W29/><G29/><T18/><D18/><U32/><E32/><V100/><REACH who="2" step="1"/><F52/><REACH who="2" ten="224,321,138,297" step="2"/><W113/><G113/><T21/><D21/><U24/><AGARI ba="0,2" hai="16,22,24,84,85" m="48407,38351,41994" machi="24" ten="30,2000,0" yaku="14,1,54,1" doraHai="114" who="1" fromWho="1" sc="224,-5,321,40,138,-5,297,-10" owari="219,-18.1,361,46.1,133,-36.7,287,8.7" /></mjloggm>