<mjloggm ver="2.3"><GO type="225" lobby="0"/><UN n0="%E3%82%BC%E3%83%AB%E3%83%80%E3%81%AE%E4%BC%9D%E8%AA%AC" n1="%4E%49%4A%49%49%52%4F" n2="%6D%75%75%6D%75%72%61" n3="%E7%B4%94%E6%BD%94%E3%83%94%E3%83%A9%E3%83%8B%E3%82%A2" dan="16,16,16,18" rate="2205.55,2227.39,2125.75,2300.42" sx="M,M,F,M"/><TAIKYOKU oya="0"/><INIT seed="0,0,0,3,1,79" ten="250,250,250,250" oya="0" hai0="84,83,91,73,65,126,105,6,121,60,112,22,43" hai1="1,0,114,103,92,28,7,134,81,108,116,101,8" hai2="76,128,95,12,39,86,29,131,119,87,77,63,122" hai3="72,54,52,94,133,17,132,41,25,5,21,44,80"/><T30/><D112/><U20/><E116/><V14/><F122/><W27/><G94/><T100/><D121/><U97/><E114/><V10/><F119/><W98/><G98/><T47/><D126/><U58/><E134/><N who="3" m="51818" /><G27/><T117/><D117/><U96/><E108/><V93/><F39/><N who="3" m="21567" /><G5/><T120/><D120/><U50/><E28/><V89/><F63/><W69/><G69/><T32/><D6/><U13/><E20/><V40/><F40/><W88/><G72/><T125/><D125/><U49/><E81/><V107/><F29/><W106/><G106/><T102/><D73/><U75/><E75/><V24/><F24/><W130/><G130/><N who="2" m="49705" /><F107/><W51/><G51/><N who="0" m="27135" /><D32/><U56/><E0/><V35/><F35/><W111/><G111/><T48/><D105/><U123/><E1/><V99/><F87/><AGARI ba="0,0" hai="17,21,25,52,54,80,87,88" m="21567,51818" machi="87" ten="30,7700,0" yaku="20,1,52,1,54,2" doraHai="79" who="3" fromWho="2" sc="250,0,250,0,250,-77,250,77" /><INIT seed="1,0,0,1,3,61" ten="250,250,173,327" oya="1" hai0="121,19,106,23,22,130,115,70,46,9,113,10,54" hai1="57,133,67,83,105,2,74,33,18,102,128,107,56" hai2="82,116,77,39,119,75,38,68,129,112,108,64,1" hai3="88,49,125,99,36,104,97,109,85,41,20,81,21"/><U91/><E2/><V62/><F108/><W71/><G109/><T100/><D106/><U114/><E33/><V13/><F129/><W124/><G71/><T80/><D100/><U43/><E128/><V32/><F13/><W24/><G36/><T0/><D130/><U66/><E133/><V28/><F1/><W89/><G89/><T12/><D70/><U95/><E114/><V86/><F86/><W53/><G41/><T4/><D121/><U58/><E43/><V96/><F96/><N who="3" m="36939" /><G24/><T117/><D117/><N who="2" m="45130" /><F112/><W93/><G104/><T76/><D115/><U47/><E102/><V25/><AGARI ba="0,0" hai="25,28,32,38,39,62,64,68,75,77,82" m="45130" machi="25" ten="30,2000,0" yaku="23,1,52,1" doraHai="61" who="2" fromWho="2" sc="250,-5,250,-10,173,20,327,-5" /><INIT seed="2,0,0,2,3,103" ten="245,240,193,322" oya="2" hai0="118,90,26,44,89,43,5,58,113,86,81,21,61" hai1="0,110,78,35,33,10,121,132,24,37,12,57,91" hai2="125,95,68,19,55,114,85,72,134,22,69,7,16" hai3="70,8,30,115,104,45,63,129,94,71,87,28,131"/><V49/><F72/><W48/><G104/><T27/><D113/><U65/><E121/><V15/><F114/><W80/><G94/><T128/><D128/><N who="3" m="49225" /><G8/><T126/><D126/><U42/><E0/><V124/><F134/><W60/><G60/><T135/><D135/><U116/><E116/><V50/><F7/><W34/><G115/><T53/><D118/><U102/><E110/><V18/><F69/><N who="3" m="26123" /><G63/><T77/><D5/><U107/><E132/><V112/><F68/><W38/><G38/><T133/><D133/><U6/><E78/><V88/><F112/><W74/><G34/><T62/><D61/><U98/><E91/><V82/><F95/><W99/><G99/><T67/><D67/><U46/><E65/><V11/><F50/><W84/><G74/><T14/><D14/><U29/><REACH who="1" step="1"/><E57/><REACH who="1" ten="245,230,193,322" step="2"/><V41/><F41/><N who="3" m="24623" /><G87/><T108/><D108/><U117/><E117/><V4/><REACH who="2" step="1"/><F22/><AGARI ba="0,1" hai="6,10,12,22,24,29,33,35,37,42,46,98,102,107" machi="22" ten="30,7700,0" yaku="1,1,7,1,52,1,53,1" doraHai="103" doraHaiUra="101" who="1" fromWho="2" sc="245,0,230,87,193,-77,322,0" /><INIT seed="3,0,0,3,5,30" ten="245,317,116,322" oya="3" hai0="24,2,116,18,59,93,135,48,89,82,7,37,112" hai1="123,8,31,46,132,27,86,100,71,90,77,26,28" hai2="103,20,117,133,78,72,115,122,104,16,69,134,109" hai3="119,6,95,35,57,11,3,118,43,66,44,97,102"/><W105/><G35/><T34/><D37/><U12/><E123/><V4/><F115/><W129/><G129/><T55/><D116/><U32/><E71/><V36/><F117/><W108/><G108/><T1/><D112/><U14/><E100/><V83/><F109/><W33/><G33/><T47/><D135/><U40/><E77/><V25/><F122/><W17/><G17/><T92/><D7/><U29/><E132/><V70/><F36/><W5/><G6/><T130/><D130/><U88/><E32/><V113/><F113/><W39/><G95/><T131/><D131/><U51/><E88/><V41/><F41/><W64/><G64/><T65/><D82/><N who="1" m="49495" /><E12/><V114/><F114/><W42/><G42/><T9/><D93/><U96/><E96/><V106/><F133/><W62/><AGARI ba="0,0" hai="3,5,11,39,43,44,57,62,66,97,102,105,118,119" machi="62" ten="30,1500,0" yaku="0,1" doraHai="30" who="3" fromWho="3" sc="245,-5,317,-5,116,-5,322,15" owari="240,-16.0,312,11.2,111,-38.9,337,43.7" /></mjloggm>