<mjloggm ver="2.3"><GO type="225" lobby="0"/><UN n0="%E5%B8%86%E7%AB%8B%E5%A4%8F%E8%A1%A3" n1="%E3%81%A1%E3%82%85%E3%81%86%E3%81%A9%E3%81%8F%E8%B1%A1%E3%81%95%E3%82%93" n2="%E6%A1%9C%E8%8A%B1%E9%96%83%E3%80%85" n3="%E3%81%8F%E3%82%8A%E3%83%94%E3%83%BC" dan="17,17,16,16" rate="2150.56,2195.15,2184.84,2119.71" sx="M,M,M,M"/><TAIKYOKU oya="0"/><INIT seed="0,0,0,1,4,7" ten="250,250,250,250" oya="0" hai0="118,115,69,74,8,84,90,99,6,112,46,20,42" hai1="117,130,111,87,128,49,120,39,64,75,62,135,89" hai2="23,1,102,45,60,17,110,73,54,53,4,50,36" hai3="131,76,40,85,79,38,94,63,88,107,2,77,37"/><T5/><D69/><U30/><E117/><V122/><F122/><W72/><G107/><T129/><D129/><N who="1" m="49771" /><E120/><V127/><F110/><W33/><G131/><T51/><D118/><U52/><E75/><V18/><F127/><W26/><G72/><T124/><D124/><U28/><E39/><V11/><F73/><W119/><G119/><T32/><D32/><U86/><E135/><V44/><F102/><W13/><G2/><T98/><D74/><U65/><E111/><V109/><F109/><W93/><G40/><T3/><D5/><U10/><E10/><V12/><F36/><W34/><G13/><T92/><D99/><U104/><E87/><V132/><F132/><W59/><G94/><T43/><D43/><U95/><E104/><V134/><F134/><W97/><G34/><T25/><REACH who="0" step="1"/><D84/><REACH who="0" ten="240,250,250,250" step="2"/><U24/><E86/><V27/><F1/><W16/><G85/><T14/><D14/><U82/><E24/><V108/><F108/><W21/><REACH who="3" step="1"/><G33/><REACH who="3" ten="240,250,250,240" step="2"/><T31/><AGARI ba="0,2" hai="3,6,8,20,25,31,42,46,51,90,92,98,112,115" machi="31" ten="20,12000,1" yaku="1,1,0,1,7,1,52,1,53,1" doraHai="7" doraHaiUra="22" who="0" fromWho="0" sc="240,140,250,-40,250,-40,240,-40" /><INIT seed="0,1,0,5,4,97" ten="380,210,210,200" oya="0" hai0="24,75,69,84,53,107,66,65,23,25,55,90,43" hai1="76,15,63,104,56,131,100,37,89,110,103,87,122" hai2="45,111,27,58,113,18,48,91,16,114,109,126,117" hai3="73,116,80,61,28,30,71,130,119,132,62,67,12"/><T22/><D107/><U94/><E122/><V11/><F58/><W78/><G130/><T79/><D43/><U42/><E104/><V21/><F91/><W74/><G132/><T96/><D75/><U108/><E131/><V40/><F126/><W72/><G12/><T133/><D133/><U46/><E76/><V105/><F105/><W0/><G0/><T81/><D69/><U59/><E15/><N who="2" m="7295" /><F117/><W92/><G61/><T123/><D123/><U121/><E121/><V99/><F99/><W5/><G5/><T7/><D7/><U127/><E127/><V83/><F83/><W88/><G116/><T44/><D79/><U39/><E39/><V52/><F40/><W118/><G119/><T85/><D96/><U2/><E2/><V14/><F14/><W1/><G1/><T57/><D44/><U36/><E36/><V49/><F49/><W98/><REACH who="3" step="1"/><G118/><REACH who="3" ten="380,210,210,190" step="2"/><T112/><D66/><U26/><E26/><V82/><F114/><W32/><G32/><T106/><D112/><U134/><E134/><V95/><F113/><W19/><G19/><T3/><D65/><U20/><E20/><V54/><F111/><N who="1" m="42537" /><E63/><V124/><F109/><W8/><G8/><T33/><D3/><U9/><E9/><V10/><F10/><W70/><G70/><T41/><D23/><U51/><E37/><V35/><F35/><W64/><G64/><T60/><D33/><U128/><E128/><V129/><F129/><W102/><G102/><AGARI ba="1,1" hai="42,46,51,56,59,87,89,94,100,102,103" m="42537" machi="102" ten="30,7700,0" yaku="14,1,52,3" doraHai="97" who="1" fromWho="3" sc="380,0,210,90,210,0,190,-80" /><INIT seed="1,0,0,5,5,82" ten="380,300,210,110" oya="1" hai0="116,51,125,39,104,30,126,48,11,64,13,35,89" hai1="77,85,117,8,123,52,115,31,118,84,9,109,59" hai2="7,100,22,62,29,96,18,58,10,130,41,95,60" hai3="83,120,121,113,70,87,80,86,55,66,98,99,75"/><U40/><E115/><V46/><F130/><W5/><G5/><T105/><D116/><U79/><E123/><N who="3" m="47178" /><G55/><T37/><D64/><U50/><E117/><V94/><F29/><W112/><G66/><T90/><D30/><U88/><E118/><V69/><F69/><W76/><G70/><T111/><D111/><U53/><E109/><V122/><F122/><W73/><G99/><T56/><D56/><N who="1" m="32791" /><E40/><V103/><F58/><W23/><G98/><T27/><D27/><U34/><E31/><V38/><F100/><W42/><G23/><T3/><D3/><U44/><E44/><V43/><F43/><W127/><G127/><T128/><D128/><U135/><E135/><V15/><REACH who="2" step="1"/><F95/><REACH who="2" ten="380,300,200,110" step="2"/><W114/><G42/><T107/><D107/><U131/><E131/><V28/><F28/><W57/><G57/><T108/><D108/><U134/><E34/><V133/><F133/><W36/><G36/><T14/><D35/><U93/><E134/><V2/><AGARI ba="0,1" hai="2,7,10,15,18,22,38,41,46,60,62,94,96,103" machi="2" ten="20,5200,0" yaku="1,1,0,1,7,1,53,1" doraHai="82" doraHaiUra="4" who="2" fromWho="2" sc="380,-13,300,-26,200,62,110,-13" /><INIT seed="2,0,0,1,3,6" ten="367,274,262,97" oya="2" hai0="132,21,15,66,50,123,24,68,71,29,93,11,111" hai1="101,1,35,52,113,51,69,46,7,76,94,53,65" hai2="10,106,47,75,55,88,90,40,33,121,54,109,17" hai3="48,104,80,34,36,118,120,124,22,129,81,18,127"/><V92/><F121/><W107/><G120/><T105/><D123/><U125/><E113/><V87/><F106/><W122/><G122/><T103/><D111/><U99/><E35/><V95/><F75/><W9/><G34/><T2/><D2/><U115/><E115/><V12/><F33/><W28/><G36/><T58/><D132/><U43/><E125/><N who="3" m="48202" /><G118/><T59/><D105/><N who="3" m="40521" /><G129/><T72/><D72/><U82/><E65/><V64/><F64/><W20/><G48/><T19/><D71/><U67/><E67/><V108/><F108/><W8/><G28/><T31/><D68/><U73/><REACH who="1" step="1"/><E69/><REACH who="1" ten="367,264,262,97" step="2"/><V79/><F109/><W89/><G89/><T130/><D66/><U126/><E126/><V16/><F79/><W96/><G96/><N who="0" m="59791" /><D130/><U37/><E37/><V41/><F17/><W110/><G18/><T116/><D31/><U128/><E128/><V119/><F119/><W78/><G110/><T25/><D116/><U38/><E38/><V39/><REACH who="2" step="1"/><F41/><REACH who="2" ten="367,264,252,97" step="2"/><W100/><G100/><T5/><D19/><U134/><E134/><V131/><F131/><W57/><G78/><T98/><D29/><U61/><E61/><V4/><F4/><W63/><G63/><T49/><D5/><U62/><E62/><V30/><F30/><W56/><G81/><T27/><D50/><U117/><E117/><V84/><AGARI ba="0,2" hai="10,12,16,39,40,47,54,55,84,87,88,90,92,95" machi="84" ten="20,18000,2" yaku="1,1,0,1,7,1,9,1,52,1,54,2,53,0" doraHai="6" doraHaiUra="77" who="2" fromWho="2" sc="367,-60,264,-60,252,200,97,-60" /><INIT seed="2,1,0,1,4,103" ten="307,204,452,37" oya="2" hai0="30,63,114,135,57,122,7,67,1,9,130,43,22" hai1="55,46,111,133,70,25,85,76,98,2,24,47,116" hai2="32,115,121,12,60,86,125,18,99,131,80,39,27" hai3="33,69,11,66,79,109,49,40,36,53,129,45,29"/><V112/><F121/><W65/><G79/><T62/><D122/><U113/><E113/><V19/><F39/><W119/><G29/><T17/><D114/><U5/><E70/><V52/><F125/><W104/><G33/><T41/><D130/><U4/><E116/><V93/><F131/><W88/><G129/><T132/><D30/><U110/><E98/><V83/><F83/><W56/><G119/><T35/><D35/><U34/><E133/><N who="0" m="51273" /><D63/><U84/><E76/><V96/><F96/><W74/><G74/><T23/><D23/><U6/><E34/><V37/><F37/><W54/><G109/><N who="1" m="41482" /><E55/><V14/><F32/><W15/><G54/><T81/><D81/><U51/><E51/><V42/><F42/><W105/><G88/><T64/><D64/><U72/><E72/><V44/><F60/><N who="3" m="40103" /><G66/><T59/><D59/><U92/><E92/><V95/><F95/><W10/><G10/><T120/><D120/><U127/><E127/><V38/><F112/><W82/><G82/><T117/><D117/><U0/><E47/><V21/><F115/><W20/><G20/><T126/><D126/><U128/><E46/><V3/><F44/><W91/><G91/><T77/><D77/><U16/><E128/><V89/><F80/><W73/><G73/><T97/><D97/><U71/><E71/><V100/><F99/><W48/><G48/><T68/><D68/><U106/><E84/><V50/><F86/><W13/><G11/><T90/><D90/><U87/><E85/><V102/><F89/><W118/><G118/><T123/><D123/><U101/><E87/><RYUUKYOKU ba="1,0" sc="307,15,204,-15,452,-15,37,15" hai0="1,7,9,17,22,41,43,57,62,67" hai3="13,15,36,40,45,49,53,56,104,105" /><INIT seed="3,2,0,4,2,126" ten="322,189,437,52" oya="3" hai0="129,124,109,108,34,64,31,93,15,132,30,37,23" hai1="22,21,54,85,135,103,80,59,4,41,110,102,66" hai2="36,62,84,3,26,58,6,116,33,35,19,27,92" hai3="49,130,74,43,40,5,87,89,119,28,88,14,123"/><W118/><G74/><T117/><D37/><U0/><E110/><N who="0" m="42601" /><D117/><U106/><E66/><V1/><F36/><W29/><G123/><T10/><D124/><U81/><E41/><N who="3" m="15946" /><G119/><T95/><D132/><U82/><E135/><V48/><F48/><W55/><G118/><T42/><D42/><U11/><E85/><V79/><F116/><W69/><G69/><T56/><D34/><U97/><REACH who="1" step="1"/><E103/><REACH who="1" ten="322,179,437,52" step="2"/><V53/><F84/><W96/><G130/><T100/><D129/><U72/><E72/><V78/><F78/><W60/><G60/><AGARI ba="2,1" hai="0,4,11,21,22,54,59,60,80,81,82,97,102,106" machi="60" ten="40,1300,0" yaku="1,1,53,0" doraHai="126" doraHaiUra="25" who="1" fromWho="3" sc="322,0,179,29,437,0,52,-19" owari="322,12.2,208,-19.2,437,53.7,33,-46.7" /></mjloggm>