<mjloggm ver="2.3"><GO type="225" lobby="0"/><UN n0="%72%69%6F%75%63%68%61%6E" n1="%E2%98%86%41%64%72%69%61%6E" n2="%E3%81%95%E3%82%88%E3%81%AA%E3%82%89%E3%83%9A%E3%81%BA%E3%83%9A" n3="%E6%A1%9C%E8%8A%B1%E9%96%83%E3%80%85" dan="16,17,16,16" rate="2150.19,2201.75,2175.06,2120.57" sx="M,M,F,M"/><TAIKYOKU oya="0"/><INIT seed="0,0,0,4,5,1" ten="250,250,250,250" oya="0" hai0="6,123,88,94,13,23,77,32,48,112,19,35,57" hai1="128,113,70,64,5,95,28,25,78,7,120,17,129" hai2="11,91,20,60,30,42,72,44,39,10,106,114,135" hai3="75,8,63,14,79,105,119,107,50,68,83,111,87"/><T99/><D112/><U93/><E120/><V4/><F114/><W74/><G119/><T89/><D123/><U40/><E113/><V118/><F118/><W43/><G111/><T127/><D127/><U31/><E78/><V110/><F110/><W22/><G22/><T45/><D77/><U65/><E40/><V46/><F135/><W21/><G21/><T80/><D57/><U73/><E17/><V121/><F121/><W15/><G15/><T96/><D6/><U33/><E73/><V134/><F72/><W124/><G124/><T54/><REACH who="0" step="1"/><D80/><REACH who="0" ten="240,250,250,250" step="2"/><U58/><E58/><V66/><F134/><W117/><G117/><T102/><D102/><U81/><E81/><V61/><F46/><N who="3" m="25951" /><G74/><T9/><D9/><U133/><E133/><V90/><F106/><W76/><G76/><T62/><D62/><U2/><E2/><V12/><F10/><W86/><G75/><T115/><D115/><U104/><E104/><V109/><F109/><W3/><G3/><T100/><D100/><U52/><E70/><V51/><F61/><W132/><G132/><T116/><D116/><U84/><E95/><AGARI ba="0,1" hai="13,19,23,32,35,45,48,54,88,89,94,95,96,99" machi="95" ten="40,7700,0" yaku="1,1,9,1,54,1,53,0" doraHai="1" doraHaiUra="130" who="0" fromWho="1" sc="240,87,250,-77,250,0,250,0" /><INIT seed="0,1,0,1,1,134" ten="327,173,250,250" oya="0" hai0="25,16,53,59,3,60,69,76,95,67,109,48,119" hai1="93,47,129,101,132,9,91,1,21,41,98,122,87" hai2="55,131,83,128,10,23,85,0,37,36,15,26,4" hai3="18,30,103,65,2,44,104,24,125,68,130,79,50"/><T114/><D114/><U39/><E122/><V42/><F55/><W29/><G130/><N who="2" m="49705" /><F0/><W82/><G2/><T92/><D119/><U99/><E129/><V102/><F102/><W6/><G6/><T64/><D3/><U115/><E115/><V78/><F42/><W127/><G18/><AGARI ba="1,0" hai="4,10,15,18,23,26,36,37,78,83,85" m="49705" machi="18" ten="30,1000,0" yaku="19,1" doraHai="134" who="2" fromWho="3" sc="327,0,173,0,250,13,250,-13" /><INIT seed="1,0,0,2,2,0" ten="327,173,263,237" oya="1" hai0="48,61,106,122,60,39,107,135,47,80,16,130,52" hai1="101,113,55,51,125,99,129,27,77,20,123,121,29" hai2="110,8,46,56,9,109,82,33,95,103,131,58,134" hai3="36,98,74,64,81,17,62,117,10,66,50,28,7"/><U126/><E113/><V45/><F33/><W115/><G115/><T43/><D130/><U73/><E129/><V41/><F131/><W78/><G36/><T63/><D135/><U49/><E77/><V85/><F134/><W91/><G117/><T53/><D122/><U102/><E73/><V2/><F2/><W34/><G17/><T14/><D80/><U84/><E84/><V4/><F103/><W35/><G50/><T132/><D132/><U97/><E55/><V15/><F95/><W31/><G66/><T104/><REACH who="0" step="1"/><D39/><REACH who="0" ten="317,173,263,237" step="2"/><U57/><E57/><V87/><F82/><W32/><G81/><T75/><D75/><U25/><E20/><AGARI ba="0,1" hai="14,16,20,43,47,48,52,53,60,61,63,104,106,107" machi="20" ten="50,6400,0" yaku="1,1,54,2,53,0" doraHai="0" doraHaiUra="79" who="0" fromWho="1" sc="317,74,173,-64,263,0,237,0" /><INIT seed="2,0,0,5,4,6" ten="391,109,263,237" oya="2" hai0="120,67,70,49,106,92,13,99,126,58,7,104,122" hai1="95,85,26,1,0,54,78,98,18,112,31,97,3" hai2="41,84,127,39,53,61,65,34,29,57,47,72,88" hai3="16,32,119,9,62,118,131,107,5,91,80,75,40"/><V100/><F127/><W2/><G131/><T14/><D126/><U132/><E112/><V76/><F100/><W21/><G107/><T15/><D70/><U36/><E36/><V134/><F134/><W117/><G32/><T23/><D7/><U81/><E132/><V94/><F34/><W50/><G62/><T10/><D10/><U37/><E37/><V130/><F130/><W121/><G121/><T51/><D104/><U4/><E54/><V87/><F29/><W17/><G91/><T113/><D106/><U103/><E97/><V46/><F72/><W102/><G102/><N who="0" m="60775" /><D113/><U25/><E18/><V28/><F28/><W79/><REACH who="3" step="1"/><G21/><REACH who="3" ten="391,109,263,227" step="2"/><T19/><D122/><U74/><E26/><V124/><F124/><W93/><G93/><T90/><D120/><U56/><E56/><V105/><F105/><W55/><G55/><T69/><D90/><U20/><REACH who="1" step="1"/><E74/><REACH who="1" ten="391,99,263,227" step="2"/><V135/><F135/><W86/><G86/><T82/><D69/><U66/><E66/><V60/><F84/><W33/><G33/><T115/><D115/><U27/><E27/><V73/><F73/><W35/><G35/><T129/><D129/><U42/><E42/><V114/><F114/><W71/><G71/><T64/><D67/><U24/><E24/><V110/><F88/><W128/><G128/><T22/><D64/><U30/><E30/><V48/><F65/><W38/><G38/><T89/><D58/><U68/><E68/><V116/><F39/><W43/><G43/><T123/><D123/><U101/><E101/><V59/><F41/><W111/><G111/><T108/><D108/><RYUUKYOKU ba="0,2" sc="391,-15,99,15,263,-15,227,15" hai1="0,1,3,4,20,25,31,78,81,85,95,98,103" hai3="2,5,9,16,17,40,50,75,79,80,117,118,119" /><INIT seed="3,1,2,1,0,128" ten="376,114,248,242" oya="3" hai0="11,20,82,92,27,126,135,61,5,64,42,37,89" hai1="25,15,41,4,68,30,120,65,94,21,118,85,86" hai2="127,116,6,67,105,102,110,114,109,18,34,131,53" hai3="133,84,100,54,73,19,90,106,14,33,121,12,26"/><W134/><G121/><T35/><D135/><N who="3" m="51721" /><G73/><T81/><D35/><U49/><E120/><V16/><F131/><W28/><G54/><T108/><D108/><N who="2" m="41578" /><F34/><W40/><G40/><T3/><D126/><U60/><E118/><V130/><F116/><W95/><G19/><N who="2" m="7209" /><F130/><W96/><AGARI ba="1,2" hai="12,14,26,28,33,84,90,95,96,100,106" m="51721" machi="96" ten="30,11700,0" yaku="20,1,52,3" doraHai="128" who="3" fromWho="3" sc="376,-40,114,-40,248,-40,242,140" owari="336,13.6,74,-42.6,208,-19.2,382,48.2" /></mjloggm>