<mjloggm ver="2.3"><GO type="225" lobby="0"/><UN n0="%73%61%6E%64%69%72%69%73" n1="%E3%81%9F%E3%81%A3%E3%81%A1%E3%82%87" n2="%45%6C%79%73%69%75%6D" n3="%E6%98%93%E5%88%A9%E8%96%A9%E4%BC%AF" dan="16,16,17,16" rate="2113.86,2105.22,2137.97,2147.67" sx="M,M,F,F"/><TAIKYOKU oya="0"/><INIT seed="0,0,0,4,4,96" ten="250,250,250,250" oya="0" hai0="72,74,94,13,56,42,25,116,34,31,20,41,66" hai1="57,14,48,60,107,29,103,6,54,4,10,17,109" hai2="128,24,127,8,16,111,88,120,70,90,35,44,46" hai3="73,131,52,11,114,64,43,86,126,100,12,102,0"/><T62/><D116/><U110/><E29/><V123/><F70/><W99/><G73/><T91/><D34/><U49/><E107/><V53/><F111/><N who="1" m="42505" /><E103/><V7/><F127/><W119/><G114/><T37/><D37/><U121/><E121/><V134/><F128/><W39/><G0/><T80/><D80/><U78/><E78/><V84/><F134/><W124/><G64/><T133/><D133/><U21/><E4/><V108/><F108/><W92/><G119/><T113/><D113/><U106/><E106/><V3/><F90/><N who="3" m="55703" /><G43/><T47/><D13/><AGARI ba="0,0" hai="6,10,13,14,17,21,48,49,54,57,60" m="42505" machi="13" ten="30,1000,0" yaku="14,1" doraHai="96" who="1" fromWho="0" sc="250,-10,250,10,250,0,250,0" /><INIT seed="1,0,0,0,2,42" ten="240,260,250,250" oya="1" hai0="121,77,23,124,128,1,112,50,22,62,68,116,14" hai1="6,108,2,80,69,13,86,46,95,135,72,89,55" hai2="32,33,103,56,81,110,57,85,45,43,97,52,36" hai3="111,115,106,4,0,133,8,39,35,75,28,37,104"/><U100/><E135/><V119/><F110/><W49/><G115/><T20/><D77/><U30/><E69/><V88/><F119/><W99/><G75/><T60/><D1/><U109/><E2/><V76/><F76/><W70/><G111/><N who="1" m="42570" /><E30/><V107/><F57/><W130/><G130/><T113/><D116/><U78/><E100/><V12/><F12/><W117/><G133/><T61/><D68/><U9/><E55/><V127/><F127/><W29/><G29/><T120/><D124/><U129/><E46/><V96/><F97/><W18/><G18/><T40/><D14/><U105/><E105/><V132/><F132/><W15/><G15/><T41/><D128/><AGARI ba="0,0" hai="6,9,13,72,78,80,86,89,95,128,129" m="42570" machi="128" ten="30,2900,0" yaku="14,1,10,1" doraHai="42" who="1" fromWho="0" sc="240,-29,260,29,250,0,250,0" /><INIT seed="1,1,0,3,2,15" ten="211,289,250,250" oya="1" hai0="23,105,125,85,88,73,87,65,12,135,59,3,111" hai1="43,119,116,28,60,57,35,63,101,40,38,79,13" hai2="48,56,127,82,76,42,114,55,131,39,94,120,64" hai3="104,2,47,49,75,27,92,84,93,25,121,26,134"/><U11/><E101/><V80/><F120/><W22/><G75/><T67/><D3/><U133/><E133/><V31/><F131/><W78/><G104/><T99/><D73/><U110/><E79/><V46/><F127/><W17/><G2/><T72/><D72/><U37/><E28/><V36/><F114/><W81/><G121/><T70/><D70/><U53/><E35/><V129/><F129/><W97/><G134/><T7/><D135/><U29/><E29/><V32/><F36/><N who="1" m="13929" /><E13/><V100/><F64/><W95/><REACH who="3" step="1"/><G97/><REACH who="3" ten="211,289,250,240" step="2"/><T33/><D99/><U1/><E1/><V30/><F32/><W117/><G117/><T122/><D105/><U54/><E110/><V109/><F109/><W21/><G21/><T103/><D23/><U107/><E107/><V90/><F100/><W128/><G128/><T5/><D103/><U8/><E11/><V52/><F55/><AGARI ba="1,1" hai="17,22,25,26,27,47,49,55,78,81,84,92,93,95" machi="55" ten="40,12000,2" yaku="1,1,8,1,52,1,53,3" doraHai="15" doraHaiUra="89" who="3" fromWho="2" sc="211,0,289,0,250,-123,240,133" /><INIT seed="2,0,0,4,1,73" ten="211,289,127,373" oya="2" hai0="10,59,103,63,79,74,128,56,5,93,134,68,66" hai1="89,37,53,119,38,31,57,80,71,88,2,110,117" hai2="12,64,111,91,123,87,19,22,95,7,132,49,97" hai3="16,52,81,131,82,61,92,105,69,8,115,30,32"/><V6/><F123/><W17/><G105/><T84/><D134/><U43/><E71/><V55/><F132/><W60/><G131/><T96/><D128/><U9/><E110/><V20/><F111/><W58/><G115/><T125/><D74/><U121/><E121/><V0/><F0/><W36/><G36/><T112/><D125/><U28/><E2/><V100/><F64/><W77/><G32/><T26/><D26/><U114/><E9/><V47/><REACH who="2" step="1"/><F20/><REACH who="2" ten="211,289,117,373" step="2"/><W15/><G30/><T50/><D112/><U48/><E114/><V118/><F118/><W42/><G69/><T83/><REACH who="0" step="1"/><D50/><REACH who="0" ten="201,289,117,373" step="2"/><U14/><E48/><V102/><F102/><W34/><G34/><T122/><D122/><U101/><E117/><V46/><F46/><W135/><G135/><T54/><D54/><U108/><E53/><V133/><F133/><W86/><G52/><T120/><D120/><U130/><E101/><V23/><F23/><W3/><G61/><T106/><D106/><AGARI ba="0,2" hai="6,7,12,19,22,47,49,55,87,91,95,97,100,106" machi="106" ten="30,2900,0" yaku="1,1,7,1,53,0" doraHai="73" doraHaiUra="129" who="2" fromWho="0" sc="201,-29,289,0,117,49,373,0" /><INIT seed="2,1,0,2,4,62" ten="172,289,166,373" oya="2" hai0="30,25,112,43,17,88,16,106,104,49,23,74,28" hai1="31,118,72,84,9,69,117,18,20,111,36,52,121" hai2="21,29,105,124,97,126,114,100,135,98,59,39,132" hai3="94,37,3,110,76,57,82,50,48,131,120,107,0"/><V2/><F2/><W113/><G107/><T92/><D112/><U89/><E111/><V61/><F114/><W133/><G37/><T53/><D74/><U22/><E72/><V40/><F40/><W119/><G119/><T60/><D104/><U27/><E36/><V35/><F39/><W14/><G120/><T79/><D79/><U77/><E121/><V83/><F83/><W129/><G110/><T68/><D106/><U58/><E69/><V33/><F98/><W73/><G133/><N who="2" m="51273" /><F21/><W41/><G14/><T26/><D43/><U7/><E77/><V66/><F29/><W95/><G113/><T70/><D70/><U12/><E31/><V19/><F19/><W78/><G41/><T5/><D5/><U11/><E22/><V67/><F67/><W63/><G82/><T10/><D60/><U4/><E9/><V86/><F86/><W71/><G78/><T103/><D103/><U101/><E101/><V91/><F91/><W8/><G76/><T93/><D93/><U54/><E4/><V44/><F44/><W46/><G46/><N who="0" m="27831" /><D68/><U96/><E117/><V99/><F99/><W90/><G71/><T75/><D75/><U128/><E96/><V87/><F87/><W123/><G94/><T34/><D10/><U65/><E118/><V64/><F64/><W81/><G95/><T125/><D125/><AGARI ba="1,0" hai="33,35,59,61,66,97,100,105,124,125,126" m="51273" machi="125" ten="30,5800,0" yaku="18,1,20,1,52,1" doraHai="62" who="2" fromWho="0" sc="172,-61,289,0,166,61,373,0" /><INIT seed="2,2,0,2,2,64" ten="111,289,227,373" oya="2" hai0="132,119,66,30,58,76,23,95,26,29,27,22,31" hai1="47,9,134,101,41,89,28,109,11,42,37,17,102" hai2="13,108,49,135,85,121,16,62,56,32,116,105,94" hai3="3,7,70,97,106,8,46,60,120,39,0,61,65"/><V93/><F116/><W88/><G120/><T73/><D119/><U99/><E109/><V53/><F105/><W83/><G61/><T82/><D132/><U43/><E134/><V114/><F135/><W72/><G88/><T110/><D110/><U90/><E28/><V75/><F75/><W84/><G84/><T91/><D66/><U40/><E17/><V24/><F114/><W10/><G10/><N who="1" m="3594" /><E37/><V87/><F108/><W36/><G3/><T74/><D31/><U100/><N who="1" m="10240" /><DORA hai="130" /><U129/><E129/><V118/><F118/><W63/><G63/><T15/><D15/><U103/><E47/><V14/><F121/><W115/><G46/><T80/><D58/><U69/><E69/><V20/><F32/><W5/><G5/><T111/><D111/><U2/><E2/><V45/><F85/><W35/><G115/><T79/><D91/><N who="1" m="34827" /><E103/><V77/><F13/><W81/><G35/><T71/><D95/><AGARI ba="2,0" hai="95,99,100,101,102" m="34827,10240,3594" machi="95" ten="40,1300,0" yaku="8,1" doraHai="64,130" who="1" fromWho="0" sc="111,-19,289,19,227,0,373,0" /><INIT seed="3,0,0,3,5,120" ten="92,308,227,373" oya="3" hai0="71,20,116,43,128,76,33,57,96,125,29,98,50" hai1="135,14,26,106,44,19,117,127,90,55,15,48,88" hai2="39,122,38,70,12,104,54,75,94,82,22,91,79" hai3="30,102,23,112,93,103,85,10,51,68,121,74,18"/><W9/><G74/><T67/><D116/><U60/><E135/><V86/><F70/><W92/><G68/><T28/><D33/><U27/><E127/><V101/><F122/><W6/><G30/><T110/><D71/><U31/><E106/><V95/><F95/><W34/><G34/><T89/><D125/><U66/><E117/><V126/><F126/><W52/><G10/><T11/><D128/><U61/><E14/><V81/><F81/><W3/><G93/><T24/><D76/><U2/><E2/><V100/><F100/><W108/><G108/><T99/><D11/><U73/><E73/><V113/><F113/><W13/><G112/><T119/><D119/><U46/><E46/><V129/><F129/><W83/><G92/><T115/><D115/><U58/><E61/><V118/><F118/><W49/><G49/><T63/><D29/><U133/><E133/><V40/><F40/><W64/><G64/><T123/><D123/><U78/><E78/><V134/><F134/><W130/><G121/><T124/><D124/><U4/><E4/><V5/><F54/><W47/><G130/><T21/><D21/><N who="1" m="15823" /><E27/><V65/><F65/><W37/><G37/><T8/><D8/><AGARI ba="0,0" hai="8,15,19,44,48,55,58,60,66,88,90" m="15823" machi="8" ten="30,2000,0" yaku="8,1,54,1" doraHai="120" who="1" fromWho="0" sc="92,-20,308,20,227,0,373,0" owari="72,-42.8,328,12.8,227,-17.3,373,47.3" /></mjloggm>