<mjloggm ver="2.3"><GO type="225" lobby="0"/><UN n0="%E3%81%82%E3%83%BC%E3%81%97" n1="%E3%81%8F%E3%82%8A%E3%83%94%E3%83%BC" n2="%E5%B8%86%E7%AB%8B%E5%A4%8F%E8%A1%A3" n3="%E8%A8%88%E7%AE%97%E6%A9%9F%E8%87%AA%E7%84%B6" dan="16,16,16,17" rate="2087.67,2103.73,2123.34,2170.52" sx="M,M,M,M"/><TAIKYOKU oya="0"/><INIT seed="0,0,0,2,3,42" ten="250,250,250,250" oya="0" hai0="65,102,132,127,134,96,11,133,5,79,28,92,117" hai1="120,8,62,114,60,52,4,39,112,25,53,24,121" hai2="37,91,29,83,128,68,81,12,55,135,73,77,106" hai3="47,19,58,40,31,21,15,3,103,72,119,16,9"/><T43/><D117/><U111/><E8/><V71/><F128/><W125/><G119/><T80/><D127/><U32/><E4/><V36/><F135/><W46/><G72/><T49/><D28/><U94/><E94/><V78/><F106/><W20/><G125/><T54/><D65/><U23/><E23/><V41/><F29/><W2/><G103/><T45/><D54/><N who="1" m="21099" /><E32/><V22/><F55/><W82/><G58/><T51/><D51/><U97/><E97/><V126/><F91/><W122/><G122/><N who="1" m="47210" /><E39/><V100/><F126/><W76/><G31/><T75/><REACH who="0" step="1"/><D133/><REACH who="0" ten="240,250,250,250" step="2"/><U0/><E111/><V13/><F36/><W26/><G40/><T90/><D90/><U59/><E0/><AGARI ba="0,1" hai="0,5,11,43,45,49,75,79,80,92,96,102,132,134" machi="0" ten="40,3900,0" yaku="1,1,52,1,53,0" doraHai="42" doraHaiUra="124" who="0" fromWho="1" sc="240,49,250,-39,250,0,250,0" /><INIT seed="0,1,0,0,4,85" ten="289,211,250,250" oya="0" hai0="6,97,48,133,33,35,12,89,101,68,99,60,95" hai1="125,4,51,32,11,16,57,83,43,30,24,38,28" hai2="104,2,88,46,100,36,23,59,9,22,131,58,84" hai3="14,0,5,82,29,37,55,135,118,8,17,67,31"/><T108/><D133/><U120/><E125/><V107/><F131/><W66/><G118/><T69/><D108/><U113/><E113/><V20/><F36/><W34/><G37/><T119/><D119/><U19/><E120/><V27/><F27/><W39/><G39/><T7/><D48/><U65/><E28/><V112/><F112/><W40/><G40/><T109/><D109/><U54/><E65/><V10/><F46/><W92/><G135/><T106/><D60/><U103/><E103/><V75/><F75/><W70/><G82/><T132/><D132/><U26/><E26/><V62/><F2/><W81/><G81/><T116/><D116/><U93/><E83/><V13/><F100/><W71/><G55/><T64/><D64/><U18/><E93/><V114/><F114/><W96/><G66/><T102/><D12/><U110/><E110/><V53/><F59/><W91/><G34/><T86/><D33/><U105/><E105/><V74/><F10/><W129/><G129/><T90/><D35/><U47/><REACH who="1" step="1"/><E19/><REACH who="1" ten="289,201,250,250" step="2"/><V50/><F74/><W115/><G115/><T98/><D106/><U41/><E41/><V21/><F107/><W134/><G134/><T124/><D124/><U87/><E87/><V52/><F104/><W117/><G117/><T56/><D86/><U127/><E127/><V3/><F53/><W79/><G67/><T94/><D99/><U130/><E130/><V49/><F84/><W78/><G79/><T77/><D77/><U15/><AGARI ba="1,1" hai="4,11,15,16,18,24,30,32,38,43,47,51,54,57" machi="15" ten="20,8000,1" yaku="1,1,0,1,7,1,54,1,53,1" doraHai="85" doraHaiUra="45" who="1" fromWho="1" sc="289,-41,201,93,250,-21,250,-21" /><INIT seed="1,0,0,1,4,117" ten="248,294,229,229" oya="1" hai0="4,116,28,35,37,77,103,127,126,113,8,92,15" hai1="128,74,75,3,121,58,68,59,13,17,76,16,33" hai2="132,61,14,21,108,66,26,9,0,94,32,53,110" hai3="82,45,88,19,89,46,23,105,34,6,114,41,73"/><U31/><E3/><V135/><F53/><W112/><G34/><T47/><D77/><U18/><E68/><V67/><F94/><W80/><G105/><T7/><D116/><U90/><E121/><V42/><F42/><W57/><G6/><T5/><D92/><U106/><E106/><V12/><F67/><W60/><G73/><T107/><D103/><U25/><E128/><V124/><F124/><N who="0" m="47658" /><D107/><U70/><E70/><V93/><F93/><W104/><G104/><T51/><D37/><U48/><E90/><N who="3" m="34922" /><G114/><T54/><D113/><U62/><E76/><V24/><F66/><N who="3" m="39183" /><G112/><T43/><D54/><U83/><E83/><N who="3" m="31786" /><G41/><T131/><D131/><U20/><E75/><V65/><F32/><W39/><G39/><T44/><D44/><U125/><E74/><V10/><F0/><W130/><G130/><T71/><D71/><U63/><E125/><V123/><F123/><W100/><G100/><T11/><D15/><AGARI ba="0,0" hai="15,19,23,45,46" m="31786,39183,34922" machi="15" ten="30,2000,0" yaku="8,1,54,1" doraHai="117" who="3" fromWho="0" sc="248,-20,294,0,229,0,229,20" /><INIT seed="2,0,0,5,1,85" ten="228,294,229,249" oya="2" hai0="29,120,129,53,105,37,64,68,79,124,16,42,4" hai1="104,27,77,51,122,56,92,32,113,3,25,82,22" hai2="131,101,31,40,5,55,125,46,48,41,80,19,115" hai3="38,102,59,15,26,14,96,89,45,36,123,94,17"/><V2/><F125/><W114/><G123/><T57/><D120/><U47/><E104/><V93/><F131/><W66/><G114/><T111/><D105/><U90/><E122/><V75/><F115/><W72/><G72/><T84/><D124/><U130/><E3/><V88/><F2/><W81/><G38/><T127/><D111/><U134/><E134/><V24/><F5/><W98/><G36/><T67/><D127/><U87/><E130/><V69/><F69/><W13/><G45/><T91/><D79/><U109/><E109/><V11/><F75/><W108/><G108/><T132/><D29/><U44/><E32/><V97/><F11/><W52/><G66/><T49/><D4/><U71/><E71/><V103/><F19/><W21/><G81/><T10/><D129/><U106/><E106/><V6/><F6/><W20/><G98/><T78/><D78/><U118/><E27/><V33/><REACH who="2" step="1"/><F80/><REACH who="2" ten="228,294,219,249" step="2"/><W100/><REACH who="3" step="1"/><G20/><REACH who="3" ten="228,294,219,239" step="2"/><T110/><D110/><U9/><E22/><V65/><F65/><W61/><AGARI ba="0,2" hai="13,14,15,17,21,26,52,59,61,89,94,96,100,102" machi="61" ten="30,16000,3" yaku="1,1,2,1,0,1,25,2,8,1,52,1,54,1,53,1" doraHai="85" doraHaiUra="18" who="3" fromWho="3" sc="228,-40,294,-40,219,-80,239,180" /><INIT seed="3,0,0,3,0,124" ten="188,254,139,419" oya="3" hai0="37,84,106,60,86,88,21,71,133,119,135,48,115" hai1="25,128,4,39,38,76,101,80,130,125,27,73,52" hai2="93,129,98,13,43,122,54,104,31,64,99,109,18" hai3="15,42,8,44,32,116,107,28,40,97,127,57,45"/><W11/><G116/><T41/><D37/><U30/><E125/><V85/><F64/><W53/><G32/><T79/><D119/><U10/><E101/><V81/><F109/><W14/><G28/><T134/><D106/><U82/><E82/><V105/><F122/><W72/><G72/><T12/><D115/><U89/><E89/><V5/><F43/><N who="3" m="16427" /><G107/><T56/><D71/><U19/><E52/><V36/><F36/><W69/><G97/><T75/><D75/><U117/><E19/><V17/><F31/><W95/><G95/><T67/><D79/><U62/><E62/><V92/><F5/><N who="3" m="3343" /><G69/><T100/><D100/><U112/><E25/><V22/><F105/><W1/><G1/><T123/><D123/><U103/><E103/><V34/><F34/><W63/><G127/><T7/><D7/><AGARI ba="0,0" hai="7,11,15,44,45,53,57,63" m="3343,16427" machi="7" ten="30,1500,0" yaku="8,1" doraHai="124" who="3" fromWho="0" sc="188,-15,254,0,139,0,419,15" owari="173,-22.7,254,5.4,139,-36.1,434,53.4" /></mjloggm>