<mjloggm ver="2.3"><GO type="225" lobby="0"/><UN n0="%E5%8D%83%E8%8D%89%E5%8F%B0" n1="%E3%82%B7%E3%83%A3%E3%83%8A%E3%83%B3%30%39" n2="%6B%79%6F%6E%6B%6F%31%31" n3="%E3%81%9F%E3%81%93%E2%98%86%E7%84%BC%E3%81%8D" dan="16,16,17,16" rate="2036.63,2126.38,2212.34,2098.52" sx="M,M,M,M"/><TAIKYOKU oya="0"/><INIT seed="0,0,0,2,0,21" ten="250,250,250,250" oya="0" hai0="7,80,77,45,39,44,123,99,5,34,108,29,8" hai1="74,116,13,102,73,22,135,60,130,3,100,127,104" hai2="83,90,112,92,49,48,18,61,113,25,120,16,124" hai3="63,101,12,122,37,57,33,78,87,15,93,17,94"/><T26/><D123/><U111/><E3/><V69/><F120/><W105/><G37/><T30/><D108/><U84/><E13/><V86/><F124/><W41/><G41/><T62/><D30/><U114/><E22/><V64/><F113/><W70/><G70/><T97/><D7/><U131/><E60/><V75/><F112/><W4/><G33/><T58/><D45/><U14/><E14/><V11/><F18/><W10/><G105/><T40/><D8/><U96/><E114/><V53/><F49/><W19/><G101/><T134/><D5/><U95/><E116/><V129/><F129/><N who="1" m="49161" /><E127/><V71/><F71/><W9/><G122/><T89/><D134/><U110/><E135/><V54/><F54/><W117/><G117/><T125/><D125/><U126/><E126/><V67/><F67/><W23/><G87/><T52/><D89/><N who="1" m="53671" /><E102/><V59/><F75/><AGARI ba="0,0" hai="26,29,34,39,40,44,52,58,62,75,77,80,97,99" machi="75" ten="30,5800,0" yaku="7,1,52,1,54,1" doraHai="21" who="0" fromWho="2" sc="250,58,250,0,250,-58,250,0" /><AGARI ba="0,0" hai="73,74,75,96,100,104,110,111" m="53671,49161" machi="75" ten="30,3900,0" yaku="19,1,34,2" doraHai="21" who="1" fromWho="2" sc="308,0,250,39,192,-39,250,0" /><INIT seed="0,1,0,3,1,80" ten="308,289,153,250" oya="0" hai0="95,133,111,26,50,128,56,92,54,84,12,23,96" hai1="100,102,88,104,46,110,17,58,39,6,8,53,61" hai2="11,77,99,120,98,59,43,28,135,68,44,32,126" hai3="13,33,21,55,108,47,45,20,119,107,57,9,75"/><T79/><D128/><U85/><E110/><V16/><F68/><W5/><G75/><T69/><D69/><U78/><E78/><V124/><F120/><W131/><G33/><T114/><D114/><U30/><E30/><V31/><F77/><W103/><G108/><T67/><D67/><U27/><E104/><V51/><F135/><W66/><G119/><T24/><D111/><U83/><E17/><V19/><F59/><W35/><G35/><T74/><D74/><U63/><E63/><V117/><F117/><W132/><G132/><T36/><D36/><U115/><E27/><N who="2" m="18463" /><F31/><W125/><G125/><N who="2" m="48233" /><F19/><W2/><G66/><T3/><D3/><U60/><E60/><V4/><F16/><W72/><G72/><T40/><D133/><U113/><E113/><V37/><F37/><W25/><G131/><T118/><D118/><U112/><E112/><V116/><F116/><W73/><G73/><T7/><D79/><U62/><E62/><V48/><F51/><W71/><G71/><T87/><D26/><U91/><E91/><V101/><F101/><W82/><G103/><N who="0" m="60807" /><D95/><U41/><REACH who="1" step="1"/><E115/><REACH who="1" ten="308,279,153,250" step="2"/><V18/><F18/><W10/><G107/><T70/><D70/><U64/><E64/><V90/><F90/><W127/><G127/><T130/><D130/><U134/><E134/><V129/><F129/><W123/><G25/><T89/><D89/><U81/><E81/><V52/><F43/><W65/><G82/><T29/><D40/><U86/><E86/><V76/><F76/><W0/><G65/><T34/><D34/><U14/><AGARI ba="1,1" hai="6,8,14,39,41,46,53,58,61,83,85,88,100,102" machi="14" ten="20,8000,1" yaku="1,1,0,1,7,1,52,1,54,1,53,0" doraHai="80" doraHaiUra="109" who="1" fromWho="1" sc="308,-41,279,93,153,-21,250,-21" /><INIT seed="1,0,0,1,2,94" ten="267,372,132,229" oya="1" hai0="12,93,86,3,41,49,108,5,57,135,83,1,66" hai1="110,26,67,33,25,61,46,56,89,42,51,52,85" hai2="45,73,103,32,54,95,6,29,10,70,112,71,119" hai3="2,109,62,134,18,16,122,53,99,0,116,106,58"/><U82/><E110/><V101/><F119/><W14/><G122/><T130/><D108/><U84/><E33/><V74/><F112/><W43/><G109/><T133/><D130/><U4/><E4/><V117/><F117/><W77/><G134/><N who="0" m="51211" /><D93/><U39/><REACH who="1" step="1"/><E85/><REACH who="1" ten="267,362,132,229" step="2"/><V64/><F32/><W68/><G116/><T19/><D5/><U98/><E98/><V80/><F6/><W22/><G99/><T81/><D86/><U111/><E111/><V76/><F73/><W127/><G127/><T37/><D3/><U15/><E15/><V96/><F96/><W105/><G14/><T107/><D1/><U88/><E88/><V91/><F91/><W115/><G115/><T21/><D12/><U132/><E132/><V13/><F13/><W113/><G113/><T63/><D83/><U17/><E17/><V30/><F80/><W28/><G16/><T59/><D81/><U104/><E104/><V102/><F74/><W75/><G18/><T38/><D107/><U87/><E87/><V11/><F11/><W7/><G7/><T65/><D19/><U20/><E20/><V72/><F10/><W128/><G22/><T69/><D21/><U44/><AGARI ba="0,1" hai="25,26,39,42,44,46,51,52,56,61,67,82,84,89" machi="44" ten="20,7800,0" yaku="1,1,0,1,7,1,54,1,53,0" doraHai="94" doraHaiUra="120" who="1" fromWho="1" sc="267,-26,362,88,132,-26,229,-26" /><INIT seed="1,1,0,4,1,0" ten="241,450,106,203" oya="1" hai0="73,90,116,61,114,109,131,102,81,88,65,52,64" hai1="44,10,94,37,33,71,99,76,87,68,96,57,14" hai2="108,13,31,78,59,123,111,93,110,118,7,4,19" hai3="105,43,113,98,25,32,77,122,89,38,103,112,24"/><U8/><E33/><V125/><F118/><W23/><G122/><T124/><D102/><U22/><E68/><V128/><F123/><W126/><G126/><T107/><D107/><U86/><E71/><V67/><F125/><W60/><G77/><T30/><D30/><U85/><E37/><V51/><F31/><W115/><G32/><T82/><D73/><U40/><E44/><V18/><F128/><W54/><G89/><T132/><D131/><U129/><E40/><V36/><F36/><W80/><G80/><T104/><D61/><U21/><E129/><V74/><F93/><W48/><G60/><T106/><D124/><U46/><E46/><V27/><F27/><W2/><G2/><T119/><D114/><U84/><E57/><V41/><F41/><W120/><G120/><T97/><D132/><U9/><E14/><V50/><F19/><W16/><G43/><T117/><D117/><U135/><E135/><V91/><F91/><W45/><REACH who="3" step="1"/><G38/><REACH who="3" ten="241,450,106,193" step="2"/><T17/><D119/><U29/><E76/><V92/><F78/><W6/><G6/><N who="2" m="2089" /><F74/><W34/><G34/><T42/><D90/><U5/><E5/><V53/><F67/><W66/><G66/><T75/><D65/><U79/><E79/><V130/><F130/><W28/><G28/><T62/><D64/><U55/><E55/><V3/><F3/><W83/><G83/><T63/><D81/><U15/><E15/><AGARI ba="1,1" hai="15,16,23,24,25,45,48,54,98,103,105,112,113,115" machi="15" ten="40,2600,0" yaku="1,1,54,1,53,0" doraHai="0" doraHaiUra="72" who="3" fromWho="1" sc="241,0,450,-29,106,0,193,39" /><INIT seed="2,0,0,2,5,77" ten="241,421,106,232" oya="2" hai0="61,125,99,34,76,132,32,124,64,41,37,23,82" hai1="111,38,60,98,85,135,95,75,50,12,94,44,78" hai2="15,79,43,87,22,58,65,11,103,40,112,133,52" hai3="74,105,5,109,39,14,123,97,89,131,102,110,59"/><V129/><F112/><W8/><G39/><T4/><D132/><U107/><E111/><N who="3" m="42506" /><G123/><T68/><D4/><U128/><E135/><V66/><F133/><W48/><G74/><T73/><D99/><U19/><E128/><V122/><F129/><W30/><G30/><T70/><D23/><U101/><E38/><V134/><F134/><W13/><G131/><T29/><D68/><U18/><E75/><V108/><F103/><W81/><G59/><T96/><D96/><U57/><E107/><V42/><F22/><W71/><G48/><T130/><D130/><U80/><E94/><V120/><F108/><W10/><G71/><T121/><D121/><U67/><E12/><V117/><F117/><W1/><G8/><T127/><D29/><U83/><E83/><N who="2" m="47615" /><F122/><W17/><G17/><T26/><D26/><U88/><E101/><V93/><F93/><W72/><G72/><T54/><D54/><AGARI ba="0,0" hai="18,19,44,50,54,57,60,67,78,80,85,88,95,98" machi="54" ten="30,7700,0" yaku="7,1,8,1,52,1,54,1" doraHai="77" who="1" fromWho="0" sc="241,-77,421,77,106,0,232,0" /><INIT seed="3,0,0,3,3,109" ten="164,498,106,232" oya="3" hai0="53,25,41,67,80,64,19,108,12,77,84,27,75" hai1="81,16,13,97,121,94,51,107,112,43,122,22,3" hai2="29,71,125,74,10,133,90,63,114,79,72,83,14" hai3="116,130,45,132,34,106,48,68,85,117,42,102,4"/><W60/><G34/><T101/><D108/><U32/><E112/><V2/><F125/><W59/><G68/><T35/><D75/><U65/><E107/><V58/><F133/><W134/><G4/><T105/><D41/><U89/><E3/><V96/><F71/><W73/><G73/><T92/><D105/><U46/><E32/><V57/><F72/><W44/><G85/><T110/><D110/><U118/><E118/><V30/><F2/><W103/><G130/><T104/><D104/><U111/><E111/><V93/><F58/><W120/><G120/><T47/><D35/><U0/><E0/><V62/><F62/><W20/><G20/><T17/><D17/><U61/><E81/><V36/><F36/><W21/><G21/><T15/><D15/><U66/><E66/><N who="0" m="25129" /><D53/><U18/><E18/><V55/><REACH who="2" step="1"/><F114/><REACH who="2" ten="164,498,96,232" step="2"/><W49/><G117/><T135/><D135/><U100/><E100/><V40/><F40/><W88/><G102/><T129/><D129/><U128/><E128/><V9/><F9/><W131/><G103/><T7/><D47/><U98/><E98/><V24/><F24/><W33/><G44/><T50/><D27/><U37/><E37/><V39/><F39/><W123/><G45/><T28/><D25/><U70/><AGARI ba="0,1" hai="13,16,22,43,46,51,61,65,70,89,94,97,121,122" machi="70" ten="20,2700,0" yaku="0,1,7,1,54,1" doraHai="109" who="1" fromWho="1" sc="164,-7,498,37,96,-7,232,-13" owari="157,-24.3,535,63.5,89,-41.1,219,1.9" /></mjloggm>