<mjloggm ver="2.3"><GO type="225" lobby="0"/><UN n0="%E6%B8%A9%E2%98%85%E6%83%85%E2%98%85%E6%8E%AA%E2%98%85%E7%BD%AE" n1="%38%63%E3%81%AF%E3%81%A3%E3%81%97%E3%83%BC" n2="%E6%A1%9C%E8%8A%B1%E9%96%83%E3%80%85" n3="%E7%AD%89%E3%80%85%E5%8A%9B%E5%8A%87%E5%A0%B4" dan="16,16,16,16" rate="2153.28,2109.83,2117.12,2178.59" sx="M,M,M,M"/><TAIKYOKU oya="0"/><INIT seed="0,0,0,1,0,15" ten="250,250,250,250" oya="0" hai0="37,120,17,124,36,47,43,35,63,27,48,62,115" hai1="102,80,83,81,121,72,105,131,56,28,46,107,25" hai2="84,133,66,12,5,111,73,90,59,57,55,75,38" hai3="45,14,69,49,110,103,76,3,33,24,94,135,113"/><T6/><D115/><U109/><E121/><V71/><F38/><W100/><G3/><T126/><D120/><U40/><E72/><V123/><F111/><W112/><G69/><T54/><D6/><U30/><E109/><V74/><F133/><W0/><G0/><T20/><D35/><U70/><E70/><V18/><F5/><W39/><G39/><T108/><D108/><U26/><E56/><V78/><F78/><W88/><G110/><T50/><D37/><U60/><E60/><N who="0" m="23081" /><D54/><U117/><E117/><V31/><F31/><W1/><G1/><T52/><D52/><U89/><E89/><V114/><F114/><W79/><G135/><T95/><D95/><U51/><E131/><V32/><F32/><W64/><G113/><T87/><D87/><U68/><E68/><V9/><F123/><W53/><G112/><T42/><D42/><U10/><E10/><V13/><F55/><W22/><G33/><T122/><D122/><U104/><REACH who="1" step="1"/><E102/><REACH who="1" ten="250,240,250,250" step="2"/><V134/><F134/><W44/><G103/><T19/><D36/><U128/><E128/><V96/><F73/><W129/><G100/><T127/><D48/><U119/><E119/><V34/><F74/><W116/><G116/><T86/><D86/><U101/><E101/><V82/><F84/><W21/><G129/><T58/><D58/><U16/><E16/><AGARI ba="0,1" hai="16,17,19,20,27,43,47,50,124,126,127" m="23081" machi="16" ten="40,12000,1" yaku="18,1,52,3,54,1" doraHai="15" who="0" fromWho="1" sc="250,130,240,-120,250,0,250,0" /><INIT seed="0,1,0,5,2,61" ten="380,120,250,250" oya="0" hai0="33,125,79,113,54,133,91,104,4,12,135,130,99" hai1="117,127,16,28,116,111,49,75,88,42,64,6,105" hai2="100,11,24,35,45,63,109,48,123,94,50,0,10" hai3="120,103,85,38,55,51,21,7,82,92,39,58,119"/><T134/><D113/><U60/><E75/><V76/><F123/><W29/><G119/><T23/><D33/><U37/><E105/><V46/><F109/><W101/><G120/><T126/><D79/><U43/><E37/><V114/><F76/><W129/><G129/><T72/><D72/><U87/><E28/><V8/><F24/><W97/><G7/><T98/><D54/><U52/><E6/><V66/><F35/><W13/><G103/><N who="0" m="62583" /><D130/><U25/><E111/><V5/><F114/><W19/><G29/><T102/><D91/><AGARI ba="1,0" hai="13,19,21,38,39,51,55,58,82,85,91,92,97,101" machi="91" ten="30,1000,0" yaku="7,1" doraHai="61" who="3" fromWho="0" sc="380,-13,120,0,250,0,250,13" /><INIT seed="1,0,0,4,5,96" ten="367,120,250,263" oya="1" hai0="20,5,52,49,23,57,28,97,80,27,116,108,13" hai1="66,84,11,47,82,17,104,31,87,77,110,34,132" hai2="55,69,44,16,90,128,73,25,70,100,129,103,74" hai3="64,79,0,51,8,85,93,119,33,111,131,46,118"/><U102/><E132/><V130/><F90/><W43/><G33/><T86/><D116/><U123/><E123/><V37/><F55/><W2/><G64/><T26/><D108/><U72/><E110/><V126/><F126/><W7/><G111/><T91/><D97/><U94/><E104/><V14/><F25/><N who="0" m="9226" /><D28/><U39/><E31/><V117/><F117/><W92/><G0/><T134/><D134/><U53/><E66/><V22/><F44/><W124/><G131/><T30/><D30/><U121/><E34/><V6/><F6/><W21/><G124/><T105/><D105/><U60/><E121/><V48/><F48/><W24/><G119/><T19/><D5/><U88/><E102/><N who="2" m="38955" /><F37/><W76/><G118/><T45/><D23/><U32/><E32/><V61/><F61/><W42/><G42/><T29/><D29/><U120/><E120/><V1/><F1/><W115/><G115/><T58/><AGARI ba="0,0" hai="13,19,20,45,49,52,57,58,80,86,91" m="9226" machi="58" ten="30,2000,0" yaku="8,1,54,1" doraHai="96" who="0" fromWho="0" sc="367,20,120,-10,250,-5,263,-5" /><INIT seed="2,0,0,0,1,12" ten="387,110,245,258" oya="2" hai0="9,131,124,5,49,83,23,48,37,3,13,62,56" hai1="65,39,119,91,1,31,32,11,74,95,42,14,77" hai2="30,29,58,10,15,110,19,126,93,105,75,20,122" hai3="72,100,52,111,104,55,16,96,113,101,108,88,134"/><V17/><F105/><W99/><G72/><T67/><D37/><U41/><E119/><V73/><F122/><W4/><G4/><T46/><D131/><U132/><E132/><V6/><F126/><W2/><G2/><T28/><D124/><U45/><E42/><V135/><F75/><W70/><G70/><T71/><D71/><U112/><E112/><V50/><F73/><W51/><G134/><T40/><D83/><U94/><E65/><V7/><F135/><W89/><G113/><T130/><D130/><U35/><E31/><N who="2" m="11787" /><F93/><W64/><G64/><T54/><D3/><U86/><E95/><V80/><F80/><W121/><G121/><T66/><D62/><U76/><E76/><V84/><F84/><W53/><G51/><T118/><D118/><U27/><E27/><AGARI ba="0,0" hai="5,9,13,23,27,28,40,46,48,49,54,56,66,67" machi="27" ten="40,1300,0" yaku="8,1" doraHai="12" who="0" fromWho="1" sc="387,13,110,-13,245,0,258,0" /><INIT seed="3,0,0,3,5,26" ten="400,97,245,258" oya="3" hai0="19,67,95,81,97,80,79,16,107,99,42,30,83" hai1="116,47,73,56,48,75,50,21,134,38,7,115,100" hai2="65,103,41,76,121,54,57,124,40,90,3,98,10" hai3="93,70,94,4,13,36,51,39,71,102,34,69,72"/><W85/><G72/><T11/><D30/><U64/><E7/><V2/><F124/><W0/><G0/><T130/><D130/><U112/><E21/><V17/><F76/><W5/><G34/><T113/><D113/><U14/><E14/><N who="2" m="7383" /><F3/><W105/><G105/><T31/><D31/><U68/><E100/><V58/><F2/><W82/><G39/><T117/><D117/><U135/><E38/><V119/><F121/><W44/><G36/><T18/><D42/><N who="2" m="16490" /><F103/><W91/><G70/><T66/><D107/><U118/><E56/><V86/><F119/><W45/><G71/><T132/><D132/><U46/><REACH who="1" step="1"/><E68/><REACH who="1" ten="400,87,245,258" step="2"/><V59/><F58/><W96/><G69/><T126/><D126/><U88/><E88/><V23/><F23/><W55/><G4/><T129/><D129/><U61/><E61/><V133/><F59/><W27/><G5/><T104/><D104/><U24/><E24/><V8/><F57/><W125/><G13/><N who="0" m="7231" /><D79/><U92/><E92/><V25/><F25/><W78/><G125/><T22/><D99/><U12/><E12/><V128/><F98/><N who="3" m="57663" /><G27/><N who="0" m="14807" /><D19/><U108/><E108/><V87/><F128/><W77/><G78/><T35/><D35/><U114/><E114/><V106/><F90/><AGARI ba="0,1" hai="66,67,80,81,83,90,95,97" m="14807,7231" machi="90" ten="30,2000,0" yaku="8,1,54,1" doraHai="26" who="0" fromWho="2" sc="400,30,87,0,245,-20,258,0" owari="430,53.0,87,-41.3,225,-17.5,258,5.8" /></mjloggm>