<mjloggm ver="2.3"><GO type="225" lobby="0"/><UN n0="%50%65%74%65%72%50%61%6E" n1="%E3%81%99%E3%81%84%E3%81%BE%E3%81%9B%E3%83%BC%E3%82%93" n2="%E3%81%A4%E3%81%A3%E3%81%B1%E3%82%8A%E3%83%9D%E3%83%BC%E3%83%AB" n3="%E3%81%AF%E3%82%88%E3%81%8A%E3%81%98%E3%81%95%E3%82%93" dan="16,18,17,17" rate="2202.93,2232.03,2208.06,2144.44" sx="M,M,M,M"/><TAIKYOKU oya="0"/><INIT seed="0,0,0,5,5,53" ten="250,250,250,250" oya="0" hai0="120,54,113,69,118,51,68,112,102,4,2,121,8" hai1="62,33,10,45,119,108,0,97,77,74,134,55,24" hai2="47,87,22,15,36,99,32,100,60,73,85,133,128" hai3="13,86,96,83,25,114,38,105,52,21,124,1,127"/><T130/><D118/><U59/><E119/><V64/><F32/><W17/><G1/><T46/><D102/><U57/><E108/><V110/><F73/><W129/><G114/><T92/><D130/><U20/><E134/><V98/><F110/><W89/><G129/><T71/><REACH who="0" step="1"/><D92/><REACH who="0" ten="240,250,250,250" step="2"/><U23/><E97/><V91/><F100/><W93/><G105/><T11/><D11/><U50/><E10/><V44/><F99/><W35/><G38/><T75/><D75/><U131/><E74/><V70/><F36/><W115/><G115/><AGARI ba="0,1" hai="2,4,8,46,51,54,68,69,71,112,113,115,120,121" machi="115" ten="50,2400,0" yaku="1,1,53,0" doraHai="53" doraHaiUra="58" who="0" fromWho="3" sc="240,34,250,0,250,0,250,-24" /><INIT seed="0,1,0,1,3,135" ten="274,250,250,226" oya="0" hai0="9,19,18,105,25,31,76,119,124,96,91,82,112" hai1="120,106,129,121,95,43,111,128,40,0,35,32,84" hai2="50,53,1,13,11,132,126,130,28,123,89,97,21" hai3="108,3,109,55,57,87,104,10,92,56,134,36,113"/><T98/><D112/><U37/><E106/><V72/><F123/><N who="1" m="47177" /><E37/><V114/><F72/><W110/><G113/><T83/><D119/><U24/><E24/><V52/><F114/><W77/><G104/><T6/><D124/><U81/><E95/><N who="2" m="56559" /><F1/><W15/><G134/><T29/><D29/><U33/><E0/><V122/><F122/><W34/><G34/><T46/><D46/><U58/><E58/><V86/><F132/><W65/><G36/><T54/><D54/><N who="2" m="21098" /><F126/><W133/><G3/><T99/><D105/><U16/><E32/><V48/><F130/><N who="1" m="50281" /><E35/><V80/><F21/><W23/><G133/><T38/><D38/><U27/><E33/><V73/><F28/><W7/><G23/><T127/><D127/><U44/><E44/><V63/><F73/><W70/><G55/><T68/><D68/><U60/><E60/><V131/><F63/><N who="3" m="40255" /><G92/><T90/><D31/><U88/><E111/><N who="3" m="28418" /><W66/><DORA hai="78" /><G66/><T103/><D103/><U71/><E71/><V14/><F131/><W94/><G94/><T102/><D102/><U20/><AGARI ba="1,0" hai="16,20,27,40,43,81,84,88" m="50281,47177" machi="20" ten="40,8000,1" yaku="19,1,52,1,54,2" doraHai="135,78" who="1" fromWho="1" sc="274,-41,250,83,250,-21,226,-21" /><INIT seed="1,0,0,5,3,18" ten="233,333,229,205" oya="1" hai0="51,3,132,106,54,118,59,33,95,21,104,4,128" hai1="88,89,84,98,58,37,119,83,14,115,16,11,60" hai2="121,63,78,55,7,25,9,80,112,52,30,62,105" hai3="27,56,22,131,85,113,114,77,29,48,99,130,76"/><U36/><E115/><V24/><F121/><W101/><G48/><T86/><D33/><U0/><E119/><V126/><F105/><W19/><G56/><T94/><D118/><U49/><E0/><V123/><F123/><W102/><G102/><T69/><D69/><U92/><REACH who="1" step="1"/><E49/><REACH who="1" ten="233,323,229,205" step="2"/><V133/><F112/><W31/><G113/><T26/><D3/><U1/><E1/><V127/><F127/><W97/><G114/><T72/><D51/><U96/><E96/><V50/><F126/><W120/><G97/><T61/><D132/><U12/><E12/><N who="2" m="5183" /><F133/><W135/><G135/><T111/><D128/><N who="3" m="49193" /><G120/><T71/><D111/><U65/><AGARI ba="0,1" hai="11,14,16,36,37,58,60,65,83,84,88,89,92,98" machi="65" ten="20,12000,1" yaku="1,1,0,1,7,1,54,2,53,0" doraHai="18" doraHaiUra="73" who="1" fromWho="1" sc="233,-40,323,130,229,-40,205,-40" /><INIT seed="1,1,0,5,4,25" ten="193,453,189,165" oya="1" hai0="82,7,33,134,53,14,6,95,17,29,5,100,121" hai1="30,22,75,56,32,47,92,106,52,16,113,103,58" hai2="13,114,81,79,40,49,37,59,97,101,21,116,87" hai3="71,27,91,45,77,74,9,54,0,38,70,1,135"/><U127/><E113/><V102/><F116/><W94/><G135/><T110/><D134/><U18/><E75/><V60/><F114/><W104/><G104/><T83/><D110/><U107/><E32/><V86/><F37/><W50/><G38/><T26/><D121/><U123/><E127/><V11/><F21/><W99/><G77/><T4/><D53/><U23/><E123/><V98/><F87/><W80/><G74/><T67/><D67/><U8/><E8/><V105/><F49/><W34/><G80/><T3/><D3/><U57/><E30/><V39/><F40/><W55/><G54/><T72/><D72/><U35/><E35/><V120/><F39/><W90/><G91/><T130/><D130/><U61/><E107/><V31/><F31/><W63/><G63/><T41/><D41/><U66/><E106/><V78/><F78/><W124/><G124/><T62/><D62/><U111/><E47/><V84/><F120/><W69/><REACH who="3" step="1"/><G9/><REACH who="3" ten="193,453,189,155" step="2"/><T115/><D115/><U131/><E52/><N who="2" m="33895" /><F105/><W129/><G129/><T64/><D83/><U28/><E131/><V89/><F102/><W93/><G93/><T68/><D95/><U96/><E103/><V132/><F101/><W20/><G20/><T15/><D100/><U46/><E92/><N who="2" m="54327" /><F132/><W42/><G42/><T73/><D73/><U12/><E61/><V126/><F126/><W118/><G118/><T117/><D117/><U112/><E23/><V51/><F51/><W109/><G109/><T44/><D82/><U43/><E22/><V108/><F108/><W19/><G19/><AGARI ba="1,1" hai="11,13,19,79,81,84,97,98" m="54327,33895" machi="19" ten="30,2000,0" yaku="8,1,54,1" doraHai="25" who="2" fromWho="3" sc="193,0,453,0,189,33,155,-23" /><INIT seed="2,0,0,3,2,73" ten="193,453,222,132" oya="2" hai0="99,2,104,6,106,5,95,13,100,55,64,81,96" hai1="84,112,22,89,110,133,51,27,107,11,20,60,41" hai2="67,52,121,39,128,26,57,76,87,101,50,72,8" hai3="24,77,45,65,68,36,125,48,40,109,120,78,92"/><V123/><F72/><W30/><G120/><T102/><D2/><U61/><E112/><V134/><F39/><W0/><G0/><T10/><D64/><U111/><E107/><V75/><F75/><W59/><G109/><T85/><D55/><U70/><E133/><V126/><F134/><W90/><G125/><T16/><REACH who="0" step="1"/><D95/><REACH who="0" ten="183,453,222,132" step="2"/><U114/><E111/><V124/><F67/><W113/><G113/><T116/><D116/><U1/><E1/><V12/><F123/><W130/><G130/><T46/><D46/><U117/><E117/><V14/><F121/><W58/><G68/><T94/><D94/><U56/><E70/><V43/><F128/><W28/><G65/><T103/><D103/><U7/><E110/><V135/><F101/><W132/><G132/><T23/><D23/><U131/><E22/><V88/><F135/><W63/><G63/><T18/><D18/><U74/><E61/><V66/><F66/><W4/><G4/><T44/><D44/><U19/><E131/><V86/><F126/><W82/><G92/><T105/><D105/><U34/><E114/><V49/><F124/><W129/><G129/><T98/><D98/><U69/><E69/><V108/><F108/><W33/><G28/><T53/><D53/><U118/><E118/><V47/><F47/><W42/><G40/><T21/><D21/><U62/><E41/><V115/><F43/><W71/><G71/><T127/><D127/><U37/><E7/><V119/><F115/><W80/><G36/><T15/><D15/><U91/><E37/><V54/><F119/><W29/><G42/><RYUUKYOKU ba="0,1" sc="183,30,453,-10,222,-10,132,-10" hai0="5,6,10,13,16,81,85,96,99,100,102,104,106" /><INIT seed="3,1,1,3,1,26" ten="213,443,212,122" oya="3" hai0="116,88,19,4,127,68,130,51,34,0,129,112,118" hai1="53,41,94,61,125,66,115,36,87,44,76,1,21" hai2="108,13,20,98,2,55,30,45,46,135,122,133,75" hai3="96,60,27,64,56,105,85,50,23,126,59,77,14"/><W114/><G126/><T103/><D68/><U119/><E1/><V33/><F108/><W57/><G114/><T18/><D127/><U5/><E5/><V8/><F122/><W11/><G105/><T124/><D124/><U120/><E120/><V93/><F75/><W58/><G96/><T95/><D103/><U37/><E36/><V92/><F33/><W81/><G50/><T70/><D70/><U54/><E61/><V62/><F2/><W97/><G97/><N who="0" m="57575" /><D34/><U69/><E69/><V84/><F84/><W131/><G131/><N who="0" m="50187" /><D51/><U31/><E54/><V99/><F62/><W71/><G71/><T72/><D72/><U63/><E41/><V49/><F46/><W40/><G40/><T25/><D112/><U12/><E119/><N who="0" m="45609" /><D25/><U110/><E125/><V101/><F20/><W24/><REACH who="3" step="1"/><G23/><REACH who="3" ten="213,443,212,112" step="2"/><T111/><D111/><U89/><E21/><V17/><F135/><W22/><G22/><T6/><D6/><AGARI ba="1,2" hai="6,11,14,24,27,56,57,58,59,60,64,77,81,85" machi="6" ten="40,7700,0" yaku="1,1,8,1,53,1" doraHai="26" doraHaiUra="83" who="3" fromWho="0" sc="213,-80,443,0,212,0,112,100" /><INIT seed="3,2,0,4,0,43" ten="133,443,212,212" oya="3" hai0="110,62,74,15,117,49,86,35,113,106,75,108,44" hai1="90,78,58,67,33,66,82,129,68,7,46,118,37" hai2="8,89,72,88,50,17,125,124,130,63,97,105,6" hai3="77,20,59,112,132,26,11,84,54,122,23,95,25"/><W98/><G112/><T119/><D35/><U60/><E33/><V2/><F72/><W94/><G122/><T101/><D101/><U4/><E129/><V102/><F130/><W42/><G132/><T27/><D106/><U22/><E90/><V13/><F50/><W21/><G42/><T38/><D27/><U12/><E118/><V85/><F63/><W55/><G11/><T53/><D15/><U56/><E67/><V120/><F120/><W61/><G55/><T115/><D86/><U133/><E4/><V10/><REACH who="2" step="1"/><F88/><REACH who="2" ten="133,443,202,212" step="2"/><N who="3" m="53511" /><G77/><T83/><D83/><AGARI ba="2,1" hai="2,6,8,10,13,17,83,85,89,97,102,105,124,125" machi="83" ten="40,1300,0" yaku="1,1,53,0" doraHai="43" doraHaiUra="109" who="2" fromWho="0" sc="133,-19,443,0,202,29,212,0" owari="114,-38.6,443,54.3,231,3.1,212,-18.8" /></mjloggm>