<mjloggm ver="2.3"><GO type="225" lobby="0"/><UN n0="%4B%2E%32%2E%4B%2E" n1="%E3%81%A9%E3%82%93%E3%82%88%E3%81%8F%4D%6B%2E%32" n2="%E3%81%97%E3%83%BC%E3%81%9F%E3%81%8F%E3%82%93" n3="%E3%83%81%E3%83%AF%E3%83%AF%E9%9A%8A%E9%95%B7" dan="16,16,16,17" rate="2141.92,2168.85,2125.60,2202.73" sx="M,M,M,M"/><TAIKYOKU oya="0"/><INIT seed="0,0,0,1,2,64" ten="250,250,250,250" oya="0" hai0="98,106,130,85,83,49,127,48,50,116,103,121,46" hai1="54,17,69,114,35,129,94,39,5,27,91,72,43" hai2="65,111,44,19,78,125,34,89,109,58,96,52,131" hai3="84,118,23,124,119,4,133,42,1,8,71,56,62"/><T41/><D127/><U63/><E72/><V15/><F34/><W82/><G124/><T55/><D130/><U59/><E114/><V16/><F131/><W47/><G133/><T110/><D116/><U95/><E129/><V28/><F28/><W77/><G23/><T61/><D121/><U31/><E5/><V60/><F78/><W32/><G32/><T113/><D110/><N who="2" m="41994" /><F125/><W97/><G97/><T13/><D113/><U76/><E76/><V79/><F79/><W122/><G122/><T14/><D61/><U87/><E17/><N who="2" m="6731" /><F15/><W45/><G45/><T9/><D55/><U81/><REACH who="1" step="1"/><E69/><REACH who="1" ten="250,240,250,250" step="2"/><N who="2" m="42151" /><F44/><AGARI ba="0,1" hai="27,31,35,39,43,44,54,59,63,81,87,91,94,95" machi="44" ten="40,1300,0" yaku="1,1,53,0" doraHai="64" doraHaiUra="73" who="1" fromWho="2" sc="250,0,240,23,250,-13,250,0" /><INIT seed="1,0,0,2,2,6" ten="250,263,237,250" oya="1" hai0="132,36,65,131,112,66,93,39,57,104,88,42,40" hai1="113,37,11,52,78,7,0,62,86,75,102,129,116" hai2="53,8,118,17,44,61,60,94,70,45,27,20,32" hai3="12,67,90,4,133,87,84,96,29,71,35,97,111"/><U56/><E116/><V1/><F118/><W26/><G111/><T63/><D112/><U43/><E113/><V119/><F119/><W18/><G133/><T48/><D104/><U23/><E129/><V123/><F123/><W85/><G4/><T89/><D131/><U33/><E33/><V117/><F117/><W15/><G15/><T115/><D115/><U19/><E102/><V127/><F127/><W79/><G79/><T128/><D128/><U47/><E86/><V121/><F70/><W81/><G85/><T124/><D132/><U59/><E59/><V13/><F1/><W80/><G67/><T82/><D124/><U31/><E31/><V98/><F32/><W54/><G71/><T122/><D82/><N who="1" m="45407" /><E23/><V51/><F45/><W41/><G41/><T73/><D73/><U109/><E19/><N who="2" m="8615" /><F121/><W95/><G54/><T77/><D77/><U28/><E28/><V134/><F134/><W105/><G105/><T135/><D122/><U69/><E69/><V125/><F125/><W110/><G81/><T55/><D135/><U14/><E14/><V3/><F3/><W2/><G2/><T24/><D65/><U83/><E83/><V16/><F17/><W108/><G84/><T126/><D126/><U25/><E109/><N who="3" m="42090" /><G80/><T5/><D66/><U38/><E37/><V46/><F46/><W92/><G92/><T58/><D36/><U50/><E50/><V106/><F106/><W74/><G74/><T34/><D39/><U76/><E76/><V49/><F51/><W114/><G114/><T30/><D48/><U103/><E103/><AGARI ba="0,0" hai="16,20,27,44,49,53,60,61,94,98,103" m="8615" machi="103" ten="30,3900,0" yaku="8,1,52,1,54,1" doraHai="6" who="2" fromWho="1" sc="250,0,263,-39,237,39,250,0" /><INIT seed="2,0,0,2,1,78" ten="250,224,276,250" oya="2" hai0="123,30,46,24,3,1,6,68,28,90,58,20,129" hai1="12,56,77,67,98,38,126,45,95,9,99,27,13" hai2="71,73,135,63,31,106,72,93,66,101,88,29,8" hai3="16,81,57,14,80,22,110,97,40,92,44,37,118"/><V108/><F135/><W120/><G118/><T53/><D68/><U36/><E126/><V23/><F106/><W104/><G120/><T112/><D123/><U82/><E27/><V52/><F101/><W60/><G104/><T111/><D112/><U122/><E122/><V25/><F29/><W69/><G69/><T125/><D125/><U41/><E38/><V62/><F108/><W96/><G110/><T76/><D111/><U87/><E12/><V19/><F62/><W54/><G97/><T113/><D113/><U86/><E67/><V64/><F64/><W51/><G37/><T59/><D129/><U32/><E32/><V21/><F8/><W115/><G115/><T47/><D30/><U107/><E107/><V35/><F52/><W10/><G10/><T17/><D59/><U0/><E56/><V124/><F35/><W79/><G79/><T114/><D114/><U39/><E39/><V61/><F61/><W94/><G94/><T103/><D103/><AGARI ba="0,0" hai="14,16,22,40,44,51,54,57,60,80,81,92,96,103" machi="103" ten="30,8000,1" yaku="7,1,8,1,52,2,54,1" doraHai="78" who="3" fromWho="0" sc="250,-80,224,0,276,0,250,80" /><INIT seed="3,0,0,1,4,45" ten="170,224,276,330" oya="3" hai0="73,47,1,70,91,2,13,36,34,87,134,104,69" hai1="108,21,133,100,6,17,25,109,95,28,52,75,7" hai2="121,114,63,115,110,0,122,12,84,77,88,29,85" hai3="82,19,18,97,54,56,8,5,98,125,11,32,27"/><W35/><G125/><T96/><D73/><U10/><E75/><V90/><F0/><W22/><G82/><T26/><D134/><U40/><E40/><V102/><F29/><N who="3" m="17655" /><G32/><T66/><D13/><N who="1" m="7351" /><E133/><V59/><F102/><W68/><G68/><T132/><D132/><U38/><E38/><V74/><F110/><N who="1" m="42601" /><E52/><N who="2" m="34279" /><F74/><W103/><G35/><T116/><D116/><U118/><E118/><V37/><F37/><W130/><G130/><T3/><D87/><N who="2" m="33354" /><F77/><W67/><G67/><T51/><D91/><N who="2" m="34858" /><F12/><W123/><G103/><T49/><D36/><U131/><E131/><V127/><F127/><W24/><G97/><AGARI ba="0,0" hai="6,7,21,25,28,95,97,100" m="42601,7351" machi="97" ten="30,1000,0" yaku="14,1" doraHai="45" who="1" fromWho="3" sc="170,0,224,10,276,0,330,-10" owari="170,-33.0,234,-16.6,276,7.6,320,42.0" /></mjloggm>