<mjloggm ver="2.3"><GO type="225" lobby="0"/><UN n0="%E7%AD%89%E3%80%85%E5%8A%9B%E5%8A%87%E5%A0%B4" n1="%6D%75%75%6D%75%72%61" n2="%E6%9C%80%E9%AB%98%EF%BC%B2%EF%BC%92%EF%BC%90%EF%BC%92%EF%BC%90" n3="%E3%81%A9%E3%82%93%E3%82%88%E3%81%8F%4D%6B%2E%32" dan="16,16,16,16" rate="2146.71,2128.34,2058.14,2189.96" sx="M,F,M,M"/><TAIKYOKU oya="0"/><INIT seed="0,0,0,5,5,52" ten="250,250,250,250" oya="0" hai0="17,88,61,98,80,51,134,5,49,72,92,19,121" hai1="15,123,83,30,66,68,129,120,53,105,54,16,39" hai2="8,77,44,71,96,57,50,94,24,109,70,78,126" hai3="62,124,6,46,63,115,127,67,99,48,97,74,14"/><T84/><D121/><U47/><E129/><V119/><F109/><W125/><G74/><T18/><D134/><U73/><E105/><V89/><F126/><W117/><G117/><T103/><D5/><U90/><E30/><V25/><F119/><W100/><G115/><T91/><D72/><U107/><E107/><V28/><F70/><W116/><G116/><T31/><D31/><U56/><E68/><V131/><F71/><W122/><G122/><T59/><REACH who="0" step="1"/><D103/><REACH who="0" ten="240,250,250,250" step="2"/><U85/><E73/><V65/><F28/><W37/><G100/><T43/><D43/><U110/><E110/><V42/><F131/><W132/><G132/><T12/><D12/><U130/><E130/><V38/><F25/><W40/><G6/><T58/><D58/><U108/><E108/><V81/><F24/><W133/><G14/><T111/><D111/><U33/><E123/><V118/><F118/><W128/><G133/><T20/><D20/><U26/><E120/><V23/><F23/><W93/><G128/><T75/><D75/><U45/><E26/><V13/><F42/><W64/><G40/><T113/><D113/><U27/><E27/><V86/><F13/><W135/><G135/><T36/><D36/><U87/><E39/><V76/><F38/><W10/><G37/><T69/><D69/><U1/><E33/><V114/><F114/><W55/><G124/><T9/><D9/><U11/><E1/><V106/><F8/><W112/><G10/><T4/><D4/><U35/><E35/><V101/><F101/><W7/><G125/><T60/><D60/><N who="1" m="38151" /><E85/><V21/><F86/><RYUUKYOKU ba="0,1" sc="240,15,250,15,250,-15,250,-15" hai0="17,18,19,49,51,59,61,80,84,88,91,92,98" hai1="11,15,16,45,47,53,54,83,87,90" /><INIT seed="0,1,1,2,1,59" ten="255,265,235,235" oya="0" hai0="99,70,12,116,122,82,119,81,18,66,93,39,28" hai1="128,109,45,126,26,21,40,64,46,16,83,108,101" hai2="87,113,135,62,11,34,25,10,5,20,17,130,22" hai3="124,13,43,77,53,125,97,103,95,90,55,111,134"/><T79/><D122/><U121/><E121/><V58/><F113/><W63/><G134/><T129/><D39/><U104/><E128/><V23/><F135/><W35/><G35/><T52/><D28/><U44/><E126/><N who="3" m="48746" /><G111/><N who="1" m="42570" /><E83/><V32/><F130/><W75/><G43/><T76/><D129/><U102/><E64/><V94/><F34/><W31/><G31/><T78/><D119/><U37/><E102/><V0/><F32/><W85/><G13/><T30/><D30/><U2/><E2/><V132/><F11/><W92/><G75/><T118/><D116/><U9/><E9/><V41/><F41/><W123/><G77/><T33/><D33/><U15/><E15/><V100/><F132/><W51/><G51/><T6/><D6/><U1/><E1/><V14/><F0/><W80/><G80/><T69/><D118/><U74/><E74/><V38/><F38/><W61/><G123/><T47/><D82/><U65/><E65/><N who="2" m="39127" /><F100/><W120/><G120/><T84/><D78/><U72/><E72/><V131/><F131/><W54/><AGARI ba="1,1" hai="53,54,55,61,63,85,90,92,95,97,103" m="48746" machi="54" ten="30,4000,0" yaku="18,1,52,2" doraHai="59" who="3" fromWho="3" sc="255,-21,265,-11,235,-11,235,53" /><INIT seed="1,0,0,0,0,126" ten="234,254,224,288" oya="1" hai0="15,81,91,108,24,27,66,75,0,88,99,129,53" hai1="54,9,131,70,79,4,90,95,101,23,52,119,48" hai2="35,63,98,65,104,124,77,93,51,56,43,106,121" hai3="42,94,12,102,57,6,72,76,133,135,60,86,26"/><U45/><E119/><V47/><F121/><W55/><G72/><T109/><D0/><U25/><E70/><V41/><F35/><W107/><G42/><T120/><D66/><U110/><E131/><V96/><F124/><W1/><G1/><T39/><D39/><U111/><E79/><V62/><F77/><W21/><G107/><T50/><D120/><U118/><E101/><V125/><F125/><W117/><G117/><T11/><D75/><U100/><E100/><V59/><F41/><W83/><G6/><T89/><D81/><U84/><E118/><V22/><F22/><W82/><G12/><T130/><D99/><U49/><E4/><V132/><F132/><W8/><G8/><T80/><D80/><U44/><REACH who="1" step="1"/><E9/><REACH who="1" ten="234,244,224,288" step="2"/><V30/><F106/><W103/><G102/><T3/><D3/><U122/><E122/><V92/><F104/><W37/><G76/><T115/><D130/><U19/><AGARI ba="0,1" hai="19,23,25,44,45,48,49,52,54,84,90,95,110,111" machi="19" ten="30,11700,0" yaku="1,1,0,1,9,1,54,1,53,0" doraHai="126" doraHaiUra="97" who="1" fromWho="1" sc="234,-39,244,127,224,-39,288,-39" /><INIT seed="1,1,0,5,2,73" ten="195,371,185,249" oya="1" hai0="115,38,54,4,20,72,10,129,28,78,59,53,82" hai1="1,69,128,30,29,97,44,13,51,110,16,120,104" hai2="133,85,76,134,34,36,119,81,121,87,23,55,98" hai3="8,6,99,64,21,88,94,103,107,27,116,22,83"/><U122/><E128/><V48/><F119/><W32/><G116/><T131/><D115/><U109/><E1/><V49/><F121/><W90/><G32/><T70/><D70/><U111/><E69/><V89/><F36/><W40/><G40/><T62/><D38/><U19/><E104/><V66/><F34/><W47/><G47/><T113/><D113/><U126/><E126/><V0/><F0/><W7/><G64/><T123/><D123/><N who="1" m="47147" /><E97/><V15/><F66/><W56/><G56/><T65/><D28/><N who="1" m="10859" /><E13/><V127/><F98/><W112/><G112/><T101/><D101/><U12/><E12/><V31/><F127/><W93/><G27/><T68/><D20/><U46/><E46/><V18/><F31/><W86/><G107/><T35/><D35/><U71/><E71/><V106/><F106/><W3/><REACH who="3" step="1"/><G7/><REACH who="3" ten="195,371,185,239" step="2"/><T43/><D43/><AGARI ba="1,1" hai="16,19,43,44,51,109,110,111" m="10859,47147" machi="43" ten="40,7700,0" yaku="14,1,10,1,54,1" doraHai="73" who="1" fromWho="0" sc="195,-80,371,90,185,0,239,0" /><INIT seed="1,2,0,2,3,109" ten="115,461,185,239" oya="1" hai0="103,66,2,31,117,20,133,99,119,98,3,134,82" hai1="50,75,52,7,48,41,12,90,26,135,61,1,92" hai2="85,130,23,22,14,108,25,111,51,32,30,87,100" hai3="88,18,5,93,94,37,118,24,105,104,131,10,106"/><U68/><E75/><V62/><F100/><W64/><G37/><T72/><D66/><U28/><E1/><V116/><F116/><W60/><G118/><N who="0" m="45067" /><D31/><U83/><E135/><N who="0" m="51721" /><D20/><U16/><E83/><V39/><F39/><W8/><G131/><T95/><D3/><U76/><E76/><V65/><F130/><W125/><G125/><T49/><D2/><U126/><E68/><V110/><F51/><W71/><G94/><T69/><D49/><U35/><E41/><V112/><F14/><W40/><G40/><T38/><D69/><U45/><E7/><V114/><F22/><W54/><G54/><T27/><D27/><U63/><E126/><V102/><F23/><W79/><G79/><N who="0" m="44391" /><D38/><U43/><E50/><V86/><F102/><W34/><G18/><T97/><AGARI ba="2,0" hai="95,97,98,99,103" m="44391,51721,45067" machi="97" ten="40,5200,0" yaku="20,1,34,2" doraHai="109" who="0" fromWho="0" sc="115,58,461,-28,185,-15,239,-15" /><INIT seed="2,0,0,0,5,117" ten="173,433,170,224" oya="2" hai0="56,16,102,14,84,85,87,71,62,5,64,30,46" hai1="33,25,47,40,70,122,10,27,65,37,133,93,131" hai2="130,7,129,96,135,20,78,104,81,38,112,76,123" hai3="88,28,82,113,101,31,1,68,58,110,57,44,63"/><V49/><F38/><W90/><G1/><T15/><D30/><U75/><E75/><V36/><F36/><W52/><G113/><T22/><D102/><U99/><E131/><N who="2" m="50187" /><F7/><W12/><G68/><T8/><REACH who="0" step="1"/><D46/><REACH who="0" ten="163,433,170,224" step="2"/><U23/><E47/><V69/><F112/><W9/><G101/><T0/><D0/><U13/><E33/><V105/><F135/><W124/><G44/><T39/><D39/><U18/><E133/><V83/><F69/><AGARI ba="0,1" hai="5,8,14,15,16,22,56,62,64,69,71,84,85,87" machi="69" ten="40,2600,0" yaku="1,1,54,1,53,0" doraHai="117" doraHaiUra="86" who="0" fromWho="2" sc="163,36,433,0,170,-26,224,0" /><INIT seed="3,0,0,2,5,133" ten="199,433,144,224" oya="3" hai0="28,111,86,81,83,66,37,114,117,23,64,57,121" hai1="34,35,82,131,56,71,31,130,68,61,33,2,42" hai2="67,43,12,120,103,25,101,132,124,52,50,100,45" hai3="18,65,7,26,54,107,46,105,90,3,10,99,72"/><W19/><G72/><T85/><D121/><U92/><E2/><V16/><F120/><W110/><G110/><T128/><D117/><U118/><E118/><V91/><F132/><W126/><G65/><T59/><D37/><U93/><E31/><V78/><F67/><N who="0" m="25642" /><D128/><N who="1" m="49195" /><E82/><N who="0" m="31241" /><D111/><U32/><E32/><V48/><F78/><W49/><G26/><N who="0" m="16479" /><D114/><U87/><E42/><V76/><F76/><W115/><G115/><T109/><D109/><U94/><E87/><AGARI ba="0,0" hai="57,59,85,86,87" m="16479,31241,25642" machi="87" ten="30,1000,0" yaku="8,1" doraHai="133" who="0" fromWho="1" sc="199,10,433,-10,144,0,224,0" owari="209,-19.1,423,52.3,144,-35.6,224,2.4" /></mjloggm>