<mjloggm ver="2.3"><GO type="225" lobby="0"/><UN n0="%E7%B4%94%E6%BD%94%E3%83%94%E3%83%A9%E3%83%8B%E3%82%A2" n1="%72%69%6F%75%63%68%61%6E" n2="%72%65%6E%6B%75%6E" n3="%33%74%72%65%65" dan="16,16,17,16" rate="2157.43,2182.25,2251.27,2115.74" sx="M,M,M,F"/><TAIKYOKU oya="0"/><INIT seed="0,0,0,3,2,53" ten="250,250,250,250" oya="0" hai0="59,85,97,66,61,103,40,99,123,113,84,42,111" hai1="26,72,110,134,105,109,21,102,29,60,43,135,24" hai2="64,50,93,34,12,67,121,80,127,116,69,36,125" hai3="122,104,30,98,28,100,78,10,119,49,6,4,112"/><T114/><D123/><U133/><E72/><V18/><F36/><W132/><G112/><T8/><D113/><U77/><E77/><V101/><F34/><W55/><G119/><T5/><D114/><U88/><E43/><V87/><F121/><W45/><G122/><T57/><D111/><N who="1" m="42507" /><E60/><V115/><F116/><W83/><G132/><N who="1" m="33794" /><U107/><DORA hai="96" /><E102/><V89/><F50/><W47/><G47/><T118/><D99/><U32/><E88/><N who="2" m="51303" /><F101/><W44/><G44/><T3/><D118/><U31/><AGARI ba="0,0" hai="21,24,26,29,31,32,105,107" m="33794,42507" machi="31" ten="50,3200,0" yaku="14,1,20,1" doraHai="53,96" who="1" fromWho="1" sc="250,-16,250,32,250,-8,250,-8" /><INIT seed="1,0,0,2,1,89" ten="234,282,242,242" oya="1" hai0="130,5,74,97,82,122,53,51,3,118,38,91,11" hai1="110,36,69,79,44,16,63,104,42,77,24,32,52" hai2="58,10,112,111,113,22,85,55,60,120,78,80,20" hai3="114,31,134,94,88,6,107,90,21,49,87,45,132"/><U19/><E104/><V125/><F120/><W8/><G107/><T135/><D118/><U28/><E110/><V123/><F123/><W121/><G121/><T25/><D122/><U126/><E126/><V41/><F125/><W30/><G114/><N who="2" m="44137" /><F111/><W4/><G90/><T106/><D38/><U128/><E128/><V117/><F117/><W129/><G129/><T18/><D135/><N who="3" m="51753" /><G21/><N who="2" m="8297" /><F10/><W1/><G4/><T23/><D130/><U100/><E100/><V15/><F15/><W73/><G73/><T37/><D37/><U76/><REACH who="1" step="1"/><E52/><AGARI ba="0,0" hai="1,6,8,30,31,45,49,52,87,88,94" m="51753" machi="52" ten="30,7700,0" yaku="20,1,52,1,54,2" doraHai="89" who="3" fromWho="1" sc="234,0,282,-77,242,0,242,77" /><INIT seed="2,0,0,4,5,37" ten="234,205,242,319" oya="2" hai0="69,114,50,56,123,79,83,104,7,17,115,113,13" hai1="23,29,6,47,106,131,74,117,5,33,1,66,86" hai2="43,46,63,77,91,18,21,85,72,116,27,22,67" hai3="73,4,102,125,110,109,99,61,134,98,53,30,12"/><V32/><F116/><W88/><G134/><T8/><D69/><U19/><E117/><V31/><F72/><W68/><G125/><T64/><D104/><U128/><E74/><V111/><F111/><N who="3" m="42507" /><G73/><T78/><D123/><U34/><E106/><V118/><F118/><W107/><G30/><T62/><D50/><U132/><E66/><V39/><F77/><W0/><G0/><T121/><D121/><U54/><E132/><V36/><F36/><W20/><G68/><T38/><D38/><U42/><E54/><V41/><F41/><W14/><G4/><N who="1" m="1642" /><E1/><V129/><F129/><N who="1" m="49737" /><E86/><V126/><F18/><W119/><G53/><T9/><REACH who="0" step="1"/><D83/><REACH who="0" ten="224,205,242,319" step="2"/><U52/><E42/><V59/><REACH who="2" step="1"/><F126/><REACH who="2" ten="224,205,232,319" step="2"/><W87/><G119/><T15/><AGARI ba="0,2" hai="7,8,9,13,15,17,56,62,64,78,79,113,114,115" machi="15" ten="40,8000,1" yaku="1,1,2,1,0,1,53,1" doraHai="37" doraHaiUra="3" who="0" fromWho="0" sc="224,100,205,-20,232,-40,319,-20" /><INIT seed="3,0,0,0,3,98" ten="324,185,192,299" oya="3" hai0="128,76,97,100,52,37,126,123,127,94,88,121,75" hai1="31,7,119,103,1,71,93,16,118,133,125,105,4" hai2="108,22,86,47,11,58,104,115,72,70,57,9,90" hai3="73,114,54,20,51,79,24,110,87,85,56,91,45"/><W81/><G114/><T10/><D37/><U101/><E125/><N who="0" m="47625" /><D128/><U116/><E133/><V135/><F70/><W99/><G110/><T82/><D52/><U26/><E71/><V67/><F72/><W43/><G99/><N who="0" m="57799" /><D10/><N who="1" m="2319" /><E7/><V0/><F11/><W59/><G54/><T80/><D82/><U66/><E66/><V28/><F9/><W130/><G130/><T35/><D35/><N who="1" m="20983" /><E105/><AGARI ba="0,0" hai="75,76,80,97,100,105,121,123" m="57799,47625" machi="105" ten="30,8000,1" yaku="18,1,34,2,52,1,54,1" doraHai="98" who="0" fromWho="1" sc="324,80,185,-80,192,0,299,0" owari="404,50.4,105,-39.5,192,-20.8,299,9.9" /></mjloggm>