<mjloggm ver="2.3"><GO type="225" lobby="0"/><UN n0="%48%61%61%61%6C%61%6E%64" n1="%E8%81%B7%E6%A5%AD%E3%80%81%E9%A2%A8%32" n2="%E3%81%AF%E3%82%88%E3%81%8A%E3%81%98%E3%81%95%E3%82%93" n3="%E6%81%AC%E6%B7%A1%E5%AF%82%E5%AF%9E" dan="17,16,16,16" rate="2238.81,2110.05,2163.14,2123.91" sx="M,M,M,M"/><TAIKYOKU oya="0"/><INIT seed="0,0,0,1,5,35" ten="250,250,250,250" oya="0" hai0="92,84,104,115,118,48,79,11,38,99,27,72,93" hai1="57,7,65,1,91,126,83,56,63,40,47,53,82" hai2="12,25,124,109,21,6,87,101,90,111,59,46,122" hai3="135,133,129,106,14,3,33,78,62,29,123,85,131"/><T69/><D38/><U116/><E116/><V51/><F122/><W108/><G106/><T77/><D69/><U32/><E32/><V4/><F124/><W17/><G62/><T96/><D115/><U5/><E126/><V24/><F101/><W30/><G85/><T31/><D118/><U73/><E73/><V60/><F12/><W16/><G78/><T36/><D36/><U76/><E76/><V97/><F24/><W94/><G94/><T43/><D72/><U127/><E127/><V22/><F22/><W13/><G33/><T23/><D11/><U41/><E1/><V42/><F111/><W100/><G100/><N who="0" m="60423" /><D84/><N who="1" m="50583" /><E83/><N who="2" m="49535" /><F97/><W86/><G86/><T125/><D104/><U114/><E47/><V71/><F71/><W61/><G61/><T110/><D110/><U15/><E114/><V130/><F130/><W75/><G75/><T113/><D113/><U128/><E128/><V107/><F107/><W0/><G108/><T74/><D74/><U39/><E39/><V103/><F103/><W98/><G98/><T119/><D125/><U120/><E120/><AGARI ba="0,0" hai="0,3,13,14,16,17,29,30,120,123,129,131,133,135" machi="120" ten="25,16000,3" yaku="22,2,34,3,52,2,54,1" doraHai="35" who="3" fromWho="1" sc="250,0,250,-160,250,0,250,160" /><INIT seed="1,0,0,0,3,50" ten="250,90,250,410" oya="1" hai0="21,87,88,49,30,5,23,81,37,45,82,54,79" hai1="101,83,109,78,46,0,28,43,48,97,134,12,10" hai2="26,34,126,4,123,100,135,63,35,11,38,108,17" hai3="107,72,85,133,71,3,121,20,40,24,131,7,75"/><U62/><E134/><V9/><F38/><W91/><G121/><T80/><D37/><U84/><E0/><V58/><F123/><W61/><G133/><T1/><D30/><U98/><E109/><V52/><F135/><W70/><G107/><T15/><D1/><U59/><E28/><V29/><F108/><W53/><G40/><T25/><D79/><U6/><REACH who="1" step="1"/><E101/><REACH who="1" ten="250,80,250,410" step="2"/><V13/><F100/><W95/><G3/><T8/><D25/><U128/><E128/><V117/><F126/><W2/><G24/><T19/><D5/><U77/><E77/><V73/><F117/><W90/><G7/><T68/><D68/><U129/><E129/><V60/><F35/><W42/><G131/><T110/><D110/><U116/><E116/><V130/><F130/><W132/><G71/><T86/><D86/><U106/><E106/><V96/><F73/><W118/><G85/><T27/><D27/><U105/><E105/><V67/><F96/><W120/><G75/><T127/><D127/><U102/><E102/><V125/><F125/><W115/><G72/><T14/><D14/><U41/><E41/><V113/><F113/><W16/><G42/><T124/><D124/><U39/><E39/><V69/><F4/><W32/><G115/><T94/><AGARI ba="0,1" hai="8,15,19,21,23,45,49,54,80,81,82,87,88,94" machi="94" ten="30,7900,0" yaku="0,1,8,1,52,1,54,1" doraHai="50" who="0" fromWho="0" sc="250,89,80,-39,250,-20,410,-20" /><INIT seed="2,0,0,3,0,77" ten="339,41,230,390" oya="2" hai0="120,84,64,35,125,111,86,70,48,68,124,78,31" hai1="72,89,105,34,76,45,8,95,38,66,62,67,59" hai2="29,3,51,81,82,69,40,47,116,55,108,5,52" hai3="122,61,131,126,6,91,14,24,9,32,133,54,63"/><V135/><F116/><W118/><G122/><T71/><D120/><U110/><E105/><V134/><F69/><W102/><G118/><T10/><D111/><U43/><E34/><V74/><F108/><W80/><G131/><T33/><D64/><U128/><E110/><V49/><F29/><W83/><G133/><N who="2" m="50697" /><F74/><W130/><G130/><T44/><D10/><U2/><E128/><V4/><F40/><W121/><G121/><T41/><D86/><U113/><E113/><V42/><F42/><W1/><G126/><N who="0" m="48747" /><D31/><U117/><E117/><V0/><F5/><W79/><G102/><T26/><D26/><U20/><E20/><V103/><F103/><W85/><G54/><T96/><D96/><U15/><E2/><N who="2" m="555" /><F4/><W21/><G21/><T13/><BYE who="3" /><D13/><U25/><E25/><V93/><F93/><W73/><G73/><T75/><D75/><UN n3="%E6%81%AC%E6%B7%A1%E5%AF%82%E5%AF%9E" /><U119/><E119/><V58/><AGARI ba="0,0" hai="47,49,51,52,55,58,81,82" m="555,50697" machi="58" ten="30,11700,0" yaku="20,1,52,2,54,1" doraHai="77" who="2" fromWho="2" sc="339,-39,41,-39,230,117,390,-39" /><INIT seed="2,1,0,5,5,102" ten="300,2,347,351" oya="2" hai0="3,70,19,6,27,47,75,7,88,93,76,71,117" hai1="109,101,29,100,14,104,31,130,43,99,12,37,9" hai2="49,17,61,92,1,21,98,103,54,105,116,64,8" hai3="57,112,108,94,56,96,33,67,22,55,95,134,107"/><V52/><F116/><W128/><G33/><T74/><D117/><U42/><E37/><V113/><F113/><W97/><G112/><T78/><D47/><U122/><E109/><V77/><F105/><W18/><G108/><T38/><D38/><U90/><E130/><V44/><F77/><W68/><G128/><T23/><D78/><U45/><E122/><V83/><F83/><W36/><G36/><T62/><D76/><U72/><E72/><V11/><F1/><W86/><G134/><T119/><D119/><U53/><E53/><V84/><F84/><W20/><G68/><T66/><D71/><U59/><E59/><N who="2" m="35063" /><F64/><W87/><G55/><T4/><REACH who="0" step="1"/><D3/><REACH who="0" ten="290,2,347,351" step="2"/><U79/><E79/><V133/><F133/><W69/><G69/><T10/><D10/><U26/><E9/><V81/><F81/><W120/><G120/><T16/><D16/><U111/><E111/><V5/><F5/><W91/><G18/><T35/><D35/><U65/><E45/><V115/><F115/><W34/><G34/><T25/><D25/><AGARI ba="1,1" hai="8,11,17,21,25,44,49,52,92,98,103" m="35063" machi="25" ten="30,2900,0" yaku="8,1,54,1" doraHai="102" who="2" fromWho="0" sc="290,-32,2,0,347,42,351,0" /><INIT seed="2,2,0,4,5,40" ten="258,2,389,351" oya="2" hai0="42,84,37,117,23,111,44,82,72,126,90,103,123" hai1="24,18,121,115,54,16,135,20,25,33,19,1,62" hai2="66,93,63,132,120,80,2,57,75,109,77,56,79" hai3="32,101,21,6,83,104,13,110,122,95,9,76,129"/><V7/><F120/><W39/><G122/><T96/><D123/><U127/><E62/><V71/><F132/><W30/><G110/><T119/><D111/><U51/><E121/><V131/><F109/><W10/><G129/><T3/><D3/><U34/><E51/><V74/><F131/><W45/><G104/><T38/><D126/><U61/><E54/><V107/><F107/><W15/><G32/><N who="1" m="12394" /><E61/><V89/><F7/><W59/><G59/><T50/><D72/><U73/><E73/><V133/><F2/><W8/><G95/><T11/><D11/><U134/><E115/><V22/><F22/><W36/><G101/><T47/><D23/><N who="1" m="13415" /><E127/><V0/><F0/><W87/><G36/><T102/><D37/><U98/><E98/><V48/><F133/><N who="1" m="50697" /><E1/><V49/><F77/><W114/><G114/><T58/><D58/><U43/><E43/><V78/><F57/><W118/><G39/><T4/><D103/><U35/><N who="1" m="12402" /><U12/><DORA hai="67" /><E12/><V26/><F26/><N who="3" m="16719" /><G13/><T68/><D68/><U108/><E108/><V53/><F48/><W91/><G76/><T55/><REACH who="0" step="1"/><D4/><REACH who="0" ten="248,2,389,351" step="2"/><U130/><E130/><V92/><F75/><W65/><G6/><T106/><AGARI ba="2,1" hai="38,42,44,47,50,55,82,84,90,96,102,106,117,119" machi="106" ten="30,12000,2" yaku="1,1,2,1,0,1,52,2,53,1" doraHai="40,67" doraHaiUra="28,99" who="0" fromWho="0" sc="248,136,2,-32,389,-62,351,-32" owari="384,48.4,-30,-53.0,327,12.7,319,-8.1" /></mjloggm>