<mjloggm ver="2.3"><GO type="225" lobby="0"/><UN n0="%E3%83%97%E3%83%AC%E3%83%B4%E3%82%A1%E3%83%86%E3%82%A3" n1="%63%68%78%62%64" n2="%E3%81%A0%E3%81%8A" n3="%E3%81%82%E3%80%81%E8%B2%A0%E3%81%91%E3%81%BE%E3%81%97%E3%81%9F" dan="16,16,16,16" rate="2057.46,2170.16,2038.96,2134.12" sx="F,M,M,M"/><TAIKYOKU oya="0"/><INIT seed="0,0,0,0,1,28" ten="250,250,250,250" oya="0" hai0="115,71,6,84,134,104,33,16,112,88,124,102,113" hai1="74,120,126,24,66,5,63,39,135,55,130,40,45" hai2="0,15,79,44,83,13,43,125,76,105,119,94,121" hai3="109,132,61,98,75,128,122,108,131,20,81,49,100"/><T57/><D71/><U46/><E120/><V87/><F105/><W96/><G49/><T3/><D124/><U19/><E74/><V18/><F0/><W26/><G61/><T127/><D127/><U2/><E126/><V42/><F121/><W114/><G20/><T37/><D37/><U56/><E130/><N who="3" m="49706" /><G26/><T51/><D134/><U95/><E135/><V77/><F119/><W92/><G122/><T106/><D102/><U14/><E2/><V31/><F125/><W36/><G36/><T73/><D73/><U85/><E24/><V25/><F94/><N who="3" m="58391" /><G132/><T117/><D117/><U65/><E5/><V59/><F59/><W80/><G114/><T72/><D72/><U86/><E95/><V21/><F15/><W8/><G8/><T12/><D6/><U38/><E65/><V116/><F116/><W4/><G4/><T27/><D3/><U47/><E47/><V78/><REACH who="2" step="1"/><F44/><REACH who="2" ten="250,250,240,250" step="2"/><W101/><G75/><T35/><D106/><U10/><E66/><V23/><AGARI ba="0,1" hai="13,18,21,23,25,31,42,43,76,77,78,79,83,87" machi="23" ten="30,7900,0" yaku="1,1,2,1,0,1,8,1,53,0" doraHai="28" doraHaiUra="54" who="2" fromWho="2" sc="250,-39,250,-20,240,89,250,-20" /><INIT seed="1,0,0,1,3,28" ten="211,230,329,230" oya="1" hai0="83,57,124,29,122,14,53,48,4,50,105,114,119" hai1="12,6,68,0,22,58,51,36,77,21,33,121,24" hai2="106,67,94,52,133,130,95,13,123,17,9,90,100" hai3="99,135,93,42,117,97,73,15,132,109,5,75,62"/><U92/><E68/><V32/><F123/><W30/><G42/><T102/><D119/><U19/><E36/><V45/><F130/><W25/><G109/><T60/><D114/><U131/><E77/><V2/><F133/><W134/><G117/><T116/><D116/><U81/><E81/><V69/><F106/><W70/><G15/><T80/><D124/><U65/><E121/><V71/><F32/><W87/><G5/><T91/><D122/><U20/><E131/><V38/><F67/><W125/><G125/><T118/><D118/><U61/><E51/><V63/><F2/><W89/><G70/><T103/><D105/><U54/><E92/><V23/><F9/><W37/><G37/><T120/><D120/><U115/><E65/><V108/><F71/><W3/><G62/><T27/><D80/><U86/><E86/><V7/><F69/><W47/><G47/><T35/><D50/><U39/><E39/><V26/><F38/><W31/><G31/><T40/><D83/><U113/><E113/><V8/><F45/><W59/><G59/><T127/><D127/><U1/><E115/><V101/><F7/><W74/><REACH who="3" step="1"/><G3/><REACH who="3" ten="211,230,329,220" step="2"/><T16/><D4/><U44/><E44/><V76/><F63/><W110/><G110/><T104/><D60/><U41/><E41/><V11/><F108/><W49/><G49/><T64/><D40/><U107/><E1/><V18/><F13/><W72/><N who="3" m="18432" /><DORA hai="56" /><W55/><G55/><T46/><D46/><U111/><E111/><V78/><F52/><W96/><G96/><T34/><D64/><U43/><E43/><RYUUKYOKU ba="0,1" sc="211,-10,230,-10,329,-10,220,30" hai3="25,30,87,89,93,97,99,132,134,135" /><INIT seed="2,1,1,1,5,15" ten="201,220,319,250" oya="2" hai0="22,61,102,134,93,6,120,99,94,89,100,67,12" hai1="114,112,31,125,39,11,84,97,71,56,8,115,101" hai2="98,77,55,108,74,119,129,113,20,126,68,28,59" hai3="91,26,135,105,62,111,96,23,127,117,116,58,132"/><V17/><F113/><W2/><G2/><T4/><D120/><U1/><E71/><V18/><F119/><W118/><G111/><T109/><D109/><U48/><E39/><V37/><F68/><W92/><G127/><T52/><D134/><U32/><E125/><V3/><F3/><W86/><G86/><N who="0" m="52407" /><D67/><U65/><E84/><V106/><F37/><W33/><G33/><T24/><D102/><U123/><E123/><V21/><F108/><W36/><G105/><T72/><D12/><U63/><E1/><V130/><F106/><W27/><G27/><T124/><D72/><U57/><E31/><V38/><F98/><W44/><G44/><T9/><D9/><U110/><E32/><V103/><F28/><W133/><G36/><T85/><D85/><U42/><E110/><V78/><F103/><W14/><G14/><T64/><D64/><U60/><E48/><V45/><F126/><W50/><G50/><T128/><D128/><U80/><E80/><V88/><F38/><W104/><G104/><T43/><D43/><U7/><E42/><V73/><F74/><W51/><G51/><T90/><D100/><U121/><E121/><V75/><F73/><W69/><G69/><T81/><D81/><U19/><E7/><V30/><F75/><W79/><G79/><T131/><D131/><U76/><E76/><V46/><F129/><W107/><G107/><T82/><D82/><U53/><E19/><V83/><F77/><W16/><G118/><T10/><D124/><U95/><AGARI ba="1,1" hai="8,11,53,56,57,60,63,65,95,97,101,112,114,115" machi="95" ten="30,1100,0" yaku="0,1" doraHai="15" who="1" fromWho="1" sc="201,-4,220,24,319,-6,250,-4" /><INIT seed="3,0,0,1,3,44" ten="197,244,313,246" oya="3" hai0="134,106,38,91,57,48,118,131,37,32,27,123,71" hai1="78,94,60,84,56,12,130,15,2,26,74,40,129" hai2="114,16,0,69,79,117,95,109,67,88,3,28,20" hai3="120,47,116,52,90,105,126,66,25,97,10,17,51"/><W99/><G116/><T19/><D118/><U35/><E2/><V100/><F114/><W72/><G120/><T119/><D119/><U65/><E74/><V13/><F117/><W96/><G72/><T41/><D123/><U102/><E40/><V42/><F109/><W86/><G126/><T39/><D106/><U73/><E73/><V70/><F100/><W112/><G112/><T75/><D75/><U93/><E78/><V121/><F79/><W108/><G108/><T45/><D131/><N who="1" m="50187" /><E84/><V5/><F121/><W36/><G36/><T59/><D134/><U76/><E76/><V122/><F42/><W98/><G66/><T33/><D71/><U8/><E102/><V103/><F103/><W53/><G105/><T110/><D110/><U50/><E50/><V89/><F67/><W31/><N who="3" m="24576" /><DORA hai="4" /><W29/><G53/><T127/><D127/><U115/><E15/><V81/><F3/><W68/><G68/><T34/><REACH who="0" step="1"/><D91/><REACH who="0" ten="187,244,313,246" step="2"/><U23/><E115/><V7/><F70/><W111/><G111/><T55/><D55/><U92/><E65/><V9/><F69/><W101/><G101/><T18/><D18/><U128/><E128/><V54/><F16/><W133/><G133/><T125/><D125/><U124/><E124/><V22/><F122/><W77/><G77/><T11/><D11/><U83/><E8/><V113/><F89/><W43/><G52/><T85/><D85/><U104/><E104/><V6/><F88/><W14/><REACH who="3" step="1"/><G25/><REACH who="3" ten="187,244,313,236" step="2"/><T132/><D132/><U61/><E26/><N who="2" m="16455" /><F113/><W24/><G24/><T63/><D63/><U87/><E60/><RYUUKYOKU ba="0,2" sc="187,15,244,-15,313,-15,236,15" hai0="19,27,32,33,34,37,38,39,41,45,48,57,59" hai3="10,14,17,29,31,43,47,51,86,90" /><INIT seed="3,1,2,4,0,121" ten="202,229,298,251" oya="3" hai0="113,48,124,104,14,11,71,117,128,103,25,96,78" hai1="31,130,65,66,46,99,125,15,95,53,133,45,109" hai2="33,114,9,85,82,56,94,122,77,74,100,13,126" hai3="118,135,88,110,61,111,23,107,81,87,106,52,16"/><W1/><G135/><T93/><D117/><U6/><E130/><V17/><F114/><W116/><G1/><T39/><D128/><U34/><E125/><V120/><F33/><W21/><G116/><T26/><D124/><U60/><E109/><N who="3" m="41482" /><G118/><T59/><D113/><U32/><E32/><V8/><F126/><W90/><G90/><T40/><D71/><U54/><E31/><V84/><F56/><N who="3" m="34951" /><G21/><T63/><D39/><U10/><E34/><V112/><F112/><W43/><G43/><T5/><D78/><U67/><E133/><V35/><F35/><W105/><G107/><T4/><D104/><U127/><E127/><V76/><F8/><W64/><G64/><N who="0" m="39039" /><D4/><U18/><E6/><V49/><F76/><W102/><G102/><T108/><D108/><U97/><E97/><N who="2" m="59447" /><F49/><W101/><G101/><T70/><D70/><U69/><E69/><V2/><F2/><W68/><G68/><T29/><D29/><U36/><E36/><V73/><F73/><W7/><G7/><T44/><AGARI ba="1,2" hai="5,11,14,25,26,40,44,48,93,96,103" m="39039" machi="44" ten="30,1100,0" yaku="8,1" doraHai="121" who="0" fromWho="0" sc="202,34,229,-4,298,-4,251,-6" /><INIT seed="4,0,0,5,1,99" ten="236,225,294,245" oya="0" hai0="66,68,128,81,79,100,46,87,133,90,114,20,44" hai1="14,17,106,135,50,77,69,28,4,120,55,95,59" hai2="23,117,45,24,72,127,3,22,75,30,111,109,8" hai3="18,53,130,10,101,116,27,123,12,11,80,41,19"/><T43/><D128/><U121/><E106/><V96/><F127/><W71/><G116/><T98/><D114/><U74/><E69/><V103/><F117/><W62/><G130/><T52/><D133/><U78/><E135/><V29/><F45/><W40/><G123/><T91/><D68/><U93/><E4/><V126/><F126/><W61/><G71/><T58/><D66/><U54/><E28/><V102/><F96/><W57/><G80/><T47/><D20/><N who="1" m="11319" /><E121/><V36/><F8/><W108/><G108/><T38/><D38/><U129/><E74/><V65/><F36/><W125/><G125/><T49/><REACH who="0" step="1"/><D43/><REACH who="0" ten="226,225,294,245" step="2"/><U6/><E120/><V84/><F22/><N who="3" m="13791" /><G11/><T67/><D67/><U73/><E129/><V56/><F23/><W105/><G105/><AGARI ba="0,1" hai="44,46,47,49,52,58,79,81,87,90,91,98,100,105" machi="105" ten="40,12000,1" yaku="1,1,52,1,54,1,53,2" doraHai="99" doraHaiUra="86" who="0" fromWho="3" sc="226,130,225,0,294,0,245,-120" owari="356,45.6,225,-17.5,294,9.4,125,-37.5" /></mjloggm>