<mjloggm ver="2.3"><GO type="225" lobby="0"/><UN n0="%E5%80%89%E6%A9%8B%EF%BC%A0%E4%BA%8B%E5%8B%99" n1="%E6%A1%9C%E8%8A%B1%E9%96%83%E3%80%85" n2="%E3%83%B4%E3%83%A0%EF%BC%99%E3%81%A6" n3="%E9%BA%BB%E9%9B%80%E5%B0%91%E5%B9%B4" dan="16,17,17,17" rate="2086.95,2186.41,2248.72,2160.22" sx="M,M,M,M"/><TAIKYOKU oya="0"/><INIT seed="0,0,0,3,3,32" ten="250,250,250,250" oya="0" hai0="51,125,101,123,86,22,128,76,115,104,55,93,62" hai1="90,133,97,13,77,82,29,49,31,47,88,52,17" hai2="33,67,10,120,110,60,132,114,8,65,59,99,117" hai3="25,106,134,131,34,23,80,75,78,126,2,53,30"/><T35/><D35/><U61/><E133/><V66/><F120/><W129/><G134/><T121/><D115/><U0/><E0/><V95/><F114/><W39/><G126/><T83/><D104/><U63/><E31/><V72/><F72/><W81/><G106/><T24/><D125/><U21/><E29/><V44/><F33/><W38/><G2/><T36/><D36/><U71/><E71/><V79/><F79/><W14/><G81/><T85/><D62/><U20/><E20/><V42/><F117/><W69/><G69/><T7/><D7/><U18/><E18/><V107/><F107/><W111/><G111/><T41/><D41/><U16/><E17/><V74/><F74/><W46/><G14/><T122/><D128/><N who="3" m="49225" /><G34/><T116/><D116/><U73/><REACH who="1" step="1"/><E90/><REACH who="1" ten="250,240,250,250" step="2"/><V37/><F132/><W56/><G46/><T135/><D135/><U43/><E43/><V70/><F70/><W119/><G119/><T89/><D101/><U1/><E1/><V54/><F110/><W92/><G23/><T96/><D123/><U45/><E45/><V68/><F68/><W5/><G30/><N who="0" m="17687" /><D122/><U84/><E84/><V94/><F42/><W130/><G5/><T12/><D121/><U127/><E127/><V3/><F3/><W87/><G130/><T19/><D86/><U50/><E50/><N who="2" m="28999" /><F37/><W48/><G25/><T118/><D118/><U15/><E15/><V108/><F108/><W28/><G28/><T58/><D19/><U124/><E124/><V113/><F113/><W105/><G39/><T103/><D12/><U9/><E9/><N who="2" m="3691" /><F99/><W57/><G38/><RYUUKYOKU ba="0,1" sc="250,10,240,10,250,10,250,-30" hai0="51,55,58,76,83,85,89,93,96,103" hai1="13,16,21,47,49,52,61,63,73,77,82,88,97" hai2="59,60,65,66,67,94,95" /><INIT seed="0,1,1,3,5,7" ten="260,250,260,220" oya="0" hai0="69,117,75,73,30,68,95,45,72,42,87,90,131" hai1="98,14,92,49,115,129,125,108,67,111,6,84,93" hai2="47,74,76,12,63,41,13,112,122,126,77,118,5" hai3="33,89,81,113,61,51,96,62,58,60,123,65,70"/><T2/><D117/><U26/><E125/><V54/><F122/><W4/><G113/><T24/><D2/><U106/><E115/><V114/><F126/><W128/><G123/><T18/><D18/><U88/><E129/><V17/><F118/><W99/><G128/><T23/><REACH who="0" step="1"/><D131/><REACH who="0" ten="250,250,260,220" step="2"/><U116/><E116/><V38/><F17/><W25/><G4/><T11/><D11/><U97/><E108/><V119/><F5/><W79/><G25/><T29/><D29/><U28/><E111/><V40/><F119/><W48/><G70/><T32/><D32/><U86/><E6/><V121/><F114/><W27/><G27/><T107/><D107/><U10/><E106/><V101/><F112/><W3/><G33/><T50/><AGARI ba="1,2" hai="23,24,30,42,45,50,68,69,72,73,75,87,90,95" machi="50" ten="30,3000,0" yaku="1,1,0,1,53,0" doraHai="7" doraHaiUra="15" who="0" fromWho="0" sc="250,53,250,-11,260,-11,220,-11" /><INIT seed="0,2,0,3,3,128" ten="303,239,249,209" oya="0" hai0="102,41,100,5,135,33,78,133,88,118,59,28,55" hai1="119,105,2,77,125,62,65,10,3,122,21,34,99" hai2="16,30,116,121,87,25,27,8,52,124,104,86,108" hai3="71,84,103,126,106,83,38,1,98,43,109,22,127"/><T132/><D118/><U46/><E119/><V101/><F121/><W94/><G1/><T39/><D78/><U17/><E122/><V113/><F113/><W96/><G71/><T26/><D5/><U14/><E34/><V91/><F116/><W9/><G9/><T120/><D120/><U45/><E77/><V70/><F70/><W32/><G32/><T67/><D67/><U54/><E125/><N who="3" m="47626" /><G22/><T66/><D66/><U49/><E46/><V13/><F124/><W85/><G43/><T60/><D88/><U56/><REACH who="1" step="1"/><E10/><REACH who="1" ten="303,229,249,209" step="2"/><V115/><F8/><W6/><G38/><T81/><D81/><U31/><E31/><V95/><F30/><W117/><G117/><T35/><D35/><U110/><E110/><V11/><F108/><W93/><G109/><T92/><D92/><U123/><E123/><V37/><F95/><W19/><G93/><T79/><D79/><U20/><E20/><V89/><F11/><W42/><G94/><T112/><D112/><U114/><E114/><V68/><F115/><W130/><G83/><T90/><D90/><U80/><E80/><V51/><F89/><W48/><G96/><T36/><D41/><U74/><E74/><V4/><F91/><W57/><G98/><T61/><D61/><U44/><E44/><V107/><F107/><W50/><G42/><T76/><D76/><U82/><E82/><V24/><F104/><W12/><G106/><T47/><D47/><U23/><E23/><V97/><F97/><W129/><G129/><T7/><D7/><U40/><E40/><V134/><F4/><W64/><G6/><RYUUKYOKU ba="2,1" sc="303,15,229,15,249,-15,209,-15" hai0="26,28,33,36,39,55,59,60,100,102,132,133,135" hai1="2,3,14,17,21,45,49,54,56,62,65,99,105" /><INIT seed="0,3,1,3,3,121" ten="318,244,234,194" oya="0" hai0="25,47,15,123,26,87,18,116,115,27,89,109,14" hai1="42,126,98,125,99,58,80,127,124,81,3,21,134" hai2="60,75,53,100,38,96,97,95,8,105,7,114,43" hai3="78,131,94,110,67,107,9,39,93,57,63,104,16"/><T61/><D115/><U36/><E134/><V56/><F114/><W13/><G131/><T120/><D116/><U77/><E3/><V111/><F111/><W24/><G39/><T30/><D123/><U71/><E71/><V45/><F75/><W69/><G110/><T129/><D120/><U76/><E58/><V91/><F8/><W118/><G118/><T41/><D129/><U2/><E2/><V102/><F7/><W72/><G69/><T68/><D109/><U83/><N who="1" m="31744" /><DORA hai="66" /><U10/><E10/><V82/><F82/><W19/><G78/><N who="1" m="30314" /><E21/><V6/><F6/><W55/><G72/><T29/><D61/><U23/><E23/><V20/><F20/><N who="3" m="13319" /><G107/><T103/><D103/><U106/><E106/><V117/><F117/><W135/><G104/><T86/><D68/><U52/><E52/><V112/><F112/><W133/><G55/><T130/><D130/><U34/><E34/><V84/><F105/><W32/><G32/><T49/><D86/><U65/><E65/><V35/><F35/><W73/><G73/><T101/><D101/><U33/><E33/><V22/><F22/><W17/><G17/><T12/><REACH who="0" step="1"/><D18/><REACH who="0" ten="308,244,234,194" step="2"/><U88/><E88/><V113/><F113/><W92/><G19/><T37/><D37/><U51/><E36/><V1/><F102/><W74/><G74/><T31/><D31/><U119/><E119/><V5/><F100/><W122/><G122/><T108/><D108/><U62/><E62/><V48/><F38/><W128/><G128/><T90/><D90/><U46/><AGARI ba="3,2" hai="42,46,51,80,81,83,98,99" m="30314,31744" machi="46" ten="70,2400,0" yaku="18,1" doraHai="121,66" who="1" fromWho="1" sc="308,-15,244,53,234,-9,194,-9" /><INIT seed="1,0,0,3,5,6" ten="293,297,225,185" oya="1" hai0="11,61,89,4,73,55,135,129,47,37,108,97,64" hai1="106,0,103,76,74,134,44,14,3,63,125,49,121" hai2="83,41,81,1,45,7,119,13,102,71,107,51,87" hai3="72,34,66,62,132,114,29,67,85,127,101,94,126"/><U84/><E121/><V25/><F119/><W58/><G114/><T112/><D73/><U122/><E122/><V79/><F71/><W54/><G72/><T20/><D112/><U32/><E32/><V36/><F1/><W110/><G110/><T78/><D108/><U38/><E84/><V28/><F36/><W9/><G132/><T98/><D135/><U50/><E50/><V99/><F81/><W31/><G9/><T77/><D129/><U16/><E38/><V91/><F91/><N who="3" m="53615" /><G101/><T48/><D37/><U75/><E75/><V104/><F104/><W123/><G123/><T118/><D118/><U113/><E113/><V96/><F102/><W24/><G31/><T21/><D64/><U53/><E63/><V8/><F107/><W39/><G39/><T17/><D61/><U80/><E125/><AGARI ba="0,0" hai="24,29,34,54,58,62,66,67,125,126,127" m="53615" machi="125" ten="30,1000,0" yaku="18,1" doraHai="6" who="3" fromWho="1" sc="293,0,297,-10,225,0,185,10" /><INIT seed="2,0,0,5,1,17" ten="293,287,225,195" oya="2" hai0="19,53,5,21,57,42,30,13,50,8,27,39,76" hai1="130,10,108,110,37,82,7,105,63,127,113,38,116" hai2="102,58,80,4,35,88,16,68,91,33,6,122,133" hai3="73,1,56,69,101,40,49,117,15,61,24,71,131"/><V31/><F68/><W64/><G117/><T44/><REACH who="0" step="1"/><D76/><REACH who="0" ten="283,287,225,195" step="2"/><U125/><E116/><V135/><F135/><W74/><G131/><T70/><D70/><U48/><E130/><V52/><F133/><W34/><G69/><T96/><D96/><U92/><E110/><V86/><F122/><W120/><G120/><T0/><D0/><U72/><E108/><V55/><F35/><W100/><G1/><T75/><D75/><U59/><E72/><V54/><F33/><W20/><G74/><T46/><D46/><U107/><E125/><V83/><F58/><W32/><G73/><T85/><D85/><U93/><E59/><V45/><F45/><W134/><G134/><T66/><D66/><U18/><E127/><V109/><F109/><W126/><G126/><T103/><D103/><U111/><E111/><V2/><F102/><W112/><G32/><T41/><D41/><U9/><E113/><V11/><F2/><W89/><G112/><T29/><AGARI ba="0,1" hai="5,8,13,19,21,27,29,30,39,42,44,50,53,57" machi="29" ten="30,7900,0" yaku="21,2,0,1,52,1,53,0" doraHai="17" doraHaiUra="98" who="0" fromWho="0" sc="283,89,287,-20,225,-39,195,-20" /><INIT seed="3,0,0,4,5,97" ten="372,267,186,175" oya="3" hai0="100,95,74,121,24,0,5,104,66,44,96,93,1" hai1="48,75,87,32,53,30,10,52,47,123,68,103,105" hai2="38,76,81,72,108,124,134,56,101,51,69,36,94" hai3="18,7,14,86,4,39,73,40,99,107,82,125,15"/><W60/><G125/><T67/><D121/><U117/><E75/><V43/><F69/><W21/><G73/><T54/><D74/><U33/><E123/><V19/><F124/><W71/><G39/><T83/><D24/><U102/><E105/><V110/><F134/><W16/><G40/><T91/><D83/><U59/><E68/><V6/><F6/><W119/><G119/><T65/><D5/><U45/><E45/><N who="2" m="26047" /><F56/><W90/><G107/><T131/><D131/><U3/><E87/><V85/><F19/><W109/><G109/><N who="2" m="42089" /><F72/><W9/><REACH who="3" step="1"/><G99/><AGARI ba="0,0" hai="36,38,76,81,85,94,99,101" m="42089,26047" machi="99" ten="30,2000,0" yaku="14,1,52,1" doraHai="97" who="2" fromWho="3" sc="372,0,267,0,186,20,175,-20" owari="372,47.2,267,6.7,206,-19.4,155,-34.5" /></mjloggm>