<mjloggm ver="2.3"><GO type="225" lobby="0"/><UN n0="%33%74%72%65%65" n1="%E6%B4%BE%E9%81%A3%E3%81%AE%E3%82%B8%E3%83%A3%E3%83%83%E3%82%AF" n2="%E3%82%BC%E3%83%AB%E3%83%80%E3%81%AE%E4%BC%9D%E8%AA%AC" n3="%E8%BE%9B%E5%8F%A3%E3%82%AB%E3%83%AC%E3%83%BC%E3%83%A9%E3%82%A4%E3%82%B9" dan="16,17,17,17" rate="2177.91,2206.49,2258.46,2289.52" sx="F,M,M,M"/><TAIKYOKU oya="0"/><INIT seed="0,0,0,5,0,4" ten="250,250,250,250" oya="0" hai0="101,61,60,37,83,44,21,65,67,84,73,102,3" hai1="117,133,45,28,75,118,58,105,121,98,124,41,70" hai2="40,74,116,11,79,80,89,120,59,12,135,132,50" hai3="130,43,68,17,8,51,131,77,30,91,49,36,13"/><T93/><D73/><U125/><E75/><V109/><F120/><W85/><G68/><T42/><D3/><U78/><E78/><V69/><F69/><W129/><G77/><T81/><D81/><U63/><E70/><V62/><F109/><W23/><G36/><T57/><D93/><U95/><E105/><V26/><F116/><W96/><G96/><T10/><D10/><U22/><E121/><V33/><F89/><W46/><G51/><T29/><D29/><U127/><E133/><N who="2" m="51275" /><F26/><W106/><G106/><T54/><D21/><U32/><E32/><V76/><F76/><W92/><REACH who="3" step="1"/><G30/><REACH who="3" ten="250,250,250,240" step="2"/><T1/><D60/><U71/><E71/><V107/><F50/><W72/><G72/><T6/><D101/><N who="1" m="60639" /><E28/><V110/><F107/><W99/><G99/><T7/><D102/><U97/><E97/><V38/><F38/><W47/><G47/><T64/><REACH who="0" step="1"/><D1/><REACH who="0" ten="240,250,250,240" step="2"/><U88/><E125/><V66/><F74/><W119/><G119/><T2/><D2/><U103/><E103/><V39/><F62/><W0/><G0/><T18/><D18/><U19/><E118/><V90/><F79/><AGARI ba="0,2" hai="6,7,37,42,44,54,57,61,64,65,67,79,83,84" machi="79" ten="40,2000,0" yaku="1,1,53,0" doraHai="4" doraHaiUra="108" who="0" fromWho="2" sc="240,40,250,0,250,-20,240,0" /><INIT seed="0,1,0,2,2,42" ten="280,250,230,240" oya="0" hai0="118,51,69,98,68,40,92,117,81,131,19,70,27" hai1="34,113,120,58,90,30,94,35,125,4,86,115,12" hai2="112,11,38,104,126,60,24,130,89,77,108,82,29" hai3="123,52,10,23,105,36,2,43,85,99,66,102,134"/><T25/><D131/><U87/><E120/><V48/><F38/><W124/><G134/><T7/><D7/><U80/><E125/><V37/><F37/><W57/><G124/><T62/><D62/><U39/><E39/><V97/><F126/><W109/><G109/><T32/><D81/><U119/><E119/><V107/><F112/><N who="1" m="43081" /><E30/><V79/><F108/><W3/><G123/><T47/><D32/><U33/><E58/><V26/><F130/><W100/><G100/><T121/><D121/><U88/><E12/><V111/><F60/><W71/><G71/><T6/><D6/><AGARI ba="1,0" hai="4,6,33,34,35,80,86,87,88,90,94" m="43081" machi="6" ten="40,2600,0" yaku="11,1,54,1" doraHai="42" who="1" fromWho="0" sc="280,-29,250,29,230,0,240,0" /><INIT seed="1,0,0,2,4,22" ten="251,279,230,240" oya="1" hai0="133,109,105,123,36,74,34,88,52,42,117,126,33" hai1="128,24,94,50,78,103,129,121,85,58,43,127,119" hai2="27,9,40,120,72,10,57,64,132,90,134,41,49" hai3="8,86,1,67,79,97,118,69,104,13,124,3,75"/><U19/><E121/><V93/><F72/><W55/><G75/><T53/><RYUUKYOKU type="yao9" ba="0,0" sc="251,0,279,0,230,0,240,0" hai0="33,34,36,42,52,53,74,88,105,109,117,123,126,133" /><INIT seed="1,1,0,1,5,38" ten="251,279,230,240" oya="1" hai0="110,101,35,111,44,85,48,134,21,105,118,104,81" hai1="123,97,60,79,100,64,88,24,135,109,61,39,119" hai2="58,124,55,41,77,6,59,10,16,95,108,86,26" hai3="106,33,32,31,92,133,27,29,117,52,69,25,103"/><U90/><E123/><V76/><F108/><N who="0" m="41514" /><D118/><U7/><E119/><V96/><F124/><W74/><G117/><T99/><D35/><U94/><E109/><V107/><F107/><W56/><G69/><T126/><D126/><U115/><E115/><V68/><F68/><W114/><G114/><T15/><D134/><U14/><E135/><V73/><F73/><W120/><G120/><T28/><D105/><U122/><E122/><V127/><F127/><W89/><G74/><T13/><D21/><U87/><E39/><V47/><F86/><W57/><G133/><T63/><D63/><N who="1" m="24139" /><E64/><V40/><F47/><W130/><G130/><T3/><D28/><U98/><E24/><V4/><F77/><W19/><G19/><T93/><D3/><U121/><E121/><V53/><F76/><W78/><G78/><N who="0" m="46263" /><D104/><U62/><N who="1" m="24147" /><U75/><DORA hai="67" /><E75/><V36/><F36/><W71/><G71/><T102/><D102/><U1/><E1/><V125/><F125/><W132/><G132/><T91/><D101/><U83/><E98/><V50/><F26/><W112/><G112/><T0/><D0/><U70/><E70/><V12/><F96/><N who="3" m="57359" /><G103/><T49/><D49/><U131/><E131/><V84/><F84/><W46/><G106/><T128/><D128/><U80/><E80/><V72/><F72/><W54/><G27/><T116/><D116/><U11/><AGARI ba="1,0" hai="7,11,14,79,83,87,88,90,94,97,100" m="24147" machi="11" ten="40,3900,0" yaku="8,1,54,1" doraHai="38,67" who="1" fromWho="1" sc="251,-14,279,42,230,-14,240,-14" /><INIT seed="1,2,0,1,4,25" ten="237,321,216,226" oya="1" hai0="113,26,12,129,118,21,17,6,82,67,110,59,83" hai1="91,3,94,84,119,74,131,99,42,72,58,8,78" hai2="49,15,38,77,123,60,30,75,61,53,126,111,19" hai3="2,88,114,120,16,44,41,122,36,109,18,93,108"/><U33/><E33/><V9/><F123/><W39/><G114/><T132/><D118/><U46/><E119/><V55/><F38/><W7/><G7/><T76/><D113/><U106/><E131/><V125/><F111/><N who="3" m="42571" /><G2/><T87/><D110/><U27/><E58/><V86/><F75/><W73/><G73/><T47/><D129/><U117/><E117/><V51/><F30/><W5/><G5/><T95/><D132/><U130/><E130/><V134/><F134/><W0/><G0/><T64/><D47/><U28/><E8/><V24/><F24/><W70/><G70/><T115/><D115/><U31/><E3/><V90/><F77/><W32/><G39/><T10/><D82/><N who="1" m="45399" /><E27/><V65/><F49/><W35/><G35/><T20/><D95/><U66/><E66/><V80/><F55/><W121/><G32/><T13/><REACH who="0" step="1"/><D59/><REACH who="0" ten="227,321,216,226" step="2"/><U79/><E46/><N who="2" m="27895" /><F60/><W102/><G102/><T40/><D40/><U85/><E42/><V48/><F48/><W92/><G92/><T98/><D98/><AGARI ba="2,1" hai="16,18,36,41,44,88,93,98,120,121,122" m="42571" machi="98" ten="40,5200,0" yaku="14,1,54,2" doraHai="25" who="3" fromWho="0" sc="227,-58,321,0,216,0,226,68" /><INIT seed="2,0,0,5,5,71" ten="169,321,216,294" oya="2" hai0="84,37,102,77,47,52,120,119,116,68,22,121,123" hai1="28,11,32,100,31,87,45,129,92,135,97,14,134" hai2="98,113,25,94,61,130,95,48,65,122,114,30,19" hai3="110,111,106,80,38,93,91,74,128,54,33,115,105"/><V16/><F122/><W108/><G33/><T26/><D102/><U118/><E118/><N who="0" m="45097" /><D77/><U34/><E129/><V7/><F130/><W53/><G128/><T79/><D79/><U51/><E87/><V6/><F48/><W17/><G38/><T5/><D5/><N who="2" m="1546" /><F113/><W125/><G125/><T99/><D99/><U66/><E66/><V81/><F81/><W76/><G17/><N who="2" m="6729" /><F114/><W109/><N who="3" m="27648" /><DORA hai="96" /><W82/><G82/><T8/><D8/><U86/><E86/><V0/><F0/><W117/><G115/><T73/><D73/><U58/><E58/><N who="2" m="37047" /><F98/><N who="3" m="57663" /><G117/><T41/><D84/><U126/><E126/><V1/><F1/><W13/><G13/><T60/><D68/><U46/><E14/><V67/><F67/><W57/><G53/><T36/><D26/><U89/><E32/><V85/><F85/><W20/><G20/><AGARI ba="0,0" hai="20,25,30,94,95" m="37047,6729,1546" machi="20" ten="30,2900,0" yaku="8,1,54,1" doraHai="71,96" who="2" fromWho="3" sc="169,0,321,0,216,29,294,-29" /><INIT seed="2,1,0,3,1,113" ten="169,321,245,265" oya="2" hai0="16,98,106,48,122,124,12,37,100,65,55,112,103" hai1="46,57,84,32,110,24,83,121,71,75,45,8,88" hai2="15,73,29,41,20,26,3,79,38,50,129,105,115" hai3="116,4,86,85,126,76,134,10,52,43,61,111,69"/><V130/><F115/><W81/><G116/><T97/><D112/><U94/><E71/><V133/><F3/><W56/><G111/><T99/><D122/><U36/><E121/><V14/><F38/><W11/><G134/><T68/><D37/><U28/><E110/><V78/><F105/><W47/><G126/><T27/><D124/><U66/><E36/><V87/><F73/><W128/><G128/><N who="2" m="49257" /><F133/><W0/><G69/><T51/><D27/><U127/><E127/><V131/><F131/><W104/><G104/><T92/><D97/><U108/><E108/><V96/><F96/><W23/><G11/><T123/><D123/><U25/><E25/><V67/><F67/><W101/><G23/><T102/><D102/><U54/><E66/><V77/><F87/><W7/><G7/><T120/><D120/><U19/><E75/><V114/><F114/><W49/><REACH who="3" step="1"/><G101/><REACH who="3" ten="169,321,245,255" step="2"/><T6/><D6/><U74/><E8/><V117/><F117/><W63/><G63/><T18/><D18/><U17/><E19/><V9/><F9/><W109/><G109/><T30/><D30/><U91/><E17/><V58/><F20/><W95/><G95/><T53/><D16/><U44/><E28/><V125/><F125/><W34/><G34/><T90/><D103/><U119/><E119/><V5/><F5/><W107/><G107/><T64/><D12/><U118/><E118/><V62/><F29/><W89/><G89/><T21/><D21/><U1/><E32/><V132/><F26/><W2/><G2/><T33/><D33/><U72/><E24/><V59/><F14/><RYUUKYOKU ba="1,1" sc="169,-10,321,-10,245,-10,255,30" hai3="0,4,10,43,47,49,52,56,61,76,81,85,86" /><INIT seed="3,2,1,3,4,19" ten="159,311,235,285" oya="3" hai0="102,65,69,47,99,5,54,125,21,41,90,86,36" hai1="101,116,103,1,57,80,52,132,120,118,111,63,106" hai2="25,72,55,105,92,60,130,75,126,96,59,22,95" hai3="35,78,20,109,98,34,123,110,0,64,113,29,88"/><W131/><G113/><T115/><D125/><U74/><E111/><N who="3" m="42506" /><G123/><T58/><D115/><U117/><E120/><V70/><F105/><W129/><G0/><T13/><D5/><U39/><E132/><V30/><F126/><W40/><G78/><T97/><D102/><U4/><E39/><V104/><F130/><N who="3" m="49675" /><G40/><T16/><D65/><U67/><E106/><V24/><F104/><W128/><G64/><T38/><D69/><U44/><E4/><V11/><F70/><W8/><G8/><T100/><D100/><N who="1" m="38475" /><E1/><V2/><F11/><W112/><G112/><T91/><D36/><U9/><E9/><V122/><F2/><W93/><G128/><T3/><D3/><U124/><E124/><V46/><F122/><W31/><G20/><T48/><REACH who="0" step="1"/><D91/><REACH who="0" ten="149,311,235,285" step="2"/><U77/><E67/><V82/><F75/><W107/><G107/><T53/><D53/><U14/><E74/><V133/><F55/><W28/><AGARI ba="2,2" hai="28,29,31,34,35,88,93,98" m="49675,42506" machi="28" ten="40,12000,1" yaku="14,1,10,1,19,1,54,1" doraHai="19" who="3" fromWho="3" sc="149,-42,311,-42,235,-42,285,146" owari="107,-39.3,269,6.9,193,-20.7,431,53.1" /></mjloggm>