<mjloggm ver="2.3"><GO type="225" lobby="0"/><UN n0="%E3%81%AA%E3%81%A1%30%39%32%37" n1="%43%68%65" n2="%E3%81%82%E3%81%B9%E3%81%99%E3%81%91" n3="%E3%81%9D%E3%81%8A%E3%81%9D%E3%81%9D" dan="16,16,16,16" rate="2075.25,2170.88,2119.90,2069.34" sx="M,M,M,M"/><TAIKYOKU oya="0"/><INIT seed="0,0,0,3,0,25" ten="250,250,250,250" oya="0" hai0="132,61,129,29,75,24,52,74,26,8,59,42,11" hai1="12,95,36,54,46,77,64,35,84,103,0,68,88" hai2="96,49,60,57,40,91,50,19,58,117,134,2,44" hai3="85,131,15,32,10,104,108,51,81,7,110,118,9"/><T39/><D132/><U14/><E0/><V56/><F2/><W83/><G118/><T71/><D129/><U34/><E103/><V3/><F3/><W97/><G131/><T120/><D120/><U92/><E77/><V124/><F124/><W90/><G32/><T6/><D71/><U107/><E107/><V22/><F134/><W27/><G27/><T17/><D39/><U69/><E95/><N who="2" m="56447" /><F50/><W87/><G51/><T47/><D17/><U23/><E69/><V76/><F76/><W72/><G72/><T128/><D128/><U5/><E68/><V112/><F112/><W105/><G10/><T30/><D47/><U125/><E64/><N who="2" m="38919" /><F117/><W38/><G38/><T55/><D42/><U65/><E65/><V93/><F93/><W119/><G119/><T18/><D18/><U70/><E70/><V62/><BYE who="1" /><F62/><W66/><G66/><T126/><D126/><U111/><E111/><N who="3" m="42538" /><G97/><T1/><D1/><UN n1="%43%68%65" /><U78/><E125/><V106/><F106/><W100/><G100/><T94/><D94/><U89/><E36/><V67/><F67/><W31/><G31/><T21/><D55/><U20/><E54/><V41/><F41/><W135/><G135/><T99/><D99/><U82/><E35/><V98/><F98/><W33/><G33/><T79/><D79/><AGARI ba="0,0" hai="7,9,15,79,81,83,85,87,90,104,105" m="42538" machi="79" ten="30,1000,0" yaku="14,1" doraHai="25" who="3" fromWho="0" sc="250,-10,250,0,250,0,250,10" /><INIT seed="1,0,0,1,2,46" ten="240,250,250,260" oya="1" hai0="51,32,1,77,9,118,98,42,38,130,66,72,29" hai1="40,4,93,134,132,125,135,28,39,19,100,85,119" hai2="70,23,133,8,121,12,36,71,41,47,10,112,90" hai3="73,22,92,114,110,83,91,26,123,126,94,43,129"/><U15/><E119/><V63/><F121/><W18/><G123/><T67/><D118/><U102/><E125/><V25/><F133/><W88/><G114/><T122/><D122/><U128/><E128/><V11/><F112/><W124/><G129/><T57/><D130/><U30/><E4/><V17/><F63/><W48/><G73/><T58/><D98/><U76/><E39/><V59/><F59/><W31/><G31/><N who="1" m="11818" /><E40/><V14/><REACH who="2" step="1"/><F90/><REACH who="2" ten="240,250,240,260" step="2"/><W16/><G88/><T33/><D58/><U5/><E135/><V97/><F97/><W95/><G91/><T79/><D57/><U54/><E134/><V81/><F81/><W101/><G83/><T56/><D56/><U74/><E132/><V89/><F89/><W109/><G126/><T106/><D66/><U37/><E102/><V103/><F103/><W105/><G101/><T2/><D67/><U107/><E100/><V113/><F113/><W3/><G124/><T65/><D65/><U13/><E107/><V45/><F45/><W108/><G105/><T75/><D106/><U50/><E93/><V69/><AGARI ba="0,1" hai="8,10,11,12,14,17,23,25,36,41,47,69,70,71" machi="69" ten="40,5200,0" yaku="1,1,0,1,53,1" doraHai="46" doraHaiUra="20" who="2" fromWho="2" sc="240,-13,250,-26,240,62,260,-13" /><INIT seed="2,0,0,1,0,108" ten="227,224,302,247" oya="2" hai0="63,97,95,22,33,16,69,122,5,0,34,102,127" hai1="117,7,3,66,21,59,74,1,86,121,39,130,91" hai2="110,99,134,107,80,53,75,125,71,17,115,85,119" hai3="105,90,79,41,96,13,43,40,126,73,26,20,57"/><V52/><F119/><W106/><G126/><T128/><D122/><U37/><E117/><V19/><F71/><W116/><G116/><T51/><D127/><U112/><E74/><V29/><F125/><W10/><G73/><T4/><D128/><U9/><E112/><V93/><F115/><W36/><G79/><T118/><D118/><U61/><E3/><V129/><F107/><W46/><G57/><T101/><D101/><U15/><E130/><V55/><F134/><W135/><G135/><T50/><D69/><U62/><E121/><V64/><F64/><W45/><G90/><T84/><D63/><U14/><E62/><V42/><F42/><W120/><G120/><T48/><D84/><U92/><REACH who="1" step="1"/><E21/><REACH who="1" ten="227,214,302,247" step="2"/><V98/><F75/><W47/><G20/><T31/><D0/><U27/><E27/><V23/><F129/><W123/><G26/><T87/><D33/><U76/><E76/><V104/><F110/><W54/><G123/><T2/><D2/><U111/><E111/><V67/><F23/><W131/><G131/><T38/><D34/><U24/><E24/><V30/><F104/><W81/><G106/><T65/><D31/><U28/><E28/><V113/><F30/><W83/><G105/><T60/><D60/><U44/><E44/><V11/><F29/><W94/><G47/><T70/><D22/><U132/><E132/><V18/><F113/><W6/><G46/><T114/><D114/><U124/><E124/><V103/><F11/><W109/><G109/><T82/><D70/><U89/><E89/><V100/><F100/><N who="3" m="60439" /><G36/><AGARI ba="0,1" hai="1,7,9,14,15,36,37,39,59,61,66,86,91,92" machi="36" ten="40,8000,1" yaku="1,1,53,3" doraHai="108" doraHaiUra="68" who="1" fromWho="3" sc="227,0,214,90,302,0,247,-80" /><INIT seed="3,0,0,4,1,106" ten="227,304,302,167" oya="3" hai0="122,93,80,29,7,47,124,113,25,79,64,13,31" hai1="59,41,20,133,43,99,72,88,109,90,30,75,12" hai2="120,11,10,21,68,44,118,87,100,42,35,114,104" hai3="123,134,39,8,116,115,4,127,66,131,89,1,5"/><W65/><G123/><T40/><D122/><U19/><E109/><V57/><F118/><W97/><G116/><T61/><D124/><U33/><E133/><V101/><F35/><W130/><G115/><T74/><D113/><U125/><E125/><V60/><F114/><W85/><G127/><T26/><D7/><U84/><E75/><V94/><F68/><W9/><G134/><T78/><D13/><U105/><E72/><V71/><F71/><W48/><G97/><T32/><D93/><N who="1" m="56743" /><E33/><V129/><F129/><N who="3" m="49163" /><G48/><T126/><D78/><U24/><E59/><V132/><F104/><W107/><G107/><T69/><D126/><U16/><E105/><V98/><F132/><W76/><G76/><T54/><D54/><U38/><E38/><V70/><F70/><W27/><G27/><T73/><D73/><U56/><E56/><V18/><F101/><W14/><G39/><T0/><D0/><U112/><E112/><V117/><F87/><W63/><G63/><T83/><D79/><U77/><E77/><V67/><F117/><W95/><AGARI ba="0,0" hai="1,4,5,8,9,14,65,66,85,89,95" m="49163" machi="95" ten="30,1500,0" yaku="19,1" doraHai="106" who="3" fromWho="3" sc="227,-5,304,-5,302,-5,167,15" /><INIT seed="3,1,0,2,0,1" ten="222,299,297,182" oya="3" hai0="48,55,12,130,128,53,118,68,45,56,58,91,32" hai1="101,81,122,7,79,28,93,113,66,65,96,71,107" hai2="20,106,25,111,115,15,22,123,114,88,99,10,90" hai3="76,44,64,31,13,100,95,132,125,74,26,29,105"/><W126/><G105/><T134/><D32/><U135/><E113/><V63/><F111/><W108/><G108/><T133/><D91/><U54/><E122/><V47/><F123/><W86/><G74/><T57/><D12/><U6/><E135/><N who="0" m="51721" /><D68/><U36/><E36/><V18/><F22/><W46/><G132/><T98/><D98/><U73/><E73/><V40/><F63/><W37/><G37/><T102/><D102/><U50/><E28/><V119/><F119/><W27/><G64/><N who="1" m="24682" /><E71/><V2/><F2/><W60/><G60/><N who="0" m="35855" /><D118/><U127/><E127/><N who="3" m="48650" /><G13/><T17/><D17/><U43/><E107/><V78/><F106/><W11/><G11/><T30/><D30/><N who="3" m="11273" /><G100/><T84/><D84/><N who="1" m="48191" /><E43/><V33/><F40/><W121/><G121/><T39/><D39/><U112/><E112/><V5/><F15/><W70/><G70/><T61/><D61/><U0/><E0/><V19/><F10/><W87/><G95/><T49/><D49/><U110/><E110/><V24/><F115/><W131/><G131/><AGARI ba="1,0" hai="45,48,55,57,58,128,130,131" m="35855,51721" machi="131" ten="30,7700,0" yaku="19,1,20,1,34,2" doraHai="1" who="0" fromWho="3" sc="222,80,299,0,297,0,182,-80" owari="302,40.2,299,9.9,297,-10.3,102,-39.8" /></mjloggm>