<mjloggm ver="2.3"><GO type="225" lobby="0"/><UN n0="%4B%2E%32%2E%4B%2E" n1="%6E%69%63%6B%6C%6F%77" n2="%E6%80%AA%E3%81%97%E3%81%99%E3%81%8E%E3%82%8B%E3%83%81%E3%83%BC" n3="%E9%89%A2%E5%B7%BB%E3%82%AC%E3%83%96" dan="16,16,16,16" rate="2056.81,2099.39,2144.09,2042.72" sx="M,F,M,M"/><TAIKYOKU oya="0"/><INIT seed="0,0,0,5,3,126" ten="250,250,250,250" oya="0" hai0="9,96,131,69,28,57,89,77,82,36,95,70,49" hai1="133,27,56,129,54,20,8,127,24,41,52,33,80" hai2="135,58,38,3,46,81,88,101,0,60,40,35,10" hai3="75,64,79,4,99,15,29,66,114,68,93,115,90"/><T34/><D36/><U63/><E127/><V48/><F135/><W11/><G68/><T103/><D131/><U107/><E107/><V124/><F35/><W74/><G29/><T2/><D34/><U104/><E104/><V23/><F124/><W18/><G79/><T110/><D28/><U45/><E133/><V39/><F101/><W42/><G42/><T108/><D103/><U5/><E33/><V62/><F23/><W112/><REACH who="3" step="1"/><G4/><REACH who="3" ten="250,250,250,240" step="2"/><N who="0" m="1175" /><D70/><U44/><E41/><V119/><F40/><W122/><G122/><T19/><D69/><U109/><E5/><V105/><F119/><W51/><G51/><T100/><D19/><U22/><E63/><V65/><F48/><W32/><G32/><T30/><D30/><U53/><E109/><N who="0" m="42089" /><D49/><U6/><E6/><V61/><F39/><W31/><G31/><T125/><D125/><U86/><E56/><V102/><F58/><W121/><G121/><T92/><D57/><U73/><E73/><AGARI ba="0,1" hai="11,15,18,64,66,73,74,75,90,93,99,112,114,115" machi="73" ten="50,3200,0" yaku="1,1,53,1" doraHai="126" doraHaiUra="12" who="3" fromWho="1" sc="250,0,250,-32,250,0,240,42" /><INIT seed="1,0,0,3,5,109" ten="250,218,250,282" oya="1" hai0="43,91,116,12,44,115,14,8,112,1,128,62,26" hai1="108,27,132,57,118,80,78,36,95,46,111,9,60" hai2="3,48,71,59,20,124,130,24,58,19,119,117,103" hai3="66,13,122,125,16,86,52,77,127,93,92,28,17"/><U81/><E118/><V37/><F37/><W4/><G122/><T107/><D107/><U67/><E132/><V104/><F71/><W106/><G106/><T5/><D116/><U85/><E27/><V70/><F70/><W6/><G66/><T33/><D128/><U10/><E95/><N who="3" m="36426" /><G28/><T69/><D91/><U94/><E94/><V23/><F3/><W131/><G131/><T135/><D135/><U100/><E100/><V64/><F130/><W87/><G17/><T18/><D69/><U76/><E46/><V41/><F124/><N who="3" m="47691" /><G52/><T34/><D62/><U11/><REACH who="1" step="1"/><E36/><REACH who="1" ten="250,208,250,282" step="2"/><V83/><F117/><W102/><G102/><T74/><D26/><U72/><AGARI ba="0,1" hai="9,10,11,57,60,67,72,76,78,80,81,85,108,111" machi="72" ten="30,6000,0" yaku="1,1,2,1,0,1,53,0" doraHai="109" doraHaiUra="96" who="1" fromWho="1" sc="250,-20,208,70,250,-20,282,-20" /><INIT seed="1,1,0,5,4,76" ten="230,278,230,262" oya="1" hai0="20,123,32,16,30,97,122,0,104,109,58,70,51" hai1="1,91,105,96,119,73,113,52,103,63,69,60,5" hai2="83,59,12,129,80,62,89,21,101,36,25,31,33" hai3="84,79,18,128,99,75,57,13,115,94,53,47,93"/><U74/><E113/><V34/><F36/><W88/><G115/><T49/><D70/><U28/><E119/><V40/><F129/><W43/><G128/><T11/><D109/><U134/><E134/><V15/><F40/><W82/><G43/><T92/><D104/><U78/><E28/><V121/><F121/><N who="0" m="46090" /><D32/><U86/><E69/><V110/><F110/><W131/><G47/><T132/><D132/><U125/><E63/><V106/><F33/><W24/><G24/><N who="0" m="16647" /><D58/><U116/><E125/><V64/><F89/><W66/><G66/><T54/><D54/><U107/><E107/><V67/><F67/><W130/><G53/><T50/><D16/><U100/><E103/><V48/><F48/><W42/><G57/><T38/><D38/><U117/><E52/><V90/><F90/><W19/><G42/><T9/><D0/><U8/><E60/><V126/><F126/><W27/><G27/><T114/><D114/><U61/><E61/><V111/><F111/><W26/><G26/><T87/><D87/><U95/><REACH who="1" step="1"/><E73/><REACH who="1" ten="230,268,230,262" step="2"/><V68/><F68/><W55/><G55/><T56/><D56/><U3/><E3/><V120/><F120/><W45/><G45/><T23/><D23/><U71/><E71/><V46/><F21/><W85/><G75/><T17/><D49/><U7/><E7/><V2/><F2/><W118/><G118/><T22/><D50/><U41/><E41/><V108/><F108/><W124/><G124/><T77/><D51/><U133/><E133/><V39/><F101/><N who="3" m="60655" /><G19/><T37/><D17/><U98/><E98/><V14/><F106/><RYUUKYOKU ba="1,1" sc="230,-30,268,10,230,10,262,10" hai1="1,5,8,74,78,86,91,95,96,100,105,116,117" hai2="12,14,15,25,31,34,39,46,59,62,64,80,83" hai3="13,18,79,82,84,85,88,94,130,131" /><INIT seed="1,2,1,0,2,110" ten="200,278,240,272" oya="1" hai0="44,15,114,87,16,133,34,81,59,134,52,28,107" hai1="97,93,76,31,70,102,21,67,86,73,131,101,6" hai2="38,80,104,8,57,88,27,96,20,24,132,83,23" hai3="7,74,62,92,43,18,71,22,48,65,32,49,90"/><U94/><E70/><V29/><F38/><W105/><G32/><T53/><D107/><U120/><E6/><V11/><F132/><N who="0" m="50794" /><D114/><U58/><E120/><V51/><F104/><W64/><G105/><T128/><D128/><U109/><E131/><V112/><F112/><W33/><G33/><T4/><D4/><U91/><E73/><V46/><F57/><W9/><G74/><T82/><D44/><U54/><E109/><V63/><F63/><W61/><G43/><T126/><D126/><U47/><E47/><V5/><F5/><W3/><G62/><N who="0" m="36199" /><D53/><U116/><E76/><V69/><F69/><W111/><G64/><T121/><D121/><U77/><E77/><V25/><F83/><W124/><G124/><T117/><D117/><U10/><E67/><V40/><F24/><W129/><G111/><T17/><D87/><U125/><E10/><V103/><F103/><W119/><G119/><T106/><D106/><U118/><E125/><V2/><F2/><W35/><G129/><T127/><D127/><U108/><E108/><V89/><F80/><N who="0" m="30826" /><D15/><U135/><E135/><V26/><F26/><AGARI ba="2,1" hai="16,17,26,28,34" m="30826,36199,50794" machi="26" ten="30,3900,0" yaku="20,1,54,2" doraHai="110" who="0" fromWho="2" sc="200,55,278,0,240,-45,272,0" /><INIT seed="2,0,0,4,2,51" ten="255,278,195,272" oya="2" hai0="109,2,35,92,122,82,45,123,108,79,74,44,131" hai1="50,87,41,55,97,128,57,42,12,96,100,89,116" hai2="11,58,23,36,20,17,84,53,107,121,95,56,62" hai3="61,49,63,31,101,125,134,99,73,15,91,80,113"/><V33/><F33/><W28/><G125/><T69/><D69/><U114/><E114/><V10/><F107/><W48/><G134/><T19/><D2/><U26/><E128/><V34/><F34/><W64/><G113/><T60/><D35/><U32/><E116/><V85/><F36/><W94/><G61/><T129/><D60/><U115/><E115/><V93/><F121/><N who="0" m="46090" /><D19/><U105/><E96/><V9/><F58/><W81/><G15/><T1/><D1/><U83/><REACH who="1" step="1"/><E12/><REACH who="1" ten="255,268,195,272" step="2"/><N who="2" m="9255" /><F23/><W3/><G99/><T72/><D131/><U110/><E110/><V67/><F67/><W18/><G64/><T98/><D129/><U29/><AGARI ba="0,1" hai="26,29,32,41,42,50,55,57,83,87,89,97,100,105" machi="29" ten="30,4000,0" yaku="1,1,0,1,52,1,53,0" doraHai="51" doraHaiUra="106" who="1" fromWho="1" sc="255,-10,268,50,195,-20,272,-10" /><INIT seed="3,0,0,1,1,61" ten="245,318,175,262" oya="3" hai0="83,66,103,127,77,58,116,2,54,36,40,74,80" hai1="134,104,5,75,8,133,3,41,25,79,60,122,125" hai2="52,100,32,68,91,4,117,76,46,21,109,18,9" hai3="121,28,81,95,78,131,130,118,0,113,67,89,12"/><W50/><G121/><T45/><D116/><U72/><E122/><V105/><F32/><W119/><G113/><T70/><D127/><U19/><E125/><V97/><F117/><W94/><G0/><T85/><D2/><U22/><E104/><V27/><F109/><W87/><G28/><T42/><D103/><U96/><E96/><V124/><F124/><W111/><G50/><T63/><D42/><U49/><E60/><V135/><F135/><N who="1" m="51721" /><E79/><V15/><F76/><W29/><G29/><T98/><D98/><U99/><E99/><V20/><F20/><W35/><G35/><T11/><D11/><U43/><E49/><V64/><F91/><W106/><G12/><T112/><D112/><U23/><E23/><V44/><REACH who="2" step="1"/><F52/><REACH who="2" ten="245,318,165,262" step="2"/><W73/><G111/><T93/><D54/><U128/><E128/><N who="3" m="49194" /><G119/><T47/><D77/><U10/><E10/><V102/><F102/><W51/><G118/><T123/><D123/><U33/><E33/><V71/><F71/><W26/><G89/><T132/><D70/><U57/><E57/><V34/><F34/><W7/><G78/><T88/><D132/><U59/><E59/><V126/><F126/><W69/><G69/><T37/><D74/><AGARI ba="0,1" hai="3,5,8,19,22,25,41,43,72,74,75" m="51721" machi="74" ten="30,1000,0" yaku="20,1" doraHai="61" who="1" fromWho="0" sc="245,-10,318,20,165,0,262,0" owari="235,-16.5,338,43.8,165,-33.5,262,6.2" /></mjloggm>