<mjloggm ver="2.3"><GO type="225" lobby="0"/><UN n0="%E6%9D%B1%E9%A2%A8%E3%81%AE%E3%81%8D%E3%82%83%E3%81%B7%E3%81%95%E3%82%93" n1="%E6%B8%A9%E2%98%85%E6%83%85%E2%98%85%E6%8E%AA%E2%98%85%E7%BD%AE" n2="%E3%82%B4%E3%83%AA%E3%83%91%E3%83%A9" n3="%E3%82%BF%E3%83%BC%E3%83%90%E3%83%B3%E9%87%8E%E5%8F%A3" dan="17,17,16,16" rate="2237.77,2252.16,2154.74,2113.03" sx="M,M,M,M"/><TAIKYOKU oya="0"/><INIT seed="0,0,0,5,1,132" ten="250,250,250,250" oya="0" hai0="3,128,38,17,86,107,11,98,101,74,130,85,117" hai1="6,88,34,102,25,111,125,69,57,109,45,104,61" hai2="93,97,7,116,46,55,80,100,20,5,118,33,87" hai3="134,91,23,131,24,26,133,18,84,113,73,56,0"/><T2/><D38/><U108/><E69/><V94/><F33/><W9/><G73/><T64/><D64/><U71/><E71/><V1/><F1/><N who="0" m="10" /><D74/><U72/><E72/><V124/><F20/><W12/><G113/><T63/><D63/><U70/><E70/><V92/><F55/><W40/><G131/><N who="0" m="50219" /><D117/><N who="2" m="45162" /><F46/><W21/><G40/><T67/><D67/><U36/><E6/><N who="2" m="2059" /><F124/><W54/><G0/><T96/><D96/><N who="1" m="61511" /><E125/><V15/><F15/><AGARI ba="0,0" hai="11,15,17,85,86,98,101,107" m="50219,10" machi="15" ten="30,1500,0" yaku="19,1" doraHai="132" who="0" fromWho="2" sc="250,15,250,0,250,-15,250,0" /><INIT seed="0,1,0,1,0,130" ten="265,250,235,250" oya="0" hai0="127,119,64,125,75,61,60,33,54,101,66,1,22" hai1="72,108,15,124,24,49,37,85,113,122,48,38,35" hai2="132,12,28,31,97,5,117,65,86,107,111,96,17" hai3="131,80,32,3,78,57,94,93,30,109,16,126,134"/><T77/><D33/><U110/><E72/><V29/><F111/><N who="1" m="42537" /><E122/><V81/><F117/><W128/><G109/><T114/><D1/><U10/><E124/><N who="0" m="47689" /><D101/><U71/><E71/><V19/><F107/><W121/><G126/><T112/><D22/><U26/><E113/><N who="0" m="43625" /><D77/><U14/><E85/><V105/><F105/><W88/><G3/><T52/><D75/><U25/><E35/><V102/><F65/><N who="0" m="25194" /><D119/><U46/><E15/><V69/><F102/><W82/><G32/><T34/><D34/><U55/><E48/><V11/><F69/><W133/><G30/><T135/><D135/><N who="3" m="51721" /><G121/><T44/><D44/><U47/><E46/><V104/><F132/><W118/><G118/><T103/><D103/><U70/><E70/><V68/><F68/><W58/><G16/><AGARI ba="1,0" hai="10,14,16,24,25,26,37,38,47,49,55" m="42537" machi="16" ten="30,2000,0" yaku="14,1,54,1" doraHai="130" who="1" fromWho="3" sc="265,0,250,23,235,0,250,-23" /><INIT seed="1,0,0,1,4,48" ten="265,273,235,227" oya="1" hai0="0,42,102,135,3,69,120,89,9,36,96,103,121" hai1="97,8,19,58,65,111,62,90,105,79,47,46,41" hai2="37,83,38,67,98,64,6,4,95,51,33,94,45" hai3="55,7,18,13,26,28,123,53,76,114,104,88,24"/><U108/><E79/><V74/><F33/><W112/><G123/><N who="0" m="47179" /><D69/><U57/><E57/><V66/><F74/><W14/><G104/><T32/><D32/><U59/><E59/><V34/><F34/><W115/><G76/><T100/><D135/><U15/><E41/><V29/><F83/><W23/><G7/><T11/><D42/><U78/><E78/><V80/><F80/><W118/><G118/><T125/><D36/><U113/><E113/><V119/><F29/><W81/><G13/><T106/><D125/><U92/><REACH who="1" step="1"/><E105/><REACH who="1" ten="265,263,235,227" step="2"/><V54/><F119/><W99/><G26/><T72/><D106/><U61/><E61/><V70/><F70/><W68/><G68/><T127/><D127/><U60/><E60/><V93/><F38/><W43/><G43/><T35/><D35/><U117/><E117/><V30/><F37/><W71/><G71/><T84/><D72/><U44/><AGARI ba="0,1" hai="8,15,19,44,46,47,58,62,65,90,92,97,108,111" machi="44" ten="30,3000,0" yaku="1,1,0,1,53,0" doraHai="48" doraHaiUra="17" who="1" fromWho="1" sc="265,-10,263,40,235,-10,227,-10" /><INIT seed="1,1,0,2,0,44" ten="255,303,225,217" oya="1" hai0="75,52,105,55,50,106,54,14,135,130,18,68,46" hai1="48,22,20,49,43,120,32,82,74,92,117,103,125" hai2="95,31,26,59,29,4,51,17,78,88,83,102,60" hai3="28,33,2,129,76,21,72,47,128,108,39,69,42"/><U40/><E32/><V27/><F4/><W85/><G21/><N who="1" m="8298" /><E74/><V36/><F36/><W41/><G85/><T0/><D0/><U35/><E35/><V10/><F102/><W115/><G41/><N who="1" m="15946" /><E117/><V71/><F71/><W25/><G115/><T109/><D68/><U66/><E120/><V57/><F83/><N who="3" m="45447" /><G108/><T97/><D75/><U45/><E125/><V67/><F78/><W1/><G69/><T133/><D130/><AGARI ba="1,0" hai="1,2,25,28,33,39,42,47,128,129,130" m="45447" machi="130" ten="30,2000,0" yaku="19,1,23,1" doraHai="44" who="3" fromWho="0" sc="255,-23,303,0,225,0,217,23" /><INIT seed="2,0,0,5,3,121" ten="232,303,225,240" oya="2" hai0="31,102,81,70,5,47,16,22,21,0,86,110,123" hai1="84,32,89,8,60,9,19,92,56,26,24,134,74" hai2="64,67,59,36,38,109,6,57,75,99,12,107,132" hai3="105,62,79,122,50,30,34,127,52,113,61,73,119"/><V15/><F75/><W20/><G122/><T7/><D70/><U63/><E134/><V103/><F132/><W118/><G105/><T98/><D123/><U1/><E74/><V71/><F71/><W27/><G127/><T80/><D0/><U68/><E1/><V128/><F128/><W90/><G113/><T28/><D47/><U65/><E32/><V23/><F6/><W104/><G104/><T125/><D86/><U108/><E108/><V48/><F109/><W114/><G114/><T33/><D98/><U106/><E106/><V135/><F135/><W69/><G79/><T88/><D102/><U97/><E84/><V94/><F107/><W126/><G73/><T58/><D58/><U53/><E26/><V10/><F10/><W43/><G43/><T17/><D33/><U112/><E112/><V3/><F3/><W4/><G4/><T133/><D133/><U66/><E66/><N who="2" m="25131" /><F38/><W29/><G126/><T14/><D14/><N who="2" m="5162" /><F36/><W18/><G69/><T39/><D39/><U116/><E116/><N who="3" m="44586" /><G34/><T93/><D125/><U37/><E37/><V82/><F82/><W11/><G11/><T44/><D110/><U130/><E130/><V45/><F23/><AGARI ba="0,0" hai="8,9,19,23,24,53,56,60,63,65,68,89,92,97" machi="23" ten="40,2600,0" yaku="25,2" doraHai="121" who="1" fromWho="2" sc="232,0,303,26,225,-26,240,0" /><INIT seed="3,0,0,2,0,37" ten="232,329,199,240" oya="3" hai0="67,61,90,78,97,69,133,84,83,124,35,21,9" hai1="30,10,102,43,7,4,98,121,62,113,41,72,64" hai2="22,46,63,49,51,66,6,40,76,12,125,111,107" hai3="27,1,17,85,47,123,28,59,101,42,100,73,34"/><W88/><G73/><T80/><D35/><U20/><E72/><V86/><F111/><W112/><G112/><T44/><D133/><U74/><E74/><V129/><F125/><W128/><G123/><T19/><D124/><U114/><E121/><V91/><F129/><W108/><G128/><T126/><D126/><U122/><E122/><V103/><F76/><W32/><G32/><T118/><D118/><U94/><E114/><V105/><F49/><W99/><G99/><T134/><D134/><U38/><E38/><V77/><F103/><W109/><G59/><T92/><D83/><U70/><E7/><V16/><F77/><W13/><G1/><T81/><D81/><U120/><E120/><V127/><F6/><W57/><G57/><T68/><D9/><U53/><E53/><V135/><F135/><W131/><G131/><T0/><D0/><U54/><E54/><V33/><F33/><W87/><G17/><T36/><D36/><U93/><E93/><V89/><F127/><W110/><G13/><T116/><D116/><U48/><E48/><V117/><F117/><W65/><G65/><T52/><D52/><U130/><E113/><V50/><F50/><N who="3" m="26999" /><G85/><T132/><D132/><U115/><E130/><V23/><F23/><W2/><G2/><T18/><D69/><U5/><E115/><V79/><F79/><W8/><G8/><T31/><D44/><U55/><E55/><V95/><F91/><W29/><G28/><T106/><D106/><U15/><E5/><V75/><F75/><W119/><G119/><T39/><D39/><U14/><E30/><RYUUKYOKU ba="0,0" sc="232,0,329,0,199,0,240,0" hai0="18,19,21,31,61,67,68,78,80,84,90,92,97" hai1="4,10,14,15,20,41,43,62,64,70,94,98,102" hai2="12,16,22,40,46,51,63,66,86,89,95,105,107" hai3="27,29,34,87,88,100,101,108,109,110" /><INIT seed="3,1,0,1,2,31" ten="232,329,199,240" oya="3" hai0="85,81,128,58,5,1,75,90,108,10,11,48,101" hai1="3,25,61,88,64,29,93,41,4,86,39,57,94" hai2="23,79,54,104,50,105,76,74,92,20,0,114,98" hai3="8,63,42,17,24,52,96,27,55,38,78,121,51"/><W132/><G121/><T60/><D108/><U123/><E123/><V32/><F0/><W66/><G132/><T112/><D128/><U12/><E3/><V37/><F114/><W129/><G129/><T135/><D135/><U97/><E41/><V91/><F37/><W118/><G118/><T77/><D112/><U99/><E39/><V62/><F62/><W30/><G78/><T82/><D101/><U26/><E29/><V59/><F32/><W117/><G38/><T113/><D113/><U95/><E99/><V47/><F47/><N who="3" m="26103" /><G96/><T73/><D11/><N who="1" m="4199" /><E95/><V133/><F133/><W100/><G100/><AGARI ba="1,0" hai="25,26,57,61,64,86,88,93,94,97,100" m="4199" machi="100" ten="30,2000,0" yaku="8,1,54,1" doraHai="31" who="1" fromWho="3" sc="232,0,329,23,199,0,240,-23" owari="232,3.2,352,45.2,199,-30.1,217,-18.3" /></mjloggm>