<mjloggm ver="2.3"><GO type="225" lobby="0"/><UN n0="%6B%75%7A%75%6E" n1="%E3%81%99%E3%81%84%E3%81%BE%E3%81%9B%E3%83%BC%E3%82%93" n2="%E6%A1%9C%E8%8A%B1%E9%96%83%E3%80%85" n3="%E3%82%A2%E3%83%BC%E3%83%A2%E3%83%AD%E3%83%BC%E3%83%B4%E3%82%A1" dan="17,17,16,16" rate="2180.02,2260.55,2076.90,2189.33" sx="M,M,M,M"/><TAIKYOKU oya="0"/><INIT seed="0,0,0,3,0,127" ten="250,250,250,250" oya="0" hai0="134,33,79,104,69,92,17,25,36,125,97,51,126" hai1="19,112,115,23,118,0,61,59,102,10,49,46,77" hai2="106,30,37,1,90,132,44,45,64,105,129,2,93" hai3="28,18,122,128,66,7,31,26,94,87,82,55,95"/><T38/><D69/><U42/><E118/><V123/><F123/><W54/><G122/><T98/><D134/><U68/><E68/><V14/><F132/><W8/><G66/><T34/><D79/><U12/><E77/><V101/><F64/><W130/><G18/><T120/><D120/><U124/><E102/><V110/><F110/><W99/><G54/><T41/><D104/><U29/><E124/><N who="0" m="47721" /><D17/><U119/><E119/><V113/><F113/><N who="1" m="43593" /><E0/><V53/><F30/><N who="3" m="11307" /><G55/><T131/><D25/><N who="1" m="16575" /><E59/><V86/><F105/><W121/><G26/><T78/><D78/><U83/><E83/><V88/><F106/><W21/><G21/><T135/><D135/><U43/><E61/><V47/><F101/><W71/><G71/><T6/><D6/><U48/><E43/><V27/><F27/><W40/><G40/><T89/><D98/><U117/><E117/><V35/><F1/><N who="3" m="111" /><G99/><T16/><D16/><U57/><E57/><V65/><F2/><W67/><G67/><T39/><D41/><U107/><E107/><V116/><F116/><W73/><G73/><T100/><D100/><U32/><E32/><N who="0" m="12393" /><D51/><AGARI ba="0,0" hai="10,12,19,42,46,48,49,51" m="16575,43593" machi="51" ten="30,1000,0" yaku="11,1" doraHai="127" who="1" fromWho="0" sc="250,-10,250,10,250,0,250,0" /><INIT seed="1,0,0,0,4,34" ten="240,260,250,250" oya="1" hai0="23,7,28,95,4,104,76,116,119,134,103,101,5" hai1="24,12,8,48,14,90,63,72,20,114,67,66,31" hai2="46,15,16,26,132,18,64,27,75,47,129,68,51" hai3="70,13,105,82,21,11,32,100,115,130,9,49,38"/><U41/><E114/><V69/><F129/><W96/><G115/><T30/><D23/><U60/><E72/><V2/><F75/><W29/><G38/><T93/><D104/><U84/><E41/><V126/><F126/><W58/><G70/><T131/><D131/><U3/><E48/><V59/><F132/><W77/><G130/><T61/><D61/><N who="1" m="23627" /><E3/><V124/><F124/><W120/><G120/><T112/><D112/><U102/><E102/><V6/><F59/><W88/><G32/><T86/><D86/><U42/><E42/><V44/><F51/><W52/><G88/><T133/><REACH who="0" step="1"/><D7/><REACH who="0" ten="230,260,250,250" step="2"/><N who="1" m="3103" /><E14/><V128/><F15/><W50/><G13/><T125/><D125/><U79/><E79/><AGARI ba="0,1" hai="4,5,28,30,76,79,93,95,101,103,116,119,133,134" machi="79" ten="25,3200,0" yaku="1,1,22,2,53,0" doraHai="34" doraHaiUra="33" who="0" fromWho="1" sc="230,42,260,-32,250,0,250,0" /><INIT seed="2,0,0,5,5,4" ten="272,228,250,250" oya="2" hai0="120,16,101,8,115,27,80,72,29,65,119,45,74" hai1="68,36,100,133,87,17,18,83,73,9,12,6,62" hai2="86,85,28,39,64,110,81,63,126,54,77,37,25" hai3="30,96,69,23,20,123,33,130,22,66,116,121,102"/><V112/><F112/><W48/><G116/><T31/><D120/><U56/><E133/><V35/><F126/><W43/><G43/><T59/><D115/><U132/><E132/><V135/><F135/><W42/><G42/><T53/><D119/><U10/><E36/><V89/><F110/><W111/><G48/><N who="0" m="28815" /><D72/><U91/><E68/><V51/><F85/><W47/><G47/><T118/><D74/><U14/><E73/><V34/><F77/><W40/><G40/><T46/><D101/><U32/><E32/><V60/><F35/><W75/><G75/><T79/><D46/><U88/><E100/><V11/><F11/><W105/><G130/><T127/><D127/><U106/><E106/><V131/><F131/><W26/><REACH who="3" step="1"/><G111/><REACH who="3" ten="272,228,250,240" step="2"/><T114/><D118/><U125/><E125/><V21/><F39/><W108/><G108/><T99/><D114/><U109/><E109/><V103/><F37/><W58/><G58/><T1/><D59/><U52/><E6/><V107/><F51/><W61/><AGARI ba="0,1" hai="20,22,23,26,30,33,61,66,69,96,102,105,121,123" machi="61" ten="30,7900,0" yaku="1,1,0,1,25,2,53,0" doraHai="4" doraHaiUra="44" who="3" fromWho="3" sc="272,-20,228,-20,250,-39,240,89" /><INIT seed="3,0,0,4,3,116" ten="252,208,211,329" oya="3" hai0="16,0,133,50,64,25,80,8,93,54,95,62,28" hai1="9,84,88,131,61,11,6,82,96,113,92,75,15" hai2="128,71,1,115,41,27,105,2,91,132,34,4,60" hai3="36,123,77,87,52,94,126,29,134,103,69,124,51"/><W63/><G123/><T57/><D133/><U85/><E113/><V111/><F115/><W101/><G36/><T65/><D65/><U129/><E61/><V53/><F132/><W33/><G134/><T76/><D0/><U31/><E31/><N who="2" m="19839" /><F53/><W135/><G135/><T67/><D67/><U38/><E38/><V17/><F91/><N who="3" m="53631" /><G77/><T37/><D37/><U121/><E121/><V119/><F17/><W39/><G39/><T45/><D28/><U10/><E75/><V90/><F41/><W44/><G63/><T24/><D25/><U106/><E106/><V122/><F111/><W79/><G79/><T110/><D110/><U32/><E32/><V42/><F128/><N who="1" m="49225" /><E85/><V12/><F12/><W104/><G104/><T89/><D89/><AGARI ba="0,0" hai="6,9,10,11,15,82,84,88,89,92,96" m="49225" machi="89" ten="30,2000,0" yaku="19,1,54,1" doraHai="116" who="1" fromWho="0" sc="252,-20,208,20,211,0,329,0" owari="232,3.2,228,-17.2,211,-28.9,329,42.9" /></mjloggm>