<mjloggm ver="2.3"><GO type="225" lobby="0"/><UN n0="%E6%A0%B9%E5%85%83%E3%81%8B%E3%82%89%E5%90%B9%E3%81%A3%E9%A3%9B%E3%81%B6" n1="%E3%81%95%E3%81%8D%E3%81%9F%E3%81%BE%E6%9E%97%E6%AA%8E" n2="%E3%81%A1%E3%82%85%E3%81%86%E3%81%A9%E3%81%8F%E8%B1%A1%E3%81%95%E3%82%93" n3="%E3%81%9F%E3%81%93%E2%98%86%E7%84%BC%E3%81%8D" dan="16,16,17,16" rate="2173.38,2142.17,2204.91,2113.92" sx="F,M,M,M"/><TAIKYOKU oya="0"/><INIT seed="0,0,0,4,1,22" ten="250,250,250,250" oya="0" hai0="109,102,133,63,4,135,86,56,0,16,104,37,130" hai1="6,85,23,40,19,12,97,76,89,53,70,128,17" hai2="108,43,105,25,77,2,27,24,33,80,61,83,114" hai3="75,20,78,120,11,119,50,121,44,123,125,8,115"/><T34/><D130/><U72/><E70/><V93/><F114/><W32/><G115/><T91/><D37/><U82/><E128/><V129/><F105/><W49/><G119/><T110/><D4/><U47/><E53/><V51/><F129/><W99/><G32/><T71/><D0/><U111/><E111/><N who="0" m="42505" /><D34/><U95/><E6/><V126/><F108/><W66/><G66/><N who="0" m="39271" /><D71/><U74/><REACH who="1" step="1"/><E19/><REACH who="1" ten="250,240,250,250" step="2"/><V67/><F2/><W122/><G123/><T29/><D16/><U132/><E132/><N who="0" m="50761" /><D29/><U60/><E60/><V28/><F28/><W117/><G122/><T46/><D46/><U59/><E59/><V54/><F33/><W41/><G44/><T62/><D62/><U106/><E106/><V92/><F61/><W101/><G121/><T113/><D113/><U48/><AGARI ba="0,1" hai="12,17,23,40,47,48,72,74,76,82,85,89,95,97" machi="48" ten="20,2700,0" yaku="1,1,0,1,7,1,53,0" doraHai="22" doraHaiUra="98" who="1" fromWho="1" sc="250,-13,240,37,250,-7,250,-7" /><INIT seed="1,0,0,0,5,83" ten="237,277,243,243" oya="1" hai0="133,65,47,5,105,92,40,24,41,134,16,17,57" hai1="8,120,4,80,15,115,27,84,6,42,123,20,51" hai2="104,106,56,34,122,55,10,132,54,29,38,101,14" hai3="73,62,33,124,110,60,102,21,2,70,68,88,43"/><U116/><E115/><V22/><F122/><W85/><G73/><T63/><D105/><U99/><E116/><V69/><F69/><W103/><G33/><T135/><D5/><U19/><E6/><V90/><F38/><W131/><G2/><T32/><D92/><U30/><E30/><V93/><F34/><W66/><G110/><T72/><D72/><U117/><E117/><V64/><F132/><W96/><G43/><T125/><D125/><U78/><REACH who="1" step="1"/><E99/><REACH who="1" ten="237,267,243,243" step="2"/><V18/><F29/><W45/><G96/><T119/><D119/><U39/><E39/><V13/><F18/><W1/><G124/><T129/><D17/><U113/><E113/><V91/><F104/><W61/><G1/><T126/><D126/><U75/><E75/><V46/><F106/><W118/><G118/><T128/><D16/><U109/><E109/><V112/><F112/><W26/><G131/><T127/><D127/><U31/><E31/><V28/><F28/><W107/><G107/><T11/><D128/><U98/><E98/><V97/><F97/><W37/><G103/><T23/><D129/><U35/><E35/><V25/><F101/><W94/><G102/><T58/><D32/><U130/><E130/><V50/><F22/><W12/><G21/><T71/><D23/><U0/><E0/><V9/><F9/><W49/><G37/><T86/><D134/><U111/><E111/><V53/><F10/><W95/><G12/><T67/><D135/><U121/><E121/><V7/><F13/><W108/><G108/><T100/><D133/><U3/><E3/><V44/><F14/><RYUUKYOKU ba="0,1" sc="237,-10,267,30,243,-10,243,-10" hai1="4,8,15,19,20,27,42,51,78,80,84,120,123" /><INIT seed="1,1,1,4,1,129" ten="227,297,233,233" oya="1" hai0="80,49,33,133,70,89,12,37,18,103,97,83,77" hai1="7,98,34,67,27,102,111,65,62,46,42,38,108" hai2="92,14,23,91,2,86,76,90,47,53,43,73,24" hai3="4,31,79,68,55,118,54,19,120,88,56,128,63"/><U124/><E124/><V93/><F2/><W25/><G128/><T60/><D37/><U13/><E13/><V96/><F14/><W44/><G68/><T36/><D36/><U8/><E8/><V11/><F11/><W85/><G79/><T101/><D33/><U117/><E7/><V6/><F6/><W107/><G107/><T109/><D133/><U131/><E131/><V69/><F69/><W119/><G120/><T52/><D109/><N who="1" m="42059" /><E117/><N who="3" m="44554" /><G4/><T59/><D89/><U132/><E132/><V48/><F73/><W130/><G130/><T105/><D103/><U75/><E75/><V66/><F66/><N who="3" m="39271" /><G44/><T29/><D77/><U61/><E62/><V106/><F76/><W100/><G100/><T26/><D70/><U110/><N who="1" m="42067" /><U78/><DORA hai="121" /><E78/><V16/><REACH who="2" step="1"/><F106/><REACH who="2" ten="227,297,223,233" step="2"/><W123/><G123/><T58/><D105/><N who="1" m="63703" /><E61/><V35/><F35/><N who="3" m="20975" /><G19/><T9/><D18/><U64/><E34/><V22/><F22/><W82/><AGARI ba="1,2" hai="54,55,82,85,88" m="20975,39271,44554" machi="82" ten="30,2000,0" yaku="12,1,54,1" doraHai="129,121" who="3" fromWho="3" sc="227,-6,297,-11,223,-6,233,43" /><INIT seed="2,0,0,4,2,103" ten="221,286,217,276" oya="2" hai0="133,67,87,30,85,38,125,15,77,47,113,13,66" hai1="78,46,62,105,89,41,39,100,11,108,10,40,90" hai2="114,5,99,75,79,31,104,45,93,60,1,86,120" hai3="58,82,61,29,109,71,106,64,49,73,16,3,74"/><V37/><F120/><W88/><G29/><T6/><D113/><U44/><E108/><V98/><F114/><W23/><G3/><T20/><D125/><U95/><E78/><V81/><F31/><W34/><G34/><T80/><D133/><U110/><E110/><V43/><F60/><W17/><G17/><T48/><D38/><U122/><E122/><V111/><F111/><W0/><G0/><T134/><D134/><U50/><E62/><V53/><F53/><W121/><G106/><T130/><D130/><U119/><E119/><V131/><F131/><W24/><G121/><T117/><D117/><U70/><E70/><V22/><F22/><W51/><G51/><T12/><D87/><U33/><E33/><V18/><F18/><W27/><G27/><N who="0" m="16743" /><D6/><U68/><E68/><V84/><F98/><W72/><G109/><T115/><D115/><U101/><E95/><V118/><F118/><W4/><G4/><T107/><D107/><U91/><E101/><N who="2" m="62527" /><F93/><W94/><G49/><T54/><AGARI ba="0,0" hai="12,13,15,47,48,54,66,67,77,80,85" m="16743" machi="54" ten="30,1100,0" yaku="8,1" doraHai="103" who="0" fromWho="0" sc="221,11,286,-3,217,-5,276,-3" /><INIT seed="3,0,0,2,0,34" ten="232,283,212,273" oya="3" hai0="124,8,48,32,5,9,53,24,112,125,71,88,102" hai1="22,127,122,81,101,79,86,64,33,40,35,128,108" hai2="26,126,49,82,45,37,52,70,131,67,97,39,111" hai3="104,12,16,96,30,2,63,115,77,75,23,55,6"/><W84/><G75/><T109/><D71/><U98/><E108/><V50/><F111/><W73/><G73/><T60/><D112/><U105/><E122/><V114/><F114/><W10/><G77/><T106/><D109/><U133/><E133/><V31/><F126/><W28/><G84/><T134/><D134/><U89/><E127/><V120/><F120/><W21/><G21/><T87/><D60/><U76/><E64/><V29/><F131/><W15/><G2/><T61/><D61/><U7/><E128/><V129/><F129/><W42/><G42/><T78/><D78/><U54/><E40/><V107/><F29/><W93/><G104/><T18/><D32/><U72/><E79/><V14/><F14/><W58/><G115/><T135/><D135/><U56/><E22/><V95/><F107/><W121/><G121/><T130/><D130/><U19/><E19/><V83/><F70/><W132/><G132/><T94/><D24/><U100/><E7/><V25/><F67/><W103/><AGARI ba="0,0" hai="6,10,12,15,16,23,28,30,55,58,63,93,96,103" machi="103" ten="20,7800,0" yaku="0,1,7,1,8,1,54,1" doraHai="34" who="3" fromWho="3" sc="232,-26,283,-26,212,-26,273,78" owari="206,-19.4,257,5.7,186,-31.4,351,45.1" /></mjloggm>