<mjloggm ver="2.3"><GO type="225" lobby="0"/><UN n0="%E3%81%A8%E3%82%93%E3%81%A8%E3%81%93%E3%81%A8%E3%82%93" n1="%E3%82%B2%E3%82%B9%E8%8C%82%E5%8B%9D" n2="%E3%82%BC%E3%83%AB%E3%83%80%E3%81%AE%E4%BC%9D%E8%AA%AC" n3="%E3%81%99%E3%81%84%E3%81%BE%E3%81%9B%E3%83%BC%E3%82%93" dan="16,16,17,17" rate="2134.05,2068.86,2132.85,2175.07" sx="F,F,M,M"/><TAIKYOKU oya="0"/><INIT seed="0,0,0,4,5,55" ten="250,250,250,250" oya="0" hai0="52,38,107,64,79,50,120,92,73,24,78,41,122" hai1="89,86,68,63,75,28,58,115,135,21,69,53,32" hai2="126,11,96,16,84,132,56,108,51,95,105,106,22" hai3="123,110,88,8,26,109,119,67,125,3,4,112,34"/><T40/><D107/><U35/><E135/><V14/><F108/><N who="3" m="41579" /><G112/><T6/><D64/><U128/><E115/><V121/><F121/><W102/><G102/><T36/><D6/><U98/><E128/><V71/><F71/><W129/><G67/><T18/><D73/><U23/><E98/><V2/><F132/><W99/><G119/><T62/><D62/><U5/><E75/><V77/><F126/><W117/><G117/><T54/><D92/><U43/><E5/><N who="2" m="1463" /><F77/><W1/><G125/><T45/><D24/><U27/><E43/><V91/><F96/><W131/><G123/><T80/><D18/><U17/><E68/><V72/><F72/><W42/><G42/><T116/><D116/><U76/><E76/><V44/><F44/><W15/><G88/><T111/><D111/><U59/><E69/><V65/><F65/><W9/><G99/><T81/><D45/><U20/><E32/><V87/><F87/><W113/><G113/><T39/><REACH who="0" step="1"/><D36/><REACH who="0" ten="240,250,250,250" step="2"/><U94/><REACH who="1" step="1"/><E59/><REACH who="1" ten="240,240,250,250" step="2"/><V104/><F104/><W60/><G131/><T118/><D118/><U74/><E74/><V29/><F106/><W47/><G129/><T82/><D82/><U12/><AGARI ba="0,2" hai="12,17,20,21,23,27,28,35,53,58,63,86,89,94" machi="12" ten="20,8000,1" yaku="1,1,0,1,7,1,52,1,53,1" doraHai="55" doraHaiUra="10" who="1" fromWho="1" sc="240,-40,240,100,250,-20,250,-20" /><INIT seed="1,0,0,0,1,66" ten="200,340,230,230" oya="1" hai0="63,76,61,123,84,45,6,34,88,70,102,96,103" hai1="56,79,74,60,94,132,125,62,67,26,115,73,27" hai2="133,47,25,109,75,39,72,43,21,11,93,121,101" hai3="4,127,20,16,82,106,104,38,59,116,117,58,8"/><U122/><E115/><V53/><F121/><W54/><G38/><T134/><D134/><U112/><E112/><V113/><F113/><W19/><G82/><T23/><D34/><U9/><E122/><V31/><F133/><W30/><G30/><T119/><D119/><N who="3" m="45641" /><G127/><T124/><D124/><U81/><E132/><V10/><F109/><W126/><G126/><T128/><D123/><U40/><E125/><V100/><F53/><W14/><G19/><T2/><D128/><U108/><E108/><V49/><F39/><W13/><G59/><T92/><D2/><U130/><E130/><V64/><F72/><W3/><G3/><T118/><D118/><U135/><E135/><V0/><F75/><W44/><G44/><T57/><D6/><U78/><E40/><V77/><F0/><W90/><G90/><T50/><D70/><U55/><E94/><V46/><F46/><W33/><G33/><T87/><D76/><U29/><E29/><V107/><F77/><W110/><G110/><T37/><D37/><U35/><E35/><V32/><F32/><W98/><G98/><T91/><D45/><U41/><E41/><V129/><F129/><W105/><G105/><T51/><D96/><U69/><E9/><N who="2" m="3083" /><F107/><W22/><G22/><T12/><D23/><U18/><E18/><V68/><F93/><W28/><G28/><T86/><D92/><U95/><E95/><V15/><F15/><W131/><G131/><T80/><D12/><U36/><E36/><V24/><F24/><W85/><G85/><T7/><D86/><N who="1" m="48439" /><E79/><V89/><F89/><W1/><G1/><RYUUKYOKU ba="0,0" sc="200,-30,340,10,230,10,230,10" hai1="26,27,55,56,60,62,67,69,73,74" hai2="21,25,31,43,47,49,64,68,100,101" hai3="4,8,13,14,16,20,54,58,104,106" /><INIT seed="1,1,0,3,4,35" ten="170,350,240,240" oya="1" hai0="43,12,76,71,6,15,94,120,24,106,39,91,59" hai1="61,65,102,112,80,84,67,83,135,41,103,90,118" hai2="126,93,64,19,132,3,119,68,101,125,14,49,62" hai3="46,89,92,75,122,129,27,81,25,74,110,97,20"/><U114/><E41/><V18/><F119/><W63/><G122/><T57/><D106/><U85/><E135/><V108/><F108/><W48/><G110/><T33/><D71/><U58/><E118/><V131/><F132/><W115/><G115/><T100/><D100/><U7/><E7/><V79/><F131/><W66/><G129/><T36/><D76/><U51/><E51/><V44/><F79/><W23/><G23/><T8/><D120/><U70/><E58/><V50/><F50/><W29/><G27/><T9/><D33/><U82/><E82/><V116/><F116/><W38/><G81/><T26/><D43/><U42/><E42/><N who="2" m="24727" /><F3/><W2/><G2/><T60/><D39/><U96/><E65/><V4/><F4/><W40/><REACH who="3" step="1"/><G38/><REACH who="3" ten="170,350,240,230" step="2"/><T99/><D36/><U105/><E112/><V109/><F109/><W117/><G117/><T107/><D107/><U34/><E114/><V87/><F14/><W113/><G113/><T69/><D69/><AGARI ba="1,1" hai="20,25,29,40,46,48,63,66,69,74,75,89,92,97" machi="69" ten="30,3900,0" yaku="1,1,7,1,53,1" doraHai="35" doraHaiUra="37" who="3" fromWho="0" sc="170,-42,350,0,240,0,230,52" /><INIT seed="2,0,0,4,0,52" ten="128,350,240,282" oya="2" hai0="100,133,40,87,118,5,82,63,95,109,50,127,56" hai1="37,58,53,68,103,46,33,9,48,116,131,17,59" hai2="73,84,123,114,26,72,120,102,43,12,18,57,66" hai3="41,91,85,65,75,70,44,69,19,28,35,125,8"/><V115/><F26/><W112/><G125/><T108/><D127/><U126/><E126/><V64/><F12/><W101/><G75/><T13/><D133/><U119/><E33/><V2/><F18/><W21/><G112/><T29/><D29/><U129/><E103/><V38/><F102/><W54/><G54/><T11/><D118/><N who="1" m="45099" /><E17/><V86/><F43/><W61/><G101/><T0/><D0/><U25/><E9/><V42/><F42/><W14/><G35/><T89/><D100/><U62/><E25/><V31/><F38/><W3/><G70/><T22/><D22/><U47/><E68/><V76/><F76/><W39/><G28/><T4/><D5/><U67/><E37/><V51/><F31/><W98/><G98/><T34/><D34/><U97/><E97/><V130/><F2/><W111/><G111/><T99/><D99/><U94/><E94/><V77/><F77/><W93/><REACH who="3" step="1"/><G3/><REACH who="3" ten="128,350,240,272" step="2"/><T132/><D108/><U134/><E134/><V7/><F73/><W32/><G32/><T55/><D109/><U117/><E117/><V6/><F72/><W96/><G96/><T45/><REACH who="0" step="1"/><D132/><REACH who="0" ten="118,350,240,272" step="2"/><U113/><E113/><V135/><F135/><W106/><G106/><T23/><D23/><AGARI ba="0,2" hai="8,14,19,21,23,39,41,44,61,65,69,85,91,93" machi="23" ten="40,2600,0" yaku="1,1,53,1" doraHai="52" doraHaiUra="81" who="3" fromWho="0" sc="118,-26,350,0,240,0,272,46" /><INIT seed="3,0,0,4,1,60" ten="92,350,240,318" oya="3" hai0="115,113,4,130,58,73,110,24,22,44,41,129,42" hai1="48,54,3,34,43,107,126,116,117,28,96,83,29" hai2="25,109,97,56,9,55,74,135,15,12,10,86,18" hai3="1,87,13,38,81,65,90,30,76,36,79,119,62"/><W134/><G119/><N who="1" m="45642" /><E126/><V37/><F109/><W17/><G1/><T19/><D73/><U32/><E3/><V66/><F135/><W35/><G134/><T59/><D110/><U23/><E43/><V57/><F37/><W8/><G38/><T40/><D4/><U31/><E83/><V21/><F97/><W100/><G36/><T121/><D121/><U102/><E23/><V99/><F99/><W122/><G122/><T46/><D19/><U72/><E72/><V64/><F74/><W5/><G100/><T85/><D85/><U53/><E53/><V27/><F86/><W69/><REACH who="3" step="1"/><G17/><REACH who="3" ten="92,350,240,308" step="2"/><T16/><D16/><U128/><E128/><N who="0" m="49257" /><D24/><AGARI ba="0,1" hai="5,8,13,24,30,35,62,65,69,76,79,81,87,90" machi="24" ten="40,3900,0" yaku="1,1,52,1,53,0" doraHai="60" doraHaiUra="105" who="3" fromWho="0" sc="92,-39,350,0,240,0,308,49" owari="53,-44.7,350,15.0,240,-16.0,357,45.7" /></mjloggm>