<mjloggm ver="2.3"><GO type="225" lobby="0"/><UN n0="%E3%81%B5%E3%81%98%E3%81%8B%E3%81%A4" n1="%E6%A1%9C%E8%8A%B1%E9%96%83%E3%80%85" n2="%E7%B4%94%E6%BD%94%E3%83%94%E3%83%A9%E3%83%8B%E3%82%A2" n3="%E3%83%99%E3%83%AB%E3%83%A2%E3%83%83%E3%83%88" dan="16,16,16,16" rate="2171.15,2124.48,2133.63,2105.10" sx="M,M,M,M"/><TAIKYOKU oya="0"/><INIT seed="0,0,0,2,3,134" ten="250,250,250,250" oya="0" hai0="82,135,97,73,72,78,43,130,14,1,103,22,59" hai1="126,36,104,30,87,45,21,41,123,84,89,12,120" hai2="79,129,25,50,105,29,71,115,112,18,27,16,111" hai3="80,9,70,85,57,56,88,99,62,100,37,91,26"/><T77/><D135/><U40/><E104/><V131/><F71/><W109/><G37/><T75/><D1/><U28/><E41/><V15/><F105/><W119/><G109/><T38/><D130/><N who="2" m="49674" /><F79/><W113/><G113/><N who="2" m="43593" /><F50/><W90/><G119/><T32/><D32/><U3/><E3/><V19/><F111/><W69/><G56/><T0/><D59/><U35/><E87/><V101/><F101/><W121/><G121/><T58/><D58/><U92/><E35/><N who="2" m="20911" /><F27/><W49/><G49/><T23/><D78/><U127/><E120/><V125/><F125/><N who="1" m="47625" /><E123/><V110/><F110/><W108/><G108/><T67/><D43/><U61/><E61/><V76/><F76/><W7/><G26/><T8/><D77/><U68/><E68/><V133/><F133/><W4/><G69/><T24/><D75/><U132/><E132/><V128/><N who="2" m="49682" /><V74/><DORA hai="54" /><F74/><W117/><G70/><T47/><D73/><U65/><E65/><V86/><F86/><W98/><G100/><T114/><D67/><U52/><E52/><V118/><F118/><W20/><G117/><T13/><D103/><U39/><E39/><V46/><F46/><W94/><G85/><T34/><D47/><U66/><E66/><V31/><F31/><W81/><G81/><T96/><D38/><U116/><E116/><V11/><AGARI ba="0,0" hai="11,15,16,18,19" m="20911,43593,49682" machi="11" ten="50,8000,1" yaku="19,1,34,2,54,1" doraHai="134,54" who="2" fromWho="2" sc="250,-40,250,-20,250,80,250,-20" /><INIT seed="1,0,0,5,2,87" ten="210,230,330,230" oya="1" hai0="10,47,110,5,45,122,130,100,27,59,109,9,17" hai1="83,75,114,133,101,97,88,86,60,111,72,3,120" hai2="135,12,19,41,78,14,7,23,26,44,37,63,67" hai3="85,116,113,112,131,62,73,11,28,126,84,52,43"/><U103/><E3/><V61/><F135/><W94/><G73/><T8/><D100/><U68/><E114/><V30/><F78/><W104/><G104/><T71/><D71/><U119/><E119/><V25/><F61/><W132/><G43/><T117/><D117/><U49/><E120/><V56/><REACH who="2" step="1"/><F7/><REACH who="2" ten="210,230,320,230" step="2"/><W16/><G116/><T65/><D5/><U96/><E133/><V70/><F70/><W33/><G62/><T20/><D122/><U102/><E111/><N who="0" m="42505" /><D130/><U38/><E38/><V69/><F69/><W21/><G131/><T79/><D79/><U90/><E49/><V89/><F89/><N who="1" m="34409" /><E60/><AGARI ba="0,1" hai="8,9,10,17,20,27,45,47,59,60,65" m="42505" machi="60" ten="30,1000,0" yaku="14,1" doraHai="87" who="0" fromWho="1" sc="210,20,230,-10,320,0,230,0" /><INIT seed="2,0,0,3,1,0" ten="230,220,320,230" oya="2" hai0="99,73,102,48,94,119,1,5,66,70,95,101,109" hai1="116,124,32,98,31,67,115,91,39,19,103,30,69" hai2="112,92,120,9,104,133,82,113,60,51,45,131,16" hai3="22,3,88,43,24,53,11,80,89,134,105,49,21"/><V26/><F120/><W117/><G105/><T85/><D73/><U59/><E115/><V121/><F121/><W132/><G117/><T86/><D70/><U106/><E116/><V72/><F104/><W90/><G43/><T25/><D119/><U77/><E124/><V108/><F131/><W65/><G65/><T6/><D1/><U47/><E77/><V4/><F133/><N who="3" m="51307" /><G22/><T50/><D66/><U74/><E74/><V96/><F60/><W123/><G123/><T126/><D25/><N who="1" m="18511" /><E31/><V7/><F72/><W52/><G11/><T44/><D109/><U54/><E91/><N who="2" m="55327" /><F108/><W57/><G3/><T35/><D35/><U107/><E19/><V100/><F100/><N who="0" m="38506" /><D126/><U63/><E107/><V79/><F113/><W129/><G129/><T110/><D110/><U114/><E114/><V71/><F71/><W93/><G53/><N who="0" m="29831" /><D50/><N who="1" m="31191" /><E47/><V18/><F79/><W76/><G76/><T42/><D42/><U84/><E84/><N who="0" m="32361" /><D95/><U10/><E10/><V27/><F82/><W97/><G80/><T38/><D38/><AGARI ba="0,0" hai="38,39,63,67,69,98,103,106" m="31191,18511" machi="38" ten="30,1000,0" yaku="25,1" doraHai="0" who="1" fromWho="0" sc="230,-10,220,10,320,0,230,0" /><INIT seed="3,0,0,0,4,1" ten="220,230,320,230" oya="3" hai0="27,43,86,80,10,76,129,116,42,130,33,70,90" hai1="106,85,100,32,81,103,96,104,23,29,84,133,47" hai2="25,46,124,107,123,31,36,118,82,2,34,55,26" hai3="60,45,120,35,89,115,38,62,24,67,108,72,79"/><W65/><G115/><T39/><D116/><U8/><E32/><V101/><F2/><W114/><G114/><T134/><D134/><U54/><E133/><V75/><F118/><W63/><G120/><T40/><D70/><U30/><E8/><V95/><F107/><W87/><G72/><T109/><D109/><U97/><E23/><V21/><F123/><W22/><G35/><T12/><D39/><U66/><E66/><V50/><F36/><W83/><G38/><T121/><D121/><U74/><E74/><V111/><F111/><W5/><G5/><N who="0" m="3151" /><D33/><U126/><E126/><V110/><F124/><W37/><G45/><T102/><D102/><U132/><E132/><V105/><F105/><W77/><G37/><T113/><D113/><U16/><E16/><V68/><F68/><W3/><G3/><T135/><D135/><U52/><E47/><V13/><F101/><W0/><G0/><T14/><D14/><U131/><E131/><N who="0" m="50185" /><D27/><U125/><E125/><V71/><F71/><W78/><G108/><T91/><AGARI ba="0,0" hai="40,42,43,76,80,86,90,91" m="50185,3151" machi="91" ten="40,2700,0" yaku="19,1,52,1" doraHai="1" who="0" fromWho="0" sc="220,27,230,-7,320,-7,230,-13" owari="247,4.7,223,-17.7,313,41.3,217,-28.3" /></mjloggm>