<mjloggm ver="2.3"><GO type="225" lobby="0"/><UN n0="%E6%A1%9C%E8%8A%B1%E9%96%83%E3%80%85" n1="%E9%80%86%E9%80%A3%E5%B8%AF%E3%81%AE%E9%AC%BC" n2="%E3%80%90%E3%83%88%E3%83%AA%E3%83%A5%E3%83%95%E3%80%91" n3="%E6%9D%B1%E9%A2%A8%E3%81%AE%E3%81%8D%E3%82%83%E3%81%B7%E3%81%95%E3%82%93" dan="17,17,16,16" rate="2191.24,2114.50,2111.57,2175.72" sx="M,M,M,M"/><TAIKYOKU oya="0"/><INIT seed="0,0,0,2,1,81" ten="250,250,250,250" oya="0" hai0="6,100,12,86,74,90,75,31,83,84,61,71,48" hai1="34,76,38,67,98,58,32,70,8,119,55,37,50" hai2="62,11,85,117,40,41,14,87,43,9,95,15,89" hai3="78,88,82,69,110,29,24,36,0,118,106,33,16"/><T17/><D31/><U105/><E119/><V54/><F117/><W97/><G110/><T52/><D6/><U4/><E76/><V68/><F68/><W132/><G0/><T73/><D100/><U104/><E70/><V23/><F23/><W21/><G118/><T99/><D61/><U103/><E105/><V28/><F28/><W134/><G36/><T65/><D65/><U63/><E34/><V45/><F62/><W101/><G69/><T20/><D71/><U102/><E102/><V3/><F3/><W79/><G79/><T59/><D86/><N who="2" m="32778" /><F54/><W30/><G88/><T128/><D128/><U112/><E112/><V129/><F129/><W10/><G10/><N who="2" m="3593" /><F45/><W51/><G51/><T46/><REACH who="0" step="1"/><D99/><AGARI ba="0,0" hai="14,15,40,41,43,89,95,99" m="3593,32778" machi="99" ten="30,7700,0" yaku="8,1,52,3" doraHai="81" who="2" fromWho="0" sc="250,-77,250,0,250,77,250,0" /><INIT seed="1,0,0,3,0,27" ten="173,250,327,250" oya="1" hai0="38,82,97,124,44,84,65,14,15,115,43,52,32" hai1="135,128,31,53,71,48,18,47,101,20,103,129,119" hai2="16,98,117,19,102,134,3,12,22,56,60,77,42" hai3="54,25,1,45,66,64,116,41,55,85,39,5,94"/><U4/><E119/><V87/><F3/><W95/><G116/><T112/><D124/><U121/><E71/><V74/><F74/><W9/><G25/><T130/><D130/><N who="1" m="50283" /><E121/><V70/><F70/><W62/><G66/><T50/><D32/><U109/><E135/><V11/><F117/><W81/><G95/><T88/><D65/><U30/><E109/><V133/><F42/><W127/><G94/><T126/><D97/><U83/><E83/><V6/><F87/><W80/><G127/><T13/><REACH who="0" step="1"/><D126/><REACH who="0" ten="163,250,327,250" step="2"/><U111/><E111/><V8/><F133/><W79/><REACH who="3" step="1"/><G80/><REACH who="3" ten="163,250,327,240" step="2"/><T40/><D40/><U33/><E103/><V68/><F102/><W89/><G89/><T10/><D10/><U93/><E101/><V73/><F11/><W118/><G118/><T120/><D120/><U110/><E110/><V90/><F90/><W36/><G36/><T125/><D125/><U86/><E33/><V57/><F134/><W132/><G132/><T7/><D7/><U104/><E4/><V69/><F6/><W78/><G78/><T99/><D99/><U49/><E104/><V91/><F77/><W122/><G122/><T107/><D107/><U123/><E123/><V58/><F98/><W61/><G61/><T37/><D37/><U67/><E67/><V63/><F63/><W72/><G72/><T108/><D108/><U26/><E49/><V2/><F60/><W106/><G106/><T114/><D114/><U92/><E92/><V100/><F8/><W76/><G76/><T75/><D75/><U96/><E96/><V51/><F73/><W28/><G28/><RYUUKYOKU ba="0,2" sc="163,10,250,10,327,-30,240,10" hai0="13,14,15,38,43,44,50,52,82,84,88,112,115" hai1="18,20,26,30,31,47,48,53,86,93" hai3="1,5,9,39,41,45,54,55,62,64,79,81,85" /><INIT seed="1,1,2,3,3,117" ten="173,260,297,250" oya="1" hai0="20,110,65,64,62,128,53,88,103,56,114,15,29" hai1="101,44,48,33,36,133,25,123,55,12,46,129,127" hai2="68,47,37,107,2,84,90,69,78,3,26,113,109" hai3="111,112,102,41,99,18,116,79,39,104,119,77,30"/><U4/><E133/><V125/><F109/><W17/><G111/><T91/><D110/><U115/><E115/><V9/><F125/><W85/><G112/><T22/><D114/><U28/><E127/><V0/><F107/><W42/><G30/><T13/><D128/><U76/><E129/><V19/><F78/><N who="3" m="29707" /><G85/><T120/><D103/><U74/><E101/><V67/><F113/><W8/><G8/><T10/><D120/><U87/><E74/><V71/><F26/><W96/><G39/><T75/><D75/><U21/><E123/><V124/><F124/><W126/><G126/><T134/><D134/><U70/><E70/><V135/><F135/><W122/><G122/><T94/><D91/><U66/><E66/><N who="0" m="25705" /><D29/><U108/><E108/><V45/><F67/><W97/><G102/><T6/><D15/><U24/><E24/><V52/><F37/><W5/><G5/><T14/><D13/><U57/><E36/><V60/><F9/><W100/><G100/><T73/><D73/><U59/><E59/><V16/><F90/><W131/><G104/><T23/><D20/><U54/><E54/><V98/><F84/><AGARI ba="1,2" hai="6,10,14,22,23,53,56,62,84,88,94" m="25705" machi="84" ten="30,2000,0" yaku="8,1,54,1" doraHai="117" who="0" fromWho="2" sc="173,43,260,0,297,-23,250,0" /><INIT seed="2,0,0,1,0,119" ten="216,260,274,250" oya="2" hai0="21,73,39,3,117,135,114,6,32,65,15,126,132" hai1="84,60,69,97,52,26,110,122,36,35,31,25,74" hai2="41,16,0,89,19,9,67,53,115,37,92,40,120" hai3="7,99,96,101,104,33,28,22,82,90,100,87,91"/><V45/><F115/><W133/><G33/><T54/><D39/><U121/><E74/><V49/><F120/><N who="1" m="46185" /><E110/><V107/><F107/><N who="3" m="63879" /><G7/><T14/><D65/><U68/><E36/><V62/><F41/><W46/><G46/><T131/><D73/><U5/><E25/><V76/><F76/><N who="3" m="46535" /><G22/><T112/><D54/><U27/><E27/><V83/><F83/><W4/><G28/><T55/><D55/><U66/><E69/><N who="2" m="42231" /><F0/><W17/><G17/><N who="0" m="10423" /><D3/><U58/><E97/><N who="2" m="57487" /><F9/><W124/><G4/><T102/><D32/><U98/><E98/><V75/><F75/><W77/><G133/><T38/><D38/><U129/><E5/><V11/><F11/><W50/><G50/><T118/><D135/><U125/><E68/><V130/><F19/><W81/><G124/><T106/><D126/><U80/><E125/><V34/><F34/><W134/><G134/><T29/><D132/><U72/><E66/><V43/><F16/><W10/><G10/><N who="0" m="4567" /><D29/><U127/><E127/><V47/><F43/><W105/><G105/><T128/><D106/><U20/><E35/><V93/><F45/><W113/><G113/><N who="0" m="43627" /><D102/><U57/><E57/><V64/><F64/><W24/><G24/><T116/><AGARI ba="0,0" hai="116,117,118,128,131" m="43627,4567,10423" machi="116" ten="40,5200,0" yaku="12,1,34,2" doraHai="119" who="0" fromWho="0" sc="216,52,260,-13,274,-26,250,-13" /><INIT seed="3,0,0,1,4,64" ten="268,247,248,237" oya="3" hai0="8,34,116,29,109,21,74,94,84,18,50,26,110" hai1="104,38,62,99,17,55,135,33,129,89,117,60,114" hai2="85,7,100,106,28,35,119,78,16,46,56,134,67" hai3="128,124,72,49,19,105,80,96,3,127,12,103,76"/><W51/><G3/><T13/><D74/><U122/><E122/><V47/><F119/><W70/><G70/><T87/><D50/><U61/><E114/><V45/><F134/><W0/><G0/><T27/><D94/><U118/><E33/><V86/><F7/><W79/><G79/><T1/><D116/><N who="1" m="44651" /><E38/><V92/><F106/><W48/><REACH who="3" step="1"/><G128/><REACH who="3" ten="268,247,248,227" step="2"/><T36/><D1/><U2/><E129/><V123/><F78/><W40/><G40/><T81/><D110/><U77/><E2/><V65/><F123/><W59/><G59/><T113/><D109/><U101/><E77/><V37/><F56/><W31/><G31/><T15/><D113/><U52/><E135/><V82/><F28/><W11/><AGARI ba="0,1" hai="11,12,19,48,49,51,72,76,80,96,103,105,124,127" machi="11" ten="30,3000,0" yaku="1,1,0,1,53,0" doraHai="64" doraHaiUra="115" who="3" fromWho="3" sc="268,-10,247,-10,248,-10,227,40" /><INIT seed="3,1,0,4,5,12" ten="258,237,238,267" oya="3" hai0="119,98,126,94,106,90,97,33,14,113,123,34,6" hai1="84,52,37,20,109,42,73,49,46,2,21,58,69" hai2="28,0,120,43,134,64,76,5,15,35,19,112,53" hai3="95,101,4,130,11,124,45,51,75,85,67,59,80"/><W91/><G130/><T39/><D39/><U87/><E73/><V103/><F112/><W27/><G124/><T7/><D119/><U127/><E127/><V55/><F43/><W63/><G27/><T10/><D126/><U40/><E109/><V62/><F134/><W102/><G95/><T8/><D123/><U129/><E129/><V30/><F76/><W23/><G23/><T110/><D110/><U68/><E2/><V105/><F120/><W71/><G71/><T74/><D74/><U114/><E114/><V118/><F118/><W50/><G75/><T92/><D106/><U86/><E42/><V82/><F82/><W79/><G91/><T13/><REACH who="0" step="1"/><D113/><REACH who="0" ten="248,237,238,267" step="2"/><U29/><REACH who="1" step="1"/><E20/><REACH who="1" ten="248,227,238,267" step="2"/><N who="2" m="11391" /><F35/><W32/><G32/><T16/><D16/><U18/><E18/><V96/><F30/><W132/><G132/><T107/><D107/><U31/><E31/><V1/><F28/><W38/><G38/><T70/><D70/><U100/><E100/><AGARI ba="1,2" hai="6,7,8,10,13,14,33,34,90,92,94,97,98,100" machi="100" ten="30,3900,0" yaku="1,1,7,1,9,1,53,0" doraHai="12" doraHaiUra="66" who="0" fromWho="1" sc="248,62,227,-42,238,0,267,0" owari="310,41.0,185,-31.5,238,-16.2,267,6.7" /></mjloggm>