<mjloggm ver="2.3"><GO type="225" lobby="0"/><UN n0="%45%6C%79%73%69%75%6D" n1="%72%69%6F%75%63%68%61%6E" n2="%6D%75%75%6D%75%72%61" n3="%E9%81%85%E5%88%BB%E3%81%AE%E3%83%97%E3%83%AA%E3%83%B3%E3%82%B9%E2%99%AA" dan="17,17,16,16" rate="2114.25,2243.43,2066.85,2172.20" sx="F,M,F,F"/><TAIKYOKU oya="0"/><INIT seed="0,0,0,3,5,22" ten="250,250,250,250" oya="0" hai0="18,17,50,97,126,3,93,52,79,73,94,83,78" hai1="89,109,122,99,32,123,26,45,76,67,107,55,21" hai2="134,44,57,13,84,37,108,60,92,19,34,6,53" hai3="72,120,131,132,51,114,95,88,12,127,119,74,106"/><T38/><D38/><U96/><E109/><V90/><F108/><W7/><G119/><T100/><D126/><U31/><E76/><V85/><F134/><W2/><G114/><T65/><D3/><U117/><E117/><V82/><F34/><W86/><G127/><T23/><D65/><U87/><E67/><V105/><F105/><W47/><G106/><T104/><D78/><U35/><E35/><V81/><F6/><W98/><G132/><T133/><D133/><U30/><E55/><V111/><F111/><W5/><G2/><T113/><D113/><U121/><E45/><V15/><F19/><W4/><G131/><T91/><D91/><U125/><E125/><V43/><REACH who="2" step="1"/><F92/><REACH who="2" ten="250,250,240,250" step="2"/><W46/><G120/><T36/><D17/><U101/><E99/><V71/><F71/><W9/><G4/><T75/><D75/><U42/><E32/><V80/><F80/><W128/><G7/><T20/><D36/><U29/><REACH who="1" step="1"/><E42/><REACH who="1" ten="250,240,240,250" step="2"/><V66/><F66/><W54/><G128/><T1/><D1/><U77/><E77/><AGARI ba="0,2" hai="13,15,37,43,44,53,57,60,77,81,82,84,85,90" machi="77" ten="30,3900,0" yaku="1,1,7,1,53,1" doraHai="22" doraHaiUra="41" who="2" fromWho="1" sc="250,0,240,-39,240,59,250,0" /><INIT seed="1,0,0,0,3,30" ten="250,201,299,250" oya="1" hai0="5,76,123,21,67,25,107,7,49,26,39,0,78" hai1="84,54,131,120,87,109,38,19,100,1,40,112,35" hai2="47,119,95,91,62,22,74,41,121,20,86,56,85" hai3="128,101,80,17,11,51,97,52,113,15,70,98,88"/><U124/><E112/><V58/><F119/><W116/><G113/><T46/><D107/><U115/><E115/><V75/><F121/><W94/><G70/><T66/><D39/><U32/><E120/><V133/><F133/><W132/><G132/><T12/><D123/><U82/><E1/><V34/><F34/><N who="1" m="12841" /><E100/><V81/><F74/><W42/><G128/><T73/><D73/><U77/><E54/><V28/><F75/><W60/><G116/><T50/><D0/><U43/><E38/><V23/><F28/><W33/><G33/><T9/><D5/><U129/><E124/><V105/><F105/><W3/><G3/><T61/><D49/><U117/><E117/><V122/><F122/><W108/><G108/><T90/><D90/><U44/><E44/><V36/><REACH who="2" step="1"/><F62/><REACH who="2" ten="250,201,289,250" step="2"/><W14/><G60/><T65/><D61/><U134/><E134/><V106/><F106/><W130/><G130/><N who="1" m="49674" /><E109/><V64/><F64/><W55/><G55/><T68/><D66/><U104/><E104/><V92/><F92/><N who="3" m="58535" /><G42/><N who="1" m="15914" /><E19/><V10/><F10/><W114/><G114/><T103/><D9/><U6/><E6/><V89/><AGARI ba="0,1" hai="20,22,23,36,41,47,56,58,81,85,86,89,91,95" machi="89" ten="30,2000,0" yaku="1,1,0,1,53,0" doraHai="30" doraHaiUra="135" who="2" fromWho="2" sc="250,-5,201,-10,289,30,250,-5" /><INIT seed="2,0,0,0,1,17" ten="245,191,319,245" oya="2" hai0="82,45,40,28,72,126,5,100,32,78,109,41,118" hai1="120,132,107,26,50,47,66,105,63,1,80,18,119" hai2="96,76,98,129,51,37,49,88,125,95,60,111,110" hai3="99,122,31,97,70,0,27,2,117,115,58,67,65"/><V44/><F125/><W55/><G117/><T106/><D126/><U116/><E132/><V81/><F129/><W38/><G122/><T85/><D118/><U15/><E120/><V46/><F60/><W79/><G38/><T91/><D109/><N who="2" m="41482" /><F98/><W86/><G115/><T29/><D5/><U59/><E1/><V12/><F12/><W87/><G70/><T62/><D62/><U56/><E26/><V42/><F46/><W9/><G9/><T52/><D32/><U8/><E59/><V6/><F6/><W20/><G2/><T53/><D100/><U43/><REACH who="1" step="1"/><E80/><REACH who="1" ten="245,181,319,245" step="2"/><V23/><F81/><N who="3" m="47423" /><G0/><T71/><D71/><U121/><E121/><V69/><F69/><W89/><G65/><T7/><D82/><U25/><E25/><V34/><F34/><W39/><G67/><T108/><D108/><U113/><E113/><V19/><F76/><W112/><G112/><T61/><D78/><U48/><E48/><V57/><F57/><W90/><G39/><T123/><D123/><U114/><E114/><V54/><F37/><W102/><G58/><T130/><D130/><U21/><E21/><V103/><F51/><W4/><G20/><T64/><D64/><U104/><AGARI ba="0,1" hai="8,15,18,43,47,50,56,63,66,104,105,107,116,119" machi="104" ten="30,2000,0" yaku="1,1,0,1,53,0" doraHai="17" doraHaiUra="83" who="1" fromWho="1" sc="245,-5,181,30,319,-10,245,-5" /><INIT seed="3,0,0,1,5,80" ten="240,211,309,240" oya="3" hai0="62,74,81,19,94,70,5,58,114,105,100,16,82" hai1="37,4,40,10,110,68,0,12,11,44,92,111,42" hai2="67,35,20,87,126,2,15,66,39,121,91,116,48" hai3="17,131,18,93,97,38,108,102,128,125,49,73,103"/><W33/><G38/><T56/><D114/><U104/><E104/><V112/><F39/><W53/><G73/><T86/><D70/><U113/><E113/><V57/><F35/><W45/><G33/><T119/><D119/><U47/><E68/><V1/><F112/><W89/><G125/><T64/><D5/><U54/><E54/><N who="2" m="31943" /><F116/><W32/><G32/><T77/><D58/><U43/><E92/><N who="2" m="54399" /><F121/><W24/><G108/><N who="1" m="41514" /><E37/><V69/><F126/><W22/><REACH who="3" step="1"/><G18/><REACH who="3" ten="240,211,309,230" step="2"/><T61/><D16/><N who="1" m="8215" /><E44/><V26/><F69/><W85/><G85/><T30/><D86/><U122/><E47/><V63/><F26/><W124/><G124/><T88/><D74/><U107/><E107/><V135/><F135/><W13/><G13/><T84/><D105/><U76/><E122/><V127/><F127/><W52/><G52/><T7/><D84/><U51/><E76/><V72/><F72/><W109/><G109/><T46/><D77/><U25/><E25/><V117/><F117/><W118/><G118/><T21/><D19/><U60/><E60/><V6/><F63/><W50/><G50/><T59/><D62/><U133/><E51/><V90/><F67/><W101/><AGARI ba="0,1" hai="17,22,24,45,49,53,89,93,97,101,102,103,128,131" machi="101" ten="30,6000,0" yaku="1,1,0,1,53,1" doraHai="80" doraHaiUra="14" who="3" fromWho="3" sc="240,-20,211,-20,309,-20,230,70" owari="220,-18.0,191,-30.9,289,8.9,300,40.0" /></mjloggm>