<mjloggm ver="2.3"><GO type="225" lobby="0"/><UN n0="%77%72%77%72%77%72%77%72" n1="%E7%99%BD%E9%9B%AA%E4%B9%83%E6%84%9B" n2="%E6%B4%BE%E9%81%A3%E3%81%AE%E3%82%B8%E3%83%A3%E3%83%83%E3%82%AF" n3="%E3%82%BC%E3%83%AB%E3%83%80%E3%81%AE%E4%BC%9D%E8%AA%AC" dan="16,16,17,17" rate="2096.89,2099.67,2171.75,2210.26" sx="M,F,M,M"/><TAIKYOKU oya="0"/><INIT seed="0,0,0,0,0,117" ten="250,250,250,250" oya="0" hai0="77,134,52,106,38,59,121,40,19,58,1,105,96" hai1="31,50,39,92,118,6,32,61,109,95,45,91,82" hai2="27,83,76,4,79,12,75,70,55,56,23,73,54" hai3="25,64,18,71,62,97,115,0,43,8,104,131,5"/><T66/><D1/><U119/><E118/><V111/><F70/><W116/><G116/><T89/><D121/><U122/><E119/><V124/><F111/><W20/><G131/><T103/><D134/><U29/><E109/><V44/><F124/><W101/><REACH who="3" step="1"/><G43/><REACH who="3" ten="250,250,250,240" step="2"/><T47/><D106/><U37/><E122/><V129/><F129/><W130/><G130/><T9/><D77/><U120/><E120/><V17/><F76/><W93/><G93/><T11/><D105/><U13/><E95/><V41/><F41/><W15/><G15/><T108/><D108/><U26/><E92/><V7/><F12/><W88/><G88/><T135/><D89/><U123/><E123/><V14/><F14/><W34/><G34/><T125/><D135/><U100/><E13/><V81/><F79/><W126/><G126/><T94/><D125/><U85/><E91/><V60/><F81/><W21/><G21/><T133/><D133/><U107/><E82/><V30/><F83/><W63/><G63/><T112/><D112/><AGARI ba="0,1" hai="0,5,8,18,20,25,62,64,71,97,101,104,112,115" machi="112" ten="40,1300,0" yaku="1,1,53,0" doraHai="117" doraHaiUra="68" who="3" fromWho="0" sc="250,-13,250,0,250,0,240,23" /><INIT seed="1,0,0,5,0,69" ten="237,250,250,263" oya="1" hai0="62,63,8,61,80,67,56,37,126,23,122,85,11" hai1="30,53,120,96,82,105,113,94,16,129,35,116,127" hai2="99,39,88,54,118,13,83,60,81,91,86,47,75" hai3="131,93,15,124,46,79,34,57,87,100,112,0,72"/><U102/><E113/><V132/><F118/><W130/><G0/><T106/><D37/><U58/><E116/><V14/><F132/><W32/><G112/><T2/><D126/><U121/><E127/><V44/><F75/><W25/><G124/><T108/><D106/><U31/><E129/><N who="3" m="49162" /><G57/><T1/><D108/><U33/><E82/><V29/><F29/><W73/><G15/><T51/><D122/><U117/><E117/><V78/><F78/><W114/><G114/><T89/><D67/><U40/><E40/><V65/><F54/><W5/><G5/><T3/><D56/><U52/><E105/><V103/><F39/><W38/><G100/><T66/><D66/><U135/><E135/><V71/><F13/><W7/><G7/><T76/><D51/><U45/><E45/><V41/><F14/><W64/><G64/><T92/><REACH who="0" step="1"/><D23/><REACH who="0" ten="227,250,250,263" step="2"/><U26/><E58/><V115/><F115/><W49/><G38/><T101/><D101/><U110/><E110/><V111/><F111/><W43/><G49/><T119/><D119/><U97/><E121/><V50/><F47/><W12/><G46/><T27/><D27/><N who="1" m="18655" /><E120/><V28/><F71/><W125/><G125/><T133/><D133/><U42/><E35/><V95/><F65/><W123/><G123/><T107/><D107/><U48/><E48/><V59/><F59/><W18/><G34/><T104/><D104/><U21/><E26/><V74/><F50/><W109/><G109/><T9/><D9/><U24/><E24/><V22/><F44/><W68/><G68/><T36/><D36/><U70/><E70/><RYUUKYOKU ba="0,1" sc="227,30,250,-10,250,-10,263,-10" hai0="1,2,3,8,11,61,62,63,76,80,85,89,92" /><INIT seed="2,1,1,2,4,111" ten="257,240,240,253" oya="2" hai0="20,25,131,93,85,86,51,112,122,31,70,47,28" hai1="96,40,64,135,44,7,14,68,60,29,74,9,133" hai2="4,103,46,76,91,89,94,21,130,84,27,128,124" hai3="98,114,69,110,43,18,116,45,83,39,100,57,17"/><V11/><F124/><W71/><G116/><T113/><D122/><U52/><E74/><V48/><F103/><W132/><G110/><T41/><D70/><U120/><E120/><V75/><F75/><W24/><G132/><T105/><D105/><U81/><E29/><V61/><F61/><W42/><G42/><T2/><D2/><U5/><E5/><V102/><F102/><W58/><G83/><T101/><D131/><N who="2" m="50218" /><F76/><W121/><G121/><T26/><D101/><U36/><E96/><V106/><F106/><W16/><G114/><T13/><D13/><U3/><E14/><N who="2" m="5479" /><F84/><W97/><G24/><T88/><D85/><U23/><E23/><AGARI ba="1,1" hai="20,23,25,26,28,31,41,47,51,86,88,93,112,113" machi="23" ten="30,8000,1" yaku="7,1,9,1,52,2,54,1" doraHai="111" who="0" fromWho="1" sc="257,93,240,-83,240,0,253,0" /><INIT seed="3,0,0,2,4,11" ten="350,157,240,253" oya="3" hai0="2,122,45,112,86,95,35,3,103,66,34,68,130" hai1="14,54,5,133,4,78,102,15,117,100,92,111,70" hai2="76,19,37,107,48,126,85,28,89,125,116,33,101" hai3="97,6,1,104,20,59,51,8,73,120,110,21,135"/><W98/><G120/><T119/><D122/><U0/><E117/><V93/><F37/><W49/><G73/><T84/><D119/><U108/><E70/><V38/><F38/><W16/><G135/><T24/><D130/><U27/><E78/><V72/><F116/><W81/><G110/><T42/><D35/><U22/><E133/><V60/><F60/><W29/><G81/><T46/><D46/><U61/><E0/><V12/><F48/><W65/><G65/><T56/><D68/><U87/><E111/><V52/><F52/><W32/><G21/><T63/><D86/><U64/><E108/><V96/><F28/><W91/><G91/><T53/><D53/><U77/><E54/><V75/><F33/><W90/><G59/><T18/><D112/><U57/><E5/><V79/><F79/><W118/><G118/><T67/><D67/><U127/><E4/><V10/><F75/><W17/><G17/><T80/><D95/><U26/><E127/><V44/><F44/><W82/><G104/><T114/><D103/><U109/><E109/><V69/><F69/><W115/><G115/><T31/><D18/><U128/><E128/><V94/><F94/><N who="3" m="56535" /><G82/><AGARI ba="0,0" hai="10,12,19,72,76,82,85,89,93,96,101,107,125,126" machi="82" ten="40,5200,0" yaku="24,2,52,1" doraHai="11" who="2" fromWho="3" sc="350,0,157,0,240,52,253,-52" owari="350,45.0,157,-34.3,292,9.2,201,-19.9" /></mjloggm>