<mjloggm ver="2.3"><GO type="225" lobby="0"/><UN n0="%4E%49%4A%49%49%52%4F" n1="%E3%83%B4%E3%83%A0%EF%BC%99%E3%81%A6" n2="%E3%81%A0%E3%81%8A" n3="%E3%83%A9%E3%83%BC%E3%83%A1%E3%83%B3%E4%BA%94%E9%83%8E" dan="16,17,16,16" rate="2178.05,2206.59,2034.16,2092.46" sx="M,M,M,M"/><TAIKYOKU oya="0"/><INIT seed="0,0,0,4,5,57" ten="250,250,250,250" oya="0" hai0="89,135,116,54,33,124,62,64,102,114,21,2,32" hai1="104,133,45,110,115,78,96,3,36,74,86,113,47" hai2="94,87,95,7,125,84,1,105,66,34,9,52,44" hai3="5,68,35,69,126,118,72,46,82,91,11,59,24"/><T123/><D123/><U131/><E110/><V20/><F34/><W107/><G118/><T18/><D116/><U28/><E74/><V31/><F105/><W128/><G107/><T127/><D114/><U12/><E3/><V40/><F66/><W48/><G128/><T117/><D117/><U77/><E131/><V25/><F125/><N who="0" m="48202" /><D2/><U71/><E71/><V65/><F65/><W129/><G129/><T6/><D6/><U119/><E119/><V83/><F52/><W14/><G126/><T19/><D135/><U120/><E36/><V98/><F98/><W75/><G59/><N who="0" m="36959" /><D102/><U80/><E120/><V26/><F26/><W51/><G68/><T111/><D111/><U130/><E130/><V4/><F4/><W56/><G69/><T55/><D89/><U109/><E133/><V132/><F132/><W27/><G56/><T17/><D21/><U15/><E109/><V134/><F134/><W76/><G35/><AGARI ba="0,0" hai="17,18,19,32,33,35,54,55" m="36959,48202" machi="35" ten="40,3900,0" yaku="18,1,52,1" doraHai="57" who="0" fromWho="3" sc="250,39,250,0,250,0,250,-39" /><INIT seed="0,1,0,5,1,64" ten="289,250,250,211" oya="0" hai0="5,10,28,26,69,19,14,72,31,125,6,23,116" hai1="36,128,43,93,15,49,42,134,70,105,29,103,81" hai2="32,57,17,65,85,20,46,90,126,59,52,61,39" hai3="91,102,25,110,35,9,121,75,106,73,53,47,21"/><T12/><D69/><U51/><E105/><V83/><F126/><W22/><G110/><T130/><D72/><U7/><E29/><N who="0" m="11337" /><D125/><U48/><E128/><V108/><F108/><W0/><G35/><T8/><D116/><U86/><E36/><V113/><F113/><W24/><G121/><T82/><D130/><U122/><E122/><V1/><F1/><W55/><G0/><N who="0" m="39" /><D82/><U60/><E134/><V78/><F32/><W67/><G67/><T88/><D88/><N who="1" m="51279" /><E60/><V76/><F46/><W11/><G47/><T114/><D114/><U58/><E58/><V18/><F39/><W109/><G109/><T118/><D118/><U33/><E70/><V66/><F66/><W71/><G91/><T87/><D87/><U97/><E33/><V129/><F129/><W13/><G13/><AGARI ba="1,0" hai="6,10,12,13,14,19,23,26" m="39,11337" machi="13" ten="30,12000,1" yaku="35,5" doraHai="64" who="0" fromWho="3" sc="289,123,250,0,250,0,211,-123" /><INIT seed="0,2,0,5,3,115" ten="412,250,250,88" oya="0" hai0="107,112,134,104,123,76,4,71,114,96,8,117,92" hai1="84,93,64,52,3,10,120,70,98,9,20,47,122" hai2="51,58,124,26,32,18,113,46,105,118,62,59,90" hai3="66,74,6,125,34,63,24,43,126,60,82,109,106"/><T30/><D71/><U100/><E120/><V110/><F113/><W91/><G109/><T103/><D123/><U89/><E122/><V131/><F110/><W17/><G106/><T85/><D30/><U39/><E3/><V95/><F105/><W27/><G43/><T23/><D23/><U14/><E64/><V35/><F124/><W116/><G6/><T56/><D134/><U29/><E70/><V97/><F131/><W130/><G130/><T65/><D117/><U101/><E101/><V40/><F118/><W75/><G34/><T121/><D121/><U11/><E39/><V54/><REACH who="2" step="1"/><F59/><REACH who="2" ten="412,250,240,88" step="2"/><W19/><G116/><T31/><D107/><U132/><E132/><V57/><F57/><W33/><G126/><T37/><D104/><U80/><E29/><V94/><F94/><W55/><G125/><T111/><D31/><U15/><E20/><AGARI ba="2,1" hai="18,20,26,32,35,40,46,51,54,58,62,90,95,97" machi="20" ten="40,5200,0" yaku="1,1,25,2,53,0" doraHai="115" doraHaiUra="25" who="2" fromWho="1" sc="412,0,250,-58,240,68,88,0" /><INIT seed="1,0,0,1,5,64" ten="412,192,308,88" oya="1" hai0="46,108,67,84,101,120,73,12,1,7,129,68,13" hai1="6,40,52,35,89,76,80,119,70,110,92,97,72" hai2="8,17,41,45,53,19,117,118,132,109,78,55,4" hai3="54,87,34,111,93,113,135,99,49,42,56,131,20"/><U51/><E119/><V116/><F109/><W79/><G131/><T107/><D108/><U134/><E110/><V90/><F132/><W85/><G135/><T27/><D73/><U32/><E134/><V69/><F69/><W25/><G113/><T47/><D129/><U23/><E70/><V36/><F78/><W98/><G111/><T26/><D84/><U3/><E40/><V29/><F29/><W133/><G133/><T31/><D27/><U128/><E128/><V112/><F112/><W44/><G34/><T123/><D1/><U102/><E23/><V75/><F75/><W16/><G79/><T2/><D2/><U30/><E30/><V86/><F19/><W103/><REACH who="3" step="1"/><G98/><REACH who="3" ten="412,192,308,78" step="2"/><T94/><D120/><U91/><E32/><V28/><F116/><W57/><G57/><T71/><D123/><U66/><E35/><V65/><F117/><W122/><G122/><T61/><D68/><U127/><E127/><V81/><F118/><W14/><G14/><T82/><D71/><U22/><E22/><V48/><F8/><W11/><G11/><T58/><D13/><U74/><E76/><V77/><F77/><W121/><G121/><T125/><D12/><U5/><E72/><V33/><F33/><W96/><G96/><T9/><D9/><U114/><E114/><V59/><F59/><W62/><AGARI ba="0,1" hai="16,20,25,42,44,49,54,56,62,85,87,93,99,103" machi="62" ten="20,8000,1" yaku="1,1,0,1,7,1,8,1,54,1,53,0" doraHai="64" doraHaiUra="105" who="3" fromWho="3" sc="412,-20,192,-40,308,-20,78,90" /><INIT seed="2,0,0,4,1,59" ten="392,152,288,168" oya="2" hai0="40,52,135,25,9,127,73,74,49,94,93,1,124" hai1="27,83,88,14,69,30,68,6,26,31,111,53,86" hai2="10,15,20,16,126,82,92,33,104,29,42,46,18" hai3="117,28,85,102,119,4,21,96,110,36,0,17,112"/><V12/><F126/><N who="0" m="48170" /><D135/><U103/><E111/><V22/><F104/><W129/><G36/><T115/><D40/><U57/><E103/><V101/><F33/><W113/><G110/><T51/><D25/><N who="1" m="9227" /><E69/><V71/><F71/><W130/><G28/><T87/><D51/><N who="1" m="30911" /><E68/><V90/><F101/><W78/><G4/><N who="0" m="1167" /><D115/><N who="3" m="44105" /><G0/><T44/><D87/><U107/><E107/><V64/><F29/><W70/><G70/><T65/><D65/><U39/><E39/><V56/><F64/><W24/><G85/><T63/><D63/><U11/><AGARI ba="0,0" hai="6,11,14,30,31,83,86,88" m="30911,9227" machi="11" ten="30,2000,0" yaku="8,1,54,1" doraHai="59" who="1" fromWho="1" sc="392,-5,152,20,288,-10,168,-5" /><INIT seed="3,0,0,1,1,3" ten="387,172,278,163" oya="3" hai0="48,26,116,90,10,32,107,13,126,0,76,25,58" hai1="75,24,62,89,34,98,27,17,114,105,51,96,69" hai2="122,88,33,83,35,53,45,109,106,111,74,46,30" hai3="50,43,23,65,14,4,11,94,12,6,103,40,131"/><W16/><G131/><T120/><D0/><U19/><E75/><V28/><F106/><W57/><G65/><T68/><D107/><U101/><E114/><V44/><F122/><W92/><G103/><T123/><D68/><U91/><E51/><V52/><F74/><W54/><G4/><T1/><D76/><U134/><E24/><V115/><F115/><W102/><G102/><T60/><D1/><U124/><E124/><V73/><F73/><W63/><G63/><T21/><D48/><U110/><E134/><V39/><F39/><W104/><G104/><T22/><D32/><N who="2" m="12362" /><F88/><N who="1" m="33865" /><E110/><N who="2" m="41995" /><F83/><W20/><REACH who="3" step="1"/><G23/><REACH who="3" ten="387,172,278,153" step="2"/><T78/><D22/><U121/><E121/><V119/><F119/><W55/><G55/><AGARI ba="0,1" hai="28,30,44,45,46,52,53,55" m="41995,12362" machi="55" ten="40,8000,1" yaku="28,2,14,1,54,1" doraHai="3" who="2" fromWho="3" sc="387,0,172,0,278,90,153,-80" owari="387,48.7,172,-22.8,368,16.8,73,-42.7" /></mjloggm>