<mjloggm ver="2.3"><GO type="225" lobby="0"/><UN n0="%E3%82%BC%E3%83%AB%E3%83%80%E3%81%AE%E4%BC%9D%E8%AA%AC" n1="%E7%AD%89%E3%80%85%E5%8A%9B%E5%8A%87%E5%A0%B4" n2="%E4%BE%BF%E6%89%80" n3="%E5%87%BA%E6%B0%B4" dan="17,16,16,16" rate="2236.20,2064.47,2049.35,2078.99" sx="M,M,M,F"/><TAIKYOKU oya="0"/><INIT seed="0,0,0,4,3,81" ten="250,250,250,250" oya="0" hai0="108,78,7,128,32,2,64,35,83,62,9,103,33" hai1="16,89,101,98,42,25,91,45,99,111,8,52,96" hai2="90,54,38,28,74,6,127,106,50,94,124,109,49" hai3="95,23,13,58,11,34,48,30,85,15,87,121,117"/><T27/><D128/><U69/><E111/><V93/><F106/><W46/><G117/><T56/><D108/><U134/><E134/><V40/><F109/><W65/><G34/><T120/><D120/><U76/><E69/><V135/><F74/><W44/><G121/><T41/><D103/><U21/><E101/><V57/><F135/><W84/><G95/><T66/><D41/><U107/><E107/><V71/><F71/><W119/><G119/><T31/><REACH who="0" step="1"/><D66/><REACH who="0" ten="240,250,250,250" step="2"/><U60/><E42/><V17/><F40/><N who="3" m="24583" /><G46/><T51/><D51/><U19/><E45/><V86/><F50/><W67/><G58/><T75/><AGARI ba="0,1" hai="2,7,9,27,31,32,33,35,56,62,64,75,78,83" machi="75" ten="20,3900,0" yaku="1,1,0,1,7,1,53,0" doraHai="81" doraHaiUra="112" who="0" fromWho="0" sc="240,49,250,-13,250,-13,250,-13" /><INIT seed="0,1,0,3,0,87" ten="289,237,237,237" oya="0" hai0="12,43,106,134,21,10,5,83,34,24,82,18,70" hai1="113,132,27,119,36,107,122,97,114,9,61,58,72" hai2="32,65,3,103,0,109,125,76,92,59,127,101,116" hai3="73,13,79,105,55,37,77,89,121,66,42,91,80"/><T110/><D134/><U57/><E119/><V99/><F32/><W120/><G105/><T1/><D110/><U126/><E122/><N who="3" m="47210" /><G66/><T7/><D70/><U11/><E72/><V50/><F109/><W46/><G13/><T94/><D106/><U17/><E36/><V14/><F116/><W62/><G79/><T15/><D43/><U38/><E38/><V64/><F76/><W123/><N who="3" m="47218" /><W54/><DORA hai="20" /><G62/><T33/><D94/><U8/><E126/><N who="2" m="48139" /><F103/><W129/><G129/><T16/><D83/><U78/><E78/><V96/><F96/><W104/><G104/><T28/><D82/><U98/><E132/><V102/><F102/><W90/><AGARI ba="1,0" hai="37,42,46,54,55,73,77,80,89,90,91" m="47218" machi="90" ten="50,8000,1" yaku="13,1,52,3" doraHai="87,20" who="3" fromWho="3" sc="289,-41,237,-21,237,-21,237,83" /><INIT seed="1,0,0,5,1,71" ten="248,216,216,320" oya="1" hai0="111,120,116,34,45,101,130,134,75,47,67,84,122" hai1="51,2,54,3,24,53,121,18,6,98,104,62,25" hai2="46,13,16,105,50,38,82,108,86,20,21,29,17" hai3="78,4,33,133,68,44,95,49,0,92,135,72,107"/><U123/><E62/><V81/><F105/><W89/><G68/><T26/><D75/><U14/><E54/><V102/><F108/><W55/><G107/><T39/><D116/><U73/><E73/><V131/><F131/><W124/><G33/><T94/><D111/><U42/><E42/><V43/><F102/><W90/><G124/><T100/><D130/><U109/><E109/><V129/><F129/><W8/><G72/><T5/><D134/><N who="3" m="51209" /><G78/><T27/><D67/><U106/><E106/><V127/><F127/><W70/><G70/><T115/><D5/><U52/><E53/><V93/><F29/><W96/><G95/><T22/><D115/><U57/><E6/><V74/><F74/><W128/><G128/><T35/><D94/><U66/><E66/><V59/><F59/><W10/><G8/><T119/><D22/><U112/><E112/><V83/><F38/><W125/><G125/><T79/><D84/><U1/><E98/><V126/><F93/><W87/><G87/><T110/><D110/><U58/><E57/><V61/><F61/><W37/><G37/><T41/><D39/><U97/><E97/><V19/><F126/><W30/><G30/><T63/><D63/><U56/><E58/><V48/><F48/><W64/><G64/><T15/><D119/><U88/><E104/><V132/><F132/><W65/><G65/><T80/><D80/><N who="2" m="30826" /><F21/><W76/><G76/><AGARI ba="0,0" hai="13,16,17,19,20,43,46,50,76,83,86" m="30826" machi="76" ten="30,2000,0" yaku="8,1,54,1" doraHai="71" who="2" fromWho="3" sc="248,0,216,0,216,20,320,-20" /><INIT seed="2,0,0,1,4,96" ten="248,216,236,300" oya="2" hai0="110,82,81,108,91,48,24,67,20,6,65,11,61" hai1="30,35,68,88,99,101,49,94,77,72,5,106,2" hai2="54,129,27,100,102,85,124,26,95,114,78,76,75" hai3="44,39,21,64,87,17,121,130,57,79,116,62,66"/><V53/><F114/><W46/><G116/><T28/><D48/><U128/><E68/><V55/><F129/><W12/><G121/><T123/><D123/><U92/><E128/><V83/><F124/><W107/><G107/><T84/><D82/><U93/><E35/><V63/><F63/><W60/><G39/><T119/><D119/><U118/><E118/><V115/><F115/><W25/><G130/><T90/><D90/><U41/><E30/><V80/><REACH who="2" step="1"/><F95/><REACH who="2" ten="248,216,226,300" step="2"/><W109/><G62/><T15/><D61/><U3/><E93/><V50/><F50/><W31/><G66/><T74/><D67/><U32/><E94/><V37/><F37/><W38/><G38/><T9/><D65/><U7/><E49/><V42/><F42/><W45/><G64/><T1/><D110/><U135/><E41/><V98/><F98/><W59/><G109/><T52/><D108/><U122/><E122/><V16/><F16/><W19/><G60/><T105/><D105/><U126/><E126/><V43/><F43/><W47/><G19/><T120/><D120/><U40/><E40/><V73/><F73/><W14/><G17/><T29/><D74/><U58/><E72/><V4/><F4/><W18/><G18/><T22/><D52/><U34/><E5/><V10/><F10/><W0/><G31/><N who="0" m="17799" /><D11/><U132/><E106/><V111/><F111/><W13/><G25/><AGARI ba="0,1" hai="25,26,27,53,54,55,75,76,78,80,83,85,100,102" machi="25" ten="40,7700,0" yaku="1,1,52,2,53,0" doraHai="96" doraHaiUra="86" who="2" fromWho="3" sc="248,0,216,0,226,87,300,-77" /><INIT seed="2,1,0,5,5,130" ten="248,216,313,223" oya="2" hai0="36,52,103,120,134,61,111,34,112,11,5,50,68" hai1="26,49,60,31,39,3,133,18,84,25,74,106,115" hai2="1,17,21,119,116,64,102,69,128,80,29,9,8" hai3="41,59,110,92,44,38,93,65,72,14,96,33,13"/><V89/><F128/><W2/><G2/><T135/><D120/><U62/><E74/><V51/><F102/><W28/><G110/><T95/><D112/><U83/><E39/><V86/><F69/><W117/><G117/><T125/><D111/><U7/><E115/><V88/><F64/><W87/><G72/><T85/><D34/><U122/><E106/><V81/><F29/><W54/><G65/><N who="0" m="41007" /><D36/><U23/><E122/><V15/><F1/><W108/><G108/><T66/><D66/><U37/><E37/><V30/><F30/><W32/><G87/><T48/><D125/><U90/><E133/><N who="0" m="50697" /><D52/><U124/><E124/><V121/><F121/><W10/><G33/><T126/><D126/><U94/><E60/><V129/><F129/><W27/><G96/><N who="0" m="59807" /><D85/><U82/><E62/><V77/><F116/><W0/><G0/><AGARI ba="1,0" hai="0,5,11,48,50" m="59807,50697,41007" machi="0" ten="30,7700,0" yaku="20,1,52,3" doraHai="130" who="0" fromWho="3" sc="248,80,216,0,313,0,223,-80" /><INIT seed="3,0,0,5,0,112" ten="328,216,313,143" oya="3" hai0="77,110,90,1,88,38,45,23,6,39,16,55,114" hai1="83,0,132,63,84,82,34,54,129,71,61,107,89" hai2="25,102,68,37,81,49,62,24,9,7,15,96,98" hai3="17,95,130,86,76,85,18,64,104,119,11,20,26"/><W117/><G104/><T50/><D114/><U91/><E0/><V27/><F37/><W87/><G130/><T106/><D106/><U134/><E107/><V14/><F81/><W33/><G33/><T57/><D110/><U78/><E34/><V101/><F68/><W123/><G123/><T125/><D125/><U111/><E71/><V67/><F49/><W108/><G108/><T103/><D103/><N who="2" m="39434" /><F62/><W73/><G64/><T35/><D35/><U80/><E91/><V93/><F67/><W53/><G95/><T100/><D100/><U99/><E134/><V47/><F47/><W128/><G128/><T72/><D39/><U124/><E84/><V92/><F15/><W43/><G43/><N who="0" m="22775" /><D16/><U10/><E10/><V58/><F58/><W79/><G53/><T42/><D23/><U121/><E121/><V120/><F120/><W66/><G66/><T46/><D46/><U22/><E22/><V13/><F13/><W131/><G131/><T115/><D115/><U51/><E124/><V40/><F40/><W65/><G65/><T127/><D127/><U69/><E99/><AGARI ba="0,0" hai="7,9,14,24,25,27,92,93,96,98,99" m="39434" machi="99" ten="30,1000,0" yaku="8,1" doraHai="112" who="2" fromWho="1" sc="328,0,216,-10,313,10,143,0" owari="328,42.8,206,-19.4,323,12.3,143,-35.7" /></mjloggm>