<mjloggm ver="2.3"><GO type="225" lobby="0"/><UN n0="%E7%B4%94%E6%BD%94%E3%83%94%E3%83%A9%E3%83%8B%E3%82%A2" n1="%E3%81%A4%E3%81%A3%E3%81%B1%E3%82%8A%E3%83%9D%E3%83%BC%E3%83%AB" n2="%E9%B3%B3%E6%9D%B1%E3%81%AE%E3%81%86%E3%81%95%E3%81%8E%E3%81%95%E3%82%93" n3="%4B%2E%32%2E%4B%2E" dan="16,16,17,16" rate="2109.27,2118.27,2222.38,2155.16" sx="M,M,M,M"/><TAIKYOKU oya="0"/><INIT seed="0,0,0,5,3,117" ten="250,250,250,250" oya="0" hai0="122,83,72,1,37,98,38,69,43,63,84,80,95" hai1="112,120,94,27,4,45,128,121,19,12,24,134,13" hai2="130,44,127,100,79,105,92,132,53,119,42,129,35" hai3="78,6,89,10,16,107,20,15,64,109,126,68,23"/><T133/><D1/><U8/><E45/><V114/><F35/><W55/><G107/><T52/><D72/><U65/><E65/><V113/><F92/><W59/><G109/><T86/><D133/><U2/><E94/><V88/><F88/><W77/><G126/><T102/><D122/><N who="1" m="47211" /><E134/><V50/><F79/><N who="3" m="30219" /><G68/><T110/><D110/><U116/><E116/><V5/><F5/><W108/><G108/><T31/><D69/><U90/><E90/><V66/><F127/><W103/><G103/><T73/><D73/><U25/><E128/><N who="2" m="49259" /><F100/><W47/><G89/><T74/><D74/><U124/><E124/><V3/><F105/><W123/><G123/><T106/><D106/><U115/><E2/><V22/><F3/><W118/><G118/><T101/><D101/><U18/><E4/><V82/><F119/><W41/><G64/><T58/><D37/><U46/><E46/><V36/><F132/><W28/><G6/><T21/><D38/><U0/><E0/><V62/><F82/><N who="0" m="31274" /><D43/><U57/><E57/><N who="2" m="32951" /><F66/><W26/><G47/><T131/><D131/><U75/><E75/><V104/><F104/><W70/><G41/><T125/><D125/><U85/><E85/><V87/><F87/><W99/><G99/><T40/><D40/><U49/><E49/><V135/><F135/><W97/><G97/><T54/><D54/><U67/><E67/><V76/><F76/><W51/><G70/><T71/><D71/><U56/><E56/><V39/><F39/><W81/><G81/><T29/><D86/><U7/><E7/><V32/><F36/><W30/><G59/><RYUUKYOKU ba="0,0" sc="250,-10,250,30,250,-10,250,-10" hai1="8,12,13,18,19,24,25,27,112,115" /><INIT seed="1,1,0,2,5,125" ten="240,280,240,240" oya="1" hai0="49,86,88,129,130,60,95,110,8,39,35,69,67" hai1="13,50,6,25,29,100,61,32,113,102,34,114,51" hai2="2,54,55,84,59,12,101,26,72,128,0,116,82" hai3="120,22,131,52,7,53,57,11,112,108,41,76,24"/><U31/><E13/><V56/><F116/><W21/><G112/><T105/><D39/><U16/><E61/><V63/><F72/><W5/><G120/><T48/><D35/><U107/><E107/><V64/><F128/><N who="0" m="49258" /><D105/><U111/><E25/><V65/><F101/><W89/><G131/><T9/><D110/><U98/><E98/><V10/><F26/><W92/><G108/><T19/><D19/><U135/><E111/><V106/><F106/><W33/><G33/><T44/><D49/><U3/><E3/><V36/><F0/><W78/><G7/><T127/><D127/><U119/><E6/><N who="2" m="3159" /><F2/><W122/><G122/><T96/><D86/><U47/><E16/><V75/><F75/><W94/><G5/><T79/><D79/><U133/><E47/><V85/><F36/><W37/><G78/><T66/><D67/><N who="2" m="25674" /><F82/><W90/><G37/><T18/><D18/><U93/><E93/><V15/><F85/><W80/><G80/><T28/><D28/><U73/><E73/><V23/><F84/><W123/><G92/><T43/><AGARI ba="1,0" hai="8,9,43,44,48,60,66,69,88,95,96" m="49258" machi="43" ten="30,8000,1" yaku="19,1,52,3,54,1" doraHai="125" who="0" fromWho="0" sc="240,83,280,-41,240,-21,240,-21" /><INIT seed="2,0,0,1,4,47" ten="323,239,219,219" oya="2" hai0="79,94,80,119,26,114,16,39,83,69,57,20,107" hai1="84,125,58,8,1,133,53,5,99,38,134,52,61" hai2="132,43,78,91,25,117,121,72,90,124,63,40,71" hai3="111,7,86,24,22,88,10,18,23,3,128,33,65"/><V19/><F121/><W29/><G111/><T120/><D114/><U113/><E113/><V28/><F117/><W108/><G108/><T56/><D107/><U135/><E125/><V104/><F124/><W34/><G128/><T85/><D39/><U81/><E99/><V101/><F19/><W6/><G65/><T14/><D69/><U31/><E31/><V13/><F13/><W97/><G97/><T102/><D120/><U9/><E38/><V64/><F132/><W115/><G115/><T116/><D80/><U36/><E36/><V118/><F118/><N who="0" m="45098" /><D26/><U54/><REACH who="1" step="1"/><E9/><REACH who="1" ten="323,229,219,219" step="2"/><V131/><F131/><W89/><G29/><T82/><D102/><U110/><E110/><V93/><F101/><W2/><G34/><T51/><D94/><U129/><E129/><V4/><F93/><W12/><G33/><T59/><D83/><U87/><E87/><V105/><F105/><W126/><G86/><T123/><D123/><U21/><E21/><V60/><F104/><W41/><G23/><T96/><D96/><U92/><E92/><V46/><F28/><W67/><G10/><T98/><D98/><U106/><E106/><V62/><F72/><W70/><G22/><T0/><D0/><U55/><E55/><AGARI ba="0,1" hai="14,16,20,51,55,56,57,59,79,82,85" m="45098" machi="55" ten="30,3900,0" yaku="12,1,52,1,54,1" doraHai="47" who="0" fromWho="1" sc="323,49,229,-39,219,0,219,0" /><INIT seed="3,0,0,4,3,126" ten="372,190,219,219" oya="3" hai0="17,125,69,71,53,21,65,18,79,38,35,66,28" hai1="82,12,37,24,113,60,80,121,111,87,19,56,59" hai2="62,90,93,10,47,128,117,48,107,30,134,41,132" hai3="110,99,104,105,106,14,100,9,101,26,86,72,36"/><W64/><G72/><T103/><D38/><U122/><E113/><V16/><F117/><W130/><G36/><T85/><D103/><U98/><E37/><V1/><F107/><W22/><G130/><T34/><D53/><U96/><E111/><V33/><F128/><W40/><G40/><T118/><D85/><U127/><E127/><V68/><F30/><W2/><G2/><T112/><D21/><U76/><E24/><V31/><F31/><W13/><G110/><T54/><D54/><U57/><E60/><V11/><F33/><W32/><G32/><T81/><D28/><U97/><REACH who="1" step="1"/><E82/><REACH who="1" ten="372,180,219,219" step="2"/><V58/><F62/><W70/><G70/><T51/><D81/><U131/><E131/><V61/><F61/><W43/><G64/><T75/><D65/><U109/><E109/><V119/><F68/><W92/><G43/><T25/><D66/><U50/><E50/><V7/><F119/><W67/><G67/><T89/><D51/><U0/><E0/><V123/><F48/><W73/><G73/><T42/><D75/><U78/><E78/><V52/><F41/><W95/><G101/><T77/><D42/><U120/><E120/><V115/><F123/><W3/><G3/><T108/><D108/><U27/><E27/><V135/><F115/><W84/><G9/><AGARI ba="0,1" hai="9,12,19,56,57,59,76,80,87,96,97,98,121,122" machi="9" ten="40,2600,0" yaku="1,1,53,1" doraHai="126" doraHaiUra="5" who="1" fromWho="3" sc="372,0,180,36,219,0,219,-26" owari="372,47.2,216,-18.4,219,1.9,193,-30.7" /></mjloggm>