<mjloggm ver="2.3"><GO type="225" lobby="0"/><UN n0="%72%69%6F%75%63%68%61%6E" n1="%6D%75%75%6D%75%72%61" n2="%E6%97%A5%E6%9B%9C%E6%97%A5%E3%82%88%E3%82%8A%E3%81%AE%E4%BD%BF%E8%80%85" n3="%67%61%79%75%6E%79" dan="17,16,18,16" rate="2230.96,2179.46,2169.68,2126.19" sx="M,F,M,M"/><TAIKYOKU oya="0"/><INIT seed="0,0,0,3,2,119" ten="250,250,250,250" oya="0" hai0="7,58,80,120,31,95,1,71,70,51,22,36,59" hai1="60,110,107,6,127,86,90,52,114,72,128,89,82" hai2="98,135,73,118,74,87,112,28,130,47,115,41,116" hai3="34,33,15,0,93,78,37,48,32,39,55,66,123"/><T61/><D120/><U64/><E110/><V38/><F28/><W69/><G0/><T24/><D36/><U35/><E127/><V10/><F87/><W111/><G111/><T26/><D80/><U122/><E128/><V12/><F98/><W16/><G123/><T3/><D95/><U43/><E122/><V5/><F130/><W91/><G78/><T76/><D76/><U77/><E35/><V75/><REACH who="2" step="1"/><F135/><REACH who="2" ten="250,250,240,250" step="2"/><W56/><G34/><T96/><D96/><U129/><E129/><V11/><F11/><W2/><G33/><T108/><D108/><U57/><E114/><AGARI ba="0,1" hai="5,10,12,38,41,47,73,74,75,112,114,115,116,118" machi="114" ten="50,1600,0" yaku="1,1,53,0" doraHai="119" doraHaiUra="134" who="2" fromWho="1" sc="250,0,250,-16,240,26,250,0" /><INIT seed="1,0,0,0,5,94" ten="250,234,266,250" oya="1" hai0="34,88,16,111,72,133,43,109,0,96,3,13,118" hai1="52,27,60,99,42,79,28,55,86,126,18,124,8" hai2="119,122,38,19,89,1,2,4,67,49,84,129,5" hai3="9,69,47,46,120,31,98,57,104,101,32,114,24"/><U54/><E42/><V17/><F38/><W20/><G120/><T14/><D133/><U29/><E60/><V37/><F37/><W11/><G114/><T77/><D118/><U51/><E51/><V105/><F105/><W65/><G57/><T7/><D34/><U92/><E79/><V45/><F122/><W95/><G20/><T40/><D7/><N who="2" m="2634" /><F1/><W128/><G128/><T103/><D13/><N who="1" m="7463" /><E86/><V80/><F2/><W108/><G95/><N who="0" m="56423" /><D103/><N who="1" m="60903" /><E27/><V50/><F119/><W93/><G93/><T68/><D68/><U64/><E64/><V21/><F129/><W85/><G85/><T71/><D71/><U66/><E66/><V106/><F106/><W22/><G65/><T78/><D0/><U44/><E44/><V6/><F67/><W36/><G69/><T23/><D3/><U26/><E26/><N who="2" m="14639" /><F6/><W117/><G36/><T12/><D12/><U121/><E121/><V91/><F19/><W39/><G39/><T132/><D132/><U41/><E41/><N who="0" m="15945" /><D72/><U127/><AGARI ba="0,0" hai="28,29,52,54,55,124,126,127" m="60903,7463" machi="127" ten="40,7800,0" yaku="18,1,52,1,54,1" doraHai="94" who="1" fromWho="1" sc="250,-26,234,78,266,-26,250,-26" /><INIT seed="1,1,0,2,1,118" ten="224,312,240,224" oya="1" hai0="119,66,113,29,85,42,120,18,48,31,71,69,59" hai1="30,58,126,60,99,87,131,28,125,45,93,74,108" hai2="63,104,135,78,47,1,128,40,130,6,55,53,54" hai3="122,103,105,100,127,27,39,73,44,112,16,111,92"/><U88/><E131/><N who="2" m="50219" /><F104/><W43/><G112/><T67/><D113/><U37/><E74/><V22/><F135/><W80/><G111/><T101/><D119/><U83/><E108/><V79/><F22/><W81/><G127/><N who="1" m="48650" /><E37/><N who="2" m="21903" /><F63/><W52/><G105/><T46/><D120/><U110/><E45/><V51/><F51/><W32/><G122/><T117/><D117/><U38/><E38/><V124/><F124/><W13/><G32/><T26/><D101/><N who="1" m="60655" /><E110/><V56/><F56/><W94/><G100/><T14/><D71/><U107/><E107/><V19/><F19/><W21/><G103/><T10/><D69/><U65/><AGARI ba="1,0" hai="28,30,58,60,65,83,87,88" m="60655,48650" machi="65" ten="30,3000,0" yaku="18,1,54,1" doraHai="118" who="1" fromWho="1" sc="224,-11,312,33,240,-11,224,-11" /><INIT seed="1,2,0,0,5,71" ten="213,345,229,213" oya="1" hai0="8,66,13,121,123,10,1,11,59,69,76,50,35" hai1="91,63,16,21,106,48,128,132,74,27,65,115,86" hai2="20,133,53,4,44,19,85,55,110,101,14,131,130" hai3="54,90,40,51,33,2,83,62,72,42,113,57,58"/><U87/><E115/><V9/><F110/><W107/><G107/><T36/><D35/><U12/><E74/><V126/><F126/><W93/><G33/><T60/><D1/><U127/><E127/><V100/><F133/><W31/><G31/><T43/><D76/><U61/><E132/><V98/><F85/><W135/><G2/><T75/><D75/><U120/><E128/><N who="2" m="49195" /><F44/><W108/><G108/><T103/><D103/><N who="2" m="39498" /><F98/><W99/><G113/><T78/><D78/><U18/><E106/><V32/><F32/><W7/><G135/><T122/><D36/><U118/><E120/><V114/><F114/><W73/><G7/><T28/><D28/><U109/><E118/><V49/><F49/><W79/><REACH who="3" step="1"/><G73/><REACH who="3" ten="213,345,229,203" step="2"/><T70/><REACH who="0" step="1"/><D13/><AGARI ba="2,1" hai="4,9,13,14,19,20,53,55" m="39498,49195" machi="13" ten="30,1000,0" yaku="19,1" doraHai="71" who="2" fromWho="0" sc="213,-16,345,0,229,26,203,0" /><INIT seed="2,0,0,1,4,77" ten="197,345,255,203" oya="2" hai0="131,113,12,60,135,7,133,72,117,121,95,120,101" hai1="47,104,48,107,70,111,31,114,132,0,118,75,37" hai2="126,73,11,86,43,91,39,23,6,50,88,51,58" hai3="9,106,115,112,100,49,10,93,68,124,25,92,90"/><V65/><F73/><W89/><G68/><T19/><D113/><N who="3" m="43593" /><G124/><T53/><D131/><U16/><E114/><V127/><F39/><W128/><G128/><T99/><D117/><U63/><E118/><V24/><F127/><W82/><G25/><T15/><D72/><U129/><E37/><V46/><F126/><W71/><G71/><T4/><D53/><U35/><E0/><V61/><F51/><W55/><G100/><T44/><D60/><U33/><E33/><V34/><F34/><W18/><G106/><T66/><D44/><U1/><E107/><V29/><REACH who="2" step="1"/><F86/><REACH who="2" ten="197,345,245,203" step="2"/><N who="3" m="50391" /><G92/><T110/><D121/><U85/><E85/><V32/><F32/><W84/><G18/><T40/><D120/><U20/><E16/><V122/><F122/><W97/><G84/><T21/><D135/><U62/><E132/><V57/><F57/><AGARI ba="0,1" hai="9,10,49,55,57,90,93,97" m="50391,43593" machi="57" ten="30,2000,0" yaku="11,1,52,1" doraHai="77" who="3" fromWho="2" sc="197,0,345,0,245,-20,203,30" /><INIT seed="3,0,0,1,5,18" ten="197,345,225,233" oya="3" hai0="101,31,22,3,46,117,72,38,91,9,33,115,48" hai1="21,73,132,74,79,128,30,55,110,69,4,71,60" hai2="57,85,84,7,109,32,98,88,86,51,13,92,36" hai3="124,99,64,130,49,105,6,20,26,66,112,76,123"/><W15/><G123/><T10/><D117/><U34/><E34/><V75/><F36/><W0/><G112/><T17/><D72/><U100/><E110/><V87/><F75/><W65/><G0/><T53/><D115/><U28/><E128/><V39/><F39/><W104/><G130/><T83/><D3/><U45/><E100/><N who="2" m="60487" /><F32/><W97/><G76/><T29/><D101/><U126/><E60/><V80/><F109/><W62/><G62/><T27/><D38/><U93/><E45/><V41/><F57/><W52/><G124/><T102/><D102/><U68/><E55/><V107/><F107/><W35/><G35/><T131/><D131/><U16/><E132/><V90/><F90/><W2/><G2/><T12/><D29/><U47/><E30/><V70/><F70/><W77/><G77/><T108/><D108/><U133/><E4/><V129/><F129/><W122/><G122/><T63/><D63/><U11/><E11/><N who="2" m="4351" /><F51/><W82/><G82/><T121/><D121/><U14/><E14/><V118/><F118/><W40/><G104/><T50/><REACH who="0" step="1"/><D48/><REACH who="0" ten="187,345,225,233" step="2"/><U111/><E74/><V44/><F44/><N who="3" m="27687" /><G105/><T94/><D94/><U116/><E93/><V67/><F67/><W43/><G66/><T125/><D125/><U1/><E73/><V135/><F135/><W127/><G65/><T59/><D59/><U24/><E126/><V81/><F81/><W54/><G64/><T8/><D8/><U96/><E133/><V37/><F37/><W113/><G127/><T134/><D134/><U58/><E1/><V19/><F19/><BYE who="2" /><W56/><G113/><RYUUKYOKU ba="0,1" sc="187,15,345,-15,225,15,233,-15" hai0="9,10,12,17,22,27,31,33,46,50,53,83,91" hai2="41,80,84,85,86,87,88" owari="202,-29.8,340,44.0,240,4.0,218,-18.2" /></mjloggm>