<mjloggm ver="2.3"><GO type="225" lobby="0"/><UN n0="%E3%81%AF%E3%82%88%E3%81%8A%E3%81%98%E3%81%95%E3%82%93" n1="%33%73%74%72%69%6B%65%73" n2="%E6%80%AA%E3%81%97%E3%81%99%E3%81%8E%E3%82%8B%E3%83%81%E3%83%BC" n3="%6D%75%75%6D%75%72%61" dan="16,16,17,16" rate="2206.58,2121.98,2130.60,2106.99" sx="M,M,M,F"/><TAIKYOKU oya="0"/><INIT seed="0,0,0,4,3,131" ten="250,250,250,250" oya="0" hai0="71,30,99,77,102,33,5,86,1,12,107,83,40" hai1="28,129,119,93,96,82,21,24,75,79,88,134,103" hai2="113,94,3,101,9,45,2,10,52,13,112,115,73" hai3="104,84,130,80,57,17,67,111,64,29,117,97,120"/><T16/><D71/><U8/><E129/><V62/><F73/><W19/><G130/><T36/><D1/><U95/><E119/><V74/><F74/><W69/><G117/><T18/><D33/><U46/><E134/><V81/><F81/><W127/><G69/><T51/><D36/><U118/><E118/><V135/><F135/><W105/><G111/><T58/><D30/><U50/><E8/><V125/><F125/><W89/><G127/><T98/><D99/><U72/><E72/><V7/><F10/><W38/><G38/><T0/><D0/><U122/><E122/><V35/><F35/><W23/><G120/><T68/><D68/><U47/><REACH who="1" step="1"/><E50/><REACH who="1" ten="250,240,250,250" step="2"/><V87/><F112/><W90/><G105/><T25/><D5/><U27/><E27/><V15/><F113/><W34/><G104/><T70/><D25/><U78/><E78/><V85/><F115/><W109/><G109/><T32/><D12/><U60/><E60/><V48/><F62/><W63/><G63/><T132/><D132/><U39/><E39/><V121/><F3/><W123/><G123/><T65/><D70/><U41/><E41/><V56/><F121/><W20/><G34/><T66/><D32/><U11/><E11/><V100/><F13/><W22/><G22/><T54/><REACH who="0" step="1"/><D40/><REACH who="0" ten="240,240,250,250" step="2"/><U126/><E126/><V76/><F2/><W91/><G23/><T49/><D49/><U37/><E37/><V133/><F133/><W59/><G20/><T61/><D61/><U14/><E14/><V44/><F15/><W6/><G6/><T124/><D124/><U43/><E43/><RYUUKYOKU ba="0,2" sc="240,15,240,15,250,-15,250,-15" hai0="16,18,51,54,58,65,66,77,83,86,98,102,107" hai1="21,24,28,46,47,75,79,82,88,93,95,96,103" /><INIT seed="0,1,2,1,1,92" ten="255,255,235,235" oya="0" hai0="128,54,43,5,121,15,68,125,58,63,133,24,11" hai1="132,48,122,45,39,70,107,44,83,22,95,118,36" hai2="25,130,14,0,28,110,31,103,34,106,42,86,51" hai3="67,32,38,8,93,56,111,116,82,75,59,26,37"/><T76/><D121/><U66/><E118/><V77/><F0/><W46/><G116/><T129/><D125/><U33/><E33/><V90/><F110/><W119/><G119/><T50/><D133/><U79/><E107/><V23/><F130/><N who="0" m="50282" /><D76/><U127/><E122/><V85/><F77/><W64/><G111/><T53/><D24/><U18/><E95/><V72/><F72/><W40/><G75/><T89/><D89/><U131/><E45/><V97/><F90/><W117/><G82/><T4/><D43/><U105/><E105/><V13/><F28/><W134/><G117/><T30/><D30/><U98/><E131/><V27/><F27/><W60/><G134/><T99/><D99/><U126/><E98/><V19/><REACH who="2" step="1"/><F14/><REACH who="2" ten="255,255,225,235" step="2"/><W7/><G26/><T101/><D101/><U10/><E132/><V87/><F87/><W1/><G32/><T57/><D68/><U41/><E70/><V78/><F78/><W69/><G69/><T135/><D135/><U100/><E79/><V108/><F108/><W35/><G35/><T88/><D88/><U104/><E126/><V55/><F55/><W12/><G1/><T3/><D3/><U65/><E127/><V109/><F109/><W112/><G12/><T2/><D2/><U94/><E41/><V120/><F120/><W113/><G40/><T91/><D91/><U20/><E100/><V21/><F21/><W49/><G113/><T102/><D102/><U6/><E22/><V47/><AGARI ba="1,3" hai="13,19,23,25,31,34,42,47,51,85,86,97,103,106" machi="47" ten="30,4000,0" yaku="1,1,0,1,52,1,53,0" doraHai="92" doraHaiUra="74" who="2" fromWho="2" sc="255,-21,255,-11,225,73,235,-11" /><INIT seed="1,0,0,5,1,84" ten="234,244,298,224" oya="1" hai0="66,76,45,49,61,32,14,92,96,13,98,91,105" hai1="86,120,28,94,6,133,82,30,0,110,102,103,62" hai2="53,17,124,100,50,75,97,42,19,24,5,129,58" hai3="93,74,87,125,121,60,106,52,104,27,81,111,134"/><U47/><E120/><V31/><F75/><W68/><G121/><T71/><D32/><U26/><E133/><V72/><F72/><W16/><G134/><T21/><D76/><N who="1" m="46407" /><E0/><V33/><F129/><W114/><G114/><T101/><REACH who="0" step="1"/><D21/><REACH who="0" ten="224,244,298,224" step="2"/><N who="1" m="15439" /><E110/><V59/><F33/><W118/><G111/><T117/><D117/><U78/><E78/><V15/><F124/><W70/><G125/><T80/><D80/><U130/><E130/><V89/><F31/><W113/><G118/><T40/><AGARI ba="0,1" hai="13,14,40,45,49,61,66,71,91,92,96,98,101,105" machi="40" ten="20,5200,0" yaku="1,1,0,1,7,1,52,1,53,0" doraHai="84" doraHaiUra="34" who="0" fromWho="0" sc="224,62,244,-26,298,-13,224,-13" /><INIT seed="2,0,0,2,0,127" ten="286,218,285,211" oya="2" hai0="95,55,80,99,27,120,89,115,109,90,118,14,62" hai1="51,33,71,101,123,98,31,5,0,41,125,44,69" hai2="32,88,37,74,104,75,85,24,39,26,58,108,114" hai3="113,6,40,50,119,63,54,65,79,12,96,20,117"/><V64/><F114/><W34/><G113/><T97/><D115/><U18/><E125/><V86/><F104/><W91/><G34/><T19/><D120/><U100/><E100/><V67/><F32/><W133/><G133/><T112/><D112/><U16/><E123/><V22/><F58/><W11/><G79/><T53/><D109/><U92/><E5/><V134/><F22/><W105/><G40/><T132/><D132/><U21/><E0/><V128/><F134/><W76/><G76/><T110/><D110/><U60/><E60/><V82/><F108/><W84/><G20/><T52/><D118/><U129/><E129/><V29/><F128/><W70/><G96/><T57/><D27/><U130/><E130/><V28/><REACH who="2" step="1"/><F88/><REACH who="2" ten="286,218,275,211" step="2"/><N who="0" m="33898" /><D80/><AGARI ba="0,1" hai="24,26,28,29,37,39,64,67,74,75,80,82,85,86" machi="80" ten="25,4800,0" yaku="1,1,22,2,53,0" doraHai="127" doraHaiUra="2" who="2" fromWho="0" sc="286,-48,218,0,275,58,211,0" /><INIT seed="2,1,0,3,4,113" ten="238,218,333,211" oya="2" hai0="20,36,60,129,40,127,28,133,94,17,99,10,55" hai1="27,45,29,91,120,82,65,42,21,108,117,7,35" hai2="4,103,90,95,34,31,89,122,2,109,48,30,75" hai3="14,44,8,56,121,118,73,26,81,58,41,78,116"/><V85/><F75/><W61/><G121/><T123/><D123/><U110/><E120/><V62/><F34/><W12/><G26/><T130/><D127/><U96/><E65/><V112/><F112/><W77/><G77/><T72/><D72/><U52/><E7/><V15/><F2/><W115/><G115/><T5/><D28/><U59/><E117/><V87/><F103/><W107/><G107/><T71/><D133/><U49/><E35/><V135/><F135/><W16/><G14/><T68/><D40/><U93/><REACH who="1" step="1"/><E82/><REACH who="1" ten="238,208,333,211" step="2"/><N who="2" m="49335" /><F4/><W53/><REACH who="3" step="1"/><G58/><REACH who="3" ten="238,208,333,201" step="2"/><N who="0" m="34911" /><D71/><U47/><E47/><V131/><F122/><W88/><G88/><N who="0" m="55751" /><D68/><U51/><AGARI ba="1,2" hai="21,27,29,42,45,49,51,52,59,91,93,96,108,110" machi="51" ten="30,4000,0" yaku="1,1,0,1,54,1,53,0" doraHai="113" doraHaiUra="32" who="1" fromWho="1" sc="238,-11,208,63,333,-21,201,-11" /><INIT seed="3,0,0,3,5,1" ten="227,271,312,190" oya="3" hai0="61,22,96,41,70,45,48,53,98,108,64,129,63" hai1="62,28,95,8,84,103,6,130,78,82,32,56,86" hai2="27,109,15,7,93,135,46,131,24,91,118,26,126" hai3="117,116,44,72,128,36,69,50,40,89,29,2,99"/><W54/><G128/><T34/><D34/><U133/><E133/><V47/><F118/><W83/><G69/><T123/><D123/><U76/><E130/><V59/><F109/><W111/><G111/><T104/><D129/><U16/><E32/><V100/><F126/><W125/><G125/><T92/><D108/><U121/><E28/><V105/><F135/><W43/><G29/><T101/><D22/><U110/><E110/><V60/><F100/><W97/><G2/><T21/><D21/><U37/><E37/><V87/><F105/><W124/><G124/><T9/><D9/><U10/><E16/><V66/><F131/><W4/><G4/><T0/><D0/><U58/><E58/><V102/><F102/><W51/><G36/><T79/><D79/><U77/><E84/><V67/><F67/><W119/><G40/><T19/><D19/><U12/><E8/><AGARI ba="0,0" hai="7,8,15,24,26,27,46,47,59,60,66,87,91,93" machi="8" ten="40,2600,0" yaku="8,1,52,1" doraHai="1" who="2" fromWho="1" sc="227,0,271,-26,312,26,190,0" owari="227,-17.3,245,4.5,338,43.8,190,-31.0" /></mjloggm>