<mjloggm ver="2.3"><GO type="225" lobby="0"/><UN n0="%E3%81%8B%E3%82%8F%E3%81%A1%E3%82%83%E3%82%93%35%38" n1="%72%69%6F%75%63%68%61%6E" n2="%E6%A1%9C%E8%8A%B1%E9%96%83%E3%80%85" n3="%E9%B3%B3%E6%9D%B1%E3%81%AE%E3%81%BF%E3%81%91%E3%81%AB%E3%82%83%E3%82%93" dan="16,16,16,16" rate="2221.90,2119.71,2046.34,2048.86" sx="M,M,M,F"/><TAIKYOKU oya="0"/><INIT seed="0,0,0,5,3,127" ten="250,250,250,250" oya="0" hai0="51,71,35,135,26,99,3,43,23,83,42,30,102" hai1="61,89,84,4,33,59,87,75,40,92,37,16,36" hai2="88,79,125,46,97,66,1,117,31,52,113,55,118" hai3="27,60,19,78,41,82,5,98,49,103,86,0,112"/><T44/><D135/><U48/><E75/><V131/><F113/><W106/><G112/><T120/><D120/><U74/><E74/><V7/><F125/><W58/><G0/><T93/><D3/><U81/><E33/><V126/><F126/><W67/><G5/><T134/><D134/><U104/><E104/><V96/><F79/><W50/><G41/><T45/><D71/><U47/><E4/><V107/><F131/><W70/><G70/><T65/><D65/><U101/><E16/><V20/><F66/><W24/><G24/><T53/><D83/><U32/><E32/><V119/><F107/><W12/><REACH who="3" step="1"/><G27/><REACH who="3" ten="250,250,250,240" step="2"/><T77/><D77/><U80/><E80/><V109/><F7/><W38/><G38/><T114/><D114/><U110/><E110/><V122/><F1/><W2/><G2/><T73/><D73/><U11/><E36/><V64/><F109/><W6/><G6/><T132/><D132/><U94/><E37/><V128/><F118/><W54/><G54/><T34/><REACH who="0" step="1"/><D53/><REACH who="0" ten="240,250,250,240" step="2"/><N who="1" m="34031" /><E81/><V121/><F55/><W21/><AGARI ba="0,2" hai="12,19,21,49,50,58,60,67,78,82,86,98,103,106" machi="21" ten="20,2700,0" yaku="1,1,0,1,7,1,53,0" doraHai="127" doraHaiUra="133" who="3" fromWho="3" sc="240,-13,250,-7,250,-7,240,47" /><INIT seed="1,0,0,4,5,37" ten="227,243,243,287" oya="1" hai0="66,42,109,17,32,35,83,85,51,59,87,52,12" hai1="38,128,93,97,126,92,23,106,64,30,53,131,70" hai2="111,65,72,99,54,48,96,5,135,18,127,4,130" hai3="63,10,119,105,33,62,13,89,46,43,25,58,19"/><U28/><E126/><V123/><F123/><W47/><G105/><T21/><D109/><U108/><E108/><V22/><F111/><W6/><G119/><T91/><D66/><U57/><E38/><V31/><F127/><W76/><G76/><T71/><D71/><U81/><E70/><V27/><F72/><W34/><G47/><T14/><D42/><U49/><E64/><V11/><F130/><N who="1" m="49705" /><E81/><V121/><F135/><W94/><G6/><N who="2" m="2665" /><F65/><W86/><G25/><T110/><D110/><U113/><E113/><V61/><F61/><W44/><G44/><T103/><D103/><N who="1" m="62831" /><E23/><N who="2" m="15871" /><F11/><W104/><G104/><T122/><D122/><U60/><E60/><V3/><F3/><W124/><G63/><T74/><D74/><U117/><E117/><V7/><F7/><W90/><G124/><T56/><D12/><U26/><E26/><N who="2" m="14679" /><F121/><W45/><G62/><T88/><REACH who="0" step="1"/><D56/><AGARI ba="0,0" hai="48,54,56,96,99" m="14679,15871,2665" machi="56" ten="30,1000,0" yaku="8,1" doraHai="37" who="2" fromWho="0" sc="227,-10,243,0,243,10,287,0" /><INIT seed="2,0,0,0,1,76" ten="217,243,253,287" oya="2" hai0="133,121,11,82,107,40,22,104,54,68,87,41,44" hai1="56,90,102,6,118,57,32,132,58,84,7,96,4" hai2="93,114,86,129,39,48,28,30,19,117,73,63,69" hai3="5,49,116,70,81,20,109,112,126,97,43,24,55"/><V67/><F117/><W134/><G116/><T16/><D121/><U9/><E118/><V127/><F73/><W110/><G43/><T103/><D68/><U98/><E132/><V135/><F114/><W10/><G70/><T59/><D133/><U8/><E32/><V65/><F39/><W36/><G36/><T95/><D11/><N who="1" m="4171" /><E102/><V115/><F115/><W47/><G134/><T3/><D3/><U123/><E123/><V131/><F135/><W1/><G112/><T66/><D66/><U31/><E31/><V42/><F127/><W99/><G126/><T38/><D41/><U108/><E108/><N who="3" m="41578" /><G81/><AGARI ba="0,0" hai="4,6,7,56,57,58,81,84,90,96,98" m="4171" machi="81" ten="30,2000,0" yaku="8,1,52,1" doraHai="76" who="1" fromWho="3" sc="217,0,243,20,253,0,287,-20" /><INIT seed="3,0,0,4,5,36" ten="217,263,253,267" oya="3" hai0="134,83,11,86,95,65,10,105,91,116,23,132,26" hai1="94,38,70,49,15,17,34,42,7,103,57,16,135" hai2="102,47,1,84,14,124,59,92,60,69,52,58,107" hai3="129,89,44,72,54,24,0,39,64,96,9,123,62"/><W46/><G123/><T112/><D105/><U76/><E34/><V12/><F124/><W56/><G72/><T120/><D116/><U88/><E70/><V29/><F69/><W50/><G129/><T5/><D120/><U73/><E135/><N who="0" m="51753" /><D112/><U13/><E103/><V40/><F1/><W22/><G0/><T100/><D65/><U45/><E76/><V111/><F111/><W126/><G9/><T51/><D51/><U18/><E73/><V114/><F114/><W128/><G128/><T122/><D122/><U104/><E104/><V28/><F59/><W78/><G78/><N who="0" m="46455" /><D100/><U81/><E81/><V37/><F107/><W97/><G126/><T90/><D5/><U41/><E41/><V20/><F84/><W48/><G39/><T75/><D75/><U108/><E108/><V21/><F92/><W4/><G4/><T3/><D3/><U80/><E80/><V87/><F87/><W30/><G89/><N who="0" m="33803" /><D95/><U19/><E7/><V130/><F102/><W82/><G82/><T77/><D77/><U113/><E113/><V8/><F130/><W74/><G74/><T125/><D125/><U67/><N who="1" m="4096" /><DORA hai="27" /><U93/><E93/><V106/><F106/><W117/><G117/><T85/><D85/><N who="1" m="52495" /><E38/><V115/><F115/><W118/><G118/><T131/><D131/><U53/><E53/><AGARI ba="0,0" hai="22,24,30,44,46,48,50,53,54,56,62,64,96,97" machi="53" ten="30,11600,0" yaku="7,1,9,1,8,1,52,1" doraHai="36,27" who="3" fromWho="1" sc="217,0,263,-116,253,0,267,116" owari="217,-18.3,147,-35.3,253,5.3,383,48.3" /></mjloggm>