<mjloggm ver="2.3"><GO type="225" lobby="0"/><UN n0="%E3%81%8F%E3%81%BE%E3%81%96%E3%82%8F" n1="%E3%81%A1%E3%82%85%E3%81%86%E3%81%A9%E3%81%8F%E8%B1%A1%E3%81%95%E3%82%93" n2="%E5%A4%96%E5%B7%9D%E7%AB%9C%E6%88%90" n3="%E5%B8%86%E7%AB%8B%E5%A4%8F%E8%A1%A3" dan="16,17,16,16" rate="2051.54,2237.08,2124.35,2108.11" sx="M,M,M,M"/><TAIKYOKU oya="0"/><INIT seed="0,0,0,3,4,99" ten="250,250,250,250" oya="0" hai0="50,96,73,118,119,131,22,2,21,54,108,92,46" hai1="76,107,25,27,103,87,26,100,34,110,82,66,3" hai2="77,56,10,80,45,95,60,16,33,91,71,48,7" hai3="74,51,70,124,109,93,63,18,30,15,13,12,40"/><T106/><D106/><U104/><BYE who="0" /><E3/><UN n0="%E3%81%8F%E3%81%BE%E3%81%96%E3%82%8F" /><V114/><F114/><W72/><G109/><T43/><D108/><U28/><E110/><V123/><F123/><W11/><G124/><T86/><D73/><U133/><E133/><V32/><F71/><W14/><G30/><T31/><D131/><U125/><E125/><V62/><F62/><W120/><G120/><T78/><D2/><U64/><E34/><V44/><F44/><W111/><G111/><T81/><D43/><U121/><E28/><V117/><F117/><W39/><G39/><T75/><D75/><U88/><E76/><V29/><F29/><W38/><G38/><T132/><D132/><U53/><E53/><V23/><F10/><W112/><G112/><T135/><D135/><U134/><E134/><V128/><F7/><W20/><G11/><T98/><D98/><U85/><E121/><V97/><F128/><W101/><G51/><T9/><D9/><U59/><E85/><V94/><F94/><W52/><G40/><T42/><D42/><U116/><E116/><V67/><F48/><W0/><G0/><T37/><D37/><U6/><E6/><V129/><F45/><W1/><G1/><T83/><D83/><U41/><E41/><V126/><F129/><W102/><G93/><T61/><D22/><U55/><E104/><V4/><F4/><W65/><G52/><T122/><D122/><U36/><E36/><V130/><F130/><W84/><G84/><T115/><D115/><U90/><E107/><V127/><F127/><W105/><G105/><T47/><D119/><U49/><E90/><RYUUKYOKU ba="0,0" sc="250,-15,250,15,250,-15,250,15" hai1="25,26,27,49,55,59,64,66,82,87,88,100,103" hai3="12,13,14,15,18,20,63,65,70,72,74,101,102" /><INIT seed="1,1,0,3,2,91" ten="235,265,235,265" oya="1" hai0="36,135,128,133,120,10,41,109,121,130,96,73,9" hai1="78,95,132,104,106,49,124,25,40,123,48,82,38" hai2="111,85,21,23,117,3,74,26,47,129,100,20,84" hai3="105,90,46,76,8,89,58,77,108,66,72,92,127"/><U5/><E123/><N who="0" m="47177" /><D73/><U11/><E124/><V57/><F117/><W126/><G105/><T16/><D41/><U68/><E68/><V125/><F74/><W31/><G108/><T1/><D36/><U87/><E25/><V0/><F125/><N who="3" m="47627" /><G31/><T51/><D51/><U17/><E17/><V35/><F111/><W134/><G134/><N who="0" m="51211" /><D109/><U55/><E38/><V22/><F129/><N who="0" m="49770" /><D1/><U18/><E40/><V63/><F47/><W81/><G46/><T30/><D30/><U69/><E48/><V14/><F0/><W86/><G72/><T97/><D16/><U39/><E18/><V64/><F3/><W44/><G44/><T67/><D67/><U29/><E39/><V79/><F14/><W54/><G66/><T131/><D131/><U99/><E29/><V116/><F26/><W83/><G54/><T32/><D32/><U19/><E19/><V119/><F35/><W7/><G81/><T122/><D122/><U118/><E132/><V24/><F24/><W98/><G83/><T53/><D53/><U80/><E82/><V112/><F119/><W70/><G76/><T88/><D88/><N who="1" m="55783" /><E118/><V33/><F33/><W13/><G77/><T75/><D75/><U107/><E49/><V62/><F116/><W52/><G89/><T27/><D27/><U2/><E55/><V12/><F64/><W4/><G52/><T59/><D59/><U34/><E34/><V103/><F57/><W102/><G58/><T101/><D101/><U60/><E69/><V113/><F103/><N who="3" m="60871" /><G70/><T37/><D37/><U115/><E115/><V114/><F112/><W56/><G102/><RYUUKYOKU ba="1,0" sc="235,15,265,15,235,-15,265,-15" hai0="9,10,96,97" hai1="2,5,11,60,78,80,87,104,106,107" /><INIT seed="1,2,0,0,5,101" ten="250,280,220,250" oya="1" hai0="52,37,78,36,123,9,27,135,103,44,46,113,65" hai1="7,16,49,47,23,54,69,3,107,45,20,120,10" hai2="80,105,128,127,129,41,6,58,29,73,99,87,131" hai3="68,114,21,98,74,92,40,104,75,109,57,96,43"/><U28/><E120/><V67/><F127/><W126/><G68/><T84/><D113/><U60/><E69/><V63/><F41/><W118/><G114/><T42/><D135/><U116/><E116/><V108/><F108/><W132/><G118/><T111/><D111/><U133/><E133/><V83/><F6/><W13/><G132/><T11/><D123/><U124/><E124/><V55/><F29/><W79/><G109/><T50/><D65/><U71/><E107/><V64/><F73/><W97/><G126/><T38/><D103/><U76/><E76/><V81/><F87/><W90/><G57/><T95/><D27/><U102/><E102/><AGARI ba="2,0" hai="55,58,63,64,67,80,81,83,99,102,105,128,129,131" machi="102" ten="50,3200,0" yaku="19,1,52,1" doraHai="101" who="2" fromWho="1" sc="250,0,280,-38,220,38,250,0" /><INIT seed="2,0,0,1,4,84" ten="250,242,258,250" oya="2" hai0="54,135,52,26,61,4,87,119,33,55,32,110,128" hai1="30,15,20,121,79,131,81,34,77,57,22,115,95" hai2="114,73,49,5,16,92,112,90,6,69,106,48,2" hai3="37,21,89,11,91,19,58,130,129,7,47,111,80"/><V63/><F106/><W38/><G111/><T46/><D110/><U72/><E115/><V118/><F118/><W24/><G58/><T76/><D128/><N who="3" m="49257" /><G80/><T0/><D119/><U105/><E105/><V53/><F73/><W94/><G94/><T31/><D135/><U70/><E70/><V28/><F28/><W104/><G104/><T13/><D0/><U64/><E131/><V66/><F48/><W99/><G99/><T62/><D33/><U60/><E121/><V82/><F82/><W98/><G98/><T116/><D116/><U132/><E132/><V68/><F69/><W10/><G10/><T123/><D123/><U74/><E95/><V44/><F2/><N who="3" m="503" /><G47/><T56/><D46/><U113/><E113/><V86/><F112/><W109/><G109/><T25/><D56/><U103/><E103/><V67/><F114/><W125/><G125/><T75/><D75/><U40/><E40/><V9/><REACH who="2" step="1"/><F67/><REACH who="2" ten="250,242,248,250" step="2"/><W3/><G3/><T124/><D124/><U107/><E107/><V108/><F108/><W1/><G1/><T134/><D134/><U101/><E81/><V35/><F35/><W126/><G126/><T17/><D32/><U42/><E34/><V12/><AGARI ba="0,1" hai="5,6,9,12,16,44,49,53,63,66,68,86,90,92" machi="12" ten="30,11700,0" yaku="1,1,0,1,52,1,54,1,53,0" doraHai="84" doraHaiUra="39" who="2" fromWho="2" sc="250,-39,242,-39,248,127,250,-39" /><INIT seed="2,1,0,3,1,46" ten="211,203,375,211" oya="2" hai0="3,47,38,126,87,49,64,92,114,42,104,7,16" hai1="8,14,39,69,77,129,110,73,34,29,72,76,45" hai2="132,106,83,25,43,78,67,5,36,80,52,97,9" hai3="58,37,122,10,127,19,17,81,89,40,71,13,2"/><V100/><F132/><W26/><G71/><T111/><D111/><U82/><E69/><V11/><F67/><W28/><G122/><T123/><D123/><U44/><E110/><V75/><F83/><W121/><G121/><T120/><D120/><U124/><E124/><V20/><F5/><W57/><G127/><T102/><D126/><U1/><E129/><V96/><F96/><W30/><G37/><T128/><D128/><U134/><E134/><V35/><F35/><W135/><G135/><T4/><D114/><U18/><E1/><V51/><F43/><W117/><G40/><T32/><D32/><U21/><E34/><V133/><F36/><W86/><G2/><T63/><D104/><U65/><E65/><V131/><F131/><W109/><G117/><T95/><D3/><U91/><E91/><V24/><F24/><W53/><G58/><N who="0" m="36983" /><D38/><U56/><E56/><V6/><F6/><W103/><G103/><T84/><D102/><U31/><E39/><V108/><F108/><W0/><G0/><T33/><D33/><U125/><E125/><V116/><F116/><W62/><G109/><T68/><D68/><U88/><E88/><V12/><F12/><W119/><G119/><T22/><D4/><U61/><E61/><V85/><F75/><W55/><G55/><T90/><D7/><U118/><E118/><V50/><F133/><W99/><G99/><N who="0" m="57751" /><D95/><U54/><E54/><V93/><F52/><W112/><G112/><T23/><D23/><AGARI ba="1,0" hai="10,13,17,19,23,26,28,30,53,57,62,81,86,89" machi="23" ten="40,1300,0" yaku="8,1" doraHai="46" who="3" fromWho="0" sc="211,-16,203,0,375,0,211,16" /><INIT seed="3,0,0,2,0,27" ten="195,203,375,227" oya="3" hai0="66,99,125,132,80,0,43,96,130,39,7,123,64" hai1="17,29,103,67,45,26,5,40,38,115,131,21,47" hai2="56,9,129,122,75,101,70,108,84,52,88,31,24" hai3="89,81,104,69,127,76,110,10,3,30,48,74,58"/><W107/><G69/><T100/><D123/><U65/><E115/><V62/><F122/><W63/><G48/><T68/><D0/><U117/><E5/><V44/><F108/><W23/><G89/><T51/><D7/><U55/><E103/><V6/><F129/><W98/><G98/><T78/><D39/><U92/><E131/><V126/><F126/><W12/><G3/><T73/><D130/><U2/><E2/><V37/><F75/><W22/><G22/><T111/><D111/><U116/><E92/><V11/><F101/><W79/><G79/><T120/><D120/><U133/><E133/><V16/><F70/><W97/><G97/><T118/><D118/><N who="1" m="45675" /><E17/><V33/><F6/><W109/><G127/><T72/><D125/><U61/><E45/><V87/><F16/><N who="3" m="8215" /><G107/><T82/><D132/><U77/><E77/><V14/><F14/><W106/><G106/><T71/><D100/><U18/><E18/><V46/><F87/><W90/><G104/><T95/><D78/><U105/><E105/><V32/><F32/><W34/><G34/><T1/><D1/><U35/><E35/><V25/><F25/><N who="3" m="16703" /><G90/><T57/><D95/><U94/><E94/><N who="2" m="54535" /><F37/><W49/><G110/><T135/><D135/><U112/><E112/><V53/><F46/><W124/><G124/><T134/><D134/><U121/><E121/><V85/><F85/><W42/><G109/><T60/><D43/><U54/><E67/><N who="2" m="39367" /><F44/><N who="3" m="25751" /><G58/><AGARI ba="0,0" hai="21,26,29,38,40,47,54,55,58,61,65" m="45675" machi="58" ten="30,2000,0" yaku="12,1,52,1" doraHai="27" who="1" fromWho="3" sc="195,0,203,20,375,0,227,-20" owari="195,-30.5,223,2.3,375,47.5,207,-19.3" /></mjloggm>