<mjloggm ver="2.3"><GO type="225" lobby="0"/><UN n0="%E6%A1%9C%E8%8A%B1%E9%96%83%E3%80%85" n1="%E3%82%BC%E3%83%AB%E3%83%80%E3%81%AE%E4%BC%9D%E8%AA%AC" n2="%E8%81%B7%E6%A5%AD%E3%80%81%E9%A2%A8%32" n3="%E3%81%A9%E3%82%93%E3%82%88%E3%81%8F%4D%6B%2E%32" dan="17,16,16,16" rate="2108.82,2185.68,2154.86,2194.83" sx="M,M,M,M"/><TAIKYOKU oya="0"/><INIT seed="0,0,0,0,5,69" ten="250,250,250,250" oya="0" hai0="41,115,90,23,34,132,58,2,127,119,97,129,95" hai1="56,64,20,44,117,116,85,92,88,53,105,50,67" hai2="102,111,36,46,73,68,49,75,61,124,18,76,28" hai3="126,99,10,60,107,121,93,128,26,108,13,62,45"/><T110/><D34/><U87/><E105/><V91/><F111/><W100/><G108/><T43/><D110/><U79/><E116/><V125/><F102/><W52/><G126/><T101/><D115/><U11/><E117/><V0/><F0/><W21/><G128/><T89/><D119/><U37/><E11/><V9/><F28/><W113/><G113/><T86/><D127/><N who="2" m="48714" /><F76/><W4/><G121/><T77/><D132/><U133/><E133/><V65/><F36/><W47/><G107/><T130/><D2/><U17/><E37/><V24/><F91/><N who="0" m="34826" /><D23/><U118/><E118/><V135/><F135/><W7/><G7/><T22/><D22/><U71/><E71/><V39/><F39/><W25/><G25/><T55/><D129/><U81/><REACH who="1" step="1"/><E44/><REACH who="1" ten="250,240,250,250" step="2"/><V54/><F9/><W83/><G83/><N who="0" m="47471" /><D130/><U63/><E63/><AGARI ba="0,1" hai="41,43,55,58,63,95,97,101" m="47471,34826" machi="63" ten="30,1500,0" yaku="8,1" doraHai="69" who="0" fromWho="1" sc="250,25,240,-15,250,0,250,0" /><INIT seed="0,1,0,0,1,36" ten="275,225,250,250" oya="0" hai0="107,95,13,18,123,56,50,41,39,116,112,88,113" hai1="31,89,128,129,34,108,90,6,72,105,132,85,10" hai2="21,9,53,20,93,26,4,19,97,115,130,33,96" hai3="47,126,100,7,87,11,0,79,2,65,102,37,44"/><T29/><D116/><U32/><E72/><V45/><F130/><N who="1" m="50281" /><E108/><V131/><F115/><W57/><G126/><T124/><D107/><U75/><E75/><V16/><F131/><W3/><G3/><T91/><D123/><U86/><E105/><V135/><F135/><W122/><G2/><T74/><D74/><U61/><E132/><V54/><F33/><N who="1" m="12905" /><E31/><V71/><F71/><W78/><G122/><T63/><D39/><U14/><E61/><V77/><F77/><W62/><G79/><T30/><D124/><U38/><E38/><V114/><F114/><W120/><G120/><T99/><D91/><AGARI ba="1,0" hai="6,10,14,85,86,89,90,91" m="12905,50281" machi="91" ten="30,1000,0" yaku="19,1" doraHai="36" who="1" fromWho="0" sc="275,-13,225,13,250,0,250,0" /><INIT seed="1,0,0,1,1,89" ten="262,238,250,250" oya="1" hai0="59,123,13,45,18,84,61,15,46,55,107,34,57" hai1="26,30,58,5,43,118,19,11,130,40,48,32,83" hai2="41,81,10,108,39,119,106,93,97,73,35,78,24" hai3="90,95,54,127,68,37,23,112,69,104,128,2,16"/><U51/><E118/><V77/><F108/><W66/><G104/><T64/><D123/><U129/><E19/><V27/><F119/><W109/><G2/><T86/><D107/><U21/><E32/><V102/><F35/><W25/><G37/><T79/><D13/><N who="1" m="5359" /><E83/><V14/><F78/><W12/><G109/><T67/><D67/><U91/><E91/><V3/><F106/><W52/><G112/><T7/><D7/><U85/><E85/><N who="0" m="32873" /><D79/><U80/><E80/><V133/><F133/><W38/><G38/><T126/><D126/><U42/><E58/><V113/><F113/><W132/><G127/><T6/><D6/><U117/><E117/><V96/><F96/><W120/><G132/><T82/><D82/><U98/><E98/><V72/><F72/><W49/><G120/><T122/><D34/><U62/><E62/><V115/><F115/><W33/><G66/><T124/><D124/><U101/><E101/><V111/><F111/><W76/><G76/><T17/><D17/><U135/><E135/><V87/><F87/><N who="3" m="52703" /><G33/><T29/><D122/><U121/><E121/><V110/><F110/><W9/><G68/><T47/><D59/><U114/><E114/><V65/><F65/><W0/><G69/><T92/><D64/><U134/><E134/><V63/><F63/><W99/><G99/><T60/><D60/><U103/><E103/><V94/><F3/><W20/><G0/><T8/><D92/><U105/><E105/><V36/><F94/><W88/><G88/><T74/><D74/><U116/><E116/><V50/><F36/><W71/><G16/><RYUUKYOKU ba="0,0" sc="262,15,238,15,250,-15,250,-15" hai0="8,15,18,29,45,46,47,55,57,61" hai1="21,26,30,40,42,43,48,51,129,130" /><INIT seed="1,1,0,3,4,123" ten="277,253,235,235" oya="1" hai0="103,97,43,99,67,114,100,54,11,115,7,130,33" hai1="104,36,68,16,58,24,14,1,119,92,4,31,47" hai2="41,121,76,2,74,126,13,42,88,120,35,93,124" hai3="81,22,34,57,112,44,0,129,50,107,96,56,135"/><U72/><E119/><V128/><F2/><W113/><G34/><T65/><D33/><U63/><E104/><V111/><F35/><W117/><G0/><T21/><D21/><U94/><E68/><V132/><F13/><W66/><G117/><T102/><D130/><U77/><E1/><V53/><F128/><W17/><G129/><T15/><D43/><N who="2" m="16394" /><F76/><W5/><G5/><T69/><D69/><U71/><E71/><V40/><F40/><W19/><G135/><T20/><D20/><N who="1" m="15751" /><E36/><V48/><F74/><W62/><G57/><T84/><D84/><U23/><E72/><V86/><F132/><W106/><G17/><T28/><D28/><U89/><E47/><N who="2" m="27807" /><F111/><W108/><G108/><T6/><D54/><N who="1" m="34263" /><E77/><V49/><F49/><W26/><G106/><T109/><D109/><U64/><E64/><V10/><F10/><W8/><G8/><T91/><D67/><U79/><E79/><V101/><F101/><W51/><G51/><T32/><D65/><U98/><E4/><V110/><F110/><W125/><G107/><T82/><D32/><U27/><E14/><V134/><F134/><W30/><G50/><T45/><D45/><U95/><AGARI ba="1,0" hai="16,23,27,89,92,94,95,98" m="34263,15751" machi="95" ten="30,6000,0" yaku="25,1,8,1,54,1" doraHai="123" who="1" fromWho="1" sc="277,-21,253,63,235,-21,235,-21" /><INIT seed="1,2,0,4,5,56" ten="256,316,214,214" oya="1" hai0="3,134,73,29,84,101,47,43,75,69,30,44,112" hai1="18,52,83,123,128,36,125,57,71,48,40,66,15" hai2="89,87,2,129,58,32,26,109,77,14,6,38,21" hai3="79,39,13,98,76,99,42,37,116,127,72,64,88"/><U27/><E123/><V118/><F118/><W122/><G122/><T28/><D112/><U82/><E27/><V1/><F38/><W105/><G127/><T130/><D3/><U131/><E125/><V10/><F109/><W80/><G116/><T41/><D130/><N who="1" m="49707" /><E40/><V63/><F129/><W9/><G79/><T33/><D101/><U68/><E36/><V107/><F107/><W31/><G31/><T90/><D134/><U135/><E135/><V19/><F77/><W67/><G105/><T62/><D33/><U46/><E46/><V126/><F32/><W59/><G99/><T50/><D44/><U133/><E133/><V119/><F119/><W100/><G42/><T81/><REACH who="0" step="1"/><D43/><REACH who="0" ten="246,316,214,214" step="2"/><U65/><E71/><V12/><F2/><W51/><G100/><T78/><D78/><U104/><E104/><V132/><F126/><W85/><G76/><T16/><D16/><U5/><E5/><V94/><REACH who="2" step="1"/><F132/><REACH who="2" ten="246,316,204,214" step="2"/><W17/><G72/><T93/><D93/><U106/><E106/><V61/><F61/><W49/><G80/><T120/><D120/><U4/><E83/><V103/><F103/><W86/><G37/><T7/><D7/><U121/><E121/><V113/><F113/><W74/><G39/><T55/><D55/><AGARI ba="2,2" hai="1,6,10,12,14,19,21,26,55,58,63,87,89,94" machi="55" ten="30,3900,0" yaku="1,1,7,1,52,1,53,0" doraHai="56" doraHaiUra="95" who="2" fromWho="0" sc="246,-45,316,0,204,65,214,0" /><INIT seed="2,0,0,4,5,90" ten="201,316,269,214" oya="2" hai0="133,103,70,18,48,129,100,84,20,0,66,69,117" hai1="119,91,17,111,64,68,10,4,34,50,94,31,56" hai2="112,37,107,36,115,77,14,82,86,1,6,114,63" hai3="108,120,130,95,110,124,74,98,85,121,67,102,72"/><V93/><F107/><W99/><G67/><T27/><D129/><U51/><E119/><V81/><F1/><W29/><G29/><T135/><D117/><U7/><E68/><N who="0" m="26217" /><D0/><U2/><E111/><N who="3" m="42538" /><G130/><T60/><D48/><U71/><E71/><V73/><F63/><W131/><G131/><T132/><D84/><U26/><E7/><V35/><F35/><W25/><G25/><T52/><D66/><U32/><E32/><V80/><F6/><W83/><G99/><T106/><D106/><U122/><E122/><N who="3" m="47210" /><G124/><T125/><D125/><U23/><E64/><V28/><F28/><W58/><G58/><AGARI ba="0,0" hai="18,20,27,52,58,60,100,103,132,133,135" m="26217" machi="58" ten="40,2600,0" yaku="20,1,54,1" doraHai="90" who="0" fromWho="3" sc="201,26,316,0,269,0,214,-26" /><INIT seed="3,0,0,2,0,74" ten="227,316,269,188" oya="3" hai0="49,119,40,72,31,44,50,69,82,120,131,130,9" hai1="128,87,117,54,19,3,47,4,70,2,134,98,22" hai2="28,81,59,114,23,62,102,97,84,129,13,39,52" hai3="30,65,90,106,18,123,27,122,14,37,24,116,124"/><W66/><G37/><T113/><D31/><U15/><E70/><V67/><F114/><W133/><G106/><T25/><D25/><U75/><E75/><V61/><F39/><W68/><G116/><T125/><D119/><U83/><E117/><V7/><F129/><N who="0" m="49162" /><D120/><U92/><E4/><V73/><F73/><W96/><G68/><T42/><D125/><U36/><E128/><V5/><F62/><W95/><G124/><T53/><D69/><U56/><E134/><V51/><F97/><W79/><G133/><T11/><D113/><U41/><E83/><V80/><F102/><W63/><G123/><T16/><D16/><U77/><E77/><N who="2" m="46095" /><F81/><W58/><G122/><T118/><D118/><U135/><E135/><V35/><F35/><W43/><G43/><N who="0" m="16427" /><D50/><N who="1" m="30807" /><E98/><V88/><F88/><AGARI ba="0,0" hai="2,3,15,19,22,36,41,47,87,88,92" m="30807" machi="88" ten="30,2000,0" yaku="25,1,54,1" doraHai="74" who="1" fromWho="2" sc="227,0,316,20,269,-20,188,0" owari="227,-17.3,336,43.6,249,4.9,188,-31.2" /></mjloggm>