<mjloggm ver="2.3"><GO type="225" lobby="0"/><UN n0="%72%61%6B%33" n1="%6E%69%63%6B%6C%6F%77" n2="%E3%81%82%E3%81%99%E3%81%AB%E3%82%83%E3%82%80" n3="%E6%B4%BE%E9%81%A3%E3%81%AE%E3%82%B8%E3%83%A3%E3%83%83%E3%82%AF" dan="18,16,16,16" rate="2244.09,2117.37,2153.24,2157.98" sx="M,F,F,M"/><TAIKYOKU oya="0"/><INIT seed="0,0,0,3,0,31" ten="250,250,250,250" oya="0" hai0="27,125,52,101,118,9,68,46,15,115,35,131,99" hai1="100,106,58,18,127,135,109,111,129,53,16,73,91" hai2="95,57,23,70,126,75,22,121,79,6,11,41,33" hai3="2,17,4,1,98,123,71,119,62,49,55,61,122"/><T74/><D115/><U20/><E73/><V65/><F70/><W93/><G119/><T96/><D118/><U63/><E106/><V14/><F121/><N who="3" m="46091" /><G17/><T0/><D74/><U39/><E39/><V69/><F69/><W105/><G105/><T102/><D0/><N who="3" m="105" /><G4/><T28/><D68/><U120/><E100/><V30/><F41/><W48/><G71/><T42/><D125/><U97/><E127/><V132/><F126/><W86/><G86/><T29/><D131/><U85/><E129/><V10/><F132/><W108/><G108/><N who="1" m="41546" /><E97/><V25/><F75/><W84/><G84/><T78/><D78/><U36/><E36/><V103/><F79/><W92/><G49/><T44/><D28/><U43/><E43/><V59/><F11/><W76/><G76/><T64/><D64/><U94/><E120/><V26/><F65/><W47/><G92/><T51/><D99/><U8/><E8/><V19/><REACH who="2" step="1"/><F23/><REACH who="2" ten="250,250,240,250" step="2"/><W124/><G124/><T13/><D9/><U82/><E135/><V81/><F81/><W107/><G107/><T133/><D133/><U113/><E113/><V50/><F50/><W116/><G116/><T56/><D46/><U128/><E128/><V38/><F38/><W5/><G5/><T77/><D77/><U3/><E3/><V110/><F110/><W104/><G104/><T12/><REACH who="0" step="1"/><D96/><AGARI ba="0,1" hai="6,10,14,19,22,25,26,30,33,57,59,95,96,103" machi="96" ten="40,2600,0" yaku="1,1,52,1,53,0" doraHai="31" doraHaiUra="40" who="2" fromWho="0" sc="250,-26,250,0,240,36,250,0" /><INIT seed="1,0,0,0,0,33" ten="224,250,276,250" oya="1" hai0="112,119,17,61,124,32,108,30,120,73,40,31,81" hai1="21,51,78,130,22,53,122,98,50,3,67,45,37" hai2="4,15,86,92,35,131,94,49,58,101,62,7,44" hai3="128,90,113,89,133,38,41,43,39,66,12,70,56"/><U20/><E122/><V23/><F35/><W103/><G113/><T71/><D112/><U5/><E37/><V95/><F131/><W99/><G70/><T36/><D119/><U34/><E34/><V10/><F101/><W125/><G12/><T18/><D108/><U11/><E130/><V16/><F86/><W19/><G19/><T107/><D124/><U104/><E67/><V91/><F91/><W115/><G115/><T47/><D107/><U88/><E78/><V87/><F87/><W6/><G6/><T14/><D18/><U102/><E50/><V48/><F44/><W121/><G121/><T93/><D93/><U0/><REACH who="1" step="1"/><E88/><REACH who="1" ten="224,240,276,250" step="2"/><V68/><F68/><W96/><G128/><T76/><D32/><U134/><E134/><V105/><F105/><W42/><G133/><T57/><D71/><U1/><AGARI ba="0,1" hai="0,1,3,5,11,20,21,22,45,51,53,98,102,104" machi="1" ten="30,12000,1" yaku="1,1,0,1,52,3,53,0" doraHai="33" doraHaiUra="123" who="1" fromWho="1" sc="224,-40,240,130,276,-40,250,-40" /><INIT seed="1,1,0,4,1,6" ten="184,370,236,210" oya="1" hai0="93,128,125,24,35,42,106,132,10,0,76,95,34" hai1="117,69,83,105,126,75,98,102,100,127,23,67,112" hai2="28,107,20,120,122,65,54,118,58,129,11,50,123" hai3="56,9,39,53,133,94,86,109,18,32,5,37,36"/><U62/><E112/><V33/><F107/><W135/><G32/><T30/><D106/><U84/><E100/><V85/><F118/><W74/><G74/><T48/><D125/><U17/><E75/><V80/><F129/><W63/><G109/><T130/><D132/><N who="3" m="50761" /><G18/><T114/><D35/><U134/><E134/><V13/><F65/><W27/><G27/><T92/><D76/><U70/><E117/><V51/><F33/><W2/><G94/><T82/><D82/><U68/><E127/><V49/><F20/><W12/><G86/><T21/><D34/><U60/><E60/><V66/><F28/><W29/><G29/><T40/><D114/><U7/><E7/><V41/><F66/><W38/><N who="3" m="9216" /><DORA hai="124" /><W91/><G91/><T57/><D0/><AGARI ba="1,0" hai="0,2,5,9,12,53,56,63" m="9216,50761" machi="0" ten="60,3900,0" yaku="20,1,52,1" doraHai="6,124" who="3" fromWho="0" sc="184,-42,370,0,236,0,210,42" /><INIT seed="2,0,0,4,2,41" ten="142,370,236,252" oya="2" hai0="115,31,3,88,131,48,15,14,36,106,102,22,118" hai1="18,87,8,120,6,26,61,21,68,0,33,121,54" hai2="7,27,132,81,89,84,103,123,46,13,108,111,122" hai3="58,95,126,38,64,82,112,20,24,73,35,66,37"/><V110/><F132/><W59/><G35/><T97/><D36/><U78/><E68/><V40/><F27/><W92/><G126/><T86/><D3/><U98/><E33/><V29/><F29/><W2/><G2/><T16/><D115/><U75/><E75/><V51/><F103/><W57/><G112/><T70/><D70/><U42/><E87/><V11/><AGARI ba="0,0" hai="7,11,13,40,46,51,81,84,89,108,110,111,122,123" machi="11" ten="40,12000,1" yaku="0,1,14,1,10,1,52,1" doraHai="41" who="2" fromWho="2" sc="142,-40,370,-40,236,120,252,-40" /><INIT seed="2,1,0,5,1,0" ten="102,330,356,212" oya="2" hai0="127,105,41,80,120,71,14,15,126,75,2,109,117" hai1="26,13,21,96,68,99,37,103,30,133,89,113,25" hai2="128,73,76,3,46,65,79,33,81,119,78,107,40" hai3="110,35,55,72,47,24,87,125,112,23,38,66,85"/><V22/><F33/><W12/><G72/><T122/><D41/><U59/><E68/><V118/><F128/><W114/><G110/><T7/><D71/><U88/><E113/><N who="3" m="43626" /><G66/><T135/><D105/><U129/><E37/><V16/><F65/><W5/><G125/><N who="0" m="47627" /><D80/><U9/><E133/><V95/><F107/><W58/><G35/><T82/><D82/><U10/><E26/><V56/><F3/><W84/><G47/><T4/><D75/><U8/><E129/><V49/><F56/><W74/><G74/><T83/><D83/><U54/><E13/><N who="0" m="4617" /><D109/><U124/><E124/><V102/><F79/><W115/><G38/><T101/><D101/><U6/><E103/><V94/><F78/><W111/><G111/><T63/><D63/><U121/><E121/><N who="0" m="46697" /><D2/><U106/><E106/><V67/><F67/><W93/><G115/><T86/><D86/><U28/><E99/><V48/><F48/><W53/><G93/><T18/><D135/><U104/><E96/><V70/><F95/><W19/><G58/><T52/><D52/><N who="3" m="20041" /><G87/><T39/><D39/><U100/><E100/><V50/><F50/><W69/><G69/><T123/><N who="0" m="46705" /><T91/><DORA hai="32" /><D91/><U90/><E104/><V130/><F70/><W29/><G84/><T51/><D51/><U132/><E54/><V97/><F130/><W62/><G85/><T11/><D117/><U64/><E59/><V34/><F118/><W44/><G44/><T131/><D131/><U108/><E64/><V42/><F119/><W116/><G116/><T17/><D11/><U77/><E108/><V27/><F40/><RYUUKYOKU ba="1,0" sc="102,15,330,-15,356,15,212,-15" hai0="4,7,17,18" hai2="16,22,27,34,42,46,49,73,76,81,94,97,102" /><INIT seed="2,2,0,2,0,92" ten="117,315,371,197" oya="2" hai0="36,65,83,49,37,114,81,109,59,5,124,41,50" hai1="23,11,62,90,45,96,30,43,106,130,8,2,9" hai2="54,85,20,0,84,99,4,75,79,100,48,133,116" hai3="128,78,40,110,94,39,122,68,19,17,32,120,12"/><V42/><F116/><W21/><G32/><T98/><D114/><U18/><E130/><V95/><F133/><W67/><G110/><T89/><D109/><U6/><E30/><V13/><F0/><W60/><G128/><T24/><D124/><U112/><E112/><V3/><F3/><W47/><G78/><T101/><D5/><U102/><E62/><V115/><F42/><W111/><G111/><T61/><D24/><U131/><E90/><V66/><F66/><W125/><G125/><T46/><D49/><U123/><E123/><V108/><F115/><W127/><G127/><T105/><REACH who="0" step="1"/><D89/><REACH who="0" ten="107,315,371,197" step="2"/><U74/><E131/><V126/><F4/><W77/><G77/><T28/><D28/><U51/><E74/><V33/><F79/><W16/><G122/><T71/><D71/><U86/><REACH who="1" step="1"/><E86/><REACH who="1" ten="107,305,371,197" step="2"/><V135/><F84/><W88/><G120/><T14/><D14/><AGARI ba="2,2" hai="2,6,8,9,11,14,18,23,43,45,51,96,102,106" machi="14" ten="30,7700,0" yaku="1,1,2,1,7,1,52,1,53,0" doraHai="92" doraHaiUra="118" who="1" fromWho="0" sc="107,-83,305,103,371,0,197,0" /><INIT seed="3,0,0,1,4,101" ten="24,408,371,197" oya="3" hai0="93,19,126,133,23,16,34,33,105,66,50,60,26" hai1="45,76,30,116,114,110,8,87,68,125,2,56,35" hai2="82,70,3,95,84,18,74,62,78,6,102,0,44" hai3="106,7,4,132,118,55,124,134,85,91,98,38,115"/><W129/><G115/><T112/><D112/><U58/><E114/><V13/><F6/><W21/><G118/><T108/><D108/><U97/><E68/><V32/><F32/><W83/><G38/><T48/><D126/><U17/><E110/><V90/><F44/><W71/><G71/><T111/><D111/><U103/><E125/><V109/><F109/><W47/><G124/><T29/><D133/><N who="3" m="51305" /><G129/><T99/><D33/><U49/><E35/><V64/><REACH who="2" step="1"/><F102/><REACH who="2" ten="24,408,361,197" step="2"/><N who="3" m="62807" /><G21/><AGARI ba="0,1" hai="0,3,13,18,21,62,64,70,74,78,82,84,90,95" machi="21" ten="30,3900,0" yaku="1,1,7,1,53,1" doraHai="101" doraHaiUra="107" who="2" fromWho="3" sc="24,0,408,0,361,49,197,-39" owari="24,-47.6,408,20.8,410,51.0,158,-24.2" /></mjloggm>