<mjloggm ver="2.3"><GO type="225" lobby="0"/><UN n0="%74%61%6B%75%61%6B%61" n1="%E3%81%A9%E3%82%8F%E3%82%93%E3%81%94" n2="%E3%81%A1%E3%82%85%E3%81%86%E3%81%A9%E3%81%8F%E8%B1%A1%E3%81%95%E3%82%93" n3="%E6%9C%AA%E6%9D%A5%E5%B0%91%E5%B9%B4" dan="17,16,17,16" rate="2199.85,2209.92,2180.62,2127.65" sx="M,M,M,M"/><TAIKYOKU oya="0"/><INIT seed="0,0,0,5,0,96" ten="250,250,250,250" oya="0" hai0="62,17,53,74,2,113,106,8,92,24,63,9,38" hai1="19,26,110,99,90,18,48,39,6,37,52,73,50" hai2="11,59,22,32,93,82,33,45,20,88,125,69,98" hai3="127,80,1,86,36,108,107,42,109,81,51,134,3"/><T43/><D106/><U25/><E73/><V130/><F69/><W44/><G107/><T114/><D74/><U70/><E70/><V61/><F125/><W105/><G105/><T135/><D135/><U100/><E110/><N who="3" m="42602" /><G134/><T23/><D53/><U75/><E75/><V7/><F130/><W29/><G127/><T47/><D92/><U57/><E6/><V21/><F45/><N who="3" m="23751" /><G29/><T27/><D27/><U129/><E90/><V115/><F115/><W12/><G12/><T35/><D35/><U132/><E132/><V76/><F76/><N who="3" m="46343" /><G81/><T28/><D28/><U10/><E129/><V67/><REACH who="2" step="1"/><F82/><REACH who="2" ten="250,250,240,250" step="2"/><W89/><G89/><T31/><D114/><U4/><E39/><V16/><F16/><W104/><G104/><T119/><D113/><U131/><E37/><V34/><F34/><W77/><G77/><T117/><D17/><U118/><E131/><V124/><F124/><W83/><G83/><T91/><D91/><U95/><E19/><V72/><F72/><W15/><G15/><AGARI ba="0,1" hai="7,11,15,20,21,22,32,33,59,61,67,88,93,98" machi="15" ten="40,2600,0" yaku="1,1,54,1,53,0" doraHai="96" doraHaiUra="79" who="2" fromWho="3" sc="250,0,250,0,240,36,250,-26" /><INIT seed="1,0,0,4,0,91" ten="250,250,276,224" oya="1" hai0="4,72,29,120,97,85,80,130,46,54,115,59,25" hai1="126,57,92,33,16,101,82,105,14,77,60,66,38" hai2="7,73,111,62,134,27,52,67,122,30,31,5,58" hai3="70,74,48,32,61,71,83,22,34,56,128,103,75"/><U84/><E33/><V40/><F122/><W23/><G128/><T129/><D115/><U63/><E126/><V135/><F73/><W121/><G121/><T125/><D72/><U3/><E3/><V110/><F40/><W106/><G106/><T20/><D125/><U28/><E38/><V76/><F76/><W10/><G103/><T1/><D120/><U112/><E112/><V26/><F67/><W15/><G48/><T68/><D68/><U43/><E105/><V17/><F17/><W47/><G47/><T35/><D46/><U8/><E43/><V93/><F93/><W79/><G75/><T114/><D35/><U39/><E39/><V78/><F78/><W55/><G34/><T11/><D97/><N who="1" m="59559" /><E63/><V51/><F62/><W13/><G32/><T0/><D0/><U18/><E28/><V109/><F30/><W96/><G96/><T99/><D99/><U21/><E21/><N who="2" m="15823" /><F27/><W107/><G107/><T118/><D118/><U50/><E50/><V100/><F100/><W87/><G87/><T24/><D24/><U108/><E108/><V123/><F123/><W69/><REACH who="3" step="1"/><G15/><REACH who="3" ten="250,250,276,214" step="2"/><T89/><REACH who="0" step="1"/><D114/><REACH who="0" ten="240,250,276,214" step="2"/><U64/><E64/><V12/><F12/><W6/><AGARI ba="0,2" hai="6,10,13,22,23,55,56,61,69,70,71,74,79,83" machi="6" ten="30,4000,0" yaku="1,1,2,1,0,1,53,0" doraHai="91" doraHaiUra="86" who="3" fromWho="3" sc="240,-10,250,-20,276,-10,214,60" /><INIT seed="2,0,0,3,3,39" ten="230,230,266,274" oya="2" hai0="109,69,58,112,48,127,101,89,29,32,36,126,105" hai1="132,95,81,135,71,42,44,31,19,97,62,37,15" hai2="8,120,79,66,7,22,0,1,83,63,92,67,24" hai3="93,130,23,25,77,74,61,90,108,28,34,30,14"/><V43/><F120/><W59/><G108/><T35/><D36/><U111/><E111/><V41/><F92/><W27/><G130/><T115/><D69/><U84/><E31/><V53/><F0/><W12/><G77/><T96/><D89/><U82/><E71/><V65/><F53/><W57/><G74/><T76/><D76/><U125/><E62/><V100/><F63/><W99/><REACH who="3" step="1"/><G57/><REACH who="3" ten="230,230,266,264" step="2"/><T5/><D109/><U124/><E124/><V18/><REACH who="2" step="1"/><F100/><REACH who="2" ten="230,230,256,264" step="2"/><W3/><G3/><T11/><D101/><U122/><E125/><V16/><F16/><W33/><G33/><T10/><D35/><U119/><E19/><V86/><AGARI ba="0,2" hai="1,7,8,18,22,24,41,43,65,66,67,79,83,86" machi="86" ten="30,12000,1" yaku="1,1,0,1,52,2,53,1" doraHai="39" doraHaiUra="75" who="2" fromWho="2" sc="230,-40,230,-40,256,140,264,-40" /><INIT seed="2,1,0,5,0,113" ten="190,190,396,224" oya="2" hai0="129,134,42,66,3,10,118,54,64,93,15,4,33" hai1="58,83,109,84,50,43,52,111,73,57,9,125,35" hai2="122,55,49,37,26,71,103,90,40,27,76,74,115" hai3="88,60,120,99,18,45,14,114,7,130,65,112,11"/><V105/><F122/><W127/><G120/><T128/><D33/><U62/><E73/><V51/><F115/><N who="3" m="44075" /><G130/><N who="0" m="50283" /><D134/><U53/><E35/><V86/><F71/><N who="3" m="42407" /><G127/><T29/><D29/><U0/><E125/><V28/><F37/><W13/><G45/><T121/><D121/><U104/><E104/><V68/><F68/><W78/><G78/><T94/><D3/><U32/><E32/><V79/><F74/><W102/><G88/><T81/><D118/><U126/><E43/><V117/><F26/><W2/><G18/><T46/><D54/><U48/><E126/><V97/><F40/><W107/><AGARI ba="1,0" hai="2,7,11,13,14,99,102,107" m="42407,44075" machi="107" ten="30,1100,0" yaku="11,1" doraHai="113" who="3" fromWho="3" sc="190,-4,190,-4,396,-6,224,14" /><INIT seed="3,0,0,2,1,56" ten="186,186,390,238" oya="3" hai0="28,10,40,4,112,45,31,39,50,6,129,12,74" hai1="87,43,3,33,100,133,72,98,66,1,84,120,70" hai2="93,115,37,63,2,38,36,89,41,69,135,55,102" hai3="8,24,44,123,103,92,59,88,101,121,117,130,23"/><W99/><G117/><T68/><D74/><U21/><E21/><V125/><F115/><W47/><G130/><T62/><D129/><U14/><E14/><V60/><F2/><W119/><G119/><T17/><D112/><U5/><E87/><V124/><F102/><N who="3" m="38923" /><G123/><T83/><D39/><U127/><E84/><N who="2" m="52391" /><F135/><W113/><G113/><T122/><D122/><U7/><E120/><V18/><F18/><N who="3" m="12407" /><G121/><T80/><D68/><U27/><E133/><V29/><F29/><N who="0" m="11338" /><D62/><N who="2" m="23594" /><F55/><W15/><G59/><T108/><D108/><U109/><E109/><V71/><F41/><W20/><G20/><T131/><D131/><U58/><E70/><V110/><F110/><W49/><G49/><T81/><AGARI ba="0,0" hai="4,6,10,12,17,40,45,50,80,81,83" m="11338" machi="81" ten="30,1100,0" yaku="8,1" doraHai="56" who="0" fromWho="0" sc="186,11,186,-3,390,-3,238,-5" owari="197,-20.3,183,-31.7,387,48.7,233,3.3" /></mjloggm>