<mjloggm ver="2.3"><GO type="225" lobby="0"/><UN n0="%E6%81%A5%E6%99%92%E3%81%97" n1="%E3%82%B7%E3%83%B3%E5%A4%AA%E6%9C%97" n2="%E7%B4%94%E6%BD%94%E3%83%94%E3%83%A9%E3%83%8B%E3%82%A2" n3="%72%65%6E%6B%75%6E" dan="16,16,16,17" rate="2141.83,2133.97,2136.29,2276.95" sx="M,M,M,M"/><TAIKYOKU oya="0"/><INIT seed="0,0,0,4,5,100" ten="250,250,250,250" oya="0" hai0="134,43,99,132,34,95,84,14,85,81,2,29,16" hai1="69,107,115,49,102,96,38,109,123,35,18,17,25" hai2="119,111,87,40,50,1,68,91,11,28,80,70,57" hai3="0,79,42,73,112,12,114,60,117,72,98,125,120"/><T89/><D2/><U39/><E123/><V6/><F111/><W27/><G12/><T83/><D43/><U64/><E109/><V3/><F3/><W90/><G27/><T128/><D128/><U63/><E115/><V46/><F119/><W82/><G42/><T67/><D67/><U76/><E76/><V30/><REACH who="2" step="1"/><F57/><REACH who="2" ten="250,250,240,250" step="2"/><W41/><G0/><T37/><D132/><U21/><E35/><V61/><F61/><W127/><G60/><T97/><D134/><U122/><E122/><V24/><F24/><W103/><G117/><T9/><D37/><U135/><E135/><V62/><F62/><W15/><G120/><T78/><D34/><U130/><E130/><V129/><F129/><W106/><G15/><T48/><D29/><AGARI ba="0,1" hai="1,6,11,28,29,30,40,46,50,68,70,80,87,91" machi="29" ten="40,1300,0" yaku="1,1,53,0" doraHai="100" doraHaiUra="13" who="2" fromWho="0" sc="250,-13,250,0,240,23,250,0" /><INIT seed="1,0,0,5,2,56" ten="237,250,263,250" oya="1" hai0="77,98,121,43,26,59,78,122,18,17,115,2,51" hai1="25,67,39,55,72,20,120,88,81,70,133,8,66" hai2="30,23,86,0,91,41,116,47,79,89,27,1,35" hai3="3,134,112,4,108,7,118,49,125,100,126,103,104"/><U131/><E120/><N who="0" m="46185" /><D115/><U61/><E39/><V83/><F116/><W123/><G112/><T84/><D2/><U28/><E133/><V87/><F35/><W127/><G123/><T62/><D98/><U96/><E131/><V19/><F30/><W135/><G118/><T114/><D114/><U57/><E72/><V94/><REACH who="2" step="1"/><F79/><REACH who="2" ten="237,250,253,250" step="2"/><W45/><G108/><T76/><D78/><U31/><E31/><V63/><F63/><W5/><G3/><T46/><D77/><U128/><E128/><V14/><F14/><W6/><N who="3" m="1024" /><DORA hai="58" /><W107/><G107/><T65/><D26/><U85/><E70/><V54/><F54/><N who="3" m="29999" /><G104/><T11/><D11/><U73/><E73/><V12/><F12/><W33/><G33/><T97/><D97/><U80/><E8/><V102/><F102/><AGARI ba="0,1" hai="100,102,103,125,126,127,134,135" m="29999,1024" machi="102" ten="50,1600,0" yaku="18,1" doraHai="56,58" who="3" fromWho="2" sc="237,0,250,0,253,-16,250,26" /><INIT seed="2,0,0,5,0,134" ten="237,250,237,276" oya="2" hai0="14,131,25,88,98,19,83,53,97,49,67,99,40" hai1="60,82,125,0,118,123,105,30,6,77,133,10,122" hai2="76,94,93,3,7,21,85,128,119,73,103,61,66" hai3="71,4,106,39,112,54,59,102,116,63,51,126,24"/><V26/><F119/><W69/><G39/><T33/><D131/><U56/><E118/><V46/><F73/><W81/><G116/><T132/><D132/><U127/><E105/><V124/><F128/><W92/><G112/><T42/><D67/><N who="1" m="39303" /><E30/><V84/><F3/><W8/><G106/><T75/><D33/><U114/><E133/><V35/><F35/><W55/><G81/><T80/><D25/><U100/><E100/><V41/><F7/><W36/><G36/><T68/><D68/><U65/><E65/><V113/><F113/><W74/><G74/><T52/><D75/><N who="1" m="43327" /><E114/><V32/><F32/><W17/><G17/><T57/><D53/><U96/><E96/><V9/><F9/><W129/><G24/><T89/><D83/><U1/><E0/><V20/><F103/><W47/><G129/><T109/><D109/><U15/><E15/><V115/><F115/><W2/><G92/><T12/><D80/><U104/><E104/><V37/><F76/><W50/><G102/><T117/><D117/><U95/><E95/><V72/><F72/><W87/><G87/><N who="2" m="33353" /><F93/><W48/><G69/><T58/><D58/><U5/><E6/><V91/><F94/><W44/><G71/><T28/><D28/><U70/><E70/><N who="2" m="42319" /><F91/><N who="0" m="34890" /><D12/><U110/><E110/><V13/><F13/><W108/><G108/><T31/><D31/><U121/><AGARI ba="0,0" hai="1,5,10,121,122,123,125,127" m="43327,39303" machi="121" ten="40,5200,0" yaku="13,1,52,2" doraHai="134" who="1" fromWho="1" sc="237,-13,250,52,237,-26,276,-13" /><INIT seed="3,0,0,3,0,44" ten="224,302,211,263" oya="3" hai0="39,27,54,6,34,96,20,78,22,48,110,23,113" hai1="46,49,21,60,72,8,129,61,56,73,32,115,13" hai2="105,83,2,42,131,82,114,135,124,69,24,7,126" hai3="99,37,92,55,16,31,64,9,130,19,35,98,12"/><W87/><G130/><T80/><D39/><U50/><E129/><V4/><F131/><W45/><G64/><T14/><D110/><U89/><E32/><V111/><F114/><W59/><G35/><T10/><D113/><U95/><E115/><V117/><F117/><W66/><G31/><T67/><D67/><U26/><E73/><V127/><F69/><W88/><G19/><T100/><D34/><U40/><E72/><V109/><F105/><W68/><G68/><T5/><D5/><N who="2" m="2122" /><F2/><W107/><G107/><T36/><D36/><U123/><E123/><V77/><F42/><W58/><G37/><T81/><D78/><U57/><E50/><V121/><F121/><W112/><G112/><T116/><D27/><U65/><E13/><V85/><F24/><W53/><G66/><T86/><D86/><N who="1" m="52663" /><E8/><V102/><F102/><W0/><G0/><T133/><D133/><U71/><E71/><V18/><F18/><W33/><G33/><T103/><D116/><U52/><E26/><V120/><F120/><W75/><G75/><T132/><D132/><U104/><E104/><V106/><F106/><W90/><G45/><N who="0" m="27919" /><D103/><U84/><E21/><V108/><F83/><N who="3" m="49279" /><G99/><T118/><D118/><U1/><E1/><V11/><F135/><W70/><G70/><T94/><AGARI ba="0,0" hai="6,10,14,20,22,23,80,81,94,96,100" m="27919" machi="94" ten="30,2000,0" yaku="8,1,52,1" doraHai="44" who="0" fromWho="0" sc="224,20,302,-5,211,-5,263,-10" /><INIT seed="4,0,0,2,5,37" ten="244,297,206,253" oya="0" hai0="62,86,48,68,0,15,134,79,85,8,117,53,115" hai1="39,56,118,9,36,98,78,96,59,132,129,119,5" hai2="109,63,71,13,46,19,90,66,55,25,58,64,95" hai3="83,91,40,73,50,97,81,49,74,89,30,111,45"/><T135/><D115/><U16/><E78/><V32/><F109/><W130/><G111/><T24/><D117/><U4/><E16/><V128/><F128/><W120/><G130/><T42/><D0/><U34/><E9/><V51/><F32/><W114/><G114/><T104/><D104/><U133/><E129/><V110/><F110/><W87/><G120/><T54/><D24/><U125/><E34/><V6/><F71/><W47/><G30/><T92/><D68/><U101/><E101/><V84/><F6/><W38/><G38/><T103/><D134/><U94/><E94/><V44/><F25/><W77/><G97/><N who="0" m="59815" /><D135/><U14/><E14/><V41/><REACH who="2" step="1"/><F46/><REACH who="2" ten="244,297,196,253" step="2"/><W43/><G89/><T35/><D35/><U88/><E88/><V12/><F12/><W116/><G116/><T70/><D70/><U69/><E69/><V3/><F3/><W121/><G121/><T75/><D79/><U65/><E119/><V80/><F80/><W102/><G102/><T17/><D15/><U29/><E118/><V10/><AGARI ba="0,1" hai="10,13,19,41,44,51,55,58,63,64,66,84,90,95" machi="10" ten="20,12000,2" yaku="1,1,0,1,7,1,8,1,52,1,53,1" doraHai="37" doraHaiUra="11" who="2" fromWho="2" sc="244,-60,297,-30,196,130,253,-30" owari="184,-31.6,267,6.7,326,42.6,223,-17.7" /></mjloggm>