<mjloggm ver="2.3"><GO type="225" lobby="0"/><UN n0="%73%69%72%6F%75%74" n1="%E6%80%AA%E3%81%97%E3%81%99%E3%81%8E%E3%82%8B%E3%83%81%E3%83%BC" n2="%48%61%61%61%6C%61%6E%64" n3="%72%69%6F%75%63%68%61%6E" dan="16,17,17,17" rate="2071.50,2185.81,2244.42,2265.69" sx="M,M,M,M"/><TAIKYOKU oya="0"/><INIT seed="0,0,0,5,4,87" ten="250,250,250,250" oya="0" hai0="116,16,43,109,102,118,103,27,127,71,74,85,100" hai1="133,91,99,3,89,30,40,119,69,82,35,73,117" hai2="5,72,55,113,10,63,18,19,135,34,59,93,28" hai3="42,7,130,108,51,104,98,32,48,33,64,134,110"/><T4/><D71/><U75/><E69/><V62/><F113/><W125/><G125/><T9/><D74/><N who="1" m="28171" /><E30/><V45/><F72/><W58/><G130/><T131/><D127/><U95/><E40/><V29/><F135/><W77/><G134/><T22/><D131/><U56/><E56/><V128/><F128/><W90/><G77/><T52/><D43/><U38/><E38/><V1/><F45/><W47/><G7/><T88/><D109/><N who="3" m="42089" /><G104/><T68/><D68/><U105/><E35/><N who="3" m="13386" /><G64/><T17/><D17/><U39/><E3/><V53/><F28/><W111/><N who="3" m="42097" /><W21/><DORA hai="41" /><G21/><T83/><REACH who="0" step="1"/><D52/><REACH who="0" ten="240,250,250,250" step="2"/><U6/><E133/><V49/><F19/><W78/><G58/><T36/><D36/><U120/><E39/><V76/><F18/><W79/><G48/><T25/><D25/><U57/><E57/><V2/><F53/><W81/><G81/><T126/><D126/><U123/><E82/><V92/><F49/><W132/><G132/><T31/><D31/><U46/><E120/><V24/><F29/><W12/><G12/><AGARI ba="0,1" hai="4,9,12,16,22,27,83,85,88,100,102,103,116,118" machi="12" ten="40,18000,2" yaku="1,1,52,1,54,2,53,2" doraHai="87,41" doraHaiUra="80,20" who="0" fromWho="3" sc="240,190,250,0,250,0,250,-180" /><INIT seed="0,1,0,4,2,8" ten="430,250,250,70" oya="0" hai0="113,76,33,88,86,17,89,67,61,12,114,100,106" hai1="81,73,60,131,64,80,15,14,22,54,58,46,127" hai2="68,53,128,116,129,1,65,43,79,21,122,9,66" hai3="18,123,27,85,78,35,49,97,23,134,41,56,82"/><T57/><D33/><U87/><E131/><N who="2" m="50251" /><F122/><W47/><G134/><T5/><D5/><U50/><E127/><V109/><F109/><W107/><G123/><T29/><D29/><U74/><E22/><V112/><F112/><W10/><G35/><T25/><D25/><U120/><E120/><V126/><F126/><W133/><G133/><T36/><D36/><U59/><E74/><V115/><F115/><W91/><G107/><T75/><D75/><U125/><E125/><V16/><F43/><W30/><G56/><T55/><D106/><U130/><E130/><V77/><F53/><W72/><G97/><T132/><D100/><U95/><E58/><V70/><F116/><W93/><G10/><N who="0" m="6295" /><D132/><U32/><E32/><V38/><F38/><W110/><REACH who="3" step="1"/><G30/><REACH who="3" ten="430,250,250,60" step="2"/><T51/><D113/><U37/><E59/><V0/><F9/><W7/><G7/><T44/><D114/><U90/><E46/><V28/><F28/><W83/><G83/><AGARI ba="1,1" hai="44,51,55,57,61,67,76,83,86,88,89" m="6295" machi="83" ten="30,5800,0" yaku="8,1,52,1,54,1" doraHai="8" who="0" fromWho="3" sc="430,71,250,0,250,0,60,-61" owari="501,60.1,250,5.0,250,-15.0,-1,-50.1" /></mjloggm>