<mjloggm ver="2.3"><GO type="225" lobby="0"/><UN n0="%E7%89%B9%E6%9D%B1%E3%81%AF%E4%B8%96%E7%95%8C%E3%82%92%E6%95%91%E3%81%86" n1="%E3%83%81%E3%83%AF%E3%83%AF%E9%9A%8A%E9%95%B7" n2="%E6%81%A5%E6%99%92%E3%81%97" n3="%6D%75%75%73%61%6E%6D%75" dan="16,16,16,17" rate="2114.64,2118.38,2164.45,2169.70" sx="M,M,M,F"/><TAIKYOKU oya="0"/><INIT seed="0,0,0,5,5,69" ten="250,250,250,250" oya="0" hai0="114,49,113,26,16,74,41,124,79,21,52,103,51" hai1="76,19,63,80,65,73,6,29,91,72,129,48,78" hai2="97,98,10,101,23,47,117,4,36,75,27,37,12" hai3="38,133,1,43,55,125,13,108,5,8,121,2,119"/><T66/><D124/><U39/><E129/><V126/><F126/><W81/><G119/><T59/><D103/><U120/><E120/><V17/><F117/><W94/><G125/><T45/><REACH who="0" step="1"/><D66/><REACH who="0" ten="240,250,250,250" step="2"/><U30/><E65/><V122/><F122/><W71/><G121/><T24/><D24/><U20/><E73/><V77/><F47/><W53/><G1/><T83/><AGARI ba="0,1" hai="16,21,26,41,45,49,51,52,59,74,79,83,113,114" machi="83" ten="30,11700,0" yaku="1,1,0,1,54,2,53,0" doraHai="69" doraHaiUra="134" who="0" fromWho="0" sc="240,127,250,-39,250,-39,250,-39" /><INIT seed="0,1,0,5,1,30" ten="367,211,211,211" oya="0" hai0="53,38,3,128,13,95,134,40,20,15,91,93,68" hai1="39,80,113,127,96,77,120,27,29,81,102,103,32" hai2="55,115,74,76,22,49,98,90,126,44,78,88,79" hai3="119,65,133,72,130,33,6,125,52,122,105,71,18"/><T17/><D68/><U10/><E120/><V8/><F115/><W110/><RYUUKYOKU type="yao9" ba="1,0" sc="367,0,211,0,211,0,211,0" hai3="6,18,33,52,65,71,72,105,110,119,122,125,130,133" /><INIT seed="0,2,0,0,1,24" ten="367,211,211,211" oya="0" hai0="76,127,5,88,115,102,54,75,37,48,22,30,39" hai1="8,44,56,110,131,113,59,10,80,107,114,64,20" hai2="104,33,21,13,87,45,32,66,118,81,105,6,43" hai3="72,60,121,130,28,135,70,23,100,71,36,15,109"/><T0/><D115/><U40/><E107/><V14/><F118/><W85/><G72/><T112/><D112/><N who="1" m="43115" /><E131/><V120/><F120/><W35/><G36/><T99/><D127/><U73/><E110/><V90/><F66/><W129/><G109/><T25/><D5/><U46/><E46/><V98/><F14/><W61/><G121/><T52/><D0/><U94/><E94/><V27/><F33/><W12/><G35/><T31/><D31/><U79/><E20/><V84/><F84/><W77/><G100/><T101/><D101/><U133/><E133/><V26/><F32/><W3/><G3/><T126/><D126/><U103/><E103/><V38/><F26/><N who="3" m="16479" /><G135/><T111/><D111/><U63/><E56/><V92/><F13/><N who="3" m="5195" /><G77/><T128/><D128/><N who="3" m="49257" /><G85/><T93/><D102/><U7/><E7/><V123/><F123/><W68/><AGARI ba="2,0" hai="60,61,68,70,71" m="49257,5195,16479" machi="68" ten="40,2700,0" yaku="19,1,52,1" doraHai="24" who="3" fromWho="3" sc="367,-15,211,-9,211,-9,211,33" /><INIT seed="1,0,0,2,3,90" ten="352,202,202,244" oya="1" hai0="50,45,28,42,57,26,98,5,132,35,43,12,105" hai1="41,34,126,86,127,77,56,20,80,85,40,39,62" hai2="23,68,71,51,130,65,59,49,0,78,33,30,116" hai3="38,135,84,37,31,46,1,125,29,102,119,110,123"/><U22/><E34/><V108/><F33/><W134/><G123/><T97/><D132/><N who="3" m="50729" /><G1/><T88/><D105/><U104/><E104/><V67/><F0/><W4/><G110/><T17/><D5/><U21/><E85/><V11/><F11/><W79/><G4/><T15/><D43/><U114/><E114/><V111/><F23/><W106/><G125/><N who="1" m="47626" /><E39/><N who="3" m="14858" /><G119/><T10/><D12/><U24/><E24/><V75/><F30/><W103/><G46/><T81/><REACH who="0" step="1"/><D57/><REACH who="0" ten="342,202,202,244" step="2"/><U83/><E83/><V6/><F6/><W87/><G106/><T72/><D72/><U112/><E112/><V121/><F75/><W8/><G8/><T55/><D55/><AGARI ba="0,1" hai="20,21,22,40,41,55,56,62,77,80,86" m="47626" machi="55" ten="30,1500,0" yaku="18,1" doraHai="90" who="1" fromWho="0" sc="342,-15,202,25,202,0,244,0" /><INIT seed="1,1,0,5,5,23" ten="327,227,202,244" oya="1" hai0="90,36,78,64,68,101,88,86,70,93,17,42,38" hai1="72,60,129,98,31,118,122,55,48,76,105,80,59" hai2="97,73,74,96,135,99,13,63,25,121,8,127,47" hai3="115,77,75,9,46,120,12,40,2,106,102,52,103"/><U114/><E118/><V15/><F121/><W128/><G120/><T66/><D78/><U113/><E122/><V67/><F127/><W62/><G2/><T44/><D101/><U18/><E129/><V26/><F135/><W87/><G75/><T132/><D132/><U29/><E18/><N who="2" m="8487" /><F74/><W95/><G106/><T94/><D17/><U61/><E61/><V39/><F39/><W49/><G115/><T21/><D21/><U65/><E114/><V0/><F0/><W3/><G3/><T89/><D36/><U58/><REACH who="1" step="1"/><E113/><REACH who="1" ten="327,217,202,244" step="2"/><V69/><F63/><W110/><G128/><T30/><D30/><U83/><E83/><V37/><F69/><W22/><G62/><T85/><D70/><U54/><E54/><V71/><F71/><W16/><G40/><T50/><D68/><U131/><E131/><V57/><F67/><W108/><G9/><T4/><D4/><U126/><E126/><V134/><F134/><W35/><G35/><T45/><REACH who="0" step="1"/><D90/><REACH who="0" ten="317,217,202,244" step="2"/><U117/><E117/><V84/><F37/><W116/><G116/><T119/><D119/><U34/><E34/><V130/><F130/><W112/><G112/><T109/><D109/><N who="3" m="42089" /><G77/><T10/><D10/><U53/><E53/><AGARI ba="1,2" hai="38,42,44,45,50,53,64,66,85,86,88,89,93,94" machi="53" ten="30,7700,0" yaku="1,1,7,1,9,1,54,1,53,0" doraHai="23" doraHaiUra="19" who="0" fromWho="1" sc="317,100,217,-80,202,0,244,0" /><INIT seed="2,0,0,1,1,118" ten="417,137,202,244" oya="2" hai0="65,119,72,91,44,15,76,103,54,23,80,20,87" hai1="120,82,33,81,98,30,60,104,86,17,92,68,93" hai2="50,88,32,101,64,115,56,14,42,70,121,61,112" hai3="16,79,58,111,128,40,74,5,122,47,124,132,45"/><V35/><F101/><W21/><G111/><T116/><D65/><U52/><E104/><V38/><F121/><W11/><G124/><T2/><D2/><U85/><E120/><V24/><F14/><W69/><G69/><T108/><D108/><U110/><E110/><V127/><F127/><W26/><G122/><T31/><D103/><U134/><E134/><V109/><F109/><W28/><G132/><T107/><D107/><U129/><E129/><V135/><F135/><W84/><G128/><T73/><D31/><U71/><E17/><V8/><F8/><W130/><G74/><T90/><D90/><U39/><E39/><V133/><F133/><W59/><G130/><T99/><D99/><U131/><E131/><V105/><F105/><W63/><G28/><T125/><D125/><U46/><E30/><V95/><F38/><W4/><G59/><T3/><D3/><U113/><E33/><V12/><F12/><N who="3" m="5223" /><G40/><T83/><D73/><U36/><E113/><N who="2" m="43595" /><F24/><W29/><G29/><T6/><D6/><U49/><E36/><V126/><F126/><W117/><G117/><N who="0" m="45131" /><D15/><U19/><E68/><V1/><F1/><W25/><G25/><T48/><AGARI ba="0,0" hai="20,23,44,48,54,72,76,80,83,87,91" m="45131" machi="48" ten="30,1100,0" yaku="12,1" doraHai="118" who="0" fromWho="0" sc="417,11,137,-3,202,-5,244,-3" /><INIT seed="3,0,0,4,1,93" ten="428,134,197,241" oya="3" hai0="102,33,68,126,4,124,108,30,17,70,128,65,28" hai1="46,74,103,80,99,104,49,117,41,57,44,88,94" hai2="109,127,135,75,66,3,96,125,113,132,110,40,106" hai3="29,86,38,36,100,15,32,13,55,87,81,31,85"/><W78/><G32/><T105/><D108/><N who="2" m="41578" /><F3/><W39/><G78/><T119/><D119/><U37/><E117/><V114/><F75/><W69/><G81/><T97/><D128/><U77/><E57/><V58/><F40/><W5/><G69/><N who="0" m="26731" /><D33/><U101/><REACH who="1" step="1"/><E104/><REACH who="1" ten="428,124,197,241" step="2"/><V116/><F116/><W52/><G100/><T131/><D105/><U91/><E91/><V112/><F58/><W98/><G39/><T92/><D102/><U6/><E6/><V27/><F66/><W79/><G38/><T115/><D65/><U50/><E50/><V130/><F130/><W47/><G36/><T42/><D115/><U95/><E95/><V72/><F106/><W133/><G5/><T59/><D4/><U67/><E67/><V121/><F114/><W43/><G133/><T16/><D42/><AGARI ba="0,1" hai="37,41,42,44,46,49,74,77,80,88,94,99,101,103" machi="42" ten="30,7700,0" yaku="1,1,7,1,52,1,54,1,53,0" doraHai="93" doraHaiUra="25" who="1" fromWho="0" sc="428,-77,124,87,197,0,241,0" owari="351,45.1,211,-18.9,197,-30.3,241,4.1" /></mjloggm>