<mjloggm ver="2.3"><GO type="225" lobby="0"/><UN n0="%6D%75%75%6D%75%72%61" n1="%E5%A4%9C%E3%81%AE%E3%82%AC%E3%82%B9%E3%83%91%E3%83%BC%E3%83%AB" n2="%E8%AB%B8%E8%91%9B%E4%BA%AE" n3="%72%69%6F%75%63%68%61%6E" dan="16,16,16,16" rate="2084.91,2099.17,2141.00,2091.98" sx="F,M,M,M"/><TAIKYOKU oya="0"/><INIT seed="0,0,0,4,5,12" ten="250,250,250,250" oya="0" hai0="93,59,3,11,0,72,54,65,119,20,67,103,80" hai1="78,127,84,58,32,37,8,95,61,46,23,92,29" hai2="6,42,115,49,102,101,100,60,1,90,86,33,2" hai3="36,118,105,74,99,120,13,48,47,38,114,53,89"/><T7/><D119/><U132/><E32/><V40/><F115/><W10/><G114/><T82/><D0/><U45/><E127/><V52/><F33/><W81/><G118/><T43/><D43/><U4/><E132/><V68/><F68/><W83/><G120/><T50/><D20/><U108/><E108/><V51/><F2/><W104/><G104/><T16/><D103/><U41/><E46/><V75/><F75/><W88/><G105/><T35/><D93/><U111/><E111/><V39/><F39/><W133/><G133/><T135/><D35/><U131/><E131/><V62/><F6/><W5/><G83/><T14/><D135/><U98/><E84/><V109/><F1/><W134/><G134/><T106/><D106/><U57/><E78/><V63/><F109/><W112/><G112/><T96/><D96/><U85/><E85/><V55/><F90/><W123/><G123/><T94/><D94/><U27/><E61/><V56/><F86/><N who="3" m="50255" /><G74/><T69/><D69/><U44/><E95/><V26/><F26/><W17/><G5/><T30/><D82/><U19/><E45/><AGARI ba="0,0" hai="40,42,45,49,51,52,55,56,60,62,63,100,101,102" machi="45" ten="40,2600,0" yaku="8,1,54,1" doraHai="12" who="2" fromWho="1" sc="250,0,250,-26,250,26,250,0" /><INIT seed="1,0,0,3,2,22" ten="250,224,276,250" oya="1" hai0="1,110,122,115,19,28,132,121,111,36,42,59,82" hai1="48,6,117,29,104,52,128,62,95,89,106,75,18" hai2="25,125,91,13,11,23,116,107,124,101,44,123,37" hai3="118,96,49,73,64,4,97,80,61,85,34,109,3"/><U92/><E117/><V71/><F116/><W43/><G118/><T45/><D115/><U50/><E75/><V8/><F123/><N who="0" m="47114" /><D1/><U33/><E128/><V20/><F71/><W86/><G109/><N who="0" m="41483" /><D132/><U24/><E6/><V32/><F91/><W46/><G34/><T69/><D69/><U63/><E18/><V55/><F101/><W108/><G73/><T77/><D59/><U129/><E50/><V56/><F107/><W9/><G108/><T39/><D19/><U88/><E129/><V7/><F37/><W103/><G80/><T90/><D90/><U65/><E89/><V126/><F44/><W66/><G64/><T47/><D28/><U26/><E26/><V53/><F56/><W58/><REACH who="3" step="1"/><G96/><REACH who="3" ten="250,224,276,240" step="2"/><T74/><D74/><U41/><E65/><V68/><F125/><W57/><G57/><T10/><D82/><U60/><E33/><V17/><F126/><W113/><G113/><T134/><D134/><U133/><E133/><V114/><F124/><W16/><G16/><T87/><D87/><U35/><E35/><V93/><F114/><W79/><G79/><T105/><D77/><U102/><E29/><V98/><F68/><W0/><G0/><T67/><D47/><U119/><E119/><V12/><F32/><W72/><G72/><T81/><D81/><U94/><E63/><V99/><F99/><W51/><G51/><T5/><D39/><U112/><E112/><V127/><F127/><W131/><G131/><T14/><D36/><U21/><E62/><V2/><F2/><W30/><G30/><T54/><D45/><U31/><E60/><RYUUKYOKU ba="0,1" sc="250,-10,224,-10,276,-10,240,30" hai3="3,4,9,43,46,49,58,61,66,85,86,97,103" /><INIT seed="2,1,1,3,1,119" ten="240,214,266,270" oya="2" hai0="115,113,45,97,9,96,48,4,55,51,91,21,106" hai1="130,40,53,77,112,8,132,134,99,107,114,52,100" hai2="33,126,89,30,43,28,31,24,109,83,0,116,118" hai3="103,98,46,39,62,20,70,63,17,82,127,87,13"/><V79/><F109/><W122/><G122/><T86/><D21/><U56/><E130/><V44/><F126/><W88/><G127/><T47/><D113/><U59/><E40/><V131/><F131/><W5/><G70/><T123/><D115/><U26/><E77/><V25/><F0/><W32/><G32/><T102/><D97/><U105/><E26/><V54/><F54/><W67/><G67/><T41/><D123/><U94/><E8/><V36/><F89/><W120/><G120/><T81/><D9/><U74/><E94/><V37/><F37/><W64/><G5/><T49/><D4/><U75/><REACH who="1" step="1"/><E100/><REACH who="1" ten="240,204,266,270" step="2"/><V104/><F30/><W92/><REACH who="3" step="1"/><G64/><REACH who="3" ten="240,204,266,260" step="2"/><T42/><D42/><AGARI ba="1,3" hai="13,17,20,39,42,46,62,63,82,87,88,92,98,103" machi="42" ten="40,5200,0" yaku="1,1,2,1,54,1,53,0" doraHai="119" doraHaiUra="108" who="3" fromWho="0" sc="240,-55,204,0,266,0,260,85" /><INIT seed="3,0,0,5,5,62" ten="185,204,266,345" oya="3" hai0="81,85,34,99,44,87,39,75,90,101,71,125,30" hai1="128,100,82,29,18,4,116,111,98,50,77,109,64" hai2="133,69,19,63,43,15,12,57,132,72,114,86,96" hai3="73,134,38,110,126,11,27,40,106,131,78,66,21"/><W54/><G106/><T23/><D34/><U127/><E127/><V28/><F72/><W8/><G126/><T55/><D75/><U1/><E128/><V49/><F114/><W0/><G131/><T53/><D125/><U65/><E116/><V89/><F69/><W3/><G134/><T70/><D53/><U59/><E29/><V2/><F2/><W47/><G66/><T58/><D85/><U122/><E122/><V135/><F28/><W60/><G110/><N who="1" m="41994" /><E18/><V113/><F96/><W36/><G38/><T33/><D33/><U80/><E4/><V124/><F113/><W117/><G117/><T9/><D9/><U83/><E77/><V46/><F19/><W74/><G8/><T95/><D30/><U93/><E1/><V61/><F124/><W14/><G11/><T118/><D23/><U32/><E32/><V20/><F20/><W7/><G21/><T107/><D118/><U24/><E24/><V37/><F37/><W76/><G27/><T56/><D107/><U115/><E115/><V45/><F15/><W26/><G14/><T104/><D104/><U5/><E5/><V16/><F12/><W25/><G26/><T51/><REACH who="0" step="1"/><D58/><REACH who="0" ten="175,204,266,345" step="2"/><U112/><E112/><V94/><F57/><N who="3" m="34871" /><G74/><T120/><D120/><U84/><E84/><V10/><F86/><W88/><G73/><T22/><D22/><U35/><E35/><V108/><F133/><W91/><G0/><T6/><D6/><U17/><E17/><V105/><F135/><W42/><G7/><T121/><D121/><U103/><E103/><V79/><F132/><W129/><G3/><RYUUKYOKU ba="0,1" sc="175,15,204,15,266,-15,345,-15" hai0="39,44,51,55,56,70,71,81,87,90,95,99,101" hai1="50,59,64,65,80,82,83,93,98,100" owari="190,-31.0,219,-18.1,251,5.1,340,44.0" /></mjloggm>