<mjloggm ver="2.3"><GO type="225" lobby="0"/><UN n0="%E3%81%AF%E3%82%88%E3%81%8A%E3%81%98%E3%81%95%E3%82%93" n1="%E9%89%A2%E5%B7%BB%E3%82%AC%E3%83%96" n2="%73%75%7A%75%6D%65%33" n3="%6D%75%75%6D%75%72%61" dan="17,16,17,16" rate="2197.43,2116.62,2207.61,2194.40" sx="M,M,M,F"/><TAIKYOKU oya="0"/><INIT seed="0,0,0,1,0,4" ten="250,250,250,250" oya="0" hai0="76,116,111,119,114,112,100,129,110,86,106,21,22" hai1="44,48,83,132,42,26,31,50,130,56,133,102,105" hai2="41,124,61,7,107,91,57,9,82,131,14,125,134" hai3="78,120,80,103,70,29,30,71,13,126,117,72,101"/><T28/><D28/><U75/><E105/><V90/><F134/><N who="1" m="51817" /><E102/><V54/><F131/><W39/><G117/><N who="0" m="45131" /><D21/><U19/><E130/><V38/><F107/><W77/><G39/><T62/><D22/><U32/><E19/><V68/><F68/><W51/><G126/><N who="2" m="48745" /><F82/><W18/><G120/><T34/><D34/><U79/><E56/><V58/><F58/><W40/><G78/><T113/><D62/><U24/><E26/><V20/><F20/><W98/><G101/><T46/><D46/><AGARI ba="0,0" hai="7,9,14,38,41,46,54,57,61,90,91" m="48745" machi="46" ten="30,2000,0" yaku="18,1,52,1" doraHai="4" who="2" fromWho="0" sc="250,-20,250,0,250,20,250,0" /><INIT seed="1,0,0,2,3,66" ten="230,250,270,250" oya="1" hai0="10,52,29,70,0,98,122,26,44,12,89,68,93" hai1="39,108,110,56,2,75,59,94,102,41,4,19,128" hai2="46,76,13,115,88,78,3,69,21,9,67,40,48" hai3="74,82,24,83,127,121,126,109,96,120,42,15,53"/><U134/><E75/><V73/><F115/><W90/><G109/><N who="1" m="42090" /><E2/><V135/><F135/><W60/><G42/><T36/><D0/><U65/><E4/><V37/><F3/><W123/><G15/><T7/><D122/><U129/><E19/><V63/><F73/><W132/><G132/><T27/><D27/><U31/><E31/><V106/><F106/><W71/><G74/><T35/><REACH who="0" step="1"/><D36/><REACH who="0" ten="220,250,270,250" step="2"/><U118/><E134/><V97/><F37/><W51/><G24/><T107/><D107/><U47/><E118/><V87/><F97/><W112/><G121/><T38/><D38/><U5/><E5/><V104/><F104/><W86/><G120/><T32/><D32/><U58/><E65/><V77/><F21/><W117/><G123/><T11/><D11/><U85/><E85/><V119/><F119/><W113/><G117/><T130/><D130/><U14/><E14/><V28/><F13/><W43/><G112/><T84/><D84/><U80/><E128/><V95/><F9/><W22/><G113/><T116/><D116/><U103/><E129/><V100/><F28/><W61/><G86/><T62/><D62/><U124/><E124/><N who="3" m="47658" /><G60/><T20/><D20/><U57/><E39/><V50/><F50/><AGARI ba="0,1" hai="7,10,12,26,29,35,44,50,52,68,70,89,93,98" machi="50" ten="40,8000,1" yaku="1,1,52,2,54,1,53,0" doraHai="66" doraHaiUra="99" who="0" fromWho="2" sc="220,90,250,0,270,-80,250,0" /><INIT seed="2,0,0,3,4,118" ten="310,250,190,250" oya="2" hai0="56,69,26,48,81,44,72,122,94,41,46,37,134" hai1="40,11,63,60,78,102,13,1,83,82,10,49,79" hai2="108,42,121,119,28,93,3,33,45,15,111,85,105" hai3="29,25,57,67,97,89,6,101,87,112,21,68,20"/><V55/><F119/><W47/><G112/><T16/><D69/><U71/><E1/><V61/><F3/><W53/><G6/><T2/><D2/><U73/><E71/><V0/><F0/><W51/><G68/><T114/><D114/><U24/><E102/><V59/><F105/><W38/><G20/><T129/><D122/><U54/><E40/><V77/><F33/><W19/><G19/><T64/><D129/><U17/><E24/><V110/><F28/><W62/><G38/><T91/><D134/><U4/><E11/><V113/><F113/><W117/><G117/><T124/><D124/><U98/><E98/><V7/><F7/><W52/><G87/><T125/><D125/><U80/><E4/><V96/><F15/><W23/><G23/><T32/><D56/><U120/><E120/><V27/><F27/><W12/><G89/><T106/><D64/><U22/><E22/><V39/><F121/><W34/><G34/><T86/><D106/><U18/><E18/><V130/><F130/><W115/><G115/><T74/><D94/><U65/><E65/><V109/><N who="2" m="27648" /><DORA hai="75" /><V100/><F85/><W14/><G53/><T132/><D132/><U70/><E70/><V127/><REACH who="2" step="1"/><F77/><REACH who="2" ten="310,250,180,250" step="2"/><N who="1" m="29193" /><E73/><V103/><F103/><W128/><G128/><T8/><D32/><U131/><E131/><V84/><F84/><W36/><G36/><T95/><D72/><U31/><E31/><V43/><F43/><W107/><AGARI ba="0,1" hai="12,14,21,25,29,47,51,52,57,62,67,97,101,107" machi="107" ten="20,2700,0" yaku="0,1,7,1,54,1" doraHai="118,75" who="3" fromWho="3" sc="310,-7,250,-7,180,-13,250,37" /><INIT seed="3,0,0,3,2,124" ten="303,243,167,287" oya="3" hai0="85,114,75,104,64,55,6,132,14,102,31,117,27" hai1="97,133,28,42,123,7,90,126,115,59,131,107,92" hai2="20,84,122,49,69,82,17,39,26,40,50,81,129" hai3="89,41,67,113,135,120,125,128,93,87,29,91,44"/><W38/><G113/><T70/><D75/><U37/><E123/><V30/><F122/><W119/><G120/><T21/><D117/><U57/><E115/><V13/><F69/><W118/><G125/><T63/><D114/><U112/><E133/><V105/><F105/><W10/><G135/><T16/><D132/><U35/><E7/><V5/><F5/><W72/><G72/><T134/><D134/><U65/><E65/><V74/><F74/><W71/><G128/><T34/><D6/><U95/><E107/><V76/><F81/><W130/><G130/><T101/><D104/><U51/><E37/><V25/><F129/><W56/><G71/><T23/><D34/><U106/><E106/><V73/><F73/><W60/><G10/><T9/><D9/><U4/><E4/><V24/><F39/><W116/><G91/><T36/><D36/><U127/><E112/><V94/><F40/><W46/><G46/><T32/><D32/><U1/><E1/><V68/><F68/><W0/><REACH who="3" step="1"/><G29/><REACH who="3" ten="303,243,167,277" step="2"/><T22/><D70/><U33/><E131/><V98/><REACH who="2" step="1"/><F30/><REACH who="2" ten="303,243,157,277" step="2"/><W83/><G83/><T58/><D31/><U61/><E127/><V8/><F8/><W109/><G109/><T43/><D43/><U99/><E28/><V12/><F12/><W19/><G19/><T108/><D108/><U121/><E126/><V100/><AGARI ba="0,2" hai="13,17,20,24,25,26,49,50,76,82,84,94,98,100" machi="100" ten="30,7900,0" yaku="1,1,0,1,8,1,53,1" doraHai="124" doraHaiUra="88" who="2" fromWho="2" sc="303,-20,243,-20,157,99,277,-39" /><INIT seed="4,0,0,0,3,66" ten="283,223,256,238" oya="0" hai0="11,117,13,21,23,64,111,102,29,41,99,100,129" hai1="76,10,22,63,19,12,125,84,107,58,51,128,53" hai2="105,14,2,89,50,93,54,135,68,30,3,115,134" hai3="122,31,55,59,80,45,130,52,15,92,73,27,88"/><T113/><D117/><U42/><E107/><V79/><F115/><W97/><G130/><T94/><D113/><U104/><E104/><V18/><F105/><W75/><G122/><T7/><D129/><U61/><E125/><V81/><F30/><W72/><G15/><T131/><D131/><U37/><E128/><V56/><F68/><W98/><G45/><T133/><D133/><U106/><E106/><V112/><F112/><W70/><G70/><T24/><D111/><U101/><E101/><V65/><F65/><W26/><G97/><T32/><D100/><U20/><E37/><V121/><F121/><W114/><G114/><T44/><D64/><U127/><E127/><V85/><F134/><W77/><G26/><T95/><D94/><U71/><E71/><V108/><F108/><W6/><G6/><T60/><D60/><N who="1" m="23115" /><E42/><V120/><F120/><W83/><G59/><T48/><AGARI ba="0,0" hai="7,11,13,21,23,24,29,32,41,44,48,95,99,102" machi="48" ten="20,2100,0" yaku="0,1,7,1" doraHai="66" who="0" fromWho="0" sc="283,21,223,-7,256,-7,238,-7" owari="304,40.4,216,-28.4,249,4.9,231,-16.9" /></mjloggm>