<mjloggm ver="2.3"><GO type="225" lobby="0"/><UN n0="%E9%80%9F%E6%B0%B4%E5%87%9B%E9%A6%99" n1="%E3%81%95%E3%81%8D%E3%81%9F%E3%81%BE%E6%9E%97%E6%AA%8E" n2="%E5%B8%86%E7%AB%8B%E5%A4%8F%E8%A1%A3" n3="%6E%69%63%6F%6E%74%6F" dan="16,16,17,17" rate="2153.82,2112.27,2153.08,2166.89" sx="F,M,M,M"/><TAIKYOKU oya="0"/><INIT seed="0,0,0,2,0,15" ten="250,250,250,250" oya="0" hai0="21,18,98,67,92,69,99,131,49,14,38,121,133" hai1="88,112,130,52,90,77,13,16,45,102,128,25,103" hai2="72,127,107,33,22,80,93,35,94,64,100,11,5" hai3="30,79,114,34,51,57,125,44,8,4,0,28,19"/><T36/><D121/><U105/><E112/><V74/><F127/><W85/><G125/><T87/><D133/><U1/><E1/><V106/><F64/><W123/><G114/><T66/><D131/><N who="1" m="50219" /><E77/><V83/><F22/><W109/><G109/><T134/><D134/><U120/><E25/><V132/><F11/><W86/><G34/><T63/><D66/><U115/><E115/><V41/><F132/><W76/><G57/><T50/><D50/><N who="1" m="28751" /><E120/><V55/><F55/><W71/><G123/><T27/><D49/><U81/><E81/><V32/><F32/><W37/><G76/><T59/><D69/><U7/><E7/><V78/><F78/><W82/><G71/><T12/><D12/><U43/><E43/><V31/><F31/><W24/><G37/><T124/><D124/><U65/><E65/><V95/><F41/><W48/><G48/><T2/><D2/><U61/><E61/><V116/><F5/><W58/><G30/><T26/><D36/><U40/><E40/><V68/><F68/><W56/><G28/><T9/><D38/><U70/><E70/><V89/><F35/><W62/><G62/><T3/><D3/><U73/><E73/><N who="2" m="28267" /><F33/><W53/><G0/><T91/><REACH who="0" step="1"/><D26/><REACH who="0" ten="240,250,250,250" step="2"/><U10/><E105/><N who="2" m="39947" /><F116/><W110/><G24/><T54/><D54/><U129/><E129/><V126/><F126/><W60/><G53/><T23/><D23/><U119/><E119/><V96/><F100/><AGARI ba="0,1" hai="10,13,16,88,90,100,102,103" m="28751,50219" machi="100" ten="30,8000,1" yaku="19,1,52,1,54,3" doraHai="15" who="1" fromWho="2" sc="240,0,250,90,250,-80,250,0" /><INIT seed="1,0,0,3,5,51" ten="240,340,170,250" oya="1" hai0="39,21,107,104,54,9,134,34,22,93,128,38,82" hai1="132,96,69,0,130,94,123,109,62,98,37,92,122" hai2="111,88,127,73,44,20,24,68,118,30,135,117,89" hai3="11,65,52,102,17,49,85,101,15,40,26,45,74"/><U76/><E37/><V56/><F111/><W2/><G74/><T125/><D34/><U18/><E0/><V77/><F68/><W121/><G121/><T70/><D70/><U63/><E18/><V87/><F127/><W29/><G65/><T6/><D82/><U12/><E12/><V3/><F135/><W33/><G2/><T32/><D32/><U53/><E76/><V95/><F3/><W105/><G105/><T112/><D112/><U23/><E23/><V64/><F89/><W86/><G86/><T124/><D93/><U48/><E69/><V100/><F100/><W126/><G126/><N who="0" m="48747" /><D134/><U43/><E43/><V116/><F44/><W91/><REACH who="3" step="1"/><G40/><REACH who="3" ten="240,340,170,240" step="2"/><T55/><D107/><U120/><E123/><V42/><F42/><W46/><G46/><T71/><D104/><U113/><E120/><V41/><F41/><W108/><G108/><T110/><D110/><U97/><E109/><V129/><F129/><W28/><G28/><T78/><D71/><U36/><E130/><V31/><F31/><W67/><G67/><T7/><D128/><U1/><E1/><V8/><F64/><W72/><G72/><T81/><D39/><U4/><E36/><V19/><F56/><W47/><G47/><T75/><D38/><U131/><E131/><V57/><F57/><W61/><G61/><T114/><D114/><U35/><E113/><V59/><F59/><W99/><G99/><N who="1" m="37962" /><E63/><V84/><F73/><W14/><G14/><T25/><D75/><U115/><E62/><V83/><F30/><W103/><G103/><T80/><D25/><U106/><E122/><RYUUKYOKU ba="0,1" sc="240,-15,340,-15,170,15,240,15" hai2="8,19,20,24,77,83,84,87,88,95,116,117,118" hai3="11,15,17,26,29,33,45,49,52,85,91,101,102" /><INIT seed="2,1,1,4,4,84" ten="225,325,185,255" oya="2" hai0="32,25,129,111,74,132,101,23,8,15,53,130,117" hai1="108,122,6,40,14,63,38,4,10,106,7,22,60" hai2="28,90,43,124,57,19,24,47,16,2,21,65,41" hai3="58,49,42,119,113,55,125,13,64,110,0,121,76"/><V33/><F124/><W11/><G119/><T56/><D101/><U116/><E108/><V123/><F123/><W45/><G121/><T39/><D74/><U100/><E116/><V77/><F2/><W91/><G110/><T36/><D32/><U104/><E122/><V80/><F33/><W44/><G125/><T54/><D111/><U35/><E35/><V118/><F118/><W134/><G134/><T114/><D114/><U79/><E79/><V61/><F43/><W34/><G34/><T68/><D68/><U5/><E38/><V70/><F70/><W115/><G0/><T88/><D117/><U75/><E75/><V27/><F27/><W135/><G135/><T99/><D53/><U83/><E83/><V48/><REACH who="2" step="1"/><F90/><REACH who="2" ten="225,325,175,255" step="2"/><W71/><G71/><T52/><D132/><U17/><E14/><V127/><F127/><W97/><G115/><T107/><D54/><U93/><E40/><V94/><F94/><N who="3" m="56543" /><G113/><T51/><D107/><U131/><E106/><V105/><F105/><W18/><G42/><T46/><D36/><U62/><E93/><V87/><AGARI ba="1,2" hai="16,19,21,24,28,41,47,48,57,61,65,77,80,87" machi="87" ten="20,12000,1" yaku="1,1,0,1,7,1,8,1,54,1,53,0" doraHai="84" doraHaiUra="112" who="2" fromWho="2" sc="225,-41,325,-41,175,143,255,-41" /><INIT seed="2,2,0,5,5,35" ten="184,284,318,214" oya="2" hai0="24,67,0,88,13,62,78,27,19,91,124,15,53" hai1="128,83,104,106,105,4,48,120,73,64,86,85,94" hai2="93,126,102,33,101,3,131,2,52,56,109,119,130" hai3="100,21,97,47,41,57,6,132,127,55,121,116,103"/><V22/><F33/><W79/><G116/><T8/><D124/><U66/><E4/><V16/><F119/><W40/><G121/><T60/><D78/><N who="1" m="44495" /><E48/><N who="2" m="30727" /><F126/><W135/><G127/><T65/><D53/><U114/><E64/><V11/><F109/><W23/><G79/><T122/><D122/><U12/><E66/><V50/><F50/><N who="3" m="30967" /><G6/><T111/><D8/><U46/><E46/><V80/><F80/><W59/><G59/><T28/><D28/><U92/><E12/><N who="2" m="9479" /><F11/><W45/><G45/><T44/><D44/><U113/><E120/><V37/><F37/><W31/><G47/><T99/><D19/><U95/><E128/><N who="2" m="49195" /><F93/><N who="1" m="23809" /><U71/><DORA hai="34" /><E71/><V129/><F129/><W49/><G41/><T32/><D32/><U14/><E14/><V90/><F90/><W123/><G40/><T18/><D18/><U76/><E76/><V17/><F17/><W51/><G123/><T115/><D111/><U68/><E68/><V84/><F84/><AGARI ba="2,0" hai="84,85,86,104,105,106,113,114" m="23809,44495" machi="84" ten="40,2600,0" yaku="34,2" doraHai="35,34" who="1" fromWho="2" sc="184,0,284,32,318,-32,214,0" /><INIT seed="3,0,0,3,0,10" ten="184,316,286,214" oya="3" hai0="33,47,77,15,44,20,0,7,40,121,21,12,129" hai1="3,52,36,17,117,51,85,66,4,91,42,70,84" hai2="41,48,55,82,118,132,32,125,119,130,98,107,6" hai3="104,95,78,24,45,115,105,14,58,30,97,43,16"/><W1/><G1/><T46/><D33/><U92/><E117/><V56/><F32/><W75/><G58/><T80/><D121/><U69/><E3/><V96/><F125/><W133/><G133/><T38/><D129/><U81/><E4/><V8/><F130/><W122/><G115/><T5/><D0/><U134/><E134/><V9/><F132/><W25/><G122/><T26/><D38/><U73/><E73/><V19/><F41/><W37/><G78/><T54/><D40/><U114/><E114/><V61/><F82/><W110/><G75/><T131/><D131/><U59/><E66/><N who="2" m="39207" /><F107/><W67/><G67/><T13/><D54/><U50/><E36/><V93/><F93/><W124/><G110/><T90/><D90/><U86/><E70/><V89/><F89/><W72/><G72/><T29/><REACH who="0" step="1"/><D21/><REACH who="0" ten="174,316,286,214" step="2"/><U99/><E42/><V88/><F88/><W28/><G43/><T57/><D57/><U126/><E59/><N who="2" m="33255" /><F119/><W11/><G37/><T23/><D23/><U116/><E116/><V34/><F34/><W103/><G45/><T109/><D109/><U108/><E108/><V76/><F118/><W60/><G124/><T102/><D102/><U31/><E126/><V18/><F76/><W39/><G39/><T83/><D83/><U106/><E81/><V112/><F112/><W64/><G105/><T79/><D79/><U65/><E106/><V63/><F63/><W111/><G104/><T100/><D100/><U49/><E91/><V128/><F128/><W113/><G111/><T53/><D53/><U22/><E52/><V27/><F98/><RYUUKYOKU ba="0,1" sc="174,30,316,-10,286,-10,214,-10" hai0="5,7,12,13,15,20,26,29,44,46,47,77,80" owari="204,-19.6,316,41.6,276,7.6,204,-29.6" /></mjloggm>