<mjloggm ver="2.3"><GO type="225" lobby="0"/><UN n0="%E6%B4%BE%E9%81%A3%E3%81%AE%E3%82%B8%E3%83%A3%E3%83%83%E3%82%AF" n1="%E3%81%BE%E3%81%A8%E3%81%9F" n2="%72%69%6F%75%63%68%61%6E" n3="%E3%81%99%E3%81%84%E3%81%BE%E3%81%9B%E3%83%BC%E3%82%93" dan="17,17,17,18" rate="2228.90,2242.26,2181.92,2241.57" sx="M,M,M,M"/><TAIKYOKU oya="0"/><INIT seed="0,0,0,4,4,109" ten="250,250,250,250" oya="0" hai0="1,43,38,35,130,129,85,116,103,46,13,87,114" hai1="74,3,133,89,9,126,123,78,92,131,86,40,75" hai2="79,17,110,113,32,112,102,77,34,132,6,91,29" hai3="26,28,90,115,104,5,69,25,51,83,44,120,128"/><T55/><D1/><U8/><E123/><V59/><F110/><W62/><G120/><T24/><D116/><U81/><E126/><V67/><F132/><W53/><G104/><T2/><D2/><U16/><E133/><V135/><F135/><W61/><G128/><N who="0" m="49259" /><D103/><U66/><E131/><V10/><F102/><W127/><G115/><T60/><D114/><U47/><E66/><V49/><F17/><W19/><G127/><T39/><D39/><U95/><E95/><V41/><F91/><W18/><G5/><T97/><D13/><U106/><E106/><V101/><F101/><W4/><G4/><T31/><D97/><U64/><E64/><V45/><F79/><W54/><G69/><T94/><D94/><U22/><E74/><V21/><F77/><W50/><G90/><T52/><D60/><U98/><E75/><V15/><F21/><W122/><G122/><T71/><D71/><U11/><E3/><V42/><F32/><W118/><G118/><T84/><AGARI ba="0,0" hai="24,31,35,38,43,46,52,55,84,85,87" m="49259" machi="84" ten="30,3000,0" yaku="19,1,54,1" doraHai="109" who="0" fromWho="0" sc="250,30,250,-10,250,-10,250,-10" /><INIT seed="0,1,0,3,0,20" ten="280,240,240,240" oya="0" hai0="84,33,61,22,1,13,91,135,125,126,77,80,17" hai1="89,24,12,81,34,100,109,112,97,18,31,68,50" hai2="107,21,118,78,38,66,108,16,47,51,122,85,41" hai3="117,86,67,111,65,39,82,26,93,106,110,7,115"/><T0/><D135/><U59/><E68/><V5/><F122/><W8/><G115/><T128/><D128/><U90/><E109/><N who="3" m="41482" /><G106/><T58/><D33/><U29/><E112/><V44/><F108/><W114/><G39/><T131/><D131/><U129/><E129/><V52/><F118/><W96/><G117/><T121/><D77/><U9/><E31/><V99/><F66/><W37/><G37/><T76/><D76/><U127/><E127/><N who="0" m="48649" /><D121/><U62/><E50/><V45/><F5/><W71/><G71/><T48/><D48/><U74/><E81/><V92/><F107/><W23/><G86/><T133/><D133/><U102/><E74/><V15/><F45/><W98/><G82/><T94/><D80/><U120/><E120/><V134/><F134/><W73/><G73/><T75/><D75/><U25/><E34/><V3/><F3/><N who="3" m="127" /><G96/><T72/><D72/><U10/><E97/><V70/><F70/><W30/><G114/><T56/><D56/><U57/><E57/><V46/><F78/><W124/><G124/><T119/><D119/><U27/><E29/><V43/><F85/><W104/><G104/><T11/><D11/><U36/><E9/><V6/><F38/><W69/><G69/><T54/><AGARI ba="1,0" hai="0,1,13,17,22,54,58,61,84,91,94" m="48649" machi="54" ten="30,1500,0" yaku="18,1" doraHai="20" who="0" fromWho="0" sc="280,18,240,-6,240,-6,240,-6" /><INIT seed="0,2,0,5,2,69" ten="298,234,234,234" oya="0" hai0="123,48,23,12,98,93,113,47,79,5,117,29,52" hai1="32,72,11,1,10,22,37,130,56,24,36,128,33" hai2="121,85,96,15,84,8,82,83,46,19,75,89,39" hai3="73,20,103,34,64,102,14,81,92,67,127,41,49"/><T53/><D117/><U135/><E72/><V105/><F121/><W7/><G34/><N who="1" m="13418" /><E56/><V124/><F124/><W13/><G127/><T30/><D113/><U2/><E135/><V6/><F75/><W97/><G102/><T42/><D79/><U78/><E78/><V4/><F105/><W100/><G100/><T60/><D123/><U76/><E76/><V43/><REACH who="2" step="1"/><F96/><REACH who="2" ten="298,234,224,234" step="2"/><W109/><G97/><T35/><D98/><U50/><E1/><V0/><F0/><W57/><G73/><T132/><D132/><U63/><E2/><V61/><F61/><W131/><G131/><N who="1" m="50218" /><E63/><V91/><AGARI ba="2,1" hai="4,6,8,15,19,39,43,46,82,83,84,85,89,91" machi="91" ten="20,8000,1" yaku="1,1,0,1,7,1,9,1,52,1,53,0" doraHai="69" doraHaiUra="122" who="2" fromWho="2" sc="298,-42,234,-22,224,96,234,-22" /><INIT seed="1,0,0,4,3,119" ten="256,212,320,212" oya="1" hai0="64,67,104,118,1,123,110,105,2,83,25,9,48" hai1="87,124,103,33,22,107,90,40,134,69,65,3,13" hai2="91,63,100,99,135,42,15,60,75,28,17,112,133" hai3="130,114,76,120,36,127,129,113,122,52,85,7,81"/><U95/><E124/><V59/><F75/><W19/><G36/><T117/><D83/><U26/><E3/><V93/><F112/><N who="3" m="43115" /><G7/><T5/><D48/><U14/><E134/><N who="2" m="51211" /><F28/><W45/><G127/><T97/><D25/><U31/><E40/><V11/><F42/><W128/><G19/><T55/><D55/><U66/><E22/><V82/><F59/><W21/><G21/><T50/><D50/><AGARI ba="0,0" hai="45,50,52,76,81,85,120,122,128,129,130" m="43115" machi="50" ten="40,8000,1" yaku="19,1,52,2,54,1" doraHai="119" who="3" fromWho="0" sc="256,-80,212,0,320,0,212,80" /><INIT seed="2,0,0,1,5,33" ten="176,212,320,292" oya="2" hai0="64,47,79,101,25,14,44,88,28,9,48,53,40" hai1="62,52,30,71,132,12,65,96,127,98,46,123,22" hai2="21,16,129,100,126,4,84,111,103,120,105,67,26" hai3="49,63,104,97,58,42,110,135,125,37,102,2,19"/><V39/><F120/><W31/><G2/><T133/><D133/><U122/><E127/><V45/><F126/><W108/><G125/><T72/><D101/><U27/><E132/><V115/><F115/><W69/><G135/><T13/><D64/><U43/><E12/><V131/><F105/><W55/><G31/><T73/><D79/><U109/><E109/><V130/><F111/><W6/><G6/><T61/><D14/><U116/><E116/><V35/><F67/><N who="3" m="41215" /><G19/><T95/><D61/><U1/><E1/><V66/><F66/><W34/><G34/><T81/><D81/><U20/><E20/><V24/><F4/><W3/><G3/><T113/><D113/><U51/><REACH who="1" step="1"/><E43/><REACH who="1" ten="176,202,320,292" step="2"/><N who="2" m="22783" /><F35/><W86/><G110/><T107/><D107/><U80/><E80/><V119/><F119/><W15/><G15/><T124/><D124/><U92/><E92/><V121/><F121/><AGARI ba="0,1" hai="22,27,30,46,51,52,62,65,71,96,98,121,122,123" machi="121" ten="40,5200,0" yaku="1,1,13,1,54,1,53,0" doraHai="33" doraHaiUra="29" who="1" fromWho="2" sc="176,0,202,62,320,-52,292,0" /><INIT seed="3,0,0,0,5,58" ten="176,264,268,292" oya="3" hai0="4,134,52,86,11,48,62,10,0,59,67,89,123" hai1="19,2,132,12,100,27,21,6,87,102,40,47,34" hai2="60,42,1,131,69,91,85,127,77,54,130,96,30" hai3="3,101,36,8,5,29,61,68,44,78,121,53,111"/><W122/><G111/><T41/><D123/><U22/><E132/><V55/><F127/><W107/><G29/><T81/><D134/><U56/><E34/><V80/><F1/><W33/><G33/><T135/><D135/><U70/><E70/><V98/><F30/><W82/><G101/><T106/><D11/><U20/><E2/><V120/><F120/><W72/><G107/><T93/><D106/><U32/><E32/><V109/><F109/><W57/><G68/><T13/><D0/><U14/><E27/><V66/><F42/><AGARI ba="0,0" hai="3,5,8,36,42,44,53,57,61,72,78,82,121,122" machi="42" ten="40,7700,0" yaku="25,2,52,1" doraHai="58" who="3" fromWho="2" sc="176,0,264,0,268,-77,292,77" owari="176,-32.4,264,6.4,191,-20.9,369,46.9" /></mjloggm>