<mjloggm ver="2.3"><GO type="225" lobby="0"/><UN n0="%E3%81%A9%E3%82%8F%E3%82%93%E3%81%94" n1="%E3%81%82%E3%81%B9%E3%81%99%E3%81%91" n2="%E3%81%BF%E3%81%BF%E3%81%9A" n3="%E8%80%81%E6%A5%BD" dan="16,16,16,16" rate="2071.58,2095.12,2162.20,2120.04" sx="M,M,M,M"/><TAIKYOKU oya="0"/><INIT seed="0,0,0,5,5,124" ten="250,250,250,250" oya="0" hai0="105,49,69,28,1,53,41,108,117,121,71,94,40" hai1="35,76,80,92,48,38,14,135,77,60,27,113,100" hai2="62,115,118,66,20,112,51,83,63,42,2,3,123" hai3="125,131,81,72,114,126,45,32,99,16,122,34,57"/><T102/><D121/><U30/><E38/><V5/><F123/><W74/><G122/><T103/><D1/><U23/><E135/><V82/><F20/><W15/><G114/><T97/><D117/><U128/><E113/><V87/><F118/><W89/><G131/><T19/><D28/><U116/><E116/><V88/><F62/><W13/><G57/><T68/><D108/><U0/><E48/><V73/><F2/><W56/><G56/><T4/><D4/><U22/><E0/><V50/><F50/><W64/><G64/><T26/><D105/><U134/><E77/><V98/><F98/><W8/><G45/><T21/><REACH who="0" step="1"/><D103/><REACH who="0" ten="240,250,250,250" step="2"/><U31/><E100/><V7/><F7/><W18/><G126/><T61/><D61/><U11/><E31/><V54/><F5/><W79/><G125/><T25/><D25/><U67/><E35/><V24/><F24/><W36/><G34/><T120/><D120/><U109/><E27/><V85/><F3/><W106/><G32/><T93/><D93/><U46/><E92/><V33/><F33/><W111/><G106/><T84/><D84/><U132/><E30/><V86/><F115/><W55/><G72/><T78/><D78/><U44/><E76/><N who="2" m="44303" /><F112/><W39/><G74/><T130/><D130/><U91/><E128/><V95/><F95/><W75/><G75/><T70/><N who="0" m="17408" /><DORA hai="52" /><T58/><AGARI ba="0,1" hai="19,21,26,40,41,49,53,58,94,97,102" m="17408" machi="58" ten="60,12000,1" yaku="1,1,4,1,0,1,52,1,53,0" doraHai="124,52" doraHaiUra="104,6" who="0" fromWho="0" sc="240,130,250,-40,250,-40,250,-40" /><INIT seed="0,1,0,2,3,8" ten="370,210,210,210" oya="0" hai0="76,80,18,51,107,40,83,88,82,6,1,20,60" hai1="5,135,44,127,119,102,73,118,62,42,113,72,26" hai2="38,14,93,15,120,52,57,48,100,56,68,46,69" hai3="78,114,128,133,36,54,19,49,39,94,103,41,132"/><T98/><D1/><U37/><E26/><V61/><F120/><W95/><G114/><T2/><D2/><U104/><E135/><N who="3" m="51786" /><G128/><T111/><D6/><U30/><E30/><V55/><F69/><W66/><G66/><T11/><D11/><U65/><E127/><V110/><F110/><W31/><G31/><T97/><D111/><U9/><E113/><V47/><F68/><W67/><G67/><T77/><D60/><U59/><E102/><V112/><F112/><W122/><G122/><T64/><D64/><U92/><E104/><V84/><F38/><W7/><G7/><T134/><D134/><U70/><E92/><V90/><F100/><W116/><G116/><T50/><D107/><U10/><E119/><V131/><F131/><W12/><G78/><N who="0" m="30315" /><D40/><U43/><E118/><V105/><F105/><W58/><G41/><T13/><D98/><U63/><E43/><V124/><F124/><W89/><G103/><T71/><D71/><U29/><E5/><V28/><F28/><W4/><G4/><T99/><D97/><U96/><E96/><V74/><F74/><N who="1" m="28777" /><E29/><V85/><F84/><N who="3" m="52519" /><G95/><AGARI ba="1,0" hai="13,18,20,50,51,80,82,83,88,95,99" m="30315" machi="95" ten="30,5800,0" yaku="8,1,52,1,54,1" doraHai="8" who="0" fromWho="3" sc="370,61,210,0,210,0,210,-61" /><INIT seed="0,2,0,5,2,135" ten="431,210,210,149" oya="0" hai0="118,107,83,47,93,90,77,124,22,80,20,29,24" hai1="95,45,16,37,17,42,31,131,2,71,123,82,64" hai2="14,109,28,13,74,89,11,0,41,57,100,81,79" hai3="126,32,106,76,92,10,4,15,97,102,78,9,115"/><T86/><D118/><U84/><E123/><V8/><F109/><W55/><G115/><T75/><D124/><U72/><E2/><V105/><F28/><W43/><G32/><T6/><D6/><U23/><E131/><V111/><F111/><W7/><G126/><T51/><D107/><U58/><E71/><V129/><F129/><W5/><G106/><T128/><D128/><U113/><E72/><V34/><F34/><W46/><G55/><T21/><REACH who="0" step="1"/><D83/><REACH who="0" ten="421,210,210,149" step="2"/><U1/><E82/><V39/><F105/><W103/><G103/><T73/><D73/><U101/><E101/><V56/><F100/><W52/><G5/><T104/><D104/><U50/><E113/><V60/><F81/><W133/><G133/><T85/><D85/><U12/><E84/><V27/><F74/><W25/><G4/><T69/><D69/><U134/><E134/><V48/><F0/><W120/><G7/><T99/><D99/><U65/><E1/><V68/><F68/><W116/><G97/><T36/><D36/><U33/><E37/><V70/><F39/><W44/><G116/><T18/><D18/><U26/><E17/><V127/><F70/><W63/><G120/><T98/><D98/><U108/><E108/><V88/><F127/><W40/><G76/><T94/><D94/><U54/><E95/><V96/><F79/><W53/><G78/><T38/><D38/><U130/><E130/><V59/><F96/><W112/><G92/><T49/><D49/><U117/><E117/><V125/><F125/><W87/><G87/><T119/><D119/><U110/><E110/><RYUUKYOKU ba="2,1" sc="421,15,210,15,210,-15,149,-15" hai0="20,21,22,24,29,47,51,75,77,80,86,90,93" hai1="12,16,23,26,31,33,42,45,50,54,58,64,65" /><INIT seed="0,3,1,0,1,7" ten="436,225,195,134" oya="0" hai0="125,88,131,37,22,109,85,77,83,32,102,122,126" hai1="135,129,4,0,18,67,45,35,8,100,50,99,41" hai2="23,26,60,62,39,17,56,63,90,71,68,97,130" hai3="59,133,75,118,57,6,54,95,47,44,91,124,87"/><T106/><D122/><U20/><E135/><V103/><F39/><W72/><G118/><T33/><D37/><U93/><E129/><V132/><F132/><W16/><G133/><T101/><D131/><U115/><E115/><V73/><F130/><W117/><G117/><T25/><D109/><U12/><E67/><V53/><F73/><W128/><G128/><T76/><D33/><U113/><E113/><V29/><F90/><W52/><G124/><N who="0" m="47723" /><D32/><U80/><E80/><V65/><F17/><W3/><G72/><T24/><D24/><U34/><AGARI ba="3,1" hai="0,4,8,12,18,20,34,35,41,45,50,93,99,100" machi="34" ten="30,2000,0" yaku="0,1,52,1" doraHai="7" who="1" fromWho="1" sc="436,-13,225,39,195,-8,134,-8" /><INIT seed="1,0,0,2,3,34" ten="423,264,187,126" oya="1" hai0="13,69,78,111,68,72,132,28,24,59,9,63,81" hai1="83,118,95,123,104,94,113,8,73,11,33,52,19" hai2="31,110,128,32,56,58,126,117,129,109,55,99,105" hai3="14,17,120,7,116,135,98,124,100,127,43,53,2"/><U30/><E113/><V15/><F32/><W16/><G120/><T45/><D111/><N who="2" m="42506" /><F31/><W93/><G43/><T54/><D132/><U23/><E118/><V5/><F117/><W20/><G135/><T77/><D77/><U91/><E104/><V18/><F5/><W47/><G116/><T122/><D45/><U121/><E33/><V115/><F126/><W27/><G53/><T71/><D122/><U0/><E30/><V80/><F80/><W25/><G47/><T131/><D131/><N who="2" m="50250" /><F115/><W134/><G134/><T64/><D24/><U48/><E83/><V79/><F79/><W90/><G90/><T22/><D22/><U130/><E23/><N who="2" m="11743" /><F55/><W74/><G74/><T50/><D28/><U84/><E52/><V103/><AGARI ba="0,0" hai="56,58,99,103,105" m="11743,50250,42506" machi="103" ten="40,2700,0" yaku="14,1,19,1" doraHai="34" who="2" fromWho="2" sc="423,-7,264,-13,187,27,126,-7" /><INIT seed="2,0,0,0,2,123" ten="416,251,214,119" oya="2" hai0="59,79,127,97,60,5,4,116,19,36,61,51,3" hai1="110,23,134,91,133,125,11,80,6,18,90,122,40" hai2="68,84,21,98,100,34,25,15,93,118,53,95,63" hai3="45,35,13,64,82,109,106,38,119,44,88,33,111"/><V57/><F118/><W87/><G119/><T8/><D36/><U120/><E125/><V92/><F34/><W29/><G106/><T72/><D127/><U43/><E110/><N who="3" m="41994" /><G64/><T83/><D116/><U108/><E108/><V77/><F68/><W28/><G13/><T113/><D113/><U112/><E80/><N who="2" m="47119" /><F15/><W24/><G38/><T30/><D30/><AGARI ba="0,0" hai="21,25,30,53,57,63,92,93,95,98,100" m="47119" machi="30" ten="30,1500,0" yaku="8,1" doraHai="123" who="2" fromWho="0" sc="416,-15,251,0,214,15,119,0" /><INIT seed="2,1,0,0,5,63" ten="401,251,229,119" oya="2" hai0="89,30,107,69,88,124,59,32,126,112,28,91,64" hai1="16,44,101,83,35,130,119,49,54,110,38,118,103" hai2="43,128,14,95,1,94,13,39,57,60,10,84,34" hai3="123,62,113,71,41,76,37,12,5,15,68,21,86"/><V40/><F34/><W48/><G123/><T58/><D112/><U22/><E35/><V97/><F1/><W74/><G74/><T19/><D107/><U98/><E110/><V45/><F128/><W75/><G75/><T73/><D73/><U93/><E130/><V61/><F61/><W87/><G37/><T8/><D69/><U53/><E83/><V131/><F131/><W80/><G113/><T100/><D100/><U134/><E134/><V82/><F40/><W11/><G87/><T117/><D117/><U109/><E109/><V17/><F14/><W122/><G122/><T120/><D120/><U51/><E103/><V65/><REACH who="2" step="1"/><F97/><REACH who="2" ten="401,251,219,119" step="2"/><W104/><G62/><N who="0" m="37975" /><D32/><U90/><E119/><V42/><F42/><W6/><G104/><T18/><D126/><U4/><E118/><V85/><F85/><W92/><G92/><T77/><D124/><U23/><E93/><V114/><F114/><W102/><G102/><T132/><D132/><U3/><E101/><V125/><F125/><W0/><G0/><T111/><D111/><U29/><E98/><V81/><F81/><W27/><G12/><T99/><D99/><U79/><E3/><V127/><F127/><W70/><G5/><T66/><D66/><U56/><E4/><V67/><F67/><W31/><REACH who="3" step="1"/><G71/><REACH who="3" ten="401,251,219,109" step="2"/><T133/><D133/><U26/><E38/><V52/><F52/><W24/><G24/><T2/><D2/><U36/><E36/><V96/><F96/><W46/><AGARI ba="1,2" hai="6,11,15,21,27,31,41,46,48,68,70,76,80,86" machi="46" ten="30,7900,0" yaku="1,1,0,1,25,2,53,0" doraHai="63" doraHaiUra="55" who="3" fromWho="3" sc="401,-21,251,-21,219,-40,109,102" /><INIT seed="3,0,0,4,5,78" ten="380,230,179,211" oya="3" hai0="73,31,47,11,65,25,63,107,67,126,112,6,84" hai1="41,132,122,21,113,55,13,0,80,87,10,117,106" hai2="34,119,99,123,48,28,124,134,77,50,89,114,88" hai3="30,91,66,125,22,83,19,104,100,54,116,135,92"/><W52/><G116/><T9/><D73/><U53/><E106/><V14/><F114/><W70/><G125/><T29/><D107/><U62/><E122/><V79/><F119/><W94/><G135/><T98/><D126/><U20/><E113/><V118/><F118/><W35/><G104/><T8/><D98/><U81/><E0/><V23/><F124/><W24/><G83/><T59/><D112/><U72/><E41/><V127/><F127/><W58/><G70/><T26/><D6/><N who="1" m="3287" /><E132/><V90/><F134/><W95/><G100/><T64/><D84/><U103/><E103/><V69/><F69/><W56/><G91/><N who="2" m="34889" /><F34/><W18/><G66/><N who="0" m="25707" /><D47/><U105/><E105/><V42/><F123/><W44/><G44/><T60/><D63/><U128/><E72/><V86/><F99/><W37/><G37/><T101/><D101/><U7/><E62/><V3/><F3/><W12/><REACH who="3" step="1"/><G19/><REACH who="3" ten="380,230,179,201" step="2"/><T74/><D74/><U93/><E117/><V85/><F42/><W75/><G75/><T121/><D121/><U27/><E81/><N who="2" m="47279" /><F79/><W76/><G76/><T2/><D2/><U68/><E68/><V120/><F120/><W17/><G17/><T131/><D67/><U5/><E80/><N who="2" m="49479" /><F28/><W43/><G43/><T36/><D36/><U61/><E87/><V110/><F110/><W96/><G96/><T115/><D31/><U71/><E71/><V57/><F57/><AGARI ba="0,1" hai="12,18,22,24,30,35,52,54,56,57,58,92,94,95" machi="57" ten="40,3900,0" yaku="1,1,54,1,53,0" doraHai="78" doraHaiUra="133" who="3" fromWho="2" sc="380,0,230,0,179,-39,201,49" /><INIT seed="3,1,0,4,0,105" ten="380,230,140,250" oya="3" hai0="4,91,32,100,71,18,110,127,117,19,6,67,108" hai1="66,56,125,52,80,34,25,21,113,123,44,40,38" hai2="24,27,76,84,97,95,17,74,26,115,106,63,28" hai3="53,85,2,130,121,69,41,59,43,124,48,3,119"/><W49/><G119/><T1/><D117/><U13/><E123/><V122/><F115/><W70/><G121/><T54/><D32/><U20/><E113/><V14/><F122/><W51/><G85/><T77/><D77/><U112/><E112/><V64/><F106/><W0/><G124/><T46/><D127/><U5/><E125/><V82/><F28/><W107/><G107/><T50/><D100/><U114/><E34/><V68/><F84/><W36/><G130/><T78/><D78/><U23/><E66/><V45/><F45/><W109/><G109/><N who="0" m="42091" /><D91/><U111/><E80/><V57/><F68/><W61/><G36/><T135/><D135/><U29/><E114/><V94/><REACH who="2" step="1"/><F97/><REACH who="2" ten="380,230,130,250" step="2"/><W79/><G79/><T22/><D71/><U12/><E111/><V58/><F58/><W98/><G98/><T134/><D46/><U83/><E44/><V133/><F133/><W81/><G70/><T87/><D87/><U102/><E56/><V116/><F116/><W99/><G69/><T30/><D30/><U39/><E29/><V96/><F96/><W92/><G81/><T37/><D134/><U93/><E83/><V65/><F65/><W75/><G75/><T8/><D67/><U47/><E47/><V103/><F103/><W128/><G128/><T15/><D37/><U72/><E102/><V90/><F90/><W60/><G99/><T104/><D104/><U101/><E39/><V7/><F7/><W35/><G59/><T126/><D126/><U86/><E38/><V9/><AGARI ba="1,1" hai="9,14,17,24,26,27,57,63,64,74,76,82,94,95" machi="9" ten="30,7900,0" yaku="1,1,0,1,52,1,53,1" doraHai="105" doraHaiUra="10" who="2" fromWho="2" sc="380,-21,230,-21,130,92,250,-40" owari="359,45.9,209,-29.1,222,2.2,210,-19.0" /></mjloggm>