<mjloggm ver="2.3"><GO type="225" lobby="0"/><UN n0="%E3%81%86%E3%82%8C%E3%81%9F%E3%82%93%E6%9E%95" n1="%E5%8E%9F%E7%AF%80%E5%AD%90" n2="%33%74%72%65%65" n3="%E3%81%8B%E3%82%8F%E3%81%A1%E3%82%83%E3%82%93%35%38" dan="16,16,16,17" rate="2121.82,2073.86,2148.02,2128.61" sx="F,F,F,M"/><TAIKYOKU oya="0"/><INIT seed="0,0,0,5,5,102" ten="250,250,250,250" oya="0" hai0="69,91,81,93,8,135,111,1,27,107,31,116,89" hai1="119,54,52,87,13,88,3,38,59,56,133,123,15" hai2="73,113,132,5,77,114,95,109,105,122,126,86,79" hai3="11,9,101,22,14,76,85,49,35,129,37,83,34"/><T70/><D116/><U53/><E123/><V121/><F5/><W16/><G37/><T19/><D135/><U80/><E119/><V43/><F43/><W46/><G129/><T36/><D36/><U64/><E3/><V130/><F130/><W96/><G35/><T21/><D107/><U32/><E32/><V110/><F132/><W120/><G34/><T68/><D111/><N who="2" m="42506" /><F105/><W12/><G12/><N who="1" m="4682" /><E38/><V61/><F61/><W25/><G120/><N who="2" m="46185" /><F126/><W6/><G25/><T42/><D42/><U115/><E133/><V47/><F47/><W51/><G51/><T94/><D1/><U134/><E134/><V99/><F73/><W124/><G124/><T74/><D8/><U50/><E115/><N who="2" m="44043" /><F86/><W7/><G7/><T62/><D62/><AGARI ba="0,0" hai="50,52,53,54,56,59,62,64,80,87,88" m="4682" machi="62" ten="30,3900,0" yaku="8,1,54,2" doraHai="102" who="1" fromWho="0" sc="250,-39,250,39,250,0,250,0" /><INIT seed="1,0,0,0,1,13" ten="211,289,250,250" oya="1" hai0="25,68,75,61,30,29,135,6,43,134,106,129,110" hai1="133,112,45,23,128,107,76,46,28,57,36,89,58" hai2="9,127,100,105,101,94,5,11,121,65,53,32,122" hai3="97,72,1,22,47,55,103,131,91,19,132,85,38"/><U123/><E112/><V92/><F127/><W2/><G72/><T79/><D106/><U20/><E123/><V80/><F32/><W35/><G35/><T14/><D110/><U95/><E107/><V24/><F105/><W126/><G126/><T64/><D129/><U66/><E128/><V81/><F53/><W31/><G31/><T118/><D118/><U90/><E76/><V26/><REACH who="2" step="1"/><F5/><REACH who="2" ten="211,289,240,250" step="2"/><W108/><G131/><T41/><D6/><U52/><E52/><V49/><F49/><W15/><G55/><T12/><D134/><U102/><E133/><V7/><F7/><W62/><G132/><T44/><D135/><U98/><E36/><V71/><F71/><W111/><G111/><T83/><D43/><U33/><E33/><V50/><F50/><W27/><G108/><T86/><D75/><U54/><E54/><V10/><F10/><W16/><G38/><T113/><D113/><U42/><E42/><V115/><F115/><W8/><G62/><T70/><D68/><U84/><E57/><V74/><F74/><W34/><G34/><T56/><D70/><U120/><E120/><V78/><F78/><W96/><G47/><T51/><REACH who="0" step="1"/><D30/><REACH who="0" ten="201,289,240,250" step="2"/><U21/><E28/><V39/><F39/><W73/><G73/><T63/><D63/><N who="1" m="38263" /><E46/><V87/><F87/><W3/><REACH who="3" step="1"/><G103/><REACH who="3" ten="201,289,240,240" step="2"/><T60/><D60/><U130/><E45/><V17/><F17/><W40/><G40/><T4/><D4/><U0/><E130/><V114/><F114/><W125/><G125/><T119/><D119/><U67/><E102/><V88/><F88/><W93/><AGARI ba="0,3" hai="1,2,3,8,15,16,19,22,27,85,91,93,96,97" machi="93" ten="30,12000,2" yaku="1,1,5,1,0,1,52,2,54,1,53,0" doraHai="13" doraHaiUra="104" who="3" fromWho="3" sc="201,-30,289,-60,240,-30,240,150" /><INIT seed="2,0,0,3,5,26" ten="171,229,210,390" oya="2" hai0="31,90,102,96,51,99,43,95,24,100,110,66,81" hai1="112,80,133,92,107,83,37,45,105,18,89,10,16" hai2="135,22,7,121,111,124,17,76,116,126,3,79,103" hai3="8,70,129,128,125,34,14,47,75,131,91,71,4"/><V88/><F116/><W25/><G125/><N who="2" m="48233" /><F121/><W123/><G123/><T98/><D110/><U30/><E112/><V77/><F111/><W130/><G130/><T113/><D113/><U85/><E133/><V48/><F135/><W29/><G75/><T0/><D0/><U2/><E30/><V106/><F48/><W53/><G91/><T23/><D66/><U122/><E122/><V84/><F103/><W50/><AGARI ba="0,0" hai="4,8,14,25,29,34,47,50,53,70,71,128,129,131" machi="50" ten="40,5200,0" yaku="0,1,19,1,52,1" doraHai="26" who="3" fromWho="3" sc="171,-13,229,-13,210,-26,390,52" /><INIT seed="3,0,0,4,2,93" ten="158,216,184,442" oya="3" hai0="61,63,134,3,118,124,73,101,54,12,113,60,52" hai1="38,111,80,72,20,84,81,91,106,97,5,77,16" hai2="37,100,40,1,59,24,112,36,0,26,89,88,53" hai3="131,28,21,64,19,65,30,127,133,45,57,13,87"/><W39/><G39/><N who="2" m="14921" /><F100/><W55/><G45/><T56/><D124/><U58/><E38/><V35/><F40/><W92/><G133/><T121/><D134/><U47/><E5/><V98/><F59/><W42/><G42/><T2/><D113/><U50/><E111/><V34/><F53/><W25/><G131/><T78/><D118/><U15/><E58/><V14/><F14/><W114/><G127/><T11/><D101/><U83/><E106/><V119/><F98/><W90/><G114/><T6/><D121/><U10/><E97/><V75/><F75/><W95/><G95/><T66/><D73/><U18/><E77/><V96/><F96/><W130/><G130/><T49/><D78/><U43/><E72/><V41/><F41/><W51/><G28/><T29/><D29/><U22/><E10/><AGARI ba="0,0" hai="10,13,19,21,25,30,51,55,57,64,65,87,90,92" machi="10" ten="30,2900,0" yaku="7,1,8,1" doraHai="93" who="3" fromWho="1" sc="158,0,216,-29,184,0,442,29" owari="158,-34.2,187,-1.3,184,-21.6,471,57.1" /></mjloggm>