<mjloggm ver="2.3"><GO type="225" lobby="0"/><UN n0="%45%6C%79%73%69%75%6D" n1="%E3%81%82%E3%81%84%E3%81%82%E3%81%8A%E3%81%84" n2="%E3%81%AF%E3%82%88%E3%81%8A%E3%81%98%E3%81%95%E3%82%93" n3="%E6%97%A5%E6%9B%9C%E6%97%A5%E3%82%88%E3%82%8A%E3%81%AE%E4%BD%BF%E8%80%85" dan="18,18,16,17" rate="2163.21,2196.15,2143.18,2161.12" sx="F,M,M,M"/><TAIKYOKU oya="0"/><INIT seed="0,0,0,5,0,121" ten="250,250,250,250" oya="0" hai0="113,13,120,58,100,37,76,34,110,62,71,44,15" hai1="66,40,123,130,31,72,134,2,25,16,51,129,27" hai2="84,79,65,50,96,38,24,67,91,12,87,82,48" hai3="53,63,77,32,39,60,10,94,104,23,68,73,1"/><T93/><D34/><U45/><E123/><V9/><F38/><W30/><G104/><T74/><D71/><U114/><E2/><V97/><F24/><W124/><G39/><T8/><D113/><U86/><E72/><V4/><F65/><W132/><G32/><T118/><D118/><U28/><E134/><V36/><F36/><W3/><G73/><T83/><D120/><U111/><E114/><V98/><REACH who="2" step="1"/><F67/><REACH who="2" ten="250,250,240,250" step="2"/><W7/><G132/><T78/><D37/><U49/><E66/><V57/><F57/><W6/><G68/><T89/><D58/><U128/><E27/><V108/><F108/><W116/><G116/><T43/><D110/><U80/><E111/><V107/><F107/><W133/><G133/><T102/><D44/><U112/><E112/><V109/><F109/><W69/><G69/><T21/><D62/><U126/><E126/><V125/><F125/><W135/><G124/><T19/><D43/><U99/><E51/><V55/><F55/><W5/><G135/><T117/><D117/><U20/><REACH who="1" step="1"/><E99/><REACH who="1" ten="250,240,240,250" step="2"/><V11/><F11/><W26/><G10/><T103/><D8/><U29/><E29/><V14/><F14/><W92/><G30/><T81/><D13/><U122/><E122/><V42/><F42/><W115/><G26/><T106/><D15/><U41/><E41/><V33/><F33/><W17/><G115/><T70/><D70/><U35/><E35/><V22/><F22/><W119/><G119/><T88/><D21/><U47/><E47/><V64/><F64/><W61/><G23/><T0/><D0/><N who="3" m="73" /><G63/><T46/><D46/><RYUUKYOKU ba="0,2" sc="250,-15,240,15,240,15,250,-15" hai1="16,20,25,28,31,40,45,49,80,86,128,129,130" hai2="4,9,12,48,50,79,82,84,87,91,96,97,98" /><INIT seed="1,1,2,5,5,58" ten="235,255,255,235" oya="1" hai0="94,117,46,10,1,79,76,13,48,105,37,86,98" hai1="82,70,67,134,126,17,16,55,65,0,124,69,11" hai2="133,40,7,90,127,6,112,97,84,36,122,30,54" hai3="80,119,115,81,71,56,95,88,113,20,34,93,104"/><U63/><E134/><V42/><F122/><W107/><G71/><T26/><D117/><U110/><E110/><V87/><F36/><W12/><G34/><T27/><D105/><N who="3" m="40521" /><G20/><T128/><D37/><U99/><E99/><V62/><F133/><W129/><G56/><T120/><D1/><U25/><E82/><N who="3" m="31850" /><G12/><T111/><D86/><N who="2" m="32810" /><F127/><N who="1" m="48681" /><E55/><V135/><F112/><N who="3" m="43083" /><G119/><T109/><D109/><U106/><E106/><V77/><F30/><W61/><G61/><T60/><D60/><N who="1" m="40103" /><E25/><V35/><F135/><W78/><G78/><T22/><D27/><U64/><E64/><V91/><F77/><W29/><G29/><T85/><D26/><U57/><E70/><V41/><F35/><W74/><G74/><T24/><D24/><U45/><E45/><V89/><F54/><W3/><G3/><T28/><D79/><U72/><E72/><V92/><F62/><W39/><G39/><T32/><D76/><U114/><E114/><V131/><F131/><W52/><G52/><T50/><D128/><U38/><E38/><V8/><F8/><W73/><G73/><T33/><D10/><U18/><E0/><V44/><F44/><W21/><G129/><T121/><D46/><U53/><E53/><V123/><F123/><W51/><G51/><T100/><D48/><U108/><E108/><V83/><F83/><W68/><G68/><T31/><D50/><U101/><E11/><V118/><F118/><W130/><G130/><T102/><D111/><U116/><E116/><V47/><F47/><W2/><G2/><T75/><D120/><U132/><E132/><V4/><AGARI ba="1,2" hai="4,6,7,40,41,42,89,90,91,92,97" m="32810" machi="4" ten="40,2700,0" yaku="5,1,8,1" doraHai="58" who="2" fromWho="2" sc="235,-8,255,-14,255,50,235,-8" /><INIT seed="2,0,0,3,0,36" ten="227,241,305,227" oya="2" hai0="132,61,128,14,13,103,31,129,1,106,118,60,101" hai1="6,19,76,16,29,98,22,81,59,77,21,48,25" hai2="68,85,9,96,53,39,40,58,120,73,45,7,41" hai3="8,72,18,51,104,5,97,125,52,27,75,122,83"/><V114/><F114/><W92/><G122/><T46/><D46/><U116/><E116/><V119/><F120/><W0/><G104/><T90/><D90/><U65/><E6/><V107/><F119/><W57/><G125/><T112/><D118/><U20/><E98/><V26/><F73/><W124/><G124/><T37/><D37/><U15/><E81/><V113/><F68/><W100/><REACH who="3" step="1"/><G83/><REACH who="3" ten="227,241,305,217" step="2"/><T66/><D106/><U11/><E11/><V62/><F107/><W79/><G79/><T115/><D132/><U109/><E109/><V88/><F113/><W50/><G50/><T127/><D127/><U70/><E48/><V121/><F121/><W4/><G4/><T30/><D66/><U2/><E76/><V130/><F9/><W12/><G12/><T89/><D89/><U78/><E2/><AGARI ba="0,1" hai="1,2,13,14,30,31,60,61,101,103,112,115,128,129" machi="2" ten="25,1600,0" yaku="22,2" doraHai="36" who="0" fromWho="1" sc="227,26,241,-16,305,0,217,0" /><INIT seed="3,0,0,1,5,84" ten="253,225,305,217" oya="3" hai0="97,18,117,30,118,63,77,61,49,81,80,43,55" hai1="34,124,35,102,116,82,127,103,109,129,133,16,20" hai2="120,45,93,62,56,23,31,3,128,89,67,17,33" hai3="87,4,75,21,28,52,94,85,50,107,13,46,1"/><W39/><G107/><T25/><D43/><U68/><E109/><V65/><F3/><W59/><G1/><T51/><D97/><U36/><E36/><V6/><F33/><N who="1" m="12297" /><E68/><V74/><F74/><W99/><G75/><T66/><D18/><U83/><E133/><V130/><F120/><W27/><G39/><T54/><D25/><U71/><E71/><V73/><F73/><W121/><G121/><T91/><D77/><U115/><E115/><V22/><F6/><W15/><G46/><T122/><D122/><U44/><E44/><V10/><F67/><W24/><G24/><T113/><D66/><U132/><E132/><V0/><F31/><W42/><G42/><T60/><D30/><U69/><E69/><V26/><F23/><W112/><G112/><T131/><D113/><U57/><E57/><V8/><F45/><W114/><G114/><T58/><D58/><U48/><E48/><V11/><REACH who="2" step="1"/><F0/><REACH who="2" ten="253,225,295,217" step="2"/><W47/><G47/><T53/><D118/><U108/><E116/><V92/><F92/><W78/><G4/><T125/><D117/><U14/><E20/><V126/><F126/><W32/><G32/><T72/><D125/><U5/><E5/><V40/><F40/><W76/><G76/><T101/><D72/><U29/><E29/><V37/><F37/><W106/><G106/><T104/><D104/><U38/><E38/><V12/><F12/><N who="3" m="4683" /><G78/><T7/><D7/><U90/><E127/><V41/><F41/><W123/><G123/><T110/><D110/><U134/><E108/><V86/><AGARI ba="0,1" hai="8,10,11,17,22,26,56,62,65,86,89,93,128,130" machi="86" ten="30,7900,0" yaku="1,1,0,1,52,1,53,1" doraHai="84" doraHaiUra="19" who="2" fromWho="2" sc="253,-20,225,-20,295,89,217,-39" owari="233,3.3,205,-19.5,384,48.4,178,-32.2" /></mjloggm>