<mjloggm ver="2.3"><GO type="225" lobby="0"/><UN n0="%28%EF%BF%A3%E2%96%BD%EF%BF%A3%29%CE%B4%E2%8C%92%E3%83%BB" n1="%4C%4F%4C%49%54%41" n2="%6D%75%75%6D%75%72%61" n3="%77%72%77%72%77%72%77%72" dan="16,16,16,16" rate="2078.01,2191.54,2135.75,2175.30" sx="M,F,F,M"/><TAIKYOKU oya="0"/><INIT seed="0,0,0,5,5,55" ten="250,250,250,250" oya="0" hai0="106,66,94,89,93,27,37,76,4,35,85,104,100" hai1="67,109,25,121,83,15,115,7,41,49,32,13,21" hai2="70,108,102,56,10,80,60,63,29,24,6,119,48" hai3="120,12,116,126,82,18,39,54,1,75,97,129,84"/><T33/><D37/><U135/><E121/><V58/><F108/><W17/><G116/><T14/><D66/><U53/><E109/><V118/><F70/><W43/><G1/><T133/><D133/><U50/><E32/><V91/><F102/><W5/><G120/><T103/><D76/><U124/><E135/><V132/><F48/><W69/><G75/><T42/><D42/><U47/><E124/><V110/><F110/><W62/><G126/><T81/><D100/><U98/><E67/><V71/><F71/><W111/><G111/><T123/><D123/><U68/><E68/><V61/><F132/><W20/><G129/><T78/><D103/><U73/><E7/><V122/><F122/><W23/><G5/><T86/><D93/><U107/><E115/><V101/><F101/><W72/><G72/><T44/><D44/><U95/><E83/><V57/><F91/><W22/><G97/><T74/><D74/><U11/><E11/><V38/><F38/><W45/><G18/><T117/><D117/><N who="2" m="44554" /><F80/><W92/><G92/><T31/><REACH who="0" step="1"/><D35/><REACH who="0" ten="240,250,250,250" step="2"/><U113/><E73/><V128/><F128/><W64/><G54/><T3/><D3/><U131/><E131/><V28/><F24/><W51/><REACH who="3" step="1"/><G39/><REACH who="3" ten="240,250,250,240" step="2"/><T134/><D134/><U34/><E95/><V36/><F36/><W30/><G30/><T112/><D112/><U40/><E113/><V114/><F114/><W16/><G16/><T77/><D77/><AGARI ba="0,2" hai="12,17,20,22,23,43,45,51,62,64,69,77,82,84" machi="77" ten="30,3900,0" yaku="1,1,7,1,53,1" doraHai="55" doraHaiUra="8" who="3" fromWho="0" sc="240,-39,250,0,250,0,240,59" /><INIT seed="1,0,0,3,4,126" ten="201,250,250,299" oya="1" hai0="59,36,26,119,106,29,11,4,99,97,38,89,92" hai1="2,49,69,98,122,120,71,72,48,121,130,83,5" hai2="44,127,15,70,115,33,6,14,78,53,34,31,90" hai3="73,132,91,124,80,8,20,111,74,55,108,123,87"/><U35/><E35/><V39/><F70/><W17/><G123/><T1/><D119/><U46/><E48/><V24/><F127/><W58/><G124/><T21/><D106/><U13/><E2/><V19/><F34/><W105/><G105/><T76/><D76/><U128/><E98/><V10/><F115/><W50/><G8/><T109/><D109/><N who="3" m="42057" /><G132/><T112/><D112/><U52/><E5/><V40/><F78/><W101/><G101/><T107/><D107/><U93/><E13/><AGARI ba="0,0" hai="13,17,20,50,55,58,73,74,80,87,91" m="42057" machi="13" ten="30,1000,0" yaku="14,1" doraHai="126" who="3" fromWho="1" sc="201,0,250,-10,250,0,299,10" /><INIT seed="2,0,0,3,1,98" ten="201,240,250,309" oya="2" hai0="106,70,34,130,133,109,93,12,19,68,88,33,2" hai1="87,5,50,24,72,30,39,124,126,102,21,63,0" hai2="117,76,35,115,104,4,121,131,83,113,28,58,71" hai3="27,40,123,118,95,122,51,14,25,97,57,135,3"/><V46/><F117/><W73/><G3/><T47/><D2/><U94/><E72/><V125/><F121/><W101/><G118/><T90/><D133/><U55/><E39/><V77/><F71/><W111/><G135/><T8/><D106/><U59/><E5/><V42/><F104/><W92/><G73/><T66/><D130/><U99/><E0/><V62/><F131/><W36/><G36/><T60/><D109/><U105/><E105/><V114/><F4/><W29/><G111/><T45/><D70/><U120/><E87/><V84/><F125/><N who="1" m="48233" /><E120/><V54/><F77/><W129/><G129/><T112/><D112/><U80/><E80/><V75/><F75/><W18/><G92/><T32/><REACH who="0" step="1"/><D90/><REACH who="0" ten="191,240,250,309" step="2"/><U85/><E85/><AGARI ba="0,1" hai="8,12,19,32,33,34,45,47,60,66,68,85,88,93" machi="85" ten="40,5200,0" yaku="1,1,2,1,54,1,53,0" doraHai="98" doraHaiUra="44" who="0" fromWho="1" sc="191,62,240,-52,250,0,309,0" /><INIT seed="3,0,0,5,3,102" ten="253,188,250,309" oya="3" hai0="78,33,115,131,35,109,45,112,110,1,54,30,21" hai1="108,31,46,97,122,99,80,43,57,36,27,71,26" hai2="125,14,128,96,51,6,64,60,85,107,56,72,123" hai3="62,48,86,101,25,47,11,114,127,61,94,118,126"/><W87/><G114/><N who="0" m="43563" /><D78/><U19/><E71/><V49/><F72/><W91/><G118/><T4/><D54/><U52/><E122/><V104/><F128/><W5/><G101/><T116/><D45/><U39/><E108/><N who="0" m="41577" /><D116/><U29/><E39/><V8/><F96/><W17/><G86/><T9/><D131/><U69/><E19/><V3/><F125/><N who="3" m="47627" /><G48/><T15/><D15/><U40/><E40/><V119/><F119/><W13/><G47/><T79/><D79/><U44/><E44/><V28/><F123/><W92/><G92/><T95/><D95/><U93/><E69/><V73/><F73/><W133/><G133/><T76/><D76/><U2/><E2/><V34/><F49/><W42/><G42/><T74/><D74/><U10/><E10/><V121/><F121/><W105/><G105/><T66/><D66/><U135/><E80/><V7/><F51/><W59/><G59/><T113/><D113/><U82/><E82/><V22/><F85/><W68/><G68/><T89/><D89/><U67/><E67/><V32/><F6/><W77/><G77/><T20/><D30/><U70/><E135/><V98/><F98/><W75/><G75/><T24/><D24/><N who="1" m="9259" /><E70/><V55/><F32/><AGARI ba="0,0" hai="1,4,9,20,21,32,33,35" m="41577,43563" machi="32" ten="40,8000,1" yaku="11,1,14,1,34,2" doraHai="102" who="0" fromWho="2" sc="253,80,188,0,250,-80,309,0" owari="333,43.3,188,-21.2,170,-33.0,309,10.9" /></mjloggm>