<mjloggm ver="2.3"><GO type="225" lobby="0"/><UN n0="%4C%4F%4C%49%54%41" n1="%E3%81%B5%E3%81%98%E3%81%8B%E3%81%A4" n2="%E3%82%A2%E3%83%BC%E3%83%A2%E3%83%AD%E3%83%BC%E3%83%B4%E3%82%A1" n3="%E3%83%97%E3%83%AC%E3%83%B4%E3%82%A1%E3%83%86%E3%82%A3" dan="16,16,16,16" rate="2185.09,2091.61,2180.59,2111.97" sx="F,M,M,F"/><TAIKYOKU oya="0"/><INIT seed="0,0,0,5,1,102" ten="250,250,250,250" oya="0" hai0="77,87,134,17,115,58,101,63,60,105,61,3,123" hai1="55,12,52,124,67,120,106,122,75,112,46,125,82" hai2="81,65,78,126,104,98,133,41,127,53,8,94,54" hai3="18,99,4,45,36,111,39,31,62,37,129,26,73"/><T32/><D123/><N who="1" m="47147" /><E75/><V28/><F133/><W108/><G73/><T119/><D115/><U30/><E82/><V35/><F41/><W21/><G129/><T10/><D119/><U109/><E30/><V13/><F65/><W24/><G4/><T47/><D32/><U95/><E95/><V27/><F104/><W96/><G45/><T14/><D134/><U70/><E12/><V59/><F94/><W68/><G62/><T64/><D3/><U128/><E128/><V93/><F13/><W22/><REACH who="3" step="1"/><G68/><REACH who="3" ten="250,250,250,240" step="2"/><T116/><D116/><U135/><E135/><V84/><F59/><W72/><G72/><T118/><D118/><U11/><E112/><V42/><F42/><W51/><G51/><T25/><D47/><U110/><E46/><V15/><F126/><N who="1" m="48745" /><E11/><V6/><REACH who="2" step="1"/><F127/><REACH who="2" ten="250,250,240,240" step="2"/><W44/><G44/><T16/><D64/><U103/><E67/><V89/><AGARI ba="0,2" hai="6,8,15,27,28,35,53,54,78,81,84,89,93,98" machi="89" ten="20,5200,0" yaku="1,1,2,1,0,1,7,1,53,0" doraHai="102" doraHaiUra="38" who="2" fromWho="2" sc="250,-26,250,-13,240,72,240,-13" /><INIT seed="1,0,0,0,2,4" ten="224,237,312,227" oya="1" hai0="96,13,123,125,89,70,62,91,73,106,75,55,16" hai1="63,83,19,0,9,133,93,124,72,77,41,80,26" hai2="94,101,39,90,11,24,116,14,110,59,44,98,82" hai3="100,45,92,25,8,57,97,5,81,50,67,46,43"/><U27/><E124/><V21/><F116/><W134/><G134/><T115/><D115/><U131/><E133/><V31/><F110/><W36/><G25/><T48/><D125/><U28/><E131/><V76/><F39/><W117/><G117/><T121/><D70/><U126/><E126/><V37/><F37/><W58/><G67/><T23/><D62/><U122/><E122/><N who="0" m="46601" /><D106/><U30/><E41/><V42/><F59/><W132/><G132/><T66/><D66/><U86/><E93/><V113/><F113/><W107/><G107/><T68/><D68/><U56/><E27/><V130/><F130/><W104/><G104/><T51/><D51/><U54/><E26/><V78/><F44/><W60/><G60/><T65/><D65/><U108/><E108/><V17/><F42/><W6/><G6/><T34/><D34/><U47/><E47/><V111/><F111/><W40/><REACH who="3" step="1"/><G81/><REACH who="3" ten="224,237,312,217" step="2"/><T120/><D120/><U64/><E64/><V103/><REACH who="2" step="1"/><F78/><REACH who="2" ten="224,237,302,217" step="2"/><W74/><G74/><AGARI ba="0,2" hai="11,14,17,21,24,31,74,76,82,90,94,98,101,103" machi="74" ten="30,8000,1" yaku="1,1,2,1,7,1,52,1,53,1" doraHai="4" doraHaiUra="20" who="2" fromWho="3" sc="224,0,237,0,302,100,217,-80" /><INIT seed="2,0,0,4,0,91" ten="224,237,402,137" oya="2" hai0="57,95,107,20,105,64,0,9,74,124,30,52,81" hai1="25,134,60,119,27,21,112,17,87,11,80,118,85" hai2="99,122,73,114,22,102,108,104,44,23,14,8,93" hai3="88,46,6,13,49,120,61,94,29,38,113,92,68"/><V70/><F114/><W33/><G38/><T16/><D124/><U116/><E112/><V125/><F122/><W4/><G113/><T5/><D64/><U69/><E134/><V106/><F125/><W82/><G120/><T130/><D130/><U37/><E37/><V100/><F70/><W58/><G68/><T34/><D95/><N who="3" m="36393" /><G33/><T96/><D96/><U43/><E43/><V66/><F66/><N who="3" m="39223" /><G29/><T26/><D81/><U3/><E80/><V72/><F72/><W101/><G101/><T7/><D7/><U55/><E69/><V40/><F73/><W76/><G76/><T53/><D53/><U78/><E55/><V111/><F102/><W42/><G13/><N who="0" m="9231" /><D74/><U132/><E118/><V84/><F104/><W67/><G67/><T24/><D24/><U121/><E27/><V123/><F123/><W15/><G15/><T1/><D1/><U47/><E121/><V62/><F106/><W50/><G50/><AGARI ba="0,0" hai="0,5,9,26,30,34,50,52,57,105,107" m="9231" machi="50" ten="30,3900,0" yaku="24,1,54,2" doraHai="91" who="0" fromWho="3" sc="224,39,237,0,402,0,137,-39" /><INIT seed="3,0,0,4,1,64" ten="263,237,402,98" oya="3" hai0="41,31,133,96,40,89,74,83,79,107,10,16,97" hai1="106,122,45,22,56,118,18,49,33,19,5,57,65" hai2="131,54,82,101,105,30,52,115,126,12,130,76,91" hai3="7,50,53,24,77,63,9,48,99,3,93,55,20"/><W37/><G37/><T104/><D31/><U70/><E122/><V28/><F126/><W62/><G77/><T90/><D10/><U134/><E33/><V135/><F135/><W78/><G78/><T88/><D16/><U102/><E134/><V67/><F115/><W121/><G121/><T46/><D133/><U81/><E5/><V128/><F67/><W36/><G36/><T71/><D71/><U2/><E2/><V13/><F91/><W15/><G3/><T11/><D11/><U61/><E118/><V38/><F38/><W127/><G127/><T110/><D110/><U58/><E106/><V75/><F30/><W43/><G43/><T26/><D26/><U14/><E102/><V59/><F28/><W17/><G53/><N who="2" m="20585" /><F59/><N who="3" m="35199" /><G63/><T125/><D125/><U27/><E81/><V35/><F35/><W119/><G119/><T80/><D46/><U124/><E124/><V51/><F51/><W120/><G120/><T94/><D80/><U73/><E73/><V113/><F113/><W39/><G39/><T123/><D123/><U116/><E116/><V66/><F66/><W4/><G4/><T117/><D117/><U132/><E132/><V60/><F60/><W103/><AGARI ba="0,0" hai="7,9,15,17,20,24,48,50,93,99,103" m="35199" machi="103" ten="30,1500,0" yaku="8,1" doraHai="64" who="3" fromWho="3" sc="263,-5,237,-5,402,-5,98,15" /><INIT seed="3,1,0,3,4,70" ten="258,232,397,113" oya="3" hai0="51,11,77,13,79,9,34,56,49,65,126,124,58" hai1="29,32,97,27,112,41,8,118,25,68,88,98,17" hai2="74,33,102,10,54,100,38,129,83,108,78,119,21" hai3="2,66,37,107,105,67,7,48,43,80,14,5,55"/><W0/><G80/><T39/><D34/><U1/><E68/><V90/><F33/><W15/><G43/><T3/><D39/><U120/><E120/><V121/><F38/><W62/><G37/><T135/><D135/><U94/><E112/><V91/><F119/><W115/><G62/><N who="0" m="38087" /><D3/><U132/><E132/><V104/><F121/><W19/><G55/><N who="0" m="32111" /><D9/><U93/><E41/><V36/><F36/><W127/><G48/><T84/><D84/><U131/><E118/><V99/><F102/><W69/><G69/><T30/><D30/><U130/><E1/><V18/><F54/><W96/><G96/><T64/><D64/><U123/><E123/><V101/><F101/><W50/><G50/><T81/><D81/><U117/><E117/><V60/><F60/><W23/><G23/><T20/><D20/><U42/><E42/><V40/><F21/><W45/><G45/><T72/><D72/><U47/><E47/><V75/><F75/><W35/><G35/><T92/><D92/><U52/><E52/><V22/><F22/><W134/><G134/><T63/><D63/><U82/><E82/><V85/><F74/><W53/><G53/><T44/><D51/><U113/><E113/><V106/><F40/><W110/><G115/><T89/><D89/><N who="1" m="55471" /><E27/><V128/><F99/><W28/><G19/><N who="0" m="8639" /><D44/><U114/><E114/><V122/><F18/><W57/><G57/><T133/><D133/><U103/><E103/><V116/><F116/><W95/><G95/><T16/><D16/><U125/><E125/><AGARI ba="1,0" hai="77,79,124,125,126" m="8639,32111,38087" machi="125" ten="30,1000,0" yaku="18,1" doraHai="70" who="0" fromWho="1" sc="258,13,232,-13,397,0,113,0" owari="271,7.1,219,-18.1,397,49.7,113,-38.7" /></mjloggm>