<mjloggm ver="2.3"><GO type="225" lobby="0"/><UN n0="%E3%82%B2%E3%82%B9%E8%8C%82%E5%8B%9D" n1="%E3%81%BE%E3%81%A8%E3%81%9F" n2="%E6%97%A5%E6%9B%9C%E6%97%A5%E3%82%88%E3%82%8A%E3%81%AE%E4%BD%BF%E8%80%85" n3="%E5%8D%A0%E3%81%84%E5%B8%AB%E8%A3%8F%E3%81%AA%E3%81%84%E3%81%97" dan="16,17,16,17" rate="2111.30,2247.48,2087.71,2137.54" sx="F,M,M,M"/><TAIKYOKU oya="0"/><INIT seed="0,0,0,0,3,129" ten="250,250,250,250" oya="0" hai0="60,62,63,97,34,14,130,95,18,116,9,42,50" hai1="125,106,127,92,90,6,72,123,36,52,102,54,37" hai2="22,74,29,28,84,124,48,47,76,7,104,66,101" hai3="5,99,118,113,134,87,107,40,71,2,39,21,132"/><T49/><D130/><U68/><E72/><V79/><F74/><W110/><G113/><T26/><D116/><U30/><E68/><V73/><F73/><W67/><G118/><T96/><D42/><U64/><E64/><V15/><F124/><W133/><G110/><T20/><D34/><U89/><E6/><V3/><F3/><W25/><G40/><T114/><D114/><U33/><E106/><V117/><F66/><W65/><G39/><T55/><D55/><U94/><E102/><V126/><F126/><W0/><G87/><T69/><D69/><U121/><E30/><V100/><F104/><W105/><G65/><T78/><D78/><N who="2" m="29738" /><F84/><W83/><G83/><T58/><D58/><U53/><E54/><N who="2" m="29983" /><F117/><W1/><G5/><T17/><REACH who="0" step="1"/><D97/><REACH who="0" ten="240,250,250,250" step="2"/><U80/><E80/><V86/><F86/><W135/><G99/><T75/><D75/><U56/><E56/><V85/><F85/><W19/><G134/><T59/><D59/><U93/><E93/><V98/><F98/><W122/><G122/><T45/><D45/><U13/><E33/><V112/><F112/><W57/><G71/><T35/><D35/><U109/><E109/><V88/><F101/><AGARI ba="0,1" hai="9,14,17,18,20,26,49,50,60,62,63,95,96,101" machi="101" ten="40,3900,0" yaku="1,1,8,1,53,0" doraHai="129" doraHaiUra="31" who="0" fromWho="2" sc="240,49,250,0,250,-39,250,0" /><INIT seed="0,1,0,1,1,108" ten="289,250,211,250" oya="0" hai0="109,53,83,132,11,50,18,66,12,98,87,131,134" hai1="85,25,32,10,64,27,40,33,57,128,19,61,13" hai2="113,82,100,6,114,93,44,106,68,123,95,47,81" hai3="89,43,48,121,9,92,49,14,80,24,67,110,63"/><T118/><D118/><U107/><E107/><V126/><F68/><W58/><G110/><T116/><D116/><U36/><E128/><V122/><F6/><W135/><G135/><T101/><D109/><U119/><E119/><V130/><F106/><W59/><G121/><T17/><D66/><U46/><REACH who="1" step="1"/><E85/><REACH who="1" ten="289,240,211,250" step="2"/><V90/><F130/><W74/><G74/><T125/><D131/><U104/><E104/><V28/><F126/><W71/><G71/><T54/><D125/><U38/><E38/><V41/><F123/><W127/><G127/><T15/><D132/><U42/><E42/><V34/><F122/><W60/><G43/><T103/><D134/><U65/><E65/><V79/><F41/><W124/><G124/><T52/><D50/><U45/><E45/><V1/><F44/><W56/><G48/><T3/><D3/><U117/><E117/><V4/><F47/><W31/><G49/><T69/><D69/><U91/><E91/><V129/><F90/><W2/><G2/><T26/><D101/><U16/><E16/><V77/><F100/><W78/><G67/><T22/><D103/><U111/><E111/><V72/><F129/><W75/><G89/><N who="0" m="51455" /><D98/><U115/><E115/><V5/><F1/><W70/><G70/><T86/><D86/><U7/><E7/><V76/><F5/><W97/><G97/><T133/><D133/><U62/><E62/><V51/><F4/><N who="3" m="3367" /><G92/><N who="2" m="35401" /><F51/><W35/><G60/><T55/><D55/><U30/><E30/><V105/><F105/><W102/><G63/><T112/><D112/><N who="2" m="43114" /><F72/><W39/><G102/><T99/><D99/><RYUUKYOKU ba="1,1" sc="289,0,240,0,211,0,250,0" hai0="11,12,15,17,18,22,26,52,53,54" hai1="10,13,19,25,27,32,33,36,40,46,57,61,64" hai2="28,34,76,77,79,81,82" hai3="24,31,35,39,56,58,59,75,78,80" /><INIT seed="0,2,1,3,0,130" ten="289,240,211,250" oya="0" hai0="44,39,74,132,49,53,56,92,0,117,106,84,107" hai1="18,91,46,78,4,62,72,123,125,122,87,5,17" hai2="90,16,96,27,127,105,38,79,22,88,30,29,57" hai3="10,133,19,114,69,48,6,14,37,135,21,24,131"/><T7/><D117/><U95/><E125/><V35/><F38/><W36/><G114/><T77/><D92/><U112/><E112/><V45/><F127/><W23/><G131/><T55/><D84/><U128/><E128/><V108/><F108/><W81/><G69/><T86/><D86/><U64/><E122/><V47/><F79/><W83/><G48/><T15/><D15/><U121/><E121/><V25/><F30/><W116/><G116/><T71/><D71/><U124/><E124/><V61/><F105/><W109/><G109/><T68/><D68/><U76/><E123/><V13/><F13/><W70/><G70/><T32/><D32/><U58/><E46/><V42/><F42/><W110/><G110/><T89/><D89/><U43/><E43/><V80/><F90/><W2/><G37/><T50/><D39/><U51/><E51/><V41/><F41/><W113/><G113/><T98/><D98/><U99/><E72/><V63/><F63/><W65/><G65/><T33/><D33/><U93/><E76/><V26/><F26/><W28/><G36/><T97/><D97/><U82/><REACH who="1" step="1"/><E93/><REACH who="1" ten="289,230,211,250" step="2"/><N who="2" m="56359" /><F80/><W59/><REACH who="3" step="1"/><G59/><REACH who="3" ten="289,230,211,240" step="2"/><T40/><D56/><U9/><E9/><V34/><F34/><W118/><G118/><T103/><D50/><U104/><E104/><V31/><F47/><W8/><G8/><N who="0" m="2151" /><D107/><U73/><E73/><V94/><F45/><W134/><AGARI ba="2,3" hai="2,6,10,14,19,21,23,24,28,81,83,133,134,135" machi="134" ten="30,12000,2" yaku="1,1,0,1,20,1,52,3,53,0" doraHai="130" doraHaiUra="115" who="3" fromWho="3" sc="289,-62,230,-32,211,-32,240,156" /><INIT seed="1,0,0,1,2,92" ten="227,198,179,396" oya="1" hai0="135,3,134,129,23,43,25,83,101,38,20,113,64" hai1="116,29,2,35,82,34,88,99,28,111,106,40,85" hai2="49,77,17,66,21,62,11,56,108,41,109,45,24" hai3="63,30,31,37,89,48,114,126,91,57,53,70,68"/><U0/><E116/><V117/><F117/><W115/><G126/><T36/><D113/><U73/><E111/><V124/><F124/><W72/><G72/><T125/><D125/><U47/><E73/><V78/><REACH who="2" step="1"/><F11/><REACH who="2" ten="227,198,169,396" step="2"/><W81/><G115/><T75/><D134/><U120/><E120/><V33/><F33/><W103/><G114/><T12/><D135/><U98/><E34/><V119/><F119/><W130/><G68/><T65/><D20/><U122/><E122/><V67/><F67/><W13/><G70/><T51/><D65/><U58/><E35/><V16/><F16/><W86/><G30/><T90/><D64/><U105/><E28/><V26/><F26/><W14/><G31/><T4/><D25/><U22/><E29/><V6/><F6/><W107/><G130/><T95/><D4/><U80/><E22/><V93/><F93/><W60/><G107/><T52/><D23/><U32/><E32/><V76/><AGARI ba="0,1" hai="17,21,24,41,45,49,56,62,66,76,77,78,108,109" machi="76" ten="30,2000,0" yaku="1,1,0,1,53,0" doraHai="92" doraHaiUra="69" who="2" fromWho="2" sc="227,-5,198,-10,169,30,396,-5" /><INIT seed="2,0,0,3,3,94" ten="222,188,199,391" oya="2" hai0="104,56,70,92,20,116,26,50,34,67,63,99,13" hai1="68,103,62,108,71,72,114,5,51,23,109,12,46" hai2="81,74,36,30,11,85,134,131,106,132,32,9,84" hai3="113,17,59,133,112,0,120,83,90,82,37,38,45"/><V76/><F36/><W47/><G120/><T117/><D104/><U79/><E114/><V86/><F106/><W42/><G0/><T100/><D34/><U122/><E122/><V35/><F131/><W3/><G3/><T127/><D127/><U66/><E103/><V41/><F41/><W57/><G42/><T61/><D50/><U24/><E79/><V40/><F40/><W4/><G90/><T19/><REACH who="0" step="1"/><D26/><REACH who="0" ten="212,188,199,391" step="2"/><U102/><E24/><N who="2" m="18503" /><F35/><W80/><G37/><T14/><D14/><U54/><E12/><V44/><F44/><W91/><G45/><T48/><D48/><U123/><E51/><V2/><F2/><W16/><G47/><T53/><AGARI ba="0,1" hai="13,19,20,53,56,61,63,67,70,92,99,100,116,117" machi="53" ten="30,4000,0" yaku="1,1,0,1,52,1,53,0" doraHai="94" doraHaiUra="6" who="0" fromWho="0" sc="212,50,188,-10,199,-20,391,-10" /><INIT seed="3,0,0,2,4,7" ten="262,178,179,381" oya="3" hai0="50,95,92,5,94,83,103,51,84,86,121,12,23" hai1="21,3,36,57,118,28,82,56,19,73,98,105,34" hai2="69,106,129,127,67,122,112,100,49,90,24,61,45" hai3="8,52,93,53,30,81,26,46,88,115,17,107,135"/><W39/><G115/><T60/><D121/><U97/><E36/><V32/><F112/><W11/><G107/><T6/><D103/><U116/><E3/><V15/><F122/><W125/><G81/><T110/><D110/><U10/><E34/><V58/><F127/><W27/><G39/><T4/><D60/><U85/><E28/><N who="2" m="19463" /><F90/><W77/><G77/><T1/><D1/><U43/><E43/><N who="2" m="24767" /><F15/><W120/><G135/><T126/><D126/><U87/><E105/><V108/><F58/><W2/><G2/><T16/><REACH who="0" step="1"/><D86/><REACH who="0" ten="252,178,179,381" step="2"/><U63/><E85/><V72/><F108/><W104/><G125/><T78/><AGARI ba="0,1" hai="4,5,6,12,16,23,50,51,78,83,84,92,94,95" machi="78" ten="30,8000,1" yaku="1,1,2,1,0,1,8,1,54,1,53,0" doraHai="7" doraHaiUra="101" who="0" fromWho="0" sc="252,90,178,-20,179,-20,381,-40" owari="342,44.2,158,-34.2,159,-24.1,341,14.1" /></mjloggm>