<mjloggm ver="2.3"><GO type="225" lobby="0"/><UN n0="%73%6C%69%63%6B%33%31%39" n1="%E5%80%89%E6%A9%8B%EF%BC%A0%E4%BA%8B%E5%8B%99" n2="%E3%81%8F%E3%81%BE%E3%81%96%E3%82%8F" n3="%30%2E%31%32%30" dan="17,16,16,16" rate="2175.94,2105.85,2047.43,2108.29" sx="M,M,M,M"/><TAIKYOKU oya="0"/><INIT seed="0,0,0,0,1,53" ten="250,250,250,250" oya="0" hai0="111,10,128,11,50,110,1,51,27,100,115,134,74" hai1="25,68,24,32,21,122,52,126,55,18,129,66,109" hai2="17,95,76,120,31,56,117,16,99,77,5,81,127" hai3="62,63,7,43,94,35,97,113,57,61,83,13,58"/><T71/><D115/><U20/><E122/><V78/><F120/><W8/><G35/><T103/><D74/><U102/><E32/><V106/><F127/><W47/><G83/><T15/><D71/><U14/><E126/><V4/><F106/><W65/><G113/><T125/><D125/><U79/><E109/><N who="0" m="41481" /><D1/><U92/><E129/><V46/><F117/><W39/><REACH who="3" step="1"/><G65/><REACH who="3" ten="250,250,250,240" step="2"/><T116/><D116/><U107/><E66/><V101/><F81/><W118/><G118/><T84/><D128/><U2/><E79/><V119/><F119/><W75/><G75/><T135/><D135/><U40/><E2/><V124/><F124/><W85/><G85/><T30/><D134/><U23/><E107/><V64/><F77/><W34/><G34/><T38/><D84/><U48/><E68/><V54/><F76/><W89/><AGARI ba="0,1" hai="7,8,13,39,43,47,57,58,61,62,63,89,94,97" machi="89" ten="30,7900,0" yaku="1,1,0,1,52,2,53,0" doraHai="53" doraHaiUra="33" who="3" fromWho="3" sc="250,-39,250,-20,250,-20,240,89" /><INIT seed="1,0,0,3,3,53" ten="211,230,230,329" oya="1" hai0="94,65,101,129,11,77,73,120,89,10,115,116,125" hai1="57,13,50,133,119,80,86,59,62,99,130,63,95" hai2="8,25,23,132,58,49,20,24,74,7,17,60,106" hai3="93,39,122,27,56,108,36,100,34,76,121,15,9"/><U85/><E119/><V30/><F132/><W124/><G76/><T54/><D115/><U98/><E130/><V37/><F37/><W47/><G36/><T75/><D116/><U3/><E3/><V92/><F106/><W127/><G108/><T12/><D129/><U41/><E133/><V107/><F107/><W118/><G118/><T91/><D65/><N who="1" m="39119" /><E13/><V82/><F74/><W134/><G134/><T35/><D35/><U111/><E111/><V110/><F110/><W87/><G56/><T112/><D112/><U61/><E61/><V70/><F70/><W78/><G78/><T45/><D77/><N who="1" m="46223" /><E86/><V81/><F49/><W31/><G47/><T26/><D45/><N who="1" m="25903" /><E95/><V46/><F92/><W103/><G39/><T51/><D94/><U109/><E109/><V83/><F46/><W22/><G34/><T48/><D75/><U18/><E18/><V66/><F82/><W40/><G40/><T113/><D120/><N who="3" m="46185" /><G87/><T71/><D73/><U67/><AGARI ba="0,0" hai="59,63,67,98,99" m="25903,46223,39119" machi="67" ten="30,6000,0" yaku="8,1,52,2" doraHai="53" who="1" fromWho="1" sc="211,-20,230,60,230,-20,329,-20" /><INIT seed="1,1,0,5,0,21" ten="191,290,210,309" oya="1" hai0="45,131,67,48,65,102,13,64,11,125,94,83,88" hai1="66,115,40,63,31,116,24,86,59,43,12,52,77" hai2="90,41,29,6,79,0,28,126,3,51,15,60,87" hai3="14,80,110,128,57,78,76,75,19,100,109,17,74"/><U113/><E116/><V107/><F107/><W54/><G128/><T96/><D125/><U69/><E12/><V58/><F126/><W112/><G112/><T46/><D131/><U99/><E99/><V39/><F39/><W7/><G100/><T82/><D102/><U85/><E115/><V92/><F3/><W68/><G68/><T42/><REACH who="0" step="1"/><D46/><REACH who="0" ten="181,290,210,309" step="2"/><U62/><E113/><V26/><F0/><W23/><G109/><T89/><D89/><U114/><E114/><V34/><F79/><W81/><G110/><T104/><D104/><U97/><E77/><V91/><F90/><W73/><G73/><T2/><D2/><U9/><E40/><V117/><F117/><W56/><G75/><T111/><D111/><U25/><E43/><V129/><F129/><W72/><G74/><T70/><D70/><U8/><E69/><V18/><F41/><W130/><G130/><T61/><D61/><U16/><E63/><V133/><F60/><W95/><G72/><T106/><D106/><U84/><E66/><V27/><F133/><W53/><G76/><T101/><D101/><U134/><E134/><V135/><F135/><W132/><G78/><T10/><D10/><U122/><E122/><V119/><F119/><W33/><G132/><T4/><AGARI ba="1,1" hai="4,11,13,42,45,48,64,65,67,82,83,88,94,96" machi="4" ten="30,7900,0" yaku="1,1,0,1,8,1,54,1,53,0" doraHai="21" doraHaiUra="32" who="0" fromWho="0" sc="181,92,290,-40,210,-21,309,-21" /><INIT seed="2,0,0,2,0,131" ten="273,250,189,288" oya="2" hai0="66,130,82,79,69,115,61,120,67,5,60,78,122" hai1="121,2,117,77,8,132,6,84,74,32,128,41,39" hai2="22,110,40,21,43,27,28,18,56,123,90,55,135" hai3="37,15,104,118,116,105,76,1,65,63,89,19,36"/><V47/><F123/><W114/><G114/><T34/><D115/><U12/><E117/><V109/><F90/><W98/><G76/><T88/><D130/><U46/><E128/><V72/><F72/><W101/><G1/><T80/><D5/><U31/><E121/><V14/><F135/><W112/><G112/><T133/><D34/><U17/><E84/><V44/><F44/><W58/><G105/><T106/><D106/><U38/><E38/><V92/><F92/><W0/><G0/><T86/><D133/><U91/><E91/><V11/><F11/><W113/><G113/><T124/><D124/><U33/><E31/><V10/><F10/><W107/><G107/><T45/><D45/><U25/><E25/><V24/><F14/><W42/><G36/><T57/><REACH who="0" step="1"/><D79/><REACH who="0" ten="263,250,189,288" step="2"/><U102/><E132/><V49/><REACH who="2" step="1"/><F47/><REACH who="2" ten="263,250,179,288" step="2"/><N who="3" m="24015" /><G118/><T111/><D111/><AGARI ba="0,2" hai="18,21,22,24,27,28,40,43,49,55,56,109,110,111" machi="111" ten="40,7700,0" yaku="1,1,14,1,10,1,53,0" doraHai="131" doraHaiUra="103" who="2" fromWho="0" sc="263,-77,250,0,179,97,288,0" /><INIT seed="2,1,0,1,2,110" ten="186,250,276,288" oya="2" hai0="19,94,129,71,61,41,113,5,29,102,46,135,75" hai1="36,134,37,108,50,11,69,7,47,126,79,125,80" hai2="40,30,38,68,13,118,44,10,92,65,131,127,121" hai3="35,101,76,119,32,8,26,1,124,120,25,66,106"/><V43/><F118/><W97/><G119/><T49/><D135/><U70/><E108/><V4/><F121/><W95/><G120/><T81/><D129/><U56/><E134/><V104/><F104/><W87/><G124/><N who="1" m="47722" /><E56/><V60/><F127/><W58/><G1/><T18/><D5/><U122/><E122/><V62/><F131/><W72/><G8/><T77/><D29/><U103/><E103/><V9/><F43/><W115/><G115/><T55/><D102/><U74/><E50/><V91/><F30/><W116/><G116/><T85/><D75/><U117/><E117/><V130/><F130/><W3/><G3/><T107/><D107/><U17/><E17/><V99/><F62/><N who="3" m="38231" /><G35/><T42/><D113/><U54/><E54/><V90/><F10/><W57/><G32/><T24/><D24/><U14/><E37/><V23/><F23/><W78/><G78/><T67/><D94/><U31/><E31/><V100/><AGARI ba="1,0" hai="4,9,13,38,40,44,60,65,68,90,91,92,99,100" machi="100" ten="20,2100,0" yaku="0,1,7,1" doraHai="110" who="2" fromWho="2" sc="186,-8,250,-8,276,24,288,-8" /><INIT seed="2,2,0,3,1,77" ten="178,242,300,280" oya="2" hai0="1,46,6,64,15,51,54,59,4,122,126,82,9" hai1="87,86,3,79,23,123,33,36,68,94,80,102,124" hai2="14,30,128,104,71,26,45,88,38,22,120,91,42" hai3="76,11,63,18,95,90,113,41,114,119,12,134,78"/><V132/><F120/><W56/><G134/><T115/><D126/><U39/><E33/><V2/><F132/><W72/><G119/><T13/><D115/><N who="3" m="44041" /><G41/><T130/><D130/><U35/><E35/><V133/><F2/><W69/><G69/><T109/><D109/><U131/><E68/><V110/><F133/><W97/><G72/><T44/><D122/><U127/><E3/><V65/><F128/><W49/><G49/><T111/><D111/><U53/><E131/><V20/><F104/><W61/><G61/><T96/><D1/><U50/><E123/><V66/><F110/><W21/><G11/><T57/><D96/><N who="1" m="59671" /><E23/><V89/><REACH who="2" step="1"/><F71/><REACH who="2" ten="178,242,290,280" step="2"/><W101/><G101/><T92/><D59/><U27/><E127/><V19/><AGARI ba="2,1" hai="14,19,20,22,26,30,38,42,45,65,66,88,89,91" machi="19" ten="30,18000,2" yaku="1,1,2,1,0,1,54,1,53,2" doraHai="77" doraHaiUra="60" who="2" fromWho="2" sc="178,-62,242,-62,290,196,280,-62" /><INIT seed="2,3,0,4,5,96" ten="116,180,486,218" oya="2" hai0="126,57,17,49,78,91,87,20,118,92,107,64,48" hai1="2,128,108,10,98,130,8,52,9,77,33,73,117" hai2="53,81,7,38,13,60,55,28,31,62,23,79,93" hai3="45,35,116,3,29,37,21,76,51,42,71,66,0"/><V27/><F38/><W16/><G116/><T19/><D126/><U5/><E117/><V22/><F93/><W72/><G35/><T61/><D118/><U99/><E33/><V63/><F7/><W94/><G29/><T56/><D107/><U30/><E30/><V124/><F124/><W95/><G37/><T115/><D115/><U15/><E108/><V58/><F13/><W54/><G42/><T111/><D111/><U24/><E24/><V69/><F69/><W88/><G94/><T135/><D135/><U123/><E123/><V101/><F101/><W112/><G112/><T34/><D34/><U67/><E67/><V114/><F114/><W104/><G104/><T120/><D120/><U102/><E99/><V86/><F53/><W84/><G76/><T122/><D122/><U40/><E40/><V133/><F133/><W125/><G72/><T14/><D78/><U70/><E70/><V18/><REACH who="2" step="1"/><F22/><REACH who="2" ten="116,180,476,218" step="2"/><W105/><G125/><T41/><D41/><U47/><E2/><V100/><F100/><W134/><G134/><T109/><D109/><U131/><E5/><V39/><F39/><W89/><G105/><T80/><D92/><N who="1" m="58695" /><E15/><V12/><F12/><W75/><G0/><T103/><D103/><U132/><E132/><V43/><F43/><W127/><G3/><T85/><D20/><U4/><E4/><V65/><F65/><W68/><G68/><T121/><D121/><U97/><E97/><V106/><F106/><W90/><G127/><T25/><D14/><U129/><E129/><V74/><F74/><W83/><G75/><T1/><D1/><RYUUKYOKU ba="3,1" sc="116,-10,180,-10,476,30,218,-10" hai2="18,23,27,28,31,55,58,60,62,63,79,81,86" /><INIT seed="2,4,1,5,4,62" ten="106,170,506,208" oya="2" hai0="109,103,79,2,107,71,96,58,3,6,119,80,89" hai1="76,4,9,61,47,33,101,134,70,67,125,91,50" hai2="38,104,56,105,100,92,12,128,21,20,85,5,59" hai3="116,99,41,87,7,63,17,30,28,130,115,127,26"/><V52/><F38/><W84/><G116/><T106/><D71/><U131/><E33/><V77/><F128/><W66/><G115/><T64/><D119/><U129/><E134/><V69/><F69/><W118/><G118/><T73/><D109/><U122/><E125/><V15/><F5/><W117/><G117/><T31/><D31/><N who="3" m="11817" /><G130/><N who="1" m="49674" /><E122/><V108/><F108/><W94/><G7/><T8/><D89/><U10/><E101/><V24/><F100/><N who="3" m="60535" /><G41/><T102/><D102/><U32/><E32/><V132/><F132/><W16/><G127/><T88/><D88/><U123/><E123/><V65/><F77/><W81/><G26/><T97/><D97/><U1/><E76/><V95/><F24/><W83/><G83/><T37/><D37/><U75/><E91/><V74/><F74/><W36/><G36/><T60/><REACH who="0" step="1"/><D2/><REACH who="0" ten="96,170,506,208" step="2"/><U54/><E75/><V27/><F85/><N who="3" m="32843" /><G81/><T68/><D68/><U72/><E72/><V114/><F114/><W39/><G39/><T53/><D53/><U90/><E90/><V110/><F110/><W78/><G78/><T19/><D19/><U57/><E70/><V55/><REACH who="2" step="1"/><F27/><REACH who="2" ten="96,170,496,208" step="2"/><W48/><G17/><T120/><D120/><U18/><E18/><V49/><F49/><W11/><G48/><T14/><D14/><U112/><E112/><V34/><F34/><W51/><G51/><T86/><D86/><U46/><E47/><V124/><F124/><W13/><G16/><T40/><D40/><U98/><E98/><V121/><F121/><W25/><G25/><T93/><AGARI ba="4,3" hai="3,6,8,58,60,64,73,79,80,93,96,103,106,107" machi="93" ten="20,5200,0" yaku="1,1,0,1,7,1,52,1,53,0" doraHai="62" doraHaiUra="43" who="0" fromWho="0" sc="96,94,170,-17,496,-30,208,-17" /><INIT seed="3,0,0,0,0,29" ten="190,153,466,191" oya="3" hai0="119,52,111,63,80,62,104,95,98,106,101,96,124" hai1="82,57,19,112,90,24,134,7,35,38,3,123,128" hai2="88,131,102,41,97,43,31,36,86,93,105,10,100" hai3="5,115,45,4,18,117,92,72,27,14,133,28,17"/><W85/><G72/><T76/><D119/><U55/><E112/><V132/><F36/><W61/><G117/><T126/><D111/><U99/><E123/><V32/><F132/><W1/><G1/><T127/><D52/><U6/><E38/><V50/><F131/><W91/><G115/><T2/><D2/><U42/><E128/><V129/><F129/><W75/><G75/><N who="0" m="43039" /><D106/><U53/><E134/><V64/><F64/><W16/><G133/><T130/><D130/><U21/><E42/><V120/><F120/><W110/><G110/><T108/><D108/><U15/><E55/><V11/><F100/><AGARI ba="0,0" hai="62,63,95,96,98,100,101,104,124,126,127" m="43039" machi="100" ten="30,1000,0" yaku="18,1" doraHai="29" who="0" fromWho="2" sc="190,10,153,0,466,-10,191,0" owari="200,0.0,153,-34.7,456,55.6,191,-20.9" /></mjloggm>