<mjloggm ver="2.3"><GO type="225" lobby="0"/><UN n0="%E3%83%9E%E3%83%AB%E3%83%9E%E3%83%AB%E3%81%A1%E3%82%83%E3%82%93" n1="%72%65%6E%6B%75%6E" n2="%72%69%6F%75%63%68%61%6E" n3="%E3%83%A1%E3%82%AC%E3%83%87%E3%82%B8" dan="16,17,17,16" rate="2076.16,2230.91,2205.15,2049.37" sx="M,M,M,F"/><TAIKYOKU oya="0"/><INIT seed="0,0,0,3,2,2" ten="250,250,250,250" oya="0" hai0="85,83,68,0,111,77,52,17,41,56,96,74,112" hai1="86,13,72,115,94,66,40,103,70,44,64,43,110" hai2="82,71,116,99,4,31,84,102,24,19,125,132,95" hai3="124,120,73,30,134,53,32,133,39,3,50,62,91"/><T87/><D112/><U98/><E72/><V107/><F125/><W113/><G39/><T49/><D111/><U90/><E110/><V36/><F132/><N who="3" m="50795" /><G113/><T75/><D68/><U61/><E115/><V12/><F116/><W135/><G135/><T16/><D0/><U57/><E13/><V38/><F71/><W23/><G73/><T88/><D96/><U35/><E35/><V15/><F107/><W54/><G3/><T126/><D126/><U130/><E130/><V97/><F99/><W22/><G120/><T65/><D65/><U119/><E119/><V21/><F12/><W60/><G91/><T128/><D128/><U69/><E64/><V127/><F4/><W79/><G79/><T37/><D37/><U27/><E27/><V117/><F127/><W20/><G54/><T123/><D123/><U33/><E33/><V105/><F105/><W101/><G101/><T58/><D41/><U47/><E47/><V109/><F109/><W18/><G18/><N who="0" m="7275" /><D75/><U51/><REACH who="1" step="1"/><E43/><REACH who="1" ten="250,240,250,250" step="2"/><V11/><REACH who="2" step="1"/><F117/><REACH who="2" ten="250,240,240,250" step="2"/><W7/><G124/><T48/><D74/><U93/><AGARI ba="0,2" hai="40,44,51,57,61,66,69,70,86,90,93,94,98,103" machi="93" ten="20,8000,1" yaku="1,1,2,1,0,1,7,1,53,1" doraHai="2" doraHaiUra="80" who="1" fromWho="1" sc="250,-40,240,100,240,-20,250,-20" /><INIT seed="1,0,0,5,3,108" ten="210,340,220,230" oya="1" hai0="53,56,116,43,14,103,20,99,35,2,5,73,130" hai1="0,19,127,75,109,129,57,132,117,128,8,13,54" hai2="91,27,120,60,23,42,126,12,106,9,17,50,94" hai3="18,80,4,32,111,51,113,100,41,6,22,110,86"/><U101/><E75/><V16/><F126/><W115/><G32/><T74/><D116/><U71/><E71/><V69/><F120/><W88/><G100/><T83/><D130/><N who="1" m="50283" /><E117/><V47/><F106/><W98/><G98/><T52/><D35/><U59/><E101/><V29/><F69/><W26/><G4/><T68/><D68/><U7/><E127/><V95/><F60/><W46/><REACH who="3" step="1"/><G6/><REACH who="3" ten="210,340,220,220" step="2"/><T96/><D5/><U21/><E109/><AGARI ba="0,1" hai="18,22,26,41,46,51,80,86,88,109,110,111,113,115" machi="109" ten="40,12000,2" yaku="1,1,2,1,14,1,52,2,54,1,53,1" doraHai="108" doraHaiUra="81" who="3" fromWho="1" sc="210,0,340,-120,220,0,220,130" /><INIT seed="2,0,0,3,3,58" ten="210,220,220,350" oya="2" hai0="107,99,50,53,95,52,26,45,7,57,48,121,90" hai1="100,105,73,119,68,82,104,61,55,114,76,113,2" hai2="93,96,32,118,128,29,33,133,109,36,123,101,19" hai3="125,78,91,135,41,15,120,25,0,5,47,87,51"/><V115/><F115/><W62/><G120/><T10/><D121/><U77/><E119/><V12/><F118/><W98/><G0/><T110/><D110/><U130/><E2/><V20/><F123/><W66/><G25/><T97/><D107/><U39/><E130/><V122/><F122/><W127/><G135/><T56/><D26/><U13/><E76/><V28/><F128/><W65/><G98/><T9/><D45/><U86/><E86/><V60/><F133/><W18/><G5/><T8/><REACH who="0" step="1"/><D97/><REACH who="0" ten="200,220,220,350" step="2"/><N who="1" m="61455" /><E105/><V17/><F109/><W11/><G127/><T132/><D132/><U6/><E13/><AGARI ba="0,1" hai="7,8,9,10,13,48,50,52,53,56,57,90,95,99" machi="13" ten="30,8000,1" yaku="1,1,7,1,9,1,8,1,54,1,53,0" doraHai="58" doraHaiUra="131" who="0" fromWho="1" sc="200,90,220,-80,220,0,350,0" /><INIT seed="3,0,0,1,4,43" ten="290,140,220,350" oya="3" hai0="94,12,9,135,54,120,73,19,5,51,66,14,118" hai1="64,132,70,134,84,88,1,87,28,105,49,53,95" hai2="104,60,127,10,126,8,58,98,4,46,18,56,86" hai3="101,35,92,26,33,17,3,79,13,11,91,69,65"/><W93/><G79/><T16/><D118/><U42/><E105/><V111/><F111/><W133/><G133/><T6/><D120/><U20/><E1/><V63/><F46/><W116/><G116/><T7/><D135/><U83/><E42/><V34/><F34/><W41/><G41/><T124/><D124/><N who="2" m="47658" /><F86/><W61/><G3/><T99/><D73/><U45/><E70/><V89/><F18/><W90/><G101/><T44/><D66/><U122/><E122/><V108/><F108/><W112/><G112/><T125/><D125/><U107/><E107/><V129/><F129/><W15/><G26/><T123/><D123/><U30/><E64/><N who="2" m="38919" /><F4/><W48/><G48/><T21/><D6/><U102/><E134/><V57/><F57/><W38/><G15/><T62/><D62/><U72/><E132/><V22/><F22/><W71/><G38/><T68/><D68/><U106/><E72/><V32/><F32/><W75/><G91/><AGARI ba="0,0" hai="5,7,9,12,14,16,19,21,44,51,54,91,94,99" machi="91" ten="30,7700,0" yaku="7,1,8,1,52,1,54,1" doraHai="43" who="0" fromWho="3" sc="290,77,140,0,220,0,350,-77" owari="367,46.7,140,-36.0,220,-18.0,273,7.3" /></mjloggm>