<mjloggm ver="2.3"><GO type="225" lobby="0"/><UN n0="%E3%83%AD%E3%83%83%E3%83%86%E9%9B%80%E7%90%83" n1="%E3%81%82%E3%81%99%E3%81%AB%E3%82%83%E3%82%80" n2="%E3%81%9F%E3%81%8C%E3%82%84%E3%81%99" n3="%E5%84%AA%40%41%42%43" dan="17,16,16,17" rate="2198.36,2030.27,2110.33,2192.89" sx="M,F,M,M"/><TAIKYOKU oya="0"/><INIT seed="0,0,0,5,1,123" ten="250,250,250,250" oya="0" hai0="101,21,24,62,65,12,106,48,122,33,131,95,83" hai1="121,2,130,107,118,67,40,77,99,17,78,20,56" hai2="87,57,45,96,36,75,119,69,109,127,3,90,88" hai3="113,39,132,26,81,86,58,120,84,76,60,133,44"/><T129/><D122/><U134/><E118/><V135/><F69/><W34/><G120/><T85/><D106/><U51/><E121/><V94/><F75/><W8/><G113/><T70/><D33/><U82/><E2/><V50/><F3/><W42/><G8/><T19/><D48/><U38/><E38/><V111/><F119/><W32/><G84/><T115/><D115/><U89/><E130/><N who="0" m="49673" /><D101/><U73/><E134/><N who="3" m="51818" /><G26/><T0/><D95/><U102/><E40/><V71/><F71/><W79/><G79/><N who="0" m="46335" /><D0/><U54/><E67/><AGARI ba="0,0" hai="32,34,39,42,44,58,60,67,76,81,86" m="51818" machi="67" ten="30,1000,0" yaku="20,1" doraHai="123" who="3" fromWho="1" sc="250,0,250,-10,250,0,250,10" /><INIT seed="1,0,0,4,5,50" ten="250,240,250,260" oya="1" hai0="91,25,110,75,86,85,40,104,13,24,18,59,19" hai1="76,32,118,134,68,107,20,28,33,95,116,48,101" hai2="127,74,82,63,10,4,7,71,64,70,27,84,69" hai3="80,58,9,37,100,88,132,128,67,44,126,14,112"/><U93/><E134/><V35/><F74/><W52/><G112/><T79/><D110/><U61/><E76/><V133/><F127/><W17/><G132/><T117/><D117/><U108/><E108/><V103/><F133/><W49/><G126/><T92/><D104/><U43/><E20/><V6/><F103/><W106/><G128/><T72/><D40/><U11/><E11/><V125/><F125/><W109/><G109/><T3/><D3/><U90/><E116/><V98/><F98/><W135/><G135/><T2/><D2/><U114/><E114/><V89/><REACH who="2" step="1"/><F10/><REACH who="2" ten="250,240,240,260" step="2"/><W111/><G100/><T15/><D75/><U73/><E73/><V122/><F122/><W12/><G111/><T36/><D72/><U38/><E101/><V16/><F16/><W57/><G106/><T53/><D19/><U56/><E107/><V60/><F60/><N who="3" m="38287" /><G37/><T41/><D36/><U96/><E38/><V78/><F78/><W22/><G88/><T30/><D91/><U83/><E90/><V45/><F45/><W26/><G44/><T42/><D79/><U81/><E61/><V31/><AGARI ba="0,1" hai="4,6,7,27,31,35,63,64,69,70,71,82,84,89" machi="31" ten="30,2000,0" yaku="1,1,0,1,53,0" doraHai="50" doraHaiUra="97" who="2" fromWho="2" sc="250,-5,240,-10,240,30,260,-5" /><INIT seed="2,0,0,1,2,63" ten="245,230,270,255" oya="2" hai0="77,34,94,103,119,106,51,86,125,30,38,118,46" hai1="129,83,27,2,56,117,44,89,31,82,93,35,47" hai2="97,88,49,59,120,111,12,48,19,66,50,43,65" hai3="95,75,132,57,115,25,26,22,69,112,7,5,53"/><V10/><F43/><W123/><G123/><T13/><D125/><U80/><E117/><N who="0" m="44553" /><D38/><U78/><E129/><V72/><F72/><W62/><G75/><T18/><D30/><U79/><E2/><V41/><F120/><W20/><G132/><T52/><D34/><U101/><E101/><V1/><F1/><W127/><G127/><T28/><D28/><U108/><E108/><V37/><F111/><W85/><G69/><T90/><D77/><U131/><E131/><V126/><F126/><W9/><G9/><N who="0" m="6447" /><D103/><U15/><E56/><V64/><F37/><W100/><G22/><T61/><D61/><U45/><REACH who="1" step="1"/><E15/><REACH who="1" ten="245,220,270,255" step="2"/><V91/><F59/><W73/><G112/><T6/><D106/><U21/><E21/><V17/><F41/><W98/><G115/><T104/><D104/><U102/><E102/><V105/><F105/><W96/><G57/><T8/><D8/><U71/><E71/><V99/><F17/><W3/><G100/><T107/><D107/><U42/><E42/><V92/><F92/><W32/><G95/><T116/><D116/><U14/><E14/><V135/><F135/><W4/><G3/><T33/><D33/><U84/><AGARI ba="0,1" hai="27,31,35,44,45,47,78,79,80,82,83,84,89,93" machi="84" ten="30,2000,0" yaku="1,1,0,1,53,0" doraHai="63" doraHaiUra="11" who="1" fromWho="1" sc="245,-5,220,30,270,-10,255,-5" /><INIT seed="3,0,0,1,3,101" ten="240,250,260,250" oya="3" hai0="35,114,31,69,133,79,124,94,8,43,2,83,130" hai1="75,119,115,76,84,90,34,44,134,53,67,5,33" hai2="36,109,25,125,106,107,68,19,65,42,122,48,26" hai3="24,63,92,123,129,14,93,47,99,100,46,52,56"/><W110/><G123/><T91/><D124/><U1/><E115/><V132/><F36/><W121/><G121/><T27/><D130/><U103/><E134/><V74/><F74/><W57/><G129/><T13/><D133/><U78/><E67/><V61/><F132/><W66/><G110/><T86/><D114/><U73/><E103/><V37/><F122/><W55/><G92/><T118/><D69/><U77/><E119/><V70/><F70/><W97/><G97/><T38/><D2/><U85/><E1/><V16/><F125/><W108/><G108/><T3/><D3/><U11/><E84/><V116/><F109/><W62/><G66/><T126/><D118/><U135/><E135/><V113/><F116/><W39/><G39/><T112/><D112/><U72/><E11/><V117/><F117/><W9/><G24/><T82/><D126/><U32/><E5/><AGARI ba="0,0" hai="5,9,14,46,47,52,55,56,57,62,63,93,99,100" machi="5" ten="30,11600,0" yaku="7,1,9,1,8,1,54,1" doraHai="101" who="3" fromWho="1" sc="240,0,250,-116,260,0,250,116" owari="240,-16.0,134,-36.6,260,6.0,366,46.6" /></mjloggm>