<mjloggm ver="2.3"><GO type="225" lobby="0"/><UN n0="%E8%81%B7%E6%A5%AD%E3%80%81%E9%A2%A8%32" n1="%73%75%7A%75%6D%65%33" n2="%45%6C%79%73%69%75%6D" n3="%43%68%65" dan="16,17,17,16" rate="2112.64,2194.98,2085.62,2162.69" sx="M,M,F,M"/><TAIKYOKU oya="0"/><INIT seed="0,0,0,3,0,57" ten="250,250,250,250" oya="0" hai0="85,80,111,122,43,126,102,68,69,93,61,134,132" hai1="97,49,32,101,67,100,4,52,109,75,106,36,135" hai2="84,94,48,55,105,13,108,130,26,45,34,12,117" hai3="121,129,7,14,92,83,63,133,6,89,128,25,54"/><T76/><D122/><U87/><E75/><V40/><F105/><W119/><G119/><T110/><D126/><U113/><E36/><V23/><F117/><W71/><G121/><T37/><D37/><U70/><E113/><V56/><F34/><W41/><G41/><T31/><D43/><U114/><E114/><V51/><F108/><N who="0" m="41514" /><D31/><U0/><E109/><V65/><F65/><W19/><G83/><T64/><D69/><U29/><E101/><V112/><F130/><N who="3" m="50283" /><G25/><T9/><D9/><U30/><E87/><V62/><F48/><W53/><G53/><T82/><D82/><U91/><E91/><N who="2" m="53607" /><F112/><W11/><G133/><N who="0" m="51307" /><D93/><U107/><E135/><V59/><F59/><N who="3" m="35319" /><G71/><T90/><D102/><U127/><E127/><V115/><F115/><W88/><G89/><AGARI ba="0,0" hai="61,64,68,76,80,85,89,90" m="51307,41514" machi="89" ten="30,11600,0" yaku="14,1,10,1,20,1,52,1" doraHai="57" who="0" fromWho="3" sc="250,116,250,0,250,0,250,-116" /><INIT seed="0,1,0,0,2,32" ten="366,250,250,134" oya="0" hai0="131,34,45,61,79,19,98,53,75,120,50,6,15" hai1="38,78,68,80,81,113,104,107,91,88,134,109,31" hai2="86,121,116,27,22,8,101,114,97,125,44,21,62" hai3="65,100,58,84,55,59,112,129,77,10,0,23,30"/><T9/><D120/><U26/><E109/><V33/><F114/><W74/><G112/><T87/><D34/><U102/><E113/><V133/><F121/><W54/><G74/><T11/><D131/><U1/><E134/><V25/><F133/><W93/><G129/><T35/><D35/><U28/><E38/><V49/><F125/><W82/><G59/><T85/><D98/><U132/><E132/><V5/><F116/><W3/><G10/><T70/><D70/><U110/><E110/><V111/><F62/><W99/><G55/><T41/><D75/><U40/><E40/><V90/><F111/><W76/><G76/><T66/><D79/><U20/><E68/><V122/><F122/><W52/><G65/><T16/><D66/><U29/><E1/><V18/><F33/><W117/><G54/><T64/><D64/><U69/><E69/><V7/><F8/><W24/><G117/><T36/><D61/><AGARI ba="1,0" hai="0,3,23,24,30,52,58,61,77,82,84,93,99,100" machi="61" ten="30,7700,0" yaku="7,1,52,2,54,1" doraHai="32" who="3" fromWho="0" sc="366,-80,250,0,250,0,134,80" /><INIT seed="1,0,0,3,3,55" ten="286,250,250,214" oya="1" hai0="102,107,81,16,46,119,66,80,39,61,73,72,59" hai1="22,58,56,118,111,92,98,36,124,86,25,23,64" hai2="108,113,43,91,128,129,132,34,0,109,117,95,104" hai3="67,13,133,33,131,57,53,11,125,51,32,83,14"/><U19/><E118/><V28/><F104/><W2/><G2/><T70/><D119/><U37/><E124/><V89/><F117/><W54/><G125/><T71/><D39/><U90/><E111/><N who="2" m="42571" /><F0/><W134/><G67/><T69/><D46/><U1/><E1/><V27/><F132/><N who="3" m="50795" /><G131/><N who="2" m="50249" /><F113/><W112/><G112/><T82/><D102/><N who="1" m="60743" /><E64/><V100/><F43/><W96/><G96/><AGARI ba="0,0" hai="27,28,34,89,91,95,96,100" m="50249,42571" machi="96" ten="30,2000,0" yaku="14,1,19,1" doraHai="55" who="2" fromWho="3" sc="286,0,250,0,250,20,214,-20" /><INIT seed="2,0,0,5,5,74" ten="286,250,270,194" oya="2" hai0="126,48,76,55,10,135,91,124,122,37,107,6,34" hai1="7,118,80,106,109,21,44,62,56,46,3,99,9" hai2="66,94,129,29,77,19,96,121,54,32,68,17,81" hai3="45,120,51,11,78,104,73,102,128,87,15,65,26"/><V125/><F121/><W75/><G120/><T108/><D108/><U90/><E118/><V47/><F129/><W92/><G128/><T40/><D34/><U63/><E63/><V0/><F0/><W103/><G65/><T72/><D107/><U58/><E58/><V117/><F125/><N who="0" m="48234" /><D135/><U113/><E113/><V64/><F117/><W60/><G60/><T14/><D37/><U18/><E109/><V28/><F68/><W84/><G26/><T5/><D40/><U123/><E123/><V1/><F1/><W95/><G104/><T53/><D122/><U49/><E49/><N who="2" m="28991" /><F32/><W116/><G116/><T119/><D119/><U114/><E114/><V30/><F17/><W13/><G51/><T101/><D101/><U70/><E70/><V85/><F19/><W50/><G50/><T71/><D71/><U35/><E35/><V16/><F16/><W112/><G112/><T69/><D69/><U27/><E106/><V43/><F43/><W98/><G11/><N who="0" m="4463" /><D48/><U133/><E133/><V86/><F86/><W97/><REACH who="3" step="1"/><G45/><REACH who="3" ten="286,250,270,184" step="2"/><T105/><D105/><U79/><E62/><V93/><F64/><W100/><G100/><T24/><D24/><U22/><E56/><V23/><F66/><W83/><G83/><N who="0" m="45447" /><D91/><U8/><E90/><N who="2" m="55383" /><F93/><W25/><G25/><AGARI ba="0,1" hai="23,25,28,29,30,77,81,85" m="55383,28991" machi="25" ten="30,2900,0" yaku="8,1,52,1" doraHai="74" who="2" fromWho="3" sc="286,0,250,0,270,39,184,-29" /><INIT seed="2,1,0,2,5,128" ten="286,250,309,155" oya="2" hai0="95,108,75,9,94,78,126,60,43,30,87,40,11" hai1="4,113,38,118,93,105,71,112,133,119,132,106,59" hai2="79,125,109,14,84,67,64,80,47,97,53,6,51" hai3="44,48,35,50,85,5,37,100,77,10,61,17,23"/><V33/><F125/><W102/><G35/><T127/><D108/><U81/><E4/><V121/><F121/><W20/><G37/><T123/><D123/><U89/><E38/><V69/><F33/><W18/><G61/><T55/><D30/><U68/><E81/><V91/><F69/><N who="1" m="26697" /><E59/><V134/><F134/><N who="1" m="51817" /><E106/><V101/><F109/><W27/><G77/><T31/><D31/><U52/><E52/><V26/><F79/><W131/><G131/><T114/><D55/><U76/><E76/><V122/><F122/><W116/><G116/><N who="1" m="44586" /><E105/><V13/><F6/><W73/><G73/><T21/><D75/><U42/><E42/><V70/><F70/><W8/><G5/><T129/><D43/><U63/><E63/><V34/><F80/><W57/><G57/><T29/><D40/><U124/><E124/><V72/><F53/><W74/><G74/><T36/><D36/><U99/><AGARI ba="1,0" hai="89,93,99,112,113" m="44586,51817,26697" machi="99" ten="40,8000,1" yaku="20,1,52,3" doraHai="128" who="1" fromWho="1" sc="286,-21,250,83,309,-41,155,-21" /><INIT seed="3,0,0,3,4,29" ten="265,333,268,134" oya="3" hai0="54,63,9,104,21,123,15,133,99,100,130,129,82" hai1="86,98,1,76,95,119,57,79,77,87,31,96,23" hai2="11,121,17,90,73,51,75,18,2,135,101,109,108" hai3="7,92,83,56,64,102,94,36,6,4,80,25,91"/><W58/><G36/><T55/><D123/><U115/><E1/><V0/><F101/><W52/><G102/><T85/><D133/><U110/><E115/><V105/><F105/><W48/><G25/><T47/><D21/><U127/><E127/><V72/><F135/><W45/><G94/><T124/><D63/><U12/><E110/><N who="2" m="42603" /><F121/><W38/><G38/><T131/><D47/><U26/><E119/><V42/><F90/><W40/><G64/><T111/><D124/><U74/><E74/><V103/><F103/><W69/><G69/><T134/><D134/><U68/><E68/><V118/><F118/><W97/><REACH who="3" step="1"/><G58/><REACH who="3" ten="265,333,268,124" step="2"/><T49/><D111/><U59/><E59/><V14/><F0/><W117/><G117/><T34/><D100/><U30/><E57/><V107/><F2/><W71/><G71/><T114/><D104/><U132/><E132/><V24/><F24/><W120/><G120/><T37/><D37/><U106/><E106/><V43/><F107/><W41/><G41/><T3/><D129/><U28/><E95/><V53/><F42/><W93/><G93/><T46/><D130/><U33/><E26/><V61/><F43/><W32/><G32/><T70/><D34/><U78/><N who="1" m="19456" /><DORA hai="20" /><U66/><E66/><V116/><F116/><W16/><G16/><T128/><D70/><U81/><E33/><V27/><F27/><W5/><N who="3" m="1024" /><DORA hai="122" /><W125/><G125/><T44/><D128/><U13/><E30/><V113/><F17/><W39/><AGARI ba="0,1" hai="39,40,45,48,52,56,80,83,91,92,97" m="1024" machi="39" ten="40,12000,1" yaku="1,1,0,1,54,1,53,2" doraHai="29,20,122" doraHaiUra="8,89,88" who="3" fromWho="3" sc="265,-40,333,-40,268,-40,124,130" /><INIT seed="3,1,0,1,0,63" ten="225,293,228,254" oya="3" hai0="43,29,96,90,117,76,31,113,22,105,70,40,62" hai1="19,132,42,92,129,88,26,127,51,81,122,116,130" hai2="64,41,112,57,39,102,134,7,67,71,16,48,84" hai3="66,52,53,17,27,21,36,83,119,8,121,65,126"/><W37/><G119/><T30/><D117/><U68/><E68/><V75/><F75/><W46/><G121/><T111/><D113/><U12/><E122/><V103/><F112/><W23/><G126/><T58/><D70/><U18/><E116/><V95/><F71/><W56/><G37/><T73/><D111/><U4/><E81/><V87/><F39/><W1/><G83/><T106/><D73/><U11/><E127/><V107/><F107/><W44/><G1/><T120/><D120/><U77/><E77/><V5/><F134/><W78/><G78/><T131/><D76/><U33/><E132/><V14/><F41/><N who="0" m="15946" /><D106/><U98/><E33/><V9/><F48/><N who="3" m="30727" /><G36/><T97/><D105/><U91/><E91/><N who="2" m="53735" /><F87/><W61/><G8/><T109/><D109/><U34/><E34/><V25/><F57/><N who="3" m="34991" /><G23/><T82/><D22/><N who="1" m="13663" /><E129/><V74/><F74/><W94/><G94/><N who="0" m="56407" /><D131/><U80/><E80/><V115/><F115/><W60/><G60/><T72/><D72/><U118/><E118/><V59/><F59/><W110/><G110/><T55/><D82/><U38/><E38/><V32/><F32/><W20/><G20/><T135/><D135/><U45/><E130/><V93/><F93/><W79/><G79/><T54/><D97/><U99/><E99/><V124/><F124/><W89/><G89/><T86/><D86/><U114/><E114/><V49/><F49/><W35/><G35/><T101/><D101/><N who="2" m="38410" /><F25/><W0/><G0/><T104/><D104/><U69/><E69/><V47/><F47/><AGARI ba="1,0" hai="17,21,27,44,46,47,65,66" m="34991,30727" machi="47" ten="30,11600,0" yaku="8,1,52,2,54,1" doraHai="63" who="3" fromWho="2" sc="225,0,293,0,228,-119,254,119" owari="225,-17.5,293,9.3,109,-39.1,373,47.3" /></mjloggm>