<mjloggm ver="2.3"><GO type="225" lobby="0"/><UN n0="%E3%81%8F%E3%82%8A%E3%83%94%E3%83%BC" n1="%E9%BB%92%E9%89%84%E7%8F%A0%E9%9B%AB" n2="%E8%BE%9B%E5%8F%A3%E3%82%AB%E3%83%AC%E3%83%BC%E3%83%A9%E3%82%A4%E3%82%B9" n3="%E3%81%B7%E3%82%8A%E3%82%93%E8%81%96%E4%BA%BA" dan="16,16,16,16" rate="2068.32,2169.58,2178.49,2102.64" sx="M,F,M,M"/><TAIKYOKU oya="0"/><INIT seed="0,0,0,0,0,30" ten="250,250,250,250" oya="0" hai0="52,47,75,135,104,48,3,66,37,32,91,0,8" hai1="13,54,65,43,134,100,70,58,77,132,38,78,82" hai2="27,55,35,18,79,113,62,76,53,40,114,107,128" hai3="90,81,71,106,50,12,130,88,119,24,67,129,33"/><T115/><D115/><U103/><E78/><V97/><F128/><N who="3" m="49259" /><G106/><T51/><D104/><U36/><E70/><V84/><F40/><W109/><G119/><T124/><D37/><U69/><E13/><V41/><F41/><W118/><G118/><T122/><D122/><U11/><E11/><V126/><F126/><W112/><G112/><T116/><D116/><U96/><E65/><V60/><F18/><W1/><G1/><T34/><D75/><U16/><E69/><V22/><F22/><W46/><G67/><T74/><D74/><U99/><E16/><V117/><F107/><W72/><G71/><T120/><D120/><U28/><E28/><V31/><F117/><W14/><G72/><T64/><D124/><U73/><E43/><V111/><F111/><W80/><G109/><T29/><D29/><U89/><E36/><V17/><F17/><W131/><G131/><T98/><D135/><U68/><E38/><V86/><F31/><N who="3" m="19687" /><G14/><T57/><D66/><U123/><E68/><V5/><F27/><W15/><G15/><T94/><D0/><U25/><E25/><V7/><F97/><W85/><G12/><T20/><D64/><U92/><E99/><V102/><F102/><N who="1" m="38953" /><E123/><V56/><F56/><W6/><G6/><N who="0" m="1119" /><D20/><U10/><E10/><V87/><F87/><N who="3" m="50279" /><G46/><T23/><D23/><U121/><E121/><V127/><F127/><W21/><G21/><T2/><D2/><U49/><E134/><V9/><F9/><W39/><G39/><T133/><D133/><U125/><E132/><V26/><F26/><W63/><G63/><N who="0" m="36263" /><D47/><U19/><E125/><RYUUKYOKU ba="0,0" sc="250,0,250,0,250,0,250,0" hai0="32,34,48,51,91,94,98" hai1="19,49,54,58,73,77,82,89,92,96" hai2="5,7,35,53,55,60,62,76,79,84,86,113,114" hai3="50,81,85,90" /><INIT seed="0,1,0,1,2,97" ten="250,250,250,250" oya="0" hai0="130,81,53,77,83,103,72,71,14,37,32,44,9" hai1="47,67,62,22,95,109,25,111,121,21,50,31,5" hai2="42,60,126,55,33,131,10,78,96,80,88,59,1" hai3="40,118,19,132,79,113,135,46,104,87,70,99,117"/><T98/><D130/><U27/><E121/><V92/><F131/><W3/><G3/><T45/><D71/><U90/><E5/><V122/><F122/><W30/><G30/><T43/><D32/><U0/><E0/><V127/><F33/><W76/><G70/><T84/><D53/><U68/><E95/><V11/><F42/><W17/><G113/><T85/><D45/><U86/><E86/><V54/><F54/><W58/><G58/><T119/><D83/><U134/><E90/><V66/><F66/><W124/><G87/><T36/><D36/><U8/><E8/><V69/><F69/><W129/><G129/><T48/><D37/><U57/><E134/><V35/><F35/><W116/><G46/><T64/><D119/><U128/><E68/><V123/><F123/><W6/><G6/><T41/><D64/><U93/><E93/><V133/><F133/><N who="3" m="51275" /><G40/><T61/><D61/><U13/><E128/><V4/><REACH who="2" step="1"/><F11/><REACH who="2" ten="250,250,240,250" step="2"/><W34/><G34/><T108/><D43/><U15/><E109/><V2/><F2/><W63/><G116/><T91/><D108/><U106/><E111/><V110/><F110/><W112/><G117/><T102/><D9/><U101/><E67/><V82/><F82/><W29/><G118/><T28/><D81/><U49/><E47/><V12/><F12/><W74/><G112/><T18/><D14/><U65/><E13/><V16/><F16/><W51/><G19/><T20/><D18/><N who="1" m="12471" /><E15/><V23/><F23/><W24/><G17/><T114/><D20/><U73/><E73/><AGARI ba="1,1" hai="1,4,10,55,59,60,73,78,80,88,92,96,126,127" machi="73" ten="40,5200,0" yaku="1,1,54,1,53,1" doraHai="97" doraHaiUra="75" who="2" fromWho="1" sc="250,0,250,-55,240,65,250,0" /><INIT seed="1,0,0,2,3,95" ten="250,195,305,250" oya="1" hai0="75,87,55,6,68,9,84,85,94,62,64,70,130" hai1="37,111,129,10,96,48,100,91,23,106,30,101,14" hai2="77,41,76,69,116,65,15,20,24,35,4,36,12" hai3="2,120,126,50,102,3,31,121,19,25,16,122,88"/><U117/><E37/><V112/><F116/><W67/><G67/><T80/><D130/><U123/><E117/><V108/><F35/><W28/><G102/><T99/><D55/><U8/><E123/><V79/><F108/><W63/><G63/><T34/><D34/><U113/><E113/><V7/><F112/><W98/><G50/><T83/><D75/><U5/><E129/><V105/><F105/><W135/><G135/><T86/><N who="0" m="21504" /><DORA hai="17" /><T97/><D70/><U128/><E128/><V54/><F69/><W109/><G109/><T132/><D132/><U47/><E111/><V103/><F103/><W89/><G120/><T38/><D38/><U49/><E10/><V44/><F65/><W29/><G29/><T39/><D39/><U131/><E131/><V90/><F90/><W40/><G25/><T107/><D107/><U59/><E59/><V26/><F26/><W51/><G51/><N who="1" m="19530" /><E47/><V42/><F54/><W60/><G60/><T1/><REACH who="0" step="1"/><D94/><REACH who="0" ten="240,195,305,250" step="2"/><N who="1" m="56415" /><E106/><V58/><F36/><W110/><G110/><T82/><AGARI ba="0,1" hai="1,6,9,62,64,68,80,82,83,97,99" m="21504" machi="82" ten="50,8000,1" yaku="1,1,0,1,52,2,53,1" doraHai="95,17" doraHaiUra="46,56" who="0" fromWho="0" sc="240,90,195,-40,305,-20,250,-20" /><INIT seed="2,0,0,1,5,67" ten="330,155,285,230" oya="2" hai0="9,53,88,82,30,95,65,39,72,104,37,49,135" hai1="120,45,121,44,13,127,116,90,69,125,107,20,62" hai2="25,41,68,22,112,35,130,93,110,106,128,101,1" hai3="48,98,18,80,6,89,132,5,115,42,123,71,19"/><V57/><F112/><W36/><G36/><T75/><D104/><U131/><E107/><V54/><F106/><W134/><G123/><N who="1" m="47178" /><E90/><V105/><F105/><W96/><G80/><T117/><D135/><U119/><E20/><V56/><F1/><W2/><G89/><T10/><D65/><N who="1" m="41143" /><E13/><V40/><F35/><W77/><G77/><T63/><D63/><U58/><E58/><V61/><F57/><W124/><G115/><T15/><D30/><U24/><E24/><V43/><F101/><W17/><G48/><T99/><D9/><U28/><E28/><V47/><F93/><W87/><G42/><T12/><D12/><U92/><E92/><V83/><F43/><W4/><G87/><T78/><D75/><U76/><E76/><V21/><F41/><W7/><G7/><T59/><D117/><N who="1" m="45131" /><E131/><V74/><F22/><W73/><G73/><T29/><D29/><U52/><E52/><V8/><F8/><W102/><G2/><T94/><D95/><U46/><AGARI ba="0,0" hai="44,45,46,125,127" m="45131,41143,47178" machi="46" ten="40,8000,1" yaku="13,1,34,2,52,1" doraHai="67" who="1" fromWho="1" sc="330,-20,155,80,285,-40,230,-20" /><INIT seed="3,0,0,3,5,31" ten="310,235,245,210" oya="3" hai0="70,33,126,45,69,95,93,58,72,1,5,101,11" hai1="56,49,50,76,73,84,108,6,116,129,74,42,4" hai2="37,51,113,66,133,13,22,38,63,65,54,24,8" hai3="79,107,111,16,120,98,85,110,130,47,83,46,96"/><W3/><G120/><T105/><D72/><U57/><E108/><N who="3" m="41514" /><G3/><T61/><D33/><U62/><E74/><V25/><F113/><W68/><G68/><T28/><D28/><U128/><E73/><V77/><F133/><W43/><G107/><T121/><D105/><U14/><E116/><V80/><F38/><N who="3" m="21879" /><G130/><N who="1" m="50282" /><E57/><V44/><F37/><W103/><G103/><T106/><D101/><U9/><E4/><V125/><F125/><W117/><G117/><T29/><D106/><U53/><E42/><V115/><F115/><W109/><N who="3" m="41522" /><W122/><DORA hai="26" /><G122/><T30/><D126/><U48/><E62/><V0/><F63/><W94/><G94/><T90/><D95/><U20/><E20/><V2/><F2/><W21/><G47/><T71/><D45/><U132/><E132/><V35/><F0/><W23/><G23/><T97/><REACH who="0" step="1"/><D121/><REACH who="0" ten="300,235,245,210" step="2"/><U104/><E104/><V67/><F44/><W59/><G59/><T88/><D88/><U64/><E56/><V114/><F114/><W7/><G7/><T34/><D34/><U60/><E6/><V100/><F35/><W99/><G99/><T81/><D81/><U131/><E131/><V41/><F100/><W19/><G19/><T87/><D87/><U32/><E84/><V92/><F80/><W10/><G10/><T127/><D127/><U118/><E9/><V119/><F92/><W102/><G102/><T91/><D91/><U78/><E118/><V52/><F119/><W39/><G39/><T135/><D135/><U82/><E82/><V89/><F8/><W134/><G134/><T86/><D86/><RYUUKYOKU ba="0,1" sc="300,15,235,-15,245,-15,210,15" hai0="1,5,11,29,30,58,61,69,70,71,90,93,97" hai3="16,21,79,83,85,96,98" /><INIT seed="3,1,1,4,2,53" ten="315,220,230,225" oya="3" hai0="135,18,124,21,87,108,38,92,129,10,118,116,106" hai1="66,26,4,43,117,57,47,91,7,33,133,0,58" hai2="90,134,107,72,44,29,119,77,101,127,27,71,8" hai3="98,112,15,24,16,13,95,35,79,28,110,89,54"/><W109/><G112/><T34/><D106/><U42/><E133/><V37/><F119/><W103/><G79/><T19/><D34/><U25/><E117/><V94/><F71/><W68/><G68/><T130/><D38/><U3/><E33/><V81/><F134/><W131/><G131/><T114/><D108/><N who="3" m="41577" /><G13/><N who="0" m="7479" /><D124/><U132/><E132/><V86/><F8/><N who="3" m="6247" /><G54/><T125/><D125/><U36/><E66/><V52/><F127/><W115/><G115/><T1/><D114/><U69/><E69/><V46/><F52/><W128/><G128/><T6/><D118/><U102/><E102/><AGARI ba="1,1" hai="24,28,35,89,95,98,102,103" m="6247,41577" machi="102" ten="30,5800,0" yaku="14,1,10,1,54,1" doraHai="53" who="3" fromWho="1" sc="315,0,220,-61,230,0,225,71" /><INIT seed="3,2,0,5,2,43" ten="315,159,230,296" oya="3" hai0="80,96,101,68,28,123,7,95,8,127,19,114,79" hai1="105,42,122,10,12,63,115,16,92,48,13,56,1" hai2="119,41,125,112,26,133,35,2,102,58,51,109,110" hai3="132,131,111,100,39,15,11,134,75,120,87,55,31"/><W117/><G75/><T67/><D123/><U52/><E105/><V62/><F119/><W40/><G120/><T27/><D127/><U70/><E122/><V44/><F2/><W38/><G117/><T14/><D114/><U78/><E115/><V129/><F112/><W46/><G100/><T50/><D68/><U83/><E1/><V116/><F116/><W108/><G31/><T20/><D67/><U106/><E106/><V59/><F125/><W4/><G55/><T45/><D80/><U84/><E13/><V130/><F102/><W74/><G74/><T113/><D79/><U18/><E92/><V60/><F26/><W88/><G38/><T53/><D113/><U81/><E81/><V90/><F90/><W17/><G4/><AGARI ba="2,0" hai="4,7,8,14,19,20,27,28,45,50,53,95,96,101" machi="4" ten="40,2600,0" yaku="8,1,52,1" doraHai="43" who="0" fromWho="3" sc="315,32,159,0,230,0,296,-32" owari="347,44.7,159,-34.1,230,-17.0,264,6.4" /></mjloggm>