<mjloggm ver="2.3"><GO type="225" lobby="0"/><UN n0="%E3%83%A1%E3%82%AC%E3%83%87%E3%82%B8" n1="%48%61%61%61%6C%61%6E%64" n2="%43%68%65" n3="%E6%80%AA%E3%81%97%E3%81%99%E3%81%8E%E3%82%8B%E3%83%81%E3%83%BC" dan="16,17,16,16" rate="2112.31,2153.44,2070.01,2102.90" sx="F,M,M,M"/><TAIKYOKU oya="0"/><INIT seed="0,0,0,2,5,68" ten="250,250,250,250" oya="0" hai0="116,33,75,61,67,13,17,81,122,131,10,107,29" hai1="35,99,64,73,82,53,20,55,52,135,50,4,89" hai2="103,34,77,18,32,25,112,80,41,110,101,19,90" hai3="127,121,26,74,37,104,118,96,15,46,22,119,59"/><T65/><D116/><U7/><E35/><V43/><F112/><W129/><G74/><T91/><D122/><U85/><E135/><V12/><F110/><W120/><G129/><T24/><D131/><U69/><E73/><V21/><F90/><W97/><G127/><T93/><D107/><U8/><E20/><V48/><F34/><W49/><G59/><T78/><REACH who="0" step="1"/><D61/><REACH who="0" ten="240,250,250,250" step="2"/><U60/><E99/><AGARI ba="0,1" hai="10,13,17,24,29,33,65,67,75,78,81,91,93,99" machi="99" ten="30,11600,0" yaku="1,1,2,1,7,1,53,1" doraHai="68" doraHaiUra="23" who="0" fromWho="1" sc="240,126,250,-116,250,0,250,0" /><INIT seed="0,1,0,3,3,120" ten="366,134,250,250" oya="0" hai0="84,7,33,43,2,35,60,68,77,92,19,1,3" hai1="104,69,129,96,105,47,55,29,134,113,32,46,112" hai2="75,88,23,119,102,109,78,91,28,67,20,44,39" hai3="34,12,124,58,95,107,59,103,18,118,64,126,82"/><T4/><D43/><U0/><E0/><V122/><F122/><W65/><G34/><T25/><D68/><U115/><E129/><V45/><F102/><W52/><G107/><N who="1" m="41034" /><E134/><V128/><F67/><N who="3" m="25675" /><G82/><T21/><D60/><U100/><E69/><V133/><F78/><W73/><G73/><T15/><D84/><U8/><E8/><V27/><F75/><W130/><G118/><T22/><D92/><N who="1" m="58375" /><E55/><V66/><F66/><W10/><G52/><T61/><D61/><U11/><E11/><V106/><F106/><W114/><G114/><N who="1" m="29186" /><U62/><DORA hai="123" /><E62/><V31/><F128/><W111/><G130/><T24/><D15/><U90/><E90/><V57/><F133/><W49/><G12/><T37/><D2/><U116/><E116/><V85/><F119/><W117/><G10/><T125/><D1/><U86/><E86/><V36/><F85/><W38/><G117/><T53/><D3/><U97/><E97/><V127/><F27/><AGARI ba="1,0" hai="27,29,32,46,47" m="29186,58375,41034" machi="27" ten="50,1600,0" yaku="11,1" doraHai="120,123" who="1" fromWho="2" sc="366,0,134,19,250,-19,250,0" /><INIT seed="1,0,0,3,3,113" ten="366,153,231,250" oya="1" hai0="67,70,22,55,39,38,80,98,64,25,50,9,92" hai1="3,74,130,8,129,94,84,62,51,45,15,106,100" hai2="16,11,31,131,0,27,66,2,36,102,112,58,37" hai3="54,117,114,79,10,49,110,116,91,20,61,26,133"/><U6/><E74/><V33/><F112/><W96/><G114/><T93/><D39/><U99/><E62/><V4/><F2/><W85/><G110/><T43/><D70/><U83/><E106/><V121/><F121/><W86/><G133/><T35/><D35/><U88/><REACH who="1" step="1"/><E3/><REACH who="1" ten="366,143,231,250" step="2"/><V53/><F66/><W68/><G61/><T108/><D67/><U105/><E105/><V124/><F124/><W111/><G68/><T128/><D64/><U73/><E73/><V23/><F131/><W82/><G111/><T81/><D108/><U32/><E32/><V115/><F115/><W132/><G116/><T76/><D128/><U5/><E5/><V17/><F102/><W57/><G117/><T47/><D9/><U87/><E87/><V7/><F7/><W21/><G10/><T59/><D98/><U69/><E69/><V77/><F11/><W19/><G96/><T18/><D81/><U72/><E72/><AGARI ba="0,1" hai="18,22,25,38,43,47,50,55,59,72,76,80,92,93" machi="72" ten="30,1000,0" yaku="7,1" doraHai="113" who="0" fromWho="1" sc="366,20,143,-10,231,0,250,0" /><INIT seed="2,0,0,5,0,41" ten="386,133,231,250" oya="2" hai0="103,52,1,121,133,114,92,129,91,30,125,65,122" hai1="57,8,50,118,31,19,47,104,40,111,83,33,22" hai2="119,120,48,124,17,94,10,55,88,11,107,115,66" hai3="35,97,2,73,63,71,112,110,12,113,37,4,67"/><V21/><F120/><W39/><G110/><T98/><D114/><N who="3" m="44137" /><G12/><T126/><D1/><U90/><E118/><V95/><F107/><W15/><G15/><T81/><D65/><U77/><E111/><V24/><F119/><W20/><G20/><T78/><D133/><U75/><E104/><V14/><F115/><W105/><G35/><T26/><D52/><U72/><E33/><V70/><F124/><N who="0" m="47722" /><D103/><U28/><E75/><V7/><F70/><W3/><G73/><N who="0" m="43215" /><D129/><U45/><E57/><V46/><F66/><W76/><G76/><T131/><D131/><U42/><E90/><V106/><F106/><W79/><G79/><T109/><D109/><U27/><REACH who="1" step="1"/><E8/><REACH who="1" ten="386,123,231,250" step="2"/><N who="2" m="4383" /><F95/><W51/><G105/><T9/><D9/><U128/><E128/><V64/><F64/><W16/><G67/><T117/><D117/><U5/><E5/><V86/><AGARI ba="0,1" hai="10,11,17,21,24,46,48,55,86,88,94" m="4383" machi="86" ten="30,6000,0" yaku="8,1,52,1,54,1" doraHai="41" who="2" fromWho="2" sc="386,-20,123,-20,231,70,250,-20" /><INIT seed="2,1,0,5,1,66" ten="366,103,301,230" oya="2" hai0="72,121,56,103,101,27,70,81,36,0,13,95,120" hai1="108,135,104,45,49,22,107,116,26,124,122,8,119" hai2="15,133,90,105,86,25,44,80,128,16,47,115,106" hai3="92,19,54,48,41,65,125,61,134,102,96,52,64"/><V68/><F115/><W34/><G125/><T74/><D70/><U39/><E124/><V9/><F68/><W23/><G134/><T21/><D0/><U99/><E135/><V79/><F133/><W46/><G34/><T59/><D36/><U33/><E108/><V93/><F128/><W4/><G4/><T110/><D110/><U30/><E122/><V89/><F89/><W82/><G82/><T73/><D13/><U7/><E22/><V1/><F1/><W83/><G83/><T38/><D38/><U3/><E49/><V85/><REACH who="2" step="1"/><F25/><REACH who="2" ten="366,103,291,230" step="2"/><N who="3" m="14591" /><G41/><T42/><D42/><N who="1" m="22751" /><E99/><V77/><F77/><W100/><G100/><T40/><D40/><U17/><E17/><V67/><F67/><W131/><G131/><T123/><D123/><U55/><E55/><V132/><F132/><W5/><G64/><T11/><D121/><U58/><E58/><V18/><F18/><W35/><G65/><T24/><D59/><U126/><E126/><V84/><F84/><W20/><G54/><T117/><D56/><U10/><E3/><V62/><F62/><W14/><G61/><T127/><D27/><U6/><E6/><V32/><F32/><W130/><G35/><T2/><D120/><U87/><E87/><V111/><F111/><W71/><G130/><T63/><D127/><U94/><E7/><V129/><F129/><W51/><G5/><T29/><D63/><U78/><E78/><V114/><F114/><W76/><G76/><T12/><D2/><U75/><E33/><V109/><F109/><W112/><G112/><T37/><D24/><U113/><E26/><RYUUKYOKU ba="1,1" sc="366,-10,103,-10,291,30,230,-10" hai2="9,15,16,44,47,79,80,85,86,90,93,105,106" /><INIT seed="2,2,1,1,5,24" ten="356,93,321,220" oya="2" hai0="36,100,12,46,69,11,118,104,77,79,88,85,40" hai1="126,50,62,78,96,90,124,116,84,44,10,29,108" hai2="101,14,80,17,53,23,73,83,130,74,132,94,82" hai3="113,60,102,54,0,42,119,5,3,122,91,35,99"/><V121/><F121/><W89/><G122/><T87/><D69/><U25/><E116/><V93/><F132/><W39/><G119/><T107/><D118/><U28/><E108/><V37/><F37/><W61/><G113/><T106/><D100/><U92/><E62/><V38/><F38/><W67/><G35/><T134/><D134/><U18/><E124/><V125/><F125/><W59/><G42/><T120/><D120/><U51/><E126/><V41/><F41/><W57/><G39/><T56/><D56/><U6/><E18/><V58/><F130/><W20/><G20/><T8/><D87/><U26/><E26/><V49/><F101/><W19/><G19/><T30/><D30/><N who="1" m="11883" /><E25/><V72/><AGARI ba="2,1" hai="14,17,23,49,53,58,72,73,74,80,82,83,93,94" machi="72" ten="40,2100,0" yaku="0,1" doraHai="24" who="2" fromWho="2" sc="356,-9,93,-9,321,37,220,-9" /><INIT seed="2,3,0,0,3,2" ten="347,84,358,211" oya="2" hai0="53,81,133,19,3,90,50,18,6,113,22,4,84" hai1="57,67,110,73,85,127,24,131,65,11,1,76,83" hai2="38,43,112,17,87,109,20,34,74,75,70,23,92" hai3="95,105,123,10,91,93,29,0,52,135,54,39,59"/><V132/><F112/><W118/><G105/><T25/><D133/><U89/><E110/><V69/><F34/><W94/><G118/><T63/><D113/><U77/><E127/><V55/><F23/><W130/><G123/><T26/><D63/><U60/><E131/><V115/><F115/><W33/><G39/><T78/><D3/><U72/><E24/><N who="0" m="9321" /><D78/><U27/><E27/><V124/><F55/><W102/><G29/><T30/><D30/><U107/><E107/><V108/><F124/><W47/><G102/><T15/><D19/><U106/><E106/><V5/><F132/><W42/><G33/><T98/><D98/><U111/><E111/><N who="2" m="42571" /><F17/><W120/><G130/><T58/><AGARI ba="3,0" hai="4,6,15,18,22,50,53,58,81,84,90" m="9321" machi="58" ten="30,4000,0" yaku="8,1,52,2" doraHai="2" who="0" fromWho="0" sc="347,49,84,-13,358,-23,211,-13" /><INIT seed="3,0,0,3,2,69" ten="396,71,335,198" oya="3" hai0="65,19,40,15,33,88,110,122,133,63,60,109,52" hai1="24,91,35,93,41,55,104,131,61,124,29,117,76" hai2="47,30,6,17,84,7,36,116,64,70,48,3,26" hai3="107,25,49,43,121,51,98,11,45,130,96,94,101"/><W125/><G121/><T113/><D122/><U97/><E124/><V39/><F116/><W129/><G125/><T86/><D33/><U4/><E131/><V8/><F7/><W118/><G118/><T21/><D133/><U5/><E117/><V37/><F17/><W83/><G83/><T126/><D126/><U95/><E104/><V50/><F84/><W31/><G11/><T68/><D40/><U132/><E132/><V53/><F50/><W12/><G12/><T127/><D113/><U74/><E74/><V27/><REACH who="2" step="1"/><F30/><REACH who="2" ten="396,71,325,198" step="2"/><W119/><G49/><T10/><D127/><U32/><E76/><V120/><F120/><W106/><G106/><T112/><D112/><U20/><E41/><V105/><F105/><W23/><G119/><T58/><REACH who="0" step="1"/><D10/><REACH who="0" ten="386,71,325,198" step="2"/><U80/><E32/><V22/><F22/><W42/><G42/><T89/><D89/><U135/><E35/><V57/><F57/><W59/><G59/><T111/><D111/><U72/><E135/><V85/><F85/><W73/><G73/><T77/><D77/><U75/><E75/><V34/><F34/><W1/><G1/><T128/><D128/><U87/><E72/><V18/><F18/><W108/><G108/><T62/><D62/><AGARI ba="0,2" hai="3,6,8,26,27,36,37,39,47,48,53,62,64,70" machi="62" ten="40,8000,1" yaku="1,1,52,3,53,0" doraHai="69" doraHaiUra="16" who="2" fromWho="0" sc="386,-80,71,0,325,100,198,0" owari="306,10.6,71,-42.9,425,52.5,198,-20.2" /></mjloggm>