<mjloggm ver="2.3"><GO type="225" lobby="0"/><UN n0="%E7%AD%89%E3%80%85%E5%8A%9B%E5%8A%87%E5%A0%B4" n1="%31%38%63%6D%E7%AB%8B%E7%9B%B4%E6%A3%92" n2="%6B%65%6E%6E%64%69" n3="%E9%B3%B3%E6%9D%B1%E3%81%AE%E3%81%86%E3%81%95%E3%81%8E%E3%81%95%E3%82%93" dan="16,16,16,17" rate="2136.70,2096.96,2146.74,2251.15" sx="M,M,M,M"/><TAIKYOKU oya="0"/><INIT seed="0,0,0,2,0,39" ten="250,250,250,250" oya="0" hai0="112,104,45,1,25,52,101,79,130,115,21,133,27" hai1="126,134,90,88,129,87,3,86,0,41,32,46,2" hai2="15,67,116,109,14,51,20,111,92,106,78,59,30" hai3="128,61,117,50,38,89,48,60,124,127,10,98,68"/><T19/><D1/><U43/><E126/><N who="3" m="48170" /><G10/><T47/><D133/><U55/><E134/><V56/><F106/><W64/><G89/><N who="1" m="34410" /><E55/><N who="2" m="31871" /><F116/><W77/><G77/><T110/><D130/><U122/><E129/><V11/><F92/><W84/><G84/><N who="1" m="32298" /><E46/><V69/><F69/><N who="3" m="42119" /><G98/><T13/><D110/><N who="2" m="41994" /><F78/><W23/><G128/><T8/><D79/><U57/><E57/><V121/><F121/><W5/><G117/><T65/><D45/><U72/><E122/><V85/><F85/><W40/><G23/><T108/><D21/><U103/><E32/><V135/><F11/><W123/><G5/><T113/><D108/><U63/><E63/><N who="2" m="38399" /><F135/><W37/><G123/><T26/><D8/><U35/><E35/><V80/><F80/><W100/><G100/><T95/><D101/><U97/><E72/><V96/><F96/><W42/><G68/><T99/><D99/><U71/><E71/><V6/><F6/><W31/><G61/><T107/><D115/><U66/><E97/><V83/><F83/><W114/><G114/><T131/><D113/><U62/><E103/><V94/><F94/><W4/><G4/><T16/><D95/><U24/><E24/><AGARI ba="0,0" hai="14,15,20,24,30" m="38399,41994,31871" machi="24" ten="30,1000,0" yaku="14,1" doraHai="39" who="2" fromWho="1" sc="250,0,250,-10,250,10,250,0" /><INIT seed="1,0,0,5,1,37" ten="250,240,260,250" oya="1" hai0="123,87,120,43,106,32,33,2,135,132,104,29,84" hai1="125,126,77,1,127,27,49,113,46,44,122,102,14" hai2="121,54,13,94,76,90,4,130,117,38,42,75,107" hai3="24,129,85,99,110,28,56,68,35,86,9,78,82"/><U128/><E122/><V98/><F117/><W65/><G110/><T105/><D2/><U11/><E113/><V52/><F121/><N who="0" m="46666" /><D29/><U115/><E1/><V8/><F130/><W134/><G129/><T133/><D43/><N who="1" m="24735" /><E128/><V15/><F107/><W97/><G134/><T0/><D0/><U18/><E115/><V7/><F75/><W67/><G68/><T74/><D74/><U41/><E27/><V3/><F76/><W21/><G35/><AGARI ba="0,0" hai="32,33,35,84,87,104,105,106,132,133,135" m="46666" machi="35" ten="50,8000,1" yaku="28,2,20,1,13,1" doraHai="37" who="0" fromWho="3" sc="250,80,240,0,260,0,250,-80" /><INIT seed="2,0,0,2,2,101" ten="330,240,260,170" oya="2" hai0="32,76,46,25,79,71,24,52,112,22,26,119,35" hai1="47,23,0,20,113,53,17,68,97,88,102,74,28" hai2="38,57,3,15,77,36,29,30,89,123,44,62,94" hai3="115,130,34,126,117,49,27,116,108,121,103,122,63"/><V87/><F123/><W98/><G49/><T7/><D112/><U70/><E113/><V106/><F3/><W43/><G43/><T65/><D119/><N who="3" m="45641" /><G63/><T19/><D7/><U81/><E0/><V131/><F131/><W118/><N who="3" m="45649" /><W55/><DORA hai="12" /><G55/><T50/><D35/><U10/><E10/><V8/><F106/><N who="3" m="63863" /><G115/><T107/><D107/><U96/><E53/><V92/><F77/><N who="0" m="29770" /><D71/><U127/><E47/><V84/><F44/><W31/><G130/><T78/><D32/><U40/><E40/><V99/><F38/><W100/><G100/><T42/><D65/><U83/><E102/><N who="2" m="60775" /><F36/><W66/><G66/><T75/><D42/><U33/><E33/><V1/><F1/><W45/><G45/><T60/><D46/><U6/><E6/><N who="2" m="3479" /><F84/><W5/><G5/><T85/><D85/><U133/><E74/><V124/><F124/><W58/><G126/><T125/><D125/><U67/><E127/><V111/><F111/><W41/><G41/><T72/><D72/><U135/><E28/><V4/><F4/><W82/><G108/><T54/><D75/><U59/><E68/><V109/><F109/><W105/><G105/><T73/><D73/><U132/><E70/><V16/><F16/><W95/><G122/><T93/><D19/><U91/><E132/><V11/><F11/><W14/><G121/><T86/><D25/><U120/><E120/><V13/><F13/><W114/><G14/><T128/><D26/><U51/><E17/><V48/><F48/><W61/><G114/><T18/><D128/><U56/><E51/><V90/><F90/><RYUUKYOKU ba="0,0" sc="330,-15,240,15,260,15,170,-15" hai1="20,23,56,59,67,81,83,88,91,96,97,133,135" hai2="29,30,57,62,87,89,94" /><INIT seed="2,1,0,0,0,75" ten="315,255,275,155" oya="2" hai0="50,38,30,20,61,88,8,99,19,129,59,26,133" hai1="90,40,93,57,11,13,36,78,77,103,22,123,84" hai2="56,131,17,91,108,10,43,60,42,106,44,5,41" hai3="89,94,97,58,119,15,1,25,35,125,39,71,92"/><V33/><F33/><W85/><G119/><T46/><D133/><U3/><E3/><V134/><F134/><W70/><G125/><T120/><D120/><U111/><E111/><V121/><F121/><W72/><G1/><T12/><D129/><U48/><E36/><V101/><F131/><W74/><G39/><T54/><D38/><U65/><E123/><V105/><F108/><W87/><G58/><T24/><D24/><U63/><E22/><V53/><F17/><W49/><G49/><T132/><D132/><U100/><E40/><V52/><F101/><N who="1" m="38985" /><E48/><V107/><F91/><W95/><G70/><T16/><D46/><U80/><E80/><V34/><F34/><W28/><G71/><T0/><D0/><U62/><E63/><V73/><F73/><W81/><G97/><T104/><D104/><U110/><E110/><V114/><F114/><W82/><REACH who="3" step="1"/><G15/><REACH who="3" ten="315,255,275,145" step="2"/><T118/><D118/><U69/><E69/><V128/><F128/><W37/><G37/><T14/><D50/><U18/><AGARI ba="1,1" hai="11,13,18,57,62,65,77,78,84,90,93" m="38985" machi="18" ten="30,4000,0" yaku="8,1,52,2" doraHai="75" who="1" fromWho="1" sc="315,-11,255,53,275,-21,145,-11" /><INIT seed="3,0,0,0,1,83" ten="304,308,254,134" oya="3" hai0="95,70,129,17,48,18,101,22,85,4,108,16,56" hai1="110,64,130,135,128,26,28,68,31,54,121,41,124" hai2="19,84,88,53,24,10,69,75,29,67,105,79,127" hai3="109,9,118,100,57,86,94,134,90,1,123,2,32"/><W13/><G134/><T97/><D70/><U104/><E121/><V21/><F127/><W23/><G118/><T61/><D108/><U107/><E110/><V98/><F75/><W43/><G32/><T49/><D129/><N who="1" m="49771" /><E124/><V132/><F132/><W80/><G123/><T38/><D38/><U112/><E135/><V51/><F69/><W116/><G116/><T99/><D4/><U60/><E112/><V120/><F67/><W7/><G109/><T65/><D99/><U59/><E41/><V27/><F79/><W91/><G100/><T3/><D3/><U126/><E126/><V113/><F113/><W117/><G117/><T6/><D6/><U12/><E12/><N who="2" m="7575" /><F105/><N who="1" m="40521" /><E26/><N who="2" m="16591" /><F98/><W77/><G43/><T62/><D62/><AGARI ba="0,0" hai="28,31,54,59,60,62,64,68" m="40521,49771" machi="62" ten="30,1000,0" yaku="19,1" doraHai="83" who="1" fromWho="0" sc="304,-10,308,10,254,0,134,0" owari="294,9.4,318,41.8,254,-14.6,134,-36.6" /></mjloggm>