<mjloggm ver="2.3"><GO type="225" lobby="0"/><UN n0="%E3%81%BF%E3%81%BF%E3%81%9A" n1="%48%61%61%61%6C%61%6E%64" n2="%E4%BF%BA%E3%81%A8%E5%A6%96%E5%A4%A2" n3="%72%69%6F%75%63%68%61%6E" dan="18,18,17,17" rate="2243.94,2182.22,2178.72,2201.14" sx="M,M,F,M"/><TAIKYOKU oya="0"/><INIT seed="0,0,0,1,4,118" ten="250,250,250,250" oya="0" hai0="30,122,98,101,109,39,134,131,26,79,112,29,64" hai1="69,70,66,125,36,60,135,96,73,120,58,59,94" hai2="18,77,37,32,2,121,113,51,72,92,47,33,43" hai3="83,78,110,11,74,45,75,0,55,9,12,3,10"/><T86/><D39/><U14/><E125/><V128/><F128/><W126/><G110/><T63/><D112/><U97/><E135/><V20/><F2/><W88/><G126/><T107/><D131/><U68/><E73/><V49/><F113/><W1/><G75/><T105/><D134/><U28/><E36/><V5/><F5/><W130/><G130/><T31/><D109/><U123/><E28/><V102/><F77/><W24/><G24/><T44/><D44/><U80/><E80/><V48/><F72/><W23/><G23/><T38/><D38/><U93/><E14/><V76/><F76/><W21/><G21/><T56/><D122/><U13/><E13/><V7/><F7/><W124/><G124/><T52/><D107/><U90/><REACH who="1" step="1"/><E59/><REACH who="1" ten="250,240,250,250" step="2"/><V67/><F37/><W8/><G12/><T40/><D26/><U35/><E35/><V133/><F33/><W53/><N who="3" m="2048" /><DORA hai="85" /><W71/><G71/><T117/><D117/><U116/><E116/><V17/><F32/><W27/><G27/><T4/><D4/><U46/><E46/><V34/><F34/><W42/><G45/><T61/><D40/><U100/><AGARI ba="0,1" hai="58,60,66,68,69,70,90,93,94,96,97,100,120,123" machi="100" ten="30,8000,1" yaku="1,1,0,1,52,3,53,0" doraHai="118,85" doraHaiUra="19,6" who="1" fromWho="1" sc="250,-40,240,90,250,-20,250,-20" /><INIT seed="1,0,0,0,3,9" ten="210,330,230,230" oya="1" hai0="48,83,125,95,34,20,65,76,90,106,0,22,1" hai1="74,64,16,47,62,8,112,18,94,61,39,50,98" hai2="97,58,72,85,35,87,15,49,60,5,103,13,30" hai3="14,86,121,38,19,77,113,89,79,119,104,46,32"/><U91/><E112/><V100/><F72/><W4/><G121/><T31/><D106/><U81/><E39/><V36/><F36/><W2/><G113/><T11/><D34/><U127/><E127/><V27/><F49/><W128/><G128/><T126/><D65/><U131/><E131/><V135/><F135/><W12/><G119/><T44/><D31/><U134/><E134/><V84/><F5/><W45/><G32/><T57/><D57/><U43/><E61/><V63/><F63/><W122/><G104/><T24/><D20/><U78/><REACH who="1" step="1"/><E8/><REACH who="1" ten="210,320,230,230" step="2"/><V28/><F28/><W108/><G38/><T53/><D11/><U93/><E93/><V59/><F103/><W17/><G122/><T105/><D105/><U88/><E88/><V92/><REACH who="2" step="1"/><F59/><AGARI ba="0,1" hai="16,18,43,47,50,59,62,64,74,78,81,91,94,98" machi="59" ten="30,11600,0" yaku="1,1,7,1,54,1,53,1" doraHai="9" doraHaiUra="107" who="1" fromWho="2" sc="210,0,320,126,230,-116,230,0" /><INIT seed="1,1,0,0,2,126" ten="210,446,114,230" oya="1" hai0="56,93,71,94,72,83,109,113,42,82,39,79,57" hai1="128,17,58,122,77,44,60,69,120,134,129,68,24" hai2="51,117,99,2,87,70,119,110,73,9,0,66,108" hai3="35,52,75,11,116,130,131,33,29,15,64,47,6"/><U81/><E134/><V61/><F87/><W36/><G116/><N who="2" m="44617" /><F51/><N who="3" m="28799" /><G75/><T34/><D113/><U123/><E44/><V74/><F99/><W85/><G36/><T59/><D34/><U103/><E103/><V54/><F54/><W31/><G64/><T7/><D109/><N who="2" m="42090" /><F9/><W78/><G33/><T21/><D71/><U101/><E101/><V80/><F80/><N who="3" m="47255" /><G35/><T65/><D83/><U112/><E68/><V114/><F114/><W53/><G53/><T37/><D65/><U84/><E69/><V135/><F135/><W4/><G4/><T25/><D7/><U95/><E112/><V106/><F106/><W18/><G6/><T3/><D42/><U121/><E121/><V124/><F124/><W1/><G1/><AGARI ba="1,0" hai="0,1,2,61,66,70,73,74" m="42090,44617" machi="1" ten="40,2600,0" yaku="14,1,23,1" doraHai="126" who="2" fromWho="3" sc="210,0,446,0,114,29,230,-29" /><INIT seed="2,0,0,2,3,23" ten="210,446,143,201" oya="2" hai0="42,80,107,125,22,105,95,36,133,98,50,68,37" hai1="32,56,106,99,109,74,38,115,3,10,62,116,65" hai2="53,103,132,129,39,111,96,17,78,16,7,75,31" hai3="34,79,58,90,11,12,100,57,35,40,84,131,73"/><V64/><F39/><W63/><G131/><T15/><D68/><U48/><E109/><V120/><F120/><W69/><G100/><T44/><D125/><U45/><E115/><V6/><F129/><W117/><G117/><T27/><D133/><U119/><E74/><V135/><F64/><W118/><G118/><T110/><D110/><U130/><E38/><V61/><F111/><W97/><G97/><T14/><D36/><U19/><E32/><V71/><F31/><W77/><G69/><T5/><D37/><U2/><E130/><V122/><F122/><W87/><G73/><T25/><D80/><U134/><E134/><N who="2" m="51243" /><F71/><W0/><G0/><T46/><D46/><U89/><E65/><V86/><F75/><W92/><G40/><T81/><D81/><U43/><E116/><V72/><F86/><N who="3" m="32811" /><G34/><T94/><D107/><U20/><E106/><N who="2" m="63847" /><F78/><N who="3" m="29707" /><G35/><T91/><D105/><U113/><E119/><V55/><F72/><W123/><G123/><T49/><D49/><U29/><E99/><V33/><F33/><W30/><G30/><T51/><D51/><U4/><E29/><V24/><F17/><N who="3" m="8351" /><G63/><T18/><D95/><U114/><E114/><V127/><F127/><W76/><N who="3" m="29715" /><W8/><DORA hai="1" /><G92/><T82/><D82/><U83/><E83/><V60/><F60/><W85/><N who="3" m="32819" /><W93/><DORA hai="54" /><G93/><T66/><D66/><U21/><E113/><V52/><F61/><W121/><G121/><T41/><D41/><U47/><E62/><V67/><F67/><W28/><G90/><T9/><AGARI ba="0,0" hai="5,9,14,15,18,22,25,27,42,44,50,91,94,98" machi="9" ten="30,8000,1" yaku="0,1,8,1,52,3" doraHai="23,1,54" who="0" fromWho="0" sc="210,80,446,-20,143,-40,201,-20" /><INIT seed="3,0,0,0,1,109" ten="290,426,103,181" oya="3" hai0="54,8,71,74,43,113,56,68,133,34,115,12,121" hai1="28,72,20,112,111,0,91,93,59,45,49,126,15" hai2="35,120,22,53,83,131,107,32,80,114,86,39,98" hai3="102,44,130,70,90,50,9,106,64,47,19,117,55"/><W38/><G117/><T103/><D121/><U134/><E112/><N who="0" m="43081" /><D133/><U52/><E0/><V48/><F114/><W104/><G102/><T123/><D123/><U6/><E72/><V67/><F120/><W89/><G130/><T29/><D74/><U7/><E126/><V125/><F125/><W69/><G64/><T58/><D43/><U122/><E111/><V60/><F39/><W95/><G89/><T97/><D29/><U99/><E134/><V23/><F131/><W63/><G63/><N who="0" m="36247" /><D34/><U105/><E28/><V5/><F35/><W40/><G69/><T132/><D132/><U16/><E122/><V3/><F32/><W84/><G70/><T110/><D110/><U11/><E105/><V116/><F116/><W101/><G101/><T17/><D58/><U51/><E59/><V42/><F42/><W77/><G77/><T78/><D78/><U1/><E45/><V26/><F107/><W100/><G100/><T124/><D124/><U27/><E52/><V66/><F60/><W62/><G62/><T61/><D61/><U25/><E51/><V127/><F127/><W4/><G19/><T92/><AGARI ba="0,0" hai="8,12,17,68,71,92,97,103" m="36247,43081" machi="92" ten="30,7900,0" yaku="11,1,52,3" doraHai="109" who="0" fromWho="0" sc="290,79,426,-20,103,-20,181,-39" owari="369,16.9,406,50.6,83,-41.7,142,-25.8" /></mjloggm>