<mjloggm ver="2.3"><GO type="225" lobby="0"/><UN n0="%E3%80%90%E3%83%88%E3%83%AA%E3%83%A5%E3%83%95%E3%80%91" n1="%E7%AB%8B%E8%8A%B1%E9%9F%BF" n2="%E3%82%B7%E3%83%A5%E3%83%9E%E3%82%A4%E3%82%B1%E3%83%AB" n3="%E7%89%B9%E6%9D%B1%E5%96%B0%E8%B5%A4%E9%80%9F" dan="16,17,16,16" rate="2076.14,2174.08,2140.27,2066.89" sx="M,F,M,M"/><TAIKYOKU oya="0"/><INIT seed="0,0,0,2,5,84" ten="250,250,250,250" oya="0" hai0="83,110,15,47,37,63,76,64,94,9,72,27,73" hai1="50,131,91,4,133,112,21,120,95,111,53,17,124" hai2="128,104,58,126,33,116,96,109,13,54,127,6,108" hai3="28,103,93,10,55,5,20,49,82,43,70,19,61"/><T25/><D72/><U97/><E120/><V74/><F74/><W98/><G43/><T119/><D119/><U101/><E111/><N who="2" m="42571" /><F33/><W135/><G135/><T86/><D110/><U26/><E131/><V35/><F35/><W92/><G28/><T123/><D123/><U48/><E124/><N who="2" m="47659" /><F128/><W90/><G82/><T79/><D79/><U36/><E36/><V7/><F116/><W130/><G130/><T40/><D94/><U52/><E112/><V100/><F13/><W113/><G113/><T41/><D41/><U29/><E133/><V78/><F78/><W60/><G70/><T85/><D25/><U57/><E4/><V89/><F89/><W46/><G10/><T129/><D27/><U14/><E101/><V23/><F23/><W75/><G5/><T3/><D3/><U67/><E67/><V106/><F106/><W118/><G75/><T65/><D129/><U38/><E38/><V45/><F45/><W16/><G19/><T102/><D65/><U30/><E14/><V18/><F18/><W24/><G118/><T2/><D102/><U105/><E105/><V68/><F68/><W134/><G134/><T11/><D11/><U107/><E107/><V34/><F34/><W42/><G42/><T117/><D117/><U44/><AGARI ba="0,0" hai="17,21,26,29,30,44,48,50,52,53,57,91,95,97" machi="44" ten="20,8000,1" yaku="0,1,7,1,8,1,52,1,54,1" doraHai="84" who="1" fromWho="1" sc="250,-40,250,80,250,-20,250,-20" /><INIT seed="1,0,0,1,0,11" ten="210,330,230,230" oya="1" hai0="103,41,60,20,66,78,116,129,24,119,114,77,117" hai1="22,52,89,28,100,17,86,96,46,104,10,15,134" hai2="125,40,121,67,31,51,6,113,72,7,115,5,8" hai3="1,84,27,97,45,56,35,3,65,38,54,4,61"/><U26/><E134/><V94/><F72/><W95/><G84/><T49/><D114/><N who="2" m="43530" /><F121/><W124/><G124/><T92/><D129/><U81/><E46/><N who="2" m="26055" /><F125/><W76/><G76/><T133/><D133/><U126/><E126/><V91/><F67/><W127/><G127/><T25/><D25/><U83/><REACH who="1" step="1"/><E52/><REACH who="1" ten="210,320,230,230" step="2"/><V68/><F68/><W107/><G54/><T64/><D119/><U122/><E122/><V120/><F120/><W16/><G45/><N who="0" m="25775" /><D66/><U36/><E36/><V102/><F31/><W9/><G38/><T44/><D44/><U93/><AGARI ba="0,1" hai="10,15,17,22,26,28,81,83,86,89,93,96,100,104" machi="93" ten="20,7800,0" yaku="1,1,0,1,7,1,52,1,53,0" doraHai="11" doraHaiUra="108" who="1" fromWho="1" sc="210,-26,320,88,230,-26,230,-26" /><INIT seed="1,1,0,1,1,35" ten="184,408,204,204" oya="1" hai0="10,102,27,58,104,52,5,107,129,115,9,99,95" hai1="120,3,54,81,28,108,110,17,25,1,37,106,69" hai2="83,61,133,24,19,124,65,39,11,38,13,92,55" hai3="85,16,66,132,72,60,80,47,21,100,32,40,31"/><U94/><E106/><V78/><F124/><W7/><G132/><T22/><D115/><U127/><E120/><V43/><F133/><W130/><G130/><T97/><D129/><U4/><E127/><V119/><F119/><W105/><G72/><T112/><D112/><U114/><E114/><V125/><F125/><W109/><G109/><N who="1" m="42090" /><E4/><V44/><F55/><W48/><G7/><T91/><D107/><U131/><E17/><V49/><F24/><W98/><G32/><T57/><D57/><U123/><E123/><V51/><F92/><W111/><G31/><T103/><D91/><U46/><E131/><V121/><F39/><W128/><G128/><T34/><D34/><N who="1" m="20751" /><E69/><V15/><F15/><W117/><G117/><T96/><D5/><U84/><E94/><V36/><F36/><W20/><G16/><N who="0" m="12743" /><D104/><U29/><E29/><V30/><F30/><W53/><G111/><T68/><D68/><U45/><E54/><V73/><REACH who="2" step="1"/><F121/><REACH who="2" ten="184,408,194,204" step="2"/><W126/><G53/><T62/><D95/><U63/><E63/><V75/><F75/><W64/><G126/><T71/><D71/><AGARI ba="1,1" hai="11,13,19,38,43,44,49,51,61,65,71,73,78,83" machi="71" ten="30,2000,0" yaku="1,1,7,1,53,0" doraHai="35" doraHaiUra="23" who="2" fromWho="0" sc="184,-23,408,0,194,33,204,0" /><INIT seed="2,0,0,0,4,84" ten="161,408,227,204" oya="2" hai0="79,119,23,75,41,85,102,78,80,87,46,24,123" hai1="58,95,29,99,101,81,96,18,5,83,71,60,118" hai2="42,53,14,11,16,4,64,109,0,30,88,103,63" hai3="94,104,35,51,120,32,73,52,38,57,122,117,36"/><V54/><F103/><W134/><G104/><T107/><D123/><U97/><E71/><V129/><F42/><W61/><G117/><T65/><D119/><U86/><E118/><V66/><F30/><W111/><G73/><T47/><D65/><U115/><E5/><V108/><F129/><W50/><G111/><N who="2" m="42569" /><F66/><W22/><G134/><T91/><D75/><U2/><E2/><V56/><F88/><W98/><G36/><T68/><D68/><U72/><E101/><V114/><F114/><W124/><G38/><T67/><D67/><U112/><E29/><V93/><F93/><W106/><G94/><N who="0" m="54639" /><D107/><U6/><E95/><V19/><F19/><W76/><G106/><T127/><D102/><U8/><E18/><V49/><F49/><W28/><G50/><N who="0" m="26959" /><D127/><U1/><E112/><V110/><N who="2" m="42577" /><V131/><DORA hai="9" /><F131/><W55/><G124/><T44/><D78/><U128/><E115/><V45/><F45/><N who="3" m="27759" /><G76/><T70/><D70/><U90/><E128/><V126/><F126/><W26/><G98/><T37/><D37/><U17/><E99/><V69/><F69/><W25/><G120/><T92/><D92/><U15/><E97/><V21/><AGARI ba="0,0" hai="0,4,11,14,16,21,53,54,56,63,64" m="42577" machi="21" ten="40,12000,1" yaku="14,1,10,1,52,1,54,1" doraHai="84,9" who="2" fromWho="2" sc="161,-40,408,-40,227,120,204,-40" /><INIT seed="2,1,0,4,1,108" ten="121,368,347,164" oya="2" hai0="31,116,118,28,100,8,105,114,66,101,23,111,112" hai1="11,80,131,89,42,26,5,32,90,61,16,64,53" hai2="107,85,46,13,121,20,52,65,71,82,17,68,92" hai3="12,104,40,81,47,128,78,70,72,79,22,45,93"/><V94/><F107/><W39/><G104/><T51/><D105/><U14/><E131/><V10/><F121/><W2/><G70/><T83/><D111/><U130/><E130/><V120/><F120/><W77/><G128/><T123/><D123/><U87/><E42/><V103/><F65/><W15/><G45/><T6/><D66/><U9/><E53/><V19/><F71/><W132/><G132/><T95/><D83/><U69/><E32/><V24/><F103/><N who="0" m="39498" /><D51/><U91/><REACH who="1" step="1"/><E26/><REACH who="1" ten="121,358,347,164" step="2"/><V55/><F55/><W36/><G40/><T67/><D67/><U115/><E115/><N who="0" m="44073" /><D95/><U74/><E74/><V98/><F92/><W35/><G93/><T37/><D37/><U57/><E57/><V109/><F109/><W75/><G36/><T135/><D135/><U86/><E86/><V44/><F68/><W110/><G110/><T25/><D25/><U50/><E50/><V113/><F113/><W29/><G39/><T63/><D63/><U119/><E119/><N who="0" m="45609" /><D23/><U122/><E122/><V58/><F94/><W33/><G22/><T1/><AGARI ba="1,1" hai="1,6,8,28,31" m="45609,44073,39498" machi="1" ten="40,8000,1" yaku="12,1,52,3" doraHai="108" who="0" fromWho="0" sc="121,93,358,-21,347,-41,164,-21" /><INIT seed="3,0,0,1,0,35" ten="214,337,306,143" oya="3" hai0="40,9,132,36,107,85,82,16,86,80,88,122,78" hai1="79,58,38,74,133,55,25,57,87,119,129,3,33" hai2="116,99,21,23,89,103,13,53,130,83,101,56,76" hai3="135,117,75,0,10,8,52,121,71,110,32,94,93"/><W124/><RYUUKYOKU type="yao9" ba="0,0" sc="214,0,337,0,306,0,143,0" hai3="0,8,10,32,52,71,75,93,94,110,117,121,124,135" /><INIT seed="3,1,0,0,0,8" ten="214,337,306,143" oya="3" hai0="115,48,85,127,111,57,51,112,83,94,21,129,37" hai1="96,120,58,116,50,39,42,122,101,87,89,132,79" hai2="86,119,117,70,18,78,36,46,32,118,15,68,84" hai3="0,24,14,97,41,3,61,30,31,113,73,95,105"/><W43/><G113/><N who="0" m="43595" /><D37/><U55/><E79/><V103/><F32/><W90/><G73/><T81/><D111/><U45/><E132/><V125/><F103/><W69/><G0/><T19/><D129/><U104/><E116/><V82/><F125/><W71/><G3/><T38/><D38/><U47/><E47/><V65/><F65/><N who="3" m="41135" /><G71/><T76/><D127/><U128/><E128/><V20/><REACH who="2" step="1"/><F84/><REACH who="2" ten="214,337,296,143" step="2"/><N who="3" m="52679" /><G30/><T10/><D85/><U29/><E29/><V110/><F110/><W40/><G40/><AGARI ba="1,1" hai="15,18,20,36,40,46,68,70,78,82,86,117,118,119" machi="40" ten="40,2600,0" yaku="1,1,52,1,53,0" doraHai="8" doraHaiUra="56" who="2" fromWho="3" sc="214,0,337,0,296,39,143,-29" owari="214,-18.6,337,43.7,335,13.5,114,-38.6" /></mjloggm>