<mjloggm ver="2.3"><GO type="225" lobby="0"/><UN n0="%E3%81%A1%E3%82%85%E3%81%86%E3%81%A9%E3%81%8F%E8%B1%A1%E3%81%95%E3%82%93" n1="%72%61%6B%33" n2="%E3%83%A1%E3%82%AC%E3%83%87%E3%82%B8" n3="%E7%9C%9F%E4%B8%80" dan="17,16,16,16" rate="2173.73,2213.31,2118.31,2179.75" sx="M,M,F,M"/><TAIKYOKU oya="0"/><INIT seed="0,0,0,4,4,71" ten="250,250,250,250" oya="0" hai0="61,6,109,59,18,98,44,127,99,73,105,0,103" hai1="113,22,54,7,21,46,117,134,135,92,83,74,13" hai2="121,41,28,87,85,90,68,39,116,15,49,84,43" hai3="69,29,31,115,52,79,17,42,86,133,10,75,35"/><T5/><D73/><U20/><E117/><V38/><F121/><W96/><G75/><T25/><D127/><U101/><E113/><V110/><F68/><W70/><G115/><T65/><D109/><U93/><E7/><V112/><F112/><W11/><G42/><T78/><D0/><U106/><E106/><V76/><F110/><W16/><G133/><N who="1" m="50698" /><E13/><V60/><F60/><W108/><G108/><T72/><D99/><N who="1" m="59623" /><E93/><V132/><F132/><W97/><G86/><T14/><D25/><U8/><E8/><V95/><F15/><W126/><G79/><T64/><D64/><U51/><E22/><V94/><F94/><W45/><G35/><T100/><D100/><U62/><E62/><V26/><F116/><W57/><G126/><T131/><D131/><U36/><E36/><V2/><F49/><W9/><G45/><T119/><D44/><U4/><E4/><V129/><F129/><W128/><G128/><T124/><D124/><U23/><E23/><N who="2" m="15455" /><F2/><W91/><G91/><T30/><D30/><U102/><E102/><V80/><F85/><W63/><G9/><T47/><D47/><U50/><E50/><V58/><F38/><W55/><G63/><T81/><REACH who="0" step="1"/><D119/><REACH who="0" ten="240,250,250,250" step="2"/><U24/><E24/><V33/><F33/><W77/><G57/><T120/><D120/><U1/><E1/><V56/><F39/><W89/><G77/><AGARI ba="0,1" hai="20,21,46,51,54,74,77,83" m="59623,50698" machi="77" ten="30,1000,0" yaku="20,1" doraHai="71" who="1" fromWho="3" sc="240,0,250,20,250,0,250,-10" /><INIT seed="1,0,0,3,2,50" ten="240,270,250,240" oya="1" hai0="89,3,103,12,65,128,53,59,117,67,83,29,92" hai1="37,58,77,14,106,28,88,32,4,7,34,10,101" hai2="55,69,27,97,66,25,120,33,20,131,0,30,112" hai3="116,62,60,61,41,98,84,64,80,49,26,109,44"/><U130/><E37/><V9/><F120/><W19/><G109/><T35/><D117/><U63/><E130/><V90/><F131/><W18/><G116/><T70/><D128/><U127/><E127/><V24/><F112/><W133/><G133/><T107/><D3/><U75/><E4/><V36/><F36/><W6/><G64/><T51/><D70/><U16/><E28/><V94/><F66/><W73/><G73/><T134/><D134/><U71/><E71/><V132/><F69/><W119/><G119/><T23/><D35/><U13/><E88/><V79/><F132/><W93/><G26/><T46/><D107/><U113/><E113/><V11/><F79/><N who="3" m="46111" /><G6/><T108/><D103/><AGARI ba="0,0" hai="18,19,41,44,49,60,61,62,93,98,103" m="46111" machi="103" ten="30,1000,0" yaku="8,1" doraHai="50" who="3" fromWho="0" sc="240,-10,270,0,250,0,240,10" /><INIT seed="2,0,0,3,1,7" ten="230,270,250,250" oya="2" hai0="102,96,18,104,115,111,51,83,134,40,78,44,37" hai1="101,108,20,69,24,126,61,99,87,79,80,1,120" hai2="91,15,105,74,35,132,84,67,97,63,58,82,21" hai3="112,5,48,90,42,6,30,27,4,29,11,41,122"/><V13/><F35/><W62/><G122/><T135/><D115/><U23/><E1/><V124/><F132/><W107/><G112/><T72/><D111/><U86/><E108/><V133/><F133/><N who="0" m="50698" /><D18/><U2/><E2/><V128/><F128/><W39/><G39/><AGARI ba="0,0" hai="37,39,40,44,51,72,78,83,96,102,104" m="50698" machi="39" ten="30,1000,0" yaku="20,1" doraHai="7" who="0" fromWho="3" sc="230,10,270,0,250,0,250,-10" /><INIT seed="3,0,0,0,1,11" ten="240,270,250,240" oya="3" hai0="39,121,59,58,86,126,41,50,72,84,4,92,124" hai1="96,52,27,95,118,97,7,120,101,91,53,104,94" hai2="69,119,85,70,23,33,51,80,66,132,113,22,112" hai3="102,82,46,8,29,36,6,88,32,127,128,26,45"/><W34/><G128/><T0/><D121/><U3/><E120/><V1/><F119/><W74/><G127/><N who="0" m="48683" /><D72/><U61/><E118/><V93/><F33/><W49/><G102/><T106/><D106/><U75/><E75/><V77/><F1/><W28/><G36/><T78/><D39/><U55/><E3/><V107/><F107/><W16/><G16/><T115/><D115/><U62/><E7/><V57/><F132/><W81/><G74/><T20/><D20/><U105/><E105/><V10/><F10/><W60/><G60/><T111/><D111/><U123/><E123/><V47/><F22/><W67/><G67/><T37/><D37/><U54/><N who="1" m="13312" /><DORA hai="129" /><U64/><E64/><V87/><F23/><W2/><G49/><T122/><D122/><U35/><REACH who="1" step="1"/><E104/><REACH who="1" ten="240,260,250,240" step="2"/><V114/><F66/><W12/><G2/><T110/><D4/><U42/><E42/><V131/><F131/><W24/><G88/><N who="0" m="53255" /><D0/><U135/><E135/><V13/><F113/><W19/><G19/><T125/><D125/><U5/><E5/><V133/><F133/><W15/><G15/><T21/><D41/><U68/><E68/><N who="2" m="26219" /><F13/><W89/><G89/><T31/><D58/><U116/><E116/><V108/><F57/><W40/><G40/><T83/><D59/><U14/><E14/><V44/><F112/><W9/><G9/><T98/><D110/><U76/><E76/><V100/><F108/><W99/><G99/><T56/><D98/><U90/><E90/><N who="2" m="53471" /><F114/><W17/><G6/><T71/><D71/><U38/><E38/><V63/><F77/><W48/><G48/><RYUUKYOKU ba="0,1" sc="240,-15,260,15,250,-15,240,15" hai1="27,35,61,62,91,94,95,96,97,101" hai3="8,12,17,24,26,28,29,32,34,45,46,81,82" /><INIT seed="3,1,1,5,3,110" ten="225,275,235,255" oya="3" hai0="93,87,50,102,24,59,5,128,113,63,126,107,36" hai1="21,22,23,117,88,64,47,90,125,85,77,4,118" hai2="43,75,103,133,53,6,54,17,89,1,9,121,122" hai3="65,8,3,96,44,123,46,35,78,116,112,127,51"/><W66/><G116/><N who="1" m="44650" /><E125/><V129/><F129/><W100/><G112/><T18/><D36/><U33/><E33/><V30/><F133/><W84/><G123/><N who="2" m="47113" /><F75/><W34/><G127/><T119/><D126/><U124/><E124/><V41/><F103/><W135/><G135/><T52/><D119/><U73/><E73/><V108/><F30/><W109/><G109/><T0/><D128/><U70/><E4/><V27/><F89/><N who="1" m="34409" /><E47/><V38/><F108/><W92/><G34/><T74/><D74/><U67/><E70/><V25/><F38/><W120/><G35/><T32/><D113/><U16/><E16/><V12/><F27/><W20/><G44/><T131/><D131/><U61/><E61/><V13/><F25/><W42/><G120/><T115/><D115/><U58/><E58/><V2/><F13/><W134/><G134/><T37/><D37/><U29/><E29/><V40/><F2/><W91/><G78/><T81/><D32/><U49/><E49/><V14/><F1/><W79/><G79/><N who="0" m="46527" /><D63/><U56/><E56/><V7/><F6/><W104/><G20/><AGARI ba="1,1" hai="7,9,12,14,17,20,40,41,43,53,54" m="47113" machi="20" ten="30,1000,0" yaku="13,1" doraHai="110" who="2" fromWho="3" sc="225,0,275,0,235,23,255,-13" /><INIT seed="4,0,0,2,3,4" ten="225,275,258,242" oya="0" hai0="45,93,15,3,9,50,98,108,26,67,57,113,17" hai1="53,70,22,100,54,103,86,33,49,73,0,29,88" hai2="58,94,60,14,85,62,109,63,110,40,61,72,41" hai3="23,122,28,101,91,6,52,47,27,112,21,96,116"/><T30/><D113/><U83/><E70/><V124/><F72/><W120/><G112/><T43/><D108/><U84/><E73/><V71/><F124/><W74/><G74/><T46/><D3/><U76/><E0/><V107/><F107/><W66/><G116/><T97/><D45/><U37/><E33/><V134/><F71/><W129/><G129/><T38/><D93/><U59/><E37/><V69/><F69/><W105/><G66/><T5/><D5/><U56/><E22/><V132/><F85/><W99/><G6/><T75/><D75/><U11/><E11/><V78/><F14/><W31/><G99/><T7/><D7/><U77/><E29/><V87/><F87/><W79/><G91/><T115/><D115/><U119/><E119/><V114/><F94/><W102/><G79/><N who="1" m="30282" /><E86/><V64/><F78/><W35/><G102/><T126/><D126/><U125/><E125/><V18/><F18/><W1/><G1/><T133/><D133/><N who="2" m="51306" /><F114/><W25/><G35/><T106/><D106/><U51/><AGARI ba="0,0" hai="49,51,53,54,56,59,83,84,88,100,103" m="30282" machi="51" ten="30,2000,0" yaku="8,1,54,1" doraHai="4" who="1" fromWho="1" sc="225,-10,275,20,258,-5,242,-5" /><INIT seed="5,0,0,1,2,21" ten="215,295,253,237" oya="1" hai0="54,69,100,71,122,17,123,116,58,16,45,64,79" hai1="83,13,126,81,57,124,128,37,31,97,14,101,134" hai2="56,59,70,89,67,98,63,132,102,6,112,65,94" hai3="72,18,34,9,99,78,52,15,87,95,27,135,131"/><U130/><E134/><V111/><F111/><W88/><G135/><T8/><D116/><U1/><E1/><V25/><F132/><W33/><G131/><N who="1" m="50218" /><E37/><V92/><F112/><W23/><G72/><T29/><D29/><U49/><E31/><V106/><F106/><W90/><G78/><T2/><D79/><U5/><E57/><V22/><F6/><W19/><REACH who="3" step="1"/><G52/><REACH who="3" ten="215,295,253,227" step="2"/><T105/><D45/><U76/><E76/><V93/><F67/><W117/><G117/><T73/><D73/><U55/><E126/><V104/><REACH who="2" step="1"/><F89/><REACH who="2" ten="215,295,243,227" step="2"/><W36/><G36/><T24/><D64/><U84/><E124/><V68/><F68/><W66/><G66/><T38/><D71/><U12/><E5/><V62/><F62/><W60/><G60/><T48/><D69/><U30/><E101/><V50/><F50/><W32/><G32/><T35/><D38/><U0/><E49/><V125/><F125/><W133/><G133/><T120/><D100/><U39/><E39/><V127/><F127/><W7/><G7/><T44/><D122/><U109/><E109/><V119/><F119/><W103/><G103/><T10/><D123/><U53/><E53/><V47/><F47/><W82/><AGARI ba="0,2" hai="9,15,18,19,23,27,33,34,82,87,88,90,95,99" machi="82" ten="20,8000,1" yaku="1,1,0,1,7,1,52,1,54,1,53,0" doraHai="21" doraHaiUra="43" who="3" fromWho="3" sc="215,-20,295,-40,243,-20,227,100" owari="195,-30.5,255,5.5,223,-17.7,327,42.7" /></mjloggm>