<mjloggm ver="2.3"><GO type="225" lobby="0"/><UN n0="%E5%A4%9C%E5%85%89%E5%A4%A9%E6%A5%BC" n1="%E6%A0%B9%E5%85%83%E3%81%8B%E3%82%89%E5%90%B9%E3%81%A3%E9%A3%9B%E3%81%B6" n2="%72%65%6E%6B%75%6E" n3="%77%72%77%72%77%72%77%72" dan="17,17,17,17" rate="2170.08,2172.71,2196.66,2194.10" sx="F,F,M,M"/><TAIKYOKU oya="0"/><INIT seed="0,0,0,1,5,21" ten="250,250,250,250" oya="0" hai0="97,92,78,70,135,22,113,36,15,49,67,3,8" hai1="37,106,93,66,32,100,43,75,118,86,1,61,126" hai2="59,20,68,2,56,41,52,40,121,117,31,14,47" hai3="89,44,123,4,127,34,0,88,101,33,72,120,114"/><T115/><D36/><U81/><E118/><V130/><F2/><W6/><G114/><T11/><D135/><U51/><E1/><V82/><F68/><W76/><G0/><T27/><D78/><U103/><E75/><V124/><F121/><N who="3" m="46667" /><G101/><T45/><D3/><U91/><E37/><V29/><F130/><W77/><G127/><T35/><D35/><N who="3" m="13321" /><G44/><T16/><D113/><U69/><E32/><V79/><F117/><W116/><G116/><T55/><D115/><U132/><E106/><V71/><F71/><W39/><G39/><T128/><D128/><U26/><E126/><V23/><F124/><W112/><G72/><T83/><D83/><U87/><E132/><V119/><F119/><W17/><G17/><N who="0" m="12751" /><D70/><U7/><E7/><N who="3" m="2602" /><G112/><T99/><D67/><U104/><E104/><V90/><F79/><AGARI ba="0,0" hai="76,77,79,88,89" m="2602,13321,46667" machi="79" ten="40,8000,1" yaku="28,2,13,1,54,1" doraHai="21" who="3" fromWho="2" sc="250,0,250,0,250,-80,250,80" /><INIT seed="1,0,0,2,2,68" ten="250,250,170,330" oya="1" hai0="105,5,25,11,77,33,50,15,97,45,124,94,51" hai1="128,85,93,66,8,115,24,104,129,52,31,121,20" hai2="70,71,81,16,103,69,125,113,34,122,44,46,126" hai3="95,54,12,108,48,58,109,57,117,131,3,59,37"/><U92/><E115/><V56/><F122/><W55/><G3/><T73/><D124/><N who="2" m="47722" /><F34/><W74/><G74/><T18/><D105/><U43/><E104/><V134/><F113/><W99/><G131/><N who="1" m="50250" /><E121/><V112/><F112/><W41/><G117/><T87/><D73/><U110/><E110/><N who="3" m="42602" /><G12/><T13/><D33/><U82/><E66/><V19/><F134/><W17/><G17/><N who="2" m="6729" /><F81/><W28/><G28/><T76/><D25/><U0/><E43/><V2/><F2/><W102/><G54/><N who="0" m="30031" /><D87/><U79/><E52/><V9/><F9/><W36/><G41/><T84/><D84/><U83/><E83/><V114/><F114/><W120/><G120/><T29/><D29/><U47/><E47/><AGARI ba="0,0" hai="36,37,47,48,55,57,58,59,95,99,102" m="42602" machi="47" ten="30,3900,0" yaku="14,1,52,2" doraHai="68" who="3" fromWho="1" sc="250,0,250,-39,170,0,330,39" /><INIT seed="2,0,0,1,2,0" ten="250,211,170,369" oya="2" hai0="77,101,29,58,48,86,125,94,46,115,18,35,12" hai1="32,79,76,53,134,61,44,69,9,72,116,82,74" hai2="27,59,40,6,111,7,1,126,95,11,114,102,70" hai3="123,45,127,33,119,56,133,75,132,54,117,80,112"/><V87/><F70/><W60/><G123/><T55/><D115/><U71/><E32/><V28/><F114/><W13/><G112/><T64/><D125/><U135/><E116/><V118/><F126/><W23/><G33/><T107/><D107/><U25/><E25/><V92/><F118/><W113/><G113/><T34/><D29/><U16/><E44/><V47/><F111/><W99/><G127/><T41/><D64/><U108/><E53/><V62/><F102/><W8/><G23/><T68/><D68/><N who="1" m="26187" /><E61/><V20/><F87/><W4/><G99/><T109/><D109/><U124/><E108/><V110/><F110/><W66/><G80/><T120/><D120/><U50/><E50/><V52/><REACH who="2" step="1"/><F7/><REACH who="2" ten="250,211,160,369" step="2"/><W10/><G75/><N who="1" m="28714" /><E124/><V17/><F17/><W104/><G119/><T131/><D18/><U42/><E82/><V21/><F21/><W24/><G117/><T2/><D101/><U129/><E16/><V15/><F15/><W85/><G85/><T91/><D86/><U39/><E9/><V3/><F3/><W84/><G84/><T103/><D2/><U105/><E79/><V88/><F88/><W63/><G10/><T89/><D77/><U128/><E76/><V106/><F106/><W37/><G104/><T57/><D12/><U14/><E105/><V130/><F130/><N who="1" m="50281" /><E14/><V30/><F30/><W51/><G24/><T65/><D131/><U38/><E42/><V78/><F78/><W26/><G26/><T31/><D41/><U97/><E97/><V96/><F96/><W67/><G13/><T90/><D31/><U83/><E83/><RYUUKYOKU ba="0,1" sc="250,-15,211,15,160,15,369,-15" hai1="38,39,134,135" hai2="1,6,11,20,27,28,40,47,52,59,62,92,95" /><INIT seed="2,1,1,4,2,73" ten="235,226,175,354" oya="2" hai0="87,107,51,72,57,114,97,39,17,44,69,9,101" hai1="20,79,135,129,112,27,94,61,68,38,19,28,52" hai2="48,109,23,65,25,75,121,125,127,82,4,102,1" hai3="78,18,123,130,31,80,89,30,99,96,117,128,43"/><V6/><F121/><W16/><G117/><T134/><D114/><U95/><E112/><V132/><F132/><W0/><G0/><T110/><D72/><U105/><E105/><V113/><F113/><W67/><G123/><T2/><D69/><U106/><E106/><V60/><F102/><W14/><G43/><T77/><D134/><U111/><E38/><V92/><F92/><N who="1" m="35369" /><E68/><N who="2" m="42023" /><F48/><W104/><G67/><T120/><D120/><U131/><E135/><V88/><F1/><W66/><G66/><T22/><D39/><U42/><E42/><V103/><F103/><W90/><G104/><T8/><D2/><U126/><E19/><V119/><F119/><W3/><G3/><T86/><D107/><U71/><E71/><V46/><F46/><W91/><G14/><T37/><D37/><U24/><E52/><V70/><F70/><W45/><G45/><T13/><D44/><U40/><E61/><V108/><F6/><W100/><G100/><T93/><D51/><U21/><E40/><V115/><F4/><W83/><G91/><T36/><D36/><U62/><E62/><V59/><F59/><W33/><G33/><T84/><D57/><U53/><E20/><V81/><F115/><W49/><G49/><T10/><D22/><U124/><E53/><V85/><F75/><W5/><G5/><T11/><D77/><AGARI ba="1,1" hai="16,18,30,31,77,78,80,83,89,90,96,99,128,130" machi="77" ten="25,8000,1" yaku="22,2,52,2,54,1" doraHai="73" who="3" fromWho="0" sc="235,-83,226,0,175,0,354,93" /><INIT seed="3,0,0,5,3,74" ten="152,226,175,447" oya="3" hai0="76,123,56,132,93,17,63,27,10,44,89,121,22" hai1="16,15,67,120,102,101,110,43,53,88,107,77,83" hai2="86,71,59,6,62,30,85,68,103,112,25,80,100" hai3="33,64,84,65,79,130,113,12,117,118,52,48,9"/><W13/><G113/><T4/><D132/><U129/><E107/><V3/><F112/><W134/><G33/><T125/><D125/><U55/><E67/><V18/><F18/><W35/><G35/><T32/><D32/><U26/><E43/><V109/><F109/><W72/><G72/><T128/><D128/><U54/><E26/><V46/><F46/><W37/><G37/><T51/><D51/><U7/><E7/><V29/><F6/><W11/><G134/><T23/><D23/><U60/><E88/><V38/><F38/><W50/><G84/><T66/><D44/><U31/><E31/><V28/><F25/><W14/><G14/><T34/><D34/><U24/><E24/><V91/><F85/><W82/><G82/><T108/><D108/><U75/><E83/><V106/><F3/><W57/><G57/><T133/><D133/><U95/><E75/><V90/><F90/><W78/><G130/><T69/><D69/><U122/><E122/><V1/><F1/><W124/><G124/><T87/><REACH who="0" step="1"/><D76/><REACH who="0" ten="142,226,175,447" step="2"/><U127/><E77/><V116/><F116/><W126/><G126/><T36/><D36/><U5/><E127/><V39/><F39/><W96/><G117/><T131/><D131/><U135/><E129/><V114/><F114/><W99/><G118/><T47/><D47/><U40/><E110/><V98/><F103/><W81/><G79/><T58/><D58/><N who="1" m="34895" /><E102/><V45/><F45/><W70/><G78/><T0/><AGARI ba="0,1" hai="0,4,10,17,22,27,56,63,66,87,89,93,121,123" machi="0" ten="20,2700,0" yaku="1,1,0,1,7,1,53,0" doraHai="74" doraHaiUra="42" who="0" fromWho="0" sc="142,37,226,-7,175,-7,447,-13" owari="179,-22.1,219,1.9,168,-33.2,434,53.4" /></mjloggm>