<mjloggm ver="2.3"><GO type="225" lobby="0"/><UN n0="%E7%AB%8B%E7%9B%B4%E5%A5%BD%E6%A3%92%40%E5%BF%98" n1="%E6%A1%9C%E8%8A%B1%E9%96%83%E3%80%85" n2="%6C%61%6D%62" n3="%E3%80%90%E3%83%88%E3%83%AA%E3%83%A5%E3%83%95%E3%80%91" dan="17,17,16,16" rate="2116.57,2152.38,2218.72,2096.25" sx="M,M,M,M"/><TAIKYOKU oya="0"/><INIT seed="0,0,0,2,5,131" ten="250,250,250,250" oya="0" hai0="116,16,99,132,75,37,95,4,97,106,125,32,40" hai1="80,43,39,73,121,25,86,94,100,57,133,96,15" hai2="82,83,64,79,130,13,56,126,70,47,68,6,135" hai3="66,109,51,115,26,8,78,127,23,81,129,134,74"/><T89/><D116/><U9/><E121/><V93/><F130/><W33/><G129/><T0/><D32/><U59/><E73/><V12/><F126/><W118/><G115/><T11/><D125/><U3/><E3/><V7/><F47/><W46/><G118/><T18/><D75/><U1/><E1/><V30/><F30/><W88/><G33/><T84/><D132/><U122/><E122/><V35/><F35/><W24/><G109/><T60/><D60/><U124/><E124/><V76/><F56/><W110/><G110/><T34/><D34/><U5/><E133/><V87/><F93/><W61/><G134/><T53/><D53/><U111/><E111/><V50/><F50/><W19/><G8/><T91/><D99/><U128/><E128/><V17/><F87/><W22/><G88/><T62/><D62/><U117/><E117/><V85/><F85/><W58/><G127/><T54/><D54/><U55/><E25/><V10/><F64/><W21/><REACH who="3" step="1"/><G26/><REACH who="3" ten="250,250,250,240" step="2"/><T31/><D91/><U28/><E9/><V120/><F135/><W102/><G102/><T67/><D89/><U90/><E100/><V36/><F10/><W105/><G105/><T27/><D11/><U113/><E113/><V44/><F120/><W42/><AGARI ba="0,1" hai="19,21,22,23,24,42,46,51,58,61,66,74,78,81" machi="42" ten="20,2700,0" yaku="1,1,0,1,7,1,53,0" doraHai="131" doraHaiUra="49" who="3" fromWho="3" sc="250,-13,250,-7,250,-7,240,37" /><INIT seed="1,0,0,3,1,117" ten="237,243,243,277" oya="1" hai0="86,32,40,82,17,126,50,45,44,73,46,24,0" hai1="90,43,88,98,39,14,18,100,116,16,109,80,69" hai2="78,108,96,121,57,93,64,33,2,20,35,125,95" hai3="58,101,68,105,59,28,65,103,37,123,129,70,85"/><U130/><E116/><V75/><F2/><W133/><G37/><T71/><D126/><U22/><E130/><V15/><F125/><W110/><G129/><T21/><D71/><U61/><E109/><V34/><F108/><W76/><G28/><T49/><D73/><U132/><E132/><V91/><F121/><W84/><G110/><T114/><D114/><U60/><E39/><V81/><F93/><W13/><G13/><T12/><D0/><U29/><E43/><V41/><F41/><W66/><G76/><T102/><D102/><U3/><E29/><V99/><F99/><W4/><G105/><T48/><D32/><U5/><E18/><V113/><F113/><W55/><G55/><T77/><REACH who="0" step="1"/><D24/><REACH who="0" ten="227,243,243,277" step="2"/><U135/><E69/><V62/><F34/><W27/><G27/><T38/><AGARI ba="0,1" hai="12,17,21,38,40,44,45,46,48,49,50,77,82,86" machi="38" ten="30,7900,0" yaku="1,1,2,1,0,1,53,1" doraHai="117" doraHaiUra="79" who="0" fromWho="0" sc="227,89,243,-39,243,-20,277,-20" /><INIT seed="2,0,0,3,4,111" ten="316,204,223,257" oya="2" hai0="1,106,9,10,62,132,133,114,19,86,7,100,99" hai1="50,95,34,72,83,119,56,51,45,30,26,42,92" hai2="85,2,94,69,70,88,55,91,105,13,84,53,47" hai3="16,4,109,39,123,54,14,33,20,129,128,82,23"/><V12/><F2/><W17/><G39/><T21/><D86/><U107/><E119/><V76/><F105/><W63/><G82/><T122/><D122/><U117/><E107/><V135/><F135/><N who="0" m="51786" /><D62/><U103/><E117/><V73/><F73/><W104/><G33/><T57/><D57/><U125/><E125/><V38/><F38/><W97/><G4/><T113/><D9/><U60/><E51/><V131/><F131/><N who="3" m="50251" /><G109/><T79/><D79/><U40/><E40/><V28/><F28/><W96/><G123/><T93/><D106/><U5/><E5/><V101/><F101/><W89/><G89/><T66/><D66/><U80/><E103/><V32/><F32/><W120/><G120/><T27/><AGARI ba="0,0" hai="1,7,10,19,21,27,93,99,100,113,114" m="51786" machi="27" ten="30,4000,0" yaku="20,1,52,2" doraHai="111" who="0" fromWho="0" sc="316,40,204,-10,223,-20,257,-10" /><INIT seed="3,0,0,0,4,15" ten="356,194,203,247" oya="3" hai0="3,58,12,61,99,7,94,45,13,123,26,95,60" hai1="82,27,106,54,73,34,8,117,111,75,33,10,135" hai2="77,56,28,90,22,93,43,4,21,31,107,69,80" hai3="18,86,38,101,116,119,48,120,63,85,81,25,127"/><W96/><G38/><T122/><D3/><U46/><E106/><V14/><F107/><W71/><G120/><T40/><D26/><U128/><E111/><V126/><F69/><W118/><G127/><T109/><D109/><U121/><E121/><V1/><F1/><W102/><G48/><T134/><D134/><U32/><E135/><V67/><F43/><W89/><G86/><T132/><D132/><U37/><E128/><V65/><F126/><W92/><G63/><T52/><D61/><U19/><E117/><V114/><F114/><W2/><G2/><T72/><D72/><U11/><E82/><V42/><F42/><W84/><G71/><T49/><D95/><U59/><E46/><V66/><F56/><W105/><G105/><T70/><D12/><U51/><REACH who="1" step="1"/><E37/><REACH who="1" ten="356,184,203,247" step="2"/><V44/><F44/><W35/><G81/><T20/><D122/><U113/><E113/><V112/><F112/><W50/><G116/><T98/><D123/><U55/><E55/><V125/><F125/><W83/><G83/><T133/><D52/><U16/><E16/><N who="2" m="10391" /><F4/><W9/><G118/><T36/><D7/><U24/><E24/><N who="2" m="16407" /><F31/><W62/><G119/><T47/><D45/><U97/><E97/><N who="2" m="57527" /><F80/><W64/><G35/><T23/><D47/><U78/><E78/><AGARI ba="0,1" hai="65,66,67,77,78" m="57527,16407,10391" machi="78" ten="30,3900,0" yaku="8,1,52,1,54,1" doraHai="15" who="2" fromWho="1" sc="356,0,184,-39,203,49,247,0" owari="356,45.6,145,-35.5,252,5.2,247,-15.3" /></mjloggm>