<mjloggm ver="2.3"><GO type="225" lobby="0"/><UN n0="%E3%82%BF%E3%83%BC%E3%83%90%E3%83%B3%E9%87%8E%E5%8F%A3" n1="%E7%99%BD%E9%9B%AA%E4%B9%83%E6%84%9B" n2="%E3%82%B2%E3%82%B9%E8%8C%82%E5%8B%9D" n3="%47%48%4F%53%54" dan="16,16,16,17" rate="2129.68,2055.22,2050.46,2287.57" sx="M,F,F,M"/><TAIKYOKU oya="0"/><INIT seed="0,0,0,2,4,40" ten="250,250,250,250" oya="0" hai0="0,1,67,18,92,23,112,71,87,94,33,135,79" hai1="22,93,88,36,115,39,55,27,5,131,44,129,84" hai2="65,3,132,46,77,102,63,110,45,114,20,16,41" hai3="99,85,12,89,42,35,119,117,68,100,21,28,124"/><T60/><D112/><U95/><E115/><V24/><F110/><W32/><G124/><T81/><D33/><U105/><E105/><V54/><F132/><W125/><G125/><T98/><D135/><U64/><E64/><V47/><F114/><W8/><G68/><T50/><D50/><N who="1" m="29127" /><E5/><V108/><F108/><W101/><G42/><T111/><D111/><U86/><E86/><V97/><F3/><W17/><G35/><T90/><REACH who="0" step="1"/><D94/><REACH who="0" ten="240,250,250,250" step="2"/><U11/><E95/><N who="2" m="58687" /><F41/><W37/><G32/><T133/><D133/><U49/><E49/><N who="2" m="28975" /><F77/><W120/><G119/><T128/><D128/><N who="1" m="49227" /><E11/><V130/><F130/><W34/><G8/><T9/><D9/><U30/><AGARI ba="0,1" hai="22,27,30,36,39,84,88,93" m="49227,29127" machi="30" ten="30,4000,0" yaku="19,1,52,1,54,1" doraHai="40" who="1" fromWho="1" sc="240,-20,250,50,250,-10,250,-10" /><INIT seed="1,0,0,3,5,111" ten="220,300,240,240" oya="1" hai0="131,1,70,119,133,56,113,107,36,118,49,121,78" hai1="58,83,29,22,63,98,94,18,30,97,88,4,64" hai2="34,105,0,114,5,41,117,129,44,102,3,17,38" hai3="116,26,122,123,67,10,24,85,128,134,77,28,65"/><U35/><E4/><V47/><F117/><W53/><G116/><T68/><RYUUKYOKU type="yao9" ba="0,0" sc="220,0,300,0,240,0,240,0" hai0="1,36,49,56,68,70,78,107,113,118,119,121,131,133" /><INIT seed="1,1,0,0,2,15" ten="220,300,240,240" oya="1" hai0="42,93,104,120,115,76,36,44,55,50,48,124,107" hai1="116,33,98,25,85,3,77,37,45,65,40,91,5" hai2="113,64,58,23,18,75,52,63,10,118,0,122,12" hai3="17,100,112,82,78,109,108,16,35,117,80,41,133"/><U110/><E116/><V21/><F118/><W61/><G112/><T90/><D115/><U114/><E114/><V84/><F113/><W32/><G133/><T79/><D124/><U74/><E65/><V95/><F75/><W88/><G117/><T4/><D120/><U46/><E98/><V72/><F72/><W123/><G123/><T49/><D4/><U7/><E110/><N who="3" m="42602" /><G100/><T92/><D55/><U22/><E33/><N who="3" m="12874" /><G41/><T83/><D83/><N who="3" m="31785" /><G78/><T1/><D1/><U57/><E77/><V127/><F122/><W51/><G51/><T126/><D126/><U56/><E74/><V2/><F127/><W106/><G106/><T125/><D125/><U97/><E3/><V71/><F2/><W99/><G61/><T103/><D50/><U86/><E37/><V101/><F0/><W62/><G62/><T26/><D103/><U47/><E40/><V28/><F101/><W73/><G73/><T70/><D36/><U129/><E5/><V96/><F96/><W131/><G131/><T67/><D42/><U69/><E7/><V105/><F105/><W135/><G135/><T8/><D104/><U39/><E39/><V81/><F81/><W134/><G134/><T89/><D107/><U111/><E129/><V19/><F95/><AGARI ba="1,0" hai="16,17,88,95,99" m="31785,12874,42602" machi="95" ten="40,8000,1" yaku="14,1,52,2,54,2" doraHai="15" who="3" fromWho="2" sc="220,0,300,0,240,-83,240,83" /><INIT seed="2,0,0,1,5,7" ten="220,300,157,323" oya="2" hai0="33,121,99,21,88,59,63,134,98,97,29,110,14" hai1="85,32,57,81,72,73,49,128,2,71,36,79,46" hai2="119,84,80,67,116,31,39,118,25,126,123,120,58" hai3="133,13,22,102,124,50,24,60,122,53,74,44,40"/><V114/><F39/><W42/><G122/><N who="2" m="46633" /><F58/><W6/><G124/><T56/><D121/><U96/><E32/><V69/><F67/><W91/><G133/><T0/><D134/><U61/><E128/><V130/><F69/><W26/><G74/><T95/><D110/><U65/><E2/><V117/><N who="2" m="29696" /><DORA hai="94" /><V109/><F126/><W15/><G102/><T28/><D0/><U90/><E36/><V34/><F84/><W135/><G135/><T4/><D33/><U9/><E9/><V103/><F103/><W43/><G60/><T92/><D97/><U68/><E90/><V38/><F80/><W83/><G83/><T111/><D111/><U47/><E96/><V37/><F109/><W112/><G43/><T127/><D127/><U93/><E71/><V86/><F86/><W48/><G42/><T35/><D35/><U20/><E72/><V45/><F114/><W107/><G112/><T17/><D4/><U105/><E73/><V108/><F108/><W64/><G6/><T77/><D77/><U129/><E68/><V27/><F130/><W23/><G64/><N who="0" m="39015" /><D59/><U5/><E57/><V51/><F27/><W66/><G26/><T100/><AGARI ba="0,0" hai="14,17,21,28,29,88,92,95,98,99,100" m="39015" machi="100" ten="30,7900,0" yaku="8,1,52,2,54,1" doraHai="7,94" who="0" fromWho="0" sc="220,79,300,-20,157,-39,323,-20" /><INIT seed="3,0,0,5,4,108" ten="299,280,118,303" oya="3" hai0="11,82,12,73,26,5,40,61,67,122,24,45,125" hai1="93,8,39,41,0,50,79,58,16,92,23,47,123" hai2="110,4,99,52,49,95,119,132,117,20,100,131,2" hai3="22,30,86,118,36,7,14,32,89,80,120,90,68"/><W129/><G118/><T78/><D122/><U88/><E123/><V63/><F110/><W124/><G120/><T104/><D104/><U126/><E126/><V1/><F131/><W65/><G124/><T54/><D54/><U75/><E39/><V85/><F132/><W51/><G36/><T21/><D21/><U37/><E37/><V87/><F117/><W34/><G129/><T9/><D9/><U48/><E75/><V33/><F33/><W25/><G51/><T112/><D112/><U84/><E79/><V64/><F119/><W98/><G7/><T3/><D12/><N who="1" m="9607" /><E0/><V114/><F114/><W17/><G65/><T70/><D125/><U109/><E109/><V130/><F130/><W107/><G68/><T59/><D70/><U15/><E58/><N who="2" m="36983" /><F1/><W10/><G107/><T101/><D101/><U111/><E111/><V44/><F2/><W18/><G30/><T105/><D105/><U55/><E48/><AGARI ba="0,0" hai="3,5,11,24,26,40,45,48,59,61,67,73,78,82" machi="48" ten="30,1000,0" yaku="7,1" doraHai="108" who="0" fromWho="1" sc="299,10,280,-10,118,0,303,0" owari="309,40.9,270,-13.0,118,-38.2,303,10.3" /></mjloggm>