<mjloggm ver="2.3"><GO type="225" lobby="0"/><UN n0="%73%69%72%6F%75%74" n1="%77%72%77%72%77%72%77%72" n2="%E9%BB%92%E9%89%84%E7%8F%A0%E9%9B%AB" n3="%E3%83%AD%E3%83%83%E3%83%86%E9%9B%80%E7%90%83" dan="16,16,16,17" rate="2141.68,2102.91,2142.00,2261.25" sx="M,M,F,M"/><TAIKYOKU oya="0"/><INIT seed="0,0,0,2,2,101" ten="250,250,250,250" oya="0" hai0="82,23,130,133,32,48,90,69,55,111,118,120,19" hai1="16,36,59,124,97,62,26,44,128,24,117,13,84" hai2="1,95,28,86,25,89,0,74,64,125,42,104,6" hai3="54,27,67,78,63,114,75,92,116,121,108,91,56"/><T105/><D118/><U123/><E117/><V72/><F125/><W115/><G116/><T41/><D32/><U102/><E123/><V52/><F64/><W80/><G108/><T76/><D120/><U47/><E124/><V60/><F42/><W129/><G129/><T73/><D69/><U12/><E128/><V37/><F37/><W122/><G122/><T34/><D34/><U132/><E132/><V65/><F104/><W38/><G38/><T35/><D35/><U53/><E12/><V99/><F86/><W135/><G135/><T70/><D105/><U2/><E2/><V33/><F6/><W18/><G121/><T103/><D70/><U93/><E84/><V22/><F33/><W17/><G67/><T81/><D111/><U31/><E31/><V66/><F66/><W4/><G4/><T57/><D133/><U9/><REACH who="1" step="1"/><E36/><REACH who="1" ten="250,240,250,250" step="2"/><V61/><F0/><W127/><G127/><T15/><D130/><U71/><E71/><V106/><F1/><W29/><G29/><T88/><D81/><U112/><E112/><V30/><F28/><W98/><REACH who="3" step="1"/><G17/><REACH who="3" ten="250,240,250,240" step="2"/><T94/><D19/><U20/><E20/><AGARI ba="0,2" hai="18,20,27,54,56,63,75,78,80,91,92,98,114,115" machi="20" ten="40,8000,1" yaku="1,1,2,1,25,2,53,0" doraHai="101" doraHaiUra="5" who="3" fromWho="1" sc="250,0,240,-80,250,0,240,100" /><INIT seed="1,0,0,3,4,4" ten="250,160,250,340" oya="1" hai0="123,121,48,109,5,105,25,100,32,24,26,16,52" hai1="21,122,45,15,11,13,70,27,66,44,19,99,103" hai2="31,38,107,127,115,20,113,61,85,84,104,14,133" hai3="18,69,131,9,80,34,96,117,128,12,71,51,110"/><U55/><E122/><N who="0" m="46601" /><D109/><U50/><E70/><V59/><F38/><W125/><G125/><T60/><D60/><U73/><E73/><V129/><F127/><W134/><G134/><T83/><D83/><U135/><E135/><V95/><F133/><W1/><G110/><T126/><D126/><U39/><E66/><V63/><F129/><N who="3" m="49739" /><G34/><T35/><D5/><U88/><E103/><V86/><F95/><W94/><G117/><T40/><D40/><U30/><E15/><V56/><F31/><W98/><G1/><T65/><D65/><U79/><E79/><V91/><F91/><W46/><G80/><T64/><D64/><U6/><E39/><V0/><F0/><W72/><G72/><T93/><D105/><N who="2" m="40522" /><F20/><W42/><G98/><N who="0" m="59471" /><D16/><U47/><REACH who="1" step="1"/><E19/><REACH who="1" ten="250,150,250,340" step="2"/><V130/><F130/><W97/><G71/><T112/><D112/><N who="2" m="43082" /><F14/><W92/><G69/><T89/><D89/><U23/><E23/><V77/><F77/><W118/><G12/><T29/><D35/><U53/><E53/><V78/><F78/><W36/><G18/><T43/><D43/><U7/><E7/><V124/><F124/><W108/><G36/><T62/><D32/><U28/><E28/><V132/><F132/><W75/><G42/><T33/><D33/><U114/><E114/><V3/><F3/><W41/><G41/><T57/><D29/><U10/><E10/><V68/><F68/><W54/><G9/><T82/><D26/><U106/><E106/><V116/><F116/><W2/><G118/><T111/><D111/><U22/><E22/><V58/><AGARI ba="0,1" hai="56,58,59,61,63,84,85,86" m="43082,40522" machi="58" ten="40,5200,0" yaku="28,2,11,1" doraHai="4" who="2" fromWho="2" sc="250,-13,150,-26,250,62,340,-13" /><INIT seed="2,0,0,0,0,0" ten="237,124,312,327" oya="2" hai0="59,89,29,44,3,107,1,108,94,25,118,115,105" hai1="55,68,123,101,67,32,22,7,19,58,84,130,131" hai2="35,86,11,31,128,53,82,76,65,60,78,18,45" hai3="122,61,26,121,66,99,34,15,126,71,102,57,69"/><V81/><F128/><W42/><G126/><T30/><D115/><U38/><E32/><V110/><F35/><W63/><G42/><T134/><D108/><U70/><E38/><V96/><F31/><N who="3" m="19831" /><G15/><T95/><D134/><U40/><E40/><V13/><F96/><W2/><G2/><T98/><D118/><U103/><E123/><V14/><F110/><W33/><G33/><T100/><D59/><U17/><E67/><V114/><F114/><W104/><G71/><T77/><D77/><U125/><E125/><V109/><F109/><W36/><G36/><T73/><D73/><U106/><E84/><V127/><F127/><W83/><G83/><T90/><D100/><U97/><E103/><V132/><F132/><W119/><G119/><T8/><D44/><U87/><E87/><V135/><F135/><W20/><G20/><T72/><D72/><U56/><E56/><V54/><F14/><W28/><G28/><T52/><D30/><U80/><E80/><V62/><F45/><W4/><G4/><T47/><D1/><U10/><E68/><V93/><F78/><W9/><G9/><T117/><D8/><U91/><E70/><V12/><F12/><W46/><G46/><T49/><D3/><N who="1" m="383" /><E91/><N who="2" m="53495" /><F76/><W111/><G111/><T5/><D117/><U92/><E106/><V23/><F11/><W6/><G6/><T113/><D5/><U48/><E22/><V85/><F82/><W74/><G74/><T133/><D113/><U39/><E39/><V116/><F116/><W21/><G21/><N who="0" m="15535" /><D133/><U129/><AGARI ba="0,0" hai="17,19,48,55,58,92,97,101,129,130,131" m="383" machi="129" ten="30,2000,0" yaku="19,1,52,1" doraHai="0" who="1" fromWho="1" sc="237,-5,124,20,312,-10,327,-5" /><INIT seed="3,0,0,2,2,95" ten="232,144,302,322" oya="3" hai0="106,117,130,124,133,43,93,41,67,46,64,7,101" hai1="61,31,86,74,75,59,42,62,121,19,97,17,34" hai2="21,118,69,90,111,29,57,18,126,51,72,0,45" hai3="81,36,16,4,82,107,6,88,80,37,105,135,108"/><W129/><G135/><T104/><D7/><N who="3" m="2601" /><G16/><T89/><D124/><U83/><E121/><V103/><F69/><W112/><G88/><T65/><D130/><U26/><E42/><V27/><F72/><W53/><G53/><T127/><D127/><U87/><E87/><V5/><F126/><W15/><G15/><T68/><D68/><U71/><E61/><V114/><F118/><W119/><G119/><T92/><D117/><U73/><E71/><V11/><F114/><W13/><G13/><T109/><D109/><U28/><E28/><V91/><F111/><W98/><G98/><T50/><D133/><U35/><E35/><N who="2" m="20927" /><F103/><W55/><G55/><T122/><D122/><U23/><E34/><V49/><F57/><W14/><G14/><T47/><D101/><U100/><E86/><V78/><F78/><W77/><G77/><T125/><D125/><U30/><E83/><V132/><F132/><W128/><G108/><T40/><D50/><N who="2" m="18954" /><F45/><N who="0" m="16906" /><D89/><U76/><E76/><V8/><F8/><W84/><G84/><T115/><D115/><U3/><E3/><V116/><F116/><W113/><G113/><T38/><D38/><N who="3" m="14953" /><G112/><T9/><D9/><U48/><E48/><V96/><F96/><W102/><G102/><T1/><D1/><U24/><E24/><V54/><F54/><W22/><G22/><T25/><D25/><U110/><E110/><V58/><F58/><W10/><G10/><T94/><AGARI ba="0,0" hai="40,41,43,64,65,67,92,93,94,104,106" m="16906" machi="94" ten="40,8000,1" yaku="29,2,28,2" doraHai="95" who="0" fromWho="0" sc="232,80,144,-20,302,-20,322,-40" owari="312,41.2,124,-37.6,282,8.2,282,-11.8" /></mjloggm>