<mjloggm ver="2.3"><GO type="225" lobby="0"/><UN n0="%E5%B8%86%E7%AB%8B%E5%A4%8F%E8%A1%A3" n1="%61%69%73%79%6F" n2="%6D%75%75%6D%75%72%61" n3="%E5%8F%AF%E5%85%90%E9%82%A3%E7%94%B1%E5%A4%9A" dan="16,17,17,17" rate="2136.28,2240.88,2181.16,2224.79" sx="M,M,F,F"/><TAIKYOKU oya="0"/><INIT seed="0,0,0,3,4,22" ten="250,250,250,250" oya="0" hai0="130,117,50,121,48,105,116,84,92,124,125,30,81" hai1="96,11,55,94,76,127,5,67,65,7,31,52,32" hai2="42,122,79,56,95,35,83,39,12,93,46,24,62" hai3="47,19,107,34,98,131,49,43,126,110,74,104,61"/><T112/><D112/><U135/><E135/><V57/><F122/><W17/><G74/><T69/><D69/><U59/><E127/><N who="0" m="48713" /><D121/><U123/><E123/><V6/><F6/><N who="1" m="2057" /><E32/><V25/><F12/><W108/><G126/><T20/><D105/><U28/><E11/><V66/><F57/><W51/><G131/><T26/><D92/><U15/><E15/><V71/><F35/><W53/><G61/><T36/><D36/><U40/><E40/><V115/><F115/><W8/><G34/><T109/><D130/><U80/><E80/><V97/><F71/><W54/><G43/><T113/><D113/><U16/><E16/><N who="3" m="6218" /><G98/><T0/><D0/><U60/><E76/><V86/><REACH who="2" step="1"/><F93/><REACH who="2" ten="250,250,240,250" step="2"/><W3/><G3/><T70/><D70/><U21/><E21/><V100/><AGARI ba="0,1" hai="24,25,39,42,46,56,62,66,79,83,86,95,97,100" machi="100" ten="20,12000,2" yaku="1,1,2,1,0,1,7,1,52,2,53,0" doraHai="22" doraHaiUra="129" who="2" fromWho="2" sc="250,-60,250,-30,240,130,250,-30" /><INIT seed="1,0,0,5,1,20" ten="190,220,370,220" oya="1" hai0="92,131,15,53,98,47,43,1,52,74,62,93,45" hai1="26,90,32,83,133,100,23,123,56,78,109,55,129" hai2="16,106,69,31,99,9,61,49,12,75,33,125,115" hai3="91,0,25,17,40,112,65,132,87,37,104,114,42"/><U127/><E123/><V107/><F75/><W101/><G0/><T68/><D1/><U54/><E133/><V117/><F117/><W86/><G132/><T67/><D131/><U81/><E127/><V59/><F125/><W76/><G65/><T50/><D74/><U24/><E129/><V70/><F49/><W94/><G104/><T97/><D15/><U135/><E135/><V22/><F33/><W6/><G6/><T29/><D29/><U19/><E109/><V73/><F73/><W89/><G101/><T30/><D30/><U124/><E124/><V51/><F51/><W10/><G76/><T108/><D108/><U27/><E32/><V7/><F31/><W80/><G10/><T82/><D82/><N who="1" m="31243" /><E100/><V44/><F44/><W110/><G110/><T4/><D4/><U130/><E130/><V57/><F115/><W5/><G5/><T102/><REACH who="0" step="1"/><D47/><REACH who="0" ten="180,220,370,220" step="2"/><U28/><E28/><V121/><F7/><W46/><REACH who="3" step="1"/><G42/><REACH who="3" ten="180,220,370,210" step="2"/><T11/><D11/><U128/><E128/><V60/><F9/><W85/><G85/><T105/><D105/><U122/><E122/><V96/><F121/><W21/><AGARI ba="0,2" hai="17,21,25,37,40,46,80,86,87,89,91,94,112,114" machi="21" ten="30,7900,0" yaku="1,1,0,1,52,1,53,1" doraHai="20" doraHaiUra="79" who="3" fromWho="3" sc="180,-20,220,-39,370,-20,210,99" /><INIT seed="2,0,0,1,4,68" ten="160,181,350,309" oya="2" hai0="83,127,108,103,40,97,120,19,76,28,45,90,119" hai1="52,29,70,129,3,36,77,128,96,88,93,20,113" hai2="58,13,110,25,63,71,81,124,22,41,59,107,0" hai3="135,57,79,7,82,17,87,54,75,123,94,98,91"/><V84/><F0/><W39/><G123/><T5/><D120/><U1/><E70/><V106/><F124/><W56/><G135/><T2/><D127/><U105/><E113/><V35/><F71/><W42/><G7/><T85/><D108/><U48/><E77/><V8/><F35/><W10/><G54/><T27/><D119/><U6/><E105/><V134/><F41/><W109/><G109/><T118/><D118/><U53/><E53/><V21/><F134/><W74/><G10/><T55/><D55/><U72/><E72/><V9/><F110/><W4/><G4/><T18/><D90/><U117/><E36/><V37/><F37/><W15/><G75/><T116/><D116/><U51/><E51/><V121/><F121/><W111/><G111/><T69/><D69/><U95/><E95/><V131/><F131/><N who="1" m="50249" /><E6/><V126/><F126/><W34/><G74/><T65/><D65/><U30/><E117/><V125/><F125/><W50/><G50/><T73/><D85/><U133/><E133/><V115/><F115/><W66/><G66/><T11/><D40/><U12/><E12/><V67/><F67/><W60/><G42/><T61/><D61/><U92/><E92/><V46/><F63/><W43/><G60/><T132/><D132/><U101/><E101/><V80/><F107/><W16/><G15/><T86/><D73/><U78/><E78/><V114/><F13/><W99/><G43/><T104/><REACH who="0" step="1"/><D45/><REACH who="0" ten="150,181,350,309" step="2"/><N who="1" m="27663" /><E20/><AGARI ba="0,1" hai="2,5,11,18,19,20,27,28,76,83,86,97,103,104" machi="20" ten="30,3900,0" yaku="1,1,7,1,53,1" doraHai="68" doraHaiUra="23" who="0" fromWho="1" sc="150,49,181,-39,350,0,309,0" /><INIT seed="3,0,0,0,5,27" ten="199,142,350,309" oya="3" hai0="38,41,133,9,64,115,127,21,114,132,12,88,75" hai1="31,98,43,52,121,95,62,19,78,37,74,63,90" hai2="26,122,82,96,7,67,86,53,97,18,68,33,66" hai3="117,118,93,14,44,116,46,56,92,84,101,22,32"/><W130/><G32/><T69/><D75/><U16/><E121/><V55/><F68/><W40/><G130/><T110/><D110/><U120/><E120/><V70/><F70/><W134/><G134/><N who="0" m="51819" /><D127/><U77/><E37/><V3/><F3/><W29/><G56/><T17/><D41/><U36/><E36/><V112/><F112/><N who="0" m="43050" /><D38/><U123/><E123/><V105/><F33/><W59/><G59/><T71/><D64/><U24/><E43/><V58/><F66/><W45/><G14/><N who="0" m="9399" /><D88/><N who="1" m="55655" /><E74/><V126/><F67/><W6/><G6/><AGARI ba="0,0" hai="6,9,12,69,71" m="9399,43050,51819" machi="6" ten="30,2000,0" yaku="20,1,11,1" doraHai="27" who="0" fromWho="3" sc="199,20,142,0,350,0,309,-20" owari="219,-18.1,142,-35.8,350,45.0,289,8.9" /></mjloggm>