<mjloggm ver="2.3"><GO type="225" lobby="0"/><UN n0="%47%68%6F%73%74%55%30" n1="%E3%83%AB%E3%83%9B%E3%83%B3%E3%83%87%E3%82%A3%E3%82%A8" n2="%E3%81%B5%E3%81%98%E3%81%8B%E3%81%A4" n3="%E7%89%B9%E6%9D%B1%E3%81%AF%E4%B8%96%E7%95%8C%E3%82%92%E6%95%91%E3%81%86" dan="17,17,16,16" rate="2135.14,2166.07,2149.30,2050.33" sx="M,M,M,M"/><TAIKYOKU oya="0"/><INIT seed="0,0,0,0,5,8" ten="250,250,250,250" oya="0" hai0="87,16,75,94,62,101,79,43,128,66,14,34,5" hai1="22,86,64,127,58,47,121,35,81,117,54,20,28" hai2="122,97,29,57,109,67,61,11,85,125,10,48,123" hai3="91,27,40,7,38,3,107,89,45,106,96,33,12"/><T104/><D128/><U84/><E117/><V95/><F109/><W53/><G3/><T105/><D34/><U90/><E121/><V102/><F125/><W65/><G65/><T88/><D43/><U133/><E133/><V31/><F123/><W32/><G53/><T135/><D5/><U113/><E113/><V4/><F11/><W111/><G111/><T120/><D120/><U23/><E35/><V2/><F122/><W71/><G71/><T92/><D135/><U73/><E73/><V80/><REACH who="2" step="1"/><F48/><REACH who="2" ten="250,250,240,250" step="2"/><W99/><G38/><T116/><D116/><U42/><E127/><V39/><F39/><W112/><G112/><T9/><D75/><U69/><E28/><V6/><F6/><W83/><G7/><T134/><D134/><U60/><E84/><V55/><F55/><W51/><G40/><T132/><D132/><U72/><E72/><V100/><F100/><W118/><G118/><T70/><REACH who="0" step="1"/><D79/><AGARI ba="0,1" hai="2,4,10,29,31,57,61,67,79,80,85,95,97,102" machi="79" ten="30,2000,0" yaku="1,1,7,1,53,0" doraHai="8" doraHaiUra="49" who="2" fromWho="0" sc="250,-20,250,0,240,30,250,0" /><INIT seed="1,0,0,1,1,127" ten="230,250,270,250" oya="1" hai0="101,2,77,50,133,104,120,59,98,134,70,44,132" hai1="11,125,114,62,38,83,107,68,106,0,40,51,67" hai2="27,94,18,10,20,42,81,1,17,80,96,29,121" hai3="28,23,34,60,75,76,13,55,116,73,39,21,19"/><U105/><E125/><V5/><F121/><W32/><G39/><T36/><D2/><U49/><E114/><V89/><F42/><W72/><G76/><T12/><D70/><U4/><E38/><V35/><REACH who="2" step="1"/><F17/><REACH who="2" ten="230,250,260,250" step="2"/><W79/><G116/><T30/><D120/><U135/><E135/><V85/><F85/><W110/><G75/><T53/><D30/><U47/><E83/><V82/><F82/><W33/><G72/><T52/><D77/><U84/><E84/><V66/><F66/><W119/><G119/><T41/><D53/><U93/><E93/><V15/><AGARI ba="0,1" hai="1,5,10,15,18,20,27,29,35,80,81,89,94,96" machi="15" ten="20,12000,2" yaku="1,1,0,1,7,1,24,2,53,1" doraHai="127" doraHaiUra="91" who="2" fromWho="2" sc="230,-30,250,-60,260,130,250,-30" /><INIT seed="2,0,0,5,3,80" ten="200,190,390,220" oya="2" hai0="118,92,10,60,8,61,89,75,46,29,44,18,31" hai1="126,55,134,124,85,22,33,1,37,123,86,50,100" hai2="16,25,79,20,65,68,5,38,125,111,15,133,107" hai3="98,0,27,45,24,116,130,35,32,21,128,17,34"/><V105/><F38/><W102/><G116/><T69/><D75/><U71/><E33/><V117/><F117/><W9/><G45/><N who="0" m="17515" /><D69/><U96/><E37/><V70/><F125/><N who="1" m="48233" /><E1/><V59/><F133/><W40/><G40/><T129/><D129/><N who="3" m="49769" /><G9/><N who="0" m="3691" /><D18/><U121/><E71/><V87/><F111/><W99/><G0/><T132/><D132/><U53/><E22/><V26/><F5/><W94/><G99/><N who="0" m="57743" /><D118/><U73/><E73/><V58/><F70/><W47/><G47/><T57/><D61/><U4/><E4/><V131/><F68/><W64/><G64/><AGARI ba="0,0" hai="29,31,57,60,64" m="57743,3691,17515" machi="64" ten="30,1000,0" yaku="8,1" doraHai="80" who="0" fromWho="3" sc="200,10,190,0,390,0,220,-10" /><INIT seed="3,0,0,1,2,58" ten="210,190,390,210" oya="3" hai0="83,98,73,55,74,64,97,119,77,4,113,2,106" hai1="35,79,93,23,72,133,13,40,92,91,80,47,96" hai2="12,63,3,51,46,45,70,85,78,9,110,89,39" hai3="66,68,24,75,41,69,108,94,131,36,67,90,52"/><W10/><G75/><T48/><D119/><U19/><E133/><V134/><F134/><W60/><G131/><T135/><D135/><U124/><E124/><V99/><F110/><W18/><G108/><T87/><D64/><U0/><E0/><V101/><F78/><W43/><G36/><T107/><D107/><U27/><E93/><V116/><F116/><W114/><G114/><T65/><D65/><U62/><E62/><V21/><F3/><W37/><G37/><T105/><D105/><U117/><E117/><V84/><F84/><W50/><G67/><T104/><D104/><U128/><E128/><V118/><F21/><W14/><G24/><T59/><D113/><U123/><E123/><V61/><F70/><W100/><G100/><T25/><D25/><U26/><REACH who="1" step="1"/><E35/><REACH who="1" ten="210,180,390,210" step="2"/><V7/><F118/><W82/><G69/><T34/><D34/><U8/><E8/><V102/><F61/><W86/><REACH who="3" step="1"/><G94/><REACH who="3" ten="210,180,390,200" step="2"/><T112/><D106/><U54/><E54/><N who="2" m="30063" /><F102/><W95/><G95/><T33/><D112/><U71/><E71/><V16/><F101/><W129/><G129/><T6/><D55/><U121/><E121/><V53/><F39/><AGARI ba="0,2" hai="13,19,23,26,27,39,40,47,72,79,80,91,92,96" machi="39" ten="30,2000,0" yaku="1,1,7,1,53,0" doraHai="58" doraHaiUra="132" who="1" fromWho="2" sc="210,0,180,40,390,-20,200,0" owari="210,-19.0,220,2.0,370,47.0,200,-30.0" /></mjloggm>