<mjloggm ver="2.3"><GO type="225" lobby="0"/><UN n0="%72%69%6F%75%63%68%61%6E" n1="%6D%75%75%6D%75%72%61" n2="%E4%BF%BA%E3%81%A8%E5%A6%96%E5%A4%A2" n3="%E9%B3%B3%E6%9D%B1%E3%81%AE%E3%81%86%E3%81%95%E3%81%8E%E3%81%95%E3%82%93" dan="17,16,17,16" rate="2169.14,2130.94,2200.36,2102.46" sx="M,F,F,M"/><TAIKYOKU oya="0"/><INIT seed="0,0,0,1,2,110" ten="250,250,250,250" oya="0" hai0="133,79,13,85,31,7,66,53,90,74,114,67,113" hai1="39,86,58,0,55,111,75,78,46,92,23,30,24" hai2="123,97,33,99,120,5,122,88,29,65,77,35,14" hai3="48,27,59,135,89,104,80,2,127,76,38,49,112"/><T25/><D133/><U10/><E111/><V47/><F77/><W9/><G135/><T37/><D37/><U19/><E75/><V96/><F65/><W32/><G104/><T81/><D53/><U126/><E126/><V60/><F60/><W15/><G38/><T115/><D13/><U20/><E0/><V87/><F47/><W119/><G119/><T1/><D7/><U22/><E10/><V62/><F62/><W132/><G2/><T131/><D1/><U61/><E19/><V95/><REACH who="2" step="1"/><F29/><REACH who="2" ten="250,250,240,250" step="2"/><W91/><G76/><T36/><D131/><U100/><E78/><V124/><F124/><W16/><G127/><T134/><D134/><U116/><E30/><V83/><F83/><W17/><G80/><T70/><D36/><U40/><E39/><V56/><F56/><W118/><G59/><T43/><D43/><U50/><E40/><V94/><F94/><W68/><G132/><T93/><REACH who="0" step="1"/><D70/><REACH who="0" ten="240,250,240,250" step="2"/><U109/><E109/><V3/><F3/><W57/><G68/><T11/><D11/><AGARI ba="0,2" hai="5,11,14,33,35,87,88,95,96,97,99,120,122,123" machi="11" ten="50,8000,1" yaku="1,1,54,1,53,2" doraHai="110" doraHaiUra="28" who="2" fromWho="0" sc="240,-80,250,0,240,100,250,0" /><INIT seed="1,0,0,0,1,69" ten="160,250,340,250" oya="1" hai0="102,39,25,96,117,114,103,35,112,0,18,29,99" hai1="84,129,68,60,22,57,97,74,123,8,124,93,111" hai2="92,116,41,89,72,5,122,109,46,98,26,23,40" hai3="20,66,94,32,135,54,106,132,87,79,55,70,58"/><U131/><E123/><V115/><F122/><W125/><G32/><T49/><D117/><U38/><E74/><V130/><F116/><W78/><G106/><T126/><D126/><U12/><E124/><V133/><F109/><W121/><G121/><T56/><D0/><U128/><E111/><V42/><F133/><N who="3" m="51275" /><G125/><T110/><D110/><U82/><E68/><V118/><F118/><W120/><G120/><T11/><D39/><U113/><E22/><V104/><F130/><W37/><G37/><T34/><D35/><U15/><E38/><V1/><F115/><W127/><G127/><T24/><D99/><U21/><E21/><V45/><F104/><W77/><G70/><T4/><D18/><U90/><E8/><V75/><F5/><W3/><G3/><T81/><D25/><U7/><E7/><V83/><F1/><W95/><G20/><T19/><D19/><U61/><E61/><V14/><F14/><W76/><G76/><T51/><D81/><U52/><REACH who="1" step="1"/><E113/><REACH who="1" ten="160,240,340,250" step="2"/><V86/><F72/><W119/><G119/><T100/><D114/><U48/><E48/><N who="0" m="18505" /><D112/><U33/><E33/><V73/><F73/><W47/><G66/><T13/><D56/><U85/><E85/><V107/><F75/><W88/><G58/><T62/><D62/><U108/><E108/><V67/><F86/><W17/><G87/><T64/><D64/><U59/><E59/><V6/><F67/><W101/><G47/><T91/><D96/><U9/><E9/><V2/><F98/><N who="3" m="59615" /><G17/><T134/><D134/><U43/><E43/><N who="2" m="16459" /><F45/><W44/><G44/><T10/><D10/><RYUUKYOKU ba="0,1" sc="160,10,240,10,340,-30,250,10" hai0="4,11,13,24,29,34,91,100,102,103" hai1="12,15,52,57,60,82,84,90,93,97,128,129,131" hai3="54,55,77,78,79,88,94" /><INIT seed="1,1,1,3,2,82" ten="170,250,310,260" oya="1" hai0="110,3,77,93,111,60,46,91,88,26,112,29,86" hai1="34,79,11,41,20,43,7,69,108,94,49,135,44" hai2="33,121,1,70,32,101,52,119,117,130,66,50,75" hai3="134,5,10,63,120,131,9,53,133,17,22,99,6"/><U48/><E135/><N who="3" m="51722" /><G120/><T61/><D112/><U84/><E34/><V95/><F121/><W105/><G53/><T65/><D3/><U58/><E69/><V27/><F75/><W12/><G63/><T97/><D77/><U67/><E108/><N who="0" m="41513" /><D46/><U47/><E20/><V127/><F1/><N who="3" m="175" /><G99/><T126/><D126/><U107/><E107/><V35/><F127/><W42/><G42/><T4/><D4/><U16/><E16/><V96/><F130/><W81/><G81/><N who="0" m="49231" /><D65/><U51/><E67/><V123/><F123/><W122/><G122/><T30/><D30/><U109/><E109/><V28/><F66/><W90/><G131/><T125/><D125/><U0/><E58/><V103/><F70/><W115/><G115/><T25/><D25/><U40/><E79/><V124/><F124/><W71/><G71/><T76/><D76/><U19/><E19/><V98/><F33/><AGARI ba="1,1" hai="26,29,33,60,61,91,93,97" m="49231,41513" machi="33" ten="30,3900,0" yaku="14,1,52,1,54,1" doraHai="82" who="0" fromWho="2" sc="170,52,250,0,310,-42,260,0" /><INIT seed="2,0,0,2,4,0" ten="222,250,268,260" oya="2" hai0="89,108,131,6,126,41,7,81,60,37,94,82,23" hai1="22,115,99,26,20,12,36,135,64,49,113,59,39" hai2="53,118,80,109,38,133,134,84,96,83,79,78,42" hai3="48,51,29,75,45,32,47,3,57,1,8,110,58"/><V88/><F38/><W72/><G29/><T127/><D108/><U34/><E135/><N who="2" m="51723" /><F42/><W122/><G110/><T73/><D131/><U120/><E120/><V10/><F109/><W14/><G14/><T93/><D60/><U44/><E34/><V66/><F66/><W43/><G32/><T103/><D23/><U2/><E2/><V33/><F33/><W74/><G122/><T13/><D13/><U9/><E39/><V30/><F30/><W15/><G1/><T128/><D128/><U31/><E22/><V65/><F65/><W16/><REACH who="3" step="1"/><G3/><REACH who="3" ten="222,250,268,250" step="2"/><T105/><D127/><U87/><E31/><V5/><F118/><W28/><G28/><T77/><D126/><U117/><E12/><N who="2" m="5199" /><F96/><W17/><G17/><T40/><D37/><U130/><E99/><V125/><F125/><W106/><G106/><T50/><D105/><U70/><E36/><V69/><F69/><W62/><G62/><T21/><D50/><U56/><E49/><V97/><F97/><W54/><AGARI ba="0,1" hai="8,15,16,43,45,47,48,51,54,57,58,72,74,75" machi="54" ten="30,4000,0" yaku="1,1,0,1,54,1,53,0" doraHai="0" doraHaiUra="35" who="3" fromWho="3" sc="222,-10,250,-10,268,-20,250,50" /><INIT seed="3,0,0,3,4,0" ten="212,240,248,300" oya="3" hai0="124,36,50,64,57,3,59,109,130,112,61,83,43" hai1="127,45,87,70,25,74,55,135,88,100,110,35,6" hai2="117,41,23,24,18,71,80,98,97,93,13,40,132" hai3="49,32,66,122,114,11,82,72,63,89,121,62,29"/><W116/><G114/><T1/><D112/><U73/><E70/><V38/><F117/><W8/><G116/><T58/><D109/><U96/><E110/><V118/><F118/><W27/><G62/><T30/><D30/><U79/><E135/><V113/><F113/><W48/><G122/><T5/><D124/><U76/><E127/><V134/><F71/><W53/><G121/><T102/><D130/><U54/><E74/><V39/><F80/><W31/><G31/><T123/><D123/><U20/><E35/><V107/><F107/><W16/><G16/><T15/><D102/><U4/><E73/><V17/><F13/><W103/><G103/><T52/><D59/><U92/><E55/><V37/><F18/><W91/><G89/><T84/><D36/><U86/><E54/><V12/><F12/><W126/><G48/><T131/><D43/><N who="2" m="16458" /><F93/><W26/><G26/><T68/><D131/><U94/><E86/><V9/><F9/><W22/><G32/><T129/><D129/><U42/><E45/><V75/><F75/><W7/><G72/><T106/><D106/><U33/><E42/><V10/><F10/><W14/><G8/><N who="0" m="4495" /><D68/><U105/><E33/><V47/><F47/><N who="3" m="27839" /><G126/><T51/><D51/><U65/><E105/><V28/><F28/><W119/><G119/><T108/><D108/><U2/><E2/><V77/><F77/><N who="1" m="29769" /><E65/><V99/><F38/><W44/><G44/><T19/><D19/><AGARI ba="0,0" hai="4,6,19,20,25,87,88,92,94,96,100" m="29769" machi="19" ten="30,7700,0" yaku="8,1,52,2,54,1" doraHai="0" who="1" fromWho="0" sc="212,-77,240,77,248,0,300,0" owari="135,-36.5,317,41.7,248,-15.2,300,10.0" /></mjloggm>