<mjloggm ver="2.3"><GO type="225" lobby="0"/><UN n0="%E3%83%AD%E3%83%83%E3%83%86%E9%9B%80%E7%90%83" n1="%6E%69%63%6B%6C%6F%77" n2="%E3%81%86%E3%83%BC%E3%81%B1%E3%83%BC" n3="%6E%65%77%E8%BC%AA%E5%A4%A7%E7%B4%8D%E8%A8%80" dan="17,16,16,16" rate="2200.64,2111.68,2147.58,2122.01" sx="M,F,F,M"/><TAIKYOKU oya="0"/><INIT seed="0,0,0,0,0,89" ten="250,250,250,250" oya="0" hai0="91,2,116,119,53,62,131,21,54,52,84,39,104" hai1="76,117,65,37,133,13,36,47,7,94,129,74,126" hai2="25,68,111,38,114,72,128,92,19,3,78,16,61" hai3="122,8,98,11,107,113,55,0,15,112,127,64,33"/><T30/><D2/><U75/><E117/><V29/><F114/><W12/><G64/><T87/><D39/><U90/><E65/><V93/><F38/><W43/><G43/><T41/><D104/><U95/><E126/><V6/><F111/><W67/><G67/><T123/><D123/><U100/><E133/><V46/><F68/><W42/><G42/><T96/><D131/><U86/><E129/><V58/><F72/><W71/><G71/><T125/><D125/><U109/><E109/><V51/><F78/><W134/><G55/><N who="0" m="21067" /><D41/><U73/><E76/><V44/><F6/><W118/><G127/><T106/><D106/><U99/><REACH who="1" step="1"/><E47/><REACH who="1" ten="250,240,250,250" step="2"/><V22/><F46/><W56/><G118/><T5/><D119/><U79/><E79/><V1/><F128/><W82/><G134/><T27/><D116/><U121/><E121/><V120/><F120/><W102/><G122/><T132/><D132/><U135/><E135/><V23/><F44/><W31/><G113/><T45/><D5/><U70/><E70/><V57/><F61/><W49/><G112/><T59/><D45/><U81/><E81/><V35/><F51/><W80/><G82/><T48/><D48/><U10/><AGARI ba="0,1" hai="7,10,13,36,37,73,74,75,86,90,94,95,99,100" machi="10" ten="40,12000,2" yaku="1,1,0,1,52,2,53,2" doraHai="89" doraHaiUra="69" who="1" fromWho="1" sc="250,-60,240,130,250,-30,250,-30" /><INIT seed="1,0,0,4,0,97" ten="190,370,220,220" oya="1" hai0="101,9,12,60,14,117,32,8,88,39,31,120,41" hai1="99,53,50,111,128,72,113,112,71,123,73,70,27" hai2="2,29,36,45,28,34,23,130,77,106,16,108,121" hai3="119,134,65,11,132,110,4,118,67,59,51,74,21"/><U30/><E123/><V56/><F121/><W48/><G74/><T96/><D117/><N who="3" m="44553" /><G110/><T17/><D120/><U35/><E111/><V54/><F108/><W64/><G21/><T75/><D75/><U19/><E128/><V100/><F77/><W126/><G126/><T87/><D60/><U105/><E72/><V22/><F2/><N who="3" m="407" /><G59/><T98/><D98/><U20/><E73/><V81/><F34/><W102/><G102/><T91/><D31/><U69/><E99/><V135/><F130/><W26/><G26/><T6/><D32/><U104/><E105/><V49/><F106/><W83/><G83/><T18/><D6/><U52/><E104/><V103/><F81/><W62/><G62/><T40/><D39/><U127/><E127/><V33/><F33/><W13/><G13/><T84/><D96/><U25/><REACH who="1" step="1"/><E53/><REACH who="1" ten="190,360,220,220" step="2"/><V82/><F103/><AGARI ba="0,1" hai="8,9,12,14,17,18,40,41,84,87,88,91,101,103" machi="103" ten="25,12000,2" yaku="22,2,8,1,52,2,54,1" doraHai="97" who="0" fromWho="2" sc="190,130,360,0,220,-120,220,0" /><INIT seed="2,0,0,2,2,20" ten="320,360,100,220" oya="2" hai0="109,54,44,76,107,38,2,106,5,7,83,59,32" hai1="132,65,104,88,118,89,15,82,115,34,53,64,124" hai2="97,77,66,6,22,24,67,39,27,123,26,126,114" hai3="17,56,79,18,87,30,12,108,98,52,84,129,14"/><V4/><F123/><W135/><G108/><T55/><D32/><U71/><E115/><V63/><F114/><W131/><G135/><T48/><D109/><U122/><E34/><V133/><F126/><W100/><G30/><T121/><D121/><U128/><E104/><V61/><F133/><W72/><G72/><T120/><D120/><U62/><E118/><V31/><F39/><W50/><G79/><T40/><D55/><U13/><E132/><V110/><F110/><W41/><G41/><T47/><D47/><U105/><E105/><V49/><F77/><W127/><G127/><T93/><D93/><U130/><E124/><V3/><F3/><W95/><G12/><N who="1" m="4682" /><E122/><V25/><F49/><W125/><G125/><T134/><D134/><U73/><E53/><V8/><F97/><W69/><G69/><T16/><D16/><N who="3" m="6249" /><G14/><T90/><D90/><U42/><E65/><N who="2" m="24587" /><F8/><W78/><G78/><T80/><D80/><U101/><E101/><V1/><F1/><W74/><G74/><N who="0" m="43415" /><D7/><AGARI ba="0,0" hai="4,6,7,22,24,25,26,27,31,61,63" m="24587" machi="7" ten="30,12000,1" yaku="8,1,52,4" doraHai="20" who="2" fromWho="0" sc="320,-120,360,0,100,120,220,0" /><INIT seed="2,1,0,2,2,127" ten="200,360,220,220" oya="2" hai0="27,75,135,51,57,46,22,85,61,59,20,126,119" hai1="45,90,56,124,80,134,76,50,34,130,47,10,112" hai2="4,122,106,53,66,115,65,35,82,105,73,107,108" hai3="92,95,104,110,69,74,58,25,97,19,3,31,2"/><V129/><F122/><W70/><G110/><T89/><D135/><U36/><E124/><V0/><F115/><W67/><G74/><T15/><D126/><U38/><E134/><V7/><F35/><W49/><G19/><N who="0" m="10367" /><D75/><U77/><E34/><V88/><F108/><W32/><G104/><T14/><D14/><U101/><E101/><V9/><F7/><W111/><G111/><T83/><D61/><U81/><E56/><V98/><F129/><W109/><G109/><T55/><D119/><U72/><E90/><V87/><F98/><W23/><G32/><T96/><D96/><U71/><E72/><V28/><F28/><AGARI ba="1,0" hai="22,27,28,46,51,55,57,59,83,85,89" m="10367" machi="28" ten="30,1000,0" yaku="8,1" doraHai="127" who="0" fromWho="2" sc="200,13,360,0,220,-13,220,0" /><INIT seed="3,0,0,5,1,73" ten="213,360,207,220" oya="3" hai0="118,95,108,130,22,17,27,55,67,34,40,119,30" hai1="116,114,5,79,66,91,57,110,46,75,16,18,31" hai2="90,12,72,83,50,8,88,81,54,59,56,105,41" hai3="51,20,100,37,89,113,29,62,11,102,128,19,131"/><W98/><G113/><T101/><D108/><U26/><E5/><N who="2" m="3087" /><F72/><W63/><G37/><T53/><D130/><N who="3" m="49705" /><G29/><T69/><D40/><U124/><E57/><N who="2" m="22091" /><F105/><N who="3" m="63639" /><G102/><T103/><D67/><U70/><E91/><N who="2" m="34859" /><F41/><W21/><G89/><T25/><D69/><U7/><E75/><V33/><F33/><W24/><G51/><T64/><D64/><U126/><E31/><V85/><F85/><W43/><G43/><T48/><D103/><U132/><E66/><V134/><F134/><W61/><G21/><T44/><REACH who="0" step="1"/><D55/><REACH who="0" ten="203,360,207,220" step="2"/><U42/><E110/><V47/><AGARI ba="0,1" hai="47,50,54,81,83" m="34859,22091,3087" machi="47" ten="30,2000,0" yaku="8,1,54,1" doraHai="73" who="2" fromWho="2" sc="203,-5,360,-5,207,30,220,-10" owari="198,-30.2,355,45.5,237,3.7,210,-19.0" /></mjloggm>