<mjloggm ver="2.3"><GO type="225" lobby="0"/><UN n0="%E5%8D%A0%E3%81%84%E5%B8%AB%E8%A3%8F%E3%81%AA%E3%81%84%E3%81%97" n1="%E3%81%A8%E3%82%93%E3%81%A8%E3%81%93%E3%81%A8%E3%82%93" n2="%E5%8F%AF%E5%85%90%E9%82%A3%E7%94%B1%E5%A4%9A" n3="%E7%BD%AA%E5%88%91%E6%B3%95%E5%AE%9A%E4%B8%BB%E7%BE%A9" dan="16,16,17,16" rate="2153.53,2123.89,2246.55,2178.57" sx="M,M,F,M"/><TAIKYOKU oya="0"/><INIT seed="0,0,0,4,3,39" ten="250,250,250,250" oya="0" hai0="100,76,117,129,37,0,94,64,68,46,83,58,59" hai1="38,22,61,131,102,35,116,36,44,2,80,96,18" hai2="82,93,114,32,28,20,13,62,133,111,113,110,55" hai3="67,70,88,65,23,118,69,15,134,79,17,98,103"/><T49/><D117/><U86/><E116/><V99/><F133/><W71/><G118/><T119/><D119/><U57/><E35/><V31/><F32/><W125/><G134/><T16/><D0/><U60/><E2/><V66/><F55/><W77/><G125/><T106/><D106/><U45/><E131/><V89/><F82/><W42/><G42/><N who="0" m="24791" /><D37/><U108/><E108/><N who="2" m="41515" /><F13/><W122/><G122/><T21/><D68/><U123/><E36/><V107/><F107/><W81/><G79/><T4/><D4/><U128/><E128/><V101/><F101/><W95/><REACH who="3" step="1"/><G103/><REACH who="3" ten="250,250,250,240" step="2"/><T97/><D129/><U54/><E123/><V135/><F135/><W30/><G30/><N who="2" m="11305" /><F20/><W87/><AGARI ba="0,1" hai="15,17,23,65,67,69,70,71,77,81,87,88,95,98" machi="87" ten="30,7900,0" yaku="1,1,0,1,54,1,53,1" doraHai="39" doraHaiUra="90" who="3" fromWho="3" sc="250,-39,250,-20,250,-20,240,89" /><INIT seed="1,0,0,0,3,4" ten="211,230,230,329" oya="1" hai0="25,10,54,121,53,116,22,40,26,56,63,2,105" hai1="61,73,127,33,98,8,35,32,15,115,16,130,24" hai2="6,122,129,34,17,134,84,37,13,104,101,81,0" hai3="80,46,123,9,68,48,97,1,119,100,66,87,79"/><U114/><E73/><V72/><F122/><W77/><G123/><T43/><D116/><U11/><E127/><V103/><F37/><W124/><G119/><T111/><D105/><U70/><E130/><V135/><F34/><N who="1" m="13417" /><E98/><V41/><F41/><W75/><G124/><T42/><D121/><U93/><E93/><V23/><F72/><W69/><G66/><T58/><D111/><U117/><E61/><V133/><F129/><W126/><G126/><T110/><D110/><U94/><E94/><V86/><F104/><W131/><G131/><T45/><D45/><U52/><E52/><V102/><REACH who="2" step="1"/><F81/><REACH who="2" ten="211,230,220,329" step="2"/><W3/><G75/><T59/><D63/><U107/><E107/><V50/><F50/><W92/><G48/><T90/><D22/><N who="1" m="11551" /><E117/><V78/><F78/><W109/><G79/><T82/><D82/><U118/><E118/><V76/><F76/><W12/><G109/><T96/><D43/><U20/><E70/><V65/><F65/><W31/><G69/><T7/><D42/><U5/><E35/><V38/><F38/><W28/><G68/><T30/><D40/><U113/><E5/><V85/><F85/><W74/><G74/><T57/><D54/><U14/><E14/><V60/><F60/><W19/><G12/><T47/><D53/><U108/><E108/><V49/><F49/><W89/><G77/><T91/><D7/><U106/><E106/><V51/><F51/><W67/><G80/><T83/><D83/><U62/><E62/><V44/><F44/><W64/><G46/><T112/><D47/><U36/><E36/><V18/><F18/><AGARI ba="0,1" hai="8,11,18,20,24,113,114,115" m="11551,13417" machi="18" ten="40,18000,2" yaku="6,1,34,2,52,2,54,1" doraHai="4" who="1" fromWho="2" sc="211,0,230,190,220,-180,329,0" /><INIT seed="1,1,0,0,4,67" ten="211,420,40,329" oya="1" hai0="80,119,65,52,120,59,43,53,26,31,14,109,102" hai1="69,130,3,82,95,25,79,91,115,116,37,44,98" hai2="73,11,41,19,18,74,78,27,129,0,38,126,21" hai3="10,9,49,20,87,62,61,94,57,97,36,93,46"/><U34/><E115/><V70/><F126/><W50/><G36/><T104/><D119/><U131/><E3/><V96/><F129/><N who="1" m="49161" /><E116/><V90/><F90/><N who="3" m="53471" /><G20/><T48/><D109/><U60/><E34/><V89/><F89/><N who="3" m="55503" /><G50/><T47/><D120/><U135/><E25/><V124/><F96/><W2/><G2/><T105/><D102/><U45/><E135/><V1/><F124/><W15/><G57/><T51/><D65/><N who="1" m="41127" /><E37/><V110/><F110/><W81/><G81/><T30/><D30/><U111/><E111/><V92/><F0/><W84/><G84/><AGARI ba="1,0" hai="44,45,79,82,84,91,95,98" m="41127,49161" machi="84" ten="30,2900,0" yaku="19,1,52,1" doraHai="67" who="1" fromWho="3" sc="211,0,420,32,40,0,329,-32" /><INIT seed="1,2,0,4,2,49" ten="211,452,40,297" oya="1" hai0="124,132,99,54,81,22,38,113,53,91,39,9,62" hai1="5,104,72,14,24,82,17,31,96,6,79,69,88" hai2="33,109,93,61,74,20,65,47,112,134,87,105,92" hai3="59,76,114,63,67,129,34,68,56,120,19,32,126"/><U125/><E69/><V127/><F33/><W35/><G120/><T51/><D113/><U58/><E125/><V2/><F74/><W122/><G122/><T26/><D124/><U84/><E58/><V83/><F127/><W41/><G126/><T3/><D132/><U98/><E98/><V71/><F105/><W29/><G114/><T75/><D75/><U128/><E128/><V37/><F112/><W42/><G129/><T55/><D62/><U36/><E36/><V28/><F2/><W80/><G29/><T89/><D38/><U1/><E1/><V15/><F134/><W12/><G68/><T108/><D39/><U60/><E60/><V27/><F109/><W111/><G59/><T116/><D116/><U8/><E96/><V85/><F15/><W48/><G48/><T117/><D117/><U100/><E100/><V130/><F130/><W94/><G94/><N who="0" m="56799" /><D3/><U18/><E5/><V13/><F13/><W52/><G67/><T11/><D51/><U21/><REACH who="1" step="1"/><E104/><REACH who="1" ten="211,442,40,297" step="2"/><V25/><F37/><W64/><G111/><T97/><D108/><U123/><E123/><V103/><F103/><W4/><G4/><T133/><D97/><U44/><E44/><V40/><F47/><W23/><REACH who="3" step="1"/><G64/><REACH who="3" ten="211,442,40,287" step="2"/><T46/><D133/><U118/><E118/><V101/><F65/><W90/><G90/><T73/><D89/><U43/><E43/><V7/><F40/><W106/><G106/><T115/><D115/><U45/><E45/><V107/><F7/><W66/><G66/><T30/><D46/><U110/><E110/><V10/><F107/><W50/><G50/><RYUUKYOKU ba="2,2" sc="211,10,442,10,40,-30,287,10" hai0="9,11,22,26,30,53,54,55,73,81" hai1="6,8,14,17,18,21,24,31,72,79,82,84,88" hai3="12,19,23,32,34,35,41,42,52,56,63,76,80" /><INIT seed="1,3,2,1,1,105" ten="221,452,10,297" oya="1" hai0="61,36,47,129,68,128,77,33,25,18,85,90,0" hai1="69,88,50,87,127,42,57,124,14,15,95,13,120" hai2="65,56,16,20,27,51,24,71,23,38,2,111,114" hai3="31,117,48,30,70,76,106,55,5,126,116,78,40"/><U97/><E120/><V59/><F38/><W113/><G113/><T118/><D118/><N who="3" m="45673" /><G106/><T4/><D4/><U60/><E69/><V26/><F114/><W132/><G70/><T73/><D0/><U110/><E110/><V39/><F39/><W94/><G132/><T67/><D18/><U58/><E97/><V64/><F111/><W130/><G126/><N who="1" m="48170" /><E60/><V96/><F2/><W84/><G5/><T92/><D25/><U123/><E123/><V63/><F71/><W83/><G40/><N who="0" m="22919" /><D77/><N who="3" m="29801" /><G94/><T21/><D21/><U29/><E29/><V115/><F115/><W44/><G130/><N who="0" m="50283" /><D33/><U122/><E122/><V3/><F3/><W46/><G46/><AGARI ba="3,2" hai="13,14,15,42,46,50,57,58,87,88,95" m="48170" machi="46" ten="30,2900,0" yaku="18,1,54,1" doraHai="105" who="1" fromWho="3" sc="221,0,452,58,10,0,297,-38" /><INIT seed="1,4,0,5,1,23" ten="221,510,10,259" oya="1" hai0="116,34,29,19,115,92,50,132,113,36,104,83,3" hai1="82,20,107,11,27,1,14,16,91,73,114,101,8" hai2="58,123,88,130,17,75,13,7,74,124,97,64,28" hai3="43,42,93,57,77,133,21,5,72,129,35,86,89"/><U39/><E114/><V53/><F123/><W45/><G35/><T69/><D92/><U15/><E39/><V55/><F124/><W79/><G133/><T6/><D50/><U12/><E1/><V127/><F127/><W33/><G33/><T106/><D83/><U63/><E107/><V32/><F130/><W70/><G70/><T108/><D104/><U111/><E101/><V52/><F7/><W102/><G129/><T67/><D67/><U48/><E111/><V47/><F47/><W128/><G128/><T71/><D106/><U9/><E63/><V30/><F74/><W37/><G102/><T135/><D36/><U109/><E109/><V122/><F75/><W40/><G5/><T78/><D78/><U131/><E131/><V4/><F4/><W81/><G79/><T46/><D19/><N who="1" m="12703" /><E73/><V44/><F44/><W118/><G118/><T61/><D46/><U105/><E105/><V103/><F103/><W87/><G72/><T95/><D108/><U76/><E48/><V96/><F122/><W120/><G120/><T84/><D61/><U24/><E76/><V56/><F32/><W125/><G125/><T2/><D116/><U80/><E91/><V121/><F121/><W26/><REACH who="3" step="1"/><G57/><REACH who="3" ten="221,510,10,249" step="2"/><N who="2" m="22121" /><F64/><W18/><AGARI ba="4,1" hai="18,21,26,37,40,42,43,45,77,81,86,87,89,93" machi="18" ten="20,5200,0" yaku="1,1,0,1,7,1,52,1,53,0" doraHai="23" doraHaiUra="66" who="3" fromWho="3" sc="221,-17,510,-30,10,-17,249,74" owari="204,-19.6,480,58.0,-7,-50.7,323,12.3" /></mjloggm>