<mjloggm ver="2.3"><GO type="225" lobby="0"/><UN n0="%33%74%72%65%65" n1="%45%6C%79%73%69%75%6D" n2="%63%68%78%62%64" n3="%E5%8F%AF%E5%85%90%E9%82%A3%E7%94%B1%E5%A4%9A" dan="16,17,16,17" rate="2132.71,2128.10,2160.96,2256.63" sx="F,F,M,F"/><TAIKYOKU oya="0"/><INIT seed="0,0,0,1,0,1" ten="250,250,250,250" oya="0" hai0="98,44,71,61,51,132,119,26,104,40,70,99,75" hai1="5,72,76,97,124,7,135,68,43,39,31,82,87" hai2="67,59,47,95,62,77,112,37,18,16,56,126,19" hai3="79,114,57,107,134,38,8,10,30,89,108,106,129"/><T111/><D119/><U128/><E128/><V25/><F112/><W36/><G114/><T45/><D132/><U22/><E68/><V50/><F126/><W109/><G79/><T28/><D75/><U91/><E124/><V23/><F37/><W117/><G117/><T21/><D111/><N who="3" m="42569" /><G129/><T14/><D104/><N who="3" m="39977" /><G134/><T2/><D2/><U15/><E135/><V41/><F77/><W3/><G30/><T64/><D70/><U24/><E97/><V110/><F110/><W52/><G89/><T32/><REACH who="0" step="1"/><D45/><REACH who="0" ten="240,250,250,250" step="2"/><U122/><E122/><V42/><F42/><W58/><G58/><T116/><D116/><U120/><E120/><V54/><REACH who="2" step="1"/><F95/><REACH who="2" ten="240,250,240,250" step="2"/><W63/><G3/><T92/><D92/><U35/><E43/><V46/><F46/><W69/><G69/><T133/><D133/><U11/><E39/><AGARI ba="0,2" hai="8,10,36,38,39,52,57,63" m="39977,42569" machi="39" ten="40,2600,0" yaku="14,1,54,1" doraHai="1" who="3" fromWho="1" sc="240,0,250,-26,240,0,250,46" /><INIT seed="1,0,0,3,2,56" ten="240,224,240,296" oya="1" hai0="29,79,71,107,15,34,8,64,113,126,57,73,129" hai1="81,131,96,101,41,135,80,31,77,111,125,61,37" hai2="74,103,27,6,116,76,104,32,115,130,24,54,49" hai3="122,110,33,3,85,16,94,46,43,106,45,17,98"/><U40/><E131/><V9/><F116/><W55/><G122/><T119/><D119/><U35/><E125/><V62/><F115/><W50/><G3/><T13/><D113/><U53/><E135/><V21/><F130/><W99/><G33/><T112/><D112/><U88/><E111/><V121/><F121/><W82/><G110/><T0/><D129/><U67/><E53/><V42/><F32/><W14/><G106/><T109/><D109/><U83/><E37/><V47/><F74/><W128/><G128/><T92/><D71/><N who="1" m="42479" /><E77/><V78/><F104/><W133/><G133/><T134/><D107/><N who="1" m="63911" /><E88/><V20/><F103/><W89/><G14/><T120/><D15/><U11/><E11/><V127/><F127/><W18/><REACH who="3" step="1"/><G94/><REACH who="3" ten="240,224,240,286" step="2"/><T105/><D92/><U123/><E123/><V48/><F24/><AGARI ba="0,1" hai="24,31,35,40,41,80,81,83" m="63911,42479" machi="24" ten="30,2900,0" yaku="25,1,52,1" doraHai="56" who="1" fromWho="2" sc="240,0,224,39,240,-29,286,0" /><INIT seed="1,1,0,1,4,0" ten="240,263,211,286" oya="1" hai0="130,132,75,111,116,2,98,119,63,58,34,28,8" hai1="95,13,20,79,14,40,84,112,120,1,107,89,50" hai2="73,35,47,61,72,82,43,100,71,83,70,121,110" hai3="7,41,66,114,88,92,9,27,97,42,118,128,125"/><U115/><E120/><V108/><F121/><W135/><G114/><T76/><D111/><N who="2" m="42538" /><F35/><W101/><G135/><T26/><D132/><U46/><E107/><V52/><F100/><W12/><G128/><T65/><D130/><U48/><E1/><V24/><F24/><W117/><G125/><T38/><D38/><U96/><E50/><N who="2" m="27007" /><F83/><W106/><G66/><T17/><D98/><U94/><E79/><N who="2" m="44391" /><F73/><W6/><G27/><T37/><D37/><U81/><E81/><V10/><F10/><W103/><G103/><T33/><D33/><U69/><E112/><V21/><F21/><W127/><G127/><T77/><D75/><U102/><E115/><V57/><AGARI ba="1,0" hai="52,57,61,70,71" m="44391,27007,42538" machi="57" ten="30,2000,0" yaku="14,1,54,1" doraHai="0" who="2" fromWho="2" sc="240,-6,263,-11,211,23,286,-6" /><INIT seed="2,0,0,0,2,21" ten="234,252,234,280" oya="2" hai0="93,45,90,68,105,27,118,127,131,58,35,23,100" hai1="129,42,103,40,84,111,123,87,133,16,3,82,31" hai2="108,5,9,71,60,37,49,24,125,43,28,109,132" hai3="65,11,91,120,80,1,59,83,130,46,73,51,13"/><V18/><F132/><W53/><G120/><T4/><D68/><U95/><E123/><V107/><F107/><W79/><G1/><T30/><D131/><U36/><E129/><V38/><F18/><W122/><G122/><T29/><D127/><U7/><E133/><V98/><F125/><W52/><G130/><T25/><D118/><U117/><E117/><V62/><F98/><W89/><G65/><T6/><D58/><U15/><E111/><N who="2" m="42571" /><F49/><W14/><G83/><T110/><D110/><U106/><E106/><V17/><F17/><W41/><G53/><T56/><D56/><U72/><E31/><V94/><F94/><W77/><G77/><T64/><D64/><U63/><E95/><V39/><F43/><W67/><G67/><T78/><D45/><U44/><E42/><V88/><F88/><W55/><G55/><T47/><D78/><N who="1" m="44359" /><E103/><V34/><F71/><W97/><G97/><T2/><D100/><U85/><E63/><V0/><AGARI ba="0,0" hai="0,5,9,24,28,34,37,38,39,60,62" m="42571" machi="0" ten="40,7800,0" yaku="14,1,10,1,52,1" doraHai="21" who="2" fromWho="2" sc="234,-26,252,-26,234,78,280,-26" /><INIT seed="2,1,0,3,4,49" ten="208,226,312,254" oya="2" hai0="110,52,66,102,1,96,67,39,124,78,77,23,100" hai1="74,33,24,71,45,48,108,132,29,106,130,107,112" hai2="37,123,75,9,63,51,31,127,3,76,44,82,117" hai3="57,109,92,41,28,99,120,91,18,72,11,61,26"/><V98/><F123/><W70/><G120/><T104/><D110/><U129/><E112/><V7/><F117/><W122/><G122/><T10/><D124/><U60/><E108/><V5/><F127/><W6/><G109/><T56/><D39/><U85/><E74/><V111/><F7/><W84/><G72/><T0/><D102/><U89/><E132/><V4/><F4/><W21/><G70/><T93/><D104/><U27/><E27/><V55/><F111/><W2/><G41/><T121/><D121/><U42/><E60/><V81/><F81/><W97/><REACH who="3" step="1"/><G28/><REACH who="3" ten="208,226,312,244" step="2"/><T59/><D0/><U94/><E71/><V87/><F31/><W43/><G43/><T64/><D1/><U20/><E129/><V16/><F75/><W34/><G34/><T58/><D23/><U53/><E130/><V118/><F118/><W68/><G68/><T88/><D10/><U17/><E42/><V12/><F37/><W101/><G101/><T131/><D131/><U25/><AGARI ba="1,1" hai="17,20,24,25,29,33,45,48,53,85,89,94,106,107" machi="25" ten="20,2700,0" yaku="0,1,7,1,52,1" doraHai="49" who="1" fromWho="1" sc="208,-8,226,40,312,-14,244,-8" /><INIT seed="3,0,0,2,1,59" ten="200,266,298,236" oya="3" hai0="31,61,89,93,68,105,2,107,104,122,125,124,69" hai1="19,35,7,15,78,23,55,103,22,77,24,6,71" hai2="52,29,5,117,85,48,42,99,25,26,32,86,88" hai3="102,17,51,64,133,65,8,30,115,37,49,43,40"/><W67/><G115/><T108/><D122/><U62/><E35/><V90/><F117/><W116/><G116/><T76/><D108/><U100/><E6/><V129/><F129/><W118/><G118/><T0/><D76/><N who="1" m="29291" /><E71/><N who="0" m="27209" /><D31/><N who="1" m="17815" /><E7/><V95/><F42/><N who="3" m="15915" /><G30/><T45/><D45/><U113/><E113/><V75/><F75/><W91/><G102/><N who="1" m="38954" /><E55/><V20/><F5/><W135/><G91/><T34/><D34/><U81/><E81/><V134/><F90/><W3/><G3/><T56/><D89/><U54/><E54/><V14/><F134/><N who="3" m="51211" /><G37/><T13/><D0/><U114/><E114/><V126/><F126/><N who="0" m="48746" /><D2/><U21/><E21/><V11/><F11/><W112/><G112/><T66/><D93/><U1/><E1/><V36/><F36/><W74/><G74/><T101/><D101/><U50/><E50/><N who="3" m="18954" /><G8/><T109/><D109/><U83/><E83/><V121/><F121/><W111/><G111/><T12/><AGARI ba="0,0" hai="12,13,56,61,66,104,105,107" m="48746,27209" machi="12" ten="40,2700,0" yaku="18,1,52,1" doraHai="59" who="0" fromWho="0" sc="200,27,266,-7,298,-7,236,-13" /><INIT seed="4,0,0,0,2,122" ten="227,259,291,223" oya="0" hai0="72,0,64,5,103,126,109,61,104,51,57,125,87" hai1="90,77,29,2,38,114,23,35,19,6,56,44,81" hai2="24,129,100,45,20,60,48,111,25,121,133,123,65" hai3="117,66,106,73,4,36,46,18,69,132,119,78,53"/><T110/><D72/><N who="1" m="43175" /><E114/><V31/><F111/><N who="0" m="42506" /><D87/><U7/><E90/><V127/><F133/><W54/><G132/><T85/><D85/><U71/><E56/><V8/><F129/><W30/><G73/><T124/><D51/><U89/><E89/><V116/><F127/><W13/><G78/><T84/><D84/><U49/><E49/><V62/><F8/><W112/><G112/><T88/><D88/><U50/><E50/><V70/><F62/><W28/><G36/><T14/><D0/><U79/><E2/><V134/><F116/><W37/><G37/><T11/><D103/><U96/><E79/><V47/><F134/><W10/><G119/><T80/><D104/><U59/><E38/><V118/><F47/><W91/><G106/><T43/><D43/><U99/><E44/><V115/><F115/><W42/><G117/><T101/><D101/><U130/><E130/><V135/><F135/><W93/><G42/><T82/><AGARI ba="0,0" hai="5,11,14,57,61,64,80,82,124,125,126" m="42506" machi="82" ten="40,12000,1" yaku="18,1,10,1,52,3" doraHai="122" who="0" fromWho="0" sc="227,120,259,-40,291,-40,223,-40" owari="347,44.7,219,-18.1,251,5.1,183,-31.7" /></mjloggm>