<mjloggm ver="2.3"><GO type="225" lobby="0"/><UN n0="%E3%83%A9%E3%83%96%E3%83%AC%E3%83%BC" n1="%E6%97%A5%E6%9B%9C%E6%97%A5%E3%82%88%E3%82%8A%E3%81%AE%E4%BD%BF%E8%80%85" n2="%73%61%6E%64%69%72%69%73" n3="%E8%81%B7%E6%A5%AD%E3%80%81%E9%A2%A8%32" dan="18,17,16,16" rate="2199.50,2158.66,2195.32,2150.77" sx="M,M,M,M"/><TAIKYOKU oya="0"/><INIT seed="0,0,0,0,5,80" ten="250,250,250,250" oya="0" hai0="72,23,43,12,54,45,31,0,5,113,104,109,18" hai1="135,9,93,90,30,52,124,51,130,125,2,21,28" hai2="108,96,14,123,133,86,40,121,65,79,67,34,6" hai3="105,37,46,53,85,4,115,111,112,95,84,89,3"/><T118/><D113/><U17/><E130/><V56/><F34/><W116/><G116/><T47/><D118/><U50/><E50/><V16/><F108/><W32/><G111/><T61/><D109/><U26/><E135/><V77/><F133/><W22/><G32/><T97/><D72/><U88/><E2/><V131/><F131/><W132/><G105/><T71/><D31/><U73/><E73/><V11/><F121/><W63/><G132/><T1/><D5/><U94/><E94/><V83/><F123/><W119/><G119/><T38/><D47/><U60/><E60/><V10/><F79/><W69/><G37/><T27/><D12/><U55/><E90/><V101/><F56/><N who="3" m="35215" /><G69/><T100/><REACH who="0" step="1"/><D54/><REACH who="0" ten="240,250,250,250" step="2"/><U91/><E55/><V29/><F29/><W44/><G112/><T19/><D19/><U78/><E30/><V74/><F74/><W106/><G46/><T122/><D122/><U134/><E134/><V76/><F40/><W49/><G4/><T114/><D114/><U57/><E28/><V68/><F6/><W59/><G3/><T110/><D110/><U33/><E52/><V13/><F13/><W81/><G115/><T62/><D62/><U129/><E17/><V128/><F16/><W25/><G44/><T58/><D58/><U70/><E57/><V42/><F14/><W117/><G117/><T64/><AGARI ba="0,1" hai="0,1,18,23,27,38,43,45,61,64,71,97,100,104" machi="64" ten="30,6000,0" yaku="1,1,0,1,53,1" doraHai="80" doraHaiUra="39" who="0" fromWho="0" sc="240,70,250,-20,250,-20,250,-20" /><INIT seed="0,1,0,1,2,13" ten="310,230,230,230" oya="0" hai0="74,96,87,133,77,32,11,126,35,20,38,80,81" hai1="115,92,67,15,127,28,102,109,6,16,62,39,40" hai2="55,42,94,134,27,103,49,26,86,31,3,47,52" hai3="8,131,123,120,53,100,84,24,107,65,114,93,70"/><T25/><D126/><U46/><E127/><V106/><F134/><W69/><G114/><T56/><D133/><U5/><E115/><V66/><F3/><W128/><G107/><T135/><D38/><U54/><E28/><V2/><F2/><W118/><G118/><T58/><D96/><U121/><E121/><N who="3" m="46666" /><G53/><T125/><D125/><U22/><E54/><V0/><F0/><W98/><G65/><T110/><D11/><U71/><REACH who="1" step="1"/><E109/><REACH who="1" ten="310,220,230,230" step="2"/><V85/><F52/><W124/><G124/><T1/><D110/><U72/><E72/><V95/><F55/><W116/><G116/><T76/><D135/><U9/><E9/><V21/><F66/><W18/><G8/><T101/><D74/><U12/><E12/><V75/><F75/><W111/><G111/><T23/><D1/><U89/><E89/><V14/><F14/><W59/><G131/><T99/><D101/><U17/><E17/><V44/><F27/><W41/><G24/><T108/><D25/><U64/><E64/><V4/><F4/><W10/><G18/><T129/><D129/><U79/><E79/><V105/><F103/><W68/><G10/><T60/><D108/><U104/><E104/><N who="2" m="40043" /><F47/><W90/><G128/><T34/><D34/><U36/><E36/><V132/><F132/><W91/><G100/><T50/><D35/><U30/><E30/><V63/><F63/><W112/><G112/><T29/><D29/><U97/><AGARI ba="1,1" hai="5,6,15,16,22,39,40,46,62,67,71,92,97,102" machi="97" ten="30,7900,0" yaku="1,1,0,1,52,1,54,1,53,0" doraHai="13" doraHaiUra="113" who="1" fromWho="1" sc="310,-40,220,92,230,-21,230,-21" /><INIT seed="1,0,0,1,0,96" ten="270,312,209,209" oya="1" hai0="53,104,44,111,7,73,67,133,27,45,105,47,38" hai1="108,132,115,66,11,134,124,34,117,129,42,40,56" hai2="85,17,81,127,31,100,64,39,35,50,91,86,43" hai3="19,114,101,49,12,58,125,97,57,130,83,113,82"/><U120/><E34/><V1/><F1/><W99/><G125/><T123/><D73/><U116/><E11/><V16/><F39/><W6/><G6/><T89/><D67/><U135/><E115/><V74/><F74/><W107/><G130/><T77/><D77/><U8/><E8/><V20/><F35/><W51/><G12/><T62/><D7/><U28/><E28/><V21/><F127/><W119/><G19/><T48/><D62/><N who="1" m="38215" /><E124/><V75/><F75/><W24/><G107/><T126/><D105/><U55/><E129/><V15/><F31/><W69/><G69/><T118/><D38/><U78/><E78/><V61/><F50/><W29/><G119/><N who="1" m="45642" /><E120/><V32/><F43/><N who="1" m="16425" /><E55/><V41/><F41/><W128/><G128/><T9/><D9/><U90/><E90/><V84/><F32/><W92/><G29/><T36/><D36/><U46/><E46/><V63/><F100/><W72/><G72/><T88/><D104/><U22/><E22/><V87/><REACH who="2" step="1"/><F64/><REACH who="2" ten="270,312,199,209" step="2"/><W10/><G101/><T71/><D126/><U3/><E3/><V30/><F30/><W131/><G131/><T98/><D118/><U93/><E135/><V102/><F102/><W0/><G0/><T122/><D133/><U112/><E134/><V95/><F95/><W5/><G92/><T60/><D123/><U121/><E121/><V25/><AGARI ba="0,1" hai="15,16,17,20,21,25,61,63,81,84,85,86,87,91" machi="25" ten="30,7900,0" yaku="1,1,0,1,8,1,54,1,53,0" doraHai="96" doraHaiUra="4" who="2" fromWho="2" sc="270,-20,312,-39,199,89,209,-20" /><INIT seed="2,0,0,4,2,24" ten="250,273,288,189" oya="2" hai0="126,112,5,101,82,8,93,46,95,55,20,42,69" hai1="115,98,135,87,6,130,18,16,97,74,132,86,35" hai2="123,48,72,58,103,25,36,52,124,88,43,96,23" hai3="22,1,116,14,119,21,84,10,77,65,129,26,3"/><V90/><F72/><W81/><G129/><T60/><D112/><U9/><E115/><V49/><F36/><W28/><G65/><T113/><D126/><U15/><E35/><V107/><F123/><W12/><G84/><N who="1" m="32298" /><E74/><V111/><F124/><W29/><G77/><T44/><D82/><U118/><E118/><N who="3" m="45098" /><G81/><T131/><D131/><U110/><E130/><V39/><F39/><W57/><G57/><T104/><D104/><U13/><E110/><V50/><F111/><W0/><G10/><T109/><D109/><U17/><E15/><N who="3" m="5674" /><G26/><T117/><D113/><U114/><E114/><V127/><F127/><W106/><G106/><T102/><D8/><U34/><E34/><V75/><F75/><W66/><G66/><T80/><D80/><U83/><E83/><V38/><F38/><W99/><G99/><T91/><D117/><U105/><E105/><V32/><F32/><W64/><G64/><T7/><D55/><U31/><E98/><V70/><F70/><W62/><G62/><T128/><D60/><U51/><E97/><V92/><F43/><W59/><G59/><T78/><D128/><U73/><E73/><V33/><F33/><W134/><G134/><N who="1" m="51242" /><E51/><N who="2" m="19531" /><F107/><W30/><AGARI ba="0,0" hai="0,1,3,21,22,28,29,30" m="5674,45098" machi="30" ten="40,12000,2" yaku="28,2,34,2,52,3" doraHai="24" who="3" fromWho="3" sc="250,-30,273,-30,288,-60,189,120" /><INIT seed="3,0,0,2,2,73" ten="220,243,228,309" oya="3" hai0="15,88,30,118,135,86,2,57,46,13,128,64,18" hai1="38,114,102,103,50,96,98,1,77,45,74,9,63" hai2="39,8,31,35,42,51,56,65,108,82,127,58,41" hai3="97,70,69,28,62,59,122,78,0,47,25,36,60"/><W112/><G112/><T120/><D118/><U40/><E63/><V119/><F119/><W21/><G122/><T99/><D120/><U54/><E114/><V34/><F39/><W20/><G0/><T94/><D2/><U133/><E133/><V44/><F108/><W109/><G109/><T5/><D135/><U48/><E98/><V130/><F130/><W53/><G36/><T71/><D71/><U125/><E125/><V126/><F42/><W83/><G47/><T37/><D128/><U87/><E87/><V84/><F8/><W22/><G97/><T121/><D121/><U66/><E66/><V90/><F65/><W23/><REACH who="3" step="1"/><G62/><REACH who="3" ten="220,243,228,299" step="2"/><N who="0" m="37967" /><D37/><U33/><E96/><V3/><F3/><W124/><G124/><T92/><D46/><U93/><E38/><V115/><F115/><W29/><G29/><T105/><D105/><U6/><E45/><V117/><F127/><W7/><G7/><T89/><D30/><U68/><E6/><V81/><F126/><W110/><G110/><T67/><D5/><U14/><E1/><V129/><F129/><W26/><G26/><T123/><D123/><U95/><E14/><N who="0" m="5129" /><D67/><U79/><E68/><V43/><F117/><W76/><G76/><T10/><D18/><U85/><E79/><N who="2" m="46143" /><F43/><W12/><G12/><T32/><D32/><N who="2" m="12330" /><F31/><W4/><G4/><T17/><D17/><U61/><E33/><V55/><F41/><W80/><G80/><T104/><D104/><U24/><E40/><V132/><F132/><W75/><AGARI ba="0,1" hai="20,21,22,23,25,28,53,59,60,69,70,75,78,83" machi="75" ten="30,6000,0" yaku="1,1,0,1,52,1,53,0" doraHai="73" doraHaiUra="91" who="3" fromWho="3" sc="220,-20,243,-20,228,-20,299,70" owari="200,-30.0,223,2.3,208,-19.2,369,46.9" /></mjloggm>