<mjloggm ver="2.3"><GO type="225" lobby="0"/><UN n0="%E3%83%94%E3%83%B3%E3%82%B5%E3%83%AD%E5%BA%97%E5%93%A1" n1="%73%73%6B%5F%66%72%65%65" n2="%E6%A1%9C%E8%8A%B1%E9%96%83%E3%80%85" n3="%E3%81%BF%E3%81%BF%E3%81%9A" dan="17,16,16,18" rate="2188.29,2165.50,2218.63,2245.72" sx="M,M,M,M"/><TAIKYOKU oya="0"/><INIT seed="0,0,0,0,3,86" ten="250,250,250,250" oya="0" hai0="103,65,102,12,53,25,93,54,40,64,45,59,19" hai1="115,112,89,14,96,131,75,4,116,119,76,132,32" hai2="17,117,63,72,107,46,20,9,55,129,113,123,73" hai3="82,83,62,28,44,80,29,21,134,74,110,0,128"/><T130/><D130/><U58/><E132/><V47/><F123/><W101/><G0/><T122/><D122/><U111/><E131/><V6/><F129/><W127/><G128/><T26/><D26/><U95/><E32/><V36/><F107/><W51/><G74/><T49/><D25/><U77/><E58/><V99/><F113/><N who="1" m="43593" /><E111/><V1/><F117/><N who="1" m="45129" /><E75/><V135/><F135/><W88/><G134/><T23/><D54/><U34/><E34/><V57/><F99/><W85/><G110/><T33/><D33/><U67/><E67/><N who="0" m="25673" /><D93/><U50/><E50/><AGARI ba="0,0" hai="12,19,23,40,45,49,50,53,59,102,103" m="25673" machi="50" ten="30,1500,0" yaku="8,1" doraHai="86" who="0" fromWho="1" sc="250,15,250,-15,250,0,250,0" /><INIT seed="0,1,0,4,1,3" ten="265,235,250,250" oya="0" hai0="92,41,1,130,23,38,83,128,99,104,109,7,126" hai1="9,54,114,40,73,72,77,123,51,95,94,16,13" hai2="80,108,96,82,0,89,134,32,106,102,50,64,121" hai3="91,28,86,19,110,43,37,75,68,2,131,21,25"/><T57/><D104/><U5/><E123/><V78/><F32/><W66/><G75/><T11/><D126/><U93/><E114/><V70/><F121/><W20/><G110/><T81/><D109/><U36/><E77/><V56/><F108/><W124/><G124/><T103/><D57/><U39/><E39/><V129/><F129/><N who="0" m="49770" /><D23/><U59/><E40/><V46/><F134/><W135/><G131/><T29/><D29/><U48/><E48/><V24/><F70/><W125/><G125/><T53/><D53/><U118/><E36/><V26/><F56/><W14/><G135/><T76/><D76/><U132/><E132/><V105/><F64/><W35/><G68/><T107/><D107/><U27/><REACH who="1" step="1"/><E118/><REACH who="1" ten="265,225,250,250" step="2"/><V63/><F78/><W45/><G37/><T12/><D1/><U120/><E120/><V31/><F0/><W49/><G2/><T60/><D60/><U30/><E30/><V85/><F63/><W4/><G66/><T69/><D69/><U127/><E127/><V97/><F31/><W74/><G74/><T84/><D84/><U101/><E101/><V15/><F85/><W61/><G61/><T47/><AGARI ba="1,1" hai="7,11,12,38,41,47,81,83,92,99,103" m="49770" machi="47" ten="30,3000,0" yaku="19,1,52,1" doraHai="3" who="0" fromWho="0" sc="265,43,225,-11,250,-11,250,-11" /><INIT seed="0,2,0,5,4,99" ten="308,214,239,239" oya="0" hai0="119,25,12,87,125,75,129,17,83,109,32,102,105" hai1="47,79,127,6,118,56,134,110,3,54,90,108,23" hai2="66,10,121,71,115,36,78,8,128,14,21,53,16" hai3="122,31,98,33,41,11,113,120,77,114,92,50,104"/><T80/><D119/><U59/><E118/><V18/><F121/><N who="3" m="46699" /><G104/><T49/><D129/><U135/><E79/><V106/><F115/><W62/><G77/><T116/><D116/><U13/><E127/><V74/><F128/><W91/><G11/><T95/><D105/><U57/><E90/><V20/><F36/><W112/><G62/><T44/><D125/><U27/><E3/><V15/><F106/><W63/><G63/><T132/><D75/><U94/><E94/><V19/><F66/><W111/><G111/><N who="1" m="42538" /><E13/><V55/><F71/><W117/><G117/><T58/><D58/><U93/><E93/><V48/><F19/><W30/><G33/><T34/><D34/><U88/><E6/><V29/><F29/><W1/><G1/><T40/><D109/><U26/><E88/><V101/><F78/><W38/><G38/><T130/><D130/><U42/><E54/><N who="2" m="20491" /><F74/><W124/><G124/><T7/><D7/><U69/><E69/><V126/><F126/><W86/><G86/><T43/><D87/><U85/><E85/><V61/><F61/><W24/><G24/><N who="1" m="9258" /><E23/><N who="2" m="8779" /><F48/><AGARI ba="2,0" hai="42,47,48,56,57,59,134,135" m="9258,42538" machi="48" ten="40,1300,0" yaku="14,1" doraHai="99" who="1" fromWho="2" sc="308,0,214,19,239,-19,239,0" /><INIT seed="1,0,0,2,4,6" ten="308,233,220,239" oya="1" hai0="65,0,36,134,80,72,46,94,64,67,30,31,121" hai1="119,48,14,54,25,38,73,26,109,42,131,105,55" hai2="116,40,112,86,59,89,56,35,125,22,41,98,85" hai3="53,100,133,95,114,49,18,107,104,113,17,97,82"/><U74/><E119/><V44/><F116/><W115/><G133/><T33/><D134/><U9/><E131/><V70/><F35/><W92/><G82/><T135/><D135/><U88/><E105/><V75/><F75/><W5/><G107/><T58/><D33/><U93/><E109/><V8/><F70/><W45/><G5/><T57/><D0/><U78/><E38/><V60/><F125/><W106/><G106/><T122/><D94/><U130/><E130/><V23/><F98/><W132/><G132/><T101/><D101/><U124/><E124/><V1/><F112/><W108/><G108/><T61/><D46/><N who="1" m="25687" /><E78/><V118/><F118/><W27/><G27/><N who="1" m="10250" /><E73/><V43/><F44/><W79/><G79/><N who="0" m="44135" /><D36/><U15/><E15/><V129/><F129/><W117/><G117/><T2/><D2/><U12/><E12/><V77/><F77/><W127/><G127/><T111/><D111/><U128/><E74/><V34/><F34/><W71/><G71/><T32/><D32/><U13/><E13/><V66/><F59/><N who="0" m="22538" /><D61/><U68/><E68/><V7/><REACH who="2" step="1"/><F86/><REACH who="2" ten="308,233,210,239" step="2"/><W3/><G114/><T52/><D122/><U123/><E123/><V20/><F20/><W87/><G115/><T28/><D121/><U24/><E128/><V10/><F10/><W69/><G113/><T83/><D31/><U63/><E9/><V76/><F76/><W110/><G69/><T120/><D120/><U62/><E24/><V51/><F51/><W4/><G110/><T81/><D30/><U16/><E14/><V84/><F84/><W102/><G87/><T29/><D28/><RYUUKYOKU ba="0,1" sc="308,-10,233,-10,210,30,239,-10" hai2="1,7,8,22,23,40,41,43,56,60,66,85,89" /><INIT seed="2,1,1,5,5,32" ten="298,223,240,229" oya="2" hai0="81,52,21,128,14,61,114,33,19,72,122,133,7" hai1="88,129,30,24,49,84,126,63,107,115,92,48,50" hai2="34,124,83,95,11,59,112,15,54,134,71,111,91" hai3="62,41,90,105,45,64,132,4,29,135,17,46,20"/><V80/><F112/><W8/><G105/><T36/><D122/><U65/><E129/><V79/><F71/><N who="3" m="42391" /><G29/><T82/><D114/><U93/><E115/><V37/><F124/><W73/><G90/><T106/><D36/><U110/><E107/><V101/><F134/><N who="3" m="51243" /><G73/><T109/><D106/><U23/><E126/><V130/><F34/><W98/><G98/><T102/><D102/><U2/><E2/><V70/><F130/><W10/><G4/><T53/><D33/><U42/><E110/><V86/><F111/><W119/><G119/><T69/><D133/><U118/><E118/><V12/><F101/><W1/><G1/><T25/><D109/><U121/><E121/><V58/><F79/><W123/><G123/><T85/><D72/><U104/><E104/><V76/><F76/><W9/><G41/><T6/><D82/><U39/><E39/><V97/><F37/><W0/><G0/><T117/><D117/><U3/><E3/><V68/><F83/><W99/><G99/><T31/><D128/><U40/><REACH who="1" step="1"/><E93/><REACH who="1" ten="298,213,240,229" step="2"/><V108/><F108/><W125/><G125/><T75/><D81/><U131/><E131/><V103/><F95/><W56/><G56/><AGARI ba="1,2" hai="23,24,30,40,42,48,49,50,56,63,65,84,88,92" machi="56" ten="40,5200,0" yaku="1,1,8,1,54,1,53,0" doraHai="32" doraHaiUra="74" who="1" fromWho="3" sc="298,0,213,75,240,0,229,-55" /><INIT seed="3,0,0,5,1,81" ten="298,288,240,174" oya="3" hai0="35,130,5,9,120,41,15,94,63,42,97,93,70" hai1="84,49,83,86,89,69,16,131,43,3,113,119,128" hai2="100,30,79,99,54,88,36,64,60,74,39,17,121" hai3="67,23,29,116,65,82,135,112,76,1,71,90,2"/><W50/><G112/><T127/><D120/><U27/><E119/><V126/><F121/><W22/><G116/><T85/><D35/><U19/><E3/><V108/><F108/><W10/><G135/><T103/><D130/><N who="1" m="49707" /><E69/><V98/><F126/><W73/><G50/><T114/><D127/><U48/><E113/><V0/><F0/><W92/><G29/><T34/><D34/><U129/><E43/><V62/><F30/><W13/><G1/><T104/><D114/><U110/><E110/><V132/><F79/><W24/><G2/><T31/><D31/><U61/><E61/><V37/><F74/><W55/><G55/><T4/><D4/><U134/><E134/><V12/><F54/><W57/><G71/><T18/><D5/><U80/><E129/><V32/><F32/><W40/><G40/><T115/><D115/><U107/><E107/><V11/><F132/><W106/><G106/><T102/><D104/><U133/><E133/><V91/><F100/><W118/><G118/><T6/><D6/><U75/><E75/><V87/><F91/><W52/><G24/><T56/><D70/><U8/><E27/><V124/><F124/><W26/><G26/><T117/><D117/><U59/><E59/><V68/><REACH who="2" step="1"/><F60/><REACH who="2" ten="298,288,230,174" step="2"/><N who="3" m="35879" /><G67/><N who="0" m="39399" /><D103/><U125/><E125/><V21/><F21/><N who="3" m="7691" /><G65/><T58/><D58/><U123/><E123/><V101/><F101/><W51/><G51/><N who="1" m="19530" /><E8/><V7/><F7/><N who="3" m="3295" /><G92/><AGARI ba="0,1" hai="11,12,17,36,37,39,62,64,68,87,88,92,98,99" machi="92" ten="40,5200,0" yaku="1,1,52,1,54,1,53,0" doraHai="81" doraHaiUra="105" who="2" fromWho="3" sc="298,0,288,0,230,62,174,-52" /><INIT seed="4,0,0,3,0,1" ten="298,288,292,122" oya="0" hai0="80,37,98,103,14,22,3,92,58,38,79,25,131" hai1="42,6,125,41,34,16,107,83,30,66,13,93,119" hai2="115,26,31,11,60,51,87,106,123,21,68,63,24" hai3="94,7,113,44,129,4,114,8,59,97,29,78,73"/><T76/><D3/><U85/><E107/><V33/><F123/><W56/><G29/><T108/><D131/><U135/><E119/><V15/><F106/><W47/><G78/><T128/><D128/><U86/><E6/><N who="3" m="2090" /><G129/><T9/><D108/><U10/><E135/><V130/><F130/><W65/><G73/><T27/><D38/><U121/><E66/><V105/><F105/><W111/><G111/><T5/><D37/><U20/><E34/><V49/><F115/><N who="3" m="44043" /><G8/><T43/><D79/><N who="1" m="46335" /><E121/><V82/><F11/><W64/><G59/><T95/><D58/><U109/><E125/><V71/><F31/><W57/><G56/><T12/><D76/><U133/><E109/><V69/><F33/><W23/><G23/><T50/><D22/><U62/><E133/><V81/><F69/><W75/><G75/><T74/><D74/><U53/><E30/><V102/><F21/><W120/><G120/><T19/><D9/><U45/><E10/><V39/><F71/><W112/><N who="3" m="44051" /><W28/><DORA hai="134" /><G28/><T89/><D5/><U32/><E32/><V104/><F68/><W54/><G64/><T124/><D124/><U117/><E117/><V70/><F70/><W40/><G65/><T90/><D19/><U61/><E20/><V118/><F118/><W100/><G40/><N who="1" m="15466" /><E16/><V116/><F116/><W101/><G100/><T48/><D103/><U36/><E13/><V0/><F15/><W55/><G55/><T132/><D132/><U46/><E53/><V127/><F102/><W122/><G122/><T18/><D43/><N who="1" m="22759" /><E46/><V91/><F127/><W96/><G96/><RYUUKYOKU ba="0,0" sc="298,-15,288,15,292,-15,122,15" hai1="61,62,86,93" hai3="44,47,54,57,94,97,101" owari="283,8.3,303,40.3,277,-12.3,137,-36.3" /></mjloggm>