<mjloggm ver="2.3"><GO type="225" lobby="0"/><UN n0="%E3%83%9F%E3%83%83%E3%82%AD%E3%83%BC%E8%9B%87%E5%B1%B1" n1="%E3%81%A4%E3%81%A3%E3%81%B1%E3%82%8A%E3%83%9D%E3%83%BC%E3%83%AB" n2="%E3%82%A2%E3%83%A1%E3%82%A2%E3%83%A9%E3%83%AC" n3="%E5%AD%90%E4%BE%9B%E4%BC%9A%E5%93%A1" dan="16,17,16,17" rate="2029.63,2225.83,2116.68,2117.60" sx="M,M,M,M"/><TAIKYOKU oya="0"/><INIT seed="0,0,0,3,3,27" ten="250,250,250,250" oya="0" hai0="81,29,95,126,107,110,58,103,112,78,76,93,122" hai1="88,13,44,4,46,31,16,22,36,77,106,9,97" hai2="124,54,41,64,12,96,6,85,108,119,50,66,116" hai3="0,87,19,89,34,73,109,57,15,21,25,69,114"/><T18/><D112/><U60/><E36/><V40/><F108/><W52/><G114/><T84/><D122/><U56/><E77/><V118/><F124/><W102/><G109/><T48/><D110/><U82/><E106/><V101/><F85/><W71/><G73/><T17/><D126/><U68/><E68/><V45/><F12/><W63/><G0/><T43/><D78/><U2/><E31/><V80/><F6/><W128/><G102/><T62/><D107/><U98/><E98/><V83/><F41/><W59/><G128/><T8/><D29/><U3/><E3/><V30/><F54/><W5/><G59/><T86/><D8/><U39/><E39/><V55/><F55/><W38/><G38/><T10/><D10/><U7/><E7/><V61/><F30/><W104/><G104/><T32/><D32/><U53/><REACH who="1" step="1"/><E82/><REACH who="1" ten="250,240,250,250" step="2"/><V121/><F121/><W130/><G71/><T125/><D81/><U23/><E23/><V37/><F37/><W42/><G69/><T99/><D76/><U100/><E100/><V24/><F83/><W123/><G123/><T33/><D125/><U51/><E51/><V131/><F80/><W47/><G34/><T65/><D33/><U11/><E11/><V26/><F101/><W90/><G5/><T111/><D111/><U75/><E75/><V127/><F127/><W14/><G21/><T134/><D86/><U132/><E132/><V92/><F96/><W105/><G105/><T129/><D134/><U133/><E133/><V20/><F20/><W49/><G49/><T28/><D48/><U67/><E67/><RYUUKYOKU ba="0,1" sc="250,-10,240,30,250,-10,250,-10" hai1="2,4,9,13,16,22,44,46,53,56,60,88,97" /><INIT seed="1,1,1,1,4,31" ten="240,270,240,240" oya="1" hai0="59,52,84,9,11,57,66,34,29,75,92,124,46" hai1="135,40,127,15,86,56,45,13,32,100,58,91,76" hai2="89,63,0,95,112,69,96,51,44,129,106,27,16" hai3="132,3,123,21,28,35,99,26,128,72,17,43,71"/><U79/><E32/><V61/><F129/><W83/><G123/><T48/><D75/><U122/><E122/><V73/><F112/><W14/><G128/><T42/><D124/><U2/><E2/><V98/><F73/><W133/><G71/><T47/><D29/><U88/><E100/><V10/><F69/><W22/><G3/><T49/><D34/><U41/><E127/><V97/><F0/><W108/><G108/><T55/><D66/><U5/><E5/><V54/><F106/><W6/><G6/><T65/><D65/><U90/><E86/><N who="2" m="52663" /><F27/><W119/><G119/><T85/><REACH who="0" step="1"/><D92/><REACH who="0" ten="230,270,240,240" step="2"/><U78/><E135/><V7/><F7/><W113/><G133/><T111/><D111/><U38/><REACH who="1" step="1"/><E41/><AGARI ba="1,2" hai="9,11,41,42,46,47,48,49,52,55,57,59,84,85" machi="41" ten="25,8000,1" yaku="1,1,22,2,8,1,54,1,53,0" doraHai="31" doraHaiUra="87" who="0" fromWho="1" sc="230,103,270,-83,240,0,240,0" /><INIT seed="2,0,0,4,0,55" ten="333,187,240,240" oya="2" hai0="98,35,42,107,109,130,33,32,108,100,123,91,135" hai1="78,126,90,9,53,17,113,120,51,22,50,15,66" hai2="38,7,65,75,106,95,49,12,8,94,13,3,47" hai3="36,71,59,37,102,41,117,10,101,73,103,85,133"/><V105/><F75/><W132/><G73/><T60/><D123/><U43/><E120/><V16/><F38/><N who="3" m="14955" /><G71/><T69/><D42/><U112/><E126/><V31/><F3/><W92/><G41/><T44/><D44/><U121/><E121/><V70/><F31/><W89/><G10/><T79/><D130/><U131/><E131/><V104/><F65/><W67/><G117/><T88/><D135/><N who="3" m="51785" /><G103/><T40/><D40/><U84/><E78/><V80/><F70/><W74/><G74/><T18/><D79/><U20/><E66/><V1/><F1/><W99/><G85/><T26/><D60/><AGARI ba="0,0" hai="59,60,67,89,92,99,101,102" m="51785,14955" machi="60" ten="30,2000,0" yaku="20,1,52,1" doraHai="55" who="3" fromWho="0" sc="333,-20,187,0,240,0,240,20" /><INIT seed="3,0,0,2,0,43" ten="313,187,240,260" oya="3" hai0="106,47,80,78,8,0,39,79,128,45,83,1,40" hai1="112,7,10,61,104,100,124,108,120,111,20,81,91" hai2="58,97,67,49,35,27,72,118,122,82,2,37,84" hai3="33,5,26,117,99,46,51,93,89,85,102,132,69"/><W125/><G117/><T59/><D106/><U6/><E61/><V36/><F118/><W12/><G69/><T13/><D128/><U44/><E44/><V134/><F72/><W90/><G125/><T126/><D126/><U86/><E124/><V38/><F2/><W96/><G132/><T23/><D23/><U110/><E20/><V31/><F134/><W74/><G74/><T57/><D45/><U62/><E62/><V3/><F3/><W64/><G64/><T107/><D107/><U54/><E54/><V16/><F122/><W70/><G70/><T76/><D1/><U56/><E56/><V121/><F121/><W123/><G123/><T103/><D103/><U98/><E120/><V88/><F97/><W71/><G71/><T94/><D94/><U41/><E41/><V68/><F68/><W73/><G73/><T115/><D0/><U135/><E135/><V105/><F105/><W63/><G63/><T109/><D109/><U17/><REACH who="1" step="1"/><E112/><REACH who="1" ten="313,177,240,260" step="2"/><V48/><F58/><W75/><G46/><T52/><D59/><U50/><E50/><V131/><F67/><W25/><G51/><T32/><D115/><U28/><E28/><V4/><F49/><W29/><G29/><T60/><D40/><U66/><E66/><V15/><F48/><W21/><G21/><T53/><D47/><U55/><E55/><V133/><F133/><W87/><G33/><T42/><D42/><U30/><E30/><V101/><F35/><W113/><G113/><T24/><D53/><U11/><E11/><V116/><F31/><W19/><G26/><T14/><D32/><RYUUKYOKU ba="0,1" sc="313,-10,177,30,240,-10,260,-10" hai1="6,7,10,17,81,86,91,98,100,104,108,110,111" owari="313,41.3,207,-29.3,230,-17.0,250,5.0" /></mjloggm>