<mjloggm ver="2.3"><GO type="225" lobby="0"/><UN n0="%E3%83%B4%E3%82%A3%E3%83%AF%E3%82%B3%E3%82%B0%E3%83%8B" n1="%E9%8A%80%E3%81%B0%E3%81%95%E3%81%BF" n2="%6D%75%75%6D%75%72%61" n3="%E6%80%AA%E3%81%97%E3%81%99%E3%81%8E%E3%82%8B%E3%83%81%E3%83%BC" dan="16,17,16,16" rate="2130.17,2212.28,2190.00,2141.30" sx="M,M,F,M"/><TAIKYOKU oya="0"/><INIT seed="0,0,0,4,2,108" ten="250,250,250,250" oya="0" hai0="130,119,103,38,29,129,62,133,113,18,112,47,86" hai1="49,71,104,14,109,42,7,82,66,101,60,74,110" hai2="37,56,11,126,33,43,34,131,72,10,55,8,21" hai3="84,116,45,100,32,95,102,91,128,19,90,12,79"/><T24/><D119/><U4/><E101/><V65/><F126/><W105/><G32/><T20/><D133/><U75/><E104/><V68/><F131/><N who="0" m="50186" /><D103/><U39/><E39/><V46/><F72/><W125/><G105/><T76/><D62/><U50/><E14/><V78/><F78/><W77/><G125/><T117/><D117/><U124/><E124/><V30/><F21/><N who="3" m="11495" /><G116/><T26/><D76/><N who="3" m="29257" /><G128/><T94/><D47/><N who="1" m="25847" /><E82/><V36/><F36/><W111/><G111/><N who="1" m="42506" /><E50/><N who="2" m="30839" /><F30/><W53/><G90/><N who="0" m="53591" /><D38/><U52/><E52/><V70/><F70/><W118/><G118/><T64/><D64/><U99/><E99/><V2/><F2/><W83/><G83/><T57/><D57/><U88/><E88/><V106/><F106/><W120/><G120/><T59/><D59/><U73/><AGARI ba="0,0" hai="4,7,60,66,71,73,74,75" m="42506,25847" machi="73" ten="40,1500,0" yaku="14,1" doraHai="108" who="1" fromWho="1" sc="250,-7,250,15,250,-4,250,-4" /><INIT seed="1,0,0,4,5,43" ten="243,265,246,246" oya="1" hai0="75,8,127,12,86,103,69,50,130,66,7,4,131" hai1="110,21,27,46,58,26,128,77,5,40,35,92,15" hai2="38,81,36,55,83,95,22,11,60,70,89,16,88" hai3="67,30,119,109,132,3,65,91,106,96,42,117,9"/><U39/><E128/><N who="0" m="49193" /><D75/><U17/><E110/><V129/><F129/><W87/><G132/><T105/><D127/><U13/><E77/><V126/><F126/><W62/><G109/><T63/><D50/><U94/><E58/><V20/><F11/><W93/><G30/><T133/><D133/><U34/><E27/><V80/><F22/><W121/><G121/><T114/><D114/><U116/><E116/><N who="3" m="44618" /><G42/><T32/><D32/><U97/><E94/><V134/><F134/><W101/><G62/><T78/><D103/><U31/><E5/><AGARI ba="0,0" hai="3,5,9,65,67,87,91,93,96,101,106" m="44618" machi="5" ten="30,1000,0" yaku="12,1" doraHai="43" who="3" fromWho="1" sc="243,0,265,-10,246,0,246,10" /><INIT seed="2,0,0,2,1,70" ten="243,255,246,256" oya="2" hai0="88,44,117,46,98,3,100,59,23,39,126,119,124" hai1="102,134,14,68,57,93,107,25,91,87,104,18,131" hai2="61,101,42,76,5,36,31,30,105,32,86,69,97" hai3="123,99,121,43,48,128,62,0,47,16,112,80,50"/><V115/><F115/><W106/><G112/><T7/><D59/><U12/><E68/><V56/><F69/><W113/><G113/><T81/><D23/><N who="1" m="13559" /><E107/><V73/><F73/><W111/><G0/><T24/><D24/><U1/><E1/><V29/><F32/><W34/><G111/><T28/><D28/><U135/><E57/><V27/><F27/><W132/><G34/><T66/><D66/><U71/><E71/><V92/><F5/><W20/><G62/><T85/><D7/><U10/><E10/><V96/><F76/><W15/><G132/><N who="1" m="50730" /><E131/><V77/><F77/><W11/><G128/><T79/><D79/><U110/><E110/><V83/><F83/><W130/><G80/><T120/><D120/><U41/><E41/><V103/><F86/><W74/><G74/><T90/><D90/><U125/><E125/><N who="0" m="48233" /><D3/><U51/><E51/><V55/><REACH who="2" step="1"/><F42/><REACH who="2" ten="243,255,236,256" step="2"/><W75/><G130/><T19/><D19/><U4/><E4/><V6/><F6/><W9/><G75/><T89/><D81/><U38/><E38/><AGARI ba="0,1" hai="29,30,31,36,38,55,56,61,92,96,97,101,103,105" machi="38" ten="40,7700,0" yaku="1,1,52,2,53,0" doraHai="70" doraHaiUra="17" who="2" fromWho="1" sc="243,0,255,-77,236,87,256,0" /><INIT seed="2,1,0,2,5,1" ten="243,178,323,256" oya="2" hai0="112,4,34,125,109,58,18,11,132,115,6,95,65" hai1="12,5,10,37,52,130,53,62,79,60,32,63,3" hai2="26,55,97,98,67,36,116,82,68,8,105,45,131" hai3="85,13,127,92,29,84,90,78,66,134,33,25,48"/><V104/><F116/><W43/><G127/><T108/><D125/><U46/><E32/><V47/><F131/><W24/><G134/><T17/><D132/><U83/><E130/><V42/><F82/><W102/><G66/><T110/><D34/><U38/><E12/><V129/><F129/><W86/><G102/><T100/><D65/><U61/><N who="1" m="15360" /><DORA hai="23" /><U59/><E59/><V119/><F119/><W40/><G24/><T81/><D58/><U89/><E89/><V22/><F67/><W80/><G85/><T51/><D51/><U128/><E128/><V30/><F68/><W70/><G70/><T121/><D121/><U99/><E99/><V93/><F8/><W75/><G75/><T69/><D81/><U120/><E120/><V94/><F55/><W9/><REACH who="3" step="1"/><G48/><REACH who="3" ten="243,178,323,246" step="2"/><T126/><D126/><U76/><E76/><V135/><F135/><W87/><G87/><T57/><D69/><U118/><E118/><V28/><F28/><W123/><G123/><T101/><D109/><U54/><REACH who="1" step="1"/><E46/><REACH who="1" ten="243,168,323,246" step="2"/><V27/><F47/><W74/><G74/><AGARI ba="1,2" hai="3,5,10,37,38,52,53,54,74,79,83" m="15360" machi="74" ten="50,8000,1" yaku="1,1,2,1,52,1,54,1,53,0" doraHai="1,23" doraHaiUra="39,96" who="1" fromWho="3" sc="243,0,168,103,323,0,246,-83" /><INIT seed="3,0,0,1,1,94" ten="243,271,323,163" oya="3" hai0="15,14,117,13,57,44,45,96,83,22,6,21,78" hai1="29,104,100,37,93,39,0,61,40,58,75,102,121" hai2="48,65,122,127,125,11,50,17,76,95,86,114,34" hai3="43,119,132,3,112,51,85,101,107,16,59,99,92"/><W42/><G112/><T12/><D117/><U36/><E121/><V103/><F114/><W8/><G119/><T10/><D57/><U41/><E104/><V74/><F122/><W20/><G132/><T4/><D4/><U62/><E0/><V24/><F65/><W52/><G107/><T56/><D56/><U98/><E75/><V1/><F74/><W19/><G85/><N who="0" m="48375" /><D96/><U90/><E29/><N who="2" m="19751" /><F76/><W9/><G3/><T28/><D28/><U46/><E62/><V66/><F66/><W110/><G110/><T123/><D123/><U71/><E71/><V129/><F129/><W70/><G70/><T113/><D113/><U135/><E135/><V120/><F120/><W108/><G108/><T69/><D69/><U72/><E72/><V79/><F103/><W38/><G38/><T91/><D91/><U106/><E41/><N who="3" m="15370" /><G19/><T47/><AGARI ba="0,0" hai="6,10,12,13,14,15,21,22,44,45,47" m="48375" machi="47" ten="30,1100,0" yaku="8,1" doraHai="94" who="0" fromWho="0" sc="243,11,271,-3,323,-3,163,-5" owari="254,-14.6,268,6.8,320,42.0,158,-34.2" /></mjloggm>