<mjloggm ver="2.3"><GO type="225" lobby="0"/><UN n0="%E7%A7%8B%E6%9C%88%E7%9C%9F%E7%90%86%E4%BA%9E" n1="%E5%88%9D%E5%8F%B7%E6%A9%9F%E3%81%A8%E4%BA%8C%E5%8F%B7%E6%A9%9F" n2="%E3%81%A1%E3%82%85%E3%81%86%E3%81%A9%E3%81%8F%E8%B1%A1%E3%81%95%E3%82%93" n3="%70%68%65%6E%6F%6D%65" dan="16,17,17,17" rate="2113.91,2182.38,2187.27,2181.68" sx="F,M,M,M"/><TAIKYOKU oya="0"/><INIT seed="0,0,0,4,5,113" ten="250,250,250,250" oya="0" hai0="2,91,12,18,40,75,69,58,124,101,44,77,28" hai1="102,6,16,74,96,62,8,22,128,114,7,120,31" hai2="85,23,5,105,73,76,112,15,57,79,25,24,92" hai3="14,135,126,33,0,37,103,99,61,122,88,95,42"/><T65/><D2/><U51/><E114/><V64/><F112/><W93/><G0/><T55/><D124/><U131/><E74/><V117/><F105/><W46/><G126/><T34/><D101/><U129/><E120/><V115/><F115/><W111/><G111/><T26/><D91/><U59/><E51/><V17/><F73/><W35/><G122/><T106/><D106/><N who="1" m="63815" /><E31/><V49/><F117/><W4/><G135/><T70/><D65/><N who="1" m="39135" /><E8/><N who="2" m="4495" /><F25/><AGARI ba="0,0" hai="6,7,16,22,25,128,129,131" m="39135,63815" machi="25" ten="30,2000,0" yaku="19,1,54,1" doraHai="113" who="1" fromWho="2" sc="250,0,250,20,250,-20,250,0" /><INIT seed="1,0,0,1,0,118" ten="250,270,230,250" oya="1" hai0="115,60,25,66,39,17,31,129,120,87,111,68,6" hai1="128,28,43,114,92,133,71,104,29,33,56,116,78" hai2="64,13,40,119,32,52,106,72,10,14,91,135,16" hai3="117,76,123,8,55,53,122,41,30,12,126,77,44"/><U11/><E116/><V121/><F119/><W69/><G117/><T42/><D115/><U109/><E114/><V34/><F106/><W51/><G69/><T15/><D111/><U2/><E71/><V23/><F72/><W96/><G126/><T38/><D129/><U98/><E104/><V36/><F135/><W70/><G70/><T26/><D6/><U54/><E43/><V47/><F64/><W63/><G30/><T61/><D42/><U18/><E133/><V65/><F65/><W85/><G96/><T105/><D61/><U24/><E78/><V88/><F121/><N who="3" m="46091" /><G76/><T108/><D108/><U80/><E80/><V21/><F52/><W79/><G63/><T59/><D68/><U134/><E109/><V57/><F57/><W125/><G79/><T95/><D105/><U101/><E134/><V1/><F1/><W99/><G99/><T74/><D74/><U103/><E128/><V50/><F36/><W132/><G125/><T48/><D39/><U19/><E28/><V102/><F102/><W127/><G127/><T7/><D38/><U20/><E33/><V22/><REACH who="2" step="1"/><F13/><REACH who="2" ten="250,270,220,250" step="2"/><W84/><G132/><T82/><D15/><N who="1" m="7551" /><E2/><V9/><F9/><W93/><G12/><T81/><D120/><U100/><E100/><V86/><F86/><W97/><G8/><T107/><D87/><N who="3" m="33353" /><G77/><T27/><D107/><U110/><E103/><V5/><F5/><W62/><G62/><T131/><D7/><U83/><E110/><V67/><F67/><W4/><G4/><T112/><D60/><N who="1" m="35863" /><E83/><N who="0" m="31753" /><D66/><U35/><E35/><AGARI ba="0,1" hai="10,14,16,21,22,23,32,34,35,40,47,50,88,91" machi="35" ten="40,8000,1" yaku="1,1,54,2,53,1" doraHai="118" doraHaiUra="46" who="2" fromWho="1" sc="250,0,270,-80,220,90,250,0" /><INIT seed="2,0,0,1,3,70" ten="250,190,310,250" oya="2" hai0="23,38,4,31,47,13,82,135,21,92,32,58,133" hai1="94,104,26,64,24,85,5,111,60,49,101,42,83" hai2="8,53,30,20,73,12,22,77,61,95,117,0,54" hai3="127,9,106,107,34,132,44,59,33,134,108,36,56"/><V2/><F117/><W129/><G9/><N who="0" m="4263" /><D32/><N who="3" m="12393" /><G108/><T65/><D82/><U75/><E111/><V11/><F95/><W105/><G129/><T14/><D14/><U68/><E104/><V86/><F73/><W67/><G67/><T102/><D47/><U130/><E5/><V3/><F77/><W112/><G127/><T103/><D38/><U17/><E130/><V100/><F100/><W120/><G120/><T50/><D50/><U126/><E75/><V97/><F97/><W118/><G118/><T69/><D69/><U35/><E126/><V93/><F93/><W98/><G98/><N who="0" m="59719" /><D103/><U29/><E94/><V16/><F86/><W27/><G27/><N who="0" m="16879" /><D23/><U6/><E101/><V90/><F90/><W119/><G119/><T63/><AGARI ba="0,0" hai="58,63,65,133,135" m="16879,59719,4263" machi="63" ten="30,1100,0" yaku="25,1" doraHai="70" who="0" fromWho="0" sc="250,11,190,-3,310,-5,250,-3" /><INIT seed="3,0,0,5,4,85" ten="261,187,305,247" oya="3" hai0="31,30,5,22,88,99,17,16,15,39,18,65,35" hai1="50,25,47,61,51,119,111,105,121,135,87,113,73" hai2="133,3,98,19,95,7,63,100,69,67,8,12,120" hai3="45,114,4,104,54,92,28,60,107,79,70,24,83"/><W34/><G114/><T126/><D39/><U91/><E113/><V108/><F108/><W14/><G92/><N who="0" m="56711" /><D126/><U115/><E115/><V116/><F133/><W11/><G45/><T48/><D35/><U43/><E135/><V124/><F124/><W36/><G36/><T74/><D74/><U66/><E121/><V96/><F120/><W42/><G42/><T102/><D102/><U93/><E105/><V33/><F33/><W68/><G54/><T26/><D65/><U41/><E111/><V125/><F125/><W86/><REACH who="3" step="1"/><G70/><REACH who="3" ten="261,187,305,237" step="2"/><T57/><D31/><U20/><E119/><V72/><F116/><W77/><G77/><T123/><D123/><U13/><E73/><V27/><F72/><W1/><G1/><T118/><D118/><U71/><E13/><V109/><F109/><W80/><G80/><T21/><D5/><U29/><REACH who="1" step="1"/><E43/><REACH who="1" ten="261,177,305,237" step="2"/><V64/><F12/><W81/><G81/><T38/><D38/><AGARI ba="0,2" hai="20,25,29,38,41,47,50,51,61,66,71,87,91,93" machi="38" ten="30,7700,0" yaku="1,1,2,1,7,1,52,1,53,0" doraHai="85" doraHaiUra="112" who="1" fromWho="0" sc="261,-77,177,97,305,0,237,0" owari="184,-31.6,274,7.4,305,40.5,237,-16.3" /></mjloggm>