<mjloggm ver="2.3"><GO type="225" lobby="0"/><UN n0="%E3%81%AF%E3%82%88%E3%81%8A%E3%81%98%E3%81%95%E3%82%93" n1="%72%61%6B%33" n2="%4E%49%4A%49%49%52%4F" n3="%E3%82%A2%E3%83%8A%E3%83%BC%E3%81%8D%E3%83%BC" dan="17,17,17,16" rate="2199.43,2157.18,2220.86,2083.60" sx="M,M,M,M"/><TAIKYOKU oya="0"/><INIT seed="0,0,0,4,4,25" ten="250,250,250,250" oya="0" hai0="11,60,130,57,52,42,10,124,46,64,48,93,85" hai1="43,39,115,81,17,126,80,66,121,113,53,108,3" hai2="44,18,41,92,6,35,89,12,38,22,78,107,34" hai3="29,134,111,101,118,83,2,45,125,105,67,106,88"/><T24/><D124/><U33/><E121/><V5/><F107/><W54/><G125/><T132/><D130/><U62/><E126/><V99/><REACH who="2" step="1"/><F78/><REACH who="2" ten="250,250,240,250" step="2"/><W129/><G106/><T15/><D132/><U27/><E115/><V61/><F61/><W96/><G105/><T4/><D10/><U9/><E62/><V112/><F112/><W87/><G134/><T82/><D93/><U79/><E9/><V13/><F13/><W75/><G129/><T102/><D102/><U8/><E8/><V109/><F109/><W19/><G101/><T37/><D24/><U28/><E27/><V131/><F131/><W117/><G111/><T127/><D127/><U100/><E100/><V84/><F84/><W30/><G87/><T26/><D26/><U86/><E86/><V55/><F55/><W59/><G54/><T135/><D135/><U97/><E53/><V128/><F128/><W65/><G118/><T110/><D110/><U49/><E108/><V120/><F120/><W51/><G117/><T14/><D14/><U21/><E113/><V71/><F71/><W91/><G2/><T36/><REACH who="0" step="1"/><D52/><REACH who="0" ten="240,250,240,250" step="2"/><U74/><E3/><V0/><F0/><W63/><G30/><T72/><D72/><U7/><E28/><V116/><F116/><W114/><G29/><T94/><D94/><U122/><E74/><V16/><F16/><W32/><G19/><T76/><AGARI ba="0,2" hai="4,11,15,36,37,42,46,48,57,60,64,76,82,85" machi="76" ten="20,18000,2" yaku="1,1,0,1,7,1,25,2,53,1" doraHai="25" doraHaiUra="47" who="0" fromWho="0" sc="240,200,250,-60,240,-60,250,-60" /><INIT seed="0,1,0,2,5,93" ten="440,190,180,190" oya="0" hai0="46,53,27,104,39,52,6,42,80,82,61,112,47" hai1="62,60,98,3,1,73,131,76,134,85,41,59,19" hai2="124,25,50,38,103,90,32,100,84,117,74,15,36" hai3="120,45,33,28,30,2,108,97,18,31,16,14,130"/><T91/><D112/><U135/><E131/><V123/><F74/><W119/><G120/><T56/><D104/><U26/><E73/><V107/><F123/><W7/><G130/><T17/><D6/><U96/><E41/><V101/><F117/><W68/><G119/><T23/><D47/><U79/><E26/><V75/><F75/><W58/><G68/><T126/><D126/><U63/><E59/><V71/><F71/><W114/><G45/><T92/><REACH who="0" step="1"/><D53/><REACH who="0" ten="430,190,180,190" step="2"/><U81/><E1/><V87/><F107/><W43/><G7/><T44/><D44/><U67/><E3/><V94/><F124/><W21/><G2/><T115/><D115/><U72/><E67/><V65/><F65/><W29/><G114/><T51/><D51/><U20/><E135/><V83/><F50/><W48/><G48/><T13/><D13/><U110/><E134/><V4/><F15/><W9/><G14/><T10/><D10/><U105/><E105/><V113/><F4/><W34/><G9/><T8/><D8/><U66/><E66/><V89/><F113/><W102/><G34/><T35/><D35/><U57/><E62/><V54/><F54/><W125/><G33/><T133/><D133/><U0/><E60/><V106/><F106/><W11/><G125/><T55/><D55/><U116/><E0/><V22/><REACH who="2" step="1"/><F32/><REACH who="2" ten="430,190,170,190" step="2"/><W49/><G43/><T118/><D118/><U12/><E116/><V86/><F86/><AGARI ba="1,2" hai="17,23,27,39,42,46,52,56,61,80,82,86,91,92" machi="86" ten="30,12000,1" yaku="1,1,7,1,54,1,53,2" doraHai="93" doraHaiUra="77" who="0" fromWho="2" sc="430,143,190,0,170,-123,190,0" /><INIT seed="0,2,0,3,2,59" ten="573,190,47,190" oya="0" hai0="28,101,111,61,132,86,76,46,91,35,5,38,7" hai1="84,34,123,69,98,113,41,68,90,115,107,27,3" hai2="114,75,55,96,104,60,125,73,6,43,78,37,93" hai3="1,47,127,19,9,18,100,11,129,32,65,67,64"/><T12/><D132/><U126/><E123/><V8/><F114/><W83/><G32/><T80/><D111/><U102/><E3/><V53/><F104/><W108/><G108/><T24/><D101/><U26/><E41/><V22/><F125/><W52/><G127/><T57/><D12/><U50/><E50/><V4/><F22/><W112/><G112/><N who="1" m="43082" /><E126/><V44/><F6/><W118/><G118/><T106/><D106/><U128/><E128/><V56/><F55/><W21/><G129/><T2/><D2/><U77/><E77/><V116/><F116/><W134/><G134/><T66/><D38/><U135/><E135/><V82/><F73/><W16/><G100/><T94/><REACH who="0" step="1"/><D46/><REACH who="0" ten="563,190,47,190" step="2"/><U121/><E121/><V10/><REACH who="2" step="1"/><F4/><REACH who="2" ten="563,190,37,190" step="2"/><W14/><G1/><T74/><AGARI ba="2,2" hai="5,7,24,28,35,57,61,66,74,76,80,86,91,94" machi="74" ten="20,12000,1" yaku="1,1,2,1,0,1,7,1,52,1,53,0" doraHai="59" doraHaiUra="92" who="0" fromWho="0" sc="563,146,190,-42,37,-42,190,-42" owari="709,80.9,148,-5.2,-5,-50.5,148,-25.2" /></mjloggm>