<mjloggm ver="2.3"><GO type="225" lobby="0"/><UN n0="%E8%B6%85%E7%B4%9A%E9%B3%B3%E5%87%B0" n1="%E3%81%82%E3%81%99%E3%81%AB%E3%82%83%E3%82%80" n2="%E3%81%BF%E3%81%BF%E3%81%9A" n3="%72%61%6B%33" dan="17,16,17,16" rate="2188.43,2116.94,2315.19,2098.41" sx="M,F,M,M"/><TAIKYOKU oya="0"/><INIT seed="0,0,0,4,0,74" ten="250,250,250,250" oya="0" hai0="104,9,1,127,19,26,34,2,6,41,43,63,135" hai1="32,82,130,39,79,16,98,42,112,27,60,96,129" hai2="50,85,11,57,110,87,83,7,59,75,118,28,77" hai3="48,62,91,117,88,102,8,132,33,73,84,55,116"/><T94/><D104/><U78/><E112/><V24/><F24/><W30/><G73/><T64/><D127/><U108/><E108/><V51/><F51/><W14/><BYE who="2" /><G132/><T76/><D135/><U20/><E32/><V123/><F123/><W67/><G102/><T36/><D2/><U113/><E113/><V109/><F109/><W103/><G103/><T45/><D43/><U61/><E82/><V23/><F23/><W5/><G30/><T4/><D6/><U134/><E134/><V58/><F58/><W120/><G33/><T18/><D94/><U95/><E42/><V131/><F131/><N who="1" m="50185" /><E39/><V72/><F72/><W31/><G31/><T47/><D47/><U86/><E86/><V15/><F15/><W100/><G100/><T122/><D122/><U97/><E95/><V124/><F124/><W90/><G84/><T56/><D34/><U0/><E0/><V13/><F13/><W126/><G126/><T38/><D36/><U29/><E29/><V101/><F101/><W89/><N who="3" m="22528" /><DORA hai="66" /><W12/><G12/><T133/><D133/><U35/><E35/><V99/><F99/><W93/><G93/><T22/><REACH who="0" step="1"/><D19/><REACH who="0" ten="240,250,250,250" step="2"/><U106/><E106/><V92/><F92/><W70/><REACH who="3" step="1"/><G120/><REACH who="3" ten="240,250,250,240" step="2"/><T25/><D25/><U68/><E98/><V80/><F80/><W3/><G3/><T21/><D21/><U71/><E97/><V119/><F119/><W125/><G125/><T121/><D121/><U81/><E96/><V17/><F17/><W65/><G65/><T40/><D40/><U53/><E20/><V111/><F111/><W44/><AGARI ba="0,2" hai="5,8,14,44,48,55,62,67,70,116,117" m="22528" machi="44" ten="40,12000,2" yaku="1,1,5,1,0,1,52,1,54,1,53,2" doraHai="74,66" doraHaiUra="107,114" who="3" fromWho="3" sc="240,-60,250,-30,250,-30,240,140" /><INIT seed="1,0,0,1,4,67" ten="180,220,220,380" oya="1" hai0="66,94,95,56,59,125,9,126,89,52,118,134,16" hai1="123,64,127,91,96,31,22,49,25,44,15,98,34" hai2="43,28,27,36,124,14,129,101,104,109,115,35,73" hai3="50,24,74,39,21,111,135,108,76,20,119,3,57"/><U5/><E123/><V23/><F23/><W130/><G39/><T131/><D118/><U60/><E127/><N who="0" m="48649" /><D131/><U55/><E91/><V114/><F114/><W54/><G130/><T77/><D134/><U78/><E78/><V32/><F32/><W92/><G135/><T113/><D113/><U61/><E61/><V0/><F0/><W103/><G119/><T122/><D122/><U97/><E34/><V117/><F117/><W90/><G3/><T106/><D106/><U93/><E15/><V51/><F51/><W72/><G103/><T12/><D77/><U30/><E5/><V85/><F85/><W120/><G120/><T29/><D29/><U116/><E116/><V45/><F45/><W75/><G76/><T65/><D59/><U1/><E1/><V81/><F81/><W58/><G58/><T7/><D7/><U133/><E133/><V80/><F80/><W82/><G82/><T40/><D40/><U48/><E48/><V10/><F10/><W19/><REACH who="3" step="1"/><G21/><REACH who="3" ten="180,220,220,370" step="2"/><T112/><D112/><U46/><E46/><V68/><F68/><W86/><AGARI ba="0,1" hai="19,20,24,50,54,57,72,74,75,86,90,92,108,111" machi="86" ten="40,5200,0" yaku="1,1,2,1,0,1,53,0" doraHai="67" doraHaiUra="62" who="3" fromWho="3" sc="180,-13,220,-26,220,-13,370,62" /><INIT seed="2,0,0,5,5,28" ten="167,194,207,432" oya="2" hai0="49,118,48,70,93,97,98,105,85,12,25,84,123" hai1="23,104,73,2,115,1,46,121,24,92,74,16,22" hai2="75,20,87,13,133,54,19,125,33,129,56,81,127" hai3="21,79,95,40,36,5,8,6,72,82,43,41,38"/><V55/><F55/><W76/><G76/><T120/><D70/><U124/><E104/><V39/><F39/><W90/><G21/><T47/><D118/><U42/><E115/><V4/><F4/><W78/><G78/><T122/><D25/><U134/><E134/><V37/><F37/><W3/><REACH who="3" step="1"/><G6/><REACH who="3" ten="167,194,207,422" step="2"/><T58/><D122/><U53/><E23/><V130/><F130/><W64/><G64/><T110/><D120/><U101/><E121/><V103/><F103/><W51/><G51/><T62/><D123/><U67/><E101/><V34/><F34/><W44/><G44/><T96/><D47/><U45/><E22/><V112/><F112/><W57/><G57/><T60/><D58/><U108/><E45/><V29/><F29/><W7/><G7/><T88/><D49/><U111/><E46/><V26/><F26/><W83/><G83/><T107/><D48/><U68/><E24/><V132/><F132/><W63/><G63/><T14/><D62/><U117/><E67/><V102/><F102/><W35/><G35/><T50/><D60/><U135/><E135/><V91/><F91/><W71/><G71/><T119/><D50/><U106/><E68/><V94/><F94/><W99/><AGARI ba="0,1" hai="3,5,8,36,38,40,41,43,72,79,82,90,95,99" machi="99" ten="30,2000,0" yaku="1,1,0,1,53,0" doraHai="28" doraHaiUra="15" who="3" fromWho="3" sc="167,-5,194,-5,207,-10,422,30" /><INIT seed="3,0,0,1,2,15" ten="162,189,197,452" oya="3" hai0="133,4,77,116,23,129,94,79,76,37,60,6,44" hai1="14,122,104,43,10,82,119,100,31,5,66,98,134" hai2="118,126,109,113,128,9,71,53,2,48,124,21,19" hai3="84,67,34,102,95,68,61,39,13,87,51,11,47"/><W112/><G112/><T101/><D116/><U130/><E122/><V86/><F86/><W123/><G34/><T106/><D129/><U52/><E130/><V46/><F46/><W107/><G107/><T135/><D106/><U91/><E119/><V38/><F38/><W63/><G39/><T110/><D110/><U12/><E31/><V89/><F89/><W81/><G123/><T132/><D23/><U18/><E43/><V120/><F120/><W90/><G102/><T40/><REACH who="0" step="1"/><D60/><REACH who="0" ten="152,189,197,452" step="2"/><U17/><E104/><V97/><F97/><AGARI ba="0,1" hai="4,6,37,40,44,76,77,79,94,97,101,132,133,135" machi="97" ten="50,6400,0" yaku="1,1,2,1,20,1,53,0" doraHai="15" doraHaiUra="35" who="0" fromWho="2" sc="152,74,189,0,197,-64,452,0" owari="226,2.6,189,-21.1,133,-36.7,452,55.2" /></mjloggm>