<mjloggm ver="2.3"><GO type="225" lobby="0"/><UN n0="%6D%75%75%6D%75%72%61" n1="%E6%AF%9B%E8%8D%92%E3%82%8C%E3%83%BB%E3%82%B9%E3%83%9F%E3%82%B9" n2="%E8%80%81%E6%A5%BD" n3="%6B%65%6E%6E%64%69" dan="16,16,16,16" rate="2128.06,2097.76,2069.19,2136.30" sx="F,F,M,M"/><TAIKYOKU oya="0"/><INIT seed="0,0,0,5,2,114" ten="250,250,250,250" oya="0" hai0="76,6,68,77,54,51,131,41,37,103,106,42,81" hai1="75,115,79,7,94,60,29,27,2,120,118,98,17" hai2="59,70,15,1,132,38,100,101,96,82,40,78,111" hai3="57,130,33,0,46,24,133,95,47,12,4,102,3"/><T14/><D131/><U97/><E118/><V92/><F70/><W53/><G130/><T26/><D37/><U99/><E120/><V123/><F1/><W122/><G122/><T129/><D68/><U21/><E115/><V105/><F123/><W104/><G104/><T125/><D129/><U134/><E134/><V20/><F132/><W71/><G71/><T85/><D125/><U36/><E36/><V73/><F111/><W86/><G133/><T58/><D77/><U45/><E45/><V110/><F110/><W48/><G33/><T117/><D117/><U55/><E7/><V69/><F69/><W49/><G24/><T39/><D39/><U90/><E2/><V10/><F20/><W135/><G57/><T72/><D72/><U63/><E29/><V88/><F59/><W112/><G112/><T116/><D116/><U11/><E11/><V50/><F38/><W43/><G135/><T66/><D26/><U64/><E64/><V113/><F113/><W34/><G34/><T35/><D35/><U91/><E90/><V13/><F10/><W44/><G44/><T109/><D109/><U61/><REACH who="1" step="1"/><E55/><REACH who="1" ten="250,240,250,250" step="2"/><V74/><F101/><W93/><G102/><T107/><D66/><U30/><E30/><V5/><F5/><W23/><G4/><T19/><D6/><U127/><E127/><V32/><F100/><W56/><G46/><T16/><D103/><U8/><E8/><V121/><F121/><W25/><G0/><T84/><D106/><U126/><E126/><V52/><F105/><W128/><G3/><T67/><D107/><U65/><E65/><RYUUKYOKU ba="0,1" sc="250,-10,240,30,250,-10,250,-10" hai1="17,21,27,60,61,63,75,79,91,94,97,98,99" /><INIT seed="1,1,1,0,4,118" ten="240,270,240,240" oya="1" hai0="38,123,104,7,94,109,134,56,113,125,132,96,131" hai1="11,133,51,63,84,77,120,86,35,73,45,69,129" hai2="31,66,54,40,19,30,55,26,116,82,115,91,114" hai3="21,121,25,14,33,135,88,13,50,97,90,126,59"/><U61/><E120/><V99/><F116/><W48/><G121/><T16/><D113/><N who="2" m="43018" /><F40/><W4/><G135/><N who="0" m="51755" /><D104/><U53/><E133/><V47/><F66/><W3/><G126/><T89/><D38/><U29/><E129/><V36/><F36/><W44/><G33/><T24/><D125/><U93/><E11/><V64/><F64/><W95/><G3/><T22/><D131/><U75/><E69/><V52/><F47/><W85/><G59/><T41/><D109/><U5/><E5/><V105/><F82/><N who="3" m="49207" /><G4/><T103/><D41/><U87/><E93/><N who="2" m="56767" /><F105/><W92/><G92/><T1/><D56/><U18/><E18/><V112/><N who="2" m="43026" /><V111/><DORA hai="130" /><F111/><W79/><G79/><T124/><D124/><U72/><REACH who="1" step="1"/><E77/><REACH who="1" ten="240,260,240,240" step="2"/><V23/><AGARI ba="1,2" hai="19,23,26,30,31,52,54,55" m="56767,43026" machi="23" ten="50,3200,0" yaku="11,1,54,1" doraHai="118,130" who="2" fromWho="2" sc="240,-9,260,-17,240,55,240,-9" /><INIT seed="2,0,0,3,2,24" ten="231,243,295,231" oya="2" hai0="39,37,4,124,57,48,122,61,63,85,86,5,20" hai1="51,54,18,72,60,64,30,58,121,47,35,50,6" hai2="25,10,16,91,59,95,38,65,79,87,12,118,123" hai3="120,116,3,26,43,92,102,53,106,34,88,46,1"/><V109/><F118/><W114/><G116/><T81/><D122/><U52/><E121/><V7/><F123/><W129/><G120/><T17/><D124/><U75/><E6/><N who="0" m="2665" /><D39/><U113/><E113/><V67/><F38/><W105/><G114/><T11/><D37/><U130/><E130/><V13/><F109/><W89/><G129/><T132/><D132/><U93/><E18/><V80/><F25/><W125/><G125/><T119/><D119/><U32/><E30/><V107/><F59/><W101/><G53/><N who="0" m="31911" /><D11/><U49/><E93/><V27/><F27/><W108/><G26/><N who="0" m="14607" /><D86/><U23/><E23/><N who="2" m="11655" /><F107/><W40/><G108/><T111/><D111/><U131/><E131/><V44/><F44/><W0/><G0/><T100/><D100/><U128/><E128/><V33/><F33/><W77/><G34/><T98/><D98/><AGARI ba="0,0" hai="7,10,13,65,67,79,80,87,91,95,98" m="11655" machi="98" ten="30,2900,0" yaku="8,1,54,1" doraHai="24" who="2" fromWho="0" sc="231,-29,243,0,295,29,231,0" /><INIT seed="2,1,0,4,2,27" ten="202,243,324,231" oya="2" hai0="131,37,53,98,16,54,51,31,20,65,11,134,92" hai1="85,56,34,17,70,38,14,24,47,52,81,91,13" hai2="108,78,32,64,105,62,50,120,39,45,76,100,2" hai3="22,87,30,77,44,19,115,117,8,61,93,33,99"/><V75/><F120/><W113/><G117/><T132/><D37/><U40/><E70/><V129/><F2/><W124/><G124/><T101/><D131/><U106/><E106/><V18/><F39/><W57/><G44/><T112/><D112/><N who="3" m="43081" /><G8/><T48/><D65/><U130/><E130/><V126/><F75/><W97/><G33/><T84/><D84/><U41/><E40/><V118/><F32/><W43/><G43/><T109/><D109/><U10/><E13/><V35/><F35/><W74/><G30/><T69/><D69/><U9/><E34/><V102/><F108/><W67/><G74/><T122/><D122/><U58/><E24/><V111/><F111/><W110/><G110/><T86/><D86/><U28/><E28/><V90/><F45/><W104/><G104/><T59/><D11/><U4/><REACH who="1" step="1"/><E52/><REACH who="1" ten="202,233,324,231" step="2"/><V23/><F105/><W73/><G67/><T88/><D31/><U107/><E107/><V83/><F64/><W89/><G61/><T68/><D68/><U60/><E60/><V55/><F62/><W94/><G57/><N who="0" m="32935" /><D134/><U12/><AGARI ba="1,1" hai="4,9,10,12,14,17,38,41,47,56,58,81,85,91" machi="12" ten="20,2700,0" yaku="1,1,0,1,7,1,53,0" doraHai="27" doraHaiUra="66" who="1" fromWho="1" sc="202,-8,233,40,324,-14,231,-8" /><INIT seed="3,0,0,0,3,76" ten="194,273,310,223" oya="3" hai0="41,37,84,0,85,78,81,31,44,3,2,57,126" hai1="124,103,6,118,43,89,120,15,61,75,16,33,73" hai2="116,56,127,128,69,86,134,135,67,29,63,30,14" hai3="12,58,70,132,66,53,104,94,40,106,80,72,9"/><W92/><G132/><N who="2" m="50729" /><F116/><W65/><G40/><T28/><D126/><U109/><E120/><V46/><F127/><W26/><G70/><T119/><D119/><U130/><E124/><V82/><F128/><W93/><G26/><T20/><D20/><U131/><E118/><V7/><F46/><W21/><G21/><T59/><REACH who="0" step="1"/><D85/><REACH who="0" ten="184,273,310,223" step="2"/><U102/><E131/><V100/><F86/><W107/><G72/><T96/><D96/><U25/><E130/><V27/><F30/><AGARI ba="0,1" hai="0,2,3,28,30,31,37,41,44,57,59,78,81,84" machi="30" ten="40,5200,0" yaku="1,1,52,1,53,1" doraHai="76" doraHaiUra="42" who="0" fromWho="2" sc="184,62,273,0,310,-52,223,0" /><INIT seed="4,0,0,1,5,51" ten="246,273,258,223" oya="0" hai0="79,16,127,57,77,11,55,63,3,115,90,101,31" hai1="67,0,60,88,104,9,108,126,76,74,129,96,32" hai2="30,99,124,65,2,97,59,120,47,116,39,7,61" hai3="103,29,38,58,23,100,71,111,52,83,40,68,54"/><T75/><D127/><U81/><E108/><V28/><F120/><W66/><G111/><T113/><D75/><U95/><E126/><V14/><F2/><W82/><G38/><T72/><D72/><U131/><E32/><V10/><F124/><W69/><G40/><T24/><D101/><U84/><E0/><V5/><F116/><W1/><G1/><T119/><D119/><U34/><E34/><V94/><F5/><W93/><G66/><T121/><D121/><U73/><E9/><V86/><F39/><W98/><G103/><T118/><D118/><U36/><E36/><V91/><F47/><W12/><G54/><T8/><D3/><U70/><E73/><V110/><REACH who="2" step="1"/><F110/><REACH who="2" ten="246,273,248,223" step="2"/><W22/><G22/><T128/><D115/><U87/><E104/><V85/><F85/><W114/><G114/><T45/><D113/><U122/><E122/><V123/><F123/><W133/><G133/><T112/><D45/><U53/><E84/><V25/><F25/><W43/><G43/><T33/><D112/><U21/><E74/><V89/><F89/><W56/><G56/><T49/><D90/><U26/><E26/><V92/><F92/><W130/><G130/><T41/><D128/><U134/><E134/><V27/><F27/><N who="3" m="16639" /><G12/><T125/><D125/><U80/><E131/><V46/><F46/><W37/><G37/><T35/><D35/><U78/><E129/><V117/><F117/><W107/><G93/><T106/><D106/><U50/><E87/><V109/><F109/><W13/><G13/><N who="0" m="7207" /><D11/><U64/><E88/><V6/><F6/><W105/><G105/><RYUUKYOKU ba="0,1" sc="246,10,273,-30,248,10,223,10" hai0="24,31,33,41,49,55,57,63,77,79" hai2="7,10,14,28,30,59,61,65,86,91,94,97,99" hai3="52,58,68,69,71,82,83,98,100,107" /><INIT seed="4,1,1,5,1,121" ten="256,243,258,233" oya="0" hai0="13,55,98,59,83,73,54,101,41,26,97,102,70" hai1="79,109,46,9,38,133,2,42,95,67,114,89,86" hai2="22,48,78,131,52,111,65,118,12,11,47,90,91" hai3="37,84,62,80,72,100,69,127,68,23,134,66,31"/><T29/><D70/><U8/><E109/><V10/><F111/><W130/><G37/><T81/><D41/><U24/><E133/><V122/><F122/><W49/><G134/><T35/><D13/><U40/><E114/><V5/><F131/><W61/><G130/><T34/><D73/><U1/><E67/><V113/><F113/><W126/><G100/><T116/><D116/><U87/><E40/><V75/><F118/><W104/><G104/><T92/><D35/><U57/><E57/><V105/><F105/><W71/><G72/><T14/><D14/><U33/><E2/><V39/><F39/><W93/><G93/><T3/><D3/><U7/><E9/><V99/><F65/><W16/><G31/><T85/><D85/><U25/><REACH who="1" step="1"/><E33/><REACH who="1" ten="256,233,258,233" step="2"/><V117/><F11/><W112/><G112/><T96/><D59/><U6/><E6/><V119/><F10/><W51/><G66/><T45/><D34/><U36/><E36/><V15/><F5/><W120/><G120/><T56/><D56/><U77/><E77/><V0/><F78/><N who="3" m="46103" /><G62/><T21/><D55/><U43/><E43/><V60/><F52/><W106/><G61/><T124/><D54/><U74/><E74/><V107/><F60/><W132/><G132/><T94/><D45/><U20/><E20/><V53/><F75/><W32/><G32/><T28/><D21/><U108/><E108/><V27/><F119/><W18/><G23/><T82/><D102/><U19/><E19/><N who="3" m="7210" /><G106/><T103/><D103/><U44/><E44/><N who="2" m="27783" /><F107/><W64/><G64/><T58/><D101/><U4/><E4/><RYUUKYOKU ba="1,2" sc="256,-15,233,15,258,-15,233,15" hai1="1,7,8,24,25,38,42,46,79,86,87,89,95" hai3="49,51,68,69,71,126,127" /><INIT seed="5,2,2,2,3,122" ten="241,248,243,248" oya="1" hai0="5,128,66,97,101,52,8,54,103,65,105,55,98" hai1="53,18,16,46,79,48,29,61,30,64,132,49,58" hai2="82,88,134,92,1,10,81,68,0,43,110,71,109" hai3="80,56,91,73,102,57,11,113,21,116,135,86,7"/><U34/><E132/><V95/><F134/><W4/><G135/><T99/><D128/><U84/><E34/><V12/><F12/><W50/><G113/><T44/><D44/><N who="1" m="27783" /><E79/><V125/><F88/><W106/><G73/><T41/><D41/><N who="1" m="24783" /><E84/><V15/><F43/><W96/><G116/><T72/><D72/><U126/><E126/><V62/><F125/><W6/><G50/><T19/><D19/><AGARI ba="2,2" hai="16,18,19,29,30,58,61,64" m="24783,27783" machi="19" ten="30,2900,0" yaku="8,1,54,1" doraHai="122" who="1" fromWho="0" sc="241,-35,248,55,243,0,248,0" owari="206,-29.4,303,40.3,243,-15.7,248,4.8" /></mjloggm>