<mjloggm ver="2.3"><GO type="225" lobby="0"/><UN n0="%4E%49%4A%49%49%52%4F" n1="%E8%BE%9B%E5%8F%A3%E3%82%AB%E3%83%AC%E3%83%BC%E3%83%A9%E3%82%A4%E3%82%B9" n2="%E8%A8%88%E7%AE%97%E6%A9%9F%E8%87%AA%E7%84%B6" n3="%E5%AE%AE%E4%BF%9D%E9%B6%8F%E8%82%89" dan="16,16,17,16" rate="2180.54,2129.65,2207.03,2114.62" sx="M,M,M,M"/><TAIKYOKU oya="0"/><INIT seed="0,0,0,3,1,65" ten="250,250,250,250" oya="0" hai0="92,89,132,75,96,16,100,1,0,101,12,11,21" hai1="50,47,23,127,77,62,94,125,103,7,55,29,54" hai2="49,19,28,126,59,73,109,111,80,41,58,22,131" hai3="119,51,38,56,31,95,44,74,115,5,110,36,17"/><T24/><D132/><U120/><E120/><V63/><F131/><W6/><G115/><T113/><D75/><U79/><E7/><V112/><F112/><W105/><G119/><T4/><D113/><U39/><E39/><V85/><F73/><W129/><G105/><T76/><D76/><U98/><E29/><V121/><F121/><W2/><G74/><T116/><D116/><U64/><E55/><V33/><F33/><W91/><G129/><T48/><D48/><U128/><E128/><V93/><F93/><W20/><G31/><T10/><REACH who="0" step="1"/><D0/><REACH who="0" ten="240,250,250,250" step="2"/><U27/><E125/><V86/><F49/><W57/><G2/><T117/><D117/><U87/><E127/><V46/><F126/><W42/><G51/><T135/><D135/><U81/><E79/><V123/><F123/><W45/><G38/><T69/><D69/><U66/><E62/><V70/><F63/><W114/><G36/><T106/><D106/><U88/><E77/><V34/><F70/><W104/><G104/><T72/><D72/><U124/><E124/><V82/><F109/><W13/><G110/><T108/><D108/><U30/><AGARI ba="0,1" hai="23,27,30,47,50,54,64,66,81,87,88,94,98,103" machi="30" ten="20,5200,0" yaku="0,1,7,1,8,1,54,1" doraHai="65" who="1" fromWho="1" sc="240,-26,250,62,250,-13,250,-13" /><INIT seed="1,0,0,4,4,62" ten="214,312,237,237" oya="1" hai0="98,102,10,67,28,37,75,84,91,20,7,96,16" hai1="19,132,13,4,24,113,14,125,0,126,54,115,114" hai2="25,72,85,111,86,107,55,108,36,99,64,70,129" hai3="46,69,41,2,21,3,103,58,77,57,56,134,34"/><U76/><E76/><V9/><F72/><W22/><G34/><T39/><D75/><U79/><E79/><V60/><F36/><W94/><G77/><T104/><D28/><U53/><E53/><V43/><F43/><W90/><G69/><T71/><D98/><U23/><E54/><V5/><F129/><W92/><G134/><T87/><D87/><U35/><E132/><V131/><F131/><W48/><G2/><T63/><D10/><N who="1" m="2311" /><E35/><V128/><F128/><W40/><G3/><T127/><D7/><U45/><E45/><V105/><F55/><W121/><G121/><T38/><D127/><AGARI ba="0,0" hai="13,14,19,23,24,113,114,115,125,126,127" m="2311" machi="127" ten="40,7700,0" yaku="18,1,34,2" doraHai="62" who="1" fromWho="0" sc="214,-77,312,77,237,0,237,0" /><INIT seed="1,1,0,0,1,8" ten="137,389,237,237" oya="1" hai0="68,135,74,64,76,26,32,16,91,55,99,43,117" hai1="17,95,104,89,22,122,33,23,93,7,31,70,120" hai2="77,102,27,47,28,2,11,85,72,103,24,3,90" hai3="19,21,61,58,67,83,54,34,110,131,65,81,116"/><U75/><E104/><V40/><F77/><W78/><G34/><T106/><D117/><U18/><E70/><V71/><F72/><W10/><G110/><T100/><D135/><U129/><E129/><V53/><F53/><W111/><G111/><T73/><D43/><U79/><E7/><V97/><F71/><W25/><G131/><T52/><D91/><U112/><E112/><V36/><F24/><W94/><G116/><T12/><D76/><U108/><E108/><V92/><F11/><W59/><G94/><T45/><D45/><U124/><E124/><V41/><F40/><W105/><G105/><T63/><D74/><U118/><E118/><V88/><F90/><W69/><G69/><T37/><D73/><U119/><E119/><V109/><F109/><W14/><G78/><T82/><D82/><U5/><E5/><V62/><F62/><W30/><REACH who="3" step="1"/><G67/><REACH who="3" ten="137,389,237,227" step="2"/><T46/><D46/><U80/><E33/><V96/><F97/><W114/><G114/><T6/><D37/><U133/><E95/><V130/><F130/><W9/><G9/><N who="0" m="6159" /><D6/><U121/><E121/><V107/><REACH who="2" step="1"/><F102/><REACH who="2" ten="137,389,227,227" step="2"/><W101/><G101/><T29/><AGARI ba="1,2" hai="26,29,32,52,55,63,64,68,99,100,106" m="6159" machi="29" ten="30,7900,0" yaku="25,1,52,1,54,2" doraHai="8" who="0" fromWho="0" sc="137,102,389,-40,227,-21,227,-21" /><INIT seed="2,0,0,5,2,116" ten="239,349,206,206" oya="2" hai0="42,2,114,88,20,8,33,70,79,87,1,35,65" hai1="69,94,128,81,93,124,126,49,52,99,105,86,41" hai2="9,123,24,107,7,98,60,121,85,31,54,0,71" hai3="74,130,50,97,95,125,48,91,34,73,80,90,56"/><V100/><F85/><N who="3" m="50471" /><G34/><T53/><D114/><U29/><E69/><V15/><F15/><W122/><G56/><T131/><D131/><U103/><E41/><V68/><F54/><W63/><G63/><T38/><D79/><N who="1" m="46399" /><E29/><V59/><F59/><W46/><G46/><T3/><D53/><U43/><E43/><V62/><F60/><W96/><G48/><T16/><D8/><U92/><E105/><V45/><F45/><W119/><G50/><T28/><D28/><U89/><E89/><V134/><F134/><W78/><G119/><T102/><D102/><U67/><E67/><N who="2" m="41079" /><F71/><W133/><G133/><T14/><D65/><U51/><E51/><V72/><F72/><N who="3" m="27755" /><G130/><T82/><REACH who="0" step="1"/><D70/><REACH who="0" ten="229,349,206,206" step="2"/><U25/><E128/><V129/><F129/><W21/><G78/><T77/><D77/><U36/><E103/><V117/><F117/><W10/><G10/><T30/><D30/><U44/><E52/><V106/><F107/><W11/><G11/><T26/><D26/><U118/><E25/><V84/><F84/><N who="3" m="52711" /><G21/><T104/><D104/><U66/><E118/><V4/><F7/><W132/><G132/><T110/><D110/><U120/><E66/><V19/><F19/><W115/><G115/><T22/><D22/><U135/><E135/><V40/><F40/><W18/><G18/><T58/><D58/><U5/><E5/><V83/><F83/><W75/><G75/><T55/><D55/><U32/><E32/><AGARI ba="0,1" hai="0,4,9,24,31,32,98,100,106,121,123" m="41079" machi="32" ten="30,11600,0" yaku="25,1,23,1,52,2" doraHai="116" who="2" fromWho="1" sc="229,0,349,-116,206,126,206,0" /><INIT seed="2,1,0,0,5,115" ten="229,233,332,206" oya="2" hai0="129,78,36,26,119,131,98,61,56,20,67,5,21" hai1="77,3,6,97,13,105,122,91,92,96,100,132,44" hai2="24,71,123,48,4,133,59,14,107,7,49,65,86" hai3="9,85,63,1,84,76,110,95,0,68,74,60,47"/><V81/><F123/><W42/><G110/><T99/><D36/><U40/><E132/><V93/><F107/><W11/><G95/><T12/><D78/><U37/><E122/><V31/><F71/><W113/><G113/><T87/><D87/><U34/><E77/><V101/><F133/><W35/><G35/><T114/><D114/><U109/><E109/><V108/><F108/><W41/><G76/><T62/><D119/><U80/><E80/><V64/><F101/><W112/><G112/><T116/><D116/><U70/><E70/><V15/><F93/><W55/><G68/><T82/><D82/><U46/><E34/><V111/><F14/><W130/><G47/><T124/><D124/><U90/><E46/><V128/><F128/><N who="0" m="49226" /><D62/><U10/><REACH who="1" step="1"/><E90/><REACH who="1" ten="229,223,332,206" step="2"/><V25/><F111/><W126/><G130/><T106/><D56/><U2/><AGARI ba="1,1" hai="2,3,6,10,13,37,40,44,91,92,96,97,100,105" machi="2" ten="30,7900,0" yaku="1,1,2,1,0,1,53,1" doraHai="115" doraHaiUra="88" who="1" fromWho="1" sc="229,-21,223,92,332,-40,206,-21" /><INIT seed="3,0,0,5,2,107" ten="208,315,292,185" oya="3" hai0="128,53,18,22,65,100,56,89,52,1,40,110,120" hai1="95,125,62,70,103,82,35,132,87,5,113,21,111" hai2="20,14,57,15,31,38,80,29,63,109,7,39,46" hai3="17,123,101,24,93,26,104,8,83,10,126,37,11"/><W16/><G123/><T105/><D120/><U131/><E113/><V73/><F109/><W64/><G37/><T27/><D110/><U61/><E35/><V49/><F38/><W69/><G104/><T97/><D1/><U92/><E111/><V60/><F39/><W135/><G69/><T30/><D128/><U23/><E70/><V42/><F7/><W32/><G64/><T133/><D133/><U2/><E132/><V58/><F73/><W79/><G135/><T81/><D40/><U84/><E131/><V98/><F80/><W59/><G126/><T50/><D65/><U68/><E68/><V91/><F91/><W0/><G0/><T43/><D43/><U76/><E2/><V54/><F98/><N who="3" m="59599" /><G59/><T12/><D53/><U67/><E5/><V127/><F127/><W118/><G32/><T4/><D4/><U78/><E125/><V117/><F117/><W129/><G129/><T28/><D27/><N who="3" m="10281" /><G118/><T102/><D102/><U90/><E103/><V124/><F124/><W114/><G114/><T48/><D50/><U71/><E67/><V34/><F34/><W86/><AGARI ba="0,0" hai="8,10,11,16,17,79,83,86" m="10281,59599" machi="86" ten="30,3000,0" yaku="8,1,54,1" doraHai="107" who="3" fromWho="3" sc="208,-10,315,-10,292,-10,185,30" /><INIT seed="3,1,0,2,4,135" ten="198,305,282,215" oya="3" hai0="69,73,14,89,41,65,37,1,75,85,62,31,83" hai1="106,44,40,127,36,25,112,101,132,0,100,18,2" hai2="125,86,72,39,12,29,43,130,57,49,80,50,61" hai3="105,51,63,98,82,94,114,123,28,11,71,95,96"/><W113/><G105/><T8/><D1/><U104/><E112/><V4/><F72/><W27/><G123/><T110/><D110/><U24/><E132/><V97/><F39/><W122/><G122/><T46/><REACH who="0" step="1"/><D31/><REACH who="0" ten="188,305,282,215" step="2"/><U88/><E2/><V17/><F29/><W74/><G114/><T58/><D58/><U59/><E0/><V115/><F57/><W26/><G113/><T15/><D15/><U119/><E59/><V99/><F12/><W77/><G28/><T118/><D118/><U84/><E119/><V7/><F115/><W60/><G27/><T34/><D34/><U76/><E24/><V93/><F130/><W131/><G26/><T38/><D38/><U3/><E25/><V117/><F117/><W126/><G131/><T133/><D133/><U54/><E3/><V78/><F4/><AGARI ba="1,1" hai="4,8,14,37,41,46,62,65,69,73,75,83,85,89" machi="4" ten="30,3900,0" yaku="1,1,7,1,53,1" doraHai="135" doraHaiUra="70" who="0" fromWho="2" sc="188,52,305,0,282,-42,215,0" owari="240,4.0,305,40.5,240,-16.0,215,-28.5" /></mjloggm>