<mjloggm ver="2.3"><GO type="225" lobby="0"/><UN n0="%E3%83%A9%E3%83%BC%E3%83%A1%E3%83%B3%E4%BA%94%E9%83%8E" n1="%4C%4F%4C%49%54%41" n2="%E3%81%82%E3%81%99%E3%81%AB%E3%82%83%E3%82%80" n3="%E9%89%A2%E5%B7%BB%E3%82%AC%E3%83%96" dan="16,16,16,16" rate="2041.22,2214.02,2094.58,2083.87" sx="M,F,F,M"/><TAIKYOKU oya="0"/><INIT seed="0,0,0,5,5,56" ten="250,250,250,250" oya="0" hai0="25,36,3,9,33,73,22,128,132,71,122,38,105" hai1="84,64,93,23,116,124,89,133,106,82,39,47,103" hai2="57,125,113,68,2,70,76,118,17,52,28,115,80" hai3="135,19,85,77,16,126,62,40,107,72,60,50,90"/><T37/><RYUUKYOKU type="yao9" ba="0,0" sc="250,0,250,0,250,0,250,0" hai0="3,9,22,25,33,36,37,38,71,73,105,122,128,132" /><INIT seed="0,1,0,2,3,9" ten="250,250,250,250" oya="0" hai0="99,38,57,71,72,134,31,70,106,36,40,20,19" hai1="54,4,130,52,121,58,59,23,100,3,7,15,21" hai2="88,12,49,131,16,67,48,103,11,55,76,109,127" hai3="39,63,79,32,122,30,110,22,35,128,17,87,132"/><T129/><D72/><U95/><E121/><V45/><F109/><W1/><G39/><T44/><D134/><U114/><E3/><V34/><F34/><W64/><G110/><T98/><D129/><U62/><E130/><V73/><F131/><W126/><G126/><T77/><D36/><U75/><E75/><V61/><F127/><W124/><G124/><T47/><D77/><U26/><E114/><V125/><F125/><W42/><G42/><T2/><D2/><U8/><E4/><V24/><F103/><W29/><G132/><T120/><D120/><U119/><E119/><V108/><F108/><W133/><G133/><T89/><D47/><U69/><E69/><V50/><F24/><W28/><G128/><T60/><D31/><U116/><E116/><V117/><F117/><W118/><G118/><T41/><D41/><U91/><E26/><V93/><F76/><W102/><G102/><T78/><D78/><U123/><E100/><V135/><F73/><W25/><G1/><T105/><D105/><U81/><E81/><V83/><F83/><N who="3" m="47615" /><G122/><T51/><D38/><U90/><E123/><V5/><F5/><W80/><G80/><T43/><D43/><U65/><E65/><V46/><F46/><W53/><G64/><N who="0" m="38927" /><D106/><U115/><E115/><V101/><F101/><W68/><G68/><N who="0" m="26155" /><D89/><N who="1" m="33803" /><E95/><V84/><F135/><W85/><G85/><T27/><D99/><U113/><E113/><V33/><F33/><W13/><G35/><T10/><D98/><U96/><E96/><V107/><F107/><W0/><G0/><T37/><D37/><U92/><E92/><RYUUKYOKU ba="1,0" sc="250,0,250,0,250,0,250,0" hai0="10,19,20,27,40,44,51" hai1="7,8,15,21,23,52,54,58,59,62" hai2="11,12,16,45,48,49,50,55,61,67,84,88,93" hai3="13,17,22,25,28,29,30,32,53,63" /><INIT seed="0,2,0,0,5,95" ten="250,250,250,250" oya="0" hai0="43,13,35,104,26,29,49,124,22,135,8,133,5" hai1="61,58,108,114,85,63,106,47,21,24,130,16,131" hai2="118,69,7,109,28,87,48,1,6,89,105,120,66" hai3="125,123,62,54,70,129,14,20,113,100,59,10,32"/><T93/><D104/><U38/><E106/><V67/><F105/><W45/><G113/><T83/><D83/><U57/><E108/><V56/><F109/><W12/><G32/><T18/><D93/><U42/><E114/><V103/><F120/><W134/><G100/><T75/><D75/><U94/><E85/><V37/><F103/><W60/><G129/><T17/><D124/><U126/><E126/><V122/><F37/><W91/><G134/><N who="0" m="51211" /><D49/><U15/><E94/><V92/><F122/><W76/><G76/><T102/><D43/><U44/><E44/><V33/><F1/><W23/><G125/><T0/><D102/><U112/><E112/><V30/><F69/><W111/><G91/><T82/><D82/><U96/><E96/><V11/><F48/><W9/><G45/><T97/><D97/><U74/><E74/><V46/><F46/><W53/><G123/><T31/><D18/><U88/><E88/><V127/><F92/><W115/><G70/><T39/><D39/><U34/><E63/><V107/><F107/><W119/><G115/><T72/><D72/><U116/><E61/><V128/><F87/><W98/><G111/><T27/><D31/><N who="1" m="19815" /><E131/><V90/><F128/><W132/><G132/><T121/><D121/><U79/><E79/><V80/><F127/><W55/><G55/><T36/><D36/><U71/><E130/><V40/><F90/><W25/><G59/><N who="1" m="22538" /><E71/><V19/><F89/><W99/><G25/><AGARI ba="2,0" hai="0,5,8,13,17,22,25,26,27,29,35" m="51211" machi="25" ten="30,11600,0" yaku="24,1,20,1,34,2" doraHai="95" who="0" fromWho="3" sc="250,122,250,0,250,0,250,-122" /><INIT seed="0,3,0,0,0,50" ten="372,250,250,128" oya="0" hai0="100,18,80,19,47,48,7,94,98,109,33,4,52" hai1="39,37,103,16,25,106,23,87,104,27,60,78,112" hai2="57,5,95,30,72,96,122,3,110,127,76,83,9" hai3="44,86,51,62,84,111,2,85,91,21,46,113,123"/><T67/><D33/><U70/><E112/><V12/><F122/><W65/><G113/><T29/><D29/><U49/><E37/><V90/><F110/><W77/><G111/><T58/><D109/><U28/><E39/><V124/><F30/><W93/><G2/><T34/><D34/><U38/><E38/><V79/><F79/><W134/><G134/><T63/><D80/><U126/><E126/><V45/><F45/><W118/><G118/><T101/><D100/><U43/><E103/><V88/><F90/><W125/><G125/><N who="2" m="48201" /><F57/><W97/><G123/><T6/><AGARI ba="3,0" hai="4,6,7,18,19,47,48,52,58,63,67,94,98,101" machi="6" ten="30,11700,0" yaku="0,1,8,1,52,1,54,1" doraHai="50" who="0" fromWho="0" sc="372,126,250,-42,250,-42,128,-42" /><INIT seed="0,4,0,2,0,45" ten="498,208,208,86" oya="0" hai0="15,66,92,85,127,37,58,94,12,68,130,33,28" hai1="93,131,120,103,117,39,29,8,35,76,98,36,99" hai2="81,116,41,82,126,2,107,132,118,40,53,104,133" hai3="46,79,0,124,1,122,100,25,14,113,97,54,63"/><T128/><D37/><U60/><E117/><N who="2" m="45163" /><F53/><W18/><G113/><T90/><D68/><U83/><E120/><V32/><F32/><W72/><G124/><T129/><D127/><U55/><E131/><V51/><F126/><W80/><G122/><T52/><D66/><U48/><E60/><V30/><F30/><W4/><G4/><T20/><D33/><U7/><E98/><V74/><F2/><W78/><G78/><T114/><D114/><U110/><E110/><V73/><F51/><W42/><G25/><N who="0" m="16423" /><D92/><U95/><E93/><V89/><F89/><W23/><G54/><T101/><D101/><U105/><E95/><V10/><F10/><W91/><G63/><AGARI ba="4,0" hai="12,15,52,58,63,85,90,94,128,129,130" m="16423" machi="63" ten="30,2900,0" yaku="19,1,54,1" doraHai="45" who="0" fromWho="3" sc="498,41,208,0,208,0,86,-41" /><INIT seed="0,5,0,5,4,132" ten="539,208,208,45" oya="0" hai0="76,20,110,27,101,33,111,92,117,42,119,85,74" hai1="54,15,60,46,47,120,125,64,72,19,135,114,13" hai2="108,126,103,34,75,51,8,82,62,107,127,99,84" hai3="63,73,52,43,41,4,57,5,134,118,58,56,40"/><T95/><D33/><U96/><E120/><V68/><F34/><W38/><G73/><T67/><D67/><U37/><E72/><V26/><F26/><W10/><G134/><T30/><D74/><U44/><E135/><V28/><F28/><W66/><G118/><T31/><D42/><U122/><E122/><V39/><F39/><W89/><G38/><T17/><D31/><U98/><E114/><V48/><F75/><W79/><G79/><T128/><D128/><U2/><E2/><V23/><F108/><N who="0" m="41514" /><D30/><U102/><E64/><N who="2" m="40983" /><F23/><W78/><G78/><T88/><D76/><U80/><E54/><V12/><F12/><W6/><G89/><N who="0" m="53295" /><D101/><U1/><E102/><V104/><F104/><W29/><G29/><T87/><AGARI ba="5,0" hai="17,20,27,87,88,95,117,119" m="53295,41514" machi="87" ten="30,6000,0" yaku="14,1,10,1,54,1" doraHai="132" who="0" fromWho="0" sc="539,75,208,-25,208,-25,45,-25" /><INIT seed="0,6,0,2,2,40" ten="614,183,183,20" oya="0" hai0="117,48,23,7,27,65,6,88,33,116,53,76,51" hai1="119,106,90,3,12,30,84,111,58,22,44,43,123" hai2="59,70,79,122,131,74,0,96,80,97,26,110,14" hai3="13,68,62,18,37,56,87,4,71,78,2,108,101"/><T82/><D33/><U52/><E119/><V95/><F70/><W42/><G108/><T103/><D65/><U67/><E123/><V54/><F122/><W69/><G101/><T99/><D48/><U89/><E3/><V1/><F110/><W121/><G121/><T77/><D77/><U125/><E106/><V25/><F131/><W60/><G4/><T127/><D127/><U41/><E111/><V11/><F25/><W35/><G2/><T49/><D51/><N who="1" m="28775" /><E125/><V132/><F26/><W109/><G35/><T98/><D27/><N who="1" m="16759" /><E12/><V107/><F107/><W124/><G124/><T135/><D116/><U36/><E36/><V134/><F54/><W75/><G75/><T63/><D53/><U128/><E90/><N who="2" m="55415" /><F59/><W16/><G109/><T86/><D88/><U34/><E128/><V81/><F81/><W57/><G78/><T61/><D82/><N who="1" m="49303" /><E34/><V24/><F24/><W31/><G87/><T133/><D86/><U130/><E130/><V64/><F97/><W118/><G118/><T21/><D98/><U50/><E50/><V102/><F102/><W91/><G91/><T20/><D49/><U93/><E93/><V46/><F1/><W105/><G105/><T85/><D117/><U28/><E28/><V10/><F0/><W100/><G100/><T112/><D103/><U73/><E73/><V129/><F129/><W15/><G69/><T47/><D76/><U104/><E104/><V17/><F10/><W29/><REACH who="3" step="1"/><G37/><REACH who="3" ten="614,183,183,10" step="2"/><T72/><D72/><U45/><E41/><AGARI ba="6,1" hai="13,15,16,18,29,31,41,42,56,57,60,62,68,71" machi="41" ten="25,12000,2" yaku="1,1,2,1,22,2,54,1,53,2" doraHai="40" doraHaiUra="9" who="3" fromWho="1" sc="614,0,183,-138,183,0,10,148" /><INIT seed="1,0,0,2,0,107" ten="614,45,183,158" oya="1" hai0="65,8,4,23,80,39,110,16,89,1,66,128,79" hai1="22,93,32,115,34,129,75,113,99,31,63,72,90" hai2="108,77,49,9,92,35,42,103,56,54,29,52,131" hai3="55,126,46,68,14,38,135,127,12,96,64,112,58"/><U87/><E129/><V15/><F108/><W62/><G112/><T3/><D3/><U61/><E115/><V76/><F131/><W41/><G135/><T26/><D110/><U91/><E113/><V120/><F120/><W132/><G96/><T119/><D119/><U43/><E43/><V36/><F29/><W30/><G30/><T86/><D39/><U69/><E22/><V133/><F35/><W2/><G2/><T101/><D128/><U123/><E123/><V105/><F105/><W19/><G132/><T11/><D101/><U134/><E134/><V0/><F0/><W50/><REACH who="3" step="1"/><G12/><REACH who="3" ten="614,45,183,148" step="2"/><T5/><D79/><U85/><E99/><V33/><F77/><W100/><G100/><T28/><D28/><U57/><E31/><V44/><F76/><W78/><G78/><T10/><D1/><U37/><E37/><V45/><F33/><W88/><G88/><T71/><D71/><U60/><E69/><V84/><F103/><W6/><G6/><AGARI ba="0,1" hai="4,5,6,8,10,11,16,23,26,65,66,80,86,89" machi="6" ten="40,2600,0" yaku="8,1,54,1" doraHai="107" who="0" fromWho="3" sc="614,36,45,0,183,0,148,-26" /><INIT seed="2,0,0,4,4,98" ten="650,45,183,122" oya="2" hai0="88,64,22,74,97,118,34,117,103,5,68,81,77" hai1="36,8,116,121,16,1,51,10,107,119,135,57,106" hai2="32,29,85,75,61,133,48,6,89,60,42,66,46" hai3="90,55,44,33,26,127,76,130,54,122,4,132,95"/><V94/><F133/><W113/><G122/><T84/><D34/><U9/><E36/><V2/><F75/><W59/><G132/><T69/><D5/><U58/><E135/><V28/><F32/><W65/><G76/><T73/><D22/><U108/><E121/><V72/><F72/><W56/><G4/><T45/><D45/><U37/><E37/><V102/><F2/><W15/><G15/><T99/><D99/><U100/><E108/><V30/><F6/><W3/><G3/><T50/><D50/><U96/><E106/><V123/><F123/><W79/><G79/><T23/><D23/><U31/><E31/><V105/><F105/><W20/><G44/><T83/><D64/><U11/><E1/><V39/><F39/><W43/><G43/><T109/><D109/><U114/><E114/><V128/><F128/><W131/><G65/><T12/><D12/><U53/><REACH who="1" step="1"/><E58/><REACH who="1" ten="650,35,183,122" step="2"/><V67/><F28/><N who="3" m="17479" /><G113/><T104/><D68/><U112/><E112/><V38/><F29/><W17/><G59/><T115/><D69/><U7/><E7/><V13/><F30/><W24/><G56/><T80/><D115/><U19/><E19/><V0/><F38/><W92/><G17/><T93/><D118/><U87/><E87/><V71/><F0/><W63/><G131/><T110/><D117/><U126/><E126/><V47/><F85/><W124/><G130/><T21/><D110/><U40/><E40/><V27/><F42/><W25/><G127/><T14/><D74/><U18/><E18/><AGARI ba="0,1" hai="14,18,21,73,77,80,81,83,84,88,93,97,103,104" machi="18" ten="40,8000,1" yaku="24,2,52,1,54,1" doraHai="98" who="0" fromWho="1" sc="650,90,35,-80,183,0,122,0" owari="740,84.0,-45,-54.5,183,-1.7,122,-27.8" /></mjloggm>