<mjloggm ver="2.3"><GO type="225" lobby="0"/><UN n0="%E3%81%A9%E3%82%8F%E3%82%93%E3%81%94" n1="%E3%81%B5%E3%81%98%E3%81%8B%E3%81%A4" n2="%E6%9D%B1%E9%A2%A8%E3%81%AE%E3%81%8D%E3%82%83%E3%81%B7%E3%81%95%E3%82%93" n3="%E7%B4%94%E6%BD%94%E3%83%94%E3%83%A9%E3%83%8B%E3%82%A2" dan="16,16,17,16" rate="2085.95,2183.66,2257.76,2118.95" sx="M,M,M,M"/><TAIKYOKU oya="0"/><INIT seed="0,0,0,5,0,75" ten="250,250,250,250" oya="0" hai0="99,129,50,90,53,47,68,81,77,84,65,43,62" hai1="49,101,51,32,67,120,104,2,26,40,13,1,61" hai2="82,64,108,86,55,72,131,66,17,15,121,85,31" hai3="4,97,133,103,96,134,94,56,112,34,91,6,95"/><T88/><D129/><U74/><E120/><V80/><F108/><W18/><G34/><T124/><D124/><U52/><E40/><V3/><F3/><W44/><G112/><T46/><REACH who="0" step="1"/><D99/><REACH who="0" ten="240,250,250,250" step="2"/><N who="1" m="61503" /><E1/><V25/><F131/><W116/><G97/><T83/><D83/><U39/><E2/><V109/><F109/><W48/><G96/><T60/><D60/><U63/><E63/><V38/><F121/><W0/><G0/><T100/><D100/><U14/><E39/><AGARI ba="0,1" hai="39,43,46,47,50,53,62,65,68,77,81,84,88,90" machi="39" ten="30,12000,1" yaku="1,1,7,1,52,1,54,1,53,1" doraHai="75" doraHaiUra="76" who="0" fromWho="1" sc="240,130,250,-120,250,0,250,0" /><INIT seed="0,1,0,2,1,123" ten="370,130,250,250" oya="0" hai0="1,9,24,94,60,47,14,119,120,83,80,11,51" hai1="36,8,131,59,3,133,134,82,85,16,45,101,89" hai2="57,12,54,121,76,22,79,56,21,33,27,43,6" hai3="110,86,116,30,10,125,66,126,37,40,46,107,97"/><T102/><D120/><U13/><E131/><V2/><F121/><W113/><G113/><T38/><D119/><U127/><E127/><N who="3" m="48650" /><G116/><T105/><D38/><U92/><E3/><V72/><F43/><W68/><G86/><T44/><D105/><U88/><E101/><V135/><F135/><W31/><G10/><T77/><D1/><U19/><E59/><V15/><F2/><W35/><G35/><T61/><D24/><U67/><E67/><V18/><F33/><W100/><G110/><T75/><D83/><U64/><E64/><V7/><F72/><W109/><G109/><T55/><D11/><U5/><E36/><V29/><F57/><W34/><G34/><T41/><D44/><U52/><E5/><N who="2" m="1547" /><F12/><W50/><G37/><T32/><D32/><U104/><E104/><V103/><F103/><W117/><G117/><T81/><D41/><U39/><E39/><V122/><F122/><W28/><G66/><T111/><D111/><U23/><E23/><V25/><F15/><W17/><G17/><N who="0" m="8399" /><D75/><U69/><E19/><V95/><F95/><W124/><N who="3" m="48658" /><W90/><DORA hai="42" /><G68/><T63/><D77/><U128/><E128/><V114/><F114/><W129/><G129/><T71/><D71/><U78/><E69/><V74/><F74/><W73/><G73/><T53/><D94/><U70/><E70/><V0/><F0/><W26/><G26/><T48/><D102/><U106/><E106/><V4/><N who="2" m="1555" /><V20/><DORA hai="87" /><F20/><W58/><G58/><N who="0" m="33087" /><D80/><U115/><E115/><V99/><F99/><W84/><G84/><T98/><D81/><RYUUKYOKU ba="1,0" sc="370,10,130,-30,250,10,250,10" hai0="47,48,55,60,61,63,98" hai2="18,21,22,25,27,29,54,56,76,79" hai3="28,30,31,40,46,50,90,97,100,107" /><INIT seed="0,2,0,4,4,11" ten="380,100,260,260" oya="0" hai0="2,66,0,34,113,38,26,111,91,47,89,106,83" hai1="17,95,29,18,114,49,58,59,109,108,132,63,122" hai2="135,124,123,102,74,16,30,1,22,10,84,56,65" hai3="127,28,40,32,115,33,99,78,19,134,60,55,101"/><T71/><D113/><U24/><E122/><V15/><F74/><W36/><G115/><T69/><D89/><U3/><E3/><N who="0" m="1065" /><D91/><U129/><E114/><V82/><F123/><W90/><G90/><T50/><D50/><U88/><E132/><V46/><F135/><W6/><G78/><T20/><D20/><U8/><E129/><V12/><F124/><W37/><G55/><T57/><D57/><U105/><E105/><V120/><F1/><W97/><G60/><T100/><D83/><U35/><E49/><V14/><F102/><W87/><G87/><T94/><D94/><U23/><E59/><V5/><F46/><W118/><G40/><N who="0" m="22935" /><D66/><U44/><E44/><V104/><F104/><W48/><G48/><T130/><D130/><U39/><E39/><V103/><F103/><W121/><G101/><T107/><D111/><N who="1" m="42571" /><E8/><V75/><F120/><W25/><G121/><T13/><D107/><U31/><E31/><V98/><F75/><W62/><G28/><T86/><D71/><U81/><E81/><V43/><F43/><W64/><G64/><T128/><D69/><U67/><E35/><V77/><F30/><W68/><G68/><T119/><D34/><U133/><E133/><V51/><F98/><AGARI ba="2,0" hai="17,18,23,24,29,58,63,67,88,95,98" m="42571" machi="98" ten="30,2000,0" yaku="14,1,54,1" doraHai="11" who="1" fromWho="2" sc="380,0,100,26,260,-26,260,0" /><INIT seed="1,0,0,5,4,122" ten="380,126,234,260" oya="1" hai0="60,116,66,69,28,27,41,109,95,90,26,123,117" hai1="39,15,53,37,100,78,107,2,64,92,11,118,43" hai2="52,9,125,96,3,97,44,17,22,29,130,70,132" hai3="20,98,6,128,79,134,88,76,61,111,8,99,48"/><U1/><E118/><V104/><F70/><W45/><G128/><T51/><D123/><U46/><E107/><V38/><F132/><W121/><G121/><T12/><D12/><U14/><E78/><V114/><F130/><W113/><G113/><T7/><D7/><U59/><E64/><V84/><F125/><W80/><G134/><T30/><D41/><U18/><E37/><V50/><F114/><W31/><G61/><T72/><D51/><U68/><E68/><V119/><F104/><W54/><G79/><T102/><D102/><U120/><E120/><V110/><F119/><W65/><G65/><T55/><D55/><U83/><E83/><V25/><F38/><W36/><G36/><T74/><D95/><U10/><E92/><V133/><F133/><W135/><G135/><T124/><D90/><U21/><E100/><V91/><F110/><W35/><G111/><T86/><D109/><U33/><E33/><V23/><F9/><W40/><G35/><N who="0" m="20887" /><D86/><U58/><E21/><V57/><F44/><W32/><G32/><N who="0" m="20575" /><D124/><U115/><E115/><V63/><F63/><W105/><G105/><T19/><D19/><U87/><E87/><V62/><F62/><W34/><G34/><T5/><D5/><N who="1" m="3439" /><E59/><V0/><F97/><W77/><G77/><T131/><D131/><U75/><E75/><AGARI ba="0,0" hai="60,66,69,72,74,75,116,117" m="20575,20887" machi="75" ten="30,1000,0" yaku="23,1" doraHai="122" who="0" fromWho="1" sc="380,10,126,-10,234,0,260,0" /><INIT seed="2,0,0,0,4,7" ten="390,116,234,260" oya="2" hai0="25,16,90,50,63,37,17,109,30,132,52,93,61" hai1="79,119,94,3,77,27,110,97,8,33,112,75,123" hai2="70,81,24,56,127,99,64,120,42,68,59,49,78" hai3="47,13,26,36,32,133,38,69,125,102,14,21,71"/><V80/><F120/><W115/><G125/><T114/><D109/><U35/><E123/><V104/><F127/><W131/><G133/><T22/><D37/><U105/><E119/><V108/><F108/><W62/><G131/><T106/><D106/><U95/><E110/><V83/><F78/><W57/><G115/><T74/><D74/><U53/><E112/><V135/><F135/><W43/><G38/><T34/><D114/><U11/><E3/><V28/><F42/><W10/><G32/><T86/><D132/><U73/><E105/><V15/><F15/><W72/><G14/><T103/><D103/><U85/><E27/><V67/><F49/><W19/><G102/><T20/><D34/><U66/><E97/><V84/><F84/><W89/><G89/><T51/><D51/><U6/><E6/><V116/><F116/><W134/><G72/><T100/><D100/><U107/><E107/><V45/><F45/><W18/><REACH who="3" step="1"/><G134/><REACH who="3" ten="390,116,234,250" step="2"/><T130/><D130/><U87/><REACH who="1" step="1"/><E53/><AGARI ba="0,1" hai="10,13,18,19,21,26,36,43,47,53,57,62,69,71" machi="53" ten="30,7700,0" yaku="1,1,2,1,7,1,52,1,53,0" doraHai="7" doraHaiUra="122" who="3" fromWho="1" sc="390,0,116,-77,234,0,250,87" /><INIT seed="3,0,0,0,1,48" ten="390,39,234,337" oya="3" hai0="102,53,81,40,34,66,62,18,69,46,90,31,92" hai1="79,101,23,3,71,68,49,0,54,86,67,135,114" hai2="105,99,107,9,77,28,8,25,120,33,125,121,117" hai3="52,93,100,60,122,19,17,74,127,91,57,132,118"/><W108/><G118/><T96/><D34/><U115/><E23/><V58/><F117/><W119/><G119/><T129/><D31/><U45/><E101/><V14/><F8/><W88/><G122/><N who="2" m="47209" /><F125/><W75/><G127/><T56/><D129/><U95/><E95/><V50/><F77/><W72/><G132/><T113/><D113/><U98/><E98/><V87/><F87/><W26/><G108/><T21/><D69/><U42/><E86/><V5/><F99/><W22/><G100/><T106/><D106/><U64/><E79/><V51/><F51/><W76/><G91/><T44/><D40/><U111/><E49/><V134/><F134/><W37/><G37/><T55/><D81/><U61/><E42/><V13/><F13/><W130/><G130/><T30/><D30/><U10/><E10/><V41/><F41/><W70/><G70/><T27/><D102/><U89/><E135/><V4/><F4/><W85/><REACH who="3" step="1"/><G19/><REACH who="3" ten="390,39,234,327" step="2"/><T59/><D59/><U35/><E111/><V43/><F43/><W32/><G32/><T131/><D131/><U126/><E35/><V133/><F133/><W78/><AGARI ba="0,1" hai="17,22,26,52,57,60,72,74,75,76,78,85,88,93" machi="78" ten="40,12000,1" yaku="1,1,0,1,52,1,54,2,53,0" doraHai="48" doraHaiUra="1" who="3" fromWho="3" sc="390,-40,39,-40,234,-40,327,130" owari="350,15.0,-1,-50.1,194,-20.6,457,55.7" /></mjloggm>