<mjloggm ver="2.3"><GO type="225" lobby="0"/><UN n0="%E4%B8%89%E5%88%86%E5%B0%8F%E5%83%A7" n1="%E3%81%8B%E3%82%8F%E3%81%A1%E3%82%83%E3%82%93%35%38" n2="%E6%98%93%E5%88%A9%E8%96%A9%E4%BC%AF" n3="%E6%9D%B1%E9%A2%A8%E3%81%AE%E3%81%8D%E3%82%83%E3%81%B7%E3%81%95%E3%82%93" dan="16,16,16,16" rate="2121.07,2163.27,2132.70,2147.34" sx="M,M,F,M"/><TAIKYOKU oya="0"/><INIT seed="0,0,0,2,5,15" ten="250,250,250,250" oya="0" hai0="7,82,85,49,14,27,11,99,119,68,62,102,9" hai1="103,130,70,117,122,88,50,2,35,65,37,123,97" hai2="104,87,6,55,131,118,36,72,58,48,41,77,76" hai3="67,93,113,111,26,121,21,116,66,94,126,40,28"/><T132/><D132/><U32/><E117/><V106/><F72/><W101/><G116/><T90/><D119/><U24/><E130/><V3/><F118/><W10/><G113/><T38/><D38/><U25/><E50/><V80/><F77/><W98/><G111/><T39/><D39/><U128/><E128/><V95/><F131/><W135/><G126/><T112/><D112/><U64/><E37/><V96/><F6/><W69/><G135/><T109/><D109/><U23/><E2/><V133/><F3/><W74/><G74/><T53/><D27/><U44/><E44/><V20/><F133/><W30/><G121/><T73/><D73/><U127/><E88/><V108/><F108/><W75/><G75/><T59/><D11/><U52/><E52/><V18/><F41/><W129/><G129/><T8/><D8/><U105/><E127/><V60/><F48/><W31/><G40/><T79/><D68/><U63/><E65/><N who="3" m="24586" /><G69/><T54/><D79/><U134/><E134/><V83/><F83/><W22/><G10/><T57/><D99/><U51/><E51/><V124/><F36/><W42/><G42/><T89/><D89/><U43/><E43/><V1/><F1/><W71/><G71/><T100/><AGARI ba="0,0" hai="7,9,14,49,53,54,57,59,62,82,85,90,100,102" machi="100" ten="30,3000,0" yaku="0,1,8,1" doraHai="15" who="0" fromWho="0" sc="250,30,250,-10,250,-10,250,-10" /><INIT seed="0,1,0,3,0,26" ten="280,240,240,240" oya="0" hai0="92,72,67,91,65,127,115,51,14,102,99,133,15" hai1="112,84,36,83,125,18,119,44,122,131,90,64,48" hai2="2,52,130,97,30,129,53,110,1,5,42,33,31" hai3="16,19,38,56,28,88,59,71,96,134,50,77,25"/><T89/><D115/><U82/><E119/><V74/><F74/><W76/><G38/><T126/><D72/><U4/><E122/><V20/><F33/><W106/><G71/><T73/><D73/><U128/><E36/><V60/><F42/><W101/><G134/><T121/><D121/><U105/><E105/><V7/><F97/><W57/><G50/><T22/><D133/><U23/><E125/><N who="0" m="47625" /><D51/><U75/><E112/><V41/><F41/><W109/><G109/><T35/><D35/><U93/><E4/><N who="2" m="1611" /><F20/><W87/><G77/><T66/><D22/><U107/><E107/><V114/><F114/><W12/><G76/><T120/><D120/><U11/><E64/><V3/><F110/><W63/><G63/><T61/><D61/><U100/><E11/><V86/><F86/><W37/><G37/><T39/><D39/><U54/><E100/><V6/><F6/><W78/><G78/><T70/><D70/><U113/><E113/><V111/><F111/><W69/><G69/><T40/><D40/><U8/><E8/><V108/><F108/><W47/><G47/><T21/><D21/><U117/><E117/><V94/><F94/><W103/><G103/><T10/><D14/><N who="1" m="9687" /><E75/><V80/><F80/><W135/><G135/><T43/><D43/><U104/><E104/><V95/><F95/><N who="3" m="54687" /><G12/><T0/><D0/><U34/><E34/><V32/><F32/><N who="3" m="20495" /><G106/><T124/><D124/><U55/><E55/><N who="2" m="21067" /><F60/><W132/><G132/><T118/><D118/><U85/><E83/><V62/><F62/><W46/><G46/><T58/><D58/><U81/><E81/><RYUUKYOKU ba="1,0" sc="280,0,240,0,240,0,240,0" hai0="10,15,65,66,67,89,91,92,99,102" hai1="44,48,54,82,84,85,90,93,128,131" hai2="1,2,3,30,31,129,130" hai3="16,19,56,57,59,96,101" /><INIT seed="0,2,0,3,3,90" ten="280,240,240,240" oya="0" hai0="23,107,42,87,0,84,21,126,135,134,34,46,17" hai1="14,22,105,48,40,125,33,6,37,79,62,56,99" hai2="113,96,85,67,110,109,116,70,98,112,44,18,57" hai3="51,74,55,3,15,64,104,50,128,114,31,27,19"/><T16/><D34/><U119/><E33/><V124/><F70/><W100/><G3/><T92/><D107/><U52/><E119/><V133/><F116/><W5/><G74/><T115/><D115/><U2/><E125/><V129/><F44/><W66/><G128/><T91/><D0/><U95/><E105/><V38/><F38/><W118/><G5/><T53/><D53/><U80/><E37/><V75/><F75/><W68/><G114/><T94/><D126/><U78/><E2/><V43/><F43/><W82/><G82/><T13/><D87/><N who="1" m="48535" /><E79/><V59/><F124/><W103/><G118/><T28/><D28/><U106/><E106/><V10/><F129/><W29/><G68/><T47/><D94/><U30/><E6/><V39/><F39/><W77/><G77/><T12/><D46/><N who="1" m="25671" /><E30/><N who="3" m="11274" /><G27/><T131/><D131/><U101/><E14/><V54/><F113/><W76/><G76/><T32/><D32/><U111/><E111/><V25/><F110/><W71/><G104/><T69/><D69/><U1/><E1/><V123/><F109/><W120/><G71/><T41/><D41/><U20/><AGARI ba="2,0" hai="20,22,52,56,62,95,99,101" m="25671,48535" machi="20" ten="30,4000,0" yaku="8,1,52,1,54,1" doraHai="90" who="1" fromWho="1" sc="280,-22,240,46,240,-12,240,-12" /><INIT seed="1,0,0,4,1,107" ten="258,286,228,228" oya="1" hai0="70,64,36,108,106,98,37,126,82,34,41,39,85" hai1="17,111,84,61,7,3,29,31,23,94,122,103,14" hai2="57,53,125,81,22,2,32,131,9,133,59,11,77" hai3="99,18,128,58,15,62,60,113,71,132,30,51,50"/><U43/><E122/><V79/><F32/><W117/><G113/><T52/><D34/><U66/><E111/><V55/><F131/><W118/><G30/><T102/><D108/><U73/><E73/><V90/><F133/><W104/><G132/><T87/><D126/><U78/><E43/><V40/><F40/><W28/><G28/><T35/><D35/><U56/><E3/><V8/><F2/><W0/><G0/><T33/><D33/><U93/><E7/><V72/><F22/><W27/><G27/><T42/><D87/><U123/><E123/><V109/><F109/><W100/><G128/><T91/><REACH who="0" step="1"/><D52/><REACH who="0" ten="248,286,228,228" step="2"/><U83/><E84/><V92/><F125/><W25/><G25/><T95/><D95/><U45/><E94/><V129/><F129/><W24/><G24/><T4/><D4/><U10/><E93/><V68/><F55/><W97/><G104/><T19/><D19/><U101/><E31/><V69/><F53/><W5/><G18/><T121/><D121/><U124/><E124/><V80/><F92/><W110/><G5/><T6/><D6/><U116/><E29/><V38/><F90/><W86/><G110/><T13/><D13/><U67/><E17/><V48/><F79/><W96/><G15/><T47/><D47/><U21/><E45/><V1/><F77/><W76/><G76/><T135/><D135/><U74/><E78/><V112/><F1/><W12/><G12/><T26/><D26/><U115/><E14/><V46/><F46/><W88/><G86/><T120/><D120/><U119/><E83/><V63/><F81/><RYUUKYOKU ba="0,1" sc="248,30,286,-10,228,-10,228,-10" hai0="36,37,39,41,42,64,70,82,85,91,98,102,106" /><INIT seed="2,1,1,0,3,75" ten="278,276,218,218" oya="2" hai0="19,25,74,78,55,28,133,121,132,101,63,108,99" hai1="62,46,100,38,20,112,111,103,29,34,37,31,123" hai2="68,91,76,72,4,56,57,2,66,0,93,81,54" hai3="42,92,61,107,69,59,39,60,84,83,36,127,18"/><V11/><F2/><W124/><G107/><N who="0" m="63935" /><D121/><U35/><E20/><V77/><F68/><W131/><G92/><T116/><D19/><U97/><E62/><V79/><F66/><N who="3" m="41159" /><G18/><T23/><D108/><U65/><E46/><V5/><F5/><W7/><G7/><T119/><D55/><U85/><E85/><V30/><F30/><W40/><G84/><T104/><D63/><U129/><E65/><V113/><F113/><W102/><G83/><N who="0" m="45527" /><D104/><U24/><E24/><V1/><F1/><W43/><G102/><T10/><D10/><U51/><E51/><V27/><F27/><W52/><G131/><T86/><D86/><U64/><E64/><V21/><F21/><W105/><G105/><T125/><D125/><AGARI ba="1,1" hai="36,39,40,42,43,52,59,61,124,125,127" m="41159" machi="125" ten="30,7700,0" yaku="18,1,34,2,54,1" doraHai="75" who="3" fromWho="0" sc="278,-80,276,0,218,0,218,90" /><INIT seed="3,0,0,3,5,24" ten="198,276,218,308" oya="3" hai0="124,13,74,111,46,3,26,11,96,109,95,23,18" hai1="10,90,100,97,0,28,110,105,61,129,34,69,66" hai2="12,42,16,101,117,14,99,65,91,121,48,6,31" hai3="25,127,126,45,108,115,41,19,82,75,94,1,89"/><W128/><G1/><T83/><D124/><U133/><E90/><V21/><F117/><W119/><G119/><T30/><D74/><U73/><E73/><V87/><F121/><W70/><G70/><T54/><D83/><U7/><E110/><N who="0" m="41993" /><D3/><U107/><E133/><V71/><F71/><W68/><G68/><T50/><D95/><U20/><E20/><V92/><F65/><W40/><G115/><T29/><D96/><U103/><E129/><V58/><F31/><AGARI ba="0,0" hai="11,13,18,23,26,29,30,31,46,50,54" m="41993" machi="31" ten="30,7700,0" yaku="14,1,52,3" doraHai="24" who="0" fromWho="2" sc="198,77,276,0,218,-77,308,0" owari="275,-12.5,276,7.6,141,-35.9,308,40.8" /></mjloggm>