<mjloggm ver="2.3"><GO type="225" lobby="0"/><UN n0="%E3%81%B5%E3%81%98%E3%81%8B%E3%81%A4" n1="%E3%83%94%E3%83%B3%E3%82%B5%E3%83%AD%E5%BA%97%E5%93%A1" n2="%72%61%6B%33" n3="%E6%A1%9C%E8%8A%B1%E9%96%83%E3%80%85" dan="16,16,16,16" rate="2213.40,2168.35,2110.30,2115.10" sx="M,M,M,M"/><TAIKYOKU oya="0"/><INIT seed="0,0,0,5,3,105" ten="250,250,250,250" oya="0" hai0="115,16,61,36,127,131,32,15,54,84,93,128,75" hai1="87,80,11,92,134,113,55,71,79,2,72,31,35" hai2="66,85,5,76,3,98,73,126,12,21,51,45,20" hai3="130,135,13,95,111,62,109,120,8,89,108,110,81"/><T94/><D115/><U25/><E71/><V22/><F126/><W96/><N who="3" m="27648" /><DORA hai="47" /><W6/><G130/><N who="0" m="49707" /><D32/><U78/><E134/><V64/><F98/><W83/><G135/><T118/><D36/><U88/><E113/><V57/><F3/><W58/><REACH who="3" step="1"/><G120/><REACH who="3" ten="250,250,250,240" step="2"/><T121/><D121/><U63/><E79/><V30/><F76/><W125/><G125/><T114/><D127/><U9/><REACH who="1" step="1"/><E2/><REACH who="1" ten="250,240,250,240" step="2"/><V10/><F30/><W38/><G38/><T0/><D0/><U119/><E119/><V17/><F17/><W43/><G43/><T4/><D118/><U1/><E1/><V70/><F5/><W67/><AGARI ba="0,2" hai="6,8,13,58,62,67,81,83,89,95,96" m="27648" machi="67" ten="60,8000,1" yaku="1,1,0,1,14,1,53,1" doraHai="105,47" doraHaiUra="124,60" who="3" fromWho="3" sc="250,-40,240,-20,250,-20,240,100" /><INIT seed="1,0,0,3,1,7" ten="210,220,230,340" oya="1" hai0="91,119,10,0,56,123,31,125,3,132,82,13,78" hai1="26,129,18,122,21,98,37,53,32,77,80,97,12" hai2="134,86,81,100,111,108,1,2,110,74,84,49,46" hai3="105,75,71,99,83,96,69,135,44,109,124,5,16"/><U93/><E122/><V6/><F134/><W14/><G135/><T112/><D132/><U88/><E129/><V117/><F117/><W128/><G128/><T116/><D112/><U115/><E115/><V35/><F35/><W67/><G109/><T28/><D91/><U36/><E98/><V104/><F74/><W72/><G124/><T42/><D42/><U11/><E53/><V107/><F86/><W79/><G72/><T57/><D125/><U43/><E32/><V94/><F94/><W85/><G5/><T70/><D70/><U9/><E43/><N who="2" m="24799" /><F100/><W126/><G126/><T20/><D123/><U48/><E48/><V52/><F52/><W17/><G75/><T27/><D31/><U62/><E62/><V61/><F61/><W66/><G44/><T131/><D131/><U87/><REACH who="1" step="1"/><E11/><REACH who="1" ten="210,210,230,340" step="2"/><N who="2" m="2511" /><F2/><W25/><G99/><T58/><D0/><U130/><E130/><V90/><AGARI ba="0,1" hai="81,84,90,104,107,108,110,111" m="2511,24799" machi="90" ten="30,2000,0" yaku="14,1,52,1" doraHai="7" who="2" fromWho="2" sc="210,-5,210,-10,230,30,340,-5" /><INIT seed="2,0,0,1,0,13" ten="205,200,260,335" oya="2" hai0="73,103,46,30,60,71,135,56,61,123,114,0,77" hai1="76,28,81,92,109,79,104,9,130,127,108,55,107" hai2="67,132,118,87,88,62,121,35,54,134,42,44,115" hai3="10,85,29,106,31,124,119,99,43,52,105,95,101"/><V63/><F115/><W100/><G119/><T22/><D123/><U1/><E28/><V39/><F118/><W93/><G43/><T84/><D114/><U116/><E116/><V57/><F35/><W50/><G124/><T21/><D0/><U3/><E127/><V97/><F97/><N who="3" m="59455" /><G106/><N who="1" m="40490" /><E130/><V69/><REACH who="2" step="1"/><F121/><REACH who="2" ten="205,200,250,335" step="2"/><W110/><G105/><T125/><D125/><U59/><E109/><V20/><F20/><W70/><G110/><T34/><D21/><U48/><E108/><V49/><F49/><W37/><G37/><T7/><D22/><U72/><E48/><V18/><F18/><W78/><G31/><T90/><D30/><U19/><E19/><V66/><F66/><W24/><G29/><T129/><D34/><U86/><E3/><V12/><F12/><W25/><G99/><T45/><D129/><U112/><E1/><V41/><F41/><W82/><G50/><T6/><D6/><U64/><E64/><V11/><F11/><W83/><G10/><T47/><D7/><U14/><E112/><V131/><F131/><W23/><G23/><T38/><D38/><U2/><E2/><V133/><F133/><W26/><G26/><T51/><D135/><U36/><E36/><V58/><F58/><W74/><G24/><T80/><D51/><N who="1" m="31231" /><E14/><V5/><F5/><W33/><G25/><T96/><D56/><U91/><E9/><V68/><F68/><W53/><G70/><T40/><D71/><U75/><E75/><V128/><F128/><W65/><G65/><T89/><D40/><U111/><E111/><V113/><F113/><W15/><G74/><RYUUKYOKU ba="0,1" sc="205,-15,200,15,250,15,335,-15" hai1="72,76,79,81,86,91,92" hai2="39,42,44,54,57,62,63,67,69,87,88,132,134" /><INIT seed="2,1,1,5,4,102" ten="190,215,265,320" oya="2" hai0="107,47,27,21,72,109,83,49,70,71,60,94,91" hai1="2,125,93,62,13,67,1,69,48,81,39,46,77" hai2="95,129,43,0,20,76,112,8,54,90,127,98,118" hai3="134,57,115,66,38,79,45,55,108,31,117,40,59"/><V110/><F112/><W3/><G3/><T132/><D109/><U113/><E113/><V96/><F118/><W105/><G115/><T101/><D132/><U23/><E39/><V17/><F127/><W32/><G117/><T28/><D60/><U119/><E119/><V92/><F129/><W63/><G108/><T7/><D7/><U131/><E125/><V121/><F121/><W128/><G134/><T10/><D10/><U36/><E36/><V80/><F110/><W78/><G105/><T65/><D65/><U53/><E131/><V24/><F43/><W15/><G128/><T64/><D64/><U103/><E103/><V56/><F0/><W123/><G123/><T6/><D6/><U116/><E93/><V84/><F8/><W16/><G31/><T99/><D83/><U122/><E116/><V61/><REACH who="2" step="1"/><F95/><REACH who="2" ten="190,215,255,320" step="2"/><W37/><G37/><T89/><D72/><AGARI ba="1,2" hai="17,20,24,54,56,61,72,76,80,84,90,92,96,98" machi="72" ten="30,5800,0" yaku="1,1,2,1,7,1,53,0" doraHai="102" doraHaiUra="126" who="2" fromWho="0" sc="190,-61,215,0,255,81,320,0" /><INIT seed="2,2,0,0,5,127" ten="129,215,336,320" oya="2" hai0="128,112,101,111,46,129,117,64,89,86,28,43,18" hai1="16,37,123,47,125,83,49,55,94,110,99,40,124" hai2="31,2,102,81,36,106,53,23,42,63,76,3,32" hai3="41,21,95,8,134,61,9,62,45,51,52,15,39"/><V6/><F23/><W11/><G134/><T90/><D112/><U132/><E110/><V96/><F53/><W1/><G1/><T33/><D111/><U66/><E132/><V24/><F63/><W19/><REACH who="3" step="1"/><G95/><REACH who="3" ten="129,215,336,310" step="2"/><T82/><D64/><U97/><E66/><V121/><F121/><W68/><G68/><T10/><D117/><U7/><E123/><V100/><F100/><W135/><G135/><T74/><D101/><U12/><E94/><V120/><F120/><W87/><G87/><T70/><D74/><U25/><E125/><V27/><F6/><W0/><G0/><T92/><D70/><U71/><E71/><V93/><F93/><W65/><G65/><T69/><D69/><U113/><E7/><V54/><F2/><W114/><G114/><T48/><D33/><U131/><E124/><V13/><F3/><W88/><G88/><T17/><D28/><U79/><E113/><V20/><F31/><W109/><G109/><T80/><D80/><U122/><E122/><V130/><F32/><W35/><G35/><T84/><REACH who="0" step="1"/><D10/><REACH who="0" ten="119,215,336,310" step="2"/><U57/><E83/><V44/><F81/><W29/><G29/><T72/><D72/><U116/><E116/><V73/><F73/><W98/><G98/><T60/><D60/><U105/><E99/><V4/><F96/><W118/><G118/><T26/><D26/><U58/><E25/><V107/><F24/><W103/><G103/><T133/><D133/><U50/><E97/><V22/><F27/><W126/><G126/><T75/><D75/><U14/><E105/><V59/><F106/><W5/><G5/><RYUUKYOKU ba="2,2" sc="119,15,215,-15,336,-15,310,15" hai0="17,18,43,46,48,82,84,86,89,90,92,128,129" hai3="8,9,11,15,19,21,39,41,45,51,52,61,62" /><INIT seed="3,3,2,0,0,69" ten="134,200,321,325" oya="3" hai0="107,92,122,102,126,6,115,57,30,19,78,54,88" hai1="91,34,56,84,37,47,22,100,131,110,108,121,75" hai2="87,36,95,41,125,20,104,114,11,9,2,24,116" hai3="61,132,111,1,15,68,60,86,50,12,53,28,18"/><W35/><G1/><T51/><D122/><U120/><E34/><V94/><F104/><W26/><G132/><T4/><D126/><U105/><E75/><V66/><F114/><W59/><G111/><N who="1" m="42538" /><E131/><V83/><F116/><W8/><G68/><T90/><D115/><U45/><E56/><V113/><F113/><W80/><G15/><T134/><D134/><U106/><E22/><V72/><F66/><W76/><AGARI ba="3,2" hai="8,12,18,26,28,35,50,53,59,60,61,76,80,86" machi="76" ten="20,2100,0" yaku="0,1,7,1" doraHai="69" who="3" fromWho="3" sc="134,-10,200,-10,321,-10,325,50" owari="124,-37.6,190,-21.0,311,11.1,375,47.5" /></mjloggm>