<mjloggm ver="2.3"><GO type="225" lobby="0"/><UN n0="%E3%81%BF%E3%81%BF%E3%81%9A" n1="%E6%A1%9C%E8%8A%B1%E9%96%83%E3%80%85" n2="%E7%B4%94%E6%BD%94%E3%83%94%E3%83%A9%E3%83%8B%E3%82%A2" n3="%E9%80%86%E9%80%A3%E5%B8%AF%E3%81%AE%E9%AC%BC" dan="16,16,16,16" rate="2180.16,2037.64,2166.69,2099.74" sx="M,M,M,M"/><TAIKYOKU oya="0"/><INIT seed="0,0,0,0,2,53" ten="250,250,250,250" oya="0" hai0="9,22,125,92,43,49,1,19,132,70,73,13,57" hai1="87,3,100,80,127,117,77,130,33,26,31,62,95" hai2="7,37,11,65,23,90,75,68,42,135,27,6,44" hai3="58,52,121,104,29,16,116,114,4,48,67,69,61"/><T2/><D70/><U47/><E117/><V82/><F135/><W63/><G121/><T129/><D73/><U45/><E130/><V17/><F68/><W32/><G114/><T28/><D129/><U99/><E127/><V96/><F65/><W108/><G108/><T64/><D125/><U126/><E126/><V55/><F55/><W60/><G116/><T25/><D132/><U34/><E3/><V133/><F133/><W24/><G4/><T8/><D43/><U128/><E128/><V20/><F20/><W110/><G110/><T109/><D92/><U35/><REACH who="1" step="1"/><E62/><REACH who="1" ten="250,240,250,250" step="2"/><V14/><F75/><W41/><G104/><T122/><D109/><U86/><E86/><V59/><F96/><W101/><G101/><T12/><D122/><U50/><E50/><V107/><F37/><W103/><G103/><T134/><D134/><U98/><E98/><V36/><F36/><W85/><G85/><T74/><D74/><U94/><E94/><V15/><F107/><W113/><G113/><T105/><D105/><U0/><E0/><V56/><F82/><W97/><G97/><T93/><D93/><U78/><E78/><V30/><F90/><W88/><G88/><T51/><D1/><U106/><E106/><V46/><F42/><W79/><G79/><T131/><D2/><U66/><E66/><V84/><F84/><W83/><G83/><T38/><D131/><U123/><E123/><V18/><F46/><AGARI ba="0,1" hai="26,31,33,34,35,45,46,47,77,80,87,95,99,100" machi="46" ten="40,2600,0" yaku="1,1,53,1" doraHai="53" doraHaiUra="81" who="1" fromWho="2" sc="250,0,240,36,250,-26,250,0" /><INIT seed="1,0,0,0,5,76" ten="250,276,224,250" oya="1" hai0="92,51,57,74,132,50,22,28,96,31,111,102,38" hai1="47,5,56,104,52,91,23,36,89,97,17,82,94" hai2="88,20,119,71,29,87,109,34,66,53,79,27,41" hai3="1,42,121,61,40,35,10,58,19,101,6,116,49"/><U73/><E104/><V133/><F119/><W123/><G116/><T16/><D38/><U62/><E5/><V18/><F109/><W65/><G35/><T21/><D74/><U85/><E73/><V63/><F133/><W26/><G101/><T117/><D117/><U75/><E75/><V24/><F79/><W64/><G64/><T106/><D111/><U130/><E130/><V70/><F41/><W8/><G26/><N who="0" m="16463" /><D106/><U122/><E122/><V43/><F43/><W86/><G86/><T131/><D31/><U68/><E68/><V48/><F63/><W105/><G105/><T33/><D33/><U114/><E114/><V120/><F66/><W11/><G42/><T32/><D32/><U30/><E30/><V127/><F127/><W125/><G125/><T126/><D131/><U15/><E36/><V72/><F72/><W60/><G60/><T129/><D132/><U67/><E47/><V78/><F78/><W54/><G40/><T9/><D129/><U46/><E46/><V110/><F110/><W128/><G128/><T55/><D9/><U124/><E124/><V14/><F27/><W98/><G98/><T135/><D135/><U81/><E67/><V59/><F120/><W134/><G134/><T103/><D126/><U100/><E100/><V45/><F45/><N who="3" m="27951" /><G10/><T108/><D108/><U13/><E13/><V4/><F4/><W99/><G99/><T44/><D103/><U84/><E97/><V77/><F77/><W3/><G3/><T39/><D39/><U95/><AGARI ba="0,0" hai="15,17,23,52,56,62,81,82,84,85,89,91,94,95" machi="95" ten="20,18000,2" yaku="0,1,7,1,9,1,8,1,52,2,54,1" doraHai="76" who="1" fromWho="1" sc="250,-60,276,180,224,-60,250,-60" /><INIT seed="1,1,0,0,4,32" ten="190,456,164,190" oya="1" hai0="105,86,37,93,8,65,20,91,48,92,133,61,97" hai1="5,68,64,87,49,53,9,103,94,12,47,123,70" hai2="107,100,104,95,15,116,56,112,69,38,81,66,22" hai3="71,72,39,16,96,77,78,135,89,35,75,1,36"/><U134/><E123/><V128/><F69/><W101/><G35/><T28/><D37/><U4/><E134/><V51/><F38/><W119/><G119/><T129/><D133/><U111/><E111/><V10/><F116/><W17/><G71/><T54/><D129/><U7/><E70/><V127/><F128/><W14/><G135/><T23/><D105/><U34/><E34/><V57/><F112/><W117/><G117/><T109/><D109/><U124/><E124/><V131/><F127/><W29/><G29/><T118/><D118/><U59/><E68/><V2/><F2/><W88/><G1/><T80/><D8/><U74/><E74/><V113/><F113/><W42/><G96/><T114/><D114/><U45/><E64/><V122/><F107/><W132/><G132/><T120/><D120/><U73/><E73/><V44/><F104/><W63/><G63/><T121/><D121/><U60/><E103/><V83/><F22/><W102/><G14/><T55/><D93/><U33/><E33/><V106/><F106/><W62/><G62/><T115/><D115/><U130/><E130/><V90/><F100/><W11/><G11/><T3/><D3/><U84/><E94/><V52/><F131/><W31/><G31/><T27/><D48/><U43/><REACH who="1" step="1"/><E47/><REACH who="1" ten="190,446,164,190" step="2"/><V6/><F122/><W58/><G58/><N who="2" m="22633" /><F66/><W21/><G21/><T98/><D20/><U108/><E108/><V13/><F83/><W46/><G46/><T76/><D98/><U25/><E25/><V18/><F81/><W0/><G0/><T41/><D97/><U26/><E26/><RYUUKYOKU ba="1,1" sc="190,-15,446,15,164,-15,190,15" hai1="4,5,7,9,12,43,45,49,53,59,60,84,87" hai3="16,17,36,39,42,72,75,77,78,88,89,101,102" /><INIT seed="1,2,1,3,0,65" ten="175,461,149,205" oya="1" hai0="120,110,127,8,27,33,79,93,75,104,92,130,29" hai1="66,3,83,73,37,116,44,59,101,34,77,51,35" hai2="133,123,5,102,90,13,17,52,62,117,53,31,99" hai3="55,56,72,48,12,7,38,4,132,126,24,121,125"/><U106/><E116/><V20/><F117/><W115/><G121/><T68/><D104/><U122/><E122/><V11/><F123/><W39/><G72/><T124/><D120/><U50/><E3/><V67/><F90/><W87/><G132/><T82/><D110/><U14/><E37/><V22/><F133/><W81/><G115/><T111/><D111/><U40/><E14/><V74/><F74/><W109/><G109/><T36/><D36/><U46/><E59/><V21/><F31/><W112/><G112/><T0/><D130/><U41/><REACH who="1" step="1"/><E66/><REACH who="1" ten="175,451,149,205" step="2"/><V54/><F67/><W30/><G39/><T134/><D134/><U47/><E47/><V71/><F62/><W135/><G38/><T10/><D0/><U113/><E113/><V97/><F71/><W49/><G135/><T76/><D124/><U108/><E108/><V15/><F102/><W64/><G64/><T2/><D68/><U85/><E85/><V86/><F86/><W119/><G119/><T58/><D127/><N who="3" m="48649" /><G12/><T129/><D129/><U107/><E107/><V42/><F15/><W23/><G49/><T70/><D70/><U18/><E18/><V43/><F17/><W1/><G1/><T16/><D58/><U94/><E94/><N who="0" m="36457" /><D2/><U80/><E80/><V32/><REACH who="2" step="1"/><F32/><REACH who="2" ten="175,451,139,205" step="2"/><W114/><G114/><T96/><D16/><U19/><E19/><V105/><F105/><W118/><G118/><T57/><D75/><U91/><E91/><AGARI ba="2,3" hai="4,7,23,24,30,48,55,56,81,87,91" m="48649" machi="91" ten="30,1000,0" yaku="18,1" doraHai="65" who="3" fromWho="1" sc="175,0,451,-16,139,0,205,46" /><INIT seed="2,0,0,3,3,65" ten="175,435,139,251" oya="2" hai0="106,46,33,111,103,2,63,49,115,39,68,48,37" hai1="53,88,24,133,82,71,134,117,110,4,26,101,77" hai2="89,38,21,23,114,50,0,74,96,22,64,125,69" hai3="40,129,98,27,25,113,81,120,70,78,94,72,67"/><V28/><F114/><W93/><G120/><T112/><D2/><U109/><E71/><V75/><F38/><N who="0" m="14346" /><D33/><U60/><E117/><V97/><F0/><W126/><G113/><N who="0" m="43595" /><D103/><U57/><E101/><V122/><F122/><W16/><G129/><T5/><D5/><U124/><E124/><V11/><F125/><W6/><G126/><T84/><D84/><N who="1" m="50199" /><E77/><V54/><F11/><W119/><G6/><T83/><D83/><U3/><E24/><V66/><F28/><W8/><G119/><T36/><D106/><U107/><E26/><V62/><F66/><W31/><G40/><N who="0" m="22791" /><D111/><N who="1" m="42507" /><E107/><V91/><F89/><W56/><G78/><T29/><D29/><U80/><E80/><V17/><F17/><W9/><G81/><T92/><D92/><U108/><E108/><V90/><F91/><W76/><G94/><T42/><D42/><U130/><E4/><V87/><F97/><W34/><G98/><T14/><D14/><U41/><E41/><V51/><F96/><W18/><G93/><T79/><D79/><U45/><E3/><V73/><F87/><W85/><G85/><T44/><D44/><U61/><E45/><N who="2" m="27983" /><F90/><W19/><G76/><T55/><D68/><U32/><E32/><V86/><F86/><W99/><G99/><T123/><D123/><U13/><E13/><V131/><F131/><W35/><G70/><T121/><D121/><U127/><E127/><V20/><N who="2" m="5120" /><DORA hai="118" /><V47/><F75/><W58/><G72/><T135/><D135/><N who="1" m="51723" /><E130/><V102/><F102/><W128/><G128/><T105/><D105/><U15/><E15/><V104/><F104/><RYUUKYOKU ba="0,0" sc="175,10,435,10,139,10,251,-30" hai0="48,49,55,63" hai1="53,57,60,61" hai2="47,51,62,64,69,73,74" /><INIT seed="2,1,0,0,2,0" ten="185,445,149,221" oya="2" hai0="92,107,27,133,49,15,7,127,68,32,52,14,76" hai1="4,125,47,35,42,56,13,79,75,71,93,86,64" hai2="38,135,111,74,118,119,126,122,48,85,101,83,5" hai3="30,6,124,129,97,45,37,67,41,105,77,117,114"/><V8/><F38/><W59/><G117/><T88/><D107/><U87/><E35/><V43/><F122/><W61/><G129/><T31/><D68/><U104/><E104/><V90/><F126/><W40/><G114/><T2/><D127/><U57/><E125/><V123/><F123/><W91/><G41/><T66/><D66/><U21/><E71/><V36/><F135/><W73/><G124/><T20/><D76/><U82/><E21/><V108/><F36/><W63/><G30/><T132/><D2/><U55/><E64/><V60/><F60/><W22/><G22/><T69/><D69/><U19/><E19/><V34/><F34/><W10/><G63/><T54/><D32/><U51/><E93/><V58/><F74/><W39/><G39/><T110/><D110/><N who="2" m="42026" /><F101/><W94/><G105/><T120/><D120/><U70/><E70/><V96/><F96/><W29/><G29/><T12/><D7/><U115/><E115/><V112/><F112/><W134/><G134/><N who="0" m="51819" /><D49/><U11/><E57/><V53/><F43/><W81/><G73/><T17/><D31/><U95/><E95/><V1/><AGARI ba="1,0" hai="1,5,8,48,53,58,83,85,90,118,119" m="42026" machi="1" ten="30,6000,0" yaku="14,1,10,1,52,1" doraHai="0" who="2" fromWho="2" sc="185,-21,445,-21,149,63,221,-21" /><INIT seed="2,2,0,1,5,135" ten="164,424,212,200" oya="2" hai0="12,85,94,68,29,18,60,121,53,65,5,86,46" hai1="44,106,74,127,42,114,52,62,99,97,64,108,117" hai2="111,126,7,87,1,56,91,67,45,47,76,13,66" hai3="132,34,102,101,38,134,61,22,72,10,19,125,131"/><V88/><F1/><W79/><G34/><T122/><D29/><U123/><E127/><V124/><F111/><W54/><G38/><T24/><D24/><U90/><E114/><V32/><F32/><W16/><G131/><T59/><D5/><U8/><E117/><V57/><F76/><W98/><G10/><T14/><D46/><U92/><E108/><V17/><F7/><W40/><G40/><T116/><D116/><U84/><E123/><V71/><F71/><W75/><G79/><T48/><D12/><U43/><E74/><V55/><F47/><W0/><G0/><T26/><D26/><U80/><E8/><N who="2" m="6311" /><F91/><W112/><G112/><T105/><D105/><U15/><E15/><V119/><F119/><W31/><G31/><T25/><D25/><U109/><E99/><V70/><F70/><W107/><G102/><T50/><D48/><N who="1" m="28679" /><E106/><V95/><F45/><W39/><G39/><T20/><REACH who="0" step="1"/><D85/><REACH who="0" ten="154,424,212,200" step="2"/><U41/><E109/><V133/><F133/><W118/><G134/><T81/><D81/><U115/><E115/><V36/><F36/><W96/><G132/><T103/><D103/><N who="1" m="60839" /><E42/><V69/><F69/><W21/><G118/><T73/><D73/><U11/><E41/><V83/><F83/><W9/><G107/><T100/><D100/><U35/><E43/><V128/><F128/><W51/><G101/><T89/><AGARI ba="2,1" hai="14,18,20,50,53,59,60,65,68,86,89,94,121,122" machi="89" ten="30,7900,0" yaku="1,1,0,1,25,2,53,0" doraHai="135" doraHaiUra="6" who="0" fromWho="0" sc="154,95,424,-22,212,-41,200,-22" /><INIT seed="3,0,0,0,4,35" ten="249,402,171,178" oya="3" hai0="81,125,65,82,122,61,38,89,119,10,67,99,114" hai1="21,91,101,43,45,121,31,124,109,55,95,13,68" hai2="46,69,60,22,29,26,129,62,6,53,127,113,128" hai3="71,72,58,2,70,78,135,126,56,134,47,88,104"/><W133/><G104/><T73/><D119/><U79/><E109/><V110/><F110/><W90/><G126/><T63/><D122/><U57/><E68/><N who="3" m="26154" /><G2/><T8/><D38/><U111/><E111/><V30/><F113/><W27/><G27/><T115/><D99/><U86/><E124/><V85/><F127/><W76/><G47/><T77/><D125/><U7/><E121/><V112/><F112/><N who="0" m="43050" /><D89/><N who="3" m="34409" /><G72/><T0/><D82/><U98/><E31/><V103/><F69/><W15/><G15/><T100/><D100/><U40/><E101/><V36/><F85/><W20/><G20/><T118/><D118/><U17/><E45/><V94/><F30/><W44/><G44/><T23/><D23/><U64/><E21/><V48/><F36/><W19/><G19/><T24/><D24/><U25/><E17/><V12/><F129/><W41/><G41/><T54/><D0/><U74/><E25/><V11/><REACH who="2" step="1"/><F128/><REACH who="2" ten="249,402,161,178" step="2"/><W51/><G51/><T37/><D37/><U132/><E86/><V130/><F130/><W117/><G117/><T83/><D83/><U5/><E74/><V28/><F28/><W80/><G80/><T120/><D120/><U96/><E96/><AGARI ba="0,1" hai="6,11,12,22,26,29,46,48,53,60,62,94,96,103" machi="96" ten="40,5200,0" yaku="1,1,8,1,53,1" doraHai="35" doraHaiUra="3" who="2" fromWho="1" sc="249,0,402,-52,161,62,178,0" owari="249,4.9,350,45.0,223,-17.7,178,-32.2" /></mjloggm>