<mjloggm ver="2.3"><GO type="225" lobby="0"/><UN n0="%E5%A4%9C%E5%85%89%E5%A4%A9%E6%A5%BC" n1="%E3%83%81%E3%83%AF%E3%83%AF%E9%9A%8A%E9%95%B7" n2="%72%69%6F%75%63%68%61%6E" n3="%E3%81%82%E3%81%99%E3%81%AB%E3%82%83%E3%82%80" dan="17,16,16,16" rate="2164.01,2098.05,2209.73,2117.58" sx="F,M,M,F"/><TAIKYOKU oya="0"/><INIT seed="0,0,0,0,1,112" ten="250,250,250,250" oya="0" hai0="70,89,54,47,128,29,3,51,44,73,1,113,19" hai1="103,77,130,16,69,116,119,5,41,80,20,40,25" hai2="63,117,43,58,94,79,104,126,114,23,85,21,99" hai3="135,86,121,71,118,100,106,26,68,57,109,52,18"/><T46/><D113/><U124/><E69/><V48/><F114/><W64/><G109/><T36/><D70/><U6/><E124/><V14/><F126/><W55/><G118/><T88/><D73/><U62/><E130/><V74/><F74/><W107/><G135/><T66/><D66/><U56/><E103/><V2/><F2/><W76/><G121/><T81/><D128/><U108/><E108/><V34/><F34/><W12/><G26/><T30/><D36/><U37/><E5/><V33/><F33/><W133/><G133/><T38/><D38/><U22/><E6/><V67/><F104/><W97/><G107/><T13/><D3/><U28/><E40/><V72/><F72/><W132/><G55/><T24/><D1/><U65/><E41/><V90/><F117/><W101/><G101/><T127/><D24/><U78/><E37/><V8/><F79/><W7/><G7/><T17/><D127/><U75/><E77/><V49/><F99/><W92/><G64/><T123/><D123/><U91/><E91/><N who="0" m="34889" /><D81/><U98/><E98/><V87/><F85/><W32/><G32/><T35/><D35/><U42/><E42/><V59/><F43/><W9/><G106/><T131/><D131/><U102/><E102/><V53/><REACH who="2" step="1"/><F49/><REACH who="2" ten="250,250,240,250" step="2"/><N who="3" m="30863" /><G132/><T122/><D122/><U111/><E111/><V84/><F84/><W11/><G86/><T27/><D51/><U15/><AGARI ba="0,1" hai="15,16,20,22,25,28,56,62,65,75,78,80,116,119" machi="15" ten="20,8000,1" yaku="0,1,7,1,52,2,54,1" doraHai="112" who="1" fromWho="1" sc="250,-40,250,90,240,-20,250,-20" /><INIT seed="1,0,0,2,2,16" ten="210,340,220,230" oya="1" hai0="58,4,38,132,99,67,23,131,80,60,87,47,64" hai1="110,104,121,26,20,122,128,22,40,7,100,115,86" hai2="103,63,57,41,66,45,73,84,32,114,53,34,55" hai3="75,28,35,92,25,91,36,24,51,119,108,78,95"/><U118/><E115/><V83/><F114/><W79/><G36/><T81/><D132/><U105/><E118/><V70/><F73/><W96/><G108/><T124/><D124/><U6/><E110/><V11/><F103/><W82/><G119/><T46/><D38/><U10/><E128/><V117/><F117/><W18/><G79/><T134/><D134/><U74/><E74/><V88/><F11/><W3/><G3/><T33/><D33/><U52/><E40/><V0/><F0/><W8/><G92/><T54/><D4/><U77/><E6/><V1/><F1/><W30/><G51/><T27/><D99/><U59/><E122/><V101/><F101/><W62/><G62/><T113/><D81/><U93/><E121/><V127/><F127/><W85/><G18/><N who="0" m="12791" /><D131/><U15/><E105/><V31/><F31/><W29/><G29/><T133/><D133/><U56/><E104/><V2/><F2/><W106/><G8/><T68/><D68/><U112/><E112/><V107/><F107/><W50/><G50/><T125/><D125/><U43/><E43/><V44/><F55/><W123/><G123/><T72/><D72/><U12/><E12/><V61/><REACH who="2" step="1"/><F45/><REACH who="2" ten="210,340,210,230" step="2"/><N who="0" m="16906" /><D113/><U130/><E130/><V111/><F111/><W98/><REACH who="3" step="1"/><G106/><REACH who="3" ten="210,340,210,220" step="2"/><T135/><D135/><U94/><E10/><V48/><AGARI ba="0,2" hai="32,34,41,44,48,53,57,61,63,66,70,83,84,88" machi="48" ten="20,8000,1" yaku="1,1,0,1,7,1,54,1,53,1" doraHai="16" doraHaiUra="65" who="2" fromWho="2" sc="210,-20,340,-40,210,100,220,-20" /><INIT seed="2,0,0,1,1,4" ten="190,300,310,200" oya="2" hai0="11,100,45,77,82,30,134,73,121,65,71,31,2" hai1="15,118,70,109,8,120,67,112,126,124,21,39,105" hai2="26,16,25,7,113,68,91,52,104,38,129,95,122" hai3="80,76,51,24,97,99,23,49,133,53,131,98,6"/><V103/><F113/><W92/><G131/><T132/><D121/><U41/><E105/><V125/><F122/><W50/><G133/><N who="0" m="51307" /><D100/><U85/><E120/><V13/><F68/><W116/><G116/><T88/><D45/><N who="1" m="23743" /><E112/><V14/><F38/><W93/><G6/><N who="0" m="1495" /><D88/><U81/><E118/><V101/><F125/><N who="1" m="48233" /><E109/><V96/><F129/><W69/><G69/><T108/><D108/><U56/><E70/><V127/><F127/><W106/><G53/><T135/><N who="0" m="51315" /><T64/><DORA hai="63" /><D71/><U123/><E123/><V57/><F7/><W32/><G106/><T87/><D73/><U94/><E21/><N who="2" m="13479" /><F26/><W46/><G32/><T33/><D33/><U34/><E34/><V44/><F44/><W83/><G46/><T29/><AGARI ba="0,0" hai="29,30,31,64,65,77,82,87" m="1495,51315" machi="29" ten="50,8000,1" yaku="20,1,52,3" doraHai="4,63" who="0" fromWho="0" sc="190,80,300,-20,310,-40,200,-20" /><INIT seed="3,0,0,4,0,132" ten="270,280,270,180" oya="3" hai0="120,8,71,96,99,80,21,61,64,114,75,108,79" hai1="59,128,22,112,6,58,47,106,83,7,63,24,10" hai2="103,42,29,3,126,38,0,116,50,1,91,43,52" hai3="127,88,82,123,30,57,16,60,18,118,19,94,12"/><W115/><G115/><T48/><D120/><U40/><E106/><V33/><F126/><W62/><G118/><T46/><D114/><U11/><E112/><V27/><F116/><W101/><G123/><T32/><D32/><U31/><E128/><V68/><F68/><W122/><G122/><T9/><D108/><U26/><E83/><V35/><F35/><W95/><G30/><T54/><D21/><N who="1" m="15759" /><E58/><V20/><F38/><W86/><G127/><T39/><D39/><U102/><E102/><V74/><F74/><W70/><G70/><T25/><D25/><U76/><E76/><V4/><F103/><W34/><G34/><T125/><D125/><U36/><E36/><V93/><F33/><W87/><G12/><T67/><D64/><U104/><E104/><V14/><F4/><N who="1" m="1577" /><E47/><V129/><F129/><W130/><G130/><T111/><D111/><U133/><E40/><V105/><F105/><W2/><G2/><T23/><D23/><U81/><E81/><V37/><F14/><W89/><G57/><T44/><REACH who="0" step="1"/><D46/><REACH who="0" ten="260,280,270,180" step="2"/><U49/><E133/><V41/><F37/><W107/><G107/><T110/><D110/><U135/><E135/><V15/><F15/><W92/><REACH who="3" step="1"/><G101/><REACH who="3" ten="260,280,270,170" step="2"/><T90/><D90/><U78/><E26/><V17/><F29/><W53/><G53/><T85/><D85/><U56/><E78/><V131/><F131/><W98/><G98/><AGARI ba="0,2" hai="8,9,44,48,54,61,67,71,75,79,80,96,98,99" machi="98" ten="40,1300,0" yaku="1,1,53,0" doraHai="132" doraHaiUra="119" who="0" fromWho="3" sc="260,33,280,0,270,0,170,-13" /><INIT seed="4,0,0,0,3,132" ten="293,280,270,157" oya="0" hai0="97,99,18,12,111,32,3,127,45,71,114,31,42" hai1="22,51,37,25,109,77,128,58,126,81,50,105,80" hai2="129,106,65,75,66,122,30,26,61,112,40,59,19" hai3="2,84,103,88,102,53,86,33,79,93,89,123,27"/><T17/><D3/><U16/><E37/><V78/><F122/><W55/><G2/><T49/><D71/><U15/><E105/><V56/><F106/><W74/><G123/><T23/><D114/><U64/><E109/><V11/><F112/><W104/><G33/><T130/><D111/><U48/><E128/><V118/><F129/><W35/><G35/><T0/><D0/><U67/><E126/><V125/><F125/><W95/><G27/><N who="0" m="16895" /><D32/><U39/><E39/><V10/><F118/><W14/><G14/><T24/><D127/><U117/><E117/><V7/><F40/><W41/><G41/><T21/><D130/><U121/><E121/><V43/><F43/><W69/><G69/><T85/><D85/><N who="1" m="48271" /><E81/><V107/><F107/><W131/><G131/><T70/><D70/><U13/><E58/><V76/><F75/><W113/><G113/><T9/><AGARI ba="0,0" hai="9,12,17,18,21,24,42,45,49,97,99" m="16895" machi="9" ten="30,1500,0" yaku="8,1" doraHai="132" who="0" fromWho="0" sc="293,15,280,-5,270,-5,157,-5" owari="308,40.8,275,7.5,265,-13.5,152,-34.8" /></mjloggm>