<mjloggm ver="2.3"><GO type="225" lobby="0"/><UN n0="%E3%82%A2%E3%83%9E%E3%83%9D%EF%BD%9E%EF%BD%9E%E3%83%A9" n1="%48%61%61%61%6C%61%6E%64" n2="%47%32%E9%BE%8D%E9%96%80" n3="%33%74%72%65%65" dan="17,17,16,17" rate="2232.26,2148.52,2082.44,2227.88" sx="M,M,M,F"/><TAIKYOKU oya="0"/><INIT seed="0,0,0,3,4,2" ten="250,250,250,250" oya="0" hai0="62,121,89,122,75,133,131,96,7,91,68,31,57" hai1="11,16,66,12,101,8,86,5,61,70,0,33,88" hai2="18,72,6,25,39,107,56,76,104,94,42,113,73" hai3="29,48,23,67,115,24,119,1,49,35,134,9,129"/><T74/><D131/><U132/><E132/><V81/><F113/><W92/><G115/><T54/><D133/><U47/><E33/><V40/><F56/><W78/><G134/><T95/><D68/><U21/><E101/><V60/><F60/><W87/><G119/><T64/><D31/><U17/><E47/><V93/><F72/><W71/><G129/><T128/><D128/><U4/><REACH who="1" step="1"/><E21/><REACH who="1" ten="250,240,250,250" step="2"/><V14/><F107/><W15/><G35/><T20/><D20/><U125/><E125/><V130/><F104/><W123/><G23/><T102/><D102/><U45/><E45/><V28/><F130/><W26/><G123/><T79/><D122/><U65/><E65/><V105/><F105/><W43/><G67/><T112/><D121/><U109/><E109/><V85/><F39/><W13/><G43/><T82/><D112/><U108/><E108/><V63/><F42/><W38/><G38/><T114/><D114/><U90/><E90/><V3/><F40/><W69/><G78/><T84/><D64/><U118/><E118/><V34/><F76/><W32/><G32/><T52/><D79/><U80/><AGARI ba="0,1" hai="0,4,5,8,11,12,16,17,61,66,70,80,86,88" machi="80" ten="20,12000,2" yaku="1,1,0,1,7,1,52,2,54,2,53,0" doraHai="2" doraHaiUra="50" who="1" fromWho="1" sc="250,-60,240,130,250,-30,250,-30" /><INIT seed="1,0,0,5,0,82" ten="190,370,220,220" oya="1" hai0="54,57,79,85,7,51,126,75,80,48,27,64,22" hai1="121,70,74,40,16,47,128,69,73,102,50,63,62" hai2="116,26,87,113,112,45,90,28,41,18,125,134,115" hai3="34,68,99,117,17,58,72,29,60,8,44,61,19"/><U118/><E118/><V110/><F110/><W20/><G117/><T3/><D126/><U77/><E121/><V46/><F116/><W94/><G72/><T56/><D3/><U123/><E123/><V97/><F125/><W65/><G34/><T132/><D132/><U21/><E102/><V9/><F134/><W92/><G44/><T31/><D7/><U6/><E6/><V76/><F76/><W86/><G8/><T133/><D133/><U24/><E128/><V109/><F97/><W91/><G29/><T107/><D107/><U131/><E131/><V96/><F96/><W33/><G33/><T52/><D64/><U30/><E77/><V106/><F106/><W111/><G111/><T13/><D13/><U83/><E83/><N who="2" m="49535" /><F109/><W43/><G43/><T104/><D104/><U100/><E100/><V114/><F41/><W101/><REACH who="3" step="1"/><G20/><REACH who="3" ten="190,370,220,210" step="2"/><T88/><D75/><U59/><E73/><V84/><F115/><W95/><G95/><T4/><D4/><U122/><E74/><V35/><F9/><W127/><G127/><T25/><D25/><U15/><E122/><V36/><F114/><W135/><G135/><T11/><D11/><U67/><REACH who="1" step="1"/><E63/><REACH who="1" ten="190,360,220,210" step="2"/><V130/><F130/><W55/><AGARI ba="0,2" hai="17,19,55,58,60,61,65,68,86,91,92,94,99,101" machi="55" ten="20,8000,1" yaku="1,1,0,1,7,1,52,1,53,1" doraHai="82" doraHaiUra="49" who="3" fromWho="3" sc="190,-20,360,-40,220,-20,210,100" /><INIT seed="2,0,0,3,3,86" ten="170,320,200,310" oya="2" hai0="63,127,96,80,104,98,123,77,7,46,91,1,23" hai1="79,20,69,108,41,135,19,115,27,66,55,85,57" hai2="92,4,18,25,99,30,17,109,89,40,134,130,70" hai3="128,56,59,47,21,34,43,15,48,42,13,12,124"/><V111/><F70/><W101/><G34/><T54/><D123/><U14/><E115/><V68/><F68/><W38/><G128/><T62/><D127/><U6/><E108/><N who="2" m="41547" /><F130/><W73/><G124/><T106/><D1/><U78/><E135/><V87/><F134/><W75/><G101/><T117/><D7/><U35/><E69/><V83/><F40/><W132/><G132/><T49/><D117/><U53/><E41/><V64/><F64/><W112/><G112/><T44/><D44/><U105/><E105/><V125/><F4/><W84/><G43/><T50/><D50/><U45/><E66/><V0/><F0/><W9/><G9/><T82/><D106/><U126/><E126/><V52/><F52/><W110/><G110/><T36/><D36/><U95/><E45/><V94/><F94/><W113/><G113/><T60/><D104/><U39/><E53/><V71/><F71/><W10/><G38/><T5/><D5/><U65/><E65/><V58/><F58/><W81/><G56/><T32/><D32/><U102/><E39/><V133/><F133/><W28/><G59/><T51/><D51/><U26/><E57/><V67/><F67/><W2/><G2/><T107/><D107/><U129/><E129/><V16/><F125/><W116/><G42/><T76/><D62/><U93/><E55/><V118/><F118/><W88/><G116/><T121/><D63/><U24/><E6/><V29/><F25/><W74/><G47/><T97/><D60/><U114/><E114/><V11/><F11/><W31/><G48/><T120/><D49/><RYUUKYOKU ba="0,0" sc="170,-10,320,-10,200,30,310,-10" hai2="16,17,18,29,30,83,87,89,92,99" /><INIT seed="2,1,0,5,2,96" ten="160,310,230,300" oya="2" hai0="73,41,53,70,121,59,15,108,19,128,94,17,98" hai1="4,12,31,65,6,0,118,66,24,68,18,116,107" hai2="124,134,129,125,93,63,75,27,13,7,78,119,82" hai3="56,23,35,39,92,89,10,132,34,36,11,61,14"/><V20/><F119/><W71/><G71/><T115/><D121/><U99/><E0/><V52/><F129/><W90/><G132/><T43/><D115/><U62/><E65/><V37/><F37/><W122/><G23/><T79/><D70/><U83/><E83/><V131/><F131/><W97/><G122/><T123/><D123/><U76/><E76/><V126/><F134/><W25/><G90/><T47/><D108/><U102/><E116/><V117/><F117/><W74/><G74/><T101/><D128/><U50/><E50/><V1/><F1/><W40/><G11/><T112/><D112/><U8/><REACH who="1" step="1"/><E118/><REACH who="1" ten="160,300,230,300" step="2"/><V85/><F126/><W103/><G39/><T84/><D73/><U127/><E127/><V105/><F125/><W9/><G36/><T114/><D114/><U46/><E46/><V69/><F124/><W26/><G61/><N who="0" m="36079" /><D47/><U87/><E87/><V86/><F85/><W67/><G67/><T28/><D84/><U77/><E77/><V22/><F75/><W2/><G2/><T130/><D79/><U54/><E54/><V104/><F52/><W30/><G40/><T51/><D130/><U110/><E110/><V57/><F86/><W3/><G3/><T100/><D51/><U38/><E38/><V72/><F78/><W81/><G81/><T32/><D43/><U16/><E16/><V135/><F72/><W21/><G56/><T60/><D41/><U33/><AGARI ba="1,1" hai="4,6,8,12,18,24,31,33,62,66,68,99,102,107" machi="33" ten="20,12000,2" yaku="1,1,0,1,7,1,25,2,52,1,53,0" doraHai="96" doraHaiUra="88" who="1" fromWho="1" sc="160,-31,300,133,230,-61,300,-31" /><INIT seed="3,0,0,2,3,54" ten="129,433,169,269" oya="3" hai0="127,31,26,86,69,16,43,64,27,4,35,128,125" hai1="109,80,76,22,103,123,92,85,38,53,78,59,12" hai2="11,70,17,33,115,30,2,107,13,6,75,126,55" hai3="131,20,21,39,82,99,89,129,87,25,72,84,91"/><W57/><G39/><T135/><D43/><U83/><E109/><V14/><F115/><W36/><G36/><T62/><D135/><U81/><E123/><V118/><F118/><W121/><G25/><T90/><D128/><U23/><E38/><V45/><F75/><W100/><G57/><T29/><D4/><U93/><E103/><V122/><F107/><N who="3" m="63903" /><G21/><N who="1" m="7690" /><E12/><V58/><F70/><W71/><G20/><T65/><D16/><U42/><E42/><V134/><F134/><W47/><G47/><T111/><D111/><U102/><E85/><N who="3" m="32842" /><G71/><T68/><D86/><U9/><E9/><V66/><F122/><W88/><G121/><T120/><D120/><U104/><E104/><V3/><F66/><W49/><G49/><T24/><D90/><U94/><E102/><V5/><F45/><W50/><G50/><AGARI ba="0,0" hai="50,53,59,76,78,80,81,83,92,93,94" m="7690" machi="50" ten="30,2000,0" yaku="8,1,52,1" doraHai="54" who="1" fromWho="3" sc="129,0,433,20,169,0,269,-20" owari="129,-37.1,453,55.3,169,-23.1,249,4.9" /></mjloggm>