<mjloggm ver="2.3"><GO type="225" lobby="0"/><UN n0="%E5%B6%BA%E4%B8%8A%E5%92%B2" n1="%6D%75%75%73%61%6E%6D%75" n2="%E3%81%99%E3%81%84%E3%81%BE%E3%81%9B%E3%83%BC%E3%82%93" n3="%E3%83%B4%E3%83%A0%EF%BC%99%E3%81%A6" dan="16,17,18,16" rate="2094.88,2152.04,2192.90,2119.89" sx="F,F,M,M"/><TAIKYOKU oya="0"/><INIT seed="0,0,0,2,5,30" ten="250,250,250,250" oya="0" hai0="122,38,31,29,94,91,35,69,45,61,44,130,4" hai1="3,23,26,21,105,118,74,133,87,14,119,88,92" hai2="42,27,107,18,102,96,5,121,22,56,40,128,132" hai3="110,33,16,28,8,58,126,0,62,108,129,47,101"/><T52/><D122/><U127/><E3/><V6/><F121/><W71/><G71/><T73/><D73/><U36/><E36/><V120/><F120/><W11/><G126/><T83/><D130/><U82/><E127/><V113/><F113/><W97/><G129/><T90/><D4/><U68/><E68/><V20/><F128/><W100/><G47/><T60/><D38/><U123/><E123/><V79/><F132/><W24/><G0/><T55/><D69/><U32/><E133/><V39/><F79/><W2/><G2/><T59/><D83/><U80/><E105/><V53/><F22/><W54/><G100/><T89/><D94/><U78/><E80/><V106/><F106/><W77/><G77/><T34/><D90/><U86/><E74/><V81/><F81/><W114/><G114/><T67/><D67/><U70/><E70/><V111/><F111/><N who="3" m="42539" /><G16/><T104/><D104/><AGARI ba="0,0" hai="8,11,24,28,33,54,58,62,97,101,104" m="42539" machi="104" ten="30,2000,0" yaku="14,1,52,1" doraHai="30" who="3" fromWho="0" sc="250,-20,250,0,250,0,250,20" /><INIT seed="1,0,0,0,4,31" ten="230,250,250,270" oya="1" hai0="17,52,8,28,53,97,44,82,74,79,54,135,59" hai1="111,80,70,123,58,25,47,3,41,77,118,62,11" hai2="63,108,33,13,45,6,1,120,95,57,43,69,67" hai3="115,51,48,89,5,14,0,39,66,42,129,130,131"/><U110/><E118/><V94/><F120/><W56/><G115/><T20/><D135/><U85/><E123/><V73/><F1/><W132/><G0/><T113/><D113/><U18/><E70/><V78/><F108/><N who="1" m="41513" /><E25/><V104/><F104/><W24/><G132/><T7/><D28/><U96/><E96/><V64/><F33/><W105/><G105/><T124/><D124/><U32/><E32/><V133/><F133/><W76/><G76/><T134/><D134/><U88/><E77/><V19/><F6/><W72/><G24/><T112/><D112/><U35/><E35/><V12/><F12/><W93/><G72/><T37/><D97/><U122/><E122/><V81/><F67/><W103/><G103/><T71/><D71/><U125/><E125/><V127/><F69/><W121/><G121/><T38/><D59/><U119/><E119/><V10/><REACH who="2" step="1"/><F127/><REACH who="2" ten="230,250,240,270" step="2"/><W40/><G66/><T46/><D7/><N who="1" m="1535" /><E18/><V27/><F27/><W107/><G5/><T4/><D4/><U65/><E41/><V49/><AGARI ba="0,1" hai="10,13,19,43,45,49,57,63,64,73,78,81,94,95" machi="49" ten="20,2700,0" yaku="1,1,0,1,7,1,53,0" doraHai="31" doraHaiUra="86" who="2" fromWho="2" sc="230,-7,250,-13,240,37,270,-7" /><INIT seed="2,0,0,3,0,122" ten="223,237,277,263" oya="2" hai0="5,4,125,101,69,7,6,47,43,10,30,48,32" hai1="49,61,23,124,82,72,83,106,36,64,68,94,87" hai2="18,84,105,81,41,40,97,66,1,9,2,89,111" hai3="90,44,132,109,11,50,100,123,0,12,121,128,67"/><V116/><F116/><W60/><G0/><T107/><D125/><U75/><E36/><V70/><F1/><W58/><G128/><T33/><D69/><U54/><E106/><V79/><F70/><W37/><G37/><T86/><D86/><U98/><E124/><V27/><F66/><W3/><G3/><T13/><REACH who="0" step="1"/><D30/><REACH who="0" ten="213,237,277,263" step="2"/><U46/><E75/><V74/><F84/><W77/><G123/><T115/><D115/><U57/><E72/><V56/><F74/><W42/><G121/><T19/><D19/><U31/><E68/><V129/><F18/><W21/><G132/><T17/><D17/><U71/><E71/><V96/><F129/><W119/><G119/><T78/><D78/><U73/><E73/><V38/><F79/><W114/><G77/><T135/><D135/><U91/><E87/><V117/><F117/><W8/><G114/><T16/><D16/><U134/><E134/><V99/><F27/><AGARI ba="0,1" hai="23,27,31,46,49,54,57,61,64,82,83,91,94,98" machi="27" ten="40,1300,0" yaku="8,1" doraHai="122" who="1" fromWho="2" sc="213,0,237,23,277,-13,263,0" /><INIT seed="3,0,0,2,5,123" ten="213,260,264,263" oya="3" hai0="12,111,1,40,55,104,115,127,68,117,125,41,20" hai1="39,52,99,29,2,134,19,50,30,76,98,51,25" hai2="8,77,47,42,120,58,108,72,92,64,36,95,97" hai3="61,15,4,0,73,116,93,67,105,109,70,31,91"/><W131/><G105/><T13/><D117/><U16/><E39/><V102/><F120/><W38/><G116/><T129/><D1/><U44/><E2/><V3/><F108/><W113/><G113/><T124/><D115/><U87/><E134/><V89/><F64/><W5/><G0/><T21/><D104/><U100/><E76/><V63/><F63/><W14/><G73/><T54/><D68/><U6/><E6/><V78/><F58/><W9/><G38/><T74/><D74/><U34/><E87/><V121/><F121/><W46/><G131/><T56/><D129/><U83/><E83/><V106/><F95/><W88/><G109/><T90/><D90/><U69/><E69/><V27/><F27/><W101/><G31/><N who="1" m="11786" /><E34/><V122/><F122/><W75/><G75/><T33/><D33/><U60/><E60/><V35/><F35/><W48/><G101/><T82/><D82/><U17/><E25/><V84/><F72/><W133/><G133/><T32/><D32/><U45/><E100/><V22/><F3/><W85/><G91/><T49/><D111/><U65/><E65/><V96/><F106/><W128/><G128/><T23/><REACH who="0" step="1"/><D55/><AGARI ba="0,0" hai="16,17,19,44,45,50,51,52,55,98,99" m="11786" machi="55" ten="30,3900,0" yaku="8,1,54,2" doraHai="123" who="1" fromWho="0" sc="213,-39,260,39,264,0,263,0" /><INIT seed="4,0,0,3,1,103" ten="174,299,264,263" oya="0" hai0="36,42,133,112,28,80,18,32,30,0,101,91,67" hai1="61,17,131,15,85,57,31,35,49,4,109,86,114" hai2="7,1,104,83,94,81,50,53,33,76,70,87,125" hai3="11,40,129,21,8,89,34,65,115,77,3,96,118"/><T82/><D112/><U97/><E114/><V119/><F33/><W124/><G115/><T25/><D0/><U102/><E109/><V66/><F125/><W68/><G118/><T72/><D133/><U23/><E131/><V29/><F29/><W47/><G34/><T128/><D128/><U52/><E35/><V106/><F119/><W63/><G124/><T135/><D135/><U16/><E31/><V111/><F111/><W27/><G129/><T41/><D101/><U45/><E4/><V5/><F94/><W38/><G77/><T10/><D30/><U78/><E78/><V90/><F7/><W122/><G122/><T2/><D67/><U48/><E48/><V116/><F116/><W19/><G3/><T12/><D72/><U6/><E6/><V73/><F66/><W92/><AGARI ba="0,0" hai="8,11,19,21,27,38,40,47,63,65,68,89,92,96" machi="92" ten="30,1100,0" yaku="0,1" doraHai="103" who="3" fromWho="3" sc="174,-5,299,-3,264,-3,263,11" /><INIT seed="5,0,0,1,1,49" ten="169,296,261,274" oya="1" hai0="133,53,23,90,130,34,73,120,99,21,51,114,58" hai1="106,108,29,74,61,57,117,65,92,40,94,104,122" hai2="126,124,134,14,110,121,89,98,59,96,11,71,131" hai3="27,26,88,81,22,35,116,72,102,8,78,25,1"/><U13/><E117/><V5/><F121/><W62/><G116/><T30/><D120/><U111/><E122/><V135/><F71/><W50/><G102/><T10/><D73/><U70/><E74/><V115/><F110/><N who="1" m="42025" /><E40/><V95/><F131/><W129/><G129/><T77/><D130/><U55/><E29/><V63/><F98/><W119/><G119/><T52/><D114/><U7/><E13/><V112/><F135/><W67/><G35/><T48/><D133/><U41/><E41/><V18/><F5/><W33/><G33/><T123/><D123/><U128/><E7/><V28/><F28/><W3/><G22/><T2/><D77/><U87/><E128/><V44/><F44/><W85/><G50/><T84/><D34/><U103/><E87/><V56/><F56/><W60/><G8/><T118/><D118/><U105/><E103/><V76/><F76/><W75/><G75/><T12/><D2/><U132/><E132/><V68/><F68/><W38/><G38/><T109/><D109/><U47/><E47/><V69/><F69/><W45/><G45/><N who="0" m="27663" /><D30/><U83/><E83/><V9/><F9/><W91/><G1/><T19/><D99/><U39/><E39/><V20/><F11/><W125/><G3/><T100/><D100/><U93/><E70/><V42/><F134/><W43/><G72/><T64/><D64/><AGARI ba="0,0" hai="55,57,61,64,65,92,93,94,104,105,106" m="42025" machi="64" ten="40,3900,0" yaku="10,1,52,1" doraHai="49" who="1" fromWho="0" sc="169,-39,296,39,261,0,274,0" owari="130,-37.0,335,43.5,261,-13.9,274,7.4" /></mjloggm>