<mjloggm ver="2.3"><GO type="225" lobby="0"/><UN n0="%4C%4F%4C%49%54%41" n1="%6D%61%74%69%67%75%73%61" n2="%E9%B3%B3%E6%9D%B1%E3%81%AE%E3%81%BF%E3%81%91%E3%81%AB%E3%82%83%E3%82%93" n3="%E5%B0%8F%E9%B3%A5%E9%81%8A%E7%B7%B4%E7%84%A1%32%31%E6%AD%B3" dan="16,17,17,16" rate="2144.76,2198.42,2168.44,2150.83" sx="F,M,F,F"/><TAIKYOKU oya="0"/><INIT seed="0,0,0,3,4,130" ten="250,250,250,250" oya="0" hai0="63,40,69,57,53,31,124,11,73,133,86,113,17" hai1="65,44,22,88,41,70,119,67,129,134,82,116,71" hai2="92,9,16,38,14,105,48,107,6,89,58,131,99" hai3="39,74,7,12,27,15,72,117,109,29,78,46,123"/><T21/><D73/><U104/><E104/><V95/><F38/><W118/><G109/><T91/><D113/><U4/><E22/><V56/><F131/><W120/><G78/><T54/><D124/><U34/><E4/><V3/><F95/><W101/><G101/><T37/><D69/><U28/><E28/><V0/><F0/><W50/><G39/><T98/><D133/><U25/><E25/><V76/><F76/><W64/><G64/><T126/><D126/><U8/><E8/><V110/><F110/><W18/><G7/><T127/><D127/><U84/><E34/><V108/><F108/><W93/><G93/><T42/><D98/><U90/><E129/><V85/><F48/><W20/><G72/><T135/><D135/><U59/><E59/><V103/><REACH who="2" step="1"/><F105/><REACH who="2" ten="250,250,240,250" step="2"/><W115/><G115/><T80/><D37/><U45/><E134/><V55/><F55/><W2/><G2/><T10/><D54/><U24/><E82/><V43/><F43/><N who="0" m="16426" /><D31/><U23/><E41/><V114/><F114/><W68/><G50/><T26/><AGARI ba="0,1" hai="10,11,17,21,26,53,57,63,80,86,91" m="16426" machi="26" ten="30,1500,0" yaku="8,1" doraHai="130" who="0" fromWho="0" sc="250,25,250,-5,240,-5,250,-5" /><INIT seed="0,1,0,5,0,60" ten="275,245,235,245" oya="0" hai0="67,66,115,126,82,28,103,22,23,83,97,91,120" hai1="116,38,52,11,58,110,36,80,107,112,89,1,56" hai2="114,34,72,26,70,55,105,45,125,127,102,133,14" hai3="113,79,12,20,59,95,84,42,50,76,101,30,13"/><T37/><D115/><U3/><E107/><V61/><F72/><W4/><G113/><T15/><D120/><U31/><E116/><V57/><F14/><W104/><G104/><T78/><D37/><U32/><E58/><V33/><F114/><W92/><G4/><T7/><D126/><N who="2" m="48138" /><F26/><W135/><G135/><T122/><D122/><U134/><E110/><V24/><F24/><W132/><G132/><T54/><D54/><U73/><E112/><V111/><F133/><W106/><G20/><N who="0" m="7723" /><D103/><U0/><E11/><V51/><F111/><W131/><G106/><T109/><D28/><U90/><E134/><V46/><F102/><W64/><G101/><T48/><D48/><U87/><E73/><V35/><F105/><W2/><G30/><T98/><D98/><U71/><E71/><V27/><F27/><W5/><G2/><T130/><D130/><U99/><E31/><V62/><F62/><W94/><G131/><T49/><D49/><U68/><E68/><V85/><F85/><W43/><G50/><T39/><D39/><U40/><E36/><V19/><F19/><W81/><G79/><T93/><D109/><U25/><E38/><V10/><F10/><N who="3" m="4175" /><G13/><T129/><D129/><U123/><E25/><V9/><F9/><W44/><G44/><T88/><D78/><U75/><E123/><V96/><F96/><W119/><G119/><T63/><D63/><AGARI ba="1,0" hai="42,43,59,63,64,76,81,84,92,94,95" m="4175" machi="63" ten="30,2000,0" yaku="8,1,52,1" doraHai="60" who="3" fromWho="0" sc="275,-23,245,0,235,0,245,23" /><INIT seed="1,0,0,2,2,105" ten="252,245,235,268" oya="1" hai0="6,84,104,99,83,134,1,48,128,108,41,49,16" hai1="98,36,57,92,3,65,25,11,119,40,130,59,24" hai2="114,61,20,0,70,123,112,135,75,109,23,43,38" hai3="116,124,87,91,86,2,51,102,69,88,93,118,60"/><U115/><E115/><N who="2" m="44075" /><F0/><W110/><G2/><T50/><D108/><U64/><E119/><N who="3" m="45610" /><G51/><T21/><D128/><U37/><E3/><V78/><F123/><W22/><G22/><T103/><D134/><U13/><E130/><V77/><F77/><W62/><G69/><T79/><D6/><U67/><E40/><V56/><F70/><W120/><G120/><T74/><D1/><U117/><E117/><V27/><F27/><N who="1" m="10313" /><E36/><V17/><F17/><W111/><G102/><T7/><D7/><N who="1" m="3327" /><E37/><V66/><F109/><N who="3" m="41483" /><G124/><T18/><D41/><U85/><E85/><N who="3" m="32266" /><G93/><T63/><D63/><AGARI ba="0,0" hai="60,62,63,88,91" m="32266,41483,45610" machi="63" ten="40,8000,1" yaku="28,2,12,1,14,1,54,1" doraHai="105" who="3" fromWho="0" sc="252,-80,245,0,235,0,268,80" /><INIT seed="2,0,0,3,4,47" ten="172,245,235,348" oya="2" hai0="89,110,33,29,80,86,76,71,3,107,42,83,24" hai1="28,6,120,94,1,17,40,99,11,109,125,23,8" hai2="49,7,54,73,62,60,77,129,116,103,118,37,27" hai3="21,41,117,10,81,61,95,2,101,126,34,59,115"/><V56/><F37/><W74/><G34/><T64/><D3/><U123/><E40/><V119/><F129/><W88/><G117/><T82/><D110/><U105/><E105/><V14/><F103/><W135/><G126/><T18/><D107/><U52/><E109/><V102/><F102/><W100/><G135/><T45/><D18/><U134/><E134/><V39/><F39/><W50/><G21/><T55/><D55/><U90/><E28/><V13/><F27/><W122/><G122/><T92/><D64/><U98/><E98/><V48/><F62/><W114/><G10/><T38/><REACH who="0" step="1"/><D71/><REACH who="0" ten="162,245,235,348" step="2"/><U69/><E69/><V121/><F121/><W67/><G2/><T133/><D133/><U36/><E1/><V111/><F111/><W72/><G115/><T44/><D44/><U79/><E17/><V9/><REACH who="2" step="1"/><F13/><REACH who="2" ten="162,245,225,348" step="2"/><W26/><G26/><T131/><D131/><U53/><E123/><V124/><F124/><W16/><G114/><T63/><D63/><U104/><E125/><V51/><F51/><W97/><G50/><T66/><D66/><U87/><E120/><V91/><F91/><W4/><G67/><T96/><AGARI ba="0,2" hai="24,29,33,38,42,45,76,80,82,83,86,89,92,96" machi="96" ten="20,2700,0" yaku="1,1,0,1,7,1,53,0" doraHai="47" doraHaiUra="112" who="0" fromWho="0" sc="162,47,245,-7,225,-13,348,-7" /><INIT seed="3,0,0,3,0,110" ten="209,238,212,341" oya="3" hai0="12,34,53,69,70,16,123,15,47,134,80,9,92" hai1="104,116,65,46,1,132,10,114,119,75,50,51,103" hai2="108,128,45,2,29,22,102,127,21,82,97,5,42" hai3="13,106,67,130,120,125,91,87,62,95,117,4,33"/><W54/><G54/><T8/><D123/><U14/><E75/><V129/><F108/><W90/><G33/><T58/><D34/><U63/><E1/><V73/><F127/><W86/><G106/><T32/><D32/><U105/><E132/><V109/><F109/><W37/><G37/><T81/><D134/><U126/><E114/><V133/><F133/><W31/><G31/><T135/><D135/><U17/><E126/><V3/><F82/><W24/><G24/><T0/><D0/><N who="2" m="42" /><F5/><W121/><G130/><N who="2" m="50281" /><F29/><W99/><G4/><N who="0" m="3079" /><D69/><N who="1" m="42175" /><E103/><V61/><F61/><W79/><G62/><N who="0" m="36175" /><D70/><U98/><E98/><V48/><F73/><W49/><G99/><T88/><D47/><U112/><E112/><V124/><F124/><W107/><G125/><T57/><D57/><U94/><E50/><V85/><F85/><AGARI ba="0,0" hai="9,15,16,80,81,85,88,92" m="36175,3079" machi="85" ten="30,3900,0" yaku="8,1,54,2" doraHai="110" who="0" fromWho="2" sc="209,39,238,0,212,-39,341,0" owari="248,4.8,238,-16.2,173,-32.7,341,44.1" /></mjloggm>