<mjloggm ver="2.3"><GO type="225" lobby="0"/><UN n0="%E6%B8%A9%E2%98%85%E6%83%85%E2%98%85%E6%8E%AA%E2%98%85%E7%BD%AE" n1="%E6%A1%9C%E8%8A%B1%E9%96%83%E3%80%85" n2="%6D%61%6A%69%6B%75%7A%75" n3="%72%65%6E%6B%75%6E" dan="18,16,17,17" rate="2247.91,2133.43,2237.43,2216.38" sx="M,M,M,M"/><TAIKYOKU oya="0"/><INIT seed="0,0,0,3,5,14" ten="250,250,250,250" oya="0" hai0="84,11,123,52,8,107,41,21,72,101,117,125,44" hai1="97,111,105,98,104,118,23,88,6,80,20,43,1" hai2="18,68,9,35,79,132,121,120,31,95,60,106,73" hai3="4,78,99,33,127,67,116,86,70,3,87,126,22"/><T51/><D117/><U134/><E118/><V89/><F106/><W36/><G36/><T30/><D72/><U90/><E43/><V45/><F132/><W135/><G33/><T7/><D123/><U69/><E69/><V40/><F31/><W29/><G116/><T13/><D125/><U37/><E37/><V100/><F100/><W42/><G42/><T133/><D133/><U81/><E6/><V56/><F35/><W61/><G135/><T53/><D107/><U103/><E134/><V10/><F68/><W66/><G66/><T19/><D101/><U48/><E103/><V49/><F73/><W128/><G99/><T83/><D30/><U46/><E48/><V54/><F79/><W94/><G94/><T113/><D113/><U12/><E12/><V108/><F108/><W92/><G92/><T0/><REACH who="0" step="1"/><D11/><REACH who="0" ten="240,250,250,250" step="2"/><U59/><E111/><V129/><F121/><W65/><G29/><T75/><D75/><U102/><E102/><V131/><F120/><W119/><G119/><T112/><D112/><U38/><E105/><V76/><F129/><W17/><G128/><T91/><AGARI ba="0,1" hai="0,7,8,13,19,21,41,44,51,52,53,83,84,91" machi="91" ten="20,12000,1" yaku="1,1,0,1,7,1,52,1,54,1,53,0" doraHai="14" doraHaiUra="115" who="0" fromWho="0" sc="240,130,250,-40,250,-40,250,-40" /><INIT seed="0,1,0,3,2,127" ten="370,210,210,210" oya="0" hai0="74,49,28,2,42,22,79,111,88,93,41,9,63" hai1="34,56,84,98,11,27,38,81,80,4,77,58,122" hai2="13,119,78,31,129,128,105,36,40,86,116,55,73" hai3="114,95,102,107,57,17,8,83,130,126,15,115,12"/><T3/><D111/><U82/><E122/><V97/><F73/><W133/><G107/><T123/><D123/><U125/><E38/><V16/><F31/><W72/><G126/><T66/><D79/><U90/><E125/><V33/><F33/><W6/><G133/><T5/><D74/><U7/><E34/><V44/><F55/><W103/><G57/><N who="1" m="22122" /><E27/><V120/><F120/><W64/><G64/><T113/><D3/><U118/><E118/><N who="2" m="45099" /><F78/><W46/><G46/><T47/><D113/><U131/><E131/><N who="2" m="50251" /><F86/><W71/><G72/><T124/><D124/><U61/><E61/><V0/><F0/><W75/><G75/><T25/><D63/><U112/><E112/><V99/><F105/><W39/><G130/><T110/><D110/><U62/><E62/><V70/><F70/><W65/><G71/><T87/><D66/><U52/><E52/><AGARI ba="1,0" hai="2,5,9,22,25,28,41,42,47,49,52,87,88,93" machi="52" ten="30,5800,0" yaku="7,1,54,2" doraHai="127" who="0" fromWho="1" sc="370,61,210,-61,210,0,210,0" /><INIT seed="0,2,0,4,1,43" ten="431,149,210,210" oya="0" hai0="44,81,63,41,125,117,80,0,133,1,116,113,89" hai1="7,35,62,11,106,56,90,55,95,128,101,61,73" hai2="14,49,58,91,86,21,68,100,42,19,84,102,127" hai3="118,132,2,122,5,20,104,74,17,121,130,45,124"/><T72/><D113/><U85/><E128/><V28/><F127/><W3/><G45/><T76/><D125/><U33/><E73/><V107/><F68/><W52/><G52/><T59/><D133/><U69/><E106/><V29/><F107/><W18/><G74/><T119/><D89/><U129/><E101/><N who="2" m="39019" /><F84/><W57/><G57/><T48/><REACH who="0" step="1"/><D81/><REACH who="0" ten="421,149,210,210" step="2"/><U64/><REACH who="1" step="1"/><E129/><REACH who="1" ten="421,139,210,210" step="2"/><V82/><F42/><W79/><G130/><T134/><D134/><U54/><E54/><AGARI ba="2,2" hai="14,19,21,28,29,49,54,58,82,86,91" m="39019" machi="54" ten="30,1000,0" yaku="8,1" doraHai="43" who="2" fromWho="1" sc="421,0,139,-16,210,36,210,0" /><AGARI ba="2,0" hai="0,1,41,44,48,54,59,63,72,76,80,116,117,119" machi="54" ten="40,3900,0" yaku="1,1,52,1,53,0" doraHai="43" doraHaiUra="98" who="0" fromWho="1" sc="421,39,123,-39,246,0,210,0" /><INIT seed="0,3,0,0,3,47" ten="460,84,246,210" oya="0" hai0="30,76,70,35,71,66,127,107,37,52,110,8,17" hai1="19,60,41,6,65,82,129,95,40,105,45,108,89" hai2="44,104,87,9,16,101,69,117,59,57,133,102,94" hai3="49,26,13,86,123,32,50,131,106,99,116,80,90"/><T121/><D121/><U23/><E108/><V93/><F69/><W34/><G116/><T115/><D115/><U29/><E129/><V111/><F111/><W46/><G131/><T2/><D107/><U75/><E105/><V97/><F117/><W43/><G123/><T20/><D37/><U62/><E29/><V58/><F133/><W10/><G26/><N who="0" m="18903" /><D76/><U55/><E6/><V91/><F44/><W5/><REACH who="3" step="1"/><G50/><REACH who="3" ten="460,84,246,200" step="2"/><T74/><D110/><U103/><E41/><V83/><REACH who="2" step="1"/><F101/><AGARI ba="3,1" hai="5,10,13,32,34,43,46,49,80,86,90,99,101,106" machi="101" ten="40,5200,0" yaku="1,1,2,1,52,1,53,0" doraHai="47" doraHaiUra="68" who="3" fromWho="2" sc="460,0,84,0,246,-61,200,71" /><INIT seed="1,0,0,4,1,49" ten="460,84,185,271" oya="1" hai0="121,135,54,78,97,16,106,61,65,112,13,104,18" hai1="122,99,6,5,27,46,40,86,95,33,56,108,81" hai2="26,36,7,119,19,51,88,67,58,117,22,34,41" hai3="98,39,8,134,103,14,105,74,93,59,48,79,35"/><U52/><E122/><V3/><F36/><W11/><G39/><T90/><D112/><U30/><E108/><V69/><F69/><W114/><G35/><T10/><D135/><U120/><E120/><V101/><F101/><W118/><G114/><T85/><D121/><U75/><E75/><V15/><F67/><W115/><G115/><T89/><D78/><U91/><E46/><V45/><F58/><W17/><G134/><T1/><D1/><U47/><E47/><V32/><F32/><W24/><G118/><T76/><D76/><U94/><E40/><V100/><F100/><W4/><G105/><T31/><D31/><U133/><E133/><V70/><F70/><W29/><G29/><T62/><D90/><U73/><E73/><V80/><F80/><W123/><G123/><T66/><D18/><U72/><E72/><V130/><F88/><W23/><G8/><T0/><D97/><U37/><E37/><V102/><F102/><W82/><G48/><T64/><D0/><U55/><E95/><V77/><F77/><W20/><G20/><T21/><D21/><U109/><E109/><V129/><F3/><W87/><G59/><N who="0" m="35063" /><D106/><U28/><E28/><N who="2" m="19735" /><F7/><N who="1" m="2569" /><E56/><V71/><F71/><W116/><G116/><T44/><D104/><U25/><E25/><V113/><F113/><W96/><G96/><T43/><D44/><U60/><E60/><V12/><F15/><W57/><G57/><N who="0" m="36943" /><D43/><U42/><E42/><V125/><F119/><W126/><G74/><T83/><AGARI ba="0,0" hai="10,13,16,65,66,83,85,89" m="36943,35063" machi="83" ten="30,4000,0" yaku="8,1,52,1,54,1" doraHai="49" who="0" fromWho="0" sc="460,40,84,-20,185,-10,271,-10" /><INIT seed="2,0,0,3,2,65" ten="500,64,175,261" oya="2" hai0="31,70,59,48,34,75,27,115,78,33,89,19,85" hai1="112,41,123,130,113,61,55,103,122,51,63,37,132" hai2="22,114,43,94,66,119,109,25,40,58,2,6,60" hai3="38,134,32,127,26,124,30,16,121,71,96,36,111"/><V0/><F114/><N who="1" m="44137" /><E103/><V50/><F119/><W4/><G121/><N who="1" m="46090" /><E132/><V45/><F109/><W35/><G111/><T118/><D118/><U42/><E37/><V92/><F43/><N who="1" m="16393" /><E130/><V101/><F6/><W135/><G4/><T21/><D34/><U1/><E1/><V44/><F44/><AGARI ba="0,0" hai="44,51,55,61,63" m="16393,46090,44137" machi="44" ten="30,3900,0" yaku="13,1,34,2" doraHai="65" who="1" fromWho="2" sc="500,0,64,39,175,-39,261,0" /><INIT seed="3,0,0,2,4,101" ten="500,103,136,261" oya="3" hai0="123,80,82,31,128,65,117,104,126,125,2,47,103" hai1="59,130,61,88,97,110,94,114,133,34,111,122,135" hai2="74,84,51,72,37,116,22,13,44,4,89,129,48" hai3="73,41,108,36,0,64,30,3,16,33,45,8,23"/><W55/><G73/><T35/><D117/><U70/><E122/><V127/><F116/><W91/><G64/><T107/><D123/><U49/><E114/><V52/><F37/><W25/><G108/><N who="1" m="41514" /><E34/><V90/><F129/><W95/><G55/><T109/><D109/><U77/><E77/><V120/><F120/><W81/><G81/><N who="0" m="31339" /><D128/><U83/><E130/><V66/><F127/><N who="0" m="48650" /><D103/><U87/><E49/><V115/><F115/><W24/><REACH who="3" step="1"/><G8/><REACH who="3" ten="500,103,136,251" step="2"/><T75/><D65/><N who="1" m="39103" /><E70/><V32/><F66/><W39/><G39/><T58/><D75/><U20/><E20/><V105/><F32/><W99/><AGARI ba="0,1" hai="0,3,16,23,24,25,30,33,36,41,45,91,95,99" machi="99" ten="20,7800,0" yaku="1,1,0,1,7,1,54,1,53,0" doraHai="101" doraHaiUra="67" who="3" fromWho="3" sc="500,-26,103,-26,136,-26,251,88" /><INIT seed="3,1,0,0,1,74" ten="474,77,110,339" oya="3" hai0="9,87,121,11,70,71,103,41,128,67,66,108,22" hai1="49,29,53,134,37,132,7,57,79,101,96,17,76" hai2="118,39,88,58,93,89,44,109,50,45,43,35,104" hai3="122,31,20,60,72,124,120,46,42,69,1,34,80"/><W114/><G114/><T51/><D121/><U112/><E112/><V127/><F118/><W95/><G95/><T129/><D108/><U5/><E37/><V135/><F104/><W18/><G124/><T68/><D103/><U21/><E29/><V26/><F109/><W92/><G92/><T123/><D123/><U84/><E84/><V54/><F127/><W110/><G110/><T3/><D22/><U99/><E132/><V63/><F135/><W102/><G102/><T111/><D111/><U59/><E134/><V0/><F0/><W38/><G1/><T85/><D3/><U100/><E100/><V19/><F93/><W12/><G69/><T81/><D51/><U23/><E101/><V65/><REACH who="2" step="1"/><F19/><REACH who="2" ten="474,77,100,339" step="2"/><W133/><G133/><T131/><D41/><U52/><E17/><V55/><F55/><W36/><G36/><T2/><D2/><U73/><E73/><V47/><F47/><W75/><G75/><T27/><D27/><U97/><E97/><V77/><F77/><W62/><G122/><T107/><D107/><U61/><E49/><V116/><F116/><W86/><G120/><T83/><D71/><U115/><E115/><V94/><F94/><W91/><REACH who="3" step="1"/><G72/><REACH who="3" ten="474,77,100,329" step="2"/><T25/><D131/><U117/><REACH who="1" step="1"/><E61/><REACH who="1" ten="474,67,100,329" step="2"/><V33/><F33/><W78/><G78/><T64/><REACH who="0" step="1"/><D64/><REACH who="0" ten="464,67,100,329" step="2"/><RYUUKYOKU type="reach4" ba="1,4" sc="464,0,67,0,100,0,329,0" hai0="9,11,25,66,67,68,70,81,83,85,87,128,129" hai1="5,7,21,23,52,53,57,59,76,79,96,99,117" hai2="26,35,39,43,44,45,50,54,58,63,65,88,89" hai3="12,18,20,31,34,38,42,46,60,62,80,86,91" /><INIT seed="3,2,4,1,0,130" ten="464,67,100,329" oya="3" hai0="46,95,21,60,5,15,67,69,97,72,122,56,71" hai1="107,62,103,65,109,36,66,127,70,78,128,41,85" hai2="9,19,39,100,114,92,11,45,43,133,34,101,47" hai3="40,80,87,30,64,44,126,28,18,1,117,105,77"/><W49/><G105/><T123/><D72/><U113/><E113/><V0/><F114/><W2/><G117/><T116/><D116/><U24/><E128/><V35/><F133/><W135/><G135/><T134/><D134/><U59/><E109/><V57/><F57/><W121/><G121/><T13/><D46/><N who="1" m="23847" /><E85/><V52/><F92/><W50/><G64/><T16/><D5/><U54/><E78/><V82/><F82/><W32/><G126/><T6/><D6/><U76/><E76/><V84/><F84/><W111/><G111/><T83/><D15/><U125/><E24/><V38/><F0/><W106/><G106/><T120/><REACH who="0" step="1"/><D83/><REACH who="0" ten="454,67,100,329" step="2"/><U20/><E20/><V73/><F73/><W48/><G18/><T81/><D81/><U31/><E31/><V14/><F19/><W94/><G94/><T108/><D108/><U27/><E27/><V118/><F118/><W10/><G10/><T89/><AGARI ba="2,5" hai="13,16,21,56,60,67,69,71,89,95,97,120,122,123" machi="89" ten="30,7900,0" yaku="1,1,0,1,54,1,53,1" doraHai="130" doraHaiUra="12" who="0" fromWho="0" sc="454,135,67,-22,100,-22,329,-41" owari="589,68.9,45,-45.5,78,-32.2,288,8.8" /></mjloggm>