<mjloggm ver="2.3"><GO type="225" lobby="0"/><UN n0="%79%75%72%69%6D%6F%67" n1="%E3%81%8B%E3%82%8F%E3%81%A1%E3%82%83%E3%82%93%35%38" n2="%E3%82%B7%E3%83%B3%E5%A4%AA%E6%9C%97" n3="%E3%81%BF%E3%81%BF%E3%81%9A" dan="16,16,16,18" rate="2187.38,2101.35,2135.91,2255.30" sx="F,M,M,M"/><TAIKYOKU oya="0"/><INIT seed="0,0,0,1,5,60" ten="250,250,250,250" oya="0" hai0="3,43,54,78,39,122,125,116,20,23,7,93,123" hai1="18,8,35,11,114,31,97,129,100,58,76,9,15" hai2="121,80,112,120,57,79,21,109,6,131,28,67,119" hai3="133,88,27,46,91,108,74,82,50,103,33,12,102"/><T0/><D39/><U134/><E129/><V10/><F112/><W75/><G12/><T73/><D43/><U30/><E134/><V59/><F131/><W128/><G128/><T96/><D73/><U104/><E114/><V124/><F109/><W126/><G108/><T32/><D78/><U45/><E76/><V92/><F124/><W69/><G69/><T38/><D38/><U90/><E35/><V16/><F28/><W95/><G133/><T56/><D116/><U13/><E45/><V22/><F22/><W37/><G37/><T52/><D32/><U66/><E90/><V130/><F92/><W53/><G126/><T26/><D23/><U4/><REACH who="1" step="1"/><E9/><REACH who="1" ten="250,240,250,250" step="2"/><V98/><F130/><W65/><G91/><T86/><D125/><U63/><AGARI ba="0,1" hai="4,8,11,13,15,18,30,31,58,63,66,97,100,104" machi="63" ten="30,7900,0" yaku="1,1,2,1,0,1,52,1,53,0" doraHai="60" doraHaiUra="68" who="1" fromWho="1" sc="250,-39,240,89,250,-20,250,-20" /><INIT seed="1,0,0,2,2,25" ten="211,329,230,230" oya="1" hai0="72,14,99,60,36,17,123,53,4,10,35,66,83" hai1="48,106,54,105,133,120,32,87,65,116,34,127,67" hai2="110,59,135,18,113,70,94,98,117,79,20,12,118" hai3="46,49,125,5,45,29,27,131,92,81,80,26,95"/><U16/><E120/><V73/><F135/><W6/><G125/><T111/><D36/><U3/><E3/><V91/><F110/><W107/><G107/><T41/><D111/><U100/><E116/><V101/><F70/><W13/><G131/><T23/><D41/><U39/><E39/><V82/><F113/><W33/><G13/><T122/><D35/><U121/><E121/><N who="0" m="46089" /><D99/><U68/><E127/><V22/><F22/><W102/><G33/><T134/><D83/><U38/><E38/><V128/><F128/><W63/><G49/><T50/><D72/><U19/><E87/><V58/><F58/><W114/><G114/><T69/><D134/><U132/><E48/><V77/><F77/><W90/><G90/><T74/><D74/><U88/><E54/><V85/><REACH who="2" step="1"/><F59/><REACH who="2" ten="211,329,220,230" step="2"/><W115/><G115/><T130/><D130/><U37/><E68/><V15/><F15/><W119/><G119/><T76/><D76/><U9/><E133/><V89/><F89/><W129/><G129/><T28/><D28/><U1/><E132/><V43/><F43/><W30/><G63/><T11/><D23/><U52/><E88/><V78/><F78/><W42/><G42/><T112/><D112/><U62/><E32/><V97/><F97/><W126/><G126/><T93/><D93/><AGARI ba="0,1" hai="12,18,20,73,79,82,85,91,93,94,98,101,117,118" machi="93" ten="30,2000,0" yaku="1,1,7,1,53,0" doraHai="25" doraHaiUra="103" who="2" fromWho="0" sc="211,-20,329,0,220,30,230,0" /><INIT seed="2,0,0,2,3,1" ten="191,329,250,230" oya="2" hai0="24,13,83,50,21,69,102,58,119,86,103,42,60" hai1="124,122,27,33,128,61,16,35,116,71,17,97,32" hai2="37,123,81,6,76,8,2,101,19,110,66,56,74" hai3="132,96,85,34,113,20,98,30,64,39,67,127,70"/><V84/><F123/><W87/><G39/><T135/><D135/><U31/><E116/><V134/><F134/><W38/><G38/><T118/><D69/><U10/><E122/><V126/><F126/><W45/><G132/><T78/><D119/><U117/><E117/><V114/><F114/><W105/><G34/><T107/><D107/><U18/><E124/><V131/><F131/><W92/><G127/><T7/><D118/><U73/><E73/><V115/><F115/><W68/><G45/><N who="0" m="25911" /><D21/><U55/><E128/><V54/><F110/><W109/><G113/><T59/><D24/><U12/><E55/><V89/><F101/><N who="0" m="38410" /><D60/><U77/><E97/><V15/><F37/><W49/><G109/><T5/><D13/><N who="1" m="7223" /><E61/><V47/><F66/><W26/><G105/><T129/><D129/><U106/><E77/><V125/><F47/><W63/><G49/><T93/><D93/><U130/><E71/><V94/><F125/><W112/><G112/><T51/><D59/><U75/><E75/><V120/><F120/><W80/><G70/><T133/><D133/><U108/><E106/><V14/><REACH who="2" step="1"/><F19/><REACH who="2" ten="191,329,240,230" step="2"/><N who="1" m="7177" /><E130/><V99/><F99/><W9/><G67/><T65/><D65/><U29/><E108/><V0/><F0/><W91/><REACH who="3" step="1"/><G9/><REACH who="3" ten="191,329,240,220" step="2"/><T95/><D58/><U79/><E27/><V121/><F121/><W3/><G3/><T41/><D95/><U104/><E104/><V43/><F43/><W82/><G82/><T100/><D100/><U57/><E12/><V25/><F25/><W40/><G40/><T111/><D111/><U11/><E11/><V28/><F28/><RYUUKYOKU ba="0,2" sc="191,10,329,-30,240,10,220,10" hai0="5,7,41,51,78,83,86" hai2="2,6,8,14,15,54,56,74,76,81,84,89,94" hai3="20,26,30,63,64,68,80,85,87,91,92,96,98" /><INIT seed="2,1,2,3,3,39" ten="201,299,250,230" oya="2" hai0="55,79,52,93,118,30,82,14,61,25,31,33,45" hai1="64,120,34,135,56,44,18,134,103,4,66,112,9" hai2="94,62,126,57,131,53,110,19,24,71,113,8,49" hai3="122,40,89,74,20,123,17,75,15,90,127,23,107"/><V115/><F131/><W76/><G107/><T35/><D118/><U42/><E112/><V92/><F126/><W96/><G127/><T27/><D14/><U128/><E34/><V129/><F129/><W70/><G70/><T124/><D124/><U1/><E128/><V133/><F133/><N who="1" m="50697" /><E120/><V51/><F110/><W6/><G6/><T84/><D61/><U125/><E125/><V13/><F49/><W21/><G96/><T48/><REACH who="0" step="1"/><D93/><REACH who="0" ten="191,299,250,230" step="2"/><U100/><E64/><V47/><F113/><W81/><G122/><T38/><D38/><U54/><E66/><V121/><F115/><W78/><G123/><T10/><D10/><U60/><E18/><V22/><F121/><W41/><G15/><T91/><D91/><U132/><E132/><V50/><F71/><W72/><G17/><T83/><D83/><U26/><E26/><V119/><F119/><W58/><G81/><T99/><D99/><U67/><E67/><N who="2" m="39375" /><F51/><AGARI ba="1,3" hai="1,4,9,42,44,51,54,56,60,100,103" m="50697" machi="51" ten="30,2000,0" yaku="20,1,52,1" doraHai="39" who="1" fromWho="2" sc="191,0,299,53,250,-23,230,0" /><INIT seed="3,0,0,2,1,71" ten="191,352,227,230" oya="3" hai0="81,74,34,65,63,62,57,42,51,133,75,98,79" hai1="2,18,35,99,60,121,70,116,125,111,41,33,26" hai2="128,4,85,135,12,17,124,115,89,0,9,52,55" hai3="78,59,73,30,109,110,113,117,54,80,107,83,69"/><W95/><G113/><T92/><D133/><U24/><E121/><V15/><F115/><W67/><G107/><T19/><D34/><U77/><E2/><V100/><F135/><W103/><G117/><T58/><D42/><U21/><E77/><V44/><F128/><W93/><G83/><T82/><D51/><U56/><E70/><V49/><F124/><W48/><G30/><T7/><D7/><U86/><E41/><N who="2" m="24719" /><F100/><W66/><G103/><T90/><D19/><U5/><E86/><V16/><F0/><W76/><G76/><T108/><D108/><N who="3" m="41577" /><G69/><T132/><D132/><U114/><E18/><N who="2" m="7275" /><F12/><W68/><G68/><T39/><D82/><AGARI ba="0,0" hai="4,9,15,52,55,82,85,89" m="7275,24719" machi="82" ten="30,3900,0" yaku="8,1,54,2" doraHai="71" who="2" fromWho="0" sc="191,-39,352,0,227,39,230,0" owari="152,-34.8,352,45.2,266,6.6,230,-17.0" /></mjloggm>