<mjloggm ver="2.3"><GO type="225" lobby="0"/><UN n0="%E6%98%93%E5%88%A9%E8%96%A9%E4%BC%AF" n1="%E6%97%A5%E6%9B%9C%E6%97%A5%E3%82%88%E3%82%8A%E3%81%AE%E4%BD%BF%E8%80%85" n2="%72%69%6F%75%63%68%61%6E" n3="%E3%82%BC%E3%83%AB%E3%83%80%E3%81%AE%E4%BC%9D%E8%AA%AC" dan="16,18,17,16" rate="2119.25,2191.88,2216.83,2145.90" sx="F,M,M,M"/><TAIKYOKU oya="0"/><INIT seed="0,0,0,3,1,121" ten="250,250,250,250" oya="0" hai0="41,86,70,113,91,37,43,62,24,77,39,69,0" hai1="47,4,46,74,66,96,63,128,9,6,7,23,45" hai2="132,99,114,31,52,26,40,38,78,30,104,56,119" hai3="68,58,16,108,5,34,135,67,116,17,84,20,98"/><T122/><D122/><U129/><E74/><V25/><F132/><W109/><G116/><T107/><D0/><U105/><E23/><V97/><F114/><W28/><G68/><T106/><D77/><U71/><E105/><V2/><F2/><W21/><G135/><T72/><D72/><U51/><E96/><V83/><F119/><W29/><G84/><T88/><D62/><U54/><REACH who="1" step="1"/><E9/><REACH who="1" ten="250,240,250,250" step="2"/><V15/><F104/><W35/><G98/><T59/><D86/><U48/><E48/><V112/><F99/><W1/><G34/><T10/><D10/><U102/><E102/><V94/><F38/><W90/><G35/><T130/><D113/><U50/><E50/><N who="2" m="30743" /><F112/><W79/><G21/><T22/><D22/><U33/><E33/><V81/><F30/><W42/><G28/><T85/><D85/><U64/><E64/><V27/><F31/><W133/><G133/><T93/><D107/><U13/><E13/><V120/><F120/><W75/><G29/><T14/><D106/><U118/><E118/><V19/><F78/><W53/><G67/><T44/><D37/><U55/><E55/><V57/><F40/><W101/><G42/><T95/><D39/><U115/><E115/><V82/><F15/><W36/><G36/><T126/><D14/><U3/><E3/><V11/><F11/><N who="3" m="2479" /><G101/><T131/><D41/><U111/><E111/><N who="3" m="42570" /><G20/><T134/><D43/><U87/><E87/><V32/><F32/><W73/><G79/><T92/><D134/><U127/><E127/><V100/><F19/><N who="3" m="7243" /><G90/><T18/><D91/><U124/><E124/><V61/><F25/><RYUUKYOKU ba="0,1" sc="250,-30,240,10,250,10,250,10" hai1="4,6,7,45,46,47,51,54,63,66,71,128,129" hai2="26,27,57,61,81,82,83,94,97,100" hai3="53,58,73,75" /><INIT seed="1,1,1,4,1,15" ten="220,250,260,260" oya="1" hai0="52,55,104,66,44,108,125,101,81,1,56,102,4" hai1="110,16,35,14,84,57,59,43,115,134,103,24,28" hai2="69,127,71,132,50,119,74,25,19,95,40,29,75" hai3="120,118,23,36,129,20,109,51,64,73,85,30,82"/><U9/><E115/><V76/><F119/><W105/><G120/><T48/><D108/><U113/><E113/><V27/><F127/><W65/><G36/><T100/><D104/><U58/><E134/><V128/><F128/><W22/><G105/><T38/><D125/><U37/><E110/><V63/><F132/><W106/><G106/><T67/><D38/><U98/><E84/><V72/><F76/><W97/><G73/><T61/><D1/><U99/><REACH who="1" step="1"/><E103/><REACH who="1" ten="220,240,260,260" step="2"/><V42/><F74/><W114/><G114/><T87/><REACH who="0" step="1"/><D4/><REACH who="0" ten="210,240,260,260" step="2"/><U88/><E88/><AGARI ba="1,3" hai="44,48,52,55,56,61,66,67,81,87,88,100,101,102" machi="88" ten="40,8000,1" yaku="1,1,2,1,8,1,54,2,53,0" doraHai="15" doraHaiUra="107" who="0" fromWho="1" sc="210,113,240,-83,260,0,260,0" /><INIT seed="2,0,0,0,3,58" ten="323,157,260,260" oya="2" hai0="94,97,125,123,10,31,12,63,118,4,22,95,18" hai1="20,29,121,28,44,19,110,127,67,52,53,27,87" hai2="73,15,56,8,7,74,60,37,80,35,68,131,92" hai3="115,109,1,47,2,119,26,30,108,81,129,79,42"/><V85/><F131/><W89/><G119/><T114/><D123/><U132/><E121/><V32/><F37/><W82/><G129/><T113/><D125/><U13/><E127/><V106/><F106/><W83/><G115/><T91/><D118/><U61/><E110/><N who="3" m="42602" /><G89/><T51/><D31/><U98/><E132/><V100/><F68/><W130/><G79/><T0/><D51/><U43/><E98/><V105/><F105/><W66/><G66/><T112/><D94/><U54/><E87/><V49/><F49/><N who="3" m="26871" /><G130/><T122/><D122/><U65/><E65/><V88/><F73/><W135/><G135/><T133/><D133/><U111/><E111/><V48/><F48/><W6/><G6/><T117/><D117/><U69/><REACH who="1" step="1"/><E27/><REACH who="1" ten="323,147,260,260" step="2"/><V50/><F74/><W16/><G26/><T57/><D113/><U45/><E45/><V124/><F124/><W78/><G78/><T46/><D46/><U120/><E120/><V64/><REACH who="2" step="1"/><F50/><AGARI ba="0,1" hai="13,19,20,28,29,43,44,50,52,53,54,61,67,69" machi="50" ten="40,5200,0" yaku="1,1,52,1,54,1,53,0" doraHai="58" doraHaiUra="84" who="1" fromWho="2" sc="323,0,147,62,260,-52,260,0" /><INIT seed="3,0,0,2,3,66" ten="323,209,208,260" oya="3" hai0="17,62,128,89,80,92,88,33,78,81,98,131,133" hai1="4,71,106,108,32,84,64,30,120,6,129,37,28" hai2="15,14,46,99,55,43,69,41,107,13,20,65,3" hai3="116,123,87,35,67,29,57,109,49,104,95,40,126"/><W2/><G2/><T26/><D62/><N who="1" m="40343" /><E120/><V53/><F3/><W102/><G126/><T58/><D58/><U122/><E122/><V54/><F20/><W50/><G116/><T48/><D48/><U45/><E84/><V34/><F34/><W63/><G109/><T23/><D133/><U91/><E91/><V124/><F124/><W90/><G40/><T56/><D56/><U31/><E32/><V130/><F130/><N who="0" m="49706" /><D33/><U5/><E106/><V115/><F115/><W117/><G117/><T86/><D81/><U51/><E37/><V119/><F119/><W25/><G123/><T1/><D1/><U7/><N who="1" m="1024" /><DORA hai="132" /><U127/><E127/><V0/><F0/><W39/><G39/><T135/><D135/><U36/><E36/><V38/><F41/><W74/><G74/><T112/><D112/><U52/><E129/><V111/><F111/><W42/><G42/><T72/><D72/><U103/><E108/><V113/><F113/><W68/><G57/><T9/><D9/><U18/><E103/><AGARI ba="0,0" hai="17,23,26,78,80,86,88,89,92,98,103" m="49706" machi="103" ten="30,2000,0" yaku="19,1,54,1" doraHai="66,132" who="0" fromWho="1" sc="323,20,209,-20,208,0,260,0" owari="343,44.3,189,-31.1,208,-19.2,260,6.0" /></mjloggm>