<mjloggm ver="2.3"><GO type="225" lobby="0"/><UN n0="%65%6B%61%72%75%74%65" n1="%E3%81%AF%E3%82%88%E3%81%8A%E3%81%98%E3%81%95%E3%82%93" n2="%E3%81%9F%E3%81%8C%E3%82%84%E3%81%99" n3="%E5%B8%86%E7%AB%8B%E5%A4%8F%E8%A1%A3" dan="17,16,16,17" rate="2134.80,2128.10,2117.45,2178.06" sx="M,M,M,M"/><TAIKYOKU oya="0"/><INIT seed="0,0,0,0,1,108" ten="250,250,250,250" oya="0" hai0="49,41,114,110,91,78,53,111,121,54,34,50,85" hai1="125,32,15,100,98,19,13,68,82,42,39,107,87" hai2="30,46,123,116,25,40,23,12,90,80,69,127,11" hai3="45,106,10,70,35,76,74,113,57,126,29,58,88"/><T133/><D121/><U132/><E68/><V119/><F69/><W99/><G126/><T44/><D34/><U124/><E32/><V97/><F123/><W2/><G113/><T66/><D133/><U95/><E132/><V5/><F127/><N who="1" m="48713" /><E95/><V120/><F120/><W67/><G45/><T26/><D78/><N who="1" m="46551" /><E19/><V84/><REACH who="2" step="1"/><F97/><REACH who="2" ten="250,250,240,250" step="2"/><W62/><G99/><T20/><D111/><U4/><E4/><V18/><F18/><W86/><G70/><T128/><D110/><U7/><E7/><V71/><F71/><W6/><G6/><T83/><D114/><U14/><E42/><V59/><F59/><W36/><G58/><T109/><D109/><U52/><E39/><AGARI ba="0,1" hai="5,11,12,23,25,30,39,40,46,80,84,90,116,119" machi="39" ten="40,1300,0" yaku="1,1,53,0" doraHai="108" doraHaiUra="103" who="2" fromWho="1" sc="250,0,250,-13,240,23,250,0" /><INIT seed="1,0,0,4,4,125" ten="250,237,263,250" oya="1" hai0="127,66,62,27,12,3,8,97,50,90,72,36,44" hai1="67,70,9,59,13,98,92,122,7,42,100,71,23" hai2="45,107,53,57,129,69,10,133,49,51,73,18,99" hai3="65,118,60,6,80,24,94,0,52,126,16,68,110"/><U134/><E134/><V113/><F69/><W61/><G126/><T37/><D127/><U117/><E122/><V128/><F73/><W31/><G110/><T78/><D3/><U106/><E117/><V14/><F133/><W2/><G118/><T46/><D27/><U105/><E42/><V124/><F124/><W25/><G80/><T58/><D78/><U22/><E70/><V111/><F111/><W26/><G31/><T35/><D35/><U130/><E71/><V75/><F75/><W43/><G43/><T135/><D72/><U77/><E77/><V17/><F113/><W104/><G104/><T121/><D46/><U39/><E39/><V38/><F38/><W64/><G64/><T83/><D121/><U93/><E106/><V87/><F87/><W56/><G6/><T116/><D116/><U54/><E67/><V4/><F99/><W28/><G28/><T29/><D29/><U21/><REACH who="1" step="1"/><E130/><REACH who="1" ten="250,227,263,250" step="2"/><N who="2" m="50283" /><F107/><W30/><G30/><T82/><D66/><U109/><E109/><V11/><F11/><W108/><G108/><T103/><D8/><U41/><E41/><AGARI ba="0,1" hai="4,10,14,17,18,41,45,49,51,53,57" m="50283" machi="41" ten="30,7700,0" yaku="19,1,52,3" doraHai="125" who="2" fromWho="1" sc="250,0,227,-77,263,87,250,0" /><INIT seed="2,0,0,1,2,4" ten="250,150,350,250" oya="2" hai0="51,111,99,113,117,83,14,29,131,86,84,12,45" hai1="37,121,110,17,18,107,42,55,67,89,125,96,112" hai2="70,90,21,24,122,75,129,62,48,85,40,123,114" hai3="11,88,92,115,53,49,41,56,98,35,15,3,135"/><V100/><F75/><W8/><G135/><T133/><D113/><U16/><E112/><V101/><F114/><W127/><G127/><T36/><D36/><U54/><E125/><V33/><F33/><W26/><G115/><T93/><D133/><U76/><E110/><V44/><F129/><W128/><G128/><T108/><D117/><U69/><E121/><V60/><F123/><W95/><G3/><T97/><D29/><U50/><E37/><V9/><F122/><W118/><G118/><T28/><D28/><U91/><E76/><V1/><F70/><W102/><G35/><T116/><D116/><U10/><E10/><N who="3" m="3626" /><G15/><T27/><D27/><U61/><E42/><V106/><F106/><W5/><G26/><T104/><D12/><U31/><E31/><V134/><F134/><W64/><G64/><T57/><D14/><U79/><E79/><V32/><F32/><W126/><G126/><T19/><D104/><U66/><E67/><V130/><F130/><W94/><G5/><T0/><D0/><U59/><REACH who="1" step="1"/><E54/><REACH who="1" ten="250,140,350,250" step="2"/><V25/><F1/><W87/><G41/><T82/><D131/><U105/><E105/><V103/><F9/><W68/><G68/><T23/><D111/><U43/><E43/><V132/><F132/><W124/><G124/><T22/><D108/><U109/><E109/><V20/><F20/><W2/><G2/><T58/><D23/><U34/><E34/><V6/><F6/><W30/><G30/><T52/><D22/><U63/><E63/><V72/><F21/><W46/><G102/><AGARI ba="0,1" hai="16,17,18,50,55,59,61,66,69,89,91,96,102,107" machi="102" ten="40,2600,0" yaku="1,1,54,1,53,0" doraHai="4" doraHaiUra="74" who="1" fromWho="3" sc="250,0,140,36,350,0,250,-26" /><INIT seed="3,0,0,3,2,25" ten="250,176,350,224" oya="3" hai0="69,35,85,19,32,47,63,0,18,52,57,124,104" hai1="62,53,48,36,70,111,14,77,117,49,65,102,42" hai2="10,92,116,113,7,100,68,34,31,39,128,23,44" hai3="79,5,96,122,89,50,134,97,109,15,101,93,118"/><W105/><G118/><T17/><D104/><U58/><E117/><V13/><F68/><W112/><G122/><T108/><D0/><U107/><E111/><V55/><F116/><W28/><G109/><T1/><D1/><U24/><E77/><V67/><F113/><W94/><G112/><T45/><D108/><U9/><E48/><N who="2" m="29063" /><F34/><W30/><G134/><T40/><D69/><U16/><E24/><N who="2" m="16799" /><F39/><W123/><G123/><T88/><D124/><U43/><REACH who="1" step="1"/><E36/><REACH who="1" ten="250,166,350,224" step="2"/><V71/><F128/><W90/><G79/><T37/><D37/><U131/><E131/><V20/><F71/><W64/><G50/><T76/><D47/><U73/><E73/><V125/><F125/><W60/><G105/><T3/><D45/><U21/><E21/><V91/><F20/><W72/><G72/><T74/><D76/><U75/><E75/><V27/><F27/><W132/><G132/><T51/><D74/><U115/><E115/><V66/><F100/><W11/><G101/><T103/><D103/><U78/><E78/><V2/><F2/><W22/><G22/><T83/><D3/><U59/><E59/><AGARI ba="0,1" hai="5,11,15,28,30,59,60,64,89,90,93,94,96,97" machi="59" ten="30,12000,1" yaku="7,1,9,1,8,1,52,2" doraHai="25" who="3" fromWho="1" sc="250,0,166,-120,350,0,224,130" owari="250,-15.0,46,-45.4,350,15.0,354,45.4" /></mjloggm>