<mjloggm ver="2.3"><GO type="225" lobby="0"/><UN n0="%E5%8D%A0%E3%81%84%E5%B8%AB%E8%A3%8F%E3%81%AA%E3%81%84%E3%81%97" n1="%E3%82%B2%E3%82%B9%E8%8C%82%E5%8B%9D" n2="%E3%81%95%E3%81%8D%E3%81%9F%E3%81%BE%E6%9E%97%E6%AA%8E" n3="%E6%81%A5%E6%99%92%E3%81%97" dan="17,16,16,16" rate="2199.98,2121.29,2033.38,2132.35" sx="M,F,M,M"/><TAIKYOKU oya="0"/><INIT seed="0,0,0,3,0,15" ten="250,250,250,250" oya="0" hai0="63,132,106,82,29,81,111,130,16,74,53,59,60" hai1="71,47,124,2,12,0,7,8,18,55,115,93,105" hai2="107,54,56,13,11,120,27,46,85,122,131,73,44" hai3="57,68,21,100,89,134,17,31,9,67,51,127,119"/><T78/><D106/><U101/><E124/><V37/><F73/><W22/><G119/><T116/><D116/><U90/><E115/><V121/><F107/><W125/><G100/><T94/><D132/><U33/><E71/><V38/><F131/><W23/><G134/><T30/><D130/><U48/><E33/><V50/><F85/><W96/><G31/><T103/><D111/><U92/><E0/><V42/><F27/><W113/><G113/><T98/><D81/><U70/><E70/><V43/><F13/><W84/><G96/><T52/><D60/><U135/><E135/><V97/><F97/><W79/><G79/><T62/><REACH who="0" step="1"/><D16/><REACH who="0" ten="240,250,250,250" step="2"/><U10/><E105/><V19/><F19/><W108/><G108/><T99/><D99/><U88/><REACH who="1" step="1"/><E101/><REACH who="1" ten="240,240,250,250" step="2"/><V24/><F24/><W76/><G125/><T4/><D4/><U64/><E64/><V14/><F122/><W72/><G127/><T3/><D3/><U69/><E69/><V26/><F121/><W65/><G68/><T35/><D35/><U41/><E41/><V36/><F120/><W104/><G104/><T117/><D117/><U28/><E28/><V34/><F43/><W102/><G67/><T86/><D86/><U20/><E20/><V80/><F42/><W5/><G65/><T126/><D126/><U39/><E39/><V114/><F38/><W75/><G23/><T45/><D45/><U49/><E49/><V118/><F37/><W77/><G22/><T133/><D133/><U109/><E109/><V32/><F36/><W6/><G21/><T128/><D128/><U110/><E110/><RYUUKYOKU ba="0,2" sc="240,15,240,15,250,-15,250,-15" hai0="29,30,52,53,59,62,63,74,78,82,94,98,103" hai1="2,7,8,10,12,18,47,48,55,88,90,92,93" /><INIT seed="0,1,2,2,0,13" ten="255,255,235,235" oya="0" hai0="115,1,31,23,112,72,53,20,106,102,71,63,116" hai1="86,95,50,10,122,73,82,2,51,32,40,93,80" hai2="79,111,35,64,54,78,19,70,132,81,131,41,34" hai3="61,11,108,30,121,58,117,85,15,104,47,4,38"/><T9/><D116/><U69/><E122/><V7/><F7/><W114/><G117/><T16/><D72/><U29/><E69/><V28/><F41/><W120/><G114/><T33/><D1/><U57/><E73/><V89/><F131/><W27/><G104/><T6/><D20/><U62/><E32/><V110/><F132/><W119/><G119/><T107/><D107/><U77/><E29/><V45/><F70/><W103/><G108/><N who="2" m="41513" /><F64/><W49/><G38/><T66/><D53/><U83/><E80/><V52/><F19/><W109/><G109/><T127/><D127/><U74/><E10/><V0/><F0/><W96/><G85/><T59/><D59/><U43/><E2/><V113/><F113/><W84/><G84/><T94/><D9/><U3/><E3/><V25/><F35/><W133/><G133/><T56/><D6/><U18/><E40/><V118/><F118/><W87/><G87/><T60/><D31/><U129/><E129/><V130/><F130/><W90/><G90/><T8/><D8/><U128/><E128/><V17/><F89/><W65/><G30/><T88/><D33/><U36/><E36/><V44/><F17/><W99/><G27/><N who="0" m="14823" /><D102/><U124/><E43/><V26/><F26/><W14/><G14/><T22/><D22/><U55/><E74/><N who="2" m="43223" /><F79/><W126/><G103/><T134/><D134/><U135/><E135/><V12/><F12/><W39/><G39/><T98/><D106/><U68/><E82/><V100/><F100/><W46/><G4/><T42/><D42/><U67/><E83/><V76/><F76/><RYUUKYOKU ba="1,2" sc="255,15,255,-15,235,15,235,-15" hai0="56,60,63,66,71,88,94,98,112,115" hai2="25,28,34,44,45,52,54" /><INIT seed="0,2,2,5,5,115" ten="270,240,250,220" oya="0" hai0="3,102,116,106,57,105,86,68,73,30,35,34,48" hai1="131,114,93,52,12,32,90,104,77,4,39,61,99" hai2="60,18,103,11,8,17,134,100,113,40,33,55,101" hai3="66,92,95,28,27,96,2,71,118,91,5,38,123"/><T19/><D73/><U25/><E131/><V62/><F113/><W72/><G38/><T46/><D3/><U135/><E114/><V130/><F130/><W81/><G123/><T117/><D57/><N who="1" m="34983" /><E39/><V45/><F134/><W42/><G42/><T64/><D19/><N who="2" m="7178" /><F33/><W7/><G118/><T124/><D124/><U43/><E104/><V74/><F74/><W88/><G66/><T126/><D126/><U20/><E32/><V67/><F67/><W0/><G71/><T80/><D34/><U49/><E135/><V108/><F108/><W109/><G109/><T44/><D44/><N who="1" m="25759" /><E77/><V82/><F82/><W58/><G58/><T84/><D105/><U16/><E4/><V78/><F78/><W111/><G111/><T37/><D37/><U54/><E54/><V129/><F40/><W13/><G72/><T121/><D121/><U59/><E59/><V51/><F129/><W128/><G128/><T69/><D69/><U97/><E97/><V98/><F98/><N who="3" m="57607" /><G2/><T24/><D48/><U132/><E132/><V83/><F83/><W127/><G0/><T56/><D56/><U65/><E65/><V120/><F120/><W122/><G122/><T87/><D80/><U85/><E85/><V31/><F31/><W15/><G81/><T50/><D50/><U133/><E133/><V75/><F75/><W10/><G127/><T119/><D46/><U14/><AGARI ba="2,2" hai="12,14,16,20,25,90,93,99" m="25759,34983" machi="14" ten="30,7900,0" yaku="25,1,8,1,54,2" doraHai="115" who="1" fromWho="1" sc="270,-41,240,105,250,-22,220,-22" /><INIT seed="1,0,0,5,3,66" ten="229,345,228,198" oya="1" hai0="15,104,2,19,41,37,131,71,44,125,9,22,84" hai1="82,50,33,59,53,118,122,83,98,60,89,62,108" hai2="52,79,103,10,5,113,23,49,110,3,99,39,16" hai3="47,74,8,0,120,78,126,30,63,85,75,133,46"/><U128/><E118/><V67/><F110/><W90/><G120/><T42/><D104/><U106/><E122/><V117/><F117/><W31/><G126/><T27/><D125/><U20/><E108/><V24/><F39/><W100/><G100/><T105/><D105/><U134/><E134/><V48/><F113/><W112/><G112/><T58/><D131/><U70/><E128/><V127/><F127/><W94/><G133/><T109/><D109/><U34/><E60/><V25/><F67/><W29/><G75/><T36/><D2/><U88/><E20/><V119/><F119/><W68/><G74/><T6/><D58/><U91/><E33/><V17/><F79/><W64/><REACH who="3" step="1"/><G78/><REACH who="3" ten="229,345,228,188" step="2"/><T130/><D130/><U56/><E106/><V55/><F49/><W28/><N who="3" m="7168" /><DORA hai="115" /><W121/><G121/><T97/><D37/><U13/><E34/><V101/><F48/><W57/><G57/><T1/><D36/><U54/><E70/><V77/><F77/><W72/><G72/><T21/><D71/><U114/><E114/><V51/><F51/><W111/><G111/><T92/><D44/><U40/><E40/><V43/><F43/><W12/><G12/><T73/><D73/><U18/><E13/><V11/><F103/><W38/><G38/><T35/><D35/><U93/><REACH who="1" step="1"/><E18/><REACH who="1" ten="229,335,228,188" step="2"/><V61/><F17/><W7/><AGARI ba="0,2" hai="0,7,8,46,47,63,64,68,85,90,94" m="7168" machi="7" ten="40,5200,0" yaku="1,1,0,1,52,1,53,0" doraHai="66,115" doraHaiUra="123,129" who="3" fromWho="3" sc="229,-13,335,-26,228,-13,188,72" /><INIT seed="2,0,0,1,2,110" ten="216,309,215,260" oya="2" hai0="76,129,64,97,72,80,122,30,132,9,47,17,11" hai1="52,119,112,114,53,109,108,70,102,42,29,22,134" hai2="101,90,91,36,12,3,61,13,39,104,2,121,4" hai3="100,82,63,117,131,96,124,5,37,133,125,8,81"/><V87/><F121/><W7/><G37/><T67/><D122/><U85/><E70/><V16/><F104/><W15/><G117/><T59/><D132/><U118/><E102/><V99/><F101/><W56/><G131/><T106/><D129/><U116/><E42/><V28/><F28/><W93/><G133/><T35/><D106/><U111/><E134/><V57/><F99/><W77/><G5/><T120/><D97/><U58/><E85/><V128/><F128/><W51/><G51/><T115/><D120/><U62/><E53/><V18/><F87/><W26/><G26/><AGARI ba="0,0" hai="22,26,29,52,58,62,108,109,111,112,114,116,118,119" machi="26" ten="50,8000,1" yaku="14,1,52,2,54,1" doraHai="110" who="1" fromWho="3" sc="216,0,309,80,215,0,260,-80" /><INIT seed="3,0,0,4,4,44" ten="216,389,215,180" oya="3" hai0="42,105,65,85,45,84,116,9,134,103,79,127,104" hai1="22,35,2,19,92,96,31,106,12,129,20,51,40" hai2="93,60,108,86,77,17,95,59,94,21,10,23,49" hai3="101,100,76,107,112,131,3,124,119,43,55,90,68"/><W81/><G112/><T61/><D116/><U64/><E129/><V63/><F108/><W75/><G119/><T57/><D127/><U25/><E106/><V121/><F121/><W30/><G124/><T33/><D33/><U62/><E2/><V117/><F117/><W1/><G131/><T50/><D134/><U18/><E40/><V15/><F49/><W87/><G68/><T16/><D103/><U46/><E35/><V53/><F63/><W26/><G43/><T109/><D109/><U29/><E51/><V82/><AGARI ba="0,0" hai="10,15,17,21,23,53,59,60,77,82,86,93,94,95" machi="82" ten="30,2000,0" yaku="0,1,8,1" doraHai="44" who="2" fromWho="2" sc="216,-5,389,-5,215,20,180,-10" owari="211,-18.9,384,48.4,235,3.5,170,-33.0" /></mjloggm>