<mjloggm ver="2.3"><GO type="225" lobby="0"/><UN n0="%E3%81%A1%E3%82%85%E3%81%86%E3%81%A9%E3%81%8F%E8%B1%A1%E3%81%95%E3%82%93" n1="%E3%81%B7%E3%82%8A%E3%82%93%E8%81%96%E4%BA%BA" n2="%E9%81%85%E5%88%BB%E3%81%AE%E3%83%97%E3%83%AA%E3%83%B3%E3%82%B9%E2%99%AA" n3="%53%55%6D%61%6B%61%6E%61" dan="16,16,16,16" rate="2079.32,2111.12,2161.02,2080.71" sx="M,M,F,M"/><TAIKYOKU oya="0"/><INIT seed="0,0,0,0,5,32" ten="250,250,250,250" oya="0" hai0="15,8,94,7,60,90,124,58,91,101,105,65,31" hai1="109,45,21,88,38,110,75,23,10,19,42,46,47" hai2="118,96,9,62,50,28,20,119,55,2,80,56,51" hai3="128,125,0,44,79,89,113,126,85,24,14,27,3"/><T59/><D124/><N who="3" m="47721" /><G113/><T135/><D135/><U129/><E75/><V52/><F80/><W36/><G128/><T76/><D105/><U97/><E129/><V71/><F71/><W81/><G14/><T17/><D76/><U53/><E10/><V116/><F96/><W107/><G107/><T84/><D101/><U122/><E122/><V12/><F2/><N who="3" m="555" /><G79/><T86/><D31/><U95/><E23/><V74/><F74/><W69/><G69/><T13/><D58/><U70/><E70/><V108/><F108/><N who="1" m="41577" /><E53/><V111/><F111/><W1/><G1/><T72/><D72/><U103/><E103/><V78/><F78/><W68/><G68/><T87/><REACH who="0" step="1"/><D90/><REACH who="0" ten="240,250,250,250" step="2"/><U35/><E35/><V132/><F132/><W22/><G22/><AGARI ba="0,1" hai="7,8,13,15,17,22,59,60,65,84,86,87,91,94" machi="22" ten="30,11600,0" yaku="1,1,2,1,7,1,8,1,53,0" doraHai="32" doraHaiUra="131" who="0" fromWho="3" sc="240,126,250,0,250,0,250,-116" /><INIT seed="0,1,0,4,5,133" ten="366,250,250,134" oya="0" hai0="111,118,112,23,64,87,125,117,115,56,62,99,40" hai1="130,131,11,55,129,2,57,126,25,60,114,43,85" hai2="59,93,45,121,41,124,37,1,35,132,116,89,108" hai3="4,79,110,18,97,17,12,30,19,6,76,103,107"/><T15/><D40/><U28/><E43/><V65/><F121/><W73/><G110/><T71/><D99/><U98/><E114/><V106/><F35/><W122/><G122/><T94/><D111/><U68/><E68/><V10/><F108/><W46/><G30/><T9/><D71/><U127/><E85/><V69/><F106/><W80/><G79/><T21/><D87/><U128/><E98/><V63/><F132/><W135/><G135/><T42/><D94/><U53/><E53/><V33/><F33/><W24/><G24/><T47/><D115/><U66/><E66/><V81/><F116/><W72/><G72/><T29/><D112/><U96/><E96/><V105/><F105/><W88/><G46/><T119/><D29/><U101/><E101/><V92/><F69/><W83/><REACH who="3" step="1"/><G12/><REACH who="3" ten="366,250,250,124" step="2"/><T82/><D15/><U102/><E128/><V22/><F45/><W44/><G44/><T113/><D47/><U54/><E102/><V100/><F100/><W134/><G134/><T39/><D117/><U32/><E54/><V49/><F41/><W52/><G52/><T20/><D42/><U91/><E91/><V51/><F89/><W104/><G104/><T14/><D118/><U86/><E86/><AGARI ba="1,1" hai="4,6,17,18,19,73,76,80,83,86,88,97,103,107" machi="86" ten="40,2600,0" yaku="1,1,54,1,53,0" doraHai="133" doraHaiUra="123" who="3" fromWho="1" sc="366,0,250,-29,250,0,124,39" /><INIT seed="1,0,0,0,5,9" ten="366,221,250,163" oya="1" hai0="91,81,79,55,129,67,112,86,124,58,69,56,47" hai1="57,4,40,113,108,123,36,42,21,66,106,89,54" hai2="116,6,98,59,126,101,78,80,10,39,5,63,37" hai3="95,75,64,118,131,105,25,18,27,94,14,24,26"/><U133/><E106/><V12/><F126/><W15/><N who="3" m="6144" /><DORA hai="134" /><W72/><G105/><T114/><D124/><U71/><E123/><V100/><F6/><W8/><G131/><T82/><D129/><U90/><E113/><V96/><F116/><W48/><G64/><T92/><D81/><U121/><E121/><V130/><F130/><W43/><G118/><T76/><D69/><U30/><E30/><V7/><F7/><W11/><G75/><T20/><D20/><U29/><E29/><V132/><F132/><W68/><G68/><T70/><D76/><U128/><E128/><V77/><F39/><W127/><G72/><T65/><D70/><U50/><E21/><V107/><F37/><W99/><G99/><T53/><D47/><U73/><E4/><V88/><F80/><W85/><G85/><T0/><D0/><U109/><E73/><V115/><F115/><W120/><G120/><T46/><D46/><N who="1" m="23815" /><E133/><V22/><F22/><W17/><G127/><T135/><D135/><U23/><E23/><V38/><F38/><W87/><G87/><N who="0" m="52351" /><D114/><U102/><E102/><V93/><REACH who="2" step="1"/><F101/><REACH who="2" ten="366,221,240,163" step="2"/><W52/><REACH who="3" step="1"/><G43/><REACH who="3" ten="366,221,240,153" step="2"/><T3/><D112/><U74/><E42/><V119/><F119/><W83/><G83/><T34/><D82/><U110/><E74/><V49/><F49/><W1/><G1/><T111/><D3/><U2/><E2/><V103/><F103/><W60/><G60/><AGARI ba="0,2" hai="50,54,57,60,66,71,89,90,108,109,110" m="23815" machi="60" ten="30,5800,0" yaku="24,1,14,1,10,1" doraHai="9,134" who="1" fromWho="3" sc="366,0,221,78,240,0,153,-58" /><INIT seed="1,1,0,5,3,122" ten="366,299,240,95" oya="1" hai0="57,133,109,17,121,22,81,60,61,63,15,29,21" hai1="91,104,127,36,118,135,119,94,83,12,8,51,87" hai2="47,72,18,46,66,95,56,110,108,16,62,79,96" hai3="59,71,25,116,0,88,134,5,38,124,33,97,68"/><U80/><E36/><V125/><F125/><W30/><G124/><T11/><D121/><U89/><E127/><V19/><F79/><W132/><G116/><T26/><D133/><U58/><E135/><V106/><F106/><W48/><G132/><T78/><D109/><N who="2" m="42090" /><F72/><W39/><G134/><T77/><D21/><U4/><E104/><V105/><F105/><W86/><G97/><T111/><D111/><U23/><E23/><V45/><F45/><W92/><G0/><T117/><D117/><U70/><E70/><V20/><F20/><W1/><G1/><T82/><D57/><U31/><E31/><V99/><F99/><W73/><G5/><T112/><D112/><U114/><E114/><V42/><F42/><W53/><REACH who="3" step="1"/><G73/><REACH who="3" ten="366,299,240,85" step="2"/><T100/><D77/><U65/><E118/><V24/><F24/><W131/><G131/><T35/><D78/><U6/><E119/><V10/><F10/><W54/><G54/><T43/><D43/><U84/><E4/><V102/><AGARI ba="1,1" hai="16,18,19,46,47,56,62,66,95,96,102" m="42090" machi="102" ten="30,8000,1" yaku="14,1,52,3,54,1" doraHai="122" who="2" fromWho="2" sc="366,-21,299,-41,240,93,85,-21" /><INIT seed="2,0,0,1,3,70" ten="345,258,333,64" oya="2" hai0="66,16,44,129,5,104,135,42,19,33,68,122,107" hai1="93,81,92,23,77,17,59,113,119,116,41,4,12" hai2="57,61,121,73,87,110,76,80,47,8,130,126,24" hai3="128,88,106,7,71,91,123,132,69,53,85,101,48"/><V31/><F121/><W43/><G123/><T30/><D122/><U99/><E113/><V15/><F126/><W112/><G112/><T9/><D129/><U86/><E92/><V131/><F110/><W27/><G128/><T117/><D117/><U95/><E93/><V63/><F73/><W52/><G132/><T65/><D135/><U89/><E4/><V51/><F130/><W103/><G7/><T34/><D68/><U72/><E41/><V56/><F131/><W75/><G27/><T40/><D30/><U133/><E133/><V10/><F10/><W100/><G100/><T29/><D29/><U82/><REACH who="1" step="1"/><E59/><REACH who="1" ten="345,248,333,64" step="2"/><V25/><F57/><W120/><G120/><T36/><D5/><U60/><E60/><V38/><F63/><W3/><G43/><T45/><D36/><U90/><AGARI ba="0,1" hai="12,17,23,72,77,81,82,86,89,90,95,99,116,119" machi="90" ten="20,5200,0" yaku="1,1,0,1,7,1,53,1" doraHai="70" doraHaiUra="18" who="1" fromWho="1" sc="345,-13,248,62,333,-26,64,-13" /><INIT seed="3,0,0,0,1,29" ten="332,310,307,51" oya="3" hai0="95,100,3,76,101,41,99,129,28,126,47,26,135" hai1="104,85,54,50,121,78,31,124,48,15,65,77,64" hai2="13,34,87,52,97,11,120,132,7,113,20,66,44" hai3="53,10,40,56,79,109,1,4,93,122,130,49,116"/><W37/><G116/><T6/><D129/><U80/><E104/><V21/><F113/><W102/><G122/><T86/><D135/><U134/><E121/><V123/><F132/><W106/><G130/><T59/><D126/><U96/><E124/><V51/><F123/><W33/><G33/><T108/><D108/><U8/><E78/><V17/><F120/><W61/><G106/><T91/><D3/><U111/><E111/><V70/><F34/><W67/><G109/><T119/><D119/><U127/><E127/><V18/><F97/><W58/><G79/><T24/><D6/><U115/><E115/><V32/><F32/><W30/><G30/><T2/><D2/><U90/><E48/><V23/><REACH who="2" step="1"/><F87/><REACH who="2" ten="332,310,297,51" step="2"/><W125/><G125/><T107/><D100/><U82/><E134/><V74/><F74/><W38/><REACH who="3" step="1"/><G40/><REACH who="3" ten="332,310,297,41" step="2"/><T75/><D41/><U118/><E118/><V5/><F5/><W92/><G92/><T72/><D95/><N who="1" m="56439" /><E80/><V112/><F112/><W103/><G103/><T42/><D101/><U46/><E31/><V128/><F128/><W55/><G55/><T114/><D28/><U84/><E84/><V89/><F89/><W63/><G63/><AGARI ba="0,2" hai="7,11,13,17,18,20,21,23,44,51,52,63,66,70" machi="63" ten="40,2600,0" yaku="1,1,54,1,53,0" doraHai="29" doraHaiUra="98" who="2" fromWho="3" sc="332,0,310,0,297,46,41,-26" owari="332,13.2,310,-9.0,343,44.3,15,-48.5" /></mjloggm>