<mjloggm ver="2.3"><GO type="225" lobby="0"/><UN n0="%E3%83%8F%E3%83%B3%E3%83%89%E3%83%A9%E3%83%BC%E3%83%BB%E3%83%AF%E3%83%B3" n1="%E3%81%A4%E3%81%A3%E3%81%B1%E3%82%8A%E3%83%9D%E3%83%BC%E3%83%AB" n2="%E6%98%93%E5%88%A9%E8%96%A9%E4%BC%AF" n3="%E5%A4%9C%E3%81%AE%E3%82%AC%E3%82%B9%E3%83%91%E3%83%BC%E3%83%AB" dan="17,17,16,17" rate="2186.79,2257.03,2041.37,2155.18" sx="M,M,F,M"/><TAIKYOKU oya="0"/><INIT seed="0,0,0,3,3,26" ten="250,250,250,250" oya="0" hai0="69,110,13,18,95,117,44,50,1,42,123,14,115" hai1="132,56,53,134,118,65,94,7,57,88,92,116,2" hai2="40,128,100,75,21,133,3,106,74,102,125,87,23" hai3="29,39,85,91,62,9,79,72,80,16,63,97,130"/><T77/><D115/><U20/><E2/><V0/><F87/><W24/><G39/><T121/><D117/><U109/><E7/><V33/><F40/><W104/><G130/><T43/><D1/><U86/><E109/><V126/><F33/><W12/><G97/><T71/><D77/><U113/><E113/><V76/><F76/><W25/><G25/><T15/><D18/><U30/><E92/><V45/><F45/><W108/><G104/><T6/><D6/><U129/><E129/><V120/><F128/><W135/><G135/><N who="1" m="51754" /><E65/><V28/><F133/><W31/><G108/><T38/><D110/><U54/><E57/><V112/><F112/><W68/><G68/><T96/><D38/><U93/><E93/><V73/><F73/><W47/><G47/><T51/><D42/><U55/><E56/><V49/><F49/><W84/><G72/><T89/><REACH who="0" step="1"/><D50/><REACH who="0" ten="240,250,250,250" step="2"/><U98/><E118/><V70/><F0/><W111/><G111/><T66/><D66/><U101/><E116/><V124/><F3/><W127/><G127/><T103/><D103/><U36/><E36/><V67/><F102/><W37/><G37/><T5/><D5/><U22/><E101/><V82/><F125/><W114/><G114/><T59/><D59/><U81/><E55/><V61/><F126/><W46/><G46/><T17/><D17/><U4/><E4/><V41/><F100/><W90/><G79/><T27/><D27/><N who="1" m="16743" /><E54/><V83/><F67/><W60/><G24/><T131/><D131/><U48/><E53/><V64/><F124/><W19/><G19/><T107/><D107/><RYUUKYOKU ba="0,1" sc="240,15,250,-15,250,-15,250,15" hai0="13,14,15,43,44,51,69,71,89,95,96,121,123" hai3="9,12,16,29,31,60,62,63,80,84,85,90,91" /><INIT seed="0,1,1,5,3,10" ten="255,235,235,265" oya="0" hai0="8,132,124,94,116,74,50,43,12,65,57,87,46" hai1="113,103,39,41,75,85,21,59,14,100,55,72,45" hai2="135,53,6,0,89,40,37,99,34,112,28,36,13" hai3="129,133,106,24,5,127,98,42,26,120,122,111,62"/><T130/><D116/><U118/><E118/><V123/><F112/><W58/><G111/><T126/><D74/><U80/><E113/><V63/><F123/><N who="3" m="47147" /><G129/><T81/><D130/><U97/><E21/><V96/><F0/><W47/><G127/><N who="0" m="48683" /><D94/><U15/><E75/><V93/><F135/><W27/><G133/><T29/><D29/><U76/><E72/><V30/><F37/><N who="3" m="21967" /><G5/><N who="0" m="3087" /><D132/><U31/><E31/><V69/><F34/><W105/><G98/><T70/><D70/><U4/><E4/><V90/><F40/><W104/><G104/><T114/><D114/><U77/><E77/><V44/><F36/><W73/><G73/><T25/><D25/><U38/><E38/><V101/><F69/><W125/><G125/><T78/><D57/><U9/><E9/><N who="2" m="4279" /><F99/><W49/><G49/><T95/><D95/><U56/><E56/><V92/><F92/><W88/><G88/><N who="2" m="33897" /><F63/><W7/><G7/><T22/><D22/><U71/><E71/><V91/><F91/><W60/><G60/><T109/><D109/><U35/><E35/><V67/><F93/><W131/><G131/><T117/><D117/><U20/><E20/><V83/><F96/><W19/><G19/><T84/><D84/><U110/><E110/><V108/><F108/><W66/><AGARI ba="1,1" hai="24,26,27,58,62,66,105,106" m="21967,47147" machi="66" ten="30,1100,0" yaku="13,1" doraHai="10" who="3" fromWho="3" sc="255,-6,235,-4,235,-4,265,24" /><INIT seed="1,0,0,3,2,125" ten="249,231,231,289" oya="1" hai0="72,33,19,3,38,87,37,84,135,31,46,123,121" hai1="69,79,54,44,101,118,6,25,104,17,119,61,67" hai2="28,131,124,23,41,53,1,27,32,103,57,30,11" hai3="36,82,71,89,48,43,22,7,126,21,0,35,113"/><U96/><E79/><V5/><F124/><W77/><G113/><T55/><D72/><U92/><E6/><V45/><F103/><W129/><G35/><T105/><D105/><U13/><E92/><V39/><F32/><W116/><G71/><T127/><D3/><U132/><E132/><V98/><F98/><W42/><G126/><T112/><D112/><U12/><E25/><V75/><F75/><N who="3" m="43327" /><G89/><T110/><D127/><U83/><E83/><V51/><REACH who="2" step="1"/><F30/><REACH who="2" ten="249,231,221,289" step="2"/><W94/><G116/><T117/><D31/><U14/><REACH who="1" step="1"/><E17/><REACH who="1" ten="249,221,221,289" step="2"/><V64/><F64/><W107/><G107/><T56/><D19/><U81/><E81/><V9/><F9/><W128/><G22/><T114/><D33/><U52/><E52/><V4/><F4/><W106/><G21/><T62/><D55/><U70/><E70/><V16/><F16/><W76/><G106/><T66/><D135/><U130/><E130/><AGARI ba="0,2" hai="1,5,11,23,27,28,39,41,45,51,53,57,130,131" machi="130" ten="40,5200,0" yaku="1,1,52,2,53,0" doraHai="125" doraHaiUra="88" who="2" fromWho="1" sc="249,0,221,-52,221,72,289,0" /><INIT seed="2,0,0,1,4,69" ten="249,169,293,289" oya="2" hai0="20,134,80,112,26,29,68,96,120,79,91,94,53" hai1="56,81,35,25,105,23,40,50,45,135,5,21,104" hai2="7,64,123,133,111,128,131,8,119,28,31,114,10" hai3="98,86,0,130,109,4,51,11,116,54,84,43,37"/><V16/><F114/><W78/><G116/><T101/><D112/><U58/><E135/><V71/><F119/><W32/><G32/><T38/><D120/><U36/><E35/><V55/><F123/><W74/><G109/><T77/><D134/><U12/><E104/><V22/><F133/><W103/><G130/><N who="2" m="49705" /><F55/><W118/><G118/><T60/><D38/><U49/><E105/><V124/><F124/><W99/><G51/><T34/><D34/><U6/><E81/><V122/><F122/><W93/><G54/><T106/><D80/><U42/><E12/><N who="2" m="9479" /><F111/><W46/><G99/><T59/><REACH who="0" step="1"/><D68/><REACH who="0" ten="239,169,293,289" step="2"/><U73/><E73/><V83/><F83/><AGARI ba="0,1" hai="0,4,11,37,43,46,74,78,83,84,86,93,98,103" machi="83" ten="40,5200,0" yaku="25,2,52,1" doraHai="69" who="3" fromWho="2" sc="239,0,169,0,293,-52,289,62" /><INIT seed="3,0,0,0,0,22" ten="239,169,241,351" oya="3" hai0="67,119,41,44,79,24,70,130,1,133,42,110,102" hai1="87,69,111,120,49,3,132,83,114,125,77,18,33" hai2="20,47,122,123,108,55,101,21,65,59,36,103,84" hai3="26,105,29,53,112,91,17,46,93,95,78,34,76"/><W85/><G112/><T71/><D119/><U82/><E114/><V94/><F108/><W57/><G105/><T135/><D1/><U109/><E69/><V63/><F84/><W50/><G95/><T14/><D110/><N who="1" m="41995" /><E3/><V51/><F36/><W98/><G85/><T30/><D130/><U13/><E49/><V56/><F56/><W43/><G17/><T100/><D79/><N who="1" m="46559" /><E13/><V104/><F104/><W27/><G27/><T7/><D14/><U128/><E18/><V129/><F94/><W107/><G107/><T81/><D7/><U32/><E32/><V60/><F60/><AGARI ba="0,0" hai="26,29,34,43,46,50,53,57,60,76,78,91,93,98" machi="60" ten="30,2900,0" yaku="7,1,52,1" doraHai="22" who="3" fromWho="2" sc="239,0,169,0,241,-29,351,29" owari="239,3.9,169,-33.1,212,-18.8,380,48.0" /></mjloggm>