<mjloggm ver="2.3"><GO type="225" lobby="0"/><UN n0="%E3%81%BF%E3%81%BF%E3%81%9A" n1="%E3%83%94%E3%83%B3%E3%82%B5%E3%83%AD%E5%BA%97%E5%93%A1" n2="%E6%98%BC%E4%B8%8B%E3%81%8C%E3%82%8A%E3%81%AE%E5%9B%A3%E5%9C%B0%E5%A6%BB" n3="%E6%B4%BE%E9%81%A3%E3%81%AE%E3%82%B8%E3%83%A3%E3%83%83%E3%82%AF" dan="18,16,16,17" rate="2257.50,2227.20,2168.34,2179.76" sx="M,M,F,M"/><TAIKYOKU oya="0"/><INIT seed="0,0,0,2,0,64" ten="250,250,250,250" oya="0" hai0="14,37,5,109,44,15,92,130,39,80,62,60,4" hai1="40,84,50,34,105,47,70,32,102,124,129,79,120" hai2="72,95,41,89,51,99,31,127,110,119,112,82,27" hai3="59,17,94,96,18,71,103,81,133,111,132,13,52"/><T54/><D130/><U49/><E120/><V20/><F112/><W78/><G111/><T42/><D109/><U66/><E129/><V58/><F110/><W76/><G71/><T36/><D80/><U135/><E135/><N who="3" m="51786" /><G13/><T68/><D92/><U67/><E124/><V65/><F127/><W106/><G106/><T33/><D33/><U45/><E102/><V21/><F119/><W46/><G46/><T101/><D101/><U30/><E105/><V73/><F82/><W134/><N who="3" m="51794" /><W28/><DORA hai="108" /><G28/><T107/><D107/><U98/><E30/><V74/><F41/><W100/><G100/><T91/><D91/><U69/><E79/><N who="3" m="30250" /><G81/><T29/><D29/><U19/><E40/><V53/><REACH who="2" step="1"/><F65/><REACH who="2" ten="250,250,240,250" step="2"/><W131/><G131/><T3/><D42/><U16/><REACH who="1" step="1"/><E84/><REACH who="1" ten="250,240,240,250" step="2"/><V77/><F77/><W11/><G11/><T43/><D43/><U104/><E104/><V26/><F26/><W97/><G97/><AGARI ba="0,2" hai="16,19,32,34,45,47,49,50,66,67,69,70,97,98" machi="97" ten="25,12000,2" yaku="1,1,22,2,52,2,54,1,53,0" doraHai="64,108" doraHaiUra="113,117" who="1" fromWho="3" sc="250,0,240,140,240,0,250,-120" /><INIT seed="1,0,0,5,4,48" ten="250,380,240,130" oya="1" hai0="134,133,51,28,0,131,74,83,122,110,39,15,24" hai1="127,107,103,49,123,108,109,94,130,14,102,18,99" hai2="47,126,41,95,86,19,4,29,117,37,120,13,106" hai3="73,67,21,52,11,2,72,40,45,6,42,128,70"/><U91/><E123/><V113/><F117/><W82/><G128/><T85/><D39/><U115/><E115/><V38/><F120/><W43/><G21/><T68/><D122/><U71/><E71/><V100/><F113/><W7/><G7/><T57/><D0/><U35/><E35/><V61/><F4/><W10/><G10/><T64/><D131/><U55/><E130/><V69/><F29/><W121/><G121/><T93/><D74/><U116/><E127/><V23/><F126/><W27/><G27/><T98/><D68/><U111/><E107/><V88/><F38/><W56/><G45/><T25/><D110/><U78/><E78/><V50/><F37/><W129/><G129/><T125/><D15/><U90/><E103/><V36/><F36/><W119/><G119/><T92/><D125/><U53/><E116/><V58/><F69/><W114/><G114/><T124/><D124/><U44/><E55/><V3/><F3/><W97/><G97/><T26/><D28/><U75/><E75/><V112/><F112/><W101/><G101/><T65/><D98/><U104/><E104/><V79/><F79/><W76/><G73/><T87/><D87/><U62/><E62/><V96/><F106/><W84/><G72/><T66/><D133/><U32/><E32/><V17/><F100/><W132/><G132/><T16/><D134/><U22/><AGARI ba="0,0" hai="14,18,22,44,49,53,90,91,94,99,102,108,109,111" machi="22" ten="30,11700,0" yaku="0,1,14,1,10,1,52,1" doraHai="48" who="1" fromWho="1" sc="250,-39,380,117,240,-39,130,-39" /><INIT seed="1,1,0,2,2,30" ten="211,497,201,91" oya="1" hai0="73,16,72,22,104,129,120,110,5,21,135,132,109" hai1="56,102,41,90,23,89,43,20,95,79,124,63,94" hai2="9,133,44,35,2,58,38,82,61,106,99,53,14" hai3="57,13,24,39,75,118,96,52,7,40,114,121,103"/><U46/><E124/><V115/><F133/><N who="0" m="51274" /><D129/><U92/><E79/><V34/><F2/><W62/><G114/><T87/><D120/><U97/><E90/><V86/><F115/><W8/><G121/><T76/><D104/><U111/><E111/><N who="0" m="42505" /><D5/><U60/><E60/><V77/><F106/><W91/><G75/><N who="0" m="28747" /><D16/><U65/><E43/><V49/><F99/><W29/><G118/><T123/><D123/><U80/><E80/><AGARI ba="1,0" hai="21,22,76,80,87" m="28747,42505,51274" machi="80" ten="40,2600,0" yaku="20,1,14,1" doraHai="30" who="0" fromWho="1" sc="211,29,497,-29,201,0,91,0" /><INIT seed="2,0,0,2,4,92" ten="240,468,201,91" oya="2" hai0="2,39,59,19,119,123,1,134,101,83,8,135,124" hai1="79,12,71,66,77,81,130,129,116,89,5,38,97" hai2="36,35,60,94,4,62,54,9,65,103,80,112,46" hai3="118,72,40,107,52,21,20,61,18,76,85,34,27"/><V41/><F112/><W11/><G118/><T51/><D123/><U24/><E38/><V104/><F35/><W105/><G72/><T133/><D39/><U49/><E116/><V58/><F104/><W115/><G40/><T127/><D119/><U28/><E49/><V56/><F80/><W121/><G121/><T45/><D101/><U100/><E89/><V132/><F132/><W82/><G34/><T32/><D59/><U111/><E111/><V29/><F29/><W47/><G115/><T131/><D32/><N who="1" m="20487" /><E12/><V31/><F31/><W37/><G11/><T15/><D83/><U43/><E5/><V0/><F94/><W126/><G126/><N who="0" m="48171" /><D131/><N who="1" m="50187" /><E43/><AGARI ba="0,0" hai="1,2,8,15,19,43,45,51,133,134,135" m="48171" machi="43" ten="40,2600,0" yaku="20,1,18,1" doraHai="92" who="0" fromWho="1" sc="240,26,468,-26,201,0,91,0" /><INIT seed="3,0,0,1,5,39" ten="266,442,201,91" oya="3" hai0="51,106,21,131,25,6,35,34,12,129,98,105,3" hai1="76,28,69,102,37,72,116,40,88,17,81,70,36" hai2="58,97,57,42,119,128,43,87,100,33,13,118,56" hai3="92,82,127,107,109,27,114,38,101,61,112,5,125"/><W29/><G5/><T90/><D3/><U22/><E28/><V86/><F33/><N who="3" m="20671" /><G92/><N who="0" m="56599" /><D51/><U19/><E102/><V110/><F128/><N who="0" m="49226" /><D12/><U8/><E116/><V48/><F48/><W66/><G82/><T68/><D68/><U32/><E32/><N who="0" m="12329" /><D6/><U18/><E22/><V0/><F0/><W85/><G85/><T47/><D47/><U63/><E8/><V84/><F110/><W113/><G109/><T53/><D53/><U7/><E7/><V54/><F54/><W73/><G73/><T117/><D117/><U41/><E88/><V49/><F49/><W104/><G38/><T134/><D134/><U65/><E70/><V60/><F60/><W83/><G83/><T89/><D89/><U123/><E123/><V79/><F79/><W91/><G91/><T9/><D9/><U130/><E130/><V74/><F74/><W15/><G15/><T67/><D67/><U55/><E55/><V31/><F31/><AGARI ba="0,0" hai="21,25,31,105,106" m="12329,49226,56599" machi="31" ten="30,1000,0" yaku="19,1" doraHai="39" who="0" fromWho="2" sc="266,10,442,0,201,-10,91,0" owari="276,7.6,442,54.2,191,-20.9,91,-40.9" /></mjloggm>