<mjloggm ver="2.3"><GO type="225" lobby="0"/><UN n0="%66%67%67%68%68%64%66" n1="%E3%81%B5%E3%81%98%E3%81%8B%E3%81%A4" n2="%72%65%6E%6B%75%6E" n3="%E9%B3%B3%E6%9D%B1%E3%81%AE%E3%81%86%E3%81%95%E3%81%8E%E3%81%95%E3%82%93" dan="16,16,17,17" rate="2083.36,2185.91,2226.19,2275.88" sx="M,M,M,M"/><TAIKYOKU oya="0"/><INIT seed="0,0,0,2,2,50" ten="250,250,250,250" oya="0" hai0="78,48,124,129,116,102,112,21,109,53,59,33,17" hai1="83,122,47,132,103,32,45,51,43,6,16,38,92" hai2="11,31,8,84,107,62,69,54,37,7,126,76,4" hai3="133,19,89,68,72,118,88,66,85,14,10,100,56"/><T134/><D112/><U82/><E122/><V80/><F37/><W101/><G72/><T71/><D116/><U131/><E32/><V75/><F107/><W135/><G68/><T49/><D33/><U1/><E132/><N who="3" m="50762" /><G118/><T93/><D134/><U0/><E131/><V128/><F128/><W55/><G66/><T117/><D117/><U35/><E35/><V57/><F126/><W65/><G65/><T20/><D129/><U15/><E0/><V113/><F113/><W114/><G114/><T108/><D71/><U73/><E73/><V120/><F120/><W95/><G89/><T60/><D78/><U67/><E67/><V70/><F31/><W81/><G81/><T22/><D17/><U96/><E6/><V58/><F75/><W64/><G64/><T63/><D124/><U123/><E1/><V25/><F25/><W104/><G104/><T91/><D102/><U99/><E99/><V34/><F34/><W86/><G86/><N who="0" m="52471" /><D63/><AGARI ba="0,0" hai="10,14,19,55,56,63,85,88,95,100,101" m="50762" machi="63" ten="30,3900,0" yaku="20,1,52,1,54,1" doraHai="50" who="3" fromWho="0" sc="250,-39,250,0,250,0,250,39" /><INIT seed="1,0,0,1,3,86" ten="211,250,250,289" oya="1" hai0="6,16,55,123,64,47,30,135,61,29,57,92,39" hai1="23,82,38,44,56,78,126,124,42,107,24,45,108" hai2="97,85,5,100,75,83,35,4,74,121,122,60,133" hai3="46,10,96,105,52,70,54,98,109,50,132,32,81"/><U102/><E45/><V87/><F35/><W65/><G32/><T116/><D116/><U101/><E56/><V48/><F133/><W25/><G132/><T19/><D135/><U2/><E2/><V89/><F48/><W51/><G109/><T115/><D115/><U84/><E108/><V26/><F26/><W0/><G25/><T37/><D123/><N who="2" m="47114" /><F5/><W7/><G105/><T28/><D6/><U58/><E58/><V31/><F31/><W88/><G65/><T34/><D34/><U36/><E36/><V15/><F15/><N who="3" m="5599" /><G70/><T27/><D92/><U110/><E110/><V72/><F4/><W111/><G0/><T53/><D53/><U80/><E80/><N who="2" m="49383" /><F60/><W134/><G134/><T66/><D66/><U20/><E107/><N who="2" m="63887" /><F74/><W41/><G111/><T129/><D129/><U69/><E69/><V63/><F63/><W22/><G22/><N who="0" m="13767" /><D39/><U12/><E12/><V33/><F33/><W128/><G128/><T77/><D37/><U79/><E23/><V71/><F71/><W127/><G54/><T112/><D55/><U73/><E20/><V9/><F9/><W119/><G52/><T103/><D61/><U117/><E24/><V131/><F131/><W18/><G18/><T43/><D64/><U59/><E59/><V93/><F93/><W76/><G50/><T113/><D19/><U62/><E62/><V17/><F17/><W104/><G51/><T13/><D57/><U67/><E67/><V21/><F21/><W120/><G120/><T91/><D13/><U3/><E3/><V11/><F11/><W118/><G46/><T8/><D47/><RYUUKYOKU ba="0,0" sc="211,-10,250,-10,250,30,289,-10" hai2="72,75,83,85" /><INIT seed="2,1,0,0,5,5" ten="201,240,280,279" oya="2" hai0="16,3,29,15,23,18,60,69,82,67,50,135,75" hai1="124,125,114,79,123,115,70,83,116,27,45,7,31" hai2="94,85,87,48,39,21,46,38,100,24,118,34,35" hai3="12,96,30,49,103,86,11,104,93,44,127,128,88"/><V32/><F118/><W78/><G128/><T98/><D3/><U43/><E70/><V41/><F100/><W33/><G127/><N who="1" m="48714" /><E116/><V71/><F71/><W101/><G33/><T47/><D135/><U134/><E134/><V108/><F108/><W19/><G30/><T59/><D69/><U14/><E123/><V22/><F22/><W102/><REACH who="3" step="1"/><G78/><REACH who="3" ten="201,240,280,269" step="2"/><T64/><D29/><U6/><E31/><V4/><F35/><W25/><G25/><T56/><D18/><U2/><E27/><V55/><F34/><W120/><G120/><T26/><D26/><U109/><E109/><V58/><F32/><W62/><G62/><T119/><D119/><U97/><E79/><V92/><F38/><W112/><G112/><T129/><D129/><U133/><E133/><V0/><F24/><W13/><G13/><T106/><D15/><U42/><E14/><V126/><F126/><W54/><AGARI ba="1,1" hai="11,12,19,44,49,54,86,88,93,96,101,102,103,104" machi="54" ten="20,12000,2" yaku="1,1,0,1,7,1,52,1,54,1,53,1" doraHai="5" doraHaiUra="51" who="3" fromWho="3" sc="201,-31,240,-31,280,-61,269,133" /><INIT seed="3,0,0,2,2,44" ten="170,209,219,402" oya="3" hai0="42,30,51,24,59,92,132,69,65,18,14,80,71" hai1="48,4,84,60,97,45,104,57,16,93,5,33,49" hai2="54,119,116,120,113,73,75,67,126,133,96,53,27" hai3="3,87,21,79,114,82,43,34,103,90,29,107,83"/><W98/><G114/><T68/><D132/><U74/><E33/><V76/><F113/><W134/><G3/><T62/><D80/><U115/><E104/><V38/><F67/><W1/><G1/><T78/><D78/><U122/><E74/><V19/><F38/><W35/><G43/><T100/><D100/><N who="1" m="60463" /><E122/><V0/><F19/><W47/><G47/><T11/><D92/><U26/><E115/><V117/><F27/><W109/><G109/><T15/><D15/><U131/><E131/><V89/><F0/><W41/><G41/><T88/><D88/><U32/><E32/><V13/><F13/><W111/><G111/><T2/><D2/><U112/><E84/><V10/><F10/><W102/><G102/><T99/><D99/><U86/><E86/><V121/><F133/><W70/><G70/><T106/><D106/><U129/><E129/><V64/><F64/><W85/><G134/><T94/><D94/><U25/><E112/><V91/><F96/><W130/><G130/><T52/><D42/><N who="1" m="24631" /><E49/><V135/><F135/><W36/><G36/><T55/><D55/><N who="2" m="21002" /><F126/><W56/><G107/><T72/><D72/><N who="2" m="27722" /><F76/><W12/><G79/><T110/><D110/><U61/><E26/><V125/><F125/><W81/><G81/><T50/><D50/><U28/><E28/><V17/><F89/><W77/><G90/><T31/><D31/><U40/><E40/><V9/><F91/><W95/><G29/><T118/><D118/><U108/><E108/><V127/><F127/><W123/><G83/><T58/><D71/><U63/><E57/><V8/><F121/><RYUUKYOKU ba="0,0" sc="170,15,209,15,219,-15,402,-15" hai0="11,14,18,24,30,51,52,58,59,62,65,68,69" hai1="4,5,16,25,60,61,63" owari="185,-31.5,224,2.4,204,-19.6,387,48.7" /></mjloggm>