<mjloggm ver="2.3"><GO type="225" lobby="0"/><UN n0="%E4%BF%BA%E3%81%A8%E5%A6%96%E5%A4%A2" n1="%E6%A1%9C%E8%8A%B1%E9%96%83%E3%80%85" n2="%E6%98%93%E5%88%A9%E8%96%A9%E4%BC%AF" n3="%E3%81%9F%E3%81%8B%E3%80%82" dan="16,16,16,16" rate="2107.89,2175.71,2042.79,2100.86" sx="F,M,F,M"/><TAIKYOKU oya="0"/><INIT seed="0,0,0,1,5,43" ten="250,250,250,250" oya="0" hai0="17,13,112,103,126,117,16,8,67,23,7,97,109" hai1="98,30,11,35,85,15,111,104,118,0,121,133,48" hai2="65,37,10,72,90,128,105,49,27,60,108,93,47" hai3="3,21,106,83,61,123,130,24,56,36,41,68,86"/><T4/><D112/><U115/><E118/><V57/><F108/><W74/><G106/><T58/><D117/><U33/><E121/><V114/><F128/><W42/><G3/><T91/><D109/><U95/><E111/><V6/><F105/><W113/><G113/><T31/><D126/><U88/><E0/><V55/><F72/><W100/><G74/><T22/><D91/><U75/><E115/><V63/><F37/><W82/><G68/><T101/><D31/><U46/><E133/><V96/><F114/><W12/><G36/><T84/><D84/><U32/><E75/><V94/><F63/><W125/><G125/><T52/><D67/><U99/><E30/><V19/><F94/><W25/><G123/><T69/><D69/><U119/><E104/><V76/><F76/><W29/><G130/><T132/><D132/><U71/><E71/><V18/><REACH who="2" step="1"/><F27/><REACH who="2" ten="250,250,240,250" step="2"/><W127/><G25/><N who="0" m="14535" /><D97/><U5/><REACH who="1" step="1"/><E119/><REACH who="1" ten="250,240,240,250" step="2"/><V116/><F116/><W80/><G127/><T9/><D4/><U44/><E44/><V110/><F110/><W107/><G107/><T131/><D131/><U53/><AGARI ba="0,2" hai="5,11,15,32,33,35,46,48,53,85,88,95,98,99" machi="53" ten="30,7900,0" yaku="1,1,0,1,52,1,54,1,53,0" doraHai="43" doraHaiUra="59" who="1" fromWho="1" sc="250,-39,240,99,240,-20,250,-20" /><INIT seed="1,0,0,5,2,99" ten="211,339,220,230" oya="1" hai0="18,112,4,42,49,69,61,2,62,115,106,125,57" hai1="78,97,91,34,123,17,38,68,121,127,114,81,84" hai2="52,86,25,87,122,23,1,6,98,76,3,16,63" hai3="24,27,96,134,105,103,51,77,44,132,89,35,126"/><U75/><E38/><V59/><F122/><N who="1" m="46601" /><E17/><V111/><F111/><W94/><G35/><T74/><D2/><U60/><E60/><V41/><F41/><W118/><G118/><T33/><D4/><U133/><E68/><V15/><F98/><W56/><G56/><T50/><D33/><U66/><E66/><V108/><F108/><W58/><G58/><T70/><D106/><U72/><E34/><V32/><F76/><W117/><G117/><T120/><D74/><N who="1" m="28203" /><E114/><V135/><F135/><N who="3" m="51755" /><G77/><T55/><D18/><U31/><E31/><N who="2" m="19567" /><F3/><W37/><G37/><T20/><D20/><U95/><E133/><V64/><F64/><W39/><G39/><T73/><D73/><U104/><E127/><V0/><F0/><W67/><G67/><T90/><D120/><U5/><E5/><V116/><F116/><W124/><G126/><T45/><D125/><U40/><E40/><V36/><F36/><W28/><G124/><T131/><D112/><U13/><E13/><V129/><F129/><W30/><G30/><T83/><D131/><U8/><E8/><AGARI ba="0,0" hai="1,6,8,15,16,23,52,59,63,86,87" m="19567" machi="8" ten="30,3900,0" yaku="24,1,54,2" doraHai="99" who="2" fromWho="1" sc="211,0,339,-39,220,39,230,0" /><INIT seed="2,0,0,0,4,108" ten="211,300,259,230" oya="2" hai0="6,87,70,123,116,50,134,9,129,7,130,69,83" hai1="76,24,39,60,14,19,117,0,72,113,15,127,105" hai2="94,61,36,85,59,11,58,98,93,119,2,63,37" hai3="43,67,28,103,18,92,89,20,74,29,35,132,40"/><V71/><F71/><W53/><G74/><T17/><D123/><U1/><E105/><V21/><F119/><W115/><G67/><T133/><D17/><U104/><E104/><V68/><F68/><N who="0" m="26218" /><D116/><U54/><E39/><V46/><F85/><W118/><G118/><T80/><D50/><U88/><E117/><V106/><F106/><W124/><G124/><T34/><D34/><U32/><E113/><V42/><F21/><W27/><G132/><N who="0" m="50795" /><D87/><U56/><E19/><V4/><F37/><W107/><G115/><T10/><D10/><U99/><E32/><V112/><F112/><W81/><G107/><T90/><D90/><U91/><E91/><V8/><F8/><W3/><G3/><N who="0" m="223" /><D7/><U95/><E24/><V12/><F2/><W131/><G35/><T41/><D41/><U82/><E127/><V110/><F110/><W45/><G103/><T126/><D126/><U102/><E102/><V100/><REACH who="2" step="1"/><F94/><REACH who="2" ten="211,300,249,230" step="2"/><W30/><G92/><T125/><D125/><U64/><E0/><V49/><F49/><N who="3" m="28847" /><G131/><AGARI ba="0,1" hai="80,83,129,130,131" m="223,50795,26218" machi="131" ten="40,2600,0" yaku="19,1,20,1" doraHai="108" who="0" fromWho="3" sc="211,36,300,0,249,0,230,-26" /><INIT seed="3,0,0,4,5,111" ten="247,300,249,204" oya="3" hai0="83,122,130,27,31,37,42,43,112,84,118,72,108" hai1="102,41,33,129,9,8,126,127,113,109,88,18,66" hai2="99,25,1,59,20,86,44,58,28,16,21,69,81" hai3="32,5,92,128,85,79,125,56,60,22,4,114,50"/><W65/><G32/><T124/><D118/><U91/><E113/><V110/><F69/><W46/><G128/><T54/><D122/><U120/><E120/><V104/><F1/><W35/><G114/><T0/><D72/><U96/><E109/><V36/><F110/><W39/><G39/><T38/><D108/><U75/><E75/><V49/><F36/><W11/><G35/><T40/><D0/><U89/><E129/><V73/><F73/><W134/><G134/><T93/><D130/><U70/><E41/><V17/><F99/><W19/><G125/><N who="1" m="47626" /><E18/><V67/><F104/><W68/><G68/><T121/><D121/><U2/><E2/><V95/><F95/><W3/><G3/><T13/><D124/><U62/><E33/><V48/><F48/><W115/><G115/><T74/><D74/><U123/><E123/><V10/><F10/><W7/><G11/><T133/><D93/><AGARI ba="0,0" hai="8,9,62,66,70,88,89,91,93,96,102" m="47626" machi="93" ten="30,2000,0" yaku="18,1,54,1" doraHai="111" who="1" fromWho="0" sc="247,-20,300,20,249,0,204,0" owari="227,-17.3,320,42.0,249,4.9,204,-29.6" /></mjloggm>