<mjloggm ver="2.3"><GO type="225" lobby="0"/><UN n0="%72%69%6F%75%63%68%61%6E" n1="%E7%99%BD%E6%97%A5%E9%9B%AA%E8%8F%9C" n2="%E3%83%97%E3%83%AC%E3%83%B4%E3%82%A1%E3%83%86%E3%82%A3" n3="%E6%9D%B1%E9%A2%A8%E3%81%AE%E3%81%8D%E3%82%83%E3%81%B7%E3%81%95%E3%82%93" dan="16,16,16,16" rate="2138.68,2137.00,2150.89,2126.67" sx="M,M,F,M"/><TAIKYOKU oya="0"/><INIT seed="0,0,0,5,1,7" ten="250,250,250,250" oya="0" hai0="124,51,6,25,29,14,90,94,62,135,83,15,31" hai1="34,20,108,11,116,109,95,48,42,54,44,52,111" hai2="63,35,8,104,93,65,24,96,46,67,121,115,32" hai3="85,16,78,49,36,130,125,55,84,12,75,101,1"/><T38/><D124/><U98/><E34/><V28/><F121/><W106/><G36/><T3/><D135/><U76/><E116/><V50/><F115/><W23/><G1/><T69/><D38/><U13/><E20/><V129/><F129/><W68/><G68/><T18/><D83/><U132/><E76/><V61/><F35/><W113/><G113/><T53/><D3/><U126/><E132/><V86/><F104/><W80/><G130/><T9/><D25/><U57/><E126/><V21/><F32/><W110/><G110/><T105/><D105/><U119/><E119/><V19/><F86/><W41/><G41/><T102/><D102/><U77/><E77/><V40/><F63/><W4/><G4/><T5/><D62/><U87/><E87/><V118/><F118/><W81/><G125/><T92/><D69/><U82/><E82/><V60/><F60/><W30/><G30/><T103/><D103/><N who="1" m="60895" /><E57/><V99/><F99/><W120/><G120/><T112/><D112/><U117/><E117/><V72/><F72/><W100/><G106/><T71/><D71/><U128/><E128/><V22/><F61/><W59/><G75/><T133/><D133/><U88/><E88/><AGARI ba="0,0" hai="12,16,23,49,55,59,78,80,81,84,85,88,100,101" machi="88" ten="30,7700,0" yaku="7,1,8,1,54,2" doraHai="7" who="3" fromWho="1" sc="250,0,250,-77,250,0,250,77" /><INIT seed="1,0,0,5,2,90" ten="250,173,250,327" oya="1" hai0="86,37,70,123,104,91,112,21,67,13,58,1,19" hai1="62,94,92,77,74,99,25,96,119,89,14,78,41" hai2="129,93,68,50,32,63,102,18,51,121,108,8,134" hai3="117,105,130,128,75,17,126,98,38,135,87,48,73"/><U80/><E119/><V16/><F121/><W59/><G38/><T0/><D112/><U15/><E77/><V43/><F32/><W103/><G17/><T122/><D70/><U27/><E41/><V33/><F33/><W60/><G48/><T34/><D34/><U127/><E127/><V124/><F124/><W2/><G2/><T84/><D104/><U12/><REACH who="1" step="1"/><E62/><REACH who="1" ten="250,163,250,327" step="2"/><V110/><F43/><W65/><G126/><T83/><D37/><U52/><E52/><V131/><F63/><W81/><G117/><T10/><D123/><U45/><E45/><V42/><F42/><W36/><G36/><T55/><D122/><U88/><AGARI ba="0,1" hai="12,14,15,25,27,74,78,80,88,89,92,94,96,99" machi="88" ten="30,18000,2" yaku="1,1,0,1,9,1,52,2,54,1,53,0" doraHai="90" doraHaiUra="4" who="1" fromWho="1" sc="250,-60,163,190,250,-60,327,-60" /><INIT seed="1,1,0,0,5,27" ten="190,353,190,267" oya="1" hai0="82,104,116,9,88,37,21,132,7,115,133,61,11" hai1="20,29,18,85,3,84,120,131,28,39,44,105,4" hai2="112,102,92,13,117,36,64,8,34,108,68,127,12" hai3="114,80,47,93,99,69,71,41,23,59,129,87,78"/><U56/><E120/><V113/><F36/><W2/><G2/><T51/><D115/><N who="2" m="44106" /><F117/><W130/><G114/><T106/><D116/><U94/><E105/><N who="0" m="40553" /><D37/><U5/><E131/><N who="3" m="50186" /><G23/><T77/><D61/><U46/><E3/><V125/><F34/><W101/><G59/><T67/><D67/><U55/><E39/><AGARI ba="1,0" hai="39,41,47,69,71,78,80,87,93,99,101" m="50186" machi="39" ten="30,1000,0" yaku="19,1" doraHai="27" who="3" fromWho="1" sc="190,0,353,-13,190,0,267,13" /><INIT seed="2,0,0,3,0,16" ten="190,340,190,280" oya="2" hai0="70,87,74,85,117,18,40,53,109,14,77,128,75" hai1="17,95,39,8,5,12,90,21,101,99,103,49,1" hai2="2,80,51,37,57,52,58,123,61,22,46,28,131" hai3="15,96,41,63,64,105,27,129,134,88,111,92,91"/><V31/><F2/><W65/><G111/><T133/><D70/><U32/><E39/><V122/><F131/><W60/><G129/><T7/><D128/><U9/><E32/><V68/><F68/><W54/><G134/><T124/><D7/><U66/><E66/><V107/><F107/><W82/><G41/><T45/><D109/><U126/><E126/><V3/><F3/><W93/><G105/><T104/><D104/><U108/><E108/><V13/><F37/><W125/><G15/><T20/><D133/><U48/><E8/><V120/><F80/><W55/><G82/><T44/><D124/><U47/><REACH who="1" step="1"/><E49/><REACH who="1" ten="190,330,190,280" step="2"/><V56/><REACH who="2" step="1"/><F61/><REACH who="2" ten="190,330,180,280" step="2"/><N who="3" m="23627" /><G125/><T23/><D117/><U67/><E67/><V118/><F118/><W6/><G64/><T10/><D53/><AGARI ba="0,2" hai="1,5,9,12,17,21,47,48,53,90,95,99,101,103" machi="53" ten="30,3900,0" yaku="1,1,7,1,52,1,53,0" doraHai="16" doraHaiUra="114" who="1" fromWho="0" sc="190,-39,330,59,180,0,280,0" /><INIT seed="3,0,0,3,2,106" ten="151,389,180,280" oya="3" hai0="67,41,113,131,16,12,124,105,38,79,100,23,11" hai1="121,95,108,18,21,76,46,52,72,44,59,5,88" hai2="77,6,57,56,1,112,98,127,58,27,89,130,4" hai3="3,103,14,92,119,116,82,45,69,13,19,62,81"/><W61/><G3/><T110/><D110/><U94/><E121/><V101/><F112/><W118/><G45/><N who="1" m="17514" /><E72/><V2/><F127/><W31/><G31/><T114/><D124/><U7/><E76/><V50/><F77/><W86/><G69/><T75/><D38/><U66/><E66/><V125/><F125/><W25/><G25/><T47/><D67/><U20/><E20/><V33/><F50/><W74/><G74/><T28/><D131/><U36/><E36/><V55/><F130/><W68/><G68/><T40/><D105/><U133/><E133/><V8/><F55/><W70/><G70/><T107/><D107/><U120/><E108/><V51/><F51/><W97/><G13/><T48/><D40/><U34/><E34/><V128/><F89/><W53/><G53/><T117/><D117/><U126/><E120/><V15/><F128/><W73/><G73/><T85/><D100/><U54/><E54/><V26/><F33/><W122/><G122/><T63/><D63/><N who="1" m="36327" /><E95/><V9/><F15/><W65/><G65/><T90/><D79/><U109/><E109/><V42/><F42/><W71/><G71/><T115/><D75/><U102/><E102/><V111/><F111/><W32/><G32/><T60/><D60/><U17/><E17/><V78/><F78/><W39/><G39/><T35/><D35/><U132/><E132/><V134/><F134/><W80/><REACH who="3" step="1"/><G86/><REACH who="3" ten="151,389,180,270" step="2"/><T135/><D135/><U30/><E126/><V37/><F37/><W99/><G99/><T104/><D115/><U83/><E30/><V96/><F96/><W123/><G123/><RYUUKYOKU ba="0,1" sc="151,-15,389,-15,180,15,270,15" hai2="1,2,4,6,8,9,26,27,56,57,58,98,101" hai3="14,19,61,62,80,81,82,92,97,103,116,118,119" /><INIT seed="3,1,1,3,4,31" ten="136,374,195,285" oya="3" hai0="43,49,40,108,98,12,47,30,26,45,57,125,7" hai1="103,135,100,54,35,83,18,16,133,13,84,112,67" hai2="96,74,25,66,64,101,119,59,24,33,27,131,88" hai3="78,19,102,46,126,106,124,134,11,4,73,72,85"/><W71/><G71/><T2/><D125/><N who="3" m="48233" /><G19/><T80/><D108/><U55/><E112/><V34/><F74/><W65/><G65/><T36/><D2/><U56/><E35/><V90/><F119/><W42/><G134/><N who="1" m="51210" /><E67/><V79/><F79/><W128/><G128/><T91/><D57/><U110/><E18/><V93/><F131/><W127/><G127/><T70/><D70/><U6/><E6/><V118/><F118/><W87/><G102/><N who="1" m="38954" /><E56/><V21/><F21/><W121/><G106/><T105/><D105/><U113/><E110/><V50/><F66/><W94/><G121/><T75/><D75/><N who="3" m="28745" /><G94/><T99/><D7/><U52/><E113/><V41/><F64/><W23/><G23/><T22/><D12/><U76/><E54/><V9/><F9/><AGARI ba="1,1" hai="9,13,16,52,55,76,83,84" m="38954,51210" machi="9" ten="30,3900,0" yaku="20,1,54,2" doraHai="31" who="1" fromWho="2" sc="136,0,374,52,195,-42,285,0" owari="136,-36.4,426,52.6,153,-24.7,285,8.5" /></mjloggm>