<mjloggm ver="2.3"><GO type="225" lobby="0"/><UN n0="%74%61%6B%65%2D%79%6F%75" n1="%E8%A8%88%E7%AE%97%E6%A9%9F%E8%87%AA%E7%84%B6" n2="%E3%81%AF%E3%82%88%E3%81%8A%E3%81%98%E3%81%95%E3%82%93" n3="%E3%81%A9%E3%82%8F%E3%82%93%E3%81%94" dan="17,17,16,16" rate="2151.43,2179.62,2145.89,2170.78" sx="M,M,M,M"/><TAIKYOKU oya="0"/><INIT seed="0,0,0,2,3,90" ten="250,250,250,250" oya="0" hai0="118,34,45,43,15,107,135,102,62,95,10,21,112" hai1="18,103,108,92,128,0,113,1,87,86,3,9,8" hai2="31,116,56,37,104,109,30,50,44,49,119,88,64" hai3="99,93,85,130,131,97,7,14,76,6,28,24,105"/><T35/><D112/><U40/><E113/><V39/><F104/><W19/><G105/><T16/><D118/><N who="2" m="45098" /><F30/><W122/><G122/><T32/><D135/><U4/><E108/><V65/><F31/><W46/><G46/><T60/><D107/><U100/><E40/><N who="2" m="24711" /><F88/><N who="3" m="53391" /><G76/><T96/><REACH who="0" step="1"/><D21/><REACH who="0" ten="240,250,250,250" step="2"/><U41/><E8/><V132/><F132/><W74/><G131/><T2/><D2/><U72/><E128/><V98/><F109/><W73/><G130/><T111/><D111/><U51/><E0/><V91/><F37/><AGARI ba="0,1" hai="10,15,16,32,34,35,37,43,45,60,62,95,96,102" machi="37" ten="40,7700,0" yaku="1,1,52,1,54,1,53,0" doraHai="90" doraHaiUra="124" who="0" fromWho="2" sc="240,87,250,0,250,-77,250,0" /><INIT seed="0,1,0,1,3,85" ten="327,250,173,250" oya="0" hai0="19,122,135,134,83,64,113,132,54,128,109,84,61" hai1="111,88,78,13,72,93,79,34,33,24,99,87,89" hai2="105,110,116,10,117,98,21,3,55,18,112,92,125" hai3="59,51,36,127,107,41,16,40,52,103,80,67,35"/><T43/><D113/><U4/><E111/><V76/><F112/><W28/><G127/><T120/><D109/><U38/><E38/><V131/><F110/><W95/><G107/><T82/><D128/><U124/><E124/><V22/><F125/><W15/><G36/><T73/><D43/><U30/><E72/><V9/><F105/><W69/><G80/><T123/><D73/><U126/><E33/><V102/><F76/><W42/><G35/><T68/><D54/><U114/><E114/><V2/><F131/><W121/><G121/><T96/><D96/><U0/><E0/><V129/><F129/><W63/><G28/><T71/><D19/><U115/><E126/><V57/><F2/><W11/><G103/><T27/><D27/><U32/><E32/><V70/><F70/><W104/><G104/><T119/><D119/><N who="2" m="45642" /><F3/><W106/><G106/><T77/><REACH who="0" step="1"/><D83/><REACH who="0" ten="317,250,173,250" step="2"/><U60/><E115/><V29/><F29/><W23/><REACH who="3" step="1"/><G95/><REACH who="3" ten="317,250,173,240" step="2"/><T44/><D44/><U101/><E93/><V91/><F102/><W31/><G31/><T66/><D66/><U8/><E101/><V5/><F92/><W14/><G14/><T75/><D75/><U58/><E13/><V25/><F25/><W90/><G90/><T45/><D45/><U108/><E89/><V62/><F91/><W20/><AGARI ba="1,2" hai="11,15,16,20,23,40,41,42,51,52,59,63,67,69" machi="20" ten="30,7900,0" yaku="1,1,0,1,54,2,53,0" doraHai="85" doraHaiUra="1" who="3" fromWho="3" sc="317,-40,250,-21,173,-21,240,102" /><INIT seed="1,0,0,4,3,119" ten="277,229,152,342" oya="1" hai0="59,72,3,121,39,11,131,73,99,45,125,16,112" hai1="78,63,8,30,26,5,113,85,0,42,12,128,19" hai2="66,81,31,34,116,65,83,43,108,100,106,88,104" hai3="37,92,6,127,7,86,57,124,89,115,135,69,28"/><U132/><E113/><V17/><F116/><W70/><G115/><T22/><D112/><U126/><E128/><V114/><F114/><W77/><G37/><T2/><D131/><U67/><E132/><V61/><F108/><W36/><G36/><T29/><D125/><N who="3" m="48201" /><G135/><T76/><D29/><U74/><E126/><V122/><F43/><W18/><G28/><T1/><D121/><U13/><E74/><V109/><F109/><W90/><G77/><T20/><D59/><U46/><E85/><V117/><F117/><W54/><G18/><T91/><D11/><U94/><E94/><V33/><F17/><W87/><G70/><T120/><D120/><U32/><E78/><V103/><F31/><W82/><G69/><T129/><D129/><U84/><E84/><V64/><F61/><AGARI ba="0,0" hai="6,7,54,57,61,82,86,87,89,90,92" m="48201" machi="61" ten="30,1000,0" yaku="18,1" doraHai="119" who="3" fromWho="2" sc="277,0,229,0,152,-10,342,10" /><INIT seed="2,0,0,3,1,79" ten="277,229,142,352" oya="2" hai0="108,78,36,64,132,24,51,73,3,58,6,104,89" hai1="38,118,106,107,95,70,129,65,41,111,54,63,42" hai2="37,85,35,130,123,67,1,91,30,20,92,122,2" hai3="27,119,88,131,4,114,44,103,75,11,109,62,120"/><V5/><F35/><W56/><G120/><T112/><D112/><U96/><E118/><V93/><F37/><W121/><G121/><T29/><D108/><U39/><E111/><V7/><F130/><W87/><G109/><T101/><D36/><U81/><E129/><V90/><F20/><W25/><G75/><T18/><D132/><U49/><E38/><V97/><F67/><W21/><G119/><T52/><D64/><U8/><E8/><V13/><F13/><N who="3" m="5351" /><G131/><T14/><D3/><U71/><E71/><V110/><F110/><W135/><G135/><T94/><D73/><U74/><E74/><V124/><F85/><W76/><G76/><T28/><D78/><U45/><E81/><V82/><F97/><W105/><G105/><T50/><D104/><U128/><E41/><V68/><F124/><W17/><G44/><T69/><D69/><U61/><E61/><V86/><F86/><W48/><G48/><T9/><D51/><U53/><E53/><V19/><F68/><W12/><G103/><T10/><D101/><U113/><E113/><V133/><F133/><W100/><G100/><T59/><D50/><U127/><E127/><V40/><F30/><W126/><G114/><T117/><D29/><U116/><E116/><V43/><REACH who="2" step="1"/><F19/><REACH who="2" ten="277,229,132,352" step="2"/><W83/><G126/><T34/><D18/><U47/><E128/><V84/><F84/><W99/><G99/><T23/><D117/><U98/><E96/><V80/><AGARI ba="0,1" hai="1,2,5,7,40,43,80,82,90,91,92,93,122,123" machi="80" ten="25,18000,2" yaku="1,1,0,1,22,2,52,2,53,0" doraHai="79" doraHaiUra="72" who="2" fromWho="2" sc="277,-60,229,-60,132,190,352,-60" /><INIT seed="2,1,0,0,5,126" ten="217,169,322,292" oya="2" hai0="114,64,72,59,12,119,43,17,42,60,123,90,130" hai1="18,76,67,69,24,2,133,101,30,55,134,91,44" hai2="48,28,77,116,38,132,127,131,25,66,115,71,87" hai3="37,9,1,70,15,5,125,20,68,96,112,39,50"/><V49/><F38/><W32/><G125/><T99/><D123/><U0/><E91/><V4/><F115/><W109/><G112/><T8/><D114/><U51/><E18/><V10/><F116/><W103/><G109/><T56/><D119/><U14/><E14/><V52/><F127/><W54/><G32/><T83/><D130/><U74/><E101/><V3/><F132/><N who="1" m="50793" /><E67/><V120/><F120/><W100/><G37/><T117/><D117/><U78/><E69/><V63/><F131/><W34/><G39/><T121/><D121/><U16/><E30/><V124/><F124/><W45/><G34/><T36/><D36/><U27/><E24/><V81/><REACH who="2" step="1"/><F52/><REACH who="2" ten="217,169,312,292" step="2"/><W65/><G54/><T98/><D56/><U97/><E55/><V88/><F88/><W94/><G70/><T62/><D59/><U118/><E118/><V79/><F79/><W135/><G135/><T31/><D90/><U80/><E76/><V122/><F122/><W129/><G68/><T61/><D64/><U21/><E97/><V85/><F85/><W19/><G65/><T53/><D98/><U86/><E86/><V95/><F95/><W106/><G103/><T40/><D53/><U35/><E51/><V29/><F29/><W58/><G129/><T13/><D31/><N who="1" m="19967" /><E44/><V89/><F89/><W108/><G45/><T107/><D99/><U105/><E105/><V41/><F41/><W75/><G106/><T113/><D107/><U92/><E92/><V6/><F6/><W73/><G108/><T110/><D110/><U104/><E104/><V46/><F46/><W23/><G96/><RYUUKYOKU ba="1,1" sc="217,-15,169,15,312,15,292,-15" hai1="0,2,16,21,74,78,80" hai2="3,4,10,25,28,48,49,63,66,71,77,81,87" /><INIT seed="2,2,1,4,5,19" ten="202,184,327,277" oya="2" hai0="1,113,94,106,33,116,70,52,26,71,37,68,25" hai1="83,36,57,103,35,111,131,58,2,21,47,16,5" hai2="110,81,69,11,20,80,95,128,92,10,109,45,9" hai3="7,43,55,132,32,122,41,29,105,90,86,61,98"/><V56/><F69/><W124/><G122/><T46/><D113/><U84/><E35/><V79/><F128/><W27/><G124/><T85/><D116/><U4/><E131/><V126/><F126/><W87/><G132/><T82/><D106/><U38/><E111/><N who="2" m="42507" /><F45/><W62/><G7/><N who="1" m="2634" /><E36/><V117/><F117/><W22/><G32/><T77/><D1/><U75/><E75/><N who="2" m="43135" /><F81/><W3/><G3/><T13/><D82/><U17/><E38/><V100/><F100/><W40/><G105/><T54/><D37/><U135/><E135/><V125/><F125/><W31/><G41/><T15/><D33/><U74/><E74/><V65/><F20/><W6/><G22/><T88/><D77/><N who="1" m="46191" /><E2/><V23/><F23/><W114/><G114/><T48/><REACH who="0" step="1"/><D54/><REACH who="0" ten="192,184,327,277" step="2"/><U91/><E21/><V93/><F9/><W115/><G55/><T121/><D121/><U134/><E134/><V12/><F10/><W50/><G115/><T64/><D64/><U112/><E112/><V76/><F76/><W96/><G40/><T97/><D97/><U104/><E104/><V120/><F120/><W123/><G98/><T133/><D133/><U49/><E103/><V18/><F65/><W118/><G96/><T59/><D59/><AGARI ba="2,2" hai="11,12,18,56,59,92,93,95" m="43135,42507" machi="59" ten="30,2900,0" yaku="14,1,10,1" doraHai="19" who="2" fromWho="0" sc="192,-35,184,0,327,55,277,0" /><INIT seed="2,3,0,2,2,81" ten="157,184,382,277" oya="2" hai0="13,90,28,67,83,20,104,51,78,44,130,100,63" hai1="12,84,77,129,25,110,121,26,30,124,15,56,69" hai2="123,132,101,29,76,39,60,106,41,127,75,2,22" hai3="47,7,97,23,57,64,126,85,120,31,21,82,54"/><V119/><F2/><W46/><G126/><T45/><D130/><U19/><E69/><V115/><F115/><W112/><G120/><T6/><D104/><U109/><E124/><V133/><F119/><W16/><G112/><T65/><D100/><U33/><E129/><V102/><F123/><W8/><G64/><T94/><D28/><N who="1" m="19599" /><E121/><V96/><F127/><W95/><G31/><T116/><D116/><U24/><E56/><V79/><F102/><N who="3" m="60735" /><G7/><T35/><D35/><N who="1" m="20935" /><E77/><V103/><F101/><W38/><G23/><T36/><D36/><U73/><E84/><V5/><F5/><W108/><G8/><T118/><D118/><U99/><E99/><V98/><F96/><W43/><G108/><N who="1" m="41578" /><E73/><V42/><F75/><W134/><G43/><T93/><D65/><U71/><E71/><V32/><F42/><W128/><G38/><T1/><D67/><U113/><E113/><V10/><F41/><W107/><G47/><T17/><D45/><U61/><E61/><V88/><F39/><W14/><G46/><T18/><D63/><U117/><E117/><V34/><F60/><N who="3" m="35895" /><G128/><T52/><D90/><U40/><E40/><V50/><F50/><W62/><G107/><T3/><D3/><U37/><E37/><V4/><F88/><W87/><G62/><T74/><REACH who="0" step="1"/><D17/><REACH who="0" ten="147,184,382,277" step="2"/><U80/><E80/><V48/><F48/><W55/><G82/><T27/><D27/><U92/><E92/><V68/><F106/><W114/><G114/><T59/><D59/><U89/><E89/><V72/><F103/><W86/><G55/><T66/><D66/><U58/><E58/><RYUUKYOKU ba="3,1" sc="147,10,184,10,382,-30,277,10" hai0="1,6,13,18,20,44,51,52,74,78,83,93,94" hai1="12,15,19,26" hai3="14,16,21,85,86,87,134" /><INIT seed="3,4,1,1,3,29" ten="157,194,352,287" oya="3" hai0="56,70,135,45,31,103,37,72,38,42,7,88,80" hai1="99,127,43,33,126,4,93,91,122,120,67,128,52" hai2="55,8,57,89,94,40,92,97,123,61,96,113,23" hai3="76,133,6,84,39,12,86,30,11,106,100,47,98"/><W20/><G133/><T65/><D135/><U66/><E33/><V77/><F113/><W34/><G76/><T24/><D70/><U13/><E43/><V87/><F123/><N who="1" m="47145" /><E52/><V114/><F114/><W5/><G5/><T125/><D125/><N who="1" m="47627" /><E128/><V134/><F134/><W18/><G47/><T71/><D71/><U115/><E115/><V124/><F124/><W1/><G39/><T130/><D130/><U112/><E112/><V21/><F40/><W2/><G2/><T49/><D103/><U101/><E101/><N who="2" m="60551" /><F8/><AGARI ba="4,1" hai="4,8,13,66,67,91,93,99" m="47627,47145" machi="8" ten="30,1000,0" yaku="18,1" doraHai="29" who="1" fromWho="2" sc="157,0,194,32,352,-22,287,0" owari="157,-34.3,226,-17.4,330,43.0,287,8.7" /></mjloggm>