<mjloggm ver="2.3"><GO type="225" lobby="0"/><UN n0="%33%74%72%65%65" n1="%E3%81%95%E3%81%8D%E3%81%9F%E3%81%BE%E6%9E%97%E6%AA%8E" n2="%E3%82%A2%E3%83%A1%E3%82%A2%E3%83%A9%E3%83%AC" n3="%E3%83%81%E3%83%83%E3%82%BF%E3%82%BD%E3%83%BC" dan="16,16,16,16" rate="2158.78,2071.08,2168.38,2160.25" sx="F,M,M,F"/><TAIKYOKU oya="0"/><INIT seed="0,0,0,0,1,69" ten="250,250,250,250" oya="0" hai0="114,65,71,24,18,72,13,38,84,0,128,115,111" hai1="110,77,73,97,39,91,44,125,104,106,121,54,36" hai2="79,66,108,101,78,3,133,86,19,75,41,105,98" hai3="116,43,5,49,2,1,47,22,51,118,83,4,59"/><T81/><D0/><U109/><E121/><V42/><F3/><W25/><G83/><T52/><D128/><U120/><E120/><V45/><F108/><N who="1" m="41577" /><E125/><V60/><F133/><W12/><G2/><T34/><D111/><U87/><E73/><V40/><F75/><W76/><G76/><T67/><D72/><U15/><E77/><V131/><F131/><W129/><G129/><T21/><D38/><N who="1" m="14379" /><E97/><V89/><F19/><W64/><G1/><T99/><D99/><U23/><E15/><V55/><F79/><W90/><G12/><T68/><D13/><U61/><E23/><V74/><F78/><W14/><G14/><T107/><D21/><U124/><E124/><V94/><F74/><W28/><G116/><T37/><D84/><U119/><E119/><V103/><F103/><W96/><G118/><T11/><D11/><U29/><E29/><V80/><F105/><W62/><G5/><T85/><D107/><U123/><E123/><V33/><F101/><W56/><G4/><T95/><D85/><U100/><E100/><V70/><F98/><W32/><G22/><T10/><D10/><U48/><E61/><V63/><F60/><W6/><G6/><T102/><D102/><U58/><E58/><V57/><F57/><W27/><G28/><T46/><D18/><U132/><E132/><V117/><F117/><W30/><G25/><T53/><D24/><U35/><E35/><V26/><F26/><W17/><G56/><T134/><D34/><U50/><E50/><N who="2" m="29135" /><F33/><W135/><G135/><T7/><D134/><U8/><E8/><V126/><F126/><RYUUKYOKU ba="0,0" sc="250,-15,250,15,250,15,250,-15" hai1="44,48,54,87,91,104,106" hai2="40,41,42,63,66,70,80,86,89,94" /><INIT seed="1,1,0,1,3,20" ten="235,265,265,235" oya="1" hai0="85,60,66,70,96,44,84,33,82,46,3,62,47" hai1="57,76,80,21,122,53,106,23,39,68,132,45,36" hai2="4,35,5,51,87,93,130,115,40,73,107,63,135" hai3="50,109,95,29,26,131,81,16,133,7,77,123,8"/><U38/><E122/><V28/><F107/><W111/><G123/><T129/><D129/><U58/><E106/><V30/><F73/><W113/><G113/><T52/><D3/><U72/><E68/><V56/><F130/><W119/><G131/><T112/><D112/><U1/><E1/><V15/><F135/><W2/><G133/><T17/><D33/><U48/><REACH who="1" step="1"/><E132/><REACH who="1" ten="235,255,265,235" step="2"/><V86/><F115/><W27/><G119/><T0/><D0/><U79/><E79/><V31/><F35/><W125/><G125/><T100/><D82/><U124/><E124/><V10/><F93/><W22/><G95/><T59/><REACH who="0" step="1"/><D17/><REACH who="0" ten="225,255,265,235" step="2"/><U64/><E64/><N who="2" m="39015" /><F4/><W134/><G134/><T65/><D65/><U94/><E94/><AGARI ba="1,2" hai="44,46,47,52,59,60,62,66,70,84,85,94,96,100" machi="94" ten="40,2600,0" yaku="1,1,54,1,53,0" doraHai="20" doraHaiUra="12" who="0" fromWho="1" sc="225,49,255,-29,265,0,235,0" /><INIT seed="2,0,0,3,0,87" ten="274,226,265,235" oya="2" hai0="22,46,86,104,61,121,133,70,111,34,57,85,7" hai1="122,19,10,30,44,71,3,103,92,129,127,60,35" hai2="48,100,73,55,128,41,83,52,68,95,72,17,25" hai3="108,2,116,9,45,131,64,77,88,65,119,97,96"/><V37/><F68/><W56/><G108/><T13/><D34/><U117/><E117/><V99/><F128/><W113/><G131/><T6/><D111/><U69/><E129/><V1/><F1/><W12/><G2/><T125/><D70/><U112/><E112/><V58/><F83/><W50/><G77/><T120/><D104/><U15/><E127/><V115/><F115/><W101/><G113/><T43/><D125/><U24/><E122/><V18/><F55/><W102/><G116/><T38/><D133/><U26/><E26/><V66/><F66/><N who="3" m="25707" /><G97/><T23/><D121/><U16/><E60/><V29/><F73/><W80/><G56/><T98/><D98/><U51/><E51/><V21/><REACH who="2" step="1"/><F72/><REACH who="2" ten="274,226,255,235" step="2"/><W74/><G74/><T14/><D120/><U11/><E3/><V110/><F110/><W135/><G119/><T53/><D53/><U27/><E71/><V59/><F59/><W109/><G109/><T79/><D57/><U49/><E69/><V78/><F78/><W36/><G135/><T4/><D79/><U89/><E103/><V54/><F54/><N who="3" m="30031" /><G80/><T82/><D82/><U123/><E123/><V90/><F90/><W33/><G101/><T42/><D42/><U81/><E81/><V84/><F84/><W40/><G102/><T118/><D118/><U39/><E89/><V0/><F0/><W76/><G76/><T31/><D85/><U107/><E44/><AGARI ba="0,1" hai="17,18,21,25,29,37,41,44,48,52,58,95,99,100" machi="44" ten="40,3900,0" yaku="1,1,54,1,53,0" doraHai="87" doraHaiUra="8" who="2" fromWho="1" sc="274,0,226,-39,255,49,235,0" /><INIT seed="2,1,0,4,5,101" ten="274,187,304,235" oya="2" hai0="22,39,122,11,51,97,103,17,116,37,90,100,71" hai1="80,61,99,104,8,133,128,32,131,127,34,108,89" hai2="63,33,36,79,125,1,118,7,31,64,87,95,115" hai3="69,121,81,2,42,10,134,53,111,24,6,28,72"/><V18/><F115/><W26/><G111/><T75/><D122/><U15/><E108/><V12/><F36/><W25/><G134/><T56/><D71/><U73/><E73/><V109/><F118/><W67/><G121/><T102/><D75/><U50/><E133/><V119/><F119/><W0/><G0/><T113/><D113/><U57/><E50/><V86/><F79/><W70/><G42/><T38/><D11/><U29/><E127/><V74/><F74/><W105/><G105/><T5/><D5/><U45/><E45/><V93/><F93/><W59/><G28/><T92/><D116/><U55/><E80/><V110/><F95/><W126/><G67/><T106/><D56/><U129/><E89/><V3/><F3/><W77/><REACH who="3" step="1"/><G126/><REACH who="3" ten="274,187,304,225" step="2"/><T19/><D106/><U76/><E29/><V4/><F1/><W130/><G130/><T82/><D82/><U112/><E112/><V14/><F125/><W27/><N who="3" m="6144" /><DORA hai="88" /><W41/><G41/><T46/><REACH who="0" step="1"/><D22/><REACH who="0" ten="264,187,304,225" step="2"/><U65/><E65/><V30/><F64/><W44/><G44/><T43/><AGARI ba="1,2" hai="17,19,37,38,39,43,46,51,90,92,97,100,102,103" machi="43" ten="40,8000,1" yaku="1,1,2,1,0,1,52,1,53,1" doraHai="101,88" doraHaiUra="85,124" who="0" fromWho="0" sc="264,103,187,-21,304,-41,225,-21" /><INIT seed="3,0,0,5,5,29" ten="367,166,263,204" oya="3" hai0="118,62,41,39,101,111,90,106,130,11,122,135,56" hai1="34,28,3,42,57,2,66,86,89,126,134,31,48" hai2="84,63,120,16,88,60,61,4,50,70,45,7,44" hai3="108,75,68,116,97,46,58,9,115,91,81,19,53"/><W30/><G116/><T1/><D90/><U49/><E66/><V32/><F120/><W5/><G115/><T131/><D122/><U104/><E104/><V87/><F70/><W54/><G68/><T129/><D118/><U127/><E42/><N who="2" m="24855" /><F32/><W109/><G19/><T15/><D1/><N who="1" m="11" /><E57/><V18/><F84/><N who="3" m="50575" /><G75/><T76/><D15/><U99/><E99/><V22/><F45/><W27/><G46/><T133/><D11/><U6/><E6/><N who="2" m="2091" /><F22/><N who="3" m="15735" /><G97/><T121/><D121/><U51/><E86/><V132/><F132/><W0/><G58/><T103/><D135/><U98/><E134/><V119/><F119/><W38/><G38/><T100/><D133/><U110/><E110/><AGARI ba="0,0" hai="0,5,9,53,54,108,109,110" m="15735,50575" machi="110" ten="30,2900,0" yaku="14,1,10,1" doraHai="29" who="3" fromWho="1" sc="367,0,166,-29,263,0,204,29" /><INIT seed="3,1,0,1,2,18" ten="367,137,263,233" oya="3" hai0="92,120,7,29,87,74,106,61,53,91,133,46,134" hai1="32,31,20,118,33,24,16,79,59,96,78,116,4" hai2="54,119,84,77,10,85,89,105,108,93,86,66,19" hai3="115,107,49,0,95,73,65,129,124,110,56,47,8"/><W76/><G115/><T51/><D120/><U70/><E70/><V135/><F66/><W102/><G95/><T100/><D7/><U28/><E96/><N who="2" m="57391" /><F54/><W52/><G76/><T104/><D74/><U45/><E45/><V72/><F19/><W82/><G82/><T3/><D3/><U58/><E4/><V81/><F10/><W90/><G90/><T112/><D112/><U50/><E50/><V127/><F108/><W57/><G8/><T15/><D29/><N who="1" m="11339" /><E79/><V30/><F30/><W126/><G0/><T130/><D51/><U75/><E75/><V44/><F44/><W5/><G5/><T41/><D46/><U94/><E94/><V6/><F6/><W36/><G73/><T48/><D92/><U55/><E78/><V39/><F39/><W38/><G102/><T117/><D100/><U109/><E55/><V9/><F9/><W64/><G107/><T26/><D53/><U125/><E59/><N who="3" m="22602" /><G38/><T111/><D104/><U63/><E63/><V98/><F105/><W13/><G36/><T60/><D61/><U17/><E58/><V22/><F77/><W99/><G99/><T21/><D60/><U67/><E67/><V2/><F98/><W80/><G64/><T88/><D106/><U101/><E101/><V40/><F72/><W1/><G47/><T34/><D91/><U68/><E68/><V123/><F2/><W23/><G65/><T83/><D88/><U103/><E103/><V42/><F81/><W35/><G49/><T128/><D48/><U113/><E113/><V122/><F85/><W62/><G52/><T97/><D83/><RYUUKYOKU ba="1,0" sc="367,0,137,0,263,0,233,0" owari="367,46.7,137,-36.3,263,6.3,233,-16.7" /></mjloggm>