<mjloggm ver="2.3"><GO type="225" lobby="0"/><UN n0="%E3%81%8D%E3%82%85%E3%81%86" n1="%E3%81%99%E3%81%84%E3%81%BE%E3%81%9B%E3%83%BC%E3%82%93" n2="%72%65%6E%6B%75%6E" n3="%E3%81%B5%E3%81%98%E3%81%8B%E3%81%A4" dan="16,18,17,16" rate="2086.87,2210.83,2231.85,2157.34" sx="M,M,M,M"/><TAIKYOKU oya="0"/><INIT seed="0,0,0,0,2,100" ten="250,250,250,250" oya="0" hai0="115,4,103,134,60,78,47,48,104,109,72,83,96" hai1="9,6,30,65,49,80,92,130,23,95,105,14,94" hai2="125,133,56,82,52,46,79,27,76,38,57,107,87" hai3="106,43,51,55,66,21,44,2,36,117,97,119,32"/><T108/><D115/><U84/><E130/><V13/><F107/><W118/><G32/><T63/><D4/><U73/><E73/><V17/><F133/><W68/><G2/><T67/><D134/><U58/><E105/><V70/><F70/><W90/><G21/><T89/><D89/><U126/><E126/><V102/><F102/><N who="3" m="62799" /><G90/><T54/><REACH who="0" step="1"/><D67/><REACH who="0" ten="240,250,250,250" step="2"/><U34/><E65/><V18/><F125/><W127/><G127/><T86/><D86/><U113/><E6/><V112/><F112/><W122/><G122/><T37/><D37/><U69/><E84/><V11/><F79/><W116/><G119/><T22/><D22/><U24/><E23/><N who="2" m="13815" /><F38/><W91/><G91/><T39/><D39/><U5/><E113/><V31/><F31/><W120/><G120/><T35/><D35/><U3/><E3/><V53/><F53/><W33/><G33/><T132/><D132/><U12/><E34/><V128/><F128/><W110/><G118/><T40/><D40/><U10/><E30/><V62/><F87/><W85/><G85/><T42/><D42/><U88/><E88/><V20/><F76/><W15/><G117/><T75/><D75/><U131/><E131/><V124/><F124/><W101/><G116/><T99/><D99/><U28/><E28/><V45/><F82/><W8/><G66/><T7/><D7/><N who="1" m="3135" /><E80/><V41/><F41/><W0/><G43/><T123/><D123/><U129/><E129/><V121/><F121/><W61/><G36/><T16/><D16/><U114/><E114/><V135/><F135/><W25/><G55/><T26/><D26/><RYUUKYOKU ba="0,1" sc="240,30,250,-10,250,-10,250,-10" hai0="47,48,54,60,63,72,78,83,96,103,104,108,109" /><INIT seed="0,1,1,3,4,46" ten="270,240,240,240" oya="0" hai0="44,38,20,19,125,99,69,29,27,56,111,103,91" hai1="39,76,18,73,21,53,40,116,75,123,92,54,83" hai2="98,34,1,78,117,112,129,80,119,134,61,32,97" hai3="3,65,131,71,2,110,41,87,68,107,95,43,6"/><T105/><D69/><U126/><E116/><N who="2" m="44619" /><F1/><W60/><G107/><T9/><D125/><U94/><E123/><V33/><F112/><W67/><G131/><T55/><D111/><U101/><E75/><N who="2" m="43103" /><F129/><W57/><G110/><T47/><D38/><U31/><E31/><V72/><F72/><W4/><G95/><T79/><D79/><U58/><E126/><V132/><F61/><W70/><G87/><T15/><REACH who="0" step="1"/><D91/><REACH who="0" ten="260,240,240,240" step="2"/><U50/><E39/><V127/><F127/><W52/><G2/><T8/><D8/><U25/><E101/><V51/><F51/><AGARI ba="1,2" hai="9,15,19,20,27,29,44,47,51,55,56,99,103,105" machi="51" ten="30,5800,0" yaku="1,1,7,1,52,1,53,0" doraHai="46" doraHaiUra="84" who="0" fromWho="2" sc="260,81,240,0,240,-61,240,0" /><INIT seed="0,2,0,5,3,15" ten="341,240,179,240" oya="0" hai0="27,93,23,31,126,103,80,104,87,39,58,56,52" hai1="47,53,2,66,130,26,34,22,96,90,116,131,89" hai2="7,75,110,16,64,13,119,18,123,118,59,69,101" hai3="5,68,88,51,84,95,19,63,54,115,29,113,10"/><T35/><D126/><U6/><E116/><N who="2" m="44587" /><F75/><W24/><G68/><T127/><D127/><U76/><E34/><V70/><F123/><W11/><G63/><T65/><D39/><U120/><E120/><V77/><F110/><W92/><G92/><T57/><D104/><U105/><E76/><V9/><F101/><W107/><G107/><T42/><D65/><U134/><E134/><V0/><F77/><W43/><G43/><T79/><D42/><U97/><E66/><V121/><F121/><W12/><G11/><T50/><REACH who="0" step="1"/><D35/><REACH who="0" ten="331,240,179,240" step="2"/><U74/><E105/><V25/><F64/><W46/><REACH who="3" step="1"/><G5/><REACH who="3" ten="331,240,179,230" step="2"/><T41/><D41/><U100/><E6/><V128/><F69/><W67/><G67/><T20/><D20/><AGARI ba="2,2" hai="10,12,19,20,24,29,46,51,54,84,88,95,113,115" machi="20" ten="30,7700,0" yaku="1,1,7,1,52,1,54,1,53,0" doraHai="15" doraHaiUra="133" who="3" fromWho="0" sc="331,-83,240,0,179,0,230,103" /><INIT seed="1,0,0,5,4,51" ten="248,240,179,333" oya="1" hai0="63,79,52,95,81,99,119,16,26,48,38,19,28" hai1="77,126,29,120,60,85,108,4,73,17,11,14,45" hai2="84,3,7,61,91,57,65,88,66,20,24,39,128" hai3="103,117,101,97,64,76,130,98,105,94,71,127,118"/><U21/><E120/><V114/><F128/><W2/><G2/><T56/><D38/><U112/><E112/><V23/><F39/><W93/><G71/><T42/><D119/><N who="3" m="45577" /><G64/><T72/><D42/><U44/><E126/><V116/><F116/><W34/><G34/><T9/><D9/><U50/><E73/><V109/><F109/><W62/><G62/><T35/><REACH who="0" step="1"/><D48/><REACH who="0" ten="238,240,179,333" step="2"/><U135/><E108/><V67/><F114/><W10/><G130/><T110/><D110/><U80/><E135/><V37/><F37/><W100/><G127/><T36/><D36/><U27/><E60/><V106/><F106/><N who="3" m="63759" /><G10/><T41/><D41/><N who="1" m="24847" /><E45/><V49/><F49/><W59/><G105/><T5/><D5/><AGARI ba="0,1" hai="4,5,11,14,17,21,27,29,77,80,85" m="24847" machi="5" ten="30,1500,0" yaku="8,1" doraHai="51" who="1" fromWho="0" sc="238,-15,240,25,179,0,333,0" /><INIT seed="1,1,0,1,5,121" ten="223,265,179,333" oya="1" hai0="16,74,8,23,13,81,133,32,42,36,69,58,10" hai1="123,63,93,84,21,20,45,131,51,79,85,44,112" hai2="118,94,135,1,55,88,83,2,75,122,60,52,38" hai3="72,76,108,132,54,95,89,111,35,3,5,77,87"/><U25/><E112/><V106/><F106/><W115/><G35/><T107/><D69/><U130/><E123/><V39/><F122/><W100/><G115/><T9/><D133/><U22/><E63/><V129/><F118/><W48/><G132/><T61/><D107/><U7/><E7/><V14/><F135/><W117/><G117/><T33/><D36/><N who="2" m="13866" /><F14/><W98/><G3/><N who="2" m="1033" /><F83/><N who="3" m="45447" /><G5/><T11/><N who="0" m="2048" /><DORA hai="86" /><T19/><D19/><U97/><E25/><V128/><F60/><W27/><G27/><T99/><D99/><U113/><E113/><V59/><F59/><W56/><G77/><T114/><D114/><U91/><E45/><V12/><F12/><W73/><G73/><T67/><D42/><U50/><E51/><V43/><F43/><W6/><G6/><T53/><D67/><U49/><E50/><V26/><F26/><W110/><G87/><T92/><D92/><U124/><E84/><N who="2" m="52487" /><F75/><W64/><G64/><T41/><D41/><N who="1" m="24719" /><E79/><V17/><F17/><W116/><G116/><T70/><D70/><U31/><E85/><V62/><F62/><W37/><G37/><T71/><D71/><U40/><E40/><V28/><F28/><W120/><G120/><T80/><D74/><U15/><E31/><V109/><F109/><W90/><AGARI ba="1,0" hai="48,54,56,89,90,95,98,100,108,110,111" m="45447" machi="90" ten="40,12000,2" yaku="14,1,52,5" doraHai="121,86" who="3" fromWho="3" sc="223,-31,265,-61,179,-31,333,123" /><INIT seed="2,0,0,4,2,32" ten="192,204,148,456" oya="2" hai0="54,72,61,108,85,107,31,9,51,30,90,86,95" hai1="88,1,52,97,119,50,127,42,2,15,101,76,104" hai2="56,12,3,5,0,120,7,62,121,47,87,98,128" hai3="122,112,64,93,57,78,69,22,28,99,115,89,36"/><V45/><F128/><W17/><G122/><T68/><D72/><U92/><E119/><V79/><F98/><W116/><G36/><T74/><D74/><U83/><E42/><V103/><F103/><W24/><G69/><T33/><D107/><U123/><E127/><V46/><F79/><W55/><G78/><T113/><D113/><N who="3" m="43593" /><G64/><T43/><D33/><U124/><E124/><V29/><F29/><W81/><G81/><T53/><D108/><U27/><E27/><V66/><F87/><W71/><G71/><T20/><D9/><U134/><E134/><V102/><F102/><W37/><G37/><T77/><D43/><U130/><E130/><V10/><REACH who="2" step="1"/><F7/><REACH who="2" ten="192,204,138,456" step="2"/><W40/><G28/><T65/><D31/><U91/><E123/><AGARI ba="0,1" hai="0,3,5,10,12,45,46,47,56,62,66,120,121,123" machi="123" ten="40,12000,1" yaku="1,1,2,1,52,2,53,0" doraHai="32" doraHaiUra="135" who="2" fromWho="1" sc="192,0,204,-120,138,130,456,0" /><INIT seed="2,1,0,0,3,63" ten="192,84,268,456" oya="2" hai0="77,76,62,128,53,25,104,20,71,51,40,0,52" hai1="132,33,129,5,55,16,68,8,119,82,74,117,17" hai2="11,79,84,81,15,112,57,2,9,116,67,106,54" hai3="6,38,126,28,23,90,102,66,27,135,113,127,98"/><V85/><F116/><W14/><G113/><T13/><D0/><U103/><E33/><V49/><F112/><W89/><G38/><T56/><D104/><U125/><E68/><V114/><F114/><W134/><G66/><T72/><D72/><U26/><E103/><V120/><F120/><W30/><G30/><T4/><D40/><U59/><E125/><N who="3" m="47626" /><G14/><T130/><D71/><U131/><E82/><V1/><F106/><N who="3" m="63831" /><G6/><T115/><D115/><U101/><E101/><V94/><F67/><W18/><G18/><N who="1" m="7274" /><E55/><V88/><REACH who="2" step="1"/><F11/><REACH who="2" ten="192,84,258,456" step="2"/><W86/><G90/><T87/><D130/><N who="1" m="49675" /><E74/><V45/><F45/><W123/><G123/><T12/><D128/><U78/><E59/><V96/><F96/><W75/><G75/><T65/><D56/><U118/><E78/><V32/><F32/><W50/><G134/><T109/><D65/><U124/><E124/><V47/><F47/><W37/><G135/><T48/><D77/><U97/><E97/><V42/><F42/><W43/><G89/><T61/><D76/><U99/><E99/><V34/><F34/><W105/><G86/><T3/><D53/><U35/><E132/><V10/><F10/><W122/><G105/><T22/><D52/><U21/><E35/><V29/><F29/><W100/><G122/><T92/><D87/><U111/><E111/><V46/><F46/><N who="3" m="23919" /><G100/><T93/><D109/><U95/><E119/><V64/><F64/><W121/><G121/><T58/><D58/><U44/><E44/><V108/><F108/><W39/><G39/><T69/><D69/><U80/><E118/><V110/><F110/><RYUUKYOKU ba="1,1" sc="192,-15,84,-15,258,15,456,15" hai2="1,2,9,15,49,54,57,79,81,84,85,88,94" hai3="23,27,28,50" /><INIT seed="2,2,1,2,3,1" ten="177,69,273,471" oya="2" hai0="99,11,49,27,70,63,5,47,21,135,127,87,29" hai1="78,64,30,62,41,25,128,91,20,37,56,57,68" hai2="119,118,58,32,89,3,34,110,45,76,15,51,101" hai3="55,103,116,111,44,9,31,52,74,115,86,121,65"/><V28/><F3/><W4/><G74/><T48/><D135/><U122/><E128/><V125/><F125/><W77/><G116/><T133/><D133/><U132/><E132/><V75/><F101/><W104/><G121/><T13/><D127/><U93/><E122/><V26/><F34/><W100/><G65/><T84/><D70/><U129/><E129/><V106/><F106/><W126/><G31/><T88/><D63/><U61/><E78/><V81/><F110/><W79/><G111/><T85/><D47/><U2/><E2/><V96/><F96/><W102/><G104/><T67/><D67/><U10/><E10/><V42/><F89/><W36/><G36/><T35/><D35/><U18/><E30/><V60/><REACH who="2" step="1"/><F15/><REACH who="2" ten="177,69,263,471" step="2"/><N who="3" m="5543" /><G126/><T17/><D99/><U82/><E82/><V8/><F8/><W120/><G120/><T105/><D105/><U130/><E130/><V19/><F19/><W33/><G33/><T16/><D88/><U108/><E108/><V95/><F95/><W69/><G115/><T66/><D17/><U117/><E117/><V97/><F97/><W43/><G103/><T123/><D123/><U80/><E80/><V92/><F92/><W114/><G114/><T46/><D16/><U50/><E93/><V73/><F73/><W134/><G102/><T109/><D109/><U14/><E91/><V131/><F131/><W98/><G134/><T71/><D13/><U0/><E14/><V38/><F38/><W7/><G100/><T24/><D11/><U54/><E0/><V124/><F124/><W39/><G39/><T53/><D29/><RYUUKYOKU ba="2,2" sc="177,-10,69,-10,263,30,471,-10" hai2="26,28,32,42,45,51,58,60,75,76,81,118,119" /><INIT seed="2,3,2,4,2,109" ten="167,59,293,461" oya="2" hai0="23,45,55,67,104,108,65,12,29,9,30,8,84" hai1="39,117,130,19,10,89,112,77,46,31,15,72,61" hai2="64,58,18,71,7,38,85,81,118,98,69,125,102" hai3="62,2,92,86,51,57,16,24,106,53,95,59,1"/><V37/><F118/><W126/><G106/><T93/><D104/><U66/><E117/><V87/><F125/><W3/><G126/><T129/><D108/><U128/><E31/><V78/><F7/><W54/><G86/><T5/><D129/><N who="1" m="49771" /><E77/><V50/><F85/><W100/><G100/><T28/><D23/><U35/><E35/><V113/><F113/><W127/><G127/><T75/><D75/><U47/><E72/><V82/><F82/><W135/><G135/><T33/><D33/><U99/><E39/><V110/><F110/><W43/><G43/><T36/><D9/><U25/><E25/><V80/><F80/><W44/><G44/><T124/><D124/><U21/><E10/><V49/><F18/><W73/><G73/><T22/><D22/><U114/><E89/><V4/><F4/><W0/><G0/><T96/><D84/><U90/><E90/><V56/><F37/><W40/><G40/><T105/><D105/><U26/><E99/><V101/><F38/><W27/><G27/><T13/><D13/><U83/><E26/><V20/><F20/><W60/><G51/><N who="0" m="29167" /><D36/><U17/><E17/><V119/><F119/><W41/><G41/><T115/><D115/><N who="1" m="44075" /><E83/><V42/><F98/><W122/><G16/><T103/><AGARI ba="3,2" hai="5,8,12,28,29,30,65,67,93,96,103" m="29167" machi="103" ten="30,1100,0" yaku="8,1" doraHai="109" who="0" fromWho="0" sc="167,40,59,-6,293,-8,461,-6" /><INIT seed="3,0,0,3,5,126" ten="207,53,285,455" oya="3" hai0="19,107,46,44,132,97,73,40,48,117,4,43,61" hai1="78,96,106,72,121,120,89,84,125,11,56,15,82" hai2="57,49,86,35,111,1,9,23,115,24,45,36,103" hai3="133,59,110,52,41,88,91,18,54,21,22,130,68"/><W20/><G68/><T119/><D73/><U69/><E56/><V42/><F35/><W94/><G130/><T62/><D4/><U7/><E69/><V71/><F71/><W3/><G3/><T99/><D19/><U64/><E64/><V66/><F115/><W2/><G2/><T129/><D107/><U55/><E55/><V116/><F116/><W87/><G133/><T122/><D132/><U124/><E15/><V109/><F103/><W17/><G41/><T105/><D105/><U6/><E11/><V93/><F93/><W102/><G102/><T74/><D74/><U29/><E29/><V50/><F86/><N who="3" m="52503" /><G110/><T127/><D127/><N who="1" m="48715" /><E7/><N who="2" m="1263" /><F57/><W53/><G59/><T39/><D48/><U81/><E6/><V47/><F66/><W100/><G100/><T118/><D39/><U90/><E121/><V14/><F47/><W28/><G28/><T77/><D119/><U13/><E120/><V58/><F58/><W37/><G37/><T114/><D122/><U32/><E32/><V5/><F36/><W131/><G54/><T108/><D118/><U26/><E106/><V76/><F45/><W8/><G53/><T113/><D117/><U101/><E101/><V12/><F42/><W85/><G52/><T135/><D43/><U112/><E112/><V75/><F14/><W33/><G33/><T31/><D40/><U80/><E13/><V128/><F12/><W70/><G70/><T79/><D31/><U134/><E134/><V16/><F5/><W51/><G51/><T83/><D135/><U92/><E26/><V27/><F24/><W63/><G63/><RYUUKYOKU ba="0,0" sc="207,-10,53,30,285,-10,455,-10" hai1="72,78,80,81,82,84,89,90,92,96" owari="197,-20.3,83,-41.7,275,7.5,445,54.5" /></mjloggm>