<mjloggm ver="2.3"><GO type="225" lobby="0"/><UN n0="%E5%87%A1%E5%BA%B8" n1="%E4%BF%BA%E3%81%A8%E5%A6%96%E5%A4%A2" n2="%E3%82%A2%E3%82%A4%E3%82%B9%E3%83%86%E3%82%A3%E3%83%BC%E3%81%82%E3%81%B9" n3="%72%69%6F%75%63%68%61%6E" dan="17,17,16,16" rate="2165.02,2236.17,2114.67,2137.55" sx="M,F,M,M"/><TAIKYOKU oya="0"/><INIT seed="0,0,0,2,1,98" ten="250,250,250,250" oya="0" hai0="34,33,90,23,38,4,112,122,134,31,36,131,16" hai1="0,84,76,63,61,18,2,42,1,12,94,128,87" hai2="25,64,71,78,60,80,83,46,32,108,10,110,133" hai3="75,95,14,130,119,72,85,113,92,15,49,105,118"/><T44/><D112/><U114/><E114/><V30/><F133/><W132/><G113/><T52/><D122/><U53/><E128/><V106/><F106/><W28/><G28/><T41/><D134/><U11/><E42/><V91/><F91/><W58/><G132/><T86/><D38/><U20/><E76/><V24/><F25/><W21/><G105/><T69/><D69/><U48/><E11/><V66/><F64/><W99/><G130/><T57/><D4/><U62/><REACH who="1" step="1"/><E94/><REACH who="1" ten="250,240,250,250" step="2"/><V40/><F10/><W19/><G92/><T116/><D131/><U17/><E17/><V73/><REACH who="2" step="1"/><F83/><REACH who="2" ten="250,240,240,250" step="2"/><W97/><G119/><T77/><D116/><U82/><E82/><V8/><F8/><W107/><G118/><T81/><D77/><U7/><E7/><V117/><F117/><W13/><G107/><T126/><D81/><U9/><E9/><V101/><F101/><W6/><G6/><T127/><D90/><U35/><E35/><V109/><F109/><W68/><G95/><T3/><D34/><U102/><E102/><V115/><F115/><W29/><G19/><T88/><D16/><U56/><AGARI ba="0,2" hai="0,1,2,12,18,20,48,53,56,61,62,63,84,87" machi="56" ten="40,2700,0" yaku="1,1,0,1,53,0" doraHai="98" doraHaiUra="43" who="1" fromWho="1" sc="250,-13,240,47,240,-7,250,-7" /><INIT seed="1,0,0,4,0,19" ten="237,287,233,243" oya="1" hai0="91,10,30,32,36,22,125,86,109,68,116,40,103" hai1="23,51,93,31,42,20,85,95,99,133,130,102,66" hai2="17,123,24,21,129,108,114,110,120,75,48,44,46" hai3="55,27,52,80,88,13,50,134,35,101,94,90,60"/><U72/><E72/><V8/><F75/><W25/><G134/><T115/><D116/><U131/><E133/><V12/><F129/><N who="1" m="49161" /><E66/><V34/><F114/><W83/><G35/><T47/><D115/><U117/><E117/><V53/><F34/><W45/><G101/><T63/><D109/><N who="2" m="42090" /><F46/><W59/><G13/><T92/><D125/><U39/><E39/><V26/><F26/><N who="3" m="9739" /><G90/><T79/><D32/><U87/><E31/><AGARI ba="0,0" hai="8,12,17,21,24,31,44,48,53,120,123" m="42090" machi="31" ten="30,2000,0" yaku="14,1,52,1" doraHai="19" who="2" fromWho="1" sc="237,0,287,-20,233,20,243,0" /><INIT seed="2,0,0,0,2,104" ten="237,267,253,243" oya="2" hai0="100,86,41,30,26,38,75,28,126,113,132,71,67" hai1="37,39,98,31,99,78,122,14,36,63,9,133,101" hai2="18,0,47,95,8,23,15,12,131,27,21,83,125" hai3="68,135,84,110,119,127,20,43,35,109,53,24,118"/><V116/><F116/><W45/><G35/><T25/><D113/><U22/><E133/><V7/><F125/><W16/><G127/><T130/><D126/><U42/><E122/><V4/><F131/><W73/><G135/><T59/><D132/><U19/><E42/><V2/><F83/><W74/><G68/><T103/><D71/><U5/><E78/><V107/><F47/><W76/><G53/><T61/><D75/><N who="3" m="28681" /><G84/><T65/><D130/><U50/><E50/><V111/><F107/><W97/><G97/><T11/><D67/><U108/><E108/><N who="3" m="41578" /><G76/><T17/><D41/><U124/><E124/><V114/><F111/><W80/><G80/><T52/><D52/><U60/><E99/><V88/><F114/><W13/><G24/><T62/><D26/><U82/><E82/><V123/><F123/><W89/><G89/><T79/><D25/><U115/><E115/><V87/><REACH who="2" step="1"/><F7/><REACH who="2" ten="237,267,243,243" step="2"/><W34/><G34/><T112/><D112/><U134/><E134/><V102/><F102/><W55/><G55/><T92/><D103/><U128/><E128/><V66/><F66/><W91/><G91/><T48/><D100/><U106/><E101/><V40/><F40/><W46/><G46/><T51/><D65/><U49/><E106/><V44/><F44/><W54/><G54/><T96/><D79/><U29/><E5/><V70/><F70/><W117/><G118/><T105/><D105/><U81/><E81/><V33/><F33/><W90/><G90/><T56/><D92/><U72/><E72/><V120/><F120/><W58/><G58/><T93/><D59/><RYUUKYOKU ba="0,1" sc="237,-15,267,-15,243,15,243,15" hai2="0,2,4,8,12,15,18,21,23,27,87,88,95" hai3="13,16,20,43,45,117,119" /><INIT seed="2,1,1,1,1,16" ten="222,252,258,258" oya="2" hai0="96,40,86,100,131,8,99,80,0,101,72,25,21" hai1="26,102,54,67,120,133,119,13,4,11,116,112,71" hai2="53,28,46,32,64,3,59,113,22,73,117,106,128" hai3="103,48,6,82,5,38,47,89,77,1,61,66,68"/><V114/><F117/><W98/><G89/><T60/><D72/><U124/><E112/><V18/><F3/><W84/><G38/><T12/><D0/><U122/><E102/><N who="0" m="39529" /><D131/><U125/><E54/><V36/><F106/><W30/><G30/><N who="0" m="17711" /><D60/><N who="1" m="40423" /><E26/><V74/><F64/><W75/><G75/><T110/><D40/><U130/><E133/><V42/><F74/><W31/><G31/><T65/><D110/><U107/><E107/><V127/><F73/><W9/><G5/><N who="0" m="3087" /><D65/><U17/><E4/><V94/><F128/><W105/><G48/><T108/><D108/><U37/><E37/><V135/><F135/><W134/><G134/><T83/><D83/><U90/><E130/><V79/><F32/><W24/><G24/><T45/><D45/><U43/><E43/><V78/><F46/><W129/><G47/><T44/><D44/><U111/><E111/><V19/><F42/><W109/><G129/><T87/><D87/><U10/><E10/><V97/><F36/><W29/><G29/><T34/><D34/><U118/><E90/><AGARI ba="1,1" hai="80,86,90,96,99" m="3087,17711,39529" machi="90" ten="30,2000,0" yaku="8,1,52,1" doraHai="16" who="0" fromWho="1" sc="222,33,252,-23,258,0,258,0" /><INIT seed="3,0,0,2,0,48" ten="255,229,258,258" oya="3" hai0="42,22,129,95,73,23,29,102,124,43,84,100,119" hai1="59,8,90,103,0,74,111,18,66,83,14,91,16" hai2="37,15,46,34,45,38,28,82,12,118,51,88,32" hai3="86,109,47,126,5,54,61,81,55,2,132,114,1"/><W99/><G114/><T104/><D73/><U27/><E0/><V7/><F118/><W80/><G5/><T39/><D119/><U30/><E111/><V89/><F7/><W11/><G11/><T13/><D129/><U75/><E103/><V87/><F28/><W130/><G80/><T78/><D104/><U4/><E74/><V41/><F89/><N who="1" m="33801" /><E75/><V21/><F38/><W133/><G130/><T120/><D124/><U19/><E83/><V25/><F34/><W106/><G126/><T127/><D120/><U67/><E59/><V131/><F32/><W135/><G109/><T112/><D112/><U128/><E128/><V125/><F125/><W105/><G99/><T56/><D56/><U116/><E116/><V3/><F3/><N who="3" m="1035" /><G47/><T65/><D102/><U50/><E50/><V9/><F9/><W63/><G105/><T115/><D100/><U77/><E77/><V123/><F123/><W70/><G106/><T76/><D115/><U134/><E134/><V20/><F131/><W117/><G117/><T72/><D78/><U24/><E30/><V92/><F82/><W33/><G33/><T68/><D29/><U101/><E101/><V53/><REACH who="2" step="1"/><F25/><AGARI ba="0,0" hai="4,8,14,16,18,19,24,25,27,66,67" m="33801" machi="25" ten="30,2000,0" yaku="8,1,54,1" doraHai="48" who="1" fromWho="2" sc="255,0,229,20,258,-20,258,0" /><INIT seed="4,0,0,4,1,4" ten="255,249,238,258" oya="0" hai0="43,41,94,7,61,42,100,47,24,50,62,23,84" hai1="95,37,72,81,109,53,34,36,30,44,9,86,83" hai2="106,75,32,82,40,116,80,15,124,11,10,66,65" hai3="76,112,105,97,113,89,92,122,54,111,46,115,71"/><T110/><D110/><U16/><E109/><V51/><F106/><W52/><G111/><T63/><D7/><U130/><E95/><V134/><F32/><W131/><G131/><T114/><D114/><U57/><E130/><V31/><F31/><W98/><G122/><T69/><D69/><U13/><E72/><V2/><F2/><W121/><G121/><T120/><D120/><U38/><E44/><N who="2" m="25991" /><F75/><W21/><G71/><T49/><D49/><U77/><E83/><N who="2" m="31787" /><F124/><W93/><G76/><T55/><D84/><U132/><E132/><V56/><F134/><W28/><G105/><T19/><REACH who="0" step="1"/><D42/><REACH who="0" ten="245,249,238,258" step="2"/><U78/><E36/><V33/><F116/><W6/><G6/><T0/><D0/><U1/><E37/><V68/><F68/><W64/><G115/><T17/><D17/><U85/><E38/><V3/><F3/><W88/><G113/><T39/><D39/><U99/><E1/><V18/><F33/><W90/><G112/><T27/><D27/><U103/><E85/><V59/><F11/><W101/><G28/><T104/><D104/><N who="1" m="63615" /><E86/><V123/><F123/><W107/><G107/><T102/><D102/><U118/><E118/><V79/><F79/><W29/><G101/><T5/><D5/><U58/><E77/><V26/><F26/><N who="3" m="16591" /><G90/><T74/><D74/><N who="1" m="43223" /><E30/><V22/><F22/><W91/><G89/><T87/><D87/><U60/><E34/><V117/><F117/><W126/><G126/><T127/><D127/><U12/><E12/><V45/><F45/><W70/><G46/><T14/><D14/><U67/><E13/><V8/><F8/><RYUUKYOKU ba="0,1" sc="245,10,249,-30,238,10,258,10" hai0="19,23,24,41,43,47,50,55,61,62,63,94,100" hai2="10,15,18,56,59,65,66" hai3="52,54,64,70,88,91,92,93,97,98" /><INIT seed="4,1,1,2,3,41" ten="255,219,248,268" oya="0" hai0="55,84,27,130,63,107,17,100,115,109,73,57,61" hai1="15,77,86,11,60,92,128,3,56,23,12,108,7" hai2="6,30,45,34,32,113,46,53,105,49,94,14,85" hai3="80,127,33,16,106,28,5,19,134,51,135,38,89"/><T42/><D73/><U121/><E121/><V90/><F105/><W126/><G38/><T104/><D115/><U4/><E108/><V97/><F113/><W129/><G106/><T50/><D130/><U37/><E37/><V40/><F30/><W59/><G129/><T47/><D109/><U9/><E128/><V71/><F71/><W78/><G5/><T52/><D100/><U58/><E3/><V79/><F79/><W81/><G89/><T83/><D17/><N who="3" m="6729" /><G51/><T123/><D27/><U120/><E120/><V110/><F110/><W98/><G59/><T44/><D123/><U64/><E23/><V1/><F1/><W36/><G98/><T88/><D63/><U8/><E8/><V24/><F97/><W125/><G36/><AGARI ba="1,1" hai="36,42,44,47,50,52,55,57,61,83,84,88,104,107" machi="36" ten="30,12000,1" yaku="7,1,52,2,54,2" doraHai="41" who="0" fromWho="3" sc="255,133,219,0,248,0,268,-123" owari="388,48.8,219,-18.1,248,4.8,145,-35.5" /></mjloggm>