<mjloggm ver="2.3"><GO type="225" lobby="0"/><UN n0="%E5%A0%80%E5%B7%9D%E9%9B%B7%E9%BC%93" n1="%30%2E%31%32%30" n2="%6D%75%75%6D%75%72%61" n3="%E3%81%A1%E3%82%85%E3%81%86%E3%81%A9%E3%81%8F%E8%B1%A1%E3%81%95%E3%82%93" dan="16,16,17,17" rate="2093.46,2079.31,2182.96,2157.31" sx="F,M,F,M"/><TAIKYOKU oya="0"/><INIT seed="0,0,0,0,0,134" ten="250,250,250,250" oya="0" hai0="111,124,72,121,5,84,27,41,130,61,64,35,4" hai1="92,13,129,62,87,132,33,106,52,40,29,18,77" hai2="110,123,79,90,31,131,78,32,114,74,67,88,101" hai3="128,69,28,44,85,0,135,12,26,122,50,1,22"/><T24/><D72/><U39/><E106/><V86/><F32/><W105/><G105/><T102/><D121/><U10/><E132/><V45/><F31/><W80/><G135/><T109/><D130/><U49/><E129/><V97/><F67/><W118/><G128/><T98/><D41/><U99/><E62/><V48/><F131/><W16/><G118/><T125/><D84/><U120/><E120/><V21/><F123/><W15/><G69/><N who="0" m="42127" /><D4/><U59/><E39/><V82/><F114/><W63/><G63/><T115/><D5/><U71/><E71/><V133/><F110/><N who="0" m="41994" /><D115/><U57/><E40/><V95/><F133/><W46/><G122/><T34/><D24/><U54/><E54/><N who="2" m="29967" /><F74/><W117/><G117/><T17/><D17/><U103/><E59/><V8/><F79/><W112/><G112/><T38/><D38/><U9/><E9/><V6/><F8/><W81/><G46/><T37/><D37/><U53/><E53/><V14/><F6/><W23/><G15/><T119/><D119/><U70/><E70/><V127/><F127/><N who="0" m="48714" /><D27/><U30/><E33/><V107/><F14/><W55/><REACH who="3" step="1"/><G81/><AGARI ba="0,0" hai="10,13,18,29,30,49,52,57,77,81,87,92,99,103" machi="81" ten="40,2600,0" yaku="8,1,54,1" doraHai="134" who="1" fromWho="3" sc="250,0,250,26,250,0,250,-26" /><INIT seed="1,0,0,1,1,2" ten="250,276,250,224" oya="1" hai0="18,110,96,133,43,24,8,12,108,84,65,62,34" hai1="83,126,82,97,74,85,92,77,135,32,51,33,60" hai2="4,101,118,10,35,14,37,93,103,53,125,38,134" hai3="48,87,30,21,15,119,31,54,58,3,105,50,113"/><U127/><E135/><V104/><F118/><W112/><G105/><T44/><D96/><U29/><E60/><V88/><F134/><W46/><G3/><T9/><D133/><U120/><E120/><V89/><F125/><N who="1" m="47625" /><E29/><V70/><F35/><W75/><G119/><T79/><D9/><U121/><E121/><V132/><F132/><W63/><G75/><T57/><D34/><U49/><E33/><V116/><F116/><W76/><G48/><T56/><D24/><U27/><E27/><V115/><F104/><W71/><G71/><T109/><D79/><N who="1" m="44407" /><E32/><V22/><F70/><W16/><G112/><T106/><D106/><U47/><E47/><V6/><F115/><W73/><G73/><T26/><D26/><U55/><E55/><V122/><F122/><W20/><G20/><T72/><D72/><U102/><AGARI ba="0,0" hai="49,51,77,83,85,92,97,102" m="44407,47625" machi="102" ten="30,1500,0" yaku="18,1" doraHai="2" who="1" fromWho="1" sc="250,-5,276,15,250,-5,224,-5" /><INIT seed="1,1,0,1,5,84" ten="245,291,245,219" oya="1" hai0="28,82,101,100,60,18,3,112,99,33,69,106,43" hai1="30,119,51,89,27,78,76,132,98,85,24,16,47" hai2="75,13,25,88,42,56,113,117,87,81,71,38,109" hai3="74,127,62,26,107,129,21,46,52,123,44,114,118"/><U70/><E70/><V39/><F71/><W53/><G114/><T93/><D112/><U133/><E119/><V73/><F113/><W80/><G123/><T57/><D3/><U48/><E98/><V22/><F117/><W77/><G118/><T94/><D69/><U6/><E6/><V96/><F109/><W36/><G107/><T0/><D0/><U63/><E63/><V90/><F13/><W19/><G129/><T54/><D100/><U1/><E1/><V37/><F42/><W12/><G127/><T86/><D43/><U72/><E72/><V9/><F9/><W34/><G36/><T8/><D33/><U58/><E58/><V61/><F96/><W45/><REACH who="3" step="1"/><G62/><REACH who="3" ten="245,291,245,209" step="2"/><T49/><D60/><U83/><E132/><V65/><REACH who="2" step="1"/><F90/><REACH who="2" ten="245,291,235,209" step="2"/><W55/><G55/><T115/><D115/><U116/><E89/><V32/><F32/><W95/><G95/><T125/><D125/><U10/><E116/><V135/><F135/><W124/><G124/><T2/><D94/><U108/><E133/><V66/><F66/><W29/><AGARI ba="1,2" hai="12,19,21,26,29,34,44,45,46,52,53,74,77,80" machi="29" ten="30,4000,0" yaku="1,1,0,1,54,1,53,0" doraHai="84" doraHaiUra="102" who="3" fromWho="3" sc="245,-11,291,-21,235,-11,209,63" /><INIT seed="2,0,0,2,5,52" ten="234,270,224,272" oya="2" hai0="42,15,133,88,111,36,110,108,28,26,109,82,40" hai1="112,113,20,38,126,67,39,89,33,54,120,99,18" hai2="78,116,47,75,43,123,50,35,1,84,115,103,105" hai3="86,32,87,60,49,71,25,21,5,14,101,63,8"/><V135/><F115/><W119/><G119/><T7/><N who="0" m="27648" /><DORA hai="72" /><T69/><D69/><U12/><E33/><V104/><F116/><W95/><G32/><N who="0" m="20503" /><D133/><U4/><E67/><V23/><F75/><W83/><G71/><T64/><D64/><U74/><E74/><V19/><F123/><W129/><G129/><T91/><D36/><U93/><E120/><V114/><F114/><W85/><G49/><T128/><D128/><U34/><E126/><V46/><F35/><W62/><G101/><T124/><D124/><U37/><E34/><V56/><F135/><W102/><G102/><T66/><D66/><U30/><E30/><V80/><F1/><W45/><G45/><T73/><D7/><U27/><E112/><V132/><F132/><W81/><G95/><T22/><D15/><U6/><E113/><V131/><F131/><W117/><G117/><T122/><D22/><U127/><E127/><V24/><F56/><W44/><G44/><T48/><D122/><U70/><E70/><V41/><REACH who="2" step="1"/><F103/><REACH who="2" ten="234,270,214,272" step="2"/><W11/><G63/><T96/><D73/><U57/><E12/><V79/><F79/><W58/><G62/><AGARI ba="0,1" hai="4,6,18,20,27,37,38,39,54,57,62,89,93,99" machi="62" ten="40,5200,0" yaku="25,2,52,1" doraHai="52,72" who="1" fromWho="3" sc="234,0,270,62,214,0,272,-52" /><INIT seed="3,0,0,0,1,40" ten="234,332,214,220" oya="3" hai0="12,46,18,44,98,24,78,39,31,60,9,107,15" hai1="47,73,118,27,54,63,79,100,75,38,81,108,22" hai2="49,19,10,88,3,102,114,106,43,121,25,82,30" hai3="50,105,41,116,93,21,128,6,65,37,115,97,92"/><W95/><G116/><T53/><D39/><U0/><E0/><V135/><F114/><W125/><G115/><T1/><D1/><U72/><E108/><V109/><F109/><W117/><G117/><T42/><D42/><U80/><E100/><V112/><F112/><W131/><G37/><T7/><D78/><U87/><E118/><V36/><F36/><W89/><G125/><T52/><D107/><U132/><E132/><V91/><F135/><W4/><G65/><T122/><D98/><U59/><E47/><N who="0" m="17961" /><D60/><U134/><E38/><V64/><F43/><W83/><G41/><T127/><D122/><U66/><E66/><V2/><F64/><W85/><G50/><T34/><D127/><U48/><E63/><V57/><F121/><W123/><G21/><T61/><D61/><U120/><E120/><V103/><F106/><W101/><REACH who="3" step="1"/><G123/><REACH who="3" ten="234,332,214,210" step="2"/><T23/><D34/><U76/><E134/><V71/><F49/><W119/><G119/><T133/><D133/><U62/><E48/><V104/><F57/><W77/><G77/><T99/><D53/><U26/><E22/><N who="2" m="15671" /><F71/><W55/><G55/><T126/><D126/><U45/><E45/><V33/><F33/><W86/><G86/><AGARI ba="0,1" hai="26,27,54,59,62,72,73,75,76,79,80,81,86,87" machi="86" ten="40,1300,0" yaku="9,1" doraHai="40" who="1" fromWho="3" sc="234,0,332,23,214,0,210,-13" owari="234,3.4,355,45.5,214,-18.6,197,-30.3" /></mjloggm>