<mjloggm ver="2.3"><GO type="225" lobby="0"/><UN n0="%E3%81%82%E3%81%99%E3%81%AB%E3%82%83%E3%82%80" n1="%6D%75%75%6D%75%72%61" n2="%E3%82%BC%E3%83%AB%E3%83%80%E3%81%AE%E4%BC%9D%E8%AA%AC" n3="%45%6C%79%73%69%75%6D" dan="16,16,16,17" rate="2044.06,2126.25,2118.16,2079.89" sx="F,F,M,F"/><TAIKYOKU oya="0"/><INIT seed="0,0,0,4,2,53" ten="250,250,250,250" oya="0" hai0="21,61,2,0,12,38,27,11,106,105,60,74,62" hai1="30,111,63,123,32,104,96,72,94,75,133,92,81" hai2="28,3,91,10,127,43,1,86,18,124,9,8,131" hai3="121,119,78,128,77,84,23,107,132,79,26,103,109"/><T66/><D38/><U129/><E123/><V73/><F73/><W82/><G119/><T39/><D39/><U19/><E111/><V20/><F43/><W59/><G121/><T80/><D66/><U118/><E118/><V31/><F86/><W40/><G109/><T4/><D0/><N who="2" m="74" /><F91/><W25/><G40/><T134/><D134/><U29/><E129/><V88/><F88/><W49/><G128/><T68/><D68/><U97/><E19/><V36/><F36/><W5/><G132/><T45/><D45/><U93/><E104/><V24/><F131/><W116/><G5/><T117/><D2/><U100/><E133/><V76/><F76/><W22/><G116/><T64/><D64/><U6/><E6/><V57/><F57/><W47/><G103/><T83/><D117/><U120/><E120/><V55/><F55/><W113/><G107/><T110/><D110/><U56/><E81/><V70/><F70/><W34/><G34/><T89/><D83/><U41/><E41/><V42/><F42/><W87/><G82/><T85/><REACH who="0" step="1"/><D74/><REACH who="0" ten="240,250,250,250" step="2"/><U126/><E75/><V67/><F67/><W114/><G47/><T108/><D108/><U71/><E72/><V101/><F101/><W102/><G102/><T35/><D35/><U115/><E71/><V16/><F18/><AGARI ba="0,1" hai="4,11,12,18,21,27,60,61,62,80,85,89,105,106" machi="18" ten="40,2000,0" yaku="1,1,53,0" doraHai="53" doraHaiUra="98" who="0" fromWho="2" sc="240,30,250,0,250,-20,250,0" /><INIT seed="0,1,0,2,1,58" ten="270,250,230,250" oya="0" hai0="127,21,69,71,24,30,75,8,37,31,44,2,14" hai1="132,77,40,42,106,102,107,90,104,28,25,88,35" hai2="34,120,54,23,43,47,7,36,92,115,84,134,72" hai3="22,6,126,41,9,76,95,125,39,32,99,100,119"/><T67/><D75/><U117/><E117/><V19/><F120/><W48/><G32/><T116/><D116/><U103/><E132/><V3/><F115/><W123/><G119/><T130/><D2/><U55/><E77/><V108/><F72/><W50/><G123/><T64/><D130/><U94/><E55/><V70/><F134/><W110/><G110/><T5/><D127/><N who="3" m="48649" /><G76/><T57/><D31/><U118/><E118/><V63/><F34/><W26/><G39/><T18/><D67/><U51/><E90/><V78/><F108/><W15/><G41/><T53/><D30/><AGARI ba="1,0" hai="6,9,15,22,26,30,48,50,95,99,100" m="48649" machi="30" ten="30,1000,0" yaku="18,1" doraHai="58" who="3" fromWho="0" sc="270,-13,250,0,230,0,250,13" /><INIT seed="1,0,0,4,0,4" ten="257,250,230,263" oya="1" hai0="1,119,2,82,17,49,85,74,102,72,21,38,15" hai1="34,22,61,69,58,66,23,106,20,59,9,134,122" hai2="8,80,55,44,108,132,131,54,37,5,83,76,36" hai3="40,33,25,96,77,86,104,130,97,62,121,26,24"/><U31/><E122/><V107/><F107/><W51/><G121/><T100/><D119/><U75/><E106/><V117/><F117/><W43/><G33/><T118/><D118/><U53/><E75/><V87/><F108/><W52/><G130/><T13/><D38/><U14/><E134/><V113/><F132/><W10/><G62/><T68/><D68/><U115/><E115/><V39/><F131/><W125/><G125/><T47/><D74/><U124/><E124/><V79/><F113/><W123/><G123/><T70/><D70/><U110/><E110/><V0/><REACH who="2" step="1"/><F44/><REACH who="2" ten="257,250,220,263" step="2"/><W111/><G111/><T101/><D72/><AGARI ba="0,1" hai="0,5,8,36,37,39,54,55,72,76,79,80,83,87" machi="72" ten="40,5200,0" yaku="1,1,2,1,52,1,53,0" doraHai="4" doraHaiUra="120" who="2" fromWho="0" sc="257,-52,250,0,220,62,263,0" /><INIT seed="2,0,0,0,4,124" ten="205,250,282,263" oya="2" hai0="39,66,92,101,100,113,68,71,132,89,58,121,106" hai1="119,77,79,104,122,57,115,47,81,128,134,130,75" hai2="123,95,90,91,26,28,127,55,44,63,11,50,34" hai3="87,9,133,24,70,42,35,105,23,126,82,33,102"/><V62/><F123/><W64/><G126/><T1/><D121/><U14/><E122/><V13/><F127/><W2/><G133/><T107/><D132/><U38/><E134/><V3/><F3/><W111/><G111/><T5/><D39/><U108/><E108/><V99/><REACH who="2" step="1"/><F90/><REACH who="2" ten="205,250,272,263" step="2"/><W85/><G2/><T17/><D1/><U83/><E128/><V94/><F94/><W31/><G105/><T131/><D131/><U60/><E130/><V88/><F88/><W59/><G102/><T19/><D89/><U76/><E104/><V0/><F0/><W36/><G70/><T56/><D92/><U129/><E129/><V69/><F69/><W41/><G82/><T114/><REACH who="0" step="1"/><D5/><AGARI ba="0,1" hai="5,11,13,26,28,34,44,50,55,62,63,91,95,99" machi="5" ten="30,2900,0" yaku="1,1,7,1,53,0" doraHai="124" doraHaiUra="18" who="2" fromWho="0" sc="205,-29,250,0,272,39,263,0" /><INIT seed="2,1,0,0,1,111" ten="176,250,311,263" oya="2" hai0="2,24,127,98,46,100,70,29,3,54,22,23,18" hai1="94,60,34,37,38,131,85,35,82,20,129,133,21" hai2="108,57,49,9,19,120,96,41,33,63,4,7,45" hai3="62,26,104,130,79,95,53,124,56,84,102,71,67"/><V99/><F120/><W69/><G130/><N who="1" m="49674" /><E94/><V115/><F115/><W51/><G124/><T27/><D127/><U88/><E60/><V119/><F33/><N who="1" m="12297" /><E133/><V101/><F119/><W25/><G104/><T1/><D70/><U116/><E116/><V112/><F112/><W68/><G79/><T40/><D54/><U52/><E52/><N who="2" m="34215" /><F108/><W39/><G39/><AGARI ba="1,0" hai="20,21,37,38,39,82,85,88" m="12297,49674" machi="39" ten="40,2600,0" yaku="19,1,54,1" doraHai="111" who="1" fromWho="3" sc="176,0,250,29,311,0,263,-29" /><INIT seed="3,0,0,1,4,20" ten="176,279,311,234" oya="3" hai0="40,25,75,30,111,50,114,39,81,90,99,96,102" hai1="26,12,28,106,60,130,120,15,133,69,84,57,35" hai2="68,37,17,41,129,16,65,131,113,121,104,52,89" hai3="105,82,80,117,14,86,128,34,95,126,135,125,107"/><W101/><G34/><T132/><D111/><U23/><E120/><V47/><F113/><W119/><G14/><T44/><D114/><U67/><E106/><N who="3" m="40458" /><G135/><T54/><D132/><U27/><E130/><N who="2" m="49675" /><F121/><W56/><G56/><T92/><D102/><U70/><E133/><V59/><F104/><W64/><G64/><T5/><D5/><U79/><E79/><V24/><F89/><N who="3" m="53687" /><G101/><T22/><D75/><U98/><E84/><V31/><F65/><W3/><G3/><T116/><D81/><N who="3" m="31337" /><G128/><T93/><D116/><AGARI ba="0,0" hai="116,117,119,125,126" m="31337,53687,40458" machi="116" ten="40,3900,0" yaku="34,2" doraHai="20" who="3" fromWho="0" sc="176,-39,279,0,311,0,234,39" /><INIT seed="3,1,0,3,2,1" ten="137,279,311,273" oya="3" hai0="17,78,62,119,87,134,116,108,79,42,103,29,25" hai1="37,65,123,97,110,39,8,95,19,99,22,66,48" hai2="9,56,5,102,109,106,36,12,51,91,96,82,132" hai3="111,47,13,89,20,16,120,115,93,57,31,121,69"/><W100/><G69/><T85/><D108/><U133/><E123/><V75/><F36/><W50/><G115/><T38/><D134/><U84/><E110/><V14/><F109/><W63/><G111/><T71/><D116/><U125/><E133/><V64/><F132/><W113/><G100/><T128/><D119/><U61/><E125/><V72/><F14/><W18/><G31/><T117/><D117/><U68/><E66/><V10/><F10/><W35/><G35/><T67/><D128/><U94/><E84/><V122/><F122/><W52/><G18/><T30/><D30/><U55/><E8/><V124/><F124/><W98/><G113/><T28/><D28/><U32/><E32/><V70/><F70/><W107/><G107/><T60/><D60/><U58/><E95/><V81/><F91/><W33/><G33/><T131/><D131/><U129/><E97/><V90/><F90/><W101/><G89/><T80/><D17/><U114/><E129/><V59/><F51/><W74/><G74/><T112/><D112/><U49/><E48/><V6/><F6/><W24/><G13/><T53/><D103/><U0/><E0/><V34/><F34/><W46/><G46/><N who="0" m="23895" /><D53/><AGARI ba="1,0" hai="16,20,24,47,50,52,53,57,63,93,98,101,120,121" machi="53" ten="30,5800,0" yaku="7,1,54,2" doraHai="1" who="3" fromWho="0" sc="137,-61,279,0,311,0,273,61" owari="76,-42.4,279,-12.1,311,11.1,334,43.4" /></mjloggm>