<mjloggm ver="2.3"><GO type="225" lobby="0"/><UN n0="%70%68%65%6E%6F%6D%65" n1="%E3%81%A1%E3%82%85%E3%81%86%E3%81%A9%E3%81%8F%E8%B1%A1%E3%81%95%E3%82%93" n2="%E2%91%A3%E9%81%BF%E9%81%8A%E6%88%AF%E3%80%90%E6%9D%B1%E5%8D%97%E3%80%91" n3="%E7%89%B9%E6%9D%B1%E3%81%AF%E4%B8%96%E7%95%8C%E3%82%92%E6%95%91%E3%81%86" dan="16,16,16,16" rate="2158.92,2145.23,2132.10,2159.38" sx="M,M,M,M"/><TAIKYOKU oya="0"/><INIT seed="0,0,0,2,1,14" ten="250,250,250,250" oya="0" hai0="44,45,92,135,37,96,1,104,108,93,0,57,7" hai1="106,39,87,19,59,22,85,127,40,6,78,88,103" hai2="126,50,13,23,18,109,118,117,36,133,46,51,122" hai3="120,67,132,80,98,54,3,15,134,70,29,62,75"/><T82/><D104/><U20/><E127/><V31/><F126/><W64/><G3/><T111/><D135/><U79/><E6/><V27/><F133/><N who="3" m="51307" /><G120/><T69/><D69/><U12/><E39/><V112/><F122/><W89/><G29/><T110/><D37/><U113/><E40/><N who="2" m="22791" /><F112/><W34/><G34/><T16/><D82/><U56/><E113/><V123/><F123/><W52/><G64/><T5/><D57/><N who="1" m="22091" /><E103/><V17/><F109/><W32/><G32/><T73/><D73/><U71/><E106/><V105/><F105/><W102/><G15/><T115/><D115/><U38/><E38/><V25/><F25/><W90/><G102/><T2/><D96/><U63/><E63/><V11/><F31/><W119/><G119/><AGARI ba="0,0" hai="11,13,17,18,23,27,50,51,117,118,119" m="22791" machi="119" ten="30,3900,0" yaku="12,1,52,2" doraHai="14" who="2" fromWho="3" sc="250,0,250,0,250,39,250,-39" /><INIT seed="1,0,0,2,3,38" ten="250,250,289,211" oya="1" hai0="10,130,50,29,99,24,84,25,107,111,135,85,106" hai1="59,132,21,122,127,12,78,22,103,26,87,40,123" hai2="64,108,129,18,80,9,81,86,58,55,3,118,54" hai3="36,51,126,75,20,91,34,95,92,39,77,71,49"/><U52/><E132/><V5/><F108/><W6/><G34/><T117/><D117/><U37/><E127/><V53/><F129/><W11/><G71/><T41/><D111/><U82/><E103/><V17/><F118/><W79/><G126/><T119/><D119/><U113/><E113/><V35/><F35/><W61/><G61/><T45/><D130/><U1/><E1/><V32/><F32/><W28/><G28/><T105/><D135/><U63/><E12/><V30/><F30/><W72/><G20/><T121/><D121/><U104/><E104/><V67/><F81/><W74/><G11/><T8/><D99/><U83/><E22/><V94/><F94/><N who="3" m="35883" /><G91/><T112/><D112/><U65/><E65/><V68/><F68/><W4/><G39/><T125/><D125/><U102/><E102/><V76/><F58/><W15/><G36/><T2/><D10/><U120/><E83/><V115/><F115/><W56/><G56/><T62/><D62/><U16/><REACH who="1" step="1"/><E122/><REACH who="1" ten="250,240,289,211" step="2"/><V116/><F116/><W44/><G15/><T131/><D131/><U66/><E66/><N who="2" m="25131" /><F3/><W31/><G4/><T19/><D2/><U110/><E110/><V13/><AGARI ba="0,1" hai="5,9,13,17,18,53,54,55,76,80,86" m="25131" machi="13" ten="30,1100,0" yaku="8,1" doraHai="38" who="2" fromWho="2" sc="250,-3,240,-5,289,21,211,-3" /><INIT seed="2,0,0,2,1,43" ten="247,235,310,208" oya="2" hai0="20,123,35,64,25,23,115,9,42,79,93,40,15" hai1="107,85,108,69,117,116,47,21,18,6,10,32,59" hai2="124,22,31,104,106,28,14,119,121,62,33,95,80" hai3="103,91,11,17,72,83,76,3,74,99,125,1,96"/><V63/><F121/><W134/><G134/><T44/><D123/><U54/><E69/><V111/><F111/><W56/><G125/><T67/><D115/><U127/><E107/><V50/><F124/><W41/><G74/><T90/><D35/><U86/><E127/><V135/><F33/><W8/><G41/><T0/><D0/><U19/><E32/><V29/><F135/><W5/><G56/><T118/><D79/><U133/><E133/><V114/><F119/><W94/><G17/><T78/><D78/><U48/><E108/><V98/><F80/><W126/><G126/><T75/><D75/><U105/><E105/><V26/><F14/><W109/><G109/><T66/><D42/><U132/><E132/><V131/><F106/><W68/><G68/><T97/><D25/><U87/><E59/><V49/><F104/><W36/><G36/><T4/><REACH who="0" step="1"/><D118/><REACH who="0" ten="237,235,310,208" step="2"/><U129/><E117/><V71/><F114/><W37/><G37/><AGARI ba="0,1" hai="4,9,15,20,23,37,40,44,64,66,67,90,93,97" machi="37" ten="40,8000,1" yaku="1,1,2,1,52,1,53,1" doraHai="43" doraHaiUra="88" who="0" fromWho="3" sc="237,90,235,0,310,0,208,-80" /><INIT seed="3,0,0,5,4,129" ten="327,235,310,128" oya="3" hai0="57,54,60,30,67,25,127,97,81,79,59,41,111" hai1="76,16,48,61,64,83,103,49,70,10,84,133,122" hai2="134,102,2,80,45,88,119,107,124,6,130,20,90" hai3="121,42,17,104,12,9,91,44,114,120,65,116,131"/><W113/><G104/><T13/><D111/><U125/><E122/><V28/><F119/><W26/><G65/><T93/><D127/><U73/><E125/><V66/><F124/><W31/><G116/><T95/><D41/><U89/><E103/><V109/><F130/><W98/><G131/><T11/><D25/><U78/><E78/><V105/><F109/><W52/><G121/><T132/><D30/><U8/><E8/><V75/><F66/><W21/><G120/><T15/><D132/><U85/><E73/><V33/><F134/><W99/><G99/><T110/><D110/><U58/><E70/><V18/><F45/><W43/><G113/><T5/><D15/><U14/><REACH who="1" step="1"/><E133/><REACH who="1" ten="327,225,310,128" step="2"/><V82/><F75/><W36/><G114/><T72/><D97/><U50/><E50/><AGARI ba="0,1" hai="5,11,13,50,54,57,59,60,67,72,79,81,93,95" machi="50" ten="30,1000,0" yaku="7,1" doraHai="129" who="0" fromWho="1" sc="327,20,225,-10,310,0,128,0" owari="347,44.7,215,-18.5,310,11.0,128,-37.2" /></mjloggm>