<mjloggm ver="2.3"><GO type="225" lobby="0"/><UN n0="%67%61%79%75%6E%79" n1="%E3%82%A2%E3%83%BC%E3%83%A2%E3%83%AD%E3%83%BC%E3%83%B4%E3%82%A1" n2="%E6%97%A5%E6%9B%9C%E6%97%A5%E3%82%88%E3%82%8A%E3%81%AE%E4%BD%BF%E8%80%85" n3="%E9%89%A2%E5%B7%BB%E3%82%AC%E3%83%96" dan="16,16,18,16" rate="2157.40,2166.22,2188.06,2131.04" sx="M,M,M,M"/><TAIKYOKU oya="0"/><INIT seed="0,0,0,5,1,37" ten="250,250,250,250" oya="0" hai0="39,127,103,36,3,51,17,27,67,53,128,83,134" hai1="77,31,109,22,93,84,126,40,98,9,111,107,59" hai2="14,70,0,78,66,92,8,45,88,123,116,16,104" hai3="1,85,110,4,52,10,68,79,94,76,29,125,87"/><T105/><D3/><U7/><E126/><V121/><F104/><W131/><G68/><T15/><D127/><U130/><E130/><V6/><F78/><W61/><G110/><N who="1" m="41994" /><E59/><V114/><F114/><W24/><G131/><T50/><D128/><U62/><E62/><V11/><F116/><W30/><G30/><T81/><D134/><U129/><E129/><V124/><F124/><W25/><G25/><T115/><D115/><U21/><E31/><V132/><F132/><W44/><G125/><T112/><D112/><U12/><E40/><V23/><F11/><W99/><G79/><T72/><D27/><U102/><E77/><V97/><REACH who="2" step="1"/><F45/><REACH who="2" ten="250,250,240,250" step="2"/><W119/><G76/><T82/><D105/><U63/><E9/><V49/><F49/><W35/><G119/><T75/><D50/><U120/><E107/><V64/><F64/><W54/><G44/><T133/><D67/><U86/><E63/><AGARI ba="0,1" hai="0,6,8,14,16,23,63,66,70,88,92,97,121,123" machi="63" ten="40,5200,0" yaku="1,1,54,2,53,0" doraHai="37" doraHaiUra="26" who="2" fromWho="1" sc="250,0,250,-52,240,62,250,0" /><INIT seed="1,0,0,1,2,125" ten="250,198,302,250" oya="1" hai0="43,115,91,7,106,3,123,65,4,5,42,60,39" hai1="55,67,66,95,56,62,102,57,83,44,12,51,93" hai2="6,21,77,28,58,35,127,108,120,36,68,37,48" hai3="25,92,124,29,72,117,82,86,110,19,64,122,53"/><U69/><E69/><V23/><F35/><W10/><G122/><T118/><D115/><U27/><E27/><V31/><F68/><W8/><G110/><T50/><D39/><U20/><E83/><V61/><F120/><W11/><G124/><T111/><D118/><U88/><E102/><V13/><F77/><W26/><G64/><T49/><D106/><U87/><E95/><V112/><F48/><W75/><G92/><T15/><D3/><U18/><REACH who="1" step="1"/><E57/><REACH who="1" ten="250,188,302,250" step="2"/><V84/><F58/><W38/><G82/><T14/><D123/><U30/><E30/><V76/><F31/><W40/><G26/><T94/><D111/><U22/><E22/><V47/><F28/><W89/><G25/><T97/><D43/><AGARI ba="0,1" hai="12,18,20,43,44,51,55,56,62,66,67,87,88,93" machi="43" ten="30,12000,1" yaku="1,1,7,1,8,1,54,1,53,1" doraHai="125" doraHaiUra="16" who="1" fromWho="0" sc="250,-120,188,130,302,0,250,0" /><INIT seed="1,1,0,0,4,23" ten="130,318,302,250" oya="1" hai0="114,20,105,27,113,108,81,34,0,1,51,28,18" hai1="21,37,135,13,102,127,109,115,40,3,57,123,134" hai2="55,43,111,78,65,90,75,122,79,128,62,53,133" hai3="89,11,41,83,6,76,112,100,54,118,26,106,88"/><U9/><E115/><N who="0" m="44041" /><D51/><U45/><E123/><V38/><F122/><W104/><G41/><T116/><D81/><U61/><E127/><V7/><F111/><W67/><G67/><T126/><D105/><U49/><E109/><V17/><F128/><W66/><G66/><T64/><D64/><U46/><E102/><V68/><F133/><N who="1" m="50697" /><E3/><N who="0" m="1097" /><D108/><U93/><E93/><V35/><F35/><W19/><G54/><T73/><D73/><U59/><E21/><V12/><F55/><W72/><G106/><T70/><D70/><U71/><E71/><V48/><F75/><W5/><G100/><T10/><D126/><U36/><E61/><V95/><F68/><W29/><G104/><T91/><D91/><U47/><E47/><V32/><F62/><W110/><G88/><T97/><D97/><U99/><E99/><V121/><F90/><W14/><G89/><T84/><D84/><U117/><E59/><N who="2" m="33191" /><F95/><W60/><G60/><T52/><D52/><N who="1" m="29751" /><E57/><V101/><F101/><W86/><G110/><T63/><D63/><U15/><E37/><V69/><F65/><W58/><G58/><T30/><D116/><U120/><E117/><V94/><F69/><W82/><G118/><T2/><D34/><U74/><E74/><V131/><F94/><W25/><G112/><T33/><D33/><U130/><E36/><V4/><F32/><N who="3" m="20527" /><G72/><T85/><D85/><U80/><E40/><V77/><F43/><W8/><G83/><T132/><D132/><U98/><E80/><V129/><F38/><W16/><G82/><T44/><D44/><U87/><E45/><V119/><F119/><RYUUKYOKU ba="1,0" sc="130,30,318,-10,302,-10,250,-10" hai0="2,10,18,20,27,28,30" /><INIT seed="2,2,0,0,1,102" ten="160,308,292,240" oya="2" hai0="68,26,8,78,127,128,38,71,126,133,61,60,22" hai1="76,79,28,74,25,80,20,7,115,130,70,33,47" hai2="92,88,90,129,1,4,67,24,96,91,42,64,81" hai3="107,50,56,35,55,86,31,85,52,62,45,12,104"/><V83/><F129/><W43/><G35/><T75/><D128/><U66/><E130/><V65/><F1/><W98/><G31/><T11/><D38/><U82/><E115/><V124/><F124/><N who="0" m="47658" /><D133/><U131/><E131/><V77/><F4/><W53/><G12/><T103/><D103/><U84/><E7/><V34/><F42/><W134/><G98/><T109/><D109/><U119/><E119/><V27/><F34/><W14/><G134/><T125/><N who="0" m="47666" /><T30/><DORA hai="2" /><D78/><U54/><E20/><V49/><F49/><W120/><G120/><T21/><D75/><U32/><E32/><V23/><F27/><W87/><REACH who="3" step="1"/><G14/><REACH who="3" ten="160,308,292,230" step="2"/><T111/><D111/><U135/><E135/><V116/><F116/><W89/><G89/><N who="2" m="34409" /><F77/><W15/><G15/><T40/><D22/><U44/><E33/><V100/><F91/><W19/><G19/><AGARI ba="2,1" hai="19,23,24,64,65,67,81,83,92,96,100" m="34409" machi="19" ten="30,2900,0" yaku="8,1,54,1" doraHai="102,2" who="2" fromWho="3" sc="160,0,308,0,292,45,230,-35" /><INIT seed="2,3,0,1,1,21" ten="160,308,337,195" oya="2" hai0="27,58,19,24,18,60,66,70,3,83,10,26,134" hai1="6,94,99,103,77,101,100,50,119,92,107,123,23" hai2="73,121,39,22,31,44,80,81,25,40,129,105,122" hai3="108,126,96,35,15,102,120,132,42,48,38,47,17"/><V87/><F105/><W9/><G120/><T67/><D134/><U33/><E33/><V37/><F37/><W97/><G35/><T86/><D70/><U113/><E123/><V5/><F129/><W71/><G108/><T115/><D115/><U89/><E113/><V135/><F135/><W109/><G109/><T78/><REACH who="0" step="1"/><D67/><REACH who="0" ten="150,308,337,195" step="2"/><U59/><E119/><V63/><F122/><W55/><G71/><T51/><D51/><U117/><E50/><V11/><F121/><W52/><G132/><T128/><D128/><U111/><E117/><V90/><F63/><W68/><G68/><T95/><D95/><U72/><E94/><V49/><F39/><W28/><G38/><T64/><D64/><U8/><E92/><V56/><F49/><W43/><G48/><T61/><D61/><U98/><E111/><V36/><F36/><W34/><G43/><T91/><D91/><U82/><E89/><V30/><F40/><W65/><G42/><T1/><D1/><U20/><E59/><V125/><F56/><W2/><G65/><T29/><D29/><U93/><E100/><V110/><F31/><W124/><G2/><AGARI ba="3,1" hai="2,6,8,20,23,72,77,82,93,98,99,101,103,107" machi="2" ten="30,1000,0" yaku="7,1" doraHai="21" who="1" fromWho="3" sc="150,0,308,29,337,0,195,-19" /><INIT seed="3,0,0,4,0,71" ten="150,337,337,176" oya="3" hai0="127,27,4,74,64,100,90,93,45,131,113,55,69" hai1="87,116,33,8,18,26,82,63,65,91,121,120,3" hai2="128,117,129,125,48,92,23,19,85,14,78,83,49" hai3="7,38,41,109,102,103,0,22,67,72,46,110,70"/><W104/><G72/><T35/><D74/><U54/><E54/><V114/><F114/><W60/><G22/><T106/><D113/><U21/><E33/><V77/><F117/><W118/><G118/><T84/><D127/><U58/><REACH who="1" step="1"/><E116/><REACH who="1" ten="150,327,337,176" step="2"/><V20/><F125/><W112/><G112/><T97/><D131/><N who="2" m="50250" /><F78/><W111/><G104/><T44/><D55/><U51/><E51/><N who="2" m="19531" /><F92/><W119/><G119/><T88/><D90/><U12/><E12/><V101/><F101/><W130/><G130/><T75/><D75/><U99/><E99/><V37/><F37/><W53/><G53/><T1/><D1/><U31/><E31/><V42/><F42/><W95/><G95/><T39/><D39/><U123/><E123/><V57/><F57/><W133/><G133/><T126/><D126/><U2/><E2/><V124/><F124/><W24/><G24/><T96/><D96/><U43/><E43/><V50/><F50/><W108/><G108/><T17/><D4/><AGARI ba="0,1" hai="3,4,8,18,21,26,58,63,65,82,87,91,120,121" machi="4" ten="40,2600,0" yaku="1,1,53,1" doraHai="71" doraHaiUra="59" who="1" fromWho="0" sc="150,-26,327,36,337,0,176,0" owari="124,-37.6,363,46.3,337,13.7,176,-22.4" /></mjloggm>