<mjloggm ver="2.3"><GO type="225" lobby="0"/><UN n0="%72%69%6F%75%63%68%61%6E" n1="%73%69%72%6F%75%74" n2="%E3%81%A1%E3%82%85%E3%81%86%E3%81%A9%E3%81%8F%E8%B1%A1%E3%81%95%E3%82%93" n3="%E3%81%86%E3%82%8C%E3%81%9F%E3%82%93%E6%9E%95" dan="17,16,16,16" rate="2275.31,2070.96,2124.18,2108.42" sx="M,M,M,F"/><TAIKYOKU oya="0"/><INIT seed="0,0,0,3,1,78" ten="250,250,250,250" oya="0" hai0="28,128,31,133,64,121,44,42,65,51,111,122,46" hai1="60,70,88,58,75,12,135,19,110,29,83,93,67" hai2="9,63,54,41,90,11,15,16,117,0,101,98,30" hai3="71,55,20,107,38,14,5,61,119,99,8,77,22"/><T114/><D114/><U100/><E110/><V120/><F120/><W124/><G119/><T17/><D111/><U53/><E135/><V108/><F108/><W109/><G109/><T25/><D133/><U62/><E29/><V116/><F41/><W129/><G129/><T27/><D128/><U43/><E43/><V112/><F112/><W131/><G38/><T103/><D103/><U49/><E62/><V106/><F30/><W56/><G124/><T82/><D17/><U84/><E100/><V105/><F90/><W26/><G20/><T123/><D82/><U10/><E75/><V115/><F115/><W94/><G107/><T50/><D122/><U72/><E72/><V45/><F106/><W7/><G77/><T127/><REACH who="0" step="1"/><D42/><REACH who="0" ten="240,250,250,250" step="2"/><U125/><REACH who="1" step="1"/><E125/><AGARI ba="0,1" hai="25,27,28,31,44,46,50,51,64,65,121,123,125,127" machi="125" ten="25,9600,0" yaku="1,1,2,1,22,2,53,0" doraHai="78" doraHaiUra="18" who="0" fromWho="1" sc="240,106,250,-96,250,0,250,0" /><INIT seed="0,1,0,2,0,43" ten="346,154,250,250" oya="0" hai0="124,78,41,122,79,81,80,98,19,93,26,121,62" hai1="32,134,135,107,132,3,39,118,71,46,53,56,65" hai2="31,70,42,101,11,21,73,120,40,49,96,113,66" hai3="125,25,131,8,115,35,94,54,33,128,17,91,64"/><T63/><D124/><U84/><E3/><V82/><F120/><W103/><G115/><T50/><D122/><U58/><E32/><V130/><F113/><W30/><G125/><T67/><D121/><U108/><E107/><V86/><F73/><W69/><G35/><T117/><D117/><U119/><E84/><V60/><F130/><N who="3" m="49707" /><G103/><T97/><D41/><N who="1" m="22847" /><E108/><V37/><F11/><W5/><G54/><T76/><D50/><N who="1" m="30775" /><E58/><V61/><F61/><AGARI ba="1,0" hai="61,65,71,118,119,132,134,135" m="30775,22847" machi="61" ten="30,8000,1" yaku="24,1,20,1,34,2,52,1" doraHai="43" who="1" fromWho="2" sc="346,0,154,83,250,-83,250,0" /><INIT seed="1,0,0,1,5,25" ten="346,237,167,250" oya="1" hai0="3,0,8,2,89,113,40,38,108,99,95,47,31" hai1="75,111,129,24,33,42,14,51,107,17,119,101,18" hai2="28,12,34,104,26,68,118,87,91,127,66,46,123" hai3="131,37,43,132,128,83,4,5,133,82,45,120,94"/><U112/><E75/><V100/><F123/><W9/><G120/><T92/><D108/><U56/><E112/><V36/><F118/><W7/><G94/><T11/><D113/><U53/><E119/><V85/><F127/><W1/><G1/><T81/><D81/><N who="3" m="30729" /><G9/><T124/><D124/><U19/><E111/><V69/><F12/><W86/><G86/><T39/><D38/><U32/><E129/><AGARI ba="0,0" hai="4,5,7,37,43,45,128,129,131,132,133" m="30729" machi="129" ten="40,1300,0" yaku="19,1" doraHai="25" who="3" fromWho="1" sc="346,0,237,-13,167,0,250,13" /><INIT seed="2,0,0,3,2,35" ten="346,224,167,263" oya="2" hai0="113,69,21,28,13,133,58,44,106,99,130,23,22" hai1="62,75,53,27,46,48,66,57,88,107,95,25,129" hai2="78,60,131,126,104,31,43,102,24,124,79,37,1" hai3="15,9,74,101,26,116,40,91,85,51,127,117,61"/><V19/><F131/><W108/><G74/><T90/><D113/><U84/><E129/><V32/><F19/><W112/><G127/><N who="2" m="48681" /><F60/><W94/><G108/><T120/><D69/><U103/><E75/><V105/><F1/><W73/><G112/><T18/><D120/><U11/><E107/><N who="2" m="41035" /><F102/><W122/><G73/><T92/><D133/><U8/><E103/><V118/><F118/><W34/><G122/><T128/><D106/><U36/><E36/><V83/><F83/><W76/><G61/><T29/><D130/><U110/><E110/><V125/><N who="2" m="48689" /><V86/><DORA hai="93" /><F86/><W54/><G101/><T96/><D128/><U3/><E3/><V119/><F119/><W114/><G114/><T5/><D5/><U45/><E46/><AGARI ba="0,0" hai="24,31,32,37,43,46,78,79" m="41035,48689" machi="46" ten="50,2400,0" yaku="18,1" doraHai="35,93" who="2" fromWho="1" sc="346,0,224,-24,167,24,263,0" /><INIT seed="2,1,0,4,2,34" ten="346,200,191,263" oya="2" hai0="53,11,98,127,21,68,55,86,112,75,22,78,0" hai1="125,129,96,8,74,19,104,2,101,38,25,85,60" hai2="36,56,130,76,4,6,57,14,94,120,81,52,126" hai3="12,26,48,37,118,92,117,7,40,110,54,72,134"/><V108/><F120/><W17/><G72/><T113/><D68/><U42/><E85/><V100/><F36/><W35/><G110/><T73/><D127/><U89/><E89/><V47/><F126/><W93/><G134/><T128/><D128/><U103/><E103/><V97/><F130/><W90/><G40/><T64/><D64/><U44/><E125/><V88/><F108/><W61/><G37/><T28/><D98/><U65/><E129/><V114/><F114/><W107/><G107/><T105/><D105/><U32/><E19/><V82/><F47/><W119/><G61/><T41/><D41/><U124/><E74/><V123/><F123/><W133/><G133/><T15/><D86/><U109/><E109/><V39/><F39/><W77/><G77/><T13/><D11/><U83/><E83/><N who="2" m="31755" /><F76/><W23/><G90/><T80/><D80/><U66/><E124/><V91/><F56/><W49/><G49/><T30/><D0/><U43/><E43/><V106/><F106/><W102/><G35/><T33/><REACH who="0" step="1"/><D33/><REACH who="0" ten="336,200,191,263" step="2"/><U27/><E32/><V10/><F4/><W84/><G7/><T45/><D45/><U24/><E2/><V70/><F70/><W116/><G119/><T67/><D67/><U132/><E66/><V99/><F99/><N who="3" m="59751" /><G118/><T111/><D111/><U59/><E132/><V95/><F95/><W115/><G117/><T5/><D5/><U62/><E8/><V71/><F71/><W51/><G116/><T69/><D69/><U31/><E65/><V87/><F87/><W20/><G84/><T79/><AGARI ba="1,1" hai="13,15,21,22,28,30,53,55,73,75,78,79,112,113" machi="79" ten="25,6400,0" yaku="1,1,0,1,22,2,53,0" doraHai="34" doraHaiUra="122" who="0" fromWho="0" sc="336,77,200,-17,191,-33,263,-17" /><INIT seed="3,0,0,1,0,61" ten="413,183,158,246" oya="3" hai0="102,98,117,9,110,71,86,67,121,28,84,96,114" hai1="91,38,48,108,16,2,72,135,44,125,99,0,68" hai2="1,35,97,51,26,122,14,56,65,54,120,101,129" hai3="8,94,40,118,93,15,12,11,111,106,33,78,131"/><W105/><G118/><T123/><D117/><U6/><E68/><V59/><F1/><W22/><G33/><T31/><D110/><U115/><E72/><V34/><F129/><W17/><G111/><T133/><D133/><U19/><E38/><V79/><F79/><W126/><G131/><T18/><D114/><U37/><E37/><V20/><F14/><W45/><G126/><T29/><D71/><U69/><E69/><V103/><F103/><W75/><G78/><T66/><D18/><U46/><E115/><V77/><F77/><W10/><G75/><T13/><D13/><U127/><E108/><V119/><F119/><W36/><G15/><T52/><D52/><U89/><E48/><V109/><F109/><W124/><G124/><T90/><D9/><U73/><E99/><N who="0" m="37929" /><D102/><U39/><E39/><V30/><F34/><W128/><G128/><T100/><D100/><U23/><E73/><V27/><F27/><W50/><G36/><T4/><D4/><U87/><E6/><V116/><F35/><W76/><G76/><T58/><D58/><U41/><E135/><V134/><F134/><W24/><G12/><T53/><D53/><U82/><E41/><V81/><F116/><W49/><G49/><T88/><D123/><N who="2" m="47146" /><F81/><W60/><G24/><T80/><D121/><U85/><E82/><AGARI ba="0,0" hai="28,29,31,66,67,80,82,84,86,88,90" m="37929" machi="82" ten="30,7700,0" yaku="8,1,52,2,54,1" doraHai="61" who="0" fromWho="1" sc="413,77,183,-77,158,0,246,0" owari="490,59.0,106,-39.4,158,-24.2,246,4.6" /></mjloggm>