<mjloggm ver="2.3"><GO type="225" lobby="0"/><UN n0="%E3%83%97%E3%83%AC%E3%83%B4%E3%82%A1%E3%83%86%E3%82%A3" n1="%E5%8F%AF%E5%85%90%E9%82%A3%E7%94%B1%E5%A4%9A" n2="%E6%B0%B7%E5%B7%9D%E9%87%8C%E5%A5%88" n3="%E3%81%A8%E3%82%93%E3%81%A8%E3%81%93%E3%81%A8%E3%82%93" dan="16,17,16,16" rate="2147.46,2228.87,2163.49,2106.63" sx="F,F,F,M"/><TAIKYOKU oya="0"/><INIT seed="0,0,0,1,2,87" ten="250,250,250,250" oya="0" hai0="13,10,28,75,113,32,131,80,49,60,101,39,71" hai1="105,94,26,62,29,115,124,54,72,8,68,30,58" hai2="77,37,25,50,14,70,76,82,74,20,27,31,65" hai3="91,114,17,61,53,135,16,63,119,52,121,95,133"/><T79/><D113/><U120/><E120/><V129/><F37/><W126/><G119/><T78/><D39/><U22/><E105/><V12/><F129/><W69/><G114/><T55/><D131/><U111/><E115/><V123/><F123/><W0/><G0/><T1/><D1/><U44/><E72/><V46/><F77/><W3/><G3/><T108/><D78/><U9/><E111/><V24/><F24/><W96/><G126/><T109/><D101/><U51/><E124/><V132/><F132/><N who="3" m="50763" /><G121/><T4/><D28/><U89/><E68/><V56/><F70/><W47/><G47/><T112/><D32/><U122/><E30/><V45/><F45/><W125/><G125/><T41/><D112/><U42/><REACH who="1" step="1"/><E122/><REACH who="1" ten="250,240,250,250" step="2"/><V23/><F31/><W33/><G33/><T2/><D71/><U81/><E81/><V84/><F74/><W34/><G34/><T43/><D2/><U36/><E36/><V15/><F20/><W86/><G69/><T134/><D134/><U6/><E6/><V127/><F23/><W93/><G17/><T106/><D106/><U66/><E66/><V88/><F127/><W38/><G16/><T100/><D109/><U97/><AGARI ba="0,1" hai="8,9,22,26,29,42,44,51,54,58,62,89,94,97" machi="97" ten="20,8000,1" yaku="1,1,0,1,7,1,8,1,52,1,53,0" doraHai="87" doraHaiUra="11" who="1" fromWho="1" sc="250,-40,240,90,250,-20,250,-20" /><INIT seed="1,0,0,4,1,15" ten="210,330,230,230" oya="1" hai0="111,108,81,79,118,49,37,71,100,74,2,50,83" hai1="16,107,11,58,68,31,119,77,78,101,4,45,38" hai2="59,40,65,56,130,124,28,121,106,96,115,113,88" hai3="34,53,110,0,69,33,17,116,64,55,125,80,131"/><U123/><E119/><V87/><F121/><W133/><G0/><T32/><D2/><U27/><E123/><V94/><F130/><W72/><G110/><T46/><D118/><U44/><E68/><V63/><F124/><W35/><G116/><T62/><D32/><U135/><E135/><V95/><F106/><W6/><G6/><T61/><D100/><U29/><E107/><V126/><F126/><W90/><G125/><T109/><D71/><U73/><E101/><V97/><F40/><W23/><G133/><T127/><D127/><U93/><E93/><V41/><F41/><W117/><G117/><T39/><D46/><N who="1" m="18027" /><E73/><V102/><F97/><W47/><G47/><T21/><D21/><N who="1" m="13735" /><E38/><V48/><F28/><N who="1" m="10825" /><E58/><V13/><F115/><W129/><G72/><T25/><D25/><U112/><E112/><V57/><F113/><W30/><G129/><T9/><D9/><U54/><E54/><V12/><F48/><W66/><G131/><T76/><D109/><U84/><E84/><V89/><F102/><W1/><G1/><T105/><D74/><U19/><E4/><V52/><F65/><N who="3" m="25195" /><G69/><T128/><D128/><U8/><E8/><V43/><F43/><W114/><G114/><T98/><D105/><U85/><E85/><V120/><F120/><W7/><G7/><T26/><D26/><U92/><E92/><V104/><F104/><W82/><G30/><T14/><D98/><U67/><E67/><V122/><F122/><W103/><G103/><T51/><D51/><U134/><E134/><V36/><F36/><W22/><G55/><T3/><D3/><RYUUKYOKU ba="0,0" sc="210,10,330,10,230,10,230,-30" hai0="14,37,39,49,50,61,62,76,79,81,83,108,111" hai1="11,19,77,78" hai2="12,13,52,56,57,59,63,87,88,89,94,95,96" /><INIT seed="1,1,0,1,1,111" ten="220,340,240,200" oya="1" hai0="84,67,108,133,42,129,38,25,80,124,35,128,86" hai1="6,126,4,72,117,12,68,62,91,73,113,14,96" hai2="123,8,104,94,52,23,64,105,75,122,30,20,118" hai3="39,49,60,58,110,59,69,9,135,27,93,127,54"/><U7/><E113/><V109/><F118/><W57/><G110/><T71/><D108/><U120/><E117/><V21/><F109/><W132/><G27/><T103/><D124/><U85/><E120/><V112/><F75/><W19/><G93/><T5/><D133/><N who="3" m="51273" /><G127/><T76/><D5/><U121/><E121/><V131/><F30/><W98/><G98/><T37/><D103/><U45/><E126/><V40/><F40/><W47/><G9/><T77/><D35/><U87/><E96/><V34/><F34/><W130/><G19/><T66/><D25/><U15/><E45/><V31/><F31/><W24/><G24/><T17/><D17/><U1/><E1/><V82/><F64/><N who="3" m="41095" /><G130/><T114/><D42/><AGARI ba="1,0" hai="39,42,47,49,54,57,58,59" m="41095,51273" machi="42" ten="30,7700,0" yaku="24,1,20,1,34,2" doraHai="111" who="3" fromWho="0" sc="220,-80,340,0,240,0,200,80" /><INIT seed="2,0,0,2,2,40" ten="140,340,240,280" oya="2" hai0="0,78,114,89,77,131,80,2,119,29,102,112,11" hai1="94,25,117,121,15,54,53,79,124,132,38,98,28" hai2="128,113,32,58,104,90,134,63,103,10,4,18,67" hai3="61,12,49,56,45,68,111,101,46,106,69,107,76"/><V60/><F113/><W71/><G111/><T108/><D108/><U34/><E117/><V47/><F32/><W84/><G12/><T123/><D123/><U130/><E38/><V100/><F134/><W83/><G101/><T13/><D119/><U42/><E42/><V24/><F128/><W74/><G74/><T9/><D131/><U81/><E130/><V30/><F18/><W133/><G133/><T127/><D102/><U96/><E132/><V73/><F73/><W64/><REACH who="3" step="1"/><G45/><REACH who="3" ten="140,340,240,270" step="2"/><T91/><D13/><U35/><E121/><V122/><F122/><W105/><G105/><T36/><D36/><U109/><E109/><V37/><F104/><W92/><G92/><T22/><D80/><U8/><E124/><V51/><F37/><W3/><G3/><T16/><D127/><U5/><E35/><V20/><F103/><W50/><G50/><T72/><D72/><U87/><E98/><V23/><F100/><AGARI ba="0,1" hai="5,8,15,25,28,34,53,54,79,81,87,94,96,100" machi="100" ten="30,1000,0" yaku="7,1" doraHai="40" who="1" fromWho="2" sc="140,0,340,20,240,-10,270,0" /><INIT seed="3,0,0,2,4,100" ten="140,360,230,270" oya="3" hai0="68,5,11,51,84,72,40,66,38,63,93,26,124" hai1="58,74,120,76,117,47,6,31,35,127,90,10,9" hai2="82,133,79,46,105,7,45,13,29,97,129,28,118" hai3="52,30,96,112,126,83,107,64,98,123,103,86,69"/><W33/><G112/><T94/><D124/><U8/><E120/><V2/><F118/><W102/><G123/><T27/><D72/><U39/><E127/><V114/><F114/><W99/><G126/><T3/><D93/><U130/><E130/><V119/><F2/><W111/><G111/><T62/><D62/><U44/><E117/><V24/><F119/><W113/><G113/><T34/><D94/><U22/><E35/><V1/><F1/><W37/><G37/><T135/><D84/><U50/><E74/><V56/><F133/><W59/><G103/><T19/><D26/><N who="1" m="16855" /><E39/><V12/><F12/><W43/><G43/><T121/><D121/><U101/><E76/><V18/><F129/><W15/><G15/><T65/><D65/><U36/><E36/><V55/><F7/><W57/><G57/><T61/><D61/><U132/><E132/><V53/><F97/><W92/><G92/><T32/><D19/><U81/><E6/><V134/><F134/><W131/><G131/><T67/><D67/><U78/><E78/><V80/><F80/><W91/><G64/><T21/><D21/><U85/><E101/><V73/><F55/><AGARI ba="0,0" hai="8,9,10,44,47,50,55,58,81,85,90" m="16855" machi="55" ten="30,1000,0" yaku="8,1" doraHai="100" who="1" fromWho="2" sc="140,0,360,10,230,-10,270,0" owari="140,-36.0,370,47.0,220,-18.0,270,7.0" /></mjloggm>