<mjloggm ver="2.3"><GO type="225" lobby="0"/><UN n0="%E3%83%B4%E3%83%A0%EF%BC%99%E3%81%A6" n1="%E3%81%A1%E3%82%85%E3%81%86%E3%81%A9%E3%81%8F%E8%B1%A1%E3%81%95%E3%82%93" n2="%E6%9C%AA%E6%9D%A5%E5%B0%91%E5%B9%B4" n3="%74%61%6B%75%61%6B%61" dan="16,17,16,17" rate="2193.99,2192.96,2163.36,2224.12" sx="M,M,M,M"/><TAIKYOKU oya="0"/><INIT seed="0,0,0,4,1,61" ten="250,250,250,250" oya="0" hai0="81,15,4,7,111,34,66,116,14,10,55,93,44" hai1="22,6,29,2,1,56,104,135,36,27,84,25,37" hai2="48,132,94,86,91,87,49,62,60,33,41,89,110" hai3="105,43,100,64,109,5,85,98,76,30,130,114,65"/><T63/><D116/><U124/><E104/><V128/><F33/><W11/><G114/><T75/><D34/><U108/><E108/><V3/><F3/><W97/><G109/><T54/><D111/><U47/><E124/><V115/><F110/><W123/><G130/><T72/><D93/><U21/><E135/><V28/><F115/><W69/><G123/><T9/><D81/><U51/><E56/><V18/><F28/><W46/><G69/><T131/><D131/><U59/><E59/><V74/><F74/><W103/><G30/><T134/><D134/><U70/><E70/><V95/><F128/><W16/><G16/><T73/><REACH who="0" step="1"/><D44/><REACH who="0" ten="240,250,250,250" step="2"/><U52/><E84/><V101/><F132/><W20/><G85/><T120/><D120/><U96/><E96/><V129/><F129/><W133/><G133/><T32/><D32/><U26/><E26/><V126/><F126/><W83/><G83/><T67/><D67/><U121/><E121/><V13/><F101/><W90/><G97/><T0/><D0/><U31/><E1/><V125/><F125/><W39/><G100/><T119/><D119/><U78/><E78/><V117/><F117/><W92/><G76/><T35/><D35/><U57/><E47/><V106/><F106/><W19/><G105/><T77/><D77/><U82/><E82/><V38/><F87/><W99/><G99/><T107/><D107/><U122/><E122/><V23/><F95/><W68/><G103/><T24/><D24/><U118/><E118/><V79/><F79/><W42/><G92/><T58/><AGARI ba="0,1" hai="4,7,9,10,14,15,54,55,58,63,66,72,73,75" machi="58" ten="30,18000,2" yaku="1,1,0,1,9,1,52,1,53,2" doraHai="61" doraHaiUra="50" who="0" fromWho="0" sc="240,190,250,-60,250,-60,250,-60" /><INIT seed="0,1,0,0,3,30" ten="430,190,190,190" oya="0" hai0="68,92,62,15,81,118,63,131,37,87,7,36,135" hai1="23,9,24,72,6,83,54,107,105,31,2,28,11" hai2="26,32,22,21,127,50,58,76,33,114,19,134,16" hai3="4,121,110,113,65,59,3,42,8,44,53,0,47"/><T97/><D118/><U125/><E125/><V75/><F114/><W101/><G113/><T73/><D73/><U130/><E130/><V109/><F127/><W38/><G110/><T108/><D135/><U52/><E9/><V124/><F124/><W5/><G121/><T100/><D131/><U41/><E41/><V88/><F109/><W60/><G101/><T123/><D123/><U55/><REACH who="1" step="1"/><E28/><REACH who="1" ten="430,180,190,190" step="2"/><V117/><F117/><W48/><REACH who="3" step="1"/><G4/><REACH who="3" ten="430,180,190,180" step="2"/><T25/><D7/><U70/><E70/><V17/><F134/><W90/><G90/><T103/><D68/><U99/><E99/><V66/><F88/><W93/><G93/><T79/><D92/><U74/><E74/><V96/><F96/><W12/><AGARI ba="1,2" hai="0,3,5,8,12,38,42,44,47,48,53,59,60,65" machi="12" ten="20,8000,1" yaku="1,1,0,1,7,1,53,2" doraHai="30" doraHaiUra="35" who="3" fromWho="3" sc="430,-41,180,-21,190,-21,180,103" /><INIT seed="1,0,0,0,3,79" ten="389,159,169,283" oya="1" hai0="119,82,24,130,17,87,64,70,88,86,118,105,2" hai1="23,48,117,71,113,100,67,39,53,33,47,103,37" hai2="108,40,28,31,32,125,101,66,44,77,112,98,84" hai3="15,124,126,128,27,56,9,58,102,49,95,129,18"/><U92/><E113/><V50/><F112/><W75/><G75/><T63/><D105/><U41/><E117/><V93/><F108/><W69/><G69/><T14/><D2/><U111/><E111/><V12/><F125/><N who="3" m="48235" /><G27/><T42/><D130/><N who="3" m="50281" /><G49/><T46/><D86/><U68/><E33/><V59/><F32/><W133/><G133/><T5/><D24/><U22/><E37/><V91/><F77/><W20/><G20/><N who="1" m="7722" /><E92/><V115/><F12/><W21/><G21/><T85/><D85/><U131/><E131/><V38/><F115/><W16/><G18/><T13/><D13/><U109/><E109/><V107/><REACH who="2" step="1"/><F50/><REACH who="2" ten="389,159,159,283" step="2"/><W81/><G81/><T123/><D14/><U62/><E68/><V6/><F6/><W83/><G83/><T89/><D70/><U51/><E48/><V94/><F94/><W121/><G121/><T90/><D123/><U76/><E76/><V114/><F114/><W54/><G95/><T26/><D82/><U73/><E73/><V65/><F65/><W55/><G102/><T11/><D118/><U96/><E96/><V99/><F99/><W52/><AGARI ba="0,1" hai="9,15,16,52,54,55,56,58" m="50281,48235" machi="52" ten="40,8000,1" yaku="18,1,19,1,54,2" doraHai="79" who="3" fromWho="3" sc="389,-20,159,-40,159,-20,283,90" /><INIT seed="2,0,0,0,1,58" ten="369,119,139,373" oya="2" hai0="4,108,7,121,113,133,87,18,81,19,30,107,31" hai1="54,63,64,111,115,99,72,83,51,86,94,120,50" hai2="45,90,15,79,82,128,117,67,73,38,39,36,92" hai3="16,57,123,112,32,21,85,69,100,2,109,74,53"/><V78/><F117/><W66/><G74/><T20/><D113/><U48/><E115/><V10/><F128/><W102/><G32/><T28/><D107/><U65/><E72/><V119/><F119/><W60/><G123/><T9/><D121/><U59/><E120/><V13/><F79/><W118/><G118/><T40/><D40/><U134/><E134/><V25/><F67/><W98/><G109/><T93/><D108/><U27/><E27/><V95/><F25/><W24/><G112/><T62/><D93/><U84/><E111/><V122/><F122/><W5/><G85/><N who="1" m="32874" /><E83/><V76/><F76/><W17/><G17/><N who="0" m="6155" /><D20/><U14/><E14/><V125/><F125/><W1/><G5/><N who="0" m="2123" /><D9/><U49/><N who="1" m="12288" /><DORA hai="88" /><U3/><E3/><V127/><F127/><W68/><G68/><T131/><D133/><U114/><E114/><V124/><F124/><W80/><G80/><T135/><D135/><U43/><E43/><V89/><F10/><W0/><G98/><T103/><D131/><U55/><E64/><V12/><REACH who="2" step="1"/><F45/><REACH who="2" ten="369,119,129,373" step="2"/><W104/><G66/><T56/><D28/><U61/><E61/><V26/><F26/><W77/><G60/><T105/><D62/><U71/><E71/><V130/><F130/><W11/><G69/><T47/><D47/><U42/><E42/><V33/><F33/><W29/><G24/><T110/><D110/><U106/><E106/><V126/><F126/><W8/><G104/><T46/><D46/><U129/><E129/><V37/><N who="2" m="9216" /><DORA hai="52" /><V75/><F75/><W6/><G8/><T91/><D105/><U116/><E116/><RYUUKYOKU ba="0,1" sc="369,-15,119,15,129,15,373,-15" hai1="54,55,59,63,65,94,99" hai2="12,13,15,73,78,82,89,90,92,95" /><INIT seed="2,1,1,1,2,80" ten="354,134,144,358" oya="2" hai0="130,105,101,44,18,39,34,41,54,71,75,127,5" hai1="23,48,51,46,92,17,103,61,116,113,0,63,59" hai2="6,81,35,85,107,97,55,76,29,49,72,25,2" hai3="73,98,89,7,31,84,86,110,114,37,70,111,67"/><V90/><F2/><W52/><G73/><T82/><D34/><U65/><E116/><V119/><F119/><W43/><G114/><T77/><D71/><U56/><E113/><V125/><F125/><W58/><G7/><T50/><D127/><U38/><E0/><V53/><F6/><W117/><G117/><T94/><D105/><U1/><E1/><V126/><F126/><W129/><G129/><T112/><D112/><U8/><E8/><V68/><F68/><W20/><G67/><T102/><D130/><U30/><E30/><V3/><F3/><W62/><G70/><T47/><D5/><U12/><E38/><V74/><F74/><W134/><G134/><T21/><D94/><U96/><REACH who="1" step="1"/><E46/><REACH who="1" ten="354,124,144,358" step="2"/><V9/><F9/><W13/><G31/><T124/><D124/><U109/><E109/><V128/><F128/><W93/><G37/><T27/><AGARI ba="1,2" hai="18,21,27,39,41,44,47,50,54,75,77,82,101,102" machi="27" ten="20,1500,0" yaku="0,1,7,1" doraHai="80" who="0" fromWho="0" sc="354,38,124,-5,144,-8,358,-5" /><INIT seed="3,0,0,0,0,100" ten="392,119,136,353" oya="3" hai0="19,34,4,29,97,47,79,1,81,44,90,74,67" hai1="64,114,95,41,112,82,131,21,18,23,46,20,14" hai2="123,132,38,117,22,62,113,105,102,98,61,66,106" hai3="99,93,87,8,130,35,28,118,70,36,126,83,121"/><W129/><G121/><T76/><D76/><U51/><E131/><N who="3" m="50186" /><G118/><T108/><D108/><U32/><E32/><V91/><F113/><W55/><G36/><T110/><D110/><U3/><E3/><V6/><F117/><W5/><G70/><T107/><D19/><U7/><E64/><V72/><F72/><W111/><G111/><T24/><D67/><U134/><E134/><V48/><F6/><W17/><G126/><T31/><D31/><U127/><E127/><V71/><F38/><W69/><G69/><T68/><D68/><U109/><E109/><V57/><F132/><W65/><G65/><T101/><REACH who="0" step="1"/><D90/><REACH who="0" ten="382,119,136,353" step="2"/><U120/><E120/><V115/><F66/><W104/><G104/><T15/><D15/><U50/><E7/><V0/><F105/><W133/><G133/><T53/><D53/><U39/><E114/><V125/><F71/><W75/><G75/><T37/><D37/><U2/><E2/><V13/><F0/><N who="3" m="39" /><G55/><T128/><D128/><U40/><E112/><V9/><F115/><W80/><G17/><T58/><D58/><U43/><E39/><V73/><F73/><W33/><G28/><T84/><D84/><U30/><E30/><V103/><F123/><W78/><G80/><T25/><D25/><U85/><E82/><V54/><F125/><W92/><G92/><T88/><D88/><AGARI ba="0,1" hai="33,35,78,83,87,88,93,99" m="39,50186" machi="88" ten="30,2900,0" yaku="19,1,54,1" doraHai="100" who="3" fromWho="0" sc="382,-29,119,0,136,0,353,39" owari="353,15.3,119,-38.1,136,-26.4,392,49.2" /></mjloggm>