<mjloggm ver="2.3"><GO type="225" lobby="0"/><UN n0="%E9%80%9F%E6%B0%B4%E5%87%9B%E9%A6%99" n1="%72%69%6F%75%63%68%61%6E" n2="%E6%A1%9C%E8%8A%B1%E9%96%83%E3%80%85" n3="%E5%B0%8F%E9%B3%A5%E9%81%8A%E7%B7%B4%E7%84%A1%32%31%E6%AD%B3" dan="16,16,16,16" rate="2111.27,2149.93,2106.99,2168.84" sx="F,M,M,F"/><TAIKYOKU oya="0"/><INIT seed="0,0,0,2,5,121" ten="250,250,250,250" oya="0" hai0="85,101,24,26,123,108,9,21,105,116,61,44,62" hai1="25,129,16,87,132,38,41,74,78,82,98,23,7" hai2="50,5,118,3,135,59,128,32,67,102,47,4,37" hai3="103,126,22,100,46,0,83,104,120,33,109,89,115"/><T36/><D123/><U97/><E129/><V52/><F128/><W134/><G33/><T14/><D116/><U110/><E110/><V53/><F32/><W11/><G120/><T130/><D130/><U111/><E111/><V94/><F135/><W79/><G109/><T113/><D113/><U19/><E132/><V17/><F118/><W13/><G126/><T127/><D127/><U35/><E35/><V2/><F67/><W73/><G115/><T106/><D108/><U71/><E71/><V107/><F107/><W10/><G89/><T88/><D44/><U68/><E68/><V70/><F70/><W15/><G22/><T66/><D36/><U60/><E60/><V90/><F102/><W1/><G134/><T84/><D84/><U27/><E7/><V117/><F17/><W57/><G57/><T133/><D133/><U34/><E74/><V55/><F37/><W18/><G46/><T119/><D119/><U54/><E54/><V42/><F59/><W65/><G65/><T58/><D62/><U56/><E56/><V20/><F20/><W12/><G12/><T124/><D124/><U112/><E112/><V131/><F131/><W51/><G104/><T45/><D45/><N who="1" m="23735" /><E34/><V72/><F72/><W40/><G40/><T93/><D101/><U91/><E91/><V76/><F76/><W69/><G69/><T48/><D48/><U43/><E43/><V77/><F77/><W99/><G51/><T39/><D39/><U31/><E19/><V92/><F117/><W114/><G114/><T86/><D21/><N who="1" m="13479" /><E78/><V49/><F49/><W64/><G103/><RYUUKYOKU ba="0,0" sc="250,-10,250,30,250,-10,250,-10" hai1="23,27,31,82,87,97,98" /><INIT seed="1,1,0,0,3,47" ten="240,280,240,240" oya="1" hai0="72,16,67,2,8,91,6,44,20,45,7,66,18" hai1="132,43,89,90,135,84,76,70,112,3,106,107,54" hai2="56,22,26,71,86,59,94,111,27,87,42,50,88" hai3="118,119,130,100,92,73,78,64,35,121,133,11,31"/><U96/><E3/><V53/><F111/><W128/><G121/><T38/><D72/><U116/><E70/><V57/><F71/><W63/><G11/><T81/><D7/><U40/><E112/><V77/><F42/><W65/><G31/><T109/><D109/><U1/><E1/><V0/><F0/><W51/><G35/><T4/><D4/><U46/><E116/><N who="3" m="44586" /><G133/><N who="1" m="51274" /><E54/><V101/><F101/><W41/><G78/><T13/><D18/><U75/><E75/><V15/><F15/><W83/><G83/><T33/><D33/><U28/><E28/><N who="2" m="17495" /><F27/><W114/><G73/><T61/><D38/><N who="1" m="21783" /><E43/><V124/><F124/><W48/><G41/><T24/><D2/><U58/><E58/><N who="2" m="22635" /><F77/><W102/><G114/><T99/><D67/><N who="3" m="25673" /><G63/><T69/><D81/><N who="1" m="49295" /><E76/><V123/><F123/><W82/><G82/><T120/><D120/><U34/><E34/><V68/><F68/><W115/><G115/><T126/><D126/><U49/><E106/><V122/><F122/><W98/><G100/><T85/><D69/><U113/><E113/><V39/><F39/><W103/><G103/><T9/><D66/><U29/><E107/><V97/><AGARI ba="1,0" hai="50,53,59,86,87,88,94,97" m="22635,17495" machi="97" ten="30,4000,0" yaku="8,1,52,1,54,1" doraHai="47" who="2" fromWho="2" sc="240,-11,280,-21,240,43,240,-11" /><INIT seed="2,0,0,3,1,52" ten="229,259,283,229" oya="2" hai0="7,115,91,101,89,97,6,16,34,77,31,1,81" hai1="98,122,12,61,43,35,26,85,132,46,53,112,50" hai2="55,15,104,40,42,10,92,68,125,75,87,54,0" hai3="9,131,73,22,45,48,23,47,3,105,63,103,28"/><V120/><F120/><W99/><G73/><T19/><D115/><U128/><E112/><V79/><F0/><W119/><G131/><T118/><D118/><U25/><E128/><V133/><F68/><W113/><G119/><T129/><D129/><U86/><E132/><V121/><F121/><W56/><G113/><T117/><D117/><U76/><E122/><V71/><F71/><W65/><G28/><T62/><D1/><U69/><E98/><V18/><F104/><W134/><G134/><T74/><D31/><U83/><E35/><V84/><F75/><W111/><G111/><T96/><D34/><U58/><E69/><V107/><F107/><W94/><G105/><T110/><D110/><U49/><E12/><V8/><F8/><W67/><G67/><T36/><D36/><U2/><E2/><V27/><F125/><W38/><G38/><T123/><D123/><U41/><REACH who="1" step="1"/><E85/><REACH who="1" ten="229,249,283,229" step="2"/><V57/><F87/><W37/><G3/><T82/><D74/><U124/><E124/><V11/><F15/><W106/><G99/><T102/><D96/><U4/><E4/><V109/><F84/><W5/><G5/><T135/><D97/><U60/><E60/><V20/><F133/><W24/><G63/><T32/><D135/><U29/><E29/><V33/><F33/><W78/><G24/><T114/><D32/><U59/><E59/><V130/><F27/><W93/><G56/><T30/><D114/><U17/><E17/><V21/><F130/><W14/><G14/><T126/><D30/><U66/><E66/><V13/><F13/><W100/><G65/><RYUUKYOKU ba="0,1" sc="229,-10,249,30,283,-10,229,-10" hai1="25,26,41,43,46,49,50,53,58,61,76,83,86" /><INIT seed="3,1,1,2,1,73" ten="219,279,273,219" oya="3" hai0="17,124,110,131,106,56,107,111,132,58,90,66,30" hai1="68,42,102,94,25,108,81,9,49,6,8,119,69" hai2="84,80,18,40,31,7,82,72,78,118,0,15,62" hai3="86,104,14,117,93,122,50,112,55,77,64,128,98"/><W10/><G117/><T51/><D30/><U71/><E119/><V99/><F118/><W134/><G122/><T35/><D35/><U27/><E108/><N who="0" m="41513" /><D132/><U4/><E81/><V22/><F40/><W76/><G104/><N who="0" m="39979" /><D131/><U100/><E42/><V5/><F0/><W113/><G128/><T36/><D36/><U79/><E79/><N who="3" m="30282" /><G134/><T12/><D124/><U103/><E49/><V21/><F99/><W96/><G64/><T89/><D66/><U11/><E94/><V127/><F127/><W101/><G113/><T123/><D123/><U75/><E75/><V115/><F62/><W29/><G29/><T105/><N who="0" m="39987" /><T46/><DORA hai="54" /><D58/><U83/><E83/><V28/><F115/><W52/><G112/><T91/><D56/><U70/><E70/><V37/><F37/><W87/><G98/><T59/><D59/><U92/><E92/><V97/><F97/><W45/><G55/><N who="0" m="30199" /><D91/><U33/><E33/><V13/><F78/><W133/><G133/><T44/><D44/><U41/><E41/><V32/><F72/><W3/><G3/><T39/><D39/><U67/><E67/><V26/><F32/><W43/><G43/><T57/><D57/><U109/><E109/><V60/><F60/><W61/><G61/><T116/><D116/><U126/><E126/><V47/><F47/><W2/><G2/><T63/><D63/><U114/><E114/><V125/><F125/><W23/><G23/><AGARI ba="1,1" hai="12,17,23,89,90" m="30199,39987,41513" machi="23" ten="40,1300,0" yaku="14,1" doraHai="73,54" who="0" fromWho="3" sc="219,26,279,0,273,0,219,-16" /><INIT seed="4,0,0,3,4,122" ten="245,279,273,203" oya="0" hai0="79,123,88,2,48,3,58,110,20,117,98,127,37" hai1="102,19,23,77,61,6,57,90,107,118,85,42,125" hai2="10,39,119,91,70,83,29,68,73,115,47,16,111" hai3="94,95,100,78,65,51,9,112,126,109,124,63,46"/><T25/><D37/><U55/><E118/><V132/><F111/><W120/><G109/><T97/><D117/><U96/><E125/><N who="3" m="48234" /><G112/><T49/><D123/><U0/><E42/><V74/><F119/><W12/><G78/><T31/><D127/><U35/><E35/><V43/><F29/><W86/><G120/><T52/><D79/><U133/><E133/><V62/><F115/><W108/><G86/><T53/><D110/><U113/><E113/><V84/><F132/><W131/><G100/><T5/><D5/><U38/><E38/><V66/><REACH who="2" step="1"/><F70/><REACH who="2" ten="245,279,263,203" step="2"/><N who="3" m="42303" /><G108/><T99/><REACH who="0" step="1"/><D88/><REACH who="0" ten="235,279,263,203" step="2"/><U67/><E77/><V93/><F93/><W32/><G131/><T33/><D33/><U56/><E90/><V4/><F4/><N who="3" m="3111" /><G32/><T75/><D75/><U92/><E92/><V129/><F129/><W72/><G72/><T21/><D21/><U116/><E23/><V50/><F50/><W41/><AGARI ba="0,2" hai="41,46,51,94,95" m="3111,42303,48234" machi="41" ten="30,1100,0" yaku="18,1" doraHai="122" who="3" fromWho="3" sc="235,-5,279,-3,263,-3,203,31" /><INIT seed="5,0,0,1,0,114" ten="230,276,260,234" oya="1" hai0="84,126,47,1,80,64,109,90,116,34,54,24,29" hai1="74,51,117,27,7,101,56,18,121,37,11,108,119" hai2="53,135,85,14,50,67,13,8,0,28,79,134,41" hai3="16,15,128,110,65,44,48,62,107,32,63,6,61"/><U42/><E121/><V73/><F73/><W75/><G110/><T45/><D109/><U123/><E123/><V93/><F67/><W92/><G107/><T59/><D1/><N who="1" m="495" /><E101/><V96/><F41/><W113/><G75/><T77/><D126/><U69/><E108/><V5/><F28/><W102/><G32/><T89/><D64/><U58/><E56/><N who="2" m="32823" /><F85/><W81/><G81/><T31/><D31/><U36/><E36/><V86/><F86/><W68/><G6/><T111/><D111/><U104/><E104/><V100/><F79/><W22/><G128/><T12/><D12/><U66/><E74/><V33/><F33/><W130/><G130/><T78/><D78/><U127/><E127/><V20/><F20/><W133/><G133/><AGARI ba="0,0" hai="0,5,8,13,14,93,96,100,133,134,135" m="32823" machi="133" ten="30,1000,0" yaku="20,1" doraHai="114" who="2" fromWho="3" sc="230,0,276,0,260,10,234,-10" /><INIT seed="6,0,0,0,1,96" ten="230,276,270,224" oya="2" hai0="40,87,135,29,100,41,127,103,74,88,25,79,39" hai1="3,131,97,111,108,125,73,22,46,33,15,107,133" hai2="99,115,110,20,12,129,4,114,128,49,50,134,77" hai3="53,14,71,7,124,92,0,52,11,42,23,130,67"/><V121/><F134/><W17/><G124/><T76/><D39/><U86/><E73/><V57/><F121/><W123/><G130/><N who="2" m="50281" /><F110/><W18/><G123/><T51/><D74/><U34/><E3/><V48/><F77/><N who="0" m="29770" /><D127/><U21/><E131/><V68/><F68/><W90/><G42/><N who="0" m="16491" /><D135/><U70/><E125/><V63/><F99/><W56/><G71/><T91/><D51/><U60/><E70/><V65/><F4/><W37/><G37/><T112/><D112/><N who="2" m="43050" /><F20/><W35/><G35/><T27/><D91/><U98/><E33/><V89/><F12/><W28/><G28/><T101/><D29/><U16/><E34/><V36/><F89/><W62/><REACH who="3" step="1"/><G17/><REACH who="3" ten="230,276,270,214" step="2"/><T2/><D2/><U105/><E111/><V59/><F59/><W113/><G113/><T32/><D32/><U81/><E108/><V82/><F36/><W93/><G93/><AGARI ba="0,1" hai="25,27,87,88,93,100,101,103" m="16491,29770" machi="93" ten="30,8000,1" yaku="8,1,52,3,54,1" doraHai="96" who="0" fromWho="3" sc="230,90,276,0,270,0,214,-80" owari="320,42.0,276,7.6,270,-13.0,134,-36.6" /></mjloggm>