<mjloggm ver="2.3"><GO type="225" lobby="0"/><UN n0="%70%68%65%6E%6F%6D%65" n1="%E3%81%A1%E3%82%85%E3%81%86%E3%81%A9%E3%81%8F%E8%B1%A1%E3%81%95%E3%82%93" n2="%33%74%72%65%65" n3="%E5%A4%96%E5%B7%9D%E7%AB%9C%E6%88%90" dan="17,17,17,16" rate="2176.84,2173.64,2163.06,2135.95" sx="M,M,F,M"/><TAIKYOKU oya="0"/><INIT seed="0,0,0,2,2,34" ten="250,250,250,250" oya="0" hai0="9,121,51,76,75,43,93,74,38,61,86,25,46" hai1="17,13,19,33,112,10,110,44,77,60,84,21,48" hai2="52,87,11,15,65,54,41,28,24,1,8,83,111" hai3="89,91,80,102,108,70,116,94,127,92,120,126,128"/><T37/><D121/><U66/><E110/><V62/><F111/><W6/><G108/><T20/><D61/><U107/><E107/><V56/><F41/><W49/><G70/><T96/><D86/><U32/><E112/><V16/><F1/><W117/><G6/><T99/><D99/><U119/><E119/><V109/><F8/><W133/><G49/><T36/><D9/><U35/><E84/><V2/><F2/><W124/><G120/><T134/><D76/><U68/><E77/><V26/><F109/><W67/><G67/><T47/><D47/><U104/><E104/><V132/><F132/><W63/><G63/><T105/><D105/><U125/><E125/><V39/><F39/><W27/><G27/><N who="2" m="10281" /><F28/><W40/><G40/><T97/><D97/><U118/><E118/><N who="3" m="45674" /><G133/><T95/><D134/><U18/><REACH who="1" step="1"/><E10/><REACH who="1" ten="250,240,250,250" step="2"/><V135/><F135/><W53/><G127/><T103/><REACH who="0" step="1"/><D93/><REACH who="0" ten="240,240,250,250" step="2"/><U73/><E73/><V29/><F29/><AGARI ba="0,2" hai="20,25,29,36,37,38,43,46,51,74,75,95,96,103" machi="29" ten="40,12000,1" yaku="1,1,2,1,53,3" doraHai="34" doraHaiUra="71" who="0" fromWho="2" sc="240,140,240,0,250,-120,250,0" /><INIT seed="0,1,0,4,4,15" ten="380,240,130,250" oya="0" hai0="66,115,121,126,2,85,80,127,45,113,111,40,114" hai1="78,131,123,68,63,75,82,59,23,11,128,109,10" hai2="46,55,105,3,20,77,17,51,125,86,108,49,93" hai3="101,30,94,41,54,97,83,12,31,61,1,122,100"/><T29/><D2/><U52/><E123/><V34/><F105/><W32/><G1/><T89/><D121/><U73/><E109/><V119/><F119/><W60/><G32/><T67/><D29/><U74/><E68/><V90/><F108/><W44/><G101/><T135/><D135/><U107/><E107/><V118/><F118/><W65/><G83/><T106/><D106/><U132/><E132/><V39/><F3/><W133/><G133/><T72/><D72/><U38/><E38/><V43/><F34/><W91/><G91/><T57/><D111/><U5/><E23/><V99/><F125/><N who="0" m="47626" /><D57/><U7/><E11/><V81/><REACH who="2" step="1"/><F55/><REACH who="2" ten="380,240,120,250" step="2"/><W110/><G54/><T98/><D98/><U96/><E128/><V42/><F42/><W22/><G110/><T116/><D116/><U129/><E129/><V13/><AGARI ba="1,1" hai="13,17,20,39,43,46,49,51,77,81,86,90,93,99" machi="13" ten="20,8000,1" yaku="1,1,0,1,7,1,52,1,53,1" doraHai="15" doraHaiUra="69" who="2" fromWho="2" sc="380,-41,240,-21,120,93,250,-21" /><INIT seed="1,0,0,3,3,31" ten="339,219,213,229" oya="1" hai0="75,92,41,65,28,107,42,124,104,51,131,45,121" hai1="56,47,109,129,70,11,128,62,58,39,74,72,49" hai2="134,120,135,9,40,59,115,96,25,2,73,60,130" hai3="108,116,97,100,50,133,111,85,69,103,55,99,64"/><U48/><E11/><V6/><F120/><W80/><G133/><N who="2" m="50697" /><F130/><N who="1" m="50281" /><E109/><N who="3" m="42058" /><G64/><T79/><D28/><U112/><E112/><V86/><F73/><N who="1" m="28265" /><E70/><V14/><F115/><W78/><G69/><T21/><D75/><U88/><E88/><V54/><F40/><W114/><G114/><T122/><D42/><N who="1" m="23007" /><E58/><V89/><F96/><N who="3" m="36939" /><G116/><T8/><D8/><U93/><E93/><N who="2" m="54455" /><F25/><W29/><G29/><T84/><D122/><U127/><E127/><V46/><F46/><AGARI ba="0,0" hai="46,50,55,78,80,85,100,103" m="36939,42058" machi="46" ten="30,1000,0" yaku="14,1" doraHai="31" who="3" fromWho="2" sc="339,0,219,0,213,-10,229,10" /><INIT seed="2,0,0,3,4,59" ten="339,219,203,239" oya="2" hai0="56,30,95,127,11,98,83,119,60,128,122,25,81" hai1="89,100,3,9,20,96,46,101,113,19,90,49,32" hai2="109,57,102,66,80,91,36,53,14,88,74,111,43" hai3="34,10,130,115,118,54,123,18,70,23,55,48,69"/><V134/><F134/><W94/><G123/><T24/><D122/><U124/><E113/><V21/><F66/><W84/><G118/><T41/><D119/><U62/><E32/><V22/><F102/><W65/><G34/><T126/><D41/><U7/><E124/><N who="0" m="47657" /><D11/><U5/><E5/><V58/><F43/><W39/><G55/><N who="0" m="33823" /><D128/><U125/><E125/><V2/><F36/><W12/><G10/><T16/><D16/><U27/><E62/><N who="2" m="36143" /><F2/><W61/><G39/><T106/><D106/><U135/><E135/><V76/><F58/><N who="3" m="33095" /><G130/><T6/><D6/><U75/><E75/><V38/><F38/><W112/><G69/><T68/><D68/><U26/><E26/><N who="0" m="10345" /><D30/><U42/><E100/><AGARI ba="0,0" hai="81,83,95,98,100" m="10345,33823,47657" machi="100" ten="30,2000,0" yaku="18,1,52,1" doraHai="59" who="0" fromWho="1" sc="339,20,219,-20,203,0,239,0" /><INIT seed="3,0,0,0,2,15" ten="359,199,203,239" oya="3" hai0="91,125,55,112,12,87,101,63,83,35,108,54,85" hai1="62,0,23,130,20,86,45,32,78,56,2,24,16" hai2="29,76,10,38,13,26,18,46,120,4,88,8,59" hai3="119,44,3,31,126,97,123,39,30,58,41,70,21"/><W66/><G3/><T131/><D35/><U121/><E121/><V135/><F120/><W25/><G123/><T42/><D108/><U7/><E130/><V133/><F76/><W90/><G119/><T40/><D131/><U109/><E32/><N who="2" m="20535" /><F59/><W49/><G126/><T73/><D73/><U51/><E109/><V115/><F115/><W61/><G90/><T74/><D74/><U107/><E107/><V106/><F106/><W111/><G97/><T92/><D112/><U50/><E7/><V67/><F67/><W27/><G111/><T68/><D101/><U81/><E20/><N who="2" m="11343" /><F88/><W114/><G114/><T52/><D125/><U19/><E19/><V98/><F98/><W17/><G27/><T129/><D129/><U84/><E84/><V117/><F117/><W9/><G9/><T134/><D63/><U11/><E11/><V1/><F10/><W64/><G64/><T37/><D68/><U113/><E113/><V65/><F65/><W36/><G36/><T80/><D92/><U95/><E95/><V14/><F14/><W79/><G79/><N who="0" m="46239" /><D37/><U33/><E33/><V72/><F72/><W77/><G77/><T105/><D105/><U132/><E132/><V116/><F116/><W6/><G6/><T71/><D134/><U96/><E96/><V82/><F82/><W103/><G103/><T102/><D71/><U47/><E47/><V122/><F122/><W124/><G124/><T34/><D34/><U28/><E28/><V110/><F110/><W128/><G128/><T100/><D12/><U22/><E22/><V104/><F104/><W60/><G60/><RYUUKYOKU ba="0,0" sc="359,10,199,-30,203,10,239,10" hai0="40,42,52,54,55,83,87,91,100,102" hai2="1,4,8,38,46,133,135" hai3="17,21,25,30,31,39,41,44,49,58,61,66,70" /><INIT seed="3,1,0,2,0,11" ten="369,169,213,249" oya="3" hai0="116,62,1,58,60,89,104,57,46,87,20,27,130" hai1="49,19,9,76,107,94,122,50,64,72,127,52,99" hai2="119,59,83,54,126,95,53,6,85,110,28,71,108" hai3="86,113,32,5,111,66,101,31,68,2,100,74,13"/><W79/><G113/><T3/><D104/><U22/><E122/><V129/><F119/><W21/><G74/><T80/><D116/><U96/><E127/><V132/><F126/><W70/><G79/><T48/><D130/><U34/><E34/><V98/><F129/><W77/><G77/><T93/><D80/><U114/><E114/><V73/><F71/><W106/><G86/><T135/><D135/><U10/><E64/><V90/><F132/><W12/><G2/><T4/><D4/><U63/><E63/><N who="0" m="24105" /><D1/><U120/><E120/><V61/><F73/><W117/><G100/><T14/><D14/><N who="3" m="5737" /><G31/><N who="0" m="17895" /><D3/><U18/><E107/><V118/><F118/><W88/><G101/><T39/><D39/><U40/><E99/><V45/><F28/><W17/><G17/><T26/><D26/><U15/><E72/><V121/><F6/><W102/><G102/><T133/><D133/><U23/><E76/><V128/><F128/><W92/><G66/><T91/><D89/><N who="1" m="55375" /><E40/><AGARI ba="1,0" hai="40,46,48,57,58,87,91,93" m="17895,24105" machi="40" ten="30,1000,0" yaku="8,1" doraHai="11" who="0" fromWho="1" sc="369,13,169,-13,213,0,249,0" owari="382,48.2,156,-34.4,213,-18.7,249,4.9" /></mjloggm>