<mjloggm ver="2.3"><GO type="225" lobby="0"/><UN n0="%E3%81%82%E3%81%84%E3%81%82%E3%81%8A%E3%81%84" n1="%6D%75%75%6D%75%72%61" n2="%E3%81%AF%E3%82%88%E3%81%8A%E3%81%98%E3%81%95%E3%82%93" n3="%E5%A4%8F%E9%88%B4%E9%88%B4%E5%A4%8F" dan="18,16,16,16" rate="2239.80,2152.22,2094.90,2132.65" sx="M,F,M,M"/><TAIKYOKU oya="0"/><INIT seed="0,0,0,0,2,123" ten="250,250,250,250" oya="0" hai0="89,77,57,94,117,50,36,106,82,48,32,35,49" hai1="61,29,91,119,41,22,13,88,68,73,122,90,69" hai2="39,6,8,125,131,10,115,118,133,128,104,126,40" hai3="4,47,121,75,3,70,34,33,74,43,54,76,58"/><T130/><D117/><U64/><E122/><V1/><F104/><W60/><G121/><T80/><D106/><U53/><E73/><V114/><F40/><W37/><G70/><T86/><D36/><U63/><E41/><V87/><F39/><W2/><G74/><T28/><D130/><N who="2" m="49706" /><F87/><W27/><G27/><T101/><D28/><U92/><E119/><V9/><F118/><W124/><G124/><N who="2" m="47721" /><F133/><W45/><G45/><T25/><D25/><U16/><E29/><V12/><F9/><N who="3" m="2199" /><G3/><T135/><D135/><U46/><E46/><V105/><F105/><W19/><G19/><AGARI ba="0,0" hai="1,6,8,10,12,19,114,115" m="47721,49706" machi="19" ten="30,7700,0" yaku="19,1,18,1,34,2" doraHai="123" who="2" fromWho="3" sc="250,0,250,0,250,77,250,-77" /><INIT seed="1,0,0,0,5,111" ten="250,250,327,173" oya="1" hai0="73,16,69,84,37,10,19,78,47,59,11,25,67" hai1="28,60,57,36,2,31,7,68,81,51,94,74,98" hai2="9,110,76,121,56,82,42,43,20,134,3,29,32" hai3="5,71,96,1,54,27,72,12,132,113,53,80,45"/><U88/><E36/><V116/><F116/><W48/><G132/><T124/><D69/><U13/><E2/><V58/><F121/><W40/><G71/><T41/><D73/><U26/><E68/><V17/><F110/><W101/><G1/><T50/><D124/><U90/><E51/><V128/><F134/><W34/><G34/><T118/><D118/><U35/><E28/><V4/><F128/><W99/><G72/><T85/><D37/><U49/><E49/><V115/><F115/><W62/><G113/><T55/><D67/><U65/><E7/><V22/><F22/><W91/><G27/><T21/><D78/><U46/><E46/><V18/><F18/><W112/><G112/><T30/><D30/><U106/><E106/><V70/><F70/><W130/><G130/><T92/><D92/><U23/><E13/><N who="2" m="9263" /><F56/><W114/><G114/><T104/><D104/><U109/><E109/><V64/><F64/><W95/><G62/><N who="0" m="36223" /><D19/><U6/><E6/><V120/><F58/><W83/><G83/><T15/><D15/><U44/><E44/><V24/><F120/><W105/><REACH who="3" step="1"/><G80/><REACH who="3" ten="250,250,327,163" step="2"/><T135/><D135/><U0/><E0/><V100/><F82/><W79/><G79/><T77/><D77/><N who="1" m="44215" /><E35/><V123/><F123/><W38/><G38/><T93/><D25/><U133/><E133/><V102/><F76/><W103/><G103/><AGARI ba="0,1" hai="23,26,31,57,60,65,88,90,94,98,103" m="44215" machi="103" ten="30,2900,0" yaku="25,1,54,1" doraHai="111" who="1" fromWho="3" sc="250,0,250,39,327,0,163,-29" /><AGARI ba="0,0" hai="3,4,9,24,29,32,42,43,100,102,103" m="9263" machi="103" ten="30,1000,0" yaku="24,1" doraHai="111" who="2" fromWho="3" sc="250,0,289,0,327,10,134,-10" /><INIT seed="1,1,0,5,1,64" ten="250,289,337,124" oya="1" hai0="135,29,106,89,91,20,116,109,76,43,62,110,87" hai1="84,14,111,72,15,52,105,70,60,121,30,19,124" hai2="134,133,107,45,27,9,68,25,53,79,56,120,42" hai3="93,98,67,71,33,7,55,118,78,80,125,128,11"/><U47/><E72/><V50/><F120/><W126/><G33/><T22/><D106/><U28/><E121/><V57/><F107/><W61/><G55/><T104/><D104/><U36/><E105/><V100/><F100/><W101/><G128/><T66/><D116/><U17/><E124/><V108/><F108/><N who="0" m="41578" /><D43/><U119/><E119/><V4/><F68/><W23/><G23/><N who="0" m="8747" /><D29/><U129/><E129/><V85/><F56/><W96/><G96/><T122/><D122/><U69/><E111/><V90/><F79/><W95/><G95/><T94/><D135/><N who="2" m="51722" /><F90/><W131/><G131/><T77/><D91/><U74/><E52/><V34/><F85/><W21/><G21/><T35/><D35/><U88/><E74/><V37/><F34/><W5/><G118/><T10/><D10/><U59/><E59/><AGARI ba="1,0" hai="59,62,66,76,77,87,89,94" m="8747,41578" machi="59" ten="30,1000,0" yaku="14,1" doraHai="64" who="0" fromWho="1" sc="250,13,289,-13,337,0,124,0" /><INIT seed="2,0,0,4,0,87" ten="263,276,337,124" oya="2" hai0="123,94,89,19,106,37,115,99,72,36,17,77,38" hai1="96,111,95,13,70,90,110,83,68,114,52,30,120" hai2="2,10,59,122,24,92,35,48,129,33,126,47,32" hai3="39,64,25,118,22,82,29,14,11,74,134,16,128"/><V12/><F122/><W102/><G118/><T93/><D115/><U9/><E114/><V103/><F2/><W119/><G119/><T50/><D123/><U79/><E120/><V62/><F126/><W100/><G39/><T44/><D106/><U23/><E23/><V55/><F129/><W107/><G128/><T127/><D127/><U133/><E30/><V51/><F24/><W108/><G108/><N who="1" m="41514" /><E133/><V27/><F27/><W40/><G134/><T7/><D7/><N who="1" m="3263" /><E52/><V43/><F62/><W57/><G40/><T66/><D66/><U41/><E41/><V4/><F103/><W113/><G113/><T53/><REACH who="0" step="1"/><D94/><REACH who="0" ten="253,276,337,124" step="2"/><U28/><E28/><V131/><F131/><W5/><G107/><T42/><D42/><U49/><E49/><V98/><F92/><W88/><G74/><AGARI ba="0,1" hai="68,70,74,79,83,90,95,96" m="3263,41514" machi="74" ten="30,2000,0" yaku="14,1,52,1" doraHai="87" who="1" fromWho="3" sc="253,0,276,30,337,0,124,-20" /><INIT seed="3,0,0,1,4,84" ten="253,306,337,104" oya="3" hai0="39,127,8,2,17,91,64,44,54,26,85,103,9" hai1="106,15,21,33,23,30,132,61,47,135,63,73,55" hai2="120,109,80,99,19,27,81,74,49,1,113,6,129" hai3="22,134,56,82,11,123,46,43,65,107,126,0,77"/><W93/><G134/><T48/><D127/><U29/><E106/><V25/><F113/><W104/><G123/><T112/><D112/><U90/><E73/><V70/><F70/><W68/><G68/><T36/><D103/><U12/><E47/><V117/><F117/><W114/><G114/><T28/><D64/><U62/><E55/><V96/><F109/><W20/><G126/><T110/><D110/><U128/><E128/><V32/><F49/><W125/><G125/><T53/><D53/><U60/><E60/><V111/><F111/><W89/><G56/><T50/><D48/><U76/><E76/><V69/><F69/><W124/><G65/><T95/><D2/><U88/><E63/><V10/><F129/><W7/><G124/><T116/><D116/><U31/><E31/><V86/><F80/><W87/><G104/><T98/><D98/><U67/><E67/><V75/><F74/><W66/><G66/><T24/><D24/><U38/><E38/><V35/><F75/><N who="3" m="43327" /><G107/><T18/><D8/><U100/><E100/><V45/><F45/><W5/><G7/><T101/><D101/><U97/><E135/><V122/><F35/><W13/><G13/><T3/><D18/><U14/><E132/><V115/><F115/><W121/><G121/><N who="2" m="46697" /><F19/><W78/><G78/><T92/><D92/><U41/><E33/><V4/><F6/><W118/><G118/><T51/><D51/><U42/><E14/><V102/><F32/><W79/><G79/><T119/><D119/><U37/><E37/><AGARI ba="0,0" hai="0,5,11,20,22,37,43,46,87,89,93" m="43327" machi="37" ten="30,2900,0" yaku="25,1,52,1" doraHai="84" who="3" fromWho="1" sc="253,0,306,-29,337,0,104,29" /><INIT seed="3,1,0,2,2,12" ten="253,277,337,133" oya="3" hai0="34,48,82,84,47,83,2,31,100,67,56,125,5" hai1="75,8,107,17,63,113,111,87,109,49,40,37,18" hai2="103,85,123,98,72,43,65,7,92,132,102,76,28" hai3="129,88,95,58,20,118,96,32,1,4,99,115,33"/><W15/><G115/><T104/><D125/><U53/><E75/><V90/><F132/><W45/><G118/><T6/><D104/><U105/><E113/><V39/><F123/><W51/><G129/><T35/><D100/><U119/><E119/><V110/><F110/><N who="1" m="41993" /><E8/><V68/><F72/><W19/><G58/><T61/><D83/><U16/><E63/><V79/><F102/><W54/><REACH who="3" step="1"/><G96/><REACH who="3" ten="253,277,337,123" step="2"/><T89/><D56/><N who="1" m="32815" /><E87/><V120/><F85/><W91/><G91/><T77/><D89/><U60/><E60/><V10/><F90/><W50/><G50/><T101/><D48/><U78/><E78/><V21/><F79/><W117/><G117/><T23/><D77/><U112/><E112/><V133/><F76/><W116/><G116/><T121/><D84/><U44/><AGARI ba="1,1" hai="16,17,18,37,40,44,105,107" m="32815,41993" machi="44" ten="40,8000,1" yaku="14,1,52,3,54,1" doraHai="12" who="1" fromWho="1" sc="253,-21,277,93,337,-21,123,-41" owari="232,-16.8,370,47.0,316,11.6,82,-41.8" /></mjloggm>