<mjloggm ver="2.3"><GO type="225" lobby="0"/><UN n0="%72%65%6E%6B%75%6E" n1="%E7%B4%94%E6%BD%94%E3%83%94%E3%83%A9%E3%83%8B%E3%82%A2" n2="%E9%B3%B3%E6%9D%B1%E3%81%AE%E3%81%86%E3%81%95%E3%81%8E%E3%81%95%E3%82%93" n3="%E3%83%B4%E3%82%A3%E3%83%AF%E3%82%B3%E3%82%B0%E3%83%8B" dan="17,16,17,16" rate="2229.38,2200.86,2300.19,2172.52" sx="M,M,M,M"/><TAIKYOKU oya="0"/><INIT seed="0,0,0,3,4,74" ten="250,250,250,250" oya="0" hai0="26,97,68,81,56,73,18,98,42,78,53,75,51" hai1="100,66,28,29,45,64,16,0,123,1,14,84,34" hai2="43,8,13,24,36,116,62,33,94,11,126,91,61" hai3="57,86,23,89,77,59,52,6,115,82,49,47,55"/><T22/><D68/><U72/><E72/><V117/><F126/><W12/><G115/><T132/><D132/><U63/><E123/><V17/><F8/><N who="3" m="4119" /><G23/><T134/><D134/><U130/><E130/><V71/><F36/><W48/><G47/><T15/><D42/><U127/><E127/><V50/><F50/><W124/><G124/><T135/><D135/><U125/><E100/><V4/><F43/><W103/><G103/><T93/><D75/><U114/><E45/><V120/><F120/><W39/><G39/><T83/><D83/><U54/><E54/><V96/><F71/><W69/><G69/><T133/><D133/><U31/><E34/><V88/><F91/><AGARI ba="0,0" hai="48,49,52,55,57,59,77,82,86,89,91" m="4119" machi="91" ten="30,3900,0" yaku="8,1,52,1,54,1" doraHai="74" who="3" fromWho="2" sc="250,0,250,0,250,-39,250,39" /><INIT seed="1,0,0,4,4,7" ten="250,250,211,289" oya="1" hai0="94,74,72,55,129,50,84,124,61,95,34,8,119" hai1="88,69,107,78,99,122,82,56,67,81,106,120,30" hai2="63,53,80,127,64,96,32,111,29,125,79,65,132" hai3="87,134,58,62,110,22,91,21,10,102,16,126,33"/><U123/><E69/><V100/><F111/><W23/><G110/><T117/><D34/><U5/><E30/><V59/><F132/><W109/><G109/><T93/><D129/><U26/><E26/><V27/><F127/><W13/><G126/><T51/><D124/><U37/><E37/><V46/><F46/><W76/><G33/><T118/><D84/><N who="1" m="50191" /><E5/><V128/><F128/><W4/><G102/><T114/><D114/><U1/><E1/><V131/><F131/><W19/><G76/><T101/><D101/><N who="1" m="62783" /><E56/><V75/><REACH who="2" step="1"/><F125/><REACH who="2" ten="250,250,201,289" step="2"/><W9/><G134/><T35/><D35/><U130/><E130/><V104/><AGARI ba="0,1" hai="27,29,32,53,59,63,64,65,75,79,80,96,100,104" machi="104" ten="20,5200,0" yaku="1,1,2,1,0,1,7,1,53,0" doraHai="7" doraHaiUra="133" who="2" fromWho="2" sc="250,-13,250,-26,201,62,289,-13" /><INIT seed="2,0,0,2,0,47" ten="237,224,263,276" oya="2" hai0="54,64,117,71,41,42,105,17,14,91,21,102,12" hai1="32,40,56,135,26,36,24,82,121,57,13,25,126" hai2="60,33,96,20,55,97,6,90,59,130,124,86,89" hai3="119,123,95,29,81,2,4,66,113,101,15,109,43"/><V61/><F33/><W8/><G109/><T65/><D117/><U52/><E121/><V30/><F130/><W78/><G119/><T58/><D105/><U9/><E135/><V116/><F116/><W98/><G113/><T129/><D102/><U118/><E118/><V35/><F35/><W131/><G131/><T31/><D31/><U77/><E126/><V72/><F72/><W84/><G123/><T28/><D28/><U63/><E32/><V120/><F120/><W10/><G29/><T3/><D3/><U50/><E36/><V103/><F124/><W100/><G43/><N who="0" m="16395" /><D71/><U39/><E39/><V45/><F6/><W80/><G66/><N who="0" m="25707" /><D91/><U19/><E40/><V94/><F89/><W88/><REACH who="3" step="1"/><G80/><REACH who="3" ten="237,224,263,266" step="2"/><T46/><D129/><U110/><E110/><V93/><F30/><W5/><AGARI ba="0,1" hai="2,4,5,8,10,15,78,81,84,88,95,98,100,101" machi="5" ten="20,8000,1" yaku="1,1,2,1,0,1,7,1,54,1,53,0" doraHai="47" doraHaiUra="49" who="3" fromWho="3" sc="237,-20,224,-20,263,-40,266,90" /><INIT seed="3,0,0,2,0,102" ten="217,204,223,356" oya="3" hai0="82,64,63,28,24,16,87,130,45,7,93,65,133" hai1="53,124,99,89,39,109,11,31,32,129,122,4,111" hai2="26,27,112,104,43,103,134,128,86,37,66,125,18" hai3="135,9,105,80,116,29,126,10,21,42,98,48,3"/><W51/><G116/><T73/><D73/><U96/><E39/><V36/><F112/><W22/><G80/><T100/><D133/><U13/><E122/><V94/><F104/><W62/><G62/><T91/><D130/><U108/><E129/><V38/><F128/><W23/><G105/><T118/><D7/><U0/><E124/><V90/><F125/><W117/><G117/><T123/><D123/><U14/><E53/><V110/><F134/><W107/><G107/><T115/><D115/><U77/><E77/><V55/><F66/><W69/><G69/><T92/><D118/><U120/><E120/><V78/><F43/><W19/><G3/><T97/><D28/><U46/><E46/><V8/><F103/><W74/><G74/><T33/><D33/><U75/><E75/><V17/><F110/><W12/><G98/><N who="1" m="37418" /><E89/><V106/><F106/><W119/><G119/><T72/><D72/><U76/><E76/><V70/><F70/><W79/><G79/><N who="0" m="46559" /><D45/><U59/><E59/><V131/><F131/><W52/><G42/><T5/><D63/><U68/><E68/><V67/><F78/><W1/><G1/><T34/><D34/><U121/><E121/><V58/><F67/><N who="0" m="25674" /><D5/><U15/><E32/><V113/><F113/><W2/><G135/><T132/><D132/><U35/><E35/><V25/><F8/><W20/><G9/><T56/><D56/><U114/><E114/><V49/><AGARI ba="0,0" hai="17,18,25,26,27,36,37,38,49,55,58,86,90,94" machi="49" ten="40,1500,0" yaku="0,1" doraHai="102" who="2" fromWho="2" sc="217,-4,204,-4,223,15,356,-7" owari="213,-18.7,200,-30.0,238,3.8,349,44.9" /></mjloggm>