<mjloggm ver="2.3"><GO type="225" lobby="0"/><UN n0="%E3%82%BC%E3%83%AB%E3%83%80%E3%81%AE%E4%BC%9D%E8%AA%AC" n1="%E3%81%86%E3%83%BC%E3%81%B1%E3%83%BC" n2="%E5%8D%A0%E3%81%84%E5%B8%AB%E8%A3%8F%E3%81%AA%E3%81%84%E3%81%97" n3="%73%6C%69%63%6B%33%31%39" dan="17,17,16,16" rate="2210.96,2181.26,2134.52,2098.69" sx="M,F,M,M"/><TAIKYOKU oya="0"/><INIT seed="0,0,0,0,3,0" ten="250,250,250,250" oya="0" hai0="97,105,96,130,126,87,4,107,42,122,78,64,133" hai1="65,93,113,90,123,45,54,80,8,71,41,85,27" hai2="99,84,21,9,109,11,49,22,79,59,92,121,82" hai3="61,50,129,77,95,13,2,24,1,102,118,51,108"/><T39/><D122/><U94/><E123/><V104/><F104/><W134/><G118/><T110/><D64/><U30/><E113/><V28/><F109/><W74/><G108/><T18/><D110/><U15/><E65/><V70/><F70/><W19/><G24/><T53/><D18/><N who="1" m="8551" /><E41/><V63/><F49/><W111/><G74/><T25/><D53/><U135/><E135/><V32/><F32/><W17/><G77/><T48/><D48/><N who="1" m="28943" /><E71/><V23/><F28/><W89/><G1/><T55/><D55/><U34/><AGARI ba="0,0" hai="27,30,34,80,85,90,93,94" m="28943,8551" machi="34" ten="30,1100,0" yaku="25,1" doraHai="0" who="1" fromWho="1" sc="250,-5,250,11,250,-3,250,-3" /><INIT seed="1,0,0,4,3,69" ten="245,261,247,247" oya="1" hai0="105,41,58,1,106,86,51,92,74,54,89,26,43" hai1="37,133,32,28,90,75,44,16,108,6,88,115,102" hai2="91,79,23,10,18,63,128,71,47,14,60,61,107" hai3="124,21,135,40,31,45,11,97,19,3,42,120,104"/><U55/><E115/><V125/><F107/><W117/><G120/><T131/><D131/><U2/><E102/><V38/><F128/><W9/><G124/><T116/><D116/><U123/><E123/><V93/><F125/><W36/><G117/><T111/><D111/><U80/><E55/><V30/><F79/><W100/><G135/><T118/><D118/><U35/><E16/><V24/><F71/><W49/><G31/><T87/><D74/><U52/><E52/><V110/><F110/><W17/><G3/><T12/><D1/><U7/><E7/><V130/><F130/><W83/><G83/><T72/><D72/><U73/><E73/><V56/><F47/><W39/><G19/><T22/><D87/><U95/><E28/><V112/><F112/><W8/><REACH who="3" step="1"/><G42/><REACH who="3" ten="245,261,247,237" step="2"/><T15/><D43/><N who="1" m="22639" /><E133/><V5/><F30/><W103/><G103/><T101/><D41/><U57/><E108/><V99/><REACH who="2" step="1"/><F38/><REACH who="2" ten="245,261,237,237" step="2"/><W29/><G29/><T126/><D126/><U53/><E35/><V33/><F33/><W94/><G94/><T109/><D109/><U113/><E95/><V20/><F20/><W82/><G82/><T85/><D105/><U68/><E32/><V0/><F0/><W77/><G77/><T129/><D129/><U67/><E80/><V64/><AGARI ba="0,2" hai="5,10,14,18,23,24,56,60,61,63,64,91,93,99" machi="64" ten="20,5200,0" yaku="1,1,0,1,7,1,8,1,53,0" doraHai="69" doraHaiUra="66" who="2" fromWho="2" sc="245,-13,261,-26,237,72,237,-13" /><INIT seed="2,0,0,0,0,32" ten="232,235,309,224" oya="2" hai0="134,40,16,60,101,114,47,86,23,75,124,49,0" hai1="77,116,79,82,132,7,66,44,18,105,43,84,28" hai2="72,57,11,122,24,87,34,38,113,42,5,80,13" hai3="53,83,120,117,50,70,112,94,2,118,4,106,12"/><V14/><F113/><W108/><G120/><T135/><D114/><U74/><E116/><V100/><F122/><W15/><G106/><T133/><D124/><U51/><E132/><V30/><F100/><W110/><G70/><T10/><D75/><U69/><E105/><V21/><F57/><W39/><G39/><T8/><D101/><U9/><E28/><V22/><F34/><W68/><G68/><T130/><D130/><U20/><E66/><V88/><F72/><W45/><G112/><T81/><D60/><U56/><E56/><V109/><F109/><N who="3" m="42091" /><G94/><T131/><D0/><U107/><E107/><V64/><F64/><W71/><G83/><T37/><D37/><U128/><E128/><V76/><F76/><W90/><G90/><N who="0" m="51535" /><D131/><U78/><E69/><V85/><F38/><W97/><G97/><T65/><D65/><U98/><E98/><V26/><F87/><W121/><G71/><T89/><D89/><U127/><E127/><V92/><F80/><W54/><G54/><T58/><D58/><U96/><E96/><V73/><F73/><W129/><G121/><T63/><D63/><U48/><E48/><V35/><F42/><W119/><G129/><T123/><D123/><U3/><E74/><V102/><F102/><W31/><G31/><T126/><D126/><U52/><E43/><V41/><F41/><W93/><G93/><T29/><D29/><U111/><E111/><V25/><F35/><W103/><G103/><T95/><D95/><U33/><E33/><V91/><F91/><W125/><G125/><T67/><D67/><U27/><AGARI ba="0,0" hai="3,7,9,18,20,27,44,51,52,77,78,79,82,84" machi="27" ten="20,8000,1" yaku="5,1,0,1,7,1,52,1,54,1" doraHai="32" who="1" fromWho="1" sc="232,-20,235,80,309,-40,224,-20" /><INIT seed="3,0,0,4,0,94" ten="212,315,269,204" oya="3" hai0="78,92,26,101,86,30,1,21,81,127,74,52,89" hai1="17,57,109,129,58,23,75,135,90,44,4,36,96" hai2="35,116,55,71,76,79,62,13,118,34,69,65,59" hai3="115,68,106,128,131,102,32,49,83,22,11,97,104"/><W95/><G32/><T134/><D127/><U40/><E75/><V110/><F110/><W8/><G115/><T42/><D134/><U120/><E120/><V10/><F69/><W5/><G68/><T80/><D1/><U130/><E4/><V3/><F3/><W125/><G125/><T43/><D101/><U14/><E109/><V33/><F79/><W121/><G121/><T39/><D39/><U77/><E77/><V85/><F76/><W61/><G83/><T73/><D73/><U2/><E2/><V114/><F85/><W105/><G61/><T29/><D81/><U87/><E96/><V63/><REACH who="2" step="1"/><F114/><REACH who="2" ten="212,315,259,204" step="2"/><W72/><G72/><T31/><D74/><U133/><E58/><V132/><F132/><N who="1" m="50761" /><E57/><V123/><F123/><W19/><G49/><T18/><D78/><U126/><E126/><V91/><F91/><W12/><REACH who="3" step="1"/><G8/><REACH who="3" ten="212,315,259,194" step="2"/><T28/><D80/><AGARI ba="0,2" hai="14,17,23,36,40,44,80,87,90,129,130" m="50761" machi="80" ten="30,1000,0" yaku="20,1" doraHai="94" who="1" fromWho="0" sc="212,-10,315,30,259,0,194,0" owari="202,-19.8,345,44.5,259,5.9,194,-30.6" /></mjloggm>