<mjloggm ver="2.3"><GO type="225" lobby="0"/><UN n0="%E3%81%BF%E3%81%BF%E3%81%9A" n1="%E3%81%9F%E3%81%93%E2%98%86%E7%84%BC%E3%81%8D" n2="%72%61%6B%33" n3="%E4%B8%89%E5%86%A0%E7%8E%8B%E3%83%BB%E5%B1%B1%E7%94%B0%E5%93%B2%E4%BA%BA" dan="17,16,16,16" rate="2241.02,2090.17,2167.09,2157.78" sx="M,M,M,M"/><TAIKYOKU oya="0"/><INIT seed="0,0,0,0,0,93" ten="250,250,250,250" oya="0" hai0="125,115,33,121,128,23,21,80,5,98,119,50,31" hai1="42,124,131,7,95,30,71,69,87,15,72,16,64" hai2="1,96,129,48,37,134,75,101,2,63,51,109,83" hai3="13,58,107,133,22,126,105,78,79,17,118,9,20"/><T117/><D115/><U62/><E72/><V111/><F37/><W132/><G118/><T135/><D121/><U11/><E131/><V114/><F114/><W59/><G126/><T100/><D125/><U70/><E42/><V65/><F51/><W36/><G36/><T68/><D68/><U89/><E124/><V103/><F48/><W10/><G13/><T14/><D128/><U113/><E30/><V43/><F103/><W81/><G81/><T60/><D60/><U38/><E38/><V26/><F26/><W102/><G102/><T74/><D33/><U108/><E108/><N who="2" m="41547" /><F43/><W0/><REACH who="3" step="1"/><G17/><REACH who="3" ten="250,250,250,240" step="2"/><T122/><D119/><U8/><E113/><V61/><F129/><W27/><G27/><T84/><D100/><U120/><E120/><V3/><F134/><W116/><G116/><T123/><D135/><U49/><E49/><V54/><F65/><W127/><G127/><T67/><D117/><U6/><REACH who="1" step="1"/><E16/><REACH who="1" ten="250,240,250,240" step="2"/><V19/><F19/><W32/><G32/><T44/><D123/><U52/><E52/><V35/><F54/><W29/><G29/><T85/><D31/><U47/><E47/><V88/><F35/><W18/><G18/><T24/><D122/><U104/><E104/><N who="2" m="63527" /><F75/><W4/><G4/><T130/><D5/><U73/><E73/><V55/><F55/><W28/><G28/><N who="0" m="17423" /><D74/><U57/><E57/><V82/><F82/><W90/><G90/><N who="0" m="51463" /><D130/><U76/><E76/><V99/><F83/><W53/><G53/><T66/><D44/><U34/><E34/><V39/><F39/><W110/><G110/><T106/><D50/><U77/><E77/><RYUUKYOKU ba="0,2" sc="250,-30,240,10,250,10,240,10" hai1="6,7,8,11,15,62,64,69,70,71,87,89,95" hai2="1,2,3,61,63,88,99" hai3="0,9,10,20,22,58,59,78,79,105,107,132,133" /><INIT seed="1,1,2,2,4,134" ten="220,250,260,250" oya="1" hai0="71,31,36,44,65,13,57,106,108,45,87,55,94" hai1="98,17,116,60,59,67,52,25,119,23,21,12,79" hai2="102,105,19,117,37,11,35,0,126,90,47,30,9" hai3="42,115,53,112,104,63,123,99,96,43,135,33,86"/><U77/><E119/><V84/><F117/><W40/><G33/><T66/><D106/><U74/><E74/><V130/><F130/><W78/><G123/><T91/><D108/><U121/><E121/><V114/><F114/><W39/><G39/><T122/><D122/><U124/><E124/><V129/><F129/><W7/><G135/><T18/><D31/><U20/><E116/><V133/><F133/><W75/><G75/><T113/><D113/><U26/><E98/><N who="3" m="37418" /><G104/><T109/><D109/><U61/><E21/><V68/><F68/><W101/><G115/><T51/><D36/><U56/><REACH who="1" step="1"/><E12/><REACH who="1" ten="220,240,260,250" step="2"/><V92/><F126/><W24/><G112/><T88/><D71/><U118/><E118/><V54/><F35/><W2/><G2/><T8/><D91/><U38/><E38/><V62/><F37/><W132/><G132/><T16/><D18/><AGARI ba="1,3" hai="17,18,20,23,25,26,52,56,59,60,61,67,77,79" machi="18" ten="30,12000,1" yaku="1,1,7,1,9,1,8,1,54,1,53,0" doraHai="134" doraHaiUra="46" who="1" fromWho="0" sc="220,-123,240,153,260,0,250,0" /><INIT seed="1,2,0,3,0,11" ten="97,393,260,250" oya="1" hai0="96,127,113,53,18,100,69,26,91,14,61,115,4" hai1="59,12,27,132,19,88,110,71,80,46,97,33,37" hai2="15,108,109,101,117,86,39,134,66,44,57,41,92" hai3="17,70,83,63,1,111,35,122,64,135,7,68,38"/><U76/><E71/><V29/><F117/><W105/><G17/><T56/><D127/><U42/><E132/><V123/><F123/><W131/><G83/><T102/><D4/><U98/><E110/><V78/><F134/><W32/><G63/><T54/><D69/><U50/><E33/><V107/><F29/><W21/><G21/><T20/><D113/><U13/><E37/><V34/><F34/><W52/><G52/><T89/><D115/><U43/><E42/><V129/><F129/><W67/><G67/><T79/><D79/><U0/><E0/><V133/><F133/><W114/><G64/><T51/><D26/><U77/><E59/><V25/><F25/><W31/><G7/><T36/><D36/><U116/><E116/><V16/><F107/><W72/><G31/><T58/><REACH who="0" step="1"/><D100/><REACH who="0" ten="87,393,260,250" step="2"/><U118/><E77/><V73/><F78/><W40/><G70/><T85/><D85/><N who="1" m="50215" /><E76/><V130/><F39/><W48/><G114/><T90/><D90/><U23/><E118/><V22/><F101/><W60/><G38/><T93/><AGARI ba="2,1" hai="14,18,20,51,53,54,56,58,61,89,91,93,96,102" machi="93" ten="20,8000,1" yaku="1,1,0,1,7,1,8,1,52,1,53,0" doraHai="11" doraHaiUra="74" who="0" fromWho="0" sc="87,96,393,-42,260,-22,250,-22" /><INIT seed="2,0,0,4,4,94" ten="183,351,238,228" oya="2" hai0="114,91,111,23,68,29,13,102,79,44,4,36,33" hai1="133,104,51,130,83,82,98,55,30,49,42,43,65" hai2="113,64,97,115,87,45,37,67,63,101,14,0,57" hai3="90,24,75,117,93,126,76,17,85,124,18,31,108"/><V122/><F0/><W3/><G117/><T39/><D114/><U134/><E65/><V53/><F122/><W60/><G3/><T10/><D68/><U19/><E30/><V127/><F127/><N who="3" m="48683" /><G108/><T66/><D111/><U81/><E19/><N who="3" m="7178" /><G60/><T103/><D66/><U121/><E130/><V73/><F73/><W99/><G75/><T38/><D79/><U74/><E74/><V86/><F14/><W56/><G56/><T120/><D33/><U11/><E11/><V89/><F67/><W131/><G131/><T77/><D77/><U34/><E34/><V96/><F113/><W7/><G7/><T25/><D120/><U107/><E81/><V109/><F115/><W123/><G123/><T41/><REACH who="0" step="1"/><D91/><REACH who="0" ten="173,351,238,228" step="2"/><U72/><E121/><V26/><F89/><W16/><G76/><T28/><D28/><U8/><E134/><V15/><F109/><W129/><G129/><T1/><D1/><U132/><E133/><V118/><F64/><W92/><G31/><T5/><D5/><U110/><E110/><V78/><F78/><W69/><G69/><T100/><AGARI ba="0,1" hai="4,10,13,23,25,29,36,38,39,41,44,100,102,103" machi="100" ten="30,2000,0" yaku="1,1,0,1,53,0" doraHai="94" doraHaiUra="46" who="0" fromWho="0" sc="173,30,351,-5,238,-10,228,-5" /><INIT seed="3,0,0,4,5,43" ten="203,346,228,223" oya="3" hai0="131,68,14,61,95,60,28,15,64,66,4,65,17" hai1="31,100,8,51,80,126,90,120,115,99,110,119,32" hai2="36,83,57,74,62,41,18,125,106,12,84,76,78" hai3="130,129,117,46,44,104,105,5,103,0,109,33,123"/><W79/><G117/><T2/><D131/><N who="3" m="50185" /><G123/><T94/><D28/><U25/><E110/><V45/><F106/><N who="3" m="41067" /><G109/><T101/><D2/><U19/><E100/><V122/><F122/><W97/><G33/><T39/><D39/><U11/><E126/><V16/><F125/><W70/><G70/><T6/><D101/><U40/><E8/><V63/><F63/><N who="0" m="24138" /><D68/><U93/><E115/><V38/><F38/><W56/><G79/><T21/><D21/><U118/><E80/><V37/><F37/><W98/><G56/><T73/><D73/><U26/><E120/><V133/><F133/><W50/><G50/><T54/><D54/><U35/><E51/><V135/><F135/><W67/><G67/><T1/><D1/><U88/><E32/><V59/><F59/><W7/><G0/><T82/><D82/><U75/><E35/><V71/><F71/><W132/><G132/><T96/><D96/><N who="3" m="36969" /><G103/><T124/><D124/><U77/><E77/><V116/><F116/><W121/><G121/><T29/><D29/><U34/><E31/><V128/><F128/><W48/><G48/><T20/><D15/><U112/><E34/><V13/><F76/><W134/><G134/><T27/><D14/><N who="2" m="5738" /><F74/><W89/><G89/><T91/><D91/><U49/><E88/><N who="2" m="51231" /><F36/><W69/><G69/><T53/><D53/><U92/><E90/><V10/><F78/><W111/><G111/><T47/><D47/><AGARI ba="0,0" hai="5,7,44,46,47" m="36969,41067,50185" machi="47" ten="40,18000,2" yaku="28,2,19,1,52,3" doraHai="43" who="3" fromWho="0" sc="203,-180,346,0,228,0,223,180" owari="23,-47.7,346,14.6,228,-17.2,403,50.3" /></mjloggm>