<mjloggm ver="2.3"><GO type="225" lobby="0"/><UN n0="%E5%A4%9C%E3%81%AE%E3%82%AC%E3%82%B9%E3%83%91%E3%83%BC%E3%83%AB" n1="%E3%81%B5%E3%81%98%E3%81%8B%E3%81%A4" n2="%E5%AD%90%E4%BE%9B%E4%BC%9A%E5%93%A1" n3="%77%72%77%72%77%72%77%72" dan="17,16,17,17" rate="2206.12,2103.33,2139.47,2223.21" sx="M,M,M,M"/><TAIKYOKU oya="0"/><INIT seed="0,0,0,1,3,124" ten="250,250,250,250" oya="0" hai0="68,58,102,116,75,33,21,122,27,34,84,106,14" hai1="19,59,42,117,114,46,79,83,30,53,37,100,94" hai2="95,10,43,28,22,107,70,129,17,35,92,56,72" hai3="81,131,130,18,47,73,112,96,93,98,2,26,126"/><T55/><D75/><U1/><E117/><V90/><F70/><W4/><G112/><T76/><D122/><U9/><E114/><V8/><F107/><W3/><G126/><T54/><D116/><U69/><E69/><V45/><F72/><W104/><G104/><T121/><D121/><U67/><E67/><V88/><F35/><W13/><G26/><T63/><D14/><U51/><E30/><V66/><F28/><W78/><G98/><T6/><D6/><N who="1" m="1231" /><E94/><V119/><F129/><N who="3" m="49163" /><G47/><T105/><D68/><U0/><E0/><V82/><F45/><W108/><G108/><T62/><D106/><U71/><E19/><V74/><F17/><W41/><G41/><T38/><D38/><U65/><E100/><V115/><F43/><W77/><G77/><T113/><D113/><U80/><E79/><V57/><F119/><W135/><G135/><T12/><D102/><U64/><E64/><V91/><F66/><W29/><G29/><T52/><D105/><U60/><AGARI ba="0,0" hai="37,42,46,51,53,59,60,65,71,80,83" m="1231" machi="60" ten="30,1100,0" yaku="24,1" doraHai="124" who="1" fromWho="1" sc="250,-5,250,11,250,-3,250,-3" /><INIT seed="1,0,0,4,5,105" ten="245,261,247,247" oya="1" hai0="34,78,72,19,88,43,31,110,27,41,56,48,32" hai1="111,106,108,93,130,63,38,17,74,66,87,40,49" hai2="69,62,98,7,9,37,28,11,114,104,124,122,131" hai3="47,96,8,52,89,91,86,92,73,2,0,15,58"/><U115/><E115/><V64/><F122/><W35/><G35/><T95/><D110/><N who="1" m="42027" /><E106/><V100/><F131/><W116/><G116/><T84/><D34/><U76/><E130/><V14/><F124/><W79/><G47/><T77/><D77/><U55/><E17/><V51/><F37/><W85/><G73/><T102/><D102/><U54/><E93/><V120/><F120/><W20/><G79/><T71/><D71/><N who="1" m="42463" /><E87/><V1/><F114/><W83/><G96/><T126/><D126/><U123/><E123/><V39/><F28/><W81/><G92/><T125/><D125/><U128/><E128/><V3/><F100/><W22/><G0/><T21/><D32/><U135/><E135/><V101/><F1/><W10/><G2/><T46/><D19/><U25/><E25/><V18/><F3/><W60/><G8/><T26/><D26/><U119/><E119/><V44/><F11/><W97/><G97/><T61/><D78/><U53/><E38/><V68/><F39/><W16/><AGARI ba="0,0" hai="10,15,16,20,22,52,58,60,81,83,85,86,89,91" machi="16" ten="20,12000,2" yaku="0,1,7,1,9,1,8,1,54,2" doraHai="105" who="3" fromWho="3" sc="245,-30,261,-60,247,-30,247,120" /><INIT seed="2,0,0,2,1,129" ten="215,201,217,367" oya="2" hai0="46,69,24,125,107,30,105,15,98,2,40,71,88" hai1="50,95,72,38,135,90,36,82,96,19,116,6,0" hai2="115,11,49,20,14,108,80,63,110,131,41,67,100" hai3="12,48,32,99,68,66,4,8,86,74,81,83,73"/><V78/><F115/><W34/><G99/><T102/><D2/><U117/><E135/><V45/><F131/><W92/><G92/><T94/><D125/><U33/><E33/><V128/><F128/><W44/><G81/><T126/><D126/><U9/><E19/><V87/><F20/><W118/><G118/><T39/><D15/><U17/><E50/><V103/><F63/><W97/><G97/><T65/><D65/><U31/><E31/><V3/><F67/><W133/><G133/><T58/><D58/><U130/><E130/><V59/><F59/><W132/><G132/><T56/><D56/><U134/><E134/><V111/><REACH who="2" step="1"/><F3/><REACH who="2" ten="215,201,207,367" step="2"/><W79/><G66/><T114/><D114/><U85/><E117/><V106/><F106/><W5/><G68/><T37/><D107/><U26/><E116/><V43/><F43/><N who="3" m="24607" /><G32/><T54/><D54/><U35/><E35/><V29/><F29/><W113/><G34/><T21/><REACH who="0" step="1"/><D39/><REACH who="0" ten="205,201,207,367" step="2"/><U70/><E70/><V7/><AGARI ba="0,2" hai="7,11,14,41,45,49,78,80,87,100,103,108,110,111" machi="7" ten="30,18000,2" yaku="1,1,0,1,25,2,14,1,10,1,53,0" doraHai="129" doraHaiUra="112" who="2" fromWho="2" sc="205,-60,201,-60,207,200,367,-60" /><INIT seed="2,1,0,3,2,32" ten="145,141,407,307" oya="2" hai0="114,102,80,116,115,122,81,28,88,98,15,60,52" hai1="38,89,57,39,48,87,105,50,127,103,112,16,72" hai2="12,119,51,22,130,69,54,110,134,132,26,36,113" hai3="109,55,135,35,0,120,5,37,9,101,129,14,23"/><V108/><F119/><W75/><G75/><T31/><D122/><U49/><E112/><V4/><F113/><W118/><G37/><T104/><D116/><U70/><E72/><V13/><F69/><W24/><G55/><T44/><D115/><U43/><E70/><V59/><F36/><W71/><G101/><T85/><D114/><U123/><E123/><V92/><F92/><W63/><G63/><T117/><D117/><U25/><E127/><V29/><F130/><W27/><G71/><T91/><D15/><N who="2" m="5706" /><F4/><W79/><G79/><T74/><D74/><U121/><E121/><V111/><AGARI ba="1,0" hai="22,26,29,51,54,59,108,110,111,132,134" m="5706" machi="111" ten="40,3900,0" yaku="14,1,10,1" doraHai="32" who="2" fromWho="2" sc="145,-14,141,-14,407,42,307,-14" /><INIT seed="2,2,0,5,2,54" ten="131,127,449,293" oya="2" hai0="6,59,74,80,72,132,97,87,20,116,121,2,71" hai1="73,40,82,79,119,134,96,31,133,76,58,128,9" hai2="103,48,60,55,61,107,38,36,17,33,112,16,41" hai3="67,65,111,115,32,56,95,46,11,43,102,106,125"/><V24/><F112/><W51/><G106/><T113/><D113/><U66/><E119/><V10/><F107/><W68/><G32/><T0/><D121/><U94/><E40/><V104/><F104/><W110/><G115/><T14/><D71/><U89/><E9/><V75/><F75/><W35/><G35/><T30/><D116/><U42/><E42/><V98/><F98/><N who="3" m="59743" /><G68/><T5/><D132/><N who="1" m="50795" /><E31/><V12/><F103/><W122/><G122/><T28/><D97/><U91/><E79/><V1/><F1/><W81/><G125/><T37/><D37/><U63/><E128/><V50/><F33/><W57/><G81/><T23/><D80/><U109/><E109/><N who="3" m="41482" /><G11/><T101/><D101/><AGARI ba="2,0" hai="58,63,66,73,76,82,89,91,94,96,101" m="50795" machi="101" ten="30,2000,0" yaku="20,1,52,1" doraHai="54" who="1" fromWho="0" sc="131,-26,127,26,449,0,293,0" /><INIT seed="3,0,0,4,3,80" ten="105,153,449,293" oya="3" hai0="1,127,84,131,71,106,34,124,2,123,44,16,132" hai1="64,94,111,56,12,133,37,27,95,19,120,40,101" hai2="7,36,115,134,28,43,76,67,105,53,31,70,63" hai3="8,100,52,10,116,109,119,23,13,74,41,18,87"/><W46/><G74/><T96/><D123/><U59/><E111/><V79/><F115/><W21/><G109/><T117/><D117/><U51/><E120/><V5/><F105/><W26/><G100/><T113/><D71/><U9/><E133/><V103/><F134/><W72/><G72/><T75/><D132/><U99/><E37/><V69/><F69/><W114/><G114/><T14/><D113/><U97/><E64/><V82/><F103/><W129/><G129/><T11/><D75/><U88/><E27/><V39/><F39/><W60/><G119/><T42/><D34/><U92/><E92/><V125/><F125/><N who="0" m="48202" /><D131/><U118/><E118/><V35/><F35/><W73/><G73/><T121/><D121/><U91/><E101/><V25/><F36/><W47/><G116/><T104/><D104/><U3/><E3/><N who="0" m="1033" /><D96/><U112/><E112/><V83/><F43/><W128/><G128/><T81/><D106/><U38/><E38/><V93/><F93/><W29/><G41/><T57/><D57/><U54/><E40/><V110/><F110/><W30/><G30/><N who="2" m="11305" /><F25/><W135/><G135/><T65/><D65/><U107/><E107/><V0/><F0/><W48/><G60/><T102/><D102/><U85/><E59/><N who="2" m="35311" /><F67/><W98/><G98/><AGARI ba="0,0" hai="9,12,19,51,54,56,85,88,91,94,95,97,98,99" machi="98" ten="30,7700,0" yaku="7,1,8,1,52,1,54,1" doraHai="80" who="1" fromWho="3" sc="105,0,153,77,449,0,293,-77" owari="105,-39.5,230,3.0,449,54.9,216,-18.4" /></mjloggm>