<mjloggm ver="2.3"><GO type="225" lobby="0"/><UN n0="%E7%BD%AA%E5%88%91%E6%B3%95%E5%AE%9A%E4%B8%BB%E7%BE%A9" n1="%E3%81%9F%E3%81%93%E2%98%86%E7%84%BC%E3%81%8D" n2="%70%68%65%6E%6F%6D%65" n3="%E3%81%95%E3%81%8D%E3%81%9F%E3%81%BE%E6%9E%97%E6%AA%8E" dan="16,16,17,16" rate="2156.87,2117.65,2200.48,2107.27" sx="M,M,M,M"/><TAIKYOKU oya="0"/><INIT seed="0,0,0,2,5,42" ten="250,250,250,250" oya="0" hai0="123,66,22,57,3,60,133,11,129,55,116,100,54" hai1="23,74,4,73,36,18,103,84,134,132,26,8,83" hai2="130,46,117,93,99,40,20,17,69,50,114,86,120" hai3="126,45,59,70,7,32,29,112,9,76,107,14,56"/><T52/><D116/><U119/><E36/><V89/><F120/><W125/><G107/><T24/><D123/><U91/><E103/><V64/><F114/><W38/><G112/><T35/><D35/><U128/><E128/><V80/><F130/><W106/><G106/><T97/><D129/><U67/><E67/><V53/><F117/><W87/><G70/><T58/><D133/><N who="1" m="51307" /><E119/><V0/><F0/><AGARI ba="0,0" hai="0,4,8,18,23,26,73,74,83,84,91" m="51307" machi="0" ten="30,1000,0" yaku="20,1" doraHai="42" who="1" fromWho="2" sc="250,0,250,10,250,-10,250,0" /><INIT seed="1,0,0,2,5,112" ten="250,260,240,250" oya="1" hai0="45,15,38,95,22,31,57,113,2,43,20,94,93" hai1="7,28,19,98,26,21,105,49,27,128,48,66,41" hai2="53,50,99,40,0,125,64,85,24,46,110,1,84" hai3="116,92,124,39,103,87,37,91,36,109,59,115,6"/><U102/><E128/><V130/><F130/><W10/><G109/><T88/><D2/><U73/><E73/><V44/><F110/><W13/><G115/><T104/><D104/><U12/><E41/><V96/><F125/><W47/><G124/><T89/><D113/><U114/><E114/><V61/><F24/><W4/><G4/><T35/><D35/><U8/><REACH who="1" step="1"/><E66/><REACH who="1" ten="250,250,240,250" step="2"/><V34/><F34/><AGARI ba="0,1" hai="7,8,12,19,21,26,27,28,34,48,49,98,102,105" machi="34" ten="30,5800,0" yaku="1,1,2,1,7,1,53,0" doraHai="112" doraHaiUra="106" who="1" fromWho="2" sc="250,0,250,68,240,-58,250,0" /><INIT seed="1,1,0,0,2,45" ten="250,318,182,250" oya="1" hai0="106,21,28,130,128,96,76,86,103,69,50,31,121" hai1="22,47,46,9,37,41,15,57,70,92,18,85,82" hai2="120,49,25,62,13,94,11,71,125,73,56,80,7" hai3="42,93,68,17,81,112,8,19,44,133,115,4,127"/><U102/><E70/><V2/><F120/><W101/><G133/><T38/><D38/><U116/><E116/><V108/><F108/><W53/><G127/><T32/><D69/><U91/><E57/><V72/><F125/><W48/><G68/><T52/><D121/><U59/><E59/><V88/><F25/><W39/><G81/><N who="0" m="47399" /><D21/><U75/><E47/><V83/><F2/><W84/><G115/><T111/><D32/><U26/><E75/><V6/><F6/><W43/><G112/><T30/><D111/><U79/><E102/><V135/><F135/><W113/><G113/><T10/><D10/><U98/><REACH who="1" step="1"/><E9/><REACH who="1" ten="250,308,182,250" step="2"/><V35/><F73/><W117/><G117/><T27/><D130/><U61/><E61/><V131/><F72/><W126/><G44/><N who="0" m="27719" /><D128/><U1/><E1/><V110/><F131/><W100/><G126/><T118/><D118/><U33/><E33/><V87/><F110/><W12/><G8/><T5/><D103/><U107/><E107/><V36/><F35/><W34/><G101/><T134/><D106/><U16/><E16/><V0/><F0/><W114/><G19/><T95/><D134/><U63/><E63/><V129/><F129/><W60/><G60/><T77/><D31/><U55/><E55/><N who="2" m="31855" /><F36/><W29/><G39/><T99/><D30/><U58/><E58/><V90/><F71/><W104/><G104/><T119/><D119/><U122/><E122/><V105/><F105/><W20/><G34/><T97/><D28/><U51/><E51/><V14/><F62/><W132/><G114/><T24/><D5/><U40/><E40/><RYUUKYOKU ba="1,1" sc="250,-10,308,30,182,-10,250,-10" hai1="15,18,22,26,37,41,46,79,82,85,91,92,98" /><INIT seed="1,2,1,5,3,16" ten="240,338,172,240" oya="1" hai0="74,25,123,73,24,43,37,51,67,19,111,108,40" hai1="30,122,90,9,98,126,56,52,84,88,105,93,36" hai2="124,50,32,115,65,102,5,104,44,128,61,0,60" hai3="68,33,27,62,120,125,20,86,28,69,92,97,42"/><U53/><E36/><V118/><F118/><W94/><G125/><T14/><D37/><U29/><E126/><V13/><F124/><W72/><G72/><N who="0" m="27755" /><D67/><U127/><E105/><V39/><F128/><W45/><G120/><T3/><D3/><U114/><E122/><V70/><F115/><W87/><G33/><T34/><D51/><N who="1" m="30751" /><E114/><V82/><F32/><W48/><G94/><T101/><D101/><N who="1" m="60623" /><E9/><V129/><F129/><W76/><G76/><T41/><D34/><U26/><E127/><V55/><F0/><W80/><G80/><T110/><D123/><U18/><E53/><V7/><F82/><W64/><REACH who="3" step="1"/><G68/><REACH who="3" ten="240,338,172,230" step="2"/><T99/><D99/><U1/><E1/><V100/><F104/><W49/><G49/><T47/><D47/><U117/><E117/><V78/><F39/><W107/><G107/><T31/><D31/><U71/><E71/><V96/><F96/><W8/><G8/><AGARI ba="2,2" hai="8,14,19,24,25,40,41,43,108,110,111" m="27755" machi="8" ten="40,1300,0" yaku="14,1" doraHai="16" who="0" fromWho="3" sc="240,39,338,0,172,0,230,-19" /><INIT seed="2,0,0,0,3,118" ten="279,338,172,211" oya="2" hai0="131,26,80,117,75,79,110,113,47,50,21,36,32" hai1="135,52,120,82,94,27,61,56,72,103,59,128,6" hai2="78,10,58,42,69,66,84,116,81,89,129,111,22" hai3="45,19,13,126,121,95,34,40,60,96,7,85,12"/><V100/><F116/><W17/><G126/><T33/><D117/><U20/><E6/><V109/><F129/><W70/><G34/><T53/><D113/><U107/><E135/><V24/><F69/><W105/><G121/><T31/><D110/><N who="2" m="41994" /><F100/><W41/><G105/><T106/><D131/><U91/><E120/><V101/><F101/><W67/><G85/><T64/><D106/><U87/><E107/><V57/><F42/><W125/><G125/><T86/><D36/><U71/><E71/><V76/><F10/><W54/><G54/><T127/><D127/><U48/><E72/><V39/><F39/><W104/><G104/><T115/><D115/><U63/><E128/><V11/><F11/><W114/><G114/><T44/><D64/><U23/><E23/><V102/><F102/><W1/><G1/><T30/><D30/><N who="1" m="17767" /><E48/><V16/><F66/><W14/><G7/><T0/><D0/><U73/><E73/><N who="2" m="43151" /><F78/><W49/><REACH who="3" step="1"/><G41/><REACH who="3" ten="279,338,172,201" step="2"/><T2/><D2/><U28/><E87/><V77/><F77/><W132/><G132/><T62/><D86/><U4/><E4/><V130/><F130/><W97/><G97/><T38/><D33/><U5/><E5/><V25/><F25/><W18/><G18/><T93/><D32/><U88/><E28/><V99/><F99/><W122/><G122/><T9/><D75/><U51/><E52/><V65/><F65/><W83/><G83/><AGARI ba="0,1" hai="16,22,24,57,58,83,84,89" m="43151,41994" machi="83" ten="30,5800,0" yaku="14,1,10,1,54,1" doraHai="118" who="2" fromWho="3" sc="279,0,338,0,172,68,201,-58" /><INIT seed="2,1,0,3,0,125" ten="279,338,240,143" oya="2" hai0="111,59,81,64,121,17,62,128,49,41,70,19,73" hai1="97,36,12,124,39,98,110,32,103,99,133,85,14" hai2="22,21,61,112,88,89,51,40,108,135,101,92,67" hai3="2,43,69,77,7,126,122,35,83,79,134,6,116"/><V102/><F112/><W34/><G116/><T52/><D121/><U56/><E32/><V96/><F135/><W120/><G69/><T66/><D111/><U106/><E110/><V26/><F108/><W94/><G134/><T80/><D66/><U18/><E124/><V10/><F10/><W105/><G105/><T131/><D41/><U76/><E98/><V71/><F22/><W23/><G126/><T42/><D42/><U37/><E99/><V129/><F129/><N who="0" m="49738" /><D73/><U38/><E133/><V45/><REACH who="2" step="1"/><F101/><REACH who="2" ten="279,338,230,143" step="2"/><W114/><G114/><T24/><D24/><U90/><E103/><V65/><F65/><W68/><G23/><T20/><D20/><U93/><E36/><V100/><F100/><W107/><G122/><T31/><D31/><AGARI ba="1,1" hai="21,26,31,40,45,51,61,67,71,88,89,92,96,102" machi="31" ten="30,5800,0" yaku="1,1,7,1,54,1,53,0" doraHai="125" doraHaiUra="123" who="2" fromWho="0" sc="279,-61,338,0,230,71,143,0" /><INIT seed="2,2,0,0,3,59" ten="218,338,301,143" oya="2" hai0="24,109,52,68,99,74,132,19,116,42,113,120,33" hai1="102,124,69,26,104,87,54,70,72,7,12,79,28" hai2="1,76,122,64,80,127,38,107,91,61,57,21,94" hai3="25,134,93,71,128,3,2,41,46,23,66,121,108"/><V18/><F122/><W31/><G108/><T103/><D113/><U67/><E72/><V131/><F127/><W118/><G118/><T126/><D120/><U135/><E135/><V49/><F131/><W40/><G128/><T130/><D74/><U55/><E70/><V8/><F38/><W77/><G134/><T84/><D130/><U27/><E27/><V13/><F107/><W17/><G121/><T100/><D132/><U83/><E12/><V81/><F49/><W48/><G77/><T123/><D68/><U58/><E58/><V110/><F110/><W37/><G37/><T97/><D42/><U63/><E7/><V86/><REACH who="2" step="1"/><F76/><REACH who="2" ten="218,338,291,143" step="2"/><W14/><G48/><T65/><D109/><U43/><E124/><V0/><F0/><W115/><G2/><T34/><D126/><U95/><E104/><V125/><F125/><W16/><G3/><T62/><D123/><U96/><REACH who="1" step="1"/><E43/><REACH who="1" ten="218,328,291,143" step="2"/><V56/><F56/><W53/><G41/><T11/><D116/><U75/><E75/><V51/><F51/><W30/><G40/><T78/><D62/><U129/><E129/><V133/><F133/><W85/><G71/><T60/><D60/><U32/><AGARI ba="2,2" hai="26,28,32,54,55,63,67,69,79,83,87,95,96,102" machi="32" ten="20,5200,0" yaku="1,1,0,1,7,1,52,1,53,0" doraHai="59" doraHaiUra="114" who="1" fromWho="1" sc="218,-15,328,78,291,-28,143,-15" /><INIT seed="3,0,0,0,4,110" ten="203,406,263,128" oya="3" hai0="131,120,118,84,114,36,73,0,23,20,49,77,17" hai1="7,40,69,103,27,88,91,35,130,71,70,42,19" hai2="44,51,80,50,106,54,28,1,104,117,100,93,46" hai3="126,79,123,81,64,90,122,4,15,33,127,109,16"/><W61/><G33/><T129/><D36/><U76/><E103/><V57/><F117/><W58/><G4/><T96/><D73/><U43/><E76/><V26/><F1/><W65/><G65/><T78/><D0/><U47/><E47/><V29/><F80/><W59/><G59/><T5/><D5/><U75/><E75/><V134/><F134/><W14/><G14/><T32/><D32/><U18/><E7/><V48/><F104/><W101/><G101/><T135/><D118/><U56/><E56/><V125/><F106/><W132/><G132/><T87/><D120/><U107/><E107/><V38/><F38/><W53/><G64/><T37/><D37/><U3/><E3/><V95/><F125/><N who="3" m="47627" /><G90/><T66/><D135/><U112/><E27/><V97/><F26/><W60/><G60/><T11/><D66/><U31/><E31/><N who="2" m="11851" /><F95/><W39/><G39/><T111/><D111/><U89/><E35/><V82/><F82/><W25/><G25/><T62/><D62/><AGARI ba="0,0" hai="44,46,48,50,51,54,57,62,93,97,100" m="11851" machi="62" ten="30,1000,0" yaku="8,1" doraHai="110" who="2" fromWho="0" sc="203,-10,406,0,263,10,128,0" owari="193,-20.7,406,50.6,273,7.3,128,-37.2" /></mjloggm>