<mjloggm ver="2.3"><GO type="225" lobby="0"/><UN n0="%E5%B8%86%E7%AB%8B%E5%A4%8F%E8%A1%A3" n1="%E3%82%8C%E3%81%99%E3%81%93" n2="%E3%83%A9%E3%83%BC%E3%83%A1%E3%83%B3%E4%BA%94%E9%83%8E" n3="%E3%83%A9%E3%82%A4%E3%83%B3%E3%81%AE%E8%99%8E" dan="17,17,16,16" rate="2164.36,2253.07,2148.79,2139.48" sx="M,F,M,M"/><TAIKYOKU oya="0"/><INIT seed="0,0,0,5,4,22" ten="250,250,250,250" oya="0" hai0="101,126,119,35,5,78,9,33,10,32,86,39,133" hai1="12,128,99,118,96,51,111,1,69,57,30,37,20" hai2="58,73,34,6,15,60,107,82,75,16,11,46,94" hai3="105,44,85,130,24,19,3,84,4,110,48,95,103"/><T72/><D119/><U40/><E1/><V63/><F107/><W52/><G105/><T98/><D133/><U129/><E69/><V55/><F34/><W65/><G110/><T97/><D126/><U135/><E111/><V104/><F104/><W92/><G130/><N who="1" m="50282" /><E118/><V31/><F31/><W108/><G108/><T76/><D86/><U25/><E135/><V93/><F46/><W77/><G65/><T114/><D114/><U23/><E37/><V38/><F38/><W66/><G66/><T50/><D39/><U121/><E121/><V13/><F63/><W106/><G106/><T45/><D101/><U0/><E0/><V71/><F71/><W112/><G112/><T68/><D68/><U89/><E89/><V100/><F100/><W113/><G113/><T53/><D10/><U83/><E83/><V70/><F70/><W80/><G103/><T79/><REACH who="0" step="1"/><D72/><REACH who="0" ten="240,250,250,250" step="2"/><U27/><E99/><V87/><F73/><W131/><G131/><T26/><D26/><U132/><E96/><V88/><F75/><W115/><G115/><T56/><D56/><U7/><E132/><V47/><F47/><W36/><G36/><T123/><D123/><U67/><E57/><V125/><F125/><W59/><G84/><T127/><D127/><U8/><E27/><V21/><AGARI ba="0,1" hai="6,11,13,15,16,21,55,58,60,82,87,88,93,94" machi="21" ten="20,8000,1" yaku="0,1,7,1,8,1,54,2" doraHai="22" who="2" fromWho="2" sc="240,-40,250,-20,250,90,250,-20" /><INIT seed="1,0,0,3,1,115" ten="200,230,340,230" oya="1" hai0="12,40,37,99,126,30,16,79,46,19,74,67,113" hai1="65,56,116,52,71,75,36,133,120,117,29,114,24" hai2="41,73,22,108,69,93,122,64,91,112,3,59,84" hai3="44,17,6,86,28,11,102,10,0,9,50,49,55"/><U81/><E114/><V68/><F122/><W54/><G102/><T89/><D113/><U95/><E120/><V125/><F3/><W135/><G135/><T72/><D126/><U38/><E133/><V8/><F112/><W119/><G28/><T33/><D67/><U31/><E95/><V53/><F73/><W58/><G119/><T32/><D19/><U39/><E65/><V60/><F108/><W78/><G17/><T25/><D33/><U4/><E71/><V124/><F41/><W132/><G132/><T111/><D111/><U94/><E4/><V107/><F8/><W100/><G100/><T27/><D27/><U14/><E14/><V1/><F1/><W104/><G104/><T66/><D66/><U118/><E94/><V92/><F107/><W76/><G86/><T34/><D34/><U26/><E31/><V83/><F22/><W121/><G121/><T61/><D61/><U51/><REACH who="1" step="1"/><E29/><REACH who="1" ten="200,220,340,230" step="2"/><V57/><F69/><W131/><G6/><T129/><D129/><U127/><E127/><N who="2" m="48715" /><F68/><W45/><G131/><T85/><D99/><U105/><E105/><V97/><F97/><W106/><G106/><T88/><D12/><U5/><E5/><V103/><F103/><W35/><G0/><T130/><D130/><U109/><E109/><V82/><F93/><W80/><G35/><T20/><D32/><U70/><E70/><V128/><F128/><W62/><REACH who="3" step="1"/><G80/><REACH who="3" ten="200,220,340,220" step="2"/><N who="0" m="47263" /><D30/><U2/><E2/><V90/><F90/><W18/><G18/><T77/><D77/><AGARI ba="0,2" hai="24,26,36,38,39,51,52,56,75,77,81,116,117,118" machi="77" ten="50,12000,1" yaku="1,1,52,3,54,1,53,0" doraHai="115" doraHaiUra="42" who="1" fromWho="0" sc="200,-120,220,140,340,0,220,0" /><INIT seed="1,1,0,1,3,8" ten="80,360,340,220" oya="1" hai0="7,24,23,57,36,35,119,54,52,77,32,121,90" hai1="59,51,37,40,115,6,124,62,103,81,86,46,126" hai2="53,123,87,78,89,84,134,118,68,2,93,120,111" hai3="55,47,63,129,98,72,31,67,16,127,0,19,3"/><U113/><E103/><V83/><F2/><W74/><G127/><N who="1" m="48682" /><E6/><V135/><F68/><W29/><G129/><T82/><D119/><U122/><E86/><V88/><F118/><W96/><G47/><T79/><D121/><N who="2" m="46666" /><F53/><W13/><G55/><T17/><D36/><U22/><E81/><N who="2" m="47159" /><F111/><W21/><G21/><T104/><D104/><U71/><E22/><V61/><F61/><W125/><G63/><T9/><D90/><U112/><E122/><V56/><F56/><W85/><G125/><T44/><D79/><U42/><E71/><V11/><F11/><W132/><G85/><AGARI ba="1,0" hai="83,85,87,88,89,93,134,135" m="47159,46666" machi="85" ten="30,3900,0" yaku="34,2,54,1" doraHai="8" who="2" fromWho="3" sc="80,0,360,0,340,42,220,-42" /><INIT seed="2,0,0,2,4,3" ten="80,360,382,178" oya="2" hai0="95,64,97,99,125,92,14,20,134,110,32,37,88" hai1="68,122,130,49,39,43,9,56,77,51,127,85,33" hai2="21,98,18,109,100,79,120,89,61,72,113,78,36" hai3="80,71,101,117,47,19,114,8,42,108,102,133,76"/><V41/><F120/><W2/><G117/><T22/><D110/><U81/><E33/><V105/><F113/><W103/><G108/><T0/><D134/><U50/><E68/><V17/><F109/><W60/><G133/><T31/><D125/><U28/><E127/><V1/><F1/><W86/><G114/><T45/><D0/><U66/><E28/><V4/><F72/><W34/><G34/><T69/><D32/><U94/><E130/><V23/><F36/><W26/><G26/><T91/><D31/><U30/><E30/><V16/><F41/><W115/><G115/><T83/><D83/><U10/><E122/><V132/><F132/><W128/><G128/><T48/><D37/><U75/><E39/><V40/><F40/><W84/><G84/><T73/><D73/><U90/><E43/><V104/><F104/><W11/><G19/><T7/><D64/><U106/><E106/><V119/><F119/><W124/><G124/><T96/><D96/><U118/><E118/><V55/><F89/><W129/><G129/><T65/><D65/><U13/><E13/><V70/><F70/><W35/><G35/><T5/><D69/><U46/><E46/><V112/><F112/><W107/><G107/><T87/><D87/><N who="1" m="52575" /><E75/><V58/><REACH who="2" step="1"/><F4/><REACH who="2" ten="80,360,372,178" step="2"/><N who="0" m="1610" /><D14/><U93/><E93/><V12/><F12/><W29/><G2/><T24/><D24/><U27/><E27/><V126/><F126/><W54/><G71/><T111/><D111/><U52/><E66/><V57/><F57/><W82/><G42/><AGARI ba="0,1" hai="20,22,42,45,48,88,91,92,95,97,99" m="1610" machi="42" ten="30,8000,1" yaku="8,1,52,3,54,1" doraHai="3" who="0" fromWho="3" sc="80,90,360,0,372,0,178,-80" /><INIT seed="3,0,0,5,1,35" ten="170,360,372,98" oya="3" hai0="81,122,51,104,62,42,17,27,91,113,63,75,34" hai1="12,59,74,13,5,23,24,106,47,4,76,15,30" hai2="20,130,105,92,134,132,29,85,39,96,32,49,54" hai3="133,68,125,98,60,66,67,129,70,101,22,48,97"/><W108/><G108/><T14/><D104/><U19/><E106/><V119/><F130/><W135/><G129/><T7/><D7/><U124/><E124/><V115/><F119/><W50/><G22/><T65/><D113/><U61/><E74/><V69/><F115/><W112/><G112/><T83/><D122/><U123/><E123/><V95/><F69/><N who="3" m="26731" /><G60/><T89/><D27/><U25/><E76/><V131/><F32/><W55/><G101/><T36/><D34/><U10/><E47/><N who="2" m="27967" /><F131/><W31/><G31/><T58/><D63/><U82/><E82/><V8/><F39/><W90/><G90/><T87/><D36/><U37/><E37/><V1/><F85/><W21/><G21/><T88/><D83/><U52/><E4/><N who="2" m="1039" /><F96/><N who="3" m="36971" /><G55/><T107/><D107/><U38/><E38/><V46/><F105/><W99/><N who="3" m="36979" /><W28/><DORA hai="0" /><G28/><T111/><D111/><U86/><E86/><V57/><F57/><W45/><G45/><N who="0" m="26039" /><D75/><U102/><E102/><V9/><F46/><W64/><G125/><T127/><D127/><U56/><E56/><V16/><F29/><W40/><G40/><T117/><D117/><U41/><E41/><V94/><F9/><AGARI ba="0,0" hai="9,14,17,58,62,65,81,87,88,89,91" m="26039" machi="9" ten="30,2000,0" yaku="8,1,54,1" doraHai="35,0" who="0" fromWho="2" sc="170,20,360,0,372,-20,98,0" owari="190,-21.0,360,46.0,352,15.2,98,-40.2" /></mjloggm>