<mjloggm ver="2.3"><GO type="225" lobby="0"/><UN n0="%E3%81%BF%E3%81%BF%E3%81%9A" n1="%E3%82%A2%E3%83%A1%E3%82%A2%E3%83%A9%E3%83%AC" n2="%E9%B3%B3%E6%9D%B1%E3%81%AE%E3%81%BF%E3%81%91%E3%81%AB%E3%82%83%E3%82%93" n3="%72%69%6F%75%63%68%61%6E" dan="18,16,17,17" rate="2255.20,2054.98,2132.02,2266.35" sx="M,M,F,M"/><TAIKYOKU oya="0"/><INIT seed="0,0,0,5,0,85" ten="250,250,250,250" oya="0" hai0="98,12,39,131,101,122,18,74,78,75,128,125,127" hai1="61,66,97,62,0,86,68,132,8,55,3,73,7" hai2="80,64,19,83,45,76,119,108,117,25,105,134,22" hai3="53,59,107,56,60,121,34,88,65,32,135,79,48"/><T130/><D39/><U46/><E73/><N who="0" m="27657" /><D122/><U106/><E132/><V47/><F105/><W94/><G135/><T5/><D5/><U41/><E86/><V23/><F134/><W90/><G107/><N who="0" m="63927" /><D78/><U26/><E26/><V4/><F4/><W44/><G121/><T43/><D43/><U109/><E109/><V110/><F64/><W91/><G79/><T96/><D96/><U102/><E61/><V70/><F70/><W40/><REACH who="3" step="1"/><G94/><REACH who="3" ten="250,250,250,240" step="2"/><T49/><D49/><AGARI ba="0,1" hai="32,34,40,44,48,49,53,56,59,60,65,88,90,91" machi="49" ten="40,12000,2" yaku="1,1,2,1,52,3,54,1,53,0" doraHai="85" doraHaiUra="81" who="3" fromWho="0" sc="250,-120,250,0,250,0,240,130" /><INIT seed="1,0,0,1,4,37" ten="130,250,250,370" oya="1" hai0="114,134,92,69,79,60,88,133,13,39,105,127,28" hai1="31,128,32,130,35,97,116,135,4,125,132,109,110" hai2="102,95,16,100,29,11,122,103,23,41,46,9,86" hai3="77,49,1,68,5,67,131,99,66,12,14,72,56"/><U124/><E116/><V119/><F122/><W85/><G72/><T19/><D114/><U55/><E4/><V94/><F29/><W45/><G68/><T76/><D105/><U42/><E42/><V98/><F86/><W20/><G131/><N who="1" m="50218" /><E55/><V73/><F73/><W40/><G99/><T61/><D28/><U89/><E89/><V10/><F119/><W0/><G0/><T112/><D112/><U107/><E97/><V30/><F30/><W27/><G1/><T106/><D39/><U121/><E107/><V84/><F84/><W91/><G77/><N who="0" m="29771" /><D69/><U54/><E54/><V17/><F98/><W57/><G57/><T70/><D70/><U81/><E81/><V78/><F78/><W44/><G44/><T123/><D106/><U18/><E18/><N who="2" m="7275" /><F23/><W64/><G56/><T48/><D127/><N who="1" m="48715" /><E121/><V62/><F62/><W33/><G5/><T108/><D123/><U117/><E117/><V82/><F82/><N who="3" m="49591" /><G33/><N who="1" m="12874" /><E31/><AGARI ba="0,0" hai="12,14,20,27,31,40,45,49,64,66,67" m="49591" machi="31" ten="30,2000,0" yaku="8,1,52,1" doraHai="37" who="3" fromWho="1" sc="130,0,250,-20,250,0,370,20" /><INIT seed="2,0,0,3,0,23" ten="130,230,250,390" oya="2" hai0="61,28,42,93,40,130,87,29,69,118,64,91,70" hai1="36,95,33,72,88,128,102,121,57,8,110,84,5" hai2="113,15,46,2,30,43,82,59,115,11,62,74,114" hai3="45,106,41,18,99,0,76,89,17,50,90,25,92"/><V133/><F2/><W1/><G106/><T44/><D130/><U27/><E110/><V123/><F123/><W47/><G76/><T111/><D111/><U37/><E72/><V66/><F133/><W53/><G90/><T97/><D118/><U21/><E128/><V122/><F122/><W38/><REACH who="3" step="1"/><G17/><REACH who="3" ten="130,230,250,380" step="2"/><T39/><D70/><U100/><E121/><V63/><F30/><W126/><G126/><T67/><D67/><U129/><E129/><V58/><F74/><W51/><G51/><T55/><D40/><U112/><E102/><V75/><F75/><W24/><G24/><T79/><D79/><U16/><E100/><V86/><F114/><W9/><G9/><T78/><D78/><U26/><E112/><V35/><F115/><W125/><G125/><T120/><D120/><U94/><E94/><V73/><F73/><W34/><G34/><T117/><D117/><U85/><E85/><V65/><F35/><W22/><AGARI ba="0,1" hai="0,1,18,22,25,38,41,45,47,50,53,89,92,99" machi="22" ten="30,4000,0" yaku="1,1,0,1,52,1,53,0" doraHai="23" doraHaiUra="80" who="3" fromWho="3" sc="130,-10,230,-10,250,-20,380,50" /><INIT seed="3,0,0,3,1,13" ten="120,220,230,430" oya="3" hai0="111,54,130,131,9,65,25,108,124,103,44,26,69" hai1="24,40,99,0,5,21,57,117,122,33,32,121,115" hai2="66,14,134,39,80,81,41,60,31,84,123,30,114" hai3="16,53,113,75,63,1,49,109,22,18,43,38,93"/><W95/><G113/><T135/><D103/><U20/><E40/><V8/><F114/><W51/><G1/><T128/><D9/><N who="1" m="2215" /><E57/><V98/><F134/><W74/><G38/><T70/><D135/><U72/><E72/><V87/><F123/><N who="1" m="47113" /><E99/><V100/><F41/><W37/><G109/><N who="0" m="42059" /><D65/><U35/><E115/><V92/><F39/><W64/><G75/><T77/><D77/><U3/><E3/><V46/><F46/><N who="3" m="25823" /><G74/><T58/><D44/><U36/><E36/><V88/><F60/><W17/><G37/><T104/><D104/><U59/><E59/><V48/><F48/><W15/><G63/><N who="0" m="36311" /><D25/><U61/><E61/><V89/><F66/><W133/><G133/><T76/><D76/><U90/><E90/><V67/><F67/><W55/><G64/><T82/><D82/><U4/><E4/><AGARI ba="0,0" hai="4,8,14,30,31,80,81,84,87,88,89,92,98,100" machi="4" ten="30,7700,0" yaku="7,1,9,1,8,1,54,1" doraHai="13" who="2" fromWho="1" sc="120,0,220,-77,230,77,430,0" owari="120,-38.0,143,-25.7,307,10.7,430,53.0" /></mjloggm>