<mjloggm ver="2.3"><GO type="225" lobby="0"/><UN n0="%E7%89%B9%E6%9D%B1%E3%81%AF%E4%B8%96%E7%95%8C%E3%82%92%E6%95%91%E3%81%86" n1="%E8%BE%9B%E5%8F%A3%E3%82%AB%E3%83%AC%E3%83%BC%E3%83%A9%E3%82%A4%E3%82%B9" n2="%72%69%6F%75%63%68%61%6E" n3="%E3%82%BC%E3%83%AB%E3%83%80%E3%81%AE%E4%BC%9D%E8%AA%AC" dan="16,16,17,16" rate="2158.32,2176.98,2296.98,2092.38" sx="M,M,M,M"/><TAIKYOKU oya="0"/><INIT seed="0,0,0,3,3,94" ten="250,250,250,250" oya="0" hai0="127,23,104,42,103,28,130,77,115,91,59,85,134" hai1="100,50,51,2,43,45,80,15,131,64,62,19,111" hai2="79,4,63,81,116,124,5,16,92,95,57,22,129" hai3="69,135,34,90,9,6,123,32,93,3,61,26,33"/><T13/><D115/><U122/><E122/><V86/><F124/><W96/><G123/><T73/><D127/><U74/><E2/><V31/><F129/><W21/><G135/><T106/><D134/><U97/><E111/><V14/><F116/><W84/><G69/><T102/><D42/><U8/><E131/><V70/><F70/><W30/><REACH who="3" step="1"/><G61/><REACH who="3" ten="250,250,250,240" step="2"/><T87/><D130/><U110/><E110/><V88/><F31/><W37/><G37/><T65/><D28/><U60/><E51/><V54/><REACH who="2" step="1"/><F95/><REACH who="2" ten="250,250,240,240" step="2"/><W20/><G20/><T48/><D23/><U68/><E68/><V83/><F83/><W7/><G7/><T39/><D106/><U132/><E132/><V36/><F36/><W113/><G113/><T11/><D39/><U67/><E80/><V55/><F55/><W89/><G89/><T10/><D104/><U101/><E67/><V40/><F40/><W99/><AGARI ba="0,2" hai="3,6,9,21,26,30,32,33,34,84,90,93,96,99" machi="99" ten="40,8000,1" yaku="1,1,0,1,52,2,53,0" doraHai="94" doraHaiUra="107" who="3" fromWho="3" sc="250,-40,250,-20,240,-20,240,100" /><INIT seed="1,0,0,4,4,131" ten="210,230,220,340" oya="1" hai0="5,19,37,51,116,76,34,20,21,26,79,121,91" hai1="48,57,53,84,90,128,7,112,8,28,132,25,59" hai2="107,41,17,102,133,98,95,35,104,113,101,3,119" hai3="38,75,11,65,47,106,96,99,9,46,49,83,77"/><U129/><E112/><V13/><F133/><W115/><G115/><T70/><D116/><U45/><E132/><V85/><F113/><W24/><G65/><T118/><D118/><U63/><E25/><V16/><F119/><W44/><G38/><T64/><D37/><U100/><E100/><V86/><F3/><W56/><G24/><T111/><D34/><U88/><E28/><V23/><F35/><W74/><G74/><T73/><D73/><U108/><E108/><V22/><F41/><W18/><G106/><T15/><D111/><U105/><E105/><V33/><F33/><W31/><G31/><T40/><D121/><U126/><E126/><V55/><F55/><W97/><G18/><T110/><D110/><U42/><E59/><V0/><F0/><W109/><G109/><T12/><D91/><U39/><E39/><V135/><F135/><W123/><G123/><T14/><D21/><U78/><E78/><V103/><F107/><W92/><G92/><T68/><D5/><U80/><REACH who="1" step="1"/><E90/><REACH who="1" ten="210,220,220,340" step="2"/><N who="2" m="55671" /><F104/><W81/><G56/><T2/><D68/><U62/><E62/><V6/><F6/><W122/><G122/><T89/><D89/><U69/><E69/><V27/><AGARI ba="0,1" hai="13,16,17,22,23,27,85,86,101,102,103" m="55671" machi="27" ten="30,2000,0" yaku="8,1,54,1" doraHai="131" who="2" fromWho="2" sc="210,-5,220,-10,220,30,340,-5" /><INIT seed="2,0,0,5,3,43" ten="205,210,250,335" oya="2" hai0="22,20,5,12,107,60,132,95,74,110,3,117,115" hai1="52,42,1,70,44,11,104,103,6,36,61,126,102" hai2="27,92,88,81,0,90,53,41,96,69,49,32,9" hai3="46,59,16,128,72,48,39,47,58,38,75,127,14"/><V135/><F135/><W85/><G127/><T26/><D115/><U34/><E126/><V119/><F119/><W123/><G123/><T51/><D107/><U17/><E34/><V100/><F69/><W114/><G114/><T10/><D74/><U67/><E104/><V84/><F41/><W86/><G48/><T57/><D132/><U89/><E89/><V30/><F0/><W77/><G14/><T24/><D117/><U91/><E91/><V87/><F9/><W4/><G16/><N who="0" m="12615" /><D3/><U121/><E121/><V78/><REACH who="2" step="1"/><F84/><REACH who="2" ten="205,210,240,335" step="2"/><W29/><G85/><T80/><D10/><U63/><REACH who="1" step="1"/><E17/><REACH who="1" ten="205,200,240,335" step="2"/><V64/><F64/><W55/><G128/><T130/><D130/><U129/><E129/><V124/><F124/><W113/><G113/><T76/><D5/><U2/><E2/><V106/><F106/><W7/><G7/><T109/><D110/><U105/><E105/><V97/><F97/><W18/><G18/><T134/><D109/><U93/><E93/><V25/><F25/><W120/><G4/><T23/><D95/><U65/><E65/><V13/><F13/><W73/><G120/><T40/><D12/><U21/><E21/><V94/><F94/><W71/><G71/><T133/><D133/><U62/><E62/><V131/><F131/><W122/><G122/><T125/><D134/><U15/><E15/><V118/><F118/><W50/><G73/><N who="0" m="43023" /><D125/><U82/><E82/><V37/><F37/><W83/><G39/><T35/><D24/><U28/><E28/><V101/><F101/><W116/><G116/><T79/><D23/><U31/><E31/><RYUUKYOKU ba="0,2" sc="205,-15,200,15,240,15,335,-15" hai1="1,6,11,36,42,44,52,61,63,67,70,102,103" hai2="27,30,32,49,53,78,81,87,88,90,92,96,100" /><INIT seed="2,1,2,4,3,22" ten="190,215,255,320" oya="2" hai0="57,108,120,11,36,34,65,86,98,75,122,45,12" hai1="118,63,135,39,72,87,105,79,66,61,113,56,74" hai2="37,103,69,111,10,109,114,2,48,41,100,5,64" hai3="125,13,102,60,117,92,17,91,97,99,42,47,33"/><V43/><F114/><W70/><G33/><T89/><D75/><U110/><E113/><V96/><F37/><W19/><G117/><T73/><D73/><U20/><E118/><V32/><F32/><W53/><G125/><T129/><D34/><U26/><E105/><V58/><F69/><W7/><G7/><T9/><D98/><U77/><E39/><V95/><F100/><W112/><G112/><T52/><D65/><U90/><E110/><N who="2" m="41995" /><F48/><N who="3" m="26743" /><G70/><T30/><D30/><U107/><E107/><V62/><AGARI ba="1,2" hai="2,5,10,41,43,58,62,64,95,96,103" m="41995" machi="62" ten="30,3000,0" yaku="14,1,10,1" doraHai="22" who="2" fromWho="2" sc="190,-11,215,-11,255,53,320,-11" /><INIT seed="2,2,0,4,3,60" ten="179,204,308,309" oya="2" hai0="94,15,19,13,112,51,132,29,131,8,63,78,106" hai1="81,40,52,57,34,31,92,107,108,11,121,82,111" hai2="67,64,102,87,114,0,20,117,25,59,93,124,7" hai3="96,6,72,115,18,128,101,54,2,133,49,5,83"/><V33/><F114/><W91/><G115/><T3/><D112/><U50/><E107/><V100/><F117/><W110/><G110/><N who="1" m="42026" /><E121/><V90/><F124/><W97/><G133/><T86/><D106/><U69/><E69/><V116/><F116/><W118/><G118/><T123/><D123/><U74/><E74/><V127/><F127/><W99/><G128/><T95/><D131/><U30/><E40/><V28/><F33/><W32/><G32/><T85/><D3/><U84/><E11/><V105/><F59/><W35/><G35/><T56/><D132/><U104/><E104/><V130/><F130/><W75/><G2/><T88/><D29/><N who="1" m="10763" /><E34/><V44/><F44/><W24/><G101/><N who="2" m="39017" /><F0/><W37/><G37/><T135/><D135/><U65/><E65/><N who="2" m="25163" /><F105/><W76/><G72/><T70/><D70/><U4/><E4/><AGARI ba="2,0" hai="4,7,20,25,28,87,90,93" m="25163,39017" machi="4" ten="30,11600,0" yaku="8,1,52,3" doraHai="60" who="2" fromWho="1" sc="179,0,204,-122,308,122,309,0" /><INIT seed="2,3,0,4,0,65" ten="179,82,430,309" oya="2" hai0="74,55,8,41,57,21,131,125,82,75,87,80,27" hai1="105,46,61,48,63,89,19,26,111,84,2,90,14" hai2="106,68,104,64,6,44,33,51,112,47,49,28,16" hai3="0,88,101,66,36,52,10,9,85,34,78,45,37"/><V121/><F112/><W79/><G34/><T135/><D131/><U22/><E111/><V103/><F121/><W93/><G36/><T132/><D41/><U76/><E2/><V53/><F6/><W62/><G101/><T129/><D8/><U117/><E117/><V99/><F16/><W32/><G32/><T116/><D125/><U128/><E128/><V4/><F4/><W35/><G35/><T86/><D116/><U113/><E105/><V18/><F18/><W114/><G114/><T29/><D129/><U17/><E113/><V96/><F33/><W123/><G123/><T94/><D94/><U31/><E76/><N who="3" m="29226" /><G37/><T81/><D86/><U20/><E31/><V24/><F99/><W122/><G0/><T5/><D87/><U72/><E72/><V134/><F134/><N who="0" m="51242" /><D5/><U109/><E109/><V133/><F133/><W95/><G95/><T7/><D7/><U38/><E38/><V23/><F106/><W40/><G40/><T67/><D67/><U102/><E102/><V73/><F73/><W124/><G124/><T115/><D115/><U118/><E118/><V25/><F25/><W100/><G100/><T69/><D69/><U71/><E71/><V58/><REACH who="2" step="1"/><F49/><AGARI ba="3,0" hai="21,27,29,49,55,57,74,75,80,81,82" m="51242" machi="49" ten="30,1000,0" yaku="20,1" doraHai="65" who="0" fromWho="2" sc="179,19,82,0,430,-19,309,0" /><INIT seed="3,0,0,1,2,119" ten="198,82,411,309" oya="3" hai0="132,11,45,0,112,133,9,57,38,87,24,75,92" hai1="74,90,98,102,110,32,131,64,6,126,95,1,4" hai2="99,27,5,16,60,129,8,117,35,89,12,18,82" hai3="88,105,67,130,62,116,3,79,17,69,43,96,53"/><W66/><G116/><T40/><D112/><U23/><E110/><V73/><F117/><W28/><G130/><T86/><D75/><U106/><E32/><V21/><F35/><W128/><G128/><T41/><D41/><U68/><E126/><V84/><F129/><W121/><G3/><T47/><D47/><U107/><E131/><V39/><F39/><W33/><G43/><T25/><D57/><U46/><E107/><V63/><F73/><W44/><G79/><T120/><D120/><U30/><E1/><V83/><F99/><W55/><G67/><T20/><D25/><U2/><E2/><V31/><F83/><W14/><G44/><T114/><D114/><U29/><E68/><V15/><F31/><W127/><G127/><T78/><D92/><U50/><E64/><V61/><F61/><W49/><G49/><T51/><D38/><U80/><E23/><AGARI ba="0,0" hai="5,8,12,15,16,18,21,23,27,60,63,82,84,89" machi="23" ten="30,3900,0" yaku="7,1,8,1,54,1" doraHai="119" who="2" fromWho="1" sc="198,0,82,-39,411,39,309,0" owari="198,-20.2,43,-45.7,450,55.0,309,10.9" /></mjloggm>