<mjloggm ver="2.3"><GO type="225" lobby="0"/><UN n0="%E5%80%89%E6%A9%8B%EF%BC%A0%E4%BA%8B%E5%8B%99" n1="%E3%81%86%E3%82%8C%E3%81%9F%E3%82%93%E6%9E%95" n2="%72%61%6B%33" n3="%E3%81%A1%E3%82%85%E3%81%86%E3%81%A9%E3%81%8F%E8%B1%A1%E3%81%95%E3%82%93" dan="16,16,16,17" rate="2145.12,2149.27,2202.38,2151.23" sx="M,F,M,M"/><TAIKYOKU oya="0"/><INIT seed="0,0,0,1,2,71" ten="250,250,250,250" oya="0" hai0="7,47,81,102,40,12,13,131,91,101,128,115,23" hai1="57,97,55,132,65,106,18,120,44,16,80,67,28" hai2="74,77,105,33,11,135,0,58,51,50,32,96,88" hai3="134,66,31,123,119,6,112,3,116,108,117,110,46"/><T90/><D115/><U62/><E120/><V125/><F135/><W54/><G31/><T42/><D23/><U109/><E132/><V114/><F114/><W43/><G6/><T76/><D81/><U86/><E109/><V24/><F125/><W73/><G73/><T63/><D63/><U98/><E28/><V79/><F58/><W99/><G112/><T35/><D47/><U22/><E18/><V60/><F60/><W27/><G27/><T9/><D9/><U78/><E106/><V85/><F11/><W100/><G3/><T10/><D10/><U17/><E17/><V38/><F0/><W1/><G1/><T87/><D87/><U30/><E30/><V113/><F113/><W49/><G123/><T68/><D68/><U93/><E44/><V89/><F24/><W121/><G121/><T4/><REACH who="0" step="1"/><D76/><REACH who="0" ten="240,250,250,250" step="2"/><U72/><E72/><V133/><F74/><W122/><G122/><T126/><D126/><U69/><E69/><V75/><F75/><W45/><G134/><T48/><D48/><U29/><E29/><V92/><F50/><W20/><G20/><T53/><D53/><U129/><E98/><V124/><F51/><W52/><G66/><T41/><D41/><U64/><E67/><V5/><F133/><W21/><G21/><T56/><D56/><U37/><E65/><V127/><F124/><W82/><G45/><T103/><D103/><N who="1" m="60847" /><E64/><V84/><F127/><W70/><G70/><T94/><D94/><U118/><E57/><V26/><F92/><N who="3" m="58471" /><G82/><T39/><D39/><U8/><E37/><V14/><F38/><N who="3" m="21879" /><G54/><T15/><D15/><RYUUKYOKU ba="0,1" sc="240,15,250,-15,250,-15,250,15" hai0="4,7,12,13,35,40,42,90,91,101,102,128,131" hai3="49,52,108,110,116,117,119" /><INIT seed="0,1,1,2,2,133" ten="255,235,235,265" oya="0" hai0="134,90,55,100,3,127,125,118,50,101,24,122,31" hai1="17,69,13,80,75,78,117,59,4,58,103,67,61" hai2="73,33,97,76,107,98,87,53,5,23,66,121,91" hai3="35,72,102,26,131,12,68,115,60,85,111,112,43"/><T14/><D3/><U119/><E103/><V10/><F33/><W47/><G72/><T96/><D118/><U109/><E4/><V71/><F121/><W42/><G111/><T8/><D122/><U11/><REACH who="1" step="1"/><E109/><REACH who="1" ten="255,225,235,265" step="2"/><V93/><F5/><W95/><G102/><T6/><D134/><U123/><E123/><V54/><F107/><W38/><G112/><T132/><D132/><U99/><E99/><V41/><F98/><W1/><G115/><T27/><D101/><U49/><E49/><V106/><F97/><W70/><G38/><T29/><D100/><U92/><E92/><V116/><F93/><W39/><G95/><T113/><D113/><U128/><E128/><V37/><F37/><W15/><G131/><T44/><D96/><U130/><E130/><V20/><F106/><W18/><G39/><T62/><D62/><U114/><E114/><V74/><F116/><AGARI ba="1,2" hai="11,13,17,58,59,61,67,69,75,78,80,116,117,119" machi="116" ten="40,2600,0" yaku="1,1,53,1" doraHai="133" doraHaiUra="79" who="1" fromWho="2" sc="255,0,225,49,235,-29,265,0" /><INIT seed="1,0,0,0,5,110" ten="255,274,206,265" oya="1" hai0="116,29,97,21,70,50,121,69,32,88,85,119,24" hai1="56,30,25,58,81,98,109,78,132,124,125,42,36" hai2="99,127,115,14,83,106,48,19,47,77,40,107,13" hai3="11,89,34,45,1,57,43,128,59,120,33,117,84"/><U12/><E132/><V92/><F127/><N who="1" m="48713" /><E109/><V101/><F115/><W7/><G120/><T104/><D121/><U18/><E98/><V123/><F123/><W31/><G128/><T72/><D72/><N who="1" m="43207" /><E42/><V108/><F108/><W49/><G117/><T67/><D97/><U65/><E36/><V62/><F62/><W5/><G5/><T112/><D104/><U91/><E91/><V37/><F37/><W9/><G9/><T2/><D88/><U129/><E129/><V3/><F3/><W94/><REACH who="3" step="1"/><G31/><REACH who="3" ten="255,274,206,255" step="2"/><T130/><D29/><U118/><E118/><V26/><F107/><W16/><G16/><T6/><D116/><U79/><E30/><V17/><F106/><W68/><G68/><T51/><D70/><U61/><E25/><V46/><F26/><W53/><G53/><T111/><D24/><U126/><E126/><V86/><REACH who="2" step="1"/><F46/><REACH who="2" ten="255,274,196,255" step="2"/><W131/><G131/><T90/><D130/><U8/><E58/><AGARI ba="0,2" hai="1,7,11,33,34,43,45,49,57,58,59,84,89,94" machi="58" ten="40,1300,0" yaku="1,1,53,0" doraHai="110" doraHaiUra="71" who="3" fromWho="1" sc="255,0,274,-13,196,0,255,33" /><INIT seed="2,0,0,5,2,71" ten="255,261,196,288" oya="2" hai0="22,110,12,58,82,64,100,117,62,40,98,95,125" hai1="135,45,119,85,20,94,124,69,129,16,88,79,72" hai2="18,53,21,99,76,97,27,33,46,65,13,116,78" hai3="39,26,19,126,128,89,67,73,5,50,3,93,130"/><V115/><F115/><W63/><G73/><T111/><D125/><U92/><E124/><V108/><F116/><W101/><G126/><T132/><D117/><U70/><E119/><V30/><F108/><W81/><G50/><T32/><D32/><U36/><E129/><N who="3" m="49770" /><G39/><T61/><D132/><U90/><E135/><V55/><F65/><W133/><G133/><T11/><D40/><U87/><E79/><V74/><F74/><W4/><G3/><T42/><D42/><U14/><E72/><V83/><F46/><W35/><G81/><T109/><D61/><U121/><E121/><V44/><F44/><W86/><G101/><T47/><D47/><U34/><E34/><V84/><REACH who="2" step="1"/><F78/><REACH who="2" ten="255,261,186,288" step="2"/><W29/><G19/><T77/><D109/><U103/><E103/><V60/><F60/><W59/><AGARI ba="0,1" hai="4,5,26,29,35,59,63,67,86,89,93" m="49770" machi="59" ten="30,1100,0" yaku="19,1" doraHai="71" who="3" fromWho="3" sc="255,-3,261,-3,186,-5,288,21" /><INIT seed="3,0,0,5,2,4" ten="252,258,181,309" oya="3" hai0="101,121,19,37,124,50,58,89,11,103,70,82,56" hai1="61,28,34,125,122,97,108,111,133,33,22,77,114" hai2="23,94,41,105,68,126,87,84,65,46,62,25,93" hai3="119,79,130,20,109,72,2,9,36,131,110,83,26"/><W7/><G36/><T48/><D70/><U99/><E114/><V21/><F105/><W73/><G72/><T40/><D121/><U47/><E122/><V24/><F126/><W132/><G119/><T30/><D37/><U113/><E113/><V127/><F127/><W35/><G35/><N who="1" m="13322" /><E47/><V104/><F104/><W107/><G107/><T71/><D71/><U106/><E125/><V44/><F68/><W38/><G38/><T43/><D30/><U15/><E77/><V78/><F62/><W18/><G132/><T74/><D74/><U57/><E106/><V1/><F1/><W129/><AGARI ba="0,0" hai="2,7,9,18,20,26,73,79,83,109,110,129,130,131" machi="129" ten="40,7800,0" yaku="0,1,19,1,52,1" doraHai="4" who="3" fromWho="3" sc="252,-26,258,-26,181,-26,309,78" owari="226,-17.4,232,3.2,155,-34.5,387,48.7" /></mjloggm>