<mjloggm ver="2.3"><GO type="225" lobby="0"/><UN n0="%E3%83%8F%E3%82%AC%E3%82%BF%E3%82%AB%E3%81%AE%E3%81%88%E3%81%98%E3%81%8D" n1="%54%4F%52" n2="%E6%B4%BE%E9%81%A3%E3%81%AE%E3%82%B8%E3%83%A3%E3%83%83%E3%82%AF" n3="%E6%A0%B9%E5%85%83%E3%81%8B%E3%82%89%E5%90%B9%E3%81%A3%E9%A3%9B%E3%81%B6" dan="16,17,16,17" rate="2168.51,2216.02,2170.73,2234.29" sx="M,M,M,F"/><TAIKYOKU oya="0"/><INIT seed="0,0,0,3,5,126" ten="250,250,250,250" oya="0" hai0="106,117,12,94,69,127,47,90,23,72,54,52,31" hai1="135,32,83,19,35,95,112,82,24,6,79,85,110" hai2="118,38,55,29,39,57,7,61,5,51,64,132,13" hai3="11,99,18,25,113,21,20,103,37,44,100,36,33"/><T49/><D106/><U53/><E110/><V119/><F29/><W0/><G113/><T40/><D117/><N who="2" m="44554" /><F13/><W130/><G33/><T8/><D127/><U109/><E109/><V121/><F121/><W124/><G124/><T80/><D69/><U14/><E135/><V96/><F96/><W128/><G21/><T43/><D72/><U66/><E112/><V86/><F86/><W115/><G115/><T48/><D80/><U9/><E66/><V71/><F5/><N who="3" m="1447" /><G44/><N who="0" m="27655" /><D23/><U58/><E95/><V101/><F7/><W125/><G103/><T17/><D31/><U120/><E120/><V67/><F101/><W87/><G87/><AGARI ba="0,0" hai="8,12,17,40,43,47,49,54,87,90,94" m="27655" machi="87" ten="30,2900,0" yaku="8,1,54,1" doraHai="126" who="0" fromWho="3" sc="250,29,250,0,250,0,250,-29" /><INIT seed="0,1,0,3,2,32" ten="279,250,250,221" oya="0" hai0="82,68,14,96,41,27,94,133,101,33,83,42,114" hai1="70,18,120,40,65,37,21,90,123,122,16,66,130" hai2="72,129,71,116,109,20,31,74,43,25,127,7,84" hai3="56,17,77,102,35,26,39,64,86,47,19,36,45"/><T57/><D68/><U128/><E90/><V112/><F71/><W75/><G75/><T95/><D114/><U62/><E66/><V79/><F112/><W78/><G102/><T58/><D133/><U103/><E103/><V6/><F109/><W63/><G35/><T67/><D27/><U121/><N who="1" m="30720" /><DORA hai="38" /><U34/><E34/><V29/><F127/><W55/><G26/><T54/><D33/><U11/><E11/><V46/><F129/><N who="1" m="49769" /><E21/><V50/><F116/><W93/><G36/><T113/><D113/><U2/><E2/><V28/><F72/><W104/><G39/><T87/><D14/><U8/><E8/><V22/><F74/><W89/><G104/><T10/><D10/><U119/><E119/><V131/><F131/><W23/><G64/><T13/><D13/><U1/><E1/><V124/><F124/><W107/><G107/><T85/><D67/><U3/><E3/><V51/><F51/><W81/><G78/><T135/><D101/><U76/><E76/><V80/><REACH who="2" step="1"/><F22/><REACH who="2" ten="279,250,240,221" step="2"/><W5/><G23/><T59/><D135/><U118/><E118/><V99/><F99/><N who="3" m="57775" /><G5/><AGARI ba="1,1" hai="5,6,7,20,25,28,29,31,43,46,50,79,80,84" machi="5" ten="40,5200,0" yaku="1,1,8,1,52,1,53,0" doraHai="32,38" doraHaiUra="69,52" who="2" fromWho="3" sc="279,0,250,0,240,65,221,-55" /><INIT seed="1,0,0,4,2,123" ten="279,250,305,166" oya="1" hai0="78,41,102,81,115,92,131,129,39,67,108,79,52" hai1="51,11,60,64,133,93,125,10,1,46,120,132,128" hai2="57,80,91,134,23,47,29,118,70,7,71,104,109" hai3="43,22,49,36,19,12,130,44,31,88,135,73,35"/><U95/><E120/><V16/><F104/><W113/><G130/><N who="0" m="49675" /><D67/><U106/><E106/><V33/><F118/><W45/><G135/><N who="1" m="51786" /><E128/><V48/><F7/><W76/><G113/><T96/><D115/><U103/><E125/><V8/><F8/><N who="1" m="3113" /><E103/><V75/><F57/><W66/><G66/><T38/><D41/><N who="1" m="25039" /><E1/><V82/><F134/><W0/><G0/><T110/><D52/><U124/><E124/><V117/><F117/><W83/><G35/><T126/><D126/><U42/><E42/><V28/><F33/><W20/><G44/><T40/><D79/><U89/><E89/><V26/><F91/><W2/><G2/><T98/><D98/><U9/><N who="1" m="3121" /><U101/><DORA hai="87" /><E101/><V17/><F47/><W94/><G36/><N who="0" m="13867" /><D40/><U105/><E105/><V6/><F6/><W69/><G69/><AGARI ba="0,0" hai="60,64,69,93,95" m="25039,3121,51786" machi="69" ten="40,2000,0" yaku="20,1" doraHai="123,87" who="1" fromWho="3" sc="279,0,250,20,305,0,166,-20" /><INIT seed="1,1,0,5,2,108" ten="279,270,305,146" oya="1" hai0="100,93,43,35,62,3,126,84,7,125,40,60,101" hai1="95,127,45,83,77,17,15,112,8,25,133,82,36" hai2="16,59,66,135,29,44,20,92,47,19,111,58,109" hai3="27,10,0,79,13,64,53,90,11,46,71,119,131"/><U30/><E133/><V75/><F75/><W118/><G79/><T34/><D7/><U48/><E127/><V88/><F135/><W37/><G131/><T105/><D93/><U69/><E69/><V96/><F111/><W57/><G90/><T116/><D116/><U87/><E36/><V107/><F107/><W120/><G120/><T24/><D24/><U2/><E2/><V128/><F128/><W70/><G0/><T18/><D3/><U42/><E112/><V129/><F109/><W22/><G10/><T52/><D105/><U103/><E83/><V32/><F129/><W85/><G85/><T74/><D84/><U76/><E95/><V130/><F130/><W117/><G64/><T26/><D26/><U33/><REACH who="1" step="1"/><E103/><REACH who="1" ten="279,260,305,146" step="2"/><V54/><F92/><W31/><G37/><T68/><D68/><U94/><E94/><V80/><F80/><W12/><G46/><T55/><D74/><U51/><E51/><V50/><F50/><W115/><G115/><T1/><D1/><U110/><E110/><V104/><F104/><W39/><G39/><T6/><D6/><U14/><E14/><V4/><F44/><W41/><G13/><T38/><D38/><U61/><E61/><V65/><F47/><W49/><REACH who="3" step="1"/><G41/><REACH who="3" ten="279,260,305,136" step="2"/><T132/><D132/><U122/><E122/><V81/><F4/><AGARI ba="1,2" hai="4,11,12,22,27,31,49,53,57,70,71,117,118,119" machi="4" ten="40,5200,0" yaku="1,1,2,1,12,1,53,0" doraHai="108" doraHaiUra="102" who="3" fromWho="2" sc="279,0,260,0,305,-55,136,75" /><INIT seed="2,0,0,1,3,7" ten="279,260,250,211" oya="2" hai0="116,102,50,65,135,39,130,58,99,79,106,97,18" hai1="10,45,78,60,56,15,131,127,49,27,134,82,59" hai2="14,36,32,11,64,66,41,20,92,104,83,100,101" hai3="70,111,13,8,35,23,72,124,122,114,17,42,118"/><V68/><F32/><W1/><RYUUKYOKU type="yao9" ba="0,0" sc="279,0,260,0,250,0,211,0" hai3="1,8,13,17,23,35,42,70,72,111,114,118,122,124" /><INIT seed="2,1,0,5,0,46" ten="279,260,250,211" oya="2" hai0="64,35,51,61,65,28,78,111,131,53,29,42,21" hai1="14,76,90,24,112,50,31,77,110,16,72,83,118" hai2="63,127,55,38,19,121,36,2,39,93,30,6,23" hai3="88,17,120,113,57,104,97,10,107,27,123,102,49"/><V41/><F121/><W3/><G113/><T66/><D35/><U20/><E112/><V82/><F30/><W69/><G69/><T89/><D111/><U80/><E118/><V5/><F127/><W32/><G107/><T33/><D33/><U86/><E110/><V103/><F82/><W130/><G130/><T12/><D78/><U60/><E60/><V0/><F41/><W116/><G116/><T56/><D131/><U59/><E90/><V133/><F133/><W58/><G3/><T135/><D135/><U75/><E86/><V54/><F93/><W44/><G10/><T100/><D100/><U108/><E108/><V94/><F94/><W114/><G114/><T8/><D21/><U11/><E59/><V52/><F103/><W48/><G88/><T117/><D117/><U106/><E106/><V62/><F19/><W124/><G124/><T4/><D42/><U45/><E45/><V40/><F40/><W129/><G129/><T85/><REACH who="0" step="1"/><D61/><REACH who="0" ten="269,260,250,211" step="2"/><N who="2" m="23050" /><F23/><N who="3" m="13807" /><G32/><T47/><D47/><U84/><E75/><V115/><F115/><W79/><G79/><T15/><D15/><U73/><E73/><V74/><F74/><W87/><G123/><T126/><D126/><U7/><REACH who="1" step="1"/><E50/><REACH who="1" ten="269,250,250,211" step="2"/><N who="3" m="19562" /><G120/><T101/><D101/><U26/><E26/><V95/><F36/><W134/><G44/><T18/><D18/><AGARI ba="1,2" hai="7,11,14,16,18,20,24,31,72,76,77,80,83,84" machi="18" ten="40,2600,0" yaku="1,1,54,1,53,0" doraHai="46" doraHaiUra="67" who="1" fromWho="0" sc="269,-29,250,49,250,0,211,0" /><INIT seed="3,0,0,2,4,26" ten="240,299,250,211" oya="3" hai0="111,63,45,2,132,115,66,51,135,44,98,108,18" hai1="110,65,102,29,127,130,59,11,10,134,25,131,0" hai2="42,91,74,34,112,103,78,75,28,14,46,93,116" hai3="90,79,6,82,56,53,96,9,87,119,38,73,13"/><W70/><G119/><T35/><D2/><U22/><E110/><N who="0" m="42025" /><D35/><U100/><E134/><N who="0" m="51241" /><D18/><U106/><E127/><V32/><F112/><W8/><G70/><N who="0" m="42335" /><D98/><U109/><E109/><V20/><F34/><W62/><G38/><T113/><D44/><U49/><E106/><V77/><F46/><W3/><G96/><T61/><D61/><N who="1" m="38079" /><E0/><V95/><F32/><W114/><G114/><T81/><D81/><U48/><E11/><V24/><F116/><W97/><G97/><T80/><D80/><U126/><E10/><V30/><F103/><N who="1" m="39465" /><E126/><V86/><F93/><W83/><REACH who="3" step="1"/><G9/><REACH who="3" ten="240,299,250,201" step="2"/><T16/><D16/><U5/><E5/><V123/><F123/><W71/><G71/><T15/><D15/><AGARI ba="0,1" hai="3,6,8,13,15,53,56,62,73,79,82,83,87,90" machi="15" ten="40,2000,0" yaku="1,1,53,0" doraHai="26" doraHaiUra="17" who="3" fromWho="0" sc="240,-20,299,0,250,0,201,30" /><INIT seed="3,1,0,1,4,119" ten="220,299,250,231" oya="3" hai0="114,48,116,31,125,49,77,72,16,54,8,129,74" hai1="103,132,107,135,112,134,67,92,3,36,84,24,131" hai2="108,115,25,70,14,23,59,65,2,122,101,93,88" hai3="90,60,113,75,98,69,1,15,43,105,128,62,117"/><W32/><G113/><T63/><D116/><U47/><E131/><V85/><F2/><W50/><G1/><T17/><D129/><U13/><E3/><V11/><F115/><W9/><G75/><T18/><D114/><U66/><E112/><V95/><F70/><W121/><G117/><T21/><D125/><U104/><E13/><V71/><F71/><W118/><G121/><T19/><D8/><U86/><E24/><V102/><F108/><W57/><G32/><T123/><D123/><U82/><E92/><V38/><F38/><W87/><G69/><T76/><D31/><U56/><E86/><V46/><F46/><N who="3" m="25951" /><G105/><N who="1" m="40522" /><E103/><V39/><F39/><W5/><G118/><T79/><D72/><U30/><E30/><N who="2" m="17727" /><F122/><W109/><G98/><T58/><REACH who="0" step="1"/><D74/><REACH who="0" ten="210,299,250,231" step="2"/><U94/><E134/><V64/><F11/><N who="3" m="4591" /><G128/><T41/><D41/><U12/><E132/><V52/><F102/><W110/><G9/><T0/><D0/><U6/><E135/><V73/><F73/><W83/><G57/><T99/><D99/><U126/><E56/><V96/><F14/><AGARI ba="1,1" hai="14,16,17,18,19,21,48,49,54,58,63,76,77,79" machi="14" ten="40,5200,0" yaku="1,1,8,1,54,1,53,0" doraHai="119" doraHaiUra="37" who="0" fromWho="2" sc="210,65,299,0,250,-55,231,0" /><INIT seed="4,0,0,4,5,16" ten="275,299,195,231" oya="0" hai0="88,36,68,33,32,21,108,1,89,74,40,134,95" hai1="64,123,11,93,47,105,51,10,46,120,58,23,82" hai2="72,61,85,9,65,63,41,79,42,70,7,17,122" hai3="114,44,124,0,129,27,60,90,118,67,75,84,116"/><T34/><D1/><U78/><E105/><V77/><F122/><W127/><G0/><T133/><D68/><U104/><E104/><V94/><F72/><W117/><G75/><T73/><D108/><U2/><E123/><V109/><F109/><W135/><G27/><T14/><D14/><U106/><E106/><V66/><F17/><W115/><G84/><T56/><D21/><U99/><E120/><V31/><F31/><W13/><G13/><T98/><D89/><N who="1" m="55727" /><E2/><V100/><F100/><W54/><G90/><T26/><D26/><U81/><E23/><V111/><F111/><W8/><G8/><N who="1" m="3114" /><E78/><V103/><F103/><W35/><G129/><T18/><D18/><U83/><E51/><V92/><F9/><W107/><G107/><T53/><D40/><U59/><E64/><V25/><F70/><N who="3" m="42343" /><G135/><N who="0" m="51723" /><D36/><U76/><E76/><V110/><F110/><W80/><G80/><T12/><D12/><U39/><E39/><V6/><REACH who="2" step="1"/><F25/><REACH who="2" ten="275,299,185,231" step="2"/><W15/><G117/><T43/><D74/><U62/><E62/><V128/><F128/><W132/><G116/><T38/><D73/><U4/><E4/><V19/><F19/><W87/><G118/><T50/><D38/><U5/><E5/><V28/><F28/><W71/><G132/><T45/><D45/><AGARI ba="0,1" hai="45,46,47,58,59,81,82,83" m="3114,55727" machi="45" ten="30,3900,0" yaku="26,2,8,1" doraHai="16" who="1" fromWho="0" sc="275,-39,299,49,185,0,231,0" owari="236,3.6,348,44.8,185,-31.5,231,-16.9" /></mjloggm>