<mjloggm ver="2.3"><GO type="225" lobby="0"/><UN n0="%E3%81%BF%E3%81%BF%E3%81%9A" n1="%E3%83%94%E3%83%B3%E3%82%B5%E3%83%AD%E5%BA%97%E5%93%A1" n2="%48%61%61%61%6C%61%6E%64" n3="%E4%BF%BA%E3%81%A8%E5%A6%96%E5%A4%A2" dan="18,16,18,17" rate="2238.18,2157.04,2190.26,2174.62" sx="M,M,M,F"/><TAIKYOKU oya="0"/><INIT seed="0,0,0,0,3,35" ten="250,250,250,250" oya="0" hai0="134,123,38,99,54,11,110,115,100,113,21,93,42" hai1="52,103,121,104,73,106,37,130,111,64,81,89,131" hai2="91,13,34,92,36,118,29,44,114,56,26,69,125" hai3="122,15,51,23,116,61,119,86,133,107,4,25,88"/><T58/><D123/><U46/><E121/><V109/><F114/><W14/><G122/><T67/><D134/><U95/><E64/><V108/><F69/><W57/><G133/><T5/><D67/><U60/><E111/><N who="2" m="42571" /><F125/><W80/><G107/><T83/><D110/><U72/><E37/><V50/><F118/><W105/><G105/><N who="1" m="40554" /><E103/><V112/><F112/><W124/><G124/><T31/><D83/><U8/><E81/><V9/><F56/><W53/><G61/><T19/><D31/><U33/><E8/><V126/><F36/><W132/><G132/><T135/><D42/><U84/><E33/><V2/><F126/><W77/><G77/><T74/><D74/><U45/><E45/><V102/><F102/><W20/><G20/><T63/><D38/><U76/><E76/><V40/><F13/><W66/><G66/><T120/><D120/><U10/><E10/><V82/><F82/><W12/><REACH who="3" step="1"/><G4/><REACH who="3" ten="250,250,250,240" step="2"/><T6/><D5/><U17/><E60/><V41/><F34/><W90/><G90/><T59/><D135/><U49/><E17/><AGARI ba="0,1" hai="12,14,15,17,23,25,51,53,57,80,86,88,116,119" machi="17" ten="40,2600,0" yaku="1,1,54,1,53,0" doraHai="35" doraHaiUra="68" who="3" fromWho="1" sc="250,0,250,-26,250,0,240,36" /><INIT seed="1,0,0,5,3,19" ten="250,224,250,276" oya="1" hai0="1,99,15,14,26,126,2,125,16,10,81,40,122" hai1="11,6,130,44,31,51,103,98,110,3,97,46,20" hai2="79,133,115,41,30,47,132,116,85,65,25,107,72" hai3="66,29,67,114,93,22,119,106,48,45,33,49,118"/><U59/><E130/><V90/><F116/><N who="3" m="44587" /><G33/><T61/><D40/><U83/><E110/><V124/><F107/><W9/><G106/><T35/><D99/><U111/><E111/><V117/><F117/><W62/><G114/><T129/><D129/><U87/><E59/><V32/><F115/><W64/><G9/><N who="0" m="6223" /><D81/><U37/><E37/><V24/><F124/><N who="0" m="47722" /><D61/><U18/><E31/><V112/><F112/><W53/><G93/><T69/><D69/><U36/><E36/><V70/><F70/><N who="3" m="42263" /><G49/><T7/><D122/><U104/><E98/><V82/><F65/><W86/><G86/><T92/><D92/><U108/><E108/><V75/><F75/><W43/><G43/><T91/><D91/><U123/><E123/><V71/><F71/><W76/><G76/><T89/><D89/><U84/><E83/><V38/><F90/><W57/><G45/><T50/><D50/><U74/><E74/><V55/><F55/><W42/><G42/><T131/><D131/><U8/><E8/><V105/><F105/><W54/><G54/><T28/><AGARI ba="0,0" hai="1,2,7,10,15,26,28,35" m="47722,6223" machi="28" ten="30,7900,0" yaku="18,1,34,2,54,1" doraHai="19" who="0" fromWho="0" sc="250,79,224,-39,250,-20,276,-20" /><INIT seed="2,0,0,3,5,95" ten="329,185,230,256" oya="2" hai0="73,132,59,2,65,58,35,102,94,112,92,108,85" hai1="123,1,70,82,54,121,77,86,11,105,63,8,9" hai2="116,17,20,15,131,78,125,56,41,22,39,10,38" hai3="127,104,128,55,134,5,113,133,76,4,96,100,83"/><V52/><F116/><W51/><G128/><T98/><D73/><U28/><E105/><V53/><F131/><W26/><G127/><T103/><D2/><U87/><E28/><V46/><F125/><W99/><G113/><T91/><D35/><U122/><E87/><V32/><F32/><W33/><G33/><T68/><D112/><U110/><E110/><V118/><F118/><W101/><G26/><T21/><D108/><U47/><E47/><V88/><F39/><W93/><G51/><T61/><D132/><N who="3" m="50793" /><G55/><T23/><D68/><U72/><E72/><AGARI ba="0,0" hai="4,5,72,76,83,93,96,99,100,101,104" m="50793" machi="72" ten="30,3900,0" yaku="20,1,52,2" doraHai="95" who="3" fromWho="1" sc="329,0,185,-39,230,0,256,39" /><INIT seed="3,0,0,4,5,47" ten="329,146,230,295" oya="3" hai0="57,28,39,48,72,33,98,23,37,121,130,119,59" hai1="20,94,38,73,62,78,86,0,3,8,101,19,127" hai2="52,60,112,45,115,1,91,27,99,117,55,26,116" hai3="41,17,106,77,97,134,21,70,18,61,11,22,90"/><W42/><G134/><T132/><D119/><U128/><E128/><V32/><F1/><W10/><G77/><T74/><D33/><U88/><E127/><V114/><F55/><W46/><G70/><T84/><D121/><U36/><E62/><V31/><F27/><W83/><G61/><T105/><D84/><U15/><E101/><V129/><F129/><W5/><G106/><T104/><D130/><U34/><E34/><V111/><F111/><W56/><G56/><T133/><D23/><U24/><E38/><V65/><F91/><W58/><G58/><T124/><D48/><U131/><E36/><V113/><F99/><W43/><G46/><T2/><D98/><U75/><E131/><V110/><F110/><W6/><G97/><T29/><D2/><U49/><E75/><V118/><F115/><W100/><G100/><T82/><D82/><U81/><REACH who="1" step="1"/><E49/><REACH who="1" ten="329,136,230,295" step="2"/><V135/><F114/><W66/><G66/><T30/><D124/><U13/><E13/><V80/><F113/><W103/><G103/><T9/><D39/><U64/><E64/><V126/><F112/><W16/><G22/><T109/><D37/><U76/><E76/><V14/><F126/><W68/><G21/><T25/><D109/><U87/><E87/><V4/><F117/><W125/><G125/><T79/><D79/><U89/><E89/><V71/><F116/><W67/><G67/><T95/><D74/><U108/><E108/><V40/><F118/><W54/><G90/><T12/><D72/><U63/><E63/><V96/><F60/><W85/><G85/><T50/><D50/><RYUUKYOKU ba="0,1" sc="329,-10,136,30,230,-10,295,-10" hai1="0,3,8,15,19,20,24,73,78,81,86,88,94" owari="329,42.9,166,-33.4,220,-18.0,285,8.5" /></mjloggm>