<mjloggm ver="2.3"><GO type="225" lobby="0"/><UN n0="%E3%81%AA%E3%82%81%E3%81%93%E9%9B%80%E5%A3%AB" n1="%6E%65%6F%E3%82%BD%E3%83%83%E3%82%AF%E3%82%B9%E2%99%AA" n2="%E3%81%8B%E3%82%8F%E3%81%A1%E3%82%83%E3%82%93%35%38" n3="%E3%81%BE%E3%81%A8%E3%81%9F" dan="16,16,17,16" rate="2088.47,2141.99,2246.48,2190.29" sx="M,M,M,M"/><TAIKYOKU oya="0"/><INIT seed="0,0,0,4,1,133" ten="250,250,250,250" oya="0" hai0="129,38,73,72,83,26,49,34,94,135,103,11,76" hai1="42,122,99,68,46,8,36,50,41,40,113,78,44" hai2="112,109,97,85,0,47,120,101,52,82,24,1,87" hai3="51,48,127,55,22,63,60,95,21,74,2,58,70"/><T93/><D38/><U114/><E78/><V33/><F112/><N who="1" m="43113" /><E99/><V4/><F120/><W28/><G74/><T61/><D135/><U111/><E8/><V75/><F75/><W92/><G2/><T6/><D73/><U115/><E115/><V67/><F67/><W66/><G127/><T96/><D129/><U102/><E102/><V53/><F109/><W30/><G70/><T130/><D130/><U104/><E104/><V25/><F33/><W16/><G55/><T125/><D125/><U62/><E122/><V128/><F128/><W45/><G45/><T121/><D121/><U118/><E118/><V54/><F47/><W90/><G22/><T64/><D49/><U131/><E131/><V88/><F87/><N who="3" m="52319" /><G95/><T79/><D79/><U116/><E116/><V32/><F4/><W59/><G48/><T14/><D26/><U35/><E35/><V119/><F119/><W17/><G51/><T124/><D34/><U132/><E132/><V12/><F12/><W117/><G117/><T65/><D124/><U27/><E27/><V84/><F84/><W91/><G91/><T43/><D43/><N who="1" m="22631" /><E111/><V108/><F108/><W71/><G21/><T107/><D107/><U20/><E20/><V15/><F15/><W31/><G71/><N who="0" m="42383" /><D94/><U106/><E106/><N who="2" m="63791" /><F32/><W18/><G66/><AGARI ba="0,0" hai="40,41,42,46,50,62,66,68" m="22631,43113" machi="66" ten="30,3900,0" yaku="11,1,34,2" doraHai="133" who="1" fromWho="3" sc="250,0,250,39,250,0,250,-39" /><INIT seed="1,0,0,2,2,129" ten="250,289,250,211" oya="1" hai0="40,87,68,54,113,18,56,35,49,91,79,114,132" hai1="121,53,95,26,43,6,46,67,45,81,5,22,15" hai2="99,118,106,27,17,133,119,31,78,100,69,55,2" hai3="34,82,117,21,110,122,84,92,109,72,30,0,61"/><U74/><E121/><V58/><F69/><W32/><G0/><T120/><D35/><U33/><E67/><V10/><F78/><W131/><G72/><T85/><D68/><U96/><E33/><V112/><F112/><W60/><G131/><T97/><D120/><U14/><E53/><V42/><F42/><W16/><G122/><T48/><D132/><U88/><E81/><V23/><F133/><W3/><G3/><T83/><D97/><U94/><E95/><V29/><F2/><W7/><G7/><N who="1" m="2570" /><E74/><V13/><REACH who="2" step="1"/><F31/><REACH who="2" ten="250,289,240,211" step="2"/><W66/><G30/><T47/><REACH who="0" step="1"/><D18/><REACH who="0" ten="240,289,240,211" step="2"/><N who="1" m="12631" /><E43/><V86/><F86/><W64/><G84/><T39/><D39/><U24/><E96/><V37/><F37/><W77/><G110/><T126/><D126/><U19/><E19/><V20/><F20/><W135/><G21/><T76/><D76/><U134/><E134/><V62/><AGARI ba="0,2" hai="10,13,17,23,27,29,55,58,62,99,100,106,118,119" machi="62" ten="20,2700,0" yaku="1,1,0,1,7,1,53,0" doraHai="129" doraHaiUra="80" who="2" fromWho="2" sc="240,-7,289,-13,240,47,211,-7" /><INIT seed="2,0,0,2,4,31" ten="233,276,287,204" oya="2" hai0="85,66,69,21,96,109,38,47,1,55,131,67,116" hai1="73,98,81,92,130,26,43,99,90,101,132,16,76" hai2="4,94,48,56,97,100,134,57,93,95,72,119,62" hai3="105,17,89,41,112,25,32,12,44,115,108,36,80"/><V8/><F119/><W124/><G105/><T35/><D1/><U37/><E132/><V74/><F134/><W121/><G121/><T42/><D109/><U120/><E120/><V39/><F39/><W59/><G108/><T60/><D67/><U53/><E130/><V83/><F48/><W102/><G102/><T135/><D135/><U114/><E114/><V50/><F50/><W113/><G59/><T11/><D11/><U30/><E53/><V3/><F57/><W15/><G124/><T0/><D0/><U49/><E49/><V28/><F28/><N who="3" m="19471" /><G17/><T19/><D131/><U5/><E5/><V126/><F126/><W63/><G63/><T77/><D96/><U58/><E58/><V70/><F70/><W68/><G68/><T86/><D116/><U82/><E16/><V117/><F117/><W107/><G107/><T103/><D103/><U91/><E98/><V104/><REACH who="2" step="1"/><F83/><REACH who="2" ten="233,276,277,204" step="2"/><W45/><G45/><T127/><D127/><U46/><REACH who="1" step="1"/><E82/><REACH who="1" ten="233,266,277,204" step="2"/><V7/><F7/><W65/><G65/><AGARI ba="0,2" hai="3,4,8,56,62,65,72,74,93,94,95,97,100,104" machi="65" ten="40,2000,0" yaku="1,1,53,0" doraHai="31" doraHaiUra="79" who="2" fromWho="3" sc="233,0,266,0,277,40,204,-20" /><INIT seed="2,1,0,4,3,22" ten="233,266,317,184" oya="2" hai0="134,128,25,77,10,119,34,35,44,87,30,29,132" hai1="36,5,83,47,58,82,13,18,66,131,1,81,32" hai2="98,113,17,53,6,107,94,93,88,78,43,27,76" hai3="24,126,8,92,12,70,104,105,86,11,124,0,54"/><V39/><F113/><W79/><G70/><T48/><D128/><U96/><E131/><V40/><F107/><W112/><G112/><T89/><D77/><N who="2" m="29802" /><F39/><W101/><G0/><T45/><D10/><U14/><E1/><V91/><F6/><W121/><G8/><T125/><D125/><U38/><E32/><V28/><F28/><W7/><G121/><T3/><D3/><U129/><E129/><V9/><F53/><W123/><G123/><T19/><D19/><U90/><E5/><V75/><F75/><W60/><G101/><T65/><D65/><U127/><E127/><V55/><F55/><W50/><G54/><T95/><D119/><U15/><E18/><V103/><F91/><W42/><G105/><T108/><D108/><U31/><E31/><V84/><F9/><W59/><G104/><T2/><D2/><U68/><E68/><V41/><F17/><W117/><G117/><T80/><D95/><N who="1" m="56439" /><E38/><V74/><F74/><W57/><G126/><T20/><D48/><U26/><E36/><V122/><F122/><W37/><G37/><T114/><D114/><U102/><E102/><V133/><F133/><N who="0" m="51306" /><D30/><U71/><E71/><V109/><F109/><W46/><G124/><T111/><D111/><U23/><E66/><V99/><F99/><W120/><G120/><T115/><D115/><U64/><E64/><V21/><F21/><W135/><G135/><T110/><D110/><U61/><E23/><V51/><F51/><W97/><G60/><T69/><D69/><U49/><E49/><V33/><F33/><AGARI ba="1,0" hai="20,25,29,33,34,35,44,45,80,87,89" m="51306" machi="33" ten="30,2000,0" yaku="20,1,52,1" doraHai="22" who="0" fromWho="2" sc="233,23,266,0,317,-23,184,0" /><INIT seed="3,0,0,5,3,72" ten="256,266,294,184" oya="3" hai0="21,97,3,1,7,85,4,51,43,57,132,35,133" hai1="38,83,63,65,90,69,11,99,80,27,105,17,110" hai2="33,42,114,28,116,87,70,39,120,9,34,88,30" hai3="44,119,108,49,68,25,86,78,24,107,77,45,94"/><W32/><G107/><T40/><D35/><U115/><E115/><V50/><F70/><W82/><G119/><T84/><D97/><U59/><E110/><V29/><F114/><W79/><G68/><T31/><D21/><U100/><E38/><V53/><F116/><W20/><G32/><T122/><D31/><U112/><E112/><V52/><F120/><W125/><G125/><T76/><D122/><U37/><E37/><V15/><F39/><W73/><G73/><T117/><D117/><U102/><E102/><V5/><F34/><W47/><G108/><T128/><D128/><U95/><E69/><V36/><F36/><W109/><G94/><T126/><D57/><U106/><E106/><V26/><F53/><N who="3" m="29863" /><G109/><T96/><D96/><U130/><E130/><V60/><F42/><W58/><G58/><T98/><D98/><U10/><E100/><V6/><F60/><W104/><G104/><T62/><D62/><U66/><E105/><V89/><F89/><N who="3" m="51415" /><G24/><T71/><D71/><U12/><E27/><V56/><F5/><W92/><G92/><AGARI ba="0,0" hai="6,9,15,26,28,29,30,33,50,52,56,87,88,92" machi="92" ten="30,3900,0" yaku="7,1,54,2" doraHai="72" who="2" fromWho="3" sc="256,0,266,0,294,39,184,-39" owari="256,-14.4,266,6.6,333,43.3,145,-35.5" /></mjloggm>