<mjloggm ver="2.3"><GO type="225" lobby="0"/><UN n0="%6D%75%75%73%61%6E%6D%75" n1="%61%6D%65%6B%69" n2="%E6%81%A5%E6%99%92%E3%81%97" n3="%E6%B4%BE%E9%81%A3%E3%81%AE%E3%82%B8%E3%83%A3%E3%83%83%E3%82%AF" dan="16,16,16,17" rate="2143.60,2050.82,2084.19,2209.81" sx="F,M,M,M"/><TAIKYOKU oya="0"/><INIT seed="0,0,0,5,0,55" ten="250,250,250,250" oya="0" hai0="0,104,35,22,10,132,133,66,119,4,48,41,85" hai1="123,134,16,111,88,28,21,122,50,92,26,40,106" hai2="64,65,100,59,63,102,58,112,24,98,37,39,36" hai3="12,5,89,51,90,38,45,15,116,130,25,120,43"/><T49/><D35/><U127/><E106/><V129/><F129/><W135/><G116/><T56/><D119/><U67/><E111/><V32/><F112/><W62/><G130/><T77/><D104/><U19/><E127/><V80/><F80/><W6/><G135/><N who="0" m="51787" /><D22/><U125/><E125/><V81/><F81/><W109/><G109/><T57/><D66/><U34/><E134/><V71/><F102/><W131/><G131/><T17/><D17/><U87/><E67/><V94/><REACH who="2" step="1"/><F65/><REACH who="2" ten="250,250,240,250" step="2"/><W52/><G120/><T126/><D126/><U3/><E123/><V113/><F113/><W108/><G108/><T99/><D99/><U105/><E122/><V117/><F117/><W54/><G90/><T18/><D85/><U103/><E103/><V23/><F23/><W11/><G89/><T13/><D77/><U53/><E105/><V2/><F2/><W93/><G93/><T73/><D73/><U86/><E3/><V121/><F121/><W14/><G11/><N who="0" m="6463" /><D48/><U76/><E34/><V110/><F110/><W70/><G38/><T101/><D101/><U47/><E86/><V128/><F128/><W74/><G74/><T107/><D107/><U46/><E76/><V118/><F118/><W95/><G95/><T9/><D9/><U78/><E78/><V72/><F72/><W84/><G84/><T79/><D79/><U27/><E27/><V33/><F33/><W60/><G25/><T96/><D96/><U20/><E20/><V115/><F115/><W124/><G124/><T97/><D97/><U1/><E1/><V31/><AGARI ba="0,1" hai="24,31,32,36,37,39,58,59,63,64,71,94,98,100" machi="31" ten="40,8000,1" yaku="1,1,0,1,52,2,53,0" doraHai="55" doraHaiUra="44" who="2" fromWho="2" sc="250,-40,250,-20,240,90,250,-20" /><INIT seed="1,0,0,1,3,116" ten="210,230,330,230" oya="1" hai0="82,114,66,42,21,25,47,134,92,77,91,60,84" hai1="28,86,16,97,41,50,8,110,13,103,6,85,121" hai2="63,54,33,112,29,45,105,55,99,131,49,1,69" hai3="26,72,100,104,44,37,89,127,87,101,31,15,76"/><U65/><E121/><V120/><F131/><W10/><G127/><T119/><D134/><U130/><E130/><V107/><F112/><W124/><G124/><T80/><D119/><U125/><E125/><V67/><F1/><W108/><G108/><T79/><D114/><U56/><E28/><V53/><F107/><W113/><G113/><T94/><D80/><U59/><E110/><V30/><F30/><W78/><G72/><T51/><D92/><N who="1" m="58791" /><E6/><V14/><F14/><W4/><G44/><T24/><D21/><U58/><E65/><V20/><F20/><N who="3" m="15815" /><G37/><T39/><D39/><U34/><E34/><V46/><F46/><AGARI ba="0,0" hai="8,13,16,41,46,50,56,58,59,85,86" m="58791" machi="46" ten="30,2900,0" yaku="8,1,54,1" doraHai="116" who="1" fromWho="2" sc="210,0,230,29,330,-29,230,0" /><INIT seed="1,1,0,5,5,46" ten="210,259,301,230" oya="1" hai0="7,16,121,12,128,135,75,105,122,115,108,36,94" hai1="111,119,77,68,124,19,130,116,10,13,39,60,5" hai2="3,114,93,109,79,11,80,41,112,92,0,32,90" hai3="37,14,52,18,78,9,47,106,1,107,131,62,110"/><U58/><E68/><V129/><F32/><W17/><G110/><T96/><D108/><U134/><E111/><V120/><F120/><N who="0" m="46186" /><D115/><N who="2" m="44074" /><F109/><W30/><G131/><T8/><D36/><U104/><E124/><V48/><F129/><W118/><G78/><T102/><D128/><U59/><E130/><V82/><F93/><W113/><G113/><T63/><D75/><U127/><E104/><V83/><F11/><W70/><G30/><T85/><D135/><U44/><E127/><V84/><F79/><W97/><G1/><T69/><D85/><U49/><E134/><V123/><F123/><W51/><G37/><T73/><D73/><U61/><E77/><V87/><F87/><W33/><G33/><T103/><D7/><U27/><E39/><V20/><F20/><W71/><G118/><T76/><D76/><U29/><E5/><V34/><F34/><W74/><G74/><T95/><D103/><U132/><E132/><V66/><F66/><AGARI ba="1,0" hai="8,12,16,63,66,69,94,95,96,102,105" m="46186" machi="66" ten="30,2000,0" yaku="13,1,54,1" doraHai="46" who="0" fromWho="2" sc="210,23,259,0,301,-23,230,0" /><INIT seed="2,0,0,3,2,14" ten="233,259,278,230" oya="2" hai0="27,77,22,64,16,135,15,30,4,114,121,105,113" hai1="20,122,75,81,104,29,108,133,46,9,90,125,109" hai2="124,1,35,111,70,74,45,95,41,134,79,78,84" hai3="103,132,33,110,55,19,13,44,127,59,92,2,106"/><V119/><F119/><W100/><G33/><T117/><D105/><U68/><E68/><V51/><F124/><W57/><G2/><T61/><D121/><U39/><E125/><V128/><F35/><W97/><G127/><T89/><D117/><U118/><E118/><V63/><F70/><W71/><G71/><T88/><D77/><U56/><E104/><V66/><F74/><W120/><G120/><T40/><D40/><U83/><E122/><V76/><F128/><W25/><G110/><N who="1" m="42602" /><E133/><V49/><F111/><W94/><G132/><T42/><D135/><U65/><E90/><N who="2" m="53703" /><F1/><W52/><G25/><T107/><D107/><U86/><E86/><V73/><F73/><W23/><G44/><T43/><D113/><U62/><E75/><V58/><F134/><W0/><G0/><T7/><D114/><U18/><E29/><V24/><F51/><N who="3" m="30879" /><G106/><T6/><D43/><N who="1" m="22911" /><E9/><V34/><F34/><W102/><G97/><T87/><D42/><U112/><E112/><V10/><F24/><AGARI ba="0,0" hai="18,20,24,56,62,65,81,83" m="22911,42602" machi="24" ten="30,2000,0" yaku="14,1,52,1" doraHai="14" who="1" fromWho="2" sc="233,0,259,20,278,-20,230,0" /><INIT seed="3,0,0,4,1,0" ten="233,279,258,230" oya="3" hai0="36,114,88,128,9,6,95,129,45,133,49,2,5" hai1="104,100,82,86,109,76,108,84,123,75,19,92,50" hai2="106,58,14,102,69,70,120,62,37,126,135,117,127" hai3="71,111,65,80,16,63,52,24,91,85,98,1,131"/><W97/><G131/><N who="0" m="50251" /><D133/><U44/><E123/><V11/><F37/><W68/><G68/><T53/><D114/><U13/><E104/><V57/><F117/><W7/><G111/><T3/><D36/><U28/><E28/><V46/><F135/><W87/><G87/><N who="0" m="52639" /><D9/><U10/><E100/><V34/><F34/><W17/><G52/><T4/><AGARI ba="0,0" hai="2,3,4,5,6,45,49,53" m="52639,50251" machi="4" ten="30,8000,1" yaku="19,1,52,3,54,1" doraHai="0" who="0" fromWho="0" sc="233,80,279,-20,258,-20,230,-40" owari="313,41.3,259,5.9,238,-16.2,190,-31.0" /></mjloggm>