<mjloggm ver="2.3"><GO type="225" lobby="0"/><UN n0="%E5%8D%A0%E3%81%84%E5%B8%AB%E8%A3%8F%E3%81%AA%E3%81%84%E3%81%97" n1="%73%75%7A%75%6D%65%33" n2="%6D%75%75%6D%75%72%61" n3="%E3%81%A9%E3%82%93%E3%82%88%E3%81%8F%4D%6B%2E%32" dan="17,18,17,16" rate="2096.77,2290.65,2147.63,2137.64" sx="M,M,F,M"/><TAIKYOKU oya="0"/><INIT seed="0,0,0,1,5,113" ten="250,250,250,250" oya="0" hai0="92,105,36,31,22,84,53,71,109,13,69,75,118" hai1="29,129,115,121,111,2,96,90,64,108,55,119,89" hai2="58,124,54,9,10,49,95,40,83,94,25,37,28" hai3="4,128,8,3,32,52,116,86,66,107,27,12,91"/><T24/><D105/><U135/><E115/><V48/><F124/><W33/><G128/><T62/><D75/><U106/><E121/><V17/><F37/><W74/><G74/><T81/><D36/><U117/><E2/><V100/><F83/><W16/><G107/><T56/><D118/><N who="1" m="45067" /><E55/><V122/><F122/><W23/><G116/><T110/><D92/><N who="1" m="56335" /><E29/><V98/><F94/><W1/><G66/><T26/><D13/><U15/><E15/><V60/><F17/><W76/><G76/><T44/><D44/><U78/><E64/><V72/><F72/><W88/><G91/><T59/><D26/><U57/><E57/><V104/><F104/><W19/><G52/><T5/><D56/><U18/><E18/><V7/><F40/><W46/><G46/><T130/><D5/><U97/><E78/><V103/><F103/><W47/><G47/><T101/><D101/><N who="1" m="62767" /><E129/><V70/><F70/><W82/><REACH who="3" step="1"/><G1/><REACH who="3" ten="250,250,250,240" step="2"/><T0/><D0/><U87/><E135/><V61/><F61/><W39/><G39/><T11/><D130/><U35/><E35/><V133/><F133/><W42/><G42/><T80/><D53/><U126/><E126/><V14/><REACH who="2" step="1"/><F9/><AGARI ba="0,1" hai="3,4,8,9,12,16,19,23,27,32,33,82,86,88" machi="9" ten="30,8000,1" yaku="1,1,7,1,54,2,53,1" doraHai="113" doraHaiUra="20" who="3" fromWho="2" sc="250,0,250,0,250,-80,240,90" /><INIT seed="1,0,0,2,0,99" ten="250,250,170,330" oya="1" hai0="90,128,73,16,123,42,28,122,101,88,59,69,32" hai1="15,120,107,34,9,85,1,60,104,83,102,94,39" hai2="47,112,117,0,129,35,126,105,55,95,74,76,46" hai3="11,50,49,54,65,26,98,30,84,130,27,111,82"/><U25/><E120/><N who="0" m="46121" /><D69/><U113/><E113/><V14/><F105/><W56/><G111/><T61/><D73/><U29/><E39/><V97/><F112/><W57/><G130/><T18/><D42/><U92/><E1/><V114/><F114/><W40/><G11/><T127/><D127/><U75/><E60/><V63/><F0/><W43/><G98/><T36/><D36/><U22/><E34/><V8/><F126/><W24/><G30/><T86/><D128/><U103/><E75/><V23/><F129/><W19/><G19/><N who="0" m="7211" /><D86/><U132/><E107/><V3/><F3/><W87/><G65/><N who="0" m="39103" /><D101/><N who="1" m="38411" /><E104/><V116/><F116/><W41/><G82/><T70/><D70/><U21/><E21/><V109/><F35/><W37/><G37/><T106/><D106/><U131/><E132/><V79/><F109/><W118/><G118/><T13/><D13/><U110/><E110/><V31/><F74/><W5/><G5/><T48/><D48/><U100/><N who="1" m="38419" /><U44/><DORA hai="78" /><E44/><V7/><F117/><W67/><G67/><T2/><D2/><U134/><E134/><V135/><F135/><W12/><G12/><T64/><D64/><U45/><E45/><V124/><F124/><W51/><G54/><T53/><D53/><U33/><E33/><V72/><F72/><W62/><G62/><T81/><D32/><U119/><E131/><V93/><F63/><W80/><G80/><T20/><D81/><U91/><E119/><V77/><F55/><W17/><G17/><AGARI ba="0,0" hai="9,15,17,22,25,29,83,85,91,92,94" m="38419" machi="17" ten="30,18000,2" yaku="8,1,52,5" doraHai="99,78" who="1" fromWho="3" sc="250,0,250,180,170,0,330,-180" /><INIT seed="1,1,0,5,1,27" ten="250,430,170,150" oya="1" hai0="135,119,45,124,63,50,127,102,51,126,26,29,133" hai1="85,131,92,41,43,19,32,118,21,4,115,17,110" hai2="18,121,2,72,112,15,40,65,98,48,62,75,13" hai3="78,89,83,37,117,30,20,36,71,105,68,42,122"/><U1/><E115/><V120/><F2/><W70/><G122/><T123/><D119/><U104/><E104/><V3/><F3/><W14/><G117/><T80/><D123/><U28/><E118/><V25/><F112/><W103/><G42/><T107/><D80/><U57/><E131/><V87/><F75/><W76/><G105/><T56/><D102/><U39/><E39/><V94/><F87/><W33/><G103/><T58/><D58/><U95/><E110/><V129/><F72/><W108/><G108/><T90/><D90/><U111/><E111/><V8/><F129/><W31/><G33/><N who="0" m="20663" /><D107/><U54/><E32/><V0/><F0/><W125/><G125/><T130/><D130/><U35/><E35/><V66/><F25/><W82/><G89/><T101/><D101/><U44/><E1/><V106/><F106/><W16/><G37/><T23/><D23/><U12/><E21/><V113/><F113/><W73/><REACH who="3" step="1"/><G36/><REACH who="3" ten="250,430,170,140" step="2"/><T61/><D135/><U49/><E43/><V96/><F121/><W114/><G114/><T97/><D133/><U67/><E41/><V64/><F120/><W86/><AGARI ba="1,1" hai="14,16,20,30,31,68,70,71,73,76,78,82,83,86" machi="86" ten="30,8000,1" yaku="1,1,0,1,52,2,54,1,53,0" doraHai="27" doraHaiUra="128" who="3" fromWho="3" sc="250,-21,430,-41,170,-21,140,93" /><INIT seed="2,0,0,1,0,79" ten="229,389,149,233" oya="2" hai0="34,11,22,80,1,20,112,37,135,2,43,99,36" hai1="30,28,70,31,81,89,101,76,69,10,64,126,77" hai2="16,68,15,21,103,45,38,94,128,17,52,66,55" hai3="91,47,100,92,102,4,115,6,57,119,108,41,23"/><V48/><F128/><W63/><G119/><T124/><D112/><U51/><E126/><V60/><F38/><W56/><G115/><T105/><D34/><U116/><E116/><V7/><F7/><W59/><G108/><T39/><D124/><U44/><E101/><V96/><REACH who="2" step="1"/><F17/><REACH who="2" ten="229,389,139,233" step="2"/><W120/><G4/><T93/><D37/><U86/><E31/><V73/><F73/><W118/><G6/><T125/><D36/><U71/><E30/><V133/><F133/><W8/><G118/><T97/><D135/><U127/><E28/><V46/><F46/><W82/><G47/><T78/><D39/><U84/><E44/><V90/><F90/><W134/><G91/><T53/><D125/><U88/><E88/><V87/><F87/><W106/><G134/><T26/><D1/><U3/><E3/><V95/><F95/><W54/><G92/><T50/><D93/><U33/><E89/><V61/><F61/><W85/><G63/><T117/><D117/><U18/><E86/><V121/><F121/><W74/><G85/><T40/><D2/><U132/><E84/><V27/><F27/><W9/><G74/><T25/><D25/><U13/><E18/><V111/><F111/><W58/><G102/><T12/><D26/><U122/><E132/><V72/><F72/><W123/><G100/><T110/><D110/><U65/><E127/><V29/><F29/><W129/><G120/><T98/><D98/><U107/><E122/><V14/><F14/><W109/><G123/><T35/><D99/><U67/><E13/><V49/><F49/><W83/><G109/><RYUUKYOKU ba="0,1" sc="229,-10,389,-10,139,30,233,-10" hai2="15,16,21,45,48,52,55,60,66,68,94,96,103" /><INIT seed="2,1,1,2,0,91" ten="219,379,169,223" oya="2" hai0="104,58,115,74,76,135,19,100,86,73,107,92,25" hai1="46,7,123,13,33,45,10,1,85,57,40,63,47" hai2="101,88,36,55,75,12,112,81,6,106,8,70,16" hai3="98,48,56,132,110,3,43,39,62,29,67,131,126"/><V111/><F112/><W78/><G3/><T34/><D115/><U54/><E33/><V80/><F70/><W61/><G78/><T44/><D135/><U49/><E123/><V133/><F133/><W128/><G132/><T109/><D109/><U124/><E124/><V27/><F111/><W93/><G110/><T66/><D44/><U77/><E1/><V95/><F36/><W52/><G126/><T87/><D34/><U4/><E4/><V102/><F75/><W65/><G29/><T23/><D74/><U5/><E5/><V116/><F116/><W71/><G98/><N who="0" m="59463" /><D107/><U134/><E134/><V82/><F106/><W32/><G93/><T94/><D73/><U24/><E24/><V50/><F27/><W114/><G32/><T14/><D104/><U69/><E69/><V121/><F6/><W127/><G127/><T99/><D76/><U96/><E96/><N who="2" m="57447" /><F121/><W20/><G20/><T90/><D25/><U15/><E15/><V0/><F0/><W9/><G9/><T22/><D22/><U17/><E7/><V11/><F11/><W64/><G114/><T28/><D28/><U122/><E122/><V97/><F97/><W129/><G71/><T2/><D2/><U41/><E41/><V120/><F120/><W68/><G68/><T37/><D37/><U72/><E72/><V42/><F42/><W59/><G39/><T125/><D125/><U21/><E10/><V117/><F117/><W113/><G113/><T26/><D26/><U103/><E103/><V35/><F35/><W89/><G89/><T108/><D108/><U30/><E30/><RYUUKYOKU ba="1,1" sc="219,0,379,0,169,0,223,0" hai0="14,19,23,58,66,86,87,90,94,99" hai1="13,17,21,40,45,46,47,49,54,57,63,77,85" hai2="8,12,16,50,55,80,81,82,101,102" hai3="43,48,52,56,59,61,62,64,65,67,128,129,131" /><INIT seed="2,2,1,5,5,50" ten="219,379,169,223" oya="2" hai0="103,21,83,39,33,1,73,57,104,125,70,23,109" hai1="41,97,124,36,14,2,49,132,79,12,29,93,91" hai2="15,40,20,8,129,89,52,63,47,114,42,43,55" hai3="92,11,76,31,48,77,100,120,53,5,27,72,123"/><V94/><F114/><W108/><G108/><T26/><D109/><U110/><E110/><V112/><F112/><W111/><G111/><T18/><D70/><U106/><E36/><V32/><F32/><W16/><G72/><T67/><D33/><U82/><E2/><V86/><F129/><W88/><G100/><T78/><D39/><U135/><E29/><V98/><F20/><N who="3" m="13703" /><G31/><T66/><D1/><U7/><E106/><V107/><F47/><N who="3" m="27807" /><G123/><T6/><D125/><U134/><E124/><V127/><F127/><W51/><G51/><T113/><D113/><U68/><E68/><V45/><F45/><W84/><G120/><T4/><D103/><U38/><E38/><V119/><F119/><W3/><G3/><T22/><D104/><U54/><E41/><V24/><F24/><W121/><G121/><T117/><D117/><U0/><E0/><V131/><F131/><W74/><G74/><T17/><D26/><U116/><E116/><V34/><F34/><W81/><G5/><T13/><D4/><U102/><E7/><N who="2" m="3487" /><F107/><W59/><G11/><T105/><D105/><U115/><E115/><V90/><F63/><W101/><G59/><T118/><D57/><N who="1" m="32975" /><E102/><V75/><F75/><AGARI ba="2,1" hai="12,14,75,79,82,91,93,97,132,134,135" m="32975" machi="75" ten="30,2000,0" yaku="20,1,52,1" doraHai="50" who="1" fromWho="2" sc="219,0,379,36,169,-26,223,0" /><INIT seed="3,0,0,2,4,36" ten="219,415,143,223" oya="3" hai0="15,131,130,122,81,51,27,101,90,69,135,26,31" hai1="128,78,74,119,62,98,126,102,71,63,48,37,124" hai2="132,123,83,73,52,109,7,88,97,45,17,68,9" hai3="89,46,59,115,84,117,96,16,10,6,12,111,40"/><W49/><G115/><T32/><D122/><U38/><E128/><N who="0" m="49193" /><D69/><U108/><E108/><V116/><F116/><W95/><G117/><T92/><D135/><U77/><E48/><V19/><F68/><W44/><G111/><T94/><D101/><U82/><E77/><V113/><F113/><W55/><G6/><T4/><D27/><U104/><E119/><V57/><F109/><W99/><REACH who="3" step="1"/><G46/><REACH who="3" ten="219,415,143,213" step="2"/><T85/><D4/><U8/><E126/><V30/><F123/><W33/><G33/><T35/><D32/><U91/><E124/><V20/><F132/><W65/><G65/><T93/><D35/><U76/><E74/><V106/><F73/><W1/><G1/><T60/><D15/><U34/><E34/><V28/><F45/><W24/><G24/><T18/><D26/><U80/><E71/><V14/><F106/><W134/><G134/><T47/><D47/><U127/><E104/><V112/><F112/><W43/><G43/><T29/><D29/><N who="2" m="11370" /><F20/><W72/><G72/><T39/><D31/><U56/><E127/><V103/><F103/><W120/><G120/><T11/><D11/><U54/><E8/><V25/><F25/><W64/><G64/><T87/><D18/><U53/><E102/><V100/><F100/><W58/><G58/><T86/><D39/><AGARI ba="0,1" hai="10,12,16,39,40,44,49,55,59,84,89,95,96,99" machi="39" ten="30,11600,0" yaku="1,1,7,1,52,1,54,1,53,0" doraHai="36" doraHaiUra="110" who="3" fromWho="0" sc="219,-116,415,0,143,0,213,126" /><INIT seed="3,1,0,0,4,67" ten="103,415,143,339" oya="3" hai0="51,4,30,32,5,126,64,117,65,92,19,55,16" hai1="2,103,18,83,60,49,127,109,112,38,29,111,74" hai2="62,33,93,135,47,0,106,91,27,21,68,48,53" hai3="66,107,95,36,133,84,72,129,59,108,114,104,63"/><W79/><G36/><T14/><D117/><U42/><E112/><V7/><F106/><W77/><G114/><T125/><D32/><U128/><E128/><V12/><F33/><W101/><G129/><T102/><D30/><U15/><E127/><N who="0" m="48649" /><D102/><U78/><E2/><V3/><F135/><W119/><G119/><T120/><D120/><U99/><E60/><V17/><F68/><W89/><G133/><T132/><D132/><U52/><E42/><V85/><F62/><W11/><G108/><N who="1" m="41546" /><E29/><V44/><F44/><W61/><G72/><T75/><D75/><U76/><E38/><V40/><F40/><W58/><G11/><N who="0" m="6239" /><D92/><N who="1" m="58855" /><E83/><V8/><AGARI ba="1,0" hai="0,3,7,8,12,17,21,27,47,48,53,85,91,93" machi="8" ten="30,1100,0" yaku="0,1" doraHai="67" who="2" fromWho="2" sc="103,-4,415,-4,143,14,339,-6" owari="99,-40.1,411,51.1,157,-24.3,333,13.3" /></mjloggm>