<mjloggm ver="2.3"><GO type="225" lobby="0"/><UN n0="%E3%82%BC%E3%83%AB%E3%83%80%E3%81%AE%E4%BC%9D%E8%AA%AC" n1="%E6%97%A5%E6%9B%9C%E6%97%A5%E3%82%88%E3%82%8A%E3%81%AE%E4%BD%BF%E8%80%85" n2="%72%69%6F%75%63%68%61%6E" n3="%E3%81%AA%E3%81%A1%30%39%32%37" dan="17,17,17,16" rate="2232.66,2115.26,2267.50,2081.94" sx="M,M,M,M"/><TAIKYOKU oya="0"/><INIT seed="0,0,0,3,0,106" ten="250,250,250,250" oya="0" hai0="26,103,14,13,53,130,124,98,88,58,81,104,11" hai1="28,128,134,97,131,120,92,59,1,114,54,35,22" hai2="111,18,93,66,122,55,77,29,100,4,76,82,12" hai3="25,71,125,110,95,132,63,51,107,115,45,2,133"/><T65/><D124/><U70/><E120/><V15/><F111/><W6/><G107/><T8/><D130/><N who="1" m="49707" /><E70/><V46/><F122/><W49/><G25/><T96/><D65/><U32/><E1/><V85/><F29/><W113/><G95/><T10/><D26/><N who="1" m="16471" /><E134/><N who="3" m="51818" /><G6/><T0/><D0/><U119/><E119/><V126/><F126/><W41/><G2/><T67/><D67/><U5/><E5/><V33/><F33/><W84/><G84/><N who="0" m="50191" /><D104/><U24/><E24/><V90/><F66/><N who="3" m="41439" /><G125/><T121/><D121/><U48/><E114/><N who="3" m="43530" /><G110/><T112/><D112/><U94/><E94/><V109/><F109/><W23/><G23/><T44/><D103/><AGARI ba="0,0" hai="32,35,48,54,59,92,97,103" m="16471,49707" machi="103" ten="30,1000,0" yaku="19,1" doraHai="106" who="1" fromWho="0" sc="250,-10,250,10,250,0,250,0" /><INIT seed="1,0,0,2,2,96" ten="240,260,250,250" oya="1" hai0="46,74,58,112,133,104,19,94,77,65,108,105,114" hai1="40,44,12,5,127,83,41,84,90,98,48,15,61" hai2="126,124,0,129,97,113,52,33,53,37,62,93,32" hai3="10,130,2,131,25,85,21,125,16,17,43,28,101"/><U11/><E127/><N who="2" m="48683" /><F129/><N who="3" m="49163" /><G125/><T55/><D108/><U120/><E120/><V24/><F37/><W70/><G70/><T31/><D31/><U76/><E61/><V123/><F123/><W99/><G43/><T27/><D133/><U82/><E15/><V3/><F113/><W29/><G85/><T59/><D77/><U35/><E35/><N who="2" m="13387" /><F24/><W87/><G87/><T117/><D74/><U51/><E98/><V78/><F78/><W89/><G89/><T22/><D117/><U54/><REACH who="1" step="1"/><E48/><REACH who="1" ten="240,250,250,250" step="2"/><V122/><F122/><W132/><G132/><T81/><D114/><U50/><E50/><V102/><F62/><W73/><G2/><AGARI ba="0,1" hai="0,2,3,52,53,93,97,102" m="13387,48683" machi="2" ten="40,5200,0" yaku="18,1,52,1,54,1" doraHai="96" who="2" fromWho="3" sc="240,0,250,0,250,62,250,-52" /><INIT seed="2,0,0,4,2,77" ten="240,250,312,198" oya="2" hai0="50,13,112,4,39,94,66,126,82,80,40,104,109" hai1="129,42,21,90,22,23,32,57,25,11,124,107,111" hai2="27,122,5,73,97,49,44,101,3,45,53,119,72" hai3="65,89,131,67,105,130,51,31,37,17,93,117,79"/><V70/><F119/><W81/><G37/><T83/><D112/><U26/><E107/><V14/><F122/><W24/><G105/><T10/><D104/><U78/><E42/><V55/><F3/><W20/><G117/><T6/><D39/><U135/><E78/><V35/><F70/><W52/><G31/><T127/><D109/><U19/><E57/><V116/><F116/><W132/><G132/><T108/><D108/><U115/><E90/><V0/><F0/><W87/><G131/><T47/><D66/><U106/><E106/><V68/><F68/><W125/><G125/><N who="0" m="47627" /><D94/><U102/><E124/><V62/><F5/><AGARI ba="0,0" hai="4,5,6,10,13,40,47,50,80,82,83" m="47627" machi="5" ten="30,7700,0" yaku="18,1,52,3" doraHai="77" who="0" fromWho="2" sc="240,77,250,0,312,-77,198,0" /><INIT seed="3,0,0,4,3,105" ten="317,250,235,198" oya="3" hai0="57,21,99,71,77,70,86,130,44,68,10,49,118" hai1="9,60,56,52,112,115,121,126,14,97,108,73,95" hai2="78,83,106,25,32,129,101,127,42,8,114,0,19" hai3="43,82,80,98,55,107,36,17,11,48,94,84,37"/><W27/><G107/><T5/><D118/><U125/><E121/><V51/><F114/><W117/><G117/><T34/><D34/><U38/><E38/><V30/><F129/><W93/><G43/><T123/><D123/><U110/><E112/><V76/><F127/><N who="1" m="48649" /><E115/><V74/><F78/><W31/><G31/><T120/><D70/><U12/><E73/><V90/><F90/><N who="3" m="53447" /><G37/><T23/><D23/><U75/><E75/><V2/><F101/><N who="3" m="60631" /><G36/><T46/><D77/><U122/><E122/><V41/><F106/><W109/><G109/><N who="1" m="42090" /><E9/><V45/><REACH who="2" step="1"/><F41/><REACH who="2" ten="317,250,225,198" step="2"/><W72/><G72/><T66/><D130/><U26/><E26/><V47/><F47/><N who="3" m="28063" /><G27/><T53/><D120/><U29/><E29/><V3/><F3/><W28/><G28/><T102/><D102/><AGARI ba="0,1" hai="12,14,52,56,60,95,97,102" m="42090,48649" machi="102" ten="30,3900,0" yaku="18,1,14,1,54,1" doraHai="105" who="1" fromWho="0" sc="317,-39,250,49,225,0,198,0" /><INIT seed="4,0,0,5,4,128" ten="278,299,225,198" oya="0" hai0="124,5,80,63,61,131,0,51,30,135,52,25,106" hai1="72,14,129,109,55,125,3,98,113,49,68,79,67" hai2="18,119,100,134,112,66,26,75,34,23,8,127,116" hai3="47,86,122,4,130,97,71,15,46,104,90,42,9"/><T88/><D135/><U39/><E3/><V91/><F134/><W13/><G71/><T103/><D131/><U82/><E129/><V22/><F75/><W6/><G130/><T33/><D124/><U10/><E109/><V37/><F37/><W1/><G122/><T108/><D108/><U2/><E39/><V44/><F100/><W36/><G6/><T120/><D120/><U27/><E125/><V56/><F127/><W12/><G47/><T38/><D38/><U62/><E113/><V43/><F112/><W32/><G32/><T83/><D0/><U92/><E27/><V96/><F34/><W20/><G104/><T81/><D5/><U84/><E2/><V99/><F8/><W31/><G97/><T118/><D118/><N who="2" m="45098" /><F91/><W133/><G133/><T101/><D88/><U48/><E72/><V85/><F85/><W110/><G110/><T41/><D41/><U117/><E55/><V74/><F74/><W111/><G111/><T89/><D89/><U77/><E77/><V17/><F43/><W126/><G126/><T11/><D11/><U78/><E78/><V35/><F35/><W24/><REACH who="3" step="1"/><G1/><REACH who="3" ten="278,299,225,188" step="2"/><T45/><D106/><U123/><E123/><V93/><F44/><W76/><G76/><T115/><D115/><U28/><E117/><V107/><F107/><W105/><G105/><T121/><D121/><U21/><E79/><V73/><F73/><W60/><G60/><T53/><D61/><U19/><E98/><V58/><F96/><W65/><G65/><T59/><AGARI ba="0,1" hai="25,30,33,45,51,52,53,59,63,80,81,83,101,103" machi="59" ten="30,3000,0" yaku="0,1,54,1" doraHai="128" who="0" fromWho="0" sc="278,40,299,-10,225,-10,188,-10" owari="318,41.8,289,8.9,215,-18.5,178,-32.2" /></mjloggm>