<mjloggm ver="2.3"><GO type="225" lobby="0"/><UN n0="%E8%A8%88%E7%AE%97%E6%A9%9F%E8%87%AA%E7%84%B6" n1="%48%61%61%61%6C%61%6E%64" n2="%E8%81%B7%E6%A5%AD%E3%80%81%E9%A2%A8%32" n3="%E3%81%AF%E3%82%88%E3%81%8A%E3%81%98%E3%81%95%E3%82%93" dan="17,17,16,16" rate="2212.61,2253.94,2107.63,2201.90" sx="M,M,M,M"/><TAIKYOKU oya="0"/><INIT seed="0,0,0,5,0,109" ten="250,250,250,250" oya="0" hai0="23,126,54,51,14,18,132,7,41,81,107,103,22" hai1="125,90,62,50,0,6,31,102,44,75,111,42,2" hai2="45,79,69,48,73,131,93,134,24,60,12,16,78" hai3="17,28,127,76,40,82,94,124,19,92,129,63,87"/><T49/><D132/><U123/><E123/><V119/><F119/><W57/><G129/><T52/><D126/><N who="3" m="48169" /><G28/><T20/><D107/><U59/><E125/><V11/><F134/><W8/><G40/><T128/><D128/><U74/><E111/><V61/><F131/><W97/><G8/><N who="0" m="4383" /><D103/><U71/><E71/><V29/><F69/><W33/><G33/><T106/><D106/><U66/><E102/><V34/><F93/><N who="3" m="35947" /><G97/><T65/><D65/><AGARI ba="0,0" hai="17,19,57,63,65,76,82,87" m="35947,48169" machi="65" ten="30,1000,0" yaku="18,1" doraHai="109" who="3" fromWho="0" sc="250,-10,250,0,250,0,250,10" /><INIT seed="1,0,0,4,2,127" ten="240,250,250,260" oya="1" hai0="68,69,113,19,103,120,12,40,36,11,82,87,85" hai1="134,88,64,59,46,98,135,50,57,15,81,67,99" hai2="122,4,9,14,41,56,22,84,118,53,83,101,75" hai3="124,80,5,123,18,0,128,112,110,92,76,7,126"/><U104/><E15/><V27/><F122/><W24/><G123/><T34/><D120/><U33/><E33/><V73/><F118/><W129/><G112/><T91/><D113/><U30/><E30/><V132/><F41/><W8/><G110/><T114/><D114/><U10/><E10/><V94/><F101/><W62/><G7/><T115/><D34/><U61/><E59/><V65/><F94/><W106/><G106/><T63/><D115/><U130/><E64/><V25/><F27/><W37/><G37/><T131/><D103/><U47/><E47/><V20/><F20/><N who="3" m="13335" /><G92/><T70/><D85/><N who="1" m="50223" /><E104/><V77/><F65/><W95/><G95/><T35/><D35/><U60/><E60/><V72/><F132/><N who="1" m="50729" /><E130/><N who="3" m="50282" /><G62/><T13/><D63/><U21/><E21/><V119/><F119/><W45/><G45/><T102/><D131/><U49/><E49/><V108/><F56/><W31/><G31/><T89/><D36/><U107/><E107/><V42/><F22/><W117/><G117/><T29/><D29/><U6/><E6/><V55/><F4/><W111/><G111/><T39/><D39/><U28/><E28/><V23/><F108/><W78/><G78/><T44/><D44/><U96/><E96/><V79/><F79/><W38/><G38/><T109/><D109/><U51/><E51/><V100/><F77/><W48/><G48/><T32/><D32/><U3/><E3/><V97/><F97/><W2/><G0/><T86/><D69/><U116/><E116/><V105/><F105/><W1/><G2/><T26/><D68/><U125/><E125/><RYUUKYOKU ba="0,0" sc="240,-15,250,15,250,-15,260,15" hai1="46,50,57,61,67,98,99" hai3="1,5,8,76,80,124,126" /><INIT seed="1,1,0,5,1,17" ten="225,265,235,275" oya="1" hai0="81,80,45,84,4,74,83,68,72,58,3,24,6" hai1="59,30,51,82,112,117,111,62,106,78,95,47,7" hai2="109,110,37,101,44,16,0,116,129,119,60,52,36" hai3="29,89,125,124,94,46,90,53,75,107,42,133,63"/><U34/><E106/><V32/><F0/><W132/><G107/><T65/><D68/><U91/><E112/><V25/><F129/><W77/><G29/><T41/><D84/><U135/><E117/><V96/><F32/><W97/><G89/><T93/><D93/><U108/><E7/><V128/><F128/><W130/><G130/><T126/><D126/><N who="3" m="48745" /><G77/><T71/><D71/><U115/><E115/><V50/><F60/><W12/><G75/><T33/><D72/><U113/><E113/><V87/><F87/><W40/><G12/><T19/><D74/><U67/><E30/><V10/><F119/><W64/><G53/><T122/><D3/><U73/><E34/><V102/><F116/><W39/><G40/><T43/><D43/><U104/><E104/><V11/><F102/><W131/><G131/><T31/><D31/><U76/><E78/><V61/><F61/><W9/><G9/><T18/><D33/><U69/><E91/><V100/><F11/><W20/><G20/><N who="0" m="13335" /><D122/><U13/><E95/><N who="2" m="58399" /><F101/><W114/><G114/><T55/><D81/><U85/><E73/><V56/><F44/><W23/><G23/><T54/><D45/><U8/><E47/><V98/><F98/><W66/><G66/><T92/><D65/><U22/><E22/><N who="2" m="13511" /><F10/><W121/><G121/><T86/><D86/><U15/><E8/><V1/><F1/><W123/><G123/><T70/><D4/><U5/><E5/><V49/><F49/><W27/><G27/><T118/><D6/><U35/><E85/><V21/><F21/><W28/><G28/><T105/><D118/><RYUUKYOKU ba="1,0" sc="225,-15,265,-15,235,15,275,15" hai2="36,37,50,52,56,109,110" hai3="39,42,46,63,64,90,94,97,132,133" /><INIT seed="2,2,0,1,5,134" ten="210,250,250,290" oya="2" hai0="4,81,28,95,48,55,63,122,57,44,125,65,2" hai1="10,117,32,26,105,8,132,16,9,92,110,126,34" hai2="129,1,52,123,120,113,62,73,133,118,11,86,88" hai3="53,25,56,101,131,114,71,12,127,115,76,58,78"/><V116/><F73/><W39/><G127/><T29/><D122/><U22/><E105/><V33/><F33/><N who="1" m="12905" /><E92/><N who="2" m="54295" /><F1/><W84/><G71/><T43/><D2/><U75/><E75/><V128/><F11/><W107/><G131/><N who="2" m="50249" /><F113/><W104/><G39/><T109/><D109/><U35/><E110/><V89/><F133/><W0/><G0/><T98/><D4/><U6/><E132/><V18/><F18/><W59/><G53/><T15/><D15/><N who="1" m="9503" /><E117/><N who="2" m="45163" /><F89/><W5/><G25/><T74/><D74/><U99/><E6/><V130/><F130/><W102/><G5/><T68/><D81/><U7/><E7/><V17/><F17/><W64/><G64/><T108/><D108/><U100/><E8/><V112/><F112/><N who="3" m="43051" /><G12/><T72/><D72/><U66/><E66/><V97/><F97/><N who="3" m="61487" /><G84/><T82/><D82/><U69/><E26/><V45/><F45/><W51/><G76/><T91/><REACH who="0" step="1"/><D125/><REACH who="0" ten="200,250,250,290" step="2"/><U31/><E126/><V106/><F106/><W50/><G78/><T27/><D27/><U103/><E9/><V38/><F38/><AGARI ba="2,1" hai="28,29,38,43,44,48,55,57,63,65,68,91,95,98" machi="38" ten="30,7700,0" yaku="1,1,7,1,24,2,53,0" doraHai="134" doraHaiUra="20" who="0" fromWho="2" sc="200,93,250,0,250,-83,290,0" /><INIT seed="3,0,0,4,2,2" ten="293,250,167,290" oya="3" hai0="4,25,61,42,39,135,94,83,90,123,111,109,89" hai1="131,70,50,122,12,35,19,92,17,59,37,31,0" hai2="99,41,81,72,54,38,103,65,1,55,22,110,118" hai3="3,44,13,82,27,104,64,113,62,20,86,8,68"/><W134/><G113/><T11/><D123/><U128/><E37/><V45/><F118/><W56/><G104/><T67/><D135/><U49/><E70/><V96/><F110/><N who="0" m="41994" /><D25/><N who="1" m="18927" /><E0/><V105/><F1/><W16/><G134/><T116/><D83/><U32/><E32/><V121/><F121/><W36/><G3/><N who="0" m="415" /><D94/><U80/><E122/><V76/><F65/><W75/><G75/><T124/><D124/><U52/><E92/><V40/><F40/><W133/><G133/><T129/><D129/><N who="1" m="49739" /><E80/><V130/><F130/><W43/><G68/><N who="0" m="42095" /><D116/><U106/><E106/><V73/><F73/><W28/><G82/><T74/><D74/><U97/><E97/><V66/><F66/><W24/><G27/><T126/><D126/><U9/><E19/><V119/><F119/><W46/><G46/><AGARI ba="0,0" hai="39,42,46,89,90" m="42095,415,41994" machi="46" ten="30,2000,0" yaku="14,1,52,1" doraHai="2" who="0" fromWho="3" sc="293,20,250,0,167,0,290,-20" owari="313,41.3,250,-15.0,167,-33.3,270,7.0" /></mjloggm>