<mjloggm ver="2.3"><GO type="225" lobby="0"/><UN n0="%E9%87%8E%E3%80%85%E5%AE%AE%E8%97%8D" n1="%77%72%77%72%77%72%77%72" n2="%E3%81%A8%E3%82%93%E3%81%A8%E3%81%93%E3%81%A8%E3%82%93" n3="%E3%81%BF%E3%81%BF%E3%81%9A" dan="16,16,16,16" rate="2125.17,2198.40,2170.88,2107.44" sx="F,M,F,M"/><TAIKYOKU oya="0"/><INIT seed="0,0,0,3,3,17" ten="250,250,250,250" oya="0" hai0="44,7,54,63,89,52,38,70,67,106,36,72,21" hai1="53,24,71,125,110,76,133,117,86,57,114,109,34" hai2="8,64,126,98,22,12,43,33,30,119,69,121,135" hai3="26,18,75,62,55,10,78,73,61,2,15,102,31"/><T104/><D72/><U65/><E117/><V23/><F43/><W88/><G102/><T80/><D7/><U11/><E133/><V111/><F69/><W107/><G107/><T59/><D106/><U112/><E125/><V66/><F98/><W128/><G128/><T0/><D0/><U84/><E11/><V25/><F121/><W29/><G29/><T1/><D1/><U91/><E76/><V113/><F113/><N who="1" m="43625" /><E65/><V48/><F48/><W105/><G105/><T127/><D104/><U6/><E6/><V68/><F111/><N who="1" m="42505" /><E71/><V116/><F135/><W35/><G78/><T81/><D127/><U90/><E24/><V14/><F126/><W20/><G88/><N who="1" m="33834" /><E34/><V42/><F68/><W28/><G28/><T115/><D115/><U99/><E99/><V41/><F8/><W85/><G85/><T45/><D89/><U108/><N who="1" m="42513" /><U124/><DORA hai="51" /><E124/><V4/><F4/><N who="3" m="1303" /><G75/><T122/><D81/><U120/><E120/><V39/><F33/><W130/><G73/><T56/><D80/><U92/><E92/><V13/><F25/><W93/><G93/><T129/><D122/><U37/><E37/><V101/><F39/><W58/><G130/><T123/><D129/><U79/><E79/><V9/><F9/><W77/><G77/><T27/><D123/><U132/><E132/><V96/><F96/><W94/><G94/><T50/><D36/><U83/><E83/><V97/><F97/><W60/><AGARI ba="0,0" hai="15,18,20,26,31,35,55,58,60,61,62" m="1303" machi="60" ten="30,4000,0" yaku="24,1,52,2" doraHai="17,51" who="3" fromWho="3" sc="250,-20,250,-10,250,-10,250,40" /><INIT seed="1,0,0,0,1,49" ten="230,240,240,290" oya="1" hai0="72,130,53,133,55,45,123,52,16,135,122,131,37" hai1="17,58,110,96,15,94,128,109,67,48,25,127,126" hai2="95,57,26,7,44,0,111,79,18,121,24,132,73" hai3="125,34,108,54,113,3,90,5,99,134,107,30,64"/><U23/><E128/><N who="0" m="49193" /><D72/><U92/><E15/><V129/><F121/><N who="0" m="46090" /><D16/><N who="1" m="12519" /><E92/><V10/><F129/><W41/><G99/><T61/><D61/><N who="1" m="38327" /><E17/><V120/><F95/><W98/><G107/><T31/><D31/><U105/><E48/><V28/><F120/><W93/><G30/><T56/><D56/><U35/><E35/><V1/><F57/><W69/><G93/><T76/><D76/><U115/><E115/><V78/><F73/><W27/><G113/><T75/><D75/><U83/><E83/><V74/><F74/><W112/><G34/><T104/><D104/><U68/><E68/><V114/><F114/><W21/><G69/><T124/><D124/><N who="1" m="47659" /><E105/><V39/><F79/><W2/><G112/><T91/><D91/><AGARI ba="0,0" hai="91,94,96,109,110" m="47659,38327,12519" machi="91" ten="30,2900,0" yaku="18,1,54,1" doraHai="49" who="1" fromWho="0" sc="230,-29,240,29,240,0,290,0" /><INIT seed="1,1,0,5,4,3" ten="201,269,240,290" oya="1" hai0="55,99,21,23,67,77,58,128,97,96,37,132,48" hai1="125,72,30,106,39,38,115,29,60,13,42,93,121" hai2="66,75,78,84,8,95,118,17,36,116,74,107,28" hai3="2,24,82,101,91,129,25,81,113,54,56,123,102"/><U114/><E106/><V27/><F107/><W71/><G123/><T111/><D111/><U14/><E121/><V5/><F36/><W124/><G71/><T63/><D37/><U98/><E72/><V31/><F17/><W43/><G2/><T7/><D128/><U94/><E60/><V44/><F66/><W6/><G113/><T16/><D77/><U109/><E98/><V88/><F44/><W64/><G43/><T122/><D132/><U47/><E47/><V0/><F28/><W104/><G64/><T127/><D127/><U35/><E42/><V49/><F49/><W12/><G104/><T19/><D122/><U103/><E103/><N who="3" m="39434" /><G129/><T34/><D34/><U100/><E100/><V110/><F110/><W85/><G82/><T62/><D7/><U20/><E35/><V76/><F78/><W4/><G124/><T126/><D126/><U10/><E125/><V131/><F131/><W18/><G24/><N who="0" m="14375" /><D67/><U87/><E109/><V73/><REACH who="2" step="1"/><F76/><REACH who="2" ten="201,269,230,290" step="2"/><W11/><G25/><AGARI ba="1,1" hai="19,23,25,48,55,58,62,63,96,97,99" m="14375" machi="25" ten="30,2000,0" yaku="8,1,54,1" doraHai="3" who="0" fromWho="3" sc="201,33,269,0,230,0,290,-23" /><INIT seed="2,0,0,2,0,14" ten="234,269,230,267" oya="2" hai0="37,28,11,87,133,61,34,75,123,40,30,77,116" hai1="79,15,8,117,124,108,126,103,53,69,55,35,115" hai2="125,45,38,111,130,50,97,106,128,99,81,36,100" hai3="119,80,52,109,76,102,22,6,39,83,93,90,62"/><V66/><F125/><N who="1" m="48233" /><E115/><V134/><F134/><W84/><G119/><T12/><D123/><U57/><E117/><V120/><F120/><W91/><G39/><T25/><D116/><U112/><E112/><V65/><F81/><W135/><G135/><T42/><D37/><U29/><E69/><V113/><F113/><W49/><G109/><T72/><D30/><U110/><E103/><V54/><F111/><N who="1" m="42537" /><E79/><V2/><F2/><W89/><G6/><T96/><D133/><U3/><E3/><V70/><F97/><W60/><G102/><T17/><D96/><U101/><E101/><V114/><F114/><W48/><G93/><T7/><D7/><U132/><E132/><V26/><F26/><W16/><G83/><T21/><D77/><U94/><E94/><V58/><F70/><W95/><G95/><T0/><D0/><U19/><E57/><V43/><REACH who="2" step="1"/><F36/><REACH who="2" ten="234,269,220,267" step="2"/><W47/><G76/><T107/><D72/><U131/><E131/><AGARI ba="0,1" hai="38,43,45,50,54,58,65,66,99,100,106,128,130,131" machi="131" ten="40,7700,0" yaku="1,1,2,1,19,1,53,0" doraHai="14" doraHaiUra="10" who="2" fromWho="1" sc="234,0,269,-77,220,87,267,0" /><INIT seed="2,1,0,3,4,42" ten="234,192,307,267" oya="2" hai0="123,64,65,54,109,29,0,129,96,85,93,95,16" hai1="23,60,70,115,132,116,86,92,44,90,119,30,58" hai2="97,14,80,40,57,55,88,130,56,111,18,133,63" hai3="120,127,82,67,77,52,113,5,46,17,45,21,48"/><V13/><F130/><W31/><G120/><T122/><D0/><U126/><E115/><V118/><F118/><W87/><G113/><T112/><D112/><U24/><E132/><V72/><F133/><W26/><G127/><T15/><D29/><U78/><E126/><V11/><F111/><W32/><G67/><T25/><D129/><U51/><E70/><V37/><F72/><W34/><G5/><T74/><D74/><U135/><E135/><V104/><F104/><W84/><G84/><T62/><D25/><U2/><E2/><V50/><F37/><W101/><G101/><N who="0" m="60559" /><D109/><U94/><E78/><V105/><F105/><W9/><G9/><N who="0" m="6255" /><D123/><U125/><E125/><V53/><F40/><W121/><G121/><T39/><D39/><U117/><E94/><V6/><F97/><W114/><G114/><T128/><D128/><U99/><E86/><N who="2" m="50247" /><F13/><W108/><G108/><T4/><D4/><AGARI ba="1,0" hai="4,6,11,14,18,50,53,55,56,57,63" m="50247" machi="4" ten="30,2900,0" yaku="8,1,54,1" doraHai="42" who="2" fromWho="0" sc="234,-32,192,0,307,32,267,0" /><INIT seed="2,2,0,1,3,74" ten="202,192,339,267" oya="2" hai0="125,19,99,31,112,118,110,38,132,50,13,15,113" hai1="16,68,86,60,76,43,34,104,72,93,101,8,42" hai2="30,106,47,100,59,5,57,54,70,64,65,44,51" hai3="29,98,9,61,85,56,108,24,123,26,128,33,25"/><V107/><F30/><W45/><G123/><T1/><D38/><U46/><E34/><V135/><F5/><W53/><G108/><T124/><D1/><U14/><E72/><V40/><F100/><W27/><G128/><T81/><D110/><U87/><E104/><V23/><F23/><W52/><G98/><T131/><D131/><U75/><E75/><V102/><F102/><W127/><G127/><N who="0" m="48715" /><D31/><U82/><E68/><V77/><F106/><W73/><G73/><T111/><D111/><U63/><E43/><N who="2" m="24991" /><F77/><W39/><G9/><T129/><D129/><U79/><E101/><V105/><F107/><W22/><G85/><T32/><D99/><U4/><E4/><V126/><F105/><W115/><G115/><T109/><D32/><U62/><E93/><V80/><F80/><W130/><G130/><T10/><D109/><U17/><E17/><V12/><F12/><W28/><REACH who="3" step="1"/><G53/><REACH who="3" ten="202,192,339,257" step="2"/><T96/><D112/><U66/><E66/><V133/><F126/><W55/><G55/><T35/><D113/><U91/><REACH who="1" step="1"/><E86/><REACH who="1" ten="202,182,339,257" step="2"/><V37/><F133/><W134/><G134/><T71/><D132/><U117/><E117/><V49/><F135/><W67/><G67/><N who="2" m="25673" /><F70/><W122/><G122/><T83/><D71/><U41/><E41/><AGARI ba="2,2" hai="22,24,25,26,27,28,29,33,39,41,45,52,56,61" machi="41" ten="40,2600,0" yaku="1,1,54,1,53,0" doraHai="74" doraHaiUra="6" who="3" fromWho="1" sc="202,0,182,-32,339,0,257,52" /><INIT seed="3,0,0,5,2,105" ten="202,150,339,309" oya="3" hai0="14,58,97,2,0,15,118,35,43,110,23,21,114" hai1="131,95,108,69,115,88,45,100,124,54,85,109,19" hai2="68,24,13,59,125,32,52,82,22,112,41,65,29" hai3="33,27,135,113,74,25,63,98,70,111,96,28,132"/><W55/><G113/><T72/><D43/><U47/><E115/><V120/><F112/><W123/><G123/><T12/><D114/><U87/><E131/><V103/><F41/><W64/><G111/><T18/><D58/><U76/><E124/><V116/><F116/><W117/><G117/><T7/><D118/><U89/><E69/><V34/><F103/><W99/><G55/><T92/><D72/><U130/><E130/><V73/><F68/><W56/><G56/><T75/><D75/><U127/><E127/><V67/><F120/><W50/><G50/><T26/><D110/><U36/><E100/><V106/><F106/><W61/><G61/><T44/><D44/><U39/><E76/><V37/><F37/><W71/><G71/><T31/><D92/><U119/><E119/><V91/><F125/><W60/><G60/><T86/><D86/><U40/><E19/><V42/><F42/><W62/><G62/><T6/><D97/><U46/><E54/><V4/><F34/><W80/><REACH who="3" step="1"/><G25/><REACH who="3" ten="202,150,339,299" step="2"/><N who="0" m="14519" /><D35/><U81/><E40/><V66/><F32/><W126/><G126/><T122/><D122/><U104/><E104/><V38/><F52/><W8/><G8/><T133/><D133/><U93/><E47/><V79/><F24/><W53/><G53/><T101/><D101/><U78/><REACH who="1" step="1"/><E78/><AGARI ba="0,1" hai="27,28,33,63,64,70,74,78,80,96,98,99,132,135" machi="78" ten="40,7700,0" yaku="1,1,52,1,53,1" doraHai="105" doraHaiUra="107" who="3" fromWho="1" sc="202,0,150,-77,339,0,299,87" owari="202,-19.8,73,-42.7,339,13.9,386,48.6" /></mjloggm>