<mjloggm ver="2.3"><GO type="225" lobby="0"/><UN n0="%E3%81%82%E3%81%99%E3%81%AB%E3%82%83%E3%82%80" n1="%E4%BE%BF%E6%89%80" n2="%E5%A4%96%E5%B7%9D%E7%AB%9C%E6%88%90" n3="%4B%2E%32%2E%4B%2E" dan="16,16,16,17" rate="2123.30,2055.38,2198.22,2195.45" sx="F,M,M,M"/><TAIKYOKU oya="0"/><INIT seed="0,0,0,3,2,72" ten="250,250,250,250" oya="0" hai0="116,77,39,35,8,106,18,54,42,69,114,132,80" hai1="34,26,10,83,45,96,122,84,30,95,113,15,12" hai2="109,105,92,28,48,3,101,13,71,60,4,62,17" hai3="85,63,41,131,86,32,103,44,37,31,82,11,87"/><T107/><D114/><U47/><E113/><V52/><F105/><W125/><G125/><T64/><D116/><U81/><E122/><V25/><F71/><W1/><G131/><T19/><D35/><U56/><E56/><V99/><F109/><W55/><G103/><T121/><D121/><U112/><E112/><V40/><F40/><W23/><G32/><T100/><D54/><U97/><E83/><V59/><F4/><W119/><G119/><T102/><D132/><U67/><E67/><V111/><F3/><W65/><G55/><T79/><D80/><U46/><E95/><V5/><F5/><W126/><G11/><T2/><D8/><U127/><E127/><V14/><F111/><W124/><G82/><T110/><D110/><U36/><E36/><V134/><F134/><W29/><G1/><T129/><D2/><U89/><REACH who="1" step="1"/><E15/><REACH who="1" ten="250,240,250,250" step="2"/><V22/><REACH who="2" step="1"/><F13/><REACH who="2" ten="250,240,240,250" step="2"/><W16/><G124/><T27/><D69/><U70/><E70/><V91/><F91/><W120/><G126/><T6/><D107/><U90/><E90/><V38/><F38/><W98/><G37/><T123/><D39/><U58/><E58/><V75/><F75/><W128/><G120/><T104/><D123/><U53/><E53/><V93/><F93/><W49/><G41/><T68/><D42/><U133/><E133/><V74/><F74/><W117/><G117/><T108/><D68/><U66/><E66/><V94/><F94/><W9/><G65/><T135/><D64/><U61/><E61/><V118/><F118/><W33/><G63/><T0/><D135/><U43/><E43/><RYUUKYOKU ba="0,2" sc="250,-15,240,15,240,15,250,-15" hai1="10,12,26,30,34,45,46,47,81,84,89,96,97" hai2="14,17,22,25,28,48,52,59,60,62,92,99,101" /><INIT seed="1,1,2,5,5,64" ten="235,255,255,235" oya="1" hai0="22,62,104,124,75,72,46,76,94,71,86,120,39" hai1="109,125,132,79,78,44,47,37,91,95,106,128,85" hai2="18,129,101,36,43,35,1,81,26,99,2,119,25" hai3="73,49,87,116,42,77,0,56,20,134,100,80,17"/><U92/><E106/><N who="2" m="63807" /><F18/><W70/><G0/><T32/><D104/><U6/><E132/><V67/><F25/><W69/><G134/><T115/><D32/><U13/><E125/><V84/><F84/><W16/><G116/><T29/><D115/><U10/><E128/><V33/><F81/><W3/><G3/><N who="2" m="1033" /><F119/><W53/><G100/><T65/><D124/><U27/><E109/><V4/><F4/><W122/><G122/><T31/><D120/><U103/><E27/><V12/><F12/><W118/><G118/><T9/><D9/><U123/><E123/><V82/><F82/><W15/><G42/><T74/><D22/><U89/><E103/><V83/><F83/><W11/><G87/><T133/><D133/><U28/><E28/><V8/><F8/><W60/><G49/><T63/><D76/><N who="1" m="29227" /><E37/><V38/><F129/><W88/><G88/><T121/><D121/><U114/><E114/><V34/><F26/><AGARI ba="1,2" hai="11,15,16,17,20,26,53,56,60,69,70,73,77,80" machi="26" ten="30,7700,0" yaku="7,1,52,2,54,1" doraHai="64" who="3" fromWho="2" sc="235,0,255,0,255,-80,235,100" /><INIT seed="2,0,0,2,3,15" ten="235,255,175,335" oya="2" hai0="89,46,62,35,27,135,37,76,104,3,38,77,40" hai1="51,41,54,105,131,57,50,81,109,63,60,93,53" hai2="67,91,65,112,64,52,94,34,121,72,132,32,55" hai3="110,5,61,126,74,17,2,102,86,58,29,14,78"/><V125/><F112/><W48/><G74/><T23/><D35/><U129/><E105/><V108/><F121/><W25/><G110/><T69/><D135/><U36/><E93/><V10/><F132/><W134/><G134/><T56/><D3/><U122/><E81/><V103/><F108/><W24/><G102/><T79/><D69/><U83/><E83/><V92/><F72/><W4/><G2/><T90/><D104/><U6/><E6/><V96/><F125/><W44/><G86/><T106/><D37/><U115/><E109/><V0/><F34/><W84/><G84/><T111/><D106/><U33/><E33/><V87/><REACH who="2" step="1"/><F32/><REACH who="2" ten="235,255,165,335" step="2"/><W130/><G126/><T120/><D120/><U42/><E115/><V20/><F20/><W100/><G130/><N who="1" m="49674" /><E122/><V49/><F49/><N who="1" m="18441" /><E36/><V116/><F116/><W39/><G39/><T114/><D114/><U7/><E7/><AGARI ba="0,1" hai="0,7,10,52,55,64,65,67,87,91,92,94,96,103" machi="7" ten="40,3900,0" yaku="1,1,54,1,53,0" doraHai="15" doraHaiUra="118" who="2" fromWho="1" sc="235,0,255,-39,165,49,335,0" /><INIT seed="2,1,0,1,5,40" ten="235,216,214,335" oya="2" hai0="100,73,88,116,62,4,64,43,7,117,15,58,124" hai1="9,93,55,44,34,27,1,20,104,8,67,45,24" hai2="122,48,54,65,89,50,57,37,17,135,14,127,125" hai3="119,2,94,38,112,105,118,74,32,49,101,66,92"/><V131/><F122/><W133/><G38/><T86/><D73/><U95/><E104/><V115/><F115/><W42/><G2/><T75/><D75/><U53/><E34/><V59/><F37/><W51/><G74/><T77/><D77/><U79/><E67/><V90/><F131/><W110/><G110/><T47/><D100/><U30/><E79/><V111/><F111/><W99/><G32/><T35/><D35/><U12/><E1/><V134/><F14/><W11/><G112/><T97/><D97/><U85/><E27/><V41/><F17/><W25/><G133/><N who="2" m="50697" /><F89/><W36/><G66/><T46/><D124/><N who="2" m="47690" /><F90/><W16/><G16/><T102/><D102/><U87/><E87/><V68/><F41/><W71/><G42/><T84/><D43/><U108/><E108/><V26/><F26/><W81/><G25/><T33/><D84/><U106/><E85/><V107/><F107/><W60/><G36/><T69/><D33/><U28/><E106/><V72/><F72/><W128/><G128/><T126/><D126/><U56/><E28/><V113/><F113/><W78/><G105/><T103/><D103/><U61/><E55/><N who="2" m="31975" /><F65/><W19/><G19/><T130/><D130/><U121/><E121/><V0/><F0/><W120/><G120/><T123/><D123/><U10/><E12/><V52/><F54/><W29/><G101/><T13/><D13/><U82/><E82/><V18/><F18/><W21/><G29/><T22/><D15/><U96/><E95/><V70/><AGARI ba="1,0" hai="50,52,59,68,70" m="31975,47690,50697" machi="70" ten="40,12000,1" yaku="20,1,18,1,34,2,54,1" doraHai="40" who="2" fromWho="2" sc="235,-41,216,-41,214,123,335,-41" /><INIT seed="2,2,0,2,0,78" ten="194,175,337,294" oya="2" hai0="2,89,19,104,45,129,124,120,32,53,20,65,38" hai1="62,74,75,109,128,99,105,9,69,56,51,49,79" hai2="35,122,4,70,83,121,36,112,39,106,24,113,95" hai3="100,67,58,5,55,133,91,125,115,27,46,81,0"/><V33/><F106/><W118/><G118/><T52/><D32/><N who="2" m="12362" /><F70/><W98/><G115/><N who="2" m="44105" /><F95/><W72/><G67/><T1/><D104/><U107/><E69/><V92/><F92/><W86/><G125/><T88/><D124/><U16/><E128/><V60/><F60/><W8/><G133/><T59/><D129/><U116/><E116/><V132/><F24/><W90/><G72/><T130/><D130/><U110/><E62/><V29/><F29/><W84/><G46/><T12/><D65/><U42/><E56/><V31/><F31/><W63/><G27/><T126/><D126/><U30/><E30/><V80/><F4/><W108/><G98/><T123/><D38/><N who="2" m="14378" /><F132/><W15/><G100/><T3/><D45/><U64/><E64/><V119/><F119/><W66/><G66/><T101/><D101/><U114/><E114/><V50/><F50/><W131/><G63/><T11/><D20/><U23/><E23/><V14/><F14/><W73/><G15/><T6/><D6/><U18/><E99/><V43/><F43/><W17/><G131/><T54/><REACH who="0" step="1"/><D59/><REACH who="0" ten="184,175,337,294" step="2"/><U103/><E103/><V117/><F117/><W97/><G58/><T47/><D47/><U28/><E28/><V7/><F7/><W76/><G5/><T135/><D135/><U96/><E42/><V10/><F10/><W94/><G8/><T37/><D37/><U93/><E9/><V48/><F122/><AGARI ba="2,1" hai="1,2,3,11,12,19,52,53,54,88,89,120,122,123" machi="122" ten="50,6400,0" yaku="1,1,54,2,53,0" doraHai="78" doraHaiUra="134" who="0" fromWho="2" sc="184,80,175,0,337,-70,294,0" /><INIT seed="3,0,0,0,0,6" ten="264,175,267,294" oya="3" hai0="20,14,111,128,61,133,134,58,30,113,41,37,88" hai1="66,1,123,8,22,78,19,77,42,109,106,54,84" hai2="91,81,132,29,4,116,110,40,35,34,122,85,82" hai3="38,99,97,13,72,2,120,126,115,100,76,60,53"/><W125/><G115/><T17/><D111/><U80/><E123/><V11/><F116/><W94/><G120/><T71/><D113/><U108/><E106/><V67/><F122/><W131/><G2/><T65/><D128/><U48/><E66/><V44/><F110/><N who="1" m="42601" /><E42/><V47/><F132/><N who="0" m="50794" /><D30/><U93/><E93/><V83/><F67/><W79/><G131/><T70/><D88/><N who="1" m="51207" /><E1/><V49/><F47/><AGARI ba="0,0" hai="14,17,20,37,41,47,58,61,65,70,71" m="50794" machi="47" ten="30,1000,0" yaku="20,1" doraHai="6" who="0" fromWho="2" sc="264,10,175,0,267,-10,294,0" /><INIT seed="4,0,0,1,3,112" ten="274,175,257,294" oya="0" hai0="125,21,30,25,50,58,26,109,77,90,101,127,43" hai1="45,82,59,113,41,87,100,117,52,122,74,27,97" hai2="11,119,18,33,69,128,48,126,31,57,76,64,121" hai3="73,108,103,62,23,72,104,2,133,118,88,106,13"/><T78/><D101/><U61/><E113/><V89/><F121/><W1/><G108/><T10/><D109/><U107/><E122/><V55/><F126/><N who="0" m="48138" /><D10/><U6/><E6/><V22/><F128/><W91/><G118/><T56/><D90/><U35/><E74/><V67/><F69/><W123/><G133/><T53/><D43/><U65/><E117/><V29/><F119/><W32/><G32/><N who="0" m="20559" /><D56/><U9/><E9/><V14/><F33/><W71/><G103/><T20/><D20/><U95/><E35/><V132/><F132/><W85/><G23/><T81/><D81/><U3/><E3/><V46/><F76/><W16/><G71/><T7/><D7/><U124/><E124/><V120/><F120/><W93/><G91/><T34/><D34/><U102/><E27/><V99/><F11/><W36/><G1/><T129/><D129/><U110/><E110/><V40/><F31/><AGARI ba="0,0" hai="21,26,31,50,53,58,77,78" m="20559,48138" machi="31" ten="30,1500,0" yaku="18,1" doraHai="112" who="0" fromWho="2" sc="274,15,175,0,257,-15,294,0" /><INIT seed="4,1,0,5,0,8" ten="289,175,242,294" oya="0" hai0="109,110,68,76,18,73,41,36,71,31,120,78,127" hai1="55,74,43,111,62,121,33,61,3,134,92,10,75" hai2="2,108,63,29,119,4,116,122,98,80,77,60,82" hai3="25,13,102,135,65,91,32,34,30,118,40,14,42"/><T107/><D120/><U84/><E111/><N who="0" m="42505" /><D107/><U70/><E121/><V9/><F108/><W126/><G118/><N who="2" m="45097" /><F122/><W95/><G102/><T106/><D106/><U47/><E33/><V123/><F123/><W72/><G72/><T24/><D127/><U15/><E3/><V16/><F29/><W28/><G65/><T7/><D7/><U101/><E134/><V56/><F98/><W132/><G126/><T53/><D18/><U66/><E55/><V20/><F56/><W21/><G42/><T35/><D53/><U117/><E61/><N who="2" m="23627" /><F77/><N who="0" m="29802" /><D73/><U26/><E26/><AGARI ba="1,0" hai="2,4,9,16,20,26,80,82" m="23627,45097" machi="26" ten="30,2000,0" yaku="12,1,54,1" doraHai="8" who="2" fromWho="1" sc="289,0,175,-23,242,23,294,0" /><INIT seed="5,0,0,3,3,52" ten="289,152,265,294" oya="1" hai0="75,68,94,79,35,106,99,2,61,112,58,74,123" hai1="64,13,132,69,135,102,27,60,92,0,17,45,10" hai2="115,14,23,114,5,56,82,107,41,110,104,118,81" hai3="63,11,49,20,6,30,113,42,16,90,37,19,48"/><U8/><E45/><V89/><F110/><W101/><G113/><N who="2" m="43017" /><F118/><W59/><G101/><T50/><D2/><U96/><REACH who="1" step="1"/><E27/><REACH who="1" ten="289,142,265,294" step="2"/><V95/><F107/><W87/><G37/><T25/><D106/><U3/><E3/><V127/><F104/><W93/><G42/><T85/><D25/><U39/><E39/><V40/><F41/><W130/><G130/><T98/><D112/><U108/><E108/><V78/><F40/><W121/><G121/><T62/><D123/><U124/><E124/><V84/><F127/><W36/><G36/><T70/><D35/><U76/><E76/><V71/><F78/><W119/><G119/><T51/><D79/><U55/><E55/><V126/><F126/><W1/><G30/><T47/><D75/><U77/><E77/><V88/><F14/><W97/><G97/><T72/><D47/><U33/><E33/><V128/><F128/><W21/><G1/><T129/><D129/><U7/><AGARI ba="0,1" hai="0,7,8,10,13,17,60,64,69,92,96,102,132,135" machi="7" ten="30,3000,0" yaku="1,1,0,1,53,0" doraHai="52" doraHaiUra="31" who="1" fromWho="1" sc="289,-10,142,40,265,-10,294,-10" /><INIT seed="5,1,0,4,3,52" ten="279,182,255,284" oya="1" hai0="135,109,10,118,79,95,97,105,47,98,68,72,114" hai1="51,121,103,108,56,50,35,124,87,20,21,127,11" hai2="24,92,99,107,66,3,41,71,42,57,19,130,40" hai3="15,89,81,36,67,30,43,84,26,32,13,123,91"/><U27/><E121/><V125/><F107/><W64/><G123/><T126/><D109/><U80/><E108/><V90/><F3/><W96/><G36/><T117/><D68/><U54/><E103/><V1/><F1/><W88/><G43/><T33/><D33/><U44/><E11/><V65/><F125/><W14/><REACH who="3" step="1"/><G96/><REACH who="3" ten="279,182,255,274" step="2"/><T70/><D97/><U82/><E35/><V8/><F41/><W78/><AGARI ba="1,1" hai="13,14,15,26,30,32,64,67,78,81,84,88,89,91" machi="78" ten="30,7900,0" yaku="1,1,2,1,0,1,54,1,53,0" doraHai="52" doraHaiUra="128" who="3" fromWho="3" sc="279,-21,182,-40,255,-21,274,92" owari="258,5.8,142,-35.8,234,-16.6,366,46.6" /></mjloggm>