<mjloggm ver="2.3"><GO type="225" lobby="0"/><UN n0="%E5%8F%AF%E5%85%90%E9%82%A3%E7%94%B1%E5%A4%9A" n1="%E5%B6%BA%E4%B8%8A%E5%92%B2" n2="%72%69%6F%75%63%68%61%6E" n3="%E6%B0%B7%E5%B7%9D%E9%87%8C%E5%A5%88" dan="17,16,17,16" rate="2241.26,2083.49,2241.19,2147.41" sx="F,F,M,F"/><TAIKYOKU oya="0"/><INIT seed="0,0,0,0,0,114" ten="250,250,250,250" oya="0" hai0="74,77,99,130,135,45,79,46,25,66,84,6,5" hai1="21,7,55,28,134,116,38,57,117,78,125,22,105" hai2="29,51,107,69,112,32,12,73,83,65,109,121,1" hai3="94,82,123,76,31,119,124,0,16,53,93,36,67"/><T101/><BYE who="3" /><D130/><UN n3="%E6%B0%B7%E5%B7%9D%E9%87%8C%E5%A5%88" /><U61/><E105/><V63/><F121/><W122/><G119/><T30/><D135/><U98/><E134/><V95/><F112/><W15/><G0/><T68/><D74/><U60/><E125/><V18/><F1/><W2/><G2/><T126/><D126/><U20/><E38/><V118/><F109/><W103/><G124/><T89/><D66/><U50/><E98/><V39/><F39/><W80/><G36/><T90/><D68/><U13/><E78/><V56/><F107/><W129/><G31/><T106/><D77/><U37/><E37/><V70/><F73/><W72/><G67/><T17/><D79/><U11/><REACH who="1" step="1"/><E28/><REACH who="1" ten="250,240,250,250" step="2"/><V111/><F111/><W87/><G76/><T108/><D108/><U86/><E86/><V91/><F29/><W43/><G87/><T75/><D75/><U88/><E88/><V24/><F91/><W132/><G72/><T14/><D89/><U128/><E128/><V113/><F113/><W49/><G129/><T35/><D90/><U97/><E97/><V3/><F95/><W127/><G127/><T110/><D84/><U52/><E52/><V54/><F83/><W41/><G132/><T9/><REACH who="0" step="1"/><D110/><REACH who="0" ten="240,240,250,250" step="2"/><U23/><N who="1" m="5120" /><DORA hai="62" /><U33/><E33/><V10/><F32/><W102/><G123/><T44/><AGARI ba="0,2" hai="5,6,9,14,17,25,30,35,44,45,46,99,101,106" machi="44" ten="30,3000,0" yaku="1,1,0,1,53,0" doraHai="114,62" doraHaiUra="47,59" who="0" fromWho="0" sc="240,50,240,-10,250,-10,250,-10" /><INIT seed="0,1,0,0,3,117" ten="290,230,240,240" oya="0" hai0="58,103,97,16,63,110,35,39,0,124,31,70,49" hai1="2,106,135,122,90,114,57,109,73,9,131,102,27" hai2="130,107,4,84,98,85,69,24,83,26,42,101,28" hai3="8,61,67,104,111,115,17,87,13,92,53,11,50"/><T59/><D39/><U72/><E57/><V81/><F130/><W62/><G115/><T88/><D0/><U125/><E27/><V20/><F69/><W43/><G104/><T64/><D124/><U29/><E29/><V51/><F4/><W86/><G111/><T95/><D110/><U33/><E9/><V121/><F121/><W30/><G43/><T44/><D35/><U113/><E90/><V74/><F81/><W52/><G30/><T99/><D31/><U100/><E100/><V91/><F74/><W128/><G128/><T47/><D16/><U126/><E102/><V60/><F60/><W112/><G112/><T3/><D3/><U14/><E14/><V37/><F37/><W79/><G79/><T120/><D120/><U93/><E93/><V48/><F42/><W127/><G127/><T6/><D6/><U129/><E73/><V71/><F71/><W36/><G36/><T34/><D34/><U116/><E129/><V40/><F40/><W10/><G53/><T66/><D66/><U1/><E114/><V55/><F55/><W123/><G123/><T133/><D47/><U76/><E76/><V77/><REACH who="2" step="1"/><F26/><REACH who="2" ten="290,230,230,240" step="2"/><W22/><G62/><T82/><D82/><U105/><E125/><V15/><F15/><W56/><REACH who="3" step="1"/><G92/><REACH who="3" ten="290,230,230,230" step="2"/><T78/><D63/><U7/><E126/><V21/><F21/><W80/><G80/><T12/><D95/><U65/><E131/><V38/><F38/><W134/><G134/><T96/><D133/><U68/><E135/><V118/><F118/><W18/><G18/><T19/><D19/><U54/><E113/><RYUUKYOKU ba="1,2" sc="290,-15,230,-15,230,15,230,15" hai2="20,24,28,48,51,77,83,84,85,91,98,101,107" hai3="8,10,11,13,17,22,50,52,56,61,67,86,87" /><INIT seed="1,2,2,0,2,77" ten="275,215,245,245" oya="1" hai0="81,102,87,53,0,100,78,121,90,116,113,2,54" hai1="33,65,58,69,127,12,111,84,32,73,106,55,40" hai2="66,112,18,47,27,9,42,117,118,120,91,92,34" hai3="7,104,41,43,16,88,105,85,23,31,49,79,74"/><U70/><E73/><V52/><F120/><W107/><G7/><T21/><D113/><U30/><E106/><V86/><F112/><W82/><G31/><T80/><D116/><U51/><E127/><V29/><F66/><W14/><REACH who="3" step="1"/><G49/><REACH who="3" ten="275,215,245,235" step="2"/><T64/><D121/><U83/><E30/><V37/><F118/><W76/><G76/><T89/><D78/><U63/><E111/><V128/><F117/><W3/><G3/><T5/><D5/><U26/><E70/><V123/><F123/><W56/><G56/><T95/><D0/><U130/><E130/><V114/><F114/><W132/><G132/><T103/><D2/><U75/><E75/><V110/><F110/><W60/><G60/><T39/><D39/><U119/><E119/><V135/><F135/><W109/><G109/><T25/><D64/><U115/><E115/><V28/><F128/><W67/><G67/><T46/><D46/><U126/><E126/><V124/><F28/><W22/><G22/><T36/><D36/><U62/><E33/><V38/><F124/><W44/><G44/><T98/><D81/><AGARI ba="2,3" hai="14,16,23,41,43,74,79,81,82,85,88,104,105,107" machi="81" ten="40,8000,1" yaku="1,1,52,2,54,2,53,0" doraHai="77" doraHaiUra="93" who="3" fromWho="0" sc="275,-86,215,0,245,0,235,116" /><INIT seed="2,0,0,4,2,131" ten="189,215,245,351" oya="2" hai0="61,106,68,40,15,5,8,112,119,50,6,90,34" hai1="19,118,27,9,78,95,52,17,124,59,83,88,1" hai2="3,122,18,121,86,113,47,123,51,80,117,69,96" hai3="93,130,44,67,60,38,56,26,128,12,73,125,7"/><V4/><F113/><W23/><G73/><T91/><D112/><U107/><E118/><V99/><F117/><W46/><G125/><T20/><D119/><U35/><E107/><V55/><F69/><W63/><G93/><T32/><D106/><U21/><E124/><V101/><F101/><W39/><G60/><T105/><D105/><U104/><E104/><V53/><F55/><W75/><G75/><T82/><D6/><U103/><E35/><V41/><F18/><W116/><G116/><T100/><D100/><U92/><E103/><V127/><F127/><W30/><G12/><T72/><D20/><U28/><E1/><V111/><F111/><W33/><G7/><T109/><D109/><U81/><E95/><V62/><F62/><W74/><G74/><T37/><D37/><N who="3" m="13833" /><G23/><T135/><D34/><U134/><E134/><V58/><F58/><W126/><G126/><T120/><D135/><U0/><E0/><V115/><F115/><W22/><G22/><T36/><D32/><U13/><E28/><V110/><F53/><W114/><G114/><T25/><D72/><U70/><E70/><V94/><F94/><W24/><G24/><T97/><D25/><U54/><E78/><N who="2" m="46359" /><F110/><W49/><G49/><T42/><D36/><U11/><E11/><N who="2" m="2463" /><F121/><W43/><G43/><N who="0" m="16427" /><D120/><U45/><E45/><V85/><F85/><W66/><G66/><N who="0" m="41039" /><D50/><N who="1" m="31127" /><E54/><V10/><F10/><W57/><G57/><T16/><D5/><U84/><AGARI ba="0,0" hai="9,13,17,19,21,27,81,83,84,88,92" m="31127" machi="84" ten="30,4000,0" yaku="8,1,54,2" doraHai="131" who="1" fromWho="1" sc="189,-10,215,40,245,-20,351,-10" /><INIT seed="3,0,0,5,3,45" ten="179,255,225,341" oya="3" hai0="13,112,80,53,1,47,63,84,127,88,103,68,129" hai1="61,44,9,71,135,125,52,124,91,75,120,123,16" hai2="14,25,111,100,8,49,118,54,19,33,2,126,15" hai3="56,121,31,32,98,70,5,22,119,50,59,7,114"/><W46/><G70/><T82/><D1/><U109/><E75/><V90/><F118/><W86/><G32/><T21/><D127/><N who="1" m="48715" /><E109/><V66/><F126/><W115/><G121/><N who="1" m="46666" /><E135/><V110/><F100/><W117/><G98/><T10/><D129/><U4/><E91/><V94/><F66/><W128/><G86/><T134/><D134/><U133/><E133/><V79/><F79/><W57/><G128/><T30/><D112/><U116/><E116/><V104/><F104/><W78/><G78/><T102/><D80/><U0/><E71/><V17/><F2/><W42/><G115/><T65/><D21/><U69/><E69/><V81/><F81/><W74/><G114/><T101/><D30/><U73/><E73/><V132/><F132/><W105/><G74/><T108/><D108/><N who="2" m="41514" /><F25/><W85/><G119/><T77/><D77/><U28/><E28/><V107/><F107/><W40/><G105/><T3/><D3/><U29/><E29/><V87/><F33/><W11/><G117/><T41/><D53/><U35/><E35/><V58/><F15/><W38/><G31/><T64/><D64/><U20/><E61/><V55/><F54/><W36/><G22/><T48/><D102/><U37/><E37/><V122/><F122/><W67/><G36/><T34/><D34/><U93/><E93/><V24/><F24/><W95/><G38/><T51/><D51/><N who="1" m="28775" /><E20/><V106/><F106/><W97/><G95/><T26/><D26/><U89/><E89/><V72/><F72/><W27/><G27/><T6/><AGARI ba="0,0" hai="6,10,13,41,47,48,63,65,68,82,84,88,101,103" machi="6" ten="20,5200,0" yaku="0,1,7,1,52,1,54,1" doraHai="45" who="0" fromWho="0" sc="179,52,255,-13,225,-13,341,-26" owari="231,-16.9,242,4.2,212,-28.8,315,41.5" /></mjloggm>