<mjloggm ver="2.3"><GO type="225" lobby="0"/><UN n0="%E3%81%8B%E3%82%8F%E3%81%A1%E3%82%83%E3%82%93%35%38" n1="%72%61%6B%33" n2="%E5%8F%AF%E5%85%90%E9%82%A3%E7%94%B1%E5%A4%9A" n3="%28%EF%BF%A3%E2%96%BD%EF%BF%A3%29%CE%B4%E2%8C%92%E3%83%BB" dan="17,16,17,16" rate="2141.21,2081.27,2222.13,2138.88" sx="M,M,F,M"/><TAIKYOKU oya="0"/><INIT seed="0,0,0,5,5,87" ten="250,250,250,250" oya="0" hai0="64,107,73,50,59,104,9,6,65,21,109,20,105" hai1="115,128,28,119,25,56,97,123,135,42,19,7,113" hai2="23,48,3,66,69,84,54,29,38,57,35,82,133" hai3="4,134,47,0,127,17,99,91,118,124,110,129,74"/><T131/><D73/><U5/><E119/><V15/><F3/><W130/><G74/><T68/><D131/><N who="3" m="50185" /><G118/><T63/><D109/><U8/><E128/><V41/><F133/><W120/><G110/><T76/><D76/><U10/><E42/><V13/><F35/><W75/><G75/><T103/><D103/><U126/><E56/><V43/><F69/><W60/><G120/><T55/><REACH who="0" step="1"/><D65/><REACH who="0" ten="240,250,250,250" step="2"/><U16/><E123/><V114/><F66/><W80/><G124/><T89/><D89/><U1/><E126/><V40/><F114/><N who="1" m="43529" /><E135/><V77/><F38/><W92/><G134/><T100/><D100/><U58/><E97/><V44/><F44/><W45/><G127/><T116/><D116/><U96/><E96/><V93/><F93/><W12/><G47/><T18/><D18/><U71/><E71/><V24/><AGARI ba="0,1" hai="13,15,23,24,29,40,41,43,48,54,57,77,82,84" machi="24" ten="30,2000,0" yaku="0,1,8,1" doraHai="87" who="2" fromWho="2" sc="240,-10,250,-5,250,30,250,-5" /><INIT seed="1,0,0,5,5,27" ten="230,245,280,245" oya="1" hai0="30,16,101,122,48,31,120,14,117,123,100,17,76" hai1="131,133,9,88,85,65,20,8,25,28,94,121,49" hai2="116,32,104,98,35,103,126,22,24,43,29,73,7" hai3="84,93,6,37,102,129,134,110,23,86,53,113,96"/><U50/><E131/><V83/><F116/><W39/><G129/><T61/><D117/><U105/><E133/><V97/><F126/><W11/><G134/><T132/><D132/><U13/><E121/><V59/><F7/><W26/><G113/><T41/><D76/><U36/><E36/><V111/><F111/><W47/><G110/><T109/><D109/><U0/><E105/><V118/><F118/><W77/><G39/><T135/><D135/><U75/><E75/><V90/><F43/><W106/><G106/><T10/><D17/><U127/><E127/><V4/><F4/><W72/><G72/><T55/><D61/><U130/><E130/><V82/><F59/><W3/><G77/><T107/><D107/><U119/><E119/><V66/><F66/><W95/><G95/><T70/><D41/><U79/><E79/><V63/><F63/><W38/><G38/><T58/><D70/><U52/><E65/><V91/><F73/><W42/><REACH who="3" step="1"/><G53/><REACH who="3" ten="230,245,280,235" step="2"/><T19/><REACH who="0" step="1"/><D19/><AGARI ba="0,1" hai="3,6,11,19,23,26,37,42,47,84,86,93,96,102" machi="19" ten="30,3900,0" yaku="1,1,2,1,7,1,53,0" doraHai="27" doraHaiUra="128" who="3" fromWho="0" sc="230,-39,245,0,280,0,235,49" /><INIT seed="2,0,0,1,4,35" ten="191,245,280,284" oya="2" hai0="25,115,5,83,105,118,3,23,129,76,74,7,58" hai1="78,15,50,112,93,10,81,32,52,122,17,69,42" hai2="59,85,14,125,36,71,63,86,126,77,11,55,66" hai3="31,38,28,13,41,29,46,19,106,16,103,124,121"/><V34/><F34/><W107/><G121/><T68/><D68/><U110/><E122/><V128/><F36/><W6/><G124/><N who="2" m="47721" /><F77/><W90/><G6/><T37/><D115/><U0/><E112/><V65/><F128/><W84/><G103/><T96/><D129/><U26/><E69/><V30/><F30/><W133/><G133/><T117/><D37/><U79/><E110/><V57/><F57/><W56/><G56/><T111/><D111/><U33/><E42/><V18/><F66/><W97/><G97/><T104/><D58/><U9/><E93/><V24/><F24/><W67/><G67/><T99/><D23/><U101/><E101/><V94/><F94/><W44/><G44/><T54/><D54/><U114/><E114/><V131/><F131/><W88/><G19/><T130/><D130/><U64/><E64/><V51/><AGARI ba="0,0" hai="11,14,18,51,55,59,63,65,71,85,86" m="47721" machi="51" ten="30,1500,0" yaku="18,1" doraHai="35" who="2" fromWho="2" sc="191,-5,245,-5,280,15,284,-5" /><INIT seed="2,1,0,1,4,53" ten="186,240,295,279" oya="2" hai0="129,71,131,74,69,2,39,88,58,5,82,19,72" hai1="84,61,7,49,29,130,118,95,65,35,50,27,91" hai2="43,94,85,45,135,10,108,42,110,73,30,124,23" hai3="21,97,54,16,15,13,60,9,127,47,63,78,6"/><V128/><F73/><N who="0" m="28266" /><D39/><U76/><E118/><V52/><F135/><W70/><G127/><T12/><D5/><U25/><E130/><N who="0" m="49673" /><D2/><U120/><E120/><V123/><F128/><W113/><G113/><T83/><D12/><U86/><E7/><V48/><F123/><W64/><G78/><T125/><D19/><U56/><REACH who="1" step="1"/><E27/><REACH who="1" ten="186,230,295,279" step="2"/><N who="2" m="16767" /><F124/><W0/><G0/><T34/><D125/><U3/><E3/><V126/><F126/><W105/><G6/><T103/><D34/><U55/><E55/><V107/><F52/><W40/><G54/><T99/><D58/><U121/><E121/><V87/><F110/><W122/><G122/><T41/><D41/><U119/><E119/><V112/><F108/><W66/><G40/><T101/><D69/><U20/><E20/><V111/><F111/><W133/><G21/><T36/><D71/><U89/><E89/><V18/><F43/><W102/><G70/><T8/><D8/><U106/><E106/><V116/><F107/><W1/><G105/><T81/><D36/><U51/><E51/><V77/><F116/><W31/><G1/><T79/><D79/><U104/><E104/><V11/><F11/><W37/><G9/><T114/><D114/><U132/><E132/><V17/><F112/><W92/><G37/><T32/><D32/><U100/><E100/><V14/><F77/><W75/><G133/><T22/><D22/><U57/><E57/><V26/><F26/><W90/><G102/><T93/><AGARI ba="1,1" hai="81,82,83,88,93,99,101,103" m="49673,28266" machi="93" ten="40,8000,1" yaku="19,1,34,2,54,1" doraHai="53" who="0" fromWho="0" sc="186,93,230,-21,295,-41,279,-21" /><INIT seed="3,0,0,1,1,99" ten="279,209,254,258" oya="3" hai0="117,3,110,121,53,92,76,14,19,10,29,8,111" hai1="130,118,4,32,36,112,128,42,31,17,132,50,101" hai2="44,108,20,67,81,91,94,18,95,45,90,34,23" hai3="66,109,73,77,28,13,1,86,113,30,100,71,123"/><W9/><G1/><T58/><D117/><U134/><E112/><V59/><F34/><W68/><G113/><T87/><D121/><U114/><E114/><V115/><F115/><W129/><G123/><T83/><D29/><U124/><E36/><V88/><F108/><N who="0" m="41514" /><D92/><N who="2" m="35370" /><F81/><W47/><G73/><T5/><D58/><U51/><E118/><V21/><F18/><W70/><G66/><T69/><D53/><U0/><E17/><V41/><F41/><W27/><G129/><N who="1" m="49770" /><E42/><V84/><F84/><W131/><G131/><T126/><D69/><U61/><E61/><AGARI ba="0,0" hai="20,21,23,44,45,59,61,67,88,90,91" m="35370" machi="61" ten="40,2600,0" yaku="8,1,54,1" doraHai="99" who="2" fromWho="1" sc="279,0,209,-26,254,26,258,0" /><INIT seed="4,0,0,0,2,79" ten="279,183,280,258" oya="0" hai0="80,66,121,91,107,56,131,124,6,54,24,7,68" hai1="21,93,102,37,76,112,84,123,89,20,71,35,132" hai2="104,129,125,86,41,11,64,49,18,28,103,77,58" hai3="101,69,22,99,9,3,82,128,130,88,120,67,74"/><T48/><D121/><U38/><E123/><V78/><F129/><N who="3" m="49771" /><G120/><T39/><D131/><U70/><E35/><V47/><F125/><W27/><G69/><T122/><D122/><U116/><E116/><V33/><F33/><W94/><G67/><T5/><D107/><U75/><E132/><V23/><F104/><W115/><G115/><T134/><D39/><U29/><E112/><V30/><F103/><W63/><G63/><N who="0" m="38247" /><D68/><U85/><E75/><V109/><F109/><W40/><G40/><T0/><D0/><U19/><E102/><V8/><F77/><N who="3" m="44343" /><G9/><N who="2" m="3657" /><F58/><W110/><G3/><T59/><D124/><U133/><E133/><V119/><F64/><W55/><G55/><T43/><D134/><U2/><E2/><V97/><F97/><W118/><G118/><T26/><D43/><U4/><E4/><V25/><F119/><W57/><G57/><T31/><D31/><U16/><E29/><V90/><F78/><W1/><G1/><T32/><D32/><U105/><E105/><V100/><F100/><W52/><G52/><T53/><D53/><U95/><REACH who="1" step="1"/><E76/><REACH who="1" ten="279,173,280,258" step="2"/><V65/><F65/><W50/><G101/><T34/><D34/><U45/><E45/><V126/><F126/><W72/><G72/><T106/><D106/><U12/><E12/><V96/><F30/><N who="3" m="17783" /><G110/><T10/><D10/><U61/><E61/><V46/><F47/><W127/><G127/><T44/><D44/><U111/><E111/><V92/><F28/><W14/><G14/><T117/><D117/><U15/><E15/><V108/><F108/><W114/><G114/><T17/><D17/><RYUUKYOKU ba="0,1" sc="279,0,173,0,280,0,258,0" hai0="5,6,7,24,26,48,54,59,80,91" hai1="16,19,20,21,37,38,70,71,84,85,89,93,95" hai2="18,23,25,41,46,49,86,90,92,96" hai3="50,88,94,99" /><INIT seed="4,1,1,4,5,36" ten="279,173,280,258" oya="0" hai0="46,101,24,97,19,11,51,52,21,87,126,45,133" hai1="96,6,82,42,72,27,119,30,3,67,73,90,60" hai2="47,131,15,17,70,76,86,99,84,74,31,105,12" hai3="14,69,63,94,103,18,124,88,61,64,135,53,22"/><T120/><D120/><U121/><E121/><V16/><F70/><W85/><G135/><T77/><D133/><U33/><E119/><V55/><F74/><W26/><G124/><T56/><D126/><U107/><E90/><V4/><F131/><W134/><G134/><T125/><D125/><U35/><E35/><V0/><F0/><W89/><G103/><T91/><D77/><U59/><E82/><N who="2" m="47175" /><F105/><W102/><G102/><T92/><D11/><U75/><E6/><V2/><F2/><W79/><G79/><T118/><D118/><U83/><E3/><V106/><F106/><AGARI ba="1,1" hai="19,21,24,45,46,51,52,56,87,91,92,97,101,106" machi="106" ten="30,2900,0" yaku="7,1,54,1" doraHai="36" who="0" fromWho="2" sc="279,42,173,0,280,-32,258,0" owari="321,42.1,173,-32.7,248,-15.2,258,5.8" /></mjloggm>