<mjloggm ver="2.3"><GO type="225" lobby="0"/><UN n0="%E5%8D%8D%E6%B1%A0%E8%A2%8B%E6%9C%80%E5%BC%B7%E5%8D%8D" n1="%E3%81%A4%E3%81%A3%E3%81%B1%E3%82%8A%E3%83%9D%E3%83%BC%E3%83%AB" n2="%E4%BF%BA%E3%81%A8%E5%A6%96%E5%A4%A2" n3="%E3%81%BF%E3%81%BF%E3%81%9A" dan="16,17,16,18" rate="2151.81,2222.40,2113.10,2250.99" sx="M,M,F,M"/><TAIKYOKU oya="0"/><INIT seed="0,0,0,3,2,99" ten="250,250,250,250" oya="0" hai0="8,48,45,60,111,49,6,64,0,98,131,32,63" hai1="85,119,97,81,87,55,11,84,126,94,108,59,29" hai2="130,16,56,118,116,71,34,100,20,19,88,5,33" hai3="13,125,113,133,80,42,35,30,52,82,66,95,22"/><T23/><D32/><U134/><E119/><N who="2" m="45611" /><F71/><W44/><G113/><T74/><D131/><U68/><E68/><V73/><F73/><W12/><G66/><T72/><D111/><U65/><E108/><V9/><F130/><W41/><G35/><N who="2" m="13321" /><F56/><W107/><G107/><T14/><D49/><U47/><E134/><V25/><F88/><W89/><G125/><T67/><D67/><U103/><E126/><V96/><F96/><W86/><G133/><T93/><D64/><U114/><E114/><V36/><F36/><W37/><G37/><T21/><D74/><U54/><E29/><N who="2" m="17575" /><F100/><W78/><G82/><T135/><D72/><U104/><E104/><V127/><F127/><W69/><G69/><T2/><D135/><U62/><E47/><V110/><F110/><W129/><G129/><T90/><D63/><U106/><E106/><V46/><F46/><W28/><G78/><T58/><D58/><U123/><E123/><V121/><F121/><W120/><G80/><T76/><D60/><U57/><E81/><V43/><F43/><N who="3" m="16395" /><G120/><T7/><D76/><U40/><E40/><V27/><F27/><N who="3" m="16503" /><G30/><T105/><D105/><U124/><E124/><V102/><F102/><W128/><G128/><T24/><D45/><U91/><E65/><V75/><F75/><W92/><G92/><T4/><D93/><U115/><E103/><V122/><F122/><W39/><G39/><T117/><D117/><U77/><E77/><V132/><F132/><W109/><G109/><T38/><D38/><U3/><E115/><V26/><F26/><W112/><G112/><T70/><D24/><RYUUKYOKU ba="0,0" sc="250,-15,250,-15,250,15,250,15" hai2="5,9,16,19" hai3="12,13,44,52,86,89,95" /><INIT seed="1,1,0,0,5,131" ten="235,235,265,265" oya="1" hai0="49,63,17,88,95,106,76,78,42,39,102,133,75" hai1="27,125,55,29,105,110,91,111,25,48,33,45,47" hai2="51,7,28,101,107,92,20,83,115,11,53,103,71" hai3="85,22,62,31,82,72,126,124,66,34,97,57,38"/><U12/><E105/><V35/><F107/><W108/><G38/><T32/><D39/><U113/><E113/><V87/><F35/><W99/><G72/><T41/><D32/><U119/><E119/><V96/><F71/><W134/><G34/><T93/><D106/><U36/><E125/><N who="3" m="48234" /><G108/><N who="1" m="41514" /><E27/><V58/><F115/><W46/><G134/><T69/><D133/><U116/><E116/><V50/><F103/><W94/><G46/><T9/><D102/><U59/><E36/><V112/><F112/><W81/><G85/><T70/><D75/><U44/><E12/><N who="2" m="5247" /><F20/><W2/><G2/><T16/><D49/><N who="1" m="31215" /><E91/><N who="2" m="51711" /><F28/><W19/><G31/><T100/><D100/><U14/><E14/><V120/><F120/><W86/><G94/><T30/><D30/><U10/><E10/><V23/><F23/><W118/><G118/><T24/><D9/><U98/><E98/><N who="3" m="37386" /><G86/><T40/><D70/><U123/><E123/><V6/><F6/><W0/><G0/><T8/><D8/><U65/><E65/><V37/><F37/><W73/><G73/><T43/><D69/><U89/><E89/><V122/><F122/><W18/><G18/><T26/><D88/><U4/><E4/><V121/><F121/><W109/><G109/><T64/><D17/><U60/><E60/><AGARI ba="1,0" hai="50,51,53,58,60,92,96,101" m="51711,5247" machi="60" ten="30,1000,0" yaku="8,1" doraHai="131" who="2" fromWho="1" sc="235,0,235,-13,265,13,265,0" /><INIT seed="2,0,0,1,1,54" ten="235,222,278,265" oya="2" hai0="59,42,53,93,112,111,107,60,4,11,119,96,134" hai1="0,1,99,61,100,20,101,110,13,90,19,113,98" hai2="79,133,94,49,109,48,68,55,44,77,121,65,81" hai3="14,128,95,24,26,72,63,82,74,85,10,88,67"/><V18/><F121/><W120/><G120/><T52/><D112/><U58/><E113/><V115/><F115/><W75/><G128/><T9/><D107/><U35/><E110/><V36/><F109/><W66/><G82/><T84/><D134/><U105/><E35/><V106/><F106/><W130/><G130/><T21/><D119/><U116/><E116/><V43/><F133/><W97/><G85/><T125/><D125/><U30/><E30/><V91/><F18/><W7/><REACH who="3" step="1"/><G67/><REACH who="3" ten="235,222,278,255" step="2"/><N who="0" m="39327" /><D84/><U41/><E41/><V3/><F81/><W50/><G50/><T45/><D42/><U108/><E108/><V22/><F48/><W12/><G12/><N who="0" m="5159" /><D111/><U56/><E1/><V33/><F3/><W51/><G51/><T102/><D45/><U64/><E0/><V15/><F43/><W86/><G86/><T127/><D127/><U27/><E13/><V117/><F117/><W129/><G129/><T6/><D21/><U123/><E123/><V80/><F80/><W28/><G28/><T8/><D8/><U25/><E25/><V124/><F124/><W135/><G135/><T32/><D32/><U92/><REACH who="1" step="1"/><E101/><REACH who="1" ten="235,212,278,255" step="2"/><V70/><F33/><W132/><G132/><T122/><D122/><U23/><E23/><V126/><F126/><W104/><G104/><T131/><D131/><U62/><E62/><V40/><F22/><W2/><G2/><T16/><D102/><U69/><AGARI ba="0,2" hai="19,20,27,56,58,61,64,69,90,92,98,99,100,105" machi="69" ten="20,8000,1" yaku="1,1,0,1,7,1,52,2,53,0" doraHai="54" doraHaiUra="118" who="1" fromWho="1" sc="235,-20,212,100,278,-40,255,-20" /><INIT seed="3,0,0,2,2,36" ten="215,312,238,235" oya="3" hai0="97,25,63,42,73,79,115,68,5,35,51,107,50" hai1="22,57,100,123,10,37,61,76,49,19,70,12,15" hai2="34,83,124,54,2,88,127,126,58,41,28,47,92" hai3="103,109,113,39,84,14,122,9,43,119,93,38,27"/><W31/><G113/><T1/><D73/><U90/><E123/><V96/><F2/><W55/><G122/><T112/><D79/><U110/><E37/><N who="2" m="21935" /><F83/><W20/><G119/><T111/><D111/><U30/><E110/><V48/><F28/><W125/><G109/><T69/><D5/><U77/><E70/><V60/><F60/><W16/><G125/><T33/><D1/><U135/><E135/><V75/><F75/><W131/><G131/><T7/><D7/><N who="1" m="3167" /><E100/><V21/><F21/><W91/><G43/><T94/><D107/><U116/><E116/><V95/><F95/><W108/><G108/><T117/><D50/><U26/><E49/><V6/><F6/><W128/><G128/><T129/><D129/><U17/><E90/><V98/><F98/><W74/><G74/><T78/><D78/><N who="1" m="30315" /><E15/><V46/><F46/><W32/><G103/><T114/><D117/><U3/><E3/><V65/><F65/><AGARI ba="0,0" hai="17,19,22,26,30,57,61,65" m="30315,3167" machi="65" ten="30,1000,0" yaku="8,1" doraHai="36" who="1" fromWho="2" sc="215,0,312,10,238,-10,235,0" owari="215,-28.5,322,42.2,228,-17.2,235,3.5" /></mjloggm>