<mjloggm ver="2.3"><GO type="225" lobby="0"/><UN n0="%E7%B4%94%E6%BD%94%E3%83%94%E3%83%A9%E3%83%8B%E3%82%A2" n1="%E5%B8%86%E7%AB%8B%E5%A4%8F%E8%A1%A3" n2="%E6%9D%B1%E9%A2%A8%E3%81%AE%E3%81%8D%E3%82%83%E3%81%B7%E3%81%95%E3%82%93" n3="%E6%98%93%E5%88%A9%E8%96%A9%E4%BC%AF" dan="17,17,16,16" rate="2231.91,2170.06,2120.04,2154.55" sx="M,M,M,F"/><TAIKYOKU oya="0"/><INIT seed="0,0,0,5,4,0" ten="250,250,250,250" oya="0" hai0="103,112,120,22,83,32,17,72,48,96,104,62,121" hai1="20,70,106,129,61,109,4,28,6,123,44,133,56" hai2="16,82,114,59,50,94,110,132,37,18,130,63,31" hai3="80,14,27,122,90,111,51,40,15,78,89,55,30"/><T128/><D112/><U23/><E70/><V113/><F37/><W43/><G111/><T21/><D32/><U69/><E69/><V95/><F110/><W68/><G68/><T126/><D128/><U131/><E123/><V98/><F130/><N who="1" m="49673" /><E109/><V119/><F119/><W47/><G122/><T85/><D126/><U60/><E133/><V12/><F132/><W8/><G90/><T38/><D38/><U45/><E106/><V115/><F31/><W10/><G89/><T7/><D72/><U35/><E35/><V102/><F82/><W134/><G134/><T105/><D105/><U41/><E61/><V66/><F50/><W54/><G43/><T101/><D103/><U29/><E29/><V81/><F81/><W24/><G27/><T92/><D104/><U74/><E74/><V91/><REACH who="2" step="1"/><F12/><REACH who="2" ten="250,250,240,250" step="2"/><W39/><G15/><T93/><D121/><U73/><E73/><V46/><F46/><N who="1" m="18025" /><E41/><V65/><F65/><W88/><G39/><T84/><D120/><U11/><E28/><V9/><F9/><W124/><G10/><T99/><D48/><U135/><E135/><V19/><F19/><W13/><G40/><T77/><D17/><U116/><E116/><V36/><F36/><W76/><G30/><T1/><D1/><N who="1" m="399" /><E6/><V67/><F67/><AGARI ba="0,1" hai="20,23,56,60,67" m="399,18025,49673" machi="67" ten="30,2000,0" yaku="19,1,52,1" doraHai="0" who="1" fromWho="2" sc="250,0,250,30,240,-20,250,0" /><INIT seed="1,0,0,1,0,109" ten="250,280,220,250" oya="1" hai0="20,35,55,6,92,1,12,123,79,11,66,53,121" hai1="130,52,125,49,115,27,64,4,29,134,106,70,9" hai2="91,76,98,101,48,93,86,71,77,56,8,61,17" hai3="65,44,72,119,68,82,124,33,110,89,73,78,47"/><U21/><E115/><V94/><F71/><W85/><G110/><T16/><D79/><U75/><E125/><V24/><F48/><W50/><G124/><T40/><D40/><U95/><E130/><V10/><F10/><W114/><G33/><T97/><D66/><U80/><E106/><V112/><F112/><W62/><G119/><T118/><D35/><U7/><E134/><V116/><F116/><W105/><G105/><T39/><D39/><U41/><E41/><V22/><REACH who="2" step="1"/><F8/><REACH who="2" ten="250,280,210,250" step="2"/><W63/><G63/><T88/><D118/><U2/><E70/><V57/><F57/><W37/><G37/><T108/><D108/><U46/><E7/><V84/><F84/><W128/><G128/><T87/><REACH who="0" step="1"/><D87/><REACH who="0" ten="240,280,210,250" step="2"/><U120/><E75/><V74/><F74/><W25/><G73/><T13/><D13/><U5/><E5/><V34/><F34/><W51/><G85/><T127/><D127/><U0/><E4/><V81/><F81/><W36/><G82/><T26/><D26/><U67/><E80/><V19/><F19/><W31/><G25/><T18/><D18/><U131/><E131/><V14/><F14/><W42/><G36/><T96/><D96/><U83/><E83/><V126/><F126/><W133/><G72/><T104/><D104/><U111/><E111/><V90/><F90/><W122/><G89/><T60/><D60/><U99/><E99/><V38/><F38/><W117/><G62/><T58/><D58/><U100/><E27/><V15/><F15/><W103/><G117/><T43/><D43/><U132/><E49/><V32/><F32/><RYUUKYOKU ba="0,2" sc="240,15,280,-15,210,15,250,-15" hai0="1,6,11,12,16,20,53,55,88,92,97,121,123" hai2="17,22,24,56,61,76,77,86,91,93,94,98,101" /><INIT seed="2,1,2,0,1,74" ten="255,265,225,235" oya="2" hai0="129,110,9,120,69,58,124,104,46,40,131,91,123" hai1="94,27,16,73,118,47,3,39,68,133,112,17,119" hai2="11,115,54,8,56,53,55,98,14,34,135,12,29" hai3="86,126,93,76,44,84,128,80,37,4,101,51,15"/><V25/><F115/><W108/><G108/><T60/><D104/><U125/><E73/><V23/><F135/><W45/><G128/><N who="0" m="49227" /><D110/><U7/><E68/><V116/><F116/><W102/><G37/><N who="0" m="21775" /><D124/><U96/><E112/><V63/><F98/><W0/><G0/><T81/><D9/><N who="2" m="3658" /><F34/><W85/><G45/><T89/><D69/><U71/><E71/><V2/><F2/><W117/><G117/><T41/><D81/><U22/><E133/><V75/><F75/><W95/><G4/><T28/><D28/><U19/><E125/><V30/><F30/><W65/><G15/><AGARI ba="1,2" hai="12,14,15,23,25,29,53,54,55,56,63" m="3658" machi="15" ten="30,1500,0" yaku="8,1" doraHai="74" who="2" fromWho="3" sc="255,0,265,0,225,38,235,-18" /><INIT seed="2,2,0,2,0,41" ten="255,265,263,217" oya="2" hai0="42,7,56,5,16,102,86,130,67,38,11,95,15" hai1="20,76,107,10,61,118,75,93,124,112,48,45,128" hai2="121,37,55,110,19,31,132,133,3,6,2,22,134" hai3="17,87,120,119,90,53,131,32,26,113,66,122,73"/><V116/><F55/><W8/><G119/><T69/><D69/><U33/><E33/><V63/><F63/><W91/><G73/><T82/><D130/><U114/><E107/><V89/><F37/><W30/><G131/><T50/><D38/><U111/><E118/><V46/><F116/><W64/><G113/><T51/><D95/><U52/><E124/><V43/><F121/><W49/><G120/><T14/><D102/><U79/><E111/><V4/><F89/><W34/><G34/><T100/><D100/><U126/><E126/><V68/><F68/><W104/><G91/><T117/><D117/><U115/><E128/><V109/><F31/><W92/><G104/><T1/><D1/><N who="2" m="10" /><F46/><W59/><G122/><T78/><D7/><N who="2" m="2602" /><F43/><W123/><G123/><T60/><REACH who="0" step="1"/><D42/><REACH who="0" ten="245,265,263,217" step="2"/><U106/><E106/><V84/><F84/><W40/><G40/><T28/><D28/><U96/><E114/><V97/><F97/><W57/><G92/><T21/><AGARI ba="2,1" hai="5,11,14,15,16,21,50,51,56,60,67,78,82,86" machi="21" ten="20,8000,1" yaku="1,1,0,1,7,1,8,1,54,1,53,0" doraHai="41" doraHaiUra="129" who="0" fromWho="0" sc="245,96,265,-22,263,-42,217,-22" /><INIT seed="3,0,0,5,3,42" ten="341,243,221,195" oya="3" hai0="62,116,6,19,102,126,32,10,3,92,105,107,31" hai1="108,103,118,49,61,85,88,73,20,47,86,80,123" hai2="66,69,21,58,125,106,29,112,5,51,82,89,56" hai3="77,119,99,9,132,53,18,33,87,14,117,35,70"/><W45/><G70/><T37/><D37/><U24/><E108/><V26/><F106/><W93/><G132/><T30/><D116/><U114/><E123/><V65/><F112/><W120/><G120/><T128/><D126/><U78/><E114/><V72/><F125/><W115/><G115/><T17/><D128/><U46/><E118/><V100/><F69/><W59/><G119/><T130/><D130/><U113/><E113/><V122/><F122/><W133/><G133/><T2/><D62/><U84/><E103/><V104/><F5/><W28/><G117/><T40/><D40/><U79/><E79/><V34/><F34/><W67/><G67/><T43/><D43/><U27/><E61/><V110/><F110/><W127/><G127/><T52/><D92/><U134/><E134/><V75/><F100/><W4/><G4/><T23/><D102/><U54/><E27/><V44/><F104/><W39/><G39/><T8/><D6/><U135/><E135/><V131/><F131/><W124/><G124/><T111/><D23/><U12/><E12/><V22/><F22/><W64/><G64/><N who="2" m="24681" /><F72/><W55/><G45/><N who="1" m="16906" /><E78/><N who="2" m="44383" /><F89/><N who="3" m="55727" /><G28/><T0/><D0/><U16/><E73/><V11/><F11/><W98/><G98/><T63/><D32/><N who="3" m="12361" /><G59/><AGARI ba="0,0" hai="16,20,24,49,54,59,80,84,85,86,88" m="16906" machi="59" ten="30,12000,2" yaku="8,1,52,3,54,2" doraHai="42" who="1" fromWho="3" sc="341,0,243,120,221,0,195,-120" owari="341,14.1,363,46.3,221,-17.9,75,-42.5" /></mjloggm>