<mjloggm ver="2.3"><GO type="225" lobby="0"/><UN n0="%E6%B4%BE%E9%81%A3%E3%81%AE%E3%82%B8%E3%83%A3%E3%83%83%E3%82%AF" n1="%E3%80%93%E3%81%97%E3%83%BC%E3%82%89%E3%80%93" n2="%E3%83%81%E3%83%AF%E3%83%AF%E9%9A%8A%E9%95%B7" n3="%E7%89%B9%E6%9D%B1%E3%81%AF%E4%B8%96%E7%95%8C%E3%82%92%E6%95%91%E3%81%86" dan="17,16,17,16" rate="2228.78,2154.67,2222.73,2179.40" sx="M,M,M,M"/><TAIKYOKU oya="0"/><INIT seed="0,0,0,3,1,37" ten="250,250,250,250" oya="0" hai0="121,24,65,64,130,72,42,7,107,70,59,95,116" hai1="11,69,30,110,86,68,10,83,113,90,92,5,98" hai2="1,127,23,62,124,47,34,79,6,13,94,80,101" hai3="0,18,78,56,48,87,46,4,36,15,51,84,26"/><T22/><D116/><U35/><E110/><V38/><F34/><W106/><G106/><T32/><D121/><U52/><E113/><V40/><F1/><W27/><G36/><T66/><D72/><U120/><E120/><V118/><F118/><W99/><G0/><T91/><D107/><U16/><E30/><V57/><F6/><W50/><G4/><T2/><D70/><U63/><E35/><V29/><F13/><W44/><G99/><T43/><D32/><U133/><E133/><V128/><F128/><W73/><G56/><T97/><D130/><U3/><E11/><V8/><F8/><W53/><G73/><T54/><D7/><U21/><E52/><V12/><F94/><W20/><G51/><N who="0" m="31199" /><D2/><U131/><E63/><V125/><F125/><W85/><REACH who="3" step="1"/><G78/><REACH who="3" ten="250,250,250,240" step="2"/><T104/><D104/><U39/><E39/><V45/><F79/><W60/><G60/><T112/><D112/><U96/><E131/><V93/><F62/><W119/><G119/><T77/><D77/><U115/><E115/><V129/><F129/><W134/><G134/><T135/><D135/><U109/><E98/><V103/><F38/><W114/><G114/><T102/><D102/><U117/><E117/><V33/><F103/><W25/><G25/><T81/><D81/><U71/><E109/><V55/><F101/><W19/><G19/><AGARI ba="0,1" hai="19,22,24,42,43,64,65,66,91,95,97" m="31199" machi="19" ten="30,5800,0" yaku="8,1,52,2" doraHai="37" who="0" fromWho="3" sc="250,68,250,0,250,0,240,-58" /><INIT seed="0,1,0,3,5,11" ten="318,250,250,182" oya="0" hai0="51,55,71,48,116,59,33,117,61,5,50,19,58" hai1="9,42,53,37,66,110,62,3,30,36,49,90,46" hai2="122,73,63,121,86,82,44,83,15,101,126,85,35" hai3="64,128,119,118,115,20,131,43,57,34,45,134,60"/><T6/><D33/><U23/><E110/><V103/><F35/><W92/><G34/><T133/><D19/><U54/><E90/><V17/><F73/><W41/><G92/><T26/><D26/><U38/><E30/><V32/><F32/><W132/><G115/><T28/><D28/><U69/><E23/><V25/><F25/><W130/><G20/><T16/><D133/><N who="3" m="51305" /><G41/><T124/><D124/><U13/><REACH who="1" step="1"/><E3/><REACH who="1" ten="318,240,250,182" step="2"/><V67/><F122/><W22/><G22/><T106/><D116/><U87/><E87/><V56/><F121/><W112/><G112/><T14/><D117/><U4/><AGARI ba="1,1" hai="4,9,13,36,37,38,42,46,49,53,54,62,66,69" machi="4" ten="30,4000,0" yaku="1,1,0,1,52,1,53,0" doraHai="11" doraHaiUra="29" who="1" fromWho="1" sc="318,-21,240,53,250,-11,182,-11" /><INIT seed="1,0,0,3,1,63" ten="297,293,239,171" oya="1" hai0="113,84,119,87,53,135,120,43,51,107,111,47,37" hai1="108,45,73,1,7,102,132,42,70,33,98,93,100" hai2="27,24,11,75,123,94,19,82,83,0,44,74,34" hai3="115,25,79,127,114,56,129,28,105,103,6,81,134"/><U8/><E33/><V59/><F123/><W62/><G129/><T52/><D113/><U78/><E70/><V5/><F94/><W17/><G134/><T30/><D119/><U14/><E132/><V121/><F121/><W48/><G127/><T2/><D107/><U46/><E108/><V72/><F44/><W20/><G6/><T35/><D2/><U41/><E102/><V15/><F59/><W97/><G48/><T71/><D135/><U88/><E100/><V91/><F91/><W67/><REACH who="3" step="1"/><G28/><REACH who="3" ten="297,293,239,161" step="2"/><T89/><D51/><U104/><E7/><V32/><F5/><W16/><G16/><T131/><D131/><U86/><E1/><V50/><F0/><W65/><G65/><T109/><D120/><U130/><E130/><V68/><F50/><W39/><G39/><T12/><D111/><U61/><E42/><V92/><F19/><W95/><G95/><T40/><D40/><U117/><E41/><V112/><F92/><W21/><G21/><T124/><D124/><U38/><E93/><V58/><F32/><W13/><G13/><T99/><D12/><U96/><E14/><V80/><F34/><W128/><G128/><T76/><D109/><U57/><E38/><V118/><F15/><W101/><G101/><T64/><D35/><U10/><E104/><V29/><F29/><W23/><G23/><T4/><D4/><U110/><E110/><V22/><F22/><W85/><AGARI ba="0,1" hai="17,20,25,56,62,67,79,81,85,97,103,105,114,115" machi="85" ten="20,5200,0" yaku="1,1,0,1,7,1,52,1,53,0" doraHai="63" doraHaiUra="66" who="3" fromWho="3" sc="297,-13,293,-26,239,-13,161,62" /><INIT seed="2,0,0,4,4,37" ten="284,267,226,223" oya="2" hai0="53,117,27,102,8,99,108,118,83,78,13,95,135" hai1="90,24,9,103,130,54,123,87,52,34,64,18,111" hai2="68,98,44,33,4,23,14,127,100,75,92,55,17" hai3="69,74,133,76,56,28,42,70,126,82,49,41,79"/><V22/><F33/><W66/><G79/><T12/><D108/><U48/><E111/><V6/><F68/><W71/><G133/><T109/><D109/><U67/><E130/><V1/><F75/><W26/><G126/><T57/><D27/><U112/><E112/><V65/><F127/><W51/><G51/><T47/><D135/><U106/><E123/><V110/><F110/><W129/><G129/><T72/><D47/><U113/><E113/><V125/><F125/><W15/><G15/><T80/><D80/><U10/><E54/><V84/><F1/><W104/><G104/><T21/><D21/><N who="1" m="13367" /><E103/><V121/><F65/><N who="1" m="25161" /><E106/><V81/><F121/><W93/><G93/><T131/><D131/><U3/><E34/><V107/><F107/><W62/><REACH who="3" step="1"/><G49/><REACH who="3" ten="284,267,226,213" step="2"/><N who="0" m="30895" /><D8/><U11/><E3/><V0/><F0/><W120/><G120/><T101/><D12/><U105/><E105/><V43/><F14/><W60/><G60/><T85/><D13/><U46/><E10/><V32/><F92/><AGARI ba="0,1" hai="9,11,46,48,52,87,90,92" m="25161,13367" machi="92" ten="30,2000,0" yaku="8,1,54,1" doraHai="37" who="1" fromWho="2" sc="284,0,267,30,226,-20,213,0" /><INIT seed="3,0,0,5,3,126" ten="284,297,206,213" oya="3" hai0="101,47,84,4,100,11,116,5,0,75,111,95,97" hai1="90,35,56,125,61,77,91,31,93,127,74,98,69" hai2="48,78,89,29,114,67,62,87,134,81,96,12,28" hai3="13,119,9,63,26,58,50,109,110,121,33,7,112"/><W15/><G121/><T24/><D111/><N who="3" m="42505" /><G112/><T8/><D75/><U88/><E69/><V38/><F38/><W122/><G119/><T27/><D116/><U94/><E77/><V54/><F114/><W120/><G50/><T55/><D100/><N who="1" m="60495" /><E74/><V133/><F12/><N who="3" m="4683" /><G26/><T18/><D18/><U92/><E31/><V71/><F78/><W131/><G33/><T14/><D84/><U105/><E105/><V117/><F117/><W60/><G131/><T85/><D85/><U118/><E35/><V43/><F96/><W51/><G51/><T6/><D6/><U107/><E107/><V45/><REACH who="2" step="1"/><F43/><REACH who="2" ten="284,297,196,213" step="2"/><W80/><G80/><T40/><D40/><U135/><E118/><V46/><F46/><W57/><G7/><T64/><D47/><U102/><E102/><V21/><F21/><W73/><G73/><T132/><D5/><U123/><E127/><V66/><F66/><N who="3" m="39183" /><G9/><T86/><D11/><U99/><E125/><V36/><F36/><W124/><G124/><T82/><D64/><AGARI ba="0,1" hai="58,63,64,120,122" m="39183,4683,42505" machi="64" ten="30,2900,0" yaku="14,1,10,1" doraHai="126" who="3" fromWho="0" sc="284,-29,297,0,196,0,213,39" /><INIT seed="3,1,0,5,2,98" ten="255,297,196,252" oya="3" hai0="38,116,95,126,97,19,94,119,117,88,0,73,112" hai1="132,84,102,67,31,75,100,49,72,129,108,25,127" hai2="90,13,37,60,93,125,8,77,103,7,6,11,36" hai3="59,107,96,123,79,89,45,40,134,18,30,53,23"/><W58/><G123/><T101/><D38/><U48/><E108/><V62/><F125/><W80/><G30/><T2/><D73/><U39/><E39/><V114/><F114/><W66/><G66/><T105/><D126/><U70/><E127/><V34/><F34/><W69/><G69/><T83/><D19/><U29/><E84/><V78/><F37/><W16/><G134/><T118/><N who="0" m="29696" /><DORA hai="65" /><T122/><D122/><U121/><E67/><V21/><F36/><W33/><G33/><T110/><D110/><U17/><E17/><V26/><F103/><W74/><G40/><T128/><D128/><U10/><E70/><V43/><F43/><W9/><G9/><T56/><D56/><U64/><E64/><V111/><F111/><W82/><G18/><T44/><D44/><U71/><E71/><V12/><F78/><W115/><G80/><T68/><D68/><U50/><E10/><V86/><REACH who="2" step="1"/><F77/><REACH who="2" ten="255,297,186,252" step="2"/><W54/><G115/><T42/><D42/><U22/><E102/><V15/><F15/><W104/><G79/><T91/><D112/><U35/><E100/><V120/><F120/><W32/><G32/><T55/><D0/><U61/><E121/><V85/><F85/><W14/><G14/><T99/><D2/><U124/><E124/><V135/><F135/><W46/><G96/><N who="0" m="61607" /><D55/><U63/><E132/><V109/><F109/><W76/><G53/><T5/><D5/><U106/><E75/><V1/><F1/><W87/><G54/><T47/><D47/><U57/><E72/><V4/><F4/><W51/><G46/><T81/><AGARI ba="1,1" hai="81,83,88,91,94,95,97,99" m="61607,29696" machi="81" ten="60,8000,1" yaku="5,1,34,2,52,1,54,1" doraHai="98,65" who="0" fromWho="0" sc="255,93,297,-21,186,-21,252,-41" owari="348,44.8,276,7.6,165,-33.5,211,-18.9" /></mjloggm>