<mjloggm ver="2.3"><GO type="225" lobby="0"/><UN n0="%E3%82%B2%E3%82%B9%E8%8C%82%E5%8B%9D" n1="%E3%82%BC%E3%83%AB%E3%83%80%E3%81%AE%E4%BC%9D%E8%AA%AC" n2="%E4%BF%BA%E3%81%A8%E5%A6%96%E5%A4%A2" n3="%6D%75%75%73%61%6E%6D%75" dan="16,17,16,17" rate="2119.92,2180.36,2098.75,2175.33" sx="F,M,F,F"/><TAIKYOKU oya="0"/><INIT seed="0,0,0,0,3,51" ten="250,250,250,250" oya="0" hai0="129,80,111,43,42,134,88,72,74,93,84,94,112" hai1="90,109,95,92,70,19,66,83,75,114,29,124,40" hai2="21,82,120,26,39,122,59,22,87,96,28,52,81" hai3="85,128,36,47,99,18,31,35,54,41,2,119,25"/><T24/><D112/><U7/><E29/><V5/><F39/><W32/><G119/><T10/><D129/><U101/><E7/><V115/><F115/><W61/><G128/><T63/><D134/><U34/><E34/><V86/><F5/><W4/><G32/><T6/><D24/><U107/><E40/><V123/><F96/><W17/><G99/><T113/><D113/><U108/><E114/><V97/><F97/><W57/><REACH who="3" step="1"/><G85/><REACH who="3" ten="250,250,250,240" step="2"/><T132/><D132/><U62/><E109/><V116/><F116/><W106/><G106/><T8/><D111/><U58/><E107/><V126/><F126/><W1/><G1/><T23/><D74/><U65/><E75/><V55/><F87/><W16/><G16/><T48/><D72/><U103/><E19/><V30/><F86/><W67/><G67/><T91/><D84/><U89/><E124/><V127/><F127/><W125/><G125/><T105/><D105/><U27/><E66/><V76/><F76/><W117/><G117/><T37/><D80/><U38/><E65/><V102/><F102/><W45/><G45/><T53/><D93/><U20/><E83/><V60/><REACH who="2" step="1"/><F55/><REACH who="2" ten="250,250,240,240" step="2"/><W33/><G33/><T100/><D100/><U0/><E103/><V11/><F11/><AGARI ba="0,2" hai="2,4,11,17,18,25,31,35,36,41,47,54,57,61" machi="11" ten="40,2600,0" yaku="1,1,52,1,53,0" doraHai="51" doraHaiUra="135" who="3" fromWho="2" sc="250,0,250,0,240,-26,240,46" /><INIT seed="1,0,0,5,3,2" ten="250,250,214,286" oya="1" hai0="37,0,56,96,39,129,57,14,45,73,5,88,66" hai1="103,42,99,47,76,79,7,28,61,106,104,58,112" hai2="94,127,78,89,25,130,114,102,120,117,26,4,41" hai3="13,135,19,134,95,30,91,126,44,105,68,3,24"/><U21/><E112/><V92/><F117/><W122/><G105/><T1/><D73/><U29/><E106/><V72/><F120/><W111/><G122/><T53/><D129/><U23/><E23/><V62/><F130/><W46/><G68/><T125/><D125/><U93/><E104/><V119/><F119/><W80/><G80/><T59/><D66/><U64/><E7/><V131/><F131/><W69/><G69/><T9/><D37/><U107/><E107/><V16/><F102/><W43/><G3/><T38/><D39/><U22/><E22/><N who="2" m="13511" /><F72/><W113/><G113/><T83/><D53/><U86/><E86/><N who="2" m="52279" /><F94/><W90/><G126/><T110/><D110/><U20/><E20/><V77/><F41/><W133/><G111/><T36/><D36/><N who="1" m="21959" /><E29/><V6/><F26/><AGARI ba="0,0" hai="21,26,28,58,61,64,76,79,93,99,103" m="21959" machi="26" ten="30,1500,0" yaku="25,1" doraHai="2" who="1" fromWho="2" sc="250,0,250,15,214,-15,286,0" /><INIT seed="1,1,0,3,5,64" ten="250,265,199,286" oya="1" hai0="108,118,97,78,130,102,132,88,29,20,57,127,59" hai1="19,107,125,51,117,53,1,0,89,70,77,22,73" hai2="21,113,120,128,86,41,115,49,129,46,135,37,38" hai3="10,35,44,48,61,66,47,81,25,80,4,87,90"/><U34/><E117/><V98/><F98/><W30/><G81/><T7/><D108/><U104/><E34/><V92/><F92/><W79/><G79/><T122/><D118/><U93/><E125/><V12/><F86/><W32/><G32/><T65/><D127/><U31/><E31/><V17/><F135/><W84/><G84/><T62/><D132/><U55/><E70/><V119/><F120/><W83/><G83/><T82/><D130/><N who="2" m="50282" /><F119/><W9/><G48/><T96/><D7/><U50/><E77/><V63/><F63/><W24/><G24/><N who="0" m="16519" /><D122/><U72/><E22/><V76/><F76/><W42/><G42/><T121/><D121/><U16/><E93/><V101/><F101/><W28/><G28/><T11/><D78/><U13/><E13/><V23/><F23/><W100/><G100/><T6/><D102/><U2/><E2/><V36/><AGARI ba="1,0" hai="12,17,21,36,37,38,41,46,49,113,115" m="50282" machi="36" ten="40,1500,0" yaku="19,1" doraHai="64" who="2" fromWho="2" sc="250,-5,265,-8,199,18,286,-5" /><INIT seed="2,0,0,5,4,19" ten="245,257,217,281" oya="2" hai0="53,2,112,17,5,57,35,82,37,12,109,15,6" hai1="8,79,48,104,33,126,50,71,119,23,54,28,24" hai2="26,98,11,102,99,114,125,38,61,65,124,73,9" hai3="25,103,47,100,81,111,20,22,97,60,49,44,63"/><V127/><F114/><W92/><G111/><T89/><D109/><U41/><E119/><V55/><F73/><W132/><G132/><T76/><D37/><U3/><E104/><V115/><F115/><W30/><G81/><T69/><D69/><U113/><E113/><V108/><F108/><W68/><G100/><T31/><D89/><U87/><E71/><V106/><F38/><W56/><G68/><T66/><D66/><U46/><E126/><V0/><F65/><W18/><G56/><T122/><D122/><U110/><E110/><V75/><F75/><W84/><G84/><T80/><D112/><U59/><E33/><V32/><F0/><W58/><G58/><T51/><D2/><U85/><REACH who="1" step="1"/><E79/><REACH who="1" ten="245,247,217,281" step="2"/><V128/><F128/><W7/><G7/><AGARI ba="0,1" hai="3,7,8,23,24,28,41,46,48,50,54,59,85,87" machi="7" ten="40,8000,1" yaku="1,1,2,1,52,1,53,1" doraHai="19" doraHaiUra="36" who="1" fromWho="3" sc="245,0,247,90,217,0,281,-80" /><INIT seed="3,0,0,4,4,124" ten="245,337,217,201" oya="3" hai0="84,63,110,82,102,81,10,89,18,32,44,70,67" hai1="35,15,34,21,48,132,58,131,83,87,108,78,123" hai2="52,61,56,73,92,51,46,9,126,22,120,45,53" hai3="64,133,135,40,38,69,66,99,49,17,4,105,11"/><W91/><G38/><T103/><D110/><U47/><E123/><V125/><F73/><W101/><G69/><T20/><D32/><U50/><E131/><V7/><F120/><W19/><G91/><T74/><D10/><U60/><E108/><V128/><F128/><W25/><G40/><T90/><D44/><U106/><E106/><V5/><F22/><W86/><G49/><T36/><D36/><U31/><E132/><N who="3" m="50762" /><G86/><T68/><D70/><U107/><E107/><V134/><F134/><W94/><G105/><T16/><D18/><N who="3" m="6665" /><G25/><T130/><D130/><U76/><E76/><V93/><F46/><W55/><G55/><T37/><D37/><U121/><E121/><V65/><F53/><W8/><G8/><T33/><D74/><U88/><E78/><V59/><F45/><W54/><G54/><T113/><D102/><U118/><E50/><V12/><REACH who="2" step="1"/><F5/><REACH who="2" ten="245,337,207,201" step="2"/><W23/><G23/><T122/><D20/><U95/><E21/><V117/><F117/><W129/><G129/><T116/><D122/><U0/><E118/><V29/><F29/><W127/><G127/><AGARI ba="0,1" hai="7,9,12,51,52,56,59,61,65,92,93,125,126,127" machi="127" ten="40,8000,1" yaku="1,1,18,1,54,1,53,1" doraHai="124" doraHaiUra="6" who="2" fromWho="3" sc="245,0,337,0,207,90,201,-80" owari="245,-15.5,337,43.7,297,9.7,121,-37.9" /></mjloggm>