<mjloggm ver="2.3"><GO type="225" lobby="0"/><UN n0="%E3%82%B2%E3%82%B9%E8%8C%82%E5%8B%9D" n1="%E3%81%B5%E3%81%98%E3%81%8B%E3%81%A4" n2="%E3%83%97%E3%83%AC%E3%83%B4%E3%82%A1%E3%83%86%E3%82%A3" n3="%E3%83%AB%E3%83%9B%E3%83%B3%E3%83%87%E3%82%A3%E3%82%A8" dan="16,16,16,17" rate="2127.01,2086.81,2091.48,2187.35" sx="F,M,F,M"/><TAIKYOKU oya="0"/><INIT seed="0,0,0,0,0,4" ten="250,250,250,250" oya="0" hai0="74,111,80,47,86,59,126,81,20,17,129,101,65" hai1="119,98,24,6,41,100,69,82,3,122,118,72,128" hai2="76,57,97,28,50,11,1,77,124,116,26,63,33" hai3="42,49,78,125,95,27,134,130,131,34,38,2,56"/><T13/><D129/><N who="3" m="49161" /><G95/><T91/><D126/><U117/><E122/><V35/><F124/><W52/><G78/><T18/><D111/><U90/><E69/><V37/><F37/><W53/><G2/><T29/><D29/><U94/><E41/><V36/><F36/><W99/><G99/><T44/><D101/><U71/><E71/><V121/><F121/><W84/><G84/><T14/><D74/><U113/><E24/><V15/><F1/><W66/><G27/><T32/><D32/><U93/><E113/><V9/><F35/><W103/><G103/><T58/><D80/><U104/><E128/><V123/><F123/><W133/><G34/><T114/><D114/><U73/><E3/><V16/><F116/><W61/><G125/><T85/><D85/><N who="1" m="50487" /><E6/><V96/><F50/><W5/><G5/><T115/><D115/><U135/><E135/><N who="3" m="51722" /><G38/><T19/><D19/><U21/><E21/><N who="2" m="15439" /><F97/><W10/><G10/><N who="2" m="3593" /><F96/><W83/><G83/><T79/><D81/><U102/><E102/><V109/><F33/><W87/><G87/><T46/><D20/><U51/><E51/><V43/><F109/><W12/><G12/><T112/><D14/><U132/><E132/><V8/><F43/><W30/><G30/><T120/><D112/><U75/><AGARI ba="0,0" hai="72,73,75,93,94,98,100,104,117,118,119" m="50487" machi="75" ten="40,2700,0" yaku="34,2" doraHai="4" who="1" fromWho="1" sc="250,-13,250,27,250,-7,250,-7" /><INIT seed="1,0,0,1,1,122" ten="237,277,243,243" oya="1" hai0="43,124,34,7,109,120,114,56,48,81,108,31,24" hai1="33,18,37,6,9,88,1,115,63,126,125,79,12" hai2="0,102,104,3,58,23,117,74,84,76,65,96,113" hai3="27,121,127,54,94,92,67,106,78,38,41,21,128"/><U91/><E37/><V60/><F117/><W19/><G106/><T86/><D114/><U59/><E115/><V69/><F113/><W5/><G121/><T44/><D120/><U51/><E33/><V45/><F58/><W61/><G78/><T131/><D131/><U40/><E79/><V72/><F23/><W90/><G92/><T13/><D124/><N who="1" m="47723" /><E51/><V85/><F85/><W111/><G5/><T52/><D13/><U70/><E40/><V47/><F47/><W71/><G128/><T80/><D7/><U133/><E133/><V73/><F45/><W105/><G105/><T95/><D95/><U20/><E70/><V101/><F101/><W66/><G38/><T42/><D42/><U36/><E36/><V55/><F55/><AGARI ba="0,0" hai="1,6,9,12,18,20,55,59,63,88,91" m="47723" machi="55" ten="30,2900,0" yaku="18,1,54,1" doraHai="122" who="1" fromWho="2" sc="237,0,277,29,243,-29,243,0" /><INIT seed="1,1,0,5,1,105" ten="237,306,214,243" oya="1" hai0="61,96,108,50,14,67,52,126,119,98,12,77,120" hai1="71,64,37,91,114,110,40,70,24,89,0,56,6" hai2="8,41,26,49,15,44,115,47,42,54,79,35,97" hai3="125,123,133,34,73,92,45,62,16,107,3,76,27"/><U4/><E114/><V84/><F115/><W90/><G107/><T103/><D119/><U53/><E71/><V95/><F35/><W117/><G3/><T109/><D126/><U111/><E24/><V59/><F26/><W30/><G123/><T129/><D129/><U10/><E6/><V1/><F1/><W33/><G33/><T130/><D130/><U20/><E20/><V31/><F31/><W60/><G133/><T2/><D2/><U101/><E101/><V104/><F104/><W19/><G125/><T11/><D77/><U131/><E131/><V18/><F79/><W135/><G45/><N who="0" m="27727" /><D120/><U87/><E64/><V72/><F72/><W80/><G117/><T13/><D11/><U122/><E70/><V32/><F84/><W57/><G62/><T81/><D81/><U22/><E22/><V112/><F32/><W127/><G135/><T94/><D96/><U99/><E99/><V28/><F28/><W39/><G39/><T29/><D29/><U75/><E75/><V48/><F112/><W116/><G116/><T106/><D106/><U25/><E122/><V66/><F66/><W118/><G127/><T113/><D113/><U46/><E87/><V102/><F59/><W134/><G134/><T82/><D82/><U63/><REACH who="1" step="1"/><E25/><REACH who="1" ten="237,296,214,243" step="2"/><V128/><REACH who="2" step="1"/><F128/><REACH who="2" ten="237,296,204,243" step="2"/><W7/><G118/><T65/><D65/><U58/><E58/><V78/><F78/><W88/><G76/><T5/><D5/><U9/><E9/><V36/><F36/><W100/><G7/><T124/><D124/><U43/><E43/><AGARI ba="1,2" hai="8,15,18,41,42,43,44,47,48,49,54,95,97,102" machi="43" ten="30,3900,0" yaku="1,1,7,1,8,1,53,0" doraHai="105" doraHaiUra="83" who="2" fromWho="1" sc="237,0,296,-42,204,62,243,0" /><INIT seed="2,0,0,2,3,41" ten="237,254,266,243" oya="2" hai0="125,128,15,48,80,19,115,133,1,101,132,45,54" hai1="21,60,100,106,84,77,38,112,58,40,23,14,42" hai2="102,70,28,75,119,71,68,50,99,87,0,51,83" hai3="111,2,74,16,127,22,6,57,3,20,12,4,55"/><V66/><F119/><W64/><G74/><T52/><D115/><U135/><E112/><V25/><F0/><W92/><G64/><T63/><D1/><U110/><E106/><V47/><F75/><W114/><G114/><T120/><D120/><U37/><E100/><V82/><F51/><W18/><G111/><T97/><D125/><U39/><E110/><V46/><F50/><W116/><G116/><T126/><D126/><U122/><E122/><V89/><F82/><W31/><G127/><T134/><D80/><U62/><E135/><V33/><REACH who="2" step="1"/><F66/><REACH who="2" ten="237,254,256,243" step="2"/><W78/><G2/><T88/><D128/><U79/><E38/><V93/><AGARI ba="0,1" hai="25,28,33,46,47,68,70,71,83,87,89,93,99,102" machi="93" ten="30,12000,1" yaku="1,1,2,1,0,1,52,2,53,0" doraHai="41" doraHaiUra="118" who="2" fromWho="2" sc="237,-40,254,-40,256,130,243,-40" /><INIT seed="2,1,0,1,4,31" ten="197,214,386,203" oya="2" hai0="28,58,12,46,79,5,65,16,95,39,15,123,67" hai1="4,106,90,122,101,63,74,3,98,30,84,134,13" hai2="93,18,124,89,107,69,43,102,42,37,110,97,34" hai3="113,70,60,72,50,104,49,112,54,88,64,82,78"/><V22/><F124/><W47/><G104/><T119/><D123/><U24/><E122/><V117/><F117/><W83/><G50/><T127/><D79/><U68/><E134/><V56/><F69/><W1/><G1/><T66/><D127/><U40/><E40/><V14/><F110/><W48/><G48/><T71/><D71/><U75/><E13/><V111/><F111/><W6/><G6/><T51/><D39/><U27/><E4/><V91/><F37/><W105/><G105/><T32/><D119/><U85/><E85/><V19/><F34/><W96/><G83/><T0/><D0/><U118/><E24/><V10/><F91/><W62/><REACH who="3" step="1"/><G60/><REACH who="3" ten="197,214,386,193" step="2"/><T21/><D95/><AGARI ba="1,1" hai="47,49,54,62,64,70,72,78,82,88,95,96,112,113" machi="95" ten="40,8000,1" yaku="1,1,2,1,54,1,53,2" doraHai="31" doraHaiUra="109" who="3" fromWho="0" sc="197,-83,214,0,386,0,193,93" /><INIT seed="3,0,0,1,4,61" ten="114,214,386,286" oya="3" hai0="39,17,53,26,45,129,104,54,8,64,96,10,66" hai1="98,52,14,28,99,97,77,89,117,13,84,55,5" hai2="135,113,74,122,134,81,95,131,58,93,68,110,4" hai3="3,38,79,40,60,71,41,118,91,123,108,76,121"/><W78/><G3/><T90/><D129/><U112/><E117/><V31/><F113/><W34/><G34/><T94/><D104/><U109/><E112/><V46/><F68/><W6/><G118/><T85/><D39/><U116/><E109/><V24/><F131/><W49/><G38/><T32/><D96/><U50/><E77/><V67/><F110/><W80/><G108/><T20/><D32/><U23/><E116/><V101/><F46/><W25/><G25/><T92/><D92/><U2/><E2/><V87/><F4/><W21/><G21/><T69/><D69/><U37/><E37/><V51/><F74/><W86/><G6/><T126/><D126/><U1/><E1/><V19/><F19/><W12/><G12/><T124/><D124/><U107/><E107/><V59/><F122/><W128/><G128/><T29/><D54/><U42/><E5/><V48/><F58/><W27/><G27/><T0/><D0/><U18/><E13/><V120/><F120/><W62/><G62/><T33/><D33/><U72/><E28/><V63/><F95/><W70/><G70/><T119/><D119/><U88/><E72/><V43/><F43/><N who="3" m="16459" /><G49/><N who="0" m="28847" /><D29/><U100/><E100/><V16/><F16/><W22/><G22/><T11/><D8/><U105/><E105/><V30/><F30/><W132/><G132/><N who="2" m="50729" /><F31/><W133/><G133/><T111/><D111/><U56/><E42/><V125/><F24/><W127/><G127/><T102/><D102/><U82/><E55/><V103/><F125/><W115/><G115/><T15/><D10/><U130/><E130/><RYUUKYOKU ba="0,0" sc="114,10,214,10,386,-30,286,10" hai0="11,15,17,20,26,64,66,85,90,94" hai1="14,18,23,50,52,56,82,84,88,89,97,98,99" hai3="60,71,76,78,79,80,86,91,121,123" /><INIT seed="3,1,0,5,3,123" ten="124,224,356,296" oya="3" hai0="75,0,86,88,21,92,8,98,106,110,53,29,59" hai1="71,102,10,100,48,83,132,18,16,28,74,135,1" hai2="84,39,113,116,134,68,20,69,78,101,128,2,126" hai3="34,117,52,130,115,14,105,11,25,91,15,61,4"/><W108/><G105/><T65/><D75/><U67/><E74/><V57/><F116/><W38/><G38/><T22/><D65/><U79/><E71/><V125/><F113/><W107/><G107/><T85/><D85/><U119/><E67/><V94/><F39/><W40/><G40/><T133/><D133/><N who="1" m="51275" /><E48/><V19/><F2/><W31/><G115/><T12/><D0/><U17/><E79/><V89/><F134/><W56/><G117/><T114/><D114/><U82/><E28/><V76/><F128/><W109/><G130/><T63/><D29/><U23/><E119/><V81/><F69/><W30/><G30/><T99/><D110/><N who="3" m="42601" /><G91/><T35/><D35/><U80/><E23/><V64/><F68/><W32/><G15/><T54/><D53/><U112/><E112/><V97/><F125/><W5/><G5/><AGARI ba="1,0" hai="1,5,10,16,17,18,80,82,83,100,102" m="51275" machi="5" ten="40,2600,0" yaku="20,1,54,1" doraHai="123" who="1" fromWho="3" sc="124,0,224,29,356,0,296,-29" owari="124,-37.6,253,-14.7,356,45.6,267,6.7" /></mjloggm>