<mjloggm ver="2.3"><GO type="225" lobby="0"/><UN n0="%6D%75%75%6D%75%72%61" n1="%E3%81%86%E3%81%9A%E3%82%89%E5%8D%B5%E3%83%95%E3%83%A9%E3%82%A4" n2="%E3%81%A8%E3%82%93%E3%81%A8%E3%81%93%E3%81%A8%E3%82%93" n3="%E5%A4%96%E5%B7%9D%E7%AB%9C%E6%88%90" dan="16,16,16,16" rate="2148.53,2108.72,2184.28,2155.61" sx="F,M,F,M"/><TAIKYOKU oya="0"/><INIT seed="0,0,0,3,0,80" ten="250,250,250,250" oya="0" hai0="42,26,123,98,16,99,51,15,119,54,131,59,49" hai1="3,135,69,67,25,91,74,19,5,109,22,71,32" hai2="125,7,120,53,103,110,13,82,134,41,81,38,118" hai3="79,31,127,36,133,30,122,21,93,86,73,2,23"/><T70/><D119/><U94/><E74/><V27/><F120/><W75/><G2/><T34/><D123/><U112/><E109/><V107/><F125/><W60/><G122/><T104/><D70/><U101/><E101/><V28/><F134/><W129/><G36/><T90/><D131/><U97/><E135/><V105/><F103/><W78/><G60/><T43/><D104/><U102/><E102/><V106/><F110/><W89/><G133/><T11/><D34/><U130/><E130/><V62/><F41/><N who="0" m="15370" /><D26/><U68/><E32/><V114/><F38/><W29/><G129/><T108/><D108/><U83/><E112/><V37/><F37/><W24/><G127/><T77/><D77/><U116/><E116/><V92/><F114/><W45/><G45/><T100/><D100/><U44/><E44/><V126/><F106/><W57/><G57/><T124/><D124/><U95/><E71/><V128/><F105/><W61/><G61/><N who="0" m="36087" /><D99/><U87/><E69/><V58/><F107/><W17/><G73/><T50/><D98/><U55/><E97/><V39/><F118/><W72/><G72/><T52/><D90/><U33/><E33/><N who="2" m="20639" /><F39/><W111/><G111/><T88/><D88/><U10/><REACH who="1" step="1"/><E55/><AGARI ba="0,0" hai="11,15,16,49,50,51,52,55" m="36087,15370" machi="55" ten="30,5800,0" yaku="8,1,54,2" doraHai="80" who="0" fromWho="1" sc="250,58,250,-58,250,0,250,0" /><INIT seed="0,1,0,1,4,86" ten="308,192,250,250" oya="0" hai0="65,93,41,55,30,123,47,3,22,77,72,135,97" hai1="27,99,127,102,17,80,98,6,43,62,52,24,122" hai2="56,19,20,23,106,68,92,44,13,128,133,29,35" hai3="26,12,82,7,81,33,11,120,75,9,31,79,108"/><T124/><D123/><U5/><E122/><V50/><F106/><W109/><G120/><T57/><D3/><U126/><E43/><V101/><F68/><W96/><G96/><T64/><D124/><N who="1" m="47659" /><E80/><V0/><F35/><W117/><G117/><T16/><D135/><U69/><E69/><V45/><F0/><W18/><REACH who="3" step="1"/><G81/><REACH who="3" ten="308,192,250,240" step="2"/><T118/><D118/><U60/><E99/><N who="2" m="59623" /><F133/><W46/><G46/><T89/><D97/><U110/><E98/><V42/><F128/><W15/><AGARI ba="1,1" hai="7,9,11,12,15,18,26,31,33,75,79,82,108,109" machi="15" ten="30,2000,0" yaku="1,1,0,1,53,0" doraHai="86" doraHaiUra="103" who="3" fromWho="3" sc="308,-11,192,-6,250,-6,240,33" /><INIT seed="1,0,0,4,3,23" ten="297,186,244,273" oya="1" hai0="93,34,119,122,51,70,117,111,132,14,131,49,74" hai1="133,123,94,87,7,15,47,130,83,66,61,40,89" hai2="16,58,13,135,25,26,107,126,67,88,54,98,65" hai3="77,82,42,6,102,55,60,114,17,81,39,64,115"/><U18/><E123/><V121/><F126/><W19/><G6/><T113/><RYUUKYOKU type="yao9" ba="0,0" sc="297,0,186,0,244,0,273,0" hai0="14,34,49,51,70,74,93,111,113,117,119,122,131,132" /><INIT seed="1,1,0,2,5,20" ten="297,186,244,273" oya="1" hai0="56,76,67,133,102,24,93,125,113,123,97,120,95" hai1="118,88,4,105,63,51,72,111,129,74,66,39,41" hai2="100,107,78,109,101,87,91,40,126,47,5,36,64" hai3="17,135,116,42,89,15,11,112,124,46,12,70,31"/><U29/><E118/><V54/><F109/><W26/><G112/><T98/><D113/><U6/><E105/><V25/><F126/><W23/><G116/><T81/><D125/><U27/><E39/><V60/><F107/><W94/><G124/><T55/><D67/><U30/><E111/><V122/><F122/><N who="0" m="46634" /><D133/><U131/><E41/><V57/><F78/><W65/><G135/><T9/><D9/><U121/><E51/><V1/><F1/><W33/><G65/><T104/><D24/><U80/><E121/><V35/><F5/><N who="1" m="2153" /><E30/><V44/><F44/><W84/><G70/><T62/><D97/><U0/><E0/><V13/><F13/><W10/><REACH who="3" step="1"/><G15/><REACH who="3" ten="297,186,244,263" step="2"/><T85/><AGARI ba="1,1" hai="55,56,62,76,81,85,93,95,98,102,104" m="46634" machi="85" ten="30,1100,0" yaku="13,1" doraHai="20" who="0" fromWho="0" sc="297,24,186,-6,244,-4,263,-4" /><INIT seed="2,0,0,0,3,112" ten="321,180,240,259" oya="2" hai0="11,61,68,56,39,72,94,116,100,37,127,87,42" hai1="78,131,92,103,121,83,18,5,64,98,29,119,44" hai2="60,43,34,114,40,23,13,54,125,132,9,41,2" hai3="126,69,65,89,46,99,135,7,120,86,106,22,102"/><V113/><F34/><W30/><G120/><T79/><D68/><U67/><E121/><V35/><F35/><W88/><G126/><T45/><D127/><U122/><E122/><V19/><F132/><W28/><G135/><T115/><D115/><U16/><E131/><V134/><F134/><W63/><G7/><T93/><D72/><U85/><E5/><V130/><F130/><W57/><G89/><T27/><D39/><U49/><E29/><V91/><F125/><W62/><G46/><T95/><D27/><U15/><E119/><V32/><F32/><W111/><G22/><T51/><D37/><U82/><E82/><V24/><F2/><W26/><G26/><T101/><D11/><U71/><E71/><V59/><REACH who="2" step="1"/><F91/><REACH who="2" ten="321,180,230,259" step="2"/><W105/><G111/><T47/><D116/><U10/><REACH who="1" step="1"/><E18/><AGARI ba="0,1" hai="9,13,18,19,23,24,40,41,43,54,59,60,113,114" machi="18" ten="40,3900,0" yaku="1,1,2,1,53,0" doraHai="112" doraHaiUra="31" who="2" fromWho="1" sc="321,0,180,-39,230,49,259,0" /><INIT seed="2,1,0,5,4,132" ten="321,141,279,259" oya="2" hai0="80,118,24,73,76,9,109,134,21,37,61,58,8" hai1="55,135,6,60,34,101,96,26,45,32,3,68,72" hai2="27,111,5,82,94,78,84,63,93,18,13,25,107" hai3="85,98,128,127,43,130,11,83,44,79,102,2,97"/><V126/><F107/><W112/><G112/><T46/><D134/><U4/><E135/><V67/><F5/><N who="3" m="1463" /><G102/><T92/><D109/><U50/><E72/><V29/><F111/><W30/><G30/><T28/><D118/><U81/><E81/><V47/><F47/><W51/><G127/><T57/><D57/><U123/><E123/><V14/><F126/><W65/><G65/><T122/><D122/><U54/><E3/><V31/><F63/><W15/><G15/><T71/><D71/><U23/><E34/><V117/><F67/><W119/><G119/><T99/><D37/><U120/><E120/><V22/><F117/><W19/><G19/><T56/><D56/><U10/><E10/><V20/><REACH who="2" step="1"/><F13/><REACH who="2" ten="321,141,269,259" step="2"/><W95/><G44/><T105/><D46/><U89/><E4/><V38/><F38/><W16/><G51/><T53/><D105/><U114/><E6/><V108/><F108/><W106/><G106/><T1/><D1/><U49/><E49/><V90/><F90/><AGARI ba="1,1" hai="8,9,21,24,28,53,58,61,73,76,80,90,92,99" machi="90" ten="30,1000,0" yaku="7,1" doraHai="132" who="0" fromWho="2" sc="321,23,141,0,269,-13,259,0" /><INIT seed="3,0,0,3,1,115" ten="344,141,256,259" oya="3" hai0="116,99,30,107,14,110,120,62,112,52,60,15,41" hai1="39,20,109,43,86,61,90,42,79,0,81,33,44" hai2="97,48,50,59,119,66,95,101,4,117,26,64,132" hai3="121,46,127,38,114,105,128,21,89,7,108,19,51"/><W122/><G114/><T96/><D112/><U87/><E0/><V32/><F4/><W28/><G38/><T17/><D116/><U78/><E33/><V34/><F132/><W77/><G105/><T55/><D107/><U57/><E109/><V63/><F66/><W68/><G68/><T106/><D106/><U88/><E42/><V67/><F64/><W83/><G108/><T25/><D41/><U131/><E131/><V135/><F135/><W27/><G128/><T126/><D126/><U65/><E20/><V92/><F95/><W6/><G127/><T18/><D25/><U2/><E2/><V69/><F34/><W36/><G36/><T29/><D110/><U102/><E102/><V133/><F133/><W71/><G89/><T22/><D22/><U134/><E134/><V5/><F5/><W75/><G71/><T56/><D56/><U24/><E24/><V54/><REACH who="2" step="1"/><F50/><REACH who="2" ten="344,141,246,259" step="2"/><W45/><G45/><T31/><D60/><U10/><REACH who="1" step="1"/><E10/><REACH who="1" ten="344,131,246,259" step="2"/><V9/><F9/><W130/><G130/><T58/><D62/><U93/><AGARI ba="0,2" hai="39,43,44,57,61,65,78,79,81,86,87,88,90,93" machi="93" ten="20,12000,2" yaku="1,1,2,1,0,1,7,1,54,1,53,2" doraHai="115" doraHaiUra="73" who="1" fromWho="1" sc="344,-30,131,140,246,-30,259,-60" owari="314,41.4,271,7.1,216,-18.4,199,-30.1" /></mjloggm>