<mjloggm ver="2.3"><GO type="225" lobby="0"/><UN n0="%E3%82%B2%E3%82%B9%E8%8C%82%E5%8B%9D" n1="%E3%83%97%E3%83%92" n2="%E3%81%A9%E3%82%8F%E3%82%93%E3%81%94" n3="%E6%B8%85%E9%A2%A8%E5%8C%97" dan="16,17,16,17" rate="2082.95,2201.87,2102.14,2187.88" sx="F,M,M,F"/><TAIKYOKU oya="0"/><INIT seed="0,0,0,2,5,41" ten="250,250,250,250" oya="0" hai0="65,32,58,83,64,124,52,79,66,60,43,131,42" hai1="117,45,36,91,104,98,22,111,67,81,35,106,78" hai2="55,133,132,97,123,47,73,86,70,101,4,77,90" hai3="71,5,12,3,20,112,25,14,116,18,46,27,100"/><T87/><D131/><U59/><E117/><V39/><F70/><W114/><G71/><T94/><D124/><U69/><E35/><V31/><F31/><W57/><G57/><T109/><D32/><U88/><E69/><V76/><F123/><W8/><G46/><T23/><D109/><U44/><E111/><V40/><F4/><W128/><G100/><T82/><D94/><U30/><E36/><V119/><F119/><W105/><G105/><T108/><D108/><U125/><E104/><N who="2" m="63535" /><F55/><W113/><G116/><T34/><D34/><U93/><E125/><V75/><F75/><W15/><G128/><T16/><REACH who="0" step="1"/><D83/><REACH who="0" ten="240,250,250,250" step="2"/><U13/><E106/><V134/><F73/><W127/><G127/><T17/><D17/><N who="1" m="10543" /><E30/><V53/><F53/><W11/><REACH who="3" step="1"/><G27/><AGARI ba="0,1" hai="16,23,27,42,43,52,58,60,64,65,66,79,82,87" machi="27" ten="40,12000,1" yaku="1,1,8,1,54,2,53,1" doraHai="41" doraHaiUra="19" who="0" fromWho="3" sc="240,130,250,0,250,0,250,-120" /><INIT seed="0,1,0,1,4,53" ten="370,250,250,130" oya="0" hai0="81,126,125,56,117,72,92,14,123,98,66,94,5" hai1="32,133,71,1,63,91,88,73,46,52,35,120,79" hai2="109,16,127,15,57,44,114,0,33,68,26,132,124" hai3="101,59,75,108,43,23,129,76,8,77,41,104,25"/><T18/><D123/><U70/><E120/><V55/><F68/><W87/><G75/><T11/><D117/><U80/><E1/><V58/><F114/><W90/><G108/><T115/><D115/><U28/><E133/><V134/><F0/><W107/><G129/><T34/><D34/><U135/><E135/><N who="2" m="51755" /><F109/><W110/><G110/><T93/><D98/><U103/><E103/><V95/><F95/><W24/><G8/><T9/><D81/><U38/><E70/><V102/><F102/><W118/><G118/><T36/><D72/><U78/><E78/><V128/><F128/><W85/><G101/><T131/><D36/><U69/><E71/><V31/><F44/><W54/><G54/><T21/><D131/><U30/><E32/><V10/><F55/><W111/><G111/><T2/><D9/><U113/><E113/><V50/><F50/><W121/><G23/><T82/><D82/><U39/><E38/><V83/><F83/><W96/><G96/><T65/><REACH who="0" step="1"/><D66/><REACH who="0" ten="360,250,250,130" step="2"/><U97/><E97/><V47/><F47/><W119/><G119/><T3/><D3/><U27/><E39/><V105/><F105/><W62/><G121/><T67/><D67/><U51/><REACH who="1" step="1"/><E30/><REACH who="1" ten="360,240,250,130" step="2"/><V61/><F31/><W112/><G112/><T42/><D42/><U99/><E99/><V40/><F40/><W100/><G100/><T45/><D45/><U17/><E17/><N who="2" m="8439" /><F33/><W22/><G43/><T86/><D86/><U48/><E48/><V37/><F37/><W116/><G41/><T89/><D89/><U13/><E13/><V60/><F60/><AGARI ba="1,2" hai="2,5,11,14,18,21,56,60,65,92,93,94,125,126" machi="60" ten="40,3900,0" yaku="1,1,52,1,53,0" doraHai="53" doraHaiUra="84" who="0" fromWho="2" sc="360,62,240,0,250,-42,130,0" /><INIT seed="0,2,0,0,5,115" ten="422,240,208,130" oya="0" hai0="34,69,37,98,132,36,109,135,43,85,66,52,8" hai1="86,111,17,6,59,67,14,48,5,3,51,133,65" hai2="89,82,122,30,33,121,63,76,96,117,92,26,114" hai3="45,29,74,131,11,77,21,64,10,58,108,106,15"/><T19/><D34/><U105/><E105/><V88/><F114/><W18/><G106/><T113/><D113/><U72/><E72/><V125/><F125/><W79/><G108/><T100/><D85/><U44/><E3/><V50/><F89/><W20/><G131/><T61/><D109/><U75/><E75/><V123/><F63/><N who="3" m="38007" /><G74/><T81/><D81/><U62/><E133/><N who="0" m="51273" /><D43/><U110/><E67/><V90/><F90/><W39/><G39/><T116/><D116/><U53/><E48/><V91/><F91/><W94/><G45/><T129/><D129/><U128/><E128/><V120/><N who="2" m="30720" /><DORA hai="107" /><V25/><F25/><N who="3" m="16551" /><G94/><N who="0" m="58455" /><D52/><N who="1" m="29799" /><E86/><V46/><F117/><W35/><G35/><T57/><D69/><U1/><E1/><V47/><REACH who="2" step="1"/><F50/><REACH who="2" ten="422,240,198,130" step="2"/><W16/><G79/><T87/><D37/><U23/><E111/><V126/><F126/><W41/><G77/><T13/><D36/><U73/><E110/><V99/><F99/><W78/><G78/><T130/><D130/><U22/><E73/><AGARI ba="2,1" hai="26,30,33,46,47,73,76,82,88,92,96" m="30720" machi="73" ten="70,8000,1" yaku="1,1,52,1,54,1,53,0" doraHai="115,107" doraHaiUra="68,112" who="2" fromWho="1" sc="422,0,240,-86,198,96,130,0" /><INIT seed="1,0,0,4,1,25" ten="422,154,294,130" oya="1" hai0="112,67,30,82,39,40,8,47,33,114,49,101,117" hai1="4,44,86,107,20,93,53,66,64,27,42,79,131" hai2="123,14,105,34,65,11,36,106,94,81,84,17,90" hai3="130,46,133,135,121,50,88,7,132,62,72,95,29"/><U16/><E107/><V78/><F123/><W35/><G121/><T6/><D117/><U51/><E131/><V122/><F36/><W69/><G72/><T92/><D67/><U73/><E73/><V43/><F43/><W104/><G104/><T23/><D33/><U83/><E93/><V99/><F122/><W71/><G7/><T74/><D49/><U102/><E102/><V68/><REACH who="2" step="1"/><F34/><REACH who="2" ten="422,154,284,130" step="2"/><W48/><G130/><T103/><D112/><U97/><E97/><V18/><F18/><W120/><G120/><T60/><D114/><U28/><E4/><V109/><F109/><W115/><G115/><T61/><D40/><U2/><E2/><V13/><F13/><W125/><G35/><T91/><D39/><U41/><E42/><V108/><F108/><W9/><G132/><T113/><D113/><U26/><REACH who="1" step="1"/><E41/><REACH who="1" ten="422,144,284,130" step="2"/><V85/><F85/><W127/><G133/><T22/><D74/><U111/><E111/><V110/><F110/><W128/><G135/><T129/><D129/><U15/><E15/><V0/><F0/><W37/><G128/><T38/><D38/><U21/><AGARI ba="0,2" hai="16,20,21,26,27,28,44,51,53,64,66,79,83,86" machi="21" ten="20,18000,2" yaku="1,1,0,1,7,1,8,1,52,1,54,1,53,0" doraHai="25" doraHaiUra="54" who="1" fromWho="1" sc="422,-60,144,200,284,-60,130,-60" /><INIT seed="1,1,0,5,3,20" ten="362,344,224,70" oya="1" hai0="13,93,95,27,59,111,126,54,63,89,21,106,112" hai1="29,92,55,74,15,28,4,58,98,103,94,24,85" hai2="18,44,132,129,87,90,49,23,39,17,75,3,76" hai3="134,25,38,51,50,108,121,100,66,53,41,52,9"/><U119/><E119/><V80/><F129/><W60/><G121/><T35/><D111/><U99/><E74/><V46/><F132/><W56/><G108/><T8/><D112/><U7/><E85/><V69/><F69/><W65/><G100/><T73/><D126/><U16/><E4/><V116/><F3/><W105/><G9/><T57/><D106/><U62/><E7/><V118/><F39/><W102/><G102/><T48/><D73/><U114/><E114/><V113/><F113/><W34/><G105/><T0/><D35/><U67/><E67/><N who="3" m="25610" /><G34/><T10/><D0/><U70/><E70/><V1/><F18/><W96/><G96/><N who="0" m="57391" /><D13/><U36/><E36/><V86/><F1/><W5/><G5/><T43/><D95/><U61/><E61/><V6/><F6/><W109/><G109/><T31/><D43/><U2/><E2/><V91/><F75/><W123/><G123/><T77/><D77/><U84/><E84/><V88/><F86/><W32/><G32/><T104/><D104/><U37/><E37/><V124/><F124/><W125/><G125/><T71/><D71/><U19/><E15/><V135/><F135/><W83/><G83/><T47/><D63/><U68/><E68/><V117/><REACH who="2" step="1"/><F49/><REACH who="2" ten="362,344,214,70" step="2"/><N who="3" m="18443" /><G134/><T45/><D47/><U33/><E29/><V82/><F82/><W78/><G78/><T26/><D45/><U30/><E28/><V130/><F130/><W101/><G101/><AGARI ba="1,1" hai="16,19,24,30,33,55,58,62,92,94,98,99,101,103" machi="101" ten="30,11600,0" yaku="7,1,9,1,52,1,54,1" doraHai="20" who="1" fromWho="3" sc="362,0,344,129,214,0,70,-119" owari="362,16.2,473,57.3,214,-18.6,-49,-54.9" /></mjloggm>