<mjloggm ver="2.3"><GO type="225" lobby="0"/><UN n0="%E5%8D%A0%E3%81%84%E5%B8%AB%E8%A3%8F%E3%81%AA%E3%81%84%E3%81%97" n1="%E8%B6%85%E7%B4%9A%E9%B3%B3%E5%87%B0" n2="%E3%81%82%E3%81%B9%E3%81%99%E3%81%91" n3="%6D%75%75%6D%75%72%61" dan="16,16,16,16" rate="2143.86,2158.66,2151.13,2132.07" sx="M,M,M,F"/><TAIKYOKU oya="0"/><INIT seed="0,0,0,5,2,72" ten="250,250,250,250" oya="0" hai0="45,30,110,78,107,82,123,27,59,98,2,133,74" hai1="90,127,1,20,40,112,5,122,32,62,77,108,39" hai2="28,100,52,128,48,37,111,121,63,36,116,115,117" hai3="12,106,87,0,18,57,125,65,58,31,120,101,43"/><T114/><D114/><U70/><E90/><V84/><F100/><W13/><G0/><T103/><D123/><U102/><E20/><V99/><F121/><W86/><G120/><T44/><D133/><U60/><E5/><V109/><F115/><W19/><G31/><T34/><D2/><U10/><E10/><V130/><F99/><W69/><G125/><T85/><D110/><N who="2" m="41994" /><F84/><W91/><G69/><T29/><D29/><U61/><E102/><V126/><F63/><N who="1" m="24137" /><E1/><V50/><F50/><W22/><G65/><T6/><D6/><U3/><E3/><V76/><F76/><W54/><G43/><T8/><D8/><U23/><E32/><V9/><F9/><W26/><G54/><T75/><D59/><U124/><E40/><V104/><F104/><W119/><G119/><N who="2" m="45641" /><F126/><W129/><G129/><N who="2" m="49769" /><F28/><W41/><G101/><T24/><D75/><U93/><E122/><V118/><N who="2" m="45649" /><V38/><DORA hai="68" /><F38/><W16/><G106/><T53/><D74/><U33/><E62/><V56/><AGARI ba="0,0" hai="36,37,48,52,56" m="49769,45649,41994" machi="56" ten="50,16000,3" yaku="14,1,12,1,19,1,34,2,52,2,54,1" doraHai="72,68" who="2" fromWho="2" sc="250,-80,250,-40,250,160,250,-40" /><INIT seed="1,0,0,3,2,108" ten="170,210,410,210" oya="1" hai0="87,122,125,27,69,52,96,67,30,21,106,11,132" hai1="120,70,31,94,114,7,100,84,16,110,81,131,135" hai2="123,47,98,20,45,46,64,25,13,57,102,111,4" hai3="75,77,37,41,62,127,115,61,15,3,91,80,134"/><U34/><E120/><V12/><F111/><W50/><G3/><T14/><D122/><U23/><E110/><V126/><F126/><W99/><G127/><T86/><D125/><U133/><E70/><V117/><F117/><W65/><G37/><T5/><D132/><N who="1" m="50763" /><E131/><V44/><F44/><W83/><G134/><T51/><D67/><U40/><E7/><V74/><F74/><W9/><G115/><T58/><REACH who="0" step="1"/><D69/><REACH who="0" ten="160,210,410,210" step="2"/><U28/><E114/><V55/><F64/><W53/><G65/><T36/><D36/><U8/><E34/><V105/><F123/><W17/><G61/><T0/><D0/><U121/><E121/><V82/><F13/><W22/><G62/><T54/><D54/><U78/><E40/><V109/><F55/><W26/><G41/><T89/><D89/><U85/><E8/><V33/><F12/><W124/><G124/><T60/><D60/><U42/><E42/><V119/><F109/><W35/><G15/><T112/><D112/><U101/><E100/><AGARI ba="0,1" hai="5,11,14,21,27,30,51,52,58,86,87,96,100,106" machi="100" ten="40,2600,0" yaku="1,1,54,1,53,0" doraHai="108" doraHaiUra="56" who="0" fromWho="1" sc="160,36,210,-26,410,0,210,0" /><INIT seed="2,0,0,1,3,126" ten="196,184,410,210" oya="2" hai0="127,132,79,43,14,62,84,65,71,95,122,105,31" hai1="117,33,22,131,123,80,70,102,107,88,11,130,115" hai2="89,18,20,46,26,6,98,28,109,104,30,118,38" hai3="69,15,17,36,0,60,94,66,56,57,103,35,83"/><V23/><F118/><W116/><G0/><T121/><D105/><U5/><E117/><V129/><F129/><N who="1" m="49161" /><E115/><V37/><F6/><W42/><G35/><T77/><D127/><U12/><E33/><V51/><F30/><W74/><G116/><T106/><D106/><U2/><E70/><V41/><F109/><W113/><G113/><T59/><D132/><U97/><E123/><V25/><F104/><W3/><G3/><T4/><D71/><U27/><E80/><V45/><F45/><W134/><G134/><T67/><D67/><U52/><E88/><V9/><F89/><W13/><G42/><T76/><D43/><U50/><E2/><V111/><F41/><W125/><G36/><T55/><D122/><U8/><E8/><V86/><F9/><W49/><G125/><T29/><D121/><U85/><E85/><V128/><F86/><W112/><G69/><T72/><D72/><U32/><E32/><V7/><F38/><W48/><G112/><T87/><D87/><U54/><E50/><V135/><F51/><W47/><G48/><T75/><D75/><U92/><E92/><V53/><F37/><W99/><G83/><T81/><D95/><U44/><E44/><V39/><F46/><W110/><G74/><T58/><D84/><U101/><E101/><V100/><F39/><W24/><G47/><T114/><D81/><U34/><E34/><V63/><F100/><W96/><G94/><T78/><D114/><U1/><E1/><V68/><F128/><W64/><G49/><N who="0" m="31087" /><D79/><U16/><AGARI ba="0,0" hai="5,11,12,16,22,27,52,54,97,102,107" m="49161" machi="16" ten="30,12000,2" yaku="19,1,52,3,54,2" doraHai="126" who="1" fromWho="1" sc="196,-30,184,120,410,-60,210,-30" /><INIT seed="3,0,0,4,1,92" ten="166,304,350,180" oya="3" hai0="3,35,75,135,96,26,70,31,58,124,107,131,66" hai1="130,63,40,79,13,56,17,109,77,126,112,55,78" hai2="24,15,46,87,29,90,45,21,23,76,110,25,41" hai3="85,84,51,100,43,123,99,27,60,62,120,121,50"/><W20/><G85/><T104/><D131/><U122/><E122/><V111/><F76/><W47/><G50/><T34/><D124/><U33/><E112/><V22/><F15/><W73/><G84/><T74/><D58/><U132/><E33/><V93/><F46/><W64/><G73/><N who="0" m="27659" /><D135/><U97/><E130/><V106/><F106/><N who="0" m="40490" /><D96/><U119/><E126/><V69/><F69/><W102/><G99/><T5/><D35/><U129/><E129/><V116/><F25/><W95/><G95/><T53/><D53/><U61/><E132/><V39/><F116/><W125/><G125/><T44/><D44/><U103/><E119/><V52/><F52/><W37/><G37/><T86/><D86/><U12/><E109/><AGARI ba="0,0" hai="21,22,23,24,29,39,41,45,87,90,93,109,110,111" machi="109" ten="40,1300,0" yaku="14,1" doraHai="92" who="2" fromWho="1" sc="166,0,304,-13,350,13,180,0" owari="166,-33.4,291,9.1,363,46.3,180,-22.0" /></mjloggm>