<mjloggm ver="2.3"><GO type="225" lobby="0"/><UN n0="%E3%82%BC%E3%83%AB%E3%83%80%E3%81%AE%E4%BC%9D%E8%AA%AC" n1="%72%69%6F%75%63%68%61%6E" n2="%E5%A4%9C%E5%85%89%E5%A4%A9%E6%A5%BC" n3="%E3%83%8F%E3%83%B3%E3%83%89%E3%83%A9%E3%83%BC%E3%83%BB%E3%83%AF%E3%83%B3" dan="17,16,17,17" rate="2243.34,2237.73,2196.38,2180.33" sx="M,M,M,M"/><TAIKYOKU oya="0"/><INIT seed="0,0,0,5,0,36" ten="250,250,250,250" oya="0" hai0="122,107,108,13,28,134,104,56,119,80,92,117,9" hai1="132,16,5,86,47,69,127,94,66,103,121,93,12" hai2="48,112,79,101,10,7,75,113,96,111,4,76,58" hai3="85,135,18,24,114,131,14,0,54,8,81,60,33"/><T20/><D122/><U2/><E121/><V90/><F111/><W97/><G114/><T74/><D108/><U83/><E127/><V40/><F90/><W124/><G124/><T63/><D134/><U123/><E123/><V1/><F7/><W49/><G135/><T68/><D68/><U44/><E132/><V32/><F32/><W53/><G131/><T22/><D104/><U73/><E73/><V37/><F79/><W118/><G118/><T59/><D107/><U57/><E69/><V70/><F48/><W130/><G130/><T84/><D74/><U19/><E2/><V30/><F30/><W88/><G0/><T129/><D129/><U125/><E5/><V110/><F58/><W15/><G97/><T45/><D92/><N who="1" m="35435" /><E103/><V51/><F51/><W65/><G49/><T98/><D98/><U99/><E99/><V61/><F110/><W46/><G46/><N who="1" m="17450" /><E125/><V6/><F6/><W38/><G38/><T89/><D117/><U31/><E31/><V100/><F100/><W3/><G3/><T35/><D28/><U43/><E12/><V120/><F120/><W42/><G15/><T105/><D35/><U41/><E66/><N who="2" m="41295" /><F101/><W67/><G33/><T115/><D119/><U55/><E55/><N who="3" m="21002" /><G24/><T29/><D105/><U91/><E57/><V109/><F109/><W39/><G60/><T21/><D63/><U72/><E72/><V128/><F128/><W23/><G23/><T82/><D59/><U78/><E78/><V133/><F133/><W77/><G77/><T52/><D56/><U27/><E19/><V106/><F106/><W71/><G71/><RYUUKYOKU ba="0,0" sc="250,-15,250,15,250,-15,250,15" hai1="16,27,41,43,83,86,91" hai3="8,14,18,39,42,65,67,81,85,88" /><INIT seed="1,1,0,1,4,70" ten="235,265,235,265" oya="1" hai0="84,15,43,54,126,105,14,5,71,17,42,26,11" hai1="0,130,104,66,98,13,16,59,109,135,122,82,36" hai2="75,37,72,96,116,100,117,50,40,8,34,52,35" hai3="20,76,111,120,22,18,107,57,19,123,89,31,103"/><U60/><E122/><V102/><F8/><W118/><G76/><T112/><D112/><U119/><E119/><V9/><F9/><W51/><G118/><T115/><D115/><U67/><E0/><V74/><F116/><W127/><G111/><T30/><D105/><U110/><E130/><V3/><F3/><W7/><G7/><T77/><D71/><U46/><E135/><V114/><F114/><W48/><G31/><T24/><D126/><U41/><E67/><V87/><F87/><W106/><G89/><T78/><D54/><U73/><E104/><V133/><F133/><W125/><REACH who="3" step="1"/><G57/><REACH who="3" ten="235,265,235,255" step="2"/><T2/><D77/><U132/><E132/><V83/><F117/><W62/><G62/><T12/><D17/><U85/><E73/><V44/><F102/><AGARI ba="1,1" hai="18,19,20,22,48,51,102,103,106,107,120,123,125,127" machi="102" ten="25,3200,0" yaku="1,1,22,2,53,0" doraHai="70" doraHaiUra="128" who="3" fromWho="2" sc="235,0,265,0,235,-35,255,45" /><INIT seed="2,0,0,2,4,55" ten="235,265,200,300" oya="2" hai0="16,86,75,44,134,36,62,18,101,114,119,106,30" hai1="93,66,85,103,132,61,25,0,96,56,64,70,28" hai2="133,83,14,2,81,40,125,65,74,58,24,41,99" hai3="73,80,113,29,59,52,72,94,51,10,124,123,45"/><V57/><F2/><W1/><G123/><T60/><D75/><U116/><E132/><V112/><F112/><W69/><G69/><T5/><D114/><U15/><E0/><V129/><F74/><W105/><G105/><T23/><D5/><U68/><E116/><V46/><F133/><W127/><G113/><T78/><D134/><U130/><E130/><V47/><F129/><W12/><G1/><T17/><D119/><U63/><E15/><V100/><F125/><N who="3" m="48203" /><G29/><T4/><D4/><U135/><E135/><V67/><F14/><W84/><G94/><T39/><D106/><U33/><E85/><V21/><F99/><W37/><G37/><T117/><D39/><U38/><E38/><V50/><F100/><W7/><G45/><T35/><D35/><U128/><E128/><V71/><F71/><AGARI ba="0,0" hai="25,28,33,56,61,63,64,66,68,70,71,93,96,103" machi="71" ten="30,2000,0" yaku="7,1,52,1" doraHai="55" who="1" fromWho="2" sc="235,0,265,20,200,-20,300,0" /><INIT seed="3,0,0,2,5,131" ten="235,285,180,300" oya="3" hai0="39,74,108,88,135,48,93,9,71,92,47,5,91" hai1="16,19,22,7,104,17,127,86,8,124,0,62,68" hai2="42,53,85,44,101,23,52,38,63,103,20,115,4" hai3="33,41,89,65,27,59,1,3,67,70,69,77,64"/><W28/><G77/><T133/><D71/><U105/><E22/><V56/><F115/><W116/><G116/><T82/><D108/><U106/><REACH who="1" step="1"/><E86/><REACH who="1" ten="235,275,180,300" step="2"/><V83/><F20/><W132/><G33/><T96/><D74/><U109/><E109/><V123/><F123/><W107/><G70/><T37/><D37/><U49/><E49/><V99/><F23/><W80/><G69/><T95/><D39/><U100/><E100/><V36/><F36/><W79/><G28/><T26/><D26/><U45/><E45/><V25/><F25/><W15/><G27/><T112/><D48/><U125/><E125/><V120/><F120/><W78/><G59/><T81/><D47/><U10/><E10/><V84/><F103/><W113/><G113/><T12/><D112/><U18/><N who="1" m="4096" /><DORA hai="24" /><U34/><E34/><V32/><F32/><W2/><G79/><T129/><D129/><U66/><AGARI ba="0,1" hai="0,7,8,62,66,68,104,105,106,124,127" m="4096" machi="66" ten="50,6400,0" yaku="1,1,0,1,54,1,53,0" doraHai="131,24" doraHaiUra="94,40" who="1" fromWho="1" sc="235,-16,275,74,180,-16,300,-32" owari="219,-18.1,349,44.9,164,-33.6,268,6.8" /></mjloggm>