<mjloggm ver="2.3"><GO type="225" lobby="0"/><UN n0="%E4%B8%AD%E5%B9%B4%E3%81%AE%E5%8D%B1%E6%A9%9F" n1="%E3%81%8F%E3%82%8A%E3%83%94%E3%83%BC" n2="%74%61%6B%75%61%6B%61" n3="%73%6C%69%63%6B%33%31%39" dan="16,16,16,16" rate="2099.23,2114.59,2151.24,2176.23" sx="M,M,M,M"/><TAIKYOKU oya="0"/><INIT seed="0,0,0,5,3,95" ten="250,250,250,250" oya="0" hai0="57,62,48,42,61,15,11,18,49,14,103,83,31" hai1="79,50,127,123,1,56,90,87,37,133,115,41,32" hai2="22,91,74,29,130,132,3,82,125,9,23,20,0" hai3="17,64,58,99,120,73,26,60,107,25,8,12,55"/><T98/><D31/><U88/><E123/><V67/><F67/><W93/><G120/><T116/><D116/><U94/><E32/><V13/><F91/><W30/><G107/><T97/><D103/><U78/><E1/><N who="2" m="587" /><F82/><W102/><G73/><T68/><D68/><U100/><E127/><V129/><F74/><W104/><G104/><T34/><D34/><U128/><E128/><N who="2" m="49259" /><F125/><W36/><G36/><T51/><D42/><U122/><E133/><V16/><F29/><W24/><REACH who="3" step="1"/><G55/><REACH who="3" ten="250,250,250,240" step="2"/><N who="0" m="33983" /><D62/><U45/><E122/><V71/><F71/><W76/><G76/><T77/><D15/><U59/><E78/><V2/><F2/><W105/><G105/><T53/><D53/><U101/><E79/><V84/><F84/><AGARI ba="0,1" hai="11,14,18,48,49,51,77,83,84,97,98" m="33983" machi="84" ten="30,5800,0" yaku="8,1,52,2" doraHai="95" who="0" fromWho="2" sc="250,68,250,0,250,-58,240,0" /><INIT seed="0,1,0,1,5,101" ten="318,250,192,240" oya="0" hai0="89,107,135,59,126,91,98,100,16,124,0,121,56" hai1="90,106,10,28,61,60,23,82,57,133,114,76,83" hai2="51,68,127,84,78,8,71,99,20,102,67,117,31" hai3="12,44,130,120,1,14,74,58,119,54,3,109,27"/><T69/><D121/><U125/><E125/><N who="0" m="48233" /><D69/><U94/><E133/><V134/><F127/><W50/><G119/><T93/><D0/><U111/><E111/><V38/><F38/><W88/><G74/><T108/><D135/><U36/><E36/><V47/><F134/><W86/><G109/><T9/><D108/><U87/><E106/><V65/><F117/><W73/><G73/><T19/><D91/><U18/><E114/><V2/><F68/><W21/><G130/><T33/><D33/><U5/><E28/><V115/><F71/><W25/><G120/><T128/><D128/><U80/><E76/><V46/><F46/><W15/><G1/><T112/><D112/><U72/><E72/><V4/><F115/><W123/><G3/><T35/><D35/><U75/><E75/><V110/><F110/><W85/><G85/><N who="0" m="52399" /><D9/><U42/><E42/><V29/><F84/><W122/><G122/><T79/><D79/><U63/><E10/><V92/><F78/><W45/><G27/><T113/><D113/><U6/><REACH who="1" step="1"/><E57/><AGARI ba="1,0" hai="16,19,56,57,59,98,100,107" m="52399,48233" machi="57" ten="30,5800,0" yaku="18,1,52,1,54,1" doraHai="101" who="0" fromWho="1" sc="318,61,250,-61,192,0,240,0" /><INIT seed="0,2,0,3,1,36" ten="379,189,192,240" oya="0" hai0="100,89,123,51,25,133,40,60,88,24,130,92,6" hai1="46,57,54,11,82,44,45,135,90,94,22,72,2" hai2="111,53,56,58,93,78,64,66,16,134,29,105,81" hai3="3,113,52,116,109,110,8,126,1,112,5,95,27"/><T20/><D123/><U12/><E135/><V99/><F105/><W50/><G116/><T114/><D114/><U34/><E34/><V118/><F111/><N who="3" m="42507" /><G126/><T128/><D133/><U125/><E125/><V15/><F134/><W97/><G3/><T26/><D6/><U115/><E115/><V131/><F131/><N who="0" m="50218" /><D60/><U87/><E2/><V37/><F37/><W79/><G27/><T80/><D80/><U65/><E72/><V33/><F118/><W76/><G79/><T13/><D13/><U71/><E71/><V120/><F120/><W35/><G76/><T21/><D100/><U59/><E22/><N who="0" m="8809" /><D92/><U49/><E94/><V31/><F33/><W32/><G35/><T106/><D106/><U38/><E38/><V28/><F81/><W42/><G42/><T83/><D83/><U104/><E104/><V14/><F78/><W69/><G69/><T101/><D101/><U122/><E122/><V4/><F4/><W68/><G68/><T127/><D127/><U132/><E132/><V0/><F0/><W48/><G48/><T117/><D117/><U47/><REACH who="1" step="1"/><E65/><REACH who="1" ten="379,179,192,240" step="2"/><V7/><F64/><W17/><G32/><T55/><D40/><U119/><E119/><V103/><F66/><W107/><G107/><T67/><D67/><U98/><E98/><V62/><F99/><W23/><G95/><T18/><D26/><U61/><E61/><V77/><F93/><W70/><G97/><T96/><D96/><U73/><E73/><V30/><N who="2" m="7168" /><DORA hai="91" /><V19/><F62/><W84/><G70/><T75/><D75/><U43/><E43/><V102/><F102/><RYUUKYOKU ba="2,1" sc="379,-10,179,30,192,-10,240,-10" hai1="11,12,44,45,46,47,49,54,57,59,82,87,90" /><INIT seed="1,3,1,0,4,30" ten="369,209,182,230" oya="1" hai0="92,36,95,42,54,13,65,88,37,7,105,62,132" hai1="70,91,114,18,108,125,34,22,110,53,84,38,130" hai2="75,71,51,119,55,124,93,134,99,97,50,107,112" hai3="118,26,83,23,0,90,131,29,129,43,82,48,31"/><U59/><E114/><V80/><F119/><W78/><G0/><T11/><D105/><U79/><E125/><V68/><F124/><W96/><G118/><T12/><D132/><U120/><E120/><V58/><F134/><W25/><G43/><T44/><D54/><U111/><E70/><V24/><F112/><W1/><G1/><T46/><D13/><N who="1" m="9551" /><E38/><V98/><F107/><W64/><G64/><T19/><D7/><U87/><E130/><N who="3" m="49674" /><G48/><T57/><REACH who="0" step="1"/><D88/><REACH who="0" ten="359,209,182,230" step="2"/><U60/><E79/><V14/><F55/><W76/><G96/><T101/><D101/><U21/><E91/><V116/><F98/><W4/><G4/><T102/><D102/><U8/><E110/><V9/><F97/><W15/><G90/><T77/><D77/><U16/><E108/><V127/><F99/><W2/><G15/><T135/><D135/><U35/><E111/><V5/><F14/><W52/><G52/><T69/><D69/><U61/><E53/><V17/><F71/><W103/><G103/><T117/><D117/><U56/><E61/><V41/><F68/><W94/><G94/><T109/><D109/><U39/><E60/><V121/><F93/><W128/><G2/><T20/><D20/><U66/><E66/><V123/><F116/><W89/><N who="3" m="49682" /><W73/><DORA hai="28" /><G89/><T63/><D63/><U10/><E21/><V81/><F127/><W49/><G78/><T113/><D113/><U45/><E59/><V100/><F58/><W133/><G133/><T3/><D3/><U106/><E56/><V33/><F100/><W74/><G76/><T47/><D47/><RYUUKYOKU ba="3,2" sc="359,30,209,-10,182,-10,230,-10" hai0="11,12,19,36,37,42,44,46,57,62,65,92,95" /><INIT seed="2,4,2,1,4,34" ten="389,199,172,220" oya="2" hai0="63,127,21,56,19,96,5,95,77,54,92,102,133" hai1="13,41,10,64,126,132,42,36,28,35,12,83,134" hai2="57,101,99,75,40,91,73,107,44,105,69,22,0" hai3="15,53,25,33,65,23,47,121,20,49,113,6,129"/><V46/><F69/><W109/><G121/><T85/><D127/><U106/><E126/><V93/><F0/><W108/><G129/><T60/><D133/><N who="1" m="51307" /><E106/><V62/><F22/><W87/><G113/><T80/><D5/><N who="1" m="3151" /><E36/><V98/><F107/><W4/><G65/><T128/><D128/><U1/><E1/><V11/><F11/><W61/><G61/><N who="0" m="35991" /><D92/><U24/><E64/><V55/><REACH who="2" step="1"/><F46/><REACH who="2" ten="389,199,162,220" step="2"/><W58/><G23/><T94/><D94/><U78/><E13/><AGARI ba="4,3" hai="13,19,21,60,63,77,80,85,95,96,102" m="35991" machi="13" ten="30,1000,0" yaku="8,1" doraHai="34" who="0" fromWho="1" sc="389,52,199,-22,162,0,220,0" /><INIT seed="3,0,0,5,1,64" ten="441,177,162,220" oya="3" hai0="135,13,38,34,56,104,71,89,98,85,131,61,2" hai1="9,60,86,134,116,108,69,106,46,20,55,43,88" hai2="107,81,99,47,121,77,59,74,119,67,105,8,16" hai3="75,73,76,21,29,112,25,7,124,133,78,100,22"/><W49/><G112/><T115/><D56/><U37/><E108/><V36/><F119/><W128/><G75/><T44/><D13/><U26/><E116/><V87/><F121/><W62/><G73/><T41/><D89/><U83/><E134/><V65/><F74/><W27/><G133/><T130/><D85/><U32/><E106/><V53/><F36/><W72/><G72/><T68/><D61/><U82/><E32/><V97/><F47/><W113/><G113/><T91/><D91/><U19/><E9/><V120/><F120/><W51/><G128/><N who="0" m="49195" /><D135/><U39/><E55/><V12/><F107/><W1/><G100/><N who="0" m="62487" /><D115/><U63/><E39/><V93/><F105/><W31/><G62/><T127/><D127/><U95/><REACH who="1" step="1"/><E63/><REACH who="1" ten="441,167,162,220" step="2"/><N who="2" m="36335" /><F99/><W111/><G111/><T5/><D34/><U30/><E30/><V102/><AGARI ba="0,1" hai="8,12,16,65,67,77,81,87,93,97,102" m="36335" machi="102" ten="30,2000,0" yaku="8,1,54,1" doraHai="64" who="2" fromWho="2" sc="441,-5,167,-5,162,30,220,-10" owari="436,53.6,162,-33.8,192,-20.8,210,1.0" /></mjloggm>