<mjloggm ver="2.3"><GO type="225" lobby="0"/><UN n0="%E3%81%AA%E3%81%A1%30%39%32%37" n1="%E3%81%9F%E3%81%93%E2%98%86%E7%84%BC%E3%81%8D" n2="%E3%81%95%E3%81%8D%E3%81%9F%E3%81%BE%E6%9E%97%E6%AA%8E" n3="%E6%9C%AA%E6%9D%A5%E5%B0%91%E5%B9%B4" dan="16,16,16,16" rate="2017.21,2091.67,2089.80,2154.81" sx="M,M,M,M"/><TAIKYOKU oya="0"/><INIT seed="0,0,0,0,4,47" ten="250,250,250,250" oya="0" hai0="80,100,13,32,37,118,90,59,126,101,87,16,133" hai1="110,21,28,26,30,88,72,18,15,34,92,56,99" hai2="38,112,114,55,127,43,76,6,54,1,116,122,105" hai3="46,91,74,107,128,83,40,5,17,52,111,53,67"/><T81/><D118/><U97/><E72/><V70/><F122/><W129/><G107/><T75/><D37/><U131/><E110/><V130/><F105/><W48/><G111/><T63/><D133/><U42/><E131/><N who="3" m="50250" /><G5/><T134/><D126/><U69/><E69/><V45/><F130/><W50/><G67/><T36/><D36/><U123/><E42/><V95/><F127/><W8/><G40/><T3/><D32/><U82/><E82/><V89/><F116/><W135/><G135/><T96/><D3/><U102/><E30/><V94/><F70/><W115/><G115/><T120/><D96/><U119/><E119/><V9/><F95/><W113/><G113/><T93/><D120/><U25/><E56/><V64/><F64/><W33/><G33/><T60/><D60/><U19/><E19/><V20/><F114/><W39/><G39/><T61/><D61/><U44/><E44/><V22/><F112/><W121/><G121/><T31/><D31/><U14/><REACH who="1" step="1"/><E123/><REACH who="1" ten="250,240,250,250" step="2"/><V124/><F124/><W41/><G41/><T86/><D134/><U2/><E2/><V0/><F0/><W57/><G74/><T73/><D73/><U66/><E66/><V106/><F1/><W84/><G17/><T24/><D75/><U51/><E51/><V125/><F125/><W12/><G12/><T117/><D117/><U29/><E29/><V10/><F43/><W79/><G79/><N who="0" m="46367" /><D81/><U104/><AGARI ba="0,1" hai="14,15,18,21,25,26,28,34,88,92,97,99,102,104" machi="104" ten="20,5200,0" yaku="1,1,0,1,7,1,54,1,53,0" doraHai="47" doraHaiUra="7" who="1" fromWho="1" sc="250,-26,240,62,250,-13,250,-13" /><INIT seed="1,0,0,0,2,126" ten="224,302,237,237" oya="1" hai0="111,28,117,78,0,123,89,38,133,74,116,45,96" hai1="110,63,5,130,14,22,55,66,4,17,61,99,127" hai2="48,129,97,76,36,122,40,30,10,113,120,79,47" hai3="134,109,35,44,46,62,72,20,93,67,135,81,43"/><U12/><E127/><V75/><F129/><W2/><G35/><T15/><D0/><U34/><E34/><V83/><F79/><N who="3" m="44263" /><G2/><T88/><D111/><U69/><E130/><V107/><F113/><W106/><G106/><T59/><D133/><N who="3" m="50697" /><G109/><T104/><D123/><U101/><E14/><V8/><F48/><W57/><G43/><T23/><D59/><U132/><E110/><V54/><F54/><W60/><G93/><T68/><D68/><U42/><E42/><V84/><F84/><W64/><G20/><T24/><D15/><U73/><E73/><V13/><F10/><W121/><G121/><T52/><D38/><U29/><E29/><V124/><F30/><W128/><G128/><T9/><D9/><U115/><E115/><V87/><F124/><W50/><G50/><T56/><D45/><U37/><E37/><V11/><F11/><W3/><G3/><T118/><D104/><U39/><E39/><V27/><F75/><W85/><G85/><T108/><D108/><U1/><E1/><V25/><F122/><W19/><G19/><T102/><D96/><U6/><E132/><V7/><F120/><W49/><G49/><N who="0" m="30735" /><D102/><U53/><REACH who="1" step="1"/><E63/><REACH who="1" ten="224,292,237,237" step="2"/><V92/><F107/><AGARI ba="0,1" hai="4,5,6,12,17,22,53,55,61,66,69,99,101,107" machi="107" ten="40,3900,0" yaku="1,1,2,1,53,0" doraHai="126" doraHaiUra="119" who="1" fromWho="2" sc="224,0,292,49,237,-39,237,0" /><INIT seed="1,1,0,5,0,84" ten="224,341,198,237" oya="1" hai0="6,63,29,38,75,26,64,0,33,62,35,124,60" hai1="135,4,37,129,61,24,89,113,32,112,104,81,34" hai2="18,74,86,117,88,53,71,66,111,125,123,128,105" hai3="14,51,116,93,31,121,50,118,78,23,77,127,28"/><U59/><E37/><V12/><F111/><W49/><G121/><T98/><D124/><U9/><E129/><V10/><F74/><W108/><G108/><T103/><D35/><U96/><E135/><V56/><F117/><N who="3" m="45163" /><G127/><T83/><D38/><U134/><E134/><V16/><F123/><W17/><G93/><T133/><D133/><U40/><E40/><V97/><F128/><W114/><G114/><T94/><D0/><U92/><E104/><V21/><F125/><W65/><G65/><T39/><D6/><U13/><E81/><N who="2" m="49231" /><F105/><W54/><G54/><T46/><D64/><U80/><E80/><V25/><F71/><W110/><G110/><T130/><D130/><U115/><REACH who="1" step="1"/><E24/><REACH who="1" ten="224,331,198,237" step="2"/><V19/><F66/><AGARI ba="1,1" hai="4,9,13,32,34,59,61,66,89,92,96,112,113,115" machi="66" ten="40,7700,0" yaku="1,1,2,1,52,1,53,0" doraHai="84" doraHaiUra="106" who="1" fromWho="2" sc="224,0,331,90,198,-80,237,0" /><INIT seed="1,2,0,5,4,131" ten="224,421,118,237" oya="1" hai0="126,3,19,50,68,71,87,32,104,133,21,43,77" hai1="33,84,95,23,37,4,70,81,45,132,54,86,99" hai2="119,114,75,97,120,7,31,42,74,128,129,122,51" hai3="85,14,106,36,116,92,8,89,17,18,30,26,46"/><U41/><E33/><V107/><F31/><W12/><G116/><T63/><D104/><U27/><E70/><V90/><F7/><W0/><G106/><T64/><D3/><U29/><E4/><V130/><F51/><W52/><G0/><T109/><D32/><U127/><E127/><V49/><F49/><W80/><G36/><T125/><D109/><U76/><E54/><V65/><F65/><W83/><G46/><N who="0" m="25951" /><D71/><U101/><REACH who="1" step="1"/><E132/><REACH who="1" ten="224,411,118,237" step="2"/><V6/><F6/><W117/><G52/><T53/><D53/><U88/><E88/><V121/><F42/><W69/><G69/><T40/><D40/><U123/><E123/><V72/><F119/><W111/><G117/><T58/><D68/><U124/><E124/><V34/><F34/><W39/><G111/><T67/><D133/><U13/><E13/><V28/><F28/><W108/><G108/><T55/><D126/><U2/><E2/><V79/><F114/><W113/><G113/><T94/><D125/><U16/><E16/><V5/><F5/><W102/><G17/><T134/><D134/><U100/><E100/><N who="2" m="62863" /><F90/><W62/><G102/><T9/><D55/><U73/><AGARI ba="2,1" hai="23,27,29,37,41,45,73,76,81,84,86,95,99,101" machi="73" ten="20,7800,0" yaku="1,1,0,1,7,1,53,1" doraHai="131" doraHaiUra="98" who="1" fromWho="1" sc="224,-28,411,94,118,-28,237,-28" /><INIT seed="1,3,0,3,1,68" ten="196,505,90,209" oya="1" hai0="121,43,21,35,116,42,72,115,17,127,34,118,82" hai1="63,3,62,76,15,110,10,38,107,45,95,41,18" hai2="103,40,128,16,67,56,60,75,32,81,53,4,91" hai3="36,0,11,119,44,27,113,102,54,46,86,80,24"/><U106/><E3/><V122/><F128/><W117/><G113/><T7/><D115/><U83/><E110/><V33/><F122/><W125/><G125/><T19/><D7/><U132/><E95/><V66/><F103/><W126/><G126/><T28/><D127/><U70/><E132/><V134/><F4/><N who="3" m="1415" /><G102/><T25/><D82/><U74/><REACH who="1" step="1"/><E70/><REACH who="1" ten="196,495,90,209" step="2"/><V135/><F75/><W98/><G117/><T97/><D72/><U13/><E13/><V20/><F134/><W111/><G119/><T1/><D1/><U23/><E23/><V90/><F135/><W61/><G111/><T5/><D116/><U130/><E130/><V87/><F33/><W51/><G24/><T133/><D34/><U73/><E73/><V124/><F32/><W65/><G27/><T99/><D118/><U112/><E112/><V78/><F124/><W49/><G98/><T2/><D133/><U129/><E129/><V55/><F40/><W85/><G80/><T100/><D43/><U79/><E79/><V69/><F69/><W92/><G92/><T26/><D42/><U71/><E71/><V8/><F8/><W104/><G104/><AGARI ba="3,1" hai="10,15,18,38,41,45,62,63,74,76,83,104,106,107" machi="104" ten="40,7700,0" yaku="1,1,52,1,53,1" doraHai="68" doraHaiUra="9" who="1" fromWho="3" sc="196,0,495,96,90,0,209,-86" /><INIT seed="1,4,0,0,5,134" ten="196,591,90,123" oya="1" hai0="18,58,46,109,10,65,63,131,117,122,29,106,13" hai1="68,43,132,110,32,111,56,20,60,93,76,21,104" hai2="90,50,97,113,8,118,61,120,72,78,95,15,62" hai3="16,115,40,88,130,66,39,124,133,108,123,33,84"/><U82/><E104/><V25/><F113/><W70/><RYUUKYOKU type="yao9" ba="4,0" sc="196,0,591,0,90,0,123,0" hai3="16,33,39,40,66,70,84,88,108,115,123,124,130,133" /><INIT seed="1,5,0,2,2,95" ten="196,591,90,123" oya="1" hai0="117,31,129,97,125,40,58,126,36,46,132,79,20" hai1="67,5,23,84,15,48,73,63,65,89,131,7,103" hai2="90,37,6,25,82,118,109,39,121,83,52,68,10" hai3="2,71,75,60,88,91,12,9,87,104,32,111,47"/><U55/><E73/><V8/><F109/><W3/><G75/><T133/><D117/><U120/><E120/><V41/><F118/><W99/><G32/><T134/><D79/><U78/><E78/><V56/><F121/><W19/><G111/><T124/><D58/><U38/><E38/><V116/><F68/><W35/><G35/><T59/><D59/><U49/><E131/><V44/><F116/><W127/><G127/><T92/><D20/><U13/><E103/><V98/><F39/><W123/><G123/><T115/><D31/><U128/><E128/><V94/><F25/><W135/><G135/><T110/><D110/><U43/><E43/><V62/><REACH who="2" step="1"/><F10/><REACH who="2" ten="196,591,80,123" step="2"/><W112/><G112/><T114/><D129/><U29/><E29/><V21/><F21/><W100/><G71/><T107/><D107/><U108/><E23/><V66/><F66/><W105/><G9/><T122/><D122/><U16/><E108/><V27/><F27/><W50/><G104/><T11/><D11/><N who="1" m="6207" /><E15/><AGARI ba="5,1" hai="6,8,15,37,41,44,52,56,62,82,83,90,94,98" machi="15" ten="30,7700,0" yaku="1,1,7,1,52,1,54,1,53,0" doraHai="95" doraHaiUra="28" who="2" fromWho="1" sc="196,0,591,-92,80,102,123,0" /><INIT seed="2,0,0,1,3,32" ten="196,499,182,123" oya="2" hai0="80,130,101,131,36,115,97,3,119,118,34,4,84" hai1="123,20,64,28,96,124,15,39,29,127,35,31,112" hai2="116,10,62,18,55,27,30,40,12,78,122,81,125" hai3="2,73,134,90,98,5,33,102,52,37,111,89,42"/><V23/><F116/><N who="0" m="44586" /><D115/><U100/><E39/><V68/><F122/><W46/><G111/><T86/><D34/><U70/><E112/><V95/><F125/><N who="1" m="48201" /><E64/><V126/><F126/><W69/><G134/><T72/><D36/><U66/><E123/><V109/><F109/><W113/><G113/><T104/><D4/><U77/><E77/><V79/><F40/><W107/><G69/><T49/><D49/><U21/><E66/><V76/><F68/><W61/><G73/><T54/><D54/><U94/><E70/><V38/><F38/><W106/><G33/><T56/><D56/><U50/><E50/><V41/><F41/><W110/><G110/><T75/><D3/><U59/><E59/><N who="2" m="35199" /><F95/><W51/><G61/><T85/><D80/><AGARI ba="0,0" hai="10,12,18,23,27,30,76,78,79,80,81" m="35199" machi="80" ten="30,1500,0" yaku="8,1" doraHai="32" who="2" fromWho="0" sc="196,-15,499,0,182,15,123,0" /><INIT seed="2,1,0,2,5,45" ten="181,499,197,123" oya="2" hai0="87,85,36,25,1,5,109,96,131,39,73,44,81" hai1="65,52,72,66,76,135,134,55,58,117,62,89,43" hai2="17,118,35,60,122,105,132,13,41,130,64,54,124" hai3="63,133,8,101,94,40,12,14,29,82,107,95,32"/><V91/><F118/><W26/><G133/><N who="1" m="50698" /><E89/><V127/><F122/><W79/><G107/><T92/><D109/><U10/><E10/><V11/><F105/><W114/><G114/><T123/><D123/><U102/><E102/><V98/><F35/><W24/><G40/><T77/><D131/><U0/><E0/><V83/><F132/><W125/><G125/><N who="2" m="48201" /><F130/><W53/><G26/><T97/><D25/><U18/><E18/><V115/><F115/><W4/><G101/><T99/><D92/><U100/><E100/><V70/><F41/><W6/><G12/><T9/><D36/><U28/><E28/><V47/><F98/><W37/><G6/><T49/><REACH who="0" step="1"/><D39/><REACH who="0" ten="171,499,197,123" step="2"/><U21/><E117/><V116/><F116/><W86/><REACH who="3" step="1"/><G37/><REACH who="3" ten="171,499,197,113" step="2"/><T106/><D106/><U50/><E72/><V69/><F83/><W59/><AGARI ba="1,2" hai="4,8,14,24,29,32,53,59,63,79,82,86,94,95" machi="59" ten="30,7900,0" yaku="1,1,2,1,0,1,53,1" doraHai="45" doraHaiUra="22" who="3" fromWho="3" sc="171,-21,499,-21,197,-40,113,102" /><INIT seed="3,0,0,2,4,27" ten="150,478,157,215" oya="3" hai0="57,42,87,111,17,61,119,134,104,112,78,73,79" hai1="40,133,20,63,95,50,89,86,64,85,5,103,11" hai2="19,90,68,37,41,2,96,0,47,88,45,122,65" hai3="58,127,116,109,66,72,123,10,4,53,83,28,69"/><W97/><G116/><T30/><D119/><U24/><E133/><V108/><F108/><W1/><G123/><T93/><D104/><U36/><E36/><V132/><F132/><W131/><G131/><T130/><D134/><U23/><E23/><V31/><F31/><W51/><G127/><T18/><D73/><U105/><E105/><V34/><F34/><W15/><G109/><T39/><D111/><U75/><E75/><V3/><F68/><W70/><G66/><N who="0" m="39215" /><D39/><U54/><E103/><V49/><F65/><W101/><G1/><T91/><D42/><U120/><E40/><V128/><F128/><W100/><G28/><T82/><D130/><U25/><E25/><V84/><F122/><W43/><G43/><T118/><D118/><U129/><E63/><V32/><F32/><W22/><G22/><T59/><D112/><U76/><E76/><N who="0" m="29225" /><D30/><N who="1" m="17671" /><E64/><V14/><F37/><W35/><G97/><N who="0" m="57535" /><D59/><U9/><E129/><V8/><F96/><W126/><G51/><T21/><D21/><U67/><E5/><V55/><F84/><W16/><G53/><T6/><D6/><U94/><E67/><V117/><F117/><W44/><G44/><T56/><D56/><N who="1" m="32855" /><E120/><V80/><F80/><W77/><G58/><T115/><D115/><U121/><E121/><V125/><F125/><W113/><G83/><T124/><D124/><U106/><E106/><V7/><F7/><W74/><G4/><T110/><D110/><U114/><E114/><V29/><F29/><W81/><G113/><T26/><D26/><U38/><E38/><N who="2" m="21687" /><F3/><W102/><G126/><T92/><D92/><RYUUKYOKU ba="0,0" sc="150,10,478,10,157,10,215,-30" hai0="17,18,82,87" hai1="9,11,85,86,89,94,95" hai2="0,2,8,14,19,47,49,55,88,90" owari="160,-34.0,488,58.8,167,-23.3,185,-1.5" /></mjloggm>