<mjloggm ver="2.3"><GO type="225" lobby="0"/><UN n0="%E7%88%86%E8%A3%82%E9%83%BD%E5%B8%82%EF%BD%9E" n1="%E3%81%BA%E3%82%93%E3%81%A1%E3%83%BC%E3%81%B4%E3%82%93%E3%81%A4%E3%82%82" n2="%72%61%6B%33" n3="%E3%83%8F%E3%82%AC%E3%82%BF%E3%82%AB%E3%81%AE%E3%81%88%E3%81%98%E3%81%8D" dan="16,17,16,16" rate="2121.01,2200.54,2215.96,2142.61" sx="M,F,M,M"/><TAIKYOKU oya="0"/><INIT seed="0,0,0,2,5,127" ten="250,250,250,250" oya="0" hai0="103,109,84,45,81,69,80,132,30,98,107,104,15" hai1="83,96,58,115,41,50,2,13,78,3,128,43,86" hai2="42,89,21,9,72,121,64,100,113,54,17,65,119" hai3="29,25,73,118,79,26,101,94,31,49,47,74,76"/><T32/><D69/><U90/><E115/><V28/><F113/><W70/><G70/><T7/><D132/><U130/><E13/><V37/><F121/><W56/><G56/><T61/><D109/><U88/><E43/><V8/><F119/><W0/><G0/><T51/><D61/><U66/><E66/><V68/><F72/><W75/><G94/><T23/><D104/><U34/><E34/><V91/><F28/><W40/><G101/><T116/><D116/><U38/><E38/><V53/><F100/><W102/><G102/><T93/><D32/><U129/><E96/><V120/><F120/><W14/><G14/><T131/><D30/><U4/><E58/><V63/><F37/><W36/><G36/><T117/><D117/><U22/><E22/><V27/><F42/><W18/><G18/><T10/><D23/><U33/><E33/><V134/><F134/><W85/><G85/><T99/><D84/><U16/><E16/><V111/><F111/><W108/><G108/><T126/><D126/><U39/><E39/><V55/><REACH who="2" step="1"/><F65/><REACH who="2" ten="250,250,240,250" step="2"/><W19/><G118/><T106/><D106/><U60/><E41/><V52/><N who="2" m="13312" /><DORA hai="112" /><V35/><F35/><N who="3" m="20911" /><G31/><T20/><D107/><U67/><E50/><V44/><F44/><W24/><G49/><T11/><D51/><U87/><E78/><N who="3" m="29738" /><G47/><T105/><D45/><U135/><E135/><V123/><F123/><W77/><G40/><T48/><D48/><U110/><E110/><V95/><F95/><W97/><G77/><T133/><D105/><U1/><E67/><V125/><F125/><W5/><G73/><RYUUKYOKU ba="0,1" sc="250,-10,250,-10,240,30,250,-10" hai2="8,9,17,21,27,63,64,68,89,91" /><INIT seed="1,1,1,3,1,40" ten="240,240,270,240" oya="1" hai0="71,108,111,52,92,14,10,96,76,81,101,87,63" hai1="120,37,55,134,36,38,4,25,51,99,62,131,49" hai2="115,113,125,68,85,42,22,130,133,2,116,54,17" hai3="129,86,57,73,34,117,93,5,24,97,39,109,48"/><U64/><E120/><V45/><F116/><W121/><G73/><T18/><REACH who="0" step="1"/><D71/><REACH who="0" ten="230,240,270,240" step="2"/><N who="1" m="42391" /><E4/><V27/><F68/><W30/><G5/><T19/><D19/><U127/><E25/><V7/><F7/><W79/><G24/><T74/><D74/><U16/><E16/><V75/><F75/><W11/><G121/><T28/><D28/><U43/><E127/><V107/><F125/><W13/><G30/><T23/><D23/><U31/><E31/><V100/><F17/><W126/><G126/><T47/><D47/><N who="1" m="25855" /><E99/><V9/><F22/><W91/><G91/><T77/><D77/><U56/><E131/><V70/><F130/><W15/><G79/><T78/><D78/><U44/><E134/><V114/><F133/><W105/><G97/><T135/><D135/><U12/><E12/><V83/><F27/><W104/><G13/><T82/><D82/><U29/><E29/><V84/><F83/><W88/><G15/><T112/><D112/><U110/><E110/><V8/><F115/><W106/><G129/><T102/><D102/><U123/><E123/><V53/><F113/><W61/><G109/><T46/><D46/><AGARI ba="1,2" hai="36,37,38,44,46,51,55,56" m="25855,42391" machi="46" ten="30,24000,3" yaku="35,5,52,3" doraHai="40" who="1" fromWho="0" sc="230,-243,240,263,270,0,240,0" owari="-13,-51.3,503,60.3,270,7.0,240,-16.0" /></mjloggm>