<mjloggm ver="2.3"><GO type="225" lobby="0"/><UN n0="%28%EF%BF%A3%E2%96%BD%EF%BF%A3%29%CE%B4%E2%8C%92%E3%83%BB" n1="%EF%BC%AE%EF%BC%A1%EF%BC%AF%33%33%39" n2="%E3%83%97%E3%83%AC%E3%83%B4%E3%82%A1%E3%83%86%E3%82%A3" n3="%E3%82%BC%E3%83%AB%E3%83%80%E3%81%AE%E4%BC%9D%E8%AA%AC" dan="16,16,16,17" rate="2132.63,2051.87,2165.99,2255.18" sx="M,M,F,M"/><TAIKYOKU oya="0"/><INIT seed="0,0,0,4,5,12" ten="250,250,250,250" oya="0" hai0="54,51,3,118,65,84,128,67,47,7,75,28,5" hai1="58,113,80,83,79,15,120,38,73,44,36,53,45" hai2="59,19,46,94,48,55,124,30,52,29,119,37,134" hai3="76,66,72,130,108,86,31,26,123,92,81,0,102"/><T114/><D75/><U14/><E120/><V16/><F124/><W111/><G123/><T109/><D118/><U106/><E106/><V25/><F119/><W1/><G130/><T11/><D114/><U125/><E125/><V35/><F134/><W39/><G39/><T17/><D128/><U60/><E113/><V112/><F112/><W13/><G66/><N who="0" m="25099" /><D3/><U42/><REACH who="1" step="1"/><E80/><REACH who="1" ten="250,240,250,250" step="2"/><V21/><F37/><W98/><G108/><T33/><D109/><U4/><E4/><V34/><F35/><W41/><G111/><T40/><D33/><U103/><E103/><V89/><F34/><W50/><G81/><T20/><D5/><U8/><E8/><V62/><REACH who="2" step="1"/><F30/><REACH who="2" ten="250,240,240,250" step="2"/><W131/><G31/><T105/><D28/><U74/><E74/><V70/><F70/><W57/><G72/><T87/><D105/><U18/><E18/><V24/><F24/><W91/><G26/><T23/><D17/><U27/><E27/><V63/><F63/><W56/><G131/><T22/><D11/><U117/><E117/><V68/><F68/><W82/><G82/><T132/><D132/><U85/><E85/><AGARI ba="0,2" hai="16,19,21,25,29,46,48,52,55,59,62,85,89,94" machi="85" ten="30,12000,2" yaku="1,1,7,1,8,1,52,2,54,2,53,0" doraHai="12" doraHaiUra="6" who="2" fromWho="1" sc="250,0,240,-120,240,140,250,0" /><INIT seed="1,0,0,5,2,104" ten="250,120,380,250" oya="1" hai0="30,123,85,68,41,39,43,95,117,38,2,53,63" hai1="94,135,31,18,131,99,105,21,124,87,66,19,92" hai2="1,86,64,72,102,84,107,35,60,57,20,112,44" hai3="49,134,132,52,47,26,79,8,55,77,13,45,76"/><U16/><E66/><V40/><F35/><W108/><G108/><T32/><D2/><U6/><E6/><V25/><F1/><W22/><G45/><T29/><D32/><U82/><E135/><N who="3" m="51754" /><G55/><T83/><D117/><U34/><E34/><V130/><F112/><W37/><G37/><T50/><D123/><U14/><E131/><V78/><F130/><W120/><G120/><T33/><D33/><U96/><E124/><V100/><F107/><W23/><G26/><T113/><D113/><U133/><E105/><V101/><F78/><N who="3" m="19971" /><W106/><DORA hai="115" /><G106/><T54/><D50/><U4/><E133/><V80/><F80/><W62/><G62/><T36/><D83/><U9/><E82/><V125/><F125/><W28/><G28/><T70/><D63/><U74/><E74/><V17/><REACH who="2" step="1"/><F72/><REACH who="2" ten="250,120,370,250" step="2"/><W51/><G51/><AGARI ba="0,1" hai="17,20,25,40,44,51,57,60,64,84,86,100,101,102" machi="51" ten="40,8000,1" yaku="1,1,2,1,8,1,53,1" doraHai="104,115" doraHaiUra="73,42" who="2" fromWho="3" sc="250,0,120,0,370,90,250,-80" /><INIT seed="2,0,0,0,0,78" ten="250,120,460,170" oya="2" hai0="128,76,117,77,95,121,132,45,60,14,125,40,39" hai1="92,129,74,7,114,31,11,15,19,6,131,16,123" hai2="38,27,63,18,103,75,82,135,130,51,106,43,48" hai3="73,58,119,26,20,127,66,80,49,32,65,13,105"/><V57/><F130/><N who="1" m="49673" /><E74/><V21/><F135/><W46/><G119/><T50/><D128/><U99/><E92/><V86/><F75/><W0/><G0/><T2/><D2/><U126/><E99/><V104/><F38/><W110/><G105/><T5/><D117/><U124/><E114/><V109/><F109/><W90/><G110/><T91/><D132/><U98/><E98/><V70/><F70/><W71/><G127/><N who="1" m="48682" /><E123/><V17/><F43/><W30/><G71/><T122/><D125/><U81/><E81/><V28/><F103/><W41/><G58/><T42/><D122/><U10/><E31/><V88/><F106/><W56/><G56/><T108/><D121/><U61/><E61/><V93/><F104/><W111/><G111/><T68/><D60/><U101/><E101/><V44/><F93/><W55/><G41/><T33/><D42/><U59/><E59/><V35/><F44/><W9/><G32/><T29/><D45/><U34/><E34/><V36/><F36/><W133/><G133/><T107/><D39/><U118/><E118/><V4/><F4/><N who="3" m="3239" /><G73/><T89/><D40/><U37/><E37/><V120/><F120/><W54/><G54/><T67/><D33/><U97/><E97/><V64/><F35/><W22/><G22/><T1/><D108/><U23/><E23/><V8/><F8/><W84/><AGARI ba="0,0" hai="20,26,30,46,49,55,65,66,80,84,90" m="3239" machi="84" ten="30,2000,0" yaku="8,1,52,1" doraHai="78" who="3" fromWho="3" sc="250,-5,120,-5,460,-10,170,20" /><INIT seed="3,0,0,4,5,52" ten="245,115,450,190" oya="3" hai0="0,79,93,128,77,34,14,67,51,99,4,36,32" hai1="1,61,11,50,106,15,123,46,100,54,75,103,129" hai2="74,122,33,23,88,7,10,53,105,55,113,110,72" hai3="111,107,89,56,21,18,47,114,81,66,70,127,117"/><W112/><G107/><T28/><D36/><U108/><E123/><V119/><F113/><W92/><G70/><T83/><D0/><U40/><E75/><V91/><F119/><W26/><G117/><T124/><D124/><U118/><E118/><V41/><F33/><W133/><G133/><T90/><D128/><U64/><E1/><V85/><F122/><W17/><G81/><T9/><D28/><U130/><E108/><V49/><F105/><W45/><G17/><T80/><D67/><U120/><E120/><V44/><F110/><W121/><G45/><T86/><D51/><U97/><E129/><V68/><F68/><W135/><G21/><T48/><D48/><U38/><E130/><V2/><F23/><W82/><G82/><T131/><D131/><U13/><E103/><V78/><F91/><W126/><G89/><T73/><AGARI ba="0,0" hai="4,9,14,32,34,73,77,79,80,83,86,90,93,99" machi="73" ten="20,1500,0" yaku="0,1,7,1" doraHai="52" who="0" fromWho="0" sc="245,15,115,-4,450,-4,190,-7" owari="260,6.0,111,-38.9,446,54.6,183,-21.7" /></mjloggm>