<mjloggm ver="2.3"><GO type="225" lobby="0"/><UN n0="%E3%81%BF%E3%81%BF%E3%81%9A" n1="%6D%75%75%73%61%6E%6D%75" n2="%E3%82%A2%E3%83%A1%E3%82%A2%E3%83%A9%E3%83%AC" n3="%E7%89%B9%E6%9D%B1%E5%96%B0%E8%B5%A4%E9%80%9F" dan="18,17,16,16" rate="2263.32,2165.63,2107.13,2055.09" sx="M,F,M,M"/><TAIKYOKU oya="0"/><INIT seed="0,0,0,0,5,62" ten="250,250,250,250" oya="0" hai0="128,31,44,112,103,66,102,109,120,75,2,99,58" hai1="30,68,72,73,18,125,97,57,71,87,28,107,101" hai2="45,124,3,113,80,11,41,117,46,40,119,126,89" hai3="55,116,24,15,38,49,20,104,7,43,131,76,42"/><T122/><D112/><U88/><E125/><N who="2" m="48235" /><F80/><W77/><G116/><N who="2" m="44617" /><F89/><W123/><G104/><T54/><D75/><U0/><E73/><V29/><F29/><W33/><G38/><T85/><D2/><U133/><E72/><V27/><F27/><W81/><G131/><T114/><D128/><U106/><E133/><V129/><F129/><W74/><G76/><T79/><D114/><U36/><E106/><V64/><F113/><W60/><G33/><T26/><D109/><U134/><E134/><V86/><F86/><W67/><G24/><T96/><D122/><U22/><E0/><V105/><F105/><W8/><G123/><T13/><D120/><U35/><E35/><V63/><F11/><W10/><G8/><T6/><D79/><U82/><E36/><V14/><F14/><W92/><G92/><T51/><D85/><U17/><E17/><V78/><F78/><W91/><G91/><T110/><D110/><U4/><E4/><V21/><F21/><W135/><G20/><N who="0" m="15815" /><D13/><U34/><E34/><V118/><N who="2" m="44625" /><V12/><DORA hai="23" /><F12/><W37/><G37/><T39/><D39/><U52/><E28/><V83/><F83/><W5/><G5/><T9/><D9/><U19/><E30/><V69/><F3/><W48/><G135/><T90/><D6/><U16/><REACH who="1" step="1"/><E22/><REACH who="1" ten="250,240,250,250" step="2"/><V25/><F25/><W70/><G74/><T47/><D90/><U127/><E127/><V59/><F69/><W121/><G121/><T115/><D115/><U1/><E1/><V61/><F61/><AGARI ba="0,1" hai="16,18,19,52,57,61,68,71,82,87,88,97,101,107" machi="61" ten="40,8000,1" yaku="1,1,54,3,53,1" doraHai="62,23" doraHaiUra="130,94" who="1" fromWho="2" sc="250,0,240,90,250,-80,250,0" /><INIT seed="1,0,0,3,5,133" ten="250,330,170,250" oya="1" hai0="26,14,61,97,19,135,57,32,127,104,98,113,59" hai1="129,4,24,111,39,43,112,92,10,91,77,71,119" hai2="107,103,55,96,82,75,58,40,101,93,109,69,64" hai3="67,116,46,25,74,17,8,120,84,63,7,12,87"/><U123/><E112/><V29/><F109/><W28/><G120/><T83/><D113/><U108/><E123/><V31/><F40/><W37/><G74/><T94/><D135/><U89/><E119/><V68/><F68/><W86/><G116/><T2/><D2/><U47/><E71/><V0/><F0/><W33/><G37/><T110/><D110/><N who="1" m="42027" /><E129/><V73/><F73/><W27/><G46/><T51/><D127/><U38/><E77/><V9/><F9/><W11/><G27/><T66/><D83/><U121/><E121/><V18/><F18/><W126/><G126/><T115/><D115/><U6/><E39/><V85/><F75/><W13/><REACH who="3" step="1"/><G84/><REACH who="3" ten="250,330,170,240" step="2"/><T5/><D26/><U125/><E125/><V30/><F85/><W130/><G130/><T3/><D32/><U124/><E124/><V90/><F107/><W16/><G16/><T122/><D19/><U134/><E24/><V54/><F31/><W99/><G99/><T1/><D98/><U100/><E134/><V95/><F30/><W76/><G76/><T105/><D122/><U44/><E44/><V132/><F29/><W42/><G42/><T45/><D104/><U106/><E106/><V41/><F41/><W60/><G60/><T117/><D45/><U65/><E38/><V102/><F132/><W48/><G48/><T80/><D105/><U81/><E47/><V34/><F96/><W128/><G128/><T36/><D117/><U23/><E43/><V88/><F34/><W72/><G72/><T52/><D36/><U118/><E118/><V49/><F49/><W70/><AGARI ba="0,1" hai="7,8,11,12,13,17,25,28,33,63,67,70,86,87" machi="70" ten="20,5200,0" yaku="1,1,5,1,0,1,7,1,53,0" doraHai="133" doraHaiUra="78" who="3" fromWho="3" sc="250,-13,330,-26,170,-13,240,62" /><INIT seed="2,0,0,1,3,34" ten="237,304,157,302" oya="2" hai0="38,50,46,23,52,3,44,91,36,57,64,93,95" hai1="39,32,122,115,94,9,132,111,4,86,51,82,48" hai2="134,56,49,21,8,83,85,99,7,10,90,97,130" hai3="105,67,59,124,66,1,104,0,101,110,92,13,61"/><V35/><F35/><W15/><G92/><T77/><D77/><U40/><E115/><V113/><F113/><W20/><G20/><T27/><D3/><U41/><E32/><V42/><F134/><W58/><G101/><T70/><D70/><U69/><E69/><V24/><F130/><W87/><G87/><T74/><D74/><U106/><E106/><V30/><F10/><W71/><G110/><T78/><D78/><U80/><E111/><V63/><F49/><W2/><G71/><T98/><D93/><U116/><E116/><V26/><F26/><W33/><G33/><T102/><D91/><U73/><E73/><V75/><F42/><W103/><G124/><T12/><D12/><U5/><E132/><V129/><F129/><W29/><G29/><N who="0" m="17663" /><D44/><U62/><E39/><V107/><F107/><W45/><G45/><T43/><D43/><U65/><E122/><V125/><F125/><W54/><G104/><T68/><D68/><U112/><E112/><V79/><F79/><W119/><G119/><T37/><D36/><U114/><E114/><V89/><F89/><W135/><G135/><T60/><AGARI ba="0,0" hai="37,38,46,50,52,57,60,64,95,98,102" m="17663" machi="60" ten="30,2000,0" yaku="25,1,54,1" doraHai="34" who="0" fromWho="0" sc="237,20,304,-5,157,-10,302,-5" /><INIT seed="3,0,0,0,0,117" ten="257,299,147,297" oya="3" hai0="1,53,13,52,56,50,124,121,49,57,105,100,30" hai1="45,73,115,125,116,41,107,65,127,78,82,6,62" hai2="32,19,40,101,118,0,11,47,123,18,10,3,66" hai3="14,37,131,71,77,129,42,134,132,44,23,90,51"/><W54/><G77/><T16/><D121/><U63/><E116/><V2/><F101/><W21/><G71/><T75/><D124/><N who="1" m="47691" /><E115/><V109/><F47/><N who="3" m="28031" /><G90/><T99/><D30/><U106/><E6/><V88/><F40/><W70/><G70/><T119/><D1/><N who="2" m="618" /><F88/><W104/><G104/><N who="1" m="39978" /><E65/><V46/><F46/><W64/><G64/><T98/><D119/><U93/><E93/><V92/><F92/><W84/><G84/><T15/><D98/><U95/><E95/><V110/><F66/><W74/><G74/><T79/><REACH who="0" step="1"/><D16/><REACH who="0" ten="247,299,147,297" step="2"/><N who="2" m="6186" /><F118/><W35/><G35/><T9/><D9/><N who="2" m="3082" /><F3/><W89/><G89/><T20/><D20/><U60/><E60/><V122/><F32/><W24/><G37/><AGARI ba="0,1" hai="37,41,45,62,63,73,78,82" m="39978,47691" machi="37" ten="30,1000,0" yaku="18,1" doraHai="117" who="1" fromWho="3" sc="247,0,299,20,147,0,297,-10" owari="247,-15.3,319,41.9,147,-35.3,287,8.7" /></mjloggm>