<mjloggm ver="2.3"><GO type="225" lobby="0"/><UN n0="%E5%B8%86%E7%AB%8B%E5%A4%8F%E8%A1%A3" n1="%E3%83%A9%E3%83%BC%E3%83%A1%E3%83%B3%E4%BA%94%E9%83%8E" n2="%E5%91%A8%E6%9D%B1" n3="%E7%89%B9%E6%9D%B1%E3%81%AF%E4%B8%96%E7%95%8C%E3%82%92%E6%95%91%E3%81%86" dan="17,16,17,16" rate="2184.01,2151.57,2136.98,2116.81" sx="M,M,M,M"/><TAIKYOKU oya="0"/><INIT seed="0,0,0,5,3,47" ten="250,250,250,250" oya="0" hai0="110,113,71,79,67,32,7,98,41,119,5,124,62" hai1="8,3,53,14,80,30,134,94,108,1,70,111,72" hai2="6,33,102,48,133,101,87,12,69,81,135,46,21" hai3="22,25,36,97,129,50,105,65,38,99,59,125,52"/><T35/><D113/><U39/><E39/><V45/><F69/><W44/><G129/><T20/><D119/><U116/><E116/><V96/><F33/><W37/><G125/><T77/><D124/><U66/><E134/><N who="2" m="51211" /><F46/><W4/><G4/><T117/><D117/><U123/><E123/><V51/><F45/><W63/><REACH who="3" step="1"/><G105/><REACH who="3" ten="250,250,250,240" step="2"/><T115/><D5/><U40/><E111/><V68/><F6/><W127/><G127/><T42/><D7/><U75/><E108/><V9/><F68/><W100/><G100/><T91/><D71/><U26/><E70/><V131/><F102/><W104/><G104/><T78/><D110/><U54/><E1/><V64/><F131/><W132/><G132/><T130/><D130/><U88/><E3/><V34/><F101/><W17/><AGARI ba="0,1" hai="17,22,25,36,37,38,44,50,52,59,63,65,97,99" machi="17" ten="30,7900,0" yaku="1,1,0,1,52,1,54,1,53,0" doraHai="47" doraHaiUra="73" who="3" fromWho="3" sc="250,-39,250,-20,250,-20,240,89" /><INIT seed="1,0,0,3,3,99" ten="211,230,230,329" oya="1" hai0="7,119,45,132,4,31,3,44,79,116,90,26,134" hai1="127,70,97,15,11,35,61,98,10,36,12,5,27" hai2="21,50,20,115,41,112,76,101,121,118,39,84,88" hai3="106,126,77,107,8,81,93,64,80,23,105,103,73"/><U128/><E36/><V68/><F118/><N who="0" m="45098" /><D90/><U29/><E128/><V75/><F121/><W62/><G126/><T111/><D79/><U72/><E72/><V96/><F68/><W108/><G108/><T32/><D45/><U133/><E127/><V16/><F39/><W56/><G81/><T74/><D44/><U129/><E129/><V85/><F50/><W87/><G8/><N who="0" m="2079" /><D74/><U117/><E117/><V0/><F0/><W49/><G49/><T71/><D71/><U135/><E61/><V110/><F41/><W65/><G23/><T95/><D95/><U82/><E82/><N who="2" m="45343" /><F110/><W89/><REACH who="3" step="1"/><G64/><REACH who="3" ten="211,230,230,319" step="2"/><T17/><D111/><U48/><E48/><V124/><F124/><W66/><G66/><T102/><D134/><N who="1" m="51211" /><E70/><V123/><F21/><W125/><G125/><T83/><D132/><U52/><E52/><V59/><F20/><W28/><G28/><T2/><D31/><U22/><E22/><V43/><F123/><W9/><G9/><T51/><D51/><U46/><E46/><V78/><F43/><W42/><G42/><T33/><D33/><U120/><E120/><V113/><F113/><W38/><G38/><T47/><D32/><U57/><E57/><V25/><F59/><W54/><G54/><T100/><D47/><U53/><E53/><V122/><F122/><W67/><G67/><T37/><D37/><U1/><E1/><V92/><F115/><W34/><G34/><T114/><D114/><U94/><E94/><N who="2" m="58519" /><F112/><W109/><G109/><T40/><D40/><U69/><E69/><V18/><F25/><W86/><G86/><T131/><D131/><RYUUKYOKU ba="0,1" sc="211,-30,230,10,230,10,319,10" hai1="5,10,11,12,15,27,29,35,97,98" hai2="16,18,78,84,85,88,92" hai3="56,62,65,73,77,80,87,89,93,103,105,106,107" /><INIT seed="1,1,1,3,1,54" ten="181,240,240,329" oya="1" hai0="84,14,42,7,43,18,4,119,49,61,90,76,65" hai1="48,41,85,33,63,45,79,9,110,83,111,94,40" hai2="31,95,68,12,106,24,116,50,60,105,28,55,22" hai3="89,81,122,134,1,2,6,52,29,46,98,8,88"/><U99/><E33/><V92/><F116/><W62/><G122/><T66/><D119/><U104/><E104/><V130/><F130/><W51/><G134/><T27/><D76/><U118/><E118/><V113/><F113/><W80/><G29/><T115/><D115/><U20/><E20/><V21/><F68/><W135/><G135/><T71/><D66/><U3/><E63/><V17/><F60/><W124/><G2/><T25/><D25/><U15/><E40/><V101/><F31/><W107/><G124/><T69/><D27/><U93/><E3/><V114/><F114/><W120/><G120/><T0/><D0/><U36/><E36/><V34/><F34/><W59/><G107/><T23/><D71/><U72/><E72/><V125/><F125/><W131/><G131/><T57/><D69/><U73/><E73/><V129/><F129/><W70/><G70/><T102/><D102/><U133/><E133/><V26/><F26/><W5/><G5/><T128/><D128/><U86/><E86/><V77/><F77/><W117/><G117/><T100/><D100/><N who="1" m="60527" /><E94/><V47/><F95/><W19/><G98/><T44/><REACH who="0" step="1"/><D43/><REACH who="0" ten="171,240,240,329" step="2"/><U103/><E103/><V112/><F112/><W123/><G123/><T108/><D108/><U16/><E111/><V78/><F78/><W30/><G1/><T132/><D132/><U56/><E110/><V37/><F101/><W75/><G89/><T64/><D64/><U91/><E91/><V39/><F106/><W127/><G88/><T74/><D74/><U53/><E41/><V121/><F105/><W126/><G126/><RYUUKYOKU ba="1,2" sc="171,15,240,15,240,-15,329,-15" hai0="4,7,14,18,23,42,44,49,57,61,65,84,90" hai1="9,15,16,45,48,53,56,79,83,85" /><INIT seed="1,2,2,3,1,47" ten="186,255,225,314" oya="1" hai0="72,94,30,96,24,106,113,102,98,83,127,5,67" hai1="95,14,100,79,15,66,77,11,120,18,60,75,122" hai2="84,58,108,8,59,54,133,85,111,101,36,6,80" hai3="33,117,76,17,90,9,116,132,78,68,63,55,105"/><U62/><E122/><V23/><F36/><W3/><G33/><T42/><D113/><U71/><E120/><V65/><F133/><W86/><G105/><T29/><D127/><U131/><E131/><V0/><F101/><W112/><G112/><T69/><D5/><U73/><E73/><V70/><F70/><W99/><G99/><T135/><D135/><U21/><E75/><V53/><F65/><N who="3" m="41023" /><G55/><T114/><D114/><U107/><E107/><V88/><F23/><W40/><G40/><T41/><D30/><U74/><E74/><V39/><F39/><W4/><G17/><T134/><D134/><U119/><E119/><N who="3" m="45642" /><G132/><T16/><D67/><U27/><E15/><V28/><F28/><W32/><G32/><T109/><D69/><U48/><E66/><V115/><F115/><W124/><G124/><T128/><D128/><U110/><E71/><V103/><F103/><W92/><AGARI ba="2,2" hai="3,4,9,76,78,86,90,92" m="45642,41023" machi="92" ten="30,1100,0" yaku="12,1" doraHai="47" who="3" fromWho="3" sc="186,-5,255,-7,225,-5,314,37" /><INIT seed="2,0,0,3,2,61" ten="181,248,220,351" oya="2" hai0="79,91,3,14,84,97,15,25,110,80,127,128,95" hai1="29,83,85,7,112,68,45,86,56,34,53,4,39" hai2="47,108,22,6,48,58,76,88,57,124,119,9,96" hai3="67,92,75,106,90,115,133,117,78,11,24,52,116"/><V37/><F119/><W16/><G106/><T50/><D110/><U113/><E34/><V69/><F108/><W63/><G133/><T98/><D128/><U46/><E29/><V105/><F124/><W114/><G52/><T2/><D127/><U131/><E131/><V66/><F37/><W82/><G11/><T118/><D118/><U31/><E31/><V43/><F76/><W38/><G38/><T42/><D3/><U8/><E68/><V65/><F22/><W93/><G92/><T109/><D2/><U26/><E26/><V134/><F134/><W17/><G17/><T27/><D109/><U19/><E39/><V81/><F105/><W30/><G16/><T104/><D104/><U20/><E86/><N who="2" m="50255" /><F69/><N who="3" m="42239" /><G93/><T121/><D121/><U51/><E113/><N who="3" m="43018" /><G90/><T135/><D135/><U32/><E112/><V59/><F96/><W129/><G129/><T33/><D98/><U70/><E70/><V55/><F55/><W101/><G101/><T18/><D33/><AGARI ba="0,0" hai="24,30,33,75,78,82,116,117" m="43018,42239" machi="33" ten="30,3900,0" yaku="11,1,23,1,52,1" doraHai="61" who="3" fromWho="0" sc="181,-39,248,0,220,0,351,39" /><INIT seed="3,0,0,3,4,11" ten="142,248,220,390" oya="3" hai0="49,127,12,3,89,104,6,79,131,88,27,20,1" hai1="100,0,130,102,118,108,119,69,16,35,66,26,97" hai2="93,85,38,21,103,5,125,90,101,86,81,53,132" hai3="54,44,84,42,129,56,68,60,25,67,80,58,117"/><W4/><G117/><N who="1" m="44554" /><E108/><V39/><F125/><W8/><G25/><T133/><D104/><N who="1" m="63503" /><E130/><V65/><F132/><W31/><G31/><T72/><D131/><U30/><E0/><V134/><F134/><W91/><G54/><T32/><D133/><U76/><E102/><V116/><F116/><W95/><G95/><T33/><D127/><U34/><E16/><V74/><F74/><W50/><G129/><T46/><D1/><AGARI ba="0,0" hai="1,4,8,42,44,50,56,58,60,67,68,80,84,91" machi="1" ten="30,1500,0" yaku="7,1" doraHai="11" who="3" fromWho="0" sc="142,-15,248,0,220,0,390,15" owari="127,-37.3,248,4.8,220,-18.0,405,50.5" /></mjloggm>