<mjloggm ver="2.3"><GO type="225" lobby="0"/><UN n0="%E7%99%BD%E5%92%B2%E8%8A%B1%E3%81%A1%E3%82%83%E3%82%93" n1="%6D%75%75%6D%75%72%61" n2="%E8%B6%85%E7%B4%9A%E9%B3%B3%E5%87%B0" n3="%2D%E8%B1%8A%E5%8F%A3%E3%82%81%E3%81%90%E3%81%BF%2D" dan="16,16,16,16" rate="2094.91,2137.33,2138.93,2107.98" sx="F,F,M,F"/><TAIKYOKU oya="0"/><INIT seed="0,0,0,0,5,14" ten="250,250,250,250" oya="0" hai0="47,108,101,65,31,5,55,1,105,80,13,87,70" hai1="24,74,90,7,32,19,34,57,40,75,15,112,36" hai2="115,93,121,85,67,23,30,66,16,35,58,10,119" hai3="37,104,111,69,96,78,99,53,12,62,122,98,4"/><T22/><D1/><U28/><E112/><V97/><F115/><W86/><G37/><T44/><D70/><U9/><E34/><V42/><F121/><W135/><G122/><T106/><D65/><U38/><E57/><V130/><F130/><W72/><G72/><T43/><D55/><U50/><E50/><V11/><F119/><W100/><G111/><T129/><D129/><U73/><E40/><V91/><F42/><W45/><G135/><T92/><D92/><U63/><E63/><V71/><F71/><W124/><G124/><T59/><D59/><U113/><E113/><V76/><F35/><W95/><G78/><N who="0" m="46487" /><D101/><U52/><E52/><V49/><F30/><W26/><G53/><T21/><D47/><U17/><REACH who="1" step="1"/><E90/><REACH who="1" ten="250,240,250,250" step="2"/><V61/><F67/><W83/><G62/><T131/><D131/><U68/><E68/><V103/><F49/><W110/><G69/><T81/><D108/><U54/><E54/><V126/><F126/><W48/><G110/><T116/><D43/><U64/><E64/><V109/><F109/><W39/><G45/><T20/><D44/><U128/><E128/><V132/><F132/><W88/><G48/><T133/><D133/><U0/><E0/><V41/><F41/><W27/><G39/><AGARI ba="0,1" hai="7,9,15,17,19,24,28,32,36,38,39,73,74,75" machi="39" ten="50,6400,0" yaku="1,1,52,2,53,0" doraHai="14" doraHaiUra="118" who="1" fromWho="3" sc="250,0,240,74,250,0,250,-64" /><INIT seed="1,0,0,0,3,29" ten="250,314,250,186" oya="1" hai0="75,105,107,15,128,14,65,53,102,112,103,63,124" hai1="114,67,12,92,132,78,37,38,74,23,47,45,42" hai2="91,36,68,18,82,81,111,93,6,71,9,104,99" hai3="116,113,73,117,96,58,76,97,122,131,48,125,49"/><U7/><E114/><V34/><F36/><W50/><G76/><T88/><D112/><U43/><E132/><V66/><F111/><W55/><G73/><T127/><D75/><U110/><E110/><V123/><F123/><W3/><G3/><T52/><D63/><U35/><E35/><V60/><F68/><W101/><G113/><T27/><D27/><U86/><E67/><V61/><F61/><W4/><G4/><T8/><D8/><U11/><E23/><V28/><F18/><W119/><G122/><T108/><D108/><U40/><E40/><V39/><F39/><W118/><N who="3" m="29696" /><DORA hai="126" /><W94/><G125/><T87/><D65/><U5/><E74/><V56/><F71/><W129/><G97/><T120/><D120/><U89/><E78/><V83/><F104/><W135/><G135/><T90/><D87/><U41/><E43/><V121/><F121/><W46/><G49/><T106/><D106/><U31/><E31/><V59/><F59/><W70/><G70/><T22/><D22/><U95/><REACH who="1" step="1"/><E7/><REACH who="1" ten="250,304,250,186" step="2"/><V79/><F28/><W13/><G13/><T85/><D85/><U16/><E16/><V100/><F79/><W25/><G25/><T32/><D32/><U64/><E64/><V1/><REACH who="2" step="1"/><F34/><REACH who="2" ten="250,304,240,186" step="2"/><W84/><REACH who="3" step="1"/><G84/><AGARI ba="0,2" hai="1,6,9,56,60,66,81,82,83,84,91,93,99,100" machi="84" ten="40,2600,0" yaku="1,1,2,1,53,0" doraHai="29,126" doraHaiUra="51,133" who="2" fromWho="3" sc="250,0,304,0,240,46,186,-26" /><INIT seed="2,0,0,1,5,1" ten="250,304,286,160" oya="2" hai0="75,18,121,7,127,34,113,86,13,81,128,17,111" hai1="133,88,80,24,48,94,4,126,132,130,55,14,101" hai2="30,11,26,51,102,2,42,28,23,49,39,89,115" hai3="125,98,108,52,107,36,109,21,10,35,44,119,69"/><V112/><F102/><W93/><G35/><T87/><D113/><U135/><E126/><V25/><F39/><W22/><G119/><T118/><D121/><U47/><E130/><V40/><F23/><W20/><G69/><T43/><D127/><U100/><E24/><V106/><F2/><W63/><G107/><T71/><D71/><U58/><E80/><V59/><F59/><W122/><G122/><T92/><D34/><U12/><E58/><V84/><F84/><W37/><G125/><T114/><D114/><U104/><E104/><V38/><F38/><W66/><G66/><T8/><D128/><U120/><E120/><V76/><F106/><W45/><G45/><T27/><D111/><N who="3" m="42569" /><G10/><T64/><D75/><U78/><E14/><V95/><F11/><W5/><G5/><T41/><D64/><U60/><E78/><V99/><F99/><W31/><G31/><T3/><D3/><U134/><E134/><V50/><F50/><N who="3" m="28743" /><G63/><T16/><D118/><U73/><E60/><V6/><F6/><W74/><G74/><T56/><D56/><U103/><E73/><V131/><F131/><W82/><G82/><T0/><D0/><U9/><E94/><V105/><F105/><W19/><G19/><N who="0" m="7243" /><D92/><U110/><E110/><V83/><F95/><W46/><G46/><T68/><D68/><U117/><E117/><V33/><F83/><W116/><G116/><T53/><D81/><U62/><E62/><V57/><F57/><W65/><G65/><T124/><D124/><U129/><E129/><V96/><F33/><W29/><G29/><T77/><BYE who="2" /><D18/><RYUUKYOKU ba="0,0" sc="250,-15,304,15,286,-15,160,15" hai1="4,9,12,47,48,55,88,100,101,103,132,133,135" hai3="20,21,22,36,37,93,98" /><INIT seed="3,1,0,1,4,20" ten="235,319,271,175" oya="3" hai0="116,19,132,80,99,96,0,118,59,32,54,16,36" hai1="77,35,41,46,34,60,66,115,130,25,64,42,62" hai2="90,24,107,102,37,111,9,61,55,103,105,72,65" hai3="30,93,13,73,53,121,71,14,3,101,124,49,106"/><W21/><G121/><UN n2="%E8%B6%85%E7%B4%9A%E9%B3%B3%E5%87%B0" /><T98/><D36/><U29/><E115/><V104/><F37/><W89/><G3/><T114/><D114/><U110/><E130/><V92/><F72/><W123/><G123/><T10/><D132/><U22/><E110/><V74/><F74/><W68/><G73/><T126/><D126/><U63/><E77/><V120/><F111/><W12/><G124/><T97/><D32/><U125/><E125/><V85/><F120/><W26/><G101/><T88/><D116/><U57/><E62/><V81/><F55/><W131/><G106/><T87/><D118/><U69/><E42/><V75/><F9/><W94/><G131/><T2/><N who="0" m="24576" /><DORA hai="56" /><T8/><D8/><U5/><E5/><V119/><F119/><W38/><G38/><AGARI ba="1,0" hai="22,25,29,34,35,38,41,46,57,60,63,64,66,69" machi="38" ten="30,7700,0" yaku="7,1,52,3" doraHai="20,56" who="1" fromWho="3" sc="235,0,319,80,271,0,175,-80" owari="235,-16.5,399,49.9,271,7.1,95,-40.5" /></mjloggm>