<mjloggm ver="2.3"><GO type="225" lobby="0"/><UN n0="%72%69%6F%75%63%68%61%6E" n1="%E9%B3%B3%E6%9D%B1%E3%81%AE%E3%81%86%E3%81%95%E3%81%8E%E3%81%95%E3%82%93" n2="%E6%A1%9C%E8%8A%B1%E9%96%83%E3%80%85" n3="%E3%81%BE%E3%81%A8%E3%81%9F" dan="16,17,17,16" rate="2204.47,2218.78,2231.38,2107.65" sx="M,M,M,M"/><TAIKYOKU oya="0"/><INIT seed="0,0,0,0,3,30" ten="250,250,250,250" oya="0" hai0="36,2,116,33,103,78,63,44,109,112,95,118,11" hai1="16,14,126,55,100,27,90,120,104,5,68,73,65" hai2="134,97,128,102,121,101,35,79,37,8,60,34,92" hai3="46,20,115,130,49,24,88,9,119,82,1,59,15"/><T98/><D112/><U131/><E120/><V29/><F121/><W87/><G119/><T58/><D109/><U32/><E73/><V122/><F122/><W124/><G115/><T7/><D78/><U91/><E131/><V110/><F110/><W18/><G124/><T25/><D36/><U83/><E126/><V51/><F37/><W56/><G1/><T57/><D44/><U117/><E117/><V19/><F128/><W23/><G23/><T54/><REACH who="0" step="1"/><D57/><REACH who="0" ten="240,250,250,250" step="2"/><U84/><E68/><V69/><F79/><W42/><REACH who="3" step="1"/><G130/><REACH who="3" ten="240,250,250,240" step="2"/><T108/><D108/><U6/><E32/><V93/><F35/><W48/><G48/><T132/><D132/><U67/><E27/><V50/><F51/><W106/><G106/><T12/><D12/><U71/><E104/><V123/><F50/><W17/><AGARI ba="0,2" hai="9,15,17,18,20,24,42,46,49,56,59,82,87,88" machi="17" ten="20,12000,2" yaku="1,1,0,1,7,1,8,1,54,1,53,1" doraHai="30" doraHaiUra="76" who="3" fromWho="3" sc="240,-60,250,-30,250,-30,240,140" /><INIT seed="1,0,0,3,4,133" ten="180,220,220,380" oya="1" hai0="3,132,100,75,42,56,85,116,95,12,115,48,1" hai1="16,112,39,94,59,58,128,8,129,76,64,68,31" hai2="111,108,37,135,62,43,0,101,51,83,69,102,131" hai3="13,91,123,80,17,22,70,46,125,10,18,130,104"/><U78/><E112/><V54/><F0/><W41/><G104/><T65/><D115/><U124/><E39/><V126/><F135/><W99/><G70/><T27/><D132/><U127/><E68/><V20/><F20/><W23/><G123/><T7/><D75/><U28/><E94/><V98/><F131/><N who="1" m="50249" /><E76/><V134/><F83/><W24/><G130/><T19/><D116/><U117/><E117/><V87/><F87/><W106/><G106/><T66/><D7/><U67/><E78/><V86/><F86/><W53/><G80/><T29/><D1/><U60/><E59/><N who="2" m="33247" /><F134/><W84/><G84/><T36/><D36/><U32/><E64/><N who="2" m="41111" /><F102/><W34/><G91/><N who="0" m="53743" /><D100/><U11/><E11/><V97/><F97/><W49/><G99/><T109/><D109/><U93/><E93/><V90/><F90/><W6/><G10/><N who="0" m="6551" /><D3/><U26/><E31/><V38/><F38/><W44/><G34/><T88/><D88/><U14/><AGARI ba="0,0" hai="8,14,16,26,28,32,58,60,67,124,127" m="50249" machi="14" ten="30,11700,0" yaku="19,1,52,2,54,1" doraHai="133" who="1" fromWho="1" sc="180,-39,220,117,220,-39,380,-39" /><INIT seed="1,1,0,4,1,80" ten="141,337,181,341" oya="1" hai0="97,13,23,117,125,82,68,69,122,56,84,83,1" hai1="12,38,93,85,65,26,131,71,32,16,126,2,45" hai2="119,11,9,17,52,58,114,108,44,121,75,6,78" hai3="18,3,87,106,34,40,124,21,55,62,100,67,7"/><U8/><E131/><V115/><F119/><W116/><G34/><T99/><D117/><U101/><E126/><V54/><F121/><W120/><G120/><T51/><D122/><U103/><E2/><V30/><F30/><W74/><G74/><T70/><D1/><U39/><E71/><V28/><F28/><W4/><G40/><T10/><D125/><U73/><E73/><V53/><F108/><W31/><G31/><T135/><D135/><U77/><E65/><V88/><F44/><W95/><G3/><T98/><D23/><N who="1" m="13671" /><E39/><V43/><F43/><W57/><G124/><T104/><D104/><U41/><E38/><V130/><F130/><W123/><G123/><T129/><D129/><U0/><E0/><N who="2" m="199" /><F78/><W127/><G127/><T37/><D37/><U15/><E32/><V86/><F75/><W76/><G116/><T66/><D84/><U33/><E33/><V133/><F17/><W59/><G106/><T111/><D111/><U107/><E107/><V49/><F11/><W42/><G87/><T72/><D72/><U47/><E12/><V89/><F89/><W46/><G76/><T50/><D66/><U92/><E92/><N who="2" m="54295" /><F133/><W24/><G95/><T113/><D70/><U27/><E27/><V81/><F81/><N who="0" m="30730" /><D68/><U96/><E77/><V132/><F132/><W91/><G100/><N who="1" m="38474" /><E85/><V105/><F105/><W94/><G94/><T109/><D69/><U22/><E22/><V29/><F29/><W25/><G91/><T48/><D109/><U110/><E110/><V79/><F79/><W14/><G25/><T118/><D118/><U36/><E36/><RYUUKYOKU ba="1,0" sc="141,-10,337,-10,181,30,341,-10" hai2="49,52,53,54,58,114,115" /><INIT seed="2,2,0,1,1,27" ten="131,327,211,331" oya="2" hai0="96,65,42,127,80,31,75,60,79,54,6,28,102" hai1="101,121,47,61,52,110,133,122,46,74,20,38,56" hai2="64,67,132,53,49,103,68,30,89,9,78,77,114" hai3="118,66,125,19,90,126,8,35,7,15,57,69,134"/><V129/><F114/><W5/><G69/><T131/><D131/><U73/><E110/><V119/><F119/><W18/><G35/><T128/><D128/><U86/><E133/><V115/><F115/><W106/><G106/><T76/><D127/><N who="3" m="48649" /><G118/><T11/><D79/><N who="2" m="30218" /><F68/><W93/><G134/><T32/><D54/><U25/><E86/><V44/><F129/><W92/><G19/><T112/><D42/><N who="1" m="22871" /><E101/><V13/><F132/><W29/><G29/><T17/><D112/><U45/><E74/><V51/><F103/><W50/><G92/><T16/><D32/><U0/><E0/><V10/><F30/><W48/><G66/><N who="2" m="25129" /><F13/><W41/><G57/><T58/><D17/><N who="1" m="12431" /><E73/><V130/><F130/><W40/><G41/><T37/><D37/><U124/><E124/><V85/><F51/><N who="3" m="19499" /><G40/><T23/><D6/><U108/><E108/><V4/><F4/><W2/><G2/><T91/><D91/><U99/><E99/><AGARI ba="2,0" hai="5,7,8,15,18,90,93,99" m="19499,48649" machi="99" ten="30,1000,0" yaku="18,1" doraHai="27" who="3" fromWho="1" sc="131,0,327,-16,211,0,331,16" /><INIT seed="3,0,0,5,2,10" ten="131,311,211,347" oya="3" hai0="39,38,85,82,97,23,92,56,11,103,113,46,118" hai1="72,83,25,69,1,94,7,6,27,122,15,13,26" hai2="100,31,14,0,52,21,96,112,51,17,91,75,34" hai3="58,45,87,84,43,120,119,116,32,37,9,78,127"/><W133/><G32/><T109/><D118/><U132/><E122/><V22/><F112/><W130/><G120/><T63/><D113/><U95/><E69/><V125/><F0/><W134/><G127/><T108/><D46/><U124/><E124/><V42/><F125/><W49/><G130/><T129/><D129/><U80/><E1/><V20/><F75/><W48/><G9/><T73/><D73/><U29/><E72/><V57/><F42/><W47/><G58/><T135/><D135/><N who="3" m="51721" /><G37/><T4/><D23/><U35/><E132/><V18/><F91/><W68/><G68/><T74/><D74/><U24/><E83/><V62/><F62/><W126/><G126/><T101/><D101/><U30/><E80/><V89/><F89/><W16/><G16/><T86/><D86/><N who="3" m="32809" /><G78/><T53/><D109/><U121/><E121/><V81/><F100/><W44/><G44/><T76/><REACH who="0" step="1"/><D108/><REACH who="0" ten="121,311,211,347" step="2"/><U66/><E30/><V107/><F22/><W111/><G111/><T33/><D33/><U115/><E115/><V28/><F34/><W71/><G47/><T104/><D104/><U79/><E79/><V2/><F21/><W102/><G45/><T93/><D93/><U41/><E41/><V88/><F20/><W3/><G43/><T64/><D64/><U110/><E110/><V36/><F107/><W61/><G119/><T59/><D59/><U5/><REACH who="1" step="1"/><E66/><REACH who="1" ten="121,301,211,347" step="2"/><V106/><F57/><W128/><G116/><T67/><D67/><U99/><E99/><V70/><F106/><W12/><G71/><T117/><D117/><U65/><E65/><V114/><F70/><RYUUKYOKU ba="0,2" sc="121,15,301,15,211,-15,347,-15" hai0="4,11,38,39,53,56,63,76,82,85,92,97,103" hai1="5,6,7,13,15,24,25,26,27,29,35,94,95" owari="136,-36.4,316,11.6,196,-20.4,352,45.2" /></mjloggm>