<mjloggm ver="2.3"><GO type="225" lobby="0"/><UN n0="%E3%82%A2%E3%83%BC%E3%83%A2%E3%83%AD%E3%83%BC%E3%83%B4%E3%82%A1" n1="%E3%83%9E%E3%83%AB%E3%83%9E%E3%83%AB%E3%81%A1%E3%82%83%E3%82%93" n2="%E4%BA%BA%E9%96%93%E3%83%81%E3%83%A3%E3%83%BC%E3%83%8F%E3%83%B3" n3="%E5%84%AA%40%41%42%43" dan="16,16,16,17" rate="2098.02,2057.26,2163.51,2149.20" sx="M,M,M,M"/><TAIKYOKU oya="0"/><INIT seed="0,0,0,2,2,1" ten="250,250,250,250" oya="0" hai0="101,40,81,120,87,52,65,110,57,0,67,12,131" hai1="94,88,85,83,69,102,18,93,80,113,34,16,112" hai2="117,22,76,77,44,98,124,7,8,26,121,134,118" hai3="89,109,37,126,2,73,105,6,3,21,32,95,106"/><T42/><D120/><U45/><E34/><V31/><F121/><W10/><G109/><T135/><D0/><U14/><E69/><V90/><F124/><W30/><G126/><T82/><D135/><U50/><E18/><V111/><F111/><W107/><G37/><T11/><D131/><U48/><E48/><V86/><F134/><W104/><G73/><T9/><D101/><U61/><E61/><V97/><F44/><W123/><G123/><T36/><D110/><U4/><E4/><V99/><F117/><W38/><G38/><T28/><D28/><U116/><E116/><V66/><F66/><N who="0" m="25098" /><D36/><U23/><E113/><V75/><F75/><W13/><G32/><T55/><D9/><U41/><E112/><V15/><REACH who="2" step="1"/><F118/><REACH who="2" ten="250,250,240,250" step="2"/><W5/><N who="3" m="26624" /><DORA hai="54" /><W59/><G59/><T24/><D55/><U62/><E62/><V51/><F51/><W43/><G43/><N who="0" m="16427" /><D24/><U108/><E108/><V128/><F128/><W71/><G71/><T74/><D74/><U64/><E64/><V29/><F29/><W56/><G56/><T25/><D25/><U92/><REACH who="1" step="1"/><E83/><AGARI ba="0,1" hai="7,8,15,22,26,31,76,77,83,86,90,97,98,99" machi="83" ten="40,8000,1" yaku="1,1,8,1,52,1,53,2" doraHai="1,54" doraHaiUra="72,60" who="2" fromWho="1" sc="250,0,250,-80,240,90,250,0" /><INIT seed="1,0,0,1,1,108" ten="250,170,330,250" oya="1" hai0="119,80,90,67,24,98,10,20,9,105,117,66,116" hai1="127,115,13,12,2,57,44,17,47,25,34,126,95" hai2="101,6,103,84,113,38,33,11,92,37,135,132,23" hai3="16,104,128,114,64,7,107,14,59,123,112,77,73"/><U74/><E74/><V111/><F33/><W65/><G7/><T27/><D105/><N who="3" m="40521" /><G59/><T99/><D80/><U94/><E2/><V19/><F113/><N who="3" m="43627" /><G73/><T102/><D90/><U41/><E115/><V87/><F111/><W97/><G77/><T18/><D102/><N who="2" m="38922" /><F38/><W81/><G81/><T42/><D42/><U71/><E71/><V76/><F37/><W82/><G82/><T35/><D35/><U120/><E120/><V70/><F70/><W100/><G100/><T110/><D110/><U8/><E57/><V40/><F40/><W43/><G43/><T118/><D118/><U3/><E3/><N who="2" m="479" /><F92/><N who="1" m="35369" /><E41/><V121/><F121/><W89/><G123/><T28/><D119/><U22/><E34/><V1/><F76/><W61/><G61/><T58/><D58/><U5/><E13/><N who="2" m="9711" /><F1/><W46/><G46/><T91/><D117/><U31/><E5/><V55/><F55/><W130/><G97/><T36/><D116/><U60/><E60/><V75/><F75/><W69/><G69/><T129/><D36/><U52/><E52/><V4/><F4/><W122/><G122/><T45/><D45/><U125/><AGARI ba="0,0" hai="8,12,17,22,25,31,44,47,125,126,127" m="35369" machi="125" ten="40,2100,0" yaku="18,1" doraHai="108" who="1" fromWho="1" sc="250,-7,170,21,330,-7,250,-7" /><INIT seed="1,1,0,1,5,84" ten="243,191,323,243" oya="1" hai0="44,129,19,24,47,23,94,119,49,98,10,63,42" hai1="65,74,99,77,46,16,40,36,39,90,102,85,110" hai2="135,112,73,115,15,104,80,37,108,1,116,111,0" hai3="20,28,122,48,59,3,79,35,124,132,117,67,21"/><U12/><E110/><N who="2" m="42027" /><F116/><W126/><G117/><T57/><D129/><U76/><E39/><V103/><F37/><W95/><G122/><T92/><D119/><U118/><E118/><V38/><F38/><W114/><G3/><N who="2" m="1097" /><F135/><W8/><G132/><T55/><D10/><U33/><E33/><V82/><F15/><W91/><G79/><T11/><D11/><U123/><E74/><V109/><N who="2" m="42035" /><V107/><DORA hai="26" /><F103/><W7/><G114/><N who="2" m="43561" /><F73/><W17/><G35/><T133/><D133/><U97/><E123/><V52/><F52/><W75/><G75/><T34/><D34/><U41/><E65/><V113/><N who="2" m="43569" /><V130/><DORA hai="50" /><F130/><W71/><G67/><T27/><D47/><U56/><E56/><V68/><F68/><W134/><G59/><T101/><D27/><U87/><E40/><V72/><F72/><W58/><G71/><T89/><D101/><U127/><E127/><V96/><F96/><W70/><G70/><T9/><D9/><U5/><E5/><V51/><F51/><W43/><G58/><T4/><D4/><U32/><E32/><V120/><F120/><W88/><G134/><T31/><D98/><U64/><E64/><V13/><F13/><N who="3" m="7335" /><G7/><T81/><D19/><U61/><E99/><V29/><F29/><W83/><G28/><T14/><D14/><U78/><E61/><V2/><N who="2" m="1105" /><V54/><DORA hai="106" /><F54/><W30/><G30/><T66/><D66/><U121/><E121/><V128/><F128/><W93/><G124/><T125/><D125/><U22/><E102/><V86/><F86/><AGARI ba="1,0" hai="23,24,31,42,44,49,55,57,63,81,86,89,92,94" machi="86" ten="40,8000,1" yaku="8,1,52,3" doraHai="84,26,50,106" who="0" fromWho="2" sc="243,83,191,0,323,-83,243,0" /><INIT seed="2,0,0,2,3,44" ten="326,191,240,243" oya="2" hai0="125,71,15,84,43,79,19,66,8,13,14,53,98" hai1="104,100,23,5,101,92,57,81,2,6,124,17,64" hai2="76,95,127,55,58,110,113,61,32,103,37,10,77" hai3="1,78,54,28,122,82,60,128,46,29,135,131,20"/><V94/><F113/><W109/><G122/><T52/><D43/><U108/><E108/><V25/><F37/><W85/><G1/><T36/><D36/><U117/><E124/><V70/><F127/><W38/><G109/><T18/><D125/><U7/><E117/><V129/><F110/><W63/><G135/><T72/><D72/><U56/><E2/><V102/><F129/><N who="3" m="49739" /><G20/><N who="0" m="11343" /><D71/><U75/><E104/><V80/><F70/><W89/><G78/><N who="2" m="30313" /><F32/><W49/><G38/><T99/><D66/><U69/><E69/><V74/><F74/><W119/><G119/><T27/><D27/><U45/><E75/><V106/><F106/><W3/><G3/><T114/><D114/><U40/><E81/><V116/><F80/><W62/><AGARI ba="0,0" hai="28,29,46,49,54,60,62,63,82,85,89" m="49739" machi="62" ten="30,2000,0" yaku="19,1,52,1" doraHai="44" who="3" fromWho="3" sc="326,-5,191,-5,240,-10,243,20" /><INIT seed="3,0,0,4,5,35" ten="321,186,230,263" oya="3" hai0="83,44,132,123,43,130,107,38,59,128,91,101,75" hai1="116,85,108,41,17,95,92,18,68,124,46,78,5" hai2="72,4,96,28,99,88,110,40,25,13,71,22,58" hai3="81,29,79,134,54,127,56,94,100,8,73,89,64"/><W70/><G127/><T60/><D132/><U65/><E108/><V102/><F110/><W118/><G118/><T7/><D101/><U36/><E124/><V2/><F71/><W66/><G134/><T133/><D107/><U10/><E116/><V80/><F2/><W98/><G70/><T0/><D123/><U77/><E65/><V97/><F40/><W74/><G73/><T27/><D27/><U55/><E68/><V15/><F102/><W131/><G131/><T45/><D45/><U39/><E55/><V9/><F58/><W23/><G8/><N who="0" m="2151" /><D91/><U24/><E39/><V103/><F103/><W120/><G120/><T122/><D122/><U115/><E115/><V129/><F129/><W84/><G23/><T121/><D133/><U87/><E36/><V11/><F72/><W14/><G14/><T37/><D37/><U32/><E32/><V6/><F80/><W42/><G29/><T112/><D112/><U34/><E34/><V67/><REACH who="2" step="1"/><F67/><REACH who="2" ten="321,186,220,263" step="2"/><W57/><G42/><T62/><D121/><U21/><E18/><V47/><F47/><W52/><G56/><T16/><D59/><U125/><E125/><V31/><F31/><W113/><G113/><T61/><D128/><U33/><E33/><V63/><F63/><W69/><G69/><T53/><D130/><U50/><E85/><V93/><AGARI ba="0,1" hai="4,6,9,11,13,15,22,25,28,88,93,96,97,99" machi="93" ten="30,8000,1" yaku="1,1,0,1,9,1,8,1,54,1,53,0" doraHai="35" doraHaiUra="76" who="2" fromWho="2" sc="321,-20,186,-20,220,90,263,-40" owari="301,10.1,166,-33.4,310,41.0,223,-17.7" /></mjloggm>