<mjloggm ver="2.3"><GO type="225" lobby="0"/><UN n0="%E9%80%9F%E6%B0%B4%E5%87%9B%E9%A6%99" n1="%4E%6F%2E%30%30%30%31" n2="%E7%88%86%E8%A3%82%E9%83%BD%E5%B8%82%EF%BD%9E" n3="%E3%81%95%E3%81%8D%E3%81%9F%E3%81%BE%E6%9E%97%E6%AA%8E" dan="17,18,16,16" rate="2165.40,2208.44,2103.65,2155.70" sx="F,M,M,M"/><TAIKYOKU oya="0"/><INIT seed="0,0,0,2,5,44" ten="250,250,250,250" oya="0" hai0="100,78,64,18,12,16,122,120,89,29,0,57,60" hai1="112,46,30,15,5,132,79,74,103,22,129,118,2" hai2="25,96,62,99,27,104,52,92,98,111,116,48,124" hai3="43,53,81,34,33,17,36,51,91,28,9,8,109"/><T47/><D0/><U113/><E103/><V75/><F75/><W105/><G109/><T59/><D78/><U70/><E70/><V86/><F111/><W10/><G105/><T121/><D100/><U117/><E46/><N who="2" m="27671" /><F104/><W35/><G43/><T94/><D29/><U42/><E42/><V88/><F124/><W93/><G36/><T71/><D47/><U7/><E79/><V76/><F116/><N who="1" m="44649" /><E74/><V37/><F37/><W55/><G55/><T41/><D41/><U102/><E102/><V135/><F135/><W66/><G66/><T65/><D65/><U68/><E68/><V1/><F1/><W125/><G125/><T6/><D6/><N who="1" m="2059" /><E2/><V134/><F134/><W108/><G108/><T90/><D90/><U54/><E54/><V127/><F127/><W110/><G110/><T20/><REACH who="0" step="1"/><D18/><REACH who="0" ten="240,250,250,250" step="2"/><N who="1" m="10591" /><E132/><V133/><F133/><W56/><G91/><T131/><D131/><U13/><E129/><V83/><F76/><W126/><G126/><T14/><D14/><U97/><E30/><V61/><F83/><W106/><G28/><T72/><D72/><U77/><E77/><V24/><AGARI ba="0,1" hai="24,25,27,61,62,86,88,92,96,98,99" m="27671" machi="24" ten="30,7900,0" yaku="8,1,52,1,54,2" doraHai="44" who="2" fromWho="2" sc="240,-39,250,-20,250,89,250,-20" /><INIT seed="1,0,0,0,4,51" ten="201,230,339,230" oya="1" hai0="36,89,107,12,131,34,42,70,43,123,78,110,14" hai1="128,99,117,0,88,56,129,55,57,48,35,102,37" hai2="11,80,97,87,31,125,3,38,46,113,133,45,18" hai3="28,67,41,108,4,71,104,74,84,19,135,134,61"/><U120/><E117/><V121/><F121/><W62/><G108/><T9/><D70/><U52/><E120/><V15/><F3/><W6/><G74/><T23/><D34/><U21/><E35/><V40/><F125/><W118/><G104/><T76/><D107/><U16/><E37/><V25/><F133/><N who="3" m="50699" /><G118/><T58/><D123/><U44/><E0/><V22/><F113/><W127/><G127/><T73/><D73/><U20/><E88/><N who="2" m="51303" /><F38/><W93/><G28/><T26/><D36/><U79/><E79/><V29/><F97/><W111/><G111/><T122/><D110/><U8/><E8/><V33/><F33/><W53/><G41/><T68/><D68/><U130/><E55/><V75/><F75/><W91/><G19/><T114/><D114/><U30/><E30/><N who="2" m="11275" /><F40/><W5/><G5/><AGARI ba="0,0" hai="5,11,15,18,22,25,45,46" m="11275,51303" machi="5" ten="30,2000,0" yaku="8,1,54,1" doraHai="51" who="2" fromWho="3" sc="201,0,230,0,339,20,230,-20" /><INIT seed="2,0,0,4,1,61" ten="201,230,359,210" oya="2" hai0="30,127,45,1,2,110,66,21,9,37,95,65,103" hai1="27,44,12,0,34,68,120,84,124,14,8,63,118" hai2="19,41,29,17,69,56,129,59,55,20,109,105,40" hai3="100,115,108,32,3,54,10,130,35,26,76,38,25"/><V46/><F105/><W132/><G38/><T64/><D110/><U48/><E118/><V101/><F101/><W94/><G76/><T83/><D127/><U106/><E124/><V125/><F125/><W90/><G100/><T123/><D123/><U86/><E0/><V128/><F69/><W39/><G39/><T135/><D135/><U111/><E106/><V96/><F96/><W15/><G3/><T70/><D70/><U50/><E111/><V102/><F102/><W121/><G121/><T18/><D37/><U28/><E50/><N who="2" m="26951" /><F109/><W80/><G80/><T131/><D131/><N who="2" m="50250" /><F41/><W47/><G108/><T75/><D45/><U122/><E122/><V112/><F59/><W87/><G132/><T107/><D107/><U67/><E120/><V43/><F43/><W49/><G130/><T60/><D60/><U85/><REACH who="1" step="1"/><E8/><REACH who="1" ten="201,220,359,210" step="2"/><V11/><F112/><W134/><G134/><T72/><D1/><U114/><E114/><V79/><F11/><W98/><G115/><T117/><D2/><U126/><E126/><V119/><F119/><W53/><G10/><T113/><D117/><U97/><E97/><V91/><F79/><W89/><G49/><T62/><D113/><U23/><E23/><V82/><F20/><W7/><G98/><N who="0" m="59871" /><D9/><U74/><E74/><V31/><F31/><W42/><G35/><T16/><D75/><U116/><E116/><V88/><F29/><W73/><G32/><T22/><D62/><U5/><E5/><V78/><F78/><W51/><G73/><T24/><D21/><U57/><E57/><V93/><F56/><W104/><G104/><RYUUKYOKU ba="0,1" sc="201,15,220,15,359,-15,210,-15" hai0="16,18,22,24,30,64,65,66,72,83" hai1="12,14,27,28,34,44,48,63,67,68,84,85,86" /><INIT seed="3,1,1,1,3,20" ten="216,235,344,195" oya="3" hai0="77,83,129,78,103,110,59,34,10,100,13,31,121" hai1="123,28,113,92,81,117,97,93,119,71,88,94,62" hai2="58,18,17,22,133,76,68,66,9,126,89,11,115" hai3="105,134,16,21,42,29,63,6,52,36,82,48,125"/><W26/><G125/><T30/><D121/><U99/><E123/><V73/><F68/><W27/><G105/><T72/><D110/><U19/><E113/><V3/><F115/><W57/><G134/><T45/><D129/><U51/><E28/><V79/><F73/><W23/><G36/><T37/><D77/><U39/><E39/><V122/><F122/><W0/><G0/><T4/><D59/><U106/><E51/><V84/><F18/><W85/><G6/><T15/><D15/><U1/><E1/><V80/><F133/><W112/><G112/><T86/><D72/><U130/><E130/><V33/><F33/><W41/><G48/><T60/><D60/><U108/><E108/><V65/><F3/><W55/><G55/><T70/><D70/><U102/><E19/><V32/><F32/><W87/><G87/><T98/><D34/><U43/><E43/><V75/><F126/><W131/><G131/><T38/><D103/><N who="1" m="62831" /><E71/><V95/><F76/><AGARI ba="1,1" hai="16,21,23,26,27,29,41,42,52,57,63,76,82,85" machi="76" ten="30,18000,2" yaku="7,1,8,1,52,2,54,2" doraHai="20" who="3" fromWho="2" sc="216,0,235,0,344,-183,195,193" owari="216,-18.4,235,3.5,161,-33.9,388,48.8" /></mjloggm>