<mjloggm ver="2.3"><GO type="225" lobby="0"/><UN n0="%30%2E%31%32%30" n1="%E3%81%86%E3%81%A3%E3%81%97%E3%83%BC%30%30" n2="%E5%B8%86%E7%AB%8B%E5%A4%8F%E8%A1%A3" n3="%4E%6F%2E%30%30%30%31" dan="16,16,16,18" rate="2104.38,2109.62,2092.85,2220.21" sx="M,M,M,M"/><TAIKYOKU oya="0"/><INIT seed="0,0,0,1,2,120" ten="250,250,250,250" oya="0" hai0="114,94,106,16,62,121,91,67,46,50,9,43,84" hai1="20,115,42,98,76,83,57,131,134,78,27,92,77" hai2="102,116,1,135,75,44,132,73,96,34,55,11,51" hai3="123,38,0,100,122,58,126,85,74,133,56,88,37"/><T66/><D121/><N who="3" m="46089" /><G74/><T47/><D114/><U14/><E131/><V72/><F116/><W28/><G0/><T25/><D106/><U17/><E134/><V39/><F34/><W52/><G133/><N who="2" m="51273" /><F39/><W65/><G100/><T5/><D47/><U13/><E115/><V35/><F35/><W49/><G28/><T18/><D25/><U3/><E3/><V111/><F11/><W80/><G126/><T48/><D48/><U61/><E42/><V23/><F23/><W54/><G65/><T108/><D108/><U104/><E104/><N who="2" m="63559" /><F1/><W90/><G90/><T7/><D7/><U2/><E83/><V110/><AGARI ba="0,0" hai="44,51,55,72,73,75,110,111" m="63559,51273" machi="110" ten="40,5200,0" yaku="20,1,52,2" doraHai="120" who="2" fromWho="2" sc="250,-26,250,-13,250,52,250,-13" /><INIT seed="1,0,0,3,0,97" ten="224,237,302,237" oya="1" hai0="117,101,105,76,6,100,29,125,45,80,9,124,102" hai1="120,116,27,113,13,86,32,93,17,3,72,107,46" hai2="85,30,0,39,75,67,53,104,88,35,15,21,84" hai3="34,87,11,114,129,12,48,109,123,20,63,81,24"/><U10/><E107/><V5/><F75/><W92/><G114/><T60/><D117/><U74/><E113/><V65/><F39/><W128/><G123/><T121/><D121/><U119/><E120/><V103/><F35/><W112/><G112/><T134/><D134/><U33/><E74/><V130/><F130/><W55/><G34/><T106/><D60/><U50/><E72/><V66/><F0/><W108/><G63/><T49/><D29/><U126/><E126/><N who="0" m="48745" /><D80/><U14/><E14/><V42/><F42/><W62/><G62/><T38/><D76/><U26/><E3/><V54/><F30/><W8/><G128/><T58/><D58/><U91/><E33/><V78/><F78/><W110/><G129/><T52/><D38/><U135/><E135/><V79/><F79/><W59/><G81/><T111/><D111/><U37/><E37/><V77/><F77/><W31/><G12/><AGARI ba="0,0" hai="6,9,12,45,49,52,100,101,102,105,106" m="48745" machi="12" ten="30,8000,1" yaku="18,1,52,3,54,1" doraHai="97" who="0" fromWho="3" sc="224,80,237,0,302,0,237,-80" /><INIT seed="2,0,0,0,1,89" ten="304,237,302,157" oya="2" hai0="81,13,52,62,38,15,4,32,41,37,21,58,126" hai1="16,121,82,35,84,67,110,129,99,102,5,36,68" hai2="77,78,24,55,85,45,111,54,8,117,1,74,39" hai3="57,29,26,28,123,33,80,114,43,106,132,2,98"/><V19/><F117/><W103/><G123/><T6/><D32/><U53/><E5/><V30/><F74/><W27/><G132/><T104/><D104/><U12/><E36/><V130/><F130/><W72/><G114/><T112/><D112/><U122/><E35/><V134/><F134/><W60/><G2/><T64/><D37/><U105/><E110/><V46/><F111/><W71/><G43/><T93/><D126/><U34/><E34/><V40/><F45/><W87/><G72/><T88/><D38/><U22/><E129/><V120/><F1/><W10/><G10/><T128/><D41/><U124/><E124/><V47/><F120/><W48/><G48/><T23/><D81/><U18/><E53/><V11/><F78/><W63/><G57/><N who="0" m="36943" /><D15/><U50/><E50/><V101/><F54/><W113/><G113/><T133/><D133/><U96/><E67/><V20/><F55/><W76/><REACH who="3" step="1"/><G71/><REACH who="3" ten="304,237,302,147" step="2"/><T31/><D128/><U49/><E68/><V100/><F39/><W90/><G90/><T17/><D6/><U97/><E49/><V65/><F40/><W56/><G56/><T79/><D4/><U51/><E51/><V107/><F46/><W14/><G14/><T25/><D79/><N who="1" m="46175" /><E121/><V70/><F47/><W83/><G83/><T75/><D75/><U7/><E7/><V42/><F42/><W127/><G127/><T94/><D88/><U0/><E0/><V3/><F3/><W66/><G66/><T118/><D118/><U116/><E116/><V131/><F70/><W115/><G115/><T73/><D73/><U108/><E122/><RYUUKYOKU ba="0,1" sc="304,15,237,-15,302,-15,147,15" hai0="13,17,21,23,25,31,52,58,93,94" hai3="26,27,28,29,33,60,63,76,80,87,98,103,106" /><INIT seed="3,1,1,5,0,99" ten="319,222,287,162" oya="3" hai0="86,33,21,16,8,120,95,96,48,20,23,25,133" hai1="121,19,52,107,15,81,22,135,29,42,32,41,28" hai2="97,76,30,94,36,114,104,117,130,125,26,37,66" hai3="1,106,84,105,116,115,46,11,53,39,12,54,71"/><W123/><G115/><T5/><D120/><U7/><E121/><V127/><F114/><W122/><G116/><T92/><D33/><U87/><E107/><V77/><F117/><W101/><G1/><T109/><D109/><U45/><E135/><V80/><F66/><W72/><G72/><T128/><D128/><U119/><E119/><V34/><F130/><W10/><G71/><T35/><D35/><U68/><E68/><V79/><F80/><W65/><G65/><T31/><D133/><U103/><E103/><N who="2" m="60855" /><F104/><W50/><G39/><T75/><D75/><U6/><E32/><V129/><F129/><W113/><G113/><T27/><D21/><U0/><E0/><V98/><F98/><W43/><G105/><T89/><D48/><N who="1" m="28687" /><E42/><V131/><F131/><W85/><G106/><T108/><D108/><U67/><E41/><V100/><F100/><W110/><G110/><T82/><D96/><U13/><E13/><AGARI ba="1,1" hai="5,8,13,16,20,23,25,27,31,82,86,89,92,95" machi="13" ten="30,3900,0" yaku="7,1,8,1,54,1" doraHai="99" who="0" fromWho="1" sc="319,52,222,-42,287,0,162,0" owari="371,47.1,180,-22.0,287,8.7,162,-33.8" /></mjloggm>