<mjloggm ver="2.3"><GO type="225" lobby="0"/><UN n0="%E3%83%A9%E3%83%BC%E3%83%A1%E3%83%B3%E4%BA%94%E9%83%8E" n1="%E6%B0%B7%E5%B7%9D%E9%87%8C%E5%A5%88" n2="%E3%83%AB%E3%83%9B%E3%83%B3%E3%83%87%E3%82%A3%E3%82%A8" n3="%E2%98%86%E5%AD%AB%E7%87%95%E5%A7%BF%E2%98%86" dan="16,16,17,16" rate="2091.45,2067.91,2197.61,2183.24" sx="M,F,M,M"/><TAIKYOKU oya="0"/><INIT seed="0,0,0,2,1,42" ten="250,250,250,250" oya="0" hai0="101,120,105,94,37,13,48,20,40,129,50,100,82" hai1="36,54,32,10,74,135,38,24,63,27,93,80,64" hai2="33,57,28,107,118,45,35,106,46,71,103,98,87" hai3="19,3,66,4,72,2,97,67,124,31,65,51,22"/><T30/><D120/><U92/><E135/><V104/><F118/><W1/><G72/><T89/><D105/><U76/><E54/><V59/><F71/><W78/><G78/><T61/><D129/><U115/><E115/><V70/><F70/><W110/><G110/><T86/><D37/><U6/><E93/><V109/><F109/><W114/><G114/><T96/><D101/><U130/><E92/><V53/><F59/><W88/><G124/><T122/><D122/><U43/><E130/><V23/><F87/><W126/><G126/><T9/><D61/><U47/><E38/><V60/><F23/><W12/><G31/><T69/><D69/><N who="1" m="42143" /><E32/><V29/><F29/><W111/><G111/><T128/><D128/><U14/><E14/><V95/><REACH who="2" step="1"/><F35/><REACH who="2" ten="250,250,240,250" step="2"/><W44/><G97/><T113/><D113/><U99/><E99/><V125/><F125/><W90/><REACH who="3" step="1"/><G4/><REACH who="3" ten="250,250,240,240" step="2"/><N who="0" m="3239" /><D40/><AGARI ba="0,2" hai="1,2,3,12,19,22,40,44,51,65,66,67,88,90" machi="40" ten="50,6400,0" yaku="1,1,52,1,54,1,53,0" doraHai="42" doraHaiUra="56" who="3" fromWho="0" sc="250,-64,250,0,240,0,240,84" /><INIT seed="1,0,0,1,0,23" ten="186,250,240,324" oya="1" hai0="134,86,130,41,27,0,51,91,133,36,67,121,108" hai1="73,8,78,54,18,49,102,74,50,10,21,93,55" hai2="106,88,120,62,71,114,47,99,61,89,83,107,17" hai3="44,81,119,79,135,6,29,22,63,75,19,110,64"/><U53/><E78/><V113/><F120/><W123/><G123/><T104/><D121/><U68/><E68/><V98/><F47/><W4/><G110/><T69/><D0/><U124/><E124/><V65/><F17/><W3/><G135/><N who="0" m="51723" /><D36/><U2/><E2/><V56/><F83/><W20/><G119/><T48/><D104/><U35/><E35/><V45/><F45/><W131/><G131/><T26/><D108/><U101/><E93/><V76/><F76/><W129/><G129/><T60/><D130/><U132/><E132/><V31/><F31/><W42/><G29/><T9/><D9/><N who="1" m="3691" /><E74/><V95/><F89/><W40/><G22/><T14/><D14/><N who="1" m="9431" /><E73/><V59/><F71/><W43/><G3/><T39/><D39/><U122/><E122/><V125/><F125/><W90/><G90/><T58/><D41/><U25/><E25/><N who="0" m="9225" /><D69/><U112/><E112/><N who="2" m="43115" /><F99/><W111/><G111/><T70/><D70/><U115/><E115/><V96/><F96/><W94/><G42/><T118/><D118/><U34/><E34/><V37/><F37/><W33/><G43/><T80/><AGARI ba="0,0" hai="48,51,58,60,67,80,86,91" m="9225,51723" machi="80" ten="30,7900,0" yaku="20,1,52,3" doraHai="23" who="0" fromWho="0" sc="186,79,250,-39,240,-20,324,-20" /><INIT seed="2,0,0,2,4,135" ten="265,211,220,304" oya="2" hai0="86,63,34,85,49,88,78,119,122,57,32,53,52" hai1="62,0,99,98,69,12,72,118,87,25,125,126,24" hai2="114,134,22,8,26,91,79,9,28,123,29,11,4" hai3="67,129,70,54,21,73,14,48,100,42,19,46,16"/><V90/><F114/><W45/><G73/><T65/><D122/><U116/><E72/><V112/><F112/><W133/><G133/><T76/><D119/><N who="1" m="45611" /><E0/><V39/><F39/><W31/><G129/><T111/><D111/><U60/><E12/><V47/><F123/><W89/><G70/><T20/><D53/><U50/><E87/><V110/><F134/><W120/><G120/><T128/><D128/><U13/><E13/><V56/><F110/><W95/><G67/><T132/><D132/><U15/><E15/><V113/><F113/><W66/><G66/><T84/><D20/><U40/><E40/><V121/><F121/><W55/><G100/><T124/><D88/><N who="2" m="33834" /><F79/><W131/><G131/><T104/><D104/><U81/><E50/><V64/><F47/><W105/><G105/><T75/><D75/><U68/><E81/><V33/><F33/><W1/><G1/><T74/><D74/><U18/><E18/><N who="3" m="6698" /><G14/><T109/><D109/><U71/><E99/><V117/><F117/><W51/><G42/><T80/><D80/><U103/><E98/><V92/><F92/><W106/><G106/><T3/><D3/><U35/><E103/><V30/><F4/><W2/><G2/><T77/><D32/><U127/><E35/><V23/><F26/><AGARI ba="0,0" hai="24,25,26,60,62,68,69,71,125,126,127" m="45611" machi="26" ten="50,12000,2" yaku="28,2,18,1,52,3" doraHai="135" who="1" fromWho="2" sc="265,0,211,120,220,-120,304,0" /><INIT seed="3,0,0,4,4,52" ten="265,331,100,304" oya="3" hai0="56,92,35,112,30,103,5,78,60,96,66,47,19" hai1="88,68,12,74,18,16,32,24,13,104,3,130,84" hai2="128,63,89,40,73,115,116,8,85,126,118,26,45" hai3="127,105,106,33,81,100,111,27,98,99,51,120,57"/><W62/><G120/><T2/><D112/><U38/><E3/><V134/><F73/><W113/><G113/><T122/><D122/><U95/><E68/><V31/><F115/><W36/><G36/><T37/><D78/><U11/><E38/><V21/><F126/><W77/><G127/><T39/><D19/><U110/><E104/><V69/><F128/><W71/><G111/><T64/><D64/><U59/><E74/><V20/><F134/><W93/><G51/><T124/><D124/><U58/><E130/><V10/><F118/><W83/><G71/><T101/><D101/><U121/><E121/><V70/><F116/><W25/><G33/><T53/><D2/><U109/><E24/><V86/><F70/><W49/><G49/><T15/><D5/><U43/><E43/><V29/><F69/><W76/><G106/><T108/><D108/><N who="1" m="41579" /><E32/><V132/><F132/><W67/><G99/><T7/><D7/><U72/><E72/><V28/><F45/><W123/><G105/><T55/><D15/><U41/><E41/><V107/><F40/><W4/><G4/><T65/><D65/><U44/><E44/><V135/><F135/><W129/><G129/><T114/><D114/><U82/><E95/><V91/><F107/><W102/><G102/><T119/><D119/><U42/><E42/><V1/><F1/><W94/><G94/><T79/><D79/><N who="3" m="30281" /><G123/><T17/><D37/><U22/><AGARI ba="0,0" hai="11,12,13,16,18,22,58,59,82,84,88" m="41579" machi="22" ten="30,8000,1" yaku="14,1,52,2,54,2" doraHai="52" who="1" fromWho="1" sc="265,-20,331,80,100,-20,304,-40" owari="245,-15.5,411,51.1,80,-42.0,264,6.4" /></mjloggm>