<mjloggm ver="2.3"><GO type="225" lobby="0"/><UN n0="%E3%82%B2%E3%82%B9%E8%8C%82%E5%8B%9D" n1="%E5%B0%8F%E9%B3%A5%E9%81%8A%E7%B7%B4%E7%84%A1%32%31%E6%AD%B3" n2="%72%61%6B%33" n3="%6D%75%75%6D%75%72%61" dan="16,16,16,16" rate="2042.40,2197.29,2139.52,2121.17" sx="F,F,M,F"/><TAIKYOKU oya="0"/><INIT seed="0,0,0,5,4,118" ten="250,250,250,250" oya="0" hai0="121,96,4,126,46,53,98,73,88,27,85,103,30" hai1="59,7,6,72,75,113,133,16,32,33,68,50,49" hai2="109,12,89,15,0,124,45,47,62,43,9,91,36" hai3="40,11,67,106,131,71,78,17,24,123,51,81,93"/><T70/><D126/><U63/><E68/><V87/><F124/><W64/><G106/><T55/><D73/><U60/><E59/><V3/><F109/><W127/><G127/><T79/><D70/><U2/><E2/><V26/><F26/><W128/><G93/><T119/><D119/><U102/><E102/><V129/><F129/><N who="3" m="49739" /><G71/><T48/><D79/><U5/><E16/><V92/><F12/><N who="3" m="7327" /><G24/><T66/><D66/><U13/><E13/><V14/><F15/><W23/><G23/><T110/><D110/><U74/><E133/><V52/><F89/><W57/><G123/><T100/><D121/><U69/><E113/><V10/><F10/><W41/><G57/><T21/><D4/><U108/><E69/><V107/><F107/><W122/><G122/><T82/><REACH who="0" step="1"/><D55/><REACH who="0" ten="240,250,250,250" step="2"/><U116/><E108/><V132/><F132/><W112/><G112/><T111/><D111/><U25/><E116/><V117/><F117/><W97/><G64/><T95/><D95/><U134/><E134/><V80/><F92/><W130/><G67/><T8/><D8/><U99/><E74/><V115/><F115/><W101/><G130/><T90/><D90/><U20/><E5/><V38/><F9/><W34/><G78/><T28/><D28/><U65/><E65/><V105/><F105/><W77/><G77/><T54/><D54/><U120/><E120/><V114/><F114/><W56/><G101/><AGARI ba="0,1" hai="21,27,30,46,48,53,82,85,88,96,98,100,101,103" machi="101" ten="40,12000,1" yaku="1,1,8,1,54,1,53,1" doraHai="118" doraHaiUra="76" who="0" fromWho="3" sc="240,130,250,0,250,0,250,-120" /><INIT seed="0,1,0,4,1,75" ten="370,250,250,130" oya="0" hai0="102,96,65,23,43,133,119,97,31,89,10,63,17" hai1="30,24,57,0,99,49,18,35,124,21,67,16,128" hai2="62,11,100,83,47,94,39,93,105,71,129,4,120" hai3="69,58,64,114,70,74,42,87,130,107,6,91,106"/><T13/><D133/><U117/><E117/><V36/><F120/><W60/><G114/><T111/><D119/><U54/><E0/><V98/><F129/><W7/><G130/><T53/><D111/><U66/><E124/><V95/><F47/><W9/><G74/><T33/><D33/><U103/><E128/><V118/><F118/><W73/><G73/><T132/><D132/><U45/><E45/><V52/><F83/><W37/><G42/><T29/><D43/><U122/><E122/><V135/><F135/><W80/><G37/><T41/><D41/><U127/><E127/><V110/><F110/><W12/><REACH who="3" step="1"/><G7/><REACH who="3" ten="370,250,250,120" step="2"/><T51/><D31/><U104/><REACH who="1" step="1"/><E18/><REACH who="1" ten="370,240,250,120" step="2"/><V15/><F36/><W20/><G20/><T22/><D23/><U68/><E68/><AGARI ba="1,2" hai="6,9,12,58,60,64,68,69,70,80,87,91,106,107" machi="68" ten="40,1300,0" yaku="1,1,53,0" doraHai="75" doraHaiUra="90" who="3" fromWho="1" sc="370,0,240,-16,250,0,120,36" /><INIT seed="1,0,0,1,2,134" ten="370,224,250,156" oya="1" hai0="116,91,21,6,17,120,81,77,95,96,85,33,7" hai1="72,124,74,69,126,115,101,2,11,75,30,0,14" hai2="70,73,111,45,100,67,118,53,19,29,46,92,63" hai3="39,43,114,89,36,82,133,123,128,94,102,41,121"/><U13/><E115/><V31/><F118/><W22/><G114/><T107/><D116/><U38/><E69/><V52/><F73/><W23/><G133/><T54/><D120/><U40/><E101/><V26/><F111/><W25/><G102/><T3/><D33/><U47/><E30/><V8/><F29/><W9/><G128/><T109/><D109/><U80/><E80/><V15/><F45/><W48/><G82/><T98/><D3/><U60/><E60/><V84/><F46/><W78/><G78/><T35/><D35/><U66/><E66/><V58/><F70/><W122/><G9/><T56/><D107/><U49/><E38/><V16/><F19/><W99/><G48/><N who="0" m="30791" /><D98/><U1/><REACH who="1" step="1"/><E14/><AGARI ba="0,0" hai="6,7,14,17,21,77,81,85,91,95,96" m="30791" machi="14" ten="30,1000,0" yaku="8,1" doraHai="134" who="0" fromWho="1" sc="370,10,224,-10,250,0,156,0" /><INIT seed="2,0,0,3,5,15" ten="380,214,250,156" oya="2" hai0="86,96,58,97,94,109,85,78,76,19,124,75,118" hai1="69,89,12,128,2,115,83,28,68,52,46,104,73" hai2="1,31,127,55,32,37,27,30,10,122,45,21,44" hai3="92,26,113,56,119,80,77,54,4,110,17,34,38"/><V14/><F122/><W24/><G119/><T41/><D109/><U16/><E2/><V0/><F127/><W49/><G110/><T88/><D124/><U3/><E3/><N who="2" m="1099" /><F55/><W132/><G132/><T22/><D118/><U29/><E104/><V116/><F45/><W98/><G113/><T100/><D41/><U23/><E128/><V50/><F50/><W114/><G114/><T120/><D120/><U129/><E129/><V65/><F65/><W95/><G38/><T51/><D75/><U108/><E115/><V101/><F44/><W61/><G4/><T13/><D76/><U62/><E73/><V9/><F101/><W134/><G134/><T84/><D78/><U99/><E108/><V11/><F37/><W126/><G126/><T111/><D111/><U43/><E43/><V107/><F107/><W79/><G34/><T20/><D20/><U135/><E135/><V90/><F90/><W130/><G130/><T112/><D112/><U18/><E69/><V117/><F31/><W93/><G98/><N who="0" m="37995" /><D100/><U25/><E68/><V66/><F66/><W121/><G121/><T53/><AGARI ba="0,0" hai="13,19,22,51,53,58,84,85,86,88,94" m="37995" machi="53" ten="30,7900,0" yaku="25,1,8,1,52,1,54,1" doraHai="15" who="0" fromWho="0" sc="380,79,214,-20,250,-39,156,-20" /><INIT seed="3,0,0,4,3,121" ten="459,194,211,136" oya="3" hai0="68,14,37,95,5,132,26,115,86,74,124,114,20" hai1="88,8,96,1,24,39,98,23,62,36,76,134,17" hai2="6,101,45,67,107,54,0,75,43,9,93,92,35" hai3="28,128,130,77,13,116,18,85,133,33,11,108,15"/><W34/><G77/><T10/><D124/><U113/><E113/><N who="0" m="43017" /><D132/><U110/><E110/><V102/><F35/><W112/><G85/><T55/><D74/><U90/><E76/><V2/><F2/><W3/><G112/><T12/><D68/><U27/><E134/><V32/><F32/><W89/><G133/><T49/><D37/><U81/><E62/><V70/><F54/><W4/><G89/><N who="0" m="53687" /><D10/><U135/><E27/><V78/><F67/><W58/><G116/><T31/><D5/><U38/><E135/><V119/><F70/><W72/><G72/><T21/><D20/><U61/><E61/><V123/><F119/><W83/><G83/><T104/><D104/><U22/><E22/><V111/><F107/><W129/><G58/><AGARI ba="0,0" hai="12,14,21,26,31,49,55,58" m="53687,43017" machi="58" ten="30,1000,0" yaku="11,1" doraHai="121" who="0" fromWho="3" sc="459,10,194,0,211,0,136,-10" owari="469,56.9,194,-20.6,211,1.1,126,-37.4" /></mjloggm>