<mjloggm ver="2.3"><GO type="225" lobby="0"/><UN n0="%E5%84%AA%40%41%42%43" n1="%45%6C%79%73%69%75%6D" n2="%6D%75%75%6D%75%72%61" n3="%72%61%6B%33" dan="17,17,16,17" rate="2266.47,2098.20,2163.43,2281.66" sx="M,F,F,M"/><TAIKYOKU oya="0"/><INIT seed="0,0,0,2,5,118" ten="250,250,250,250" oya="0" hai0="88,94,30,52,135,96,81,86,67,105,40,122,119" hai1="36,65,126,58,84,107,35,80,29,33,18,75,8" hai2="10,115,7,92,103,120,56,12,114,22,113,28,131" hai3="4,19,39,1,70,76,91,61,54,45,83,97,104"/><T132/><D119/><U133/><E107/><V14/><F131/><W51/><G19/><T3/><D3/><U87/><E36/><V106/><F106/><W116/><G116/><T110/><D40/><U13/><E133/><N who="0" m="51273" /><D67/><U112/><E126/><V63/><F120/><W53/><G70/><T72/><D30/><U60/><E112/><V85/><F85/><W130/><G130/><T121/><D110/><U89/><E75/><V15/><F92/><W43/><G61/><T48/><D72/><U42/><E42/><V73/><F103/><W69/><G69/><T98/><D105/><U71/><E29/><V77/><F77/><W24/><G24/><T37/><D37/><U90/><REACH who="1" step="1"/><E71/><REACH who="1" ten="250,240,250,250" step="2"/><V20/><F73/><W27/><G43/><T2/><D2/><U129/><E129/><V23/><REACH who="2" step="1"/><F28/><REACH who="2" ten="250,240,240,250" step="2"/><W17/><G104/><T9/><D98/><U62/><E62/><V47/><F47/><W57/><G45/><N who="0" m="27663" /><D9/><U66/><E66/><AGARI ba="0,2" hai="7,10,12,14,15,20,22,23,56,63,66,113,114,115" machi="66" ten="50,1600,0" yaku="1,1,53,0" doraHai="118" doraHaiUra="26" who="2" fromWho="1" sc="250,0,240,-16,240,36,250,0" /><INIT seed="1,0,0,4,1,99" ten="250,224,276,250" oya="1" hai0="29,117,15,48,73,120,101,107,38,115,54,108,36" hai1="22,122,65,67,16,51,19,78,14,79,135,25,68" hai2="82,94,6,110,114,123,90,106,17,84,1,39,64" hai3="109,53,44,105,104,75,33,23,71,41,69,93,128"/><U118/><E122/><V95/><F123/><W47/><G33/><T2/><D29/><U57/><E118/><V134/><F110/><W3/><G3/><T30/><D15/><U89/><E135/><V91/><F134/><W40/><G93/><T7/><D30/><U87/><E68/><V130/><F106/><W80/><G80/><T34/><D48/><U49/><E79/><V28/><F39/><W66/><G75/><T27/><D54/><N who="1" m="31951" /><E78/><V119/><F119/><W56/><G69/><T76/><D27/><U59/><E59/><V86/><F130/><W132/><G56/><T131/><D101/><U5/><E5/><V83/><F114/><W81/><G53/><T116/><D7/><U9/><E51/><V74/><F74/><W10/><G66/><T62/><D62/><U92/><AGARI ba="0,0" hai="9,14,16,19,22,25,65,67,87,89,92" m="31951" machi="92" ten="30,3000,0" yaku="8,1,54,1" doraHai="99" who="1" fromWho="1" sc="250,-10,224,30,276,-10,250,-10" /><INIT seed="1,1,0,5,2,104" ten="240,254,266,240" oya="1" hai0="94,67,15,71,103,21,45,85,133,72,1,78,23" hai1="69,40,79,63,128,29,101,11,76,129,12,125,116" hai2="70,115,119,65,9,132,27,110,93,17,135,108,118" hai3="117,24,19,120,38,30,3,126,109,86,60,58,83"/><U8/><E116/><N who="2" m="44587" /><F65/><W41/><G109/><N who="2" m="42089" /><F70/><W99/><G126/><T95/><D1/><U121/><E125/><V96/><F96/><W53/><G120/><T42/><D72/><U7/><E63/><V89/><F89/><W54/><G3/><T59/><D71/><U6/><E69/><V62/><F93/><W106/><G19/><N who="0" m="10495" /><D133/><N who="2" m="51274" /><F62/><W39/><G99/><T2/><D2/><U49/><E101/><V18/><F115/><W123/><G106/><T130/><D130/><U33/><E128/><V46/><F46/><W77/><G117/><T36/><D36/><U107/><E129/><V16/><F27/><W97/><G97/><T44/><D103/><U25/><E107/><V73/><F73/><W66/><G39/><T51/><D45/><U74/><E74/><V48/><F48/><W90/><G38/><T50/><D67/><U112/><E112/><V5/><F5/><W14/><G66/><T56/><D78/><U0/><E121/><V88/><F88/><W57/><G90/><N who="0" m="53583" /><D95/><U84/><E84/><V124/><F124/><W92/><G92/><T26/><D51/><U20/><E49/><V75/><F75/><W55/><G60/><T91/><D91/><U13/><E40/><V98/><F98/><W134/><G134/><T87/><D87/><U68/><E68/><V113/><F113/><W122/><G41/><T80/><D80/><U61/><E61/><V4/><F4/><W32/><G123/><T28/><AGARI ba="1,0" hai="23,26,28,42,44,50,56,59" m="53583,10495" machi="28" ten="30,1100,0" yaku="8,1" doraHai="104" who="0" fromWho="0" sc="240,14,254,-6,266,-4,240,-4" /><INIT seed="2,0,0,1,0,135" ten="254,248,262,236" oya="2" hai0="31,7,53,112,13,113,120,106,4,96,87,110,41" hai1="36,85,122,22,48,116,93,3,42,34,59,100,57" hai2="97,1,35,47,9,51,65,89,68,60,92,82,133" hai3="125,105,73,67,25,84,128,99,77,10,16,119,20"/><V2/><F133/><W118/><G125/><T108/><D41/><U24/><E116/><V46/><F35/><W26/><G128/><T18/><D87/><U37/><E34/><V131/><F131/><W28/><G73/><T29/><D53/><U95/><E3/><V17/><F82/><W52/><G67/><T11/><D96/><U5/><E5/><N who="0" m="2121" /><D106/><U6/><E6/><V54/><REACH who="2" step="1"/><F46/><REACH who="2" ten="254,248,252,236" step="2"/><W44/><G44/><T30/><D120/><U43/><E122/><V117/><F117/><W56/><G119/><T58/><D58/><U124/><E59/><V123/><F123/><W72/><G118/><T78/><D78/><U38/><E57/><V0/><F0/><W19/><G77/><T130/><D130/><U75/><E75/><V69/><F69/><W27/><G72/><T134/><D134/><U40/><E38/><V98/><F98/><W86/><G99/><T83/><D83/><U39/><E39/><V114/><F114/><AGARI ba="0,1" hai="11,13,18,29,30,31,108,110,112,113,114" m="2121" machi="114" ten="40,2600,0" yaku="34,2" doraHai="135" who="0" fromWho="2" sc="254,36,248,0,252,-26,236,0" /><INIT seed="3,0,0,4,4,118" ten="290,248,226,236" oya="3" hai0="69,45,57,133,84,8,67,110,79,88,90,5,89" hai1="0,71,91,19,128,103,115,127,50,44,34,107,30" hai2="43,51,48,117,72,73,116,35,83,64,97,42,65" hai3="31,1,60,54,7,12,135,59,15,39,10,93,20"/><W109/><G135/><T129/><D69/><U86/><E115/><V18/><F83/><W95/><G39/><T87/><D133/><U119/><E71/><V21/><F97/><W62/><G109/><T36/><D110/><U85/><E0/><V121/><F21/><W37/><G37/><T2/><D129/><U101/><E119/><V74/><F74/><W130/><G130/><T53/><D79/><U58/><E58/><V112/><F18/><W26/><G60/><T61/><REACH who="0" step="1"/><D53/><REACH who="0" ten="280,248,226,236" step="2"/><U94/><E128/><V32/><F112/><W17/><REACH who="3" step="1"/><G1/><REACH who="3" ten="280,248,226,226" step="2"/><T22/><D22/><AGARI ba="0,2" hai="7,10,12,15,17,20,22,26,31,54,59,62,93,95" machi="22" ten="30,11600,0" yaku="1,1,2,1,7,1,8,1,53,0" doraHai="118" doraHaiUra="82" who="3" fromWho="0" sc="280,-116,248,0,226,0,226,136" owari="164,-33.6,248,4.8,226,-17.4,362,46.2" /></mjloggm>