<mjloggm ver="2.3"><GO type="225" lobby="0"/><UN n0="%4C%4F%4C%49%54%41" n1="%E6%9D%B1%E9%A2%A8%E3%81%AE%E3%81%8D%E3%82%83%E3%81%B7%E3%81%95%E3%82%93" n2="%E3%82%BC%E3%83%AB%E3%83%80%E3%81%AE%E4%BC%9D%E8%AA%AC" n3="%E3%81%BF%E3%81%BF%E3%81%9A" dan="16,17,18,18" rate="2188.38,2161.30,2232.55,2246.59" sx="F,M,M,M"/><TAIKYOKU oya="0"/><INIT seed="0,0,0,5,1,100" ten="250,250,250,250" oya="0" hai0="92,15,57,35,90,126,132,72,14,38,17,113,80" hai1="124,71,83,2,63,69,73,21,6,114,34,106,76" hai2="78,81,18,41,48,125,45,27,33,121,31,77,68" hai3="103,44,64,46,58,111,79,94,74,134,85,40,42"/><T32/><D113/><U115/><E21/><V51/><F121/><W127/><G111/><T102/><D38/><U54/><E54/><V116/><F68/><N who="1" m="26185" /><E63/><V123/><F123/><W87/><G74/><T59/><D102/><U12/><E12/><V104/><F125/><W4/><G127/><T47/><D47/><N who="3" m="17961" /><G134/><T66/><D126/><U67/><E67/><V61/><F116/><W50/><G4/><T36/><D36/><U25/><E124/><V3/><F3/><W89/><G103/><T39/><D39/><U37/><E37/><V110/><F110/><W88/><G79/><T55/><D55/><U1/><E106/><V16/><F104/><W86/><G50/><T0/><D66/><U9/><E1/><V10/><F51/><W129/><G129/><T19/><D0/><U11/><E11/><V60/><F78/><W56/><G64/><T133/><D72/><U24/><E24/><V29/><F29/><AGARI ba="0,0" hai="2,6,9,25,29,34,73,76,83,114,115" m="26185" machi="29" ten="30,1000,0" yaku="23,1" doraHai="100" who="1" fromWho="2" sc="250,0,250,10,250,-10,250,0" /><INIT seed="1,0,0,5,2,43" ten="250,260,240,250" oya="1" hai0="130,9,107,57,77,23,119,63,86,19,128,22,32" hai1="91,24,73,123,132,114,10,36,4,29,129,51,66" hai2="124,110,108,47,127,112,49,60,92,117,6,79,83" hai3="20,102,53,37,0,59,55,81,18,118,67,135,71"/><U69/><E73/><V70/><F6/><W89/><G0/><T109/><D119/><U2/><E36/><V122/><F92/><W95/><G118/><T65/><D32/><U39/><E39/><V25/><F25/><W98/><G37/><T28/><D107/><U64/><E123/><V61/><F117/><W8/><G135/><T3/><D109/><N who="2" m="42090" /><F122/><W46/><G71/><T84/><D28/><U7/><E114/><V40/><F112/><W5/><G5/><N who="0" m="1215" /><D77/><U76/><E7/><V1/><F1/><W21/><G8/><T103/><D103/><U120/><E76/><V13/><F13/><W99/><G21/><N who="0" m="7691" /><D19/><U14/><E120/><V52/><F70/><W68/><G68/><T82/><D82/><U100/><E69/><V126/><F40/><W75/><G75/><AGARI ba="0,0" hai="47,49,52,60,61,75,79,83,124,126,127" m="42090" machi="75" ten="40,8000,1" yaku="18,1,14,1,52,1,54,1" doraHai="43" who="2" fromWho="3" sc="250,0,260,0,240,80,250,-80" /><INIT seed="2,0,0,4,0,53" ten="250,260,320,170" oya="2" hai0="117,59,47,49,87,83,82,63,106,0,85,126,62" hai1="77,20,121,56,92,127,100,72,55,88,50,67,5" hai2="39,119,132,110,3,91,103,93,68,94,23,66,41" hai3="118,73,37,79,52,128,43,115,120,4,2,76,65"/><V57/><F119/><W96/><G118/><T70/><D0/><U89/><E127/><V45/><F3/><W16/><G120/><T29/><D106/><U135/><E121/><V105/><F132/><W44/><G128/><T6/><D6/><U36/><E36/><V98/><F110/><W108/><G108/><T42/><D126/><U122/><E122/><V61/><F23/><W86/><G65/><T14/><D14/><U17/><E135/><V28/><F28/><W95/><G115/><T38/><D29/><U24/><E5/><V109/><F109/><W27/><G73/><T99/><D99/><N who="1" m="59495" /><E77/><V125/><F125/><W9/><G86/><T69/><D117/><U13/><E72/><V107/><REACH who="2" step="1"/><F68/><REACH who="2" ten="250,260,310,170" step="2"/><W74/><G74/><T81/><D69/><U33/><E33/><V58/><F58/><W8/><G52/><T64/><D70/><U40/><E67/><V80/><F80/><W35/><G35/><T46/><D64/><U114/><E114/><V11/><F11/><W123/><G123/><T31/><D59/><U32/><E32/><V104/><F104/><W25/><G25/><T1/><D1/><U22/><E40/><V113/><F113/><W54/><G54/><T12/><D42/><U75/><E75/><V112/><F112/><W90/><REACH who="3" step="1"/><G9/><REACH who="3" ten="250,260,310,160" step="2"/><T10/><D10/><U48/><E24/><V111/><F111/><W101/><G101/><T21/><D46/><U78/><E55/><V124/><F124/><W116/><G116/><T7/><D47/><U26/><E26/><V129/><F129/><W131/><G131/><T30/><D87/><AGARI ba="0,2" hai="39,41,45,57,61,66,87,91,93,94,98,103,105,107" machi="87" ten="30,11600,0" yaku="1,1,6,1,7,1,52,1,53,0" doraHai="53" doraHaiUra="133" who="2" fromWho="0" sc="250,-116,260,0,310,136,160,0" /><INIT seed="2,1,0,0,5,130" ten="134,260,446,160" oya="2" hai0="111,72,38,52,106,40,0,49,112,56,124,57,24" hai1="131,113,63,31,21,94,6,116,17,61,76,15,92" hai2="101,90,81,53,132,119,10,85,115,62,133,18,135" hai3="27,127,65,1,80,32,22,71,9,83,60,12,96"/><V78/><F115/><W100/><G127/><T70/><D112/><U79/><E131/><V16/><F119/><W66/><G66/><T23/><D72/><U105/><E105/><V103/><F78/><N who="1" m="29737" /><E116/><V82/><F82/><W39/><G39/><T69/><D0/><U43/><E43/><V110/><F110/><W86/><G1/><T3/><D3/><U55/><E113/><V87/><F87/><W97/><G32/><T25/><D106/><U7/><E31/><V19/><F10/><W37/><G37/><T48/><D111/><U59/><E61/><V14/><F14/><W74/><G74/><T88/><D124/><U44/><E44/><V122/><F122/><W42/><G42/><T33/><D33/><U45/><E45/><V13/><F13/><W47/><G47/><T102/><D102/><U51/><E63/><V89/><F89/><W121/><G121/><T109/><D109/><U68/><E68/><V99/><F99/><W67/><G67/><T5/><D5/><AGARI ba="1,0" hai="5,6,7,15,17,21,51,55,59,92,94" m="29737" machi="5" ten="30,1000,0" yaku="8,1" doraHai="130" who="1" fromWho="0" sc="134,-13,260,13,446,0,160,0" /><INIT seed="3,0,0,2,3,124" ten="121,273,446,160" oya="3" hai0="31,111,103,40,5,44,59,32,9,50,28,108,99" hai1="7,56,112,105,125,65,89,100,79,54,24,132,6" hai2="21,62,121,116,83,113,87,19,58,95,91,102,110" hai3="104,92,20,0,119,13,94,8,134,93,22,52,60"/><W74/><G119/><T135/><D135/><U120/><E79/><V82/><F116/><W71/><G104/><T25/><D31/><U106/><E89/><V130/><F113/><W55/><G74/><T38/><D50/><U117/><E65/><V39/><F39/><W3/><G134/><T64/><D64/><U96/><E132/><V123/><F130/><W98/><G98/><T42/><D59/><U26/><E117/><V88/><F110/><W75/><G75/><T47/><D47/><U53/><E112/><V115/><F102/><W15/><G60/><T77/><D42/><U48/><E125/><V67/><F115/><W41/><G8/><T81/><D81/><U11/><E120/><N who="2" m="46155" /><F91/><W101/><G93/><T70/><D70/><U18/><E6/><V90/><F90/><W35/><G101/><T46/><D46/><U85/><E85/><V30/><F30/><W23/><G23/><T78/><D77/><U45/><E106/><V73/><F73/><W127/><G127/><T122/><D78/><U33/><E18/><V133/><F133/><W68/><G35/><T76/><D76/><U57/><E57/><V29/><F29/><W126/><G126/><T69/><D69/><U51/><E33/><V84/><F84/><W86/><G86/><T97/><D122/><U72/><E72/><V61/><F61/><W114/><G114/><T63/><D63/><U129/><E129/><V128/><F128/><W131/><G131/><T66/><D66/><U17/><E17/><V27/><AGARI ba="0,0" hai="19,21,27,58,62,67,82,83,87,88,95" m="46155" machi="27" ten="30,2000,0" yaku="13,1,54,1" doraHai="124" who="2" fromWho="2" sc="121,-5,273,-5,446,20,160,-10" owari="116,-38.4,268,6.8,466,56.6,150,-25.0" /></mjloggm>