<mjloggm ver="2.3"><GO type="225" lobby="0"/><UN n0="%72%69%6F%75%63%68%61%6E" n1="%E3%81%A4%E3%81%A3%E3%81%B1%E3%82%8A%E3%83%9D%E3%83%BC%E3%83%AB" n2="%E6%81%A5%E6%99%92%E3%81%97" n3="%E3%82%89%E3%81%84%E3%81%B5%E3%81%8C%E3%83%BC%E3%81%A9%E3%81%99%E3%81%8D" dan="16,17,16,17" rate="2169.73,2209.17,2108.98,2174.19" sx="M,M,M,M"/><TAIKYOKU oya="0"/><INIT seed="0,0,0,3,2,64" ten="250,250,250,250" oya="0" hai0="79,85,98,46,94,120,34,92,37,77,19,47,42" hai1="72,9,95,27,111,66,108,131,110,0,99,11,67" hai2="80,5,91,87,89,54,3,10,43,24,122,96,61" hai3="38,127,123,81,29,40,36,105,101,100,31,102,59"/><T50/><D120/><U41/><E131/><V125/><F125/><W134/><G105/><T20/><D34/><U14/><E72/><V57/><F122/><W15/><G123/><T84/><D84/><U103/><E41/><V30/><F43/><W113/><G127/><T88/><D46/><U133/><E133/><V6/><F6/><W4/><G134/><T118/><D37/><U60/><E27/><V93/><F24/><W82/><G113/><T71/><D71/><N who="1" m="42439" /><E0/><V112/><REACH who="2" step="1"/><F30/><REACH who="2" ten="250,250,240,250" step="2"/><W7/><G40/><T49/><D118/><U55/><E14/><V65/><F65/><W116/><G15/><N who="0" m="9343" /><D49/><U70/><E55/><V86/><F86/><W90/><G38/><T83/><D94/><U135/><E135/><V128/><F128/><W18/><G36/><T21/><D21/><U62/><AGARI ba="0,1" hai="9,11,62,67,70,95,99,103,108,110,111" m="42439" machi="62" ten="40,5200,0" yaku="14,1,52,2" doraHai="64" who="1" fromWho="1" sc="250,-26,250,62,240,-13,250,-13" /><INIT seed="1,0,0,5,2,121" ten="224,312,227,237" oya="1" hai0="119,105,56,68,64,114,76,27,133,31,126,10,44" hai1="112,101,35,95,120,108,65,94,47,110,85,99,132" hai2="36,127,122,20,48,124,18,73,15,107,81,4,22" hai3="130,106,54,91,53,70,134,113,93,57,14,92,75"/><U50/><E112/><V8/><F122/><W61/><G106/><T102/><D114/><U78/><E120/><V33/><F36/><W59/><G113/><T74/><D119/><U79/><E35/><V72/><F33/><W37/><G37/><T117/><D117/><U38/><E38/><V55/><F107/><W23/><G130/><T104/><D126/><N who="2" m="48170" /><F81/><W123/><G123/><T5/><D133/><U2/><E2/><N who="2" m="23" /><F22/><W28/><G134/><T46/><D76/><U67/><E132/><V71/><F71/><W90/><G75/><T111/><D111/><N who="1" m="42539" /><E94/><V17/><F17/><N who="3" m="10679" /><G28/><T100/><D31/><U83/><E79/><V6/><F6/><W42/><G70/><T103/><D68/><U34/><E34/><V41/><F41/><AGARI ba="0,0" hai="41,47,50,65,67,78,83,85,95,99,101" m="42539" machi="41" ten="30,12000,1" yaku="14,1,10,1,52,3" doraHai="121" who="1" fromWho="2" sc="224,0,312,120,227,-120,237,0" /><INIT seed="1,1,0,2,1,104" ten="224,432,107,237" oya="1" hai0="65,129,54,115,85,2,6,37,131,133,17,75,105" hai1="69,43,40,61,42,100,25,29,46,32,102,109,71" hai2="124,80,8,33,118,107,3,110,4,14,30,5,60" hai3="132,97,24,38,9,15,27,106,23,52,34,87,82"/><U41/><E109/><V13/><F107/><W39/><G132/><T64/><D115/><U91/><E91/><V19/><F110/><W122/><G122/><T12/><D133/><U31/><E31/><V79/><F118/><W56/><G34/><T98/><D37/><U130/><E130/><N who="0" m="49673" /><D6/><U123/><E123/><V90/><F90/><W94/><G106/><T117/><D2/><U47/><E47/><V76/><F124/><W59/><G59/><T78/><D85/><U89/><E89/><V113/><F113/><W21/><G39/><T86/><D86/><U135/><E135/><V112/><F112/><W116/><G38/><T28/><D28/><U51/><REACH who="1" step="1"/><E61/><REACH who="1" ten="224,422,107,237" step="2"/><V93/><F60/><N who="3" m="35847" /><G116/><T88/><D117/><U58/><E58/><V108/><F108/><W36/><G36/><T63/><D88/><U48/><E48/><V128/><F128/><W77/><G97/><T67/><D98/><U68/><AGARI ba="1,1" hai="25,29,32,40,41,42,43,46,51,68,69,71,100,102" machi="68" ten="40,3900,0" yaku="1,1,0,1,53,0" doraHai="104" doraHaiUra="53" who="1" fromWho="1" sc="224,-14,422,52,107,-14,237,-14" /><INIT seed="1,2,0,0,1,40" ten="210,474,93,223" oya="1" hai0="16,59,101,31,86,119,104,52,122,50,76,33,70" hai1="71,123,72,102,75,44,32,134,39,4,42,6,85" hai2="132,27,54,11,28,20,62,107,84,125,56,96,1" hai3="127,97,23,22,0,66,35,18,64,92,113,43,41"/><U116/><E123/><V63/><F132/><W25/><G35/><T90/><D119/><U78/><E116/><V13/><F125/><W89/><G0/><T2/><D122/><U93/><E134/><V12/><F107/><W19/><G113/><T57/><D70/><U109/><E32/><V88/><F96/><W48/><G127/><T17/><D2/><U121/><E71/><V60/><F1/><W129/><G129/><T79/><D104/><U111/><E121/><V110/><F110/><N who="1" m="41993" /><E78/><N who="0" m="29737" /><D33/><U9/><E85/><V117/><F117/><W14/><G43/><T29/><D101/><U69/><E69/><V24/><F24/><W80/><G80/><N who="0" m="49479" /><D59/><U95/><E102/><V114/><F114/><W105/><G105/><T45/><D57/><U36/><E36/><V49/><REACH who="2" step="1"/><F11/><REACH who="2" ten="210,474,83,223" step="2"/><W115/><G115/><T120/><D120/><U74/><E9/><V7/><F7/><AGARI ba="2,1" hai="4,6,7,39,42,44,72,74,75,93,95" m="41993" machi="7" ten="40,7700,0" yaku="14,1,10,1,52,1" doraHai="40" who="1" fromWho="2" sc="210,0,474,93,83,-83,223,0" /><INIT seed="1,3,0,1,3,63" ten="210,567,0,223" oya="1" hai0="129,16,56,53,40,91,87,69,58,55,51,127,76" hai1="59,25,20,33,99,126,31,23,103,124,93,135,57" hai2="3,115,46,89,38,21,98,18,8,54,14,62,119" hai3="61,95,17,39,0,121,9,15,105,11,92,66,29"/><U42/><E135/><V131/><F119/><W52/><G121/><T49/><D127/><N who="1" m="48683" /><E42/><V37/><F37/><W65/><G105/><T72/><D129/><U79/><E79/><V70/><F131/><W114/><G114/><T71/><D40/><U90/><E103/><V47/><F115/><W85/><G39/><T5/><D5/><U110/><E110/><V60/><F38/><W64/><G29/><T43/><D43/><U7/><E7/><V80/><F3/><W44/><G0/><T26/><D72/><U125/><E125/><V100/><F70/><W41/><G41/><T12/><D26/><N who="1" m="16863" /><E33/><V134/><F134/><W45/><G11/><T118/><D76/><U102/><E102/><V84/><F8/><W133/><G133/><T73/><D73/><U50/><E50/><V34/><F34/><W86/><G9/><T75/><D75/><U122/><E122/><V83/><F83/><W107/><G107/><T82/><REACH who="0" step="1"/><D118/><REACH who="0" ten="200,567,0,223" step="2"/><U27/><E27/><V30/><F30/><AGARI ba="3,1" hai="20,25,30,57,59,90,93,99" m="16863,48683" machi="30" ten="30,1500,0" yaku="18,1" doraHai="63" who="1" fromWho="2" sc="200,0,567,34,0,-24,223,0" owari="200,-20.0,601,70.1,-24,-52.4,223,2.3" /></mjloggm>