<mjloggm ver="2.3"><GO type="225" lobby="0"/><UN n0="%E3%83%97%E3%83%AC%E3%83%B4%E3%82%A1%E3%83%86%E3%82%A3" n1="%E8%B6%85%E7%B4%9A%E9%B3%B3%E5%87%B0" n2="%73%6C%69%63%6B%33%31%39" n3="%6D%75%75%6D%75%72%61" dan="16,16,16,16" rate="2134.67,2146.56,2107.33,2126.88" sx="F,M,M,F"/><TAIKYOKU oya="0"/><INIT seed="0,0,0,0,5,30" ten="250,250,250,250" oya="0" hai0="36,54,15,62,94,108,42,134,49,13,105,10,64" hai1="37,96,58,91,101,12,69,75,129,27,3,74,25" hai2="76,102,87,98,24,52,109,88,34,16,89,9,116" hai3="50,126,114,100,0,57,5,122,8,113,47,111,124"/><T97/><D105/><U82/><E3/><V11/><F109/><W121/><G57/><T81/><D108/><U107/><E69/><V130/><F130/><W117/><G100/><T84/><D134/><U39/><E129/><V19/><F116/><W6/><G111/><T55/><D36/><U115/><E115/><N who="3" m="44042" /><G117/><T80/><D42/><U132/><E132/><V70/><F70/><W17/><G6/><T48/><D64/><U104/><E58/><V99/><F76/><W106/><G106/><T67/><D67/><U26/><E104/><V33/><F102/><W56/><G56/><T43/><D43/><U35/><E12/><N who="0" m="4681" /><D62/><U103/><E103/><V53/><F87/><W7/><G7/><T65/><D65/><U4/><E4/><V128/><F128/><W83/><G83/><N who="0" m="31819" /><D84/><U86/><E35/><V93/><F93/><W119/><G119/><T18/><D18/><U127/><E75/><V59/><F59/><W60/><G60/><T20/><D20/><U63/><E63/><V66/><F66/><W61/><G61/><T85/><D85/><U131/><E131/><V41/><F41/><N who="3" m="24943" /><G17/><T23/><D10/><U31/><E74/><V77/><F77/><W14/><G0/><T29/><D48/><U78/><E78/><V40/><F40/><W72/><G72/><T112/><D49/><U71/><E71/><V95/><F95/><W118/><G118/><T22/><D112/><U133/><E133/><V45/><F45/><W135/><G135/><T68/><D68/><U79/><E79/><V28/><F28/><W92/><G92/><T46/><D29/><RYUUKYOKU ba="0,0" sc="250,-15,250,-15,250,15,250,15" hai2="9,11,16,19,24,33,34,52,53,88,89,98,99" hai3="5,8,14,121,122,124,126" /><INIT seed="1,1,0,1,5,8" ten="235,235,265,265" oya="1" hai0="101,35,63,85,45,15,37,68,102,43,22,28,29" hai1="52,58,125,135,21,113,119,108,54,40,87,93,12" hai2="17,2,33,38,69,82,86,128,78,47,106,130,71" hai3="131,127,74,100,61,36,59,98,13,124,76,11,90"/><U83/><E113/><V88/><F106/><W89/><G36/><T134/><D134/><U115/><E115/><V81/><F33/><W121/><G121/><T48/><D35/><U66/><E119/><V132/><F2/><W30/><G30/><T1/><D1/><U0/><E0/><V72/><F132/><W122/><G122/><T5/><D37/><U53/><E135/><V39/><F39/><W20/><G20/><T50/><D48/><U25/><E125/><N who="3" m="48202" /><G76/><T84/><D68/><U114/><E114/><V16/><F69/><W49/><G49/><T34/><D63/><N who="1" m="38263" /><E108/><V4/><F4/><N who="3" m="3303" /><G74/><T31/><D34/><U75/><E75/><V95/><F71/><W64/><G131/><N who="2" m="50217" /><F81/><W129/><G129/><T117/><D117/><U7/><E40/><AGARI ba="1,0" hai="16,17,38,40,47,72,78,82,86,88,95" m="50217" machi="40" ten="30,3900,0" yaku="19,1,54,2" doraHai="8" who="2" fromWho="1" sc="235,0,235,-42,265,42,265,0" /><INIT seed="2,0,0,1,5,26" ten="235,193,307,265" oya="2" hai0="55,88,95,65,84,128,53,98,111,6,114,47,9" hai1="100,123,2,119,69,44,41,76,66,20,0,110,86" hai2="28,59,116,23,32,115,87,42,27,67,46,24,40" hai3="52,43,102,4,99,93,10,63,38,85,48,68,122"/><V18/><F115/><W97/><G122/><T5/><D114/><U58/><E119/><V64/><F116/><W107/><G38/><T12/><D111/><U126/><E110/><V34/><F34/><W8/><G43/><T7/><D128/><U77/><E123/><V60/><F87/><W83/><G63/><T94/><D65/><U21/><E126/><V131/><F131/><W73/><G68/><T33/><D33/><U36/><E69/><V79/><F79/><W82/><G73/><T129/><D129/><U96/><E0/><V11/><F67/><W19/><G19/><T75/><D75/><U120/><E2/><V135/><F135/><W15/><G8/><T81/><D95/><U118/><E118/><V16/><REACH who="2" step="1"/><F46/><REACH who="2" ten="235,193,297,265" step="2"/><W13/><G85/><T17/><REACH who="0" step="1"/><D47/><REACH who="0" ten="225,193,297,265" step="2"/><U121/><E121/><V71/><F71/><W74/><G74/><T91/><AGARI ba="0,2" hai="5,6,7,9,12,17,53,55,81,84,88,91,94,98" machi="91" ten="30,12000,2" yaku="1,1,2,1,0,1,8,1,54,1,53,2" doraHai="26" doraHaiUra="50" who="0" fromWho="0" sc="225,140,193,-30,297,-60,265,-30" /><INIT seed="3,0,0,0,5,88" ten="365,163,237,235" oya="3" hai0="34,28,0,87,44,108,96,12,95,66,83,111,113" hai1="104,115,23,69,70,76,116,20,21,97,48,39,65" hai2="127,72,8,133,4,30,134,114,123,73,94,106,79" hai3="17,9,16,46,102,18,53,78,131,10,43,82,85"/><W62/><G131/><T121/><D0/><U42/><E115/><V3/><F106/><W107/><G107/><T118/><D118/><U29/><E116/><V41/><F41/><W35/><BYE who="2" /><G35/><T45/><D121/><U91/><E76/><V67/><F67/><W128/><G102/><N who="0" m="60703" /><D113/><U54/><E29/><V55/><F55/><W86/><G128/><T7/><D66/><U68/><E65/><V64/><F64/><W125/><G125/><T31/><D7/><U58/><E104/><V99/><F99/><W11/><G85/><T19/><D34/><U26/><E26/><V36/><F36/><W80/><G80/><T132/><D132/><U103/><E103/><V135/><F135/><W57/><REACH who="3" step="1"/><G10/><REACH who="3" ten="365,163,237,225" step="2"/><N who="0" m="6551" /><D111/><U74/><E69/><V109/><F109/><W81/><G81/><T61/><D108/><U77/><E68/><V110/><F110/><W13/><G13/><T93/><D93/><UN n2="%73%6C%69%63%6B%33%31%39" /><U51/><E70/><V117/><F127/><W40/><G40/><T6/><D87/><U130/><E130/><V47/><F133/><W75/><G75/><T63/><D83/><U105/><E74/><V33/><F134/><W32/><G32/><T15/><D15/><U5/><E105/><V92/><F114/><W122/><G122/><T24/><D24/><U25/><E25/><V14/><F123/><W129/><G129/><T112/><D112/><U71/><E71/><V56/><F117/><W84/><G84/><T98/><D98/><U38/><E97/><V120/><F72/><W59/><G59/><T27/><D27/><U119/><E119/><V124/><F120/><RYUUKYOKU ba="0,1" sc="365,-10,163,-10,237,-10,225,30" hai3="9,11,16,17,18,43,46,53,57,62,78,82,86" /><INIT seed="3,1,1,1,1,5" ten="355,153,227,255" oya="3" hai0="107,43,79,97,134,93,65,17,127,76,37,25,56" hai1="100,50,7,61,103,24,105,84,40,9,62,106,34" hai2="95,21,35,44,80,89,57,51,54,22,19,39,52" hai3="60,42,78,1,111,83,135,124,133,53,6,48,90"/><W91/><G124/><T86/><D107/><U32/><E84/><V71/><F35/><W117/><G117/><T11/><D127/><U108/><E108/><V118/><F71/><W46/><G111/><T13/><D134/><N who="3" m="51209" /><G6/><T45/><D86/><U114/><E114/><V41/><F118/><W112/><G112/><T68/><D68/><U87/><E87/><N who="2" m="50407" /><F39/><N who="3" m="21855" /><G1/><T119/><D119/><U70/><E70/><V3/><F3/><W26/><G26/><T63/><D25/><U33/><E24/><N who="2" m="14399" /><F95/><W85/><G60/><T14/><D14/><U120/><E120/><V74/><F74/><W66/><G66/><T29/><D29/><U129/><E129/><V131/><F131/><W96/><G96/><T49/><D37/><U36/><E36/><V64/><F22/><W28/><G28/><T2/><D2/><U101/><E62/><AGARI ba="1,1" hai="41,44,51,52,54,57,62,64" m="14399,50407" machi="62" ten="30,2000,0" yaku="8,1,54,1" doraHai="5" who="2" fromWho="1" sc="355,0,153,-23,227,33,255,0" owari="355,45.5,130,-37.0,260,6.0,255,-14.5" /></mjloggm>