<mjloggm ver="2.3"><GO type="225" lobby="0"/><UN n0="%33%74%72%65%65" n1="%E5%80%89%E6%A9%8B%EF%BC%A0%E4%BA%8B%E5%8B%99" n2="%E9%80%9F%E6%B0%B4%E5%87%9B%E9%A6%99" n3="%E4%B8%89%E5%86%A0%E7%8E%8B%E3%83%BB%E5%B1%B1%E7%94%B0%E5%93%B2%E4%BA%BA" dan="17,16,16,16" rate="2162.51,2126.92,2124.52,2134.55" sx="F,M,F,M"/><TAIKYOKU oya="0"/><INIT seed="0,0,0,5,1,132" ten="250,250,250,250" oya="0" hai0="63,40,71,126,92,34,57,20,50,115,7,120,28" hai1="96,62,110,74,135,31,43,111,130,27,49,61,103" hai2="121,114,79,52,124,106,58,47,73,12,82,104,76" hai3="129,101,127,45,125,8,46,105,54,60,26,70,13"/><T4/><D115/><U85/><E74/><V97/><F121/><W128/><G26/><N who="0" m="16455" /><D34/><U23/><E135/><V48/><F114/><W87/><G87/><T107/><D107/><U102/><E130/><N who="3" m="50282" /><G101/><T44/><D71/><U36/><E36/><V29/><F29/><W18/><G105/><T0/><D0/><U72/><E72/><V32/><F32/><W113/><G113/><T51/><D120/><U134/><E134/><V100/><F124/><N who="3" m="47691" /><G54/><N who="0" m="34231" /><D126/><U5/><E102/><V89/><F106/><W14/><G13/><T56/><D92/><U117/><E85/><V75/><F75/><W98/><G98/><T38/><D38/><U133/><E103/><V69/><F73/><W37/><G37/><T95/><D95/><U99/><E96/><V77/><F12/><W9/><G8/><T68/><D68/><U15/><E99/><V78/><F69/><W86/><G86/><T2/><D2/><U66/><E133/><V94/><N who="2" m="19456" /><DORA hai="19" /><V25/><F25/><W3/><G3/><T17/><D17/><U118/><E27/><V22/><F104/><W55/><G55/><AGARI ba="0,0" hai="4,7,40,44,50,51,55,56" m="34231,16455" machi="55" ten="30,2900,0" yaku="8,1,52,1" doraHai="132,19" who="0" fromWho="3" sc="250,29,250,0,250,0,250,-29" /><INIT seed="0,1,0,3,0,103" ten="279,250,250,221" oya="0" hai0="43,94,109,53,39,86,123,33,79,28,101,75,98" hai1="90,22,120,117,100,130,45,135,7,51,40,72,61" hai2="87,64,5,41,17,95,113,21,3,66,60,65,63" hai3="31,108,62,82,122,78,6,55,88,8,48,74,118"/><T56/><D123/><U67/><E72/><V57/><F113/><W0/><G108/><T106/><D109/><U35/><E35/><V76/><F41/><W112/><G122/><T49/><D33/><U99/><E120/><V81/><F3/><W102/><G118/><T97/><D28/><U16/><E117/><V84/><F5/><W44/><G112/><T89/><D98/><U46/><E130/><V125/><F125/><W36/><G31/><T85/><D85/><U9/><E135/><V13/><F63/><W114/><G114/><T15/><D15/><U77/><E77/><V4/><F4/><W132/><G132/><T18/><D18/><U121/><E121/><V54/><REACH who="2" step="1"/><F95/><REACH who="2" ten="279,250,240,221" step="2"/><W133/><G133/><T38/><D43/><U127/><E127/><V119/><F119/><W131/><G62/><T50/><D50/><U11/><E51/><V104/><F104/><W34/><G131/><T2/><D2/><U71/><E40/><V73/><AGARI ba="1,1" hai="13,17,21,54,57,60,64,65,66,73,76,81,84,87" machi="73" ten="30,4000,0" yaku="1,1,0,1,53,1" doraHai="103" doraHaiUra="58" who="2" fromWho="2" sc="279,-21,250,-11,240,53,221,-11" /><INIT seed="1,0,0,1,0,76" ten="258,239,293,210" oya="1" hai0="73,18,103,84,79,88,85,17,37,71,38,54,0" hai1="32,133,1,68,104,110,126,64,116,44,118,66,109" hai2="28,119,120,122,34,106,36,105,132,2,96,127,51" hai3="42,124,62,49,25,21,8,114,81,95,53,90,41"/><U45/><E1/><V6/><F36/><W99/><G114/><T117/><D117/><U113/><E104/><V58/><F119/><N who="1" m="45609" /><E32/><V83/><F6/><W50/><G124/><T115/><D115/><U33/><E33/><V80/><F2/><W112/><G112/><T30/><D0/><U72/><E72/><V135/><F28/><W92/><G8/><T100/><D30/><U16/><E113/><V57/><F34/><W134/><G134/><N who="2" m="51241" /><F127/><W29/><G62/><T63/><D73/><U70/><E133/><V48/><F96/><W4/><G4/><T123/><D123/><U43/><E126/><V65/><F65/><N who="1" m="25193" /><E16/><V89/><F89/><W15/><G15/><T14/><D17/><U87/><E87/><V107/><F122/><W13/><G50/><N who="2" m="18985" /><F120/><W20/><G20/><T67/><D85/><U60/><E60/><V12/><F12/><W101/><G13/><T94/><D79/><U93/><E93/><V35/><F35/><W82/><G42/><T46/><D100/><U7/><E7/><V97/><F97/><N who="3" m="59559" /><G41/><T74/><D103/><U102/><E102/><V9/><F9/><W56/><AGARI ba="0,0" hai="21,25,29,49,53,56,81,82,90,95,99" m="59559" machi="56" ten="30,4000,0" yaku="8,1,52,2" doraHai="76" who="3" fromWho="3" sc="258,-10,239,-20,293,-10,210,40" /><INIT seed="2,0,0,5,4,104" ten="248,219,283,250" oya="2" hai0="102,35,116,71,0,115,15,81,36,114,70,135,56" hai1="13,40,24,68,51,123,107,31,21,39,96,42,134" hai2="28,111,132,16,32,59,58,57,9,113,12,130,41" hai3="66,110,87,88,2,25,50,100,122,124,4,14,83"/><V69/><F69/><W99/><G122/><T27/><D15/><U61/><E123/><V6/><F113/><W95/><G110/><T47/><D56/><U125/><E125/><V22/><F111/><W55/><G124/><T108/><D108/><U126/><E126/><V79/><F132/><W76/><G2/><T98/><D81/><U63/><E134/><V90/><F130/><W52/><G66/><T8/><D135/><U23/><E39/><V60/><F41/><W53/><G25/><T43/><D116/><U89/><E107/><V77/><F60/><W75/><G4/><N who="0" m="1031" /><D115/><U120/><E120/><V49/><F49/><W30/><G14/><T46/><D46/><N who="1" m="26055" /><E68/><V97/><F97/><W74/><G30/><N who="0" m="19935" /><D114/><U67/><E42/><V101/><F101/><W118/><G118/><T38/><D38/><U128/><E128/><V92/><F92/><W86/><REACH who="3" step="1"/><G50/><REACH who="3" ten="248,219,283,240" step="2"/><T26/><D26/><N who="1" m="16847" /><E13/><V18/><F28/><W94/><AGARI ba="0,1" hai="52,53,55,74,75,76,83,86,87,88,94,95,99,100" machi="94" ten="30,12000,2" yaku="1,1,0,1,52,2,54,2,53,1" doraHai="104" doraHaiUra="84" who="3" fromWho="3" sc="248,-30,219,-30,283,-60,240,130" /><INIT seed="3,0,0,4,3,12" ten="218,189,223,370" oya="3" hai0="24,4,83,95,59,6,19,43,2,123,112,18,14" hai1="63,16,25,92,96,45,41,37,126,33,109,36,48" hai2="29,52,133,57,60,82,13,17,107,105,134,27,113" hai3="106,122,125,22,77,78,80,55,86,91,119,11,99"/><W84/><G11/><N who="0" m="6495" /><D123/><U71/><E109/><V30/><F82/><W73/><G99/><T0/><D0/><U66/><E126/><V120/><F113/><W102/><G102/><T47/><D2/><U130/><E130/><V46/><F46/><W110/><G55/><T7/><D112/><U58/><E33/><N who="2" m="20671" /><F30/><W1/><G80/><T56/><D83/><U40/><E40/><V90/><F90/><W75/><G91/><T3/><D3/><U31/><E31/><V132/><F120/><W44/><G1/><T124/><D124/><U35/><E35/><V51/><F51/><W53/><G75/><T65/><D65/><U100/><REACH who="1" step="1"/><E71/><REACH who="1" ten="218,179,223,370" step="2"/><V62/><F134/><W121/><G125/><T93/><D43/><U88/><E88/><V49/><F133/><W103/><G110/><T15/><D47/><U9/><E9/><V116/><F132/><W61/><G122/><T87/><D24/><U26/><E26/><V81/><F116/><W131/><G119/><T129/><D129/><U28/><E28/><V114/><F114/><W97/><G131/><T79/><D79/><U118/><E118/><V39/><F39/><W67/><G78/><T74/><D74/><U21/><AGARI ba="0,1" hai="16,21,25,36,37,41,45,48,58,63,66,92,96,100" machi="21" ten="30,7900,0" yaku="1,1,0,1,52,1,54,1,53,0" doraHai="12" doraHaiUra="115" who="1" fromWho="1" sc="218,-20,179,89,223,-20,370,-39" owari="198,-30.2,268,6.8,203,-19.7,331,43.1" /></mjloggm>