<mjloggm ver="2.3"><GO type="225" lobby="0"/><UN n0="%6D%75%75%73%61%6E%6D%75" n1="%6C%61%6D%62" n2="%E3%81%AF%E3%82%88%E3%81%8A%E3%81%98%E3%81%95%E3%82%93" n3="%E5%BA%97%E9%95%B7%4D" dan="16,16,17,16" rate="2126.68,2164.96,2138.42,2092.33" sx="F,M,M,M"/><TAIKYOKU oya="0"/><INIT seed="0,0,0,0,5,70" ten="250,250,250,250" oya="0" hai0="37,77,83,60,40,0,56,39,48,135,102,69,101" hai1="22,105,66,49,55,65,134,111,7,100,85,120,74" hai2="44,127,4,72,132,113,5,36,8,75,3,109,21" hai3="114,78,125,131,130,129,52,11,19,30,123,81,12"/><T84/><D0/><U10/><E74/><V119/><F21/><W98/><G114/><T54/><D135/><U115/><E120/><V25/><F113/><W46/><G123/><T64/><REACH who="0" step="1"/><D40/><REACH who="0" ten="240,250,250,250" step="2"/><U106/><E134/><V90/><F132/><W9/><G125/><T51/><D51/><U86/><E49/><V116/><F127/><W107/><G131/><T67/><D67/><U42/><E66/><V76/><F3/><W35/><G130/><T117/><D117/><U112/><E65/><V43/><F43/><W31/><G129/><T89/><D89/><U73/><E42/><V68/><F90/><W122/><G122/><T20/><D20/><U14/><E22/><V118/><F118/><W126/><G126/><T87/><D87/><U94/><E86/><V124/><F124/><W99/><G35/><T91/><D91/><U128/><E85/><V108/><F119/><W16/><G9/><T59/><D59/><U32/><E128/><V17/><F8/><W53/><G11/><T28/><D28/><U45/><E32/><V88/><F88/><W1/><G31/><T80/><D80/><U82/><E82/><V33/><F33/><W13/><G30/><T96/><D96/><U29/><E29/><V50/><F116/><W95/><G99/><T47/><D47/><U18/><E45/><V27/><F44/><W15/><G98/><T104/><D104/><U57/><E106/><V23/><F50/><W62/><G107/><T79/><D79/><U61/><E105/><V38/><F23/><W103/><G46/><T63/><D63/><U24/><E61/><RYUUKYOKU ba="0,1" sc="240,30,250,-10,250,-10,250,-10" hai0="37,39,48,54,56,60,64,69,77,83,84,101,102" /><INIT seed="0,1,1,3,5,72" ten="270,240,240,240" oya="0" hai0="75,78,131,41,14,133,73,97,13,17,51,104,87" hai1="19,2,22,108,121,68,117,116,42,44,20,54,36" hai2="100,5,62,79,4,35,110,77,124,84,53,25,134" hai3="103,74,26,63,12,105,30,66,102,40,81,127,92"/><T128/><D133/><U80/><E121/><V91/><F134/><W130/><G130/><N who="0" m="49707" /><D87/><U3/><E68/><V43/><F110/><W107/><G127/><T55/><D41/><U28/><E108/><V93/><F124/><W67/><G40/><T29/><D29/><U21/><E28/><V122/><F122/><W7/><G67/><T1/><D1/><U94/><E19/><V48/><F100/><W60/><G60/><T23/><D14/><U85/><E94/><V39/><F35/><W71/><G12/><T27/><D27/><U82/><E82/><V99/><F25/><W0/><G7/><N who="2" m="2633" /><F39/><W113/><G0/><T11/><D23/><U88/><E3/><V120/><F120/><W83/><G113/><T126/><D126/><U64/><E64/><V38/><F38/><W59/><G71/><T129/><N who="0" m="49715" /><T6/><DORA hai="9" /><D6/><U37/><E2/><V70/><F70/><W106/><G92/><T24/><D24/><U34/><E34/><V86/><F62/><W69/><G69/><T132/><D132/><U57/><REACH who="1" step="1"/><E37/><REACH who="1" ten="270,230,240,240" step="2"/><V47/><F93/><W61/><G83/><T101/><D78/><U56/><E56/><AGARI ba="1,2" hai="11,13,17,51,55,56,73,75,97,101,104" m="49715" machi="56" ten="40,3900,0" yaku="19,1,52,1" doraHai="72,9" who="0" fromWho="1" sc="270,62,230,-42,240,0,240,0" /><INIT seed="0,2,0,0,5,112" ten="332,188,240,240" oya="0" hai0="63,119,77,121,73,52,38,14,67,126,135,49,70" hai1="117,61,56,26,102,47,99,24,7,58,125,96,5" hai2="31,122,25,100,85,0,109,32,104,75,60,82,101" hai3="3,21,134,48,16,93,22,123,74,62,113,84,105"/><T81/><D121/><U9/><E125/><V65/><F122/><W79/><G113/><T68/><D126/><U76/><E117/><V41/><F0/><W120/><G105/><T57/><D38/><U106/><E76/><V12/><F109/><W10/><G74/><T53/><D135/><U94/><E47/><V33/><F33/><W54/><G134/><T39/><D39/><U55/><E56/><V86/><F41/><W66/><G3/><T28/><D119/><U29/><E9/><V30/><F30/><W89/><G79/><T128/><D128/><U92/><E106/><V115/><F115/><W69/><G21/><T132/><D132/><U45/><E45/><V35/><F35/><W78/><G78/><T131/><D131/><U130/><E130/><V23/><F75/><W91/><G89/><T8/><D28/><U20/><REACH who="1" step="1"/><E26/><REACH who="1" ten="332,178,240,240" step="2"/><V6/><F104/><W118/><G10/><T129/><D129/><U13/><E13/><V37/><F37/><W110/><G110/><T127/><D127/><U114/><E114/><V71/><F6/><W19/><G118/><T87/><D73/><U97/><E97/><V108/><F108/><W103/><G123/><T15/><D70/><U72/><E72/><V80/><F86/><W50/><G120/><T1/><D1/><U40/><E40/><V64/><F85/><W124/><G84/><T46/><D8/><U34/><E34/><V51/><F12/><W95/><G69/><T98/><D98/><U18/><E18/><N who="2" m="12535" /><F32/><W4/><G124/><T43/><D43/><U133/><E133/><V44/><F71/><RYUUKYOKU ba="2,1" sc="332,15,178,15,240,-15,240,-15" hai0="14,15,46,49,52,53,57,63,67,68,77,81,87" hai1="5,7,20,24,29,55,58,61,92,94,96,99,102" /><INIT seed="0,3,1,2,1,8" ten="347,193,225,225" oya="0" hai0="79,106,48,100,17,10,38,134,130,105,46,42,29" hai1="72,62,97,21,128,26,74,1,49,69,126,88,118" hai2="108,127,58,55,32,4,45,37,85,50,101,113,121" hai3="68,63,65,107,133,57,28,98,35,83,132,66,0"/><T31/><D130/><U41/><E118/><V90/><F113/><W56/><G0/><T87/><D134/><N who="3" m="51817" /><G83/><T82/><D38/><U115/><E1/><V92/><F121/><W13/><G66/><T111/><D111/><U77/><E128/><V86/><F32/><W76/><G76/><T20/><D10/><U102/><E115/><V52/><F108/><W131/><G131/><T73/><D73/><U22/><E126/><V124/><F101/><N who="3" m="62903" /><G13/><T47/><D105/><U2/><E2/><V94/><F4/><W39/><G39/><T122/><D122/><U89/><E22/><V54/><F37/><W33/><G33/><T53/><D106/><U5/><E5/><V103/><F103/><W60/><G60/><T96/><D100/><U114/><E114/><V19/><F127/><W129/><G129/><T7/><D96/><U40/><E74/><V84/><F124/><W61/><G61/><T14/><D7/><U80/><E62/><V18/><F85/><W51/><G51/><T95/><D95/><U36/><E36/><V6/><F6/><W34/><G34/><T24/><D24/><AGARI ba="3,1" hai="24,28,35,56,57,63,65,68" m="62903,51817" machi="24" ten="30,2000,0" yaku="25,1,20,1" doraHai="8" who="3" fromWho="0" sc="347,-29,193,0,225,0,225,39" /><INIT seed="1,0,0,4,3,77" ten="318,193,225,264" oya="1" hai0="132,39,84,118,86,71,42,131,104,50,33,67,109" hai1="15,110,129,124,24,7,115,74,12,59,85,29,43" hai2="47,21,49,65,76,63,75,46,45,96,122,88,30" hai3="16,105,0,125,8,38,112,32,102,10,113,70,5"/><U52/><E74/><V53/><F122/><W25/><G38/><T36/><D118/><U82/><E115/><V18/><F30/><N who="3" m="19535" /><G70/><T9/><D104/><U34/><E129/><V126/><F126/><W2/><G102/><T87/><D33/><U31/><E124/><V66/><F76/><W68/><G68/><T134/><D131/><U11/><E43/><V98/><F98/><W94/><G94/><T78/><D78/><U28/><E15/><V106/><F106/><W114/><G105/><T57/><D109/><U54/><E110/><V128/><F75/><W4/><G16/><T1/><D9/><N who="3" m="3689" /><G125/><T6/><D6/><AGARI ba="0,0" hai="0,2,4,5,6,112,113,114" m="3689,19535" machi="6" ten="40,2600,0" yaku="34,2" doraHai="77" who="3" fromWho="0" sc="318,-26,193,0,225,0,264,26" /><INIT seed="2,0,0,3,1,124" ten="292,193,225,290" oya="2" hai0="64,27,67,22,59,13,91,77,54,10,26,100,105" hai1="84,50,97,101,63,11,43,55,7,103,92,31,0" hai2="135,133,6,38,112,57,110,118,62,131,36,71,121" hai3="99,123,42,125,108,88,79,109,35,15,74,90,87"/><V61/><F6/><W114/><G35/><T82/><D105/><U122/><E122/><V30/><F30/><W66/><G123/><T46/><D100/><U120/><E120/><V81/><F121/><W119/><G42/><T102/><D102/><U113/><E113/><V107/><F107/><W65/><G119/><T78/><D91/><N who="3" m="34857" /><G74/><T23/><D46/><U29/><E103/><V134/><F81/><N who="3" m="47551" /><G99/><T17/><D23/><U106/><E63/><V70/><F118/><W33/><G33/><T127/><D127/><U16/><E43/><V85/><F85/><W115/><G15/><T86/><D77/><U73/><E73/><V94/><F94/><W34/><G34/><T130/><D130/><U32/><E32/><V9/><F9/><W56/><G56/><T8/><D8/><U18/><E84/><V20/><F20/><W128/><G125/><T51/><REACH who="0" step="1"/><D26/><REACH who="0" ten="282,193,225,290" step="2"/><U37/><E106/><V89/><F131/><W14/><G128/><T117/><D117/><U95/><E95/><V83/><F112/><N who="3" m="43051" /><G14/><T24/><D24/><U48/><E37/><V1/><F36/><W68/><G68/><T126/><D126/><U72/><E101/><V96/><F38/><W75/><G75/><T19/><AGARI ba="0,1" hai="10,13,17,19,22,27,51,54,59,64,67,78,82,86" machi="19" ten="20,8000,1" yaku="1,1,0,1,7,1,8,1,53,1" doraHai="124" doraHaiUra="47" who="0" fromWho="0" sc="282,90,193,-20,225,-40,290,-20" /><INIT seed="3,0,0,4,5,128" ten="372,173,185,270" oya="3" hai0="69,115,9,0,55,23,4,65,36,76,61,77,8" hai1="47,57,16,86,93,41,85,50,52,53,31,15,27" hai2="75,95,39,121,92,113,105,7,112,42,81,11,48" hai3="14,54,120,101,130,6,26,59,134,131,88,72,1"/><W117/><G120/><T104/><D36/><U122/><E122/><V37/><F121/><W74/><G117/><T38/><D38/><U10/><E93/><V110/><F105/><W56/><G1/><T49/><D104/><U33/><REACH who="1" step="1"/><E53/><REACH who="1" ten="372,163,185,270" step="2"/><V89/><F95/><W60/><G54/><T46/><D55/><U123/><E123/><V70/><F112/><W71/><G130/><T118/><D115/><U13/><E13/><V34/><F113/><W43/><G14/><T45/><D0/><U2/><E2/><N who="2" m="503" /><F110/><W116/><G131/><T129/><D129/><U83/><E83/><V132/><F132/><W114/><G134/><T133/><D133/><U135/><E135/><V35/><F70/><W126/><G71/><T29/><D69/><U17/><E17/><V3/><F3/><W24/><G114/><T97/><D97/><U73/><E73/><V94/><F94/><W90/><G74/><T127/><D49/><AGARI ba="0,1" hai="10,15,16,27,31,33,41,47,49,50,52,57,85,86" machi="49" ten="30,8000,1" yaku="1,1,7,1,54,2,53,1" doraHai="128" doraHaiUra="20" who="1" fromWho="0" sc="372,-80,163,90,185,0,270,0" /><INIT seed="4,0,0,3,3,84" ten="292,253,185,270" oya="0" hai0="51,72,108,43,87,78,2,49,130,60,57,102,73" hai1="95,67,44,21,120,32,59,62,11,55,30,74,39" hai2="5,64,133,6,36,107,121,104,105,117,54,33,86" hai3="110,37,4,61,134,50,68,111,119,91,106,8,19"/><T127/><D2/><U90/><E74/><V41/><F121/><W93/><G37/><T79/><D73/><U94/><E120/><V123/><F123/><W35/><G106/><T24/><D72/><U75/><E75/><V9/><F33/><W26/><G119/><T129/><D127/><U76/><E32/><V47/><F117/><W128/><G128/><N who="0" m="49259" /><D108/><U15/><E76/><N who="0" m="29225" /><D43/><U99/><E94/><V45/><F133/><W63/><G134/><T112/><D112/><U131/><E131/><V66/><F5/><W48/><G110/><T20/><D87/><U77/><E77/><V42/><F54/><W17/><G111/><T40/><D102/><U96/><E96/><V3/><REACH who="2" step="1"/><F86/><REACH who="2" ten="292,253,175,270" step="2"/><N who="3" m="52471" /><G35/><T71/><D40/><U18/><E55/><V69/><F69/><W97/><G63/><T103/><D71/><U12/><E62/><V31/><F31/><W34/><G68/><T58/><D60/><U98/><E30/><V25/><F25/><W85/><G26/><T14/><D24/><U135/><E135/><V38/><AGARI ba="0,1" hai="3,6,9,36,38,41,42,45,47,64,66,104,105,107" machi="38" ten="30,4000,0" yaku="1,1,0,1,9,1,53,0" doraHai="84" doraHaiUra="29" who="2" fromWho="2" sc="292,-20,253,-10,175,50,270,-10" /><INIT seed="5,0,0,4,0,11" ten="272,243,225,260" oya="1" hai0="45,84,3,82,80,100,43,103,70,96,26,35,62" hai1="30,32,14,56,51,93,58,50,57,101,111,55,31" hai2="134,114,120,0,4,74,118,24,20,16,81,109,21" hai3="47,48,86,10,119,72,133,132,64,69,44,59,36"/><U53/><E111/><V33/><F74/><W89/><G72/><T129/><D3/><U92/><E32/><V68/><F68/><W112/><G112/><T8/><D129/><U83/><E83/><V67/><F67/><W110/><G110/><T102/><D70/><U108/><E108/><V76/><F109/><W9/><G69/><T17/><D62/><U38/><E38/><V13/><F81/><W122/><G122/><T106/><D35/><U52/><E14/><V1/><F76/><W105/><G105/><T39/><D82/><U104/><E104/><V27/><F120/><W73/><G73/><T60/><D60/><U135/><E135/><N who="3" m="51786" /><G64/><T37/><D37/><U85/><E85/><V116/><F134/><W23/><G23/><T94/><D106/><U123/><E123/><V66/><F66/><W99/><G99/><T40/><D40/><U15/><E15/><V97/><F97/><W77/><G77/><T128/><D128/><U49/><E101/><V98/><F98/><W29/><G29/><AGARI ba="0,0" hai="29,30,31,49,50,51,52,53,55,56,57,58,92,93" machi="29" ten="50,18000,2" yaku="29,2,28,2,8,1,54,1" doraHai="11" who="1" fromWho="3" sc="272,0,243,180,225,0,260,-180" owari="272,7.2,423,52.3,225,-17.5,80,-42.0" /></mjloggm>