<mjloggm ver="2.3"><GO type="225" lobby="0"/><UN n0="%E3%81%AF%E3%82%88%E3%81%8A%E3%81%98%E3%81%95%E3%82%93" n1="%E3%82%BC%E3%83%AB%E3%83%80%E3%81%AE%E4%BC%9D%E8%AA%AC" n2="%E3%81%AA%E3%82%81%E3%81%93%E9%9B%80%E5%A3%AB" n3="%72%69%6F%75%63%68%61%6E" dan="17,17,16,16" rate="2185.53,2250.35,2030.46,2250.69" sx="M,M,M,M"/><TAIKYOKU oya="0"/><INIT seed="0,0,0,3,0,120" ten="250,250,250,250" oya="0" hai0="127,48,70,90,25,10,95,110,56,69,97,31,61" hai1="81,67,79,36,74,83,60,3,1,114,22,6,37" hai2="109,45,63,11,91,38,105,87,52,20,96,135,76" hai3="112,26,104,42,122,21,101,53,30,121,43,9,111"/><T12/><D127/><U16/><E114/><V19/><F135/><W107/><G111/><T18/><D48/><U129/><E129/><V94/><F109/><W123/><G112/><T54/><REACH who="0" step="1"/><D110/><REACH who="0" ten="240,250,250,250" step="2"/><U62/><E37/><V64/><F38/><W131/><G131/><T106/><D106/><N who="3" m="40489" /><G101/><T33/><AGARI ba="0,1" hai="10,12,18,25,31,33,54,56,61,69,70,90,95,97" machi="33" ten="20,3900,0" yaku="1,1,0,1,7,1,53,0" doraHai="120" doraHaiUra="124" who="0" fromWho="0" sc="240,49,250,-13,250,-13,250,-13" /><INIT seed="0,1,0,1,5,27" ten="289,237,237,237" oya="0" hai0="87,24,112,28,31,62,70,8,96,91,0,121,94" hai1="20,12,97,124,41,7,22,89,18,104,30,82,16" hai2="93,40,29,65,135,128,66,102,129,131,72,85,64" hai3="10,107,71,116,49,88,110,36,15,47,103,123,42"/><T61/><D112/><U45/><E124/><V11/><F72/><W46/><G116/><T114/><D121/><U26/><E7/><V113/><F113/><W32/><G123/><T50/><D114/><U122/><E122/><V74/><F74/><W59/><G110/><T86/><D70/><U68/><E68/><V119/><F135/><W100/><G71/><T14/><D0/><U120/><E120/><V9/><F119/><W105/><G32/><T21/><D28/><U2/><E2/><V23/><F40/><W63/><G107/><T134/><D134/><U84/><E18/><V1/><F1/><W76/><G76/><T73/><D73/><U48/><E104/><V118/><F118/><W90/><G105/><T79/><D50/><U38/><REACH who="1" step="1"/><E97/><REACH who="1" ten="289,227,237,237" step="2"/><N who="2" m="59695" /><F85/><N who="0" m="32266" /><D79/><U133/><E133/><V25/><AGARI ba="1,1" hai="9,11,23,25,29,64,65,66,128,129,131" m="59695" machi="25" ten="40,2700,0" yaku="19,1,52,1" doraHai="27" who="2" fromWho="2" sc="289,-14,227,-8,237,40,237,-8" /><INIT seed="1,0,0,2,2,23" ten="275,219,277,229" oya="1" hai0="30,32,113,102,118,11,59,50,53,124,7,45,8" hai1="109,127,49,122,73,134,90,19,33,116,38,10,95" hai2="63,101,36,18,43,66,39,92,74,87,28,120,34" hai3="3,55,65,69,58,89,79,71,9,112,97,46,2"/><U80/><E38/><V86/><F74/><W62/><G112/><T96/><D113/><U110/><E116/><V1/><F1/><W77/><G46/><T78/><D118/><U64/><E122/><V47/><F39/><W17/><G69/><T94/><D124/><U4/><E127/><V88/><F101/><W22/><G2/><T108/><D108/><N who="1" m="41579" /><E134/><V44/><F47/><W31/><G31/><T13/><D78/><N who="1" m="44111" /><E33/><V12/><F120/><W37/><G37/><T129/><D129/><U114/><E114/><V106/><F106/><W132/><G132/><T119/><D119/><U104/><E104/><V107/><F107/><W15/><G3/><T61/><D32/><U16/><E49/><V105/><F105/><W126/><G126/><T75/><D75/><U135/><E64/><V68/><F28/><W25/><G89/><T14/><D30/><U133/><E4/><V130/><F34/><W93/><G93/><T85/><D85/><N who="1" m="52687" /><E19/><V51/><F36/><W125/><G125/><T81/><D81/><U21/><E10/><N who="0" m="3625" /><D7/><U5/><E5/><V42/><F87/><W76/><G97/><T67/><AGARI ba="0,0" hai="13,14,45,50,53,59,61,67,94,96,102" m="3625" machi="67" ten="30,1100,0" yaku="8,1" doraHai="23" who="0" fromWho="0" sc="275,11,219,-5,277,-3,229,-3" /><INIT seed="2,0,0,2,4,103" ten="286,214,274,226" oya="2" hai0="29,106,58,51,7,125,44,79,102,25,50,45,8" hai1="109,16,76,127,20,36,90,35,124,27,21,87,30" hai2="54,105,123,63,24,39,48,60,91,22,108,55,18" hai3="93,97,73,12,83,77,28,129,89,115,6,26,111"/><V41/><F123/><W0/><G111/><T61/><D125/><N who="1" m="48203" /><E109/><V67/><F105/><W66/><G129/><T126/><D126/><U130/><E130/><V120/><F63/><W113/><G0/><T38/><D79/><U95/><E36/><V1/><F1/><W104/><G66/><T99/><D38/><U56/><E76/><V46/><F120/><W65/><G65/><T117/><D117/><U17/><E56/><V10/><F91/><W3/><G3/><T5/><D45/><U14/><E17/><V119/><F119/><W13/><G6/><T122/><D122/><U4/><E4/><V68/><F108/><W49/><G49/><T121/><D121/><U64/><E64/><V69/><F68/><W42/><G42/><T118/><D118/><U47/><E47/><V112/><F112/><N who="3" m="43083" /><G104/><T33/><D44/><U11/><AGARI ba="0,0" hai="11,14,16,20,21,27,30,35,87,90,95" m="48203" machi="11" ten="30,2000,0" yaku="18,1,54,1" doraHai="103" who="1" fromWho="1" sc="286,-5,214,20,274,-10,226,-5" /><INIT seed="3,0,0,0,5,68" ten="281,234,264,221" oya="3" hai0="107,14,7,44,113,86,120,84,41,26,67,48,55" hai1="99,29,64,46,60,35,65,17,111,20,73,122,33" hai2="23,61,128,110,106,109,75,85,12,63,19,62,45" hai3="92,53,24,97,98,11,22,72,131,119,38,1,127"/><W42/><G119/><T115/><D120/><U121/><E73/><V95/><F106/><W31/><G72/><T125/><D107/><U74/><E74/><V66/><F75/><W10/><G127/><T112/><D125/><U71/><E111/><N who="2" m="42507" /><F128/><W0/><G131/><T5/><D67/><U21/><E46/><V78/><F45/><W6/><G53/><T123/><D123/><U80/><E80/><N who="2" m="47255" /><F95/><W90/><G98/><T52/><D26/><U116/><E99/><V91/><F91/><W57/><G57/><AGARI ba="0,0" hai="12,19,23,57,61,62,63,66" m="47255,42507" machi="57" ten="30,1000,0" yaku="14,1" doraHai="68" who="2" fromWho="3" sc="281,0,234,0,264,10,221,-10" /><INIT seed="4,0,0,1,3,47" ten="281,234,274,211" oya="0" hai0="0,125,36,71,14,98,11,53,61,68,63,4,10" hai1="33,121,107,80,77,74,102,6,127,90,79,23,2" hai2="32,122,108,105,67,103,92,86,57,110,91,130,51" hai3="69,43,85,5,99,3,128,78,111,21,101,84,116"/><T40/><D125/><U25/><E121/><V19/><F130/><W49/><G111/><T9/><D9/><U7/><E127/><V113/><F32/><W94/><G128/><T87/><D40/><U119/><E33/><V13/><F122/><W120/><G116/><T96/><D36/><U117/><E79/><V44/><F113/><W114/><G114/><T27/><D27/><U30/><E2/><V97/><F67/><W34/><G34/><T70/><D87/><U133/><E133/><V1/><F57/><W75/><G69/><T26/><D26/><U60/><E60/><V28/><F28/><W132/><G132/><T131/><D131/><U104/><E104/><V65/><F65/><W81/><G120/><T58/><REACH who="0" step="1"/><D61/><REACH who="0" ten="271,234,274,211" step="2"/><U100/><E25/><V16/><F1/><W46/><REACH who="3" step="1"/><G21/><REACH who="3" ten="271,234,274,201" step="2"/><T95/><D95/><U50/><E23/><V41/><F19/><AGARI ba="0,2" hai="0,4,10,11,14,19,53,58,63,68,70,71,96,98" machi="19" ten="40,3900,0" yaku="1,1,53,1" doraHai="47" doraHaiUra="12" who="0" fromWho="2" sc="271,59,234,0,274,-39,201,0" owari="330,43.0,234,-16.6,235,3.5,201,-29.9" /></mjloggm>