<mjloggm ver="2.3"><GO type="225" lobby="0"/><UN n0="%E3%81%91%E3%83%BC%E3%81%9E%E3%81%88" n1="%E8%A6%9A%E9%86%92%E3%81%97%E3%81%9F%E3%81%A8%E3%81%BE%E3%81%A8" n2="%72%61%6B%33" n3="%E5%84%AA%40%41%42%43" dan="16,18,18,18" rate="2167.32,2201.73,2246.81,2234.04" sx="F,M,M,M"/><TAIKYOKU oya="0"/><INIT seed="0,0,0,3,0,121" ten="250,250,250,250" oya="0" hai0="86,89,114,0,45,18,56,72,26,7,53,127,129" hai1="79,8,5,117,118,31,16,122,59,111,134,120,68" hai2="20,135,24,70,37,23,49,126,29,73,125,35,62" hai3="103,110,46,83,14,96,6,39,99,78,44,112,102"/><T25/><D114/><U77/><E68/><V98/><F37/><W133/><G112/><T130/><D72/><U119/><E59/><V81/><F135/><W63/><G133/><T105/><D105/><U1/><E134/><V76/><F49/><W113/><G113/><T104/><D104/><U100/><E100/><V90/><F90/><W66/><G39/><T115/><D115/><U97/><E97/><V50/><F50/><W92/><G110/><T54/><D45/><U51/><E51/><V88/><F62/><W38/><G38/><T124/><D7/><U82/><E79/><V19/><F70/><W108/><G108/><T12/><D0/><U30/><E111/><V21/><REACH who="2" step="1"/><F19/><REACH who="2" ten="250,250,240,250" step="2"/><W52/><G44/><T107/><D18/><U22/><E122/><V9/><F9/><N who="3" m="4407" /><G46/><T132/><D89/><U41/><E120/><V47/><F47/><W95/><G78/><T60/><D132/><U65/><E41/><V71/><F71/><W128/><G128/><T64/><D130/><U11/><E8/><V75/><F75/><W106/><G103/><T48/><D129/><U109/><E109/><V17/><F17/><W74/><G102/><T4/><D60/><U94/><E119/><V34/><F34/><W61/><G66/><T13/><D64/><U57/><E65/><V40/><F40/><W116/><G116/><T123/><D123/><U3/><E118/><V58/><F58/><N who="3" m="35015" /><G63/><T42/><D42/><U55/><E117/><V85/><F85/><W91/><G74/><T67/><D67/><U10/><E11/><V27/><F27/><W33/><G33/><RYUUKYOKU ba="0,1" sc="250,-10,250,-10,240,30,250,-10" hai2="20,21,23,24,29,35,73,76,81,88,98,125,126" /><INIT seed="1,1,1,1,4,93" ten="240,240,270,240" oya="1" hai0="25,28,18,19,12,114,78,50,118,31,55,24,66" hai1="17,111,3,71,84,8,81,0,34,90,101,133,47" hai2="49,134,15,135,51,45,22,67,91,44,92,37,122" hai3="36,68,97,94,79,39,120,130,110,61,73,96,99"/><U103/><E133/><N who="2" m="50699" /><F122/><W11/><G120/><T56/><D114/><U131/><E131/><V35/><F35/><W4/><G130/><T108/><D108/><U128/><E128/><V13/><F67/><W121/><G121/><T104/><D104/><U69/><E111/><V87/><F37/><W129/><G129/><T86/><D118/><U29/><E34/><V63/><F63/><W76/><G110/><T26/><D66/><U123/><E29/><N who="0" m="11337" /><D12/><N who="2" m="4682" /><F22/><W125/><G125/><T107/><D107/><U60/><E123/><V74/><F74/><W38/><G94/><T32/><D32/><U117/><E60/><V83/><F83/><AGARI ba="1,1" hai="18,19,24,25,26,50,55,56,78,83,86" m="11337" machi="83" ten="30,1000,0" yaku="8,1" doraHai="93" who="0" fromWho="2" sc="240,23,240,0,270,-13,240,0" /><INIT seed="2,0,0,1,1,16" ten="263,240,257,240" oya="2" hai0="56,66,44,61,67,38,72,35,97,37,104,29,102" hai1="9,45,46,15,123,91,76,55,75,80,83,69,22" hai2="68,41,26,64,117,130,120,23,28,71,48,5,121" hai3="131,101,132,90,109,108,54,19,118,107,1,36,99"/><V122/><F117/><W47/><G118/><T96/><D72/><U100/><E123/><V119/><F119/><W7/><G132/><T133/><D133/><U87/><E69/><V57/><F130/><W82/><G131/><T53/><D97/><U43/><E100/><V84/><F5/><W95/><G7/><T14/><D14/><U52/><E22/><V50/><F84/><W42/><G1/><T3/><D3/><U32/><E32/><V94/><F94/><W73/><G54/><T27/><D67/><U105/><E105/><V74/><F74/><W0/><G0/><T78/><D78/><U58/><E58/><V65/><F65/><W115/><G19/><T135/><D135/><U127/><E127/><V20/><F20/><W60/><G60/><T85/><D85/><U114/><E46/><V124/><F124/><W125/><G115/><T33/><D35/><U112/><E112/><V2/><F2/><W81/><G125/><T40/><D53/><U116/><E114/><V110/><F110/><N who="3" m="42603" /><G73/><T39/><AGARI ba="0,0" hai="27,29,33,37,38,39,40,44,56,61,66,96,102,104" machi="39" ten="20,1500,0" yaku="0,1,7,1" doraHai="16" who="0" fromWho="0" sc="263,15,240,-4,257,-7,240,-4" /><INIT seed="3,0,0,5,4,127" ten="278,236,250,236" oya="3" hai0="91,133,89,68,113,100,56,23,69,110,86,124,64" hai1="29,24,122,77,58,45,33,5,51,101,16,102,25" hai2="49,131,35,66,90,10,65,105,18,13,42,57,37" hai3="6,93,125,40,21,98,87,46,61,9,27,128,32"/><W130/><G125/><T54/><D110/><U73/><E122/><V97/><F131/><N who="3" m="50219" /><G61/><T44/><D91/><U12/><E5/><V11/><F35/><W116/><G116/><T108/><D89/><U34/><E58/><V80/><F37/><N who="3" m="21775" /><G87/><T95/><D86/><U53/><E25/><V41/><F65/><W67/><G67/><T79/><D64/><U1/><E34/><V107/><F66/><W20/><G32/><T114/><D68/><U59/><E1/><V118/><F118/><W117/><G27/><T36/><D69/><U85/><E73/><V119/><F119/><W81/><G81/><T96/><D124/><U84/><E84/><V88/><F80/><W70/><G70/><T55/><D114/><U0/><E0/><V4/><F57/><W126/><G117/><T14/><D56/><U72/><E72/><V83/><F83/><W106/><G106/><T94/><D113/><U38/><E85/><V82/><F82/><W123/><G123/><T39/><D95/><U26/><E77/><V31/><F107/><W60/><G60/><T3/><D79/><U7/><E26/><V132/><F105/><W112/><G112/><T62/><D94/><U92/><E92/><V76/><F76/><W2/><G126/><T135/><D62/><U109/><E109/><V48/><F31/><W134/><G134/><T15/><D135/><U74/><E74/><V121/><F132/><W30/><G30/><T129/><D133/><U19/><E59/><V63/><F63/><W111/><G111/><T52/><D108/><U75/><E75/><V71/><F71/><RYUUKYOKU ba="0,0" sc="278,-10,236,-10,250,-10,236,30" hai3="2,6,9,20,21,93,98" /><INIT seed="3,1,0,0,3,42" ten="268,226,240,266" oya="3" hai0="85,119,2,109,78,72,92,97,7,106,19,127,84" hai1="61,66,111,73,102,91,33,132,130,71,122,103,105" hai2="26,115,31,51,6,94,13,24,16,104,90,44,99" hai3="88,36,108,11,23,12,14,95,21,79,15,5,57"/><W59/><G36/><T41/><D119/><U43/><E122/><V74/><F115/><W98/><G108/><T128/><D106/><U34/><E111/><V121/><F121/><W10/><G79/><T129/><D127/><U65/><E132/><V63/><F74/><W76/><G76/><T117/><D7/><U134/><E134/><V131/><F131/><W80/><G80/><T89/><D2/><U3/><E3/><V29/><F104/><W22/><G14/><T20/><D117/><U53/><E105/><V70/><F6/><AGARI ba="1,0" hai="5,6,10,11,12,15,21,22,23,57,59,88,95,98" machi="6" ten="40,7700,0" yaku="9,1,8,1,54,1" doraHai="42" who="3" fromWho="2" sc="268,0,226,0,240,-80,266,80" owari="268,6.8,226,-17.4,160,-34.0,346,44.6" /></mjloggm>