<mjloggm ver="2.3"><GO type="225" lobby="0"/><UN n0="%E3%81%BF%E3%81%BF%E3%81%9A" n1="%E3%81%B5%E3%81%98%E3%81%8B%E3%81%A4" n2="%E9%A6%AC%E4%BA%86%E9%9A%94%E5%A3%81" n3="%77%72%77%72%77%72%77%72" dan="18,16,17,17" rate="2249.83,2160.23,2208.76,2193.23" sx="M,M,M,M"/><TAIKYOKU oya="0"/><INIT seed="0,0,0,1,0,73" ten="250,250,250,250" oya="0" hai0="124,43,84,106,72,7,98,6,69,13,121,119,42" hai1="2,49,97,21,34,39,59,123,24,75,87,10,66" hai2="28,18,92,122,114,91,80,107,33,19,17,128,48" hai3="3,27,86,8,58,20,65,101,112,61,57,115,108"/><T94/><D69/><U85/><E123/><V127/><F122/><W55/><G108/><T40/><D72/><U110/><E75/><V93/><F114/><W109/><G109/><T90/><D121/><U15/><E39/><V0/><F107/><W135/><G135/><T52/><D119/><U46/><E110/><V78/><F0/><W4/><G101/><T132/><D132/><U1/><E34/><V60/><F128/><W83/><G58/><T111/><D111/><U56/><E97/><V105/><F105/><W29/><REACH who="3" step="1"/><G65/><REACH who="3" ten="250,250,250,240" step="2"/><T68/><D68/><U25/><E66/><V12/><F60/><W47/><G47/><T31/><D106/><U88/><E59/><V51/><F127/><W79/><AGARI ba="0,1" hai="3,4,8,20,27,29,55,57,61,79,83,86,112,115" machi="79" ten="20,5200,0" yaku="1,1,0,1,7,1,52,1,53,0" doraHai="73" doraHaiUra="41" who="3" fromWho="3" sc="250,-26,250,-13,250,-13,240,62" /><INIT seed="1,0,0,4,5,6" ten="224,237,237,302" oya="1" hai0="22,91,55,68,51,23,17,0,130,89,41,127,35" hai1="2,133,108,94,132,134,97,27,104,129,131,83,125" hai2="65,61,46,135,58,74,63,106,114,9,96,87,57" hai3="115,107,16,24,117,19,90,20,66,124,56,116,122"/><U105/><E2/><V88/><F74/><W37/><G115/><T100/><D35/><U50/><E50/><V44/><F114/><W21/><G122/><T34/><D34/><U11/><E11/><V31/><F135/><W84/><G107/><N who="1" m="41034" /><E27/><V80/><F31/><W76/><G76/><T75/><D75/><U82/><E125/><V28/><F28/><W52/><G66/><T36/><D0/><U110/><E83/><V18/><F96/><W99/><G99/><T126/><D68/><U123/><E82/><V101/><F101/><W128/><G37/><T43/><D100/><N who="1" m="60471" /><E123/><V53/><F106/><W15/><G124/><N who="0" m="47659" /><D130/><AGARI ba="0,0" hai="108,110,129,130,131,132,133,134" m="60471,41034" machi="130" ten="40,12000,1" yaku="19,1,20,1,34,2" doraHai="6" who="1" fromWho="0" sc="224,-120,237,120,237,0,302,0" /><INIT seed="1,1,0,4,1,126" ten="104,357,237,302" oya="1" hai0="90,57,43,12,56,131,94,4,61,98,75,1,17" hai1="62,83,55,92,71,101,87,103,112,3,39,119,82" hai2="74,13,95,8,107,108,111,130,54,58,34,24,110" hai3="80,100,36,97,133,132,23,116,120,113,66,60,73"/><U70/><E119/><V118/><F118/><W128/><G113/><T32/><D32/><U14/><E39/><V105/><F74/><W79/><G116/><T15/><D75/><U30/><E3/><V88/><F130/><W63/><G120/><T65/><D1/><U68/><E112/><V50/><F24/><W10/><G36/><T2/><D2/><U28/><E14/><V37/><F34/><W99/><G10/><T106/><D131/><U44/><E92/><V22/><F37/><W19/><G128/><T0/><D0/><U9/><E9/><V47/><F47/><W41/><G41/><T18/><D106/><U38/><E83/><V33/><F33/><W20/><G20/><T31/><D31/><U122/><E122/><V127/><F127/><W102/><G99/><T91/><D43/><U76/><E38/><V67/><F67/><W81/><G81/><T89/><D4/><U64/><E44/><V77/><F77/><W84/><G60/><T35/><D35/><U123/><E55/><V117/><F22/><W27/><G73/><T125/><D125/><U69/><E123/><V25/><F25/><W121/><G121/><T59/><D61/><U93/><E93/><V78/><F78/><W16/><G19/><N who="0" m="7179" /><D65/><U72/><E72/><V42/><F42/><W6/><G6/><T86/><D86/><U49/><E49/><V45/><F117/><W115/><G115/><T29/><D29/><U21/><E30/><V46/><F107/><N who="3" m="63887" /><G102/><N who="1" m="38922" /><E28/><V96/><F105/><W109/><G109/><N who="2" m="27905" /><V40/><DORA hai="114" /><F40/><W52/><G66/><T104/><D104/><RYUUKYOKU ba="1,0" sc="104,0,357,0,237,0,302,0" hai0="12,15,56,57,59,89,90,91,94,98" hai1="21,62,64,68,69,70,71,76,82,87" hai2="8,13,45,46,50,54,58,88,95,96" hai3="16,23,27,52,63,79,80,84,132,133" /><INIT seed="1,2,0,0,4,100" ten="104,357,237,302" oya="1" hai0="90,52,79,67,84,78,38,63,61,55,76,7,105" hai1="18,106,111,91,112,125,93,69,11,27,10,128,118" hai2="122,82,20,121,127,43,95,83,80,45,107,65,126" hai3="13,97,131,50,46,114,87,37,28,98,102,74,12"/><U3/><E118/><V123/><F65/><W66/><G114/><T49/><D38/><U0/><E112/><V130/><F130/><W62/><G74/><T5/><D105/><U96/><E128/><V86/><F20/><W36/><G131/><T85/><D67/><U16/><E69/><V44/><F107/><W119/><G119/><T103/><D103/><U57/><E125/><N who="2" m="47627" /><F43/><W30/><G37/><T51/><REACH who="0" step="1"/><D76/><REACH who="0" ten="94,357,237,302" step="2"/><U108/><E106/><V9/><F9/><W31/><G36/><T8/><D8/><U19/><E11/><V60/><F60/><W132/><G62/><T120/><D120/><U94/><E10/><V53/><F53/><W134/><G66/><T1/><D1/><U75/><E0/><V33/><F33/><W135/><G102/><T72/><D72/><U24/><E75/><V35/><F35/><W117/><G117/><T39/><D39/><U59/><E3/><V70/><F70/><W89/><G135/><T77/><D77/><U71/><E71/><V64/><F64/><W32/><G32/><T113/><D113/><U29/><E111/><V26/><F123/><W73/><G73/><T99/><D99/><N who="3" m="37897" /><G134/><T81/><D81/><U47/><E108/><V133/><F133/><W41/><G132/><T124/><D124/><U109/><E109/><V40/><F122/><W68/><G68/><T17/><D17/><U42/><E19/><V15/><F121/><W116/><G116/><T88/><AGARI ba="2,1" hai="5,7,49,51,52,55,61,63,78,79,84,85,88,90" machi="88" ten="25,12000,2" yaku="1,1,0,1,22,2,8,1,54,2,53,0" doraHai="100" doraHaiUra="21" who="0" fromWho="0" sc="94,136,357,-62,237,-32,302,-32" /><INIT seed="2,0,0,4,3,34" ten="230,295,205,270" oya="2" hai0="0,73,130,105,17,132,104,70,128,48,50,19,49" hai1="13,29,116,44,71,100,79,3,98,42,7,101,59" hai2="36,121,91,83,5,57,62,97,38,52,80,82,93" hai3="28,133,37,110,20,117,127,99,92,46,6,114,14"/><V41/><F121/><W39/><G117/><T115/><D70/><U96/><E71/><V67/><F41/><W1/><G110/><T54/><D54/><U8/><E116/><V102/><F5/><W72/><G72/><T27/><D73/><U45/><E79/><V112/><F112/><W107/><G107/><N who="0" m="41035" /><D115/><U11/><E29/><V47/><F47/><W10/><G114/><T77/><D77/><U65/><E65/><V84/><REACH who="2" step="1"/><F67/><REACH who="2" ten="230,295,195,270" step="2"/><W131/><G46/><T66/><D66/><U18/><E42/><V69/><F69/><W56/><G6/><T40/><D40/><U35/><E45/><V85/><F85/><W30/><G37/><AGARI ba="0,1" hai="36,37,38,52,57,62,80,82,83,84,91,93,97,102" machi="37" ten="40,3900,0" yaku="1,1,54,1,53,0" doraHai="34" doraHaiUra="124" who="2" fromWho="3" sc="230,0,295,0,195,49,270,-39" /><INIT seed="2,1,0,1,1,127" ten="230,295,244,231" oya="2" hai0="82,93,103,76,48,36,80,25,6,122,111,92,132" hai1="118,123,98,43,63,41,133,121,51,0,62,14,94" hai2="99,45,67,20,37,69,89,24,1,73,44,64,17" hai3="130,131,57,79,12,83,84,77,38,74,97,88,42"/><V85/><F73/><W72/><G38/><T91/><D122/><N who="1" m="46603" /><E118/><V46/><F1/><W120/><G120/><T134/><D36/><U66/><E0/><V50/><F37/><W9/><G42/><N who="1" m="15882" /><E133/><N who="0" m="51305" /><D111/><U54/><E14/><V104/><F69/><W10/><G57/><T115/><D115/><U5/><E5/><V34/><F34/><W96/><G12/><T135/><N who="0" m="51313" /><T23/><DORA hai="47" /><D6/><U55/><E66/><N who="2" m="25131" /><F99/><N who="3" m="37963" /><G9/><T7/><D7/><U18/><E18/><V124/><F104/><W30/><G30/><N who="0" m="17727" /><D103/><N who="1" m="60887" /><E55/><N who="2" m="30151" /><F124/><W27/><G10/><T33/><D33/><U60/><E60/><V49/><F49/><W108/><G27/><T102/><D48/><U109/><E109/><V13/><F24/><W4/><G4/><T81/><D102/><U28/><E28/><V106/><F106/><W86/><G108/><T21/><D21/><U58/><AGARI ba="1,0" hai="51,54,58,62,63" m="60887,15882,46603" machi="58" ten="30,2000,0" yaku="13,1,52,1" doraHai="127,47" who="1" fromWho="1" sc="230,-6,295,23,244,-11,231,-6" /><INIT seed="3,0,0,0,1,73" ten="224,318,233,225" oya="3" hai0="119,51,66,17,58,18,94,43,2,77,134,131,68" hai1="62,30,117,92,71,110,9,5,107,52,40,87,132" hai2="80,13,108,64,38,27,28,45,22,72,118,49,115" hai3="20,82,55,31,103,56,42,121,60,114,57,11,61"/><W35/><G114/><T93/><D2/><U105/><E110/><V97/><F115/><W6/><G121/><T33/><D33/><U98/><E132/><V129/><F118/><W39/><G35/><T96/><D119/><U0/><E40/><V46/><F38/><W90/><G103/><N who="0" m="60815" /><D68/><U99/><E30/><V101/><F129/><W25/><G39/><T1/><D1/><U15/><E87/><V10/><F108/><W76/><G42/><T3/><D3/><U78/><E99/><V65/><F80/><W53/><G90/><T29/><D131/><U104/><E71/><V85/><F85/><N who="3" m="48327" /><G11/><T41/><D29/><U100/><E117/><V81/><F81/><W106/><G106/><T74/><D77/><U113/><E78/><V19/><F72/><W89/><G89/><T50/><D74/><U124/><E113/><V70/><F70/><W86/><G86/><T14/><D134/><U116/><E116/><V112/><F112/><W54/><G6/><T21/><D94/><U12/><E0/><V69/><F69/><W37/><G37/><T24/><D41/><U8/><E92/><V26/><F26/><W88/><G88/><T79/><D79/><U102/><E102/><V125/><F101/><W67/><AGARI ba="0,0" hai="20,25,31,53,54,55,56,57,60,61,67" m="48327" machi="67" ten="30,3000,0" yaku="8,1,52,1" doraHai="73" who="3" fromWho="3" sc="224,-10,318,-10,233,-10,225,30" /><INIT seed="3,1,0,3,4,9" ten="214,308,223,255" oya="3" hai0="39,2,107,45,20,69,14,64,52,71,95,36,92" hai1="105,15,108,111,131,75,65,49,114,51,30,4,59" hai2="24,90,56,66,34,115,22,98,58,125,119,82,100" hai3="120,88,68,126,28,132,84,37,110,103,96,123,19"/><W23/><G68/><T57/><D107/><U26/><E114/><V86/><F115/><W40/><G126/><T25/><D2/><U0/><E75/><V38/><F119/><W130/><G130/><T97/><D71/><U32/><E105/><V102/><F125/><W124/><G124/><T63/><D14/><U135/><E0/><V18/><F38/><W27/><G132/><T41/><D39/><U72/><E72/><V93/><F34/><W73/><G73/><T67/><D69/><U7/><E7/><V10/><F10/><W99/><G110/><N who="1" m="42026" /><E135/><V8/><F8/><W109/><G109/><T17/><REACH who="0" step="1"/><D92/><REACH who="0" ten="204,308,223,255" step="2"/><U112/><E15/><V127/><F127/><W89/><G37/><T85/><D85/><U106/><E106/><V43/><F43/><W118/><G84/><T81/><D81/><U70/><E131/><V116/><F116/><W128/><G40/><T33/><D33/><U46/><E70/><V60/><F58/><W5/><G128/><T16/><D16/><U48/><E112/><V44/><F44/><W62/><G19/><T80/><D80/><U77/><E4/><V6/><F6/><W94/><G5/><T50/><D50/><U61/><E46/><V83/><F83/><W1/><G118/><T31/><D31/><N who="1" m="19575" /><E77/><AGARI ba="1,1" hai="18,22,24,56,60,66,77,82,86,90,93,98,100,102" machi="77" ten="30,2000,0" yaku="7,1,8,1" doraHai="9" who="2" fromWho="1" sc="204,0,308,-23,223,33,255,0" /><INIT seed="4,0,0,1,5,105" ten="204,285,256,255" oya="0" hai0="84,42,47,21,126,57,17,132,6,121,27,102,16" hai1="127,86,107,131,23,61,54,89,19,106,114,72,0" hai2="92,91,3,52,24,88,50,125,15,56,51,115,98" hai3="93,62,81,25,112,68,7,60,33,29,26,49,13"/><T39/><D121/><U63/><E0/><V124/><F3/><W117/><G117/><T48/><D126/><N who="2" m="48746" /><F115/><W32/><G112/><T35/><D132/><U118/><E127/><V101/><F15/><W83/><G68/><T64/><D6/><U65/><E114/><V75/><F75/><W135/><G135/><T46/><D35/><U116/><E72/><V12/><F12/><W1/><G1/><T80/><D102/><U108/><E108/><V8/><F8/><W99/><G49/><N who="2" m="18441" /><F24/><W20/><G13/><T111/><D111/><U45/><E131/><V73/><F73/><W123/><G7/><T38/><D47/><U77/><E45/><V78/><F78/><W122/><G20/><T109/><D109/><U119/><E77/><V71/><F71/><W110/><G110/><T82/><D17/><U14/><E54/><V96/><F98/><W120/><G99/><T10/><D10/><U34/><E34/><V40/><F40/><W36/><G36/><T44/><D84/><U128/><E128/><V53/><F53/><W22/><G22/><T43/><REACH who="0" step="1"/><D48/><AGARI ba="0,0" hai="48,52,56,88,91,92,96,101" m="18441,48746" machi="48" ten="30,3900,0" yaku="18,1,54,2" doraHai="105" who="2" fromWho="0" sc="204,-39,285,0,256,39,255,0" /><INIT seed="5,0,0,5,0,115" ten="165,285,295,255" oya="1" hai0="74,78,82,121,64,15,107,117,131,110,37,122,23" hai1="14,84,91,119,31,135,52,2,123,27,19,97,16" hai2="18,45,67,92,12,111,51,102,75,8,128,112,50" hai3="129,90,66,35,120,61,53,29,132,109,11,83,87"/><U38/><E119/><V98/><F111/><W21/><G109/><T36/><D110/><U104/><E123/><N who="0" m="47113" /><D107/><U9/><E38/><N who="0" m="14953" /><D64/><U99/><E135/><V22/><F112/><W96/><G132/><T77/><D131/><U125/><E125/><V4/><F128/><W114/><G114/><T49/><D49/><U58/><E2/><V59/><F75/><W42/><G129/><T1/><D1/><U40/><E40/><V63/><F45/><W47/><G42/><T94/><D94/><N who="1" m="54631" /><E31/><V101/><F102/><W55/><G47/><T73/><D23/><N who="1" m="13823" /><E104/><V57/><F59/><N who="3" m="37183" /><G35/><T133/><D133/><U126/><E126/><V34/><F34/><W76/><G120/><T103/><D15/><AGARI ba="0,0" hai="4,8,12,15,18,22,50,51,57,63,67,92,98,101" machi="15" ten="30,2000,0" yaku="7,1,8,1" doraHai="115" who="2" fromWho="0" sc="165,-20,285,0,295,20,255,0" owari="145,-35.5,285,8.5,315,41.5,255,-14.5" /></mjloggm>