<mjloggm ver="2.3"><GO type="225" lobby="0"/><UN n0="%E8%81%B7%E6%A5%AD%E3%80%81%E9%A2%A8%32" n1="%6D%75%75%6D%75%72%61" n2="%72%69%6F%75%63%68%61%6E" n3="%73%6C%69%63%6B%33%31%39" dan="16,16,17,16" rate="2146.03,2196.56,2205.85,2170.15" sx="M,F,M,M"/><TAIKYOKU oya="0"/><INIT seed="0,0,0,2,5,18" ten="250,250,250,250" oya="0" hai0="55,24,65,97,88,37,38,117,102,7,80,111,105" hai1="89,83,101,78,47,20,85,134,114,25,27,132,115" hai2="33,19,130,129,109,16,107,29,22,81,110,118,74" hai3="103,42,53,56,49,45,67,41,35,54,126,40,125"/><T2/><D117/><U26/><E101/><V36/><F36/><W52/><G35/><T82/><D65/><U44/><E78/><N who="2" m="44247" /><F107/><W69/><G103/><T100/><D24/><U124/><E124/><N who="3" m="47722" /><G69/><T12/><D2/><U106/><E106/><V15/><F118/><W58/><G67/><T68/><D68/><U23/><E47/><V77/><F77/><W50/><G53/><T60/><D102/><U5/><E44/><AGARI ba="0,0" hai="40,41,42,44,45,49,50,52,54,56,58" m="47722" machi="44" ten="30,7700,0" yaku="18,1,34,2,54,1" doraHai="18" who="3" fromWho="1" sc="250,0,250,-77,250,0,250,77" /><INIT seed="1,0,0,4,1,108" ten="250,173,250,327" oya="1" hai0="87,90,91,118,61,53,31,25,20,132,107,135,32" hai1="47,48,40,5,83,114,101,12,60,92,28,106,30" hai2="58,13,120,109,117,129,23,119,8,94,16,116,81" hai3="65,111,74,18,4,84,100,42,93,78,125,128,79"/><U9/><E106/><V27/><F120/><W26/><G111/><T22/><D107/><U54/><E114/><V49/><F109/><W104/><G128/><T124/><D118/><U57/><REACH who="1" step="1"/><E83/><REACH who="1" ten="250,163,250,327" step="2"/><V43/><F129/><W62/><G104/><T66/><D135/><U99/><AGARI ba="0,1" hai="5,9,12,28,30,40,47,48,54,57,60,92,99,101" machi="99" ten="30,12000,1" yaku="1,1,2,1,0,1,8,1,53,1" doraHai="108" doraHaiUra="56" who="1" fromWho="1" sc="250,-40,163,130,250,-40,327,-40" /><INIT seed="1,1,0,1,5,98" ten="210,293,210,287" oya="1" hai0="19,37,10,67,94,134,95,54,18,4,27,76,74" hai1="71,122,16,75,14,105,35,8,79,129,36,65,69" hai2="83,11,38,59,133,73,64,62,82,109,103,6,111" hai3="117,112,29,2,20,120,60,115,40,127,33,113,34"/><U107/><E122/><V125/><F125/><W25/><G40/><T47/><D134/><U135/><E135/><V70/><F133/><W0/><G60/><T123/><D123/><U110/><E129/><V78/><F38/><W106/><G106/><T121/><D121/><U44/><E35/><N who="3" m="13322" /><G120/><T118/><D118/><U89/><E110/><N who="2" m="41995" /><F82/><W32/><G127/><T22/><D67/><U1/><E1/><N who="3" m="618" /><G20/><T42/><D54/><U30/><E30/><V7/><F11/><W39/><G39/><T57/><D57/><U9/><E9/><V116/><F116/><AGARI ba="1,0" hai="25,29,32,112,113,115,116,117" m="618,13322" machi="116" ten="40,5200,0" yaku="23,1,34,2" doraHai="98" who="3" fromWho="2" sc="210,0,293,0,210,-55,287,55" /><INIT seed="2,0,0,3,0,97" ten="210,293,155,342" oya="2" hai0="128,102,126,114,7,69,122,91,79,24,70,21,80" hai1="67,131,48,113,37,29,120,13,99,23,127,134,68" hai2="118,103,59,108,125,56,9,46,26,18,15,77,51" hai3="6,81,2,14,22,83,30,116,55,32,123,107,89"/><V28/><F125/><W100/><G123/><T35/><D114/><U85/><E113/><V10/><F118/><W53/><G116/><T106/><D35/><U41/><E37/><V1/><F108/><W17/><G100/><T3/><D128/><U117/><E117/><V90/><F77/><W84/><G107/><T0/><D91/><U76/><E131/><V43/><F90/><W62/><G83/><T61/><D126/><U40/><E134/><V115/><F115/><W105/><G105/><T33/><D33/><U74/><E74/><V66/><F66/><W52/><G62/><T72/><D122/><U86/><E120/><V75/><F75/><W101/><G101/><T42/><D42/><U19/><E127/><V78/><F78/><W73/><G73/><T27/><D27/><U96/><E29/><V49/><F103/><W71/><G71/><T36/><D70/><U94/><E68/><V133/><F133/><W58/><G2/><T111/><D3/><U112/><E112/><V88/><F88/><W121/><G121/><T5/><D0/><U104/><E67/><V12/><F1/><W47/><G47/><T132/><D132/><U119/><E104/><V8/><F51/><W20/><G6/><T95/><D36/><U98/><E119/><V109/><F109/><W38/><G38/><T39/><D39/><U50/><E94/><V65/><F65/><W87/><G87/><N who="1" m="33290" /><E76/><V110/><F110/><W44/><G44/><T63/><D106/><U130/><E130/><V60/><F60/><N who="3" m="35911" /><G32/><T34/><D34/><U93/><E93/><V92/><F92/><RYUUKYOKU ba="0,0" sc="210,-15,293,15,155,-15,342,15" hai1="13,19,23,40,41,48,50,96,98,99" hai3="14,17,20,22,30,53,55,81,84,89" /><INIT seed="3,1,0,3,5,34" ten="195,308,140,357" oya="3" hai0="130,9,83,41,8,44,127,32,131,90,69,12,16" hai1="13,38,0,129,125,133,27,77,6,26,67,19,63" hai2="112,24,109,134,62,21,79,29,23,89,94,46,52" hai3="122,28,118,58,18,71,73,49,74,78,121,50,59"/><W66/><G118/><T88/><D69/><U45/><E125/><V36/><F134/><W17/><G71/><T132/><D32/><U117/><E133/><V70/><F109/><W105/><G78/><T43/><D43/><U55/><E129/><N who="0" m="49161" /><D127/><U72/><E117/><V80/><F112/><W42/><G42/><T116/><D116/><U110/><E110/><V15/><F36/><W81/><G81/><T64/><D64/><U22/><E72/><V7/><F70/><W35/><G28/><T11/><D132/><U53/><E77/><V54/><F62/><W68/><G50/><N who="0" m="26895" /><D83/><U115/><E115/><V108/><F108/><W101/><G73/><T103/><D103/><U107/><E107/><V102/><F102/><W10/><G18/><T37/><D37/><U65/><E38/><V3/><F46/><W106/><G10/><AGARI ba="1,0" hai="8,9,10,11,12,16,88,90" m="26895,49161" machi="10" ten="30,3900,0" yaku="19,1,54,2" doraHai="34" who="0" fromWho="3" sc="195,42,308,0,140,0,357,-42" owari="237,-16.3,308,10.8,140,-36.0,315,41.5" /></mjloggm>