<mjloggm ver="2.3"><GO type="225" lobby="0"/><UN n0="%E6%98%93%E5%88%A9%E8%96%A9%E4%BC%AF" n1="%E8%BE%9B%E5%8F%A3%E3%82%AB%E3%83%AC%E3%83%BC%E3%83%A9%E3%82%A4%E3%82%B9" n2="%72%69%6F%75%63%68%61%6E" n3="%E3%81%AF%E3%82%88%E3%81%8A%E3%81%98%E3%81%95%E3%82%93" dan="16,17,16,17" rate="2121.93,2222.35,2192.36,2133.07" sx="F,M,M,M"/><TAIKYOKU oya="0"/><INIT seed="0,0,0,4,2,5" ten="250,250,250,250" oya="0" hai0="12,25,100,56,125,123,44,88,27,109,81,34,83" hai1="89,99,105,15,40,121,29,13,78,70,10,133,3" hai2="50,51,8,116,111,104,20,75,28,130,64,73,7" hai3="30,96,95,85,77,52,58,110,33,61,66,11,87"/><T74/><D123/><U120/><E133/><V124/><F104/><W86/><G110/><T14/><D100/><U80/><E70/><V55/><F111/><W43/><G43/><T131/><D109/><U41/><E3/><V18/><F124/><W63/><G33/><T76/><D131/><U93/><E29/><V45/><F130/><W49/><G30/><T92/><D83/><U53/><E105/><V68/><F116/><W2/><G77/><T103/><D103/><U54/><E120/><V35/><F35/><W112/><G112/><T36/><D56/><U82/><E15/><V107/><F107/><W119/><G119/><T97/><D125/><U21/><E21/><V31/><F51/><W115/><G115/><T127/><D127/><U84/><E82/><V134/><F134/><W37/><G37/><T4/><D34/><U117/><E117/><V47/><F47/><W113/><G113/><T38/><D14/><U9/><E121/><V72/><F64/><W19/><G66/><T46/><D44/><U0/><E0/><V98/><F68/><W26/><G2/><T32/><D32/><U17/><REACH who="1" step="1"/><E10/><REACH who="1" ten="250,240,250,250" step="2"/><V118/><F118/><W60/><G11/><T108/><D108/><U114/><E114/><V57/><F8/><W101/><G26/><T16/><D12/><U67/><E67/><V59/><F7/><W91/><REACH who="3" step="1"/><G19/><REACH who="3" ten="250,240,250,240" step="2"/><T106/><D16/><U24/><E24/><N who="2" m="16391" /><F18/><W69/><G69/><T71/><D71/><U48/><E48/><V132/><F31/><W1/><G1/><T42/><D27/><U39/><E39/><V79/><F132/><RYUUKYOKU ba="0,2" sc="250,-15,240,15,250,-15,240,15" hai1="9,13,17,40,41,53,54,78,80,84,89,93,99" hai3="49,52,58,60,61,63,85,86,87,91,95,96,101" /><INIT seed="1,1,2,0,0,75" ten="235,255,235,255" oya="1" hai0="15,72,9,89,55,121,123,41,0,85,119,23,102" hai1="68,106,65,87,92,115,84,131,35,126,134,38,54" hai2="98,56,39,76,110,81,86,19,49,88,4,25,100" hai3="59,105,104,107,90,40,22,21,67,52,112,97,99"/><U32/><E106/><V128/><F110/><W60/><G112/><T12/><D72/><U116/><E115/><V82/><F128/><W42/><G67/><T118/><D102/><U62/><E116/><V27/><F39/><W24/><G21/><T117/><D41/><U61/><E131/><V96/><F4/><W70/><G70/><T79/><D55/><U5/><E38/><V53/><F19/><N who="3" m="12383" /><G99/><N who="2" m="37929" /><F100/><W44/><G44/><T10/><D23/><U51/><E134/><V34/><F34/><W50/><G50/><T66/><D66/><U101/><E126/><V127/><F127/><W58/><G58/><T103/><D103/><U57/><E101/><V71/><F71/><W13/><G13/><T1/><D89/><U6/><E35/><V29/><F29/><W73/><G73/><T122/><D85/><U37/><E32/><V93/><F81/><W113/><G113/><T2/><D79/><U30/><E37/><V91/><F91/><W129/><G129/><T17/><D17/><U111/><E30/><V83/><F82/><W26/><G26/><T47/><D47/><U95/><E87/><AGARI ba="1,2" hai="25,27,49,53,56,76,83,86,87,88,93" m="37929" machi="87" ten="30,3900,0" yaku="8,1,52,1,54,1" doraHai="75" who="2" fromWho="1" sc="235,0,255,-42,235,62,255,0" /><INIT seed="2,0,0,4,5,78" ten="235,213,297,255" oya="2" hai0="127,115,41,32,45,10,135,8,6,28,97,74,86" hai1="81,58,48,91,112,52,1,73,118,9,63,27,42" hai2="34,134,111,116,16,101,98,70,49,128,17,121,57" hai3="120,71,21,66,29,100,3,99,26,87,53,55,51"/><V133/><F116/><W39/><G120/><T22/><D74/><U82/><E112/><V103/><F121/><W84/><G39/><T89/><D115/><U124/><E118/><V44/><F70/><W108/><G108/><T85/><D32/><U61/><E73/><V30/><F111/><W88/><G3/><T33/><D33/><U126/><E27/><N who="2" m="18783" /><F57/><W13/><G13/><T46/><D127/><N who="1" m="48683" /><E91/><V40/><F103/><W102/><G87/><T11/><D135/><N who="2" m="51722" /><F128/><W131/><G131/><T105/><D6/><N who="1" m="1231" /><E42/><V104/><AGARI ba="0,0" hai="16,17,40,44,49,98,101,104" m="51722,18783" machi="104" ten="30,3000,0" yaku="20,1,54,1" doraHai="78" who="2" fromWho="2" sc="235,-10,213,-10,297,30,255,-10" /><INIT seed="2,1,0,3,3,25" ten="225,203,327,245" oya="2" hai0="98,123,101,79,23,5,14,112,30,17,28,125,87" hai1="107,45,11,75,114,113,65,120,83,69,93,12,24" hai2="90,10,39,9,33,36,70,27,116,19,126,4,35" hai3="135,48,94,92,40,115,2,26,102,110,1,117,3"/><V64/><F116/><W88/><G117/><T41/><D123/><U111/><E107/><V49/><F126/><W66/><G110/><T15/><D112/><U86/><E111/><V118/><F118/><W20/><G115/><T60/><D125/><U76/><E120/><V100/><F100/><W58/><G135/><T103/><D41/><U99/><E75/><V95/><F9/><W57/><G102/><T78/><D60/><U29/><E45/><V61/><F49/><W38/><G38/><T31/><D87/><U71/><E65/><V73/><F73/><W84/><G94/><N who="0" m="58583" /><D103/><U133/><E133/><V81/><F81/><W6/><G6/><T124/><D124/><U131/><E131/><V72/><F72/><W52/><G40/><T46/><D46/><U18/><E114/><V106/><F106/><W121/><G121/><T34/><D34/><U119/><E119/><V127/><F127/><W82/><G82/><T7/><D7/><U55/><E55/><V62/><F61/><W134/><G134/><T56/><D56/><U43/><E43/><V74/><F74/><W130/><G130/><T59/><D59/><U89/><REACH who="1" step="1"/><E113/><REACH who="1" ten="225,193,327,245" step="2"/><V108/><F108/><W53/><G66/><T122/><D122/><U13/><E13/><V21/><F39/><W16/><G1/><T85/><D85/><U50/><E50/><AGARI ba="1,1" hai="2,3,16,20,26,48,50,52,53,57,58,84,88,92" machi="50" ten="30,8000,1" yaku="7,1,9,1,54,3" doraHai="25" who="3" fromWho="1" sc="225,0,193,-83,327,0,245,93" /><INIT seed="3,0,0,3,3,36" ten="225,110,327,338" oya="3" hai0="29,100,48,57,45,84,25,67,113,49,104,106,17" hai1="41,119,131,103,80,75,23,135,88,8,74,109,93" hai2="60,110,28,120,24,70,62,39,35,90,91,16,107" hai3="0,89,32,83,72,125,92,69,68,27,51,116,58"/><W53/><G116/><T12/><D113/><U94/><E119/><V77/><F39/><W40/><G0/><T71/><D71/><U6/><E109/><V14/><F107/><W127/><G40/><T123/><D123/><U56/><E131/><V117/><F117/><W97/><G32/><T22/><D100/><U15/><E135/><V10/><F110/><W85/><G27/><T102/><D102/><U99/><E80/><V76/><F120/><W42/><G42/><T19/><D19/><U121/><E121/><V3/><F3/><W124/><G72/><T64/><D49/><U86/><E56/><V50/><F50/><W37/><G37/><T111/><D84/><U46/><REACH who="1" step="1"/><E23/><REACH who="1" ten="225,100,327,338" step="2"/><N who="2" m="15391" /><F70/><W1/><G1/><T79/><D57/><U11/><E11/><V52/><F35/><W26/><G26/><T5/><D22/><U44/><E44/><V115/><F115/><W66/><G66/><T101/><D45/><U95/><E95/><V63/><F52/><W114/><G114/><T18/><D64/><U31/><E31/><V129/><F129/><W20/><G20/><T33/><D29/><U112/><E112/><V47/><F47/><W43/><G43/><T105/><D67/><U122/><E122/><V34/><F34/><W73/><G73/><T134/><D33/><U82/><E82/><V13/><F13/><W59/><G58/><T9/><D12/><U61/><E61/><V132/><F132/><W30/><G30/><T38/><D134/><U7/><E7/><V55/><F55/><W126/><N who="3" m="31744" /><DORA hai="2" /><W81/><G81/><T133/><D111/><RYUUKYOKU ba="0,1" sc="225,-30,100,10,327,10,338,10" hai1="6,8,15,41,46,74,75,86,88,93,94,99,103" hai2="10,14,16,60,62,63,76,77,90,91" hai3="51,53,59,68,69,83,85,89,92,97" owari="195,-20.5,110,-39.0,337,13.7,358,45.8" /></mjloggm>