<mjloggm ver="2.3"><GO type="225" lobby="0"/><UN n0="%E7%AD%89%E3%80%85%E5%8A%9B%E5%8A%87%E5%A0%B4" n1="%E3%81%86%E3%83%BC%E3%81%B1%E3%83%BC" n2="%E5%8F%AF%E5%85%90%E9%82%A3%E7%94%B1%E5%A4%9A" n3="%6D%75%75%6D%75%72%61" dan="16,16,16,16" rate="2131.33,2182.65,2159.15,2158.40" sx="M,F,F,F"/><TAIKYOKU oya="0"/><INIT seed="0,0,0,2,5,43" ten="250,250,250,250" oya="0" hai0="11,59,107,3,133,60,52,68,33,32,47,76,109" hai1="126,21,64,18,8,13,72,44,12,85,25,20,31" hai2="111,99,10,27,124,128,71,91,54,29,88,89,22" hai3="2,53,73,123,66,103,80,61,16,102,58,114,51"/><T95/><D107/><U132/><E132/><V115/><F115/><W4/><G114/><T78/><D133/><U125/><E72/><V83/><F111/><W6/><G123/><T77/><D109/><U49/><E64/><V112/><F112/><W41/><G41/><T17/><D68/><U81/><E125/><V1/><F124/><W131/><G131/><T63/><D63/><U100/><E100/><V67/><F128/><W97/><G73/><T93/><D17/><U36/><E36/><V24/><F71/><W55/><G80/><T79/><N who="0" m="19456" /><DORA hai="110" /><T105/><D105/><U92/><E92/><V28/><F67/><W69/><G53/><T45/><D95/><U70/><E70/><V122/><F122/><W113/><G2/><T119/><D93/><U5/><E126/><V35/><F99/><W116/><G113/><T104/><D104/><U75/><E75/><V101/><F101/><W40/><G40/><T48/><D119/><U108/><E108/><V39/><F39/><W0/><G0/><T117/><D117/><U96/><E96/><V87/><REACH who="2" step="1"/><F54/><REACH who="2" ten="250,250,240,250" step="2"/><W82/><G116/><T130/><D130/><U90/><E49/><V118/><F118/><W134/><G103/><T14/><D48/><U46/><AGARI ba="0,1" hai="5,8,12,13,18,20,21,25,31,44,46,81,85,90" machi="46" ten="30,7900,0" yaku="0,1,8,1,52,2" doraHai="43,110" who="1" fromWho="1" sc="250,-39,250,89,240,-20,250,-20" /><INIT seed="1,0,0,5,1,55" ten="211,339,220,230" oya="1" hai0="109,97,29,38,44,27,43,41,112,127,4,80,85" hai1="82,117,91,124,11,116,40,61,6,62,90,121,23" hai2="111,45,39,13,19,0,3,54,30,24,128,9,106" hai3="51,79,35,118,48,119,57,115,73,12,37,104,110"/><U17/><E121/><V107/><F111/><W87/><G115/><T53/><D112/><U8/><E40/><V123/><F123/><W89/><G37/><T72/><D72/><U42/><E42/><V84/><F128/><W120/><G120/><T67/><D109/><U71/><E124/><V135/><F135/><W74/><G110/><T50/><D127/><U49/><E49/><V31/><F39/><W94/><G104/><T33/><D4/><U86/><E90/><V130/><F130/><W64/><G35/><T129/><D129/><U68/><E11/><V92/><F107/><W113/><G113/><T69/><D97/><U28/><E28/><V95/><F106/><W122/><G122/><T58/><D43/><U21/><E21/><N who="2" m="13375" /><F0/><W131/><G131/><T7/><D7/><U56/><E62/><V36/><F3/><W103/><G12/><T81/><REACH who="0" step="1"/><D85/><REACH who="0" ten="201,339,220,230" step="2"/><N who="1" m="50615" /><E6/><N who="2" m="3255" /><F36/><W15/><G73/><T100/><D100/><U47/><E117/><V77/><F84/><W114/><G114/><T59/><D59/><U105/><E56/><V93/><F77/><W83/><G103/><T101/><D101/><U1/><E86/><V70/><F70/><W76/><G118/><T108/><D108/><U34/><E71/><V125/><F125/><W32/><G119/><T2/><D2/><U16/><E1/><V134/><F134/><W46/><G76/><T133/><D133/><U88/><E116/><V60/><F45/><W10/><G46/><T75/><D75/><U20/><E68/><V132/><F132/><W102/><G102/><T66/><D66/><U63/><E47/><RYUUKYOKU ba="0,1" sc="201,15,339,-15,220,15,230,-15" hai0="27,29,33,38,41,44,50,53,58,67,69,80,81" hai2="30,31,54,60,92,93,95" /><INIT seed="2,1,1,0,2,132" ten="216,324,235,215" oya="2" hai0="108,63,107,28,2,35,13,19,127,34,53,16,74" hai1="17,60,72,103,11,118,89,75,68,55,5,128,81" hai2="95,45,29,83,15,126,88,43,12,23,90,7,80" hai3="42,40,123,120,51,71,112,79,61,113,116,115,70"/><V56/><F126/><W76/><G116/><T49/><D2/><U82/><E118/><V109/><F109/><W114/><N who="3" m="28672" /><DORA hai="111" /><W119/><G119/><T98/><D108/><U106/><E128/><V94/><F56/><W134/><G134/><T39/><D39/><U101/><E17/><V0/><F0/><W125/><G125/><T30/><D127/><U8/><E106/><V20/><F43/><N who="3" m="16427" /><G51/><T67/><D74/><U66/><E55/><V92/><F45/><W48/><G48/><T21/><D35/><U110/><E11/><V54/><F54/><W4/><G4/><T135/><D34/><U73/><E110/><V69/><F69/><N who="3" m="26123" /><G61/><T3/><D63/><U93/><E5/><V44/><F44/><W18/><G18/><T26/><D19/><U62/><E60/><V86/><F7/><W104/><G104/><T105/><D16/><U78/><E62/><V130/><F130/><W65/><G65/><T41/><D67/><U57/><E66/><V100/><F29/><W6/><G6/><T47/><D30/><U36/><E68/><V46/><F46/><W37/><G37/><T87/><D107/><U31/><E36/><V102/><F12/><W24/><G24/><T84/><D13/><U117/><E31/><V133/><F133/><W33/><G33/><T32/><D32/><U38/><E117/><V22/><F15/><W122/><AGARI ba="1,1" hai="76,79,120,122,123" m="26123,16427,28672" machi="122" ten="70,12000,2" yaku="28,2,11,1,52,4" doraHai="132,111" who="3" fromWho="3" sc="216,-31,324,-31,235,-61,215,133" /><INIT seed="3,0,0,0,2,52" ten="185,293,174,348" oya="3" hai0="135,53,73,54,67,16,18,17,22,4,131,0,108" hai1="30,110,123,55,125,118,45,3,134,63,78,103,119" hai2="40,61,6,109,101,129,31,86,84,88,89,128,26" hai3="91,113,39,102,79,122,21,71,130,44,41,104,13"/><W12/><G113/><T82/><D108/><U60/><E3/><V59/><F109/><W15/><G122/><T48/><D135/><U9/><E103/><V95/><F101/><W46/><G71/><T97/><D131/><N who="2" m="50250" /><F40/><W126/><G126/><T115/><D115/><U90/><E78/><V1/><F6/><W85/><G79/><T87/><D73/><U116/><E30/><V80/><F1/><W100/><G130/><T5/><D67/><U68/><E90/><V27/><F31/><W11/><G46/><T37/><D37/><U117/><E9/><V127/><F127/><W36/><G36/><T32/><D32/><U94/><E94/><V75/><F75/><W50/><G39/><T98/><D22/><U132/><E110/><V99/><F86/><W133/><G104/><T28/><D28/><U34/><E34/><V70/><F70/><W29/><G133/><N who="1" m="51306" /><E116/><V114/><F114/><W65/><G11/><T47/><D54/><AGARI ba="0,0" hai="26,27,54,59,61,80,84,88,89,95,99" m="50250" machi="54" ten="30,3900,0" yaku="19,1,52,1,54,1" doraHai="52" who="2" fromWho="0" sc="185,-39,293,0,174,39,348,0" owari="146,-35.4,293,9.3,213,-18.7,348,44.8" /></mjloggm>