<mjloggm ver="2.3"><GO type="225" lobby="0"/><UN n0="%E5%8D%A0%E3%81%84%E5%B8%AB%E8%A3%8F%E3%81%AA%E3%81%84%E3%81%97" n1="%4E%49%4A%49%49%52%4F" n2="%E3%81%99%E3%81%84%E3%81%BE%E3%81%9B%E3%83%BC%E3%82%93" n3="%E7%89%B9%E6%9D%B1%E3%81%AF%E4%B8%96%E7%95%8C%E3%82%92%E6%95%91%E3%81%86" dan="16,17,16,16" rate="2145.15,2225.32,2209.82,2075.07" sx="M,M,M,M"/><TAIKYOKU oya="0"/><INIT seed="0,0,0,4,3,83" ten="250,250,250,250" oya="0" hai0="110,123,104,3,75,27,55,7,95,41,92,22,29" hai1="117,79,52,40,65,91,18,47,69,66,120,25,129" hai2="81,10,113,88,20,119,98,106,53,134,32,43,46" hai3="0,15,24,97,4,23,61,42,30,122,109,11,54"/><T62/><BYE who="1" /><D123/><UN n1="%4E%49%4A%49%49%52%4F" /><U9/><E120/><V89/><F32/><W124/><G122/><T21/><D104/><U77/><E117/><V114/><F119/><W6/><G42/><T37/><D41/><U105/><E69/><V94/><F134/><W13/><G109/><T80/><D37/><U127/><E105/><V56/><F106/><W12/><G124/><T82/><D110/><U38/><E127/><V35/><F35/><W28/><G97/><T87/><D75/><U39/><E129/><V74/><F20/><N who="3" m="15367" /><G54/><T1/><D80/><U135/><E135/><V101/><F10/><N who="3" m="2311" /><G61/><T126/><D126/><U133/><E133/><V51/><F101/><W131/><G131/><T71/><D22/><U132/><E132/><V111/><F111/><W45/><G45/><T16/><D29/><U99/><E39/><V26/><F26/><AGARI ba="0,0" hai="6,11,12,13,15,23,26,30" m="2311,15367" machi="26" ten="30,8000,1" yaku="35,5" doraHai="83" who="3" fromWho="2" sc="250,0,250,0,250,-80,250,80" /><INIT seed="1,0,0,0,5,77" ten="250,250,170,330" oya="1" hai0="20,95,84,59,32,96,66,129,24,127,60,90,98" hai1="26,85,124,81,65,106,33,86,13,130,43,61,1" hai2="36,23,49,40,80,97,75,89,53,72,102,82,133" hai3="91,131,112,71,115,113,134,135,35,125,73,76,55"/><U34/><E1/><V104/><F133/><N who="3" m="50699" /><G131/><T108/><D108/><U70/><E106/><V48/><F36/><W52/><G125/><T22/><D129/><U69/><E130/><V28/><F40/><W12/><G71/><T56/><D32/><U101/><E124/><V63/><F63/><W54/><G35/><T44/><D127/><U37/><E101/><V100/><F100/><W83/><G91/><T68/><D20/><U88/><E69/><V120/><F120/><W18/><G55/><T17/><D44/><U11/><E26/><V9/><F9/><AGARI ba="0,0" hai="9,12,18,52,54,73,76,83,112,113,115" m="50699" machi="9" ten="40,5200,0" yaku="20,1,52,1,54,1" doraHai="77" who="3" fromWho="2" sc="250,0,250,0,170,-52,330,52" /><INIT seed="2,0,0,1,1,113" ten="250,250,118,382" oya="2" hai0="124,21,119,14,51,77,5,47,110,75,8,93,117" hai1="73,123,80,78,49,3,102,101,0,88,48,55,74" hai2="27,116,134,130,62,104,84,28,65,33,60,44,59" hai3="129,82,4,46,36,89,76,135,112,11,132,22,72"/><V68/><F130/><W31/><G129/><T1/><D110/><U97/><E123/><V126/><F134/><N who="3" m="51243" /><G112/><T92/><D124/><U18/><E73/><V15/><F126/><W114/><G114/><T25/><D1/><U12/><E49/><V58/><F104/><W81/><G31/><N who="0" m="17839" /><D77/><U16/><E18/><V24/><F24/><W125/><G22/><T111/><D75/><U128/><E128/><V40/><F116/><N who="0" m="44618" /><D111/><U103/><E97/><V108/><F108/><W107/><G76/><T99/><D99/><U115/><E115/><V106/><F106/><W105/><G105/><T94/><D94/><U127/><E127/><V34/><F34/><W17/><G72/><T30/><D30/><U98/><E98/><V64/><F84/><W26/><G81/><T42/><AGARI ba="0,0" hai="5,8,14,42,47,51,92,93" m="44618,17839" machi="42" ten="30,7900,0" yaku="12,1,52,3" doraHai="113" who="0" fromWho="0" sc="250,79,250,-20,118,-39,382,-20" /><INIT seed="3,0,0,2,4,23" ten="329,230,79,362" oya="3" hai0="84,120,42,99,74,133,49,66,13,8,114,106,7" hai1="10,70,135,118,57,117,79,16,35,3,108,11,124" hai2="76,81,110,17,67,36,56,72,132,68,102,30,4" hai3="27,77,64,12,41,25,75,103,6,100,32,58,123"/><W0/><G0/><T34/><D120/><U129/><E70/><V5/><F110/><W119/><G123/><T24/><D74/><U95/><E79/><V22/><F132/><W93/><G119/><T87/><D133/><U86/><E86/><V96/><F36/><W43/><G77/><T88/><D66/><U78/><E78/><V91/><F68/><W126/><G75/><T54/><D42/><N who="3" m="15881" /><G32/><T109/><D109/><U19/><E95/><V26/><F17/><W92/><G92/><N who="0" m="56711" /><D34/><U61/><E57/><V39/><F91/><W134/><G134/><T71/><D71/><U18/><E61/><V40/><F40/><W59/><G126/><T80/><D106/><U20/><E135/><V55/><F39/><W44/><G44/><N who="0" m="27943" /><D114/><U28/><E124/><V37/><F37/><W9/><G58/><T94/><D94/><U122/><E108/><V21/><F21/><W130/><G130/><T65/><D65/><U47/><E47/><V89/><F89/><W45/><G45/><T101/><D101/><N who="3" m="38985" /><G93/><T82/><D87/><U112/><E122/><V38/><F38/><W111/><G111/><T107/><D107/><U2/><E129/><V73/><F73/><W52/><G64/><T90/><D82/><U60/><E60/><AGARI ba="0,0" hai="6,9,12,25,27,52,59,60" m="38985,15881" machi="60" ten="30,11600,0" yaku="8,1,52,2,54,1" doraHai="23" who="3" fromWho="1" sc="329,0,230,-116,79,0,362,116" owari="329,12.9,114,-28.6,79,-42.1,478,57.8" /></mjloggm>