<mjloggm ver="2.3"><GO type="225" lobby="0"/><UN n0="%E3%82%BC%E3%83%AB%E3%83%80%E3%81%AE%E4%BC%9D%E8%AA%AC" n1="%65%2D%73%65%70%65%6E%3B" n2="%52%61%69%61%6E%2E" n3="%E8%B1%86%59%E5%A4%AA%E9%83%8E" dan="18,16,16,16" rate="2179.34,2116.34,2039.33,2054.88" sx="M,M,M,M"/><TAIKYOKU oya="0"/><INIT seed="0,0,0,5,1,109" ten="250,250,250,250" oya="0" hai0="87,91,63,68,118,67,13,49,108,24,110,27,11" hai1="2,77,132,107,56,74,86,19,113,34,97,124,61" hai2="17,60,4,12,123,88,70,3,54,128,25,33,6" hai3="69,105,106,37,102,5,126,36,133,14,129,104,58"/><T28/><D118/><U95/><E34/><V29/><F123/><W116/><G116/><T26/><D49/><U117/><E2/><V98/><F3/><W59/><G69/><T51/><D51/><U82/><E117/><V79/><F79/><W55/><G59/><T18/><REACH who="0" step="1"/><D28/><REACH who="0" ten="240,250,250,250" step="2"/><U85/><E124/><V92/><F128/><W76/><G129/><T96/><D96/><U71/><E97/><V84/><F98/><W115/><G126/><T52/><D52/><U9/><E61/><V89/><F89/><W48/><G102/><T62/><D62/><U42/><E107/><V22/><REACH who="2" step="1"/><F54/><REACH who="2" ten="240,250,240,250" step="2"/><W122/><G55/><T0/><D0/><U50/><E77/><V73/><F73/><W15/><G105/><T45/><D45/><U43/><E74/><V20/><F20/><W125/><G104/><T44/><D44/><U16/><E43/><V1/><F1/><W103/><G106/><T90/><D90/><U131/><E42/><V35/><F35/><W23/><G103/><T32/><D32/><U65/><E131/><V119/><F119/><W39/><G125/><T100/><D100/><U99/><E99/><V31/><F31/><W80/><G122/><T75/><D75/><U47/><E47/><V101/><F101/><W111/><G76/><T8/><D8/><U41/><E41/><V40/><F40/><W64/><G23/><T10/><D10/><U94/><E9/><V130/><F130/><W81/><G111/><T121/><D121/><U72/><E72/><V53/><F53/><W93/><G64/><AGARI ba="0,2" hai="4,6,12,17,22,25,29,33,60,64,70,84,88,92" machi="64" ten="40,2600,0" yaku="1,1,54,1,53,0" doraHai="109" doraHaiUra="127" who="2" fromWho="3" sc="240,0,250,0,240,46,250,-26" /><INIT seed="1,0,0,2,1,99" ten="240,250,286,224" oya="1" hai0="24,29,74,76,77,123,17,18,12,39,53,134,49" hai1="82,23,71,75,119,40,129,59,86,34,69,126,55" hai2="26,47,1,10,51,4,107,90,61,57,16,60,62" hai3="120,122,84,110,101,64,98,96,38,128,124,112,50"/><U72/><E34/><V88/><F107/><N who="3" m="63911" /><G50/><T105/><D39/><U68/><E119/><V104/><F104/><W127/><G64/><T11/><D105/><U32/><E32/><V121/><F121/><N who="3" m="46699" /><G38/><T114/><D114/><U3/><E3/><V65/><F60/><W131/><G112/><T111/><D123/><U118/><E118/><V54/><REACH who="2" step="1"/><F61/><REACH who="2" ten="240,250,276,224" step="2"/><W125/><G110/><T102/><D111/><U46/><E71/><V91/><F91/><W42/><G42/><T44/><D134/><U117/><E69/><V7/><F7/><W52/><G52/><T28/><D53/><U45/><E68/><V95/><F95/><W92/><G84/><T83/><D74/><U116/><E72/><V115/><F115/><W63/><G63/><T9/><D76/><U81/><E75/><V0/><F0/><W43/><G43/><T33/><D77/><U58/><E117/><V22/><AGARI ba="0,1" hai="1,4,10,16,22,26,47,51,54,57,62,65,88,90" machi="22" ten="30,7900,0" yaku="1,1,0,1,54,2,53,0" doraHai="99" doraHaiUra="106" who="2" fromWho="2" sc="240,-20,250,-39,276,89,224,-20" /><INIT seed="2,0,0,1,2,93" ten="220,211,365,204" oya="2" hai0="24,8,70,0,135,68,46,116,39,56,78,83,51" hai1="126,26,73,62,22,18,91,123,53,21,84,92,23" hai2="113,20,129,67,115,59,15,50,95,34,90,94,118" hai3="6,35,25,47,81,42,100,37,55,85,31,127,3"/><V63/><F118/><W104/><G127/><T36/><D116/><U61/><E126/><V48/><F34/><W58/><G3/><T71/><D135/><U106/><E73/><V44/><F94/><W132/><G132/><T52/><D24/><U110/><E123/><V111/><F129/><W121/><G6/><N who="0" m="1095" /><D39/><U74/><E110/><V5/><F111/><W88/><G121/><T69/><D69/><U9/><E74/><V45/><F48/><W108/><G108/><T89/><D89/><U16/><E106/><V38/><F38/><W43/><G43/><N who="0" m="22887" /><D70/><U130/><E130/><V101/><F101/><W87/><G87/><T97/><D97/><U13/><E61/><V103/><F103/><W72/><G72/><AGARI ba="0,0" hai="51,52,56,68,71,72,78,83" m="22887,1095" machi="72" ten="30,2000,0" yaku="25,1,54,1" doraHai="93" who="0" fromWho="3" sc="220,20,211,0,365,0,204,-20" /><INIT seed="3,0,0,0,3,102" ten="240,211,365,184" oya="3" hai0="135,64,34,116,69,57,91,50,104,14,109,53,54" hai1="96,18,66,67,73,87,89,56,115,26,62,92,112" hai2="133,36,127,33,15,111,22,76,61,4,90,68,37" hai3="84,65,48,39,0,118,52,81,55,2,71,75,7"/><W70/><G70/><T45/><D104/><U77/><E73/><V31/><F76/><W129/><G39/><T51/><D34/><U72/><E72/><V21/><F90/><W74/><G55/><T110/><D116/><U88/><E77/><V44/><F44/><W49/><G49/><N who="0" m="30895" /><D14/><U16/><E67/><V47/><F47/><N who="3" m="27679" /><G129/><T13/><D13/><U43/><E43/><V134/><F33/><W95/><G95/><T3/><D91/><U98/><E98/><V105/><F105/><W58/><G71/><T126/><D3/><N who="3" m="1065" /><G7/><T80/><D80/><U124/><E124/><V9/><F127/><W100/><G100/><T11/><D126/><U28/><E112/><V114/><F114/><W132/><G132/><T130/><D135/><U17/><E115/><V12/><F134/><W113/><G113/><T38/><D38/><U29/><E26/><V83/><F36/><W101/><G101/><T41/><D11/><U86/><E96/><V1/><F37/><W108/><G118/><T125/><D130/><U42/><E42/><V97/><F133/><W120/><G108/><N who="0" m="41579" /><D125/><U5/><E5/><V63/><F111/><W46/><G120/><T94/><D94/><AGARI ba="0,0" hai="16,17,18,28,29,56,62,66,86,87,88,89,92,94" machi="94" ten="40,8000,1" yaku="9,1,8,1,54,2" doraHai="102" who="1" fromWho="0" sc="240,-80,211,80,365,0,184,0" owari="160,-34.0,291,9.1,365,46.5,184,-21.6" /></mjloggm>