<mjloggm ver="2.3"><GO type="225" lobby="0"/><UN n0="%E3%81%8B%E3%82%8F%E3%81%A1%E3%82%83%E3%82%93%35%38" n1="%E3%83%97%E3%83%AC%E3%83%B4%E3%82%A1%E3%83%86%E3%82%A3" n2="%6D%75%75%6D%75%72%61" n3="%4B%2E%32%2E%4B%2E" dan="16,16,16,16" rate="2172.11,2072.46,2063.24,2175.66" sx="M,F,F,M"/><TAIKYOKU oya="0"/><INIT seed="0,0,0,3,0,66" ten="250,250,250,250" oya="0" hai0="17,133,1,71,54,135,39,94,130,67,91,112,37" hai1="35,3,10,118,2,30,55,50,59,58,61,5,46" hai2="111,13,51,76,87,134,86,18,101,4,84,63,16" hai3="95,75,72,9,108,23,6,132,74,26,49,70,126"/><T69/><D1/><U60/><E118/><V8/><F111/><W89/><G108/><T93/><D112/><U62/><E2/><V48/><F134/><N who="0" m="51210" /><D67/><U121/><E121/><V103/><F63/><W100/><G132/><T131/><D17/><N who="2" m="6762" /><F76/><W14/><G126/><T128/><D54/><U0/><REACH who="1" step="1"/><E3/><REACH who="1" ten="250,240,250,250" step="2"/><V88/><F88/><W43/><G89/><T32/><D32/><U80/><E80/><V52/><F51/><W15/><G49/><T42/><D93/><U73/><E73/><V115/><F115/><W56/><G95/><T79/><D79/><U19/><E19/><V36/><F36/><N who="0" m="13898" /><D42/><U114/><E114/><V7/><F7/><W113/><G43/><T45/><D45/><AGARI ba="0,1" hai="4,8,13,45,48,52,84,86,87,101,103" m="6762" machi="45" ten="30,3900,0" yaku="8,1,54,2" doraHai="66" who="2" fromWho="0" sc="250,-39,240,0,250,49,250,0" /><INIT seed="1,0,0,0,0,91" ten="211,240,299,250" oya="1" hai0="23,55,113,64,12,34,7,77,105,28,26,42,4" hai1="93,29,21,99,69,63,124,79,130,104,65,10,47" hai2="83,37,121,87,101,54,71,17,24,108,22,123,125" hai3="36,59,95,89,38,119,103,67,50,78,40,66,112"/><U6/><E124/><V25/><F108/><W81/><G112/><T88/><D105/><U109/><E130/><V92/><F125/><W111/><G103/><T14/><D113/><U19/><E109/><V41/><F71/><W114/><G114/><T62/><D77/><U5/><E104/><V58/><F25/><W60/><G111/><T127/><D127/><U75/><E47/><V15/><F41/><W102/><G102/><T133/><D133/><U43/><E43/><V117/><F37/><W8/><G8/><T9/><D55/><U51/><E51/><V20/><F117/><W134/><G67/><T72/><D72/><U135/><E135/><V13/><F13/><W97/><G119/><T44/><D34/><U122/><E122/><V96/><F87/><W18/><G18/><T57/><D88/><U3/><E6/><V2/><F83/><W35/><G35/><T86/><D86/><U39/><E39/><V107/><F2/><W0/><G0/><T110/><D110/><U94/><E29/><V52/><F54/><W82/><G82/><T84/><D84/><U49/><E49/><V120/><F107/><W74/><REACH who="3" step="1"/><G134/><REACH who="3" ten="211,240,299,240" step="2"/><T68/><D68/><U30/><E30/><V48/><F120/><W32/><G32/><T27/><D27/><U61/><E75/><V1/><F1/><W116/><G116/><T11/><D11/><U76/><E3/><V80/><F80/><W132/><G132/><T118/><D118/><U106/><E10/><V53/><F53/><W46/><AGARI ba="0,1" hai="36,38,40,46,50,59,60,66,74,78,81,89,95,97" machi="46" ten="30,4000,0" yaku="1,1,0,1,52,1,53,0" doraHai="91" doraHaiUra="129" who="3" fromWho="3" sc="211,-10,240,-20,299,-10,240,50" /><INIT seed="2,0,0,4,4,119" ten="201,220,289,290" oya="2" hai0="60,18,90,112,99,73,19,42,77,104,103,21,25" hai1="109,53,67,63,13,76,133,33,98,62,134,4,64" hai2="37,2,24,3,89,10,34,94,9,5,128,101,22" hai3="110,126,102,88,68,1,69,127,74,131,117,47,52"/><V97/><F128/><W40/><G117/><T43/><D112/><U122/><E33/><V84/><F37/><W120/><G74/><T95/><D18/><U75/><E75/><V36/><F36/><W27/><G1/><T35/><D35/><U12/><E76/><V48/><F34/><W46/><G102/><T32/><D32/><U86/><E86/><V70/><F70/><W65/><G110/><T121/><D121/><U61/><E109/><V56/><F56/><W79/><G79/><T114/><D114/><U26/><E26/><V130/><F48/><N who="3" m="28695" /><G65/><N who="1" m="25162" /><E98/><V108/><F130/><W0/><G0/><T41/><D60/><U28/><E28/><V135/><F108/><W44/><G88/><T29/><D29/><U6/><E53/><V38/><F101/><W20/><G47/><T81/><REACH who="0" step="1"/><D42/><REACH who="0" ten="191,220,289,290" step="2"/><U71/><E71/><V58/><F5/><N who="1" m="2153" /><E122/><V118/><F118/><W39/><G120/><T66/><D66/><U17/><E17/><V54/><F54/><W57/><G131/><T14/><D14/><AGARI ba="0,1" hai="12,13,14,61,62,63,133,134" m="2153,25162" machi="14" ten="40,2600,0" yaku="28,2" doraHai="119" who="1" fromWho="0" sc="191,-26,220,36,289,0,290,0" /><INIT seed="3,0,0,2,3,101" ten="165,256,289,290" oya="3" hai0="119,41,114,111,132,128,61,18,63,8,115,93,88" hai1="77,38,36,25,87,79,95,134,99,68,7,109,59" hai2="58,13,130,5,51,50,76,91,74,81,30,16,3" hai3="112,6,94,125,82,53,31,10,12,117,54,100,113"/><W60/><G117/><T57/><D119/><U46/><E68/><V118/><F118/><W15/><G125/><T73/><D73/><U65/><E109/><V33/><F130/><W126/><G126/><T78/><D78/><U67/><E134/><V48/><F91/><W89/><G31/><T92/><D111/><U22/><E7/><V72/><F72/><W52/><G112/><N who="0" m="43051" /><D132/><U55/><E38/><V66/><F3/><W80/><G100/><T1/><D128/><U2/><E2/><V122/><F122/><W107/><G107/><T86/><D41/><U23/><E36/><V124/><F124/><W44/><G113/><T135/><D135/><U123/><E46/><V75/><F75/><W133/><G133/><T17/><D93/><U70/><E70/><V103/><F5/><W84/><G60/><N who="0" m="23115" /><D57/><U85/><E123/><V27/><F103/><W34/><G34/><T106/><D106/><U62/><E22/><V83/><F58/><W28/><G28/><T116/><D116/><U47/><E77/><V24/><F76/><W97/><G44/><T26/><D26/><N who="2" m="9770" /><F74/><W131/><G131/><T105/><D105/><U37/><E37/><V49/><N who="2" m="12288" /><DORA hai="96" /><V110/><F110/><W21/><G84/><N who="1" m="32330" /><E79/><V69/><F33/><W11/><G21/><T29/><D29/><N who="1" m="17599" /><E47/><V121/><F30/><W19/><AGARI ba="0,0" hai="6,10,11,12,15,19,52,53,54,80,82,89,94,97" machi="19" ten="30,6000,0" yaku="0,1,8,1,54,1" doraHai="101,96" who="3" fromWho="3" sc="165,-20,256,-20,289,-20,290,60" owari="145,-35.5,236,-16.4,269,6.9,350,45.0" /></mjloggm>