<mjloggm ver="2.3"><GO type="225" lobby="0"/><UN n0="%E7%AB%8B%E8%8A%B1%E9%9F%BF" n1="%6B%79%6F%6E%6B%6F%31%31" n2="%4C%4F%4C%49%54%41" n3="%E6%B8%A9%E2%98%85%E6%83%85%E2%98%85%E6%8E%AA%E2%98%85%E7%BD%AE" dan="17,16,16,17" rate="2170.08,2151.45,2177.71,2178.67" sx="F,M,F,M"/><TAIKYOKU oya="0"/><INIT seed="0,0,0,5,3,119" ten="250,250,250,250" oya="0" hai0="92,27,46,16,8,4,97,113,115,102,26,19,54" hai1="105,129,112,88,21,31,29,95,55,123,69,106,117" hai2="87,48,47,124,114,23,64,17,103,93,83,53,41" hai3="43,94,62,52,58,79,63,1,10,109,12,132,39"/><T107/><D107/><U15/><E117/><V121/><F114/><W37/><G109/><T126/><D126/><U125/><E112/><V133/><F133/><W91/><G132/><T110/><D110/><U76/><E69/><V24/><F124/><W61/><G1/><T14/><D115/><U40/><E40/><V59/><F121/><W66/><G79/><T13/><D113/><U22/><E76/><V75/><F75/><W108/><G108/><T57/><D46/><U30/><E123/><V90/><F64/><W68/><G63/><T86/><D86/><U60/><E125/><V100/><REACH who="2" step="1"/><F83/><REACH who="2" ten="250,250,240,250" step="2"/><W131/><G131/><T18/><REACH who="0" step="1"/><D13/><REACH who="0" ten="240,250,240,250" step="2"/><U111/><E111/><V85/><F85/><W32/><G12/><T99/><D99/><U42/><E129/><V89/><F89/><W74/><G91/><T6/><D6/><U49/><E15/><V72/><F72/><W127/><G74/><T56/><D56/><N who="1" m="34847" /><E106/><V82/><F82/><W33/><G127/><T65/><D65/><U36/><E105/><V78/><F78/><W44/><G66/><T120/><D120/><U128/><E128/><V20/><F20/><W71/><G71/><T98/><D98/><N who="1" m="57703" /><E21/><V34/><F34/><W5/><G33/><T28/><D28/><U80/><E22/><V135/><F135/><W116/><G32/><T118/><D118/><U96/><E96/><V7/><F7/><W50/><G5/><T70/><D70/><U77/><E80/><V130/><F130/><W2/><G68/><T35/><D35/><U81/><E81/><V25/><F25/><W122/><G116/><RYUUKYOKU ba="0,2" sc="240,15,250,-15,240,15,250,-15" hai0="4,8,14,16,18,19,26,27,54,57,92,97,102" hai2="17,23,24,41,47,48,53,59,87,90,93,100,103" /><INIT seed="0,1,2,3,5,53" ten="255,235,255,235" oya="0" hai0="89,36,22,25,78,105,103,101,94,75,5,72,54" hai1="134,116,34,44,33,129,84,32,43,111,118,69,76" hai2="114,128,85,123,48,6,132,51,52,83,82,59,0" hai3="91,107,127,12,47,97,79,29,87,26,119,8,106"/><T4/><D36/><U49/><E69/><V115/><F123/><W70/><G119/><T31/><D105/><U18/><E111/><V90/><F128/><W60/><G127/><T109/><D109/><U108/><E108/><V11/><F132/><W50/><G79/><T130/><D130/><U20/><E129/><V98/><F48/><W1/><G1/><T122/><D122/><U61/><E134/><V126/><F126/><W42/><G97/><T88/><D75/><U73/><E73/><V21/><F83/><W13/><G60/><T37/><D37/><U112/><E112/><V45/><F45/><W96/><G70/><T86/><D78/><U65/><E84/><V38/><F38/><W102/><G8/><T35/><D35/><U56/><REACH who="1" step="1"/><E76/><REACH who="1" ten="255,225,255,235" step="2"/><V67/><F98/><W27/><G107/><T24/><D72/><U95/><E95/><V28/><REACH who="2" step="1"/><F67/><REACH who="2" ten="255,225,245,235" step="2"/><W55/><G96/><T66/><D66/><U57/><E57/><V113/><F113/><W92/><G106/><T135/><D135/><U81/><E81/><V71/><F71/><W77/><G92/><T2/><D94/><U68/><E68/><V124/><F124/><W16/><G77/><T62/><D86/><U46/><E46/><V7/><F7/><W23/><G87/><T133/><D5/><U131/><E131/><V110/><F110/><W30/><G47/><T39/><D4/><U17/><E17/><V104/><F104/><W125/><G16/><T3/><D133/><U93/><E93/><V100/><F100/><W10/><G102/><T58/><D103/><U9/><E9/><RYUUKYOKU ba="1,4" sc="255,-15,225,15,245,15,235,-15" hai1="18,20,32,33,34,43,44,49,56,61,65,116,118" hai2="0,6,11,21,28,51,52,59,82,85,90,114,115" /><INIT seed="1,2,4,5,3,90" ten="240,240,260,220" oya="1" hai0="127,25,28,44,5,61,15,78,101,8,33,76,21" hai1="48,125,36,100,68,117,50,7,56,9,122,93,126" hai2="65,23,87,115,80,129,46,99,39,114,63,43,102" hai3="82,51,95,71,77,40,88,29,128,123,31,54,57"/><U79/><E117/><V1/><F1/><W98/><G123/><T109/><D109/><U19/><E122/><V13/><F129/><W134/><G128/><T60/><D127/><N who="1" m="48651" /><E68/><V89/><F13/><W73/><G134/><T59/><D101/><U38/><E79/><V12/><F23/><W53/><G71/><T32/><D32/><U119/><E19/><V70/><REACH who="2" step="1"/><F12/><REACH who="2" ten="240,240,250,220" step="2"/><W3/><G3/><T20/><D33/><U72/><E119/><V17/><F17/><W118/><G118/><T107/><D20/><U35/><E35/><V92/><AGARI ba="2,5" hai="39,43,46,63,65,70,80,87,89,92,99,102,114,115" machi="92" ten="30,7900,0" yaku="1,1,0,1,52,1,53,1" doraHai="90" doraHaiUra="67" who="2" fromWho="2" sc="240,-22,240,-41,250,135,220,-22" /><INIT seed="2,0,0,1,3,27" ten="218,199,385,198" oya="2" hai0="66,64,13,119,115,124,47,52,110,74,42,19,56" hai1="135,73,90,127,76,32,92,46,7,77,89,121,60" hai2="37,12,28,79,10,59,107,99,108,72,20,1,131" hai3="75,67,94,0,26,86,111,21,78,62,91,18,117"/><V41/><F131/><W109/><G117/><T103/><D115/><U129/><E32/><V116/><F116/><W122/><G0/><T51/><D119/><U105/><E7/><V16/><F108/><N who="3" m="41547" /><G122/><T3/><D3/><U95/><E46/><V98/><F37/><W61/><G67/><T50/><D110/><U49/><E49/><V5/><F41/><W84/><G75/><T128/><D128/><U63/><E129/><V9/><F107/><W53/><G53/><T54/><D74/><U4/><E4/><V83/><REACH who="2" step="1"/><F59/><REACH who="2" ten="218,199,375,198" step="2"/><W123/><G123/><T126/><D42/><U101/><E105/><V125/><F125/><W96/><G78/><T34/><D126/><U87/><E127/><V29/><F29/><W71/><G71/><T11/><D124/><U81/><E77/><V134/><F134/><W97/><G86/><T102/><D34/><U57/><E135/><V132/><F132/><W35/><G35/><T70/><D70/><U14/><E121/><V15/><F15/><W93/><G84/><T44/><D56/><U55/><E14/><V31/><F31/><W130/><G130/><T88/><D13/><U30/><E30/><V112/><F112/><W24/><G24/><AGARI ba="0,1" hai="1,5,9,10,12,16,20,24,28,72,79,83,98,99" machi="24" ten="40,7700,0" yaku="1,1,52,1,54,1,53,0" doraHai="27" doraHaiUra="80" who="2" fromWho="3" sc="218,0,199,0,375,87,198,-77" /><INIT seed="2,1,0,4,0,65" ten="218,199,462,121" oya="2" hai0="18,33,24,56,81,51,110,44,73,107,47,7,53" hai1="48,122,50,104,76,64,80,29,90,114,9,128,67" hai2="111,4,49,75,68,22,113,58,93,98,11,40,82" hai3="78,106,86,52,85,109,116,84,117,43,124,129,127"/><V83/><F113/><W1/><G1/><T46/><D107/><U42/><E114/><V135/><F135/><W91/><G43/><T102/><D102/><U108/><E104/><V59/><F75/><W27/><G27/><T38/><D110/><U132/><E108/><V131/><F131/><W21/><G21/><T8/><D81/><U125/><E29/><V71/><F111/><W55/><G109/><T60/><D73/><U89/><E80/><V74/><F22/><W100/><G78/><T15/><D38/><U134/><E9/><V63/><F40/><W3/><G3/><T70/><D70/><U13/><E42/><V105/><F105/><W19/><G19/><T14/><D24/><U28/><E13/><V25/><F25/><W32/><G32/><T88/><D88/><U123/><E28/><V79/><F82/><W99/><G129/><T2/><D2/><U112/><E112/><V103/><F49/><W121/><G121/><T96/><D96/><U72/><E72/><V120/><F120/><W133/><G133/><T35/><D35/><U87/><E128/><V6/><F6/><W10/><G10/><N who="0" m="6519" /><D33/><U17/><E17/><V118/><F118/><W26/><G26/><T34/><D34/><U37/><E37/><V61/><F4/><W94/><G55/><AGARI ba="1,0" hai="7,8,14,44,46,47,51,53,55,56,60" m="6519" machi="55" ten="30,1000,0" yaku="8,1" doraHai="65" who="0" fromWho="3" sc="218,13,199,0,462,0,121,-13" /><INIT seed="3,0,0,3,5,84" ten="231,199,462,108" oya="3" hai0="45,41,33,11,24,70,131,10,85,48,26,83,25" hai1="31,29,118,1,80,21,87,49,55,132,61,116,52" hai2="78,37,5,27,7,19,101,124,114,20,16,46,43" hai3="105,42,108,59,82,32,9,119,8,117,111,71,3"/><W50/><G105/><T122/><D122/><U99/><E1/><V15/><F114/><W76/><G71/><T4/><D70/><U96/><E132/><V86/><F124/><W74/><G32/><T94/><D131/><U128/><E128/><V121/><F121/><W38/><G50/><T98/><D33/><U44/><E61/><V17/><F101/><W57/><G57/><T58/><D58/><U75/><E75/><V88/><F78/><W110/><G59/><T81/><D4/><U95/><E55/><V14/><F14/><W123/><G123/><T67/><D67/><U13/><E13/><V2/><F2/><W39/><G9/><N who="0" m="3083" /><D85/><U107/><E107/><V51/><F37/><N who="3" m="13835" /><G42/><T120/><D120/><U56/><E56/><V134/><F134/><W69/><G69/><T34/><D34/><U112/><E112/><V0/><F0/><W30/><G30/><N who="1" m="11274" /><E95/><N who="2" m="54679" /><F17/><W127/><G127/><T91/><AGARI ba="0,0" hai="24,25,26,41,45,48,81,83,91,94,98" m="3083" machi="91" ten="30,2000,0" yaku="8,1,52,1" doraHai="84" who="0" fromWho="0" sc="231,20,199,-5,462,-5,108,-10" owari="251,5.1,194,-20.6,457,55.7,98,-40.2" /></mjloggm>