<mjloggm ver="2.3"><GO type="225" lobby="0"/><UN n0="%E6%80%AA%E3%81%97%E3%81%99%E3%81%8E%E3%82%8B%E3%83%81%E3%83%BC" n1="%E5%AF%82%E5%AF%9E%E3%82%AE%E3%83%8D%E3%82%B9%E3%83%93%E3%83%BC%E3%83%AB" n2="%E4%B8%AD%E5%B9%B4%E3%81%AE%E5%8D%B1%E6%A9%9F" n3="%E3%83%A1%E3%82%AC%E3%83%87%E3%82%B8" dan="16,16,17,16" rate="2129.82,2140.68,2198.86,2097.71" sx="M,M,M,F"/><TAIKYOKU oya="0"/><INIT seed="0,0,0,0,4,91" ten="250,250,250,250" oya="0" hai0="56,73,87,55,5,72,61,21,62,116,34,88,94" hai1="110,125,101,17,123,19,10,33,95,42,99,45,107" hai2="15,26,51,6,69,113,66,118,75,25,128,52,1" hai3="9,97,111,39,102,131,71,82,135,60,27,38,103"/><T134/><D116/><U109/><E123/><V78/><F113/><W37/><G111/><N who="1" m="42506" /><E33/><V23/><F118/><W119/><G119/><T96/><D34/><U46/><E125/><V126/><F126/><W92/><G135/><T24/><D134/><U57/><E57/><V129/><F1/><W30/><G131/><N who="2" m="50249" /><F66/><W74/><G9/><T13/><D61/><U79/><E79/><V93/><F69/><W64/><G103/><T67/><D67/><U115/><E115/><V121/><F121/><W70/><G70/><T41/><D41/><U68/><E68/><V127/><F78/><W12/><G12/><T36/><D36/><N who="1" m="21703" /><E46/><N who="2" m="27767" /><F75/><W59/><G71/><T40/><D40/><U65/><E65/><V43/><F43/><W4/><G74/><T3/><D3/><U2/><E107/><V122/><F122/><W80/><REACH who="3" step="1"/><G4/><AGARI ba="0,0" hai="2,4,10,17,19,95,99,101" m="21703,42506" machi="4" ten="30,2000,0" yaku="14,1,52,1" doraHai="91" who="1" fromWho="3" sc="250,0,250,20,250,0,250,-20" /><INIT seed="1,0,0,3,3,81" ten="250,270,250,230" oya="1" hai0="49,13,55,117,68,57,127,115,77,128,25,74,89" hai1="109,31,93,52,51,30,94,75,39,3,83,48,29" hai2="111,73,4,114,66,24,80,42,50,58,104,99,65" hai3="60,61,133,64,36,86,15,134,37,131,124,20,103"/><U35/><E39/><V32/><F111/><W10/><G131/><T91/><D115/><U53/><E35/><V62/><F114/><W121/><G121/><T87/><D117/><U44/><E3/><V43/><F4/><W76/><G103/><T38/><D38/><U72/><E109/><V22/><F32/><W92/><G20/><T0/><D0/><U63/><E63/><N who="3" m="24138" /><G64/><T41/><D68/><U26/><E26/><V116/><F116/><W2/><G2/><T102/><D128/><U67/><E67/><V1/><F1/><W27/><G27/><T106/><D41/><U96/><E83/><V8/><F8/><W82/><G92/><T107/><D127/><U69/><E69/><V40/><F66/><W11/><G11/><T132/><D132/><N who="3" m="50793" /><G124/><T9/><D25/><U84/><E94/><V5/><F5/><AGARI ba="0,0" hai="5,10,15,36,37,76,82,86" m="50793,24138" machi="5" ten="30,2000,0" yaku="20,1,52,1" doraHai="81" who="3" fromWho="2" sc="250,0,270,0,250,-20,230,20" /><INIT seed="2,0,0,1,3,116" ten="250,270,230,250" oya="2" hai0="129,96,44,58,38,62,76,36,42,46,30,9,118" hai1="124,65,13,82,75,89,14,69,37,84,125,57,121" hai2="43,102,80,99,0,128,113,16,56,71,55,112,72" hai3="41,64,115,28,45,79,86,133,94,78,97,120,39"/><V32/><F71/><W68/><G133/><T70/><D118/><U51/><E37/><V33/><F0/><W104/><G115/><T35/><D129/><U88/><E75/><V50/><F128/><W63/><G120/><T93/><D76/><U92/><E69/><V29/><F112/><W126/><G126/><N who="1" m="48746" /><E121/><V91/><F113/><W48/><G104/><T2/><D70/><U11/><E11/><V22/><F29/><W100/><G86/><T53/><D30/><U34/><E34/><V123/><F43/><W73/><G73/><T12/><D2/><U47/><E57/><V105/><F123/><W103/><G103/><T87/><D35/><U7/><E7/><V20/><F20/><W108/><G108/><T52/><D87/><N who="1" m="50295" /><E65/><V10/><F10/><W119/><G119/><T59/><D44/><U117/><E117/><V135/><F135/><W106/><G39/><T130/><D38/><U26/><E26/><V109/><F109/><W111/><G111/><T95/><D130/><U110/><E110/><V15/><REACH who="2" step="1"/><F91/><REACH who="2" ten="250,270,220,250" step="2"/><W61/><G41/><AGARI ba="0,1" hai="13,14,41,47,51,84,89,92" m="50295,48746" machi="41" ten="30,2000,0" yaku="18,1,54,1" doraHai="116" who="1" fromWho="3" sc="250,0,270,30,220,0,250,-20" /><INIT seed="3,0,0,1,3,43" ten="250,300,220,230" oya="3" hai0="31,95,59,106,49,65,34,35,79,51,114,11,30" hai1="71,38,123,45,57,4,108,61,15,0,124,135,117" hai2="100,20,63,113,25,120,8,48,90,5,110,56,13" hai3="9,112,1,127,80,93,122,101,22,60,130,131,62"/><W109/><G112/><T52/><D106/><U115/><RYUUKYOKU type="yao9" ba="0,0" sc="250,0,300,0,220,0,230,0" hai1="0,4,15,38,45,57,61,71,108,115,117,123,124,135" /><INIT seed="3,1,0,0,1,49" ten="250,300,220,230" oya="3" hai0="87,101,85,111,6,135,67,115,84,102,81,119,46" hai1="118,96,65,54,60,12,17,52,14,27,120,97,80" hai2="9,103,16,25,22,133,114,59,24,99,30,122,88" hai3="61,63,79,56,13,132,90,107,55,15,69,39,134"/><W44/><G107/><T18/><D119/><U10/><E120/><V66/><F122/><W68/><G79/><T131/><D111/><U104/><E118/><V35/><F114/><W2/><G2/><T20/><D115/><U130/><E130/><V124/><F124/><W72/><G72/><T23/><D135/><N who="3" m="51753" /><G90/><T43/><D131/><U41/><E41/><V82/><F133/><W37/><G13/><T98/><D67/><U1/><E1/><V7/><F66/><N who="3" m="41055" /><G15/><T76/><D6/><U38/><E38/><N who="3" m="14346" /><G44/><T26/><D23/><U0/><E0/><V95/><F59/><W105/><G105/><T117/><D117/><U113/><E113/><V34/><F34/><W28/><G28/><T36/><D101/><U33/><E14/><V92/><F7/><W53/><G69/><T110/><D110/><U71/><E80/><V127/><F9/><W19/><G19/><T73/><D73/><U77/><E77/><V86/><REACH who="2" step="1"/><F127/><REACH who="2" ten="250,300,210,230" step="2"/><W4/><G4/><T123/><D123/><U109/><E109/><V74/><F74/><W108/><G108/><T47/><D47/><U21/><E33/><V93/><AGARI ba="1,1" hai="16,22,24,25,30,35,82,86,88,92,93,95,99,103" machi="93" ten="20,8000,1" yaku="1,1,0,1,7,1,54,2,53,0" doraHai="49" doraHaiUra="58" who="2" fromWho="2" sc="250,-21,300,-21,210,93,230,-41" owari="229,-17.1,279,7.9,303,40.3,189,-31.1" /></mjloggm>