<mjloggm ver="2.3"><GO type="225" lobby="0"/><UN n0="%E6%9A%87%E4%BA%BA%EF%BC%A0%E9%85%8D%E4%BF%A1%E5%9E%A2" n1="%E7%89%B9%E6%9D%B1%E3%81%AF%E4%B8%96%E7%95%8C%E3%82%92%E6%95%91%E3%81%86" n2="%73%6C%69%63%6B%33%31%39" n3="%E5%B0%8F%E9%B3%A5%E9%81%8A%E7%B7%B4%E7%84%A1%32%31%E6%AD%B3" dan="17,16,16,16" rate="2174.37,2105.50,2117.01,2188.02" sx="F,M,M,F"/><TAIKYOKU oya="0"/><INIT seed="0,0,0,3,3,126" ten="250,250,250,250" oya="0" hai0="81,104,26,22,38,46,87,1,73,32,90,71,97" hai1="131,116,72,88,53,108,45,95,66,43,80,54,31" hai2="30,28,119,7,125,117,18,63,29,8,133,60,21" hai3="130,14,85,86,79,36,0,65,5,77,34,61,74"/><T9/><D71/><U106/><E116/><N who="2" m="44619" /><F60/><W67/><G36/><T123/><D123/><U75/><E106/><V27/><F63/><W41/><G0/><T13/><D1/><U25/><E66/><V114/><F125/><W51/><G34/><T127/><D127/><U40/><E108/><V121/><F121/><W62/><G74/><T105/><D32/><U96/><E131/><V6/><F114/><W122/><G122/><T129/><D73/><U37/><E40/><V3/><F6/><W82/><G130/><T16/><D129/><U70/><E70/><V102/><F102/><W111/><G111/><T132/><D132/><AGARI ba="0,0" hai="3,7,8,18,21,27,28,29,30,132,133" m="44619" machi="132" ten="40,5200,0" yaku="12,1,34,2" doraHai="126" who="2" fromWho="0" sc="250,-52,250,0,250,52,250,0" /><INIT seed="1,0,0,4,4,83" ten="198,250,302,250" oya="1" hai0="120,19,130,80,113,56,108,2,105,8,49,6,66" hai1="60,125,9,77,50,123,11,72,57,86,42,65,75" hai2="128,126,85,82,89,109,21,121,74,7,10,84,37" hai3="15,40,23,112,29,97,20,59,38,12,51,32,135"/><U0/><E123/><V106/><F121/><W45/><G112/><T25/><D120/><U13/><E125/><V4/><F74/><W95/><G135/><T52/><D113/><U70/><E0/><V102/><F37/><W111/><G111/><T31/><D108/><U76/><E11/><V53/><F126/><W33/><G32/><T48/><D130/><U78/><E86/><N who="2" m="50391" /><F106/><W54/><G33/><T115/><D115/><U134/><E134/><V133/><F109/><W99/><G99/><T36/><D36/><U28/><E28/><V101/><F133/><W131/><G131/><T43/><D105/><U35/><E35/><V93/><F128/><W98/><G98/><T117/><D117/><U34/><E34/><V122/><F122/><W3/><G3/><T24/><D66/><U119/><E119/><V116/><F21/><W17/><G29/><T5/><D31/><U118/><E118/><V39/><F39/><W18/><G97/><T30/><D30/><U79/><N who="1" m="19456" /><DORA hai="110" /><U132/><E132/><V92/><F53/><W69/><REACH who="3" step="1"/><G95/><REACH who="3" ten="198,250,302,240" step="2"/><T114/><D114/><U64/><E75/><V47/><F92/><W58/><G58/><T127/><D127/><U14/><E57/><V22/><F93/><W100/><G100/><T91/><D2/><U62/><E72/><V129/><F101/><W104/><G104/><T16/><D56/><U73/><E73/><V68/><F102/><W63/><G63/><T90/><D80/><U87/><E62/><V27/><F129/><W96/><G96/><T46/><D49/><U55/><E50/><V107/><F116/><RYUUKYOKU ba="0,1" sc="198,-10,250,-10,302,-10,240,30" hai3="12,15,17,18,20,23,38,40,45,51,54,59,69" /><INIT seed="2,1,1,0,5,117" ten="188,240,292,270" oya="2" hai0="1,35,12,135,18,36,114,123,58,100,127,47,88" hai1="16,34,41,32,71,20,128,77,11,67,39,94,4" hai2="104,61,76,86,90,50,101,87,57,80,83,78,107" hai3="95,19,116,74,98,45,118,29,82,110,97,43,48"/><V55/><F101/><W31/><G110/><T96/><D114/><U99/><E128/><V65/><REACH who="2" step="1"/><F90/><REACH who="2" ten="188,240,282,270" step="2"/><W72/><G118/><T111/><D100/><U26/><E77/><V125/><F125/><W25/><G116/><T75/><D127/><U112/><E112/><V54/><F54/><W66/><G66/><T62/><D88/><U89/><E67/><V37/><F37/><W115/><G115/><T49/><D36/><U53/><E53/><V7/><F7/><W46/><G43/><T60/><D111/><U133/><E133/><V106/><F106/><W10/><G72/><T70/><D135/><U79/><E79/><V124/><F124/><W68/><G74/><T28/><D75/><U81/><E71/><AGARI ba="1,2" hai="50,55,57,61,65,71,76,78,80,83,86,87,104,107" machi="71" ten="30,5800,0" yaku="1,1,7,1,9,1,53,0" doraHai="117" doraHaiUra="38" who="2" fromWho="1" sc="188,0,240,-61,282,81,270,0" /><INIT seed="2,2,0,4,3,3" ten="188,179,363,270" oya="2" hai0="35,13,79,74,61,47,45,98,135,102,30,121,52" hai1="106,33,8,10,128,11,27,53,97,133,122,119,92" hai2="107,43,95,71,113,40,50,67,7,99,65,85,104" hai3="17,72,124,108,37,19,112,39,41,31,38,117,44"/><V51/><F85/><W125/><G72/><T0/><D0/><U68/><E119/><V14/><F71/><W66/><G117/><T25/><D121/><U28/><E122/><V110/><F113/><W87/><G112/><T93/><D135/><U55/><E133/><V126/><F126/><N who="3" m="48747" /><G66/><T111/><D111/><U127/><E127/><V134/><F134/><W59/><G59/><T23/><D74/><U101/><E128/><V56/><F110/><W86/><G31/><T64/><D79/><U120/><E120/><V82/><F82/><W1/><G1/><T54/><D35/><U76/><E76/><V62/><F65/><W34/><G34/><T131/><D131/><U132/><E132/><V29/><F29/><W4/><G4/><T6/><D47/><U70/><REACH who="1" step="1"/><E106/><REACH who="1" ten="188,169,363,270" step="2"/><V80/><F104/><W9/><G108/><T96/><D45/><U114/><E114/><V88/><F107/><W84/><G9/><N who="0" m="4279" /><D98/><U75/><E75/><V58/><F99/><W49/><AGARI ba="2,1" hai="17,19,37,38,39,41,44,49,84,86,87" m="48747" machi="49" ten="40,1500,0" yaku="18,1" doraHai="3" who="3" fromWho="3" sc="188,-6,169,-6,363,-9,270,31" /><INIT seed="3,0,0,2,1,86" ten="182,163,354,301" oya="3" hai0="22,90,85,9,84,81,123,8,40,11,116,103,18" hai1="82,0,77,115,10,14,117,13,41,32,113,74,118" hai2="98,4,91,12,27,61,51,130,43,68,125,36,28" hai3="16,25,104,3,124,128,106,47,109,94,56,92,33"/><W79/><G3/><T54/><D116/><N who="1" m="44651" /><E32/><V95/><F36/><W5/><G5/><T44/><D123/><U1/><E41/><V48/><F68/><W52/><G124/><T59/><D103/><U122/><E122/><V111/><F125/><W131/><G79/><T102/><D102/><U20/><E20/><N who="2" m="15463" /><F43/><W107/><G33/><T133/><D133/><U49/><E49/><V83/><F111/><W7/><G7/><T73/><D73/><U87/><E74/><V119/><F119/><W21/><G47/><T97/><D40/><U93/><E93/><V78/><F61/><N who="3" m="35975" /><G109/><T105/><D44/><U53/><E53/><V99/><F130/><AGARI ba="0,0" hai="16,21,25,92,94,104,106,107,128,130,131" m="35975" machi="130" ten="40,7700,0" yaku="19,1,54,2" doraHai="86" who="3" fromWho="2" sc="182,0,163,0,354,-77,301,77" owari="182,-21.8,163,-33.7,277,7.7,378,47.8" /></mjloggm>