<mjloggm ver="2.3"><GO type="225" lobby="0"/><UN n0="%E8%BE%9B%E5%8F%A3%E3%82%AB%E3%83%AC%E3%83%BC%E3%83%A9%E3%82%A4%E3%82%B9" n1="%E6%81%AC%E6%B7%A1%E5%AF%82%E5%AF%9E" n2="%E6%80%AA%E3%81%97%E3%81%99%E3%81%8E%E3%82%8B%E3%83%81%E3%83%BC" n3="%E4%B8%89%E5%86%A0%E7%8E%8B%E3%83%BB%E5%B1%B1%E7%94%B0%E5%93%B2%E4%BA%BA" dan="16,16,17,16" rate="2146.04,2125.89,2202.85,2189.74" sx="M,M,M,M"/><TAIKYOKU oya="0"/><INIT seed="0,0,0,2,0,34" ten="250,250,250,250" oya="0" hai0="40,6,17,64,92,18,55,44,133,130,69,21,82" hai1="7,129,98,36,93,79,74,88,56,72,95,78,67" hai2="66,61,71,16,59,90,37,109,39,60,96,26,46" hai3="33,112,107,12,115,123,75,43,85,31,8,114,134"/><T47/><D130/><U101/><E36/><V126/><F109/><W97/><G75/><N who="1" m="28714" /><E7/><V132/><F126/><W116/><G116/><T20/><D133/><U83/><E67/><V25/><F132/><W105/><G134/><T49/><D6/><U110/><E56/><V94/><F46/><W86/><G43/><T106/><D106/><N who="1" m="63799" /><E110/><V29/><F26/><W100/><G107/><T135/><D135/><U76/><E129/><V5/><F5/><W22/><G22/><T84/><D92/><N who="1" m="35403" /><E88/><V70/><F70/><W52/><G31/><T13/><D69/><U65/><E65/><V35/><F16/><N who="0" m="6250" /><D64/><AGARI ba="0,0" hai="25,29,35,37,39,59,60,61,64,66,71,90,94,96" machi="64" ten="30,1000,0" yaku="7,1" doraHai="34" who="2" fromWho="0" sc="250,-10,250,0,250,10,250,0" /><INIT seed="1,0,0,2,0,80" ten="240,250,260,250" oya="1" hai0="86,23,83,115,82,112,55,64,19,134,45,92,9" hai1="26,40,108,66,21,130,31,4,116,57,36,5,22" hai2="65,18,53,113,11,100,95,126,3,50,69,10,71" hai3="33,131,121,118,51,24,123,63,58,59,124,41,88"/><U46/><E116/><V104/><F126/><W110/><G124/><T73/><D134/><U103/><E130/><V74/><F113/><W6/><G118/><T102/><D73/><U106/><E108/><V75/><F104/><W34/><G131/><T17/><D64/><U76/><E76/><V135/><F135/><W13/><G110/><T119/><D119/><U49/><E22/><V81/><F71/><W60/><G41/><T8/><D112/><U72/><E72/><V85/><F65/><W84/><G51/><N who="0" m="29167" /><D115/><U0/><E0/><V101/><F69/><W128/><G128/><T114/><D114/><U32/><E32/><V109/><F109/><W61/><G24/><N who="0" m="14447" /><D19/><U38/><E38/><V68/><F68/><W127/><G127/><T78/><D83/><U47/><E103/><V79/><F100/><W16/><G34/><T52/><D52/><U25/><E25/><V117/><F117/><W48/><G33/><T105/><D105/><U30/><E106/><V14/><F101/><W42/><G48/><T132/><D132/><U27/><E66/><V54/><F54/><W56/><G42/><T98/><AGARI ba="0,0" hai="8,9,78,82,86,92,98,102" m="14447,29167" machi="98" ten="30,2000,0" yaku="8,1,52,1" doraHai="80" who="0" fromWho="0" sc="240,20,250,-10,260,-5,250,-5" /><INIT seed="2,0,0,3,0,36" ten="260,240,255,245" oya="2" hai0="68,118,12,128,38,125,8,24,14,119,87,57,96" hai1="45,67,74,69,120,9,46,0,102,20,71,101,65" hai2="90,124,60,81,113,131,34,53,58,108,111,33,130" hai3="99,79,37,133,112,23,54,41,94,100,50,16,76"/><V106/><F113/><W93/><G112/><T62/><D68/><U32/><E20/><V126/><F106/><W86/><G133/><T134/><D134/><U28/><E28/><V39/><F39/><W95/><G37/><T103/><D38/><U64/><E32/><N who="2" m="12395" /><F90/><N who="3" m="53463" /><G94/><T2/><D125/><N who="2" m="48234" /><F81/><W11/><G11/><T1/><D87/><U31/><E31/><V7/><F7/><W42/><G79/><T88/><D24/><U104/><E104/><V4/><F4/><W89/><G89/><T3/><D128/><AGARI ba="0,0" hai="53,58,60,108,111,128,130,131" m="48234,12395" machi="128" ten="40,3900,0" yaku="19,1,18,1" doraHai="36" who="2" fromWho="0" sc="260,-39,240,0,255,39,245,0" /><INIT seed="2,1,0,4,4,119" ten="221,240,294,245" oya="2" hai0="91,120,59,47,83,13,21,71,128,34,84,9,4" hai1="5,96,113,108,106,15,58,3,27,121,24,29,99" hai2="18,126,124,125,16,25,28,102,115,111,48,73,94" hai3="134,64,54,55,109,89,7,41,104,69,132,1,79"/><V112/><F73/><W10/><G109/><T135/><D128/><U52/><E113/><N who="2" m="43595" /><F111/><W105/><G79/><T67/><D135/><N who="3" m="51753" /><G41/><T101/><D34/><U22/><E108/><V50/><F94/><W97/><G69/><T76/><D71/><U110/><E110/><V127/><F102/><N who="3" m="62543" /><G64/><T65/><D101/><U78/><E106/><V70/><F70/><W80/><G105/><T19/><D120/><U122/><E78/><V17/><F127/><W23/><G23/><AGARI ba="1,0" hai="16,17,18,23,25,28,48,50,124,125,126" m="43595" machi="23" ten="40,3900,0" yaku="18,1,54,1" doraHai="119" who="2" fromWho="3" sc="221,0,240,0,294,42,245,-42" /><INIT seed="2,2,0,2,2,108" ten="221,240,336,203" oya="2" hai0="7,109,71,106,42,126,90,60,87,130,95,68,14" hai1="20,25,83,55,29,34,23,39,53,36,27,43,13" hai2="45,30,69,49,35,78,11,125,80,4,8,132,134" hai3="81,73,128,135,9,111,99,64,38,0,105,96,110"/><V127/><F69/><W118/><G64/><T33/><D109/><N who="3" m="41481" /><G38/><T76/><D126/><N who="2" m="48138" /><F30/><W41/><G41/><T104/><D130/><U122/><E13/><N who="2" m="5255" /><F11/><W103/><G9/><T124/><D124/><U85/><E122/><V88/><F88/><W123/><G0/><T54/><D33/><U121/><E121/><V24/><F24/><W89/><G123/><T26/><D26/><U93/><E34/><V51/><F35/><W65/><G65/><T12/><D76/><U100/><E27/><V15/><F15/><W113/><G128/><T116/><D68/><U47/><E23/><V84/><F49/><W16/><G16/><T59/><D71/><U22/><E22/><V6/><F6/><W72/><G118/><T92/><D7/><U63/><E36/><V46/><F46/><W98/><G135/><T57/><D116/><U66/><E47/><V32/><F32/><W97/><G113/><T117/><D117/><U101/><E39/><V86/><F86/><AGARI ba="2,0" hai="72,73,81,86,89,96,97,98,99,103,105" m="41481" machi="86" ten="30,3900,0" yaku="14,1,34,2" doraHai="108" who="3" fromWho="2" sc="221,0,240,0,336,-45,203,45" /><INIT seed="3,0,0,5,0,109" ten="221,240,291,248" oya="3" hai0="76,67,131,113,88,39,56,95,121,101,22,89,79" hai1="26,119,48,71,75,108,55,32,133,28,43,126,51" hai2="125,127,49,102,87,100,61,1,114,8,13,24,33" hai3="78,84,42,68,44,112,4,52,124,103,132,58,73"/><W45/><G68/><T130/><D39/><U81/><E71/><V27/><F114/><W59/><G112/><T90/><D121/><U21/><E108/><V86/><F1/><W2/><G132/><T17/><D113/><U118/><E133/><V96/><F61/><W106/><G124/><N who="2" m="47689" /><F49/><W16/><G84/><N who="2" m="32297" /><F33/><W19/><G45/><T66/><D101/><N who="2" m="39018" /><F96/><W120/><G59/><T6/><D95/><U94/><E126/><V129/><F129/><N who="0" m="49162" /><D6/><AGARI ba="0,0" hai="6,8,13,24,27" m="39018,32297,47689" machi="6" ten="30,1000,0" yaku="18,1" doraHai="109" who="2" fromWho="0" sc="221,-10,240,0,291,10,248,0" owari="211,-28.9,240,-16.0,301,40.1,248,4.8" /></mjloggm>