<mjloggm ver="2.3"><GO type="225" lobby="0"/><UN n0="%E8%B6%85%E7%B4%9A%E9%B3%B3%E5%87%B0" n1="%E7%99%BD%E5%92%B2%E8%8A%B1%E3%81%A1%E3%82%83%E3%82%93" n2="%E8%91%B5%E3%81%A1%E3%82%83%E3%82%93" n3="%77%72%77%72%77%72%77%72" dan="16,16,17,17" rate="2182.94,2150.59,2215.88,2198.70" sx="F,F,F,M"/><TAIKYOKU oya="0"/><INIT seed="0,0,0,3,2,13" ten="250,250,250,250" oya="0" hai0="11,83,99,127,34,52,5,81,120,12,90,123,91" hai1="133,95,128,121,64,32,42,25,47,108,82,50,14" hai2="15,21,38,98,118,100,57,116,19,26,66,30,77" hai3="35,132,23,17,45,103,96,61,106,43,44,84,63"/><T40/><D34/><U129/><E121/><V62/><F38/><W2/><G132/><T126/><D40/><U9/><E108/><V4/><F4/><W67/><G2/><T1/><D1/><U88/><E133/><V68/><F77/><W58/><G35/><T37/><D37/><U110/><E110/><V59/><F59/><W93/><G43/><T101/><D52/><U73/><E64/><V3/><F3/><W78/><G61/><T76/><D123/><U70/><E70/><V29/><F68/><W122/><G122/><T65/><D65/><U8/><E8/><V71/><F71/><W6/><G6/><T60/><D60/><U89/><E25/><V54/><F54/><W117/><G117/><N who="2" m="45161" /><F15/><N who="3" m="9663" /><G106/><AGARI ba="0,0" hai="19,21,26,29,30,57,62,66,98,100,106" m="45161" machi="106" ten="30,2000,0" yaku="12,1,52,1" doraHai="13" who="2" fromWho="3" sc="250,0,250,0,250,20,250,-20" /><INIT seed="1,0,0,3,4,92" ten="250,250,270,230" oya="1" hai0="1,34,96,37,13,19,81,49,52,83,59,133,23" hai1="58,120,66,98,21,95,122,45,32,127,115,110,134" hai2="22,108,39,5,25,65,87,135,105,121,70,107,10" hai3="53,90,101,68,102,35,118,64,61,16,100,93,44"/><U31/><E115/><V3/><F121/><W76/><G35/><T88/><D34/><U79/><E127/><V80/><F39/><W47/><G118/><T73/><D37/><U20/><E134/><V71/><F135/><W40/><G76/><T11/><D133/><U60/><E110/><V27/><F108/><W7/><G7/><T99/><D73/><U84/><E32/><V126/><F126/><W24/><G53/><T12/><D1/><U103/><E45/><V94/><F94/><W29/><G40/><T43/><D43/><U54/><E20/><V56/><F56/><W82/><G82/><N who="0" m="31243" /><D88/><U117/><E117/><V104/><F65/><W86/><REACH who="3" step="1"/><G29/><REACH who="3" ten="250,250,270,220" step="2"/><T77/><D77/><U33/><E33/><V9/><F5/><AGARI ba="0,1" hai="5,11,12,13,19,23,49,52,59,96,99" m="31243" machi="5" ten="30,7700,0" yaku="8,1,52,2,54,1" doraHai="92" who="0" fromWho="2" sc="250,87,250,0,270,-77,220,0" /><INIT seed="2,0,0,4,4,69" ten="337,250,193,220" oya="2" hai0="57,94,43,37,38,133,134,88,17,27,107,98,61" hai1="132,82,29,40,135,112,48,53,26,86,56,16,78" hai2="100,111,129,101,35,97,93,74,120,51,126,22,34" hai3="66,77,99,19,23,13,21,92,52,64,42,63,122"/><V118/><F118/><W62/><G122/><T116/><D116/><U4/><E112/><V119/><F119/><W39/><G77/><T105/><D107/><U76/><E4/><V47/><F120/><W5/><G5/><T79/><D79/><U83/><E40/><V20/><F74/><W36/><G21/><N who="0" m="13743" /><D105/><U75/><REACH who="1" step="1"/><E16/><REACH who="1" ten="337,240,193,220" step="2"/><V130/><F129/><W18/><G18/><T68/><D43/><U28/><E28/><V124/><F130/><W10/><G10/><T24/><D24/><U1/><E1/><V73/><F126/><W58/><G42/><T65/><D68/><U117/><E117/><V30/><F124/><W31/><G31/><T106/><D106/><U103/><E103/><V125/><F30/><W123/><G123/><T95/><D95/><U15/><E15/><V96/><F101/><W50/><G13/><T11/><D11/><U84/><E84/><V90/><F100/><W102/><G19/><T6/><D6/><U70/><E70/><V9/><F93/><W72/><G23/><AGARI ba="0,1" hai="23,26,29,48,53,56,75,76,78,82,83,86,132,135" machi="23" ten="40,2600,0" yaku="1,1,53,1" doraHai="69" doraHaiUra="45" who="1" fromWho="3" sc="337,0,240,36,193,0,220,-26" /><INIT seed="3,0,0,0,4,109" ten="337,276,193,194" oya="3" hai0="23,15,7,20,114,6,0,22,9,92,31,47,108" hai1="98,113,32,25,18,53,101,57,99,118,61,107,12" hai2="67,4,1,70,131,46,79,87,72,102,28,58,10" hai3="84,65,105,2,24,128,29,100,39,94,3,110,129"/><W91/><G39/><T104/><D104/><U55/><E118/><V83/><F70/><W103/><G110/><T16/><D92/><U59/><E32/><V21/><F131/><N who="3" m="50251" /><G65/><T43/><D43/><U74/><E74/><V81/><F102/><N who="3" m="38955" /><G105/><T76/><D47/><U69/><E25/><V49/><F28/><W132/><G132/><T5/><D76/><U71/><E98/><V133/><F21/><AGARI ba="0,0" hai="2,3,21,24,29,84,91,94" m="38955,50251" machi="21" ten="30,1500,0" yaku="19,1" doraHai="109" who="3" fromWho="2" sc="337,0,276,0,193,-15,194,15" /><INIT seed="3,1,0,2,3,3" ten="337,276,178,209" oya="3" hai0="129,108,79,96,83,52,56,17,28,18,130,58,66" hai1="116,29,113,49,71,82,62,89,36,120,40,91,23" hai2="74,65,85,35,86,19,124,59,64,106,57,104,50" hai3="15,87,31,112,7,128,102,25,84,105,55,76,118"/><W117/><G112/><T37/><D108/><U54/><E120/><V68/><F74/><W77/><G128/><N who="0" m="49259" /><D37/><U11/><E113/><V107/><F68/><W30/><G55/><T80/><D28/><U20/><E116/><V69/><F69/><W46/><G46/><T12/><D96/><U8/><E40/><V135/><F35/><W98/><G15/><T111/><D111/><U90/><E36/><V131/><F131/><W41/><G41/><T9/><D18/><U34/><E82/><V21/><F124/><W97/><G102/><T121/><D121/><U44/><E34/><V126/><F126/><W42/><G42/><T33/><D33/><U1/><E29/><V32/><F32/><W39/><G25/><T133/><D133/><U125/><E125/><V100/><F135/><W63/><G63/><N who="0" m="38247" /><D79/><U4/><E11/><V101/><F106/><W99/><G99/><T94/><D94/><U6/><E6/><V122/><F122/><W132/><G39/><T109/><D109/><U53/><E71/><V81/><F19/><W61/><G61/><AGARI ba="1,0" hai="9,12,17,52,58,61,80,83" m="38247,49259" machi="61" ten="30,2000,0" yaku="19,1,54,1" doraHai="3" who="0" fromWho="3" sc="337,23,276,0,178,0,209,-23" owari="360,46.0,276,7.6,178,-32.2,186,-21.4" /></mjloggm>