<mjloggm ver="2.3"><GO type="225" lobby="0"/><UN n0="%E3%83%9F%E3%83%83%E3%82%AD%E3%83%BC%E8%9B%87%E5%B1%B1" n1="%E3%81%95%E3%81%8D%E3%81%9F%E3%81%BE%E6%9E%97%E6%AA%8E" n2="%E5%B8%86%E7%AB%8B%E5%A4%8F%E8%A1%A3" n3="%48%49%52%4F%4B%49%4E%47" dan="16,16,16,16" rate="2036.10,2074.57,2205.46,2055.64" sx="M,M,M,M"/><TAIKYOKU oya="0"/><INIT seed="0,0,0,4,4,131" ten="250,250,250,250" oya="0" hai0="59,45,87,126,125,96,38,19,18,36,63,91,44" hai1="21,8,130,108,31,106,111,65,103,53,2,9,64" hai2="46,26,100,12,97,10,14,76,84,4,69,127,71" hai3="57,85,5,37,50,82,29,20,39,70,55,122,75"/><T101/><D44/><U94/><E106/><V121/><F127/><N who="0" m="48650" /><D87/><U58/><E130/><V90/><F121/><W66/><G75/><T51/><D91/><U124/><E124/><V102/><F102/><W15/><G70/><T81/><D81/><U109/><E103/><V92/><F14/><W115/><G66/><N who="1" m="25706" /><E94/><V52/><F26/><W132/><G132/><T40/><D59/><U120/><E120/><V104/><REACH who="2" step="1"/><F76/><REACH who="2" ten="250,250,240,250" step="2"/><W86/><G122/><T49/><D36/><U123/><E123/><V61/><F61/><W133/><G15/><T34/><D63/><N who="1" m="36303" /><E2/><V98/><F98/><W129/><G39/><T30/><D38/><U1/><E1/><V107/><F107/><W74/><G37/><T54/><D49/><AGARI ba="0,1" hai="4,10,12,46,49,52,69,71,84,90,92,97,100,104" machi="49" ten="40,5200,0" yaku="1,1,54,1,53,1" doraHai="131" doraHaiUra="41" who="2" fromWho="0" sc="250,-52,250,0,240,62,250,0" /><INIT seed="1,0,0,5,0,69" ten="198,250,302,250" oya="1" hai0="110,47,95,91,48,100,94,109,53,85,56,122,65" hai1="127,101,104,23,51,8,11,84,52,105,54,60,67" hai2="2,7,130,113,30,33,96,14,38,120,20,71,117" hai3="99,25,26,22,121,90,42,135,61,131,28,112,68"/><U9/><E127/><V24/><F71/><W82/><G112/><T118/><D118/><U16/><E84/><V64/><F64/><W88/><G121/><T103/><D122/><U44/><E54/><V134/><F113/><W37/><G135/><T111/><D94/><U0/><E0/><V89/><F134/><W66/><G131/><T39/><REACH who="0" step="1"/><D65/><REACH who="0" ten="188,250,302,250" step="2"/><U123/><E123/><V124/><F120/><W50/><G82/><T27/><D27/><U19/><E101/><V4/><F24/><W128/><G26/><T73/><D73/><U12/><REACH who="1" step="1"/><E19/><REACH who="1" ten="188,240,302,250" step="2"/><V15/><F117/><W62/><G66/><T92/><D92/><U13/><E13/><V75/><F15/><W97/><G25/><T35/><D35/><U93/><E93/><V108/><F14/><W81/><G97/><T86/><D86/><U70/><AGARI ba="0,2" hai="8,9,11,12,16,23,44,51,52,60,67,70,104,105" machi="70" ten="30,12000,1" yaku="1,1,0,1,54,2,53,1" doraHai="69" doraHaiUra="10" who="1" fromWho="1" sc="188,-40,240,140,302,-40,250,-40" /><INIT seed="1,1,0,1,2,83" ten="148,380,262,210" oya="1" hai0="104,52,37,30,63,133,32,20,87,70,44,50,74" hai1="45,114,19,116,85,86,125,66,3,58,110,94,17" hai2="35,130,64,73,134,126,23,111,27,90,131,34,129" hai3="93,99,47,4,36,13,16,76,43,127,11,60,25"/><U21/><E114/><V101/><F73/><W42/><G127/><T61/><D74/><U5/><E116/><V38/><F38/><W67/><G42/><T88/><D104/><U82/><E125/><V132/><F101/><W55/><G76/><T51/><D37/><U39/><E94/><V40/><F40/><W92/><G55/><N who="0" m="30151" /><D32/><N who="2" m="12330" /><F64/><W14/><G25/><N who="0" m="16679" /><D133/><N who="2" m="51306" /><F90/><W84/><G84/><N who="1" m="32362" /><E39/><V81/><F81/><W123/><G99/><T56/><D70/><U106/><E82/><AGARI ba="1,0" hai="51,52,56,61,63,82,87,88" m="16679,30151" machi="82" ten="30,7700,0" yaku="8,1,52,1,54,2" doraHai="83" who="0" fromWho="1" sc="148,80,380,-80,262,0,210,0" /><INIT seed="2,0,0,4,2,78" ten="228,300,262,210" oya="2" hai0="21,43,76,129,8,85,134,34,122,49,82,65,16" hai1="116,36,29,24,14,102,9,31,45,59,127,53,66" hai2="60,108,62,83,32,52,86,18,135,103,40,25,23" hai3="20,47,97,115,101,58,28,61,6,10,55,92,42"/><V110/><F135/><W128/><G128/><T119/><D122/><U100/><E116/><V90/><F40/><W0/><G115/><T27/><D134/><U94/><E127/><V131/><F131/><W70/><G70/><T109/><D129/><U118/><E118/><V11/><F103/><W12/><G0/><T41/><D109/><N who="2" m="42090" /><F32/><W98/><G97/><T39/><D65/><U13/><E66/><V54/><F11/><W44/><REACH who="3" step="1"/><G42/><REACH who="3" ten="228,300,262,200" step="2"/><T37/><D41/><U69/><E69/><V81/><F81/><W95/><G95/><T88/><D119/><U33/><E94/><V114/><F114/><W4/><G4/><T74/><D43/><U38/><E38/><V79/><F79/><W22/><G22/><T17/><D37/><U99/><E36/><V73/><F73/><W133/><G133/><T104/><D39/><U125/><E33/><V3/><F3/><W7/><G7/><T68/><D34/><U132/><E132/><V71/><F71/><W111/><G111/><T77/><D68/><U105/><E9/><V124/><F124/><W96/><G96/><T48/><D104/><U2/><E105/><V123/><F123/><W93/><G93/><T64/><D74/><U1/><E1/><V87/><F87/><W72/><G72/><T89/><D76/><U35/><E2/><V30/><F83/><W120/><G120/><T112/><D112/><U57/><E35/><N who="2" m="20943" /><F86/><W113/><G113/><T50/><D77/><U130/><E125/><V15/><F90/><W107/><G107/><T63/><D89/><U91/><E91/><V106/><F106/><RYUUKYOKU ba="0,1" sc="228,-15,300,-15,262,15,200,15" hai2="15,18,23,52,54,60,62" hai3="6,10,12,20,28,44,47,55,58,61,92,98,101" /><INIT seed="2,1,1,5,0,84" ten="213,285,277,215" oya="2" hai0="49,57,55,99,34,102,11,76,44,132,105,43,16" hai1="71,121,8,70,47,64,31,124,65,46,67,50,87" hai2="133,95,92,48,100,134,26,53,135,66,39,19,69" hai3="63,112,0,78,93,77,82,131,51,118,14,38,73"/><V30/><F39/><W33/><G0/><T120/><D132/><U117/><E31/><V109/><F109/><W89/><G38/><T20/><D34/><U41/><E8/><V123/><F123/><W5/><G33/><T90/><D120/><U128/><E87/><V36/><F36/><W104/><G104/><T22/><D76/><U110/><E121/><V4/><F4/><W35/><G35/><T40/><D11/><U62/><E110/><V29/><F66/><N who="1" m="25705" /><E117/><V125/><F69/><N who="1" m="26121" /><E128/><V68/><F68/><W6/><G131/><T127/><D127/><U3/><E3/><V101/><F125/><W126/><G126/><T86/><D44/><N who="1" m="25871" /><E124/><V106/><F19/><W130/><G130/><T115/><D22/><U18/><E18/><V61/><F29/><W58/><G118/><T17/><D17/><U103/><E103/><N who="2" m="39499" /><F26/><W94/><G77/><T2/><D2/><U122/><E122/><V15/><F15/><W88/><G14/><N who="0" m="9239" /><D115/><U91/><E91/><V96/><F30/><W81/><G112/><T12/><D12/><U24/><E24/><V45/><F106/><W13/><G13/><T32/><D32/><U107/><E107/><V42/><F96/><W37/><G78/><T56/><D56/><AGARI ba="1,1" hai="46,47,56,62,67" m="25871,26121,25705" machi="56" ten="30,8000,1" yaku="35,5" doraHai="84" who="1" fromWho="0" sc="213,-83,285,93,277,0,215,0" /><AGARI ba="1,0" hai="42,45,48,53,56,61,92,95,133,134,135" m="39499" machi="56" ten="40,2000,0" yaku="20,1" doraHai="84" who="2" fromWho="0" sc="130,-20,378,0,277,20,215,0" /><INIT seed="2,2,0,0,1,5" ten="110,378,297,215" oya="2" hai0="34,94,132,108,6,20,75,112,131,101,13,82,72" hai1="19,7,21,3,103,86,76,58,122,120,125,114,29" hai2="111,26,130,33,32,135,99,25,43,95,116,39,87" hai3="27,109,54,91,57,45,102,110,123,127,46,42,62"/><V92/><F116/><W69/><G123/><N who="1" m="47146" /><E125/><V98/><F87/><W104/><G127/><T66/><D112/><U1/><E114/><V93/><F130/><W107/><G102/><T14/><D34/><N who="2" m="13418" /><F43/><W8/><G27/><N who="2" m="10249" /><F39/><W90/><G69/><T52/><D131/><U65/><E29/><V61/><F61/><W35/><G35/><T96/><D66/><U73/><E73/><V89/><F89/><W68/><G68/><T67/><D67/><U78/><E103/><V11/><F11/><W115/><G115/><T85/><D108/><N who="3" m="41577" /><G45/><T15/><D132/><U64/><E64/><V88/><F88/><N who="3" m="33835" /><G8/><T10/><D75/><U100/><E100/><V63/><F63/><W105/><G107/><T30/><D72/><U97/><E86/><V0/><F111/><W113/><G113/><T118/><D118/><U71/><E71/><V36/><F36/><AGARI ba="2,0" hai="36,42,46,54,57,62,104,105" m="33835,41577" machi="36" ten="30,2000,0" yaku="14,1,54,1" doraHai="5" who="3" fromWho="2" sc="110,0,378,0,297,-26,215,26" /><INIT seed="3,0,0,0,3,67" ten="110,378,271,241" oya="3" hai0="78,55,5,40,57,15,99,13,79,58,109,45,76" hai1="126,7,10,9,121,124,98,101,97,103,38,3,36" hai2="107,24,6,44,8,72,49,54,86,29,28,83,25" hai3="20,80,135,65,16,34,0,77,35,70,4,92,104"/><W118/><G104/><T82/><D109/><U18/><E121/><V134/><F72/><W114/><G114/><T68/><D68/><U89/><E89/><N who="2" m="51423" /><F107/><W37/><G118/><T23/><D99/><N who="1" m="37899" /><E18/><V62/><F134/><W32/><G37/><N who="1" m="14442" /><E10/><V14/><F62/><W90/><G135/><T64/><D64/><U50/><E50/><V39/><F39/><W74/><G4/><T19/><D13/><U52/><E52/><V122/><F122/><W87/><G0/><T119/><D119/><U88/><E88/><V112/><F112/><W100/><G100/><T27/><D40/><U41/><E41/><V84/><F84/><W71/><REACH who="3" step="1"/><G65/><REACH who="3" ten="110,378,271,231" step="2"/><T105/><D105/><U17/><E103/><V93/><F93/><W59/><G59/><T43/><D5/><U111/><E101/><V75/><F75/><W11/><G11/><T56/><D82/><U94/><E9/><V63/><F63/><W108/><G108/><T53/><REACH who="0" step="1"/><D15/><AGARI ba="0,1" hai="15,16,20,32,34,35,70,71,74,77,80,87,90,92" machi="15" ten="40,12000,1" yaku="1,1,52,2,54,1,53,0" doraHai="67" doraHaiUra="125" who="3" fromWho="0" sc="110,-120,378,0,271,0,231,130" owari="-10,-51.0,378,47.8,271,-12.9,361,16.1" /></mjloggm>