<mjloggm ver="2.3"><GO type="225" lobby="0"/><UN n0="%E3%81%BF%E3%81%BF%E3%81%9A" n1="%E3%83%81%E3%83%AF%E3%83%AF%E9%9A%8A%E9%95%B7" n2="%E3%82%A2%E3%83%B3%E3%83%93%E3%83%90%E3%83%AC%E3%83%B3%E3%83%88" n3="%E6%97%A5%E6%9B%9C%E6%97%A5%E3%82%88%E3%82%8A%E3%81%AE%E4%BD%BF%E8%80%85" dan="18,17,16,16" rate="2245.40,2171.46,2046.27,2086.78" sx="M,M,F,M"/><TAIKYOKU oya="0"/><INIT seed="0,0,0,1,3,111" ten="250,250,250,250" oya="0" hai0="82,37,2,45,121,112,26,100,106,116,65,20,126" hai1="123,51,128,23,96,30,129,68,63,22,47,48,78" hai2="124,11,110,57,102,87,61,88,83,93,107,3,84" hai3="89,133,71,122,54,91,9,4,127,12,0,134,13"/><T10/><D116/><U74/><E123/><V76/><F110/><W94/><G71/><T28/><D121/><U66/><E48/><V114/><F124/><W64/><G64/><T14/><D126/><U56/><E68/><V130/><F130/><N who="1" m="50281" /><E30/><V1/><F11/><W104/><G104/><T50/><D37/><U36/><E36/><V18/><F18/><W58/><G127/><T131/><D131/><U33/><E33/><V40/><F40/><W120/><G120/><T92/><D2/><U53/><E96/><V109/><F109/><W81/><G81/><AGARI ba="0,0" hai="22,23,47,51,53,56,63,66,74,78,81" m="50281" machi="81" ten="30,1000,0" yaku="19,1" doraHai="111" who="1" fromWho="3" sc="250,0,250,10,250,0,250,-10" /><INIT seed="1,0,0,2,3,125" ten="250,260,250,240" oya="1" hai0="49,37,32,43,105,118,108,58,41,88,102,91,19" hai1="98,16,71,128,38,28,1,124,72,61,84,46,63" hai2="65,111,96,134,44,117,36,27,53,60,130,126,11" hai3="69,22,2,82,127,12,89,110,121,103,8,123,86"/><U79/><E72/><V94/><F126/><W97/><G127/><T59/><D32/><U9/><E124/><V80/><F117/><W30/><G69/><T85/><D37/><U48/><E38/><V129/><F80/><W75/><G75/><T24/><D118/><U106/><E71/><V51/><F111/><W4/><G110/><T92/><D108/><U57/><E28/><V55/><F36/><W39/><G39/><T107/><D102/><U104/><E61/><V132/><F11/><W25/><REACH who="3" step="1"/><G2/><REACH who="3" ten="250,260,250,230" step="2"/><T64/><D107/><AGARI ba="0,1" hai="4,8,12,22,25,30,82,86,89,97,103,107,121,123" machi="107" ten="30,3900,0" yaku="1,1,2,1,7,1,53,0" doraHai="125" doraHaiUra="120" who="3" fromWho="0" sc="250,-39,260,0,250,0,230,49" /><INIT seed="2,0,0,4,0,67" ten="211,260,250,279" oya="2" hai0="41,82,73,94,74,21,91,92,100,124,23,62,95" hai1="32,7,54,13,55,52,24,107,99,77,33,110,131" hai2="27,19,75,83,57,64,69,116,59,127,51,71,132" hai3="12,11,112,98,85,135,126,122,6,123,45,42,37"/><V121/><F116/><W80/><G126/><T66/><D41/><U9/><E110/><V36/><F121/><W16/><G135/><T119/><D119/><U101/><E131/><V58/><F36/><W96/><G112/><T89/><D124/><U15/><E77/><V50/><F127/><W63/><G63/><T134/><D100/><U125/><E125/><V65/><F132/><W29/><G29/><T128/><D134/><U106/><E106/><V105/><F105/><W87/><G87/><T40/><D40/><U118/><E118/><V86/><F75/><W103/><G6/><T48/><D48/><U120/><E120/><V90/><F65/><W102/><G102/><T22/><D128/><U78/><E78/><V81/><F81/><W39/><G39/><T0/><D0/><U60/><E24/><V4/><F4/><W34/><G34/><T111/><D111/><U70/><REACH who="1" step="1"/><E13/><REACH who="1" ten="211,250,250,279" step="2"/><V109/><F109/><W56/><G123/><T20/><N who="0" m="5120" /><DORA hai="25" /><T44/><D44/><U93/><E93/><V117/><F117/><W28/><G122/><T76/><REACH who="0" step="1"/><D73/><REACH who="0" ten="201,250,250,279" step="2"/><U68/><E68/><AGARI ba="0,2" hai="62,66,68,74,76,82,89,91,92,94,95" m="5120" machi="68" ten="50,12000,2" yaku="1,1,2,1,52,1,53,4" doraHai="67,25" doraHaiUra="17,46" who="0" fromWho="1" sc="201,140,250,-120,250,0,279,0" /><INIT seed="3,0,0,1,5,44" ten="341,130,250,279" oya="3" hai0="102,124,115,26,101,67,60,46,19,128,41,84,120" hai1="113,57,55,34,109,24,29,97,108,20,73,27,31" hai2="100,40,38,56,81,64,75,93,85,92,96,32,17" hai3="48,117,15,54,82,87,133,135,127,112,111,77,43"/><W118/><G112/><T28/><D120/><U78/><E113/><V103/><F32/><W98/><G127/><T107/><D115/><U90/><E73/><V125/><F125/><W114/><G114/><T66/><D124/><U126/><E126/><V94/><F38/><W88/><G43/><T80/><D19/><U30/><E78/><V23/><F40/><W2/><G2/><T63/><D128/><U8/><E8/><V119/><F75/><W22/><G111/><T65/><D107/><U70/><E70/><V76/><F103/><N who="0" m="39434" /><D46/><U12/><E12/><V10/><F10/><W35/><G35/><T116/><D116/><U83/><E30/><V71/><F71/><W134/><G98/><T130/><D130/><U4/><E4/><V13/><F119/><W1/><G1/><T0/><D41/><U25/><E25/><V61/><AGARI ba="0,0" hai="13,17,23,56,61,64,76,81,85,92,93,94,96,100" machi="61" ten="30,2000,0" yaku="0,1,8,1" doraHai="44" who="2" fromWho="2" sc="341,-5,130,-5,250,20,279,-10" owari="336,43.6,125,-37.5,270,7.0,269,-13.1" /></mjloggm>