<mjloggm ver="2.3"><GO type="225" lobby="0"/><UN n0="%E3%82%8C%E3%81%99%E3%81%93" n1="%E6%98%93%E5%88%A9%E8%96%A9%E4%BC%AF" n2="%E4%B8%89%E5%88%86%E5%B0%8F%E5%83%A7" n3="%E3%81%90%E3%81%A1%E3%82%84%E3%81%BE" dan="17,16,16,16" rate="2189.47,2120.19,2115.61,2113.13" sx="F,F,M,M"/><TAIKYOKU oya="0"/><INIT seed="0,0,0,0,5,51" ten="250,250,250,250" oya="0" hai0="108,110,93,123,10,94,114,42,78,87,59,80,31" hai1="8,6,126,35,28,74,122,85,104,3,61,113,52" hai2="63,34,111,119,96,107,21,79,1,77,72,22,91" hai3="19,105,103,65,106,48,40,66,68,100,53,50,60"/><T20/><D114/><U88/><E74/><V46/><F34/><W30/><G30/><T9/><D123/><U16/><E122/><V98/><F1/><W25/><G106/><T117/><D117/><U99/><E113/><V14/><F111/><N who="0" m="42538" /><D42/><U134/><E134/><V45/><F119/><W15/><G105/><T109/><N who="0" m="42546" /><T92/><DORA hai="70" /><D59/><U129/><E129/><V56/><F72/><W49/><G25/><AGARI ba="0,0" hai="9,10,20,25,31,78,80,87,92,93,94" m="42546" machi="25" ten="50,4800,0" yaku="14,1,10,1" doraHai="51,70" who="0" fromWho="3" sc="250,48,250,0,250,0,250,-48" /><INIT seed="0,1,0,2,5,65" ten="298,250,250,202" oya="0" hai0="120,111,29,53,80,14,109,67,34,130,79,135,93" hai1="2,83,0,85,62,132,90,33,48,116,45,97,44" hai2="25,106,16,7,1,88,94,3,134,96,41,15,17" hai3="72,9,99,26,102,28,42,133,60,18,23,122,123"/><T40/><D120/><N who="3" m="46121" /><G133/><T100/><D130/><U52/><E116/><V4/><F134/><W54/><G72/><T81/><D135/><U87/><E33/><V11/><F106/><W117/><G117/><T30/><D40/><U78/><E132/><V95/><F41/><W61/><G42/><T32/><D53/><U103/><E45/><V131/><F131/><W75/><G75/><T8/><D67/><U91/><E62/><V121/><F121/><W66/><G54/><T124/><D124/><U56/><E44/><V125/><F125/><W69/><G61/><T129/><D129/><U39/><E39/><V119/><F119/><W101/><G99/><N who="0" m="59503" /><D34/><U49/><E49/><V22/><REACH who="2" step="1"/><F95/><REACH who="2" ten="298,250,240,202" step="2"/><W112/><G112/><T36/><D111/><U84/><E2/><AGARI ba="1,1" hai="1,2,3,4,7,11,15,16,17,22,25,88,94,96" machi="2" ten="40,8000,1" yaku="1,1,2,1,54,2,53,0" doraHai="65" doraHaiUra="113" who="2" fromWho="1" sc="298,0,250,-83,240,93,202,0" /><INIT seed="1,0,0,5,5,94" ten="298,167,333,202" oya="1" hai0="45,87,96,41,109,79,24,69,84,127,5,121,12" hai1="57,27,7,53,90,125,110,86,10,21,132,36,128" hai2="33,37,126,78,85,50,47,13,123,88,80,72,9" hai3="120,1,43,112,59,8,51,81,107,130,35,3,40"/><U48/><E128/><V67/><F37/><W102/><G120/><T23/><D69/><U66/><E132/><V116/><F33/><W16/><G112/><T77/><D109/><U71/><E125/><V0/><F0/><W29/><G130/><T117/><D117/><U56/><E110/><V111/><F111/><W55/><G81/><T19/><D121/><U6/><E36/><V17/><F123/><W76/><G76/><T82/><D127/><U34/><E34/><V104/><F104/><W14/><G29/><T113/><D113/><U28/><E71/><V115/><F67/><W58/><G35/><T135/><D135/><U15/><E66/><V18/><F126/><W101/><G58/><T83/><D96/><U39/><E39/><V108/><F108/><W31/><G31/><T114/><D114/><U38/><E38/><V105/><F105/><W92/><G107/><T61/><D61/><U46/><REACH who="1" step="1"/><E7/><REACH who="1" ten="298,157,333,202" step="2"/><V65/><F65/><W124/><G124/><T70/><D70/><U64/><E64/><V30/><F116/><W63/><G102/><T42/><D45/><U74/><E74/><V93/><F115/><W91/><G101/><T44/><D44/><U103/><E103/><V32/><F32/><W100/><G100/><T20/><D5/><U60/><E60/><V11/><F47/><W68/><G68/><T119/><D119/><U49/><E49/><V62/><F50/><W97/><REACH who="3" step="1"/><G63/><REACH who="3" ten="298,157,333,192" step="2"/><T75/><D75/><U73/><E73/><V95/><F62/><W98/><G98/><T52/><D84/><U133/><E133/><V22/><F72/><RYUUKYOKU ba="0,2" sc="298,-15,157,15,333,-15,192,15" hai1="6,10,15,21,27,28,46,48,53,56,57,86,90" hai3="1,3,8,14,16,40,43,51,55,59,91,92,97" /><INIT seed="1,1,2,5,2,66" ten="283,172,318,207" oya="1" hai0="94,130,132,135,74,97,9,24,4,1,127,22,119" hai1="27,122,30,63,62,17,55,44,37,70,69,2,14" hai2="124,49,120,121,68,10,54,89,51,38,95,26,18" hai3="86,50,43,60,41,114,99,59,8,111,6,85,115"/><U83/><E2/><V110/><F124/><W52/><G111/><T91/><D119/><U82/><E122/><V131/><F110/><W93/><G115/><T78/><D127/><U76/><E82/><V11/><F38/><W34/><G34/><T36/><D36/><U73/><E37/><V100/><F131/><W102/><G114/><T109/><D109/><U125/><E125/><V23/><F100/><W105/><G105/><T113/><D113/><U98/><E98/><V12/><F68/><W7/><G43/><T117/><D117/><U56/><E62/><V126/><F10/><W88/><G8/><T32/><D32/><U67/><E44/><V129/><F51/><W15/><G15/><T90/><D130/><U65/><E67/><V31/><F129/><W28/><G28/><N who="0" m="17431" /><D74/><U75/><E65/><V35/><F126/><W118/><G118/><T116/><D78/><U46/><E46/><V20/><F120/><W19/><G19/><T112/><D112/><U87/><E75/><V58/><REACH who="2" step="1"/><F121/><REACH who="2" ten="283,172,308,207" step="2"/><W106/><G50/><T96/><D116/><U47/><E47/><V101/><F101/><W104/><G102/><N who="0" m="60695" /><D97/><AGARI ba="1,3" hai="11,12,18,20,23,26,31,35,49,54,58,89,95,97" machi="97" ten="30,2000,0" yaku="1,1,7,1,53,0" doraHai="66" doraHaiUra="133" who="2" fromWho="0" sc="283,-23,172,0,308,53,207,0" /><INIT seed="2,0,0,2,5,82" ten="260,172,361,207" oya="2" hai0="53,58,70,45,3,74,59,39,117,0,42,73,62" hai1="28,18,9,66,1,87,67,4,134,52,88,97,21" hai2="14,99,80,121,12,63,124,119,16,126,135,15,6" hai3="69,32,104,76,125,93,27,48,110,86,60,25,112"/><V131/><F119/><W40/><G104/><T130/><D130/><U115/><E115/><V84/><F121/><W65/><G110/><T128/><D128/><U64/><E134/><V51/><F131/><W98/><G125/><N who="2" m="48233" /><F6/><W107/><G112/><T85/><D117/><U83/><E97/><V2/><F2/><W90/><G32/><T44/><D70/><U11/><E11/><N who="2" m="6175" /><F51/><W61/><G61/><T129/><D129/><U54/><REACH who="1" step="1"/><E28/><REACH who="1" ten="260,162,361,207" step="2"/><V47/><F135/><W35/><G35/><T127/><D127/><U10/><E10/><V13/><F99/><W96/><G96/><T109/><D109/><U68/><E68/><V100/><F100/><W77/><G107/><T31/><D31/><U94/><E94/><V75/><F75/><W81/><REACH who="3" step="1"/><G76/><REACH who="3" ten="260,162,361,197" step="2"/><T102/><D102/><U22/><E22/><V122/><F122/><W78/><G78/><T30/><D73/><U33/><E33/><V41/><F63/><W19/><G19/><T89/><D74/><U105/><E105/><V133/><F133/><W123/><G123/><T5/><D62/><U55/><E55/><V108/><F108/><W37/><G37/><T36/><D53/><U116/><E116/><V7/><F7/><W106/><G106/><T56/><D5/><U24/><AGARI ba="0,2" hai="1,4,9,18,21,24,52,54,64,66,67,83,87,88" machi="24" ten="30,8000,1" yaku="1,1,0,1,52,1,54,2,53,0" doraHai="82" doraHaiUra="46" who="1" fromWho="1" sc="260,-20,162,100,361,-40,197,-20" /><INIT seed="3,0,0,1,5,57" ten="240,262,321,177" oya="3" hai0="74,28,9,125,40,109,17,18,3,39,104,65,47" hai1="84,49,0,96,114,69,111,31,63,34,48,64,51" hai2="30,95,52,55,68,85,121,106,116,71,118,100,19" hai3="134,87,124,135,45,41,60,80,12,98,7,50,131"/><W120/><G120/><T79/><D109/><U23/><E0/><V29/><F106/><W42/><G124/><T22/><D104/><U43/><E114/><V76/><F121/><W126/><G126/><T66/><D28/><U1/><E1/><V33/><F33/><W62/><G131/><T59/><D125/><U105/><E111/><V26/><F19/><W122/><G122/><T46/><D46/><U32/><E84/><V25/><F85/><W119/><G119/><T61/><D66/><U117/><E117/><V16/><F16/><W99/><G42/><T93/><D93/><U123/><E123/><V15/><F15/><W11/><G135/><T54/><D65/><U20/><E43/><V53/><F53/><W27/><G27/><T81/><D22/><U24/><E34/><V103/><F95/><W58/><G134/><T2/><D2/><U44/><E44/><V37/><F76/><N who="3" m="46471" /><G58/><T73/><D73/><U115/><E115/><V86/><F86/><W101/><G99/><T88/><D88/><U78/><E78/><V83/><F37/><W14/><G12/><T8/><D8/><U70/><E70/><V89/><F89/><W130/><G130/><T128/><D128/><U13/><E13/><V75/><F83/><W36/><G36/><T90/><D90/><U132/><E132/><V97/><F97/><W38/><G38/><T107/><D107/><AGARI ba="0,0" hai="7,11,14,41,45,50,60,62,98,101,107" m="46471" machi="107" ten="30,5800,0" yaku="25,1,52,2" doraHai="57" who="3" fromWho="0" sc="240,-58,262,0,321,0,177,58" /><INIT seed="3,1,0,4,0,76" ten="182,262,321,235" oya="3" hai0="4,97,77,68,102,35,72,34,100,125,114,71,112" hai1="101,15,0,23,108,111,47,85,43,134,12,53,1" hai2="19,40,107,10,5,129,106,52,32,133,13,103,51" hai3="73,86,24,29,87,31,105,33,61,45,8,9,39"/><W115/><G115/><T92/><D125/><U69/><E69/><V131/><F133/><W44/><G73/><T26/><D100/><U54/><E101/><V128/><F103/><W11/><G105/><N who="2" m="39945" /><F40/><W18/><G39/><T6/><D71/><U60/><E85/><V28/><F32/><W46/><G31/><T3/><D68/><U99/><E99/><V36/><F28/><W66/><REACH who="3" step="1"/><G18/><REACH who="3" ten="182,262,321,225" step="2"/><T135/><D135/><U116/><E134/><V14/><F36/><W21/><G21/><T109/><D109/><U70/><E23/><V90/><F19/><W42/><G42/><T96/><D72/><U81/><E43/><V64/><F64/><W89/><G89/><T93/><D102/><U84/><E111/><V2/><F90/><W22/><G22/><T41/><D41/><U79/><E108/><V62/><F62/><W95/><G95/><T56/><D77/><U123/><E60/><V74/><F74/><W117/><G117/><T57/><REACH who="0" step="1"/><D26/><REACH who="0" ten="172,262,321,225" step="2"/><U118/><E79/><V119/><F119/><W124/><G124/><T94/><D94/><U83/><E116/><V7/><F7/><W20/><G20/><T17/><D17/><U50/><E118/><V59/><AGARI ba="1,2" hai="2,5,10,13,14,51,52,59,128,129,131" m="39945" machi="59" ten="40,2700,0" yaku="19,1,54,1" doraHai="76" who="2" fromWho="2" sc="172,-8,262,-8,321,50,225,-14" owari="164,-33.6,254,5.4,371,47.1,211,-18.9" /></mjloggm>