<mjloggm ver="2.3"><GO type="225" lobby="0"/><UN n0="%E3%81%AF%E3%82%88%E3%81%8A%E3%81%98%E3%81%95%E3%82%93" n1="%E4%B8%89%E5%86%A0%E7%8E%8B%E3%83%BB%E5%B1%B1%E7%94%B0%E5%93%B2%E4%BA%BA" n2="%E9%80%9F%E6%B0%B4%E5%87%9B%E9%A6%99" n3="%6D%75%75%6D%75%72%61" dan="16,16,16,16" rate="2104.59,2149.95,2140.90,2173.91" sx="M,M,F,F"/><TAIKYOKU oya="0"/><INIT seed="0,0,0,5,4,30" ten="250,250,250,250" oya="0" hai0="128,24,40,85,99,63,69,50,29,92,28,75,132" hai1="2,51,37,66,133,103,83,97,33,105,54,60,73" hai2="72,59,109,64,32,58,65,19,0,68,31,52,44" hai3="6,11,96,23,67,106,10,80,110,12,89,1,126"/><T93/><D75/><U47/><E133/><V43/><F0/><W125/><G110/><T108/><D132/><U27/><E2/><V122/><F19/><W49/><G67/><N who="2" m="25673" /><F31/><W94/><G106/><T57/><D69/><U56/><E37/><N who="2" m="21615" /><F32/><W3/><G23/><T18/><D128/><U15/><E15/><V90/><F90/><W112/><G112/><T45/><D108/><U61/><E61/><N who="2" m="36039" /><F72/><W4/><G80/><T22/><D92/><U127/><E27/><V113/><F113/><W17/><G17/><T117/><D85/><U25/><E25/><V13/><F13/><W38/><G12/><T77/><D117/><U34/><REACH who="1" step="1"/><E127/><REACH who="1" ten="250,240,250,250" step="2"/><V7/><F109/><W71/><G126/><T87/><D28/><U78/><AGARI ba="0,1" hai="33,34,47,51,54,56,60,66,73,78,83,97,103,105" machi="78" ten="30,12000,2" yaku="1,1,2,1,0,1,52,2,53,1" doraHai="30" doraHaiUra="101" who="1" fromWho="1" sc="250,-60,240,130,250,-30,250,-30" /><INIT seed="1,0,0,3,2,30" ten="190,370,220,220" oya="1" hai0="111,73,34,56,37,133,108,9,29,2,84,132,36" hai1="4,118,45,3,91,110,77,15,120,25,82,97,8" hai2="39,52,105,103,121,69,23,43,116,68,7,5,31" hai3="28,41,40,14,115,95,99,64,0,24,10,96,128"/><U101/><E118/><V46/><F121/><W79/><G115/><T16/><D73/><U61/><E110/><N who="0" m="42025" /><D84/><U119/><E91/><V17/><F116/><W70/><G128/><T26/><D56/><U98/><E120/><V53/><F31/><W21/><G79/><T44/><D16/><U107/><E98/><V106/><F103/><W47/><G70/><T86/><D86/><U20/><E97/><V57/><F69/><W131/><G131/><T135/><D44/><U65/><E45/><V35/><F68/><W22/><G64/><T90/><D90/><U75/><E75/><V49/><F5/><AGARI ba="0,0" hai="2,5,9,26,29,34,36,37,132,133,135" m="42025" machi="5" ten="40,8000,1" yaku="20,1,14,1,23,1,52,1" doraHai="30" who="0" fromWho="2" sc="190,80,370,0,220,-80,220,0" /><INIT seed="2,0,0,0,1,120" ten="270,370,140,220" oya="2" hai0="93,82,88,108,35,72,32,16,116,119,50,90,49" hai1="109,65,29,85,13,77,36,14,47,30,118,106,126" hai2="59,75,111,41,107,100,37,83,76,89,74,25,2" hai3="31,97,6,44,66,27,86,10,115,73,112,99,127"/><V121/><F121/><W104/><G73/><T110/><D72/><U3/><E3/><V55/><F2/><N who="3" m="343" /><G104/><T8/><D82/><U81/><E126/><V87/><F25/><W61/><G86/><T0/><D0/><U33/><E65/><V101/><F41/><W22/><G44/><T128/><D128/><U45/><E45/><V54/><F37/><W96/><G96/><T48/><D32/><U62/><E62/><V19/><F74/><W9/><G9/><T135/><D35/><U102/><E85/><V51/><F107/><W134/><G127/><T125/><D135/><U114/><E47/><V98/><F98/><W18/><G31/><T103/><D103/><U63/><E77/><V4/><F4/><W7/><G7/><T11/><D125/><U130/><E102/><V113/><F113/><N who="3" m="43595" /><G134/><T124/><D124/><U122/><E106/><V94/><F111/><N who="0" m="42538" /><D90/><U43/><E114/><V53/><F101/><W117/><G117/><N who="0" m="45131" /><D16/><U26/><E81/><V131/><F131/><W69/><AGARI ba="0,0" hai="18,22,27,61,66,69,97,99" m="43595,343" machi="69" ten="30,1100,0" yaku="11,1" doraHai="120" who="3" fromWho="3" sc="270,-3,370,-3,140,-5,220,11" /><INIT seed="3,0,0,2,5,89" ten="267,367,135,231" oya="3" hai0="95,41,101,70,108,10,106,115,124,45,121,34,38" hai1="90,66,19,29,46,56,12,110,96,79,13,4,59" hai2="47,5,8,107,92,3,75,37,26,14,102,17,77" hai3="133,112,74,111,135,43,31,114,62,35,82,118,129"/><W65/><G35/><T42/><D121/><U123/><E79/><V22/><F107/><W87/><G31/><T25/><D70/><U131/><E66/><V84/><F102/><W57/><G74/><T72/><D72/><U91/><E91/><V134/><F134/><N who="3" m="51211" /><G87/><T127/><D106/><U11/><E29/><V48/><F37/><W78/><G78/><T40/><D108/><U16/><E123/><V61/><F61/><W132/><G82/><T97/><D115/><N who="3" m="44073" /><G132/><T76/><D76/><U120/><E96/><V98/><F75/><W125/><G111/><T88/><D101/><U104/><E90/><V69/><F69/><N who="3" m="42167" /><G129/><T0/><D25/><U50/><E131/><V1/><F98/><W9/><G9/><T103/><D34/><U71/><E11/><V2/><F2/><W36/><G125/><N who="0" m="48203" /><D103/><U24/><E110/><V23/><F23/><W30/><G30/><T53/><D10/><U55/><E120/><V27/><F27/><W28/><G28/><T113/><D0/><U83/><E24/><V39/><F39/><W117/><G57/><T122/><D122/><U6/><E59/><V58/><F58/><W73/><G73/><T54/><D113/><U126/><E56/><V52/><REACH who="2" step="1"/><F77/><REACH who="2" ten="267,367,125,231" step="2"/><W109/><G109/><T86/><D97/><U85/><E126/><V68/><F68/><W116/><G36/><T15/><D15/><U81/><E13/><V7/><F7/><W64/><G64/><T128/><D128/><U100/><E71/><V130/><F130/><W18/><G118/><T44/><D38/><U93/><E104/><V21/><F21/><RYUUKYOKU ba="0,1" sc="267,15,367,-15,125,15,231,-15" hai0="40,41,42,44,45,53,54,86,88,95" hai2="1,3,5,8,14,17,22,26,47,48,52,84,92" owari="282,8.2,362,46.2,140,-36.0,216,-18.4" /></mjloggm>