<mjloggm ver="2.3"><GO type="225" lobby="0"/><UN n0="%E7%B4%94%E6%BD%94%E3%83%94%E3%83%A9%E3%83%8B%E3%82%A2" n1="%E6%A1%9C%E8%8A%B1%E9%96%83%E3%80%85" n2="%73%75%7A%75%6D%65%33" n3="%E3%83%B4%E3%82%A3%E3%83%AF%E3%82%B3%E3%82%B0%E3%83%8B" dan="17,16,17,16" rate="2267.26,2224.48,2249.79,2178.45" sx="M,M,M,M"/><TAIKYOKU oya="0"/><INIT seed="0,0,0,0,2,4" ten="250,250,250,250" oya="0" hai0="10,56,22,69,123,34,105,44,127,42,36,31,128" hai1="15,131,88,38,58,103,106,33,99,80,114,1,57" hai2="11,84,25,82,53,40,20,113,135,43,116,97,100" hai3="111,5,93,73,134,129,60,21,112,0,68,48,17"/><T109/><D69/><U85/><E1/><V2/><F113/><W79/><G112/><T120/><D105/><U74/><E114/><V117/><F135/><W72/><G79/><T76/><D34/><U71/><E131/><V87/><F53/><W96/><G111/><T119/><D119/><N who="2" m="45642" /><F2/><W46/><G129/><T28/><D128/><U32/><E71/><V6/><F6/><W39/><G39/><T8/><D76/><U14/><E38/><V24/><F11/><W55/><G134/><T101/><D101/><U27/><E74/><V51/><F51/><W75/><G68/><T3/><D3/><U77/><E77/><N who="2" m="46159" /><F87/><W92/><G60/><T86/><D86/><U91/><E91/><V122/><F122/><W108/><G108/><T89/><D109/><U81/><E81/><V59/><F59/><W54/><G54/><T65/><D89/><U104/><E104/><N who="2" m="63503" /><F24/><W130/><G130/><T18/><D120/><U133/><E133/><V30/><AGARI ba="0,0" hai="20,25,30,40,43" m="63503,46159,45642" machi="30" ten="30,1100,0" yaku="12,1" doraHai="4" who="2" fromWho="2" sc="250,-5,250,-3,250,11,250,-3" /><INIT seed="1,0,0,0,4,103" ten="245,247,261,247" oya="1" hai0="128,122,100,2,131,80,101,20,94,126,21,45,40" hai1="35,78,19,127,1,66,17,73,119,15,63,76,13" hai2="51,68,34,89,48,0,9,60,90,96,6,23,104" hai3="39,22,67,4,87,33,16,50,79,3,130,11,114"/><U14/><E119/><V37/><F37/><W55/><G130/><N who="0" m="49707" /><D2/><U81/><E127/><V83/><F34/><W125/><G125/><T75/><D122/><U41/><E35/><V53/><F23/><N who="0" m="8778" /><D94/><U92/><E1/><V82/><F51/><W116/><G33/><T7/><D7/><U54/><E41/><V117/><F117/><W44/><G116/><T102/><D126/><U31/><E31/><V74/><F74/><W91/><G114/><T59/><D59/><U132/><E132/><V105/><F68/><W97/><G67/><T108/><D108/><U107/><E78/><V129/><F60/><W70/><G70/><T120/><D120/><U42/><E42/><V27/><F27/><W49/><G79/><N who="0" m="44159" /><D101/><U10/><E92/><V86/><F129/><W109/><G109/><T43/><D43/><U84/><E54/><V25/><F25/><W77/><G77/><T32/><D32/><U124/><E73/><V8/><F8/><W61/><G61/><T134/><D134/><U71/><E124/><V58/><F96/><W12/><G97/><T85/><D85/><AGARI ba="0,0" hai="0,6,9,48,53,58,82,83,85,86,89,90,104,105" machi="85" ten="40,5200,0" yaku="9,1,52,2" doraHai="103" who="2" fromWho="0" sc="245,-52,247,0,261,52,247,0" /><INIT seed="2,0,0,5,2,80" ten="193,247,313,247" oya="2" hai0="32,110,50,39,6,111,36,85,81,134,119,14,100" hai1="121,43,84,23,41,96,68,126,74,66,28,54,95" hai2="37,125,87,12,88,51,116,99,40,124,60,10,47" hai3="117,105,55,102,31,112,75,15,13,63,5,89,72"/><V86/><F116/><W82/><G117/><T16/><D32/><U56/><E74/><V59/><F37/><W49/><G31/><T17/><D119/><U92/><E126/><N who="2" m="48747" /><F99/><W24/><G24/><T131/><D100/><N who="1" m="60423" /><E66/><N who="2" m="39199" /><F88/><W62/><G102/><T11/><D131/><U104/><E68/><V77/><F77/><W19/><G89/><T3/><D134/><U90/><E104/><V67/><F67/><W76/><G105/><T20/><D50/><N who="1" m="30807" /><E121/><V8/><F8/><W35/><G76/><T57/><D57/><U115/><E115/><V71/><F71/><W27/><G112/><T4/><D4/><AGARI ba="0,0" hai="4,10,12,40,47,51,86,87" m="39199,48747" machi="4" ten="30,5800,0" yaku="18,1,52,2" doraHai="80" who="2" fromWho="0" sc="193,-58,247,0,313,58,247,0" /><INIT seed="2,1,0,4,4,42" ten="135,247,371,247" oya="2" hai0="106,21,83,96,25,121,44,81,76,41,59,102,67" hai1="108,55,16,101,107,17,110,133,77,127,120,13,84" hai2="53,93,10,126,75,58,99,38,6,35,70,8,15" hai3="119,104,23,72,90,46,73,98,28,19,103,132,64"/><V37/><F70/><W71/><G119/><T94/><D121/><U32/><E120/><V63/><F35/><W97/><G28/><T47/><D106/><U86/><E127/><V113/><F113/><W4/><G4/><T51/><D76/><U124/><E124/><V29/><F29/><W69/><G132/><T100/><D100/><U45/><E32/><V123/><F123/><W79/><G90/><T95/><D95/><U66/><E66/><V40/><F75/><W134/><G134/><T60/><REACH who="0" step="1"/><D47/><REACH who="0" ten="125,247,371,247" step="2"/><U61/><E45/><V135/><F93/><W33/><G46/><T87/><D87/><U14/><E101/><V92/><F92/><W68/><G79/><T115/><D115/><U78/><E107/><V129/><F135/><W89/><G98/><T50/><D50/><U3/><E133/><V49/><F49/><W54/><G89/><T80/><D80/><U52/><E61/><V30/><F63/><W128/><G73/><T118/><D118/><U26/><E84/><V36/><F99/><W1/><G72/><T112/><D112/><U20/><E86/><V91/><F91/><W109/><G104/><T131/><D131/><U117/><E117/><V85/><F129/><W7/><G128/><T82/><D82/><U31/><E78/><V39/><F85/><W114/><G103/><T2/><D2/><U34/><E3/><V62/><F38/><W65/><G114/><T5/><D5/><U74/><E77/><V111/><F37/><W43/><G97/><T11/><D11/><N who="1" m="6207" /><E74/><V57/><F39/><W24/><G1/><T125/><D125/><RYUUKYOKU ba="1,1" sc="125,15,247,15,371,-15,247,-15" hai0="21,25,41,44,51,59,60,67,81,83,94,96,102" hai1="14,17,20,26,31,34,52,55,108,110" /><INIT seed="3,2,1,2,4,22" ten="140,262,356,232" oya="3" hai0="119,131,32,11,121,52,42,68,21,89,91,48,69" hai1="49,43,27,72,76,62,113,61,93,18,24,29,130" hai2="3,47,80,134,82,104,78,101,111,54,63,2,114" hai3="30,132,96,125,33,53,66,4,120,8,1,35,64"/><W5/><G120/><T99/><D121/><U56/><E113/><V108/><F114/><W65/><G125/><T100/><D32/><U0/><E0/><V79/><F134/><W55/><G132/><T46/><D119/><U115/><E115/><V122/><F122/><W107/><G4/><T67/><D131/><U102/><E130/><V87/><F101/><W77/><G77/><T13/><D68/><U105/><E105/><V14/><F14/><W123/><G123/><T26/><D42/><U45/><E72/><V7/><F7/><W38/><G38/><T133/><D133/><U31/><E76/><V94/><F94/><W127/><G127/><T23/><D23/><U70/><E18/><V92/><F92/><W84/><G84/><T81/><D67/><N who="1" m="39335" /><E62/><V75/><F104/><W59/><G30/><N who="1" m="11274" /><E70/><V39/><F39/><W58/><G107/><T112/><D69/><U51/><E51/><N who="2" m="29055" /><F63/><N who="3" m="36319" /><G96/><AGARI ba="2,1" hai="24,27,43,45,49,93,96,102" m="11274,39335" machi="96" ten="30,3900,0" yaku="8,1,52,2" doraHai="22" who="1" fromWho="3" sc="140,0,262,55,356,0,232,-45" owari="140,-36.0,317,11.7,356,45.6,187,-21.3" /></mjloggm>