<mjloggm ver="2.3"><GO type="225" lobby="0"/><UN n0="%E3%81%82%E3%82%93%E3%81%AA%E3%81%A4" n1="%E3%81%99%E3%81%84%E3%81%BE%E3%81%9B%E3%83%BC%E3%82%93" n2="%33%74%72%65%65" n3="%E3%81%A1%E3%82%85%E3%81%86%E3%81%A9%E3%81%8F%E8%B1%A1%E3%81%95%E3%82%93" dan="16,16,17,17" rate="2112.83,2138.44,2176.68,2123.40" sx="M,M,F,M"/><TAIKYOKU oya="0"/><INIT seed="0,0,0,2,3,68" ten="250,250,250,250" oya="0" hai0="6,78,34,16,85,81,44,69,12,50,7,8,114" hai1="51,120,2,118,107,127,24,70,73,41,14,75,53" hai2="79,59,117,106,108,88,64,67,132,62,123,101,97" hai3="84,61,122,46,65,4,112,74,83,80,95,15,54"/><T57/><D114/><U86/><E118/><V52/><F123/><W113/><G122/><T55/><D69/><U63/><E2/><V45/><F117/><W96/><G74/><T1/><D34/><U72/><E107/><V25/><F108/><W76/><G54/><T56/><REACH who="0" step="1"/><D7/><REACH who="0" ten="240,250,250,250" step="2"/><U104/><E120/><V93/><F132/><W49/><G113/><T37/><D37/><U22/><E70/><V21/><F79/><W9/><G112/><T30/><D30/><U119/><E119/><V92/><F106/><W89/><G76/><T11/><AGARI ba="0,1" hai="1,6,8,11,12,16,44,50,55,56,57,78,81,85" machi="11" ten="20,12000,1" yaku="1,1,0,1,7,1,54,1,53,1" doraHai="68" doraHaiUra="35" who="0" fromWho="0" sc="240,130,250,-40,250,-40,250,-40" /><INIT seed="0,1,0,4,1,35" ten="370,210,210,210" oya="0" hai0="127,8,24,13,120,22,62,15,107,95,76,119,75" hai1="19,9,113,79,4,97,102,100,115,3,101,135,53" hai2="21,38,31,32,44,71,74,50,91,23,25,72,63" hai3="133,17,64,134,34,51,128,61,29,116,114,122,49"/><T78/><D107/><U12/><E135/><N who="3" m="51722" /><G116/><T43/><D119/><U94/><E79/><V86/><F38/><W77/><G114/><N who="1" m="43530" /><E53/><V33/><F33/><W80/><G122/><T28/><D120/><U58/><E58/><V132/><F132/><W98/><G98/><T125/><D43/><U129/><E129/><V68/><F32/><W99/><G99/><T83/><D78/><U82/><E82/><V106/><F106/><W124/><G17/><T130/><D130/><U11/><AGARI ba="1,0" hai="3,4,9,11,12,19,94,97,100,101,102" m="43530" machi="11" ten="30,2000,0" yaku="11,1,52,1" doraHai="35" who="1" fromWho="1" sc="370,-11,210,23,210,-6,210,-6" /><INIT seed="1,0,0,2,2,116" ten="359,233,204,204" oya="1" hai0="14,85,42,24,96,71,25,4,63,61,107,76,7" hai1="117,108,15,32,114,3,128,106,28,88,18,52,66" hai2="80,51,84,41,135,67,29,50,47,122,17,118,38" hai3="12,74,6,113,9,37,119,43,89,8,100,86,68"/><U60/><E114/><V93/><F118/><W111/><G113/><T130/><D130/><U10/><E117/><V95/><F122/><W19/><G74/><T49/><D96/><U72/><E72/><V11/><F135/><W126/><G119/><T94/><D107/><U65/><E106/><V16/><F29/><W127/><G68/><T99/><D85/><U23/><E128/><V62/><F38/><W115/><G115/><T79/><D25/><N who="1" m="16447" /><E3/><V90/><F51/><W98/><G111/><T13/><D24/><U109/><E32/><V104/><F104/><N who="3" m="63511" /><G43/><T70/><D49/><U53/><E65/><V30/><F30/><W101/><G101/><N who="0" m="60663" /><D42/><U83/><E83/><V87/><F11/><N who="3" m="6559" /><G37/><T58/><D63/><U57/><E88/><V59/><REACH who="2" step="1"/><F95/><REACH who="2" ten="359,233,194,204" step="2"/><W2/><G127/><T121/><D121/><U27/><E109/><V69/><F69/><W48/><G126/><T81/><D71/><U91/><E108/><V46/><F46/><W125/><G125/><T55/><D70/><U20/><E91/><AGARI ba="0,1" hai="16,17,41,47,50,59,62,67,80,84,87,90,91,93" machi="91" ten="30,7700,0" yaku="1,1,7,1,8,1,54,1,53,0" doraHai="116" doraHaiUra="31" who="2" fromWho="1" sc="359,0,233,-77,194,87,204,0" /><INIT seed="2,0,0,0,1,13" ten="359,156,281,204" oya="2" hai0="20,84,41,64,72,110,114,4,134,88,103,17,30" hai1="128,24,135,55,94,113,34,44,89,40,1,56,23" hai2="54,77,71,76,79,36,115,129,125,32,63,85,133" hai3="98,116,119,8,132,83,5,45,99,10,59,117,42"/><V68/><F115/><W61/><G83/><T51/><D114/><U18/><E113/><V127/><F32/><W48/><G132/><T123/><D123/><U122/><E135/><V131/><F36/><W109/><G109/><T26/><D72/><U86/><E128/><N who="2" m="49227" /><F133/><W74/><G74/><T69/><D134/><U70/><E70/><N who="2" m="26667" /><F85/><W9/><REACH who="3" step="1"/><G5/><REACH who="3" ten="359,156,281,194" step="2"/><T16/><D4/><U43/><E122/><V39/><F125/><W95/><G95/><T11/><D110/><U108/><E108/><V2/><F127/><W0/><G0/><T35/><D69/><U66/><E1/><V111/><F2/><W15/><G15/><T58/><D26/><U97/><E34/><V52/><F111/><W120/><G120/><T22/><D35/><U81/><E66/><AGARI ba="0,1" hai="8,9,10,42,45,48,59,61,66,98,99,116,117,119" machi="66" ten="50,1600,0" yaku="1,1,53,0" doraHai="13" doraHaiUra="102" who="3" fromWho="1" sc="359,0,156,-16,281,0,194,26" /><INIT seed="3,0,0,4,1,18" ten="359,140,281,220" oya="3" hai0="27,116,21,98,58,44,55,4,45,123,78,84,61" hai1="15,80,101,112,30,62,87,105,36,89,37,29,73" hai2="39,8,81,32,66,38,128,134,10,54,68,99,91" hai3="110,42,127,92,111,102,108,34,16,86,53,88,120"/><W47/><G120/><T114/><D116/><U130/><E112/><V14/><F32/><W12/><G34/><T117/><D117/><U40/><E130/><V118/><F118/><W19/><G127/><T20/><D123/><U2/><E2/><V41/><F128/><W83/><G53/><T135/><D114/><U23/><E73/><V46/><F39/><N who="3" m="21983" /><G12/><T3/><D135/><U28/><E40/><V56/><F134/><W132/><G132/><T75/><D75/><U24/><E15/><V133/><F133/><W48/><G48/><T131/><D131/><U96/><REACH who="1" step="1"/><E62/><REACH who="1" ten="359,130,281,220" step="2"/><V74/><F14/><W60/><G60/><T17/><D3/><U57/><E57/><V65/><F56/><W22/><G110/><T106/><D61/><U64/><E64/><V43/><F65/><W70/><G111/><T122/><D58/><U121/><E121/><V125/><F66/><W7/><G108/><T126/><D122/><U35/><E35/><V52/><F74/><W124/><G70/><T115/><D115/><U119/><E119/><V49/><F68/><W69/><G69/><T67/><D67/><U103/><E103/><V94/><F43/><W6/><G124/><T1/><D1/><U82/><E82/><V5/><F125/><W59/><G102/><T85/><D126/><U76/><E76/><V9/><F81/><W51/><G83/><T107/><D78/><U100/><E100/><V31/><F41/><W72/><G72/><T63/><D63/><U71/><E71/><V50/><F91/><N who="3" m="53367" /><G59/><T109/><D109/><U129/><E129/><V104/><F46/><RYUUKYOKU ba="0,1" sc="359,-10,130,30,281,-10,220,-10" hai1="23,24,28,29,30,36,37,80,87,89,96,101,105" owari="359,45.9,160,-34.0,271,7.1,210,-19.0" /></mjloggm>