<mjloggm ver="2.3"><GO type="225" lobby="0"/><UN n0="%E3%81%86%E3%83%BC%E3%81%B1%E3%83%BC" n1="%E6%97%A5%E6%9B%9C%E6%97%A5%E3%82%88%E3%82%8A%E3%81%AE%E4%BD%BF%E8%80%85" n2="%E7%AD%89%E3%80%85%E5%8A%9B%E5%8A%87%E5%A0%B4" n3="%6D%75%75%6D%75%72%61" dan="16,18,16,16" rate="2117.81,2168.35,2165.00,2131.00" sx="M,M,M,F"/><TAIKYOKU oya="0"/><INIT seed="0,0,0,5,0,37" ten="250,250,250,250" oya="0" hai0="47,128,34,32,53,35,61,57,31,106,13,18,28" hai1="89,7,103,120,134,91,109,66,26,129,41,108,76" hai2="84,2,98,115,90,111,25,16,96,59,85,10,63" hai3="40,125,33,24,50,75,70,118,107,100,3,36,73"/><T15/><D106/><U130/><E7/><V62/><F115/><W58/><G118/><T60/><D128/><N who="1" m="49259" /><E120/><V112/><F112/><W114/><G114/><T19/><D47/><U135/><E66/><V86/><F111/><N who="1" m="42569" /><E26/><V81/><F2/><W104/><G50/><T132/><D132/><N who="1" m="50731" /><E41/><V21/><F10/><W5/><G24/><T12/><REACH who="0" step="1"/><D60/><REACH who="0" ten="240,250,250,250" step="2"/><U45/><E45/><V94/><F63/><W71/><G107/><T23/><D23/><U69/><E69/><V17/><F21/><W44/><G104/><T77/><D77/><U78/><E103/><V22/><F22/><W56/><G100/><T102/><D102/><U87/><E91/><V67/><F90/><W0/><G71/><T72/><D72/><U52/><E52/><V122/><F62/><W49/><G70/><T101/><D101/><U123/><E123/><V133/><F122/><W92/><G73/><T97/><D97/><U79/><E76/><V39/><F98/><W48/><G44/><T95/><D95/><AGARI ba="0,1" hai="78,79,87,89,95" m="50731,42569,49259" machi="95" ten="40,8000,1" yaku="19,1,14,1,20,1,34,2" doraHai="37" who="1" fromWho="0" sc="240,-80,250,90,250,0,250,0" /><INIT seed="1,0,0,2,3,114" ten="160,340,250,250" oya="1" hai0="3,25,49,128,29,77,66,105,35,71,86,59,124" hai1="58,80,9,79,132,16,95,46,83,51,97,7,36" hai2="37,116,2,120,121,98,15,21,99,10,6,41,88" hai3="131,4,50,90,76,73,75,72,34,117,13,56,135"/><U1/><E132/><V43/><F99/><W133/><G34/><T64/><D128/><U22/><E36/><V108/><F108/><W74/><G131/><T109/><D109/><U127/><E127/><V62/><F62/><W93/><G75/><T52/><D124/><U130/><E130/><V14/><F2/><W53/><G76/><T0/><D105/><U102/><E58/><V26/><F14/><W92/><G117/><T54/><D54/><U103/><E103/><V61/><F61/><W28/><G28/><T55/><D55/><U11/><E11/><V129/><F129/><W68/><G68/><T5/><D71/><U112/><E79/><V42/><F37/><W104/><G104/><T47/><D59/><U91/><E102/><V27/><F27/><W48/><G48/><T60/><D60/><U8/><E8/><V63/><F63/><W12/><G92/><T82/><REACH who="0" step="1"/><D5/><REACH who="0" ten="150,340,250,250" step="2"/><U122/><E112/><V106/><F106/><W45/><G56/><T69/><D69/><U113/><E113/><V18/><F6/><W111/><G4/><T126/><D126/><U70/><E70/><V85/><F42/><W100/><G111/><T24/><D24/><U101/><E7/><V31/><F43/><W30/><G133/><T118/><D118/><U96/><E1/><AGARI ba="0,1" hai="0,1,3,25,29,35,47,49,52,64,66,77,82,86" machi="1" ten="40,2600,0" yaku="1,1,54,1,53,0" doraHai="114" doraHaiUra="67" who="0" fromWho="1" sc="150,36,340,-26,250,0,250,0" /><INIT seed="2,0,0,0,2,5" ten="186,314,250,250" oya="2" hai0="52,14,87,83,20,50,49,98,46,108,54,123,70" hai1="92,113,56,13,47,53,23,45,104,66,36,2,15" hai2="125,119,17,103,48,63,37,131,77,111,114,64,31" hai3="57,91,112,11,109,129,9,127,24,39,118,110,58"/><V25/><F37/><W130/><G118/><T80/><D123/><U105/><E2/><V94/><F114/><W61/><G39/><T38/><D38/><U60/><E113/><V90/><F119/><W3/><G112/><T29/><D108/><N who="3" m="41577" /><G3/><T4/><D70/><U32/><E32/><V35/><F131/><N who="3" m="50187" /><G127/><T135/><D135/><U74/><E74/><V96/><F111/><W16/><G91/><T59/><D98/><U97/><E105/><V68/><F125/><W132/><G132/><T100/><D100/><U71/><E104/><V62/><F77/><W27/><G57/><T95/><D29/><U84/><E71/><V34/><F90/><W79/><G79/><T21/><D95/><U7/><E92/><V67/><F94/><W65/><G16/><T101/><D101/><U12/><E56/><V78/><F17/><W73/><G73/><T86/><D83/><U126/><E126/><V82/><F82/><W134/><G134/><T128/><D128/><U0/><E0/><V33/><F78/><W41/><G41/><T22/><REACH who="0" step="1"/><D80/><REACH who="0" ten="176,314,250,250" step="2"/><U8/><E36/><V1/><F96/><W85/><G85/><T102/><D102/><U133/><E84/><V81/><F103/><W10/><AGARI ba="0,1" hai="9,10,11,24,27,58,61,65" m="50187,41577" machi="10" ten="40,8000,1" yaku="14,1,19,1,52,3" doraHai="5" who="3" fromWho="3" sc="176,-20,314,-20,250,-40,250,90" /><INIT seed="3,0,0,5,2,73" ten="156,294,210,340" oya="3" hai0="77,29,58,123,46,12,57,116,81,26,11,101,105" hai1="125,109,42,127,8,56,135,38,44,89,60,79,17" hai2="132,23,61,121,83,6,97,27,54,31,103,49,33" hai3="64,39,76,59,106,87,78,52,28,118,53,34,124"/><W133/><G118/><T67/><D116/><U71/><E71/><V63/><F132/><W122/><G106/><T86/><D123/><U128/><E135/><V5/><F121/><W102/><G122/><T70/><D46/><U3/><E109/><V20/><F33/><W108/><G39/><T55/><D55/><U9/><E128/><V119/><F119/><W100/><G133/><T24/><D24/><U75/><E89/><V117/><F117/><W30/><G34/><T13/><D13/><U36/><E36/><V129/><F129/><W96/><G87/><T115/><D115/><U40/><E40/><V92/><F23/><W95/><G102/><T98/><D67/><U35/><E35/><V130/><F130/><W93/><G93/><T45/><D45/><U90/><E90/><V131/><F131/><W114/><G124/><T0/><D0/><U32/><E32/><V69/><F83/><W15/><G15/><T51/><D70/><U84/><E3/><V1/><F69/><W80/><G80/><T126/><D126/><U112/><E112/><V72/><F72/><W68/><G68/><T10/><D10/><U62/><E75/><V2/><F1/><W21/><G114/><T66/><D66/><U110/><E8/><V47/><F2/><W4/><G21/><T134/><D134/><U120/><E127/><V41/><F20/><W16/><G108/><T74/><D74/><U19/><E125/><V85/><F41/><W48/><G64/><T104/><D105/><U65/><E65/><V107/><F107/><W14/><G14/><T25/><D12/><RYUUKYOKU ba="0,0" sc="156,0,294,0,210,0,340,0" owari="156,-34.4,294,9.4,210,-19.0,340,44.0" /></mjloggm>