<mjloggm ver="2.3"><GO type="225" lobby="0"/><UN n0="%72%65%6E%6B%75%6E" n1="%E7%89%B9%E6%9D%B1%E3%81%AF%E4%B8%96%E7%95%8C%E3%82%92%E6%95%91%E3%81%86" n2="%E3%81%B5%E3%81%98%E3%81%8B%E3%81%A4" n3="%E3%83%AD%E3%83%83%E3%83%86%E9%9B%80%E7%90%83" dan="17,16,16,16" rate="2213.63,2146.18,2197.43,2200.43" sx="M,M,M,M"/><TAIKYOKU oya="0"/><INIT seed="0,0,0,5,0,110" ten="250,250,250,250" oya="0" hai0="55,37,44,21,53,120,23,124,81,28,86,67,84" hai1="92,6,116,0,117,36,48,94,22,91,4,89,72" hai2="101,63,74,78,128,15,47,27,59,29,68,90,73" hai3="88,54,9,32,79,100,66,30,118,133,85,69,58"/><T105/><D120/><U76/><E36/><V65/><F128/><W14/><G118/><T135/><D105/><U40/><E76/><V16/><F101/><W20/><G32/><T80/><D67/><U104/><E72/><V5/><F5/><W3/><G3/><T107/><D107/><U49/><E22/><V2/><F2/><W122/><G133/><T99/><D99/><U26/><E26/><V17/><F47/><W41/><G41/><T96/><D96/><U132/><E0/><V31/><F90/><W45/><G69/><T38/><D124/><U46/><E104/><V57/><F78/><W24/><G79/><T114/><D28/><U52/><E132/><V51/><F31/><W34/><G100/><T106/><D106/><U82/><E82/><V62/><F51/><W102/><G102/><T123/><D135/><U131/><E131/><V35/><F68/><W93/><G34/><T25/><D25/><U1/><E1/><V11/><REACH who="2" step="1"/><F17/><REACH who="2" ten="250,250,240,250" step="2"/><W95/><G45/><T18/><D44/><N who="1" m="27687" /><E117/><V33/><F33/><W126/><G126/><T43/><D18/><U111/><E116/><V19/><F19/><W60/><G122/><T13/><D43/><U42/><E42/><V125/><F125/><W77/><G77/><T134/><D134/><U64/><E40/><V113/><F113/><W70/><G70/><T103/><D103/><U71/><E6/><V12/><F12/><W108/><G108/><T50/><D50/><U87/><E111/><V127/><F127/><W130/><G130/><T109/><D109/><U129/><E71/><V112/><F112/><RYUUKYOKU ba="0,1" sc="250,-10,250,-10,240,30,250,-10" hai2="11,15,16,27,29,35,57,59,62,63,65,73,74" /><INIT seed="1,1,1,4,5,115" ten="240,240,270,240" oya="1" hai0="9,28,39,131,33,48,92,64,125,42,95,52,116" hai1="11,72,5,12,70,99,18,113,93,81,96,89,105" hai2="103,15,135,31,56,129,60,90,132,41,22,79,34" hai3="3,75,24,62,7,123,130,19,106,46,59,45,122"/><U134/><E113/><V97/><F129/><W68/><G68/><T117/><D131/><U126/><E134/><N who="2" m="51243" /><F79/><W127/><G106/><T69/><D9/><U85/><E126/><V78/><F78/><W84/><G75/><T30/><D125/><U0/><E70/><V100/><F41/><W128/><G84/><T8/><D8/><U38/><E38/><V17/><F34/><W27/><G127/><T29/><D33/><U35/><E35/><V23/><F90/><W107/><G107/><T53/><D92/><U118/><E118/><V2/><F2/><W114/><G114/><T67/><D95/><U77/><REACH who="1" step="1"/><E105/><REACH who="1" ten="240,230,270,240" step="2"/><N who="2" m="63631" /><F103/><W6/><G130/><T112/><D112/><U51/><E51/><V47/><F47/><W108/><G46/><T26/><D39/><U57/><E57/><V88/><F56/><W54/><G45/><N who="0" m="25655" /><D69/><U82/><E82/><V66/><F60/><W37/><G62/><T36/><D36/><U55/><E55/><N who="0" m="21065" /><D117/><U10/><AGARI ba="1,2" hai="0,5,10,11,12,18,72,77,81,85,89,93,96,99" machi="10" ten="20,7800,0" yaku="1,1,0,1,7,1,53,1" doraHai="115" doraHaiUra="83" who="1" fromWho="1" sc="240,-27,230,101,270,-27,240,-27" /><INIT seed="1,2,0,0,5,11" ten="213,331,243,213" oya="1" hai0="52,1,99,103,53,123,60,66,114,48,117,85,72" hai1="79,58,56,37,129,83,91,25,54,55,0,61,87" hai2="32,27,104,47,41,33,132,121,2,18,40,90,74" hai3="70,14,133,125,92,116,4,19,86,57,64,82,118"/><U16/><E129/><V39/><F121/><W68/><G4/><T122/><D72/><U51/><E37/><V127/><F132/><W45/><G133/><T59/><D114/><U93/><E0/><V62/><F127/><W24/><G24/><T34/><D117/><N who="3" m="45161" /><G125/><T50/><D1/><U7/><E7/><V77/><F41/><W100/><G45/><N who="0" m="27663" /><D34/><U126/><E126/><V23/><F104/><W80/><G57/><N who="0" m="32951" /><D85/><U84/><E25/><V111/><F111/><W67/><G70/><N who="0" m="42311" /><D99/><U134/><E134/><V5/><F62/><N who="3" m="39959" /><G67/><T95/><D95/><U3/><E3/><V22/><F90/><N who="3" m="53335" /><G100/><T10/><D103/><U15/><E16/><N who="2" m="12743" /><F23/><AGARI ba="2,0" hai="14,19,23,80,82" m="53335,39959,45161" machi="23" ten="30,2000,0" yaku="12,1,52,1" doraHai="11" who="3" fromWho="2" sc="213,0,331,0,243,-26,213,26" /><INIT seed="2,0,0,4,3,105" ten="213,331,217,239" oya="2" hai0="96,14,33,63,90,94,124,87,12,125,113,81,85" hai1="7,36,89,42,32,108,44,79,58,117,13,27,112" hai2="109,46,64,116,83,5,70,72,24,130,106,84,132" hai3="121,80,118,120,9,38,65,47,97,119,93,26,62"/><V126/><F116/><W55/><G9/><T15/><D113/><U69/><E117/><V25/><F106/><W11/><G119/><T28/><D63/><U95/><E69/><V110/><F126/><N who="0" m="48746" /><D81/><U104/><E104/><V41/><F132/><W91/><G118/><T52/><D28/><U111/><E79/><N who="2" m="44519" /><F5/><W78/><G11/><T18/><D33/><U129/><E112/><V128/><F84/><N who="0" m="32330" /><D52/><U133/><E32/><V2/><F2/><W10/><G10/><AGARI ba="0,0" hai="10,12,14,15,18,90,94,96" m="32330,48746" machi="10" ten="30,1000,0" yaku="18,1" doraHai="105" who="0" fromWho="3" sc="213,10,331,0,217,0,239,-10" /><INIT seed="3,0,0,3,0,58" ten="223,331,217,229" oya="3" hai0="30,90,100,122,91,71,133,67,29,130,62,118,68" hai1="21,47,97,10,22,95,105,135,63,66,54,33,124" hai2="92,134,61,34,120,28,89,115,75,103,113,60,14" hai3="81,131,1,83,16,104,15,109,7,19,128,2,20"/><W85/><G104/><T45/><D118/><U37/><E33/><V107/><F75/><W53/><G7/><T42/><D122/><U52/><E105/><V93/><F34/><W78/><G109/><T50/><D130/><N who="3" m="49705" /><G53/><T96/><D68/><U36/><E10/><V121/><F107/><W4/><G4/><T119/><D119/><U65/><E135/><V125/><F134/><W94/><G94/><T98/><D133/><U3/><E3/><V76/><F76/><N who="3" m="46247" /><G19/><T43/><D43/><U38/><E65/><V23/><F93/><W114/><G114/><N who="2" m="43529" /><F103/><W64/><G64/><T70/><D70/><U102/><E124/><V87/><F125/><W55/><G55/><T32/><D98/><U13/><E47/><V17/><F28/><W84/><AGARI ba="0,0" hai="1,2,15,16,20,78,83,84" m="46247,49705" machi="84" ten="30,3000,0" yaku="19,1,54,1" doraHai="58" who="3" fromWho="3" sc="223,-10,331,-10,217,-10,229,30" /><INIT seed="3,1,0,1,5,93" ten="213,321,207,259" oya="3" hai0="89,41,55,63,121,111,50,73,109,70,129,97,30" hai1="45,106,77,126,124,58,130,36,25,0,32,57,116" hai2="87,43,117,4,61,34,48,24,10,90,128,131,104" hai3="12,60,6,46,120,51,39,64,2,59,91,47,133"/><W95/><G133/><T21/><D121/><U31/><E130/><N who="2" m="49707" /><F104/><W82/><G2/><T79/><D129/><U114/><E114/><V44/><F117/><W54/><G120/><T76/><D41/><N who="1" m="22695" /><E116/><V9/><F61/><W53/><G82/><T78/><D73/><U94/><E106/><V56/><F56/><W80/><G80/><T22/><D30/><U115/><E77/><N who="0" m="19713" /><T84/><DORA hai="119" /><D97/><U67/><E115/><V13/><F9/><N who="3" m="4151" /><G39/><T102/><D102/><U29/><E67/><V88/><F87/><N who="3" m="52735" /><G46/><N who="0" m="28119" /><D63/><U40/><E58/><V17/><F34/><W28/><G28/><T135/><D70/><U62/><E29/><V69/><F69/><W103/><G103/><T26/><D26/><U75/><E75/><V96/><F96/><W85/><G85/><T23/><D135/><U37/><E62/><V16/><F24/><W112/><G112/><T33/><D33/><U8/><E32/><V81/><F81/><W27/><G27/><T92/><D111/><U100/><E25/><V98/><F98/><W1/><G1/><T14/><D109/><U19/><E0/><V134/><F134/><W86/><G86/><T66/><D14/><U72/><E72/><V113/><F113/><W7/><G7/><T107/><D107/><U132/><E132/><V122/><F122/><W20/><G20/><N who="0" m="5123" /><T68/><DORA hai="11" /><D68/><U15/><E31/><V49/><F49/><W65/><AGARI ba="1,0" hai="47,51,53,54,59,60,64,65" m="52735,4151" machi="65" ten="30,3000,0" yaku="8,1,52,1" doraHai="93,119,11" who="3" fromWho="3" sc="213,-11,321,-11,207,-11,259,33" /><INIT seed="3,2,0,4,3,89" ten="202,310,196,292" oya="3" hai0="92,74,107,83,90,17,94,114,131,106,68,84,127" hai1="73,58,24,67,7,130,44,41,100,134,6,55,96" hai2="119,87,82,125,47,76,12,18,101,20,115,108,109" hai3="95,26,129,110,64,103,72,63,78,52,99,65,120"/><W71/><G120/><T118/><D68/><U9/><E73/><V86/><F115/><W39/><G39/><T38/><D38/><U15/><E67/><V53/><F119/><W21/><G110/><N who="2" m="42601" /><F125/><W8/><G129/><T80/><D17/><U66/><E66/><V123/><F123/><W85/><G72/><T19/><D19/><U61/><E24/><V116/><F116/><W97/><G97/><T29/><D29/><U132/><E130/><V75/><F101/><W113/><G113/><T43/><D43/><U27/><E27/><V133/><F133/><N who="1" m="51305" /><E15/><V5/><F5/><W28/><G8/><T40/><D40/><U91/><E91/><V35/><F35/><W56/><G71/><T11/><D11/><U1/><E1/><V70/><F70/><W32/><G32/><T135/><D135/><U93/><E9/><V46/><F53/><W57/><G57/><T10/><D10/><U111/><E111/><V105/><F105/><N who="0" m="39946" /><D131/><U30/><E30/><V69/><F69/><W54/><G65/><T59/><D59/><U2/><E2/><V77/><F77/><W60/><G60/><T50/><D118/><U88/><E100/><V117/><F117/><W49/><G49/><AGARI ba="2,0" hai="6,7,41,44,49,55,58,61,88,93,96" m="51305" machi="49" ten="30,3900,0" yaku="20,1,52,1,54,1" doraHai="89" who="1" fromWho="3" sc="202,0,310,45,196,0,292,-45" owari="202,-19.8,355,45.5,196,-30.4,247,4.7" /></mjloggm>