<mjloggm ver="2.3"><GO type="225" lobby="0"/><UN n0="%72%69%6F%75%63%68%61%6E" n1="%E3%82%A2%E3%83%BC%E3%83%A2%E3%83%AD%E3%83%BC%E3%83%B4%E3%82%A1" n2="%E3%81%BF%E3%81%BF%E3%81%9A" n3="%77%72%77%72%77%72%77%72" dan="16,16,16,16" rate="2131.85,2185.37,2164.18,2194.39" sx="M,M,M,M"/><TAIKYOKU oya="0"/><INIT seed="0,0,0,3,5,97" ten="250,250,250,250" oya="0" hai0="117,58,26,57,101,67,38,68,47,116,111,106,127" hai1="124,37,69,107,82,22,130,72,7,80,87,28,70" hai2="118,0,14,64,132,4,98,84,65,125,46,9,114" hai3="42,24,13,2,123,27,31,12,129,50,6,40,95"/><T73/><D73/><U53/><E37/><V77/><F114/><W83/><G129/><T115/><D115/><U62/><E107/><V25/><F125/><W48/><G123/><T43/><D127/><U32/><E124/><V19/><F132/><W85/><G2/><T131/><D131/><U41/><E130/><V63/><F118/><W133/><G133/><T3/><D3/><U128/><E128/><V134/><F134/><W56/><G95/><T35/><D111/><U113/><E113/><V11/><F46/><W103/><G103/><T89/><D89/><U109/><E32/><V112/><F112/><W135/><G135/><T120/><D120/><U23/><E41/><N who="3" m="15978" /><G31/><N who="0" m="19959" /><D57/><N who="1" m="35119" /><E7/><V21/><F63/><W94/><G94/><T96/><D58/><U88/><E28/><V81/><REACH who="2" step="1"/><F98/><REACH who="2" ten="250,250,240,250" step="2"/><W99/><G99/><T91/><D91/><U108/><E108/><V79/><F79/><W30/><G48/><T102/><D101/><U29/><E109/><V119/><F119/><W75/><G50/><T110/><D110/><U15/><E88/><V45/><F45/><W122/><G122/><T16/><D16/><AGARI ba="0,1" hai="0,4,9,11,14,16,19,21,25,64,65,77,81,84" machi="16" ten="30,3900,0" yaku="1,1,7,1,54,1,53,0" doraHai="97" doraHaiUra="49" who="2" fromWho="0" sc="250,-39,250,0,240,49,250,0" /><INIT seed="1,0,0,1,0,30" ten="211,250,289,250" oya="1" hai0="16,12,18,23,90,115,60,80,58,79,107,61,37" hai1="9,75,3,15,101,52,26,43,36,128,54,28,70" hai2="84,40,120,38,81,105,122,48,17,99,131,33,67" hai3="93,96,44,116,8,135,51,29,78,2,83,34,25"/><U66/><E75/><V124/><F38/><W0/><G135/><T77/><D115/><U71/><E3/><V6/><F6/><W130/><G130/><T106/><D37/><U22/><E128/><V91/><F131/><W76/><G116/><T20/><D90/><U64/><E101/><V87/><F67/><W108/><G108/><T21/><D21/><U129/><E129/><V88/><F124/><W85/><G78/><T57/><D12/><U89/><E89/><V41/><F33/><W118/><G118/><T62/><D60/><U14/><E36/><V1/><F1/><W10/><G0/><T11/><REACH who="0" step="1"/><D80/><REACH who="0" ten="201,250,289,250" step="2"/><U110/><E15/><V102/><F48/><W117/><G2/><T95/><D95/><U55/><E110/><V69/><F69/><W46/><G117/><T104/><D104/><U119/><E119/><V42/><REACH who="2" step="1"/><F17/><REACH who="2" ten="201,250,279,250" step="2"/><W121/><G51/><T126/><D126/><U68/><REACH who="1" step="1"/><E43/><REACH who="1" ten="201,240,279,250" step="2"/><V73/><F73/><W111/><G111/><T100/><D100/><U49/><E49/><V113/><F113/><W35/><G121/><T24/><D24/><U47/><E47/><V114/><F114/><W7/><G44/><T109/><D109/><U65/><E65/><V56/><F56/><W123/><G46/><T98/><D98/><U133/><E133/><V50/><F50/><W53/><G123/><T59/><D59/><U19/><AGARI ba="0,3" hai="9,14,19,22,26,28,52,54,55,64,66,68,70,71" machi="19" ten="40,7800,0" yaku="1,1,0,1,54,1,53,0" doraHai="30" doraHaiUra="72" who="1" fromWho="1" sc="201,-26,240,108,279,-26,250,-26" /><INIT seed="1,1,0,4,1,132" ten="175,348,253,224" oya="1" hai0="118,7,103,87,81,73,50,1,78,74,10,62,131" hai1="32,108,134,110,70,127,101,49,34,102,107,4,48" hai2="44,25,88,120,98,83,75,96,91,125,116,29,45" hai3="27,122,12,94,60,22,59,20,112,54,57,129,71"/><U79/><E134/><V67/><F116/><W109/><G122/><T90/><D131/><U58/><E70/><V6/><F120/><W46/><G112/><T69/><D118/><U92/><E107/><V51/><F67/><W89/><G129/><T93/><D103/><N who="1" m="39435" /><E92/><V124/><F6/><W82/><G82/><T135/><D135/><U106/><E106/><V3/><F3/><W133/><G109/><N who="1" m="42090" /><E4/><V121/><F121/><W64/><G133/><T11/><D11/><U114/><E114/><V56/><F56/><W28/><G46/><N who="2" m="18025" /><F51/><N who="1" m="19529" /><E58/><V14/><F98/><W21/><G71/><T9/><D9/><U38/><E38/><V65/><F96/><W5/><G59/><T53/><D50/><U105/><E105/><V76/><F65/><W16/><G64/><T52/><REACH who="0" step="1"/><D73/><REACH who="0" ten="165,348,253,224" step="2"/><U41/><E41/><V95/><F95/><W68/><G5/><T8/><D8/><U36/><E36/><V119/><F119/><W15/><G68/><T24/><D24/><U43/><E43/><V72/><F72/><W31/><G12/><T19/><D19/><U80/><E32/><N who="2" m="20527" /><F14/><W97/><G15/><T26/><D26/><U111/><E34/><V86/><F75/><W0/><G0/><T23/><D23/><AGARI ba="1,1" hai="16,20,21,22,23,27,28,31,54,57,60,89,94,97" machi="23" ten="40,8000,1" yaku="25,2,8,1,54,1" doraHai="132" who="3" fromWho="0" sc="165,-83,348,0,253,0,224,93" /><INIT seed="2,0,0,2,4,112" ten="82,348,253,317" oya="2" hai0="126,33,47,109,93,24,32,82,41,16,78,3,133" hai1="67,10,72,92,69,87,99,80,40,7,38,48,127" hai2="15,104,6,74,94,131,17,117,106,132,11,91,73" hai3="129,81,97,18,29,58,57,37,51,4,61,27,53"/><V121/><F121/><W34/><G129/><T108/><D126/><U98/><E127/><V56/><F131/><W2/><G37/><T50/><D133/><U52/><E72/><V13/><F132/><W135/><G135/><T19/><D3/><U12/><E38/><V59/><F117/><W130/><G130/><T60/><D60/><U49/><E67/><V43/><F43/><W115/><G115/><T1/><D1/><U9/><E69/><V45/><F45/><W124/><G124/><T66/><D66/><U39/><E39/><V125/><F125/><W111/><G111/><T54/><D93/><U42/><E10/><V77/><F77/><W23/><G81/><T110/><D41/><N who="1" m="15979" /><E92/><V35/><F35/><W86/><G86/><T31/><REACH who="0" step="1"/><D33/><REACH who="0" ten="72,348,253,317" step="2"/><U116/><E49/><V5/><F106/><W79/><G51/><T123/><D123/><U102/><E48/><V88/><F104/><W83/><G61/><T20/><D20/><U8/><E52/><V128/><F128/><W30/><G53/><T107/><D107/><U114/><E9/><V119/><F11/><W96/><G2/><T62/><D62/><U36/><E36/><V113/><F94/><W22/><G22/><T95/><D95/><U89/><E114/><V44/><F113/><W68/><G34/><T65/><D65/><U105/><E99/><V75/><F75/><AGARI ba="0,1" hai="16,19,24,31,32,47,50,54,75,78,82,108,109,110" machi="75" ten="40,5200,0" yaku="1,1,14,1,54,1,53,0" doraHai="112" doraHaiUra="103" who="0" fromWho="2" sc="72,62,348,0,253,-52,317,0" /><INIT seed="3,0,0,3,3,24" ten="134,348,201,317" oya="3" hai0="90,48,112,79,71,131,19,11,118,68,7,39,60" hai1="75,73,9,56,46,121,122,88,110,3,78,84,129" hai2="32,77,61,35,43,21,133,16,76,99,85,120,96" hai3="8,18,113,52,123,101,93,37,22,23,81,49,57"/><W115/><G123/><N who="1" m="47114" /><E56/><V27/><F133/><W106/><G106/><T55/><D118/><U30/><E30/><V102/><F120/><W125/><G37/><T66/><D131/><U6/><E46/><V38/><F96/><W12/><G125/><T94/><D112/><U132/><E78/><V86/><F77/><W5/><G81/><T4/><D71/><U105/><E105/><V135/><F135/><W33/><G33/><T36/><D79/><U41/><E41/><V126/><F126/><W31/><G31/><T130/><D130/><U83/><E129/><V95/><F61/><W82/><G82/><T44/><D4/><U47/><E47/><V1/><F1/><W34/><G34/><T40/><D19/><U98/><E98/><V59/><F59/><W74/><G74/><T54/><D36/><U0/><E0/><V89/><F85/><W62/><G62/><T104/><D104/><U117/><E132/><V51/><F38/><W72/><G72/><T70/><D68/><U50/><E50/><V42/><F76/><W45/><G45/><T92/><D90/><U15/><E3/><V109/><F109/><W127/><G127/><T134/><D134/><U67/><E110/><V17/><F17/><W13/><REACH who="3" step="1"/><G23/><REACH who="3" ten="134,348,201,307" step="2"/><T114/><D114/><U14/><E117/><V63/><F63/><W100/><G100/><T128/><D128/><U25/><E67/><V111/><F111/><W64/><G64/><T58/><REACH who="0" step="1"/><D55/><REACH who="0" ten="124,348,201,307" step="2"/><U28/><E73/><V65/><F89/><W29/><G29/><T97/><D97/><AGARI ba="0,2" hai="5,8,12,13,18,22,49,52,57,93,97,101,113,115" machi="97" ten="40,3900,0" yaku="1,1,54,1,53,0" doraHai="24" doraHaiUra="80" who="3" fromWho="0" sc="124,-39,348,0,201,0,307,59" owari="85,-41.5,348,14.8,201,-19.9,366,46.6" /></mjloggm>