<mjloggm ver="2.3"><GO type="225" lobby="0"/><UN n0="%E5%A4%9C%E3%81%AE%E3%82%AC%E3%82%B9%E3%83%91%E3%83%BC%E3%83%AB" n1="%E5%86%B7%E5%87%8D%E3%82%AE%E3%83%A7%E3%83%BC%E3%82%B6" n2="%E3%81%99%E3%81%84%E3%81%BE%E3%81%9B%E3%83%BC%E3%82%93" n3="%73%6C%69%63%6B%33%31%39" dan="16,16,17,16" rate="2094.34,2228.62,2246.31,2095.92" sx="M,M,M,M"/><TAIKYOKU oya="0"/><INIT seed="0,0,0,1,4,135" ten="250,250,250,250" oya="0" hai0="109,96,70,4,13,48,44,123,26,68,41,95,1" hai1="37,116,88,20,91,33,27,83,129,39,130,42,6" hai2="85,31,18,92,98,10,28,118,19,55,79,106,89" hai3="81,71,45,73,11,131,22,124,75,111,52,9,120"/><T134/><D123/><U56/><E116/><V35/><F118/><W64/><G120/><T103/><D1/><U93/><E33/><V128/><F128/><N who="1" m="49257" /><E6/><V113/><F113/><W30/><G131/><T58/><D134/><U66/><E42/><V49/><F35/><W7/><G71/><T61/><D109/><U21/><E83/><N who="2" m="47359" /><F106/><W97/><G64/><T2/><D2/><U0/><E0/><V100/><F89/><N who="1" m="34377" /><E93/><V99/><F99/><W110/><G97/><T133/><D133/><U67/><E20/><V104/><F104/><W16/><G7/><T84/><D84/><U82/><E82/><V5/><F5/><W46/><G81/><T47/><D4/><U78/><E78/><V32/><F32/><W36/><G22/><T107/><D107/><U101/><E101/><V51/><F10/><W77/><G77/><T115/><D115/><U53/><E39/><V57/><F92/><W121/><G36/><T126/><D103/><U125/><E37/><V114/><F98/><W24/><G121/><T60/><D95/><U74/><E74/><V76/><F76/><W119/><G119/><T102/><D102/><U29/><E125/><V12/><F100/><W69/><G124/><T80/><D126/><U38/><E38/><V14/><F114/><W87/><G87/><T65/><D96/><U3/><E3/><V72/><F72/><W112/><G112/><T108/><D80/><U63/><AGARI ba="0,0" hai="21,27,29,53,56,63,66,67" m="34377,49257" machi="63" ten="30,2000,0" yaku="19,1,54,1" doraHai="135" who="1" fromWho="1" sc="250,-10,250,20,250,-5,250,-5" /><INIT seed="1,0,0,1,5,13" ten="240,270,245,245" oya="1" hai0="26,108,59,120,51,80,69,0,33,114,65,130,74" hai1="92,79,85,103,17,78,75,47,71,90,109,119,97" hai2="124,87,116,111,98,61,101,102,118,76,20,89,128" hai3="6,32,81,37,63,1,48,66,123,62,15,7,132"/><U16/><E119/><V3/><F3/><W28/><G123/><T96/><D114/><U129/><E71/><V40/><F111/><W107/><G37/><T24/><D0/><U86/><E129/><V88/><F40/><W10/><G107/><T72/><D108/><U29/><E109/><V39/><F39/><W84/><G132/><T134/><D134/><U77/><E75/><V5/><F5/><W106/><G106/><T42/><D69/><U64/><E64/><V35/><F35/><W9/><G66/><T91/><D130/><U38/><E29/><V67/><F128/><W82/><G82/><T131/><D131/><U53/><E85/><V110/><F110/><W125/><G125/><T44/><D33/><U19/><E38/><V99/><F124/><W68/><G68/><T49/><D120/><U50/><REACH who="1" step="1"/><E78/><REACH who="1" ten="240,260,245,245" step="2"/><V115/><F76/><W54/><G28/><T127/><D127/><U105/><AGARI ba="0,1" hai="16,17,19,47,50,53,77,79,86,90,92,97,103,105" machi="105" ten="30,18000,2" yaku="1,1,2,1,0,1,52,3,54,1,53,0" doraHai="13" doraHaiUra="57" who="1" fromWho="1" sc="240,-60,260,190,245,-60,245,-60" /><INIT seed="1,1,0,0,2,46" ten="180,450,185,185" oya="1" hai0="130,37,31,62,105,70,17,131,75,84,28,60,100" hai1="65,71,56,91,38,22,66,30,114,18,102,10,5" hai2="57,108,97,83,81,77,74,127,8,25,132,34,99" hai3="123,24,6,89,12,42,15,96,128,92,86,0,55"/><U36/><E114/><V33/><F127/><W45/><G123/><T67/><D75/><U63/><E30/><V80/><F108/><W44/><G128/><N who="0" m="49195" /><D37/><U3/><E102/><V87/><F132/><W118/><G118/><T58/><D84/><U120/><E120/><V88/><F83/><W134/><G134/><T54/><D17/><U133/><E133/><V106/><F8/><W110/><G110/><T41/><D41/><U7/><E7/><V35/><F106/><W29/><G55/><T95/><D95/><U79/><E79/><V78/><F77/><W32/><G45/><T135/><D135/><U109/><E109/><V69/><F69/><W43/><G42/><T52/><D54/><U23/><E71/><V73/><F73/><W103/><G0/><T82/><D82/><U101/><E66/><V48/><REACH who="2" step="1"/><F25/><REACH who="2" ten="180,450,175,185" step="2"/><W13/><G6/><T68/><D70/><U113/><E10/><V53/><AGARI ba="1,1" hai="33,34,35,48,53,57,74,78,80,81,87,88,97,99" machi="53" ten="40,8000,1" yaku="1,1,2,1,0,1,52,1,54,1,53,0" doraHai="46" doraHaiUra="126" who="2" fromWho="2" sc="180,-21,450,-41,175,93,185,-21" /><INIT seed="2,0,0,2,4,30" ten="159,409,268,164" oya="2" hai0="68,11,5,54,119,19,47,110,28,26,115,60,127" hai1="112,93,83,9,0,109,87,89,79,67,103,58,120" hai2="105,38,49,77,65,21,53,46,43,104,22,10,14" hai3="61,123,34,117,74,70,90,63,84,23,81,20,13"/><V78/><F65/><W6/><G117/><T31/><D115/><U75/><E112/><V57/><F104/><W131/><G123/><T76/><D119/><U35/><E35/><V86/><F105/><W125/><G34/><T85/><D110/><U116/><E109/><V132/><F132/><W51/><G131/><T66/><D127/><U24/><E24/><V40/><F40/><W97/><G74/><T15/><D76/><U106/><E120/><V32/><F32/><W7/><G125/><T94/><D85/><U18/><E116/><V124/><F124/><W69/><G69/><T82/><D82/><U1/><E58/><V122/><F122/><W25/><G70/><T4/><D94/><U121/><E67/><V130/><F130/><W62/><G97/><T17/><D5/><U41/><E41/><V114/><F114/><W64/><G64/><T91/><D91/><U88/><E89/><V2/><F2/><W73/><G73/><T27/><D27/><U39/><E39/><V50/><F38/><W3/><G3/><T113/><D113/><U56/><E56/><V29/><F29/><N who="0" m="11338" /><D26/><U8/><E121/><V16/><F78/><W59/><G25/><T36/><D36/><U12/><E8/><V108/><F108/><W44/><G59/><T48/><D68/><U98/><AGARI ba="0,0" hai="0,1,9,12,18,75,79,83,87,88,93,98,103,106" machi="98" ten="30,7900,0" yaku="0,1,24,2,54,1" doraHai="30" who="1" fromWho="1" sc="159,-20,409,79,268,-39,164,-20" /><INIT seed="3,0,0,1,4,118" ten="139,488,229,144" oya="3" hai0="125,16,89,57,109,127,111,91,29,52,128,4,114" hai1="90,79,37,76,134,26,14,72,77,23,84,67,12" hai2="74,104,60,27,101,110,41,38,123,97,66,86,130" hai3="95,47,10,78,102,92,46,48,36,64,0,17,40"/><W63/><G102/><T8/><D128/><U112/><E72/><V13/><F74/><W3/><G78/><T15/><D29/><U59/><E37/><V39/><F110/><N who="0" m="41994" /><D4/><U2/><E2/><V132/><F130/><W7/><G0/><T44/><D44/><U113/><E134/><V6/><F132/><W99/><G17/><T32/><D32/><U122/><E122/><V88/><F39/><W133/><G133/><T49/><D114/><U53/><E67/><V62/><F38/><W50/><G99/><T71/><D71/><U11/><E11/><V96/><F96/><W108/><G108/><T70/><D70/><U68/><E68/><V135/><F135/><W83/><G36/><T105/><D105/><U31/><E112/><V20/><F6/><W124/><G124/><AGARI ba="0,0" hai="8,15,16,49,52,57,89,91,124,125,127" m="41994" machi="124" ten="30,7700,0" yaku="18,1,14,1,54,2" doraHai="118" who="0" fromWho="3" sc="139,77,488,0,229,0,144,-77" owari="216,-18.4,488,58.8,229,2.9,67,-43.3" /></mjloggm>