<mjloggm ver="2.3"><GO type="225" lobby="0"/><UN n0="%61%74%73%75%74%6F%64%6F" n1="%E3%82%8C%E3%81%99%E3%81%93" n2="%E3%83%A9%E3%83%BC%E3%83%A1%E3%83%B3%E4%BA%94%E9%83%8E" n3="%E3%81%95%E3%81%8D%E3%81%9F%E3%81%BE%E6%9E%97%E6%AA%8E" dan="16,16,16,16" rate="2064.23,2132.09,2119.24,2075.40" sx="M,F,M,M"/><TAIKYOKU oya="0"/><INIT seed="0,0,0,4,4,130" ten="250,250,250,250" oya="0" hai0="47,81,54,57,30,104,15,5,80,85,82,100,134" hai1="106,11,1,2,18,87,27,51,76,74,99,95,102" hai2="21,43,71,83,90,84,78,107,75,12,7,131,97" hai3="36,41,60,119,113,40,122,42,33,44,118,103,3"/><T116/><D116/><N who="3" m="44585" /><G3/><T22/><D104/><U133/><E51/><V25/><F71/><W96/><G33/><T17/><D134/><U111/><E111/><V125/><F131/><W108/><G96/><T93/><D47/><U109/><E109/><V88/><F125/><W8/><G8/><T56/><D5/><U6/><E133/><V34/><F34/><W32/><G32/><T79/><D30/><U61/><E61/><V121/><F107/><W89/><G89/><T101/><D57/><U73/><E1/><V124/><F124/><W16/><G16/><T69/><D69/><U94/><E106/><V23/><F121/><W110/><G103/><N who="0" m="39499" /><D93/><U64/><E64/><V0/><F0/><W67/><G113/><T4/><D4/><U132/><E132/><V128/><F128/><W9/><G9/><T50/><AGARI ba="0,0" hai="15,17,22,50,54,56,79,80,81,82,85" m="39499" machi="50" ten="30,1500,0" yaku="8,1" doraHai="130" who="0" fromWho="0" sc="250,15,250,-5,250,-5,250,-5" /><INIT seed="0,1,0,2,5,0" ten="265,245,245,245" oya="0" hai0="12,19,37,116,122,42,63,130,118,102,68,113,70" hai1="11,103,79,85,13,53,15,94,47,112,51,99,84" hai2="65,23,80,96,56,86,35,18,44,117,3,1,34" hai3="120,45,27,43,107,111,39,49,17,81,89,105,64"/><T77/><D113/><U73/><E112/><V75/><F75/><W106/><G111/><T132/><D122/><U28/><E73/><V93/><F117/><W67/><G120/><T38/><D77/><U5/><E79/><V21/><F35/><W33/><G39/><T108/><D102/><U100/><E28/><V109/><F34/><W20/><REACH who="3" step="1"/><G33/><REACH who="3" ten="265,245,245,235" step="2"/><T9/><D38/><U95/><E15/><V40/><F109/><W126/><G126/><T88/><D37/><U78/><E78/><V125/><F125/><W46/><G46/><T119/><D12/><U110/><E110/><V2/><F44/><W72/><G72/><T36/><D36/><U76/><E76/><V91/><F1/><W124/><G124/><T129/><D108/><U87/><REACH who="1" step="1"/><E103/><REACH who="1" ten="265,235,245,235" step="2"/><V104/><F2/><W82/><G82/><T59/><D118/><U121/><E121/><V26/><F3/><W83/><G83/><T55/><D116/><U22/><E22/><V127/><F127/><W30/><G30/><T54/><D119/><U69/><E69/><V62/><F23/><W71/><G71/><T14/><D70/><U58/><E58/><V29/><F29/><W7/><G7/><T41/><D68/><U97/><E97/><V50/><F80/><W66/><G66/><T135/><D59/><U74/><E74/><V57/><F96/><W115/><G115/><T131/><D14/><U60/><E60/><V25/><F21/><W114/><G114/><T48/><D63/><U128/><E128/><V61/><F62/><W32/><G32/><T24/><D130/><U16/><E16/><RYUUKYOKU ba="1,2" sc="265,-15,235,15,245,-15,235,15" hai1="5,11,13,47,51,53,84,85,87,94,95,99,100" hai3="17,20,27,43,45,49,64,67,81,89,105,106,107" /><INIT seed="1,2,2,4,1,67" ten="250,250,230,250" oya="1" hai0="24,25,45,122,53,40,20,72,86,74,123,105,85" hai1="59,101,23,118,32,71,91,44,26,99,131,87,119" hai2="116,84,66,127,8,2,0,89,128,133,3,78,114" hai3="39,79,75,16,90,82,35,12,48,76,52,108,7"/><U73/><E73/><N who="0" m="28265" /><D53/><U93/><E32/><V33/><F116/><W38/><G35/><T41/><D41/><U14/><E131/><V110/><F33/><W68/><G7/><T100/><D24/><U81/><E71/><V112/><F128/><W121/><G68/><T58/><D58/><U36/><E14/><V57/><F110/><W95/><G108/><T13/><D13/><U60/><E36/><V22/><F133/><W31/><G31/><T120/><D100/><U77/><E44/><V65/><F127/><W49/><G49/><N who="0" m="26791" /><D105/><U92/><E92/><N who="2" m="54311" /><F78/><W1/><G79/><T21/><D21/><U50/><E50/><V130/><F130/><W61/><G61/><T46/><D46/><U115/><E115/><N who="2" m="44075" /><F22/><N who="3" m="11527" /><G1/><N who="2" m="617" /><F57/><N who="3" m="32903" /><G121/><T42/><D42/><U134/><E134/><V28/><F28/><AGARI ba="2,2" hai="20,25,28,85,86,120,122,123" m="26791,28265" machi="28" ten="40,1300,0" yaku="13,1" doraHai="67" who="0" fromWho="2" sc="250,39,250,0,230,-19,250,0" /><INIT seed="2,0,0,0,3,19" ten="289,250,211,250" oya="2" hai0="125,3,62,114,6,20,53,124,10,68,46,122,130" hai1="123,56,47,104,95,108,126,64,69,74,90,88,134" hai2="92,52,97,18,12,54,102,118,72,127,76,48,49" hai3="78,103,42,28,107,26,77,75,37,34,81,25,89"/><V7/><F118/><W27/><G78/><T121/><D114/><U73/><E104/><V60/><F127/><N who="0" m="48714" /><D130/><U91/><E126/><V87/><F72/><W0/><G0/><T106/><D106/><U29/><E69/><V14/><F7/><W110/><G110/><T131/><D131/><U2/><E2/><V11/><F12/><W120/><G120/><T44/><D20/><U113/><E113/><V41/><F60/><W39/><G42/><T135/><D135/><U115/><E115/><V57/><F41/><W128/><G128/><T101/><D101/><U86/><E108/><V132/><F132/><W24/><G89/><T30/><D30/><U33/><E134/><V45/><F76/><W38/><G103/><T4/><D6/><U31/><E73/><V16/><REACH who="2" step="1"/><F87/><REACH who="2" ten="289,250,201,250" step="2"/><W51/><G51/><T71/><D62/><U112/><E74/><V82/><F82/><W61/><G61/><T85/><D85/><U65/><E112/><V58/><F58/><W93/><G75/><T133/><D133/><U36/><E56/><V15/><F15/><W13/><G13/><T17/><D71/><U55/><E86/><V96/><F96/><W21/><G77/><T99/><D99/><U84/><E84/><V5/><AGARI ba="0,1" hai="5,11,14,16,18,45,48,49,52,54,57,92,97,102" machi="5" ten="20,18000,2" yaku="1,1,0,1,7,1,8,1,54,2,53,0" doraHai="19" doraHaiUra="22" who="2" fromWho="2" sc="289,-60,250,-60,201,190,250,-60" /><INIT seed="2,1,0,5,2,35" ten="229,190,391,190" oya="2" hai0="39,121,133,44,8,88,84,118,34,4,81,55,129" hai1="7,28,109,56,52,89,5,69,111,128,24,104,117" hai2="19,53,11,105,67,131,14,43,97,41,94,102,114" hai3="10,33,45,134,17,51,86,9,77,127,16,47,120"/><V123/><F114/><W96/><G120/><T87/><D34/><U22/><E117/><V26/><F123/><W132/><G33/><T21/><D121/><U54/><E69/><V36/><F131/><W25/><G127/><T29/><D129/><U122/><E128/><V12/><F36/><W65/><G65/><T37/><D133/><N who="3" m="51305" /><G96/><T70/><D70/><U50/><E104/><V115/><F105/><W66/><G66/><T92/><D118/><U60/><E122/><V72/><F72/><W74/><G74/><T32/><D32/><U30/><E30/><V90/><F115/><W108/><G108/><N who="1" m="41546" /><E89/><V42/><F90/><W119/><G119/><T75/><D75/><U68/><E68/><V135/><F135/><W58/><G58/><AGARI ba="1,0" hai="5,7,22,24,28,50,52,54,56,58,60" m="41546" machi="58" ten="30,2000,0" yaku="14,1,54,1" doraHai="35" who="1" fromWho="3" sc="229,0,190,23,391,0,190,-23" /><INIT seed="3,0,0,2,4,83" ten="229,213,391,167" oya="3" hai0="129,45,18,1,66,71,101,60,100,89,49,106,74" hai1="130,118,121,59,40,46,33,81,50,16,116,123,103" hai2="8,90,119,91,80,21,95,27,112,76,7,34,77" hai3="2,0,26,12,58,122,65,117,128,17,4,111,86"/><W25/><G117/><N who="1" m="45162" /><E130/><V32/><F112/><W94/><G122/><T132/><D74/><U42/><E33/><V56/><F32/><W9/><G128/><T55/><D1/><U107/><E42/><V29/><F34/><W35/><G111/><T22/><D106/><U51/><E81/><V11/><F56/><W70/><G70/><T62/><D132/><U68/><E68/><V48/><F48/><W108/><G108/><T23/><D23/><U134/><E134/><V63/><F63/><N who="3" m="38135" /><G35/><T47/><D47/><U10/><E103/><V131/><F131/><W114/><G114/><T37/><D37/><U97/><E97/><N who="2" m="57591" /><F119/><W13/><G0/><T133/><D133/><U61/><E51/><V126/><F126/><W98/><G2/><T102/><D60/><U78/><E78/><N who="2" m="30315" /><F7/><W28/><G28/><T19/><D129/><U79/><E79/><V85/><AGARI ba="0,0" hai="8,11,21,27,29,80,85,91" m="30315,57591" machi="85" ten="30,2000,0" yaku="8,1,52,1" doraHai="83" who="2" fromWho="2" sc="229,-5,213,-5,391,20,167,-10" owari="224,2.4,208,-19.2,411,51.1,157,-34.3" /></mjloggm>