<mjloggm ver="2.3"><GO type="225" lobby="0"/><UN n0="%E9%80%86%E9%80%A3%E5%B8%AF%E3%81%AE%E9%AC%BC" n1="%E3%81%8B%E3%82%8F%E3%81%A1%E3%82%83%E3%82%93%35%38" n2="%E4%BF%BA%E3%81%A8%E5%A6%96%E5%A4%A2" n3="%6D%75%75%73%61%6E%6D%75" dan="16,16,17,16" rate="2173.10,2154.75,2168.51,2088.02" sx="M,M,F,F"/><TAIKYOKU oya="0"/><INIT seed="0,0,0,0,3,65" ten="250,250,250,250" oya="0" hai0="31,73,66,25,113,102,135,11,4,57,30,89,20" hai1="50,72,21,122,32,67,119,37,114,78,83,121,103" hai2="60,23,46,61,80,64,91,26,29,0,96,54,2" hai3="56,53,44,45,55,120,126,39,95,9,41,87,59"/><T28/><D113/><U43/><E50/><V77/><F96/><W86/><G126/><T79/><D135/><U106/><E21/><V71/><F91/><W98/><G120/><T38/><D38/><U5/><E114/><V6/><F6/><W51/><G9/><T129/><D129/><U24/><E119/><V112/><F112/><W97/><G97/><T42/><D102/><U105/><E5/><V70/><F46/><W19/><G19/><T108/><D108/><U118/><E118/><V76/><F76/><W36/><G36/><T111/><D111/><U15/><E15/><V128/><F128/><W133/><G133/><T117/><D117/><U124/><E124/><V18/><F29/><W84/><REACH who="3" step="1"/><G53/><REACH who="3" ten="250,250,250,240" step="2"/><T14/><D11/><U115/><E115/><V110/><F110/><W40/><G40/><T13/><D42/><U90/><E121/><V85/><F54/><W104/><G104/><T17/><D17/><U130/><E106/><V131/><F131/><W69/><G69/><T35/><D4/><U33/><E130/><V63/><REACH who="2" step="1"/><F64/><REACH who="2" ten="250,250,240,240" step="2"/><W74/><G74/><T62/><D66/><U107/><E67/><V49/><F49/><W125/><G125/><T116/><D73/><U16/><E72/><V3/><AGARI ba="0,2" hai="0,2,3,18,23,26,60,61,63,70,71,77,80,85" machi="3" ten="40,8000,1" yaku="1,1,0,1,52,2,53,1" doraHai="65" doraHaiUra="81" who="2" fromWho="2" sc="250,-40,250,-20,240,100,240,-20" /><INIT seed="1,0,0,3,4,28" ten="210,230,340,220" oya="1" hai0="4,39,46,41,10,17,135,33,32,100,54,45,110" hai1="90,59,3,53,75,24,81,55,63,50,88,0,105" hai2="1,18,125,25,58,115,130,79,116,60,67,131,36" hai3="68,104,16,71,76,121,23,38,7,97,64,113,9"/><U30/><E105/><V26/><F116/><W72/><G121/><T43/><D135/><U86/><E75/><V108/><F36/><W19/><G38/><T87/><D110/><U47/><REACH who="1" step="1"/><E90/><REACH who="1" ten="210,220,340,220" step="2"/><V15/><F115/><W51/><G72/><T61/><D100/><U22/><AGARI ba="0,1" hai="0,3,22,24,30,47,50,53,55,59,63,81,86,88" machi="22" ten="20,18000,2" yaku="1,1,2,1,0,1,7,1,54,1,53,1" doraHai="28" doraHaiUra="21" who="1" fromWho="1" sc="210,-60,220,190,340,-60,220,-60" /><INIT seed="1,1,0,5,4,23" ten="150,410,280,160" oya="1" hai0="128,124,82,43,122,48,62,26,83,89,67,29,129" hai1="15,65,64,87,135,14,130,8,22,107,116,30,35" hai2="114,93,18,25,7,77,76,84,86,121,108,57,40" hai3="1,3,6,120,90,19,13,2,111,109,36,49,34"/><U46/><E116/><V44/><F121/><W56/><G36/><T55/><D122/><U61/><E107/><V118/><F118/><W132/><G120/><T47/><D124/><U63/><E35/><V115/><F7/><W112/><G112/><N who="2" m="43049" /><F57/><W54/><G132/><T39/><D89/><U53/><E130/><V17/><F17/><W50/><G34/><T69/><D129/><U97/><E97/><V127/><F108/><N who="3" m="41547" /><G90/><T73/><D73/><U32/><E32/><V103/><F103/><W60/><G6/><T133/><D133/><U38/><E135/><V91/><F84/><W92/><G92/><T68/><D68/><U101/><E87/><V74/><F74/><W37/><G37/><T105/><D105/><U75/><E101/><V58/><F58/><W5/><G5/><T72/><D72/><U110/><E38/><N who="2" m="21527" /><F127/><W45/><G45/><T21/><D128/><U20/><E46/><AGARI ba="1,0" hai="21,26,29,39,43,46,47,48,55,62,67,69,82,83" machi="46" ten="30,2000,0" yaku="7,1,52,1" doraHai="23" who="0" fromWho="1" sc="150,23,410,-23,280,0,160,0" /><INIT seed="2,0,0,0,2,91" ten="173,387,280,160" oya="2" hai0="85,92,36,86,126,128,41,14,63,116,101,19,110" hai1="62,107,3,16,134,68,37,119,81,2,112,106,12" hai2="23,115,98,103,94,118,66,117,70,32,57,65,135" hai3="127,75,132,124,113,7,74,40,5,76,121,83,90"/><V43/><F115/><W84/><G121/><T47/><D116/><U10/><E119/><V80/><F70/><W104/><G113/><T122/><D122/><U21/><E112/><V39/><F32/><W46/><G132/><T133/><D133/><U34/><E37/><V60/><F135/><W28/><G104/><T82/><D128/><U30/><E2/><V108/><F108/><W27/><G7/><T15/><D126/><U0/><E0/><V97/><F66/><W33/><G5/><T111/><D63/><U129/><E129/><V9/><F9/><W17/><G17/><T45/><D45/><U56/><E68/><V59/><F59/><W96/><G96/><T88/><D101/><U69/><E69/><V67/><F67/><W25/><G25/><T54/><D54/><U49/><E134/><V6/><F6/><W1/><G1/><T52/><D52/><U61/><E107/><V93/><F80/><W11/><G11/><T31/><D31/><U130/><E106/><V64/><F64/><W50/><REACH who="3" step="1"/><G75/><REACH who="3" ten="173,387,280,150" step="2"/><T48/><D14/><U18/><E3/><V13/><F13/><W35/><G35/><T105/><D105/><U95/><E34/><V89/><REACH who="2" step="1"/><F23/><REACH who="2" ten="173,387,270,150" step="2"/><W79/><G79/><T51/><D15/><U55/><E130/><V44/><AGARI ba="0,2" hai="39,43,44,57,60,65,89,93,94,97,98,103,117,118" machi="44" ten="30,12000,1" yaku="1,1,2,1,0,1,52,2,53,0" doraHai="91" doraHaiUra="131" who="2" fromWho="2" sc="173,-40,387,-40,270,140,150,-40" /><INIT seed="2,1,0,0,1,28" ten="133,347,410,110" oya="2" hai0="36,59,84,133,115,45,89,119,11,128,66,13,6" hai1="2,75,41,122,3,14,35,85,95,30,130,109,94" hai2="57,44,81,52,40,92,76,37,43,23,55,127,47" hai3="58,120,67,32,26,62,72,7,88,34,54,113,5"/><V93/><F127/><W131/><G120/><T104/><D119/><U103/><E75/><V123/><F123/><W73/><G131/><T42/><D128/><U100/><E122/><V48/><F23/><W1/><G113/><T51/><D133/><U4/><E130/><V31/><F31/><W24/><G72/><T79/><D104/><U39/><E41/><V134/><F134/><W99/><G73/><T33/><D115/><U77/><E39/><V17/><F17/><W0/><G24/><T64/><D33/><U125/><E14/><V106/><F106/><W121/><G121/><T117/><D117/><U82/><E4/><V9/><F9/><W53/><G7/><T91/><D36/><U98/><E125/><V68/><F68/><W102/><G88/><N who="0" m="33867" /><D59/><U114/><E114/><V87/><F55/><W70/><G54/><T49/><D49/><AGARI ba="1,0" hai="37,40,43,44,47,48,49,52,57,76,81,87,92,93" machi="49" ten="30,2900,0" yaku="7,1,54,1" doraHai="28" who="2" fromWho="0" sc="133,-32,347,0,410,32,110,0" /><INIT seed="2,2,0,4,3,80" ten="101,347,442,110" oya="2" hai0="93,65,13,130,108,8,22,59,98,6,97,39,109" hai1="19,52,7,111,49,4,101,91,61,57,131,95,78" hai2="3,53,9,76,51,89,81,115,20,79,69,122,36" hai3="124,47,125,116,50,113,73,120,16,60,56,32,24"/><V43/><F115/><W28/><G113/><T40/><D130/><U135/><E111/><V37/><F122/><W74/><G120/><T110/><D39/><U123/><E135/><V77/><F69/><W90/><G116/><T5/><D40/><U86/><E131/><V82/><F43/><W118/><G118/><T72/><D72/><U105/><E123/><V121/><F121/><W55/><G90/><T75/><D75/><U12/><E78/><V17/><F9/><W25/><G73/><T41/><D41/><U99/><REACH who="1" step="1"/><E61/><REACH who="1" ten="101,337,442,110" step="2"/><V88/><F79/><W14/><G74/><T119/><D119/><U104/><E104/><V84/><F37/><W2/><G2/><T63/><D110/><U18/><E18/><V87/><F36/><W34/><G125/><T71/><D109/><U100/><E100/><V94/><F3/><W83/><G124/><T31/><D108/><U54/><E54/><V10/><F94/><W23/><G83/><T112/><D112/><U103/><E103/><V15/><F10/><AGARI ba="2,1" hai="4,7,10,12,19,49,52,57,86,91,95,99,101,105" machi="10" ten="30,7700,0" yaku="1,1,7,1,52,1,54,1,53,0" doraHai="80" doraHaiUra="66" who="1" fromWho="2" sc="101,0,337,93,442,-83,110,0" /><INIT seed="3,0,0,3,2,39" ten="101,430,359,110" oya="3" hai0="72,42,9,84,41,130,88,95,108,36,111,40,116" hai1="51,85,112,4,16,120,98,15,133,58,82,49,83" hai2="97,73,69,101,21,17,37,24,114,102,65,60,79" hai3="25,103,5,47,107,3,125,110,113,45,91,80,33"/><W1/><G113/><T67/><D116/><U57/><E120/><V126/><F114/><W128/><G107/><T0/><D36/><U23/><E112/><V92/><F126/><W43/><G125/><T14/><D130/><U127/><E127/><V46/><F79/><W66/><G128/><T96/><D72/><U122/><E122/><V6/><F73/><W106/><G106/><T56/><D0/><U81/><E133/><V74/><F74/><W77/><G103/><T19/><D67/><U124/><E124/><V89/><REACH who="2" step="1"/><F6/><REACH who="2" ten="101,430,349,110" step="2"/><W76/><G5/><T12/><D56/><U75/><E4/><V34/><F34/><W26/><G33/><T119/><D119/><U86/><E75/><V99/><F99/><W48/><G76/><T38/><D38/><U55/><E98/><V30/><F30/><W105/><G77/><T2/><D2/><U11/><E85/><V8/><F8/><W29/><G3/><T63/><D63/><U22/><E86/><V132/><F132/><W44/><G1/><T94/><REACH who="0" step="1"/><D14/><REACH who="0" ten="91,430,349,110" step="2"/><U32/><E15/><V59/><F59/><W53/><G25/><T31/><D31/><U93/><E58/><V100/><F100/><AGARI ba="0,2" hai="9,12,19,40,41,42,84,88,94,95,96,100,108,111" machi="100" ten="40,8000,1" yaku="1,1,52,3,54,1,53,0" doraHai="39" doraHaiUra="118" who="0" fromWho="2" sc="91,100,430,0,349,-80,110,0" owari="191,-20.9,430,53.0,269,6.9,110,-39.0" /></mjloggm>