<mjloggm ver="2.3"><GO type="225" lobby="0"/><UN n0="%E3%82%BC%E3%83%AB%E3%83%80%E3%81%AE%E4%BC%9D%E8%AA%AC" n1="%77%72%77%72%77%72%77%72" n2="%E6%B4%BE%E9%81%A3%E3%81%AE%E3%82%B8%E3%83%A3%E3%83%83%E3%82%AF" n3="%E9%B3%B3%E6%9D%B1%E3%81%AE%E3%81%BF%E3%81%91%E3%81%AB%E3%82%83%E3%82%93" dan="18,17,17,17" rate="2206.37,2244.91,2233.89,2200.79" sx="M,M,M,F"/><TAIKYOKU oya="0"/><INIT seed="0,0,0,2,0,53" ten="250,250,250,250" oya="0" hai0="0,61,35,87,24,128,85,125,56,119,118,57,21" hai1="39,23,31,9,124,113,73,17,100,28,19,131,94" hai2="103,112,20,43,72,14,105,66,2,104,114,51,77" hai3="74,7,12,133,27,97,36,11,41,78,63,64,59"/><T58/><D0/><U3/><E39/><V99/><F2/><W134/><G74/><T120/><D120/><U80/><E131/><V62/><F104/><W18/><G78/><T37/><D35/><U101/><E124/><V95/><F105/><W15/><G97/><T48/><D37/><U49/><E113/><V126/><F126/><W130/><G130/><T88/><D128/><U107/><E107/><V116/><F116/><W135/><G27/><T5/><D125/><U4/><E17/><V121/><F121/><W91/><G91/><T22/><D5/><U42/><E73/><V71/><F77/><W132/><N who="3" m="33792" /><DORA hai="50" /><W122/><G122/><T70/><D48/><U38/><E80/><V47/><F72/><W81/><G81/><T92/><D87/><U60/><E60/><V89/><F103/><W96/><G96/><T82/><D82/><U127/><E38/><V26/><F14/><W1/><REACH who="3" step="1"/><G18/><AGARI ba="0,0" hai="18,20,26,43,47,51,62,66,71,89,95,99,112,114" machi="18" ten="30,1000,0" yaku="7,1" doraHai="53,50" who="2" fromWho="3" sc="250,0,250,0,250,10,250,-10" /><INIT seed="1,0,0,5,0,30" ten="250,250,260,240" oya="1" hai0="91,32,0,63,126,78,22,60,52,84,6,90,18" hai1="38,80,99,21,10,110,35,48,27,8,86,15,66" hai2="31,75,127,28,59,82,72,5,53,105,68,13,101" hai3="25,12,56,131,120,39,9,69,33,58,61,121,1"/><U45/><E110/><V128/><F68/><W26/><G39/><T119/><D119/><U125/><E125/><V100/><F128/><W74/><G1/><T130/><D130/><U103/><E38/><V87/><F127/><W20/><G74/><T79/><D126/><U24/><E66/><V94/><F105/><W44/><G44/><T133/><D133/><U114/><E114/><V71/><F71/><W2/><G2/><T117/><D117/><U64/><E64/><V111/><F111/><W123/><G131/><T43/><D32/><U42/><E35/><V17/><F5/><W109/><G109/><T81/><D43/><U4/><E21/><V124/><F124/><W47/><G47/><T14/><D78/><U96/><E8/><V88/><F72/><W89/><G89/><N who="0" m="33803" /><D0/><U85/><E85/><V107/><F107/><W97/><G97/><N who="1" m="37450" /><E103/><N who="2" m="39499" /><F94/><W36/><G36/><T16/><D6/><U34/><E34/><V65/><F65/><W116/><G116/><T40/><D40/><U70/><E70/><V98/><F98/><W135/><G33/><T112/><D112/><U92/><E92/><V115/><F75/><W51/><G69/><T57/><D18/><U23/><E23/><N who="2" m="11695" /><F115/><W132/><G20/><T3/><D3/><U41/><E42/><V134/><F134/><N who="3" m="51243" /><G9/><T37/><D37/><U67/><E67/><V11/><F11/><W76/><G76/><AGARI ba="0,0" hai="4,10,15,24,27,41,45,48,76,80,86" m="37450" machi="76" ten="30,2900,0" yaku="25,1,8,1" doraHai="30" who="1" fromWho="3" sc="250,0,250,29,260,0,240,-29" /><INIT seed="1,1,0,2,0,111" ten="250,279,260,211" oya="1" hai0="29,36,43,116,108,15,80,96,47,91,38,76,74" hai1="1,118,7,56,123,97,59,86,60,113,98,73,39" hai2="40,115,85,102,84,4,126,48,50,45,57,65,64" hai3="6,33,114,69,67,87,122,8,24,5,9,129,46"/><U95/><E113/><V125/><F102/><W131/><G122/><T89/><D116/><U99/><E73/><V134/><F4/><N who="3" m="1643" /><G46/><T37/><D108/><U112/><E112/><V88/><F134/><W120/><G87/><T117/><D117/><U25/><E118/><V103/><F103/><W61/><G120/><T72/><D72/><U124/><E39/><V106/><F106/><W130/><G114/><T23/><D96/><U105/><E105/><V135/><F135/><W16/><G33/><T3/><D3/><U22/><E124/><N who="2" m="47723" /><F84/><W75/><G75/><T20/><D20/><AGARI ba="1,0" hai="8,9,16,20,24,61,67,69,129,130,131" m="1643" machi="20" ten="40,2600,0" yaku="19,1,54,1" doraHai="111" who="3" fromWho="0" sc="250,-29,279,0,260,0,211,29" /><INIT seed="2,0,0,0,0,81" ten="221,279,260,240" oya="2" hai0="45,8,58,116,118,49,63,17,64,19,33,84,89" hai1="53,121,94,123,98,92,88,60,2,43,125,87,6" hai2="36,101,20,32,134,70,108,71,1,90,103,85,128" hai3="100,66,56,25,34,80,129,72,28,130,24,119,55"/><V75/><F32/><W39/><G119/><N who="0" m="45611" /><D33/><U131/><E131/><N who="3" m="50186" /><G39/><T38/><D8/><U79/><E125/><V11/><F36/><W16/><G100/><T44/><D38/><U48/><E60/><V99/><F128/><W96/><G96/><T117/><N who="0" m="45619" /><T0/><DORA hai="120" /><D0/><U61/><E61/><V23/><F75/><W26/><G66/><T114/><D114/><U112/><E112/><V40/><F99/><W109/><G109/><T95/><D44/><U7/><E43/><AGARI ba="0,0" hai="17,19,43,45,49,58,63,64,84,89,95" m="45619" machi="43" ten="40,2600,0" yaku="12,1,52,1" doraHai="81,120" who="0" fromWho="1" sc="221,26,279,-26,260,0,240,0" /><INIT seed="3,0,0,3,1,127" ten="247,253,260,240" oya="3" hai0="37,105,63,124,41,46,45,119,126,35,6,74,134" hai1="92,133,132,7,57,59,102,93,4,118,72,9,111" hai2="128,87,23,42,24,99,56,123,100,38,76,95,36" hai3="19,29,44,125,1,96,85,94,13,21,22,14,114"/><W28/><G114/><T25/><D119/><U81/><E111/><V39/><F123/><W3/><G125/><N who="0" m="48235" /><D134/><N who="1" m="51819" /><E118/><V5/><F5/><W117/><G117/><T64/><D74/><U12/><E4/><V129/><F56/><N who="1" m="21577" /><E102/><V108/><F108/><W115/><G115/><T91/><D105/><U89/><E89/><V55/><F55/><W10/><G44/><N who="0" m="23599" /><D6/><U120/><E120/><V79/><F42/><W53/><G53/><T109/><D91/><U58/><N who="1" m="21585" /><U61/><DORA hai="60" /><E61/><V2/><F2/><W77/><G1/><T84/><D109/><U34/><E34/><V47/><F47/><W17/><G3/><T82/><D35/><U62/><E62/><V66/><F66/><W122/><G10/><T11/><D11/><U48/><E48/><V98/><F98/><W88/><G122/><T80/><D45/><U0/><E0/><V71/><F71/><W16/><G17/><T101/><D101/><U104/><E104/><V50/><F50/><W27/><G13/><T75/><D46/><U20/><E20/><V110/><F110/><W15/><G14/><T107/><D107/><U112/><E112/><V121/><F121/><W43/><G43/><T83/><D25/><U97/><E97/><V18/><F87/><W40/><G40/><T135/><D135/><U30/><E30/><V67/><F67/><W69/><G69/><N who="0" m="42143" /><D75/><U33/><E33/><V8/><F8/><W106/><G106/><T31/><D31/><U130/><E72/><V116/><F116/><W51/><G51/><T65/><D65/><U49/><E7/><V70/><F70/><RYUUKYOKU ba="0,0" sc="247,10,253,-30,260,10,240,10" hai0="80,82,83,84" hai2="18,23,24,36,38,39,76,79,95,99,100,128,129" hai3="15,16,19,21,22,27,28,29,77,85,88,94,96" /><INIT seed="3,1,0,1,2,34" ten="257,223,270,250" oya="3" hai0="1,105,133,117,132,53,0,13,37,52,129,19,119" hai1="65,81,83,120,71,135,104,38,67,63,99,85,5" hai2="98,77,87,124,47,16,2,46,92,89,39,57,36" hai3="45,8,100,123,108,26,69,80,28,101,29,84,23"/><W49/><G123/><T110/><D105/><U125/><E120/><V121/><F121/><W24/><G69/><T109/><D37/><U32/><E38/><V25/><F39/><W60/><G60/><T130/><D13/><U6/><E135/><V20/><F124/><W126/><G126/><T61/><D19/><U74/><E125/><V115/><F115/><W76/><G108/><T48/><D48/><U54/><E67/><V33/><F33/><W114/><G114/><T116/><D116/><U64/><E64/><V102/><F77/><W70/><G70/><T30/><D61/><U21/><E32/><V90/><F90/><W7/><G26/><T91/><D91/><U72/><E54/><V62/><F2/><W66/><G28/><AGARI ba="1,0" hai="0,1,28,30,52,53,109,110,117,119,129,130,132,133" machi="28" ten="25,8000,1" yaku="22,2,52,2,54,1" doraHai="34" who="0" fromWho="3" sc="257,83,223,0,270,0,250,-83" owari="340,44.0,223,-17.7,270,7.0,167,-33.3" /></mjloggm>