<mjloggm ver="2.3"><GO type="225" lobby="0"/><UN n0="%6D%75%75%73%61%6E%6D%75" n1="%E3%83%94%E3%83%B3%E3%82%B5%E3%83%AD%E5%BA%97%E5%93%A1" n2="%72%69%6F%75%63%68%61%6E" n3="%E5%8D%A0%E3%81%84%E5%B8%AB%E8%A3%8F%E3%81%AA%E3%81%84%E3%81%97" dan="17,16,16,17" rate="2154.19,2128.21,2201.71,2201.42" sx="F,M,M,M"/><TAIKYOKU oya="0"/><INIT seed="0,0,0,3,4,123" ten="250,250,250,250" oya="0" hai0="60,89,128,113,39,18,79,134,124,9,121,84,28" hai1="30,99,35,106,135,52,116,110,11,56,132,19,68" hai2="112,96,41,115,88,59,49,2,90,120,26,7,43" hai3="51,21,77,67,40,1,131,114,42,125,75,78,38"/><T111/><D113/><U63/><E116/><V53/><F120/><W58/><G114/><T104/><D121/><U64/><E19/><V93/><F115/><W61/><G131/><T81/><D104/><U50/><E11/><V62/><F112/><W29/><G125/><T14/><D128/><U17/><E17/><V119/><F119/><W87/><G1/><T95/><D124/><U122/><E122/><V27/><F90/><W33/><G33/><T57/><D39/><U91/><E110/><V16/><F26/><W24/><G75/><T72/><D134/><N who="1" m="51243" /><E91/><V117/><F117/><W3/><G3/><T65/><REACH who="0" step="1"/><D28/><REACH who="0" ten="240,250,250,250" step="2"/><U44/><E30/><V101/><F101/><W47/><G38/><T31/><D31/><U6/><E35/><V5/><F2/><W109/><G109/><AGARI ba="0,1" hai="9,14,18,57,60,65,72,79,81,84,89,95,109,111" machi="109" ten="40,7700,0" yaku="1,1,52,2,53,0" doraHai="123" doraHaiUra="126" who="0" fromWho="3" sc="240,87,250,0,250,0,250,-77" /><INIT seed="0,1,0,0,2,37" ten="327,250,250,173" oya="0" hai0="55,32,129,102,65,14,87,35,120,98,8,89,93" hai1="91,20,132,28,51,7,83,54,103,29,53,77,27" hai2="110,67,131,111,100,17,25,106,13,90,64,61,88" hai3="58,119,22,121,108,68,34,15,113,62,130,123,39"/><T31/><D120/><N who="3" m="46153" /><G34/><T26/><D129/><U85/><E132/><V1/><F1/><W78/><G78/><T49/><D65/><U71/><E71/><V133/><F131/><W128/><G113/><T95/><D35/><U12/><E103/><V57/><F133/><W43/><G22/><T56/><D32/><U38/><E38/><V127/><F127/><W45/><G15/><T24/><REACH who="0" step="1"/><D31/><REACH who="0" ten="317,250,250,173" step="2"/><U115/><E29/><V84/><F67/><N who="3" m="41079" /><G119/><T116/><D116/><U11/><E115/><V94/><F25/><W76/><G108/><T69/><D69/><U74/><REACH who="1" step="1"/><E51/><REACH who="1" ten="317,240,250,173" step="2"/><V42/><F111/><W105/><G128/><T72/><D72/><U46/><E46/><V60/><F110/><W0/><G130/><T92/><D92/><AGARI ba="1,2" hai="7,11,12,20,27,28,53,54,74,77,83,85,91,92" machi="92" ten="30,2000,0" yaku="1,1,7,1,53,0" doraHai="37" doraHaiUra="122" who="1" fromWho="0" sc="317,-23,240,43,250,0,173,0" /><INIT seed="1,0,0,3,3,55" ten="294,283,250,173" oya="1" hai0="116,117,23,127,7,33,57,38,2,9,62,56,79" hai1="118,72,78,123,104,59,58,54,83,46,21,125,48" hai2="5,53,1,17,47,121,128,36,89,16,29,60,111" hai3="27,103,41,95,113,34,87,0,43,70,67,85,44"/><U105/><E118/><V122/><F111/><W120/><G120/><T10/><D33/><U119/><E119/><V42/><F128/><W40/><G113/><T108/><D38/><U63/><E123/><V68/><F29/><W110/><G0/><T69/><D108/><U114/><E114/><V129/><F129/><W8/><G110/><T73/><D69/><U132/><E132/><V12/><F17/><W124/><G124/><T25/><D127/><U3/><E125/><V88/><F122/><W94/><G8/><T96/><D96/><U91/><E3/><V32/><F32/><W74/><G74/><T75/><D9/><U131/><E131/><V22/><F121/><W130/><G130/><T61/><D75/><U26/><E91/><V50/><F5/><W134/><G134/><T45/><D45/><U52/><E46/><V109/><F1/><W126/><G126/><T84/><D73/><U35/><E35/><V51/><F109/><W6/><G6/><T76/><D84/><N who="3" m="32329" /><G103/><T14/><D2/><U11/><E11/><V49/><REACH who="2" step="1"/><F53/><REACH who="2" ten="294,283,240,173" step="2"/><W135/><G135/><T97/><D116/><U102/><E102/><V31/><F31/><AGARI ba="0,1" hai="21,26,31,48,52,54,58,59,63,72,78,83,104,105" machi="31" ten="30,11600,0" yaku="7,1,52,2,54,1" doraHai="55" who="1" fromWho="2" sc="294,0,283,126,240,-116,173,0" /><INIT seed="1,1,0,3,1,131" ten="294,409,124,173" oya="1" hai0="38,0,135,110,126,83,75,132,89,87,24,67,9" hai1="121,105,46,49,61,35,58,41,109,48,53,84,93" hai2="64,62,66,45,15,76,55,7,10,78,22,16,92" hai3="116,36,104,4,29,70,95,50,113,47,63,3,82"/><U59/><E121/><V18/><F18/><W21/><G113/><T100/><D110/><U112/><E112/><V8/><F8/><W39/><G104/><T69/><D38/><U117/><E117/><V88/><F45/><W94/><G116/><T101/><D126/><U42/><E35/><V123/><F123/><W115/><G115/><T114/><D114/><U122/><E105/><V96/><F55/><W124/><G124/><T12/><D0/><U102/><E122/><V37/><F37/><W13/><G3/><T80/><D24/><U107/><E107/><V118/><F118/><W20/><G82/><T31/><D31/><U54/><E109/><V30/><F30/><W57/><G70/><T77/><D67/><U73/><E73/><V129/><F129/><W51/><G36/><T134/><D69/><U5/><E5/><AGARI ba="1,0" hai="5,9,12,75,77,80,83,87,89,100,101,132,134,135" machi="5" ten="40,8000,1" yaku="20,1,52,3" doraHai="131" who="0" fromWho="1" sc="294,83,409,-83,124,0,173,0" /><INIT seed="2,0,0,3,2,25" ten="377,326,124,173" oya="2" hai0="68,91,83,122,81,49,107,93,74,19,78,32,97" hai1="62,30,99,64,18,37,125,120,96,105,35,9,11" hai2="110,75,3,5,127,47,119,8,59,126,44,77,17" hai3="73,124,130,112,6,4,12,82,48,60,63,7,131"/><V123/><F119/><W58/><G124/><N who="2" m="47657" /><F123/><W79/><G112/><T90/><D122/><U129/><E120/><V71/><F71/><W33/><G33/><T117/><D68/><U109/><E125/><V111/><F59/><W54/><REACH who="3" step="1"/><G12/><REACH who="3" ten="377,326,124,163" step="2"/><T100/><D32/><U23/><E35/><V104/><F104/><W27/><G27/><T31/><D107/><U115/><E115/><V67/><F67/><W106/><G106/><T20/><D117/><U88/><E105/><V38/><F17/><W98/><G98/><T132/><D97/><U55/><E99/><V13/><F13/><W65/><G65/><T45/><D19/><U15/><E96/><V14/><F14/><W128/><AGARI ba="0,1" hai="4,6,7,48,54,58,60,63,73,79,82,128,130,131" machi="128" ten="40,5200,0" yaku="1,1,0,1,19,1,53,0" doraHai="25" doraHaiUra="40" who="3" fromWho="3" sc="377,-13,326,-13,124,-26,163,62" /><INIT seed="3,0,0,2,4,75" ten="364,313,98,225" oya="3" hai0="43,99,79,96,129,2,20,67,32,21,38,71,40" hai1="25,9,44,90,59,58,63,80,1,131,46,133,114" hai2="52,45,105,33,62,4,88,28,98,86,128,97,30" hai3="7,5,49,106,120,110,16,23,78,115,82,26,34"/><W61/><G115/><T54/><D2/><U72/><E114/><V118/><F128/><W130/><G120/><T19/><D32/><U127/><E131/><V81/><F118/><W112/><G112/><T104/><D104/><U35/><E133/><V74/><F4/><W122/><G106/><T117/><D117/><U94/><E127/><V83/><F33/><W91/><G122/><T13/><D129/><U65/><E59/><V56/><F45/><W47/><G130/><T76/><D71/><U12/><E1/><V60/><F62/><W89/><G110/><T125/><D38/><U6/><E35/><V92/><F81/><W3/><G61/><T111/><D125/><U87/><REACH who="1" step="1"/><E25/><REACH who="1" ten="364,303,98,225" step="2"/><V135/><F135/><W17/><G34/><T41/><D111/><U84/><E84/><V50/><F60/><W116/><G116/><T48/><D67/><U53/><E53/><V66/><F66/><W51/><G17/><N who="0" m="10287" /><D99/><U113/><E113/><V100/><REACH who="2" step="1"/><F74/><REACH who="2" ten="364,303,88,225" step="2"/><W69/><G82/><T77/><D54/><U70/><E70/><V101/><AGARI ba="0,2" hai="28,30,50,52,56,83,86,88,92,97,98,100,101,105" machi="101" ten="20,12000,2" yaku="1,1,2,1,0,1,7,1,54,2,53,0" doraHai="75" doraHaiUra="14" who="2" fromWho="2" sc="364,-30,303,-30,88,140,225,-60" owari="334,43.4,273,7.3,228,-17.2,165,-33.5" /></mjloggm>