<mjloggm ver="2.3"><GO type="225" lobby="0"/><UN n0="%EF%BC%AE%EF%BC%A1%EF%BC%AF%33%33%39" n1="%E3%81%BF%E3%81%BF%E3%81%9A" n2="%E3%81%84%E3%81%A1%E3%81%B2%E3%81%8B%E3%82%8A" n3="%E3%81%B5%E3%81%98%E3%81%8B%E3%81%A4" dan="17,18,16,17" rate="2175.47,2234.27,2110.44,2211.17" sx="M,M,M,M"/><TAIKYOKU oya="0"/><INIT seed="0,0,0,1,2,68" ten="250,250,250,250" oya="0" hai0="105,1,80,18,113,76,10,96,61,39,44,119,100" hai1="92,107,74,62,125,47,73,84,70,33,102,26,55" hai2="50,77,5,126,85,6,93,38,51,128,87,133,46" hai3="90,79,60,9,95,97,16,135,19,35,42,59,120"/><T27/><D113/><U57/><E125/><V86/><F126/><W88/><G35/><T127/><D119/><U29/><E92/><V22/><F128/><W48/><G120/><T110/><D127/><U78/><E84/><V65/><F65/><W82/><G135/><T20/><D61/><U30/><E78/><V56/><F133/><W112/><G112/><T3/><D110/><U31/><E30/><V14/><F93/><W111/><G9/><T91/><D91/><U45/><E31/><V8/><F77/><W75/><G90/><T17/><D17/><U67/><E45/><V37/><F22/><W7/><G7/><T109/><D109/><U49/><REACH who="1" step="1"/><E57/><REACH who="1" ten="250,240,250,250" step="2"/><V52/><REACH who="2" step="1"/><F5/><REACH who="2" ten="250,240,240,250" step="2"/><W103/><G111/><T28/><D76/><U13/><E13/><V69/><F69/><W122/><G122/><T11/><D80/><U41/><E41/><AGARI ba="0,2" hai="6,8,14,37,38,41,46,50,51,52,56,85,86,87" machi="41" ten="40,8000,1" yaku="1,1,52,2,54,1,53,0" doraHai="68" doraHaiUra="25" who="2" fromWho="1" sc="250,0,240,-80,240,100,250,0" /><INIT seed="1,0,0,5,4,9" ten="250,160,340,250" oya="1" hai0="11,4,65,92,114,13,25,109,74,98,123,51,41" hai1="1,2,36,26,133,113,34,10,94,12,91,14,0" hai2="22,24,82,102,35,69,93,124,77,21,48,135,32" hai3="50,60,56,83,111,18,27,40,53,64,89,112,99"/><U44/><E36/><V30/><F69/><W7/><G111/><T115/><D74/><U28/><E44/><V78/><F135/><W122/><G112/><T116/><D116/><U107/><E107/><V108/><F108/><W79/><G122/><T106/><D106/><U80/><E113/><V52/><F124/><W33/><G33/><T68/><D109/><U125/><E125/><V42/><F42/><W38/><G7/><T66/><D123/><U130/><E133/><V87/><F32/><W131/><G131/><T118/><D118/><U127/><E127/><V100/><F77/><W67/><G38/><T71/><D71/><U105/><E105/><V88/><F21/><N who="3" m="13751" /><G79/><T85/><D85/><U75/><E10/><V49/><F49/><W90/><G83/><T43/><D114/><U58/><E130/><V132/><F35/><W104/><G104/><T134/><D68/><U129/><E129/><V97/><F132/><W120/><G120/><T86/><D134/><U16/><E16/><V39/><F39/><W63/><G63/><T17/><D115/><U121/><E121/><V29/><F30/><W76/><G76/><T31/><D4/><U95/><E58/><AGARI ba="0,0" hai="22,24,29,48,52,58,78,82,87,88,93,97,100,102" machi="58" ten="30,7700,0" yaku="7,1,8,1,54,2" doraHai="9" who="2" fromWho="1" sc="250,0,160,-77,340,77,250,0" /><INIT seed="2,0,0,3,1,101" ten="250,83,417,250" oya="2" hai0="20,64,50,27,114,76,21,3,97,131,55,103,46" hai1="126,133,109,56,113,91,135,134,49,71,73,32,53" hai2="81,2,104,39,37,87,1,59,105,17,5,41,28" hai3="115,121,99,132,18,36,96,33,129,13,95,130,51"/><V35/><F17/><W78/><G121/><T110/><D3/><N who="2" m="1034" /><F59/><W128/><G36/><N who="2" m="13897" /><F41/><W111/><G33/><T16/><D114/><U84/><E113/><V72/><F87/><W80/><G115/><T116/><D116/><U92/><E109/><V123/><F5/><W100/><G111/><T23/><D110/><U82/><E32/><V11/><F11/><N who="3" m="6463" /><G132/><T43/><D131/><U88/><E126/><V79/><F123/><W15/><G15/><T108/><D108/><U0/><E0/><V7/><F7/><W93/><G51/><T12/><D64/><U62/><E73/><V38/><F38/><W65/><G65/><T61/><D76/><U47/><E71/><V44/><F44/><W10/><G10/><T19/><D61/><U34/><E34/><V54/><F54/><W102/><G78/><T118/><D118/><U86/><REACH who="1" step="1"/><E62/><REACH who="1" ten="250,73,417,250" step="2"/><V67/><F67/><W125/><G125/><T40/><REACH who="0" step="1"/><D23/><REACH who="0" ten="240,73,417,250" step="2"/><U52/><E52/><V69/><F69/><W119/><G119/><T24/><D24/><AGARI ba="0,2" hai="24,28,35,72,79,81,104,105" m="13897,1034" machi="24" ten="30,11600,0" yaku="33,2,52,2" doraHai="101" who="2" fromWho="0" sc="240,-116,73,0,417,136,250,0" /><INIT seed="2,1,0,2,0,76" ten="124,73,553,250" oya="2" hai0="134,107,2,56,19,49,84,44,50,21,54,57,91" hai1="10,1,11,68,74,104,18,33,97,5,7,72,105" hai2="81,30,65,63,127,85,73,87,94,42,90,24,88" hai3="3,59,47,4,15,92,129,106,12,45,126,113,102"/><V38/><F127/><W20/><G126/><T13/><D2/><N who="1" m="311" /><E18/><V110/><F73/><N who="1" m="28265" /><E97/><V28/><F110/><W53/><G129/><T26/><D107/><N who="1" m="41035" /><E33/><V62/><F62/><W55/><G113/><T8/><D134/><U98/><E98/><V16/><F38/><W95/><G106/><T112/><D112/><U80/><E80/><V79/><F42/><W37/><G102/><T121/><D50/><U34/><E34/><V29/><F90/><W118/><G37/><T120/><D120/><U58/><E58/><N who="2" m="37111" /><F16/><W93/><G118/><T0/><D0/><U114/><E114/><V111/><F111/><W66/><G3/><T82/><REACH who="0" step="1"/><D121/><REACH who="0" ten="114,73,553,250" step="2"/><U135/><E135/><V78/><F78/><W69/><G45/><T67/><D67/><U27/><E27/><AGARI ba="1,1" hai="24,27,28,29,30,79,81,85,87,88,94" m="37111" machi="27" ten="30,5800,0" yaku="8,1,52,1,54,1" doraHai="76" who="2" fromWho="1" sc="114,0,73,-61,553,71,250,0" /><INIT seed="2,2,0,4,0,86" ten="114,12,624,250" oya="2" hai0="19,28,77,115,21,46,135,95,65,75,36,40,69" hai1="29,133,111,87,51,6,70,123,132,113,32,71,63" hai2="102,42,60,103,20,76,99,107,105,112,55,116,44" hai3="52,79,73,97,94,83,45,10,1,35,68,33,91"/><V38/><F112/><W67/><G68/><T108/><D115/><U18/><E113/><V119/><F76/><W101/><G67/><T122/><D122/><U72/><E72/><V54/><F20/><W30/><G30/><T74/><D28/><U127/><E123/><V110/><F110/><W130/><G130/><T84/><D108/><U62/><E111/><V56/><F54/><W58/><G45/><T39/><D39/><U82/><E127/><V129/><F129/><W23/><G23/><T17/><D17/><U100/><E6/><V24/><F24/><W8/><G101/><T11/><D11/><U3/><E3/><V81/><F81/><W134/><G134/><N who="1" m="51818" /><E100/><V43/><F43/><W118/><G118/><T120/><D120/><U34/><E51/><V31/><F31/><W59/><G59/><T126/><D126/><U121/><E18/><V2/><F2/><W5/><REACH who="3" step="1"/><G10/><REACH who="3" ten="114,12,624,240" step="2"/><T78/><D135/><U114/><E121/><V0/><F103/><W50/><AGARI ba="2,1" hai="1,5,8,33,35,50,52,58,73,79,83,91,94,97" machi="50" ten="20,12000,2" yaku="1,1,2,1,0,1,7,1,52,1,54,1,53,0" doraHai="86" doraHaiUra="14" who="3" fromWho="3" sc="114,-32,12,-32,624,-62,240,136" owari="82,-31.8,-20,-52.0,562,66.2,376,17.6" /></mjloggm>