<mjloggm ver="2.3"><GO type="225" lobby="0"/><UN n0="%E3%81%B5%E3%81%98%E3%81%8B%E3%81%A4" n1="%E3%81%AF%E3%82%88%E3%81%8A%E3%81%98%E3%81%95%E3%82%93" n2="%E3%83%A9%E3%83%BC%E3%83%A1%E3%83%B3%E4%BA%94%E9%83%8E" n3="%E3%83%8F%E3%83%B3%E3%83%89%E3%83%A9%E3%83%BC%E3%83%BB%E3%83%AF%E3%83%B3" dan="16,17,16,16" rate="2150.83,2188.39,2096.77,2179.64" sx="M,M,M,M"/><TAIKYOKU oya="0"/><INIT seed="0,0,0,4,2,109" ten="250,250,250,250" oya="0" hai0="130,40,38,114,29,135,9,102,39,75,85,94,95" hai1="116,64,58,4,6,18,101,71,133,13,17,99,51" hai2="105,43,35,44,87,11,31,91,50,123,132,16,19" hai3="98,53,14,8,12,80,115,126,72,23,118,97,82"/><T24/><D114/><U59/><E116/><V93/><F132/><W33/><G33/><T42/><D135/><U113/><E133/><V57/><F123/><W83/><G72/><T122/><D130/><U27/><E113/><V128/><F128/><W61/><G118/><T65/><D75/><U47/><E71/><V21/><F105/><W90/><G126/><T26/><D122/><U107/><E27/><N who="2" m="16879" /><F35/><W108/><G108/><T22/><D9/><U0/><E0/><V120/><F120/><W2/><G2/><T78/><D65/><U73/><E73/><V60/><F11/><W7/><G115/><T117/><D117/><U121/><E121/><V125/><F125/><W36/><G36/><T84/><D102/><U103/><E101/><V32/><F32/><W77/><G90/><T66/><D66/><AGARI ba="0,0" hai="16,19,43,44,50,57,60,66,87,91,93" m="16879" machi="66" ten="30,2000,0" yaku="8,1,54,1" doraHai="109" who="2" fromWho="0" sc="250,-20,250,0,250,20,250,0" /><INIT seed="1,0,0,2,2,125" ten="230,250,270,250" oya="1" hai0="40,87,104,111,66,133,11,129,41,101,60,102,6" hai1="47,68,58,135,69,134,73,23,117,59,94,34,72" hai2="31,62,63,110,45,118,32,116,21,3,35,88,26" hai3="128,19,76,119,43,122,17,81,92,126,79,107,65"/><U48/><E34/><V10/><F110/><W109/><G122/><T37/><D111/><U82/><E23/><V131/><F116/><W14/><G107/><T115/><D115/><U44/><E94/><V93/><F118/><W9/><G119/><T114/><D133/><N who="1" m="50699" /><E82/><V61/><F45/><N who="1" m="17481" /><E48/><V77/><F77/><W54/><G92/><T36/><D114/><U51/><E51/><V4/><REACH who="2" step="1"/><F131/><REACH who="2" ten="230,250,260,250" step="2"/><W106/><G128/><T120/><D129/><U124/><E117/><V12/><F12/><W132/><G14/><T22/><D120/><U95/><E124/><V85/><AGARI ba="0,1" hai="3,4,10,21,26,31,32,35,61,62,63,85,88,93" machi="85" ten="30,12000,2" yaku="1,1,0,1,54,1,53,3" doraHai="125" doraHaiUra="56" who="2" fromWho="2" sc="230,-30,250,-60,260,130,250,-30" /><INIT seed="2,0,0,1,0,135" ten="200,190,390,220" oya="2" hai0="119,115,75,34,73,121,90,112,25,86,107,26,54" hai1="77,88,7,70,48,28,133,117,20,27,125,49,15" hai2="21,129,37,30,31,68,16,39,91,113,45,99,134" hai3="44,53,132,4,130,108,18,96,114,55,23,22,126"/><V122/><F113/><W109/><G114/><T14/><D121/><U127/><E117/><V5/><F68/><W29/><G132/><T43/><D107/><U58/><E133/><V131/><F122/><W102/><G130/><T84/><D119/><U67/><E77/><V78/><F5/><W82/><G4/><T76/><D43/><U38/><E38/><V19/><F78/><W118/><G118/><T69/><D69/><U104/><E104/><V94/><F19/><W81/><G29/><N who="2" m="10761" /><F45/><W42/><G23/><T93/><D76/><U97/><E70/><V36/><F36/><W50/><G126/><N who="1" m="48138" /><E67/><V123/><F123/><W59/><G109/><T11/><D112/><U71/><E71/><V65/><F65/><W2/><G2/><T3/><D3/><U33/><E58/><V1/><F1/><W106/><G108/><T80/><D73/><U110/><E110/><V64/><F64/><W9/><G9/><T100/><D75/><U51/><E7/><V47/><F134/><W56/><G56/><T46/><D115/><U57/><E57/><V83/><F39/><W61/><G42/><T10/><D34/><U63/><E63/><V32/><F32/><W120/><G120/><T101/><D46/><U13/><E33/><V92/><F37/><W124/><G124/><T40/><D40/><U0/><E0/><V6/><F6/><W116/><G116/><T98/><D54/><U89/><E89/><V41/><F91/><W72/><G72/><T128/><D128/><U35/><E35/><V105/><F131/><W79/><G79/><T8/><D90/><RYUUKYOKU ba="0,0" sc="200,-15,190,15,390,-15,220,15" hai1="13,15,20,27,28,48,49,51,88,97" hai3="18,22,44,50,53,55,59,61,81,82,96,102,106" /><INIT seed="3,1,0,0,3,93" ten="185,205,375,235" oya="3" hai0="94,104,61,100,8,0,103,15,86,51,117,88,42" hai1="124,47,111,96,52,79,91,73,36,87,62,13,69" hai2="37,19,98,44,6,59,77,22,35,70,4,106,64" hai3="48,1,135,67,110,97,18,112,101,26,5,41,134"/><W72/><G112/><T17/><D117/><U39/><E111/><V80/><F35/><W16/><G72/><T108/><D108/><U95/><E124/><V3/><F70/><W14/><G1/><T46/><D104/><U74/><E13/><V99/><F3/><W23/><G67/><T45/><D0/><U118/><E118/><V133/><F133/><N who="3" m="50699" /><G5/><T116/><D116/><U38/><E69/><V7/><F64/><W25/><G18/><T60/><D46/><U90/><E79/><V121/><F121/><W57/><G110/><T56/><D61/><U24/><E24/><V33/><F4/><W2/><G2/><T107/><D107/><U76/><E76/><V102/><F6/><W128/><G128/><T27/><D27/><U10/><E10/><V83/><F7/><W31/><G31/><T21/><D8/><U92/><REACH who="1" step="1"/><E47/><REACH who="1" ten="185,195,375,235" step="2"/><V85/><F44/><N who="3" m="25615" /><G57/><AGARI ba="1,1" hai="36,38,39,52,57,62,73,74,87,90,91,92,95,96" machi="57" ten="40,5200,0" yaku="1,1,52,1,54,1,53,0" doraHai="93" doraHaiUra="28" who="1" fromWho="3" sc="185,0,195,65,375,0,235,-55" owari="185,-21.5,260,6.0,375,47.5,180,-32.0" /></mjloggm>