<mjloggm ver="2.3"><GO type="225" lobby="0"/><UN n0="%E6%B4%BE%E9%81%A3%E3%81%AE%E3%82%B8%E3%83%A3%E3%83%83%E3%82%AF" n1="%E3%80%90%E3%83%88%E3%83%AA%E3%83%A5%E3%83%95%E3%80%91" n2="%E6%A1%9C%E8%8A%B1%E9%96%83%E3%80%85" n3="%E3%83%B4%E3%83%A0%EF%BC%99%E3%81%A6" dan="17,16,17,16" rate="2197.58,2051.04,2225.64,2120.72" sx="M,M,M,M"/><TAIKYOKU oya="0"/><INIT seed="0,0,0,0,4,56" ten="250,250,250,250" oya="0" hai0="118,134,109,9,87,55,107,99,110,126,102,37,101" hai1="19,23,45,20,129,49,91,92,3,121,104,69,111" hai2="58,122,30,0,36,40,65,46,35,24,4,74,116" hai3="47,42,95,15,115,127,128,98,86,25,33,13,5"/><T75/><D37/><U108/><E104/><V103/><F122/><W80/><G115/><T78/><D9/><U54/><E121/><V61/><F103/><W70/><G70/><T133/><D55/><U18/><E3/><V68/><F58/><W60/><G127/><T97/><D75/><U66/><E129/><V50/><F50/><W125/><G125/><T7/><D7/><U38/><E38/><V119/><F74/><W90/><G5/><T72/><D72/><U62/><E20/><V130/><F130/><W82/><G82/><N who="0" m="47575" /><D118/><U12/><REACH who="1" step="1"/><E18/><REACH who="1" ten="250,240,250,250" step="2"/><V132/><F132/><N who="0" m="50794" /><D126/><U84/><AGARI ba="0,1" hai="12,19,23,45,49,54,62,66,69,84,91,92,108,111" machi="84" ten="30,7900,0" yaku="1,1,0,1,52,1,53,1" doraHai="56" doraHaiUra="41" who="1" fromWho="1" sc="250,-39,240,89,250,-20,250,-20" /><INIT seed="1,0,0,5,4,33" ten="211,329,230,230" oya="1" hai0="39,102,23,123,0,120,81,100,83,61,75,62,73" hai1="131,38,116,32,82,68,11,109,36,4,77,99,85" hai2="20,19,130,90,111,119,98,59,80,132,105,103,101" hai3="92,69,110,70,17,27,104,115,89,24,133,43,35"/><U28/><E116/><V7/><F119/><W125/><G115/><T49/><D49/><U47/><E131/><V64/><F130/><W112/><G112/><T121/><D23/><U25/><E68/><V30/><F111/><W48/><G104/><T26/><D26/><U108/><E99/><V76/><F132/><W56/><G110/><N who="1" m="42602" /><E47/><V97/><F30/><W135/><G125/><T60/><D39/><U5/><E5/><V67/><F7/><W88/><G35/><T66/><D66/><U18/><E18/><V55/><F98/><W15/><G43/><T41/><D41/><U94/><E94/><V42/><F42/><W6/><G6/><T128/><D128/><U126/><E126/><V127/><F103/><N who="0" m="39466" /><D0/><AGARI ba="0,0" hai="0,4,11,25,28,32,36,38,77,82,85" m="42602" machi="0" ten="30,5800,0" yaku="14,1,10,1,52,1" doraHai="33" who="1" fromWho="0" sc="211,-58,329,58,230,0,230,0" /><INIT seed="1,1,0,2,1,26" ten="153,387,230,230" oya="1" hai0="32,21,24,130,84,99,85,48,70,133,126,127,51" hai1="2,13,69,88,94,117,5,135,50,76,38,63,35" hai2="62,67,86,105,33,9,18,111,132,53,75,58,4" hai3="10,115,98,74,119,28,121,31,134,87,71,123,128"/><U56/><E117/><V0/><F75/><W79/><G115/><T103/><D70/><U64/><E35/><V52/><F111/><W47/><G74/><T66/><D66/><U7/><E38/><V82/><F132/><W39/><G71/><T116/><D116/><U29/><E76/><V112/><F112/><W46/><G119/><T114/><D32/><U40/><E2/><V17/><F105/><W60/><G60/><T61/><D61/><U89/><E89/><V43/><F43/><W102/><G134/><T41/><D114/><U36/><E29/><V93/><F93/><W73/><G73/><T42/><D130/><U109/><E13/><V16/><REACH who="2" step="1"/><F33/><REACH who="2" ten="153,387,220,230" step="2"/><W19/><G128/><T81/><D133/><U120/><E135/><V110/><F110/><W97/><G121/><T122/><D122/><U91/><E120/><V25/><F25/><W107/><G123/><T49/><D41/><U101/><E109/><V100/><F100/><W11/><G102/><T55/><D42/><U90/><E101/><V20/><F20/><W6/><G107/><N who="0" m="63999" /><D21/><U131/><E94/><V65/><F65/><W57/><G39/><T27/><D55/><N who="1" m="31863" /><E131/><V95/><F95/><W106/><G106/><T8/><D8/><U83/><E83/><V104/><F104/><W22/><G11/><T124/><D84/><U12/><E40/><V77/><AGARI ba="1,1" hai="0,4,9,16,17,18,52,53,58,62,67,77,82,86" machi="77" ten="30,8000,1" yaku="1,1,0,1,54,2,53,1" doraHai="26" doraHaiUra="54" who="2" fromWho="2" sc="153,-21,387,-41,220,93,230,-21" /><INIT seed="2,0,0,0,0,11" ten="132,346,313,209" oya="2" hai0="133,15,12,93,42,0,121,115,71,4,65,66,2" hai1="3,68,44,39,85,98,34,83,18,23,76,48,78" hai2="17,109,118,54,120,88,102,38,40,84,67,41,131" hai3="97,62,31,32,49,7,79,63,43,124,61,125,57"/><V132/><F118/><W113/><G113/><T80/><D115/><U87/><E34/><V26/><F120/><W64/><G79/><T25/><D121/><U51/><E68/><V33/><F131/><W95/><G7/><T8/><D80/><N who="1" m="47239" /><E3/><V35/><F67/><W91/><G31/><T53/><D42/><N who="1" m="24599" /><E98/><V46/><F132/><W90/><G32/><T112/><D112/><U13/><E39/><V21/><F41/><W111/><G111/><T107/><D107/><U92/><E51/><V55/><F102/><W69/><G90/><T104/><D104/><U94/><AGARI ba="0,0" hai="13,18,23,78,83,87,92,94" m="24599,47239" machi="94" ten="30,2000,0" yaku="8,1,52,1" doraHai="11" who="1" fromWho="1" sc="132,-5,346,20,313,-10,209,-5" /><INIT seed="3,0,0,2,0,91" ten="127,366,303,204" oya="3" hai0="85,78,64,46,34,108,117,33,131,8,13,37,97" hai1="129,19,60,41,113,104,57,116,132,107,87,3,124" hai2="1,49,114,31,102,45,105,77,67,103,73,16,38" hai3="59,55,51,66,62,7,89,120,126,92,12,98,11"/><W9/><G126/><T79/><D117/><U6/><E113/><V29/><F114/><W125/><G125/><T5/><D108/><U90/><E124/><V88/><F38/><W53/><G120/><T76/><D131/><U42/><E129/><V123/><F123/><W61/><G61/><T48/><D64/><U119/><E132/><V68/><F1/><W121/><G121/><T86/><D37/><U0/><E19/><V130/><F130/><W81/><G81/><T72/><D72/><U118/><E104/><V115/><F115/><W32/><G32/><T28/><D34/><U84/><E84/><V80/><F67/><W44/><REACH who="3" step="1"/><G11/><REACH who="3" ten="127,366,303,194" step="2"/><T70/><D70/><U39/><E116/><V94/><F68/><W47/><G47/><T93/><D33/><U106/><E118/><V133/><F133/><W127/><G127/><T36/><D36/><U15/><E39/><V35/><F35/><W63/><G63/><T135/><D135/><U109/><E60/><V24/><F45/><W23/><G23/><T83/><D28/><U54/><E119/><V52/><F31/><W14/><G14/><T112/><D112/><U10/><E15/><V58/><F29/><W95/><G95/><T26/><D26/><U50/><E106/><V96/><REACH who="2" step="1"/><F105/><REACH who="2" ten="127,366,293,194" step="2"/><W65/><AGARI ba="0,2" hai="7,9,12,44,51,53,55,59,62,65,66,89,92,98" machi="65" ten="30,12000,1" yaku="1,1,0,1,8,1,52,1,53,1" doraHai="91" doraHaiUra="56" who="3" fromWho="3" sc="127,-40,366,-40,293,-40,194,140" owari="87,-41.3,326,12.6,253,-14.7,334,43.4" /></mjloggm>