<mjloggm ver="2.3"><GO type="225" lobby="0"/><UN n0="%E3%82%BF%E3%83%BC%E3%83%90%E3%83%B3%E9%87%8E%E5%8F%A3" n1="%72%69%6F%75%63%68%61%6E" n2="%E3%81%B2%E3%81%AA%E3%81%AE%E3%82%8A%E3%81%8F" n3="%E5%84%AA%40%41%42%43" dan="16,17,17,17" rate="2128.91,2237.17,2160.97,2183.74" sx="M,M,M,M"/><TAIKYOKU oya="0"/><INIT seed="0,0,0,2,3,126" ten="250,250,250,250" oya="0" hai0="135,38,24,44,87,97,109,93,113,129,118,116,70" hai1="77,56,98,71,106,29,89,80,130,13,52,60,51" hai2="21,12,63,15,120,111,119,45,53,90,81,19,95" hai3="2,112,61,123,69,9,35,132,28,85,43,20,58"/><T83/><D70/><U78/><E130/><V125/><F120/><W7/><G112/><T49/><D38/><U114/><E114/><V128/><F125/><W107/><G132/><T41/><D113/><U99/><E29/><V131/><F111/><W36/><G123/><T39/><D135/><U65/><E13/><V5/><F119/><W34/><G69/><T117/><D109/><U3/><E3/><V124/><F124/><W0/><G107/><T33/><D24/><U110/><E110/><V4/><F81/><W42/><G2/><T67/><D67/><U64/><E64/><V10/><F5/><W104/><G104/><T37/><D33/><U6/><E6/><V11/><F21/><W66/><G85/><T72/><D72/><U105/><E77/><V32/><F32/><W18/><G36/><T115/><D115/><U134/><E134/><V16/><F4/><W84/><G84/><T17/><D17/><U46/><E99/><V47/><F63/><W121/><G121/><T88/><REACH who="0" step="1"/><D129/><REACH who="0" ten="240,250,250,250" step="2"/><N who="2" m="49738" /><F53/><W96/><G34/><T26/><D26/><U62/><E52/><V22/><F22/><W68/><G35/><T59/><D59/><U133/><E56/><V1/><F1/><W101/><G68/><T86/><D86/><AGARI ba="0,1" hai="10,11,12,15,16,19,45,47,86,90,95" m="49738" machi="86" ten="30,8000,1" yaku="19,1,52,3,54,1" doraHai="126" who="2" fromWho="0" sc="240,-80,250,0,250,90,250,0" /><INIT seed="1,0,0,0,1,52" ten="160,250,340,250" oya="1" hai0="97,127,5,54,18,72,40,10,48,58,82,69,100" hai1="134,80,56,14,28,135,81,30,29,99,112,133,24" hai2="17,60,125,84,110,74,13,44,39,89,103,12,33" hai3="38,96,71,23,126,50,47,88,106,119,8,120,22"/><U2/><E112/><V83/><F74/><W129/><G120/><T111/><D111/><U118/><E118/><V86/><F33/><W42/><G126/><T124/><D69/><U109/><E2/><V15/><F110/><W104/><G129/><T19/><D40/><U62/><E109/><V76/><F103/><W66/><G119/><T92/><D82/><N who="1" m="31851" /><E14/><V20/><F125/><N who="0" m="48202" /><D72/><U65/><E99/><V4/><F4/><W107/><G8/><T36/><D36/><U7/><E7/><V61/><F44/><W98/><G38/><T91/><D100/><U16/><E16/><N who="2" m="10247" /><F39/><W101/><G66/><T6/><D6/><U113/><E113/><V73/><F73/><W32/><G71/><T27/><D27/><AGARI ba="0,0" hai="24,27,28,29,30,56,62,65,133,134,135" m="31851" machi="27" ten="40,3900,0" yaku="20,1,52,1" doraHai="52" who="1" fromWho="0" sc="160,-39,250,39,340,0,250,0" /><INIT seed="1,1,0,4,0,40" ten="121,289,340,250" oya="1" hai0="135,56,22,120,131,26,43,62,89,93,94,77,98" hai1="37,123,53,14,57,119,108,124,60,41,75,2,21" hai2="114,133,95,38,8,10,100,20,7,82,5,28,16" hai3="33,19,12,59,50,74,76,44,126,15,48,54,73"/><U61/><E119/><V117/><F117/><W30/><G126/><T66/><D135/><U125/><E123/><V52/><F133/><W71/><G71/><T18/><D131/><U81/><E2/><V47/><F28/><W49/><G49/><T42/><D120/><U45/><E108/><V13/><F114/><W35/><G15/><T25/><D77/><U69/><E75/><V65/><F65/><W58/><G58/><T83/><D83/><U127/><E81/><V128/><F128/><W116/><G116/><T97/><REACH who="0" step="1"/><D26/><REACH who="0" ten="111,289,340,250" step="2"/><U129/><E129/><V24/><F82/><W113/><G76/><T72/><D72/><U68/><E61/><V112/><F24/><W111/><G113/><T101/><AGARI ba="1,1" hai="18,22,25,42,43,56,62,66,89,93,94,97,98,101" machi="101" ten="20,5200,0" yaku="1,1,0,1,7,1,8,1,53,0" doraHai="40" doraHaiUra="115" who="0" fromWho="0" sc="111,65,289,-27,340,-14,250,-14" /><INIT seed="2,0,0,0,2,9" ten="176,262,326,236" oya="2" hai0="42,31,40,25,59,80,23,68,24,7,43,2,12" hai1="65,126,18,6,135,83,109,117,46,89,55,102,132" hai2="85,58,123,48,77,103,104,121,84,128,130,26,33" hai3="110,16,66,11,41,35,125,87,37,114,78,19,21"/><V129/><F104/><W13/><G35/><T56/><D68/><U50/><E117/><V61/><F103/><W1/><G110/><T44/><D44/><U108/><E126/><V72/><F72/><W4/><G125/><T53/><D2/><U62/><E102/><V69/><F69/><W27/><G114/><T76/><D53/><U131/><E6/><V38/><F38/><W32/><G66/><T57/><D25/><U67/><E131/><V79/><F48/><W5/><G37/><T14/><REACH who="0" step="1"/><D7/><REACH who="0" ten="166,262,326,236" step="2"/><U96/><E109/><V86/><F26/><W39/><G1/><T17/><D17/><U100/><E18/><V82/><F33/><W99/><G32/><T20/><D20/><U116/><E108/><V101/><F128/><W73/><G4/><T60/><D60/><U3/><E62/><V29/><F61/><W54/><G19/><T88/><D88/><U45/><E46/><V106/><F130/><W113/><G54/><T124/><D124/><U97/><E3/><V28/><F129/><W105/><G16/><T64/><D64/><U122/><E65/><V49/><F123/><W94/><G21/><T71/><D71/><U95/><E67/><V10/><F121/><W91/><G27/><T90/><D90/><N who="1" m="55415" /><E122/><V81/><F29/><W107/><G5/><T47/><D47/><U98/><E89/><V111/><F28/><W74/><G91/><T115/><D115/><U15/><E45/><V112/><F111/><W118/><G113/><T119/><D119/><U30/><E116/><V63/><F63/><W22/><G118/><T92/><D92/><RYUUKYOKU ba="0,1" sc="166,30,262,-10,326,-10,236,-10" hai0="12,14,23,24,31,40,42,43,56,57,59,76,80" /><INIT seed="3,1,1,4,0,84" ten="196,252,316,226" oya="3" hai0="43,81,93,97,14,25,48,53,120,89,87,44,82" hai1="132,46,123,127,59,74,32,21,72,68,90,103,73" hai2="107,1,18,16,50,24,2,78,95,133,47,22,131" hai3="65,57,88,60,119,6,29,27,129,34,11,38,9"/><W64/><G119/><T102/><D120/><U51/><E123/><V91/><F107/><W99/><G38/><T96/><D96/><U23/><E68/><V94/><F78/><W116/><G116/><T61/><D25/><U30/><E103/><V62/><F95/><N who="3" m="56807" /><G34/><T130/><D130/><U86/><E127/><V7/><F133/><W36/><G36/><T75/><D75/><U80/><E132/><V122/><F131/><W77/><G77/><T124/><D124/><U41/><REACH who="1" step="1"/><E59/><REACH who="1" ten="196,242,316,226" step="2"/><V45/><F122/><W55/><G129/><T15/><D102/><U19/><E19/><V12/><F7/><W69/><G69/><T49/><D61/><U83/><E83/><V71/><F18/><W126/><G6/><T39/><D39/><U104/><E104/><V114/><F16/><W113/><G126/><T121/><D121/><U135/><E135/><V63/><F71/><W0/><G57/><N who="0" m="32935" /><D82/><U128/><E128/><V3/><F114/><W85/><G60/><T100/><AGARI ba="1,2" hai="14,15,43,44,49,81,87,89,93,97,100" m="32935" machi="100" ten="30,2000,0" yaku="8,1,52,1" doraHai="84" who="0" fromWho="0" sc="196,43,242,-6,316,-6,226,-11" owari="239,3.9,236,-16.4,310,41.0,215,-28.5" /></mjloggm>