<mjloggm ver="2.3"><GO type="225" lobby="0"/><UN n0="%E6%98%93%E5%88%A9%E8%96%A9%E4%BC%AF" n1="%E7%B4%94%E6%BD%94%E3%83%94%E3%83%A9%E3%83%8B%E3%82%A2" n2="%E5%BC%93%E6%9C%A8%E3%81%AA%E3%81%8A" n3="%6D%75%75%6D%75%72%61" dan="16,16,16,16" rate="2045.20,2146.21,2077.18,2143.54" sx="F,M,M,F"/><TAIKYOKU oya="0"/><INIT seed="0,0,0,3,5,65" ten="250,250,250,250" oya="0" hai0="49,61,16,108,12,81,46,70,125,71,28,19,75" hai1="30,129,106,117,9,130,69,52,85,18,120,118,2" hai2="133,111,102,107,112,43,109,97,105,131,1,53,62" hai3="54,115,23,90,74,83,35,124,45,0,31,101,123"/><T50/><D125/><U40/><E106/><V94/><F1/><W60/><G115/><T25/><D108/><N who="2" m="41546" /><F43/><W21/><G124/><T34/><D61/><U4/><E40/><V73/><F53/><W82/><G0/><T55/><D49/><U10/><E85/><V48/><F48/><W32/><G101/><T66/><D66/><U17/><E52/><V33/><F33/><W122/><G74/><T20/><REACH who="0" step="1"/><D19/><REACH who="0" ten="240,250,250,250" step="2"/><U67/><E67/><V26/><F62/><W93/><G60/><T37/><D37/><U132/><E18/><V92/><F112/><W27/><G123/><T119/><D119/><U7/><E17/><V15/><F131/><W84/><G122/><T127/><D127/><U80/><E120/><V24/><F133/><W98/><G54/><T39/><D39/><U63/><E63/><V11/><F26/><W22/><G27/><T6/><D6/><U103/><E7/><V44/><F24/><W41/><G41/><T135/><D135/><U76/><E4/><V36/><F36/><W64/><G64/><T72/><D72/><U110/><E110/><V59/><F73/><W29/><G45/><T8/><D8/><U116/><E117/><V87/><F44/><W47/><G47/><T5/><D5/><U95/><E116/><V38/><F38/><W78/><G31/><T99/><D99/><U56/><E118/><V86/><F97/><W58/><G29/><T121/><D121/><U96/><E129/><V13/><F11/><W51/><G51/><T114/><D114/><U68/><E130/><V3/><F3/><W126/><G126/><RYUUKYOKU ba="0,1" sc="240,30,250,-10,250,-10,250,-10" hai0="12,16,20,25,28,34,46,50,55,70,71,75,81" /><INIT seed="0,1,1,4,3,131" ten="270,240,240,240" oya="0" hai0="4,85,58,76,17,117,43,114,19,125,105,87,39" hai1="45,48,113,8,108,14,5,0,118,111,82,52,24" hai2="74,91,96,32,95,56,68,42,38,103,44,126,9" hai3="92,97,104,72,69,128,100,46,35,83,3,135,18"/><T63/><D114/><U12/><E118/><V15/><F68/><W28/><G128/><T59/><D117/><U116/><E116/><V2/><F126/><W112/><G112/><T94/><D105/><U119/><E119/><V21/><F32/><W6/><G69/><T40/><D125/><U90/><E113/><V115/><F115/><W29/><G35/><T13/><D4/><U23/><E82/><V133/><F74/><W7/><G7/><T110/><D110/><N who="1" m="42027" /><E90/><V30/><F2/><W10/><G135/><T129/><D129/><U33/><E33/><V51/><F91/><W88/><G18/><AGARI ba="1,1" hai="0,5,8,12,14,18,23,24,45,48,52" m="42027" machi="18" ten="30,2000,0" yaku="14,1,54,1" doraHai="131" who="1" fromWho="3" sc="270,0,240,33,240,0,240,-23" /><INIT seed="1,0,0,2,5,127" ten="270,273,240,217" oya="1" hai0="122,85,63,133,44,73,72,16,4,60,49,75,0" hai1="89,68,59,118,126,92,11,32,114,81,135,7,94" hai2="58,52,61,99,36,76,124,28,130,106,84,12,80" hai3="74,108,110,10,13,57,91,29,51,113,121,69,82"/><U103/><E68/><V53/><F36/><W120/><G69/><T119/><D119/><U78/><E118/><V15/><F124/><W30/><G113/><T131/><D133/><U62/><E135/><V43/><F43/><W42/><G42/><T66/><D122/><N who="3" m="47209" /><G51/><T18/><D131/><U109/><E32/><V117/><F117/><W64/><G57/><T111/><D111/><N who="3" m="42537" /><G64/><T71/><D63/><U24/><E24/><V101/><F130/><W31/><G91/><T54/><REACH who="0" step="1"/><D85/><REACH who="0" ten="260,273,240,217" step="2"/><U86/><E109/><V39/><F39/><W115/><G115/><T100/><D100/><U129/><E129/><V23/><REACH who="2" step="1"/><F53/><REACH who="2" ten="260,273,230,217" step="2"/><W90/><G74/><T45/><D45/><U9/><E114/><V5/><F5/><N who="3" m="3279" /><G90/><T48/><D48/><U47/><E126/><V132/><F132/><W3/><G3/><T46/><D46/><U128/><E47/><V2/><F2/><W105/><G105/><T35/><D35/><U50/><E128/><V116/><F116/><W96/><G96/><T37/><D37/><U88/><E50/><V79/><F79/><W98/><G98/><T102/><D102/><U40/><E103/><V26/><AGARI ba="0,2" hai="12,15,23,26,28,52,58,61,76,80,84,99,101,106" machi="26" ten="30,4000,0" yaku="1,1,0,1,54,1,53,0" doraHai="127" doraHaiUra="67" who="2" fromWho="2" sc="260,-10,273,-20,230,60,217,-10" /><INIT seed="2,0,0,4,1,52" ten="250,253,290,207" oya="2" hai0="122,21,95,98,101,16,37,116,13,94,35,91,114" hai1="44,125,70,59,11,132,92,57,121,76,20,104,0" hai2="73,126,97,9,22,80,10,87,115,50,31,12,99" hai3="86,27,7,107,18,119,17,49,6,60,38,42,74"/><V55/><F73/><W47/><G74/><T45/><D114/><U33/><E33/><V84/><F126/><W26/><G119/><T41/><D122/><U93/><E70/><V67/><F67/><W48/><G107/><T66/><D116/><U28/><E104/><V58/><F115/><W29/><G60/><T36/><D35/><U25/><E125/><V24/><F84/><W30/><G38/><T8/><D66/><U110/><E121/><V81/><F81/><W15/><G86/><T89/><D37/><U53/><E76/><V65/><F65/><W72/><G72/><T128/><D128/><U109/><E132/><V51/><F51/><W113/><G113/><T63/><D63/><U62/><E44/><V75/><F75/><W106/><G106/><T64/><D64/><U127/><E59/><V90/><REACH who="2" step="1"/><F10/><REACH who="2" ten="250,253,280,207" step="2"/><W34/><G48/><T68/><D68/><U96/><E127/><V124/><F124/><W43/><G49/><T19/><REACH who="0" step="1"/><D94/><REACH who="0" ten="240,253,280,207" step="2"/><U14/><E93/><V85/><F85/><W3/><G42/><T111/><D111/><U71/><E110/><V56/><F56/><W1/><G43/><T102/><D102/><U108/><E109/><V46/><F46/><W2/><G47/><T5/><D5/><AGARI ba="0,2" hai="5,9,12,22,24,31,50,55,58,80,87,90,97,99" machi="5" ten="30,11600,0" yaku="1,1,7,1,8,1,52,1,53,0" doraHai="52" doraHaiUra="61" who="2" fromWho="0" sc="240,-116,253,0,280,136,207,0" /><INIT seed="2,1,0,4,2,3" ten="124,253,416,207" oya="2" hai0="128,49,11,109,111,42,112,31,19,27,76,86,114" hai1="74,135,87,82,62,77,44,7,1,23,45,132,115" hai2="93,63,105,127,28,67,64,95,33,24,118,21,47" hai3="40,48,53,0,30,78,116,79,97,123,29,51,119"/><V80/><F118/><W125/><G123/><T121/><D42/><U38/><E115/><N who="0" m="44073" /><D49/><U2/><E2/><V99/><F127/><W6/><G125/><T50/><D50/><U124/><E124/><V104/><F80/><W25/><G48/><T54/><D54/><U56/><E23/><V131/><F131/><W66/><G40/><T101/><D101/><U61/><E61/><V17/><F47/><W10/><G66/><T69/><D69/><U58/><E58/><V9/><F9/><W107/><G97/><T81/><D86/><U12/><E12/><V89/><F95/><W43/><G107/><T106/><D81/><U71/><E87/><V102/><F67/><W130/><G43/><T57/><D57/><U35/><E35/><V65/><F65/><W41/><G41/><T34/><D76/><U8/><E71/><V15/><REACH who="2" step="1"/><F102/><REACH who="2" ten="124,253,406,207" step="2"/><W84/><G119/><T122/><D106/><U91/><E45/><V39/><F39/><W20/><G116/><T13/><D128/><U113/><E44/><V75/><F75/><W55/><G130/><T5/><D19/><U88/><E38/><V126/><F126/><W98/><G55/><T108/><AGARI ba="1,1" hai="5,11,13,27,31,34,108,109,111,121,122" m="44073" machi="108" ten="40,8000,1" yaku="14,1,34,2,52,1" doraHai="3" who="0" fromWho="0" sc="124,93,253,-21,406,-41,207,-21" /><INIT seed="3,0,0,3,1,38" ten="217,232,365,186" oya="3" hai0="19,48,22,42,54,67,107,89,96,71,10,72,90" hai1="98,46,128,126,43,113,9,17,25,104,51,74,82" hai2="127,111,50,112,121,16,103,91,87,37,4,88,5" hai3="129,110,116,73,93,45,84,8,6,130,102,63,20"/><W32/><G116/><T120/><D120/><U11/><E113/><V64/><F37/><W3/><G32/><T132/><D72/><U36/><E126/><V86/><F64/><W59/><G73/><T1/><D132/><U60/><E128/><V12/><F111/><W85/><G110/><T18/><D42/><U131/><E131/><N who="3" m="50186" /><G20/><T49/><D49/><U99/><E36/><V135/><F135/><W108/><G108/><T97/><D67/><U75/><E75/><V66/><F66/><N who="3" m="39295" /><G45/><T57/><D71/><U114/><E114/><V15/><F112/><W35/><G35/><T65/><D65/><U31/><E60/><V81/><F103/><W23/><G23/><T92/><D107/><U39/><E104/><V44/><F127/><W80/><G80/><T100/><D22/><N who="1" m="15799" /><E39/><V122/><F81/><W40/><G40/><T2/><D100/><U29/><E29/><V69/><F44/><W119/><G119/><T117/><D117/><U101/><E101/><V68/><F50/><W124/><G124/><T34/><D34/><U41/><E41/><V52/><F122/><W70/><G70/><T33/><D33/><U7/><E74/><V53/><F121/><W78/><G78/><T95/><D10/><U58/><E82/><V13/><F69/><W106/><G106/><T26/><D26/><U14/><E58/><V118/><F68/><W0/><G0/><AGARI ba="0,0" hai="0,1,2,18,19,48,54,57,89,90,92,95,96,97" machi="0" ten="40,1300,0" yaku="9,1" doraHai="38" who="0" fromWho="3" sc="217,13,232,0,365,0,186,-13" owari="230,-17.0,232,3.2,365,46.5,173,-32.7" /></mjloggm>