<mjloggm ver="2.3"><GO type="225" lobby="0"/><UN n0="%E3%82%A2%E3%83%BC%E3%83%A2%E3%83%AD%E3%83%BC%E3%83%B4%E3%82%A1" n1="%E7%B4%94%E6%BD%94%E3%83%94%E3%83%A9%E3%83%8B%E3%82%A2" n2="%E3%81%B5%E3%81%98%E3%81%8B%E3%81%A4" n3="%E5%BA%97%E9%95%B7%4D" dan="16,17,16,16" rate="2103.53,2207.76,2169.25,2132.85" sx="M,M,M,M"/><TAIKYOKU oya="0"/><INIT seed="0,0,0,4,3,60" ten="250,250,250,250" oya="0" hai0="34,89,101,105,62,44,87,84,102,9,132,46,113" hai1="31,135,79,76,121,64,68,75,51,90,117,110,45" hai2="74,71,3,29,115,61,22,114,28,59,56,27,48" hai3="103,91,33,63,4,58,104,19,2,5,86,126,30"/><T98/><D113/><U72/><E31/><V8/><F74/><W17/><G126/><T57/><D34/><U99/><E51/><V43/><F71/><W18/><G33/><T10/><D132/><U13/><E13/><V73/><F73/><W52/><G30/><T123/><D123/><U39/><E45/><N who="0" m="17513" /><D105/><U49/><E49/><V35/><F43/><W21/><G104/><T127/><D84/><U118/><E68/><V93/><F93/><N who="3" m="54519" /><G103/><N who="0" m="39435" /><D98/><U0/><E99/><V82/><F82/><W53/><G2/><T88/><D127/><U14/><E0/><V78/><F78/><W128/><G128/><T32/><D32/><U67/><E39/><V25/><F48/><W124/><G124/><T116/><D116/><U133/><E14/><V50/><F50/><N who="3" m="30999" /><G21/><T96/><D96/><U54/><E54/><V36/><F36/><W47/><G47/><T41/><D41/><U120/><E90/><N who="0" m="34921" /><D87/><U77/><REACH who="1" step="1"/><E79/><REACH who="1" ten="250,240,250,250" step="2"/><V106/><F3/><W94/><G94/><T15/><D15/><U37/><E37/><V23/><F106/><W92/><G92/><T20/><D20/><U97/><E97/><V119/><F35/><W65/><G53/><AGARI ba="0,1" hai="9,10,53,57,62" m="34921,39435,17513" machi="53" ten="30,2900,0" yaku="8,1,54,1" doraHai="60" who="0" fromWho="3" sc="250,39,240,0,250,0,250,-29" /><INIT seed="0,1,0,5,1,97" ten="289,240,250,221" oya="0" hai0="58,31,120,43,105,11,9,53,133,92,83,32,72" hai1="74,131,12,57,40,132,26,30,117,101,62,8,44" hai2="69,13,119,102,22,23,51,107,109,34,70,27,98" hai3="56,4,99,118,47,3,2,64,128,71,88,86,15"/><T66/><D120/><U49/><E131/><V134/><F109/><W28/><G118/><T78/><D105/><U55/><E132/><V113/><F119/><W129/><G71/><T33/><D133/><U114/><E114/><V19/><F113/><W18/><G28/><T16/><D66/><U121/><E121/><V124/><F134/><W41/><G99/><T42/><D92/><U100/><E74/><V106/><F34/><W126/><G56/><T59/><D59/><U116/><E116/><V37/><F37/><W20/><G64/><T103/><D103/><U25/><E117/><V38/><F38/><N who="3" m="21943" /><G4/><T76/><D76/><U6/><REACH who="1" step="1"/><E25/><REACH who="1" ten="289,230,250,221" step="2"/><V91/><F27/><W135/><G135/><T0/><D72/><U67/><E67/><V115/><F115/><W10/><G126/><T112/><D112/><U95/><E95/><V125/><F107/><W82/><G10/><T24/><D11/><U50/><E50/><V108/><F51/><W79/><G79/><T104/><D104/><U65/><E65/><V29/><F108/><W52/><G128/><T14/><D78/><U35/><AGARI ba="1,1" hai="6,8,12,26,30,35,40,44,49,55,57,62,100,101" machi="35" ten="20,8000,1" yaku="1,1,0,1,7,1,52,2,53,0" doraHai="97" doraHaiUra="94" who="1" fromWho="1" sc="289,-41,230,93,250,-21,221,-21" /><INIT seed="1,0,0,5,2,120" ten="248,323,229,200" oya="1" hai0="16,80,8,13,19,132,125,73,121,105,45,38,54" hai1="21,92,69,117,116,104,129,28,131,93,64,86,61" hai2="63,36,130,1,37,40,62,84,98,113,57,65,18" hai3="89,5,95,101,10,47,41,39,76,56,30,99,0"/><U59/><E104/><V42/><F1/><W127/><G127/><T2/><D105/><U108/><E69/><N who="2" m="42167" /><F98/><W133/><G133/><T51/><D125/><U46/><E28/><V103/><F84/><W66/><G30/><T90/><D132/><U32/><E32/><V49/><F18/><W82/><G56/><T91/><D121/><U79/><E21/><V94/><F94/><W6/><G6/><T119/><D119/><U83/><E46/><N who="2" m="25815" /><F103/><W118/><G66/><T72/><D2/><U23/><E23/><V17/><F17/><W135/><G135/><T33/><D33/><U48/><E93/><V22/><F22/><W134/><G134/><T85/><D38/><N who="2" m="14954" /><F130/><N who="1" m="49673" /><E92/><V111/><F113/><W29/><G29/><T109/><D91/><U115/><E115/><V70/><F111/><W67/><G67/><T128/><D19/><U4/><E108/><V124/><F124/><W71/><G71/><T31/><D128/><U50/><E4/><V58/><F40/><W74/><REACH who="3" step="1"/><G118/><AGARI ba="0,0" hai="48,50,59,61,64,79,83,86,116,117,118" m="49673" machi="118" ten="30,1500,0" yaku="19,1" doraHai="120" who="1" fromWho="3" sc="248,0,323,15,229,0,200,-15" /><INIT seed="1,1,0,4,2,37" ten="248,338,229,185" oya="1" hai0="92,96,62,91,35,3,129,83,105,45,5,2,77" hai1="81,42,10,89,90,74,4,79,76,0,32,75,131" hai2="98,14,123,85,50,27,40,87,127,128,99,130,115" hai3="121,125,65,36,122,97,70,104,28,108,39,53,95"/><U7/><E131/><N who="2" m="50219" /><F123/><W12/><G108/><T120/><D129/><U8/><E32/><V6/><F27/><W73/><G73/><T47/><D120/><U31/><E31/><V34/><F34/><W103/><G125/><T19/><D35/><U1/><E42/><V57/><F127/><W60/><G95/><T107/><D19/><U41/><E41/><V67/><F115/><W116/><G116/><T38/><D62/><U18/><E18/><V64/><F14/><W30/><G121/><T101/><D38/><U24/><E24/><V46/><F6/><W16/><G122/><T51/><D5/><U113/><REACH who="1" step="1"/><E81/><REACH who="1" ten="248,328,229,185" step="2"/><V86/><F57/><W13/><G39/><T54/><D45/><U88/><E88/><V118/><F118/><W80/><G36/><T117/><D117/><U94/><E94/><V20/><F20/><W112/><G80/><T102/><D91/><U135/><E135/><V71/><F71/><W17/><G112/><AGARI ba="1,1" hai="0,1,4,7,8,10,74,75,76,79,89,90,112,113" machi="112" ten="25,4800,0" yaku="1,1,22,2,53,0" doraHai="37" doraHaiUra="11" who="1" fromWho="3" sc="248,0,328,61,229,0,185,-51" /><INIT seed="1,2,0,5,3,78" ten="248,389,229,134" oya="1" hai0="94,80,90,85,31,70,101,10,69,30,27,64,6" hai1="63,65,67,43,37,115,133,11,104,77,74,25,83" hai2="5,87,51,131,24,3,73,91,23,107,45,21,59" hai3="28,4,75,54,55,92,123,29,116,76,102,18,19"/><U120/><E115/><V96/><F131/><W97/><G123/><T38/><D38/><U40/><E120/><V13/><F73/><W135/><G135/><T12/><D64/><U125/><E104/><V53/><F3/><W41/><G116/><T20/><D31/><N who="3" m="11849" /><G75/><T122/><D122/><U26/><E67/><V114/><F114/><W113/><G113/><T47/><D47/><U121/><E121/><V132/><F132/><W16/><G76/><T71/><REACH who="0" step="1"/><D101/><REACH who="0" ten="238,389,229,134" step="2"/><U39/><E37/><V44/><F44/><W62/><G41/><T111/><D111/><U1/><E43/><V126/><F45/><W49/><G4/><T109/><D109/><U103/><E40/><V57/><F5/><W84/><G62/><T127/><D127/><U33/><E39/><V32/><F59/><N who="3" m="33231" /><G55/><T34/><D34/><U0/><E125/><V9/><F126/><W86/><AGARI ba="2,1" hai="16,18,19,84,86,92,97,102" m="33231,11849" machi="86" ten="30,2000,0" yaku="8,1,54,1" doraHai="78" who="3" fromWho="3" sc="238,-7,389,-12,229,-7,134,36" /><INIT seed="2,0,0,3,1,41" ten="231,377,222,170" oya="2" hai0="20,23,125,31,45,62,115,91,120,28,48,93,74" hai1="27,54,134,59,107,39,13,90,58,11,46,18,117" hai2="19,100,51,104,42,7,24,9,122,112,119,85,129" hai3="130,106,1,133,78,105,98,113,52,75,97,10,116"/><V114/><F122/><W35/><G35/><T121/><D115/><U14/><E117/><V108/><F119/><W0/><G116/><T66/><D74/><U67/><E107/><V70/><F70/><W40/><G113/><T65/><D125/><U68/><E68/><V126/><F126/><W76/><G40/><N who="0" m="24615" /><D121/><U3/><E3/><V36/><F36/><W5/><G133/><T92/><D92/><U128/><E128/><V96/><F129/><W21/><G130/><T123/><D123/><U89/><E39/><V124/><F124/><W82/><G78/><T34/><D34/><U69/><E69/><V94/><F108/><W135/><G0/><T77/><D77/><U127/><E134/><V111/><F111/><W53/><G135/><T64/><D62/><U84/><E67/><V12/><F104/><W49/><G53/><T103/><D103/><U16/><E27/><V8/><F85/><W2/><G2/><T43/><D43/><U110/><E90/><V38/><F38/><W4/><G4/><T57/><D57/><U15/><E15/><N who="2" m="5535" /><F114/><W80/><G80/><T63/><D63/><U87/><E87/><V56/><F24/><W61/><G61/><T22/><D120/><U29/><E110/><V60/><F112/><W55/><G55/><T102/><D102/><U73/><E73/><V44/><F60/><W26/><G106/><T99/><AGARI ba="0,0" hai="20,22,23,28,31,64,65,66,91,93,99" m="24615" machi="99" ten="30,2000,0" yaku="8,1,52,1" doraHai="41" who="0" fromWho="0" sc="231,20,377,-5,222,-10,170,-5" /><INIT seed="3,0,0,2,1,42" ten="251,372,212,165" oya="3" hai0="113,96,45,4,27,38,123,56,39,18,64,104,10" hai1="58,35,13,91,5,7,22,2,131,97,135,80,102" hai2="73,88,122,126,90,29,117,53,0,17,19,100,49" hai3="30,115,36,87,37,95,110,127,105,50,69,25,65"/><W84/><G105/><T93/><D104/><U68/><E68/><V1/><F117/><W109/><G115/><T44/><D123/><U67/><E35/><V52/><F122/><W74/><G74/><T31/><D18/><N who="2" m="6666" /><F73/><W40/><G127/><T24/><D38/><N who="3" m="14953" /><G65/><T20/><D27/><U23/><E58/><V81/><F100/><W14/><G14/><N who="0" m="5447" /><D39/><U46/><E97/><V12/><F29/><W114/><G95/><T33/><D33/><U16/><E80/><V86/><F0/><W77/><G77/><T66/><D113/><U15/><E91/><N who="2" m="51663" /><F1/><W103/><G103/><N who="0" m="60815" /><D66/><U59/><E59/><N who="2" m="33167" /><F126/><W92/><G92/><T108/><D56/><U79/><E67/><V125/><F125/><W107/><G107/><T63/><D64/><U101/><E102/><V132/><F132/><W129/><G69/><T120/><D120/><U3/><E135/><V28/><F28/><W119/><G119/><T48/><D31/><U106/><E101/><V121/><F121/><W57/><G114/><T9/><D24/><U85/><E106/><V21/><F53/><N who="3" m="31927" /><G40/><T51/><D9/><U60/><E3/><V83/><F83/><W72/><G72/><T134/><D134/><U61/><E2/><V78/><F78/><W47/><G47/><T41/><D45/><U54/><E46/><V26/><F12/><W11/><G11/><T116/><D44/><U70/><E70/><V6/><F6/><W71/><G71/><T62/><D41/><U82/><E7/><V112/><F112/><W55/><G55/><T94/><D116/><U89/><E54/><V32/><F32/><RYUUKYOKU ba="0,0" sc="251,-10,372,-10,212,30,165,-10" hai2="21,26,88,90" owari="241,-15.9,362,46.2,242,4.2,155,-34.5" /></mjloggm>