<mjloggm ver="2.3"><GO type="225" lobby="0"/><UN n0="%E8%B6%85%E7%B4%9A%E9%B3%B3%E5%87%B0" n1="%77%72%77%72%77%72%77%72" n2="%E7%89%B9%E6%9D%B1%E3%81%AF%E4%B8%96%E7%95%8C%E3%82%92%E6%95%91%E3%81%86" n3="%E3%83%B4%E3%82%A3%E3%83%AF%E3%82%B3%E3%82%B0%E3%83%8B" dan="16,17,16,16" rate="2187.03,2251.96,2153.69,2169.03" sx="F,M,M,M"/><TAIKYOKU oya="0"/><INIT seed="0,0,0,3,1,94" ten="250,250,250,250" oya="0" hai0="80,61,44,72,104,103,75,60,4,127,81,105,31" hai1="55,111,36,84,47,123,64,87,128,50,108,91,37" hai2="74,14,132,113,134,101,77,109,11,8,32,5,12" hai3="65,125,71,79,88,66,116,2,82,67,93,58,59"/><T40/><D127/><U69/><E123/><V92/><F32/><W10/><G116/><T99/><D31/><U19/><E128/><V33/><F33/><W3/><G71/><T97/><D4/><U95/><E84/><V130/><F113/><W45/><G125/><T48/><D80/><U15/><E64/><V56/><F130/><W51/><G10/><T120/><D120/><U17/><E17/><V70/><F70/><W20/><G2/><T23/><D23/><U16/><E19/><V0/><F109/><N who="1" m="42057" /><E69/><V73/><F77/><W86/><G20/><AGARI ba="0,0" hai="15,16,20,36,37,47,50,55,87,91,95" m="42057" machi="20" ten="30,2000,0" yaku="14,1,54,1" doraHai="94" who="1" fromWho="3" sc="250,0,250,20,250,0,250,-20" /><INIT seed="1,0,0,0,0,60" ten="250,270,250,230" oya="1" hai0="86,80,33,52,1,54,127,18,62,29,70,14,115" hai1="112,67,56,116,22,0,25,109,31,42,78,37,75" hai2="26,83,84,103,92,64,105,45,124,118,88,111,131" hai3="20,9,98,100,76,32,123,79,34,121,5,85,16"/><U94/><E112/><V63/><F118/><W101/><G34/><T15/><D115/><U39/><E116/><V38/><F111/><W91/><G32/><T27/><D1/><U17/><E109/><V65/><F105/><W104/><G100/><T55/><D127/><U97/><E0/><V12/><F124/><W47/><G47/><T36/><D36/><U57/><E42/><V96/><F131/><W23/><G123/><T117/><D117/><U44/><E44/><V77/><F26/><W110/><G121/><T69/><D62/><U87/><E75/><V58/><F12/><W28/><G28/><T10/><REACH who="0" step="1"/><D15/><REACH who="0" ten="240,270,250,230" step="2"/><U108/><E39/><V133/><F133/><W68/><G110/><T93/><D93/><U135/><E37/><V41/><REACH who="2" step="1"/><F64/><REACH who="2" ten="240,270,240,230" step="2"/><W82/><G68/><T21/><D21/><U81/><E135/><V46/><F46/><W90/><G20/><T114/><D114/><U134/><E134/><V102/><AGARI ba="0,2" hai="38,41,45,58,63,65,77,83,84,88,92,96,102,103" machi="102" ten="30,8000,1" yaku="1,1,0,1,52,1,54,1,53,1" doraHai="60" doraHaiUra="40" who="2" fromWho="2" sc="240,-20,270,-40,240,100,230,-20" /><INIT seed="2,0,0,4,1,23" ten="220,230,340,210" oya="2" hai0="84,102,68,106,77,56,130,4,101,105,6,108,134" hai1="117,51,0,71,64,42,1,63,95,24,123,55,50" hai2="129,67,70,66,85,92,119,43,78,17,122,132,120" hai3="11,45,39,9,96,113,13,35,87,40,94,53,60"/><V111/><F119/><W48/><G35/><T54/><D68/><U59/><E117/><V8/><F129/><W114/><G87/><T100/><D130/><U131/><E131/><V30/><F132/><W89/><G60/><T112/><D112/><U73/><E73/><V27/><F43/><W126/><G126/><T99/><D134/><U26/><E123/><V86/><F86/><W28/><G28/><T116/><D116/><U47/><REACH who="1" step="1"/><E95/><REACH who="1" ten="220,220,340,210" step="2"/><V107/><F92/><W29/><G29/><T83/><D108/><U110/><E110/><V32/><F111/><W69/><G69/><T97/><REACH who="0" step="1"/><D102/><REACH who="0" ten="210,220,340,210" step="2"/><U118/><E118/><V91/><F122/><W12/><G114/><T115/><D115/><U57/><E57/><V135/><F120/><W124/><G113/><T79/><D79/><U125/><E125/><V16/><F78/><W81/><G124/><T36/><D36/><U19/><E19/><V31/><F70/><W34/><G39/><T133/><D133/><U82/><E82/><V93/><F135/><W109/><G109/><T15/><D15/><U80/><E80/><V128/><F128/><W10/><G81/><T98/><D98/><U61/><E61/><AGARI ba="0,2" hai="4,6,54,56,61,77,83,84,97,99,100,101,105,106" machi="61" ten="30,3900,0" yaku="1,1,7,1,9,1,53,0" doraHai="23" doraHaiUra="14" who="0" fromWho="1" sc="210,59,220,-39,340,0,210,0" /><INIT seed="3,0,0,0,3,42" ten="269,181,340,210" oya="3" hai0="78,48,39,4,90,29,6,15,8,56,101,130,28" hai1="63,34,12,9,88,44,25,110,7,5,21,59,86" hai2="96,49,43,119,18,38,70,102,73,0,127,26,128" hai3="126,111,81,67,17,47,24,91,23,57,132,103,19"/><W13/><G132/><T83/><D39/><U79/><E110/><V107/><F73/><W104/><G126/><T11/><D130/><U129/><E129/><V37/><F0/><W51/><G111/><T124/><D124/><U20/><E34/><V98/><F128/><W106/><G103/><T85/><D101/><U131/><E131/><V108/><F108/><W75/><G67/><T68/><D68/><U97/><E97/><V33/><F119/><W58/><G104/><T89/><D56/><U74/><E74/><V133/><F98/><W3/><G3/><T92/><D48/><U22/><E79/><V40/><F133/><W120/><G106/><T87/><REACH who="0" step="1"/><D78/><REACH who="0" ten="259,181,340,210" step="2"/><U109/><E109/><V93/><F37/><W122/><G58/><T123/><D123/><U82/><E44/><V52/><F70/><W32/><G57/><T27/><D27/><U66/><REACH who="1" step="1"/><E5/><REACH who="1" ten="259,171,340,210" step="2"/><V2/><F127/><W80/><G122/><T95/><D95/><U84/><E84/><V55/><F93/><W116/><G120/><T72/><D72/><U114/><E114/><V76/><F76/><W69/><G75/><T1/><AGARI ba="0,2" hai="1,4,6,8,11,15,28,29,83,85,87,89,90,92" machi="1" ten="20,2700,0" yaku="1,1,0,1,7,1,53,0" doraHai="42" doraHaiUra="115" who="0" fromWho="0" sc="259,47,171,-7,340,-7,210,-13" owari="306,10.6,164,-33.6,333,43.3,197,-20.3" /></mjloggm>