<mjloggm ver="2.3"><GO type="225" lobby="0"/><UN n0="%4E%49%4A%49%49%52%4F" n1="%45%6C%79%73%69%75%6D" n2="%E3%83%A1%E3%82%AC%E3%83%87%E3%82%B8" n3="%48%61%61%61%6C%61%6E%64" dan="16,18,16,17" rate="2168.17,2165.32,2088.82,2158.54" sx="M,F,F,M"/><TAIKYOKU oya="0"/><INIT seed="0,0,0,4,4,101" ten="250,250,250,250" oya="0" hai0="83,95,34,55,78,86,27,25,98,91,123,13,45" hai1="66,87,113,85,16,2,92,24,28,77,93,108,65" hai2="64,48,132,0,44,73,54,62,88,76,20,7,23" hai3="121,5,109,133,47,29,61,126,38,79,40,134,102"/><T130/><D123/><U82/><E2/><V1/><F132/><N who="3" m="50795" /><G121/><T19/><D130/><U94/><E108/><V41/><F76/><W103/><G109/><T129/><D34/><U12/><E113/><V118/><F73/><W99/><G126/><T26/><D129/><U57/><E85/><V22/><F118/><W56/><G79/><T15/><REACH who="0" step="1"/><D19/><REACH who="0" ten="240,250,250,250" step="2"/><U81/><E16/><V104/><F7/><W32/><G5/><T97/><D97/><U74/><E74/><V51/><F0/><W42/><G99/><T60/><D60/><U6/><E6/><V9/><F1/><W33/><G33/><T112/><D112/><U119/><E119/><V127/><F127/><W36/><G32/><T114/><D114/><U30/><E87/><V105/><F62/><W11/><G29/><T117/><D117/><U125/><E28/><V39/><F9/><W84/><G11/><T111/><D111/><U69/><E30/><V122/><F22/><W116/><G116/><T63/><D63/><U90/><E125/><V72/><F23/><W17/><G17/><T3/><D3/><U52/><E77/><V107/><F20/><W96/><G84/><T4/><D4/><U131/><E131/><V67/><F72/><W70/><G96/><T8/><D8/><U35/><E35/><V18/><F122/><W46/><G70/><T68/><D68/><U128/><E69/><V135/><F18/><W106/><G106/><T71/><D71/><U110/><E128/><V43/><F135/><W49/><G61/><T21/><D21/><U80/><E110/><V59/><F105/><RYUUKYOKU ba="0,1" sc="240,15,250,-15,250,-15,250,15" hai0="13,15,25,26,27,45,55,78,83,86,91,95,98" hai3="36,38,40,42,46,47,49,56,102,103" /><INIT seed="0,1,1,0,5,58" ten="255,235,235,265" oya="0" hai0="9,10,120,32,60,59,30,62,13,70,23,29,55" hai1="20,126,56,97,22,38,85,18,36,101,14,63,52" hai2="2,34,61,123,119,89,54,37,129,49,26,92,111" hai3="72,94,108,116,7,45,71,67,81,19,115,78,104"/><T24/><D120/><U132/><E132/><V114/><F37/><W12/><G115/><T41/><D41/><U124/><E85/><V66/><F114/><W80/><G116/><T77/><D77/><U28/><E28/><V130/><F2/><W82/><G104/><T31/><D32/><U122/><E122/><V25/><F123/><W91/><G108/><T113/><D113/><U105/><REACH who="1" step="1"/><E20/><REACH who="1" ten="255,225,235,265" step="2"/><V90/><F34/><W50/><G72/><T17/><REACH who="0" step="1"/><D9/><REACH who="0" ten="245,225,235,265" step="2"/><U96/><E96/><V135/><F119/><W64/><G78/><T87/><D87/><U40/><E40/><V128/><F128/><W93/><G80/><T21/><D21/><U131/><E131/><V39/><F129/><W118/><G82/><T15/><D15/><U11/><E11/><V102/><F130/><W0/><G81/><T48/><D48/><U95/><E95/><V42/><F49/><W46/><G50/><T35/><D35/><U125/><AGARI ba="1,3" hai="14,18,22,36,38,52,56,63,97,101,105,124,125,126" machi="125" ten="30,8000,1" yaku="1,1,0,1,18,1,52,1,54,1,53,0" doraHai="58" doraHaiUra="3" who="1" fromWho="1" sc="245,-41,225,113,235,-21,265,-21" /><INIT seed="1,0,0,4,4,12" ten="204,338,214,244" oya="1" hai0="128,34,105,38,118,77,19,103,121,43,114,23,97" hai1="28,69,39,58,56,48,70,111,57,13,65,86,102" hai2="18,90,60,85,78,80,115,54,5,47,82,93,55" hai3="89,51,14,30,29,4,79,94,132,31,44,66,26"/><U42/><E102/><V40/><F115/><W75/><G132/><T116/><D121/><U76/><E28/><V120/><F120/><W133/><G133/><T91/><D114/><U74/><E74/><V98/><F5/><W32/><G66/><T73/><D128/><U109/><E13/><V126/><F126/><W81/><G14/><T53/><D34/><U106/><E106/><V122/><F122/><W104/><G104/><T131/><D131/><U10/><E10/><V119/><F119/><W113/><G4/><T135/><D135/><U92/><E92/><V27/><F60/><W68/><G68/><N who="1" m="26218" /><E86/><V87/><F27/><W3/><G3/><T127/><D127/><U52/><E76/><V95/><F18/><W62/><G62/><T96/><D77/><U134/><E134/><V35/><F35/><W1/><G1/><T46/><D73/><U22/><E22/><V9/><F9/><W108/><G113/><T41/><D41/><U84/><E84/><V72/><F72/><W8/><G8/><T59/><D91/><U71/><E71/><V36/><REACH who="2" step="1"/><F95/><REACH who="2" ten="204,338,204,244" step="2"/><W17/><G17/><T123/><D123/><U61/><E58/><V88/><AGARI ba="0,1" hai="36,40,47,54,55,78,80,82,85,87,88,90,93,98" machi="88" ten="20,8000,1" yaku="1,1,2,1,0,1,7,1,54,1,53,0" doraHai="12" doraHaiUra="24" who="2" fromWho="2" sc="204,-20,338,-40,204,90,244,-20" /><INIT seed="2,0,0,4,5,47" ten="184,298,294,224" oya="2" hai0="72,17,106,61,35,11,107,65,42,131,110,83,121" hai1="103,130,25,56,51,31,111,13,50,23,49,0,134" hai2="120,59,63,88,14,27,22,86,93,41,122,123,89" hai3="38,112,39,102,114,16,108,46,70,6,43,8,48"/><V12/><F41/><W94/><G70/><T36/><D121/><U40/><E0/><V129/><F89/><W116/><G116/><T10/><D35/><U60/><E111/><V45/><F45/><W71/><G71/><T74/><D110/><U115/><E115/><N who="3" m="44074" /><G108/><T44/><D131/><U33/><E130/><V7/><F129/><W21/><G94/><T55/><D55/><N who="1" m="33823" /><E134/><V128/><F128/><W85/><G85/><T87/><D106/><U133/><E133/><V20/><F7/><W68/><G68/><T119/><D107/><U62/><E33/><V101/><F101/><W84/><G84/><T105/><D105/><U5/><E62/><V52/><REACH who="2" step="1"/><F20/><REACH who="2" ten="184,298,284,224" step="2"/><W19/><G102/><T117/><D117/><U95/><E103/><V15/><F15/><N who="3" m="7271" /><G6/><T57/><D119/><U91/><E5/><V66/><F66/><W26/><AGARI ba="0,1" hai="19,21,26,38,39,43,46,48" m="7271,44074" machi="26" ten="30,4000,0" yaku="11,1,52,1,54,1" doraHai="47" who="3" fromWho="3" sc="184,-10,298,-10,284,-20,224,50" /><INIT seed="3,0,0,2,4,11" ten="174,288,264,274" oya="3" hai0="101,89,26,44,71,37,5,116,102,70,92,59,38" hai1="31,104,65,73,97,33,109,121,10,57,118,123,72" hai2="87,84,130,51,77,83,9,107,13,25,17,8,111" hai3="133,99,63,22,82,134,0,131,6,105,61,93,14"/><W88/><G131/><T135/><D116/><U80/><E109/><V16/><F130/><W43/><G0/><T56/><D135/><N who="3" m="51721" /><G43/><T129/><D129/><U7/><E118/><V40/><F107/><W46/><G46/><T66/><D5/><U95/><E57/><V103/><F111/><W98/><G82/><T58/><D26/><N who="1" m="18679" /><E65/><V1/><F103/><N who="3" m="62711" /><G22/><T122/><D122/><N who="1" m="46603" /><E95/><V36/><F36/><W86/><G86/><T68/><D66/><U74/><E80/><V50/><F87/><W3/><G3/><T69/><N who="0" m="17408" /><DORA hai="124" /><T52/><D37/><U115/><E115/><V64/><F64/><W39/><G39/><T54/><D38/><U117/><E72/><V34/><F1/><W128/><G128/><T30/><D30/><U127/><E127/><V132/><F132/><W4/><G14/><T45/><D89/><U62/><E73/><V2/><F40/><W125/><G125/><T113/><D113/><U91/><E74/><V96/><F96/><W78/><G78/><T85/><D85/><U106/><E97/><V29/><F2/><W94/><G93/><T81/><D81/><U28/><E104/><V41/><F41/><W47/><G47/><N who="0" m="17995" /><D92/><U20/><E106/><V126/><F126/><W12/><G4/><T114/><D114/><U100/><E7/><V48/><F48/><W67/><G67/><T76/><D76/><U49/><E117/><V15/><AGARI ba="0,0" hai="8,9,13,15,16,17,25,29,34,50,51,77,83,84" machi="15" ten="30,8000,1" yaku="0,1,9,1,52,2,54,1" doraHai="11,124" who="2" fromWho="2" sc="174,-20,288,-20,264,80,274,-40" owari="154,-34.6,268,6.8,344,44.4,234,-16.6" /></mjloggm>