<mjloggm ver="2.3"><GO type="225" lobby="0"/><UN n0="%E8%83%83%E3%81%A8%E8%85%B8" n1="%E5%B0%8F%E9%B3%A5%E9%81%8A%E7%B7%B4%E7%84%A1%32%31%E6%AD%B3" n2="%E3%82%B2%E3%82%B9%E8%8C%82%E5%8B%9D" n3="%72%69%6F%75%63%68%61%6E" dan="17,16,16,16" rate="2215.35,2171.33,2049.71,2159.13" sx="M,F,F,M"/><TAIKYOKU oya="0"/><INIT seed="0,0,0,4,3,11" ten="250,250,250,250" oya="0" hai0="113,2,117,16,60,91,71,135,97,1,40,134,84" hai1="8,33,55,19,101,132,30,57,41,50,7,34,15" hai2="80,23,0,76,17,36,45,116,27,6,52,66,53" hai3="109,103,128,112,85,26,123,88,18,29,51,118,95"/><T92/><D113/><U83/><E132/><N who="0" m="50729" /><D117/><U79/><E101/><V93/><F116/><W68/><G118/><T43/><D97/><U25/><E41/><N who="0" m="15945" /><D16/><U28/><E28/><V99/><F36/><W110/><G128/><T124/><D124/><U14/><E25/><V96/><F66/><AGARI ba="0,0" hai="1,2,60,66,71,84,91,92" m="15945,50729" machi="66" ten="30,1500,0" yaku="20,1" doraHai="11" who="0" fromWho="2" sc="250,15,250,0,250,-15,250,0" /><INIT seed="0,1,0,1,2,122" ten="265,250,235,250" oya="0" hai0="77,40,106,3,92,113,58,117,11,72,33,54,0" hai1="111,112,118,83,67,28,7,27,128,35,14,102,63" hai2="101,31,38,66,130,107,9,39,105,8,50,78,45" hai3="19,49,21,96,123,74,121,47,46,94,57,134,129"/><T69/><D106/><U36/><E118/><V32/><F78/><W44/><G129/><T26/><D117/><U4/><E128/><V95/><F95/><W100/><G134/><T103/><D113/><U93/><E112/><V51/><F66/><W125/><G125/><T16/><D69/><U120/><E36/><V48/><F130/><W34/><G34/><T86/><D40/><U29/><E29/><V59/><F59/><W12/><REACH who="3" step="1"/><G74/><REACH who="3" ten="265,250,235,240" step="2"/><T37/><D72/><U43/><E35/><V55/><F32/><W132/><G132/><T99/><D33/><U23/><E120/><V131/><F131/><W126/><G126/><T124/><D124/><U79/><E4/><V119/><F119/><W98/><G98/><T10/><D3/><U127/><E7/><V22/><F107/><W114/><G114/><T90/><D0/><U81/><E127/><V68/><F105/><W64/><G64/><T13/><D37/><U133/><E67/><V85/><F38/><W110/><G110/><T41/><D41/><U116/><E111/><V1/><F39/><W52/><AGARI ba="1,1" hai="12,19,21,44,46,47,49,52,57,94,96,100,121,123" machi="52" ten="30,7900,0" yaku="1,1,0,1,54,1,53,1" doraHai="122" doraHaiUra="17" who="3" fromWho="3" sc="265,-40,250,-21,235,-21,240,92" /><INIT seed="1,0,0,1,1,111" ten="225,229,214,332" oya="1" hai0="28,19,109,113,74,60,30,68,112,7,8,80,54" hai1="23,124,16,24,114,36,50,31,12,83,39,134,120" hai2="88,133,123,9,5,78,106,43,105,69,58,66,118" hai3="3,51,97,94,47,2,121,25,131,129,33,35,71"/><U128/><E120/><V91/><F123/><W70/><G121/><T93/><D109/><U22/><E128/><N who="3" m="49226" /><G25/><T17/><D93/><U87/><E134/><V41/><F118/><W59/><G59/><T135/><D135/><U77/><E124/><V21/><F133/><W104/><G104/><T45/><D68/><N who="3" m="26153" /><G51/><T1/><D60/><U99/><E99/><V107/><F69/><W4/><G47/><T89/><D89/><U90/><E90/><V37/><F78/><W0/><G4/><T15/><D54/><U125/><E125/><V56/><F105/><W92/><G92/><T63/><D63/><U14/><E50/><V116/><F116/><W27/><G27/><T29/><D45/><U65/><E65/><V67/><F5/><W38/><G38/><T103/><D103/><AGARI ba="0,0" hai="0,2,3,33,35,94,97,103" m="26153,49226" machi="103" ten="40,1300,0" yaku="19,1" doraHai="111" who="3" fromWho="0" sc="225,-13,229,0,214,0,332,13" /><INIT seed="2,0,0,0,0,47" ten="212,229,214,345" oya="2" hai0="112,121,11,86,62,119,88,28,65,7,125,20,105" hai1="82,79,97,40,109,91,78,72,102,9,2,32,95" hai2="35,120,33,83,134,49,27,99,76,85,31,59,29" hai3="26,129,74,111,94,133,117,93,64,60,54,24,39"/><V68/><F120/><W130/><G117/><T114/><D121/><U50/><E32/><V37/><F134/><W46/><G111/><T38/><D105/><U61/><E61/><V110/><F110/><W58/><G133/><T41/><D125/><U18/><E78/><V66/><F37/><W92/><G74/><T124/><D124/><U45/><E109/><V52/><F99/><W56/><G46/><T13/><D119/><U42/><E102/><V19/><F19/><W106/><G106/><T113/><D41/><U70/><E70/><V115/><F115/><W0/><G0/><T104/><D38/><U96/><E96/><V10/><F10/><W75/><G75/><T16/><D104/><U69/><E69/><V48/><F68/><W4/><G4/><T5/><D28/><U116/><E116/><V108/><F108/><W118/><G39/><T44/><D44/><U90/><E90/><V25/><REACH who="2" step="1"/><F66/><REACH who="2" ten="212,229,204,345" step="2"/><W126/><G118/><T15/><D7/><U43/><REACH who="1" step="1"/><E18/><REACH who="1" ten="212,219,204,345" step="2"/><V30/><F30/><W128/><G126/><T127/><D127/><U8/><E8/><V87/><F87/><W123/><G123/><T34/><D114/><U36/><E36/><V57/><F57/><W53/><G64/><T12/><D113/><U14/><E14/><V98/><F98/><W1/><G1/><N who="0" m="431" /><D112/><U22/><E22/><V101/><F101/><W80/><G58/><N who="0" m="37079" /><D34/><U100/><E100/><V3/><F3/><W84/><G56/><T135/><D135/><U122/><E122/><V21/><F21/><W63/><G84/><T17/><D20/><U6/><AGARI ba="0,2" hai="2,6,9,40,42,43,45,50,72,79,82,91,95,97" machi="6" ten="30,7900,0" yaku="1,1,5,1,0,1,52,1,53,0" doraHai="47" doraHaiUra="51" who="1" fromWho="1" sc="212,-20,219,99,204,-39,345,-20" /><INIT seed="3,0,0,4,0,93" ten="192,318,165,325" oya="3" hai0="26,10,109,129,114,32,123,34,18,27,87,124,36" hai1="58,61,53,119,60,59,84,76,14,102,88,23,43" hai2="20,101,45,49,100,6,15,107,52,67,106,128,111" hai3="22,73,30,11,8,41,46,130,63,99,105,2,57"/><W75/><G130/><T17/><D36/><U54/><E119/><V5/><F128/><W0/><G0/><T44/><D44/><U7/><E102/><V98/><F111/><W132/><G132/><T66/><D66/><U77/><E43/><V1/><F1/><W90/><G2/><T21/><D87/><U70/><E70/><V121/><F121/><W120/><G120/><T25/><D123/><U65/><E65/><V83/><F67/><N who="3" m="39407" /><G73/><T47/><D47/><U133/><E133/><V37/><F37/><W126/><G105/><T39/><D39/><U28/><E28/><V86/><F100/><W117/><G75/><T113/><D129/><U24/><E24/><N who="0" m="9321" /><D109/><U48/><E61/><V29/><F107/><W4/><G126/><T9/><D124/><U12/><E23/><V69/><F69/><W72/><G72/><T104/><D104/><U135/><E135/><V92/><F106/><W71/><G71/><T115/><D18/><U89/><E89/><N who="2" m="51423" /><F29/><W82/><G117/><T35/><AGARI ba="0,0" hai="9,10,17,21,27,32,34,35,113,114,115" m="9321" machi="35" ten="40,5200,0" yaku="11,1,34,2" doraHai="93" who="0" fromWho="0" sc="192,52,318,-13,165,-13,325,-26" owari="244,-15.6,305,40.5,152,-34.8,299,9.9" /></mjloggm>