<mjloggm ver="2.3"><GO type="225" lobby="0"/><UN n0="%E3%81%B5%E3%81%98%E3%81%8B%E3%81%A4" n1="%72%69%6F%75%63%68%61%6E" n2="%72%61%6B%33" n3="%E3%83%89%E3%83%A9%E3%81%8F%E3%82%8C" dan="16,16,16,16" rate="2172.26,2150.79,2099.62,2171.10" sx="M,M,M,M"/><TAIKYOKU oya="0"/><INIT seed="0,0,0,0,0,72" ten="250,250,250,250" oya="0" hai0="84,47,135,122,120,94,22,46,58,41,53,0,115" hai1="7,105,88,17,48,57,43,132,79,35,39,37,2" hai2="42,70,131,61,93,91,109,65,97,52,123,26,111" hai3="77,40,90,19,110,60,20,15,104,14,87,134,85"/><T99/><D115/><U100/><E35/><V24/><F123/><W29/><G110/><N who="2" m="41993" /><F131/><W75/><G134/><T68/><D68/><U113/><E132/><V117/><F117/><W10/><G104/><T66/><D0/><U54/><E113/><V129/><F129/><W56/><G40/><T49/><D135/><U28/><E28/><V33/><F33/><W16/><G29/><T9/><D47/><U82/><E43/><V126/><F126/><W45/><G45/><T59/><D84/><U116/><E116/><V106/><F42/><W71/><G71/><T89/><D9/><U38/><E17/><V119/><F119/><W44/><G44/><T21/><D122/><U108/><E108/><V32/><F32/><W64/><REACH who="3" step="1"/><G90/><REACH who="3" ten="250,250,250,240" step="2"/><T76/><D120/><U73/><E88/><V31/><F31/><W1/><G1/><T74/><D59/><U3/><REACH who="1" step="1"/><E7/><REACH who="1" ten="250,240,250,240" step="2"/><V25/><F91/><W112/><G112/><T102/><D89/><U18/><E18/><V107/><F106/><W34/><G34/><T51/><REACH who="0" step="1"/><D66/><REACH who="0" ten="240,240,250,240" step="2"/><U78/><E78/><V50/><F65/><W96/><G96/><AGARI ba="0,3" hai="2,3,37,38,39,48,54,57,73,79,82,96,100,105" machi="96" ten="40,2600,0" yaku="1,1,52,1,53,0" doraHai="72" doraHaiUra="121" who="1" fromWho="3" sc="240,0,240,56,250,0,240,-26" /><INIT seed="1,0,0,5,2,11" ten="240,296,250,214" oya="1" hai0="51,53,55,61,18,9,48,80,113,13,84,75,60" hai1="20,67,63,37,122,0,109,65,104,73,44,3,68" hai2="118,90,108,81,110,28,32,27,22,125,100,111,5" hai3="70,82,126,103,74,102,78,46,47,69,127,25,77"/><U106/><E122/><V31/><F100/><W2/><G25/><T85/><D113/><U135/><E135/><V41/><F41/><W87/><G2/><N who="1" m="554" /><E20/><V43/><F43/><W10/><G10/><T59/><D75/><U120/><E120/><V29/><F118/><W76/><G74/><T4/><D4/><U56/><E56/><V24/><F125/><N who="3" m="47627" /><G87/><T117/><D117/><U19/><E19/><N who="2" m="12383" /><F81/><W72/><G82/><T83/><D83/><U36/><E44/><N who="3" m="16938" /><G72/><T128/><D128/><U131/><E131/><V23/><F90/><W58/><G58/><N who="0" m="33087" /><D85/><U71/><E109/><V34/><F5/><W105/><G105/><N who="1" m="40554" /><E73/><V42/><F42/><W132/><G132/><T49/><D61/><AGARI ba="0,0" hai="36,37,61,63,65,67,68,71" m="40554,554" machi="61" ten="30,2900,0" yaku="33,2" doraHai="11" who="1" fromWho="0" sc="240,-29,296,29,250,0,214,0" /><INIT seed="1,1,0,2,5,103" ten="211,325,250,214" oya="1" hai0="125,105,82,134,52,42,10,38,12,50,135,113,15" hai1="19,108,21,84,59,3,83,80,88,128,18,76,121" hai2="95,90,117,119,4,62,44,36,130,116,67,54,107" hai3="13,106,79,73,60,75,71,51,47,122,31,40,70"/><U26/><E121/><V99/><F130/><W45/><G122/><T35/><D35/><U24/><E128/><V9/><F54/><W66/><G31/><T27/><D113/><U85/><E3/><V104/><F44/><W92/><G79/><T100/><D125/><U111/><REACH who="1" step="1"/><E59/><REACH who="1" ten="211,315,250,214" step="2"/><V114/><F114/><W98/><G71/><T127/><D127/><U91/><E91/><V74/><F36/><W56/><G70/><T14/><D38/><U109/><E109/><V34/><F34/><W17/><G47/><T49/><D135/><U97/><E97/><V30/><F74/><W57/><G56/><T93/><D134/><U115/><E115/><V43/><F90/><W118/><G118/><T41/><D10/><U22/><AGARI ba="1,1" hai="18,19,21,22,24,26,76,80,83,84,85,88,108,111" machi="22" ten="30,11700,0" yaku="1,1,0,1,9,1,54,1,53,0" doraHai="103" doraHaiUra="55" who="1" fromWho="1" sc="211,-40,315,130,250,-40,214,-40" /><INIT seed="1,2,0,4,2,79" ten="171,445,210,174" oya="1" hai0="18,31,92,135,133,127,46,106,7,119,61,26,66" hai1="59,112,51,74,34,15,17,121,131,64,110,50,48" hai2="57,30,105,102,28,89,114,38,10,72,78,94,87" hai3="98,113,37,83,6,52,77,8,23,134,76,71,132"/><U2/><E112/><V120/><F120/><W32/><G32/><T54/><D119/><U27/><E121/><V43/><F114/><W49/><G113/><T82/><D106/><U90/><E131/><V73/><F57/><W9/><G37/><T12/><D7/><U62/><E2/><V96/><F10/><W53/><G71/><T3/><D92/><U58/><E110/><V130/><F72/><W81/><G98/><T47/><D3/><U122/><E122/><V33/><F33/><W115/><G23/><N who="0" m="15839" /><D54/><U0/><E0/><V124/><F124/><W68/><G68/><T101/><D101/><U126/><E126/><V125/><F130/><W93/><G93/><T108/><D108/><U40/><E74/><V117/><F117/><W14/><G115/><T116/><D116/><U129/><E129/><V100/><F100/><W11/><G11/><N who="0" m="6431" /><D82/><N who="3" m="31241" /><G9/><T95/><D95/><U111/><E111/><V91/><F125/><W39/><G39/><T70/><D127/><U86/><E34/><V107/><F107/><W5/><G5/><T22/><D22/><U109/><E109/><V88/><F73/><W16/><G6/><T20/><D20/><U13/><E13/><V63/><F105/><W69/><G69/><T4/><D4/><U75/><E15/><V41/><F38/><W56/><G53/><T67/><D67/><U55/><E64/><V60/><F96/><W118/><G118/><T42/><D42/><N who="2" m="15882" /><F94/><W104/><G104/><T123/><D123/><U21/><E75/><V44/><F102/><W85/><G85/><T103/><D103/><U29/><E40/><RYUUKYOKU ba="2,0" sc="171,15,445,-15,210,-15,174,15" hai0="46,47,61,66,70,133,135" hai3="8,14,16,49,52,56,76,77,132,134" /><INIT seed="2,3,0,1,3,25" ten="186,430,195,189" oya="2" hai0="37,130,15,94,46,92,134,6,82,60,120,31,79" hai1="103,106,132,98,30,29,3,19,117,85,71,16,68" hai2="28,93,12,54,122,55,35,114,4,96,48,135,69" hai3="129,90,121,53,10,97,86,1,108,87,119,57,0"/><V50/><F114/><W105/><G121/><T100/><D120/><U7/><E117/><V88/><F122/><W61/><G119/><T34/><D134/><U123/><E123/><V133/><F69/><W8/><G108/><T26/><D130/><U41/><E41/><V125/><F125/><W104/><G129/><T112/><D112/><U74/><E74/><V111/><F111/><W49/><G87/><T109/><D109/><U118/><E118/><V75/><F75/><W66/><G66/><T59/><D100/><U115/><E115/><V81/><F81/><W84/><G97/><T78/><D37/><U67/><E132/><N who="2" m="50763" /><F12/><W22/><G86/><T23/><D46/><U65/><E71/><V9/><F50/><W58/><G0/><T113/><D113/><U64/><E68/><V101/><F101/><W89/><G1/><T73/><D79/><U43/><E43/><V36/><F36/><W24/><G90/><T45/><D45/><U32/><E32/><V77/><F77/><W70/><G70/><T39/><D39/><U131/><E131/><V116/><F116/><W52/><G105/><T83/><D83/><U99/><E103/><V40/><F40/><W17/><REACH who="3" step="1"/><G104/><REACH who="3" ten="186,430,195,179" step="2"/><T127/><D127/><U51/><E106/><V91/><F91/><W80/><AGARI ba="3,1" hai="8,10,17,22,24,49,52,53,57,58,61,80,84,89" machi="80" ten="20,12000,2" yaku="1,1,2,1,0,1,7,1,8,1,54,1,53,0" doraHai="25" doraHaiUra="11" who="3" fromWho="3" sc="186,-33,430,-33,195,-63,179,139" /><INIT seed="3,0,0,1,2,20" ten="153,397,132,318" oya="3" hai0="76,62,16,132,82,116,21,18,69,94,43,70,23" hai1="102,52,114,15,47,127,93,101,25,78,8,51,17" hai2="103,7,118,89,131,91,120,106,125,105,2,88,75" hai3="104,130,111,129,53,85,9,5,27,13,32,3,134"/><W56/><G104/><N who="2" m="40041" /><F7/><W57/><G134/><T22/><D132/><U35/><E114/><V135/><F2/><W115/><G115/><T133/><D116/><U50/><E35/><V109/><F135/><W95/><G111/><T72/><D133/><U39/><E39/><V54/><F54/><W44/><G44/><T86/><D43/><N who="1" m="24959" /><E127/><V42/><F42/><W66/><G66/><T99/><D86/><U45/><E78/><V31/><F31/><N who="3" m="19583" /><G3/><T4/><D4/><N who="1" m="3463" /><E93/><V37/><F37/><W96/><G85/><T6/><D6/><U73/><E73/><V67/><F67/><W40/><G53/><T1/><D1/><U112/><E112/><V79/><F118/><W124/><G40/><T36/><D36/><U46/><E46/><V61/><F125/><W64/><G64/><T19/><D62/><U24/><E24/><V123/><F61/><W41/><G41/><T30/><D30/><U55/><E52/><V48/><F48/><W0/><G0/><T108/><D108/><U29/><E29/><V81/><F109/><W126/><G124/><T68/><D94/><U34/><E34/><V71/><F71/><W33/><G33/><T110/><D110/><U59/><E45/><V80/><F131/><N who="3" m="50187" /><G126/><T63/><D63/><U11/><E25/><V77/><F103/><AGARI ba="0,0" hai="5,9,13,56,57,95,96,103" m="50187,19583" machi="103" ten="30,2900,0" yaku="19,1,52,1" doraHai="20" who="3" fromWho="2" sc="153,0,397,0,132,-29,318,29" /><INIT seed="3,1,0,3,0,98" ten="153,397,103,347" oya="3" hai0="71,127,61,103,75,10,39,119,0,100,64,93,11" hai1="34,97,88,78,110,66,8,134,40,114,68,12,36" hai2="72,79,47,45,17,122,128,108,55,101,118,15,81" hai3="1,22,21,125,4,121,92,82,35,90,120,14,52"/><W105/><G125/><T51/><D119/><U31/><E114/><V80/><F118/><W26/><G105/><T27/><D127/><U74/><E110/><V20/><F108/><W85/><G35/><T131/><D75/><U95/><E134/><V65/><F128/><W83/><G1/><T53/><D39/><U86/><E74/><V9/><F122/><W102/><G121/><T58/><D11/><U19/><E68/><V123/><F123/><W30/><G120/><T96/><D131/><U37/><E66/><V41/><F65/><W69/><G69/><T135/><D135/><U33/><E40/><V124/><F124/><W56/><G102/><T6/><D27/><U3/><E3/><V57/><F81/><W70/><G70/><T77/><D77/><U67/><E67/><V62/><F41/><W126/><G126/><T13/><D0/><U73/><E73/><V112/><F112/><W54/><G54/><T133/><D133/><U99/><E99/><V130/><F130/><W32/><G32/><T7/><D103/><U87/><E33/><V129/><F129/><W46/><G46/><T50/><D50/><U94/><E78/><V44/><F9/><N who="3" m="4391" /><G22/><T16/><AGARI ba="1,0" hai="6,7,10,13,16,51,53,58,61,64,71,93,96,100" machi="16" ten="20,5200,0" yaku="0,1,7,1,52,1,54,1" doraHai="98" who="0" fromWho="0" sc="153,55,397,-14,103,-14,347,-27" owari="208,-19.2,383,48.3,89,-41.1,320,12.0" /></mjloggm>