<mjloggm ver="2.3"><GO type="225" lobby="0"/><UN n0="%4C%4F%4C%49%54%41" n1="%E7%89%B9%E6%9D%B1%E3%81%AF%E4%B8%96%E7%95%8C%E3%82%92%E6%95%91%E3%81%86" n2="%E8%A6%9A%E9%86%92%E3%81%97%E3%81%9F%E3%81%A8%E3%81%BE%E3%81%A8" n3="%E3%81%A1%E3%82%85%E3%81%86%E3%81%A9%E3%81%8F%E8%B1%A1%E3%81%95%E3%82%93" dan="16,16,18,16" rate="2175.62,2157.25,2238.16,2168.46" sx="F,M,M,M"/><TAIKYOKU oya="0"/><INIT seed="0,0,0,2,0,26" ten="250,250,250,250" oya="0" hai0="51,95,98,34,114,52,36,54,45,17,27,106,89" hai1="83,125,65,64,48,112,9,109,132,90,134,126,108" hai2="129,100,69,58,32,56,79,35,31,3,44,113,105" hai3="18,21,118,28,115,15,88,66,128,94,11,102,116"/><T1/><D114/><U29/><E9/><V68/><F113/><W25/><G115/><T123/><D123/><U119/><E90/><V4/><F79/><W96/><G128/><T127/><D1/><U55/><E29/><V117/><F129/><W23/><G66/><N who="1" m="25706" /><E119/><V131/><F44/><W30/><G102/><T59/><D127/><N who="1" m="48651" /><E83/><V97/><F131/><W130/><G130/><T73/><D73/><U63/><E63/><V99/><F117/><W16/><G30/><T6/><D6/><U2/><E2/><V122/><F31/><W93/><G93/><T76/><D76/><U43/><E43/><V121/><F3/><W40/><G40/><T84/><D106/><U103/><E103/><V133/><F100/><W70/><G70/><T71/><D71/><U42/><E42/><V74/><F4/><W37/><G37/><T135/><D36/><U13/><E13/><AGARI ba="0,0" hai="11,13,15,16,18,21,23,25,28,88,94,96,116,118" machi="13" ten="30,7700,0" yaku="7,1,52,1,54,2" doraHai="26" who="3" fromWho="1" sc="250,0,250,-77,250,0,250,77" /><INIT seed="1,0,0,1,0,113" ten="250,173,250,327" oya="1" hai0="53,96,121,131,35,29,9,85,89,81,20,0,5" hai1="48,129,90,45,46,30,37,66,67,19,99,55,92" hai2="18,76,98,87,63,15,31,133,47,25,100,54,42" hai3="13,74,128,83,38,14,6,79,10,108,61,111,36"/><U3/><E129/><V71/><F133/><W86/><G128/><T103/><D131/><U114/><E114/><V58/><F71/><W21/><G61/><T93/><D121/><U32/><E3/><V22/><F87/><W105/><G105/><T4/><D4/><U69/><E69/><V95/><F76/><W16/><REACH who="3" step="1"/><G74/><REACH who="3" ten="250,173,250,317" step="2"/><T84/><D85/><U17/><E67/><V78/><F78/><W127/><G127/><T62/><D62/><U70/><E66/><V119/><F119/><W40/><G40/><T28/><D53/><U112/><E112/><V11/><F42/><W123/><G123/><T52/><D52/><U1/><E55/><V135/><F135/><W73/><G73/><T27/><REACH who="0" step="1"/><D35/><REACH who="0" ten="240,173,250,317" step="2"/><U43/><E32/><V41/><F41/><W125/><G125/><T23/><D23/><U26/><E43/><V126/><F126/><W102/><G102/><T122/><D122/><U50/><E37/><AGARI ba="0,2" hai="6,10,13,14,16,21,36,37,38,79,83,86,108,111" machi="37" ten="40,2600,0" yaku="1,1,54,1,53,0" doraHai="113" doraHaiUra="104" who="3" fromWho="1" sc="240,0,173,-26,250,0,317,46" /><INIT seed="2,0,0,1,4,8" ten="240,147,250,363" oya="2" hai0="14,42,102,7,119,106,123,87,62,126,92,132,96" hai1="38,57,49,133,108,101,86,32,130,112,60,1,71" hai2="63,76,124,135,80,74,93,75,4,78,110,89,107" hai3="45,31,52,56,120,81,113,19,27,90,28,46,73"/><V0/><F4/><W72/><G120/><T5/><D123/><U16/><E112/><V121/><F0/><W12/><G113/><T44/><D132/><U36/><E1/><V22/><F121/><W115/><G115/><T111/><D111/><U95/><E32/><V128/><F135/><W125/><G125/><T39/><D126/><U26/><E133/><V77/><F124/><W66/><G66/><T61/><D119/><U25/><E108/><V35/><F35/><W91/><G28/><T11/><REACH who="0" step="1"/><D5/><REACH who="0" ten="230,147,250,363" step="2"/><U40/><E130/><V9/><F110/><W131/><G131/><T10/><D10/><U116/><E116/><V41/><F9/><W104/><G72/><T17/><D17/><U54/><E36/><V67/><F74/><W47/><G73/><T97/><D97/><N who="1" m="59583" /><E38/><V83/><F75/><W43/><G19/><T68/><D68/><U33/><E33/><V29/><F128/><W30/><G31/><T69/><D69/><U6/><E71/><V18/><F29/><W127/><G30/><T15/><D15/><U59/><E6/><V2/><F2/><W24/><G127/><T88/><AGARI ba="0,1" hai="7,11,14,39,42,44,61,62,87,88,92,96,102,106" machi="88" ten="30,8000,1" yaku="1,1,0,1,52,1,54,1,53,1" doraHai="8" doraHaiUra="37" who="0" fromWho="0" sc="230,90,147,-20,250,-40,363,-20" /><INIT seed="3,0,0,4,0,80" ten="320,127,210,343" oya="3" hai0="95,72,42,67,5,71,34,79,25,3,29,89,7" hai1="0,68,26,114,1,57,19,39,48,101,103,127,81" hai2="33,12,132,37,46,45,13,56,102,124,96,129,14" hai3="107,115,31,131,52,60,23,134,66,105,62,75,54"/><W76/><G115/><T82/><D3/><U126/><E39/><V104/><F33/><W55/><G131/><T97/><D42/><U78/><E68/><V30/><F30/><W135/><G76/><T121/><REACH who="0" step="1"/><D121/><REACH who="0" ten="310,127,210,343" step="2"/><U69/><E114/><V128/><F129/><W8/><G75/><T28/><D28/><U113/><E113/><V11/><F128/><W4/><G31/><T99/><D99/><U16/><E69/><V58/><F132/><N who="3" m="50731" /><G23/><T20/><D20/><U130/><E130/><V10/><F124/><W15/><G60/><AGARI ba="0,1" hai="5,7,25,29,34,60,67,71,72,79,82,89,95,97" machi="60" ten="40,1300,0" yaku="1,1,53,0" doraHai="80" doraHaiUra="17" who="0" fromWho="3" sc="310,23,127,0,210,0,343,-13" owari="333,43.3,127,-37.3,210,-19.0,330,13.0" /></mjloggm>