<mjloggm ver="2.3"><GO type="225" lobby="0"/><UN n0="%6D%75%75%6D%75%72%61" n1="%61%69%73%79%6F" n2="%E6%A0%B9%E5%85%83%E3%81%8B%E3%82%89%E5%90%B9%E3%81%A3%E9%A3%9B%E3%81%B6" n3="%72%69%6F%75%63%68%61%6E" dan="16,17,17,17" rate="2190.65,2187.76,2203.29,2179.14" sx="F,M,F,M"/><TAIKYOKU oya="0"/><INIT seed="0,0,0,3,3,68" ten="250,250,250,250" oya="0" hai0="83,122,82,44,58,3,6,39,67,118,112,11,99" hai1="53,35,88,32,40,98,42,124,93,33,85,31,110" hai2="134,94,36,101,21,114,24,52,135,80,79,129,17" hai3="38,28,49,55,111,86,7,54,115,15,119,97,126"/><T64/><D112/><U84/><E110/><V65/><F114/><W92/><G115/><T104/><D118/><U62/><E124/><V71/><F129/><W116/><G111/><T37/><D122/><U123/><E123/><V127/><F127/><W113/><G113/><T46/><D104/><U77/><E31/><V133/><F65/><W41/><G126/><T96/><D58/><U50/><E62/><V10/><F71/><W89/><G28/><T73/><D11/><U0/><E0/><V109/><F109/><W60/><G60/><T63/><D63/><U51/><E51/><V8/><F36/><W75/><G75/><T72/><D3/><U132/><E132/><V102/><F52/><W121/><G121/><T76/><D76/><U95/><E77/><V100/><REACH who="2" step="1"/><F94/><REACH who="2" ten="250,250,240,250" step="2"/><N who="3" m="54583" /><G54/><T13/><D13/><U91/><REACH who="1" step="1"/><E98/><REACH who="1" ten="250,240,240,250" step="2"/><V12/><F12/><W27/><G15/><T81/><D37/><U47/><AGARI ba="0,2" hai="32,33,35,40,42,47,50,53,84,85,88,91,93,95" machi="47" ten="30,8000,1" yaku="1,1,2,1,0,1,9,1,54,1,53,0" doraHai="68" doraHaiUra="26" who="1" fromWho="1" sc="250,-40,240,100,240,-20,250,-20" /><INIT seed="1,0,0,0,2,104" ten="210,340,220,230" oya="1" hai0="75,23,13,1,95,127,77,26,35,114,109,44,68" hai1="113,28,66,87,24,11,99,112,34,103,133,129,130" hai2="115,76,72,64,84,9,117,108,22,50,6,118,48" hai3="107,39,10,91,4,56,70,63,97,61,0,105,49"/><U60/><E133/><V33/><F33/><W57/><G39/><T41/><D1/><U31/><E31/><V120/><F120/><W80/><G70/><T32/><D114/><U3/><E87/><V96/><F115/><W30/><G30/><T14/><D109/><U81/><E81/><N who="2" m="47143" /><F72/><W19/><G49/><N who="2" m="19049" /><F64/><W78/><G19/><T74/><D68/><N who="1" m="42055" /><E11/><V106/><F22/><W100/><G107/><T82/><D127/><U52/><E52/><V124/><F124/><W25/><G25/><T62/><D75/><U65/><E65/><V16/><F6/><W15/><G0/><T134/><D134/><U132/><E3/><V101/><F108/><W40/><G40/><T59/><D32/><U92/><E132/><V125/><F125/><W54/><G91/><T102/><D35/><U51/><E51/><V43/><F43/><W89/><G89/><T55/><D44/><U53/><E53/><V110/><F110/><W38/><G38/><T79/><D41/><U69/><E69/><V94/><F94/><W2/><G2/><T85/><D79/><U121/><E121/><V123/><F123/><W58/><REACH who="3" step="1"/><G61/><REACH who="3" ten="210,340,220,220" step="2"/><T7/><D7/><U119/><E113/><V37/><F37/><W46/><G46/><T18/><REACH who="0" step="1"/><D102/><REACH who="0" ten="200,340,220,220" step="2"/><U93/><E112/><V17/><F101/><W126/><G126/><T42/><D42/><U116/><E103/><V98/><F118/><W83/><G83/><T12/><D12/><U135/><E135/><V73/><F117/><N who="1" m="45129" /><E93/><V67/><F106/><W8/><G8/><T86/><D86/><AGARI ba="0,2" hai="4,10,15,54,56,57,58,63,78,80,86,97,100,105" machi="86" ten="30,2000,0" yaku="1,1,7,1,53,0" doraHai="104" doraHaiUra="88" who="3" fromWho="0" sc="200,-20,340,0,220,0,220,40" /><INIT seed="2,0,0,4,4,36" ten="180,340,220,260" oya="2" hai0="96,119,22,127,47,78,39,126,68,38,92,49,99" hai1="107,15,41,74,4,98,11,6,52,128,115,37,108" hai2="8,59,70,101,53,129,20,106,93,121,71,55,50" hai3="46,125,25,85,124,48,100,134,51,56,1,60,97"/><V35/><F35/><W120/><G120/><T102/><D68/><U2/><E115/><V73/><F121/><W89/><G1/><T94/><D78/><U76/><E108/><V79/><F129/><W43/><G134/><T91/><D119/><U135/><E135/><V61/><F106/><W63/><G25/><T80/><D80/><U86/><E74/><V40/><F8/><W123/><G123/><T132/><D132/><U14/><E6/><V133/><F133/><W116/><G116/><T118/><D118/><U64/><E64/><V105/><F105/><N who="3" m="63631" /><G51/><T109/><D109/><U31/><E31/><V88/><F101/><W0/><G56/><T122/><D122/><U32/><E32/><V28/><F55/><W75/><G0/><T21/><D38/><U42/><E52/><V17/><F28/><W33/><G75/><T84/><D96/><U45/><E41/><V3/><F3/><W65/><G65/><T67/><D39/><U114/><E114/><V7/><F50/><W111/><G33/><T82/><D94/><U69/><E69/><V90/><F40/><W95/><G111/><T9/><D67/><U113/><E128/><V18/><F71/><W131/><G131/><T103/><D103/><N who="1" m="62967" /><E113/><V29/><F70/><W16/><G16/><N who="2" m="6249" /><F7/><W54/><G54/><N who="0" m="30015" /><D9/><U44/><E44/><V58/><F58/><W13/><G13/><T81/><D81/><N who="1" m="47399" /><E2/><V23/><F93/><W104/><G104/><T77/><D102/><U5/><E5/><V57/><F57/><W24/><G24/><T34/><D34/><U87/><E37/><V12/><F59/><RYUUKYOKU ba="0,0" sc="180,15,340,-15,220,-15,260,15" hai0="21,22,77,82,84,91,92,99,126,127" hai3="43,46,48,60,63,85,89,95,124,125" /><INIT seed="3,1,0,4,3,131" ten="195,325,205,275" oya="3" hai0="51,22,125,101,104,110,115,10,39,44,53,119,58" hai1="45,113,135,72,43,61,126,129,17,1,59,42,102" hai2="78,99,11,5,90,91,52,23,88,13,86,25,80" hai3="124,16,134,60,62,24,118,121,76,27,100,132,66"/><W41/><G118/><T3/><D119/><U31/><E1/><V112/><F112/><W120/><G124/><T19/><D125/><U37/><E72/><V63/><F63/><W114/><G114/><T57/><D115/><U12/><E31/><V21/><F52/><W64/><G100/><T128/><D128/><U47/><E102/><V40/><F40/><W105/><G41/><T77/><D110/><U109/><E109/><V75/><F75/><W49/><G49/><T9/><D77/><U111/><E111/><V28/><F23/><W103/><G103/><T0/><D0/><U30/><E30/><V95/><AGARI ba="1,0" hai="5,11,13,21,25,28,78,80,86,88,90,91,95,99" machi="95" ten="30,4000,0" yaku="0,1,8,1,54,1" doraHai="131" who="2" fromWho="2" sc="195,-11,325,-11,205,43,275,-21" owari="184,-31.6,314,41.4,248,-15.2,254,5.4" /></mjloggm>