<mjloggm ver="2.3"><GO type="225" lobby="0"/><UN n0="%65%6B%61%72%75%74%65" n1="%E6%97%A5%E6%9B%9C%E6%97%A5%E3%82%88%E3%82%8A%E3%81%AE%E4%BD%BF%E8%80%85" n2="%E6%A1%9C%E8%8A%B1%E9%96%83%E3%80%85" n3="%E3%81%86%E3%81%A9%E3%82%93%E3%81%93" dan="16,17,16,16" rate="2152.78,2128.22,2221.53,2146.19" sx="M,M,M,M"/><TAIKYOKU oya="0"/><INIT seed="0,0,0,1,0,23" ten="250,250,250,250" oya="0" hai0="7,36,129,75,54,90,81,74,93,107,38,134,35" hai1="29,121,97,4,124,61,119,33,57,46,122,5,2" hai2="47,68,99,132,115,50,83,59,25,62,52,30,24" hai3="0,130,34,116,127,71,76,6,105,102,66,72,22"/><T42/><D107/><U10/><E119/><V28/><F115/><W69/><G34/><T110/><D35/><U111/><E111/><V21/><F132/><W95/><G105/><T43/><D134/><U32/><E124/><V40/><F68/><W84/><G72/><T60/><D7/><U51/><E97/><V63/><F99/><W82/><G127/><T113/><D113/><U11/><E33/><V112/><F112/><W96/><G130/><T126/><D126/><U19/><E19/><V108/><F108/><W73/><G116/><T123/><D54/><U78/><E78/><V17/><F25/><W55/><G55/><T103/><D60/><U8/><E8/><V15/><F83/><W98/><G98/><T41/><D103/><U56/><E56/><N who="2" m="35079" /><F15/><W117/><G117/><T65/><D81/><U86/><E32/><V106/><F106/><N who="3" m="63815" /><G66/><AGARI ba="0,0" hai="17,21,24,28,30,40,47,50,59,63,66" m="35079" machi="66" ten="30,3900,0" yaku="8,1,52,1,54,1" doraHai="23" who="2" fromWho="3" sc="250,0,250,0,250,39,250,-39" /><INIT seed="1,0,0,3,1,75" ten="250,250,289,211" oya="1" hai0="8,39,111,16,45,105,126,61,55,68,33,74,28" hai1="57,84,47,112,115,132,59,51,0,117,116,5,3" hai2="58,34,79,44,131,87,56,29,20,52,9,101,102" hai3="100,76,113,54,81,135,64,35,89,99,43,78,134"/><U91/><E132/><N who="3" m="50730" /><G113/><T25/><D111/><U94/><E115/><V88/><F131/><W41/><G35/><T95/><D105/><U125/><E112/><V6/><F34/><W70/><G54/><T49/><D126/><U26/><E125/><V121/><F121/><W69/><G89/><T40/><D74/><U71/><E71/><N who="3" m="27146" /><G64/><T32/><D95/><U96/><E116/><V82/><F44/><W1/><G1/><T21/><D8/><U36/><E117/><V67/><F67/><W31/><G31/><T42/><D42/><N who="3" m="15881" /><G81/><T98/><D28/><U127/><E127/><V66/><F66/><W48/><G48/><T62/><D68/><U85/><E0/><V123/><F58/><W24/><G24/><T128/><D33/><U13/><E26/><N who="2" m="16583" /><F88/><W90/><G90/><T65/><D32/><U7/><E3/><V130/><F82/><W10/><G10/><T108/><D65/><U12/><E59/><V30/><F52/><W114/><G114/><T80/><D80/><U110/><E57/><V129/><F56/><W73/><G73/><T104/><D55/><U120/><E51/><V11/><F30/><W83/><G83/><T92/><D49/><U60/><E47/><V50/><F11/><W86/><G86/><T18/><D40/><U93/><E85/><V53/><F50/><W119/><G119/><T122/><D45/><U63/><E84/><V46/><F46/><W109/><G109/><T103/><D108/><U15/><E110/><V22/><F87/><W19/><G19/><T14/><D18/><U27/><E91/><V17/><F17/><RYUUKYOKU ba="0,0" sc="250,-10,250,-10,289,-10,211,30" hai3="76,78,99,100" /><INIT seed="2,1,0,2,2,5" ten="240,240,279,241" oya="2" hai0="32,38,7,73,131,109,70,52,105,128,50,79,28" hai1="65,64,98,46,30,53,123,97,68,61,8,103,88" hai2="124,84,15,67,129,94,127,48,9,74,0,87,4" hai3="114,19,110,47,72,21,118,86,13,82,83,69,25"/><V31/><F74/><W100/><G118/><T16/><D109/><U44/><E123/><V60/><F129/><N who="0" m="49738" /><D70/><U92/><E30/><V57/><F31/><W51/><G69/><T116/><D38/><U111/><E111/><V54/><F0/><W43/><G110/><T39/><D39/><U27/><E27/><V33/><F33/><W42/><G114/><T23/><D105/><U132/><E132/><V35/><F35/><W117/><G117/><T119/><D7/><U17/><E64/><V121/><F121/><W10/><G72/><T78/><D28/><U3/><E53/><V115/><F115/><W112/><G112/><T134/><D32/><U1/><E1/><V81/><F94/><W14/><G100/><T113/><D134/><U101/><E101/><V76/><REACH who="2" step="1"/><F84/><REACH who="2" ten="240,240,269,241" step="2"/><W120/><G120/><T95/><D113/><U6/><REACH who="1" step="1"/><E17/><REACH who="1" ten="240,230,269,241" step="2"/><V56/><AGARI ba="1,2" hai="4,9,15,48,54,56,57,60,67,76,81,87,124,127" machi="56" ten="30,11700,0" yaku="1,1,2,1,0,1,52,1,53,0" doraHai="5" doraHaiUra="106" who="2" fromWho="2" sc="240,-40,230,-40,269,140,241,-40" /><INIT seed="2,2,0,5,3,133" ten="200,190,409,201" oya="2" hai0="7,21,130,2,96,58,81,117,104,5,73,71,17" hai1="101,44,49,120,93,61,50,127,55,30,8,103,18" hai2="14,68,69,72,82,94,54,88,111,135,31,106,102" hai3="116,110,19,84,124,34,3,113,26,90,70,16,59"/><V0/><F0/><W129/><G70/><T98/><D71/><U119/><E119/><V22/><F135/><W39/><G116/><T86/><D73/><U95/><E120/><V63/><F111/><W80/><G39/><T79/><D130/><U32/><E32/><V99/><F54/><W51/><G3/><T107/><D117/><U60/><E30/><V105/><F105/><W125/><G110/><T131/><D131/><U122/><E122/><V114/><F114/><W76/><G129/><T6/><D2/><U78/><E78/><N who="2" m="44359" /><F63/><N who="1" m="24137" /><E127/><N who="3" m="48714" /><G113/><T64/><D104/><U108/><E108/><V10/><F22/><W77/><G34/><T67/><D58/><N who="1" m="33135" /><E8/><V38/><F31/><W65/><G26/><N who="0" m="14639" /><D107/><U47/><E18/><N who="3" m="6698" /><G65/><AGARI ba="2,0" hai="5,6,7,64,65,67,79,81,86,96,98" m="14639" machi="65" ten="30,1000,0" yaku="8,1" doraHai="133" who="0" fromWho="3" sc="200,16,190,0,409,0,201,-16" /><INIT seed="3,0,0,3,4,131" ten="216,190,409,185" oya="3" hai0="133,20,25,94,115,80,66,39,90,126,46,107,132" hai1="65,9,104,37,105,101,28,49,27,6,112,12,33" hai2="106,62,82,135,102,75,79,51,29,7,8,24,44" hai3="21,42,129,77,32,70,108,3,5,130,40,0,63"/><W2/><G32/><T121/><D121/><U103/><E37/><V119/><F135/><N who="0" m="51786" /><D107/><U81/><E112/><V86/><F119/><W99/><G5/><T57/><D80/><U93/><E65/><V56/><F75/><W128/><G77/><T14/><D14/><U11/><E49/><V125/><F125/><W124/><G124/><T4/><D4/><U110/><E110/><V76/><F76/><W36/><G36/><T48/><D39/><U52/><E81/><V122/><F102/><W74/><G74/><T10/><D10/><U98/><E103/><V41/><F106/><W38/><G38/><T91/><D94/><U127/><E127/><V73/><F122/><W16/><G108/><T72/><D72/><U22/><E11/><V47/><F73/><W120/><G120/><T116/><D116/><U55/><E105/><V100/><F100/><W59/><G99/><T64/><D57/><U97/><E104/><V17/><F8/><W114/><G70/><T58/><D58/><U15/><E98/><V19/><F7/><W34/><G34/><T13/><D13/><U78/><E78/><V43/><F56/><W45/><G45/><T1/><D1/><N who="3" m="257" /><W71/><DORA hai="60" /><G71/><T117/><D115/><U87/><E87/><V123/><F123/><W113/><G113/><T53/><D117/><U67/><E67/><N who="0" m="25641" /><D126/><U84/><E84/><V111/><F111/><W92/><G92/><T89/><D91/><U83/><E83/><V30/><F82/><W23/><G114/><T61/><D61/><U109/><E109/><V85/><F79/><W26/><G23/><RYUUKYOKU ba="0,0" sc="216,10,190,10,409,-30,185,10" hai0="20,25,46,48,53,89,90" hai1="6,9,12,15,22,27,28,33,52,55,93,97,101" hai3="16,21,26,40,42,59,63,128,129,130" /><INIT seed="3,1,0,4,5,98" ten="226,200,379,195" oya="3" hai0="133,54,18,135,100,43,42,117,4,63,26,12,16" hai1="23,30,6,124,134,5,66,78,105,120,109,59,35" hai2="89,127,36,119,10,8,11,57,130,110,79,21,91" hai3="102,47,40,67,111,99,129,22,113,9,25,41,44"/><W50/><G113/><T58/><D117/><U49/><E105/><V56/><F110/><W33/><G111/><T20/><D100/><U2/><E35/><V14/><F119/><W88/><G129/><T68/><D4/><U46/><E2/><V69/><F69/><W15/><G33/><T74/><D74/><U93/><E120/><V81/><F36/><W48/><G67/><T45/><D68/><U64/><E109/><V24/><F127/><W112/><G112/><T114/><D114/><U128/><E128/><V125/><F14/><W94/><G102/><T104/><D104/><U97/><E78/><V121/><F125/><W80/><G80/><T13/><D26/><N who="1" m="16735" /><E134/><N who="0" m="51209" /><D45/><U62/><E66/><V7/><F7/><W77/><G77/><T28/><D28/><U85/><E124/><V90/><F121/><W95/><G95/><T1/><D1/><U70/><E70/><V38/><F38/><W116/><G116/><T115/><D115/><U71/><E71/><V86/><F130/><W17/><G25/><T72/><D72/><U34/><E5/><V55/><F55/><W108/><G108/><T107/><D107/><U65/><E6/><V132/><F132/><W84/><G99/><T103/><D103/><U60/><E97/><V53/><F53/><W29/><G29/><AGARI ba="1,0" hai="8,10,11,21,24,29,56,57,79,81,86,89,90,91" machi="29" ten="40,1300,0" yaku="8,1" doraHai="98" who="2" fromWho="3" sc="226,0,200,0,379,16,195,-16" owari="226,2.6,200,-20.0,395,49.5,179,-32.1" /></mjloggm>