<mjloggm ver="2.3"><GO type="225" lobby="0"/><UN n0="%E3%81%8C%E3%81%9F" n1="%E6%A0%B9%E5%85%83%E3%81%8B%E3%82%89%E5%90%B9%E3%81%A3%E9%A3%9B%E3%81%B6" n2="%E9%B3%B3%E6%9D%B1%E3%81%AE%E3%81%86%E3%81%95%E3%81%8E%E3%81%95%E3%82%93" n3="%4C%4F%4C%49%54%41" dan="16,17,17,16" rate="2126.35,2205.39,2302.86,2147.98" sx="F,F,M,F"/><TAIKYOKU oya="0"/><INIT seed="0,0,0,1,5,116" ten="250,250,250,250" oya="0" hai0="15,113,46,67,81,97,93,50,2,95,36,5,20" hai1="125,103,129,106,101,131,29,58,42,127,91,33,61" hai2="134,48,30,109,133,105,7,71,87,74,59,108,118" hai3="13,0,78,96,115,10,49,99,47,90,66,19,34"/><T6/><D113/><U119/><E42/><V32/><F74/><W21/><G115/><T112/><D112/><U17/><E119/><V68/><F105/><W54/><G34/><T38/><D2/><U43/><E43/><V100/><F87/><W130/><G130/><N who="1" m="49674" /><E29/><V76/><F76/><W37/><G78/><T120/><D120/><U86/><E33/><V104/><F100/><N who="1" m="38473" /><E17/><V121/><F104/><W57/><G37/><T80/><D67/><N who="1" m="39351" /><E106/><V31/><F118/><W27/><G0/><T102/><D38/><U77/><E77/><V40/><F32/><W23/><G23/><T56/><D36/><U111/><E111/><V11/><F30/><W73/><G73/><T24/><D56/><U65/><E65/><V122/><F31/><W114/><G114/><T94/><D24/><U44/><E44/><N who="2" m="25607" /><F59/><W45/><G66/><T135/><D135/><N who="2" m="51722" /><F68/><W1/><G1/><T79/><D79/><U69/><E69/><V4/><F71/><W75/><G75/><T8/><D6/><N who="2" m="2090" /><F11/><W14/><G57/><T110/><D110/><AGARI ba="0,0" hai="108,109,110,121,122" m="2090,51722,25607" machi="110" ten="30,7700,0" yaku="14,1,20,1,52,2" doraHai="116" who="2" fromWho="0" sc="250,-77,250,0,250,77,250,0" /><INIT seed="1,0,0,1,0,0" ten="173,250,327,250" oya="1" hai0="60,91,118,46,87,50,30,9,6,97,68,78,132" hai1="131,92,111,105,38,31,134,36,25,82,61,42,90" hai2="84,99,106,113,114,41,125,18,24,123,115,52,112" hai3="135,119,62,110,59,88,103,3,20,76,48,8,79"/><U127/><E127/><V57/><F123/><W96/><G110/><T77/><D118/><U65/><E131/><V104/><F125/><W133/><G119/><T44/><D132/><N who="3" m="50761" /><G48/><T34/><D97/><U26/><E105/><V120/><F120/><W49/><G49/><T107/><D107/><U101/><E111/><V63/><F41/><W71/><G71/><T80/><D34/><U124/><E101/><V122/><F122/><W121/><G20/><T32/><D32/><U21/><E42/><V14/><F99/><W100/><G100/><T7/><D30/><U58/><E124/><V10/><N who="2" m="28672" /><DORA hai="33" /><V56/><F84/><W47/><G47/><N who="0" m="17963" /><D68/><U129/><E129/><V117/><F117/><W74/><G74/><T1/><D1/><U22/><E82/><V28/><F56/><W40/><G40/><T85/><D60/><U126/><E126/><V51/><F63/><W27/><G27/><T98/><D9/><U109/><E109/><V93/><F93/><N who="3" m="56359" /><G103/><T37/><D37/><U130/><E130/><V67/><F67/><N who="3" m="39391" /><G121/><T12/><D50/><U70/><E70/><V94/><F94/><W23/><G23/><AGARI ba="0,0" hai="10,14,18,23,24,28,51,52,57,104,106" m="28672" machi="23" ten="70,4500,0" yaku="11,1,54,1" doraHai="0,33" who="2" fromWho="3" sc="173,0,250,0,327,45,250,-45" /><INIT seed="2,0,0,2,5,6" ten="173,250,372,205" oya="2" hai0="89,85,67,102,82,121,12,8,3,52,78,134,33" hai1="35,25,108,92,20,39,116,41,101,105,23,129,63" hai2="126,43,117,75,31,80,124,128,70,131,50,21,93" hai3="2,60,98,104,46,28,64,42,72,77,122,84,86"/><V103/><F70/><W90/><G122/><T40/><D121/><U73/><E108/><V66/><F66/><W10/><G28/><T4/><D33/><U83/><E129/><N who="2" m="49739" /><F43/><W58/><G104/><T11/><D134/><U97/><E35/><V120/><F50/><W53/><G98/><T79/><D67/><U13/><E116/><V114/><F31/><W9/><G64/><T99/><D40/><U19/><E63/><V54/><F21/><W37/><G90/><T95/><REACH who="0" step="1"/><D52/><REACH who="0" ten="163,250,372,205" step="2"/><U7/><E41/><V51/><F120/><W123/><G123/><T91/><D91/><U27/><E101/><V127/><F117/><W94/><G42/><T16/><AGARI ba="0,1" hai="3,4,8,11,12,16,78,79,82,85,89,95,99,102" machi="16" ten="20,12000,2" yaku="1,1,0,1,7,1,52,2,54,1,53,0" doraHai="6" doraHaiUra="132" who="0" fromWho="0" sc="163,130,250,-30,372,-60,205,-30" /><INIT seed="3,0,0,3,5,36" ten="293,220,312,175" oya="3" hai0="99,120,128,73,15,45,80,116,8,108,74,76,96" hai1="70,26,110,5,51,38,2,23,67,27,87,113,127" hai2="16,119,86,19,92,52,55,133,64,13,32,60,130" hai3="14,41,131,0,9,28,81,72,117,31,115,42,104"/><W89/><G115/><T132/><D116/><U6/><E38/><V68/><F119/><W18/><G117/><T21/><D120/><U35/><E110/><V129/><F32/><W84/><G104/><T114/><D108/><U47/><E127/><V65/><F65/><W59/><G131/><N who="2" m="50185" /><F133/><W48/><G72/><T3/><D128/><U91/><E27/><V39/><F39/><W125/><G125/><T88/><D73/><U71/><E5/><V12/><F92/><W29/><G0/><T98/><D114/><U105/><E35/><V53/><F86/><W63/><G48/><T66/><D132/><U94/><E105/><V97/><F97/><W100/><REACH who="3" step="1"/><G100/><REACH who="3" ten="293,220,312,165" step="2"/><T77/><D3/><U34/><E113/><V69/><F69/><W10/><G10/><T135/><D135/><U106/><E106/><V40/><F68/><W85/><G85/><T24/><D8/><U90/><E71/><V33/><F33/><W50/><G50/><T126/><D126/><U61/><E34/><V54/><F64/><AGARI ba="0,1" hai="9,14,18,28,29,31,41,42,59,63,64,81,84,89" machi="64" ten="40,12000,1" yaku="1,1,8,1,52,2,53,0" doraHai="36" doraHaiUra="75" who="3" fromWho="2" sc="293,0,220,0,312,-120,165,130" /><INIT seed="3,1,0,0,3,36" ten="293,220,192,295" oya="3" hai0="78,125,58,11,130,135,6,95,71,134,41,55,116" hai1="85,105,21,65,27,96,122,113,16,67,1,5,18" hai2="93,80,46,111,76,37,28,39,104,75,127,47,100" hai3="99,52,19,25,2,107,20,133,51,121,66,84,73"/><W30/><G73/><T17/><D116/><U117/><E122/><V24/><F127/><W91/><G121/><T56/><D71/><U26/><E113/><V108/><F93/><W126/><G2/><T88/><D125/><U124/><E124/><V109/><F46/><W60/><G126/><T13/><D130/><U15/><E117/><V3/><F3/><W115/><G133/><N who="0" m="50699" /><D41/><U120/><E120/><V119/><F119/><W86/><G115/><T54/><D78/><U68/><E68/><V14/><F14/><W61/><G107/><T38/><D38/><U10/><E85/><N who="3" m="32874" /><G66/><T101/><D101/><U118/><E118/><V4/><F4/><W72/><G30/><T57/><D6/><U42/><E42/><V63/><F63/><W74/><G72/><T131/><D131/><U87/><E87/><AGARI ba="1,0" hai="11,13,17,54,55,56,57,58,87,88,95" m="50699" machi="87" ten="30,2000,0" yaku="20,1,54,1" doraHai="36" who="0" fromWho="1" sc="293,23,220,-23,192,0,295,0" owari="316,41.6,197,-20.3,192,-30.8,295,9.5" /></mjloggm>