<mjloggm ver="2.3"><GO type="225" lobby="0"/><UN n0="%E5%AE%AE%E4%BF%9D%E9%B6%8F%E8%82%89" n1="%E9%89%A2%E5%B7%BB%E3%82%AC%E3%83%96" n2="%E8%81%B7%E6%A5%AD%E3%80%81%E9%A2%A8%32" n3="%73%75%7A%75%6D%65%33" dan="16,16,16,17" rate="2137.56,2092.54,2142.57,2209.24" sx="M,M,M,M"/><TAIKYOKU oya="0"/><INIT seed="0,0,0,2,1,21" ten="250,250,250,250" oya="0" hai0="111,0,75,88,122,102,9,22,30,82,94,99,119" hai1="78,98,13,51,117,106,134,108,128,26,130,53,112" hai2="61,57,73,109,67,42,66,19,86,76,20,8,105" hai3="87,16,132,7,70,11,46,95,114,25,124,100,28"/><T39/><D119/><U37/><E117/><V120/><F109/><W1/><G70/><T90/><D122/><U48/><E37/><V4/><F120/><W55/><G114/><T5/><D39/><U121/><E121/><V115/><F105/><W18/><G132/><T68/><D68/><U54/><E108/><V127/><F73/><W131/><G131/><T43/><D43/><U12/><E78/><V84/><F127/><W40/><G124/><T77/><REACH who="0" step="1"/><D111/><REACH who="0" ten="240,250,250,250" step="2"/><U81/><E128/><V110/><F42/><W133/><G133/><T14/><D14/><U6/><E130/><V135/><F135/><W64/><G40/><T32/><D32/><U91/><E12/><N who="2" m="5127" /><F110/><W29/><G1/><T89/><D89/><U69/><E91/><V59/><F115/><W97/><G100/><T96/><D96/><U123/><E98/><V10/><F76/><W63/><G97/><T27/><AGARI ba="0,1" hai="0,5,9,22,27,30,75,77,82,88,90,94,99,102" machi="27" ten="30,12000,1" yaku="1,1,0,1,52,1,54,1,53,1" doraHai="21" doraHaiUra="74" who="0" fromWho="0" sc="240,130,250,-40,250,-40,250,-40" /><INIT seed="0,1,0,5,2,43" ten="370,210,210,210" oya="0" hai0="54,31,84,99,57,2,133,58,1,16,9,20,29" hai1="134,64,129,65,94,39,4,130,108,60,50,71,113" hai2="102,87,115,7,110,90,105,38,18,30,119,19,36" hai3="52,111,127,21,15,33,74,76,123,109,70,12,117"/><T42/><D133/><U120/><E4/><V77/><F110/><N who="3" m="41995" /><G117/><T121/><D121/><U22/><E108/><V116/><F115/><W6/><G33/><T122/><D122/><U98/><E120/><V5/><F77/><W73/><G123/><T8/><D42/><U11/><E39/><N who="2" m="14891" /><F30/><N who="0" m="11274" /><D1/><U10/><E134/><V24/><F102/><W135/><G135/><T128/><D128/><N who="1" m="49259" /><E113/><V41/><F105/><W88/><G70/><T48/><D2/><U75/><E75/><N who="3" m="28682" /><G76/><T47/><D99/><U49/><E22/><N who="2" m="13399" /><F41/><W55/><G127/><T107/><D107/><U3/><E64/><V34/><F34/><W124/><G124/><T95/><D95/><U51/><E3/><V56/><F56/><N who="0" m="21610" /><D84/><U89/><AGARI ba="1,0" hai="10,11,49,50,51,60,65,71,89,94,98" m="49259" machi="89" ten="30,1100,0" yaku="19,1" doraHai="43" who="1" fromWho="1" sc="370,-6,210,14,210,-4,210,-4" /><INIT seed="1,0,0,0,4,112" ten="364,224,206,206" oya="1" hai0="48,40,58,38,18,16,19,118,35,90,106,15,132" hai1="9,52,53,86,27,4,98,14,5,49,89,114,128" hai2="31,119,11,94,75,80,117,76,100,131,21,56,123" hai3="43,47,126,133,3,87,109,41,51,104,8,46,23"/><U88/><E128/><V83/><F123/><W99/><G109/><T34/><D118/><N who="2" m="45066" /><F56/><W17/><G133/><T130/><D132/><U10/><E114/><V116/><N who="2" m="45074" /><V28/><DORA hai="24" /><F21/><W42/><G126/><T71/><D130/><U39/><E39/><V37/><F11/><W110/><G110/><T103/><D71/><U101/><E27/><V127/><F131/><W121/><G121/><T124/><D124/><U120/><E120/><V102/><F37/><W57/><G87/><T32/><D106/><U79/><E79/><N who="2" m="44159" /><F28/><W64/><G99/><T67/><D103/><N who="2" m="39466" /><F31/><W134/><G104/><T92/><D38/><U22/><E22/><V36/><F36/><W91/><G91/><T13/><D40/><U44/><E53/><V25/><F25/><W129/><G134/><T61/><REACH who="0" step="1"/><D48/><REACH who="0" ten="354,224,206,206" step="2"/><U84/><E89/><V108/><F127/><W72/><G129/><T26/><D26/><U30/><E88/><V0/><F108/><W7/><G51/><T107/><D107/><U2/><REACH who="1" step="1"/><E30/><REACH who="1" ten="354,214,206,206" step="2"/><V97/><F76/><W1/><G43/><T93/><D93/><AGARI ba="0,2" hai="2,4,5,9,10,14,44,49,52,84,86,93,98,101" machi="93" ten="30,12000,1" yaku="1,1,2,1,7,1,54,1,53,1" doraHai="112,24" doraHaiUra="95,73" who="1" fromWho="0" sc="354,-120,214,140,206,0,206,0" /><INIT seed="1,1,0,5,0,102" ten="234,354,206,206" oya="1" hai0="125,117,6,101,36,82,71,20,27,132,91,28,84" hai1="94,0,43,29,35,89,25,81,30,99,70,63,118" hai2="85,22,16,105,61,76,56,124,23,18,126,59,96" hai3="77,123,64,54,38,113,51,80,93,129,134,42,2"/><U66/><E118/><V119/><F119/><W14/><G123/><T133/><D117/><U111/><E0/><V72/><F72/><W121/><G121/><T86/><D71/><U41/><E30/><V115/><F115/><W130/><G113/><T100/><D36/><U21/><E35/><V32/><F32/><W87/><G2/><T69/><D69/><U11/><E111/><V13/><F96/><W39/><G134/><N who="0" m="51819" /><D125/><N who="2" m="48234" /><F105/><W116/><G116/><T49/><D6/><U104/><E104/><V83/><F61/><W67/><G14/><AGARI ba="1,0" hai="13,14,16,18,22,23,56,59,76,83,85" m="48234" machi="14" ten="30,2000,0" yaku="18,1,54,1" doraHai="102" who="2" fromWho="3" sc="234,0,354,0,206,23,206,-23" /><INIT seed="2,0,0,4,2,123" ten="234,354,229,183" oya="2" hai0="7,56,49,12,112,70,25,32,121,50,87,89,18" hai1="134,80,93,20,107,53,101,17,94,33,45,27,64" hai2="39,26,75,73,135,109,38,127,78,125,76,111,0" hai3="99,124,104,24,85,31,57,118,84,54,90,36,16"/><V128/><F0/><W106/><G118/><T83/><D70/><U47/><E33/><V3/><F3/><W77/><G36/><N who="2" m="13865" /><F26/><W40/><G40/><T117/><D121/><U72/><E107/><V41/><F41/><W52/><G124/><N who="2" m="47689" /><F128/><W4/><G4/><T44/><D112/><U115/><E115/><V129/><F129/><W65/><G106/><T69/><D69/><U21/><E27/><V66/><F66/><W132/><G132/><T37/><D117/><U96/><E64/><V59/><F59/><W55/><G104/><T42/><D56/><U126/><E134/><V81/><F135/><W14/><G77/><N who="2" m="29801" /><F81/><W86/><G65/><T133/><D133/><U95/><E80/><V68/><F68/><W122/><G122/><T5/><D37/><U61/><E126/><V102/><F102/><W19/><G57/><T116/><D116/><U15/><E101/><V9/><F9/><W60/><G60/><T13/><D13/><U100/><E61/><V48/><F48/><W105/><G14/><T131/><D50/><U91/><E15/><V74/><AGARI ba="0,0" hai="73,74,75,109,111" m="29801,47689,13865" machi="74" ten="50,12000,1" yaku="28,2,18,1,52,2" doraHai="123" who="2" fromWho="2" sc="234,-40,354,-40,229,120,183,-40" /><INIT seed="2,1,0,0,1,30" ten="194,314,349,143" oya="2" hai0="21,125,64,79,1,73,69,34,117,57,13,62,127" hai1="106,20,124,54,2,49,45,66,126,32,116,123,84" hai2="129,19,83,23,15,74,37,70,76,86,53,113,98" hai3="28,5,46,68,24,135,107,11,77,4,131,43,7"/><V6/><F70/><W122/><G107/><T89/><D1/><U85/><E116/><V130/><F37/><W61/><G122/><T78/><D117/><U39/><E2/><V90/><F113/><W52/><G135/><T75/><D34/><U16/><E106/><V3/><F98/><W59/><G131/><N who="2" m="50185" /><F53/><W92/><G68/><T101/><D101/><U25/><E123/><V96/><F96/><W110/><G110/><T112/><D112/><U42/><E66/><V26/><F3/><W10/><G92/><T60/><D89/><U44/><REACH who="1" step="1"/><E32/><REACH who="1" ten="194,304,349,143" step="2"/><V82/><F6/><W81/><G28/><T111/><D64/><U36/><E36/><V9/><F9/><W50/><REACH who="3" step="1"/><G24/><AGARI ba="1,1" hai="15,19,23,24,26,74,76,82,83,86,90" m="50185" machi="24" ten="30,1500,0" yaku="19,1" doraHai="30" who="2" fromWho="3" sc="194,0,304,0,349,28,143,-18" /><INIT seed="2,2,0,0,4,41" ten="194,304,377,125" oya="2" hai0="104,94,86,20,62,125,9,50,59,6,57,99,31" hai1="81,49,56,47,67,116,105,77,21,63,30,129,46" hai2="112,65,98,123,48,44,134,82,127,36,93,88,84" hai3="22,11,1,89,19,87,103,122,54,109,132,76,97"/><V23/><F123/><W120/><G109/><T0/><D125/><U92/><E105/><V33/><F112/><W71/><G71/><T117/><D117/><U124/><E124/><V53/><F33/><W16/><G132/><T79/><D104/><U10/><E116/><V5/><F127/><W106/><G76/><T26/><D50/><U72/><E129/><V83/><F134/><W78/><G78/><T40/><D40/><U43/><E10/><V24/><F36/><W133/><G133/><T114/><D114/><U25/><REACH who="1" step="1"/><E92/><REACH who="1" ten="194,294,377,125" step="2"/><V35/><F93/><W61/><G11/><T37/><D94/><U131/><E131/><V130/><F130/><W18/><G1/><T12/><D0/><U101/><E101/><V28/><F35/><W108/><G108/><T102/><D102/><U74/><E74/><V121/><F121/><W90/><G22/><T45/><D20/><U113/><E113/><V107/><F23/><W58/><REACH who="3" step="1"/><G90/><REACH who="3" ten="194,294,377,115" step="2"/><T13/><D9/><U15/><E15/><V29/><F88/><W80/><AGARI ba="2,2" hai="16,18,19,54,58,61,80,87,89,97,103,106,120,122" machi="80" ten="30,7900,0" yaku="1,1,2,1,0,1,54,1,53,0" doraHai="41" doraHaiUra="66" who="3" fromWho="3" sc="194,-22,294,-22,377,-41,115,105" /><INIT seed="3,0,0,0,2,110" ten="172,272,336,220" oya="3" hai0="88,130,11,54,82,98,79,19,111,76,60,23,135" hai1="35,122,65,78,3,55,30,93,38,85,62,45,126" hai2="101,97,17,39,1,51,37,14,12,124,86,119,103" hai3="96,34,42,108,57,77,120,0,44,91,46,116,50"/><W36/><G120/><T13/><D111/><U28/><E122/><V123/><F1/><W15/><G116/><T25/><D135/><U2/><E78/><V6/><F119/><W29/><G108/><T90/><D130/><U61/><E85/><V40/><F124/><W7/><G0/><T69/><D69/><U41/><E93/><V64/><F39/><W4/><G77/><T117/><D117/><U24/><E28/><V10/><F37/><W48/><G36/><T115/><D115/><U114/><E114/><V133/><F133/><W89/><G57/><N who="0" m="34871" /><D90/><U74/><E74/><V32/><F32/><W121/><G121/><T81/><D81/><U47/><E126/><V83/><F64/><W95/><G89/><T68/><D68/><U22/><E22/><N who="2" m="11559" /><F97/><W94/><G94/><N who="0" m="56647" /><D82/><U9/><E9/><V109/><F123/><W107/><G107/><T71/><D71/><U80/><E80/><V27/><F109/><W106/><G106/><T104/><D104/><U59/><E45/><N who="2" m="26023" /><F27/><W127/><G127/><T43/><D43/><U73/><E73/><V16/><F6/><W75/><G75/><T18/><AGARI ba="0,0" hai="11,13,18,19,23,25,76,79" m="56647,34871" machi="18" ten="30,4000,0" yaku="25,1,8,1,54,1" doraHai="110" who="0" fromWho="0" sc="172,40,272,-10,336,-10,220,-20" owari="212,-18.8,262,6.2,326,42.6,200,-30.0" /></mjloggm>