<mjloggm ver="2.3"><GO type="225" lobby="0"/><UN n0="%E5%8F%AF%E5%85%90%E9%82%A3%E7%94%B1%E5%A4%9A" n1="%E3%83%97%E3%83%AC%E3%83%B4%E3%82%A1%E3%83%86%E3%82%A3" n2="%E3%82%BF%E3%83%BC%E3%83%90%E3%83%B3%E9%87%8E%E5%8F%A3" n3="%E7%B4%94%E6%BD%94%E3%83%94%E3%83%A9%E3%83%8B%E3%82%A2" dan="16,16,16,17" rate="2221.70,2124.27,2079.30,2116.82" sx="F,F,M,M"/><TAIKYOKU oya="0"/><INIT seed="0,0,0,2,2,62" ten="250,250,250,250" oya="0" hai0="101,76,125,29,77,27,91,86,4,87,51,41,92" hai1="114,119,80,90,43,121,57,129,34,47,79,8,30" hai2="0,102,96,68,19,24,81,54,37,93,130,42,16" hai3="98,133,5,115,83,97,95,112,106,33,40,123,85"/><T38/><D125/><U99/><E121/><V65/><F130/><W3/><G33/><T12/><D38/><U7/><E119/><V120/><F120/><W46/><G123/><T32/><D101/><U78/><E129/><V127/><F0/><W89/><G133/><T52/><D41/><U72/><E79/><V60/><F127/><W39/><G106/><T58/><REACH who="0" step="1"/><D87/><REACH who="0" ten="240,250,250,250" step="2"/><U59/><E114/><V44/><F24/><W15/><G115/><T18/><D18/><U48/><E30/><V104/><F104/><W64/><G112/><T50/><D50/><U108/><E108/><V21/><F21/><W66/><G98/><T53/><D53/><U9/><E34/><V107/><F107/><W45/><G40/><T103/><D103/><U126/><E126/><V61/><F54/><W26/><G39/><T56/><D56/><U20/><E20/><V132/><F132/><W31/><G26/><T17/><D17/><U118/><E118/><V84/><REACH who="2" step="1"/><F60/><REACH who="2" ten="240,250,240,250" step="2"/><W1/><G31/><T122/><D122/><U67/><E9/><AGARI ba="0,2" hai="4,9,12,27,29,32,51,52,58,76,77,86,91,92" machi="9" ten="40,3900,0" yaku="1,1,54,1,53,0" doraHai="62" doraHaiUra="110" who="0" fromWho="1" sc="240,59,250,-39,240,0,250,0" /><INIT seed="0,1,0,0,3,11" ten="299,211,240,250" oya="0" hai0="5,66,121,15,38,21,75,34,135,33,53,13,65" hai1="83,103,18,67,10,122,133,102,116,9,19,114,47" hai2="51,68,46,22,88,3,74,14,35,106,117,124,7" hai3="91,8,69,92,45,110,56,93,81,40,107,62,77"/><T96/><D121/><U71/><E122/><V105/><F68/><W123/><G107/><T89/><D75/><U27/><E116/><V101/><F35/><W17/><G110/><T28/><D38/><U1/><E133/><V26/><F74/><W48/><G69/><T79/><D135/><U30/><E114/><V109/><F109/><W82/><G123/><T85/><D33/><U84/><E47/><V64/><F64/><N who="0" m="24682" /><D34/><U78/><E67/><V120/><F124/><W0/><G77/><T42/><D42/><U60/><E60/><V12/><F117/><W36/><G36/><T115/><D115/><U50/><E50/><V25/><F25/><W2/><G2/><T59/><D79/><U127/><E71/><V97/><F106/><W86/><G0/><T132/><D96/><U129/><E129/><V6/><F120/><W87/><G62/><N who="0" m="36207" /><D5/><U54/><E54/><V43/><F88/><N who="3" m="53271" /><G56/><T58/><D58/><U72/><E72/><V131/><F131/><W126/><G126/><T118/><D118/><U37/><E37/><V95/><F105/><W32/><G32/><T90/><D90/><U134/><E134/><V20/><F3/><W61/><G61/><T44/><D44/><U63/><E63/><V41/><F95/><W80/><G93/><N who="0" m="54447" /><D132/><U24/><E127/><V111/><F111/><W112/><G112/><T55/><D55/><U125/><E125/><V94/><F41/><W29/><G82/><T4/><D4/><U98/><E1/><V52/><F43/><W49/><G81/><T104/><D104/><U76/><E83/><V73/><F73/><RYUUKYOKU ba="1,0" sc="299,30,211,-10,240,-10,250,-10" hai0="13,15,21,28" /><INIT seed="0,2,0,2,0,109" ten="329,201,230,240" oya="0" hai0="58,111,42,97,94,132,29,24,61,57,89,90,17" hai1="72,36,16,122,110,117,96,129,75,1,59,85,86" hai2="120,99,114,30,69,98,128,50,76,3,65,119,70" hai3="45,73,27,123,55,23,63,135,25,79,84,112,104"/><T115/><D132/><U77/><E110/><V113/><F120/><W88/><G123/><T47/><D111/><U127/><E122/><V28/><F50/><W46/><G104/><T43/><D17/><U4/><E36/><V62/><F3/><W44/><G73/><T13/><D13/><U68/><E68/><V74/><F128/><W22/><G79/><T5/><D5/><U33/><E33/><V83/><F119/><W12/><G135/><T15/><D15/><U93/><E117/><V49/><F70/><W87/><G112/><T10/><D10/><U53/><E129/><V91/><F49/><W18/><G87/><T7/><D7/><U60/><E127/><V105/><F91/><W107/><G107/><T8/><D8/><U52/><E4/><V26/><F28/><W81/><REACH who="3" step="1"/><G23/><REACH who="3" ten="329,201,230,230" step="2"/><N who="0" m="15519" /><D115/><U21/><E75/><V19/><F105/><W14/><G14/><T134/><D134/><U106/><E1/><V82/><F113/><W37/><G37/><T31/><D97/><U35/><E35/><V11/><F114/><W116/><G116/><T100/><D94/><U71/><E106/><V6/><F98/><W34/><G34/><T92/><D92/><U133/><E133/><V101/><F99/><W118/><G118/><T40/><D90/><N who="1" m="55351" /><E71/><V121/><F69/><W20/><G20/><T124/><D89/><U80/><E53/><V0/><F121/><W131/><G131/><T54/><D100/><U56/><E56/><AGARI ba="2,1" hai="12,18,22,25,27,44,45,46,55,56,63,81,84,88" machi="56" ten="40,5200,0" yaku="1,1,8,1,54,1,53,0" doraHai="109" doraHaiUra="67" who="3" fromWho="1" sc="329,0,201,-58,230,0,230,68" /><INIT seed="1,0,0,1,5,64" ten="329,143,230,298" oya="1" hai0="34,8,70,69,40,15,124,115,109,100,13,0,47" hai1="51,112,94,37,42,33,127,62,39,74,36,76,102" hai2="21,117,103,120,30,78,97,58,73,10,52,29,57" hai3="126,35,123,32,135,43,96,90,107,71,86,25,12"/><U122/><E33/><V125/><F117/><W67/><G123/><T22/><D115/><U27/><E122/><V99/><F120/><W114/><G114/><T95/><D34/><U116/><E112/><V5/><F125/><W55/><G43/><T45/><D0/><U53/><E127/><V18/><F78/><W79/><G55/><T66/><D124/><U89/><E116/><V23/><F73/><W83/><G135/><T14/><D109/><U131/><E131/><V9/><F103/><W85/><G12/><T26/><D8/><U41/><E102/><V16/><REACH who="2" step="1"/><F52/><REACH who="2" ten="329,143,220,298" step="2"/><W88/><G126/><T46/><D40/><U133/><E133/><V105/><F105/><W72/><G107/><T106/><D106/><U54/><E76/><V49/><F49/><W6/><G72/><T3/><D66/><U101/><E74/><V38/><F38/><W121/><G79/><T80/><D3/><U19/><E101/><V92/><F92/><W56/><G67/><T31/><REACH who="0" step="1"/><D80/><REACH who="0" ten="319,143,220,298" step="2"/><U20/><E54/><V81/><F81/><W87/><G83/><T108/><D108/><U98/><REACH who="1" step="1"/><E62/><REACH who="1" ten="319,133,220,298" step="2"/><V130/><F130/><W119/><G121/><T48/><D48/><U68/><E68/><V2/><F2/><W63/><G71/><T93/><D93/><U77/><E77/><V91/><F91/><W60/><G63/><T28/><D28/><U59/><AGARI ba="0,3" hai="19,20,27,36,37,39,41,42,51,53,59,89,94,98" machi="59" ten="30,3000,0" yaku="1,1,0,1,53,0" doraHai="64" doraHaiUra="132" who="1" fromWho="1" sc="319,-10,133,60,220,-10,298,-10" /><INIT seed="1,1,0,3,1,15" ten="309,193,210,288" oya="1" hai0="96,55,29,126,32,119,131,75,46,19,99,28,63" hai1="107,38,5,53,69,11,66,7,124,44,61,81,3" hai2="45,26,95,22,105,33,8,133,64,12,89,1,30" hai3="120,43,121,51,24,36,40,123,4,74,98,91,84"/><U14/><E124/><V93/><F105/><W16/><G74/><T128/><D119/><U112/><E112/><V88/><F133/><W54/><G4/><T132/><D75/><U10/><E107/><V94/><F1/><W42/><G98/><T57/><D126/><U130/><E130/><N who="0" m="49705" /><D132/><U79/><E53/><V85/><F64/><W18/><G24/><N who="0" m="18439" /><D29/><U108/><E108/><V97/><F45/><W17/><G36/><T90/><D90/><U41/><E81/><V37/><F37/><W6/><G6/><T2/><D2/><U27/><E27/><V122/><F122/><W23/><G23/><T103/><D103/><U86/><E86/><V113/><F113/><W68/><G68/><T127/><D127/><U47/><REACH who="1" step="1"/><E44/><REACH who="1" ten="309,183,210,288" step="2"/><V58/><F85/><W135/><G135/><T0/><D46/><U21/><E21/><V73/><F33/><W13/><G54/><T87/><D87/><U50/><E50/><V100/><F73/><W39/><G39/><T56/><D55/><U25/><E25/><V102/><F97/><W65/><G51/><T52/><D96/><U111/><E111/><V35/><F35/><W101/><G65/><T72/><D72/><U77/><AGARI ba="1,1" hai="3,5,7,10,11,14,38,41,47,61,66,69,77,79" machi="77" ten="30,6000,0" yaku="1,1,0,1,53,1" doraHai="15" doraHaiUra="60" who="1" fromWho="1" sc="309,-21,183,73,210,-21,288,-21" /><INIT seed="1,2,0,0,2,106" ten="288,256,189,267" oya="1" hai0="115,108,101,75,20,49,51,98,83,135,50,17,11" hai1="28,47,89,82,112,133,30,34,70,54,31,13,103" hai2="19,79,58,27,12,107,124,84,6,104,15,95,61" hai3="40,63,24,94,9,92,86,81,18,120,76,25,8"/><U67/><E112/><V14/><F124/><W35/><G120/><T42/><D115/><U39/><E133/><V16/><F6/><W21/><G40/><T80/><D135/><U130/><E130/><V33/><F33/><W48/><G48/><T74/><D108/><U131/><E131/><V118/><F118/><W119/><G119/><T41/><D11/><U23/><E103/><V66/><F27/><W73/><G63/><T5/><D5/><U113/><E113/><V38/><F38/><W123/><G123/><T68/><D68/><U114/><E114/><V109/><F109/><W97/><G86/><T111/><D111/><U134/><E134/><V85/><F85/><W45/><G45/><T0/><D0/><U96/><E70/><V55/><F104/><W44/><G44/><T87/><D41/><U57/><E39/><V110/><F107/><W56/><G56/><T125/><D125/><U99/><E34/><V88/><F110/><W43/><G43/><T53/><D53/><U2/><E2/><V105/><F105/><W72/><G92/><N who="0" m="58567" /><D42/><U128/><E128/><V10/><F79/><W60/><G60/><T52/><D52/><U3/><E3/><V117/><F117/><W69/><G69/><T129/><D129/><U29/><N who="1" m="7168" /><DORA hai="4" /><U71/><E71/><V91/><F91/><W32/><G32/><T122/><D122/><U102/><E102/><V64/><F14/><N who="3" m="9431" /><G35/><T77/><D83/><U121/><E121/><V1/><F1/><W126/><G126/><T46/><D46/><U26/><E47/><V132/><F132/><W78/><G81/><RYUUKYOKU ba="2,0" sc="288,15,256,-15,189,15,267,-15" hai0="17,20,49,50,51,74,75,77,80,87" hai2="10,12,15,16,19,55,58,61,64,66,84,88,95" /><INIT seed="2,3,0,3,1,51" ten="303,241,204,252" oya="2" hai0="109,92,23,26,14,88,78,57,128,74,27,37,52" hai1="122,79,114,94,11,8,71,21,47,59,61,53,42" hai2="66,101,12,68,34,99,29,70,58,54,28,55,60" hai3="72,65,129,41,63,126,81,31,131,19,90,46,119"/><V107/><F12/><W17/><G119/><T43/><D109/><U93/><E114/><V84/><F84/><N who="3" m="50447" /><G31/><T115/><D115/><U83/><E122/><V118/><F118/><W111/><G72/><T105/><D105/><U67/><E21/><V91/><F91/><W110/><G19/><N who="0" m="10743" /><D128/><N who="3" m="49225" /><G17/><T125/><D125/><U64/><E8/><V2/><F2/><W69/><G126/><T100/><D100/><U13/><E67/><V50/><F28/><W117/><G117/><T44/><D78/><U7/><E64/><V75/><F75/><W80/><G80/><T112/><D74/><U35/><E71/><V25/><REACH who="2" step="1"/><F54/><REACH who="2" ten="303,241,194,252" step="2"/><W134/><G134/><T108/><D112/><U87/><REACH who="1" step="1"/><E35/><REACH who="1" ten="303,231,194,252" step="2"/><V39/><F39/><AGARI ba="3,2" hai="39,41,46,63,65,69,110,111" m="49225,50447" machi="39" ten="30,1000,0" yaku="19,1" doraHai="51" who="3" fromWho="2" sc="303,0,231,0,194,-19,252,39" /><AGARI ba="3,0" hai="7,11,13,39,42,47,53,59,61,79,83,87,93,94" machi="39" ten="30,7700,0" yaku="1,1,2,1,7,1,52,1,53,0" doraHai="51" doraHaiUra="130" who="1" fromWho="2" sc="303,0,231,77,175,-77,291,0" /><INIT seed="3,0,0,4,0,113" ten="303,308,98,291" oya="3" hai0="63,26,103,78,60,104,115,11,79,112,8,80,108" hai1="6,102,76,128,72,22,46,92,12,3,127,14,101" hai2="98,100,69,119,77,58,129,25,131,45,20,70,19" hai3="62,75,48,65,30,118,47,123,2,52,106,97,120"/><W86/><G75/><T73/><D108/><U116/><E127/><V89/><F77/><W24/><G2/><T43/><D79/><U56/><E128/><V66/><F89/><W124/><G118/><T71/><D43/><U93/><E116/><V135/><F135/><W41/><G86/><T114/><D26/><U21/><E3/><V55/><F45/><W32/><G124/><T39/><D39/><U57/><E76/><V23/><F119/><W74/><G74/><T81/><D81/><U83/><E72/><V49/><F20/><N who="1" m="7785" /><E46/><V59/><F59/><N who="1" m="22601" /><E83/><V44/><F44/><W15/><G15/><N who="1" m="5674" /><E6/><V18/><F18/><W53/><G123/><T134/><D134/><U31/><E31/><V36/><F36/><W40/><G120/><T35/><D35/><U82/><E82/><V99/><F99/><W105/><G41/><T50/><D50/><U90/><E90/><V133/><F133/><W130/><G130/><T84/><D73/><U61/><E61/><N who="0" m="23625" /><D71/><U33/><E33/><V7/><F7/><W132/><G132/><T42/><D42/><U17/><E17/><V125/><F125/><W111/><G111/><T87/><D87/><U10/><E10/><V88/><F70/><N who="3" m="42295" /><G106/><T109/><D109/><U27/><E27/><V64/><F69/><W29/><G29/><T16/><D16/><U4/><E4/><V126/><F126/><W110/><G110/><T91/><D78/><U54/><E54/><V96/><F129/><W5/><G5/><T85/><D84/><U1/><E1/><V51/><F131/><W107/><G105/><T9/><D104/><RYUUKYOKU ba="0,0" sc="303,10,308,10,98,-30,291,10" hai0="8,9,11,80,85,91,103,112,114,115" hai1="92,93,101,102" hai3="24,30,32,40,47,48,52,53,97,107" /><INIT seed="3,1,0,2,3,66" ten="313,318,68,301" oya="3" hai0="111,120,74,58,86,41,80,34,52,127,25,26,0" hai1="53,17,67,64,107,10,68,54,100,95,51,71,37" hai2="89,13,85,87,125,7,79,82,38,133,121,126,50" hai3="97,92,32,130,129,108,115,30,44,72,132,88,116"/><W101/><G116/><T22/><D120/><U46/><E107/><V33/><F38/><W76/><G115/><T29/><D0/><U69/><E100/><V81/><F33/><W114/><G114/><T131/><D111/><U134/><E95/><V4/><F4/><W106/><G108/><T56/><D74/><U21/><E10/><V48/><F48/><W15/><G132/><T60/><D127/><N who="2" m="48650" /><F50/><W11/><G72/><T28/><D131/><N who="3" m="50185" /><G76/><T43/><D58/><U1/><E1/><V5/><F5/><N who="3" m="3567" /><G44/><T123/><D123/><U118/><E118/><V40/><F40/><W91/><G106/><T65/><D65/><U122/><E122/><V93/><F13/><W113/><G113/><T117/><D117/><U2/><E2/><V23/><F23/><W61/><G61/><T16/><D29/><U27/><E37/><V42/><F42/><W96/><G97/><T57/><D57/><U55/><REACH who="1" step="1"/><E134/><REACH who="1" ten="313,308,68,301" step="2"/><V8/><F121/><W18/><G18/><T19/><D16/><U128/><E128/><V102/><F8/><W112/><G112/><T6/><D6/><U110/><E110/><V90/><F7/><W47/><G47/><T62/><D62/><U9/><E9/><V3/><F133/><W49/><G49/><T39/><D39/><U104/><E104/><V12/><F3/><W45/><G45/><T36/><D36/><U124/><E124/><V99/><F12/><W103/><G101/><T24/><D24/><AGARI ba="1,1" hai="24,30,32,88,91,92,96,103" m="3567,50185" machi="24" ten="30,2900,0" yaku="19,1,54,1" doraHai="66" who="3" fromWho="0" sc="313,-32,308,0,68,0,301,42" owari="281,-11.9,308,10.8,68,-43.2,343,44.3" /></mjloggm>