<mjloggm ver="2.3"><GO type="225" lobby="0"/><UN n0="%E5%8D%A0%E3%81%84%E5%B8%AB%E8%A3%8F%E3%81%AA%E3%81%84%E3%81%97" n1="%E3%83%94%E3%83%B3%E3%82%B5%E3%83%AD%E5%BA%97%E5%93%A1" n2="%77%72%77%72%77%72%77%72" n3="%E6%81%A5%E6%99%92%E3%81%97" dan="17,16,17,16" rate="2182.75,2167.46,2209.63,2112.59" sx="M,M,M,M"/><TAIKYOKU oya="0"/><INIT seed="0,0,0,1,0,122" ten="250,250,250,250" oya="0" hai0="135,28,99,134,101,54,1,115,47,77,22,96,94" hai1="86,35,55,24,76,49,98,10,126,84,14,73,34" hai2="111,89,123,21,72,13,27,2,48,92,128,75,17" hai3="45,100,82,5,119,104,70,15,63,16,132,31,127"/><T124/><D1/><U44/><E126/><V114/><F123/><W30/><G119/><T43/><D115/><U108/><E73/><V57/><F114/><W85/><G127/><T62/><D124/><U125/><E125/><V40/><F2/><W118/><G118/><T41/><D77/><U65/><E65/><V42/><F128/><W130/><G132/><N who="0" m="50731" /><D96/><U12/><E12/><V6/><F111/><W81/><G5/><T71/><D71/><U0/><E0/><V9/><F72/><W39/><G130/><T97/><D62/><U117/><E117/><V120/><F75/><W53/><G100/><N who="0" m="60471" /><D54/><U61/><E98/><V113/><F113/><W110/><G70/><T80/><D80/><U69/><E61/><V38/><F120/><W18/><G82/><T102/><D102/><U129/><E69/><V106/><F106/><W88/><G104/><N who="0" m="63551" /><D47/><U121/><E121/><V52/><REACH who="2" step="1"/><F38/><REACH who="2" ten="250,250,240,250" step="2"/><W112/><G39/><T8/><D8/><U51/><E10/><V4/><F4/><W25/><G112/><T36/><D36/><U56/><E129/><V107/><F107/><W95/><G81/><T7/><D7/><U11/><E76/><V93/><F93/><W78/><G95/><T91/><D91/><U26/><E11/><V116/><F116/><W32/><G78/><T20/><D28/><U33/><E108/><V131/><F131/><W37/><G110/><T74/><D74/><U50/><E84/><AGARI ba="0,1" hai="6,9,13,17,21,27,40,42,48,52,57,84,89,92" machi="84" ten="30,8000,1" yaku="1,1,7,1,8,1,54,1,53,1" doraHai="122" doraHaiUra="3" who="2" fromWho="1" sc="250,0,250,-80,240,90,250,0" /><INIT seed="1,0,0,4,1,24" ten="250,170,330,250" oya="1" hai0="130,102,68,38,41,53,7,65,27,132,64,123,51" hai1="20,115,9,129,109,73,59,120,111,81,135,32,85" hai2="106,125,119,30,42,92,39,26,93,60,128,116,112" hai3="84,22,6,40,35,54,75,86,94,44,13,37,25"/><U5/><E115/><V78/><F112/><W90/><G75/><T131/><D7/><U95/><E120/><V21/><F106/><W12/><G35/><T57/><D102/><U3/><E32/><V127/><F128/><N who="0" m="49194" /><D123/><U33/><E33/><V99/><F78/><W46/><G6/><T36/><D27/><U87/><E129/><V45/><F92/><W8/><G8/><T17/><D17/><U47/><E135/><V70/><F70/><W48/><REACH who="3" step="1"/><G86/><REACH who="3" ten="250,170,330,240" step="2"/><T62/><D132/><U118/><E73/><V58/><F127/><W1/><G1/><T67/><D36/><U50/><E118/><V14/><F125/><W80/><G80/><T100/><D100/><U98/><E20/><V18/><F119/><W134/><G134/><T2/><D2/><U31/><E81/><V103/><F116/><W77/><G77/><T114/><D114/><U56/><E87/><V55/><F21/><W89/><G89/><T91/><D91/><N who="1" m="55679" /><E85/><V121/><F121/><W19/><AGARI ba="0,1" hai="12,13,19,22,25,37,40,44,46,48,54,84,90,94" machi="19" ten="20,2700,0" yaku="1,1,0,1,7,1,53,0" doraHai="24" doraHaiUra="107" who="3" fromWho="3" sc="250,-7,170,-13,330,-7,240,37" /><INIT seed="2,0,0,1,2,34" ten="243,157,323,277" oya="2" hai0="132,59,133,91,123,68,114,21,22,25,70,57,87" hai1="72,7,46,14,10,41,108,116,64,39,44,101,73" hai2="94,126,74,80,20,124,40,1,127,45,122,27,95" hai3="131,113,16,120,56,104,9,71,97,128,89,100,8"/><V62/><F122/><W110/><G120/><T47/><D114/><U11/><E108/><V102/><F102/><W28/><G71/><N who="0" m="27179" /><D47/><U130/><E130/><N who="3" m="49706" /><G110/><T36/><D123/><U92/><E64/><V54/><F54/><W75/><G75/><T105/><D105/><U77/><E116/><V109/><F62/><W53/><G28/><T0/><D36/><U2/><E46/><V12/><F12/><W86/><G113/><T121/><D121/><U35/><E35/><V32/><F1/><W98/><G98/><T107/><D107/><U103/><E92/><V24/><F32/><W67/><G67/><T26/><D0/><U117/><E73/><V51/><F24/><N who="0" m="9322" /><D87/><U66/><E66/><V37/><F37/><W61/><G16/><T125/><D91/><U4/><REACH who="1" step="1"/><E117/><REACH who="1" ten="243,147,323,277" step="2"/><V6/><F109/><W99/><G99/><T30/><D57/><U90/><E90/><V33/><F33/><W88/><G89/><T129/><D59/><U96/><E96/><V65/><F65/><W112/><G112/><T55/><D129/><U83/><AGARI ba="0,1" hai="2,4,7,10,11,14,39,41,44,72,77,83,101,103" machi="83" ten="30,8000,1" yaku="1,1,0,1,25,2,52,1,53,0" doraHai="34" doraHaiUra="81" who="1" fromWho="1" sc="243,-20,147,90,323,-40,277,-20" /><INIT seed="3,0,0,0,0,100" ten="223,237,283,257" oya="3" hai0="48,26,70,32,37,133,91,97,25,108,72,122,23" hai1="125,119,93,49,99,83,88,101,11,18,51,4,17" hai2="132,67,114,82,87,20,42,126,111,63,53,129,12" hai3="24,84,58,19,14,131,79,68,118,95,77,64,103"/><W27/><G118/><T6/><D122/><U123/><E123/><V130/><F114/><W0/><G131/><N who="2" m="50185" /><F42/><W127/><G68/><T124/><D37/><U110/><E110/><V121/><F121/><W102/><G127/><T50/><D108/><U117/><E125/><V28/><F111/><W65/><G0/><T106/><D124/><U7/><E119/><V2/><F2/><W43/><G43/><T105/><D72/><U134/><E134/><V16/><F126/><W15/><G95/><T81/><D133/><U74/><E117/><V8/><F53/><W120/><G58/><T46/><D70/><U80/><E74/><V45/><F45/><W71/><G84/><T55/><D6/><N who="1" m="2091" /><E11/><V13/><F28/><W73/><G71/><T56/><D32/><U21/><E18/><N who="2" m="10311" /><F132/><W57/><G57/><T85/><D97/><U33/><E33/><V3/><F3/><W52/><G19/><T66/><D25/><N who="1" m="14511" /><E101/><V39/><F39/><W78/><G120/><T98/><D98/><U113/><E113/><V31/><F31/><W30/><G30/><T92/><D66/><U29/><E29/><V34/><F34/><W69/><G69/><T109/><D109/><U5/><N who="1" m="2099" /><U76/><DORA hai="107" /><E76/><N who="2" m="46535" /><F63/><W47/><G73/><T40/><D81/><AGARI ba="0,0" hai="49,51,80,81,83,88,93,99" m="14511,2099" machi="81" ten="30,2000,0" yaku="8,1,54,1" doraHai="100,107" who="1" fromWho="0" sc="223,-20,237,20,283,0,257,0" /><INIT seed="4,0,0,2,0,65" ten="203,257,283,257" oya="0" hai0="126,15,106,87,11,55,59,110,130,7,92,24,71" hai1="127,54,34,16,4,63,51,93,10,12,18,132,22" hai2="60,45,88,100,62,56,124,21,1,72,23,8,123" hai3="129,103,20,57,74,95,108,33,91,75,79,135,112"/><T38/><D106/><U131/><E34/><V86/><F123/><W116/><G116/><T64/><D38/><U52/><E131/><V76/><F124/><W81/><G33/><T73/><D73/><U58/><E127/><V120/><F120/><W89/><G112/><T113/><D126/><U90/><E132/><V104/><F45/><W3/><G3/><T98/><D113/><U40/><E40/><V99/><F8/><W105/><G129/><T109/><D130/><U115/><E115/><V121/><F1/><W25/><G108/><N who="0" m="41579" /><D24/><U69/><E22/><N who="2" m="8203" /><F56/><W0/><G0/><T37/><D37/><U66/><E54/><V82/><F121/><W117/><G117/><T85/><D64/><U49/><E49/><V101/><F101/><W61/><G135/><T53/><D53/><U84/><AGARI ba="0,0" hai="4,10,12,16,18,51,52,58,63,66,69,84,90,93" machi="84" ten="20,8000,1" yaku="0,1,7,1,52,1,54,2" doraHai="65" who="1" fromWho="1" sc="203,-40,257,80,283,-20,257,-20" owari="163,-33.7,337,43.7,263,6.3,237,-16.3" /></mjloggm>