<mjloggm ver="2.3"><GO type="225" lobby="0"/><UN n0="%E3%81%B8%E3%82%80%E3%81%B8%E3%82%80%EF%BC%92%E5%8F%B7" n1="%E6%97%A5%E6%9B%9C%E6%97%A5%E3%82%88%E3%82%8A%E3%81%AE%E4%BD%BF%E8%80%85" n2="%E6%A1%9C%E8%8A%B1%E9%96%83%E3%80%85" n3="%E3%81%A1%E3%82%85%E3%81%86%E3%81%A9%E3%81%8F%E8%B1%A1%E3%81%95%E3%82%93" dan="17,17,18,16" rate="2184.98,2157.28,2243.13,2153.18" sx="M,M,M,M"/><TAIKYOKU oya="0"/><INIT seed="0,0,0,0,2,117" ten="250,250,250,250" oya="0" hai0="111,51,75,44,57,1,124,76,81,43,8,92,17" hai1="78,109,65,15,100,12,61,50,101,119,77,5,36" hai2="63,70,48,91,95,54,96,131,3,32,98,39,72" hai3="99,23,133,29,18,25,103,42,6,64,9,7,121"/><T38/><D124/><U11/><E36/><V114/><F114/><W66/><G133/><T68/><D68/><U123/><E119/><V90/><F131/><W67/><G42/><T30/><D30/><U94/><E123/><V120/><F39/><W34/><G121/><T21/><D92/><U59/><E109/><V62/><F3/><W108/><G108/><T112/><D112/><U74/><E74/><V71/><F32/><W129/><G129/><T26/><D111/><U97/><E101/><V80/><F120/><W2/><G6/><T132/><D132/><U22/><REACH who="1" step="1"/><E50/><REACH who="1" ten="250,240,250,250" step="2"/><V115/><F72/><W130/><G130/><T128/><D128/><U135/><E135/><V49/><F115/><W118/><G118/><T20/><D51/><U83/><E83/><V110/><F80/><W41/><G41/><T37/><D37/><U73/><E73/><V55/><F110/><W16/><REACH who="3" step="1"/><G34/><REACH who="3" ten="250,240,250,240" step="2"/><T116/><D116/><U122/><E122/><V79/><F95/><AGARI ba="0,2" hai="2,7,9,16,18,23,25,29,64,66,67,95,99,103" machi="95" ten="40,5200,0" yaku="1,1,2,1,54,1,53,0" doraHai="117" doraHaiUra="45" who="3" fromWho="2" sc="250,0,240,0,250,-52,240,72" /><INIT seed="1,0,0,3,5,60" ten="250,240,198,312" oya="1" hai0="24,61,102,45,91,38,41,101,76,123,37,68,56" hai1="21,27,107,16,59,34,103,71,121,130,124,99,111" hai2="46,42,77,57,13,53,129,62,25,31,90,116,127" hai3="81,58,66,18,92,1,63,96,35,75,87,120,20"/><U48/><E121/><V26/><F116/><W80/><G120/><T100/><D123/><U78/><E124/><V69/><F127/><W12/><G1/><T70/><D76/><U5/><E130/><V82/><F129/><W85/><G35/><T86/><D37/><U39/><E39/><V23/><F90/><W49/><G49/><T108/><D24/><U64/><E111/><V109/><F109/><W74/><G74/><T44/><D44/><U4/><E34/><V98/><F98/><W47/><G47/><T125/><D108/><U93/><E78/><V128/><F69/><W126/><G126/><T105/><D105/><U33/><E33/><V17/><F128/><W15/><G15/><T19/><D19/><U67/><E107/><V131/><F131/><W84/><G75/><T14/><D14/><U72/><E72/><V43/><F46/><W110/><G110/><T117/><D117/><U94/><E93/><V54/><F54/><W118/><G118/><T119/><D119/><U3/><E71/><V50/><F50/><W104/><G104/><T83/><REACH who="0" step="1"/><D125/><REACH who="0" ten="240,240,198,312" step="2"/><U88/><E3/><V122/><F122/><W22/><G22/><T30/><D30/><U132/><E132/><V106/><F106/><W135/><G135/><T95/><D95/><U6/><E103/><AGARI ba="0,1" hai="12,18,20,58,63,66,80,81,84,85,87,92,96,103" machi="103" ten="40,2600,0" yaku="8,1,52,1" doraHai="60" who="3" fromWho="1" sc="240,0,240,-26,198,0,312,36" /><INIT seed="2,0,0,4,0,22" ten="240,214,198,348" oya="2" hai0="130,20,79,81,21,25,99,48,24,44,84,70,85" hai1="59,8,92,12,69,125,53,73,83,55,78,4,33" hai2="18,124,63,135,122,14,93,51,103,89,117,15,108" hai3="75,102,123,62,90,72,82,74,91,104,52,80,112"/><V129/><F117/><W97/><G62/><T31/><D70/><U58/><E69/><V116/><F116/><W46/><G52/><T6/><D6/><U64/><E33/><V121/><F124/><W57/><G57/><T66/><D66/><U71/><E125/><V98/><F135/><W68/><G46/><T35/><D130/><U106/><E106/><V100/><F129/><W120/><G68/><T101/><D85/><U56/><REACH who="1" step="1"/><E92/><REACH who="1" ten="240,204,198,348" step="2"/><V126/><F126/><W45/><G104/><T115/><D115/><U30/><E30/><V60/><F121/><W38/><G112/><T107/><REACH who="0" step="1"/><D25/><REACH who="0" ten="230,204,198,348" step="2"/><U10/><E10/><V5/><F122/><W42/><G123/><T2/><D2/><U105/><E105/><V17/><F15/><W54/><G120/><T32/><D32/><U41/><E41/><AGARI ba="0,2" hai="20,21,24,31,35,41,44,48,79,81,84,99,101,107" machi="41" ten="30,7700,0" yaku="1,1,7,1,52,1,53,1" doraHai="22" doraHaiUra="76" who="0" fromWho="1" sc="230,97,204,-77,198,0,348,0" /><INIT seed="3,0,0,5,1,111" ten="327,127,198,348" oya="3" hai0="70,109,95,14,112,64,130,55,58,115,5,119,13" hai1="68,110,93,35,4,18,108,86,48,69,99,29,12" hai2="88,26,85,1,28,7,96,123,20,54,44,66,3" hai3="132,27,40,65,82,67,75,89,50,45,133,31,39"/><W77/><G89/><T71/><D119/><U78/><E4/><V0/><F123/><W100/><G100/><T11/><D109/><U79/><E110/><V30/><F66/><W36/><G50/><N who="0" m="31095" /><D130/><U49/><E108/><V81/><F30/><W131/><G131/><T41/><D41/><U62/><E35/><V124/><F124/><W113/><G113/><N who="0" m="43595" /><D95/><U22/><E29/><V114/><F114/><W19/><G19/><N who="0" m="8639" /><D64/><U33/><E33/><V21/><F54/><W23/><G36/><T47/><D47/><U107/><E107/><V24/><F44/><W92/><G92/><T80/><D80/><U104/><E104/><V94/><F81/><W128/><G128/><T134/><D134/><AGARI ba="0,0" hai="23,27,31,39,40,45,65,67,75,77,82,132,133,134" machi="134" ten="40,2000,0" yaku="20,1" doraHai="111" who="3" fromWho="0" sc="327,-20,127,0,198,0,348,20" owari="307,10.7,127,-37.3,198,-20.2,368,46.8" /></mjloggm>