<mjloggm ver="2.3"><GO type="225" lobby="0"/><UN n0="%E3%81%BF%E3%81%BF%E3%81%9A" n1="%47%48%4F%53%54" n2="%E8%B6%85%E7%B4%9A%E9%B3%B3%E5%87%B0" n3="%28%EF%BF%A3%E2%96%BD%EF%BF%A3%29%CE%B4%E2%8C%92%E3%83%BB" dan="16,17,16,16" rate="2129.22,2286.14,2158.58,2108.69" sx="M,M,M,M"/><TAIKYOKU oya="0"/><INIT seed="0,0,0,4,2,65" ten="250,250,250,250" oya="0" hai0="45,91,63,71,11,8,21,123,5,115,14,27,125" hai1="46,69,88,94,36,84,67,41,43,61,23,58,79" hai2="28,129,101,15,110,134,53,70,33,7,83,116,78" hai3="127,9,16,0,51,12,34,80,24,135,25,72,6"/><T39/><D115/><U29/><E43/><V113/><F113/><W52/><G127/><T54/><D123/><U42/><E42/><V40/><F110/><W96/><G135/><T121/><D121/><U10/><E10/><V2/><F134/><W49/><G49/><T117/><D117/><U100/><E79/><V92/><F116/><W17/><G34/><T50/><D125/><U120/><E120/><V38/><F129/><W60/><G60/><T131/><D131/><U22/><E29/><V62/><F2/><W107/><BYE who="2" /><G72/><T87/><D39/><U81/><REACH who="1" step="1"/><E58/><REACH who="1" ten="250,240,250,250" step="2"/><V104/><F104/><W98/><G0/><T44/><D11/><U124/><E124/><V82/><F82/><W32/><G107/><UN n2="%E8%B6%85%E7%B4%9A%E9%B3%B3%E5%87%B0" /><T73/><D44/><U13/><E13/><V66/><F78/><W119/><G119/><T86/><D73/><U112/><E112/><V31/><F15/><W132/><G132/><T57/><D71/><U114/><E114/><V106/><F28/><W35/><G25/><T75/><D75/><U64/><E64/><V128/><F31/><W26/><G24/><T20/><D27/><U74/><E74/><V122/><F122/><W103/><G26/><T85/><REACH who="0" step="1"/><D91/><REACH who="0" ten="240,240,250,250" step="2"/><U68/><E68/><V105/><F70/><W133/><G133/><T102/><D102/><U56/><E56/><V59/><F101/><W37/><G103/><T19/><D19/><U3/><E3/><V18/><F59/><N who="3" m="33183" /><G17/><T99/><D99/><AGARI ba="0,2" hai="22,23,36,41,46,61,67,69,81,84,88,94,99,100" machi="99" ten="40,8000,1" yaku="1,1,52,1,54,1,53,1" doraHai="65" doraHaiUra="95" who="1" fromWho="0" sc="240,-80,240,100,250,0,250,0" /><INIT seed="1,0,0,3,0,66" ten="160,340,250,250" oya="1" hai0="116,57,38,3,75,119,127,17,51,114,32,43,103" hai1="111,11,101,60,83,67,47,62,95,99,106,135,48" hai2="45,54,133,124,121,112,125,84,96,53,89,85,109" hai3="30,68,6,76,129,26,128,35,10,65,118,50,36"/><U86/><E135/><V25/><F121/><W97/><G36/><T8/><D114/><U23/><E111/><V39/><F109/><W34/><G118/><T16/><D75/><U12/><E23/><V90/><F133/><W20/><G76/><T58/><D32/><N who="3" m="12329" /><G50/><T56/><D103/><U42/><E67/><V73/><F73/><W110/><G97/><T59/><D127/><N who="2" m="48714" /><F112/><W22/><G65/><T7/><D38/><U117/><E106/><V120/><F120/><W33/><G68/><T131/><D131/><N who="3" m="50249" /><G110/><T72/><D72/><U82/><E82/><N who="2" m="49303" /><F96/><W91/><G91/><T126/><D126/><U41/><E41/><N who="2" m="22719" /><F25/><W102/><G102/><T70/><D70/><U64/><E64/><V88/><F90/><W37/><G37/><T49/><D49/><U105/><E117/><V14/><F14/><AGARI ba="0,0" hai="6,10,14,20,22,26,30,33" m="50249,12329" machi="14" ten="30,3900,0" yaku="19,1,34,2" doraHai="66" who="3" fromWho="2" sc="160,0,340,0,250,-39,250,39" /><INIT seed="2,0,0,5,3,101" ten="160,340,211,289" oya="2" hai0="33,77,87,128,55,66,40,45,126,43,0,100,24" hai1="62,93,130,51,35,5,97,29,131,57,103,28,85" hai2="110,81,32,8,119,114,7,109,79,89,102,92,123" hai3="111,53,37,60,78,125,104,9,19,115,129,98,68"/><V3/><F114/><W58/><G37/><T83/><D126/><U127/><E127/><V14/><F32/><W4/><G125/><T95/><D128/><N who="1" m="49195" /><E35/><V26/><F119/><W90/><G129/><T2/><D66/><N who="1" m="39247" /><E5/><V54/><F123/><W38/><G38/><T30/><D55/><U15/><E15/><V82/><F3/><W120/><G120/><T25/><D25/><U46/><E85/><V65/><F65/><W67/><G78/><T11/><D43/><AGARI ba="0,0" hai="28,29,43,46,51,93,97,103" m="39247,49195" machi="43" ten="30,1000,0" yaku="19,1" doraHai="101" who="1" fromWho="0" sc="160,-10,340,10,211,0,289,0" /><INIT seed="3,0,0,1,1,76" ten="150,350,211,289" oya="3" hai0="123,41,1,104,18,14,124,97,111,31,77,30,133" hai1="79,2,118,20,19,108,100,74,46,7,121,40,11" hai2="47,45,134,114,99,113,60,93,3,126,25,122,84" hai3="12,87,68,34,88,10,50,9,59,13,56,42,80"/><W91/><G68/><T69/><D123/><U52/><E52/><V4/><F122/><W129/><G34/><T110/><D1/><U82/><E100/><V109/><F109/><W49/><G129/><T119/><D119/><U117/><E108/><V130/><F130/><W65/><G42/><T120/><D120/><U21/><E121/><V32/><F126/><W78/><G65/><T33/><D124/><U71/><E71/><V5/><F134/><W106/><G106/><T72/><D133/><U35/><E35/><V29/><F84/><W64/><G64/><T27/><D30/><U135/><E135/><V75/><F75/><W53/><G59/><T43/><D110/><U28/><E28/><V67/><F45/><W22/><G50/><T116/><D111/><U0/><E0/><V23/><F47/><W54/><G53/><T112/><D112/><U89/><E89/><N who="3" m="34378" /><G22/><N who="1" m="8810" /><E19/><V102/><F32/><W131/><G131/><T48/><D116/><U86/><E86/><V57/><F3/><W95/><G95/><T98/><D69/><U132/><E132/><V44/><F44/><W15/><AGARI ba="0,0" hai="9,10,12,13,15,49,54,56,78,80,87" m="34378" machi="15" ten="30,6000,0" yaku="8,1,52,1,54,1" doraHai="76" who="3" fromWho="3" sc="150,-20,350,-20,211,-20,289,60" owari="130,-37.0,330,13.0,191,-20.9,349,44.9" /></mjloggm>