<mjloggm ver="2.3"><GO type="225" lobby="0"/><UN n0="%E3%81%95%E3%81%8D%E3%81%9F%E3%81%BE%E6%9E%97%E6%AA%8E" n1="%E3%80%93%E3%81%97%E3%83%BC%E3%82%89%E3%80%93" n2="%E3%80%90%E3%83%88%E3%83%AA%E3%83%A5%E3%83%95%E3%80%91" n3="%6D%75%75%73%61%6E%6D%75" dan="16,17,16,17" rate="2070.11,2136.18,2090.93,2148.67" sx="M,M,M,F"/><TAIKYOKU oya="0"/><INIT seed="0,0,0,4,3,62" ten="250,250,250,250" oya="0" hai0="75,35,120,89,122,72,106,16,51,101,118,54,65" hai1="19,113,92,114,103,11,63,94,79,133,6,47,67" hai2="60,7,3,108,121,80,74,104,64,42,85,131,15" hai3="27,29,100,115,124,86,109,0,110,34,98,2,73"/><T25/><D118/><U23/><E79/><V9/><F108/><N who="3" m="41579" /><G73/><T132/><D132/><U40/><E133/><V46/><F121/><W1/><G115/><N who="1" m="44042" /><E103/><V17/><F131/><W52/><G124/><T36/><D36/><N who="1" m="21895" /><E23/><V84/><F104/><N who="3" m="63511" /><G52/><T90/><D35/><U66/><E19/><V91/><F74/><W24/><G24/><T33/><D33/><U126/><E126/><V96/><F96/><W38/><G38/><T56/><D25/><U119/><E119/><V68/><F85/><AGARI ba="0,0" hai="0,1,2,27,29,34,85,86" m="63511,41579" machi="85" ten="40,1300,0" yaku="14,1" doraHai="62" who="3" fromWho="2" sc="250,0,250,0,250,-13,250,13" /><INIT seed="1,0,0,1,3,126" ten="250,250,237,263" oya="1" hai0="85,13,32,17,61,58,10,115,82,119,99,38,111" hai1="36,97,59,0,19,37,76,48,74,84,11,7,14" hai2="44,94,83,102,100,129,49,112,128,69,107,8,29" hai3="113,96,26,71,4,118,34,101,87,70,98,117,89"/><U45/><E74/><V90/><F69/><N who="3" m="26123" /><G4/><T22/><D111/><U124/><E124/><V43/><F29/><N who="3" m="19767" /><G101/><T103/><D119/><N who="3" m="45577" /><G113/><T30/><D115/><U72/><E72/><V123/><F112/><W50/><G50/><T46/><D32/><U116/><E116/><V130/><F123/><W77/><G77/><T78/><D38/><U95/><E59/><V110/><F110/><W109/><G109/><T80/><D46/><U33/><E33/><V55/><F107/><W62/><G62/><T66/><D78/><U12/><E84/><N who="2" m="50463" /><F94/><AGARI ba="0,0" hai="87,89,94,96,98" m="45577,19767,26123" machi="94" ten="30,1000,0" yaku="12,1" doraHai="126" who="3" fromWho="2" sc="250,0,250,0,237,-10,263,10" /><INIT seed="2,0,0,2,5,57" ten="250,250,227,273" oya="2" hai0="90,67,27,69,93,73,48,116,15,33,51,45,11" hai1="41,65,18,34,81,59,32,24,9,6,56,40,131" hai2="117,101,58,85,108,134,106,68,36,17,26,126,107" hai3="76,28,63,14,103,88,111,5,115,71,47,22,125"/><V77/><F68/><W92/><G111/><T70/><D73/><U135/><E131/><V128/><F36/><W0/><G125/><T62/><D116/><U121/><E135/><V49/><F134/><W97/><G0/><T39/><D70/><U98/><E121/><V99/><F117/><W127/><G127/><T60/><D60/><U52/><E65/><V78/><F126/><W54/><G115/><T44/><D33/><U53/><E98/><V112/><F112/><W110/><G110/><T55/><D27/><U37/><E81/><V8/><F107/><W4/><G76/><T132/><D132/><U124/><E124/><V123/><F123/><W109/><G109/><T29/><D29/><U80/><E80/><V94/><F128/><W31/><G71/><T119/><D119/><U87/><E87/><V79/><F108/><W122/><G122/><T19/><D39/><U91/><E91/><V82/><F106/><W12/><G103/><T46/><REACH who="0" step="1"/><D51/><REACH who="0" ten="240,250,227,273" step="2"/><U20/><E37/><V113/><F113/><W72/><G72/><T43/><D43/><U102/><E34/><V64/><F49/><N who="3" m="28991" /><G63/><T61/><D61/><N who="1" m="35975" /><E32/><V84/><F64/><W23/><G28/><T129/><D129/><U120/><E120/><V105/><F58/><W21/><G31/><T133/><D133/><U104/><E41/><V10/><F26/><W50/><G50/><T13/><D13/><AGARI ba="0,1" hai="4,5,12,13,14,21,22,23,88,92,97" m="28991" machi="13" ten="30,2000,0" yaku="8,1,54,1" doraHai="57" who="3" fromWho="0" sc="240,-20,250,0,227,0,273,30" /><INIT seed="3,0,0,4,2,100" ten="220,250,227,303" oya="3" hai0="131,26,112,60,14,56,41,90,102,94,104,120,121" hai1="3,126,58,57,101,46,33,97,123,37,130,9,67" hai2="50,4,77,122,27,74,68,30,132,38,7,127,47" hai3="13,73,32,17,19,34,69,128,20,113,135,116,111"/><W39/><RYUUKYOKU type="yao9" ba="0,0" sc="220,0,250,0,227,0,303,0" hai3="13,17,19,20,32,34,39,69,73,111,113,116,128,135" /><INIT seed="3,1,0,2,0,19" ten="220,250,227,303" oya="3" hai0="23,133,10,110,91,89,58,45,104,39,65,92,15" hai1="123,61,97,124,35,42,96,88,129,17,59,106,83" hai2="46,21,56,66,78,70,2,29,114,86,18,131,118" hai3="12,28,22,81,113,85,43,115,125,120,72,73,71"/><W74/><G120/><T130/><D104/><U64/><E35/><V108/><F114/><W25/><G71/><T135/><D130/><U119/><E123/><V67/><F118/><W105/><G105/><T16/><D110/><U50/><E119/><V9/><F70/><W128/><G128/><T100/><D100/><U53/><E129/><V62/><F108/><W27/><G43/><T54/><D65/><U34/><E34/><V31/><F131/><W111/><G111/><T101/><D101/><U98/><E124/><V33/><F33/><W14/><G125/><T36/><D10/><U40/><E106/><V63/><F46/><W109/><G27/><T6/><D6/><U7/><E7/><V84/><F78/><W77/><G109/><T82/><D82/><U1/><E1/><V51/><F9/><W26/><G26/><T126/><D126/><U75/><E17/><V93/><F51/><W5/><G5/><T44/><D91/><U60/><E75/><V99/><F63/><N who="1" m="24137" /><E64/><V41/><F67/><W103/><G103/><T0/><D0/><U90/><E90/><N who="2" m="55735" /><F41/><W49/><G49/><N who="0" m="31055" /><D39/><U122/><E122/><V95/><F2/><W87/><G113/><T3/><D3/><U121/><E121/><V20/><F18/><W116/><G115/><T30/><D30/><N who="2" m="11274" /><F95/><W102/><G116/><T117/><D117/><U112/><E112/><V79/><F79/><N who="3" m="46271" /><G102/><T24/><D24/><U4/><E4/><V55/><F66/><W32/><G32/><T57/><D36/><U37/><E37/><V69/><F69/><W94/><G77/><T132/><D57/><RYUUKYOKU ba="1,0" sc="220,0,250,0,227,0,303,0" hai0="15,16,23,44,45,89,92,132,133,135" hai1="40,42,50,53,59,83,88,96,97,98" hai2="20,21,55,56,62,84,86" hai3="12,14,22,25,28,72,73,74,87,94" owari="220,-28.0,250,5.0,227,-17.3,303,40.3" /></mjloggm>