<mjloggm ver="2.3"><GO type="225" lobby="0"/><UN n0="%E3%81%B8%E3%82%80%E3%81%B8%E3%82%80%EF%BC%92%E5%8F%B7" n1="%4B%2E%32%2E%4B%2E" n2="%6D%75%75%6D%75%72%61" n3="%E3%81%8B%E3%82%8F%E3%81%A1%E3%82%83%E3%82%93%35%38" dan="16,17,17,17" rate="2116.65,2182.26,2185.41,2149.50" sx="M,M,F,M"/><TAIKYOKU oya="0"/><INIT seed="0,0,0,3,3,126" ten="250,250,250,250" oya="0" hai0="130,75,57,64,110,61,100,124,106,4,24,98,114" hai1="55,22,74,34,6,48,116,131,97,123,36,135,17" hai2="122,121,39,94,40,14,23,45,107,9,120,10,99" hai3="84,128,72,51,88,93,77,50,85,119,108,117,25"/><T105/><D114/><U134/><E116/><V7/><F107/><W111/><G25/><T0/><D124/><U21/><E123/><V76/><F76/><W15/><G15/><T89/><D75/><U29/><E36/><V1/><F23/><W58/><G58/><T20/><D110/><N who="3" m="42025" /><G50/><T65/><D89/><U67/><E74/><V90/><REACH who="2" step="1"/><F120/><REACH who="2" ten="250,250,240,250" step="2"/><W43/><G72/><T60/><D106/><U63/><E22/><V42/><F42/><W54/><G43/><T8/><D130/><U96/><E21/><V91/><F91/><W73/><G73/><T78/><D78/><U31/><E131/><V62/><F62/><W68/><G128/><T115/><D115/><U35/><E63/><V59/><F59/><N who="3" m="33247" /><G68/><T80/><D60/><U103/><E35/><V32/><F32/><W129/><G129/><T118/><D118/><N who="3" m="45065" /><G77/><T19/><D65/><U38/><E67/><V79/><F79/><W5/><G5/><AGARI ba="0,1" hai="1,5,7,9,10,14,39,40,45,90,94,99,121,122" machi="5" ten="30,2000,0" yaku="1,1,7,1,53,0" doraHai="126" doraHaiUra="112" who="2" fromWho="3" sc="250,0,250,0,240,30,250,-20" /><INIT seed="1,0,0,4,5,53" ten="250,250,270,230" oya="1" hai0="71,43,117,24,122,13,1,120,9,130,31,3,14" hai1="27,63,61,76,109,54,69,80,98,95,40,48,108" hai2="20,21,5,11,128,4,28,101,62,105,133,65,33" hai3="55,126,110,22,25,94,74,79,23,68,85,89,0"/><U67/><E40/><V134/><F128/><W100/><G0/><N who="0" m="75" /><D71/><U17/><E61/><V59/><F33/><W8/><G68/><T112/><D43/><U115/><E115/><V15/><F4/><W116/><G8/><T39/><D39/><U58/><E27/><V70/><F70/><W103/><G110/><N who="1" m="42602" /><E17/><V86/><F86/><W29/><G126/><T81/><D81/><U60/><E60/><V113/><F113/><W123/><G123/><N who="0" m="47147" /><D112/><U50/><E50/><V45/><F45/><W118/><G22/><N who="0" m="15767" /><D130/><U114/><E114/><V124/><F124/><W30/><G30/><T102/><D102/><N who="1" m="60767" /><E80/><V34/><F34/><W104/><G29/><T93/><D117/><U35/><E35/><V7/><F28/><W96/><G118/><T47/><D47/><N who="1" m="27935" /><E76/><V49/><F49/><W131/><G116/><T135/><D135/><U88/><E69/><V36/><F36/><W78/><G131/><T125/><D125/><U46/><E46/><V44/><F44/><W111/><G111/><T75/><D75/><U73/><E73/><V42/><F42/><W72/><G72/><T92/><D9/><U18/><E88/><V66/><F133/><W52/><G103/><T56/><D56/><U26/><E26/><V91/><F134/><W37/><G37/><T10/><D13/><U119/><E119/><V16/><F15/><W106/><G79/><T127/><D127/><U132/><E132/><V129/><F129/><W32/><G32/><T121/><N who="0" m="47155" /><T6/><AGARI ba="0,0" hai="6,10,14,92,93" m="15767,47155,75" machi="6" ten="50,3200,0" yaku="4,1,13,1" doraHai="53" who="0" fromWho="0" sc="250,32,250,-16,270,-8,230,-8" /><INIT seed="2,0,0,3,2,14" ten="282,234,262,222" oya="2" hai0="74,57,88,35,90,2,19,27,104,108,131,81,112" hai1="101,53,28,62,21,51,106,17,85,5,36,24,75" hai2="130,61,132,83,73,34,11,65,111,82,12,109,99" hai3="100,125,70,4,23,127,103,110,50,135,133,22,124"/><V64/><F34/><W9/><G70/><T46/><D112/><U89/><E75/><V26/><F130/><W134/><G50/><T59/><D104/><U38/><E5/><V54/><F132/><W43/><G43/><T31/><D131/><U92/><E62/><V97/><F26/><W129/><G129/><T30/><D108/><N who="2" m="41546" /><F54/><W55/><G55/><T25/><D2/><U20/><E101/><N who="3" m="38986" /><G110/><T96/><D46/><U3/><E3/><AGARI ba="0,0" hai="3,4,9,22,23,124,125,127,133,134,135" m="38986" machi="3" ten="40,2600,0" yaku="18,1,20,1" doraHai="14" who="3" fromWho="1" sc="282,0,234,-26,262,0,222,26" /><INIT seed="3,0,0,4,1,107" ten="282,208,262,248" oya="3" hai0="25,131,123,54,50,84,2,5,37,30,132,106,52" hai1="49,15,24,39,8,1,95,111,17,45,12,36,16" hai2="3,133,34,87,28,122,72,41,80,129,38,67,62" hai3="109,61,117,105,94,22,86,0,68,116,127,78,71"/><W88/><G0/><T58/><D123/><U7/><E111/><V51/><F38/><W126/><G105/><T114/><D37/><U60/><E24/><V59/><F122/><W130/><G130/><T118/><D118/><N who="3" m="45673" /><G109/><T57/><D106/><U26/><E39/><V53/><F133/><W90/><G78/><T75/><D75/><U19/><E36/><V81/><F3/><W29/><G61/><T73/><D73/><U44/><E26/><V120/><F120/><W32/><G32/><T96/><D132/><U48/><E60/><V70/><F129/><W97/><G22/><T108/><D108/><U65/><E65/><V10/><F10/><W103/><G29/><T93/><D84/><U79/><E95/><V100/><F100/><W104/><G68/><T27/><D114/><U46/><REACH who="1" step="1"/><E79/><REACH who="1" ten="282,198,262,248" step="2"/><V47/><F62/><W113/><G113/><T66/><D131/><U92/><E92/><V128/><F67/><W98/><G71/><T69/><D66/><U42/><E42/><V40/><F70/><W55/><G55/><T63/><D69/><U56/><E56/><V121/><F40/><W4/><G4/><T112/><D112/><U115/><E115/><V91/><F121/><W82/><AGARI ba="0,1" hai="82,86,88,90,94,97,98,103,104,126,127" m="45673" machi="82" ten="30,6000,0" yaku="34,2,54,1" doraHai="107" who="3" fromWho="3" sc="282,-20,198,-20,262,-20,248,70" owari="262,6.2,178,-32.2,242,-15.8,318,41.8" /></mjloggm>