<mjloggm ver="2.3"><GO type="225" lobby="0"/><UN n0="%E3%81%B5%E3%81%98%E3%81%8B%E3%81%A4" n1="%E3%81%8C%E3%81%9F" n2="%E4%BA%95%E5%B8%AF" n3="%E3%82%A2%E3%83%BC%E3%83%A2%E3%83%AD%E3%83%BC%E3%83%B4%E3%82%A1" dan="16,17,16,16" rate="2190.23,2138.16,2052.49,2154.61" sx="M,M,M,M"/><TAIKYOKU oya="0"/><INIT seed="0,0,0,1,1,50" ten="250,250,250,250" oya="0" hai0="128,108,9,81,135,11,34,131,78,130,86,118,46" hai1="134,122,67,70,43,66,100,132,5,15,89,106,68" hai2="36,61,69,95,57,21,17,38,124,64,26,54,80" hai3="115,40,0,73,71,55,14,62,49,91,51,48,30"/><T88/><D118/><U10/><E122/><V20/><F124/><W31/><G115/><T45/><D34/><U84/><E43/><V109/><F109/><W35/><G0/><T4/><D108/><U8/><E100/><V53/><F80/><W24/><G73/><T33/><D33/><U97/><E97/><V83/><F83/><W19/><G31/><T6/><D135/><N who="1" m="51755" /><E106/><V99/><F21/><W114/><G114/><T76/><D76/><U16/><E70/><V28/><F17/><W22/><G40/><T107/><D107/><U98/><E98/><V103/><F69/><W13/><G91/><T74/><D11/><U41/><E41/><V111/><F111/><W75/><G75/><T12/><REACH who="0" step="1"/><D6/><REACH who="0" ten="240,250,250,250" step="2"/><U65/><E68/><V1/><REACH who="2" step="1"/><F1/><REACH who="2" ten="240,250,240,250" step="2"/><W120/><G71/><T29/><D29/><U105/><E105/><V110/><F110/><W117/><G30/><T92/><AGARI ba="0,2" hai="4,9,12,45,46,74,78,81,86,88,92,128,130,131" machi="92" ten="30,11700,0" yaku="1,1,0,1,19,1,54,1,53,0" doraHai="50" doraHaiUra="27" who="0" fromWho="0" sc="240,137,250,-39,240,-39,250,-39" /><INIT seed="0,1,0,5,3,87" ten="377,211,201,211" oya="0" hai0="113,85,69,43,135,112,76,134,48,97,32,7,121" hai1="84,132,88,38,73,14,74,9,31,128,123,17,44" hai2="81,58,95,46,78,118,119,65,2,101,50,82,126" hai3="62,129,104,111,86,106,35,91,21,96,124,57,4"/><T94/><D32/><U70/><E123/><V33/><F2/><W66/><G35/><T51/><D69/><U79/><E70/><V63/><F33/><W42/><G111/><T68/><D68/><U52/><E128/><V115/><F115/><W13/><G129/><T133/><D7/><U3/><E132/><V45/><F126/><W19/><G124/><T22/><D22/><U90/><E31/><V40/><F46/><W24/><G42/><T10/><D10/><U64/><E64/><V116/><REACH who="2" step="1"/><F78/><REACH who="2" ten="377,211,191,211" step="2"/><W0/><G0/><T25/><D113/><U109/><E3/><V93/><F93/><W6/><G104/><T77/><D112/><U53/><E109/><V108/><F108/><W100/><REACH who="3" step="1"/><G13/><REACH who="3" ten="377,211,191,201" step="2"/><T117/><D134/><U99/><E14/><V34/><F34/><W23/><G23/><T28/><D135/><U71/><E9/><V47/><F47/><W61/><G61/><T49/><D133/><U36/><E44/><V37/><F37/><W125/><G125/><T114/><D114/><U75/><E36/><V59/><F59/><W72/><G72/><T102/><D117/><U92/><E38/><V41/><F41/><W16/><G16/><T67/><D43/><U120/><E71/><V26/><F26/><W54/><G54/><N who="1" m="21098" /><E17/><V56/><F56/><W105/><G105/><T12/><D25/><U122/><E122/><V15/><F15/><W110/><G110/><T80/><D12/><U130/><E120/><V5/><F5/><W98/><G98/><AGARI ba="1,2" hai="40,45,50,58,63,65,81,82,95,98,101,116,118,119" machi="98" ten="40,2600,0" yaku="1,1,12,1,53,0" doraHai="87" doraHaiUra="30" who="2" fromWho="3" sc="377,0,211,0,191,49,201,-29" /><INIT seed="1,0,0,4,0,10" ten="377,211,240,172" oya="1" hai0="23,69,111,39,115,16,29,125,82,133,118,90,107" hai1="86,56,49,121,104,50,100,31,30,124,66,58,18" hai2="1,83,102,93,89,5,129,92,101,47,62,26,68" hai3="9,67,41,3,28,37,63,44,59,17,109,110,116"/><U122/><E124/><V114/><F129/><W126/><G126/><T27/><D115/><U14/><E104/><V15/><F114/><W13/><G116/><T113/><D118/><U99/><E121/><V85/><F1/><W8/><REACH who="3" step="1"/><G28/><REACH who="3" ten="377,211,240,162" step="2"/><N who="0" m="17535" /><D125/><U128/><E122/><V134/><F134/><W7/><AGARI ba="0,1" hai="3,7,8,9,13,17,37,41,44,59,63,67,109,110" machi="7" ten="30,7900,0" yaku="1,1,0,1,52,1,53,1" doraHai="10" doraHaiUra="60" who="3" fromWho="3" sc="377,-20,211,-39,240,-20,162,89" /><INIT seed="2,0,0,4,3,50" ten="357,172,220,251" oya="2" hai0="123,45,56,118,40,24,32,6,97,117,71,9,103" hai1="17,81,37,87,5,116,98,31,112,79,70,20,74" hai2="35,101,3,26,91,102,1,132,42,4,122,121,89" hai3="120,128,7,54,109,59,82,41,12,23,124,88,10"/><V86/><F42/><W93/><G109/><T57/><D71/><U83/><E112/><V72/><F35/><W36/><G120/><T92/><D123/><U133/><E116/><N who="0" m="44649" /><D24/><U55/><E70/><V16/><F72/><W85/><G128/><T113/><D32/><U19/><E37/><V15/><F132/><W2/><G124/><T51/><D113/><U28/><E133/><V47/><F47/><W67/><G67/><T30/><D30/><U130/><E130/><V111/><F26/><W131/><G131/><T27/><D27/><U105/><E5/><V119/><F119/><W125/><G125/><T21/><D21/><U49/><E105/><V48/><F48/><W38/><G41/><T84/><D84/><U13/><E98/><V43/><F43/><W58/><G58/><T129/><D129/><U53/><E17/><V64/><F64/><W90/><G23/><T25/><D25/><U107/><E107/><V34/><F34/><W60/><REACH who="3" step="1"/><G12/><AGARI ba="0,0" hai="6,9,12,40,45,51,56,57,92,97,103" m="44649" machi="12" ten="30,1000,0" yaku="12,1" doraHai="50" who="0" fromWho="3" sc="357,10,172,0,220,0,251,-10" /><INIT seed="3,0,0,2,2,128" ten="367,172,220,241" oya="3" hai0="38,14,24,83,126,65,81,127,131,86,104,28,16" hai1="34,96,112,130,43,75,71,107,121,8,95,115,100" hai2="103,11,102,114,84,132,61,4,22,108,99,66,45" hai3="85,72,13,40,68,113,125,48,15,123,42,88,133"/><W19/><G123/><T50/><D131/><U27/><E121/><V9/><F114/><W97/><G113/><T37/><D104/><U31/><E130/><V82/><F108/><W57/><G68/><T56/><D65/><U1/><E95/><V54/><F22/><W70/><G70/><T49/><D49/><U91/><E91/><V118/><F118/><W25/><G72/><T120/><D50/><U7/><E43/><V2/><F11/><W21/><G97/><T3/><D56/><U93/><E93/><V30/><F30/><W119/><G133/><T62/><D62/><U46/><E46/><V60/><F132/><W32/><G125/><N who="0" m="47627" /><D3/><U63/><E75/><V53/><F45/><W98/><G98/><T36/><D86/><U101/><E101/><V109/><F109/><W129/><G119/><T116/><D120/><U122/><E122/><V74/><F103/><W5/><G32/><N who="0" m="20487" /><D116/><U73/><E73/><V124/><F61/><W51/><G129/><T6/><D6/><U80/><E80/><V106/><F74/><W12/><G5/><T23/><AGARI ba="0,0" hai="14,16,23,36,37,38,81,83" m="20487,47627" machi="23" ten="40,2700,0" yaku="18,1,54,1" doraHai="128" who="0" fromWho="0" sc="367,27,172,-7,220,-7,241,-13" owari="394,49.4,165,-33.5,213,-18.7,228,2.8" /></mjloggm>