<mjloggm ver="2.3"><GO type="225" lobby="0"/><UN n0="%E5%8D%A0%E3%81%84%E5%B8%AB%E8%A3%8F%E3%81%AA%E3%81%84%E3%81%97" n1="%E3%80%93%E3%81%97%E3%83%BC%E3%82%89%E3%80%93" n2="%E5%B8%86%E7%AB%8B%E5%A4%8F%E8%A1%A3" n3="%6C%61%6D%62" dan="17,17,17,16" rate="2222.11,2152.43,2210.08,2194.73" sx="M,M,M,M"/><TAIKYOKU oya="0"/><INIT seed="0,0,0,4,0,75" ten="250,250,250,250" oya="0" hai0="18,54,85,94,59,126,65,55,118,19,34,9,15" hai1="5,49,62,77,42,135,111,78,130,97,67,93,22" hai2="8,69,79,56,110,115,41,38,58,84,28,72,39" hai3="47,21,17,51,46,66,52,101,43,1,71,88,109"/><T4/><D34/><U6/><E111/><V89/><F69/><W92/><G109/><T35/><D35/><U105/><BYE who="0" /><E105/><V61/><F115/><W32/><G1/><UN n0="%E5%8D%A0%E3%81%84%E5%B8%AB%E8%A3%8F%E3%81%AA%E3%81%84%E3%81%97" /><T0/><D126/><U91/><E130/><V63/><F28/><W7/><G7/><N who="1" m="2570" /><E135/><V131/><F8/><W113/><G32/><T14/><D118/><U31/><E62/><V16/><F16/><N who="0" m="6186" /><D0/><U2/><E67/><V132/><F132/><W98/><G113/><T103/><D14/><U25/><E2/><V100/><F100/><W87/><G66/><T53/><D65/><U11/><E11/><V30/><F30/><W73/><G73/><T37/><D37/><U125/><E125/><V107/><F107/><W122/><G122/><T104/><D104/><U123/><E123/><V121/><F131/><W57/><G43/><T60/><D103/><U114/><E114/><V26/><F41/><W128/><G128/><T112/><D112/><U70/><E70/><V27/><F121/><W129/><G71/><T12/><D12/><U40/><E40/><V33/><F110/><W50/><G50/><T48/><D48/><U96/><E97/><V124/><F124/><W134/><G134/><T80/><D94/><U102/><E102/><V83/><F33/><W45/><G129/><T119/><D119/><U108/><E108/><V23/><F39/><W74/><G74/><T68/><D68/><U116/><E116/><V29/><F38/><W3/><G3/><T120/><D120/><U76/><E42/><V64/><F64/><W95/><G21/><T44/><D44/><U117/><E117/><RYUUKYOKU ba="0,0" sc="250,10,250,10,250,-30,250,10" hai0="4,9,15,53,54,55,59,60,80,85" hai1="22,25,31,49,76,77,78,91,93,96" hai3="17,45,46,47,51,52,57,87,88,92,95,98,101" /><INIT seed="0,1,0,5,0,54" ten="260,260,220,260" oya="0" hai0="72,29,76,20,87,50,97,47,131,58,111,116,96" hai1="63,134,16,124,86,95,68,57,90,122,64,51,109" hai2="1,104,3,4,10,61,56,77,22,108,106,67,28" hai3="125,126,120,75,103,127,128,52,5,110,78,130,41"/><T84/><D116/><U27/><E122/><V129/><F108/><W100/><G41/><T44/><D72/><U26/><E109/><V53/><F129/><N who="3" m="49771" /><G110/><T14/><D111/><U93/><E134/><V6/><F77/><W73/><G5/><T46/><D131/><U115/><E124/><V113/><F113/><W135/><G135/><T82/><D84/><U98/><E115/><V13/><F67/><W31/><G31/><T114/><D114/><U99/><E86/><V2/><REACH who="2" step="1"/><F6/><REACH who="2" ten="260,260,210,260" step="2"/><W70/><G120/><T60/><D29/><U101/><E68/><V25/><AGARI ba="1,1" hai="1,2,3,4,10,13,22,25,28,53,56,61,104,106" machi="25" ten="40,8000,1" yaku="1,1,2,1,0,1,52,1,53,0" doraHai="54" doraHaiUra="42" who="2" fromWho="2" sc="260,-41,260,-21,210,93,260,-21" /><INIT seed="1,0,0,1,4,111" ten="219,239,303,239" oya="1" hai0="27,85,81,46,108,9,80,21,49,75,8,118,77" hai1="90,105,11,87,67,24,134,94,28,42,72,40,36" hai2="133,13,15,78,53,66,131,93,14,99,58,106,25" hai3="45,44,129,19,37,125,10,116,122,5,1,100,123"/><U69/><E72/><V0/><F0/><W107/><G129/><T114/><D118/><U130/><E130/><V120/><F120/><W35/><G116/><T38/><D38/><U104/><E134/><V47/><F106/><W59/><G35/><T20/><D108/><U33/><E11/><V63/><F133/><W117/><G117/><T54/><D21/><U121/><E121/><V83/><F131/><W12/><G125/><T17/><REACH who="0" step="1"/><D114/><REACH who="0" ten="209,239,303,239" step="2"/><U64/><E36/><V92/><F25/><W7/><G37/><T43/><D43/><U3/><E42/><V18/><F18/><W56/><G122/><T55/><D55/><U23/><E40/><V34/><F34/><W98/><G123/><T96/><D96/><U84/><E33/><V39/><F99/><W82/><G7/><T91/><AGARI ba="0,1" hai="8,9,17,20,27,46,49,54,75,77,80,81,85,91" machi="91" ten="20,8000,1" yaku="1,1,0,1,7,1,53,2" doraHai="111" doraHaiUra="4" who="0" fromWho="0" sc="209,90,239,-40,303,-20,239,-20" /><INIT seed="2,0,0,3,3,82" ten="299,199,283,219" oya="2" hai0="44,92,33,60,103,106,104,134,1,21,109,56,131" hai1="95,42,91,3,66,84,0,45,99,88,28,4,35" hai2="71,53,23,59,130,72,32,100,16,24,69,126,68" hai3="78,81,121,17,55,43,57,83,135,48,10,75,108"/><V2/><F126/><W6/><G121/><T31/><D109/><U86/><E66/><V79/><F130/><W64/><G108/><T74/><D33/><U58/><E58/><V29/><F2/><W97/><G135/><T30/><D74/><U27/><E4/><V115/><F115/><W11/><G43/><T37/><D1/><U51/><REACH who="1" step="1"/><E99/><REACH who="1" ten="299,189,283,219" step="2"/><V38/><F71/><W93/><G64/><T117/><D56/><U107/><E107/><V90/><F69/><W127/><G6/><T46/><D104/><U122/><E122/><V98/><F68/><W125/><G125/><T128/><D106/><U41/><E41/><V65/><F98/><W124/><G124/><T116/><D128/><U112/><E112/><V94/><F59/><W87/><G127/><T9/><D131/><U39/><E39/><V77/><F38/><W119/><G119/><T25/><D37/><U129/><E129/><V14/><F65/><W89/><REACH who="3" step="1"/><G17/><REACH who="3" ten="299,189,283,209" step="2"/><T111/><D116/><U110/><E110/><V49/><F16/><W12/><G12/><T132/><D111/><U85/><E85/><V114/><F14/><W101/><AGARI ba="0,2" hai="10,11,48,55,57,75,78,81,83,87,89,93,97,101" machi="101" ten="20,5200,0" yaku="1,1,0,1,7,1,52,1,53,0" doraHai="82" doraHaiUra="40" who="3" fromWho="3" sc="299,-13,189,-13,283,-26,209,72" /><INIT seed="3,0,0,0,4,64" ten="286,176,257,281" oya="3" hai0="102,110,78,133,87,132,108,97,99,81,59,122,77" hai1="131,60,68,14,92,106,86,91,43,123,89,44,69" hai2="124,70,40,12,45,4,9,109,80,105,95,22,90" hai3="23,28,62,85,126,58,50,104,2,65,118,1,98"/><W6/><G118/><T79/><D122/><U52/><E123/><V27/><F105/><W74/><G74/><T42/><D59/><U101/><E131/><V67/><F109/><N who="0" m="42090" /><D42/><U119/><E119/><V24/><F124/><W114/><G114/><T94/><D99/><U34/><E34/><V100/><F100/><W54/><G126/><T5/><D5/><U3/><E3/><V25/><F80/><W107/><G85/><T38/><D38/><U49/><E106/><V56/><F56/><W121/><G121/><T88/><AGARI ba="0,0" hai="77,78,79,81,87,88,94,97,102,132,133" m="42090" machi="88" ten="40,8000,1" yaku="14,1,34,2,54,1" doraHai="64" who="0" fromWho="0" sc="286,80,176,-20,257,-20,281,-40" owari="366,46.6,156,-34.4,237,-16.3,241,4.1" /></mjloggm>