<mjloggm ver="2.3"><GO type="225" lobby="0"/><UN n0="%72%69%6F%75%63%68%61%6E" n1="%6D%75%75%6D%75%72%61" n2="%E8%AB%B8%E8%91%9B%E4%BA%AE" n3="%E4%BF%BA%E3%81%A8%E5%A6%96%E5%A4%A2" dan="16,16,16,17" rate="2105.14,2089.31,2111.44,2259.50" sx="M,F,M,F"/><TAIKYOKU oya="0"/><INIT seed="0,0,0,2,3,74" ten="250,250,250,250" oya="0" hai0="122,76,37,105,34,119,43,103,77,91,101,17,68" hai1="121,98,51,130,35,5,116,33,0,6,135,54,40" hai2="71,132,29,42,18,23,7,19,4,115,106,8,102" hai3="22,39,36,114,83,58,72,38,25,129,78,124,126"/><T96/><D119/><U81/><E116/><V127/><F115/><W47/><G114/><T61/><D122/><U99/><E121/><V125/><F71/><W95/><G129/><T31/><D103/><U48/><E130/><V94/><F106/><W21/><G58/><T44/><D17/><N who="2" m="6154" /><F42/><W45/><G95/><T13/><D13/><U90/><E135/><V134/><F94/><W26/><G21/><T69/><D91/><U86/><E35/><V28/><F102/><W59/><G59/><T73/><D73/><U10/><E33/><V65/><F65/><W55/><G55/><T46/><D46/><N who="3" m="17417" /><G22/><T85/><D85/><U60/><E40/><V112/><F112/><W75/><G75/><T52/><D52/><U57/><REACH who="1" step="1"/><E6/><REACH who="1" ten="250,240,250,250" step="2"/><V12/><F4/><W79/><G39/><T24/><REACH who="0" step="1"/><D69/><REACH who="0" ten="240,240,250,250" step="2"/><U41/><E41/><V111/><F134/><W123/><G123/><T14/><D14/><U2/><E2/><V63/><F132/><W120/><G120/><T113/><D113/><U64/><E64/><AGARI ba="0,2" hai="24,31,34,37,43,44,61,64,68,76,77,96,101,105" machi="64" ten="40,12000,1" yaku="1,1,25,2,52,2,53,0" doraHai="74" doraHaiUra="1" who="0" fromWho="1" sc="240,140,240,-120,250,0,250,0" /><INIT seed="0,1,0,2,5,71" ten="380,120,250,250" oya="0" hai0="67,108,126,57,107,131,73,55,114,10,92,30,33" hai1="5,121,104,35,44,101,106,38,91,94,134,22,132" hai2="100,123,87,34,70,24,119,97,48,0,54,118,21" hai3="39,113,53,36,64,1,122,90,23,27,17,60,29"/><T128/><D114/><U56/><E35/><V26/><F123/><W103/><G113/><T68/><D107/><U28/><E121/><V79/><F70/><W2/><G122/><T78/><D126/><U75/><E75/><V25/><F0/><W45/><G103/><T59/><D33/><U85/><E56/><V9/><F34/><W117/><G117/><T14/><D30/><U20/><E5/><V76/><F9/><W15/><G53/><T37/><D68/><U61/><E61/><V89/><F21/><N who="1" m="8297" /><E101/><V3/><F3/><W74/><G74/><T116/><D116/><N who="2" m="44586" /><F97/><W31/><G31/><T32/><D32/><U11/><E11/><V83/><F100/><W96/><G29/><T6/><D67/><U8/><E8/><V41/><F41/><W40/><G36/><T81/><D37/><U13/><E13/><V127/><F127/><W65/><G15/><T12/><D14/><U88/><E91/><V105/><F105/><W42/><G42/><T129/><D55/><U62/><E28/><V80/><F80/><W135/><G65/><T46/><D46/><AGARI ba="1,0" hai="24,25,26,46,48,54,76,79,83,87,89" m="44586" machi="46" ten="30,1000,0" yaku="12,1" doraHai="71" who="2" fromWho="0" sc="380,-13,120,0,250,13,250,0" /><INIT seed="1,0,0,1,0,92" ten="367,120,263,250" oya="1" hai0="42,116,40,109,123,48,120,74,62,134,105,59,131" hai1="50,4,112,3,117,36,64,32,38,69,75,16,52" hai2="83,93,8,126,49,33,107,22,76,122,67,82,124" hai3="12,85,77,68,113,0,132,20,37,53,104,127,119"/><U73/><E112/><V31/><F122/><N who="0" m="46634" /><D74/><U43/><E117/><V101/><F107/><W103/><G68/><T118/><D105/><U128/><E32/><V54/><F33/><W63/><G37/><T88/><D109/><U29/><E29/><V17/><F67/><W95/><G20/><T81/><D131/><U19/><E128/><V39/><F39/><W14/><G0/><T61/><D134/><U79/><E64/><V72/><F82/><W110/><G63/><N who="0" m="24075" /><D88/><U71/><E71/><V70/><F70/><W80/><G53/><N who="0" m="32167" /><D81/><N who="1" m="45295" /><E38/><V41/><F72/><W7/><G132/><T46/><D40/><U98/><E75/><V55/><F41/><W24/><G104/><T2/><D2/><U30/><E98/><V57/><F83/><W47/><G80/><T133/><D133/><U13/><E30/><V44/><F76/><W86/><G77/><T66/><D66/><U60/><E60/><V125/><F31/><W10/><G113/><T108/><D108/><U94/><E69/><V26/><F8/><W35/><G10/><T25/><D25/><U97/><E3/><V87/><F87/><W28/><G85/><T5/><D5/><U1/><E1/><V9/><F9/><W106/><G86/><T115/><D115/><U121/><E121/><V99/><F55/><W89/><G28/><T100/><D100/><N who="1" m="60471" /><E43/><V15/><F26/><W27/><G24/><T58/><D58/><AGARI ba="0,0" hai="15,17,22,44,49,54,57,58,93,99,101,124,125,126" machi="58" ten="40,2600,0" yaku="18,1,52,1" doraHai="92" who="2" fromWho="0" sc="367,-26,120,0,263,26,250,0" /><INIT seed="2,0,0,2,0,99" ten="341,120,289,250" oya="2" hai0="115,58,81,12,127,10,46,13,52,44,65,125,53" hai1="129,57,40,91,117,86,15,34,30,123,101,31,74" hai2="17,50,104,69,35,82,77,87,66,8,116,128,19" hai3="2,134,41,3,61,0,54,121,72,103,113,78,64"/><V90/><F116/><W7/><G121/><T20/><D115/><U22/><E117/><V33/><F104/><W79/><G113/><T85/><D65/><U105/><E74/><V62/><F128/><W24/><G134/><T124/><D20/><U4/><E129/><V98/><F19/><W110/><G110/><T51/><D53/><U5/><E34/><V88/><F50/><W114/><G114/><T6/><D13/><U130/><E130/><V73/><F98/><W97/><G41/><T1/><D1/><U42/><E123/><V29/><F29/><W67/><G7/><T18/><D6/><U32/><E32/><V107/><F107/><W55/><G24/><T11/><D10/><U28/><E5/><V84/><F17/><W43/><G43/><T38/><D38/><U75/><E75/><V76/><F8/><W93/><G67/><T94/><D94/><U112/><E112/><V49/><F49/><W102/><G102/><T80/><D80/><U89/><E89/><AGARI ba="0,0" hai="11,12,18,44,46,51,52,58,81,85,89,124,125,127" machi="89" ten="40,2600,0" yaku="18,1,54,1" doraHai="99" who="0" fromWho="1" sc="341,26,120,-26,289,0,250,0" /><INIT seed="3,0,0,0,3,73" ten="367,94,289,250" oya="3" hai0="106,29,126,105,49,35,67,43,61,120,10,83,0" hai1="25,41,34,32,82,134,97,54,20,89,38,1,102" hai2="91,39,31,130,121,66,8,74,84,125,99,100,17" hai3="11,16,24,56,7,113,90,65,127,44,114,42,45"/><W30/><G127/><T75/><D120/><U123/><E123/><V40/><F74/><W128/><G128/><T108/><D126/><U27/><E1/><V119/><F125/><W76/><G90/><T68/><D108/><U33/><E134/><V22/><F121/><W18/><G114/><T101/><D49/><U118/><E118/><V135/><F119/><W124/><G113/><T80/><D43/><U36/><E41/><V115/><F115/><W133/><G133/><T5/><D75/><U46/><E46/><V21/><F135/><W104/><G104/><T95/><D95/><U122/><E122/><V48/><F130/><W85/><G56/><T96/><D106/><U60/><E60/><V2/><F39/><W47/><G65/><T9/><D9/><U107/><E54/><V62/><F31/><W64/><G64/><T58/><D58/><U88/><E82/><V69/><F40/><W26/><G42/><T3/><D3/><U117/><E117/><V15/><F48/><W14/><G124/><T72/><D72/><U52/><E38/><V103/><F2/><W129/><G129/><T112/><D112/><U87/><E36/><V109/><F109/><W94/><G94/><T71/><D71/><U93/><E89/><V132/><F132/><W92/><G92/><T55/><D55/><U81/><E107/><N who="2" m="63903" /><F103/><W57/><G57/><T51/><D51/><U13/><REACH who="1" step="1"/><E52/><REACH who="1" ten="367,84,289,250" step="2"/><V59/><F69/><W131/><G131/><T63/><D63/><U12/><E12/><V50/><F50/><W110/><G110/><T79/><D61/><U116/><E116/><RYUUKYOKU ba="0,1" sc="367,-15,84,15,289,15,250,-15" hai1="13,20,25,27,32,33,34,81,87,88,93,97,102" hai2="8,15,17,21,22,59,62,66,84,91" owari="362,46.2,99,-40.1,304,10.4,235,-16.5" /></mjloggm>