<mjloggm ver="2.3"><GO type="225" lobby="0"/><UN n0="%6D%75%75%6D%75%72%61" n1="%E6%B4%BE%E9%81%A3%E3%81%AE%E3%82%B8%E3%83%A3%E3%83%83%E3%82%AF" n2="%E3%83%97%E3%83%AC%E3%83%B4%E3%82%A1%E3%83%86%E3%82%A3" n3="%72%69%6F%75%63%68%61%6E" dan="17,17,16,17" rate="2181.42,2197.46,2122.92,2160.03" sx="F,M,F,M"/><TAIKYOKU oya="0"/><INIT seed="0,0,0,0,2,91" ten="250,250,250,250" oya="0" hai0="24,82,108,43,49,117,112,74,23,26,124,69,78" hai1="50,92,7,64,104,71,44,46,72,98,116,77,18" hai2="114,121,59,88,107,47,86,128,40,39,22,27,110" hai3="10,122,135,132,87,1,113,96,6,30,115,106,37"/><T103/><D112/><U97/><E116/><V15/><F114/><W120/><G37/><T68/><D117/><U41/><E7/><V19/><F121/><N who="3" m="46699" /><G87/><T93/><D124/><U14/><E71/><V65/><F107/><W61/><G61/><T94/><D108/><U5/><E64/><V127/><F110/><W81/><G81/><T48/><D26/><U25/><E5/><V58/><F127/><W13/><G106/><T76/><D76/><U100/><E25/><V3/><F3/><W129/><G129/><T54/><D43/><U134/><E46/><V99/><F99/><W17/><G96/><T133/><D103/><U84/><E134/><N who="3" m="51242" /><G30/><T109/><D109/><U29/><E29/><V35/><F128/><W131/><G131/><T34/><D34/><U111/><E111/><V21/><F35/><W89/><G89/><T62/><D133/><U51/><E72/><V70/><F70/><W32/><G32/><T105/><D105/><U102/><E84/><V119/><F65/><W123/><N who="3" m="46707" /><W31/><DORA hai="33" /><G31/><T79/><D79/><U53/><E77/><V60/><F60/><W11/><AGARI ba="0,0" hai="1,6,10,11,13,17,113,115" m="51242,46707" machi="11" ten="50,8000,1" yaku="13,1,20,1,34,2,52,1" doraHai="91,33" who="3" fromWho="3" sc="250,-40,250,-20,250,-20,250,80" /><INIT seed="1,0,0,3,1,132" ten="210,230,230,330" oya="1" hai0="12,122,96,23,105,21,32,120,36,19,94,17,72" hai1="66,63,106,60,48,82,43,86,6,65,46,18,113" hai2="58,83,101,85,107,67,74,78,135,128,45,26,0" hai3="27,28,71,34,131,92,49,41,103,38,84,125,24"/><U25/><E106/><V69/><F128/><W115/><G125/><T109/><D105/><U54/><E113/><V93/><F135/><W15/><G115/><T76/><D32/><U33/><E6/><V56/><F0/><W110/><G71/><T59/><D36/><U89/><E33/><V39/><F26/><W20/><G38/><T104/><D104/><U11/><E25/><V13/><F13/><W55/><G131/><T5/><D5/><U73/><E73/><V129/><F129/><W112/><G112/><T47/><D109/><U50/><E65/><V91/><F67/><W16/><G110/><T22/><D47/><N who="1" m="27999" /><E66/><V121/><F69/><W130/><G130/><T30/><D30/><U117/><E117/><V119/><F121/><N who="0" m="46698" /><D59/><U75/><E75/><V126/><F119/><W98/><G41/><T70/><D70/><U118/><E118/><V35/><F35/><W1/><G1/><T61/><D61/><U29/><E29/><V90/><F90/><N who="3" m="53319" /><G28/><T133/><D133/><U80/><E80/><V57/><F45/><N who="3" m="28079" /><G34/><T31/><D31/><U42/><E42/><V81/><F39/><W51/><G51/><T114/><D114/><U102/><E102/><V123/><F123/><W4/><G4/><T64/><D64/><U40/><E40/><V2/><F2/><W116/><G116/><T88/><D19/><U95/><E82/><AGARI ba="0,0" hai="12,17,21,22,23,72,76,82,88,94,96" m="46698" machi="82" ten="30,2000,0" yaku="13,1,54,1" doraHai="132" who="0" fromWho="1" sc="210,20,230,-20,230,0,330,0" /><INIT seed="2,0,0,2,4,40" ten="230,210,230,330" oya="2" hai0="26,122,57,8,34,102,51,130,2,36,39,108,135" hai1="47,84,132,105,45,56,37,6,80,75,128,16,79" hai2="64,134,69,90,55,73,125,52,1,85,129,96,70" hai3="109,87,86,35,83,124,100,27,74,3,0,59,42"/><V113/><F1/><W119/><G119/><T68/><D68/><U76/><E105/><V94/><F113/><W93/><G74/><T29/><D122/><U66/><E132/><V97/><F134/><W114/><G114/><T32/><D135/><U117/><E117/><V110/><F73/><W44/><G109/><T111/><D34/><U18/><E128/><V21/><F129/><W95/><G124/><T61/><D130/><U103/><E6/><V30/><F125/><W104/><G104/><T115/><D115/><U81/><E103/><V91/><F110/><N who="0" m="42026" /><D102/><U38/><E56/><V49/><F64/><W17/><G59/><T13/><D51/><U5/><E5/><V65/><F65/><W77/><G100/><T15/><D2/><U67/><E84/><V9/><F9/><W10/><G95/><T71/><D71/><U50/><E50/><V88/><F69/><W127/><G127/><T4/><D13/><U12/><E75/><V107/><F70/><W43/><G35/><T62/><D62/><U133/><E133/><V121/><F121/><W31/><G0/><T106/><D106/><U72/><E72/><V24/><F107/><W82/><G3/><T48/><D48/><U19/><E19/><V118/><F118/><W99/><G17/><T20/><D32/><U89/><E12/><V22/><F49/><N who="3" m="26775" /><G10/><T7/><D7/><U28/><E28/><V11/><F11/><W112/><G31/><T126/><D126/><U120/><E120/><V60/><F60/><W41/><G112/><T116/><D116/><U123/><E123/><V54/><F21/><RYUUKYOKU ba="0,0" sc="230,10,210,10,230,10,330,-30" hai0="4,8,15,20,26,29,36,39,57,61" hai1="16,18,37,38,45,47,66,67,76,79,80,81,89" hai2="22,24,30,52,54,55,85,88,90,91,94,96,97" /><INIT seed="2,1,0,3,0,56" ten="240,220,240,300" oya="2" hai0="84,70,134,38,118,46,82,58,105,68,37,135,42" hai1="75,43,121,107,89,72,31,83,129,87,96,111,55" hai2="130,40,102,17,9,44,132,13,71,116,35,85,77" hai3="52,65,39,12,16,48,125,26,0,61,117,123,4"/><V109/><F116/><W32/><G117/><T69/><D37/><U100/><E43/><V30/><F130/><W101/><G123/><T28/><D118/><U21/><E31/><V11/><F132/><N who="0" m="50730" /><D105/><U5/><E5/><V3/><F71/><W66/><G39/><T108/><D108/><U92/><E21/><V78/><F109/><W133/><G133/><T25/><D58/><U29/><E29/><V91/><F102/><W97/><G125/><T19/><D19/><U119/><E119/><V112/><F112/><W115/><G115/><T120/><D120/><U127/><E121/><V88/><F35/><W10/><G61/><T36/><D36/><U22/><E22/><N who="2" m="11567" /><F30/><N who="3" m="19543" /><G97/><T67/><D67/><U126/><E55/><V49/><F3/><W86/><G86/><T124/><D124/><N who="1" m="47659" /><E111/><V98/><F98/><W73/><G101/><T81/><D84/><N who="1" m="52263" /><E129/><V59/><F91/><AGARI ba="1,0" hai="72,75,83,87,91,96,100,107" m="52263,47659" machi="91" ten="30,3900,0" yaku="18,1,34,2" doraHai="56" who="1" fromWho="2" sc="240,0,220,42,240,-42,300,0" /><INIT seed="3,0,0,2,1,47" ten="240,262,198,300" oya="3" hai0="74,89,102,52,3,2,57,6,73,95,109,22,113" hai1="8,101,87,56,133,118,41,76,69,32,30,0,39" hai2="104,94,63,18,64,51,62,24,115,80,21,60,10" hai3="98,28,40,114,126,75,83,29,4,88,33,31,86"/><W44/><G114/><T13/><D113/><U107/><E69/><V125/><F115/><W124/><G75/><T65/><D109/><U42/><E133/><V14/><F104/><W132/><G132/><T116/><D116/><U9/><E30/><V128/><F128/><W27/><G4/><T45/><D102/><U66/><E32/><V93/><F125/><N who="3" m="48235" /><G98/><T55/><D73/><U99/><E118/><V20/><F64/><W11/><G11/><T23/><D74/><U50/><E39/><AGARI ba="0,0" hai="27,28,29,31,33,39,40,44,83,86,88" m="48235" machi="39" ten="30,2900,0" yaku="18,1,54,1" doraHai="47" who="3" fromWho="1" sc="240,0,262,-29,198,0,300,29" owari="240,4.0,233,-16.7,198,-30.2,329,42.9" /></mjloggm>