<mjloggm ver="2.3"><GO type="225" lobby="0"/><UN n0="%E5%B6%BA%E4%B8%8A%E5%92%B2" n1="%E5%84%AA%40%41%42%43" n2="%E5%80%89%E6%A9%8B%EF%BC%A0%E4%BA%8B%E5%8B%99" n3="%45%6C%79%73%69%75%6D" dan="16,17,16,18" rate="2078.76,2232.97,2086.57,2142.30" sx="F,M,M,F"/><TAIKYOKU oya="0"/><INIT seed="0,0,0,0,5,42" ten="250,250,250,250" oya="0" hai0="10,23,117,119,120,88,74,96,101,77,123,40,31" hai1="83,13,67,18,73,128,3,75,63,112,44,22,113" hai2="36,84,89,4,122,15,64,49,0,79,53,98,108" hai3="94,14,50,28,125,134,90,58,54,70,68,100,35"/><T47/><D10/><U33/><E33/><V1/><F122/><N who="0" m="46634" /><D23/><U81/><E3/><V48/><F36/><W27/><G134/><T91/><D31/><U25/><E128/><V71/><F49/><W34/><G125/><T51/><D51/><U8/><E75/><V24/><F79/><W72/><G72/><T103/><D47/><U38/><E73/><V97/><F24/><W9/><G100/><N who="0" m="38475" /><D40/><U17/><E38/><V127/><F127/><W60/><G34/><T105/><D105/><U16/><E44/><V65/><F15/><W30/><G30/><T46/><D46/><U69/><REACH who="1" step="1"/><E17/><REACH who="1" ten="250,240,250,250" step="2"/><V104/><F0/><W29/><G29/><T107/><D107/><U102/><E102/><V39/><F1/><W20/><G35/><T133/><D133/><U121/><E121/><V124/><F104/><W135/><G135/><T116/><D96/><U61/><E61/><V76/><F98/><W32/><G32/><T43/><D43/><U92/><E92/><V21/><F97/><W110/><G60/><T37/><D37/><U59/><E59/><V57/><F57/><W130/><G94/><T6/><D6/><U118/><E118/><V41/><F4/><W78/><G58/><T109/><D109/><U11/><E11/><V80/><F108/><W12/><G9/><T82/><AGARI ba="0,1" hai="74,77,82,88,91,116,117,119" m="38475,46634" machi="82" ten="40,7800,0" yaku="34,2,54,1" doraHai="42" who="0" fromWho="0" sc="250,88,240,-26,250,-26,250,-26" /><INIT seed="0,1,0,3,5,57" ten="338,214,224,224" oya="0" hai0="27,19,2,118,99,132,61,125,89,112,88,54,64" hai1="122,16,11,83,3,59,24,9,102,96,87,103,95" hai2="21,41,81,55,94,48,82,26,92,8,98,58,86" hai3="1,117,134,66,76,53,5,69,101,128,65,18,84"/><T113/><D118/><U7/><E122/><V46/><F8/><W37/><G117/><T44/><D2/><U74/><E74/><V124/><F124/><W73/><G128/><T0/><D125/><U104/><E103/><V63/><F86/><W52/><G134/><T70/><D0/><U30/><E59/><V90/><REACH who="2" step="1"/><F94/><REACH who="2" ten="338,214,214,224" step="2"/><W10/><G84/><T72/><D72/><U22/><E95/><V14/><F14/><W50/><G10/><T15/><D132/><U130/><E130/><V23/><F23/><W68/><G1/><T75/><D75/><U31/><REACH who="1" step="1"/><E9/><REACH who="1" ten="338,204,214,224" step="2"/><V129/><F129/><W36/><G73/><T38/><D113/><U35/><E35/><V85/><F85/><W6/><G101/><T109/><D112/><U93/><E93/><V133/><F133/><W79/><G79/><AGARI ba="1,2" hai="3,7,11,16,22,24,30,31,79,83,87,96,102,104" machi="79" ten="30,7700,0" yaku="1,1,7,1,54,1,53,1" doraHai="57" doraHaiUra="12" who="1" fromWho="3" sc="338,0,204,100,214,0,224,-80" /><INIT seed="1,0,0,0,5,27" ten="338,304,214,144" oya="1" hai0="23,65,92,56,83,61,69,15,135,45,111,57,121" hai1="33,13,75,18,89,4,71,72,28,46,16,96,31" hai2="113,81,84,117,102,104,77,119,11,20,41,100,97" hai3="62,21,127,44,54,109,67,101,130,108,86,55,48"/><U91/><E71/><V32/><F32/><W2/><G2/><T3/><D3/><U79/><E33/><V116/><F41/><N who="3" m="24591" /><G86/><T50/><D111/><N who="3" m="42569" /><G101/><T132/><D121/><U66/><E66/><V12/><F113/><W40/><G21/><T85/><D92/><U30/><E46/><V22/><REACH who="2" step="1"/><F102/><REACH who="2" ten="338,304,204,144" step="2"/><W9/><G9/><T74/><D132/><U87/><E75/><V98/><F98/><W124/><G40/><T99/><D135/><U25/><E72/><V126/><F126/><N who="3" m="48171" /><G130/><T76/><D99/><U8/><E96/><V107/><F107/><W78/><G78/><T5/><D74/><U10/><E79/><V110/><F110/><W1/><G1/><T80/><D76/><U37/><E37/><V58/><F58/><AGARI ba="0,1" hai="54,55,58,62,67" m="48171,42569,24591" machi="58" ten="30,7700,0" yaku="14,1,18,1,34,2" doraHai="27" who="3" fromWho="2" sc="338,0,304,0,204,-77,144,87" /><INIT seed="2,0,0,5,3,37" ten="338,304,127,231" oya="2" hai0="104,4,123,5,52,67,60,35,46,1,12,32,58" hai1="24,77,8,125,23,36,87,22,33,120,3,6,99" hai2="95,129,55,126,84,91,113,28,16,97,61,122,124" hai3="71,2,34,38,108,11,51,72,119,82,53,117,13"/><V14/><F113/><W57/><G71/><T100/><D123/><U111/><E111/><V65/><F122/><W44/><G108/><T115/><D1/><U26/><E125/><V10/><F129/><W133/><G34/><T0/><D115/><U49/><E36/><V18/><F28/><W75/><G133/><T106/><D0/><U15/><E120/><V25/><F84/><W29/><G29/><T109/><D109/><U21/><E99/><V102/><F102/><W70/><G70/><T43/><D32/><U62/><E62/><V48/><F65/><W69/><G69/><T131/><D35/><U112/><E49/><V79/><F79/><N who="3" m="44391" /><G13/><T31/><D31/><N who="1" m="19687" /><E77/><V68/><F68/><W40/><G75/><T92/><D131/><U98/><E87/><V101/><F101/><W59/><G59/><T94/><D106/><U81/><E98/><V54/><F61/><W135/><G135/><T110/><D104/><U130/><E81/><V127/><REACH who="2" step="1"/><F48/><REACH who="2" ten="338,304,117,231" step="2"/><W132/><G132/><T27/><D110/><U103/><E103/><V20/><AGARI ba="0,1" hai="10,14,16,18,20,25,54,55,91,95,97,124,126,127" machi="20" ten="40,12000,1" yaku="1,1,2,1,0,1,18,1,54,1,53,0" doraHai="37" doraHaiUra="105" who="2" fromWho="2" sc="338,-40,304,-40,117,130,231,-40" /><INIT seed="2,1,0,1,4,61" ten="298,264,247,191" oya="2" hai0="12,124,55,99,77,10,78,35,122,128,39,71,118" hai1="15,40,106,105,119,82,49,3,47,98,21,41,8" hai2="50,26,56,19,64,101,74,2,69,134,113,34,123" hai3="54,60,11,103,126,68,31,83,0,110,116,87,1"/><V52/><F113/><W48/><G116/><T20/><D122/><U59/><E119/><V29/><F123/><W125/><G103/><T45/><D35/><U97/><E3/><V107/><F74/><W115/><G115/><T131/><D71/><U58/><E105/><V100/><F2/><W109/><G31/><T44/><D124/><N who="3" m="47721" /><G11/><T63/><D99/><N who="1" m="37899" /><E106/><V13/><F107/><W114/><G114/><T75/><D20/><U108/><E108/><N who="3" m="41578" /><G60/><T94/><D94/><U70/><E82/><V14/><F134/><W130/><G68/><T90/><D90/><U16/><E70/><V67/><F69/><W129/><G48/><N who="0" m="29063" /><D63/><U22/><E40/><V73/><F73/><W91/><G54/><T120/><D75/><U80/><E80/><V84/><F84/><W38/><G38/><T92/><D92/><U27/><E22/><N who="2" m="15575" /><F13/><W89/><G89/><T127/><D118/><U79/><E79/><V93/><F34/><W81/><G81/><T95/><D95/><U117/><E117/><V18/><F93/><W7/><G7/><AGARI ba="1,0" hai="7,8,15,16,21,27,41,47,49,58,59" m="37899" machi="7" ten="30,2000,0" yaku="8,1,54,1" doraHai="61" who="1" fromWho="3" sc="298,0,264,23,247,0,191,-23" /><INIT seed="3,0,0,5,3,119" ten="298,287,247,168" oya="3" hai0="95,23,105,0,134,16,104,31,47,30,18,123,76" hai1="24,3,90,62,67,63,88,133,78,115,8,130,39" hai2="19,49,41,11,132,10,65,22,43,107,1,61,124" hai3="74,98,48,20,102,29,96,87,27,15,25,106,59"/><W9/><G74/><T4/><D123/><U127/><E115/><V126/><F107/><W131/><G131/><T13/><D134/><U122/><E122/><V82/><F82/><W112/><G112/><T7/><D0/><U79/><E39/><V91/><F91/><N who="1" m="34857" /><E3/><V69/><F132/><W108/><G108/><T116/><D116/><U89/><E133/><V46/><F43/><W118/><G118/><T21/><D95/><U81/><E127/><N who="2" m="48683" /><F1/><W35/><G87/><T100/><D76/><N who="1" m="29227" /><E67/><V6/><F6/><N who="0" m="2090" /><D104/><U5/><E24/><AGARI ba="0,0" hai="10,11,19,22,24,41,46,49,61,65,69" m="48683" machi="24" ten="30,1000,0" yaku="18,1" doraHai="119" who="2" fromWho="1" sc="298,0,287,-10,247,10,168,0" /><INIT seed="4,0,0,5,4,106" ten="298,277,257,168" oya="0" hai0="127,97,47,108,115,88,64,114,23,25,48,41,16" hai1="9,40,102,11,60,17,38,80,46,68,52,89,135" hai2="32,8,130,74,37,66,57,55,65,10,61,104,12" hai3="98,27,83,119,6,103,22,123,63,95,131,50,109"/><T24/><D108/><U45/><E135/><V53/><F104/><W67/><G109/><T81/><D127/><U120/><E120/><V84/><F37/><W29/><G123/><T87/><D64/><N who="2" m="24682" /><F32/><W122/><G122/><T111/><D111/><U15/><E102/><V96/><F74/><W134/><G134/><T56/><D56/><U107/><E107/><V31/><F31/><W4/><G131/><T7/><D7/><U3/><E3/><V71/><F71/><W86/><G50/><T34/><D97/><U21/><E68/><V1/><F1/><W121/><G119/><T101/><D101/><U18/><E18/><N who="2" m="8455" /><F96/><W26/><G26/><N who="0" m="14695" /><D34/><U58/><REACH who="1" step="1"/><E45/><REACH who="1" ten="298,267,257,168" step="2"/><V94/><F130/><W82/><G121/><T20/><D114/><U33/><E33/><V105/><F105/><W28/><G28/><N who="0" m="17415" /><D115/><U90/><E90/><N who="2" m="53575" /><F10/><W92/><G92/><T128/><D128/><U110/><E110/><V35/><F35/><W44/><G44/><T72/><D72/><U5/><E5/><V49/><F53/><W76/><REACH who="3" step="1"/><G83/><REACH who="3" ten="298,267,257,158" step="2"/><N who="0" m="49279" /><D25/><U78/><E78/><V62/><AGARI ba="0,2" hai="49,55,57,61,62" m="53575,8455,24682" machi="62" ten="30,1100,0" yaku="8,1" doraHai="106" who="2" fromWho="2" sc="298,-5,267,-3,257,31,158,-3" /><INIT seed="5,0,0,0,4,29" ten="293,264,288,155" oya="1" hai0="43,9,59,120,72,63,69,130,73,83,108,95,96" hai1="23,109,44,100,19,10,121,52,64,61,47,85,103" hai2="37,126,102,16,40,70,41,127,2,18,119,92,101" hai3="129,34,90,4,7,132,116,56,134,82,31,110,60"/><U3/><E121/><V39/><F92/><W57/><G110/><T114/><D108/><U28/><E109/><V125/><F2/><W77/><G90/><T5/><D69/><U128/><E128/><V45/><F70/><W80/><G31/><T6/><D114/><U22/><E3/><V89/><F89/><W12/><G12/><T86/><D130/><U106/><E106/><V65/><F65/><W14/><G14/><N who="0" m="5423" /><D73/><U71/><E10/><V58/><F58/><W135/><G129/><T115/><D72/><U26/><E85/><V67/><F67/><W81/><G116/><T99/><D115/><U111/><E111/><V24/><F119/><W33/><G77/><N who="0" m="46447" /><D6/><N who="3" m="2089" /><G60/><T35/><D35/><AGARI ba="0,0" hai="33,34,35,56,57,80,81,82,132,134,135" m="2089" machi="35" ten="40,12000,2" yaku="28,2,20,1,52,3" doraHai="29" who="3" fromWho="0" sc="293,-120,264,0,288,0,155,120" /><INIT seed="6,0,0,4,3,4" ten="173,264,288,275" oya="2" hai0="118,134,65,83,20,31,51,53,71,90,37,64,42" hai1="69,44,104,73,135,126,93,108,62,112,39,120,67" hai2="3,15,106,124,58,28,35,101,74,86,78,52,29" hai3="18,25,80,38,127,54,105,117,102,110,13,96,33"/><V97/><F3/><W60/><G38/><T72/><D134/><U68/><RYUUKYOKU type="yao9" ba="0,0" sc="173,0,264,0,288,0,275,0" hai1="39,44,62,67,68,69,73,93,104,108,112,120,126,135" /><INIT seed="6,1,0,2,2,110" ten="173,264,288,275" oya="2" hai0="42,100,69,29,0,79,111,128,24,99,98,12,6" hai1="47,72,27,67,35,20,125,96,46,37,85,22,31" hai2="97,130,39,13,21,23,32,50,62,124,28,30,70" hai3="105,78,55,76,43,93,109,94,91,60,68,84,71"/><V118/><F118/><W126/><G105/><T87/><D111/><U132/><E72/><V134/><F39/><W77/><G109/><T25/><D128/><U115/><E132/><V73/><F73/><W86/><G126/><T82/><D0/><U107/><E125/><V3/><F3/><W75/><G75/><T121/><D69/><U38/><E85/><V36/><F36/><W1/><G1/><T74/><D74/><U15/><E15/><V5/><F124/><W135/><G43/><T80/><D121/><U19/><E67/><V113/><F32/><W81/><G135/><T10/><D82/><U48/><E115/><V57/><F134/><W7/><G7/><T52/><D42/><U51/><E107/><V26/><F113/><W59/><G81/><T41/><D41/><U65/><E65/><N who="2" m="39119" /><F70/><W114/><G114/><T133/><D133/><U117/><E117/><V40/><F130/><W45/><G45/><T11/><D11/><U9/><E96/><N who="0" m="36905" /><D100/><U8/><E19/><N who="2" m="10479" /><F97/><W54/><G68/><T116/><D116/><U44/><E44/><N who="2" m="25863" /><F5/><W122/><G71/><T131/><D131/><U58/><E58/><V119/><F119/><W61/><G122/><T103/><D103/><U112/><E112/><V4/><F4/><W102/><G102/><T92/><D92/><U18/><E35/><V108/><F108/><W33/><G33/><T95/><D95/><U53/><E38/><V83/><F83/><N who="3" m="49631" /><G84/><T88/><D29/><AGARI ba="1,0" hai="23,26,28,29,30" m="25863,10479,39119" machi="29" ten="30,1500,0" yaku="8,1" doraHai="110" who="2" fromWho="0" sc="173,-18,264,0,288,18,275,0" owari="155,-34.5,264,-13.6,306,40.6,275,7.5" /></mjloggm>