<mjloggm ver="2.3"><GO type="225" lobby="0"/><UN n0="%E7%AD%89%E3%80%85%E5%8A%9B%E5%8A%87%E5%A0%B4" n1="%E3%81%91%E3%83%BC%E3%81%9E%E3%81%88" n2="%E3%81%86%E3%81%A3%E3%81%97%E3%83%BC%30%30" n3="%E3%83%AD%E3%83%83%E3%83%86%E9%9B%80%E7%90%83" dan="16,16,16,17" rate="2165.27,2169.17,2106.66,2228.61" sx="M,F,M,M"/><TAIKYOKU oya="0"/><INIT seed="0,0,0,3,5,78" ten="250,250,250,250" oya="0" hai0="67,1,36,73,132,135,125,66,60,118,104,45,5" hai1="124,43,93,81,95,49,48,113,58,22,74,87,52" hai2="47,2,100,129,57,38,68,20,96,79,120,40,86" hai3="35,92,131,56,25,97,29,11,71,90,27,61,3"/><T80/><D104/><U8/><E124/><V39/><F120/><W76/><G131/><T23/><D118/><U77/><E113/><V72/><F68/><W62/><G71/><T14/><D1/><U128/><E128/><V105/><F129/><W28/><G76/><T21/><D60/><U85/><E74/><V46/><F57/><W50/><G50/><T10/><D125/><U130/><E130/><V116/><F86/><W7/><REACH who="3" step="1"/><G56/><REACH who="3" ten="250,250,250,240" step="2"/><T126/><D126/><U121/><E121/><V4/><F79/><W119/><G119/><T88/><D135/><U117/><E117/><V53/><F116/><W107/><G107/><T18/><D132/><U51/><E49/><V82/><F105/><W110/><G110/><T75/><D36/><U42/><E51/><V0/><F39/><W109/><G109/><T24/><D45/><U64/><E48/><V9/><F38/><W108/><G108/><T34/><D73/><U6/><E58/><V26/><F46/><W114/><G114/><T91/><D75/><U59/><E59/><V70/><F70/><W83/><G83/><T13/><D80/><U15/><E81/><V17/><F82/><W16/><G16/><N who="0" m="10383" /><D34/><AGARI ba="0,1" hai="3,7,11,25,27,28,29,34,35,61,62,90,92,97" machi="34" ten="30,3900,0" yaku="1,1,7,1,9,1,53,0" doraHai="78" doraHaiUra="103" who="3" fromWho="0" sc="250,-39,250,0,250,0,240,49" /><INIT seed="1,0,0,0,5,72" ten="211,250,250,289" oya="1" hai0="105,90,33,77,120,96,35,63,98,23,57,14,88" hai1="50,86,115,51,66,95,59,94,75,21,131,84,70" hai2="68,15,29,107,25,53,100,132,11,39,52,37,38" hai3="103,60,130,26,24,99,112,64,62,17,7,28,80"/><U127/><E115/><V125/><F132/><W79/><G130/><T129/><D129/><U20/><E75/><V69/><F125/><W61/><G112/><T12/><D105/><U73/><E73/><V18/><F100/><W65/><G7/><T16/><D120/><U56/><E131/><V67/><F107/><W8/><G8/><T117/><D117/><U3/><E70/><V9/><F9/><W108/><G17/><N who="0" m="10663" /><D35/><U122/><E66/><N who="3" m="25706" /><G108/><T126/><D33/><U46/><E46/><V0/><F0/><W116/><G116/><T85/><D126/><U42/><E42/><V111/><F111/><W19/><G19/><T31/><D31/><U114/><E114/><V83/><F83/><W109/><G28/><T49/><D49/><U27/><E127/><V91/><F91/><W1/><G1/><T78/><D90/><U30/><E30/><V81/><F81/><W6/><G6/><T44/><D44/><U40/><E3/><V118/><F118/><W4/><G4/><T47/><D47/><U74/><E74/><V121/><F121/><W5/><G5/><T82/><D98/><U113/><E122/><V55/><REACH who="2" step="1"/><F67/><REACH who="2" ten="211,250,240,289" step="2"/><W71/><G109/><T119/><D119/><U43/><E113/><V45/><F45/><W133/><G133/><T135/><D135/><U93/><E94/><V76/><F76/><W102/><G102/><T10/><D96/><U41/><E43/><V110/><F110/><W123/><G123/><T89/><D89/><U22/><E22/><AGARI ba="0,1" hai="11,15,18,22,25,29,37,38,39,52,53,55,68,69" machi="22" ten="50,3200,0" yaku="1,1,54,1,53,0" doraHai="72" doraHaiUra="34" who="2" fromWho="1" sc="211,0,250,-32,240,42,289,0" /><INIT seed="2,0,0,1,4,57" ten="211,218,282,289" oya="2" hai0="6,43,27,89,116,71,106,53,45,47,65,126,63" hai1="23,103,29,13,0,124,12,3,75,69,31,134,133" hai2="99,128,28,5,117,127,73,114,37,67,125,58,14" hai3="22,108,42,109,19,68,121,131,11,76,18,115,44"/><V15/><F73/><W123/><G68/><T84/><D126/><U72/><E69/><V60/><F114/><W93/><G115/><T4/><D106/><U113/><E103/><V64/><F117/><W129/><G76/><T98/><D98/><U132/><E113/><V55/><F37/><W66/><G93/><T92/><D116/><U20/><REACH who="1" step="1"/><E134/><REACH who="1" ten="211,208,282,289" step="2"/><V21/><F127/><AGARI ba="0,1" hai="0,3,12,13,20,23,29,31,72,75,124,127,132,133" machi="127" ten="25,12000,2" yaku="1,1,2,1,22,2,53,2" doraHai="57" doraHaiUra="33" who="1" fromWho="2" sc="211,0,208,130,282,-120,289,0" /><INIT seed="3,0,0,1,0,75" ten="211,338,162,289" oya="3" hai0="61,95,29,120,128,99,108,116,71,41,50,36,44" hai1="103,54,118,74,119,79,126,18,111,100,114,102,62" hai2="115,67,82,37,32,77,68,57,60,127,81,45,11" hai3="20,86,53,6,64,123,15,101,13,30,122,58,28"/><W117/><G117/><N who="1" m="44554" /><E114/><V59/><F127/><W31/><G64/><T66/><D120/><U134/><E111/><V121/><F115/><W124/><G124/><T130/><D116/><U14/><E134/><V109/><F109/><W69/><G69/><T93/><D108/><U51/><E126/><V106/><F121/><W38/><G38/><T83/><D29/><U19/><E62/><V80/><F106/><W48/><G101/><T73/><D36/><U0/><E0/><V92/><F32/><W107/><G107/><T8/><D8/><U55/><E55/><V97/><F11/><W87/><G123/><T42/><D42/><U112/><E14/><V49/><F37/><W104/><G104/><T65/><D65/><U105/><E112/><V94/><F94/><W4/><G122/><T2/><D2/><U25/><E25/><V5/><F5/><N who="3" m="2155" /><G20/><T72/><D95/><U135/><E135/><V26/><F26/><W110/><G110/><T90/><D83/><N who="1" m="45559" /><E105/><V17/><F17/><W84/><AGARI ba="0,0" hai="13,15,28,30,31,48,53,58,84,86,87" m="2155" machi="84" ten="40,2100,0" yaku="8,1" doraHai="75" who="3" fromWho="3" sc="211,-7,338,-7,162,-7,289,21" /><INIT seed="3,1,0,1,1,1" ten="204,331,155,310" oya="3" hai0="97,112,10,71,39,116,57,134,49,64,111,82,133" hai1="37,90,103,66,16,34,21,73,80,30,24,60,77" hai2="32,20,135,107,130,120,110,93,127,28,89,114,47" hai3="40,124,7,86,83,117,67,59,99,100,76,35,3"/><W19/><G35/><T48/><D39/><U27/><E37/><V70/><RYUUKYOKU type="yao9" ba="1,0" sc="204,0,331,0,155,0,310,0" hai2="20,28,32,47,70,89,93,107,110,114,120,127,130,135" /><INIT seed="3,2,0,1,0,15" ten="204,331,155,310" oya="3" hai0="24,65,4,8,45,95,57,82,119,73,132,27,81" hai1="135,71,108,34,86,32,118,9,99,84,80,98,37" hai2="78,51,106,114,87,130,123,90,47,124,19,6,79" hai3="55,35,69,96,74,30,100,89,12,21,97,0,10"/><W46/><G69/><T52/><D119/><U23/><E71/><V58/><F114/><W59/><G35/><T127/><D127/><U22/><E37/><V101/><F124/><W76/><G0/><T49/><D132/><U50/><E50/><V5/><F130/><W93/><G74/><T94/><D73/><U54/><E54/><V115/><F115/><W42/><G76/><T62/><D82/><U75/><E9/><V2/><F123/><W25/><G46/><T38/><D81/><U31/><E80/><V41/><F106/><W11/><G42/><T112/><D38/><U105/><E31/><V88/><F101/><W103/><G97/><T121/><D121/><U20/><E105/><V48/><F2/><W36/><G36/><T18/><D112/><U85/><E75/><V116/><F116/><W92/><G92/><N who="0" m="35371" /><D4/><N who="2" m="1642" /><F87/><N who="1" m="22273" /><U63/><DORA hai="67" /><E34/><V111/><F111/><W43/><G43/><T26/><D8/><N who="3" m="3113" /><G12/><T102/><D102/><U64/><E32/><V28/><F28/><W129/><G129/><T104/><D104/><U17/><E118/><V91/><F19/><AGARI ba="2,0" hai="18,19,24,26,27,45,49,52,57,62,65" m="35371" machi="19" ten="30,7700,0" yaku="8,1,52,2,54,1" doraHai="15,67" who="0" fromWho="2" sc="204,83,331,0,155,-83,310,0" owari="287,-11.3,331,43.1,72,-42.8,310,11.0" /></mjloggm>