<mjloggm ver="2.3"><GO type="225" lobby="0"/><UN n0="%72%69%6F%75%63%68%61%6E" n1="%E6%A1%9C%E8%8A%B1%E9%96%83%E3%80%85" n2="%E7%AD%89%E3%80%85%E5%8A%9B%E5%8A%87%E5%A0%B4" n3="%E3%82%BC%E3%83%AB%E3%83%80%E3%81%AE%E4%BC%9D%E8%AA%AC" dan="16,16,17,16" rate="2154.07,2118.77,2132.67,2203.54" sx="M,M,M,M"/><TAIKYOKU oya="0"/><INIT seed="0,0,0,5,4,85" ten="250,250,250,250" oya="0" hai0="106,126,100,23,67,77,24,93,53,103,87,26,122" hai1="90,19,120,88,2,11,65,95,108,29,3,80,107" hai2="63,72,70,130,74,121,127,8,27,133,99,55,128" hai3="73,60,62,44,94,41,17,31,61,109,111,56,22"/><T75/><D122/><U45/><E107/><V135/><F121/><W69/><G73/><N who="2" m="28265" /><F8/><W81/><G69/><T12/><D126/><U35/><E108/><N who="3" m="41546" /><G81/><N who="0" m="47535" /><D75/><U58/><E120/><V4/><F4/><W105/><G105/><T132/><D106/><U96/><E35/><V54/><F27/><N who="0" m="10282" /><D132/><N who="2" m="50762" /><F70/><W97/><G31/><T131/><D131/><N who="2" m="50218" /><F63/><W102/><G22/><T51/><D67/><U13/><E29/><V114/><F114/><W39/><G17/><N who="0" m="10663" /><D93/><U42/><E65/><AGARI ba="0,0" hai="39,41,44,56,60,61,62,65,94,97,102" m="41546" machi="65" ten="30,1000,0" yaku="14,1" doraHai="85" who="3" fromWho="1" sc="250,0,250,-10,250,0,250,10" /><INIT seed="1,0,0,1,1,84" ten="250,240,250,260" oya="1" hai0="125,42,79,4,63,105,109,87,2,51,31,113,20" hai1="134,76,119,103,71,100,95,81,11,67,48,65,131" hai2="45,61,6,28,122,18,98,104,130,25,94,83,13" hai3="93,110,21,3,39,41,46,66,5,32,114,8,19"/><U43/><E119/><V86/><F130/><W107/><G114/><T91/><D109/><U50/><E134/><V89/><F122/><W33/><G107/><T16/><D113/><U80/><E131/><V14/><F104/><W135/><G110/><T29/><D105/><U52/><E71/><V26/><F6/><W57/><G135/><T106/><D106/><U0/><E0/><V126/><F126/><W99/><G57/><T70/><D125/><U59/><E11/><V23/><F45/><W128/><G66/><N who="1" m="25098" /><E76/><V68/><F61/><W108/><G128/><T9/><D79/><U75/><E75/><V102/><REACH who="2" step="1"/><F68/><REACH who="2" ten="250,240,240,260" step="2"/><W112/><G108/><T115/><D63/><U56/><E56/><V69/><F69/><W133/><G112/><T121/><D70/><U53/><E53/><V111/><F111/><W82/><G133/><T7/><D7/><U27/><E43/><V124/><F124/><W36/><G36/><T22/><D115/><U96/><E48/><V35/><AGARI ba="0,1" hai="13,14,18,23,25,26,28,35,83,86,89,94,98,102" machi="35" ten="20,5200,0" yaku="1,1,0,1,7,1,52,1,53,0" doraHai="84" doraHaiUra="64" who="2" fromWho="2" sc="250,-13,240,-26,240,62,260,-13" /><INIT seed="2,0,0,2,4,24" ten="237,214,302,247" oya="2" hai0="103,96,36,39,101,104,126,42,89,71,34,60,27" hai1="95,94,117,2,66,29,37,112,116,109,127,55,132" hai2="47,13,26,19,45,49,16,134,84,81,108,68,46" hai3="15,91,50,102,62,74,7,131,63,59,115,31,87"/><V129/><F68/><W33/><G74/><T28/><D126/><U100/><E112/><V25/><F134/><W76/><G115/><T120/><D120/><U1/><E132/><V35/><F129/><W9/><G131/><T98/><D89/><U14/><E127/><V80/><F108/><W54/><G76/><T64/><D42/><U48/><E37/><V75/><F75/><W4/><G102/><T88/><D88/><U123/><E66/><V77/><F81/><N who="3" m="49647" /><G33/><T30/><D30/><U114/><E114/><V40/><F19/><N who="3" m="8687" /><G31/><T38/><D36/><U53/><E14/><V65/><F65/><N who="3" m="39135" /><G63/><T73/><D73/><U22/><E109/><V83/><F83/><W72/><G72/><T61/><D61/><U67/><E67/><V82/><F82/><W57/><AGARI ba="0,0" hai="4,7,50,54,57" m="39135,8687,49647" machi="57" ten="30,1100,0" yaku="8,1" doraHai="24" who="3" fromWho="3" sc="237,-3,214,-3,302,-5,247,11" /><INIT seed="3,0,0,0,3,113" ten="234,211,297,258" oya="3" hai0="50,122,42,72,108,106,125,111,46,25,61,3,40" hai1="71,41,69,63,103,117,55,128,75,118,36,7,91" hai2="129,82,15,73,119,23,68,120,123,115,67,76,84" hai3="85,124,24,107,19,5,132,126,66,22,104,9,96"/><W87/><G66/><T34/><D122/><N who="2" m="46634" /><F115/><W70/><G70/><N who="1" m="26634" /><E75/><V114/><F114/><W78/><G132/><T62/><D72/><U59/><E103/><V92/><F129/><W39/><G39/><T116/><D106/><N who="3" m="40489" /><G96/><T93/><D3/><U100/><E100/><V33/><F33/><W97/><G97/><T58/><D93/><U49/><E91/><N who="2" m="53351" /><F119/><N who="1" m="45577" /><E7/><V18/><F68/><W79/><G79/><T54/><D116/><U6/><E6/><V86/><F67/><W28/><G78/><T133/><D133/><U26/><E26/><V44/><F44/><W30/><G5/><T45/><D25/><U74/><E74/><AGARI ba="0,0" hai="15,18,23,73,74,76,82,86" m="53351,46634" machi="74" ten="30,1000,0" yaku="13,1" doraHai="113" who="2" fromWho="1" sc="234,0,211,-10,297,10,258,0" owari="234,-16.6,201,-29.9,307,40.7,258,5.8" /></mjloggm>