<mjloggm ver="2.3"><GO type="225" lobby="0"/><UN n0="%E3%82%BC%E3%83%AB%E3%83%80%E3%81%AE%E4%BC%9D%E8%AA%AC" n1="%E4%B8%AD%E5%B9%B4%E3%81%AE%E5%8D%B1%E6%A9%9F" n2="%E9%80%9F%E6%B0%B4%E5%87%9B%E9%A6%99" n3="%6D%75%75%6D%75%72%61" dan="16,17,16,16" rate="2202.17,2228.61,2128.76,2151.89" sx="M,M,F,F"/><TAIKYOKU oya="0"/><INIT seed="0,0,0,0,4,103" ten="250,250,250,250" oya="0" hai0="68,40,83,74,22,26,121,6,65,89,1,17,105" hai1="23,81,66,56,9,55,64,130,75,80,116,79,62" hai2="69,133,87,18,97,106,50,109,15,27,88,99,67" hai3="134,115,110,46,124,107,53,95,125,112,108,73,120"/><T85/><D121/><U101/><E130/><V19/><F109/><N who="3" m="42091" /><G120/><T132/><D132/><U33/><E116/><V4/><F133/><W8/><G134/><T7/><D1/><U12/><E33/><V76/><F76/><W102/><G95/><T25/><D74/><U92/><E23/><V24/><F69/><W29/><G73/><T129/><D129/><U78/><E78/><V21/><F67/><N who="1" m="25641" /><E79/><V96/><F106/><W84/><G84/><T113/><D113/><U70/><E70/><V131/><F131/><W52/><G29/><T117/><D117/><U2/><E2/><V11/><F50/><N who="3" m="28759" /><G53/><T114/><D114/><N who="3" m="43561" /><G8/><T3/><D105/><U36/><E75/><V39/><F39/><W82/><G82/><T14/><D40/><U16/><E36/><V118/><F118/><W128/><G128/><T34/><D34/><U35/><E35/><V63/><F63/><W61/><G61/><T31/><D31/><U13/><E92/><V32/><F32/><W123/><G123/><T43/><D43/><U41/><E41/><V51/><F51/><W86/><G86/><T49/><D49/><U28/><E28/><V90/><F87/><W42/><G42/><T20/><D68/><U119/><E119/><V37/><F37/><W135/><G135/><T77/><D83/><N who="1" m="31819" /><E101/><V57/><F57/><W122/><G122/><T48/><D48/><U111/><E111/><V44/><F44/><W10/><G10/><T126/><D77/><U93/><E93/><V54/><F54/><W47/><G47/><T71/><D71/><U58/><E58/><V94/><F94/><RYUUKYOKU ba="0,0" sc="250,-30,250,10,250,10,250,10" hai1="9,12,13,16,55,56,62" hai2="4,11,15,18,19,21,24,27,88,90,96,97,99" hai3="102,107,124,125" /><INIT seed="1,1,0,0,1,127" ten="220,260,260,260" oya="1" hai0="0,114,44,82,27,109,57,93,121,85,49,45,108" hai1="119,110,2,29,135,24,92,55,83,1,63,107,52" hai2="66,89,72,71,90,106,41,13,46,133,113,36,80" hai3="19,23,3,58,100,120,118,42,37,61,4,56,53"/><U16/><E107/><V43/><F106/><W101/><G120/><T79/><D114/><U38/><E119/><V115/><F133/><W91/><G118/><T60/><D121/><U30/><E38/><V117/><F117/><W54/><G3/><T59/><D0/><U17/><E135/><V39/><F66/><W73/><G73/><T8/><D8/><U81/><E92/><V76/><F71/><W28/><G28/><T26/><D45/><U11/><E11/><V134/><F134/><W31/><G31/><T96/><D108/><U75/><E63/><V97/><F97/><W103/><G4/><T104/><D104/><U86/><E86/><V77/><F77/><W130/><G130/><T116/><D109/><U15/><E110/><V99/><F99/><W18/><G91/><T105/><D105/><U9/><E9/><V112/><F13/><W74/><G74/><T14/><D14/><U32/><E15/><V125/><F125/><W12/><G19/><T94/><D94/><U124/><E124/><V129/><F129/><W84/><G84/><T35/><D35/><U132/><E32/><V128/><F128/><W95/><G95/><T6/><D6/><U88/><E75/><V122/><F122/><W126/><G126/><T5/><D5/><U62/><E132/><V34/><F34/><W20/><G20/><T70/><D116/><U33/><E33/><V48/><F36/><W22/><G22/><T111/><D111/><U47/><E24/><N who="0" m="9257" /><D70/><U51/><E88/><V7/><F7/><W98/><G37/><T10/><D10/><U68/><E1/><RYUUKYOKU ba="1,0" sc="220,-10,260,-10,260,30,260,-10" hai2="39,41,43,46,48,72,76,80,89,90,112,113,115" /><INIT seed="2,2,0,1,5,81" ten="210,250,290,250" oya="2" hai0="48,108,42,33,110,35,109,6,111,82,95,133,134" hai1="20,66,85,43,123,98,135,91,22,16,64,14,75" hai2="128,77,7,53,45,10,21,79,69,94,73,103,130" hai3="32,38,83,31,90,63,23,39,113,25,126,67,112"/><V54/><F69/><W76/><G126/><T96/><N who="0" m="27648" /><DORA hai="59" /><T24/><D6/><U26/><E75/><V106/><F21/><W51/><G51/><T8/><D8/><U17/><E123/><V34/><F34/><W2/><G90/><T29/><D35/><U12/><E135/><N who="0" m="51721" /><D82/><N who="1" m="49591" /><E43/><V70/><F10/><W118/><G2/><T102/><D48/><U62/><E98/><V92/><F7/><W30/><G118/><T37/><D42/><U44/><E44/><V58/><F45/><W89/><G89/><T122/><D122/><U47/><E47/><V97/><F77/><W114/><G31/><T125/><D125/><U132/><E132/><V15/><F79/><W72/><G32/><T71/><D71/><AGARI ba="2,0" hai="23,25,30,38,39,63,67,71,72,76,83,112,113,114" machi="71" ten="40,2600,0" yaku="11,1,52,1" doraHai="81,59" who="3" fromWho="0" sc="210,-32,250,0,290,0,250,32" /><INIT seed="3,0,0,3,4,58" ten="178,250,290,282" oya="3" hai0="15,50,38,101,97,95,98,12,41,36,130,62,48" hai1="131,133,13,61,102,30,74,66,65,106,112,77,23" hai2="132,91,9,83,46,1,122,35,104,52,121,11,78" hai3="0,84,119,69,64,85,128,60,115,90,129,3,43"/><W26/><G115/><T111/><D111/><U47/><E112/><V126/><F35/><W27/><G119/><T117/><D130/><N who="3" m="50281" /><G43/><T6/><D117/><U125/><E131/><V37/><F104/><W72/><G72/><T80/><D80/><U99/><E125/><V22/><F126/><W45/><G45/><T31/><D31/><U135/><E47/><V5/><F132/><N who="1" m="50761" /><E74/><N who="2" m="43479" /><F9/><W34/><G34/><T127/><D127/><U44/><E77/><V2/><F91/><W17/><G17/><T68/><D41/><U63/><E44/><V54/><F22/><W108/><G108/><T81/><D81/><U8/><E8/><V92/><F92/><N who="3" m="54343" /><G85/><T103/><D95/><U94/><E106/><V100/><F100/><W113/><G113/><T70/><REACH who="0" step="1"/><D6/><REACH who="0" ten="168,250,290,282" step="2"/><U82/><E82/><V14/><F5/><W56/><G69/><T107/><D107/><U134/><E134/><V24/><F37/><W124/><G124/><T110/><D110/><U75/><E75/><V123/><F123/><W116/><G116/><T79/><D79/><U114/><E114/><V93/><F93/><W10/><G10/><T51/><D51/><U57/><E94/><V67/><F122/><W105/><G105/><T4/><D4/><U21/><E102/><V16/><F121/><W28/><G28/><T71/><D71/><N who="1" m="42415" /><E30/><V18/><F18/><W20/><G20/><N who="1" m="7754" /><E99/><V25/><F16/><W89/><G89/><T32/><D32/><U39/><E39/><V53/><F11/><W120/><G120/><T86/><D86/><U29/><E29/><V33/><F33/><W40/><G40/><RYUUKYOKU ba="0,1" sc="168,10,250,10,290,-30,282,10" hai0="12,15,36,38,48,50,62,68,70,97,98,101,103" hai1="13,57,63,66" hai3="0,3,26,27,56,60,64" /><INIT seed="3,1,1,1,5,34" ten="178,260,260,292" oya="3" hai0="81,71,95,2,40,83,135,78,85,72,109,49,36" hai1="118,27,21,96,61,64,43,41,28,66,112,10,82" hai2="24,84,39,131,67,11,0,53,117,93,89,94,125" hai3="44,29,91,62,86,37,122,60,33,132,50,54,4"/><W9/><G122/><T19/><D109/><U130/><E112/><V108/><F39/><W26/><G132/><T116/><D116/><U46/><E118/><V133/><F117/><W30/><G30/><T110/><D110/><U114/><E114/><V76/><F108/><W48/><G48/><T55/><D135/><U13/><E130/><V35/><F133/><W134/><G37/><T47/><D71/><U38/><E43/><V16/><F76/><W113/><G113/><T103/><D2/><U18/><E61/><V111/><F111/><W97/><G97/><T79/><D19/><U57/><E57/><V5/><F131/><W31/><G31/><T58/><D95/><U101/><REACH who="1" step="1"/><E82/><REACH who="1" ten="178,250,260,292" step="2"/><V99/><F125/><W42/><G42/><T17/><D17/><U105/><AGARI ba="1,2" hai="10,13,18,21,27,28,38,41,46,64,66,96,101,105" machi="105" ten="20,5200,0" yaku="1,1,2,1,0,1,7,1,53,0" doraHai="34" doraHaiUra="124" who="1" fromWho="1" sc="178,-14,250,75,260,-14,292,-27" owari="164,-33.6,325,42.5,246,-15.4,265,6.5" /></mjloggm>