<mjloggm ver="2.3"><GO type="225" lobby="0"/><UN n0="%E7%B4%94%E6%BD%94%E3%83%94%E3%83%A9%E3%83%8B%E3%82%A2" n1="%72%65%6E%6B%75%6E" n2="%E5%B8%86%E7%AB%8B%E5%A4%8F%E8%A1%A3" n3="%E6%A1%9C%E8%8A%B1%E9%96%83%E3%80%85" dan="16,17,16,16" rate="2116.96,2275.20,2166.08,2138.15" sx="M,M,M,M"/><TAIKYOKU oya="0"/><INIT seed="0,0,0,2,5,46" ten="250,250,250,250" oya="0" hai0="87,28,43,63,124,27,5,51,8,129,15,60,112" hai1="37,55,73,117,16,119,91,72,120,69,107,6,45" hai2="67,123,62,94,103,17,12,2,89,18,41,47,105" hai3="33,98,36,4,97,79,126,31,61,57,114,19,13"/><T99/><D112/><U1/><E120/><V38/><F123/><W54/><G114/><T128/><D124/><U23/><E69/><V135/><F135/><W125/><G36/><T106/><D87/><U92/><E107/><V108/><F2/><W131/><G4/><T25/><D106/><U26/><E73/><V90/><F108/><W21/><G79/><T74/><D99/><U75/><E75/><V115/><F115/><W102/><G131/><N who="0" m="50251" /><D74/><U44/><E72/><V88/><F105/><W0/><G0/><T48/><D43/><U76/><E76/><V96/><REACH who="2" step="1"/><F12/><REACH who="2" ten="250,250,240,250" step="2"/><W11/><G125/><T40/><D25/><U84/><E117/><V118/><F118/><W113/><G126/><T81/><D81/><U52/><E119/><V68/><AGARI ba="0,1" hai="17,18,38,41,47,62,67,68,88,89,90,94,96,103" machi="68" ten="30,4000,0" yaku="1,1,0,1,54,1,53,0" doraHai="46" doraHaiUra="32" who="2" fromWho="2" sc="250,-20,250,-10,240,50,250,-10" /><INIT seed="1,0,0,0,1,83" ten="230,240,290,240" oya="1" hai0="107,50,2,19,130,95,45,70,75,86,117,6,102" hai1="38,91,115,64,16,120,101,125,100,10,134,11,84" hai2="94,31,35,114,34,44,128,29,68,63,112,36,23" hai3="53,7,108,62,98,56,22,47,123,79,118,105,129"/><U77/><E115/><N who="2" m="44075" /><F128/><W13/><G123/><T90/><D117/><U4/><E120/><V85/><F23/><W17/><G129/><T80/><D70/><U126/><E38/><V74/><F74/><W103/><G108/><T92/><D130/><U39/><E39/><V21/><F21/><W110/><G110/><T9/><D19/><U49/><E77/><V58/><F68/><W96/><G118/><T46/><D46/><U48/><E64/><N who="2" m="39031" /><F85/><W111/><G111/><T30/><D30/><N who="2" m="11274" /><F94/><W18/><G79/><T1/><D75/><U73/><E73/><V121/><F121/><W106/><G22/><T33/><D33/><U76/><E76/><V25/><F25/><W40/><G105/><T72/><D72/><U109/><E109/><V65/><F65/><W12/><G98/><T89/><D89/><U119/><E119/><V87/><F87/><W0/><G0/><T135/><D2/><U43/><E100/><V37/><F37/><N who="3" m="21903" /><G13/><T27/><D27/><U127/><E101/><V122/><F122/><W8/><G106/><T41/><D107/><U59/><E84/><V66/><F66/><W93/><G103/><T51/><D95/><U14/><E91/><V3/><F3/><W20/><G20/><T28/><D28/><U133/><E133/><V78/><F78/><W81/><G81/><T54/><D135/><U60/><E134/><V132/><F132/><W97/><G93/><T67/><D67/><N who="1" m="39327" /><E43/><AGARI ba="0,0" hai="34,35,36,43,44" m="11274,39031,44075" machi="43" ten="30,1000,0" yaku="11,1" doraHai="83" who="2" fromWho="1" sc="230,0,240,-10,290,10,240,0" /><INIT seed="2,0,0,2,5,89" ten="230,230,300,240" oya="2" hai0="83,3,52,22,130,12,66,0,15,98,6,75,28" hai1="118,64,10,59,49,17,32,50,24,119,39,109,4" hai2="132,40,58,13,99,108,74,44,54,57,90,16,65" hai3="60,14,31,87,37,34,47,20,80,62,72,51,23"/><V91/><F74/><W96/><G37/><T129/><D66/><U19/><E39/><V128/><F128/><N who="0" m="49258" /><D75/><U133/><E109/><V78/><F132/><W53/><G72/><T104/><D83/><U134/><E64/><V79/><F108/><W102/><G34/><T1/><D104/><U2/><E59/><V21/><F65/><W112/><G112/><T61/><D98/><U81/><E81/><V103/><F58/><W7/><G31/><T124/><D61/><N who="3" m="23657" /><G96/><T46/><D124/><U86/><E86/><V55/><F40/><W127/><G102/><T105/><D6/><U107/><E107/><V56/><F56/><W26/><G127/><T73/><D105/><U82/><E82/><V117/><F44/><W84/><G26/><N who="0" m="16471" /><D73/><U92/><E92/><N who="2" m="58855" /><F117/><N who="1" m="44553" /><E49/><AGARI ba="0,0" hai="0,1,3,12,15,46,49,52" m="16471,49258" machi="49" ten="40,2600,0" yaku="19,1,54,1" doraHai="89" who="0" fromWho="1" sc="230,26,230,-26,300,0,240,0" /><INIT seed="3,0,0,1,0,54" ten="256,204,300,240" oya="3" hai0="60,25,15,71,117,57,66,32,5,3,16,7,21" hai1="122,37,133,109,50,108,76,1,78,95,28,128,56" hai2="118,72,88,98,23,104,19,17,73,38,86,132,135" hai3="111,42,26,89,36,63,45,92,115,107,100,116,10"/><W35/><G115/><T82/><D117/><U29/><E1/><V61/><F38/><W46/><G116/><T41/><D41/><U33/><E37/><V13/><F118/><W127/><G127/><T123/><D123/><U12/><E122/><V90/><F61/><W69/><G46/><T2/><D82/><U91/><E12/><V4/><F4/><W80/><G80/><T22/><D32/><U30/><E33/><V11/><F104/><W119/><G119/><T53/><D5/><U44/><E133/><N who="2" m="51275" /><F98/><N who="3" m="61847" /><G10/><T6/><D6/><U97/><E128/><V106/><F106/><W103/><G103/><T8/><D21/><U134/><E134/><V39/><F39/><W59/><G111/><T14/><REACH who="0" step="1"/><D2/><REACH who="0" ten="246,204,300,240" step="2"/><U96/><E96/><V70/><F23/><W64/><G42/><T110/><D110/><N who="1" m="42603" /><E44/><V9/><F9/><W113/><G45/><T52/><D52/><AGARI ba="0,1" hai="28,29,30,50,52,56,76,78,91,95,97" m="42603" machi="52" ten="30,3900,0" yaku="14,1,52,1,54,1" doraHai="54" who="1" fromWho="0" sc="246,-39,204,49,300,0,240,0" owari="207,-29.3,253,5.3,300,40.0,240,-16.0" /></mjloggm>