<mjloggm ver="2.3"><GO type="225" lobby="0"/><UN n0="%E9%A2%A8%E3%81%A7%E9%B3%B4%E3%81%8F" n1="%4B%2E%32%2E%4B%2E" n2="%72%61%6B%33" n3="%E9%B3%B3%E6%9D%B1%E3%81%AE%E3%81%86%E3%81%95%E3%81%8E%E3%81%95%E3%82%93" dan="16,16,18,17" rate="2127.29,2189.63,2197.75,2220.21" sx="M,M,M,M"/><TAIKYOKU oya="0"/><INIT seed="0,0,0,1,4,85" ten="250,250,250,250" oya="0" hai0="14,97,81,7,100,80,58,67,92,70,78,28,4" hai1="128,43,40,71,11,45,90,49,86,65,17,42,64" hai2="121,119,52,125,48,39,23,102,24,60,5,33,18" hai3="50,54,31,51,82,132,115,12,104,22,46,10,75"/><T84/><D70/><U114/><E128/><V93/><F121/><W57/><G132/><T9/><D28/><U87/><E114/><V111/><F39/><W126/><G126/><T74/><D58/><U55/><E71/><V72/><F125/><W123/><G115/><T6/><REACH who="0" step="1"/><D67/><REACH who="0" ten="240,250,250,250" step="2"/><U110/><E65/><V76/><F60/><W47/><G57/><T63/><D63/><U30/><E64/><V135/><F135/><W99/><G31/><T105/><D105/><U130/><E30/><V27/><F33/><W36/><G104/><T117/><D117/><U44/><E44/><V131/><F119/><W29/><G29/><T109/><D109/><U88/><E110/><V34/><F111/><W96/><G46/><T91/><AGARI ba="0,1" hai="4,6,7,9,14,74,78,80,81,84,91,92,97,100" machi="91" ten="20,7800,0" yaku="1,1,0,1,7,1,52,1,53,0" doraHai="85" doraHaiUra="16" who="0" fromWho="0" sc="240,88,250,-26,250,-26,250,-26" /><INIT seed="0,1,0,4,2,57" ten="328,224,224,224" oya="0" hai0="37,14,5,124,41,77,126,68,117,61,99,127,118" hai1="120,73,89,75,30,90,27,2,10,104,20,46,95" hai2="121,76,116,74,25,123,81,32,97,79,131,109,65" hai3="54,47,53,105,31,18,133,91,84,128,107,62,135"/><T19/><D5/><U42/><E104/><V45/><F109/><W7/><G128/><T67/><D77/><U92/><E120/><V108/><F108/><W134/><G31/><T11/><REACH who="0" step="1"/><D99/><REACH who="0" ten="318,224,224,224" step="2"/><N who="1" m="57743" /><E75/><V29/><F76/><W115/><G7/><T110/><D110/><U111/><E73/><V58/><F97/><W15/><G115/><T82/><D82/><U55/><E111/><V26/><F81/><W39/><G135/><T101/><D101/><U122/><E122/><V34/><F79/><W64/><G134/><T21/><D21/><U6/><E20/><V86/><F74/><W28/><G133/><T52/><D52/><U106/><E55/><V114/><F123/><W49/><G53/><T33/><D33/><U100/><E100/><V50/><F121/><W4/><G4/><T23/><D23/><U22/><E22/><V87/><F114/><W44/><G54/><T35/><D35/><U13/><E6/><V98/><F98/><W36/><G84/><T113/><D113/><U83/><E83/><V80/><F80/><W51/><G91/><T38/><D38/><U132/><E132/><V59/><F87/><W125/><G36/><T130/><D130/><U0/><E90/><V43/><F131/><W63/><G39/><T85/><D85/><U71/><E30/><N who="2" m="19535" /><F86/><W40/><G28/><T112/><D112/><U88/><E88/><V16/><F29/><W9/><G9/><T94/><D94/><U96/><E95/><V8/><F8/><W78/><G78/><T56/><D56/><U69/><E10/><V24/><F34/><W129/><G129/><RYUUKYOKU ba="1,1" sc="318,30,224,-10,224,-10,224,-10" hai0="11,14,19,37,41,61,67,68,117,118,124,126,127" /><INIT seed="0,2,1,3,2,125" ten="348,214,214,214" oya="0" hai0="124,77,30,86,119,9,94,93,7,103,100,117,33" hai1="28,127,102,66,74,53,21,96,81,41,101,24,15" hai2="56,23,57,20,5,114,120,32,89,112,85,88,67" hai3="42,14,106,134,61,69,40,47,49,4,113,109,68"/><T107/><D124/><U128/><E127/><V26/><F32/><W31/><G106/><T54/><D30/><U59/><E66/><V62/><F120/><W132/><G31/><T51/><D33/><U10/><E41/><N who="3" m="15978" /><G14/><N who="0" m="5439" /><D119/><U87/><E74/><V84/><F5/><W22/><G22/><T76/><D117/><U105/><E128/><V98/><F98/><W123/><G4/><T65/><D65/><U63/><E96/><V17/><F56/><W126/><G126/><T1/><D1/><U0/><E105/><V116/><F116/><W6/><G6/><T3/><D3/><U111/><E111/><V99/><F99/><W13/><G13/><T46/><D107/><U78/><REACH who="1" step="1"/><E0/><REACH who="1" ten="348,204,214,214" step="2"/><V55/><F67/><W90/><G109/><T71/><D71/><U27/><E27/><V64/><F64/><W44/><G69/><T92/><D86/><U130/><E130/><V110/><F110/><W73/><G73/><T82/><D82/><U122/><E122/><V16/><F85/><W79/><G123/><T131/><D131/><U12/><E12/><V25/><F89/><W72/><G90/><T2/><D2/><U135/><E135/><V52/><REACH who="2" step="1"/><F55/><REACH who="2" ten="348,204,204,214" step="2"/><W133/><G134/><T43/><D54/><U36/><E36/><V19/><F19/><AGARI ba="2,3" hai="10,15,19,21,24,28,53,59,63,78,81,87,101,102" machi="19" ten="30,7700,0" yaku="1,1,7,1,8,1,53,1" doraHai="125" doraHaiUra="8" who="1" fromWho="2" sc="348,0,204,113,204,-83,214,0" /><INIT seed="1,0,0,0,0,42" ten="348,317,121,214" oya="1" hai0="32,70,40,2,6,105,116,10,35,135,50,16,56" hai1="71,46,20,72,52,120,79,27,90,93,121,60,62" hai2="14,26,128,44,96,126,103,30,51,99,19,4,48" hai3="114,11,54,65,104,95,28,15,86,76,63,55,22"/><U33/><E33/><V43/><F126/><W58/><G104/><T36/><D105/><U21/><E79/><V132/><F128/><W115/><G115/><T64/><D116/><U97/><E72/><V0/><F132/><W81/><G114/><T38/><D38/><U23/><E27/><V122/><F122/><W131/><G131/><T85/><D85/><U7/><E7/><V80/><F80/><W25/><REACH who="3" step="1"/><G95/><REACH who="3" ten="348,317,121,204" step="2"/><T49/><D135/><U13/><E120/><V77/><F0/><W88/><G88/><T117/><D2/><U102/><E90/><V133/><F133/><W66/><G66/><T17/><D64/><U59/><E121/><V108/><F108/><W31/><G31/><T106/><D106/><U1/><E1/><V111/><F111/><W9/><G9/><T94/><D10/><U37/><E93/><V124/><F124/><W100/><G100/><T113/><D94/><U101/><E101/><V98/><F103/><W109/><G109/><T67/><D67/><U24/><E102/><V39/><F77/><W69/><G69/><T12/><D70/><U73/><E71/><V112/><F112/><W74/><G74/><T47/><D113/><U78/><E73/><V8/><REACH who="2" step="1"/><F4/><AGARI ba="0,1" hai="4,11,15,22,25,28,54,55,58,63,65,76,81,86" machi="4" ten="30,7700,0" yaku="1,1,7,1,8,1,53,1" doraHai="42" doraHaiUra="83" who="3" fromWho="2" sc="348,0,317,0,121,-77,204,87" /><INIT seed="2,0,0,0,2,96" ten="348,317,44,291" oya="2" hai0="4,50,13,57,94,51,100,135,46,58,38,3,67" hai1="29,24,60,36,75,98,55,39,64,19,47,31,37" hai2="35,49,80,16,79,133,89,21,10,52,111,15,8" hai3="61,42,71,125,124,107,88,26,12,104,25,119,5"/><V92/><F35/><W127/><G119/><T105/><D105/><N who="3" m="40521" /><G42/><T109/><D109/><U112/><E75/><V113/><F133/><W28/><G5/><T117/><D3/><U131/><E98/><V102/><F113/><W14/><G88/><T33/><D33/><U108/><E112/><V91/><F111/><W78/><G78/><T73/><D73/><U130/><E108/><V22/><F102/><W44/><G44/><T82/><D82/><U62/><E19/><V68/><F68/><W72/><G72/><T122/><D122/><U41/><E55/><V103/><F103/><W97/><G97/><N who="0" m="59447" /><D38/><U40/><E60/><V18/><F79/><W54/><G54/><N who="0" m="31959" /><D117/><U27/><E41/><V81/><F81/><W87/><G87/><T123/><D123/><U126/><E39/><V11/><F80/><W69/><G28/><T77/><D77/><U56/><E37/><V76/><F76/><W106/><G61/><N who="0" m="38327" /><D135/><U23/><REACH who="1" step="1"/><E126/><REACH who="1" ten="348,307,44,291" step="2"/><V85/><F91/><W95/><G124/><T32/><D4/><U116/><E116/><V99/><F99/><W120/><G127/><T114/><D114/><U110/><E110/><V45/><REACH who="2" step="1"/><F11/><REACH who="2" ten="348,307,34,291" step="2"/><W128/><G125/><T43/><D32/><AGARI ba="0,2" hai="23,24,27,29,31,32,36,40,47,56,62,64,130,131" machi="32" ten="40,1300,0" yaku="1,1,53,0" doraHai="96" doraHaiUra="129" who="1" fromWho="0" sc="348,-13,307,33,34,0,291,0" /><INIT seed="3,0,0,1,3,64" ten="335,340,34,291" oya="3" hai0="65,117,55,111,127,21,123,88,86,51,104,1,89" hai1="66,78,30,41,6,95,129,80,74,17,107,68,118" hai2="82,26,72,48,87,61,13,37,22,23,46,20,121" hai3="106,132,110,50,5,34,29,93,69,57,60,7,24"/><W39/><G132/><T124/><D104/><U58/><E107/><V42/><F72/><W40/><G106/><T12/><D111/><U135/><E68/><V100/><F121/><W120/><G120/><T96/><D123/><U32/><E135/><V25/><F37/><W2/><G2/><T14/><D1/><U81/><E129/><V47/><F100/><W116/><G116/><T103/><D65/><U105/><E105/><V109/><F109/><W91/><G110/><T35/><D35/><U92/><E118/><V31/><F61/><W90/><G39/><T59/><D117/><U101/><E6/><V54/><F26/><W71/><G5/><T11/><D103/><U16/><E41/><V44/><F54/><W67/><G7/><T112/><D112/><U76/><E30/><V0/><F0/><W115/><G115/><T28/><D96/><U99/><E92/><V113/><F113/><W119/><G119/><T4/><D89/><U125/><E125/><V97/><F97/><W62/><G62/><T84/><D84/><U70/><E70/><V56/><F56/><W18/><G91/><T131/><D131/><U79/><E32/><V38/><F38/><W130/><G130/><T85/><D85/><N who="1" m="48263" /><E79/><V108/><F108/><W27/><G40/><T3/><D28/><U10/><E10/><V15/><F22/><N who="3" m="13399" /><G50/><T102/><D102/><U134/><E134/><V63/><F63/><W9/><G9/><T8/><D8/><U52/><E66/><V126/><F126/><N who="0" m="48170" /><D21/><U94/><E94/><AGARI ba="0,0" hai="3,4,11,12,14,51,55,59,86,88,94" m="48170" machi="94" ten="30,2000,0" yaku="18,1,54,1" doraHai="64" who="0" fromWho="1" sc="335,20,340,-20,34,0,291,0" owari="355,45.5,320,12.0,34,-46.6,291,-10.9" /></mjloggm>