<mjloggm ver="2.3"><GO type="225" lobby="0"/><UN n0="%E4%BA%BA%E9%96%93%E3%83%81%E3%83%A3%E3%83%BC%E3%83%8F%E3%83%B3" n1="%E3%81%B5%E3%81%98%E3%81%8B%E3%81%A4" n2="%28%EF%BF%A3%E2%96%BD%EF%BF%A3%29%CE%B4%E2%8C%92%E3%83%BB" n3="%E9%B3%B3%E6%9D%B1%E3%81%AE%E3%81%BF%E3%81%91%E3%81%AB%E3%82%83%E3%82%93" dan="16,16,16,17" rate="2065.98,2170.01,2154.63,2159.61" sx="M,M,M,F"/><TAIKYOKU oya="0"/><INIT seed="0,0,0,5,2,23" ten="250,250,250,250" oya="0" hai0="69,21,74,112,89,77,27,17,84,56,100,40,28" hai1="123,42,104,31,15,79,94,43,83,13,53,95,8" hai2="73,133,91,62,51,41,7,85,35,96,24,49,11" hai3="4,86,25,99,72,14,1,132,103,117,45,12,67"/><T20/><D112/><U109/><E104/><V9/><F73/><W113/><G72/><T2/><D69/><U22/><E123/><V3/><F133/><W119/><G113/><T126/><D2/><U82/><E109/><V52/><F96/><W134/><G67/><T98/><D126/><U29/><E22/><V107/><F107/><W130/><G45/><T75/><D77/><U50/><E79/><V54/><F9/><N who="3" m="2191" /><G86/><T92/><D56/><U55/><REACH who="1" step="1"/><E50/><REACH who="1" ten="250,240,250,250" step="2"/><V105/><F105/><W101/><G134/><T66/><D40/><U108/><E108/><V16/><F41/><W58/><G132/><T68/><D68/><U64/><E64/><V124/><F51/><W6/><G119/><T135/><D66/><U60/><E60/><V114/><F62/><W121/><G117/><T39/><D135/><U131/><E131/><V63/><F63/><W34/><G130/><T88/><D39/><U76/><E76/><V115/><F49/><W127/><G121/><T129/><D129/><U90/><E90/><V44/><F115/><W71/><G71/><T125/><D89/><U128/><E128/><V81/><F114/><W5/><G103/><T38/><D38/><U80/><E80/><V111/><F81/><W78/><G78/><T102/><D125/><U30/><E30/><V110/><F124/><W46/><G127/><T116/><D116/><U70/><E70/><V93/><F110/><W48/><G101/><T122/><D102/><U36/><E36/><V33/><F111/><W26/><G48/><T18/><D122/><U10/><AGARI ba="0,1" hai="8,10,13,15,29,31,42,43,53,55,82,83,94,95" machi="10" ten="25,8000,1" yaku="1,1,0,1,22,2,8,1,53,0" doraHai="23" doraHaiUra="97" who="1" fromWho="1" sc="250,-40,240,90,250,-20,250,-20" /><INIT seed="1,0,0,4,5,13" ten="210,330,230,230" oya="1" hai0="75,26,14,71,18,74,43,127,59,56,28,65,120" hai1="24,79,2,101,133,52,88,22,21,30,122,33,60" hai2="72,54,105,58,96,112,90,55,78,20,51,115,67" hai3="135,91,94,47,5,125,102,1,111,25,3,45,89"/><U68/><E122/><V108/><F108/><W106/><G111/><T62/><D120/><U53/><E133/><V12/><F67/><W82/><G135/><T121/><D121/><U70/><E2/><V130/><F130/><W76/><G125/><T95/><D127/><U16/><E79/><V117/><F117/><W128/><G128/><T126/><D126/><U124/><E124/><V92/><F105/><W38/><G106/><T69/><D43/><U73/><E73/><V116/><F116/><W11/><G1/><T77/><D71/><U66/><E70/><V9/><F20/><W84/><G38/><T104/><D104/><U103/><E33/><V131/><F131/><W39/><G39/><T10/><D95/><U46/><E88/><V57/><F78/><W118/><G118/><T119/><D119/><U93/><E46/><V86/><F72/><W15/><G3/><T31/><D31/><U63/><E93/><V36/><F36/><W80/><G25/><T50/><D77/><U98/><E98/><V61/><REACH who="2" step="1"/><F96/><REACH who="2" ten="210,330,220,230" step="2"/><N who="3" m="59671" /><G76/><T134/><D134/><U97/><E97/><V83/><F83/><W85/><AGARI ba="0,1" hai="5,11,15,45,47,80,82,84,85,89,91" m="59671" machi="85" ten="30,1100,0" yaku="8,1" doraHai="13" who="3" fromWho="3" sc="210,-3,330,-5,220,-3,230,21" /><INIT seed="2,0,0,4,0,77" ten="207,325,217,251" oya="2" hai0="82,87,79,27,65,127,23,117,43,78,81,80,6" hai1="34,39,16,88,135,111,73,132,83,50,103,124,112" hai2="13,29,104,18,24,91,68,131,115,58,32,113,95" hai3="40,52,61,110,21,76,20,74,15,122,33,22,119"/><V31/><F104/><W30/><G119/><T12/><D117/><U11/><E34/><V67/><F68/><W46/><G122/><T92/><D127/><U64/><E39/><V72/><F72/><W93/><G110/><T128/><D128/><U51/><E112/><V38/><F38/><W49/><G93/><T116/><D116/><U26/><E111/><V0/><F0/><W7/><G33/><T100/><D65/><U54/><E124/><V48/><F131/><W109/><G109/><T37/><D37/><U106/><E64/><V89/><F31/><W133/><G133/><N who="1" m="51274" /><E54/><V41/><F91/><W94/><G94/><T99/><D43/><U108/><E108/><V125/><F125/><W134/><G30/><N who="0" m="17791" /><D78/><N who="1" m="44495" /><E88/><V66/><F67/><W118/><G118/><T84/><D84/><U96/><E26/><V8/><F66/><W97/><G97/><T14/><D14/><AGARI ba="0,0" hai="11,14,16,50,51,96,103,106" m="44495,51274" machi="14" ten="30,3900,0" yaku="20,1,52,1,54,1" doraHai="77" who="1" fromWho="0" sc="207,-39,325,39,217,0,251,0" /><INIT seed="3,0,0,1,2,48" ten="168,364,217,251" oya="3" hai0="89,112,59,96,102,47,119,104,22,56,109,118,23" hai1="83,79,120,32,45,25,124,50,91,123,66,122,126" hai2="121,76,30,29,9,43,74,111,133,100,68,135,64" hai3="94,129,71,60,99,34,85,57,14,24,80,3,4"/><W13/><G71/><T20/><D109/><U35/><E66/><V130/><F111/><W77/><G129/><T26/><D112/><U128/><E91/><V6/><F130/><W81/><G3/><T12/><D47/><U46/><E25/><V41/><F121/><W132/><G132/><N who="2" m="50761" /><F100/><W72/><G4/><T108/><D108/><U115/><E46/><V62/><F76/><W7/><G7/><T127/><D127/><N who="1" m="48683" /><E115/><V0/><F74/><W33/><G33/><T84/><D12/><U53/><E128/><V44/><F43/><W63/><G63/><T70/><D26/><U61/><E61/><V101/><F101/><W11/><G11/><T21/><N who="0" m="5120" /><DORA hai="92" /><T10/><D10/><U18/><E18/><V114/><F114/><W40/><G40/><T82/><REACH who="0" step="1"/><D70/><REACH who="0" ten="158,364,217,251" step="2"/><U103/><E123/><V98/><F98/><W55/><G24/><T125/><D125/><U113/><E122/><V107/><F107/><W2/><G2/><T27/><D27/><U15/><E113/><V110/><F110/><W67/><G13/><T38/><D38/><AGARI ba="0,1" hai="0,6,9,29,30,38,41,44,62,64,68" m="50761" machi="38" ten="30,1000,0" yaku="20,1" doraHai="48,92" who="2" fromWho="0" sc="158,-10,364,0,217,20,251,0" owari="148,-35.2,364,46.4,237,-16.3,251,5.1" /></mjloggm>