<mjloggm ver="2.3"><GO type="225" lobby="0"/><UN n0="%E3%80%90%E3%83%88%E3%83%AA%E3%83%A5%E3%83%95%E3%80%91" n1="%E3%82%B3%E3%83%90%E3%83%AC%E3%82%A4" n2="%4C%4F%4C%49%54%41" n3="%E9%BB%99%E8%81%B4%E3%81%AE%E3%81%99%E3%82%9D%E3%82%81" dan="16,16,16,16" rate="2118.73,2188.76,2196.11,2154.41" sx="M,M,F,M"/><TAIKYOKU oya="0"/><INIT seed="0,0,0,0,5,103" ten="250,250,250,250" oya="0" hai0="119,130,47,39,34,29,37,96,51,30,112,81,101" hai1="1,97,90,127,27,62,52,18,98,95,21,56,25" hai2="24,115,109,85,108,66,64,17,135,75,48,2,28" hai3="124,86,50,93,26,3,120,71,0,80,65,15,6"/><T46/><D112/><U122/><E127/><V5/><F75/><W35/><G124/><T128/><D119/><U33/><E1/><V42/><F115/><W94/><G120/><T41/><D81/><U79/><E79/><V133/><F17/><W83/><G71/><T67/><D67/><U117/><E122/><V7/><F85/><W44/><G65/><N who="2" m="25193" /><F42/><N who="3" m="24855" /><G35/><T38/><D47/><U105/><E117/><V11/><F48/><W84/><G26/><T77/><D77/><U92/><E33/><N who="2" m="20615" /><F7/><W104/><G104/><N who="0" m="63527" /><D34/><U63/><E105/><V78/><F78/><N who="3" m="46103" /><G0/><T116/><D116/><U107/><E107/><V70/><F70/><W16/><G6/><T40/><D40/><U59/><E27/><V43/><F43/><W121/><G3/><T10/><D10/><U31/><E31/><V54/><F54/><W91/><G121/><T57/><D57/><U126/><E126/><V8/><F11/><AGARI ba="0,0" hai="11,15,16,83,86,91,93,94" m="46103,24855" machi="11" ten="30,2000,0" yaku="8,1,54,1" doraHai="103" who="3" fromWho="2" sc="250,0,250,0,250,-20,250,20" /><INIT seed="1,0,0,2,5,5" ten="250,250,230,270" oya="1" hai0="89,2,114,126,13,131,28,76,35,99,47,15,98" hai1="72,105,11,109,94,52,110,106,56,122,127,75,46" hai2="124,43,38,71,40,3,108,63,80,0,123,82,21" hai3="83,37,87,34,104,95,135,27,41,25,102,88,1"/><U6/><E122/><V57/><F123/><W24/><G1/><T65/><D114/><U36/><E94/><V55/><F124/><W54/><G135/><T97/><D126/><U111/><E127/><V53/><F108/><W117/><G117/><T39/><D2/><U113/><E113/><V31/><F71/><W32/><G104/><N who="1" m="40042" /><E46/><V26/><F0/><W66/><G66/><T18/><D65/><U133/><E36/><V125/><F3/><W134/><G134/><T48/><D13/><N who="1" m="5367" /><E133/><V50/><F125/><W58/><G41/><N who="2" m="15945" /><F38/><W79/><G102/><T4/><D4/><U60/><AGARI ba="0,0" hai="52,56,60,72,75,109,110,111" m="5367,40042" machi="60" ten="40,12000,1" yaku="14,1,10,1,52,1,54,1" doraHai="5" who="1" fromWho="1" sc="250,-40,250,120,230,-40,270,-40" /><INIT seed="1,1,0,1,5,46" ten="210,370,190,230" oya="1" hai0="74,66,128,123,29,37,16,118,97,119,109,22,23" hai1="106,1,113,121,62,75,39,114,45,90,79,120,112" hai2="82,59,36,103,56,83,89,53,131,68,31,81,30" hai3="7,60,104,76,135,92,18,86,77,129,17,27,8"/><U122/><E1/><V51/><F36/><W47/><G104/><T25/><D74/><U57/><E106/><V0/><F68/><W35/><G129/><T41/><D66/><U71/><E79/><V107/><F0/><W33/><G135/><T48/><D37/><U3/><E90/><V10/><F131/><W44/><G60/><T67/><D67/><U5/><E75/><V98/><F10/><W21/><G7/><T84/><D97/><U134/><E3/><V85/><REACH who="2" step="1"/><F59/><REACH who="2" ten="210,370,180,230" step="2"/><W42/><G8/><T130/><D130/><U100/><E134/><V24/><F24/><W125/><G27/><T64/><D128/><U61/><E5/><V2/><F2/><W54/><G44/><N who="0" m="25615" /><D123/><U111/><E71/><V133/><F133/><W40/><G47/><T28/><D119/><U124/><E45/><V126/><F126/><W14/><G125/><T52/><D118/><U96/><E124/><V49/><F49/><W11/><G11/><T117/><D117/><U4/><E39/><V58/><F58/><W26/><G26/><N who="0" m="14663" /><D64/><U91/><E121/><V32/><F32/><W105/><G35/><T110/><D110/><U99/><E111/><V78/><F78/><W12/><G33/><T132/><D132/><U38/><E38/><V116/><F116/><W9/><G77/><T102/><D109/><U63/><E122/><V15/><F15/><W80/><G14/><T93/><D25/><U108/><E108/><V101/><F101/><W73/><G12/><T127/><D102/><U50/><E120/><V88/><F88/><W6/><G76/><T55/><D127/><RYUUKYOKU ba="1,1" sc="210,-10,370,-10,180,30,230,-10" hai2="30,31,51,53,56,81,82,83,85,89,98,103,107" /><INIT seed="2,2,1,4,5,84" ten="200,360,210,220" oya="2" hai0="103,10,5,129,116,42,57,55,130,28,12,95,40" hai1="8,127,74,92,73,109,115,4,128,91,47,30,37" hai2="63,35,31,114,62,64,11,126,38,13,23,59,102" hai3="43,83,54,27,68,67,131,107,3,0,72,45,125"/><V113/><F35/><W56/><G107/><T106/><D28/><U86/><E115/><V111/><F38/><W51/><G131/><N who="0" m="50187" /><D116/><U81/><E128/><V6/><F126/><W98/><G98/><N who="0" m="59871" /><D106/><U69/><E69/><V76/><F111/><W120/><G120/><T32/><D32/><U122/><E109/><V22/><F76/><N who="3" m="44423" /><G27/><T117/><D117/><U75/><E122/><V20/><F31/><W41/><G41/><T134/><D134/><U110/><E30/><V36/><F36/><N who="3" m="21735" /><G125/><T14/><D12/><U94/><E110/><V58/><REACH who="2" step="1"/><F102/><REACH who="2" ten="200,360,200,220" step="2"/><W44/><G44/><T100/><D100/><U66/><E127/><V80/><F80/><W1/><G1/><T70/><D70/><U97/><E47/><V85/><F85/><W112/><G112/><T90/><D90/><U96/><E37/><V25/><F25/><W71/><G71/><T52/><D55/><AGARI ba="2,2" hai="6,11,13,20,22,23,55,58,59,62,63,64,113,114" machi="55" ten="40,2000,0" yaku="1,1,53,0" doraHai="84" doraHaiUra="82" who="2" fromWho="0" sc="200,-26,360,0,200,46,220,0" /><INIT seed="2,3,0,2,1,109" ten="174,360,246,220" oya="2" hai0="112,46,126,108,79,104,32,113,71,6,119,127,33" hai1="21,86,53,89,114,60,101,22,116,115,64,39,78" hai2="81,128,76,26,129,74,34,58,20,17,36,77,70" hai3="117,1,111,31,102,55,68,66,92,52,61,63,2"/><V135/><F70/><W48/><G111/><T54/><D108/><U35/><E39/><V118/><F118/><W18/><G117/><T14/><D104/><U42/><E42/><V87/><F36/><W47/><G31/><T69/><D79/><U133/><E35/><N who="0" m="13385" /><D119/><U90/><E116/><V80/><F135/><W105/><G105/><T41/><D54/><U65/><E101/><V24/><REACH who="2" step="1"/><F58/><REACH who="2" ten="174,360,236,220" step="2"/><W99/><REACH who="3" step="1"/><G18/><REACH who="3" ten="174,360,236,210" step="2"/><T38/><D69/><U107/><E133/><V98/><F98/><W29/><G29/><AGARI ba="3,2" hai="17,20,24,26,29,34,74,76,77,80,81,87,128,129" machi="29" ten="40,2000,0" yaku="1,1,53,0" doraHai="109" doraHaiUra="11" who="2" fromWho="3" sc="174,0,360,0,236,49,210,-29" /><INIT seed="2,4,0,2,5,94" ten="174,360,285,181" oya="2" hai0="71,47,57,28,78,55,85,0,62,76,40,50,13" hai1="45,98,36,77,25,9,92,118,43,121,49,67,95" hai2="88,108,114,1,84,125,22,110,83,72,64,5,3" hai3="15,119,33,26,104,58,113,11,41,14,44,93,51"/><V69/><F114/><W115/><G104/><T23/><D0/><U54/><E118/><V20/><F125/><W90/><G119/><T59/><D71/><U46/><E121/><V89/><F72/><W65/><G33/><T56/><D28/><U10/><E67/><V32/><F32/><W8/><G26/><T34/><D34/><U122/><E122/><V103/><F103/><W73/><G73/><T133/><D133/><U7/><E77/><N who="0" m="29801" /><D85/><U18/><E95/><V16/><F22/><W80/><G80/><T60/><D40/><U134/><E134/><V30/><F89/><W39/><G39/><T123/><D123/><U17/><E25/><V101/><F101/><W87/><G115/><T21/><D13/><N who="3" m="4617" /><G113/><T19/><D19/><U52/><E9/><V53/><F30/><W129/><G129/><T124/><D124/><U2/><E54/><V48/><F64/><W91/><G91/><AGARI ba="4,0" hai="2,7,10,17,18,36,43,45,46,49,52,91,92,98" machi="91" ten="30,3900,0" yaku="7,1,52,1,54,1" doraHai="94" who="1" fromWho="3" sc="174,0,360,51,285,0,181,-51" /><INIT seed="3,0,0,3,5,7" ten="174,411,285,130" oya="3" hai0="132,111,99,82,48,26,5,126,49,2,8,105,84" hai1="124,10,102,30,20,17,19,25,100,33,32,118,87" hai2="97,121,79,70,11,119,78,120,44,108,135,35,59" hai3="54,95,76,131,133,34,81,63,37,36,22,51,104"/><W1/><G34/><T68/><D111/><U93/><E118/><V39/><F119/><W45/><G104/><T103/><D132/><U47/><E124/><V66/><F35/><W23/><G1/><T127/><D68/><U15/><E33/><V107/><F70/><W106/><G106/><T116/><D26/><U9/><E32/><V21/><F108/><W28/><G131/><T60/><D60/><U94/><E47/><V67/><F135/><W89/><G133/><T13/><D2/><U129/><E129/><V31/><F11/><N who="1" m="4105" /><E15/><V16/><F31/><W85/><G63/><T91/><D116/><U57/><E57/><V56/><F56/><W50/><G50/><T83/><D83/><U80/><E19/><V41/><F59/><W65/><G65/><N who="2" m="24585" /><F97/><W14/><G28/><T27/><D27/><U24/><E24/><N who="2" m="14375" /><F107/><W0/><G0/><T128/><D128/><U40/><E40/><V74/><F74/><W6/><G6/><T46/><D46/><U53/><E53/><V86/><F86/><W55/><G55/><T77/><D127/><U71/><E71/><V4/><F4/><W130/><G130/><T109/><D109/><U125/><E125/><V88/><F88/><W122/><G122/><AGARI ba="0,0" hai="39,41,44,78,79,120,121,122" m="14375,24585" machi="122" ten="30,2000,0" yaku="13,1,54,1" doraHai="7" who="2" fromWho="3" sc="174,0,411,0,285,20,130,-20" owari="174,-22.6,411,51.1,305,10.5,110,-39.0" /></mjloggm>