<mjloggm ver="2.3"><GO type="225" lobby="0"/><UN n0="%E7%89%B9%E6%9D%B1%E3%81%AF%E4%B8%96%E7%95%8C%E3%82%92%E6%95%91%E3%81%86" n1="%E3%83%94%E3%83%B3%E3%82%B5%E3%83%AD%E5%BA%97%E5%93%A1" n2="%E6%81%A5%E6%99%92%E3%81%97" n3="%E3%81%A8%E3%82%89%E3%81%84%E3%81%A1" dan="16,17,16,16" rate="2154.71,2224.03,2090.35,2098.80" sx="M,M,M,M"/><TAIKYOKU oya="0"/><INIT seed="0,0,0,0,4,108" ten="250,250,250,250" oya="0" hai0="74,36,78,126,88,8,135,128,28,64,1,15,131" hai1="94,82,124,73,117,113,9,43,33,41,10,66,52" hai2="38,16,47,37,58,53,23,119,99,0,20,70,114" hai3="21,31,49,72,54,44,59,90,81,77,125,27,69"/><T75/><D36/><U40/><E117/><V7/><F70/><W42/><G125/><T24/><D64/><U56/><E33/><V79/><F119/><W118/><G118/><T55/><D1/><U76/><E124/><V97/><F79/><W13/><G69/><T17/><D126/><U63/><E113/><V68/><F23/><W121/><G121/><T132/><D55/><U115/><E115/><V3/><F68/><W6/><G90/><T103/><D103/><U129/><E129/><N who="0" m="49737" /><D88/><U71/><REACH who="1" step="1"/><E94/><REACH who="1" ten="250,240,250,250" step="2"/><V111/><F114/><W45/><REACH who="3" step="1"/><G42/><REACH who="3" ten="250,240,250,240" step="2"/><T46/><D135/><U91/><E91/><V87/><F111/><W62/><G62/><AGARI ba="0,2" hai="9,10,40,41,43,52,56,62,63,66,71,73,76,82" machi="62" ten="40,2600,0" yaku="1,1,54,1,53,0" doraHai="108" doraHaiUra="18" who="1" fromWho="3" sc="250,0,240,46,250,0,240,-26" /><INIT seed="1,0,0,1,3,115" ten="250,286,250,214" oya="1" hai0="93,103,78,85,77,127,111,52,114,126,118,22,61" hai1="42,55,121,49,117,24,96,36,86,54,14,132,39" hai2="12,123,26,130,7,48,90,2,58,133,20,74,97" hai3="47,80,71,122,38,32,33,16,101,131,75,10,83"/><U107/><E121/><V76/><F123/><W41/><G122/><T79/><D114/><U51/><E42/><V106/><F130/><W50/><G71/><T89/><D111/><U11/><E132/><V6/><F133/><W116/><G131/><T53/><D118/><U29/><E86/><V100/><F2/><W59/><G101/><T23/><D103/><U63/><E63/><V70/><F70/><W21/><G116/><T129/><D129/><U43/><E43/><V40/><F12/><W8/><G32/><T17/><D23/><U105/><E117/><V125/><F125/><N who="0" m="47626" /><D61/><U18/><E96/><V109/><F109/><W34/><G34/><T65/><D65/><U87/><E87/><V30/><F90/><W120/><G33/><T128/><D128/><U98/><E98/><V99/><F99/><W91/><G120/><T102/><D102/><U81/><E81/><N who="3" m="31306" /><G91/><T68/><D68/><U88/><E88/><V62/><F76/><W112/><G75/><T72/><D72/><U84/><E84/><V95/><F74/><W4/><G112/><T124/><N who="0" m="47634" /><T135/><DORA hai="82" /><D135/><U9/><E107/><V3/><F3/><N who="3" m="31" /><G10/><T5/><D5/><U119/><E9/><V92/><F92/><W35/><G35/><T134/><D134/><U0/><E105/><V57/><F106/><W60/><G21/><T110/><D110/><U1/><E1/><V108/><F108/><W28/><G28/><T46/><D46/><N who="1" m="27959" /><E0/><V45/><F58/><W15/><G38/><T104/><D104/><U73/><E119/><V44/><F45/><W94/><G47/><RYUUKYOKU ba="0,0" sc="250,15,286,-15,250,15,214,-15" hai0="17,22,52,53,77,78,79,85,89,93" hai2="6,7,20,26,30,40,44,48,57,62,95,97,100" /><INIT seed="2,1,0,1,5,61" ten="265,271,265,199" oya="2" hai0="66,17,68,51,126,29,71,96,115,13,52,112,1" hai1="4,69,104,74,15,59,16,76,44,114,102,70,8" hai2="63,90,79,128,50,31,105,83,123,107,117,7,65" hai3="118,58,49,119,11,62,37,14,131,120,35,116,101"/><V113/><F117/><W19/><G120/><T45/><D1/><U108/><E114/><V81/><F113/><W85/><G37/><T67/><D29/><U21/><E108/><V18/><F123/><W2/><G35/><T5/><D5/><U127/><E127/><V80/><F128/><W135/><G131/><T25/><D25/><U75/><E104/><V9/><F79/><W24/><G135/><T26/><D26/><U97/><E59/><N who="2" m="37119" /><F105/><W32/><G101/><T109/><D109/><U41/><E97/><V47/><F107/><W55/><G2/><T0/><D0/><N who="1" m="7" /><E75/><V91/><F7/><W121/><G121/><T88/><D126/><U12/><E12/><N who="2" m="7439" /><F31/><W10/><G10/><T56/><D71/><U78/><E78/><V103/><F103/><W27/><G32/><T3/><D3/><U54/><E102/><V92/><F92/><W39/><G39/><T64/><D68/><U6/><E6/><V87/><F91/><W48/><REACH who="3" step="1"/><G85/><REACH who="3" ten="265,271,265,189" step="2"/><T22/><REACH who="0" step="1"/><D45/><REACH who="0" ten="255,271,265,189" step="2"/><U40/><E44/><V20/><F20/><W99/><G99/><T36/><D36/><U77/><E21/><V86/><F47/><W110/><G110/><T53/><D53/><U38/><E54/><V134/><F134/><W33/><G33/><T106/><D106/><U122/><E122/><V95/><F87/><W57/><G57/><T73/><D73/><U82/><E38/><V89/><F86/><W133/><G133/><T129/><D129/><U94/><E69/><V42/><F42/><W124/><G124/><T34/><D34/><U100/><E70/><V23/><F23/><RYUUKYOKU ba="1,2" sc="255,15,271,-15,265,-15,189,15" hai0="13,17,22,51,52,56,64,66,67,88,96,112,115" hai3="11,14,19,24,27,48,49,55,58,62,116,118,119" /><INIT seed="3,2,2,5,5,122" ten="270,256,250,204" oya="3" hai0="57,18,34,84,92,33,49,15,129,80,40,132,46" hai1="13,85,19,82,55,106,79,22,25,119,28,112,110" hai2="30,64,7,12,71,10,77,83,87,123,125,38,74" hai3="2,94,109,24,60,43,126,70,115,98,54,68,39"/><W26/><G115/><T42/><D129/><U48/><E112/><V113/><F113/><W50/><G2/><T14/><D132/><U101/><E119/><V31/><F123/><W41/><G126/><T3/><D3/><U44/><E106/><V76/><F125/><W8/><G8/><T120/><D120/><U86/><E101/><V32/><F38/><W130/><G130/><T65/><D92/><U37/><E37/><V133/><F133/><W29/><G109/><T20/><D15/><U108/><REACH who="1" step="1"/><E86/><REACH who="1" ten="270,246,250,204" step="2"/><V72/><F87/><W36/><G36/><T111/><D111/><U47/><E47/><V103/><F103/><W128/><G128/><T35/><D42/><U58/><E58/><V5/><F74/><W107/><G107/><T66/><REACH who="0" step="1"/><D57/><REACH who="0" ten="260,246,250,204" step="2"/><U9/><AGARI ba="2,4" hai="9,13,19,22,25,28,44,48,55,79,82,85,108,110" machi="9" ten="30,7900,0" yaku="1,1,0,1,52,2,53,0" doraHai="122" doraHaiUra="118" who="1" fromWho="1" sc="260,-22,246,125,250,-22,204,-41" owari="238,3.8,371,47.1,228,-17.2,163,-33.7" /></mjloggm>