<mjloggm ver="2.3"><GO type="225" lobby="0"/><UN n0="%E3%81%BF%E3%81%BF%E3%81%9A" n1="%E3%83%81%E3%83%AF%E3%83%AF%E9%9A%8A%E9%95%B7" n2="%E5%B8%86%E7%AB%8B%E5%A4%8F%E8%A1%A3" n3="%73%69%67%65%6E%6F%72%69" dan="18,16,17,18" rate="2265.72,2106.95,2188.39,2244.89" sx="M,M,M,M"/><TAIKYOKU oya="0"/><INIT seed="0,0,0,1,5,34" ten="250,250,250,250" oya="0" hai0="129,124,9,66,36,12,64,22,7,118,135,73,49" hai1="53,44,110,125,95,28,92,23,55,62,114,56,43" hai2="37,57,8,4,13,52,115,67,27,18,86,126,50" hai3="98,106,127,24,45,94,16,0,113,99,120,111,39"/><T82/><D36/><U25/><E114/><V74/><F74/><W59/><G113/><T121/><D118/><U41/><E110/><V117/><F115/><W108/><G127/><T105/><D105/><U47/><E125/><V81/><F126/><W3/><G120/><T79/><D124/><U76/><E76/><V112/><F112/><W134/><G134/><T107/><D121/><U26/><E55/><V78/><F37/><W128/><G128/><T20/><D107/><U103/><E26/><V132/><F132/><W54/><G106/><T133/><D129/><U58/><E58/><V32/><F117/><W130/><G130/><T40/><D133/><U33/><E33/><V75/><F67/><W70/><G70/><T96/><D96/><N who="3" m="36905" /><G94/><N who="1" m="35882" /><E103/><V71/><F71/><W109/><G16/><T104/><D104/><U93/><E93/><V51/><F75/><W72/><G24/><T6/><D135/><U100/><E100/><V91/><F32/><W84/><G84/><N who="0" m="48223" /><D6/><U38/><E38/><V5/><F78/><W61/><G72/><T19/><D73/><U42/><AGARI ba="0,0" hai="23,25,28,41,42,43,44,47,53,56,62" m="35882" machi="42" ten="30,1100,0" yaku="8,1" doraHai="34" who="1" fromWho="1" sc="250,-5,250,11,250,-3,250,-3" /><INIT seed="1,0,0,1,1,31" ten="245,261,247,247" oya="1" hai0="5,127,40,103,111,67,81,18,98,108,113,99,128" hai1="38,22,126,80,4,49,130,135,69,78,115,68,16" hai2="114,119,71,46,35,3,50,116,29,107,55,124,10" hai3="61,134,56,8,59,92,0,33,57,20,43,17,42"/><U87/><E38/><V48/><F71/><W58/><G134/><T21/><D113/><U11/><E115/><V123/><F114/><W118/><G118/><T117/><D117/><U65/><E135/><V85/><F107/><W25/><G0/><T102/><D128/><U12/><E130/><V90/><F124/><W96/><G8/><T93/><D127/><U131/><E131/><V60/><F123/><W51/><G51/><T15/><D67/><U37/><E37/><V14/><F3/><W45/><G45/><T54/><D81/><U77/><E126/><V79/><F79/><W6/><G6/><T84/><D40/><U53/><E78/><V30/><F60/><W89/><REACH who="3" step="1"/><G33/><REACH who="3" ten="245,261,247,237" step="2"/><T100/><D5/><U62/><E62/><V23/><F35/><W125/><G125/><T133/><D133/><U106/><E49/><V70/><F50/><W74/><G74/><T105/><D111/><U63/><E63/><V129/><F129/><W13/><G13/><T122/><D108/><U24/><E12/><V39/><F39/><W36/><G36/><T76/><D122/><U82/><E4/><N who="2" m="3399" /><F119/><W73/><G73/><T95/><D54/><AGARI ba="0,1" hai="17,20,25,42,43,54,56,57,58,59,61,89,92,96" machi="54" ten="40,8000,1" yaku="1,1,25,2,8,1,53,0" doraHai="31" doraHaiUra="66" who="3" fromWho="0" sc="245,-80,261,0,247,0,237,90" /><INIT seed="2,0,0,4,2,48" ten="165,261,247,327" oya="2" hai0="2,66,10,82,52,84,45,97,63,53,16,120,127" hai1="7,88,72,79,111,123,75,86,132,115,122,106,59" hai2="31,128,126,119,68,62,21,118,100,49,133,13,25" hai3="77,64,98,93,50,110,70,104,114,41,30,36,130"/><V85/><F126/><W113/><G110/><T103/><D120/><N who="1" m="46123" /><E7/><V61/><F128/><W23/><G104/><T19/><D127/><U54/><E115/><V135/><F100/><W71/><G130/><T44/><D2/><U43/><E106/><V87/><F13/><W38/><G77/><T46/><D66/><U58/><E111/><V60/><F68/><W112/><G30/><T1/><D1/><U8/><E132/><N who="2" m="50763" /><F49/><W34/><G34/><T57/><D53/><U24/><E8/><V125/><F125/><W109/><G64/><T81/><D10/><U12/><E12/><V33/><F33/><W107/><G23/><T47/><N who="0" m="11264" /><DORA hai="102" /><T96/><D82/><U131/><E131/><V83/><F83/><W0/><G107/><T22/><D103/><U108/><E108/><V11/><F11/><W51/><G0/><T40/><D40/><U134/><E43/><V91/><F91/><N who="3" m="55615" /><G41/><T42/><D42/><U117/><E134/><V124/><F124/><W56/><G109/><T89/><D19/><U95/><E117/><AGARI ba="0,0" hai="21,25,31,60,61,62,85,87,117,118,119" m="50763" machi="117" ten="40,2000,0" yaku="20,1" doraHai="48,102" who="2" fromWho="1" sc="165,0,261,-20,247,20,327,0" /><INIT seed="2,1,0,4,1,47" ten="165,241,267,327" oya="2" hai0="84,89,87,73,50,98,5,14,112,90,114,85,108" hai1="134,75,91,133,93,19,61,13,122,104,7,2,20" hai2="117,56,115,27,125,57,78,86,37,131,23,111,97" hai3="69,25,132,110,12,80,52,99,95,66,64,109,1"/><V34/><F115/><W42/><G1/><T55/><D73/><U63/><E104/><V44/><F117/><W39/><G132/><N who="1" m="50794" /><E75/><V119/><F119/><W81/><G39/><T126/><D126/><U15/><E2/><V45/><F34/><W103/><G42/><T30/><D108/><N who="3" m="41577" /><G69/><T77/><D30/><U107/><E107/><V116/><F97/><W123/><G123/><T72/><D72/><U24/><E122/><V83/><F86/><W43/><G43/><T38/><D38/><U102/><E102/><V79/><F83/><N who="3" m="31819" /><G12/><N who="1" m="4682" /><E7/><V94/><F125/><W100/><G100/><T9/><D77/><U101/><E101/><V31/><F37/><W62/><G25/><T130/><D130/><U135/><N who="1" m="50802" /><U120/><DORA hai="54" /><E120/><V35/><F131/><W124/><G124/><T46/><REACH who="0" step="1"/><D98/><AGARI ba="1,0" hai="19,20,24,61,63,91,93,98" m="4682,50802" machi="98" ten="40,1300,0" yaku="20,1" doraHai="47,54" who="1" fromWho="0" sc="165,-16,241,16,267,0,327,0" /><INIT seed="3,0,0,3,1,38" ten="149,257,267,327" oya="3" hai0="84,20,85,32,122,89,61,72,105,11,104,90,106" hai1="24,26,41,6,33,60,96,36,131,4,47,123,42" hai2="94,120,59,21,127,95,49,5,12,48,70,22,44" hai3="25,2,133,23,93,54,75,8,116,50,76,57,15"/><W112/><G112/><T30/><D32/><U130/><E123/><V132/><F70/><W9/><G116/><T19/><D72/><U108/><E108/><V80/><F127/><W119/><G133/><T109/><D122/><U34/><E60/><V114/><F114/><W134/><G134/><T77/><D30/><U3/><E96/><V110/><F110/><W113/><G2/><T10/><D109/><U125/><E125/><V81/><F59/><W88/><G119/><T69/><D77/><U124/><E124/><V58/><F58/><W91/><G91/><T27/><D69/><U66/><E66/><V111/><F111/><W74/><G76/><T68/><D68/><U115/><E115/><V37/><F37/><W79/><G79/><T64/><D61/><U13/><E3/><V31/><F49/><W14/><G14/><T55/><D64/><U43/><E47/><V35/><F35/><N who="1" m="13321" /><E36/><V92/><F132/><W40/><G113/><T65/><D65/><U28/><E28/><V78/><F120/><W53/><G74/><T86/><REACH who="0" step="1"/><D55/><REACH who="0" ten="139,257,267,327" step="2"/><U73/><E73/><V128/><F78/><W100/><G54/><T29/><D29/><U63/><E63/><V107/><F31/><W101/><G53/><T46/><D46/><U71/><E71/><V0/><F44/><W126/><G75/><T103/><D103/><U118/><E118/><V16/><F22/><W62/><G23/><T18/><D18/><U45/><E45/><V52/><F21/><W102/><G126/><T7/><D7/><U67/><E67/><V1/><F5/><W39/><G62/><RYUUKYOKU ba="0,1" sc="139,30,257,-10,267,-10,327,-10" hai0="10,11,19,20,27,84,85,86,89,90,104,105,106" owari="169,-33.1,247,-15.3,257,5.7,327,42.7" /></mjloggm>