<mjloggm ver="2.3"><GO type="225" lobby="0"/><UN n0="%E6%AB%BB%E4%BA%95%E5%A5%8F" n1="%4B%2E%32%2E%4B%2E" n2="%E5%8F%AF%E5%85%90%E9%82%A3%E7%94%B1%E5%A4%9A" n3="%E7%99%BD%E9%9B%AA%E4%B9%83%E6%84%9B" dan="17,17,17,16" rate="2225.82,2168.55,2199.41,2096.47" sx="M,M,F,F"/><TAIKYOKU oya="0"/><INIT seed="0,0,0,0,3,122" ten="250,250,250,250" oya="0" hai0="124,3,75,116,2,14,4,82,101,56,44,106,62" hai1="47,107,134,109,81,79,42,133,88,113,76,30,6" hai2="129,93,130,50,112,16,135,103,59,12,28,91,22" hai3="108,13,71,57,104,58,60,32,123,24,98,80,87"/><T92/><D116/><U97/><E6/><V126/><F112/><W55/><G123/><T20/><D124/><U25/><E113/><V38/><F38/><W117/><G117/><T51/><D106/><U49/><E107/><V19/><F126/><W105/><G71/><T11/><D101/><U63/><E63/><V121/><F121/><W31/><G98/><T120/><D120/><U23/><E109/><V115/><F115/><W68/><G68/><T95/><D75/><U35/><E35/><V5/><F103/><W128/><G128/><T52/><D82/><U21/><E21/><V102/><F102/><W131/><G131/><N who="2" m="50185" /><F135/><N who="1" m="51721" /><E81/><V90/><F5/><W65/><G13/><T0/><REACH who="0" step="1"/><D20/><REACH who="0" ten="240,250,250,250" step="2"/><U118/><E118/><V41/><F93/><AGARI ba="0,1" hai="23,25,30,42,47,49,76,79,88,93,97" m="51721" machi="93" ten="30,2000,0" yaku="20,1,54,1" doraHai="122" who="1" fromWho="2" sc="240,0,250,30,250,-20,250,0" /><INIT seed="1,0,0,4,2,33" ten="240,280,230,250" oya="1" hai0="111,126,29,99,57,73,10,97,81,112,90,76,40" hai1="127,7,69,117,105,23,132,9,123,131,27,56,122" hai2="88,102,13,92,89,54,45,59,63,104,91,82,58" hai3="77,125,119,80,50,15,101,113,66,79,61,74,68"/><U107/><E69/><V94/><F104/><W36/><G113/><T31/><D112/><U62/><E117/><V2/><F2/><W16/><G36/><T46/><D126/><U103/><E127/><V35/><F35/><W60/><G125/><T133/><D133/><U64/><E132/><V5/><F82/><W17/><G119/><T6/><D57/><U96/><E107/><V135/><F135/><W12/><G101/><T11/><D11/><U26/><E131/><V110/><F110/><W130/><G130/><T22/><D111/><U124/><E27/><V67/><F45/><W108/><G108/><T1/><D22/><U3/><REACH who="1" step="1"/><E124/><REACH who="1" ten="240,270,230,250" step="2"/><V49/><REACH who="2" step="1"/><F102/><REACH who="2" ten="240,270,220,250" step="2"/><W93/><G68/><T52/><D31/><AGARI ba="0,2" hai="3,7,9,23,26,31,56,62,64,96,103,105,122,123" machi="31" ten="30,12000,1" yaku="1,1,2,1,7,1,52,1,53,1" doraHai="33" doraHaiUra="53" who="1" fromWho="0" sc="240,-120,270,140,220,0,250,0" /><INIT seed="1,1,0,5,1,90" ten="120,410,220,250" oya="1" hai0="77,75,57,7,39,46,9,123,54,133,118,30,127" hai1="76,69,27,96,35,80,26,65,107,66,121,17,16" hai2="41,103,0,21,48,10,55,45,97,12,61,28,3" hai3="84,95,14,25,63,114,6,67,24,36,130,115,42"/><U1/><E121/><V113/><F113/><W50/><G36/><T124/><D118/><U52/><E1/><V15/><F15/><W8/><G130/><T56/><D133/><U64/><E69/><V85/><F85/><W128/><G128/><T91/><D123/><U70/><E70/><V102/><F102/><W33/><G33/><T58/><D30/><U119/><E52/><V49/><F61/><W134/><G134/><T79/><D75/><U106/><E119/><V43/><F21/><W104/><G104/><T93/><D39/><U31/><E27/><V78/><F78/><W131/><G131/><T109/><D109/><U116/><E116/><V129/><F28/><W74/><G74/><T112/><D112/><U117/><E117/><V135/><F135/><W34/><G34/><T37/><D37/><U83/><E83/><V132/><F132/><W110/><G110/><T51/><D124/><U71/><E71/><V100/><F100/><W105/><G105/><T120/><D127/><U72/><E107/><V99/><F129/><W59/><G115/><T11/><D120/><U92/><REACH who="1" step="1"/><E106/><REACH who="1" ten="120,400,220,250" step="2"/><V18/><F55/><W86/><G114/><T62/><D62/><U23/><E23/><V29/><F0/><W44/><G25/><T60/><D60/><U47/><E47/><N who="2" m="25711" /><F3/><W19/><G24/><T101/><D101/><AGARI ba="1,1" hai="16,17,26,31,35,64,65,66,72,76,80,92,96,101" machi="101" ten="40,7700,0" yaku="1,1,52,1,54,1,53,0" doraHai="90" doraHaiUra="40" who="1" fromWho="0" sc="120,-80,400,90,220,0,250,0" /><INIT seed="1,2,0,2,0,112" ten="40,490,220,250" oya="1" hai0="100,23,36,40,2,52,84,109,77,118,93,81,120" hai1="96,124,9,78,14,88,1,28,131,104,55,105,133" hai2="82,54,63,59,103,53,80,92,5,132,58,94,70" hai3="111,86,56,57,125,51,30,65,8,115,11,64,60"/><U119/><E1/><V71/><F132/><W31/><G115/><T69/><D2/><U74/><E124/><V91/><F103/><W117/><G111/><T3/><D3/><U122/><E28/><V41/><F41/><W85/><G125/><T49/><D69/><U42/><E42/><V66/><F5/><W107/><G51/><T101/><D120/><U116/><E122/><V16/><F66/><W18/><G18/><T25/><D109/><U76/><E55/><V97/><F70/><W61/><G107/><N who="1" m="41034" /><E14/><V73/><F71/><W127/><G127/><T21/><D118/><AGARI ba="2,0" hai="8,11,30,31,56,57,60,61,64,65,85,86,117,118" machi="118" ten="25,6400,0" yaku="22,2,52,2" doraHai="112" who="3" fromWho="0" sc="40,-70,490,0,220,0,250,70" owari="-30,-53.0,490,59.0,220,-18.0,320,12.0" /></mjloggm>