<mjloggm ver="2.3"><GO type="225" lobby="0"/><UN n0="%E4%BF%BA%E3%81%A8%E5%A6%96%E5%A4%A2" n1="%E6%A1%9C%E8%8A%B1%E9%96%83%E3%80%85" n2="%72%69%6F%75%63%68%61%6E" n3="%33%74%72%65%65" dan="17,16,17,16" rate="2164.15,2167.14,2216.92,2137.08" sx="F,M,M,F"/><TAIKYOKU oya="0"/><INIT seed="0,0,0,3,3,9" ten="250,250,250,250" oya="0" hai0="21,41,28,32,83,128,125,63,74,120,13,90,87" hai1="49,26,77,112,60,43,29,108,40,99,123,80,131" hai2="101,129,113,2,114,75,56,42,25,96,84,15,36" hai3="105,69,22,58,133,107,86,110,104,6,73,98,132"/><T54/><D120/><U71/><E123/><V127/><F75/><W48/><G73/><T39/><D32/><U11/><E108/><V52/><F2/><W33/><G33/><T79/><D128/><U23/><E131/><V45/><F129/><W124/><G69/><T103/><D125/><U70/><E112/><V5/><F127/><W117/><G124/><T72/><D103/><U92/><E60/><V130/><F130/><W50/><G110/><T34/><D34/><U66/><E66/><V4/><F25/><W88/><G117/><T38/><D41/><U115/><E115/><V17/><F84/><W61/><G6/><T53/><D72/><U93/><E93/><V57/><F56/><W126/><G98/><T59/><D53/><U81/><E81/><V19/><F19/><W8/><G8/><T44/><D44/><U14/><E49/><V62/><F114/><W100/><G100/><T64/><D64/><U24/><E24/><V12/><F12/><W16/><G126/><T1/><D1/><U121/><E121/><V106/><REACH who="2" step="1"/><F113/><REACH who="2" ten="250,250,240,250" step="2"/><W76/><G58/><T67/><D13/><U31/><E71/><V46/><F46/><W94/><G76/><T37/><D74/><N who="1" m="43063" /><E70/><V18/><F18/><W65/><G132/><T91/><D79/><U97/><E31/><V10/><AGARI ba="0,1" hai="4,5,10,15,17,36,42,45,52,57,62,96,101,106" machi="10" ten="20,8000,1" yaku="1,1,0,1,7,1,52,1,54,1,53,0" doraHai="9" doraHaiUra="116" who="2" fromWho="2" sc="250,-40,250,-20,240,90,250,-20" /><INIT seed="1,0,0,3,0,129" ten="210,230,330,230" oya="1" hai0="104,36,124,99,134,17,117,62,20,40,11,98,105" hai1="8,70,91,7,86,22,4,64,50,28,92,101,72" hai2="45,103,73,71,87,27,12,29,0,121,32,77,19" hai3="108,21,34,16,112,76,114,52,95,1,10,75,106"/><U3/><E72/><V5/><F121/><W31/><G106/><T82/><D117/><U38/><E38/><V74/><F71/><W113/><G108/><T37/><D11/><U118/><E118/><V119/><F119/><W89/><G34/><T39/><D40/><U69/><E7/><V107/><F45/><W88/><G75/><T15/><D124/><U116/><E116/><V115/><F115/><W35/><G76/><T57/><D82/><U18/><E28/><V128/><F128/><W14/><G95/><T85/><D85/><U78/><E78/><V63/><F63/><W83/><G83/><T135/><D105/><U6/><E6/><V96/><F87/><W55/><G35/><T66/><REACH who="0" step="1"/><D104/><REACH who="0" ten="200,230,330,230" step="2"/><U9/><E9/><N who="2" m="2215" /><F77/><W48/><G1/><T54/><D54/><U44/><E64/><V26/><F74/><W41/><G41/><T53/><D53/><U30/><E8/><V81/><F81/><W68/><G55/><T65/><D65/><U49/><E3/><V58/><F107/><W130/><G130/><T122/><D122/><U46/><E86/><V125/><F125/><W80/><G80/><T111/><D111/><U24/><E92/><V23/><F73/><W102/><G112/><T100/><D100/><U109/><E101/><V60/><F103/><W127/><G102/><T123/><D123/><U126/><E109/><V93/><F93/><W67/><G127/><T59/><D59/><U47/><E126/><V94/><F94/><W120/><G114/><T56/><D56/><U79/><E79/><V131/><F131/><W43/><G113/><RYUUKYOKU ba="0,1" sc="200,30,230,-10,330,-10,230,-10" hai0="15,17,20,36,37,39,57,62,66,98,99,134,135" /><INIT seed="2,1,1,4,5,99" ten="230,220,320,220" oya="2" hai0="131,9,58,45,101,129,26,66,128,11,47,38,54" hai1="132,126,22,89,23,104,5,46,79,106,103,85,6" hai2="61,107,86,53,25,13,33,31,124,105,44,30,87" hai3="65,1,81,97,57,134,133,62,127,4,93,12,113"/><V36/><F124/><W100/><G127/><T7/><D66/><U3/><E126/><V116/><F116/><W32/><G113/><T64/><D64/><U114/><E114/><V48/><F36/><W39/><G39/><T34/><D101/><U15/><E3/><V76/><F87/><W84/><G32/><T83/><D83/><N who="1" m="47359" /><E106/><V21/><F61/><W118/><G1/><T72/><D72/><U78/><E104/><V55/><F53/><W0/><G0/><N who="0" m="231" /><D38/><U29/><E132/><V130/><F130/><W98/><G118/><T42/><D42/><U2/><E2/><V10/><F30/><W60/><G60/><N who="0" m="35927" /><D11/><U50/><E103/><V74/><F74/><W123/><G123/><T71/><D71/><U92/><E78/><V43/><F33/><W16/><G4/><T8/><D8/><N who="1" m="4495" /><E6/><N who="2" m="3287" /><F55/><W91/><REACH who="3" step="1"/><G98/><REACH who="3" ten="230,220,320,210" step="2"/><T102/><D34/><U59/><E29/><V35/><F35/><W70/><G70/><T75/><D131/><U52/><E59/><V125/><F125/><W135/><G135/><T41/><D129/><U112/><E112/><V115/><F115/><W68/><G68/><T117/><D128/><U95/><E95/><V63/><F63/><W18/><G18/><T56/><D117/><U96/><AGARI ba="1,2" hai="22,23,46,50,52,89,92,96" m="4495,47359" machi="96" ten="30,2000,0" yaku="8,1,54,1" doraHai="99" who="1" fromWho="1" sc="230,-6,220,43,320,-11,210,-6" /><INIT seed="3,0,0,4,5,85" ten="224,263,309,204" oya="3" hai0="97,124,72,84,112,3,61,46,16,34,7,29,83" hai1="71,76,99,39,122,25,21,54,130,35,10,86,6" hai2="128,56,90,89,111,81,82,104,105,75,32,79,42" hai3="98,126,67,41,118,18,96,12,31,11,101,110,114"/><W69/><G114/><T22/><D112/><U38/><E122/><V50/><F32/><W24/><G118/><T37/><D124/><U88/><E35/><V0/><F0/><W30/><G126/><T100/><D72/><U70/><E76/><N who="2" m="44191" /><F56/><W23/><G110/><T17/><D34/><U93/><E130/><V44/><F50/><W94/><G41/><T123/><D123/><U59/><E70/><V52/><F52/><W53/><G53/><T15/><D29/><U62/><E71/><V27/><F27/><W116/><G116/><T13/><D3/><N who="1" m="351" /><E86/><V65/><F44/><W87/><G87/><T129/><D7/><U48/><E48/><V51/><F51/><W78/><G78/><T63/><D129/><U115/><E115/><V73/><F42/><W55/><G55/><T135/><D135/><U68/><E68/><V109/><F65/><W40/><G40/><T103/><D46/><U127/><E127/><V47/><F47/><W134/><G134/><T113/><D37/><U2/><E2/><V92/><F128/><W58/><G69/><T4/><D4/><U60/><E60/><N who="0" m="23113" /><D97/><U74/><E74/><V120/><F120/><W102/><G67/><T36/><D36/><U20/><E20/><V66/><F66/><W121/><G121/><T108/><D113/><U5/><E5/><V91/><F92/><N who="3" m="58503" /><G58/><T131/><D131/><U45/><E45/><V28/><F28/><AGARI ba="0,0" hai="11,12,18,23,24,28,30,31,94,98,102" m="58503" machi="28" ten="30,1500,0" yaku="8,1" doraHai="85" who="3" fromWho="2" sc="224,0,263,0,309,-15,204,15" /><INIT seed="3,1,0,2,3,111" ten="224,263,294,219" oya="3" hai0="120,108,84,106,45,63,126,41,114,125,77,27,31" hai1="82,132,24,33,6,34,65,55,12,40,124,127,48" hai2="93,75,91,72,37,46,94,61,23,76,14,129,28" hai3="92,112,68,8,87,103,134,88,115,118,128,62,113"/><W10/><G118/><T110/><D120/><U2/><E2/><V4/><F129/><W3/><G128/><T73/><D73/><U39/><E65/><V47/><F37/><W54/><G134/><T85/><D106/><U81/><E40/><V86/><F76/><W58/><G3/><T69/><D69/><U71/><E39/><V56/><F94/><W98/><REACH who="3" step="1"/><G68/><REACH who="3" ten="224,263,294,209" step="2"/><T97/><D108/><U22/><E71/><V15/><F75/><W102/><G102/><T0/><D110/><U90/><E132/><V60/><F72/><W130/><G130/><T66/><D0/><U18/><E127/><V122/><F122/><W1/><G1/><T80/><D125/><U116/><E124/><V17/><F28/><W21/><G21/><T36/><D126/><U57/><E116/><V32/><F32/><W59/><G59/><T38/><D38/><U96/><E34/><V109/><F109/><W99/><G99/><T35/><D97/><U131/><E33/><V51/><F56/><W30/><G30/><T78/><D84/><U43/><E131/><V107/><F86/><W20/><G20/><T104/><D35/><U121/><E121/><V117/><F23/><W133/><G133/><T50/><D31/><U83/><E96/><V70/><F117/><W49/><G49/><T101/><D36/><U64/><E57/><V95/><F51/><W16/><G16/><T52/><D101/><U79/><E48/><V74/><F70/><W135/><G135/><T13/><D50/><U100/><E100/><V119/><F119/><W9/><G9/><T123/><D85/><RYUUKYOKU ba="1,1" sc="224,-10,263,-10,294,-10,209,30" hai3="8,10,54,58,62,87,88,92,98,103,112,113,115" /><INIT seed="3,2,1,2,2,4" ten="214,253,284,239" oya="3" hai0="111,18,66,27,38,81,47,100,37,124,129,74,31" hai1="70,32,22,11,115,75,15,63,103,34,71,49,10" hai2="59,123,90,23,14,126,3,114,80,99,12,134,88" hai3="108,77,52,35,78,48,5,93,43,57,117,125,33"/><W86/><G117/><T96/><D111/><U118/><E75/><V0/><F114/><W21/><G108/><T65/><D129/><U94/><E115/><V87/><F126/><W130/><G130/><T119/><D119/><U102/><E118/><V6/><F134/><W39/><G125/><T41/><D37/><U85/><E49/><V36/><F36/><W113/><G113/><T40/><D40/><U104/><E94/><N who="2" m="56775" /><F0/><W9/><G21/><T8/><D124/><U60/><E22/><V56/><F3/><W13/><G78/><T128/><D128/><U89/><E89/><V82/><F123/><W109/><G109/><T92/><D74/><U84/><E15/><N who="2" m="5675" /><F6/><W58/><G35/><T19/><D8/><U97/><E97/><V112/><F112/><W45/><G33/><T28/><D28/><U83/><E83/><N who="2" m="31787" /><F23/><W26/><G77/><T106/><D81/><AGARI ba="2,1" hai="56,59,81,87,90" m="31787,5675,56775" machi="81" ten="30,2000,0" yaku="8,1,54,1" doraHai="4" who="2" fromWho="0" sc="214,-26,253,0,284,36,239,0" owari="188,-31.2,253,5.3,320,42.0,239,-16.1" /></mjloggm>