<mjloggm ver="2.3"><GO type="225" lobby="0"/><UN n0="%77%72%77%72%77%72%77%72" n1="%E3%83%AB%E3%83%9B%E3%83%B3%E3%83%87%E3%82%A3%E3%82%A8" n2="%E3%81%B5%E3%81%98%E3%81%8B%E3%81%A4" n3="%28%EF%BF%A3%E2%96%BD%EF%BF%A3%29%CE%B4%E2%8C%92%E3%83%BB" dan="17,17,16,16" rate="2191.35,2155.46,2158.79,2211.31" sx="M,M,M,M"/><TAIKYOKU oya="0"/><INIT seed="0,0,0,3,0,83" ten="250,250,250,250" oya="0" hai0="86,115,18,31,78,123,8,71,41,101,21,55,79" hai1="65,89,74,85,110,135,133,54,23,57,87,73,90" hai2="11,6,36,67,113,32,62,30,69,59,76,103,24" hai3="66,61,88,7,60,131,25,48,116,39,45,56,2"/><T107/><D115/><U129/><E65/><V37/><F113/><W22/><G116/><T121/><D71/><U64/><E64/><V35/><F35/><W33/><G131/><T95/><D41/><U118/><E23/><V3/><F59/><W13/><G39/><T80/><D31/><U14/><E14/><V112/><F112/><W29/><G60/><T53/><D8/><U132/><E110/><V72/><F103/><W15/><G33/><T49/><D107/><U26/><E26/><V68/><F69/><W119/><G119/><T4/><D4/><U42/><E42/><V20/><F20/><W127/><G127/><T125/><D125/><U105/><E105/><V82/><AGARI ba="0,0" hai="3,6,11,24,30,32,36,37,62,67,68,72,76,82" machi="82" ten="30,7900,0" yaku="0,1,33,3" doraHai="83" who="2" fromWho="2" sc="250,-39,250,-20,250,79,250,-20" /><INIT seed="1,0,0,4,5,11" ten="211,230,329,230" oya="1" hai0="25,17,5,71,60,56,0,21,133,13,129,77,118" hai1="122,7,30,14,41,115,69,87,33,32,121,105,104" hai2="42,48,78,114,113,97,16,106,88,74,89,44,134" hai3="70,58,29,52,53,96,86,109,110,63,10,117,111"/><U75/><E75/><V81/><F134/><W73/><G73/><T2/><D118/><U82/><E115/><N who="2" m="44043" /><F106/><W40/><G117/><T18/><D71/><U64/><E41/><V128/><F97/><W126/><G126/><T93/><D133/><U68/><E64/><V132/><F132/><W34/><G70/><N who="1" m="27242" /><E30/><V43/><F128/><W20/><G40/><T6/><D129/><U50/><E50/><V57/><F57/><W119/><G119/><T80/><D93/><U1/><E1/><V85/><F42/><W101/><G34/><N who="1" m="13418" /><E82/><N who="2" m="45399" /><F89/><W8/><G86/><N who="0" m="48399" /><D0/><U26/><E26/><V103/><F103/><W100/><G53/><N who="0" m="33807" /><D2/><U99/><E99/><V76/><F76/><W120/><G101/><T125/><D125/><U55/><E55/><V28/><F28/><W45/><G120/><T36/><D36/><U95/><E95/><V23/><F23/><AGARI ba="0,0" hai="5,6,13,17,18,21,23,25" m="33807,48399" machi="23" ten="30,2000,0" yaku="8,1,52,1" doraHai="11" who="0" fromWho="2" sc="211,20,230,0,329,-20,230,0" /><INIT seed="2,0,0,0,0,126" ten="231,230,309,230" oya="2" hai0="7,98,106,35,60,87,49,80,115,113,85,105,89" hai1="54,20,10,96,74,63,15,65,103,0,13,27,135" hai2="61,72,66,33,19,111,57,114,64,43,11,77,125" hai3="118,67,47,14,95,58,119,37,82,127,1,8,75"/><V101/><F114/><N who="0" m="43530" /><D49/><U21/><E135/><V2/><F125/><W42/><G127/><T59/><D59/><U124/><E74/><V129/><F33/><W109/><G109/><T94/><D60/><U104/><E124/><V122/><F43/><W84/><G75/><T123/><D7/><U132/><E132/><V78/><F101/><W5/><G95/><N who="0" m="54703" /><D35/><U71/><E54/><V53/><F72/><W18/><G58/><T133/><D123/><U32/><E0/><V107/><F122/><W38/><G67/><T24/><D24/><U81/><E81/><V68/><F2/><W93/><G93/><T73/><D73/><U52/><E52/><V99/><F66/><W6/><G38/><T69/><D69/><U30/><E15/><N who="2" m="7679" /><F68/><W56/><G56/><T28/><D28/><U121/><E121/><V76/><F111/><W17/><G6/><AGARI ba="0,0" hai="6,10,13,20,21,27,30,32,63,65,71,96,103,104" machi="6" ten="30,3900,0" yaku="7,1,25,2" doraHai="126" who="1" fromWho="3" sc="231,0,230,39,309,0,230,-39" /><INIT seed="3,0,0,2,5,26" ten="231,269,309,191" oya="3" hai0="40,54,94,98,27,101,110,72,81,55,63,121,116" hai1="126,109,68,58,102,133,122,23,70,80,33,79,105" hai2="57,29,37,73,48,96,66,1,135,50,41,51,90" hai3="111,134,124,16,69,76,95,17,20,39,60,2,106"/><W117/><G106/><T9/><D116/><U4/><E58/><V5/><F73/><W24/><G117/><T14/><D121/><U78/><E23/><V28/><F135/><W21/><G134/><T115/><D110/><U91/><E78/><V59/><F1/><W64/><G111/><T97/><D115/><U61/><E61/><N who="2" m="38191" /><F5/><W88/><G2/><T45/><D27/><U114/><E91/><V46/><F37/><W118/><G118/><T84/><D98/><U44/><E44/><V132/><F132/><W92/><G39/><T128/><D63/><U30/><E4/><V71/><F71/><W53/><G124/><T120/><D128/><U112/><E122/><V107/><F107/><W104/><G104/><T15/><D72/><N who="1" m="43111" /><E109/><V65/><F65/><W42/><G42/><T52/><D120/><U83/><E83/><V123/><F123/><W47/><G76/><T7/><D14/><U77/><E77/><V19/><F19/><W130/><G130/><T38/><D55/><U93/><E93/><N who="2" m="56375" /><F51/><W6/><G6/><T10/><D10/><U74/><E74/><V85/><F85/><W100/><G100/><T12/><D12/><U103/><E103/><V13/><F13/><W49/><REACH who="3" step="1"/><G88/><AGARI ba="0,0" hai="7,9,15,38,40,45,52,54,81,84,88,94,97,101" machi="88" ten="30,3900,0" yaku="7,1,54,2" doraHai="26" who="0" fromWho="3" sc="231,39,269,0,309,0,191,-39" owari="270,7.0,269,-13.1,309,40.9,152,-34.8" /></mjloggm>