<mjloggm ver="2.3"><GO type="225" lobby="0"/><UN n0="%E5%84%AA%40%41%42%43" n1="%E3%83%AB%E3%83%9B%E3%83%B3%E3%83%87%E3%82%A3%E3%82%A8" n2="%E3%81%B5%E3%81%98%E3%81%8B%E3%81%A4" n3="%E6%A1%9C%E8%8A%B1%E9%96%83%E3%80%85" dan="17,17,17,16" rate="2173.74,2157.22,2209.72,2194.09" sx="M,M,M,M"/><TAIKYOKU oya="0"/><INIT seed="0,0,0,5,4,33" ten="250,250,250,250" oya="0" hai0="124,70,78,133,51,79,113,120,105,62,22,52,49" hai1="125,75,57,50,86,16,58,68,108,98,45,80,69" hai2="129,53,92,38,7,73,44,127,27,83,19,67,118" hai3="104,115,100,56,29,30,9,76,71,32,106,101,131"/><T122/><D113/><U14/><E108/><V107/><F118/><W91/><G71/><T77/><D105/><U43/><E125/><V4/><F107/><W99/><G115/><T117/><D117/><U65/><E75/><V89/><F127/><W13/><G131/><T123/><D124/><U10/><E98/><V114/><F129/><W17/><G76/><T94/><D133/><U66/><E69/><V90/><F114/><W121/><G121/><T40/><D40/><U24/><E68/><V84/><F67/><W97/><G32/><T64/><D94/><U20/><E66/><V103/><F103/><W36/><G36/><T119/><D119/><U39/><E65/><V21/><F73/><W132/><G132/><T25/><REACH who="0" step="1"/><D52/><REACH who="0" ten="240,250,250,250" step="2"/><U82/><E82/><V130/><F130/><W1/><G104/><T96/><D96/><U18/><REACH who="1" step="1"/><E39/><REACH who="1" ten="240,240,250,250" step="2"/><V109/><F109/><W81/><G106/><T102/><D102/><U28/><E28/><AGARI ba="0,2" hai="22,25,28,49,51,62,64,70,77,78,79,120,122,123" machi="28" ten="50,2400,0" yaku="1,1,53,0" doraHai="33" doraHaiUra="34" who="0" fromWho="1" sc="240,44,240,-24,250,0,250,0" /><INIT seed="0,1,0,0,0,20" ten="284,216,250,250" oya="0" hai0="123,37,70,118,74,95,76,98,13,115,124,21,42" hai1="90,88,111,62,34,127,99,116,72,25,41,54,58" hai2="35,18,27,97,101,59,108,112,6,0,17,4,24" hai3="121,103,44,49,82,128,50,86,94,110,57,133,1"/><T106/><D115/><U55/><E116/><V126/><F112/><W131/><G1/><T78/><D123/><U31/><E72/><V81/><F126/><W15/><G110/><T47/><D118/><U16/><E111/><V22/><F108/><W45/><G121/><T125/><D70/><U10/><E127/><N who="0" m="48713" /><D106/><U52/><E41/><V92/><F0/><W107/><G107/><T135/><D74/><U28/><E28/><V67/><F81/><W8/><G133/><T87/><D87/><U19/><E19/><V56/><F35/><W75/><G57/><N who="2" m="22089" /><F67/><W5/><G75/><T33/><D33/><U83/><E83/><V109/><F109/><W73/><G73/><T132/><D21/><AGARI ba="1,0" hai="4,6,17,18,21,22,24,27,92,97,101" m="22089" machi="21" ten="30,3900,0" yaku="8,1,52,2" doraHai="20" who="2" fromWho="0" sc="284,-42,216,0,250,42,250,0" /><INIT seed="1,0,0,1,5,134" ten="242,216,292,250" oya="1" hai0="133,20,11,22,60,7,0,94,44,42,37,110,129" hai1="55,34,4,25,115,39,38,16,52,73,78,32,101" hai2="12,96,131,86,89,119,87,130,35,64,111,74,27" hai3="108,31,69,93,8,56,84,114,123,88,15,33,67"/><U41/><E115/><V30/><F119/><W51/><G114/><T36/><D133/><U48/><E101/><V120/><F74/><W70/><G123/><T100/><D110/><U59/><E4/><V14/><F120/><W127/><G108/><T122/><D122/><U18/><E73/><V98/><F111/><W104/><G104/><T117/><D117/><U124/><E78/><V132/><F64/><W61/><G127/><T19/><D129/><N who="2" m="49162" /><F132/><W113/><G113/><T45/><D60/><U17/><E124/><V75/><F75/><W97/><G97/><N who="2" m="37481" /><F87/><W9/><G51/><T43/><D100/><U116/><E116/><V121/><F121/><W118/><G118/><T90/><REACH who="0" step="1"/><D19/><REACH who="0" ten="232,216,292,250" step="2"/><U107/><E107/><V6/><F6/><W23/><G70/><T83/><D83/><AGARI ba="0,1" hai="12,14,27,30,35,83,86,89" m="37481,49162" machi="83" ten="30,1000,0" yaku="19,1" doraHai="134" who="2" fromWho="0" sc="232,-10,216,0,292,20,250,0" /><INIT seed="2,0,0,1,4,129" ten="222,216,312,250" oya="2" hai0="61,90,95,125,102,15,107,78,67,16,116,38,39" hai1="130,27,51,26,80,59,44,72,31,113,18,1,108" hai2="46,83,68,24,70,124,127,33,10,81,2,111,126" hai3="115,7,43,128,103,37,87,58,97,86,47,99,57"/><V50/><F111/><W134/><G128/><T106/><D78/><U56/><E113/><V69/><F33/><W65/><G115/><T25/><D125/><U105/><E1/><V117/><F117/><W120/><G120/><T92/><D116/><U14/><E105/><V77/><F24/><W49/><G7/><T5/><D5/><U9/><E108/><V17/><F2/><W12/><G134/><T119/><D25/><U121/><E121/><V118/><F118/><W71/><G12/><T100/><D119/><U94/><E130/><V19/><F10/><W21/><G21/><T40/><D100/><U93/><E72/><N who="2" m="43175" /><F83/><W3/><G97/><T28/><D28/><U98/><E80/><V109/><F109/><W42/><G42/><AGARI ba="0,0" hai="17,19,42,46,50,68,69,70,124,126,127" m="43175" machi="42" ten="40,2000,0" yaku="18,1" doraHai="129" who="2" fromWho="3" sc="222,0,216,0,312,20,250,-20" /><INIT seed="2,1,0,1,3,5" ten="222,216,332,230" oya="2" hai0="35,87,115,94,80,34,106,93,49,10,63,129,41" hai1="14,90,88,92,67,38,37,116,99,12,117,18,28" hai2="66,112,134,76,119,84,74,47,82,111,100,91,17" hai3="77,32,73,33,121,118,114,78,1,70,4,40,120"/><V81/><F119/><W51/><G118/><T44/><D106/><U45/><E117/><V24/><F112/><W97/><G114/><T58/><D115/><U113/><E113/><V130/><F130/><W57/><G57/><T83/><D129/><U26/><E116/><V23/><F134/><W54/><G54/><T124/><D124/><U109/><E109/><V31/><F111/><W69/><G97/><T75/><D75/><U108/><E108/><V85/><F100/><W8/><G51/><T125/><D125/><U16/><E67/><V72/><F66/><W46/><G77/><T128/><D128/><U102/><E45/><V89/><F76/><W86/><G86/><T6/><D35/><N who="3" m="13385" /><G46/><T64/><D34/><U122/><E122/><N who="3" m="47210" /><G40/><T36/><D36/><U39/><E26/><V20/><REACH who="2" step="1"/><F47/><REACH who="2" ten="222,216,322,230" step="2"/><W13/><G78/><T42/><D44/><U30/><E102/><V65/><F65/><W7/><G70/><T25/><D64/><U48/><E90/><V43/><F43/><W101/><G69/><T2/><D42/><U15/><REACH who="1" step="1"/><E48/><REACH who="1" ten="222,206,322,230" step="2"/><V62/><F62/><W105/><G101/><T135/><D49/><U79/><E79/><V50/><F50/><W132/><G73/><T19/><D41/><U22/><E22/><V107/><F107/><W52/><G105/><T126/><D126/><U9/><E9/><V110/><F110/><W96/><G8/><T55/><D10/><U3/><E3/><V71/><F71/><W95/><G1/><T56/><D2/><U60/><E60/><V127/><F127/><W29/><G132/><T104/><D135/><RYUUKYOKU ba="1,2" sc="222,-15,206,15,322,15,230,-15" hai1="12,14,15,16,18,28,30,37,38,39,88,92,99" hai2="17,20,23,24,31,72,74,81,82,84,85,89,91" /><INIT seed="2,2,2,5,5,7" ten="207,221,337,215" oya="2" hai0="93,67,36,10,88,118,53,39,95,81,12,5,22" hai1="101,63,76,43,30,49,80,112,122,69,0,60,104" hai2="105,79,99,8,134,16,72,40,2,3,133,74,135" hai3="97,94,1,26,115,45,131,29,86,58,19,57,17"/><V18/><F40/><W73/><G73/><N who="2" m="28265" /><F79/><W87/><G131/><T102/><D118/><U90/><E0/><N who="2" m="43" /><F8/><W70/><G70/><T113/><D113/><U54/><E43/><V84/><F84/><N who="3" m="32299" /><G1/><T55/><D39/><U128/><E76/><V68/><F68/><W61/><G45/><T116/><D36/><U126/><E80/><V51/><F51/><W21/><G115/><T50/><D67/><U11/><E69/><V56/><F56/><N who="3" m="21611" /><G61/><T38/><D38/><U28/><E60/><V92/><F105/><W32/><G32/><T120/><D116/><U59/><E104/><V77/><F77/><W110/><G110/><T47/><D81/><U35/><E63/><V78/><F78/><W13/><G13/><T98/><D22/><U42/><E35/><V75/><N who="2" m="28273" /><V33/><DORA hai="46" /><F33/><W83/><G83/><T34/><D34/><U111/><E59/><V6/><F6/><W108/><G108/><T123/><D53/><U103/><E54/><V106/><F106/><W127/><G19/><T125/><D125/><U52/><E52/><V48/><F48/><W107/><G107/><T44/><D47/><U9/><E49/><V117/><F117/><W23/><G127/><T121/><D120/><U85/><E122/><V109/><F109/><W24/><G94/><T65/><D65/><U37/><E126/><V20/><F20/><W96/><AGARI ba="2,2" hai="17,21,23,24,26,29,96,97" m="21611,32299" machi="96" ten="30,1100,0" yaku="8,1" doraHai="7,46" who="3" fromWho="3" sc="207,-5,221,-5,337,-7,215,37" /><INIT seed="3,0,0,1,0,55" ten="202,216,330,252" oya="3" hai0="96,63,65,82,98,132,20,21,33,104,94,18,67" hai1="41,28,76,3,38,24,116,91,36,79,97,62,54" hai2="87,8,13,95,48,111,59,46,30,101,127,39,49" hai3="7,71,102,123,103,73,32,118,25,26,15,126,47"/><W74/><G118/><T107/><D33/><U100/><E3/><V58/><F111/><W105/><G123/><T52/><D107/><U19/><E116/><V5/><F127/><W22/><G71/><T17/><D104/><U11/><E41/><N who="2" m="24655" /><F39/><W134/><G134/><T40/><D40/><U16/><E91/><N who="2" m="53759" /><F30/><W81/><G73/><T128/><D132/><U60/><E28/><V135/><F135/><W37/><G37/><T0/><D0/><U108/><E108/><V2/><F101/><W14/><G102/><N who="0" m="60695" /><D98/><U112/><E112/><V129/><F129/><W122/><G103/><T93/><D93/><N who="1" m="58415" /><E38/><V133/><F2/><W66/><G32/><T78/><D128/><U70/><E70/><V86/><F133/><W110/><G126/><T106/><D106/><U92/><E92/><V44/><F86/><W109/><G122/><T124/><D124/><U42/><E42/><AGARI ba="0,0" hai="5,8,13,42,44,49,58,59" m="53759,24655" machi="42" ten="30,3900,0" yaku="8,1,52,2" doraHai="55" who="2" fromWho="1" sc="202,0,216,-39,330,39,252,0" owari="202,-19.8,177,-32.3,369,46.9,252,5.2" /></mjloggm>