<mjloggm ver="2.3"><GO type="225" lobby="0"/><UN n0="%E3%81%A9%E3%82%8F%E3%82%93%E3%81%94" n1="%72%61%6B%33" n2="%E5%8F%AF%E5%85%90%E9%82%A3%E7%94%B1%E5%A4%9A" n3="%E6%B8%A9%E2%98%85%E6%83%85%E2%98%85%E6%8E%AA%E2%98%85%E7%BD%AE" dan="16,16,16,17" rate="2077.67,2085.11,2091.98,2232.77" sx="M,M,F,M"/><TAIKYOKU oya="0"/><INIT seed="0,0,0,4,3,52" ten="250,250,250,250" oya="0" hai0="121,92,81,34,53,94,108,84,86,71,5,7,43" hai1="4,135,39,101,63,12,6,54,55,125,29,107,72" hai2="44,114,56,73,0,28,10,88,19,102,123,31,51" hai3="11,76,126,122,109,15,20,57,93,24,2,3,118"/><T119/><D121/><U61/><E125/><V50/><F123/><W103/><G122/><T47/><D119/><U66/><E135/><V77/><F114/><W22/><G126/><T116/><D34/><U130/><E130/><V127/><F127/><W64/><G118/><T83/><D71/><U49/><E39/><V113/><F113/><W59/><G109/><T99/><D116/><U60/><E72/><V78/><F102/><W95/><G2/><T67/><D67/><U100/><E66/><V8/><F73/><W90/><G3/><T96/><D53/><U36/><E36/><V38/><F38/><W48/><G76/><N who="2" m="29289" /><F0/><W41/><G103/><N who="1" m="39498" /><E107/><V65/><F88/><W33/><G33/><T120/><D120/><U131/><E131/><V13/><F8/><W58/><G64/><T97/><D97/><U70/><E70/><V74/><F74/><W68/><G68/><T124/><D124/><U30/><E55/><N who="2" m="30151" /><F51/><W104/><G104/><T16/><D108/><U128/><E128/><V45/><F45/><N who="3" m="25647" /><G90/><T35/><D35/><U129/><E129/><V1/><F1/><W115/><G115/><T23/><D47/><N who="1" m="27967" /><E4/><V89/><F89/><W18/><G11/><AGARI ba="0,0" hai="6,11,12,29,30,60,61,63" m="27967,39498" machi="11" ten="30,1000,0" yaku="8,1" doraHai="52" who="1" fromWho="3" sc="250,0,250,10,250,0,250,-10" /><INIT seed="1,0,0,3,0,103" ten="250,260,250,240" oya="1" hai0="57,6,13,51,123,133,94,72,70,58,87,23,71" hai1="14,135,130,0,96,16,131,59,134,86,1,106,109" hai2="121,34,107,101,22,74,66,73,119,111,54,113,68" hai3="43,114,11,126,67,40,31,62,15,92,93,132,49"/><U104/><E86/><V90/><F22/><W100/><G114/><T75/><D133/><N who="1" m="50699" /><E59/><V39/><F90/><W24/><G132/><T99/><D75/><U83/><E83/><V33/><F68/><W91/><G126/><T32/><D72/><U89/><E109/><V41/><F74/><W88/><G100/><T53/><D32/><U97/><E0/><V27/><F33/><W117/><G117/><T17/><D123/><U69/><E1/><V129/><F34/><W35/><G92/><T84/><D57/><U19/><E69/><V63/><F111/><W4/><G49/><T124/><D124/><U80/><E80/><V48/><F48/><W44/><G91/><N who="0" m="55775" /><D70/><U108/><E108/><V10/><F73/><W2/><G44/><T7/><D71/><U79/><E79/><V128/><F113/><W60/><G2/><T61/><D61/><U105/><E19/><V116/><F63/><W8/><G62/><T120/><D120/><U18/><E18/><V50/><F121/><W112/><G112/><T5/><AGARI ba="0,0" hai="5,6,7,13,17,23,51,53,58,84,87" m="55775" machi="5" ten="30,1100,0" yaku="8,1" doraHai="103" who="0" fromWho="0" sc="250,11,260,-5,250,-3,240,-3" /><INIT seed="2,0,0,0,1,128" ten="261,255,247,237" oya="2" hai0="133,114,32,115,28,99,84,58,63,94,131,121,7" hai1="55,53,102,87,35,117,78,46,17,73,62,45,12" hai2="83,80,77,82,36,59,75,14,130,93,105,76,135" hai3="34,30,60,42,66,134,29,4,119,110,56,37,31"/><V21/><F36/><W51/><G119/><T41/><D121/><U44/><E117/><V111/><F105/><W126/><G110/><T49/><D7/><U122/><E122/><V109/><F130/><W24/><G126/><T116/><D131/><U123/><E123/><V9/><F21/><W104/><G104/><T39/><D116/><U132/><E35/><V108/><F135/><W15/><G37/><T8/><D39/><U95/><E132/><V118/><F118/><W129/><G129/><T1/><D133/><U3/><E3/><V57/><F93/><W72/><G72/><T16/><D84/><U50/><E73/><V113/><F113/><W101/><G101/><T20/><D32/><U112/><E112/><V97/><F97/><W6/><G134/><T27/><D1/><U23/><E78/><N who="2" m="30315" /><F75/><W47/><REACH who="3" step="1"/><G4/><AGARI ba="0,0" hai="4,9,14,57,59,80,82,83,108,109,111" m="30315" machi="4" ten="40,3900,0" yaku="14,1,10,1" doraHai="128" who="2" fromWho="3" sc="261,0,255,0,247,39,237,-39" /><INIT seed="2,1,0,0,5,57" ten="261,255,286,198" oya="2" hai0="11,114,54,45,134,14,76,59,70,100,102,74,65" hai1="42,106,37,97,93,2,48,49,126,75,77,122,72" hai2="29,105,44,53,131,55,92,28,16,91,15,83,73" hai3="90,85,23,21,69,18,129,135,50,88,43,79,35"/><V101/><F131/><W6/><G35/><T20/><D114/><U120/><E2/><V36/><F105/><W107/><G69/><T19/><D70/><U132/><E37/><V52/><F101/><W115/><G107/><T27/><D134/><U56/><E132/><V128/><F128/><W125/><G135/><T99/><D99/><U32/><E32/><V8/><F73/><W82/><G129/><T38/><D65/><U39/><E106/><V123/><F123/><W112/><G6/><T81/><D45/><N who="1" m="23775" /><E126/><V7/><F83/><W1/><G1/><T133/><D38/><U61/><E48/><N who="2" m="28679" /><F36/><W47/><G125/><T104/><D104/><U25/><E49/><V0/><F0/><W58/><G58/><T67/><D67/><N who="1" m="39335" /><E77/><V113/><F113/><N who="3" m="43595" /><G23/><T103/><D133/><U84/><E75/><V41/><F41/><W86/><G86/><T64/><D64/><U130/><E84/><N who="2" m="52327" /><F7/><W24/><AGARI ba="1,0" hai="18,21,24,43,47,50,79,82,85,88,90" m="43595" machi="24" ten="30,2000,0" yaku="11,1,54,1" doraHai="57" who="3" fromWho="3" sc="261,-6,255,-6,286,-11,198,23" /><INIT seed="3,0,0,0,0,1" ten="255,249,275,221" oya="3" hai0="9,12,62,112,82,71,10,105,18,34,2,125,32" hai1="43,38,24,73,88,94,98,49,27,52,33,116,72" hai2="46,29,118,17,40,79,31,132,121,58,111,92,110" hai3="95,117,39,135,15,54,76,106,90,69,80,4,20"/><W14/><G117/><T130/><D105/><U109/><E116/><V122/><F118/><W78/><G106/><T66/><D130/><U63/><E109/><N who="2" m="41483" /><F79/><N who="3" m="30251" /><G39/><T19/><D125/><U83/><E83/><V25/><F132/><W60/><G69/><T21/><D82/><U42/><E63/><V55/><F17/><N who="3" m="10295" /><G80/><T36/><D36/><U35/><E35/><V13/><F13/><W100/><G135/><T86/><D112/><U103/><E103/><V128/><F128/><W48/><G60/><T64/><D64/><U129/><E129/><V26/><F92/><W67/><G67/><T57/><D71/><U75/><E38/><N who="2" m="21783" /><F25/><W56/><G100/><T51/><D2/><U102/><E102/><V68/><F68/><W113/><G113/><T120/><D120/><N who="2" m="46186" /><F26/><W37/><G37/><T22/><D12/><U97/><E97/><V44/><F44/><W77/><N who="3" m="30259" /><W84/><DORA hai="87" /><G15/><T74/><D22/><U65/><E27/><V47/><F47/><W23/><G23/><T7/><D21/><U3/><E3/><V119/><F119/><W16/><G16/><T91/><D19/><U70/><E24/><V124/><F124/><W134/><G134/><T133/><D18/><U131/><E131/><V45/><F45/><W127/><G127/><T89/><D133/><U123/><E123/><V99/><F29/><W114/><G114/><T28/><D28/><U108/><E108/><V96/><F31/><W93/><G95/><T0/><D0/><U6/><E70/><V81/><F81/><W104/><G104/><T101/><D101/><U5/><E73/><RYUUKYOKU ba="0,0" sc="255,-15,249,-15,275,15,221,15" hai2="55,58,96,99" hai3="4,48,54,56,84,90,93" /><INIT seed="3,1,0,2,1,82" ten="240,234,290,236" oya="3" hai0="23,14,121,44,19,110,3,72,62,40,89,108,75" hai1="69,7,31,38,27,77,45,113,84,46,4,67,20" hai2="56,26,103,53,33,6,88,115,49,35,74,119,54" hai3="42,105,37,83,128,0,118,122,112,68,106,114,50"/><W61/><G118/><T9/><D121/><U60/><E113/><V78/><F115/><N who="3" m="44075" /><G122/><T98/><D62/><U22/><E22/><V96/><F119/><W57/><G83/><T130/><D130/><U17/><E17/><V47/><F74/><W48/><G0/><T15/><D3/><U51/><E38/><V85/><F78/><W63/><G105/><T124/><D124/><U116/><E116/><V18/><F6/><W43/><G106/><T129/><D129/><U95/><E46/><V125/><F125/><W41/><G128/><T36/><D98/><U91/><REACH who="1" step="1"/><E77/><REACH who="1" ten="240,224,290,236" step="2"/><V11/><F18/><W99/><G37/><T102/><D36/><U94/><E94/><V24/><F35/><W58/><G99/><T70/><D44/><U1/><E1/><V52/><F33/><W21/><G21/><T134/><D23/><U64/><E64/><V109/><F96/><W127/><G127/><T29/><D19/><U93/><E93/><V16/><F16/><W87/><G42/><AGARI ba="1,1" hai="4,7,20,27,31,42,45,51,60,67,69,84,91,95" machi="42" ten="30,7700,0" yaku="1,1,7,1,52,1,53,1" doraHai="82" doraHaiUra="80" who="1" fromWho="3" sc="240,0,224,90,290,0,236,-80" owari="240,-16.0,314,41.4,290,9.0,156,-34.4" /></mjloggm>