<mjloggm ver="2.3"><GO type="225" lobby="0"/><UN n0="%E5%8D%A0%E3%81%84%E5%B8%AB%E8%A3%8F%E3%81%AA%E3%81%84%E3%81%97" n1="%E8%90%BD%E6%97%A5" n2="%E3%81%8B%E3%82%8F%E3%81%A1%E3%82%83%E3%82%93%35%38" n3="%E6%A1%9C%E8%8A%B1%E9%96%83%E3%80%85" dan="17,17,16,17" rate="2204.84,2249.07,2133.01,2209.16" sx="M,F,M,M"/><TAIKYOKU oya="0"/><INIT seed="0,0,0,2,5,52" ten="250,250,250,250" oya="0" hai0="86,19,14,53,123,76,93,82,104,30,133,73,41" hai1="68,101,60,127,114,34,62,90,33,29,24,59,79" hai2="26,122,27,131,98,95,83,78,45,113,22,48,49" hai3="85,58,63,75,57,74,56,129,40,125,100,9,47"/><T3/><D123/><U1/><E1/><V80/><F113/><W88/><G129/><T87/><D133/><U15/><E127/><V107/><F122/><W108/><G125/><T112/><D112/><U72/><E114/><V84/><F131/><W32/><G32/><T4/><D104/><U106/><E90/><V70/><F70/><W111/><G100/><T115/><D30/><U97/><E15/><V120/><F120/><W116/><G9/><T25/><D25/><U16/><E34/><V64/><F107/><W124/><G63/><T69/><D41/><U130/><E130/><V37/><F64/><W109/><G116/><T10/><D69/><U55/><E79/><V36/><F83/><N who="3" m="49215" /><G124/><T6/><D115/><U77/><E77/><V67/><F67/><W110/><N who="3" m="27648" /><DORA hai="118" /><W20/><G20/><T2/><D2/><U65/><REACH who="1" step="1"/><E16/><REACH who="1" ten="250,240,250,250" step="2"/><V7/><F7/><W28/><G28/><T42/><D3/><U39/><E39/><AGARI ba="0,1" hai="39,40,47,56,57,58,74,75" m="27648,49215" machi="39" ten="60,8000,1" yaku="14,1,52,3,54,1" doraHai="52,118" who="3" fromWho="1" sc="250,0,240,-80,250,0,250,90" /><INIT seed="1,0,0,4,5,97" ten="250,160,250,340" oya="1" hai0="48,60,114,2,122,106,78,118,38,29,98,12,72" hai1="31,8,126,42,1,130,117,109,116,105,53,89,133" hai2="87,110,123,63,16,62,82,67,61,58,22,131,59" hai3="127,51,5,71,94,39,112,100,121,55,65,132,85"/><U43/><E105/><V21/><F123/><W128/><G121/><T92/><D118/><U74/><E74/><V84/><F110/><W15/><G112/><T102/><D114/><U14/><E1/><V68/><F131/><W111/><G111/><T120/><D38/><U36/><E109/><V54/><F22/><W101/><G39/><T52/><D2/><U113/><E113/><V83/><F83/><W135/><G128/><T23/><D60/><U26/><E130/><V24/><REACH who="2" step="1"/><F82/><REACH who="2" ten="250,160,240,340" step="2"/><W19/><G132/><T45/><D122/><U95/><E133/><V3/><F3/><W103/><G135/><T40/><D120/><U20/><E126/><V69/><F69/><W91/><G127/><T6/><D78/><U107/><E107/><V64/><AGARI ba="0,1" hai="16,21,24,54,58,59,61,62,63,64,67,68,84,87" machi="64" ten="20,5200,0" yaku="1,1,0,1,7,1,54,1,53,0" doraHai="97" doraHaiUra="125" who="2" fromWho="2" sc="250,-13,160,-26,240,62,340,-13" /><INIT seed="2,0,0,3,2,118" ten="237,134,302,327" oya="2" hai0="63,31,113,101,123,24,15,37,103,14,4,91,128" hai1="121,12,65,95,34,115,3,6,30,16,61,10,87" hai2="124,43,86,42,44,109,135,108,79,83,11,20,107" hai3="23,102,60,48,70,58,132,29,67,98,110,100,133"/><V80/><F107/><W51/><G110/><N who="2" m="42601" /><F135/><N who="3" m="51787" /><G70/><T13/><D113/><U62/><E115/><V117/><F117/><W50/><G98/><T126/><D37/><U85/><E121/><V47/><F124/><W40/><G40/><N who="2" m="15401" /><F20/><W69/><G69/><T54/><D128/><U97/><E30/><V134/><F134/><W75/><G75/><T116/><D116/><U49/><E49/><V18/><F18/><W92/><G92/><T88/><D123/><U46/><E46/><V77/><F11/><W55/><G55/><T76/><D126/><U93/><E34/><V36/><F36/><W9/><G9/><T74/><D4/><U66/><E3/><V59/><F59/><W72/><G72/><AGARI ba="0,0" hai="44,47,72,77,79,80,83,86" m="15401,42601" machi="72" ten="30,2900,0" yaku="14,1,10,1" doraHai="118" who="2" fromWho="3" sc="237,0,134,0,302,29,327,-29" /><INIT seed="2,1,0,4,1,48" ten="237,134,331,298" oya="2" hai0="59,64,71,31,127,92,128,8,26,104,101,57,40" hai1="39,130,90,86,84,42,32,23,102,68,11,118,2" hai2="73,98,121,24,70,30,34,6,62,69,100,131,36" hai3="85,116,111,55,114,74,105,41,79,43,88,83,107"/><V125/><F121/><W1/><G1/><T119/><D128/><U4/><E32/><V80/><F131/><W14/><G116/><T123/><D123/><U75/><E130/><V18/><F125/><W126/><G126/><T133/><D127/><U45/><E118/><V115/><F115/><W106/><G114/><T0/><D119/><U61/><E102/><V12/><F36/><W33/><G33/><T122/><D40/><U63/><E23/><V29/><F29/><W135/><G111/><T7/><D122/><U77/><E68/><V132/><F132/><W94/><G135/><T134/><D134/><U9/><E9/><V89/><F6/><W97/><G14/><T47/><D47/><U17/><E17/><V108/><F62/><W109/><G109/><T21/><D104/><U44/><E44/><V103/><F103/><W81/><REACH who="3" step="1"/><G55/><REACH who="3" ten="237,134,331,288" step="2"/><T67/><D133/><U110/><E110/><V5/><F108/><W28/><G28/><T112/><D31/><U60/><REACH who="1" step="1"/><E90/><AGARI ba="1,1" hai="41,43,74,79,81,83,85,88,90,94,97,105,106,107" machi="90" ten="40,8000,1" yaku="1,1,54,1,53,2" doraHai="48" doraHaiUra="37" who="3" fromWho="1" sc="237,0,134,-83,331,0,288,93" /><INIT seed="3,0,0,3,4,77" ten="237,51,331,381" oya="3" hai0="72,24,69,63,13,59,35,91,125,107,39,118,80" hai1="95,112,9,43,122,90,3,108,34,31,82,58,76" hai2="102,115,100,44,28,117,133,79,135,37,42,73,30" hai3="48,84,74,109,19,2,54,7,66,60,88,14,25"/><W119/><G119/><T116/><D125/><U83/><E122/><V68/><F68/><W85/><G74/><T126/><D126/><U123/><E123/><V134/><F117/><W27/><G109/><T53/><D107/><U97/><E112/><V32/><F115/><W62/><G2/><T98/><D39/><U78/><E108/><V130/><F130/><W61/><G7/><T12/><D116/><U101/><E34/><V81/><F32/><W20/><G66/><T132/><D132/><U49/><E31/><V1/><F1/><W50/><G85/><T46/><D118/><U6/><E101/><V29/><AGARI ba="0,0" hai="28,29,30,37,42,44,73,79,81,100,102,133,134,135" machi="29" ten="40,5200,0" yaku="0,1,20,1,52,1" doraHai="77" who="2" fromWho="2" sc="237,-13,51,-13,331,52,381,-26" owari="224,-17.6,38,-46.2,383,48.3,355,15.5" /></mjloggm>