<mjloggm ver="2.3"><GO type="225" lobby="0"/><UN n0="%54%4F%52" n1="%E6%80%AA%E3%81%97%E3%81%99%E3%81%8E%E3%82%8B%E3%83%81%E3%83%BC" n2="%E9%9B%80%E6%A5%B5%E3%81%AE%E3%81%B8" n3="%74%61%6B%75%61%6B%61" dan="17,17,16,16" rate="2242.35,2184.75,2093.35,2165.40" sx="M,M,M,M"/><TAIKYOKU oya="0"/><INIT seed="0,0,0,3,5,95" ten="250,250,250,250" oya="0" hai0="103,9,35,90,135,44,79,115,27,54,134,8,34" hai1="18,23,117,106,19,124,91,1,123,53,24,12,4" hai2="112,16,51,52,110,88,132,77,129,93,20,36,80" hai3="69,11,46,58,73,49,104,107,96,102,97,98,113"/><T13/><D115/><U99/><E117/><V25/><F110/><W68/><G113/><T14/><D79/><U48/><E123/><V56/><F132/><N who="0" m="50730" /><D103/><U128/><E128/><V61/><F129/><W89/><G73/><T105/><D105/><U55/><E124/><V43/><F36/><W82/><G58/><T76/><D76/><U100/><E91/><V116/><F116/><W133/><G133/><T75/><D75/><U86/><E86/><N who="2" m="48399" /><F112/><W83/><G11/><N who="0" m="4171" /><D90/><U130/><E130/><V10/><F10/><W3/><G3/><T41/><D54/><U22/><E1/><V59/><F43/><W32/><G32/><N who="0" m="12331" /><D27/><U66/><E66/><V64/><F93/><W26/><G26/><T120/><D120/><U17/><E55/><N who="2" m="31871" /><F88/><W125/><G89/><T62/><D62/><U70/><E24/><V94/><F94/><W31/><G102/><T37/><AGARI ba="0,0" hai="13,14,37,41,44" m="12331,4171,50730" machi="37" ten="40,2100,0" yaku="20,1" doraHai="95" who="0" fromWho="0" sc="250,21,250,-7,250,-7,250,-7" /><INIT seed="0,1,0,0,1,53" ten="271,243,243,243" oya="0" hai0="13,8,36,102,12,41,72,44,100,105,29,75,133" hai1="83,70,91,134,59,131,84,92,50,93,110,17,99" hai2="96,0,60,23,118,21,126,38,90,81,22,28,11" hai3="45,85,1,39,88,57,82,108,6,106,128,27,103"/><T63/><D133/><U68/><E134/><V122/><F122/><W77/><G128/><T51/><D29/><U49/><E131/><V20/><F126/><W115/><G115/><T80/><D36/><U127/><E110/><V97/><F118/><W78/><G108/><T117/><D117/><U67/><E127/><V86/><F38/><W65/><G27/><T124/><D124/><U10/><E68/><V120/><F120/><W112/><G112/><T46/><D46/><U113/><E70/><V135/><F135/><W79/><G106/><T4/><D13/><N who="1" m="7351" /><E113/><V107/><F107/><W66/><G103/><T119/><D119/><U73/><E73/><V64/><F11/><W101/><G101/><T74/><D105/><U54/><E67/><V25/><REACH who="2" step="1"/><F0/><REACH who="2" ten="271,243,233,243" step="2"/><W35/><G1/><T58/><REACH who="0" step="1"/><D80/><REACH who="0" ten="261,243,233,243" step="2"/><U61/><E93/><V130/><F130/><W125/><G125/><T76/><D76/><AGARI ba="1,2" hai="49,50,54,59,61,76,83,84,91,92,99" m="7351" machi="76" ten="30,2000,0" yaku="8,1,52,1" doraHai="53" who="1" fromWho="0" sc="261,-23,243,43,233,0,243,0" /><INIT seed="1,0,0,4,0,19" ten="238,286,233,243" oya="1" hai0="85,55,26,60,4,133,95,124,80,1,24,115,49" hai1="25,48,119,16,90,23,69,64,45,107,36,21,82" hai2="42,126,37,70,46,83,58,66,17,53,98,50,30" hai3="32,132,127,79,117,35,74,76,120,118,86,59,40"/><U15/><E119/><N who="3" m="45578" /><G120/><T122/><D115/><U104/><E36/><V112/><F112/><W31/><G74/><T44/><D122/><U63/><E90/><V129/><F129/><W20/><G127/><T54/><D124/><U116/><E82/><V131/><F131/><W18/><G132/><T93/><D133/><U22/><E116/><V8/><F126/><W52/><G40/><T72/><D72/><U34/><E34/><N who="3" m="12842" /><G31/><T28/><D1/><U10/><REACH who="1" step="1"/><E25/><REACH who="1" ten="238,276,233,243" step="2"/><V111/><F37/><W56/><G86/><T33/><D24/><U57/><E57/><N who="3" m="22090" /><G52/><AGARI ba="0,1" hai="10,15,16,21,22,23,45,48,52,63,64,69,104,107" machi="52" ten="40,18000,2" yaku="1,1,52,3,54,2,53,0" doraHai="19" doraHaiUra="135" who="1" fromWho="3" sc="238,0,276,190,233,0,243,-180" /><INIT seed="1,1,0,2,4,110" ten="238,466,233,63" oya="1" hai0="123,80,18,22,53,10,28,20,1,26,111,88,58" hai1="63,99,85,89,25,84,67,65,62,21,133,68,130" hai2="37,108,6,14,74,100,97,38,59,61,15,128,29" hai3="52,44,91,98,4,48,78,50,7,115,87,60,30"/><U45/><E133/><V9/><F108/><W122/><G122/><T3/><D111/><U35/><E130/><V93/><F128/><W117/><G117/><T131/><D131/><U11/><E35/><V109/><F109/><W2/><G115/><T135/><D135/><U129/><E129/><V41/><F74/><W23/><G2/><T75/><D123/><U42/><E11/><V0/><F29/><W32/><G32/><T40/><D40/><U64/><E99/><V81/><F81/><W71/><G78/><T56/><D10/><U66/><E89/><V79/><F79/><W82/><G98/><T92/><D80/><U39/><REACH who="1" step="1"/><E62/><REACH who="1" ten="238,456,233,63" step="2"/><V90/><F90/><W69/><G60/><T116/><D116/><U27/><E27/><V119/><F119/><W51/><G4/><T101/><D88/><U70/><E70/><V72/><F6/><W36/><G7/><T127/><D26/><U104/><E104/><V5/><F61/><W120/><G120/><T33/><D3/><U12/><E12/><V19/><F15/><W114/><G69/><T124/><D33/><U134/><E134/><V126/><F0/><W94/><G71/><T86/><D1/><U46/><E46/><V106/><F97/><W107/><G107/><T34/><D34/><U13/><E13/><V17/><F14/><W77/><G44/><T95/><D56/><U113/><E113/><V125/><F59/><N who="3" m="33159" /><G114/><T103/><D58/><U83/><E83/><V24/><F9/><W96/><G36/><T49/><D49/><U55/><E55/><V73/><F37/><W105/><G105/><RYUUKYOKU ba="1,1" sc="238,-15,456,15,233,-15,63,15" hai1="21,25,39,42,45,63,64,65,66,67,68,84,85" hai3="23,30,50,51,77,82,87,91,94,96" /><INIT seed="1,2,1,4,0,70" ten="223,471,218,78" oya="1" hai0="53,36,99,83,65,1,115,21,24,93,15,128,6" hai1="103,17,63,123,51,34,132,77,118,30,55,12,79" hai2="22,45,107,26,54,127,35,116,19,62,2,134,66" hai3="86,73,95,88,0,87,119,37,20,67,71,126,59"/><U94/><E118/><V117/><F107/><W130/><G73/><T90/><D115/><U5/><E123/><V106/><F106/><W92/><G126/><T110/><D1/><U14/><E132/><V105/><F105/><W122/><G122/><T91/><D65/><U76/><E34/><V4/><F35/><W29/><G130/><T33/><D33/><U108/><E63/><V38/><F127/><W48/><G37/><T46/><D110/><U42/><E42/><V31/><F134/><W44/><G0/><T49/><D128/><U60/><E60/><V25/><F25/><W75/><G75/><T69/><D69/><U124/><E30/><V101/><F31/><W121/><G71/><T13/><D6/><U58/><E124/><V129/><F129/><W52/><G121/><T3/><D3/><U82/><E108/><V120/><F120/><W47/><G67/><T18/><D36/><U9/><E94/><V80/><F117/><W84/><G119/><T23/><D21/><U61/><E103/><V28/><F101/><W57/><G57/><T7/><D7/><U50/><REACH who="1" step="1"/><E82/><REACH who="1" ten="223,461,218,78" step="2"/><V43/><F80/><W56/><G95/><N who="0" m="56823" /><D83/><U85/><E85/><AGARI ba="2,2" hai="13,15,18,23,24,46,49,53,85,91,93" m="56823" machi="85" ten="30,1000,0" yaku="8,1" doraHai="70" who="0" fromWho="1" sc="223,36,461,-16,218,0,78,0" /><INIT seed="2,0,0,3,2,111" ten="259,445,218,78" oya="2" hai0="102,85,105,98,30,114,40,49,88,69,112,108,3" hai1="45,66,118,21,103,92,41,120,70,106,119,2,20" hai2="22,64,59,67,79,47,52,81,5,34,13,58,129" hai3="33,9,14,35,23,131,16,123,46,125,94,74,15"/><V133/><F34/><W28/><G74/><T51/><D3/><U26/><E106/><V32/><F32/><N who="3" m="12363" /><G46/><T75/><D108/><U54/><E2/><V78/><F133/><W130/><G94/><T50/><D30/><U89/><E54/><V73/><F129/><N who="3" m="49163" /><G123/><T8/><D69/><U124/><E103/><V38/><F78/><W96/><G96/><T4/><D75/><U109/><E124/><V84/><F73/><W48/><G48/><T7/><D40/><U97/><E21/><V100/><F100/><W101/><G101/><T93/><REACH who="0" step="1"/><D8/><REACH who="0" ten="249,445,218,78" step="2"/><U127/><E109/><V60/><F38/><W55/><G55/><T1/><D1/><U56/><E70/><V134/><F52/><W117/><G117/><T82/><D82/><U135/><E119/><V37/><F37/><W0/><G125/><T53/><D53/><U121/><E118/><V39/><F39/><W87/><G87/><T29/><D29/><U115/><E127/><V42/><F84/><W65/><G65/><T72/><D72/><U71/><E41/><V24/><F64/><W83/><G83/><T77/><D77/><U18/><E71/><N who="2" m="42471" /><F81/><W104/><G104/><T61/><D61/><U44/><E66/><V27/><F79/><W76/><G76/><T107/><D107/><U62/><E62/><V99/><F42/><W128/><N who="3" m="49171" /><W80/><DORA hai="17" /><G80/><T6/><AGARI ba="0,1" hai="4,6,7,49,50,51,85,88,93,98,102,105,112,114" machi="6" ten="30,8000,1" yaku="1,1,0,1,52,2,54,1,53,0" doraHai="111,17" doraHaiUra="31,19" who="0" fromWho="0" sc="249,90,445,-20,218,-40,78,-20" /><INIT seed="3,0,0,4,1,75" ten="339,425,178,58" oya="3" hai0="93,45,109,50,3,21,49,65,29,113,41,55,90" hai1="111,133,16,86,19,68,42,108,112,120,70,94,30" hai2="106,132,79,56,38,123,36,48,96,53,122,135,126" hai3="7,58,80,99,129,37,124,26,54,14,0,23,64"/><W95/><G124/><T20/><D3/><U2/><E112/><V76/><F126/><W89/><G129/><T130/><D109/><N who="1" m="42059" /><E133/><N who="2" m="51275" /><F106/><W88/><G37/><N who="2" m="14441" /><F96/><W85/><G0/><T103/><D130/><U33/><E2/><V72/><F72/><W22/><G64/><T27/><D113/><U57/><E42/><V105/><F105/><W32/><G32/><T34/><D65/><U78/><E57/><V10/><F10/><N who="3" m="4447" /><G26/><T84/><REACH who="0" step="1"/><D103/><REACH who="0" ten="329,425,178,58" step="2"/><U6/><E120/><AGARI ba="0,1" hai="48,53,56,76,79,120,122,123" m="14441,51275" machi="120" ten="40,8000,1" yaku="13,1,20,1,52,2" doraHai="75" who="2" fromWho="1" sc="329,0,425,-80,178,90,58,0" owari="329,12.9,345,44.5,268,-13.2,58,-44.2" /></mjloggm>