<mjloggm ver="2.3"><GO type="225" lobby="0"/><UN n0="%E3%83%B4%E3%83%A0%EF%BC%99%E3%81%A6" n1="%E6%9D%B1%E9%A2%A8%E3%81%AE%E3%81%8D%E3%82%83%E3%81%B7%E3%81%95%E3%82%93" n2="%E3%83%8F%E3%83%B3%E3%83%89%E3%83%A9%E3%83%BC%E3%83%BB%E3%83%AF%E3%83%B3" n3="%E3%81%A4%E3%81%A3%E3%81%B1%E3%82%8A%E3%83%9D%E3%83%BC%E3%83%AB" dan="16,17,17,16" rate="2132.87,2217.31,2242.70,2046.98" sx="M,M,M,M"/><TAIKYOKU oya="0"/><INIT seed="0,0,0,3,1,78" ten="250,250,250,250" oya="0" hai0="115,50,83,77,30,66,42,45,33,81,108,120,104" hai1="82,70,71,134,40,105,85,119,110,13,117,11,2" hai2="107,8,60,67,90,57,63,41,96,114,76,65,123" hai3="113,21,68,12,111,130,101,92,61,27,135,125,131"/><T22/><D115/><U99/><E40/><V51/><F123/><W7/><G113/><T5/><D120/><U98/><E2/><V95/><F114/><W54/><G111/><T37/><D33/><U91/><E134/><V122/><F122/><W52/><G135/><T97/><D108/><U23/><E23/><V26/><F107/><W10/><G125/><T48/><D5/><U128/><E128/><N who="3" m="49194" /><G68/><T19/><D30/><U1/><E1/><V112/><F112/><W25/><G61/><T29/><D29/><U55/><E55/><N who="3" m="21034" /><G21/><T100/><D66/><U56/><E56/><V118/><F118/><W59/><G59/><T72/><REACH who="0" step="1"/><D81/><REACH who="0" ten="240,250,250,250" step="2"/><U73/><E110/><V9/><F67/><W79/><G79/><T64/><D64/><U109/><E109/><V44/><F76/><W43/><G43/><T58/><D58/><U0/><E119/><V86/><F63/><W38/><G38/><T20/><D20/><U62/><E117/><V15/><F57/><W6/><G7/><T132/><D132/><U69/><E70/><V49/><F60/><W116/><G116/><T46/><D46/><U84/><E69/><V124/><F65/><W14/><G14/><AGARI ba="0,1" hai="14,19,22,37,42,45,48,50,72,77,83,97,100,104" machi="14" ten="30,5800,0" yaku="1,1,7,1,52,1,53,0" doraHai="78" doraHaiUra="34" who="0" fromWho="3" sc="240,68,250,0,250,0,250,-58" /><INIT seed="0,1,0,2,3,25" ten="308,250,250,192" oya="0" hai0="49,75,53,33,66,65,43,91,18,19,63,102,117" hai1="48,99,50,15,44,29,121,108,17,72,109,89,122" hai2="9,113,79,28,128,4,70,112,67,37,16,32,62" hai3="41,8,118,104,52,133,57,125,12,134,111,0,21"/><T110/><D117/><U36/><E72/><V80/><F128/><W6/><G104/><T119/><D119/><U85/><E36/><V81/><F37/><W116/><G41/><T47/><D75/><U101/><E29/><V132/><F132/><N who="3" m="50795" /><G111/><T92/><D110/><U83/><E109/><V98/><F98/><W30/><G125/><T90/><D33/><U39/><E39/><V97/><F97/><W60/><G0/><T68/><D65/><U20/><E108/><V127/><F127/><W124/><G124/><T78/><D78/><U22/><E22/><V40/><F40/><W51/><G60/><T126/><D126/><U84/><E84/><V31/><F32/><W87/><G87/><T46/><D102/><U11/><E20/><V1/><F81/><W61/><G61/><T106/><D106/><U42/><REACH who="1" step="1"/><E48/><REACH who="1" ten="308,240,250,192" step="2"/><V5/><F31/><W74/><G74/><T64/><D49/><U7/><E7/><V131/><F5/><W95/><G95/><AGARI ba="1,1" hai="11,15,17,42,44,50,83,85,89,95,99,101,121,122" machi="95" ten="30,3900,0" yaku="1,1,7,1,53,1" doraHai="25" doraHaiUra="86" who="1" fromWho="3" sc="308,0,240,52,250,0,192,-42" /><INIT seed="1,0,0,4,5,99" ten="308,292,250,150" oya="1" hai0="61,31,105,44,116,97,25,5,33,7,14,93,85" hai1="88,35,60,103,77,52,30,106,112,37,84,102,76" hai2="70,50,3,135,41,73,53,92,39,104,98,20,74" hai3="27,18,63,91,80,38,4,133,46,28,108,8,11"/><U66/><E37/><V51/><F3/><W43/><G108/><T122/><D116/><U42/><E112/><V40/><F104/><W111/><G111/><T19/><D122/><U79/><E42/><V23/><F70/><W100/><G133/><T64/><D44/><U129/><E106/><V130/><F39/><W128/><G128/><T94/><D85/><U10/><E129/><V87/><F130/><W57/><G18/><T0/><D0/><U59/><E35/><V81/><F74/><W62/><G91/><T131/><D131/><U69/><E30/><V110/><F73/><W68/><G80/><T114/><D114/><U120/><E10/><V15/><F135/><W65/><G4/><T109/><D109/><U32/><E32/><V90/><F51/><W9/><G100/><N who="1" m="38442" /><E69/><V55/><F40/><W86/><G86/><T83/><D105/><U24/><E120/><V96/><F41/><W117/><G117/><T82/><D33/><U119/><E119/><V101/><F110/><W58/><REACH who="3" step="1"/><G63/><REACH who="3" ten="308,292,250,140" step="2"/><T71/><D19/><U113/><E113/><V95/><F101/><W56/><G56/><T1/><D71/><U125/><E125/><V12/><F81/><W123/><G123/><T121/><D121/><U89/><E84/><V49/><F87/><W29/><G29/><T22/><D82/><U134/><E134/><V16/><F16/><W2/><G2/><T126/><D83/><U127/><E127/><V107/><F107/><W124/><G124/><T36/><D126/><U34/><E89/><AGARI ba="0,1" hai="12,15,20,23,49,50,53,55,89,90,92,95,96,98" machi="89" ten="25,3200,0" yaku="22,2,8,1" doraHai="99" who="2" fromWho="1" sc="308,0,292,-32,250,42,140,0" /><INIT seed="2,0,0,4,2,111" ten="308,260,292,140" oya="2" hai0="132,103,100,63,80,11,4,30,118,96,8,112,57" hai1="56,45,133,94,71,33,91,24,78,0,39,27,7" hai2="135,15,90,102,84,32,47,65,26,114,10,23,64" hai3="82,53,99,130,92,41,79,77,66,5,124,18,38"/><V89/><F32/><W88/><G130/><T125/><D125/><U48/><E39/><V134/><F102/><W25/><G124/><T12/><D132/><N who="2" m="50730" /><F47/><W128/><G128/><T49/><D118/><U42/><E71/><V13/><F114/><W131/><G131/><T20/><D112/><U76/><E33/><V110/><F110/><W116/><G116/><T16/><D49/><U2/><E133/><V119/><F119/><W59/><G5/><T51/><D51/><U81/><E7/><N who="2" m="3295" /><F15/><W19/><G66/><N who="2" m="25705" /><F84/><W122/><G122/><T115/><D115/><U35/><E0/><V54/><F54/><W50/><G25/><N who="0" m="16679" /><D80/><U40/><E2/><V1/><F1/><W46/><REACH who="3" step="1"/><G82/><REACH who="3" ten="308,260,292,130" step="2"/><T97/><D4/><U113/><E113/><V126/><F126/><W73/><G73/><T34/><D34/><U123/><E24/><V67/><F67/><W121/><G121/><T129/><D129/><U37/><E123/><V83/><F83/><W109/><G109/><T21/><D21/><U28/><E81/><V108/><F108/><W17/><AGARI ba="0,1" hai="17,18,19,38,41,46,50,53,59,77,79,88,92,99" machi="17" ten="30,4000,0" yaku="1,1,0,1,54,1,53,0" doraHai="111" doraHaiUra="6" who="3" fromWho="3" sc="308,-10,260,-10,292,-20,130,50" /><INIT seed="3,0,0,1,5,117" ten="298,250,272,180" oya="3" hai0="53,24,77,100,118,132,26,129,19,82,5,134,80" hai1="105,95,114,125,37,55,73,7,61,62,121,56,124" hai2="65,39,110,58,109,74,51,71,98,126,72,81,128" hai3="120,63,59,68,47,33,104,88,90,131,16,123,70"/><W4/><G104/><T42/><D118/><U10/><E105/><V108/><F39/><W91/><G33/><T76/><D129/><U115/><E73/><V97/><F128/><W86/><G131/><T116/><D116/><U18/><E95/><V25/><F126/><N who="1" m="48745" /><E18/><V34/><F71/><W122/><G4/><T35/><D5/><U60/><E10/><V130/><F130/><W103/><G103/><T49/><D100/><U66/><E7/><V99/><F81/><W17/><G47/><T12/><D42/><U93/><E93/><V20/><F34/><W1/><G1/><T111/><D111/><U50/><E37/><V27/><F27/><N who="0" m="10282" /><D134/><U83/><E83/><N who="0" m="31785" /><D132/><U79/><E79/><V23/><F23/><W31/><G86/><T96/><D96/><U69/><E121/><V8/><F8/><W84/><G84/><T75/><D75/><U54/><E60/><N who="2" m="38039" /><F51/><W21/><G31/><AGARI ba="0,0" hai="20,25,31,72,74,97,98,99,108,109,110" m="38039" machi="31" ten="40,1300,0" yaku="14,1" doraHai="117" who="2" fromWho="3" sc="298,0,250,0,272,13,180,-13" /><INIT seed="4,0,0,3,3,9" ten="298,250,285,167" oya="0" hai0="57,21,36,44,35,64,45,46,107,63,75,2,33" hai1="12,41,47,3,68,5,16,122,132,8,79,109,14" hai2="30,34,121,38,92,87,128,65,104,28,10,24,90" hai3="83,27,60,119,89,32,114,1,85,101,67,88,70"/><T0/><D36/><U78/><E109/><V23/><F121/><W74/><G114/><T134/><D107/><U61/><E122/><V105/><F38/><W131/><G131/><T123/><D123/><U106/><E106/><V130/><F65/><W4/><G119/><T19/><D75/><U98/><E3/><V52/><F10/><W13/><G74/><T133/><D0/><U54/><E98/><V18/><F30/><W91/><G101/><T116/><D2/><U48/><E132/><N who="0" m="50793" /><D116/><U125/><E125/><V56/><F105/><W77/><G1/><T111/><D111/><U7/><E7/><V117/><F104/><W66/><G66/><T43/><D43/><U99/><E99/><V51/><REACH who="2" step="1"/><F117/><REACH who="2" ten="298,250,275,167" step="2"/><W100/><G100/><T69/><D69/><U112/><E112/><V94/><F94/><W29/><REACH who="3" step="1"/><G4/><REACH who="3" ten="298,250,275,157" step="2"/><T22/><D22/><N who="1" m="11527" /><E68/><V118/><F118/><W15/><AGARI ba="0,2" hai="13,15,27,29,32,60,67,70,77,83,85,88,89,91" machi="15" ten="30,12000,2" yaku="1,1,0,1,52,2,54,1,53,1" doraHai="9" doraHaiUra="62" who="3" fromWho="3" sc="298,-60,250,-30,275,-30,157,140" /><INIT seed="5,0,0,0,3,61" ten="238,220,245,297" oya="1" hai0="54,109,14,73,27,39,24,58,42,44,3,131,81" hai1="110,57,23,77,122,75,97,120,129,63,62,95,89" hai2="90,80,105,100,82,117,18,102,22,79,66,113,123" hai3="87,135,70,19,78,134,41,16,40,59,7,127,51"/><U128/><E23/><V67/><F117/><W33/><G33/><T93/><D109/><U17/><E17/><N who="3" m="6730" /><G70/><T112/><D112/><U50/><E110/><V12/><F123/><W114/><G7/><T84/><D131/><N who="1" m="50251" /><E50/><V53/><F113/><W48/><G127/><T38/><D38/><U25/><E25/><V21/><F105/><W83/><G114/><T31/><D14/><U65/><E63/><V130/><F130/><W86/><G86/><T43/><D43/><N who="3" m="16457" /><G59/><T94/><D3/><U4/><E4/><V30/><F21/><W36/><G36/><T55/><D73/><U119/><E119/><V1/><F1/><W37/><G37/><T98/><D39/><U92/><E92/><V45/><F12/><W125/><G125/><T46/><D93/><U32/><E32/><V8/><F22/><W76/><G51/><T96/><D42/><U108/><E108/><V13/><F13/><W121/><G48/><T11/><D11/><U64/><E64/><V74/><F8/><W101/><G121/><N who="1" m="46698" /><E75/><V88/><F18/><W132/><G101/><T49/><D49/><U104/><E104/><V28/><F102/><W133/><G133/><T99/><D58/><U60/><E60/><V6/><F100/><W0/><G0/><T126/><D126/><U72/><E72/><V69/><F6/><W111/><G111/><T91/><D46/><U34/><E34/><V15/><F45/><W118/><G118/><T52/><D44/><U106/><E106/><V47/><F47/><W107/><G107/><T5/><D5/><U10/><E10/><V124/><F124/><RYUUKYOKU ba="0,0" sc="238,-15,220,15,245,-15,297,15" hai1="57,62,65,77,89,95,97" hai3="76,78,83,87,132,134,135" /><BYE who="2" /><INIT seed="5,1,0,4,1,39" ten="223,235,230,312" oya="1" hai0="83,44,127,36,117,31,38,104,131,41,0,50,81" hai1="45,118,77,68,133,124,32,24,106,33,20,93,29" hai2="134,71,126,46,35,94,110,64,105,5,28,113,11" hai3="56,97,72,10,4,107,102,98,54,92,69,96,9"/><U114/><E68/><V91/><F91/><W84/><G72/><T129/><D117/><U115/><E106/><UN n2="%E3%83%8F%E3%83%B3%E3%83%89%E3%83%A9%E3%83%BC%E3%83%BB%E3%83%AF%E3%83%B3" /><V121/><F121/><W8/><G69/><T99/><D0/><U85/><E118/><V87/><F110/><W67/><G67/><T12/><D127/><U16/><E124/><V62/><F126/><W119/><G119/><T30/><D12/><N who="1" m="9223" /><E45/><V111/><F111/><W19/><G19/><T112/><D112/><N who="1" m="43051" /><E133/><V55/><F105/><W100/><G84/><T122/><D122/><U51/><E51/><V90/><F134/><W59/><G97/><T70/><D70/><U108/><E108/><V89/><F113/><W22/><G59/><T109/><D109/><U49/><E49/><V40/><F71/><W48/><G22/><T75/><D75/><U21/><E77/><V17/><F46/><W88/><G102/><N who="0" m="62559" /><D36/><U79/><E93/><V57/><F94/><W18/><G18/><T3/><D38/><U74/><E74/><V86/><F17/><W6/><AGARI ba="1,0" hai="4,6,8,9,10,48,54,56,88,92,96,98,100,107" machi="6" ten="30,2000,0" yaku="0,1,54,1" doraHai="39" who="3" fromWho="3" sc="223,-6,235,-11,230,-6,312,23" owari="217,-28.3,224,2.4,224,-17.6,335,43.5" /></mjloggm>