<mjloggm ver="2.3"><GO type="225" lobby="0"/><UN n0="%E6%98%93%E5%88%A9%E8%96%A9%E4%BC%AF" n1="%E5%B0%8F%E9%B3%A5%E9%81%8A%E7%B7%B4%E7%84%A1%32%31%E6%AD%B3" n2="%E3%81%B2%E3%81%AA%E3%81%AE%E3%82%8A%E3%81%8F" n3="%48%61%61%61%6C%61%6E%64" dan="16,16,17,18" rate="2065.66,2190.05,2145.94,2172.09" sx="F,F,M,M"/><TAIKYOKU oya="0"/><INIT seed="0,0,0,3,1,75" ten="250,250,250,250" oya="0" hai0="7,2,89,129,95,110,92,55,44,10,114,86,97" hai1="106,62,74,104,134,94,35,90,9,38,70,131,45" hai2="88,53,1,49,15,56,16,102,19,105,122,43,21" hai3="39,29,42,25,12,93,14,123,31,115,32,116,96"/><T108/><D114/><U84/><E131/><V47/><F1/><W67/><G115/><T107/><D107/><U98/><E134/><V23/><F122/><W71/><G116/><T117/><D117/><U80/><E35/><V77/><F105/><W37/><G123/><T99/><D129/><U13/><E70/><V33/><F33/><W133/><G31/><T126/><D126/><U121/><E62/><V24/><F102/><W58/><G71/><T132/><D132/><U87/><E121/><V8/><F77/><W91/><G133/><T6/><D6/><U124/><E124/><V111/><F111/><N who="0" m="42538" /><D95/><U112/><E112/><V18/><F88/><W72/><G72/><T46/><D55/><U125/><E125/><V118/><F118/><W26/><G26/><T135/><D135/><U17/><E74/><V113/><F113/><W4/><G4/><T50/><D50/><U20/><E38/><V73/><F73/><W109/><G109/><T130/><D130/><U127/><E127/><V11/><REACH who="2" step="1"/><F19/><REACH who="2" ten="250,250,240,250" step="2"/><W79/><G32/><T101/><D101/><U119/><E119/><V52/><F52/><W103/><G103/><T40/><D40/><U28/><E106/><V0/><F0/><W82/><G42/><T30/><D30/><U41/><E104/><V76/><F76/><W34/><G79/><T27/><D99/><U68/><E98/><V69/><F69/><W81/><G96/><T36/><D97/><U100/><E68/><V128/><F128/><W83/><G91/><T51/><D89/><U64/><E90/><V48/><AGARI ba="0,1" hai="8,11,15,16,18,21,23,24,43,47,48,49,53,56" machi="48" ten="20,8000,1" yaku="1,1,0,1,7,1,8,1,54,1,53,0" doraHai="75" doraHaiUra="120" who="2" fromWho="2" sc="250,-40,250,-20,240,90,250,-20" /><INIT seed="1,0,0,5,3,83" ten="210,230,330,230" oya="1" hai0="12,126,3,49,5,27,70,68,92,15,61,98,106" hai1="124,134,133,112,18,111,11,99,122,125,10,38,104" hai2="43,86,82,34,29,116,114,63,19,37,0,31,87" hai3="127,24,72,94,109,115,73,84,50,89,17,48,108"/><U113/><E38/><V101/><F0/><W77/><G115/><N who="1" m="44106" /><E104/><V26/><F116/><W75/><G127/><N who="1" m="48714" /><E99/><V88/><F31/><W91/><G77/><T85/><D126/><U93/><E93/><V2/><F2/><W121/><G121/><T119/><D119/><U118/><E118/><V62/><F101/><W100/><G100/><T59/><D3/><U45/><E45/><V7/><F7/><W120/><G120/><T130/><D130/><U96/><E96/><V28/><F28/><W110/><REACH who="3" step="1"/><G91/><REACH who="3" ten="210,230,330,220" step="2"/><T132/><D106/><U64/><E122/><V4/><F88/><W13/><G13/><T1/><D15/><N who="1" m="7543" /><E111/><V21/><F114/><W105/><G105/><T16/><D98/><U32/><E32/><V102/><F34/><W117/><G117/><T41/><D92/><U56/><E11/><V39/><F102/><W67/><G67/><T65/><D65/><U95/><E95/><V8/><F82/><W44/><G44/><T60/><D1/><U103/><E103/><V14/><F37/><W20/><AGARI ba="0,1" hai="17,20,24,48,50,72,73,75,84,89,94,108,109,110" machi="20" ten="40,8000,1" yaku="1,1,0,1,14,1,52,1,53,0" doraHai="83" doraHaiUra="71" who="3" fromWho="3" sc="210,-20,230,-40,330,-20,220,90" /><INIT seed="2,0,0,5,5,116" ten="190,190,310,310" oya="2" hai0="68,0,117,123,61,83,32,82,74,102,125,66,100" hai1="87,23,81,92,131,38,54,72,1,113,78,26,48" hai2="49,33,122,52,98,127,29,15,90,58,89,69,63" hai3="36,70,41,45,59,134,34,3,110,44,51,96,5"/><V115/><F115/><W108/><G70/><T135/><D117/><U104/><E113/><V35/><F122/><W133/><G34/><T88/><D32/><U75/><E38/><V114/><F114/><W64/><G96/><T4/><D123/><U17/><E104/><V9/><F127/><W16/><G16/><T85/><D135/><N who="3" m="51721" /><G5/><T18/><D125/><U77/><E1/><V93/><F29/><W121/><G3/><T71/><D71/><U126/><E131/><V73/><F73/><W109/><G121/><T132/><D132/><U11/><E126/><V103/><F35/><W130/><G130/><T84/><D74/><U27/><E77/><V25/><F25/><W118/><G118/><T62/><D62/><U67/><E67/><V119/><F33/><W42/><G59/><T53/><D18/><U7/><E27/><V124/><F124/><W31/><G31/><T99/><D99/><U95/><E75/><V43/><F119/><W28/><G28/><T10/><REACH who="0" step="1"/><D53/><REACH who="0" ten="180,190,310,310" step="2"/><U40/><E72/><V24/><F69/><W21/><G21/><T106/><D106/><U19/><E54/><V120/><F120/><W55/><G64/><T60/><D60/><U111/><E17/><N who="2" m="8431" /><F24/><W8/><G8/><T129/><D129/><U94/><E11/><V112/><F112/><W80/><G55/><T86/><D86/><U22/><E7/><V6/><F6/><W12/><G110/><T57/><D57/><U107/><E111/><V128/><F128/><W105/><G109/><T14/><D14/><U2/><E107/><V79/><F79/><AGARI ba="0,1" hai="0,4,10,61,66,68,79,82,83,84,85,88,100,102" machi="79" ten="30,7700,0" yaku="1,1,7,1,54,1,53,1" doraHai="116" doraHaiUra="65" who="0" fromWho="2" sc="180,87,190,0,310,-77,310,0" /><INIT seed="3,0,0,2,4,71" ten="267,190,233,310" oya="3" hai0="93,69,110,132,32,118,88,38,128,106,131,70,45" hai1="76,23,124,39,127,31,73,50,102,101,61,109,121" hai2="81,10,57,111,119,19,120,6,9,59,115,98,18" hai3="0,15,82,54,30,97,27,56,94,80,12,100,84"/><W3/><G0/><T1/><D106/><U130/><E121/><V112/><F119/><W60/><G3/><T62/><D118/><U90/><E109/><V66/><F111/><W21/><G80/><T48/><D38/><U25/><E130/><N who="0" m="49705" /><D32/><U44/><E90/><AGARI ba="0,0" hai="12,15,21,27,30,54,56,60,82,84,90,94,97,100" machi="90" ten="30,2900,0" yaku="7,1,8,1" doraHai="71" who="3" fromWho="1" sc="267,0,190,-29,233,0,310,29" owari="267,6.7,161,-33.9,233,-16.7,339,43.9" /></mjloggm>