<mjloggm ver="2.3"><GO type="225" lobby="0"/><UN n0="%E6%A1%9C%E8%8A%B1%E9%96%83%E3%80%85" n1="%33%74%72%65%65" n2="%E9%80%86%E9%80%A3%E5%B8%AF%E3%81%AE%E9%AC%BC" n3="%E3%81%BF%E3%81%BF%E3%81%9A" dan="16,16,17,18" rate="2200.51,2166.45,2166.71,2253.32" sx="M,F,M,M"/><TAIKYOKU oya="0"/><INIT seed="0,0,0,3,4,103" ten="250,250,250,250" oya="0" hai0="4,36,108,1,127,116,95,75,78,59,123,104,74" hai1="84,107,134,20,100,122,62,21,34,15,130,42,24" hai2="2,26,110,133,83,0,64,69,54,32,35,58,91" hai3="89,45,38,6,55,31,112,33,57,118,18,79,102"/><T115/><RYUUKYOKU type="yao9" ba="0,0" sc="250,0,250,0,250,0,250,0" hai0="1,4,36,59,74,75,78,95,104,108,115,116,123,127" /><INIT seed="0,1,0,3,5,79" ten="250,250,250,250" oya="0" hai0="43,130,58,23,53,75,103,0,92,1,72,69,31" hai1="116,49,74,11,124,110,105,91,17,36,4,135,46" hai2="56,106,34,3,131,112,62,47,24,61,18,57,118" hai3="134,8,12,111,88,71,89,114,48,119,87,7,13"/><T117/><D69/><U2/><E116/><V120/><F118/><W99/><G114/><T84/><D117/><U102/><E110/><V15/><F120/><W66/><G119/><T40/><D75/><U5/><E135/><V10/><F131/><W37/><G37/><T109/><D72/><U45/><E124/><V16/><F106/><W76/><G111/><T9/><D109/><U83/><E4/><V100/><F112/><W113/><G113/><T50/><D130/><U73/><E36/><V104/><F3/><W78/><G66/><T22/><D0/><U77/><E73/><V21/><F34/><W126/><G71/><T63/><D31/><U115/><E115/><V133/><F133/><W26/><G134/><T52/><D9/><U65/><E65/><V96/><REACH who="2" step="1"/><F47/><REACH who="2" ten="250,250,240,250" step="2"/><W95/><G126/><T121/><D1/><U86/><E45/><V129/><F129/><W55/><G26/><T67/><D121/><U70/><E105/><V107/><F107/><W128/><G13/><T30/><D43/><U64/><E2/><V122/><F122/><W101/><G128/><T81/><D40/><U80/><E46/><V59/><AGARI ba="1,1" hai="10,15,16,18,21,24,56,57,59,61,62,96,100,104" machi="59" ten="30,7900,0" yaku="1,1,0,1,54,1,53,1" doraHai="79" doraHaiUra="19" who="2" fromWho="2" sc="250,-40,250,-21,240,92,250,-21" /><INIT seed="1,0,0,1,5,40" ten="210,229,332,229" oya="1" hai0="64,103,109,3,81,42,135,68,28,105,22,45,96" hai1="111,1,17,0,34,6,80,130,112,115,86,44,65" hai2="73,116,15,74,57,77,11,117,75,104,108,69,31" hai3="100,5,33,126,48,9,83,12,38,97,134,67,54"/><U66/><E34/><V131/><F69/><W51/><G38/><T95/><D109/><U114/><E111/><V47/><F108/><W88/><G33/><T92/><D135/><U133/><E133/><V14/><F104/><W35/><G35/><T72/><D22/><U52/><E130/><V27/><F131/><W87/><G134/><T43/><D28/><U10/><E0/><V85/><F57/><W53/><G126/><T102/><D43/><U41/><E17/><V93/><F47/><N who="3" m="27807" /><G67/><T32/><D32/><U84/><E52/><V36/><F36/><W107/><G107/><T30/><D30/><U16/><E16/><V121/><F121/><W119/><G119/><T123/><D102/><U56/><E56/><V128/><F128/><W63/><G63/><N who="0" m="39967" /><D123/><U26/><E26/><V89/><F117/><W25/><G25/><T127/><D3/><U46/><E84/><V29/><F116/><W4/><G100/><T2/><D2/><U50/><REACH who="1" step="1"/><E46/><REACH who="1" ten="210,219,332,229" step="2"/><V21/><F31/><W24/><G24/><T79/><D45/><U62/><E62/><V70/><F70/><W122/><G122/><T76/><D127/><U132/><E132/><V82/><F15/><W61/><G61/><T110/><D110/><U19/><E19/><AGARI ba="0,1" hai="11,14,19,21,27,29,73,74,75,77,82,85,89,93" machi="19" ten="30,1000,0" yaku="7,1" doraHai="40" who="2" fromWho="1" sc="210,0,219,-10,332,20,229,0" /><INIT seed="2,0,0,0,4,118" ten="210,209,352,229" oya="2" hai0="80,54,31,42,21,40,51,79,81,63,50,25,100" hai1="86,41,88,132,32,39,8,75,121,62,12,127,19" hai2="3,60,123,35,18,52,30,23,28,29,4,77,11" hai3="89,0,116,102,17,112,113,78,49,110,2,37,45"/><V107/><F107/><W38/><G116/><T14/><D100/><U122/><E75/><V85/><F123/><N who="1" m="47113" /><E132/><V20/><F35/><W126/><G110/><T131/><D131/><U1/><E127/><V76/><F23/><W15/><G126/><T65/><D14/><U91/><E32/><V56/><REACH who="2" step="1"/><F85/><REACH who="2" ten="210,209,342,229" step="2"/><W95/><G112/><T64/><D21/><N who="1" m="11495" /><E86/><V84/><F84/><W70/><G113/><T47/><D80/><U58/><E8/><V93/><F93/><W7/><G95/><T96/><D81/><U87/><E87/><V72/><F72/><W98/><G78/><T82/><D79/><U125/><E125/><V94/><F94/><W83/><G83/><T22/><D82/><U5/><E5/><V108/><F108/><W43/><G7/><T119/><D119/><U120/><E120/><V74/><F74/><W57/><G98/><T69/><D96/><U134/><E134/><V68/><F68/><W128/><G70/><T36/><D69/><U133/><E133/><V129/><F129/><W9/><G128/><T26/><D22/><U53/><E1/><V33/><F33/><W105/><G0/><T104/><D104/><U6/><E6/><V61/><F61/><W48/><G2/><T66/><D63/><U90/><E90/><V10/><F10/><W114/><G89/><T13/><D31/><U135/><E135/><V16/><F16/><W71/><G71/><T115/><D115/><U99/><E99/><V106/><F106/><W124/><G114/><T109/><D109/><U59/><E59/><V27/><AGARI ba="0,1" hai="3,4,11,18,20,27,28,29,30,52,56,60,76,77" machi="27" ten="30,6000,0" yaku="1,1,0,1,54,1,53,0" doraHai="118" doraHaiUra="117" who="2" fromWho="2" sc="210,-20,209,-20,342,70,229,-20" /><INIT seed="2,1,0,3,0,49" ten="190,189,412,209" oya="2" hai0="44,25,45,122,104,6,39,33,30,74,98,69,83" hai1="92,81,23,133,4,53,73,82,100,60,32,3,106" hai2="51,118,90,37,14,87,57,1,12,109,58,29,108" hai3="125,114,17,11,65,64,16,126,15,38,27,13,121"/><V20/><F1/><W10/><G121/><T97/><D97/><N who="1" m="59431" /><E106/><V55/><F37/><W42/><G114/><T86/><D122/><U103/><E32/><V40/><F40/><W75/><G27/><T63/><D6/><U26/><E73/><V79/><F118/><W124/><G75/><T116/><D116/><U28/><E3/><V54/><F79/><W89/><G89/><N who="0" m="51423" /><D39/><U111/><E111/><N who="2" m="42571" /><F20/><W110/><G110/><T107/><D107/><U41/><E41/><V68/><F68/><W70/><G70/><T31/><D31/><U84/><E28/><V8/><F29/><W123/><G123/><T135/><D135/><U46/><E23/><V59/><F51/><W35/><G35/><T93/><D74/><U119/><E133/><V22/><F22/><W18/><G42/><T80/><D30/><U5/><E119/><V52/><F8/><N who="3" m="3115" /><G38/><T102/><D33/><U66/><E4/><V129/><F129/><W117/><G117/><T95/><D25/><U115/><E26/><V21/><F21/><W71/><G71/><T112/><D112/><U134/><E115/><V19/><F19/><W2/><G2/><T99/><D69/><N who="1" m="42183" /><E134/><V43/><F43/><W128/><G128/><T130/><D130/><U113/><E113/><V72/><F72/><W7/><G7/><T132/><D132/><U9/><E5/><V78/><F78/><W76/><G76/><T0/><D0/><U131/><E131/><V61/><F61/><W67/><AGARI ba="1,0" hai="13,15,16,17,18,64,65,67,124,125,126" m="3115" machi="67" ten="40,12000,2" yaku="29,2,28,2,18,1,54,1" doraHai="49" who="3" fromWho="3" sc="190,-31,189,-31,412,-61,209,123" /><INIT seed="3,0,0,0,3,117" ten="159,158,351,332" oya="3" hai0="5,18,8,73,72,12,15,43,114,118,81,83,30" hai1="66,78,19,0,58,112,79,124,9,109,122,47,129" hai2="84,97,105,51,102,65,128,107,24,6,133,101,55" hai3="70,106,92,21,40,35,76,39,31,104,11,96,108"/><W68/><G35/><T100/><D118/><U53/><E112/><V63/><F133/><W17/><G31/><T82/><D114/><U57/><E122/><V130/><F6/><W64/><G11/><N who="0" m="4591" /><D72/><U3/><E3/><V113/><F113/><W7/><G7/><T67/><D73/><U60/><E0/><V115/><F115/><W32/><G32/><T59/><D43/><U4/><E109/><V120/><F120/><W127/><G76/><N who="1" m="29226" /><E129/><V87/><F24/><W26/><G127/><T95/><D30/><U23/><E124/><V90/><F102/><W94/><G108/><T22/><D8/><U123/><E123/><V74/><F107/><W28/><G28/><T36/><D36/><U37/><E37/><V88/><F74/><W125/><G125/><T16/><D18/><U20/><E47/><V119/><F119/><W134/><G134/><T98/><D59/><N who="1" m="37151" /><E4/><V56/><F130/><W52/><G52/><T13/><D67/><U75/><E75/><V86/><REACH who="2" step="1"/><F128/><REACH who="2" ten="159,158,341,332" step="2"/><W121/><G121/><T2/><D2/><U80/><E80/><V33/><F33/><W1/><G1/><T34/><D34/><U103/><E103/><V48/><F48/><W62/><G70/><AGARI ba="0,1" hai="51,55,56,63,65,70,84,86,87,88,90,97,101,105" machi="70" ten="40,2600,0" yaku="1,1,54,1,53,0" doraHai="117" doraHaiUra="77" who="2" fromWho="3" sc="159,0,158,0,341,36,332,-26" owari="159,-24.1,158,-34.2,377,47.7,306,10.6" /></mjloggm>