<mjloggm ver="2.3"><GO type="225" lobby="0"/><UN n0="%E3%83%A9%E3%83%BC%E3%83%A1%E3%83%B3%E4%BA%94%E9%83%8E" n1="%E5%A4%96%E5%B7%9D%E7%AB%9C%E6%88%90" n2="%E5%B7%9D%E7%80%AC%E6%99%BA%E5%AD%90" n3="%6D%75%75%6D%75%72%61" dan="16,16,16,16" rate="2060.93,2177.72,2027.80,2171.15" sx="M,M,M,F"/><TAIKYOKU oya="0"/><INIT seed="0,0,0,3,3,3" ten="250,250,250,250" oya="0" hai0="66,48,28,109,25,52,16,97,134,118,47,7,94" hai1="96,20,10,69,120,33,13,58,103,14,75,91,110" hai2="78,18,4,111,73,17,126,12,29,40,89,8,37" hai3="80,84,11,60,82,19,23,117,83,112,55,106,1"/><T53/><D118/><U50/><E69/><V85/><F111/><W61/><G117/><T36/><D134/><U51/><E33/><V113/><F113/><W34/><G112/><T121/><D121/><U88/><E75/><V114/><F114/><W6/><G106/><T15/><D36/><U38/><E38/><V104/><F104/><W68/><G34/><T35/><D109/><U79/><E79/><V129/><F29/><W67/><G55/><T116/><D116/><U77/><E77/><V76/><F129/><W108/><G60/><T122/><D122/><U130/><E130/><V22/><F126/><W49/><G49/><T92/><D66/><U87/><E103/><V27/><F73/><W64/><G64/><T5/><D53/><N who="1" m="32055" /><E51/><V54/><F54/><W70/><G108/><T107/><D107/><U31/><E10/><V98/><F98/><W72/><G72/><T74/><D74/><U101/><E91/><V21/><F40/><W45/><G45/><T71/><D71/><U9/><E9/><V133/><F133/><W93/><G70/><T95/><REACH who="0" step="1"/><D97/><REACH who="0" ten="240,250,250,250" step="2"/><U123/><E110/><V100/><F37/><W30/><G30/><T46/><D46/><U131/><E131/><V39/><F39/><W128/><G128/><T24/><D24/><N who="1" m="16775" /><E123/><V2/><REACH who="2" step="1"/><F100/><REACH who="2" ten="240,250,240,250" step="2"/><W0/><G67/><T63/><D63/><U59/><E120/><V43/><F43/><W124/><G61/><T32/><D32/><U81/><E59/><V127/><F127/><W62/><G124/><T119/><D119/><U135/><E135/><V42/><F42/><W65/><G65/><RYUUKYOKU ba="0,2" sc="240,10,250,10,240,10,250,-30" hai0="5,7,15,16,25,28,35,47,48,52,92,94,95" hai1="13,14,81,87,88,96,101" hai2="2,4,8,12,17,18,21,22,27,76,78,85,89" /><INIT seed="0,1,2,0,1,30" ten="250,260,250,220" oya="0" hai0="130,17,6,110,84,36,13,73,67,22,24,19,131" hai1="94,9,26,33,5,21,74,50,54,115,128,4,28" hai2="34,57,41,88,120,108,14,18,70,38,71,118,11" hai3="3,66,58,51,116,72,63,15,77,53,61,135,31"/><T49/><D73/><U64/><E74/><V7/><F120/><W10/><G3/><T37/><D110/><U106/><E106/><V8/><F108/><W55/><G116/><T20/><D67/><U45/><E128/><N who="0" m="49193" /><D49/><U102/><E115/><V44/><F118/><W103/><G135/><T76/><D6/><U91/><E64/><V40/><F40/><W78/><G72/><T95/><D95/><U42/><E102/><V25/><F57/><W86/><G31/><T79/><D84/><U119/><E119/><V129/><F129/><W105/><G86/><T93/><D93/><U90/><E4/><V32/><F88/><W48/><G105/><T65/><D65/><U43/><E91/><V113/><F113/><W80/><G103/><T59/><D59/><U68/><E68/><V2/><REACH who="2" step="1"/><F25/><REACH who="2" ten="250,260,240,220" step="2"/><W125/><G78/><AGARI ba="1,3" hai="13,17,19,20,22,24,36,37,76,78,79" m="49193" machi="78" ten="30,1500,0" yaku="19,1" doraHai="30" who="0" fromWho="3" sc="250,48,260,0,240,0,220,-18" /><INIT seed="0,2,0,1,1,13" ten="298,260,240,202" oya="0" hai0="32,8,91,51,59,69,66,90,27,52,16,70,39" hai1="38,61,6,21,53,54,63,22,111,135,5,75,108" hai2="115,46,30,110,118,24,62,133,34,33,4,103,1" hai3="128,134,10,47,126,31,127,83,55,26,84,122,19"/><T78/><D39/><U44/><E44/><V106/><F115/><W73/><G128/><T95/><D32/><U105/><E75/><V120/><F120/><W42/><G122/><T0/><D0/><U96/><E96/><V65/><F34/><W57/><G73/><T112/><D112/><U113/><E113/><V45/><F110/><W49/><G134/><T60/><D70/><U28/><E105/><V79/><F79/><W71/><G71/><T109/><D109/><U102/><E102/><V41/><F133/><W92/><G92/><T125/><D125/><N who="3" m="47625" /><G10/><T48/><D48/><U74/><E74/><V100/><F46/><W9/><G9/><T29/><D78/><U117/><E135/><V67/><F67/><W86/><G83/><T119/><D119/><U129/><E38/><V20/><F106/><W43/><G19/><T72/><D72/><U107/><E107/><V37/><F118/><W85/><G47/><N who="0" m="27775" /><D69/><U121/><E121/><V131/><F4/><W76/><G76/><T80/><D80/><U50/><E117/><V14/><F1/><W23/><AGARI ba="2,0" hai="23,26,31,42,43,49,55,57,84,85,86" m="47625" machi="23" ten="30,1100,0" yaku="18,1" doraHai="13" who="3" fromWho="3" sc="298,-7,260,-5,240,-5,202,17" /><INIT seed="1,0,0,0,5,125" ten="291,255,235,219" oya="1" hai0="12,0,77,129,8,23,11,85,83,6,88,45,21" hai1="24,35,119,13,126,75,62,105,42,117,110,87,123" hai2="4,81,120,52,48,29,43,84,80,106,65,122,92" hai3="70,97,68,124,79,130,121,104,46,39,15,116,134"/><U22/><E75/><V33/><F106/><W73/><RYUUKYOKU type="yao9" ba="0,0" sc="291,0,255,0,235,0,219,0" hai3="15,39,46,68,70,73,79,97,104,116,121,124,130,134" /><INIT seed="1,1,0,3,4,52" ten="291,255,235,219" oya="1" hai0="42,92,84,57,25,31,124,1,100,41,8,130,74" hai1="59,22,97,63,17,9,103,129,117,62,40,30,76" hai2="102,38,85,53,81,132,26,48,13,43,94,46,65" hai3="67,118,82,33,32,68,5,24,64,91,75,21,66"/><U112/><E112/><V83/><F132/><W104/><G68/><T51/><D74/><U127/><E117/><V69/><F26/><W4/><G118/><T86/><D124/><U98/><E127/><V122/><F122/><W60/><G104/><T123/><D130/><U72/><E129/><V93/><F13/><W27/><G32/><T134/><D134/><U125/><E125/><V78/><F102/><W39/><G39/><T106/><D106/><U120/><E120/><V101/><F101/><W111/><G111/><T88/><D100/><U45/><E76/><V29/><F29/><W105/><G105/><T7/><D123/><U77/><E77/><V133/><F133/><W35/><G35/><T87/><D57/><U119/><E72/><V90/><F65/><W70/><G33/><T114/><D114/><U11/><E30/><V3/><F3/><W37/><G37/><T116/><D116/><U12/><E63/><V89/><F69/><W2/><G2/><T135/><D135/><U96/><E103/><V115/><F115/><W0/><G0/><T126/><D126/><U56/><E119/><V121/><F121/><W54/><G70/><T128/><D128/><U109/><E109/><V110/><F110/><W20/><G75/><T73/><D73/><U28/><E62/><V18/><F78/><W10/><G91/><T58/><D31/><U15/><E28/><V44/><REACH who="2" step="1"/><F18/><REACH who="2" ten="291,255,225,219" step="2"/><N who="3" m="12311" /><G67/><T36/><D25/><U61/><E15/><V107/><F107/><W80/><G66/><T131/><D131/><U113/><E113/><V55/><F55/><W50/><G54/><RYUUKYOKU ba="1,1" sc="291,-10,255,-10,225,30,219,-10" hai2="38,43,44,46,48,53,81,83,85,89,90,93,94" /><INIT seed="2,2,1,1,3,56" ten="281,245,255,209" oya="2" hai0="18,24,122,44,29,130,69,34,92,42,74,128,11" hai1="111,28,17,121,81,50,106,14,3,54,129,48,58" hai2="96,65,114,0,135,118,23,134,6,113,101,27,63" hai3="86,115,45,57,49,41,20,43,2,127,78,95,108"/><V71/><F0/><W125/><G108/><T39/><D122/><U68/><E111/><V82/><F6/><W124/><G2/><T97/><D74/><U36/><E36/><V88/><F118/><W123/><G123/><T35/><D69/><U73/><E121/><V105/><F82/><N who="3" m="47447" /><G115/><T4/><D18/><U32/><E3/><V60/><F88/><W67/><G95/><T33/><D11/><U12/><E106/><V31/><REACH who="2" step="1"/><F60/><REACH who="2" ten="281,245,245,209" step="2"/><N who="3" m="38287" /><G20/><T90/><D4/><U77/><E81/><V38/><F38/><W116/><G116/><T131/><AGARI ba="2,2" hai="24,29,33,34,35,39,42,44,90,92,97,128,130,131" machi="131" ten="30,2000,0" yaku="0,1,19,1" doraHai="56" who="0" fromWho="0" sc="281,46,245,-7,245,-12,209,-7" /><INIT seed="3,0,0,2,4,40" ten="327,238,233,202" oya="3" hai0="37,38,101,67,112,17,48,79,25,134,135,9,44" hai1="93,104,52,59,84,97,41,86,15,68,13,83,61" hai2="82,110,22,92,89,120,106,122,57,63,6,42,100" hai3="56,96,65,128,121,119,11,39,77,23,54,95,34"/><W51/><G119/><T4/><D112/><U69/><E104/><V94/><F110/><W27/><G121/><N who="2" m="46697" /><F42/><W26/><G128/><T88/><D101/><N who="1" m="60591" /><E69/><V70/><F70/><W108/><G108/><T103/><D103/><U66/><E68/><V126/><F6/><W74/><G39/><T99/><D79/><N who="1" m="46207" /><E41/><V31/><F126/><W115/><G115/><T53/><D67/><U36/><E36/><V45/><F45/><W18/><G65/><T29/><D17/><U102/><E102/><V19/><F31/><W118/><G118/><T12/><D88/><U132/><E132/><N who="0" m="50729" /><D99/><U85/><E66/><N who="2" m="39279" /><F82/><W21/><G77/><T124/><D124/><U5/><E5/><V46/><F106/><W109/><G109/><T55/><D55/><U58/><E58/><V33/><F100/><N who="3" m="60447" /><G74/><T64/><D64/><U35/><E35/><AGARI ba="0,0" hai="4,9,12,25,29,35,37,38,44,48,53" m="50729" machi="35" ten="30,2000,0" yaku="20,1,52,1" doraHai="40" who="0" fromWho="1" sc="327,20,238,-20,233,0,202,0" owari="347,44.7,218,-18.2,233,3.3,202,-29.8" /></mjloggm>