<mjloggm ver="2.3"><GO type="225" lobby="0"/><UN n0="%77%72%77%72%77%72%77%72" n1="%E3%81%B5%E3%81%98%E3%81%8B%E3%81%A4" n2="%61%74%73%75%74%6F%64%6F" n3="%2D%E8%B1%8A%E5%8F%A3%E3%82%81%E3%81%90%E3%81%BF%2D" dan="17,16,16,17" rate="2202.20,2171.86,2098.81,2198.49" sx="M,M,M,F"/><TAIKYOKU oya="0"/><INIT seed="0,0,0,4,5,13" ten="250,250,250,250" oya="0" hai0="128,9,52,43,27,33,6,77,104,80,123,86,98" hai1="34,101,23,103,56,35,74,47,83,21,51,110,64" hai2="25,15,109,105,10,132,88,14,133,120,124,76,106" hai3="44,36,59,112,89,8,45,70,107,72,63,2,68"/><T19/><D123/><U93/><E110/><V111/><F120/><W55/><G107/><N who="2" m="40969" /><F76/><W85/><G72/><T53/><D128/><U5/><E5/><V4/><F124/><W31/><G31/><T28/><D43/><U84/><E74/><V60/><F25/><W90/><G112/><T100/><REACH who="0" step="1"/><D19/><REACH who="0" ten="240,250,250,250" step="2"/><U131/><E131/><V20/><F111/><W37/><G37/><T66/><D66/><U50/><E64/><V129/><F109/><W38/><G38/><T67/><D67/><U119/><E119/><V42/><F42/><W116/><G36/><T11/><D11/><U1/><E35/><V73/><F129/><W69/><G8/><T94/><D94/><U130/><E93/><V48/><F10/><W39/><G39/><T62/><D62/><U117/><E34/><V30/><F60/><W95/><G116/><T108/><D108/><U91/><E117/><V96/><F48/><W40/><G40/><T118/><D118/><U126/><E126/><V65/><F65/><W41/><G41/><T97/><D97/><U127/><E127/><V57/><F96/><W0/><G95/><T26/><D26/><U18/><E130/><V81/><F133/><W135/><G135/><T17/><D17/><U79/><E51/><V134/><F132/><W113/><G63/><T99/><D99/><U7/><E18/><N who="2" m="10327" /><F134/><W32/><G32/><T46/><D46/><U122/><E47/><V121/><F121/><W24/><G24/><T58/><D58/><U115/><E56/><V102/><F57/><W3/><G59/><T54/><D54/><U92/><E122/><RYUUKYOKU ba="0,1" sc="240,30,250,-10,250,-10,250,-10" hai0="6,9,27,28,33,52,53,77,80,86,98,100,104" /><INIT seed="0,1,1,3,1,131" ten="270,240,240,240" oya="0" hai0="96,79,97,18,87,31,129,74,0,27,33,10,38" hai1="44,95,110,30,107,112,120,6,46,59,122,50,22" hai2="108,111,71,128,82,125,13,16,9,60,114,34,135" hai3="116,17,115,51,123,57,3,2,12,106,105,29,14"/><T134/><D129/><U77/><E107/><V92/><F128/><W28/><G116/><T75/><D38/><U102/><E77/><V19/><F114/><W43/><G115/><T25/><D134/><U4/><E46/><V47/><F34/><W72/><G72/><T65/><D65/><U63/><E112/><V24/><F135/><W26/><G43/><T89/><D79/><U53/><E110/><N who="2" m="42027" /><F47/><W37/><G51/><T64/><D64/><N who="1" m="39039" /><E122/><V109/><F125/><W83/><G57/><T1/><D74/><U85/><E120/><V39/><F39/><W61/><G61/><T45/><D75/><U80/><E80/><V88/><F82/><W76/><G83/><T48/><D0/><U94/><E102/><V113/><F113/><W93/><G76/><T100/><D100/><U103/><E103/><V127/><F127/><W23/><G37/><T8/><D1/><U101/><E95/><V84/><N who="2" m="42035" /><V91/><DORA hai="42" /><F91/><W15/><G93/><T68/><D68/><U69/><E69/><V117/><F117/><W11/><G106/><T124/><D124/><U62/><E62/><V54/><F71/><W86/><G105/><T132/><D132/><U55/><E55/><V73/><F73/><W5/><G86/><T58/><D45/><U56/><E56/><N who="2" m="34839" /><F24/><N who="3" m="16415" /><G123/><T41/><D58/><U119/><E119/><V81/><F81/><W126/><G126/><T40/><D41/><U52/><E53/><V20/><F20/><N who="3" m="11327" /><G2/><T121/><D121/><U99/><E85/><V130/><F130/><W78/><G78/><T36/><D36/><U49/><E49/><RYUUKYOKU ba="1,1" sc="270,-30,240,10,240,10,240,10" hai1="4,6,22,30,44,50,52,94,99,101" hai2="9,13,16,19,84,88,92" hai3="3,5,11,12,14,26,29" /><INIT seed="1,2,1,5,1,1" ten="240,250,250,250" oya="1" hai0="42,26,11,99,125,15,109,17,50,27,30,13,83" hai1="110,49,105,104,10,121,120,39,25,118,98,128,93" hai2="4,129,65,97,20,102,79,134,92,34,24,90,133" hai3="37,58,68,8,91,32,53,41,84,116,51,12,46"/><U107/><E39/><V33/><F129/><W9/><G32/><T18/><D109/><U16/><E118/><V126/><F79/><W54/><G116/><T115/><D115/><U45/><E128/><V87/><F65/><W73/><G73/><T96/><D125/><U100/><E110/><V72/><F72/><W29/><G29/><T113/><D113/><U22/><REACH who="1" step="1"/><E10/><REACH who="1" ten="240,240,250,250" step="2"/><V85/><F126/><W77/><G9/><T64/><D11/><U56/><E56/><V119/><F119/><W89/><G68/><T130/><D130/><U35/><E35/><V94/><F34/><W124/><G124/><T19/><D30/><U6/><E6/><V60/><F4/><W69/><G69/><T2/><D2/><U44/><E44/><V36/><F36/><W106/><G37/><T78/><D26/><U47/><E47/><V43/><F33/><W40/><G58/><T132/><D27/><U95/><E95/><V101/><F24/><W23/><G23/><T48/><D13/><U131/><E131/><V81/><F20/><W114/><G114/><T103/><D15/><U52/><AGARI ba="2,2" hai="16,22,25,45,49,52,93,98,100,104,105,107,120,121" machi="52" ten="30,11700,0" yaku="1,1,0,1,54,2,53,0" doraHai="1" doraHaiUra="62" who="1" fromWho="1" sc="240,-41,240,143,250,-41,250,-41" /><INIT seed="1,3,0,4,0,127" ten="199,383,209,209" oya="1" hai0="60,125,93,6,130,51,18,0,98,43,95,54,89" hai1="75,47,66,128,46,65,90,45,122,59,109,113,94" hai2="135,82,17,78,68,32,64,49,91,21,133,71,86" hai3="31,81,12,83,15,126,10,61,102,5,115,104,124"/><U101/><E122/><V42/><F32/><W131/><G115/><T33/><D33/><U85/><E113/><V118/><F118/><W55/><G31/><T35/><D35/><U20/><E75/><V1/><F1/><W36/><G36/><T120/><D125/><N who="3" m="48233" /><G102/><T4/><D120/><U34/><E34/><V97/><F64/><W111/><G104/><T106/><D106/><U27/><E109/><V16/><F17/><W123/><G123/><T119/><D0/><U57/><E128/><V3/><F3/><W84/><G111/><T108/><D119/><U50/><E101/><V116/><F116/><W58/><G15/><T62/><D130/><U63/><E50/><V76/><F97/><W39/><G39/><T26/><D43/><U28/><E65/><V87/><F71/><W25/><G25/><T73/><D73/><U70/><AGARI ba="3,0" hai="20,27,28,45,46,47,57,59,63,66,70,85,90,94" machi="70" ten="30,1500,0" yaku="0,1" doraHai="127" who="1" fromWho="1" sc="199,-8,383,24,209,-8,209,-8" /><INIT seed="1,4,0,5,0,9" ten="191,407,201,201" oya="1" hai0="107,88,19,46,36,70,111,134,38,4,68,30,92" hai1="62,124,117,76,7,101,16,118,33,61,109,79,43" hai2="28,12,20,116,66,123,122,59,69,71,84,131,97" hai3="86,15,106,48,0,87,95,100,135,126,23,73,128"/><U57/><E33/><V133/><F116/><W31/><G0/><T54/><D107/><U24/><E7/><V17/><F133/><W65/><G73/><T55/><D134/><U10/><E43/><V119/><F119/><W104/><G135/><T114/><D114/><U58/><E109/><V41/><F41/><W108/><G108/><T125/><D30/><U132/><E101/><V93/><F28/><W13/><G104/><T29/><D29/><U105/><E105/><V113/><F113/><W130/><G65/><T51/><D4/><U64/><E132/><V77/><F59/><W60/><G60/><T82/><D82/><U85/><E124/><V80/><F131/><N who="3" m="50219" /><G126/><T44/><D125/><U89/><E76/><V25/><F25/><N who="3" m="16831" /><G48/><T39/><D111/><U1/><E79/><V53/><F53/><W72/><G72/><T103/><D103/><U78/><E78/><V50/><F50/><W75/><G75/><T120/><D120/><U112/><E1/><V3/><F3/><W98/><G106/><T52/><D19/><U115/><E115/><V40/><F40/><W96/><G98/><T99/><REACH who="0" step="1"/><D51/><REACH who="0" ten="181,407,201,201" step="2"/><U22/><E112/><V45/><F123/><W27/><G27/><T2/><D2/><U14/><E118/><V5/><F122/><W49/><G49/><T18/><D18/><U121/><E117/><V56/><F5/><W35/><G35/><T8/><D8/><U90/><E10/><V83/><F45/><AGARI ba="4,1" hai="36,38,39,44,45,46,52,54,55,68,70,88,92,99" machi="45" ten="50,6400,0" yaku="1,1,54,2,53,0" doraHai="9" doraHaiUra="81" who="0" fromWho="2" sc="181,86,407,0,201,-76,201,0" /><INIT seed="2,0,0,1,1,86" ten="267,407,125,201" oya="2" hai0="1,55,15,44,51,112,37,90,118,12,63,24,106" hai1="116,103,67,52,31,74,128,78,71,109,92,48,108" hai2="101,105,3,65,38,40,36,127,126,82,77,34,120" hai3="39,117,11,57,102,5,93,56,94,49,121,84,59"/><V76/><F120/><W130/><G117/><T89/><D112/><U80/><E31/><V115/><F115/><W27/><G39/><N who="2" m="14889" /><F40/><W28/><G121/><T9/><D106/><U64/><E116/><V10/><F34/><W4/><G130/><T72/><D72/><U73/><E73/><N who="2" m="43279" /><F77/><W43/><G102/><T13/><D118/><U110/><E128/><V62/><F101/><W81/><G43/><T20/><D37/><U129/><E71/><N who="2" m="42423" /><F105/><W79/><G49/><T22/><D63/><U18/><E18/><V97/><F97/><W66/><G66/><T23/><D24/><U96/><E129/><V133/><F133/><W124/><G124/><T132/><D132/><U58/><AGARI ba="0,0" hai="48,52,58,64,67,74,78,80,92,96,103,108,109,110" machi="58" ten="30,4000,0" yaku="0,1,14,1,54,1" doraHai="86" who="1" fromWho="1" sc="267,-10,407,40,125,-20,201,-10" /><INIT seed="3,0,0,1,3,10" ten="257,447,105,191" oya="3" hai0="43,50,11,130,108,74,4,55,85,87,65,86,0" hai1="90,58,121,81,59,2,95,54,99,49,56,27,109" hai2="133,127,125,26,134,51,61,46,100,118,42,9,128" hai3="129,105,89,48,41,23,106,66,131,68,12,97,34"/><W1/><G1/><T44/><D74/><U104/><E109/><V76/><F26/><W45/><G34/><T47/><D108/><U32/><E121/><V7/><F100/><W82/><G66/><T57/><D130/><N who="3" m="49673" /><G68/><T116/><D116/><U111/><E2/><V114/><F128/><W30/><G30/><T77/><D65/><U72/><E104/><V78/><F118/><W98/><G82/><T135/><D135/><U94/><E94/><V35/><F35/><W119/><G119/><T39/><D47/><U5/><E5/><V110/><F110/><W60/><G60/><T19/><D19/><U123/><E111/><V112/><F78/><W29/><G29/><T64/><D64/><U14/><E123/><V70/><F76/><W102/><G89/><T53/><D53/><U52/><E72/><V17/><F17/><N who="3" m="10663" /><G98/><T31/><D31/><U3/><E81/><V69/><F9/><W62/><G62/><T73/><D87/><U75/><E75/><V126/><F7/><W101/><G101/><T13/><D0/><U25/><E3/><V63/><F63/><W88/><G102/><T79/><D79/><U96/><E32/><V80/><F80/><W15/><G15/><T20/><D20/><U83/><E99/><V38/><F38/><W40/><G41/><T107/><D107/><U84/><E54/><V120/><F120/><W103/><G103/><T8/><D8/><U16/><E96/><V37/><F37/><W132/><G132/><N who="2" m="50793" /><F61/><W36/><G36/><T22/><D22/><N who="1" m="11543" /><E83/><V21/><F21/><W67/><G106/><T28/><D73/><RYUUKYOKU ba="0,0" sc="257,-15,447,15,105,15,191,-15" hai1="25,27,49,52,56,58,59,84,90,95" hai2="42,46,51,69,70,112,114,125,126,127" owari="242,4.2,462,56.2,120,-38.0,176,-22.4" /></mjloggm>