<mjloggm ver="2.3"><GO type="225" lobby="0"/><UN n0="%E5%AF%82%E5%AF%9E%E3%82%AE%E3%83%8D%E3%82%B9%E3%83%93%E3%83%BC%E3%83%AB" n1="%E6%97%A5%E6%9B%9C%E6%97%A5%E3%82%88%E3%82%8A%E3%81%AE%E4%BD%BF%E8%80%85" n2="%E7%AD%89%E3%80%85%E5%8A%9B%E5%8A%87%E5%A0%B4" n3="%E3%81%B2%E3%81%AA%E3%81%AE%E3%82%8A%E3%81%8F" dan="16,18,16,17" rate="2119.68,2134.84,2139.09,2211.01" sx="M,M,M,M"/><TAIKYOKU oya="0"/><INIT seed="0,0,0,2,1,126" ten="250,250,250,250" oya="0" hai0="75,117,63,19,111,130,10,128,12,46,37,124,18" hai1="102,42,28,78,98,60,68,80,97,91,3,93,76" hai2="133,35,70,13,119,116,57,14,71,31,39,113,135" hai3="53,90,100,134,30,54,112,41,61,125,104,82,131"/><T66/><D117/><N who="2" m="45130" /><F39/><W87/><G30/><T64/><D75/><U84/><E3/><V17/><F57/><W95/><G41/><N who="0" m="22831" /><D124/><U25/><E42/><V0/><F113/><W58/><G112/><T109/><D19/><U99/><E68/><N who="2" m="26155" /><F0/><W96/><G134/><N who="2" m="51209" /><F17/><W27/><G125/><T85/><D85/><U89/><E60/><V118/><N who="2" m="45138" /><V32/><DORA hai="123" /><F31/><W72/><G54/><T122/><D122/><U33/><REACH who="1" step="1"/><E98/><REACH who="1" ten="250,240,250,250" step="2"/><V26/><F26/><W73/><G27/><T24/><D24/><U15/><E15/><AGARI ba="0,1" hai="13,14,15,32,35" m="51209,26155,45138" machi="15" ten="50,8000,1" yaku="28,2,12,1,20,1" doraHai="126,123" who="2" fromWho="1" sc="250,0,240,-80,250,90,250,0" /><INIT seed="1,0,0,1,3,72" ten="250,160,340,250" oya="1" hai0="43,58,109,84,40,51,63,73,108,70,56,131,68" hai1="120,16,81,93,75,114,15,94,128,2,85,135,46" hai2="23,96,123,25,134,6,21,52,102,54,103,107,98" hai3="13,113,18,59,132,8,12,57,50,89,44,1,130"/><U42/><E2/><V9/><F123/><W5/><G113/><T10/><D73/><U34/><E34/><V49/><F134/><W60/><G130/><T106/><D106/><U37/><E120/><V95/><F49/><W124/><G124/><T35/><D10/><U99/><E114/><V30/><REACH who="2" step="1"/><F23/><REACH who="2" ten="250,160,330,250" step="2"/><W7/><G50/><T117/><D35/><U0/><E135/><V14/><AGARI ba="0,1" hai="6,9,14,21,25,30,52,54,95,96,98,102,103,107" machi="14" ten="20,8000,1" yaku="1,1,2,1,0,1,7,1,54,1,53,0" doraHai="72" doraHaiUra="126" who="2" fromWho="2" sc="250,-20,160,-40,330,90,250,-20" /><INIT seed="2,0,0,4,3,3" ten="230,120,420,230" oya="2" hai0="59,106,135,77,29,42,39,120,50,6,84,94,47" hai1="110,28,49,130,131,2,27,108,122,53,132,116,66" hai2="133,69,105,78,65,4,45,90,24,111,9,91,60" hai3="33,126,36,48,127,43,119,1,104,25,76,102,89"/><V55/><F105/><W75/><G36/><T40/><D120/><U68/><E2/><V19/><F133/><W46/><G1/><T128/><D106/><U52/><E27/><V107/><F107/><W8/><G89/><T124/><D135/><U121/><E28/><V112/><F112/><W5/><G119/><T129/><D124/><U63/><E132/><V0/><F111/><N who="1" m="42537" /><E116/><V113/><F113/><W32/><G76/><T21/><D21/><U23/><E23/><V86/><F19/><W134/><G75/><T61/><D29/><U85/><E85/><V15/><F24/><W96/><G25/><T98/><D6/><U11/><E11/><V34/><F34/><W70/><G70/><T74/><D84/><U17/><E17/><V72/><F72/><W117/><G117/><T58/><D77/><U97/><E97/><V31/><F31/><W30/><G30/><T88/><D74/><U114/><E114/><V57/><F0/><N who="3" m="39" /><G134/><T100/><D88/><U38/><E38/><V12/><F12/><W79/><G79/><T35/><D35/><U93/><E93/><V10/><F10/><W13/><G13/><T123/><D94/><U82/><E82/><V64/><F78/><W81/><G81/><T14/><D14/><U71/><E71/><V54/><F69/><W92/><G104/><T20/><D20/><U41/><E41/><V22/><F22/><W16/><G16/><T95/><D42/><U109/><N who="1" m="42545" /><U18/><DORA hai="37" /><E18/><V103/><F103/><W101/><G102/><T51/><D100/><U83/><E83/><N who="2" m="49503" /><F91/><W99/><G99/><RYUUKYOKU ba="0,0" sc="230,-15,120,-15,420,15,230,15" hai2="4,9,15,45,54,55,57,60,64,65" hai3="32,33,43,46,48,92,96,101,126,127" /><INIT seed="2,1,0,2,5,123" ten="215,105,435,245" oya="2" hai0="47,3,25,39,60,126,75,117,92,58,63,53,76" hai1="100,38,5,51,71,70,68,95,104,128,129,87,32" hai2="1,96,27,121,59,12,113,35,62,91,135,101,24" hai3="108,33,114,125,36,43,21,111,69,34,77,79,124"/><V94/><F121/><W40/><G69/><T49/><D3/><U130/><E38/><V83/><F1/><W7/><G7/><T86/><D126/><N who="3" m="48745" /><G114/><T98/><D75/><U73/><E73/><V18/><F113/><W109/><G21/><T66/><D117/><U102/><E32/><N who="3" m="12394" /><G36/><T14/><D25/><U10/><E104/><V64/><F135/><W2/><G2/><T74/><D74/><U90/><REACH who="1" step="1"/><E51/><REACH who="1" ten="215,95,435,245" step="2"/><V119/><F35/><W131/><G131/><T41/><D39/><U80/><E80/><V55/><F119/><W97/><G97/><T13/><D86/><U50/><E50/><V11/><F83/><W81/><G81/><T31/><D49/><U105/><E105/><V28/><F96/><W6/><G6/><T84/><D98/><U85/><E85/><V107/><F107/><W0/><G0/><AGARI ba="1,1" hai="0,5,10,68,70,71,87,90,95,100,102,128,129,130" machi="0" ten="50,3200,0" yaku="1,1,19,1,53,0" doraHai="123" doraHaiUra="23" who="1" fromWho="3" sc="215,0,95,45,435,0,245,-35" /><INIT seed="3,0,0,0,2,49" ten="215,140,435,210" oya="3" hai0="91,109,37,47,71,56,87,121,5,114,50,0,77" hai1="53,8,28,42,128,100,104,29,115,129,103,93,63" hai2="76,106,25,11,62,31,10,79,43,1,118,57,38" hai3="116,39,101,64,2,94,82,27,123,90,80,32,84"/><W34/><G116/><T131/><D121/><U54/><E115/><V65/><F106/><W24/><G2/><T134/><D71/><U132/><E104/><V67/><F118/><W26/><G39/><T61/><D37/><U13/><E42/><V45/><F67/><W85/><G64/><T44/><D77/><U51/><E132/><V119/><F119/><W112/><G112/><T135/><D131/><N who="1" m="50251" /><E63/><V40/><F40/><W46/><G123/><T125/><D125/><U95/><E51/><V23/><F11/><W15/><G46/><T12/><D0/><U133/><E133/><N who="0" m="50697" /><D50/><U81/><E81/><V105/><F105/><W75/><G75/><T124/><D109/><U55/><E95/><V30/><F30/><N who="1" m="11881" /><E93/><V111/><F111/><W3/><G3/><T102/><D114/><U108/><E108/><V17/><F1/><W18/><G94/><N who="0" m="54655" /><D102/><U4/><AGARI ba="0,0" hai="4,8,13,53,54,55,100,103" m="11881,50251" machi="4" ten="40,8000,1" yaku="19,1,52,3" doraHai="49" who="1" fromWho="1" sc="215,-20,140,80,435,-20,210,-40" owari="195,-20.5,220,2.0,415,51.5,170,-33.0" /></mjloggm>