<mjloggm ver="2.3"><GO type="225" lobby="0"/><UN n0="%6D%61%74%69%67%75%73%61" n1="%E5%8D%A0%E3%81%84%E5%B8%AB%E8%A3%8F%E3%81%AA%E3%81%84%E3%81%97" n2="%E5%B8%86%E7%AB%8B%E5%A4%8F%E8%A1%A3" n3="%6E%69%63%6F%6E%74%6F" dan="17,17,17,16" rate="2182.34,2181.85,2184.95,2147.94" sx="M,M,M,M"/><TAIKYOKU oya="0"/><INIT seed="0,0,0,3,2,59" ten="250,250,250,250" oya="0" hai0="26,48,104,23,79,51,70,4,131,60,71,39,66" hai1="122,57,116,27,96,12,84,0,7,107,99,2,86" hai2="88,124,49,77,115,81,67,54,123,16,40,74,118" hai3="21,61,108,25,34,30,102,43,114,72,90,68,31"/><T113/><D113/><U44/><E116/><V5/><F115/><W73/><G114/><T13/><D39/><U82/><E122/><V101/><F123/><W135/><G43/><T87/><D104/><U85/><E44/><V42/><F124/><W65/><G135/><T24/><D131/><U98/><E107/><V75/><F75/><W14/><G108/><T17/><D70/><U133/><E133/><V95/><F101/><W128/><G128/><T47/><D4/><U56/><E27/><V62/><F5/><W1/><G1/><T53/><REACH who="0" step="1"/><D51/><REACH who="0" ten="240,250,250,250" step="2"/><U29/><E7/><V134/><F134/><W94/><G102/><T19/><D19/><U126/><E126/><V50/><F16/><W100/><G100/><T78/><D78/><U37/><E37/><V69/><F50/><W64/><G31/><T130/><D130/><U46/><E29/><V33/><F118/><W3/><G3/><T120/><D120/><U93/><E0/><V119/><F119/><W22/><G34/><T9/><D9/><U117/><E2/><V125/><F33/><W35/><G35/><T38/><D38/><U41/><E117/><V18/><F18/><W91/><G68/><T6/><D6/><U52/><E82/><AGARI ba="0,1" hai="13,17,23,24,26,47,48,53,60,66,71,79,82,87" machi="82" ten="40,7700,0" yaku="1,1,52,1,53,1" doraHai="59" doraHaiUra="58" who="0" fromWho="1" sc="240,87,250,-77,250,0,250,0" /><INIT seed="0,1,0,3,5,84" ten="327,173,250,250" oya="0" hai0="32,100,45,54,29,116,59,23,133,101,95,80,129" hai1="52,50,51,102,106,124,121,41,66,37,130,104,17" hai2="60,114,53,72,76,93,120,39,97,62,107,44,118" hai3="69,33,10,125,70,3,85,126,78,105,135,122,5"/><T58/><D116/><U112/><E121/><V49/><F114/><W13/><G105/><T89/><D32/><U56/><E112/><V20/><F120/><W1/><G122/><T81/><D129/><U43/><E130/><V57/><F118/><W42/><G33/><T16/><D29/><U90/><E124/><N who="3" m="47722" /><G42/><T74/><D45/><U22/><E37/><V71/><F107/><W99/><G99/><N who="0" m="57839" /><D74/><U63/><E104/><V35/><F35/><W6/><G135/><T40/><D40/><U11/><E11/><V26/><F39/><W91/><G78/><T132/><D58/><U111/><E111/><V103/><F71/><N who="3" m="27147" /><G6/><T12/><D132/><U2/><E2/><V30/><F72/><W79/><G79/><T127/><D133/><U14/><E106/><V86/><F44/><W65/><G65/><T9/><D9/><U15/><E102/><N who="0" m="39529" /><D127/><U31/><E41/><V128/><F128/><W96/><G96/><T55/><D55/><U25/><E43/><V67/><F67/><W46/><G46/><T34/><D34/><U110/><E110/><V7/><F7/><W68/><N who="3" m="27155" /><W8/><DORA hai="134" /><G8/><T18/><D18/><U64/><E64/><V88/><F103/><W61/><G61/><AGARI ba="1,0" hai="12,16,23,54,59,61,80,81" m="39529,57839" machi="61" ten="30,5800,0" yaku="8,1,52,1,54,1" doraHai="84,134" who="0" fromWho="3" sc="327,61,173,0,250,0,250,-61" /><INIT seed="0,2,0,1,5,100" ten="388,173,250,189" oya="0" hai0="103,128,120,130,39,44,73,51,47,31,28,18,34" hai1="64,132,38,83,7,9,23,114,27,82,62,102,35" hai2="105,53,32,131,63,17,16,79,118,90,113,66,30" hai3="25,21,80,110,135,107,15,117,101,11,13,125,93"/><T119/><D119/><U37/><E132/><V0/><F113/><W24/><G117/><T77/><D120/><U87/><E35/><V86/><F0/><W19/><G107/><T50/><D39/><U22/><E114/><V70/><F131/><N who="0" m="50218" /><D18/><U3/><E102/><V41/><F41/><W61/><G110/><T46/><D103/><U124/><E82/><V71/><F105/><W2/><G135/><T69/><D69/><U126/><E126/><V92/><F71/><W75/><G125/><T65/><D65/><U4/><E4/><V94/><F118/><W56/><G2/><T116/><D116/><U72/><E72/><V55/><F79/><W57/><G80/><N who="0" m="45103" /><D34/><U6/><E6/><V36/><F36/><W97/><G75/><T42/><D46/><U98/><E124/><V112/><F112/><W122/><G122/><T54/><AGARI ba="2,0" hai="28,31,42,44,47,50,51,54" m="45103,50218" machi="54" ten="30,1500,0" yaku="19,1" doraHai="100" who="0" fromWho="0" sc="388,21,173,-7,250,-7,189,-7" /><INIT seed="0,3,0,4,4,27" ten="409,166,243,182" oya="0" hai0="58,134,105,17,16,57,91,4,69,89,132,79,44" hai1="53,10,87,93,49,85,97,50,75,108,47,67,21" hai2="122,51,102,65,83,33,68,82,23,41,100,48,62" hai3="113,117,32,63,92,71,29,123,107,109,119,14,15"/><T90/><D69/><U74/><E108/><V25/><F122/><W60/><G92/><T36/><D105/><U86/><E67/><V106/><F100/><W37/><G113/><T110/><D4/><U95/><E10/><V112/><F112/><W131/><G109/><T116/><D79/><U66/><E66/><V78/><F41/><W34/><G37/><T56/><D110/><U30/><E49/><V43/><F43/><W28/><G131/><T99/><D99/><U2/><E2/><V128/><F128/><W72/><G72/><T9/><D9/><U18/><E93/><V13/><F13/><W22/><G22/><T133/><D116/><U70/><E70/><V96/><F23/><W31/><G31/><T115/><D115/><U135/><E135/><V45/><F45/><W40/><G71/><T84/><D84/><U120/><E120/><V24/><F24/><W104/><REACH who="3" step="1"/><G40/><AGARI ba="3,0" hai="16,17,36,40,44,56,57,58,89,90,91,132,133,134" machi="40" ten="50,12000,1" yaku="29,2,20,1,54,1" doraHai="27" who="0" fromWho="3" sc="409,129,166,0,243,0,182,-129" /><INIT seed="0,4,0,5,2,72" ten="538,166,243,53" oya="0" hai0="30,57,38,113,69,15,59,29,0,100,121,99,98" hai1="126,49,26,16,54,48,37,81,74,11,3,70,134" hai2="124,89,64,66,133,91,43,19,84,62,17,92,24" hai3="122,76,114,20,88,85,23,131,73,7,34,39,110"/><T1/><D69/><U12/><E37/><V31/><F124/><W128/><G114/><T125/><D38/><U119/><E119/><V129/><F133/><W45/><G34/><T87/><D113/><U103/><E134/><V104/><F104/><W36/><G110/><T96/><D100/><U60/><E126/><V13/><F129/><N who="3" m="49739" /><G7/><T118/><D125/><U51/><E3/><N who="0" m="1097" /><D87/><U35/><E103/><V132/><F132/><W55/><G122/><T102/><D102/><U95/><E95/><V27/><F43/><N who="3" m="22759" /><G55/><T47/><D47/><U10/><E70/><V83/><F31/><N who="0" m="11786" /><D15/><U41/><E54/><V67/><F62/><W79/><G39/><T101/><D101/><U127/><E60/><V14/><F14/><W44/><G44/><T5/><D5/><U8/><E127/><V123/><F123/><W97/><G97/><T94/><D121/><U106/><E41/><V80/><F13/><W112/><G112/><T28/><D28/><N who="1" m="19863" /><E106/><V42/><F42/><W50/><G50/><T4/><D4/><U53/><E53/><V6/><F6/><W105/><G105/><T56/><D94/><U117/><E117/><AGARI ba="4,0" hai="56,57,59,96,98,99,117,118" m="11786,1097" machi="117" ten="40,3900,0" yaku="28,2" doraHai="72" who="0" fromWho="1" sc="538,51,166,-51,243,0,53,0" /><INIT seed="0,5,0,1,3,84" ten="589,115,243,53" oya="0" hai0="135,121,83,126,28,14,55,105,90,27,77,1,110" hai1="107,64,19,100,40,47,11,112,73,3,82,22,125" hai2="7,128,78,103,62,36,25,114,117,50,131,133,98" hai3="65,95,34,123,108,63,17,46,87,41,13,60,52"/><T79/><D121/><U32/><E125/><V4/><F36/><W35/><G108/><T109/><D1/><U26/><E112/><V70/><F114/><W120/><G120/><T12/><D105/><U97/><E64/><N who="2" m="41239" /><F133/><W37/><G123/><T104/><D104/><U0/><E32/><V5/><F117/><W67/><G67/><T53/><D126/><U2/><E73/><V10/><F78/><N who="0" m="29706" /><D135/><U43/><E82/><V59/><F59/><W130/><G130/><N who="2" m="49705" /><F50/><W58/><G63/><T75/><D75/><U16/><REACH who="1" step="1"/><E47/><REACH who="1" ten="589,105,243,53" step="2"/><V18/><F25/><W81/><G65/><T68/><D27/><U20/><E20/><V124/><F124/><W113/><G113/><T15/><D83/><U88/><E88/><V134/><F134/><W93/><G35/><T69/><D90/><U92/><E92/><N who="2" m="58823" /><F18/><W102/><G34/><T96/><D28/><U86/><E86/><V74/><F74/><W54/><G102/><T42/><D96/><U29/><E29/><V39/><F39/><W127/><G127/><T24/><D24/><U57/><E57/><V106/><F106/><W66/><G95/><T99/><D99/><U30/><E30/><V89/><F89/><W48/><G93/><T38/><D69/><U72/><E72/><V33/><F33/><W118/><G37/><T101/><D68/><U122/><E122/><V132/><F132/><W8/><G118/><T45/><D101/><U49/><E49/><V76/><F76/><AGARI ba="5,1" hai="8,13,17,41,46,48,52,54,58,60,66,76,81,87" machi="76" ten="30,3900,0" yaku="7,1,8,1,54,1" doraHai="84" who="3" fromWho="2" sc="589,0,105,0,243,-54,53,64" /><INIT seed="1,0,0,2,1,122" ten="589,105,189,117" oya="1" hai0="38,43,44,31,78,12,84,88,68,120,71,8,13" hai1="0,73,2,85,95,127,133,17,125,9,108,16,4" hai2="23,103,29,124,101,21,6,119,51,121,98,35,100" hai3="115,107,94,111,59,87,7,90,66,32,110,45,60"/><U27/><E73/><V3/><F121/><W74/><G32/><T113/><D120/><U97/><E133/><V83/><F119/><W34/><G34/><T49/><D113/><U58/><E0/><V24/><F124/><N who="1" m="47689" /><E85/><V72/><F98/><W48/><G115/><T106/><D106/><U81/><E81/><V96/><F96/><W102/><G107/><T114/><D114/><U54/><E27/><V99/><F99/><W5/><G102/><T36/><D78/><U50/><E108/><N who="3" m="41514" /><G74/><T79/><D79/><U57/><E57/><V41/><F72/><W132/><G132/><T52/><D12/><U118/><E118/><V53/><F83/><W18/><G18/><T129/><D31/><U55/><E55/><AGARI ba="0,0" hai="5,7,45,48,55,59,60,66,87,90,94" m="41514" machi="55" ten="30,7700,0" yaku="14,1,52,3" doraHai="122" who="3" fromWho="1" sc="589,0,105,-77,189,0,117,77" /><INIT seed="2,0,0,1,2,86" ten="589,28,189,194" oya="2" hai0="111,49,32,46,48,33,35,60,10,39,16,34,53" hai1="56,55,13,126,81,9,92,96,63,107,21,108,29" hai2="87,99,71,40,45,124,80,130,98,123,83,103,50" hai3="121,65,54,116,72,42,43,27,1,30,44,28,135"/><V24/><F123/><W8/><G121/><T113/><D113/><U47/><E108/><V102/><F124/><W109/><G109/><T134/><D111/><U100/><E126/><V36/><F130/><W128/><G116/><T120/><D120/><U26/><E107/><V57/><F71/><W127/><G135/><T58/><D134/><U38/><E38/><V4/><F4/><W6/><G72/><T91/><D91/><U105/><E105/><V90/><F83/><W11/><G127/><T74/><D74/><U61/><E47/><V118/><F118/><W2/><G128/><T51/><D39/><U41/><E41/><V88/><F24/><W59/><G65/><T114/><D114/><U133/><E133/><V20/><F20/><W64/><G64/><T79/><D79/><U115/><E115/><V119/><F119/><W85/><G85/><T37/><D37/><U132/><E132/><V0/><F0/><W5/><G44/><T75/><D75/><U66/><E81/><V19/><F19/><W15/><G15/><T14/><REACH who="0" step="1"/><D34/><REACH who="0" ten="579,28,189,194" step="2"/><U78/><E78/><V117/><F117/><W12/><G2/><T23/><D23/><U25/><E25/><V131/><F131/><W69/><G27/><T129/><D129/><U112/><E112/><V22/><F22/><W110/><G110/><T122/><D122/><U18/><REACH who="1" step="1"/><E63/><REACH who="1" ten="579,18,189,194" step="2"/><V52/><REACH who="2" step="1"/><F90/><REACH who="2" ten="579,18,179,194" step="2"/><W76/><G76/><T3/><D3/><U7/><E7/><V94/><F94/><W106/><G6/><T17/><D17/><U73/><E73/><V70/><F70/><W31/><G69/><RYUUKYOKU ba="0,3" sc="579,10,18,10,179,10,194,-30" hai0="10,14,16,32,33,35,46,48,49,51,53,58,60" hai1="9,13,18,21,26,29,55,56,61,66,92,96,100" hai2="36,40,45,50,52,57,80,87,88,98,99,102,103" /><INIT seed="2,1,3,2,3,99" ten="589,28,189,164" oya="2" hai0="48,69,66,97,19,44,123,63,71,124,10,132,105" hai1="89,3,128,5,133,40,73,120,114,117,18,64,126" hai2="98,8,125,41,29,129,47,86,106,110,11,6,85" hai3="70,135,1,104,35,65,30,113,46,82,53,93,4"/><V62/><F125/><W81/><G135/><T108/><D123/><U100/><E114/><V2/><F129/><W121/><G121/><T16/><D124/><U61/><E120/><V57/><F29/><W94/><G65/><T116/><D71/><U84/><E117/><V56/><F110/><W83/><G70/><T42/><D108/><U24/><E126/><V68/><F68/><W119/><G119/><T101/><D116/><U80/><E128/><V60/><F106/><W87/><G87/><N who="2" m="33289" /><F2/><W7/><G104/><T78/><D78/><U88/><E133/><V33/><F98/><W115/><G35/><T36/><D132/><U92/><E73/><V0/><F0/><W50/><G30/><T111/><D111/><U130/><E130/><V102/><F102/><W90/><G90/><T49/><D10/><N who="2" m="3626" /><F6/><N who="3" m="2091" /><G1/><T122/><D122/><U103/><E5/><V23/><F23/><W38/><G38/><T131/><D131/><U67/><E3/><V51/><F33/><W34/><G34/><T14/><D14/><U22/><E40/><V79/><F79/><W52/><G53/><T96/><D97/><N who="1" m="57479" /><E64/><V45/><F45/><W43/><G43/><T72/><D72/><U54/><E67/><V77/><F77/><W13/><G13/><T25/><D25/><U32/><E32/><V58/><AGARI ba="1,3" hai="41,47,51,56,57,58,60,62" m="3626,33289" machi="58" ten="30,1500,0" yaku="8,1" doraHai="99" who="2" fromWho="2" sc="589,-6,28,-6,189,48,164,-6" /><INIT seed="2,2,0,3,1,125" ten="583,22,237,158" oya="2" hai0="95,106,82,0,4,21,11,73,98,90,39,8,63" hai1="132,44,130,67,66,16,123,65,86,48,115,122,15" hai2="29,72,100,78,114,5,113,40,79,68,27,13,118" hai3="103,76,71,61,104,10,88,96,28,7,57,37,49"/><V109/><F68/><W108/><G108/><T74/><D39/><U42/><E115/><V111/><F118/><W19/><G37/><T62/><D106/><U131/><E86/><V75/><F13/><W105/><G76/><N who="2" m="29225" /><F5/><W6/><G71/><T64/><D82/><U51/><E132/><V36/><F27/><W102/><G28/><T121/><D121/><N who="1" m="46091" /><E16/><V70/><F70/><W117/><G117/><T127/><D127/><U41/><BYE who="0" /><E15/><V55/><F55/><W129/><G129/><N who="1" m="49162" /><E44/><V80/><F29/><W116/><G116/><T59/><D59/><U52/><E52/><V33/><F72/><W47/><G19/><T24/><D24/><U2/><E2/><V124/><F75/><W112/><G112/><T87/><D87/><U110/><E110/><V120/><F124/><W101/><G49/><AGARI ba="2,0" hai="41,42,48,49,51,65,66,67" m="49162,46091" machi="49" ten="40,16000,3" yaku="28,2,13,1,19,1,34,2,52,3" doraHai="125" who="1" fromWho="3" sc="583,0,22,166,237,0,158,-166" owari="583,68.3,188,-21.2,237,3.7,-8,-50.8" /></mjloggm>