<mjloggm ver="2.3"><GO type="225" lobby="0"/><UN n0="%E3%82%A2%E3%83%A1%E3%82%A2%E3%83%A9%E3%83%AC" n1="%E7%B4%94%E6%BD%94%E3%83%94%E3%83%A9%E3%83%8B%E3%82%A2" n2="%E3%80%93%E3%81%97%E3%83%BC%E3%82%89%E3%80%93" n3="%4C%4F%4C%49%54%41" dan="16,16,16,16" rate="2153.38,2131.77,2179.96,2189.80" sx="M,M,M,F"/><TAIKYOKU oya="0"/><INIT seed="0,0,0,4,1,36" ten="250,250,250,250" oya="0" hai0="62,1,61,97,68,79,129,5,96,93,59,103,99" hai1="66,17,75,47,78,91,30,119,128,2,71,26,33" hai2="4,46,132,9,38,29,131,112,81,34,21,18,0" hai3="48,7,58,82,120,24,70,27,19,107,83,39,55"/><T130/><D79/><U11/><E119/><V88/><F112/><W22/><G70/><T67/><D5/><U41/><E128/><N who="0" m="49257" /><D1/><U8/><E91/><V44/><F131/><W95/><G107/><T125/><D125/><U90/><E90/><V117/><F132/><W65/><G120/><T101/><D93/><U64/><E17/><V80/><F117/><W40/><G7/><T53/><AGARI ba="0,0" hai="53,59,61,62,67,68,96,97,99,101,103" m="49257" machi="53" ten="30,1500,0" yaku="19,1" doraHai="36" who="0" fromWho="0" sc="250,15,250,-5,250,-5,250,-5" /><INIT seed="0,1,0,5,3,64" ten="265,245,245,245" oya="0" hai0="82,90,22,28,35,1,58,0,69,112,40,83,115" hai1="99,34,97,70,24,54,76,55,52,127,123,72,113" hai2="26,9,108,132,122,18,102,43,135,25,42,105,89" hai3="96,48,93,17,119,6,114,5,67,11,117,4,81"/><T111/><D69/><U133/><E123/><V21/><F122/><W50/><G114/><T110/><D35/><U38/><E113/><N who="0" m="43593" /><D40/><U37/><E127/><V74/><F74/><W3/><G67/><T78/><D58/><U92/><E70/><V103/><F108/><N who="0" m="41514" /><D90/><U126/><E126/><V49/><F43/><W79/><G3/><N who="0" m="1099" /><D78/><U68/><E68/><V130/><F89/><W71/><G71/><T100/><D100/><U53/><E76/><V36/><F103/><W66/><G66/><T116/><D116/><U44/><E52/><V20/><F42/><W95/><G119/><T10/><D10/><U77/><E53/><V131/><F9/><W32/><G32/><T101/><D101/><U121/><E34/><V128/><F102/><W106/><G117/><T134/><D134/><U94/><E133/><V31/><F135/><W14/><G95/><T80/><D22/><U8/><E77/><V56/><F132/><W65/><G65/><T91/><D91/><U39/><E39/><V107/><F36/><W124/><G93/><T30/><AGARI ba="1,0" hai="28,30,80,82,83" m="1099,41514,43593" machi="30" ten="40,12000,1" yaku="28,2,14,1,10,1" doraHai="64" who="0" fromWho="0" sc="265,123,245,-41,245,-41,245,-41" /><INIT seed="0,2,0,3,4,3" ten="388,204,204,204" oya="0" hai0="29,73,22,121,103,20,117,26,32,108,99,89,120" hai1="72,131,44,15,71,70,109,13,101,12,95,115,107" hai2="2,126,33,45,104,83,6,14,5,61,76,39,42" hai3="81,98,38,119,86,11,18,36,124,10,122,24,23"/><T112/><D112/><U25/><E72/><V132/><F104/><W114/><G119/><T92/><D117/><U102/><E107/><V69/><F33/><W53/><G114/><T74/><D108/><U90/><E109/><V65/><F2/><W91/><G124/><T85/><D74/><U97/><E131/><V28/><F126/><W47/><G122/><T64/><D73/><U113/><E113/><V40/><F28/><W54/><G98/><T41/><D41/><U127/><E44/><V93/><F42/><W52/><REACH who="3" step="1"/><G47/><REACH who="3" ten="388,204,204,194" step="2"/><T46/><D46/><U16/><E127/><V100/><F132/><W43/><G43/><T110/><D110/><U48/><E115/><V79/><F45/><W62/><G62/><T135/><D135/><U34/><E48/><V9/><F40/><W118/><G118/><T55/><D120/><U1/><E97/><V111/><F111/><W84/><G84/><T87/><D85/><U57/><E101/><V31/><F61/><W78/><G78/><T17/><D87/><U130/><E102/><V37/><F79/><W133/><G133/><T68/><D103/><U67/><E130/><V75/><F100/><W51/><G51/><T80/><D99/><U88/><E90/><V58/><F76/><W7/><G7/><T8/><D89/><U94/><E88/><V106/><F5/><W49/><G49/><T21/><D121/><U123/><E123/><V60/><F6/><W30/><G30/><T0/><D29/><U4/><E16/><V35/><F60/><W56/><G56/><T66/><D17/><U105/><E4/><RYUUKYOKU ba="2,1" sc="388,-10,204,-10,204,-10,194,30" hai3="10,11,18,23,24,36,38,52,53,54,81,86,91" /><INIT seed="1,3,1,0,2,64" ten="378,194,194,224" oya="1" hai0="106,7,135,109,23,19,18,118,94,71,67,3,45" hai1="1,128,8,120,86,57,77,20,131,114,2,54,6" hai2="96,111,103,82,98,66,17,105,12,91,100,78,70" hai3="44,79,5,97,116,4,122,41,73,89,52,36,42"/><U28/><E114/><V121/><F121/><W95/><G122/><T49/><D106/><U26/><E120/><V101/><F111/><W127/><G127/><T134/><D118/><U129/><E77/><V46/><F91/><W85/><G116/><T115/><D115/><U110/><E86/><V133/><F133/><N who="0" m="50698" /><D109/><U92/><E92/><V27/><F27/><W84/><G79/><T117/><D117/><U15/><REACH who="1" step="1"/><E110/><REACH who="1" ten="378,184,194,224" step="2"/><V37/><F105/><W126/><G85/><T80/><D94/><U50/><AGARI ba="3,2" hai="1,2,6,8,15,20,26,28,50,54,57,128,129,131" machi="50" ten="30,12000,1" yaku="1,1,2,1,0,1,19,1,53,1" doraHai="64" doraHaiUra="11" who="1" fromWho="1" sc="378,-43,184,149,194,-43,224,-43" /><INIT seed="1,4,0,2,5,119" ten="335,333,151,181" oya="1" hai0="8,125,21,105,43,70,115,50,55,44,130,11,62" hai1="97,89,49,7,15,12,120,58,117,53,124,118,61" hai2="57,74,52,107,112,66,38,129,80,109,103,39,45" hai3="56,72,40,113,78,47,10,126,83,65,29,73,67"/><U90/><E124/><V91/><F109/><W99/><G113/><T88/><D115/><U2/><E2/><V31/><F112/><W128/><G126/><T18/><D105/><U23/><E118/><V20/><F129/><W104/><G72/><T77/><D130/><U108/><E117/><V96/><F66/><W6/><G128/><T68/><D77/><U5/><E108/><V35/><F35/><W59/><G29/><T121/><D121/><U30/><E120/><V84/><F45/><W0/><G67/><T98/><D70/><U13/><E61/><V34/><F34/><W132/><G132/><T1/><D1/><U14/><N who="1" m="3072" /><DORA hai="24" /><U64/><E64/><V36/><F74/><W133/><G65/><T95/><D68/><U41/><E41/><V122/><F122/><W32/><G32/><T25/><D125/><U110/><E110/><V100/><F100/><N who="3" m="62495" /><G133/><T102/><D102/><U28/><E23/><V123/><F123/><W16/><G16/><T60/><D60/><U26/><E26/><V111/><F111/><W134/><G134/><T101/><D101/><U37/><E37/><AGARI ba="4,0" hai="0,6,10,37,40,47,56,59,73,78,83" m="62495" machi="37" ten="30,1000,0" yaku="25,1" doraHai="119,24" who="3" fromWho="1" sc="335,0,333,-22,151,0,181,22" /><INIT seed="2,0,0,0,5,116" ten="335,311,151,203" oya="2" hai0="135,15,75,48,52,22,64,7,77,124,101,40,6" hai1="74,99,19,32,107,119,10,14,0,88,85,69,57" hai2="133,65,58,134,24,76,92,54,63,55,13,89,59" hai3="81,39,29,11,118,84,61,27,106,127,94,49,96"/><V42/><F76/><W82/><G39/><T113/><D113/><U47/><E119/><V86/><F42/><W66/><G118/><T44/><D135/><U31/><E69/><V53/><F24/><W78/><G127/><T123/><D123/><U37/><E74/><V71/><REACH who="2" step="1"/><F13/><REACH who="2" ten="335,311,141,203" step="2"/><W67/><G27/><T103/><D40/><U23/><E14/><V83/><F83/><W5/><G82/><T43/><D43/><U111/><E37/><V128/><F128/><W35/><G78/><T16/><D77/><U20/><E31/><V91/><F91/><W1/><G29/><T62/><D75/><U97/><E88/><V4/><F4/><N who="0" m="1578" /><D124/><U12/><E12/><V25/><F25/><W129/><G81/><T3/><D3/><U104/><E0/><V17/><F17/><W100/><G129/><T120/><D16/><U60/><E19/><V87/><F87/><W115/><G84/><T38/><D15/><U34/><E85/><V108/><F108/><W33/><G1/><T28/><D38/><U45/><E111/><V73/><F73/><W110/><G110/><T105/><D28/><U93/><E97/><V125/><F125/><W132/><G5/><T56/><D103/><U18/><E99/><V114/><F114/><W46/><G100/><T30/><D30/><U68/><E18/><V131/><F131/><W112/><G96/><N who="0" m="61607" /><D22/><U8/><E20/><V95/><F95/><W122/><G94/><T90/><D90/><U117/><E23/><V126/><F126/><W79/><G79/><T130/><D130/><U36/><E93/><V9/><F9/><RYUUKYOKU ba="0,1" sc="335,15,311,-15,141,15,203,-15" hai0="44,48,52,56,62,64,120" hai2="53,54,55,58,59,63,65,71,86,89,92,133,134" /><INIT seed="2,1,1,1,0,27" ten="350,296,156,188" oya="2" hai0="14,39,72,43,81,11,21,54,36,16,29,40,82" hai1="58,88,25,2,23,132,44,127,22,89,3,103,55" hai2="130,121,119,99,65,49,68,102,87,19,94,52,51" hai3="122,95,125,20,112,74,97,47,50,66,124,92,131"/><V46/><F119/><W31/><G122/><T63/><D39/><U106/><E127/><N who="3" m="48714" /><G74/><T8/><D36/><U71/><E71/><V135/><F121/><W107/><G131/><T109/><D109/><U104/><E44/><V116/><F130/><W126/><G112/><T34/><D34/><U15/><E15/><V69/><F116/><W86/><G66/><T133/><D133/><U13/><E13/><V85/><F135/><W114/><G114/><T35/><D35/><U53/><E132/><V60/><F69/><W57/><G57/><N who="0" m="35255" /><D72/><U118/><E118/><V48/><F87/><W32/><G86/><T90/><D90/><U105/><E103/><V111/><F111/><W83/><G20/><T64/><D64/><U26/><E104/><V117/><F117/><W123/><G83/><N who="0" m="31755" /><D29/><U101/><E101/><V59/><F85/><W108/><G123/><T18/><D8/><U78/><E58/><V56/><F68/><W98/><G107/><T76/><D76/><AGARI ba="1,1" hai="2,3,22,23,25,26,53,55,76,78,88,89,105,106" machi="76" ten="25,3200,0" yaku="22,2,54,1" doraHai="27" who="1" fromWho="0" sc="350,-35,296,45,156,0,188,0" /><INIT seed="3,0,0,4,1,36" ten="315,341,156,188" oya="3" hai0="45,67,37,104,42,110,82,2,7,84,86,102,12" hai1="47,129,29,32,71,121,128,55,60,119,49,81,103" hai2="25,83,18,63,132,65,0,52,97,23,76,134,88" hai3="107,57,43,91,87,120,85,15,50,13,4,61,114"/><W48/><G107/><T20/><D110/><U56/><E121/><V111/><F0/><W99/><G114/><T112/><D112/><U3/><E3/><V74/><F111/><W79/><G120/><T54/><D67/><U89/><E103/><V19/><F19/><W77/><G99/><T64/><D64/><U38/><E119/><V21/><F21/><W62/><G4/><T100/><D104/><U16/><E16/><V44/><F65/><W27/><G57/><T116/><D116/><U59/><E38/><V46/><F46/><W80/><G27/><T127/><D127/><U1/><E1/><V14/><F14/><W96/><G96/><T35/><D35/><U17/><E17/><V9/><F9/><W95/><G79/><T69/><D69/><U73/><E60/><N who="3" m="23146" /><G50/><T40/><D37/><U93/><E71/><V98/><F98/><W131/><G131/><N who="1" m="50250" /><E29/><V90/><F44/><AGARI ba="0,0" hai="13,15,43,44,48,77,80,85,87,91,95" m="23146" machi="44" ten="30,2900,0" yaku="8,1,52,1" doraHai="36" who="3" fromWho="2" sc="315,0,341,0,156,-29,188,29" /><INIT seed="3,1,0,4,2,94" ten="315,341,127,217" oya="3" hai0="31,73,95,77,37,59,5,127,82,28,106,93,78" hai1="57,84,97,7,124,102,62,91,103,117,46,18,126" hai2="19,131,53,72,9,65,64,24,27,3,29,119,49" hai3="51,44,101,8,35,4,88,2,98,25,14,43,115"/><W47/><G115/><T128/><D37/><U22/><E7/><V118/><F72/><W100/><G35/><T110/><D110/><U74/><E74/><V48/><F3/><W96/><G2/><T61/><D128/><U32/><E46/><V92/><F92/><N who="3" m="56327" /><G25/><T129/><D127/><N who="1" m="48683" /><E97/><V42/><F42/><W107/><G107/><T123/><D77/><U55/><E32/><V90/><F90/><W125/><G125/><T75/><D31/><U113/><E117/><V67/><F131/><W109/><G109/><T66/><D73/><U54/><E54/><V39/><F39/><W112/><G112/><T70/><D123/><U89/><E89/><V52/><F29/><W114/><G114/><T11/><D129/><U134/><E134/><V60/><F65/><W86/><G47/><T135/><D135/><U111/><E111/><V45/><F45/><W85/><G100/><T63/><D106/><U15/><E113/><V30/><F30/><W36/><G36/><T130/><D28/><U38/><E38/><V34/><F34/><W26/><G26/><T58/><D70/><U105/><E105/><V33/><F33/><W108/><G108/><T12/><REACH who="0" step="1"/><D130/><REACH who="0" ten="305,341,127,217" step="2"/><U1/><E1/><V122/><F122/><W99/><G101/><T81/><D81/><AGARI ba="1,1" hai="15,18,22,55,57,62,81,84,91,102,103" m="48683" machi="81" ten="30,1000,0" yaku="18,1" doraHai="94" who="1" fromWho="0" sc="305,-13,341,23,127,0,217,0" owari="292,9.2,364,46.4,127,-37.3,217,-18.3" /></mjloggm>