<mjloggm ver="2.3"><GO type="225" lobby="0"/><UN n0="%E5%82%8D%E8%8B%A5%E7%84%A1%E4%BA%BA%35%31" n1="%72%61%6B%33" n2="%E8%81%B7%E6%A5%AD%E3%80%81%E9%A2%A8%32" n3="%E6%97%A5%E6%9B%9C%E6%97%A5%E3%82%88%E3%82%8A%E3%81%AE%E4%BD%BF%E8%80%85" dan="16,17,16,18" rate="2079.77,2177.65,2156.90,2136.93" sx="M,M,M,M"/><TAIKYOKU oya="0"/><INIT seed="0,0,0,4,0,27" ten="250,250,250,250" oya="0" hai0="3,23,123,75,103,17,67,29,111,43,90,113,71" hai1="47,49,94,36,52,60,53,76,131,32,58,125,24" hai2="12,83,57,10,117,31,2,82,122,11,97,91,115" hai3="79,128,56,38,114,120,126,78,68,112,15,130,107"/><T69/><D123/><U46/><E125/><V70/><F122/><W48/><G107/><T13/><D113/><N who="3" m="43625" /><G68/><T64/><D3/><U93/><E131/><N who="3" m="50218" /><G120/><T26/><D75/><U108/><E108/><V134/><F70/><W100/><G38/><T95/><D111/><U45/><E76/><N who="3" m="29226" /><G15/><T73/><D73/><U19/><E36/><V44/><F12/><W25/><G25/><T98/><D43/><U105/><E105/><V84/><F2/><W18/><G18/><T65/><REACH who="0" step="1"/><D90/><REACH who="0" ten="240,250,250,250" step="2"/><U86/><E86/><V132/><F84/><W39/><G100/><T35/><AGARI ba="0,1" hai="13,17,23,26,29,35,64,65,67,69,71,95,98,103" machi="35" ten="30,11700,0" yaku="1,1,2,1,0,1,52,1,53,0" doraHai="27" doraHaiUra="59" who="0" fromWho="0" sc="240,127,250,-39,250,-39,250,-39" /><INIT seed="0,1,0,4,4,112" ten="367,211,211,211" oya="0" hai0="5,81,70,111,40,79,20,86,115,76,113,59,98" hai1="53,72,71,50,104,75,60,37,126,14,94,84,133" hai2="114,69,64,6,91,11,22,109,9,80,131,21,4" hai3="56,129,134,83,26,90,28,7,118,19,61,130,128"/><T105/><D70/><U89/><E126/><V97/><F109/><W93/><G134/><T57/><D40/><U32/><E133/><V42/><F114/><W2/><G83/><T85/><D20/><U0/><E0/><V102/><F131/><W10/><G19/><T13/><D13/><U55/><E104/><V30/><F42/><W78/><G78/><T127/><D5/><U82/><E37/><V73/><F64/><W108/><G108/><T58/><D111/><U52/><E32/><V39/><F39/><W119/><G90/><T117/><D117/><N who="3" m="44553" /><G93/><T88/><D127/><U23/><E50/><V43/><F69/><W47/><G47/><T106/><D79/><U132/><E132/><V120/><F120/><W12/><G2/><T1/><D1/><U65/><REACH who="1" step="1"/><E82/><REACH who="1" ten="367,201,211,211" step="2"/><V25/><F80/><W45/><G45/><T3/><D3/><U41/><E41/><V68/><F43/><W123/><G123/><T99/><D113/><U121/><E121/><V33/><F33/><N who="3" m="20631" /><G61/><T54/><D115/><U135/><E135/><V74/><F22/><W95/><G95/><N who="0" m="54671" /><D106/><U125/><E125/><V8/><F21/><W103/><G103/><T107/><D105/><U18/><AGARI ba="1,1" hai="14,18,23,52,53,55,60,65,71,72,75,84,89,94" machi="18" ten="30,4000,0" yaku="1,1,0,1,54,1,53,0" doraHai="112" doraHaiUra="38" who="1" fromWho="1" sc="367,-21,201,53,211,-11,211,-11" /><INIT seed="1,0,0,5,1,15" ten="346,254,200,200" oya="1" hai0="49,71,128,96,60,3,35,17,135,52,28,131,106" hai1="29,27,41,22,119,9,34,43,120,31,110,32,83" hai2="37,23,0,94,105,74,72,121,82,127,58,56,89" hai3="55,66,90,84,50,112,24,57,2,64,107,70,7"/><U59/><E119/><V36/><F105/><W53/><G112/><T44/><D3/><U117/><E117/><V86/><F121/><W99/><G70/><T129/><D135/><U18/><E120/><V133/><F0/><W16/><G2/><T73/><D73/><U109/><E59/><V1/><F1/><W4/><G99/><T92/><D106/><U46/><E83/><V25/><F127/><W26/><G26/><T134/><D28/><N who="1" m="10827" /><E43/><V95/><F133/><W132/><G107/><T6/><D35/><N who="1" m="13355" /><E46/><V125/><F125/><W93/><G132/><T78/><D6/><N who="3" m="2089" /><G55/><T91/><D78/><U61/><E61/><V65/><F37/><W30/><G30/><T33/><D33/><U113/><E41/><V102/><F36/><W98/><G98/><T115/><D115/><U54/><E54/><V108/><F74/><W75/><G75/><T81/><D81/><U101/><E101/><V38/><F38/><W116/><G116/><T47/><D134/><U8/><E113/><V122/><F72/><W123/><G123/><T62/><D71/><U126/><E126/><V88/><F122/><W97/><G97/><T130/><D47/><U39/><E39/><V21/><F102/><W69/><G69/><T103/><D103/><U14/><E27/><V68/><F68/><W124/><G124/><T13/><N who="0" m="32768" /><DORA hai="100" /><T118/><D118/><U76/><E76/><V51/><F25/><W77/><G77/><T40/><D40/><U104/><E104/><V10/><F82/><W67/><G24/><T80/><D80/><U48/><E48/><V79/><F79/><RYUUKYOKU ba="0,0" sc="346,10,254,10,200,-30,200,10" hai0="13,17,44,49,52,60,62,91,92,96" hai1="8,9,14,18,22,109,110" hai3="16,50,53,57,64,66,67,84,90,93" /><INIT seed="1,1,0,3,0,97" ten="356,264,170,210" oya="1" hai0="11,19,110,87,18,63,46,83,90,57,88,119,7" hai1="56,64,95,107,52,45,47,3,41,134,124,99,48" hai2="126,135,29,59,121,128,17,125,24,33,133,10,40" hai3="68,86,111,58,66,60,91,105,81,4,6,32,20"/><U67/><E3/><V117/><F40/><W69/><G32/><T34/><D110/><U1/><E1/><V16/><F59/><W115/><G105/><T26/><D119/><U132/><E107/><V76/><F76/><W43/><G115/><T22/><D34/><U42/><E124/><N who="2" m="47723" /><F117/><W9/><G111/><T49/><D7/><U50/><E132/><N who="2" m="50763" /><F121/><W127/><G127/><T118/><D118/><U15/><E15/><N who="2" m="7287" /><F17/><W80/><G43/><N who="0" m="24799" /><D11/><U38/><REACH who="1" step="1"/><E134/><REACH who="1" ten="356,254,170,210" step="2"/><V131/><AGARI ba="1,1" hai="24,29,33,128,131" m="7287,50763,47723" machi="131" ten="40,12000,2" yaku="30,2,18,1,20,1,34,2,54,1" doraHai="97" who="2" fromWho="2" sc="356,-31,254,-61,170,133,210,-31" /><INIT seed="2,0,0,1,3,80" ten="325,193,303,179" oya="2" hai0="62,90,49,43,9,130,51,36,82,52,135,21,42" hai1="113,83,46,25,84,55,37,67,76,35,20,115,98" hai2="88,96,116,22,109,65,103,118,61,133,38,101,102" hai3="73,124,74,87,56,18,16,28,48,122,132,31,119"/><V54/><F133/><W63/><G119/><T44/><D130/><U1/><E1/><V3/><F3/><W125/><G122/><T97/><D135/><U11/><E35/><V127/><F38/><W79/><G132/><T92/><D62/><U58/><E11/><V23/><F127/><N who="3" m="48715" /><G48/><T100/><D36/><U4/><E4/><V59/><F109/><W15/><G74/><T17/><D9/><U78/><E78/><V75/><F75/><W53/><G73/><T66/><D66/><U131/><E131/><V107/><F107/><W94/><G18/><T10/><D10/><U19/><E67/><V41/><F41/><W14/><G14/><N who="0" m="9399" /><D49/><U5/><E5/><V39/><F39/><W68/><G68/><T12/><D12/><U7/><E7/><V117/><REACH who="2" step="1"/><F65/><REACH who="2" ten="325,193,293,179" step="2"/><W104/><G104/><T30/><D43/><U126/><E126/><V70/><F70/><W86/><G79/><T110/><D42/><U81/><E37/><V105/><F105/><W29/><G94/><AGARI ba="0,1" hai="22,23,54,59,61,88,94,96,101,102,103,116,117,118" machi="94" ten="50,4800,0" yaku="1,1,54,1,53,0" doraHai="80" doraHaiUra="111" who="2" fromWho="3" sc="325,0,193,0,293,58,179,-48" /><INIT seed="2,1,0,1,0,112" ten="325,193,351,131" oya="2" hai0="66,7,48,65,101,107,88,35,64,56,104,34,45" hai1="22,116,81,11,49,122,76,74,131,40,21,1,3" hai2="55,50,15,17,71,59,132,33,47,120,57,73,63" hai3="0,83,98,69,103,85,12,127,28,9,100,42,113"/><V16/><F120/><W13/><G113/><T110/><D110/><U134/><E122/><V109/><F73/><W8/><G69/><T105/><D7/><U27/><E131/><V60/><F33/><W87/><G0/><T5/><D101/><U37/><E134/><V4/><F132/><W58/><G127/><T78/><D78/><U94/><E49/><V10/><F71/><W43/><G58/><N who="2" m="22025" /><F109/><W41/><G28/><T70/><D70/><U38/><E38/><V90/><F90/><W121/><G121/><T52/><D5/><U62/><E62/><AGARI ba="1,0" hai="4,10,15,16,17,47,50,55,60,62,63" m="22025" machi="62" ten="30,2900,0" yaku="8,1,54,1" doraHai="112" who="2" fromWho="1" sc="325,0,193,-32,351,32,131,0" /><INIT seed="2,2,0,4,1,55" ten="325,161,383,131" oya="2" hai0="78,5,91,87,14,72,131,61,1,18,128,110,12" hai1="94,29,71,59,28,70,125,73,130,41,122,133,108" hai2="76,118,34,32,113,116,11,82,135,126,119,105,36" hai3="85,123,22,21,117,24,84,124,16,86,40,9,43"/><V45/><F113/><W106/><G117/><T134/><D110/><U93/><E41/><N who="2" m="22695" /><F11/><W57/><G123/><T104/><D134/><U20/><E20/><V48/><F48/><W80/><G106/><T120/><D120/><U96/><E96/><V4/><F4/><W44/><G124/><T2/><D104/><U67/><E67/><V7/><F7/><W52/><G9/><N who="0" m="4143" /><D78/><U112/><E122/><V39/><F39/><W38/><G22/><N who="0" m="11607" /><D72/><U50/><E73/><N who="2" m="43279" /><F126/><W33/><G43/><T127/><D127/><U27/><E108/><V6/><F6/><W42/><G40/><T129/><D61/><U10/><E125/><V53/><F53/><W66/><G33/><N who="2" m="12905" /><F105/><W89/><G66/><T102/><D102/><U111/><E111/><V101/><F101/><W83/><G83/><AGARI ba="2,0" hai="1,2,83,87,91,128,129,131" m="11607,4143" machi="83" ten="30,1000,0" yaku="19,1" doraHai="55" who="0" fromWho="3" sc="325,16,161,0,383,0,131,-16" /><INIT seed="3,0,0,3,1,90" ten="341,161,383,115" oya="3" hai0="61,81,67,72,35,123,50,98,17,46,75,58,39" hai1="53,124,71,8,24,129,57,43,51,21,99,52,118" hai2="94,31,63,9,117,112,110,3,42,127,86,92,11" hai3="95,26,82,44,105,4,14,7,115,33,78,30,135"/><W76/><G115/><T107/><D123/><U0/><E71/><V128/><F117/><W120/><G120/><T103/><D35/><U25/><E124/><V36/><F112/><W88/><G105/><T73/><D39/><U2/><E129/><V134/><F31/><W131/><G131/><T62/><D62/><U19/><E43/><V77/><F63/><W60/><G135/><T125/><D125/><U65/><E65/><V102/><F102/><W22/><G44/><T126/><D126/><U74/><E74/><V64/><F64/><W89/><G60/><T5/><D5/><U40/><E40/><V93/><F3/><W70/><G70/><T133/><D133/><U132/><E118/><V15/><F134/><W69/><G69/><T45/><D17/><U80/><E80/><N who="2" m="47375" /><F128/><W49/><G49/><T47/><REACH who="0" step="1"/><D81/><REACH who="0" ten="331,161,383,115" step="2"/><U48/><E19/><V16/><F36/><W55/><G55/><AGARI ba="0,1" hai="45,46,47,50,55,58,61,67,72,73,75,98,103,107" machi="55" ten="40,2600,0" yaku="1,1,2,1,53,0" doraHai="90" doraHaiUra="1" who="0" fromWho="3" sc="331,36,161,0,383,0,115,-26" owari="367,16.7,161,-23.9,383,48.3,89,-41.1" /></mjloggm>