<mjloggm ver="2.3"><GO type="225" lobby="0"/><UN n0="%E8%90%BD%E6%97%A5" n1="%E3%81%95%E3%81%8D%E3%81%9F%E3%81%BE%E6%9E%97%E6%AA%8E" n2="%E6%9C%AA%E6%9D%A5%E5%B0%91%E5%B9%B4" n3="%E3%82%82%E3%81%90%E3%82%89" dan="18,16,16,16" rate="2232.30,2093.47,2129.38,2208.55" sx="F,M,M,M"/><TAIKYOKU oya="0"/><INIT seed="0,0,0,1,4,105" ten="250,250,250,250" oya="0" hai0="86,87,128,17,100,34,64,109,107,111,1,56,118" hai1="102,54,74,71,98,81,37,29,44,18,82,63,21" hai2="24,122,2,115,11,129,13,60,32,112,46,23,97" hai3="59,104,12,36,92,135,50,75,5,124,58,84,22"/><T41/><D34/><U25/><E74/><V70/><F122/><W80/><G36/><T91/><D1/><U7/><E7/><V85/><F2/><W3/><G104/><T19/><D118/><U96/><E96/><V106/><F129/><W99/><G124/><T77/><D128/><U6/><E6/><V116/><F116/><W120/><G135/><T49/><D100/><U79/><E37/><V61/><F85/><W0/><G75/><T66/><D107/><U14/><E44/><V27/><F46/><W8/><G120/><T117/><D117/><U125/><E125/><V38/><F27/><W26/><G50/><T68/><D68/><U90/><E90/><V119/><F38/><W4/><G4/><T28/><D28/><U83/><E54/><V53/><F53/><W72/><G72/><T57/><D91/><U132/><E132/><V108/><F108/><W101/><G3/><T10/><D10/><U134/><E134/><V126/><F126/><W35/><G35/><T89/><D89/><U110/><E110/><V20/><F119/><W40/><G40/><T78/><REACH who="0" step="1"/><D49/><REACH who="0" ten="240,250,250,250" step="2"/><U45/><E71/><V94/><F106/><W43/><G0/><T33/><D33/><U31/><E31/><N who="2" m="19559" /><F70/><W30/><G43/><AGARI ba="0,1" hai="17,19,41,43,56,57,64,66,77,78,86,87,109,111" machi="43" ten="25,4800,0" yaku="1,1,22,2,53,0" doraHai="105" doraHaiUra="67" who="0" fromWho="3" sc="240,58,250,0,250,0,250,-48" /><INIT seed="0,1,0,2,3,129" ten="298,250,250,202" oya="0" hai0="92,41,91,107,116,52,31,57,14,127,22,89,11" hai1="58,35,98,34,134,72,20,48,46,95,3,49,27" hai2="10,21,117,80,96,8,103,25,93,82,112,115,18" hai3="5,0,119,64,99,77,81,110,109,65,12,53,76"/><T56/><D116/><U50/><E72/><V87/><F117/><W28/><G119/><T85/><D107/><U42/><E3/><V73/><F73/><W75/><G77/><T30/><D127/><U43/><E134/><V86/><F112/><W17/><G28/><T79/><D41/><U19/><E35/><V120/><F120/><W84/><G99/><T37/><D37/><U90/><E34/><V16/><F115/><W105/><G105/><T24/><D57/><U102/><E43/><V106/><F106/><W26/><G75/><T23/><D79/><U133/><E133/><V6/><F18/><W132/><G26/><T108/><D108/><N who="3" m="41577" /><G53/><T68/><D68/><U88/><REACH who="1" step="1"/><E58/><REACH who="1" ten="298,240,250,202" step="2"/><V118/><F118/><W111/><G132/><T60/><D31/><U70/><E70/><V63/><F63/><W66/><G111/><T47/><D47/><U104/><E104/><V121/><F121/><W113/><G0/><T74/><D74/><U39/><AGARI ba="1,1" hai="19,20,27,39,42,46,48,49,50,88,90,95,98,102" machi="39" ten="30,4000,0" yaku="1,1,0,1,54,1,53,0" doraHai="129" doraHaiUra="2" who="1" fromWho="1" sc="298,-21,240,53,250,-11,202,-11" /><INIT seed="1,0,0,4,2,46" ten="277,293,239,191" oya="1" hai0="34,4,88,59,95,94,38,91,31,106,99,121,69" hai1="135,104,76,66,12,119,28,72,57,44,7,103,61" hai2="81,47,0,43,18,133,22,78,118,100,10,27,113" hai3="110,105,20,42,70,126,6,83,62,11,127,29,75"/><U45/><E119/><V97/><F118/><W63/><G105/><T2/><D69/><U92/><E104/><V108/><F108/><W107/><G107/><T84/><D121/><U13/><E135/><V19/><F133/><W65/><G110/><T128/><D38/><U111/><E111/><V132/><F132/><W23/><G63/><T53/><D128/><U9/><E28/><V125/><F125/><N who="3" m="47627" /><G29/><T114/><D114/><U48/><E72/><V87/><F113/><W51/><G83/><T130/><D130/><U82/><E45/><V36/><F0/><N who="3" m="455" /><G75/><T120/><D120/><U58/><E58/><V26/><F10/><W3/><G3/><T109/><D109/><U131/><E131/><V30/><REACH who="2" step="1"/><F27/><REACH who="2" ten="277,293,229,191" step="2"/><W77/><G77/><T8/><D8/><U54/><E9/><V74/><F74/><W15/><G15/><T85/><D2/><U37/><E13/><V33/><F33/><W39/><G39/><T24/><D4/><U89/><E37/><V112/><F112/><W68/><G23/><T116/><D116/><U129/><E129/><V67/><F67/><W86/><G20/><T93/><D34/><U71/><E12/><V55/><F55/><W56/><G86/><N who="0" m="33387" /><D24/><U35/><E35/><V41/><F41/><W101/><G101/><N who="0" m="62783" /><D31/><U21/><E103/><V49/><F49/><W17/><G17/><T123/><D123/><U73/><E48/><V96/><F96/><W64/><G64/><T115/><D115/><U60/><E66/><V1/><F1/><W5/><G5/><T124/><D124/><U79/><E7/><V102/><F102/><RYUUKYOKU ba="0,1" sc="277,10,293,-30,229,10,191,10" hai0="53,59,88,91,93,94,95" hai2="18,19,22,26,30,36,43,47,78,81,87,97,100" hai3="42,51,56,62,65,68,70" /><INIT seed="2,1,1,2,5,33" ten="287,263,239,201" oya="2" hai0="104,131,31,82,66,49,60,6,72,122,32,87,86" hai1="75,79,91,76,35,118,112,53,18,117,54,94,134" hai2="77,123,129,38,64,78,81,59,63,8,101,28,1" hai3="42,97,57,56,106,90,128,13,12,58,102,96,69"/><V113/><F113/><W44/><G69/><T0/><D104/><U67/><E112/><V126/><F123/><W41/><G128/><T50/><D122/><U45/><E134/><V25/><F38/><W125/><G125/><T124/><D72/><U48/><E35/><V36/><F36/><W74/><G74/><T107/><D107/><U84/><E75/><V132/><F132/><W51/><REACH who="3" step="1"/><G42/><REACH who="3" ten="287,263,239,191" step="2"/><T73/><D73/><U14/><E117/><V23/><F126/><W92/><AGARI ba="1,2" hai="12,13,41,44,51,56,57,58,90,92,96,97,102,106" machi="92" ten="30,4000,0" yaku="1,1,2,1,0,1,53,0" doraHai="33" doraHaiUra="133" who="3" fromWho="3" sc="287,-11,263,-11,239,-21,191,63" /><INIT seed="3,0,0,4,0,31" ten="276,252,218,254" oya="3" hai0="104,108,97,121,0,4,62,73,76,32,34,1,20" hai1="96,123,75,95,109,130,116,126,83,53,23,2,98" hai2="12,122,37,9,88,103,69,135,90,54,86,100,25" hai3="85,43,49,55,131,78,44,134,48,79,57,17,89"/><W18/><G131/><T29/><D121/><U105/><E109/><V70/><F135/><W8/><G134/><T91/><D20/><U113/><E123/><V56/><F122/><W61/><G49/><T128/><D91/><U115/><E2/><N who="0" m="1129" /><D4/><U72/><E130/><V68/><F37/><W22/><G8/><T47/><D29/><U129/><E126/><V110/><F25/><W35/><G35/><N who="0" m="13355" /><D62/><U6/><E6/><V64/><F64/><W92/><REACH who="3" step="1"/><G18/><REACH who="3" ten="276,252,218,244" step="2"/><T28/><D28/><U30/><E30/><V14/><F110/><W101/><G101/><T111/><D128/><U21/><E129/><V24/><F100/><W87/><G87/><T7/><D7/><U124/><E124/><V27/><F103/><W80/><G80/><N who="0" m="45071" /><D47/><U10/><E10/><V51/><F90/><W63/><G63/><T82/><D82/><U117/><E83/><V46/><F46/><W5/><G5/><T102/><AGARI ba="0,1" hai="97,102,104,108,111" m="45071,13355,1129" machi="102" ten="40,8000,1" yaku="23,1,52,3" doraHai="31" who="0" fromWho="0" sc="276,90,252,-20,218,-20,244,-40" owari="366,46.6,232,3.2,198,-30.2,204,-19.6" /></mjloggm>