<mjloggm ver="2.3"><GO type="225" lobby="0"/><UN n0="%6D%75%75%6D%75%72%61" n1="%E3%82%BC%E3%83%AB%E3%83%80%E3%81%AE%E4%BC%9D%E8%AA%AC" n2="%E6%9A%87%E4%BA%BA%EF%BC%A0%E9%85%8D%E4%BF%A1%E5%9E%A2" n3="%E5%AE%AE%E4%BF%9D%E9%B6%8F%E8%82%89" dan="16,16,17,16" rate="2123.76,2209.56,2145.40,2122.84" sx="F,M,F,M"/><TAIKYOKU oya="0"/><INIT seed="0,0,0,4,3,135" ten="250,250,250,250" oya="0" hai0="13,19,107,89,103,131,74,114,91,127,113,57,97" hai1="20,102,92,21,72,16,44,59,0,88,90,134,10" hai2="79,45,50,122,6,47,56,101,41,53,54,98,67" hai3="78,81,30,125,124,94,23,109,3,115,66,46,64"/><T123/><D74/><U49/><E72/><V126/><F122/><W106/><G115/><T36/><D131/><U110/><E110/><V1/><F79/><W38/><G106/><T65/><D123/><U93/><E134/><V99/><F67/><W31/><G3/><T132/><D132/><U11/><E0/><V2/><F126/><N who="3" m="48747" /><G94/><N who="1" m="36458" /><E102/><V121/><F121/><W28/><G23/><N who="1" m="8778" /><E59/><V96/><F101/><W60/><G109/><T71/><D36/><U48/><E48/><V18/><F2/><W37/><G46/><T120/><D120/><U4/><E4/><V86/><F1/><W119/><G119/><T83/><D71/><U116/><E116/><V14/><F6/><W129/><G129/><T29/><D127/><U5/><E5/><V111/><F111/><W70/><G64/><T100/><D65/><U8/><E16/><V117/><F117/><W84/><AGARI ba="0,0" hai="28,30,31,37,38,60,66,70,78,81,84" m="48747" machi="84" ten="30,7900,0" yaku="18,1,52,3" doraHai="135" who="3" fromWho="3" sc="250,-39,250,-20,250,-20,250,79" /><INIT seed="1,0,0,0,4,46" ten="211,230,230,329" oya="1" hai0="33,117,78,112,41,134,90,73,12,102,32,86,75" hai1="98,76,114,135,9,64,30,39,95,91,40,74,42" hai2="13,119,88,18,0,89,77,99,1,4,105,6,80" hai3="45,38,22,100,97,43,55,103,79,67,26,128,115"/><U29/><E114/><V58/><F119/><W104/><G115/><T52/><D112/><U27/><E135/><V63/><F1/><W96/><G128/><T17/><D117/><U124/><E124/><V85/><F105/><W15/><G67/><T94/><D134/><U84/><E74/><V131/><F131/><W10/><G79/><T62/><D41/><U37/><E64/><V71/><F71/><W121/><G55/><T2/><D2/><U7/><E37/><V130/><F130/><W108/><G108/><T16/><D102/><U51/><E39/><V110/><F110/><W5/><G121/><T87/><D75/><U122/><E122/><V129/><F129/><W106/><G22/><T20/><D73/><U116/><E116/><V66/><F0/><W82/><G82/><N who="0" m="47447" /><D32/><U57/><E76/><V111/><F111/><W60/><G60/><T107/><D33/><U118/><E98/><V68/><F68/><W127/><G26/><T133/><D107/><U50/><E118/><V23/><REACH who="2" step="1"/><F99/><REACH who="2" ten="211,230,220,329" step="2"/><W123/><G123/><T8/><D133/><U69/><E69/><V48/><F48/><N who="1" m="18473" /><E57/><V31/><F31/><N who="1" m="11785" /><E27/><V72/><F72/><W34/><G127/><T3/><D3/><U11/><E11/><V81/><F81/><W120/><G120/><T70/><D70/><U56/><E56/><V83/><F83/><W44/><G44/><T28/><D28/><U14/><AGARI ba="0,1" hai="7,9,14,40,42,84,91,95" m="11785,18473" machi="14" ten="30,11700,0" yaku="8,1,52,3" doraHai="46" who="1" fromWho="1" sc="211,-39,230,127,220,-39,329,-39" /><INIT seed="1,1,0,0,1,10" ten="172,357,181,290" oya="1" hai0="118,45,79,105,108,75,44,133,129,114,111,93,65" hai1="31,54,51,15,13,126,123,22,106,39,103,21,27" hai2="3,57,104,83,66,24,134,127,11,8,59,86,95" hai3="0,109,46,124,91,20,122,2,117,14,49,6,77"/><U102/><E39/><V12/><F104/><W128/><G122/><T113/><D105/><U74/><E123/><V71/><F71/><W94/><G109/><N who="0" m="42059" /><D118/><U125/><E74/><V72/><F134/><W101/><G117/><T41/><D93/><U53/><E106/><V9/><F127/><N who="1" m="48649" /><E22/><V99/><F72/><W120/><G101/><N who="1" m="38410" /><E53/><V78/><F3/><W52/><G124/><T50/><D79/><U89/><E89/><V43/><F43/><W70/><G77/><T90/><D90/><U55/><E55/><V67/><F24/><W112/><G120/><T87/><D87/><U1/><E1/><V64/><F95/><W56/><G0/><T81/><D81/><U88/><E88/><V5/><REACH who="2" step="1"/><F99/><REACH who="2" ten="172,357,171,290" step="2"/><W34/><G2/><T16/><D75/><U58/><AGARI ba="1,1" hai="13,15,21,27,31,51,54,58" m="38410,48649" machi="58" ten="30,6000,0" yaku="18,1,52,2" doraHai="10" who="1" fromWho="1" sc="172,-21,357,73,171,-21,290,-21" /><INIT seed="1,2,0,0,5,129" ten="151,430,150,269" oya="1" hai0="120,85,17,68,112,132,82,20,84,33,135,83,131" hai1="77,123,106,104,2,55,11,18,4,6,98,73,15" hai2="8,45,16,19,115,22,128,114,86,59,37,54,122" hai3="97,109,46,99,75,7,29,126,88,38,92,50,69"/><U26/><E123/><V14/><F122/><W41/><G75/><T72/><D120/><U118/><E118/><V74/><F74/><W28/><G69/><T10/><D112/><N who="2" m="43050" /><F128/><W108/><G126/><T56/><D131/><U76/><E55/><V25/><F86/><N who="0" m="33386" /><D68/><U105/><E73/><V111/><F111/><N who="3" m="42571" /><G7/><T125/><D33/><U133/><E4/><V48/><F37/><W103/><G38/><T78/><D125/><U91/><E26/><V65/><F65/><W60/><G60/><T47/><D82/><U61/><E61/><V117/><F117/><W51/><G50/><T23/><D56/><AGARI ba="2,0" hai="8,14,16,19,22,25,45,48,54,56,59" m="43050" machi="56" ten="30,2000,0" yaku="11,1,54,1" doraHai="129" who="2" fromWho="0" sc="151,-26,430,0,150,26,269,0" /><INIT seed="2,0,0,5,2,114" ten="125,430,176,269" oya="2" hai0="47,105,122,88,123,27,92,48,116,127,11,69,80" hai1="53,21,98,85,72,60,83,135,58,95,65,130,46" hai2="15,64,82,49,0,42,14,108,44,119,61,1,9" hai3="129,89,29,94,77,71,6,93,57,101,8,25,107"/><V112/><F112/><W90/><G71/><T20/><D105/><U33/><E33/><V45/><F108/><W41/><G129/><T7/><D127/><U81/><E72/><V118/><F82/><W37/><G77/><T84/><D69/><U99/><E130/><V106/><F106/><W104/><G101/><T96/><D116/><U39/><E135/><V23/><F23/><W97/><G57/><T132/><D132/><U86/><E21/><V111/><F111/><W62/><G62/><T38/><D38/><U133/><E133/><V12/><F44/><W109/><G41/><T43/><D7/><U131/><E131/><V56/><REACH who="2" step="1"/><F9/><REACH who="2" ten="125,430,166,269" step="2"/><W124/><G109/><T50/><D11/><U28/><E81/><V67/><F67/><W75/><G107/><T17/><REACH who="0" step="1"/><D50/><REACH who="0" ten="115,430,166,269" step="2"/><U125/><E39/><V22/><F22/><W113/><G37/><T3/><D3/><AGARI ba="0,2" hai="0,1,3,12,14,15,42,45,49,56,61,64,118,119" machi="3" ten="40,18000,2" yaku="1,1,52,2,53,3" doraHai="114" doraHaiUra="10" who="2" fromWho="0" sc="115,-180,430,0,166,200,269,0" owari="-65,-56.5,430,53.0,366,16.6,269,-13.1" /></mjloggm>