<mjloggm ver="2.3"><GO type="225" lobby="0"/><UN n0="%6D%75%75%73%61%6E%6D%75" n1="%E6%B0%B7%E5%B7%9D%E9%87%8C%E5%A5%88" n2="%E3%81%B5%E3%81%98%E3%81%8B%E3%81%A4" n3="%E9%80%86%E9%80%A3%E5%B8%AF%E3%81%AE%E9%AC%BC" dan="16,16,16,16" rate="2122.69,2101.98,2194.43,2161.29" sx="F,F,M,M"/><TAIKYOKU oya="0"/><INIT seed="0,0,0,3,4,110" ten="250,250,250,250" oya="0" hai0="34,134,129,57,6,46,55,54,62,79,49,80,99" hai1="122,1,16,76,123,94,8,22,47,9,115,15,18" hai2="107,58,60,104,19,84,74,67,52,126,71,7,100" hai3="35,3,21,13,135,75,24,114,91,70,90,97,133"/><T45/><D34/><U28/><E76/><V72/><F126/><W132/><G3/><T120/><D120/><U95/><E47/><V4/><F84/><W83/><G70/><T32/><D32/><U10/><E95/><V118/><F118/><W81/><G35/><T63/><D129/><U87/><E94/><V112/><F112/><W131/><G131/><T44/><D134/><U102/><E102/><V61/><F19/><W121/><G121/><N who="1" m="46090" /><E87/><V116/><F116/><W98/><G13/><T36/><D99/><N who="3" m="37897" /><G114/><T111/><D111/><U127/><E127/><V51/><F100/><W88/><G75/><T50/><D6/><N who="1" m="1231" /><E28/><AGARI ba="0,0" hai="21,24,28,81,83,88,90,91,132,133,135" m="37897" machi="28" ten="40,2600,0" yaku="20,1,54,1" doraHai="110" who="3" fromWho="1" sc="250,0,250,-26,250,0,250,26" /><INIT seed="1,0,0,2,1,88" ten="250,224,250,276" oya="1" hai0="76,75,9,123,50,71,72,120,125,23,87,77,103" hai1="90,49,65,52,81,10,106,111,132,102,129,44,57" hai2="100,133,122,131,2,91,101,70,5,24,7,13,47" hai3="78,105,58,121,135,4,63,46,30,42,60,67,116"/><U36/><E129/><V55/><F122/><N who="0" m="46634" /><D71/><U29/><E132/><V107/><F70/><W119/><G135/><T108/><D9/><U11/><E29/><V115/><F133/><W34/><G105/><T26/><D108/><U0/><E111/><V128/><F24/><W32/><G121/><T79/><D50/><U95/><E81/><V113/><F2/><W3/><G78/><T12/><D12/><U85/><E0/><V66/><F66/><W31/><G31/><N who="0" m="17887" /><D125/><U54/><E65/><V98/><F100/><W35/><G30/><T112/><D112/><N who="2" m="43082" /><F91/><W82/><G3/><T64/><D64/><U37/><E37/><V15/><F13/><W92/><G34/><T38/><D38/><U43/><REACH who="1" step="1"/><E52/><REACH who="1" ten="250,214,250,276" step="2"/><V21/><F55/><W69/><G67/><T124/><D124/><U28/><E28/><V114/><F114/><W22/><G35/><T6/><D75/><U56/><E56/><V17/><F47/><W109/><G58/><T61/><D72/><U118/><E118/><V68/><F68/><W20/><G69/><T117/><D117/><U62/><E62/><V39/><F39/><W134/><G63/><T104/><D61/><U93/><E93/><V59/><F59/><W51/><G60/><T45/><D45/><U27/><E27/><V94/><F107/><W126/><G32/><T16/><D104/><U19/><E19/><V14/><F14/><W99/><G119/><T53/><D53/><U8/><E8/><V73/><F73/><W110/><G46/><T18/><D18/><U130/><E130/><AGARI ba="0,1" hai="5,7,15,17,21,94,98,101,128,130,131" m="43082" machi="130" ten="30,3900,0" yaku="19,1,11,1,52,1" doraHai="88" who="2" fromWho="1" sc="250,0,214,-39,250,49,276,0" /><INIT seed="2,0,0,2,5,99" ten="250,175,299,276" oya="2" hai0="76,107,50,48,133,51,74,22,127,29,43,55,73" hai1="69,54,59,111,97,85,91,96,63,82,46,6,30" hai2="45,86,5,88,32,121,118,84,12,53,19,90,75" hai3="67,49,114,100,3,106,61,26,36,132,40,58,112"/><V35/><F118/><W131/><G3/><T1/><D1/><U125/><E111/><V18/><F121/><W42/><G132/><T105/><D133/><U68/><E125/><V113/><F75/><W9/><G131/><T120/><D120/><U93/><E30/><V10/><F113/><W126/><G126/><T116/><D127/><U62/><E6/><V52/><F45/><W72/><G72/><T4/><D116/><U79/><E46/><V47/><F47/><W16/><G36/><T110/><D4/><U101/><REACH who="1" step="1"/><E62/><REACH who="1" ten="250,165,299,276" step="2"/><V109/><F5/><W87/><G61/><T60/><D110/><U103/><E103/><V11/><F109/><W41/><G100/><T70/><D60/><U122/><E122/><V13/><AGARI ba="0,1" hai="10,11,12,13,18,19,32,35,52,53,84,86,88,90" machi="13" ten="25,12000,1" yaku="0,1,22,2,54,2" doraHai="99" who="2" fromWho="2" sc="250,-40,165,-40,299,130,276,-40" /><INIT seed="2,1,0,3,4,81" ten="210,125,429,236" oya="2" hai0="117,91,110,95,15,27,79,113,105,4,6,31,23" hai1="35,11,34,36,101,3,60,5,69,28,135,65,8" hai2="133,88,106,46,66,130,24,126,12,10,17,114,111" hai3="76,127,87,94,1,57,122,51,124,19,44,16,107"/><V25/><F114/><W42/><G107/><T82/><D113/><U80/><E135/><V103/><F111/><W115/><G122/><T86/><D110/><U30/><E36/><V2/><F133/><W7/><G115/><T128/><D128/><U67/><E101/><V83/><F130/><W13/><G1/><T96/><D117/><U68/><E80/><V102/><F83/><N who="3" m="47591" /><G57/><T21/><D105/><U39/><E39/><V26/><F66/><W75/><G75/><T84/><D96/><U37/><E37/><V70/><F2/><W53/><G53/><T49/><D49/><U72/><E72/><V132/><F70/><W14/><G14/><T131/><D131/><U73/><E73/><V89/><F126/><N who="3" m="48171" /><G94/><T32/><D32/><U0/><REACH who="1" step="1"/><E5/><REACH who="1" ten="210,115,429,236" step="2"/><V41/><F132/><W43/><G43/><T61/><D6/><U118/><E118/><V71/><F103/><W112/><G112/><T123/><D4/><U62/><AGARI ba="1,1" hai="0,3,8,11,28,30,34,35,60,62,65,67,68,69" machi="62" ten="25,6400,0" yaku="1,1,0,1,22,2,53,0" doraHai="81" doraHaiUra="100" who="1" fromWho="1" sc="210,-17,115,77,429,-33,236,-17" /><INIT seed="3,0,0,3,5,34" ten="193,192,396,219" oya="3" hai0="15,72,70,55,77,39,1,37,12,133,2,132,7" hai1="17,26,51,35,66,94,111,112,95,119,128,62,25" hai2="104,32,126,20,86,63,31,102,106,3,29,105,40" hai3="91,60,87,56,82,90,4,33,129,65,98,81,21"/><W41/><G33/><T44/><D70/><U27/><E112/><V28/><F86/><W122/><G129/><T114/><D114/><U11/><E128/><V64/><F20/><W18/><G122/><T45/><D72/><U118/><E35/><V8/><F40/><W79/><G4/><T103/><D103/><U22/><E111/><V9/><F102/><W14/><G41/><T10/><D77/><U36/><E36/><N who="0" m="13897" /><D55/><U101/><E51/><V5/><F126/><W6/><G6/><T49/><D49/><U46/><E46/><N who="0" m="18025" /><D15/><N who="1" m="9535" /><E11/><V71/><F9/><W127/><G127/><T110/><D110/><U92/><E101/><V38/><F38/><W50/><G50/><T42/><D42/><U59/><E119/><V84/><F84/><N who="3" m="50447" /><G98/><T125/><D125/><U24/><N who="1" m="6144" /><DORA hai="47" /><U100/><E118/><V97/><F5/><W73/><G73/><T130/><D130/><U54/><E100/><V61/><F32/><W43/><G43/><T57/><D57/><U80/><E80/><V109/><F109/><W93/><G93/><N who="1" m="23810" /><U117/><DORA hai="83" /><E117/><V120/><F106/><W108/><G108/><T115/><D115/><U30/><E30/><V78/><F105/><W85/><G85/><T67/><D67/><AGARI ba="0,0" hai="54,59,62,66,67" m="23810,6144,9535" machi="67" ten="50,1600,0" yaku="8,1" doraHai="34,47,83" who="1" fromWho="0" sc="193,-16,192,16,396,0,219,0" owari="177,-32.3,208,-19.2,396,49.6,219,1.9" /></mjloggm>