<mjloggm ver="2.3"><GO type="225" lobby="0"/><UN n0="%E3%81%86%E3%81%A9%E3%82%93%E3%81%93" n1="%E3%82%B2%E3%82%B9%E8%8C%82%E5%8B%9D" n2="%E3%81%99%E3%81%84%E3%81%BE%E3%81%9B%E3%83%BC%E3%82%93" n3="%E6%B4%BE%E9%81%A3%E3%81%AE%E3%82%B8%E3%83%A3%E3%83%83%E3%82%AF" dan="16,16,17,17" rate="2149.40,2047.36,2237.51,2179.05" sx="M,F,M,M"/><TAIKYOKU oya="0"/><INIT seed="0,0,0,3,5,35" ten="250,250,250,250" oya="0" hai0="42,61,24,98,59,109,19,105,66,125,76,89,107" hai1="69,87,122,60,41,51,120,127,53,112,128,78,29" hai2="56,91,16,106,54,22,126,129,131,117,108,118,39" hai3="21,50,100,28,101,132,82,121,70,115,90,88,110"/><T64/><D125/><U85/><E127/><V40/><F126/><W123/><G70/><T81/><D42/><U18/><E29/><V12/><F106/><W84/><G50/><T57/><D109/><U73/><E73/><V58/><F108/><W7/><G110/><T68/><D68/><U4/><E41/><V10/><F91/><W49/><G115/><T43/><D43/><U113/><E128/><N who="2" m="49227" /><F40/><W13/><G49/><T102/><D105/><U26/><E4/><N who="2" m="3143" /><F39/><W116/><G116/><N who="2" m="44649" /><F54/><W134/><G90/><T114/><D89/><U133/><E120/><N who="3" m="46154" /><G100/><T93/><D107/><U119/><E122/><V62/><F62/><W0/><G101/><T45/><D45/><U111/><E111/><V36/><F36/><W104/><G104/><T74/><D114/><U25/><E60/><V33/><F33/><W124/><G124/><T6/><D6/><U99/><E112/><V8/><F8/><N who="3" m="2151" /><G28/><T103/><D103/><U80/><E113/><V55/><F55/><W2/><G2/><T37/><D37/><U17/><E53/><V47/><F47/><W97/><G97/><T23/><D59/><U135/><E99/><V14/><AGARI ba="0,0" hai="14,16,22,56,58" m="44649,3143,49227" machi="14" ten="30,4000,0" yaku="19,1,12,1,54,1" doraHai="35" who="2" fromWho="2" sc="250,-20,250,-10,250,40,250,-10" /><INIT seed="1,0,0,3,1,102" ten="230,240,290,240" oya="1" hai0="89,126,62,120,68,91,22,133,17,99,43,36,105" hai1="19,76,45,52,34,28,63,129,87,11,35,37,90" hai2="53,82,81,40,101,88,61,31,100,2,12,32,54" hai3="7,42,134,123,8,4,72,135,71,23,78,116,122"/><U47/><E129/><V107/><F2/><W33/><G71/><T14/><D133/><N who="3" m="50697" /><G42/><T79/><D126/><U0/><E76/><V119/><F40/><W108/><G72/><T39/><D120/><N who="3" m="46121" /><G78/><T94/><D79/><U121/><E121/><V109/><F61/><W46/><G46/><T130/><D130/><U41/><E28/><V49/><F31/><W124/><G108/><T114/><D114/><U67/><E0/><V21/><F109/><W20/><G124/><T80/><D43/><U64/><E64/><V106/><F53/><W77/><G77/><T128/><D128/><U127/><E127/><V3/><F54/><W24/><G116/><T69/><D69/><U95/><E47/><V29/><F119/><W50/><G50/><T104/><D39/><U97/><E52/><V27/><F49/><W93/><G93/><T1/><D36/><U96/><E35/><V85/><F32/><W58/><G58/><T131/><D131/><U111/><E34/><V10/><F82/><W74/><G74/><T112/><D112/><U48/><E37/><V103/><REACH who="2" step="1"/><F3/><REACH who="2" ten="230,240,280,240" step="2"/><N who="3" m="31" /><G7/><AGARI ba="0,1" hai="7,10,12,21,27,29,81,85,88,100,101,103,106,107" machi="7" ten="40,8000,1" yaku="1,1,52,2,54,1,53,0" doraHai="102" doraHaiUra="110" who="2" fromWho="3" sc="230,0,240,0,280,90,240,-80" /><INIT seed="2,0,0,2,3,19" ten="230,240,370,160" oya="2" hai0="15,133,119,24,52,129,62,83,99,109,96,72,57" hai1="123,121,91,103,127,110,90,86,26,97,20,82,22" hai2="34,41,95,28,131,63,8,107,39,69,66,45,118" hai3="124,100,9,4,117,1,13,102,29,132,85,10,5"/><V59/><F107/><W46/><G117/><T42/><D119/><U33/><E110/><V31/><F118/><W48/><G124/><T108/><D129/><U122/><E127/><V93/><F131/><W47/><G132/><T11/><D42/><U27/><E91/><V35/><F8/><W80/><G29/><T18/><D133/><U135/><E135/><V43/><F43/><W16/><G4/><T23/><D72/><U70/><E70/><V89/><F93/><W6/><G6/><T12/><D12/><U114/><E114/><V49/><F31/><W2/><G2/><T75/><D75/><U17/><E33/><V50/><F28/><W120/><G120/><T55/><D83/><U130/><E130/><V7/><F7/><W64/><G64/><T88/><D55/><U71/><E71/><V68/><F69/><W76/><REACH who="3" step="1"/><G46/><REACH who="3" ten="230,240,370,150" step="2"/><T30/><D108/><U84/><E121/><V61/><F34/><W104/><G104/><T54/><D109/><U40/><E122/><V116/><F35/><W3/><G3/><T14/><D30/><U36/><E123/><V81/><F116/><W58/><G58/><T79/><D57/><U112/><E112/><V56/><F68/><W67/><G67/><T25/><D18/><U128/><E17/><V73/><F59/><W78/><G78/><T87/><D79/><U126/><E126/><V77/><F63/><W105/><G105/><T92/><D62/><U94/><E128/><V98/><AGARI ba="0,1" hai="39,41,45,49,50,56,61,66,73,77,81,89,95,98" machi="98" ten="20,2100,0" yaku="0,1,7,1" doraHai="19" who="2" fromWho="2" sc="230,-7,240,-7,370,31,150,-7" /><INIT seed="2,1,0,5,4,80" ten="223,233,401,143" oya="2" hai0="81,63,49,65,1,75,84,112,92,96,79,25,64" hai1="124,6,61,131,4,125,27,50,52,121,102,73,122" hai2="93,24,8,19,3,7,20,43,76,106,82,127,105" hai3="100,16,101,110,53,99,130,85,129,117,54,23,134"/><V55/><F127/><N who="1" m="48713" /><E73/><V111/><F111/><W29/><G29/><T47/><D112/><U18/><E102/><N who="3" m="39530" /><G117/><T41/><D1/><U56/><E131/><N who="3" m="50186" /><G99/><T33/><D75/><U2/><E2/><V68/><F68/><W42/><G42/><T9/><D9/><U17/><E61/><V132/><F132/><W66/><G66/><T86/><D96/><U58/><E58/><V97/><F43/><W10/><G10/><T48/><D48/><U71/><E71/><V90/><F55/><N who="3" m="21003" /><G110/><T104/><D104/><U30/><E6/><V12/><F3/><W46/><G46/><T108/><D108/><U67/><E4/><V15/><F106/><W115/><G115/><T45/><D45/><U57/><E67/><V120/><F105/><W59/><G59/><T39/><D64/><U114/><E57/><V13/><F120/><N who="1" m="46185" /><E114/><V69/><F69/><W128/><N who="3" m="50194" /><W5/><DORA hai="0" /><G5/><T103/><D65/><U21/><AGARI ba="1,0" hai="17,18,21,27,30,50,52,56" m="46185,48713" machi="21" ten="30,4000,0" yaku="18,1,13,1,54,1" doraHai="80,0" who="1" fromWho="1" sc="223,-11,233,43,401,-21,143,-11" /><INIT seed="3,0,0,1,5,78" ten="212,276,380,132" oya="3" hai0="46,106,40,126,26,37,97,57,96,45,27,107,19" hai1="60,64,2,48,111,114,101,120,23,56,135,13,127" hai2="50,134,102,90,53,82,42,0,36,38,16,28,94" hai3="3,87,122,47,20,76,14,132,5,15,98,81,9"/><W113/><G113/><T71/><D71/><U95/><E111/><V21/><F0/><W131/><G122/><T116/><D116/><U115/><E120/><V112/><F112/><W65/><G132/><T118/><D118/><U62/><E2/><V73/><F28/><W109/><G131/><T88/><D57/><U67/><E135/><V80/><F102/><W63/><G109/><T70/><D70/><U104/><E104/><V119/><F119/><W59/><G98/><T105/><D126/><U51/><E127/><V92/><F92/><W43/><REACH who="3" step="1"/><G20/><REACH who="3" ten="212,276,380,122" step="2"/><T110/><D97/><U52/><E114/><V31/><F134/><W18/><G18/><T74/><D110/><U32/><E115/><V1/><F16/><W93/><G93/><T117/><D117/><U7/><E95/><V54/><F21/><W12/><G12/><T34/><D106/><U68/><E23/><V49/><F1/><W6/><G6/><T133/><D105/><U130/><E13/><V61/><F94/><W84/><G84/><T66/><D107/><U4/><E7/><V44/><F31/><W22/><G22/><T77/><D133/><U25/><E4/><V11/><F73/><W129/><G129/><T123/><D19/><U121/><E121/><V124/><F124/><W41/><G41/><T100/><D96/><U75/><E75/><V79/><F42/><W10/><G10/><T128/><D74/><U99/><E99/><V55/><F11/><W85/><G85/><T72/><D72/><U17/><E130/><V24/><F24/><N who="0" m="9258" /><D128/><U103/><E25/><V30/><F30/><RYUUKYOKU ba="0,1" sc="212,-10,276,-10,380,-10,122,30" hai3="3,5,9,14,15,43,47,59,63,65,76,81,87" /><INIT seed="3,1,1,3,2,52" ten="202,266,370,152" oya="3" hai0="2,119,111,27,19,63,96,53,83,22,133,45,94" hai1="11,0,24,25,7,36,118,127,122,128,32,106,41" hai2="35,102,110,3,64,26,47,23,114,69,4,31,14" hai3="100,131,68,9,57,121,13,99,87,80,70,98,132"/><W79/><G121/><T135/><D119/><U134/><RYUUKYOKU type="yao9" ba="1,1" sc="202,0,266,0,370,0,152,0" hai1="0,7,11,24,25,32,36,41,106,118,122,127,128,134" /><INIT seed="3,2,1,4,1,19" ten="202,266,370,152" oya="3" hai0="46,0,95,42,115,43,97,87,53,131,11,4,31" hai1="1,98,123,85,58,81,55,52,59,107,34,20,63" hai2="71,49,25,29,120,84,35,15,3,28,56,26,90" hai3="12,96,30,110,93,8,69,124,70,75,76,77,9"/><W66/><G124/><T94/><D131/><U14/><E123/><V32/><F3/><W100/><G110/><T106/><D115/><U38/><E34/><V102/><F71/><W111/><G111/><T24/><D53/><U109/><E109/><V10/><F102/><W104/><G30/><T5/><D5/><U13/><E1/><V41/><F120/><W126/><G126/><T57/><D57/><U135/><E135/><V72/><F72/><W47/><G47/><T7/><D7/><U62/><E38/><V44/><F56/><W83/><G76/><T86/><D95/><U113/><E113/><V130/><F130/><W51/><G51/><T121/><D106/><U16/><E98/><V65/><F65/><W105/><G69/><T2/><D2/><U36/><E36/><V17/><F84/><W128/><G128/><T45/><D45/><U73/><E73/><V89/><AGARI ba="2,1" hai="10,15,17,25,26,28,29,32,35,41,44,49,89,90" machi="89" ten="30,2000,0" yaku="0,1,9,1" doraHai="19" who="2" fromWho="2" sc="202,-7,266,-7,370,36,152,-12" owari="195,-20.5,259,5.9,406,50.6,140,-36.0" /></mjloggm>