<mjloggm ver="2.3"><GO type="225" lobby="0"/><UN n0="%33%74%72%65%65" n1="%E3%81%9F%E3%81%93%E2%98%86%E7%84%BC%E3%81%8D" n2="%77%72%77%72%77%72%77%72" n3="%E3%81%BF%E3%81%BF%E3%81%9A" dan="17,16,16,17" rate="2226.17,2073.71,2127.07,2239.85" sx="F,M,M,M"/><TAIKYOKU oya="0"/><INIT seed="0,0,0,0,0,123" ten="250,250,250,250" oya="0" hai0="108,97,67,71,53,81,34,5,66,82,47,45,119" hai1="92,100,133,33,76,94,86,84,112,40,96,102,98" hai2="55,124,2,18,126,128,42,54,60,16,64,113,69" hai3="0,120,59,43,122,29,41,9,85,83,131,17,48"/><T118/><D34/><U101/><E33/><V103/><F113/><W115/><G115/><T28/><D28/><U90/><E112/><V111/><F2/><W8/><G29/><T114/><D114/><U1/><E40/><N who="3" m="15434" /><G0/><T3/><D97/><U63/><E63/><V109/><F42/><W35/><G35/><T116/><D5/><U79/><E133/><V6/><F6/><W49/><G131/><T38/><D3/><U22/><E22/><V121/><F121/><N who="3" m="46699" /><G17/><N who="2" m="6761" /><F103/><W110/><G110/><N who="2" m="41993" /><F128/><W87/><G59/><T61/><D108/><U72/><E1/><V26/><F26/><W77/><G85/><N who="1" m="32874" /><E72/><V75/><F75/><W73/><G73/><T25/><D25/><U93/><E90/><V65/><F65/><W62/><G62/><T15/><D61/><U10/><E10/><AGARI ba="0,0" hai="8,9,10,48,49,77,83,87" m="46699,15434" machi="10" ten="30,1000,0" yaku="13,1" doraHai="123" who="3" fromWho="1" sc="250,0,250,-10,250,0,250,10" /><INIT seed="1,0,0,1,5,9" ten="250,240,250,260" oya="1" hai0="31,40,45,21,72,37,4,24,67,7,84,130,107" hai1="20,26,29,25,110,50,93,134,63,70,13,113,14" hai2="132,115,34,49,54,80,42,6,126,87,8,0,112" hai3="133,125,83,44,62,121,35,81,124,19,114,52,43"/><U90/><E113/><N who="2" m="43595" /><F132/><W22/><G114/><T30/><D72/><U64/><E134/><V89/><F34/><W135/><G35/><T131/><D107/><U119/><E119/><V65/><F65/><W1/><G1/><T66/><D31/><U79/><E79/><V95/><F42/><W105/><G105/><T108/><D108/><U76/><E76/><V39/><F39/><W68/><G121/><T69/><D67/><U92/><E110/><V122/><F126/><N who="3" m="48747" /><G83/><T51/><D51/><U82/><E82/><V117/><F122/><W36/><G81/><T57/><D69/><U46/><E25/><V123/><F123/><W85/><G85/><T86/><D86/><U128/><E92/><V77/><F117/><W18/><G18/><T103/><D84/><U91/><E128/><V5/><F5/><W104/><G104/><T15/><D4/><U97/><E91/><V116/><F116/><W127/><N who="3" m="48755" /><W41/><DORA hai="100" /><G41/><AGARI ba="0,0" hai="13,14,20,26,29,41,46,50,63,64,70,90,93,97" machi="41" ten="30,5800,0" yaku="7,1,52,2" doraHai="9,100" who="1" fromWho="3" sc="250,0,240,58,250,0,260,-58" /><INIT seed="1,1,0,5,0,90" ten="250,298,250,202" oya="1" hai0="101,14,41,49,66,1,3,95,120,56,78,44,42" hai1="81,107,23,63,22,99,126,19,8,15,79,72,85" hai2="100,2,104,117,37,26,51,86,130,17,121,134,34" hai3="16,24,115,54,67,88,105,133,97,64,36,77,9"/><U74/><E74/><V5/><F37/><W20/><G115/><T57/><D120/><U48/><E126/><V68/><F117/><W43/><G133/><T123/><D123/><U12/><E107/><V40/><F121/><W60/><G77/><T113/><D113/><U114/><E114/><V132/><F68/><W4/><G36/><T61/><D41/><U98/><E72/><V96/><F130/><W110/><G43/><T18/><D57/><U47/><E63/><V92/><F5/><W35/><G110/><T111/><D78/><U50/><E50/><V124/><F2/><W91/><G35/><T28/><D28/><U11/><E22/><N who="2" m="13647" /><F34/><W33/><G33/><T25/><D25/><U125/><E125/><V53/><F40/><W84/><G105/><T102/><D102/><U39/><E23/><V129/><F124/><W103/><G103/><T118/><D111/><U55/><E39/><V32/><F32/><W89/><G97/><T71/><D71/><U30/><E30/><V31/><F31/><W69/><G54/><T75/><D75/><U73/><E73/><V127/><F127/><W119/><G67/><T29/><D29/><U13/><E13/><V21/><F21/><W122/><G119/><T112/><D112/><U116/><E116/><V45/><F129/><W0/><REACH who="3" step="1"/><G122/><REACH who="3" ten="250,298,250,192" step="2"/><T83/><D118/><U27/><REACH who="1" step="1"/><E27/><REACH who="1" ten="250,288,250,192" step="2"/><V10/><F104/><W94/><AGARI ba="1,2" hai="0,4,9,16,20,24,60,64,69,84,88,89,91,94" machi="94" ten="20,12000,2" yaku="1,1,2,1,0,1,7,1,52,1,54,2,53,0" doraHai="90" doraHaiUra="106" who="3" fromWho="3" sc="250,-31,288,-61,250,-31,192,143" /><INIT seed="2,0,0,2,2,57" ten="219,227,219,335" oya="2" hai0="112,55,75,50,102,104,130,10,109,80,88,131,59" hai1="67,21,36,33,134,114,92,0,83,96,27,20,106" hai2="30,135,127,77,51,74,17,105,64,132,124,23,117" hai3="47,44,32,49,6,69,39,22,52,89,129,3,122"/><V97/><F30/><W24/><G122/><T68/><D112/><U81/><E0/><V2/><F2/><W86/><G32/><T7/><D68/><U56/><E106/><V37/><F37/><W101/><G101/><T58/><D109/><U60/><E36/><V79/><F51/><W119/><G119/><T133/><D133/><N who="2" m="51274" /><F117/><W94/><G129/><N who="0" m="49163" /><D75/><U5/><E5/><V108/><F108/><W66/><G3/><N who="0" m="383" /><D102/><U38/><E33/><V28/><F28/><W110/><G110/><T43/><D43/><U41/><E21/><V61/><F97/><W14/><G66/><T8/><D8/><U42/><E114/><V1/><F1/><W120/><G69/><T35/><D35/><U115/><E115/><V31/><F31/><N who="3" m="17815" /><G120/><T126/><D126/><N who="2" m="48170" /><F74/><W62/><G39/><T98/><D98/><U34/><E34/><V46/><F46/><W103/><G47/><N who="0" m="28127" /><D104/><U18/><E38/><V72/><F72/><W26/><G49/><T65/><D65/><U4/><E134/><V48/><F48/><W107/><G44/><T25/><D25/><U45/><E45/><V82/><F105/><W12/><G26/><T128/><N who="0" m="49171" /><T87/><AGARI ba="0,0" hai="58,59,80,87,88" m="28127,383,49171" machi="87" ten="40,5200,0" yaku="4,1,19,1,54,1" doraHai="57" who="0" fromWho="0" sc="219,52,227,-13,219,-26,335,-13" /><INIT seed="3,0,0,0,4,130" ten="271,214,193,322" oya="3" hai0="31,73,25,46,35,15,59,2,72,37,36,114,17" hai1="102,44,65,27,43,121,77,123,85,96,57,79,38" hai2="110,106,86,66,126,103,135,88,58,94,49,14,111" hai3="97,92,63,131,104,134,112,90,5,12,6,89,28"/><W109/><G112/><T70/><D70/><U124/><E124/><V51/><F126/><W30/><G131/><T81/><D2/><U55/><E65/><V1/><F1/><W21/><G104/><T76/><D114/><U95/><E123/><V26/><F26/><W20/><G134/><T40/><D59/><U69/><E69/><V80/><F106/><W61/><G109/><N who="2" m="41481" /><F135/><W33/><G33/><T87/><REACH who="0" step="1"/><D37/><REACH who="0" ten="261,214,193,322" step="2"/><U67/><E121/><V71/><F71/><W60/><G90/><T115/><D115/><U29/><E67/><V101/><F14/><W98/><G98/><T22/><AGARI ba="0,1" hai="15,17,22,25,31,35,36,40,46,72,73,76,81,87" machi="22" ten="20,2700,0" yaku="1,1,0,1,7,1,53,0" doraHai="130" doraHaiUra="125" who="0" fromWho="0" sc="261,37,214,-7,193,-7,322,-13" owari="298,9.8,207,-19.3,186,-31.4,309,40.9" /></mjloggm>