<mjloggm ver="2.3"><GO type="225" lobby="0"/><UN n0="%E8%81%B7%E6%A5%AD%E3%80%81%E9%A2%A8%32" n1="%E6%B8%A9%E2%98%85%E6%83%85%E2%98%85%E6%8E%AA%E2%98%85%E7%BD%AE" n2="%E3%81%86%E3%83%BC%E3%81%B1%E3%83%BC" n3="%E6%A1%9C%E8%8A%B1%E9%96%83%E3%80%85" dan="16,16,16,16" rate="2132.70,2162.10,2213.94,2106.19" sx="M,M,F,M"/><TAIKYOKU oya="0"/><INIT seed="0,0,0,5,1,111" ten="250,250,250,250" oya="0" hai0="38,48,17,74,35,13,80,37,91,61,130,49,110" hai1="45,131,57,54,94,2,33,133,81,21,67,10,4" hai2="32,134,34,103,22,6,60,126,36,59,1,3,106" hai3="64,112,30,41,51,20,78,93,82,43,102,88,85"/><T118/><D118/><U47/><E133/><V7/><F36/><W39/><G39/><T12/><D35/><U104/><E131/><V128/><F134/><W116/><G116/><T73/><D130/><U53/><E104/><V108/><F128/><W121/><G121/><T46/><D110/><U120/><E33/><V58/><F108/><W69/><G112/><T89/><D61/><U55/><E120/><V96/><F126/><W70/><G64/><T75/><D17/><U90/><E81/><V29/><F59/><W23/><G102/><T79/><D46/><U71/><E71/><V132/><F132/><W114/><G114/><T72/><D38/><U125/><E125/><V107/><F107/><W127/><G23/><T84/><D37/><U14/><E2/><V66/><F1/><W16/><G30/><T25/><D25/><U109/><E21/><V83/><F83/><W62/><G62/><T115/><D115/><U40/><E40/><V5/><F3/><W113/><G113/><T122/><D122/><U86/><E109/><V123/><F123/><W50/><G69/><T28/><D28/><U117/><E117/><V27/><AGARI ba="0,0" hai="5,6,7,22,27,29,32,34,58,60,66,96,103,106" machi="27" ten="30,1100,0" yaku="0,1" doraHai="111" who="2" fromWho="2" sc="250,-5,250,-3,250,11,250,-3" /><INIT seed="1,0,0,5,2,99" ten="245,247,261,247" oya="1" hai0="91,16,113,6,115,49,21,128,3,122,34,80,44" hai1="57,63,89,23,121,27,79,120,2,20,12,105,129" hai2="29,126,15,118,119,38,87,77,10,83,4,94,109" hai3="56,81,71,124,86,96,39,102,31,110,123,112,42"/><U36/><E129/><V62/><F38/><W111/><G123/><T72/><D128/><U22/><E2/><V68/><F109/><N who="3" m="41483" /><G124/><T25/><D122/><U13/><E36/><V41/><F41/><W125/><G71/><T75/><D34/><U101/><E79/><V35/><F126/><W98/><G112/><T61/><D3/><U8/><E27/><V130/><F130/><W100/><G31/><T73/><D6/><U95/><E105/><V46/><F46/><N who="3" m="23903" /><G56/><T97/><D61/><U47/><E47/><V114/><F114/><W132/><G132/><T55/><REACH who="0" step="1"/><D80/><REACH who="0" ten="235,247,261,247" step="2"/><U66/><E121/><V5/><F62/><W92/><G125/><T70/><D70/><U52/><E120/><V104/><F68/><W93/><G81/><T24/><D24/><U59/><E13/><V1/><F1/><W11/><G11/><T51/><D51/><N who="1" m="30879" /><E8/><V103/><F4/><W17/><G17/><T88/><D88/><U26/><E12/><V133/><F35/><W90/><G90/><T0/><D0/><U53/><E26/><V54/><F29/><W32/><G32/><T50/><D50/><U37/><E37/><V108/><F108/><W117/><G117/><T78/><D78/><U106/><E66/><V30/><F30/><W85/><AGARI ba="0,1" hai="85,86,92,93,96,98,100,102" m="23903,41483" machi="85" ten="30,4000,0" yaku="14,1,52,2" doraHai="99" who="3" fromWho="3" sc="235,-10,247,-20,261,-10,247,50" /><INIT seed="2,0,0,3,1,110" ten="225,227,251,297" oya="2" hai0="5,35,34,115,79,117,121,19,10,112,31,105,76" hai1="50,133,45,7,83,88,23,130,93,99,87,96,37" hai2="2,9,28,39,77,126,114,68,48,82,72,116,51" hai3="120,21,100,84,127,91,129,6,109,15,18,104,26"/><V25/><F116/><W90/><G120/><T86/><D105/><U132/><E37/><V0/><F68/><W62/><G127/><T74/><D121/><U4/><E130/><V12/><F126/><W69/><G109/><T107/><D86/><U14/><E99/><V123/><F123/><W94/><G129/><T43/><D117/><U85/><E85/><V101/><F39/><W22/><G104/><T55/><D55/><U58/><E58/><V59/><F101/><W89/><G100/><T73/><D43/><N who="1" m="24895" /><E23/><V135/><F135/><N who="1" m="51785" /><E14/><V92/><F92/><W118/><G118/><T67/><D67/><U131/><E131/><V124/><F124/><W134/><G134/><T54/><D54/><U63/><E63/><V57/><F59/><W47/><G47/><T52/><D52/><U71/><E71/><V65/><F51/><W27/><G62/><T38/><D38/><U30/><E30/><V13/><F13/><W61/><G61/><T75/><D107/><U20/><E20/><N who="2" m="15399" /><F48/><W53/><G69/><T49/><D49/><U17/><E17/><N who="2" m="8335" /><F57/><W119/><G119/><T108/><D19/><U66/><E66/><V95/><F65/><W11/><G53/><T40/><D108/><U80/><E80/><V44/><F44/><W122/><G122/><T70/><D70/><U33/><E33/><N who="0" m="12297" /><D40/><U128/><E128/><V46/><F95/><W98/><G98/><T29/><D31/><AGARI ba="0,0" hai="6,11,15,18,21,22,26,27,31,84,89,90,91,94" machi="31" ten="30,2000,0" yaku="7,1,8,1" doraHai="110" who="3" fromWho="0" sc="225,-20,227,0,251,0,297,20" /><INIT seed="3,0,0,5,5,12" ten="205,227,251,317" oya="3" hai0="28,134,3,115,14,49,56,36,57,41,55,91,5" hai1="13,135,37,25,86,39,31,16,125,72,127,87,45" hai2="32,77,92,128,133,89,62,64,54,113,27,112,15" hai3="95,17,101,6,117,33,109,97,34,70,107,94,47"/><W111/><G117/><T26/><D115/><U103/><E72/><V75/><F54/><W131/><G131/><T73/><D134/><U61/><E135/><V2/><F15/><W48/><G70/><T0/><D73/><U11/><E103/><V84/><F2/><W59/><G17/><T119/><D119/><U118/><E61/><V116/><F116/><W1/><G59/><T4/><D0/><U83/><E118/><V78/><F84/><W44/><G44/><N who="0" m="25743" /><D3/><U105/><E105/><V20/><F89/><W123/><G123/><T132/><D36/><N who="1" m="13899" /><E45/><V40/><F20/><W22/><G22/><N who="0" m="15447" /><D132/><U46/><E46/><V80/><F133/><W52/><G6/><N who="0" m="2667" /><D14/><U76/><E25/><V124/><F27/><W21/><G1/><T79/><D79/><U53/><E31/><V85/><F113/><W126/><G34/><T29/><D29/><U74/><E53/><V130/><F32/><W110/><G33/><T120/><D120/><U58/><E58/><N who="0" m="22633" /><D55/><U122/><E122/><V121/><F121/><W43/><G52/><T69/><D69/><U24/><E24/><V88/><F112/><W114/><G114/><T42/><D42/><U71/><E71/><N who="2" m="42391" /><F40/><W35/><G35/><T10/><D10/><U68/><E68/><V67/><F78/><W104/><G104/><T23/><D23/><U96/><E96/><V129/><F67/><W93/><G21/><T65/><D65/><U9/><E9/><V50/><F50/><W102/><G102/><T19/><D91/><U98/><E98/><N who="2" m="57607" /><F75/><W51/><G51/><T99/><D99/><U66/><E66/><RYUUKYOKU ba="0,0" sc="205,0,227,0,251,0,317,0" hai0="19" hai1="11,13,16,74,76,83,86,87,125,127" hai2="77,80,85,124,128,129,130" hai3="43,47,48,93,94,95,97,101,107,109,110,111,126" owari="205,-29.5,227,-17.3,251,5.1,317,41.7" /></mjloggm>