<mjloggm ver="2.3"><GO type="225" lobby="0"/><UN n0="%E3%81%AA%E3%81%8C%E3%81%95%E3%82%8F%E3%81%BE%E3%81%95%E3%81%BF" n1="%6D%75%75%6D%75%72%61" n2="%73%7A%2E%64%31" n3="%E2%91%A3%E9%81%BF%E9%81%8A%E6%88%AF%E3%80%90%E6%9D%B1%E5%8D%97%E3%80%91" dan="16,17,16,16" rate="2095.04,2187.18,2121.72,2134.46" sx="F,F,M,M"/><TAIKYOKU oya="0"/><INIT seed="0,0,0,5,2,135" ten="250,250,250,250" oya="0" hai0="126,110,6,42,2,129,11,43,47,108,7,125,88" hai1="128,22,60,93,35,26,87,30,79,124,95,58,103" hai2="37,1,45,83,17,94,89,101,19,119,21,120,123" hai3="75,0,113,54,23,40,51,5,4,18,72,33,38"/><T57/><D129/><U48/><E128/><V118/><F1/><W69/><G33/><T27/><D6/><U15/><E124/><N who="0" m="47721" /><D57/><U71/><E71/><V34/><F83/><W132/><G69/><T14/><D2/><U121/><E121/><V90/><F34/><W115/><G0/><T39/><D42/><U24/><E48/><V98/><F37/><W53/><G38/><T10/><D10/><U99/><E15/><V73/><F45/><W29/><G40/><T116/><D116/><N who="2" m="44586" /><F73/><W66/><G75/><T49/><D39/><U74/><E74/><V77/><F17/><W65/><G72/><T114/><D114/><U131/><E131/><V61/><F19/><W20/><G18/><T91/><D27/><U12/><E12/><V70/><F123/><W32/><G5/><T84/><D88/><U81/><E26/><V111/><F120/><W97/><G4/><T100/><D100/><U50/><E50/><V78/><F89/><W13/><G51/><T55/><D43/><U16/><E35/><V102/><F90/><W82/><G32/><T85/><D85/><U28/><REACH who="1" step="1"/><E95/><AGARI ba="0,0" hai="7,11,14,47,49,55,84,91,95,108,110" m="47721" machi="95" ten="30,11600,0" yaku="18,1,52,3" doraHai="135" who="0" fromWho="1" sc="250,116,250,-116,250,0,250,0" /><INIT seed="0,1,0,3,3,44" ten="366,134,250,250" oya="0" hai0="74,83,47,60,125,133,51,67,52,90,130,73,128" hai1="98,63,135,16,108,25,7,28,91,100,84,50,104" hai2="80,124,46,14,3,17,117,88,34,113,27,1,82" hai3="110,123,102,39,81,129,76,86,21,22,75,132,11"/><T112/><D112/><U45/><E108/><V24/><F117/><W64/><G110/><T89/><D133/><U26/><E135/><V101/><F113/><W106/><G132/><T55/><D125/><U10/><E63/><V48/><F124/><W69/><G39/><T95/><D55/><U12/><E7/><V36/><F36/><W53/><G123/><T33/><D33/><U107/><E107/><V23/><F101/><W68/><G129/><N who="0" m="49771" /><D83/><N who="2" m="31786" /><F3/><W38/><G75/><N who="0" m="28683" /><D95/><U6/><E6/><V4/><F1/><W93/><G53/><T78/><D78/><U114/><E114/><V61/><F4/><W30/><G81/><T126/><D126/><U79/><E79/><V9/><F34/><W115/><G76/><T105/><D105/><U72/><E72/><V8/><F61/><W59/><G93/><T41/><D41/><U0/><E0/><V120/><F120/><W35/><G106/><T121/><D121/><U5/><E5/><V96/><F8/><W99/><G11/><T122/><D122/><U111/><E111/><V119/><F9/><W2/><G35/><T32/><D32/><U49/><E45/><V42/><F119/><W58/><G2/><T97/><D97/><U31/><E84/><V29/><F29/><W65/><G86/><T127/><D127/><U13/><E91/><V20/><F20/><W66/><G99/><T109/><D109/><U92/><E104/><V87/><F87/><W15/><G22/><T131/><D131/><U54/><E54/><V56/><F96/><W85/><G115/><T103/><D103/><U71/><E100/><RYUUKYOKU ba="1,0" sc="366,30,134,-10,250,-10,250,-10" hai0="47,51,52,60,67,89,90" /><INIT seed="0,2,0,2,5,123" ten="396,124,240,240" oya="0" hai0="22,55,70,5,87,75,121,72,111,59,35,93,100" hai1="37,118,41,106,91,80,9,30,52,122,73,15,90" hai2="115,92,44,125,129,128,84,43,134,46,79,65,94" hai3="24,126,10,34,8,40,16,124,98,120,17,99,57"/><T108/><D35/><U131/><E122/><V107/><F107/><W49/><G120/><T26/><D70/><U51/><E118/><V12/><F115/><W130/><G34/><T58/><D5/><U48/><E131/><V68/><F134/><W71/><G71/><T133/><D133/><U97/><E37/><V110/><F110/><N who="0" m="42026" /><D121/><U88/><E30/><V95/><F65/><W69/><G69/><T27/><D58/><U104/><E97/><V21/><F68/><W20/><G98/><N who="0" m="59471" /><D87/><U85/><E73/><N who="0" m="28233" /><D22/><U76/><E106/><V13/><F21/><W103/><G57/><T82/><D82/><U61/><E104/><V102/><F102/><W45/><G103/><T50/><AGARI ba="2,0" hai="26,27,50,55,59" m="28233,59471,42026" machi="50" ten="30,12000,1" yaku="14,1,10,1,52,3" doraHai="123" who="0" fromWho="0" sc="396,126,124,-42,240,-42,240,-42" /><INIT seed="0,3,0,4,1,18" ten="522,82,198,198" oya="0" hai0="78,10,31,58,52,47,135,90,48,75,126,53,32" hai1="82,124,56,65,28,63,125,49,59,127,11,120,91" hai2="101,96,40,36,12,1,42,34,94,4,84,98,37" hai3="9,72,44,70,69,132,13,73,23,14,3,121,88"/><T134/><D126/><U112/><E120/><V85/><F34/><W57/><G121/><T133/><D10/><U95/><E112/><V8/><F1/><W46/><G3/><T71/><D71/><U103/><E28/><V107/><F36/><W25/><G132/><T7/><D7/><U104/><E104/><V105/><F105/><W115/><G115/><T35/><D90/><U80/><E103/><V54/><F54/><W15/><G9/><T111/><D31/><U81/><E11/><V50/><F50/><W118/><G118/><T89/><D89/><U16/><E16/><V83/><F37/><W0/><G0/><T123/><D111/><U128/><E128/><V131/><F131/><W102/><G102/><T22/><D123/><U39/><E39/><V6/><F6/><W108/><G108/><T99/><D99/><U74/><E74/><V5/><F5/><W87/><G73/><T24/><D78/><U116/><E116/><V122/><F122/><W62/><G72/><T113/><D75/><U61/><E49/><V79/><F84/><W110/><G70/><T17/><D113/><U29/><E29/><V26/><F26/><W114/><G69/><T109/><D109/><U27/><E27/><V77/><F77/><W19/><G114/><T60/><AGARI ba="3,0" hai="17,22,24,32,35,47,48,52,53,58,60,133,134,135" machi="60" ten="30,11700,0" yaku="0,1,20,1,52,1,54,1" doraHai="18" who="0" fromWho="0" sc="522,126,82,-42,198,-42,198,-42" /><INIT seed="0,4,0,4,2,84" ten="648,40,156,156" oya="0" hai0="69,133,66,97,70,10,21,18,35,67,41,15,22" hai1="115,101,117,7,106,49,23,112,16,34,27,57,80" hai2="121,24,110,76,88,90,38,123,44,85,65,98,26" hai3="93,54,2,9,114,125,19,12,96,0,113,71,105"/><T79/><D35/><U46/><E117/><V58/><F110/><W87/><G71/><T30/><D79/><U25/><E7/><V107/><F107/><W31/><G105/><T75/><D75/><U20/><E34/><V45/><F38/><W52/><G87/><T111/><D41/><U108/><E108/><V92/><F76/><W91/><G31/><T104/><D133/><U77/><E57/><V134/><F134/><W103/><G103/><T39/><D39/><U63/><E63/><N who="2" m="38135" /><F121/><W131/><G125/><T5/><D22/><U51/><E106/><V124/><F124/><W28/><G28/><T118/><D30/><N who="1" m="17703" /><E101/><V94/><F123/><W13/><G13/><T86/><D118/><U55/><E55/><V4/><F4/><W32/><G32/><T109/><D111/><U99/><E46/><AGARI ba="4,0" hai="24,26,44,45,46,85,88,90,92,94,98" m="38135" machi="46" ten="30,7700,0" yaku="8,1,52,2,54,1" doraHai="84" who="2" fromWho="1" sc="648,0,40,-89,156,89,156,0" owari="648,74.8,-49,-54.9,245,4.5,156,-24.4" /></mjloggm>