<mjloggm ver="2.3"><GO type="225" lobby="0"/><UN n0="%E3%81%A4%E3%81%A3%E3%81%B1%E3%82%8A%E3%83%9D%E3%83%BC%E3%83%AB" n1="%6D%75%75%73%61%6E%6D%75" n2="%E3%82%A2%E3%83%A1%E3%82%A2%E3%83%A9%E3%83%AC" n3="%E3%81%BF%E3%81%BF%E3%81%9A" dan="17,17,16,18" rate="2221.85,2187.18,2155.43,2236.49" sx="M,F,M,M"/><TAIKYOKU oya="0"/><INIT seed="0,0,0,5,2,70" ten="250,250,250,250" oya="0" hai0="1,73,37,58,121,33,39,72,113,99,35,114,22" hai1="29,135,19,127,48,115,97,77,49,12,64,119,107" hai2="32,23,61,93,11,65,133,125,31,0,111,9,132" hai3="82,34,42,26,47,10,117,52,94,53,84,128,43"/><T59/><D1/><U18/><E115/><V66/><F111/><W15/><G117/><T71/><D71/><U30/><E119/><V8/><F125/><W104/><G104/><T116/><D116/><U14/><E127/><V80/><F32/><W79/><G128/><T7/><D22/><U13/><E135/><N who="2" m="51787" /><F0/><W89/><G26/><T17/><D17/><N who="1" m="6155" /><E107/><V109/><F109/><W131/><G131/><T55/><D99/><U16/><E77/><V44/><F80/><W56/><G34/><T25/><D25/><U112/><E112/><V90/><F44/><W36/><G43/><T69/><D69/><U126/><E126/><V62/><F23/><W38/><G38/><T3/><D3/><U2/><E2/><V86/><F31/><N who="1" m="11785" /><E97/><V91/><F91/><W88/><G56/><T74/><D74/><U67/><N who="1" m="6163" /><U108/><DORA hai="76" /><E108/><V24/><F24/><W120/><G120/><T63/><D121/><U46/><E46/><V83/><F93/><W68/><G68/><T105/><D105/><U28/><N who="1" m="11793" /><U81/><DORA hai="92" /><E81/><V4/><F4/><W20/><G20/><T85/><D7/><U6/><E6/><V51/><F83/><W40/><G40/><T54/><D85/><U57/><E57/><N who="2" m="37039" /><F86/><W100/><G89/><T95/><D95/><U110/><E110/><V96/><F90/><W103/><G79/><T27/><D27/><U98/><E98/><V102/><F96/><N who="3" m="59415" /><G103/><T118/><D118/><U45/><E45/><V87/><F102/><W134/><G134/><T130/><D130/><U124/><E124/><V78/><F78/><RYUUKYOKU ba="0,0" sc="250,10,250,10,250,-30,250,10" hai0="33,35,37,39,54,55,58,59,63,72,73,113,114" hai1="12,13,14,48,49,64,67" hai3="10,15,36,42,47,52,53,82,84,88" /><INIT seed="0,1,0,0,5,26" ten="260,260,220,260" oya="0" hai0="83,42,8,67,87,102,57,36,97,51,0,108,35" hai1="81,65,3,122,60,110,118,44,105,89,77,7,40" hai2="100,55,120,99,94,61,98,96,111,59,101,66,21" hai3="9,126,130,25,10,92,12,114,109,82,20,123,103"/><T45/><D35/><U124/><E118/><V13/><F111/><W32/><G114/><T4/><D108/><U49/><E110/><V17/><F120/><W2/><G109/><T41/><D67/><U29/><E122/><V27/><F101/><W113/><G123/><T86/><D83/><U34/><E105/><V16/><REACH who="2" step="1"/><F66/><REACH who="2" ten="260,260,210,260" step="2"/><W95/><G103/><T23/><D23/><AGARI ba="1,1" hai="13,16,17,21,23,27,55,59,61,94,96,98,99,100" machi="23" ten="30,8000,1" yaku="1,1,2,1,7,1,8,1,54,1,53,0" doraHai="26" doraHaiUra="5" who="2" fromWho="0" sc="260,-83,260,0,210,93,260,0" /><INIT seed="1,0,0,1,4,23" ten="177,260,303,260" oya="1" hai0="37,34,86,103,93,4,64,49,28,53,72,69,96" hai1="131,74,118,97,8,82,43,111,63,6,119,89,46" hai2="12,32,48,52,120,38,54,102,113,98,127,27,58" hai3="79,104,66,109,29,1,36,121,50,20,105,133,108"/><U55/><E131/><V39/><F120/><W92/><G121/><T51/><D72/><U124/><E124/><V18/><F127/><W25/><G36/><T60/><D37/><U71/><E111/><N who="3" m="42570" /><G133/><T95/><D4/><U45/><E97/><V44/><F113/><W40/><G1/><T11/><D11/><U107/><E107/><V31/><F54/><W35/><G66/><T122/><D122/><U10/><E89/><V67/><F67/><W78/><G92/><T75/><D75/><U61/><E10/><V116/><F44/><N who="3" m="25863" /><G35/><T123/><D123/><U68/><E68/><V73/><F73/><W57/><G57/><T88/><REACH who="0" step="1"/><D53/><REACH who="0" ten="167,260,303,260" step="2"/><U33/><E55/><V115/><F115/><W91/><G91/><T129/><D129/><U125/><E8/><V106/><F116/><W19/><G78/><T110/><D110/><U99/><E118/><V84/><F39/><W56/><G79/><T7/><D7/><U76/><E119/><V117/><F38/><W87/><G56/><T101/><D101/><U130/><E125/><V114/><F114/><W16/><G87/><T2/><D2/><U26/><E130/><V90/><F117/><W77/><G77/><T14/><D14/><U128/><E76/><V9/><F84/><W22/><G19/><T80/><D80/><U5/><E82/><V15/><F12/><AGARI ba="0,1" hai="12,16,20,22,25,29,104,105" m="25863,42570" machi="12" ten="30,3900,0" yaku="14,1,52,1,54,1" doraHai="23" who="3" fromWho="2" sc="167,0,260,0,303,-39,260,49" /><INIT seed="2,0,0,2,2,103" ten="167,260,264,309" oya="2" hai0="79,48,46,98,108,125,128,13,68,49,59,102,96" hai1="134,101,118,64,83,15,74,69,61,38,51,120,75" hai2="34,92,6,20,81,111,52,29,3,9,122,89,86" hai3="33,130,133,40,126,44,43,114,76,91,31,21,112"/><V70/><F122/><W127/><G33/><T63/><D108/><U23/><E38/><V35/><F70/><W87/><G76/><T16/><D128/><U10/><E118/><V12/><F111/><W36/><G130/><T121/><D121/><U105/><E120/><V18/><F29/><W135/><G31/><T104/><D125/><N who="3" m="47625" /><G21/><T77/><D68/><U119/><E119/><V7/><F7/><W47/><G87/><T71/><D71/><U109/><E109/><V54/><REACH who="2" step="1"/><F81/><REACH who="2" ten="167,260,254,309" step="2"/><W85/><G114/><T53/><D98/><U117/><E83/><V132/><F132/><W4/><G112/><T107/><D107/><U8/><E134/><V58/><F58/><W60/><G4/><T25/><D25/><U27/><E27/><V22/><F22/><W32/><G32/><AGARI ba="0,1" hai="3,6,9,12,18,20,32,34,35,52,54,86,89,92" machi="32" ten="40,7700,0" yaku="1,1,54,1,53,1" doraHai="103" doraHaiUra="88" who="2" fromWho="3" sc="167,0,260,0,254,87,309,-77" /><INIT seed="2,1,0,4,5,7" ten="167,260,341,232" oya="2" hai0="96,1,33,87,43,98,34,128,90,103,127,65,112" hai1="61,40,123,4,100,21,29,129,6,51,68,46,59" hai2="97,20,12,72,120,131,78,122,37,15,39,22,60" hai3="76,118,54,94,88,91,13,71,5,102,62,30,105"/><V116/><F116/><W82/><G118/><T73/><D112/><U69/><E129/><V23/><F131/><W53/><G30/><T75/><D128/><U19/><E123/><V114/><F97/><N who="3" m="59703" /><G71/><T107/><D1/><U35/><E100/><V49/><F60/><W86/><G105/><T126/><D43/><U135/><E135/><V117/><F49/><W106/><G106/><N who="0" m="63847" /><D65/><U48/><E68/><V36/><F114/><W58/><G54/><T9/><D9/><AGARI ba="1,0" hai="5,9,13,53,58,62,76,82,86,88,91" m="59703" machi="9" ten="30,3900,0" yaku="8,1,52,1,54,1" doraHai="7" who="3" fromWho="0" sc="167,-42,260,0,341,0,232,42" /><INIT seed="3,0,0,2,3,10" ten="125,260,341,274" oya="3" hai0="70,71,24,35,12,49,69,120,101,51,66,0,100" hai1="105,115,16,129,8,1,28,79,63,58,85,68,102" hai2="80,76,124,134,3,43,37,57,29,39,14,109,104" hai3="17,110,67,55,9,87,122,15,52,114,125,113,116"/><W11/><G116/><T92/><D0/><U31/><E115/><V119/><F119/><W40/><G122/><T50/><D120/><U36/><E68/><V77/><F3/><W41/><G67/><T38/><D66/><N who="1" m="39287" /><E36/><V72/><F104/><W47/><G125/><T56/><D38/><U6/><E105/><V2/><F2/><W20/><G110/><T112/><D56/><U30/><E129/><V83/><F134/><W74/><G74/><T45/><D112/><U128/><E1/><V53/><F43/><N who="3" m="16459" /><G114/><T86/><D45/><U22/><E128/><V46/><F46/><W90/><G113/><T62/><D62/><U98/><E79/><V21/><F109/><W97/><G97/><T60/><D60/><U13/><E85/><V64/><F64/><W131/><G131/><T75/><D75/><U61/><E61/><V93/><F124/><W26/><G47/><T5/><D86/><U42/><E42/><V65/><F65/><W133/><G133/><T103/><D92/><N who="1" m="58695" /><E6/><V108/><F72/><W106/><G106/><T84/><D84/><U126/><E126/><V33/><F108/><W81/><G9/><AGARI ba="0,0" hai="8,9,13,16,22,28,30,31" m="58695,39287" machi="9" ten="30,3900,0" yaku="8,1,52,1,54,1" doraHai="10" who="1" fromWho="3" sc="125,0,260,39,341,0,274,-39" owari="125,-37.5,299,9.9,341,44.1,235,-16.5" /></mjloggm>