<mjloggm ver="2.3"><GO type="225" lobby="0"/><UN n0="%E6%97%A5%E6%9B%9C%E6%97%A5%E3%82%88%E3%82%8A%E3%81%AE%E4%BD%BF%E8%80%85" n1="%E3%81%A8%E3%82%93%E3%81%A8%E3%81%93%E3%81%A8%E3%82%93" n2="%E4%BA%95%E5%B8%AF" n3="%E3%81%B5%E3%81%98%E3%81%8B%E3%81%A4" dan="17,16,16,16" rate="2136.15,2117.02,2060.31,2152.92" sx="M,F,M,M"/><TAIKYOKU oya="0"/><INIT seed="0,0,0,0,1,115" ten="250,250,250,250" oya="0" hai0="91,108,75,25,56,13,36,39,63,62,84,40,23" hai1="89,128,88,134,116,30,64,95,26,3,14,71,4" hai2="111,129,87,32,58,123,119,19,106,45,118,80,83" hai3="24,22,70,49,46,117,29,132,100,65,135,68,27"/><T9/><D75/><U133/><E3/><V96/><F123/><W42/><G100/><T79/><D79/><U61/><E128/><V12/><F32/><W31/><G117/><N who="2" m="44553" /><F111/><W2/><G2/><T43/><D39/><U72/><E72/><V10/><F129/><W82/><G82/><N who="0" m="49559" /><D36/><U109/><E109/><V48/><F58/><W94/><G94/><T97/><D97/><U125/><E125/><V50/><F50/><W1/><G1/><T66/><D63/><U93/><E116/><V5/><F87/><W126/><G126/><T34/><D34/><U101/><E133/><N who="3" m="51274" /><G65/><T0/><D0/><U85/><E134/><V35/><F35/><AGARI ba="0,0" hai="22,24,27,29,31,35,42,46,49,68,70" m="51274" machi="35" ten="30,1000,0" yaku="20,1" doraHai="115" who="3" fromWho="2" sc="250,0,250,0,250,-10,250,10" /><INIT seed="1,0,0,3,1,24" ten="250,250,240,260" oya="1" hai0="54,5,45,107,104,41,34,93,109,126,38,30,6" hai1="111,36,65,32,92,8,62,60,78,73,91,83,106" hai2="49,113,43,97,117,42,120,135,123,105,21,98,116" hai3="19,100,27,128,14,79,7,103,55,63,125,35,72"/><U71/><E36/><V46/><F135/><W76/><G125/><T47/><D126/><U13/><E106/><V33/><F33/><W3/><G128/><T11/><D109/><U52/><E32/><V16/><F113/><W40/><G40/><T112/><D112/><U9/><E111/><V122/><F43/><W127/><G127/><T95/><D54/><U25/><E25/><V4/><F4/><W2/><G63/><T108/><D41/><U44/><E13/><V80/><F80/><W28/><G55/><T51/><D51/><U15/><E15/><V118/><REACH who="2" step="1"/><F105/><REACH who="2" ten="250,250,230,260" step="2"/><W37/><G7/><T130/><D107/><U110/><E110/><V59/><F59/><W94/><G37/><T57/><D104/><U23/><E23/><V82/><F82/><W119/><G119/><T85/><D57/><U69/><E69/><V29/><F29/><W133/><G133/><T86/><D5/><U121/><E44/><V10/><F10/><N who="3" m="6615" /><G2/><T53/><D38/><U70/><E70/><V22/><F22/><N who="3" m="15479" /><G3/><T58/><D6/><U1/><E1/><V61/><F61/><W26/><G94/><N who="0" m="35851" /><D11/><U115/><E115/><V67/><F67/><W134/><G134/><T48/><D108/><U87/><REACH who="1" step="1"/><E121/><REACH who="1" ten="250,240,230,260" step="2"/><V88/><F88/><W81/><G79/><T131/><D34/><U39/><E39/><V64/><F64/><W102/><G35/><T77/><D47/><U90/><E90/><V74/><F74/><W18/><G103/><T56/><D45/><U101/><E101/><V20/><F20/><N who="3" m="13591" /><G102/><T17/><D58/><AGARI ba="0,2" hai="8,9,52,58,60,62,65,71,73,78,83,87,91,92" machi="58" ten="40,3900,0" yaku="1,1,54,1,53,0" doraHai="24" doraHaiUra="68" who="1" fromWho="0" sc="250,-39,240,59,230,0,260,0" /><INIT seed="1,1,0,1,4,112" ten="211,299,230,260" oya="1" hai0="97,94,125,68,95,45,65,107,73,19,28,71,21" hai1="84,56,79,90,77,104,23,2,102,123,70,131,60" hai2="33,135,46,111,42,109,126,106,53,41,133,67,57" hai3="119,10,86,87,127,115,29,132,12,59,75,22,4"/><U96/><E123/><V92/><F106/><W50/><G115/><T25/><D73/><U9/><E70/><V14/><F33/><W47/><G75/><T17/><D107/><U61/><E131/><V117/><F92/><W83/><G127/><T40/><D125/><U118/><E118/><V110/><F14/><W113/><G113/><T76/><D76/><U15/><E23/><V88/><F88/><W78/><G132/><N who="2" m="50761" /><F126/><W37/><G37/><T128/><D128/><U32/><E2/><V24/><F24/><N who="3" m="16535" /><G119/><T6/><D6/><U66/><E61/><N who="2" m="38319" /><F117/><W85/><G59/><T20/><D65/><U27/><E27/><V122/><F122/><W44/><G44/><T72/><D72/><U91/><E32/><V103/><F103/><W34/><G34/><T82/><D82/><U54/><E66/><V93/><F93/><W101/><G101/><T18/><D21/><U1/><E1/><V55/><F42/><AGARI ba="1,0" hai="4,10,12,42,47,50,78,83,85,86,87" m="16535" machi="42" ten="30,2000,0" yaku="25,1,8,1" doraHai="112" who="3" fromWho="2" sc="211,0,299,0,230,-23,260,23" /><INIT seed="2,0,0,4,4,123" ten="211,299,207,283" oya="2" hai0="119,62,67,12,66,7,22,86,133,31,124,73,89" hai1="103,82,127,47,54,9,8,94,26,80,74,76,25" hai2="11,20,44,83,69,63,24,27,39,91,65,95,104" hai3="57,75,21,13,110,109,106,58,10,48,107,50,81"/><V6/><F104/><W16/><G75/><T90/><D73/><U100/><E127/><V35/><F35/><W135/><G135/><T117/><D124/><U45/><E74/><V70/><F70/><W115/><G115/><T36/><D36/><U29/><E94/><V96/><F83/><W61/><G81/><T52/><D133/><U126/><E126/><V84/><F96/><W116/><G116/><N who="0" m="44619" /><D7/><U51/><E29/><V40/><REACH who="2" step="1"/><F20/><REACH who="2" ten="211,299,197,283" step="2"/><W37/><G107/><T85/><D85/><U18/><E76/><V121/><F121/><W101/><G106/><T49/><D86/><U41/><E80/><V79/><F79/><W87/><G87/><T68/><D68/><U132/><E82/><V130/><F130/><W108/><G101/><T19/><D90/><U105/><E132/><V113/><F113/><W134/><G134/><T131/><D89/><U30/><E105/><V129/><F129/><W53/><G37/><T15/><D131/><U59/><E103/><V3/><AGARI ba="0,1" hai="3,6,11,24,27,39,40,44,63,65,69,84,91,95" machi="3" ten="20,7800,0" yaku="1,1,0,1,7,1,53,1" doraHai="123" doraHaiUra="0" who="2" fromWho="2" sc="211,-26,299,-26,197,88,283,-26" /><INIT seed="2,1,0,5,2,90" ten="185,273,285,257" oya="2" hai0="56,78,31,130,72,42,110,106,131,45,58,134,49" hai1="39,77,89,4,132,127,11,48,88,105,9,104,109" hai2="20,66,71,64,79,41,118,65,54,123,103,135,32" hai3="112,21,101,121,33,75,120,1,27,98,8,47,128"/><V3/><F32/><W24/><G128/><N who="0" m="49195" /><D78/><U14/><E39/><V124/><F3/><W92/><G112/><T95/><D72/><U113/><E113/><V46/><F79/><W60/><G75/><T133/><D106/><U126/><E109/><V100/><F123/><W93/><G47/><T29/><D29/><U10/><E77/><V17/><F118/><W2/><G60/><T15/><D15/><U76/><E76/><V0/><F0/><W114/><G114/><T107/><D107/><N who="1" m="41035" /><E48/><V34/><F34/><W99/><G33/><T102/><D31/><U122/><E132/><N who="0" m="50793" /><D110/><U25/><E25/><V53/><F103/><W94/><G8/><N who="1" m="3178" /><E122/><N who="3" m="47210" /><G21/><T28/><D28/><U91/><E91/><V96/><F20/><W22/><G101/><T40/><D40/><U63/><E63/><V5/><F41/><W51/><G51/><T115/><D115/><U44/><E44/><V73/><F46/><W97/><G22/><T50/><D50/><U108/><E108/><V111/><F100/><W16/><G16/><T23/><D23/><U82/><E82/><V6/><F17/><W36/><G36/><T81/><D81/><U57/><E89/><V55/><F111/><W129/><G129/><T59/><D102/><U119/><E119/><V30/><F135/><W116/><G116/><T38/><D38/><U67/><E14/><V19/><F73/><W62/><G62/><T86/><D86/><U12/><E12/><V7/><F30/><W35/><G35/><T26/><D26/><AGARI ba="1,0" hai="1,2,24,26,27,92,93,94,97,98,99" m="47210" machi="26" ten="40,8000,1" yaku="28,2,52,3" doraHai="90" who="3" fromWho="0" sc="185,-83,273,0,285,0,257,83" /><INIT seed="3,0,0,3,4,33" ten="102,273,285,340" oya="3" hai0="113,99,71,65,7,35,47,75,93,123,117,111,79" hai1="74,130,1,85,126,60,41,11,10,120,38,15,48" hai2="44,36,61,86,32,97,69,68,20,58,104,6,39" hai3="96,83,134,45,27,81,42,125,9,34,50,3,119"/><W101/><G119/><T132/><D93/><U87/><E74/><V98/><F32/><W0/><G125/><T135/><D99/><U128/><E38/><V31/><F86/><W16/><G134/><T129/><D79/><U25/><E120/><V4/><F104/><W124/><G124/><T2/><D47/><N who="1" m="25711" /><E25/><V64/><F20/><W92/><G34/><T91/><D91/><U24/><E24/><V17/><F31/><W22/><G81/><T63/><D63/><U73/><E73/><V57/><F17/><W59/><G59/><T55/><D55/><U5/><E60/><V110/><F61/><W115/><G115/><T94/><D94/><U67/><E67/><V106/><F106/><W52/><G83/><T26/><D26/><U76/><E76/><V127/><F127/><W40/><G9/><T51/><D51/><U89/><E89/><V100/><F64/><W116/><G116/><T131/><D65/><U77/><E77/><V114/><F44/><W43/><AGARI ba="0,0" hai="0,3,16,22,27,40,42,43,45,50,52,92,96,101" machi="43" ten="30,12000,1" yaku="0,1,52,2,54,2" doraHai="33" who="3" fromWho="3" sc="102,-40,273,-40,285,-40,340,120" owari="62,-43.8,233,-16.7,245,4.5,460,56.0" /></mjloggm>