<mjloggm ver="2.3"><GO type="225" lobby="0"/><UN n0="%E6%97%A5%E6%9B%9C%E6%97%A5%E3%82%88%E3%82%8A%E3%81%AE%E4%BD%BF%E8%80%85" n1="%E3%81%8B%E3%82%8F%E3%81%A1%E3%82%83%E3%82%93%35%38" n2="%E5%A4%9C%E5%85%89%E5%A4%A9%E6%A5%BC" n3="%E3%81%B5%E3%81%98%E3%81%8B%E3%81%A4" dan="17,17,17,16" rate="2097.41,2263.80,2151.80,2156.44" sx="M,M,M,M"/><TAIKYOKU oya="0"/><INIT seed="0,0,0,1,2,106" ten="250,250,250,250" oya="0" hai0="91,41,94,80,42,10,75,102,1,72,81,110,36" hai1="55,39,71,34,67,35,45,131,4,89,85,87,22" hai2="135,103,82,16,9,134,130,120,96,20,47,2,56" hai3="122,52,11,3,90,69,13,129,70,117,83,125,84"/><T111/><D102/><U97/><E131/><V107/><F120/><W21/><G117/><T43/><D36/><U65/><E4/><V58/><F130/><W115/><G129/><T116/><D116/><U27/><E97/><V33/><F33/><W30/><G115/><T66/><D66/><U25/><E39/><V127/><F127/><W28/><G125/><T14/><D1/><U105/><E105/><V119/><F119/><W88/><G122/><T29/><D29/><U109/><E45/><V132/><F47/><W123/><G123/><T77/><D94/><U99/><E99/><V92/><F92/><W12/><G3/><T112/><D112/><U126/><E22/><V121/><F82/><W40/><G40/><T86/><REACH who="0" step="1"/><D75/><REACH who="0" ten="240,250,250,250" step="2"/><U104/><E104/><V31/><F31/><W17/><G70/><T124/><D124/><U114/><E126/><V54/><F121/><W78/><G69/><T5/><AGARI ba="0,1" hai="5,10,14,41,42,43,72,77,80,81,86,91,110,111" machi="5" ten="30,6000,0" yaku="1,1,0,1,52,1,53,0" doraHai="106" doraHaiUra="108" who="0" fromWho="0" sc="240,70,250,-20,250,-20,250,-20" /><INIT seed="0,1,0,4,0,73" ten="310,230,230,230" oya="0" hai0="96,66,104,125,128,7,74,86,55,64,45,127,97" hai1="133,134,35,18,38,79,52,69,41,71,34,77,12" hai2="68,3,72,36,82,91,80,110,108,111,5,25,24" hai3="65,120,14,47,132,58,42,130,23,113,75,100,119"/><T84/><D74/><U87/><E87/><N who="0" m="33321" /><D7/><U99/><E99/><N who="0" m="37961" /><D104/><U1/><E41/><V61/><F36/><W105/><G113/><T115/><D115/><U46/><E38/><V49/><F5/><W109/><G119/><T29/><D29/><U56/><E46/><V95/><F3/><W85/><G85/><T62/><D128/><U28/><E1/><V70/><F72/><W76/><G75/><T2/><D2/><U122/><E122/><V107/><F107/><W98/><G120/><T103/><D103/><U126/><E126/><N who="0" m="48137" /><D45/><U88/><E88/><V13/><F91/><W11/><G100/><T15/><D15/><U44/><E44/><V59/><F13/><W8/><G14/><T10/><D10/><U60/><E28/><V121/><F121/><W20/><G8/><T19/><D19/><U93/><E93/><V54/><F95/><W118/><G11/><T90/><D90/><U33/><E18/><V6/><F6/><W22/><G105/><T123/><D123/><U135/><E12/><V112/><F112/><W63/><G130/><T78/><D78/><AGARI ba="1,0" hai="33,34,35,52,56,60,69,71,77,78,79,133,134,135" machi="78" ten="50,8000,1" yaku="20,1,52,3,54,1" doraHai="73" who="1" fromWho="0" sc="310,-83,230,83,230,0,230,0" /><INIT seed="1,0,0,5,4,2" ten="227,313,230,230" oya="1" hai0="89,58,75,35,86,73,15,59,94,42,37,29,45" hai1="66,96,27,129,120,92,128,83,12,34,64,124,122" hai2="104,30,62,28,71,9,14,108,69,127,118,23,0" hai3="87,8,123,76,40,33,60,61,93,107,101,109,5"/><U41/><E83/><V51/><F118/><W32/><G109/><T24/><REACH who="0" step="1"/><D15/><REACH who="0" ten="217,313,230,230" step="2"/><U116/><E12/><V113/><F14/><W114/><G123/><T20/><D20/><U39/><E122/><V78/><F23/><W4/><G114/><T111/><D111/><U3/><E120/><V102/><F108/><W25/><G33/><T53/><D53/><U110/><E34/><V46/><F113/><W49/><G32/><T80/><D80/><U125/><E110/><V63/><F0/><W7/><G25/><T135/><D135/><U100/><E3/><V130/><F130/><W112/><G112/><T43/><D43/><U56/><E27/><V88/><F127/><W97/><G8/><T68/><D68/><U84/><E125/><V79/><F9/><W85/><G107/><T72/><AGARI ba="0,1" hai="24,29,35,37,42,45,58,59,72,73,75,86,89,94" machi="72" ten="30,4000,0" yaku="21,2,0,1,53,0" doraHai="2" doraHaiUra="133" who="0" fromWho="0" sc="217,50,313,-20,230,-10,230,-10" /><INIT seed="2,0,0,4,2,64" ten="267,293,220,220" oya="2" hai0="82,7,90,3,52,4,85,18,8,55,38,96,95" hai1="111,113,91,43,39,65,70,102,41,120,94,45,28" hai2="46,9,50,25,34,37,92,89,66,56,87,125,105" hai3="40,93,114,19,108,49,98,100,128,79,104,83,117"/><V33/><F105/><W107/><G117/><T130/><D38/><U58/><E113/><V131/><F131/><W14/><G114/><T77/><D130/><U6/><E111/><V26/><F125/><W17/><G108/><T132/><D132/><U32/><E6/><V133/><F133/><W10/><G128/><T86/><D7/><U36/><E102/><V27/><F37/><W63/><G63/><T0/><D0/><U51/><E28/><V12/><F56/><W112/><G112/><T103/><REACH who="0" step="1"/><D18/><REACH who="0" ten="257,293,220,220" step="2"/><U78/><E39/><V116/><F116/><W69/><G19/><T1/><D1/><U101/><E36/><V21/><F66/><W124/><G124/><T97/><D97/><U13/><E120/><V88/><F34/><W75/><G107/><AGARI ba="0,1" hai="3,4,8,52,55,77,82,85,86,90,95,96,103,107" machi="107" ten="30,7700,0" yaku="1,1,7,1,54,1,53,1" doraHai="64" doraHaiUra="76" who="0" fromWho="3" sc="257,87,293,0,220,0,220,-77" /><INIT seed="3,0,0,4,4,116" ten="344,293,220,143" oya="3" hai0="124,16,13,95,89,44,133,72,131,39,50,119,118" hai1="59,76,107,132,66,60,93,45,62,18,35,108,64" hai2="36,24,71,130,85,105,77,67,0,20,104,96,58" hai3="2,54,61,81,112,6,127,5,88,9,29,14,12"/><W33/><G112/><T47/><D72/><U40/><E108/><V94/><F0/><W82/><G127/><T52/><D124/><U26/><E132/><V110/><F36/><W117/><G117/><T41/><D133/><U19/><E107/><V7/><F71/><W113/><G113/><T70/><D70/><U57/><E76/><V114/><F7/><W97/><G33/><T30/><D30/><U1/><E1/><V69/><F69/><W87/><G29/><T120/><D120/><U23/><E35/><V34/><F130/><W65/><G54/><T37/><D37/><U46/><E40/><V80/><F110/><W121/><G121/><T8/><D131/><U102/><REACH who="1" step="1"/><E18/><REACH who="1" ten="344,283,220,143" step="2"/><V10/><F34/><W98/><G81/><T56/><D47/><U4/><E4/><V73/><F114/><W21/><G2/><T63/><D39/><U17/><E17/><V31/><F73/><W15/><G5/><T83/><D83/><U86/><E86/><AGARI ba="0,1" hai="8,13,16,41,44,50,52,56,63,86,89,95,118,119" machi="86" ten="30,3900,0" yaku="7,1,54,2" doraHai="116" who="0" fromWho="1" sc="344,49,283,-39,220,0,143,0" owari="393,49.3,244,4.4,220,-18.0,143,-35.7" /></mjloggm>