<mjloggm ver="2.3"><GO type="225" lobby="0"/><UN n0="%6D%75%75%73%61%6E%6D%75" n1="%E3%81%A9%E3%82%93%E3%82%88%E3%81%8F%4D%6B%2E%32" n2="%E3%82%A4%E3%83%A2%E3%82%BF%E3%83%AC" n3="%E3%83%81%E3%83%AF%E3%83%AF%E9%9A%8A%E9%95%B7" dan="16,16,17,17" rate="2155.30,2160.72,2215.07,2203.00" sx="F,M,F,M"/><TAIKYOKU oya="0"/><INIT seed="0,0,0,4,4,94" ten="250,250,250,250" oya="0" hai0="73,93,132,87,75,10,110,105,49,35,91,34,134" hai1="131,31,120,52,24,44,9,61,90,29,129,126,12" hai2="104,23,22,81,77,17,50,86,40,76,111,38,95" hai3="102,124,1,99,84,82,13,42,71,18,47,60,28"/><T113/><D113/><U57/><E120/><V39/><F104/><W119/><G119/><T2/><D105/><U33/><E31/><V3/><F3/><W20/><G1/><T117/><D117/><U103/><E126/><V41/><F95/><W89/><G124/><T25/><D110/><U123/><E123/><V78/><F111/><W88/><G28/><T109/><D109/><U63/><E103/><V65/><F65/><W114/><G114/><T116/><D116/><U112/><E112/><V100/><F100/><W79/><G60/><T125/><D125/><U48/><E90/><V0/><F0/><W130/><G71/><T135/><D49/><U21/><E33/><N who="0" m="12297" /><D25/><U64/><REACH who="1" step="1"/><E63/><REACH who="1" ten="250,240,250,250" step="2"/><V107/><F38/><W83/><G130/><T128/><D128/><U45/><E45/><V74/><F39/><W51/><REACH who="3" step="1"/><G82/><REACH who="3" ten="250,240,250,240" step="2"/><T37/><D37/><U68/><E68/><V106/><F81/><W92/><AGARI ba="0,2" hai="13,18,20,42,47,51,79,83,84,88,89,92,99,102" machi="92" ten="20,16000,3" yaku="1,1,2,1,0,1,7,1,8,1,52,1,54,1,53,1" doraHai="94" doraHaiUra="97" who="3" fromWho="3" sc="250,-80,240,-40,250,-40,240,180" /><BYE who="0" /><UN n0="%6D%75%75%73%61%6E%6D%75" /><INIT seed="1,0,0,0,3,50" ten="170,200,210,420" oya="1" hai0="126,2,20,31,25,39,83,119,22,68,134,12,65" hai1="46,11,129,49,32,5,9,35,34,105,60,81,45" hai2="128,29,16,110,6,0,103,74,28,14,118,89,43" hai3="17,8,132,122,18,79,82,24,10,21,27,66,37"/><U135/><E105/><V26/><F118/><W78/><G122/><T75/><D119/><U111/><E129/><V106/><F74/><W114/><G114/><T120/><D2/><U99/><E135/><V97/><F110/><W98/><G37/><T76/><D39/><U95/><E111/><V124/><F124/><W80/><G132/><T61/><D134/><U40/><E81/><N who="3" m="31338" /><G66/><T69/><D126/><U127/><E127/><V48/><F128/><W1/><G1/><T15/><D120/><U77/><E77/><N who="3" m="29194" /><G98/><T3/><D3/><U108/><E108/><V41/><F0/><W112/><G112/><T71/><REACH who="0" step="1"/><D22/><AGARI ba="0,0" hai="8,10,17,18,21,22,24,27" m="29194,31338" machi="22" ten="30,1000,0" yaku="8,1" doraHai="50" who="3" fromWho="0" sc="170,-10,200,0,210,0,420,10" /><INIT seed="2,0,0,4,1,10" ten="160,200,210,430" oya="2" hai0="61,31,70,50,126,30,27,124,100,24,114,56,25" hai1="19,115,46,67,23,52,28,104,119,80,26,20,94" hai2="11,84,108,14,113,32,122,118,9,133,36,77,112" hai3="12,51,16,109,4,130,116,125,101,81,43,91,29"/><V120/><F36/><W41/><G116/><T99/><D114/><N who="2" m="44138" /><F77/><W34/><G125/><T82/><D82/><U13/><E104/><V18/><F84/><N who="3" m="50575" /><G34/><T134/><D50/><N who="1" m="28759" /><E119/><V105/><F105/><W73/><G73/><T15/><D134/><U72/><E72/><V48/><F133/><W8/><G130/><T54/><D70/><U59/><E115/><V78/><F78/><W17/><G29/><T65/><D54/><U53/><E80/><V121/><F48/><W68/><G68/><T66/><D66/><U98/><E67/><V35/><F118/><W79/><G79/><T39/><D39/><U89/><E53/><V96/><F96/><W87/><G101/><T71/><D71/><U7/><E7/><V3/><F108/><W88/><G109/><T95/><D124/><U93/><E93/><V38/><F38/><W102/><G102/><T75/><D75/><U85/><E59/><V107/><F107/><W2/><G2/><T123/><D126/><U49/><E49/><V5/><AGARI ba="0,0" hai="3,5,9,11,14,18,32,35,120,121,122" m="44138" machi="5" ten="40,7800,0" yaku="34,2,52,1" doraHai="10" who="2" fromWho="2" sc="160,-26,200,-26,210,78,430,-26" /><INIT seed="2,1,0,4,2,37" ten="134,174,288,404" oya="2" hai0="129,94,25,58,101,100,57,62,91,107,82,42,1" hai1="132,61,15,118,97,72,26,88,76,85,2,10,11" hai2="93,105,110,80,96,32,87,133,4,68,84,128,83" hai3="125,59,120,56,13,44,54,45,102,51,31,86,17"/><V5/><F32/><W81/><G120/><T113/><D113/><U53/><E118/><V20/><F68/><W39/><G125/><T111/><D1/><U49/><E132/><V89/><F133/><W69/><G69/><T47/><D107/><U117/><E117/><V95/><F128/><W3/><G3/><T24/><D129/><U16/><E72/><V103/><F20/><W18/><G31/><T127/><D82/><N who="2" m="31274" /><F5/><W35/><G35/><T43/><D127/><U41/><E76/><V71/><F4/><W131/><G131/><T126/><D111/><U65/><E2/><V28/><F28/><W134/><G134/><T122/><D126/><U48/><E97/><N who="2" m="61679" /><F71/><W30/><G30/><T0/><D0/><U92/><E26/><N who="0" m="10345" /><D122/><U52/><E11/><V78/><F110/><W12/><G39/><T104/><D104/><U64/><E41/><N who="0" m="15369" /><D47/><N who="1" m="27679" /><E61/><V38/><F38/><W19/><G44/><AGARI ba="1,0" hai="10,15,16,44,49,53,64,65,85,88,92" m="27679" machi="44" ten="30,7700,0" yaku="8,1,54,3" doraHai="37" who="1" fromWho="3" sc="134,0,174,80,288,0,404,-80" /><INIT seed="3,0,0,3,4,94" ten="134,254,288,324" oya="3" hai0="126,20,116,37,88,29,125,62,11,101,31,30,102" hai1="55,98,91,15,110,92,117,26,97,58,41,54,87" hai2="78,79,48,13,89,71,23,5,51,131,44,50,6" hai3="16,70,85,77,66,90,75,104,0,129,43,73,76"/><W106/><G0/><T38/><D116/><U2/><E2/><V95/><F78/><N who="3" m="30315" /><G43/><T56/><D11/><U128/><E128/><V32/><F32/><W65/><G70/><T21/><D62/><U114/><E114/><V109/><F79/><W22/><G106/><T127/><D56/><U45/><E110/><V67/><F109/><W34/><G104/><T19/><D19/><U35/><E117/><V12/><F67/><W8/><G34/><T105/><D105/><U107/><E107/><V134/><F71/><W108/><G75/><T133/><D88/><N who="1" m="53279" /><E35/><V53/><F134/><W47/><G73/><T121/><D121/><U40/><E26/><V81/><F81/><W7/><G129/><T119/><D119/><U42/><E15/><N who="2" m="5707" /><F131/><W83/><G108/><T39/><REACH who="0" step="1"/><D133/><REACH who="0" ten="124,254,288,324" step="2"/><U64/><E91/><V27/><F6/><W63/><G7/><T18/><D18/><U52/><E45/><V115/><F5/><W46/><G47/><T124/><N who="0" m="31744" /><DORA hai="10" /><T112/><D112/><U60/><AGARI ba="0,1" hai="40,41,42,52,54,55,58,60,64,97,98" m="53279" machi="60" ten="40,8000,1" yaku="8,1,52,2,54,2" doraHai="94,10" who="1" fromWho="1" sc="124,-20,254,90,288,-20,324,-40" owari="104,-39.6,344,44.4,268,-13.2,284,8.4" /></mjloggm>