<mjloggm ver="2.3"><GO type="225" lobby="0"/><UN n0="%E3%81%B7%E3%82%8A%E3%82%93%E8%81%96%E4%BA%BA" n1="%E3%83%AD%E3%83%83%E3%83%86%E9%9B%80%E7%90%83" n2="%33%74%72%65%65" n3="%E3%81%A1%E3%82%85%E3%81%86%E3%81%A9%E3%81%8F%E8%B1%A1%E3%81%95%E3%82%93" dan="16,17,17,17" rate="2144.38,2138.30,2202.19,2192.07" sx="M,M,F,M"/><TAIKYOKU oya="0"/><INIT seed="0,0,0,0,2,99" ten="250,250,250,250" oya="0" hai0="36,111,112,38,92,117,100,78,15,40,72,3,114" hai1="66,64,61,134,84,8,56,51,131,85,62,80,10" hai2="87,45,23,63,31,110,108,69,103,74,42,32,44" hai3="115,25,0,105,58,96,116,95,123,120,101,22,86"/><T24/><D24/><U106/><E131/><V52/><F74/><W46/><G0/><T81/><D15/><U60/><E134/><V83/><F32/><W118/><G115/><T37/><D40/><U88/><E106/><V30/><F103/><N who="3" m="62695" /><G46/><T125/><D117/><N who="3" m="45161" /><G58/><T77/><D77/><U90/><E51/><N who="2" m="28775" /><F23/><W49/><G49/><T79/><D79/><U73/><E73/><V94/><F94/><W14/><G14/><T1/><D92/><U71/><REACH who="1" step="1"/><E61/><REACH who="1" ten="250,240,250,250" step="2"/><V124/><F63/><W33/><G120/><T59/><D112/><U107/><E107/><V54/><F110/><W109/><G123/><T41/><D114/><U34/><E34/><V76/><F108/><W2/><G109/><T50/><D111/><U119/><E119/><V26/><F124/><W20/><G33/><T97/><D125/><U93/><AGARI ba="0,1" hai="8,10,56,60,62,64,66,71,80,84,85,88,90,93" machi="93" ten="20,5200,0" yaku="1,1,0,1,7,1,54,1,53,0" doraHai="99" doraHaiUra="39" who="1" fromWho="1" sc="250,-26,240,62,250,-13,250,-13" /><INIT seed="1,0,0,0,0,19" ten="224,302,237,237" oya="1" hai0="46,70,68,27,131,73,47,117,34,81,115,36,63" hai1="24,42,55,52,79,104,67,120,91,41,99,71,3" hai2="95,44,25,101,78,85,128,113,75,130,90,35,64" hai3="126,93,59,1,43,53,132,102,129,98,62,134,80"/><U2/><E120/><V109/><F64/><W20/><G1/><T0/><D47/><U111/><E79/><V48/><F109/><W7/><G7/><T135/><D27/><U125/><E125/><V56/><F56/><W17/><G126/><T22/><D46/><U13/><E111/><V122/><F122/><W30/><G43/><T118/><D63/><U87/><E13/><V112/><F101/><W105/><G80/><T119/><D81/><U123/><E123/><V49/><F78/><W89/><G30/><T76/><D76/><U107/><E67/><V37/><F37/><W9/><G9/><T121/><D22/><U110/><E71/><V100/><F100/><W82/><G82/><T10/><D10/><U54/><E24/><V12/><F12/><W6/><G6/><T69/><D70/><U106/><E99/><V40/><F49/><W31/><G31/><T103/><D103/><U96/><E96/><V84/><F84/><W94/><G129/><N who="2" m="49769" /><F75/><W133/><REACH who="3" step="1"/><G89/><REACH who="3" ten="224,302,237,227" step="2"/><T86/><D118/><U108/><E108/><V72/><F72/><W127/><G127/><T124/><D117/><U92/><E110/><V83/><F83/><W14/><AGARI ba="0,1" hai="14,17,20,53,59,62,93,94,98,102,105,132,133,134" machi="14" ten="30,8000,1" yaku="1,1,0,1,20,1,52,1,53,1" doraHai="19" doraHaiUra="11" who="3" fromWho="3" sc="224,-20,302,-40,237,-20,227,90" /><INIT seed="2,0,0,4,2,113" ten="204,262,217,317" oya="2" hai0="31,14,54,46,25,132,108,24,27,94,64,19,68" hai1="86,4,18,63,38,50,67,23,35,22,32,69,40" hai2="11,82,93,77,1,91,127,124,73,17,85,55,126" hai3="120,33,10,128,84,131,118,89,66,52,36,65,28"/><V103/><F103/><W39/><G120/><T95/><D108/><U21/><E18/><V13/><REACH who="2" step="1"/><F55/><REACH who="2" ten="204,262,207,317" step="2"/><W111/><G52/><T97/><D132/><U90/><E38/><V115/><F115/><W57/><G36/><T7/><D64/><U121/><E121/><V110/><F110/><W58/><G65/><T78/><D68/><U75/><E67/><V116/><F116/><W106/><G66/><T98/><D54/><U79/><E69/><V56/><F56/><W117/><G57/><T16/><D46/><U47/><E47/><V92/><F92/><N who="0" m="35370" /><D31/><U123/><E123/><V133/><F133/><W76/><G58/><T48/><D48/><U109/><E50/><V130/><F130/><W53/><G39/><T45/><D45/><U15/><E109/><V37/><F37/><W61/><G111/><T12/><D7/><U122/><E4/><V29/><F29/><W101/><G28/><T74/><D74/><U112/><E75/><V2/><AGARI ba="0,1" hai="1,2,11,13,17,73,77,82,85,91,93,124,126,127" machi="2" ten="40,12000,1" yaku="1,1,0,1,18,1,53,1" doraHai="113" doraHaiUra="5" who="2" fromWho="2" sc="204,-40,262,-40,207,130,317,-40" /><INIT seed="2,1,0,0,3,74" ten="164,222,337,277" oya="2" hai0="95,58,71,110,4,104,106,40,131,117,82,20,134" hai1="33,57,5,123,28,72,130,49,45,112,26,52,70" hai2="60,115,109,96,53,108,94,11,77,92,84,35,38" hai3="128,29,133,73,44,105,62,132,8,6,32,114,14"/><V97/><F115/><W30/><G105/><T18/><D71/><U51/><E112/><V75/><F35/><W80/><G114/><T0/><D117/><U1/><E130/><V88/><F38/><W16/><G128/><T98/><D131/><U85/><E72/><V15/><F60/><W135/><G62/><T68/><D68/><U9/><E70/><V83/><F53/><W87/><G73/><T127/><D40/><U113/><E113/><V27/><F27/><W90/><G32/><T50/><D134/><U101/><E101/><V126/><F126/><W93/><G93/><T91/><D127/><U48/><E123/><V55/><F55/><W99/><G99/><T81/><D0/><U107/><E107/><V17/><REACH who="2" step="1"/><F75/><REACH who="2" ten="164,222,327,277" step="2"/><W47/><G6/><T86/><D4/><U46/><E51/><V118/><F118/><W54/><G44/><T67/><D50/><AGARI ba="1,1" hai="8,14,16,29,30,47,50,54,80,87,90,132,133,135" machi="50" ten="40,8000,1" yaku="25,2,20,1,54,1" doraHai="74" who="3" fromWho="0" sc="164,-83,222,0,327,0,277,93" /><INIT seed="3,0,0,0,2,108" ten="81,222,327,370" oya="3" hai0="41,129,86,42,32,59,10,69,102,20,37,39,90" hai1="127,76,44,106,47,13,62,66,128,54,30,133,50" hai2="95,25,116,34,64,110,21,48,38,131,18,87,43" hai3="11,94,57,5,104,84,125,126,82,93,1,15,109"/><W29/><G104/><T124/><D32/><U65/><E106/><V75/><F75/><W101/><G109/><T105/><D105/><U55/><E30/><V7/><F110/><W26/><G57/><T45/><D20/><U16/><E127/><N who="3" m="48650" /><G1/><T36/><D124/><U112/><E133/><V91/><F116/><W100/><G100/><T49/><D10/><U68/><E128/><V120/><F131/><W111/><G101/><T122/><D86/><U130/><E76/><V74/><F74/><W46/><G46/><T56/><D90/><U8/><E66/><V121/><F64/><W88/><G111/><T114/><D102/><U33/><E33/><AGARI ba="0,0" hai="5,11,15,26,29,33,82,84,88,93,94" m="48650" machi="33" ten="30,2900,0" yaku="18,1,54,1" doraHai="108" who="3" fromWho="1" sc="81,0,222,-29,327,0,370,29" owari="81,-41.9,193,-20.7,327,12.7,399,49.9" /></mjloggm>