<mjloggm ver="2.3"><GO type="225" lobby="0"/><UN n0="%E3%83%A9%E3%82%B9%E7%8E%87%EF%BC%93%E5%89%B2" n1="%E5%B0%8F%E9%B3%A5%E9%81%8A%E7%B7%B4%E7%84%A1%32%31%E6%AD%B3" n2="%E6%B8%A9%E2%98%85%E6%83%85%E2%98%85%E6%8E%AA%E2%98%85%E7%BD%AE" n3="%45%6C%79%73%69%75%6D" dan="16,16,16,17" rate="2162.77,2180.86,2156.35,2096.55" sx="F,F,M,F"/><TAIKYOKU oya="0"/><INIT seed="0,0,0,0,4,113" ten="250,250,250,250" oya="0" hai0="27,43,48,67,66,8,84,3,12,114,53,20,45" hai1="17,85,119,76,106,5,56,28,15,118,107,89,127" hai2="22,32,83,41,38,23,94,6,79,58,72,77,109" hai3="133,16,35,116,26,81,75,0,121,60,10,30,95"/><T80/><D114/><U42/><E76/><V131/><F109/><W88/><G116/><T24/><D3/><U104/><E5/><V120/><F120/><W115/><G115/><T98/><D98/><U21/><E127/><V13/><F131/><W61/><G121/><T68/><D68/><U122/><E122/><V7/><F32/><W100/><G133/><T92/><D92/><U97/><E42/><V55/><F77/><W110/><G110/><T82/><D82/><U128/><E128/><V87/><F41/><W18/><G100/><T125/><D125/><U117/><E28/><V90/><F38/><W71/><G81/><T111/><D27/><U9/><E56/><V86/><F72/><W63/><G75/><T49/><D49/><U70/><E70/><V31/><F31/><W51/><G51/><T123/><D53/><U65/><E65/><V59/><F59/><W47/><G47/><T108/><D123/><U101/><REACH who="1" step="1"/><E21/><REACH who="1" ten="250,240,250,250" step="2"/><N who="2" m="7691" /><F13/><W99/><G71/><T37/><D111/><U39/><E39/><V25/><F25/><W105/><G0/><T132/><D108/><U93/><AGARI ba="0,1" hai="9,15,17,85,89,93,97,101,104,106,107,117,118,119" machi="93" ten="30,12000,2" yaku="1,1,0,1,52,3,53,1" doraHai="113" doraHaiUra="14" who="1" fromWho="1" sc="250,-60,240,130,250,-30,250,-30" /><INIT seed="1,0,0,0,4,62" ten="190,370,220,220" oya="1" hai0="59,42,114,65,104,60,36,92,56,0,21,112,107" hai1="93,135,76,106,91,40,24,101,2,8,84,90,27" hai2="3,120,13,99,131,48,89,19,15,58,71,1,79" hai3="30,18,123,9,29,69,122,17,70,43,5,72,39"/><U64/><E135/><V98/><F71/><W88/><G72/><T85/><D0/><U109/><E109/><V63/><F120/><W95/><G43/><T110/><D110/><U14/><E2/><V66/><F131/><W96/><G39/><T130/><D130/><U127/><E127/><V133/><F133/><W51/><G51/><T26/><D59/><U82/><E40/><V115/><F115/><W55/><G55/><T53/><D92/><U32/><E32/><V87/><F79/><W73/><G73/><T108/><D85/><U50/><E50/><V68/><F15/><W100/><G100/><T129/><D129/><U7/><E106/><V35/><F35/><W10/><G5/><T74/><D74/><U11/><E11/><V61/><F3/><W125/><G95/><T41/><D41/><U20/><E27/><V16/><F1/><W28/><G28/><T6/><D6/><U103/><E91/><V83/><F19/><W37/><G37/><T128/><D128/><U57/><E93/><V124/><F48/><W113/><G96/><T116/><D116/><U81/><E90/><V121/><F121/><W86/><G88/><T45/><D108/><U12/><E81/><V78/><F89/><W75/><G75/><T134/><D53/><U77/><E76/><V46/><F46/><W22/><G113/><N who="0" m="43627" /><D134/><U80/><E82/><V25/><F68/><W94/><G94/><T102/><D102/><U118/><E118/><V126/><F126/><W54/><G125/><T44/><D44/><U52/><E103/><V49/><F124/><W111/><G111/><RYUUKYOKU ba="0,0" sc="190,30,370,-10,220,-10,220,-10" hai0="21,26,36,42,45,56,60,65,104,107" /><INIT seed="2,1,0,5,1,22" ten="220,360,210,210" oya="2" hai0="115,32,86,38,118,16,122,108,51,91,123,55,127" hai1="4,14,133,117,68,79,103,129,17,37,131,7,60" hai2="58,42,88,93,101,0,2,74,75,113,72,49,116" hai3="1,39,107,63,100,99,47,52,102,65,13,3,110"/><V78/><F116/><W70/><G110/><T29/><D38/><U114/><E117/><V61/><F113/><W28/><G102/><T64/><D115/><U43/><E114/><V5/><F101/><W12/><G12/><T31/><D118/><U15/><E79/><V46/><F78/><W96/><G96/><T10/><D108/><U53/><E133/><V130/><F130/><N who="1" m="49673" /><E15/><V21/><F21/><W36/><G13/><N who="0" m="7223" /><D64/><N who="1" m="40967" /><E53/><V112/><F5/><W134/><G134/><T135/><D127/><U80/><E80/><V25/><F25/><W83/><G83/><N who="0" m="49631" /><D135/><U71/><E71/><V27/><F27/><W40/><G36/><T11/><D11/><N who="1" m="6367" /><E103/><V95/><F112/><W34/><REACH who="3" step="1"/><G52/><REACH who="3" ten="220,360,210,200" step="2"/><T106/><D106/><U45/><AGARI ba="1,1" hai="4,7,37,43,45" m="6367,40967,49673" machi="45" ten="30,1100,0" yaku="19,1" doraHai="22" who="1" fromWho="1" sc="220,-4,360,24,210,-6,200,-4" /><INIT seed="3,0,0,0,4,10" ten="216,384,204,196" oya="3" hai0="13,95,69,28,70,63,53,66,11,40,26,60,126" hai1="43,31,92,7,4,51,5,25,130,1,37,6,30" hai2="73,15,58,113,86,112,96,50,17,89,8,68,79" hai3="107,24,99,98,3,116,118,100,120,74,128,135,102"/><W97/><G3/><T35/><D126/><U23/><E37/><V46/><F68/><W122/><G24/><T2/><D2/><U45/><E130/><V87/><F73/><W106/><G128/><T38/><D38/><U90/><E1/><V125/><F125/><W14/><G14/><T54/><D40/><U27/><E4/><V72/><F72/><W57/><G57/><T65/><D95/><U44/><E44/><V88/><F113/><W121/><G135/><T42/><D42/><U103/><E103/><N who="3" m="39466" /><G74/><T22/><D35/><U12/><E12/><V76/><F58/><W83/><G83/><T77/><D77/><N who="2" m="29770" /><F112/><W20/><G20/><T85/><D85/><N who="2" m="32266" /><F96/><W101/><N who="3" m="39474" /><W132/><DORA hai="82" /><G132/><T16/><AGARI ba="0,0" hai="11,13,16,22,26,28,53,54,60,63,65,66,69,70" machi="16" ten="20,8000,1" yaku="0,1,7,1,9,1,52,1,54,1" doraHai="10,82" who="0" fromWho="0" sc="216,80,384,-20,204,-20,196,-40" owari="296,9.6,364,46.4,184,-21.6,156,-34.4" /></mjloggm>