<mjloggm ver="2.3"><GO type="225" lobby="0"/><UN n0="%E5%A4%96%E5%B7%9D%E7%AB%9C%E6%88%90" n1="%E3%81%9F%E3%81%8B%E3%81%AE%E3%81%99%E3%81%91" n2="%E4%B8%AD%E5%B9%B4%E3%81%AE%E5%8D%B1%E6%A9%9F" n3="%E3%81%8F%E3%82%8A%E3%83%94%E3%83%BC" dan="16,17,16,16" rate="2122.12,2158.19,2112.10,2089.12" sx="M,M,M,M"/><TAIKYOKU oya="0"/><INIT seed="0,0,0,4,5,134" ten="250,250,250,250" oya="0" hai0="94,18,15,68,33,105,58,64,2,73,100,102,51" hai1="72,42,76,127,49,69,104,119,129,70,116,97,121" hai2="39,0,6,124,117,57,11,29,34,48,45,54,40" hai3="96,95,98,133,84,131,21,22,65,79,47,93,36"/><T67/><D2/><U20/><E20/><V108/><F108/><W113/><G113/><T101/><D105/><U114/><E49/><V35/><F117/><N who="1" m="45129" /><E42/><V106/><F106/><W14/><G131/><T53/><D73/><U82/><E121/><V107/><F107/><W9/><G133/><T4/><D33/><U85/><E69/><V52/><F29/><W122/><G65/><T132/><D132/><U44/><E44/><V88/><F124/><W13/><G36/><T24/><D68/><U17/><E17/><V110/><F110/><W123/><G47/><T89/><D24/><U28/><E28/><V71/><F54/><W90/><G79/><T91/><D4/><U46/><E46/><V3/><F3/><W83/><G83/><T7/><D7/><U12/><E12/><N who="3" m="4714" /><G9/><T135/><D135/><U61/><E114/><V74/><F74/><W103/><G84/><N who="0" m="52519" /><D91/><U112/><E112/><V128/><F128/><W118/><G118/><T111/><D111/><U109/><E109/><V1/><F1/><W81/><G81/><T27/><D27/><U126/><E129/><V8/><F8/><AGARI ba="0,0" hai="8,15,18,51,53,58,64,67,100,101,102" m="52519" machi="8" ten="30,1500,0" yaku="8,1" doraHai="134" who="0" fromWho="2" sc="250,15,250,0,250,-15,250,0" /><INIT seed="0,1,0,5,0,124" ten="265,250,235,250" oya="0" hai0="76,122,8,27,132,82,92,55,94,91,33,84,45" hai1="81,120,29,80,18,109,22,34,69,130,79,3,5" hai2="100,26,50,32,13,71,103,39,87,121,127,11,12" hai3="17,66,28,70,6,133,83,37,61,21,78,51,111"/><T54/><D132/><U46/><E69/><V123/><F39/><W77/><G111/><T42/><D122/><U24/><E120/><V10/><F71/><W35/><G37/><T88/><D8/><N who="1" m="2111" /><E109/><V62/><F127/><W52/><G133/><T73/><D33/><U36/><E79/><V14/><F121/><W95/><G6/><T44/><D27/><U99/><E99/><V108/><F108/><W129/><G129/><T65/><D65/><U64/><E64/><V126/><F62/><W112/><G112/><T43/><D45/><U72/><E72/><V4/><F126/><W117/><G117/><T16/><D16/><U67/><E67/><V125/><F125/><W93/><G28/><T48/><REACH who="0" step="1"/><D42/><REACH who="0" ten="255,250,235,250" step="2"/><N who="1" m="22855" /><E130/><V68/><F123/><W9/><G35/><T116/><D116/><U31/><E31/><V128/><F128/><W101/><G9/><T63/><D63/><U60/><E60/><V96/><F68/><W89/><G61/><T86/><AGARI ba="1,1" hai="43,44,48,54,55,73,76,82,84,86,88,91,92,94" machi="86" ten="20,18000,2" yaku="1,1,0,1,7,1,9,1,54,1,53,1" doraHai="124" doraHaiUra="107" who="0" fromWho="0" sc="255,193,250,-61,235,-61,250,-61" /><INIT seed="0,2,0,4,4,28" ten="448,189,174,189" oya="0" hai0="133,81,29,78,125,93,66,15,121,112,128,45,21" hai1="13,63,126,47,58,102,57,116,74,100,115,42,46" hai2="50,55,88,117,48,122,23,109,104,38,59,17,82" hai3="76,134,86,67,73,107,62,10,36,130,114,60,97"/><T18/><D112/><U87/><E74/><V22/><F117/><W41/><G73/><T56/><D121/><U75/><E75/><V14/><F38/><W26/><G114/><T132/><D125/><U111/><E115/><V53/><F104/><W119/><G119/><T6/><D128/><U80/><E116/><V44/><F122/><W43/><G134/><N who="0" m="51819" /><D93/><U8/><E126/><V110/><REACH who="2" step="1"/><F22/><REACH who="2" ten="448,189,164,189" step="2"/><W129/><G36/><T94/><D21/><U31/><E111/><V5/><F5/><W91/><G107/><T19/><D6/><U4/><E31/><V85/><AGARI ba="2,1" hai="14,17,23,44,48,50,53,55,59,82,85,88,109,110" machi="85" ten="30,4000,0" yaku="1,1,0,1,54,1,53,0" doraHai="28" doraHaiUra="105" who="2" fromWho="2" sc="448,-22,189,-12,164,56,189,-12" /><INIT seed="1,0,0,2,4,15" ten="426,177,220,177" oya="1" hai0="92,26,133,79,39,81,45,112,30,65,83,71,115" hai1="90,50,72,16,29,101,127,74,27,94,57,35,33" hai2="19,125,129,80,54,52,23,85,67,48,32,55,34" hai3="28,41,31,109,42,120,5,75,51,77,76,131,59"/><U88/><E127/><V105/><F125/><W6/><G120/><T56/><D56/><U118/><E118/><V106/><F129/><W93/><G75/><N who="0" m="43263" /><D92/><U38/><E38/><V95/><F95/><W3/><G3/><T108/><D83/><U47/><E57/><V66/><F105/><W8/><G8/><T135/><D108/><U121/><E35/><V124/><F106/><W84/><G109/><T46/><D65/><N who="2" m="24586" /><F32/><W134/><G134/><N who="0" m="51211" /><D71/><U18/><E121/><V49/><F34/><W70/><G70/><T58/><D58/><U117/><E117/><V96/><F96/><W113/><G93/><T44/><D39/><U69/><E69/><V73/><F73/><W110/><G59/><T62/><D62/><U107/><E74/><V36/><F36/><W100/><G110/><T130/><D130/><U61/><E72/><V4/><F124/><W122/><G122/><T132/><D132/><U104/><E61/><V37/><F37/><W91/><G131/><T99/><D99/><U89/><E104/><V13/><F4/><W82/><G5/><T78/><D78/><AGARI ba="0,0" hai="13,19,23,48,49,52,54,55,78,80,85" m="24586" machi="78" ten="30,3900,0" yaku="8,1,52,1,54,1" doraHai="15" who="2" fromWho="0" sc="426,-39,177,0,220,39,177,0" /><INIT seed="2,0,0,3,1,49" ten="387,177,259,177" oya="2" hai0="45,102,130,120,110,113,32,40,58,33,20,66,71" hai1="22,100,96,82,114,1,4,47,87,37,117,115,60" hai2="97,112,124,67,64,132,26,122,84,99,131,52,8" hai3="30,5,46,107,135,134,10,95,127,76,108,38,14"/><V133/><F122/><W86/><G107/><T106/><D113/><U85/><E117/><V25/><F112/><W54/><G108/><T59/><D59/><U75/><E60/><V83/><F8/><W48/><G127/><T21/><D58/><U11/><E22/><V57/><F124/><W0/><G38/><N who="0" m="21655" /><D20/><U79/><E85/><V90/><F131/><W69/><G69/><T23/><D21/><U29/><E29/><V68/><F68/><W128/><G30/><T72/><D23/><U16/><E87/><V92/><F133/><N who="3" m="50699" /><G128/><T41/><D41/><N who="1" m="22959" /><E16/><V43/><F43/><W94/><G14/><T70/><D72/><U44/><E44/><V105/><F105/><AGARI ba="0,0" hai="1,4,11,75,79,82,96,100,105,114,115" m="22959" machi="105" ten="30,2000,0" yaku="25,1,23,1" doraHai="49" who="1" fromWho="2" sc="387,0,177,20,259,-20,177,0" /><INIT seed="3,0,0,2,4,91" ten="387,197,239,177" oya="3" hai0="25,95,77,7,108,39,49,80,21,72,36,135,61" hai1="116,94,123,111,115,47,68,119,18,35,42,132,52" hai2="15,13,53,107,78,104,40,76,101,81,129,126,23" hai3="98,97,33,124,56,65,45,96,43,86,102,88,5"/><W51/><G33/><T48/><D7/><U120/><E68/><V9/><F40/><W41/><G124/><T121/><D121/><U84/><E35/><V106/><F126/><W67/><G5/><T125/><D125/><U131/><E18/><V117/><F117/><N who="1" m="45129" /><E52/><V50/><F129/><W85/><G85/><T57/><D48/><N who="1" m="26743" /><E131/><V79/><F23/><W70/><G70/><T24/><D95/><U100/><E115/><V109/><F109/><W8/><G8/><T82/><D82/><U58/><E58/><V6/><F15/><W66/><G41/><T14/><D14/><U1/><E1/><V75/><REACH who="2" step="1"/><F101/><REACH who="2" ten="387,197,229,177" step="2"/><W114/><G114/><T89/><D21/><U37/><E111/><V118/><F118/><W46/><G46/><AGARI ba="0,1" hai="6,9,13,46,50,53,75,76,78,79,81,104,106,107" machi="46" ten="40,1300,0" yaku="1,1,53,0" doraHai="91" doraHaiUra="127" who="2" fromWho="3" sc="387,0,197,0,229,23,177,-13" owari="387,48.7,197,-20.3,252,5.2,164,-33.6" /></mjloggm>