<mjloggm ver="2.3"><GO type="225" lobby="0"/><UN n0="%E3%81%BF%E3%81%BF%E3%81%9A" n1="%E5%A4%9C%E3%81%AE%E3%82%AC%E3%82%B9%E3%83%91%E3%83%BC%E3%83%AB" n2="%E3%81%B2%E3%81%AA%E3%81%AE%E3%82%8A%E3%81%8F" n3="%72%69%6F%75%63%68%61%6E" dan="16,16,17,16" rate="2175.65,2129.92,2223.02,2140.72" sx="M,M,M,M"/><TAIKYOKU oya="0"/><BYE who="1" /><UN n1="%E5%A4%9C%E3%81%AE%E3%82%AC%E3%82%B9%E3%83%91%E3%83%BC%E3%83%AB" /><INIT seed="0,0,0,3,2,37" ten="250,250,250,250" oya="0" hai0="86,25,14,10,82,76,29,45,56,124,85,55,52" hai1="100,91,28,114,67,5,36,115,3,53,97,121,133" hai2="47,130,60,104,88,43,75,79,128,80,34,118,18" hai3="39,89,40,72,0,113,117,15,31,106,7,61,2"/><T109/><BYE who="1" /><D124/><U8/><E8/><V33/><F104/><UN n1="%E5%A4%9C%E3%81%AE%E3%82%AC%E3%82%B9%E3%83%91%E3%83%BC%E3%83%AB" /><W42/><G113/><N who="1" m="43018" /><E133/><V96/><F118/><W120/><G117/><T112/><D112/><U123/><E28/><V12/><F60/><W22/><G106/><T65/><D109/><U6/><E67/><V73/><F73/><W95/><G72/><T127/><D127/><U26/><E26/><V77/><F77/><W132/><G132/><T83/><D45/><U102/><E36/><V70/><F70/><W108/><G108/><T69/><D69/><U17/><E3/><V4/><F4/><N who="1" m="1641" /><E17/><V50/><F96/><W74/><G74/><T30/><D65/><U58/><E91/><V81/><F88/><W24/><G120/><N who="1" m="46154" /><E97/><V98/><F98/><N who="3" m="57711" /><G39/><T131/><D25/><U27/><E27/><V101/><F81/><W54/><G0/><T87/><D87/><U68/><E68/><V1/><F1/><W16/><G2/><T59/><D14/><U125/><E125/><V110/><F110/><W107/><G7/><T66/><D66/><U21/><E21/><V105/><F34/><W13/><G107/><T99/><D99/><U62/><AGARI ba="0,0" hai="53,58,62,100,102" m="46154,1641,43018" machi="62" ten="40,1500,0" yaku="11,1" doraHai="37" who="1" fromWho="1" sc="250,-7,250,15,250,-4,250,-4" /><INIT seed="1,0,0,0,2,43" ten="243,265,246,246" oya="1" hai0="121,124,7,15,71,91,66,131,18,126,98,109,40" hai1="36,101,10,70,76,20,84,104,65,85,79,67,125" hai2="74,114,6,29,113,69,55,34,86,0,99,37,19" hai3="127,129,130,93,26,96,56,54,110,73,100,30,83"/><U116/><E116/><V5/><F74/><W81/><G110/><T24/><D109/><U117/><E117/><V44/><F69/><W12/><G127/><N who="0" m="48683" /><D131/><N who="3" m="50185" /><G12/><T89/><D121/><U64/><E125/><V68/><F68/><W135/><G73/><T23/><D98/><U80/><E70/><V22/><F29/><W31/><G135/><T133/><D133/><U47/><E10/><V33/><F99/><W41/><G41/><T132/><D132/><U95/><E104/><V90/><F34/><N who="3" m="20823" /><G31/><T52/><D40/><U28/><E36/><V63/><F33/><W53/><G53/><T59/><D66/><U120/><E120/><V8/><F6/><W92/><G93/><T102/><D102/><U17/><E28/><V122/><F122/><W46/><G46/><T25/><D71/><U50/><E101/><V105/><F105/><W1/><G1/><T107/><D107/><U4/><E4/><V3/><F3/><W60/><AGARI ba="0,0" hai="54,56,60,81,83,92,96,100" m="20823,50185" machi="60" ten="30,1100,0" yaku="19,1" doraHai="43" who="3" fromWho="3" sc="243,-3,265,-5,246,-3,246,11" /><INIT seed="2,0,0,3,3,74" ten="240,260,243,257" oya="2" hai0="7,42,51,17,113,92,75,100,66,131,10,67,29" hai1="68,128,53,61,72,36,85,101,22,87,82,9,93" hai2="106,114,78,110,31,37,46,38,64,73,134,57,23" hai3="103,119,121,90,86,26,104,54,44,71,77,91,122"/><V62/><F114/><W102/><G71/><T107/><D75/><U80/><E36/><V69/><F106/><W21/><G119/><T89/><D113/><U112/><E112/><V133/><F110/><W60/><G104/><T0/><D131/><U84/><E128/><V3/><F3/><W40/><G122/><T132/><D132/><N who="2" m="50794" /><F69/><W120/><G120/><T109/><D109/><U19/><E9/><V16/><F31/><W25/><G25/><T83/><D29/><U24/><E72/><V65/><F64/><W97/><G121/><T6/><D107/><U14/><E24/><N who="2" m="14439" /><F46/><W20/><G20/><T48/><D83/><AGARI ba="0,0" hai="37,38,57,62,65,73,78,83" m="14439,50794" machi="83" ten="30,5800,0" yaku="20,1,52,1,54,1" doraHai="74" who="2" fromWho="0" sc="240,-58,260,0,243,58,257,0" /><INIT seed="2,1,0,4,2,34" ten="182,260,301,257" oya="2" hai0="32,86,52,89,79,51,115,77,23,8,27,67,131" hai1="71,28,88,121,124,117,56,90,134,47,46,101,39" hai2="93,70,26,107,102,125,3,63,114,2,7,12,58" hai3="37,108,40,43,33,103,38,116,49,41,59,84,82"/><V96/><F114/><W109/><G33/><T92/><D131/><U95/><E71/><V104/><F70/><W16/><G116/><T122/><D122/><U97/><E117/><V13/><F125/><W127/><G127/><T87/><D115/><U110/><E124/><V29/><F13/><W62/><G103/><T80/><D32/><U45/><E39/><N who="3" m="14858" /><G16/><T55/><D67/><U35/><E110/><N who="3" m="42602" /><G82/><T48/><D8/><U61/><E134/><V73/><F73/><W24/><G24/><T36/><D36/><U119/><E119/><V81/><F81/><W17/><G84/><T20/><D79/><U14/><E121/><V42/><F42/><W30/><G17/><T129/><D129/><U133/><E133/><V31/><F12/><W19/><G19/><T57/><REACH who="0" step="1"/><D27/><REACH who="0" ten="172,260,301,257" step="2"/><U78/><E78/><V11/><F11/><W126/><G126/><T72/><D72/><U10/><E35/><V21/><F31/><W15/><G30/><T106/><D106/><N who="2" m="40490" /><F7/><W75/><G75/><T50/><D50/><U94/><E28/><V9/><F9/><W66/><G15/><T123/><D123/><U100/><E14/><V132/><F132/><W99/><G99/><T64/><D64/><AGARI ba="1,1" hai="2,3,21,26,29,58,63,64,93,96,102" m="40490" machi="64" ten="30,5800,0" yaku="25,1,52,2" doraHai="34" who="2" fromWho="0" sc="172,-61,260,0,301,71,257,0" /><INIT seed="2,2,0,1,3,51" ten="111,260,372,257" oya="2" hai0="30,91,118,19,83,119,48,10,120,87,122,114,47" hai1="93,130,2,28,37,34,53,55,78,17,1,16,36" hai2="77,74,62,7,15,73,97,131,81,107,96,45,105" hai3="92,0,22,108,29,56,8,134,61,32,109,23,66"/><V126/><F126/><W90/><G134/><T117/><D30/><U65/><E130/><V75/><F131/><W133/><G133/><T124/><D114/><U46/><E65/><V40/><F62/><W72/><G72/><T3/><D124/><U84/><E46/><V98/><F7/><N who="3" m="1127" /><G32/><T33/><D33/><U50/><E50/><V111/><F111/><N who="3" m="42571" /><G29/><T4/><REACH who="0" step="1"/><D19/><REACH who="0" ten="101,260,372,257" step="2"/><U100/><E28/><V82/><F107/><W132/><G132/><T135/><D135/><U101/><E34/><V95/><F105/><W54/><G66/><T123/><D123/><U42/><E17/><V116/><F116/><W106/><G106/><T76/><D76/><U67/><E16/><V69/><F77/><W104/><G104/><T99/><D99/><AGARI ba="2,1" hai="22,23,54,56,61,90,92,99" m="42571,1127" machi="99" ten="30,2000,0" yaku="14,1,52,1" doraHai="51" who="3" fromWho="0" sc="101,-26,260,0,372,0,257,36" /><INIT seed="3,0,0,1,5,118" ten="75,260,372,293" oya="3" hai0="130,51,64,74,39,73,114,12,95,119,85,82,19" hai1="58,21,71,112,77,117,24,27,56,126,72,44,13" hai2="75,3,33,93,122,60,52,79,10,87,125,124,4" hai3="109,66,50,20,131,100,46,43,70,14,132,98,67"/><W99/><G131/><T84/><D119/><U133/><E117/><V121/><F33/><W111/><G132/><T35/><D130/><U42/><E71/><V34/><F34/><W1/><G1/><T107/><D114/><U76/><E112/><V25/><F25/><W41/><G41/><T65/><D107/><U94/><E133/><V32/><F32/><W129/><G129/><T104/><D104/><U54/><E126/><N who="2" m="48747" /><F75/><W5/><G70/><T0/><D0/><U26/><E94/><V110/><F110/><N who="3" m="41995" /><G5/><T17/><D39/><U23/><E13/><V127/><F127/><W45/><G45/><T120/><D120/><U57/><E54/><V61/><F61/><W92/><G99/><T31/><D35/><U9/><E9/><V123/><F123/><W81/><BYE who="2" /><G81/><T18/><D31/><U106/><E106/><V105/><F105/><W69/><G69/><T96/><D12/><U135/><E135/><V134/><F134/><W78/><G78/><T8/><D8/><U90/><E90/><V48/><F48/><W38/><G38/><T29/><D51/><UN n2="%E3%81%B2%E3%81%AA%E3%81%AE%E3%82%8A%E3%81%8F" /><U91/><E91/><N who="2" m="53503" /><F79/><N who="1" m="30281" /><E72/><N who="0" m="27753" /><D82/><U28/><E28/><V55/><F60/><W30/><G14/><T40/><D29/><U128/><E128/><V102/><F122/><W53/><G53/><N who="2" m="20553" /><F121/><W16/><G30/><T97/><D40/><U103/><E103/><AGARI ba="0,0" hai="3,4,10,102,103" m="20553,53503,48747" machi="103" ten="30,2000,0" yaku="18,1,54,1" doraHai="118" who="2" fromWho="1" sc="75,0,260,-20,372,20,293,0" owari="75,-42.5,240,-16.0,392,49.2,293,9.3" /></mjloggm>