<mjloggm ver="2.3"><GO type="225" lobby="0"/><UN n0="%6D%61%74%69%67%75%73%61" n1="%E5%8D%A0%E3%81%84%E5%B8%AB%E8%A3%8F%E3%81%AA%E3%81%84%E3%81%97" n2="%E3%83%A9%E3%82%B9%E7%8E%87%EF%BC%93%E5%89%B2" n3="%E6%98%93%E5%88%A9%E8%96%A9%E4%BC%AF" dan="17,17,16,16" rate="2150.87,2228.99,2193.85,2122.30" sx="M,M,F,F"/><TAIKYOKU oya="0"/><INIT seed="0,0,0,3,5,75" ten="250,250,250,250" oya="0" hai0="29,111,129,9,115,61,56,122,14,98,107,132,51" hai1="57,68,70,49,128,113,72,11,76,73,63,0,18" hai2="79,127,55,74,64,2,81,53,17,135,119,50,108" hai3="36,62,100,133,26,104,12,41,23,124,16,5,47"/><T112/><D122/><U52/><E128/><V71/><F2/><W38/><G133/><T33/><D51/><U22/><E113/><V35/><F135/><W69/><G124/><T97/><D132/><U67/><E68/><V44/><F127/><W126/><G126/><T101/><D129/><U21/><E72/><V13/><F108/><W31/><G5/><T48/><D48/><U134/><E134/><V20/><F35/><W40/><G104/><T4/><D98/><U120/><E120/><V83/><F119/><W37/><G100/><T89/><D89/><U117/><E117/><V96/><F96/><W109/><G109/><T43/><D43/><U114/><E114/><V99/><F99/><W85/><G85/><T123/><D123/><U77/><E73/><V10/><F83/><W65/><REACH who="3" step="1"/><G40/><REACH who="3" ten="250,250,250,240" step="2"/><T54/><D111/><U110/><E110/><V88/><F74/><W15/><G15/><T27/><AGARI ba="0,1" hai="4,9,14,27,29,33,54,56,61,97,101,107,112,115" machi="27" ten="30,1500,0" yaku="0,1" doraHai="75" who="0" fromWho="0" sc="250,25,250,-5,250,-5,240,-5" /><INIT seed="0,1,0,4,4,6" ten="275,245,245,235" oya="0" hai0="32,39,15,14,90,93,123,58,128,132,50,2,61" hai1="42,135,38,29,63,64,69,46,27,83,19,8,133" hai2="108,25,18,134,48,17,49,88,57,35,91,115,80" hai3="60,0,100,82,92,124,130,71,122,20,67,62,85"/><T72/><D2/><U81/><E19/><V68/><F68/><W53/><G122/><T105/><D39/><U10/><E83/><V73/><F115/><W51/><G124/><T96/><D123/><U104/><E81/><V113/><F113/><W86/><G0/><T127/><D72/><U59/><E69/><V98/><F108/><W94/><G62/><T4/><D32/><N who="1" m="20543" /><E104/><V78/><F134/><AGARI ba="1,0" hai="8,10,38,42,46,59,63,64,133,134,135" m="20543" machi="134" ten="30,3900,0" yaku="20,1,52,2" doraHai="6" who="1" fromWho="2" sc="275,0,245,42,245,-42,235,0" /><INIT seed="1,0,0,3,1,5" ten="275,287,203,235" oya="1" hai0="75,125,10,69,100,133,34,61,47,113,79,38,118" hai1="28,40,60,91,135,121,22,58,128,42,8,63,49" hai2="116,87,16,51,102,12,111,112,114,36,78,93,71" hai3="110,64,84,67,106,52,129,89,17,7,18,101,30"/><U23/><E121/><V127/><F36/><W56/><G110/><T14/><D34/><U104/><E135/><V90/><F116/><W70/><G30/><T55/><D113/><N who="2" m="43626" /><F71/><W24/><G129/><T86/><D75/><U48/><E104/><V123/><F123/><W26/><G101/><T117/><D125/><U88/><E58/><V65/><F65/><W35/><G7/><T50/><D100/><U32/><E28/><V66/><F66/><N who="3" m="25131" /><G35/><T80/><D69/><U77/><E32/><V59/><F102/><W115/><G106/><T120/><D120/><U57/><E57/><V45/><F78/><W83/><G70/><T119/><D61/><U29/><E29/><V103/><F103/><W44/><G44/><T73/><D38/><U53/><E53/><N who="2" m="32191" /><F45/><W39/><G39/><T43/><D73/><U85/><E77/><V11/><F111/><W74/><G74/><T130/><D130/><U81/><E128/><V122/><F122/><W95/><G83/><T97/><D133/><U3/><E81/><V20/><F127/><W1/><G1/><T108/><D108/><U92/><E3/><V0/><F0/><W109/><G109/><T82/><D82/><U9/><E92/><V99/><F99/><W6/><G6/><N who="0" m="3415" /><D97/><U2/><E2/><V46/><F46/><W98/><G98/><T124/><D124/><U76/><E76/><V37/><F37/><W15/><G115/><T31/><D55/><U68/><E68/><V105/><F105/><W41/><G41/><T27/><D117/><U72/><E72/><V94/><F94/><W13/><G95/><RYUUKYOKU ba="0,0" sc="275,10,287,10,203,10,235,-30" hai0="27,31,43,47,50,79,80,86,118,119" hai1="8,9,22,23,40,42,48,49,60,63,85,88,91" hai2="11,12,16,20,87,90,93" /><INIT seed="1,1,0,0,3,0" ten="285,297,213,205" oya="1" hai0="74,90,51,60,59,26,31,108,13,69,91,83,71" hai1="119,99,110,64,34,89,107,53,98,126,38,129,17" hai2="121,130,106,128,122,5,55,29,2,35,42,23,93" hai3="37,30,25,7,58,97,21,18,100,105,104,78,70"/><U56/><E119/><V63/><F106/><W87/><G70/><T43/><D108/><U102/><E110/><V49/><F35/><W8/><G37/><T46/><D74/><U22/><E34/><V3/><F42/><W47/><G47/><T72/><D13/><U12/><E129/><N who="2" m="49771" /><F63/><W1/><G58/><T15/><D91/><U52/><E126/><V73/><F73/><W40/><G40/><T127/><D127/><U48/><E38/><V19/><F93/><W9/><G9/><T94/><D15/><U11/><E11/><N who="2" m="2487" /><F3/><W82/><REACH who="3" step="1"/><G104/><REACH who="3" ten="285,297,213,195" step="2"/><T6/><D69/><U103/><E107/><V66/><F66/><W50/><G50/><T75/><D71/><U54/><E64/><V68/><F68/><W113/><G113/><T134/><D51/><U28/><E48/><V96/><F49/><W20/><G20/><T125/><D43/><U24/><E56/><V77/><F23/><W84/><G84/><T86/><D86/><U132/><E54/><V116/><F55/><W131/><G131/><T95/><D59/><U115/><E115/><V4/><F122/><W88/><G88/><T76/><D90/><U101/><E89/><V114/><F121/><W27/><G27/><T79/><D26/><U112/><E112/><V124/><F114/><W62/><G62/><T36/><D60/><U45/><E45/><V33/><F124/><W92/><G92/><T81/><D125/><U39/><E39/><V135/><F33/><W120/><G120/><T111/><D36/><U57/><E57/><V85/><F85/><W44/><G44/><T118/><D46/><RYUUKYOKU ba="1,1" sc="285,-10,297,-10,213,-10,195,30" hai3="1,7,8,18,21,25,30,78,82,87,97,100,105" /><INIT seed="2,2,1,4,0,51" ten="275,287,203,225" oya="2" hai0="8,59,31,98,79,76,29,14,57,4,129,2,42" hai1="96,50,48,46,71,109,47,12,70,64,73,38,5" hai2="56,113,0,52,114,65,82,110,19,77,131,68,112" hai3="44,108,60,28,105,35,118,58,107,92,67,99,106"/><V3/><F131/><W66/><G108/><T74/><D129/><U119/><E119/><V117/><F117/><W1/><G118/><T25/><D2/><U100/><E73/><V91/><F110/><W41/><G1/><T23/><D74/><U86/><E38/><V61/><F91/><W22/><G35/><T95/><D42/><U127/><E109/><V39/><F19/><W75/><G75/><T122/><D122/><U34/><E34/><V24/><F24/><W103/><G67/><T104/><D104/><U97/><E127/><V36/><F0/><W9/><G9/><T78/><REACH who="0" step="1"/><D31/><REACH who="0" ten="265,287,203,225" step="2"/><U133/><E133/><V125/><F3/><W132/><G132/><T21/><D21/><U7/><E71/><V53/><F125/><W102/><G102/><AGARI ba="2,2" hai="4,8,14,23,25,29,57,59,76,78,79,95,98,102" machi="102" ten="40,5200,0" yaku="1,1,8,1,53,1" doraHai="51" doraHaiUra="90" who="0" fromWho="3" sc="265,78,287,0,203,0,225,-58" /><INIT seed="3,0,0,0,5,79" ten="343,287,203,167" oya="3" hai0="76,84,118,123,132,129,53,7,98,60,24,64,37" hai1="30,32,5,95,122,17,47,22,91,103,3,58,12" hai2="50,96,104,107,119,72,106,80,68,26,105,81,120" hai3="108,54,43,71,115,126,78,127,38,70,124,16,21"/><W18/><G115/><T15/><D37/><U89/><E122/><V90/><F68/><W114/><G114/><T14/><D118/><U110/><E110/><V112/><F112/><W10/><G108/><T20/><D129/><U42/><E58/><V25/><F50/><W2/><G54/><T44/><D132/><U41/><E103/><N who="2" m="62567" /><F25/><W27/><G78/><T62/><D98/><U57/><E57/><V111/><F26/><W74/><G74/><T28/><D123/><U55/><E55/><V0/><F0/><W8/><G18/><T33/><D33/><U113/><E113/><V59/><F59/><W101/><G101/><T4/><D14/><U11/><E95/><V48/><F48/><W40/><G40/><T133/><D133/><U66/><E66/><V117/><F111/><W35/><G35/><T29/><D28/><U99/><E99/><V6/><F6/><N who="0" m="2090" /><D15/><U100/><E100/><V19/><F19/><W128/><G128/><T97/><D97/><U116/><E116/><N who="2" m="44619" /><F120/><W51/><G38/><T93/><D64/><U13/><E13/><V121/><F121/><W83/><G83/><N who="2" m="31817" /><F90/><N who="1" m="34313" /><E47/><V39/><F39/><W131/><G131/><T102/><D44/><U49/><E49/><V73/><AGARI ba="0,0" hai="72,73,105,106,107" m="31817,44619,62567" machi="73" ten="40,8000,1" yaku="34,2,52,3" doraHai="79" who="2" fromWho="2" sc="343,-20,287,-20,203,80,167,-40" owari="323,42.3,267,-13.3,283,8.3,127,-37.3" /></mjloggm>