<mjloggm ver="2.3"><GO type="225" lobby="0"/><UN n0="%E3%83%B4%E3%83%A0%EF%BC%99%E3%81%A6" n1="%E6%B8%A9%E2%98%85%E6%83%85%E2%98%85%E6%8E%AA%E2%98%85%E7%BD%AE" n2="%E5%91%A8%E6%9D%B1" n3="%E3%82%B3%E3%83%90%E3%83%AC%E3%82%A4" dan="16,17,17,16" rate="2108.33,2163.82,2126.30,2191.15" sx="M,M,M,M"/><TAIKYOKU oya="0"/><INIT seed="0,0,0,4,0,29" ten="250,250,250,250" oya="0" hai0="113,131,122,38,75,41,10,119,55,25,35,110,39" hai1="20,135,22,61,24,100,50,94,101,0,18,76,37" hai2="27,44,57,103,107,106,17,117,65,91,89,78,126" hai3="63,60,85,7,40,11,130,58,30,51,42,116,83"/><T31/><D113/><U79/><E37/><V114/><F114/><W15/><G116/><T13/><D119/><U120/><E0/><V26/><F117/><W52/><G130/><T46/><D122/><U77/><E120/><V69/><F126/><W6/><G6/><T23/><D131/><U2/><E2/><V9/><F69/><W72/><G72/><T112/><D112/><U81/><E135/><V21/><F78/><W133/><G133/><T82/><D110/><U67/><E81/><V48/><F106/><W56/><G30/><T36/><D55/><U3/><E3/><V62/><F9/><W88/><G51/><T109/><D109/><U90/><E50/><V105/><F105/><W97/><G97/><T73/><D23/><U134/><E134/><V132/><F132/><W32/><G32/><T108/><D108/><U8/><E8/><V98/><REACH who="2" step="1"/><F26/><REACH who="2" ten="250,250,240,250" step="2"/><W70/><G70/><T16/><REACH who="0" step="1"/><D73/><REACH who="0" ten="240,250,240,250" step="2"/><U80/><E22/><V99/><F99/><W68/><REACH who="3" step="1"/><G68/><REACH who="3" ten="240,250,240,240" step="2"/><T19/><D19/><U129/><E129/><V102/><F102/><W93/><G93/><T125/><D125/><U124/><E124/><V28/><F28/><W33/><G33/><T128/><D128/><U121/><E121/><V14/><F14/><W43/><G43/><AGARI ba="0,3" hai="17,21,27,43,44,48,57,62,65,89,91,98,103,107" machi="43" ten="30,2000,0" yaku="1,1,7,1,53,0" doraHai="29" doraHaiUra="34" who="2" fromWho="3" sc="240,0,250,0,240,50,240,-20" /><INIT seed="1,0,0,4,4,5" ten="240,250,290,220" oya="1" hai0="90,60,93,10,55,15,131,102,87,42,86,32,9" hai1="123,12,13,19,28,38,78,51,39,106,75,22,117" hai2="73,31,99,3,132,89,104,118,30,129,45,100,27" hai3="72,63,135,1,110,94,128,17,52,70,88,49,81"/><U122/><E117/><V91/><F118/><W108/><G1/><T56/><D32/><U119/><E119/><V24/><F73/><W92/><G135/><T83/><D131/><U58/><E106/><V101/><F129/><W4/><G128/><T50/><D15/><U95/><E28/><V64/><F3/><W57/><G4/><T34/><D34/><U46/><E58/><V33/><F132/><W112/><G17/><T82/><D102/><U71/><E71/><V109/><F109/><N who="3" m="42091" /><G112/><T62/><D93/><U18/><E95/><V111/><F111/><W107/><G107/><T11/><D42/><U36/><E78/><AGARI ba="0,0" hai="9,10,11,50,55,56,60,62,78,82,83,86,87,90" machi="78" ten="40,8000,1" yaku="8,1,52,3" doraHai="5" who="0" fromWho="1" sc="240,80,250,-80,290,0,220,0" /><INIT seed="2,0,0,3,5,12" ten="320,170,290,220" oya="2" hai0="2,125,83,66,15,25,23,111,134,22,133,55,41" hai1="126,71,124,68,50,52,46,105,102,90,28,104,99" hai2="64,77,110,65,67,76,108,35,120,27,54,78,10" hai3="51,115,96,119,44,29,34,38,94,113,5,0,16"/><V100/><F120/><W57/><G38/><T82/><D2/><U123/><E123/><V117/><F117/><W135/><G119/><T13/><D111/><N who="2" m="42538" /><F100/><W92/><G5/><T61/><D41/><U20/><E105/><V1/><F54/><W43/><G0/><T98/><D98/><U109/><E109/><V47/><F47/><W19/><G29/><N who="0" m="17591" /><D55/><U129/><E129/><V127/><F127/><W128/><G128/><T86/><D125/><N who="1" m="48235" /><E90/><V30/><F1/><W89/><G34/><T37/><D37/><U72/><E72/><V53/><F53/><W73/><G73/><T32/><D32/><U18/><E28/><V95/><F95/><W39/><G135/><T87/><D133/><U60/><E60/><V121/><F121/><W36/><G36/><T45/><D134/><U42/><E42/><V122/><F122/><W84/><G39/><T59/><D82/><U70/><E71/><V103/><F103/><N who="3" m="60807" /><G57/><T80/><D80/><U56/><E56/><V131/><F131/><W8/><G8/><AGARI ba="0,0" hai="8,10,27,30,35,64,65,67,76,77,78" m="42538" machi="8" ten="40,3900,0" yaku="14,1,10,1" doraHai="12" who="2" fromWho="3" sc="320,0,170,0,290,39,220,-39" /><INIT seed="2,1,0,1,1,113" ten="320,170,329,181" oya="2" hai0="87,69,123,10,84,16,31,114,133,36,17,12,5" hai1="60,4,80,103,106,6,23,90,45,117,101,55,47" hai2="40,92,73,24,25,134,52,44,26,61,74,50,99" hai3="28,78,125,35,85,41,54,100,21,119,9,131,72"/><V129/><F134/><W105/><G131/><T37/><D114/><U53/><E106/><V38/><F129/><W58/><G35/><T42/><D123/><U126/><E117/><V77/><F61/><W79/><G72/><T132/><D69/><U65/><E126/><V18/><F77/><W71/><G71/><T104/><D104/><U130/><E130/><V110/><F18/><N who="0" m="7274" /><D31/><U20/><E90/><V62/><F62/><W39/><G125/><T75/><D75/><U46/><E80/><V108/><F74/><W97/><G119/><T121/><D121/><U66/><E47/><V3/><F3/><W34/><G34/><T8/><D8/><U122/><E60/><V51/><F73/><W68/><G68/><T82/><D42/><U32/><E32/><V127/><F127/><W13/><G41/><T81/><D81/><U43/><E43/><V86/><F86/><N who="0" m="32810" /><D82/><U124/><E124/><V2/><F2/><W95/><G39/><T30/><D30/><U63/><E63/><V14/><F14/><W59/><G105/><T27/><D27/><U57/><REACH who="1" step="1"/><E122/><REACH who="1" ten="320,160,329,181" step="2"/><V7/><F38/><W67/><G79/><T11/><D37/><U116/><E116/><V94/><F94/><W118/><G118/><T111/><D36/><U115/><E115/><V83/><F83/><W91/><G78/><T107/><D107/><U135/><E135/><N who="0" m="51785" /><D111/><U49/><E49/><V112/><F112/><W64/><G64/><T22/><D22/><U128/><E128/><V93/><F93/><W0/><G67/><T70/><D70/><U109/><E109/><V33/><F110/><RYUUKYOKU ba="1,1" sc="320,15,160,15,329,-15,181,-15" hai0="5,10,11,12" hai1="4,6,20,23,45,46,53,55,57,65,66,101,103" /><INIT seed="3,2,1,2,3,38" ten="335,175,314,166" oya="3" hai0="14,29,106,124,40,42,53,122,21,79,11,92,35" hai1="78,83,75,33,37,116,134,130,129,8,127,123,121" hai2="26,93,59,27,19,107,36,58,77,64,103,7,84" hai3="72,13,32,56,61,88,44,100,1,0,4,52,34"/><W108/><G72/><T2/><D122/><U109/><E109/><V31/><F36/><W49/><G108/><T101/><D106/><U10/><E134/><V95/><F107/><W12/><G100/><T20/><D35/><U41/><E127/><V3/><F3/><W22/><G34/><T70/><D70/><U17/><E33/><V132/><F7/><W105/><G105/><T18/><D2/><U55/><E116/><V131/><F132/><W126/><G32/><T9/><D79/><U86/><E55/><V28/><F131/><N who="1" m="50185" /><E75/><V133/><F133/><W45/><G126/><T98/><D124/><U99/><E99/><N who="2" m="59887" /><F19/><N who="3" m="10599" /><G1/><T63/><D21/><U30/><E30/><N who="2" m="11307" /><F64/><W104/><G0/><T46/><D29/><U110/><E110/><V97/><F77/><W90/><G104/><T16/><D9/><N who="1" m="3691" /><E17/><V47/><F84/><W135/><G135/><T73/><D73/><U39/><E39/><V54/><F26/><W87/><G87/><T118/><D118/><U67/><E67/><V25/><F27/><W24/><G24/><T66/><D18/><U51/><E37/><V94/><F25/><W125/><G125/><T117/><D117/><U91/><E78/><V76/><F76/><W74/><G74/><T112/><D11/><U114/><E114/><V48/><F95/><W62/><G4/><T23/><D23/><U71/><E71/><V57/><F94/><W69/><G13/><T89/><D112/><U120/><E123/><V6/><F6/><W119/><G119/><T102/><D14/><U5/><E5/><V111/><F111/><W50/><G69/><RYUUKYOKU ba="2,1" sc="335,-15,175,15,314,15,166,-15" hai1="41,51,83,86,91,120,121" hai2="47,48,54,57,58,59,97" owari="320,12.0,190,-21.0,339,43.9,151,-34.9" /></mjloggm>