<mjloggm ver="2.3"><GO type="225" lobby="0"/><UN n0="%E3%81%B5%E3%81%98%E3%81%8B%E3%81%A4" n1="%65%2D%73%65%70%65%6E%3B" n2="%E3%83%97%E3%83%AC%E3%83%B4%E3%82%A1%E3%83%86%E3%82%A3" n3="%E3%81%BF%E3%81%BF%E3%81%9A" dan="16,16,16,16" rate="2121.75,2135.78,2116.75,2134.79" sx="M,M,F,M"/><TAIKYOKU oya="0"/><INIT seed="0,0,0,5,2,80" ten="250,250,250,250" oya="0" hai0="113,87,63,35,128,6,54,25,47,3,101,133,108" hai1="74,83,32,78,5,121,34,46,112,96,84,55,11" hai2="10,7,19,2,81,61,56,65,72,134,115,122,15" hai3="50,100,16,110,103,120,117,135,53,91,79,109,98"/><T36/><D113/><U132/><E121/><V75/><F115/><W39/><G117/><T8/><D133/><U41/><E112/><V102/><F122/><W1/><G120/><T88/><D128/><U73/><E132/><V124/><F134/><W18/><G135/><T27/><D101/><N who="3" m="38985" /><G39/><T93/><D35/><U26/><E96/><V129/><F124/><W59/><G1/><T104/><D104/><U42/><E55/><V90/><F129/><W60/><G79/><T17/><D108/><N who="3" m="41577" /><G60/><T44/><D17/><U0/><E42/><V89/><F102/><W123/><G123/><T52/><D54/><U118/><E118/><V116/><F116/><W106/><G106/><T92/><D92/><AGARI ba="0,0" hai="16,18,50,53,59,91,92,98" m="41577,38985" machi="92" ten="30,2000,0" yaku="14,1,54,1" doraHai="80" who="3" fromWho="0" sc="250,-20,250,0,250,0,250,20" /><INIT seed="1,0,0,0,5,131" ten="230,250,250,270" oya="1" hai0="5,119,1,32,2,121,128,70,72,135,92,14,15" hai1="64,47,104,98,99,38,75,115,102,95,112,111,122" hai2="48,127,85,58,82,134,33,108,83,46,79,44,54" hai3="116,43,91,24,130,12,35,94,0,109,97,100,86"/><U27/><E64/><V76/><F33/><W21/><G0/><N who="0" m="107" /><D72/><U89/><E122/><V88/><F108/><W51/><G109/><T39/><D70/><U59/><E111/><V29/><F127/><W10/><G130/><T103/><D39/><U93/><E75/><V73/><F29/><W50/><G116/><T129/><D92/><U125/><E125/><V26/><F26/><W49/><G35/><T71/><D103/><U74/><E74/><V69/><F69/><W57/><G43/><T96/><D71/><U20/><E59/><V13/><F134/><W114/><G114/><T61/><D96/><U124/><E124/><V40/><F13/><N who="0" m="4618" /><D61/><U25/><E89/><V41/><REACH who="2" step="1"/><F79/><REACH who="2" ten="230,250,240,270" step="2"/><W60/><G12/><T17/><D121/><U120/><E120/><V55/><F55/><W3/><G3/><T78/><D78/><U87/><E25/><V42/><AGARI ba="0,1" hai="40,41,42,44,46,48,54,58,73,76,82,83,85,88" machi="42" ten="30,4000,0" yaku="1,1,0,1,54,1,53,0" doraHai="131" doraHaiUra="30" who="2" fromWho="2" sc="230,-10,250,-20,240,50,270,-10" /><INIT seed="2,0,0,3,5,46" ten="220,230,290,260" oya="2" hai0="121,98,36,73,42,66,79,108,129,124,92,59,3" hai1="28,135,51,2,71,15,128,120,53,134,80,133,14" hai2="32,110,26,81,94,88,35,132,107,109,48,33,68" hai3="125,50,10,43,96,95,57,47,38,100,85,30,37"/><V54/><F68/><W24/><G125/><T67/><D121/><U91/><E120/><V39/><F39/><W11/><G85/><T29/><D3/><U6/><E71/><V40/><F40/><W19/><G19/><T93/><D124/><U4/><E28/><V25/><F107/><W87/><G37/><T27/><D129/><U23/><E128/><V130/><F81/><W65/><G87/><T131/><D131/><U104/><E104/><V34/><F130/><W105/><G105/><T69/><D69/><U89/><E2/><V123/><F123/><W106/><G106/><T18/><D73/><U90/><E80/><V61/><F61/><N who="3" m="38063" /><G38/><T83/><D36/><U62/><E62/><V126/><F126/><W52/><G43/><T102/><D42/><U101/><E101/><V76/><F76/><W78/><G78/><T7/><D7/><N who="1" m="2603" /><E23/><AGARI ba="0,0" hai="10,11,23,24,30,47,50,52,95,96,100" m="38063" machi="23" ten="30,7700,0" yaku="25,1,8,1,52,1,54,1" doraHai="46" who="3" fromWho="1" sc="220,0,230,-77,290,0,260,77" /><INIT seed="3,0,0,4,5,105" ten="220,153,290,337" oya="3" hai0="58,50,78,97,29,87,122,93,110,1,80,113,15" hai1="84,5,134,31,23,86,21,24,6,7,70,57,100" hai2="123,108,45,4,101,42,10,133,63,96,55,92,74" hai3="126,135,77,69,119,65,94,33,91,25,68,121,73"/><W49/><G119/><T85/><D110/><U132/><E70/><V115/><F108/><W109/><G121/><T40/><D122/><U27/><E100/><V129/><F123/><W3/><G3/><T82/><D1/><U11/><E57/><V28/><F115/><W112/><G112/><T90/><D113/><U47/><E47/><V41/><F129/><W38/><G38/><T44/><D58/><U14/><E86/><V20/><F133/><W53/><G65/><T124/><D124/><U30/><E84/><V51/><F74/><W89/><G89/><T66/><D15/><U22/><E22/><V2/><F63/><W116/><G116/><T98/><D66/><U75/><E75/><V62/><F62/><W43/><G49/><T54/><D29/><U67/><E67/><V19/><REACH who="2" step="1"/><F28/><REACH who="2" ten="220,153,280,337" step="2"/><W12/><G109/><T99/><REACH who="0" step="1"/><D40/><REACH who="0" ten="210,153,280,337" step="2"/><U118/><E118/><V81/><F81/><AGARI ba="0,2" hai="44,50,54,78,80,81,82,85,87,90,93,97,98,99" machi="81" ten="40,5200,0" yaku="1,1,2,1,8,1,53,0" doraHai="105" doraHaiUra="32" who="0" fromWho="2" sc="210,72,153,0,280,-52,337,0" owari="282,8.2,153,-34.7,228,-17.2,337,43.7" /></mjloggm>