<mjloggm ver="2.3"><GO type="225" lobby="0"/><UN n0="%E3%81%AA%E3%82%81%E3%81%93%E9%9B%80%E5%A3%AB" n1="%E5%8D%8D%E6%B1%A0%E8%A2%8B%E6%9C%80%E5%BC%B7%E5%8D%8D" n2="%72%69%6F%75%63%68%61%6E" n3="%E3%81%A4%E3%81%A3%E3%81%B1%E3%82%8A%E3%83%9D%E3%83%BC%E3%83%AB" dan="16,16,16,17" rate="2056.80,2151.04,2146.90,2208.55" sx="M,M,M,M"/><TAIKYOKU oya="0"/><INIT seed="0,0,0,5,2,19" ten="250,250,250,250" oya="0" hai0="1,133,10,114,103,45,131,22,56,3,81,27,71" hai1="17,102,126,38,32,47,110,54,33,115,25,88,97" hai2="26,94,5,29,107,84,74,67,14,134,113,41,83" hai3="127,44,12,48,95,116,87,58,13,85,91,90,66"/><T21/><D71/><U59/><E110/><V43/><F113/><W96/><G127/><T122/><D114/><U104/><E126/><V86/><F134/><W98/><G116/><T63/><D122/><U52/><E115/><V37/><F107/><W4/><G66/><T7/><D133/><U30/><E17/><V132/><F132/><W20/><G58/><T135/><D135/><U57/><E57/><V93/><F67/><W117/><G117/><T40/><D3/><U72/><E72/><V15/><F74/><W105/><G105/><T99/><D81/><U34/><E88/><N who="2" m="53383" /><F37/><W23/><G4/><T65/><D27/><U125/><E125/><V53/><F94/><N who="3" m="54623" /><G12/><N who="2" m="4649" /><F5/><W6/><G13/><T36/><REACH who="0" step="1"/><D131/><REACH who="0" ten="240,250,250,250" step="2"/><U50/><REACH who="1" step="1"/><E38/><REACH who="1" ten="240,240,250,250" step="2"/><V106/><F26/><W123/><G123/><T51/><D51/><AGARI ba="0,2" hai="25,30,32,33,34,47,50,51,52,54,59,97,102,104" machi="51" ten="30,7700,0" yaku="1,1,2,1,7,1,54,1,53,0" doraHai="19" doraHaiUra="130" who="1" fromWho="0" sc="240,-77,240,97,250,0,250,0" /><INIT seed="1,0,0,2,1,81" ten="163,337,250,250" oya="1" hai0="110,93,101,64,53,33,89,31,18,108,74,95,109" hai1="70,122,83,86,121,35,29,87,1,6,112,119,28" hai2="65,20,11,82,25,128,50,15,72,57,10,100,71" hai3="52,32,30,80,47,115,39,40,12,135,88,44,106"/><U56/><E112/><V92/><F128/><W96/><G115/><T59/><D74/><U131/><E70/><V132/><F132/><W14/><G135/><T3/><D3/><U27/><E119/><V103/><F71/><W97/><G32/><T75/><D75/><U99/><E6/><V13/><F72/><W124/><G30/><T90/><D64/><U45/><E45/><V91/><F82/><W63/><G124/><T46/><D46/><N who="3" m="17449" /><G106/><T34/><D101/><U17/><E1/><V118/><F118/><W24/><G24/><T21/><D31/><U111/><E111/><BYE who="1" /><V117/><F117/><W42/><G39/><T113/><D113/><U48/><E48/><V51/><F65/><W5/><G97/><UN n1="%E5%8D%8D%E6%B1%A0%E8%A2%8B%E6%9C%80%E5%BC%B7%E5%8D%8D" /><T133/><D133/><U26/><E35/><V134/><F134/><W66/><G66/><T69/><D69/><U19/><E28/><N who="2" m="17447" /><F13/><N who="3" m="5227" /><G5/><T78/><D34/><U43/><E29/><V0/><F0/><W84/><G96/><T8/><D8/><N who="2" m="3114" /><F15/><W73/><G73/><T127/><D33/><U16/><E26/><V130/><F130/><W129/><G129/><T114/><D114/><U38/><E27/><V22/><F22/><W54/><G63/><N who="0" m="36335" /><D127/><U9/><E9/><V123/><F123/><W2/><G2/><T107/><D107/><U116/><E116/><V37/><F37/><W23/><G23/><T77/><D21/><U4/><E38/><V41/><F57/><W68/><G68/><T94/><D18/><N who="1" m="7275" /><E122/><V98/><F51/><W105/><G105/><T104/><D104/><U67/><E121/><V125/><F125/><W85/><G85/><RYUUKYOKU ba="0,0" sc="163,10,337,-30,250,10,250,10" hai0="77,78,89,90,93,94,95,108,109,110" hai2="41,50,91,92,98,100,103" hai3="40,42,52,54,80,84,88" /><INIT seed="2,1,0,0,5,31" ten="173,307,260,260" oya="2" hai0="76,48,134,102,62,112,122,111,119,52,109,84,78" hai1="1,124,74,131,57,106,60,65,95,6,55,88,114" hai2="129,18,12,117,10,120,125,115,116,96,28,41,34" hai3="133,105,121,132,8,15,128,14,85,35,7,83,29"/><V67/><F120/><W135/><G105/><T73/><D122/><U47/><E114/><V42/><F115/><W61/><G121/><T130/><D112/><U22/><E106/><V39/><F125/><W16/><G128/><T46/><D73/><U33/><E124/><V9/><F129/><W90/><G61/><T91/><D130/><U68/><E131/><V77/><F77/><W80/><G80/><T25/><D134/><U40/><E33/><V103/><F67/><W0/><REACH who="3" step="1"/><G16/><REACH who="3" ten="173,307,260,250" step="2"/><T2/><D119/><U113/><E113/><V99/><F117/><W4/><G4/><T24/><D111/><U32/><E6/><V45/><F116/><W123/><G123/><T20/><D109/><U26/><E60/><V70/><F70/><W75/><G75/><T79/><D62/><U101/><E68/><V50/><F9/><W56/><G56/><T54/><D20/><U23/><E23/><V108/><F108/><W37/><G37/><T94/><D2/><U107/><E22/><V17/><F18/><W53/><G53/><N who="0" m="20587" /><D102/><U81/><E101/><V59/><F103/><W44/><G44/><T110/><D110/><U93/><E47/><N who="2" m="25967" /><F59/><W11/><G11/><T19/><D19/><U89/><E1/><V127/><F127/><W5/><G5/><T92/><D92/><U43/><E107/><V58/><F58/><W69/><G69/><T21/><D21/><U118/><E118/><V3/><F3/><W98/><G98/><T64/><D64/><U72/><E65/><V86/><F86/><W36/><G36/><T38/><D38/><U27/><E95/><RYUUKYOKU ba="1,1" sc="173,10,307,-30,260,10,250,10" hai0="24,25,46,48,76,78,79,84,91,94" hai2="10,12,17,28,34,39,42,45,96,99" hai3="0,7,8,14,15,29,35,83,85,90,132,133,135" /><INIT seed="2,2,1,3,0,78" ten="183,277,270,260" oya="2" hai0="76,121,25,35,110,37,75,55,23,83,126,30,86" hai1="111,71,6,89,96,52,54,18,40,42,105,134,49" hai2="11,64,58,124,79,57,0,56,32,19,73,59,13" hai3="47,9,8,65,82,34,48,108,14,45,5,72,99"/><V118/><F118/><W39/><G108/><T97/><D110/><U67/><E111/><V70/><F124/><W128/><G128/><T4/><D121/><U2/><E134/><V33/><F0/><W84/><G34/><T63/><D126/><U43/><E2/><V95/><N who="2" m="14336" /><DORA hai="122" /><V20/><F95/><W26/><G72/><T113/><D113/><U46/><E6/><V106/><F106/><W3/><G39/><T80/><D37/><U90/><E105/><V109/><F109/><W51/><G65/><T36/><D36/><U44/><E67/><V133/><F133/><W38/><G26/><T61/><D55/><N who="1" m="21035" /><E71/><V87/><F73/><W41/><G99/><T31/><D4/><U114/><E114/><V92/><F11/><W29/><G29/><T112/><D112/><U69/><E69/><V120/><F120/><W15/><G47/><N who="1" m="17962" /><E18/><V135/><F135/><W98/><G3/><T130/><D130/><U125/><E125/><V77/><F32/><W1/><G1/><T100/><D31/><U107/><E107/><V74/><F33/><W24/><G38/><T60/><D35/><U93/><E49/><V62/><REACH who="2" step="1"/><F74/><REACH who="2" ten="183,277,260,260" step="2"/><W22/><G9/><T68/><D68/><U50/><E50/><V115/><F115/><W116/><G51/><T132/><D132/><U123/><E123/><V53/><F53/><W7/><G8/><T88/><D63/><U66/><E66/><V103/><F103/><AGARI ba="2,2" hai="40,42,43,89,90,93,96,103" m="17962,21035" machi="103" ten="30,2000,0" yaku="8,1,54,1" doraHai="78,122" who="1" fromWho="2" sc="183,0,277,46,260,-26,260,0" /><INIT seed="3,0,0,3,1,103" ten="183,323,234,260" oya="3" hai0="108,101,28,87,6,128,13,96,100,122,15,81,91" hai1="80,98,11,77,18,62,99,65,27,133,69,1,38" hai2="76,55,7,26,118,20,119,117,135,24,58,25,120" hai3="34,59,60,83,121,52,82,61,22,33,84,88,35"/><W42/><G121/><T109/><D122/><U102/><E133/><V131/><F120/><W97/><G42/><T63/><D128/><U111/><E38/><V124/><F135/><W23/><G83/><T67/><D28/><U70/><E111/><V75/><F131/><W116/><G116/><T45/><D101/><U37/><E37/><V36/><F36/><W134/><G134/><T14/><D45/><U104/><E98/><V54/><F124/><W78/><G97/><T64/><D6/><U16/><E27/><V115/><F115/><W107/><G107/><T40/><D40/><U106/><E69/><V92/><F7/><W8/><G8/><T53/><D53/><U2/><E106/><V125/><F125/><W47/><G47/><T29/><D29/><U123/><E123/><V72/><F76/><W126/><G126/><T43/><D43/><U130/><E130/><V39/><F39/><W86/><G61/><T89/><D89/><U41/><E41/><V49/><F20/><W3/><G3/><T30/><D30/><U44/><E44/><V4/><F4/><W93/><AGARI ba="0,0" hai="22,23,33,34,35,52,59,60,78,82,84,86,88,93" machi="93" ten="30,6000,0" yaku="0,1,54,2" doraHai="103" who="3" fromWho="3" sc="183,-20,323,-20,234,-20,260,60" owari="163,-33.7,303,10.3,214,-18.6,320,42.0" /></mjloggm>