<mjloggm ver="2.3"><GO type="225" lobby="0"/><UN n0="%E6%97%A5%E6%9B%9C%E6%97%A5%E3%82%88%E3%82%8A%E3%81%AE%E4%BD%BF%E8%80%85" n1="%66%67%67%68%68%64%66" n2="%E3%81%A1%E3%82%85%E3%81%86%E3%81%A9%E3%81%8F%E8%B1%A1%E3%81%95%E3%82%93" n3="%E2%91%A3%E9%81%BF%E9%81%8A%E6%88%AF%E3%80%90%E6%9D%B1%E5%8D%97%E3%80%91" dan="17,16,17,16" rate="2171.41,2064.32,2245.09,2087.98" sx="M,M,M,M"/><TAIKYOKU oya="0"/><INIT seed="0,0,0,2,0,129" ten="250,250,250,250" oya="0" hai0="72,32,121,5,101,40,54,47,91,15,53,33,14" hai1="95,29,79,106,74,56,1,100,135,12,24,25,57" hai2="34,52,114,99,19,42,69,31,63,80,92,30,123" hai3="81,113,110,55,11,117,134,73,120,115,46,6,26"/><T84/><D72/><U83/><E1/><V23/><F123/><W112/><G73/><T37/><D121/><U7/><E106/><V127/><F114/><W39/><G120/><T87/><D101/><U61/><E24/><V45/><F127/><W4/><G117/><T0/><D0/><U67/><E56/><N who="2" m="35207" /><F69/><W71/><G71/><T105/><D105/><U22/><E135/><V102/><F34/><W65/><G134/><T66/><D66/><U18/><E7/><V108/><F80/><W50/><G39/><T3/><D3/><U97/><REACH who="1" step="1"/><E12/><REACH who="1" ten="250,240,250,250" step="2"/><N who="2" m="9703" /><F108/><W75/><G110/><T68/><D5/><U62/><E62/><V16/><F16/><AGARI ba="0,1" hai="16,18,22,25,29,57,61,67,74,79,83,95,97,100" machi="16" ten="40,8000,1" yaku="1,1,25,2,54,1,53,0" doraHai="129" doraHaiUra="44" who="1" fromWho="2" sc="250,0,240,90,250,-80,250,0" /><INIT seed="1,0,0,4,2,71" ten="250,330,170,250" oya="1" hai0="38,112,90,17,80,7,118,93,108,50,18,58,124" hai1="121,94,85,103,134,30,106,81,13,119,37,99,126" hai2="62,26,97,123,89,0,11,78,55,73,104,70,84" hai3="67,95,114,128,24,32,131,10,53,41,83,47,109"/><U12/><E119/><V105/><F123/><W75/><G114/><T125/><D112/><U130/><E121/><V21/><F73/><W6/><G109/><T74/><D118/><U39/><E130/><V14/><F78/><W76/><G53/><N who="0" m="32055" /><D7/><U56/><E134/><V54/><F0/><N who="3" m="327" /><G95/><T68/><D68/><U9/><E126/><N who="0" m="48745" /><D108/><U61/><E30/><V33/><F33/><W28/><G67/><T16/><D38/><AGARI ba="0,0" hai="24,28,32,38,41,47,75,76,83,128,131" m="327" machi="38" ten="30,3900,0" yaku="25,1,23,1,52,1" doraHai="71" who="3" fromWho="0" sc="250,-39,330,0,170,0,250,39" /><INIT seed="2,0,0,2,2,24" ten="211,330,170,289" oya="2" hai0="29,11,26,131,70,132,15,86,109,68,10,37,128" hai1="54,47,27,66,63,56,124,115,55,16,94,72,3" hai2="88,95,31,48,53,5,40,51,41,61,127,13,123" hai3="9,77,81,112,121,119,117,45,32,30,82,33,60"/><V80/><F123/><W28/><G121/><T107/><D37/><U135/><E115/><V105/><F105/><W46/><G112/><T116/><D107/><U79/><E3/><V65/><F80/><W83/><G60/><T111/><D86/><U125/><E135/><V67/><F127/><N who="1" m="48713" /><E94/><V43/><F31/><N who="3" m="11819" /><G9/><N who="0" m="3083" /><D132/><U97/><E97/><N who="2" m="57575" /><F61/><W73/><G77/><T64/><D64/><N who="2" m="24650" /><F53/><W7/><G7/><T23/><D116/><N who="3" m="44617" /><G73/><T57/><D70/><U114/><E114/><V17/><F5/><W84/><G84/><T8/><D68/><U36/><E72/><V0/><F0/><W89/><G89/><T2/><D2/><U87/><E54/><V134/><F134/><W19/><G19/><N who="0" m="8679" /><D57/><U106/><E56/><V130/><F130/><AGARI ba="0,0" hai="23,26,29,109,111,128,130,131" m="8679,3083" machi="130" ten="30,7700,0" yaku="19,1,34,2,52,1" doraHai="24" who="0" fromWho="2" sc="211,77,330,0,170,-77,289,0" /><INIT seed="3,0,0,1,3,2" ten="288,330,93,289" oya="3" hai0="44,109,46,15,31,120,33,88,6,17,122,125,106" hai1="75,59,10,45,121,135,100,23,85,90,28,35,105" hai2="97,80,16,0,73,40,43,70,26,39,99,53,41" hai3="8,63,27,50,103,79,25,115,56,123,14,21,1"/><W77/><G123/><T107/><D109/><U11/><E75/><V29/><F0/><W131/><G115/><T32/><D125/><U119/><E35/><V57/><F70/><W76/><G131/><T30/><D15/><U36/><E121/><V129/><F39/><W82/><G1/><T84/><D84/><U124/><E124/><V58/><F129/><W66/><G103/><T51/><D51/><U116/><E135/><V18/><F73/><W127/><G127/><T48/><D48/><U74/><E74/><V78/><F78/><W68/><G82/><T93/><D93/><U130/><E130/><V37/><F80/><W52/><REACH who="3" step="1"/><G21/><REACH who="3" ten="288,330,93,279" step="2"/><T81/><D81/><U9/><E100/><V7/><F37/><W19/><AGARI ba="0,1" hai="8,14,19,25,27,50,52,56,63,66,68,76,77,79" machi="19" ten="30,11700,0" yaku="1,1,2,1,0,1,54,1,53,0" doraHai="2" doraHaiUra="117" who="3" fromWho="3" sc="288,-39,330,-39,93,-39,279,127" owari="249,-15.1,291,9.1,54,-44.6,406,50.6" /></mjloggm>