<mjloggm ver="2.3"><GO type="225" lobby="0"/><UN n0="%E3%81%B2%E3%81%AA%E3%81%AE%E3%82%8A%E3%81%8F" n1="%6B%75%7A%75%6E" n2="%E3%83%AD%E3%83%83%E3%83%86%E9%9B%80%E7%90%83" n3="%E3%81%A9%E3%82%8F%E3%82%93%E3%81%94" dan="17,17,17,16" rate="2167.60,2171.18,2269.38,2157.29" sx="M,M,M,M"/><TAIKYOKU oya="0"/><INIT seed="0,0,0,5,1,72" ten="250,250,250,250" oya="0" hai0="135,16,39,17,109,113,22,95,63,44,38,78,31" hai1="126,68,122,57,19,111,14,28,56,133,42,10,61" hai2="77,91,120,74,131,21,98,4,86,60,110,101,43" hai3="75,118,29,114,62,5,24,46,124,33,88,8,107"/><T53/><D113/><U51/><E122/><V132/><F120/><W11/><G114/><T99/><D135/><U64/><E111/><V87/><F110/><W100/><G118/><T81/><D109/><U35/><E133/><V96/><F132/><W116/><G124/><T36/><D31/><U59/><E126/><V117/><F43/><W128/><G128/><T40/><D53/><U12/><E35/><V55/><F4/><W47/><G116/><T48/><D63/><U2/><E2/><V105/><F21/><W127/><G75/><T93/><D22/><U32/><E32/><V123/><F55/><W58/><G127/><T52/><D40/><U49/><E28/><V84/><F60/><W83/><G100/><T1/><D1/><U25/><E25/><V67/><F67/><W79/><G107/><T66/><D66/><U97/><E97/><N who="2" m="61615" /><F123/><W71/><G71/><T27/><D27/><U70/><E70/><V115/><F115/><W34/><G34/><T18/><REACH who="0" step="1"/><D99/><REACH who="0" ten="240,250,250,250" step="2"/><N who="2" m="37930" /><F131/><W54/><G33/><T106/><D106/><U45/><REACH who="1" step="1"/><E14/><REACH who="1" ten="240,240,250,250" step="2"/><V89/><F117/><W80/><G24/><T102/><D102/><U20/><E20/><V104/><F104/><W0/><G29/><T130/><D130/><U30/><E30/><V6/><F6/><W41/><G5/><T103/><D103/><U23/><E23/><V15/><F15/><W85/><G0/><T108/><D108/><U112/><E112/><V119/><F119/><W7/><G7/><T69/><D69/><U26/><E26/><V125/><F125/><W82/><G8/><T94/><D94/><RYUUKYOKU ba="0,2" sc="240,10,240,10,250,10,250,-30" hai0="16,17,18,36,38,39,44,48,52,78,81,93,95" hai1="10,12,19,42,45,49,51,56,57,59,61,64,68" hai2="74,77,84,86,87,89,91" /><INIT seed="0,1,2,0,0,45" ten="250,250,260,220" oya="0" hai0="10,59,81,123,92,53,64,13,39,95,67,108,100" hai1="60,118,47,86,75,28,42,26,16,122,37,62,128" hai2="135,29,46,73,33,99,115,105,93,134,20,56,18" hai3="69,79,32,9,24,116,1,11,83,107,77,97,76"/><T50/><D123/><U7/><E118/><V132/><F115/><W25/><G116/><T102/><D39/><U4/><E122/><V127/><F73/><W109/><G69/><T104/><D104/><U36/><E75/><V82/><F127/><W5/><G109/><T30/><D30/><U70/><E128/><V72/><F105/><W8/><G83/><T88/><D81/><U48/><E86/><V55/><F46/><W22/><G32/><T85/><D108/><U61/><E70/><V54/><F29/><W78/><N who="3" m="19456" /><DORA hai="96" /><W111/><G111/><T14/><D14/><U40/><E16/><V35/><F82/><W129/><G25/><T130/><D130/><U117/><E117/><V87/><F87/><W101/><REACH who="3" step="1"/><G129/><REACH who="3" ten="250,250,260,210" step="2"/><T27/><D27/><U15/><E15/><V91/><F72/><W21/><G21/><T34/><D34/><U94/><E26/><N who="2" m="14615" /><F33/><W90/><G90/><T12/><D13/><U133/><E28/><AGARI ba="1,3" hai="1,5,8,9,11,22,24,28,97,101,107" m="19456" machi="28" ten="50,6400,0" yaku="1,1,52,1,53,1" doraHai="45,96" doraHaiUra="89,23" who="3" fromWho="1" sc="250,0,250,-67,260,0,210,97" /><INIT seed="1,0,0,0,3,51" ten="250,183,260,307" oya="1" hai0="113,17,128,74,5,100,114,97,77,25,49,119,22" hai1="87,66,32,85,14,93,121,101,59,30,53,73,2" hai2="125,92,88,62,70,41,28,131,21,67,65,16,103" hai3="99,23,108,38,20,122,61,55,11,112,129,95,133"/><U90/><E121/><V132/><F125/><W4/><G112/><T24/><D119/><U72/><E2/><V39/><F132/><W96/><G38/><T135/><D135/><U80/><E66/><V83/><F131/><W37/><G122/><T111/><D128/><U81/><E14/><V84/><F28/><W71/><G37/><T44/><D111/><U63/><E101/><V105/><F105/><W46/><G108/><T54/><D5/><U12/><E12/><V120/><F120/><W86/><G133/><T26/><D26/><U58/><E59/><V94/><F67/><W79/><G71/><T117/><D117/><U104/><E104/><V123/><F123/><W1/><G129/><T106/><REACH who="0" step="1"/><D25/><REACH who="0" ten="240,183,260,307" step="2"/><U0/><E0/><V33/><F33/><W102/><G1/><T57/><D57/><U27/><REACH who="1" step="1"/><E81/><AGARI ba="0,1" hai="17,22,24,44,49,54,74,77,81,97,100,106,113,114" machi="81" ten="40,5200,0" yaku="1,1,52,1,53,1" doraHai="51" doraHaiUra="42" who="0" fromWho="1" sc="240,62,183,-52,260,0,307,0" /><INIT seed="2,0,0,5,4,51" ten="302,131,260,307" oya="2" hai0="66,58,129,94,107,19,95,113,55,105,45,127,8" hai1="103,13,31,25,118,87,38,57,24,97,89,22,74" hai2="130,27,86,117,63,78,2,132,116,41,12,61,109" hai3="5,62,93,134,124,72,39,46,48,70,11,21,133"/><V91/><F2/><W85/><G39/><T120/><D120/><U54/><E118/><V9/><F130/><W33/><G33/><T37/><D113/><U15/><E74/><V106/><F106/><W75/><G124/><T40/><D127/><U101/><E38/><V36/><F132/><N who="3" m="50795" /><G21/><T79/><D79/><U98/><E25/><V104/><F78/><W92/><G62/><T44/><D66/><U131/><E131/><V49/><F27/><W43/><G70/><T90/><D45/><U65/><E65/><V123/><F36/><W100/><G85/><T14/><D95/><N who="3" m="36425" /><G100/><T20/><D20/><U125/><E125/><V84/><F84/><W108/><G108/><T121/><D121/><U35/><E103/><V23/><F23/><W115/><G115/><T53/><D129/><U17/><E101/><V114/><F86/><W0/><AGARI ba="0,0" hai="0,5,11,43,46,48,72,75" m="36425,50795" machi="0" ten="30,1100,0" yaku="20,1" doraHai="51" who="3" fromWho="3" sc="302,-3,131,-3,260,-5,307,11" /><INIT seed="3,0,0,2,3,50" ten="299,128,255,318" oya="3" hai0="60,82,6,116,95,98,118,23,71,89,17,119,133" hai1="101,26,56,57,124,16,123,112,38,62,117,79,69" hai2="32,37,4,77,94,74,78,126,40,18,129,83,43" hai3="20,2,59,85,93,87,3,121,44,42,84,61,67"/><W91/><G121/><T72/><D133/><U73/><E123/><V122/><F32/><W92/><G20/><T107/><D107/><U66/><E112/><V132/><F122/><W81/><G93/><T90/><D6/><U52/><E124/><V55/><F129/><W12/><G12/><T31/><D31/><U39/><E117/><V0/><F132/><W88/><G87/><T100/><D71/><U19/><E101/><V11/><F126/><W51/><AGARI ba="0,0" hai="2,3,42,44,51,59,61,67,81,84,85,88,91,92" machi="51" ten="20,3900,0" yaku="0,1,7,1,54,1" doraHai="50" who="3" fromWho="3" sc="299,-13,128,-13,255,-13,318,39" owari="286,8.6,115,-38.5,242,-15.8,357,45.7" /></mjloggm>