<mjloggm ver="2.3"><GO type="225" lobby="0"/><UN n0="%6D%75%75%6D%75%72%61" n1="%E3%81%95%E3%81%8D%E3%81%9F%E3%81%BE%E6%9E%97%E6%AA%8E" n2="%6E%69%63%6F%6E%74%6F" n3="%E3%83%93%E3%83%81%E3%83%A3%E5%B1%B1%E3%83%93%E3%83%81%E3%83%A3%E7%94%B7" dan="16,16,16,18" rate="2158.18,2070.23,2159.48,2238.60" sx="F,M,M,M"/><TAIKYOKU oya="0"/><INIT seed="0,0,0,4,3,30" ten="250,250,250,250" oya="0" hai0="121,39,50,114,63,69,65,6,125,38,52,60,25" hai1="14,11,119,4,31,129,34,62,135,51,49,133,90" hai2="107,26,116,118,44,56,115,70,104,41,105,2,92" hai3="46,103,0,131,124,109,54,16,79,28,82,17,21"/><T106/><D106/><U128/><E90/><V113/><F2/><W76/><G0/><T99/><D6/><U43/><E119/><N who="2" m="45611" /><F70/><W55/><G109/><T94/><D114/><U47/><E62/><V89/><F56/><W122/><G124/><T29/><D63/><U93/><E93/><V40/><F26/><W78/><G103/><T95/><D121/><U88/><E51/><V77/><F41/><W57/><G131/><N who="1" m="50250" /><E88/><V59/><F59/><W67/><G122/><T127/><D127/><U73/><E73/><V53/><F53/><W97/><G97/><T37/><D125/><U83/><E83/><V61/><F61/><W81/><G28/><T117/><D117/><U68/><E68/><V5/><F5/><W111/><G17/><T100/><D95/><U130/><N who="1" m="50258" /><U110/><DORA hai="72" /><E110/><V12/><F12/><N who="3" m="9351" /><G111/><T123/><D123/><U3/><E3/><V66/><F66/><W42/><G42/><T75/><D75/><U1/><E1/><V91/><F91/><W35/><G46/><T101/><D101/><U48/><E48/><N who="2" m="26631" /><F77/><W102/><G102/><T27/><REACH who="0" step="1"/><D29/><REACH who="0" ten="240,250,250,250" step="2"/><U7/><E7/><V120/><F120/><W86/><G81/><T22/><D22/><U20/><E20/><V85/><AGARI ba="0,1" hai="85,89,92,104,105,107,113,115" m="26631,45611" machi="85" ten="40,1500,0" yaku="12,1" doraHai="30,72" who="2" fromWho="2" sc="240,-7,250,-4,250,25,250,-4" /><INIT seed="1,0,0,5,5,111" ten="233,246,275,246" oya="1" hai0="57,48,70,91,94,34,0,105,47,96,54,133,45" hai1="32,33,121,75,87,28,103,73,36,10,35,40,92" hai2="128,109,14,100,51,112,74,120,50,11,78,46,63" hai3="12,88,9,8,125,65,64,39,130,110,81,7,71"/><U42/><E121/><V127/><F112/><W126/><G110/><T15/><D0/><U106/><E106/><V37/><F109/><W56/><G130/><T89/><D133/><U95/><E28/><V69/><F128/><W3/><G71/><T123/><D105/><U6/><E103/><V38/><F127/><N who="3" m="48651" /><G39/><T25/><D70/><U131/><E131/><V99/><F120/><W134/><G134/><T113/><D123/><U104/><E104/><V1/><F63/><N who="3" m="37991" /><G65/><T24/><D113/><U22/><E22/><V122/><F122/><W21/><G21/><T107/><D107/><U13/><E87/><V80/><F69/><W72/><G88/><T20/><D91/><U62/><E62/><V49/><F46/><N who="0" m="17418" /><D34/><U61/><E61/><V55/><F55/><W41/><G41/><T118/><D118/><U84/><E84/><V43/><F43/><W44/><G44/><T16/><AGARI ba="0,0" hai="15,16,20,24,25,48,54,57,89,94,96" m="17418" machi="16" ten="30,2000,0" yaku="8,1,54,1" doraHai="111" who="0" fromWho="0" sc="233,20,246,-10,275,-5,246,-5" /><INIT seed="2,0,0,4,0,66" ten="253,236,270,241" oya="2" hai0="108,53,130,87,92,134,101,116,78,60,121,31,127" hai1="82,61,0,125,47,90,40,11,27,84,57,126,38" hai2="129,85,106,99,25,119,132,30,20,62,36,54,69" hai3="107,10,74,8,86,76,29,23,67,39,133,83,24"/><V94/><F119/><W80/><G133/><T111/><D121/><U123/><E123/><V52/><F129/><W55/><G107/><T72/><D134/><U79/><E27/><V110/><F132/><W22/><G39/><T14/><D130/><U118/><E118/><V50/><F36/><W37/><G37/><T42/><D116/><U124/><E11/><V45/><F110/><W58/><G67/><T19/><D42/><U112/><E0/><V68/><F106/><W2/><G2/><T91/><D127/><U89/><REACH who="1" step="1"/><E112/><REACH who="1" ten="253,226,270,241" step="2"/><V103/><REACH who="2" step="1"/><F85/><REACH who="2" ten="253,226,260,241" step="2"/><W44/><G86/><T59/><D87/><U6/><E6/><V88/><F88/><W98/><G74/><T93/><D72/><U28/><E28/><V102/><F102/><W13/><G29/><T64/><D31/><U122/><E122/><V75/><F75/><W43/><G76/><T100/><D78/><U73/><E73/><V9/><F9/><W120/><G10/><T109/><D91/><U4/><E4/><V1/><F1/><W104/><G120/><T46/><D101/><U33/><E33/><V105/><F105/><W12/><G104/><T26/><D100/><U34/><E34/><V5/><F5/><W48/><G8/><T16/><D108/><U71/><E71/><V135/><F135/><W113/><G113/><T65/><D109/><U95/><E95/><V81/><F81/><W128/><G128/><T35/><D111/><U32/><E32/><V3/><F3/><W96/><G80/><T97/><D35/><U51/><E51/><V114/><F114/><W117/><G83/><RYUUKYOKU ba="0,2" sc="253,-15,226,15,260,15,241,-15" hai1="38,40,47,57,61,79,82,84,89,90,124,125,126" hai2="20,25,30,45,50,52,54,62,68,69,94,99,103" /><INIT seed="2,1,2,3,4,47" ten="238,241,275,226" oya="2" hai0="33,92,8,129,102,95,109,116,55,5,14,74,110" hai1="111,61,69,134,101,113,126,9,30,57,72,80,100" hai2="42,35,98,60,125,103,4,94,77,86,17,117,28" hai3="64,135,7,131,62,105,31,130,120,108,119,34,124"/><V46/><F125/><W97/><G119/><T73/><D116/><U56/><E111/><N who="0" m="42505" /><D129/><N who="3" m="49161" /><G108/><T127/><D127/><U84/><E126/><V106/><F117/><W112/><G124/><T87/><D33/><U65/><E113/><V104/><F4/><W6/><G135/><T48/><D102/><U68/><E72/><N who="0" m="27753" /><D87/><U128/><E128/><V2/><F2/><W37/><G37/><T59/><AGARI ba="1,2" hai="5,8,14,48,55,59,92,95" m="27753,42505" machi="59" ten="30,2000,0" yaku="14,1,52,1" doraHai="47" who="0" fromWho="0" sc="238,43,241,-6,275,-11,226,-6" /><INIT seed="3,0,0,1,3,19" ten="281,235,264,220" oya="3" hai0="44,37,4,40,55,100,124,117,71,84,23,68,78" hai1="83,63,52,14,131,16,38,10,76,80,30,51,54" hai2="31,113,98,9,110,89,101,79,17,34,24,92,95" hai3="12,130,96,112,81,6,93,18,122,94,115,42,87"/><W108/><G130/><T69/><D117/><U21/><E131/><V57/><F110/><W111/><G42/><T53/><D100/><U27/><E38/><V3/><F113/><W8/><G122/><T121/><D4/><U116/><E116/><V28/><F79/><N who="3" m="46527" /><G6/><T106/><D106/><U15/><E76/><V56/><F31/><W105/><G105/><T127/><D121/><U107/><E107/><V43/><F43/><W48/><G48/><T118/><D118/><U91/><E91/><V70/><F70/><W32/><G32/><T47/><D84/><U97/><E97/><V60/><F60/><W135/><G135/><T119/><D78/><U104/><E104/><V102/><F102/><N who="3" m="60687" /><G94/><T125/><D119/><U11/><E63/><V103/><F103/><W7/><G7/><T41/><D47/><N who="1" m="27775" /><E54/><N who="0" m="20489" /><D41/><U58/><E58/><V90/><F101/><W59/><G59/><T2/><D2/><U25/><E25/><V66/><F3/><W50/><G50/><T82/><D82/><U65/><E65/><V36/><F36/><W74/><G74/><T120/><D120/><U39/><E39/><V123/><F123/><W114/><G115/><T61/><D61/><U22/><E83/><V77/><F77/><W86/><G86/><T133/><D133/><U46/><E80/><V1/><F1/><W85/><G85/><T49/><D37/><U132/><E132/><V20/><F66/><W64/><G64/><T26/><D71/><U73/><E73/><V126/><F34/><W67/><G67/><T88/><D88/><U0/><E46/><V109/><F90/><RYUUKYOKU ba="0,0" sc="281,15,235,-15,264,-15,220,15" hai0="23,26,40,44,49,68,69,124,125,127" hai3="8,12,18,108,111,112,114" /><INIT seed="3,1,0,1,5,83" ten="296,220,249,235" oya="3" hai0="43,78,125,89,128,72,62,32,60,86,28,84,65" hai1="2,14,0,127,63,132,22,101,8,54,130,13,12" hai2="108,74,38,11,71,34,104,33,114,106,10,119,49" hai3="95,44,97,134,27,15,120,53,6,115,100,17,20"/><W4/><G134/><T66/><D72/><U52/><E101/><V19/><F38/><W36/><G115/><T46/><D32/><U47/><E132/><V23/><F74/><W7/><G120/><T1/><D1/><U85/><E130/><V103/><F103/><W70/><G70/><T94/><D125/><U61/><E127/><V102/><F102/><W123/><G123/><T29/><D128/><U99/><E0/><V26/><F49/><W25/><REACH who="3" step="1"/><G36/><REACH who="3" ten="296,220,249,225" step="2"/><T75/><D66/><U79/><E2/><V117/><F71/><W57/><G57/><T92/><D65/><U112/><E112/><V107/><F114/><W73/><G73/><T67/><D75/><U131/><E131/><V69/><F69/><W42/><G42/><T105/><D67/><U5/><E47/><V76/><F119/><W51/><AGARI ba="1,1" hai="4,6,7,15,17,20,25,27,44,51,53,95,97,100" machi="51" ten="30,11700,0" yaku="1,1,0,1,8,1,53,1" doraHai="83" doraHaiUra="9" who="3" fromWho="3" sc="296,-40,220,-40,249,-40,225,130" owari="256,5.6,180,-32.0,209,-19.1,355,45.5" /></mjloggm>