<mjloggm ver="2.3"><GO type="225" lobby="0"/><UN n0="%E3%83%AD%E3%83%83%E3%83%86%E9%9B%80%E7%90%83" n1="%33%74%72%65%65" n2="%73%61%6E%64%69%72%69%73" n3="%53%61%63%68%69%30%34" dan="17,17,16,16" rate="2255.52,2150.75,2147.01,2085.24" sx="M,F,M,M"/><TAIKYOKU oya="0"/><INIT seed="0,0,0,3,3,75" ten="250,250,250,250" oya="0" hai0="134,70,128,60,46,33,51,83,110,54,22,115,112" hai1="66,117,16,59,40,7,119,95,45,31,88,91,61" hai2="127,4,69,111,101,20,82,48,29,62,99,94,85" hai3="15,36,53,81,41,10,52,79,30,92,116,118,102"/><T14/><D33/><U123/><E123/><V89/><F111/><W24/><G36/><T109/><D22/><U87/><E31/><V86/><F127/><W57/><G41/><T121/><D14/><U27/><E7/><V120/><F120/><W13/><G92/><T76/><D121/><U50/><REACH who="1" step="1"/><E91/><REACH who="1" ten="250,240,250,250" step="2"/><V5/><F5/><W26/><G30/><T37/><D110/><U104/><E104/><V19/><F4/><W28/><G28/><T1/><D109/><U12/><E12/><V2/><F29/><W114/><G15/><T108/><D108/><U78/><E78/><V68/><F89/><W125/><G79/><T74/><D1/><U80/><E80/><V56/><F82/><W39/><G81/><T126/><D126/><U65/><E65/><V34/><F2/><W122/><G125/><T124/><D124/><U0/><E0/><V67/><F67/><W84/><G122/><T47/><D83/><U42/><E42/><V63/><F34/><W98/><G13/><T106/><D76/><U133/><E133/><V132/><F132/><W113/><G10/><T23/><D106/><U17/><E17/><V11/><F19/><W129/><G24/><T18/><D18/><U93/><E93/><V9/><F9/><W21/><G26/><T131/><D134/><U72/><E72/><V8/><F8/><W135/><G135/><T71/><D74/><U105/><E105/><V55/><F11/><W96/><G21/><AGARI ba="0,1" hai="16,21,27,40,45,50,59,61,66,87,88,95,117,119" machi="21" ten="40,5200,0" yaku="1,1,54,2,53,0" doraHai="75" doraHaiUra="103" who="1" fromWho="3" sc="250,0,240,62,250,0,250,-52" /><INIT seed="1,0,0,0,3,79" ten="250,302,250,198" oya="1" hai0="30,59,87,3,76,63,91,92,104,35,86,118,56" hai1="0,61,75,17,133,125,50,90,107,8,52,103,124" hai2="58,32,36,44,96,68,31,83,11,100,117,9,27" hai3="102,70,42,77,116,120,28,49,22,73,98,113,54"/><U21/><E133/><V29/><F117/><W24/><G120/><T15/><D3/><U55/><E75/><V60/><F31/><W93/><G113/><T34/><D118/><U84/><E61/><V97/><F97/><W130/><G130/><T47/><D104/><U134/><E134/><V74/><F44/><W88/><G70/><T1/><D1/><U85/><E85/><V39/><F9/><W81/><G116/><T26/><D35/><U105/><E103/><V126/><F11/><W16/><G42/><T40/><D15/><N who="1" m="9407" /><E55/><V135/><F126/><N who="1" m="48745" /><E8/><V72/><F135/><W115/><G115/><T67/><D67/><U57/><E0/><V7/><F7/><W23/><G102/><T119/><D63/><U12/><E12/><V2/><F2/><W110/><G110/><T6/><D6/><U95/><AGARI ba="0,0" hai="50,52,57,84,90,95,105,107" m="48745,9407" machi="95" ten="30,6000,0" yaku="25,1,18,1,54,1" doraHai="79" who="1" fromWho="1" sc="250,-20,302,60,250,-20,198,-20" /><INIT seed="1,1,0,1,2,67" ten="230,362,230,178" oya="1" hai0="100,46,48,70,15,135,80,54,95,9,106,25,65" hai1="105,63,4,92,59,110,7,107,116,68,134,1,28" hai2="76,17,38,33,35,130,24,58,119,13,10,8,21" hai3="114,36,83,57,121,123,37,3,79,41,94,131,115"/><U97/><E116/><V88/><F38/><W20/><G3/><T30/><D135/><U31/><E134/><V69/><F119/><W127/><G20/><T85/><D106/><U74/><E74/><V66/><F130/><W22/><G22/><T45/><D45/><U99/><E68/><V78/><F35/><W0/><G0/><T19/><D100/><U73/><E73/><V120/><F120/><W60/><G94/><T56/><D95/><U72/><E72/><V93/><F33/><W84/><G79/><N who="2" m="30249" /><F69/><W27/><G27/><T117/><D70/><U104/><E1/><V89/><F93/><W39/><G84/><T5/><D5/><U51/><E92/><V108/><F108/><W52/><G83/><T96/><D96/><U26/><E110/><V129/><F129/><W118/><G131/><T86/><D117/><U11/><E99/><V14/><F14/><W81/><G81/><T2/><D2/><U109/><E97/><V12/><F12/><W90/><G90/><N who="2" m="34921" /><F13/><W102/><G102/><T55/><D80/><U40/><E105/><V32/><F32/><W112/><G118/><T18/><D86/><U50/><E104/><V53/><F66/><W44/><G127/><T64/><D85/><U91/><E107/><V126/><F126/><W6/><G6/><N who="0" m="3511" /><D65/><U77/><E4/><V101/><F101/><W82/><G82/><T16/><D64/><U124/><E7/><V43/><F43/><W125/><G125/><T133/><D133/><U49/><E124/><V34/><F34/><W71/><G71/><T111/><D111/><U47/><E109/><RYUUKYOKU ba="1,0" sc="230,-15,362,-15,230,15,178,15" hai2="8,10,17,21,24,53,58" hai3="36,37,39,41,44,52,57,60,112,114,115,121,123" /><INIT seed="2,2,0,1,0,47" ten="215,347,245,193" oya="2" hai0="31,116,94,67,70,40,4,110,86,132,122,134,52" hai1="129,14,41,120,65,51,92,57,78,64,24,43,9" hai2="87,11,88,20,93,32,46,103,91,54,5,33,119" hai3="80,99,107,18,114,50,26,63,29,104,121,27,49"/><V127/><F119/><W81/><G121/><T96/><D110/><U6/><E129/><V58/><F127/><W115/><G63/><N who="0" m="40319" /><D122/><U77/><E120/><V84/><F103/><W39/><G18/><T133/><D116/><U7/><E7/><V83/><F46/><W111/><G99/><T45/><D31/><U21/><E92/><V109/><F109/><W34/><G111/><T72/><D72/><U79/><E51/><V118/><F20/><W124/><G29/><T76/><D4/><U97/><E97/><V23/><F23/><W16/><G16/><T68/><D68/><U71/><E71/><V113/><F113/><W13/><G13/><T8/><D8/><U19/><E57/><V106/><F106/><W55/><G55/><T25/><D25/><U0/><E0/><V125/><F125/><W112/><G112/><T28/><D28/><U117/><E117/><V95/><F83/><W102/><G124/><T100/><D52/><U128/><E128/><V126/><F126/><W59/><G59/><T90/><D76/><U123/><E123/><V62/><REACH who="2" step="1"/><F118/><REACH who="2" ten="215,347,235,193" step="2"/><W82/><G82/><N who="0" m="49495" /><D45/><U73/><E73/><V131/><F131/><W75/><G75/><T38/><D38/><U130/><E130/><V60/><F60/><W98/><G39/><T36/><D36/><U12/><E24/><V89/><F89/><W35/><G98/><T44/><D44/><U61/><E61/><V108/><F108/><W10/><G10/><T22/><D22/><U2/><E21/><V85/><F85/><W48/><G48/><T135/><N who="0" m="33792" /><DORA hai="74" /><T30/><D30/><RYUUKYOKU ba="2,1" sc="215,10,347,-30,235,10,193,10" hai0="40,94,96,100" hai2="5,11,32,33,54,58,62,84,87,88,91,93,95" hai3="26,27,34,35,49,50,80,81,102,104,107,114,115" /><INIT seed="2,3,1,2,5,123" ten="225,317,245,203" oya="2" hai0="20,3,100,50,91,117,37,64,99,76,112,68,67" hai1="65,77,106,86,101,1,60,18,129,102,21,126,88" hai2="93,104,110,2,119,103,49,29,40,62,69,8,6" hai3="51,41,15,87,47,45,23,80,134,113,61,57,90"/><V81/><F119/><W89/><G134/><T97/><D37/><U9/><E106/><V92/><F81/><W5/><G113/><T4/><D112/><U48/><E77/><V0/><F0/><W109/><G109/><T128/><D68/><U25/><E126/><V38/><F49/><W127/><G127/><T120/><D120/><U82/><E129/><V66/><F93/><W54/><G47/><T43/><D76/><U59/><REACH who="1" step="1"/><E48/><REACH who="1" ten="225,307,245,203" step="2"/><V107/><F107/><W36/><G36/><T13/><D50/><U22/><E22/><V84/><F104/><W56/><G23/><T14/><D20/><U39/><E39/><V118/><F38/><W105/><G105/><T16/><D128/><U46/><E46/><V53/><F118/><W24/><G24/><T124/><D117/><U44/><E44/><V96/><F103/><W115/><G115/><T85/><D100/><U78/><E78/><V52/><F40/><W28/><G41/><T35/><D43/><U27/><E27/><V132/><F132/><W95/><G45/><T72/><D124/><U79/><E79/><V42/><F42/><W71/><G51/><T108/><D72/><U33/><E33/><V17/><F53/><W114/><G114/><T98/><D35/><U83/><E83/><V75/><F52/><W58/><G54/><T135/><D135/><U130/><E130/><V30/><F75/><W125/><G125/><T74/><D74/><U12/><E12/><V31/><F2/><W121/><G80/><N who="0" m="49575" /><D13/><U11/><E11/><V94/><F8/><W55/><G15/><T26/><D14/><RYUUKYOKU ba="3,2" sc="225,-10,307,30,245,-10,203,-10" hai1="1,9,18,21,25,59,60,65,82,86,88,101,102" /><INIT seed="3,4,2,1,2,89" ten="215,337,235,193" oya="3" hai0="91,81,51,32,110,45,123,53,132,67,128,71,65" hai1="58,73,103,125,109,15,17,99,68,24,77,43,98" hai2="63,104,16,69,38,7,107,59,27,10,74,101,75" hai3="130,88,0,33,96,85,100,31,108,70,48,46,117"/><W84/><G117/><T49/><D123/><U44/><E68/><V135/><F38/><W1/><G70/><T82/><D32/><U36/><E109/><V11/><F69/><W114/><G114/><T47/><D71/><U90/><E125/><V52/><F135/><W20/><G33/><T55/><D110/><U79/><E73/><V64/><F64/><N who="0" m="24650" /><D132/><U56/><E24/><V19/><F101/><W127/><G108/><T2/><D2/><U6/><E6/><V12/><F19/><W92/><G127/><T116/><D128/><U30/><E30/><V106/><REACH who="2" step="1"/><F27/><REACH who="2" ten="215,337,225,193" step="2"/><N who="3" m="16871" /><G130/><T80/><D116/><U118/><E17/><V134/><F134/><W22/><G0/><AGARI ba="4,3" hai="0,7,10,11,12,16,52,59,63,74,75,104,106,107" machi="0" ten="40,5200,0" yaku="1,1,54,2,53,0" doraHai="89" doraHaiUra="97" who="2" fromWho="3" sc="215,0,337,0,225,94,193,-64" owari="215,-18.5,337,43.7,319,11.9,129,-37.1" /></mjloggm>