<mjloggm ver="2.3"><GO type="225" lobby="0"/><UN n0="%E5%B8%86%E7%AB%8B%E5%A4%8F%E8%A1%A3" n1="%EF%BC%AE%EF%BC%A1%EF%BC%AF%33%33%39" n2="%E5%A4%9C%E5%85%89%E5%A4%A9%E6%A5%BC" n3="%E3%83%89%E3%83%A9%E3%81%8F%E3%82%8C" dan="16,17,17,17" rate="2187.74,2147.17,2180.10,2197.80" sx="M,M,M,M"/><TAIKYOKU oya="0"/><INIT seed="0,0,0,3,2,81" ten="250,250,250,250" oya="0" hai0="38,104,66,76,65,39,21,96,4,72,121,73,34" hai1="13,24,55,70,89,102,126,130,103,100,31,36,47" hai2="11,27,131,56,111,43,61,129,108,134,117,5,115" hai3="0,25,33,1,10,23,112,105,46,69,26,44,132"/><T19/><D121/><U63/><E130/><N who="2" m="49675" /><F115/><W18/><G112/><T58/><D34/><U68/><E126/><V91/><F117/><W107/><G69/><T88/><D4/><U37/><E13/><V90/><F27/><W15/><G132/><T7/><D7/><U14/><E14/><N who="2" m="5487" /><F43/><W113/><G113/><T53/><D39/><U110/><E110/><N who="2" m="42027" /><F134/><W125/><G125/><T32/><D38/><U52/><E37/><V12/><F12/><W51/><G26/><N who="0" m="14655" /><D32/><U54/><E63/><V101/><F101/><W9/><G33/><T67/><D104/><U30/><E24/><V106/><F106/><W50/><G107/><T20/><D20/><U17/><E36/><V85/><F85/><W41/><G105/><T92/><D73/><U86/><E47/><V64/><AGARI ba="0,0" hai="56,61,64,90,91" m="42027,5487,49675" machi="64" ten="30,2000,0" yaku="19,1,14,1" doraHai="81" who="2" fromWho="2" sc="250,-10,250,-5,250,20,250,-5" /><INIT seed="1,0,0,1,2,111" ten="240,245,270,245" oya="1" hai0="103,119,124,110,23,8,79,105,0,41,99,132,53" hai1="102,87,113,45,101,57,115,93,22,34,25,131,112" hai2="75,54,109,59,135,73,104,96,26,84,100,86,77" hai3="38,88,2,62,90,37,32,134,106,42,29,65,17"/><U14/><E131/><V56/><F109/><W92/><G106/><T120/><D110/><U30/><E45/><V27/><F135/><W64/><G2/><T114/><D119/><U67/><E14/><V72/><F77/><W58/><G134/><T128/><D132/><U81/><E34/><V89/><F86/><W43/><G32/><T68/><D68/><U95/><E101/><V52/><F56/><W118/><G29/><T36/><D128/><U70/><E70/><V108/><F54/><W35/><G35/><T82/><D53/><U85/><E102/><V107/><F107/><W44/><G118/><T63/><D63/><U66/><E87/><V98/><F98/><W49/><G65/><T1/><D23/><U9/><E9/><V18/><F18/><W125/><G125/><T15/><D124/><U74/><E74/><V21/><F21/><W127/><G127/><T117/><D120/><U16/><E30/><V12/><F12/><W20/><G43/><T24/><D24/><U60/><REACH who="1" step="1"/><E66/><REACH who="1" ten="240,235,270,245" step="2"/><V31/><F31/><W28/><G28/><T78/><D117/><U47/><E47/><V129/><F129/><W6/><G6/><N who="0" m="1095" /><D15/><U50/><E50/><N who="2" m="31127" /><F108/><W83/><G20/><T121/><D1/><U19/><E19/><V39/><F39/><W116/><G17/><T94/><D36/><U11/><E11/><V97/><F84/><N who="3" m="50207" /><G116/><T46/><D46/><U40/><E40/><V10/><F10/><W51/><G38/><T130/><D130/><U33/><E33/><V48/><F48/><W123/><G123/><T3/><D121/><U13/><E13/><RYUUKYOKU ba="0,1" sc="240,-30,235,10,270,10,245,10" hai1="16,22,25,57,60,67,81,85,93,95,112,113,115" hai2="26,27,72,73,75,89,96,97,100,104" hai3="37,42,44,49,51,58,62,64,90,92" /><INIT seed="1,1,1,4,4,114" ten="210,245,280,255" oya="1" hai0="110,93,45,53,63,57,95,97,23,22,46,30,25" hai1="10,83,60,116,132,5,12,133,36,40,42,82,26" hai2="70,6,8,94,47,61,50,29,38,43,115,80,89" hai3="56,21,39,123,32,128,135,18,58,129,92,124,9"/><U2/><E116/><V71/><F115/><W91/><G123/><T1/><D110/><U24/><E60/><V100/><F29/><W86/><G32/><T81/><D1/><U68/><E68/><V72/><F61/><W54/><G39/><T20/><D93/><U16/><E82/><V122/><F100/><W13/><G124/><T4/><D81/><U35/><E83/><V102/><F102/><W90/><G135/><N who="1" m="51786" /><E36/><V19/><F19/><W112/><G112/><T104/><D104/><U37/><E37/><V120/><F50/><W41/><G41/><N who="1" m="15978" /><E35/><V14/><F70/><W7/><G91/><T62/><D62/><U103/><E103/><V106/><F71/><W64/><G64/><T111/><D111/><U28/><E28/><V108/><F108/><W44/><G129/><T88/><REACH who="0" step="1"/><D4/><REACH who="0" ten="200,245,280,255" step="2"/><U127/><E127/><V99/><F106/><W105/><G105/><T107/><D107/><U15/><E2/><V75/><F80/><W96/><G128/><T27/><D27/><U48/><E48/><V131/><F131/><W34/><G96/><T109/><D109/><U55/><E55/><V33/><F75/><W84/><G86/><T3/><D3/><U69/><E69/><V31/><F72/><W130/><G130/><T121/><D121/><U118/><E118/><V126/><F126/><W134/><G134/><T65/><D65/><U59/><E26/><N who="2" m="18679" /><F120/><W17/><G54/><T119/><D119/><U51/><E24/><V76/><F122/><W67/><G67/><T66/><D66/><U117/><E117/><V125/><F125/><W73/><G73/><RYUUKYOKU ba="1,2" sc="200,15,245,-15,280,15,255,-15" hai0="20,22,23,25,30,45,46,53,57,63,88,95,97" hai2="6,8,14,38,43,47,76,89,94,99" /><INIT seed="2,2,2,1,5,59" ten="215,230,295,240" oya="2" hai0="25,36,94,96,81,28,117,102,111,73,87,98,84" hai1="41,54,91,127,132,69,89,57,9,42,128,24,120" hai2="134,30,67,76,108,104,17,110,10,6,43,135,61" hai3="31,22,58,56,2,115,50,130,21,63,86,48,97"/><V1/><F104/><W55/><G130/><T93/><D36/><U126/><E69/><N who="2" m="42223" /><F43/><N who="1" m="16393" /><E128/><V101/><F101/><W85/><G2/><T78/><D111/><N who="2" m="42538" /><F17/><W70/><G70/><T66/><D66/><U37/><E37/><V13/><F13/><W27/><G115/><T79/><D117/><U100/><E100/><V14/><F14/><W77/><G77/><N who="0" m="44207" /><D25/><U116/><E116/><V68/><F68/><W11/><G11/><T83/><D28/><U53/><E24/><V49/><F49/><W99/><G21/><T90/><D79/><U15/><E15/><V23/><F76/><W75/><G50/><T8/><D8/><U3/><E9/><V20/><F20/><W60/><G48/><T123/><D123/><U109/><E3/><V71/><F71/><W45/><G75/><AGARI ba="2,2" hai="75,78,83,84,87,90,93,94,96,98,102" m="44207" machi="75" ten="30,8000,1" yaku="35,5" doraHai="59" who="0" fromWho="3" sc="215,106,230,0,295,0,240,-86" /><INIT seed="3,0,0,0,1,81" ten="321,230,295,154" oya="3" hai0="98,21,57,129,3,82,44,6,105,115,48,49,55" hai1="118,16,92,59,93,99,78,56,14,19,132,70,123" hai2="88,28,130,46,77,125,1,7,117,24,113,80,96" hai3="101,73,50,61,0,79,26,37,126,63,58,100,35"/><W39/><G0/><T119/><D119/><U5/><E70/><V27/><F117/><W108/><G126/><T18/><D129/><U68/><E68/><V43/><F113/><W94/><G108/><T86/><D105/><U13/><E118/><V87/><F125/><W110/><G110/><T133/><D133/><U22/><E123/><V8/><F130/><W120/><G120/><T32/><D32/><U114/><E114/><V127/><F127/><W69/><G50/><T122/><D98/><U67/><E5/><V62/><F62/><W109/><G109/><T104/><D104/><U9/><E78/><V12/><F1/><W89/><G79/><T40/><D122/><U65/><E132/><V45/><F28/><W74/><G69/><T36/><D6/><U25/><E25/><N who="2" m="9803" /><F43/><W52/><G63/><T15/><D3/><U54/><E93/><AGARI ba="0,0" hai="7,8,12,45,46,77,80,87,88,93,96" m="9803" machi="93" ten="30,3900,0" yaku="8,1,52,1,54,1" doraHai="81" who="2" fromWho="1" sc="321,0,230,-39,295,39,154,0" owari="321,12.1,191,-20.9,334,43.4,154,-34.6" /></mjloggm>