<mjloggm ver="2.3"><GO type="225" lobby="0"/><UN n0="%E3%82%A2%E3%82%A4%E3%82%B9%E3%83%86%E3%82%A3%E3%83%BC%E3%81%82%E3%81%B9" n1="%E8%B6%85%E7%B4%9A%E9%B3%B3%E5%87%B0" n2="%E3%81%8B%E3%82%8F%E3%81%A1%E3%82%83%E3%82%93%35%38" n3="%47%68%6F%73%74%55%30" dan="16,16,16,17" rate="2121.11,2121.78,2150.52,2149.16" sx="M,M,M,M"/><TAIKYOKU oya="0"/><INIT seed="0,0,0,1,5,17" ten="250,250,250,250" oya="0" hai0="31,11,40,112,30,52,107,48,1,109,73,133,123" hai1="69,110,84,58,46,44,35,88,99,93,23,7,19" hai2="41,81,108,36,114,21,54,49,27,14,63,122,124" hai3="95,28,50,60,91,16,120,65,5,74,75,79,129"/><T80/><D123/><U18/><E35/><V85/><F122/><W70/><G120/><T53/><D112/><U92/><E69/><V105/><F114/><W101/><G129/><T102/><D133/><U32/><E32/><V117/><F105/><W89/><G28/><T131/><D131/><U25/><E110/><V66/><F108/><W90/><G5/><T87/><D73/><U39/><E7/><V55/><F36/><W103/><G50/><T135/><D1/><U132/><E132/><V12/><F41/><W100/><G95/><T43/><D107/><U33/><E39/><V71/><F124/><W72/><G79/><N who="0" m="46495" /><D102/><U37/><E37/><V94/><F94/><W121/><G121/><T20/><D135/><U2/><E2/><V67/><F55/><N who="0" m="21066" /><D11/><U10/><E33/><V68/><F68/><W127/><G127/><T0/><D0/><U45/><E58/><N who="2" m="37239" /><F67/><W106/><G106/><T47/><D109/><U125/><E125/><V111/><F71/><W78/><G78/><T15/><D43/><U4/><E10/><V56/><F117/><W118/><G118/><T38/><D38/><U83/><E99/><V61/><F49/><W22/><REACH who="3" step="1"/><G101/><REACH who="3" ten="250,250,250,240" step="2"/><T51/><D48/><U64/><E92/><V8/><F111/><W97/><G97/><T96/><D96/><U57/><E93/><V34/><F85/><W119/><G119/><T77/><D77/><U113/><E113/><V3/><F81/><W98/><G98/><T116/><D116/><U104/><E104/><V115/><F115/><W6/><G6/><T24/><D31/><N who="1" m="17855" /><E4/><N who="2" m="1055" /><F34/><W42/><G42/><RYUUKYOKU ba="0,1" sc="250,0,250,0,250,0,240,0" hai0="15,20,24,30,40,47,51" hai1="18,19,44,45,46,57,64,83,84,88" hai2="12,14,21,27,54,56,61" hai3="16,22,60,65,70,72,74,75,89,90,91,100,103" /><INIT seed="0,1,1,4,0,104" ten="250,250,250,240" oya="0" hai0="122,74,11,55,21,25,56,91,12,113,51,42,115" hai1="88,22,124,94,107,34,45,93,48,38,10,0,37" hai2="97,101,86,67,69,71,23,132,40,16,92,114,110" hai3="106,17,112,73,20,126,85,128,6,99,60,65,13"/><T9/><D122/><U78/><E34/><V79/><F114/><W76/><G112/><T129/><D129/><U8/><E107/><V53/><F67/><W18/><G128/><T118/><D118/><U59/><E124/><V31/><F40/><W62/><G126/><T123/><D123/><U54/><E78/><V64/><F64/><W30/><G85/><T63/><D74/><U44/><E22/><V75/><F31/><W39/><G39/><T111/><D111/><U61/><E93/><V15/><F110/><W81/><G6/><T100/><D100/><U43/><E0/><V133/><F86/><W33/><G62/><T96/><D12/><U29/><E29/><V1/><F53/><W49/><G49/><T120/><D120/><U116/><E116/><V28/><F28/><W117/><G117/><T36/><D36/><U2/><E2/><V102/><F102/><N who="3" m="62815" /><G13/><T58/><D42/><U50/><E37/><V108/><F1/><W127/><G20/><T35/><D35/><U32/><E32/><V103/><F103/><W89/><G89/><T90/><D115/><U5/><E5/><V52/><F108/><W82/><G82/><T26/><D113/><U7/><E7/><V95/><F95/><W41/><G41/><T130/><D130/><U109/><E109/><V135/><REACH who="2" step="1"/><F52/><REACH who="2" ten="250,250,240,240" step="2"/><W80/><G127/><T47/><D55/><N who="1" m="30087" /><E38/><V98/><F98/><AGARI ba="1,2" hai="8,10,43,45,50,54,59,61,88,94,98" m="30087" machi="98" ten="30,2000,0" yaku="8,1,54,1" doraHai="104" who="1" fromWho="2" sc="250,0,250,43,240,-23,240,0" /><INIT seed="1,0,0,5,3,126" ten="250,293,217,240" oya="1" hai0="132,36,130,63,95,69,133,72,121,21,50,44,22" hai1="135,65,45,3,116,77,78,118,80,100,96,87,20" hai2="5,6,62,102,54,7,117,29,13,128,85,68,11" hai3="70,51,38,10,32,58,8,93,120,124,110,16,25"/><U88/><E3/><V23/><F117/><W28/><G120/><T34/><D36/><U94/><E65/><V67/><F102/><W31/><G70/><T83/><D34/><U17/><E135/><N who="0" m="51785" /><D121/><U82/><E45/><V9/><F54/><N who="3" m="32095" /><G32/><T122/><D122/><U66/><E66/><V74/><F74/><W59/><G38/><T99/><D130/><U113/><E113/><V86/><F128/><W114/><G110/><T134/><N who="0" m="51793" /><T89/><DORA hai="123" /><D63/><U33/><E33/><V125/><F125/><W15/><G114/><T26/><D69/><U115/><E115/><V91/><F86/><W57/><G124/><T101/><D26/><U19/><E19/><V24/><REACH who="2" step="1"/><F11/><REACH who="2" ten="250,293,207,240" step="2"/><W12/><G8/><T0/><D72/><U42/><E100/><V131/><F131/><W103/><G10/><T109/><D109/><U35/><E42/><V47/><F47/><W37/><G37/><T4/><D101/><U84/><REACH who="1" step="1"/><E35/><REACH who="1" ten="250,283,207,240" step="2"/><V105/><F105/><W71/><G103/><T1/><D44/><U73/><E73/><V76/><F76/><W52/><G52/><T64/><D64/><U30/><E30/><V106/><F106/><W48/><G28/><T127/><D127/><U79/><E79/><V107/><F107/><W81/><G31/><T40/><D40/><U61/><E61/><V98/><F98/><W39/><G39/><T55/><D99/><U49/><E49/><V41/><F41/><W56/><G48/><T53/><D50/><U75/><E75/><V43/><F43/><W112/><G112/><T97/><D97/><U46/><E46/><RYUUKYOKU ba="0,2" sc="250,-15,283,15,207,15,240,-15" hai1="17,20,77,78,80,82,84,87,88,94,96,116,118" hai2="5,6,7,9,13,23,24,29,62,67,68,85,91" /><INIT seed="1,1,2,3,2,1" ten="235,298,222,225" oya="1" hai0="8,13,86,66,84,31,63,14,87,134,44,83,95" hai1="56,39,55,4,57,6,74,78,107,85,111,117,92" hai2="40,120,88,58,54,116,19,64,112,125,32,45,129" hai3="130,100,34,24,9,135,46,12,16,7,70,97,105"/><U23/><E117/><V103/><F116/><W102/><G70/><T118/><D118/><U11/><E39/><V76/><F120/><W77/><G130/><T50/><D134/><U101/><E111/><V80/><F32/><W109/><G109/><T2/><D31/><U68/><E68/><V30/><F30/><N who="3" m="19783" /><G135/><T71/><D95/><U106/><E23/><V10/><F103/><N who="3" m="62703" /><G77/><T132/><D132/><U33/><E33/><V41/><F64/><W94/><G94/><T119/><D119/><U49/><E56/><V28/><F28/><W90/><G90/><T113/><D113/><U62/><E49/><V17/><F76/><W91/><G91/><T114/><D114/><U126/><E126/><V108/><F125/><W25/><G46/><T48/><D48/><U69/><E69/><V27/><F108/><W73/><G25/><T81/><D14/><U38/><E78/><V96/><F112/><W128/><G73/><T104/><D2/><U110/><E110/><V99/><F45/><W51/><G51/><T0/><D0/><U72/><E74/><V29/><F29/><W20/><G128/><T82/><D104/><U18/><E72/><V131/><F131/><W59/><G59/><T53/><REACH who="0" step="1"/><D83/><REACH who="0" ten="225,298,222,225" step="2"/><U35/><E35/><V52/><F80/><W124/><G124/><T43/><D43/><U122/><E92/><N who="2" m="56327" /><F129/><W89/><G89/><T65/><D65/><U133/><E133/><V21/><F41/><W60/><G60/><T5/><AGARI ba="1,3" hai="5,8,13,44,50,53,63,66,71,81,82,84,86,87" machi="5" ten="30,7900,0" yaku="1,1,0,1,52,1,53,1" doraHai="1" doraHaiUra="47" who="0" fromWho="0" sc="225,112,298,-40,222,-21,225,-21" /><INIT seed="2,0,0,4,0,75" ten="337,258,201,204" oya="2" hai0="19,27,79,84,58,65,56,8,9,45,57,61,33" hai1="14,88,60,101,46,4,123,131,54,95,105,32,118" hai2="51,39,129,70,42,12,15,125,134,22,108,52,111" hai3="107,28,115,11,78,36,43,23,37,3,124,62,34"/><V106/><F106/><W2/><G23/><N who="0" m="13823" /><D33/><U5/><E118/><V66/><F125/><W76/><G62/><N who="0" m="38087" /><D45/><U86/><E32/><V77/><F134/><W59/><G59/><N who="0" m="22539" /><D61/><U90/><E131/><V0/><F0/><W47/><G36/><T100/><D100/><U112/><E46/><N who="2" m="27767" /><F39/><W21/><G107/><T120/><D120/><U81/><E60/><N who="2" m="40263" /><F42/><W133/><G34/><T82/><AGARI ba="0,0" hai="8,9,79,82,84" m="22539,38087,13823" machi="82" ten="30,2000,0" yaku="8,1,52,1" doraHai="75" who="0" fromWho="0" sc="337,20,258,-5,201,-10,204,-5" /><INIT seed="3,0,0,0,1,102" ten="357,253,191,199" oya="3" hai0="36,100,27,84,120,0,52,63,28,48,89,56,90" hai1="14,130,106,103,59,43,46,107,114,79,109,21,45" hai2="113,9,1,64,117,23,7,37,104,98,132,92,70" hai3="60,78,99,125,55,47,135,26,17,61,105,115,13"/><W51/><G115/><T85/><D36/><U2/><E114/><V31/><F113/><W80/><G135/><T30/><D0/><U82/><E2/><V33/><F23/><W94/><G125/><T6/><D6/><U32/><E32/><V122/><F92/><W95/><G26/><T35/><D100/><U34/><E34/><V75/><F117/><W67/><G105/><T88/><D120/><U77/><E109/><V62/><F132/><W66/><G66/><N who="0" m="39271" /><D35/><U133/><E133/><V127/><F127/><W87/><G67/><T83/><D27/><U101/><E59/><V134/><F134/><W41/><G41/><T16/><D16/><U96/><E130/><V71/><F122/><W40/><G40/><T22/><D22/><U111/><E111/><V126/><F126/><W97/><G17/><T3/><D3/><U124/><E124/><V29/><F29/><N who="0" m="11370" /><D85/><U4/><E82/><V53/><F53/><W5/><G5/><T119/><D119/><U38/><E45/><AGARI ba="0,0" hai="45,48,52,83,84,88,89,90" m="11370,39271" machi="45" ten="30,3900,0" yaku="8,1,54,2" doraHai="102" who="0" fromWho="1" sc="357,39,253,-39,191,0,199,0" owari="396,49.6,214,1.4,191,-30.9,199,-20.1" /></mjloggm>