<mjloggm ver="2.3"><GO type="225" lobby="0"/><UN n0="%72%65%6E%6B%75%6E" n1="%E3%81%BE%E3%81%8B%E3%81%B7%E3%82%93" n2="%73%73%6B%5F%66%72%65%65" n3="%E5%A4%9C%E5%85%89%E5%A4%A9%E6%A5%BC" dan="17,16,16,17" rate="2187.54,2070.49,2093.90,2154.83" sx="M,M,M,F"/><TAIKYOKU oya="0"/><INIT seed="0,0,0,2,5,31" ten="250,250,250,250" oya="0" hai0="72,1,47,17,93,86,40,12,127,22,92,35,119" hai1="110,44,133,100,106,41,21,125,115,45,109,28,104" hai2="120,39,105,52,116,23,117,96,122,59,48,90,8" hai3="78,5,24,53,75,6,9,29,134,123,69,66,30"/><T67/><D72/><U20/><E133/><V114/><F39/><W91/><G134/><T58/><D119/><N who="2" m="45642" /><F8/><W70/><G6/><T64/><D1/><U46/><E41/><V11/><F11/><W88/><G30/><T42/><D35/><U129/><E100/><N who="2" m="62599" /><F114/><W71/><G123/><T43/><D127/><U54/><E125/><V26/><F90/><W38/><G38/><T15/><D47/><U4/><E4/><V56/><F59/><W99/><G99/><T27/><D86/><U74/><E74/><V79/><F79/><W112/><G112/><T55/><D67/><U14/><E115/><V107/><F107/><N who="1" m="41001" /><E54/><V25/><F25/><W19/><G53/><T60/><D55/><U16/><E28/><AGARI ba="0,0" hai="23,26,28,48,52,56,120,122" m="62599,45642" machi="28" ten="30,2000,0" yaku="12,1,54,1" doraHai="31" who="2" fromWho="1" sc="250,0,250,-20,250,20,250,0" /><INIT seed="1,0,0,3,3,21" ten="250,230,270,250" oya="1" hai0="47,15,13,66,84,6,52,31,98,33,30,40,108" hai1="42,90,124,10,89,39,111,95,127,135,78,121,14" hai2="130,29,81,24,129,26,3,43,9,19,73,106,5" hai3="11,44,105,88,22,18,87,77,92,54,49,58,86"/><U72/><E121/><V80/><F106/><W46/><G105/><T36/><D108/><U76/><E135/><V27/><F43/><W82/><REACH who="3" step="1"/><G11/><REACH who="3" ten="250,230,270,240" step="2"/><T28/><D33/><U103/><E111/><V53/><F129/><W59/><G59/><T61/><D6/><U123/><E10/><V62/><F130/><W1/><G1/><T114/><D114/><U117/><E123/><V55/><F3/><W119/><G119/><T25/><D30/><U94/><E117/><V75/><F29/><W96/><G96/><T56/><D31/><U79/><E124/><V7/><F5/><W118/><G118/><T85/><D98/><U133/><E127/><V83/><F7/><W70/><G70/><T132/><D132/><U69/><E69/><V64/><F9/><W107/><G107/><T12/><REACH who="0" step="1"/><D66/><REACH who="0" ten="240,230,270,240" step="2"/><U0/><E133/><V37/><F19/><W110/><G110/><T68/><D68/><U45/><E0/><V4/><F4/><W8/><G8/><T126/><D126/><U23/><E23/><V67/><F64/><W50/><G50/><T109/><D109/><U120/><E120/><V35/><F67/><W34/><G34/><T101/><D101/><U32/><E103/><V91/><F35/><W51/><G51/><T17/><D17/><U128/><E32/><V112/><F37/><W122/><G122/><T97/><D97/><N who="1" m="57551" /><E128/><V71/><F71/><W57/><G57/><T65/><D65/><U20/><E20/><V60/><F62/><W102/><G102/><T74/><D74/><U115/><E115/><V93/><F112/><W38/><G38/><RYUUKYOKU ba="0,2" sc="240,15,230,-15,270,-15,240,15" hai0="12,13,15,25,28,36,40,47,52,56,61,84,85" hai3="18,22,44,46,49,54,58,77,82,86,87,88,92" /><INIT seed="2,1,2,1,4,85" ten="255,215,255,255" oya="2" hai0="88,118,61,133,79,14,23,26,38,15,0,132,63" hai1="103,58,11,25,3,9,68,125,107,59,87,97,4" hai2="122,32,104,65,20,91,54,62,129,84,13,31,19" hai3="112,92,123,110,28,106,55,29,33,5,39,96,7"/><V53/><F122/><W24/><G123/><T57/><D0/><U35/><E125/><V98/><F129/><W101/><G39/><T76/><D38/><U66/><E11/><V8/><F32/><W116/><G116/><T135/><D118/><U34/><E34/><V70/><F104/><W45/><G29/><N who="0" m="17631" /><D61/><N who="1" m="40015" /><E87/><V71/><F98/><W102/><G112/><T93/><D63/><U42/><E42/><V47/><F47/><W83/><G102/><T127/><D57/><U113/><E113/><V52/><F71/><W37/><G106/><T119/><D127/><U82/><E82/><V81/><REACH who="2" step="1"/><F31/><AGARI ba="1,2" hai="3,4,9,25,31,35,58,59,97,103,107" m="40015" machi="31" ten="30,1000,0" yaku="25,1" doraHai="85" who="1" fromWho="2" sc="255,0,215,33,255,-13,255,0" /><INIT seed="3,0,0,3,3,92" ten="255,248,242,255" oya="3" hai0="75,115,50,85,117,72,80,100,129,38,31,33,70" hai1="91,127,11,78,107,59,34,121,40,82,105,108,20" hai2="87,125,76,8,54,103,17,116,5,62,32,26,29" hai3="6,111,16,112,3,135,114,19,61,97,46,86,68"/><W24/><G3/><T57/><D38/><U109/><E121/><V53/><F125/><W74/><G74/><T106/><D70/><U94/><E34/><V28/><F116/><W110/><G6/><T60/><D117/><U25/><E127/><V65/><F103/><W36/><G135/><T132/><D50/><U7/><E40/><V67/><F32/><W98/><G86/><T41/><D41/><U96/><E59/><N who="2" m="37087" /><F67/><N who="3" m="41071" /><G46/><T56/><D56/><U66/><E66/><V88/><F76/><W35/><G36/><T27/><D132/><U4/><E105/><V99/><F99/><N who="3" m="37899" /><G19/><T0/><D0/><U37/><E37/><V118/><F118/><W90/><G90/><N who="0" m="51495" /><D100/><U128/><E107/><V9/><F5/><W126/><G126/><T123/><D106/><U101/><E101/><V30/><F17/><W43/><G43/><T45/><D45/><U42/><E42/><V14/><F14/><W130/><G16/><T23/><D33/><U84/><E4/><V58/><F26/><W15/><G15/><T69/><D69/><U18/><E7/><V124/><F124/><W73/><G73/><T119/><D119/><U83/><E11/><N who="2" m="4171" /><F58/><W64/><G64/><N who="0" m="38927" /><D123/><U51/><E51/><V10/><N who="2" m="4179" /><V2/><DORA hai="77" /><F2/><W47/><G47/><T55/><D75/><U52/><E83/><AGARI ba="0,0" hai="28,29,30,53,54,83,87,88" m="4179,37087" machi="83" ten="40,5200,0" yaku="8,1,52,1,54,1" doraHai="92,77" who="2" fromWho="1" sc="255,0,248,-52,242,52,255,0" /><INIT seed="4,0,0,2,4,91" ten="255,196,294,255" oya="0" hai0="81,88,75,77,7,112,132,119,5,30,78,113,44" hai1="46,26,52,15,108,115,83,14,22,80,36,51,65" hai2="110,41,1,85,102,3,89,66,63,69,100,74,76" hai3="96,9,64,126,16,129,29,93,109,61,0,125,40"/><T21/><D119/><U25/><E108/><V130/><F41/><W37/><G109/><T92/><D132/><U127/><E115/><N who="0" m="44105" /><D78/><U12/><E127/><N who="3" m="48650" /><G129/><T13/><D44/><U70/><E36/><V117/><F130/><W50/><G37/><T32/><D32/><U18/><REACH who="1" step="1"/><E26/><REACH who="1" ten="255,186,294,255" step="2"/><V104/><F110/><W45/><G29/><T27/><D13/><U42/><E42/><V98/><F117/><W114/><G114/><T53/><D53/><U28/><E28/><V82/><F1/><W57/><G0/><T72/><D72/><U131/><E131/><V133/><F3/><W95/><G96/><AGARI ba="0,1" hai="5,7,21,27,30,75,77,81,88,92,96" m="44105" machi="96" ten="30,5800,0" yaku="15,1,52,1,54,1" doraHai="91" who="0" fromWho="3" sc="255,68,186,0,294,0,255,-58" owari="323,42.3,186,-31.4,294,9.4,197,-20.3" /></mjloggm>