<mjloggm ver="2.3"><GO type="225" lobby="0"/><UN n0="%E3%81%AF%E3%82%88%E3%81%8A%E3%81%98%E3%81%95%E3%82%93" n1="%E3%82%BC%E3%83%AB%E3%83%80%E3%81%AE%E4%BC%9D%E8%AA%AC" n2="%E5%80%89%E6%A9%8B%EF%BC%A0%E4%BA%8B%E5%8B%99" n3="%E5%AE%AE%E4%BF%9D%E9%B6%8F%E8%82%89" dan="16,16,16,16" rate="2158.61,2103.65,2088.28,2119.16" sx="M,M,M,M"/><TAIKYOKU oya="0"/><INIT seed="0,0,0,4,5,14" ten="250,250,250,250" oya="0" hai0="25,90,106,74,102,15,130,5,30,40,83,68,36" hai1="98,48,88,42,117,24,65,61,75,23,71,49,2" hai2="111,10,96,33,44,80,110,39,29,105,9,18,129" hai3="57,38,3,72,16,27,37,125,108,67,121,123,89"/><T101/><D68/><U53/><E117/><V69/><F69/><W84/><G108/><N who="2" m="41513" /><F129/><W131/><G72/><T62/><D130/><U41/><E2/><V22/><F80/><W19/><G3/><T93/><D62/><U47/><E75/><V34/><F39/><N who="3" m="14859" /><G27/><T78/><D106/><U55/><E98/><V28/><F44/><W126/><G131/><T128/><D128/><U79/><E79/><V70/><F70/><W8/><G8/><N who="2" m="3177" /><F105/><W4/><G57/><T31/><D31/><N who="2" m="11850" /><F96/><W132/><G4/><T13/><D5/><U87/><E42/><V116/><F116/><W124/><G132/><T26/><D30/><U114/><E49/><V32/><F32/><W63/><G67/><T50/><D36/><U17/><REACH who="1" step="1"/><E114/><REACH who="1" ten="250,240,250,250" step="2"/><V46/><F46/><W92/><G63/><T6/><D50/><U109/><E109/><V99/><F99/><W91/><G89/><T94/><D40/><U95/><AGARI ba="0,1" hai="17,23,24,41,47,48,53,55,61,65,71,87,88,95" machi="95" ten="20,8000,1" yaku="1,1,0,1,7,1,52,1,54,1,53,0" doraHai="14" doraHaiUra="73" who="1" fromWho="1" sc="250,-40,240,90,250,-20,250,-20" /><INIT seed="1,0,0,0,1,34" ten="210,330,230,230" oya="1" hai0="45,37,68,94,100,66,132,111,127,74,25,81,90" hai1="101,22,16,89,20,29,96,51,125,17,69,126,4" hai2="12,48,87,3,120,24,98,135,88,73,14,41,103" hai3="42,99,131,54,116,6,46,2,113,21,65,123,63"/><U27/><E69/><V18/><F120/><W115/><G123/><T32/><D111/><U83/><E51/><V49/><F73/><W118/><G21/><T61/><D127/><N who="1" m="48651" /><E4/><V130/><F3/><W36/><G99/><T124/><D124/><U71/><E71/><V50/><F41/><W15/><G15/><N who="2" m="5673" /><F130/><W76/><G76/><T102/><D132/><U1/><E1/><V44/><F135/><W10/><G54/><T108/><D108/><U92/><E22/><N who="2" m="13399" /><F103/><W107/><G107/><T114/><D114/><N who="3" m="43529" /><G131/><T84/><D37/><U59/><E59/><V134/><F134/><W39/><G39/><T5/><D45/><U28/><E28/><V93/><F44/><W110/><G110/><T35/><D5/><U30/><E30/><V33/><F33/><W97/><G97/><AGARI ba="0,0" hai="48,49,50,87,88,93,97,98" m="13399,5673" machi="97" ten="30,2000,0" yaku="8,1,54,1" doraHai="34" who="2" fromWho="3" sc="210,0,330,0,230,20,230,-20" /><INIT seed="2,0,0,2,0,49" ten="210,330,250,210" oya="2" hai0="33,52,78,79,98,115,58,88,15,38,41,75,12" hai1="26,110,39,70,55,84,28,127,25,114,89,35,17" hai2="66,63,120,122,109,46,119,5,13,101,54,82,103" hai3="112,134,130,124,37,45,116,4,60,97,2,40,76"/><V72/><F119/><W91/><G116/><T102/><D115/><U47/><E114/><V0/><F0/><W31/><G112/><T121/><D121/><U94/><E70/><V77/><F109/><W36/><G124/><T86/><D33/><U53/><E127/><V107/><F5/><W132/><G130/><T10/><D41/><U34/><E110/><V24/><F13/><W126/><G126/><T80/><D38/><U9/><E9/><V29/><F122/><W7/><G36/><T23/><D75/><U129/><E129/><V73/><F73/><W128/><G128/><T27/><D102/><U42/><E17/><V87/><F72/><W100/><G76/><N who="0" m="29227" /><D98/><U92/><E92/><V59/><F120/><W106/><G31/><AGARI ba="0,0" hai="25,26,28,31,34,35,39,42,47,53,55,84,89,94" machi="31" ten="40,5200,0" yaku="9,1,52,2" doraHai="49" who="1" fromWho="3" sc="210,0,330,52,250,0,210,-52" /><INIT seed="3,0,0,3,5,38" ten="210,382,250,158" oya="3" hai0="68,114,28,93,3,90,117,61,122,120,76,5,107" hai1="48,113,74,78,29,37,118,83,46,64,16,75,66" hai2="103,71,8,40,119,15,124,1,133,47,99,53,36" hai3="106,67,98,11,44,73,69,111,54,132,108,112,77"/><W109/><G112/><T104/><D117/><U20/><E113/><V65/><F119/><W55/><G132/><T33/><D114/><U43/><E118/><V52/><F1/><W96/><G73/><T57/><D68/><U129/><E129/><V0/><F0/><W32/><G77/><T59/><D76/><U6/><E74/><V89/><F133/><W92/><G32/><T13/><D3/><U95/><E6/><V131/><F131/><W24/><G24/><T126/><D126/><U88/><E37/><V84/><F124/><W116/><G116/><T101/><D101/><U17/><E29/><V130/><F130/><W121/><G121/><T91/><D5/><U72/><E72/><V10/><F65/><W128/><G128/><T110/><D13/><U134/><E17/><V125/><F71/><W9/><G106/><T31/><D93/><U39/><E39/><V50/><F36/><W42/><G96/><T135/><D61/><U2/><E2/><V34/><F34/><W60/><G55/><N who="2" m="21065" /><F15/><W70/><G54/><T97/><D33/><U30/><E30/><V82/><F125/><W62/><G62/><T123/><D120/><U18/><E18/><V81/><F81/><W25/><G70/><T85/><D135/><U22/><E134/><V14/><F14/><W41/><G25/><T51/><D122/><U87/><E22/><V86/><F86/><W115/><G115/><T105/><D107/><U58/><E58/><V63/><F63/><W79/><G79/><T94/><D123/><U56/><E56/><N who="0" m="21577" /><D104/><U19/><E19/><V45/><F45/><RYUUKYOKU ba="0,0" sc="210,-15,382,15,250,15,158,-15" hai1="16,20,43,46,48,64,66,75,78,83,87,88,95" hai2="8,10,40,47,50,82,84,89,99,103" owari="195,-20.5,397,49.7,265,6.5,143,-35.7" /></mjloggm>