<mjloggm ver="2.3"><GO type="225" lobby="0"/><UN n0="%E3%81%B8%E3%82%80%E3%81%B8%E3%82%80%EF%BC%92%E5%8F%B7" n1="%45%6C%79%73%69%75%6D" n2="%E3%83%AD%E3%83%83%E3%83%86%E9%9B%80%E7%90%83" n3="%E4%B8%8B%E6%AE%B5%E3%83%81%E3%82%A7%E3%83%AA%E3%83%BC" dan="17,17,17,16" rate="2178.94,2165.51,2178.44,2151.46" sx="M,F,M,M"/><TAIKYOKU oya="0"/><INIT seed="0,0,0,2,4,59" ten="250,250,250,250" oya="0" hai0="40,102,14,124,94,62,56,111,128,93,107,119,121" hai1="122,91,118,52,9,83,97,51,77,120,106,78,96" hai2="44,126,43,11,32,7,54,92,113,101,26,84,29" hai3="68,64,60,57,65,18,46,66,73,42,115,70,135"/><T103/><D119/><U15/><E118/><V67/><F113/><W31/><G73/><T89/><D121/><U27/><E27/><V79/><F126/><W110/><G31/><T16/><D107/><U10/><E10/><V117/><F117/><W134/><G18/><T38/><D111/><U87/><E120/><V17/><F17/><W23/><G23/><T75/><D75/><U69/><E69/><N who="3" m="26730" /><G110/><T123/><D128/><U22/><E22/><V90/><F67/><N who="3" m="39311" /><G115/><T48/><D124/><U88/><E122/><V5/><F101/><N who="0" m="38410" /><D38/><AGARI ba="0,0" hai="38,42,46,64,65,66,134,135" m="39311,26730" machi="38" ten="30,3900,0" yaku="34,2,52,1" doraHai="59" who="3" fromWho="0" sc="250,-39,250,0,250,0,250,39" /><INIT seed="1,0,0,0,1,83" ten="211,250,250,289" oya="1" hai0="73,40,37,117,96,9,64,35,111,6,120,26,22" hai1="61,92,81,15,68,122,39,34,114,97,52,103,104" hai2="110,128,16,79,108,23,135,57,21,30,5,121,74" hai3="11,20,72,32,77,124,59,78,38,19,1,118,63"/><U69/><E122/><V50/><F121/><W12/><G38/><T33/><D117/><U99/><E114/><V119/><F119/><W125/><G32/><T14/><D73/><U94/><E39/><V113/><F128/><W89/><G118/><T10/><D120/><U44/><E34/><V55/><F135/><W47/><G47/><T58/><D111/><N who="2" m="42538" /><F113/><W28/><G89/><T48/><D10/><U51/><E61/><V105/><F105/><W43/><G43/><T86/><D96/><U85/><E15/><N who="2" m="9375" /><F5/><N who="3" m="1455" /><G28/><T31/><D37/><U132/><E132/><V101/><F101/><W126/><G72/><T127/><D127/><N who="3" m="32513" /><W24/><DORA hai="17" /><G24/><T87/><D35/><U66/><E66/><AGARI ba="0,0" hai="12,19,20,59,63,66,77,78" m="32513,1455" machi="66" ten="40,2600,0" yaku="18,1,52,1" doraHai="83,17" who="3" fromWho="1" sc="211,0,250,-26,250,0,289,26" /><INIT seed="2,0,0,4,2,91" ten="211,224,250,315" oya="2" hai0="45,124,95,132,28,100,108,82,58,80,54,115,129" hai1="110,18,114,52,113,3,64,127,27,63,74,135,24" hai2="126,68,105,104,116,119,22,12,71,72,66,134,53" hai3="84,26,14,8,46,65,123,49,60,15,31,9,19"/><V29/><F72/><W83/><G123/><T93/><D115/><U128/><E3/><V69/><F66/><W98/><G98/><T112/><D112/><U79/><E110/><V117/><F126/><W44/><G65/><T86/><D124/><U109/><E109/><V75/><F75/><W50/><G60/><N who="0" m="35927" /><D108/><U90/><E127/><V11/><F134/><W40/><G31/><T103/><D129/><U76/><E135/><V16/><REACH who="2" step="1"/><F53/><REACH who="2" ten="211,224,240,315" step="2"/><N who="3" m="29863" /><G26/><AGARI ba="0,1" hai="11,12,16,22,26,29,68,69,71,104,105,116,117,119" machi="26" ten="50,4800,0" yaku="1,1,54,1,53,0" doraHai="91" doraHaiUra="35" who="2" fromWho="3" sc="211,0,224,0,240,58,315,-48" /><INIT seed="2,1,0,0,2,69" ten="211,224,298,267" oya="2" hai0="46,22,5,12,108,29,94,52,125,18,24,96,129" hai1="135,123,97,128,45,47,114,76,102,11,65,68,127" hai2="101,17,50,74,0,80,42,120,39,70,115,62,77" hai3="14,43,10,88,26,72,133,75,130,112,37,54,85"/><V82/><F115/><W57/><G112/><T64/><D108/><U15/><E114/><V27/><F120/><W56/><G133/><T49/><D125/><U86/><E127/><V38/><F0/><W63/><G130/><T84/><D129/><U109/><E128/><V113/><F113/><W41/><G26/><T132/><D132/><U7/><E135/><V4/><F4/><W8/><G72/><T103/><D64/><U21/><E109/><V59/><F70/><W106/><G106/><T99/><D5/><U19/><E123/><V48/><F101/><W23/><G75/><T104/><D84/><U16/><E19/><V32/><F82/><N who="3" m="49207" /><G37/><T20/><REACH who="0" step="1"/><D99/><REACH who="0" ten="201,224,298,267" step="2"/><U100/><E65/><V107/><F74/><W126/><G126/><T124/><D124/><U55/><E68/><V67/><F67/><N who="3" m="39399" /><G41/><T118/><D118/><U34/><E86/><V93/><F42/><W53/><G43/><T61/><D61/><U116/><E116/><V40/><F62/><N who="3" m="36143" /><G54/><T98/><D98/><U79/><E55/><V111/><F40/><W44/><G44/><T36/><D36/><U60/><E60/><V92/><F38/><W73/><G73/><T78/><D78/><U117/><E117/><V30/><F77/><N who="1" m="29769" /><E47/><V31/><F39/><W66/><G66/><T51/><D51/><U83/><E45/><V95/><F48/><W33/><G33/><T35/><D35/><U25/><E34/><V1/><F50/><W13/><G13/><T28/><D28/><N who="2" m="10794" /><F32/><W91/><G14/><T121/><D121/><U2/><E15/><V6/><F111/><W81/><G81/><RYUUKYOKU ba="1,1" sc="201,30,224,-10,298,-10,267,-10" hai0="12,18,20,22,24,29,46,49,52,94,96,103,104" /><INIT seed="3,2,1,4,2,78" ten="231,214,288,257" oya="3" hai0="36,15,100,49,115,1,41,14,59,131,98,35,82" hai1="122,58,105,112,32,40,93,97,108,75,27,85,68" hai2="69,44,45,64,33,26,132,17,39,70,6,24,50" hai3="30,119,91,18,48,114,89,83,117,87,22,102,5"/><W3/><G114/><T52/><D1/><U55/><E75/><V76/><F6/><W57/><G30/><T92/><D115/><U121/><E68/><V99/><F39/><W103/><G117/><T123/><D123/><U60/><E112/><V10/><F76/><W42/><G119/><T37/><D35/><U72/><E72/><V13/><F45/><N who="3" m="25655" /><G3/><T81/><D131/><U111/><E40/><V62/><F70/><W116/><G5/><T46/><REACH who="0" step="1"/><D36/><REACH who="0" ten="221,214,288,257" step="2"/><U130/><E130/><V53/><F33/><W129/><G129/><T126/><D126/><U90/><E121/><V11/><F132/><W47/><G116/><T101/><D101/><U88/><E122/><V43/><F10/><W79/><G102/><T80/><AGARI ba="2,2" hai="14,15,37,41,46,49,52,59,80,81,82,92,98,100" machi="80" ten="30,12000,2" yaku="1,1,0,1,52,3,54,1,53,0" doraHai="78" doraHaiUra="23" who="0" fromWho="0" sc="221,146,214,-32,288,-32,257,-62" owari="367,46.7,182,-31.8,256,5.6,195,-20.5" /></mjloggm>