<mjloggm ver="2.3"><GO type="225" lobby="0"/><UN n0="%E3%81%B1%E3%83%BC%E3%81%9B%E3%82%93%E3%81%A8%E4%BE%8D" n1="%4E%49%4A%49%49%52%4F" n2="%E3%82%82%E3%81%90%E3%82%89" n3="%E3%83%A9%E3%83%BC%E3%83%A1%E3%83%B3%E4%BA%94%E9%83%8E" dan="17,16,17,16" rate="2153.19,2186.06,2208.51,2070.48" sx="M,M,M,M"/><TAIKYOKU oya="0"/><INIT seed="0,0,0,2,0,63" ten="250,250,250,250" oya="0" hai0="129,56,15,55,4,112,82,42,135,53,103,6,1" hai1="102,133,73,69,121,97,33,22,19,107,119,123,3" hai2="34,11,39,86,91,67,23,8,54,111,72,78,118" hai3="90,99,64,20,130,106,7,74,77,49,31,46,126"/><T36/><D112/><U37/><RYUUKYOKU type="yao9" ba="0,0" sc="250,0,250,0,250,0,250,0" hai1="3,19,22,33,37,69,73,97,102,107,119,121,123,133" /><INIT seed="0,1,0,3,1,49" ten="250,250,250,250" oya="0" hai0="93,131,120,125,20,31,75,38,102,105,113,99,63" hai1="98,26,114,86,112,65,53,88,68,91,5,121,15" hai2="3,23,60,94,48,111,25,77,27,84,135,30,43" hai3="58,122,7,4,0,57,78,64,90,32,2,18,133"/><T51/><D113/><N who="1" m="43627" /><E121/><V117/><F3/><W34/><G122/><T22/><D120/><U106/><E26/><V95/><F111/><W72/><G133/><T108/><D38/><U103/><E65/><V127/><F135/><W37/><G37/><T47/><D131/><U52/><E68/><V56/><F127/><W36/><G36/><T83/><D125/><U44/><E44/><N who="2" m="25631" /><F117/><W73/><G90/><N who="1" m="34346" /><E86/><V85/><F27/><W39/><G39/><T87/><D108/><U41/><E41/><V46/><F46/><W76/><G64/><T126/><D75/><U79/><E79/><V110/><F110/><W116/><REACH who="3" step="1"/><G18/><REACH who="3" ten="250,250,250,240" step="2"/><T124/><D124/><U13/><E5/><V100/><F77/><W10/><G10/><T69/><D126/><U29/><E29/><V8/><F8/><W54/><G54/><AGARI ba="1,1" hai="13,15,52,53,54,98,103,106" m="34346,43627" machi="54" ten="30,12000,2" yaku="11,1,52,3,54,2" doraHai="49" who="1" fromWho="3" sc="250,0,250,133,250,0,240,-123" /><INIT seed="1,0,0,5,4,125" ten="250,383,250,117" oya="1" hai0="121,3,70,53,71,112,129,120,49,110,42,60,2" hai1="87,135,31,40,39,108,41,92,32,37,93,97,88" hai2="15,124,102,76,14,73,48,119,29,56,12,17,46" hai3="126,78,105,103,9,26,6,43,80,84,90,47,109"/><U79/><E135/><V55/><F119/><W83/><G126/><T95/><D112/><U13/><E108/><V33/><F124/><W57/><G109/><T19/><D110/><U101/><E79/><V54/><F102/><W116/><G116/><T25/><D42/><U74/><E74/><V91/><F91/><W52/><G105/><T122/><D129/><U10/><E31/><V127/><F127/><W94/><G103/><T16/><D95/><U34/><E40/><V30/><F33/><W23/><G78/><T21/><D19/><U100/><E100/><V89/><F89/><W67/><G67/><N who="0" m="41319" /><D71/><U45/><REACH who="1" step="1"/><E39/><REACH who="1" ten="250,373,250,117" step="2"/><V115/><F115/><W111/><G111/><T77/><D77/><U107/><E107/><V75/><F75/><W133/><G133/><T85/><D85/><U134/><E134/><V8/><F73/><W113/><G113/><T27/><D27/><U63/><E63/><N who="2" m="36247" /><F76/><W65/><G43/><T69/><D69/><U51/><E51/><V132/><F132/><W36/><G36/><T98/><D25/><U81/><E81/><V24/><F24/><W1/><G80/><T86/><D86/><U118/><E118/><V68/><F30/><N who="3" m="17759" /><G83/><T114/><D114/><U62/><E62/><V99/><F29/><W0/><G65/><T50/><D50/><U44/><E44/><V7/><F68/><W130/><G47/><N who="0" m="27839" /><D98/><U64/><E64/><V5/><F99/><W38/><G38/><T58/><D58/><U123/><E123/><V128/><F128/><W117/><G130/><T22/><D122/><U28/><E28/><V59/><F59/><RYUUKYOKU ba="0,1" sc="250,-15,373,15,250,15,117,-15" hai1="10,13,32,34,37,41,45,87,88,92,93,97,101" hai2="5,7,8,12,14,15,17,46,48,55" /><INIT seed="1,1,1,5,0,6" ten="235,388,265,102" oya="1" hai0="89,117,122,83,93,116,88,8,31,121,110,91,90" hai1="19,66,50,12,47,26,15,107,133,59,68,16,46" hai2="9,29,11,51,87,53,105,44,127,77,54,111,63" hai3="118,112,67,57,123,79,0,40,70,75,73,134,4"/><U35/><E68/><V61/><F105/><W128/><G123/><N who="0" m="47115" /><D31/><U60/><E107/><V38/><F38/><W94/><G112/><T42/><D42/><U7/><E133/><V13/><F111/><W102/><G134/><T2/><D110/><U37/><E37/><V41/><F29/><W120/><G120/><T33/><D33/><U76/><E76/><V56/><F127/><W30/><G70/><T14/><D83/><U106/><E106/><V20/><F87/><W92/><G40/><T3/><D3/><U36/><E36/><V113/><F77/><W97/><G30/><T131/><D2/><U80/><E80/><V21/><F113/><W23/><G128/><T69/><D69/><U48/><E35/><V135/><F135/><W34/><G34/><T124/><D124/><U72/><E72/><V28/><F21/><W43/><G43/><T101/><D101/><U55/><E26/><N who="2" m="16455" /><F13/><N who="1" m="5193" /><E7/><V125/><F125/><W132/><G4/><N who="0" m="3335" /><D131/><U18/><E18/><V129/><F129/><W82/><G132/><T64/><D64/><U114/><E114/><V84/><F84/><AGARI ba="1,1" hai="84,88,89,90,91,93,116,117" m="3335,47115" machi="84" ten="30,3900,0" yaku="13,1,52,1,54,1" doraHai="6" who="0" fromWho="2" sc="235,52,388,0,265,-42,102,0" /><INIT seed="2,0,0,0,3,71" ten="287,388,223,102" oya="2" hai0="50,108,34,124,65,109,9,63,129,21,0,96,115" hai1="133,127,74,116,82,42,128,100,46,32,3,106,113" hai2="125,85,22,75,118,53,16,105,29,54,35,102,2" hai3="77,68,67,132,99,51,120,61,25,57,114,13,89"/><V81/><F118/><W107/><G132/><T38/><D34/><U37/><E46/><V19/><F75/><W79/><G120/><T11/><D115/><U90/><E42/><V30/><F2/><W78/><G114/><T117/><D117/><U93/><E90/><V33/><F125/><W112/><G112/><T134/><D124/><U52/><E52/><V88/><F105/><W4/><G68/><T39/><D50/><U123/><E93/><V60/><F102/><W111/><G111/><N who="0" m="42571" /><D129/><U64/><E64/><V58/><F54/><W135/><G135/><T110/><D134/><U62/><E62/><V36/><F36/><N who="0" m="13866" /><D110/><U55/><E133/><V76/><F35/><W27/><G51/><T40/><D40/><U10/><E37/><V97/><F33/><W70/><G70/><N who="0" m="42303" /><D0/><U131/><E3/><V59/><F59/><W18/><G57/><T28/><D96/><U101/><E127/><V122/><F122/><W14/><G99/><T130/><D130/><U6/><E123/><V69/><F69/><W83/><G61/><T23/><D23/><U73/><E128/><V7/><F97/><W80/><G67/><T66/><D66/><U104/><E113/><V47/><F60/><W119/><G119/><T103/><D103/><U5/><E101/><V31/><F58/><W98/><G98/><T45/><D45/><U43/><E100/><V8/><F47/><W17/><G107/><T84/><D84/><U48/><E131/><V87/><F87/><W121/><G121/><T12/><D12/><U95/><E116/><V126/><F126/><W15/><G14/><RYUUKYOKU ba="0,0" sc="287,30,388,-10,223,-10,102,-10" hai0="9,11,21,28" /><INIT seed="3,1,0,0,3,34" ten="317,378,213,92" oya="3" hai0="65,1,19,128,50,30,10,23,35,64,122,104,68" hai1="42,72,69,51,3,92,135,25,24,78,81,74,127" hai2="31,108,102,37,5,115,28,129,117,53,60,16,125" hai3="58,36,121,46,4,40,116,126,95,130,13,27,86"/><W43/><G116/><T56/><D122/><U33/><E3/><V83/><F37/><W2/><G121/><T134/><D104/><U8/><E69/><V120/><F115/><W32/><G126/><T97/><D68/><U80/><E127/><V96/><F117/><W118/><G130/><T79/><D79/><U106/><E106/><V75/><F125/><W90/><G118/><T98/><D134/><U71/><E71/><V70/><F129/><W17/><G40/><T114/><D114/><U85/><E135/><V12/><F5/><W29/><G58/><T99/><D50/><U133/><E133/><V15/><F15/><W93/><G4/><N who="0" m="1295" /><D56/><U18/><E33/><V22/><F120/><W111/><G111/><T62/><D62/><U21/><E92/><V48/><F108/><W57/><G57/><T54/><D54/><U6/><E80/><V49/><F83/><W107/><G107/><T11/><D11/><U52/><E42/><V112/><F75/><W67/><G67/><T47/><D47/><U89/><E78/><V124/><F112/><W77/><G77/><T76/><D76/><U45/><E74/><V20/><F70/><W103/><G2/><T91/><D91/><U39/><E72/><V9/><F124/><W113/><G113/><T26/><D128/><U61/><E61/><V63/><F60/><W59/><G59/><T84/><D65/><U87/><E45/><N who="2" m="27791" /><F49/><W38/><G103/><T7/><D7/><U41/><E6/><V88/><F102/><W132/><G132/><T14/><D64/><U94/><E41/><V119/><F119/><RYUUKYOKU ba="1,0" sc="317,30,378,-10,213,-10,92,-10" hai0="14,19,23,26,30,35,84,97,98,99" owari="347,14.7,368,46.8,203,-19.7,82,-41.8" /></mjloggm>