<mjloggm ver="2.3"><GO type="225" lobby="0"/><UN n0="%E3%81%8B%E3%82%8F%E3%81%A1%E3%82%83%E3%82%93%35%38" n1="%E5%B8%86%E7%AB%8B%E5%A4%8F%E8%A1%A3" n2="%E3%82%82%E3%82%93%E3%81%8D%E3%82%93%E3%81%90" n3="%E3%83%97%E3%83%AC%E3%83%B4%E3%82%A1%E3%83%86%E3%82%A3" dan="16,16,16,16" rate="2149.99,2090.75,2063.64,2082.01" sx="M,M,M,F"/><TAIKYOKU oya="0"/><INIT seed="0,0,0,1,5,112" ten="250,250,250,250" oya="0" hai0="74,95,12,8,72,134,63,131,53,92,7,76,14" hai1="67,91,132,27,105,42,109,119,11,89,124,133,117" hai2="87,17,86,5,2,108,59,83,43,126,93,107,71" hai3="49,21,25,81,94,73,79,129,54,29,60,62,120"/><T113/><D113/><U64/><E105/><V97/><F71/><W114/><G114/><T77/><D131/><U115/><E115/><V33/><F33/><W103/><G129/><T104/><D104/><U100/><E100/><V69/><F69/><W19/><G120/><T37/><D37/><U22/><E42/><V68/><F68/><W31/><G103/><T57/><D134/><N who="1" m="51819" /><E11/><V18/><F107/><W0/><G94/><N who="0" m="35883" /><D74/><U13/><E13/><V116/><F43/><W102/><G102/><T55/><D72/><U127/><E109/><V130/><F108/><W34/><G0/><T85/><D85/><U6/><E6/><V24/><F87/><W125/><G125/><N who="1" m="48202" /><E67/><V48/><F5/><W36/><G36/><T45/><D14/><U10/><E64/><V3/><F3/><W122/><G122/><T121/><D121/><U66/><E66/><V61/><F2/><W123/><G123/><T38/><D38/><U30/><E10/><V56/><F86/><W70/><G70/><T80/><D80/><U26/><E27/><V110/><F24/><W39/><G39/><T40/><D40/><U20/><E20/><V35/><F35/><W50/><G34/><T99/><D99/><U46/><E46/><V111/><F97/><W78/><G73/><T23/><D23/><U1/><E1/><V32/><F32/><W52/><G21/><T41/><D41/><U15/><E15/><V4/><F111/><W96/><G96/><T44/><D44/><U16/><E30/><V65/><F126/><W101/><G101/><T9/><D9/><U98/><E98/><RYUUKYOKU ba="0,0" sc="250,15,250,15,250,-15,250,-15" hai0="7,8,12,45,53,55,57,63,76,77" hai1="16,22,26,89,91,117,119" /><INIT seed="0,1,0,4,1,74" ten="265,265,235,235" oya="0" hai0="129,83,47,18,113,52,104,20,117,66,67,119,15" hai1="132,111,44,79,71,4,131,31,134,133,3,114,22" hai2="30,108,84,75,16,19,58,81,70,43,9,40,102" hai3="41,26,6,123,95,109,120,11,63,21,106,130,87"/><T49/><D104/><U76/><E71/><V1/><F70/><W36/><G106/><T28/><D113/><U89/><E114/><V59/><F75/><W86/><G109/><T97/><D129/><U10/><E131/><V61/><F108/><W27/><G130/><T60/><D119/><U5/><E111/><V105/><F30/><W29/><G36/><T57/><D117/><U73/><E73/><V91/><F58/><W127/><G41/><T0/><D0/><U35/><E35/><V45/><F43/><W37/><G37/><T122/><D122/><N who="3" m="46633" /><G127/><T124/><D124/><U50/><E89/><V118/><F118/><W93/><G63/><T32/><D32/><U72/><E5/><V48/><F102/><W55/><G55/><T68/><D68/><U54/><E72/><V8/><F105/><W98/><G27/><AGARI ba="1,0" hai="3,4,10,22,27,31,44,50,54,76,79,132,133,134" machi="27" ten="40,5200,0" yaku="20,1,52,2" doraHai="74" who="1" fromWho="3" sc="265,0,265,55,235,0,235,-55" /><INIT seed="1,0,0,2,0,13" ten="265,320,235,180" oya="1" hai0="101,15,17,8,39,58,98,125,16,97,92,107,88" hai1="43,99,112,38,21,71,104,123,76,89,27,9,90" hai2="130,7,108,47,133,20,118,0,22,23,94,42,69" hai3="54,5,78,87,85,55,32,33,84,31,106,56,37"/><U83/><E71/><V11/><F118/><W28/><G106/><T12/><D125/><U119/><E119/><V127/><F69/><W34/><G37/><T30/><D39/><U131/><E112/><V59/><F108/><W124/><G124/><T96/><D30/><U10/><E123/><V74/><F127/><W73/><G5/><T113/><D113/><U135/><E135/><V18/><F74/><W109/><G109/><T80/><D58/><U2/><E131/><V72/><F72/><W66/><G73/><T128/><D128/><U60/><E60/><V52/><F133/><W44/><G78/><T115/><D115/><U65/><E65/><V91/><F130/><W26/><G44/><T95/><D80/><U25/><E104/><V134/><F134/><W4/><G4/><T29/><D29/><U45/><E2/><V61/><F42/><W81/><G81/><T121/><D121/><U48/><E38/><V110/><F47/><W24/><G34/><T6/><D12/><U40/><E40/><V62/><F110/><W46/><G46/><T68/><D68/><U132/><E27/><N who="2" m="14743" /><F62/><AGARI ba="0,0" hai="24,26,28,31,32,33,54,55,56,62,66,84,85,87" machi="62" ten="40,1300,0" yaku="9,1" doraHai="13" who="3" fromWho="2" sc="265,0,320,0,235,-13,180,13" /><INIT seed="2,0,0,2,0,91" ten="265,320,222,193" oya="2" hai0="97,10,43,21,88,103,38,6,129,102,18,116,23" hai1="120,40,94,9,27,29,84,54,48,121,81,37,51" hai2="128,36,85,70,73,33,42,68,75,87,46,125,115" hai3="15,77,82,14,126,32,50,57,56,58,131,35,90"/><V59/><F87/><W20/><G126/><T64/><D64/><U117/><E117/><V0/><F85/><W79/><G131/><T61/><D61/><U130/><E130/><V119/><F59/><W106/><G106/><T83/><D129/><U60/><E9/><V13/><F13/><W31/><G50/><T72/><D116/><U105/><E105/><V39/><F46/><W41/><G41/><T122/><D122/><N who="1" m="47211" /><E94/><V53/><F53/><W99/><G31/><T26/><D43/><U3/><E3/><V89/><F89/><W80/><G20/><T107/><D38/><U118/><E118/><V55/><F55/><W127/><G127/><T19/><D102/><U108/><E108/><V5/><F5/><W25/><G25/><T104/><D104/><U135/><E60/><V28/><F28/><W8/><G8/><T124/><D124/><U11/><E54/><V12/><F42/><W78/><G90/><T24/><D88/><N who="1" m="51215" /><E11/><V49/><F125/><W16/><G99/><T62/><D62/><U66/><E66/><V111/><F128/><W76/><N who="3" m="19456" /><DORA hai="7" /><W65/><G65/><T74/><REACH who="0" step="1"/><D83/><REACH who="0" ten="255,320,222,193" step="2"/><U71/><E37/><V34/><F119/><W96/><G82/><T101/><D101/><U22/><E40/><V98/><F39/><W109/><G80/><T86/><D86/><U2/><E51/><V132/><F49/><W133/><G96/><T134/><D134/><U110/><E135/><V92/><F98/><W44/><G133/><T63/><D63/><U114/><E48/><V4/><F132/><W52/><G52/><T47/><D47/><RYUUKYOKU ba="0,1" sc="255,30,320,-10,222,-10,193,-10" hai0="6,10,18,19,21,23,24,26,72,74,97,103,107" /><INIT seed="3,1,1,3,2,73" ten="285,310,212,183" oya="3" hai0="104,131,62,103,2,52,117,38,31,57,110,82,64" hai1="87,128,26,123,122,135,40,113,124,33,91,28,67" hai2="25,121,5,93,77,50,125,45,74,63,10,48,22" hai3="4,1,30,23,100,21,39,94,59,85,37,17,97"/><W12/><G1/><T34/><D117/><U51/><E113/><V13/><F125/><W55/><G4/><T88/><D2/><U8/><E124/><V114/><F114/><W102/><G102/><T11/><D38/><U29/><E67/><V116/><F116/><W80/><G30/><T19/><D104/><U118/><E118/><V47/><F121/><W42/><G42/><T6/><D103/><U90/><E128/><V14/><F14/><W101/><G101/><T127/><D19/><U79/><E135/><V99/><F63/><W27/><G27/><T7/><D127/><U20/><E8/><V96/><F74/><W69/><G69/><T108/><D131/><U89/><E29/><N who="2" m="17591" /><F77/><N who="3" m="46223" /><G39/><T71/><D31/><U70/><E70/><V107/><F107/><W134/><G37/><T24/><D24/><U92/><E33/><V109/><F109/><N who="0" m="42090" /><D34/><U41/><E123/><V58/><F58/><W60/><G134/><T49/><D11/><AGARI ba="1,1" hai="11,12,17,21,23,55,59,60,94,97,100" m="46223" machi="11" ten="30,2900,0" yaku="8,1,52,1" doraHai="73" who="3" fromWho="0" sc="285,-32,310,0,212,0,183,42" /><INIT seed="3,2,0,4,3,100" ten="253,310,212,225" oya="3" hai0="36,53,103,8,94,102,118,130,68,132,112,80,58" hai1="45,54,67,85,93,105,65,77,6,115,7,84,17" hai2="120,15,41,79,46,13,110,73,51,59,47,37,81" hai3="122,71,63,121,72,76,95,2,97,99,83,57,75"/><W66/><G2/><T129/><D68/><U33/><E105/><V31/><F110/><W38/><G38/><T22/><D118/><U106/><E106/><V27/><F59/><W107/><G75/><T98/><D36/><U10/><E33/><V90/><F90/><W60/><G97/><T69/><D69/><U134/><E134/><V20/><F120/><W62/><G62/><T11/><D132/><U44/><E115/><V4/><F4/><W133/><G133/><T78/><D112/><U125/><E125/><V123/><F123/><W119/><G119/><T89/><D22/><U12/><E93/><V70/><F70/><W39/><G39/><T96/><D130/><U35/><E35/><V116/><F116/><W52/><REACH who="3" step="1"/><G107/><REACH who="3" ten="253,310,212,215" step="2"/><T14/><D129/><U104/><E104/><V101/><REACH who="2" step="1"/><F101/><AGARI ba="2,1" hai="52,57,60,63,66,71,72,76,83,95,99,101,121,122" machi="101" ten="30,11600,0" yaku="1,1,2,1,7,1,54,1,53,0" doraHai="100" doraHaiUra="24" who="3" fromWho="2" sc="253,0,310,0,212,-122,215,132" owari="253,-14.7,310,11.0,90,-41.0,347,44.7" /></mjloggm>