<mjloggm ver="2.3"><GO type="225" lobby="0"/><UN n0="%33%74%72%65%65" n1="%E3%82%BC%E3%83%AB%E3%83%80%E3%81%AE%E4%BC%9D%E8%AA%AC" n2="%E8%B6%85%E7%B4%9A%E9%B3%B3%E5%87%B0" n3="%E4%BF%BA%E3%81%A8%E5%A6%96%E5%A4%A2" dan="16,18,17,17" rate="2109.27,2197.35,2170.15,2172.73" sx="F,M,F,F"/><TAIKYOKU oya="0"/><INIT seed="0,0,0,3,3,84" ten="250,250,250,250" oya="0" hai0="88,125,26,40,1,28,52,123,104,83,15,79,114" hai1="77,81,118,100,99,11,85,73,89,86,98,8,5" hai2="94,0,38,132,4,63,107,37,129,41,32,67,127" hai3="46,13,64,106,76,134,18,130,128,116,59,9,48"/><T74/><D114/><U133/><E133/><V56/><F107/><W61/><G106/><T68/><D123/><U19/><E118/><V95/><F32/><W33/><G116/><T108/><D1/><U16/><E11/><V2/><F132/><W87/><G33/><T22/><D104/><U54/><E54/><V21/><F129/><W65/><G65/><T62/><D40/><U78/><E73/><V34/><F34/><W27/><G27/><T35/><D125/><U103/><E98/><V43/><F127/><W96/><G134/><T126/><D126/><U97/><E5/><V91/><F21/><W44/><G96/><N who="1" m="36938" /><E77/><V57/><F4/><W72/><G72/><T109/><D68/><U10/><E10/><V69/><F67/><W30/><G128/><T50/><D62/><U75/><E75/><V93/><F93/><W102/><G102/><N who="1" m="38954" /><E8/><V47/><F63/><W80/><G130/><T117/><D117/><U29/><E29/><V31/><F31/><W14/><G30/><T24/><D15/><U42/><E42/><V3/><F69/><W55/><G14/><T113/><D113/><U115/><E115/><V53/><F53/><W121/><REACH who="3" step="1"/><G121/><REACH who="3" ten="250,250,250,240" step="2"/><T12/><D12/><U111/><E111/><N who="0" m="42569" /><D26/><U58/><E58/><AGARI ba="0,1" hai="9,13,18,44,46,48,55,58,59,61,64,76,80,87" machi="58" ten="30,7700,0" yaku="1,1,7,1,8,1,53,1" doraHai="84" doraHaiUra="51" who="3" fromWho="1" sc="250,0,250,-77,250,0,240,87" /><INIT seed="1,0,0,3,2,125" ten="250,173,250,327" oya="1" hai0="30,26,58,24,118,94,107,81,23,88,112,71,47" hai1="128,126,65,2,95,130,79,60,49,4,33,54,59" hai2="27,74,52,0,121,3,9,45,78,44,41,103,21" hai3="51,32,6,69,38,16,72,28,83,75,22,86,76"/><U120/><E120/><V108/><F121/><W66/><G38/><T110/><D71/><U105/><E105/><V119/><F119/><W57/><G69/><T43/><D107/><U106/><E106/><V39/><F108/><W17/><G6/><T15/><D110/><U10/><E126/><V104/><F9/><W13/><G32/><T132/><D118/><U93/><E79/><V67/><F67/><W102/><G28/><T113/><D132/><U5/><E5/><V124/><F124/><W55/><G66/><T36/><D81/><U80/><E80/><V109/><F109/><W46/><G102/><T25/><D58/><N who="1" m="33103" /><E33/><V56/><F45/><W70/><G70/><T53/><D53/><U97/><E97/><V114/><F114/><W89/><G46/><T90/><D90/><U100/><E100/><V64/><F64/><W7/><G7/><T99/><REACH who="0" step="1"/><D30/><REACH who="0" ten="240,173,250,327" step="2"/><U133/><E133/><V61/><F104/><W35/><G89/><T68/><D68/><U1/><E1/><V96/><F0/><W134/><G134/><T14/><D14/><U8/><E8/><V131/><F3/><W87/><G83/><T98/><D98/><U84/><E84/><V135/><F96/><W115/><G87/><T63/><D63/><U73/><E73/><V77/><F74/><W85/><G85/><T29/><D29/><U31/><E31/><V82/><F82/><W101/><G86/><T37/><D37/><U62/><E62/><V117/><F61/><W116/><G75/><T12/><D12/><U122/><E122/><V91/><F135/><W20/><G72/><RYUUKYOKU ba="0,1" sc="240,15,173,15,250,-15,327,-15" hai0="15,23,24,25,26,36,43,47,88,94,99,112,113" hai1="2,4,10,59,60,65,93,95,128,130" /><INIT seed="1,1,1,5,4,21" ten="255,188,235,312" oya="1" hai0="115,18,96,2,71,24,16,91,34,49,7,35,47" hai1="125,97,30,36,105,60,126,38,124,86,93,90,123" hai2="120,4,135,63,72,56,67,43,114,37,48,118,104" hai3="8,132,3,121,15,112,45,101,28,44,0,61,31"/><U6/><E123/><V134/><F72/><W111/><G121/><T46/><D115/><U70/><E6/><V128/><F104/><W110/><G112/><T27/><D71/><U25/><E70/><V76/><F76/><W39/><G101/><T103/><D91/><U55/><E105/><V32/><F32/><W117/><G117/><T131/><D131/><U69/><E97/><V122/><F4/><W52/><G132/><N who="2" m="50729" /><F114/><W92/><G92/><N who="0" m="58759" /><D35/><N who="1" m="20943" /><E55/><N who="2" m="31847" /><F128/><W53/><G61/><T108/><D34/><U73/><E73/><V129/><F129/><W17/><G0/><T54/><D7/><U65/><AGARI ba="1,1" hai="36,38,60,65,69,86,90,93,124,125,126" m="20943" machi="65" ten="40,3900,0" yaku="18,1,52,1" doraHai="21" who="1" fromWho="1" sc="255,-14,188,52,235,-14,312,-14" /><INIT seed="1,2,0,5,2,119" ten="241,240,221,298" oya="1" hai0="120,13,57,71,135,95,87,20,41,121,79,109,98" hai1="40,63,96,94,101,93,32,48,51,30,116,126,24" hai2="34,122,114,8,44,15,54,85,128,75,73,99,22" hai3="83,49,130,81,91,77,131,90,1,70,0,113,60"/><U82/><E116/><V6/><F34/><W28/><G113/><T12/><D71/><U39/><E126/><V42/><F114/><W18/><G28/><T127/><D127/><U21/><E32/><V66/><F128/><N who="3" m="49195" /><G49/><T53/><D109/><U35/><E35/><V112/><F112/><W62/><G18/><T124/><D41/><U132/><E132/><V88/><F66/><N who="3" m="41287" /><G62/><N who="0" m="36143" /><D20/><U125/><E125/><V46/><F99/><W29/><G29/><T7/><D7/><U78/><E93/><V16/><F54/><W74/><G83/><N who="0" m="47615" /><D124/><U3/><E3/><AGARI ba="2,0" hai="0,1,3,74,77,81,90,91" m="41287,49195" machi="3" ten="30,1000,0" yaku="19,1" doraHai="119" who="3" fromWho="1" sc="241,0,240,-16,221,0,298,16" /><INIT seed="2,0,0,1,0,31" ten="241,224,221,314" oya="2" hai0="29,62,128,117,112,51,78,91,59,60,22,61,6" hai1="56,114,16,66,20,65,81,47,115,101,89,102,5" hai2="24,79,129,46,11,70,99,37,21,54,58,119,64" hai3="68,95,94,110,90,73,50,67,82,132,69,52,92"/><V86/><F119/><W27/><G110/><T34/><D112/><U10/><E115/><V36/><F129/><W25/><G132/><T28/><D117/><U121/><E114/><V85/><F11/><W14/><G14/><T43/><D128/><U130/><E130/><V120/><F120/><W9/><G9/><T122/><D122/><U105/><E121/><V17/><F99/><W108/><G108/><T49/><D34/><U72/><E47/><V74/><F74/><W39/><G39/><T107/><D107/><U57/><E105/><V7/><F7/><W26/><G67/><N who="1" m="25610" /><E72/><V84/><F79/><W98/><G73/><T33/><D33/><U35/><E35/><V3/><F3/><W126/><G126/><T109/><D78/><U131/><E131/><V15/><F46/><W116/><G116/><T106/><D106/><U134/><E134/><V76/><F76/><W77/><G77/><T45/><D109/><U80/><E10/><V12/><F37/><W55/><G55/><N who="0" m="32239" /><D6/><U0/><E5/><V32/><F32/><W135/><G135/><T42/><D42/><U23/><E23/><V83/><F36/><W125/><G125/><T88/><D22/><U40/><E40/><V13/><F70/><W104/><G104/><T8/><D8/><U96/><E0/><V48/><F64/><W53/><G53/><T93/><D91/><U38/><E38/><V97/><F83/><N who="1" m="31817" /><E89/><V44/><F44/><N who="3" m="27719" /><G82/><T19/><D19/><U124/><E124/><V63/><F63/><W18/><G18/><T41/><D41/><U2/><E2/><V75/><F75/><RYUUKYOKU ba="0,0" sc="241,10,224,-30,221,10,314,10" hai0="28,29,43,45,51,60,61,62,88,93" hai2="12,13,15,17,21,24,48,54,58,84,85,86,97" hai3="25,26,27,68,69,90,92,94,95,98" /><INIT seed="2,1,0,2,2,103" ten="251,194,231,324" oya="2" hai0="74,77,107,72,88,46,36,15,85,56,45,50,13" hai1="60,131,7,99,104,49,67,71,68,18,12,80,86" hai2="105,53,31,127,117,96,54,122,129,81,6,114,109" hai3="3,126,61,91,130,110,22,135,25,111,41,5,79"/><V21/><F114/><W57/><G126/><T59/><D107/><U16/><E71/><V58/><F117/><W93/><G135/><T65/><D72/><U55/><E131/><V70/><F70/><W24/><G130/><T44/><D36/><U52/><E7/><V29/><F129/><W95/><G79/><T1/><D1/><U100/><E49/><V112/><F112/><W125/><G125/><T20/><D74/><U92/><E92/><V28/><F127/><W102/><G41/><T128/><D128/><U115/><E115/><V133/><F122/><W51/><G51/><T64/><D77/><U19/><REACH who="1" step="1"/><E12/><REACH who="1" ten="251,184,231,324" step="2"/><V134/><F6/><W98/><G5/><T83/><D50/><U39/><E39/><V89/><F133/><W4/><G4/><T38/><D38/><U33/><E33/><V42/><F134/><W48/><G48/><T97/><D13/><U40/><E40/><V9/><F42/><W82/><G93/><T123/><D15/><U118/><E118/><V26/><F105/><W124/><G124/><T120/><D120/><U17/><N who="1" m="4096" /><DORA hai="2" /><U27/><E27/><V34/><F26/><W37/><G37/><T132/><D123/><U101/><E101/><V84/><F34/><W76/><G102/><T35/><D35/><U11/><E11/><V94/><F9/><W63/><G25/><T116/><D132/><U32/><E32/><V73/><F94/><W106/><G24/><T0/><D116/><U119/><E119/><V43/><F43/><W108/><G95/><T121/><D121/><U10/><E10/><V14/><F14/><RYUUKYOKU ba="1,1" sc="251,-10,184,30,231,-10,324,-10" hai1="52,55,60,67,68,80,86,99,100,104" /><INIT seed="3,2,1,0,5,42" ten="241,214,221,314" oya="3" hai0="38,12,88,93,27,122,21,70,107,28,32,16,68" hai1="17,92,3,50,132,72,61,37,11,121,101,125,115" hai2="55,66,133,35,13,85,91,29,79,8,95,109,2" hai3="84,31,10,119,19,71,62,49,53,130,111,58,44"/><W5/><G119/><T52/><D122/><U60/><E115/><V75/><F109/><W102/><G111/><T96/><D38/><U135/><E121/><V104/><F104/><W7/><G130/><T67/><D67/><U108/><E108/><V69/><F133/><N who="1" m="51273" /><E125/><V47/><F2/><W56/><G71/><T54/><D107/><U76/><E37/><V106/><F106/><W78/><G102/><T126/><D126/><U99/><E50/><V110/><F110/><W89/><G31/><T81/><D81/><N who="1" m="45191" /><E17/><V18/><F75/><W127/><G78/><T26/><D70/><U6/><AGARI ba="2,1" hai="3,6,11,60,61,92,99,101" m="45191,51273" machi="6" ten="30,1100,0" yaku="20,1" doraHai="42" who="1" fromWho="1" sc="241,-5,214,27,221,-5,314,-7" owari="236,-16.4,241,4.1,216,-28.4,307,40.7" /></mjloggm>