<mjloggm ver="2.3"><GO type="225" lobby="0"/><UN n0="%E3%81%BF%E3%81%BF%E3%81%9A" n1="%E7%B4%94%E6%BD%94%E3%83%94%E3%83%A9%E3%83%8B%E3%82%A2" n2="%E3%82%BC%E3%83%AB%E3%83%80%E3%81%AE%E4%BC%9D%E8%AA%AC" n3="%6D%75%75%6D%75%72%61" dan="17,17,16,16" rate="2195.84,2233.64,2152.72,2211.12" sx="M,M,M,F"/><TAIKYOKU oya="0"/><INIT seed="0,0,0,2,5,18" ten="250,250,250,250" oya="0" hai0="33,95,40,64,52,123,31,102,47,115,61,11,101" hai1="112,48,128,105,81,25,39,1,82,0,80,3,69" hai2="16,117,30,38,56,110,94,93,27,12,23,85,113" hai3="89,71,84,20,35,118,111,19,79,59,88,43,42"/><T49/><D115/><U119/><E112/><V63/><F110/><W121/><G118/><T86/><D123/><U106/><E119/><V21/><F113/><W14/><G71/><T97/><D33/><U135/><E69/><V99/><F117/><W75/><G111/><T58/><D31/><U26/><E39/><V55/><F38/><W6/><G35/><T131/><D131/><U45/><E128/><V133/><F133/><W109/><G109/><T57/><D86/><U130/><E135/><V122/><F122/><W54/><G75/><T129/><D129/><U70/><E70/><V96/><F85/><W28/><G121/><T10/><REACH who="0" step="1"/><D102/><REACH who="0" ten="240,250,250,250" step="2"/><U91/><E130/><V65/><F65/><W108/><G108/><T132/><D132/><U41/><REACH who="1" step="1"/><E91/><REACH who="1" ten="240,240,250,250" step="2"/><V103/><REACH who="2" step="1"/><F99/><REACH who="2" ten="240,240,240,250" step="2"/><W74/><G74/><T90/><D90/><U44/><E44/><V126/><F126/><W4/><G89/><T46/><D46/><U116/><E116/><V125/><F125/><W5/><G88/><T51/><AGARI ba="0,3" hai="10,11,40,47,49,51,52,57,58,61,64,95,97,101" machi="51" ten="20,12000,1" yaku="1,1,0,1,7,1,8,1,54,1,53,0" doraHai="18" doraHaiUra="32" who="0" fromWho="0" sc="240,150,240,-40,240,-40,250,-40" /><INIT seed="0,1,0,4,3,130" ten="390,200,200,210" oya="0" hai0="86,1,108,68,118,3,87,0,98,70,42,24,61" hai1="15,127,59,84,105,124,111,135,95,73,132,123,134" hai2="30,66,112,52,5,17,46,27,90,78,45,99,129" hai3="77,62,119,29,10,43,14,120,55,8,91,89,48"/><T50/><D118/><U33/><E33/><V72/><F112/><W114/><G119/><T107/><D24/><U81/><E105/><V75/><F129/><W40/><G114/><T4/><D4/><U121/><E59/><V104/><F5/><W125/><G125/><N who="1" m="48202" /><E111/><V80/><F75/><W97/><G120/><N who="1" m="46154" /><E15/><V63/><F17/><W25/><G77/><T23/><D23/><U36/><E36/><V85/><F99/><W69/><G69/><T109/><D42/><N who="3" m="15913" /><G62/><T16/><D50/><U131/><E131/><V26/><F104/><W44/><G97/><T103/><D16/><U51/><E51/><V53/><F45/><W110/><G110/><N who="0" m="42603" /><D61/><U74/><E95/><V65/><F46/><W18/><G8/><T83/><D86/><U67/><E67/><V93/><F65/><W115/><G115/><T56/><D56/><U79/><AGARI ba="1,0" hai="73,74,79,81,84,132,134,135" m="46154,48202" machi="79" ten="40,12000,2" yaku="20,1,18,1,34,2,52,3" doraHai="130" who="1" fromWho="1" sc="390,-61,200,123,200,-31,210,-31" /><INIT seed="1,0,0,3,1,11" ten="329,323,169,179" oya="1" hai0="13,38,25,114,102,61,129,53,117,130,104,18,0" hai1="55,94,50,57,45,77,17,79,66,63,89,71,47" hai2="87,96,90,73,123,10,46,107,37,132,12,20,31" hai3="121,126,100,125,7,19,9,48,70,44,127,40,120"/><U1/><E1/><V103/><F132/><W110/><G110/><T8/><D114/><U33/><E33/><V72/><F123/><W24/><G70/><T101/><D117/><U5/><E5/><V16/><F37/><W80/><G100/><T36/><D0/><U28/><E28/><V54/><F31/><W62/><G62/><T26/><D36/><U22/><E47/><V131/><F131/><N who="0" m="50186" /><D38/><U23/><E23/><V108/><F108/><W88/><G24/><N who="0" m="9323" /><D104/><U69/><E69/><V83/><F20/><W98/><G19/><T97/><D97/><N who="1" m="57551" /><E71/><V86/><F86/><N who="3" m="50247" /><G98/><T105/><D105/><U30/><E30/><V128/><F128/><W51/><G51/><AGARI ba="0,0" hai="10,12,16,46,51,54,72,73,83,87,90,96,103,107" machi="51" ten="40,8000,1" yaku="25,2,52,1,54,1" doraHai="11" who="2" fromWho="3" sc="329,0,323,0,169,80,179,-80" /><INIT seed="2,0,0,5,1,72" ten="329,323,249,99" oya="2" hai0="55,68,80,134,3,96,70,91,18,20,83,47,129" hai1="66,21,10,110,117,103,114,116,127,86,24,42,125" hai2="79,61,30,29,14,13,25,69,41,34,44,132,49" hai3="81,118,77,54,106,75,87,113,100,124,27,39,35"/><V52/><F132/><W45/><G118/><T2/><D134/><U12/><E103/><V82/><F29/><W122/><G122/><T65/><D129/><U73/><E73/><V92/><F92/><W62/><G124/><N who="1" m="47690" /><E42/><V95/><F95/><W11/><G113/><T32/><D32/><U112/><E66/><V57/><REACH who="2" step="1"/><F69/><REACH who="2" ten="329,323,239,99" step="2"/><W48/><G106/><T94/><D70/><U8/><E114/><V121/><F121/><W78/><G100/><T130/><D68/><U119/><E112/><V58/><F58/><W33/><G33/><T7/><D94/><U53/><E119/><V17/><F17/><W131/><G35/><T15/><D18/><U128/><E117/><V133/><F133/><W1/><G131/><T0/><D130/><U40/><E116/><V37/><F37/><W51/><G39/><T67/><D96/><U101/><E128/><V84/><AGARI ba="0,1" hai="13,14,25,30,34,41,44,49,52,57,61,79,82,84" machi="84" ten="20,18000,2" yaku="1,1,0,1,7,1,52,1,54,1,53,2" doraHai="72" doraHaiUra="9" who="2" fromWho="2" sc="329,-60,323,-60,239,190,99,-60" /><INIT seed="2,1,0,4,1,109" ten="269,263,429,39" oya="2" hai0="58,64,41,35,0,113,132,15,8,45,75,116,93" hai1="79,112,40,43,13,94,27,21,19,66,1,130,56" hai2="124,44,83,135,55,87,134,12,36,28,50,115,52" hai3="37,63,118,129,67,30,31,85,95,99,125,89,7"/><V49/><F124/><W82/><G118/><T59/><D75/><U111/><E1/><V18/><F115/><W84/><G129/><T114/><D35/><U77/><E111/><V29/><F36/><W3/><G37/><T106/><D106/><U133/><E112/><V11/><F135/><W102/><G125/><T6/><D132/><U126/><E130/><V26/><F26/><W119/><G119/><T117/><D0/><U127/><E133/><V101/><F101/><W69/><G3/><T20/><D117/><U120/><E120/><V107/><F107/><W96/><G7/><T110/><D116/><U90/><E126/><V86/><F134/><W22/><G99/><T10/><D110/><U108/><E108/><V25/><F25/><W47/><G47/><T53/><D20/><U92/><E92/><V51/><F87/><W74/><G22/><T78/><D10/><U14/><E66/><V122/><F122/><W24/><G24/><T91/><D78/><N who="1" m="29707" /><E56/><N who="2" m="32783" /><F50/><W54/><G74/><T39/><D59/><U5/><E127/><V71/><F71/><W33/><G33/><T98/><REACH who="0" step="1"/><D64/><REACH who="0" ten="259,263,429,39" step="2"/><U23/><E23/><V100/><F11/><W72/><G72/><T4/><D4/><U9/><E27/><V123/><F123/><W57/><REACH who="3" step="1"/><G85/><AGARI ba="1,1" hai="5,9,13,14,19,21,40,43,85,90,94" m="29707" machi="85" ten="30,1000,0" yaku="8,1" doraHai="109" who="1" fromWho="3" sc="259,0,263,23,429,0,39,-13" /><INIT seed="3,0,0,2,5,97" ten="259,286,429,26" oya="3" hai0="14,103,133,75,56,135,50,10,125,83,120,112,4" hai1="9,91,66,119,27,84,80,2,73,102,74,127,134" hai2="130,72,82,45,93,105,34,57,40,28,78,64,35" hai3="60,69,33,108,53,36,121,11,25,129,21,123,16"/><W98/><G129/><T63/><D120/><U61/><E102/><V92/><F105/><W113/><G113/><T124/><D50/><U31/><E119/><V19/><F130/><W131/><G131/><T117/><D117/><U46/><E127/><N who="0" m="48713" /><D83/><U58/><E134/><N who="0" m="51209" /><D75/><U101/><E101/><V8/><F8/><W68/><G36/><T77/><D77/><U109/><E109/><V71/><F71/><W104/><G108/><T132/><N who="0" m="51217" /><T42/><DORA hai="110" /><D42/><U22/><REACH who="1" step="1"/><E46/><REACH who="1" ten="259,276,429,26" step="2"/><V79/><F45/><W51/><G33/><T86/><D103/><U89/><E89/><V37/><F34/><W95/><G104/><T47/><D47/><U87/><E87/><V118/><F72/><W76/><G76/><T0/><D86/><U26/><E26/><V88/><F88/><W114/><G114/><T85/><D85/><U24/><E24/><V7/><F35/><W116/><G116/><T17/><D112/><U41/><E41/><V96/><F40/><W67/><G69/><T90/><D90/><U18/><E18/><V62/><F19/><W20/><G95/><T100/><D100/><U49/><E49/><V15/><F118/><W48/><G98/><T99/><D99/><U107/><E107/><V32/><F96/><W13/><G48/><T39/><D39/><U30/><E30/><V122/><F37/><W12/><G25/><T106/><D106/><U70/><E70/><V23/><F79/><W54/><G21/><N who="0" m="11447" /><D56/><U44/><E44/><V1/><F93/><W128/><G128/><T6/><D6/><AGARI ba="0,1" hai="2,6,9,22,27,31,58,61,66,73,74,80,84,91" machi="6" ten="40,2600,0" yaku="1,1,53,1" doraHai="97,110" doraHaiUra="5,115" who="1" fromWho="0" sc="259,-26,276,36,429,0,26,0" owari="233,-16.7,312,11.2,429,52.9,26,-47.4" /></mjloggm>