<mjloggm ver="2.3"><GO type="225" lobby="0"/><UN n0="%E3%81%B5%E3%81%98%E3%81%8B%E3%81%A4" n1="%E3%81%8B%E3%82%8F%E3%81%A1%E3%82%83%E3%82%93%35%38" n2="%E3%82%BF%E3%83%BC%E3%83%90%E3%83%B3%E9%87%8E%E5%8F%A3" n3="%E3%83%97%E3%83%AC%E3%83%B4%E3%82%A1%E3%83%86%E3%82%A3" dan="16,16,16,16" rate="2098.59,2167.55,2127.10,2068.88" sx="M,M,M,F"/><TAIKYOKU oya="0"/><INIT seed="0,0,0,5,4,102" ten="250,250,250,250" oya="0" hai0="89,120,29,76,78,50,105,96,11,128,75,14,2" hai1="20,42,62,22,56,115,17,7,91,39,112,9,44" hai2="113,24,45,40,60,94,57,131,63,8,82,54,101" hai3="123,132,73,59,125,79,34,107,126,72,121,133,93"/><T81/><D120/><N who="3" m="46153" /><G34/><T69/><D78/><U65/><E91/><V23/><F113/><W41/><G41/><T4/><D69/><U110/><E110/><V84/><F131/><W80/><G59/><T3/><D128/><U118/><E118/><V61/><F8/><W18/><G18/><T134/><D29/><U87/><E87/><V52/><F101/><W103/><G93/><T37/><D37/><U135/><E135/><N who="3" m="51786" /><G72/><T117/><D134/><U99/><E99/><AGARI ba="0,0" hai="73,79,80,99,103,107,125,126" m="51786,46153" machi="99" ten="40,12000,2" yaku="13,1,20,1,23,1,34,2,52,1" doraHai="102" who="3" fromWho="1" sc="250,0,250,-120,250,0,250,120" /><INIT seed="1,0,0,1,3,133" ten="250,130,250,370" oya="1" hai0="17,7,72,5,54,49,78,123,97,75,55,6,1" hai1="114,110,28,20,23,52,14,53,60,73,45,74,29" hai2="103,83,115,131,125,19,134,2,109,57,24,15,104" hai3="70,34,86,118,127,41,13,38,27,37,3,111,121"/><U129/><E114/><V80/><F2/><W31/><G3/><T12/><D1/><U124/><E60/><V95/><F104/><W100/><G121/><T58/><D123/><U40/><E14/><V105/><F105/><W33/><G111/><T94/><D78/><U46/><E40/><V32/><F109/><W82/><G118/><T36/><D36/><U91/><E110/><V9/><F57/><W96/><G34/><T126/><D126/><U102/><E91/><V116/><F116/><W42/><G70/><T99/><D55/><U120/><E120/><V76/><F125/><W77/><G127/><T59/><D59/><U63/><E124/><V61/><F61/><W25/><G25/><T106/><D106/><U132/><E63/><V10/><F10/><W51/><G13/><T47/><D99/><U11/><E11/><V108/><F108/><W113/><G113/><T88/><REACH who="0" step="1"/><D47/><REACH who="0" ten="240,130,250,370" step="2"/><U26/><E102/><V39/><F76/><W68/><G68/><T56/><D56/><U22/><E22/><AGARI ba="0,1" hai="5,6,7,12,17,22,49,54,58,72,75,88,94,97" machi="22" ten="40,5200,0" yaku="1,1,54,1,53,1" doraHai="133" doraHaiUra="87" who="0" fromWho="1" sc="240,62,130,-52,250,0,370,0" /><INIT seed="2,0,0,1,5,40" ten="302,78,250,370" oya="2" hai0="120,62,8,16,59,35,38,103,106,80,117,114,71" hai1="43,70,125,48,127,33,81,102,85,52,37,15,19" hai2="29,27,116,92,68,3,61,45,75,129,12,111,4" hai3="31,57,83,11,9,135,5,88,73,34,2,54,20"/><V79/><F116/><W6/><G135/><T22/><D120/><U99/><E70/><V26/><F129/><W126/><G126/><T13/><D114/><U49/><E33/><V134/><F3/><W66/><G66/><T89/><D71/><U94/><E37/><V98/><F134/><W32/><G73/><T17/><D35/><U95/><E127/><V101/><F111/><W63/><G31/><T97/><D38/><U46/><E125/><V100/><F75/><W56/><G20/><T51/><D51/><U105/><E48/><V44/><F79/><W91/><G83/><T39/><D39/><U21/><REACH who="1" step="1"/><E43/><REACH who="1" ten="302,68,250,370" step="2"/><V1/><F68/><W36/><G36/><T128/><D117/><U42/><E42/><V0/><F61/><W112/><G112/><T18/><D128/><U122/><E122/><V96/><F0/><W53/><G2/><T82/><D62/><AGARI ba="0,1" hai="5,6,9,11,32,34,53,54,56,57,62,63,88,91" machi="62" ten="25,3200,0" yaku="22,2,54,1" doraHai="40" who="3" fromWho="0" sc="302,-32,68,0,250,0,370,42" /><INIT seed="3,0,0,0,4,116" ten="270,68,250,412" oya="3" hai0="118,12,17,130,85,3,77,60,7,93,40,50,124" hai1="33,22,30,55,111,82,27,56,34,88,135,74,32" hai2="122,107,121,106,46,114,1,58,97,41,6,81,83" hai3="29,75,113,48,78,112,72,129,84,18,20,115,68"/><W104/><G68/><T91/><D118/><U35/><N who="1" m="8192" /><DORA hai="119" /><U76/><E56/><V53/><F114/><W105/><G29/><T125/><D130/><U19/><E55/><V65/><F65/><W92/><G48/><T108/><D108/><U39/><E39/><N who="2" m="21823" /><F6/><W127/><G20/><N who="0" m="11303" /><D77/><U67/><E67/><V90/><F1/><W45/><G18/><T37/><D37/><U61/><E61/><N who="2" m="36047" /><F90/><N who="3" m="53319" /><G45/><N who="0" m="25895" /><D3/><U102/><E102/><N who="2" m="62799" /><F107/><N who="3" m="41035" /><G129/><T117/><D7/><U13/><E111/><V23/><F23/><W73/><G127/><N who="0" m="48715" /><D117/><U101/><E101/><V44/><F44/><W4/><G4/><T24/><D24/><U52/><E135/><V62/><F62/><AGARI ba="0,0" hai="60,62,85,91,93" m="48715,25895,11303" machi="62" ten="30,1000,0" yaku="18,1" doraHai="116,119" who="0" fromWho="2" sc="270,10,68,0,250,-10,412,0" owari="280,8.0,68,-43.2,240,-16.0,412,51.2" /></mjloggm>