<mjloggm ver="2.3"><GO type="225" lobby="0"/><UN n0="%E3%83%99%E3%83%AB%E3%83%A2%E3%83%83%E3%83%88" n1="%E5%8D%A0%E3%81%84%E5%B8%AB%E8%A3%8F%E3%81%AA%E3%81%84%E3%81%97" n2="%E6%B8%A9%E2%98%85%E6%83%85%E2%98%85%E6%8E%AA%E2%98%85%E7%BD%AE" n3="%E6%9D%B1%E9%A2%A8%E3%81%AE%E3%81%8D%E3%82%83%E3%81%B7%E3%81%95%E3%82%93" dan="16,16,17,16" rate="2100.19,2168.22,2204.50,2212.99" sx="M,M,M,M"/><TAIKYOKU oya="0"/><INIT seed="0,0,0,5,4,74" ten="250,250,250,250" oya="0" hai0="70,94,12,6,88,42,48,60,117,85,3,33,119" hai1="4,50,100,122,97,35,24,30,125,79,116,52,36" hai2="134,49,126,75,31,63,59,16,10,72,57,73,62" hai3="107,89,26,44,65,98,23,7,53,28,9,68,129"/><T124/><D33/><U91/><E116/><V61/><F134/><W41/><G129/><T67/><D124/><U102/><E122/><V29/><F126/><W11/><G53/><T127/><D127/><U66/><E36/><V131/><F131/><W8/><G65/><T92/><D3/><U56/><E125/><V39/><F39/><W103/><G89/><T128/><D128/><U69/><E4/><V45/><F10/><W21/><G68/><T105/><D105/><U51/><E51/><V78/><F16/><W84/><G84/><T113/><D113/><U81/><E91/><V118/><F118/><W13/><REACH who="3" step="1"/><G21/><REACH who="3" ten="250,250,250,240" step="2"/><T38/><D38/><AGARI ba="0,1" hai="7,8,9,11,13,23,26,28,38,41,44,98,103,107" machi="38" ten="30,3900,0" yaku="1,1,2,1,7,1,53,0" doraHai="74" doraHaiUra="80" who="3" fromWho="0" sc="250,-39,250,0,250,0,240,49" /><INIT seed="1,0,0,4,0,45" ten="211,250,250,289" oya="1" hai0="69,3,41,134,81,12,132,114,70,61,56,27,17" hai1="112,38,119,18,9,10,104,52,115,103,26,94,66" hai2="73,15,74,85,127,90,30,131,123,102,39,16,111" hai3="5,1,124,96,78,71,24,31,21,100,53,63,108"/><U133/><E119/><V0/><F0/><W101/><G108/><T60/><D3/><U51/><E38/><V55/><F123/><W8/><G124/><T48/><D114/><U68/><E104/><V98/><F39/><W121/><G121/><T29/><D81/><U64/><E68/><N who="0" m="26217" /><D27/><U75/><E75/><V22/><F111/><W19/><G78/><T87/><D29/><U50/><E133/><N who="0" m="51305" /><D87/><U36/><E36/><V92/><F131/><W67/><G53/><N who="0" m="31783" /><D41/><U97/><E112/><V62/><F127/><W110/><G110/><T129/><D129/><U23/><E115/><V7/><F7/><W57/><G71/><T20/><AGARI ba="0,0" hai="12,17,20,60,61" m="31783,51305,26217" machi="20" ten="30,2000,0" yaku="20,1,52,1" doraHai="45" who="0" fromWho="0" sc="211,20,250,-10,250,-5,289,-5" /><INIT seed="2,0,0,0,3,116" ten="231,240,245,284" oya="2" hai0="133,50,81,54,1,24,44,46,84,118,121,109,112" hai1="30,29,55,13,71,0,88,67,41,128,110,15,77" hai2="73,106,74,115,70,28,10,47,31,26,48,131,40" hai3="80,65,16,100,20,49,91,4,129,78,99,36,17"/><V34/><F115/><W124/><G36/><T113/><D118/><U96/><E0/><V3/><F131/><W125/><G129/><T18/><D1/><U35/><E128/><V33/><F106/><W7/><G91/><T38/><D133/><U130/><E130/><V64/><F64/><W89/><G89/><T104/><D104/><U51/><E110/><V97/><F70/><W107/><G49/><T68/><D68/><U9/><E77/><V27/><REACH who="2" step="1"/><F97/><REACH who="2" ten="231,240,235,284" step="2"/><W59/><G65/><T117/><D113/><U92/><E67/><V42/><F42/><W56/><G99/><T60/><D112/><U134/><E41/><V83/><F83/><W135/><G80/><T127/><D117/><U8/><E71/><V94/><F94/><W58/><G135/><T122/><D81/><U37/><E134/><V66/><F66/><W98/><G107/><T75/><D121/><U123/><E123/><V79/><F79/><W12/><G78/><T72/><D122/><U45/><E37/><V2/><F2/><W21/><G98/><T5/><D38/><U103/><E103/><V105/><F105/><W61/><G100/><T57/><D75/><U86/><E96/><V108/><F108/><W43/><G43/><T11/><D72/><U132/><E132/><V62/><F62/><W120/><G61/><T82/><D60/><U63/><E63/><V32/><F32/><W6/><G120/><T95/><D82/><U76/><E76/><V119/><F119/><W25/><AGARI ba="0,1" hai="4,6,7,12,16,17,20,21,25,56,58,59,124,125" machi="25" ten="40,2700,0" yaku="0,1,54,1" doraHai="116" who="3" fromWho="3" sc="231,-7,240,-7,235,-13,284,37" /><INIT seed="3,0,0,5,2,81" ten="224,233,222,321" oya="3" hai0="74,98,28,76,45,68,30,14,20,80,61,9,47" hai1="111,88,131,70,15,110,101,27,75,3,83,132,128" hai2="0,43,93,31,32,86,112,10,62,108,69,4,53" hai3="52,46,79,89,11,133,58,71,107,96,50,64,84"/><W103/><G133/><T95/><D68/><U5/><E3/><V129/><F112/><W73/><G71/><T35/><D35/><U34/><E132/><V38/><F108/><N who="1" m="41513" /><E70/><V72/><F72/><W130/><G130/><T122/><D122/><U99/><E5/><V109/><F109/><W104/><G104/><T116/><D61/><U60/><E60/><V127/><F129/><W66/><G11/><T85/><D74/><U121/><E15/><V77/><F127/><W13/><G13/><T42/><D20/><U106/><E121/><V17/><F17/><W39/><G79/><T12/><D12/><U24/><E24/><V91/><F77/><W41/><G73/><T59/><D59/><U55/><E55/><V1/><F1/><W125/><G125/><T25/><D116/><U63/><E63/><V2/><F2/><W40/><G40/><T57/><D57/><U29/><E75/><V36/><F43/><W124/><G124/><T120/><D120/><U115/><E115/><V23/><F32/><W26/><G26/><T87/><D25/><U51/><E51/><V117/><F117/><W33/><G33/><T19/><D87/><AGARI ba="0,0" hai="27,29,34,83,87,88,99,101,106,128,131" m="41513" machi="87" ten="30,3900,0" yaku="14,1,52,1,54,1" doraHai="81" who="1" fromWho="0" sc="224,-39,233,39,222,0,321,0" owari="185,-31.5,272,7.2,222,-17.8,321,42.1" /></mjloggm>