<mjloggm ver="2.3"><GO type="225" lobby="0"/><UN n0="%E3%83%A9%E3%83%9E%E3%83%BC%E7%9A%87%E5%AD%90" n1="%E5%8F%AF%E5%85%90%E9%82%A3%E7%94%B1%E5%A4%9A" n2="%6D%75%75%6D%75%72%61" n3="%61%69%73%79%6F" dan="17,17,17,17" rate="2228.70,2230.85,2178.96,2234.96" sx="M,F,F,M"/><TAIKYOKU oya="0"/><INIT seed="0,0,0,4,5,61" ten="250,250,250,250" oya="0" hai0="120,105,21,63,40,44,109,111,67,117,73,110,15" hai1="87,4,74,18,26,77,118,9,39,80,101,54,123" hai2="92,121,58,5,23,13,20,133,89,114,95,126,75" hai3="90,34,91,46,81,11,108,78,43,62,134,1,103"/><T50/><D117/><U65/><E118/><V53/><F121/><W33/><G134/><T59/><D73/><U112/><E123/><V86/><F114/><W7/><G108/><T25/><D105/><U71/><E112/><V3/><F75/><W32/><G103/><T69/><D15/><U132/><E132/><V129/><F129/><W14/><G62/><T127/><D127/><U104/><E39/><V85/><F3/><W98/><G98/><T84/><D120/><U131/><E131/><V68/><F68/><W60/><G60/><T119/><D119/><U124/><E124/><V35/><F35/><W37/><REACH who="3" step="1"/><G14/><REACH who="3" ten="250,250,250,240" step="2"/><T66/><D69/><U93/><E101/><V100/><F133/><W29/><G29/><N who="0" m="17583" /><D84/><AGARI ba="0,1" hai="1,7,11,32,33,34,37,43,46,78,81,84,90,91" machi="84" ten="40,1300,0" yaku="1,1,53,0" doraHai="61" doraHaiUra="116" who="3" fromWho="0" sc="250,-13,250,0,250,0,240,23" /><INIT seed="1,0,0,5,3,106" ten="237,250,250,263" oya="1" hai0="92,4,114,54,65,76,50,6,130,36,60,58,117" hai1="72,101,18,19,97,88,118,13,73,103,28,21,14" hai2="78,33,77,2,89,38,11,74,93,87,85,68,128" hai3="95,39,46,90,61,1,59,47,107,83,35,98,105"/><U45/><E118/><V115/><F128/><W109/><G35/><T48/><D117/><U24/><E45/><V69/><F33/><W29/><G29/><T108/><D36/><U37/><E37/><V12/><F2/><W67/><G1/><T125/><D114/><U84/><E13/><V81/><F115/><W27/><G27/><T80/><D130/><U7/><E7/><V82/><REACH who="2" step="1"/><F38/><REACH who="2" ten="237,250,240,263" step="2"/><W79/><G39/><T120/><D120/><U56/><E56/><V116/><F116/><W22/><G109/><T31/><D108/><U86/><E19/><AGARI ba="0,1" hai="11,12,19,68,69,74,77,78,81,82,85,87,89,93" machi="19" ten="30,3900,0" yaku="1,1,7,1,52,1,53,0" doraHai="106" doraHaiUra="123" who="2" fromWho="1" sc="237,0,250,-39,240,49,263,0" /><INIT seed="2,0,0,3,4,87" ten="237,211,289,263" oya="2" hai0="35,60,134,40,24,116,101,10,91,98,109,44,22" hai1="107,33,25,14,61,66,85,59,28,34,41,74,23" hai2="133,53,93,121,31,57,38,68,75,13,88,127,62" hai3="49,45,37,11,90,3,135,29,5,42,32,26,108"/><V0/><F121/><W84/><G108/><T130/><D109/><U126/><E74/><V21/><F0/><W81/><REACH who="3" step="1"/><G135/><REACH who="3" ten="237,211,289,253" step="2"/><T4/><D134/><U54/><E126/><V17/><F127/><W50/><AGARI ba="0,1" hai="3,5,11,26,29,32,37,42,45,49,50,81,84,90" machi="50" ten="30,8000,1" yaku="1,1,2,1,0,1,52,1,53,1" doraHai="87" doraHaiUra="1" who="3" fromWho="3" sc="237,-20,211,-20,289,-40,253,90" /><INIT seed="3,0,0,4,3,52" ten="217,191,249,343" oya="3" hai0="10,51,1,30,83,44,74,75,21,11,33,58,90" hai1="130,41,35,56,28,79,45,16,70,5,63,2,65" hai2="36,39,69,135,62,119,104,107,19,59,106,98,6" hai3="76,46,89,73,23,112,92,118,8,22,127,50,122"/><W80/><G122/><T26/><D33/><U7/><E130/><V25/><F119/><W24/><G118/><T86/><D1/><U49/><E2/><V94/><F69/><W105/><G105/><T84/><D58/><U113/><E113/><V96/><F6/><W77/><G127/><T55/><D75/><U31/><E79/><V66/><F98/><W13/><G76/><N who="0" m="46183" /><D74/><U116/><E116/><V37/><F135/><W3/><G112/><T101/><D101/><U125/><E125/><V48/><F48/><W61/><G61/><T110/><D110/><U117/><E117/><V34/><F36/><W18/><G24/><T123/><D123/><U71/><E71/><V53/><F66/><W133/><G133/><T57/><D44/><U67/><E67/><V128/><F128/><W47/><G47/><T0/><D0/><U68/><E68/><V88/><F34/><W95/><G95/><AGARI ba="0,0" hai="10,11,21,26,30,51,55,57,86,90,95" m="46183" machi="95" ten="30,2000,0" yaku="8,1,52,1" doraHai="52" who="0" fromWho="3" sc="217,20,191,0,249,0,343,-20" owari="237,-16.3,191,-30.9,249,4.9,323,42.3" /></mjloggm>