<mjloggm ver="2.3"><GO type="225" lobby="0"/><UN n0="%E3%82%B7%E3%83%B3%E5%A4%AA%E6%9C%97" n1="%E6%B8%A9%E2%98%85%E6%83%85%E2%98%85%E6%8E%AA%E2%98%85%E7%BD%AE" n2="%E3%81%B2%E3%81%BE%E3%81%A4%E3%81%B6%E3%81%97" n3="%2D%E8%B1%8A%E5%8F%A3%E3%82%81%E3%81%90%E3%81%BF%2D" dan="16,17,17,16" rate="2184.96,2241.54,2182.35,2098.33" sx="M,M,M,F"/><TAIKYOKU oya="0"/><INIT seed="0,0,0,4,0,14" ten="250,250,250,250" oya="0" hai0="80,87,0,121,23,128,8,108,5,28,38,6,135" hai1="19,78,44,79,119,104,68,91,51,7,106,132,48" hai2="17,10,69,30,52,123,31,71,58,4,101,125,25" hai3="90,109,46,88,47,53,16,94,21,112,95,43,97"/><T133/><D38/><U57/><E119/><V70/><F123/><W122/><G109/><T61/><D121/><U98/><E68/><V1/><F125/><W107/><G122/><T83/><D128/><U111/><E111/><V110/><F110/><W124/><G124/><T35/><D108/><U134/><E7/><V86/><F101/><W92/><G112/><T9/><D35/><U103/><E106/><V41/><F86/><W66/><G66/><T20/><D61/><U24/><E91/><V59/><F59/><W126/><G126/><T116/><D116/><U73/><E57/><V40/><F31/><W22/><G22/><T85/><REACH who="0" step="1"/><D28/><REACH who="0" ten="240,250,250,250" step="2"/><U118/><E118/><V63/><REACH who="2" step="1"/><F30/><REACH who="2" ten="240,250,240,250" step="2"/><W32/><G32/><T65/><D65/><U76/><E134/><V102/><F102/><W120/><G120/><T39/><D39/><U36/><E132/><V81/><F81/><W127/><G127/><T131/><D131/><U105/><E36/><V50/><F50/><N who="3" m="26975" /><G97/><T117/><D117/><U34/><E98/><V12/><F12/><N who="3" m="9351" /><G107/><T89/><D89/><U113/><E105/><V99/><F99/><W27/><G27/><T115/><D115/><U33/><E113/><V11/><F11/><W67/><G67/><T129/><D129/><U45/><E104/><V37/><F37/><W54/><G90/><T29/><D29/><N who="1" m="19623" /><E34/><V18/><F18/><W96/><G96/><T130/><D130/><U3/><E19/><V15/><F15/><W56/><G88/><T74/><D74/><U2/><E73/><V100/><F100/><W42/><G95/><T26/><D26/><RYUUKYOKU ba="0,2" sc="240,15,250,-15,240,15,250,-15" hai0="0,5,6,8,9,20,23,80,83,85,87,133,135" hai2="1,4,10,17,25,40,41,52,58,63,69,70,71" /><INIT seed="0,1,2,3,3,53" ten="255,235,255,235" oya="0" hai0="6,38,95,129,105,73,7,117,110,89,118,82,100" hai1="63,92,54,111,21,28,88,30,16,50,108,70,83" hai2="106,12,101,25,127,20,134,62,44,34,14,131,113" hai3="69,102,52,122,121,112,77,27,109,79,19,4,75"/><T66/><D38/><U33/><E83/><V49/><F113/><W39/><G112/><T22/><D66/><N who="1" m="41311" /><E33/><V80/><F127/><W76/><G69/><T78/><D129/><U126/><E126/><V32/><F131/><W11/><G39/><T93/><D22/><U124/><E124/><V10/><F134/><W72/><G102/><T13/><D13/><N who="1" m="9359" /><E54/><V18/><F34/><W45/><G19/><T42/><D42/><U65/><E50/><V103/><F32/><W81/><G27/><T60/><D60/><U51/><E51/><V114/><F114/><W8/><G8/><T87/><D110/><N who="1" m="42027" /><E65/><V71/><F71/><W55/><G109/><T132/><D132/><U3/><E3/><V116/><F116/><N who="0" m="44650" /><D95/><U35/><E35/><V36/><F36/><W41/><G55/><T61/><D61/><U90/><E90/><V37/><F37/><N who="3" m="21679" /><G52/><T9/><D9/><U58/><E58/><V40/><F62/><W64/><G64/><T84/><D84/><AGARI ba="1,2" hai="28,30,84,88,92" m="42027,9359,41311" machi="84" ten="30,3900,0" yaku="14,1,54,2" doraHai="53" who="1" fromWho="0" sc="255,-42,235,62,255,0,235,0" /><INIT seed="1,0,0,4,5,67" ten="213,297,255,235" oya="1" hai0="123,122,10,113,128,43,24,90,119,38,16,32,77" hai1="129,1,0,71,4,26,7,27,135,28,2,87,49" hai2="74,73,6,127,61,46,92,70,124,39,57,115,134" hai3="116,101,13,18,98,102,50,103,53,45,99,78,42"/><U8/><E71/><V5/><F92/><W20/><G116/><T23/><D119/><U29/><E87/><V66/><F134/><W125/><G125/><N who="2" m="48201" /><F115/><W72/><G72/><N who="2" m="27753" /><F57/><W36/><REACH who="3" step="1"/><G78/><REACH who="3" ten="213,297,255,225" step="2"/><T126/><D77/><U40/><E135/><V131/><F131/><W58/><AGARI ba="0,1" hai="13,18,20,36,42,45,50,53,58,98,99,101,102,103" machi="58" ten="30,4000,0" yaku="1,1,2,1,0,1,53,0" doraHai="67" doraHaiUra="133" who="3" fromWho="3" sc="213,-10,297,-20,255,-10,225,50" /><INIT seed="2,0,0,4,4,42" ten="203,277,245,275" oya="2" hai0="132,17,66,133,107,45,105,76,33,101,74,35,118" hai1="125,1,50,109,116,48,112,57,26,77,71,100,126" hai2="29,115,63,32,92,114,28,75,36,2,27,120,24" hai3="129,15,23,123,135,62,64,18,22,31,134,16,124"/><V21/><F120/><W54/><G123/><T106/><D118/><U6/><E116/><V55/><F75/><W86/><G124/><N who="1" m="47722" /><E112/><V11/><F36/><W52/><G31/><T85/><D101/><U83/><E71/><V9/><F92/><W0/><G0/><T44/><D66/><U122/><E122/><V10/><REACH who="2" step="1"/><F2/><REACH who="2" ten="203,277,235,275" step="2"/><W79/><G129/><T96/><D74/><U97/><E1/><V61/><F61/><W58/><G134/><N who="0" m="51819" /><D96/><U3/><E97/><V131/><F131/><W104/><G135/><T12/><D85/><U93/><E3/><V73/><F73/><W8/><G104/><T30/><D76/><U43/><E77/><V117/><F117/><W91/><G79/><T47/><D30/><U69/><E93/><V56/><AGARI ba="0,1" hai="9,10,11,21,24,27,28,29,32,55,56,63,114,115" machi="56" ten="30,3000,0" yaku="1,1,0,1,53,0" doraHai="42" doraHaiUra="84" who="2" fromWho="2" sc="203,-10,277,-10,235,40,275,-10" /><INIT seed="2,1,0,5,4,93" ten="193,267,275,265" oya="2" hai0="44,96,6,68,64,104,91,119,52,100,26,126,29" hai1="38,70,86,75,50,56,94,92,77,37,123,110,9" hai2="49,40,101,43,124,73,115,5,35,69,132,90,113" hai3="109,88,25,32,47,106,46,135,81,45,1,84,33"/><V98/><F69/><W54/><G1/><T128/><D126/><U31/><E70/><V15/><F124/><W39/><G109/><T21/><D128/><U61/><E110/><V99/><F73/><W111/><G111/><T129/><D129/><U27/><E75/><V107/><F35/><W20/><G135/><T19/><D119/><U55/><E123/><V12/><F132/><W120/><G120/><T121/><D121/><U8/><E38/><V74/><F74/><W63/><G106/><T13/><D6/><U133/><E37/><V134/><F134/><W76/><G39/><T130/><D130/><U82/><E133/><V28/><F28/><W127/><G127/><T87/><D64/><U51/><E9/><V116/><F116/><W71/><G76/><T42/><D68/><U95/><REACH who="1" step="1"/><E8/><REACH who="1" ten="193,257,275,265" step="2"/><V122/><F122/><W36/><G36/><T131/><D131/><U66/><E66/><V23/><F115/><W4/><G4/><T65/><D65/><U48/><E48/><V24/><F113/><W114/><G114/><T72/><D72/><U60/><E60/><V58/><F5/><W10/><G10/><T2/><D2/><U78/><E78/><V57/><F49/><W62/><G71/><T117/><D117/><U3/><E3/><V97/><F107/><W103/><G63/><T89/><D42/><N who="2" m="15914" /><F101/><W22/><G103/><T102/><D100/><U34/><AGARI ba="1,1" hai="27,31,34,50,51,55,56,61,77,82,86,92,94,95" machi="34" ten="30,4000,0" yaku="1,1,0,1,53,1" doraHai="93" doraHaiUra="80" who="1" fromWho="1" sc="193,-11,257,53,275,-21,265,-11" /><INIT seed="3,0,0,4,4,53" ten="182,310,254,254" oya="3" hai0="122,1,100,43,34,90,80,50,75,58,104,24,121" hai1="77,135,63,91,108,13,107,112,99,40,3,119,82" hai2="65,74,93,38,15,59,41,64,9,103,66,118,132" hai3="23,125,32,11,57,45,110,46,26,123,44,39,92"/><W10/><G123/><T101/><D1/><U61/><E3/><V4/><F74/><W83/><G125/><T68/><D68/><U70/><E112/><V52/><F118/><W114/><G114/><T85/><D75/><U78/><E40/><V21/><F132/><W109/><G32/><T106/><D101/><U30/><E30/><V67/><F67/><W29/><G83/><T97/><D106/><U0/><E0/><V42/><F38/><W111/><G39/><T54/><REACH who="0" step="1"/><D43/><REACH who="0" ten="172,310,254,254" step="2"/><U31/><E107/><V73/><F73/><W96/><G57/><T56/><D56/><U102/><E102/><AGARI ba="0,1" hai="10,11,23,26,29,44,45,46,92,96,102,109,110,111" machi="102" ten="50,4800,0" yaku="14,1,10,1" doraHai="53" who="3" fromWho="1" sc="172,0,310,-48,254,0,254,58" owari="172,-32.8,262,6.2,254,-14.6,312,41.2" /></mjloggm>