<mjloggm ver="2.3"><GO type="225" lobby="0"/><UN n0="%72%65%6E%6B%75%6E" n1="%6D%75%75%6D%75%72%61" n2="%E3%81%A8%E3%82%93%E3%81%A8%E3%81%93%E3%81%A8%E3%82%93" n3="%E3%81%AA%E3%81%8A%E3%81%A8%4E%4D%42" dan="17,16,16,16" rate="2262.97,2147.39,2170.63,2144.49" sx="M,F,F,M"/><TAIKYOKU oya="0"/><INIT seed="0,0,0,0,2,6" ten="250,250,250,250" oya="0" hai0="34,19,72,114,71,33,24,104,97,66,20,92,83" hai1="52,109,133,36,56,94,54,74,75,70,63,64,38" hai2="41,91,11,50,61,82,124,45,8,35,101,80,105" hai3="22,69,106,16,112,7,119,108,29,93,123,1,23"/><T110/><D114/><U115/><E115/><V117/><F35/><W118/><G69/><T132/><D104/><U98/><E109/><V27/><F124/><W58/><G93/><T78/><D110/><U128/><E128/><V121/><F121/><W116/><G123/><T122/><D122/><U60/><E54/><V32/><F117/><W127/><G58/><T53/><D132/><U135/><E135/><V15/><F105/><W30/><G108/><T130/><D130/><U0/><E0/><V100/><F61/><W42/><G42/><T46/><D66/><U76/><E133/><V12/><F27/><N who="3" m="14791" /><G106/><T21/><D71/><U13/><E13/><N who="2" m="5195" /><F32/><W134/><G134/><T51/><REACH who="0" step="1"/><D20/><REACH who="0" ten="240,250,250,250" step="2"/><U31/><E64/><V89/><F82/><W57/><G23/><T26/><D26/><U131/><E70/><V84/><F91/><AGARI ba="0,1" hai="19,21,24,33,34,46,51,53,72,78,83,91,92,97" machi="91" ten="30,5800,0" yaku="1,1,7,1,53,1" doraHai="6" doraHaiUra="95" who="0" fromWho="2" sc="240,68,250,0,250,-58,250,0" /><INIT seed="0,1,0,5,2,106" ten="308,250,192,250" oya="0" hai0="119,135,66,48,2,21,90,49,65,1,42,91,19" hai1="29,74,8,32,57,94,5,43,123,56,36,95,30" hai2="114,97,0,6,60,69,88,58,34,82,45,27,84" hai3="109,107,26,129,4,130,133,20,75,96,10,41,86"/><T23/><D119/><U115/><E123/><V50/><F69/><W61/><G41/><T25/><D42/><U54/><E115/><V35/><F114/><W104/><G61/><T51/><D135/><U118/><E118/><V121/><F121/><W77/><G86/><T33/><D33/><U28/><E32/><V108/><F108/><W76/><G109/><T73/><D73/><U24/><E24/><V93/><F27/><W53/><G53/><T112/><D112/><U46/><E74/><V55/><F6/><W44/><G44/><T99/><D21/><U101/><E101/><V64/><REACH who="2" step="1"/><F0/><REACH who="2" ten="308,250,182,250" step="2"/><N who="3" m="263" /><G133/><T83/><D2/><U9/><E5/><V18/><F18/><W62/><G26/><T68/><D1/><U92/><REACH who="1" step="1"/><E56/><REACH who="1" ten="308,240,182,250" step="2"/><V14/><F14/><W16/><G129/><T47/><D68/><U78/><E78/><AGARI ba="1,2" hai="34,35,45,50,55,58,60,64,78,82,84,88,93,97" machi="78" ten="30,7700,0" yaku="1,1,7,1,54,1,53,1" doraHai="106" doraHaiUra="59" who="2" fromWho="1" sc="308,0,240,-80,182,100,250,0" /><INIT seed="1,0,0,3,3,44" ten="308,160,282,250" oya="1" hai0="102,117,124,113,43,47,73,13,126,100,111,3,60" hai1="82,46,103,4,36,1,101,54,69,65,123,81,49" hai2="28,72,107,120,84,58,77,104,38,10,95,64,98" hai3="5,127,0,7,87,34,112,66,109,21,40,16,52"/><U25/><E123/><V74/><F38/><W91/><G112/><T108/><D3/><U8/><E36/><V37/><F37/><W33/><G40/><T50/><D73/><U94/><E25/><V15/><F28/><W115/><G115/><T2/><D2/><U62/><REACH who="1" step="1"/><E94/><REACH who="1" ten="308,150,282,250" step="2"/><V24/><F24/><N who="3" m="14375" /><G127/><T122/><D122/><U118/><E118/><V39/><F39/><W23/><G34/><T35/><D113/><U134/><E134/><V116/><F95/><W90/><G33/><T26/><D35/><U41/><E41/><V56/><F116/><W9/><G109/><N who="0" m="42059" /><D26/><U18/><E18/><V119/><F119/><W128/><G7/><T121/><D117/><U106/><E106/><V76/><F107/><W133/><G5/><T45/><D121/><U31/><E31/><V92/><F104/><W71/><G133/><T57/><D124/><U129/><E129/><V97/><F92/><W14/><G128/><T99/><D126/><U85/><E85/><V75/><F84/><W11/><G87/><T83/><D83/><AGARI ba="0,1" hai="1,4,8,46,49,54,62,65,69,81,82,83,101,103" machi="83" ten="40,3900,0" yaku="1,1,52,1,53,0" doraHai="44" doraHaiUra="70" who="1" fromWho="0" sc="308,-39,150,49,282,0,250,0" /><INIT seed="1,1,0,1,0,86" ten="269,199,282,250" oya="1" hai0="103,4,24,35,85,74,88,123,27,114,12,93,62" hai1="117,130,129,5,39,90,81,122,10,134,25,13,102" hai2="54,95,119,106,82,133,2,99,34,70,38,22,23" hai3="9,20,94,3,55,87,42,8,97,78,96,121,108"/><U92/><E117/><V68/><F2/><W101/><G108/><T41/><D74/><U125/><E122/><V29/><F106/><W126/><G126/><T60/><D114/><U118/><E118/><V120/><F38/><W75/><G75/><T57/><D123/><U61/><E125/><V21/><F119/><W28/><G42/><T80/><D41/><U69/><E39/><V89/><F133/><W44/><G3/><T63/><D35/><U50/><E134/><V37/><F37/><W33/><G33/><T116/><D116/><U52/><E102/><V18/><F18/><W115/><G115/><T49/><D49/><U17/><E81/><V110/><F110/><W1/><G1/><T43/><D43/><U36/><E36/><V84/><F54/><W15/><G55/><T67/><D57/><N who="1" m="34983" /><E69/><V7/><F7/><W124/><G44/><T46/><D46/><U111/><E50/><V104/><F104/><W40/><G40/><T83/><D67/><U26/><E111/><V112/><F112/><W32/><G32/><T131/><D131/><N who="1" m="50187" /><E17/><V73/><F73/><W105/><G124/><T19/><D4/><U14/><E14/><V100/><REACH who="2" step="1"/><F120/><REACH who="2" ten="269,199,272,250" step="2"/><W132/><G121/><T64/><D64/><U16/><E5/><V56/><F56/><W72/><G132/><T107/><D107/><U127/><E127/><V98/><F98/><AGARI ba="1,1" hai="10,13,16,25,26,90,92,98" m="50187,34983" machi="98" ten="30,11600,0" yaku="19,1,52,1,54,2" doraHai="86" who="1" fromWho="2" sc="269,0,199,129,272,-119,250,0" /><INIT seed="1,2,0,1,3,2" ten="269,328,153,250" oya="1" hai0="126,22,102,19,87,122,9,37,56,78,127,107,31" hai1="25,93,34,27,105,121,81,77,80,135,16,129,40" hai2="8,84,124,44,10,53,48,104,52,68,13,110,72" hai3="4,113,46,70,67,128,38,108,109,65,55,85,118"/><U47/><E121/><V28/><F72/><W79/><G85/><T54/><D37/><U12/><E105/><V49/><F68/><W86/><G113/><T131/><D122/><U0/><E0/><V75/><F75/><W59/><G128/><T26/><D131/><U24/><E129/><V66/><F104/><W91/><G79/><T57/><D107/><U82/><E135/><V134/><F134/><W99/><G99/><T5/><D102/><U58/><E34/><V98/><F110/><N who="3" m="42603" /><G4/><T119/><D31/><U35/><E35/><V32/><F124/><N who="0" m="47658" /><D119/><U90/><E58/><V23/><F32/><W116/><G91/><T7/><D9/><U73/><E93/><V18/><F66/><N who="3" m="25099" /><G86/><T130/><D130/><U42/><E90/><V14/><F98/><W97/><G97/><T74/><D56/><U51/><REACH who="1" step="1"/><E40/><REACH who="1" ten="269,318,153,250" step="2"/><V92/><F28/><W20/><G70/><T101/><D101/><U36/><E36/><V94/><F94/><W39/><G46/><T76/><D76/><U63/><E63/><V88/><F14/><W123/><G123/><T71/><D71/><U114/><E114/><V117/><F117/><N who="3" m="45163" /><G20/><AGARI ba="2,1" hai="12,16,20,24,25,27,42,47,51,73,77,80,81,82" machi="20" ten="40,3900,0" yaku="1,1,54,1,53,0" doraHai="2" doraHaiUra="103" who="1" fromWho="3" sc="269,0,318,55,153,0,250,-45" /><INIT seed="1,3,0,3,5,116" ten="269,373,153,205" oya="1" hai0="134,103,41,65,100,16,117,4,34,81,119,123,113" hai1="85,7,53,112,125,5,128,105,68,51,22,72,38" hai2="62,127,135,106,49,91,66,54,107,89,70,28,73" hai3="108,8,88,60,86,121,124,122,6,13,94,39,50"/><U110/><E112/><V63/><F73/><W109/><G39/><T99/><D34/><U44/><E72/><V36/><F36/><W93/><G124/><T59/><D113/><U111/><E105/><V80/><F127/><W96/><G50/><T55/><D4/><U61/><E125/><V58/><F135/><W84/><G60/><T33/><D33/><U25/><E38/><V74/><F28/><W92/><G92/><T64/><D134/><U29/><E85/><V0/><F0/><W69/><G69/><T79/><D41/><U42/><E128/><V15/><F15/><W46/><G46/><T77/><D123/><N who="3" m="47113" /><G94/><N who="0" m="58487" /><D103/><U40/><E40/><V30/><F30/><W90/><G90/><T27/><D119/><U45/><E45/><V95/><F89/><W129/><G129/><T57/><D57/><N who="1" m="34991" /><E68/><V31/><F31/><W132/><G132/><T87/><D79/><U11/><E11/><V101/><F101/><W9/><G9/><T118/><D118/><U133/><E133/><V21/><F21/><W35/><G35/><T32/><D32/><U23/><E22/><V14/><F107/><W20/><G20/><N who="0" m="13703" /><D117/><U17/><E29/><V12/><F106/><W83/><G83/><T47/><D47/><U75/><E75/><V18/><F80/><W2/><G2/><T48/><AGARI ba="3,0" hai="48,55,59,64,65,77,81,87" m="13703,58487" machi="48" ten="30,2000,0" yaku="8,1,54,1" doraHai="116" who="0" fromWho="0" sc="269,29,373,-13,153,-8,205,-8" /><INIT seed="2,0,0,1,2,68" ten="298,360,145,197" oya="2" hai0="107,113,104,57,18,103,74,123,17,91,99,66,56" hai1="15,52,16,28,109,40,79,5,81,33,69,67,87" hai2="110,14,117,121,83,63,84,51,23,131,58,26,100" hai3="120,31,37,97,90,127,122,9,96,119,10,13,42"/><V61/><F117/><W27/><G119/><T106/><D113/><U62/><E109/><V32/><F121/><W24/><G127/><T48/><D123/><U72/><E40/><V20/><F131/><W71/><G71/><T85/><D74/><U45/><E5/><V53/><F32/><W59/><G59/><T98/><D98/><U114/><E114/><V133/><F133/><W47/><G97/><T132/><D132/><U3/><E3/><V43/><F110/><W75/><G75/><T102/><D102/><U94/><E28/><V0/><F0/><W118/><G24/><T8/><D56/><U125/><E125/><V30/><F100/><W21/><G9/><T7/><D17/><U80/><E94/><V60/><F43/><W135/><G118/><T116/><D18/><U44/><E52/><V92/><F92/><W6/><G135/><T108/><D108/><U11/><E33/><V54/><F14/><W36/><G36/><T38/><D38/><U93/><E93/><V82/><F20/><W4/><G4/><T101/><D101/><U128/><E128/><V95/><REACH who="2" step="1"/><F54/><REACH who="2" ten="298,360,135,197" step="2"/><W112/><G112/><T34/><D34/><U111/><E111/><V22/><F22/><W1/><G1/><T115/><D116/><U2/><E2/><V41/><F41/><W88/><G96/><T105/><D105/><U29/><E29/><V25/><F25/><W55/><G55/><T89/><D107/><U39/><E15/><V46/><F46/><W19/><G31/><T65/><D106/><U86/><E44/><V73/><F73/><W50/><G37/><RYUUKYOKU ba="0,1" sc="298,-15,360,-15,135,15,197,15" hai2="23,26,30,51,53,58,60,61,63,82,83,84,95" hai3="6,10,13,19,21,27,42,47,50,88,90,120,122" /><INIT seed="2,1,1,1,5,20" ten="283,345,150,212" oya="2" hai0="81,25,1,131,11,18,93,97,116,84,23,128,9" hai1="2,48,55,44,108,77,104,72,62,12,24,28,8" hai2="59,47,37,117,130,110,111,29,114,45,78,121,95" hai3="123,14,67,80,16,15,85,22,89,76,43,87,88"/><V96/><F114/><W124/><G123/><T127/><D127/><U35/><E104/><V98/><F117/><W135/><G135/><T75/><D75/><U34/><E108/><N who="2" m="41515" /><F121/><W3/><G3/><T30/><D116/><U122/><E122/><V69/><F69/><W40/><G67/><T118/><D118/><U115/><E115/><V51/><F130/><W101/><G101/><T79/><D30/><U36/><E36/><V6/><F6/><W91/><G124/><T32/><D32/><U50/><E2/><V52/><F37/><W125/><G125/><T106/><D106/><U26/><E72/><V65/><F78/><W82/><G14/><T17/><D17/><U112/><E77/><AGARI ba="1,1" hai="15,16,22,40,43,76,77,80,82,85,87,88,89,91" machi="77" ten="40,8000,1" yaku="9,1,8,1,54,2" doraHai="20" who="3" fromWho="1" sc="283,0,345,-83,150,0,212,93" /><INIT seed="3,0,0,2,0,22" ten="283,262,150,305" oya="3" hai0="71,49,45,63,84,43,107,131,51,116,95,99,4" hai1="91,97,26,115,72,56,37,133,89,69,13,11,16" hai2="38,23,75,66,102,59,44,1,67,28,94,134,135" hai3="129,128,80,98,40,85,87,111,125,30,31,29,42"/><W60/><G125/><T113/><D116/><U103/><E69/><V124/><F1/><W33/><G33/><T10/><D131/><N who="3" m="50249" /><G111/><T90/><D113/><U112/><E37/><V14/><F75/><W35/><G35/><T52/><D71/><U34/><E72/><V126/><F38/><W110/><G110/><T109/><D63/><U120/><E120/><V78/><F44/><W108/><G108/><T18/><D18/><U62/><E89/><V117/><F78/><N who="3" m="46231" /><G42/><T118/><D118/><U12/><E133/><N who="2" m="50699" /><F117/><W9/><G9/><T8/><D109/><U15/><E91/><V2/><F2/><W48/><G87/><T86/><D107/><U64/><E112/><V17/><F28/><W54/><G60/><T47/><REACH who="0" step="1"/><D8/><REACH who="0" ten="273,262,150,305" step="2"/><U58/><E115/><V106/><F106/><W0/><G0/><AGARI ba="0,1" hai="0,4,10,43,45,47,49,51,52,84,86,90,95,99" machi="0" ten="30,7700,0" yaku="1,1,2,1,7,1,54,1,53,0" doraHai="22" doraHaiUra="70" who="0" fromWho="3" sc="273,87,262,0,150,0,305,-77" owari="360,46.0,262,6.2,150,-35.0,228,-17.2" /></mjloggm>