<mjloggm ver="2.3"><GO type="225" lobby="0"/><UN n0="%E3%82%A2%E3%83%BC%E3%83%A2%E3%83%AD%E3%83%BC%E3%83%B4%E3%82%A1" n1="%E6%B8%A1%E5%A4%A9%E8%97%8D" n2="%E3%81%99%E3%81%84%E3%81%BE%E3%81%9B%E3%83%BC%E3%82%93" n3="%EF%BC%B3%E3%81%9E%E3%81%88%E2%98%86" dan="16,16,18,16" rate="2083.42,2070.22,2201.26,2089.70" sx="M,M,M,M"/><TAIKYOKU oya="0"/><INIT seed="0,0,0,4,0,18" ten="250,250,250,250" oya="0" hai0="50,102,3,60,116,68,45,36,117,129,111,133,30" hai1="35,97,99,108,100,17,115,61,2,28,127,42,64" hai2="67,106,132,10,134,130,69,53,6,31,32,72,122" hai3="40,84,119,44,79,78,38,96,95,135,92,131,81"/><T85/><D3/><U112/><E2/><N who="2" m="343" /><F53/><W93/><G119/><N who="0" m="45643" /><D30/><U23/><E108/><V66/><F122/><W7/><G131/><T118/><N who="0" m="45651" /><T113/><DORA hai="0" /><D85/><U47/><E127/><V41/><F130/><W24/><G135/><N who="2" m="51753" /><F106/><W110/><G110/><T70/><D102/><U56/><E35/><V16/><F69/><N who="0" m="26730" /><D133/><U63/><E63/><V80/><F41/><W43/><G43/><N who="0" m="22759" /><D111/><U58/><E28/><V22/><F31/><W5/><G24/><T27/><D27/><U20/><E100/><V71/><F32/><W87/><REACH who="3" step="1"/><G96/><REACH who="3" ten="250,250,250,240" step="2"/><T9/><D129/><U52/><E97/><V73/><F71/><W26/><G26/><T104/><D104/><U98/><E99/><V75/><F80/><AGARI ba="0,1" hai="5,7,38,40,44,78,79,80,81,84,87,92,93,95" machi="80" ten="40,8000,1" yaku="1,1,9,1,52,2,53,0" doraHai="18,0" doraHaiUra="109,120" who="3" fromWho="2" sc="250,0,250,0,250,-80,240,90" /><INIT seed="1,0,0,3,1,119" ten="250,250,170,330" oya="1" hai0="9,76,110,28,50,90,117,38,24,67,29,63,48" hai1="131,32,102,82,5,83,107,101,72,62,109,81,98" hai2="60,10,58,16,70,22,77,68,123,91,86,130,114" hai3="66,42,56,135,7,20,8,108,122,129,75,41,80"/><U36/><E36/><V127/><F130/><W0/><G108/><T69/><D117/><U79/><E32/><V57/><F127/><W74/><G129/><T44/><D110/><U54/><E5/><V12/><F123/><W26/><G122/><T120/><D120/><U25/><E109/><V53/><F77/><W126/><G135/><T3/><D90/><U111/><E111/><V40/><F40/><W99/><G75/><T103/><D76/><N who="1" m="44167" /><E25/><V125/><F125/><W18/><G80/><N who="1" m="30762" /><E54/><V11/><F114/><W46/><G74/><T61/><D61/><U6/><E6/><V30/><F30/><W43/><G99/><T55/><D29/><U27/><E27/><V78/><F78/><W21/><G126/><T37/><D9/><U104/><E62/><V97/><F70/><W65/><G56/><T4/><D4/><U2/><E2/><V47/><F68/><W134/><G134/><T71/><D3/><U73/><E131/><V116/><F116/><W52/><G21/><T17/><D17/><U39/><E39/><V31/><F58/><W105/><G66/><T13/><D13/><U87/><E73/><V33/><F31/><W96/><G65/><T84/><D50/><U118/><E118/><V59/><F59/><W88/><G46/><T1/><D1/><U23/><E23/><V64/><F33/><W89/><G20/><N who="0" m="15367" /><D69/><U35/><E35/><V100/><F47/><W34/><G0/><T94/><D37/><U95/><E102/><V45/><F45/><W124/><G124/><T133/><D38/><U128/><E128/><V15/><F22/><RYUUKYOKU ba="0,0" sc="250,-10,250,30,170,-10,330,-10" hai1="79,87,95,98,101,104,107" /><INIT seed="1,1,0,2,5,61" ten="240,280,160,320" oya="1" hai0="56,126,2,21,117,16,106,4,104,68,43,122,76" hai1="73,135,75,83,9,98,134,31,17,91,0,48,62" hai2="121,59,120,115,30,41,40,78,13,100,64,36,109" hai3="51,10,132,32,81,46,65,118,101,39,24,95,23"/><U19/><E31/><V28/><F78/><W87/><G32/><T82/><D117/><U7/><E48/><V66/><F100/><W47/><G132/><N who="1" m="50730" /><E62/><V27/><F109/><W127/><G127/><T3/><D126/><U15/><E19/><V108/><F108/><W55/><G39/><T1/><D68/><U116/><E116/><V8/><F115/><W29/><G118/><T54/><D43/><U129/><E129/><V128/><F128/><W57/><G10/><T77/><D4/><U80/><E98/><V71/><F71/><W63/><G95/><T112/><D112/><U86/><E80/><V94/><F94/><W37/><G37/><T26/><D122/><U110/><E110/><V18/><F30/><W102/><REACH who="3" step="1"/><G47/><REACH who="3" ten="240,280,160,310" step="2"/><T88/><D104/><U38/><E38/><V119/><F119/><W11/><G11/><AGARI ba="1,1" hai="0,7,9,11,15,17,73,75,83,86,91" m="50730" machi="11" ten="30,1500,0" yaku="20,1" doraHai="61" who="1" fromWho="3" sc="240,0,280,28,160,0,310,-18" /><INIT seed="1,2,0,5,4,73" ten="240,308,160,292" oya="1" hai0="112,129,124,90,18,16,82,100,27,64,115,34,56" hai1="133,131,37,75,118,20,106,95,22,52,86,24,9" hai2="107,72,71,3,1,69,63,51,98,21,12,41,111" hai3="109,96,120,7,114,4,117,35,128,25,132,91,29"/><U2/><E75/><V43/><F111/><W101/><G109/><T65/><D100/><U104/><E118/><V122/><F122/><W87/><G114/><T28/><D129/><U39/><E131/><V32/><F32/><W26/><G120/><T74/><D124/><U11/><E133/><V15/><F72/><W84/><G128/><T59/><D90/><N who="1" m="53719" /><E37/><V6/><F51/><W116/><G132/><T125/><D125/><U33/><E39/><V80/><F80/><N who="3" m="49543" /><G87/><T108/><D108/><U93/><E33/><V55/><F6/><W78/><G78/><T46/><D46/><U110/><E2/><V13/><F21/><N who="1" m="8297" /><E106/><V44/><F1/><W68/><G26/><T31/><D74/><U103/><E104/><V89/><F3/><W77/><G77/><T105/><D105/><U121/><E121/><V47/><F107/><W67/><G67/><T40/><D34/><U61/><E110/><V23/><F71/><W5/><G68/><T0/><D0/><U48/><E61/><V126/><F126/><W127/><G127/><T14/><D27/><U60/><E60/><V88/><F69/><W85/><G117/><T70/><D70/><U36/><E36/><V81/><F63/><W57/><G116/><T113/><D113/><U76/><E76/><V17/><F81/><W42/><G35/><T58/><D82/><U134/><E134/><V50/><F98/><W92/><G96/><T8/><D112/><U45/><E24/><N who="2" m="14447" /><F43/><W62/><G42/><T30/><D40/><U53/><E53/><V79/><F79/><W66/><G66/><N who="0" m="25707" /><D115/><U10/><E103/><RYUUKYOKU ba="2,0" sc="240,10,308,10,160,10,292,-30" hai0="8,14,16,18,28,30,31,56,58,59" hai1="9,10,11,45,48,52,93" hai2="12,13,15,41,44,47,50,55,88,89" /><INIT seed="1,3,0,1,3,77" ten="250,318,170,262" oya="1" hai0="21,113,15,52,133,56,126,91,63,36,109,66,67" hai1="48,41,57,89,3,11,99,13,42,47,44,73,61" hai2="122,72,33,101,100,54,131,127,93,84,108,111,35" hai3="80,10,129,65,87,97,69,86,75,96,58,92,59"/><U98/><E73/><V29/><F122/><W128/><G75/><T4/><D113/><U7/><E89/><V123/><F123/><W30/><G30/><T31/><D109/><N who="2" m="42058" /><F72/><W43/><G43/><T132/><D36/><U38/><REACH who="1" step="1"/><E3/><REACH who="1" ten="250,308,170,262" step="2"/><V6/><F101/><W51/><G129/><T95/><D132/><U81/><E81/><V39/><F100/><W117/><G80/><T76/><D133/><U40/><E40/><V60/><F131/><W103/><G103/><T70/><D76/><U22/><E22/><V94/><F35/><W12/><G128/><T23/><D23/><U120/><E120/><V125/><F33/><W116/><G117/><T88/><D91/><U25/><E25/><V9/><F127/><W104/><G116/><T135/><D126/><U130/><E130/><V119/><F125/><W110/><G110/><T134/><D134/><U0/><E0/><V124/><F119/><W16/><G12/><T114/><D135/><U82/><E82/><V14/><F124/><W71/><G87/><T106/><D15/><U2/><E2/><V90/><F90/><W5/><G86/><T46/><D88/><U24/><E24/><V8/><F84/><W45/><G97/><T37/><D21/><U79/><E79/><V26/><F26/><W19/><G96/><T34/><D34/><U50/><E50/><V49/><F14/><W64/><G51/><T121/><D121/><U1/><E1/><V28/><F49/><W18/><G10/><T55/><D37/><U83/><E83/><V27/><F39/><W68/><G5/><T74/><D4/><RYUUKYOKU ba="3,1" sc="250,-10,308,30,170,-10,262,-10" hai1="7,11,13,38,41,42,44,47,48,57,61,98,99" /><INIT seed="1,4,1,2,2,53" ten="240,338,160,252" oya="1" hai0="114,52,99,29,55,49,78,56,37,39,66,87,2" hai1="81,105,123,115,1,76,22,128,131,14,104,120,122" hai2="86,13,90,35,71,64,15,89,70,36,80,68,4" hai3="6,73,116,33,121,47,117,91,63,25,103,98,95"/><U41/><E1/><V109/><F36/><W26/><G121/><T127/><D114/><U65/><E65/><V126/><F35/><W84/><G73/><T112/><D112/><U96/><E41/><V94/><F109/><W19/><G6/><T23/><D2/><U75/><E115/><V30/><F30/><W61/><G33/><T92/><D127/><U118/><E118/><N who="3" m="45674" /><G47/><T69/><D69/><U58/><E58/><V59/><F126/><W135/><G135/><T74/><D74/><U12/><E22/><V88/><F4/><W11/><G26/><N who="0" m="16607" /><D37/><U27/><E27/><V42/><F42/><W21/><G11/><T101/><D39/><U51/><E51/><V31/><F31/><W83/><AGARI ba="4,1" hai="19,21,25,61,63,83,84,91,95,98,103" m="45674" machi="83" ten="30,1100,0" yaku="12,1" doraHai="53" who="3" fromWho="3" sc="240,-7,338,-9,160,-7,252,33" /><INIT seed="2,0,0,1,0,82" ten="233,329,153,285" oya="2" hai0="28,123,41,64,99,11,59,46,87,70,27,19,101" hai1="38,3,83,108,14,98,48,75,50,118,110,126,125" hai2="56,116,102,133,120,107,47,127,12,63,69,58,57" hai3="89,119,85,88,79,45,20,43,131,129,73,66,71"/><V128/><F116/><W2/><G2/><T61/><D123/><U124/><E3/><V77/><F120/><W36/><G119/><T121/><D121/><U104/><E118/><V92/><F107/><W90/><G73/><T94/><D70/><U0/><E0/><V1/><F1/><W60/><G79/><T72/><D72/><U51/><E38/><V74/><F128/><N who="3" m="49227" /><G20/><N who="0" m="15463" /><D87/><AGARI ba="0,0" hai="36,43,45,60,66,71,85,87,88,89,90" m="49227" machi="87" ten="30,7700,0" yaku="19,1,52,2,54,1" doraHai="82" who="3" fromWho="0" sc="233,-77,329,0,153,0,285,77" /><INIT seed="3,0,0,4,4,134" ten="156,329,153,362" oya="3" hai0="37,2,65,5,135,57,36,21,67,118,106,54,103" hai1="132,112,62,51,48,19,111,43,104,22,52,45,71" hai2="40,108,32,98,16,25,89,6,34,72,14,1,117" hai3="82,107,70,26,115,18,41,27,60,4,15,123,84"/><W46/><G115/><T85/><D118/><U44/><E104/><V109/><F117/><W42/><G107/><T35/><D35/><U92/><E112/><V61/><F72/><W10/><G70/><T29/><D2/><U76/><E132/><V119/><F119/><W127/><G127/><T28/><D5/><U79/><E111/><N who="2" m="42571" /><F40/><N who="3" m="15467" /><G46/><T95/><D106/><U68/><E92/><N who="2" m="56591" /><F25/><N who="3" m="9227" /><G60/><N who="0" m="35895" /><D135/><U12/><REACH who="1" step="1"/><E71/><REACH who="1" ten="156,319,153,362" step="2"/><V102/><F102/><W131/><G123/><T66/><D103/><U129/><E129/><V101/><F101/><W7/><G131/><T39/><D95/><U126/><E126/><V133/><F133/><W125/><G125/><T91/><D39/><U83/><E83/><V23/><F61/><W38/><G38/><T30/><D36/><U93/><E93/><V120/><F120/><W74/><G74/><T55/><D37/><U58/><E58/><V130/><F130/><W63/><G63/><T90/><D85/><U124/><E124/><V105/><F105/><W33/><G33/><T11/><D30/><U100/><E100/><V122/><F122/><W69/><G69/><T88/><D29/><U59/><E59/><V78/><F78/><AGARI ba="0,1" hai="4,7,10,15,18,78,82,84" m="9227,15467" machi="78" ten="30,1500,0" yaku="8,1" doraHai="134" who="3" fromWho="2" sc="156,0,319,0,153,-15,362,25" owari="156,-24.4,319,11.9,138,-36.2,387,48.7" /></mjloggm>