<mjloggm ver="2.3"><GO type="225" lobby="0"/><UN n0="%E6%98%93%E5%88%A9%E8%96%A9%E4%BC%AF" n1="%E3%83%B4%E3%82%A3%E3%83%AF%E3%82%B3%E3%82%B0%E3%83%8B" n2="%E8%B6%85%E7%B4%9A%E9%B3%B3%E5%87%B0" n3="%E7%89%B9%E6%9D%B1%E3%81%AF%E4%B8%96%E7%95%8C%E3%82%92%E6%95%91%E3%81%86" dan="16,16,16,16" rate="2093.59,2167.14,2189.05,2159.88" sx="F,M,F,M"/><TAIKYOKU oya="0"/><INIT seed="0,0,0,5,1,94" ten="250,250,250,250" oya="0" hai0="101,81,100,109,84,26,44,8,99,23,17,7,36" hai1="97,98,71,122,74,112,79,68,65,2,114,51,12" hai2="25,50,70,10,15,135,14,76,130,119,93,132,55" hai3="61,6,82,47,24,22,128,31,90,108,56,38,60"/><T73/><D73/><U21/><E2/><V120/><F120/><W13/><G108/><T30/><D109/><U34/><E34/><V117/><F70/><N who="1" m="26665" /><E65/><V91/><F76/><W35/><G128/><T83/><D36/><U85/><E122/><V77/><F77/><W46/><G38/><T1/><D44/><U75/><E51/><V48/><F25/><W39/><G39/><T63/><D63/><U69/><E69/><V113/><F113/><N who="1" m="43625" /><E85/><V49/><F55/><W16/><G61/><T111/><D111/><U28/><E79/><V124/><F130/><W133/><G133/><N who="2" m="51273" /><F124/><W118/><G118/><N who="2" m="45065" /><F10/><W58/><G58/><T4/><D4/><U129/><E129/><V37/><F37/><W125/><G6/><T95/><D84/><AGARI ba="0,0" hai="14,15,48,49,50,84,91,93" m="45065,51273" machi="84" ten="40,2600,0" yaku="20,1,12,1" doraHai="94" who="2" fromWho="0" sc="250,-26,250,0,250,26,250,0" /><INIT seed="1,0,0,1,5,110" ten="224,250,276,250" oya="1" hai0="25,91,117,38,101,118,59,11,109,16,37,41,56" hai1="107,8,23,24,2,4,29,121,82,125,18,77,80" hai2="135,26,124,1,61,76,123,92,132,52,94,13,32" hai3="9,20,15,49,127,89,102,40,47,6,97,19,34"/><U106/><E125/><V126/><F1/><W64/><G127/><N who="2" m="48681" /><F123/><W36/><G34/><T0/><D109/><U128/><E128/><V14/><F76/><W28/><G64/><T27/><D101/><U30/><E82/><V114/><F114/><W43/><G28/><T115/><D115/><U31/><REACH who="1" step="1"/><E121/><REACH who="1" ten="224,240,276,250" step="2"/><V48/><F135/><W108/><G108/><T55/><D117/><U111/><E111/><V7/><F132/><W83/><G83/><T119/><D119/><U54/><E54/><V81/><F81/><W70/><G43/><T93/><D118/><U12/><E12/><V105/><F13/><W85/><G40/><T10/><D41/><U134/><E134/><V116/><F116/><W113/><G15/><T79/><D55/><U21/><E21/><V133/><F14/><W67/><G20/><T122/><D122/><U74/><AGARI ba="0,1" hai="2,4,8,18,23,24,29,30,31,74,77,80,106,107" machi="74" ten="30,3000,0" yaku="1,1,0,1,53,0" doraHai="110" doraHaiUra="112" who="1" fromWho="1" sc="224,-10,240,40,276,-10,250,-10" /><INIT seed="1,1,0,0,0,25" ten="214,280,266,240" oya="1" hai0="132,103,40,48,113,131,85,68,89,86,119,34,11" hai1="114,20,43,90,41,102,65,128,21,94,95,63,42" hai2="19,39,67,98,127,61,33,27,101,52,110,77,35" hai3="64,116,50,37,23,10,75,7,133,13,106,120,82"/><U44/><E128/><V129/><F39/><W107/><G120/><T71/><D113/><U78/><E114/><V83/><F129/><W130/><G130/><T99/><D131/><U66/><E44/><V60/><F110/><W125/><G37/><T122/><D119/><U28/><E78/><V54/><F127/><W72/><G133/><T30/><D132/><U17/><E102/><V51/><F61/><W47/><G125/><T105/><D86/><U123/><E123/><V26/><F26/><W88/><G64/><T70/><D122/><U15/><E63/><V84/><F35/><W108/><G108/><T93/><D11/><U80/><E80/><V97/><F51/><W79/><G72/><T5/><D5/><U74/><E95/><V18/><F18/><W76/><G76/><T8/><D8/><U4/><E4/><V92/><F98/><W16/><G88/><T73/><D73/><U115/><E74/><V111/><F111/><W49/><G49/><T59/><D40/><U9/><E115/><V126/><F126/><W46/><G46/><T53/><REACH who="0" step="1"/><D34/><REACH who="0" ten="204,280,266,240" step="2"/><U96/><E9/><V1/><F33/><W31/><G116/><T87/><D87/><U121/><E121/><V91/><F77/><W62/><G7/><T124/><D124/><U2/><E2/><V29/><F1/><W81/><G79/><T3/><D3/><U38/><E38/><V135/><F135/><W57/><G75/><T6/><D6/><U14/><E42/><V32/><F32/><W118/><G118/><T58/><D58/><U109/><E41/><V104/><F84/><RYUUKYOKU ba="1,1" sc="204,30,280,-10,266,-10,240,-10" hai0="30,48,53,59,68,70,71,85,89,93,99,103,105" /><INIT seed="2,2,1,2,0,50" ten="234,270,256,230" oya="2" hai0="47,93,33,6,62,113,128,51,44,48,99,95,84" hai1="119,8,32,77,116,4,69,91,71,13,28,34,97" hai2="54,96,107,126,133,53,80,16,38,124,106,112,31" hai3="46,59,9,87,36,14,86,3,100,78,120,73,19"/><V64/><F112/><W26/><G120/><T41/><D113/><U121/><E121/><V45/><F31/><W114/><G114/><T15/><D128/><U65/><E77/><V110/><F133/><W72/><G100/><T83/><D33/><U129/><E34/><V7/><F7/><W49/><G3/><T102/><D62/><U5/><E5/><V20/><F110/><W37/><G37/><T81/><D95/><U117/><E129/><V111/><F111/><W105/><G105/><T70/><D70/><U122/><E65/><V82/><F64/><W22/><G59/><T23/><D84/><U67/><E67/><V66/><F66/><W2/><G36/><T132/><D132/><U115/><E115/><V52/><F38/><W125/><G125/><N who="2" m="48233" /><F45/><W60/><G2/><T109/><D109/><U63/><E122/><V79/><F96/><W88/><G46/><T118/><D118/><U35/><E35/><V92/><F92/><W24/><G19/><N who="0" m="10751" /><D6/><U10/><E32/><V40/><F40/><AGARI ba="2,1" hai="40,41,44,47,48,51,81,83,93,99,102" m="10751" machi="40" ten="30,1000,0" yaku="8,1" doraHai="50" who="0" fromWho="2" sc="234,26,270,0,256,-16,230,0" /><INIT seed="3,0,0,2,2,75" ten="260,270,240,230" oya="3" hai0="45,112,77,12,22,78,118,6,82,96,14,7,53" hai1="119,20,133,46,85,48,36,15,109,24,25,87,63" hai2="99,102,0,81,72,66,93,120,21,97,76,34,71" hai3="69,60,86,10,58,132,29,74,92,23,59,52,8"/><W125/><G132/><T11/><D118/><U4/><E109/><V130/><F34/><W84/><G125/><T42/><D112/><U26/><E36/><V98/><F0/><W135/><G74/><T128/><D128/><U50/><E133/><V94/><F130/><W51/><G69/><T103/><D53/><U122/><E122/><V111/><F111/><W129/><G135/><T90/><D90/><U62/><E48/><V18/><F120/><W115/><G115/><T107/><D82/><U65/><E119/><V106/><F66/><N who="3" m="39191" /><G129/><T67/><D67/><U3/><E3/><V40/><F40/><W44/><G44/><T5/><D22/><U73/><E73/><V61/><F61/><W100/><G100/><T131/><D131/><U1/><E1/><V17/><F71/><W41/><G41/><T83/><D83/><U37/><E37/><V101/><F21/><W70/><G70/><T134/><D134/><U88/><E65/><V19/><REACH who="2" step="1"/><F99/><REACH who="2" ten="260,270,230,230" step="2"/><W43/><G43/><T28/><D96/><U2/><E2/><V56/><F56/><W127/><G127/><T89/><D42/><U123/><E123/><V80/><F80/><W116/><G116/><T104/><D45/><U79/><E20/><V54/><F54/><W13/><G13/><T105/><D14/><U113/><E15/><V121/><F121/><W91/><G84/><T114/><D12/><U117/><E117/><V64/><F64/><W33/><G33/><T95/><D114/><U57/><E113/><V27/><F27/><AGARI ba="0,1" hai="8,10,23,27,29,51,52,59,86,91,92" m="39191" machi="27" ten="30,2900,0" yaku="8,1,54,1" doraHai="75" who="3" fromWho="2" sc="260,0,270,0,230,-29,230,39" /><INIT seed="3,1,0,1,4,83" ten="260,270,201,269" oya="3" hai0="11,128,101,122,70,119,64,121,79,130,74,88,2" hai1="91,66,95,47,14,34,6,31,100,15,9,18,135" hai2="59,63,55,93,1,29,0,7,72,40,17,108,48" hai3="75,87,110,50,49,90,73,30,80,131,120,54,69"/><W123/><G69/><T25/><D119/><U43/><E135/><V82/><F108/><W125/><G110/><T42/><D42/><U65/><E100/><V107/><F107/><W126/><G30/><T105/><D25/><U58/><E31/><V78/><F29/><W89/><G131/><N who="0" m="50219" /><D11/><U71/><E71/><V113/><F113/><W24/><G24/><T60/><D2/><U16/><E34/><V53/><F40/><W106/><G106/><T76/><D88/><U109/><E58/><V102/><F17/><W124/><G89/><T61/><D61/><U68/><E68/><V12/><F12/><W51/><G54/><T85/><D74/><AGARI ba="1,0" hai="49,50,51,73,74,75,80,87,90,120,123,124,125,126" machi="74" ten="50,4800,0" yaku="18,1,52,1" doraHai="83" who="3" fromWho="0" sc="260,-51,270,0,201,0,269,51" owari="209,-19.1,270,7.0,201,-29.9,320,42.0" /></mjloggm>