<mjloggm ver="2.3"><GO type="225" lobby="0"/><UN n0="%43%68%65" n1="%72%69%6F%75%63%68%61%6E" n2="%E9%81%85%E5%88%BB%E3%81%AE%E3%83%97%E3%83%AA%E3%83%B3%E3%82%B9%E2%99%AA" n3="%E3%82%BC%E3%83%AB%E3%83%80%E3%81%AE%E4%BC%9D%E8%AA%AC" dan="16,17,16,16" rate="2171.34,2244.21,2168.22,2114.21" sx="M,M,F,M"/><TAIKYOKU oya="0"/><INIT seed="0,0,0,5,5,82" ten="250,250,250,250" oya="0" hai0="84,61,127,92,93,128,62,69,76,13,132,38,5" hai1="75,4,114,31,104,122,7,66,39,73,117,53,85" hai2="110,45,37,55,86,124,9,2,130,80,33,87,63" hai3="58,109,106,25,57,113,68,123,49,125,26,94,77"/><T51/><D38/><U43/><E117/><V30/><F110/><W19/><G106/><T16/><D5/><U41/><E122/><V131/><F124/><W101/><G68/><T107/><D107/><U88/><E104/><V32/><F80/><W28/><G113/><T100/><D127/><U115/><E66/><V111/><F111/><W48/><G77/><T83/><D128/><N who="2" m="49194" /><F30/><W99/><G109/><T119/><D119/><U64/><E64/><V65/><F9/><W36/><G36/><T42/><D132/><U6/><E31/><V81/><F2/><W126/><G123/><T34/><D34/><N who="2" m="13418" /><F81/><W71/><G125/><T90/><D69/><U78/><E78/><V91/><F91/><W96/><G71/><T133/><D133/><U95/><E53/><V135/><F135/><W22/><G126/><T121/><D100/><U72/><REACH who="1" step="1"/><E39/><REACH who="1" ten="250,240,250,250" step="2"/><V44/><F37/><W10/><G28/><T108/><D108/><U59/><E59/><N who="2" m="35327" /><F65/><W102/><G57/><T8/><D121/><U18/><E18/><V60/><F60/><N who="0" m="23146" /><D76/><U11/><E11/><V1/><F1/><W118/><G10/><T52/><D42/><AGARI ba="0,1" hai="4,6,7,41,42,43,72,73,75,85,88,95,114,115" machi="42" ten="50,6400,0" yaku="1,1,52,1,54,1,53,0" doraHai="82" doraHaiUra="97" who="1" fromWho="0" sc="250,-64,240,74,250,0,250,0" /><INIT seed="1,0,0,0,0,45" ten="186,314,250,250" oya="1" hai0="23,70,18,68,84,90,1,53,88,131,2,119,28" hai1="109,44,89,106,65,101,120,54,123,40,94,81,58" hai2="111,14,87,16,107,124,134,0,15,66,3,103,113" hai3="55,132,105,114,33,74,117,110,52,10,5,50,115"/><U59/><E109/><V9/><F111/><W95/><G110/><T61/><D119/><U129/><E129/><V41/><F41/><W82/><G105/><T76/><D131/><U118/><E118/><V91/><F124/><W27/><G117/><T43/><D43/><U135/><E135/><V36/><F36/><W17/><G132/><T108/><D28/><U73/><E65/><V42/><F134/><W104/><G104/><T24/><D108/><U92/><E58/><V46/><F66/><W6/><G95/><T126/><D126/><U80/><E106/><V78/><F78/><W51/><G74/><T96/><D76/><U19/><E19/><V75/><F75/><W13/><G82/><N who="0" m="49175" /><D68/><U32/><E32/><V56/><F56/><N who="3" m="32791" /><G33/><T121/><D70/><U122/><E101/><V128/><F128/><W83/><G115/><T39/><D39/><U7/><E7/><N who="3" m="2570" /><G114/><T67/><D67/><U47/><E73/><V98/><F113/><W77/><G27/><T97/><D97/><U48/><E47/><V125/><F125/><W62/><G62/><T133/><D121/><U37/><REACH who="1" step="1"/><E94/><REACH who="1" ten="186,304,250,250" step="2"/><V64/><F107/><W8/><G83/><T11/><D133/><U72/><E72/><V69/><F103/><W102/><G102/><T29/><D1/><U20/><E20/><N who="2" m="11287" /><F0/><W63/><G17/><T85/><D18/><U130/><E130/><V25/><F3/><W112/><G112/><T21/><D2/><U93/><E93/><V99/><F69/><W30/><G8/><T12/><D11/><U4/><E4/><V71/><F71/><W26/><G10/><RYUUKYOKU ba="0,1" sc="186,-10,304,30,250,-10,250,-10" hai1="37,40,44,48,54,59,80,81,89,92,120,122,123" /><INIT seed="1,1,1,5,2,24" ten="176,334,240,240" oya="1" hai0="117,71,123,122,15,42,66,74,50,108,8,11,106" hai1="62,2,107,93,1,6,92,29,43,21,131,128,120" hai2="86,79,105,52,118,101,121,114,31,38,10,80,30" hai3="16,25,115,19,68,58,90,91,119,81,77,7,36"/><U26/><E120/><V54/><F118/><W102/><G115/><T44/><D117/><U100/><E43/><V124/><F121/><N who="0" m="46090" /><D74/><U13/><E62/><V48/><F38/><W78/><G68/><T98/><D108/><U55/><E55/><N who="2" m="21035" /><F105/><W56/><G36/><T134/><D134/><U94/><E13/><V96/><F114/><W37/><G37/><T112/><D112/><U49/><E49/><V39/><F39/><W57/><G119/><T47/><D47/><U35/><E35/><V129/><F124/><W28/><G102/><N who="0" m="62807" /><D15/><U89/><E89/><N who="3" m="33802" /><G7/><T95/><D95/><U41/><E41/><V72/><F72/><W73/><G73/><T5/><D5/><U110/><E110/><V75/><F75/><W64/><G64/><T133/><D133/><U14/><E14/><V40/><F129/><N who="1" m="49737" /><E6/><V127/><F127/><W4/><G4/><T33/><D33/><U22/><E21/><V88/><F101/><W9/><G9/><T61/><AGARI ba="1,1" hai="8,11,42,44,50,61,66,71" m="62807,46090" machi="61" ten="30,1100,0" yaku="13,1" doraHai="24" who="0" fromWho="0" sc="176,24,334,-6,240,-4,240,-4" /><INIT seed="2,0,0,4,4,120" ten="200,328,236,236" oya="2" hai0="116,73,111,113,6,123,106,124,131,37,72,70,102" hai1="46,31,108,28,69,4,15,126,88,19,50,21,75" hai2="59,81,38,100,122,51,91,112,71,33,8,74,92" hai3="89,47,125,64,117,93,98,57,77,127,87,63,118"/><V129/><F122/><W56/><G47/><T82/><RYUUKYOKU type="yao9" ba="0,0" sc="200,0,328,0,236,0,236,0" hai0="6,37,70,72,73,82,102,106,111,113,116,123,124,131" /><INIT seed="2,1,0,5,3,50" ten="200,328,236,236" oya="2" hai0="19,21,3,39,66,48,79,34,86,47,35,58,43" hai1="23,57,81,89,117,7,134,110,124,92,98,38,63" hai2="67,105,11,135,87,31,37,13,51,64,91,55,130" hai3="41,114,77,115,42,93,20,129,8,120,85,24,112"/><V54/><F37/><W32/><G120/><T27/><D3/><U59/><E110/><V132/><F105/><W97/><G129/><T46/><D58/><U40/><E117/><V69/><F130/><W121/><G32/><T0/><D66/><N who="2" m="25130" /><F69/><W62/><G121/><T12/><D0/><U101/><E124/><V116/><F31/><N who="3" m="17799" /><G62/><T80/><REACH who="0" step="1"/><D27/><REACH who="0" ten="190,328,236,236" step="2"/><U133/><E57/><V119/><F119/><W28/><G115/><T29/><D29/><U65/><E59/><V72/><F116/><W84/><G28/><T102/><D102/><U52/><E65/><V111/><F111/><W109/><G109/><T96/><D96/><U94/><E98/><V125/><F125/><W76/><G112/><T45/><D45/><N who="1" m="23703" /><E101/><V14/><F135/><W88/><G114/><T70/><D70/><U25/><E134/><V5/><F132/><W60/><G97/><T56/><D56/><N who="1" m="35207" /><E133/><V15/><F72/><W106/><G60/><T53/><AGARI ba="1,1" hai="12,19,21,34,35,39,43,46,47,48,53,79,80,86" machi="53" ten="20,5200,0" yaku="1,1,0,1,7,1,52,1,53,0" doraHai="50" doraHaiUra="118" who="0" fromWho="0" sc="190,65,328,-14,236,-27,236,-14" /><INIT seed="3,0,0,1,1,80" ten="255,314,209,222" oya="3" hai0="107,58,74,97,56,60,128,88,22,55,131,20,71" hai1="91,104,41,19,121,46,106,11,65,81,49,29,94" hai2="116,54,118,100,35,36,70,69,39,99,64,79,66" hai3="44,133,73,101,45,13,84,96,3,40,90,32,42"/><W10/><G133/><T120/><D71/><N who="2" m="27146" /><F99/><W52/><G73/><T130/><D120/><U43/><E121/><V38/><F100/><W34/><G3/><T2/><D2/><U21/><E65/><N who="2" m="25195" /><F79/><W26/><G34/><T61/><D74/><U87/><E41/><N who="3" m="15978" /><G32/><T86/><D97/><N who="1" m="57567" /><E106/><V124/><F35/><W135/><G135/><T5/><D5/><U17/><E104/><V122/><F122/><W4/><G52/><N who="0" m="33799" /><D107/><U47/><E47/><N who="3" m="17994" /><G26/><T28/><D28/><U132/><E132/><V72/><F72/><W105/><G105/><T115/><D115/><U89/><E11/><V37/><N who="2" m="9216" /><DORA hai="127" /><V67/><N who="2" m="25203" /><V98/><DORA hai="114" /><F98/><W6/><G96/><T134/><D134/><U68/><E68/><V77/><F77/><W102/><G6/><T78/><D78/><U23/><E29/><V92/><F92/><AGARI ba="0,0" hai="4,10,13,84,90,92,101,102" m="17994,15978" machi="92" ten="30,2900,0" yaku="8,1,52,1" doraHai="80,127,114" who="3" fromWho="2" sc="255,0,314,0,209,-29,222,29" /><AGARI ba="0,0" hai="20,22,55,58,61,86,88,92,128,130,131" m="33799" machi="92" ten="30,12000,2" yaku="19,1,52,4,54,2" doraHai="80,127,114" who="0" fromWho="2" sc="255,120,314,0,180,-120,251,0" /><INIT seed="3,1,0,5,1,28" ten="375,314,60,251" oya="3" hai0="135,9,66,65,58,84,115,32,56,2,72,91,119" hai1="57,127,15,100,112,89,45,105,10,60,27,128,120" hai2="29,102,131,87,82,110,38,77,130,111,26,69,35" hai3="13,106,62,50,36,122,107,99,95,83,104,14,81"/><W78/><G36/><T123/><D119/><U103/><E120/><V88/><F38/><W43/><G122/><T67/><D72/><U94/><E112/><V68/><F68/><W114/><G114/><T4/><D123/><U113/><E113/><V64/><F64/><W98/><G62/><T25/><D115/><U17/><E127/><V124/><F69/><W63/><G63/><T59/><D135/><U76/><E128/><V48/><F48/><W44/><G83/><T80/><D32/><U97/><E76/><V116/><F26/><W118/><G118/><T34/><D34/><U18/><E45/><V39/><F39/><W90/><REACH who="3" step="1"/><G99/><REACH who="3" ten="375,314,60,241" step="2"/><T126/><D126/><U37/><E37/><V51/><F51/><W86/><AGARI ba="1,1" hai="13,14,43,44,50,78,81,86,90,95,98,104,106,107" machi="86" ten="30,11700,0" yaku="1,1,2,1,0,1,53,1" doraHai="28" doraHaiUra="74" who="3" fromWho="3" sc="375,-40,314,-40,60,-40,241,130" owari="335,13.5,274,-12.6,20,-48.0,371,47.1" /></mjloggm>