<mjloggm ver="2.3"><GO type="225" lobby="0"/><UN n0="%E6%97%A5%E6%9B%9C%E6%97%A5%E3%82%88%E3%82%8A%E3%81%AE%E4%BD%BF%E8%80%85" n1="%6D%75%75%6D%75%72%61" n2="%E5%A4%96%E5%B7%9D%E7%AB%9C%E6%88%90" n3="%E3%81%86%E3%83%BC%E3%81%B1%E3%83%BC" dan="18,16,16,16" rate="2180.77,2124.69,2220.13,2138.31" sx="M,F,M,F"/><TAIKYOKU oya="0"/><INIT seed="0,0,0,0,5,67" ten="250,250,250,250" oya="0" hai0="104,102,16,83,101,76,121,133,55,84,59,91,36" hai1="0,38,66,8,63,86,119,135,64,71,42,106,87" hai2="92,107,123,88,41,124,12,114,47,58,22,33,25" hai3="28,30,79,90,45,2,70,9,134,118,74,77,4"/><T129/><D121/><U93/><E119/><V49/><F123/><W120/><G118/><T127/><D36/><U78/><E106/><V111/><F114/><W23/><G120/><T110/><D127/><U122/><E122/><V94/><F107/><W61/><G134/><T51/><D133/><U57/><E135/><V10/><F124/><W128/><G128/><T17/><D129/><U1/><E78/><V52/><F33/><W43/><G90/><T105/><D110/><U117/><E117/><V100/><F100/><W15/><G15/><T115/><D115/><U72/><E72/><V48/><F111/><W81/><G23/><T11/><D11/><U19/><E19/><V20/><F94/><W35/><G79/><T13/><D13/><U7/><E1/><V89/><F25/><W125/><G35/><T85/><D105/><U69/><E66/><V80/><F80/><W65/><REACH who="3" step="1"/><G125/><REACH who="3" ten="250,250,250,240" step="2"/><T68/><D104/><U44/><REACH who="1" step="1"/><E86/><REACH who="1" ten="250,240,250,240" step="2"/><N who="2" m="52247" /><F89/><AGARI ba="0,2" hai="0,7,8,38,42,44,57,63,64,69,71,87,89,93" machi="89" ten="40,8000,1" yaku="1,1,52,2,53,1" doraHai="67" doraHaiUra="60" who="1" fromWho="2" sc="250,0,240,100,250,-80,240,0" /><INIT seed="1,0,0,5,4,32" ten="250,340,170,240" oya="1" hai0="65,6,46,126,106,111,15,37,43,48,87,3,122" hai1="64,4,16,47,135,28,26,120,54,52,101,84,76" hai2="63,60,131,103,102,77,133,134,92,8,13,24,12" hai3="80,121,17,67,2,104,57,70,100,118,115,109,40"/><U117/><E117/><V19/><F77/><W41/><G115/><T55/><D106/><U68/><E120/><V50/><F50/><W14/><G121/><T132/><D122/><U75/><E75/><V79/><F79/><W42/><G118/><T56/><D111/><U107/><E135/><N who="2" m="51723" /><F131/><W25/><G70/><T39/><D132/><U124/><E124/><V81/><F81/><W20/><G109/><T123/><D126/><U66/><E68/><V69/><F69/><W34/><G2/><T116/><D123/><U11/><E107/><V72/><F72/><W86/><G100/><N who="2" m="38441" /><F92/><W113/><G104/><T125/><D125/><U130/><E101/><V93/><F93/><W23/><G34/><T110/><D110/><U5/><E130/><V61/><F24/><W90/><G113/><T94/><D116/><U74/><E74/><V49/><F49/><W71/><G71/><T88/><D65/><N who="1" m="25195" /><E47/><V82/><F82/><W83/><G80/><T98/><D39/><U62/><E84/><V91/><F91/><W73/><G73/><T95/><D95/><U108/><E76/><V58/><F13/><W105/><G105/><T89/><D15/><N who="1" m="7295" /><E108/><V31/><F31/><N who="3" m="17831" /><G67/><AGARI ba="0,0" hai="8,12,19,58,60,61,63,67" m="38441,51723" machi="67" ten="30,1000,0" yaku="20,1" doraHai="32" who="2" fromWho="3" sc="250,0,340,0,170,10,240,-10" /><INIT seed="2,0,0,0,0,36" ten="250,340,180,230" oya="2" hai0="90,21,10,51,129,135,25,99,116,64,48,65,28" hai1="91,56,68,31,4,121,8,69,58,27,9,61,18" hai2="78,117,40,101,104,127,13,35,17,107,60,67,14" hai3="50,3,59,97,120,79,53,20,37,80,76,83,38"/><V86/><F117/><W93/><G20/><T73/><D73/><U42/><E121/><V110/><F35/><W123/><G3/><T63/><D116/><U23/><E91/><V32/><F32/><W62/><G123/><T109/><D109/><U122/><E122/><V22/><F110/><W100/><G120/><T131/><D10/><U119/><E119/><V11/><F127/><W87/><REACH who="3" step="1"/><G62/><REACH who="3" ten="250,340,180,220" step="2"/><T118/><D118/><U5/><E61/><V7/><F101/><W2/><G2/><T96/><D63/><U70/><E23/><V0/><F0/><W46/><G46/><T126/><D21/><U133/><E31/><V77/><F104/><W16/><G16/><T24/><D28/><U88/><E18/><V114/><F107/><W12/><G12/><T106/><D106/><U54/><E27/><V111/><F111/><W19/><G19/><T103/><D103/><U113/><E4/><V6/><F6/><W130/><G130/><T15/><D15/><U26/><E5/><V95/><F114/><W102/><G102/><T125/><D24/><U128/><E26/><V84/><F40/><W81/><G81/><T115/><D25/><U108/><E113/><V71/><REACH who="2" step="1"/><F95/><REACH who="2" ten="250,340,170,220" step="2"/><W82/><G82/><T72/><D115/><U75/><E108/><V55/><F55/><W29/><G29/><T66/><D129/><U34/><E42/><V74/><F74/><AGARI ba="0,2" hai="37,38,50,53,59,74,76,79,80,83,87,93,97,100" machi="74" ten="30,2000,0" yaku="1,1,7,1,53,0" doraHai="36" doraHaiUra="85" who="3" fromWho="2" sc="250,0,340,0,170,-20,220,40" /><INIT seed="3,0,0,0,3,108" ten="250,340,150,260" oya="3" hai0="40,45,133,52,101,29,61,7,16,97,120,82,119" hai1="32,112,70,109,35,106,93,129,132,14,78,9,26" hai2="91,67,4,42,66,21,6,84,24,34,86,2,77" hai3="69,83,103,3,22,19,114,11,111,17,72,113,102"/><W128/><G69/><T87/><D119/><U131/><E106/><V55/><F34/><W89/><G111/><T80/><D120/><U99/><E109/><V10/><F42/><W38/><G38/><T60/><D133/><U105/><E105/><V15/><F2/><W44/><G44/><T124/><D29/><U64/><E132/><V37/><F37/><W5/><G128/><N who="1" m="49226" /><E112/><V13/><F55/><W100/><G19/><T47/><D7/><N who="1" m="3391" /><E78/><V73/><F73/><W33/><G33/><T59/><D124/><U50/><E26/><V36/><F36/><W74/><G74/><T130/><D130/><U30/><E30/><V81/><F15/><W65/><G65/><T110/><D110/><U118/><E118/><V53/><F53/><W135/><G135/><T12/><D61/><N who="1" m="40207" /><E50/><V94/><REACH who="2" step="1"/><F4/><REACH who="2" ten="250,340,140,260" step="2"/><W56/><G72/><T121/><D12/><U62/><E62/><V63/><F63/><W23/><G5/><T98/><D60/><U0/><E0/><V8/><F8/><W49/><G11/><T104/><D52/><U123/><E123/><V90/><F90/><AGARI ba="0,1" hai="32,35,90,93,99" m="40207,3391,49226" machi="90" ten="30,1000,0" yaku="19,1" doraHai="108" who="1" fromWho="2" sc="250,0,340,20,140,-10,260,0" owari="250,-15.0,360,46.0,130,-37.0,260,6.0" /></mjloggm>