<mjloggm ver="2.3"><GO type="225" lobby="0"/><UN n0="%E3%81%A1%E3%82%85%E3%81%86%E3%81%A9%E3%81%8F%E8%B1%A1%E3%81%95%E3%82%93" n1="%74%61%6B%75%61%6B%61" n2="%72%61%6B%33" n3="%48%61%61%61%6C%61%6E%64" dan="16,17,16,17" rate="2160.60,2212.22,2174.56,2161.01" sx="M,M,M,M"/><TAIKYOKU oya="0"/><INIT seed="0,0,0,5,0,112" ten="250,250,250,250" oya="0" hai0="42,62,119,31,49,60,63,87,7,81,91,103,51" hai1="110,40,131,134,66,76,75,115,100,84,13,12,93" hai2="29,36,85,38,14,9,96,44,122,25,57,109,120" hai3="108,52,90,95,121,23,125,97,67,69,113,135,118"/><T111/><D7/><U16/><E110/><V129/><F109/><W79/><G108/><T101/><D111/><U37/><E131/><V94/><F129/><W21/><G113/><T88/><D31/><U117/><E134/><V5/><F85/><W46/><G135/><T19/><D19/><U123/><E123/><V61/><F38/><W26/><G121/><T27/><D27/><U128/><E128/><V68/><F68/><W32/><G125/><T39/><D119/><U106/><E66/><V11/><F11/><W45/><G118/><T89/><D39/><U8/><E115/><V77/><F77/><W73/><G32/><T55/><D42/><U35/><E35/><V86/><F86/><W0/><G0/><T54/><D87/><U127/><E127/><V65/><F44/><W126/><G126/><T6/><D6/><U1/><E1/><V30/><F30/><W33/><G33/><T132/><D81/><U43/><E37/><V74/><F74/><W133/><G133/><T58/><REACH who="0" step="1"/><D132/><REACH who="0" ten="240,250,250,250" step="2"/><U104/><E16/><V130/><F36/><W78/><G26/><T15/><D15/><U72/><E13/><V114/><F114/><W50/><G73/><T3/><D3/><U24/><E72/><V80/><F80/><W71/><G97/><T2/><D2/><U102/><E75/><V47/><F130/><W70/><G21/><T59/><AGARI ba="0,1" hai="49,51,54,55,58,59,60,62,63,88,89,91,101,103" machi="59" ten="30,18000,2" yaku="1,1,0,1,9,1,8,1,54,1,53,2" doraHai="112" doraHaiUra="98" who="0" fromWho="0" sc="240,190,250,-60,250,-60,250,-60" /><INIT seed="0,1,0,0,5,71" ten="430,190,190,190" oya="0" hai0="79,44,100,43,66,65,75,39,38,62,105,83,5" hai1="58,81,96,12,119,46,102,124,86,107,25,57,61" hai2="104,132,54,92,123,121,33,11,29,120,41,77,63" hai3="45,98,15,64,23,112,127,26,60,78,1,49,16"/><T134/><D134/><U28/><E119/><V73/><F132/><W129/><G112/><T128/><D128/><U130/><E130/><V103/><F11/><W19/><G129/><T37/><D5/><U87/><E124/><V4/><F4/><W36/><G1/><T20/><D20/><U22/><E12/><V84/><F54/><W114/><G114/><T101/><D66/><U76/><E46/><V135/><F135/><W125/><G98/><N who="0" m="61591" /><D101/><U7/><E7/><V18/><F18/><W117/><G117/><T17/><D17/><U69/><E69/><AGARI ba="1,0" hai="37,38,39,43,44,62,65,69,75,79,83" m="61591" machi="69" ten="30,12000,1" yaku="33,2,52,3" doraHai="71" who="0" fromWho="1" sc="430,123,190,-123,190,0,190,0" /><INIT seed="0,2,0,0,1,111" ten="553,67,190,190" oya="0" hai0="75,32,130,126,35,27,85,43,46,121,64,79,95" hai1="36,66,69,6,84,56,80,11,68,45,42,23,100" hai2="119,55,3,67,34,49,59,25,33,29,20,0,76" hai3="134,98,47,30,108,113,97,57,4,62,135,128,92"/><T58/><D121/><U53/><E100/><V91/><F119/><W77/><G108/><T5/><D75/><U101/><E101/><V16/><F76/><W129/><G113/><T44/><D27/><U124/><E124/><V8/><F67/><W131/><G30/><T103/><D44/><U78/><E23/><V10/><F91/><W82/><G4/><T15/><D103/><U104/><E66/><V38/><F38/><W118/><G47/><T1/><D1/><N who="2" m="586" /><F49/><W114/><G114/><T41/><D95/><U133/><E133/><N who="3" m="50698" /><G92/><T13/><D46/><U72/><E104/><V120/><F55/><N who="3" m="34111" /><G118/><T60/><D5/><U7/><E84/><AGARI ba="2,0" hai="77,82,84,97,98,128,129,131" m="34111,50698" machi="84" ten="40,2600,0" yaku="19,1,20,1" doraHai="111" who="3" fromWho="1" sc="553,0,67,-32,190,0,190,32" /><INIT seed="1,0,0,0,4,49" ten="553,35,190,222" oya="1" hai0="131,50,107,134,60,3,104,62,32,113,8,58,133" hai1="48,43,0,111,17,2,42,52,100,70,132,86,20" hai2="15,33,41,38,54,9,106,76,121,65,128,92,79" hai3="84,101,96,80,36,78,108,21,37,91,73,103,10"/><U11/><E70/><V125/><F106/><W44/><G108/><T120/><D32/><U102/><E132/><V83/><F121/><W72/><G103/><T29/><D29/><U85/><E111/><V46/><F33/><W69/><G69/><T16/><D50/><U28/><E28/><V105/><F105/><W39/><G21/><T61/><D131/><U114/><E114/><V26/><F128/><W88/><G10/><T109/><D109/><U123/><E123/><V110/><F110/><W93/><REACH who="3" step="1"/><G44/><REACH who="3" ten="553,35,190,212" step="2"/><T75/><D8/><U124/><E11/><V22/><F125/><W7/><G7/><T30/><D120/><U97/><E124/><V82/><F22/><W18/><G18/><T119/><D16/><U77/><E0/><V115/><F9/><W64/><G64/><T53/><D113/><U118/><E2/><V122/><F65/><W67/><G67/><T135/><D119/><U87/><E118/><V27/><F115/><W116/><G116/><T57/><D3/><U117/><E117/><V1/><F1/><W66/><G66/><T112/><D112/><U98/><E77/><V130/><F122/><W24/><G24/><T25/><D75/><AGARI ba="0,1" hai="36,37,39,72,73,75,78,80,84,88,91,93,96,101" machi="75" ten="50,6400,0" yaku="1,1,54,1,53,1" doraHai="49" doraHaiUra="81" who="3" fromWho="0" sc="553,-64,35,0,190,0,212,74" /><INIT seed="2,0,0,2,5,98" ten="489,35,190,286" oya="2" hai0="96,120,104,18,6,126,14,127,67,63,118,29,22" hai1="121,17,52,48,107,122,9,61,49,66,114,93,82" hai2="117,135,39,8,32,79,91,85,123,1,132,35,133" hai3="25,95,15,41,103,65,110,30,94,97,92,60,4"/><V36/><F117/><W71/><G110/><T46/><D118/><U54/><E107/><V34/><F123/><N who="1" m="47113" /><E82/><V76/><F1/><W86/><G41/><T77/><D6/><U130/><E93/><V43/><F8/><W80/><G15/><T125/><D29/><U16/><E9/><V27/><F27/><W119/><G4/><T101/><D77/><N who="2" m="29770" /><F43/><W12/><G12/><T0/><D0/><U21/><E114/><V116/><F116/><W31/><G119/><T28/><D28/><U69/><E130/><V72/><F72/><W37/><G37/><N who="2" m="14409" /><F85/><W124/><G30/><T3/><D3/><U113/><E113/><V42/><F42/><W81/><G31/><T19/><D19/><N who="1" m="7243" /><E21/><V45/><F45/><W33/><G25/><T26/><D120/><U87/><E87/><V51/><F51/><AGARI ba="0,0" hai="48,49,51,52,54,61,66,69" m="7243,47113" machi="51" ten="30,3900,0" yaku="13,1,54,2" doraHai="98" who="1" fromWho="2" sc="489,0,35,39,190,-39,286,0" /><INIT seed="3,0,0,2,3,9" ten="489,74,151,286" oya="3" hai0="46,2,92,15,36,71,84,13,11,101,27,90,70" hai1="53,18,118,91,106,75,17,88,49,56,8,109,96" hai2="107,57,82,123,24,31,98,119,110,132,125,64,60" hai3="12,62,22,30,40,95,19,117,129,83,94,43,105"/><W37/><G117/><T47/><D101/><U21/><E109/><V72/><F119/><W35/><G105/><T111/><D27/><U80/><E118/><V25/><F125/><W87/><G129/><T50/><D2/><U4/><E106/><V135/><F110/><W20/><G35/><T39/><D111/><U10/><E96/><V74/><F123/><W127/><G127/><T120/><D13/><N who="1" m="5255" /><E75/><V44/><F44/><W79/><G62/><T102/><D102/><U63/><E80/><V76/><F74/><W7/><G7/><T54/><D120/><U38/><E38/><V48/><F48/><W108/><G108/><T73/><D73/><U69/><E69/><V58/><F58/><W100/><G37/><T5/><D36/><U115/><E115/><V66/><F66/><W78/><G78/><T113/><D113/><U33/><E33/><V34/><F25/><N who="3" m="16679" /><G100/><T67/><D67/><U0/><E0/><V42/><F42/><AGARI ba="0,0" hai="12,19,22,40,42,43,79,83,87,94,95" m="16679" machi="42" ten="30,2900,0" yaku="8,1,52,1" doraHai="9" who="3" fromWho="2" sc="489,0,74,0,151,-29,286,29" /><INIT seed="3,1,0,4,0,125" ten="489,74,122,315" oya="3" hai0="106,48,87,7,98,102,90,40,9,72,29,8,101" hai1="31,37,30,118,19,79,122,26,49,6,71,35,119" hai2="73,50,91,18,24,55,46,116,94,61,51,22,120" hai3="64,99,14,92,3,130,93,133,17,57,105,62,100"/><W96/><G133/><T25/><D72/><U128/><E37/><V20/><F116/><N who="1" m="44585" /><E71/><V109/><F109/><W1/><G130/><T39/><D102/><U59/><E79/><V129/><F129/><W38/><G38/><T53/><D39/><U27/><E49/><N who="2" m="29111" /><F73/><W56/><G56/><T78/><D78/><U110/><E59/><V80/><F120/><W33/><G33/><T28/><D40/><U60/><E60/><V76/><F61/><W104/><G104/><T131/><D131/><U32/><E128/><V86/><F22/><W47/><G47/><T127/><D127/><U63/><E63/><V4/><F4/><W34/><G34/><N who="1" m="12842" /><E110/><V15/><F24/><N who="1" m="9257" /><E122/><V21/><F21/><W123/><G123/><T12/><D8/><U132/><E132/><V43/><F43/><W58/><G58/><T124/><D124/><U103/><E103/><V70/><F70/><W97/><G105/><T77/><D25/><U88/><E88/><N who="2" m="53527" /><F76/><W89/><REACH who="3" step="1"/><G97/><REACH who="3" ten="489,74,122,305" step="2"/><T65/><D98/><U0/><E19/><V82/><F18/><W36/><G36/><T75/><D106/><U23/><E23/><AGARI ba="1,1" hai="1,3,14,17,23,57,62,64,89,92,93,96,99,100" machi="23" ten="30,2900,0" yaku="1,1,7,1,53,0" doraHai="125" doraHaiUra="68" who="3" fromWho="1" sc="489,0,74,-32,122,0,305,42" /><INIT seed="3,2,0,2,0,67" ten="489,42,122,347" oya="3" hai0="39,101,130,64,23,68,82,107,45,56,49,4,58" hai1="76,114,117,100,85,78,131,80,99,111,79,18,63" hai2="28,7,38,113,121,96,104,22,13,135,5,31,108" hai3="15,98,6,102,16,54,35,74,17,36,119,42,65"/><W132/><G119/><T84/><D4/><U3/><E3/><V57/><F96/><W71/><G74/><T109/><D39/><U19/><E114/><V8/><F57/><W40/><G132/><T116/><D116/><U24/><E111/><V92/><F92/><W115/><G115/><T134/><D134/><U0/><E0/><V112/><F104/><W87/><G35/><T20/><D68/><U86/><E117/><V106/><F106/><W9/><G87/><T124/><D109/><U61/><E131/><V105/><F105/><W12/><G54/><T95/><D107/><U34/><E34/><V88/><F88/><W29/><G29/><T127/><D130/><U70/><E24/><V2/><F38/><W91/><G102/><T30/><D95/><U62/><E70/><V43/><F43/><W118/><G118/><T77/><D101/><U14/><E80/><V11/><F135/><W21/><G36/><T126/><D64/><U48/><E48/><V59/><F108/><W26/><G91/><T10/><D10/><U66/><E66/><V32/><F32/><W60/><REACH who="3" step="1"/><G98/><REACH who="3" ten="489,42,122,337" step="2"/><T53/><D30/><U44/><E99/><V122/><F31/><W1/><G1/><T94/><D124/><U72/><E72/><V97/><F97/><W75/><G75/><N who="0" m="43327" /><D127/><U41/><E100/><V128/><F113/><W50/><G50/><T33/><D126/><U110/><E110/><V55/><F112/><W37/><G37/><T93/><D33/><U103/><E103/><V90/><F2/><W69/><G69/><T73/><D73/><U123/><E85/><RYUUKYOKU ba="2,1" sc="489,-10,42,-10,122,-10,337,30" hai3="6,9,12,15,16,17,21,26,40,42,60,65,71" /><INIT seed="3,3,1,5,4,100" ten="479,32,112,367" oya="3" hai0="84,133,77,72,82,122,96,12,20,76,21,118,59" hai1="67,105,134,86,131,79,94,28,53,125,107,22,103" hai2="117,32,46,27,13,60,31,129,8,45,11,132,113" hai3="16,58,49,2,93,9,56,30,42,52,69,98,130"/><W106/><G130/><T102/><D122/><U18/><E125/><V3/><F60/><W48/><G69/><T110/><D118/><U104/><E131/><V36/><F46/><N who="3" m="25687" /><G106/><T54/><D110/><U24/><E134/><V47/><F47/><N who="3" m="27711" /><G30/><T64/><D64/><U73/><E67/><V50/><F11/><W81/><G81/><T66/><D66/><U5/><E5/><V62/><F62/><W91/><G2/><T85/><D133/><U120/><E120/><V10/><F50/><W43/><G43/><T115/><D115/><U97/><E53/><V89/><F45/><W41/><G41/><T6/><D6/><U61/><E61/><V55/><F55/><W116/><G116/><T51/><D76/><U17/><REACH who="1" step="1"/><E73/><REACH who="1" ten="479,22,112,367" step="2"/><V90/><F132/><W35/><G35/><T68/><D68/><U70/><E70/><V111/><F32/><W114/><G114/><T121/><D121/><U80/><AGARI ba="3,2" hai="17,18,22,24,28,79,80,86,94,97,103,104,105,107" machi="80" ten="40,8000,1" yaku="1,1,0,1,52,3,53,0" doraHai="100" doraHaiUra="37" who="1" fromWho="1" sc="479,-23,22,109,112,-23,367,-43" owari="456,55.6,131,-26.9,89,-41.1,324,12.4" /></mjloggm>