<mjloggm ver="2.3"><GO type="225" lobby="0"/><UN n0="%E6%A1%9C%E8%8A%B1%E9%96%83%E3%80%85" n1="%E3%82%82%E3%81%90%E3%82%89" n2="%E5%B8%86%E7%AB%8B%E5%A4%8F%E8%A1%A3" n3="%E5%AF%82%E5%AF%9E%E3%82%AE%E3%83%8D%E3%82%B9%E3%83%93%E3%83%BC%E3%83%AB" dan="18,17,16,16" rate="2269.00,2191.99,2074.67,2162.58" sx="M,M,M,M"/><TAIKYOKU oya="0"/><INIT seed="0,0,0,5,2,24" ten="250,250,250,250" oya="0" hai0="98,86,67,79,103,45,34,12,19,13,66,128,77" hai1="100,44,116,126,108,3,53,87,117,36,31,89,63" hai2="101,47,110,112,122,80,6,49,72,35,22,46,61" hai3="29,90,52,42,17,135,124,83,125,73,15,85,84"/><T26/><D128/><U129/><E108/><V32/><F112/><W40/><G73/><T54/><D12/><U82/><E3/><V38/><F122/><W25/><G135/><T33/><D33/><U97/><E129/><V62/><F110/><W74/><G74/><T71/><D54/><U107/><E126/><N who="3" m="48746" /><G85/><T130/><D130/><U39/><E31/><V56/><F101/><W99/><G99/><T91/><D45/><U64/><E39/><V133/><F6/><W106/><G106/><T16/><D71/><U28/><E28/><V134/><F72/><W76/><G76/><N who="0" m="29259" /><D34/><U111/><E111/><V114/><F35/><N who="3" m="20911" /><G52/><T59/><D26/><U68/><E53/><V41/><F32/><W55/><G55/><T69/><D98/><U60/><E60/><V81/><F62/><W27/><G27/><T30/><D103/><U96/><E96/><V57/><F61/><W43/><G43/><T102/><D102/><U105/><E105/><V113/><F41/><W48/><G48/><T9/><D67/><U131/><E131/><V120/><F49/><W119/><G119/><T94/><D69/><U118/><E44/><V75/><F75/><W14/><G14/><N who="0" m="7247" /><D66/><U37/><AGARI ba="0,0" hai="36,37,63,64,68,82,87,89,97,100,107,116,117,118" machi="37" ten="40,1500,0" yaku="0,1" doraHai="24" who="1" fromWho="1" sc="250,-7,250,15,250,-4,250,-4" /><INIT seed="1,0,0,0,3,93" ten="243,265,246,246" oya="1" hai0="124,111,71,80,122,88,84,8,38,7,109,53,107" hai1="5,79,134,105,19,66,74,81,118,48,52,16,32" hai2="104,77,132,41,25,87,40,103,2,60,47,86,135" hai3="43,31,115,11,37,27,42,95,36,83,112,69,30"/><U20/><E118/><V106/><F2/><W129/><G95/><T21/><D124/><U82/><E32/><V15/><F25/><W99/><G27/><T127/><D127/><U45/><E134/><N who="2" m="51243" /><F60/><W49/><G49/><T28/><D38/><U119/><E119/><V59/><F59/><W1/><G11/><T23/><D71/><U67/><E105/><N who="2" m="40555" /><F103/><W78/><G69/><T126/><D126/><U0/><E19/><V14/><F77/><W97/><G78/><T123/><D53/><U22/><E22/><N who="0" m="8201" /><D28/><U70/><E70/><V56/><F56/><W10/><G10/><T55/><D55/><U120/><E120/><N who="0" m="46121" /><D107/><U58/><E58/><V13/><F47/><W75/><G1/><AGARI ba="0,0" hai="1,7,8,80,84,88,109,111" m="46121,8201" machi="1" ten="30,2000,0" yaku="13,1,54,1" doraHai="93" who="0" fromWho="3" sc="243,20,265,0,246,0,246,-20" /><INIT seed="2,0,0,3,1,8" ten="263,265,246,226" oya="2" hai0="59,9,27,86,85,123,110,118,67,3,22,73,55" hai1="89,130,43,36,16,107,129,33,34,91,65,124,87" hai2="103,66,101,100,76,128,24,13,132,48,25,109,94" hai3="69,37,82,106,134,114,11,108,57,62,99,46,78"/><V1/><F1/><W88/><G108/><T96/><D123/><U121/><E107/><V74/><F128/><N who="1" m="49257" /><E121/><V0/><F0/><W28/><G134/><T80/><D110/><U38/><E124/><V81/><F132/><W7/><G69/><T40/><D40/><U102/><E102/><V68/><F109/><W47/><G28/><T30/><D118/><U63/><E91/><V53/><F94/><N who="3" m="56775" /><G37/><N who="1" m="14442" /><E43/><V72/><F72/><W75/><G75/><T49/><D96/><U125/><E16/><V14/><F68/><W104/><G104/><T115/><D115/><U45/><E45/><V20/><F66/><N who="3" m="39247" /><G106/><T111/><D111/><U122/><E122/><V77/><F77/><W60/><G114/><T42/><D67/><U26/><E125/><V56/><REACH who="2" step="1"/><F25/><REACH who="2" ten="263,265,236,226" step="2"/><W90/><G78/><T52/><D27/><U23/><E26/><V127/><F127/><W61/><G82/><T12/><D3/><U131/><E131/><V79/><F79/><W64/><G64/><T119/><D80/><U2/><E2/><V21/><F21/><W135/><G135/><T29/><D22/><U31/><E23/><V98/><F98/><W35/><G35/><T112/><D112/><U70/><E34/><V117/><F117/><W105/><G105/><T71/><D119/><U97/><E97/><V32/><F32/><W51/><G90/><T44/><D73/><U113/><E33/><V120/><F120/><W50/><G11/><T39/><D71/><U15/><E113/><V133/><F133/><W10/><G10/><T58/><D9/><U95/><E70/><V19/><AGARI ba="0,1" hai="13,14,19,20,24,48,53,56,74,76,81,100,101,103" machi="19" ten="30,18000,2" yaku="1,1,5,1,0,1,52,2,53,1" doraHai="8" doraHaiUra="18" who="2" fromWho="2" sc="263,-60,265,-60,236,190,226,-60" /><INIT seed="2,1,0,2,1,74" ten="203,205,426,166" oya="2" hai0="72,84,80,43,42,38,11,62,89,132,125,49,66" hai1="101,106,52,31,4,64,94,118,130,10,117,124,15" hai2="88,2,96,123,81,127,99,73,100,113,7,23,86" hai3="111,110,119,91,37,63,76,79,68,19,59,41,105"/><V9/><F113/><W36/><G119/><T3/><D38/><N who="3" m="14953" /><G105/><T82/><D125/><U55/><E124/><V40/><F127/><W93/><G41/><T13/><D3/><U121/><E130/><V1/><F123/><W0/><G19/><T48/><D132/><U69/><E121/><V50/><F2/><W75/><G75/><T67/><D72/><U71/><E106/><V57/><F73/><W16/><G68/><T103/><D103/><U53/><E31/><V5/><F5/><W44/><G44/><N who="0" m="25623" /><D82/><U46/><E46/><V85/><F40/><W120/><G0/><T92/><D62/><U20/><E20/><V104/><F23/><W133/><G133/><T47/><D92/><U83/><E83/><V58/><F99/><N who="3" m="57791" /><G16/><AGARI ba="1,0" hai="11,13,16,43,47,49,66,67,80,84,89" m="25623" machi="16" ten="30,2000,0" yaku="8,1,54,1" doraHai="74" who="0" fromWho="3" sc="203,23,205,0,426,0,166,-23" /><INIT seed="3,0,0,2,5,23" ten="226,205,426,143" oya="3" hai0="29,9,99,114,134,121,62,38,75,100,56,95,135" hai1="85,69,1,44,0,36,4,120,6,77,3,55,119" hai2="35,87,67,81,93,118,50,47,15,108,7,82,84" hai3="130,25,14,52,132,31,112,133,105,13,83,79,109"/><W20/><G112/><T66/><D121/><U88/><E120/><V33/><F33/><W16/><G105/><T106/><D114/><U125/><E69/><V27/><F118/><W37/><G37/><T78/><D38/><U10/><E119/><V110/><F67/><W129/><G109/><N who="2" m="42089" /><F27/><N who="3" m="14727" /><G52/><T45/><D45/><U92/><E125/><V63/><F63/><W18/><G83/><N who="2" m="31753" /><F93/><W17/><G79/><T34/><D56/><U46/><E77/><V28/><F28/><W51/><G51/><T26/><D78/><U122/><E122/><V80/><F80/><W59/><G59/><T107/><D75/><U43/><E6/><V8/><F35/><N who="3" m="20975" /><G18/><T113/><D113/><U103/><E103/><V97/><F97/><W42/><G42/><AGARI ba="0,0" hai="7,8,15,42,47,50,84,87" m="31753,42089" machi="42" ten="30,1000,0" yaku="14,1" doraHai="23" who="2" fromWho="3" sc="226,0,205,0,426,10,143,-10" owari="226,2.6,205,-19.5,436,53.6,133,-36.7" /></mjloggm>