<mjloggm ver="2.3"><GO type="225" lobby="0"/><UN n0="%E9%80%86%E9%80%A3%E5%B8%AF%E3%81%AE%E9%AC%BC" n1="%E3%81%BE%E3%81%A8%E3%81%9F" n2="%E6%81%A5%E6%99%92%E3%81%97" n3="%E3%81%99%E3%81%84%E3%81%BE%E3%81%9B%E3%83%BC%E3%82%93" dan="17,17,16,18" rate="2195.35,2156.54,2120.66,2280.25" sx="M,M,M,M"/><TAIKYOKU oya="0"/><INIT seed="0,0,0,3,4,119" ten="250,250,250,250" oya="0" hai0="10,34,48,88,125,41,37,110,21,23,20,106,0" hai1="8,67,69,105,120,94,78,81,92,55,101,131,117" hai2="73,53,33,59,132,27,109,128,97,70,64,123,112" hai3="91,46,83,116,134,40,6,133,126,77,113,129,127"/><T4/><D106/><U26/><E117/><V90/><F112/><W31/><G116/><T68/><D125/><N who="3" m="47625" /><G113/><T50/><D68/><U25/><E131/><V71/><F73/><W42/><G31/><T3/><D34/><U11/><E69/><V82/><F128/><W121/><G121/><T39/><D110/><U79/><E67/><V122/><F109/><W7/><G91/><T98/><D0/><U72/><E105/><V62/><F132/><N who="3" m="50795" /><G129/><T85/><D98/><U60/><E120/><V16/><F71/><W80/><G80/><T1/><D1/><U84/><E81/><V2/><F2/><W35/><G35/><T22/><N who="0" m="5120" /><DORA hai="87" /><T24/><D24/><U47/><E101/><V13/><F33/><W66/><G66/><T14/><D3/><U29/><E29/><V114/><F27/><W58/><G58/><T99/><D99/><U102/><E102/><V135/><F135/><W43/><G46/><T65/><D65/><U111/><E47/><V5/><F114/><W86/><AGARI ba="0,0" hai="6,7,40,42,43,77,83,86" m="50795,47625" machi="86" ten="40,2700,0" yaku="18,1,20,1" doraHai="119,87" who="3" fromWho="3" sc="250,-13,250,-7,250,-7,250,27" /><INIT seed="1,0,0,2,0,107" ten="237,243,243,277" oya="1" hai0="65,9,121,22,10,79,47,72,59,106,39,127,6" hai1="7,18,78,122,134,111,17,38,21,24,23,32,92" hai2="98,112,133,104,108,33,114,126,77,43,103,51,1" hai3="109,86,44,84,20,135,54,99,15,2,119,27,129"/><U0/><E38/><V123/><F1/><W85/><G2/><T19/><D121/><U118/><E92/><V82/><F123/><W90/><G109/><T62/><D127/><U68/><E78/><V45/><F108/><W76/><G135/><T70/><D106/><U132/><E68/><V52/><F126/><W101/><G129/><T57/><D79/><U115/><E111/><V105/><F133/><N who="1" m="51305" /><E122/><V30/><F105/><W14/><G90/><T124/><D124/><U53/><E53/><V96/><F96/><W117/><G76/><T94/><D94/><U50/><E50/><V8/><F8/><W26/><G26/><T48/><D39/><U80/><E80/><V34/><F43/><W31/><G44/><T74/><D59/><U40/><E40/><V120/><F120/><W88/><G54/><T131/><D70/><U91/><E91/><V95/><F104/><N who="3" m="63551" /><G88/><T83/><D83/><U4/><E115/><N who="2" m="44075" /><F30/><W36/><G36/><T60/><D131/><U93/><E93/><V42/><F42/><W28/><G28/><T58/><D10/><N who="1" m="2311" /><E7/><V125/><F125/><W64/><G64/><T66/><D6/><U46/><E46/><V63/><F63/><W25/><G119/><T71/><D9/><U100/><E100/><V11/><F11/><W29/><G117/><T12/><D71/><U16/><E118/><V116/><F116/><W13/><G86/><AGARI ba="0,0" hai="33,34,45,51,52,77,82,86,95,98,103" m="44075" machi="86" ten="30,2000,0" yaku="11,1,54,1" doraHai="107" who="2" fromWho="3" sc="237,0,243,0,243,20,277,-20" /><INIT seed="2,0,0,2,1,101" ten="237,243,263,257" oya="2" hai0="124,46,83,73,50,78,61,116,12,29,10,18,128" hai1="86,88,96,59,75,15,39,114,64,72,1,100,130" hai2="60,98,44,109,113,85,112,17,67,24,4,79,32" hai3="80,25,92,3,127,14,119,49,93,71,9,126,19"/><V104/><F4/><W5/><G119/><T34/><D128/><U33/><E1/><V31/><F109/><W115/><G71/><T91/><D124/><N who="3" m="47657" /><G115/><T16/><D116/><U111/><E33/><V54/><F17/><W63/><G63/><T47/><D91/><U125/><E39/><V95/><F54/><W38/><G38/><T41/><D61/><U132/><E125/><V121/><F44/><W107/><G107/><T53/><D18/><U6/><E111/><V131/><F131/><W87/><G49/><T89/><D89/><U48/><E132/><V23/><F121/><W36/><G25/><T133/><D133/><U76/><E76/><V106/><F112/><W0/><G36/><T62/><D62/><U37/><E37/><V7/><F113/><W77/><G0/><T103/><D103/><U35/><E130/><V102/><F32/><W55/><G55/><T110/><D110/><U122/><E35/><V117/><F117/><W65/><G65/><T20/><D34/><U30/><E64/><V134/><F134/><W8/><AGARI ba="0,0" hai="3,5,8,9,14,19,77,80,87,92,93" m="47657" machi="8" ten="30,1100,0" yaku="18,1" doraHai="101" who="3" fromWho="3" sc="237,-3,243,-3,263,-5,257,11" /><INIT seed="3,0,0,3,5,37" ten="234,240,258,268" oya="3" hai0="47,113,28,105,45,62,114,126,92,51,66,7,55" hai1="119,98,60,64,72,3,132,103,134,13,83,101,35" hai2="49,40,125,33,111,75,133,8,135,59,115,77,32" hai3="84,87,76,74,10,2,89,69,100,23,11,29,19"/><W93/><G69/><T81/><D105/><U14/><E3/><V27/><F115/><W110/><G2/><T68/><D28/><U9/><E35/><V20/><F111/><W63/><G74/><T107/><D107/><N who="1" m="63927" /><E103/><V54/><F75/><W82/><G110/><T5/><D126/><U120/><E120/><V1/><F77/><W104/><G29/><T56/><D92/><U70/><E119/><V38/><F125/><W58/><G100/><T80/><D5/><U42/><E42/><V97/><F97/><W30/><G30/><T52/><D7/><U0/><E0/><V26/><F8/><W4/><G4/><T43/><D81/><U112/><E9/><V131/><F1/><W18/><G18/><T94/><D80/><U88/><E112/><N who="0" m="43113" /><D94/><U21/><E21/><V6/><F6/><W91/><G76/><T22/><D22/><U118/><E118/><V17/><F131/><W129/><G129/><T24/><D24/><U90/><E72/><V99/><F99/><W67/><G104/><T130/><D130/><U57/><E70/><V25/><F32/><W123/><G123/><T106/><D106/><U16/><E83/><V108/><F108/><W61/><G10/><T102/><D102/><U85/><E85/><V31/><F27/><N who="3" m="14847" /><G11/><T46/><D55/><U79/><E79/><V95/><F95/><W36/><G93/><T127/><D127/><U86/><E86/><V109/><F109/><W117/><G87/><T73/><D73/><U53/><E16/><V121/><F121/><W34/><G84/><T128/><D128/><U41/><E53/><RYUUKYOKU ba="0,0" sc="234,15,240,-15,258,15,268,-15" hai0="43,45,46,47,51,52,56,62,66,68" hai2="17,20,25,26,31,33,38,40,49,54,59,133,135" /><INIT seed="4,1,0,0,3,85" ten="249,225,273,253" oya="0" hai0="0,113,43,106,120,130,107,125,58,51,31,91,52" hai1="20,3,25,44,66,23,28,46,117,6,114,34,80" hai2="29,100,92,133,119,103,33,95,11,129,67,86,62" hai3="128,65,1,132,115,88,12,96,45,121,87,15,60"/><T5/><D120/><U57/><E117/><V14/><F129/><W72/><G1/><T24/><D130/><U122/><E122/><V27/><F133/><W89/><G72/><T110/><D110/><U123/><E123/><V32/><F32/><W76/><G128/><T74/><D125/><U64/><E34/><V54/><F54/><W124/><G121/><T83/><D113/><U42/><E114/><V38/><F38/><W84/><G115/><T68/><D68/><U101/><E101/><V98/><F119/><W63/><G124/><T35/><D43/><U90/><E46/><V75/><F75/><W47/><G96/><T8/><REACH who="0" step="1"/><D91/><REACH who="0" ten="239,225,273,253" step="2"/><U97/><E42/><V30/><F103/><W7/><G132/><T4/><D4/><U108/><E6/><V56/><F33/><W69/><G69/><T77/><AGARI ba="1,1" hai="0,5,8,24,31,35,51,52,58,74,77,83,106,107" machi="77" ten="30,6000,0" yaku="1,1,0,1,54,1,53,0" doraHai="85" doraHaiUra="71" who="0" fromWho="0" sc="239,73,225,-21,273,-21,253,-21" owari="312,41.2,204,-29.6,252,5.2,232,-16.8" /></mjloggm>