<mjloggm ver="2.3"><GO type="225" lobby="0"/><UN n0="%45%6C%79%73%69%75%6D" n1="%72%61%6B%33" n2="%E3%81%A8%E3%82%93%E3%81%A8%E3%81%93%E3%81%A8%E3%82%93" n3="%E6%B8%A9%E2%98%85%E6%83%85%E2%98%85%E6%8E%AA%E2%98%85%E7%BD%AE" dan="17,16,16,17" rate="2137.42,2121.09,2142.66,2222.63" sx="F,M,F,M"/><TAIKYOKU oya="0"/><INIT seed="0,0,0,1,1,16" ten="250,250,250,250" oya="0" hai0="89,21,107,120,45,66,131,39,96,115,84,63,43" hai1="35,99,90,78,121,3,23,56,95,29,112,5,92" hai2="38,87,101,44,108,114,6,7,133,47,93,9,132" hai3="33,32,10,51,67,73,65,31,26,81,52,128,60"/><T100/><D115/><U46/><E121/><V82/><F114/><W64/><G128/><T98/><D120/><U17/><E112/><V97/><F108/><W28/><G10/><T8/><D131/><U24/><E78/><V122/><F122/><W42/><G42/><T79/><D79/><U76/><E76/><V70/><F70/><W86/><G73/><T106/><D98/><U50/><E56/><V58/><F58/><W104/><G104/><T123/><D123/><U125/><E125/><V37/><F87/><W30/><G60/><T118/><D118/><U22/><E17/><V53/><F82/><W111/><G111/><T11/><D107/><U126/><E126/><V59/><F44/><W18/><G18/><T41/><D41/><U13/><E3/><N who="2" m="223" /><F7/><W1/><G1/><T62/><D62/><U102/><E13/><V49/><F59/><W74/><G74/><T19/><D89/><U91/><E5/><V88/><F101/><W25/><G31/><T130/><D84/><U129/><E129/><V61/><F61/><W15/><G15/><T109/><D109/><U103/><E103/><V57/><F57/><W0/><G0/><T48/><D39/><U55/><E102/><V4/><F4/><W54/><REACH who="3" step="1"/><G51/><REACH who="3" ten="250,250,250,240" step="2"/><T36/><D48/><U105/><E105/><V71/><F71/><W124/><G124/><T27/><REACH who="0" step="1"/><D130/><REACH who="0" ten="240,250,250,240" step="2"/><U134/><E134/><AGARI ba="0,2" hai="37,38,47,49,53,88,93,97,132,133,134" m="223" machi="134" ten="30,2000,0" yaku="20,1,54,1" doraHai="16" who="2" fromWho="1" sc="240,0,250,-20,250,40,240,0" /><INIT seed="1,0,0,3,5,78" ten="240,230,290,240" oya="1" hai0="49,106,10,6,122,99,75,13,128,7,34,51,19" hai1="1,50,129,29,60,105,86,31,111,42,96,63,20" hai2="44,80,97,53,93,2,103,33,109,108,57,47,133" hai3="18,14,102,107,12,48,89,67,69,9,131,120,98"/><U32/><E1/><V104/><F33/><W11/><G120/><T61/><D34/><U17/><E129/><V38/><F2/><W55/><G131/><T39/><D39/><U100/><E111/><N who="2" m="42571" /><F133/><W127/><G127/><T28/><D128/><U68/><E86/><V54/><F38/><W8/><G67/><T46/><D75/><U64/><E63/><N who="2" m="36271" /><F104/><W110/><G69/><T95/><D106/><U27/><E31/><V65/><F65/><W117/><G117/><T77/><D28/><U82/><E82/><V112/><F112/><W134/><G134/><T88/><D122/><U126/><E126/><V40/><F40/><W24/><G110/><T119/><D119/><U26/><E42/><V125/><F125/><W21/><REACH who="3" step="1"/><G89/><REACH who="3" ten="240,230,290,230" step="2"/><T124/><D124/><U35/><E35/><V85/><F54/><W0/><G0/><T43/><D77/><AGARI ba="0,1" hai="44,47,77,80,85,93,97,103" m="36271,42571" machi="77" ten="30,2000,0" yaku="14,1,52,1" doraHai="78" who="2" fromWho="0" sc="240,-20,230,0,290,30,230,0" /><INIT seed="2,0,0,3,4,110" ten="220,230,320,230" oya="2" hai0="65,10,29,32,76,84,67,22,2,129,127,3,42" hai1="105,14,91,90,113,124,82,128,49,9,74,62,77" hai2="59,56,116,37,40,64,24,27,99,112,79,80,60" hai3="19,98,34,108,38,31,26,69,58,102,47,28,88"/><V35/><F116/><W0/><G69/><T101/><D129/><U54/><E128/><V123/><F123/><W57/><G108/><T86/><D127/><U92/><E124/><V66/><F112/><W23/><G0/><T8/><D32/><U111/><E111/><V68/><F37/><W89/><G31/><T17/><D101/><U71/><E105/><V97/><F40/><W36/><G36/><T132/><D132/><U16/><E113/><V100/><F35/><W106/><G47/><T18/><D42/><U133/><E133/><V93/><F97/><W73/><G73/><T72/><D29/><U4/><E92/><V109/><F109/><W96/><G38/><T125/><D125/><U118/><E118/><V120/><F120/><W117/><G117/><T134/><D134/><U81/><E81/><V52/><F68/><W104/><G104/><T119/><D119/><U114/><E114/><V5/><F5/><W75/><G75/><T43/><D43/><U51/><E4/><V33/><F33/><W39/><G39/><T87/><D72/><U122/><E122/><V48/><REACH who="2" step="1"/><F64/><REACH who="2" ten="220,230,310,230" step="2"/><N who="0" m="24650" /><D2/><U1/><E1/><V55/><F55/><W126/><G126/><T135/><D3/><U41/><E71/><V50/><F50/><N who="1" m="18953" /><E41/><V130/><F130/><W95/><REACH who="3" step="1"/><G89/><REACH who="3" ten="220,230,310,220" step="2"/><T131/><D135/><U63/><E91/><V30/><F30/><W12/><AGARI ba="0,2" hai="12,19,23,26,28,34,57,58,88,95,96,98,102,106" machi="12" ten="20,8000,1" yaku="1,1,2,1,0,1,7,1,54,1,53,0" doraHai="110" doraHaiUra="61" who="3" fromWho="3" sc="220,-20,230,-20,310,-40,220,100" /><INIT seed="3,0,0,0,3,9" ten="200,210,270,320" oya="3" hai0="50,110,27,94,33,57,32,42,18,53,85,130,93" hai1="72,118,104,128,8,78,4,98,113,92,44,59,1" hai2="10,58,31,100,112,60,11,21,101,6,2,109,30" hai3="56,36,69,51,39,103,129,26,5,134,106,71,49"/><W73/><G73/><T17/><D110/><U107/><E113/><V82/><F112/><W45/><G5/><T64/><D130/><U126/><E128/><V66/><F109/><W23/><G129/><T87/><D42/><U79/><E126/><V132/><F132/><W40/><G23/><T34/><D64/><U38/><E59/><V102/><F21/><W62/><G26/><T97/><D94/><U14/><E118/><V46/><F46/><N who="3" m="25799" /><G103/><T76/><D27/><U24/><E24/><V16/><REACH who="2" step="1"/><F82/><REACH who="2" ten="200,210,260,320" step="2"/><W67/><G134/><T54/><D32/><U127/><E127/><V61/><F61/><W123/><G106/><T37/><D33/><U116/><E107/><V83/><F83/><W115/><G115/><T135/><D34/><U124/><E104/><V99/><F99/><W28/><G28/><T90/><D135/><U35/><E35/><V48/><F48/><W120/><G120/><T63/><D37/><N who="3" m="14409" /><G123/><T25/><D25/><U108/><E108/><V119/><F119/><W117/><G117/><T52/><D97/><U29/><E116/><V41/><F41/><AGARI ba="0,1" hai="41,45,51,56,62,67,69,71" m="14409,25799" machi="41" ten="30,12000,1" yaku="35,5" doraHai="9" who="3" fromWho="2" sc="200,0,210,0,260,-120,320,130" owari="200,-20.0,210,1.0,140,-36.0,450,55.0" /></mjloggm>