<mjloggm ver="2.3"><GO type="225" lobby="0"/><UN n0="%E3%82%8C%E3%81%99%E3%81%93" n1="%E7%8D%A3%E8%87%AD%E3%81%84%E8%82%89%E7%90%83" n2="%72%69%6F%75%63%68%61%6E" n3="%E3%81%99%E3%81%84%E3%81%BE%E3%81%9B%E3%83%BC%E3%82%93" dan="17,16,16,18" rate="2241.30,2135.41,2204.75,2181.21" sx="F,M,M,M"/><TAIKYOKU oya="0"/><INIT seed="0,0,0,4,3,134" ten="250,250,250,250" oya="0" hai0="62,107,95,97,31,3,116,24,53,122,1,90,44" hai1="68,15,120,86,87,76,93,59,36,78,6,69,91" hai2="83,106,26,74,30,43,55,121,38,79,61,77,103" hai3="84,99,81,2,57,4,119,123,129,82,28,66,41"/><T113/><D113/><U11/><E120/><V29/><F121/><W19/><G123/><T37/><D122/><U96/><E36/><V118/><F118/><W25/><G119/><T100/><D116/><U54/><E68/><V5/><F79/><W131/><G19/><T40/><D53/><U12/><E69/><V126/><F126/><W35/><G41/><T98/><REACH who="0" step="1"/><D62/><REACH who="0" ten="240,250,250,250" step="2"/><U132/><E132/><V23/><F55/><W89/><G66/><T46/><D46/><U104/><E78/><V101/><F61/><W14/><G131/><T27/><D27/><U75/><E75/><V60/><F60/><W7/><G25/><T52/><D52/><U117/><E117/><V108/><F43/><W34/><G34/><AGARI ba="0,1" hai="1,3,24,31,34,37,40,44,90,95,97,98,100,107" machi="34" ten="30,2900,0" yaku="1,1,7,1,53,0" doraHai="134" doraHaiUra="56" who="0" fromWho="3" sc="240,39,250,0,250,0,250,-29" /><INIT seed="0,1,0,1,1,86" ten="279,250,250,221" oya="0" hai0="20,84,43,96,81,130,66,25,87,79,132,75,119" hai1="46,34,40,118,94,49,42,128,36,106,99,16,5" hai2="55,10,64,12,76,109,45,93,41,95,91,33,88" hai3="3,15,13,8,113,100,53,78,47,14,65,126,28"/><T51/><D119/><U56/><E118/><V114/><F114/><W131/><G113/><T120/><D120/><U105/><E128/><V108/><F33/><W112/><G112/><T35/><D132/><U62/><E34/><V121/><F121/><W37/><G131/><T135/><D135/><U98/><E98/><V80/><F64/><W116/><G116/><T77/><D130/><U89/><E5/><V6/><F55/><W97/><G126/><T39/><D35/><U22/><E40/><V11/><F11/><W32/><G65/><T54/><D66/><U123/><E36/><V27/><F27/><W127/><G78/><T44/><D96/><U63/><E123/><V115/><F115/><W107/><G127/><T52/><D79/><U124/><E124/><V2/><F95/><W110/><G110/><N who="2" m="42601" /><F93/><W24/><G3/><T129/><D129/><U17/><E63/><V30/><F30/><W50/><REACH who="3" step="1"/><G37/><REACH who="3" ten="279,250,250,211" step="2"/><T117/><D117/><U18/><REACH who="1" step="1"/><E22/><REACH who="1" ten="279,240,250,211" step="2"/><V68/><F2/><W4/><AGARI ba="1,2" hai="4,8,13,14,15,24,28,32,47,50,53,97,100,107" machi="4" ten="20,5200,0" yaku="1,1,2,1,0,1,7,1,53,0" doraHai="86" doraHaiUra="85" who="3" fromWho="3" sc="279,-27,240,-14,250,-14,211,75" /><INIT seed="1,0,0,4,3,49" ten="252,226,236,286" oya="1" hai0="36,102,117,132,131,14,65,52,1,61,82,17,20" hai1="127,133,129,108,7,123,110,107,26,57,59,106,25" hai2="109,33,94,4,60,21,40,29,64,120,66,93,22" hai3="2,51,81,126,75,11,78,118,46,63,100,96,72"/><U95/><E123/><V50/><F120/><W27/><G126/><T76/><D117/><U12/><E127/><V23/><F109/><N who="1" m="42089" /><E133/><V69/><F4/><W119/><G27/><N who="1" m="10250" /><E95/><V44/><F29/><W111/><G111/><T135/><D1/><U125/><E125/><V104/><F33/><W55/><G75/><T54/><D36/><U47/><E47/><V56/><F104/><N who="1" m="39977" /><E129/><V24/><F24/><W71/><G46/><T116/><D131/><U41/><E41/><V114/><F114/><W80/><G80/><T124/><D124/><U121/><E121/><V3/><F3/><W31/><G2/><T101/><D116/><U85/><E85/><V68/><REACH who="2" step="1"/><F66/><REACH who="2" ten="252,226,226,286" step="2"/><W113/><G119/><T9/><D135/><U103/><E103/><V37/><F37/><W79/><G100/><T70/><D132/><U32/><E32/><V77/><F77/><W67/><G79/><T73/><D102/><U91/><E91/><V83/><F83/><W84/><G78/><T6/><D101/><U42/><E42/><V92/><AGARI ba="0,1" hai="21,22,23,40,44,50,56,60,64,68,69,92,93,94" machi="92" ten="30,2000,0" yaku="1,1,0,1,53,0" doraHai="49" doraHaiUra="128" who="2" fromWho="2" sc="252,-5,226,-10,226,30,286,-5" /><INIT seed="2,0,0,3,5,33" ten="247,216,256,281" oya="2" hai0="128,132,115,5,29,60,113,119,15,59,91,40,3" hai1="97,64,20,78,126,117,130,114,49,83,19,131,72" hai2="27,129,121,24,122,13,81,45,102,28,55,34,124" hai3="9,63,14,80,85,22,7,26,106,62,104,108,2"/><V79/><F124/><W84/><G108/><T38/><D132/><U68/><E117/><V111/><F111/><W96/><G14/><T31/><D128/><U58/><E114/><V123/><F129/><N who="1" m="49161" /><E126/><V0/><F0/><W127/><G127/><T46/><D119/><U69/><E97/><V25/><F102/><W74/><G74/><T21/><D115/><U98/><E98/><V35/><F28/><W10/><G10/><T70/><D70/><U23/><E23/><V71/><F71/><W82/><G85/><T43/><D113/><U48/><E48/><V103/><F103/><W66/><G82/><T86/><D43/><U18/><E18/><V37/><F13/><W76/><G96/><T90/><D90/><U32/><E32/><V51/><REACH who="2" step="1"/><F37/><REACH who="2" ten="247,216,246,281" step="2"/><W50/><G2/><T133/><D3/><U8/><E69/><V61/><F61/><W67/><G62/><T30/><D133/><U93/><E68/><V52/><F52/><W112/><G63/><T57/><D60/><U12/><E64/><V94/><F94/><W16/><G112/><T47/><D38/><U56/><E93/><V42/><F42/><W134/><G134/><T99/><D40/><U73/><E49/><V65/><F65/><N who="3" m="24587" /><G50/><T54/><D30/><U89/><E12/><V77/><F77/><W92/><G92/><T44/><D54/><U95/><E95/><V110/><F110/><W11/><G106/><T17/><D31/><U1/><E78/><V120/><N who="2" m="30720" /><DORA hai="6" /><V107/><F107/><W125/><G125/><T118/><D29/><U88/><E1/><V75/><AGARI ba="0,1" hai="24,25,27,34,35,45,51,55,75,79,81" m="30720" machi="75" ten="60,11700,0" yaku="1,1,5,1,0,1,53,0" doraHai="33,6" doraHaiUra="4,36" who="2" fromWho="2" sc="247,-39,216,-39,246,127,281,-39" /><INIT seed="2,1,0,3,0,65" ten="208,177,373,242" oya="2" hai0="68,74,95,90,113,23,1,53,133,43,87,8,104" hai1="39,64,71,92,80,47,52,96,76,120,83,102,67" hai2="55,103,110,20,99,82,12,60,77,5,73,98,93" hai3="48,122,124,25,111,57,24,31,59,38,70,30,85"/><V79/><F110/><W0/><G122/><T84/><D113/><U33/><E33/><V109/><F109/><W11/><G38/><T29/><D74/><U94/><E120/><V62/><F79/><W112/><G70/><T69/><D104/><U10/><E94/><V26/><F55/><W105/><G105/><T41/><D133/><U72/><E83/><V126/><F126/><W44/><G111/><T130/><D130/><U106/><E10/><V32/><F32/><W6/><G124/><T21/><D53/><U88/><E71/><V100/><F12/><W50/><G50/><T61/><D1/><U134/><E134/><V127/><F5/><W16/><G112/><T119/><D8/><U135/><E135/><V121/><F121/><W40/><G85/><T129/><D129/><U115/><E115/><V37/><F37/><W123/><G123/><T116/><D61/><U118/><E118/><V81/><F81/><W22/><G30/><T91/><D95/><U9/><E9/><V125/><F127/><W13/><REACH who="3" step="1"/><G24/><REACH who="3" ten="208,177,373,232" step="2"/><T89/><D89/><U4/><E39/><V15/><F125/><W86/><G86/><T63/><D63/><U51/><E4/><V36/><F36/><W27/><G27/><T45/><D29/><U128/><E128/><V18/><F26/><W58/><G58/><T42/><D42/><U17/><E17/><V108/><F108/><W66/><G66/><T28/><D28/><U2/><E2/><V34/><F34/><AGARI ba="1,1" hai="0,6,11,13,16,22,25,31,34,40,44,48,57,59" machi="34" ten="30,8000,1" yaku="1,1,7,1,24,2,54,1,53,0" doraHai="65" doraHaiUra="131" who="3" fromWho="2" sc="208,0,177,0,373,-83,232,93" /><INIT seed="3,0,0,1,2,105" ten="208,177,290,325" oya="3" hai0="100,27,29,88,91,114,78,50,69,28,127,119,58" hai1="56,68,93,129,98,121,90,43,38,128,83,35,132" hai2="104,94,71,39,97,64,53,72,37,66,49,41,67" hai3="110,31,107,65,61,14,1,109,77,123,42,4,103"/><W79/><G123/><T36/><D119/><U122/><E68/><V47/><F104/><W22/><G1/><T46/><D69/><U0/><E0/><V52/><F72/><W130/><G130/><N who="1" m="50282" /><E35/><V95/><F95/><W59/><G42/><N who="0" m="24919" /><D36/><N who="2" m="13898" /><F94/><W24/><G4/><T23/><D127/><U32/><E32/><V124/><F97/><N who="3" m="61935" /><G14/><T21/><D114/><U86/><E43/><V113/><F113/><W63/><G61/><T19/><D100/><N who="1" m="60495" /><E38/><N who="2" m="21943" /><F124/><W81/><G81/><T2/><D2/><U18/><E18/><V26/><F26/><W76/><G76/><T101/><D101/><U45/><E45/><N who="2" m="27695" /><F53/><W74/><G79/><T92/><D29/><U15/><E15/><V60/><AGARI ba="0,0" hai="60,64,66,67,71" m="27695,21943,13898" machi="60" ten="30,12000,2" yaku="35,5,54,1" doraHai="105" who="2" fromWho="2" sc="208,-30,177,-30,290,120,325,-60" owari="178,-22.2,147,-35.3,410,51.0,265,6.5" /></mjloggm>