<mjloggm ver="2.3"><GO type="225" lobby="0"/><UN n0="%77%72%77%72%77%72%77%72" n1="%E3%81%95%E3%81%8D%E3%81%9F%E3%81%BE%E6%9E%97%E6%AA%8E" n2="%E3%81%B1%E3%83%BC%E3%81%9B%E3%82%93%E3%81%A8%E4%BE%8D" n3="%E5%A4%96%E5%B7%9D%E7%AB%9C%E6%88%90" dan="16,16,17,16" rate="2121.56,2063.17,2196.26,2070.57" sx="M,M,M,M"/><TAIKYOKU oya="0"/><INIT seed="0,0,0,1,5,16" ten="250,250,250,250" oya="0" hai0="65,36,52,101,44,129,96,75,130,4,105,54,60" hai1="110,42,46,28,123,133,134,34,122,111,56,74,124" hai2="81,64,47,86,50,99,41,109,9,40,125,77,93" hai3="21,7,33,59,12,97,29,14,68,24,5,11,8"/><T95/><D75/><U131/><E74/><V20/><F109/><N who="1" m="41481" /><E34/><V104/><F125/><W25/><G68/><T35/><D4/><U38/><E28/><V37/><F104/><W87/><G87/><T63/><D35/><U3/><E3/><V69/><F69/><W61/><G97/><T100/><D60/><U112/><E112/><V108/><F64/><W91/><G91/><T127/><D127/><U2/><E2/><V71/><F71/><W70/><G70/><N who="0" m="42303" /><D100/><U103/><E103/><V31/><F9/><W85/><G85/><T92/><D92/><U22/><E22/><V18/><F31/><W83/><G83/><T55/><D36/><U62/><E131/><N who="0" m="50185" /><D95/><U106/><E106/><V45/><F108/><W89/><G89/><T1/><D1/><U114/><E114/><V117/><F117/><W79/><G79/><T80/><D80/><U135/><E124/><V30/><F93/><W126/><G126/><T48/><AGARI ba="0,0" hai="44,48,52,54,55,96,101,105" m="50185,42303" machi="48" ten="30,3000,0" yaku="19,1,54,1" doraHai="16" who="0" fromWho="0" sc="250,30,250,-10,250,-10,250,-10" /><INIT seed="0,1,0,0,3,124" ten="280,240,240,240" oya="0" hai0="27,133,67,51,96,0,111,53,93,76,40,6,62" hai1="88,75,100,110,82,83,20,9,33,105,36,25,113" hai2="109,12,128,106,1,78,114,80,32,122,134,74,120" hai3="47,14,4,15,123,79,18,52,101,35,28,58,49"/><T34/><D133/><U65/><E36/><V117/><RYUUKYOKU type="yao9" ba="1,0" sc="280,0,240,0,240,0,240,0" hai2="1,12,32,74,78,80,106,109,114,117,120,122,128,134" /><INIT seed="0,2,0,0,0,98" ten="280,240,240,240" oya="0" hai0="94,0,34,35,118,40,60,99,133,71,108,26,43" hai1="101,73,30,127,11,80,83,85,106,103,56,117,32" hai2="15,62,54,46,75,6,10,89,74,63,120,1,28" hai3="2,51,17,72,100,78,123,67,41,88,91,66,42"/><T12/><D118/><U20/><E117/><V16/><F120/><W7/><G123/><T114/><D114/><U22/><E32/><V109/><F109/><W122/><G122/><T102/><D0/><U24/><E106/><V110/><F110/><W44/><G41/><T14/><D108/><U59/><E127/><V95/><F28/><W47/><G47/><T119/><D119/><U69/><E69/><V77/><F77/><W13/><G2/><T93/><D133/><U96/><E96/><V82/><F82/><W29/><G29/><T116/><D116/><U68/><E68/><V27/><F27/><W52/><G7/><T92/><D34/><U112/><E112/><V31/><F31/><W76/><G72/><T4/><D26/><N who="1" m="16711" /><E73/><V90/><F90/><N who="3" m="34347" /><G42/><N who="0" m="15915" /><D71/><U135/><E135/><V97/><F75/><W84/><G100/><N who="1" m="38474" /><E11/><V124/><F124/><W55/><G84/><T111/><D35/><U39/><E39/><V49/><F74/><W105/><G105/><T48/><D111/><U81/><E85/><V128/><F128/><W9/><G78/><T79/><D79/><U115/><E115/><V70/><F70/><W130/><G76/><T36/><D36/><U65/><E65/><N who="3" m="24586" /><G130/><T23/><D99/><U113/><E113/><V86/><F97/><W3/><G3/><T64/><D102/><U8/><E8/><AGARI ba="2,0" hai="1,6,8,10,15,16,46,49,54,62,63,86,89,95" machi="8" ten="30,2000,0" yaku="7,1,54,1" doraHai="98" who="2" fromWho="1" sc="280,0,240,-26,240,26,240,0" /><INIT seed="1,0,0,2,0,122" ten="280,214,266,240" oya="1" hai0="6,60,54,72,21,23,125,48,24,16,102,11,41" hai1="18,32,3,79,90,73,78,75,53,65,94,89,56" hai2="19,52,129,135,35,1,99,25,95,108,96,127,40" hai3="14,111,71,2,107,12,44,85,27,98,34,130,121"/><U132/><E3/><V8/><F127/><W103/><G121/><T9/><D72/><U134/><E32/><V92/><F129/><W30/><G130/><T131/><D131/><U50/><E65/><V66/><F135/><N who="1" m="51753" /><E18/><V77/><F40/><W61/><G2/><T104/><D125/><U28/><E28/><V37/><F37/><W13/><G85/><T17/><D41/><U123/><E123/><V59/><F77/><N who="1" m="29193" /><E89/><V105/><F66/><N who="3" m="41423" /><G44/><T128/><D128/><U109/><E109/><AGARI ba="0,0" hai="12,13,14,27,30,34,98,103,107,109,111" m="41423" machi="109" ten="30,3900,0" yaku="25,1,52,2" doraHai="122" who="3" fromWho="1" sc="280,0,214,-39,266,0,240,39" /><INIT seed="2,0,0,0,3,128" ten="280,175,266,279" oya="2" hai0="98,73,130,1,107,40,32,28,127,2,4,81,74" hai1="26,18,88,44,67,89,87,75,46,42,6,70,31" hai2="129,23,51,36,82,49,131,91,41,71,17,76,78" hai3="124,108,39,116,96,106,117,9,90,133,135,35,115"/><V52/><F71/><W102/><G108/><T13/><D130/><N who="2" m="49674" /><F36/><W61/><G124/><T47/><D127/><U109/><E109/><V22/><F41/><W125/><G125/><T105/><D13/><U134/><E75/><N who="0" m="28681" /><D81/><U56/><E70/><V66/><F66/><W34/><G39/><N who="0" m="21919" /><D98/><U85/><E6/><V59/><F51/><W62/><G115/><T122/><D122/><U10/><E10/><V3/><F3/><N who="0" m="1034" /><D4/><U53/><E18/><V20/><F17/><W113/><G9/><T8/><D8/><U95/><E42/><V16/><F16/><W92/><G113/><T84/><D84/><AGARI ba="0,0" hai="20,22,23,49,52,59,76,78,82,84,91" m="49674" machi="84" ten="30,2900,0" yaku="19,1,54,1" doraHai="128" who="2" fromWho="0" sc="280,-29,175,0,266,29,279,0" /><INIT seed="2,1,0,2,0,60" ten="251,175,295,279" oya="2" hai0="93,133,53,24,124,43,109,57,61,128,107,99,55" hai1="73,92,27,106,20,15,8,63,62,114,75,121,74" hai2="96,132,90,115,45,127,38,79,29,110,135,131,102" hai3="100,103,81,130,49,9,12,58,104,26,52,71,36"/><V40/><F115/><W76/><G130/><T25/><D128/><U46/><E114/><V51/><F131/><W120/><G120/><T19/><D109/><U134/><E106/><V77/><F127/><W101/><G71/><T94/><D124/><U39/><E134/><N who="2" m="51243" /><F110/><W64/><G36/><T83/><D133/><U66/><E121/><V17/><F90/><W44/><G26/><T10/><D43/><U80/><E92/><N who="2" m="58631" /><F29/><W119/><G119/><T32/><D107/><U88/><E39/><V118/><F118/><W111/><G111/><T22/><D83/><U112/><E112/><V4/><F4/><W122/><G122/><T84/><D10/><U65/><E46/><N who="2" m="23831" /><F17/><W28/><G28/><T105/><D105/><U97/><E97/><V21/><F21/><W41/><G104/><T2/><D2/><U68/><E88/><V16/><F16/><N who="3" m="8207" /><G41/><AGARI ba="1,0" hai="41,45,51,77,79" m="23831,58631,51243" machi="41" ten="30,1500,0" yaku="20,1" doraHai="60" who="2" fromWho="3" sc="251,0,175,0,295,18,279,-18" /><INIT seed="2,2,0,1,3,71" ten="251,175,313,261" oya="2" hai0="32,39,60,46,47,96,26,64,36,112,116,20,1" hai1="25,23,14,102,44,80,119,48,67,43,66,54,45" hai2="40,78,82,16,18,4,133,17,103,69,89,120,117" hai3="124,131,42,61,76,108,75,41,125,84,24,52,30"/><V9/><F120/><W90/><G108/><T126/><D112/><U7/><E119/><V83/><F117/><W3/><G3/><T99/><D116/><U129/><E129/><V93/><F69/><W81/><G131/><T22/><D32/><U5/><E102/><V63/><F133/><W65/><G42/><T135/><D1/><U100/><E100/><V56/><F103/><W134/><G41/><T104/><D135/><U86/><E67/><V74/><F40/><W114/><G114/><T6/><D6/><U21/><E66/><V107/><F107/><W35/><G134/><T111/><D64/><U91/><E14/><N who="2" m="5415" /><F78/><W132/><G52/><T11/><D11/><U62/><E23/><V31/><F31/><W105/><G105/><T94/><D104/><U123/><E123/><V68/><F74/><W95/><REACH who="3" step="1"/><G132/><REACH who="3" ten="251,175,313,251" step="2"/><T122/><D111/><U10/><E10/><V130/><F130/><W33/><G33/><T2/><D2/><U37/><REACH who="1" step="1"/><E62/><REACH who="1" ten="251,165,313,251" step="2"/><V51/><F63/><W128/><G128/><T0/><D60/><U49/><E49/><V15/><F51/><W70/><AGARI ba="2,2" hai="24,30,35,61,65,70,75,76,81,84,90,95,124,125" machi="70" ten="30,4000,0" yaku="1,1,0,1,53,1" doraHai="71" doraHaiUra="72" who="3" fromWho="3" sc="251,-12,165,-12,313,-22,251,66" /><INIT seed="3,0,0,0,4,117" ten="239,153,291,317" oya="3" hai0="0,135,66,54,120,111,25,122,107,55,65,80,108" hai1="58,36,110,115,69,6,105,77,12,51,31,89,90" hai2="18,70,68,46,86,96,59,124,98,83,64,52,15" hai3="78,130,113,45,26,106,125,93,1,24,128,94,126"/><W118/><G118/><T109/><D107/><U37/><E110/><V121/><F124/><N who="3" m="47723" /><G113/><T29/><D0/><U79/><E115/><V134/><F134/><W114/><G114/><T3/><D3/><U2/><E2/><V63/><F121/><N who="0" m="46698" /><D135/><U30/><E105/><V72/><F72/><W57/><G1/><T74/><D74/><U43/><E69/><V44/><F70/><W76/><G106/><T56/><D80/><U7/><E12/><V88/><F68/><W85/><G57/><T81/><D81/><U20/><E58/><V129/><F129/><N who="3" m="49771" /><G45/><N who="2" m="17513" /><F64/><N who="0" m="24682" /><D56/><U42/><REACH who="1" step="1"/><E51/><REACH who="1" ten="239,143,291,317" step="2"/><V35/><F59/><W97/><G24/><T4/><D4/><U40/><E40/><V82/><F15/><W19/><G26/><T87/><D54/><U60/><E60/><V8/><F52/><W32/><G76/><T61/><D55/><U102/><E102/><V100/><F63/><W127/><G78/><T33/><D61/><U133/><E133/><V21/><F100/><W16/><G127/><T99/><D25/><U67/><E67/><V27/><F27/><W9/><G9/><T41/><D41/><U92/><E92/><V13/><F8/><W28/><G28/><T75/><D29/><U11/><E11/><V53/><F53/><W38/><G93/><T123/><D123/><U84/><E84/><N who="2" m="50199" /><F35/><W116/><G32/><T73/><D33/><U23/><AGARI ba="0,1" hai="6,7,20,23,30,31,36,37,42,43,77,79,89,90" machi="23" ten="25,6400,0" yaku="1,1,0,1,22,2,53,0" doraHai="117" doraHaiUra="62" who="1" fromWho="1" sc="239,-16,143,74,291,-16,317,-32" /><INIT seed="4,0,0,5,5,119" ten="223,217,275,285" oya="0" hai0="125,104,94,47,87,23,77,130,101,107,37,84,129" hai1="39,22,114,32,100,109,61,116,14,35,124,70,83" hai2="3,68,96,60,63,118,31,25,80,133,90,48,44" hai3="78,92,11,102,81,57,51,42,64,54,113,135,15"/><T117/><D117/><U82/><E109/><V50/><F3/><W28/><G113/><T72/><D125/><U97/><E116/><V108/><F118/><W9/><G135/><T128/><D23/><U8/><E124/><V52/><F108/><W99/><G28/><T38/><D47/><U58/><E70/><V75/><F68/><W17/><G42/><T0/><D0/><U20/><E39/><V127/><F127/><W67/><REACH who="3" step="1"/><G9/><REACH who="3" ten="223,217,275,275" step="2"/><T2/><D37/><U120/><E114/><V40/><F40/><W73/><AGARI ba="0,1" hai="11,15,17,51,54,57,64,67,73,78,81,92,99,102" machi="73" ten="20,8000,1" yaku="1,1,2,1,0,1,7,1,53,1" doraHai="119" doraHaiUra="88" who="3" fromWho="3" sc="223,-40,217,-20,275,-20,275,90" owari="183,-31.7,197,-20.3,255,5.5,365,46.5" /></mjloggm>