<mjloggm ver="2.3"><GO type="225" lobby="0"/><UN n0="%E6%A0%B9%E5%85%83%E3%81%8B%E3%82%89%E5%90%B9%E3%81%A3%E9%A3%9B%E3%81%B6" n1="%4B%2E%32%2E%4B%2E" n2="%45%6C%79%73%69%75%6D" n3="%E3%81%8B%E3%82%8F%E3%81%A1%E3%82%83%E3%82%93%35%38" dan="17,17,17,17" rate="2196.19,2183.33,2111.02,2140.37" sx="F,M,F,M"/><TAIKYOKU oya="0"/><INIT seed="0,0,0,5,0,104" ten="250,250,250,250" oya="0" hai0="79,116,41,81,76,135,88,134,9,125,44,94,27" hai1="118,18,11,56,123,85,70,127,128,131,39,0,40" hai2="71,119,61,117,19,97,91,74,22,33,126,111,113" hai3="53,50,30,43,23,69,98,92,15,132,89,64,77"/><T20/><D116/><N who="2" m="44618" /><F33/><W31/><G132/><N who="0" m="50731" /><D125/><U122/><E70/><V67/><F126/><W84/><G43/><T93/><D93/><U6/><E127/><V49/><F111/><W107/><G64/><T48/><D81/><U99/><E118/><V86/><F113/><W34/><G34/><T114/><D114/><U47/><E18/><V51/><F97/><W55/><G69/><T8/><D79/><U90/><E99/><V66/><F66/><W45/><G55/><T5/><D76/><U101/><E101/><V37/><F74/><W121/><G121/><T58/><D58/><U26/><E26/><N who="2" m="14687" /><F37/><W103/><G77/><T17/><D5/><U2/><E2/><V54/><F54/><W95/><G107/><T29/><D29/><U14/><E0/><V28/><F28/><W7/><G7/><T62/><D62/><U38/><E38/><V100/><F100/><W78/><G78/><T129/><D129/><N who="1" m="49739" /><E56/><V68/><F68/><W52/><G53/><T73/><D73/><U112/><E112/><V102/><F102/><W82/><G31/><T109/><D109/><U115/><E115/><V10/><F10/><W4/><G30/><T83/><D8/><U32/><E32/><V63/><F63/><W72/><G72/><T57/><D57/><U87/><E87/><V46/><F46/><W120/><G120/><T42/><D9/><U1/><E1/><V80/><AGARI ba="0,0" hai="49,51,61,67,71,80,86,91" m="14687,44618" machi="80" ten="30,1100,0" yaku="12,1" doraHai="104" who="2" fromWho="2" sc="250,-5,250,-3,250,11,250,-3" /><INIT seed="1,0,0,2,1,33" ten="245,247,261,247" oya="1" hai0="128,67,74,3,1,100,103,62,26,106,7,54,14" hai1="22,49,73,122,125,60,108,30,70,61,133,4,95" hai2="47,129,58,68,123,51,84,113,6,17,127,50,117" hai3="72,134,42,35,56,111,65,104,82,38,57,109,126"/><U130/><E122/><V85/><F123/><W66/><G35/><T9/><D74/><U28/><E73/><V11/><F117/><W98/><G126/><T77/><D77/><U21/><E125/><V78/><F68/><W93/><G104/><T24/><D54/><U86/><E130/><V63/><F129/><W97/><G134/><T110/><D128/><U10/><E133/><V107/><F107/><W18/><G18/><T102/><D106/><U34/><E108/><N who="3" m="41546" /><G38/><T23/><D110/><U114/><E114/><V48/><F127/><W12/><G12/><T37/><D37/><U19/><E49/><V80/><F17/><W53/><G42/><T76/><D76/><U87/><E34/><V36/><F113/><W112/><G112/><T46/><D46/><U131/><E131/><V94/><F36/><W41/><G41/><T124/><D124/><U115/><E115/><V135/><F135/><W75/><G97/><T0/><REACH who="0" step="1"/><D23/><REACH who="0" ten="235,247,261,247" step="2"/><U20/><E20/><V92/><F47/><W101/><G75/><T13/><D13/><N who="1" m="5319" /><E22/><V43/><F43/><W90/><G72/><T132/><D132/><U89/><E28/><V59/><F78/><W15/><G15/><T39/><D39/><U16/><E30/><V119/><F119/><W27/><G27/><T52/><D52/><U2/><E21/><V83/><F48/><W32/><G32/><T8/><D8/><U55/><E55/><V121/><F11/><W29/><G29/><T96/><D96/><N who="1" m="57455" /><E60/><V120/><F63/><N who="3" m="36239" /><G57/><AGARI ba="0,1" hai="0,1,3,7,9,14,24,26,57,62,67,100,102,103" machi="57" ten="50,8000,1" yaku="1,1,52,3,53,0" doraHai="33" doraHaiUra="81" who="0" fromWho="3" sc="235,90,247,0,261,0,247,-80" /><INIT seed="2,0,0,0,0,135" ten="325,247,261,167" oya="2" hai0="59,26,130,48,17,100,8,111,21,50,62,31,35" hai1="58,93,86,125,12,37,63,73,115,57,15,65,75" hai2="44,56,9,78,38,10,60,84,33,11,97,28,103" hai3="51,120,27,42,134,113,18,128,132,6,5,79,52"/><V87/><F33/><W74/><G120/><T109/><D130/><U123/><E115/><V67/><F28/><W66/><G42/><T72/><D72/><U3/><E3/><V98/><F78/><W71/><G128/><T129/><D8/><U90/><E37/><V95/><F38/><W88/><G79/><T91/><D100/><U16/><E123/><V124/><F44/><W117/><G74/><T53/><D91/><U133/><E12/><V108/><F108/><N who="0" m="41546" /><D129/><U126/><E57/><V122/><F122/><W20/><G117/><T82/><D82/><U24/><E24/><AGARI ba="0,0" hai="17,21,24,26,31,35,48,50,53,59,62" m="41546" machi="24" ten="30,1000,0" yaku="14,1" doraHai="135" who="0" fromWho="1" sc="325,10,247,-10,261,0,167,0" /><INIT seed="3,0,0,1,1,27" ten="335,237,261,167" oya="3" hai0="121,106,13,133,12,46,15,21,19,17,23,78,11" hai1="111,82,88,53,1,38,35,92,34,59,86,84,45" hai2="60,114,113,103,57,30,9,117,25,104,62,123,36" hai3="43,76,75,22,77,127,90,96,47,68,70,39,98"/><W115/><G115/><T73/><D106/><U50/><E1/><V119/><F36/><W89/><G127/><T42/><D121/><U94/><E111/><V80/><F123/><W101/><G22/><T108/><D108/><U120/><E120/><V69/><F9/><W26/><G26/><T124/><D133/><U32/><E38/><V40/><F40/><W109/><G109/><T61/><D61/><U116/><E116/><V122/><F80/><W128/><G128/><T81/><D124/><U58/><REACH who="1" step="1"/><E94/><REACH who="1" ten="335,227,261,167" step="2"/><V65/><F122/><W102/><G39/><N who="0" m="21855" /><D11/><U5/><E5/><V2/><F2/><W99/><G43/><T7/><D7/><U79/><AGARI ba="0,1" hai="32,34,35,45,50,53,58,59,79,82,84,86,88,92" machi="79" ten="30,7900,0" yaku="1,1,0,1,54,1,53,1" doraHai="27" doraHaiUra="87" who="1" fromWho="1" sc="335,-20,227,89,261,-20,167,-39" owari="315,11.5,316,41.6,241,-15.9,128,-37.2" /></mjloggm>