<mjloggm ver="2.3"><GO type="225" lobby="0"/><UN n0="%E5%8D%A0%E3%81%84%E5%B8%AB%E8%A3%8F%E3%81%AA%E3%81%84%E3%81%97" n1="%E3%81%A8%E3%82%93%E3%81%A8%E3%81%93%E3%81%A8%E3%82%93" n2="%E3%81%BF%E3%81%BF%E3%81%9A" n3="%72%65%6E%6B%75%6E" dan="16,16,16,17" rate="2166.18,2114.11,2126.69,2205.41" sx="M,F,M,M"/><TAIKYOKU oya="0"/><INIT seed="0,0,0,5,5,74" ten="250,250,250,250" oya="0" hai0="91,129,67,95,58,12,40,111,86,82,71,114,20" hai1="90,44,65,113,133,96,8,60,117,81,49,39,70" hai2="132,130,23,43,103,121,21,119,105,61,66,25,15" hai3="19,24,54,92,107,7,126,112,72,87,89,36,18"/><T83/><D114/><U135/><E117/><V57/><F121/><W98/><G112/><T68/><D129/><U55/><E113/><V99/><F130/><W0/><G36/><T104/><D104/><U2/><E39/><V63/><F119/><W62/><G72/><T123/><D123/><U4/><REACH who="1" step="1"/><E96/><REACH who="1" ten="250,240,250,250" step="2"/><V134/><F132/><W37/><G37/><T5/><D111/><U108/><E108/><V9/><F134/><W47/><G98/><T30/><D71/><U32/><E32/><V27/><F43/><W73/><G126/><T106/><D68/><U109/><E109/><V3/><F3/><W75/><G0/><T116/><D116/><U100/><E100/><V29/><F99/><W118/><G118/><T33/><D33/><U42/><E42/><V84/><F103/><W85/><G107/><T48/><D106/><U80/><E80/><V110/><F105/><W69/><G69/><T78/><D40/><U120/><E120/><V16/><F110/><W131/><G131/><T22/><D83/><U79/><E79/><V26/><F84/><AGARI ba="0,1" hai="2,4,8,44,49,55,60,65,70,81,84,90,133,135" machi="84" ten="40,1300,0" yaku="1,1,53,0" doraHai="74" doraHaiUra="88" who="1" fromWho="2" sc="250,0,240,23,250,-13,250,0" /><INIT seed="1,0,0,4,3,48" ten="250,263,237,250" oya="1" hai0="103,35,106,134,7,133,30,32,65,13,117,129,64" hai1="14,105,22,79,101,20,100,38,94,49,42,131,60" hai2="15,89,121,41,3,123,118,5,76,125,66,130,97" hai3="99,33,29,122,45,68,55,98,24,56,44,70,23"/><U43/><E131/><V114/><F118/><W25/><G122/><T112/><D112/><U104/><E38/><V107/><F114/><W120/><G120/><T40/><D117/><U108/><E79/><V34/><F34/><W82/><G82/><T84/><D40/><U95/><E49/><V88/><F3/><W10/><G10/><N who="0" m="4319" /><D129/><U2/><E14/><V50/><F130/><W124/><G124/><T81/><D103/><U74/><E60/><V116/><F125/><W52/><G70/><T57/><D106/><U0/><REACH who="1" step="1"/><E74/><REACH who="1" ten="250,253,237,250" step="2"/><V51/><F76/><W132/><G132/><T16/><D134/><U92/><E92/><V6/><F107/><W87/><G87/><T63/><D84/><U90/><E90/><V78/><F78/><W91/><G91/><T71/><D133/><U93/><E93/><V128/><F128/><W4/><G4/><T69/><D69/><U127/><E127/><V110/><F15/><W109/><G68/><T59/><D71/><U85/><E85/><V8/><F121/><W1/><G99/><T83/><D63/><U102/><E102/><V47/><F123/><W11/><G98/><T31/><D83/><U21/><E21/><V54/><F97/><W46/><G23/><T19/><D81/><U73/><E73/><V80/><F80/><W27/><G1/><T37/><D32/><U53/><E53/><V17/><F89/><W28/><G33/><T58/><D37/><U18/><E18/><N who="0" m="6697" /><D35/><U9/><E9/><V77/><F8/><W61/><G11/><T111/><D111/><AGARI ba="0,1" hai="0,2,20,22,42,43,94,95,100,101,104,105,108,111" machi="111" ten="25,4800,0" yaku="1,1,22,2,53,0" doraHai="48" doraHaiUra="72" who="1" fromWho="0" sc="250,-48,253,58,237,0,250,0" /><INIT seed="1,1,0,2,1,95" ten="202,311,237,250" oya="1" hai0="105,112,98,50,14,69,60,81,61,15,127,32,70" hai1="116,96,52,43,5,130,132,79,110,66,41,82,67" hai2="101,18,24,124,10,75,92,34,3,104,68,135,111" hai3="109,65,8,128,107,57,11,13,2,76,117,16,78"/><U133/><E116/><V90/><F75/><W29/><G117/><T88/><D112/><U83/><E5/><V40/><F40/><W91/><G107/><T25/><D127/><U33/><E33/><V55/><F124/><W73/><G109/><T114/><D114/><U38/><E130/><V28/><F111/><W102/><G102/><N who="0" m="62679" /><D60/><U19/><E110/><V37/><F37/><W77/><G128/><T45/><D70/><U125/><E125/><V48/><F135/><W42/><G42/><T53/><D81/><U0/><E0/><V97/><F68/><W86/><G29/><N who="0" m="19503" /><D88/><U58/><E19/><V120/><F120/><W93/><G73/><T56/><D56/><U7/><E82/><V131/><F131/><W47/><G47/><T36/><D36/><U62/><E83/><V22/><F10/><N who="3" m="6199" /><G2/><T1/><D1/><U122/><E38/><V44/><F3/><W123/><G123/><T99/><D99/><U49/><E96/><V26/><REACH who="2" step="1"/><F104/><REACH who="2" ten="202,311,227,250" step="2"/><W85/><G11/><T113/><D113/><U108/><E122/><V30/><F30/><W100/><G8/><T72/><D72/><U118/><E108/><V71/><F71/><W31/><G31/><T39/><D39/><U115/><E133/><V51/><F51/><W59/><G100/><AGARI ba="1,1" hai="18,22,24,26,28,34,44,48,55,90,92,97,100,101" machi="100" ten="40,2600,0" yaku="1,1,52,1,53,0" doraHai="95" doraHaiUra="80" who="2" fromWho="3" sc="202,0,311,0,227,39,250,-29" /><INIT seed="2,0,0,5,5,86" ten="202,311,266,221" oya="2" hai0="36,117,107,115,20,3,53,63,21,133,64,7,108" hai1="52,116,34,123,9,99,24,47,90,56,70,113,112" hai2="93,94,44,23,131,130,51,129,87,25,80,98,69" hai3="0,33,77,45,100,27,60,96,59,16,81,22,17"/><V95/><F69/><W109/><G109/><T39/><D115/><U2/><E70/><V120/><F120/><W68/><G68/><T38/><D108/><U134/><E47/><V5/><F5/><W85/><G0/><T14/><D3/><U37/><E37/><V82/><F98/><W43/><G33/><T35/><D35/><U88/><E116/><V11/><F11/><W12/><G45/><T4/><D117/><U26/><E134/><V61/><F61/><W124/><G124/><T114/><D114/><U106/><E106/><V126/><F126/><W13/><G43/><T110/><D110/><U30/><E24/><V121/><F121/><W40/><G40/><T54/><D107/><U72/><E72/><V15/><F15/><W29/><G29/><T65/><D133/><U89/><E99/><V127/><F127/><W48/><G48/><T97/><D97/><U10/><E123/><V31/><REACH who="2" step="1"/><F87/><REACH who="2" ten="202,311,256,221" step="2"/><W71/><G71/><T28/><D63/><U91/><E10/><V62/><F62/><W41/><G13/><T135/><D135/><U46/><E9/><V132/><F132/><W1/><G12/><T84/><D84/><U105/><E2/><V128/><N who="2" m="32768" /><DORA hai="58" /><V119/><F119/><W50/><G1/><T57/><D14/><U74/><E74/><V118/><F118/><W8/><G8/><T6/><D6/><U78/><E112/><V75/><F75/><W92/><G60/><T49/><D4/><U55/><E113/><V67/><F67/><W102/><G85/><T42/><D65/><U32/><N who="1" m="22528" /><DORA hai="125" /><U19/><E105/><RYUUKYOKU ba="0,1" sc="202,-10,311,-10,256,30,221,-10" hai2="23,25,31,44,51,80,82,93,94,95" /><INIT seed="2,1,1,2,2,23" ten="192,301,286,211" oya="2" hai0="101,89,68,85,39,128,47,27,57,71,28,11,54" hai1="15,127,115,99,75,134,76,5,93,91,103,33,86" hai2="121,19,56,84,132,65,44,82,96,104,122,1,38" hai3="105,123,79,133,98,29,13,107,117,14,53,0,77"/><V113/><F113/><W90/><G0/><T102/><D128/><U52/><E115/><V10/><F132/><W83/><G117/><T64/><D11/><U35/><E127/><V94/><F104/><W81/><G123/><T12/><D12/><U17/><E5/><V106/><F106/><W67/><G67/><T97/><D47/><U59/><E134/><V135/><F135/><W124/><G124/><T62/><D39/><U21/><E76/><V4/><F19/><W34/><G133/><T22/><D54/><U72/><E33/><V80/><F56/><W16/><G53/><T60/><D60/><U32/><E35/><V95/><F95/><W108/><G34/><T100/><REACH who="0" step="1"/><D97/><REACH who="0" ten="182,301,286,211" step="2"/><U51/><REACH who="1" step="1"/><E32/><REACH who="1" ten="182,291,286,211" step="2"/><V120/><F121/><W7/><G7/><T63/><D63/><U49/><E49/><V6/><F122/><W130/><G130/><T87/><D87/><U111/><E111/><V58/><F120/><W116/><G108/><T48/><D48/><U74/><E74/><V66/><F84/><W8/><G8/><T61/><D61/><U129/><E129/><V3/><F38/><W42/><G79/><T37/><D37/><U18/><E18/><V31/><F4/><W112/><G77/><T41/><D41/><U110/><E110/><V109/><F6/><W50/><G42/><T78/><D78/><U46/><E46/><V70/><F44/><W9/><G50/><T119/><D119/><U20/><E20/><V43/><F43/><W125/><G116/><T131/><D131/><U45/><E45/><V30/><F109/><W55/><G125/><RYUUKYOKU ba="1,3" sc="182,15,291,15,286,-15,211,-15" hai0="22,27,28,57,62,64,68,71,85,89,100,101,102" hai1="15,17,21,51,52,59,72,75,86,91,93,99,103" /><INIT seed="3,2,3,1,4,70" ten="197,306,271,196" oya="3" hai0="76,27,107,99,47,125,7,58,101,35,111,29,103" hai1="52,69,38,71,55,2,120,6,1,90,45,8,9" hai2="133,63,12,118,79,82,74,32,106,14,109,39,92" hai3="112,130,19,78,105,117,93,53,126,134,116,11,40"/><W33/><G105/><T73/><D111/><U121/><E90/><V15/><F39/><W114/><G78/><T10/><D101/><U60/><E60/><V108/><F118/><N who="3" m="45675" /><G93/><T94/><D58/><U122/><E38/><V97/><F32/><W102/><G102/><T88/><D125/><U98/><E98/><V87/><F63/><W0/><G126/><T13/><D47/><U25/><E25/><V124/><F124/><W28/><G40/><T64/><D64/><U36/><E36/><V119/><F119/><W127/><G127/><T17/><D76/><U132/><E132/><V91/><F133/><W3/><G134/><T100/><D73/><U20/><E20/><V51/><F51/><W77/><G53/><N who="1" m="20554" /><E45/><V135/><F135/><W131/><G77/><T26/><D107/><U37/><E37/><V44/><F44/><W22/><G28/><T68/><D68/><N who="1" m="26187" /><E6/><V110/><F106/><W84/><G84/><AGARI ba="2,3" hai="12,14,15,74,79,82,84,87,91,92,97,108,109,110" machi="84" ten="50,1600,0" yaku="14,1" doraHai="70" who="2" fromWho="3" sc="197,0,306,0,271,52,196,-22" owari="197,-20.3,306,10.6,323,42.3,174,-32.6" /></mjloggm>