<mjloggm ver="2.3"><GO type="225" lobby="0"/><UN n0="%6D%75%75%6D%75%72%61" n1="%E3%81%9F%E3%81%93%E2%98%86%E7%84%BC%E3%81%8D" n2="%E3%81%A9%E3%82%8F%E3%82%93%E3%81%94" n3="%E5%B8%86%E7%AB%8B%E5%A4%8F%E8%A1%A3" dan="17,16,16,17" rate="2208.47,2061.36,2190.76,2144.86" sx="F,M,M,M"/><TAIKYOKU oya="0"/><INIT seed="0,0,0,2,5,12" ten="250,250,250,250" oya="0" hai0="63,130,79,14,59,39,84,32,103,21,124,108,99" hai1="132,31,102,110,70,10,36,37,34,7,97,122,83" hai2="126,115,27,3,40,91,26,116,50,123,33,114,120" hai3="88,117,100,105,57,121,9,24,106,5,113,30,128"/><T58/><D32/><U47/><E122/><N who="2" m="46635" /><F91/><W25/><G121/><T16/><D39/><U45/><E110/><V131/><F50/><W67/><G113/><N who="2" m="43017" /><F40/><W96/><G117/><T71/><D130/><U4/><E132/><V92/><F92/><W18/><G128/><T112/><D124/><U98/><E70/><V2/><F131/><W118/><G118/><T0/><D0/><N who="2" m="42" /><F116/><W85/><G106/><T51/><D108/><U11/><E83/><V62/><F62/><W127/><G127/><T90/><D79/><U56/><E102/><V133/><F126/><W46/><G46/><T104/><D112/><U20/><E56/><V134/><F33/><W75/><G57/><T17/><D51/><U73/><E73/><V74/><F74/><W8/><G67/><T111/><D111/><U6/><E34/><V23/><F23/><W38/><G75/><T119/><D119/><U44/><E37/><V53/><F53/><W87/><G38/><T48/><D48/><U61/><E61/><V78/><F78/><W49/><G49/><T1/><D71/><U89/><E36/><V86/><F86/><W22/><G87/><T80/><D59/><U107/><E107/><V43/><F43/><W72/><G72/><T13/><D58/><U65/><E65/><V69/><F69/><W94/><REACH who="3" step="1"/><G5/><REACH who="3" ten="250,250,250,240" step="2"/><T29/><D63/><U135/><E47/><V77/><F77/><W64/><G64/><T15/><D1/><U55/><E4/><V19/><F134/><W76/><G76/><T28/><D84/><U66/><E135/><V42/><F133/><W93/><G93/><RYUUKYOKU ba="0,1" sc="250,-10,250,-10,250,-10,240,30" hai3="8,9,18,22,24,25,30,85,88,94,96,100,105" /><INIT seed="1,1,1,3,3,86" ten="240,240,240,270" oya="1" hai0="66,133,20,78,61,131,105,36,106,85,53,42,13" hai1="129,51,134,119,4,104,0,98,102,37,79,92,16" hai2="49,69,97,45,29,48,38,58,130,14,46,50,11" hai3="7,62,59,65,83,91,94,70,71,8,118,99,112"/><U108/><E37/><V100/><F69/><W26/><G112/><T88/><D131/><U110/><E119/><V23/><F130/><W31/><G118/><T124/><D124/><U132/><E79/><V72/><F72/><W12/><REACH who="3" step="1"/><G83/><REACH who="3" ten="240,240,240,260" step="2"/><T96/><D133/><N who="1" m="51307" /><E129/><V90/><F38/><W60/><G60/><T125/><D61/><U27/><E51/><V68/><F50/><W84/><G84/><T52/><D85/><U93/><E0/><V25/><F49/><W55/><G55/><T47/><D53/><U114/><E114/><V77/><F48/><W43/><G43/><T115/><D52/><U1/><E1/><V76/><F46/><W18/><G18/><T80/><D115/><U15/><E4/><V32/><F45/><W126/><G126/><T103/><D125/><U41/><E41/><V22/><F68/><W123/><G123/><T67/><D47/><U116/><E116/><V56/><F56/><W107/><G107/><T57/><D106/><U135/><E135/><V17/><F58/><W5/><G5/><T40/><D40/><U109/><E27/><V54/><F54/><W64/><G64/><T19/><D42/><U2/><E2/><V63/><F63/><W44/><G44/><T113/><D113/><U34/><E34/><AGARI ba="1,2" hai="7,8,12,26,31,34,59,62,65,70,71,91,94,99" machi="34" ten="30,3900,0" yaku="1,1,7,1,52,1,53,0" doraHai="86" doraHaiUra="121" who="3" fromWho="1" sc="240,0,240,-42,240,0,260,62" /><INIT seed="2,0,0,0,1,116" ten="240,198,240,322" oya="2" hai0="11,42,55,77,98,59,2,73,30,121,4,115,10" hai1="14,76,118,133,117,134,49,57,34,36,58,22,89" hai2="23,91,33,68,43,105,132,81,128,28,24,100,60" hai3="103,48,3,72,85,27,61,120,127,35,96,46,82"/><V108/><F132/><N who="1" m="50793" /><E34/><V131/><F43/><W7/><G120/><T113/><D121/><U18/><E36/><V135/><F135/><W66/><G127/><T41/><D30/><U90/><E76/><V70/><F108/><W119/><G119/><N who="1" m="45578" /><E49/><V123/><F123/><W78/><G7/><T79/><D79/><U80/><E80/><V38/><F38/><W69/><G3/><T125/><D125/><U62/><E57/><V65/><F68/><W16/><G72/><T31/><D31/><U84/><E84/><N who="2" m="50575" /><F23/><W64/><G64/><AGARI ba="0,0" hai="14,18,22,58,62,64,89,90" m="45578,50793" machi="64" ten="30,1000,0" yaku="20,1" doraHai="116" who="1" fromWho="3" sc="240,0,198,10,240,0,322,-10" /><INIT seed="3,0,0,2,0,96" ten="240,208,240,312" oya="3" hai0="115,107,111,124,35,75,15,59,119,100,95,113,121" hai1="71,70,31,33,11,64,61,83,2,88,74,94,57" hai2="37,4,91,99,1,79,39,118,27,86,17,36,72" hai3="46,6,13,103,65,28,9,69,80,114,22,23,52"/><W109/><G103/><T108/><D107/><U97/><E33/><V7/><F118/><W120/><G114/><N who="0" m="43531" /><D119/><U84/><E31/><V82/><F1/><W25/><G23/><T130/><D121/><U32/><E32/><V106/><F27/><W131/><G131/><T105/><D105/><U58/><E71/><V123/><F17/><W110/><G120/><T49/><D35/><U128/><E128/><V51/><F51/><W30/><G80/><T85/><D130/><U43/><E43/><V87/><F87/><W50/><G30/><T134/><D75/><U127/><E127/><V47/><F47/><W18/><G28/><T21/><D124/><U101/><REACH who="1" step="1"/><E74/><REACH who="1" ten="240,198,240,312" step="2"/><V133/><F123/><W62/><AGARI ba="0,1" hai="6,9,13,18,22,25,46,50,52,62,65,69,109,110" machi="62" ten="30,3000,0" yaku="0,1,54,1" doraHai="96" who="3" fromWho="3" sc="240,-10,198,-10,240,-10,312,40" owari="230,3.0,188,-31.2,230,-17.0,352,45.2" /></mjloggm>