<mjloggm ver="2.3"><GO type="225" lobby="0"/><UN n0="%6D%75%75%6D%75%72%61" n1="%E3%83%AC%E3%82%A4%E3%83%88%E3%83%B3%E5%87%86%E6%95%99%E6%8E%88" n2="%E4%B8%AD%E5%B9%B4%E3%81%AE%E5%8D%B1%E6%A9%9F" n3="%E6%97%A5%E6%9B%9C%E6%97%A5%E3%82%88%E3%82%8A%E3%81%AE%E4%BD%BF%E8%80%85" dan="16,18,16,17" rate="2191.23,2197.62,2156.02,2166.21" sx="F,M,M,M"/><TAIKYOKU oya="0"/><INIT seed="0,0,0,0,2,115" ten="250,250,250,250" oya="0" hai0="15,88,23,20,120,69,128,60,101,102,78,85,71" hai1="64,97,53,122,116,52,133,123,57,130,96,81,91" hai2="109,132,47,82,46,127,14,62,7,26,45,98,131" hai3="117,1,35,104,87,11,113,65,73,21,36,135,37"/><T94/><D120/><U84/><E130/><V100/><F131/><W0/><G21/><T9/><D128/><U66/><E133/><V77/><F132/><W2/><G87/><T61/><D78/><U67/><E116/><V68/><F109/><W105/><G135/><T49/><D49/><U39/><E39/><N who="3" m="14922" /><G65/><T110/><D110/><U4/><E4/><V99/><F127/><W119/><G113/><T29/><D69/><U75/><E75/><V83/><F68/><W44/><G44/><T63/><D71/><U93/><E96/><V134/><F134/><W10/><G73/><T5/><REACH who="0" step="1"/><D23/><REACH who="0" ten="240,250,250,250" step="2"/><U79/><REACH who="1" step="1"/><E57/><REACH who="1" ten="240,240,250,250" step="2"/><V56/><F56/><W72/><G72/><T8/><D8/><N who="3" m="3113" /><G35/><T70/><D70/><U42/><E42/><V124/><F124/><W106/><AGARI ba="0,2" hai="0,1,2,104,105,106,117,119" m="3113,14922" machi="106" ten="50,8000,1" yaku="28,2,52,2" doraHai="115" who="3" fromWho="3" sc="240,-40,240,-20,250,-20,250,100" /><INIT seed="1,0,0,2,2,71" ten="200,220,230,350" oya="1" hai0="58,20,52,51,66,116,17,38,49,57,34,18,53" hai1="106,87,50,63,128,35,73,41,96,56,100,103,30" hai2="68,11,2,124,127,28,43,135,65,47,102,55,15" hai3="27,125,29,131,95,113,80,119,92,9,81,122,23"/><U85/><E73/><V93/><F2/><W90/><G113/><T24/><D116/><U6/><E128/><V82/><F28/><W8/><G122/><T21/><D34/><U72/><E72/><V13/><F55/><W7/><G131/><T26/><D38/><U76/><E103/><V118/><F118/><W105/><G105/><T130/><D130/><U12/><E76/><V44/><F44/><W78/><G125/><N who="2" m="48201" /><F82/><W120/><G120/><T0/><D0/><U16/><E6/><V110/><F110/><W88/><G119/><T133/><D66/><U89/><E30/><V121/><F121/><W33/><G33/><T67/><D67/><U101/><E35/><V45/><F45/><W3/><G9/><T46/><D46/><U99/><E41/><V94/><F102/><W61/><G61/><T37/><D37/><U107/><E50/><N who="2" m="27007" /><F13/><W114/><G114/><T98/><D98/><U42/><E42/><V31/><F31/><W25/><G25/><T19/><D17/><U79/><E79/><V126/><N who="2" m="48209" /><V5/><DORA hai="97" /><F135/><AGARI ba="0,0" hai="18,19,20,21,24,26,49,51,52,53,57,58,133,135" machi="135" ten="40,8000,1" yaku="32,3,54,1" doraHai="71,97" who="0" fromWho="2" sc="200,80,220,0,230,-80,350,0" /><INIT seed="2,0,0,4,3,2" ten="280,220,150,350" oya="2" hai0="71,107,13,18,9,24,61,19,48,49,86,121,102" hai1="129,110,64,6,42,75,119,30,41,81,11,125,92" hai2="8,134,29,45,28,1,120,114,106,130,12,53,133" hai3="59,33,118,15,17,23,108,122,100,50,38,79,20"/><V124/><F106/><W87/><G38/><T74/><D74/><U128/><E119/><V126/><F45/><W34/><G118/><T62/><D121/><U113/><E113/><V55/><F1/><W135/><G122/><T4/><D86/><U101/><E110/><V116/><F120/><W39/><G39/><T31/><D107/><U5/><E125/><N who="2" m="48235" /><F116/><W82/><G108/><T77/><D77/><N who="1" m="44223" /><E30/><N who="2" m="11883" /><F114/><W70/><G70/><T57/><D102/><U65/><E41/><V91/><F91/><W97/><G135/><N who="2" m="51721" /><F130/><N who="1" m="50281" /><E42/><V35/><F35/><W43/><G34/><T115/><D115/><U16/><E101/><V44/><F44/><W21/><G33/><T46/><D46/><U54/><E54/><V76/><F76/><W99/><G43/><T96/><D71/><U14/><E92/><V127/><N who="2" m="48243" /><V132/><N who="2" m="51729" /><DORA hai="56" /><V104/><DORA hai="36" /><F104/><W60/><G100/><T117/><D117/><U78/><E78/><V95/><F95/><W72/><G79/><T27/><D57/><U63/><E65/><V67/><F67/><W52/><G59/><AGARI ba="0,0" hai="5,6,11,14,16,59,63,64" m="50281,44223" machi="59" ten="30,8000,1" yaku="19,1,52,3,54,1" doraHai="2,56,36" who="1" fromWho="3" sc="280,0,220,80,150,0,350,-80" /><INIT seed="3,0,0,2,1,72" ten="280,300,150,270" oya="3" hai0="61,45,57,108,120,96,86,67,135,53,102,22,58" hai1="40,109,87,89,19,71,74,99,2,121,80,79,130" hai2="66,97,26,90,64,63,32,104,10,69,39,114,36" hai3="1,132,16,110,54,3,29,46,93,75,43,48,101"/><W94/><G75/><T133/><D120/><U123/><E2/><V128/><F114/><W77/><G29/><T12/><D108/><U55/><E71/><V127/><F128/><W52/><G110/><T134/><D86/><U119/><E109/><V28/><F127/><W116/><G116/><T49/><D22/><U84/><E40/><V118/><F118/><W20/><G1/><T6/><D12/><U37/><E37/><V0/><F66/><W103/><G3/><T56/><REACH who="0" step="1"/><D6/><REACH who="0" ten="270,300,150,270" step="2"/><U13/><E123/><V105/><F105/><AGARI ba="0,1" hai="45,49,53,56,57,58,61,67,96,102,105,133,134,135" machi="105" ten="40,5200,0" yaku="1,1,2,1,20,1,53,0" doraHai="72" doraHaiUra="122" who="0" fromWho="2" sc="270,62,300,0,150,-52,270,0" owari="332,43.2,300,10.0,98,-40.2,270,-13.0" /></mjloggm>