<mjloggm ver="2.3"><GO type="225" lobby="0"/><UN n0="%E3%81%AA%E3%82%81%E3%81%93%E9%9B%80%E5%A3%AB" n1="%E4%BF%BA%E3%81%A8%E5%A6%96%E5%A4%A2" n2="%E3%82%A2%E3%83%8A%E3%83%BC%E3%81%8D%E3%83%BC" n3="%E3%81%B5%E3%81%98%E3%81%8B%E3%81%A4" dan="16,17,16,16" rate="2063.98,2159.68,2076.34,2191.04" sx="M,F,M,M"/><TAIKYOKU oya="0"/><INIT seed="0,0,0,3,3,88" ten="250,250,250,250" oya="0" hai0="14,109,73,30,52,79,51,106,41,97,133,40,50" hai1="66,59,8,94,1,7,118,65,26,80,72,117,44" hai2="127,123,55,29,114,53,18,90,98,110,34,64,83" hai3="11,67,58,76,135,13,3,82,15,23,89,126,105"/><T75/><D133/><U24/><E44/><V103/><F114/><W0/><G135/><T116/><D116/><U17/><E66/><V87/><F123/><W132/><G105/><T63/><D30/><U91/><E117/><V107/><F110/><W38/><G38/><T9/><D109/><U39/><E118/><V20/><F127/><W93/><G126/><T124/><D75/><U47/><E17/><V21/><F64/><W19/><G132/><T85/><D73/><U111/><E59/><V10/><F10/><W71/><G71/><T78/><D106/><U134/><E65/><V130/><F130/><W56/><G0/><T57/><D97/><U121/><E121/><V77/><F77/><N who="0" m="29194" /><D85/><U84/><E111/><V22/><REACH who="2" step="1"/><F18/><REACH who="2" ten="250,250,240,250" step="2"/><N who="3" m="8511" /><G3/><T125/><D125/><U61/><E134/><V27/><AGARI ba="0,1" hai="20,21,22,27,29,34,53,55,83,87,90,98,103,107" machi="27" ten="30,4000,0" yaku="1,1,0,1,53,1" doraHai="88" doraHaiUra="25" who="2" fromWho="2" sc="250,-20,250,-10,240,50,250,-10" /><INIT seed="1,0,0,4,5,11" ten="230,240,290,240" oya="1" hai0="60,36,66,53,41,15,49,4,27,59,58,74,91" hai1="14,20,112,116,54,132,120,56,128,79,61,32,119" hai2="81,106,89,44,77,8,6,82,26,133,123,94,131" hai3="96,16,83,40,0,31,110,125,93,30,42,111,87"/><U86/><E112/><V3/><F123/><W100/><G125/><T24/><D74/><U69/><E120/><V109/><F106/><W105/><G0/><T115/><D115/><U67/><E32/><V33/><F109/><N who="3" m="41483" /><G105/><T76/><D76/><U103/><E132/><V37/><F133/><W17/><G40/><T80/><D41/><U13/><E103/><V99/><F131/><W35/><G42/><T19/><D4/><U39/><E39/><V97/><F37/><W85/><G85/><N who="0" m="50599" /><D36/><U130/><E86/><V65/><F44/><W104/><G104/><T29/><D29/><N who="3" m="10761" /><G35/><T68/><D68/><U52/><E79/><AGARI ba="0,0" hai="16,17,79,83,87,93,96,100" m="10761,41483" machi="79" ten="30,2000,0" yaku="14,1,54,1" doraHai="11" who="3" fromWho="1" sc="230,0,240,-20,290,0,240,20" /><INIT seed="2,0,0,2,1,112" ten="230,220,290,260" oya="2" hai0="54,127,90,132,21,126,23,76,4,106,29,113,130" hai1="64,20,24,63,69,6,80,135,3,67,65,129,91" hai2="57,18,75,104,114,94,59,12,27,131,107,31,111" hai3="14,82,36,51,98,49,99,108,40,103,38,22,77"/><V116/><F114/><W15/><G108/><T7/><D113/><U81/><E129/><V123/><F123/><W9/><G22/><N who="0" m="8203" /><D106/><U124/><E124/><N who="0" m="47657" /><D76/><U92/><E135/><V72/><F18/><W19/><G14/><T58/><D29/><U115/><E115/><V134/><F12/><W45/><G51/><N who="0" m="31071" /><D132/><U10/><E65/><V13/><F31/><W56/><G56/><T128/><D90/><U8/><E67/><V53/><F59/><W50/><G50/><T105/><D105/><U37/><E8/><V85/><F107/><W71/><G71/><T39/><D39/><U120/><E120/><V121/><F104/><W35/><G35/><T95/><D95/><U5/><E5/><AGARI ba="0,0" hai="4,5,7,128,130" m="31071,47657,8203" machi="5" ten="30,1000,0" yaku="18,1" doraHai="112" who="0" fromWho="1" sc="230,10,220,-10,290,0,260,0" /><INIT seed="3,0,0,1,3,64" ten="240,210,290,260" oya="3" hai0="103,133,99,120,48,14,90,40,39,26,73,117,15" hai1="37,2,55,46,105,80,60,123,49,112,17,10,131" hai2="79,128,119,41,77,24,3,124,129,71,130,82,81" hai3="88,125,22,54,32,25,45,5,61,66,21,56,109"/><W85/><G125/><T74/><D117/><U28/><E123/><V134/><F124/><W53/><G5/><T63/><D39/><U7/><E112/><V122/><F119/><W57/><G109/><T78/><D90/><U50/><E105/><V121/><F3/><W110/><G110/><T27/><D133/><U33/><E131/><V44/><F134/><W30/><G45/><T29/><D27/><U69/><E33/><V38/><F71/><W31/><G66/><T19/><D48/><U34/><E34/><V76/><F24/><W95/><G31/><T97/><D40/><N who="1" m="22799" /><E28/><V36/><F36/><W9/><G9/><T116/><D14/><U92/><E92/><V118/><F118/><W1/><G1/><T43/><D43/><U132/><E17/><V84/><F84/><W70/><G70/><T107/><D99/><U113/><E113/><V59/><F59/><W101/><G101/><T11/><D120/><AGARI ba="0,0" hai="38,41,44,76,77,79,81,82,120,121,122,128,129,130" machi="120" ten="50,3200,0" yaku="13,1,19,1" doraHai="64" who="2" fromWho="0" sc="240,-32,210,0,290,32,260,0" owari="208,-29.2,210,-19.0,322,42.2,260,6.0" /></mjloggm>