<mjloggm ver="2.3"><GO type="225" lobby="0"/><UN n0="%E9%87%8E%E3%80%85%E5%AE%AE%E8%97%8D" n1="%E6%A1%9C%E8%8A%B1%E9%96%83%E3%80%85" n2="%72%69%6F%75%63%68%61%6E" n3="%E3%82%A2%E3%83%BC%E3%83%A2%E3%83%AD%E3%83%BC%E3%83%B4%E3%82%A1" dan="17,16,16,16" rate="2163.37,2125.99,2114.21,2116.76" sx="F,M,M,M"/><TAIKYOKU oya="0"/><INIT seed="0,0,0,3,4,105" ten="250,250,250,250" oya="0" hai0="20,102,61,62,25,71,77,65,1,4,19,73,120" hai1="57,51,117,56,78,129,44,86,101,42,30,31,87" hai2="54,131,93,85,121,127,64,115,133,12,68,48,135" hai3="114,63,109,124,69,110,18,59,27,111,45,106,134"/><T53/><D120/><U14/><E117/><V75/><F121/><W118/><G118/><T130/><D130/><U35/><E129/><V0/><F0/><W113/><G106/><T100/><D4/><U60/><E101/><V97/><F131/><W95/><G124/><T24/><D1/><U90/><E35/><V50/><F115/><W104/><G104/><T34/><D34/><U17/><E78/><V28/><F127/><W89/><G69/><T103/><D25/><U98/><E98/><V94/><F28/><N who="1" m="10793" /><E90/><V43/><F75/><W16/><G45/><T88/><D88/><U33/><E33/><V41/><F85/><N who="1" m="32265" /><E60/><N who="2" m="39943" /><F94/><W8/><G134/><N who="2" m="51209" /><F12/><N who="3" m="7175" /><G18/><T74/><REACH who="0" step="1"/><D77/><REACH who="0" ten="240,250,250,250" step="2"/><U132/><E132/><V126/><F126/><W72/><G27/><T79/><D79/><U9/><AGARI ba="0,1" hai="9,14,17,42,44,51,56,57" m="32265,10793" machi="9" ten="30,1100,0" yaku="8,1" doraHai="105" who="1" fromWho="1" sc="240,-5,250,21,250,-3,250,-3" /><INIT seed="1,0,0,2,5,132" ten="235,271,247,247" oya="1" hai0="29,81,40,36,9,135,25,12,55,100,66,89,60" hai1="133,107,19,45,111,93,123,85,114,117,67,15,110" hai2="126,37,38,2,65,62,1,118,125,69,70,28,124" hai3="32,91,10,109,42,61,58,83,120,76,59,18,74"/><U121/><E107/><V90/><F118/><W46/><G120/><N who="1" m="46154" /><E117/><V78/><F78/><W131/><G32/><T88/><D135/><U115/><E133/><V106/><F106/><W20/><G109/><N who="1" m="41482" /><E67/><V21/><F70/><W84/><G131/><T64/><D100/><U3/><E45/><V129/><F129/><W119/><G119/><T127/><D127/><U82/><E3/><N who="2" m="1035" /><F90/><N who="0" m="34922" /><D81/><U86/><E93/><V51/><F51/><W63/><G46/><T101/><D101/><U112/><E82/><V35/><F35/><W17/><G83/><T105/><D40/><U94/><E94/><V33/><F33/><W14/><G42/><T54/><D36/><U44/><E44/><V108/><F108/><W47/><G47/><T11/><D105/><U23/><AGARI ba="0,0" hai="15,19,23,85,86,112,114,115" m="41482,46154" machi="23" ten="40,3900,0" yaku="14,1,10,1" doraHai="132" who="1" fromWho="1" sc="235,-13,271,39,247,-13,247,-13" /><INIT seed="1,1,0,3,4,53" ten="222,310,234,234" oya="1" hai0="132,85,58,2,20,15,112,17,39,68,55,27,130" hai1="128,124,57,76,24,116,7,36,41,109,8,60,34" hai2="6,86,127,118,18,133,1,103,135,121,31,100,83" hai3="97,51,50,111,74,107,61,29,126,22,3,9,98"/><U62/><E116/><V28/><F118/><W134/><G74/><T14/><D112/><U117/><E117/><V113/><F121/><W82/><G107/><T88/><D2/><U87/><E124/><V108/><F108/><W81/><G111/><T73/><D73/><U72/><E109/><V69/><F127/><W89/><G134/><N who="2" m="51209" /><F69/><W84/><G126/><T80/><D132/><U119/><E119/><V104/><F113/><W67/><G81/><T54/><D68/><U10/><E128/><V101/><F104/><W49/><G9/><T48/><D39/><U115/><E87/><V52/><F18/><W90/><G90/><T13/><D130/><U56/><E115/><V95/><F95/><W44/><G3/><T47/><D27/><U65/><E41/><V21/><F21/><W92/><G92/><T23/><D23/><U40/><E40/><V30/><F52/><W43/><G22/><T93/><D80/><U120/><E36/><V75/><F75/><W77/><G29/><N who="2" m="7425" /><V106/><DORA hai="26" /><F106/><W122/><G122/><T96/><D85/><U123/><E72/><V66/><F66/><W79/><G97/><T11/><D20/><U45/><E65/><V63/><F63/><AGARI ba="1,0" hai="11,13,14,15,17,47,48,54,55,58,63,88,93,96" machi="63" ten="30,7700,0" yaku="7,1,8,1,52,1,54,1" doraHai="53,26" who="0" fromWho="2" sc="222,80,310,0,234,-80,234,0" /><INIT seed="2,0,0,3,1,97" ten="302,310,154,234" oya="2" hai0="25,24,117,130,9,47,122,12,53,92,74,45,44" hai1="94,59,116,119,83,41,32,69,29,10,15,8,52" hai2="96,135,75,65,82,67,128,16,30,23,40,22,110" hai3="42,56,109,90,85,6,120,61,0,58,54,13,5"/><V33/><F128/><W106/><G120/><T71/><D122/><U89/><E69/><V1/><F1/><W11/><G109/><T21/><D130/><U14/><E41/><V81/><F110/><W84/><G106/><T36/><D74/><U134/><E134/><V105/><F135/><W51/><G42/><T4/><D71/><U102/><E32/><V131/><F131/><W79/><G79/><T115/><D115/><U123/><E29/><V28/><F40/><W104/><G104/><T70/><D70/><U17/><E123/><V93/><F105/><W121/><G121/><T43/><D25/><U103/><E83/><N who="2" m="31755" /><F33/><W129/><G129/><T39/><D39/><U62/><E116/><V114/><F75/><W98/><G5/><T55/><D117/><U77/><E77/><V132/><F132/><W80/><G0/><T125/><D125/><U112/><E112/><V64/><F114/><W91/><G98/><T57/><D92/><U63/><E63/><V86/><F86/><N who="3" m="33387" /><G80/><T101/><D101/><N who="1" m="38411" /><E119/><V2/><F2/><W118/><G118/><T72/><D72/><U3/><E3/><V34/><F34/><W19/><G6/><T124/><D124/><U113/><E113/><V35/><F35/><W78/><G78/><T66/><D36/><U50/><E62/><V49/><F49/><W20/><G61/><N who="0" m="38191" /><D43/><U38/><E38/><V73/><F73/><W37/><G37/><T99/><D99/><N who="1" m="57807" /><E15/><N who="2" m="9503" /><F23/><AGARI ba="0,0" hai="8,10,14,17,23,50,52,59" m="57807,38411" machi="23" ten="30,8000,1" yaku="8,1,52,3,54,1" doraHai="97" who="1" fromWho="2" sc="302,0,310,80,154,-80,234,0" /><INIT seed="3,0,0,2,5,85" ten="302,390,74,234" oya="3" hai0="59,58,79,30,65,31,115,3,135,121,41,130,133" hai1="112,36,9,12,107,53,131,126,33,132,82,22,19" hai2="103,119,20,61,46,44,95,49,96,113,13,129,109" hai3="78,56,86,34,38,51,7,71,45,106,105,74,48"/><W80/><G34/><T4/><D121/><U32/><E112/><V24/><F113/><W102/><G71/><T54/><D115/><U28/><E107/><V27/><F109/><W98/><G106/><T114/><D114/><U84/><E126/><V72/><F129/><W63/><G7/><T0/><D41/><U93/><E131/><V104/><F119/><W67/><G38/><T116/><D116/><U35/><E36/><V25/><F72/><W69/><G69/><T47/><D79/><U94/><E132/><N who="0" m="50761" /><D130/><U17/><E53/><V134/><F134/><W76/><G76/><T43/><D65/><U117/><E28/><N who="0" m="10793" /><D4/><U70/><E70/><V90/><F61/><W29/><G29/><T40/><D40/><U18/><E117/><V66/><F66/><W37/><G37/><N who="0" m="21999" /><D59/><U110/><E110/><V60/><F44/><W62/><G62/><AGARI ba="0,0" hai="0,3,54,58,62" m="21999,10793,50761" machi="62" ten="30,1000,0" yaku="20,1" doraHai="85" who="0" fromWho="3" sc="302,10,390,0,74,0,234,-10" owari="312,11.2,390,49.0,74,-42.6,224,-17.6" /></mjloggm>