<mjloggm ver="2.3"><GO type="225" lobby="0"/><UN n0="%E3%82%B2%E3%82%B9%E8%8C%82%E5%8B%9D" n1="%E3%81%BF%E3%81%BF%E3%81%9A" n2="%E3%81%A8%E3%82%89%E3%81%84%E3%81%A1" n3="%6D%75%75%6D%75%72%61" dan="16,16,16,16" rate="2082.38,2181.60,2119.49,2063.50" sx="F,M,M,F"/><TAIKYOKU oya="0"/><INIT seed="0,0,0,2,5,57" ten="250,250,250,250" oya="0" hai0="54,28,105,106,123,92,33,2,114,74,87,13,60" hai1="121,41,127,115,17,113,58,48,9,1,86,52,25" hai2="108,79,47,15,94,29,85,76,0,80,119,82,89" hai3="128,62,96,5,129,111,124,97,67,64,95,26,122"/><T135/><D123/><U72/><E72/><V99/><F0/><W83/><G122/><T38/><D114/><N who="1" m="43531" /><E121/><V40/><F108/><W7/><G111/><T12/><D2/><U4/><E127/><V16/><F119/><W10/><G124/><T53/><D38/><U66/><E41/><V126/><F29/><W102/><G67/><T117/><D74/><U68/><E86/><V69/><F69/><W84/><G96/><T22/><D117/><U73/><E73/><V11/><F126/><W37/><G26/><T110/><D110/><U19/><E25/><V93/><F93/><W24/><G24/><T120/><D120/><U31/><E31/><V23/><F11/><W91/><G37/><T100/><D28/><U104/><E104/><V44/><F40/><W98/><G98/><T30/><D30/><U88/><E88/><V133/><F133/><W21/><G21/><T46/><D135/><U59/><E68/><V125/><F125/><W134/><G134/><T14/><D22/><U103/><E103/><V112/><F112/><W42/><G42/><T50/><D33/><U109/><E109/><V81/><F81/><W78/><G102/><T8/><D8/><U43/><E43/><V107/><F107/><W101/><G101/><T34/><D34/><U90/><E90/><V63/><F63/><AGARI ba="0,0" hai="1,4,9,17,19,48,52,58,59,63,66" m="43531" machi="63" ten="30,3900,0" yaku="11,1,52,1,54,1" doraHai="57" who="1" fromWho="2" sc="250,0,250,39,250,-39,250,0" /><INIT seed="1,0,0,4,0,13" ten="250,289,211,250" oya="1" hai0="129,10,2,53,109,91,44,128,130,79,33,15,110" hai1="65,96,49,35,45,46,52,117,67,88,135,63,42" hai2="97,0,23,64,72,82,133,119,86,61,100,40,43" hai3="70,101,74,68,36,131,54,30,26,39,112,8,31"/><U19/><E117/><V92/><F119/><W93/><G112/><T80/><D33/><U7/><E135/><V127/><F0/><W89/><G131/><T75/><D2/><U41/><E35/><V27/><F133/><W55/><G74/><T125/><D125/><U9/><E7/><V24/><F72/><W111/><G101/><T87/><D53/><U59/><E67/><V98/><F98/><W69/><G8/><T71/><D44/><U102/><E46/><V66/><F27/><W38/><G111/><T123/><D71/><U12/><REACH who="1" step="1"/><E88/><REACH who="1" ten="250,279,211,250" step="2"/><N who="2" m="51287" /><F127/><W4/><G4/><N who="0" m="3527" /><D123/><U83/><E83/><AGARI ba="0,1" hai="75,79,80,83,87,91,109,110,128,129,130" m="3527" machi="83" ten="40,1300,0" yaku="19,1" doraHai="13" who="0" fromWho="1" sc="250,23,279,-13,211,0,250,0" /><INIT seed="2,0,0,5,2,93" ten="273,266,211,250" oya="2" hai0="89,112,32,70,54,79,60,31,99,126,83,43,111" hai1="119,98,78,52,15,12,67,77,66,73,36,44,74" hai2="100,102,109,23,120,81,19,82,1,50,62,13,125" hai3="106,4,105,113,114,135,104,37,129,6,118,92,17"/><V86/><F120/><W49/><G118/><T51/><D111/><U72/><E119/><V0/><F109/><W14/><G37/><T69/><D126/><U132/><E132/><V116/><F116/><W130/><G49/><T88/><D43/><U30/><E30/><V11/><F125/><W10/><G92/><T26/><D112/><N who="3" m="43113" /><G135/><T7/><D7/><AGARI ba="0,0" hai="4,6,7,10,14,17,104,105,106,129,130" m="43113" machi="7" ten="40,1300,0" yaku="11,1" doraHai="93" who="3" fromWho="0" sc="273,-13,266,0,211,0,250,13" /><INIT seed="3,0,0,0,3,15" ten="260,266,211,263" oya="3" hai0="104,111,12,98,77,40,125,133,107,99,44,42,132" hai1="34,54,60,90,106,91,28,35,118,32,135,128,113" hai2="95,121,88,56,62,84,10,47,73,19,119,94,87" hai3="105,24,134,110,2,102,51,8,129,29,68,39,61"/><W67/><G39/><T80/><D12/><U122/><E122/><V75/><F119/><W6/><G129/><T81/><D44/><U45/><E106/><N who="0" m="40489" /><D125/><U9/><E113/><V38/><F121/><W20/><G134/><N who="0" m="51819" /><D111/><U66/><E128/><V97/><F10/><W100/><G110/><T74/><D77/><U48/><E118/><V109/><F109/><W17/><G105/><T33/><D74/><U31/><E135/><V27/><F47/><W13/><REACH who="3" step="1"/><G51/><REACH who="3" ten="260,266,211,253" step="2"/><T59/><D33/><AGARI ba="0,1" hai="2,6,8,13,17,20,24,29,33,61,67,68,100,102" machi="33" ten="30,18000,2" yaku="1,1,2,1,7,1,24,2,52,1,53,0" doraHai="15" doraHaiUra="37" who="3" fromWho="0" sc="260,-180,266,0,211,0,253,190" owari="80,-42.0,266,6.6,211,-18.9,443,54.3" /></mjloggm>