<mjloggm ver="2.3"><GO type="225" lobby="0"/><UN n0="%E3%81%86%E3%82%8C%E3%81%9F%E3%82%93%E6%9E%95" n1="%E3%81%8A%E3%81%8B%E3%81%8F%E3%82%89" n2="%E4%B8%89%E5%86%A0%E7%8E%8B%E3%83%BB%E5%B1%B1%E7%94%B0%E5%93%B2%E4%BA%BA" n3="%E3%81%86%E3%81%A1%E3%83%BC" dan="16,17,16,17" rate="2183.28,2091.24,2149.79,2164.93" sx="F,M,M,M"/><TAIKYOKU oya="0"/><INIT seed="0,0,0,1,2,55" ten="250,250,250,250" oya="0" hai0="10,118,108,119,19,42,134,105,45,14,37,4,123" hai1="122,62,36,32,34,97,65,103,83,23,11,76,107" hai2="6,75,59,30,48,50,44,47,70,116,0,25,20" hai3="54,33,88,106,132,51,80,22,114,17,13,72,39"/><T117/><D105/><U58/><E122/><V100/><F70/><W21/><G39/><T91/><D123/><U92/><E36/><V9/><F75/><W74/><G33/><T52/><D134/><U73/><E11/><V82/><F116/><W27/><G114/><T53/><D108/><U128/><E128/><V86/><F100/><W29/><G106/><T66/><D66/><U120/><E120/><V57/><F47/><W7/><G7/><T5/><D91/><U96/><REACH who="1" step="1"/><E23/><REACH who="1" ten="250,240,250,250" step="2"/><V121/><F121/><W112/><G132/><T12/><REACH who="0" step="1"/><D4/><REACH who="0" ten="240,240,250,250" step="2"/><U77/><E77/><V63/><F6/><W43/><G112/><T2/><D2/><U26/><E26/><V81/><F25/><W67/><G27/><T94/><D94/><U85/><E85/><V89/><F86/><N who="3" m="50247" /><G74/><T16/><D16/><U129/><E129/><V99/><F0/><W71/><G72/><T15/><D15/><U46/><E46/><V102/><F44/><W31/><G13/><T131/><D131/><U78/><E78/><V24/><F24/><W40/><G17/><T125/><D125/><U41/><E41/><V69/><F99/><W61/><G43/><T79/><D79/><U93/><E93/><V18/><F18/><W124/><G40/><T56/><D56/><U111/><E111/><V84/><F59/><N who="3" m="33247" /><G124/><T104/><D104/><U87/><E87/><V68/><F84/><W38/><G31/><T113/><D113/><U1/><E1/><V110/><F30/><W133/><G29/><T109/><D109/><U3/><E3/><V115/><F110/><W64/><G133/><RYUUKYOKU ba="0,2" sc="240,15,240,15,250,-15,250,-15" hai0="5,10,12,14,19,37,42,45,52,53,117,118,119" hai1="32,34,58,62,65,73,76,83,92,96,97,103,107" /><INIT seed="0,1,2,0,3,18" ten="255,255,235,235" oya="0" hai0="76,27,22,25,110,40,24,29,10,89,35,57,124" hai1="91,11,2,108,101,44,38,87,3,0,94,23,33" hai2="102,12,104,49,13,62,133,8,56,123,130,51,73" hai3="63,93,20,81,99,105,67,9,6,78,77,69,37"/><T14/><D124/><U122/><E33/><V42/><F73/><W132/><G105/><T41/><D110/><U134/><E122/><V66/><F123/><W84/><G37/><T1/><D1/><U114/><E134/><V113/><F113/><W53/><G53/><T116/><D116/><U43/><E108/><V34/><F133/><W15/><G132/><T55/><D76/><U96/><E114/><V7/><F34/><W16/><G84/><T100/><D100/><U109/><E109/><V131/><F104/><W97/><G93/><T61/><D89/><U80/><REACH who="1" step="1"/><E23/><REACH who="1" ten="255,245,235,235" step="2"/><V5/><F130/><W4/><G4/><AGARI ba="1,3" hai="0,2,3,4,11,38,43,44,80,87,91,94,96,101" machi="4" ten="40,5200,0" yaku="1,1,2,1,53,1" doraHai="18" doraHaiUra="79" who="1" fromWho="3" sc="255,0,245,85,235,0,235,-55" /><INIT seed="1,0,0,1,5,45" ten="255,330,235,180" oya="1" hai0="74,105,50,78,18,24,87,39,34,42,130,52,13" hai1="82,10,6,128,117,44,112,77,25,81,58,94,88" hai2="99,31,103,79,2,70,131,43,84,73,7,54,53" hai3="135,113,115,3,33,62,46,66,114,35,4,83,119"/><U106/><E106/><V129/><F70/><W102/><G135/><T134/><D134/><U120/><E128/><V71/><F71/><W64/><G119/><T36/><D130/><N who="2" m="49674" /><F73/><W76/><G102/><T21/><D105/><U20/><E112/><V49/><F31/><W19/><G19/><T30/><D74/><U15/><E120/><V90/><F79/><W14/><G3/><T111/><D111/><U92/><E92/><N who="2" m="58855" /><F2/><W29/><G29/><T48/><D39/><U100/><E100/><V55/><F7/><W12/><G46/><T23/><D34/><U98/><E117/><V59/><F43/><W56/><G64/><T109/><D109/><U51/><E58/><V121/><F121/><W110/><G110/><T47/><D36/><U101/><E101/><V32/><F32/><W40/><G40/><T16/><D30/><N who="1" m="17703" /><E77/><V11/><F11/><W5/><G33/><T96/><D78/><U17/><E6/><V69/><F69/><W91/><G35/><T26/><D96/><U89/><E89/><V22/><F22/><W1/><G91/><T63/><D87/><U57/><E57/><V60/><F60/><W85/><REACH who="3" step="1"/><G4/><REACH who="3" ten="255,330,235,170" step="2"/><T126/><D42/><AGARI ba="0,1" hai="10,15,17,42,44,51,81,82,88,94,98" m="17703" machi="42" ten="30,5800,0" yaku="8,1,52,1,54,1" doraHai="45" who="1" fromWho="0" sc="255,-58,330,68,235,0,170,0" /><INIT seed="1,1,0,1,2,24" ten="197,398,235,170" oya="1" hai0="126,21,101,75,4,128,12,20,80,54,102,88,77" hai1="68,110,29,47,30,23,36,11,71,132,93,135,25" hai2="58,22,38,66,70,121,57,17,53,103,120,60,73" hai3="130,55,74,113,134,95,37,45,111,104,44,19,43"/><U9/><E110/><V78/><F103/><W109/><G104/><T50/><D128/><U123/><E123/><V63/><F38/><W86/><G74/><T108/><D126/><U49/><E36/><V18/><F18/><W10/><G130/><T84/><D108/><N who="3" m="41545" /><G113/><T89/><D89/><U72/><E72/><V97/><F97/><W62/><G134/><N who="1" m="51242" /><E30/><V112/><F112/><W61/><G55/><T48/><D48/><U131/><E93/><V92/><F92/><W115/><G45/><T16/><D4/><U26/><E26/><V94/><F94/><W32/><G32/><T8/><D101/><U116/><E116/><V65/><F73/><W3/><G115/><T133/><D102/><U100/><E100/><V118/><F118/><W2/><G2/><T64/><D64/><U122/><E122/><V99/><F121/><W82/><G95/><T7/><D133/><U124/><E124/><V67/><F120/><W91/><G3/><T106/><D106/><U83/><E83/><V59/><F66/><W42/><G42/><T51/><D75/><U41/><E131/><V15/><F67/><W117/><G117/><T87/><D77/><U107/><E107/><V52/><F78/><W1/><G1/><T114/><D114/><U90/><E90/><V27/><F65/><W28/><G28/><T85/><D88/><U31/><E31/><V5/><F99/><W13/><AGARI ba="1,0" hai="10,13,19,37,43,44,61,62,82,86,91" m="41545" machi="13" ten="30,1100,0" yaku="14,1" doraHai="24" who="3" fromWho="3" sc="197,-4,398,-6,235,-4,170,14" /><INIT seed="2,0,0,1,0,64" ten="193,392,231,184" oya="2" hai0="89,57,60,23,28,104,59,17,48,85,41,99,116" hai1="35,93,71,73,66,74,32,105,134,0,13,115,51" hai2="36,117,49,25,81,18,119,101,90,83,58,14,135" hai3="80,120,46,24,30,40,107,22,114,67,108,61,79"/><V3/><F36/><W63/><G120/><T131/><D116/><U33/><E105/><V84/><F3/><W16/><G108/><T118/><D118/><U82/><E0/><V6/><F135/><W10/><G107/><T96/><D131/><U27/><E27/><V70/><F70/><W92/><G114/><T106/><D104/><U34/><E34/><V75/><F6/><W86/><G92/><T47/><D106/><U112/><E134/><V124/><F101/><W91/><G79/><T130/><D28/><U95/><E51/><V68/><F68/><W43/><G46/><T1/><D1/><U88/><E95/><V19/><F124/><W15/><REACH who="3" step="1"/><G63/><REACH who="3" ten="193,392,231,174" step="2"/><T38/><D130/><U56/><E93/><N who="2" m="54471" /><F119/><W50/><G50/><T65/><D38/><U44/><E74/><V42/><F75/><W76/><G76/><T9/><D59/><AGARI ba="0,1" hai="10,15,16,22,24,30,40,43,59,61,67,80,86,91" machi="59" ten="30,7700,0" yaku="1,1,7,1,8,1,54,1,53,0" doraHai="64" doraHaiUra="128" who="3" fromWho="0" sc="193,-77,392,0,231,0,174,87" /><INIT seed="3,0,0,2,0,15" ten="116,392,231,261" oya="3" hai0="76,36,4,56,61,121,38,43,11,89,73,79,109" hai1="85,54,50,97,78,22,111,120,12,98,32,102,31" hai2="119,65,13,17,105,69,63,21,101,10,27,90,25" hai3="9,92,94,24,29,0,126,51,57,30,80,91,99"/><W117/><G117/><T134/><D109/><U93/><E32/><V130/><F119/><W72/><G126/><T33/><D134/><U103/><E111/><V110/><F110/><W84/><G72/><T128/><D121/><U96/><E120/><V7/><F130/><W47/><G57/><T3/><D128/><U81/><E93/><V125/><F125/><W113/><G113/><T42/><D33/><U74/><E74/><V95/><F101/><W77/><G0/><T1/><D73/><U67/><E67/><V116/><F105/><W127/><G9/><T6/><D11/><U34/><E34/><V108/><F108/><W100/><G24/><T52/><D56/><N who="1" m="32855" /><E12/><V48/><F48/><W44/><G44/><T86/><D86/><U39/><E39/><V87/><F116/><W35/><G35/><T66/><D66/><U106/><E106/><V75/><F75/><W132/><G132/><T70/><D70/><U112/><E112/><V129/><F129/><W2/><G2/><AGARI ba="0,0" hai="2,7,10,13,17,21,25,27,63,65,69,87,90,95" machi="2" ten="30,2000,0" yaku="7,1,52,1" doraHai="15" who="2" fromWho="3" sc="116,0,392,0,231,20,261,-20" owari="116,-38.4,392,49.2,251,5.1,241,-15.9" /></mjloggm>