<mjloggm ver="2.3"><GO type="225" lobby="0"/><UN n0="%6E%65%77%E8%BC%AA%E5%A4%A7%E7%B4%8D%E8%A8%80" n1="%E3%82%BC%E3%83%AB%E3%83%80%E3%81%AE%E4%BC%9D%E8%AA%AC" n2="%68%6F%72%69%30%39%30%31" n3="%E7%AD%89%E3%80%85%E5%8A%9B%E5%8A%87%E5%A0%B4" dan="16,16,16,17" rate="2099.34,2200.76,2036.34,2146.70" sx="M,M,M,M"/><TAIKYOKU oya="0"/><INIT seed="0,0,0,0,1,104" ten="250,250,250,250" oya="0" hai0="129,70,103,132,93,5,69,84,34,80,66,51,16" hai1="117,99,17,79,31,101,95,58,81,26,75,64,92" hai2="77,57,9,106,91,128,39,63,122,33,27,21,37" hai3="1,76,56,2,50,7,19,38,55,13,12,127,40"/><T71/><D129/><U102/><E117/><V96/><F128/><W88/><G127/><T130/><D130/><U116/><E116/><V121/><F33/><W119/><G119/><T18/><D132/><U67/><E17/><V42/><F9/><W112/><G112/><T89/><D34/><U125/><E125/><V29/><F77/><W109/><G109/><T48/><D5/><U25/><E58/><V53/><F42/><W49/><G38/><T54/><D66/><U135/><E135/><V65/><F91/><W131/><G131/><T59/><REACH who="0" step="1"/><D48/><REACH who="0" ten="240,250,250,250" step="2"/><U22/><REACH who="1" step="1"/><E26/><REACH who="1" ten="240,240,250,250" step="2"/><V47/><F121/><W133/><G133/><T36/><D36/><U52/><E52/><V85/><F122/><W32/><G55/><T120/><D120/><U28/><E28/><V68/><F39/><W45/><G7/><T8/><D8/><U43/><E43/><V62/><F37/><W83/><G40/><T24/><D24/><U118/><E118/><V123/><F123/><W30/><G30/><T74/><D74/><U107/><E107/><V10/><F29/><W100/><G32/><T6/><D6/><U115/><E115/><V82/><F10/><W44/><G1/><T90/><D90/><U73/><E73/><V113/><F113/><W20/><G2/><T61/><D61/><U124/><E124/><V87/><F63/><W126/><G88/><T15/><D15/><U114/><E114/><V14/><F62/><W3/><G13/><T4/><D4/><U105/><E105/><V86/><F14/><N who="3" m="9335" /><G3/><T98/><AGARI ba="0,2" hai="16,18,51,54,59,69,70,71,80,84,89,93,98,103" machi="98" ten="40,12000,1" yaku="1,1,0,1,54,1,53,1" doraHai="104" doraHaiUra="94" who="0" fromWho="0" sc="240,140,240,-40,250,-40,250,-40" /><INIT seed="0,1,0,4,5,99" ten="380,200,210,210" oya="0" hai0="132,69,58,70,54,8,35,52,109,97,28,26,103" hai1="113,59,62,45,104,123,49,24,92,13,106,64,100" hai2="78,29,73,112,98,81,4,95,36,48,44,107,101" hai3="32,25,12,14,19,88,74,122,42,33,56,86,72"/><T9/><D132/><U119/><E119/><V0/><F112/><W108/><G108/><T124/><D109/><U71/><E123/><V63/><F63/><W135/><G135/><T96/><D124/><U34/><E113/><V16/><F29/><W23/><G122/><T39/><D39/><U84/><E71/><V53/><F107/><W79/><G79/><T118/><D118/><U77/><E13/><V127/><F127/><W83/><G14/><T1/><D1/><U105/><E77/><V22/><F36/><W133/><G133/><T37/><D37/><U134/><E134/><V2/><REACH who="2" step="1"/><F4/><REACH who="2" ten="380,200,200,210" step="2"/><W31/><G31/><T18/><D18/><U38/><E38/><V40/><F40/><W6/><G42/><T41/><D41/><U46/><E49/><V21/><F21/><W90/><G23/><T50/><D54/><U47/><E34/><V57/><F57/><W120/><G56/><T66/><D66/><U60/><E60/><V80/><F80/><W5/><G83/><T129/><D129/><U82/><E82/><V20/><F20/><W43/><G33/><T30/><D28/><U67/><E67/><V89/><F89/><W61/><G90/><T68/><REACH who="0" step="1"/><D96/><REACH who="0" ten="370,200,200,210" step="2"/><U94/><E64/><V10/><F10/><W114/><G19/><T27/><D27/><AGARI ba="1,2" hai="0,2,16,22,27,44,48,53,73,78,81,95,98,101" machi="27" ten="30,7700,0" yaku="1,1,7,1,52,1,54,1,53,0" doraHai="99" doraHaiUra="7" who="2" fromWho="0" sc="370,-80,200,0,200,100,210,0" /><INIT seed="1,0,0,4,1,3" ten="290,200,300,210" oya="1" hai0="1,32,82,63,61,13,47,57,37,4,33,62,67" hai1="75,5,54,34,65,39,46,9,74,107,8,104,59" hai2="124,125,96,99,118,19,91,92,29,127,23,31,14" hai3="44,73,135,38,95,117,129,130,81,121,35,120,18"/><U66/><E34/><V86/><REACH who="2" step="1"/><F118/><REACH who="2" ten="290,200,290,210" step="2"/><W100/><G117/><T76/><D1/><U25/><E74/><V102/><F102/><W123/><G100/><T134/><D134/><U112/><E75/><V27/><F27/><W72/><G73/><T108/><D108/><U53/><E25/><V50/><F50/><W6/><G72/><T109/><D109/><U36/><E112/><V88/><F88/><W131/><G135/><T28/><D28/><AGARI ba="0,1" hai="14,19,23,28,29,31,86,91,92,96,99,124,125,127" machi="28" ten="40,8000,1" yaku="21,2,18,1,53,1" doraHai="3" doraHaiUra="84" who="2" fromWho="0" sc="290,-80,200,0,290,90,210,0" /><INIT seed="2,0,0,0,5,75" ten="210,200,380,210" oya="2" hai0="32,50,49,45,28,70,26,92,40,72,43,108,117" hai1="114,47,14,134,24,79,42,16,102,73,121,65,6" hai2="110,9,116,12,99,69,13,33,22,39,30,3,11" hai3="81,107,88,62,5,21,101,51,59,105,41,60,52"/><V126/><F69/><W35/><G35/><T57/><D108/><U106/><E114/><V122/><F39/><W0/><G107/><T109/><D109/><U67/><E24/><N who="2" m="18631" /><F99/><W17/><G0/><T100/><D117/><U115/><E115/><V68/><F68/><W95/><G5/><T85/><D70/><U46/><E46/><V4/><F122/><W128/><G128/><T15/><D72/><U44/><E44/><V98/><F98/><W87/><G105/><T23/><D32/><U93/><E106/><V25/><F126/><W130/><G130/><T58/><D15/><U94/><E121/><V10/><F116/><W133/><G133/><T80/><D100/><U127/><E127/><V104/><F104/><W1/><G1/><T119/><D92/><N who="1" m="35435" /><E6/><N who="2" m="3127" /><F110/><W111/><G111/><T61/><D119/><U123/><E134/><V86/><F86/><N who="3" m="52631" /><G41/><N who="0" m="15947" /><D45/><U120/><E102/><V66/><F66/><W135/><G135/><T113/><D113/><U96/><E120/><V48/><F48/><N who="0" m="18538" /><D61/><U63/><E63/><V124/><F124/><W31/><G101/><T19/><D28/><U76/><E123/><V55/><F55/><W34/><G31/><T129/><D129/><U37/><E73/><V7/><F25/><N who="3" m="14511" /><G34/><T53/><D53/><U83/><E96/><V20/><AGARI ba="0,0" hai="3,4,7,10,11,13,20,22" m="3127,18631" machi="20" ten="30,12000,1" yaku="35,5" doraHai="75" who="2" fromWho="2" sc="210,-40,200,-40,380,120,210,-40" /><INIT seed="2,1,0,2,5,81" ten="170,160,500,170" oya="2" hai0="84,115,70,121,8,96,110,134,41,75,4,62,13" hai1="133,16,3,123,60,49,47,82,130,54,127,112,97" hai2="66,88,87,78,80,37,1,34,20,74,100,12,21" hai3="30,48,118,50,53,18,95,15,79,57,104,31,83"/><V43/><F1/><W131/><G104/><T132/><D121/><U32/><E112/><V35/><F100/><W71/><G118/><T46/><D115/><U39/><E123/><V90/><F66/><W36/><G36/><T28/><D110/><U69/><E32/><V68/><F68/><W76/><G71/><T108/><D108/><U126/><E3/><V109/><F109/><W26/><G131/><T101/><D75/><U22/><E130/><V40/><F37/><W107/><G107/><N who="0" m="63911" /><D84/><U119/><E119/><V2/><F2/><W33/><G31/><T65/><D28/><U55/><E39/><V25/><F12/><W113/><G113/><T120/><D120/><U72/><E97/><V59/><F59/><W111/><G111/><T128/><D128/><U135/><E82/><V114/><F80/><W51/><G95/><T44/><D41/><U14/><E72/><V63/><F87/><W7/><G7/><T61/><D62/><U77/><E77/><V29/><F63/><W38/><G38/><T129/><D129/><U9/><E22/><V64/><F78/><W52/><G83/><T24/><D24/><U99/><E99/><V17/><F74/><W117/><G117/><T124/><D124/><N who="1" m="47659" /><E54/><V102/><F114/><W89/><G89/><T42/><D42/><U11/><E11/><V98/><F90/><W19/><G53/><T106/><D106/><U103/><E103/><V125/><F102/><W67/><G52/><T27/><D27/><U56/><E56/><V6/><F125/><W105/><G105/><T91/><D91/><U86/><E86/><RYUUKYOKU ba="1,0" sc="170,15,160,15,500,-15,170,-15" hai0="4,8,13,44,46,61,65,70,132,134" hai1="9,14,16,47,49,55,60,69,133,135" /><INIT seed="3,2,0,2,2,24" ten="185,175,485,155" oya="3" hai0="100,118,39,87,70,49,14,120,112,9,122,130,115" hai1="59,107,19,50,27,90,79,12,57,88,127,31,77" hai2="75,68,133,92,42,98,124,126,28,96,67,105,106" hai3="123,4,114,101,116,55,3,0,33,97,104,13,119"/><W8/><G123/><N who="0" m="47147" /><D118/><U40/><E107/><V135/><F42/><W30/><G114/><N who="0" m="43563" /><D130/><U81/><E127/><N who="2" m="48683" /><F28/><W66/><G66/><T15/><D39/><U113/><E57/><V82/><F68/><W52/><G119/><T44/><D70/><U21/><E113/><V10/><F10/><W64/><G64/><T25/><D25/><U80/><E80/><V117/><F67/><W23/><G116/><T18/><D100/><U36/><E36/><V131/><F131/><W109/><G109/><T63/><D63/><U7/><E81/><V99/><F117/><W43/><G43/><N who="0" m="24735" /><D15/><U72/><E40/><V5/><F5/><W69/><G69/><T91/><D91/><U125/><E7/><V89/><F105/><W78/><G78/><T35/><D87/><U22/><E125/><V65/><F106/><W95/><G104/><T16/><D35/><U1/><E1/><V94/><F65/><W73/><G73/><T6/><AGARI ba="2,0" hai="6,9,14,16,18" m="24735,43563,47147" machi="6" ten="30,2000,0" yaku="11,1,54,1" doraHai="24" who="0" fromWho="0" sc="185,26,175,-7,485,-7,155,-12" owari="211,1.1,168,-23.2,478,57.8,143,-35.7" /></mjloggm>