<mjloggm ver="2.3"><GO type="225" lobby="0"/><UN n0="%E7%B4%94%E6%BD%94%E3%83%94%E3%83%A9%E3%83%8B%E3%82%A2" n1="%E3%81%8F%E3%82%8A%E3%83%94%E3%83%BC" n2="%E5%AE%AE%E4%BF%9D%E9%B6%8F%E8%82%89" n3="%E3%83%93%E3%83%81%E3%83%A3%E5%B1%B1%E3%83%93%E3%83%81%E3%83%A3%E7%94%B7" dan="16,16,16,18" rate="2095.72,2084.49,2133.93,2215.58" sx="M,M,M,M"/><TAIKYOKU oya="0"/><INIT seed="0,0,0,3,1,58" ten="250,250,250,250" oya="0" hai0="63,83,13,130,126,90,24,111,0,121,119,134,43" hai1="69,97,75,88,55,23,20,74,2,101,84,33,17" hai2="118,89,59,15,61,100,19,56,107,42,109,22,81" hai3="92,47,70,54,48,4,82,133,129,11,62,18,112"/><T49/><D0/><U35/><E2/><V135/><F109/><W5/><G129/><T25/><D119/><U96/><E69/><V98/><F135/><W105/><G112/><T122/><D130/><U91/><E55/><V12/><F118/><W30/><G105/><T124/><D134/><U21/><E17/><V67/><F42/><W103/><G30/><T99/><D111/><U1/><E84/><V78/><F89/><N who="1" m="34377" /><E101/><V28/><F28/><W36/><G82/><T53/><D13/><U31/><E31/><V44/><F44/><W27/><G103/><T113/><D113/><U14/><E14/><V60/><F12/><W85/><G70/><T115/><D115/><U39/><E39/><V57/><REACH who="2" step="1"/><F67/><REACH who="2" ten="250,250,240,250" step="2"/><W3/><G47/><N who="0" m="25855" /><D90/><U16/><E1/><V102/><F102/><W45/><G3/><T68/><D99/><N who="1" m="37963" /><E16/><V108/><F108/><W114/><G133/><T34/><D83/><U72/><AGARI ba="0,1" hai="20,21,23,33,35,72,74,75" m="37963,34377" machi="72" ten="40,5200,0" yaku="28,2,54,1" doraHai="58" who="1" fromWho="1" sc="250,-26,250,62,240,-13,250,-13" /><INIT seed="1,0,0,5,4,123" ten="224,312,227,237" oya="1" hai0="135,7,80,34,70,13,2,22,24,125,66,106,128" hai1="93,96,124,50,129,86,57,49,67,0,119,37,23" hai2="81,108,75,103,134,30,90,9,122,40,32,61,47" hai3="85,25,89,44,65,117,109,39,29,60,20,69,72"/><U127/><E119/><V118/><F118/><W92/><G109/><T132/><D106/><U8/><E37/><V100/><F122/><W52/><G117/><T21/><D80/><U1/><E86/><V10/><F134/><N who="0" m="51242" /><D66/><U35/><E35/><V78/><F108/><W51/><G39/><T43/><D43/><U102/><E23/><N who="0" m="8713" /><D70/><U53/><E129/><V11/><F90/><W107/><G107/><T27/><D128/><U71/><E49/><V98/><F61/><W33/><G33/><T104/><D104/><U63/><REACH who="1" step="1"/><E8/><REACH who="1" ten="224,302,227,237" step="2"/><V5/><F32/><W110/><G72/><T14/><D34/><U73/><E73/><V36/><F30/><W16/><REACH who="3" step="1"/><G110/><REACH who="3" ten="224,302,227,227" step="2"/><T116/><D116/><U101/><E101/><V19/><F103/><W28/><AGARI ba="0,2" hai="16,20,25,28,29,44,51,52,60,65,69,85,89,92" machi="28" ten="30,12000,2" yaku="1,1,2,1,0,1,54,2,53,1" doraHai="123" doraHaiUra="59" who="3" fromWho="3" sc="224,-30,302,-60,227,-30,227,140" /><INIT seed="2,0,0,4,3,44" ten="194,242,197,367" oya="2" hai0="84,92,125,133,94,14,39,101,104,0,48,27,76" hai1="132,66,72,57,20,69,117,29,79,17,54,91,122" hai2="106,18,49,105,119,53,118,80,61,63,22,38,31" hai3="5,83,10,11,82,26,55,96,115,50,41,34,121"/><V21/><F38/><W130/><G121/><T123/><D39/><U87/><E117/><V71/><F31/><W4/><G41/><T70/><D70/><U68/><E132/><V25/><F22/><W8/><G130/><T35/><D0/><U88/><E122/><V28/><F28/><W77/><G96/><T24/><D123/><U62/><E29/><V98/><F80/><W107/><G107/><T120/><D120/><U64/><E72/><V16/><F18/><W51/><G34/><T2/><D2/><U110/><E110/><V12/><F25/><W73/><G26/><T13/><D76/><U47/><E69/><V90/><F106/><W112/><G82/><T86/><D104/><U109/><E109/><V58/><F90/><N who="1" m="34345" /><E47/><V85/><F85/><W23/><G23/><T128/><D125/><U45/><E45/><V74/><F74/><W131/><G55/><T116/><D116/><U37/><E68/><V1/><F1/><W19/><G19/><T36/><D36/><U52/><E54/><V99/><F99/><W95/><G95/><T135/><D35/><U111/><E37/><V134/><F134/><W114/><G131/><T67/><D128/><U100/><E100/><N who="2" m="62615" /><F71/><W60/><G60/><N who="2" m="23113" /><F119/><W97/><G97/><T129/><D129/><U127/><E111/><V9/><F118/><W15/><G10/><T89/><D89/><U6/><E6/><V30/><F30/><W78/><G77/><T42/><D101/><U33/><E33/><V102/><F102/><W81/><G83/><T46/><D135/><U7/><E79/><V32/><F32/><RYUUKYOKU ba="0,0" sc="194,-15,242,-15,197,15,367,15" hai2="9,12,16,21,49,53,58" hai3="4,5,8,11,15,50,51,73,78,81,112,114,115" /><INIT seed="2,1,0,0,5,75" ten="179,227,212,382" oya="2" hai0="78,56,61,26,31,53,70,86,131,47,46,134,97" hai1="110,33,17,69,89,8,60,109,15,49,106,108,6" hai2="40,4,73,99,79,74,107,22,7,23,34,35,62" hai3="39,105,43,84,80,11,10,113,45,29,36,87,85"/><V117/><F117/><W0/><G105/><T123/><D123/><U124/><E33/><V14/><F40/><W91/><G39/><T54/><D131/><U3/><E124/><V37/><F37/><W125/><G125/><T13/><D134/><U63/><E69/><V111/><F111/><W100/><G100/><T121/><D121/><U27/><E27/><V42/><F42/><W129/><G129/><T135/><D135/><U21/><E106/><V127/><F127/><W19/><G29/><T25/><D70/><U65/><E65/><V66/><F107/><W92/><G19/><T102/><D13/><U118/><E118/><V96/><F14/><W133/><G133/><T5/><D5/><U98/><E49/><V52/><F66/><W104/><G104/><T38/><D38/><U71/><E71/><V58/><F58/><W95/><G11/><T94/><D53/><U1/><E3/><V114/><F52/><W93/><G113/><T83/><REACH who="0" step="1"/><D25/><REACH who="0" ten="169,227,212,382" step="2"/><U16/><E15/><V119/><F119/><W67/><G67/><T103/><D103/><U2/><E2/><V30/><F4/><W132/><G132/><T76/><D76/><U116/><E116/><V51/><F7/><W20/><G0/><T115/><D115/><U81/><E1/><V59/><F79/><W18/><G10/><T128/><D128/><U88/><E6/><V48/><F114/><W77/><G77/><T57/><D57/><U24/><E8/><V55/><F59/><W122/><G122/><T9/><D9/><U112/><E112/><V101/><F101/><W50/><G36/><RYUUKYOKU ba="1,1" sc="169,15,227,-15,212,-15,382,15" hai0="26,31,46,47,54,56,61,78,83,86,94,97,102" hai3="18,20,43,45,50,80,84,85,87,91,92,93,95" /><INIT seed="3,2,1,2,4,14" ten="184,212,197,397" oya="3" hai0="22,101,134,68,38,66,69,122,126,92,121,12,15" hai1="83,98,13,106,25,59,35,73,75,34,47,81,110" hai2="19,78,11,104,53,129,42,20,5,1,108,95,37" hai3="80,61,105,128,57,97,96,23,119,10,111,63,132"/><W91/><G105/><T86/><D38/><U17/><E110/><V135/><F104/><W9/><G63/><T24/><D126/><U51/><E59/><V54/><F108/><W84/><G97/><N who="0" m="59559" /><D68/><U115/><E115/><V102/><F78/><W114/><G111/><T133/><D69/><U30/><E34/><V29/><F29/><W32/><G32/><T65/><D86/><U71/><E71/><V50/><F37/><W125/><G114/><T74/><D74/><U40/><E75/><V4/><F4/><W99/><G119/><T118/><D118/><U36/><E73/><V64/><F64/><N who="0" m="24682" /><D15/><U94/><E106/><V43/><F54/><W100/><G99/><T85/><D12/><U21/><E36/><V39/><F39/><W109/><G128/><T131/><D85/><U77/><E77/><V46/><F135/><N who="0" m="51722" /><D131/><U28/><E28/><AGARI ba="2,1" hai="22,24,28,121,122" m="51722,24682,59559" machi="28" ten="30,1000,0" yaku="20,1" doraHai="14" who="0" fromWho="1" sc="184,26,212,-16,197,0,397,0" owari="210,1.0,196,-30.4,197,-20.3,397,49.7" /></mjloggm>