<mjloggm ver="2.3"><GO type="225" lobby="0"/><UN n0="%79%6B%66%35%35%33%38%39" n1="%E3%81%8F%E3%82%8A%E3%83%94%E3%83%BC" n2="%E5%AF%82%E5%AF%9E%E3%82%AE%E3%83%8D%E3%82%B9%E3%83%93%E3%83%BC%E3%83%AB" n3="%43%68%65" dan="16,16,16,16" rate="2142.77,2093.95,2131.97,2167.72" sx="M,M,M,M"/><TAIKYOKU oya="0"/><INIT seed="0,0,0,5,0,93" ten="250,250,250,250" oya="0" hai0="113,114,101,127,89,29,131,13,52,118,92,12,9" hai1="120,46,121,20,123,40,0,27,94,104,28,37,99" hai2="49,96,103,106,58,64,47,19,48,108,119,98,14" hai3="55,132,124,74,100,10,122,23,76,78,80,85,45"/><T126/><BYE who="3" /><D118/><U24/><E104/><V133/><F108/><UN n3="%43%68%65" /><W66/><G124/><N who="0" m="47659" /><D131/><U107/><E107/><V1/><F1/><W97/><G132/><T112/><D29/><U6/><E27/><V57/><F133/><W116/><G116/><T68/><D68/><U53/><E53/><V26/><F26/><W44/><G122/><T81/><D9/><U34/><E34/><V21/><F119/><W129/><G66/><T43/><D43/><U71/><E71/><V88/><F64/><W11/><G23/><T35/><D35/><U4/><REACH who="1" step="1"/><E0/><REACH who="1" ten="250,240,250,250" step="2"/><V65/><F65/><W16/><G129/><T91/><D52/><U87/><E87/><V30/><F30/><W110/><G85/><N who="0" m="50351" /><D101/><AGARI ba="0,1" hai="4,6,20,24,28,37,40,46,94,99,101,120,121,123" machi="101" ten="40,2600,0" yaku="1,1,52,1,53,0" doraHai="93" doraHaiUra="67" who="1" fromWho="0" sc="250,-26,240,36,250,0,250,0" /><INIT seed="1,0,0,4,2,51" ten="224,276,250,250" oya="1" hai0="128,33,77,71,107,1,54,58,31,120,40,46,129" hai1="78,36,74,109,25,82,8,94,49,27,45,84,99" hai2="4,47,132,123,124,17,13,39,114,130,34,44,131" hai3="106,100,57,121,118,93,116,87,65,89,70,134,108"/><U53/><E109/><V22/><F123/><W52/><G121/><T20/><D120/><U105/><E36/><V30/><F124/><W48/><G108/><T62/><D33/><U73/><E8/><V26/><F114/><W67/><G134/><T135/><D135/><U115/><E115/><V23/><F132/><W14/><G14/><T68/><D1/><U111/><E111/><V5/><F39/><W81/><G106/><T15/><D107/><U83/><E105/><V29/><F47/><W3/><G3/><T19/><D77/><U0/><E0/><V102/><F44/><W91/><G100/><T43/><D31/><U10/><E10/><V92/><F92/><W72/><G70/><N who="0" m="26667" /><D46/><U88/><REACH who="1" step="1"/><E74/><REACH who="1" ten="224,266,250,250" step="2"/><V86/><F131/><AGARI ba="0,1" hai="15,19,20,40,43,54,58,62,128,129,131" m="26667" machi="131" ten="30,2000,0" yaku="19,1,52,1" doraHai="51" who="0" fromWho="2" sc="224,30,266,0,250,-20,250,0" /><INIT seed="2,0,0,1,3,62" ten="254,266,230,250" oya="2" hai0="74,61,97,85,92,27,8,46,12,36,115,40,67" hai1="4,132,66,99,24,48,45,134,59,89,71,73,101" hai2="88,38,9,123,120,128,0,31,34,54,103,33,26" hai3="114,42,32,117,17,18,102,22,39,6,14,58,82"/><V90/><F128/><W94/><G117/><T52/><D115/><U72/><E71/><V77/><F38/><W53/><G32/><T110/><D74/><U1/><E89/><V133/><F77/><W16/><G114/><T3/><D110/><U130/><E24/><V104/><F133/><N who="1" m="51305" /><E130/><V49/><F34/><W68/><G68/><T100/><D3/><U56/><E4/><V11/><F123/><W86/><G6/><T29/><D85/><U121/><E1/><V60/><F60/><N who="3" m="35919" /><G42/><T84/><D84/><U65/><E59/><V112/><F112/><W43/><G43/><T10/><D12/><U80/><E56/><V50/><F120/><W96/><G39/><T91/><D91/><AGARI ba="0,0" hai="14,16,17,18,22,82,86,91,94,96,102" m="35919" machi="91" ten="30,2000,0" yaku="8,1,54,1" doraHai="62" who="3" fromWho="0" sc="254,-20,266,0,230,0,250,20" /><INIT seed="3,0,0,2,0,131" ten="234,266,230,270" oya="3" hai0="80,108,46,36,104,79,94,78,111,103,132,89,101" hai1="96,64,82,12,51,67,75,90,98,117,72,100,109" hai2="95,38,66,122,43,99,52,48,9,105,55,54,29" hai3="126,26,121,127,56,60,4,20,83,97,22,92,41"/><W21/><G121/><T16/><D132/><U17/><E109/><N who="0" m="42057" /><D46/><U76/><E117/><V63/><F122/><W10/><G41/><T39/><D16/><U25/><E75/><V44/><F105/><W37/><G37/><T57/><D57/><U112/><E112/><V128/><F29/><W8/><G83/><T85/><D36/><U106/><E25/><V13/><F128/><W84/><G84/><N who="0" m="52519" /><D39/><U11/><E51/><V88/><F38/><W70/><G70/><T107/><D78/><U61/><E61/><V65/><REACH who="2" step="1"/><F63/><REACH who="2" ten="234,266,220,270" step="2"/><W74/><G60/><T3/><D3/><U129/><E129/><V14/><F14/><W102/><G26/><T77/><D77/><U123/><E123/><V49/><F49/><W120/><G120/><T19/><D19/><AGARI ba="0,1" hai="9,13,19,43,44,48,52,54,55,65,66,88,95,99" machi="19" ten="40,8000,1" yaku="1,1,8,1,54,2,53,0" doraHai="131" doraHaiUra="32" who="2" fromWho="0" sc="234,-80,266,0,220,90,270,0" owari="154,-34.6,266,-13.4,310,41.0,270,7.0" /></mjloggm>