<mjloggm ver="2.3"><GO type="225" lobby="0"/><UN n0="%E3%82%B7%E3%83%B3%E5%A4%AA%E6%9C%97" n1="%72%69%6F%75%63%68%61%6E" n2="%EF%BC%94%36" n3="%E3%81%BF%E3%81%BF%E3%81%9A" dan="16,16,16,18" rate="2153.08,2166.78,2038.87,2224.42" sx="M,M,M,M"/><TAIKYOKU oya="0"/><INIT seed="0,0,0,1,4,3" ten="250,250,250,250" oya="0" hai0="40,11,66,69,4,127,37,131,10,97,101,130,107" hai1="61,32,108,26,6,134,133,104,83,78,71,80,84" hai2="67,93,119,63,30,89,48,103,65,73,72,128,50" hai3="52,123,14,109,77,8,57,42,122,33,95,126,23"/><T16/><D127/><U74/><E108/><V56/><F119/><W87/><G33/><T105/><D105/><U13/><E104/><V99/><F128/><N who="0" m="49194" /><D40/><U21/><E32/><V25/><F67/><W20/><G42/><T129/><D37/><U85/><E71/><V132/><F132/><N who="1" m="50793" /><E61/><V76/><F76/><W64/><G64/><T46/><D46/><U120/><E120/><N who="3" m="46122" /><G109/><T36/><D36/><U94/><E94/><V1/><F1/><W79/><G126/><T117/><D117/><U100/><E100/><V22/><REACH who="2" step="1"/><F89/><REACH who="2" ten="250,250,240,250" step="2"/><N who="3" m="53695" /><G79/><T45/><D129/><U82/><E78/><V121/><F121/><W27/><G77/><T9/><D66/><U110/><E110/><V96/><F96/><W18/><G27/><T49/><D69/><U28/><E74/><AGARI ba="0,1" hai="22,25,30,48,50,56,63,65,72,73,74,93,99,103" machi="74" ten="40,8000,1" yaku="1,1,25,2,53,1" doraHai="3" doraHaiUra="98" who="2" fromWho="1" sc="250,0,250,-80,240,90,250,0" /><INIT seed="1,0,0,4,1,107" ten="250,170,330,250" oya="1" hai0="66,72,109,9,100,70,111,95,51,125,61,59,19" hai1="49,120,46,14,33,40,0,79,58,99,22,11,116" hai2="36,91,52,27,83,17,96,29,112,20,28,37,102" hai3="50,21,1,129,4,88,65,32,101,115,35,57,94"/><U121/><E116/><V26/><F112/><W15/><G115/><T74/><D125/><U31/><E79/><V85/><F17/><N who="3" m="10431" /><G101/><T123/><D123/><U73/><E73/><V80/><F80/><W77/><G65/><T53/><D100/><U45/><E33/><V87/><F87/><N who="3" m="52511" /><G77/><T5/><D19/><U128/><E128/><V8/><F8/><N who="3" m="2063" /><G129/><T126/><D95/><U68/><E68/><V82/><F82/><W110/><G110/><N who="0" m="41995" /><D126/><U43/><E0/><AGARI ba="0,0" hai="0,5,9,51,53,59,61,66,70,72,74" m="41995" machi="0" ten="30,3900,0" yaku="14,1,52,2" doraHai="107" who="0" fromWho="1" sc="250,39,170,-39,330,0,250,0" /><INIT seed="2,0,0,0,0,58" ten="289,131,330,250" oya="2" hai0="105,27,114,82,85,37,5,25,57,130,71,1,104" hai1="118,81,110,62,0,61,44,30,39,122,99,14,22" hai2="135,133,75,127,42,124,109,80,95,34,46,45,119" hai3="132,106,60,52,123,31,7,83,2,17,26,66,8"/><V29/><F119/><W97/><G123/><T101/><D114/><U32/><E118/><V51/><F29/><W59/><G132/><N who="2" m="50761" /><F34/><W129/><G129/><T113/><D113/><U131/><E131/><V87/><F75/><W72/><G17/><T128/><D71/><U56/><E122/><V13/><F95/><W21/><G72/><T10/><D37/><U9/><E110/><V41/><F13/><W55/><REACH who="3" step="1"/><G83/><REACH who="3" ten="289,131,330,240" step="2"/><T134/><D128/><U36/><E81/><V112/><F112/><W50/><G50/><T107/><D130/><U100/><E36/><N who="2" m="21671" /><F109/><W47/><G47/><T11/><D134/><U69/><E44/><V28/><F28/><W111/><G111/><T88/><D101/><AGARI ba="0,1" hai="2,7,8,21,26,31,52,55,59,60,66,97,101,106" machi="101" ten="40,5200,0" yaku="1,1,52,1,54,1,53,0" doraHai="58" doraHaiUra="117" who="3" fromWho="0" sc="289,-52,131,0,330,0,240,62" /><INIT seed="3,0,0,4,3,69" ten="237,131,330,302" oya="3" hai0="108,64,44,48,55,17,76,1,124,23,79,80,103" hai1="125,67,106,96,81,49,133,58,130,127,4,90,83" hai2="100,85,119,105,110,128,97,53,134,123,34,111,118" hai3="47,93,21,120,39,61,33,101,18,50,38,113,27"/><W32/><G113/><T87/><D124/><U56/><E4/><V94/><F34/><W26/><G120/><T131/><D131/><U20/><E20/><V10/><F128/><W86/><G61/><T41/><D108/><N who="2" m="41514" /><F134/><W66/><G66/><T72/><D1/><U22/><E130/><V77/><F123/><W12/><G32/><T114/><D114/><U59/><E22/><V5/><F53/><W37/><G33/><T82/><D103/><U62/><E106/><V129/><F129/><W40/><REACH who="3" step="1"/><G86/><REACH who="3" ten="237,131,330,292" step="2"/><T46/><D64/><U52/><E133/><V75/><F75/><W78/><G78/><T132/><D132/><U35/><E35/><V63/><F63/><W92/><G92/><T51/><D72/><U102/><E127/><V3/><F77/><W16/><G16/><T57/><D82/><U13/><E125/><V29/><F29/><W117/><G117/><N who="2" m="44553" /><F85/><W73/><G73/><T60/><D87/><U84/><E81/><V19/><F19/><W68/><G68/><T30/><D80/><U99/><E102/><V112/><F112/><W91/><G91/><T115/><D30/><U107/><E107/><AGARI ba="0,1" hai="3,5,10,94,97,100,105,107" m="44553,41514" machi="107" ten="30,1000,0" yaku="14,1" doraHai="69" who="2" fromWho="1" sc="237,0,131,-10,330,20,292,0" owari="237,-16.3,121,-37.9,350,45.0,292,9.2" /></mjloggm>