<mjloggm ver="2.3"><GO type="225" lobby="0"/><UN n0="%E3%82%A2%E3%82%A4%E3%82%B9%E3%83%86%E3%82%A3%E3%83%BC%E3%81%82%E3%81%B9" n1="%E3%83%97%E3%83%AC%E3%83%B4%E3%82%A1%E3%83%86%E3%82%A3" n2="%E8%B6%85%E7%B4%9A%E9%B3%B3%E5%87%B0" n3="%E3%81%A8%E3%82%89%E3%81%84%E3%81%A1" dan="16,16,16,16" rate="2119.12,2115.33,2150.01,2113.52" sx="M,F,M,M"/><TAIKYOKU oya="0"/><INIT seed="0,0,0,3,2,131" ten="250,250,250,250" oya="0" hai0="115,117,79,14,11,84,109,77,50,61,130,83,17" hai1="67,46,35,122,57,2,86,120,43,29,81,64,121" hai2="102,123,133,96,58,48,49,52,90,37,32,18,40" hai3="45,53,66,10,128,73,28,129,47,21,87,91,38"/><T78/><D117/><U69/><E2/><V5/><F123/><W0/><G73/><T12/><D115/><U70/><E35/><V100/><F32/><W20/><G66/><T16/><D130/><N who="3" m="50281" /><G53/><T94/><D109/><U101/><E29/><V80/><F5/><N who="3" m="1319" /><G28/><T63/><D50/><U126/><E101/><V62/><F18/><W114/><G114/><T39/><D39/><U119/><E119/><V54/><F133/><W27/><G38/><T112/><D94/><U110/><E110/><V26/><F26/><W33/><G33/><T7/><D7/><U116/><E116/><V30/><F30/><N who="3" m="17767" /><G21/><T104/><D104/><U36/><E126/><V41/><F37/><W108/><G108/><T98/><D98/><U56/><E86/><V135/><F96/><W113/><G113/><T74/><D74/><U13/><E81/><AGARI ba="0,0" hai="45,47,81,87,91" m="17767,1319,50281" machi="81" ten="30,1000,0" yaku="19,1" doraHai="131" who="3" fromWho="1" sc="250,0,250,-10,250,0,250,10" /><INIT seed="1,0,0,3,1,42" ten="250,240,250,260" oya="1" hai0="116,45,128,55,36,53,71,43,69,14,12,21,3" hai1="60,78,118,79,103,80,104,77,56,93,133,65,25" hai2="40,38,30,73,16,0,95,44,101,124,68,11,24" hai3="97,59,99,26,49,106,94,28,83,127,121,35,18"/><U132/><E118/><V72/><F68/><W51/><G121/><T89/><D3/><U29/><E104/><V54/><F124/><W131/><G127/><T39/><D116/><U46/><E80/><V81/><F54/><W27/><G131/><T125/><D125/><U58/><E58/><V64/><F64/><W22/><G83/><T4/><D128/><U10/><E10/><V113/><F113/><W130/><G130/><T34/><D34/><U134/><E46/><V109/><F109/><W8/><G8/><T105/><D105/><U129/><E129/><V135/><F135/><W111/><G111/><T90/><D43/><U63/><E63/><V87/><F95/><W75/><G75/><T102/><D21/><U100/><REACH who="1" step="1"/><E93/><REACH who="1" ten="250,230,250,260" step="2"/><V19/><F11/><W15/><G106/><T108/><D108/><U123/><E123/><V92/><F92/><W6/><G59/><T70/><D71/><U88/><E88/><V52/><F81/><W74/><G99/><T41/><D41/><U47/><E47/><V120/><F40/><W82/><G82/><T33/><D45/><U107/><E107/><V62/><F44/><W119/><G119/><T57/><D57/><U48/><E48/><V96/><F62/><W114/><G94/><T9/><D9/><U76/><N who="1" m="19456" /><DORA hai="98" /><U50/><E50/><N who="3" m="18954" /><G97/><T110/><D110/><U66/><E66/><V91/><F96/><W5/><G74/><T17/><D70/><U122/><E122/><V20/><F73/><W37/><G37/><T23/><D69/><U1/><E1/><V115/><F120/><W85/><G85/><RYUUKYOKU ba="0,1" sc="250,-10,230,30,250,-10,260,-10" hai1="25,29,56,60,65,100,103,132,133,134" /><INIT seed="1,1,1,5,5,2" ten="240,260,240,250" oya="1" hai0="135,27,49,124,113,40,68,48,44,25,89,79,85" hai1="15,78,63,107,111,71,60,125,4,20,110,95,7" hai2="105,1,31,41,19,133,91,83,24,64,102,128,115" hai3="42,77,92,39,73,123,116,45,74,9,121,29,57"/><U119/><E107/><V130/><F1/><W118/><G29/><T35/><D113/><U131/><E119/><N who="3" m="45610" /><G92/><T80/><D68/><U127/><E78/><V30/><F115/><W58/><G9/><T93/><D124/><N who="1" m="47691" /><E95/><V12/><F133/><W61/><G58/><T28/><D27/><U38/><E38/><V88/><F64/><N who="3" m="38959" /><G77/><T52/><D135/><U94/><E94/><V126/><F30/><W43/><G43/><T114/><D114/><U6/><E131/><V69/><F31/><W106/><G106/><T120/><D120/><AGARI ba="1,1" hai="39,42,45,73,74,120,121,123" m="38959,45610" machi="120" ten="30,1000,0" yaku="12,1" doraHai="2" who="3" fromWho="0" sc="240,-13,260,0,240,0,250,23" /><INIT seed="2,0,0,1,4,17" ten="227,260,240,273" oya="2" hai0="101,89,88,47,18,4,9,68,135,8,36,42,65" hai1="116,53,86,14,44,99,83,84,22,77,113,75,40" hai2="52,93,95,21,56,133,121,19,126,58,23,105,78" hai3="12,70,31,54,30,43,119,125,3,61,59,29,131"/><V132/><F121/><W114/><G119/><T72/><D135/><N who="2" m="51786" /><F105/><W90/><G3/><T24/><D72/><U107/><E116/><V111/><F126/><W57/><G125/><T2/><D101/><U39/><E113/><V76/><F111/><W67/><G114/><T115/><D115/><U48/><E107/><V15/><F21/><W7/><G131/><T13/><REACH who="0" step="1"/><D24/><REACH who="0" ten="217,260,240,273" step="2"/><U134/><E134/><V124/><F124/><W28/><G28/><T97/><D97/><U27/><E99/><V74/><F58/><W38/><G30/><T98/><D98/><U26/><E27/><V123/><F123/><W102/><G31/><T37/><D37/><U85/><E26/><V96/><F74/><W49/><G29/><T5/><D5/><U25/><E25/><V6/><F6/><W81/><G59/><T64/><D64/><U79/><E75/><V127/><F127/><W100/><G7/><T50/><D50/><U110/><E110/><V109/><F109/><W66/><G66/><T129/><D129/><U87/><E77/><N who="2" m="29803" /><F96/><W0/><G57/><T55/><D55/><U112/><E112/><V91/><F91/><W69/><G90/><T51/><D51/><AGARI ba="0,1" hai="15,19,23,51,52,56,93,95" m="29803,51786" machi="51" ten="30,5800,0" yaku="20,1,52,1,54,1" doraHai="17" who="2" fromWho="0" sc="217,-58,260,0,240,68,273,0" /><INIT seed="2,1,0,2,1,52" ten="159,260,308,273" oya="2" hai0="87,95,118,119,122,53,10,38,64,129,37,30,17" hai1="48,44,97,89,94,24,50,58,56,134,29,27,102" hai2="108,34,35,70,124,25,63,36,86,75,74,96,69" hai3="100,105,61,81,62,98,76,31,99,92,133,21,4"/><V28/><F36/><W90/><G133/><T16/><D122/><U20/><E134/><V120/><F120/><W12/><G31/><T11/><D64/><U93/><E24/><V131/><F131/><W45/><G45/><T59/><D30/><U130/><E130/><V82/><F124/><W6/><G6/><T22/><D129/><U18/><E29/><V125/><F125/><W51/><G51/><N who="0" m="31167" /><D38/><U123/><E123/><V41/><F41/><W67/><G67/><T116/><D37/><U0/><E0/><V83/><F108/><W113/><G113/><T40/><D40/><U65/><E65/><V13/><F28/><W101/><G90/><N who="0" m="53727" /><D17/><U80/><E80/><V8/><F25/><AGARI ba="1,0" hai="10,11,16,22,25,116,118,119" m="53727,31167" machi="25" ten="30,3900,0" yaku="12,1,52,1,54,1" doraHai="52" who="0" fromWho="2" sc="159,42,260,0,308,-42,273,0" /><INIT seed="3,0,0,1,4,11" ten="201,260,266,273" oya="3" hai0="0,115,62,8,81,121,83,102,28,129,98,38,85" hai1="73,44,114,16,71,132,92,20,17,24,99,105,60" hai2="107,64,74,65,3,33,100,116,4,72,128,25,61" hai3="68,40,86,84,94,31,9,111,56,69,124,88,134"/><W53/><G124/><T135/><D121/><U103/><E114/><V78/><F116/><W42/><G134/><T27/><D135/><U112/><E132/><V125/><F125/><W57/><G111/><T48/><D38/><U37/><E112/><V39/><F39/><W130/><G130/><T97/><D129/><U47/><E73/><V58/><F128/><W19/><G31/><T70/><D115/><U79/><E79/><V26/><F65/><W22/><G9/><T106/><D98/><U82/><E82/><V131/><F131/><W54/><G84/><T46/><D85/><U36/><E105/><V113/><F113/><W91/><G91/><T104/><D106/><U51/><E44/><V12/><F3/><W87/><G87/><T119/><D119/><U76/><E76/><V117/><F117/><W77/><G77/><T110/><D110/><U29/><E36/><V14/><F4/><W30/><G30/><T109/><D109/><U10/><E37/><V23/><F33/><W123/><G123/><T95/><D95/><U1/><E71/><V89/><F89/><W5/><G5/><N who="0" m="1063" /><D48/><U66/><E1/><V96/><F25/><N who="3" m="14559" /><G69/><T127/><D46/><U133/><E133/><V41/><F41/><N who="3" m="15979" /><G68/><T55/><D55/><AGARI ba="0,0" hai="53,54,55,56,57,86,88,94" m="15979,14559" machi="55" ten="30,2900,0" yaku="8,1,54,1" doraHai="11" who="3" fromWho="0" sc="201,-29,260,0,266,0,273,29" owari="172,-32.8,260,-14.0,266,6.6,302,40.2" /></mjloggm>