<mjloggm ver="2.3"><GO type="225" lobby="0"/><UN n0="%E7%AB%8B%E8%8A%B1%E9%9F%BF" n1="%E3%81%99%E3%81%84%E3%81%BE%E3%81%9B%E3%83%BC%E3%82%93" n2="%E3%83%AD%E3%83%83%E3%83%86%E9%9B%80%E7%90%83" n3="%E3%81%86%E3%81%A9%E3%82%93%E3%81%93" dan="17,18,16,16" rate="2135.43,2206.13,2187.71,2125.47" sx="F,M,M,M"/><TAIKYOKU oya="0"/><INIT seed="0,0,0,3,2,103" ten="250,250,250,250" oya="0" hai0="52,128,134,1,63,78,118,2,88,45,102,57,94" hai1="121,32,122,21,53,119,90,43,120,49,108,42,72" hai2="62,95,82,133,38,59,89,100,112,60,44,15,99" hai3="91,114,0,4,18,105,86,17,67,83,54,76,132"/><T66/><D118/><U37/><E32/><V40/><F133/><W31/><G114/><T13/><D134/><U97/><E119/><V96/><F112/><W125/><G132/><T48/><D128/><U93/><E108/><V84/><F15/><W64/><G31/><T116/><D116/><U23/><E72/><V87/><F62/><W33/><G33/><T9/><D102/><U16/><E37/><V50/><F38/><W71/><G4/><T25/><D78/><U126/><E126/><V51/><F51/><W39/><G0/><T10/><D25/><U70/><E70/><V80/><F99/><W12/><G39/><T28/><D28/><U124/><E124/><V14/><F14/><W85/><G71/><T129/><D9/><U117/><E117/><V56/><REACH who="2" step="1"/><F60/><REACH who="2" ten="250,250,240,250" step="2"/><W98/><G12/><T8/><D8/><U104/><E122/><V74/><F74/><W27/><G98/><T47/><D129/><U20/><E121/><V5/><F5/><W109/><G125/><T41/><D41/><U123/><E123/><V61/><F61/><W75/><G75/><T19/><REACH who="0" step="1"/><D47/><REACH who="0" ten="240,250,240,250" step="2"/><U35/><E120/><V106/><F106/><W34/><G105/><T3/><D3/><U36/><E104/><V29/><F29/><W81/><G109/><T68/><D68/><U46/><E43/><V22/><F22/><W58/><G34/><T101/><D101/><U55/><E35/><V130/><F130/><W24/><G24/><T113/><D113/><U135/><E135/><V127/><F127/><W92/><G27/><T110/><D110/><U77/><E42/><RYUUKYOKU ba="0,2" sc="240,15,250,-15,240,15,250,-15" hai0="1,2,10,13,19,45,48,52,57,63,66,88,94" hai2="40,44,50,56,59,80,82,84,87,89,95,96,100" /><INIT seed="0,1,2,5,1,135" ten="255,235,255,235" oya="0" hai0="83,24,129,41,130,21,70,116,37,90,49,114,93" hai1="63,53,89,58,48,122,111,67,124,91,40,11,35" hai2="60,30,107,132,120,75,118,133,2,51,96,6,45" hai3="22,3,23,119,115,88,25,9,82,38,97,126,28"/><T33/><D114/><U99/><E122/><V123/><F75/><W85/><G115/><T103/><D116/><U39/><E111/><V121/><F118/><W50/><G38/><T104/><D33/><U69/><E35/><V72/><F72/><W0/><G119/><T56/><D70/><U26/><E124/><V77/><F77/><W113/><G113/><T74/><D37/><U87/><E26/><V66/><F30/><W73/><G73/><T81/><D103/><U18/><E99/><V108/><F96/><W55/><G23/><T128/><D104/><U43/><E39/><V31/><F31/><W27/><G27/><T64/><D74/><U7/><E18/><V65/><F107/><W10/><G126/><T112/><D112/><U61/><E61/><V105/><F105/><W32/><G32/><T14/><D14/><U36/><E36/><V131/><F131/><W110/><G110/><T34/><D34/><U84/><E87/><V52/><F108/><W100/><G3/><T15/><D15/><U106/><E106/><V127/><F127/><W109/><G0/><T62/><D41/><U68/><E68/><V71/><REACH who="2" step="1"/><F66/><REACH who="2" ten="255,235,245,235" step="2"/><W44/><G109/><T92/><D129/><U59/><E67/><V102/><F102/><W16/><G28/><T5/><D130/><U101/><E101/><V29/><F29/><W12/><G25/><T13/><D24/><U42/><E84/><V78/><F78/><W8/><G100/><T20/><D128/><U86/><E86/><V46/><F46/><W79/><G97/><T80/><D64/><U54/><E91/><AGARI ba="1,3" hai="8,9,10,12,16,22,44,50,55,79,82,85,88,91" machi="91" ten="40,8000,1" yaku="6,1,8,1,54,2" doraHai="135" who="3" fromWho="1" sc="255,0,235,-83,245,0,235,113" /><INIT seed="1,0,0,5,2,64" ten="255,152,245,348" oya="1" hai0="27,65,80,95,83,97,40,92,9,14,74,7,130" hai1="2,89,91,62,114,1,129,39,51,121,50,82,20" hai2="78,38,32,25,111,53,16,30,96,76,4,120,133" hai3="18,13,3,63,11,110,87,77,46,134,115,127,118"/><U93/><E114/><V56/><F111/><W35/><G115/><T86/><D130/><U54/><E121/><V103/><F133/><W123/><G123/><T15/><D40/><U90/><E129/><V125/><F125/><W36/><G35/><T116/><D116/><U31/><E39/><V66/><F38/><W48/><G36/><T5/><D27/><N who="1" m="16871" /><E1/><V94/><F4/><W85/><G3/><T47/><D47/><U88/><E2/><V26/><F66/><W60/><G127/><T71/><D74/><U84/><E93/><V10/><F120/><W100/><G134/><T72/><D72/><U55/><E62/><V41/><F41/><W57/><G110/><T104/><D104/><U61/><E61/><V102/><F102/><W45/><G100/><T79/><D83/><U113/><E113/><V42/><F42/><W108/><G108/><T105/><D105/><U122/><E122/><V119/><F119/><W22/><G118/><T124/><D124/><U8/><E8/><V6/><F6/><W34/><G34/><T43/><D43/><U52/><AGARI ba="0,0" hai="50,51,52,54,55,82,84,88,89,90,91" m="16871" machi="52" ten="30,6000,0" yaku="8,1,54,2" doraHai="64" who="1" fromWho="1" sc="255,-20,152,60,245,-20,348,-20" /><INIT seed="1,1,0,4,3,39" ten="235,212,225,328" oya="1" hai0="134,14,77,30,123,22,78,27,18,33,120,93,133" hai1="12,113,29,79,7,105,81,110,57,5,24,117,103" hai2="64,128,92,135,102,56,82,17,114,115,2,25,83" hai3="47,44,71,101,106,23,100,88,69,85,124,20,43"/><U61/><E113/><N who="2" m="43019" /><F2/><W68/><G124/><T67/><D67/><U91/><E117/><V66/><F128/><W0/><G0/><T35/><D93/><U87/><E110/><V125/><F125/><W104/><G85/><T76/><REACH who="0" step="1"/><D35/><REACH who="0" ten="225,212,225,328" step="2"/><U111/><E111/><V75/><F66/><W62/><G104/><T118/><D118/><U37/><E105/><V116/><F64/><W97/><G106/><T108/><D108/><U15/><E103/><V60/><F92/><W42/><G100/><T73/><D73/><U131/><E131/><V129/><F75/><W55/><G101/><T45/><D45/><U10/><E79/><V98/><F129/><W109/><G44/><T74/><D74/><U112/><E112/><V63/><F116/><W107/><G47/><T95/><D95/><U26/><E37/><V59/><F102/><W28/><G107/><T70/><D70/><U99/><E99/><V86/><F98/><W48/><G97/><T50/><D50/><U132/><E132/><AGARI ba="1,1" hai="14,18,22,27,30,33,76,77,78,120,123,132,133,134" machi="132" ten="40,5200,0" yaku="1,1,20,1,53,1" doraHai="39" doraHaiUra="19" who="0" fromWho="1" sc="225,65,212,-55,225,0,328,0" /><INIT seed="2,0,0,5,2,98" ten="290,157,225,328" oya="2" hai0="113,77,17,15,121,91,130,104,117,86,120,88,108" hai1="73,97,116,12,47,11,109,118,79,51,99,3,29" hai2="27,123,42,67,40,72,112,68,25,85,59,115,89" hai3="105,20,34,39,44,110,66,93,56,111,95,8,129"/><V82/><F123/><W9/><G34/><T23/><D113/><U96/><E109/><N who="3" m="41482" /><G105/><T19/><D108/><U126/><E3/><V128/><F128/><W26/><G129/><T78/><D130/><U41/><E126/><V4/><F68/><W64/><G44/><T114/><D114/><U135/><E135/><V74/><F74/><W62/><G64/><T38/><D38/><U48/><E29/><V90/><F72/><W132/><G39/><T33/><D33/><U124/><E124/><V76/><F4/><W102/><G132/><T125/><D104/><U71/><E71/><V80/><F115/><W53/><G53/><T46/><D125/><U37/><E79/><V1/><F1/><W107/><G107/><T70/><D70/><U133/><E73/><V94/><F76/><W69/><G69/><T16/><D117/><U134/><E134/><V81/><F90/><W21/><G21/><T131/><D131/><U106/><E106/><V101/><F112/><W87/><G87/><T57/><D46/><U119/><REACH who="1" step="1"/><E133/><REACH who="1" ten="290,147,225,328" step="2"/><V127/><F127/><W31/><G31/><T14/><D78/><U13/><E13/><V50/><F25/><W0/><G0/><T122/><D77/><U103/><E103/><V63/><F101/><W52/><G102/><T49/><D14/><U30/><E30/><V5/><F27/><W24/><G24/><T60/><D91/><U10/><E10/><V55/><F5/><AGARI ba="0,1" hai="5,11,12,37,41,47,48,51,96,97,99,116,118,119" machi="5" ten="50,8000,1" yaku="1,1,53,3" doraHai="98" doraHaiUra="92" who="1" fromWho="2" sc="290,0,147,90,225,-80,328,0" /><INIT seed="3,0,0,0,0,75" ten="290,237,145,328" oya="3" hai0="31,121,55,69,77,13,111,17,41,1,128,14,35" hai1="129,29,12,103,124,27,22,110,85,115,2,0,120" hai2="71,91,133,78,49,86,118,53,106,3,96,36,7" hai3="26,98,109,15,39,24,32,18,44,94,89,47,67"/><W33/><G109/><T66/><D121/><U64/><E115/><V122/><F118/><W112/><G112/><T82/><D1/><U119/><E120/><V108/><F122/><W65/><G32/><T45/><D111/><U68/><E124/><V105/><F108/><W81/><G81/><T38/><D128/><U79/><E129/><V19/><F71/><W70/><G70/><T113/><D113/><U123/><E123/><V76/><F36/><W95/><G33/><T97/><D97/><U104/><E104/><V132/><F19/><W10/><G39/><T63/><D55/><U9/><E0/><V25/><F25/><N who="3" m="9835" /><G95/><T72/><D35/><U40/><E2/><V101/><F106/><W30/><G30/><T34/><D34/><U102/><E68/><V62/><F62/><W46/><AGARI ba="0,0" hai="10,15,18,44,46,47,65,67,89,94,98" m="9835" machi="46" ten="30,1500,0" yaku="8,1" doraHai="75" who="3" fromWho="3" sc="290,-5,237,-5,145,-5,328,15" owari="285,8.5,232,-16.8,140,-36.0,343,44.3" /></mjloggm>