<mjloggm ver="2.3"><GO type="225" lobby="0"/><UN n0="%E3%83%8F%E3%83%B3%E3%83%89%E3%83%A9%E3%83%BC%E3%83%BB%E3%83%AF%E3%83%B3" n1="%74%61%6B%75%61%6B%61" n2="%E3%81%AA%E3%82%81%E3%81%93%E9%9B%80%E5%A3%AB" n3="%33%74%72%65%65" dan="17,16,16,16" rate="2169.33,2097.58,2065.62,2166.97" sx="M,M,M,F"/><TAIKYOKU oya="0"/><INIT seed="0,0,0,4,4,68" ten="250,250,250,250" oya="0" hai0="81,103,114,85,86,25,74,83,9,70,93,80,71" hai1="31,133,94,76,96,34,97,0,118,72,59,17,60" hai2="29,64,38,21,122,3,32,24,112,78,104,131,111" hai3="36,121,102,52,40,49,56,10,42,27,7,6,82"/><T119/><D114/><U18/><E118/><V43/><F112/><W30/><G121/><T92/><D119/><U99/><E133/><V39/><F122/><W53/><G102/><T66/><D74/><U77/><E0/><V75/><F21/><W129/><G129/><T57/><D70/><U28/><E94/><N who="0" m="36457" /><D71/><U23/><E34/><V100/><F43/><W84/><G36/><T62/><D103/><U8/><E8/><V48/><F48/><W41/><G53/><T132/><D132/><U12/><E17/><V67/><F67/><W117/><G117/><T134/><D134/><U113/><E113/><V91/><F91/><W105/><G105/><T20/><D9/><U88/><E88/><V19/><F19/><AGARI ba="0,0" hai="19,20,25,57,62,66,80,81,83,85,86" m="36457" machi="19" ten="30,1500,0" yaku="8,1" doraHai="68" who="0" fromWho="2" sc="250,15,250,0,250,-15,250,0" /><INIT seed="0,1,0,1,3,112" ten="265,250,235,250" oya="0" hai0="73,108,101,78,113,103,58,132,10,4,7,105,65" hai1="23,27,124,68,86,74,51,104,46,22,35,118,89" hai2="98,94,71,107,81,32,119,43,85,39,49,36,8" hai3="48,60,84,100,67,109,123,25,126,56,45,33,66"/><T31/><D113/><U34/><E74/><V116/><F71/><W95/><G109/><T50/><D132/><U110/><E68/><V38/><F107/><W114/><G114/><T131/><D131/><U61/><E110/><V120/><F32/><W12/><G126/><T115/><D115/><U62/><E104/><V18/><F120/><W91/><G123/><T26/><D108/><U1/><E1/><V14/><F49/><W53/><G100/><T82/><D105/><U9/><E9/><V127/><F127/><W2/><G2/><T76/><D76/><U130/><E130/><V21/><F43/><W37/><G37/><T99/><D99/><U29/><E124/><V117/><F8/><W5/><G33/><T125/><D4/><U28/><E35/><V11/><F11/><N who="3" m="4207" /><G25/><T52/><D65/><AGARI ba="1,0" hai="45,48,53,56,60,65,66,67,84,91,95" m="4207" machi="65" ten="30,1000,0" yaku="8,1" doraHai="112" who="3" fromWho="0" sc="265,-13,250,0,235,0,250,13" /><INIT seed="1,0,0,1,5,17" ten="252,250,235,263" oya="1" hai0="60,56,124,119,54,75,46,52,117,115,21,1,94" hai1="99,71,22,30,74,67,23,53,51,65,108,4,86" hai2="7,24,76,38,98,122,135,128,27,97,80,45,29" hai3="64,100,85,123,83,112,48,37,14,105,110,66,91"/><U109/><E74/><V78/><F122/><W126/><G112/><T42/><D115/><U116/><E116/><V44/><F135/><W26/><G37/><T127/><D1/><U62/><E67/><V5/><F128/><W77/><G123/><T47/><D75/><U95/><E86/><V106/><F29/><W104/><G104/><T49/><D94/><U58/><E4/><V69/><F80/><W82/><G126/><N who="0" m="48171" /><D21/><U121/><E121/><V59/><F59/><W18/><G105/><T19/><D19/><U28/><E28/><V12/><F12/><W55/><G14/><T120/><D120/><U92/><E92/><V73/><F106/><W118/><G118/><T132/><D132/><U68/><E68/><V133/><F133/><W113/><G113/><T90/><D90/><N who="1" m="55799" /><E30/><V81/><F69/><W103/><G103/><T125/><N who="0" m="48179" /><T70/><DORA hai="8" /><D70/><U20/><E71/><V96/><F38/><AGARI ba="0,0" hai="38,42,46,47,49,52,54,56,60,117,119" m="48179" machi="38" ten="40,8000,1" yaku="18,1,34,2,54,1" doraHai="17,8" who="0" fromWho="2" sc="252,80,250,0,235,-80,263,0" /><INIT seed="2,0,0,2,0,32" ten="332,250,155,263" oya="2" hai0="21,50,47,129,100,135,133,44,43,23,115,127,88" hai1="86,38,39,134,110,107,55,75,98,65,53,7,60" hai2="101,69,54,42,112,28,109,106,83,5,34,80,12" hai3="95,18,66,33,4,104,120,70,16,73,119,46,25"/><V0/><F112/><W125/><G120/><T122/><D122/><U126/><E75/><V9/><F69/><W26/><G104/><T124/><D115/><U6/><E110/><V79/><F109/><W57/><G70/><T121/><D121/><U41/><E107/><V76/><F54/><W97/><G73/><T63/><D129/><U123/><E98/><N who="2" m="61751" /><F12/><W56/><G66/><T85/><D100/><U91/><E55/><V78/><F83/><W116/><G46/><T118/><D63/><U11/><E53/><V59/><F59/><W92/><G4/><T114/><D114/><U22/><E60/><V48/><F48/><W87/><G97/><T74/><D50/><U103/><E65/><V1/><F42/><W72/><G72/><T3/><D74/><U128/><E41/><V62/><F62/><W81/><G81/><T15/><D43/><U117/><E22/><V13/><F80/><W111/><G111/><T77/><D15/><U113/><E113/><V8/><F8/><W40/><G40/><T94/><D21/><U10/><E11/><V96/><F96/><W51/><G51/><T49/><D23/><U14/><E10/><V90/><F90/><W93/><G56/><T132/><D49/><U30/><E91/><V82/><F82/><W99/><G99/><T71/><D44/><U31/><E14/><V84/><F84/><W89/><G87/><T27/><D47/><U108/><E86/><V67/><F67/><W24/><G89/><T64/><D85/><U131/><E123/><V61/><F61/><W45/><G45/><T35/><D88/><RYUUKYOKU ba="0,0" sc="332,-10,250,-10,155,30,263,-10" hai2="0,1,5,9,13,28,34,76,78,79" /><INIT seed="2,1,0,4,3,91" ten="322,240,185,253" oya="2" hai0="125,135,51,71,44,107,11,123,0,40,120,28,79" hai1="57,81,5,95,18,34,2,82,122,37,7,27,65" hai2="58,119,112,76,8,118,53,116,88,66,110,128,89" hai3="109,90,13,80,64,24,127,35,32,86,6,15,50"/><V39/><F39/><W129/><G109/><T59/><D107/><U63/><E122/><V61/><F112/><W17/><G129/><T26/><D71/><U42/><E37/><V100/><F128/><W48/><G127/><T102/><D102/><U94/><E42/><V68/><F110/><W87/><G64/><T111/><D111/><U30/><E18/><V10/><F76/><W52/><G6/><T93/><D79/><U73/><E73/><V9/><REACH who="2" step="1"/><F100/><REACH who="2" ten="322,240,175,253" step="2"/><W99/><G90/><T14/><D123/><U115/><E115/><V62/><AGARI ba="1,1" hai="8,9,10,53,58,61,62,66,68,88,89,116,118,119" machi="62" ten="40,12000,1" yaku="1,1,2,1,0,1,54,1,53,0" doraHai="91" doraHaiUra="45" who="2" fromWho="2" sc="322,-41,240,-41,175,133,253,-41" /><INIT seed="2,2,0,3,0,30" ten="281,199,308,212" oya="2" hai0="14,84,25,115,118,35,124,15,102,58,127,77,114" hai1="132,104,62,69,68,4,119,74,56,22,82,100,19" hai2="61,91,116,130,122,107,34,11,45,24,9,51,131" hai3="65,54,53,46,111,134,117,123,103,76,133,2,59"/><V3/><F116/><W92/><G2/><T90/><D102/><U44/><E119/><V12/><F107/><W50/><G117/><T39/><D39/><U79/><E132/><N who="3" m="50794" /><G76/><T32/><D77/><U98/><E4/><V10/><F3/><W7/><G7/><T87/><D58/><U43/><E22/><V128/><F91/><W72/><G72/><T55/><D55/><U23/><E56/><V94/><F94/><W38/><G123/><T18/><D118/><U60/><E68/><V78/><F78/><W125/><G111/><T21/><D25/><U109/><E69/><V96/><F96/><N who="3" m="59783" /><G125/><N who="0" m="48203" /><D14/><U5/><E109/><V1/><F1/><W113/><G113/><N who="0" m="43019" /><D87/><U86/><E86/><V108/><F108/><W42/><G54/><T57/><D57/><U85/><E85/><V16/><F122/><W6/><G6/><T13/><D13/><U0/><E5/><V29/><F61/><N who="3" m="38079" /><G53/><AGARI ba="2,0" hai="9,10,11,12,16,24,29,34,45,51,53,128,130,131" machi="53" ten="40,7700,0" yaku="19,1,52,1,54,1" doraHai="30" who="2" fromWho="3" sc="281,0,199,0,308,83,212,-83" /><INIT seed="2,3,0,0,0,57" ten="281,199,391,129" oya="2" hai0="65,125,54,109,75,91,103,51,130,29,2,77,82" hai1="47,36,69,63,132,87,102,3,7,58,113,94,35" hai2="55,33,101,26,135,34,16,11,14,84,21,62,131" hai3="56,31,86,90,40,85,97,18,89,6,27,122,72"/><V92/><F131/><W107/><G122/><T60/><D109/><U8/><E113/><V104/><F104/><W5/><G72/><T15/><D130/><U10/><E132/><V73/><F73/><W106/><G40/><T120/><D125/><U49/><E35/><V13/><F135/><W126/><G126/><T9/><D120/><U110/><E110/><V42/><F42/><W17/><G27/><T37/><D37/><U20/><E36/><V4/><F34/><W44/><G56/><T45/><D103/><U133/><E69/><V32/><F32/><W118/><G97/><T71/><D29/><U123/><E123/><V127/><F33/><W22/><G22/><T98/><D2/><U96/><E133/><V25/><F127/><W19/><G19/><T38/><D38/><U134/><E134/><V93/><F93/><W70/><G70/><T50/><D50/><U46/><E8/><V48/><F84/><W119/><REACH who="3" step="1"/><G31/><REACH who="3" ten="281,199,391,119" step="2"/><T83/><D98/><U74/><E74/><V129/><F129/><W105/><G105/><T12/><D9/><U117/><E20/><V30/><F30/><W115/><G115/><T67/><D75/><U64/><E117/><V95/><F21/><W99/><G99/><T80/><D71/><U116/><E116/><V24/><F24/><W88/><G88/><T1/><D91/><U111/><E111/><V52/><F26/><W81/><G81/><T43/><D83/><U61/><E96/><V121/><F25/><W112/><G112/><T53/><D82/><U68/><E68/><V128/><F121/><W108/><G108/><RYUUKYOKU ba="3,1" sc="281,-10,199,-10,391,-10,119,30" hai3="5,6,17,18,44,85,86,89,90,106,107,118,119" /><INIT seed="3,4,1,4,3,43" ten="271,189,381,149" oya="3" hai0="23,124,9,19,37,49,69,55,135,99,39,115,59" hai1="25,29,41,45,63,30,75,89,66,103,52,84,31" hai2="81,98,73,102,109,97,46,110,58,0,62,68,92" hai3="42,120,123,108,20,94,5,90,38,1,127,13,101"/><W10/><G127/><T21/><D69/><U131/><E75/><V12/><F0/><W122/><G101/><T54/><D124/><U96/><E131/><V86/><F68/><W79/><G79/><T34/><D34/><U113/><E113/><V14/><F97/><W130/><G130/><T128/><D128/><U112/><E112/><V57/><F46/><W33/><G33/><T87/><D115/><U56/><E66/><V119/><F73/><W77/><G77/><T125/><D125/><U118/><E118/><V17/><F58/><W22/><G108/><N who="2" m="41577" /><F17/><W83/><G83/><T32/><D32/><U65/><E65/><N who="2" m="39119" /><F119/><W24/><G1/><T105/><D9/><U3/><E3/><V117/><F117/><W18/><G22/><T51/><D21/><U72/><E72/><V44/><F44/><W2/><G2/><T107/><D135/><U40/><E25/><V6/><F6/><W53/><G53/><T111/><D111/><U27/><E27/><V74/><F74/><W48/><G48/><T35/><D35/><U50/><E40/><V93/><F93/><W95/><REACH who="3" step="1"/><G90/><AGARI ba="4,1" hai="12,14,81,86,90,92,98,102" m="39119,41577" machi="90" ten="30,1000,0" yaku="14,1" doraHai="43" who="2" fromWho="3" sc="271,0,189,0,381,32,149,-22" owari="271,7.1,189,-21.1,413,51.3,127,-37.3" /></mjloggm>