<mjloggm ver="2.3"><GO type="225" lobby="0"/><UN n0="%E9%AD%9A%E8%B0%B7%E4%BE%91%E7%BE%8E" n1="%E3%81%BF%E3%81%BF%E3%81%9A" n2="%72%69%6F%75%63%68%61%6E" n3="%E3%82%A2%E3%83%A1%E3%82%A2%E3%83%A9%E3%83%AC" dan="17,18,17,16" rate="2150.99,2249.60,2253.60,2043.26" sx="M,M,M,M"/><TAIKYOKU oya="0"/><INIT seed="0,0,0,5,2,16" ten="250,250,250,250" oya="0" hai0="15,94,81,100,12,29,93,131,56,92,48,60,35" hai1="135,98,65,75,18,110,89,20,128,63,111,62,13" hai2="8,4,37,28,32,34,17,68,47,87,70,133,108" hai3="91,96,113,36,19,3,33,59,105,64,55,123,0"/><T106/><D131/><U61/><E75/><V30/><F108/><N who="1" m="41513" /><E135/><V46/><F133/><W118/><G33/><N who="2" m="12905" /><F87/><W67/><G36/><T2/><D2/><U122/><E128/><V80/><F37/><W97/><G118/><T10/><D35/><U119/><E122/><V88/><F80/><W39/><G39/><T90/><D106/><U72/><E72/><V125/><F17/><W24/><G97/><T104/><D104/><U84/><E98/><V129/><F129/><W78/><G78/><T117/><D117/><U85/><E119/><V53/><F53/><W86/><G113/><T77/><D100/><U102/><E85/><V101/><F8/><W83/><G123/><T51/><D29/><N who="2" m="11370" /><F101/><W127/><G96/><T42/><D90/><U99/><E99/><V58/><F4/><W66/><G105/><T38/><D38/><U74/><E74/><V14/><F14/><W6/><G6/><T22/><D15/><U1/><E1/><V41/><F41/><W7/><G7/><T120/><D42/><U11/><E102/><V82/><F58/><W44/><G3/><T130/><D130/><U76/><E76/><V112/><F112/><W103/><G0/><T23/><D120/><U69/><E11/><V95/><F82/><AGARI ba="0,0" hai="13,18,20,61,62,63,65,69,82,84,89" m="41513" machi="82" ten="30,2000,0" yaku="14,1,52,1" doraHai="16" who="1" fromWho="2" sc="250,0,250,20,250,-20,250,0" /><INIT seed="1,0,0,2,0,100" ten="250,270,230,250" oya="1" hai0="112,118,79,77,33,133,74,107,119,61,89,46,44" hai1="113,134,0,101,91,130,8,54,99,102,51,57,65" hai2="39,72,56,131,53,71,68,87,70,105,29,83,34" hai3="15,26,76,59,11,116,28,45,73,108,19,132,37"/><U64/><E113/><V31/><F39/><W48/><G108/><T109/><D112/><U97/><E130/><V35/><F72/><W52/><G132/><T111/><D33/><U115/><E115/><V43/><F131/><W23/><G116/><T36/><D133/><U94/><E134/><V78/><F43/><W110/><G110/><N who="0" m="41995" /><D74/><U21/><E0/><V96/><F34/><W9/><G37/><T125/><D125/><U86/><E8/><V95/><F105/><W120/><G120/><T60/><D89/><U13/><E99/><V75/><F75/><W124/><G124/><T90/><D90/><U49/><E49/><V55/><F35/><W32/><REACH who="3" step="1"/><G45/><REACH who="3" ten="250,270,230,240" step="2"/><N who="0" m="17515" /><D36/><U38/><E38/><V66/><F66/><W3/><G3/><T80/><D80/><AGARI ba="0,1" hai="9,11,15,19,23,26,28,32,48,52,59,73,76,80" machi="80" ten="40,5200,0" yaku="1,1,54,1,53,1" doraHai="100" doraHaiUra="18" who="3" fromWho="0" sc="250,-52,270,0,230,0,240,62" /><INIT seed="2,0,0,1,0,77" ten="198,270,230,302" oya="2" hai0="110,103,8,113,16,134,83,24,71,75,56,23,73" hai1="68,46,13,35,43,0,9,112,78,116,133,95,62" hai2="18,59,101,85,122,91,47,105,32,54,79,10,57" hai3="81,48,2,106,26,72,67,109,53,21,74,89,30"/><V14/><F122/><W128/><G106/><T42/><D113/><U55/><E112/><V118/><BYE who="0" /><F118/><W61/><G2/><T76/><D76/><U120/><E116/><V92/><F32/><UN n0="%E9%AD%9A%E8%B0%B7%E4%BE%91%E7%BE%8E" /><W45/><G109/><T37/><D71/><U15/><E120/><V28/><F28/><W34/><G34/><T80/><D110/><U131/><E35/><V33/><F33/><W135/><G135/><T12/><D134/><U87/><E133/><V27/><F27/><W7/><G7/><T6/><D103/><U132/><E132/><V20/><F79/><W1/><G1/><T124/><D124/><U5/><E131/><V129/><F129/><W107/><G107/><T90/><D56/><U127/><E55/><V3/><F3/><W19/><G30/><T38/><D90/><U121/><E127/><V52/><F20/><W125/><G125/><T31/><D31/><U117/><E117/><V94/><F105/><W17/><G17/><T97/><D97/><U108/><E108/><V98/><REACH who="2" step="1"/><F54/><REACH who="2" ten="198,270,220,302" step="2"/><W39/><G128/><T115/><D115/><U111/><E121/><V63/><F63/><W41/><G61/><T11/><D11/><U99/><E62/><V4/><F4/><W40/><G53/><T82/><REACH who="0" step="1"/><D42/><REACH who="0" ten="188,270,220,302" step="2"/><U60/><E111/><V49/><AGARI ba="0,2" hai="10,14,18,47,49,52,57,59,85,91,92,94,98,101" machi="49" ten="30,11700,0" yaku="1,1,0,1,8,1,54,1,53,0" doraHai="77" doraHaiUra="100" who="2" fromWho="2" sc="188,-39,270,-39,220,137,302,-39" /><INIT seed="2,1,0,4,0,102" ten="149,231,357,263" oya="2" hai0="4,25,93,45,73,97,86,27,105,53,71,5,122" hai1="132,68,130,17,7,110,95,3,28,12,113,6,49" hai2="94,64,118,21,121,103,18,10,44,22,131,58,124" hai3="99,107,92,123,47,74,40,63,75,19,38,34,77"/><V8/><F118/><W62/><G123/><T43/><D122/><U1/><E113/><V114/><F114/><W76/><G34/><T65/><D73/><U52/><E68/><V115/><F115/><W96/><G75/><T101/><D53/><U39/><E39/><V108/><F121/><W55/><G19/><T72/><D72/><U109/><E28/><V91/><F124/><W106/><G74/><T128/><D128/><U117/><E117/><V15/><F131/><W134/><G134/><T85/><D65/><U48/><E130/><V104/><F108/><N who="1" m="41577" /><E132/><V98/><F44/><W78/><G99/><T116/><D71/><U70/><E70/><V133/><F133/><W59/><REACH who="3" step="1"/><G63/><REACH who="3" ten="149,231,357,253" step="2"/><T37/><D116/><U111/><E111/><V42/><F22/><W129/><G129/><T112/><D112/><U32/><E32/><V16/><F18/><W100/><AGARI ba="1,1" hai="38,40,47,55,59,62,76,77,78,92,96,100,106,107" machi="100" ten="30,7900,0" yaku="1,1,0,1,52,2,53,0" doraHai="102" doraHaiUra="87" who="3" fromWho="3" sc="149,-21,231,-21,357,-40,253,92" /><INIT seed="3,0,0,1,2,70" ten="128,210,317,345" oya="3" hai0="58,25,12,9,67,85,80,6,98,130,24,123,122" hai1="48,103,29,62,75,78,99,4,108,120,117,82,111" hai2="125,38,26,112,102,79,21,19,57,16,104,124,42" hai3="52,27,36,69,127,30,77,116,8,109,20,10,59"/><W72/><G116/><T11/><D130/><U129/><E29/><N who="2" m="17615" /><F112/><W46/><G69/><T113/><D113/><U31/><E31/><V95/><F104/><W87/><G72/><T96/><D67/><U68/><E48/><V100/><F79/><W56/><G127/><N who="2" m="48713" /><F57/><N who="3" m="22091" /><G36/><T0/><D0/><U133/><E4/><V61/><F61/><W132/><G132/><T71/><D71/><U14/><E14/><V91/><F100/><W83/><G109/><T115/><D115/><U81/><E62/><V74/><F102/><W88/><G77/><T86/><D58/><U37/><E68/><V64/><F74/><W13/><G13/><T35/><D12/><U131/><E81/><V92/><F64/><W126/><G126/><T43/><D80/><U73/><E37/><V107/><F107/><W1/><G1/><T84/><D43/><U128/><E120/><V33/><F33/><W7/><G7/><T3/><D6/><U135/><E73/><V18/><F91/><W22/><G20/><T76/><D84/><U49/><E49/><AGARI ba="0,0" hai="8,10,22,27,30,46,49,52,83,87,88" m="22091" machi="49" ten="30,5800,0" yaku="8,1,54,2" doraHai="70" who="3" fromWho="1" sc="128,0,210,-58,317,0,345,58" owari="128,-37.2,152,-24.8,317,11.7,403,50.3" /></mjloggm>