<mjloggm ver="2.3"><GO type="225" lobby="0"/><UN n0="%72%61%6B%33" n1="%E3%81%A1%E3%82%85%E3%81%86%E3%81%A9%E3%81%8F%E8%B1%A1%E3%81%95%E3%82%93" n2="%E5%B8%86%E7%AB%8B%E5%A4%8F%E8%A1%A3" n3="%E3%81%AF%E3%82%88%E3%81%8A%E3%81%98%E3%81%95%E3%82%93" dan="16,17,17,16" rate="2226.61,2187.36,2150.66,2150.38" sx="M,M,M,M"/><TAIKYOKU oya="0"/><INIT seed="0,0,0,4,3,79" ten="250,250,250,250" oya="0" hai0="126,103,51,82,84,59,18,58,32,71,16,78,41" hai1="25,8,10,42,67,88,74,7,113,125,31,99,122" hai2="91,46,48,107,104,100,116,26,43,36,69,35,118" hai3="49,72,93,77,87,30,90,86,98,135,114,80,73"/><T112/><D112/><U19/><E122/><V33/><F69/><W75/><G49/><T13/><D71/><U89/><E74/><V132/><F132/><W14/><G14/><T105/><D126/><U44/><E67/><V65/><F65/><W95/><G30/><T96/><D32/><N who="2" m="12362" /><F100/><N who="3" m="60495" /><G114/><T11/><REACH who="0" step="1"/><D18/><REACH who="0" ten="240,250,250,250" step="2"/><U2/><E113/><V134/><F134/><AGARI ba="0,1" hai="72,73,75,77,80,86,87,90,95,134,135" m="60495" machi="134" ten="40,5200,0" yaku="34,2,52,1" doraHai="79" who="3" fromWho="2" sc="240,0,250,0,250,-52,250,62" /><INIT seed="1,0,0,2,5,33" ten="240,250,198,312" oya="1" hai0="76,120,88,89,3,22,51,125,15,86,21,40,24" hai1="123,63,11,71,105,98,25,5,96,44,107,77,2" hai2="131,53,122,16,50,101,75,61,20,62,6,37,41" hai3="74,66,23,126,68,121,36,118,30,10,18,128,94"/><U79/><E123/><V110/><F122/><W106/><G121/><T111/><D111/><U90/><E44/><V132/><F110/><W104/><G74/><T115/><D115/><U87/><E25/><V83/><F131/><W13/><G36/><T112/><D112/><U52/><E98/><V130/><F132/><W27/><G128/><T9/><D125/><U55/><E55/><V119/><F119/><W8/><G126/><T113/><D3/><U73/><E73/><V135/><F135/><W99/><G118/><T48/><D113/><U85/><E85/><V114/><F114/><W129/><G129/><T57/><D22/><U49/><E63/><V72/><F130/><W80/><G80/><N who="0" m="47367" /><D57/><U19/><E19/><V47/><F6/><W60/><REACH who="3" step="1"/><G8/><REACH who="3" ten="240,250,198,302" step="2"/><T31/><D120/><U92/><E71/><V59/><F75/><W34/><G34/><T29/><D9/><U46/><REACH who="1" step="1"/><E77/><REACH who="1" ten="240,240,198,302" step="2"/><V1/><F72/><W117/><G117/><T100/><D29/><U70/><E70/><V81/><F81/><AGARI ba="0,2" hai="2,5,11,46,49,52,79,81,87,90,92,96,105,107" machi="81" ten="40,12000,1" yaku="1,1,52,1,54,1,53,1" doraHai="33" doraHaiUra="82" who="1" fromWho="2" sc="240,0,240,140,198,-120,302,0" /><INIT seed="1,1,0,4,1,54" ten="240,380,78,302" oya="1" hai0="98,8,43,80,56,20,2,72,35,82,70,131,58" hai1="15,124,64,1,28,18,101,85,61,13,29,57,17" hai2="123,66,108,23,12,120,14,91,32,30,119,60,55" hai3="10,83,106,129,41,112,79,89,118,94,5,47,103"/><U125/><E1/><V122/><F119/><W111/><G112/><T113/><D35/><U49/><E101/><V126/><F108/><W51/><G111/><T104/><D70/><U27/><E85/><V48/><F126/><N who="1" m="48745" /><E49/><V92/><F32/><W21/><G118/><T121/><D113/><U132/><E132/><V46/><F30/><N who="1" m="11881" /><E27/><V88/><F23/><W34/><G34/><T115/><D20/><U100/><E100/><V68/><REACH who="2" step="1"/><F91/><REACH who="2" ten="240,380,68,302" step="2"/><W0/><G21/><T95/><D115/><U38/><E17/><V77/><F77/><W127/><G127/><T78/><D78/><U69/><E18/><V102/><F102/><W40/><G103/><T76/><D76/><U62/><E38/><V39/><F39/><W52/><G106/><T114/><D104/><U133/><E133/><V107/><F107/><W9/><G9/><T71/><D8/><U134/><E134/><V7/><F7/><W87/><REACH who="3" step="1"/><G129/><REACH who="3" ten="240,380,68,292" step="2"/><T59/><D131/><U11/><E11/><V25/><F25/><W110/><G110/><T135/><D114/><U97/><E13/><V116/><F116/><W3/><G3/><T31/><D2/><U6/><E15/><V53/><F53/><W36/><G36/><T50/><D135/><U128/><E6/><V26/><F26/><W73/><AGARI ba="1,2" hai="0,5,10,40,41,47,51,52,73,79,83,87,89,94" machi="73" ten="20,8000,1" yaku="1,1,0,1,7,1,54,1,53,1" doraHai="54" doraHaiUra="84" who="3" fromWho="3" sc="240,-21,380,-41,68,-21,292,103" /><INIT seed="2,0,0,5,3,97" ten="219,339,47,395" oya="2" hai0="90,19,17,9,42,105,127,79,108,49,119,78,28" hai1="43,8,4,41,76,32,81,116,48,101,89,27,11" hai2="98,75,92,104,126,114,50,67,59,56,69,125,121" hai3="135,64,106,26,109,62,120,91,112,52,10,63,1"/><V51/><F75/><W7/><G120/><T54/><D108/><U110/><E116/><V5/><F104/><W30/><G109/><T68/><D68/><U132/><E110/><V16/><F5/><W22/><G135/><T124/><D119/><U45/><E132/><V57/><F121/><W34/><G112/><T58/><D105/><U15/><E89/><V117/><F117/><W21/><G106/><T113/><D113/><U2/><E32/><V82/><F82/><W12/><G91/><T24/><D42/><U133/><E27/><V46/><F114/><W123/><G123/><T60/><D60/><U94/><E41/><V130/><F130/><W107/><G107/><T44/><D44/><U31/><E31/><V38/><F38/><W73/><G73/><T115/><D115/><U14/><E133/><V13/><F69/><W99/><G99/><T23/><D90/><U39/><E48/><V25/><F25/><W88/><G88/><T40/><D40/><U100/><E94/><V0/><F0/><W83/><G83/><T65/><D65/><U103/><REACH who="1" step="1"/><E8/><REACH who="1" ten="219,329,47,395" step="2"/><N who="2" m="6183" /><F46/><W66/><G34/><T77/><REACH who="0" step="1"/><D9/><REACH who="0" ten="209,329,47,395" step="2"/><U134/><E134/><V111/><F111/><W35/><G10/><T80/><D80/><U70/><E70/><V55/><F67/><W71/><G66/><T72/><D72/><AGARI ba="0,2" hai="2,4,11,14,15,39,43,45,72,76,81,100,101,103" machi="72" ten="40,12000,2" yaku="1,1,25,2,52,3,53,1" doraHai="97" doraHaiUra="33" who="1" fromWho="0" sc="209,-120,329,140,47,0,395,0" /><INIT seed="3,0,0,4,0,15" ten="89,469,47,395" oya="3" hai0="41,78,110,122,107,86,52,12,22,29,39,82,1" hai1="131,66,14,30,115,94,97,83,75,43,91,108,118" hai2="63,77,19,61,72,26,85,126,34,62,13,89,123" hai3="132,104,48,17,20,47,4,38,23,111,87,16,95"/><W32/><G32/><T18/><D122/><U124/><E115/><V103/><F123/><W120/><G104/><T74/><D1/><U127/><E108/><V114/><F114/><W65/><G120/><T10/><D107/><U119/><E131/><V40/><F126/><N who="1" m="48169" /><E66/><V81/><F103/><W102/><G38/><T90/><D110/><U64/><E64/><V112/><F40/><W105/><G105/><T59/><D39/><U11/><E43/><V44/><F44/><W84/><G111/><T31/><D41/><U67/><E67/><V35/><F26/><N who="3" m="14599" /><G132/><T8/><D8/><U133/><E133/><V135/><F135/><W68/><G68/><T2/><D2/><U33/><E30/><V73/><F112/><W53/><G4/><T7/><D7/><N who="1" m="3455" /><E33/><V9/><REACH who="2" step="1"/><F73/><REACH who="2" ten="89,469,37,395" step="2"/><W51/><G65/><T37/><D37/><U3/><E75/><V55/><F55/><N who="3" m="30111" /><G102/><T98/><D74/><U45/><E45/><V36/><F36/><W27/><G95/><AGARI ba="0,1" hai="9,13,19,34,35,61,62,63,72,77,81,85,89,95" machi="95" ten="40,5200,0" yaku="1,1,52,1,53,1" doraHai="15" doraHaiUra="76" who="2" fromWho="3" sc="89,0,469,0,37,62,395,-52" owari="89,-41.1,469,56.9,99,-30.1,343,14.3" /></mjloggm>