<mjloggm ver="2.3"><GO type="225" lobby="0"/><UN n0="%E3%83%AD%E3%83%83%E3%83%86%E9%9B%80%E7%90%83" n1="%6D%75%75%6D%75%72%61" n2="%E6%80%AA%E3%81%97%E3%81%99%E3%81%8E%E3%82%8B%E3%83%81%E3%83%BC" n3="%E3%82%BC%E3%83%AB%E3%83%80%E3%81%AE%E4%BC%9D%E8%AA%AC" dan="17,16,16,16" rate="2266.38,2169.83,2118.22,2120.83" sx="M,F,M,M"/><TAIKYOKU oya="0"/><INIT seed="0,0,0,1,3,43" ten="250,250,250,250" oya="0" hai0="35,124,39,91,86,68,6,135,48,113,16,38,80" hai1="116,117,104,121,90,27,83,96,72,82,94,85,58" hai2="24,10,22,129,109,79,57,74,45,103,130,92,101" hai3="127,78,28,4,51,3,17,30,73,0,21,67,8"/><T34/><D113/><U106/><E27/><V46/><F109/><W26/><G67/><T93/><D68/><U11/><E11/><V55/><F10/><N who="3" m="2311" /><G51/><T110/><D124/><U97/><E58/><V71/><F71/><W102/><G102/><N who="2" m="38921" /><F92/><W25/><G78/><T131/><D135/><U49/><E49/><N who="2" m="30959" /><F79/><W40/><G40/><T84/><D131/><N who="2" m="50186" /><F74/><W5/><G73/><T81/><D110/><U128/><E121/><V2/><F2/><W120/><G127/><T132/><D6/><U14/><E128/><V64/><F64/><W47/><G120/><T123/><D123/><U76/><E14/><V9/><F9/><W61/><G61/><T118/><D132/><U42/><E42/><V70/><F70/><W15/><G47/><T56/><D118/><N who="1" m="45675" /><E94/><V112/><F112/><W115/><G115/><T75/><D93/><U32/><E32/><V114/><F114/><W62/><G62/><T98/><D35/><U65/><E65/><V23/><F23/><N who="3" m="15423" /><G3/><T95/><D95/><U53/><E53/><V122/><F122/><W108/><G108/><T60/><D34/><U87/><E72/><V44/><F44/><W13/><G13/><T54/><D75/><U125/><E125/><V119/><F119/><W41/><G41/><T134/><D54/><U19/><E19/><AGARI ba="0,0" hai="19,22,24,45,46" m="50186,30959,38921" machi="19" ten="30,3900,0" yaku="19,1,52,2" doraHai="43" who="2" fromWho="1" sc="250,0,250,-39,250,39,250,0" /><AGARI ba="0,0" hai="5,8,15,17,19,21,26,30" m="15423,2311" machi="19" ten="30,8000,1" yaku="35,5" doraHai="43" who="3" fromWho="1" sc="250,0,211,-80,289,0,250,80" /><INIT seed="1,0,0,1,2,41" ten="250,131,289,330" oya="1" hai0="76,51,62,29,125,108,109,126,46,78,31,77,11" hai1="105,64,98,69,7,133,13,36,15,22,99,26,75" hai2="61,70,96,54,127,50,128,65,131,55,68,39,95" hai3="122,6,130,87,24,121,20,21,74,2,92,18,23"/><U134/><E75/><V93/><F39/><W111/><G74/><T123/><D123/><U14/><E7/><V119/><F119/><W34/><G87/><T16/><D62/><N who="1" m="40087" /><E36/><V90/><F127/><N who="0" m="48650" /><D11/><U79/><E79/><V56/><F68/><W104/><G92/><T84/><D84/><U67/><E67/><V28/><F28/><N who="0" m="10826" /><D16/><N who="1" m="12615" /><E105/><V118/><F118/><W8/><G104/><T97/><D97/><U106/><E106/><V80/><F80/><W53/><G6/><T42/><AGARI ba="0,0" hai="42,46,51,76,77,78,108,109" m="10826,48650" machi="42" ten="40,2700,0" yaku="18,1,52,1" doraHai="41" who="0" fromWho="0" sc="250,27,131,-13,289,-7,330,-7" /><INIT seed="2,0,0,1,1,76" ten="277,118,282,323" oya="2" hai0="21,109,66,101,59,78,79,31,13,129,25,104,40" hai1="50,33,135,32,35,10,116,4,51,56,117,89,111" hai2="80,60,97,84,39,37,82,75,133,130,8,70,47" hai3="9,94,61,30,23,48,132,103,20,88,96,57,93"/><V99/><F133/><W69/><G132/><T123/><D123/><U90/><E135/><V24/><F130/><W27/><G69/><T107/><D109/><U74/><E111/><V46/><F75/><W49/><G20/><T85/><D129/><U0/><E74/><V7/><F24/><W95/><G9/><T112/><D112/><U2/><E56/><V53/><F70/><W16/><G30/><T6/><D40/><U68/><E68/><V14/><F39/><W67/><G93/><T100/><D107/><U17/><E17/><V110/><F37/><W3/><G3/><T45/><D45/><N who="2" m="16906" /><F110/><W11/><G11/><N who="0" m="4343" /><D104/><U128/><E128/><V12/><F12/><W36/><G36/><T108/><D108/><U18/><E18/><V77/><F82/><W119/><G119/><T118/><D118/><U127/><E127/><V131/><F131/><W58/><G58/><AGARI ba="0,0" hai="7,8,14,53,58,60,77,80,84,97,99" m="16906" machi="58" ten="30,2900,0" yaku="8,1,52,1" doraHai="76" who="2" fromWho="3" sc="277,0,118,0,282,29,323,-29" /><INIT seed="2,1,0,2,3,18" ten="277,118,311,294" oya="2" hai0="54,91,71,114,83,46,24,84,28,31,16,82,20" hai1="4,95,38,123,25,3,88,9,118,126,131,103,75" hai2="132,108,102,50,13,72,8,94,78,39,119,128,6" hai3="63,86,69,98,14,122,81,66,57,133,52,110,1"/><V65/><F119/><W77/><G122/><T127/><D114/><U130/><E118/><V58/><F39/><W41/><G1/><T124/><D71/><U0/><E123/><V76/><F132/><W90/><G133/><T129/><D129/><N who="1" m="49163" /><E38/><V96/><F108/><W33/><G110/><T47/><D83/><U61/><E75/><V26/><F72/><W51/><G33/><T45/><REACH who="0" step="1"/><D54/><REACH who="0" ten="267,118,311,294" step="2"/><U35/><E126/><AGARI ba="1,1" hai="16,20,24,28,31,45,46,47,82,84,91,124,126,127" machi="126" ten="40,8000,1" yaku="1,1,2,1,18,1,52,1,54,1,53,0" doraHai="18" doraHaiUra="107" who="0" fromWho="1" sc="267,93,118,-83,311,0,294,0" /><INIT seed="3,0,0,5,0,84" ten="360,35,311,294" oya="3" hai0="80,101,69,62,85,73,38,25,74,108,75,100,116" hai1="127,129,94,9,122,95,6,47,61,91,14,26,1" hai2="16,132,44,71,65,18,86,112,72,17,51,22,67" hai3="93,7,8,120,50,20,2,5,55,128,83,107,29"/><W119/><G120/><T78/><D116/><U99/><E122/><V42/><F72/><W45/><G119/><T64/><D38/><U102/><E129/><V98/><F71/><W125/><G107/><T12/><D108/><U115/><E127/><V113/><F132/><W77/><G125/><T11/><REACH who="0" step="1"/><D25/><REACH who="0" ten="350,35,311,294" step="2"/><U66/><E115/><V49/><F112/><W63/><G128/><T60/><D60/><U56/><E1/><V37/><F113/><W79/><G7/><AGARI ba="0,1" hai="7,11,12,62,64,69,73,74,75,78,80,85,100,101" machi="7" ten="40,2600,0" yaku="1,1,53,1" doraHai="84" doraHaiUra="4" who="0" fromWho="3" sc="350,36,35,0,311,0,294,-26" owari="386,48.6,35,-46.5,311,11.1,268,-13.2" /></mjloggm>