<mjloggm ver="2.3"><GO type="225" lobby="0"/><UN n0="%E6%98%93%E5%88%A9%E8%96%A9%E4%BC%AF" n1="%E9%80%86%E9%80%A3%E5%B8%AF%E3%81%AE%E9%AC%BC" n2="%E5%8D%A0%E3%81%84%E5%B8%AB%E8%A3%8F%E3%81%AA%E3%81%84%E3%81%97" n3="%E9%B4%A8%4E%45%47%49" dan="16,17,17,16" rate="2102.33,2108.67,2178.02,2099.91" sx="F,M,M,M"/><TAIKYOKU oya="0"/><INIT seed="0,0,0,5,3,33" ten="250,250,250,250" oya="0" hai0="98,78,31,109,15,128,117,130,44,54,59,63,61" hai1="113,12,9,88,37,55,8,57,125,90,16,118,66" hai2="101,134,72,45,46,92,47,48,21,36,41,14,119" hai3="84,82,120,133,6,95,81,79,123,94,91,10,26"/><T67/><D117/><U111/><E118/><V126/><F72/><W2/><G133/><T35/><D78/><U107/><E107/><V20/><F134/><W86/><REACH who="3" step="1"/><G26/><REACH who="3" ten="250,250,250,240" step="2"/><T28/><D128/><U132/><E132/><V106/><F119/><W65/><G65/><T18/><D130/><U108/><E113/><V121/><F126/><W30/><G30/><T5/><D31/><U60/><E125/><V96/><F121/><AGARI ba="0,1" hai="2,6,10,79,81,82,84,86,91,94,95,120,121,123" machi="121" ten="40,5200,0" yaku="1,1,13,1,52,1,53,0" doraHai="33" doraHaiUra="53" who="3" fromWho="2" sc="250,0,250,0,250,-52,240,62" /><INIT seed="1,0,0,2,3,12" ten="250,250,198,302" oya="1" hai0="111,31,23,46,24,33,50,114,135,5,123,63,92" hai1="80,112,39,73,8,60,125,83,0,56,40,134,13" hai2="87,3,130,26,41,42,85,113,55,65,81,90,22" hai3="43,122,89,96,131,17,115,118,7,9,19,93,95"/><U126/><E112/><V104/><F3/><W29/><G122/><T30/><D111/><U101/><E134/><V57/><F113/><W66/><G115/><T127/><D114/><U45/><E101/><V21/><F104/><W120/><G120/><T51/><D135/><U100/><E100/><V77/><F130/><W94/><G29/><T117/><D117/><U86/><E73/><V47/><F65/><W61/><G118/><T10/><D127/><U121/><E0/><V58/><F58/><N who="3" m="37175" /><G131/><T132/><D132/><U1/><E1/><V70/><F70/><W75/><G75/><T16/><D63/><U91/><E121/><V88/><F77/><W62/><G43/><T52/><D123/><U44/><E44/><V14/><F47/><W109/><G109/><T99/><D51/><U64/><REACH who="1" step="1"/><E83/><REACH who="1" ten="250,240,198,302" step="2"/><V119/><F119/><W35/><G35/><T67/><D33/><U108/><E108/><V38/><F38/><W71/><G94/><T98/><D67/><U15/><E15/><V128/><F14/><N who="3" m="5439" /><G71/><T36/><D36/><U129/><E129/><V103/><F128/><W2/><G2/><T102/><D99/><U124/><E124/><V79/><F103/><N who="3" m="60815" /><G62/><T68/><D68/><U105/><E105/><V76/><F81/><W11/><G11/><T59/><D46/><U20/><E20/><V28/><F21/><W48/><G48/><T32/><D32/><U107/><E107/><V82/><F41/><W34/><G34/><T106/><D106/><U69/><E69/><V4/><F42/><W37/><G37/><T116/><D116/><U53/><E53/><RYUUKYOKU ba="0,1" sc="250,10,240,10,198,-30,302,10" hai0="5,10,16,23,24,30,31,50,52,59,92,98,102" hai1="8,13,39,40,45,56,60,64,80,86,91,125,126" hai3="17,19,89,95" /><INIT seed="1,1,1,3,3,126" ten="260,250,168,312" oya="1" hai0="32,102,44,132,42,9,68,124,39,93,128,77,95" hai1="30,134,92,99,108,89,115,105,62,106,66,83,57" hai2="13,74,54,18,60,80,85,72,45,1,76,51,107" hai3="7,14,63,91,15,90,26,2,88,110,73,24,129"/><U50/><E115/><V58/><F107/><W37/><G73/><T113/><D113/><U119/><E119/><V120/><F1/><W49/><G37/><T41/><D68/><U84/><E134/><V34/><F34/><W61/><G110/><T114/><D114/><U118/><E118/><V4/><F120/><W27/><G129/><T20/><D32/><U67/><E108/><V33/><F33/><W28/><G28/><T79/><D124/><U16/><E30/><V100/><F100/><W52/><G2/><T31/><D132/><U69/><E67/><V127/><F127/><W23/><G23/><T5/><D42/><U82/><E82/><V70/><F70/><W94/><G94/><T10/><D10/><U17/><E106/><V97/><F97/><W116/><G116/><T59/><D59/><U81/><E81/><V117/><F4/><W112/><G112/><T71/><D71/><U135/><E105/><V130/><F117/><W25/><N who="3" m="6144" /><DORA hai="131" /><W104/><G104/><T36/><D36/><U8/><E135/><V38/><F38/><W103/><G103/><T22/><D31/><U29/><E29/><V122/><F122/><W86/><G86/><T121/><D121/><U21/><E21/><N who="0" m="8297" /><D128/><U19/><E69/><V109/><F109/><W98/><G98/><N who="0" m="59727" /><D95/><U35/><E35/><V55/><REACH who="2" step="1"/><F130/><REACH who="2" ten="260,250,158,312" step="2"/><W65/><G7/><T6/><D6/><U56/><E99/><V11/><AGARI ba="1,2" hai="11,13,18,45,51,54,55,58,60,72,74,76,80,85" machi="11" ten="20,8000,1" yaku="1,1,2,1,0,1,7,1,53,1" doraHai="126,131" doraHaiUra="46,64" who="2" fromWho="2" sc="260,-21,250,-41,158,103,312,-21" /><INIT seed="2,0,0,4,0,107" ten="239,209,261,291" oya="2" hai0="94,39,120,50,42,12,86,6,62,121,44,3,82" hai1="58,79,69,14,16,54,96,105,11,128,109,4,132" hai2="47,32,135,45,13,100,85,93,49,114,18,59,37" hai3="131,43,116,8,67,113,97,110,34,134,20,87,66"/><V92/><F114/><W65/><G34/><T111/><D3/><U27/><E132/><V76/><F37/><W9/><G134/><T61/><D39/><U38/><E128/><V55/><F32/><W5/><G116/><T102/><D111/><U83/><E69/><V56/><F135/><W68/><G110/><T122/><D94/><U78/><E109/><V103/><F76/><W41/><G131/><T72/><D102/><U124/><E124/><V74/><F74/><W129/><G129/><T118/><D72/><U123/><E123/><V64/><F64/><W7/><G68/><T125/><D118/><U21/><E38/><V2/><F2/><W89/><G97/><T15/><D125/><U75/><E79/><V91/><F56/><W35/><G35/><T126/><D126/><U51/><REACH who="1" step="1"/><E96/><REACH who="1" ten="239,199,261,291" step="2"/><N who="2" m="59399" /><F103/><W23/><G113/><T71/><D71/><U70/><E70/><V1/><F1/><W46/><G7/><T104/><D104/><AGARI ba="0,1" hai="4,11,14,16,21,27,51,54,58,75,78,83,104,105" machi="104" ten="40,5200,0" yaku="1,1,52,1,54,1,53,0" doraHai="107" doraHaiUra="60" who="1" fromWho="0" sc="239,-52,199,62,261,0,291,0" /><INIT seed="3,0,0,4,3,81" ten="187,261,261,291" oya="3" hai0="59,113,133,126,42,7,20,123,10,12,44,11,24" hai1="99,30,121,57,106,91,80,114,51,41,76,56,63" hai2="94,6,82,58,90,134,119,93,50,34,15,118,47" hai3="116,135,26,95,103,27,109,71,38,83,87,67,130"/><W5/><G116/><T35/><D123/><U39/><E114/><V73/><F34/><W4/><G130/><T60/><D133/><U3/><E121/><V97/><F134/><W52/><G135/><T49/><D126/><U84/><E3/><V65/><F73/><W16/><G109/><T102/><D113/><U61/><E39/><V124/><F124/><W127/><G127/><T122/><D122/><U104/><E30/><V1/><F1/><W115/><G115/><T43/><D35/><U70/><E70/><V25/><F25/><N who="3" m="9227" /><G38/><T8/><D102/><U85/><E51/><V88/><F82/><W23/><G71/><T129/><D43/><U14/><E41/><V111/><F111/><W86/><G52/><T68/><D68/><U112/><E112/><V32/><F32/><W117/><G67/><T92/><D92/><U72/><E14/><V110/><F110/><W36/><G36/><T64/><REACH who="0" step="1"/><D129/><REACH who="0" ten="177,261,261,291" step="2"/><U33/><E33/><V108/><F108/><W62/><G117/><T74/><D74/><U75/><E75/><V9/><F118/><W48/><G95/><T22/><D22/><U13/><E72/><V100/><F119/><W77/><G103/><T69/><D69/><U40/><E40/><N who="2" m="24935" /><F94/><W29/><G23/><T98/><D98/><U2/><E99/><V31/><F100/><W78/><G83/><T96/><D96/><U125/><E125/><V131/><F131/><W54/><G29/><AGARI ba="0,1" hai="7,8,10,11,12,20,24,29,42,44,49,59,60,64" machi="29" ten="30,3900,0" yaku="1,1,7,1,8,1,53,0" doraHai="81" doraHaiUra="105" who="0" fromWho="3" sc="177,49,261,0,261,0,291,-39" /><INIT seed="4,0,0,4,0,51" ten="226,261,261,252" oya="0" hai0="117,73,66,7,6,10,60,4,14,108,100,98,135" hai1="37,85,74,75,131,31,55,56,38,25,133,111,83" hai2="26,20,70,124,30,76,101,17,45,1,81,46,82" hai3="134,126,23,54,47,94,88,52,123,79,68,28,105"/><T130/><D117/><U19/><E111/><V36/><F1/><W104/><G123/><T57/><D73/><U13/><E133/><V9/><F70/><W50/><G68/><T44/><D135/><U53/><E131/><V106/><F124/><W18/><G134/><T92/><D130/><U122/><E122/><V0/><F101/><W65/><G65/><T118/><D118/><U103/><E103/><V71/><F71/><W5/><G79/><T96/><D108/><U58/><E25/><V91/><F106/><W116/><G28/><T102/><REACH who="0" step="1"/><D44/><REACH who="0" ten="216,261,261,252" step="2"/><U29/><E75/><V127/><F45/><W78/><G116/><T112/><D112/><U90/><E74/><V93/><F46/><W86/><G126/><T99/><D99/><U121/><E121/><V16/><F127/><W48/><G78/><T63/><D63/><N who="1" m="36239" /><E37/><V97/><F36/><W87/><G87/><T114/><D114/><U120/><E38/><V41/><F76/><W43/><G43/><T27/><D27/><U115/><E120/><V119/><F41/><W89/><G47/><T128/><D128/><U95/><E115/><V67/><F97/><W21/><G86/><T2/><D2/><U33/><E33/><V77/><F0/><W59/><G59/><T34/><D34/><U22/><E83/><V24/><F81/><W49/><G49/><AGARI ba="0,1" hai="13,19,22,29,31,49,55,58,85,90,95" m="36239" machi="49" ten="30,7700,0" yaku="25,1,8,1,52,2" doraHai="51" who="1" fromWho="3" sc="216,0,261,87,261,0,252,-77" owari="216,-18.4,348,44.8,261,6.1,175,-32.5" /></mjloggm>