<mjloggm ver="2.3"><GO type="225" lobby="0"/><UN n0="%E3%81%BD%E3%81%A1%E3%81%9F%E3%81%93%E3%82%84" n1="%E5%8D%A0%E3%81%84%E5%B8%AB%E8%A3%8F%E3%81%AA%E3%81%84%E3%81%97" n2="%E7%B4%94%E6%BD%94%E3%83%94%E3%83%A9%E3%83%8B%E3%82%A2" n3="%E9%B4%A8%4E%45%47%49" dan="17,17,17,16" rate="2200.11,2179.03,2233.47,2106.65" sx="M,M,M,M"/><TAIKYOKU oya="0"/><INIT seed="0,0,0,2,5,122" ten="250,250,250,250" oya="0" hai0="97,69,9,54,27,46,83,134,49,22,87,2,127" hai1="96,47,77,91,33,125,10,74,60,34,18,51,133" hai2="38,63,128,30,71,79,17,66,70,76,21,92,80" hai3="40,121,81,110,103,50,3,26,102,12,55,124,4"/><T111/><D69/><U28/><E133/><V57/><F128/><W6/><G121/><T42/><D134/><U43/><E125/><V100/><F38/><W11/><G124/><T56/><D127/><U25/><E74/><V126/><F79/><W1/><G40/><T105/><D111/><U131/><E77/><V132/><F132/><W113/><G113/><T65/><D65/><U98/><E131/><V41/><F41/><W59/><G110/><T13/><D2/><U88/><E33/><V108/><F108/><W104/><G81/><T101/><D22/><U39/><E39/><V99/><F126/><W61/><G26/><T67/><D27/><U53/><E96/><V36/><F36/><W85/><G85/><T115/><D67/><U89/><E98/><V112/><F112/><W23/><G104/><T116/><D116/><U107/><E107/><V14/><REACH who="2" step="1"/><F30/><REACH who="2" ten="250,250,240,250" step="2"/><W20/><G3/><T123/><D115/><U35/><E43/><V64/><F64/><W109/><G109/><T82/><D123/><U130/><E130/><V8/><F8/><W31/><G31/><T129/><D129/><U118/><E10/><V52/><F52/><W45/><G1/><T93/><D105/><U0/><E0/><V29/><F29/><W58/><G6/><T120/><D120/><U7/><E7/><V72/><AGARI ba="0,1" hai="14,17,21,57,63,66,70,71,72,76,80,92,99,100" machi="72" ten="20,2700,0" yaku="1,1,0,1,7,1,53,0" doraHai="122" doraHaiUra="5" who="2" fromWho="2" sc="250,-13,250,-7,240,37,250,-7" /><INIT seed="1,0,0,5,2,84" ten="237,243,277,243" oya="1" hai0="96,120,110,106,126,49,52,37,64,86,73,35,40" hai1="71,100,29,48,27,57,104,6,65,94,128,109,24" hai2="13,42,131,135,116,38,61,83,60,134,90,97,76" hai3="10,111,55,33,123,77,92,102,44,50,80,53,132"/><U63/><E128/><V45/><F116/><W99/><G123/><T43/><D73/><U66/><E6/><V87/><F131/><W85/><G111/><T130/><D130/><U21/><E109/><V22/><F97/><W17/><G132/><N who="2" m="50729" /><F76/><W32/><G32/><T31/><D110/><U51/><E104/><V0/><F0/><W119/><G33/><T74/><D37/><U28/><E66/><V12/><F22/><W82/><G119/><T108/><D64/><U41/><E41/><V117/><F117/><W105/><G82/><T125/><D108/><U39/><E39/><V127/><F127/><W95/><REACH who="3" step="1"/><G53/><REACH who="3" ten="237,243,277,233" step="2"/><T133/><D52/><U62/><E71/><V15/><AGARI ba="0,1" hai="12,13,15,38,42,45,60,61,83,87,90" m="50729" machi="15" ten="30,2000,0" yaku="20,1,52,1" doraHai="84" who="2" fromWho="2" sc="237,-5,243,-10,277,30,233,-5" /><INIT seed="2,0,0,0,2,42" ten="232,233,307,228" oya="2" hai0="3,16,100,85,17,50,90,102,11,45,97,114,23" hai1="94,135,93,43,51,28,2,0,49,29,95,5,60" hai2="58,56,108,78,103,129,59,84,120,109,104,127,71" hai3="122,113,24,81,63,66,130,61,32,65,47,112,8"/><V77/><F120/><W30/><G122/><T20/><D114/><N who="3" m="44137" /><G81/><T128/><D128/><U126/><E126/><V131/><F71/><N who="3" m="42415" /><G8/><T99/><D3/><U96/><E135/><V18/><F127/><W88/><G88/><T13/><D99/><U6/><E96/><N who="2" m="61543" /><F18/><W125/><G125/><T25/><D97/><U10/><E60/><V48/><F48/><N who="1" m="18505" /><E43/><V82/><F78/><W74/><G74/><T73/><D20/><U117/><E10/><V44/><F44/><W67/><G67/><T19/><D19/><U70/><E70/><V7/><F7/><N who="1" m="2569" /><E117/><V15/><F15/><W105/><G47/><T72/><D72/><U107/><E107/><V34/><F34/><W53/><G53/><N who="0" m="29903" /><D73/><U123/><E123/><V89/><F77/><W54/><G54/><T83/><AGARI ba="0,0" hai="11,13,16,17,23,25,83,85,90,100,102" m="29903" machi="83" ten="30,7900,0" yaku="25,1,8,1,52,1,54,1" doraHai="42" who="0" fromWho="0" sc="232,79,233,-20,307,-39,228,-20" /><INIT seed="3,0,0,5,0,25" ten="311,213,268,208" oya="3" hai0="40,101,78,103,75,120,8,33,45,23,29,130,74" hai1="16,10,119,95,104,6,12,24,85,80,56,37,1" hai2="133,100,53,65,41,31,96,35,55,20,132,108,5" hai3="113,57,9,126,22,109,60,117,86,90,68,7,89"/><W102/><G117/><T49/><D120/><U46/><E104/><V13/><F41/><W39/><G113/><T105/><D33/><U32/><E119/><V125/><F108/><W69/><G109/><T43/><D130/><U59/><E95/><N who="2" m="58399" /><F125/><W73/><G126/><T124/><D43/><U50/><E37/><V92/><F92/><W18/><G39/><T26/><D124/><U111/><E111/><V83/><F83/><W106/><G73/><T30/><D30/><N who="1" m="19527" /><E1/><V97/><F97/><W67/><G106/><T128/><D128/><U14/><E14/><V0/><F0/><W77/><G102/><T44/><D44/><U91/><E6/><V114/><F65/><W17/><G77/><T47/><D47/><U81/><E81/><V115/><F35/><W76/><G76/><T34/><D105/><U107/><E107/><V112/><F5/><W48/><G90/><T127/><D127/><U66/><E66/><V42/><F42/><W122/><G122/><T94/><D34/><U70/><E70/><V36/><F36/><W27/><G48/><T88/><D78/><U52/><AGARI ba="0,0" hai="10,12,16,46,50,52,56,59,80,85,91" m="19527" machi="52" ten="30,7900,0" yaku="25,1,52,1,54,2" doraHai="25" who="1" fromWho="1" sc="311,-20,213,79,268,-20,208,-39" /><INIT seed="4,0,0,5,4,92" ten="291,292,248,169" oya="0" hai0="79,1,65,6,110,8,82,87,7,124,118,73,85" hai1="20,32,105,80,127,59,72,17,95,31,115,9,34" hai2="45,86,109,47,11,135,125,70,35,67,63,68,38" hai3="117,33,83,61,19,108,116,104,106,30,122,103,57"/><T3/><D118/><U69/><E69/><V66/><F35/><W39/><G108/><T48/><D124/><U46/><E105/><V64/><F86/><W77/><G39/><T71/><D110/><U74/><E127/><V93/><F93/><W132/><G19/><T62/><D48/><U2/><E115/><V114/><F11/><AGARI ba="0,0" hai="1,3,6,7,8,11,62,65,71,73,79,82,85,87" machi="11" ten="40,2000,0" yaku="9,1" doraHai="92" who="0" fromWho="2" sc="291,20,292,0,248,-20,169,0" owari="311,41.1,292,9.2,228,-17.2,169,-33.1" /></mjloggm>