<mjloggm ver="2.3"><GO type="225" lobby="0"/><UN n0="%E6%80%AA%E3%81%97%E3%81%99%E3%81%8E%E3%82%8B%E3%83%81%E3%83%BC" n1="%6D%75%75%6D%75%72%61" n2="%E3%81%95%E3%81%8D%E3%81%9F%E3%81%BE%E6%9E%97%E6%AA%8E" n3="%E6%B5%81%E3%82%8C%EF%BC%9F%53%4F%41" dan="16,16,16,16" rate="2065.05,2176.90,2079.03,2091.54" sx="M,F,M,M"/><TAIKYOKU oya="0"/><INIT seed="0,0,0,2,3,21" ten="250,250,250,250" oya="0" hai0="117,47,97,39,8,69,28,102,14,23,75,41,60" hai1="125,53,83,86,29,78,111,88,108,116,110,119,128" hai2="56,7,126,84,27,34,37,70,81,80,59,124,118" hai3="130,122,13,18,89,132,131,40,0,9,15,16,113"/><T98/><D117/><N who="1" m="45131" /><E29/><N who="2" m="19775" /><F118/><W76/><G76/><T61/><D75/><N who="1" m="43487" /><E53/><V10/><F70/><W109/><G40/><T123/><D123/><U38/><E38/><V1/><F37/><W57/><G113/><T77/><D77/><U87/><E128/><N who="3" m="49194" /><G122/><T26/><D69/><U79/><E125/><N who="2" m="48235" /><F80/><W4/><G109/><T112/><D112/><U43/><E43/><V121/><F121/><W49/><G89/><AGARI ba="0,0" hai="1,7,10,56,59,81,84,89" m="48235,19775" machi="89" ten="30,2000,0" yaku="18,1,52,1" doraHai="21" who="2" fromWho="3" sc="250,0,250,0,250,20,250,-20" /><INIT seed="1,0,0,3,2,95" ten="250,250,270,230" oya="1" hai0="80,38,29,25,133,13,53,65,28,37,20,33,48" hai1="27,44,130,57,45,104,81,70,118,131,82,31,69" hai2="14,111,108,32,39,107,17,98,105,52,134,100,125" hai3="63,3,97,106,88,56,85,59,43,2,135,58,129"/><U77/><E118/><V18/><F134/><W115/><G115/><T79/><D133/><U114/><E114/><V122/><F122/><W113/><G113/><T7/><D65/><U124/><E57/><V41/><F125/><W126/><G135/><T71/><D71/><N who="1" m="27147" /><E124/><V42/><F32/><W60/><G126/><T11/><D28/><U132/><E132/><V89/><F107/><W87/><G43/><T72/><REACH who="0" step="1"/><D33/><REACH who="0" ten="240,250,270,230" step="2"/><U75/><E31/><V12/><F111/><W101/><G129/><T127/><D127/><U93/><E131/><V23/><F108/><W116/><G116/><T55/><D55/><U51/><E130/><V78/><F52/><W90/><G63/><T49/><D49/><U35/><E51/><V103/><F39/><W24/><G60/><T123/><D123/><U47/><E35/><V92/><F42/><W64/><G64/><T1/><D1/><U94/><E45/><AGARI ba="0,1" hai="7,11,13,20,25,29,37,38,45,48,53,72,79,80" machi="45" ten="30,2000,0" yaku="1,1,7,1,53,0" doraHai="95" doraHaiUra="34" who="0" fromWho="1" sc="240,30,250,-20,270,0,230,0" /><INIT seed="2,0,0,1,3,74" ten="270,230,270,230" oya="2" hai0="60,135,98,99,62,22,131,18,71,59,122,112,61" hai1="120,81,44,48,47,76,63,67,0,125,91,36,104" hai2="51,72,14,9,119,126,132,103,113,21,58,16,102" hai3="134,8,82,20,133,40,12,10,95,101,54,64,66"/><V11/><F113/><W43/><G20/><T7/><D71/><U90/><E125/><V68/><F119/><W69/><G69/><T45/><D112/><U3/><E104/><V41/><F126/><W78/><G54/><T88/><D122/><U24/><E120/><V34/><F34/><W107/><G107/><T46/><D135/><N who="3" m="51721" /><G95/><T93/><D7/><U28/><E36/><V96/><F132/><W49/><G101/><T50/><D131/><U15/><E15/><V29/><F68/><W84/><G8/><T85/><D59/><U100/><E100/><V118/><F118/><W77/><G77/><T65/><D65/><N who="3" m="25193" /><G49/><T39/><D39/><U1/><E91/><V31/><F103/><W83/><G83/><T86/><D99/><U115/><E90/><V27/><F31/><W80/><G80/><T128/><D128/><U130/><E115/><V75/><F11/><W87/><G87/><N who="0" m="33291" /><D50/><U57/><E130/><V53/><F41/><W121/><G121/><T117/><D117/><U26/><E28/><V56/><REACH who="2" step="1"/><F58/><REACH who="2" ten="270,230,260,230" step="2"/><W89/><G78/><T19/><D22/><U109/><E57/><V37/><F37/><W38/><G38/><T6/><D46/><U92/><E47/><V32/><F32/><W13/><G10/><T35/><D45/><U127/><E127/><V97/><F97/><W123/><G123/><T23/><D35/><U114/><E44/><V116/><F116/><W4/><G4/><T55/><D6/><U110/><E114/><V129/><F129/><W17/><G17/><N who="0" m="6155" /><D23/><U111/><E76/><V42/><F42/><AGARI ba="0,1" hai="12,13,40,42,43,82,84,89" m="25193,51721" machi="42" ten="30,1000,0" yaku="20,1" doraHai="74" who="3" fromWho="2" sc="270,0,230,0,260,-10,230,20" /><INIT seed="3,0,0,2,5,5" ten="270,230,250,250" oya="3" hai0="82,35,85,92,28,47,7,12,22,4,127,126,131" hai1="117,107,135,96,77,88,50,66,125,103,119,109,73" hai2="57,78,75,115,29,52,121,99,11,26,113,41,42" hai3="20,44,46,84,13,95,65,72,70,108,132,43,114"/><W37/><G114/><T128/><D92/><U91/><E66/><V58/><F121/><W89/><G72/><T18/><D47/><U16/><E50/><V87/><F75/><W106/><G106/><T104/><D104/><U30/><E30/><V74/><F74/><W53/><G132/><T48/><D48/><U31/><E31/><V97/><F115/><W19/><G108/><T32/><D85/><U69/><E69/><V51/><F58/><W55/><REACH who="3" step="1"/><G44/><REACH who="3" ten="270,230,250,240" step="2"/><T76/><D128/><U130/><E109/><V36/><F113/><W83/><G83/><T8/><D82/><N who="1" m="45359" /><E130/><V133/><F133/><W3/><G3/><T134/><D131/><U23/><E135/><V39/><F39/><W71/><G71/><T98/><D134/><U21/><E125/><V80/><F36/><W118/><G118/><N who="1" m="45066" /><E23/><N who="2" m="15583" /><F11/><W68/><G68/><T101/><D8/><U64/><E64/><V112/><F112/><W93/><G93/><T27/><D126/><U14/><AGARI ba="0,1" hai="14,16,21,88,91,96,103,107" m="45066,45359" machi="14" ten="30,4000,0" yaku="12,1,54,2" doraHai="5" who="1" fromWho="1" sc="270,-10,230,50,250,-10,240,-20" /><INIT seed="4,0,0,3,4,74" ten="260,280,240,220" oya="0" hai0="105,15,75,122,66,65,108,21,111,90,116,110,41" hai1="134,63,44,80,115,27,69,70,133,55,98,106,0" hai2="4,83,56,62,91,7,113,97,114,22,49,1,81" hai3="19,127,67,6,53,61,28,104,47,126,131,57,103"/><T107/><D116/><U5/><E0/><V109/><F109/><W24/><G6/><T20/><D122/><U39/><E5/><V124/><F124/><N who="3" m="47659" /><G131/><T79/><D41/><U77/><E115/><V121/><F121/><W117/><G117/><T52/><D90/><U3/><E3/><V37/><F37/><W94/><G104/><N who="0" m="40011" /><D52/><U32/><E39/><V102/><F114/><W129/><G129/><T85/><D75/><N who="1" m="43071" /><E44/><V89/><F1/><W46/><G19/><N who="0" m="10367" /><D21/><U30/><E55/><V120/><F120/><W86/><G53/><T35/><D35/><U68/><E68/><V16/><F113/><W45/><G103/><T10/><D10/><U92/><E92/><N who="2" m="58663" /><F91/><N who="3" m="53623" /><G46/><T101/><D101/><N who="1" m="62775" /><E70/><V38/><F38/><W25/><G25/><T71/><D71/><U112/><E112/><V2/><F2/><W17/><G17/><T87/><D87/><U119/><E119/><V130/><F130/><W125/><N who="3" m="47667" /><W14/><DORA hai="12" /><G14/><T31/><D31/><U48/><E48/><V96/><F49/><W88/><G88/><T95/><D95/><U58/><E58/><V26/><F96/><W51/><G51/><T23/><D23/><AGARI ba="0,0" hai="23,24,28,45,47,57,61,67" m="53623,47667" machi="23" ten="40,1300,0" yaku="18,1" doraHai="74,12" who="3" fromWho="0" sc="260,-13,280,0,240,0,220,13" /><INIT seed="5,0,0,3,3,91" ten="247,280,240,233" oya="1" hai0="27,6,71,134,47,96,34,81,49,67,115,122,117" hai1="32,73,52,107,24,72,25,97,86,68,54,43,121" hai2="35,118,82,23,30,15,129,7,102,85,41,57,101" hai3="63,66,64,112,61,36,0,62,40,104,1,56,126"/><U21/><E121/><V29/><F129/><W58/><G112/><T127/><D117/><U124/><E68/><V65/><F118/><W26/><G104/><T12/><D115/><U2/><E2/><V100/><F35/><W123/><G123/><T83/><D122/><U51/><E32/><V18/><F41/><W128/><G128/><T88/><D127/><U22/><E43/><V90/><F7/><W105/><G105/><T44/><D134/><U4/><E4/><V131/><F131/><W113/><G113/><T93/><D44/><U77/><E107/><V14/><F14/><W79/><G79/><T119/><D119/><U109/><E97/><V48/><F65/><W33/><G62/><T95/><D67/><U94/><E77/><V60/><F60/><W59/><G56/><T11/><D71/><U39/><E86/><V5/><F5/><W135/><G135/><T17/><D95/><U87/><E87/><V45/><F45/><W70/><G70/><T38/><D38/><U133/><E133/><V132/><F132/><W108/><G108/><T69/><D69/><U92/><E51/><V74/><F74/><W53/><G126/><T55/><D34/><U20/><E124/><V80/><F80/><W116/><G116/><T9/><D27/><U89/><E39/><V46/><F46/><N who="3" m="23815" /><G66/><T75/><D75/><U84/><E109/><V28/><F48/><W16/><G33/><T31/><D31/><U114/><E114/><V111/><F111/><W8/><G26/><N who="1" m="10346" /><E94/><V110/><F110/><W76/><G76/><T106/><D106/><U125/><E125/><RYUUKYOKU ba="0,0" sc="247,0,280,0,240,0,233,0" hai0="6,9,11,12,17,47,49,55,81,83,88,93,96" hai1="20,21,22,52,54,72,73,84,89,92" hai2="15,18,23,28,29,30,57,82,85,90,100,101,102" hai3="0,1,8,16,53,58,59,61,63,64" /><INIT seed="5,1,0,3,0,70" ten="247,280,240,233" oya="1" hai0="23,130,68,123,5,26,2,67,60,110,93,40,28" hai1="46,89,57,63,90,126,37,10,103,9,43,72,0" hai2="98,86,14,109,113,59,118,33,121,11,107,16,104" hai3="19,125,129,134,117,52,111,115,119,73,4,96,77"/><U27/><E72/><V124/><F109/><W64/><G111/><T83/><D110/><U82/><E126/><V8/><F118/><N who="3" m="45067" /><G125/><T15/><D130/><U106/><E27/><V131/><F124/><W76/><G129/><T92/><D123/><U45/><E45/><V54/><F131/><W91/><G115/><T102/><D102/><U74/><E10/><V29/><F121/><W75/><G64/><T81/><D40/><U94/><E94/><V79/><F113/><W97/><G4/><T84/><D2/><U20/><E20/><V105/><F11/><W88/><G52/><T1/><D1/><U17/><E17/><V78/><F98/><N who="3" m="37995" /><G19/><T85/><D5/><N who="1" m="1191" /><E106/><V50/><REACH who="2" step="1"/><F86/><REACH who="2" ten="247,280,230,233" step="2"/><W7/><G134/><T35/><D85/><U61/><E103/><V100/><F100/><W80/><G7/><T133/><D84/><U132/><E132/><V108/><F108/><W127/><G127/><T21/><D133/><U22/><E74/><V39/><F39/><W48/><G48/><T71/><D83/><AGARI ba="1,1" hai="73,75,76,77,80,83,88,91" m="37995,45067" machi="83" ten="30,7700,0" yaku="12,1,34,2,54,1" doraHai="70" who="3" fromWho="0" sc="247,-80,280,0,230,0,233,90" owari="167,-33.3,280,8.0,230,-17.0,323,42.3" /></mjloggm>