<mjloggm ver="2.3"><GO type="225" lobby="0"/><UN n0="%E3%81%99%E3%81%84%E3%81%BE%E3%81%9B%E3%83%BC%E3%82%93" n1="%E3%81%B5%E3%81%98%E3%81%8B%E3%81%A4" n2="%72%69%6F%75%63%68%61%6E" n3="%61%67%65%48%61" dan="18,16,16,16" rate="2240.31,2187.62,2144.48,2114.76" sx="M,M,M,M"/><TAIKYOKU oya="0"/><INIT seed="0,0,0,5,2,12" ten="250,250,250,250" oya="0" hai0="123,41,21,46,75,57,27,89,43,22,108,103,47" hai1="115,59,62,102,127,38,133,17,91,114,116,119,83" hai2="88,14,3,70,73,10,121,82,6,74,37,104,1" hai3="53,28,66,84,13,24,87,129,90,36,85,7,86"/><T92/><D123/><U55/><E102/><V49/><F121/><W101/><G36/><T23/><D75/><U93/><E38/><V131/><F37/><W56/><G129/><T109/><D103/><U80/><E127/><V67/><F131/><W29/><G66/><T96/><D57/><U97/><E133/><V19/><F104/><W98/><G7/><T16/><D47/><U39/><E39/><V0/><F49/><W125/><G125/><T50/><D43/><U25/><E119/><V94/><F82/><W111/><G111/><AGARI ba="0,0" hai="16,21,22,23,27,41,46,50,89,92,96,108,109,111" machi="111" ten="40,12000,1" yaku="14,1,10,1,52,1,54,1" doraHai="12" who="0" fromWho="3" sc="250,120,250,0,250,0,250,-120" /><INIT seed="0,1,0,1,1,90" ten="370,250,250,130" oya="0" hai0="77,116,60,108,25,106,81,97,22,80,49,70,61" hai1="98,131,126,124,122,24,75,88,18,84,58,39,121" hai2="107,65,23,114,69,119,134,26,55,101,135,37,20" hai3="19,21,57,118,14,31,27,85,112,45,87,40,50"/><T2/><D116/><U41/><E75/><V12/><F114/><W123/><G112/><T56/><D2/><U1/><E1/><V38/><F119/><W66/><G123/><T28/><D108/><U76/><E131/><V47/><F12/><W132/><G132/><N who="2" m="50729" /><F20/><W79/><G118/><T71/><D49/><U43/><E58/><V109/><F109/><W103/><G103/><T13/><D13/><U6/><E6/><V95/><F107/><W59/><G79/><T102/><D61/><U63/><E63/><N who="2" m="40127" /><F55/><W16/><G66/><T127/><D81/><U104/><E76/><V113/><F113/><W130/><G130/><T133/><D127/><N who="1" m="48683" /><E104/><V29/><F47/><W67/><G19/><T5/><D5/><U54/><E54/><V33/><F33/><W82/><G67/><T64/><REACH who="0" step="1"/><D133/><REACH who="0" ten="360,250,250,130" step="2"/><U117/><E117/><V11/><F11/><W53/><G82/><T74/><AGARI ba="1,1" hai="22,25,28,56,60,64,70,71,74,77,80,97,102,106" machi="74" ten="20,12000,1" yaku="1,1,2,1,0,1,7,1,53,1" doraHai="90" doraHaiUra="78" who="0" fromWho="0" sc="360,133,250,-41,250,-41,130,-41" /><INIT seed="0,2,0,5,4,4" ten="493,209,209,89" oya="0" hai0="104,35,91,7,1,52,11,129,115,107,55,100,117" hai1="80,10,32,27,60,71,102,103,31,69,105,63,76" hai2="33,42,125,123,0,16,57,2,24,47,97,13,134" hai3="25,92,65,112,22,38,84,41,75,118,23,111,30"/><T120/><D115/><U88/><E63/><V94/><F123/><W44/><G112/><T59/><D120/><U58/><E88/><V49/><F125/><W74/><G118/><T131/><D117/><U5/><E105/><N who="0" m="40521" /><D35/><U108/><E108/><V81/><F134/><W19/><G111/><T56/><D100/><U116/><E116/><V132/><F132/><W82/><G92/><T95/><D56/><U9/><E103/><V77/><F57/><W64/><G75/><T121/><D59/><U101/><E101/><V113/><F113/><W66/><G74/><T72/><D72/><U37/><E102/><N who="2" m="60727" /><F0/><W3/><G3/><T96/><D121/><U21/><E32/><V20/><F2/><W133/><G133/><T106/><D106/><U119/><E119/><V12/><F33/><W109/><G109/><T51/><D51/><U46/><E46/><V124/><F124/><W54/><G54/><T98/><D98/><U126/><E37/><V6/><F6/><W89/><REACH who="3" step="1"/><G64/><REACH who="3" ten="493,209,209,79" step="2"/><T127/><D127/><U43/><E126/><V110/><F110/><W70/><G70/><T122/><D122/><U93/><E71/><V86/><AGARI ba="2,1" hai="12,13,16,20,24,42,47,49,77,81,86" m="60727" machi="86" ten="30,2000,0" yaku="8,1,54,1" doraHai="4" who="2" fromWho="2" sc="493,-12,209,-7,209,36,79,-7" /><INIT seed="1,0,0,4,0,17" ten="481,202,245,72" oya="1" hai0="5,89,86,84,18,111,50,98,118,120,99,94,35" hai1="10,134,110,96,33,58,42,24,114,46,43,25,69" hai2="8,115,19,81,126,104,127,67,61,123,13,34,82" hai3="80,44,1,103,29,14,93,60,125,108,65,107,113"/><U63/><E114/><V102/><F123/><W109/><G113/><T72/><D118/><U21/><E134/><V40/><F115/><W132/><G1/><T41/><D72/><U122/><E122/><V76/><F34/><W54/><G132/><T106/><D111/><U62/><E110/><V57/><F40/><W83/><G125/><N who="2" m="47625" /><F76/><W66/><G107/><T121/><D35/><U2/><E69/><V56/><F57/><W16/><G29/><T28/><D28/><U47/><E96/><AGARI ba="0,0" hai="8,13,19,56,61,67,81,82,96,102,104" m="47625" machi="96" ten="30,1000,0" yaku="18,1" doraHai="17" who="2" fromWho="1" sc="481,0,202,-10,245,10,72,0" /><INIT seed="2,0,0,0,3,117" ten="481,192,255,72" oya="2" hai0="67,32,9,5,24,77,31,132,38,61,83,68,29" hai1="25,90,41,12,85,1,48,98,134,14,127,126,131" hai2="20,99,6,70,13,64,37,133,21,74,121,113,114" hai3="47,106,26,78,2,116,49,17,52,46,63,101,79"/><V51/><F121/><W16/><G116/><T84/><D38/><U75/><E75/><V91/><F37/><W7/><G106/><T56/><D31/><U111/><E1/><V55/><F74/><W103/><G2/><T50/><D132/><U66/><E134/><V43/><F43/><W107/><G7/><T124/><D124/><N who="1" m="47659" /><E131/><V22/><F133/><W130/><G130/><T97/><D97/><U19/><E66/><V135/><F135/><W8/><G107/><T69/><D50/><U96/><E25/><V87/><F99/><N who="1" m="37929" /><E19/><V18/><F6/><W27/><G49/><T104/><D104/><U122/><E122/><V108/><F108/><W35/><G35/><T118/><D118/><U11/><E11/><V30/><F70/><W15/><G8/><T40/><D40/><U123/><E111/><V36/><F64/><W45/><G15/><AGARI ba="0,0" hai="5,9,15,24,29,32,56,61,67,68,69,77,83,84" machi="15" ten="30,1000,0" yaku="7,1" doraHai="117" who="0" fromWho="3" sc="481,10,192,0,255,0,72,-10" /><INIT seed="3,0,0,3,5,99" ten="491,192,255,62" oya="3" hai0="72,67,130,54,31,79,46,57,0,69,51,13,61" hai1="95,93,81,60,120,78,68,74,127,45,6,77,88" hai2="103,108,19,29,4,21,116,53,48,23,122,62,66" hai3="132,32,104,113,41,106,110,10,2,22,36,16,25"/><W80/><G113/><T128/><D0/><U64/><E127/><V90/><F116/><W101/><G132/><T94/><D31/><U123/><E6/><V17/><F108/><W71/><G110/><T89/><D13/><U50/><E78/><V111/><F111/><W84/><G71/><T11/><D11/><U134/><E95/><V1/><F122/><W15/><G36/><T8/><D8/><U97/><REACH who="1" step="1"/><E134/><REACH who="1" ten="491,182,255,62" step="2"/><V26/><F4/><N who="3" m="1303" /><G41/><AGARI ba="0,1" hai="41,45,50,60,64,68,74,77,81,88,93,97,120,123" machi="41" ten="30,8000,1" yaku="1,1,7,1,54,1,53,2" doraHai="99" doraHaiUra="117" who="1" fromWho="3" sc="491,0,182,90,255,0,62,-80" owari="491,59.1,272,7.2,255,-14.5,-18,-51.8" /></mjloggm>