<mjloggm ver="2.3"><GO type="225" lobby="0"/><UN n0="%E5%B5%90%E9%9B%B2%E3%81%AE%E3%82%AB%E3%83%A9%E3%82%B9" n1="%E3%82%B7%E3%83%B3%E5%A4%AA%E6%9C%97" n2="%48%61%61%61%6C%61%6E%64" n3="%E6%B8%A9%E2%98%85%E6%83%85%E2%98%85%E6%8E%AA%E2%98%85%E7%BD%AE" dan="16,16,18,17" rate="2082.69,2141.33,2287.46,2200.64" sx="F,M,M,M"/><TAIKYOKU oya="0"/><INIT seed="0,0,0,5,1,6" ten="250,250,250,250" oya="0" hai0="32,87,42,63,59,31,95,37,21,27,36,47,103" hai1="48,17,94,14,16,61,112,52,50,90,73,78,104" hai2="77,62,44,86,54,5,85,89,75,125,9,130,23" hai3="60,119,122,84,58,10,133,20,41,2,107,43,79"/><T46/><D32/><U100/><E112/><V67/><F125/><W65/><G119/><T51/><D46/><U19/><E104/><V68/><F130/><W64/><G133/><T93/><D93/><U39/><E39/><V0/><F23/><W66/><G122/><T92/><D92/><U115/><E115/><V128/><F128/><W8/><G2/><T82/><D82/><U71/><E100/><V81/><REACH who="2" step="1"/><F89/><REACH who="2" ten="250,250,240,250" step="2"/><W28/><G107/><T101/><D101/><U40/><E90/><V131/><F131/><W33/><G33/><T123/><D123/><U97/><E97/><V129/><F129/><W102/><G102/><T88/><REACH who="0" step="1"/><D103/><REACH who="0" ten="240,250,240,250" step="2"/><U105/><E105/><V110/><F110/><W3/><G79/><T35/><D35/><U118/><E78/><V124/><F124/><W29/><G20/><T11/><D11/><U26/><E118/><V83/><F83/><W70/><G10/><T34/><D34/><U116/><E116/><V30/><F30/><W126/><G126/><T12/><D12/><U7/><E14/><V25/><F25/><W113/><G113/><T15/><D15/><U72/><E94/><V135/><F135/><W121/><G121/><T55/><AGARI ba="0,2" hai="21,27,31,36,37,42,47,51,55,59,63,87,88,95" machi="55" ten="20,7800,0" yaku="1,1,0,1,7,1,54,1,53,0" doraHai="6" doraHaiUra="132" who="0" fromWho="0" sc="240,98,250,-26,240,-26,250,-26" /><INIT seed="0,1,0,4,4,1" ten="338,224,214,224" oya="0" hai0="106,122,81,53,31,82,94,4,42,99,32,10,25" hai1="74,60,83,62,65,27,119,12,20,35,50,59,79" hai2="63,34,85,125,72,110,45,78,11,97,96,131,71" hai3="107,126,95,15,86,0,14,7,84,88,70,57,3"/><T87/><D106/><U89/><E119/><V58/><F110/><W22/><G70/><T49/><D42/><U80/><E35/><V5/><F125/><W54/><G107/><T111/><D87/><U128/><E128/><V67/><F34/><W77/><G126/><T16/><D122/><U127/><E127/><V135/><F131/><W40/><G40/><T91/><D16/><U17/><E50/><V130/><F130/><W28/><G3/><T47/><REACH who="0" step="1"/><D111/><REACH who="0" ten="328,224,214,224" step="2"/><U64/><E74/><V113/><F72/><W123/><G123/><T120/><D120/><U75/><E75/><V68/><F85/><W66/><G86/><T134/><D134/><U48/><E79/><V76/><F135/><W8/><G77/><T114/><D114/><U13/><E83/><V90/><F113/><W102/><G84/><T55/><D55/><U117/><E80/><V61/><F78/><W103/><G54/><T121/><D121/><U105/><E105/><V104/><F76/><W18/><G18/><T133/><D133/><U116/><E17/><V38/><F104/><W43/><G43/><T51/><D51/><U115/><E48/><V23/><F38/><W29/><G95/><T93/><D93/><U33/><E115/><V9/><F96/><W112/><G112/><T26/><D26/><U44/><E27/><V124/><F124/><W98/><G98/><T108/><D108/><U69/><E116/><V109/><F109/><W19/><G19/><T101/><D101/><U52/><E117/><V56/><F97/><W24/><G103/><T37/><D37/><U118/><E118/><RYUUKYOKU ba="1,1" sc="328,30,224,-10,214,-10,224,-10" hai0="4,10,25,31,32,47,49,53,81,82,91,94,99" /><INIT seed="0,2,1,3,3,45" ten="358,214,204,214" oya="0" hai0="36,15,50,29,22,69,99,65,90,32,111,44,118" hai1="55,19,135,66,26,1,79,54,108,2,13,127,126" hai2="53,38,59,23,110,70,114,5,60,131,89,63,122" hai3="73,71,43,117,67,10,92,101,94,86,113,37,107"/><T49/><D118/><U21/><E108/><V96/><F122/><W14/><G117/><T3/><D3/><U98/><E66/><V115/><F38/><W17/><G73/><T82/><D32/><U100/><E79/><V62/><F110/><W85/><G113/><T76/><D111/><U68/><E68/><V47/><F131/><W39/><G107/><T58/><D69/><U112/><E112/><V56/><F70/><W12/><G43/><T116/><D116/><U25/><E135/><V64/><F5/><W134/><G134/><T61/><D36/><U103/><E13/><V102/><F89/><W132/><G132/><T93/><D44/><U0/><E25/><V128/><F128/><W124/><G67/><T7/><D29/><U33/><E33/><V123/><F123/><W130/><G71/><T41/><D41/><U6/><E6/><V48/><F23/><W78/><G130/><T72/><REACH who="0" step="1"/><D22/><REACH who="0" ten="348,214,204,214" step="2"/><U120/><E120/><V57/><REACH who="2" step="1"/><F64/><REACH who="2" ten="348,214,194,214" step="2"/><W34/><G39/><T9/><AGARI ba="2,3" hai="7,9,15,49,50,58,61,65,72,76,82,90,93,99" machi="9" ten="30,18000,2" yaku="1,1,2,1,0,1,52,2,53,1" doraHai="45" doraHaiUra="77" who="0" fromWho="0" sc="348,216,214,-62,194,-62,214,-62" /><INIT seed="0,3,0,1,3,120" ten="564,152,132,152" oya="0" hai0="43,111,5,71,34,28,64,109,20,30,113,86,15" hai1="54,39,134,51,79,17,60,59,36,77,112,88,19" hai2="105,62,97,57,46,66,115,126,33,29,14,10,102" hai3="118,74,9,50,135,18,42,114,4,56,2,110,3"/><T127/><D127/><U99/><E112/><V125/><F115/><W68/><G68/><T55/><D113/><U119/><E119/><V45/><F29/><W67/><G114/><T49/><D43/><U16/><E134/><V63/><F33/><W6/><G118/><T104/><D104/><U94/><E36/><V117/><F117/><W108/><G74/><T41/><D41/><U100/><E39/><V76/><F76/><W53/><G135/><T81/><D34/><U69/><E69/><V132/><F132/><W61/><G18/><N who="0" m="10335" /><D5/><U84/><REACH who="1" step="1"/><E60/><REACH who="1" ten="564,142,132,152" step="2"/><V82/><F62/><W73/><G73/><T130/><D71/><U58/><E58/><V24/><F125/><W47/><G67/><T129/><D64/><U37/><E37/><V106/><F126/><W25/><G25/><T23/><D129/><U101/><E101/><V8/><F24/><W11/><AGARI ba="3,1" hai="2,3,4,6,9,11,42,47,50,53,56,61,108,110" machi="11" ten="30,7900,0" yaku="0,1,9,1,52,2" doraHai="120" who="3" fromWho="3" sc="564,-42,142,-23,132,-23,152,98" /><INIT seed="1,0,0,0,5,53" ten="522,119,109,250" oya="1" hai0="82,65,47,10,8,112,79,120,83,107,60,40,70" hai1="114,22,133,37,32,21,110,17,16,52,13,90,29" hai2="74,117,44,93,128,113,98,131,46,135,109,42,15" hai3="23,96,67,76,50,61,18,134,94,63,14,118,105"/><U6/><E37/><V87/><F117/><W91/><G134/><T68/><D112/><U0/><E114/><V27/><F113/><W5/><G118/><T19/><D107/><U45/><E133/><V35/><F74/><W31/><G105/><T81/><D70/><U57/><E110/><V59/><F135/><W125/><G125/><T71/><D71/><U72/><E72/><V121/><F121/><W55/><G76/><T129/><D129/><N who="2" m="49738" /><F87/><W33/><G5/><T84/><D120/><U49/><E32/><V64/><F15/><W115/><G115/><T66/><D66/><U101/><E101/><N who="2" m="60623" /><F109/><W92/><G31/><T126/><D126/><U75/><E75/><V111/><F111/><W48/><G33/><T106/><D106/><U36/><E0/><V85/><F85/><W103/><G94/><T12/><D10/><N who="1" m="4311" /><E36/><AGARI ba="0,0" hai="8,12,19,36,40,47,60,65,68,79,81,82,83,84" machi="36" ten="30,1000,0" yaku="7,1" doraHai="53" who="0" fromWho="1" sc="522,10,119,-10,109,0,250,0" /><INIT seed="2,0,0,4,5,72" ten="532,109,109,250" oya="2" hai0="78,131,49,116,126,15,88,16,17,87,19,107,102" hai1="96,89,9,6,94,36,42,75,21,121,76,67,95" hai2="64,103,11,109,77,120,63,7,79,69,35,125,54" hai3="73,2,92,48,30,80,0,118,124,41,61,29,132"/><V104/><F120/><W85/><G73/><T45/><D131/><U22/><E121/><V83/><F125/><W43/><G118/><T50/><D126/><U93/><E67/><V14/><F109/><W39/><G39/><T37/><D37/><U26/><E22/><V52/><F35/><W46/><G124/><T99/><D78/><U62/><E62/><V53/><REACH who="2" step="1"/><F83/><REACH who="2" ten="532,109,99,250" step="2"/><W20/><G80/><T106/><D116/><U12/><E36/><V38/><F38/><W128/><G128/><T51/><D45/><U56/><E42/><V135/><F135/><W84/><G46/><T24/><D51/><U25/><E56/><V18/><F18/><W110/><G48/><T115/><D50/><U105/><E26/><V3/><F3/><W82/><G82/><T58/><D49/><U119/><E119/><V71/><F71/><W117/><G117/><T70/><D24/><U91/><E75/><V44/><F44/><W5/><G132/><T114/><D70/><U100/><REACH who="1" step="1"/><E76/><REACH who="1" ten="532,99,99,250" step="2"/><V101/><F101/><W111/><G43/><T113/><D58/><U108/><E108/><V122/><F122/><W1/><G41/><T33/><D33/><U13/><E13/><V90/><F90/><W4/><G2/><T65/><D15/><U66/><E66/><V112/><F112/><W60/><G1/><T68/><D65/><U127/><E127/><V55/><N who="2" m="13312" /><DORA hai="28" /><V47/><F47/><W123/><G0/><T97/><D68/><U32/><E32/><V98/><AGARI ba="0,2" hai="7,11,14,63,64,69,77,79,98,103,104" m="13312" machi="98" ten="40,12000,1" yaku="1,1,0,1,52,2,54,1,53,0" doraHai="72,28" doraHaiUra="134,34" who="2" fromWho="2" sc="532,-40,99,-40,99,140,250,-40" /><INIT seed="2,1,0,0,0,90" ten="492,59,239,210" oya="2" hai0="26,47,100,35,128,37,69,108,25,99,110,126,5" hai1="4,109,65,133,24,67,77,96,12,112,28,32,10" hai2="111,36,88,31,89,52,113,23,72,68,81,119,34" hai3="46,13,64,101,58,80,135,62,82,129,107,94,59"/><V53/><F113/><W1/><G1/><T54/><D128/><U93/><E109/><N who="0" m="42089" /><D126/><U48/><E133/><V85/><F111/><W43/><G107/><T21/><D69/><U55/><E112/><V29/><F119/><W124/><G124/><T50/><D35/><U117/><E77/><V97/><F72/><W3/><G3/><T74/><D5/><U104/><E104/><V30/><F34/><W71/><G135/><T11/><D11/><U20/><E32/><V56/><F68/><W17/><G129/><T22/><D37/><U76/><E76/><V19/><F36/><W73/><G73/><T70/><D70/><U92/><E117/><V103/><F89/><W2/><G2/><T115/><D74/><U49/><E49/><V7/><F7/><W16/><G17/><T114/><D115/><U134/><E134/><V95/><F56/><W66/><G71/><T86/><D86/><U14/><E12/><AGARI ba="1,0" hai="12,19,23,29,30,31,52,53,81,85,88,95,97,103" machi="12" ten="40,12000,1" yaku="8,1,52,1,54,2" doraHai="90" who="2" fromWho="1" sc="492,0,59,-123,239,123,210,0" owari="492,59.2,-64,-56.4,362,16.2,210,-19.0" /></mjloggm>