<mjloggm ver="2.3"><GO type="225" lobby="0"/><UN n0="%E6%A1%9C%E8%8A%B1%E9%96%83%E3%80%85" n1="%6D%6F%6E%63%68%69" n2="%61%6D%65%6B%69" n3="%E7%90%B4%E6%9F%B3" dan="17,16,16,16" rate="2256.61,2029.40,2081.32,2125.41" sx="M,M,M,F"/><TAIKYOKU oya="0"/><INIT seed="0,0,0,5,0,66" ten="250,250,250,250" oya="0" hai0="40,18,87,105,7,65,16,10,112,8,132,25,43" hai1="101,127,17,133,74,110,111,118,32,61,15,94,88" hai2="123,91,34,76,75,19,5,3,98,83,60,77,117" hai3="125,114,31,29,59,46,93,70,1,51,85,13,4"/><T78/><D112/><U86/><E32/><V57/><F123/><W33/><G1/><T42/><D105/><U21/><E74/><V131/><F34/><W107/><G107/><T129/><D129/><U103/><E118/><V22/><F117/><W81/><G70/><T28/><D132/><U62/><E133/><V44/><F77/><W113/><G125/><T50/><D65/><U55/><E127/><V106/><F44/><W26/><G31/><T0/><D50/><U104/><E55/><V99/><F131/><W73/><G73/><T38/><D10/><U58/><E104/><V130/><F91/><W53/><G59/><T90/><D78/><U30/><E30/><V36/><F36/><W122/><G93/><T119/><D38/><U109/><REACH who="1" step="1"/><E58/><REACH who="1" ten="250,240,250,250" step="2"/><V52/><F130/><W102/><G29/><T92/><REACH who="0" step="1"/><D119/><REACH who="0" ten="240,240,250,250" step="2"/><U97/><E97/><V96/><F106/><W115/><G114/><T134/><D134/><U64/><E64/><V100/><F99/><W2/><G115/><T79/><D79/><U14/><E14/><V24/><F100/><AGARI ba="0,2" hai="15,17,21,61,62,86,88,94,100,101,103,109,110,111" machi="100" ten="40,8000,1" yaku="1,1,14,1,54,1,53,1" doraHai="66" doraHaiUra="80" who="1" fromWho="2" sc="240,0,240,100,250,-80,250,0" /><INIT seed="1,0,0,5,2,105" ten="240,340,170,250" oya="1" hai0="84,39,15,33,40,85,29,45,117,77,130,52,9" hai1="22,44,101,65,41,54,7,70,69,27,119,30,135" hai2="114,48,86,113,26,97,133,51,5,98,24,66,100" hai3="90,109,61,96,107,35,4,108,112,49,0,99,78"/><U28/><E119/><V118/><F118/><W80/><G35/><T56/><D117/><U134/><E30/><V75/><F133/><N who="1" m="50697" /><E65/><V71/><F71/><N who="1" m="27145" /><E101/><V124/><F66/><W37/><G37/><BYE who="3" /><T12/><D130/><U122/><E7/><V67/><F67/><W1/><G1/><T55/><D12/><UN n3="%E7%90%B4%E6%9F%B3" /><U38/><E54/><V58/><F5/><W36/><G4/><T111/><D55/><U46/><E46/><V20/><F100/><W23/><G0/><T115/><D29/><U106/><E106/><V129/><F129/><W53/><G36/><T103/><D103/><U102/><E102/><V16/><F58/><W110/><G107/><T50/><D33/><U11/><E11/><V68/><F68/><W104/><G104/><T21/><D9/><U132/><E132/><V3/><F3/><W120/><G23/><T32/><D32/><U123/><AGARI ba="0,0" hai="22,27,28,38,41,44,122,123" m="27145,50697" machi="123" ten="40,2100,0" yaku="20,1" doraHai="105" who="1" fromWho="1" sc="240,-7,340,21,170,-7,250,-7" /><INIT seed="1,1,0,1,2,31" ten="233,361,163,243" oya="1" hai0="106,59,50,0,126,54,1,16,121,105,135,41,78" hai1="67,52,70,119,33,116,28,37,131,120,12,9,83" hai2="20,5,124,35,72,69,109,111,36,61,112,57,129" hai3="38,107,118,92,89,123,114,63,56,85,48,87,108"/><U39/><E120/><V44/><F72/><W115/><G38/><T30/><D121/><U7/><E83/><V88/><F5/><W64/><G123/><T42/><D30/><U43/><E43/><N who="2" m="22631" /><F20/><W49/><G107/><T18/><D126/><U58/><E131/><V15/><F15/><W77/><G108/><N who="2" m="41545" /><F88/><W86/><G118/><T103/><D78/><U80/><E116/><V14/><F14/><W66/><G66/><T68/><D103/><U79/><E119/><V47/><F35/><W125/><G125/><T22/><D22/><U110/><E67/><N who="2" m="41199" /><F124/><W21/><G77/><T132/><D18/><U101/><E70/><V74/><F74/><W4/><G4/><T90/><D16/><U113/><E101/><V75/><F75/><W84/><G21/><T24/><D90/><U65/><E80/><V3/><F3/><W25/><G25/><T97/><D24/><N who="1" m="18567" /><E79/><V23/><F23/><W6/><G6/><T122/><D68/><U91/><E91/><V17/><F17/><W96/><N who="3" m="21504" /><DORA hai="10" /><W55/><G89/><T128/><D122/><U8/><E8/><V29/><F29/><W13/><G13/><T102/><D0/><U93/><E93/><V60/><F47/><N who="3" m="28063" /><G92/><N who="0" m="58663" /><D1/><U32/><E32/><V40/><F40/><W134/><G96/><T11/><D11/><U62/><E110/><V51/><F129/><W27/><G27/><T45/><D128/><U100/><E100/><V127/><F127/><W26/><G26/><T130/><D130/><U73/><E73/><V117/><F117/><W98/><G98/><T81/><D106/><U19/><E7/><RYUUKYOKU ba="1,0" sc="233,0,361,0,163,0,243,0" /><INIT seed="2,2,0,1,2,68" ten="233,361,163,243" oya="2" hai0="24,79,75,65,38,71,29,20,1,113,34,12,57" hai1="51,89,112,17,77,90,31,23,126,94,127,92,0" hai2="84,19,109,106,133,58,3,107,64,30,82,108,125" hai3="99,61,47,86,33,59,120,16,46,27,110,50,78"/><V102/><F3/><W26/><G120/><T45/><D113/><U53/><E31/><V5/><F5/><W36/><G110/><N who="2" m="42601" /><F30/><W10/><G33/><T56/><D71/><U7/><E77/><N who="2" m="46159" /><F125/><N who="1" m="47625" /><E112/><V72/><F72/><W49/><G36/><T6/><D65/><U70/><E70/><V8/><F133/><W98/><G78/><T11/><D79/><U80/><E80/><V73/><F73/><W67/><G86/><T124/><D75/><U104/><E104/><N who="2" m="39979" /><F102/><W121/><G27/><T103/><D103/><U9/><E94/><V114/><F114/><W52/><G121/><T54/><D124/><U60/><E92/><V93/><F93/><W15/><G26/><T40/><D54/><AGARI ba="2,0" hai="10,15,16,46,47,49,50,52,54,59,61,67,98,99" machi="54" ten="30,8000,1" yaku="7,1,9,1,8,1,54,2" doraHai="68" who="3" fromWho="0" sc="233,-86,361,0,163,0,243,86" /><INIT seed="3,0,0,0,2,16" ten="147,361,163,329" oya="3" hai0="14,46,114,60,63,51,52,71,30,113,4,13,27" hai1="103,35,0,68,29,105,115,128,39,40,47,31,45" hai2="25,93,92,89,124,75,37,111,59,6,121,2,131" hai3="17,99,134,70,48,32,127,24,55,74,85,86,36"/><W125/><G74/><T62/><D71/><U23/><E23/><V101/><F37/><W64/><G36/><T130/><D130/><U112/><E47/><V81/><F111/><W117/><G117/><T18/><D4/><U79/><E29/><V22/><F121/><W109/><G64/><T94/><D94/><N who="2" m="36458" /><F75/><W65/><G65/><T33/><REACH who="0" step="1"/><D13/><REACH who="0" ten="137,361,163,329" step="2"/><U72/><E128/><V20/><F131/><W42/><G70/><T100/><D100/><U10/><E68/><V90/><F2/><W67/><G109/><T1/><D1/><U97/><E0/><V61/><F6/><W96/><G134/><T58/><D58/><U108/><E108/><V66/><F124/><N who="3" m="47691" /><G67/><T119/><D119/><U69/><E69/><V78/><F101/><W41/><G32/><T87/><D87/><N who="3" m="33289" /><G24/><T8/><AGARI ba="0,1" hai="8,14,18,27,30,33,46,51,52,60,62,63,113,114" machi="8" ten="30,7900,0" yaku="1,1,0,1,54,1,53,1" doraHai="16" doraHaiUra="28" who="0" fromWho="0" sc="137,89,361,-20,163,-20,329,-39" owari="226,-17.4,341,44.1,143,-35.7,290,9.0" /></mjloggm>