<mjloggm ver="2.3"><GO type="225" lobby="0"/><UN n0="%E3%83%AD%E3%83%83%E3%83%86%E9%9B%80%E7%90%83" n1="%E6%A0%B9%E5%85%83%E3%81%8B%E3%82%89%E5%90%B9%E3%81%A3%E9%A3%9B%E3%81%B6" n2="%E3%81%AF%E3%82%88%E3%81%8A%E3%81%98%E3%81%95%E3%82%93" n3="%E6%A1%9C%E8%8A%B1%E9%96%83%E3%80%85" dan="17,16,16,18" rate="2151.23,2161.61,2155.58,2221.74" sx="M,F,M,M"/><TAIKYOKU oya="0"/><INIT seed="0,0,0,5,3,69" ten="250,250,250,250" oya="0" hai0="51,129,49,67,76,119,37,127,40,30,134,102,62" hai1="20,103,14,132,81,109,52,47,34,56,125,82,36" hai2="75,12,63,54,73,124,31,66,57,106,100,96,3" hai3="105,59,111,107,72,120,117,19,133,9,25,1,88"/><T27/><D119/><U28/><E109/><V87/><F3/><W48/><G117/><T7/><D127/><U114/><E125/><V29/><F124/><W10/><G72/><T42/><D134/><U126/><E126/><V43/><F43/><W83/><G111/><T15/><D129/><U70/><E70/><V91/><F75/><W4/><G133/><T112/><D112/><U35/><E114/><V44/><F73/><W24/><G24/><T104/><D76/><U84/><E103/><V11/><F66/><W115/><G115/><T122/><D15/><U95/><E95/><V18/><REACH who="2" step="1"/><F44/><REACH who="2" ten="250,250,240,250" step="2"/><W55/><G120/><T116/><D42/><U2/><E47/><V99/><F99/><W71/><G71/><T97/><D122/><U135/><E2/><V0/><F0/><W13/><REACH who="3" step="1"/><G25/><REACH who="3" ten="250,250,240,240" step="2"/><T101/><D27/><N who="1" m="16487" /><E135/><V121/><F121/><W26/><G26/><T110/><D110/><U78/><E132/><V17/><F17/><W23/><G23/><T22/><D22/><U33/><E33/><V94/><AGARI ba="0,2" hai="11,12,18,29,31,54,57,63,87,91,94,96,100,106" machi="94" ten="20,2700,0" yaku="1,1,0,1,7,1,53,0" doraHai="69" doraHaiUra="41" who="2" fromWho="2" sc="250,-13,250,-7,240,47,240,-7" /><INIT seed="1,0,0,4,2,35" ten="237,243,287,233" oya="1" hai0="56,60,28,2,92,69,37,133,14,91,85,11,3" hai1="101,0,20,134,119,88,130,99,4,42,23,12,74" hai2="46,31,8,18,45,110,94,16,38,86,36,22,83" hai3="100,106,107,129,29,53,84,108,47,10,15,55,6"/><U109/><E119/><V89/><F110/><W125/><G108/><T51/><D37/><U102/><E109/><V30/><F38/><W40/><G129/><T33/><D133/><U66/><E74/><V63/><F36/><W75/><G75/><T25/><D51/><U9/><E134/><V27/><F63/><W54/><G125/><T127/><D69/><U122/><E122/><V76/><F18/><W103/><G29/><N who="2" m="10761" /><F8/><W96/><G84/><AGARI ba="0,0" hai="16,22,27,45,46,76,83,84,86,89,94" m="10761" machi="84" ten="30,2000,0" yaku="8,1,54,1" doraHai="35" who="2" fromWho="3" sc="237,0,243,0,287,20,233,-20" /><INIT seed="2,0,0,0,4,39" ten="237,243,307,213" oya="2" hai0="114,106,61,41,50,24,86,68,25,35,131,85,13" hai1="75,129,108,69,42,12,96,116,31,49,19,64,46" hai2="9,65,120,58,105,112,36,10,100,71,92,14,97" hai3="95,17,67,123,117,119,6,32,4,83,21,103,5"/><V16/><F112/><W132/><G123/><T37/><D37/><U88/><E116/><V111/><F120/><W104/><G104/><T3/><D3/><U99/><E108/><V134/><F36/><W38/><G32/><T60/><D106/><U81/><E129/><V73/><F73/><W109/><G109/><T128/><D114/><U45/><E31/><V107/><F111/><W20/><G132/><T48/><D13/><U130/><E130/><V118/><F118/><W90/><G38/><T113/><D113/><U23/><E45/><V1/><F71/><W110/><G110/><T47/><D35/><U63/><REACH who="1" step="1"/><E75/><REACH who="1" ten="237,233,307,213" step="2"/><V15/><F134/><W77/><G119/><T56/><D47/><U57/><E57/><V89/><F58/><W87/><G117/><T34/><D56/><U76/><E76/><V59/><F59/><W11/><G67/><T78/><D78/><U126/><E126/><V102/><F65/><W135/><G135/><T2/><D68/><U66/><E66/><V80/><F1/><W72/><REACH who="3" step="1"/><G103/><REACH who="3" ten="237,233,307,203" step="2"/><T44/><D131/><U121/><E121/><V125/><F102/><W94/><G94/><T40/><D128/><U84/><AGARI ba="0,2" hai="12,19,23,42,46,49,63,64,69,81,84,88,96,99" machi="84" ten="30,7900,0" yaku="1,1,0,1,52,1,54,1,53,0" doraHai="39" doraHaiUra="115" who="1" fromWho="1" sc="237,-20,233,99,307,-39,203,-20" /><INIT seed="3,0,0,0,4,1" ten="217,332,268,183" oya="3" hai0="129,21,54,86,87,13,20,30,50,125,100,110,41" hai1="27,29,98,12,82,58,9,117,59,84,2,114,93" hai2="132,47,102,42,115,80,44,72,96,119,40,112,32" hai3="76,51,63,38,118,69,75,35,22,24,36,77,55"/><W89/><G118/><T17/><D110/><U18/><E2/><V65/><F32/><W64/><G35/><T45/><D125/><U81/><E114/><V108/><F119/><W123/><G123/><T31/><D129/><U11/><E9/><V62/><F108/><W5/><G89/><T107/><D107/><U46/><E46/><V37/><F132/><W130/><G130/><T43/><D100/><N who="1" m="60495" /><E117/><V91/><F91/><W116/><G116/><T34/><D34/><U104/><E104/><N who="2" m="63559" /><F72/><W3/><G38/><T6/><D6/><U25/><E82/><V71/><F80/><W52/><G36/><AGARI ba="0,0" hai="36,37,40,42,44,47,62,65,71,112,115" m="63559" machi="36" ten="30,1000,0" yaku="23,1" doraHai="1" who="2" fromWho="3" sc="217,0,332,0,268,10,183,-10" owari="217,-18.3,332,43.2,278,7.8,173,-32.7" /></mjloggm>