<mjloggm ver="2.3"><GO type="225" lobby="0"/><UN n0="%E3%81%BF%E3%81%BF%E3%81%9A" n1="%6D%75%75%6D%75%72%61" n2="%E8%A8%88%E7%AE%97%E6%A9%9F%E8%87%AA%E7%84%B6" n3="%72%69%6F%75%63%68%61%6E" dan="17,16,17,17" rate="2182.11,2087.60,2243.67,2287.95" sx="M,F,M,M"/><TAIKYOKU oya="0"/><INIT seed="0,0,0,1,0,48" ten="250,250,250,250" oya="0" hai0="123,42,60,88,24,6,80,96,12,38,120,95,114" hai1="21,17,7,130,127,102,78,90,103,122,44,84,126" hai2="134,113,62,40,19,116,50,32,109,73,110,13,115" hai3="16,53,83,117,86,52,4,72,92,79,2,36,57"/><T8/><D114/><U106/><E122/><V25/><F73/><W26/><G117/><T59/><D24/><U67/><E130/><V124/><F62/><W18/><G36/><T93/><D80/><U97/><E78/><V108/><F40/><W33/><G33/><T68/><D68/><U29/><E29/><N who="2" m="19503" /><F50/><W135/><G135/><T5/><D5/><U28/><E28/><V128/><F128/><W31/><G4/><T56/><D56/><U121/><E102/><V1/><F1/><W85/><G2/><T70/><D70/><U77/><E77/><V69/><F69/><W99/><G72/><T101/><D42/><U131/><E131/><V111/><F111/><W37/><G86/><T43/><D43/><U118/><E118/><V105/><F105/><W58/><G37/><T61/><D61/><U74/><E121/><V94/><F94/><W81/><G81/><T125/><D125/><U47/><E74/><V30/><F134/><W35/><G57/><T14/><D14/><N who="1" m="9399" /><E67/><V63/><F116/><W55/><REACH who="3" step="1"/><G58/><REACH who="3" ten="250,250,250,240" step="2"/><T133/><D38/><U64/><E7/><V10/><F124/><N who="1" m="47657" /><E64/><V104/><F113/><W49/><G49/><T0/><D133/><U39/><E39/><V98/><F115/><W22/><G22/><T75/><D75/><U119/><E119/><V66/><F66/><W132/><G132/><T51/><D0/><U41/><E41/><V20/><F108/><W11/><G11/><T46/><D59/><U100/><E47/><V3/><F3/><W45/><G45/><T87/><D60/><U15/><E44/><V91/><F109/><RYUUKYOKU ba="0,1" sc="250,15,250,-15,250,-15,240,15" hai0="6,8,12,46,51,87,88,93,95,96,101,120,123" hai3="16,18,26,31,35,52,53,55,79,83,85,92,99" /><INIT seed="0,1,1,1,4,1" ten="265,235,235,255" oya="0" hai0="127,39,30,103,50,46,87,126,52,60,123,16,120" hai1="32,102,57,54,115,22,49,90,80,2,122,18,65" hai2="58,61,66,41,36,29,0,97,118,63,34,111,6" hai3="135,91,106,40,68,117,110,47,78,24,70,79,53"/><T27/><D103/><U125/><E122/><V69/><F111/><W82/><G110/><T11/><D39/><U96/><E125/><N who="0" m="47625" /><D60/><U71/><E32/><V72/><F72/><W19/><G135/><T100/><D100/><U44/><E115/><V92/><F118/><W35/><G117/><T21/><D87/><U89/><E71/><V132/><F132/><W93/><G106/><T56/><D56/><U25/><E2/><V4/><F0/><W51/><G78/><T99/><D99/><U31/><E31/><V8/><F8/><W133/><G133/><T113/><D113/><U10/><E10/><V81/><F81/><W75/><G40/><T107/><D107/><U116/><E116/><V45/><F29/><W64/><G64/><T124/><N who="0" m="47633" /><T43/><DORA hai="128" /><D43/><U84/><E65/><V33/><F34/><W23/><REACH who="3" step="1"/><G35/><REACH who="3" ten="265,235,235,245" step="2"/><N who="0" m="20959" /><D11/><U114/><E114/><V20/><F33/><W121/><G121/><T67/><D67/><U48/><E54/><V94/><F66/><W37/><G37/><T119/><D119/><U105/><E105/><V62/><F36/><W83/><G83/><T9/><D9/><U38/><E38/><V134/><F134/><W98/><AGARI ba="1,2" hai="19,23,24,47,51,53,68,70,75,79,82,91,93,98" machi="98" ten="20,5200,0" yaku="1,1,0,1,7,1,53,1" doraHai="1,128" doraHaiUra="7,76" who="3" fromWho="3" sc="265,-27,235,-14,235,-14,245,75" /><INIT seed="1,0,0,3,2,120" ten="238,221,221,320" oya="1" hai0="43,61,35,53,69,58,18,80,8,13,24,42,119" hai1="117,134,93,25,70,125,38,37,21,47,88,60,30" hai2="44,16,2,59,78,108,128,99,31,48,32,75,66" hai3="12,41,34,86,14,85,104,4,5,67,96,124,33"/><U102/><E117/><V103/><F2/><W127/><G41/><T97/><D119/><U79/><E134/><V19/><F128/><W17/><G67/><T112/><D112/><U64/><E125/><N who="3" m="48202" /><G96/><T22/><D69/><U126/><E126/><V100/><F31/><W107/><G85/><T23/><D35/><N who="3" m="13321" /><G86/><T95/><D80/><U135/><E135/><V50/><F32/><W133/><G133/><T57/><D57/><U73/><E102/><V0/><F78/><W20/><G12/><T49/><D49/><U63/><E63/><V118/><F48/><W6/><AGARI ba="0,0" hai="4,5,6,14,17,20,104,107" m="13321,48202" machi="6" ten="40,1500,0" yaku="18,1" doraHai="120" who="3" fromWho="3" sc="238,-4,221,-7,221,-4,320,15" /><INIT seed="2,0,0,0,0,117" ten="234,214,217,335" oya="2" hai0="3,40,135,115,91,12,29,97,78,100,102,56,22" hai1="92,47,111,6,108,4,62,64,39,106,134,127,28" hai2="69,83,74,19,57,33,70,65,71,41,132,50,42" hai3="46,9,124,55,113,26,27,14,1,76,45,18,35"/><V109/><F33/><W67/><G124/><T59/><D3/><U20/><E106/><V121/><F19/><W90/><G113/><T52/><D115/><U34/><E127/><V104/><F104/><W72/><G67/><T63/><D135/><U81/><E34/><V98/><F98/><W88/><G1/><T17/><D40/><N who="2" m="15466" /><F83/><W89/><G55/><N who="0" m="34207" /><D78/><U128/><E134/><V129/><F74/><W8/><G8/><T16/><D29/><U79/><E92/><V130/><F132/><W82/><REACH who="3" step="1"/><G26/><REACH who="3" ten="234,214,217,325" step="2"/><T31/><D31/><AGARI ba="0,1" hai="9,14,18,27,31,35,45,46,72,76,82,88,89,90" machi="31" ten="40,5200,0" yaku="1,1,2,1,54,1,53,0" doraHai="117" doraHaiUra="54" who="3" fromWho="0" sc="234,-52,214,0,217,0,325,62" /><INIT seed="3,0,0,4,2,12" ten="182,214,217,387" oya="3" hai0="6,79,84,72,23,82,24,3,27,28,74,134,62" hai1="103,0,119,60,107,106,8,31,115,42,86,36,78" hai2="129,29,25,90,48,69,11,65,49,46,22,123,93" hai3="47,97,41,83,99,76,19,126,131,91,113,63,133"/><W2/><G113/><T52/><D134/><U18/><E115/><V108/><F108/><W10/><G131/><T88/><D3/><U135/><E135/><V128/><F123/><W37/><G133/><T30/><D6/><U1/><E31/><V55/><F69/><W13/><G126/><T68/><D79/><U94/><E119/><V110/><F110/><W40/><G40/><T14/><D14/><U59/><E1/><V130/><F65/><W56/><G2/><T109/><D109/><U98/><E36/><V71/><F71/><W127/><G127/><T117/><D117/><U61/><E42/><V120/><F120/><W77/><G91/><T7/><D7/><U64/><E61/><V44/><F11/><W4/><G4/><T124/><D124/><U89/><E78/><V111/><F111/><W57/><G77/><T70/><D70/><U32/><E32/><V85/><F48/><W132/><G132/><T58/><D68/><U67/><E67/><V87/><F44/><W21/><G10/><T105/><D105/><U15/><E0/><V45/><F46/><W5/><G5/><T43/><D43/><U81/><AGARI ba="0,0" hai="8,15,18,59,60,64,81,86,89,94,98,103,106,107" machi="81" ten="20,2700,0" yaku="0,1,7,1,52,1" doraHai="12" who="1" fromWho="1" sc="182,-7,214,27,217,-7,387,-13" owari="175,-32.5,241,4.1,210,-19.0,374,47.4" /></mjloggm>