<mjloggm ver="2.3"><GO type="225" lobby="0"/><UN n0="%E3%80%93%E3%81%97%E3%83%BC%E3%82%89%E3%80%93" n1="%72%69%6F%75%63%68%61%6E" n2="%E3%81%BF%E3%81%BF%E3%81%9A" n3="%E6%9D%B1%E9%A2%A8%E3%81%AE%E3%81%8D%E3%82%83%E3%81%B7%E3%81%95%E3%82%93" dan="16,16,17,17" rate="2110.81,2156.01,2279.20,2191.91" sx="M,M,M,M"/><TAIKYOKU oya="0"/><INIT seed="0,0,0,1,0,94" ten="250,250,250,250" oya="0" hai0="114,73,12,70,57,132,105,25,4,32,130,101,119" hai1="21,28,48,129,95,76,49,16,131,127,106,15,110" hai2="65,85,109,98,78,62,8,42,100,71,96,112,22" hai3="81,23,93,79,77,41,133,87,72,75,128,39,50"/><T61/><D73/><U63/><E106/><V55/><F112/><W24/><G39/><T92/><D114/><U120/><E120/><V38/><F109/><W113/><G113/><T36/><D36/><U40/><E127/><V30/><F100/><W54/><G41/><T14/><D119/><U86/><E110/><V7/><F55/><W135/><G128/><N who="1" m="49226" /><E40/><V46/><F30/><W18/><G93/><T107/><D132/><N who="3" m="50761" /><G79/><T69/><D130/><U104/><E104/><V66/><F22/><W111/><G111/><T99/><D105/><U115/><E115/><V74/><F85/><W102/><G102/><T97/><D25/><N who="1" m="16431" /><E63/><V31/><F66/><W84/><G72/><T9/><D14/><U124/><E124/><V17/><F17/><W64/><G64/><T26/><D26/><U80/><E95/><V67/><F65/><W1/><G1/><T6/><D32/><U90/><E76/><V37/><F31/><W27/><G27/><T33/><D33/><U121/><E121/><V123/><F37/><W60/><G60/><T3/><D3/><U125/><E125/><V59/><F123/><W89/><G89/><T35/><D35/><U108/><E108/><V5/><F71/><W51/><G51/><T103/><D4/><U82/><E80/><N who="2" m="45143" /><F5/><W13/><G24/><T126/><D126/><U91/><E91/><V43/><F42/><W52/><G54/><AGARI ba="0,0" hai="6,9,12,54,57,61,69,70,92,97,99,101,103,107" machi="54" ten="30,5800,0" yaku="7,1,52,2" doraHai="94" who="0" fromWho="3" sc="250,58,250,0,250,0,250,-58" /><INIT seed="0,1,0,5,1,7" ten="308,250,250,192" oya="0" hai0="58,70,114,13,81,74,68,63,112,57,37,5,65" hai1="77,86,98,36,118,109,40,124,92,42,10,102,129" hai2="49,131,132,99,75,101,0,12,89,44,110,87,117" hai3="6,61,53,39,19,29,135,59,2,80,20,84,22"/><T51/><D81/><U27/><E118/><V93/><F117/><W67/><G39/><T90/><D74/><U85/><E109/><V116/><F116/><W55/><G135/><T130/><D90/><U134/><E129/><V34/><F0/><W30/><G6/><T26/><D26/><U113/><E124/><V115/><F115/><N who="0" m="44074" /><D13/><U66/><E134/><V62/><F110/><W1/><G1/><T106/><D106/><U3/><E113/><V88/><F132/><W21/><G2/><T71/><D5/><U82/><E66/><V50/><F75/><W83/><G19/><T126/><D130/><U18/><E36/><V8/><F34/><W105/><G105/><T107/><D107/><U123/><E123/><V73/><F73/><W111/><G111/><T54/><D37/><U103/><E3/><V72/><F72/><W11/><G11/><T47/><D126/><U33/><E103/><V60/><F131/><W43/><G43/><T24/><D24/><U120/><E120/><V56/><F44/><AGARI ba="1,0" hai="44,47,51,54,57,58,63,65,68,70,71" m="44074" machi="44" ten="40,3900,0" yaku="34,2" doraHai="7" who="0" fromWho="2" sc="308,42,250,0,250,-42,192,0" /><INIT seed="0,2,0,3,3,109" ten="350,250,208,192" oya="0" hai0="104,70,60,92,81,5,125,59,88,133,42,23,110" hai1="22,119,82,24,4,84,52,118,87,90,63,122,61" hai2="124,83,97,54,91,89,102,113,56,37,123,34,53" hai3="2,129,8,44,120,72,126,19,36,11,3,94,76"/><T0/><D104/><U85/><E122/><V9/><F123/><W10/><G120/><T50/><D70/><U43/><E43/><V101/><F34/><W74/><G94/><T95/><D110/><U47/><E4/><V75/><F37/><W100/><G100/><T65/><D125/><U132/><E132/><V131/><F124/><W111/><G126/><T99/><D0/><U108/><E108/><V114/><F9/><W45/><G111/><T39/><D39/><U105/><E105/><V51/><F131/><W115/><G36/><T135/><D5/><U31/><E119/><V32/><F32/><W79/><G19/><T80/><D23/><U40/><E118/><V27/><F27/><W16/><G16/><T15/><D15/><U18/><E31/><V69/><F69/><W25/><G25/><T86/><D50/><N who="1" m="28767" /><E40/><V62/><F75/><W17/><G17/><T107/><D107/><U128/><E128/><V6/><F6/><W12/><G10/><T127/><D42/><U134/><E134/><N who="0" m="51209" /><D127/><U106/><E106/><V73/><F73/><W26/><G26/><T21/><D21/><U1/><E1/><V41/><F41/><W29/><G29/><T93/><D81/><N who="1" m="49423" /><E87/><N who="2" m="50431" /><F91/><AGARI ba="2,0" hai="59,60,65,80,86,88,91,92,93,95,99" m="51209" machi="91" ten="30,2900,0" yaku="20,1,54,1" doraHai="109" who="0" fromWho="2" sc="350,35,250,0,208,-35,192,0" /><AGARI ba="2,0" hai="18,22,24,61,63,82,85,91" m="49423,28767" machi="91" ten="30,2000,0" yaku="8,1,54,1" doraHai="109" who="1" fromWho="2" sc="385,0,250,20,173,-20,192,0" /><INIT seed="0,3,0,4,2,135" ten="385,270,153,192" oya="0" hai0="110,1,96,99,28,71,35,77,123,114,73,87,14" hai1="125,104,97,23,121,17,103,76,42,133,45,64,130" hai2="57,13,70,106,90,60,36,18,134,72,50,31,117" hai3="10,81,61,82,68,112,5,46,115,52,15,16,88"/><T3/><D71/><U101/><E125/><V127/><F134/><W20/><G68/><T122/><D114/><U0/><E133/><V44/><F72/><W118/><G118/><T51/><D73/><U2/><E121/><V55/><F106/><W83/><G115/><T7/><D3/><U109/><E109/><V39/><F31/><W37/><G112/><T25/><D1/><U131/><E101/><V93/><F70/><W116/><G37/><T27/><D110/><U86/><E64/><V53/><F117/><W63/><G116/><T85/><D27/><U49/><E86/><V29/><F29/><W105/><G105/><T9/><D87/><U98/><E76/><V79/><F79/><W43/><G43/><T67/><D67/><U111/><E97/><V58/><F127/><W129/><G129/><N who="1" m="49162" /><E111/><V24/><F44/><W33/><G33/><T38/><D38/><U34/><E34/><V91/><F91/><W54/><G88/><T47/><D123/><U22/><E22/><V66/><F66/><W124/><G124/><T75/><D75/><U21/><E21/><V4/><F4/><W12/><REACH who="3" step="1"/><G46/><REACH who="3" ten="385,270,153,182" step="2"/><T95/><D122/><U30/><E30/><V119/><F119/><W100/><G100/><T108/><D108/><U48/><E48/><V80/><F80/><W62/><AGARI ba="3,1" hai="5,10,12,15,16,20,52,54,61,62,63,81,82,83" machi="62" ten="30,12000,2" yaku="1,1,0,1,8,1,54,2,53,1" doraHai="135" doraHaiUra="6" who="3" fromWho="3" sc="385,-63,270,-33,153,-33,182,139" /><INIT seed="1,0,0,3,0,61" ten="322,237,120,321" oya="1" hai0="106,94,15,120,96,75,134,86,58,111,30,99,88" hai1="95,83,91,28,128,129,81,74,109,26,46,5,108" hai2="105,32,127,7,56,110,125,48,63,41,27,92,44" hai3="0,19,113,116,21,73,126,60,3,65,97,42,54"/><U90/><E5/><V69/><F105/><W49/><G73/><T2/><D2/><U24/><E46/><V103/><F7/><W76/><G113/><T29/><D75/><U10/><E10/><V107/><F92/><W33/><G33/><T70/><D70/><U133/><E133/><V64/><F110/><N who="1" m="42601" /><E74/><V14/><F14/><W121/><G76/><T55/><D134/><U124/><E124/><V36/><F56/><W17/><G42/><T100/><D120/><U78/><E78/><V117/><F48/><W31/><G121/><T11/><D111/><U72/><E72/><V39/><F117/><W101/><G126/><T50/><REACH who="0" step="1"/><D86/><REACH who="0" ten="312,237,120,321" step="2"/><N who="1" m="50511" /><E83/><V118/><F118/><W12/><G116/><T104/><D104/><U68/><E68/><V34/><F36/><W102/><G0/><T131/><D131/><N who="1" m="50251" /><E28/><N who="2" m="19487" /><F34/><W82/><G3/><T57/><D57/><U79/><E79/><V98/><AGARI ba="0,1" hai="39,41,44,63,64,69,98,103,107,125,127" m="19487" machi="98" ten="30,4000,0" yaku="25,1,23,1,52,1" doraHai="61" who="2" fromWho="2" sc="312,-10,237,-20,120,50,321,-10" /><INIT seed="2,0,0,2,1,72" ten="302,217,170,311" oya="2" hai0="127,75,30,46,8,20,122,35,76,101,50,26,28" hai1="88,132,104,78,117,90,43,94,54,64,81,66,55" hai2="36,98,130,1,133,53,129,100,83,110,9,49,27" hai3="108,39,113,14,58,13,59,82,109,102,62,34,4"/><V0/><F36/><W106/><G34/><T38/><D38/><U67/><E117/><V16/><F133/><W32/><G32/><T77/><D122/><U96/><E132/><V107/><F110/><W63/><G39/><T33/><D75/><U10/><E104/><V6/><F0/><W12/><G82/><T19/><D127/><U91/><E43/><V41/><F41/><W29/><G29/><N who="0" m="11371" /><D35/><U37/><E37/><V128/><F83/><W92/><G106/><T114/><D33/><U42/><E42/><V51/><REACH who="2" step="1"/><F53/><REACH who="2" ten="302,217,160,311" step="2"/><N who="1" m="19977" /><E10/><V124/><F124/><W123/><G108/><T17/><D114/><U85/><AGARI ba="0,1" hai="64,66,67,78,81,85,88,90,91,94,96" m="19977" machi="85" ten="30,4000,0" yaku="8,1,52,1,54,1" doraHai="72" who="1" fromWho="1" sc="302,-10,217,50,160,-20,311,-10" /><INIT seed="3,0,0,3,3,93" ten="292,267,140,301" oya="3" hai0="83,67,116,68,123,75,60,64,35,82,72,34,40" hai1="49,109,31,89,100,128,84,121,79,56,39,42,19" hai2="38,7,73,30,86,111,62,24,78,107,118,58,85" hai3="14,120,131,45,133,90,21,37,10,103,55,8,12"/><W130/><G120/><T47/><D116/><U115/><E121/><V25/><F118/><W53/><G103/><T113/><D123/><U48/><E115/><V3/><F107/><W16/><G90/><T88/><D113/><U59/><E109/><V32/><F111/><W0/><G133/><T61/><D88/><U11/><E128/><N who="3" m="49194" /><G0/><T126/><D126/><U87/><E31/><V57/><F38/><W1/><G1/><T74/><D83/><N who="1" m="47231" /><E39/><V112/><F112/><W17/><G8/><T98/><D98/><U117/><E117/><V127/><F127/><W99/><G99/><T54/><D54/><U97/><E42/><AGARI ba="0,0" hai="10,12,14,16,17,21,37,42,45,53,55" m="49194" machi="42" ten="30,2900,0" yaku="19,1,54,1" doraHai="93" who="3" fromWho="1" sc="292,0,267,-29,140,0,301,29" owari="292,9.2,238,-16.2,140,-36.0,330,43.0" /></mjloggm>