<mjloggm ver="2.3"><GO type="225" lobby="0"/><UN n0="%E5%8F%AF%E5%85%90%E9%82%A3%E7%94%B1%E5%A4%9A" n1="%E6%97%A5%E6%9B%9C%E6%97%A5%E3%82%88%E3%82%8A%E3%81%AE%E4%BD%BF%E8%80%85" n2="%E3%83%9D%E3%82%B1%E3%83%83%E3%83%88" n3="%72%69%6F%75%63%68%61%6E" dan="16,16,16,16" rate="2127.94,2152.35,2097.58,2205.10" sx="F,M,M,M"/><TAIKYOKU oya="0"/><INIT seed="0,0,0,1,0,57" ten="250,250,250,250" oya="0" hai0="114,81,48,91,7,128,49,16,96,40,122,46,125" hai1="45,62,73,13,119,26,102,83,52,47,19,90,87" hai2="116,127,3,98,106,133,135,64,58,86,103,30,53" hai3="10,79,124,112,43,84,115,74,65,113,59,100,12"/><T0/><D114/><U129/><E119/><V117/><F3/><W38/><G124/><T111/><D122/><U92/><E129/><V5/><F5/><W37/><G74/><T97/><D128/><U109/><E26/><V44/><F127/><W130/><G130/><T4/><D125/><U2/><E2/><V9/><F9/><W32/><G32/><T24/><D111/><U107/><E107/><V18/><F18/><W76/><G100/><T71/><D71/><U33/><E33/><V35/><F64/><W22/><G22/><N who="0" m="13383" /><D0/><U93/><E109/><V126/><F44/><N who="1" m="16969" /><E102/><V134/><F86/><W31/><G31/><T80/><D49/><U104/><E104/><V118/><F126/><W27/><G27/><T120/><D120/><U50/><E50/><N who="2" m="31031" /><F35/><W121/><G43/><T77/><D77/><U14/><E73/><V67/><F67/><W66/><G65/><T55/><D40/><U78/><E78/><V132/><N who="2" m="33792" /><DORA hai="99" /><V56/><F56/><W110/><G110/><T36/><D36/><U28/><E28/><AGARI ba="0,0" hai="28,30,98,103,106,116,117,118" m="33792,31031" machi="28" ten="70,8000,1" yaku="12,1,20,1,52,1" doraHai="57,99" who="2" fromWho="1" sc="250,0,250,-80,250,80,250,0" /><INIT seed="1,0,0,1,0,121" ten="250,170,330,250" oya="1" hai0="85,87,76,38,41,19,75,26,58,103,48,123,40" hai1="9,47,93,17,67,49,23,83,51,84,15,78,24" hai2="90,120,124,116,27,3,89,42,108,33,28,99,21" hai3="43,32,0,64,82,5,72,16,134,117,110,54,61"/><U81/><E67/><V88/><F120/><W70/><G110/><T66/><D123/><U127/><E127/><V65/><F108/><W98/><G134/><T135/><D135/><U25/><E93/><V13/><F116/><W126/><G126/><T55/><D75/><U95/><E95/><V52/><F3/><W109/><G109/><T101/><D66/><U129/><E129/><V131/><F131/><W2/><G117/><T132/><D132/><U1/><E1/><V74/><F74/><W94/><G32/><T69/><D69/><U96/><E96/><V97/><F124/><W115/><G115/><T73/><D73/><U12/><E83/><V107/><F42/><N who="0" m="16490" /><D38/><U18/><REACH who="1" step="1"/><E51/><REACH who="1" ten="250,160,330,250" step="2"/><V7/><F65/><W6/><G0/><T106/><D106/><U68/><E68/><V30/><F107/><W119/><G2/><T29/><D48/><U62/><E62/><V31/><F99/><W59/><G119/><T22/><D101/><U39/><E39/><V56/><F97/><W91/><G82/><T35/><D103/><U60/><E60/><N who="2" m="35847" /><F33/><W133/><G133/><T128/><D128/><U8/><E8/><AGARI ba="0,1" hai="7,8,13,21,27,28,30,31,88,89,90" m="35847" machi="8" ten="30,3900,0" yaku="8,1,54,2" doraHai="121" who="2" fromWho="1" sc="250,0,160,-39,330,49,250,0" /><INIT seed="2,0,0,2,5,50" ten="250,121,379,250" oya="2" hai0="18,59,42,21,39,135,71,81,90,85,113,76,128" hai1="26,49,75,88,107,56,96,72,104,111,114,101,127" hai2="38,19,108,44,43,105,20,16,45,6,4,64,91" hai3="68,120,48,60,1,70,134,22,33,12,8,2,32"/><V122/><F122/><W5/><G120/><T9/><D113/><U41/><E114/><V102/><F108/><W0/><G134/><T36/><D71/><U10/><E111/><V28/><F64/><W103/><G103/><T34/><D34/><N who="3" m="13417" /><G48/><T74/><D135/><U57/><E127/><V86/><F44/><W29/><G60/><T131/><D9/><U54/><E107/><V124/><F124/><W47/><G47/><T67/><D42/><U14/><E41/><V25/><F102/><W92/><G92/><N who="0" m="54351" /><D67/><U51/><E26/><V3/><F105/><W23/><G70/><T82/><D82/><U65/><E88/><V17/><REACH who="2" step="1"/><F3/><REACH who="2" ten="250,121,369,250" step="2"/><N who="3" m="63" /><G68/><T116/><D59/><U7/><REACH who="1" step="1"/><E65/><REACH who="1" ten="250,111,369,250" step="2"/><V87/><F87/><W130/><G130/><T83/><D131/><U100/><E100/><V52/><F52/><AGARI ba="0,2" hai="7,10,14,49,51,52,54,56,57,72,75,96,101,104" machi="52" ten="40,8000,1" yaku="1,1,9,1,52,2,54,1,53,0" doraHai="50" doraHaiUra="62" who="1" fromWho="2" sc="250,0,111,100,369,-80,250,0" /><INIT seed="3,0,0,2,2,5" ten="250,211,289,250" oya="3" hai0="111,77,42,92,38,71,84,30,4,68,66,116,51" hai1="130,120,48,27,6,122,8,37,56,95,3,100,90" hai2="110,12,132,53,125,73,83,93,14,127,76,101,112" hai3="134,78,94,89,80,75,62,58,131,24,33,82,50"/><W91/><G131/><T103/><D116/><U121/><E37/><V61/><F112/><W36/><G36/><T11/><D38/><U10/><E130/><V18/><F110/><W72/><G134/><T55/><D111/><U20/><E100/><V34/><F34/><W40/><G40/><T59/><D30/><U108/><E108/><V70/><F132/><W44/><G33/><T133/><D133/><U128/><E128/><V105/><F105/><W23/><G94/><T109/><D109/><U135/><E135/><V9/><F14/><W32/><G32/><T63/><D42/><U85/><E8/><V43/><F43/><N who="3" m="24863" /><G72/><T102/><D71/><U124/><E124/><N who="2" m="47691" /><F53/><N who="3" m="34127" /><G75/><T31/><D31/><U49/><REACH who="1" step="1"/><E56/><REACH who="1" ten="250,201,289,250" step="2"/><V98/><F70/><W28/><G78/><T22/><D77/><U2/><E2/><V114/><F114/><W26/><G26/><T119/><D103/><U99/><E99/><V41/><F41/><W39/><G39/><T123/><D102/><U96/><E96/><V25/><F25/><W19/><G28/><AGARI ba="0,1" hai="3,6,10,20,27,28,48,49,85,90,95,120,121,122" machi="28" ten="40,8000,1" yaku="1,1,52,1,53,2" doraHai="5" doraHaiUra="46" who="1" fromWho="3" sc="250,0,201,90,289,0,250,-80" /><INIT seed="4,0,0,4,4,75" ten="250,291,289,170" oya="0" hai0="42,104,73,102,47,90,61,85,23,6,50,38,69" hai1="64,135,14,56,55,0,74,125,129,3,34,121,91" hai2="87,13,20,95,27,36,15,89,51,12,57,19,118" hai3="18,16,82,106,76,5,80,128,77,62,58,114,24"/><T1/><D73/><U48/><E34/><V109/><F109/><W67/><G106/><T93/><D1/><U33/><E33/><V45/><F118/><W28/><G114/><T8/><D104/><U115/><E121/><V46/><F36/><W92/><G128/><T119/><D119/><U111/><E111/><V41/><F46/><W40/><G40/><T99/><D69/><U97/><E74/><V65/><F57/><W31/><G5/><T70/><D70/><U100/><E64/><AGARI ba="0,0" hai="12,13,15,19,20,27,41,45,51,64,65,87,89,95" machi="64" ten="40,1300,0" yaku="8,1" doraHai="75" who="2" fromWho="1" sc="250,0,291,-13,289,13,170,0" owari="250,-15.0,278,7.8,302,40.2,170,-33.0" /></mjloggm>