<mjloggm ver="2.3"><GO type="225" lobby="0"/><UN n0="%48%61%61%61%6C%61%6E%64" n1="%E3%81%B5%E3%81%98%E3%81%8B%E3%81%A4" n2="%E3%81%BF%E3%81%BF%E3%81%9A" n3="%E3%81%99%E3%81%84%E3%81%BE%E3%81%9B%E3%83%BC%E3%82%93" dan="18,16,18,18" rate="2196.13,2148.73,2237.66,2214.39" sx="M,M,M,M"/><TAIKYOKU oya="0"/><INIT seed="0,0,0,2,5,119" ten="250,250,250,250" oya="0" hai0="45,28,96,4,55,35,63,102,23,43,126,61,53" hai1="75,46,31,38,29,36,12,103,2,18,72,67,57" hai2="25,132,41,97,73,79,108,100,20,131,81,44,66" hai3="74,27,14,3,130,78,104,92,8,105,83,94,48"/><T51/><D35/><U17/><E2/><V60/><F108/><W109/><G109/><T84/><D126/><U69/><E103/><V40/><F131/><W1/><G130/><T128/><D128/><U91/><E69/><V77/><F77/><W19/><G48/><T21/><D4/><U32/><E32/><V33/><F132/><W54/><G54/><T22/><D28/><U0/><E0/><V122/><F44/><W16/><G1/><T50/><D84/><U71/><E71/><V5/><F5/><W133/><G3/><T42/><D42/><U59/><E46/><V9/><F9/><W89/><G94/><N who="0" m="58647" /><D55/><U34/><E34/><V110/><F122/><W95/><G95/><T39/><D39/><U7/><E7/><V6/><F6/><W87/><G133/><T113/><D113/><U125/><E12/><V49/><F49/><W37/><G37/><T24/><D24/><U85/><E85/><V80/><F80/><W64/><REACH who="3" step="1"/><G64/><REACH who="3" ten="250,250,250,240" step="2"/><T82/><D82/><U30/><E67/><V58/><F110/><W115/><G115/><T15/><D15/><U123/><E38/><V62/><F62/><W112/><G112/><T47/><AGARI ba="0,1" hai="21,22,23,43,45,47,50,51,53,61,63" m="58647" machi="47" ten="30,1500,0" yaku="8,1" doraHai="119" who="0" fromWho="0" sc="250,25,250,-5,250,-5,240,-5" /><INIT seed="0,1,0,4,3,97" ten="275,245,245,235" oya="0" hai0="71,124,47,90,6,74,125,110,115,9,65,19,13" hai1="45,89,131,78,54,86,61,12,28,72,41,100,35" hai2="94,59,21,62,76,88,70,22,84,132,27,25,43" hai3="106,38,2,111,14,112,104,123,40,96,44,134,3"/><T15/><D115/><U120/><E120/><V56/><F132/><W79/><G112/><T67/><D74/><U36/><E131/><V64/><F43/><W91/><G134/><T66/><D110/><U133/><E133/><V95/><F76/><W7/><G111/><T127/><D47/><U108/><E108/><V103/><F95/><W87/><G123/><T99/><D90/><U105/><E12/><V129/><F129/><W5/><G79/><T57/><D57/><N who="1" m="34999" /><E35/><V102/><F70/><W82/><G106/><T34/><D34/><U119/><E28/><N who="2" m="17455" /><F59/><W51/><G51/><T24/><D24/><U32/><E119/><V39/><F39/><W92/><G104/><T80/><D80/><N who="1" m="45127" /><E32/><V63/><F63/><W98/><G98/><T85/><D99/><N who="1" m="61599" /><E36/><V52/><F64/><W81/><G81/><T17/><D85/><U118/><E41/><V48/><F62/><W60/><G60/><N who="0" m="40359" /><D6/><U55/><E55/><V77/><F77/><W18/><G7/><T122/><D122/><U1/><E1/><V33/><F33/><W8/><REACH who="3" step="1"/><G5/><REACH who="3" ten="275,245,245,225" step="2"/><T113/><D113/><U37/><E37/><V50/><F50/><W75/><G75/><T107/><D107/><U130/><E130/><V11/><F11/><AGARI ba="1,1" hai="9,11,13,15,17,19,66,67,124,125,127" m="40359" machi="11" ten="30,1500,0" yaku="18,1" doraHai="97" who="0" fromWho="2" sc="275,28,245,0,245,-18,225,0" /><INIT seed="0,2,0,2,5,130" ten="303,245,227,225" oya="0" hai0="26,116,16,21,37,76,43,35,42,66,63,109,13" hai1="103,101,133,122,9,96,105,27,19,75,92,59,99" hai2="28,72,47,24,89,3,56,124,41,46,7,70,79" hai3="91,48,57,62,83,52,135,118,31,69,2,102,12"/><T18/><D116/><U119/><E119/><V97/><F70/><W58/><G2/><T134/><D109/><U107/><E122/><V39/><F124/><W32/><G118/><T82/><D37/><U38/><E38/><V90/><F47/><W114/><G114/><T33/><D134/><U5/><E75/><V0/><F56/><W80/><G69/><T106/><D106/><U128/><E59/><V11/><F0/><W54/><G135/><T50/><D50/><U61/><E61/><V29/><F97/><W23/><G102/><T65/><D33/><U87/><E128/><V110/><F110/><W117/><G117/><T68/><D66/><U77/><E27/><V55/><F55/><W67/><G67/><T120/><D120/><U20/><E133/><V121/><F121/><W44/><G58/><T113/><D113/><U129/><E129/><V15/><F15/><W8/><G32/><T4/><D4/><U123/><E123/><V94/><F94/><W30/><G23/><T108/><D108/><U81/><E92/><V100/><F100/><W51/><G48/><T40/><D35/><U17/><REACH who="1" step="1"/><E20/><REACH who="1" ten="303,235,227,225" step="2"/><N who="2" m="15367" /><F29/><W36/><G36/><T64/><D68/><U127/><E127/><V86/><F86/><N who="3" m="50631" /><G83/><AGARI ba="2,1" hai="3,7,11,39,41,46,72,79,83,89,90" m="15367" machi="83" ten="30,1000,0" yaku="25,1" doraHai="130" who="2" fromWho="3" sc="303,0,235,0,227,26,225,-16" /><INIT seed="1,0,0,5,5,13" ten="303,235,253,209" oya="1" hai0="93,36,133,12,16,86,110,102,48,60,72,73,49" hai1="3,19,90,132,8,116,131,38,43,29,114,30,119" hai2="130,135,58,31,24,115,26,64,45,126,108,28,134" hai3="10,104,9,4,44,118,80,42,70,61,5,98,7"/><U18/><E38/><V66/><F108/><W39/><G118/><N who="1" m="45098" /><E43/><V112/><F126/><W96/><G80/><T62/><D36/><U1/><E90/><V75/><F130/><W51/><G39/><T6/><D110/><U20/><E131/><V91/><F91/><W107/><G70/><T79/><D133/><N who="2" m="50698" /><F45/><W23/><G61/><N who="0" m="23659" /><D6/><N who="1" m="1103" /><E132/><V67/><F58/><W82/><G82/><N who="0" m="47455" /><D72/><U25/><E114/><N who="2" m="43563" /><F75/><W22/><G107/><T21/><D73/><U2/><E30/><AGARI ba="0,0" hai="24,26,28,30,31,64,66,67" m="43563,50698" machi="30" ten="40,8000,1" yaku="28,2,20,1,11,1" doraHai="13" who="2" fromWho="1" sc="303,0,235,-80,253,80,209,0" /><INIT seed="2,0,0,2,3,37" ten="303,155,333,209" oya="2" hai0="118,38,35,103,68,17,10,53,126,104,96,1,46" hai1="69,110,125,60,4,31,3,27,18,14,134,36,23" hai2="6,72,89,88,52,93,57,15,7,86,5,26,98" hai3="78,56,79,58,25,109,19,76,117,71,16,44,111"/><V8/><F72/><W21/><G117/><T112/><D112/><U51/><E110/><N who="3" m="41994" /><G71/><T91/><D118/><U129/><E125/><V124/><F26/><W97/><G97/><T47/><D126/><U65/><E129/><V128/><F128/><W13/><G44/><T42/><D68/><U75/><E134/><V12/><F12/><W34/><G34/><T95/><D35/><U99/><E75/><V101/><F124/><W85/><G85/><T11/><D1/><U66/><E66/><V39/><F39/><W30/><G19/><T50/><REACH who="0" step="1"/><D17/><REACH who="0" ten="293,155,333,209" step="2"/><U115/><E115/><V2/><F2/><W48/><G48/><T59/><D59/><N who="3" m="22569" /><G30/><T55/><D55/><U120/><E120/><V67/><F67/><W63/><G63/><T64/><D64/><U114/><E114/><V107/><F89/><W40/><G13/><T70/><D70/><U87/><E36/><V41/><F41/><AGARI ba="0,1" hai="16,21,25,40,41,76,78,79" m="22569,41994" machi="41" ten="40,8000,1" yaku="14,1,52,2,54,1" doraHai="37" who="3" fromWho="2" sc="293,0,155,0,333,-80,209,90" /><INIT seed="3,0,0,2,2,89" ten="293,155,253,299" oya="3" hai0="66,111,108,81,33,31,115,97,23,29,40,75,38" hai1="73,19,112,118,52,57,0,101,96,9,95,102,3" hai2="10,113,56,130,86,18,45,82,119,76,126,59,48" hai3="123,94,2,41,92,104,69,7,26,117,122,67,110"/><W47/><G117/><T134/><D134/><U42/><E112/><V49/><F119/><W16/><G104/><T83/><D115/><U124/><E118/><V99/><F113/><W35/><G110/><N who="0" m="42027" /><D33/><U88/><E124/><V107/><F130/><W30/><G16/><T132/><D132/><U46/><E73/><V93/><F107/><W22/><G22/><T53/><D66/><U127/><E127/><V84/><F84/><W72/><G72/><T44/><D53/><U129/><E129/><V39/><F39/><W8/><G94/><T15/><D97/><U6/><E0/><V78/><F78/><W106/><G92/><T14/><D23/><U103/><E19/><V91/><F126/><W98/><G98/><T61/><D61/><U64/><E64/><V24/><F48/><W11/><G11/><T58/><D58/><U105/><E105/><V27/><F59/><W62/><G106/><T28/><D75/><U60/><REACH who="1" step="1"/><E103/><REACH who="1" ten="293,145,253,299" step="2"/><V51/><F18/><W85/><G85/><T70/><D70/><U55/><E55/><N who="2" m="31855" /><F10/><W80/><G80/><AGARI ba="0,1" hai="14,15,28,29,31,38,40,44,80,81,83" m="42027" machi="80" ten="30,1000,0" yaku="14,1" doraHai="89" who="0" fromWho="3" sc="293,20,145,0,253,0,299,-10" owari="313,41.3,145,-35.5,253,-14.7,289,8.9" /></mjloggm>