<mjloggm ver="2.3"><GO type="225" lobby="0"/><UN n0="%E6%97%A5%E6%9B%9C%E6%97%A5%E3%82%88%E3%82%8A%E3%81%AE%E4%BD%BF%E8%80%85" n1="%E6%81%A5%E6%99%92%E3%81%97" n2="%6D%75%75%73%61%6E%6D%75" n3="%E3%81%AF%E3%82%88%E3%81%8A%E3%81%98%E3%81%95%E3%82%93" dan="16,16,16,17" rate="2099.12,2085.60,2127.35,2152.16" sx="M,M,F,M"/><TAIKYOKU oya="0"/><BYE who="3" /><UN n3="%E3%81%AF%E3%82%88%E3%81%8A%E3%81%98%E3%81%95%E3%82%93" /><INIT seed="0,0,0,3,2,97" ten="250,250,250,250" oya="0" hai0="44,22,14,62,109,60,49,134,61,1,120,21,9" hai1="103,69,80,33,96,130,55,68,17,135,95,77,0" hai2="15,37,110,106,29,40,86,121,128,81,4,129,57" hai3="43,75,72,66,91,73,65,47,64,117,113,23,82"/><T115/><D120/><U99/><E0/><V88/><F121/><W10/><G113/><T30/><D115/><U111/><E111/><V35/><F110/><W13/><G117/><T3/><D109/><U2/><E130/><V63/><F106/><W102/><G23/><T56/><D56/><U108/><E108/><V25/><F37/><W11/><G102/><T6/><D134/><U12/><E2/><V19/><F40/><W38/><REACH who="3" step="1"/><G13/><REACH who="3" ten="250,250,250,240" step="2"/><T39/><D1/><U74/><E33/><V112/><F112/><W89/><G89/><T123/><D3/><U119/><E119/><V16/><F128/><W78/><G78/><T84/><D123/><U133/><E135/><V58/><F129/><W52/><G52/><N who="0" m="29735" /><D39/><U87/><E133/><V8/><REACH who="2" step="1"/><F58/><REACH who="2" ten="250,250,240,240" step="2"/><W5/><G5/><T101/><D6/><U45/><E69/><V27/><F27/><W54/><G54/><AGARI ba="0,2" hai="4,8,15,16,19,25,29,35,54,57,63,81,86,88" machi="54" ten="30,7700,0" yaku="1,1,7,1,54,2,53,0" doraHai="97" doraHaiUra="32" who="2" fromWho="3" sc="250,0,250,0,240,97,240,-77" /><INIT seed="1,0,0,4,3,61" ten="250,250,337,163" oya="1" hai0="27,124,101,50,78,118,68,30,91,73,94,1,130" hai1="79,89,2,20,18,97,111,70,16,105,129,103,23" hai2="54,69,99,80,126,128,10,48,114,43,21,88,98" hai3="131,65,40,15,77,49,14,119,72,56,53,32,26"/><U63/><E129/><V84/><F128/><W113/><G131/><T67/><D1/><U87/><E2/><V46/><F126/><W133/><G113/><T39/><D39/><U17/><E79/><V134/><F134/><W57/><G133/><T47/><D118/><U36/><E36/><V12/><F114/><W35/><G119/><T135/><D135/><U127/><E127/><V96/><F69/><W24/><G40/><T31/><D101/><U64/><REACH who="1" step="1"/><E111/><REACH who="1" ten="250,240,337,163" step="2"/><V106/><F106/><W121/><G77/><T41/><D124/><U112/><E112/><V71/><F71/><W6/><G72/><T104/><D130/><U28/><E28/><V76/><F76/><W7/><G121/><T60/><D78/><U8/><E8/><V11/><F43/><W117/><G117/><T107/><D73/><U86/><E86/><V66/><F11/><W51/><REACH who="3" step="1"/><G53/><REACH who="3" ten="250,240,337,153" step="2"/><T58/><D31/><U44/><E44/><V4/><F46/><W83/><G83/><AGARI ba="0,2" hai="16,17,18,20,23,63,64,70,83,87,89,97,103,105" machi="83" ten="40,12000,1" yaku="1,1,52,1,54,1,53,1" doraHai="61" doraHaiUra="81" who="1" fromWho="3" sc="250,0,240,140,337,0,153,-120" /><INIT seed="1,1,0,1,4,70" ten="250,380,337,33" oya="1" hai0="41,9,111,131,55,3,119,20,104,49,110,21,63" hai1="133,1,2,33,26,24,92,102,54,25,53,128,88" hai2="125,7,72,122,75,87,23,79,16,65,90,8,121" hai3="28,5,112,124,98,118,123,57,6,10,135,39,91"/><U117/><E117/><V64/><F125/><W134/><G123/><T82/><D104/><U30/><E128/><V40/><F40/><W115/><G57/><T84/><D63/><U127/><E127/><V52/><F121/><W66/><G124/><T67/><D67/><U59/><E133/><N who="3" m="50698" /><G66/><T109/><D41/><U86/><E54/><V114/><F122/><W48/><G48/><T13/><D3/><U51/><E26/><V130/><F64/><W32/><G91/><N who="0" m="51607" /><D131/><U80/><E102/><V74/><F65/><W120/><G98/><T83/><D83/><U107/><E107/><V46/><F130/><W101/><G101/><T50/><D119/><U73/><REACH who="1" step="1"/><E25/><REACH who="1" ten="250,370,337,33" step="2"/><V71/><F52/><W45/><G118/><T27/><D27/><U93/><E93/><V61/><F61/><W100/><G100/><T4/><D55/><U95/><E95/><V96/><F114/><W126/><G126/><T19/><D111/><U15/><E15/><V31/><F31/><W18/><G120/><T106/><D106/><U0/><E0/><V76/><F46/><W68/><G115/><T103/><D103/><U56/><E56/><V47/><F47/><W44/><G112/><T62/><D110/><U116/><E116/><V85/><F71/><W69/><G69/><T105/><D105/><U89/><E89/><V97/><F90/><W36/><G68/><T132/><D109/><U94/><E94/><V37/><F79/><AGARI ba="1,1" hai="1,2,24,30,33,51,53,59,73,79,80,86,88,92" machi="79" ten="40,3900,0" yaku="1,1,54,1,53,0" doraHai="70" doraHaiUra="113" who="1" fromWho="2" sc="250,0,370,52,337,-42,33,0" /><INIT seed="1,2,0,1,0,16" ten="250,422,295,33" oya="1" hai0="130,1,96,127,6,40,119,56,128,65,135,4,37" hai1="126,25,7,35,32,20,73,3,11,118,50,134,122" hai2="44,59,5,95,70,36,92,24,84,91,27,86,31" hai3="90,62,97,61,89,81,26,101,77,60,76,13,68"/><U117/><E73/><V74/><F70/><W64/><G77/><T114/><D114/><U132/><E126/><V45/><F74/><W129/><G129/><N who="0" m="49771" /><D119/><N who="1" m="45579" /><E50/><V75/><F75/><W107/><G13/><T123/><D127/><U66/><E66/><V48/><F5/><W49/><G49/><T115/><D115/><U9/><E9/><V69/><F69/><W85/><G90/><T30/><D135/><N who="1" m="51755" /><E122/><V39/><F48/><W28/><REACH who="3" step="1"/><G76/><REACH who="3" ten="250,422,295,23" step="2"/><T2/><D123/><U42/><E42/><V43/><F43/><W131/><G131/><T72/><D40/><U104/><E104/><V54/><F36/><W55/><G55/><T112/><D37/><U116/><E116/><V133/><F39/><W93/><G93/><T82/><D112/><U120/><E120/><V15/><F133/><W21/><AGARI ba="2,1" hai="21,26,28,60,61,62,64,68,81,85,89,97,101,107" machi="21" ten="20,5200,0" yaku="1,1,0,1,7,1,52,1,53,0" doraHai="16" doraHaiUra="121" who="3" fromWho="3" sc="250,-15,422,-28,295,-15,23,68" /><INIT seed="2,0,0,1,1,126" ten="235,394,280,91" oya="2" hai0="67,108,59,7,61,44,70,4,106,78,51,47,18" hai1="3,41,23,28,117,16,34,100,66,21,25,98,68" hai2="10,87,92,125,55,88,31,85,118,1,119,113,84" hai3="8,58,75,11,40,32,57,107,90,72,86,77,133"/><V116/><F125/><W94/><G32/><T71/><D106/><U53/><E117/><V45/><F113/><W14/><G107/><T0/><D108/><U19/><E3/><V104/><F104/><W130/><G133/><T20/><D78/><U65/><E41/><V110/><F110/><W62/><G40/><T5/><D0/><U135/><E135/><V115/><F115/><W27/><G27/><T33/><D33/><U91/><E53/><V124/><F124/><W121/><G121/><T13/><REACH who="0" step="1"/><D47/><REACH who="0" ten="225,394,280,91" step="2"/><U134/><E34/><V52/><F45/><W50/><G77/><T12/><D12/><U103/><E134/><V64/><F1/><W43/><G75/><T56/><D56/><U69/><E68/><V38/><F119/><W128/><G72/><T76/><D76/><U54/><E69/><V102/><F118/><W112/><G112/><T6/><N who="0" m="1024" /><DORA hai="15" /><T81/><D81/><U93/><E25/><V83/><F83/><W73/><G73/><T123/><D123/><U42/><E28/><V129/><F31/><W122/><G122/><T37/><D37/><U63/><E100/><V48/><F102/><W97/><G14/><T9/><D9/><U82/><E103/><V111/><F10/><W17/><G11/><T79/><D79/><U109/><E82/><V30/><F38/><W26/><G8/><T80/><D80/><U60/><E109/><V74/><F74/><W46/><G58/><T127/><D127/><U29/><E29/><V105/><F30/><W114/><G114/><T99/><D99/><U36/><E36/><V132/><F105/><RYUUKYOKU ba="0,1" sc="225,30,394,-10,280,-10,91,-10" hai0="13,18,20,44,51,59,61,67,70,71" /><INIT seed="3,1,1,3,5,84" ten="255,384,270,81" oya="3" hai0="1,61,37,22,100,16,54,34,103,117,51,112,131" hai1="31,94,8,63,23,49,71,60,130,38,62,128,96" hai2="6,15,2,104,78,66,11,4,69,75,65,126,70" hai3="58,18,98,109,40,118,123,80,115,121,29,116,97"/><W26/><G40/><T102/><D117/><N who="3" m="45161" /><G58/><N who="0" m="35031" /><D34/><U25/><E38/><V77/><F104/><W111/><G80/><T53/><D1/><U83/><E8/><V133/><F75/><W129/><G18/><T13/><D37/><U79/><E49/><V64/><F2/><W14/><G14/><T92/><D112/><U127/><E94/><V56/><F6/><W76/><G76/><T95/><D131/><N who="1" m="50219" /><E127/><V124/><F124/><W57/><G129/><T85/><D85/><N who="1" m="48383" /><E96/><N who="3" m="36970" /><G57/><AGARI ba="1,1" hai="13,16,22,51,53,57,92,95,100,102,103" m="35031" machi="57" ten="30,2000,0" yaku="8,1,54,1" doraHai="84" who="0" fromWho="3" sc="255,33,384,0,270,0,81,-23" owari="288,8.8,384,48.4,270,-13.0,58,-44.2" /></mjloggm>