<mjloggm ver="2.3"><GO type="225" lobby="0"/><UN n0="%E9%80%9F%E6%B0%B4%E5%87%9B%E9%A6%99" n1="%E3%81%B8%E3%82%80%E3%81%B8%E3%82%80%EF%BC%92%E5%8F%B7" n2="%45%6C%79%73%69%75%6D" n3="%E6%80%AA%E3%81%97%E3%81%99%E3%81%8E%E3%82%8B%E3%83%81%E3%83%BC" dan="16,17,17,16" rate="2096.78,2205.98,2144.31,2191.15" sx="F,M,F,M"/><TAIKYOKU oya="0"/><INIT seed="0,0,0,3,3,131" ten="250,250,250,250" oya="0" hai0="32,109,102,24,45,59,36,47,53,6,127,41,69" hai1="3,15,79,21,107,63,40,35,17,98,19,42,66" hai2="22,34,128,39,78,13,116,117,124,73,43,93,62" hai3="57,18,92,60,115,68,28,132,65,12,91,104,87"/><T23/><D127/><U7/><E35/><V118/><F34/><W77/><G132/><T105/><D109/><U30/><E79/><V97/><F124/><W76/><G115/><T119/><D69/><U100/><E30/><V2/><F2/><W80/><G104/><T4/><D119/><U64/><E64/><V90/><F128/><W112/><G28/><T120/><D32/><U94/><E107/><V74/><F78/><W130/><G112/><T5/><D45/><U123/><E123/><V113/><F113/><W88/><G68/><T84/><D120/><U48/><E48/><V110/><F110/><W49/><G49/><T129/><D129/><U8/><REACH who="1" step="1"/><E19/><REACH who="1" ten="250,240,250,250" step="2"/><N who="2" m="10607" /><F62/><W9/><REACH who="3" step="1"/><G130/><REACH who="3" ten="250,240,250,240" step="2"/><T54/><D105/><U67/><E67/><V38/><F38/><W108/><G108/><T70/><D36/><U103/><E103/><V29/><F29/><W135/><G135/><T51/><D102/><U27/><E27/><V33/><F33/><W52/><G52/><T56/><D53/><U31/><E31/><V81/><F39/><W1/><G1/><T134/><D54/><U122/><E122/><V72/><F117/><W133/><G133/><T11/><D134/><U61/><E61/><V95/><F116/><W111/><G111/><T20/><D24/><U126/><E126/><V10/><F118/><W101/><G101/><T46/><D51/><U125/><E125/><V16/><F43/><W44/><G44/><T37/><D41/><U71/><AGARI ba="0,2" hai="3,7,8,15,17,21,40,42,63,66,71,94,98,100" machi="71" ten="20,5200,0" yaku="1,1,0,1,7,1,53,1" doraHai="131" doraHaiUra="14" who="1" fromWho="1" sc="250,-26,240,72,250,-13,240,-13" /><INIT seed="1,0,0,0,2,65" ten="224,312,237,227" oya="1" hai0="52,23,48,77,39,3,124,73,20,15,46,78,95" hai1="32,16,117,64,4,60,58,21,47,40,37,33,59" hai2="133,19,70,91,90,28,81,85,53,93,41,89,2" hai3="126,114,103,22,63,108,49,12,43,35,107,50,125"/><U88/><E117/><V56/><F2/><W84/><G35/><T120/><D3/><U82/><E4/><V132/><F28/><W74/><G74/><T129/><D124/><N who="3" m="47721" /><G114/><T83/><D129/><U97/><E59/><V113/><F113/><W99/><G108/><T72/><D120/><U87/><REACH who="1" step="1"/><E97/><REACH who="1" ten="224,302,237,227" step="2"/><V121/><F121/><W1/><G99/><T13/><D73/><U67/><E67/><V134/><F56/><W118/><G118/><T94/><D72/><U17/><E17/><V25/><F19/><W75/><G75/><T131/><D131/><U96/><E96/><V55/><F85/><W6/><G84/><T30/><D30/><U122/><E122/><V130/><F130/><W116/><G6/><T110/><D110/><U135/><E135/><V34/><F133/><W68/><G116/><T112/><D112/><U24/><AGARI ba="0,1" hai="16,21,24,32,33,37,40,47,58,60,64,82,87,88" machi="24" ten="20,18000,2" yaku="1,1,0,1,7,1,54,2,53,1" doraHai="65" doraHaiUra="71" who="1" fromWho="1" sc="224,-60,302,190,237,-60,227,-60" /><INIT seed="1,1,0,2,3,111" ten="164,492,177,167" oya="1" hai0="38,46,98,119,79,39,83,93,59,18,16,127,71" hai1="52,66,1,27,70,101,123,23,28,73,126,24,8" hai2="47,106,109,121,26,77,112,117,65,41,128,115,35" hai3="19,61,11,9,45,91,125,100,80,86,17,58,34"/><U25/><E123/><V37/><F121/><W7/><G34/><T62/><D71/><U33/><E73/><V92/><F117/><W21/><G125/><T4/><D119/><U50/><E126/><V81/><F109/><W89/><G100/><T55/><D127/><U108/><E108/><V113/><F106/><W63/><G45/><T88/><D4/><U97/><E66/><V107/><F107/><W51/><G51/><T95/><D95/><U124/><E70/><V54/><F128/><W32/><G32/><T56/><D56/><U5/><E124/><V132/><F132/><W82/><G58/><T12/><D46/><U48/><E48/><V131/><F131/><W60/><G7/><T69/><D69/><U44/><REACH who="1" step="1"/><E33/><REACH who="1" ten="164,482,177,167" step="2"/><V42/><F65/><W36/><G36/><T99/><D39/><U130/><E130/><V6/><F35/><W118/><G118/><T133/><D38/><U31/><E31/><V2/><F37/><W57/><G60/><T120/><D133/><U30/><E30/><V13/><F113/><W0/><G63/><T76/><D120/><U15/><E15/><V10/><F13/><W104/><G61/><T135/><D135/><U14/><E14/><V96/><F112/><W129/><G129/><T68/><D68/><U49/><E49/><N who="2" m="28991" /><F115/><W110/><G110/><T103/><D12/><U85/><E85/><N who="2" m="48303" /><F26/><W116/><G116/><T134/><D134/><U102/><E102/><V75/><F75/><W94/><G86/><N who="0" m="50271" /><D18/><U29/><E29/><V3/><F2/><W22/><G17/><T90/><D16/><U72/><E72/><RYUUKYOKU ba="1,1" sc="164,10,482,10,177,10,167,-30" hai0="55,59,62,76,79,90,93,98,99,103" hai1="1,5,8,23,24,25,27,28,44,50,52,97,101" hai2="3,6,10,41,42,92,96" /><INIT seed="1,2,1,0,5,117" ten="174,492,187,137" oya="1" hai0="10,107,78,18,13,17,82,132,98,111,70,47,1" hai1="19,26,21,48,39,84,100,56,35,115,20,3,85" hai2="113,101,12,64,14,102,32,28,30,2,6,55,83" hai3="108,93,31,54,25,36,71,105,99,41,74,24,4"/><U77/><E115/><V75/><F113/><W87/><G108/><T134/><D70/><U80/><E39/><V60/><F55/><W45/><G74/><T130/><D1/><U0/><E35/><V112/><F2/><W63/><G4/><T16/><D111/><U38/><E38/><V51/><F51/><W116/><G116/><T118/><D118/><U73/><E100/><V22/><F112/><W7/><G7/><T94/><D107/><U66/><E48/><V131/><F131/><W33/><G25/><T104/><D104/><U122/><E122/><V40/><F40/><W42/><G42/><T23/><D130/><U120/><E120/><V72/><F32/><W43/><G43/><T27/><D47/><U34/><E34/><V8/><F75/><W49/><G87/><T69/><D69/><U86/><REACH who="1" step="1"/><E21/><REACH who="1" ten="174,482,187,137" step="2"/><V96/><F102/><W121/><G121/><T67/><D23/><U52/><E52/><V5/><F22/><W79/><G54/><T29/><D67/><U97/><E97/><V58/><F96/><W92/><G36/><T103/><D134/><U95/><E95/><V124/><F101/><N who="3" m="62655" /><G79/><T106/><D132/><U128/><E128/><V125/><F64/><AGARI ba="2,2" hai="24,31,33,41,45,49,63,64,71,92,93" m="62655" machi="64" ten="30,1000,0" yaku="25,1" doraHai="117" who="3" fromWho="2" sc="174,0,482,0,187,-16,137,36" /><INIT seed="2,0,0,5,1,48" ten="174,482,171,173" oya="2" hai0="84,56,31,57,135,131,111,119,116,41,130,85,47" hai1="35,117,39,36,121,88,3,110,1,32,103,112,118" hai2="15,101,114,25,79,7,100,12,106,64,11,89,16" hai3="109,115,81,92,94,75,128,71,18,60,61,83,82"/><V76/><F114/><W37/><G115/><T90/><D31/><U43/><E112/><V124/><F124/><W8/><G75/><T58/><D111/><U107/><E88/><V78/><F25/><W44/><G109/><T120/><D120/><U13/><E13/><V21/><F106/><W34/><G34/><N who="1" m="12842" /><E121/><V91/><REACH who="2" step="1"/><F64/><REACH who="2" ten="174,482,161,173" step="2"/><W45/><G128/><N who="0" m="49195" /><D135/><U30/><E110/><V63/><F63/><W20/><G60/><T73/><D73/><U28/><E117/><N who="0" m="45129" /><D90/><AGARI ba="0,1" hai="7,11,12,15,16,21,76,78,79,89,90,91,100,101" machi="90" ten="40,7700,0" yaku="1,1,8,1,54,1,53,0" doraHai="48" doraHaiUra="134" who="2" fromWho="0" sc="174,-77,482,0,161,87,173,0" /><INIT seed="2,1,0,5,0,11" ten="97,482,248,173" oya="2" hai0="65,49,21,59,104,94,3,42,121,27,26,34,102" hai1="37,103,23,127,14,72,61,54,29,78,32,48,1" hai2="38,33,81,83,5,15,20,51,36,113,70,108,116" hai3="63,43,18,93,125,117,124,76,90,88,109,17,75"/><V129/><F33/><W4/><G117/><T118/><D3/><U62/><E37/><V105/><F105/><W98/><G109/><T67/><D121/><U112/><E1/><V89/><F113/><W96/><G4/><T119/><D104/><U92/><E72/><V9/><F70/><W47/><G63/><N who="1" m="24074" /><E32/><V101/><F101/><W100/><G76/><T31/><D34/><U106/><E106/><V123/><F123/><W74/><G100/><T120/><D120/><U131/><E127/><N who="3" m="48714" /><G90/><T41/><D27/><N who="1" m="16639" /><E131/><V99/><F129/><W77/><G74/><T84/><D119/><U97/><E112/><V135/><F116/><W85/><G75/><T46/><D118/><U110/><E110/><V122/><F38/><N who="3" m="22007" /><G77/><T44/><D102/><U107/><E107/><V56/><F36/><W57/><G57/><T24/><D59/><U73/><E73/><V13/><F56/><W0/><G0/><T25/><D67/><U80/><E80/><V128/><F81/><W130/><G130/><T28/><D65/><U10/><E78/><V40/><F83/><W114/><G114/><T64/><D64/><U86/><E86/><V52/><F108/><W35/><G35/><T82/><D94/><U79/><E79/><V60/><F122/><W134/><G134/><T115/><D115/><U16/><E54/><V66/><F52/><W55/><G55/><T69/><D69/><U39/><E39/><V53/><F53/><W111/><G111/><T133/><D133/><U6/><E48/><V68/><F135/><W12/><G18/><AGARI ba="1,0" hai="6,10,14,16,18,92,97,103" m="16639,24074" machi="18" ten="30,3900,0" yaku="8,1,52,1,54,1" doraHai="11" who="1" fromWho="3" sc="97,0,482,42,248,0,173,-42" /><INIT seed="3,0,0,5,1,39" ten="97,524,248,131" oya="3" hai0="19,22,116,5,135,25,124,82,7,111,120,55,24" hai1="88,64,76,52,38,126,35,33,17,101,66,74,128" hai2="133,47,127,81,42,23,21,14,106,79,100,103,85" hai3="68,45,134,44,20,1,46,28,4,54,2,108,83"/><W51/><G68/><T89/><D120/><U58/><E38/><V0/><F0/><W13/><G134/><T10/><D116/><U37/><E37/><V12/><F127/><W112/><G112/><T104/><D104/><U67/><E101/><V69/><F69/><W31/><G108/><T36/><D36/><U114/><E114/><V122/><F122/><W32/><G32/><T118/><D118/><U43/><E126/><V121/><F133/><W72/><G2/><T30/><D135/><U78/><E128/><V105/><F21/><W53/><G1/><T34/><D124/><U63/><E43/><V60/><F60/><W75/><G75/><T71/><D71/><U15/><E88/><V26/><F12/><W61/><G72/><T95/><D82/><U132/><E132/><V119/><F14/><W11/><G83/><T65/><D65/><U131/><E131/><V117/><F105/><W6/><G6/><T29/><D111/><U115/><E115/><V130/><F121/><W41/><G20/><N who="0" m="15495" /><D55/><N who="3" m="21001" /><G61/><T27/><D89/><U48/><E63/><V50/><F130/><W123/><G123/><T80/><D95/><U102/><E102/><N who="2" m="38955" /><F106/><W86/><G86/><T59/><D59/><U49/><E49/><V70/><F70/><W92/><G92/><T97/><D80/><U90/><E90/><V125/><F125/><W3/><G3/><N who="0" m="319" /><D97/><U99/><E99/><V91/><F91/><W84/><G84/><T16/><D7/><U98/><E98/><V18/><F119/><W57/><G57/><T9/><D9/><N who="1" m="6383" /><E74/><V93/><F117/><W129/><G129/><RYUUKYOKU ba="0,0" sc="97,0,524,0,248,0,131,0" hai0="16,19,22,25,27,30,34" hai1="33,35,48,52,58,64,66,67,76,78" hai2="18,23,26,42,47,50,79,81,85,93" hai3="4,11,13,28,31,41,44,45,46,51" /><INIT seed="3,1,0,4,2,74" ten="97,524,248,131" oya="3" hai0="61,100,53,19,113,132,12,21,47,73,123,6,81" hai1="94,2,16,121,122,68,120,15,52,116,118,11,135" hai2="83,46,8,125,101,127,112,98,102,76,7,35,4" hai3="39,77,30,80,104,32,87,36,108,34,29,99,14"/><W126/><G126/><N who="2" m="48137" /><F35/><W79/><G108/><T25/><D123/><U105/><E105/><V67/><F112/><W70/><G70/><T131/><D113/><U26/><E135/><V117/><F117/><N who="1" m="45161" /><E68/><V58/><F46/><W23/><G104/><T38/><D132/><U96/><E52/><V93/><F102/><W28/><G99/><T66/><D131/><U27/><E2/><V84/><F8/><W41/><G79/><T5/><D100/><AGARI ba="1,0" hai="11,15,16,26,27,94,96,100,120,121,122" m="45161" machi="100" ten="40,2600,0" yaku="12,1,54,1" doraHai="74" who="1" fromWho="0" sc="97,-29,524,29,248,0,131,0" owari="68,-43.2,553,65.3,248,4.8,131,-26.9" /></mjloggm>