<mjloggm ver="2.3"><GO type="225" lobby="0"/><UN n0="%E5%8F%AF%E5%85%90%E9%82%A3%E7%94%B1%E5%A4%9A" n1="%E6%B0%B7%E5%B7%9D%E9%87%8C%E5%A5%88" n2="%72%61%6B%33" n3="%E3%81%99%E3%81%84%E3%81%BE%E3%81%9B%E3%83%BC%E3%82%93" dan="16,16,17,16" rate="2217.98,2140.99,2161.02,2221.05" sx="F,F,M,M"/><TAIKYOKU oya="0"/><INIT seed="0,0,0,0,4,63" ten="250,250,250,250" oya="0" hai0="33,19,6,2,131,59,127,66,41,69,87,125,77" hai1="45,83,75,20,65,116,106,105,129,28,16,37,34" hai2="15,17,21,118,94,96,79,123,50,5,32,51,121" hai3="3,54,38,4,26,61,71,115,117,128,36,78,67"/><T103/><D33/><U57/><E116/><V80/><F118/><W60/><G117/><T110/><D131/><U99/><E129/><V108/><F32/><W98/><G128/><T124/><D69/><U89/><E34/><V107/><F108/><W11/><G115/><T122/><D122/><U91/><E28/><V7/><F107/><W86/><G26/><T49/><D110/><U82/><E37/><V104/><F104/><W100/><G86/><T42/><D103/><U29/><E29/><V23/><F23/><W43/><G78/><T46/><D42/><U9/><E9/><V25/><F123/><W93/><REACH who="3" step="1"/><G43/><REACH who="3" ten="250,250,250,240" step="2"/><T113/><D113/><U56/><E75/><V112/><F112/><W47/><G47/><T134/><D77/><U31/><E45/><V92/><F121/><W1/><G1/><T72/><D87/><U74/><E74/><V90/><F25/><W58/><AGARI ba="0,1" hai="3,4,11,36,38,54,58,60,61,67,71,93,98,100" machi="58" ten="30,4000,0" yaku="1,1,0,1,52,1,53,0" doraHai="63" doraHaiUra="10" who="3" fromWho="3" sc="250,-20,250,-10,250,-10,240,50" /><INIT seed="1,0,0,5,3,111" ten="230,240,240,290" oya="1" hai0="39,71,95,70,11,102,134,126,76,15,22,32,4" hai1="73,38,83,122,14,115,81,85,43,113,44,61,30" hai2="75,123,124,99,1,53,46,98,69,52,121,110,19" hai3="133,127,128,84,35,55,27,49,87,94,135,103,23"/><U79/><E122/><V10/><F69/><W116/><G35/><T6/><D32/><U8/><E30/><V56/><F75/><W105/><G127/><T66/><D39/><U90/><REACH who="1" step="1"/><E61/><REACH who="1" ten="230,230,240,290" step="2"/><V129/><F123/><W101/><G135/><T36/><D134/><U9/><E9/><V34/><F10/><W33/><G133/><T92/><D11/><U91/><E91/><V80/><F121/><W2/><G103/><T130/><D102/><U17/><AGARI ba="0,1" hai="8,14,17,38,43,44,73,79,81,83,85,90,113,115" machi="17" ten="20,12000,1" yaku="1,1,0,1,7,1,52,2,53,0" doraHai="111" doraHaiUra="118" who="1" fromWho="1" sc="230,-40,230,130,240,-40,290,-40" /><INIT seed="1,1,0,1,1,99" ten="190,360,200,250" oya="1" hai0="10,133,45,132,93,23,3,56,32,24,106,79,42" hai1="110,28,8,77,43,126,97,88,112,35,120,13,108" hai2="6,98,94,125,51,60,36,4,104,121,31,49,101" hai3="57,18,73,62,72,80,102,7,50,92,103,95,100"/><U118/><E112/><V82/><F121/><W70/><G7/><T71/><D71/><U66/><E120/><V130/><F36/><W91/><G70/><T0/><D106/><U123/><E123/><V96/><F125/><W12/><G50/><T34/><D79/><U37/><E118/><V44/><F130/><W59/><G73/><T5/><D56/><N who="3" m="21577" /><G62/><T81/><D81/><U111/><E66/><V1/><F60/><W68/><G72/><T135/><D93/><N who="1" m="56487" /><E77/><V119/><F119/><W134/><G134/><T54/><D54/><U87/><E87/><V65/><F65/><W9/><G68/><T19/><REACH who="0" step="1"/><D3/><REACH who="0" ten="180,360,200,250" step="2"/><U113/><E113/><V74/><F82/><W39/><G39/><AGARI ba="1,1" hai="0,5,10,19,23,24,32,34,39,42,45,132,133,135" machi="39" ten="40,5200,0" yaku="1,1,2,1,20,1,53,0" doraHai="99" doraHaiUra="55" who="0" fromWho="3" sc="180,65,360,0,200,0,250,-55" /><INIT seed="2,0,0,0,3,59" ten="245,360,200,195" oya="2" hai0="109,93,100,110,98,115,67,103,30,106,91,105,35" hai1="111,75,77,82,97,114,121,43,28,78,40,19,50" hai2="129,45,57,133,62,8,84,53,96,135,130,24,74" hai3="26,119,94,85,54,44,52,120,65,39,32,9,2"/><V33/><F74/><W134/><G119/><T128/><D30/><U10/><E114/><V47/><F84/><W113/><G120/><T64/><D35/><U37/><E37/><V55/><F96/><W36/><G113/><T42/><D115/><U122/><E111/><N who="0" m="42505" /><D42/><U1/><E78/><V108/><F108/><W25/><G134/><N who="2" m="51209" /><F8/><W118/><G118/><T7/><D7/><N who="1" m="1391" /><E28/><N who="2" m="19591" /><F55/><W70/><G9/><T34/><D34/><U20/><E97/><V14/><F14/><W99/><G2/><T76/><D128/><AGARI ba="0,0" hai="45,47,53,57,62,128,129,130" m="19591,51209" machi="128" ten="30,5800,0" yaku="19,1,20,1,52,1" doraHai="59" who="2" fromWho="0" sc="245,-58,360,0,200,58,195,0" /><INIT seed="2,1,0,4,3,36" ten="187,360,258,195" oya="2" hai0="22,134,65,98,37,101,106,26,122,48,34,135,40" hai1="10,109,118,15,61,62,124,113,127,25,80,46,54" hai2="44,108,69,53,126,86,23,116,31,58,32,66,92" hai3="100,78,99,0,88,70,132,75,57,41,50,73,103"/><V3/><F116/><W2/><G70/><T117/><D122/><U11/><E113/><V84/><F3/><W83/><G132/><N who="0" m="50731" /><D117/><U6/><E118/><V119/><F32/><W30/><G75/><T51/><D34/><U96/><E109/><V89/><F126/><N who="1" m="48169" /><E25/><V5/><F5/><W91/><G30/><N who="0" m="17751" /><D65/><U76/><E96/><V114/><F114/><W90/><G103/><T112/><D112/><U1/><E54/><V125/><F66/><W107/><REACH who="3" step="1"/><G57/><REACH who="3" ten="187,360,258,185" step="2"/><T24/><D24/><U55/><E1/><V111/><F125/><W19/><G19/><T9/><D9/><U20/><E11/><V38/><F69/><W131/><G131/><T133/><N who="0" m="50739" /><T17/><DORA hai="7" /><D17/><N who="1" m="10303" /><E10/><V130/><F130/><W28/><G28/><T72/><D72/><N who="1" m="43015" /><E6/><V104/><F31/><W35/><G35/><T82/><D82/><U68/><E68/><V33/><F33/><W123/><G123/><T39/><D39/><U128/><E128/><V87/><F38/><W49/><G49/><AGARI ba="1,1" hai="46,49,55,61,62" m="43015,10303,48169" machi="49" ten="30,1000,0" yaku="18,1" doraHai="36,7" who="1" fromWho="3" sc="187,0,360,23,258,0,185,-13" /><INIT seed="3,0,0,4,0,31" ten="187,383,258,172" oya="3" hai0="18,79,39,35,69,3,41,133,121,112,23,17,102" hai1="57,127,46,81,8,14,58,73,26,82,95,56,106" hai2="53,13,86,114,25,11,48,54,129,1,84,52,12" hai3="24,51,122,29,32,45,7,50,88,67,111,33,68"/><W130/><G122/><T0/><D121/><U78/><E106/><V6/><F114/><W27/><G111/><T107/><D69/><U15/><E127/><V103/><F129/><W83/><G130/><T42/><D35/><U59/><E95/><V43/><F103/><W37/><G7/><T70/><D70/><U63/><E46/><N who="2" m="25695" /><F1/><W89/><G67/><T125/><D79/><U40/><E40/><V74/><F74/><W109/><G68/><T9/><D133/><U38/><E38/><V120/><F120/><W113/><G109/><T4/><D0/><U131/><E26/><V85/><F13/><W135/><G113/><T132/><D132/><U72/><E8/><V44/><F25/><W105/><G105/><T115/><D125/><U97/><E97/><V93/><F44/><W108/><G108/><T28/><D39/><U87/><E131/><V118/><F118/><W21/><G135/><T91/><D115/><U5/><E5/><V96/><F96/><W92/><G37/><T19/><D112/><U22/><E22/><V16/><F6/><W104/><G104/><T60/><D107/><U2/><E2/><V117/><F117/><W34/><G27/><N who="0" m="16511" /><D102/><U126/><E126/><V94/><AGARI ba="0,0" hai="11,12,16,52,53,54,84,85,86,93,94" m="25695" machi="94" ten="40,5200,0" yaku="8,1,54,2" doraHai="31" who="2" fromWho="2" sc="187,-13,383,-13,258,52,172,-26" owari="174,-22.6,370,47.0,310,11.0,146,-35.4" /></mjloggm>