<mjloggm ver="2.3"><GO type="225" lobby="0"/><UN n0="%E3%83%81%E3%83%AF%E3%83%AF%E9%9A%8A%E9%95%B7" n1="%61%6D%65%6B%69" n2="%33%74%72%65%65" n3="%E3%81%86%E3%81%A9%E3%82%93%E3%81%93" dan="17,16,16,16" rate="2161.37,2080.12,2127.03,2130.66" sx="M,M,F,M"/><TAIKYOKU oya="0"/><INIT seed="0,0,0,1,5,69" ten="250,250,250,250" oya="0" hai0="86,83,92,54,50,41,93,124,99,53,49,110,12" hai1="113,35,134,14,57,130,89,52,104,62,91,102,15" hai2="60,122,75,126,129,105,39,24,23,63,111,81,71" hai3="118,84,61,26,46,119,80,22,20,30,115,44,8"/><T0/><D0/><U34/><E130/><V17/><F122/><W29/><G115/><T72/><D72/><U108/><E113/><V74/><F129/><W98/><G8/><T135/><D124/><U3/><E3/><V45/><F126/><W79/><G118/><T87/><D135/><U38/><E134/><V76/><F111/><W51/><G119/><T68/><D68/><U85/><E108/><V2/><F2/><W109/><G109/><T90/><D110/><U117/><E38/><V55/><F105/><W31/><G61/><T27/><D41/><U70/><E70/><V96/><F71/><W4/><G4/><T7/><D27/><U19/><E15/><V5/><F5/><W11/><G11/><N who="0" m="4223" /><D49/><U133/><E91/><V58/><F96/><W16/><G98/><N who="0" m="57623" /><D83/><U36/><E36/><V112/><F112/><W59/><REACH who="3" step="1"/><G22/><REACH who="3" ten="250,250,250,240" step="2"/><T78/><D78/><U73/><E117/><V106/><F63/><W43/><G43/><T6/><D6/><U101/><E133/><V120/><F76/><W67/><G67/><T88/><D54/><AGARI ba="0,1" hai="16,20,26,29,30,31,44,46,51,54,59,79,80,84" machi="54" ten="40,8000,1" yaku="1,1,8,1,54,1,53,1" doraHai="69" doraHaiUra="18" who="3" fromWho="0" sc="250,-80,250,0,250,0,240,90" /><INIT seed="1,0,0,0,3,8" ten="170,250,250,330" oya="1" hai0="41,110,33,23,30,44,79,119,24,80,37,31,5" hai1="77,134,88,56,102,84,111,92,83,59,93,60,117" hai2="61,135,118,67,91,133,20,127,25,22,15,125,42" hai3="82,107,76,109,66,52,74,104,54,12,124,0,106"/><U120/><E117/><V18/><F118/><W47/><G0/><T2/><D119/><U73/><E120/><V65/><F42/><W90/><G109/><T75/><D110/><U58/><E111/><V62/><F91/><W112/><G112/><T85/><D85/><U39/><E39/><V27/><REACH who="2" step="1"/><F18/><REACH who="2" ten="170,250,240,330" step="2"/><W63/><G90/><T32/><REACH who="0" step="1"/><D30/><REACH who="0" ten="160,250,240,330" step="2"/><U115/><E115/><V68/><F68/><W1/><G124/><T114/><D114/><U129/><E129/><V100/><F100/><W11/><G74/><T40/><D40/><U34/><E134/><V50/><F50/><W10/><G76/><T72/><D72/><U3/><E102/><V132/><F132/><W70/><G70/><T14/><D14/><AGARI ba="0,2" hai="14,15,20,22,25,27,61,62,65,67,125,127,133,135" machi="14" ten="25,8000,1" yaku="1,1,22,2,52,2,53,0" doraHai="8" doraHaiUra="6" who="2" fromWho="0" sc="160,-80,250,0,240,100,330,0" /><INIT seed="2,0,0,1,1,72" ten="80,250,340,330" oya="2" hai0="126,75,77,27,53,62,3,82,29,11,65,17,111" hai1="70,66,48,49,110,18,46,95,39,107,71,79,97" hai2="51,99,57,91,118,129,23,24,52,16,104,98,103" hai3="74,45,85,22,38,44,76,84,92,33,105,87,80"/><V69/><F118/><W96/><G33/><T83/><D111/><U127/><E107/><V31/><F129/><W6/><G6/><T135/><D126/><U60/><E127/><V56/><F69/><W81/><G105/><T106/><D106/><U9/><E71/><V34/><F99/><W37/><G37/><T123/><D123/><U128/><E110/><V26/><REACH who="2" step="1"/><F91/><REACH who="2" ten="80,250,330,330" step="2"/><W8/><G81/><T120/><D82/><U14/><E128/><V41/><F41/><W90/><G38/><T35/><D83/><U93/><E39/><V1/><F1/><W28/><REACH who="3" step="1"/><G8/><REACH who="3" ten="80,250,330,320" step="2"/><T130/><D11/><U7/><E9/><V117/><F117/><W36/><G36/><T43/><D130/><U115/><E115/><V78/><F78/><W32/><G32/><T21/><D35/><U94/><E79/><V101/><F101/><W116/><G116/><T2/><D77/><U50/><E7/><V119/><F119/><W132/><G132/><T86/><D135/><U58/><E70/><V109/><F109/><W68/><G68/><T88/><D120/><U4/><E4/><V133/><F133/><W102/><G102/><T67/><D2/><U61/><E97/><V64/><F64/><W47/><G47/><AGARI ba="0,2" hai="16,23,24,26,31,34,47,51,52,56,57,98,103,104" machi="47" ten="30,18000,2" yaku="1,1,7,1,54,2,53,2" doraHai="72" doraHaiUra="20" who="2" fromWho="3" sc="80,0,250,0,330,200,320,-180" /><INIT seed="2,1,0,2,2,95" ten="80,250,530,140" oya="2" hai0="79,27,97,66,55,70,113,101,49,7,9,83,2" hai1="40,52,58,5,108,15,16,0,134,54,1,104,126" hai2="74,57,107,128,118,21,117,96,19,4,129,50,34" hai3="125,39,64,46,90,37,116,45,44,63,51,53,56"/><V77/><F34/><W18/><G116/><T111/><D113/><U29/><E104/><V43/><F4/><W76/><G76/><T71/><D111/><U11/><E108/><V80/><F117/><W10/><G90/><T91/><D91/><U102/><E102/><V93/><F107/><W12/><REACH who="3" step="1"/><G125/><REACH who="3" ten="80,250,530,130" step="2"/><T6/><D79/><U14/><E126/><V81/><F77/><W122/><G122/><T100/><D100/><U68/><E134/><V31/><F118/><W73/><G73/><T13/><D101/><U61/><E68/><AGARI ba="1,1" hai="10,12,18,37,39,44,45,46,51,53,56,63,64,68" machi="68" ten="40,1300,0" yaku="1,1,53,0" doraHai="95" doraHaiUra="38" who="3" fromWho="1" sc="80,0,250,-16,530,0,130,26" /><INIT seed="3,0,0,5,3,84" ten="80,234,530,156" oya="3" hai0="54,41,70,102,61,117,74,91,8,47,121,83,87" hai1="16,6,22,98,124,58,100,129,115,78,77,106,131" hai2="27,12,28,55,81,9,108,80,110,90,39,79,24" hai3="94,56,29,14,92,88,52,113,44,20,63,109,23"/><W128/><G113/><T60/><D117/><U76/><E115/><V4/><F39/><W69/><G128/><N who="1" m="49226" /><E124/><V103/><F103/><W97/><G69/><T89/><D121/><U134/><E134/><V21/><F55/><W36/><G109/><N who="2" m="42089" /><F79/><W43/><G29/><T10/><D74/><U49/><E6/><V116/><F116/><W105/><G105/><T35/><D35/><U86/><E58/><V75/><F75/><W99/><G14/><T59/><D102/><AGARI ba="0,0" hai="20,23,36,43,44,52,56,63,88,92,94,97,99,102" machi="102" ten="30,11600,0" yaku="7,1,52,1,54,2" doraHai="84" who="3" fromWho="0" sc="80,-116,234,0,530,0,156,116" owari="-36,-53.6,234,-16.6,530,63.0,272,7.2" /></mjloggm>