<mjloggm ver="2.3"><GO type="225" lobby="0"/><UN n0="%E3%81%BF%E3%81%BF%E3%81%9A" n1="%E9%A6%AC%E4%BA%86%E9%9A%94%E5%A3%81" n2="%E6%B8%A1%E5%A4%A9%E8%97%8D" n3="%E5%82%8D%E8%8B%A5%E7%84%A1%E4%BA%BA%35%31" dan="16,17,16,16" rate="2152.32,2190.87,2110.99,2105.28" sx="M,M,M,M"/><TAIKYOKU oya="0"/><INIT seed="0,0,0,2,3,0" ten="250,250,250,250" oya="0" hai0="62,17,46,83,19,88,32,12,100,18,80,58,98" hai1="110,8,26,5,29,63,108,57,84,121,128,135,105" hai2="15,117,75,33,50,74,59,87,48,14,3,107,113" hai3="109,111,68,125,73,66,119,124,103,70,40,78,123"/><T133/><D133/><U82/><E121/><V49/><F33/><W4/><G119/><T31/><D32/><U130/><E105/><V116/><F107/><W42/><G103/><T39/><D31/><U89/><E135/><V132/><F132/><W112/><G112/><T61/><D39/><U65/><E26/><V120/><F120/><W41/><G123/><T122/><D122/><U76/><E76/><V96/><F113/><W10/><G73/><N who="2" m="27657" /><F3/><N who="3" m="287" /><G78/><T47/><D12/><N who="2" m="4650" /><F87/><W36/><G36/><T28/><D28/><U1/><REACH who="1" step="1"/><E29/><REACH who="1" ten="250,240,250,250" step="2"/><V71/><F116/><W43/><N who="3" m="10240" /><DORA hai="101" /><W67/><G70/><T95/><D62/><U44/><E44/><N who="0" m="16937" /><D100/><U85/><E85/><V79/><F71/><W25/><G68/><T118/><D118/><U72/><E72/><V24/><F24/><W11/><G25/><T134/><D134/><U16/><E16/><N who="0" m="4097" /><T94/><DORA hai="51" /><D94/><U38/><E38/><V55/><F117/><W129/><G11/><T104/><D104/><U102/><E102/><V131/><F79/><W20/><G20/><T93/><D95/><U2/><E2/><V54/><F96/><W22/><G22/><T99/><D98/><U69/><E69/><V92/><F92/><W21/><G21/><T114/><D114/><U77/><E77/><V34/><F34/><W97/><G97/><T13/><D13/><U60/><E60/><V35/><F35/><W81/><G81/><T127/><D127/><U86/><E86/><V64/><F131/><AGARI ba="0,1" hai="1,5,8,57,63,65,82,84,89,108,110,128,130,131" machi="131" ten="40,8000,1" yaku="1,1,19,1,52,1,53,1" doraHai="0,101,51" doraHaiUra="106,9,53" who="1" fromWho="2" sc="250,0,240,90,250,-80,250,0" /><INIT seed="1,0,0,0,0,3" ten="250,330,170,250" oya="1" hai0="22,10,91,17,7,24,83,40,50,100,0,33,85" hai1="37,99,114,120,119,124,118,104,38,4,111,131,6" hai2="96,132,49,28,87,27,127,43,128,18,75,1,113" hai3="108,58,53,112,8,16,97,115,5,101,44,48,56"/><U45/><E114/><V90/><F75/><W121/><G108/><T19/><D100/><U102/><E120/><V103/><F1/><W84/><G121/><T72/><D33/><U12/><E111/><V109/><F109/><W93/><G115/><T92/><D19/><U47/><E131/><V11/><F113/><W63/><G112/><T76/><D50/><U74/><E74/><V25/><F128/><W110/><G110/><T105/><REACH who="0" step="1"/><D40/><REACH who="0" ten="240,330,170,250" step="2"/><U106/><E118/><V36/><F49/><W15/><G84/><T82/><D82/><U135/><E119/><V81/><F43/><W57/><REACH who="3" step="1"/><G16/><REACH who="3" ten="240,330,170,240" step="2"/><T62/><D62/><AGARI ba="0,2" hai="5,8,15,44,48,53,56,57,58,62,63,93,97,101" machi="62" ten="40,8000,1" yaku="1,1,2,1,8,1,52,1,53,0" doraHai="3" doraHaiUra="125" who="3" fromWho="0" sc="240,-80,330,0,170,0,240,100" /><INIT seed="2,0,0,5,1,29" ten="160,330,170,340" oya="2" hai0="15,9,25,19,28,62,125,47,100,3,128,77,66" hai1="78,54,65,4,57,71,131,53,75,117,123,122,16" hai2="97,113,96,108,34,95,60,107,10,82,22,37,27" hai3="90,31,39,64,70,52,12,101,32,124,88,2,67"/><V68/><F113/><W38/><G2/><T40/><D125/><U50/><E117/><V11/><F37/><W24/><G124/><T80/><D128/><U130/><E4/><V105/><F108/><W59/><G70/><T119/><D119/><U98/><E75/><V86/><F96/><W41/><G101/><T43/><D100/><U83/><E98/><V132/><F132/><W74/><G74/><T17/><D3/><U51/><E16/><N who="2" m="12743" /><F34/><W1/><G1/><T112/><D17/><U127/><E127/><V45/><F68/><W135/><G135/><T46/><D112/><U42/><E42/><V91/><F105/><W56/><G12/><T93/><D93/><U36/><E36/><V99/><F107/><W79/><G79/><T23/><D40/><U69/><E69/><V87/><F45/><W92/><G90/><T114/><D114/><U72/><E71/><V18/><F60/><W5/><G5/><T110/><D110/><U55/><E65/><V21/><F97/><W106/><G106/><T133/><D133/><U58/><E54/><V73/><F73/><W61/><G41/><T134/><D134/><U81/><E81/><V103/><F86/><N who="3" m="52247" /><G67/><T44/><D43/><U84/><E72/><V0/><F0/><W14/><G14/><AGARI ba="0,0" hai="10,11,14,18,21,82,87,91,95,99,103" m="12743" machi="14" ten="30,2900,0" yaku="8,1,54,1" doraHai="29" who="2" fromWho="3" sc="160,0,330,0,170,29,340,-29" /><INIT seed="2,1,0,2,0,99" ten="160,330,199,311" oya="2" hai0="130,37,117,6,54,19,107,125,91,43,94,126,106" hai1="78,93,68,98,33,34,114,124,69,79,105,25,60" hai2="112,39,32,58,50,92,103,132,110,62,83,115,20" hai3="0,72,12,123,70,88,121,95,113,1,5,31,17"/><V52/><F39/><W42/><G70/><T18/><D6/><U28/><E114/><V129/><F32/><W30/><G72/><T23/><D54/><U2/><E124/><N who="0" m="47721" /><D130/><U74/><E2/><V102/><F129/><W100/><G42/><T104/><D117/><U13/><E34/><V89/><F115/><W109/><G109/><T38/><D43/><U66/><E68/><V111/><F112/><W135/><G135/><T86/><D18/><U44/><E74/><V29/><F83/><W85/><G5/><T73/><D73/><U64/><E64/><N who="2" m="38999" /><F132/><W21/><G113/><T67/><D67/><U128/><E128/><V26/><F110/><W55/><G1/><T45/><D45/><U9/><E44/><N who="2" m="27719" /><F111/><W119/><G0/><T24/><AGARI ba="1,0" hai="19,23,24,37,38,86,91,94,104,106,107" m="47721" machi="24" ten="40,1500,0" yaku="18,1" doraHai="99" who="0" fromWho="0" sc="160,18,330,-5,199,-8,311,-5" /><INIT seed="3,0,0,2,2,27" ten="178,325,191,306" oya="3" hai0="102,25,35,23,120,116,56,44,13,119,45,82,48" hai1="7,36,9,50,58,33,16,28,43,100,107,4,94" hai2="66,38,103,125,67,49,34,73,70,97,95,124,127" hai3="133,112,113,75,90,122,46,53,64,18,42,65,60"/><W121/><G90/><T8/><D120/><N who="3" m="46185" /><G75/><T123/><D123/><U114/><E114/><N who="3" m="44138" /><G18/><N who="0" m="8487" /><D35/><U118/><E118/><V52/><F38/><N who="3" m="21847" /><G133/><T84/><D119/><U135/><E135/><V79/><F34/><W71/><G64/><T6/><D116/><U110/><E107/><V87/><F73/><W11/><G11/><T69/><D69/><U51/><E33/><V72/><F70/><W20/><G20/><T89/><D6/><U131/><E28/><V40/><F72/><W132/><G53/><N who="0" m="31783" /><D102/><U63/><E4/><V62/><F79/><W83/><G83/><T37/><D37/><U61/><E36/><V39/><F39/><W91/><G91/><T96/><D96/><U19/><E7/><V106/><F106/><W21/><G21/><T55/><D55/><U128/><E100/><V14/><F103/><W59/><G132/><T99/><D99/><U24/><E9/><V130/><F97/><W134/><G134/><T15/><D15/><U129/><E129/><V74/><F130/><W1/><G1/><T80/><D82/><U117/><E131/><V57/><F14/><W41/><G41/><T77/><D89/><U78/><E128/><V2/><F2/><W88/><G88/><T68/><D68/><AGARI ba="0,0" hai="59,60,65,68,71" m="21847,44138,46185" machi="68" ten="30,2900,0" yaku="34,2" doraHai="27" who="3" fromWho="0" sc="178,-29,325,0,191,0,306,29" owari="149,-35.1,325,12.5,191,-20.9,335,43.5" /></mjloggm>