<mjloggm ver="2.3"><GO type="225" lobby="0"/><UN n0="%E3%81%B6%E3%82%8B%E3%82%8B%E3%81%B6%E3%81%B6" n1="%E6%B4%BE%E9%81%A3%E3%81%AE%E3%82%B8%E3%83%A3%E3%83%83%E3%82%AF" n2="%E9%80%9F%E6%B0%B4%E5%87%9B%E9%A6%99" n3="%E5%B0%8F%E9%B3%A5%E9%81%8A%E7%B7%B4%E7%84%A1%32%31%E6%AD%B3" dan="16,16,16,16" rate="2012.48,2189.68,2127.48,2189.38" sx="M,M,F,F"/><TAIKYOKU oya="0"/><INIT seed="0,0,0,4,5,49" ten="250,250,250,250" oya="0" hai0="16,33,82,50,119,133,134,79,80,64,41,105,27" hai1="72,77,97,25,42,67,83,68,18,114,24,3,75" hai2="37,69,100,56,66,106,86,23,39,108,74,59,118" hai3="110,120,2,99,47,52,85,4,0,46,132,70,92"/><T130/><D119/><U1/><E114/><V10/><F74/><W116/><G70/><T15/><D105/><U17/><E97/><V96/><F118/><W30/><G116/><T48/><D64/><U98/><E98/><V38/><F108/><W107/><G30/><N who="0" m="19679" /><D41/><U84/><E42/><V112/><F112/><W124/><G110/><T135/><D130/><U11/><E11/><V113/><F113/><W109/><G109/><T62/><D62/><U43/><E43/><V58/><F10/><W6/><G120/><T32/><D32/><U60/><E84/><V127/><F127/><W103/><G124/><T7/><D7/><U55/><E72/><V31/><F69/><W36/><G36/><T121/><D121/><U91/><E91/><V34/><F34/><W26/><G132/><T44/><D44/><U53/><E24/><V29/><F66/><W54/><G26/><T22/><D80/><U61/><E61/><V76/><F23/><W115/><G115/><T93/><D93/><U89/><E89/><V35/><F35/><W71/><G71/><T21/><D22/><U19/><REACH who="1" step="1"/><E25/><REACH who="1" ten="250,240,250,250" step="2"/><V94/><F76/><W20/><G107/><T40/><D40/><U128/><E128/><V45/><F106/><W125/><G125/><T111/><D111/><U122/><E122/><V5/><F86/><AGARI ba="0,1" hai="15,16,21,48,50,79,82,86,133,134,135" m="19679" machi="86" ten="30,2900,0" yaku="20,1,54,1" doraHai="49" who="0" fromWho="2" sc="250,39,240,0,250,-29,250,0" /><INIT seed="0,1,0,2,2,109" ten="289,240,221,250" oya="0" hai0="135,1,61,80,125,29,16,131,111,54,74,25,56" hai1="55,93,37,38,41,108,39,2,101,45,105,75,79" hai2="14,76,31,65,35,90,119,132,33,53,17,58,4" hai3="123,26,34,71,122,60,59,51,114,10,8,73,9"/><T117/><D117/><U52/><E2/><V88/><F65/><W130/><G73/><T103/><D125/><U124/><E124/><V127/><F4/><W120/><G71/><T106/><D135/><U85/><E108/><V6/><F127/><W19/><G130/><T36/><D111/><U98/><E75/><V133/><F6/><W13/><G51/><T83/><D1/><U89/><REACH who="1" step="1"/><E79/><REACH who="1" ten="289,230,221,250" step="2"/><V100/><F76/><W62/><G62/><T77/><D74/><U110/><E110/><V126/><F133/><W69/><G69/><T112/><D77/><U43/><E43/><V128/><F132/><W82/><G60/><T7/><D61/><U48/><AGARI ba="1,1" hai="37,38,39,41,45,48,52,55,85,89,93,98,101,105" machi="48" ten="30,4000,0" yaku="1,1,0,1,54,1,53,0" doraHai="109" doraHaiUra="67" who="1" fromWho="1" sc="289,-21,230,53,221,-11,250,-11" /><INIT seed="1,0,0,5,0,44" ten="268,283,210,239" oya="1" hai0="80,42,14,71,5,72,8,35,67,91,114,135,56" hai1="3,61,0,57,63,65,68,121,32,1,117,81,110" hai2="41,45,27,92,102,6,112,77,69,118,78,34,70" hai3="108,94,120,95,40,60,89,18,51,50,46,97,132"/><U124/><E117/><V10/><F118/><W126/><G120/><T58/><D114/><U15/><E121/><V53/><F112/><W55/><G108/><T96/><D135/><U54/><E32/><V123/><F123/><W128/><G128/><T30/><D42/><U19/><E124/><V99/><F53/><W83/><G126/><T88/><D71/><U127/><E127/><V105/><F92/><W31/><G31/><T66/><D35/><U20/><E110/><V33/><F78/><W23/><G132/><T13/><D30/><U24/><E81/><V100/><F77/><W115/><G115/><T2/><D2/><U116/><E116/><V49/><F100/><W16/><G83/><T74/><D80/><U86/><E86/><V107/><F107/><W106/><G106/><T84/><D84/><U29/><REACH who="1" step="1"/><E0/><REACH who="1" ten="268,273,210,239" step="2"/><V90/><F34/><W59/><G95/><T22/><D74/><U73/><E73/><V64/><F33/><W111/><G111/><T104/><D72/><U125/><E125/><V47/><F105/><W43/><REACH who="3" step="1"/><G23/><REACH who="3" ten="268,273,210,229" step="2"/><T113/><D104/><U133/><E133/><V76/><F99/><W37/><G37/><T48/><D96/><U11/><AGARI ba="0,2" hai="1,3,11,15,19,20,24,29,54,57,61,63,65,68" machi="11" ten="20,7800,0" yaku="1,1,0,1,7,1,53,1" doraHai="44" doraHaiUra="9" who="1" fromWho="1" sc="268,-26,273,98,210,-26,229,-26" /><INIT seed="1,1,0,1,5,76" ten="242,371,184,203" oya="1" hai0="123,2,61,62,117,118,55,116,109,41,54,77,88" hai1="98,33,85,25,121,26,131,58,63,134,40,60,19" hai2="14,75,81,30,12,113,89,7,46,99,17,107,56" hai3="38,49,104,133,44,66,87,103,36,135,3,37,126"/><U65/><E121/><V106/><F113/><W100/><G3/><T83/><D2/><U9/><E131/><V82/><F30/><W79/><G66/><T47/><D123/><U102/><E40/><V111/><F75/><W72/><G72/><T42/><D88/><U64/><E134/><N who="3" m="51210" /><G104/><T20/><D20/><U71/><E33/><V105/><F111/><W28/><G28/><T6/><D6/><U95/><E85/><V53/><F46/><W45/><G126/><T23/><D23/><U51/><E51/><V21/><F7/><W50/><G87/><T80/><D116/><U48/><E48/><N who="3" m="18538" /><G79/><T4/><D77/><U110/><E110/><V125/><F125/><W124/><G124/><T34/><D109/><U94/><E94/><V13/><F99/><W128/><G128/><T15/><D4/><U27/><E9/><V70/><F70/><W8/><G8/><T24/><D47/><AGARI ba="1,0" hai="36,37,38,44,45,47,100,103" m="18538,51210" machi="47" ten="40,5200,0" yaku="28,2,20,1" doraHai="76" who="3" fromWho="0" sc="242,-55,371,0,184,0,203,55" /><INIT seed="2,0,0,5,4,0" ten="187,371,184,258" oya="2" hai0="27,55,40,108,127,72,131,74,98,62,38,30,46" hai1="67,124,84,17,32,56,45,75,121,66,51,93,19" hai2="80,52,33,11,25,68,101,114,99,85,97,29,109" hai3="57,18,107,15,103,70,115,122,26,73,102,104,9"/><V117/><F114/><W53/><G70/><T128/><D108/><U13/><E75/><V79/><F117/><W2/><G73/><T24/><D98/><U60/><E32/><V78/><F68/><W123/><G115/><T14/><D14/><U22/><E124/><V119/><F119/><W20/><G2/><T111/><D111/><U76/><E121/><V69/><F69/><W43/><G43/><T88/><D127/><U81/><E19/><V134/><F109/><W47/><G47/><T92/><D55/><N who="1" m="33823" /><E93/><V28/><F134/><W87/><G87/><N who="0" m="52255" /><D62/><U63/><E63/><V61/><F28/><W12/><G12/><T58/><D58/><U100/><E100/><V82/><F101/><W39/><G39/><T44/><D46/><U94/><E94/><V54/><F61/><W31/><G103/><T65/><D65/><U90/><E76/><V7/><F99/><W8/><G102/><T96/><D96/><U120/><E120/><V50/><F97/><W41/><G123/><T118/><D118/><U5/><E66/><V23/><F33/><W35/><G122/><T91/><D91/><U16/><E67/><V59/><F54/><W105/><REACH who="3" step="1"/><G41/><REACH who="3" ten="187,371,184,248" step="2"/><T4/><D4/><U42/><E5/><V133/><F133/><W36/><G36/><T116/><D116/><U71/><E71/><V129/><F129/><N who="0" m="49738" /><D24/><U34/><E42/><V49/><F49/><AGARI ba="0,1" hai="8,9,15,18,20,26,31,35,49,53,57,104,105,107" machi="49" ten="40,1300,0" yaku="1,1,53,0" doraHai="0" doraHaiUra="106" who="3" fromWho="2" sc="187,0,371,0,184,-13,248,23" /><INIT seed="3,0,0,0,3,59" ten="187,371,171,271" oya="3" hai0="46,85,108,49,90,3,84,16,86,7,94,114,41" hai1="5,30,91,121,51,14,102,58,57,133,115,97,126" hai2="18,0,55,69,92,98,117,103,89,128,53,6,120" hai3="10,36,83,1,17,68,77,33,109,135,101,44,22"/><W88/><G33/><T34/><D108/><U129/><E30/><V71/><F117/><W43/><G135/><T38/><D114/><U29/><E29/><V20/><F128/><W37/><G101/><T15/><D34/><U19/><E5/><V26/><F120/><W9/><G36/><T73/><D73/><U27/><E27/><V40/><F40/><W4/><G10/><T96/><D3/><U63/><E126/><V23/><F23/><W32/><G32/><T56/><D7/><U131/><E115/><V50/><F55/><W76/><G109/><T107/><D107/><U47/><E91/><V11/><REACH who="2" step="1"/><F103/><REACH who="2" ten="187,371,161,271" step="2"/><W28/><G22/><N who="0" m="11551" /><D38/><U78/><E121/><V113/><F113/><W66/><G43/><T70/><D70/><U64/><E129/><V65/><F65/><W134/><G66/><T132/><D132/><U106/><E131/><V31/><F31/><W130/><G28/><T42/><D56/><AGARI ba="0,1" hai="0,6,11,18,20,26,50,53,56,69,71,89,92,98" machi="56" ten="30,2000,0" yaku="1,1,7,1,53,0" doraHai="59" doraHaiUra="24" who="2" fromWho="0" sc="187,-20,371,0,161,30,271,0" owari="167,-33.3,371,47.1,191,-20.9,271,7.1" /></mjloggm>