<mjloggm ver="2.3"><GO type="225" lobby="0"/><UN n0="%E3%81%AF%E3%82%88%E3%81%8A%E3%81%98%E3%81%95%E3%82%93" n1="%E6%98%93%E5%88%A9%E8%96%A9%E4%BC%AF" n2="%E3%80%90%E3%83%88%E3%83%AA%E3%83%A5%E3%83%95%E3%80%91" n3="%72%69%6F%75%63%68%61%6E" dan="17,16,16,16" rate="2141.27,2122.38,2105.81,2187.48" sx="M,F,M,M"/><TAIKYOKU oya="0"/><INIT seed="0,0,0,2,3,102" ten="250,250,250,250" oya="0" hai0="70,103,21,124,15,120,109,12,106,32,112,126,26" hai1="76,14,83,30,63,133,64,116,104,52,86,135,85" hai2="105,132,101,7,54,78,88,34,31,123,6,84,22" hai3="113,51,77,65,80,60,16,42,98,13,75,128,110"/><T48/><D70/><U122/><E116/><V9/><F123/><W56/><G110/><T38/><D38/><U93/><E122/><V29/><F34/><W73/><G128/><T45/><D112/><U8/><E30/><V61/><F31/><W36/><G113/><T59/><D120/><U117/><E117/><V39/><F78/><W79/><G36/><T5/><D109/><U82/><E93/><V50/><F61/><W24/><G24/><T58/><D32/><U17/><E104/><V33/><F39/><W1/><G1/><T129/><D129/><U114/><E114/><V25/><F132/><W18/><G98/><N who="0" m="61815" /><D58/><U94/><E94/><V62/><F33/><W118/><G118/><T44/><D59/><U28/><E28/><V87/><F62/><W100/><G100/><T23/><D5/><U111/><E111/><V97/><F84/><W91/><G91/><T11/><D11/><U46/><E46/><N who="0" m="18025" /><D48/><U69/><REACH who="1" step="1"/><E52/><REACH who="1" ten="250,240,250,250" step="2"/><V43/><F105/><W4/><G42/><T2/><D2/><U66/><E66/><V71/><F43/><W40/><G40/><T115/><D115/><U19/><E19/><V53/><F53/><W130/><G130/><T134/><D134/><U107/><E107/><V92/><F54/><W99/><G18/><T37/><D37/><U89/><AGARI ba="0,1" hai="8,14,17,63,64,69,76,82,83,85,86,89,133,135" machi="89" ten="30,4000,0" yaku="1,1,0,1,53,1" doraHai="102" doraHaiUra="57" who="1" fromWho="1" sc="250,-20,240,50,250,-10,250,-10" /><INIT seed="1,0,0,0,1,94" ten="230,290,240,240" oya="1" hai0="35,11,43,42,62,96,95,117,40,12,6,130,16" hai1="67,79,32,131,4,28,57,80,135,87,84,107,90" hai2="2,97,72,55,27,53,111,44,101,119,59,112,121" hai3="69,26,70,76,110,120,123,68,104,61,122,73,108"/><U103/><E131/><V14/><F2/><W20/><G104/><T71/><D117/><U78/><E135/><V82/><F119/><W83/><REACH who="3" step="1"/><G61/><REACH who="3" ten="230,290,240,230" step="2"/><T63/><D130/><U134/><E107/><V115/><F115/><W77/><G77/><T88/><D35/><U105/><E79/><V92/><F112/><W127/><G127/><T46/><D71/><U1/><E78/><V23/><F72/><W64/><G64/><T85/><D46/><U39/><E67/><V10/><F44/><W47/><G47/><T102/><REACH who="0" step="1"/><D6/><REACH who="0" ten="220,290,240,230" step="2"/><U15/><E4/><N who="2" m="3399" /><F121/><W50/><G50/><T0/><D0/><U17/><E1/><V93/><F111/><W98/><G98/><T124/><D124/><U100/><E32/><V31/><F97/><W18/><AGARI ba="0,2" hai="18,20,26,68,69,70,73,76,83,108,110,120,122,123" machi="18" ten="40,2700,0" yaku="1,1,0,1,53,0" doraHai="94" doraHaiUra="125" who="3" fromWho="3" sc="220,-7,290,-13,240,-7,230,47" /><INIT seed="2,0,0,4,4,83" ten="213,277,233,277" oya="2" hai0="9,74,75,89,79,52,26,46,43,7,41,126,69" hai1="106,95,116,5,78,37,22,68,13,121,40,98,129" hai2="127,120,110,112,27,56,51,1,72,48,23,76,57" hai3="2,70,87,25,32,0,31,42,65,102,14,21,109"/><V3/><F112/><W50/><G109/><T105/><D69/><U122/><E68/><V53/><F120/><N who="1" m="46185" /><E116/><V38/><F110/><W17/><G102/><T88/><D105/><U135/><E106/><V92/><F38/><W123/><G123/><T108/><D108/><U30/><E78/><V12/><F127/><W115/><G115/><T64/><D64/><U94/><E37/><V15/><F76/><W125/><G125/><T39/><D126/><U99/><E40/><V133/><F72/><W20/><G32/><T91/><D41/><U77/><E77/><V8/><F92/><W18/><G31/><T19/><D79/><U117/><E135/><V107/><F107/><W103/><G103/><T45/><D26/><N who="1" m="16727" /><E129/><V119/><F133/><W61/><G87/><T33/><D19/><U47/><E47/><V104/><F104/><W82/><REACH who="3" step="1"/><G82/><REACH who="3" ten="213,277,233,267" step="2"/><T113/><D33/><U35/><E35/><V34/><F34/><W58/><G58/><T6/><D113/><U134/><E134/><V11/><F119/><W124/><G124/><T24/><D24/><U29/><E29/><V90/><F27/><W28/><G28/><T100/><D100/><U130/><E117/><V66/><F57/><W10/><G10/><T63/><D9/><N who="1" m="4271" /><E130/><V86/><F56/><W67/><G67/><T54/><D75/><U131/><E131/><V81/><F66/><W132/><G132/><T4/><D74/><U97/><AGARI ba="0,1" hai="94,95,97,98,99" m="4271,16727,46185" machi="97" ten="30,1100,0" yaku="13,1" doraHai="83" who="1" fromWho="1" sc="213,-3,277,21,233,-5,267,-3" /><INIT seed="3,0,0,3,3,25" ten="210,298,228,264" oya="3" hai0="36,57,61,134,30,102,32,115,28,15,65,79,21" hai1="35,109,13,85,18,110,135,78,112,56,129,69,106" hai2="55,105,39,8,58,93,75,76,97,70,27,34,52" hai3="86,44,87,33,126,91,2,26,99,81,41,90,6"/><W1/><G126/><T92/><D36/><U7/><E35/><V42/><F70/><W14/><G99/><N who="0" m="59751" /><D32/><U10/><E69/><V72/><F105/><W130/><G130/><T17/><D134/><U20/><E106/><V38/><F8/><W82/><G6/><T118/><D118/><U29/><E112/><V73/><F76/><W83/><G81/><T121/><D121/><U46/><E135/><V117/><F117/><W37/><G14/><T124/><D124/><U66/><E46/><V95/><F55/><W63/><G63/><T4/><D115/><U77/><E29/><AGARI ba="0,0" hai="1,2,26,29,33,37,41,44,82,83,86,87,90,91" machi="29" ten="40,3900,0" yaku="9,1,52,1" doraHai="25" who="3" fromWho="1" sc="210,0,298,-39,228,0,264,39" owari="210,-29.0,259,5.9,228,-17.2,303,40.3" /></mjloggm>