<mjloggm ver="2.3"><GO type="225" lobby="0"/><UN n0="%28%EF%BF%A3%E2%96%BD%EF%BF%A3%29%CE%B4%E2%8C%92%E3%83%BB" n1="%6D%75%75%6D%75%72%61" n2="%77%72%77%72%77%72%77%72" n3="%E8%B6%85%E7%B4%9A%E9%B3%B3%E5%87%B0" dan="16,16,16,16" rate="2110.26,2112.48,2164.97,2159.10" sx="M,F,M,M"/><TAIKYOKU oya="0"/><INIT seed="0,0,0,0,3,29" ten="250,250,250,250" oya="0" hai0="48,114,73,54,85,68,108,105,24,25,95,133,41" hai1="120,31,49,55,10,84,32,88,63,39,58,2,119" hai2="33,106,75,112,12,21,124,127,38,125,80,121,65" hai3="8,62,45,70,27,99,128,6,123,89,69,60,18"/><T35/><D73/><U90/><E119/><V97/><F112/><W78/><G128/><T134/><D105/><U118/><E118/><V94/><F121/><W17/><G123/><T76/><D68/><U11/><E120/><V131/><F131/><W102/><G78/><T37/><D114/><U110/><E39/><V74/><F38/><W77/><G77/><T50/><D37/><U98/><E110/><V66/><F106/><W4/><G89/><T52/><D108/><U104/><E2/><V26/><F12/><W22/><G45/><T1/><D1/><U91/><E84/><V56/><F33/><W130/><G130/><T46/><D95/><U23/><E23/><V111/><F111/><W132/><G132/><N who="0" m="50795" /><D35/><U5/><E49/><V53/><F80/><W57/><G18/><T96/><D96/><U101/><REACH who="1" step="1"/><E5/><REACH who="1" ten="250,240,250,250" step="2"/><V14/><F75/><W129/><G4/><T36/><D36/><U87/><E87/><V19/><F74/><W72/><G72/><T116/><D116/><U115/><E115/><V20/><F20/><W9/><G22/><T117/><D117/><U42/><E42/><V67/><F14/><W61/><G129/><T13/><D41/><U100/><E100/><V71/><F71/><W7/><G69/><T30/><D13/><U122/><E122/><V93/><REACH who="2" step="1"/><F97/><REACH who="2" ten="250,240,240,250" step="2"/><W82/><G70/><T0/><D0/><U28/><E28/><V109/><F109/><W3/><G3/><T64/><D30/><U47/><E47/><V86/><F86/><W113/><G113/><T43/><D85/><U15/><E15/><V34/><F34/><RYUUKYOKU ba="0,2" sc="250,-15,240,15,240,15,250,-15" hai1="10,11,31,32,55,58,63,88,90,91,98,101,104" hai2="19,21,26,53,56,65,66,67,93,94,124,125,127" /><INIT seed="1,1,2,2,2,95" ten="235,255,255,235" oya="1" hai0="50,54,67,45,132,123,76,79,112,32,75,23,44" hai1="71,100,117,18,21,42,103,41,99,19,120,105,35" hai2="77,127,49,90,24,81,7,39,3,62,87,114,60" hai3="47,2,46,135,20,104,58,29,30,31,118,128,65"/><U38/><E117/><V70/><F39/><W17/><G104/><T115/><D32/><U73/><E120/><V86/><F127/><W110/><G2/><T40/><D123/><U108/><E35/><V122/><F122/><W125/><G125/><T36/><D132/><U91/><E108/><V61/><F114/><W66/><G110/><T84/><D75/><U74/><E71/><V130/><F130/><W98/><G128/><T85/><D67/><U53/><E91/><V25/><F70/><W22/><G135/><T1/><D1/><U94/><E53/><V28/><F49/><W107/><G118/><T83/><REACH who="0" step="1"/><D23/><REACH who="0" ten="225,255,255,235" step="2"/><U92/><E73/><V10/><REACH who="2" step="1"/><F28/><REACH who="2" ten="225,255,245,235" step="2"/><W116/><G29/><T13/><D13/><U33/><E38/><V15/><F15/><W129/><G30/><T93/><D93/><AGARI ba="1,4" hai="3,7,10,24,25,60,61,62,77,81,86,87,90,93" machi="93" ten="40,1300,0" yaku="1,1,53,0" doraHai="95" doraHaiUra="63" who="2" fromWho="0" sc="225,-16,255,0,245,56,235,0" /><INIT seed="2,0,0,3,5,116" ten="209,255,301,235" oya="2" hai0="106,42,127,44,115,119,84,31,82,56,11,88,65" hai1="45,41,89,107,57,73,100,71,132,17,121,109,111" hai2="49,37,58,66,96,78,104,70,46,68,92,130,114" hai3="29,126,80,134,33,94,133,129,61,86,34,38,15"/><V6/><F114/><W54/><G38/><T47/><D106/><U131/><E71/><V21/><F104/><W93/><G129/><T3/><D115/><U110/><E131/><V125/><F130/><W48/><G126/><T76/><D119/><U59/><E132/><N who="3" m="50794" /><G61/><N who="0" m="38055" /><D3/><U24/><E73/><V105/><F105/><W39/><G39/><T26/><D127/><U64/><E89/><V32/><F32/><N who="3" m="12395" /><G15/><T20/><D11/><U101/><E121/><V60/><F37/><W63/><G29/><T135/><D135/><U108/><E108/><V7/><F125/><W62/><G62/><T85/><D42/><U16/><E64/><V13/><F78/><N who="3" m="46359" /><G63/><T83/><AGARI ba="0,0" hai="20,26,31,44,47,76,82,83,84,85,88" m="38055" machi="83" ten="30,2000,0" yaku="8,1,54,1" doraHai="116" who="0" fromWho="0" sc="209,20,255,-5,301,-10,235,-5" /><INIT seed="3,0,0,1,4,58" ten="229,250,291,230" oya="3" hai0="74,82,36,103,39,90,29,108,109,43,21,118,130" hai1="123,95,52,57,72,31,30,120,19,134,46,10,119" hai2="94,131,69,37,80,67,93,56,104,24,16,0,63" hai3="116,127,99,115,53,26,7,68,79,12,35,9,33"/><W92/><G115/><T132/><D118/><U2/><E72/><V3/><F37/><W11/><G116/><T1/><D1/><U20/><E119/><V18/><F104/><W60/><G127/><T38/><D132/><U96/><E134/><V66/><F131/><W28/><G79/><N who="0" m="44407" /><D103/><U14/><E46/><V5/><F80/><W121/><G121/><T91/><D43/><U70/><E70/><V48/><F5/><W85/><G85/><T107/><D107/><U8/><E31/><V111/><F111/><N who="0" m="42570" /><D130/><U129/><E129/><V114/><F114/><W102/><G9/><T81/><D81/><U41/><E8/><V4/><F4/><W62/><G68/><T87/><D87/><U101/><E41/><V44/><F69/><W49/><G33/><T73/><D73/><U25/><REACH who="1" step="1"/><E2/><REACH who="1" ten="229,240,291,230" step="2"/><V126/><F0/><W86/><G86/><T128/><D128/><U75/><E75/><V112/><F3/><W59/><AGARI ba="0,1" hai="7,11,12,26,28,35,49,53,59,60,62,92,99,102" machi="59" ten="20,7800,0" yaku="0,1,7,1,52,2" doraHai="58" who="3" fromWho="3" sc="229,-26,240,-26,291,-26,230,88" owari="203,-29.7,214,-18.6,265,6.5,318,41.8" /></mjloggm>