<mjloggm ver="2.3"><GO type="225" lobby="0"/><UN n0="%E3%82%A2%E3%83%A1%E3%82%A2%E3%83%A9%E3%83%AC" n1="%E3%81%95%E3%81%8D%E3%81%9F%E3%81%BE%E6%9E%97%E6%AA%8E" n2="%E5%A4%9C%E3%81%AE%E3%82%AC%E3%82%B9%E3%83%91%E3%83%BC%E3%83%AB" n3="%4B%2E%32%2E%4B%2E" dan="16,16,17,16" rate="2116.21,2052.84,2168.79,2143.69" sx="M,M,M,M"/><TAIKYOKU oya="0"/><INIT seed="0,0,0,3,5,50" ten="250,250,250,250" oya="0" hai0="65,93,90,20,71,13,134,115,57,113,52,18,122" hai1="123,49,29,112,131,5,55,104,106,130,118,35,120" hai2="26,117,8,46,34,9,19,68,66,108,76,38,28" hai3="21,101,78,84,133,60,61,91,12,96,98,63,64"/><T72/><D122/><U27/><E118/><V83/><F117/><W39/><G39/><T114/><D134/><U80/><E5/><V44/><F108/><W36/><G36/><T33/><D72/><U41/><E41/><V30/><F30/><W58/><G133/><T25/><D65/><U126/><E126/><V0/><F19/><N who="3" m="10471" /><G78/><T2/><D71/><U89/><E112/><V88/><F76/><W121/><G121/><T15/><D2/><U116/><E116/><V7/><F9/><W51/><G101/><T6/><D33/><U124/><E124/><V45/><F38/><W53/><G64/><T127/><D6/><U73/><E123/><V62/><REACH who="2" step="1"/><F83/><AGARI ba="0,0" hai="51,53,58,60,61,63,83,84,91,96,98" m="10471" machi="83" ten="30,2000,0" yaku="8,1,52,1" doraHai="50" who="3" fromWho="2" sc="250,0,250,0,250,-20,250,20" /><INIT seed="1,0,0,1,0,22" ten="250,250,230,270" oya="1" hai0="131,126,29,35,124,89,113,78,48,67,133,24,59" hai1="60,23,65,76,19,86,98,71,64,105,90,9,99" hai2="120,129,88,11,5,121,108,45,42,7,13,81,82" hai3="44,40,69,21,46,3,87,17,36,18,32,61,111"/><U102/><E65/><V53/><F108/><W112/><G112/><T8/><D113/><U134/><E134/><V52/><F129/><W72/><G32/><T104/><D104/><U123/><E123/><V47/><F7/><W75/><G3/><T132/><D78/><U70/><E76/><V117/><F117/><W73/><G111/><T83/><D8/><U54/><E99/><V80/><F120/><W20/><G87/><N who="0" m="50431" /><D48/><U85/><E9/><V77/><F121/><W125/><G125/><N who="0" m="48235" /><D131/><U96/><E96/><V2/><F2/><W115/><G115/><T39/><D39/><U31/><E31/><V91/><F77/><W63/><G69/><T58/><D67/><U56/><E64/><V34/><F34/><W28/><G46/><N who="2" m="17417" /><F42/><W97/><G97/><T116/><D116/><U68/><REACH who="1" step="1"/><E90/><AGARI ba="0,0" hai="5,11,13,52,53,80,81,82,88,90,91" m="17417" machi="90" ten="30,3900,0" yaku="8,1,54,2" doraHai="22" who="2" fromWho="1" sc="250,0,250,-39,230,39,270,0" /><INIT seed="2,0,0,5,4,90" ten="250,211,269,270" oya="2" hai0="47,41,87,91,28,131,20,71,45,94,6,100,34" hai1="102,125,92,23,68,8,12,32,62,121,22,3,108" hai2="13,74,60,123,73,64,31,59,48,104,72,63,88" hai3="114,112,124,120,97,18,83,96,56,75,39,52,134"/><V38/><F123/><W5/><G39/><T25/><D131/><U122/><E108/><V40/><F104/><W86/><G120/><N who="1" m="46186" /><E32/><V46/><F31/><W130/><G5/><T37/><D71/><U44/><E3/><V79/><F79/><W29/><G29/><T1/><D100/><U84/><E125/><V77/><F77/><W43/><G43/><T30/><D45/><U21/><E44/><V27/><F27/><W113/><G75/><T67/><D67/><N who="1" m="41079" /><E102/><V51/><F38/><W118/><G134/><T76/><D76/><U42/><E42/><V116/><F116/><W85/><G118/><T17/><REACH who="0" step="1"/><D34/><REACH who="0" ten="240,211,269,270" step="2"/><U132/><E132/><V107/><F46/><W53/><G130/><T10/><AGARI ba="0,1" hai="1,6,10,17,20,25,28,30,37,41,47,87,91,94" machi="10" ten="30,7900,0" yaku="1,1,2,1,0,1,52,1,53,0" doraHai="90" doraHaiUra="110" who="0" fromWho="0" sc="240,89,211,-20,269,-39,270,-20" /><INIT seed="3,0,0,0,2,53" ten="329,191,230,250" oya="3" hai0="11,10,102,6,12,65,97,45,127,0,101,49,55" hai1="131,56,94,31,37,88,24,30,13,74,86,20,82" hai2="90,130,84,1,83,85,128,117,61,4,17,80,54" hai3="99,5,50,27,122,58,62,68,66,119,64,103,34"/><W89/><G119/><T93/><D127/><U29/><E37/><V108/><F117/><W71/><G122/><T32/><D32/><U87/><E74/><V2/><F108/><W113/><G113/><T69/><D65/><U39/><E131/><N who="2" m="50219" /><F4/><W44/><G89/><T118/><D69/><U121/><E121/><V70/><F17/><W112/><G112/><T95/><D118/><U60/><E39/><V47/><F47/><W38/><G66/><T67/><D67/><N who="1" m="39303" /><E13/><V35/><F35/><W21/><G5/><T78/><D78/><AGARI ba="0,0" hai="20,24,29,30,31,78,82,86,87,88,94" m="39303" machi="78" ten="30,3900,0" yaku="8,1,52,1,54,1" doraHai="53" who="1" fromWho="0" sc="329,-39,191,39,230,0,250,0" /><INIT seed="4,0,0,3,2,49" ten="290,230,230,250" oya="0" hai0="82,118,51,71,68,122,130,20,108,124,74,31,66" hai1="105,133,83,44,54,110,23,46,96,57,40,107,88" hai2="3,72,135,87,17,89,21,67,117,39,113,55,59" hai3="134,62,81,22,77,5,109,128,24,15,38,132,41"/><T126/><D118/><U27/><E110/><V111/><F72/><W65/><G109/><T76/><D122/><U25/><E133/><V18/><F111/><W70/><G128/><T121/><D121/><U127/><E127/><N who="0" m="48681" /><D108/><U91/><E27/><V28/><F39/><W16/><G41/><T97/><D66/><U103/><E105/><V125/><F125/><W100/><G100/><T4/><D4/><U61/><E83/><N who="2" m="49407" /><F3/><W8/><REACH who="3" step="1"/><G38/><REACH who="3" ten="290,230,230,240" step="2"/><T2/><D130/><U32/><E40/><V45/><F135/><W131/><G131/><T14/><D71/><U102/><E103/><V36/><F117/><W79/><G79/><T9/><D68/><U12/><E102/><V64/><F36/><W94/><G94/><T47/><D76/><U86/><E107/><V34/><F113/><W95/><G95/><T120/><D120/><U106/><E106/><V73/><F73/><AGARI ba="0,1" hai="5,8,15,16,22,24,62,65,70,73,77,81,132,134" machi="73" ten="40,2600,0" yaku="1,1,54,1,53,0" doraHai="49" doraHaiUra="92" who="3" fromWho="2" sc="290,0,230,0,230,-26,240,36" /><INIT seed="5,0,0,1,4,48" ten="290,230,204,276" oya="1" hai0="99,84,75,77,65,40,9,50,43,57,24,67,21" hai1="83,118,109,15,120,89,117,33,34,86,73,19,114" hai2="81,107,70,39,96,1,80,11,6,128,35,54,14" hai3="3,5,28,16,42,134,121,82,119,23,87,129,88"/><U92/><E114/><V74/><F70/><W102/><G121/><T10/><D75/><U63/><E120/><V29/><F39/><W13/><G129/><T66/><D99/><U126/><E126/><V132/><F128/><W69/><G69/><T127/><D127/><U55/><E109/><V58/><F132/><W59/><G134/><T123/><D123/><U56/><E118/><V115/><F115/><W25/><G119/><T90/><D77/><U8/><E117/><V32/><F74/><W27/><G102/><T94/><D57/><U108/><E108/><V111/><F111/><W76/><G42/><N who="0" m="15915" /><D50/><U37/><E37/><V105/><F96/><W101/><G101/><T71/><D71/><U113/><E113/><V125/><F125/><W61/><G76/><T4/><D4/><U97/><REACH who="1" step="1"/><E73/><REACH who="1" ten="290,220,204,276" step="2"/><V36/><F36/><W2/><G5/><T95/><D95/><U41/><E41/><V17/><F105/><W110/><G110/><T112/><D112/><U44/><E44/><V53/><F107/><W12/><G3/><T124/><D124/><U72/><E72/><V18/><F1/><W30/><G2/><T0/><D0/><U98/><E98/><V38/><F38/><W122/><G122/><T60/><D94/><U64/><E64/><V104/><F104/><W130/><G130/><T22/><D67/><U85/><E85/><V46/><F6/><W100/><G87/><T51/><D66/><U68/><E68/><V135/><F135/><W103/><G59/><T45/><D84/><U78/><AGARI ba="0,1" hai="8,15,19,33,34,55,56,63,78,83,86,89,92,97" machi="78" ten="20,7800,0" yaku="1,1,0,1,7,1,52,1,53,0" doraHai="48" doraHaiUra="133" who="1" fromWho="1" sc="290,-26,220,88,204,-26,276,-26" owari="264,6.4,308,40.8,178,-32.2,250,-15.0" /></mjloggm>