<mjloggm ver="2.3"><GO type="225" lobby="0"/><UN n0="%E3%81%8F%E3%81%BE%E3%81%96%E3%82%8F" n1="%E3%81%86%E3%82%8B%E3%81%8A%E3%81%A1%E3%82%83" n2="%E3%81%95%E3%81%8D%E3%81%9F%E3%81%BE%E6%9E%97%E6%AA%8E" n3="%E3%81%A1%E3%82%85%E3%81%86%E3%81%A9%E3%81%8F%E8%B1%A1%E3%81%95%E3%82%93" dan="16,16,16,17" rate="2064.28,2117.15,2154.23,2126.44" sx="M,F,M,M"/><TAIKYOKU oya="0"/><INIT seed="0,0,0,0,4,122" ten="250,250,250,250" oya="0" hai0="46,123,2,45,128,65,68,90,17,134,113,84,63" hai1="48,1,112,49,27,44,132,76,103,87,9,38,26" hai2="53,107,125,73,109,135,10,117,127,55,3,110,36" hai3="104,95,59,79,35,58,72,14,101,18,91,75,131"/><T56/><D113/><U6/><E132/><V57/><F135/><W124/><G35/><T119/><D134/><U47/><E112/><V105/><F117/><W81/><G124/><N who="2" m="47689" /><F36/><W120/><G120/><T77/><D119/><U96/><E76/><V111/><F73/><W85/><G72/><T25/><D123/><U34/><E87/><V16/><F57/><W7/><G7/><T29/><D2/><U129/><E38/><V30/><F30/><W106/><G131/><T41/><D128/><U43/><E34/><V83/><F83/><W40/><G40/><T23/><D77/><U12/><E1/><V97/><F97/><N who="3" m="61487" /><G106/><N who="2" m="40457" /><F16/><W64/><G64/><T80/><D68/><U89/><E103/><V99/><F99/><W66/><G66/><T62/><D62/><U74/><E74/><V126/><N who="2" m="47697" /><V92/><DORA hai="39" /><F92/><W67/><G67/><T61/><D61/><U98/><E129/><V78/><F78/><W37/><G37/><T70/><D70/><U0/><E0/><V32/><F32/><W54/><G18/><T8/><D41/><N who="1" m="24591" /><E98/><V108/><N who="2" m="27648" /><DORA hai="102" /><V15/><F15/><AGARI ba="0,0" hai="8,15,17,23,25,29,45,46,56,63,65,80,84,90" machi="15" ten="40,2000,0" yaku="8,1" doraHai="122,39,102" who="0" fromWho="2" sc="250,20,250,0,250,-20,250,0" /><INIT seed="0,1,0,4,2,22" ten="270,250,230,250" oya="0" hai0="23,121,120,112,10,27,34,113,100,58,89,81,63" hai1="106,13,32,76,127,39,92,82,49,97,130,131,73" hai2="96,99,19,87,85,5,59,45,119,31,18,8,41" hai3="132,30,51,38,68,14,7,61,44,79,115,94,54"/><T122/><D100/><N who="1" m="62735" /><E39/><V2/><F119/><W133/><G79/><T71/><D71/><U67/><E67/><V101/><F96/><W84/><G115/><T110/><D34/><U60/><E60/><V17/><F31/><W6/><G30/><T69/><D69/><U90/><E32/><V26/><F59/><W9/><G38/><T135/><D135/><N who="3" m="51785" /><G68/><T29/><D10/><U46/><E13/><V64/><F64/><W117/><G117/><T129/><D129/><N who="1" m="49163" /><E127/><V80/><F80/><W33/><G33/><T86/><REACH who="0" step="1"/><D110/><REACH who="0" ten="260,250,230,250" step="2"/><U40/><E90/><V0/><F8/><W11/><G9/><T70/><D70/><U43/><E92/><V77/><F101/><W15/><G94/><T95/><D95/><U105/><E105/><V116/><F116/><W56/><G11/><T47/><D47/><U83/><E83/><V48/><F45/><W72/><G44/><T114/><D114/><U93/><E93/><V62/><F41/><AGARI ba="1,1" hai="40,41,43,46,49,73,76,82" m="49163,62735" machi="41" ten="30,1000,0" yaku="19,1" doraHai="22" who="1" fromWho="2" sc="260,0,250,23,230,-13,250,0" /><INIT seed="1,0,0,4,4,52" ten="260,273,217,250" oya="1" hai0="30,72,51,98,86,53,125,59,118,101,90,39,46" hai1="112,1,70,89,29,23,75,9,130,16,128,31,35" hai2="48,78,73,19,42,117,110,50,6,28,115,74,131" hai3="113,68,93,71,88,41,107,47,22,4,40,58,36"/><U97/><E70/><V34/><F110/><W18/><G113/><T127/><D118/><U124/><E75/><V38/><F117/><W83/><G107/><T114/><D114/><U43/><E43/><V109/><F109/><W99/><G40/><T95/><D72/><U66/><E66/><V77/><F115/><W67/><G4/><T102/><D30/><U61/><E61/><V94/><F42/><W14/><REACH who="3" step="1"/><G83/><REACH who="3" ten="260,273,217,240" step="2"/><T62/><D39/><U2/><E112/><V8/><F6/><W126/><G126/><N who="0" m="48139" /><D98/><U44/><E124/><V11/><F38/><W121/><G121/><T56/><D56/><U134/><E97/><V79/><F74/><W0/><G0/><T24/><D24/><U15/><E1/><V76/><F73/><W135/><G135/><T81/><D81/><U108/><E2/><V12/><F94/><W69/><G69/><T17/><D17/><U3/><E16/><V100/><F19/><W45/><G45/><T13/><D13/><U25/><E15/><V104/><F12/><W85/><G85/><T37/><D37/><U21/><E134/><V96/><F28/><W84/><G84/><T20/><D46/><U49/><E44/><V33/><F96/><W57/><G57/><T122/><D122/><U32/><E31/><V63/><F104/><W103/><G103/><T55/><D102/><U91/><E3/><V92/><F100/><W64/><G64/><T87/><D101/><U27/><E29/><V5/><F5/><W7/><G7/><T54/><D87/><U60/><E108/><V26/><N who="2" m="19456" /><DORA hai="80" /><V133/><F133/><RYUUKYOKU ba="0,1" sc="260,-10,273,-10,217,-10,240,30" hai3="14,18,22,36,41,47,58,67,68,71,88,93,99" /><INIT seed="2,1,1,2,5,75" ten="250,263,207,270" oya="2" hai0="93,25,105,50,18,62,55,90,117,70,114,113,72" hai1="61,52,104,40,92,11,2,108,71,111,35,82,36" hai2="79,64,98,3,125,67,7,14,16,101,57,10,97" hai3="66,131,47,127,21,19,121,134,85,95,91,34,124"/><V0/><F125/><N who="3" m="48203" /><G121/><T118/><D105/><U99/><E35/><V49/><F98/><W126/><N who="3" m="48211" /><W81/><DORA hai="15" /><G34/><T41/><D72/><U132/><E104/><V116/><F116/><N who="0" m="44650" /><D41/><U94/><E132/><V51/><F79/><N who="3" m="46271" /><G66/><N who="0" m="41303" /><D18/><U6/><E40/><V42/><F42/><W27/><G47/><N who="0" m="28127" /><D25/><U53/><E36/><V123/><F123/><W84/><G131/><T103/><D103/><U59/><E71/><V96/><F67/><W133/><AGARI ba="1,1" hai="19,21,27,84,91,95,133,134" m="46271,48211" machi="133" ten="50,6400,0" yaku="18,1,52,2" doraHai="75,15" who="3" fromWho="3" sc="250,-17,263,-17,207,-33,270,77" /><INIT seed="3,0,0,1,0,41" ten="233,246,174,347" oya="3" hai0="103,53,18,65,76,69,73,61,59,47,14,110,98" hai1="70,36,23,96,79,67,89,35,108,87,91,80,10" hai2="78,28,8,120,104,17,93,85,9,19,55,77,124" hai3="133,54,99,37,118,0,49,71,43,90,107,2,92"/><W128/><G71/><T126/><D110/><U122/><E35/><V16/><F124/><W119/><G107/><T84/><D126/><U134/><E36/><V135/><F135/><W64/><G64/><T45/><D73/><U40/><E122/><V127/><F127/><W123/><G123/><T112/><D112/><U74/><E40/><V102/><F104/><W68/><G68/><T5/><D5/><U129/><E67/><V83/><F120/><W75/><G43/><T105/><D84/><U15/><E70/><V27/><F78/><W114/><G54/><T22/><D76/><U63/><E63/><AGARI ba="0,0" hai="14,18,22,45,47,53,59,61,63,65,69,98,103,105" machi="63" ten="30,3900,0" yaku="7,1,52,2" doraHai="41" who="0" fromWho="1" sc="233,39,246,-39,174,0,347,0" owari="272,7.2,207,-19.3,174,-32.6,347,44.7" /></mjloggm>