<mjloggm ver="2.3"><GO type="225" lobby="0"/><UN n0="%E3%81%9F%E3%81%A3%E3%81%A1%E3%82%87" n1="%E5%A4%8F%E9%88%B4%E9%88%B4%E5%A4%8F" n2="%E8%81%B7%E6%A5%AD%E3%80%81%E9%A2%A8%32" n3="%43%68%65" dan="16,16,16,16" rate="2062.09,2109.93,2087.71,2069.04" sx="M,M,M,M"/><TAIKYOKU oya="0"/><INIT seed="0,0,0,4,1,31" ten="250,250,250,250" oya="0" hai0="110,60,122,24,115,85,132,10,111,8,43,133,123" hai1="22,76,104,72,58,3,25,29,125,63,112,30,64" hai2="66,118,116,38,11,128,44,40,14,34,39,106,70" hai3="100,88,81,109,74,91,114,124,62,32,134,59,82"/><T117/><D43/><U18/><E104/><V95/><F106/><W119/><G114/><T135/><D115/><U33/><E112/><V80/><F128/><W0/><G0/><T13/><D85/><U102/><E102/><V1/><F95/><W15/><G119/><N who="2" m="45609" /><F80/><W101/><G109/><N who="0" m="41483" /><D117/><U89/><E125/><V45/><F1/><W4/><G124/><T96/><D60/><U9/><E89/><N who="3" m="34378" /><G32/><T17/><D96/><U68/><E68/><V73/><F34/><W35/><G35/><T46/><D46/><N who="2" m="18026" /><F73/><W121/><G74/><T50/><D50/><U86/><E72/><V51/><F51/><W98/><G121/><N who="0" m="46091" /><D24/><U126/><E126/><V42/><F40/><W83/><G98/><T27/><D27/><U92/><E86/><V26/><F26/><W53/><G83/><T48/><D48/><U19/><E76/><V75/><F75/><W20/><G82/><T99/><D99/><U120/><E120/><V21/><F42/><W28/><G81/><T57/><D57/><U41/><E41/><V129/><F39/><W71/><G100/><T77/><D77/><U65/><E29/><V94/><F38/><W105/><G28/><T55/><D55/><U37/><E37/><V49/><F49/><W16/><G101/><T67/><D67/><N who="1" m="39415" /><E33/><V107/><F66/><W47/><G47/><T97/><D97/><U79/><E79/><V113/><F113/><W23/><G105/><T78/><D78/><U2/><E92/><V36/><F94/><W108/><G108/><T52/><D52/><U127/><E127/><V54/><F107/><W90/><G53/><RYUUKYOKU ba="0,0" sc="250,30,250,-10,250,-10,250,-10" hai0="8,10,13,17,132,133,135" /><INIT seed="0,1,0,0,4,83" ten="280,240,240,240" oya="0" hai0="21,63,84,65,56,107,93,19,45,41,126,31,88" hai1="92,6,125,96,44,130,8,37,87,58,119,67,18" hai2="20,76,97,47,16,26,29,77,69,113,52,28,108" hai3="11,117,54,134,135,78,90,132,73,43,121,33,27"/><T85/><D107/><U112/><E119/><V80/><F108/><W1/><G117/><T109/><D109/><U23/><E125/><V129/><F69/><W35/><G121/><T14/><D126/><U60/><E130/><V95/><F113/><W100/><G100/><T53/><D31/><N who="2" m="11850" /><F80/><N who="3" m="45135" /><G27/><T38/><D65/><U30/><E112/><V105/><F105/><W50/><G43/><T68/><D68/><U10/><E30/><V103/><F129/><W61/><G61/><T102/><D102/><U12/><E87/><AGARI ba="1,0" hai="14,19,21,38,41,45,53,56,63,84,85,87,88,93" machi="87" ten="30,12000,1" yaku="7,1,52,3,54,1" doraHai="83" who="0" fromWho="1" sc="280,123,240,-123,240,0,240,0" /><INIT seed="0,2,0,3,0,29" ten="403,117,240,240" oya="0" hai0="13,107,10,83,76,64,44,48,111,109,52,121,116" hai1="110,131,133,16,92,3,50,31,65,113,2,30,15" hai2="90,17,91,79,23,81,63,104,28,135,134,14,71" hai3="93,21,7,34,69,86,22,100,74,59,84,18,118"/><T105/><D116/><U85/><E110/><N who="0" m="41993" /><D64/><U47/><E131/><V101/><F101/><W38/><G69/><T108/><D121/><U122/><E122/><V40/><F104/><W66/><G74/><N who="0" m="43415" /><D108/><U115/><E133/><N who="2" m="50699" /><F40/><W68/><G68/><T89/><D89/><U80/><E65/><N who="2" m="41407" /><F28/><W51/><G38/><T8/><D8/><U41/><E30/><V20/><F23/><W129/><G22/><T62/><D62/><U82/><E31/><V70/><F70/><W60/><G66/><T73/><D73/><AGARI ba="2,0" hai="14,17,20,73,79,81,90,91" m="41407,50699" machi="73" ten="30,1000,0" yaku="20,1" doraHai="29" who="2" fromWho="0" sc="403,-16,117,0,240,16,240,0" /><INIT seed="1,0,0,1,4,11" ten="387,117,256,240" oya="1" hai0="22,78,66,34,92,73,87,120,0,90,76,99,75" hai1="84,119,64,114,29,65,130,8,108,67,50,124,35" hai2="129,123,109,46,7,30,63,1,70,118,83,134,82" hai3="80,102,21,71,58,43,57,32,95,81,72,56,68"/><U23/><E114/><V10/><F109/><W94/><G32/><T122/><D34/><U131/><E119/><V110/><F123/><N who="0" m="47146" /><D0/><U100/><E108/><V19/><F118/><W79/><G43/><T85/><D66/><U44/><E124/><V127/><F127/><W12/><G81/><N who="0" m="47271" /><D22/><U3/><E35/><V103/><F129/><N who="1" m="49161" /><E84/><V20/><F110/><W93/><REACH who="3" step="1"/><G102/><REACH who="3" ten="387,117,256,230" step="2"/><N who="0" m="60775" /><D78/><U28/><E100/><V121/><F103/><W27/><G27/><T38/><D38/><U16/><E8/><V133/><F10/><W47/><G47/><T14/><D73/><U135/><E135/><V33/><F46/><W117/><G117/><T98/><D75/><U69/><E69/><V61/><F70/><W113/><G113/><T115/><D115/><U9/><E9/><V116/><F134/><W52/><G52/><T126/><D126/><U24/><E3/><V41/><F133/><W86/><G86/><T125/><D87/><U60/><E60/><V40/><F63/><W39/><G39/><T31/><D125/><U96/><E96/><V37/><F37/><W48/><G48/><T101/><D98/><U5/><E5/><V104/><F7/><W13/><G13/><T62/><D14/><U106/><E106/><V53/><F104/><W55/><G55/><AGARI ba="0,1" hai="16,23,24,28,29,44,50,55,64,65,67" m="49161" machi="55" ten="30,2900,0" yaku="19,1,54,1" doraHai="11" who="1" fromWho="3" sc="387,0,117,39,256,0,230,-29" /><INIT seed="1,1,0,4,1,96" ten="387,156,256,201" oya="1" hai0="88,61,95,85,1,100,104,114,98,99,36,89,11" hai1="101,77,106,31,76,34,78,105,28,132,25,102,126" hai2="35,110,50,120,117,112,13,80,87,17,60,7,18" hai3="59,3,10,83,111,47,9,109,2,29,93,63,16"/><U5/><E132/><V43/><F110/><N who="3" m="41995" /><G29/><T57/><D36/><U0/><E126/><V39/><F117/><W124/><G124/><T24/><D24/><U52/><E28/><V115/><F120/><W130/><G130/><T69/><D69/><U49/><E5/><V107/><F107/><W116/><G116/><T14/><D1/><N who="3" m="9" /><G47/><T53/><D114/><N who="2" m="43562" /><F35/><W23/><G83/><T55/><D53/><U91/><E0/><V58/><F39/><W135/><G93/><T82/><D14/><U20/><E34/><V38/><F38/><W41/><G41/><T81/><D11/><U6/><E6/><V122/><F122/><W37/><G37/><T64/><D64/><U86/><E106/><V134/><F134/><W44/><G44/><T19/><D19/><U54/><E105/><V40/><F43/><W75/><G75/><T127/><D127/><U72/><E72/><V30/><F30/><W8/><G135/><T68/><D68/><U128/><E128/><V56/><F40/><W92/><G92/><AGARI ba="1,0" hai="55,57,61,81,82,85,88,89,92,95,98,99,100,104" machi="92" ten="30,3900,0" yaku="7,1,52,1,54,1" doraHai="96" who="0" fromWho="3" sc="387,42,156,0,256,0,201,-42" /><INIT seed="2,0,0,0,0,128" ten="429,156,256,159" oya="2" hai0="63,131,41,28,21,102,24,34,15,133,96,13,51" hai1="5,25,46,111,105,85,47,20,62,0,23,90,45" hai2="12,7,42,2,60,26,8,39,59,18,65,100,107" hai3="36,4,64,117,112,81,114,98,11,99,116,79,91"/><V126/><F126/><W89/><G36/><T30/><D133/><U110/><E105/><V55/><F39/><W69/><G64/><T3/><D3/><U1/><E62/><V119/><F42/><W57/><G57/><T125/><D125/><U130/><E130/><V129/><F129/><W52/><G52/><T70/><D28/><N who="1" m="17447" /><E23/><V135/><F135/><W87/><G69/><T118/><D96/><N who="3" m="36905" /><G11/><T19/><D15/><U58/><E5/><V35/><F107/><W17/><G17/><T124/><D41/><U67/><E58/><V106/><F106/><W83/><G4/><T31/><D51/><U104/><E67/><V22/><F100/><W93/><G91/><T108/><D30/><U76/><E76/><V134/><F134/><W73/><G83/><T97/><D124/><U37/><E104/><V50/><F119/><AGARI ba="0,0" hai="73,79,81,87,89,93,112,114,116,117,119" m="36905" machi="119" ten="30,2000,0" yaku="34,2" doraHai="128" who="3" fromWho="2" sc="429,0,156,0,256,-20,159,20" /><INIT seed="3,0,0,3,0,21" ten="429,156,236,179" oya="3" hai0="88,4,130,116,63,73,80,44,71,133,77,52,18" hai1="16,25,11,5,98,124,87,58,94,89,53,48,135" hai2="102,19,74,46,115,7,24,134,90,32,15,69,91" hai3="9,99,93,26,92,20,3,82,79,10,60,13,35"/><W132/><G132/><T33/><D33/><U111/><E111/><V47/><F69/><W95/><G35/><T119/><D88/><N who="1" m="55623" /><E124/><V126/><F74/><W96/><G3/><T123/><D18/><U45/><E135/><V40/><F115/><W113/><G113/><T23/><D119/><U78/><E78/><V37/><F126/><W8/><G13/><T29/><D52/><U0/><E0/><V101/><F134/><W28/><REACH who="3" step="1"/><G60/><REACH who="3" ten="429,156,236,169" step="2"/><T85/><D133/><U39/><E39/><V43/><F32/><W129/><G129/><T66/><D63/><U67/><E5/><V117/><F15/><W97/><G97/><T83/><D130/><U59/><E67/><V86/><F7/><W34/><G34/><T6/><D4/><U12/><E25/><V72/><F117/><W70/><G70/><T100/><D6/><U84/><E84/><AGARI ba="0,1" hai="8,9,10,20,26,28,79,82,84,92,93,95,96,99" machi="84" ten="40,7700,0" yaku="1,1,8,1,52,1,53,0" doraHai="21" doraHaiUra="56" who="3" fromWho="1" sc="429,0,156,-77,236,0,169,87" /><INIT seed="3,1,0,2,1,125" ten="429,79,236,256" oya="3" hai0="119,81,69,12,130,28,92,33,16,79,40,104,86" hai1="50,2,84,5,71,27,131,135,43,55,54,22,20" hai2="109,60,0,95,46,66,17,30,57,115,110,34,127" hai3="14,99,62,35,64,24,101,82,10,87,112,78,74"/><W42/><BYE who="1" /><G112/><T122/><D104/><U37/><E37/><V118/><F0/><W63/><G42/><T67/><D119/><U124/><E124/><V97/><F118/><W77/><G77/><T9/><D122/><U73/><E73/><V65/><F127/><W1/><G1/><T121/><D130/><U58/><E58/><V83/><F115/><W25/><G74/><T116/><D116/><U44/><E44/><V51/><F83/><W76/><G76/><T100/><D40/><U129/><E129/><V13/><F65/><W94/><G35/><T36/><D36/><U59/><E59/><V93/><F30/><W47/><G47/><T52/><D121/><U132/><E132/><V103/><F34/><W32/><G32/><T88/><D100/><U3/><E3/><V91/><F95/><W133/><G133/><T21/><D52/><U96/><E96/><V4/><F4/><W105/><G105/><T6/><D69/><U123/><E123/><V19/><F103/><W120/><G120/><T8/><D67/><U53/><E53/><V48/><F19/><N who="3" m="8663" /><G64/><T26/><D6/><U15/><E15/><V89/><F89/><W113/><G113/><T18/><D18/><U68/><E68/><V56/><F56/><W72/><G72/><AGARI ba="1,0" hai="8,9,12,16,21,26,28,33,72,79,81,86,88,92" machi="72" ten="30,3900,0" yaku="7,1,54,2" doraHai="125" who="0" fromWho="3" sc="429,42,79,0,236,0,256,-42" owari="471,57.1,79,-42.1,236,3.6,214,-18.6" /></mjloggm>