<mjloggm ver="2.3"><GO type="225" lobby="0"/><UN n0="%E6%B4%BE%E9%81%A3%E3%81%AE%E3%82%B8%E3%83%A3%E3%83%83%E3%82%AF" n1="%E8%BE%9B%E5%8F%A3%E3%82%AB%E3%83%AC%E3%83%BC%E3%83%A9%E3%82%A4%E3%82%B9" n2="%72%61%6B%33" n3="%E3%83%97%E3%83%AC%E3%83%B4%E3%82%A1%E3%83%86%E3%82%A3" dan="17,16,16,16" rate="2218.60,2233.99,2093.75,2110.42" sx="M,M,M,F"/><TAIKYOKU oya="0"/><INIT seed="0,0,0,2,0,71" ten="250,250,250,250" oya="0" hai0="60,0,90,86,92,82,17,118,114,75,18,83,115" hai1="111,46,76,129,22,64,15,6,55,134,124,11,93" hai2="12,72,1,25,131,56,127,62,34,3,128,101,70" hai3="81,57,30,95,104,123,73,98,40,39,117,38,113"/><T42/><D0/><U79/><E111/><V23/><F72/><W47/><G113/><T52/><D118/><U44/><E129/><V112/><F70/><W66/><G117/><T10/><D114/><U109/><E109/><V29/><F112/><W20/><G104/><T19/><D115/><U24/><E134/><V119/><F119/><W126/><G126/><T14/><D42/><U69/><E124/><V45/><F127/><W61/><G123/><T133/><D133/><U132/><E132/><V106/><F45/><W87/><G73/><T102/><D75/><U96/><E64/><V53/><F101/><W4/><G4/><N who="0" m="3399" /><D102/><N who="1" m="60687" /><E69/><V105/><F105/><W107/><G107/><T59/><AGARI ba="0,0" hai="17,18,19,52,59,60,82,83,86,90,92" m="3399" machi="59" ten="30,3000,0" yaku="8,1,54,1" doraHai="71" who="0" fromWho="0" sc="250,30,250,-10,250,-10,250,-10" /><INIT seed="0,1,0,1,3,42" ten="280,240,240,240" oya="0" hai0="68,33,54,80,88,69,19,73,117,89,123,10,134" hai1="65,70,103,96,18,122,50,101,14,51,12,99,32" hai2="121,105,15,124,57,79,52,95,44,43,22,16,8" hai3="74,41,115,102,116,60,120,111,63,127,59,94,86"/><T24/><D123/><U85/><E122/><V129/><F105/><W11/><G120/><T29/><D117/><U106/><E32/><V92/><F121/><W91/><G116/><T27/><D134/><U112/><E112/><V90/><F124/><W83/><G115/><T56/><D73/><U17/><E85/><V84/><F129/><W4/><G127/><T3/><D3/><U58/><E70/><V31/><F79/><W53/><G111/><T82/><D69/><U47/><E65/><V25/><F95/><W49/><G74/><T97/><D68/><U126/><E126/><V0/><F0/><W45/><G102/><T93/><D89/><U2/><E2/><V55/><F57/><W104/><G104/><T113/><D113/><U72/><E72/><V100/><F100/><W34/><G34/><T36/><D36/><AGARI ba="1,0" hai="8,15,16,22,25,31,36,43,44,52,55,84,90,92" machi="36" ten="30,7700,0" yaku="7,1,52,1,54,2" doraHai="42" who="2" fromWho="0" sc="280,-80,240,0,240,80,240,0" /><INIT seed="1,0,0,3,0,48" ten="200,240,320,240" oya="1" hai0="134,41,65,117,59,78,98,19,119,72,1,99,13" hai1="36,121,45,68,35,40,123,133,18,7,38,2,46" hai2="93,34,131,106,86,102,89,125,11,81,116,39,96" hai3="28,71,16,6,111,101,128,47,50,54,115,114,33"/><U67/><E133/><V85/><F34/><W60/><G111/><T105/><D1/><U73/><E35/><V64/><F39/><W56/><G128/><T75/><D41/><U10/><E73/><V62/><F131/><W109/><G109/><T80/><D75/><U107/><E107/><V12/><F125/><W23/><G6/><T70/><D70/><U53/><E18/><V79/><F116/><W112/><G71/><T30/><D30/><U37/><E53/><V4/><F62/><W103/><G28/><T22/><D134/><U124/><E124/><V9/><F9/><W126/><G33/><T91/><D99/><U135/><E135/><V3/><REACH who="2" step="1"/><F64/><REACH who="2" ten="200,240,310,240" step="2"/><W76/><G126/><T66/><D66/><U87/><E38/><V52/><F52/><W24/><REACH who="3" step="1"/><G76/><REACH who="3" ten="200,240,310,230" step="2"/><T108/><D108/><U57/><E121/><V55/><F55/><AGARI ba="0,2" hai="16,23,24,47,50,54,55,56,60,101,103,112,114,115" machi="55" ten="40,12000,2" yaku="1,1,2,1,52,2,54,1,53,1" doraHai="48" doraHaiUra="43" who="3" fromWho="2" sc="200,0,240,0,310,-120,230,140" /><INIT seed="2,0,0,0,4,51" ten="200,240,190,370" oya="2" hai0="15,80,65,128,60,71,27,78,29,2,10,25,67" hai1="7,13,132,125,4,103,28,30,76,11,3,81,48" hai2="23,93,123,54,52,66,43,6,97,31,88,86,9" hai3="74,99,73,107,53,92,24,131,119,83,49,8,122"/><V40/><F123/><W114/><G122/><T12/><D128/><U61/><E132/><V32/><F32/><W117/><G131/><T16/><D65/><U22/><E125/><V41/><F66/><W79/><G114/><T115/><D115/><U120/><E120/><V134/><F134/><W58/><G73/><T112/><D112/><U68/><E103/><V19/><F31/><W72/><G72/><T82/><D2/><U21/><E48/><V37/><F37/><W135/><G135/><T94/><D94/><U20/><E4/><V33/><F33/><W39/><G39/><T118/><D118/><U70/><E3/><V91/><F9/><W129/><G129/><T130/><D130/><U36/><E36/><V104/><F6/><W75/><G75/><T50/><D50/><U14/><E14/><N who="2" m="9719" /><F104/><W90/><G24/><T34/><D27/><U133/><E133/><V55/><F86/><W113/><G113/><T108/><D108/><U105/><E105/><V121/><F121/><W100/><G8/><T127/><D127/><U5/><E5/><V110/><F110/><W56/><G56/><T44/><D15/><U124/><E124/><V38/><F38/><W109/><G109/><T26/><D26/><U102/><E68/><V45/><F45/><W87/><AGARI ba="0,0" hai="49,53,58,74,79,83,87,90,92,99,100,107,117,119" machi="87" ten="20,8000,1" yaku="0,1,7,1,24,2,52,1" doraHai="51" who="3" fromWho="3" sc="200,-20,240,-20,190,-40,370,80" /><INIT seed="3,0,0,5,1,22" ten="180,220,150,450" oya="3" hai0="54,49,103,4,80,0,97,127,124,125,128,122,107" hai1="44,11,115,27,48,71,112,84,61,105,93,104,43" hai2="28,119,9,14,111,12,133,60,70,130,99,40,17" hai3="24,73,98,81,89,110,126,20,82,59,32,68,78"/><W116/><G116/><T57/><D122/><U88/><E11/><V135/><F119/><W18/><G68/><T94/><D128/><U8/><E8/><N who="2" m="6279" /><F60/><W106/><G126/><T102/><D4/><U92/><E27/><V108/><F40/><W65/><G110/><N who="2" m="42025" /><F70/><W2/><G2/><T3/><D80/><U30/><E61/><V55/><F99/><AGARI ba="0,0" hai="0,3,49,54,57,94,97,99,102,103,107,124,125,127" machi="99" ten="40,1300,0" yaku="18,1" doraHai="22" who="0" fromWho="2" sc="180,13,220,0,150,-13,450,0" owari="193,-20.7,220,2.0,137,-36.3,450,55.0" /></mjloggm>