<mjloggm ver="2.3"><GO type="225" lobby="0"/><UN n0="%72%65%6E%6B%75%6E" n1="%72%61%6B%33" n2="%E9%89%A2%E5%B7%BB%E3%82%AC%E3%83%96" n3="%E6%97%A5%E6%9B%9C%E6%97%A5%E3%82%88%E3%82%8A%E3%81%AE%E4%BD%BF%E8%80%85" dan="17,18,16,18" rate="2322.24,2255.02,2072.43,2153.35" sx="M,M,M,M"/><TAIKYOKU oya="0"/><INIT seed="0,0,0,3,4,77" ten="250,250,250,250" oya="0" hai0="135,100,0,27,121,117,20,26,133,43,98,2,103" hai1="106,125,64,25,66,71,31,6,36,78,55,92,38" hai2="97,116,18,29,134,69,124,112,50,110,72,52,7" hai3="17,73,40,115,84,33,41,87,21,126,19,130,107"/><T53/><D43/><N who="3" m="16457" /><G33/><T57/><D117/><U28/><E125/><V96/><F112/><W95/><G107/><T118/><D118/><U35/><E28/><V65/><F72/><W13/><G73/><T83/><D83/><U108/><E108/><V12/><F110/><W60/><G115/><T104/><D103/><U14/><E55/><V51/><F7/><W76/><G126/><T127/><D121/><U4/><E14/><V68/><F50/><W11/><G130/><T114/><D114/><U54/><E54/><V94/><F97/><W80/><G60/><N who="0" m="35887" /><D127/><U24/><E78/><V91/><F65/><W109/><G109/><T90/><D90/><U82/><E66/><V67/><F67/><W61/><G61/><T8/><D8/><U62/><E82/><V15/><F124/><W74/><G74/><T88/><D88/><U39/><E92/><V113/><F113/><W132/><G132/><N who="0" m="50763" /><D26/><U5/><REACH who="1" step="1"/><E25/><REACH who="1" ten="250,240,250,250" step="2"/><V75/><F134/><W101/><G76/><T9/><D9/><U44/><E44/><V48/><F116/><W86/><G80/><T16/><AGARI ba="0,1" hai="0,2,16,20,27,98,100,104" m="50763,35887" machi="16" ten="30,3000,0" yaku="20,1,54,1" doraHai="77" who="0" fromWho="0" sc="250,40,240,-10,250,-10,250,-10" /><INIT seed="0,1,0,5,2,30" ten="290,230,240,240" oya="0" hai0="101,102,61,129,119,132,123,65,55,17,20,134,59" hai1="114,0,37,91,80,33,38,4,89,44,68,118,74" hai2="62,2,53,19,76,75,98,81,130,28,16,106,135" hai3="36,15,34,96,116,5,50,31,26,56,71,82,22"/><T86/><D123/><U99/><E118/><V111/><F2/><W108/><G116/><T78/><D119/><U29/><E114/><V48/><F111/><W58/><G71/><T73/><D73/><U7/><E68/><V120/><F120/><W79/><G36/><T88/><D78/><U84/><E74/><V63/><F130/><W41/><G108/><T40/><D40/><U12/><E0/><V115/><F115/><W126/><G126/><T87/><D87/><U122/><E122/><V94/><F106/><W1/><G96/><T70/><D129/><U60/><E60/><V24/><F63/><W92/><G92/><N who="0" m="54295" /><D65/><U67/><E67/><V8/><F62/><W69/><G69/><T90/><D90/><U54/><E37/><V39/><F8/><N who="3" m="2095" /><G41/><T109/><D109/><U103/><E91/><V133/><F39/><W13/><G50/><T57/><D57/><U107/><E38/><V113/><F113/><W127/><G127/><T66/><D66/><U105/><E105/><V27/><F94/><W51/><G51/><N who="0" m="31231" /><D70/><U93/><E107/><V117/><F98/><W3/><G3/><T112/><D112/><U21/><E54/><V11/><F117/><W42/><G42/><T18/><D18/><N who="2" m="6698" /><F11/><W49/><G49/><T121/><D61/><U46/><E46/><N who="2" m="27799" /><F24/><W52/><G52/><T124/><D124/><U14/><E44/><V10/><F10/><W64/><G64/><T125/><D125/><U83/><E99/><V97/><F97/><W77/><G58/><T100/><D121/><U25/><E25/><V110/><F110/><W131/><G131/><RYUUKYOKU ba="1,0" sc="290,15,230,-15,240,15,240,-15" hai0="17,20,100,101,102,132,134" hai2="27,28,75,76,81,133,135" /><INIT seed="0,2,0,2,2,85" ten="305,215,255,225" oya="0" hai0="62,99,102,19,115,40,1,82,45,80,15,73,110" hai1="135,25,38,22,18,23,71,37,41,21,50,59,28" hai2="132,128,54,86,130,10,58,125,96,44,47,32,109" hai3="55,7,114,97,120,95,106,26,107,72,5,133,51"/><T49/><D115/><U124/><E71/><V35/><F109/><W111/><G114/><T27/><D1/><U70/><E70/><V105/><F125/><W91/><G72/><T57/><D110/><U119/><E119/><V34/><F132/><W75/><G75/><T92/><D27/><U112/><E112/><V127/><F127/><W117/><G117/><T131/><D73/><U14/><E124/><V90/><F10/><W42/><G111/><T29/><D29/><U83/><E135/><V2/><F2/><W69/><G69/><T11/><REACH who="0" step="1"/><D131/><REACH who="0" ten="295,215,255,225" step="2"/><U31/><E31/><V3/><F3/><W134/><G134/><T33/><D33/><U6/><E25/><V123/><F130/><W78/><G133/><T12/><D12/><U65/><E28/><V43/><F128/><W52/><G26/><T36/><D36/><U93/><E38/><V46/><F34/><W101/><G120/><T100/><D100/><U64/><E37/><V53/><F123/><W116/><G116/><T24/><D24/><U126/><E14/><V88/><F32/><W67/><G101/><T17/><D17/><U81/><E18/><V4/><F35/><W30/><G30/><T79/><D79/><U104/><E126/><V76/><F76/><W20/><G78/><T129/><D129/><U63/><E6/><V39/><F4/><W94/><G5/><T13/><D13/><U84/><E21/><V108/><F108/><W77/><G20/><T122/><D122/><U74/><E22/><V113/><F39/><W118/><G7/><T8/><D8/><U87/><E23/><RYUUKYOKU ba="2,1" sc="295,30,215,-10,255,-10,225,-10" hai0="11,15,19,40,45,49,57,62,80,82,92,99,102" /><INIT seed="0,3,1,3,3,105" ten="325,205,245,215" oya="0" hai0="92,62,90,51,31,14,58,102,104,87,61,126,29" hai1="113,4,54,118,64,18,112,32,15,43,99,133,5" hai2="76,120,37,36,23,16,71,1,50,68,106,63,10" hai3="66,47,116,80,6,107,56,20,28,91,77,53,39"/><T3/><D3/><U135/><E43/><V0/><F120/><W83/><G116/><T122/><D122/><U131/><E64/><V97/><F50/><W41/><G107/><T69/><D126/><U44/><E99/><V46/><F76/><W12/><G66/><T57/><D69/><U85/><E85/><V124/><F124/><W98/><G28/><N who="0" m="10827" /><D104/><U9/><E54/><V89/><F63/><N who="0" m="24074" /><D102/><U128/><E44/><V40/><F36/><W67/><G67/><T30/><N who="0" m="10835" /><T13/><DORA hai="115" /><D57/><U100/><E100/><V27/><F106/><W7/><G56/><T70/><D70/><U60/><E60/><V17/><F0/><W19/><G53/><AGARI ba="3,1" hai="13,14,51,53,58,87,90,92" m="24074,10835" machi="53" ten="40,2000,0" yaku="8,1" doraHai="105,115" who="0" fromWho="3" sc="325,39,205,0,245,0,215,-29" /><INIT seed="0,4,0,2,1,84" ten="364,205,245,186" oya="0" hai0="99,97,43,27,134,16,59,24,13,114,70,69,120" hai1="118,61,26,37,88,19,23,81,63,14,128,133,87" hai2="98,92,9,6,21,44,72,105,58,33,10,67,104" hai3="57,55,121,131,17,41,111,125,113,62,49,74,75"/><T122/><D114/><U25/><E118/><V130/><F33/><W106/><G106/><T100/><D134/><U79/><E133/><V95/><F72/><W82/><G113/><T124/><D124/><U4/><E128/><V107/><F130/><W45/><G125/><T86/><D43/><U64/><E37/><V80/><F80/><W119/><G119/><T83/><D59/><U110/><E110/><V127/><F127/><W68/><G131/><T51/><D51/><U129/><E129/><V47/><F21/><W90/><G111/><T48/><D48/><U56/><E4/><V28/><F28/><W5/><G5/><T39/><D39/><U65/><REACH who="1" step="1"/><E79/><REACH who="1" ten="364,195,245,186" step="2"/><V53/><F67/><W30/><G121/><T94/><D120/><U32/><E32/><V116/><F116/><W91/><G30/><T102/><D122/><U52/><E52/><V93/><F98/><W73/><G82/><T22/><D70/><AGARI ba="4,1" hai="14,19,23,25,26,56,61,63,64,65,70,81,87,88" machi="70" ten="30,8000,1" yaku="1,1,7,1,52,1,54,1,53,1" doraHai="84" doraHaiUra="77" who="1" fromWho="0" sc="364,-92,195,102,245,0,186,0" /><INIT seed="1,0,0,2,4,50" ten="272,297,245,186" oya="1" hai0="73,102,24,77,38,132,124,39,72,82,47,98,120" hai1="93,118,81,87,10,70,110,83,40,133,106,36,104" hai2="112,63,101,55,116,100,2,114,45,97,86,67,5" hai3="119,74,54,35,92,12,18,111,69,95,8,64,61"/><U66/><E70/><V26/><F116/><W0/><G74/><T25/><D124/><U79/><E66/><V135/><F135/><W80/><G119/><T28/><D132/><U68/><E68/><V122/><F122/><W29/><G111/><T32/><D120/><U46/><E133/><V59/><F5/><W99/><G0/><T113/><D113/><N who="2" m="43626" /><F2/><W62/><G80/><T127/><D127/><U4/><E110/><V131/><F131/><W60/><G60/><T107/><D47/><U126/><E126/><V115/><N who="2" m="43634" /><V9/><DORA hai="43" /><F9/><W41/><G41/><T134/><D134/><U14/><E118/><V17/><F86/><W125/><G125/><T15/><D15/><U78/><REACH who="1" step="1"/><E93/><REACH who="1" ten="272,287,245,186" step="2"/><V90/><F67/><W85/><G64/><T96/><D96/><U30/><E30/><V84/><F97/><W130/><G69/><T94/><D94/><U21/><E21/><N who="2" m="13615" /><F45/><W37/><G99/><T7/><D7/><U19/><E19/><V27/><F27/><W58/><G29/><T23/><D72/><AGARI ba="0,1" hai="4,10,14,36,40,46,72,78,79,81,83,87,104,106" machi="72" ten="30,11600,0" yaku="1,1,7,1,52,1,53,1" doraHai="50,43" doraHaiUra="91,1" who="1" fromWho="0" sc="272,-116,287,126,245,0,186,0" /><INIT seed="1,1,0,5,0,103" ten="156,413,245,186" oya="1" hai0="78,61,53,11,111,123,25,63,108,71,5,89,98" hai1="121,0,34,74,44,88,33,124,4,85,43,109,125" hai2="16,82,132,47,86,41,83,6,10,57,20,130,66" hai3="35,120,39,50,55,18,8,135,27,17,101,97,73"/><U119/><E74/><V62/><F130/><W37/><G120/><T93/><D123/><U58/><E119/><V106/><F132/><W115/><G73/><T100/><D78/><U76/><E76/><V1/><F106/><W92/><G115/><T28/><D71/><U105/><E105/><V117/><F117/><W80/><G135/><T22/><D89/><U29/><E109/><N who="0" m="42057" /><D53/><U99/><E99/><V84/><F86/><W52/><G80/><T77/><D77/><U79/><E79/><V113/><F84/><W65/><G65/><T75/><D75/><U51/><E58/><V64/><F64/><W21/><G55/><T56/><D56/><U15/><E0/><AGARI ba="1,0" hai="0,5,11,22,25,28,61,63,93,98,100" m="42057" machi="0" ten="30,1000,0" yaku="14,1" doraHai="103" who="0" fromWho="1" sc="156,13,413,-13,245,0,186,0" /><INIT seed="2,0,0,4,5,36" ten="169,400,245,186" oya="2" hai0="15,42,80,20,94,129,130,62,30,49,63,105,107" hai1="126,7,34,13,5,86,118,47,19,132,38,16,24" hai2="58,133,73,106,21,115,131,102,128,119,77,0,79" hai3="6,97,108,95,122,74,68,37,17,2,87,8,121"/><V51/><F0/><W88/><G68/><T33/><D33/><U112/><E112/><V41/><F115/><W39/><G74/><T60/><D80/><U4/><E118/><V76/><F119/><W22/><G108/><T110/><D110/><U70/><E70/><V9/><F9/><W43/><G97/><T61/><N who="0" m="15360" /><DORA hai="53" /><T10/><D94/><U3/><E86/><V35/><F35/><W56/><G56/><T48/><D30/><U91/><E91/><V116/><F21/><W64/><G64/><T40/><D20/><U103/><E47/><N who="2" m="26095" /><F133/><W1/><G1/><T59/><D59/><U71/><E71/><V89/><F89/><W32/><G32/><T114/><D114/><U25/><E38/><V134/><F134/><W135/><G135/><T11/><D49/><U29/><E103/><V44/><F44/><W93/><G93/><T84/><D84/><U81/><E3/><V55/><F116/><W82/><G95/><T46/><D40/><U125/><E132/><V31/><F31/><W109/><G109/><T65/><D65/><U27/><E81/><V12/><F73/><W23/><G23/><T28/><D28/><U67/><E67/><V99/><F58/><W100/><G100/><T54/><D54/><U45/><E45/><V117/><F55/><W113/><G113/><T123/><D123/><N who="3" m="47113" /><G43/><T78/><D78/><U72/><E72/><V18/><F117/><W96/><G96/><T75/><D75/><U92/><E34/><V26/><F76/><W14/><G39/><T104/><D11/><U52/><E52/><V111/><F111/><RYUUKYOKU ba="0,0" sc="169,15,400,-15,245,-15,186,15" hai0="10,15,42,46,48,104,105,107,129,130" hai3="2,6,8,14,17,22,37,82,87,88" /><INIT seed="3,1,0,1,3,57" ten="184,385,230,201" oya="3" hai0="107,100,28,68,96,6,91,34,8,112,63,125,111" hai1="70,26,117,18,59,72,21,114,11,77,27,105,133" hai2="64,92,126,32,74,24,95,5,36,16,134,80,0" hai3="33,124,58,123,120,71,88,115,35,90,82,29,87"/><W73/><G71/><T98/><D111/><U45/><E105/><V40/><F64/><W51/><G115/><T93/><D112/><U109/><E133/><V97/><F134/><W46/><G73/><T127/><D34/><U53/><E70/><V89/><F92/><W122/><G124/><N who="0" m="47691" /><D28/><U50/><E117/><V4/><F16/><W131/><G131/><T119/><D119/><U118/><E109/><V22/><F22/><W104/><G104/><T99/><D68/><U110/><E110/><V55/><F55/><W94/><G29/><T130/><D130/><U37/><E11/><V41/><F80/><W85/><REACH who="3" step="1"/><G58/><REACH who="3" ten="184,385,230,191" step="2"/><T108/><D108/><U17/><E114/><V103/><F74/><W43/><AGARI ba="1,1" hai="33,35,43,46,51,82,85,87,88,90,94,120,122,123" machi="43" ten="30,12000,1" yaku="1,1,2,1,0,1,54,1,53,1" doraHai="57" doraHaiUra="47" who="3" fromWho="3" sc="184,-41,385,-41,230,-41,191,133" /><INIT seed="3,2,0,4,4,95" ten="143,344,189,324" oya="3" hai0="28,45,4,93,76,121,126,70,16,30,96,78,26" hai1="64,92,116,44,27,86,13,61,21,113,66,106,99" hai2="89,48,98,88,5,38,6,108,31,129,128,59,51" hai3="83,123,91,103,1,14,47,23,85,124,109,42,77"/><W32/><G32/><T46/><D121/><U72/><E72/><V79/><F38/><W107/><G1/><T11/><D70/><U118/><E113/><V54/><F108/><W24/><G123/><T34/><D126/><U39/><E106/><V134/><F134/><W122/><G122/><T52/><D30/><U50/><E39/><V7/><F98/><W53/><G124/><T3/><D46/><U132/><E13/><V15/><F15/><W87/><G109/><T131/><D131/><N who="2" m="50250" /><F79/><W18/><G53/><T2/><D2/><U84/><E132/><V102/><F102/><W127/><G127/><T25/><D45/><U63/><E64/><V40/><F31/><W67/><G67/><T37/><D37/><U75/><E75/><V56/><F40/><W100/><G14/><T29/><D52/><AGARI ba="2,0" hai="5,6,7,48,51,52,54,56,59,88,89" m="50250" machi="52" ten="30,3900,0" yaku="19,1,54,2" doraHai="95" who="2" fromWho="0" sc="143,-45,344,0,189,45,324,0" owari="98,-40.2,344,44.4,234,-16.6,324,12.4" /></mjloggm>