<mjloggm ver="2.3"><GO type="225" lobby="0"/><UN n0="%E3%81%95%E3%81%8D%E3%81%9F%E3%81%BE%E6%9E%97%E6%AA%8E" n1="%4E%49%4A%49%49%52%4F" n2="%E3%81%A1%E3%82%85%E3%81%86%E3%81%A9%E3%81%8F%E8%B1%A1%E3%81%95%E3%82%93" n3="%E9%80%9F%E6%B0%B4%E5%87%9B%E9%A6%99" dan="16,16,16,17" rate="2145.58,2179.75,2154.56,2177.72" sx="M,M,M,F"/><TAIKYOKU oya="0"/><INIT seed="0,0,0,3,1,11" ten="250,250,250,250" oya="0" hai0="84,85,101,70,129,122,71,41,78,60,127,134,112" hai1="56,59,114,131,124,8,14,116,76,27,111,128,28" hai2="34,35,120,106,96,65,121,69,109,119,118,123,30" hai3="83,48,38,81,19,4,49,132,110,95,89,39,24"/><T135/><D112/><U31/><E116/><N who="2" m="44587" /><F109/><W68/><G68/><T10/><D122/><U117/><E111/><V94/><F30/><W29/><G110/><T73/><D73/><U53/><E117/><V45/><F45/><W43/><G132/><N who="0" m="50731" /><D41/><U47/><E114/><V107/><F94/><W104/><G104/><N who="2" m="39977" /><F96/><W61/><G4/><T7/><D101/><U50/><E124/><V88/><F88/><W63/><G19/><T9/><D127/><U86/><E31/><V42/><F42/><W6/><G6/><T1/><D129/><N who="1" m="49739" /><E76/><V133/><F133/><W21/><G38/><T90/><D78/><U54/><E86/><N who="0" m="33385" /><D90/><U99/><E99/><V67/><F69/><N who="0" m="26122" /><D60/><U22/><E53/><V79/><F79/><W13/><G39/><T108/><D108/><U74/><E74/><V97/><F97/><N who="3" m="57583" /><G43/><T130/><D130/><U100/><E100/><V92/><F92/><W55/><G63/><T58/><D58/><U18/><AGARI ba="0,0" hai="8,14,18,22,27,28,47,50,54,56,59" m="49739" machi="18" ten="30,2000,0" yaku="19,1,52,1" doraHai="11" who="1" fromWho="1" sc="250,-10,250,20,250,-5,250,-5" /><INIT seed="1,0,0,1,5,79" ten="240,270,245,245" oya="1" hai0="70,62,87,16,58,91,54,86,114,37,117,120,128" hai1="32,36,69,121,74,95,106,12,3,118,50,88,34" hai2="116,123,49,27,103,45,113,68,56,78,92,82,132" hai3="9,101,71,30,72,21,47,26,55,96,40,67,44"/><U112/><RYUUKYOKU type="yao9" ba="0,0" sc="240,0,270,0,245,0,245,0" hai1="3,12,32,34,36,50,69,74,88,95,106,112,118,121" /><INIT seed="1,1,0,1,1,73" ten="240,270,245,245" oya="1" hai0="133,22,46,80,33,134,55,85,50,69,28,58,25" hai1="74,107,78,23,30,87,76,101,106,52,60,4,103" hai2="53,32,61,35,116,118,48,13,17,84,94,83,27" hai3="75,64,65,119,8,102,79,98,96,95,39,120,108"/><U99/><E4/><V82/><F94/><W127/><G120/><T88/><D69/><U71/><E71/><V47/><F61/><W92/><G39/><T49/><REACH who="0" step="1"/><D33/><REACH who="0" ten="230,270,245,245" step="2"/><U130/><E130/><V6/><F32/><W105/><G119/><T89/><D89/><U109/><E109/><V9/><F116/><W113/><G108/><T90/><D90/><U44/><E103/><V81/><F118/><W72/><G102/><T7/><D7/><U121/><E121/><V21/><REACH who="2" step="1"/><F35/><REACH who="2" ten="230,270,235,245" step="2"/><W110/><G110/><T59/><D59/><U111/><E111/><V114/><F114/><W129/><G129/><T36/><D36/><U20/><E107/><V14/><F14/><W51/><G113/><T11/><D11/><U86/><E106/><V1/><F1/><W66/><G105/><T70/><D70/><U18/><E101/><V122/><F122/><W63/><G63/><T115/><D115/><U34/><E60/><V125/><F125/><W126/><G127/><T77/><D77/><AGARI ba="1,2" hai="6,9,13,17,21,27,47,48,53,77,81,82,83,84" machi="77" ten="30,7700,0" yaku="1,1,7,1,8,1,52,1,53,0" doraHai="73" doraHaiUra="38" who="2" fromWho="0" sc="230,-80,270,0,235,100,245,0" /><INIT seed="2,0,0,5,4,82" ten="150,270,335,245" oya="2" hai0="31,34,127,97,125,132,35,12,2,24,14,94,22" hai1="124,44,51,117,60,72,89,103,83,58,7,6,75" hai2="20,68,111,70,115,118,50,71,37,90,119,16,123" hai3="130,105,42,74,69,88,28,36,3,79,64,59,63"/><V113/><F123/><W81/><G105/><T107/><D107/><U112/><E117/><V55/><F90/><W96/><G3/><T8/><D94/><U15/><E112/><N who="2" m="43083" /><F20/><W128/><G28/><T135/><D97/><U47/><E103/><V131/><F16/><W54/><G42/><T121/><D121/><U92/><E124/><N who="0" m="47689" /><D2/><U43/><E47/><N who="2" m="28127" /><F131/><W33/><G36/><T56/><D56/><U126/><E126/><V32/><F32/><N who="0" m="12330" /><D8/><U30/><E30/><V5/><F5/><W48/><G33/><T38/><D38/><U91/><E75/><V1/><F1/><W134/><G134/><AGARI ba="0,0" hai="12,14,22,24,31,132,134,135" m="12330,47689" machi="134" ten="40,8000,1" yaku="20,1,18,1,34,2" doraHai="82" who="0" fromWho="3" sc="150,80,270,0,335,0,245,-80" /><INIT seed="3,0,0,5,1,97" ten="230,270,335,165" oya="3" hai0="88,21,44,32,134,111,114,38,35,42,14,71,131" hai1="9,106,58,69,80,8,125,29,109,79,93,47,2" hai2="121,65,50,76,33,54,48,70,19,126,22,62,87" hai3="78,91,10,52,1,64,57,98,72,115,61,13,99"/><W112/><G1/><T25/><D111/><U81/><E106/><V118/><F33/><W119/><G119/><T46/><D131/><U133/><E69/><V60/><F118/><W27/><G27/><T86/><D134/><U107/><E133/><V40/><F40/><W120/><G120/><T39/><D71/><U20/><E107/><V63/><F50/><W37/><G37/><T49/><D114/><U45/><E109/><V83/><F126/><W101/><G78/><T122/><D122/><U132/><E132/><V135/><F135/><W103/><G72/><T77/><D77/><U59/><E93/><V68/><F68/><W124/><G124/><T16/><D39/><U56/><E125/><V85/><F85/><W117/><G117/><T100/><D100/><N who="3" m="38473" /><G115/><T55/><D25/><N who="1" m="16551" /><E2/><V7/><F121/><W67/><G112/><T90/><REACH who="0" step="1"/><D90/><REACH who="0" ten="220,270,335,165" step="2"/><U5/><E79/><V113/><F113/><W53/><G91/><T94/><AGARI ba="0,1" hai="14,16,21,32,35,38,42,44,46,49,55,86,88,94" machi="94" ten="20,12000,2" yaku="1,1,2,1,0,1,7,1,54,2,53,0" doraHai="97" doraHaiUra="92" who="0" fromWho="0" sc="220,130,270,-30,335,-30,165,-60" owari="350,45.0,240,-16.0,305,10.5,105,-39.5" /></mjloggm>