<mjloggm ver="2.3"><GO type="225" lobby="0"/><UN n0="%70%68%65%6E%6F%6D%65" n1="%74%61%6B%75%61%6B%61" n2="%E3%81%A1%E3%82%85%E3%81%86%E3%81%A9%E3%81%8F%E8%B1%A1%E3%81%95%E3%82%93" n3="%E3%81%95%E3%81%8D%E3%81%9F%E3%81%BE%E6%9E%97%E6%AA%8E" dan="17,17,16,16" rate="2181.01,2244.74,2171.02,2106.58" sx="M,M,M,M"/><TAIKYOKU oya="0"/><BYE who="0" /><INIT seed="0,0,0,5,5,130" ten="250,250,250,250" oya="0" hai0="17,129,114,119,56,5,2,61,126,66,42,118,27" hai1="8,59,32,63,97,133,113,36,57,99,35,117,123" hai2="22,39,75,9,41,52,102,25,20,15,120,76,53" hai3="91,131,77,7,112,88,90,12,33,45,124,125,64"/><T134/><D134/><U16/><E123/><UN n0="%70%68%65%6E%6F%6D%65" /><V96/><F120/><W73/><G112/><T18/><D114/><U71/><E113/><V80/><F41/><W0/><G0/><T48/><D129/><U13/><E36/><V104/><F39/><W29/><G131/><T79/><D126/><N who="3" m="48745" /><G91/><T24/><D79/><U100/><E117/><V116/><F116/><W10/><G64/><T43/><D2/><U58/><E133/><V110/><F110/><W84/><G73/><T121/><D121/><U19/><E19/><V135/><F135/><W26/><G45/><T82/><D5/><U6/><E97/><V50/><F25/><N who="0" m="9802" /><D119/><U60/><E6/><V51/><F51/><W107/><G107/><T92/><D82/><AGARI ba="0,0" hai="7,10,12,26,29,33,77,82,84,88,90" m="48745" machi="82" ten="30,2000,0" yaku="18,1,54,1" doraHai="130" who="3" fromWho="0" sc="250,-20,250,0,250,0,250,20" /><INIT seed="1,0,0,3,0,114" ten="230,250,250,270" oya="1" hai0="20,28,71,96,105,52,95,55,41,58,113,37,38" hai1="7,97,5,49,101,85,118,14,115,56,88,9,8" hai2="65,82,125,86,124,122,116,0,75,2,127,13,53" hai3="66,17,35,10,107,98,27,19,99,33,119,132,34"/><U36/><E36/><V67/><F122/><W83/><G66/><N who="2" m="25097" /><F75/><W47/><G47/><T21/><D71/><U77/><E115/><V68/><F68/><W63/><G63/><T109/><D113/><U110/><E110/><V78/><F53/><W120/><G132/><T123/><D109/><U135/><E135/><V16/><F116/><W39/><G39/><T111/><D111/><U81/><E118/><V12/><F12/><W93/><G119/><T1/><D123/><U24/><E24/><V84/><F84/><W129/><G129/><T76/><D105/><U42/><E56/><V72/><F72/><W26/><G107/><T131/><D131/><U43/><E77/><V6/><F6/><W70/><G70/><T104/><D104/><U108/><E49/><V80/><F80/><W90/><G83/><T121/><D121/><U102/><E108/><V74/><F74/><W15/><G120/><T3/><D1/><U133/><E133/><V29/><F29/><W31/><REACH who="3" step="1"/><G99/><REACH who="3" ten="230,250,250,260" step="2"/><T57/><D38/><U62/><E62/><V25/><F25/><W4/><G4/><T18/><D37/><U11/><E97/><V69/><F69/><W30/><G30/><T130/><D130/><U73/><E5/><V117/><F117/><W126/><G126/><T100/><D28/><U89/><E7/><V61/><F61/><W134/><G134/><T60/><D60/><U50/><E81/><V64/><N who="2" m="25105" /><V92/><DORA hai="51" /><F127/><W44/><G44/><T45/><D96/><U87/><E50/><V54/><F125/><W48/><G48/><N who="0" m="30855" /><D45/><U128/><E128/><RYUUKYOKU ba="0,1" sc="230,-10,250,-10,250,-10,260,30" hai3="10,15,17,19,26,27,31,33,34,35,90,93,98" /><INIT seed="2,1,1,4,4,88" ten="220,240,240,290" oya="2" hai0="132,23,0,30,97,26,72,65,59,122,79,121,68" hai1="13,75,71,18,81,8,16,6,56,105,101,69,44" hai2="45,20,60,4,94,119,9,55,37,127,64,39,38" hai3="100,106,2,19,62,5,3,57,54,135,83,73,98"/><V12/><F119/><W21/><G135/><T80/><D132/><U10/><E105/><V117/><F117/><W96/><G5/><T70/><D0/><U41/><E101/><V99/><F127/><W43/><G43/><T125/><D125/><U35/><E35/><V85/><F85/><W93/><G83/><T134/><D134/><U63/><E75/><V114/><F114/><W46/><G46/><T42/><D42/><U116/><E81/><V28/><F55/><W50/><G50/><T92/><D70/><U36/><E116/><V87/><F87/><W84/><G84/><T124/><D68/><U133/><E18/><V131/><F131/><W90/><G73/><T120/><D124/><U47/><E47/><V51/><F28/><W74/><G74/><T24/><D24/><AGARI ba="1,1" hai="2,3,19,21,24,54,57,62,90,93,96,98,100,106" machi="24" ten="30,7700,0" yaku="7,1,25,2,52,1" doraHai="88" who="3" fromWho="0" sc="220,-80,240,0,240,0,290,90" /><INIT seed="3,0,0,5,1,36" ten="140,240,240,380" oya="3" hai0="129,106,35,87,112,85,132,64,10,89,68,79,104" hai1="122,116,13,59,20,54,32,27,103,120,7,95,31" hai2="101,25,77,16,38,71,43,110,115,83,113,19,121" hai3="52,23,48,92,86,14,3,100,117,72,67,47,127"/><W46/><G72/><T133/><D10/><U65/><E116/><V18/><F71/><W109/><G127/><T30/><D30/><U69/><E69/><V55/><F101/><W9/><G3/><T50/><D35/><U107/><E107/><V98/><F98/><W28/><G109/><T17/><D17/><U124/><E124/><V58/><F110/><W1/><G1/><T24/><D24/><U11/><E65/><V93/><F93/><W57/><G117/><T8/><D8/><U5/><E5/><V26/><F121/><W96/><G86/><T62/><D129/><U97/><E32/><V114/><F43/><W94/><G94/><T80/><D112/><U90/><E103/><V66/><F66/><W102/><G67/><T40/><D106/><U134/><E134/><V15/><F38/><W105/><G105/><T61/><D61/><AGARI ba="0,0" hai="7,11,13,20,27,31,54,59,61,90,95,97,120,122" machi="61" ten="30,1000,0" yaku="7,1" doraHai="36" who="1" fromWho="0" sc="140,-10,240,10,240,0,380,0" owari="130,-37.0,250,5.0,240,-16.0,380,48.0" /></mjloggm>