<mjloggm ver="2.3"><GO type="225" lobby="0"/><UN n0="%E5%A4%96%E5%B7%9D%E7%AB%9C%E6%88%90" n1="%E6%97%A5%E6%9B%9C%E6%97%A5%E3%82%88%E3%82%8A%E3%81%AE%E4%BD%BF%E8%80%85" n2="%E7%B4%94%E6%BD%94%E3%83%94%E3%83%A9%E3%83%8B%E3%82%A2" n3="%73%6C%69%63%6B%33%31%39" dan="16,18,17,16" rate="2216.27,2187.11,2215.46,2180.58" sx="M,M,M,M"/><TAIKYOKU oya="0"/><INIT seed="0,0,0,2,4,130" ten="250,250,250,250" oya="0" hai0="118,22,45,74,31,59,62,49,15,129,119,26,86" hai1="44,132,27,108,34,67,98,14,104,25,23,109,80" hai2="8,94,91,51,116,64,10,115,77,41,17,63,68" hai3="97,134,120,7,36,42,58,107,50,101,2,21,81"/><T92/><D74/><U18/><E67/><V85/><F115/><W69/><G120/><T112/><D112/><U0/><E0/><V54/><F41/><W75/><G21/><T48/><D129/><U13/><E80/><V52/><F54/><W57/><G50/><T121/><D121/><U90/><E44/><V47/><F116/><W70/><G58/><T133/><D133/><U106/><E90/><V56/><F68/><W126/><G57/><T16/><D119/><U82/><E82/><V65/><F65/><W46/><G126/><T105/><D105/><U61/><E61/><V30/><F30/><W32/><G32/><T127/><D127/><U76/><E76/><V73/><F73/><W3/><G134/><T96/><D86/><U20/><E98/><V84/><F17/><W87/><G87/><T135/><D135/><U111/><E132/><V114/><F114/><W12/><G12/><N who="1" m="4714" /><E34/><V88/><F77/><N who="3" m="44223" /><G2/><T122/><D45/><U55/><E55/><V113/><F113/><W95/><G95/><AGARI ba="0,0" hai="8,10,47,51,52,56,63,64,84,85,88,91,94,95" machi="95" ten="30,8000,1" yaku="7,1,9,1,8,1,54,2" doraHai="130" who="2" fromWho="3" sc="250,0,250,0,250,80,250,-80" /><INIT seed="1,0,0,1,3,97" ten="250,250,330,170" oya="1" hai0="89,109,36,134,38,85,130,2,48,23,81,15,115" hai1="78,19,53,3,18,16,86,91,87,69,100,92,51" hai2="1,135,70,30,125,99,39,8,43,133,37,45,26" hai3="79,0,52,49,58,25,11,47,131,42,116,110,13"/><U14/><E3/><V112/><F70/><W32/><G110/><T111/><D115/><U10/><E69/><V7/><F112/><W114/><G114/><T95/><D2/><U117/><E117/><V118/><F118/><W61/><G116/><T128/><D48/><U132/><E132/><N who="2" m="50763" /><F99/><W22/><G131/><N who="0" m="50219" /><D134/><U54/><E100/><V6/><F6/><W90/><G32/><T66/><D66/><U104/><E104/><V62/><F62/><W21/><G0/><T24/><D15/><U67/><E67/><V63/><F63/><W127/><G127/><T102/><D38/><U5/><REACH who="1" step="1"/><E51/><REACH who="1" ten="250,240,330,170" step="2"/><N who="2" m="27071" /><F125/><W12/><G79/><T119/><D119/><U96/><E96/><V103/><F103/><W88/><G13/><T121/><D36/><U105/><E105/><V40/><F40/><W71/><G71/><T101/><D121/><U108/><E108/><N who="0" m="41545" /><D95/><U72/><E72/><V20/><AGARI ba="0,1" hai="1,7,8,20,26,30,37,39" m="27071,50763" machi="20" ten="30,1100,0" yaku="20,1" doraHai="97" who="2" fromWho="2" sc="250,-3,240,-5,330,21,170,-3" /><INIT seed="2,0,0,1,4,58" ten="247,235,351,167" oya="2" hai0="96,74,111,120,44,22,85,54,40,78,13,5,6" hai1="82,4,105,43,108,134,41,97,24,129,113,1,126" hai2="45,117,12,79,32,127,14,102,31,115,30,106,20" hai3="89,83,91,64,3,119,88,34,100,80,128,8,112"/><V57/><F106/><W124/><G119/><T33/><D33/><U39/><E113/><V76/><F102/><W51/><G34/><T116/><D116/><U77/><E24/><V25/><F57/><W81/><G112/><T118/><D118/><U10/><E108/><V72/><F45/><W130/><G3/><T26/><D74/><U62/><E126/><V61/><F72/><W86/><G8/><T11/><D5/><U29/><E29/><V17/><F20/><W59/><G124/><T18/><D54/><U69/><E129/><N who="3" m="49770" /><G51/><N who="0" m="27015" /><D111/><U52/><E134/><V35/><F25/><W93/><G59/><T7/><D7/><U46/><E41/><V19/><F117/><W73/><G64/><T75/><D75/><U133/><E133/><V122/><F115/><W21/><G21/><T55/><D55/><U84/><E52/><V63/><F127/><W60/><G60/><T123/><D96/><U109/><E109/><V28/><F28/><W47/><G47/><T67/><D67/><U0/><E0/><V9/><F122/><W37/><G37/><T87/><D87/><U71/><E62/><V99/><F99/><N who="3" m="59503" /><G73/><T15/><D26/><U92/><E105/><V38/><F38/><W68/><G68/><T65/><D65/><U95/><E71/><V2/><F2/><W121/><G121/><T27/><D27/><U107/><E69/><V56/><F56/><W90/><AGARI ba="0,0" hai="80,81,83,86,88,89,90,91" m="59503,49770" machi="90" ten="30,7900,0" yaku="19,1,34,2,54,1" doraHai="58" who="3" fromWho="3" sc="247,-20,235,-20,351,-39,167,79" /><INIT seed="3,0,0,1,2,126" ten="227,215,312,246" oya="3" hai0="79,21,99,94,58,63,89,91,102,111,55,106,82" hai1="36,33,41,3,76,66,7,10,83,72,62,127,50" hai2="135,15,65,87,116,75,105,108,34,5,133,97,69" hai3="130,26,74,96,114,112,53,18,30,23,64,113,42"/><W101/><G74/><T40/><D111/><U118/><E127/><V121/><F108/><W43/><G64/><T86/><D40/><U22/><E118/><V103/><F75/><W49/><G30/><T35/><D35/><U52/><E33/><V134/><F34/><W56/><REACH who="3" step="1"/><G130/><REACH who="3" ten="227,215,312,236" step="2"/><T67/><D67/><U16/><E36/><V39/><F39/><W0/><G0/><T98/><REACH who="0" step="1"/><D21/><REACH who="0" ten="217,215,312,236" step="2"/><U104/><E66/><V119/><F65/><W123/><G123/><T110/><D110/><U80/><E22/><V57/><F121/><W131/><G131/><T59/><D59/><U29/><E41/><V45/><F57/><W25/><G25/><T20/><D20/><U60/><E3/><V122/><F122/><W24/><G24/><T46/><D46/><U120/><E120/><V28/><F45/><W47/><G47/><T31/><D31/><U128/><E29/><V51/><F28/><W8/><G8/><T44/><D44/><U2/><E128/><V88/><F69/><W48/><G48/><T11/><D11/><U32/><E32/><V1/><F51/><W37/><G37/><T9/><D9/><U70/><E70/><V100/><F1/><W78/><G78/><AGARI ba="0,2" hai="55,58,63,78,79,82,86,89,91,94,98,99,102,106" machi="78" ten="40,1300,0" yaku="1,1,53,0" doraHai="126" doraHaiUra="4" who="0" fromWho="3" sc="217,33,215,0,312,0,236,-13" owari="250,5.0,215,-28.5,312,41.2,223,-17.7" /></mjloggm>