<mjloggm ver="2.3"><GO type="225" lobby="0"/><UN n0="%E3%81%86%E3%82%8C%E3%81%9F%E3%82%93%E6%9E%95" n1="%6D%75%75%6D%75%72%61" n2="%E3%81%82%E3%81%B9%E3%81%99%E3%81%91" n3="%E7%AD%89%E3%80%85%E5%8A%9B%E5%8A%87%E5%A0%B4" dan="16,16,16,16" rate="2101.06,2110.94,2126.80,2142.97" sx="F,M,M,M"/><TAIKYOKU oya="0"/><INIT seed="0,0,0,5,3,4" ten="250,250,250,250" oya="0" hai0="107,100,19,33,76,13,127,43,58,9,128,123,132" hai1="31,119,65,69,21,3,6,130,121,47,28,52,95" hai2="41,22,88,42,93,135,50,67,25,18,34,71,75" hai3="117,10,62,98,131,59,20,29,68,16,35,96,126"/><T108/><D123/><U61/><E119/><V115/><F115/><W125/><G117/><T134/><D33/><U39/><E121/><V24/><F75/><W80/><G68/><T63/><D128/><U113/><E130/><V114/><F114/><W45/><G131/><T110/><D127/><N who="3" m="48649" /><G45/><T7/><D76/><U118/><E118/><V103/><F135/><N who="0" m="51754" /><D43/><U14/><E113/><V8/><F67/><W40/><G40/><T90/><D90/><U124/><E124/><V66/><F103/><W91/><G35/><T111/><D107/><U5/><E3/><V97/><F66/><W101/><G91/><T60/><D100/><U84/><E39/><V78/><F78/><W122/><G80/><T64/><D63/><U133/><E133/><V36/><F71/><W70/><G70/><T15/><D19/><N who="1" m="10487" /><E69/><V17/><F34/><W73/><G73/><T37/><D37/><U38/><E38/><V1/><F36/><W89/><G122/><T104/><D104/><U51/><E61/><V23/><REACH who="2" step="1"/><F50/><REACH who="2" ten="250,250,240,250" step="2"/><W56/><G101/><T102/><D102/><U49/><E49/><V86/><F86/><W53/><G98/><T46/><D46/><U83/><E65/><V27/><F27/><W55/><G96/><T129/><D129/><U105/><E105/><V82/><F82/><W109/><G89/><T0/><AGARI ba="0,1" hai="0,7,9,13,15,58,60,64,108,110,111" m="51754" machi="0" ten="40,12000,1" yaku="14,1,10,1,20,1,52,1" doraHai="4" who="0" fromWho="0" sc="250,130,250,-40,240,-40,250,-40" /><INIT seed="0,1,0,1,0,12" ten="380,210,200,210" oya="0" hai0="58,129,8,13,82,102,43,33,128,46,23,79,49" hai1="132,131,64,32,51,50,77,86,80,54,90,114,117" hai2="73,70,78,34,125,74,39,106,47,10,28,110,120" hai3="30,88,61,19,45,15,71,69,104,5,124,56,2"/><T67/><D33/><U103/><E117/><V83/><F120/><W68/><G104/><T44/><D102/><U52/><E32/><V92/><F92/><W26/><G124/><T21/><D67/><U1/><E1/><V35/><F110/><W24/><G2/><T119/><D58/><N who="1" m="33047" /><E131/><N who="0" m="50249" /><D46/><N who="1" m="28023" /><E132/><V72/><F106/><W96/><G5/><N who="0" m="3215" /><D119/><U101/><E114/><V62/><F125/><W48/><G45/><T9/><D9/><U6/><E6/><V29/><F10/><W31/><G48/><T84/><AGARI ba="1,0" hai="21,23,43,44,49,79,82,84" m="3215,50249" machi="84" ten="30,3000,0" yaku="25,1,19,1" doraHai="12" who="0" fromWho="0" sc="380,33,210,-11,200,-11,210,-11" /><INIT seed="0,2,0,4,2,124" ten="413,199,189,199" oya="0" hai0="97,54,79,85,123,32,125,40,101,31,36,133,107" hai1="23,72,16,87,73,118,90,52,10,117,45,24,84" hai2="17,75,76,19,110,43,131,3,18,92,78,69,99" hai3="81,68,104,47,86,62,93,2,14,108,59,7,95"/><T121/><D125/><U4/><E118/><V70/><F3/><W57/><G104/><T56/><D133/><U65/><E117/><V89/><F110/><W60/><G2/><T71/><D71/><U15/><E65/><V127/><F127/><W28/><G68/><T13/><D40/><U53/><E87/><V41/><F131/><W103/><G108/><T114/><D36/><U115/><E115/><V37/><F37/><W9/><G28/><T49/><D114/><U46/><E73/><V11/><F70/><W83/><G47/><N who="1" m="17930" /><E72/><V130/><F130/><W22/><G22/><T126/><D13/><U34/><E34/><V135/><F69/><W1/><G1/><T55/><D55/><U26/><E26/><V88/><F75/><W100/><G14/><T20/><D32/><U5/><E5/><V80/><F135/><W132/><G86/><T51/><D51/><U6/><E6/><V113/><F11/><W134/><G7/><T58/><D58/><U0/><E0/><V128/><F128/><W96/><REACH who="3" step="1"/><G96/><REACH who="3" ten="413,199,189,189" step="2"/><T39/><D126/><U66/><E66/><V109/><F113/><W77/><G77/><N who="2" m="29801" /><F109/><W25/><G25/><N who="0" m="16807" /><D79/><U21/><E21/><V106/><F106/><W27/><G27/><T82/><D39/><U116/><E116/><V63/><F63/><W111/><G111/><T44/><D44/><U29/><E4/><V98/><F98/><W35/><G35/><T8/><D8/><AGARI ba="2,1" hai="8,9,57,59,60,62,81,83,93,95,100,103,132,134" machi="8" ten="25,3200,0" yaku="1,1,22,2,53,0" doraHai="124" doraHaiUra="112" who="3" fromWho="0" sc="413,-38,199,0,189,0,189,48" /><INIT seed="1,0,0,1,5,121" ten="375,199,189,237" oya="1" hai0="13,134,23,92,128,9,76,104,59,65,49,72,17" hai1="46,96,71,129,85,77,81,114,43,22,64,2,86" hai2="126,28,62,101,31,130,133,73,30,1,132,55,38" hai3="51,54,123,69,52,102,95,12,90,37,94,97,26"/><U16/><E114/><V107/><F38/><W45/><G123/><T19/><D104/><U98/><E129/><V61/><F130/><W66/><G37/><T122/><D122/><U41/><E2/><V32/><F1/><W91/><G69/><T88/><D128/><U111/><E111/><V5/><F73/><W113/><G66/><T18/><D72/><U47/><E71/><V83/><F5/><W127/><G127/><T34/><D34/><U58/><E85/><V6/><F6/><W21/><G113/><T87/><D134/><N who="2" m="51818" /><F83/><W78/><G78/><T106/><D106/><U131/><E131/><V100/><F126/><W118/><G118/><T60/><D76/><U8/><E8/><V29/><F29/><W119/><G119/><T116/><D116/><U79/><E79/><V75/><F75/><W89/><G12/><N who="0" m="9639" /><D49/><U24/><E58/><N who="2" m="35039" /><F107/><W93/><REACH who="3" step="1"/><G54/><REACH who="3" ten="375,199,189,227" step="2"/><T109/><D109/><U112/><E112/><V7/><F32/><W120/><G120/><T48/><D13/><U115/><E115/><V103/><F7/><W40/><G40/><N who="1" m="15434" /><E64/><V117/><F117/><W33/><G33/><T125/><D65/><U15/><E15/><V3/><F3/><W53/><G53/><T27/><D125/><U42/><E42/><V84/><F62/><W14/><G14/><T82/><D60/><U36/><E36/><V124/><F124/><W4/><G4/><T135/><D135/><U25/><E25/><V80/><F80/><W44/><G44/><AGARI ba="0,1" hai="16,22,24,44,46,47,77,81,86,96,98" m="15434" machi="44" ten="30,2900,0" yaku="8,1,54,1" doraHai="121" who="1" fromWho="3" sc="375,0,199,39,189,0,227,-29" /><INIT seed="1,1,0,4,5,63" ten="375,238,189,198" oya="1" hai0="54,79,42,66,15,98,99,117,101,97,17,76,65" hai1="121,126,32,36,78,67,46,34,26,40,38,71,21" hai2="43,64,85,87,120,24,112,55,52,92,84,0,41" hai3="104,35,74,10,33,48,110,77,116,44,114,109,49"/><U123/><E126/><V89/><F120/><W5/><G104/><T88/><D117/><U80/><E38/><V8/><F112/><W130/><G114/><T59/><D42/><N who="2" m="15882" /><F0/><W28/><G130/><T22/><D101/><U129/><E129/><V50/><F8/><W69/><G116/><T70/><D88/><U93/><E93/><V96/><F24/><W61/><G77/><N who="0" m="29771" /><D70/><U133/><E133/><V103/><F64/><N who="3" m="41103" /><G74/><T31/><D31/><U2/><E2/><V72/><F72/><W30/><G30/><T125/><D125/><U37/><E37/><V119/><F119/><W108/><G28/><T68/><D68/><U53/><E71/><V111/><F111/><N who="3" m="28419" /><W118/><DORA hai="19" /><G118/><T29/><D29/><U81/><E67/><V57/><F55/><N who="3" m="30087" /><G49/><AGARI ba="1,0" hai="15,17,22,49,54,59,65,66,97,98,99" m="29771" machi="49" ten="30,7700,0" yaku="8,1,52,3" doraHai="63,19" who="0" fromWho="3" sc="375,80,238,0,189,0,198,-80" /><INIT seed="2,0,0,0,5,4" ten="455,238,189,118" oya="2" hai0="101,74,0,15,109,54,9,93,5,112,7,99,134" hai1="65,98,108,102,76,17,40,88,124,129,12,100,67" hai2="41,123,132,114,59,39,116,119,47,44,24,111,34" hai3="66,86,25,135,19,85,13,87,94,115,52,77,35"/><V29/><F114/><W122/><G122/><T22/><D74/><U10/><E108/><V91/><F123/><W57/><G135/><T104/><D134/><U113/><E113/><V64/><F132/><W20/><G115/><T69/><D69/><U43/><E124/><V92/><F111/><W106/><G106/><T128/><D128/><U30/><E129/><V117/><F47/><W6/><G66/><N who="1" m="25098" /><E76/><V58/><REACH who="2" step="1"/><F64/><REACH who="2" ten="455,238,179,118" step="2"/><W79/><G94/><T84/><D109/><U70/><E70/><V21/><F21/><W121/><G121/><T75/><D22/><U130/><E130/><V11/><F11/><N who="3" m="4343" /><G35/><T14/><D112/><U90/><E43/><V105/><F105/><W27/><G27/><T48/><D104/><U83/><E40/><V82/><F82/><W51/><AGARI ba="0,1" hai="19,20,25,51,52,57,77,79,85,86,87" m="4343" machi="51" ten="30,4000,0" yaku="8,1,52,1,54,1" doraHai="4" who="3" fromWho="3" sc="455,-10,238,-10,179,-20,118,50" /><INIT seed="3,0,0,3,3,81" ten="445,228,159,168" oya="3" hai0="74,116,86,97,65,77,2,49,110,18,114,130,15" hai1="85,71,68,120,34,16,7,135,28,73,95,0,9" hai2="107,132,45,92,126,80,57,109,102,91,60,48,108" hai3="66,11,14,96,44,19,127,38,67,124,64,118,27"/><W61/><G118/><T111/><D2/><U69/><E120/><V131/><F132/><W3/><G3/><T32/><D114/><U104/><E104/><V46/><F131/><W25/><G61/><T83/><D32/><U20/><E73/><V98/><F126/><N who="3" m="48171" /><G96/><T117/><D130/><U36/><E36/><V101/><F80/><W29/><G29/><T24/><D65/><U119/><E135/><V94/><F94/><W134/><G134/><T90/><D97/><U121/><E121/><V129/><F129/><W79/><G79/><T37/><D24/><N who="1" m="18695" /><E119/><V78/><F78/><W106/><G106/><T58/><D111/><N who="2" m="42570" /><F107/><W54/><G54/><N who="0" m="32079" /><D110/><U123/><E123/><V115/><F115/><W52/><G38/><T8/><D37/><U56/><E56/><V42/><F46/><W70/><G70/><T12/><D117/><U88/><E71/><V59/><F59/><W51/><AGARI ba="0,0" hai="11,14,19,25,27,44,51,52,64,66,67" m="48171" machi="51" ten="40,3900,0" yaku="18,1,54,1" doraHai="81" who="3" fromWho="3" sc="445,-13,228,-13,159,-13,168,39" /><INIT seed="3,1,0,3,0,79" ten="432,215,146,207" oya="3" hai0="102,87,73,60,58,131,29,76,108,37,128,117,48" hai1="89,133,53,88,78,8,106,93,84,25,98,119,57" hai2="21,38,55,18,96,113,65,63,13,130,42,6,7" hai3="124,44,24,26,45,101,120,69,85,66,112,23,92"/><W77/><G120/><T9/><D108/><U74/><E133/><V125/><F130/><W34/><G112/><T33/><D87/><N who="1" m="52383" /><E74/><V68/><F125/><W72/><G72/><T127/><D9/><U82/><E106/><V10/><F113/><W17/><G124/><T103/><D48/><N who="1" m="30887" /><E119/><V35/><F35/><W114/><G114/><T40/><D29/><U111/><E111/><V95/><F10/><W2/><G2/><T19/><D60/><U30/><E8/><V1/><F1/><W0/><G0/><T56/><D19/><U122/><E122/><V126/><F126/><W59/><G69/><T107/><D56/><U3/><E3/><V97/><F97/><N who="3" m="59559" /><G26/><T51/><D103/><U11/><E11/><V41/><F55/><W27/><G24/><T118/><D40/><U99/><E78/><V91/><REACH who="2" step="1"/><F38/><REACH who="2" ten="432,215,136,207" step="2"/><W54/><G34/><T12/><D33/><U16/><E30/><V14/><F14/><W110/><G110/><T81/><D12/><U50/><E99/><V5/><AGARI ba="1,1" hai="5,6,7,13,18,21,41,42,63,65,68,91,95,96" machi="5" ten="30,2000,0" yaku="1,1,0,1,53,0" doraHai="79" doraHaiUra="32" who="2" fromWho="2" sc="432,-6,215,-6,136,33,207,-11" owari="426,52.6,209,0.9,169,-33.1,196,-20.4" /></mjloggm>