<mjloggm ver="2.3"><GO type="225" lobby="0"/><UN n0="%E3%81%95%E3%81%8D%E3%81%9F%E3%81%BE%E6%9E%97%E6%AA%8E" n1="%72%69%6F%75%63%68%61%6E" n2="%6D%75%75%6D%75%72%61" n3="%E9%80%9F%E6%B0%B4%E5%87%9B%E9%A6%99" dan="16,16,16,16" rate="2099.96,2199.79,2142.62,2127.79" sx="M,M,F,F"/><TAIKYOKU oya="0"/><INIT seed="0,0,0,0,0,52" ten="250,250,250,250" oya="0" hai0="32,93,42,90,61,128,19,23,74,37,35,67,60" hai1="75,30,98,79,45,24,120,127,108,102,118,81,51" hai2="106,111,56,17,124,134,34,58,87,66,110,63,2" hai3="95,91,113,39,82,12,112,20,100,122,78,99,125"/><T68/><D128/><U86/><E108/><N who="2" m="41515" /><F134/><W76/><G39/><T44/><D74/><U3/><E127/><V121/><F121/><W77/><G12/><T13/><REACH who="0" step="1"/><D60/><REACH who="0" ten="240,250,250,250" step="2"/><U38/><E75/><V46/><F63/><W72/><G122/><T64/><D64/><U119/><E120/><V7/><F66/><W40/><G125/><T103/><D103/><U18/><E119/><V130/><F124/><W105/><G40/><T96/><AGARI ba="0,1" hai="13,19,23,32,35,37,42,44,61,67,68,90,93,96" machi="96" ten="20,12000,1" yaku="1,1,0,1,7,1,53,2" doraHai="52" doraHaiUra="28" who="0" fromWho="0" sc="240,130,250,-40,250,-40,250,-40" /><INIT seed="0,1,0,3,4,1" ten="370,210,210,210" oya="0" hai0="67,55,45,63,6,104,34,109,38,35,36,15,85" hai1="119,47,108,129,40,25,12,77,21,74,128,23,99" hai2="2,126,121,123,19,103,105,32,115,27,33,39,43" hai3="54,130,31,14,78,132,28,101,10,75,65,72,88"/><T90/><D104/><U107/><E119/><V17/><F43/><W53/><G132/><T116/><D116/><U13/><E108/><V4/><F103/><W11/><G130/><N who="1" m="50282" /><E77/><V3/><F39/><W100/><G65/><T82/><D109/><U124/><E74/><V118/><F105/><W111/><G14/><T50/><D35/><N who="2" m="13386" /><F118/><W84/><G111/><T41/><D34/><U79/><E124/><V48/><F48/><W24/><G24/><T120/><D120/><N who="2" m="46154" /><F115/><W56/><G56/><T66/><D66/><U102/><E79/><V135/><F135/><W117/><G117/><T76/><D90/><U131/><N who="1" m="50290" /><U58/><DORA hai="95" /><E58/><V37/><F37/><W26/><G26/><T113/><D113/><U69/><E69/><V110/><F110/><W68/><G84/><T81/><D81/><U44/><E23/><N who="2" m="13807" /><F126/><W64/><G64/><T93/><D93/><U61/><E61/><V8/><F19/><W59/><G59/><N who="0" m="35327" /><D67/><U62/><E62/><V94/><F94/><W83/><G78/><T42/><D42/><U86/><E86/><V114/><F114/><W80/><REACH who="3" step="1"/><G88/><REACH who="3" ten="370,210,210,200" step="2"/><T97/><D76/><U9/><E44/><V29/><F29/><W20/><G20/><T51/><D85/><U87/><E87/><V112/><F112/><W22/><G22/><T5/><D45/><U18/><E47/><V89/><F89/><W125/><G125/><T73/><D73/><U98/><E25/><V57/><F57/><W106/><G106/><T71/><D71/><AGARI ba="1,1" hai="10,11,28,31,53,54,68,71,72,75,80,83,100,101" machi="71" ten="25,3200,0" yaku="1,1,22,2,53,0" doraHai="1,95" doraHaiUra="16,134" who="3" fromWho="0" sc="370,-35,210,0,210,0,200,45" /><INIT seed="1,0,0,3,5,98" ten="335,210,210,245" oya="1" hai0="62,83,24,101,18,35,100,110,58,73,33,23,132" hai1="75,61,124,48,51,14,64,60,31,10,135,49,37" hai2="36,41,13,107,17,66,123,90,40,71,12,122,91" hai3="87,112,86,27,69,111,78,1,88,77,131,108,21"/><U9/><E124/><V92/><F107/><W121/><G69/><T74/><D110/><N who="3" m="42025" /><G1/><T26/><D132/><U82/><E135/><V67/><F71/><W80/><G112/><T129/><D129/><U126/><E126/><V57/><F57/><W89/><G121/><T59/><D83/><U68/><E37/><V113/><F36/><W30/><G131/><T42/><D42/><U102/><E31/><V46/><F17/><W81/><AGARI ba="0,0" hai="21,27,30,77,78,80,81,86,87,88,89" m="42025" machi="81" ten="30,2000,0" yaku="14,1,54,1" doraHai="98" who="3" fromWho="3" sc="335,-5,210,-10,210,-5,245,20" /><INIT seed="2,0,0,4,5,101" ten="330,200,205,265" oya="2" hai0="110,95,129,89,76,80,87,15,6,21,125,0,102" hai1="8,3,10,107,78,32,133,106,67,47,36,69,127" hai2="22,84,94,29,75,135,96,12,132,100,19,111,72" hai3="53,122,59,130,23,37,86,33,116,42,126,31,57"/><V39/><F39/><W103/><G33/><T17/><D110/><U121/><E10/><V124/><F124/><W43/><G122/><T14/><D125/><U30/><E127/><V50/><F111/><W115/><G126/><T104/><D129/><U64/><E64/><V63/><F29/><W65/><G37/><T54/><D0/><U91/><E91/><V16/><F50/><W73/><G73/><T11/><D104/><N who="1" m="39979" /><E78/><V82/><F63/><N who="3" m="38127" /><G130/><T2/><D2/><U46/><E46/><V35/><F35/><W9/><G103/><T99/><D54/><U51/><E51/><V85/><F85/><W60/><G116/><T70/><D70/><U88/><E88/><AGARI ba="0,0" hai="6,11,14,15,17,21,76,80,87,88,89,95,99,102" machi="88" ten="40,2600,0" yaku="8,1,54,1" doraHai="101" who="0" fromWho="1" sc="330,26,200,-26,205,0,265,0" /><INIT seed="3,0,0,1,0,60" ten="356,174,205,265" oya="3" hai0="127,96,29,59,5,48,131,34,109,100,3,92,11" hai1="4,101,133,126,64,35,50,97,51,69,44,72,13" hai2="9,135,70,79,107,21,108,86,95,41,36,102,112" hai3="104,75,130,28,77,116,105,117,10,20,24,12,8"/><W66/><G77/><T89/><D109/><U80/><E35/><V26/><F70/><W16/><G75/><T31/><D131/><U63/><E126/><V25/><F112/><W73/><G73/><T37/><D37/><U98/><E133/><V54/><F135/><W124/><G124/><T57/><D127/><U53/><E101/><V125/><F125/><W56/><G130/><T22/><D34/><U52/><E4/><V45/><F108/><W78/><G78/><T58/><D48/><U61/><E63/><V87/><F107/><W106/><G56/><T114/><D114/><U17/><E80/><V7/><F25/><W115/><G115/><T40/><D40/><U1/><E1/><V15/><F79/><W99/><G99/><T19/><D100/><U91/><E91/><V121/><F121/><W76/><G76/><T134/><D134/><U65/><E72/><V33/><F33/><W128/><G128/><T18/><D18/><U88/><E88/><V2/><F2/><W81/><G81/><T120/><D120/><U113/><E113/><V39/><F39/><W23/><REACH who="3" step="1"/><G66/><REACH who="3" ten="356,174,205,255" step="2"/><T38/><REACH who="0" step="1"/><D38/><REACH who="0" ten="346,174,205,255" step="2"/><U62/><E65/><V90/><F36/><W119/><AGARI ba="0,2" hai="8,10,12,16,20,23,24,28,104,105,106,116,117,119" machi="119" ten="40,12000,1" yaku="1,1,2,1,0,1,54,1,53,0" doraHai="60" doraHaiUra="43" who="3" fromWho="3" sc="346,-40,174,-40,205,-40,255,140" owari="306,10.6,134,-36.6,165,-23.5,395,49.5" /></mjloggm>