<mjloggm ver="2.3"><GO type="225" lobby="0"/><UN n0="%77%72%77%72%77%72%77%72" n1="%E3%81%82%E3%81%99%E3%81%AA%E3%82%8D%E3%83%A9%E3%82%A4%E3%83%80%E3%83%BC" n2="%E3%82%A2%E3%83%BC%E3%83%A2%E3%83%AD%E3%83%BC%E3%83%B4%E3%82%A1" n3="%37%2F%32%E3%81%AB%E7%94%9F%E3%81%BE%E3%82%8C%E3%81%A6" dan="16,16,16,16" rate="2225.24,2164.94,2153.35,2140.46" sx="M,M,M,M"/><TAIKYOKU oya="0"/><INIT seed="0,0,0,1,0,34" ten="250,250,250,250" oya="0" hai0="130,28,82,59,98,6,33,47,110,26,114,73,74" hai1="44,38,133,125,129,43,24,95,77,53,70,37,89" hai2="115,15,54,99,109,48,52,87,108,3,69,112,51" hai3="62,29,116,27,88,106,102,4,75,36,17,81,86"/><T124/><D114/><N who="2" m="43562" /><F87/><W11/><G116/><T41/><D130/><U7/><E133/><V21/><F99/><W71/><G36/><T104/><D124/><U119/><E119/><V35/><F35/><W20/><G75/><T101/><D59/><U31/><E129/><V131/><F131/><W135/><G135/><T94/><D110/><N who="2" m="42602" /><F3/><W72/><G72/><T122/><D122/><U14/><E125/><V100/><F100/><W10/><G102/><T91/><D6/><U19/><E77/><V50/><F69/><W111/><G106/><T120/><D120/><U65/><E7/><V64/><F64/><W30/><G11/><T113/><D113/><U117/><E65/><V85/><F85/><W55/><G111/><T16/><D82/><U0/><E70/><V123/><F123/><W107/><G107/><T5/><D5/><U127/><E117/><V32/><F32/><W76/><G76/><T61/><D74/><U18/><E127/><V96/><F96/><W134/><G134/><T79/><D79/><U103/><E0/><V40/><F40/><W67/><REACH who="3" step="1"/><G55/><REACH who="3" ten="250,250,250,240" step="2"/><N who="2" m="21033" /><F21/><W128/><G128/><T1/><D73/><U126/><E126/><V22/><F22/><W25/><G25/><T39/><D104/><U9/><E24/><V42/><F42/><W97/><G97/><T83/><D101/><U58/><E43/><V132/><F132/><W105/><G105/><T118/><D98/><U78/><E103/><V68/><F68/><W92/><G92/><T2/><D94/><U46/><E95/><V80/><F80/><W12/><AGARI ba="0,1" hai="4,10,12,17,20,27,29,30,62,67,71,81,86,88" machi="12" ten="20,8000,1" yaku="1,1,0,1,7,1,54,1,53,1" doraHai="34" doraHaiUra="8" who="3" fromWho="3" sc="250,-40,250,-20,250,-20,240,90" /><INIT seed="1,0,0,4,2,41" ten="210,230,230,330" oya="1" hai0="79,83,113,77,135,93,20,95,13,55,0,81,63" hai1="67,90,23,125,116,128,32,50,5,61,6,87,76" hai2="134,36,51,59,112,52,80,65,78,14,9,35,117" hai3="129,132,27,108,15,34,45,131,62,4,70,19,2"/><U75/><E116/><V10/><F117/><W30/><G45/><T94/><D113/><U73/><E32/><V85/><F134/><W48/><G48/><T43/><D0/><U122/><E122/><V7/><F112/><W114/><G114/><T57/><D43/><U92/><E128/><N who="3" m="49226" /><G62/><T68/><D68/><U56/><E125/><V69/><F35/><W82/><G82/><N who="0" m="31243" /><D135/><U74/><E76/><N who="0" m="29257" /><D20/><U86/><E86/><V49/><F36/><W111/><G70/><T46/><D13/><U26/><REACH who="1" step="1"/><E50/><REACH who="1" ten="210,220,230,330" step="2"/><V16/><F51/><W40/><G132/><T104/><D104/><U8/><E8/><V21/><REACH who="2" step="1"/><F7/><REACH who="2" ten="210,220,220,330" step="2"/><W130/><G130/><T54/><D46/><U105/><E105/><V58/><F58/><W101/><G4/><T66/><AGARI ba="0,2" hai="54,55,57,63,66,93,94,95" m="29257,31243" machi="66" ten="30,1100,0" yaku="8,1" doraHai="41" who="0" fromWho="0" sc="210,31,220,-5,220,-3,330,-3" /><INIT seed="2,0,0,1,0,57" ten="241,215,217,327" oya="2" hai0="62,41,35,26,130,82,15,14,52,10,131,60,117" hai1="42,4,105,113,96,125,75,114,83,1,23,126,118" hai2="101,12,66,97,68,61,112,59,92,36,54,108,78" hai3="65,64,29,3,43,94,53,70,21,32,19,55,88"/><V31/><F112/><N who="1" m="43113" /><E23/><V16/><F108/><W86/><G3/><T103/><D117/><U102/><E42/><V34/><F36/><W9/><G32/><T134/><D41/><U115/><N who="1" m="43121" /><U99/><DORA hai="95" /><E118/><V5/><F78/><W45/><G9/><T56/><D103/><N who="1" m="62695" /><E4/><V44/><F5/><W129/><G129/><N who="0" m="49163" /><D134/><U49/><E49/><V133/><F133/><W72/><G72/><T63/><D82/><U8/><E8/><V98/><F98/><W0/><G29/><N who="0" m="19895" /><D15/><U58/><E58/><V79/><F79/><W135/><G0/><T104/><D104/><N who="1" m="63583" /><E1/><V24/><F44/><W87/><G70/><T28/><D28/><U30/><E30/><V106/><F106/><W71/><G71/><T11/><D11/><U51/><E51/><V73/><F73/><W76/><G43/><T40/><D40/><U7/><E7/><AGARI ba="0,0" hai="7,10,14,52,56,60,62,63" m="19895,49163" machi="7" ten="30,8000,1" yaku="19,1,52,3,54,1" doraHai="57,95" who="0" fromWho="1" sc="241,80,215,-80,217,0,327,0" /><INIT seed="3,0,0,4,0,80" ten="321,135,217,327" oya="3" hai0="14,91,20,1,45,74,11,87,67,28,93,109,24" hai1="72,0,71,56,128,111,66,101,43,63,81,47,94" hai2="127,58,23,61,70,133,114,41,12,37,3,117,85" hai3="122,102,54,119,34,50,107,36,75,132,42,77,125"/><W92/><G34/><T129/><D109/><U76/><E111/><V113/><F117/><W121/><G119/><T44/><D129/><U16/><E128/><V49/><F3/><W88/><G42/><T104/><D104/><U57/><E0/><V39/><F23/><W103/><G36/><T35/><D74/><U25/><E101/><V64/><F12/><W83/><G125/><T68/><D68/><U123/><E123/><V90/><F133/><W17/><G132/><T73/><D73/><U99/><E99/><V21/><F21/><W78/><G77/><T6/><D67/><U29/><E94/><V52/><F127/><W26/><G26/><T51/><D51/><U97/><E97/><V124/><F124/><W105/><G17/><AGARI ba="0,0" hai="1,6,11,14,17,20,24,28,35,44,45,87,91,93" machi="17" ten="40,5200,0" yaku="24,2,52,1" doraHai="80" who="0" fromWho="3" sc="321,52,135,0,217,0,327,-52" owari="373,47.3,135,-36.5,217,-18.3,275,7.5" /></mjloggm>