<mjloggm ver="2.3"><GO type="225" lobby="0"/><UN n0="%38%63%E3%81%AF%E3%81%A3%E3%81%97%E3%83%BC" n1="%E4%B8%89%E5%86%A0%E7%8E%8B%E3%83%BB%E5%B1%B1%E7%94%B0%E5%93%B2%E4%BA%BA" n2="%72%61%6B%33" n3="%4B%2E%32%2E%4B%2E" dan="16,16,18,16" rate="2096.46,2118.45,2212.51,2120.24" sx="M,M,M,M"/><TAIKYOKU oya="0"/><INIT seed="0,0,0,1,1,112" ten="250,250,250,250" oya="0" hai0="124,28,130,55,3,117,31,129,101,76,65,128,131" hai1="84,59,63,88,71,118,18,110,27,119,91,87,41" hai2="40,82,92,105,72,37,107,51,34,111,80,83,78" hai3="116,24,90,93,79,67,36,5,123,109,133,135,35"/><T97/><N who="0" m="32768" /><DORA hai="98" /><T33/><D124/><U69/><E69/><V103/><F34/><W10/><G36/><T4/><D117/><U89/><E89/><V132/><BYE who="1" /><F51/><W44/><G116/><T60/><D76/><U74/><E74/><V134/><F40/><W21/><G35/><T75/><D75/><U8/><E8/><V45/><F45/><W46/><G123/><T19/><D55/><U126/><E126/><V106/><F37/><W29/><G67/><T14/><D4/><U56/><E56/><V43/><F43/><W85/><G109/><T11/><D3/><U121/><E121/><V50/><F50/><W48/><G79/><T58/><REACH who="0" step="1"/><D33/><REACH who="0" ten="240,250,250,250" step="2"/><U39/><E39/><V104/><F111/><W68/><G5/><UN n1="%E4%B8%89%E5%86%A0%E7%8E%8B%E3%83%BB%E5%B1%B1%E7%94%B0%E5%93%B2%E4%BA%BA" /><T114/><BYE who="1" /><D114/><U102/><E102/><V57/><F72/><UN n1="%E4%B8%89%E5%86%A0%E7%8E%8B%E3%83%BB%E5%B1%B1%E7%94%B0%E5%93%B2%E4%BA%BA" /><W9/><G133/><T38/><D38/><U17/><E110/><V6/><F6/><W2/><G135/><T32/><D32/><U86/><E119/><V20/><F78/><W62/><G2/><T25/><D25/><U66/><E27/><V113/><F103/><W47/><G24/><T120/><D120/><U13/><E118/><V26/><F113/><W95/><G90/><T100/><D100/><U22/><E88/><V30/><F134/><W0/><G0/><T61/><D61/><U12/><E91/><V81/><F132/><W23/><G62/><T7/><D7/><U42/><E63/><V16/><F26/><W52/><G48/><T15/><D15/><U70/><E12/><V127/><N who="2" m="20480" /><DORA hai="53" /><V94/><N who="2" m="26624" /><DORA hai="108" /><V99/><F127/><RYUUKYOKU ba="0,1" sc="240,30,250,-10,250,-10,250,-10" hai0="11,14,19,28,31,58,60,65,97,101" /><INIT seed="0,1,1,5,0,132" ten="270,240,240,240" oya="0" hai0="54,35,104,12,52,95,122,90,120,71,111,101,48" hai1="124,27,28,55,86,91,131,79,15,13,128,59,24" hai2="22,20,126,39,134,34,69,58,85,119,73,133,88" hai3="3,30,103,5,135,0,118,121,83,16,115,11,6"/><T116/><D116/><U107/><E107/><V80/><F69/><W44/><G118/><T51/><D35/><U82/><E124/><V56/><F119/><W87/><G115/><T2/><D2/><U23/><E27/><V45/><F34/><W112/><G112/><T47/><D71/><U10/><E79/><V92/><F126/><W110/><G110/><T38/><D38/><U33/><E33/><V129/><F129/><N who="1" m="49737" /><E10/><V68/><F68/><W53/><G30/><T17/><D101/><U31/><E31/><V76/><F56/><W60/><G135/><N who="2" m="51721" /><F58/><W108/><G121/><T84/><D104/><U67/><E67/><V61/><F61/><AGARI ba="1,1" hai="13,15,23,24,28,55,59,61,82,86,91" m="49737" machi="61" ten="30,1000,0" yaku="19,1" doraHai="132" who="1" fromWho="2" sc="270,0,240,23,240,-13,240,0" /><INIT seed="1,0,0,2,3,39" ten="270,263,227,240" oya="1" hai0="79,28,21,7,66,100,126,89,32,90,125,20,107" hai1="6,84,63,14,81,17,83,129,91,29,54,34,82" hai2="51,95,118,12,120,93,11,96,59,57,55,58,31" hai3="101,99,49,4,106,69,22,2,104,9,73,68,48"/><U30/><E6/><V127/><F127/><W75/><G106/><T46/><D7/><U43/><E129/><V103/><F118/><W47/><G49/><T74/><D79/><U115/><E115/><V122/><F122/><W36/><G22/><T133/><D74/><N who="3" m="28169" /><G48/><T52/><D32/><U116/><E116/><V108/><F108/><W27/><G27/><T23/><D28/><N who="1" m="10859" /><E34/><V80/><F120/><W64/><G64/><T25/><D66/><U113/><E113/><V5/><F80/><N who="1" m="30825" /><E63/><V114/><F114/><W42/><AGARI ba="0,0" hai="2,4,9,36,42,47,68,69,99,101,104" m="28169" machi="42" ten="30,4000,0" yaku="33,2,52,1" doraHai="39" who="3" fromWho="3" sc="270,-10,263,-20,227,-10,240,40" /><INIT seed="2,0,0,1,1,48" ten="260,243,217,280" oya="2" hai0="129,96,98,0,33,23,112,80,38,34,134,60,31" hai1="111,79,29,58,54,63,55,16,113,84,115,76,72" hai2="89,2,120,24,133,77,35,5,108,103,21,32,78" hai3="128,114,127,119,70,43,27,56,95,135,100,105,17"/><V18/><F120/><W8/><G70/><T102/><D112/><U91/><E111/><V99/><F108/><W61/><G105/><T49/><D38/><U93/><E29/><V68/><F68/><W122/><G119/><T81/><D0/><U88/><E72/><V101/><F133/><W85/><G122/><T116/><D116/><U40/><E40/><V57/><F89/><W74/><G74/><T12/><D60/><U47/><E115/><V117/><F117/><W39/><G128/><T97/><D102/><U46/><E113/><V66/><F32/><W41/><G127/><T86/><D81/><N who="1" m="49551" /><E16/><V30/><F101/><W71/><G41/><T121/><D121/><U65/><E46/><V14/><F66/><W7/><G43/><T42/><D134/><U13/><E13/><V26/><F26/><W28/><G17/><T11/><D34/><U124/><E124/><V110/><F57/><W87/><G39/><T75/><D75/><U22/><E22/><V125/><F110/><W83/><G71/><T94/><D33/><U36/><E36/><V73/><F73/><W4/><G114/><T118/><D118/><U62/><E62/><V45/><F45/><W64/><G8/><T37/><D37/><U25/><E25/><V1/><F125/><W52/><G27/><N who="0" m="16895" /><D129/><U6/><E6/><N who="3" m="2090" /><G28/><T130/><D130/><U126/><E126/><V90/><F1/><W15/><G15/><T109/><D109/><U123/><E123/><V104/><F90/><N who="3" m="53711" /><G135/><T92/><D12/><U10/><E10/><AGARI ba="0,0" hai="2,5,10,14,18,21,24,30,35,77,78,99,103,104" machi="10" ten="40,3900,0" yaku="24,2" doraHai="48" who="2" fromWho="1" sc="260,0,243,-39,217,39,280,0" /><INIT seed="2,1,0,0,5,134" ten="260,204,256,280" oya="2" hai0="22,17,128,76,34,1,73,49,33,9,132,46,110" hai1="5,96,116,65,31,39,98,66,4,11,82,0,61" hai2="2,87,68,94,60,107,115,3,58,70,28,69,30" hai3="47,18,57,6,75,85,19,10,51,108,38,41,126"/><V52/><F115/><W112/><G75/><T64/><D132/><U81/><E39/><V130/><F107/><W89/><G112/><T71/><D110/><U37/><E37/><V12/><F130/><W25/><G108/><T100/><D128/><U83/><E116/><V43/><F43/><W117/><G117/><T121/><D121/><U45/><E31/><V59/><F12/><W40/><G126/><T36/><D100/><U91/><E45/><V120/><F120/><W80/><G25/><T129/><D64/><U97/><E5/><V106/><F106/><W67/><G41/><T124/><D71/><U90/><REACH who="1" step="1"/><E61/><REACH who="1" ten="260,194,256,280" step="2"/><V79/><F28/><W118/><G118/><T114/><D36/><U50/><E50/><V13/><F30/><W74/><G38/><T21/><D49/><U14/><E14/><V77/><F13/><N who="3" m="5335" /><G74/><T56/><D73/><U78/><E78/><V88/><REACH who="2" step="1"/><F59/><REACH who="2" ten="260,194,246,280" step="2"/><W48/><G57/><T62/><D56/><U92/><E92/><V27/><F27/><W86/><G47/><T42/><D62/><U133/><E133/><V24/><F24/><W93/><G40/><T26/><D46/><U35/><E35/><V63/><F63/><W95/><G67/><AGARI ba="1,2" hai="0,4,11,65,66,67,81,82,83,90,91,96,97,98" machi="67" ten="40,1300,0" yaku="1,1,53,0" doraHai="134" doraHaiUra="125" who="1" fromWho="3" sc="260,0,194,36,246,0,280,-16" /><INIT seed="3,0,0,5,5,5" ten="260,230,246,264" oya="3" hai0="118,68,61,128,33,1,105,38,55,0,3,44,49" hai1="59,41,124,19,78,126,77,132,116,93,82,24,110" hai2="69,54,67,123,75,10,14,2,20,60,83,58,31" hai3="16,81,42,56,74,62,43,133,39,94,21,104,34"/><W7/><G104/><T8/><D118/><U80/><E116/><V127/><F127/><W107/><G107/><T72/><D105/><U76/><E110/><V53/><F123/><W15/><G34/><T121/><D121/><U66/><E41/><V23/><F2/><W86/><G133/><T95/><D72/><U115/><E115/><V96/><F96/><W122/><G122/><T119/><D119/><U129/><E132/><V73/><F54/><W9/><G94/><T35/><D128/><U117/><E117/><V22/><F31/><W64/><G74/><T17/><D38/><U84/><E129/><V71/><F83/><W26/><G39/><T12/><REACH who="0" step="1"/><D95/><REACH who="0" ten="250,230,246,264" step="2"/><U125/><E93/><V89/><F75/><W25/><G26/><T79/><D79/><AGARI ba="0,1" hai="7,9,15,16,21,25,42,43,56,62,64,79,81,86" machi="79" ten="30,11600,0" yaku="7,1,8,1,52,1,54,1" doraHai="5" who="3" fromWho="0" sc="250,-116,230,0,246,0,264,126" owari="134,-36.6,230,-17.0,246,4.6,390,49.0" /></mjloggm>