<mjloggm ver="2.3"><GO type="225" lobby="0"/><UN n0="%4B%2E%32%2E%4B%2E" n1="%E3%81%8B%E3%82%8F%E3%81%A1%E3%82%83%E3%82%93%35%38" n2="%E3%81%A8%E3%82%93%E3%81%A8%E3%81%93%E3%81%A8%E3%82%93" n3="%4C%4F%4C%49%54%41" dan="17,17,16,16" rate="2183.53,2130.32,2090.40,2178.09" sx="M,M,M,F"/><TAIKYOKU oya="0"/><INIT seed="0,0,0,3,2,14" ten="250,250,250,250" oya="0" hai0="89,43,26,119,50,70,88,63,36,127,62,129,67" hai1="87,16,86,10,25,101,8,29,2,56,44,128,122" hai2="100,95,96,78,123,126,32,97,55,11,77,85,66" hai3="34,68,51,81,94,64,33,130,131,3,99,42,12"/><T23/><D119/><U109/><E122/><V18/><F123/><W39/><G3/><T121/><D121/><U48/><E109/><V7/><F32/><W65/><G39/><T38/><D127/><U17/><E101/><V45/><F126/><W30/><G81/><T0/><D0/><U57/><E128/><N who="3" m="49194" /><G42/><T49/><D129/><U114/><E114/><V74/><F74/><W47/><G12/><T98/><D62/><U21/><E2/><V52/><F66/><N who="3" m="25707" /><G30/><T53/><D49/><U107/><E107/><V124/><F124/><W105/><G105/><T40/><D40/><U111/><E111/><V82/><F77/><W75/><G68/><T69/><D69/><U120/><E120/><V13/><F45/><W113/><G75/><T83/><D83/><U28/><E28/><V76/><F78/><W104/><G104/><T112/><D112/><U103/><E103/><V4/><F96/><W118/><G118/><T84/><D98/><U135/><E44/><V27/><F27/><W5/><G5/><AGARI ba="0,0" hai="4,5,7,11,13,18,52,55,76,82,85,95,97,100" machi="5" ten="40,5200,0" yaku="8,1,52,1,54,1" doraHai="14" who="2" fromWho="3" sc="250,0,250,0,250,52,250,-52" /><INIT seed="1,0,0,3,0,10" ten="250,250,302,198" oya="1" hai0="29,103,6,113,19,90,26,36,102,57,39,47,73" hai1="123,116,79,1,2,44,27,51,110,22,119,37,74" hai2="124,126,38,59,92,7,86,52,56,98,12,18,50" hai3="100,85,64,132,24,9,11,14,33,94,30,82,63"/><U97/><E123/><V108/><F38/><W60/><G132/><T48/><D73/><U65/><E37/><V88/><F108/><W130/><G130/><T118/><D118/><U133/><E133/><V76/><F7/><W3/><G3/><T77/><D113/><U66/><E110/><V55/><F76/><W135/><G135/><T80/><D90/><U70/><E74/><V78/><F78/><W21/><G63/><T115/><D57/><U127/><E79/><V54/><F98/><W23/><G9/><T58/><D58/><U53/><E97/><V69/><F69/><W61/><G94/><T93/><D19/><U68/><E127/><N who="2" m="48683" /><F59/><W87/><G100/><T122/><D6/><U111/><E111/><V95/><F92/><W96/><G96/><T81/><D81/><U28/><E68/><V134/><F134/><W120/><G120/><T34/><D115/><U15/><E70/><V13/><F13/><W128/><G128/><T84/><D103/><U67/><REACH who="1" step="1"/><E15/><REACH who="1" ten="250,240,302,198" step="2"/><V45/><F45/><W105/><G14/><T5/><D122/><U121/><E121/><V104/><F104/><W114/><G105/><T0/><D0/><AGARI ba="0,1" hai="0,1,2,22,27,28,44,51,53,65,66,67,116,119" machi="0" ten="40,3900,0" yaku="1,1,53,1" doraHai="10" doraHaiUra="40" who="1" fromWho="0" sc="250,-39,240,49,302,0,198,0" /><INIT seed="1,1,0,0,4,103" ten="211,289,302,198" oya="1" hai0="94,78,99,28,95,113,59,106,13,68,38,70,4" hai1="49,117,25,119,15,64,48,112,7,67,44,11,36" hai2="56,134,18,33,12,27,111,17,89,54,1,81,24" hai3="55,52,86,76,121,108,128,8,135,43,88,42,130"/><U9/><E36/><V19/><F1/><W74/><G121/><T72/><D38/><U26/><E112/><V122/><F122/><W102/><G108/><T105/><D113/><U97/><E119/><V66/><F111/><W84/><G135/><T126/><D28/><U79/><E117/><V109/><F109/><W120/><G120/><T45/><D45/><U29/><E79/><V100/><F134/><W80/><G102/><T123/><D126/><U53/><E97/><V5/><F33/><W125/><G8/><T73/><D59/><U115/><E115/><V61/><F100/><W104/><G104/><N who="0" m="40043" /><D99/><U20/><E26/><V90/><F66/><W77/><G80/><T132/><D132/><U124/><E124/><V22/><F81/><W82/><G82/><T58/><D58/><U23/><E23/><N who="2" m="13423" /><F5/><W116/><G116/><T87/><D4/><U93/><E93/><N who="0" m="35337" /><D123/><U40/><REACH who="1" step="1"/><E11/><AGARI ba="1,0" hai="11,12,18,19,22,27,54,56,61,89,90" m="13423" machi="11" ten="30,1000,0" yaku="8,1" doraHai="103" who="2" fromWho="1" sc="211,0,289,-13,302,13,198,0" /><INIT seed="2,0,0,1,3,70" ten="211,276,315,198" oya="2" hai0="84,10,75,61,110,121,37,65,79,103,124,69,133" hai1="36,64,43,13,135,83,59,119,25,131,66,128,132" hai2="41,111,116,126,122,89,92,105,72,9,47,87,94" hai3="19,80,31,100,68,53,82,22,102,11,109,33,114"/><V34/><F116/><W117/><G117/><T45/><D121/><U60/><E119/><V58/><F122/><W17/><G68/><T4/><D84/><U104/><E104/><V7/><F105/><W67/><G33/><T93/><D110/><U28/><E83/><N who="3" m="31786" /><G67/><N who="1" m="25642" /><E13/><V3/><F34/><W16/><G109/><T85/><D79/><U95/><E95/><V56/><F72/><W2/><G2/><T50/><D75/><U106/><E25/><V73/><F73/><W0/><G0/><T62/><D124/><U88/><E88/><V55/><F111/><W35/><G35/><T74/><D61/><U123/><E28/><V130/><F126/><W40/><G40/><T71/><D71/><U98/><E98/><V101/><F55/><W107/><G114/><T54/><D74/><U1/><E1/><V5/><F7/><W115/><G107/><T76/><D76/><U129/><E106/><V12/><F3/><W48/><G11/><T39/><D133/><N who="1" m="51275" /><E123/><V118/><F118/><W18/><G31/><T14/><REACH who="0" step="1"/><D85/><REACH who="0" ten="201,276,315,198" step="2"/><U46/><E129/><V113/><F130/><W15/><G115/><T86/><D86/><U51/><E51/><N who="2" m="27119" /><F113/><W26/><G26/><T24/><D24/><U63/><E63/><V96/><AGARI ba="0,1" hai="5,9,12,56,58,87,89,92,94,96,101" m="27119" machi="96" ten="30,1500,0" yaku="8,1" doraHai="70" who="2" fromWho="2" sc="201,-5,276,-5,315,25,198,-5" /><INIT seed="2,1,0,3,3,116" ten="196,271,340,193" oya="2" hai0="32,27,102,24,53,128,118,84,61,6,107,2,89" hai1="70,71,1,135,33,112,41,5,94,78,79,28,86" hai2="91,23,93,66,38,59,10,17,19,76,35,14,51" hai3="46,4,80,74,57,125,87,9,83,44,22,117,12"/><V130/><F38/><W81/><G117/><T64/><D118/><U132/><E112/><V42/><F35/><W48/><G125/><T124/><D124/><U45/><E33/><V106/><F106/><W75/><G75/><T103/><D128/><U85/><E28/><V20/><F130/><W11/><G74/><T40/><D40/><U131/><E131/><V0/><F0/><W127/><G127/><T133/><D133/><N who="1" m="51275" /><E5/><V30/><F76/><N who="1" m="29225" /><E1/><V54/><F30/><W134/><G134/><T108/><D53/><U114/><E114/><V65/><F42/><W97/><G97/><T73/><D73/><U99/><E85/><V15/><F10/><W16/><G11/><T39/><D84/><AGARI ba="1,0" hai="14,15,17,19,20,23,51,54,59,65,66,84,91,93" machi="84" ten="30,12000,1" yaku="7,1,9,1,25,2,8,1" doraHai="116" who="2" fromWho="0" sc="196,-123,271,0,340,123,193,0" /><INIT seed="2,2,0,2,5,60" ten="73,271,463,193" oya="2" hai0="96,33,135,131,104,123,17,16,58,43,130,111,78" hai1="133,52,5,48,44,4,82,100,31,71,59,13,79" hai2="34,54,45,128,121,122,51,22,75,47,37,6,3" hai3="86,66,85,70,73,77,0,61,39,88,40,57,117"/><V27/><F34/><W2/><G117/><T36/><D33/><U113/><E71/><V101/><F101/><W106/><G106/><T28/><D28/><U53/><E113/><V99/><F99/><W120/><G120/><T62/><D123/><U9/><E133/><V46/><F75/><W18/><G73/><T1/><D78/><U67/><E100/><V118/><F128/><N who="0" m="49194" /><D1/><U23/><E23/><V81/><F81/><W129/><G129/><T12/><D96/><U11/><E31/><V134/><F118/><W93/><G70/><T105/><D135/><U24/><E24/><V103/><F103/><W126/><G126/><T90/><D90/><U72/><E67/><V114/><F134/><W108/><G18/><N who="0" m="7275" /><D12/><U41/><REACH who="1" step="1"/><E59/><REACH who="1" ten="73,261,463,193" step="2"/><V69/><F69/><W115/><G57/><T127/><D127/><U97/><E97/><V125/><F125/><W26/><G26/><T49/><D111/><U112/><E112/><V92/><F114/><W63/><G108/><T76/><D36/><U25/><E25/><V55/><F37/><W102/><G115/><T89/><D105/><U8/><E8/><V80/><F121/><W119/><G39/><T10/><D10/><U7/><E7/><V84/><F6/><W32/><G32/><T91/><D104/><U56/><E56/><V94/><F122/><W109/><G109/><T15/><D58/><U98/><E98/><V83/><F27/><W107/><G107/><T124/><D124/><U21/><E21/><V65/><F22/><W68/><G102/><T64/><D64/><U20/><E20/><V110/><F65/><RYUUKYOKU ba="2,1" sc="73,-10,261,30,463,-10,193,-10" hai1="4,5,9,11,13,41,44,48,52,53,72,79,82" /><INIT seed="3,3,1,3,0,10" ten="63,291,453,183" oya="3" hai0="23,82,0,75,70,37,122,33,123,35,97,61,135" hai1="13,130,41,96,17,22,103,45,117,90,113,92,12" hai2="66,34,74,80,2,87,118,112,46,127,110,51,102" hai3="125,68,101,57,39,6,8,124,31,108,60,120,94"/><W26/><G120/><T115/><D97/><U56/><E130/><V27/><F74/><W52/><G39/><T93/><D93/><U21/><E113/><V121/><F2/><W58/><G68/><T98/><D98/><U76/><E117/><V78/><F112/><W84/><G108/><T62/><D62/><U44/><E76/><V42/><F118/><W40/><G40/><T67/><D23/><U54/><E41/><V55/><F127/><N who="3" m="48715" /><G57/><T105/><D115/><U132/><E103/><V131/><F131/><W128/><G128/><T95/><D95/><U59/><E59/><V64/><F110/><W134/><G134/><T65/><D65/><U109/><E132/><V28/><F121/><W36/><G36/><T129/><D129/><U29/><E109/><V116/><F116/><W106/><G106/><T11/><D135/><U49/><E29/><V3/><F42/><W32/><G84/><T7/><D37/><U81/><E81/><V19/><F87/><W89/><G101/><T38/><D38/><U14/><E22/><V111/><F102/><W69/><G69/><T114/><D114/><U25/><AGARI ba="3,1" hai="12,13,14,17,21,25,44,45,49,54,56,90,92,96" machi="25" ten="30,8000,1" yaku="0,1,8,1,52,3" doraHai="10" who="1" fromWho="1" sc="63,-23,291,99,453,-23,183,-43" owari="40,-46.0,390,19.0,430,53.0,140,-26.0" /></mjloggm>