<mjloggm ver="2.3"><GO type="225" lobby="0"/><UN n0="%E3%81%A1%E3%82%85%E3%81%86%E3%81%A9%E3%81%8F%E8%B1%A1%E3%81%95%E3%82%93" n1="%72%65%6E%6B%75%6E" n2="%E3%81%AF%E3%82%88%E3%81%8A%E3%81%98%E3%81%95%E3%82%93" n3="%E9%B3%B3%E6%9D%B1%E3%81%AE%E3%81%86%E3%81%95%E3%81%8E%E3%81%95%E3%82%93" dan="17,17,16,16" rate="2182.95,2261.23,2142.73,2157.10" sx="M,M,M,M"/><TAIKYOKU oya="0"/><INIT seed="0,0,0,0,4,95" ten="250,250,250,250" oya="0" hai0="111,88,41,123,127,96,129,94,29,22,124,14,15" hai1="44,39,50,31,135,23,92,84,36,64,27,4,1" hai2="91,9,79,125,121,114,21,70,3,100,2,99,48" hai3="65,109,77,128,72,56,46,78,97,28,113,87,47"/><T69/><D123/><U115/><E135/><V35/><F35/><W83/><G113/><T86/><D69/><U8/><E115/><V30/><F114/><W120/><G120/><T55/><D129/><U62/><E92/><V25/><F121/><W75/><G128/><T11/><D41/><U53/><REACH who="1" step="1"/><E84/><REACH who="1" ten="250,240,250,250" step="2"/><V105/><F105/><W119/><G87/><T54/><D86/><U67/><E67/><V93/><F93/><W32/><G65/><T102/><D111/><U82/><E82/><V110/><F110/><W16/><G83/><T49/><D102/><U134/><E134/><V13/><F100/><W20/><G109/><T108/><D108/><U6/><E6/><V19/><F125/><W90/><G75/><T131/><D131/><U116/><E116/><V71/><F79/><W126/><G77/><T38/><D127/><U43/><E43/><V37/><F91/><W117/><G90/><T103/><D124/><U118/><E118/><V57/><F99/><W42/><G97/><T73/><D73/><U104/><E104/><V107/><F107/><W106/><G106/><T80/><D80/><U52/><E52/><V85/><F85/><W33/><G72/><T74/><D74/><U132/><E132/><V10/><F37/><W112/><G78/><T0/><D38/><U101/><E101/><V89/><F89/><W18/><G126/><T7/><D103/><U98/><E98/><V68/><F9/><W63/><G112/><T59/><D54/><U45/><E45/><N who="3" m="16906" /><G119/><T130/><D130/><U26/><E26/><V60/><F48/><W5/><G117/><RYUUKYOKU ba="0,1" sc="250,10,240,10,250,10,250,-30" hai0="0,7,11,14,15,22,29,49,55,59,88,94,96" hai1="1,4,8,23,27,31,36,39,44,50,53,62,64" hai2="2,3,10,13,19,21,25,30,57,60,68,70,71" /><INIT seed="0,1,1,0,4,131" ten="260,250,260,220" oya="0" hai0="52,36,82,125,101,88,98,54,64,84,126,83,1" hai1="93,34,61,115,53,97,7,87,103,10,11,22,70" hai2="12,132,31,65,24,99,57,95,29,13,55,44,120" hai3="56,100,8,76,78,68,104,15,129,69,33,134,108"/><T121/><D121/><U20/><E34/><V6/><F132/><W102/><G33/><T2/><D36/><U38/><E38/><V49/><F120/><W71/><G129/><T94/><D64/><U16/><E115/><V123/><F123/><W72/><G108/><T40/><D40/><U27/><E87/><V0/><F0/><N who="0" m="106" /><D82/><U35/><E35/><V66/><F6/><W127/><G127/><AGARI ba="1,1" hai="52,54,83,84,88,94,98,101,125,126,127" m="106" machi="127" ten="30,5800,0" yaku="18,1,54,2" doraHai="131" who="0" fromWho="3" sc="260,71,250,0,260,0,220,-61" /><INIT seed="0,2,0,4,0,36" ten="331,250,260,159" oya="0" hai0="110,38,7,68,52,1,13,16,125,101,20,12,26" hai1="96,112,90,89,5,43,122,18,135,11,113,118,117" hai2="73,86,102,77,15,85,66,21,50,56,130,32,69" hai3="97,6,92,41,98,132,83,37,121,51,123,126,87"/><T91/><D68/><U131/><E122/><N who="3" m="46602" /><G37/><T33/><D38/><U67/><E67/><V79/><F32/><W2/><G6/><T127/><D101/><U3/><E135/><V71/><F130/><W60/><G2/><T103/><D103/><U78/><E131/><V74/><F102/><W28/><G28/><N who="0" m="19607" /><D91/><N who="1" m="34827" /><E78/><V58/><F66/><W109/><G60/><T100/><D100/><U62/><E96/><V46/><F15/><W64/><G126/><N who="0" m="48139" /><D52/><U70/><E62/><V104/><F50/><W44/><G64/><T27/><D110/><U105/><E70/><V39/><F39/><W40/><G109/><T107/><D107/><U99/><E105/><V80/><F104/><W48/><G92/><T34/><D34/><U9/><E99/><N who="3" m="37898" /><G132/><T133/><D133/><U128/><E128/><V19/><F69/><W120/><N who="3" m="46610" /><W49/><DORA hai="81" /><G44/><T59/><D59/><U24/><E118/><V95/><F46/><W72/><G72/><T17/><D17/><U4/><E117/><V54/><F71/><W65/><G65/><T42/><D1/><U114/><E18/><V88/><F56/><W129/><G129/><T111/><D111/><U25/><E3/><V10/><F74/><W93/><G93/><T84/><D7/><N who="1" m="2635" /><E43/><V14/><F73/><W134/><G134/><T124/><D42/><U35/><E35/><V0/><F0/><W61/><G61/><T47/><D124/><U106/><E106/><V116/><F116/><W115/><G115/><T30/><D16/><U119/><E119/><V94/><F54/><W23/><G23/><T108/><D108/><RYUUKYOKU ba="2,0" sc="331,-15,250,15,260,-15,159,15" hai1="9,11,24,25,112,113,114" hai3="40,41,48,49,51,83,87" /><INIT seed="1,3,0,3,5,35" ten="316,265,245,174" oya="1" hai0="48,123,25,8,112,105,16,58,130,45,92,74,72" hai1="70,29,127,64,82,96,88,19,36,24,113,30,98" hai2="132,60,68,13,108,42,73,67,124,106,39,107,95" hai3="11,94,61,23,81,9,12,22,119,50,43,44,78"/><U116/><E113/><V100/><F73/><W120/><G120/><T20/><D112/><U21/><E116/><V47/><F108/><W41/><G119/><T101/><D105/><U56/><E36/><V114/><F114/><W133/><G133/><T91/><D130/><U57/><E127/><V122/><F122/><W121/><G121/><T37/><D101/><U59/><E70/><V90/><F132/><W6/><G43/><T3/><D37/><U125/><E64/><V55/><F124/><W71/><G94/><T86/><D58/><U4/><E4/><V109/><F109/><W118/><G118/><T46/><D123/><U111/><E111/><V31/><F100/><W51/><G51/><T32/><D32/><U27/><E125/><V1/><F1/><W10/><G71/><T34/><D34/><U117/><E117/><V28/><F13/><W2/><G61/><T102/><D102/><U52/><E52/><V17/><F17/><W134/><G9/><T131/><D131/><U128/><E128/><V75/><F75/><W110/><G134/><T84/><D84/><N who="1" m="50199" /><E24/><V103/><F55/><W65/><G65/><T49/><D49/><U99/><AGARI ba="3,0" hai="19,21,27,29,30,56,57,59,96,98,99" m="50199" machi="99" ten="30,3000,0" yaku="8,1,54,1" doraHai="35" who="1" fromWho="1" sc="316,-13,265,39,245,-13,174,-13" /><INIT seed="1,4,0,5,5,68" ten="303,304,232,161" oya="1" hai0="111,53,73,16,31,51,103,96,2,43,29,30,8" hai1="20,42,79,6,85,69,87,64,24,90,7,15,10" hai2="4,78,115,100,49,54,84,41,82,0,92,61,46" hai3="27,125,108,55,81,120,40,60,116,117,21,123,32"/><U130/><E130/><V45/><F115/><W67/><G81/><T119/><D119/><N who="3" m="45641" /><G21/><T105/><D73/><U129/><E129/><V58/><F0/><W39/><G27/><T113/><D113/><U50/><E69/><V13/><F45/><N who="3" m="23711" /><G32/><T112/><D112/><U86/><E64/><V70/><F70/><N who="3" m="42343" /><G125/><T95/><D105/><U17/><E79/><V3/><F3/><W110/><G55/><T75/><D53/><U106/><E106/><V97/><F13/><W28/><G28/><T94/><D75/><U80/><E7/><AGARI ba="4,0" hai="4,7,41,46,49,54,58,61,78,82,84,92,97,100" machi="7" ten="40,1300,0" yaku="8,1" doraHai="68" who="2" fromWho="1" sc="303,0,304,-25,232,25,161,0" /><INIT seed="2,0,0,3,2,84" ten="303,279,257,161" oya="2" hai0="42,66,2,73,85,123,34,107,132,91,67,97,134" hai1="93,8,118,131,92,78,99,47,45,60,122,115,95" hai2="79,35,1,124,96,20,87,14,129,90,12,109,17" hai3="55,116,16,127,113,46,22,37,89,81,86,38,59"/><V61/><F1/><W28/><G127/><T26/><D123/><U77/><E115/><V48/><F35/><W135/><G135/><N who="0" m="51755" /><D2/><U88/><E118/><V58/><F124/><W18/><G116/><T44/><D73/><U104/><E131/><V75/><F129/><W83/><G113/><T33/><D97/><U31/><E122/><V0/><F0/><W43/><G38/><N who="0" m="21591" /><D107/><U7/><E31/><V5/><F109/><W120/><G120/><T40/><D40/><U21/><E21/><V10/><F75/><W3/><G3/><T63/><D26/><U32/><E32/><N who="0" m="12393" /><D63/><U65/><E104/><V24/><F48/><W70/><G70/><T69/><D69/><U57/><E45/><V106/><F106/><W111/><G111/><T110/><D110/><U68/><E47/><V103/><F79/><N who="1" m="30217" /><E68/><V25/><F96/><W13/><G28/><T4/><D4/><U101/><E101/><V56/><F103/><W76/><G18/><T11/><D11/><U105/><E105/><V117/><F117/><W133/><G133/><T52/><D52/><U121/><E121/><V80/><F58/><W51/><REACH who="3" step="1"/><G76/><REACH who="3" ten="303,279,257,151" step="2"/><T9/><D9/><U72/><E72/><V50/><F10/><W82/><AGARI ba="0,1" hai="13,16,22,37,43,46,51,55,59,81,82,83,86,89" machi="82" ten="20,12000,2" yaku="1,1,2,1,0,1,7,1,52,1,54,1,53,0" doraHai="84" doraHaiUra="98" who="3" fromWho="3" sc="303,-30,279,-30,257,-60,151,130" /><INIT seed="3,0,0,5,3,104" ten="273,249,197,281" oya="3" hai0="98,3,112,120,0,126,33,36,106,27,50,48,75" hai1="34,47,71,23,129,6,35,91,5,117,55,44,88" hai2="131,25,61,93,21,49,38,12,127,124,10,99,100" hai3="77,53,43,128,68,76,121,64,59,29,56,72,8"/><W28/><G121/><T13/><D120/><U133/><E71/><V16/><F38/><W96/><G68/><T66/><D36/><U122/><E122/><V26/><F131/><W134/><G128/><T63/><D13/><U108/><E129/><V85/><F61/><N who="3" m="37951" /><G72/><T46/><D126/><U2/><E23/><V40/><F25/><W119/><G134/><T37/><D37/><U18/><E18/><V109/><F109/><W83/><G43/><T30/><D112/><U81/><E81/><V7/><REACH who="2" step="1"/><F85/><REACH who="2" ten="273,249,187,281" step="2"/><N who="3" m="48359" /><G119/><T52/><D75/><U110/><E117/><V70/><F70/><W14/><G96/><T101/><D50/><U79/><E133/><V86/><F86/><W135/><G135/><T125/><D125/><U67/><E67/><V9/><F9/><W87/><G87/><T22/><D33/><U89/><E79/><V57/><F57/><AGARI ba="0,1" hai="0,3,22,27,30,46,48,52,57,63,66,98,101,106" machi="57" ten="30,2000,0" yaku="7,1,54,1" doraHai="104" who="0" fromWho="2" sc="273,30,249,0,187,-20,281,0" owari="303,40.3,249,-15.1,167,-33.3,281,8.1" /></mjloggm>