<mjloggm ver="2.3"><GO type="225" lobby="0"/><UN n0="%E3%81%BF%E3%81%BF%E3%81%9A" n1="%73%6F%6C%64%69%65%72%35" n2="%54%4F%52" n3="%E6%B4%BE%E9%81%A3%E3%81%AE%E3%82%B8%E3%83%A3%E3%83%83%E3%82%AF" dan="16,16,17,17" rate="2133.16,2155.53,2218.36,2179.35" sx="M,M,M,M"/><TAIKYOKU oya="0"/><INIT seed="0,0,0,0,2,14" ten="250,250,250,250" oya="0" hai0="118,96,31,87,76,84,63,131,88,135,94,53,73" hai1="15,122,64,75,55,43,59,19,36,41,6,98,86" hai2="116,39,105,3,93,10,68,70,117,32,49,82,13" hai3="44,92,129,103,11,113,95,42,1,0,66,133,79"/><T17/><D118/><N who="2" m="45674" /><F105/><W107/><G113/><T126/><D131/><U114/><E122/><V119/><F39/><W67/><G129/><T47/><D126/><U33/><E75/><V61/><N who="2" m="45682" /><V115/><DORA hai="111" /><F115/><W50/><G79/><T58/><D135/><U124/><E33/><V60/><F32/><W30/><G30/><T130/><D130/><U27/><E124/><V48/><F3/><W108/><G108/><T37/><D31/><U125/><E125/><V7/><F93/><W21/><G133/><T20/><D73/><U128/><E36/><V38/><F38/><W2/><G11/><T104/><D76/><U54/><E114/><V72/><F82/><W71/><G107/><T123/><D104/><U52/><E128/><V106/><F72/><W65/><G71/><N who="2" m="27177" /><F106/><W99/><G95/><T112/><D123/><U9/><E98/><V132/><F132/><W18/><REACH who="3" step="1"/><G0/><REACH who="3" ten="250,250,250,240" step="2"/><T28/><D112/><U121/><E121/><V134/><F134/><W12/><AGARI ba="0,1" hai="1,2,12,18,21,42,44,50,65,66,67,92,99,103" machi="12" ten="30,7900,0" yaku="1,1,2,1,0,1,52,1,53,0" doraHai="14,111" doraHaiUra="85,78" who="3" fromWho="3" sc="250,-39,250,-20,250,-20,240,89" /><INIT seed="1,0,0,0,1,134" ten="211,230,230,329" oya="1" hai0="43,33,44,63,47,66,21,75,96,55,126,1,109" hai1="133,82,9,14,5,51,125,116,31,27,102,119,86" hai2="2,132,17,0,23,135,90,115,98,16,54,84,30" hai3="11,19,83,95,29,49,4,61,45,37,118,22,57"/><U20/><E133/><N who="2" m="51275" /><F115/><W12/><G37/><T108/><D33/><U80/><E102/><V107/><F54/><W73/><G118/><T68/><D1/><N who="2" m="618" /><F98/><W94/><G29/><T13/><D75/><U91/><E125/><V85/><F107/><W103/><G103/><T87/><D96/><U26/><E80/><N who="2" m="49415" /><F85/><W78/><G61/><T101/><D101/><U28/><REACH who="1" step="1"/><E51/><REACH who="1" ten="211,220,230,329" step="2"/><V25/><AGARI ba="0,1" hai="16,17,23,25,30" m="49415,618,51275" machi="25" ten="40,2700,0" yaku="20,1,54,1" doraHai="134" who="2" fromWho="2" sc="211,-7,220,-13,230,37,329,-7" /><INIT seed="2,0,0,4,3,24" ten="204,207,267,322" oya="2" hai0="34,94,118,59,12,110,107,66,113,42,62,91,14" hai1="65,87,125,122,130,89,90,119,102,31,52,53,41" hai2="121,76,35,129,26,49,126,111,123,69,6,25,37" hai3="17,56,135,100,99,88,127,61,92,77,98,73,75"/><V28/><F37/><W71/><G71/><T51/><D113/><U72/><E119/><V70/><F76/><W86/><G127/><T68/><D107/><U47/><E72/><V2/><F49/><W22/><G135/><T15/><D118/><U104/><E125/><V81/><F126/><W1/><G1/><T93/><D110/><U20/><E65/><V95/><F81/><W44/><G44/><T27/><D91/><N who="1" m="34827" /><E104/><V32/><F95/><W85/><G77/><T80/><D80/><U29/><E130/><V46/><F46/><W133/><G133/><T48/><D42/><U108/><E108/><V30/><F111/><W50/><G50/><T4/><D4/><U19/><E102/><V83/><F83/><W128/><G128/><T105/><D105/><U103/><E103/><V115/><F129/><W116/><G116/><T124/><D124/><U120/><E87/><V33/><F33/><W114/><G114/><T16/><D48/><N who="1" m="26735" /><E122/><N who="2" m="46603" /><F115/><W63/><G73/><T23/><REACH who="0" step="1"/><D34/><REACH who="0" ten="194,207,267,322" step="2"/><U0/><E120/><V131/><F131/><W40/><G40/><T106/><D106/><U117/><E117/><V7/><F7/><W57/><G75/><T9/><D9/><AGARI ba="0,1" hai="2,6,9,25,26,28,30,32,35,69,70" m="46603" machi="9" ten="30,5800,0" yaku="23,1,52,2" doraHai="24" who="2" fromWho="0" sc="194,-58,207,0,267,68,322,0" /><INIT seed="2,1,0,3,5,42" ten="136,207,335,322" oya="2" hai0="78,48,88,99,46,92,8,1,68,85,91,86,77" hai1="10,118,53,132,11,63,65,90,121,106,16,54,110" hai2="66,33,70,129,114,61,22,93,123,14,128,41,130" hai3="108,7,84,25,31,126,2,107,45,58,29,6,55"/><V49/><F114/><W35/><G107/><T119/><D68/><U134/><E118/><V62/><F123/><W56/><G126/><T117/><D1/><U97/><E110/><V15/><F33/><W38/><G108/><T3/><D3/><U47/><E121/><V32/><F32/><W30/><G2/><T100/><D8/><U131/><E131/><V40/><F93/><W5/><G84/><T69/><D69/><U127/><E127/><V87/><F87/><W109/><G109/><T57/><D57/><U34/><E34/><V101/><F101/><W64/><G64/><T59/><D59/><N who="1" m="37119" /><E90/><V50/><F22/><W67/><G56/><T104/><D117/><U13/><E10/><V12/><F61/><W76/><G76/><T81/><REACH who="0" step="1"/><D119/><REACH who="0" ten="126,207,335,322" step="2"/><U112/><E112/><V105/><F105/><W20/><G58/><T51/><D51/><AGARI ba="1,1" hai="12,14,15,40,41,49,50,51,62,66,70,128,129,130" machi="51" ten="50,2400,0" yaku="19,1" doraHai="42" who="2" fromWho="0" sc="126,-27,207,0,335,37,322,0" /><INIT seed="2,2,0,5,4,42" ten="99,207,372,322" oya="2" hai0="55,71,30,65,113,62,25,102,18,51,132,72,50" hai1="48,77,95,28,122,70,6,78,53,19,3,97,40" hai2="5,29,66,111,75,90,0,15,94,10,106,121,31" hai3="114,86,83,92,88,24,41,115,109,21,35,39,33"/><V76/><F121/><W120/><G120/><T117/><D113/><N who="3" m="43017" /><G109/><T74/><D132/><U125/><E70/><V93/><F106/><W110/><G83/><T43/><D117/><U52/><E122/><V32/><F111/><W104/><G104/><T56/><D18/><U135/><E135/><V2/><F66/><W34/><G110/><T128/><D128/><U79/><E125/><V108/><F108/><W60/><G60/><T26/><D26/><U80/><E28/><V7/><F76/><W123/><G123/><T131/><D131/><U126/><E126/><V27/><F75/><W12/><G12/><T54/><D43/><U63/><E3/><V118/><F118/><W11/><G11/><T17/><D17/><U98/><E6/><V36/><F36/><W105/><G105/><T8/><D102/><U119/><E119/><V96/><F31/><N who="3" m="17807" /><G34/><T101/><D101/><U37/><E80/><V46/><F5/><W89/><G89/><T22/><REACH who="0" step="1"/><D8/><REACH who="0" ten="89,207,372,322" step="2"/><U4/><E19/><V1/><F27/><W133/><G133/><T73/><D73/><U57/><E4/><V103/><F29/><W68/><G41/><T99/><D99/><U82/><E40/><V13/><F10/><W130/><G130/><T91/><D91/><N who="1" m="55551" /><E98/><V45/><F7/><W9/><G9/><T69/><D69/><U61/><E37/><V127/><F127/><W84/><G39/><T67/><D67/><U85/><E53/><V16/><F2/><W58/><G68/><T44/><AGARI ba="2,1" hai="22,25,30,44,50,51,54,55,56,62,65,71,72,74" machi="44" ten="20,8000,1" yaku="1,1,0,1,7,1,52,1,53,1" doraHai="42" doraHaiUra="20" who="0" fromWho="0" sc="89,96,207,-22,372,-42,322,-22" /><INIT seed="3,0,0,2,1,78" ten="185,185,330,300" oya="3" hai0="113,109,58,96,19,79,62,1,101,107,41,121,25" hai1="83,70,29,93,42,60,69,71,63,56,39,76,110" hai2="131,126,95,86,16,68,129,51,106,47,24,116,100" hai3="92,12,8,133,43,35,75,105,73,10,18,30,112"/><W64/><G105/><T122/><D1/><U23/><E110/><V82/><F116/><W90/><G112/><T27/><D109/><U45/><E93/><V44/><F68/><W135/><G64/><T28/><D113/><U80/><E63/><V81/><F106/><W94/><G43/><T9/><D41/><U132/><E132/><N who="3" m="50762" /><G10/><T74/><D121/><U128/><E128/><N who="2" m="49227" /><F126/><W54/><G54/><T37/><D37/><U120/><E120/><V7/><F7/><W50/><G50/><T84/><D74/><N who="3" m="28169" /><G90/><T3/><D122/><U20/><E76/><N who="2" m="46375" /><F82/><W104/><G104/><T103/><D79/><U118/><E118/><V98/><F51/><W52/><G52/><T17/><D107/><U5/><E5/><V72/><F72/><W89/><G89/><T34/><D103/><U124/><E124/><V46/><F46/><W127/><G127/><T88/><D101/><U67/><REACH who="1" step="1"/><E20/><AGARI ba="0,0" hai="16,20,24,44,47,95,98,100" m="46375,49227" machi="20" ten="30,3900,0" yaku="19,1,52,1,54,1" doraHai="78" who="2" fromWho="1" sc="185,0,185,-39,330,39,300,0" owari="185,-21.5,146,-35.4,369,46.9,300,10.0" /></mjloggm>