<mjloggm ver="2.3"><GO type="225" lobby="0"/><UN n0="%E6%B0%B7%E5%B7%9D%E9%87%8C%E5%A5%88" n1="%E3%83%A9%E3%82%B9%E7%8E%87%EF%BC%93%E5%89%B2" n2="%E3%81%AA%E3%81%A1%30%39%32%37" n3="%6D%75%75%6D%75%72%61" dan="16,16,16,17" rate="2111.93,2158.43,2096.03,2186.39" sx="F,F,M,F"/><TAIKYOKU oya="0"/><INIT seed="0,0,0,1,3,103" ten="250,250,250,250" oya="0" hai0="11,134,96,82,40,112,77,53,45,127,94,30,35" hai1="49,130,33,10,17,16,23,54,18,78,131,129,56" hai2="34,100,121,98,119,122,108,64,28,126,107,69,55" hai3="2,115,83,14,97,48,59,101,116,113,71,93,22"/><T86/><D112/><U104/><E33/><V61/><F55/><W58/><G116/><T117/><D117/><U76/><E104/><V84/><F119/><W19/><G71/><T0/><D134/><U15/><REACH who="1" step="1"/><E23/><REACH who="1" ten="250,240,250,250" step="2"/><V29/><F108/><W81/><G113/><T20/><D35/><U87/><E87/><V50/><F126/><W89/><G115/><T133/><D127/><U52/><E52/><V42/><F84/><W8/><G22/><T43/><D133/><U9/><E9/><V13/><F13/><W79/><G2/><T109/><D109/><U12/><E12/><V106/><F106/><W67/><G67/><T41/><D0/><U135/><E135/><V99/><F99/><W39/><G39/><T21/><D11/><U66/><E66/><V92/><F92/><W7/><G8/><T70/><D30/><U47/><E47/><N who="2" m="25975" /><F29/><W37/><G37/><T25/><D25/><AGARI ba="0,1" hai="25,28,34,61,64,69,98,100,107,121,122" m="25975" machi="25" ten="30,2000,0" yaku="25,1,52,1" doraHai="103" who="2" fromWho="0" sc="250,-20,240,0,250,30,250,0" /><INIT seed="1,0,0,4,1,81" ten="230,240,280,250" oya="1" hai0="117,54,101,71,129,68,130,87,97,37,77,47,78" hai1="12,21,57,67,86,3,99,127,118,40,93,60,108" hai2="75,119,83,1,92,5,10,70,8,20,25,15,33" hai3="90,120,53,109,27,91,58,36,30,96,22,23,46"/><U103/><E3/><V106/><F106/><W128/><G120/><T52/><D117/><U34/><E118/><V50/><F119/><W79/><G109/><T135/><D135/><U124/><E34/><V102/><F70/><W73/><G128/><N who="0" m="49259" /><D77/><U45/><E108/><V95/><F50/><W66/><G96/><T4/><D4/><U82/><E21/><V94/><F75/><W85/><G73/><T88/><D78/><U65/><E12/><V69/><F83/><N who="3" m="47359" /><G36/><T80/><D68/><U9/><E9/><N who="2" m="2223" /><F69/><W16/><G46/><T55/><D71/><U56/><E56/><V122/><F102/><W2/><G66/><T76/><D76/><U63/><E63/><V61/><F61/><N who="3" m="36047" /><G2/><T41/><D54/><U74/><E74/><V112/><F112/><W39/><G39/><T125/><D125/><U134/><E134/><V42/><F42/><W7/><G7/><T51/><D37/><U133/><E133/><V29/><F122/><W6/><G6/><T48/><D48/><U107/><E107/><AGARI ba="0,0" hai="41,47,51,52,55,80,87,88,97,101,107" m="49259" machi="107" ten="30,7700,0" yaku="19,1,52,1,54,2" doraHai="81" who="0" fromWho="1" sc="230,77,240,-77,280,0,250,0" /><INIT seed="2,0,0,5,4,30" ten="307,163,280,250" oya="2" hai0="17,79,81,18,54,130,37,21,131,116,92,106,103" hai1="48,93,16,33,74,67,43,7,36,82,24,41,132" hai2="97,73,5,50,9,102,61,78,46,129,2,59,12" hai3="134,66,19,80,105,115,35,53,64,123,117,95,124"/><V101/><F129/><N who="0" m="49162" /><D106/><U27/><E132/><V84/><F73/><W86/><G117/><T4/><D116/><U100/><E36/><V47/><F2/><W68/><G53/><T34/><D34/><U8/><E67/><N who="2" m="39359" /><F97/><W63/><G19/><T13/><D37/><U29/><E48/><V11/><F11/><W85/><G85/><N who="0" m="48319" /><D54/><U121/><E121/><V110/><F110/><W10/><G10/><N who="0" m="4295" /><D21/><U23/><E100/><N who="2" m="38507" /><F50/><W94/><G63/><T0/><D0/><U69/><E69/><V58/><F58/><W42/><G68/><T40/><D40/><U127/><E127/><V108/><F108/><W119/><G42/><T118/><D118/><U56/><E56/><V77/><F84/><W112/><G86/><T1/><D1/><U109/><E109/><V15/><F15/><W133/><G119/><T96/><AGARI ba="0,0" hai="17,18,92,96,103" m="4295,48319,49162" machi="96" ten="30,1100,0" yaku="19,1" doraHai="30" who="0" fromWho="0" sc="307,11,163,-3,280,-5,250,-3" /><INIT seed="3,0,0,4,5,10" ten="318,160,275,247" oya="3" hai0="80,4,86,51,107,84,99,89,26,73,58,20,24" hai1="8,27,25,61,135,54,37,60,12,125,130,74,102" hai2="32,101,132,115,93,92,22,90,29,95,124,104,68" hai3="28,63,100,3,38,98,36,56,117,85,41,46,103"/><W72/><G3/><T76/><D4/><U40/><E74/><V78/><F68/><W118/><G72/><T91/><D73/><U17/><E130/><V65/><F65/><W83/><G38/><T5/><D5/><U33/><E135/><V21/><F32/><W19/><G28/><T13/><D99/><U50/><E125/><V45/><F45/><W43/><G43/><T2/><D107/><U109/><E109/><V42/><F42/><W121/><G121/><T128/><D128/><U69/><E33/><V105/><F115/><W67/><G19/><N who="0" m="10351" /><D2/><U134/><E134/><V9/><F9/><W108/><G108/><T70/><D70/><U112/><E112/><V11/><F95/><W31/><G31/><T79/><D51/><U0/><E0/><V52/><F11/><W120/><G120/><T87/><D58/><U1/><E1/><V71/><F71/><W116/><G98/><T6/><D6/><U126/><E126/><V110/><F110/><W16/><G16/><T81/><D84/><U23/><E69/><V127/><F29/><W34/><G34/><T48/><D48/><U59/><E102/><V35/><F101/><W123/><G123/><T97/><D97/><U113/><E113/><V49/><F35/><W66/><G67/><T106/><D106/><U18/><REACH who="1" step="1"/><E27/><AGARI ba="0,0" hai="24,26,27,76,79,80,81,86,87,89,91" m="10351" machi="27" ten="30,2000,0" yaku="8,1,52,1" doraHai="10" who="0" fromWho="1" sc="318,20,160,-20,275,0,247,0" owari="338,43.8,140,-36.0,275,7.5,247,-15.3" /></mjloggm>