<mjloggm ver="2.3"><GO type="225" lobby="0"/><UN n0="%E6%9A%87%E4%BA%BA%EF%BC%A0%E9%85%8D%E4%BF%A1%E5%9E%A2" n1="%70%68%65%6E%6F%6D%65" n2="%E3%81%A8%E3%82%93%E3%81%A8%E3%81%93%E3%81%A8%E3%82%93" n3="%E5%8D%A0%E3%81%84%E5%B8%AB%E8%A3%8F%E3%81%AA%E3%81%84%E3%81%97" dan="17,16,16,16" rate="2195.04,2126.22,2126.24,2119.74" sx="F,M,F,M"/><TAIKYOKU oya="0"/><INIT seed="0,0,0,1,0,76" ten="250,250,250,250" oya="0" hai0="24,75,112,39,46,30,79,68,33,17,32,73,29" hai1="20,77,43,56,55,118,7,116,67,100,94,109,9" hai2="97,48,103,119,58,45,22,25,42,87,132,91,108" hai3="102,130,78,123,88,41,90,107,16,35,2,74,60"/><T69/><D17/><U84/><E109/><V62/><F108/><W135/><G35/><T57/><D57/><U47/><E67/><V95/><F132/><W3/><G135/><T63/><D112/><U50/><E20/><V65/><F119/><W111/><G111/><T44/><D63/><U121/><E121/><V51/><F51/><W13/><G123/><T127/><D127/><U71/><E71/><V101/><REACH who="2" step="1"/><F97/><REACH who="2" ten="250,250,240,250" step="2"/><W36/><G36/><T12/><D39/><U120/><E120/><V11/><F11/><W4/><G130/><T26/><D12/><U126/><E126/><V53/><F53/><W34/><G13/><T129/><REACH who="0" step="1"/><D79/><REACH who="0" ten="240,250,240,250" step="2"/><U81/><E116/><V23/><F23/><W37/><G78/><T49/><D49/><U66/><E118/><V8/><F8/><W15/><G15/><T1/><D1/><U0/><E0/><V18/><AGARI ba="0,2" hai="18,22,25,42,45,48,58,62,65,87,91,95,101,103" machi="18" ten="20,8000,1" yaku="1,1,0,1,7,1,8,1,53,1" doraHai="76" doraHaiUra="38" who="2" fromWho="2" sc="240,-40,250,-20,240,100,250,-20" /><INIT seed="1,0,0,2,2,108" ten="200,230,340,230" oya="1" hai0="71,67,78,115,3,112,60,118,116,19,56,81,100" hai1="55,113,28,90,9,127,82,84,134,51,35,124,125" hai2="0,47,83,117,33,40,13,86,7,93,85,66,119" hai3="75,111,5,102,131,18,126,39,50,76,49,105,64"/><U46/><E134/><V59/><F33/><W31/><G111/><T72/><D3/><U32/><E28/><V110/><F110/><W8/><G39/><T89/><D89/><U16/><REACH who="1" step="1"/><E113/><REACH who="1" ten="200,220,340,230" step="2"/><V2/><F117/><W80/><G31/><T109/><D109/><U88/><E88/><V53/><F119/><W103/><G103/><T45/><D116/><U11/><E11/><V63/><F0/><W114/><G102/><T10/><D118/><U52/><E52/><V61/><F2/><W37/><G114/><T129/><D100/><U104/><E104/><V17/><F53/><W48/><G105/><T74/><D112/><U57/><E57/><V120/><F59/><W128/><G8/><T23/><D115/><U97/><E97/><V26/><F120/><W30/><G30/><T36/><D10/><U133/><E133/><V42/><F40/><W96/><G96/><T87/><D56/><U14/><AGARI ba="0,1" hai="9,14,16,32,35,46,51,55,82,84,90,124,125,127" machi="14" ten="40,18000,2" yaku="1,1,0,1,25,2,18,1,54,1,53,1" doraHai="108" doraHaiUra="6" who="1" fromWho="1" sc="200,-60,220,190,340,-60,230,-60" /><INIT seed="1,1,0,2,5,121" ten="140,410,280,170" oya="1" hai0="7,44,17,134,116,118,82,103,40,78,9,5,19" hai1="85,110,72,66,112,93,11,65,67,77,75,79,0" hai2="97,130,47,98,99,56,18,54,16,34,24,128,129" hai3="1,41,50,62,91,70,92,53,80,109,26,4,73"/><U133/><E112/><V6/><F6/><W96/><G4/><T10/><D103/><U22/><E133/><V13/><F47/><W38/><G1/><T52/><D134/><U102/><E22/><V63/><REACH who="2" step="1"/><F13/><REACH who="2" ten="140,410,270,170" step="2"/><W55/><G38/><T36/><D116/><U81/><E0/><V126/><F126/><W69/><G69/><T101/><D118/><U57/><E75/><V48/><F48/><W119/><G50/><T60/><D36/><U21/><E72/><V83/><F83/><W114/><G80/><T30/><D5/><U100/><E81/><V124/><F124/><W46/><G70/><T32/><D7/><U39/><E39/><V125/><F125/><W59/><G73/><T86/><D44/><U31/><E57/><V127/><F127/><W3/><G59/><T15/><D15/><U94/><E67/><V29/><AGARI ba="1,1" hai="16,18,24,29,34,54,56,63,97,98,99,128,129,130" machi="29" ten="40,8000,1" yaku="1,1,0,1,19,1,54,1,53,0" doraHai="121" doraHaiUra="115" who="2" fromWho="2" sc="140,-21,410,-41,270,93,170,-21" /><INIT seed="2,0,0,2,5,12" ten="119,369,363,149" oya="2" hai0="132,47,123,96,106,111,21,109,6,124,8,34,119" hai1="13,65,91,98,104,43,26,24,46,16,102,92,69" hai2="30,19,53,37,58,71,101,128,9,90,122,50,94" hai3="100,84,41,107,115,114,118,32,129,31,2,5,27"/><V126/><F122/><W72/><G118/><T18/><D123/><U112/><E112/><N who="3" m="43050" /><G72/><T80/><D34/><U86/><E65/><V117/><F117/><W3/><G129/><T48/><D119/><U130/><E69/><V51/><F37/><W93/><G107/><T15/><D80/><U39/><REACH who="1" step="1"/><E130/><REACH who="1" ten="119,359,363,149" step="2"/><V61/><F71/><W116/><G116/><T121/><D121/><U35/><E35/><V76/><F128/><W7/><G32/><T20/><D132/><U11/><AGARI ba="0,1" hai="11,13,16,24,26,39,43,46,86,91,92,98,102,104" machi="11" ten="20,12000,2" yaku="1,1,0,1,7,1,52,1,54,1,53,2" doraHai="12" doraHaiUra="22" who="1" fromWho="1" sc="119,-30,359,130,363,-60,149,-30" /><INIT seed="3,0,0,1,2,12" ten="89,489,303,119" oya="3" hai0="51,107,111,25,54,15,60,110,121,126,129,87,3" hai1="99,74,17,44,40,58,135,37,106,56,108,28,85" hai2="5,128,26,64,105,50,75,73,11,95,122,23,49" hai3="112,131,116,88,63,91,113,27,43,72,30,98,53"/><W62/><G116/><T0/><D107/><U117/><E74/><V2/><F105/><W59/><G72/><T38/><D121/><U67/><E28/><V9/><F128/><W47/><G131/><T97/><D129/><U81/><E67/><V86/><F64/><W41/><G112/><T123/><D123/><U31/><E31/><V20/><F122/><W109/><G113/><T19/><D38/><U18/><E108/><N who="0" m="41513" /><D97/><U92/><E106/><V6/><F95/><N who="3" m="56679" /><G109/><T45/><D126/><U46/><E46/><V103/><F86/><W119/><G119/><T127/><D127/><U76/><E117/><V133/><F103/><W70/><G70/><T100/><D100/><U102/><E135/><V78/><F133/><W7/><G7/><T24/><D87/><U14/><E17/><V35/><F35/><W68/><G68/><T77/><D77/><U83/><E81/><V29/><F78/><W84/><G62/><T96/><D60/><U8/><AGARI ba="0,0" hai="8,14,18,37,40,44,56,58,76,83,85,92,99,102" machi="8" ten="20,2700,0" yaku="0,1,7,1,52,1" doraHai="12" who="1" fromWho="1" sc="89,-7,489,27,303,-7,119,-13" owari="82,-41.8,516,61.6,296,9.6,106,-29.4" /></mjloggm>