<mjloggm ver="2.3"><GO type="225" lobby="0"/><UN n0="%E9%B3%B3%E6%9D%B1%E3%81%AE%E3%81%BF%E3%81%91%E3%81%AB%E3%82%83%E3%82%93" n1="%E5%8D%A0%E3%81%84%E5%B8%AB%E8%A3%8F%E3%81%AA%E3%81%84%E3%81%97" n2="%E3%81%BF%E3%81%BF%E3%81%9A" n3="%E5%B0%8F%E9%B3%A5%E9%81%8A%E7%B7%B4%E7%84%A1%32%31%E6%AD%B3" dan="17,16,16,16" rate="2136.97,2172.49,2141.08,2149.04" sx="F,M,M,F"/><TAIKYOKU oya="0"/><INIT seed="0,0,0,5,2,109" ten="250,250,250,250" oya="0" hai0="22,50,85,76,84,121,82,106,38,53,98,133,61" hai1="70,32,6,4,99,77,126,27,36,131,71,46,7" hai2="113,95,105,81,37,13,64,29,75,12,93,48,87" hai3="117,18,120,111,42,52,39,21,34,97,101,79,116"/><T69/><D121/><U91/><E126/><V135/><F37/><W128/><G34/><T57/><D38/><U66/><E131/><V30/><F105/><W59/><G128/><T65/><D133/><U19/><E77/><V3/><F3/><W56/><G111/><T51/><D106/><U23/><E32/><V43/><F75/><W94/><G120/><T89/><D98/><U108/><E66/><V88/><F113/><W92/><G79/><T107/><D107/><U115/><E108/><V1/><F1/><W114/><G59/><T10/><D10/><U72/><E72/><V100/><F64/><W58/><G56/><T54/><D22/><U67/><E67/><V130/><F135/><W73/><G73/><T15/><D15/><N who="2" m="5706" /><F130/><W28/><G28/><N who="2" m="10857" /><F100/><W123/><G123/><T0/><D0/><U31/><E31/><V47/><AGARI ba="0,0" hai="43,47,48,81,87,88,93,95" m="10857,5706" machi="47" ten="30,2000,0" yaku="8,1,54,1" doraHai="109" who="2" fromWho="2" sc="250,-10,250,-5,250,20,250,-5" /><INIT seed="1,0,0,0,0,35" ten="240,245,270,245" oya="1" hai0="73,21,128,84,129,25,133,108,11,119,70,68,113" hai1="26,58,5,13,37,71,132,103,46,38,9,115,114" hai2="63,76,81,127,109,47,8,12,53,126,3,79,41" hai3="1,15,98,104,107,88,72,124,101,44,17,27,45"/><U120/><E71/><V4/><F109/><W22/><G72/><T82/><D113/><U121/><E132/><V55/><F12/><W95/><G107/><T123/><D119/><U91/><E103/><V66/><F66/><W54/><G124/><N who="2" m="47657" /><F63/><W40/><G54/><N who="2" m="20489" /><F81/><W42/><G1/><T85/><D133/><U61/><E26/><V83/><F83/><W110/><G110/><T33/><D82/><U92/><E115/><V57/><F57/><W106/><G27/><T99/><D25/><U135/><E114/><V130/><F130/><W112/><G112/><T125/><D125/><U50/><E135/><V19/><F19/><W118/><G118/><T0/><D0/><U134/><E134/><V89/><F89/><W52/><G104/><T86/><D123/><U69/><E69/><V122/><F122/><W102/><G106/><T32/><D108/><U100/><E100/><N who="3" m="38506" /><G44/><T48/><D68/><U75/><E121/><V64/><F64/><W24/><G15/><T65/><D70/><U111/><E120/><V43/><F47/><W60/><G45/><T67/><D67/><N who="1" m="39351" /><E111/><V10/><F8/><W78/><G78/><AGARI ba="0,0" hai="3,4,10,41,43,76,78,79" m="20489,47657" machi="78" ten="30,2000,0" yaku="18,1,52,1" doraHai="35" who="2" fromWho="3" sc="240,0,245,0,270,20,245,-20" /><INIT seed="2,0,0,4,5,30" ten="240,245,290,225" oya="2" hai0="60,118,96,12,29,47,49,34,50,86,114,22,103" hai1="35,44,128,110,65,16,53,7,61,111,99,2,37" hai2="122,124,26,6,10,43,79,8,98,27,102,24,54" hai3="19,127,126,52,97,1,115,78,48,129,74,38,13"/><V120/><F43/><W11/><G129/><T106/><D114/><U14/><E128/><V17/><F79/><W28/><G38/><T121/><D121/><U42/><E2/><V15/><F54/><W70/><G70/><T71/><D118/><U56/><E7/><V80/><F80/><W131/><G131/><T116/><D116/><U25/><E99/><V88/><F124/><N who="3" m="47659" /><G1/><T84/><D22/><N who="1" m="11543" /><E25/><V82/><F102/><W91/><G28/><T81/><D12/><U109/><E65/><V39/><F39/><W89/><G97/><T108/><D108/><U75/><E75/><V112/><F112/><W32/><G115/><T95/><D95/><U123/><E123/><V58/><F58/><N who="3" m="33031" /><G32/><AGARI ba="0,0" hai="32,35,37,42,44,53,56,61,109,110,111" m="11543" machi="32" ten="30,7700,0" yaku="14,1,52,2,54,1" doraHai="30" who="1" fromWho="3" sc="240,0,245,77,290,0,225,-77" /><INIT seed="3,0,0,5,4,25" ten="240,322,290,148" oya="3" hai0="10,54,114,37,101,99,2,48,52,123,35,125,47" hai1="64,80,107,116,38,100,71,55,96,67,31,75,102" hai2="30,45,115,23,81,89,112,24,57,92,40,32,9" hai3="111,83,3,6,8,94,18,77,113,132,60,126,0"/><W43/><G113/><T22/><D123/><U29/><E38/><V119/><F119/><W58/><G0/><T17/><D35/><U28/><E116/><V76/><F57/><W1/><G1/><T56/><D125/><U127/><E127/><V20/><F20/><W42/><G126/><T70/><D70/><U15/><E71/><V82/><F9/><W110/><G132/><T49/><D37/><U12/><E55/><V36/><F32/><W27/><G94/><T91/><D91/><U103/><E107/><V21/><F21/><W34/><G18/><T5/><D114/><U90/><E96/><V130/><F82/><W41/><G34/><T39/><D39/><U4/><E4/><V88/><F89/><W118/><G27/><T74/><D74/><U86/><E75/><V61/><F61/><W53/><REACH who="3" step="1"/><G118/><REACH who="3" ten="240,322,290,138" step="2"/><T79/><D17/><U122/><E122/><V131/><F115/><W105/><G105/><T120/><D120/><U50/><E12/><V129/><F112/><W95/><G95/><T72/><D22/><U69/><E15/><V63/><F131/><W98/><G98/><T44/><D99/><U93/><E93/><V97/><REACH who="2" step="1"/><F63/><REACH who="2" ten="240,322,280,138" step="2"/><W16/><G16/><T134/><D134/><U62/><E62/><V121/><F121/><W124/><G124/><T59/><D101/><U66/><E69/><V7/><F7/><W135/><G135/><T128/><D128/><U33/><E33/><V84/><AGARI ba="0,2" hai="23,24,30,36,40,45,76,81,84,88,92,97,129,130" machi="84" ten="30,7900,0" yaku="1,1,0,1,52,1,54,1,53,0" doraHai="25" doraHaiUra="11" who="2" fromWho="2" sc="240,-20,322,-20,280,99,138,-39" owari="220,-18.0,302,10.2,379,47.9,99,-40.1" /></mjloggm>