<mjloggm ver="2.3"><GO type="225" lobby="0"/><UN n0="%E8%83%83%E3%81%A8%E8%85%B8" n1="%E3%83%97%E3%83%AC%E3%83%B4%E3%82%A1%E3%83%86%E3%82%A3" n2="%6D%75%75%6D%75%72%61" n3="%E5%B8%86%E7%AB%8B%E5%A4%8F%E8%A1%A3" dan="16,16,17,16" rate="2186.73,2159.66,2203.89,2113.57" sx="M,F,F,M"/><TAIKYOKU oya="0"/><INIT seed="0,0,0,2,3,114" ten="250,250,250,250" oya="0" hai0="97,134,67,96,36,4,27,78,6,32,1,129,91" hai1="132,49,86,71,64,126,113,52,60,80,17,56,92" hai2="38,68,107,61,55,12,30,63,40,75,41,53,81" hai3="85,84,102,10,106,121,90,70,33,50,19,21,130"/><T26/><D36/><U135/><E113/><V54/><F107/><W22/><G121/><T42/><D42/><N who="2" m="16490" /><F30/><W39/><G130/><T87/><D67/><U24/><E126/><V8/><F75/><W0/><G70/><T25/><D32/><U69/><E69/><V89/><F38/><W59/><G39/><T123/><D123/><U2/><E2/><V111/><F68/><W98/><G33/><T43/><D43/><U66/><E66/><V79/><F79/><W104/><G104/><T48/><D48/><U83/><E92/><V7/><F111/><W73/><G73/><T45/><D45/><U99/><E99/><N who="0" m="37961" /><D1/><U95/><E95/><V23/><F23/><W112/><G112/><T46/><D46/><U16/><E83/><V58/><F58/><W51/><G59/><T88/><D129/><U108/><E108/><V72/><F72/><W124/><G124/><T13/><D134/><N who="1" m="51243" /><E24/><V11/><F11/><W125/><G125/><T20/><D78/><AGARI ba="0,0" hai="16,17,49,52,56,60,64,71,78,80,86" m="51243" machi="78" ten="30,3900,0" yaku="20,1,54,2" doraHai="114" who="1" fromWho="0" sc="250,-39,250,39,250,0,250,0" /><INIT seed="1,0,0,4,1,95" ten="211,289,250,250" oya="1" hai0="60,67,30,65,0,102,107,118,58,26,21,96,78" hai1="11,64,114,22,18,32,132,97,46,12,76,106,83" hai2="5,69,36,41,79,127,72,63,4,100,39,82,40" hai3="15,109,101,61,122,77,37,50,110,20,31,44,74"/><U104/><E114/><V70/><F127/><W45/><G122/><T16/><D118/><U66/><E32/><V2/><F100/><W126/><G126/><T117/><D117/><U7/><E132/><V94/><F94/><W103/><G61/><T84/><D0/><U53/><E106/><V24/><F24/><N who="3" m="16775" /><G15/><T99/><D107/><U133/><E133/><V129/><F129/><W9/><G9/><T73/><D73/><U59/><E46/><N who="3" m="18026" /><G50/><T10/><D102/><U112/><E112/><V14/><F14/><W75/><G37/><T1/><D65/><U47/><E47/><V86/><F72/><W87/><G75/><T29/><D1/><U13/><E104/><V49/><F49/><W27/><G27/><T3/><D3/><U89/><E76/><V35/><F35/><W134/><G74/><T52/><D67/><U115/><E115/><V135/><F135/><W28/><G28/><N who="0" m="10859" /><D10/><U48/><REACH who="1" step="1"/><E83/><AGARI ba="0,0" hai="16,21,26,52,58,60,78,83,84,96,99" m="10859" machi="83" ten="30,8000,1" yaku="8,1,52,2,54,2" doraHai="95" who="0" fromWho="1" sc="211,80,289,-80,250,0,250,0" /><INIT seed="2,0,0,1,0,20" ten="291,209,250,250" oya="2" hai0="91,3,112,58,50,42,124,80,53,106,74,96,89" hai1="60,105,113,109,119,111,21,59,56,93,44,47,28" hai2="13,86,133,69,114,16,87,54,37,90,41,115,110" hai3="6,127,97,121,135,71,95,117,29,14,103,24,101"/><V88/><F133/><W73/><G117/><T118/><D112/><U83/><E105/><V126/><F69/><W120/><G71/><T94/><D3/><U34/><E34/><V2/><F2/><W70/><G70/><T9/><D106/><U68/><E83/><V65/><F126/><W11/><G135/><T98/><D124/><U40/><E93/><V12/><F65/><W122/><G127/><T31/><D9/><U82/><E82/><V23/><F110/><N who="1" m="41993" /><E28/><V128/><F128/><W100/><REACH who="3" step="1"/><G73/><REACH who="3" ten="291,209,250,240" step="2"/><T33/><D74/><U79/><E119/><V4/><F115/><W64/><G64/><T125/><D118/><U52/><E113/><V123/><F114/><W67/><G67/><T45/><D125/><U30/><E68/><V10/><F123/><W22/><AGARI ba="0,1" hai="6,11,14,22,24,29,95,97,100,101,103,120,121,122" machi="22" ten="30,7900,0" yaku="1,1,0,1,52,1,53,1" doraHai="20" doraHaiUra="7" who="3" fromWho="3" sc="291,-20,209,-20,250,-39,240,89" /><INIT seed="3,0,0,1,4,41" ten="271,189,211,329" oya="3" hai0="97,22,124,117,107,34,75,35,40,21,130,76,87" hai1="93,36,118,10,67,20,4,15,83,53,23,72,94" hai2="52,31,50,69,132,88,25,108,79,45,55,37,96" hai3="9,104,135,106,61,26,66,100,127,133,101,122,134"/><W54/><G122/><T2/><D117/><U8/><E118/><V33/><F69/><N who="3" m="42191" /><G127/><T129/><D2/><U91/><E36/><V113/><F108/><W5/><G26/><T111/><D75/><U89/><E67/><V110/><F132/><W115/><G54/><T82/><D111/><U84/><E53/><V71/><F110/><W43/><G43/><T103/><D124/><U70/><E70/><V74/><F113/><W98/><G115/><T0/><D0/><U42/><E42/><V30/><F37/><W116/><G116/><T99/><D99/><U77/><REACH who="1" step="1"/><E10/><REACH who="1" ten="271,179,211,329" step="2"/><V112/><F112/><W126/><G126/><T24/><D40/><U121/><E121/><V27/><F71/><W3/><G101/><T29/><D103/><U109/><E109/><V95/><F55/><W18/><G135/><T60/><D130/><U102/><E102/><V38/><F38/><W119/><G134/><T92/><D129/><U28/><E28/><V85/><F74/><W56/><G133/><T120/><D29/><U80/><E80/><V63/><F63/><W90/><G100/><T11/><D82/><U68/><E68/><V59/><F59/><W47/><G56/><T1/><D60/><U48/><E48/><V6/><F31/><W65/><G65/><T16/><D120/><U78/><E78/><V44/><F30/><W81/><G81/><T14/><D76/><U123/><E123/><V105/><F33/><W58/><G58/><T32/><D32/><U57/><E57/><V13/><F45/><W114/><G119/><T131/><D34/><U73/><E73/><RYUUKYOKU ba="0,1" sc="271,-10,179,30,211,-10,329,-10" hai1="4,8,15,20,23,72,77,83,84,89,91,93,94" owari="261,6.1,209,-19.1,201,-29.9,329,42.9" /></mjloggm>