<mjloggm ver="2.3"><GO type="225" lobby="0"/><UN n0="%E3%81%82%E3%81%99%E3%81%AB%E3%82%83%E3%82%80" n1="%E3%82%BC%E3%83%AB%E3%83%80%E3%81%AE%E4%BC%9D%E8%AA%AC" n2="%E8%B6%85%E7%B4%9A%E9%B3%B3%E5%87%B0" n3="%E9%B3%B3%E6%9D%B1%E3%81%AE%E3%81%86%E3%81%95%E3%81%8E%E3%81%95%E3%82%93" dan="16,17,16,17" rate="2125.29,2157.79,2159.02,2248.34" sx="F,M,M,M"/><TAIKYOKU oya="0"/><INIT seed="0,0,0,0,2,72" ten="250,250,250,250" oya="0" hai0="99,34,38,132,6,121,87,54,29,27,22,8,84" hai1="30,59,123,135,73,55,80,129,31,81,125,91,32" hai2="58,35,120,1,133,39,118,3,134,93,85,19,111" hai3="63,49,130,21,103,92,43,37,24,114,106,17,116"/><T83/><D121/><U51/><E123/><V89/><F120/><W95/><G114/><T110/><D38/><U10/><E125/><V75/><F35/><W44/><G116/><T23/><D132/><N who="2" m="50794" /><F39/><W61/><G130/><T119/><D87/><U70/><E70/><V56/><F118/><W68/><G37/><T14/><D119/><U65/><E135/><V94/><F111/><W42/><G42/><T100/><D54/><U52/><E65/><V46/><F75/><W12/><G106/><T122/><D110/><U33/><E129/><V0/><F46/><W126/><G126/><T25/><D25/><U105/><E105/><V71/><F71/><W96/><G68/><T66/><D66/><U18/><E73/><V78/><F19/><W62/><REACH who="3" step="1"/><G95/><REACH who="3" ten="250,250,250,240" step="2"/><T90/><D122/><U26/><E32/><V97/><F94/><AGARI ba="0,1" hai="6,8,14,22,23,27,29,34,83,84,90,94,99,100" machi="94" ten="30,1500,0" yaku="7,1" doraHai="72" who="0" fromWho="2" sc="250,25,250,0,250,-15,240,0" /><INIT seed="0,1,0,0,1,93" ten="275,250,235,240" oya="0" hai0="123,14,64,68,105,60,61,72,117,132,96,100,33" hai1="3,59,22,16,13,82,65,7,87,134,17,19,63" hai2="54,102,2,38,34,70,31,42,90,77,20,89,124" hai3="11,9,56,25,51,39,116,130,133,67,18,49,48"/><T45/><D117/><U126/><E126/><V109/><F70/><W46/><G116/><T32/><D123/><U10/><REACH who="1" step="1"/><E134/><REACH who="1" ten="275,240,235,240" step="2"/><V121/><F124/><W40/><G133/><T29/><D132/><U5/><E5/><V6/><F6/><W37/><BYE who="2" /><G130/><T101/><D72/><U35/><E35/><V44/><F44/><W0/><G46/><UN n2="%E8%B6%85%E7%B4%9A%E9%B3%B3%E5%87%B0" /><T103/><D33/><U50/><E50/><V1/><F34/><W15/><G40/><T4/><D45/><U69/><E69/><V85/><F38/><W91/><G39/><T57/><D60/><U107/><E107/><V108/><F121/><W74/><G74/><T30/><D57/><U129/><E129/><V23/><F109/><W66/><G37/><T128/><D128/><U81/><E81/><V83/><F108/><W62/><G56/><T97/><D105/><U12/><E12/><V113/><F83/><W86/><G62/><T58/><D32/><U135/><E135/><V52/><F1/><W36/><G36/><T92/><D68/><U95/><E95/><V127/><F2/><W125/><G125/><T98/><D92/><U24/><E24/><V8/><F127/><W110/><G110/><T106/><D106/><U115/><E115/><V73/><F113/><W21/><G0/><T47/><D47/><U112/><E112/><V71/><F71/><W118/><G118/><T114/><D114/><U104/><E104/><V88/><F23/><W27/><G27/><T55/><D55/><U119/><E119/><V53/><F54/><W28/><G9/><AGARI ba="1,1" hai="4,9,14,29,30,58,61,64,96,97,98,100,101,103" machi="9" ten="40,12000,1" yaku="8,1,52,3" doraHai="93" who="0" fromWho="3" sc="275,133,240,0,235,0,240,-123" /><INIT seed="0,2,0,0,3,35" ten="408,240,235,117" oya="0" hai0="63,2,15,103,96,122,88,91,129,128,95,99,4" hai1="134,117,67,87,109,68,61,127,7,18,29,24,82" hai2="57,49,12,131,101,115,114,37,119,74,48,75,11" hai3="98,40,44,66,14,86,38,84,116,133,58,21,108"/><T123/><D15/><U23/><E117/><V72/><F37/><W83/><G116/><T71/><D71/><U36/><E109/><V13/><F119/><W17/><G133/><T113/><D113/><U20/><E127/><V32/><F32/><W97/><G108/><T79/><D63/><U6/><E36/><V1/><F131/><N who="0" m="50250" /><D79/><U90/><REACH who="1" step="1"/><E134/><REACH who="1" ten="408,230,235,117" step="2"/><V130/><F130/><W132/><G132/><T47/><D123/><U46/><E46/><V8/><F114/><W55/><G66/><T106/><D47/><U125/><E125/><V64/><F115/><W50/><REACH who="3" step="1"/><G86/><REACH who="3" ten="408,230,235,107" step="2"/><T19/><D122/><U110/><E110/><V77/><F64/><W60/><G60/><T120/><D120/><U0/><E0/><V51/><F1/><W27/><G27/><AGARI ba="2,2" hai="6,7,18,20,23,24,27,29,61,67,68,82,87,90" machi="27" ten="30,2000,0" yaku="1,1,7,1,53,0" doraHai="35" doraHaiUra="43" who="1" fromWho="3" sc="408,0,230,46,235,0,107,-26" /><INIT seed="1,0,0,3,5,1" ten="408,276,235,81" oya="1" hai0="4,74,52,33,110,126,7,15,40,47,11,21,123" hai1="51,48,27,79,87,116,83,113,69,104,37,63,41" hai2="58,62,12,68,124,14,36,23,35,78,81,102,107" hai3="46,103,20,67,34,53,99,76,13,84,42,24,49"/><U6/><E113/><V57/><F35/><W88/><G34/><T0/><D33/><U70/><E116/><V120/><F120/><W45/><G76/><T131/><D131/><U91/><E104/><V19/><F36/><W64/><G13/><T9/><D110/><U108/><E108/><V71/><F124/><W135/><G135/><T55/><D74/><U32/><E37/><V38/><F38/><W132/><G132/><T121/><D126/><U17/><E91/><V72/><F14/><W118/><G118/><T54/><D21/><U112/><E112/><V97/><REACH who="2" step="1"/><F58/><REACH who="2" ten="408,276,225,81" step="2"/><W93/><G45/><T92/><D123/><U101/><E69/><V85/><F85/><BYE who="2" /><UN n2="%E8%B6%85%E7%B4%9A%E9%B3%B3%E5%87%B0" /><W61/><G42/><T26/><D47/><U94/><E87/><V133/><F133/><W75/><G75/><T56/><D40/><U30/><E70/><V89/><F89/><W18/><REACH who="3" step="1"/><G61/><REACH who="3" ten="408,276,225,71" step="2"/><T31/><D121/><U98/><E63/><V122/><F122/><W125/><G125/><T8/><D15/><U115/><E41/><V100/><F100/><W134/><G134/><T105/><D0/><U111/><E101/><V59/><F59/><W119/><G119/><T96/><D56/><U77/><E32/><V29/><F29/><W3/><G3/><T2/><D2/><U10/><E30/><V60/><F60/><W28/><G28/><T129/><D31/><U95/><E111/><V39/><F39/><W25/><G25/><T114/><D26/><U109/><E27/><V127/><F127/><W66/><G66/><AGARI ba="0,2" hai="12,19,23,57,62,66,68,71,72,78,81,97,102,107" machi="66" ten="30,2000,0" yaku="1,1,7,1,53,0" doraHai="1" doraHaiUra="22" who="2" fromWho="3" sc="408,0,276,0,225,40,71,-20" /><INIT seed="2,0,0,2,5,109" ten="408,276,265,51" oya="2" hai0="66,6,31,59,94,95,37,49,133,34,126,43,89" hai1="131,129,1,8,107,52,13,91,17,100,57,118,85" hai2="127,24,103,80,79,82,3,78,132,99,25,54,68" hai3="28,20,41,111,4,119,5,76,47,104,16,44,123"/><V116/><F116/><W134/><G119/><T98/><D37/><U84/><E118/><V121/><F3/><W30/><G123/><T61/><D6/><U125/><E1/><V83/><F121/><W9/><G111/><T74/><D74/><U60/><E125/><V58/><F127/><W97/><G134/><T18/><D133/><U65/><E65/><V117/><F68/><W105/><G76/><T112/><D112/><U106/><E84/><V51/><F117/><W135/><G135/><T22/><D31/><U0/><E0/><V77/><REACH who="2" step="1"/><F132/><REACH who="2" ten="408,276,255,51" step="2"/><W102/><G105/><AGARI ba="0,1" hai="24,25,51,54,58,77,78,79,80,82,83,99,103,105" machi="105" ten="40,3900,0" yaku="1,1,2,1,53,0" doraHai="109" doraHaiUra="130" who="2" fromWho="3" sc="408,0,276,0,255,49,51,-39" /><INIT seed="2,1,0,2,1,92" ten="408,276,304,12" oya="2" hai0="0,30,64,41,56,128,113,12,50,68,116,105,129" hai1="65,38,107,93,18,87,134,90,25,19,130,89,127" hai2="61,76,55,100,14,86,13,97,131,71,43,54,26" hai3="120,1,121,122,66,115,59,32,3,20,31,36,119"/><V53/><F131/><N who="0" m="50250" /><D0/><U69/><E130/><V40/><F26/><N who="3" m="18551" /><G59/><T6/><D105/><U83/><E38/><V44/><F71/><W114/><G66/><T94/><D30/><U22/><E107/><V11/><F61/><W28/><G36/><T73/><D73/><U75/><E127/><V49/><F43/><W57/><G57/><T99/><D113/><N who="3" m="43017" /><G119/><T132/><D132/><U72/><E134/><V16/><F13/><W4/><G4/><T60/><D116/><U111/><E111/><V82/><REACH who="2" step="1"/><F40/><REACH who="2" ten="408,276,294,12" step="2"/><W29/><G29/><T27/><D41/><U37/><E69/><V48/><F48/><W79/><G79/><T110/><D50/><U24/><E37/><V42/><F42/><W10/><G10/><T117/><D68/><U5/><E65/><V102/><F102/><W123/><N who="3" m="30720" /><DORA hai="91" /><W104/><G104/><AGARI ba="1,1" hai="11,14,16,44,49,53,54,55,76,82,86,97,100,104" machi="104" ten="30,12000,1" yaku="1,1,7,1,52,1,54,1,53,1" doraHai="92,91" doraHaiUra="47,88" who="2" fromWho="3" sc="408,0,276,0,294,133,12,-123" owari="408,20.8,276,-12.4,427,52.7,-111,-61.1" /></mjloggm>