<mjloggm ver="2.3"><GO type="225" lobby="0"/><UN n0="%E3%81%99%E3%81%84%E3%81%BE%E3%81%9B%E3%83%BC%E3%82%93" n1="%47%48%4F%53%54" n2="%E6%B4%BE%E9%81%A3%E3%81%AE%E3%82%B8%E3%83%A3%E3%83%83%E3%82%AF" n3="%E3%81%B2%E3%81%BE%E3%81%A4%E3%81%B6%E3%81%97" dan="17,17,17,16" rate="2240.82,2227.13,2178.27,2178.09" sx="M,M,M,M"/><TAIKYOKU oya="0"/><INIT seed="0,0,0,2,5,18" ten="250,250,250,250" oya="0" hai0="30,64,59,101,93,10,121,96,91,115,55,103,80" hai1="70,77,99,66,56,41,48,7,49,113,87,3,11" hai2="68,21,31,28,6,134,129,58,67,39,100,15,106" hai3="75,65,88,36,26,27,33,86,38,62,57,89,9"/><T54/><D115/><U29/><E113/><V104/><F39/><W22/><G75/><T109/><D121/><U63/><E29/><V20/><F134/><W105/><G105/><T116/><D116/><U124/><E124/><V45/><F68/><W35/><G38/><T2/><D109/><U1/><E99/><V78/><F78/><W98/><G36/><T14/><D2/><U12/><E49/><V108/><F108/><W42/><G42/><T0/><D0/><U5/><E5/><V112/><F112/><W61/><G9/><T47/><D30/><N who="2" m="11306" /><F104/><W102/><G33/><T130/><D130/><U110/><E110/><V74/><F74/><W85/><G35/><T133/><D133/><U126/><E126/><V94/><F45/><W90/><G61/><N who="0" m="37951" /><D47/><N who="1" m="25711" /><E70/><V128/><F106/><W13/><G13/><T135/><D135/><U69/><E69/><V73/><F73/><W122/><G27/><T119/><D119/><U25/><E25/><V120/><F120/><W95/><G122/><T71/><D71/><U23/><E23/><V125/><F125/><W114/><G114/><T118/><D118/><U8/><E8/><N who="2" m="4503" /><F129/><W46/><G46/><T37/><D37/><U34/><E34/><V51/><F128/><W76/><G76/><T84/><D103/><U83/><AGARI ba="0,0" hai="1,3,7,11,12,56,63,66,77,83,87" m="25711" machi="83" ten="30,1100,0" yaku="25,1" doraHai="18" who="1" fromWho="1" sc="250,-5,250,11,250,-3,250,-3" /><INIT seed="1,0,0,2,4,82" ten="245,261,247,247" oya="1" hai0="77,101,47,91,38,23,63,0,60,86,37,56,55" hai1="107,88,29,92,44,76,45,40,133,134,80,112,114" hai2="84,1,18,62,105,57,113,125,102,122,6,33,69" hai3="106,117,128,120,115,126,31,110,74,83,51,49,42"/><U130/><E107/><V118/><F122/><W104/><G120/><T4/><D77/><U58/><E29/><V124/><F118/><W73/><G115/><T27/><D101/><U17/><E17/><V95/><F113/><N who="1" m="43625" /><E58/><V119/><F33/><W98/><G117/><T99/><D99/><N who="1" m="57735" /><E130/><V75/><F75/><W19/><G128/><T25/><D25/><U61/><E61/><V132/><F69/><W22/><G31/><T116/><D116/><U10/><E10/><V90/><F119/><W36/><G98/><T41/><D4/><U24/><E24/><V26/><F1/><W15/><G104/><T9/><D9/><U108/><E40/><V66/><F6/><W16/><G106/><T109/><D63/><U123/><E123/><V14/><F26/><W46/><G19/><T3/><D38/><U32/><E32/><V81/><F105/><W87/><G74/><T67/><D67/><U135/><E108/><V85/><F102/><W48/><G110/><T12/><D12/><U72/><AGARI ba="0,0" hai="44,45,72,76,80,133,134,135" m="57735,43625" machi="72" ten="40,3900,0" yaku="20,1,54,1" doraHai="82" who="1" fromWho="1" sc="245,-13,261,39,247,-13,247,-13" /><INIT seed="1,1,0,0,1,33" ten="232,300,234,234" oya="1" hai0="28,122,96,57,52,51,17,44,101,111,77,19,128" hai1="126,43,112,0,73,64,42,16,81,79,99,21,49" hai2="116,63,102,2,82,38,23,127,97,36,104,105,87" hai3="32,22,59,71,24,8,47,94,20,80,34,67,69"/><U130/><E112/><V61/><F116/><W56/><G8/><T89/><D111/><U12/><E126/><V131/><F127/><W11/><G11/><T54/><D128/><U18/><E130/><V50/><F131/><W120/><G120/><T113/><D113/><U30/><E0/><V46/><F104/><W118/><G118/><T66/><D66/><U35/><E64/><V37/><F23/><W75/><G47/><T86/><D77/><U60/><E60/><V93/><F105/><W76/><G94/><N who="0" m="58519" /><D28/><U58/><E99/><V4/><F4/><W95/><G95/><N who="0" m="54711" /><D122/><U27/><REACH who="1" step="1"/><E18/><REACH who="1" ten="232,290,234,234" step="2"/><V74/><F2/><W45/><G67/><T90/><D90/><U15/><E15/><V135/><F63/><AGARI ba="1,1" hai="17,19,44,51,52,54,57,63" m="54711,58519" machi="63" ten="30,2000,0" yaku="8,1,54,1" doraHai="33" who="0" fromWho="2" sc="232,33,290,0,234,-23,234,0" /><INIT seed="2,0,0,4,3,18" ten="265,290,211,234" oya="2" hai0="132,101,89,105,51,15,14,62,41,90,7,133,116" hai1="61,1,39,47,103,96,78,113,44,4,45,81,128" hai2="3,115,30,118,60,63,40,87,13,64,82,29,26" hai3="67,31,119,122,111,135,17,109,74,97,21,48,16"/><V75/><F118/><W127/><G119/><T107/><D116/><U50/><E128/><V68/><F115/><W12/><G122/><T77/><D77/><U71/><E113/><V70/><F3/><W112/><G112/><T79/><D79/><U11/><E61/><V37/><F75/><W38/><G38/><T117/><D117/><U34/><E71/><V110/><F110/><W123/><G74/><T36/><D36/><U25/><E25/><V95/><F95/><W33/><G123/><T24/><D62/><U58/><E34/><V9/><F26/><N who="3" m="18679" /><G67/><T99/><D24/><U86/><E58/><V46/><F63/><W2/><G2/><T80/><D107/><U114/><E39/><V52/><F68/><W104/><G48/><T126/><D126/><U20/><E20/><V0/><F0/><W55/><G55/><T65/><D65/><U129/><E129/><V59/><F64/><W108/><G127/><T69/><D69/><U54/><REACH who="1" step="1"/><E114/><REACH who="1" ten="265,280,211,234" step="2"/><V8/><F70/><W73/><G111/><T5/><D133/><U125/><E125/><V57/><F59/><W10/><G135/><T102/><D132/><U100/><E100/><V53/><F8/><W72/><G109/><T91/><D102/><U28/><E28/><N who="2" m="10859" /><F57/><W66/><G108/><T121/><D121/><U56/><E56/><V85/><F60/><W124/><G124/><T27/><D27/><U42/><E42/><V76/><F53/><W19/><G66/><T23/><D41/><U98/><E98/><V131/><F131/><W106/><G10/><N who="0" m="4431" /><D99/><U6/><E6/><N who="2" m="3255" /><F52/><W93/><G97/><RYUUKYOKU ba="0,1" sc="265,-15,280,15,211,15,234,-15" hai1="1,4,11,44,45,47,50,54,78,81,86,96,103" hai2="37,40,46,76,82,85,87" /><INIT seed="2,1,1,3,0,114" ten="250,295,226,219" oya="2" hai0="102,13,117,19,16,34,130,57,39,43,53,14,109" hai1="77,7,63,67,32,124,11,10,80,69,66,112,81" hai2="5,48,4,55,103,12,74,70,113,52,119,25,38" hai3="30,23,94,97,78,60,75,47,123,127,62,24,0"/><V76/><F113/><W83/><G123/><T31/><D109/><U100/><E112/><V135/><F70/><W65/><G127/><T54/><D130/><U87/><E124/><V105/><F38/><W42/><G0/><T46/><D117/><U50/><E32/><V91/><F119/><W21/><G21/><T131/><D131/><U56/><E100/><V132/><F91/><W115/><G115/><T106/><D31/><U1/><E11/><V59/><F25/><W96/><G94/><T26/><D34/><U79/><E50/><V133/><F12/><W22/><G22/><T71/><D71/><U61/><E81/><N who="2" m="45207" /><F55/><W28/><G28/><T27/><D27/><U86/><E79/><V36/><F36/><W122/><G122/><T93/><D106/><U92/><E92/><V2/><F2/><W58/><REACH who="3" step="1"/><G62/><REACH who="3" ten="250,295,226,209" step="2"/><T90/><D93/><U110/><E110/><V121/><F121/><W6/><G6/><T99/><D26/><U120/><E120/><V68/><F68/><W128/><G128/><T20/><D20/><U73/><AGARI ba="1,2" hai="1,7,10,56,61,63,66,67,69,73,77,80,86,87" machi="73" ten="20,1500,0" yaku="0,1,7,1" doraHai="114" who="1" fromWho="1" sc="250,-5,295,38,226,-8,209,-5" /><INIT seed="3,0,0,5,1,80" ten="245,333,218,204" oya="3" hai0="24,130,50,14,16,30,127,38,111,41,36,101,91" hai1="110,47,7,102,31,33,35,29,93,87,10,13,71" hai2="121,0,108,64,56,42,89,61,113,94,126,48,90" hai3="59,55,70,3,18,58,37,9,28,2,122,57,43"/><W5/><G122/><T23/><D111/><U82/><E71/><V114/><F108/><W17/><G70/><T22/><D127/><U67/><E110/><V117/><F0/><W60/><G3/><T73/><D130/><U112/><E112/><V79/><F117/><W21/><G28/><T134/><D134/><U51/><E67/><V45/><F79/><W109/><G109/><T66/><D73/><U46/><E35/><V19/><F126/><W68/><G68/><T8/><D66/><U12/><E12/><V95/><F121/><W27/><REACH who="3" step="1"/><G18/><REACH who="3" ten="245,333,218,194" step="2"/><T81/><D16/><U120/><E31/><V107/><F19/><W99/><G99/><T6/><D30/><U100/><E29/><V54/><F113/><W125/><G125/><T34/><D34/><U119/><E33/><V4/><F114/><W83/><G83/><T72/><D81/><U133/><E82/><V74/><F74/><W39/><G39/><T15/><D38/><U52/><E120/><V132/><F132/><W25/><G25/><T106/><D36/><U20/><E133/><V62/><F107/><W49/><G49/><T40/><D50/><U129/><E51/><V128/><F128/><W86/><G86/><T98/><D72/><U115/><E87/><N who="2" m="52543" /><F62/><W103/><G103/><T44/><D101/><U105/><E102/><V77/><F42/><W63/><G63/><T92/><D106/><U69/><E100/><V75/><F75/><W84/><G84/><T104/><D104/><U26/><E105/><V131/><F131/><W96/><G96/><N who="0" m="57375" /><D40/><U32/><E129/><V53/><F61/><RYUUKYOKU ba="0,1" sc="245,-10,333,-10,218,-10,194,30" hai3="2,5,9,17,21,27,37,43,55,57,58,59,60" /><INIT seed="3,1,1,3,2,127" ten="235,323,208,224" oya="3" hai0="52,91,88,112,20,117,25,26,122,84,18,71,99" hai1="103,86,109,21,58,77,82,6,10,12,114,57,40" hai2="63,64,4,48,65,129,69,68,97,15,93,81,0" hai3="8,39,85,38,23,116,89,78,13,135,74,67,73"/><W111/><G116/><T30/><D117/><U123/><E109/><V50/><F0/><W2/><G111/><T43/><D122/><U118/><E114/><V31/><F129/><W128/><G128/><T55/><D71/><U44/><E123/><V34/><F34/><W130/><G130/><T16/><D112/><U98/><E21/><V120/><F120/><W75/><G135/><T105/><D43/><U9/><E9/><N who="2" m="4519" /><F69/><W134/><G134/><T51/><D105/><N who="1" m="63735" /><E118/><V56/><F68/><W87/><G2/><T7/><D7/><U61/><E61/><V83/><F64/><W126/><G126/><T49/><D99/><U14/><E14/><V76/><F31/><W37/><G67/><T24/><D30/><U59/><E59/><V66/><F66/><W101/><G101/><T104/><D104/><U102/><E102/><N who="2" m="60719" /><F76/><W36/><N who="3" m="9216" /><DORA hai="41" /><W35/><G35/><T62/><D62/><U119/><E119/><V90/><F90/><N who="0" m="34346" /><D84/><N who="3" m="32329" /><G89/><T96/><D96/><U107/><E107/><V125/><F125/><W121/><G121/><T110/><D110/><U131/><E131/><V60/><F60/><W42/><G78/><T5/><D5/><U32/><E32/><V92/><F92/><W133/><G133/><T132/><D132/><U80/><E80/><AGARI ba="1,1" hai="48,50,56,63,65,80,81,83" m="60719,4519" machi="80" ten="30,1000,0" yaku="8,1" doraHai="127,41" who="2" fromWho="1" sc="235,0,323,-13,208,23,224,0" owari="235,3.5,310,41.0,231,-16.9,224,-27.6" /></mjloggm>