<mjloggm ver="2.3"><GO type="225" lobby="0"/><UN n0="%73%69%72%6F%75%74" n1="%E5%A4%96%E5%B7%9D%E7%AB%9C%E6%88%90" n2="%E3%83%B4%E3%83%A0%EF%BC%99%E3%81%A6" n3="%E3%81%86%E3%82%8B%E3%81%8A%E3%81%A1%E3%82%83" dan="16,16,17,16" rate="2065.99,2109.50,2181.13,2060.79" sx="M,M,M,F"/><TAIKYOKU oya="0"/><INIT seed="0,0,0,0,1,27" ten="250,250,250,250" oya="0" hai0="32,23,122,59,129,14,89,19,8,87,41,25,121" hai1="44,90,52,31,16,17,0,15,51,63,116,64,35" hai2="115,49,54,10,114,53,103,78,45,98,101,33,62" hai3="56,13,12,72,130,6,38,34,117,80,108,88,107"/><T60/><D129/><U97/><E116/><V104/><F78/><W71/><G71/><T77/><D77/><U61/><E0/><V48/><F33/><W73/><G107/><T134/><D134/><U40/><E35/><V94/><F62/><W83/><G38/><T29/><D41/><U47/><E31/><V124/><F124/><W125/><G34/><T1/><D1/><U55/><E64/><V75/><F75/><W99/><G117/><T84/><D32/><U65/><E65/><V22/><F10/><N who="3" m="4183" /><G73/><T119/><D87/><U20/><E17/><V113/><F22/><W66/><G72/><T127/><D127/><U4/><E4/><V42/><F42/><W85/><G99/><T57/><D57/><U26/><E26/><V79/><F79/><W112/><G112/><T24/><D24/><U120/><E120/><V109/><F109/><W3/><G3/><T67/><REACH who="0" step="1"/><D119/><REACH who="0" ten="240,250,250,250" step="2"/><U128/><E128/><V28/><F113/><W110/><G130/><T81/><AGARI ba="0,1" hai="8,14,19,23,25,29,59,60,67,81,84,89,121,122" machi="81" ten="20,12000,1" yaku="1,1,2,1,0,1,7,1,52,1,53,0" doraHai="27" doraHaiUra="91" who="0" fromWho="0" sc="240,130,250,-40,250,-40,250,-40" /><INIT seed="0,1,0,3,4,28" ten="370,210,210,210" oya="0" hai0="65,58,37,126,43,79,83,24,69,7,23,106,88" hai1="94,86,117,38,49,87,18,81,45,52,6,0,130" hai2="108,26,4,107,91,55,12,33,14,32,128,90,50" hai3="132,114,39,96,41,20,11,98,22,118,36,97,93"/><T53/><D106/><U57/><E117/><V125/><F107/><W17/><G118/><T1/><D126/><U35/><E130/><V119/><F119/><W34/><G34/><T60/><D7/><U112/><E112/><V116/><F116/><W63/><G114/><T51/><D1/><U47/><E35/><V104/><F104/><W105/><G105/><T19/><D88/><U92/><E38/><V21/><F128/><W2/><G36/><T102/><D102/><U5/><E0/><V109/><F125/><W131/><G132/><T62/><D62/><U29/><E29/><V133/><F133/><W31/><G41/><T78/><D83/><U135/><E18/><V95/><F4/><N who="1" m="1641" /><E135/><V73/><F73/><W66/><G39/><T68/><D68/><U59/><E59/><V103/><F103/><W30/><G131/><T110/><REACH who="0" step="1"/><D110/><REACH who="0" ten="360,210,210,210" step="2"/><U89/><E94/><V67/><F90/><AGARI ba="1,1" hai="45,47,49,52,57,81,86,87,89,90,92" m="1641" machi="90" ten="30,2000,0" yaku="8,1,54,1" doraHai="28" who="1" fromWho="2" sc="360,0,210,33,210,-23,210,0" /><INIT seed="1,0,0,1,0,35" ten="360,243,187,210" oya="1" hai0="11,0,42,36,86,65,51,103,113,3,97,100,106" hai1="101,4,129,30,39,117,57,29,62,21,118,81,105" hai2="133,95,114,66,46,78,87,128,33,74,63,37,107" hai3="88,48,80,108,121,69,98,52,127,59,130,119,94"/><U44/><E129/><V91/><F128/><W70/><G121/><T9/><D36/><U40/><E4/><V26/><F133/><W25/><G130/><T17/><D113/><U134/><E134/><V61/><F114/><W53/><G108/><T6/><D65/><U110/><E110/><V60/><F107/><W120/><G120/><T102/><D42/><U10/><E10/><V5/><F5/><W28/><G127/><T96/><D51/><U49/><E39/><V135/><F135/><W123/><G123/><T126/><D126/><U55/><E81/><V89/><F89/><W76/><G53/><T7/><D17/><U132/><E132/><V19/><F74/><W109/><G109/><T67/><D67/><U104/><E104/><V77/><F66/><W43/><G43/><T75/><D75/><U14/><E14/><V38/><F38/><W24/><G119/><T22/><D22/><U84/><E84/><V15/><F26/><W32/><REACH who="3" step="1"/><G25/><REACH who="3" ten="360,243,187,200" step="2"/><T18/><D106/><U16/><E117/><V125/><F125/><W90/><G90/><T99/><D103/><U47/><E118/><V45/><F77/><W71/><G71/><T20/><D102/><U13/><REACH who="1" step="1"/><E47/><REACH who="1" ten="360,233,187,200" step="2"/><V122/><F45/><W64/><G64/><T116/><D116/><U79/><E79/><V124/><F78/><W112/><G112/><T50/><D99/><AGARI ba="0,2" hai="13,16,21,29,30,40,44,49,55,57,62,99,101,105" machi="99" ten="40,7700,0" yaku="1,1,54,1,53,1" doraHai="35" doraHaiUra="92" who="1" fromWho="0" sc="360,-77,233,97,187,0,200,0" /><INIT seed="1,1,0,4,1,75" ten="283,330,187,200" oya="1" hai0="4,130,1,33,107,14,0,53,39,72,96,126,111" hai1="18,6,83,37,81,12,32,63,71,119,91,88,55" hai2="120,129,103,2,23,28,49,133,69,66,46,100,11" hai3="87,78,134,116,27,19,112,77,65,125,25,101,26"/><U60/><E119/><V62/><F120/><W68/><G112/><T3/><D39/><U41/><E32/><V92/><F129/><W24/><G125/><T34/><D130/><U21/><E37/><V36/><F133/><W57/><G134/><T94/><D107/><U58/><E41/><V98/><F36/><W51/><G116/><T115/><D72/><U9/><E71/><V76/><F76/><N who="3" m="29291" /><G68/><T54/><D115/><U64/><E64/><V8/><F100/><W135/><G135/><T22/><D126/><U122/><E63/><V85/><F85/><W47/><G101/><T35/><D111/><U109/><E122/><V131/><F2/><W132/><G132/><T127/><D127/><U30/><E30/><V79/><F79/><W52/><G87/><T44/><D1/><U73/><E73/><V61/><F131/><W89/><G89/><N who="1" m="34378" /><E109/><V59/><F69/><W93/><G93/><T56/><D35/><U48/><E60/><V82/><F82/><N who="1" m="31241" /><E21/><V20/><F61/><N who="3" m="38063" /><G27/><T40/><D33/><U42/><E42/><V121/><F121/><W45/><G45/><T15/><D44/><U84/><E84/><V108/><F108/><W118/><G118/><T97/><D40/><U74/><E74/><V117/><F117/><W110/><G110/><T5/><D34/><U105/><E105/><V114/><F114/><W43/><G43/><T123/><D123/><U70/><E70/><V31/><F46/><W50/><G50/><T128/><D128/><U90/><N who="1" m="34386" /><U86/><DORA hai="38" /><E86/><V10/><F49/><W13/><G26/><T113/><D113/><RYUUKYOKU ba="1,0" sc="283,-30,330,10,187,10,200,10" hai1="6,9,12,18,48,55,58" hai2="8,10,11,20,23,28,31,59,62,66,92,98,103" hai3="13,19,24,25,47,51,52" /><INIT seed="1,2,0,2,0,127" ten="253,340,197,210" oya="1" hai0="117,0,16,69,96,62,44,92,38,130,72,105,55" hai1="131,102,33,60,13,76,9,34,57,129,18,113,3" hai2="94,84,19,118,67,23,87,27,66,1,79,20,125" hai3="115,30,14,26,109,68,103,86,134,80,7,77,48"/><U51/><E113/><V128/><F118/><W126/><G68/><T119/><D105/><U104/><E76/><V22/><F125/><W43/><G109/><T50/><D72/><U39/><E39/><V124/><F124/><W93/><G134/><T85/><D85/><U64/><E3/><V15/><F1/><W98/><G115/><T112/><D112/><U75/><E75/><V100/><F128/><N who="1" m="49225" /><E51/><V90/><F100/><W36/><G36/><T25/><D0/><U37/><E37/><V40/><F40/><W63/><G63/><T110/><D110/><U116/><E116/><V29/><F79/><W133/><G133/><T61/><D130/><U8/><E8/><V81/><F23/><N who="3" m="15711" /><G126/><T47/><D117/><U4/><E18/><V107/><F107/><W74/><G74/><T122/><D119/><U17/><E17/><V106/><F106/><W132/><G132/><T53/><D16/><U56/><E56/><V59/><F59/><W21/><G21/><T120/><D69/><U101/><E101/><V83/><F20/><W10/><G43/><T135/><D38/><U2/><E2/><V123/><F19/><W65/><G48/><T78/><D50/><U71/><E71/><V11/><F11/><W95/><G10/><T31/><D135/><U42/><E42/><V82/><F15/><W58/><G103/><T91/><D78/><U89/><E89/><V32/><F22/><W6/><G14/><T114/><D114/><U52/><E64/><N who="2" m="24619" /><F87/><W121/><G86/><T45/><D91/><U70/><E70/><V73/><F73/><N who="3" m="43055" /><G58/><T35/><D31/><RYUUKYOKU ba="2,0" sc="253,-15,340,15,197,15,210,-15" hai1="4,9,13,33,34,52,57,60,102,104" hai2="27,29,32,81,82,83,84,90,94,123" /><INIT seed="1,3,0,0,4,19" ten="238,355,212,195" oya="1" hai0="83,86,111,39,45,24,36,129,27,92,0,28,11" hai1="93,33,17,40,10,5,8,77,98,47,44,71,78" hai2="53,2,58,64,76,37,82,14,18,81,108,3,87" hai3="31,49,59,106,100,25,21,96,90,26,110,79,121"/><U62/><E33/><V35/><F108/><W9/><G110/><T52/><D111/><U85/><E71/><V89/><F35/><W67/><G121/><T46/><D92/><U51/><E62/><V32/><F32/><W94/><G79/><T29/><D129/><U68/><E68/><V116/><F37/><W48/><G9/><T1/><D86/><U20/><E47/><V30/><F30/><W123/><G123/><T103/><D103/><U54/><E54/><V70/><F64/><W101/><G26/><T63/><D83/><N who="1" m="47343" /><E5/><V74/><F70/><W115/><G115/><T13/><D63/><U131/><E78/><V124/><F124/><W73/><G73/><T65/><D65/><U50/><E50/><N who="3" m="19562" /><G106/><T4/><D52/><N who="1" m="29799" /><E131/><V60/><REACH who="2" step="1"/><F116/><REACH who="2" ten="238,355,202,195" step="2"/><W23/><G23/><AGARI ba="3,1" hai="2,3,14,18,23,53,58,60,74,76,81,82,87,89" machi="23" ten="30,8000,1" yaku="1,1,2,1,7,1,52,1,53,1" doraHai="19" doraHaiUra="80" who="2" fromWho="3" sc="238,0,355,0,202,99,195,-89" /><INIT seed="2,0,0,4,5,28" ten="238,355,301,106" oya="2" hai0="51,72,18,0,42,113,109,108,8,126,105,23,78" hai1="13,22,103,71,36,135,59,115,112,116,10,38,129" hai2="95,99,97,68,15,124,74,101,131,7,117,83,119" hai3="45,90,32,1,26,14,91,53,128,107,82,20,125"/><V134/><F68/><W65/><G1/><T63/><D105/><U133/><E116/><V80/><F7/><W34/><G107/><T25/><D113/><U58/><E71/><V57/><F57/><N who="1" m="21513" /><E103/><V21/><F15/><W85/><G65/><T31/><D63/><U55/><E55/><V111/><F21/><W86/><G125/><T46/><D126/><U73/><E73/><V98/><F124/><W52/><G128/><T64/><D64/><U19/><E129/><V5/><F5/><W49/><G14/><T84/><D72/><U106/><E106/><N who="2" m="63791" /><F131/><W40/><G53/><T77/><D0/><U54/><E54/><V118/><F99/><W89/><G40/><T79/><D8/><U27/><E38/><V41/><F41/><W81/><REACH who="3" step="1"/><G89/><REACH who="3" ten="238,355,301,96" step="2"/><T24/><D42/><U43/><E43/><V48/><F117/><W110/><G110/><T66/><D109/><U132/><E36/><V37/><F111/><W123/><G123/><T60/><D108/><U100/><E100/><V62/><F37/><W122/><G122/><T104/><D104/><U35/><E112/><V88/><F118/><W130/><G130/><T39/><D39/><U87/><E115/><V114/><F119/><W102/><G102/><T16/><D66/><U121/><E121/><V61/><F114/><W75/><G75/><T44/><D60/><U69/><E69/><V56/><F74/><W47/><G47/><T76/><D46/><U94/><E13/><V30/><F61/><W127/><G127/><T2/><N who="0" m="19456" /><DORA hai="6" /><T12/><D2/><U3/><E3/><V92/><F62/><RYUUKYOKU ba="0,1" sc="238,-10,355,-10,301,-10,96,30" hai3="20,26,32,34,45,49,52,81,82,85,86,90,91" /><INIT seed="3,1,1,5,5,31" ten="228,345,291,126" oya="3" hai0="65,62,109,27,22,112,128,54,89,122,115,125,47" hai1="116,50,17,61,104,67,84,80,126,101,9,93,124" hai2="66,99,28,103,85,36,37,18,6,4,32,46,15" hai3="42,133,117,121,64,97,94,88,77,79,120,92,8"/><W24/><G117/><T107/><D107/><U59/><E116/><V71/><F85/><N who="3" m="52239" /><G121/><T70/><D109/><U110/><E110/><V72/><F72/><W55/><G120/><T12/><D12/><U129/><E129/><V21/><F37/><W48/><G133/><T3/><D3/><U127/><E104/><N who="2" m="63615" /><F46/><N who="3" m="25687" /><G64/><T123/><D128/><U134/><E134/><V100/><F36/><W118/><G118/><T26/><D125/><U111/><E111/><V76/><F76/><W7/><G24/><T51/><D27/><U33/><E33/><V30/><F32/><W68/><G68/><T78/><D78/><N who="3" m="29705" /><G55/><T74/><D74/><U82/><E67/><V73/><F73/><W14/><G94/><T41/><D54/><U98/><E124/><V95/><F71/><W91/><G97/><T130/><D130/><U49/><E126/><V132/><F66/><W57/><G91/><T106/><D89/><U102/><E127/><V5/><F132/><W38/><G38/><T13/><D106/><U105/><E105/><V35/><F35/><W75/><G75/><T34/><D34/><U114/><E114/><N who="0" m="43561" /><D13/><N who="1" m="7343" /><E102/><V135/><F135/><W108/><G108/><T45/><D123/><U40/><E84/><V86/><F100/><W44/><G44/><N who="0" m="25999" /><D122/><U29/><E82/><V53/><F53/><W20/><G57/><T25/><D26/><U60/><E80/><V23/><F95/><W69/><G69/><T58/><D58/><U0/><E0/><V39/><F39/><W10/><G10/><T87/><D87/><U119/><E119/><V2/><F86/><W43/><G43/><RYUUKYOKU ba="1,1" sc="228,15,345,-15,291,-15,126,15" hai0="22,25,45,47,62,65,70" hai3="7,8,14,20" /><INIT seed="3,2,1,0,5,57" ten="243,330,276,141" oya="3" hai0="6,84,29,121,14,80,92,111,4,96,126,66,85" hai1="22,37,119,72,39,62,127,49,13,73,79,120,64" hai2="51,100,25,115,83,65,58,129,135,35,94,44,10" hai3="68,36,130,18,53,75,7,106,45,132,52,74,82"/><W103/><G132/><T70/><D111/><U1/><E120/><V19/><F115/><W95/><G130/><T38/><D38/><U124/><E1/><V43/><F135/><W61/><G106/><T81/><D66/><U90/><E119/><V87/><F129/><W3/><G18/><T128/><D70/><U28/><E49/><V116/><F116/><W117/><G117/><T71/><D71/><N who="1" m="42391" /><E90/><V15/><F35/><W77/><G75/><N who="1" m="28746" /><E79/><V110/><F110/><W33/><G33/><T123/><D126/><N who="1" m="48171" /><E28/><V76/><F25/><W89/><G103/><N who="0" m="60807" /><D29/><U107/><E107/><V55/><F65/><N who="3" m="41007" /><G95/><T93/><D93/><U101/><E101/><V12/><F12/><W50/><G89/><N who="0" m="51335" /><D128/><U26/><E26/><V112/><F112/><W88/><G88/><N who="0" m="51247" /><D123/><U134/><E134/><V40/><F100/><W48/><G48/><T63/><D121/><U42/><E42/><V32/><F32/><W21/><G21/><T54/><D14/><U86/><E86/><V113/><F113/><W109/><G109/><T27/><D27/><U108/><E108/><V99/><F94/><W98/><G98/><T104/><D104/><U8/><E22/><V133/><F99/><W5/><G3/><T69/><D69/><U20/><E20/><V30/><F133/><W0/><G0/><T16/><D16/><AGARI ba="2,1" hai="8,13,16,37,39" m="48171,28746,42391" machi="16" ten="30,3900,0" yaku="18,1,52,1,54,1" doraHai="57" who="1" fromWho="0" sc="243,-45,330,55,276,0,141,0" owari="198,-20.2,385,48.5,276,7.6,141,-35.9" /></mjloggm>