<mjloggm ver="2.3"><GO type="225" lobby="0"/><UN n0="%E5%B8%86%E7%AB%8B%E5%A4%8F%E8%A1%A3" n1="%E3%81%86%E3%83%BC%E3%81%B1%E3%83%BC" n2="%E3%81%A9%E3%82%8F%E3%82%93%E3%81%94" n3="%E3%81%82%E3%81%B9%E3%81%99%E3%81%91" dan="16,17,16,16" rate="2049.71,2184.81,2121.98,2103.99" sx="M,F,M,M"/><TAIKYOKU oya="0"/><INIT seed="0,0,0,4,3,98" ten="250,250,250,250" oya="0" hai0="115,18,13,123,42,95,19,17,106,41,96,35,1" hai1="118,100,107,119,101,25,49,23,45,66,97,112,129" hai2="105,16,132,36,82,26,54,79,71,57,51,50,128" hai3="3,121,67,0,62,104,99,40,110,69,44,52,85"/><T116/><D115/><U21/><E129/><V75/><F36/><W14/><G110/><T88/><D116/><U60/><E112/><V12/><F71/><W90/><G121/><T117/><D117/><U56/><E23/><V127/><F128/><W83/><G14/><T46/><D123/><U70/><E70/><V130/><F130/><W34/><G34/><T32/><D1/><U5/><E5/><V31/><F132/><W108/><G108/><T7/><D106/><U87/><E87/><V84/><F127/><W37/><REACH who="3" step="1"/><G52/><REACH who="3" ten="250,250,250,240" step="2"/><T131/><D131/><U64/><E64/><V39/><F12/><W126/><G126/><T76/><D76/><U92/><E119/><V53/><F53/><W124/><G124/><T2/><D2/><U133/><E118/><V91/><F54/><W61/><G61/><T73/><D73/><U113/><E113/><V80/><F75/><W4/><G4/><T77/><D77/><U94/><E133/><V48/><F79/><W9/><G9/><N who="0" m="4287" /><D35/><U125/><E125/><V24/><F24/><W27/><G27/><T11/><D32/><U63/><E60/><V122/><F26/><W81/><G81/><T135/><D135/><U114/><E114/><V89/><F82/><W102/><AGARI ba="0,1" hai="0,3,37,40,44,62,67,69,83,85,90,99,102,104" machi="102" ten="30,4000,0" yaku="1,1,0,1,52,1,53,0" doraHai="98" doraHaiUra="30" who="3" fromWho="3" sc="250,-20,250,-10,250,-10,240,50" /><INIT seed="1,0,0,2,2,26" ten="230,240,240,290" oya="1" hai0="12,49,52,79,4,32,73,104,122,28,1,3,117" hai1="51,125,88,119,22,133,48,42,100,77,57,55,110" hai2="30,14,6,35,69,85,102,43,78,87,16,135,107" hai3="68,131,93,8,127,95,113,99,29,75,66,53,130"/><U92/><E119/><V37/><F69/><W115/><G75/><T101/><D117/><U76/><E125/><V67/><F6/><W82/><G82/><T89/><D122/><U27/><E100/><V91/><F67/><W50/><G8/><T31/><D73/><U60/><E133/><V83/><F135/><W86/><G127/><T33/><D79/><N who="1" m="30283" /><E42/><V90/><F37/><W111/><G111/><T98/><D33/><U7/><E7/><V128/><F43/><W17/><G17/><T44/><D32/><U103/><E103/><V41/><F41/><W97/><G86/><T126/><D126/><U13/><E13/><V25/><F128/><W96/><G66/><T121/><D121/><U134/><E110/><V61/><F61/><W72/><G68/><T18/><D89/><U105/><E105/><V94/><F107/><W70/><G72/><T40/><D40/><U74/><E74/><V10/><REACH who="2" step="1"/><F87/><REACH who="2" ten="230,240,230,290" step="2"/><W34/><G131/><T19/><D3/><U39/><E39/><V2/><F2/><W65/><G70/><T11/><D19/><N who="1" m="12767" /><E134/><V0/><F0/><W118/><G130/><T23/><AGARI ba="0,1" hai="1,4,11,12,18,23,28,31,44,49,52,98,101,104" machi="23" ten="20,8000,1" yaku="0,1,7,1,52,2,54,1" doraHai="26" who="0" fromWho="0" sc="230,90,240,-40,230,-20,290,-20" /><INIT seed="2,0,0,4,3,26" ten="320,200,210,270" oya="2" hai0="54,66,56,10,31,135,33,112,46,8,76,82,123" hai1="64,3,58,23,50,90,108,40,121,57,81,110,7" hai2="119,86,99,34,95,117,98,89,100,4,94,130,92" hai3="2,72,17,18,47,87,43,104,97,132,93,77,25"/><V44/><F4/><W24/><G2/><T107/><D112/><U21/><E121/><V126/><F34/><W27/><G132/><T32/><D123/><U134/><E134/><V102/><F44/><W53/><G53/><T35/><D107/><U45/><E3/><V30/><F30/><W16/><G72/><T48/><D135/><U79/><E90/><V22/><F22/><N who="1" m="8201" /><E64/><V59/><F59/><W80/><G104/><T0/><D0/><U11/><E11/><V19/><F19/><W75/><G75/><T6/><D6/><U114/><E114/><V38/><F38/><W49/><REACH who="3" step="1"/><G18/><REACH who="3" ten="320,200,210,260" step="2"/><T61/><D54/><U111/><E7/><V83/><F130/><W78/><G78/><T20/><D46/><U63/><E63/><V39/><F39/><W103/><AGARI ba="0,1" hai="16,17,24,25,27,43,47,49,77,80,87,93,97,103" machi="103" ten="30,8000,1" yaku="1,1,0,1,8,1,54,1,53,1" doraHai="26" doraHaiUra="73" who="3" fromWho="3" sc="320,-20,200,-20,210,-40,260,90" /><INIT seed="3,0,0,5,3,35" ten="300,180,170,350" oya="3" hai0="14,133,97,121,54,59,61,98,107,111,66,88,103" hai1="72,113,118,71,73,70,5,0,52,86,37,100,16" hai2="57,3,91,44,105,56,26,40,75,116,45,19,62" hai3="102,74,47,4,92,89,43,15,132,130,122,53,38"/><W30/><G122/><T6/><D111/><U1/><E113/><V110/><F105/><W58/><G74/><T76/><D133/><U23/><E37/><V27/><F75/><W65/><G130/><T17/><D121/><U127/><E100/><V115/><F116/><W24/><G65/><T90/><D76/><U46/><E73/><V36/><F115/><W95/><G132/><T51/><D6/><U12/><E72/><V42/><F110/><W126/><G4/><T106/><D98/><U22/><E118/><V48/><F3/><W114/><G15/><T135/><D106/><U112/><E112/><V78/><F78/><W11/><G126/><T10/><REACH who="0" step="1"/><D135/><REACH who="0" ten="290,180,170,350" step="2"/><U18/><E5/><V120/><F120/><W41/><G114/><T117/><D117/><U69/><E127/><V82/><F19/><W9/><G30/><T49/><D49/><U131/><E131/><V33/><F33/><W84/><G38/><T21/><D21/><U67/><E22/><V109/><F109/><W7/><G11/><T55/><D55/><U68/><E18/><V94/><F82/><W13/><G53/><T104/><D104/><U2/><E86/><N who="2" m="52599" /><F62/><W31/><G84/><T8/><D8/><U50/><REACH who="1" step="1"/><E0/><REACH who="1" ten="290,170,170,350" step="2"/><V129/><F129/><W39/><G39/><T119/><D119/><U124/><E124/><V123/><F123/><W99/><G9/><T81/><D81/><U28/><E28/><V25/><F36/><W34/><G7/><T85/><D85/><U101/><E101/><V93/><F93/><W32/><G95/><T108/><D108/><U20/><E20/><RYUUKYOKU ba="0,2" sc="290,10,170,10,170,10,350,-30" hai0="10,14,17,51,54,59,61,66,88,90,97,103,107" hai1="1,2,12,16,23,46,50,52,67,68,69,70,71" hai2="25,26,27,40,42,44,45,48,56,57" owari="300,10.0,180,-22.0,180,-32.0,340,44.0" /></mjloggm>