<mjloggm ver="2.3"><GO type="225" lobby="0"/><UN n0="%E6%A1%9C%E8%8A%B1%E9%96%83%E3%80%85" n1="%E3%83%81%E3%83%AF%E3%83%AF%E9%9A%8A%E9%95%B7" n2="%E3%81%AA%E3%81%BE%E3%81%91%E8%80%85" n3="%79%75%72%69%6D%6F%67" dan="17,16,16,16" rate="2213.78,2105.02,2133.36,2147.78" sx="M,M,M,F"/><TAIKYOKU oya="0"/><INIT seed="0,0,0,1,3,62" ten="250,250,250,250" oya="0" hai0="108,59,21,56,131,6,70,129,26,68,112,87,16" hai1="55,46,67,36,63,120,47,5,31,126,61,18,39" hai2="8,104,37,79,123,10,73,118,125,51,113,33,49" hai3="106,40,58,96,64,116,132,48,44,15,101,13,83"/><T54/><D112/><U7/><E120/><V93/><F104/><W91/><G132/><T3/><D87/><U50/><E126/><V81/><F37/><W124/><G124/><T95/><D95/><U32/><E18/><V23/><F33/><W89/><G116/><T85/><D85/><U111/><E111/><V25/><F123/><W2/><G2/><T117/><D117/><U86/><E61/><V76/><F113/><W105/><G105/><T65/><D108/><U109/><E109/><V41/><F125/><W0/><G0/><T102/><D102/><U69/><E36/><V34/><F34/><W30/><G30/><T121/><D121/><U130/><E130/><N who="0" m="49673" /><D65/><U19/><E19/><V134/><F134/><W52/><G83/><T53/><D59/><U78/><E86/><V11/><F76/><W100/><G100/><T128/><N who="0" m="49681" /><T71/><DORA hai="119" /><D56/><U45/><E78/><V103/><F41/><W24/><G64/><T57/><D57/><U66/><E66/><V77/><F77/><W9/><G24/><T20/><D20/><U12/><E67/><V122/><F122/><W1/><G1/><T17/><D17/><U82/><E32/><V38/><F118/><W133/><G133/><T43/><D43/><U127/><E127/><V28/><REACH who="2" step="1"/><F38/><REACH who="2" ten="250,250,240,250" step="2"/><W94/><G106/><T60/><D60/><U42/><E63/><V107/><F107/><W14/><REACH who="3" step="1"/><G9/><AGARI ba="0,1" hai="3,6,9,16,21,26,53,54,68,70,71" m="49681" machi="9" ten="50,4800,0" yaku="19,1,54,1" doraHai="62,119" who="0" fromWho="3" sc="250,58,250,0,240,0,250,-48" /><INIT seed="0,1,0,4,4,77" ten="308,250,240,202" oya="0" hai0="48,87,114,132,86,25,34,65,131,117,16,107,74" hai1="88,123,94,67,3,105,69,7,10,83,112,92,70" hai2="126,57,32,27,103,11,38,124,6,60,89,50,63" hai3="8,76,129,85,128,79,35,53,45,104,127,39,109"/><T55/><D114/><U44/><E123/><V71/><F38/><W61/><G35/><T2/><D117/><U62/><E105/><V5/><F103/><W30/><G104/><T110/><D107/><U58/><E112/><V29/><F71/><W122/><G30/><T78/><D131/><U72/><E44/><V106/><F106/><W101/><G101/><T22/><D132/><U15/><E3/><V95/><F50/><W56/><G109/><T43/><D2/><U1/><E1/><V0/><F5/><W4/><G127/><T75/><D43/><U20/><E20/><V125/><REACH who="2" step="1"/><F57/><REACH who="2" ten="308,250,230,202" step="2"/><W26/><G39/><T47/><D110/><U108/><E108/><V73/><F73/><W134/><G45/><T37/><D37/><U118/><E69/><V121/><F121/><W28/><G122/><T80/><D75/><U91/><E70/><V66/><F66/><W36/><G36/><T21/><D65/><U12/><E72/><V82/><F82/><W111/><G128/><T54/><D54/><U115/><E115/><V42/><F42/><W130/><G129/><T93/><D93/><U52/><E67/><V17/><F17/><W135/><G111/><T9/><D55/><U18/><E118/><V46/><F46/><W13/><G130/><T68/><D48/><U113/><E113/><V96/><AGARI ba="1,1" hai="0,6,11,27,29,32,60,63,89,95,96,124,125,126" machi="96" ten="30,4000,0" yaku="1,1,0,1,18,1,53,0" doraHai="77" doraHaiUra="98" who="2" fromWho="2" sc="308,-21,250,-11,230,53,202,-11" /><INIT seed="1,0,0,1,1,80" ten="287,239,283,191" oya="1" hai0="112,97,79,38,119,60,70,88,28,45,23,117,104" hai1="121,125,55,31,69,57,1,85,16,96,19,99,49" hai2="94,0,61,3,84,113,18,129,24,63,120,36,25" hai3="9,78,41,22,14,126,62,134,29,27,122,124,76"/><U17/><E121/><V77/><F120/><W123/><G41/><T21/><D112/><U87/><E69/><V40/><F0/><W47/><G47/><T74/><D21/><U95/><E1/><V135/><F3/><W100/><G100/><N who="0" m="62479" /><D23/><U98/><E125/><N who="3" m="48234" /><G122/><T33/><D88/><N who="1" m="55399" /><E31/><V127/><F24/><W35/><G123/><T132/><D132/><U59/><E59/><V133/><F25/><N who="3" m="18863" /><G62/><T109/><D28/><U5/><E5/><V50/><F63/><W68/><G68/><T54/><D33/><U2/><E2/><V11/><F61/><W20/><G78/><T118/><D70/><U91/><E85/><V105/><F84/><W115/><G76/><T30/><D30/><U52/><E55/><V111/><F77/><W15/><G115/><T72/><D79/><U42/><E42/><V81/><F40/><W108/><G134/><T51/><D38/><U43/><E43/><V67/><F36/><W8/><G27/><T44/><D74/><U116/><E116/><V64/><F127/><W82/><G82/><AGARI ba="0,0" hai="16,17,19,49,52,57,82,87,91,98,99" m="55399" machi="82" ten="30,12000,1" yaku="8,1,52,1,54,3" doraHai="80" who="1" fromWho="3" sc="287,0,239,120,283,0,191,-120" /><INIT seed="1,1,0,0,2,63" ten="287,359,283,71" oya="1" hai0="23,27,50,51,9,72,79,56,61,126,46,102,88" hai1="90,128,96,127,98,4,93,11,16,31,95,85,54" hai2="103,12,24,124,75,104,66,78,123,112,49,129,67" hai3="58,14,121,114,22,125,28,36,116,92,89,87,60"/><U15/><E128/><V48/><F123/><W101/><G114/><T132/><D132/><U118/><E118/><V94/><F129/><W122/><G125/><T47/><D126/><U76/><E127/><V45/><F104/><W52/><G36/><T86/><D102/><U69/><E69/><V6/><F75/><W59/><G116/><T81/><D9/><U77/><E31/><V20/><F78/><W120/><G101/><T1/><D1/><U111/><E111/><V2/><F2/><W134/><G134/><T110/><D110/><U71/><E71/><V133/><F112/><W30/><G59/><T10/><D10/><U57/><E4/><V106/><F106/><W108/><REACH who="3" step="1"/><G108/><REACH who="3" ten="287,359,283,61" step="2"/><T7/><D56/><U64/><E57/><V43/><F124/><W119/><G119/><T5/><D46/><U8/><E77/><V109/><F133/><W17/><AGARI ba="1,1" hai="14,17,22,28,30,52,58,60,87,89,92,120,121,122" machi="17" ten="40,5200,0" yaku="1,1,0,1,54,1,53,0" doraHai="63" doraHaiUra="97" who="3" fromWho="3" sc="287,-14,359,-27,283,-14,61,65" /><INIT seed="2,0,0,4,4,3" ten="273,332,269,126" oya="2" hai0="122,103,5,11,100,38,22,61,133,63,46,67,115" hai1="114,130,85,69,20,64,18,88,58,19,29,73,2" hai2="32,27,15,17,53,108,99,72,106,66,50,55,102" hai3="74,124,49,56,97,59,101,52,123,31,68,8,107"/><V82/><F66/><W91/><G124/><T131/><D115/><U16/><E114/><V51/><F108/><W25/><G68/><T110/><D122/><U0/><E73/><V42/><F42/><W62/><G74/><T129/><D133/><U43/><E69/><V125/><F125/><W44/><G123/><T94/><D22/><U121/><E121/><V35/><F82/><W48/><G91/><T65/><D110/><U77/><E77/><V113/><F72/><W34/><G59/><N who="0" m="37055" /><D94/><U13/><E43/><V4/><F113/><W86/><G86/><T70/><D46/><U30/><E130/><N who="0" m="49673" /><D38/><U14/><E0/><AGARI ba="0,0" hai="0,5,11,63,67,70,100,103" m="49673,37055" machi="0" ten="30,2000,0" yaku="19,1,52,1" doraHai="3" who="0" fromWho="1" sc="273,20,332,-20,269,0,126,0" /><INIT seed="3,0,0,5,4,17" ten="293,312,269,126" oya="3" hai0="90,98,85,4,124,77,11,5,46,21,122,78,32" hai1="18,13,65,39,66,132,88,100,26,70,40,14,133" hai2="129,73,12,84,52,36,102,47,83,29,135,28,1" hai3="91,16,15,49,51,80,119,125,107,126,48,22,94"/><W123/><G107/><T10/><D122/><U25/><E100/><V96/><F1/><W127/><G119/><T134/><D32/><U20/><E70/><V24/><F73/><W79/><G123/><T121/><D121/><U112/><E112/><V68/><F68/><W131/><G131/><T59/><D134/><N who="1" m="51819" /><E88/><V44/><F129/><W38/><G38/><T71/><D46/><N who="1" m="23839" /><E13/><V23/><F29/><W106/><G106/><T45/><D45/><U118/><E118/><V116/><F116/><W58/><G58/><T128/><D128/><U55/><E55/><V115/><F115/><W103/><G103/><T31/><D98/><U53/><E53/><V69/><F69/><W7/><G7/><N who="0" m="2635" /><D59/><U86/><E86/><V30/><F30/><W42/><G42/><T37/><D37/><U105/><E105/><V54/><F135/><W43/><G43/><T63/><D63/><U6/><E6/><V9/><F36/><W111/><G111/><T61/><D61/><U97/><E97/><V117/><F47/><W33/><G33/><T110/><D110/><U57/><E57/><V99/><F117/><W62/><G62/><T50/><D50/><U120/><E120/><V74/><F74/><N who="3" m="43127" /><G51/><T108/><D108/><U27/><AGARI ba="0,0" hai="14,18,20,25,26,27,65,66" m="23839,51819" machi="27" ten="30,2000,0" yaku="20,1,52,1" doraHai="17" who="1" fromWho="1" sc="293,-5,312,20,269,-5,126,-10" owari="288,8.8,332,43.2,264,-13.6,116,-38.4" /></mjloggm>