<mjloggm ver="2.3"><GO type="225" lobby="0"/><UN n0="%E3%81%B8%E3%82%80%E3%81%B8%E3%82%80%EF%BC%92%E5%8F%B7" n1="%E8%A8%88%E7%AE%97%E6%A9%9F%E8%87%AA%E7%84%B6" n2="%E3%81%B2%E3%81%AA%E3%81%AE%E3%82%8A%E3%81%8F" n3="%E3%81%A1%E3%82%85%E3%81%86%E3%81%A9%E3%81%8F%E8%B1%A1%E3%81%95%E3%82%93" dan="17,17,17,16" rate="2162.63,2218.52,2181.89,2085.79" sx="M,M,M,M"/><TAIKYOKU oya="0"/><INIT seed="0,0,0,2,0,53" ten="250,250,250,250" oya="0" hai0="82,29,2,72,54,103,110,117,8,47,108,129,23" hai1="42,6,50,67,104,118,34,40,115,59,31,99,87" hai2="74,93,126,48,123,88,17,61,30,39,100,111,58" hai3="89,22,32,45,46,133,71,120,116,113,135,24,33"/><T38/><D117/><U109/><E118/><V55/><F123/><W76/><G116/><T37/><D129/><U7/><E109/><N who="0" m="42089" /><D103/><U60/><E115/><V11/><F74/><W62/><G113/><T57/><D29/><U28/><E104/><V43/><F111/><W102/><G76/><N who="0" m="44295" /><D23/><U127/><E28/><V73/><F73/><W4/><G22/><T75/><D47/><U44/><E31/><V0/><F30/><W14/><G32/><T65/><D65/><U114/><E34/><V52/><F100/><W21/><G45/><T92/><D92/><U130/><E130/><V15/><F126/><W98/><G46/><T1/><D75/><U56/><E127/><V63/><F0/><N who="0" m="106" /><D8/><U10/><E114/><V81/><F81/><W66/><G102/><T90/><D90/><U35/><E35/><V121/><F121/><W64/><G33/><T3/><N who="0" m="114" /><T68/><DORA hai="131" /><D68/><U84/><E10/><V49/><F93/><N who="3" m="56623" /><G64/><T79/><D79/><U13/><E44/><V125/><F88/><W16/><G120/><T77/><D77/><U26/><E67/><V51/><F11/><W69/><G69/><T20/><D20/><U94/><E94/><V112/><F112/><W36/><G71/><T119/><D119/><U101/><E101/><V96/><F125/><W12/><G66/><T83/><D83/><U25/><E40/><V91/><F43/><W18/><G21/><T78/><D78/><U128/><E42/><V134/><F91/><W105/><G105/><T41/><D41/><U19/><E128/><V107/><F107/><W85/><G24/><RYUUKYOKU ba="0,0" sc="250,30,250,-10,250,-10,250,-10" hai0="37,38,54,57" /><INIT seed="0,1,0,2,3,121" ten="280,240,240,240" oya="0" hai0="47,63,87,118,114,134,116,2,123,13,77,95,39" hai1="25,111,108,7,79,99,86,100,38,78,119,85,105" hai2="33,93,30,92,1,57,5,60,48,17,46,131,129" hai3="74,62,16,53,133,35,70,71,61,126,130,50,3"/><T45/><D2/><U20/><E38/><V98/><F1/><W19/><G74/><T6/><D123/><U44/><E119/><V109/><F5/><W56/><G3/><T81/><D114/><U51/><E7/><V37/><F37/><W27/><G130/><T23/><D134/><U59/><E59/><V52/><F17/><W64/><G133/><T122/><D122/><U21/><E85/><V112/><F112/><W43/><G126/><T24/><D39/><U49/><E49/><V36/><F36/><W10/><G10/><N who="0" m="4311" /><D118/><U68/><E68/><V15/><F15/><W107/><G107/><T104/><D104/><U83/><E78/><V127/><F127/><W14/><G14/><T128/><D128/><U22/><REACH who="1" step="1"/><E25/><REACH who="1" ten="280,230,240,240" step="2"/><V103/><F129/><W120/><G120/><T12/><D116/><U84/><E84/><V65/><F131/><W4/><G4/><T102/><D12/><U91/><E91/><V76/><F76/><W18/><G70/><T94/><D63/><U101/><E101/><V89/><F89/><W0/><G0/><T54/><D102/><U115/><E115/><V41/><F103/><W82/><G71/><T106/><D47/><U34/><E34/><V58/><F33/><W96/><G56/><T80/><D80/><U88/><E88/><V73/><F58/><W67/><G82/><T8/><D81/><U69/><E69/><V9/><F57/><W66/><G62/><T32/><D32/><U42/><AGARI ba="1,1" hai="20,21,22,42,44,51,79,83,86,99,100,105,108,111" machi="42" ten="30,7900,0" yaku="1,1,0,1,52,2,53,0" doraHai="121" doraHaiUra="26" who="1" fromWho="1" sc="280,-40,230,92,240,-21,240,-21" /><INIT seed="1,0,0,3,1,10" ten="240,322,219,219" oya="1" hai0="71,44,107,78,108,114,6,81,19,131,52,46,28" hai1="2,75,70,51,100,0,1,91,79,128,38,77,113" hai2="18,87,63,109,119,65,50,116,105,55,96,59,54" hai3="24,85,98,20,14,21,16,83,129,30,74,8,125"/><U43/><E113/><V56/><F109/><W89/><G129/><T118/><D114/><U126/><E70/><V102/><F65/><W94/><G125/><T35/><D118/><U110/><E38/><V66/><F66/><W133/><G133/><T61/><D107/><U23/><E128/><V49/><F63/><W29/><G74/><T37/><D108/><U11/><E110/><V132/><F132/><W33/><REACH who="3" step="1"/><G29/><REACH who="3" ten="240,322,219,209" step="2"/><T60/><D28/><U13/><E75/><V3/><F3/><W86/><G86/><T17/><D131/><U124/><E126/><V26/><REACH who="2" step="1"/><F87/><REACH who="2" ten="240,322,209,209" step="2"/><W111/><G111/><T72/><D72/><U27/><E124/><V80/><F80/><W130/><G130/><T39/><D81/><U34/><E0/><V53/><F53/><W42/><G42/><T120/><D52/><U31/><E1/><V36/><F36/><W97/><G97/><T5/><D37/><U57/><E2/><V47/><F47/><W90/><AGARI ba="0,2" hai="8,14,16,20,21,24,30,33,83,85,89,90,94,98" machi="90" ten="20,8000,1" yaku="1,1,0,1,7,1,52,1,54,1,53,0" doraHai="10" doraHaiUra="69" who="3" fromWho="3" sc="240,-20,322,-40,209,-20,209,100" /><INIT seed="2,0,0,0,4,109" ten="220,282,189,309" oya="2" hai0="99,44,42,92,108,28,14,125,112,37,97,52,86" hai1="68,12,121,102,23,104,96,128,117,35,85,134,50" hai2="63,107,10,110,91,94,20,27,30,47,83,40,6" hai3="54,21,15,89,56,49,31,133,84,80,53,123,95"/><V62/><F107/><W43/><G123/><T93/><D108/><U81/><E117/><V88/><F110/><W59/><G133/><T73/><D73/><U60/><E35/><V29/><F29/><W17/><G31/><T66/><D66/><U26/><E134/><V33/><F33/><W127/><G127/><T3/><D3/><U34/><E128/><V101/><F101/><W13/><G43/><T46/><D28/><U122/><E50/><V70/><F70/><W111/><G111/><T25/><D25/><U82/><E12/><V90/><F83/><W41/><G41/><T100/><D125/><U7/><E7/><V51/><REACH who="2" step="1"/><F94/><REACH who="2" ten="220,282,179,309" step="2"/><W78/><G80/><T103/><D103/><U5/><E34/><V76/><F76/><W8/><G78/><T69/><D69/><U4/><E81/><V113/><F113/><W119/><G119/><T0/><D112/><U116/><E116/><V67/><F67/><W32/><G32/><T9/><D100/><U98/><E102/><V61/><F61/><W16/><G53/><T11/><D92/><U64/><E104/><V2/><AGARI ba="0,1" hai="2,6,10,20,27,30,40,47,51,62,63,88,90,91" machi="2" ten="30,11700,0" yaku="1,1,0,1,54,1,53,1" doraHai="109" doraHaiUra="24" who="2" fromWho="2" sc="220,-39,282,-39,179,127,309,-39" /><INIT seed="2,1,0,2,3,51" ten="181,243,306,270" oya="2" hai0="7,56,30,65,130,109,121,79,8,81,107,42,69" hai1="85,21,58,132,101,19,26,122,33,43,13,63,91" hai2="83,82,44,15,39,87,133,68,80,46,29,115,55" hai3="35,113,4,14,6,62,84,125,72,52,53,102,49"/><V95/><F68/><W31/><G72/><T97/><D121/><U110/><E110/><V2/><F2/><W59/><G102/><T114/><D114/><U77/><E132/><V37/><F115/><W38/><G113/><T28/><D109/><U104/><E122/><V0/><F0/><W10/><G38/><T27/><D130/><U99/><E77/><V20/><F39/><W126/><G84/><T106/><D42/><U60/><E43/><V11/><F37/><W36/><G36/><T134/><D56/><U124/><E124/><N who="3" m="47722" /><G4/><T32/><D28/><U111/><E111/><V92/><F87/><W90/><G90/><T118/><D134/><U120/><E120/><V61/><F133/><W128/><G128/><T129/><D129/><U103/><E103/><V3/><F3/><W67/><G49/><T45/><D45/><N who="2" m="17514" /><F20/><W119/><G119/><T18/><D118/><U12/><E33/><V116/><F29/><W64/><G64/><T71/><D18/><U98/><E98/><V86/><F86/><W25/><AGARI ba="1,0" hai="6,10,14,25,31,35,52,53,59,62,67" m="47722" machi="25" ten="30,7900,0" yaku="18,1,52,2,54,1" doraHai="51" who="3" fromWho="3" sc="181,-21,243,-21,306,-40,270,82" /><INIT seed="3,0,0,0,1,57" ten="160,222,266,352" oya="3" hai0="11,41,72,119,111,75,78,94,15,122,27,74,71" hai1="95,70,115,30,116,16,103,62,38,112,106,89,12" hai2="129,23,47,6,4,121,29,58,81,35,118,69,45" hai3="1,83,85,127,131,17,102,53,42,87,133,52,134"/><W22/><G127/><T39/><D119/><U37/><E116/><V66/><F69/><W105/><G131/><T99/><D122/><U25/><E37/><V60/><F35/><W40/><G1/><T130/><D130/><U101/><E38/><V18/><F29/><W120/><G120/><T61/><D111/><U76/><E76/><V3/><F118/><W31/><G31/><T7/><D27/><U132/><E132/><N who="3" m="50794" /><G102/><T92/><D78/><U14/><E14/><V13/><F121/><W24/><G105/><T84/><D84/><N who="3" m="32329" /><G83/><T34/><D34/><N who="1" m="20815" /><E101/><V79/><F129/><W117/><G117/><T9/><D9/><N who="1" m="6159" /><E89/><V36/><F3/><W59/><G53/><T67/><REACH who="0" step="1"/><D99/><REACH who="0" ten="150,222,266,352" step="2"/><N who="1" m="61823" /><E95/><V97/><F97/><W54/><G54/><T126/><D126/><U88/><E88/><V104/><F79/><W109/><G109/><T98/><D98/><U65/><AGARI ba="0,1" hai="62,65,70,112,115" m="61823,6159,20815" machi="65" ten="30,4000,0" yaku="25,1,52,1,54,1" doraHai="57" who="1" fromWho="1" sc="150,-10,222,50,266,-10,352,-20" owari="140,-36.0,272,7.2,256,-14.4,332,43.2" /></mjloggm>