<mjloggm ver="2.3"><GO type="225" lobby="0"/><UN n0="%E9%BB%92%E4%BA%BA%40%E3%81%8F%E3%82%8D%E3%82%93%E3%81%A1%E3%82%85" n1="%E4%B8%89%E5%86%A0%E7%8E%8B%E3%83%BB%E5%B1%B1%E7%94%B0%E5%93%B2%E4%BA%BA" n2="%72%61%6B%33" n3="%E3%81%99%E3%81%84%E3%81%BE%E3%81%9B%E3%83%BC%E3%82%93" dan="16,17,17,16" rate="2080.88,2206.83,2302.97,2115.45" sx="M,M,M,M"/><TAIKYOKU oya="0"/><INIT seed="0,0,0,5,3,18" ten="250,250,250,250" oya="0" hai0="20,120,76,39,123,0,68,50,61,38,37,133,77" hai1="57,119,31,94,115,101,4,35,72,9,53,96,13" hai2="86,2,65,102,130,6,70,52,49,88,54,114,126" hai3="134,91,121,109,125,118,58,122,80,59,29,84,85"/><T48/><D0/><U104/><E72/><V67/><F114/><W40/><G118/><T14/><D68/><U93/><E119/><V71/><F126/><W19/><G125/><T113/><D61/><U3/><E115/><V47/><F130/><W75/><G134/><T28/><D113/><U7/><E7/><V100/><F71/><W60/><G109/><T89/><D89/><U26/><REACH who="1" step="1"/><E3/><REACH who="1" ten="250,240,250,250" step="2"/><V1/><F1/><W78/><G75/><T69/><D133/><U12/><E12/><V10/><F70/><W66/><G122/><T32/><D69/><U82/><E82/><V5/><F6/><W106/><G80/><T87/><D14/><U79/><E79/><V24/><F2/><W45/><G78/><T105/><D77/><U111/><E111/><V55/><F5/><W8/><G121/><T17/><D76/><U107/><E107/><V42/><F24/><W129/><G106/><T97/><D105/><U56/><E56/><V92/><REACH who="2" step="1"/><F10/><REACH who="2" ten="250,240,240,250" step="2"/><W51/><G8/><T63/><D123/><U64/><E64/><AGARI ba="0,2" hai="42,47,49,52,54,55,64,65,67,86,88,92,100,102" machi="64" ten="40,8000,1" yaku="1,1,2,1,8,1,54,2,53,0" doraHai="18" doraHaiUra="73" who="2" fromWho="1" sc="250,0,240,-80,240,100,250,0" /><INIT seed="1,0,0,2,2,99" ten="250,160,340,250" oya="1" hai0="27,53,10,51,47,32,69,59,24,66,135,23,134" hai1="40,81,28,52,41,101,16,26,19,1,97,56,63" hai2="12,95,103,25,42,113,17,6,37,20,75,102,111" hai3="94,54,100,68,35,74,127,130,118,119,49,108,9"/><U11/><E81/><V57/><F75/><W30/><G108/><T5/><D69/><U89/><E89/><V92/><F111/><W29/><G127/><T85/><D32/><U62/><E62/><V0/><F0/><W67/><G130/><T43/><D66/><U4/><E41/><V117/><F117/><W115/><G74/><T91/><D23/><U123/><E40/><V106/><F106/><W126/><G126/><T21/><D21/><U31/><E123/><V14/><F113/><W72/><G72/><T77/><D77/><U116/><E116/><V104/><F104/><W65/><G65/><T70/><BYE who="3" /><D70/><U58/><E58/><V93/><F57/><W132/><G132/><N who="0" m="50731" /><D91/><U84/><E84/><V50/><F37/><W60/><G60/><N who="0" m="35951" /><D85/><U107/><E31/><V8/><F25/><W39/><G39/><T109/><D109/><U33/><AGARI ba="0,0" hai="1,4,11,16,19,26,28,33,52,56,63,97,101,107" machi="33" ten="20,12000,1" yaku="0,1,7,1,52,1,54,2" doraHai="99" who="1" fromWho="1" sc="250,-40,160,120,340,-40,250,-40" /><INIT seed="1,1,0,1,0,58" ten="210,280,300,210" oya="1" hai0="109,78,107,41,68,64,35,32,15,85,62,5,17" hai1="2,92,52,42,39,54,128,13,110,50,106,7,44" hai2="29,57,124,93,114,96,38,56,24,89,18,61,76" hai3="8,112,31,66,37,126,46,125,65,117,22,1,11"/><U34/><E106/><V33/><F124/><W135/><G135/><T27/><D109/><U90/><E110/><V113/><F38/><W97/><G97/><T73/><D107/><UN n3="%E3%81%99%E3%81%84%E3%81%BE%E3%81%9B%E3%83%BC%E3%82%93" /><U84/><E128/><V23/><F76/><W108/><G112/><T83/><D5/><U105/><E105/><V67/><REACH who="2" step="1"/><F57/><REACH who="2" ten="210,280,290,210" step="2"/><W47/><G37/><T36/><D73/><U3/><E39/><V134/><F134/><W63/><G108/><T20/><REACH who="0" step="1"/><D27/><AGARI ba="1,1" hai="18,23,24,27,29,33,56,61,67,89,93,96,113,114" machi="27" ten="40,2600,0" yaku="1,1,52,1,53,0" doraHai="58" doraHaiUra="77" who="2" fromWho="0" sc="210,-29,280,0,290,39,210,0" /><INIT seed="2,0,0,4,2,4" ten="181,280,329,210" oya="2" hai0="12,15,77,0,67,118,124,134,117,10,64,8,23" hai1="88,20,19,5,54,79,16,96,3,36,120,125,37" hai2="59,105,101,84,61,132,13,95,31,133,127,109,29" hai3="24,86,110,126,113,131,123,69,40,115,11,55,122"/><V44/><F105/><W33/><G69/><T74/><D0/><U83/><E125/><V121/><F121/><N who="3" m="46091" /><G40/><T102/><D124/><U9/><E120/><V22/><F127/><W114/><G55/><T85/><D74/><U104/><E54/><V39/><F109/><W62/><G62/><T65/><D102/><U6/><E6/><V53/><F39/><W119/><G86/><T100/><D100/><U89/><E19/><N who="2" m="10607" /><F44/><W99/><G99/><T48/><D134/><N who="2" m="51818" /><F84/><W1/><G126/><T41/><D23/><U17/><E17/><V87/><F87/><W129/><G110/><T26/><D26/><U71/><E37/><V70/><F70/><W32/><G119/><N who="0" m="45579" /><D15/><U130/><E104/><V56/><F56/><W28/><G32/><T93/><D12/><U98/><E71/><V75/><F75/><W92/><G92/><T2/><D2/><U14/><E14/><V18/><F18/><W60/><G60/><T38/><D38/><U30/><E16/><V76/><F76/><W103/><G103/><T27/><D27/><U90/><E36/><V128/><F101/><W58/><G58/><T116/><N who="0" m="45587" /><T25/><DORA hai="107" /><D25/><U68/><E79/><V80/><F59/><W46/><G46/><N who="0" m="25679" /><D77/><U49/><E3/><V66/><F61/><W63/><G63/><T112/><D112/><U34/><E68/><V94/><F53/><W7/><AGARI ba="0,0" hai="1,7,11,24,28,33,113,114,115,129,131" m="46091" machi="7" ten="40,8000,1" yaku="11,1,23,1,34,2,52,1" doraHai="4,107" who="3" fromWho="3" sc="181,-20,280,-20,329,-40,210,80" /><INIT seed="3,0,0,0,0,65" ten="161,260,289,290" oya="3" hai0="21,14,57,81,124,118,109,45,72,11,40,56,110" hai1="83,132,31,94,60,46,23,129,85,18,49,17,74" hai2="52,12,89,41,68,92,111,28,80,44,29,64,87" hai3="96,5,115,62,90,134,75,114,16,8,54,103,112"/><W26/><G75/><T3/><D118/><U70/><E74/><V13/><F111/><W7/><G134/><T35/><D124/><U10/><E129/><V0/><F0/><W24/><G90/><T43/><D35/><U126/><E94/><V39/><F52/><W119/><G119/><T127/><D127/><U30/><E132/><V99/><F28/><W6/><G8/><T122/><D122/><U47/><E47/><V88/><REACH who="2" step="1"/><F29/><REACH who="2" ten="161,260,279,290" step="2"/><W55/><G115/><T107/><D110/><U77/><E126/><V106/><F106/><W66/><G55/><T131/><D109/><U104/><E104/><V48/><F48/><W4/><G54/><T98/><D131/><U93/><E93/><V105/><F105/><W1/><G1/><T95/><D107/><U27/><E60/><AGARI ba="0,1" hai="12,13,39,41,44,60,64,68,80,87,88,89,92,99" machi="60" ten="40,5200,0" yaku="1,1,52,1,54,1,53,0" doraHai="65" doraHaiUra="32" who="2" fromWho="1" sc="161,0,260,-52,279,62,290,0" owari="161,-33.9,208,-19.2,341,44.1,290,9.0" /></mjloggm>