<mjloggm ver="2.3"><GO type="225" lobby="0"/><UN n0="%E6%81%A5%E6%99%92%E3%81%97" n1="%E6%A1%9C%E8%8A%B1%E9%96%83%E3%80%85" n2="%6D%75%75%73%61%6E%6D%75" n3="%E6%98%93%E5%88%A9%E8%96%A9%E4%BC%AF" dan="16,17,17,16" rate="2140.81,2222.28,2165.57,2096.73" sx="M,M,F,F"/><TAIKYOKU oya="0"/><INIT seed="0,0,0,3,3,4" ten="250,250,250,250" oya="0" hai0="0,23,53,131,92,10,103,88,1,83,89,101,16" hai1="45,118,37,12,66,69,7,28,96,76,22,47,99" hai2="35,36,86,31,125,17,85,98,2,49,102,58,14" hai3="52,107,132,67,38,72,133,123,116,93,81,5,21"/><T97/><D131/><U111/><E118/><V95/><F36/><W62/><G107/><T8/><D1/><U61/><E111/><V51/><F2/><W50/><G38/><T39/><D39/><U25/><E76/><V71/><F71/><W13/><G116/><T40/><D40/><U106/><E37/><V32/><F125/><W100/><G72/><T79/><D53/><U115/><E115/><V65/><F65/><W82/><G93/><N who="0" m="56487" /><D0/><U19/><E7/><V44/><F58/><N who="3" m="33047" /><G100/><N who="0" m="38475" /><D83/><U56/><E69/><V75/><F49/><W117/><G123/><T59/><D59/><U74/><E74/><V110/><F75/><W64/><G64/><T9/><D79/><U128/><E128/><V43/><F110/><W105/><G105/><T48/><D48/><U11/><E106/><V120/><F120/><W57/><G117/><T33/><D33/><U104/><E104/><V42/><F42/><W29/><G133/><T91/><D92/><U78/><E78/><V124/><F124/><W112/><G132/><T108/><D108/><U6/><E47/><V119/><F119/><W127/><G112/><T20/><D20/><N who="1" m="15399" /><E45/><V94/><F94/><W70/><G127/><T109/><D109/><U27/><AGARI ba="0,0" hai="6,11,12,19,22,27,56,61,66,96,99" m="15399" machi="27" ten="30,2000,0" yaku="8,1,52,1" doraHai="4" who="1" fromWho="1" sc="250,-10,250,20,250,-5,250,-5" /><INIT seed="1,0,0,2,5,105" ten="240,270,245,245" oya="1" hai0="95,73,88,100,116,107,38,3,42,68,9,78,26" hai1="10,50,98,67,127,39,13,103,35,5,131,46,111" hai2="29,24,76,94,7,60,124,114,121,21,54,77,109" hai3="128,40,86,81,85,72,123,25,130,64,16,133,53"/><U101/><E127/><V22/><F121/><W82/><G123/><T108/><D108/><U41/><E131/><N who="3" m="50218" /><G64/><T69/><D116/><U43/><E111/><V74/><F109/><W55/><G40/><T48/><D48/><U70/><E35/><V113/><F124/><W36/><G36/><T93/><D93/><U120/><E120/><V87/><F7/><W2/><G2/><T11/><D26/><U66/><E101/><V91/><F22/><N who="3" m="13511" /><G133/><T110/><D110/><U119/><E119/><V99/><F54/><N who="3" m="20491" /><G82/><N who="0" m="45391" /><D11/><U49/><E70/><V30/><F60/><W97/><G97/><N who="0" m="61839" /><D42/><U8/><E8/><V4/><F4/><W56/><G56/><T79/><D38/><U104/><REACH who="1" step="1"/><E39/><REACH who="1" ten="240,260,245,245" step="2"/><V89/><F21/><W84/><G81/><T44/><D69/><U80/><E80/><V135/><F135/><W62/><G62/><T115/><D68/><U59/><E59/><V75/><F114/><W19/><G19/><T15/><D79/><U106/><E106/><V65/><F113/><W28/><G28/><T57/><D115/><U23/><E23/><N who="2" m="15519" /><F30/><W90/><G90/><T33/><D88/><U63/><E63/><V20/><F20/><W17/><G17/><T134/><D134/><U31/><E31/><V96/><F77/><W0/><G0/><T34/><D3/><U112/><E112/><V27/><F76/><W61/><G61/><T18/><D57/><U92/><E92/><V37/><F37/><W32/><G32/><N who="0" m="12395" /><D95/><U118/><E118/><V58/><F91/><W6/><G6/><T45/><D18/><U102/><E102/><V83/><F94/><RYUUKYOKU ba="0,1" sc="240,10,260,10,245,-30,245,10" hai0="9,15,44,45" hai1="5,10,13,41,43,46,49,50,66,67,98,103,104" hai3="72,84,85,86" /><INIT seed="1,1,1,0,5,28" ten="250,270,215,255" oya="1" hai0="17,36,46,44,105,66,63,49,132,94,21,84,123" hai1="8,13,80,47,92,62,95,1,60,110,125,103,118" hai2="4,133,18,96,51,116,78,126,25,48,23,98,24" hai3="75,83,90,6,71,124,88,7,128,37,100,131,73"/><U114/><E114/><V42/><F116/><W38/><G83/><T58/><D105/><U27/><E118/><V101/><F126/><W121/><G100/><T64/><D132/><U134/><E1/><V120/><F133/><W9/><G9/><T0/><D0/><U104/><E134/><V86/><F120/><W111/><G121/><T79/><D123/><U112/><E112/><V12/><F78/><W54/><G54/><T119/><D119/><U39/><E125/><V22/><F86/><W81/><G81/><N who="0" m="47167" /><D36/><N who="3" m="13929" /><G71/><T107/><D107/><U85/><E110/><V40/><F4/><N who="3" m="1579" /><G111/><T91/><D49/><N who="2" m="19018" /><F24/><W33/><G33/><T5/><D5/><U53/><E27/><V19/><F101/><W55/><G55/><T41/><D66/><U82/><E104/><V67/><F67/><W61/><G61/><N who="1" m="23658" /><E39/><V72/><F72/><N who="3" m="27723" /><G124/><T15/><D41/><AGARI ba="1,1" hai="12,18,19,22,23,25,40,41,42,96,98" m="19018" machi="41" ten="30,1000,0" yaku="8,1" doraHai="28" who="2" fromWho="0" sc="250,-13,270,0,215,23,255,0" /><INIT seed="2,0,0,1,2,117" ten="237,270,238,255" oya="2" hai0="95,62,116,93,1,57,16,30,22,111,109,65,66" hai1="115,83,46,7,18,25,56,81,68,36,29,10,17" hai2="58,94,106,85,5,64,119,101,55,126,71,114,102" hai3="28,99,49,20,91,127,47,128,132,110,6,70,120"/><V88/><F119/><W121/><G70/><T9/><D116/><U2/><E115/><V124/><F114/><W51/><G110/><N who="0" m="41995" /><D66/><U118/><E68/><V97/><F102/><W8/><G132/><T40/><D40/><U59/><E118/><V48/><REACH who="2" step="1"/><F5/><REACH who="2" ten="237,270,228,255" step="2"/><W44/><G6/><N who="0" m="1231" /><D30/><U89/><E29/><V84/><F84/><W39/><G28/><T41/><D41/><U73/><E7/><V38/><F38/><W15/><G39/><T42/><D42/><U123/><E36/><V86/><F86/><W31/><G31/><T108/><D108/><U21/><E18/><V54/><F54/><W87/><G87/><T33/><D33/><U43/><E17/><V107/><F107/><W61/><G128/><T135/><D135/><U76/><E43/><V69/><F69/><W35/><G35/><T98/><D98/><U60/><E73/><V96/><F96/><W0/><G99/><T113/><D113/><U78/><E78/><V52/><F52/><W130/><G130/><T129/><D129/><U67/><E76/><V53/><F53/><W133/><G133/><T104/><D104/><U24/><E67/><V92/><F92/><W45/><G91/><T32/><D32/><U125/><E89/><V79/><F79/><W50/><G47/><T27/><AGARI ba="0,1" hai="16,22,27,57,62,65,93,95" m="1231,41995" machi="27" ten="30,2000,0" yaku="14,1,54,1" doraHai="117" who="0" fromWho="0" sc="237,30,270,-5,228,-10,255,-5" /><INIT seed="3,0,0,5,2,28" ten="267,265,218,250" oya="3" hai0="56,79,101,31,114,80,27,104,91,94,4,39,29" hai1="107,23,58,19,77,105,124,74,95,59,118,92,13" hai2="53,125,18,0,127,8,66,40,97,81,63,62,78" hai3="90,49,98,65,6,37,133,21,106,120,50,134,54"/><W51/><G120/><T85/><D39/><U44/><E124/><V30/><F40/><W22/><G37/><T57/><D114/><U5/><E118/><V55/><F30/><W131/><G131/><T61/><D4/><U116/><E116/><V112/><F112/><W43/><G65/><T48/><D48/><U132/><E132/><N who="3" m="50794" /><G6/><T83/><D83/><U69/><E69/><V88/><F0/><W60/><G43/><T70/><D31/><U128/><E105/><V67/><F67/><W93/><G106/><T35/><D61/><N who="2" m="23050" /><F66/><W130/><G130/><T119/><D70/><U89/><E107/><V15/><F78/><W45/><G45/><T42/><D42/><U33/><E44/><V34/><F34/><W71/><G71/><T110/><D119/><U135/><E58/><AGARI ba="0,0" hai="21,22,49,50,51,54,58,60,90,93,98" m="50794" machi="58" ten="30,1500,0" yaku="20,1" doraHai="28" who="3" fromWho="1" sc="267,0,265,-15,218,0,250,15" /><INIT seed="3,1,0,1,1,125" ten="267,250,218,265" oya="3" hai0="36,48,68,122,94,73,56,59,1,6,129,60,17" hai1="91,107,102,63,99,98,78,135,53,88,75,126,83" hai2="52,109,57,22,3,131,19,127,18,69,47,120,29" hai3="64,95,25,93,71,77,55,132,21,23,101,116,38"/><W58/><G38/><T134/><D122/><U16/><E126/><V111/><F127/><W32/><G116/><T108/><D108/><N who="2" m="41546" /><F69/><W67/><G32/><T51/><D73/><U65/><E53/><V14/><F120/><W10/><G77/><T34/><D34/><U50/><E50/><N who="2" m="28767" /><F3/><W5/><G23/><T40/><D17/><U27/><E135/><V11/><F29/><W84/><G71/><T119/><D94/><U28/><E16/><N who="2" m="8287" /><F131/><W7/><G67/><T42/><D129/><U30/><E30/><V123/><F123/><W76/><G64/><N who="0" m="40967" /><D134/><U121/><E121/><V100/><F100/><W12/><G101/><T31/><D31/><U103/><E28/><V124/><F124/><W81/><G7/><T49/><D6/><U106/><E27/><V8/><F8/><W46/><G132/><T118/><D1/><U90/><E90/><V89/><F22/><W62/><G46/><N who="0" m="23815" /><D118/><U0/><E0/><V86/><F57/><AGARI ba="1,0" hai="57,63,65,75,78,83,88,91,98,99,102,103,106,107" machi="57" ten="30,3900,0" yaku="7,1,9,1,54,1" doraHai="125" who="1" fromWho="2" sc="267,0,250,42,218,-42,265,0" /><INIT seed="4,0,0,5,4,96" ten="267,292,176,265" oya="0" hai0="108,85,53,128,118,37,24,123,93,95,80,28,1" hai1="10,124,71,60,21,32,31,83,125,52,0,129,57" hai2="56,114,58,63,69,101,7,29,61,11,88,3,91" hai3="49,120,75,27,35,33,127,38,135,133,103,131,97"/><T119/><D37/><U116/><E116/><N who="0" m="44585" /><D1/><U86/><E129/><V54/><F114/><W39/><G49/><T89/><D53/><U17/><E71/><V5/><F69/><W45/><G131/><T65/><D65/><U55/><E32/><N who="3" m="12362" /><G27/><T109/><D24/><N who="1" m="16783" /><E0/><V66/><F29/><W34/><N who="3" m="12370" /><W106/><DORA hai="13" /><G127/><N who="1" m="48714" /><E17/><V102/><REACH who="2" step="1"/><F7/><REACH who="2" ten="267,292,166,265" step="2"/><W22/><G135/><T20/><D128/><U117/><E117/><V126/><F126/><W87/><G133/><T90/><D28/><U112/><E112/><V26/><F26/><W113/><G113/><T94/><D123/><U134/><E134/><V36/><F36/><W62/><G39/><T67/><D67/><N who="1" m="39311" /><E10/><V44/><F44/><W70/><G45/><T19/><D108/><U84/><E84/><V76/><F76/><AGARI ba="0,1" hai="52,55,76,83,86" m="39311,48714,16783" machi="76" ten="30,2000,0" yaku="18,1,54,1" doraHai="96,13" who="1" fromWho="2" sc="267,0,292,30,166,-20,265,0" owari="267,6.7,322,42.2,146,-35.4,265,-13.5" /></mjloggm>