<mjloggm ver="2.3"><GO type="225" lobby="0"/><UN n0="%E5%8C%97%E6%AC%A7%E3%81%AE%E3%82%82%E3%81%93%E3%81%86" n1="%E6%81%A5%E6%99%92%E3%81%97" n2="%E9%80%86%E9%80%A3%E5%B8%AF%E3%81%AE%E9%AC%BC" n3="%E6%A1%9C%E8%8A%B1%E9%96%83%E3%80%85" dan="16,16,17,16" rate="2161.93,2130.78,2179.75,2128.12" sx="M,M,M,M"/><TAIKYOKU oya="0"/><INIT seed="0,0,0,4,3,111" ten="250,250,250,250" oya="0" hai0="1,7,40,47,99,9,120,25,96,49,86,127,17" hai1="122,95,135,38,43,33,56,89,78,31,45,110,133" hai2="60,22,76,83,64,28,46,20,81,79,32,21,36" hai3="24,69,16,19,61,113,130,70,92,23,123,75,114"/><T80/><D127/><U12/><E122/><V109/><F109/><W13/><G123/><T37/><D120/><U26/><E110/><V35/><F36/><W57/><G75/><T30/><D17/><U85/><E78/><V74/><F46/><W103/><G130/><T58/><D58/><U73/><E73/><V5/><F5/><W126/><G126/><T52/><D37/><U125/><E125/><V105/><F105/><W134/><G134/><T39/><D39/><U101/><E101/><V14/><F14/><W71/><G92/><T128/><D40/><U94/><E94/><V29/><F29/><W115/><G103/><T18/><D18/><U121/><E121/><V112/><F112/><W53/><REACH who="3" step="1"/><G70/><REACH who="3" ten="250,250,250,240" step="2"/><T63/><D128/><U59/><REACH who="1" step="1"/><E12/><REACH who="1" ten="250,240,250,240" step="2"/><V88/><F74/><W2/><G2/><T124/><D124/><U55/><E55/><V66/><F83/><W91/><G91/><T27/><D1/><U65/><E65/><V116/><F66/><W84/><G84/><T44/><D86/><U102/><E102/><V82/><F88/><W67/><G67/><T4/><D99/><U98/><E98/><V48/><F82/><W90/><G90/><T93/><D96/><U54/><E54/><V68/><F81/><W108/><G108/><T107/><D80/><U50/><E50/><V8/><F48/><W106/><G106/><T51/><D107/><U97/><E97/><V119/><F64/><W6/><G6/><N who="0" m="2091" /><D93/><U10/><E10/><AGARI ba="0,2" hai="10,13,16,19,23,24,53,57,61,69,71,113,114,115" machi="10" ten="40,8000,1" yaku="1,1,52,3,54,1,53,0" doraHai="111" doraHaiUra="0" who="3" fromWho="1" sc="250,0,240,-80,250,0,240,100" /><INIT seed="1,0,0,3,2,74" ten="250,160,250,340" oya="1" hai0="111,57,105,94,21,120,42,36,117,27,31,119,91" hai1="71,128,85,44,118,54,103,48,134,93,99,110,96" hai2="47,73,125,123,16,1,108,55,92,30,41,62,46" hai3="97,109,83,131,87,68,59,122,86,72,29,121,37"/><U49/><E118/><V26/><F123/><W106/><G68/><T45/><D111/><U114/><E114/><V129/><F108/><W3/><G109/><T50/><D105/><U22/><E110/><V61/><F1/><W56/><G37/><T98/><D120/><U130/><E71/><V58/><F129/><N who="1" m="49769" /><E134/><V77/><F125/><W34/><G3/><T51/><REACH who="0" step="1"/><D57/><REACH who="0" ten="240,160,250,340" step="2"/><N who="1" m="32967" /><E22/><V133/><F133/><W124/><G131/><T90/><D90/><N who="1" m="53455" /><E103/><V82/><F58/><W79/><G56/><T53/><D53/><AGARI ba="0,1" hai="44,49,53,96,99" m="53455,32967,49769" machi="53" ten="30,1500,0" yaku="19,1" doraHai="74" who="1" fromWho="0" sc="240,-15,160,25,250,0,340,0" /><INIT seed="1,1,0,5,4,103" ten="225,185,250,340" oya="1" hai0="28,8,119,96,77,61,121,104,50,93,81,94,80" hai1="100,66,17,9,76,116,3,35,34,92,129,126,95" hai2="134,79,106,18,74,118,22,128,46,122,64,16,133" hai3="70,57,124,88,30,109,43,72,11,55,15,135,25"/><U13/><E116/><V99/><F122/><W58/><G70/><T1/><D119/><U32/><E126/><V41/><F118/><W89/><G124/><T75/><D28/><U21/><E129/><V26/><F128/><W5/><G109/><T114/><D114/><U7/><E100/><V97/><F64/><W125/><G125/><T105/><D61/><U53/><E66/><V4/><F4/><W60/><G135/><N who="2" m="51721" /><F106/><N who="0" m="41066" /><D50/><U14/><E76/><V84/><F74/><W117/><G72/><N who="0" m="43047" /><D8/><U101/><E101/><V39/><F18/><W113/><G113/><T44/><D44/><U131/><E131/><V52/><F52/><N who="3" m="33831" /><G117/><T20/><D20/><U67/><E67/><V71/><F71/><W27/><G43/><T78/><D1/><U123/><E123/><V47/><F47/><W2/><G2/><T108/><D121/><U85/><E85/><V111/><F111/><W69/><G69/><T42/><D42/><U86/><E86/><V12/><F12/><W37/><G30/><T19/><D19/><U132/><E132/><V90/><F79/><W62/><G37/><T59/><D59/><U120/><E120/><V112/><F112/><W51/><G62/><T91/><D108/><U10/><E53/><V127/><F127/><W0/><G0/><T102/><D91/><AGARI ba="1,0" hai="5,11,15,25,27,51,55,58,88,89,91" m="33831" machi="91" ten="30,3900,0" yaku="8,1,54,2" doraHai="103" who="3" fromWho="0" sc="225,-42,185,0,250,0,340,42" /><INIT seed="2,0,0,4,1,34" ten="183,185,250,382" oya="2" hai0="68,116,92,17,97,53,60,22,107,111,54,11,109" hai1="16,2,58,73,71,96,61,29,80,108,50,8,130" hai2="132,26,66,7,6,48,18,101,28,113,41,121,30" hai3="75,51,69,87,133,44,40,95,99,43,120,122,72"/><V67/><F121/><W100/><G69/><T126/><D126/><U103/><E108/><N who="0" m="41545" /><D107/><U59/><E130/><V94/><F113/><W45/><G133/><T129/><D129/><U114/><E114/><V85/><F132/><W124/><G124/><T38/><D38/><U47/><E29/><V64/><F18/><W131/><G131/><T90/><D11/><U86/><E73/><V56/><F30/><W112/><G112/><T12/><D116/><U78/><E71/><V70/><F70/><W52/><G40/><T31/><D31/><U102/><E61/><V84/><F101/><W5/><G5/><T62/><D62/><U3/><E102/><V63/><F48/><W15/><G15/><T117/><D117/><U105/><E16/><V134/><F41/><W127/><G127/><T74/><D74/><U135/><E135/><V81/><F94/><W128/><G128/><T106/><D106/><U77/><E77/><V27/><F134/><W35/><G35/><T115/><D115/><U91/><E78/><V33/><F27/><W4/><G4/><T39/><D39/><U57/><REACH who="1" step="1"/><E8/><REACH who="1" ten="183,175,250,382" step="2"/><V37/><F63/><W82/><G75/><T118/><D118/><U89/><E89/><V119/><F28/><W0/><G72/><T76/><D76/><U24/><E24/><V21/><F119/><W110/><G110/><T65/><AGARI ba="0,1" hai="12,17,22,53,54,60,65,68,90,92,97" m="41545" machi="65" ten="30,1100,0" yaku="14,1" doraHai="34" who="0" fromWho="0" sc="183,21,175,-3,250,-5,382,-3" /><INIT seed="3,0,0,2,1,102" ten="204,172,245,379" oya="3" hai0="71,134,111,28,101,76,122,93,41,67,64,26,75" hai1="40,92,56,83,0,112,73,68,128,29,69,32,16" hai2="100,10,123,86,130,46,77,22,45,80,9,38,78" hai3="52,119,115,27,63,104,79,85,31,59,43,70,81"/><W1/><G119/><T105/><D122/><U23/><E112/><V98/><F123/><W90/><G104/><T89/><D111/><U96/><E0/><V36/><F130/><W57/><G115/><T30/><D30/><U15/><E40/><V39/><F78/><W25/><G1/><T120/><D120/><U72/><E128/><V74/><F74/><W114/><G114/><T50/><D134/><U131/><E131/><V6/><F22/><W107/><G107/><T33/><D41/><U11/><E32/><V110/><F110/><W121/><G70/><T44/><D44/><U125/><E73/><V55/><F55/><W126/><G126/><T58/><D50/><U82/><E125/><V35/><F35/><W20/><G25/><T14/><D58/><U54/><E68/><V118/><F118/><W108/><G43/><T3/><D3/><U19/><E29/><V66/><F66/><W91/><G108/><T61/><D64/><U116/><E69/><V8/><REACH who="2" step="1"/><F6/><REACH who="2" ten="204,172,235,379" step="2"/><W51/><G121/><T135/><D76/><U21/><E72/><V17/><F17/><W5/><G5/><T2/><D75/><U95/><E116/><V94/><AGARI ba="0,1" hai="8,9,10,36,38,39,45,46,77,80,86,94,98,100" machi="94" ten="40,5200,0" yaku="1,1,0,1,53,1" doraHai="102" doraHaiUra="97" who="2" fromWho="2" sc="204,-13,172,-13,235,62,379,-26" owari="191,-20.9,159,-34.1,297,9.7,353,45.3" /></mjloggm>