<mjloggm ver="2.3"><GO type="225" lobby="0"/><UN n0="%E6%9D%B1%E9%A2%A8%E3%81%AE%E3%81%8D%E3%82%83%E3%81%B7%E3%81%95%E3%82%93" n1="%6D%75%75%73%61%6E%6D%75" n2="%E3%81%8B%E3%82%8F%E3%81%A1%E3%82%83%E3%82%93%35%38" n3="%E3%81%B5%E3%81%98%E3%81%8B%E3%81%A4" dan="17,16,16,17" rate="2204.17,2126.99,2160.28,2231.53" sx="M,F,M,M"/><TAIKYOKU oya="0"/><INIT seed="0,0,0,4,2,67" ten="250,250,250,250" oya="0" hai0="48,5,10,101,130,96,93,68,124,58,22,52,72" hai1="70,38,65,99,8,29,107,21,31,2,12,28,94" hai2="119,89,95,23,123,97,112,126,90,44,106,109,24" hai3="20,131,35,110,39,125,36,51,108,49,78,121,19"/><T55/><D72/><U115/><E38/><N who="3" m="14378" /><G35/><T116/><D116/><U61/><E107/><V84/><F112/><W69/><G78/><T53/><D130/><U14/><E115/><V47/><F123/><W134/><G121/><T71/><D124/><U103/><REACH who="1" step="1"/><E21/><REACH who="1" ten="250,240,250,250" step="2"/><V120/><F120/><W18/><G20/><T133/><D133/><U43/><E43/><V105/><F105/><W6/><G134/><T91/><D101/><U0/><E0/><V50/><F106/><W37/><G37/><T81/><D22/><U122/><E122/><V77/><F119/><W113/><G125/><T62/><D81/><U41/><E41/><V1/><F1/><W132/><G113/><T13/><REACH who="0" step="1"/><D48/><REACH who="0" ten="240,240,250,250" step="2"/><U98/><E98/><V104/><F50/><W63/><G51/><T100/><D100/><U16/><E16/><V11/><F97/><W64/><G49/><T7/><D7/><AGARI ba="0,2" hai="2,7,8,12,14,28,29,31,61,65,70,94,99,103" machi="7" ten="40,2600,0" yaku="1,1,52,1,53,0" doraHai="67" doraHaiUra="111" who="1" fromWho="0" sc="240,-26,240,46,250,0,250,0" /><INIT seed="1,0,0,4,3,40" ten="214,286,250,250" oya="1" hai0="33,32,22,117,97,92,112,135,120,126,26,70,12" hai1="79,21,59,42,125,1,19,89,2,10,29,64,0" hai2="90,76,34,4,130,133,48,95,87,60,118,116,43" hai3="23,72,73,69,122,63,66,58,18,121,107,49,83"/><U50/><E125/><V105/><F34/><W39/><G107/><T102/><D70/><U124/><E124/><V104/><F4/><W16/><G39/><T99/><D126/><U119/><E119/><V85/><F60/><W47/><G69/><T123/><D117/><N who="2" m="45162" /><F48/><W5/><G5/><T77/><D112/><U38/><E38/><V52/><F52/><W25/><G18/><T113/><D113/><U131/><E131/><V51/><F51/><W129/><G129/><T88/><D77/><U94/><E29/><V30/><F43/><W35/><G35/><T74/><D12/><U82/><E10/><V108/><F30/><W67/><G67/><T41/><D41/><U100/><E64/><V78/><F130/><W65/><G65/><T28/><D135/><U14/><E2/><V96/><F133/><W132/><G132/><T56/><D56/><U3/><E3/><V9/><F9/><W46/><G83/><T6/><D6/><U103/><E1/><V68/><F68/><W115/><G115/><T45/><D74/><N who="1" m="43383" /><E0/><V127/><F127/><W31/><G31/><T110/><D110/><U114/><E42/><V15/><F108/><W81/><G81/><T109/><D109/><U80/><E80/><N who="2" m="47239" /><F15/><W17/><G49/><T55/><D55/><N who="1" m="32247" /><E114/><V8/><F8/><W57/><G57/><T101/><D45/><N who="3" m="16905" /><G17/><T44/><D44/><U111/><E111/><V106/><F78/><W75/><G75/><T86/><D33/><U27/><E14/><V93/><F105/><W98/><G98/><N who="0" m="37387" /><D32/><U61/><E61/><V134/><F134/><W36/><G36/><RYUUKYOKU ba="0,0" sc="214,0,286,0,250,0,250,0" hai0="22,26,28,86,88,92,101,102,120,123" hai1="19,21,27,89,94,100,103" hai2="87,90,93,95,96,104,106" hai3="16,23,25,58,63,66,72,73,121,122" /><INIT seed="1,1,0,4,3,83" ten="214,286,250,250" oya="1" hai0="28,133,67,68,44,120,107,62,49,130,52,121,72" hai1="48,125,114,36,99,84,96,123,92,12,97,17,115" hai2="80,37,103,26,102,29,31,41,82,21,40,15,45" hai3="108,4,56,11,16,66,58,64,8,69,14,88,57"/><U22/><E36/><V111/><F111/><W34/><G34/><T81/><D107/><U105/><E123/><N who="0" m="47177" /><D28/><U101/><E125/><V124/><F124/><W3/><G69/><T135/><D72/><U20/><E48/><V63/><F63/><W60/><G108/><T39/><D81/><U109/><E109/><V117/><F117/><W65/><G60/><T61/><D61/><U118/><E118/><V100/><F29/><W112/><REACH who="3" step="1"/><G88/><REACH who="3" ten="214,286,250,240" step="2"/><T79/><D79/><U106/><E114/><AGARI ba="1,1" hai="3,4,8,11,14,16,56,57,58,64,65,66,112,114" machi="114" ten="40,8000,1" yaku="1,1,2,1,54,1,53,2" doraHai="83" doraHaiUra="6" who="3" fromWho="1" sc="214,0,286,-83,250,0,240,93" /><INIT seed="2,0,0,3,3,88" ten="214,203,250,333" oya="2" hai0="116,39,26,0,57,122,112,85,123,32,113,133,69" hai1="108,11,30,129,7,48,95,50,109,10,60,119,12" hai2="81,43,118,37,24,5,70,86,78,94,35,130,14" hai3="126,46,4,64,44,23,22,6,124,58,63,20,96"/><V54/><F118/><W53/><G96/><T131/><RYUUKYOKU type="yao9" ba="0,0" sc="214,0,203,0,250,0,333,0" hai0="0,26,32,39,57,69,85,112,113,116,122,123,131,133" /><INIT seed="2,1,0,4,5,30" ten="214,203,250,333" oya="2" hai0="41,0,72,128,127,15,12,113,70,114,71,124,59" hai1="52,82,73,93,129,20,16,89,11,88,13,119,92" hai2="121,74,40,42,58,81,23,7,26,55,53,60,1" hai3="6,107,112,33,65,34,117,2,76,134,135,18,104"/><V78/><F121/><W45/><G18/><T87/><D87/><N who="1" m="50295" /><E73/><V37/><F37/><W14/><G14/><N who="0" m="5163" /><D59/><U99/><E129/><V85/><F74/><W130/><G130/><T19/><D128/><U43/><E43/><V86/><F1/><W120/><G120/><T125/><D0/><U66/><E66/><V115/><F7/><W63/><G117/><T46/><D72/><U69/><E69/><N who="0" m="26121" /><D19/><U62/><E119/><V118/><F118/><W48/><G76/><T133/><D133/><N who="3" m="50697" /><G112/><N who="0" m="43115" /><D41/><U96/><E20/><V91/><F55/><N who="3" m="30095" /><G6/><T105/><D46/><U38/><E38/><V116/><F116/><W31/><G31/><T109/><D109/><U8/><E8/><V51/><F51/><W84/><G84/><T24/><D105/><N who="3" m="40521" /><G2/><T39/><D39/><U64/><E64/><V106/><F106/><W102/><G102/><T101/><D101/><U3/><E3/><V27/><F115/><W47/><G47/><T126/><N who="0" m="31744" /><DORA hai="77" /><T10/><D10/><U4/><E4/><V68/><F68/><AGARI ba="1,0" hai="33,34,63,65,68" m="40521,30095,50697" machi="68" ten="30,3900,0" yaku="20,1,52,2" doraHai="30,77" who="3" fromWho="2" sc="214,0,203,0,250,-42,333,42" /><INIT seed="3,0,0,3,2,44" ten="214,203,208,375" oya="3" hai0="127,129,124,52,60,33,126,8,37,135,89,83,46" hai1="49,75,45,16,54,109,73,84,121,130,71,106,74" hai2="64,69,100,112,132,11,123,72,92,111,104,50,82" hai3="20,86,34,88,3,79,2,102,97,0,14,53,23"/><W28/><G79/><T96/><D33/><U116/><E121/><V133/><F112/><W30/><G53/><T117/><D117/><U108/><E116/><V80/><F104/><W58/><G58/><N who="0" m="34887" /><D135/><N who="2" m="51786" /><F72/><W119/><G119/><T1/><D129/><U55/><E130/><V122/><F111/><N who="1" m="42569" /><E106/><V13/><F50/><W21/><G14/><T41/><D1/><U15/><E71/><V7/><F92/><W77/><G77/><T131/><D131/><U5/><E55/><V94/><F94/><W128/><G128/><T134/><D134/><U4/><E84/><V35/><F100/><W26/><G30/><T76/><D8/><AGARI ba="0,0" hai="4,5,8,15,16,45,49,54,73,74,75" m="42569" machi="8" ten="40,5200,0" yaku="14,1,52,1,54,1" doraHai="44" who="1" fromWho="0" sc="214,-52,203,52,208,0,375,0" owari="162,-33.8,255,5.5,208,-19.2,375,47.5" /></mjloggm>