<mjloggm ver="2.3"><GO type="225" lobby="0"/><UN n0="%E3%81%8B%E3%82%8F%E3%81%A1%E3%82%83%E3%82%93%35%38" n1="%72%69%6F%75%63%68%61%6E" n2="%E3%81%99%E3%81%84%E3%81%BE%E3%81%9B%E3%83%BC%E3%82%93" n3="%74%61%6B%75%61%6B%61" dan="16,16,16,17" rate="2117.98,2146.76,2105.84,2272.47" sx="M,M,M,M"/><TAIKYOKU oya="0"/><INIT seed="0,0,0,1,5,33" ten="250,250,250,250" oya="0" hai0="50,94,28,8,85,27,17,121,72,90,132,74,101" hai1="127,70,4,95,12,129,120,134,9,16,14,96,7" hai2="116,113,42,124,131,47,20,77,55,117,122,75,102" hai3="82,84,78,93,54,135,83,118,81,51,123,133,21"/><T38/><D38/><U64/><E120/><V44/><F122/><W100/><G21/><T32/><D121/><U41/><E129/><V99/><F113/><W1/><G123/><T109/><D132/><N who="3" m="50761" /><G118/><N who="2" m="45673" /><F131/><W57/><G1/><T25/><D109/><U39/><E127/><V66/><F66/><W10/><G10/><T13/><D101/><U128/><E134/><V61/><F124/><W18/><G18/><T29/><REACH who="0" step="1"/><D50/><REACH who="0" ten="240,250,250,250" step="2"/><U68/><E128/><V2/><F102/><W22/><G22/><AGARI ba="0,1" hai="8,13,17,22,25,27,28,29,32,72,74,85,90,94" machi="22" ten="30,5800,0" yaku="1,1,2,1,7,1,53,0" doraHai="33" doraHaiUra="125" who="0" fromWho="3" sc="240,68,250,0,250,0,250,-58" /><INIT seed="0,1,0,3,5,83" ten="308,250,250,192" oya="0" hai0="10,22,64,59,76,18,57,9,4,77,3,106,54" hai1="84,87,69,5,7,12,17,35,6,25,97,116,13" hai2="51,21,82,130,15,85,118,115,16,81,39,124,108" hai3="135,107,113,31,103,131,98,127,119,2,126,28,55"/><T32/><D32/><U26/><E116/><V53/><F115/><W56/><G113/><T104/><D104/><U112/><E69/><V41/><F118/><W114/><G114/><T122/><D106/><U37/><E112/><V24/><F108/><W40/><G119/><T30/><D30/><U86/><E37/><V60/><F124/><N who="3" m="47659" /><G2/><T93/><D122/><U88/><E35/><V71/><F130/><W92/><G131/><T74/><D74/><U38/><E38/><V63/><F71/><W11/><G135/><T96/><D64/><U20/><REACH who="1" step="1"/><E26/><REACH who="1" ten="308,240,250,192" step="2"/><V100/><F24/><W89/><G40/><T111/><D111/><U91/><E91/><V90/><F41/><W129/><G129/><T121/><D121/><U102/><E102/><V49/><F39/><W29/><G11/><T1/><D10/><U0/><E0/><V101/><F101/><W19/><G19/><T62/><D1/><U33/><E33/><V95/><F100/><W36/><G36/><T109/><D109/><U133/><E133/><V34/><F34/><W94/><G89/><N who="0" m="55343" /><D18/><U134/><E134/><V67/><F16/><W80/><G80/><T23/><D23/><U105/><E105/><V58/><F21/><W72/><G72/><T50/><D22/><U8/><E8/><V66/><F15/><W128/><G128/><T73/><D73/><U27/><E27/><V78/><F82/><W44/><G107/><T68/><D68/><U46/><E46/><V117/><F117/><W79/><G44/><T45/><D45/><U75/><E75/><V48/><F90/><W42/><G103/><RYUUKYOKU ba="1,1" sc="308,15,240,15,250,-15,192,-15" hai0="3,4,9,50,54,57,59,62,76,77" hai1="5,6,7,12,13,17,20,25,84,86,87,88,97" /><INIT seed="0,2,1,2,3,74" ten="323,255,235,177" oya="0" hai0="11,88,46,66,37,31,81,120,33,58,52,55,71" hai1="69,15,53,102,45,39,25,109,129,91,115,1,42" hai2="41,70,27,112,98,118,97,125,36,19,124,51,24" hai3="63,117,61,40,121,104,128,7,56,103,64,84,134"/><T60/><D120/><U86/><E1/><V23/><F112/><W126/><G117/><T101/><D101/><U38/><E115/><V96/><F118/><W20/><G128/><T130/><D130/><U116/><E116/><V0/><F70/><W6/><G134/><T111/><D111/><U95/><E109/><V43/><F36/><W28/><G126/><N who="2" m="48745" /><F0/><W29/><G121/><T17/><D33/><U114/><E114/><V26/><F51/><W85/><G40/><AGARI ba="2,1" hai="19,23,24,26,27,40,41,43,96,97,98" m="48745" machi="40" ten="30,1000,0" yaku="18,1" doraHai="74" who="2" fromWho="3" sc="323,0,255,0,235,26,177,-16" /><INIT seed="1,0,0,0,3,16" ten="323,255,261,161" oya="1" hai0="33,31,93,68,5,66,82,26,34,65,18,1,109" hai1="47,6,118,87,128,99,67,13,111,51,53,64,38" hai2="78,62,90,113,20,96,22,102,116,75,79,122,98" hai3="73,126,36,133,35,50,131,41,89,57,132,43,134"/><U58/><E118/><V8/><F122/><W44/><G35/><T84/><D34/><U107/><E128/><V124/><F116/><W83/><G89/><T39/><D39/><U69/><E69/><V32/><F32/><W121/><G83/><T72/><D72/><U42/><E111/><V11/><F124/><W114/><G73/><T81/><D93/><U45/><E87/><V123/><F123/><W7/><G7/><T80/><D84/><U105/><E45/><V52/><F75/><W24/><G24/><T101/><D101/><U130/><E130/><V15/><F90/><W110/><G121/><T49/><D68/><U56/><E56/><N who="2" m="35079" /><F8/><W60/><G131/><T119/><D119/><U125/><E125/><V17/><F113/><W95/><G95/><T27/><D109/><U46/><E46/><V10/><F10/><W85/><G85/><T86/><D86/><U97/><E97/><N who="2" m="37483" /><F102/><W112/><G126/><T0/><D81/><U120/><E120/><V92/><F92/><W104/><G104/><T71/><D71/><U55/><E107/><V74/><F74/><W40/><G110/><T115/><D33/><U103/><REACH who="1" step="1"/><E53/><REACH who="1" ten="323,245,261,161" step="2"/><V129/><F129/><W4/><G36/><T77/><D66/><U30/><E30/><V12/><F22/><W21/><G21/><T88/><D65/><U25/><E25/><V2/><F2/><W106/><G106/><T127/><D0/><U3/><E3/><V76/><F20/><W29/><G29/><T70/><D1/><U91/><E91/><V135/><F15/><W54/><G4/><T19/><D88/><RYUUKYOKU ba="0,1" sc="323,-30,245,10,261,10,161,10" hai1="6,13,38,42,47,51,55,58,64,67,99,103,105" hai2="11,12,17,76,78,79,135" hai3="40,41,43,44,50,54,57,60,112,114,132,133,134" /><INIT seed="1,1,1,5,1,85" ten="293,255,271,171" oya="1" hai0="130,33,106,86,104,109,25,59,101,120,43,97,5" hai1="60,117,1,24,23,77,48,36,52,99,16,96,103" hai2="51,73,44,108,115,131,129,42,71,28,37,53,93" hai3="62,55,119,17,72,49,4,34,112,58,100,32,54"/><U29/><E117/><V7/><F73/><W126/><G112/><T8/><D120/><U118/><E118/><V88/><F115/><W81/><G126/><T128/><D109/><U3/><E36/><V74/><F74/><W105/><G119/><T127/><D127/><U64/><E77/><V94/><F71/><W15/><G4/><T83/><D43/><U66/><E29/><V116/><F116/><W38/><G38/><T69/><D69/><U27/><E27/><V134/><F108/><W79/><G100/><T30/><D59/><U18/><E18/><V0/><F134/><W89/><G105/><T91/><REACH who="0" step="1"/><D104/><REACH who="0" ten="283,255,271,171" step="2"/><U11/><E11/><V57/><F57/><W80/><G54/><T135/><D135/><U12/><E66/><V87/><F53/><W26/><G62/><T47/><D47/><U92/><E99/><V114/><F44/><W68/><G68/><T82/><D82/><U124/><E124/><V70/><F42/><W98/><G80/><T39/><D39/><U35/><E60/><V41/><F70/><W67/><G67/><T46/><D46/><U78/><E64/><V14/><F41/><W121/><G121/><T125/><D125/><U20/><E52/><V13/><F37/><W31/><G58/><T102/><D102/><U19/><E48/><V6/><F51/><W122/><G49/><T75/><D75/><U63/><E63/><V22/><F114/><W65/><G55/><T132/><D132/><U110/><E110/><V2/><F131/><W9/><G122/><T90/><D90/><U21/><E103/><V84/><F88/><RYUUKYOKU ba="1,2" sc="283,30,255,-10,271,-10,171,-10" hai0="5,8,25,30,33,83,86,91,97,101,106,128,130" /><INIT seed="2,2,2,1,0,34" ten="313,245,261,161" oya="2" hai0="135,63,85,66,37,121,39,6,77,60,27,61,68" hai1="71,54,56,109,21,43,128,74,73,92,112,83,132" hai2="14,30,9,45,129,15,25,8,94,115,29,38,20" hai3="131,48,57,124,24,104,4,114,42,65,47,108,28"/><V107/><F107/><W62/><G108/><T126/><D6/><U32/><E112/><V86/><F115/><W84/><G124/><T116/><D27/><U58/><E71/><V10/><F129/><W70/><G131/><T97/><D97/><U123/><E128/><V78/><F30/><W130/><G130/><T16/><D16/><U44/><E32/><V46/><F38/><W95/><G104/><T96/><D96/><U1/><E1/><V31/><F31/><W79/><G114/><T3/><D3/><U110/><E132/><V41/><F41/><W50/><G4/><T87/><D77/><U67/><E123/><V52/><F52/><W133/><G133/><T75/><D75/><U102/><E21/><V105/><F105/><W134/><G134/><T117/><D135/><U18/><E18/><V81/><F94/><W122/><G122/><T113/><D113/><U51/><E67/><V127/><F127/><W111/><G111/><N who="1" m="42506" /><E83/><V59/><F59/><N who="1" m="22569" /><E43/><V36/><F36/><N who="0" m="13898" /><D121/><U119/><E119/><N who="0" m="45641" /><D126/><U49/><E49/><V90/><F78/><W106/><G50/><T118/><D118/><U88/><E102/><V13/><AGARI ba="2,2" hai="8,9,10,13,14,15,20,25,29,45,46,81,86,90" machi="13" ten="30,3000,0" yaku="0,1,8,1" doraHai="34" who="2" fromWho="2" sc="313,-12,245,-12,261,56,161,-12" /><INIT seed="2,3,0,5,0,113" ten="301,233,317,149" oya="2" hai0="12,0,40,30,6,47,60,36,134,9,84,43,55" hai1="22,118,7,105,11,29,97,101,100,135,56,117,49" hai2="65,90,54,28,130,68,122,26,89,126,93,96,41" hai3="104,5,128,81,80,94,82,34,125,112,25,42,3"/><V98/><F122/><W88/><G104/><T127/><D127/><U74/><E74/><V129/><F126/><W77/><G125/><T76/><D134/><U120/><E135/><V91/><F41/><W63/><G128/><N who="2" m="49257" /><F54/><W95/><G112/><T45/><D30/><U17/><E29/><V132/><F132/><W52/><G42/><T67/><D55/><U13/><E120/><V62/><F93/><W116/><G116/><T107/><D107/><U38/><E38/><V19/><F19/><W86/><G95/><T64/><D0/><U48/><E100/><V31/><F31/><W87/><G34/><AGARI ba="3,0" hai="26,28,34,62,65,68,89,90,91,96,98" m="49257" machi="34" ten="30,1500,0" yaku="19,1" doraHai="113" who="2" fromWho="3" sc="301,0,233,0,317,24,149,-24" /><INIT seed="2,4,0,2,4,61" ten="301,233,341,125" oya="2" hai0="14,69,35,32,109,100,46,87,126,30,15,17,40" hai1="20,5,45,114,95,102,10,24,38,85,31,103,16" hai2="70,11,77,82,13,98,21,124,23,66,48,119,55" hai3="19,108,49,72,94,3,127,75,132,80,52,59,54"/><V68/><F119/><W131/><G108/><T39/><D69/><U4/><E114/><V122/><F122/><W116/><G116/><T18/><D100/><U27/><E38/><V104/><F124/><W53/><G127/><T6/><D6/><U90/><E45/><V50/><F50/><W42/><G131/><T117/><D126/><U89/><E89/><V88/><F70/><W125/><G125/><T81/><D117/><U9/><E10/><V22/><F104/><W133/><G3/><T64/><D64/><U112/><E112/><V25/><F66/><W73/><G80/><T26/><D109/><U86/><E86/><V63/><F63/><W28/><G28/><T79/><D14/><U123/><E123/><V83/><F68/><W130/><G130/><T41/><D41/><U84/><E84/><V120/><F25/><W1/><G1/><T36/><D18/><U107/><E107/><V8/><F8/><W135/><G42/><T129/><D129/><U0/><REACH who="1" step="1"/><E4/><REACH who="1" ten="301,223,341,125" step="2"/><N who="2" m="3303" /><F120/><W51/><G94/><T65/><D39/><U105/><E105/><V93/><F77/><W110/><G110/><T99/><D36/><U62/><E62/><V56/><AGARI ba="4,1" hai="21,22,23,48,55,56,82,83,88,93,98" m="3303" machi="56" ten="30,3000,0" yaku="8,1,54,1" doraHai="61" who="2" fromWho="2" sc="301,-14,223,-14,341,52,125,-14" /><INIT seed="2,5,0,1,3,97" ten="287,209,393,111" oya="2" hai0="89,79,16,75,40,96,101,68,121,63,99,42,134" hai1="110,64,2,11,50,115,25,21,26,52,71,116,36" hai2="19,73,56,48,105,95,125,74,135,118,18,54,124" hai3="107,7,28,85,112,93,94,117,33,3,113,69,109"/><V132/><F105/><W45/><G107/><T58/><D68/><U82/><E115/><V8/><F118/><W84/><G69/><T66/><D121/><U44/><E116/><V128/><F128/><W106/><G106/><T78/><D134/><N who="2" m="51242" /><F95/><W24/><G117/><T98/><D89/><U77/><E110/><V114/><F114/><W55/><G109/><T6/><D6/><U130/><E130/><V90/><F90/><W57/><G45/><T13/><D101/><U60/><E36/><V83/><F8/><W103/><G113/><T12/><D12/><U59/><E21/><V86/><F86/><W81/><G112/><T104/><D104/><U65/><E65/><V39/><F39/><W23/><G33/><T127/><D127/><N who="2" m="48714" /><F83/><W92/><G81/><T22/><D75/><AGARI ba="5,0" hai="18,19,48,54,56,73,74,75" m="48714,51242" machi="75" ten="40,3900,0" yaku="20,1,18,1" doraHai="97" who="2" fromWho="0" sc="287,-54,209,0,393,54,111,0" /><INIT seed="2,6,0,1,3,96" ten="233,209,447,111" oya="2" hai0="63,121,33,116,53,92,6,106,80,56,37,57,42" hai1="124,110,111,54,59,18,71,17,72,65,93,1,78" hai2="91,45,104,39,44,108,36,112,46,7,83,85,23" hai3="120,21,135,123,103,16,29,95,15,119,113,74,81"/><V8/><F112/><W48/><G119/><T51/><D106/><U62/><E124/><V88/><F104/><W89/><G135/><T105/><D105/><U19/><E1/><V70/><F70/><W64/><G113/><T87/><D121/><U75/><E93/><V31/><F108/><N who="1" m="41513" /><E78/><V100/><F100/><W5/><G64/><T20/><D33/><U26/><E26/><V133/><F133/><W10/><G29/><T76/><D116/><U67/><E67/><V118/><F118/><W50/><G123/><T114/><D114/><U115/><E115/><V34/><F34/><W128/><G128/><T94/><D37/><U84/><E84/><V98/><F98/><W4/><G4/><T77/><D77/><U55/><E55/><V11/><F91/><W68/><G68/><T30/><D6/><U35/><E35/><V73/><F73/><W25/><G120/><T9/><D9/><U32/><E32/><V0/><REACH who="2" step="1"/><F11/><REACH who="2" ten="233,209,437,111" step="2"/><W22/><G74/><T101/><D101/><U28/><E71/><V61/><F61/><W86/><G22/><T14/><D20/><U2/><E75/><V12/><F12/><W127/><G127/><T49/><D14/><U129/><E72/><V13/><F13/><W125/><G125/><T117/><D117/><U24/><E129/><V41/><F41/><W40/><G40/><T43/><D43/><U90/><E90/><V66/><F66/><W47/><G47/><N who="0" m="25847" /><D63/><U99/><E65/><V58/><F58/><W134/><G134/><T97/><D57/><U107/><E59/><V131/><F131/><W27/><G27/><AGARI ba="6,1" hai="0,7,8,23,27,31,36,39,44,45,46,83,85,88" machi="27" ten="40,7700,0" yaku="1,1,6,1,54,1,53,0" doraHai="96" doraHaiUra="60" who="2" fromWho="3" sc="233,0,209,0,437,105,111,-95" /><INIT seed="2,7,0,1,3,112" ten="233,209,542,16" oya="2" hai0="105,101,39,17,4,93,107,6,86,54,26,62,134" hai1="20,53,59,25,135,69,31,9,118,16,71,21,79" hai2="108,12,19,131,124,1,50,3,55,83,28,24,78" hai3="18,11,5,23,40,127,98,52,117,94,66,77,85"/><V48/><F124/><W89/><G127/><T133/><D39/><U8/><E118/><V99/><F131/><W51/><G66/><T65/><D54/><U76/><E135/><N who="0" m="51721" /><D17/><U14/><E71/><V95/><F108/><W68/><G68/><T84/><D26/><U36/><E69/><V123/><F123/><W63/><G63/><T7/><D93/><U47/><E47/><V42/><F42/><W37/><G37/><T72/><D72/><U45/><E45/><V120/><F120/><W75/><G75/><T130/><D130/><U115/><E115/><V61/><F61/><W91/><G40/><T2/><D2/><U102/><E102/><V113/><F113/><W106/><G117/><T60/><D60/><N who="1" m="35951" /><E36/><V49/><F55/><W73/><G73/><T56/><D101/><U10/><AGARI ba="7,0" hai="8,9,10,14,16,20,21,25,31,76,79" m="35951" machi="10" ten="30,2000,0" yaku="8,1,54,1" doraHai="112" who="1" fromWho="1" sc="233,-12,209,41,542,-17,16,-12" /><INIT seed="3,0,0,4,3,123" ten="221,250,525,4" oya="3" hai0="126,95,11,91,22,81,68,27,16,25,9,94,67" hai1="96,66,8,49,57,36,98,119,89,125,133,101,6" hai2="4,112,80,50,74,24,83,118,30,82,18,37,124" hai3="72,78,100,51,105,1,20,56,29,69,3,45,107"/><W28/><G69/><T92/><D126/><U7/><E36/><V64/><F37/><W42/><G56/><T90/><D68/><U87/><E125/><V54/><F4/><W46/><G20/><N who="0" m="13447" /><D67/><U52/><E133/><V5/><F5/><W61/><G61/><T48/><D48/><U26/><E119/><V0/><F0/><N who="3" m="75" /><G100/><T73/><D73/><U2/><E66/><V38/><F64/><W15/><G15/><T97/><D81/><U88/><E7/><V58/><F38/><W31/><G78/><T102/><D102/><U44/><E26/><V122/><F118/><W41/><G72/><T13/><D13/><U71/><E71/><V128/><F74/><W47/><G51/><T130/><D130/><U62/><E87/><V129/><F124/><W39/><G39/><T19/><D95/><U127/><E127/><V93/><F129/><W117/><G117/><T134/><D134/><U53/><E98/><AGARI ba="0,0" hai="9,11,19,22,27,90,91,92,94,97,98" m="13447" machi="98" ten="30,2000,0" yaku="8,1,54,1" doraHai="123" who="0" fromWho="1" sc="221,20,250,-20,525,0,4,0" owari="241,4.1,230,-17.0,525,62.5,4,-49.6" /></mjloggm>