<mjloggm ver="2.3"><GO type="225" lobby="0"/><UN n0="%E3%81%B5%E3%81%98%E3%81%8B%E3%81%A4" n1="%E3%82%A2%E3%83%BC%E3%83%A2%E3%83%AD%E3%83%BC%E3%83%B4%E3%82%A1" n2="%E3%81%8B%E3%82%8F%E3%81%A1%E3%82%83%E3%82%93%35%38" n3="%72%69%6F%75%63%68%61%6E" dan="16,16,16,16" rate="2147.10,2106.15,2133.40,2134.40" sx="M,M,M,M"/><TAIKYOKU oya="0"/><INIT seed="0,0,0,0,1,108" ten="250,250,250,250" oya="0" hai0="105,134,69,103,93,9,32,77,6,58,100,122,7" hai1="128,114,127,51,109,120,116,71,121,106,44,46,135" hai2="82,119,20,45,94,41,49,17,124,95,129,10,57" hai3="133,102,112,27,81,68,62,117,15,104,64,4,39"/><T59/><D122/><N who="1" m="47211" /><E106/><V26/><F129/><W84/><G112/><T36/><D69/><U43/><E128/><V115/><F124/><W14/><G117/><T42/><D32/><U107/><E107/><V37/><F119/><W47/><G133/><T92/><D134/><U31/><E31/><V5/><F115/><W83/><G4/><T52/><D77/><U118/><E135/><V29/><F37/><W90/><G81/><T89/><D105/><U34/><E34/><V61/><F82/><W65/><G64/><T72/><D72/><U40/><E114/><V60/><F29/><W97/><REACH who="3" step="1"/><G27/><REACH who="3" ten="250,250,250,240" step="2"/><T0/><D7/><U38/><E127/><V76/><F76/><W125/><G125/><T63/><D93/><U87/><E116/><V96/><F95/><W53/><G53/><T88/><D92/><U25/><E25/><V21/><F94/><W80/><G80/><T13/><D0/><U18/><E118/><V35/><F5/><W91/><G91/><T50/><D42/><AGARI ba="0,1" hai="14,15,39,42,47,62,65,68,83,84,90,97,102,104" machi="42" ten="40,1300,0" yaku="1,1,53,0" doraHai="108" doraHaiUra="131" who="3" fromWho="0" sc="250,-13,250,0,250,0,240,23" /><INIT seed="1,0,0,4,3,72" ten="237,250,250,263" oya="1" hai0="108,118,1,14,106,64,116,130,36,69,44,104,18" hai1="73,74,79,25,54,95,7,61,94,87,82,117,71" hai2="40,76,5,127,113,131,13,16,78,28,6,99,38" hai3="49,66,56,135,29,96,51,109,33,92,119,111,11"/><U93/><E117/><V32/><F38/><W114/><G135/><T24/><D1/><U60/><E7/><N who="2" m="2571" /><F32/><W30/><G114/><T43/><D108/><N who="3" m="41545" /><G11/><T46/><D24/><U48/><E25/><V77/><F113/><W63/><G119/><T90/><D130/><U37/><E37/><V89/><F131/><W103/><G33/><T134/><D134/><U59/><REACH who="1" step="1"/><E60/><REACH who="1" ten="237,240,250,263" step="2"/><V124/><F28/><AGARI ba="0,1" hai="28,29,30,49,51,56,63,66,92,96,103" m="41545" machi="28" ten="30,1000,0" yaku="14,1" doraHai="72" who="3" fromWho="2" sc="237,0,240,0,250,-10,263,20" /><INIT seed="2,0,0,1,5,82" ten="237,240,240,283" oya="2" hai0="125,53,78,109,101,21,49,50,34,132,28,11,17" hai1="31,33,25,40,83,20,66,61,48,126,42,69,59" hai2="70,124,112,0,3,1,67,104,56,122,76,10,77" hai3="54,135,89,68,71,120,7,26,55,93,65,94,134"/><V88/><F112/><W74/><G120/><T45/><D109/><U118/><E118/><V8/><F122/><W46/><G74/><T107/><D125/><U37/><E126/><V13/><F124/><W14/><G26/><T73/><D132/><N who="3" m="50729" /><G94/><T119/><D119/><U84/><E33/><V97/><F70/><N who="3" m="26667" /><G65/><T105/><D34/><U15/><E37/><V18/><F10/><N who="3" m="4447" /><G46/><T95/><D28/><U108/><E108/><V85/><F67/><W123/><G123/><T39/><D73/><U81/><E15/><V16/><F56/><W4/><G4/><T30/><D30/><U5/><E5/><V103/><REACH who="2" step="1"/><F18/><REACH who="2" ten="237,240,230,283" step="2"/><W75/><G75/><T2/><D17/><U100/><E69/><V92/><AGARI ba="0,1" hai="0,1,3,8,13,16,76,77,85,88,92,97,103,104" machi="92" ten="30,18000,2" yaku="1,1,2,1,0,1,52,1,54,2,53,0" doraHai="82" doraHaiUra="117" who="2" fromWho="2" sc="237,-60,240,-60,230,190,283,-60" /><INIT seed="2,1,0,2,2,66" ten="177,180,420,223" oya="2" hai0="59,2,0,82,71,85,4,81,31,30,35,42,111" hai1="49,44,78,118,39,52,24,43,69,84,22,63,100" hai2="50,37,15,89,7,55,91,54,93,8,62,112,86" hai3="120,72,74,5,3,99,115,67,27,121,135,38,134"/><V36/><F112/><W104/><G38/><T94/><D111/><U70/><E118/><V119/><F119/><W14/><G14/><T95/><D42/><U32/><E32/><V13/><F62/><W123/><G67/><T12/><D12/><U47/><E100/><V45/><F55/><W11/><G27/><T75/><D75/><N who="3" m="28713" /><G115/><T108/><D85/><U88/><E78/><V48/><F48/><W116/><G116/><T20/><D35/><U87/><E63/><V68/><F68/><W17/><G17/><T10/><D71/><U90/><E84/><V77/><F13/><W51/><G51/><T114/><D114/><U65/><E65/><V124/><F15/><W19/><G19/><T117/><D117/><U106/><E106/><V122/><F8/><W58/><G58/><T96/><D0/><U40/><E40/><V25/><F25/><W26/><G26/><N who="0" m="16711" /><D59/><U56/><E56/><V109/><F45/><W107/><G99/><T131/><D108/><U29/><E90/><V101/><F54/><W28/><G28/><T126/><D31/><U18/><E29/><V41/><F7/><W113/><G113/><T64/><D64/><U21/><E22/><V97/><F109/><W73/><N who="3" m="28721" /><W125/><DORA hai="129" /><G125/><T60/><D126/><U79/><E79/><V103/><F50/><W132/><AGARI ba="1,0" hai="3,5,11,104,107,120,121,123,132,134,135" m="28721" machi="132" ten="60,8000,1" yaku="20,1,23,1,52,3" doraHai="66,129" who="3" fromWho="3" sc="177,-21,180,-21,420,-41,223,83" /><INIT seed="3,0,0,5,0,52" ten="156,159,379,306" oya="3" hai0="56,1,95,111,9,100,102,78,88,65,123,22,104" hai1="41,82,14,103,81,80,116,24,99,122,39,101,25" hai2="43,112,40,3,8,32,134,93,21,53,6,18,46" hai3="110,74,71,113,28,131,92,108,19,125,27,76,90"/><W68/><G113/><T91/><D123/><U120/><E116/><V42/><F112/><W79/><G19/><T59/><D104/><U72/><E72/><V94/><F32/><W135/><G131/><T106/><D106/><U5/><E39/><V47/><F134/><W126/><G135/><T77/><D111/><N who="3" m="42537" /><G74/><T87/><D1/><U66/><E41/><V84/><F53/><W124/><G76/><N who="0" m="29291" /><D9/><N who="1" m="4399" /><E122/><V54/><F54/><W10/><G79/><T121/><D121/><U7/><E120/><V105/><F105/><W60/><G10/><T20/><D91/><U73/><E73/><V17/><F17/><W48/><G60/><N who="0" m="38023" /><D59/><U133/><E133/><V23/><F6/><W114/><G48/><T89/><D89/><U85/><E7/><V107/><F18/><W128/><G114/><T55/><D55/><U67/><E85/><V109/><F8/><W132/><G128/><T61/><D61/><U50/><E50/><V4/><F109/><W63/><G63/><T30/><D30/><U37/><E37/><V12/><F4/><W51/><G51/><T86/><D86/><U130/><E130/><V129/><F12/><W13/><G13/><T117/><D117/><U45/><E45/><V96/><F129/><W44/><G44/><T118/><D118/><U29/><E29/><V97/><F47/><W2/><G2/><T33/><D33/><U38/><E38/><V98/><F46/><W58/><G132/><T119/><D119/><U35/><E35/><V26/><F3/><W64/><G28/><T115/><D115/><U75/><E75/><V70/><F42/><RYUUKYOKU ba="0,0" sc="156,30,159,-10,379,-10,306,-10" hai0="20,22,87,88,95,100,102" owari="186,-21.4,149,-35.1,369,46.9,296,9.6" /></mjloggm>