<mjloggm ver="2.3"><GO type="225" lobby="0"/><UN n0="%6D%75%75%6D%75%72%61" n1="%E6%80%AA%E3%81%97%E3%81%99%E3%81%8E%E3%82%8B%E3%83%81%E3%83%BC" n2="%E3%81%B7%E3%82%8A%E3%82%93%E8%81%96%E4%BA%BA" n3="%E5%84%AA%40%41%42%43" dan="17,16,16,17" rate="2204.12,2141.59,2121.29,2204.00" sx="F,M,M,M"/><TAIKYOKU oya="0"/><INIT seed="0,0,0,5,3,106" ten="250,250,250,250" oya="0" hai0="84,124,76,128,57,12,65,113,116,30,19,83,105" hai1="27,52,42,38,88,11,134,74,99,66,77,58,82" hai2="89,36,68,101,126,16,2,5,24,40,98,62,114" hai3="87,8,9,123,4,78,32,97,93,1,115,75,0"/><T28/><D113/><U117/><E117/><V10/><F10/><W39/><G115/><T81/><D116/><U133/><E66/><V29/><F126/><W127/><G127/><T80/><D124/><U86/><E99/><V26/><F5/><W41/><G123/><T46/><D105/><U73/><E11/><V60/><F89/><W125/><G125/><T91/><D128/><U102/><E27/><V129/><F2/><N who="3" m="23" /><G87/><T18/><D46/><N who="1" m="23895" /><E77/><V130/><F62/><W70/><G32/><T112/><D112/><U111/><E102/><V7/><F7/><N who="3" m="1255" /><G93/><N who="0" m="54503" /><D76/><U61/><E111/><V44/><F114/><W25/><G25/><T22/><D19/><U50/><E50/><V23/><F68/><W13/><G13/><T59/><D65/><U49/><E49/><V131/><F60/><W14/><G97/><T110/><D110/><U53/><E53/><V20/><REACH who="2" step="1"/><F129/><REACH who="2" ten="250,250,240,250" step="2"/><W118/><G118/><T79/><D79/><U108/><E108/><V107/><AGARI ba="0,1" hai="16,20,23,24,26,29,36,40,44,98,101,107,130,131" machi="107" ten="30,8000,1" yaku="1,1,2,1,0,1,54,1,53,1" doraHai="106" doraHaiUra="71" who="2" fromWho="2" sc="250,-40,250,-20,240,90,250,-20" /><INIT seed="1,0,0,0,3,118" ten="210,230,330,230" oya="1" hai0="98,57,90,111,67,33,96,134,130,86,46,8,47" hai1="95,50,25,77,63,68,42,112,24,7,40,49,132" hai2="44,107,71,120,121,0,64,26,11,14,84,104,51" hai3="20,60,129,122,2,80,30,21,52,116,22,3,75"/><U72/><E112/><V39/><F39/><W82/><G116/><T117/><D117/><U41/><E132/><V115/><F0/><N who="3" m="43" /><G75/><T113/><D113/><U92/><E7/><V10/><F115/><W1/><N who="3" m="51" /><W103/><DORA hai="9" /><G103/><T106/><D134/><U123/><E123/><V59/><F71/><W48/><G60/><T125/><D111/><U126/><E126/><V135/><F135/><W100/><G100/><T76/><D125/><U74/><E77/><V91/><F10/><W29/><G48/><N who="1" m="18538" /><E63/><V65/><F26/><N who="1" m="10345" /><E68/><V114/><F114/><W35/><G52/><T83/><D130/><U89/><E89/><V133/><F133/><W23/><N who="3" m="5120" /><DORA hai="78" /><W43/><G43/><T36/><D33/><U119/><E119/><V55/><F104/><W13/><G13/><T58/><D36/><U88/><E88/><V79/><F79/><W62/><G62/><N who="0" m="38351" /><D106/><U101/><E101/><V34/><F34/><W28/><G35/><T85/><D8/><U16/><E16/><N who="2" m="8287" /><F107/><W27/><G27/><T93/><D58/><U17/><E17/><V18/><F18/><W69/><G69/><T81/><D93/><AGARI ba="0,0" hai="40,41,42,72,74,92,93,95" m="10345,18538" machi="93" ten="30,2900,0" yaku="28,2" doraHai="118,9,78" who="1" fromWho="0" sc="210,-29,230,29,330,0,230,0" /><INIT seed="1,1,0,3,3,42" ten="181,259,330,230" oya="1" hai0="54,127,97,39,98,94,5,10,124,109,102,82,3" hai1="7,38,29,77,107,41,2,40,48,76,95,130,18" hai2="51,44,114,90,129,128,58,52,79,14,132,74,75" hai3="96,57,13,131,8,17,89,35,110,28,108,103,119"/><U115/><E107/><V72/><F132/><W69/><G69/><T73/><D109/><N who="3" m="42089" /><G131/><N who="2" m="50249" /><F114/><W31/><G119/><T1/><D1/><U34/><E130/><V120/><F120/><W24/><G57/><T59/><D39/><U68/><E115/><V32/><F32/><W65/><G65/><T62/><REACH who="0" step="1"/><D97/><REACH who="0" ten="171,259,330,230" step="2"/><U66/><E38/><V64/><F79/><AGARI ba="1,1" hai="3,5,10,54,59,62,73,79,82,94,98,102,124,127" machi="79" ten="40,5200,0" yaku="1,1,2,1,53,1" doraHai="42" doraHaiUra="33" who="0" fromWho="2" sc="171,65,259,0,330,-55,230,0" /><INIT seed="2,0,0,1,2,88" ten="236,259,275,230" oya="2" hai0="43,26,14,131,98,16,95,130,57,7,121,81,104" hai1="82,20,127,107,53,1,48,105,56,65,62,63,9" hai2="110,116,129,55,109,58,47,24,132,64,108,13,70" hai3="50,46,83,72,0,100,93,119,39,67,106,133,11"/><V60/><F116/><W38/><G119/><T31/><D121/><U99/><E127/><V117/><F117/><W78/><G133/><T23/><D104/><U91/><E20/><V118/><F118/><W34/><G34/><T6/><D43/><U94/><E82/><V12/><F132/><W40/><G106/><T45/><D45/><U73/><E62/><V4/><F47/><W8/><G67/><T77/><D57/><U32/><E32/><V114/><F114/><W128/><G128/><N who="0" m="49195" /><D81/><U17/><E73/><V54/><F129/><W113/><G113/><T85/><D85/><U111/><E111/><V120/><F120/><W89/><G100/><N who="0" m="60511" /><D77/><U51/><E51/><V33/><F4/><W115/><G115/><T79/><D79/><U125/><E125/><V102/><F102/><W124/><G124/><T22/><AGARI ba="0,0" hai="6,7,14,16,22,23,26,31" m="60511,49195" machi="22" ten="30,4000,0" yaku="19,1,52,1,54,1" doraHai="88" who="0" fromWho="0" sc="236,40,259,-10,275,-20,230,-10" /><INIT seed="3,0,0,5,4,97" ten="276,249,255,220" oya="3" hai0="7,113,128,44,102,42,124,18,13,20,39,47,130" hai1="70,133,52,110,10,68,26,71,81,121,106,66,123" hai2="109,116,43,49,21,94,129,111,65,6,29,25,41" hai3="107,72,75,34,99,117,40,45,63,95,5,96,98"/><W15/><G117/><T90/><D124/><U84/><E106/><V91/><F116/><W16/><G34/><T22/><D7/><U59/><E66/><V55/><F65/><W135/><G5/><T67/><D113/><U77/><E110/><V64/><F64/><W122/><G122/><T88/><D47/><U131/><E133/><V8/><F129/><N who="0" m="49770" /><D22/><U33/><E131/><V118/><F118/><W120/><G120/><T2/><D2/><U82/><E82/><V112/><F112/><W11/><G135/><T74/><D74/><U30/><REACH who="1" step="1"/><E10/><REACH who="1" ten="276,239,255,220" step="2"/><V86/><F109/><W54/><G107/><T14/><D67/><U24/><E24/><V12/><REACH who="2" step="1"/><F111/><REACH who="2" ten="276,239,245,220" step="2"/><W46/><G75/><T108/><D108/><U50/><AGARI ba="0,2" hai="26,30,33,50,52,59,68,70,71,77,81,84,121,123" machi="50" ten="30,7900,0" yaku="1,1,0,1,54,1,53,1" doraHai="97" doraHaiUra="23" who="1" fromWho="1" sc="276,-20,239,99,245,-20,220,-39" owari="256,5.6,338,43.8,225,-17.5,181,-31.9" /></mjloggm>