<mjloggm ver="2.3"><GO type="225" lobby="0"/><UN n0="%E5%A4%9C%E5%85%89%E5%A4%A9%E6%A5%BC" n1="%E3%83%AD%E3%83%83%E3%83%86%E9%9B%80%E7%90%83" n2="%E6%98%BC%E4%B8%8B%E3%81%8C%E3%82%8A%E3%81%AE%E5%9B%A3%E5%9C%B0%E5%A6%BB" n3="%E3%81%BF%E3%81%BF%E3%81%9A" dan="17,16,16,18" rate="2143.70,2153.73,2167.26,2259.50" sx="M,M,F,M"/><TAIKYOKU oya="0"/><INIT seed="0,0,0,2,1,28" ten="250,250,250,250" oya="0" hai0="5,64,36,14,16,130,46,97,50,20,15,133,92" hai1="57,45,112,81,25,70,129,73,2,0,56,111,66" hai2="102,121,94,68,127,107,119,109,95,88,49,67,44" hai3="17,85,34,52,13,105,35,123,54,78,99,83,4"/><T115/><D115/><U18/><E70/><V23/><F121/><W59/><G4/><T1/><D130/><U62/><E129/><V75/><F75/><W87/><G123/><T19/><D133/><U33/><E112/><V110/><F127/><W6/><G6/><T9/><D64/><U106/><E106/><V131/><F131/><W65/><G65/><T60/><D60/><U72/><E111/><N who="2" m="42507" /><F119/><W27/><G27/><T122/><D36/><U93/><E57/><V80/><F23/><W21/><G87/><T3/><D5/><U101/><E45/><V120/><F120/><W7/><G7/><T61/><D61/><U114/><E114/><V135/><F135/><W55/><REACH who="3" step="1"/><G59/><REACH who="3" ten="250,250,250,240" step="2"/><T29/><D122/><U91/><E56/><V90/><F67/><W118/><G118/><T30/><D3/><U41/><E25/><V126/><F68/><W12/><G12/><T48/><D1/><U40/><E0/><V117/><F117/><W42/><G42/><N who="0" m="24663" /><D50/><U98/><E2/><V77/><F49/><W51/><G51/><T128/><D128/><U69/><E66/><V31/><F126/><W113/><G113/><T58/><D58/><U24/><E41/><V116/><F116/><W38/><G38/><T11/><D9/><U63/><E40/><V74/><F74/><W37/><G37/><T22/><D11/><U53/><E69/><V100/><F44/><W76/><G76/><T39/><D39/><U8/><E72/><V89/><F77/><W108/><G108/><T32/><D32/><U84/><E33/><V124/><F124/><W26/><G26/><RYUUKYOKU ba="0,1" sc="250,15,250,-15,250,-15,240,15" hai0="14,15,16,19,20,22,29,30,92,97" hai3="13,17,21,34,35,52,54,55,78,83,85,99,105" /><INIT seed="0,1,1,4,4,63" ten="265,235,235,255" oya="0" hai0="32,128,11,26,64,71,4,115,122,103,40,15,69" hai1="65,2,73,95,12,81,44,55,52,84,97,110,28" hai2="75,121,53,33,54,105,47,87,16,14,120,94,102" hai3="30,38,18,29,134,59,67,124,31,101,98,48,106"/><T19/><D115/><U60/><E2/><V35/><F75/><W83/><G38/><T39/><D122/><U114/><E73/><V10/><F105/><W126/><G134/><T129/><D103/><U72/><E72/><V66/><F66/><W6/><G6/><T131/><D64/><U104/><E104/><V112/><F112/><W79/><G18/><T70/><D40/><U74/><E74/><V80/><F35/><W68/><G68/><T109/><D39/><U27/><E12/><V113/><F33/><W89/><G79/><T62/><D109/><U93/><E110/><V46/><F113/><W133/><G133/><T8/><D62/><U7/><E7/><V123/><F94/><N who="1" m="35849" /><E97/><V17/><F102/><W58/><G48/><T77/><D77/><N who="1" m="46127" /><E44/><V9/><F47/><W13/><G13/><N who="0" m="7615" /><D71/><U24/><E114/><V37/><F10/><W117/><G117/><T135/><D135/><U45/><E28/><AGARI ba="1,1" hai="4,8,15,26,28,32,69,70,128,129,131" m="7615" machi="28" ten="30,1500,0" yaku="19,1" doraHai="63" who="0" fromWho="1" sc="265,28,235,-18,235,0,255,0" /><INIT seed="0,2,0,5,2,15" ten="293,217,235,255" oya="0" hai0="120,71,16,34,115,43,27,3,61,73,45,119,92" hai1="111,6,29,95,14,4,107,13,81,105,25,108,40" hai2="54,121,102,67,5,30,35,21,110,19,72,118,78" hai3="62,114,99,129,26,89,85,36,124,86,65,41,74"/><T8/><D115/><U51/><E95/><V37/><F121/><W23/><G74/><T50/><D120/><U128/><E81/><V46/><F110/><N who="1" m="42025" /><E51/><V10/><F67/><W11/><G114/><T109/><D109/><U90/><E90/><V39/><F102/><W130/><G124/><T2/><D119/><U48/><E48/><V77/><F118/><W24/><G11/><T68/><D73/><U123/><E40/><V47/><F54/><W127/><G127/><T9/><D61/><U44/><E44/><V96/><F96/><W0/><G0/><T100/><D68/><U112/><E123/><V18/><F72/><W82/><G99/><T113/><D71/><U88/><E88/><V38/><F35/><W104/><G86/><T57/><D57/><U93/><E93/><V117/><F117/><W101/><G41/><T58/><D58/><U126/><E126/><V17/><F30/><W56/><G36/><T69/><D69/><U66/><E66/><V79/><F21/><W1/><G1/><AGARI ba="2,0" hai="1,5,10,17,18,19,37,38,39,46,47,77,78,79" machi="1" ten="50,8000,1" yaku="29,2,52,3" doraHai="15" who="2" fromWho="3" sc="293,0,217,0,235,86,255,-86" /><INIT seed="1,0,0,4,4,68" ten="293,217,321,169" oya="1" hai0="119,23,17,10,28,98,26,110,1,30,14,91,105" hai1="130,40,39,64,41,92,70,122,81,90,87,102,86" hai2="12,125,72,128,32,109,133,24,100,120,4,27,97" hai3="106,46,38,111,124,104,116,33,75,45,93,114,65"/><U61/><E122/><V69/><F120/><W132/><RYUUKYOKU type="yao9" ba="0,0" sc="293,0,217,0,321,0,169,0" hai3="33,38,45,46,65,75,93,104,106,111,114,116,124,132" /><INIT seed="1,1,0,3,1,108" ten="293,217,321,169" oya="1" hai0="3,64,26,6,109,85,95,107,96,14,39,111,62" hai1="119,113,20,54,10,99,117,67,21,92,76,1,83" hai2="23,49,45,82,84,115,57,122,63,132,35,2,135" hai3="12,104,11,81,124,53,71,68,121,50,105,5,59"/><U131/><E131/><V123/><F35/><W52/><G121/><T116/><D116/><U127/><E127/><V133/><F2/><W0/><G124/><T4/><D39/><U126/><E126/><V27/><F115/><W31/><G31/><T87/><D107/><U94/><E113/><V56/><F45/><W130/><G130/><T46/><D26/><U9/><E67/><V19/><F49/><W103/><G81/><T32/><D14/><U110/><E54/><N who="2" m="34199" /><F57/><W22/><G104/><T75/><D75/><U58/><E58/><V106/><F106/><W40/><G40/><T101/><D46/><U98/><E83/><V24/><F27/><W79/><G79/><AGARI ba="1,0" hai="19,23,24,79,82,84,122,123,132,133,135" m="34199" machi="79" ten="30,1000,0" yaku="20,1" doraHai="108" who="2" fromWho="3" sc="293,0,217,0,321,13,169,-13" /><INIT seed="2,0,0,1,1,13" ten="293,217,334,156" oya="2" hai0="22,117,96,5,86,93,54,56,62,39,119,78,63" hai1="68,116,57,33,66,98,43,111,114,29,36,11,48" hai2="75,118,127,109,102,8,69,67,58,60,31,46,91" hai3="108,134,9,17,38,70,37,0,19,103,2,20,61"/><V79/><F118/><N who="0" m="45066" /><D39/><U121/><E11/><V10/><F127/><W88/><G103/><T80/><D5/><U53/><E98/><V12/><F102/><W7/><G0/><T90/><D22/><U130/><E29/><V101/><F101/><W110/><G134/><T94/><D94/><U14/><E14/><V47/><F31/><W6/><G6/><T34/><D63/><N who="1" m="40031" /><E33/><AGARI ba="0,0" hai="33,34,54,56,62,78,80,86,90,93,96" m="45066" machi="33" ten="30,1000,0" yaku="12,1" doraHai="13" who="0" fromWho="1" sc="293,10,217,-10,334,0,156,0" /><INIT seed="3,0,0,3,4,39" ten="303,207,334,156" oya="3" hai0="100,122,40,73,12,30,116,80,86,9,102,127,82" hai1="17,68,108,0,115,42,8,67,71,91,59,132,28" hai2="106,55,14,84,36,2,78,120,52,65,38,72,43" hai3="92,5,60,90,107,101,33,24,114,81,47,46,41"/><W4/><G114/><T133/><D116/><U56/><E115/><V104/><F2/><W26/><G107/><T19/><D122/><U129/><E108/><V130/><F65/><W48/><G101/><T64/><D133/><U18/><E132/><V22/><F72/><W13/><G81/><T32/><D64/><U34/><E129/><V98/><F130/><W29/><G60/><T125/><D73/><U3/><E91/><V27/><F14/><W110/><G110/><T57/><D57/><U124/><E124/><N who="0" m="47689" /><D82/><U93/><E93/><V54/><F120/><W111/><G111/><T50/><D30/><U126/><E126/><V35/><F106/><W99/><G24/><T131/><D32/><U45/><E28/><V44/><F35/><W77/><G77/><N who="0" m="46351" /><D131/><U53/><E53/><V20/><F55/><W37/><REACH who="3" step="1"/><G13/><REACH who="3" ten="303,207,334,146" step="2"/><T79/><D79/><U83/><E83/><V15/><F15/><W135/><G135/><T51/><D102/><U134/><E134/><V61/><F78/><W128/><G128/><T70/><D100/><U105/><E105/><V11/><F104/><W119/><G119/><T6/><D12/><U123/><E0/><V118/><F118/><W103/><G103/><T16/><D9/><U58/><E3/><V94/><F11/><W76/><G76/><T31/><D6/><U87/><E8/><V97/><F61/><W113/><G113/><T10/><D10/><U75/><E75/><V1/><F1/><W25/><G25/><T66/><D70/><U96/><E71/><V74/><F27/><W95/><G95/><T121/><D121/><RYUUKYOKU ba="0,1" sc="303,-10,207,-10,334,-10,146,30" hai3="4,5,26,29,33,37,41,46,47,48,90,92,99" /><INIT seed="3,1,1,4,4,0" ten="293,197,324,176" oya="3" hai0="115,116,50,96,74,27,78,132,129,12,51,98,42" hai1="69,131,102,105,126,3,35,6,14,40,103,76,53" hai2="111,11,112,122,26,59,109,8,19,71,107,34,48" hai3="119,92,82,16,113,95,91,29,79,28,32,49,108"/><W123/><G119/><T106/><D116/><U47/><E35/><V81/><F71/><W130/><G113/><T67/><D67/><U93/><E105/><V77/><F107/><W17/><G123/><T24/><D115/><U97/><E3/><V39/><F39/><W63/><G130/><T23/><D129/><U125/><E69/><V9/><F112/><W54/><G63/><T100/><D132/><U60/><E131/><V2/><F122/><W52/><G108/><N who="2" m="41545" /><F2/><W80/><G32/><T124/><D124/><N who="1" m="47723" /><E76/><V5/><F5/><W62/><G62/><T87/><D96/><U73/><E73/><N who="2" m="43183" /><F59/><W135/><G79/><T20/><D12/><U120/><E120/><V114/><F114/><W31/><G135/><T56/><D42/><U46/><E40/><V127/><F127/><W104/><G104/><T25/><D74/><U121/><E103/><V1/><F1/><W44/><G54/><T110/><D110/><U72/><E72/><V90/><F90/><W4/><G4/><T57/><D87/><U70/><E121/><V133/><F133/><W118/><G118/><T37/><D37/><U10/><E53/><V58/><F34/><W41/><G41/><T43/><D78/><U13/><E13/><N who="2" m="7591" /><F26/><W86/><REACH who="3" step="1"/><G80/><REACH who="3" ten="293,197,324,166" step="2"/><T117/><D43/><U83/><E83/><V7/><F7/><W22/><G22/><N who="0" m="8235" /><D117/><U38/><E38/><V85/><F9/><W75/><G75/><T33/><D33/><U94/><E94/><AGARI ba="1,2" hai="16,17,28,29,31,44,49,52,82,86,91,92,94,95" machi="94" ten="40,12000,1" yaku="1,1,8,1,54,2,53,0" doraHai="0" doraHaiUra="30" who="3" fromWho="1" sc="293,0,197,-123,324,0,166,143" /><INIT seed="3,2,0,0,3,129" ten="293,74,324,309" oya="3" hai0="122,27,3,63,105,95,21,103,28,67,71,38,5" hai1="16,8,68,76,125,66,92,104,65,45,13,25,22" hai2="128,132,86,99,117,135,126,91,14,51,19,11,23" hai3="89,17,113,43,44,52,33,98,30,12,121,88,134"/><W130/><G113/><T24/><D122/><U114/><E125/><V49/><F128/><W106/><G121/><T56/><D38/><U85/><E114/><V78/><F117/><W94/><G130/><T4/><D3/><U77/><E104/><V100/><F78/><W127/><G127/><T107/><D71/><U46/><E68/><V1/><F126/><W83/><G134/><N who="2" m="51241" /><F1/><W74/><G106/><N who="0" m="40459" /><D27/><U81/><E77/><V9/><F99/><AGARI ba="2,0" hai="4,5,21,24,28,56,63,67,95,99,103" m="40459" machi="99" ten="30,1000,0" yaku="25,1" doraHai="129" who="0" fromWho="2" sc="293,16,74,0,324,-16,309,0" owari="309,40.9,74,-42.6,308,-9.2,309,10.9" /></mjloggm>