<mjloggm ver="2.3"><GO type="225" lobby="0"/><UN n0="%28%EF%BF%A3%E2%96%BD%EF%BF%A3%29%CE%B4%E2%8C%92%E3%83%BB" n1="%E4%BA%BA%E9%96%93%E3%83%81%E3%83%A3%E3%83%BC%E3%83%8F%E3%83%B3" n2="%72%69%6F%75%63%68%61%6E" n3="%E3%81%BF%E3%81%BF%E3%81%9A" dan="16,16,16,18" rate="2131.38,2156.02,2237.98,2215.06" sx="M,M,M,M"/><TAIKYOKU oya="0"/><INIT seed="0,0,0,0,0,118" ten="250,250,250,250" oya="0" hai0="97,64,84,132,1,60,65,36,101,21,14,110,68" hai1="8,59,108,85,4,134,12,109,23,55,88,113,22" hai2="42,58,127,104,62,123,90,74,27,81,53,87,38" hai3="112,50,57,49,124,28,135,24,92,63,119,115,102"/><T10/><D36/><U121/><E113/><V122/><F127/><W35/><G119/><T133/><D110/><N who="1" m="42603" /><E134/><N who="0" m="51817" /><D65/><U39/><E39/><V2/><F104/><W111/><G135/><T5/><D84/><U107/><E107/><V13/><F2/><W52/><G111/><T51/><D51/><N who="1" m="31231" /><E121/><V40/><F74/><W7/><G124/><T82/><D82/><AGARI ba="0,0" hai="4,8,12,22,23,82,85,88" m="31231,42603" machi="82" ten="30,2000,0" yaku="14,1,54,1" doraHai="118" who="1" fromWho="0" sc="250,-20,250,20,250,0,250,0" /><INIT seed="1,0,0,3,2,90" ten="230,270,250,250" oya="1" hai0="60,27,120,86,43,69,15,33,112,115,51,42,70" hai1="105,58,101,128,95,73,52,93,40,71,116,77,19" hai2="35,129,44,47,111,96,63,17,6,45,22,85,106" hai3="24,50,3,9,127,99,89,72,57,130,1,98,102"/><U48/><E116/><V20/><F111/><W84/><G72/><T81/><D15/><U76/><E71/><N who="0" m="27145" /><D86/><U91/><E128/><V13/><F129/><W36/><G36/><T59/><D81/><U37/><E105/><V29/><F35/><W124/><G130/><T113/><D27/><U64/><E73/><V114/><F114/><N who="0" m="29186" /><T103/><DORA hai="88" /><D103/><U100/><E64/><V119/><F119/><W75/><G75/><T5/><D5/><U122/><E122/><V134/><F134/><W46/><G57/><T38/><D33/><U53/><E53/><V28/><F63/><W30/><G9/><T7/><D7/><U108/><E108/><V2/><F22/><N who="3" m="15639" /><G1/><T12/><D12/><U131/><E131/><V125/><F125/><N who="3" m="48203" /><G102/><N who="1" m="39530" /><E37/><V41/><F2/><W121/><G3/><T54/><D120/><U82/><E40/><N who="0" m="15401" /><D38/><U74/><E74/><V49/><F106/><W135/><G121/><T18/><D18/><U10/><E82/><V97/><F6/><W65/><G135/><T110/><D110/><U123/><E123/><V87/><F28/><W80/><G99/><N who="2" m="37961" /><F29/><W117/><G98/><T11/><D11/><U68/><E10/><V8/><F8/><W92/><G117/><T133/><D133/><U126/><E19/><V25/><F13/><W56/><G80/><T83/><D83/><U104/><E126/><V31/><F17/><W107/><G107/><T34/><D34/><U79/><E104/><V4/><F4/><W0/><G0/><T39/><D39/><U118/><E118/><V67/><F31/><W132/><G132/><T62/><AGARI ba="0,0" hai="51,54,59,60,62" m="15401,29186,27145" machi="62" ten="50,6400,0" yaku="5,1,34,2" doraHai="90,88" who="0" fromWho="0" sc="230,64,270,-32,250,-16,250,-16" /><INIT seed="2,0,0,5,0,44" ten="294,238,234,234" oya="2" hai0="73,7,50,30,25,69,1,107,121,82,59,104,133" hai1="10,81,129,21,15,12,109,89,66,74,110,79,105" hai2="55,108,11,75,135,2,127,95,36,68,58,33,67" hai3="80,65,94,53,128,63,52,17,8,46,132,97,49"/><V72/><F33/><W96/><G128/><T27/><D69/><U40/><E129/><V99/><F127/><W83/><G132/><T29/><D133/><U78/><E105/><V120/><F120/><W124/><G124/><T4/><D121/><U43/><E66/><V3/><F135/><W117/><G117/><T106/><D73/><U18/><E79/><V131/><F131/><W56/><G97/><T86/><D1/><U0/><E0/><V102/><F36/><W123/><G123/><T134/><D134/><U92/><E43/><V71/><F2/><W103/><G65/><T23/><D50/><U112/><E40/><V37/><F37/><W20/><G8/><T119/><D59/><U91/><E112/><V16/><F108/><N who="1" m="41577" /><E92/><V51/><F3/><W122/><G122/><T90/><REACH who="0" step="1"/><D119/><REACH who="0" ten="284,238,234,234" step="2"/><U32/><E32/><AGARI ba="0,1" hai="4,7,23,25,27,29,30,32,82,86,90,104,106,107" machi="32" ten="40,5200,0" yaku="1,1,2,1,53,1" doraHai="44" doraHaiUra="87" who="0" fromWho="1" sc="284,62,238,-52,234,0,234,0" /><INIT seed="3,0,0,2,4,9" ten="346,186,234,234" oya="3" hai0="56,5,86,100,57,58,101,66,15,47,126,21,87" hai1="43,10,27,38,108,11,90,41,62,33,72,67,50" hai2="49,23,30,24,133,115,7,51,114,73,74,29,118" hai3="130,94,93,25,82,65,91,8,17,109,44,16,125"/><W36/><G125/><T110/><D110/><U55/><E72/><V79/><F118/><W116/><G116/><T6/><D126/><U0/><E108/><V117/><F117/><W135/><G109/><T61/><D47/><U35/><E90/><V78/><F7/><N who="0" m="2570" /><D61/><U131/><E131/><V37/><F23/><N who="3" m="13543" /><G36/><T111/><D66/><U28/><E0/><V26/><F133/><W52/><G65/><T75/><D75/><U3/><E3/><V106/><F106/><W132/><G130/><T83/><D111/><U128/><E128/><V96/><F96/><W40/><G40/><T76/><D87/><U92/><E35/><V54/><F54/><W103/><G103/><T12/><D12/><U99/><E41/><V69/><F37/><W60/><G135/><T42/><D42/><U45/><E92/><V14/><F14/><N who="3" m="7367" /><G132/><T39/><D39/><U68/><REACH who="1" step="1"/><E99/><REACH who="1" ten="346,176,234,234" step="2"/><V107/><F74/><W31/><G91/><N who="0" m="51679" /><D101/><U1/><E1/><V119/><F73/><W19/><G94/><T80/><D100/><U102/><E102/><V134/><F134/><W85/><G93/><T34/><D76/><U122/><E122/><V70/><F119/><W124/><G124/><T63/><D34/><U46/><AGARI ba="0,1" hai="10,11,27,28,33,38,43,45,46,50,55,62,67,68" machi="46" ten="20,2700,0" yaku="1,1,0,1,7,1,53,0" doraHai="9" doraHaiUra="121" who="1" fromWho="1" sc="346,-7,176,37,234,-7,234,-13" owari="339,43.9,213,-28.7,227,2.7,221,-17.9" /></mjloggm>