<mjloggm ver="2.3"><GO type="225" lobby="0"/><UN n0="%E3%83%A9%E3%83%B3%E3%83%8A%E3%83%BC%E3%83%A9%E3%83%B3%E3%83%8A%E3%83%BC" n1="%48%61%61%61%6C%61%6E%64" n2="%E7%B4%94%E6%BD%94%E3%83%94%E3%83%A9%E3%83%8B%E3%82%A2" n3="%E3%80%90%E8%92%BC%E7%90%89%E3%80%91" dan="17,17,16,16" rate="2181.10,2231.17,2086.05,2121.13" sx="M,M,M,F"/><TAIKYOKU oya="0"/><INIT seed="0,0,0,0,5,81" ten="250,250,250,250" oya="0" hai0="28,70,71,88,91,112,48,114,22,39,83,50,99" hai1="103,45,69,63,29,77,3,79,118,100,33,129,73" hai2="85,127,8,110,31,53,37,95,67,1,105,57,84" hai3="93,35,64,130,24,61,58,72,23,41,134,21,116"/><T104/><D39/><U5/><E118/><V119/><F105/><W14/><G72/><T94/><D104/><U115/><E129/><V51/><F110/><W97/><G116/><T62/><D71/><U135/><E135/><V52/><F127/><W120/><G130/><T126/><D126/><U20/><E33/><V66/><F119/><W106/><G134/><T34/><D34/><U96/><E103/><V47/><F31/><W90/><G120/><T108/><D108/><U15/><E45/><V92/><F1/><W101/><G41/><T16/><D28/><U10/><E73/><V86/><F8/><W82/><G82/><T17/><D17/><U55/><E115/><V4/><F4/><W75/><G75/><T46/><D70/><U89/><E89/><V13/><F13/><W44/><G44/><T56/><D112/><U7/><E7/><V109/><F109/><W0/><G0/><T2/><D2/><U123/><E123/><V121/><F121/><W27/><G35/><T19/><D114/><U102/><E102/><V87/><F37/><W49/><G49/><N who="0" m="19051" /><D46/><U113/><E113/><V68/><F68/><W60/><G61/><T131/><D131/><U128/><E128/><V111/><F111/><W124/><G124/><T38/><D38/><U30/><E3/><V11/><F11/><W59/><G59/><T117/><D117/><U6/><E10/><V78/><F78/><W32/><G32/><T98/><D22/><N who="3" m="8201" /><G14/><T25/><D25/><N who="3" m="9801" /><G106/><T12/><D12/><U40/><E15/><V9/><N who="2" m="21504" /><DORA hai="107" /><V133/><F133/><W26/><G26/><RYUUKYOKU ba="0,0" sc="250,-10,250,-10,250,-10,250,30" hai3="58,60,64,90,93,97,101" /><INIT seed="1,1,0,1,0,133" ten="240,240,240,280" oya="1" hai0="94,135,61,120,1,121,101,4,32,63,113,11,20" hai1="19,38,31,39,108,28,117,0,76,128,103,65,64" hai2="48,85,82,80,116,87,72,25,84,37,60,17,99" hai3="15,83,33,6,71,92,127,114,79,44,81,9,130"/><U73/><E117/><V134/><F116/><W95/><G71/><T106/><D106/><U97/><E0/><V21/><F37/><W42/><G33/><T66/><D113/><U36/><E128/><V30/><F134/><W88/><G114/><T104/><D32/><U41/><E41/><V105/><F72/><W7/><G127/><T46/><D135/><U40/><E40/><V124/><F124/><W93/><G130/><T22/><D104/><U96/><E108/><V18/><F60/><N who="0" m="23114" /><D66/><U49/><E49/><V98/><F48/><N who="3" m="26647" /><G79/><T122/><D46/><U78/><E19/><N who="2" m="7179" /><F105/><W110/><G110/><T107/><D107/><U125/><E125/><V51/><F51/><W131/><G131/><T68/><D68/><U24/><E73/><V74/><F74/><W75/><G75/><T2/><D2/><U90/><E38/><V57/><F57/><W115/><G6/><T8/><D8/><U55/><E39/><V27/><F25/><W26/><G26/><T59/><D59/><U102/><E36/><V34/><F34/><W111/><G111/><T45/><D45/><U109/><E109/><V89/><F89/><W123/><G123/><N who="0" m="31491" /><T67/><DORA hai="5" /><D67/><U62/><E24/><V10/><F10/><W16/><G7/><T126/><D126/><U112/><E112/><V52/><F52/><W119/><G115/><T14/><D1/><U12/><E62/><V54/><F54/><W132/><G132/><T86/><D101/><U43/><E102/><V56/><F56/><W47/><G119/><T53/><D53/><U3/><E55/><V29/><F29/><RYUUKYOKU ba="1,0" sc="240,15,240,-15,240,15,280,-15" hai0="4,11,14,20,22,86,94" hai2="21,27,30,80,82,84,85,87,98,99" /><INIT seed="2,2,0,0,2,42" ten="255,225,255,265" oya="2" hai0="112,23,27,76,109,110,84,21,134,104,96,135,93" hai1="55,90,13,53,114,3,10,34,82,22,39,28,60" hai2="29,4,106,8,98,120,126,45,131,99,52,17,57" hai3="63,130,111,2,127,65,48,1,101,56,80,121,75"/><V41/><F120/><W64/><G121/><T11/><D112/><U70/><E114/><V67/><F126/><W37/><G37/><T89/><D11/><U31/><E39/><V19/><F131/><W6/><G111/><N who="0" m="42507" /><D23/><U9/><E34/><V86/><F67/><W81/><G65/><T129/><D129/><U40/><E40/><V91/><F29/><N who="1" m="11337" /><E70/><V105/><F106/><W88/><G130/><T58/><D58/><N who="1" m="34895" /><E3/><V95/><F105/><W49/><G101/><N who="0" m="62503" /><D21/><U7/><E55/><V68/><F68/><BYE who="2" /><W32/><G32/><T54/><D54/><UN n2="%E7%B4%94%E6%BD%94%E3%83%94%E3%83%A9%E3%83%8B%E3%82%A2" /><U24/><E13/><N who="2" m="5255" /><F99/><W100/><G127/><T72/><D27/><U92/><E82/><AGARI ba="2,0" hai="72,76,82,84,89,93,134,135" m="62503,42507" machi="82" ten="30,7700,0" yaku="24,1,14,1,34,2" doraHai="42" who="0" fromWho="1" sc="255,83,225,-83,255,0,265,0" /><INIT seed="3,0,0,3,5,68" ten="338,142,255,265" oya="3" hai0="10,34,55,17,50,79,18,97,45,117,102,82,88" hai1="135,71,62,106,63,53,28,130,119,25,134,112,110" hai2="23,81,36,103,118,122,2,60,120,22,93,65,4" hai3="126,98,127,9,27,77,58,99,56,64,13,87,129"/><W116/><G116/><T132/><D34/><U29/><E25/><V90/><F36/><W40/><G129/><T24/><D117/><U96/><E96/><N who="3" m="36906" /><G64/><T108/><D108/><U105/><E119/><V74/><F118/><W78/><G27/><T43/><D132/><U125/><E71/><V101/><F2/><W73/><G73/><T42/><D79/><N who="3" m="30217" /><G87/><N who="0" m="50295" /><D24/><U100/><E110/><V51/><F74/><W3/><G3/><T44/><D44/><U83/><E83/><V115/><F81/><W47/><G13/><N who="0" m="7351" /><D18/><U11/><E11/><V59/><F115/><W131/><G9/><T57/><D57/><U107/><E100/><V72/><F72/><W113/><G113/><T37/><D37/><U30/><E112/><V86/><F101/><W5/><G5/><T20/><D20/><N who="2" m="7722" /><F103/><W121/><G131/><T16/><D16/><U85/><E85/><V48/><F4/><W26/><G26/><T61/><D61/><U19/><E19/><V14/><F14/><W1/><G121/><AGARI ba="0,0" hai="48,51,59,60,65,86,90,93,120,121,122" m="7722" machi="121" ten="30,1000,0" yaku="13,1" doraHai="68" who="2" fromWho="3" sc="338,0,142,0,255,10,265,-10" owari="338,43.8,142,-35.8,265,6.5,255,-14.5" /></mjloggm>