<mjloggm ver="2.3"><GO type="225" lobby="0"/><UN n0="%6D%75%75%6D%75%72%61" n1="%E5%8F%AF%E5%85%90%E9%82%A3%E7%94%B1%E5%A4%9A" n2="%72%69%6F%75%63%68%61%6E" n3="%E3%83%81%E3%83%83%E3%82%BF%E3%82%BD%E3%83%BC" dan="16,17,16,17" rate="2066.86,2171.30,2121.00,2121.18" sx="F,F,M,F"/><TAIKYOKU oya="0"/><INIT seed="0,0,0,1,0,51" ten="250,250,250,250" oya="0" hai0="78,40,100,44,53,13,117,122,134,67,1,131,42" hai1="14,17,48,24,126,77,46,6,106,108,7,45,69" hai2="83,84,132,35,21,101,62,74,71,30,88,130,43" hai3="124,36,98,41,111,60,54,55,92,22,34,80,28"/><T8/><D117/><U63/><E106/><V119/><F119/><W31/><G34/><T39/><D122/><U90/><E108/><V59/><F130/><W18/><G111/><T81/><D131/><U47/><E126/><V135/><F35/><W87/><G124/><T25/><D134/><N who="2" m="51242" /><F71/><W68/><G36/><T112/><D112/><U3/><E3/><V61/><F74/><W129/><G41/><T2/><D40/><U93/><E77/><V85/><F43/><W128/><G68/><T49/><D67/><U94/><E24/><N who="2" m="16655" /><F101/><N who="3" m="60615" /><G60/><T73/><D100/><U5/><E69/><V72/><F72/><W120/><G120/><T102/><D102/><U97/><E63/><N who="2" m="24075" /><F84/><W121/><G121/><T114/><D25/><U86/><E97/><V89/><F59/><W38/><G38/><T20/><D20/><U52/><REACH who="1" step="1"/><E94/><REACH who="1" ten="250,240,250,250" step="2"/><V16/><F16/><W9/><G128/><T118/><D118/><U65/><E65/><V116/><F116/><W76/><G129/><T4/><REACH who="0" step="1"/><D114/><REACH who="0" ten="240,240,250,250" step="2"/><U99/><E99/><V127/><F127/><W79/><G9/><AGARI ba="0,2" hai="5,6,7,9,14,17,45,46,47,48,52,86,90,93" machi="9" ten="40,12000,2" yaku="1,1,8,1,52,1,54,1,53,3" doraHai="51" doraHaiUra="0" who="1" fromWho="3" sc="240,0,240,140,250,0,250,-120" /><INIT seed="1,0,0,0,2,131" ten="240,380,250,130" oya="1" hai0="122,77,126,75,21,92,10,49,18,9,88,79,58" hai1="73,102,69,70,0,54,115,19,87,44,81,105,40" hai2="65,20,111,114,14,103,93,123,29,89,5,4,91" hai3="30,85,6,39,107,78,116,51,95,57,109,64,3"/><U17/><E115/><V100/><F123/><W74/><G39/><T67/><D122/><U42/><E0/><V12/><F114/><W38/><G116/><T26/><D126/><U84/><E73/><V47/><F111/><W97/><G38/><T7/><D75/><U110/><E110/><V118/><F118/><W82/><G109/><T94/><D94/><U72/><E72/><V62/><F47/><W117/><G117/><T11/><D7/><U106/><E54/><V48/><F48/><W130/><G130/><T56/><D49/><U119/><E119/><V41/><F41/><W2/><G30/><T16/><D18/><U113/><E113/><V52/><F52/><N who="3" m="31903" /><G6/><N who="2" m="2665" /><F62/><W133/><G64/><T63/><REACH who="0" step="1"/><D58/><REACH who="0" ten="230,380,250,130" step="2"/><U98/><E106/><V120/><F93/><W68/><G68/><T1/><D1/><U112/><E112/><V27/><F120/><W90/><G133/><T28/><D28/><U108/><E108/><V129/><F129/><W23/><G23/><T61/><D61/><U59/><E59/><V13/><F65/><W33/><G33/><T46/><D46/><U34/><E34/><V50/><F50/><W25/><G25/><T125/><D125/><U22/><E44/><V37/><F37/><W60/><G60/><T86/><AGARI ba="0,1" hai="9,10,11,16,21,26,56,63,67,77,79,86,88,92" machi="86" ten="30,8000,1" yaku="1,1,0,1,8,1,54,2,53,0" doraHai="131" doraHaiUra="32" who="0" fromWho="0" sc="230,90,380,-40,250,-20,130,-20" /><INIT seed="2,0,0,2,4,30" ten="320,340,230,110" oya="2" hai0="130,36,104,69,71,116,54,6,82,76,109,7,110" hai1="80,88,58,50,47,90,10,65,53,21,74,102,129" hai2="4,45,55,63,57,31,87,2,19,28,111,118,24" hai3="59,27,18,81,5,32,38,44,119,106,52,39,121"/><V12/><F118/><W113/><G119/><T29/><D116/><U51/><E129/><V42/><F111/><N who="0" m="42506" /><D130/><U94/><E21/><V78/><F2/><W16/><G121/><T85/><D104/><U46/><E10/><V96/><F4/><N who="0" m="1578" /><D36/><U61/><E74/><V99/><F78/><W77/><G106/><T101/><D101/><U103/><E80/><V125/><F87/><W48/><G113/><T62/><D29/><U14/><E14/><V135/><F125/><W114/><G114/><T64/><D54/><N who="1" m="30047" /><E90/><V73/><F135/><W26/><G5/><T11/><D11/><U41/><E53/><V128/><F73/><W107/><G107/><T124/><D124/><U133/><E133/><V120/><F120/><W34/><G38/><T40/><D40/><U134/><E134/><V83/><F83/><W79/><G79/><T35/><D35/><U98/><AGARI ba="0,0" hai="41,46,51,58,61,65,88,94,98,102,103" m="30047" machi="98" ten="30,2000,0" yaku="8,1,54,1" doraHai="30" who="1" fromWho="1" sc="320,-5,340,20,230,-10,110,-5" /><INIT seed="3,0,0,1,1,77" ten="315,360,220,105" oya="3" hai0="119,41,85,92,74,43,75,36,79,108,115,59,110" hai1="135,17,83,11,19,71,82,107,128,2,16,55,52" hai2="102,90,132,96,49,117,127,120,81,65,86,105,40" hai3="21,126,4,60,47,76,48,125,111,37,13,29,106"/><W88/><G37/><T8/><D119/><U131/><E107/><V38/><F38/><W68/><G76/><T80/><D41/><U35/><E35/><V58/><F117/><W0/><G106/><T124/><D59/><U34/><E34/><V66/><F127/><N who="3" m="48651" /><G0/><T57/><D57/><U72/><E71/><V12/><F132/><W56/><G68/><T123/><D43/><U98/><E98/><V116/><F116/><W54/><G111/><N who="0" m="42539" /><D8/><U53/><E135/><V134/><F134/><W39/><G39/><T99/><D36/><U101/><E101/><V14/><F120/><W100/><G100/><N who="0" m="60519" /><D124/><U114/><E114/><V63/><REACH who="2" step="1"/><F65/><REACH who="2" ten="315,360,210,105" step="2"/><N who="3" m="39047" /><G4/><T78/><D123/><U3/><E128/><V129/><F129/><W32/><G32/><T73/><D115/><U67/><E131/><V118/><F118/><W9/><G9/><T104/><D104/><U97/><E67/><V20/><F20/><W45/><G21/><T113/><D113/><U24/><E11/><V6/><F6/><W69/><G69/><T15/><D15/><U95/><E2/><V23/><F23/><W62/><G13/><T121/><D121/><U27/><E3/><V87/><F87/><W18/><G29/><T51/><D75/><U122/><E72/><V30/><F30/><W103/><G18/><T42/><D74/><U31/><E31/><V26/><F26/><N who="1" m="9769" /><E122/><V25/><F25/><W10/><G10/><T61/><D73/><U44/><E19/><V89/><F89/><W1/><G1/><T109/><D109/><U7/><E17/><V46/><AGARI ba="0,1" hai="12,14,40,46,49,58,63,66,81,86,90,96,102,105" machi="46" ten="30,4000,0" yaku="1,1,0,1,52,1,53,0" doraHai="77" doraHaiUra="91" who="2" fromWho="2" sc="315,-10,360,-10,210,50,105,-20" owari="305,10.5,350,45.0,260,-14.0,85,-41.5" /></mjloggm>