<mjloggm ver="2.3"><GO type="225" lobby="0"/><UN n0="%E3%82%B2%E3%82%B9%E8%8C%82%E5%8B%9D" n1="%E3%81%86%E3%81%A3%E3%81%97%E3%83%BC%30%30" n2="%E5%8F%AF%E5%85%90%E9%82%A3%E7%94%B1%E5%A4%9A" n3="%28%EF%BF%A3%E2%96%BD%EF%BF%A3%29%CE%B4%E2%8C%92%E3%83%BB" dan="16,16,17,16" rate="2070.33,2075.71,2240.88,2149.39" sx="F,M,F,M"/><TAIKYOKU oya="0"/><INIT seed="0,0,0,1,2,53" ten="250,250,250,250" oya="0" hai0="52,20,81,51,21,94,34,119,108,16,11,99,78" hai1="63,49,8,74,69,62,7,76,44,84,58,96,54" hai2="116,10,87,40,13,28,2,27,95,82,64,5,135" hai3="66,128,14,19,132,68,106,12,98,3,67,0,73"/><T55/><D119/><U6/><E74/><V118/><F135/><W41/><G73/><T86/><D108/><U72/><E72/><V30/><F40/><W25/><G41/><T43/><D34/><U29/><E29/><V129/><F129/><W9/><G128/><T50/><D43/><U75/><E75/><V4/><F95/><W104/><G25/><N who="0" m="14471" /><D11/><U18/><E96/><V59/><F4/><N who="1" m="1577" /><E44/><V77/><F2/><W60/><G132/><T117/><D117/><N who="2" m="45162" /><F27/><W113/><G113/><T70/><D70/><U105/><E105/><V115/><F115/><W46/><G46/><T65/><D65/><U114/><E69/><V61/><AGARI ba="0,0" hai="5,10,13,28,30,59,61,64,77,82,87" m="45162" machi="61" ten="30,2000,0" yaku="12,1,52,1" doraHai="53" who="2" fromWho="2" sc="250,-10,250,-5,250,20,250,-5" /><INIT seed="1,0,0,4,3,127" ten="240,245,270,245" oya="1" hai0="4,47,117,62,64,91,124,89,54,35,42,115,8" hai1="94,27,129,23,52,132,30,14,104,2,12,107,43" hai2="26,57,45,24,51,41,67,110,126,76,3,85,98" hai3="37,112,84,63,72,78,68,55,56,61,135,7,92"/><U106/><E2/><V83/><F3/><W108/><G72/><T81/><D115/><U90/><E132/><V116/><F116/><W130/><G37/><T34/><D117/><U44/><E129/><V86/><F126/><W21/><G112/><T99/><D124/><U17/><E52/><V120/><F120/><W79/><G135/><T80/><D54/><U11/><E14/><V122/><F122/><W9/><G108/><T22/><D22/><U39/><REACH who="1" step="1"/><E107/><REACH who="1" ten="240,235,270,245" step="2"/><V5/><F110/><W96/><G130/><T31/><D42/><U10/><E10/><V70/><F41/><W128/><G128/><T28/><D47/><U15/><E15/><V33/><F45/><W71/><G9/><T0/><D8/><U53/><E53/><V60/><F24/><W113/><G55/><T18/><D0/><U49/><E49/><V36/><F51/><W82/><G113/><T133/><D133/><U73/><E73/><V97/><F26/><W25/><G25/><T40/><D40/><U69/><E69/><V123/><F70/><W6/><G71/><T134/><D134/><U87/><AGARI ba="0,1" hai="11,12,17,23,27,30,39,43,44,87,90,94,104,106" machi="87" ten="20,3900,0" yaku="1,1,0,1,7,1,53,0" doraHai="127" doraHaiUra="1" who="1" fromWho="1" sc="240,-13,235,49,270,-13,245,-13" /><INIT seed="1,1,0,0,3,65" ten="227,284,257,232" oya="1" hai0="5,3,119,135,69,18,91,97,43,8,7,131,117" hai1="12,29,133,111,101,85,103,82,53,84,122,44,20" hai2="102,26,73,52,74,38,80,81,4,129,77,106,79" hai3="25,2,113,115,123,95,39,40,63,34,32,6,70"/><U51/><E122/><V112/><F38/><W45/><G95/><T21/><D131/><U11/><E133/><V87/><F4/><W47/><G123/><T55/><D135/><U23/><E111/><V16/><F129/><W10/><G47/><T59/><D5/><U58/><E85/><V86/><F112/><N who="3" m="43083" /><G25/><T89/><D43/><U128/><E128/><V46/><F102/><W132/><G132/><T126/><D126/><U67/><E67/><AGARI ba="1,0" hai="2,6,10,32,34,39,40,45,63,67,70" m="43083" machi="67" ten="30,2000,0" yaku="23,1,52,1" doraHai="65" who="3" fromWho="1" sc="227,0,284,-23,257,0,232,23" /><INIT seed="2,0,0,5,0,100" ten="227,261,257,255" oya="2" hai0="25,54,2,28,123,86,104,40,98,101,10,72,46" hai1="34,81,51,87,37,38,71,4,115,70,26,58,129" hai2="73,94,20,47,29,92,85,16,111,88,80,0,23" hai3="22,125,56,67,105,102,107,112,39,5,31,36,89"/><V49/><F0/><W18/><G31/><T62/><D123/><U132/><E115/><V113/><F113/><W17/><G112/><T93/><D72/><U128/><E4/><V19/><F111/><W30/><G30/><T120/><D120/><U21/><E34/><V83/><F29/><W69/><G69/><T82/><D10/><U53/><E132/><V108/><F108/><W78/><G102/><T63/><D2/><U109/><E109/><V68/><F68/><W50/><G5/><T61/><D54/><U119/><E119/><V75/><F75/><W124/><G78/><T130/><D130/><N who="1" m="50283" /><E71/><V55/><F73/><W74/><G89/><T103/><D103/><U13/><E13/><N who="2" m="9231" /><F94/><W11/><G11/><T64/><D64/><U3/><E70/><V126/><F126/><N who="3" m="48747" /><G74/><T9/><D9/><U14/><E14/><AGARI ba="0,0" hai="14,19,23,47,49,55,80,83,85,88,92" m="9231" machi="14" ten="30,5800,0" yaku="8,1,54,2" doraHai="100" who="2" fromWho="1" sc="227,0,261,-58,257,58,255,0" /><INIT seed="2,1,0,1,3,19" ten="227,203,315,255" oya="2" hai0="16,89,110,118,43,12,109,11,78,79,69,64,34" hai1="15,83,41,5,40,80,3,54,20,38,101,63,50" hai2="36,22,120,81,126,113,18,73,129,76,108,85,106" hai3="133,94,27,107,13,66,67,28,8,71,92,62,102"/><V132/><RYUUKYOKU type="yao9" ba="1,0" sc="227,0,203,0,315,0,255,0" hai2="18,22,36,73,76,81,85,106,108,113,120,126,129,132" /><INIT seed="2,2,0,0,4,126" ten="227,203,315,255" oya="2" hai0="13,43,96,37,29,110,120,79,1,87,78,49,4" hai1="131,80,18,27,73,52,135,85,125,74,122,98,25" hai2="76,109,24,112,117,44,8,100,108,7,105,12,116" hai3="31,6,127,64,56,99,71,94,47,90,10,130,82"/><V46/><F76/><W26/><G127/><T22/><D37/><U118/><E118/><N who="2" m="45675" /><F100/><W123/><G71/><T61/><D120/><U11/><E125/><V91/><F105/><W58/><G123/><T51/><D110/><N who="2" m="42602" /><F112/><W106/><G64/><T129/><D96/><U77/><E135/><V111/><N who="2" m="42610" /><V34/><DORA hai="121" /><F91/><W113/><G106/><T48/><D78/><U67/><E67/><V115/><F115/><W107/><G107/><T14/><D79/><U50/><E131/><V133/><F133/><W55/><G130/><T19/><D87/><U23/><E122/><V0/><F0/><W38/><G113/><T9/><D129/><U70/><E70/><V41/><F41/><W21/><G82/><T69/><D43/><U60/><E60/><V5/><F5/><W101/><G90/><T57/><D69/><U104/><E11/><V92/><F92/><W3/><G94/><T119/><D119/><U33/><E104/><V86/><F86/><W35/><G101/><T95/><D95/><U89/><E98/><V54/><F54/><W32/><G99/><T84/><D84/><U28/><REACH who="1" step="1"/><E89/><REACH who="1" ten="227,193,315,255" step="2"/><V128/><F128/><W17/><G10/><T66/><D1/><U75/><E75/><V132/><F132/><W42/><G3/><T2/><D2/><U83/><E83/><V15/><F15/><W124/><G124/><T103/><D103/><U20/><E20/><V16/><F34/><W65/><G35/><T62/><D14/><U97/><E97/><V53/><F8/><W72/><G32/><T88/><D88/><U59/><AGARI ba="2,1" hai="18,23,25,27,28,33,50,52,59,73,74,77,80,85" machi="59" ten="20,8000,1" yaku="1,1,5,1,0,1,7,1,54,1,53,0" doraHai="126,121" doraHaiUra="68,63" who="1" fromWho="1" sc="227,-22,193,96,315,-42,255,-22" /><INIT seed="3,0,0,3,3,31" ten="205,289,273,233" oya="3" hai0="27,78,48,24,82,74,132,101,9,62,14,76,121" hai1="40,71,75,36,44,61,97,67,77,13,129,12,119" hai2="98,127,125,20,3,128,35,68,6,29,104,37,4" hai3="112,58,120,8,118,70,113,59,79,7,39,41,2"/><W106/><G106/><T16/><D132/><U52/><E129/><V90/><F37/><W33/><G120/><T10/><D121/><U43/><E119/><V91/><F68/><W34/><G118/><T49/><D101/><U93/><E43/><V56/><F20/><W110/><G59/><T57/><D78/><U63/><E63/><V130/><F56/><W30/><G58/><T5/><D27/><U15/><E52/><V84/><F104/><W22/><G22/><T109/><D109/><U50/><E77/><V102/><F102/><W126/><G30/><T95/><D95/><U65/><E75/><V103/><F103/><W117/><G117/><T122/><D122/><U66/><REACH who="1" step="1"/><E50/><REACH who="1" ten="205,279,273,233" step="2"/><V51/><F51/><W55/><G112/><T54/><REACH who="0" step="1"/><D24/><REACH who="0" ten="195,279,273,233" step="2"/><U107/><E107/><V23/><F130/><W46/><G113/><T53/><D53/><U133/><E133/><V32/><F128/><W17/><G55/><T96/><D96/><U69/><E69/><V85/><F98/><W100/><G70/><T105/><D105/><U1/><E1/><AGARI ba="0,2" hai="1,5,9,10,14,16,48,49,54,57,62,74,76,82" machi="1" ten="30,3900,0" yaku="1,1,7,1,54,1,53,0" doraHai="31" doraHaiUra="19" who="0" fromWho="1" sc="195,59,279,-39,273,0,233,0" /><INIT seed="4,0,0,1,5,89" ten="254,240,273,233" oya="0" hai0="51,17,122,48,108,132,65,67,7,110,53,42,80" hai1="119,55,31,133,113,54,100,98,0,86,5,84,87" hai2="14,104,131,6,32,130,103,66,44,116,56,70,123" hai3="83,118,82,30,34,71,73,11,50,26,1,69,112"/><T78/><D7/><U81/><E119/><V12/><F123/><W37/><G118/><T62/><D122/><U134/><E31/><V33/><F116/><W68/><G112/><T126/><D17/><U109/><E109/><N who="0" m="42089" /><D80/><U129/><E129/><V115/><F70/><W101/><G101/><T39/><D78/><U27/><E27/><V91/><F115/><W41/><G50/><N who="0" m="18987" /><D126/><U96/><E81/><V24/><F6/><N who="3" m="1487" /><G83/><T74/><D74/><U111/><E111/><V77/><F77/><N who="3" m="44335" /><G69/><T79/><D79/><U63/><E113/><V128/><F128/><W120/><G120/><T76/><D76/><U2/><E5/><V127/><F131/><W29/><G30/><T106/><D106/><U52/><E63/><V59/><F104/><W28/><G28/><T92/><D92/><U60/><E60/><V20/><F130/><W105/><G105/><T121/><D121/><U135/><E100/><V22/><F103/><W4/><G4/><T25/><D25/><U46/><E46/><AGARI ba="0,0" hai="26,29,34,37,41,46,68,71" m="44335,1487" machi="46" ten="30,3900,0" yaku="25,1,33,2" doraHai="89" who="3" fromWho="1" sc="254,0,240,-39,273,0,233,39" /><INIT seed="5,0,0,2,5,41" ten="254,201,273,272" oya="1" hai0="26,51,2,13,95,59,4,17,27,128,124,107,70" hai1="75,123,108,110,8,120,73,78,29,7,63,99,24" hai2="118,65,38,45,66,127,57,22,62,19,91,35,79" hai3="113,20,133,119,97,28,76,55,125,122,3,6,33"/><U50/><E63/><V32/><F118/><W15/><G76/><T49/><D107/><U52/><E99/><V88/><F66/><W36/><G97/><T86/><D70/><U72/><E78/><V94/><F79/><W87/><G87/><T92/><D124/><U109/><E24/><V112/><F127/><W12/><G55/><N who="0" m="32239" /><D128/><U56/><REACH who="1" step="1"/><E29/><REACH who="1" ten="254,191,273,272" step="2"/><V111/><F62/><W89/><G28/><T130/><D27/><U23/><E23/><V61/><F22/><W42/><G20/><T131/><D26/><U14/><AGARI ba="0,1" hai="7,8,14,50,52,56,72,73,75,108,109,110,120,123" machi="14" ten="40,12000,1" yaku="1,1,0,1,10,1,54,1,53,0" doraHai="41" doraHaiUra="98" who="1" fromWho="1" sc="254,-40,191,130,273,-40,272,-40" owari="214,-28.6,321,42.1,233,3.3,232,-16.8" /></mjloggm>