<mjloggm ver="2.3"><GO type="225" lobby="0"/><UN n0="%E3%82%B7%E3%83%B3%E5%A4%AA%E6%9C%97" n1="%73%69%67%65%6E%6F%72%69" n2="%6D%75%75%6D%75%72%61" n3="%E6%80%AA%E3%81%97%E3%81%99%E3%81%8E%E3%82%8B%E3%83%81%E3%83%BC" dan="16,18,16,16" rate="2142.59,2238.41,2129.43,2076.77" sx="M,M,F,M"/><TAIKYOKU oya="0"/><INIT seed="0,0,0,5,1,122" ten="250,250,250,250" oya="0" hai0="130,60,121,7,52,94,14,37,111,71,39,109,56" hai1="42,107,99,59,66,86,32,95,69,76,4,25,26" hai2="61,135,44,77,75,96,118,46,87,50,2,101,90" hai3="93,41,19,72,9,100,8,45,102,31,21,65,34"/><T91/><D121/><U106/><E69/><V127/><F135/><W113/><G113/><T3/><D3/><U124/><E42/><V18/><F127/><W64/><G72/><T54/><D130/><U28/><E124/><V132/><F132/><W92/><G34/><T103/><D103/><N who="3" m="39465" /><G31/><T51/><D14/><U129/><E4/><V120/><F120/><W67/><G45/><N who="0" m="28015" /><D7/><U112/><E26/><V98/><F2/><W24/><G41/><T22/><D22/><U62/><E112/><V1/><F44/><W13/><G13/><T20/><D20/><U15/><E15/><V48/><F75/><W0/><G0/><T82/><D82/><U108/><E129/><V35/><F35/><W134/><G134/><T68/><D91/><U17/><E25/><V63/><F90/><W10/><AGARI ba="0,0" hai="8,9,10,19,21,24,64,65,67,92,93" m="39465" machi="10" ten="40,1500,0" yaku="8,1" doraHai="122" who="3" fromWho="3" sc="250,-7,250,-4,250,-4,250,15" /><INIT seed="1,0,0,1,3,44" ten="243,246,246,265" oya="1" hai0="32,129,66,87,80,16,20,40,4,106,122,22,132" hai1="36,50,52,116,109,84,91,107,38,128,105,54,5" hai2="82,67,14,120,72,33,113,37,55,51,131,83,61" hai3="24,90,108,11,34,117,39,100,3,0,25,115,123"/><U65/><E116/><V135/><F120/><W18/><G39/><T58/><D122/><U85/><E65/><V27/><F37/><W88/><G115/><T62/><D106/><U59/><E5/><V119/><F119/><W86/><G108/><T118/><D118/><U103/><E109/><V112/><F131/><W60/><G123/><T12/><D129/><U63/><E128/><V8/><F135/><W56/><G100/><T77/><D132/><U127/><E127/><V73/><F33/><W2/><G117/><T49/><D32/><U68/><E68/><V29/><F27/><W111/><G111/><T70/><D4/><U47/><E85/><V126/><F29/><W76/><G76/><T101/><D101/><U89/><E107/><V46/><F126/><W94/><G90/><T98/><D98/><U124/><E89/><V21/><F21/><W114/><G34/><T96/><D96/><U9/><E9/><V7/><F73/><W102/><G102/><T69/><REACH who="0" step="1"/><D22/><REACH who="0" ten="233,246,246,265" step="2"/><U43/><E124/><V28/><F112/><W78/><G114/><T13/><D13/><U104/><E104/><V15/><F15/><N who="3" m="7551" /><G3/><T130/><D130/><U17/><E105/><V74/><F113/><W48/><G2/><T64/><D64/><U23/><E103/><V45/><F14/><W26/><G0/><T110/><D110/><U95/><E43/><V10/><F7/><W41/><G26/><AGARI ba="0,1" hai="17,23,26,36,38,47,50,52,54,59,63,84,91,95" machi="26" ten="30,5800,0" yaku="7,1,52,1,54,1" doraHai="44" who="1" fromWho="3" sc="233,0,246,68,246,0,265,-58" /><INIT seed="1,1,0,0,0,67" ten="233,314,246,207" oya="1" hai0="130,11,99,88,125,76,72,35,108,120,2,74,117" hai1="15,106,0,36,97,118,114,80,126,9,110,59,56" hai2="133,6,46,91,128,18,134,33,112,39,101,10,55" hai3="60,45,84,4,27,123,115,78,105,34,38,1,41"/><U8/><E118/><V71/><F128/><W85/><G115/><T81/><D35/><U31/><E36/><V132/><F112/><W17/><G123/><T7/><D117/><U102/><E114/><V24/><F101/><W30/><G105/><T68/><D108/><U44/><E110/><V54/><F91/><W57/><G78/><T37/><D130/><U12/><E0/><V20/><F33/><W62/><G17/><T135/><D135/><U109/><E109/><V70/><F39/><W113/><G113/><T94/><D125/><U40/><E31/><V69/><F46/><W64/><REACH who="3" step="1"/><G62/><REACH who="3" ten="233,314,246,197" step="2"/><T98/><D120/><U61/><E61/><V96/><F96/><W100/><G100/><T19/><D72/><U3/><E106/><V116/><F116/><W90/><G90/><T16/><D37/><U53/><E97/><V49/><F49/><W104/><G104/><T124/><D124/><U92/><E102/><V87/><F87/><W86/><G86/><T50/><D99/><U22/><E126/><V5/><F5/><W107/><G107/><T43/><REACH who="0" step="1"/><D68/><REACH who="0" ten="223,314,246,197" step="2"/><U75/><E75/><V111/><F111/><W79/><G79/><T42/><D42/><U32/><E40/><V21/><F71/><W47/><G47/><AGARI ba="1,2" hai="2,7,11,16,19,43,47,50,74,76,81,88,94,98" machi="47" ten="40,5200,0" yaku="1,1,54,2,53,0" doraHai="67" doraHaiUra="131" who="0" fromWho="3" sc="223,75,314,0,246,0,197,-55" /><INIT seed="2,0,0,0,1,70" ten="298,314,246,142" oya="2" hai0="56,51,127,11,81,9,66,49,2,89,72,21,110" hai1="1,31,15,112,100,3,71,129,12,133,114,104,33" hai2="134,50,39,93,87,0,27,75,131,48,62,43,78" hai3="57,96,128,20,5,46,77,118,24,92,22,53,120"/><V26/><F0/><W73/><G120/><T85/><D110/><U119/><E71/><V55/><F75/><W13/><G118/><T108/><D108/><U59/><E59/><V90/><F131/><W97/><G128/><T95/><D127/><U54/><E129/><V109/><F134/><W121/><G121/><T98/><D72/><U28/><E54/><V67/><F78/><W130/><G130/><T107/><D107/><U76/><E104/><V88/><F109/><W117/><G117/><T41/><D2/><U65/><E65/><V45/><F90/><W126/><G126/><T135/><D135/><U52/><E52/><V103/><F103/><W124/><G124/><T23/><D41/><U4/><E100/><V94/><F94/><W79/><G73/><T32/><D32/><U80/><E33/><V36/><F50/><N who="0" m="18954" /><D56/><U40/><E76/><N who="3" m="29258" /><G46/><T63/><D63/><U105/><E105/><V37/><REACH who="2" step="1"/><F43/><REACH who="2" ten="298,314,236,142" step="2"/><W74/><G74/><T25/><D95/><U38/><E40/><V19/><F19/><N who="3" m="10351" /><G92/><T125/><D125/><U29/><E133/><V86/><F86/><W101/><G101/><T122/><D85/><U30/><E1/><V132/><F132/><W18/><G5/><T16/><D122/><U113/><E3/><V83/><F83/><W84/><G84/><T14/><D81/><U6/><E80/><V60/><F60/><AGARI ba="0,1" hai="18,22,24,53,57,60,96,97" m="10351,29258" machi="60" ten="30,1000,0" yaku="8,1" doraHai="70" who="3" fromWho="2" sc="298,0,314,0,236,-10,142,20" /><INIT seed="3,0,0,4,0,135" ten="298,314,226,162" oya="3" hai0="25,74,58,14,112,108,94,95,57,76,45,92,129" hai1="72,5,104,99,20,1,111,31,101,66,61,103,48" hai2="26,4,21,113,69,62,32,59,60,15,10,54,63" hai3="42,73,86,7,77,9,107,55,49,120,6,39,109"/><W131/><G120/><T43/><D108/><U28/><E111/><V80/><F113/><W126/><G109/><T33/><D112/><U41/><E72/><V93/><F32/><W123/><G123/><T119/><D119/><U133/><E133/><V115/><F115/><W85/><G107/><T47/><D129/><U90/><E103/><V130/><F130/><W35/><G35/><T70/><D70/><U8/><E90/><V3/><F3/><N who="3" m="223" /><G7/><T24/><D14/><U12/><E41/><V88/><F80/><N who="3" m="45103" /><G131/><T91/><D45/><U100/><E100/><V79/><F79/><W36/><G36/><T0/><D0/><U51/><E31/><N who="2" m="17871" /><F69/><W40/><G40/><T27/><D33/><U96/><E96/><AGARI ba="0,0" hai="4,10,15,54,59,60,62,63,88,93,96" m="17871" machi="96" ten="30,2000,0" yaku="8,1,54,1" doraHai="135" who="2" fromWho="1" sc="298,0,314,-20,226,20,162,0" /><INIT seed="4,0,0,2,0,67" ten="298,294,246,162" oya="0" hai0="5,47,26,103,76,98,70,0,102,62,128,84,56" hai1="58,79,27,16,108,68,124,22,120,81,44,14,39" hai2="18,32,80,105,88,33,107,113,116,4,86,112,17" hai3="74,11,111,49,43,66,65,60,119,59,10,7,63"/><T106/><D70/><U12/><E68/><V123/><F123/><W129/><G111/><T55/><D128/><U133/><E108/><V130/><F4/><W135/><G129/><T118/><D118/><U28/><E120/><V90/><F130/><W8/><G135/><T122/><D122/><U42/><E133/><V57/><F57/><W78/><G119/><T99/><D5/><U34/><E124/><V110/><F116/><W91/><G91/><N who="2" m="34857" /><F80/><W89/><G89/><T1/><D26/><U117/><E117/><V46/><F46/><W35/><G35/><N who="2" m="13385" /><F86/><W37/><G7/><T19/><D19/><N who="2" m="7178" /><F110/><W97/><G97/><T13/><D47/><U115/><E58/><V134/><F134/><W9/><N who="3" m="2048" /><DORA hai="82" /><W41/><G37/><T24/><D13/><U29/><E12/><V6/><F6/><W101/><G101/><T31/><D84/><U114/><REACH who="1" step="1"/><E29/><REACH who="1" ten="298,284,246,162" step="2"/><V38/><F38/><W53/><G74/><AGARI ba="0,1" hai="14,16,22,27,28,34,39,42,44,74,79,81,114,115" machi="74" ten="40,8000,1" yaku="1,1,2,1,54,1,53,1" doraHai="67,82" doraHaiUra="71,83" who="1" fromWho="3" sc="298,0,284,90,246,0,162,-80" owari="298,9.8,374,47.4,246,-15.4,82,-41.8" /></mjloggm>