<mjloggm ver="2.3"><GO type="225" lobby="0"/><UN n0="%E3%82%A2%E3%83%BC%E3%83%A2%E3%83%AD%E3%83%BC%E3%83%B4%E3%82%A1" n1="%E3%81%99%E3%81%84%E3%81%BE%E3%81%9B%E3%83%BC%E3%82%93" n2="%E3%83%97%E3%83%92" n3="%E3%83%94%E3%83%B3%E3%82%B5%E3%83%AD%E5%BA%97%E5%93%A1" dan="16,17,17,16" rate="2120.14,2240.47,2138.59,2166.41" sx="M,M,M,M"/><TAIKYOKU oya="0"/><INIT seed="0,0,0,4,2,121" ten="250,250,250,250" oya="0" hai0="29,116,67,64,23,52,71,101,17,97,19,133,82" hai1="115,109,123,91,60,51,134,102,85,104,72,49,33" hai2="73,3,39,42,63,6,8,22,55,47,90,114,80" hai3="20,18,124,93,1,126,74,68,34,108,88,103,106"/><T10/><D116/><U131/><E123/><V12/><F114/><W84/><G34/><T53/><D133/><U120/><E120/><V119/><F119/><W75/><G1/><T54/><D82/><U27/><E72/><V40/><F40/><W100/><G68/><T125/><D125/><N who="3" m="48233" /><G108/><T79/><D79/><U31/><E134/><V21/><F12/><N who="3" m="9287" /><G106/><T11/><D29/><U16/><E131/><V112/><F112/><W89/><G89/><T56/><D71/><U5/><E109/><V2/><F2/><W76/><G76/><T117/><D117/><U127/><E127/><V135/><F135/><W36/><G36/><T65/><D56/><U118/><E118/><V110/><F110/><W9/><G9/><N who="0" m="3083" /><D23/><U48/><E5/><V57/><REACH who="2" step="1"/><F90/><REACH who="2" ten="250,250,240,250" step="2"/><W61/><G61/><T130/><D130/><U94/><E60/><V7/><F7/><W28/><G28/><T14/><D14/><U38/><E115/><V81/><F81/><W26/><G26/><T129/><D129/><U98/><E38/><V92/><F92/><AGARI ba="0,1" hai="17,19,52,53,54,64,65,67,92,97,101" m="3083" machi="92" ten="30,2900,0" yaku="8,1,54,1" doraHai="121" who="0" fromWho="2" sc="250,39,250,0,240,-29,250,0" /><INIT seed="0,1,0,3,5,125" ten="289,250,211,250" oya="0" hai0="98,89,49,99,74,108,128,132,46,6,129,95,2" hai1="36,59,41,40,122,1,116,52,14,126,20,72,68" hai2="42,38,30,100,9,80,33,24,15,87,48,121,58" hai3="91,75,82,101,86,62,5,21,10,37,84,66,45"/><T17/><D74/><U103/><E116/><V32/><F121/><W34/><G34/><T53/><D132/><U131/><E1/><V13/><F38/><W111/><G111/><T19/><D108/><U47/><E72/><V120/><F120/><W55/><G101/><T22/><D98/><U104/><E122/><V29/><F100/><W44/><G75/><T12/><REACH who="0" step="1"/><D19/><REACH who="0" ten="279,250,211,250" step="2"/><U31/><E126/><V135/><F135/><W105/><G84/><T56/><D56/><U35/><E59/><V60/><F30/><W102/><G86/><T117/><D117/><U50/><E31/><V71/><F71/><W39/><G102/><T26/><D26/><U81/><E103/><V134/><F134/><W23/><G105/><T27/><D27/><U43/><E68/><V25/><F25/><W83/><G5/><T124/><D124/><U67/><E104/><V88/><F32/><W61/><G66/><T107/><D107/><U4/><E67/><V123/><F123/><W109/><G109/><T85/><D85/><U51/><E35/><V79/><F79/><W57/><G57/><T133/><D133/><U3/><E4/><V78/><F78/><W63/><G63/><T69/><D69/><U119/><E119/><V110/><F110/><W94/><G62/><T130/><D130/><U97/><E131/><V92/><F92/><W106/><G94/><T93/><D93/><U77/><E97/><V65/><REACH who="2" step="1"/><F9/><AGARI ba="1,1" hai="2,6,9,12,17,22,46,49,53,89,95,99,128,129" machi="9" ten="40,12000,1" yaku="1,1,52,2,53,1" doraHai="125" doraHaiUra="18" who="0" fromWho="2" sc="279,133,250,0,211,-123,250,0" /><INIT seed="0,2,0,5,3,18" ten="412,250,88,250" oya="0" hai0="76,9,26,15,118,60,125,73,124,12,121,70,51" hai1="108,3,123,119,106,13,116,62,114,34,91,48,112" hai2="103,31,132,87,85,92,19,16,98,97,122,111,117" hai3="8,90,135,131,11,96,129,52,37,10,30,53,84"/><T28/><D118/><U55/><E106/><V79/><F117/><N who="1" m="45129" /><E3/><V5/><F122/><W41/><G135/><T68/><D121/><U0/><E0/><V20/><F132/><W94/><G30/><T107/><D107/><U86/><E34/><V39/><F39/><W29/><G29/><T46/><D76/><U83/><E123/><V35/><F35/><W38/><G41/><T77/><D77/><U64/><E13/><V78/><F111/><W109/><G109/><T14/><D73/><U88/><E86/><V57/><F57/><W128/><REACH who="3" step="1"/><G84/><REACH who="3" ten="412,250,88,240" step="2"/><T36/><D28/><U43/><E43/><V58/><F31/><W4/><G4/><T1/><D124/><U74/><E108/><V120/><F5/><W80/><G80/><T27/><D125/><U67/><E83/><V110/><F120/><W63/><G63/><T42/><D60/><U127/><E74/><V7/><F110/><W115/><G115/><T93/><D42/><U21/><E127/><V101/><F7/><W99/><G99/><T17/><D9/><U23/><E62/><V69/><F69/><W61/><G61/><T130/><D68/><U81/><E114/><V32/><F32/><W40/><G40/><T89/><D70/><U54/><E81/><V65/><F65/><W104/><G104/><T71/><D71/><U24/><E112/><V47/><F87/><W22/><G22/><T50/><D36/><AGARI ba="2,1" hai="8,10,11,36,37,38,52,53,90,94,96,128,129,131" machi="36" ten="50,8000,1" yaku="1,1,19,1,54,1,53,1" doraHai="18" doraHaiUra="95" who="3" fromWho="0" sc="412,-86,250,0,88,0,240,96" /><INIT seed="1,0,0,2,0,53" ten="326,250,88,336" oya="1" hai0="3,10,105,37,22,17,126,115,16,83,52,15,45" hai1="106,24,104,81,93,90,125,14,135,42,25,6,74" hai2="66,43,116,72,21,97,70,108,120,131,28,26,123" hai3="124,121,114,113,107,85,35,34,65,11,89,127,4"/><U44/><E125/><N who="3" m="48202" /><G107/><T19/><D115/><N who="3" m="44041" /><G65/><T57/><D105/><U62/><E135/><V103/><F116/><W54/><G54/><T2/><D126/><U47/><E106/><V18/><F72/><W129/><G121/><T51/><D83/><U67/><E104/><V13/><F108/><W130/><G89/><T87/><D87/><U63/><E81/><V20/><F131/><N who="3" m="50187" /><G85/><T40/><D19/><U88/><E74/><V73/><F73/><W76/><G76/><T96/><D96/><U56/><E63/><V50/><F70/><W95/><G95/><T7/><D17/><U79/><E79/><V82/><F82/><W110/><G110/><T128/><D128/><U77/><E77/><V1/><F66/><W92/><G92/><T132/><D132/><U32/><E90/><V59/><F43/><W112/><N who="3" m="44049" /><W100/><DORA hai="39" /><G100/><T49/><REACH who="0" step="1"/><D37/><REACH who="0" ten="316,250,88,336" step="2"/><U31/><E93/><V68/><F97/><W23/><G23/><T5/><D5/><U118/><E6/><V84/><F84/><W101/><G101/><T64/><D64/><U78/><E67/><V102/><F103/><W46/><G46/><T80/><D80/><U91/><E47/><V71/><F102/><W12/><AGARI ba="0,1" hai="4,11,12,34,35" m="50187,44049,48202" machi="12" ten="50,8000,1" yaku="18,1,19,1,34,2" doraHai="53,39" who="3" fromWho="3" sc="316,-20,250,-40,88,-20,336,90" /><INIT seed="2,0,0,3,1,10" ten="296,210,68,426" oya="2" hai0="55,83,77,2,82,54,106,9,40,126,39,122,108" hai1="129,81,64,36,30,11,118,88,98,111,7,28,123" hai2="92,132,3,102,62,121,113,59,27,119,103,37,68" hai3="35,84,60,13,69,52,46,107,133,87,67,66,49"/><V8/><F113/><W16/><G35/><T20/><D122/><U19/><E118/><V120/><F119/><W31/><G31/><T51/><D106/><U26/><E36/><V34/><F132/><W71/><G107/><T70/><D70/><U125/><E123/><V124/><F37/><W21/><G133/><T72/><D108/><U105/><E111/><V116/><F68/><W79/><G79/><T80/><D20/><U95/><E125/><V65/><F124/><W117/><G117/><T22/><D22/><N who="1" m="13663" /><E105/><V75/><F75/><W24/><G24/><T12/><D55/><U43/><E43/><V96/><F116/><W99/><G99/><T85/><D85/><N who="1" m="50223" /><E64/><V73/><F73/><W33/><G33/><T104/><D104/><U78/><E78/><V32/><F103/><W89/><G89/><T86/><D126/><U25/><E25/><V14/><F3/><W114/><G114/><T94/><D2/><U1/><E129/><V135/><F135/><W6/><G6/><T50/><D39/><U91/><E1/><V90/><F34/><W53/><G53/><T4/><D94/><U44/><E44/><V109/><F109/><W15/><G15/><T74/><D74/><U5/><E5/><V128/><F128/><W57/><G46/><N who="0" m="25927" /><D72/><U45/><E45/><AGARI ba="0,0" hai="4,9,12,45,51,54,77,80,82,83,86" m="25927" machi="45" ten="30,3900,0" yaku="25,1,8,1,52,1" doraHai="10" who="0" fromWho="1" sc="296,39,210,-39,68,0,426,0" /><INIT seed="3,0,0,0,4,65" ten="335,171,68,426" oya="3" hai0="86,100,31,56,24,68,21,1,83,74,49,122,96" hai1="41,30,48,2,111,26,71,35,107,43,54,18,23" hai2="115,73,47,98,128,116,70,37,79,113,99,85,75" hai3="80,39,38,7,127,19,34,9,108,103,120,118,125"/><W44/><G118/><T25/><D122/><U15/><E111/><V129/><F47/><W4/><G120/><T33/><D1/><U8/><E71/><V124/><F37/><W123/><G123/><T76/><D56/><N who="1" m="32839" /><E107/><V42/><F42/><W134/><G34/><T10/><D10/><U89/><E89/><V27/><F27/><W62/><G108/><T133/><D49/><U91/><E91/><V97/><F70/><W20/><G134/><T82/><D133/><U66/><E66/><V87/><F116/><W114/><G114/><T29/><D68/><U90/><E90/><V131/><F79/><W0/><G7/><AGARI ba="0,0" hai="2,7,8,15,18,23,26,30,35,41,43" m="32839" machi="7" ten="30,1000,0" yaku="24,1" doraHai="65" who="1" fromWho="3" sc="335,0,171,10,68,0,426,-10" owari="335,13.5,181,-21.9,68,-43.2,416,51.6" /></mjloggm>