<mjloggm ver="2.3"><GO type="225" lobby="0"/><UN n0="%E3%81%B5%E3%81%98%E3%81%8B%E3%81%A4" n1="%E4%BA%95%E5%B8%AF" n2="%E3%81%BF%E3%81%BF%E3%81%9A" n3="%E6%B4%BE%E9%81%A3%E3%81%AE%E3%82%B8%E3%83%A3%E3%83%83%E3%82%AF" dan="16,16,17,17" rate="2191.99,2044.70,2223.43,2170.29" sx="M,M,M,M"/><TAIKYOKU oya="0"/><INIT seed="0,0,0,1,2,109" ten="250,250,250,250" oya="0" hai0="60,67,92,59,32,28,127,119,107,64,72,26,96" hai1="76,87,97,49,57,9,7,6,105,98,34,18,0" hai2="30,61,41,48,75,22,65,14,110,56,33,68,15" hai3="10,93,130,38,55,69,124,104,106,40,39,132,120"/><T13/><D119/><U108/><E108/><V122/><F122/><W95/><G69/><T83/><D127/><U115/><E115/><V79/><F110/><W3/><G124/><T84/><D107/><U113/><E113/><V29/><F33/><W23/><G23/><T125/><D125/><U36/><E36/><V134/><F134/><W27/><G27/><T35/><D72/><U45/><E34/><V5/><F75/><W114/><G40/><T51/><D51/><U100/><E57/><V11/><F68/><W123/><G10/><T99/><D13/><U62/><E62/><V135/><F135/><W118/><G132/><T52/><D35/><U25/><E98/><V81/><F22/><W20/><G20/><T131/><D131/><U77/><E6/><V37/><F15/><W121/><G121/><T2/><D2/><U112/><E112/><V54/><F37/><W66/><G3/><T71/><D71/><U90/><E18/><V43/><F65/><W8/><G130/><T42/><D42/><U85/><E25/><V88/><F88/><W58/><G118/><T74/><D74/><U129/><E129/><V86/><F41/><W24/><G24/><T47/><D47/><AGARI ba="0,0" hai="5,11,14,29,30,43,47,48,54,56,61,79,81,86" machi="47" ten="40,5200,0" yaku="25,2,8,1" doraHai="109" who="2" fromWho="0" sc="250,-52,250,0,250,52,250,0" /><INIT seed="1,0,0,4,1,115" ten="198,250,302,250" oya="1" hai0="29,9,63,6,126,88,68,46,21,23,16,108,95" hai1="116,128,74,118,34,131,53,70,69,130,104,12,107" hai2="39,109,36,79,30,24,8,7,94,52,18,125,14" hai3="73,101,134,82,37,90,1,99,72,0,25,3,42"/><U19/><E74/><V58/><F109/><W38/><G134/><T87/><D108/><U48/><E34/><V32/><F125/><W71/><G71/><N who="1" m="27146" /><E53/><V75/><F94/><W103/><G25/><T122/><D126/><U35/><E48/><V84/><F75/><N who="3" m="28747" /><G42/><T10/><D122/><U62/><E62/><V92/><F7/><W50/><G50/><T86/><D68/><U43/><E43/><V45/><F45/><W91/><G82/><T117/><D117/><N who="1" m="45163" /><E35/><V54/><F54/><W96/><G96/><N who="0" m="57447" /><D63/><U57/><E57/><V112/><F112/><W5/><G5/><T120/><D120/><U102/><E102/><N who="3" m="38922" /><G99/><T135/><D135/><U65/><E65/><V123/><F123/><W64/><G64/><T20/><D46/><U44/><E44/><V55/><F55/><W97/><G97/><T26/><D6/><U124/><E124/><V2/><F92/><W59/><G59/><T129/><D21/><AGARI ba="0,0" hai="12,19,21,104,107,128,130,131" m="45163,27146" machi="21" ten="40,12000,1" yaku="19,1,52,3" doraHai="115" who="1" fromWho="0" sc="198,-120,250,120,302,0,250,0" /><INIT seed="1,1,0,2,1,90" ten="78,370,302,250" oya="1" hai0="123,62,117,51,16,24,66,92,45,103,78,93,9" hai1="102,98,81,80,127,126,11,10,100,115,74,7,38" hai2="131,84,76,31,97,88,125,19,112,91,95,82,0" hai3="73,111,106,42,60,101,5,53,121,63,17,22,4"/><U29/><E115/><V57/><F0/><W35/><G35/><T27/><D117/><U39/><E29/><V33/><F112/><W30/><G30/><T89/><D123/><U23/><E23/><V107/><F125/><N who="1" m="47625" /><E74/><V110/><F110/><W72/><G121/><T55/><D78/><U114/><E114/><V96/><F131/><W120/><G120/><T130/><D130/><U32/><E32/><V21/><F33/><W2/><G111/><T128/><D128/><U104/><E102/><V79/><F31/><W49/><G42/><T83/><D83/><N who="1" m="31819" /><E10/><V13/><REACH who="2" step="1"/><F57/><REACH who="2" ten="78,370,292,250" step="2"/><W119/><G119/><T18/><D103/><AGARI ba="1,1" hai="13,19,21,76,79,82,84,88,91,95,96,97,103,107" machi="103" ten="40,8000,1" yaku="1,1,2,1,52,1,54,1,53,0" doraHai="90" doraHaiUra="64" who="2" fromWho="0" sc="78,-83,370,0,292,93,250,0" owari="-5,-50.5,370,17.0,385,48.5,250,-15.0" /></mjloggm>