<mjloggm ver="2.3"><GO type="225" lobby="0"/><UN n0="%E5%8D%A0%E3%81%84%E5%B8%AB%E8%A3%8F%E3%81%AA%E3%81%84%E3%81%97" n1="%6D%61%74%69%67%75%73%61" n2="%E7%9C%BC%E7%A7%91%E5%8C%BB" n3="%E3%83%8F%E3%83%B3%E3%83%89%E3%83%A9%E3%83%BC%E3%83%BB%E3%83%AF%E3%83%B3" dan="17,17,16,17" rate="2177.37,2168.90,2143.81,2185.10" sx="M,M,M,M"/><TAIKYOKU oya="0"/><INIT seed="0,0,0,1,2,111" ten="250,250,250,250" oya="0" hai0="128,65,50,82,10,54,60,4,47,23,31,20,18" hai1="44,48,38,135,124,58,87,66,130,57,67,114,6" hai2="21,100,40,52,8,32,37,75,118,107,41,112,98" hai3="51,94,17,104,13,53,99,7,73,80,92,49,93"/><T19/><D128/><U9/><E130/><V81/><F32/><W46/><G7/><T77/><D31/><U36/><E87/><V28/><F37/><N who="1" m="14441" /><E9/><V108/><F112/><W33/><G33/><T45/><D45/><U30/><E30/><V132/><F108/><W29/><G29/><T105/><D105/><U113/><E6/><V5/><F132/><W133/><G133/><T71/><D20/><U120/><E124/><V22/><F118/><W59/><G104/><T14/><REACH who="0" step="1"/><D23/><REACH who="0" ten="240,250,250,250" step="2"/><U119/><E135/><V76/><F21/><N who="3" m="11439" /><G46/><T1/><D1/><U126/><E126/><V95/><F107/><W78/><G73/><AGARI ba="0,1" hai="4,10,14,18,19,47,50,54,60,65,71,73,77,82" machi="73" ten="30,2900,0" yaku="1,1,7,1,53,0" doraHai="111" doraHaiUra="109" who="0" fromWho="3" sc="240,39,250,0,250,0,250,-29" /><INIT seed="0,1,0,4,4,132" ten="279,250,250,221" oya="0" hai0="22,87,0,134,10,128,77,34,27,50,135,104,83" hai1="11,115,101,110,46,8,90,37,21,113,1,30,47" hai2="116,99,23,84,106,15,65,98,66,114,14,107,122" hai3="123,32,35,42,85,79,70,57,39,31,91,52,81"/><T117/><D117/><U19/><E101/><V60/><F114/><N who="1" m="43529" /><E30/><V75/><F75/><W58/><G70/><T41/><D104/><U44/><E110/><V118/><F84/><W71/><G71/><T9/><D128/><U82/><E37/><V120/><F23/><W18/><G123/><T7/><D34/><U96/><E1/><V36/><F60/><W78/><G58/><T59/><D9/><U29/><E29/><V4/><REACH who="2" step="1"/><F4/><REACH who="2" ten="279,250,240,221" step="2"/><W67/><G35/><T92/><D135/><U89/><E82/><V68/><F68/><W112/><G32/><T56/><D134/><U88/><E96/><V119/><F119/><W13/><G112/><T109/><D109/><U20/><E20/><V100/><F100/><W69/><G69/><T3/><D3/><U74/><E74/><V51/><F51/><W43/><G39/><AGARI ba="1,1" hai="14,15,36,39,65,66,98,99,106,107,116,118,120,122" machi="39" ten="25,8000,1" yaku="1,1,22,2,53,2" doraHai="132" doraHaiUra="102" who="2" fromWho="3" sc="279,0,250,0,240,93,221,-83" /><INIT seed="1,0,0,1,1,129" ten="279,250,333,138" oya="1" hai0="60,53,54,34,26,82,97,125,80,113,5,1,70" hai1="106,7,69,89,124,42,120,2,114,44,22,47,23" hai2="51,24,30,38,59,13,28,56,43,126,3,92,101" hai3="55,46,123,78,48,40,58,110,18,61,115,95,76"/><U119/><E114/><V108/><F3/><W29/><G123/><T94/><D113/><U134/><E120/><V79/><F38/><W93/><G115/><T86/><D125/><U132/><E119/><V72/><F126/><W6/><G110/><T103/><D5/><U16/><E124/><V27/><F108/><W20/><G29/><N who="2" m="11369" /><F72/><W104/><G104/><T75/><D1/><U83/><E69/><V111/><F79/><W10/><G78/><T32/><D75/><U105/><E2/><V85/><F13/><W35/><G35/><T8/><D8/><U37/><E7/><V87/><F101/><W117/><G76/><T33/><D26/><N who="2" m="9770" /><F92/><W63/><G117/><T118/><D118/><U77/><E89/><V96/><F96/><W121/><G121/><T0/><D0/><U98/><E47/><N who="2" m="26111" /><F111/><W73/><G73/><T15/><D15/><U131/><E131/><V128/><F128/><W14/><REACH who="3" step="1"/><G61/><REACH who="3" ten="279,250,333,128" step="2"/><T41/><D60/><U100/><E105/><V62/><F62/><W133/><G133/><N who="1" m="51306" /><E16/><V64/><F64/><W88/><G88/><T31/><D32/><U4/><E4/><V19/><F19/><W116/><G116/><T122/><D33/><U12/><E12/><AGARI ba="0,1" hai="6,10,12,14,18,20,40,46,48,55,58,63,93,95" machi="12" ten="30,7700,0" yaku="1,1,7,1,8,1,53,1" doraHai="129" doraHaiUra="49" who="3" fromWho="1" sc="279,0,250,-77,333,0,128,87" /><INIT seed="2,0,0,4,3,39" ten="279,173,333,215" oya="2" hai0="29,116,40,109,93,1,66,124,18,90,101,102,99" hai1="26,122,123,33,38,114,133,70,88,56,41,94,62" hai2="105,76,117,91,81,25,12,125,42,86,48,46,43" hai3="59,108,55,30,106,53,28,110,6,60,84,10,79"/><V2/><F2/><W52/><G106/><T78/><D109/><N who="3" m="42089" /><G84/><T121/><D1/><U92/><E70/><V7/><F117/><W134/><G79/><T107/><D121/><N who="1" m="46091" /><E114/><V11/><F105/><W3/><G134/><T16/><D66/><AGARI ba="0,0" hai="3,6,10,28,30,52,53,55,59,60,66" m="42089" machi="66" ten="30,2000,0" yaku="14,1,54,1" doraHai="39" who="3" fromWho="0" sc="279,-20,173,0,333,0,215,20" /><INIT seed="3,0,0,4,1,30" ten="259,173,333,235" oya="3" hai0="25,116,22,69,64,59,26,43,95,91,131,2,40" hai1="66,51,58,24,82,38,3,31,29,17,121,110,100" hai2="135,125,128,89,10,63,55,65,60,9,111,6,54" hai3="102,86,18,14,53,106,15,71,34,23,85,12,122"/><W75/><G122/><T48/><D116/><U124/><E38/><V93/><F111/><W19/><G75/><T113/><D2/><U76/><E121/><V7/><F128/><W49/><G71/><T0/><D0/><U4/><E100/><V119/><F119/><W80/><G34/><T77/><D69/><U132/><E110/><V52/><F135/><W79/><G106/><T50/><D77/><U1/><E132/><V118/><F125/><W101/><G86/><T87/><D131/><U74/><E124/><V36/><F36/><W42/><G42/><T61/><D113/><U70/><E70/><V5/><F118/><W78/><G78/><T83/><D25/><U73/><E74/><V84/><F65/><W62/><G62/><AGARI ba="0,0" hai="5,6,7,9,10,52,54,55,60,62,63,84,89,93" machi="62" ten="40,2600,0" yaku="8,1,54,1" doraHai="30" who="2" fromWho="3" sc="259,0,173,0,333,26,235,-26" owari="259,5.9,173,-32.7,359,45.9,209,-19.1" /></mjloggm>