<mjloggm ver="2.3"><GO type="225" lobby="0"/><UN n0="%43%68%65" n1="%E9%80%9F%E6%B0%B4%E5%87%9B%E9%A6%99" n2="%E8%90%BD%E6%97%A5" n3="%45%6C%79%73%69%75%6D" dan="16,16,18,17" rate="2181.08,2082.57,2209.27,2133.22" sx="M,F,F,F"/><TAIKYOKU oya="0"/><INIT seed="0,0,0,2,3,13" ten="250,250,250,250" oya="0" hai0="85,84,97,114,41,39,73,51,7,22,129,108,74" hai1="45,56,57,54,64,100,68,83,60,70,61,11,29" hai2="95,87,28,124,35,98,77,96,66,69,32,2,6" hai3="59,101,133,27,47,134,119,48,12,40,19,91,8"/><T90/><D114/><U132/><E100/><V38/><F38/><W135/><G119/><T58/><D39/><U21/><E29/><V103/><F124/><W36/><G101/><T86/><D7/><U16/><E11/><V127/><F127/><W62/><G36/><T25/><D129/><U82/><E132/><V67/><F98/><W9/><G27/><T0/><D0/><U118/><E118/><V128/><F128/><W71/><G71/><T122/><D122/><U5/><E5/><V111/><F111/><W131/><G131/><T49/><D49/><U116/><E116/><V18/><F28/><W106/><G106/><T1/><D1/><U26/><REACH who="1" step="1"/><E45/><REACH who="1" ten="250,240,250,250" step="2"/><V30/><F30/><W78/><G8/><T120/><D120/><U4/><E4/><V88/><F6/><W50/><G134/><T43/><D108/><U17/><E17/><V24/><F2/><W53/><G133/><T23/><D23/><U37/><E37/><V63/><F35/><W94/><G135/><T92/><D74/><U109/><E109/><V79/><F32/><W93/><G47/><T126/><D73/><U33/><E33/><V121/><F121/><W44/><G44/><T104/><D126/><U113/><E113/><V3/><F3/><W112/><G112/><T34/><D34/><U65/><E65/><V110/><F67/><W20/><G20/><T117/><D117/><U10/><E10/><V72/><F110/><W115/><G115/><T81/><D104/><U42/><E42/><V105/><F72/><W14/><G40/><T107/><D107/><U123/><E123/><RYUUKYOKU ba="0,1" sc="250,-15,240,15,250,15,250,-15" hai1="16,21,26,54,56,57,60,61,64,68,70,82,83" hai2="18,24,63,66,69,77,79,87,88,95,96,103,105" /><INIT seed="1,1,1,4,1,26" ten="235,255,265,235" oya="1" hai0="118,87,135,86,44,77,104,133,21,9,115,98,111" hai1="117,7,51,89,95,54,64,69,76,105,119,14,48" hai2="37,129,35,107,47,78,53,65,109,31,127,52,60" hai3="55,41,125,126,50,66,5,40,32,61,122,101,81"/><U93/><E105/><V23/><F107/><W24/><G122/><T11/><D115/><U63/><E76/><V33/><F78/><W123/><G123/><T90/><D118/><U73/><E73/><V1/><F1/><W72/><G5/><T0/><D111/><U88/><E7/><V82/><F82/><W57/><G101/><T18/><D77/><U62/><E14/><V96/><F96/><W39/><G81/><T134/><D44/><U27/><E27/><N who="2" m="16895" /><F37/><W42/><G72/><T83/><D87/><U92/><E64/><V6/><F6/><W36/><G24/><T124/><D124/><N who="3" m="47721" /><G32/><T2/><D2/><U68/><E92/><V30/><F30/><W114/><G114/><T80/><D80/><U28/><E54/><V17/><F17/><W99/><G99/><T113/><D113/><U13/><E13/><V3/><F3/><W45/><AGARI ba="1,1" hai="36,39,40,41,42,45,50,55,57,61,66" m="47721" machi="45" ten="30,4000,0" yaku="18,1,34,2" doraHai="26" who="3" fromWho="3" sc="235,-11,255,-21,265,-11,235,53" /><INIT seed="2,0,0,0,2,64" ten="224,234,254,288" oya="2" hai0="125,75,49,132,91,80,60,108,104,106,59,30,46" hai1="9,7,65,117,52,26,18,45,119,48,105,44,107" hai2="28,113,134,31,70,6,131,51,2,97,84,79,128" hai3="12,62,42,61,13,96,83,54,133,103,58,115,20"/><V110/><F113/><W29/><G133/><T101/><D132/><U53/><E65/><V130/><F134/><W10/><G115/><T126/><D30/><U56/><E107/><V73/><F73/><W63/><G42/><T112/><D112/><U16/><E105/><V76/><F110/><W38/><G38/><T121/><D108/><U41/><E45/><V120/><F120/><W39/><G39/><T1/><D1/><U116/><E26/><V4/><F97/><W89/><G29/><N who="2" m="11337" /><F51/><W35/><G35/><T135/><D135/><U72/><E72/><V111/><F111/><W33/><G33/><T11/><D11/><U27/><E27/><V57/><F57/><W17/><G83/><T94/><D121/><U95/><E95/><V118/><F118/><W34/><G34/><T55/><D75/><U87/><E87/><V21/><F21/><W92/><REACH who="3" step="1"/><G103/><REACH who="3" ten="224,234,254,278" step="2"/><T86/><D101/><U43/><E43/><V74/><F131/><W40/><G40/><N who="0" m="24775" /><D80/><U25/><E25/><V100/><F100/><W90/><G90/><T82/><D82/><U36/><REACH who="1" step="1"/><E53/><REACH who="1" ten="224,224,254,278" step="2"/><V66/><F130/><W15/><G15/><AGARI ba="0,2" hai="7,9,15,16,18,36,41,44,48,52,56,116,117,119" machi="15" ten="40,8000,1" yaku="1,1,2,1,54,2,53,1" doraHai="64" doraHaiUra="0" who="1" fromWho="3" sc="224,0,224,100,254,0,278,-80" /><INIT seed="3,0,0,0,2,8" ten="224,324,254,198" oya="3" hai0="119,121,39,102,123,76,5,1,15,113,116,60,87" hai1="134,2,126,33,31,98,61,125,114,66,130,67,47" hai2="7,135,89,6,44,124,16,129,56,106,127,9,19" hai3="41,4,91,109,37,38,49,117,71,57,131,95,32"/><W83/><G117/><T13/><D39/><U97/><E2/><V21/><F106/><W111/><G71/><T12/><D102/><U43/><E114/><V74/><F74/><W23/><G32/><T28/><D60/><U68/><E66/><V14/><F135/><W103/><G131/><T104/><D104/><U35/><E134/><V88/><F129/><W48/><G83/><T50/><D50/><N who="3" m="19561" /><G103/><T122/><D76/><U132/><E132/><V84/><F44/><W93/><G57/><T18/><D87/><U82/><E82/><N who="2" m="49175" /><F89/><W17/><G4/><T78/><D78/><U58/><E68/><V26/><F56/><W96/><G93/><T10/><D113/><U24/><E35/><V115/><F115/><W3/><G3/><T90/><D90/><U112/><E112/><V120/><F120/><W65/><G65/><T22/><D28/><U46/><E46/><V86/><F86/><W30/><G30/><T40/><D40/><U11/><E130/><V77/><F77/><W110/><G41/><T92/><D92/><U34/><E34/><V80/><F80/><W51/><N who="3" m="19569" /><W99/><DORA hai="128" /><G99/><T85/><D85/><U107/><E107/><V73/><F73/><W63/><G63/><T36/><D36/><N who="1" m="21991" /><E97/><V81/><F81/><W29/><G29/><T94/><D94/><U62/><E98/><V64/><F64/><W75/><G75/><T101/><D101/><U108/><E62/><V54/><F54/><W52/><G52/><T118/><AGARI ba="0,0" hai="1,5,10,12,13,15,18,22,116,118,119,121,122,123" machi="118" ten="40,12000,2" yaku="0,1,34,3,52,3" doraHai="8,128" who="0" fromWho="0" sc="224,120,324,-30,254,-30,198,-60" owari="344,44.4,294,9.4,224,-17.6,138,-36.2" /></mjloggm>