<mjloggm ver="2.3"><GO type="225" lobby="0"/><UN n0="%E3%81%BE%E3%81%A8%E3%81%9F" n1="%E9%A2%A8%E3%81%A7%E9%B3%B4%E3%81%8F" n2="%E7%BD%AA%E5%88%91%E6%B3%95%E5%AE%9A%E4%B8%BB%E7%BE%A9" n3="%6D%75%75%6D%75%72%61" dan="16,16,16,16" rate="2155.46,2135.16,2142.35,2154.09" sx="M,M,M,F"/><TAIKYOKU oya="0"/><INIT seed="0,0,0,4,2,27" ten="250,250,250,250" oya="0" hai0="66,44,38,0,96,10,97,89,14,101,1,21,75" hai1="105,25,83,134,133,108,32,3,113,85,23,58,79" hai2="62,120,7,43,70,114,33,18,76,56,80,65,24" hai3="100,34,107,39,129,53,29,95,130,11,125,41,115"/><T49/><D38/><U4/><E105/><V77/><F120/><W111/><G115/><T74/><D66/><U37/><E37/><V17/><F114/><W59/><G107/><T52/><D21/><U19/><E113/><V122/><F122/><W13/><G111/><T73/><D89/><U47/><E108/><V63/><F7/><W42/><G125/><T67/><D67/><U26/><E47/><V127/><F43/><W16/><G95/><T112/><D112/><U55/><E3/><V124/><F33/><W84/><G84/><T64/><D64/><U78/><E4/><V54/><F76/><W46/><G100/><T8/><D8/><U45/><E45/><V6/><F6/><W126/><G126/><N who="2" m="48169" /><F24/><N who="3" m="18727" /><G46/><T123/><D96/><U12/><E79/><V86/><AGARI ba="0,0" hai="17,18,54,56,62,63,65,70,77,80,86" m="48169" machi="86" ten="30,1100,0" yaku="18,1" doraHai="27" who="2" fromWho="2" sc="250,-5,250,-3,250,11,250,-3" /><INIT seed="1,0,0,0,0,81" ten="245,247,261,247" oya="1" hai0="53,44,134,33,21,76,7,37,131,128,27,68,116" hai1="69,19,133,79,57,65,118,22,36,67,40,42,77" hai2="80,89,78,75,121,38,60,48,3,24,88,125,102" hai3="46,99,52,119,32,50,91,30,103,114,51,0,101"/><U56/><E118/><V58/><F121/><W12/><G114/><T124/><D116/><U28/><E28/><V18/><F38/><W135/><G0/><T64/><D124/><U100/><E100/><V23/><F3/><W62/><G119/><T61/><D33/><U111/><E133/><V14/><F125/><W15/><G135/><T130/><D134/><U39/><E22/><V115/><F115/><W26/><G62/><T31/><D76/><U95/><E95/><V105/><F48/><W6/><G50/><N who="0" m="28871" /><D7/><U87/><E19/><V11/><F102/><W104/><G6/><T85/><D85/><U13/><E13/><V25/><F105/><W20/><G32/><T110/><D37/><U93/><E93/><V66/><REACH who="2" step="1"/><F25/><REACH who="2" ten="245,247,251,247" step="2"/><W8/><G101/><T5/><D5/><AGARI ba="0,1" hai="5,11,14,18,23,24,58,60,66,75,78,80,88,89" machi="5" ten="30,8000,1" yaku="1,1,2,1,7,1,54,1,53,1" doraHai="81" doraHaiUra="55" who="2" fromWho="0" sc="245,-80,247,0,251,90,247,0" /><INIT seed="2,0,0,2,3,7" ten="165,247,341,247" oya="2" hai0="84,69,39,16,61,102,71,51,67,115,34,10,88" hai1="29,57,90,129,92,18,37,119,30,63,111,113,86" hai2="99,123,22,101,106,108,59,118,13,62,109,95,77" hai3="76,125,48,24,134,97,93,5,122,36,41,17,15"/><V100/><F118/><W56/><G122/><T28/><D39/><U1/><E119/><V83/><F123/><W112/><G125/><T27/><D115/><U96/><E113/><V107/><F13/><W65/><G112/><T98/><D51/><U116/><E116/><V75/><F22/><W114/><G114/><T9/><D71/><U54/><E111/><N who="2" m="42571" /><F100/><W6/><G134/><T81/><REACH who="0" step="1"/><D16/><REACH who="0" ten="155,247,341,247" step="2"/><U46/><E37/><V4/><F4/><W128/><G36/><T104/><AGARI ba="0,1" hai="9,10,27,28,34,61,67,69,81,84,88,98,102,104" machi="104" ten="20,16000,3" yaku="1,1,2,1,0,1,7,1,25,2,52,2,54,1,53,0" doraHai="7" doraHaiUra="11" who="0" fromWho="0" sc="155,170,247,-40,341,-80,247,-40" /><INIT seed="3,0,0,5,0,20" ten="325,207,261,207" oya="3" hai0="79,3,44,122,103,47,51,25,95,43,118,56,104" hai1="42,124,50,71,59,58,116,110,68,115,112,77,80" hai2="21,15,35,119,113,2,83,97,98,11,10,76,32" hai3="78,121,22,131,127,60,123,23,69,38,34,13,0"/><W107/><G34/><T29/><D104/><U90/><E90/><V8/><F113/><N who="1" m="43593" /><E80/><V82/><F119/><W70/><G0/><T86/><D3/><U133/><E77/><V62/><F2/><W132/><G107/><T61/><D118/><U117/><E116/><V88/><F35/><W55/><G38/><T135/><D135/><U26/><E26/><V7/><F32/><W65/><G132/><T93/><D47/><N who="1" m="25975" /><E117/><V85/><F62/><W33/><G33/><T114/><D61/><U24/><E24/><V54/><F54/><W109/><G78/><T102/><D43/><U75/><E75/><V120/><F120/><W108/><G123/><T128/><D122/><U72/><E72/><V64/><F64/><W9/><G121/><T84/><D79/><U100/><E100/><V37/><F37/><W40/><G40/><T52/><D102/><U49/><E133/><V57/><F57/><N who="1" m="21513" /><E124/><V105/><F105/><W5/><G70/><N who="1" m="26666" /><E49/><V125/><F125/><W27/><G131/><T53/><D103/><U14/><E14/><V126/><F126/><W17/><G127/><T66/><D114/><U31/><E31/><V28/><F7/><W73/><G73/><T18/><D29/><U39/><E39/><V48/><F48/><W130/><G130/><T74/><D74/><U96/><E96/><V19/><F28/><N who="3" m="17527" /><G55/><T1/><D53/><U46/><E46/><V81/><F76/><W94/><G94/><AGARI ba="0,0" hai="8,10,11,15,19,21,81,82,83,85,88,94,97,98" machi="94" ten="40,2600,0" yaku="8,1,54,1" doraHai="20" who="2" fromWho="3" sc="325,0,207,0,261,26,207,-26" owari="325,42.5,207,-19.3,287,8.7,181,-31.9" /></mjloggm>