<mjloggm ver="2.3"><GO type="225" lobby="0"/><UN n0="%6B%69%72%61%64%6F%6B%69" n1="%E7%B4%94%E6%BD%94%E3%83%94%E3%83%A9%E3%83%8B%E3%82%A2" n2="%E3%81%B5%E3%81%98%E3%81%8B%E3%81%A4" n3="%6D%61%74%69%67%75%73%61" dan="16,16,16,17" rate="2077.38,2142.21,2144.09,2243.18" sx="M,M,M,M"/><TAIKYOKU oya="0"/><INIT seed="0,0,0,2,0,66" ten="250,250,250,250" oya="0" hai0="50,99,43,62,56,124,119,97,29,59,61,132,19" hai1="0,94,117,102,28,112,79,69,1,64,71,111,36" hai2="3,118,100,77,10,115,57,86,38,101,33,17,68" hai3="73,22,87,7,106,103,8,51,41,40,107,81,70"/><T65/><D29/><U127/><E36/><V12/><F115/><W52/><G73/><T96/><D119/><U54/><E117/><V16/><F118/><W23/><G70/><N who="1" m="26634" /><E64/><V26/><F38/><W47/><G107/><T76/><D132/><U109/><E79/><V15/><F3/><N who="1" m="1097" /><E54/><V122/><F68/><W32/><G32/><T58/><D124/><U48/><E48/><V108/><F33/><W126/><G126/><T130/><D130/><U88/><E127/><V46/><F122/><W85/><G103/><N who="2" m="39497" /><F108/><N who="1" m="41545" /><E28/><V90/><F77/><W25/><G51/><T91/><D76/><U13/><E13/><V45/><F26/><W53/><G25/><T11/><D91/><U128/><E102/><V113/><F57/><W105/><G47/><N who="2" m="17929" /><F113/><W78/><G78/><T95/><D50/><U2/><N who="1" m="1105" /><U104/><DORA hai="82" /><E112/><V42/><F42/><W134/><G41/><T123/><D43/><U21/><E21/><V34/><F34/><W55/><G40/><T37/><D37/><U49/><E49/><V89/><F89/><W20/><G53/><T27/><D59/><U5/><E5/><N who="2" m="3151" /><F15/><W116/><G116/><T14/><D27/><U98/><E128/><V9/><F9/><W31/><G8/><T93/><REACH who="0" step="1"/><D123/><REACH who="0" ten="240,250,250,250" step="2"/><U4/><E4/><V92/><AGARI ba="0,1" hai="16,17,86,90,92" m="3151,17929,39497" machi="92" ten="30,4000,0" yaku="8,1,52,1,54,1" doraHai="66,82" who="2" fromWho="2" sc="240,-20,250,-10,250,50,250,-10" /><INIT seed="1,0,0,1,3,114" ten="220,240,300,240" oya="1" hai0="40,27,70,49,25,37,23,98,30,56,8,108,51" hai1="116,11,90,1,126,15,44,61,112,10,100,95,60" hai2="127,128,79,123,84,50,129,107,24,64,111,9,73" hai3="133,132,54,80,42,89,94,103,47,97,93,46,48"/><U26/><E112/><V124/><F64/><W82/><G133/><T87/><D70/><U71/><E126/><N who="2" m="48171" /><F50/><W91/><G132/><T130/><D108/><U88/><E116/><V33/><F111/><W3/><G3/><T55/><D130/><N who="2" m="50282" /><F107/><W13/><G13/><T2/><D37/><U32/><E1/><V69/><F69/><W34/><G34/><T75/><D75/><U52/><E71/><V83/><F123/><W81/><REACH who="3" step="1"/><G93/><REACH who="3" ten="220,240,300,230" step="2"/><T65/><D2/><U99/><E32/><V113/><F113/><W43/><G43/><T135/><D40/><U78/><E26/><V45/><F33/><W131/><G131/><T12/><D25/><U109/><E109/><V41/><F24/><W68/><G68/><T35/><D135/><U92/><E11/><V18/><F9/><W76/><G76/><T121/><D35/><U59/><E78/><V106/><F106/><W16/><G16/><T6/><D8/><U101/><E44/><V17/><F45/><W58/><G58/><T0/><D56/><U74/><E74/><V67/><F41/><W29/><G29/><T21/><D30/><U14/><E14/><V19/><F73/><W125/><G125/><T63/><D12/><U77/><E77/><V36/><F36/><AGARI ba="0,1" hai="36,42,46,47,48,54,80,81,82,89,91,94,97,103" machi="36" ten="40,1300,0" yaku="1,1,53,0" doraHai="114" doraHaiUra="7" who="3" fromWho="2" sc="220,0,240,0,300,-13,230,23" /><INIT seed="2,0,0,3,2,33" ten="220,240,287,253" oya="2" hai0="18,15,125,116,76,115,50,134,114,53,31,89,74" hai1="42,58,95,26,109,82,23,124,75,122,17,37,104" hai2="35,96,83,10,88,86,28,128,111,102,108,129,79" hai3="46,97,1,34,29,41,21,130,85,11,40,63,69"/><V5/><F35/><W24/><G130/><T117/><D89/><U123/><E104/><N who="2" m="63559" /><F28/><W112/><G112/><N who="0" m="43051" /><D76/><N who="1" m="44319" /><E109/><N who="2" m="42059" /><F79/><W119/><G119/><N who="0" m="45643" /><D74/><U66/><E124/><V80/><F80/><W2/><G85/><T51/><D31/><U39/><E42/><V81/><F81/><W59/><G69/><T94/><D94/><U20/><E95/><V133/><F133/><W93/><G34/><T78/><D78/><U22/><E66/><V70/><F70/><W13/><G41/><T12/><D125/><U55/><E20/><V45/><F45/><W132/><G132/><T121/><D134/><U64/><E22/><V54/><F54/><W43/><G43/><T38/><D38/><U99/><E64/><V36/><F36/><W19/><G46/><T126/><D126/><U110/><E110/><V4/><F4/><W91/><G40/><T25/><D51/><N who="1" m="31103" /><E99/><V32/><F32/><W67/><AGARI ba="0,0" hai="1,2,11,13,19,21,24,29,59,63,67,91,93,97" machi="67" ten="20,5200,0" yaku="0,1,7,1,52,2" doraHai="33" who="3" fromWho="3" sc="220,-13,240,-13,287,-26,253,52" /><INIT seed="3,0,0,1,5,34" ten="207,227,261,305" oya="3" hai0="74,95,127,55,110,116,113,4,126,111,109,61,49" hai1="13,57,121,3,64,23,24,129,115,100,80,28,96" hai2="47,105,45,69,21,59,82,27,10,48,120,123,72" hai3="15,68,106,122,56,83,62,99,134,125,92,90,26"/><W132/><G122/><N who="2" m="46633" /><F105/><W6/><G125/><N who="0" m="47627" /><D74/><U67/><E80/><V107/><F69/><W51/><G106/><T73/><D73/><U31/><E31/><N who="2" m="17903" /><F107/><W131/><G131/><T91/><D116/><U128/><E115/><V102/><F102/><W130/><G130/><T0/><D61/><U98/><E98/><V1/><F59/><W86/><G68/><T35/><D35/><U114/><E114/><V37/><F37/><W33/><G51/><T63/><D63/><U18/><E121/><V124/><F48/><W53/><G33/><T20/><D20/><U58/><E129/><V22/><F22/><W39/><G39/><T93/><D113/><U81/><E81/><V41/><F41/><W29/><G29/><T71/><D71/><U5/><E128/><V66/><F66/><W133/><G26/><T135/><D135/><U40/><E40/><V97/><F97/><W7/><G15/><T94/><D91/><AGARI ba="0,0" hai="6,7,53,56,62,83,86,90,91,92,99,132,133,134" machi="91" ten="40,2000,0" yaku="20,1" doraHai="34" who="3" fromWho="0" sc="207,-20,227,0,261,0,305,20" owari="187,-31.3,227,-17.3,261,6.1,325,42.5" /></mjloggm>