<mjloggm ver="2.3"><GO type="225" lobby="0"/><UN n0="%E3%81%BF%E3%81%BF%E3%81%9A" n1="%E5%AF%82%E5%AF%9E%E3%82%AE%E3%83%8D%E3%82%B9%E3%83%93%E3%83%BC%E3%83%AB" n2="%73%7A%2E%64%31" n3="%E6%A0%B9%E5%85%83%E3%81%8B%E3%82%89%E5%90%B9%E3%81%A3%E9%A3%9B%E3%81%B6" dan="17,16,16,17" rate="2192.66,2152.73,2107.86,2208.06" sx="M,M,M,F"/><TAIKYOKU oya="0"/><INIT seed="0,0,0,1,3,106" ten="250,250,250,250" oya="0" hai0="29,26,23,22,72,77,124,91,15,135,21,66,123" hai1="62,128,125,86,71,87,83,10,11,109,96,104,130" hai2="34,40,94,74,31,51,102,100,61,58,18,121,65" hai3="9,39,68,60,17,25,115,114,134,6,122,111,131"/><T8/><D123/><U103/><E109/><V3/><F121/><W33/><G39/><T44/><D135/><U132/><E132/><V52/><F3/><W20/><G60/><T112/><D112/><U64/><E125/><V38/><F74/><W73/><G68/><T36/><D124/><U24/><E87/><V50/><F34/><W99/><G99/><T56/><D91/><U82/><E82/><V27/><F31/><N who="3" m="19695" /><G111/><T108/><D108/><U0/><E24/><V47/><F94/><W16/><G73/><T101/><D101/><U13/><E0/><V46/><REACH who="2" step="1"/><F38/><REACH who="2" ten="250,250,240,250" step="2"/><W98/><G122/><T89/><D36/><U97/><E97/><V90/><F90/><W133/><G98/><T63/><D89/><N who="1" m="51423" /><E13/><V2/><F2/><N who="3" m="215" /><G134/><T4/><D72/><U79/><E79/><V30/><F30/><W35/><G133/><T1/><D77/><U5/><E96/><V95/><F95/><W110/><G35/><T7/><D1/><N who="1" m="303" /><E103/><V70/><F70/><W105/><G110/><T49/><REACH who="0" step="1"/><D4/><REACH who="0" ten="240,250,240,250" step="2"/><U19/><E104/><V118/><F118/><W57/><G114/><T78/><D78/><U107/><E107/><V48/><F48/><W93/><G115/><T126/><D126/><U88/><E88/><V67/><F67/><W84/><G105/><T85/><D85/><U32/><E64/><V45/><F45/><W53/><G84/><T129/><D129/><U127/><E127/><V54/><F54/><AGARI ba="0,2" hai="7,8,15,21,22,23,26,29,44,49,54,56,63,66" machi="54" ten="30,11600,0" yaku="1,1,7,1,8,1,53,1" doraHai="106" doraHaiUra="41" who="0" fromWho="2" sc="240,136,250,0,240,-116,250,0" /><INIT seed="0,1,0,5,5,50" ten="376,250,124,250" oya="0" hai0="19,0,125,36,128,48,113,41,92,103,25,53,62" hai1="107,130,8,69,45,18,73,26,42,122,133,30,60" hai2="64,118,89,12,49,9,95,13,93,88,59,77,110" hai3="11,39,27,101,86,109,32,67,68,74,4,119,66"/><T14/><D113/><U104/><E122/><V78/><F118/><W124/><G74/><T17/><D0/><U72/><E130/><V43/><F110/><W111/><G119/><T126/><D128/><U37/><E18/><V28/><F28/><W20/><G39/><T2/><D2/><U114/><E8/><V131/><F131/><W65/><G32/><T134/><D62/><U121/><E121/><V44/><F12/><N who="3" m="5223" /><G101/><T35/><D134/><U87/><E87/><V106/><F106/><N who="1" m="40489" /><E114/><V120/><F120/><W46/><G46/><T56/><D41/><U112/><E133/><V76/><F95/><W21/><G124/><N who="0" m="47723" /><D36/><U129/><E129/><V54/><F64/><W52/><G68/><T1/><D1/><U24/><E112/><V79/><N who="2" m="19456" /><DORA hai="61" /><V51/><REACH who="2" step="1"/><F93/><REACH who="2" ten="376,250,114,250" step="2"/><W116/><G116/><T22/><D92/><U117/><E117/><V90/><F90/><W94/><G111/><T85/><D35/><N who="1" m="20935" /><E26/><V40/><F40/><W82/><G94/><T34/><D34/><U108/><E108/><V98/><F98/><W84/><G27/><T29/><D29/><U16/><E16/><AGARI ba="1,1" hai="9,13,16,43,44,49,51,54,59,88,89" m="19456" machi="16" ten="50,8000,1" yaku="1,1,8,1,52,1,54,2,53,0" doraHai="50,61" doraHaiUra="102,127" who="2" fromWho="1" sc="376,0,250,-83,114,93,250,0" /><INIT seed="1,0,0,1,3,113" ten="376,167,207,250" oya="1" hai0="111,2,66,71,56,85,35,107,10,43,91,104,82" hai1="79,34,20,36,60,94,38,45,53,72,39,68,24" hai2="134,88,58,11,133,110,21,40,106,12,33,5,54" hai3="8,127,81,95,129,99,125,114,17,115,98,112,78"/><U92/><E34/><V46/><F106/><W65/><G65/><T3/><D35/><U63/><E72/><V49/><F33/><W105/><G8/><T121/><D71/><U15/><E79/><V29/><F110/><W108/><G17/><T48/><D111/><U116/><E15/><V132/><F29/><W126/><G108/><T75/><D121/><U30/><E116/><V87/><F21/><W120/><G120/><T7/><D2/><U61/><REACH who="1" step="1"/><E68/><REACH who="1" ten="376,157,207,250" step="2"/><V31/><F31/><W64/><G115/><T18/><D75/><U23/><E23/><V37/><REACH who="2" step="1"/><F134/><REACH who="2" ten="376,157,197,250" step="2"/><W119/><G114/><T128/><D128/><U42/><E42/><V16/><F16/><W103/><G112/><T89/><D18/><U14/><E14/><V102/><F102/><N who="3" m="62679" /><G129/><T47/><D89/><U122/><E122/><V22/><F22/><W96/><G103/><T80/><D91/><U131/><E131/><V109/><F109/><W100/><G100/><T83/><D43/><U27/><E27/><V52/><F52/><W13/><G13/><T6/><D6/><U19/><E19/><V123/><F123/><W70/><G127/><T74/><D7/><U93/><E93/><AGARI ba="0,2" hai="5,11,12,37,40,46,49,54,58,87,88,93,132,133" machi="93" ten="40,2600,0" yaku="1,1,54,1,53,0" doraHai="113" doraHaiUra="62" who="2" fromWho="1" sc="376,0,157,-26,197,46,250,0" /><INIT seed="2,0,0,1,2,10" ten="376,131,243,250" oya="2" hai0="1,18,112,33,116,49,35,6,61,14,113,19,83" hai1="133,95,55,89,92,48,71,90,40,132,97,36,98" hai2="120,27,11,29,68,8,16,82,52,75,46,42,119" hai3="39,115,86,107,123,54,101,77,126,0,134,118,64"/><V106/><F120/><W76/><G118/><T57/><D49/><U51/><E71/><V122/><F122/><W124/><G39/><T56/><D83/><U70/><E70/><V80/><F119/><W45/><G134/><T128/><D116/><U17/><E36/><V91/><F68/><W109/><G109/><T88/><D6/><U26/><E40/><V5/><F106/><W7/><G64/><T34/><D1/><U50/><REACH who="1" step="1"/><E55/><REACH who="1" ten="376,121,243,250" step="2"/><V58/><F52/><W9/><G123/><T62/><D113/><U96/><E96/><V43/><F43/><W60/><G54/><T100/><D112/><U94/><E94/><V131/><F42/><W79/><G115/><T130/><D130/><U73/><E73/><V31/><F131/><W20/><G107/><T99/><D128/><U22/><AGARI ba="0,1" hai="17,22,26,48,50,51,89,90,92,95,97,98,132,133" machi="22" ten="30,4000,0" yaku="1,1,0,1,9,1,53,0" doraHai="10" doraHaiUra="69" who="1" fromWho="1" sc="376,-10,121,50,243,-20,250,-10" /><INIT seed="3,0,0,4,5,2" ten="366,171,223,240" oya="3" hai0="10,15,90,105,27,14,113,95,73,128,67,29,86" hai1="74,71,115,48,109,41,119,65,25,8,72,92,122" hai2="17,75,129,64,118,104,23,123,18,30,52,42,1" hai3="4,13,106,127,133,124,24,49,38,31,93,69,63"/><W79/><G106/><T66/><D128/><U103/><E115/><V116/><F75/><W112/><G38/><T16/><D113/><U134/><E122/><V102/><F123/><W76/><G112/><T135/><D135/><U81/><E134/><V55/><F1/><W28/><G49/><T78/><D105/><U12/><E109/><V107/><F42/><W36/><G36/><T125/><D125/><N who="3" m="48201" /><G31/><T85/><D73/><U126/><E119/><V83/><F30/><W94/><G63/><T35/><D78/><N who="3" m="29737" /><G69/><T21/><D85/><U19/><E71/><V99/><F99/><W44/><G44/><T87/><D86/><U117/><E74/><V20/><F129/><W77/><N who="3" m="29745" /><W50/><DORA hai="89" /><G50/><T54/><D54/><U97/><E48/><V80/><F64/><W130/><G130/><T22/><D35/><U57/><E41/><V114/><F114/><W51/><G51/><T131/><D131/><U5/><E126/><V59/><F59/><W33/><G133/><T46/><D46/><U98/><E117/><V121/><F121/><W56/><G56/><T62/><D62/><U120/><E120/><V68/><F68/><W9/><AGARI ba="0,0" hai="4,9,13,24,28,33,93,94" m="29745,48201" machi="9" ten="40,12000,1" yaku="18,1,52,3" doraHai="2,89" who="3" fromWho="3" sc="366,-40,171,-40,223,-40,240,120" owari="326,12.6,131,-36.9,183,-21.7,360,46.0" /></mjloggm>