<mjloggm ver="2.3"><GO type="225" lobby="0"/><UN n0="%E6%A1%9C%E8%8A%B1%E9%96%83%E3%80%85" n1="%72%69%6F%75%63%68%61%6E" n2="%E6%A0%B9%E5%85%83%E3%81%8B%E3%82%89%E5%90%B9%E3%81%A3%E9%A3%9B%E3%81%B6" n3="%E5%B0%8F%E9%B3%A5%E9%81%8A%E7%B7%B4%E7%84%A1%32%31%E6%AD%B3" dan="16,16,17,16" rate="2036.11,2133.95,2138.26,2143.39" sx="M,M,F,F"/><TAIKYOKU oya="0"/><INIT seed="0,0,0,3,4,35" ten="250,250,250,250" oya="0" hai0="133,129,90,126,15,6,53,66,38,108,65,78,50" hai1="19,88,74,92,102,18,0,61,86,93,101,44,113" hai2="135,42,128,91,104,57,31,29,76,7,23,2,28" hai3="49,71,134,12,48,64,63,17,87,10,26,127,96"/><T33/><D126/><U40/><E74/><V130/><F104/><W110/><G110/><T70/><D129/><N who="2" m="49770" /><F42/><W94/><G134/><T22/><D33/><U39/><E113/><V51/><F76/><W3/><G127/><T117/><D117/><U109/><E109/><V46/><F57/><W131/><G87/><T55/><D38/><U41/><E0/><V95/><F135/><W45/><G131/><T75/><D133/><U60/><E41/><N who="2" m="25039" /><F23/><W79/><G79/><T116/><D22/><U58/><E60/><V5/><F2/><W36/><G3/><T37/><D37/><U83/><E93/><V47/><F47/><W132/><G132/><T112/><D116/><U81/><E83/><V80/><F80/><W1/><G36/><T100/><D78/><U8/><E8/><V124/><F124/><W69/><G69/><T62/><D112/><U84/><E102/><V52/><F52/><N who="0" m="20042" /><D100/><U16/><E101/><V20/><F20/><W43/><G1/><T68/><D75/><U115/><E115/><V118/><F118/><W27/><G49/><T14/><D108/><U85/><REACH who="1" step="1"/><E81/><REACH who="1" ten="250,240,250,250" step="2"/><V24/><F95/><W103/><AGARI ba="0,1" hai="10,12,17,26,27,43,45,48,63,64,71,94,96,103" machi="103" ten="20,1500,0" yaku="0,1,7,1" doraHai="35" who="3" fromWho="3" sc="250,-7,240,-4,250,-4,250,25" /><INIT seed="1,0,0,3,2,130" ten="243,236,246,275" oya="1" hai0="4,28,2,37,66,102,127,81,32,43,84,108,128" hai1="38,109,124,6,19,70,12,122,22,60,99,45,119" hai2="64,47,17,92,42,126,110,49,77,106,54,31,94" hai3="97,25,72,107,83,101,27,129,46,88,63,115,133"/><U55/><E119/><V71/><F110/><W135/><G115/><T24/><D128/><U118/><E118/><V103/><F126/><W131/><G46/><T52/><D108/><U105/><E122/><V14/><F77/><N who="3" m="44455" /><G63/><T23/><D127/><U76/><E124/><V33/><F106/><W48/><G48/><T104/><D66/><U87/><E109/><V1/><F1/><W56/><G56/><T40/><D102/><U35/><E35/><V3/><F3/><W114/><G25/><T8/><D104/><U30/><E30/><V18/><F18/><W86/><G27/><T9/><D37/><U75/><E75/><V10/><F103/><W120/><G114/><T134/><D134/><N who="3" m="51209" /><G120/><T69/><D24/><U90/><E38/><N who="2" m="21975" /><F31/><W50/><G50/><T5/><D28/><U113/><E113/><V96/><F33/><W59/><G59/><T61/><D32/><U53/><E45/><V117/><F117/><W132/><N who="3" m="51217" /><W58/><DORA hai="121" /><G58/><T68/><D61/><U112/><E60/><V21/><F49/><W15/><G15/><T29/><D29/><U51/><E12/><V98/><F54/><W65/><G65/><T16/><D52/><U91/><E53/><V116/><F116/><W13/><G13/><N who="0" m="9615" /><D40/><U62/><E55/><V44/><F44/><W34/><G34/><T36/><D43/><U78/><E62/><N who="2" m="40343" /><F21/><W73/><G73/><T89/><D36/><U74/><E22/><V39/><F39/><W82/><AGARI ba="0,0" hai="82,86,88,97,101,107,129,131" m="51217,44455" machi="82" ten="40,16000,3" yaku="20,1,34,2,52,4,54,1" doraHai="130,121" who="3" fromWho="3" sc="243,-40,236,-80,246,-40,275,160" /><INIT seed="2,0,0,4,3,79" ten="203,156,206,435" oya="2" hai0="36,35,48,71,115,38,112,25,58,0,27,1,72" hai1="69,46,110,33,18,78,91,4,11,74,113,53,107" hai2="134,19,129,68,34,111,133,14,28,44,6,5,94" hai3="49,77,29,66,57,16,106,7,8,39,100,55,61"/><V101/><F68/><W135/><G39/><N who="0" m="14891" /><D58/><U130/><E113/><N who="0" m="43593" /><D48/><U128/><E110/><V12/><F44/><W99/><G135/><N who="2" m="51721" /><F101/><W85/><G29/><N who="0" m="19887" /><D27/><U63/><E107/><V23/><F94/><W119/><G119/><T41/><D41/><U31/><E18/><N who="2" m="10695" /><F129/><N who="1" m="49769" /><E91/><V127/><F127/><W75/><G75/><T2/><D71/><U125/><E125/><V92/><F92/><W67/><G16/><T122/><D72/><U15/><E46/><V37/><F37/><W114/><G114/><T109/><D109/><U13/><E53/><V9/><F111/><W30/><G100/><T97/><D97/><U93/><E93/><V62/><F62/><W17/><G61/><T42/><D42/><U131/><N who="1" m="49777" /><U118/><DORA hai="3" /><E118/><V51/><F51/><W22/><G49/><T47/><D47/><U84/><E63/><V10/><F10/><W86/><G8/><T89/><D89/><U43/><E43/><V56/><F56/><W104/><G57/><T76/><D76/><U65/><E69/><V59/><F59/><W52/><G106/><T21/><D21/><U82/><E65/><V120/><F120/><AGARI ba="0,0" hai="0,1,2,120,122" m="19887,43593,14891" machi="120" ten="40,1300,0" yaku="23,1" doraHai="79,3" who="0" fromWho="2" sc="203,13,156,0,206,-13,435,0" /><INIT seed="3,0,0,4,2,129" ten="216,156,193,435" oya="3" hai0="91,104,13,85,115,41,15,44,87,20,126,105,66" hai1="63,113,135,64,17,117,39,122,112,80,89,79,75" hai2="133,119,111,134,100,120,31,97,76,86,83,29,81" hai3="34,125,114,23,7,24,106,10,73,33,67,127,71"/><W19/><G73/><T42/><D126/><U124/><E122/><V57/><F111/><W28/><G106/><T110/><D110/><U22/><E124/><N who="3" m="47690" /><G67/><T65/><D20/><U43/><E117/><V27/><F119/><W50/><G71/><T96/><D91/><U84/><E43/><V51/><F120/><W68/><G68/><T21/><D21/><U45/><E45/><V121/><F121/><W131/><G114/><T53/><D53/><U25/><E39/><V101/><F51/><W6/><G131/><T93/><D93/><U95/><REACH who="1" step="1"/><E135/><REACH who="1" ten="216,146,193,435" step="2"/><N who="2" m="51723" /><F57/><AGARI ba="0,1" hai="17,22,25,57,63,64,75,79,80,84,89,95,112,113" machi="57" ten="30,2000,0" yaku="1,1,7,1,53,0" doraHai="129" doraHaiUra="36" who="1" fromWho="2" sc="216,0,146,30,193,-20,435,0" owari="216,1.6,176,-22.4,173,-32.7,435,53.5" /></mjloggm>