<mjloggm ver="2.3"><GO type="225" lobby="0"/><UN n0="%E3%81%95%E3%81%8D%E3%81%9F%E3%81%BE%E6%9E%97%E6%AA%8E" n1="%E7%89%B9%E6%9D%B1%E3%81%AF%E4%B8%96%E7%95%8C%E3%82%92%E6%95%91%E3%81%86" n2="%E4%BF%BA%E3%81%A8%E5%A6%96%E5%A4%A2" n3="%E6%81%A5%E6%99%92%E3%81%97" dan="16,16,17,16" rate="2049.34,2178.61,2174.45,2129.56" sx="M,M,F,M"/><TAIKYOKU oya="0"/><INIT seed="0,0,0,1,4,64" ten="250,250,250,250" oya="0" hai0="3,25,114,71,104,10,40,5,82,68,61,47,73" hai1="80,27,21,120,72,11,1,52,87,77,98,62,16" hai2="99,70,54,55,93,135,119,81,76,123,49,46,23" hai3="37,83,105,126,45,86,26,132,110,91,133,35,65"/><T8/><D114/><U56/><E120/><V118/><F123/><W59/><G105/><T13/><D25/><U122/><E122/><V4/><F135/><W9/><G110/><T6/><D61/><U60/><E98/><V67/><F4/><W113/><G113/><T94/><D94/><U19/><E62/><V100/><F23/><W85/><G126/><T124/><D124/><U2/><REACH who="1" step="1"/><E72/><REACH who="1" ten="250,240,250,250" step="2"/><V15/><F119/><W63/><G132/><T92/><D92/><U131/><E131/><V112/><F118/><W109/><G133/><T0/><D104/><U18/><E18/><V66/><F112/><W50/><G63/><T90/><D13/><AGARI ba="0,1" hai="1,2,11,13,16,19,21,27,52,56,60,77,80,87" machi="13" ten="40,5200,0" yaku="1,1,54,2,53,0" doraHai="64" doraHaiUra="125" who="1" fromWho="0" sc="250,-52,240,62,250,0,250,0" /><INIT seed="1,0,0,3,4,24" ten="198,302,250,250" oya="1" hai0="81,125,68,5,133,97,4,119,79,106,92,18,32" hai1="34,121,64,33,116,91,21,95,27,39,117,118,1" hai2="77,108,57,61,73,42,19,13,41,20,130,2,112" hai3="85,58,76,26,31,29,69,60,6,16,65,101,82"/><U94/><E121/><V10/><F108/><W22/><G69/><T99/><D68/><U86/><E1/><V67/><F130/><W23/><G6/><T84/><D119/><U35/><E39/><V113/><F77/><W0/><G0/><T51/><D133/><U104/><E104/><V30/><F73/><W100/><REACH who="3" step="1"/><G31/><REACH who="3" ten="198,302,250,240" step="2"/><T45/><D125/><U88/><E64/><V7/><REACH who="2" step="1"/><F30/><REACH who="2" ten="198,302,240,240" step="2"/><W129/><G129/><T55/><D32/><U124/><E124/><V62/><F62/><W98/><G98/><T37/><D99/><U15/><E34/><V115/><AGARI ba="0,2" hai="2,7,10,13,19,20,41,42,57,61,67,112,113,115" machi="115" ten="30,4000,0" yaku="1,1,0,1,11,1,53,0" doraHai="24" doraHaiUra="43" who="2" fromWho="2" sc="198,-10,302,-20,240,60,240,-10" /><INIT seed="2,0,0,1,3,18" ten="188,282,300,230" oya="2" hai0="98,68,61,20,21,10,73,40,43,127,88,118,1" hai1="113,87,84,16,79,104,71,133,65,72,14,8,80" hai2="102,30,0,114,85,66,69,90,131,29,35,134,82" hai3="101,105,15,28,126,115,75,51,107,94,112,7,116"/><V42/><F114/><N who="3" m="43563" /><G116/><T9/><D73/><U2/><E113/><V99/><F131/><W19/><G75/><T12/><D118/><U89/><E104/><V36/><F134/><W81/><G7/><T31/><D31/><U56/><E71/><V124/><F124/><W100/><G126/><T125/><D1/><U46/><E133/><V109/><F0/><W23/><G81/><T26/><D68/><U34/><E34/><V45/><F35/><W103/><G94/><N who="0" m="56647" /><D125/><U128/><E128/><V27/><F109/><W91/><G91/><T33/><D33/><U63/><E2/><V86/><F86/><W64/><G64/><T67/><D127/><U41/><REACH who="1" step="1"/><E89/><REACH who="1" ten="188,272,300,230" step="2"/><V77/><F90/><W39/><G105/><T76/><D76/><U22/><E22/><N who="0" m="8809" /><D26/><U120/><E120/><V55/><F27/><W60/><G107/><T110/><D110/><U32/><E32/><V4/><F69/><W74/><G74/><T62/><D10/><U96/><E96/><V58/><F99/><W17/><G39/><AGARI ba="0,1" hai="8,14,16,39,41,46,56,63,65,72,79,80,84,87" machi="39" ten="30,3900,0" yaku="1,1,7,1,54,1,53,0" doraHai="18" doraHaiUra="121" who="1" fromWho="3" sc="188,0,272,49,300,0,230,-39" /><INIT seed="3,0,0,1,2,124" ten="188,321,300,191" oya="3" hai0="66,54,59,132,56,116,7,43,72,44,133,92,49" hai1="2,17,11,122,65,111,125,76,48,105,102,106,74" hai2="22,128,131,134,37,42,119,70,33,115,39,21,103" hai3="31,16,24,3,108,88,80,61,46,81,36,62,135"/><W126/><G126/><T29/><D116/><U107/><E122/><V114/><F119/><W63/><G3/><T13/><D72/><U78/><E125/><V94/><F70/><W60/><G108/><T6/><D29/><U20/><E111/><V86/><F33/><W18/><G135/><N who="0" m="51787" /><D66/><U104/><E65/><V120/><F134/><W53/><G36/><N who="2" m="13897" /><F42/><W64/><G64/><T99/><D59/><U30/><E30/><V40/><F40/><W50/><N who="3" m="15360" /><DORA hai="79" /><W71/><G71/><T35/><D35/><U121/><E121/><V45/><F45/><W67/><G67/><T28/><D28/><U69/><E69/><V14/><F14/><W123/><G123/><T129/><D129/><N who="2" m="49738" /><F120/><W19/><REACH who="3" step="1"/><G88/><REACH who="3" ten="188,321,300,181" step="2"/><N who="0" m="55687" /><D13/><U32/><E2/><V51/><F114/><W73/><G73/><T98/><D98/><U8/><E74/><V58/><F115/><W90/><G90/><T4/><D56/><U47/><E78/><V101/><F58/><W9/><G9/><T112/><D112/><U109/><E76/><V23/><F51/><W41/><G41/><AGARI ba="0,1" hai="4,6,7,41,43,44,49,54" m="55687,51787" machi="41" ten="30,2000,0" yaku="20,1,54,1" doraHai="124,79" who="0" fromWho="3" sc="188,30,321,0,300,0,181,-20" owari="218,-18.2,321,42.1,300,10.0,161,-33.9" /></mjloggm>