<mjloggm ver="2.3"><GO type="225" lobby="0"/><UN n0="%E5%BA%97%E9%95%B7%4D" n1="%6D%75%75%73%61%6E%6D%75" n2="%6C%61%6D%62" n3="%E5%B0%8F%E9%B3%A5%E9%81%8A%E7%B7%B4%E7%84%A1%32%31%E6%AD%B3" dan="16,16,16,16" rate="2080.07,2144.60,2172.65,2199.56" sx="M,F,M,F"/><TAIKYOKU oya="0"/><INIT seed="0,0,0,2,5,40" ten="250,250,250,250" oya="0" hai0="97,39,92,45,87,106,6,49,123,64,20,60,13" hai1="95,96,65,62,12,50,5,16,120,53,133,104,25" hai2="14,80,66,130,21,115,42,75,76,81,61,86,108" hai3="131,63,35,70,91,121,44,72,135,102,73,88,58"/><T74/><D74/><U11/><E133/><V99/><F115/><W7/><G35/><T59/><D39/><U127/><E127/><V69/><F108/><W113/><G70/><T24/><D106/><U128/><E128/><V134/><F134/><W9/><G131/><T129/><D87/><U37/><E37/><V111/><F111/><W90/><G121/><T68/><D129/><U118/><E104/><V107/><F130/><W38/><G102/><T93/><D123/><U112/><E120/><V103/><F42/><W101/><G101/><T84/><D84/><U79/><E118/><V0/><F0/><W4/><G4/><T48/><D48/><U3/><E79/><V30/><F14/><W117/><G113/><T15/><D68/><U55/><E112/><V27/><REACH who="2" step="1"/><F80/><REACH who="2" ten="250,250,240,250" step="2"/><W98/><G135/><T83/><D83/><U57/><E25/><V114/><F114/><W132/><G132/><T34/><D34/><U54/><E3/><V71/><F71/><W17/><G117/><T125/><D125/><U29/><E5/><V31/><F31/><W105/><G7/><T77/><D77/><U47/><E29/><V23/><F23/><W100/><G17/><N who="0" m="12303" /><D6/><U28/><E28/><V36/><F36/><W78/><G78/><T116/><D116/><U43/><E43/><V67/><F67/><W22/><G22/><T119/><D119/><U124/><E124/><V94/><F94/><N who="0" m="36458" /><D97/><U110/><E110/><V33/><F33/><W46/><G38/><T126/><D126/><U109/><E109/><V85/><AGARI ba="0,1" hai="21,27,30,61,66,69,75,76,81,85,86,99,103,107" machi="85" ten="30,2000,0" yaku="1,1,0,1,53,0" doraHai="40" doraHaiUra="1" who="2" fromWho="2" sc="250,-10,250,-5,240,30,250,-5" /><INIT seed="1,0,0,3,0,105" ten="240,245,270,245" oya="1" hai0="90,8,68,75,70,52,118,11,46,72,18,49,91" hai1="45,56,42,43,80,60,38,24,20,106,114,119,78" hai2="12,36,58,124,86,48,116,85,88,97,4,22,30" hai3="109,107,87,28,40,74,111,3,39,69,54,7,41"/><U2/><E114/><V95/><F116/><W130/><G69/><T14/><D14/><U50/><E119/><V61/><F124/><W129/><G107/><T67/><D118/><U79/><E106/><V134/><F134/><W117/><G87/><T92/><D92/><U83/><E2/><V47/><F36/><W62/><G28/><T96/><D96/><U9/><E9/><N who="2" m="4135" /><F22/><W126/><G117/><T53/><D49/><U66/><E42/><N who="2" m="24695" /><F30/><W44/><G40/><T133/><D46/><U113/><E38/><V23/><F23/><W84/><G84/><T29/><D29/><U51/><E51/><V26/><F26/><W33/><G33/><T76/><D76/><N who="1" m="29227" /><E113/><V100/><F100/><W120/><G126/><T5/><D18/><AGARI ba="0,0" hai="18,20,24,43,45,50,56,60,66,80,83" m="29227" machi="18" ten="30,1500,0" yaku="8,1" doraHai="105" who="1" fromWho="0" sc="240,-15,245,15,270,0,245,0" /><INIT seed="1,1,0,2,2,98" ten="225,260,270,245" oya="1" hai0="93,59,109,128,19,133,123,114,65,62,60,106,125" hai1="33,81,79,31,82,130,102,35,69,73,27,40,71" hai2="115,2,94,66,103,57,1,12,83,132,38,100,43" hai3="95,80,17,113,25,28,70,53,7,51,88,111,9"/><U108/><E130/><V63/><F132/><W48/><G113/><T29/><D106/><U41/><E108/><V126/><F115/><W121/><G121/><T86/><D133/><U44/><E81/><V24/><F38/><W67/><G111/><T55/><D114/><U26/><E102/><N who="2" m="38955" /><F1/><W92/><G17/><T52/><D125/><U99/><E99/><V22/><F2/><W16/><G7/><T75/><D75/><U47/><E47/><V3/><F3/><W135/><G48/><T15/><D15/><U8/><BYE who="0" /><E8/><V124/><F43/><W104/><G104/><T10/><D10/><U54/><E54/><V13/><F83/><W85/><G67/><T129/><D129/><U58/><E58/><V117/><F117/><W116/><G70/><T30/><D30/><N who="1" m="19671" /><E41/><V112/><F112/><W61/><G135/><T68/><D68/><U84/><E84/><V39/><F39/><AGARI ba="1,0" hai="27,31,35,39,40,44,69,71,73,79,82" m="19671" machi="39" ten="30,2900,0" yaku="33,2" doraHai="98" who="1" fromWho="2" sc="225,0,260,32,270,-32,245,0" /><INIT seed="1,2,0,4,1,133" ten="225,292,238,245" oya="1" hai0="51,32,6,105,48,99,85,15,55,119,43,57,101" hai1="130,72,0,120,76,109,40,14,110,49,11,78,23" hai2="70,84,28,64,20,95,3,41,79,9,107,92,67" hai3="82,10,13,4,117,83,47,54,118,16,77,29,81"/><U62/><E120/><V88/><F107/><W104/><G104/><T5/><D5/><U25/><E0/><V56/><F70/><W38/><G29/><T42/><D42/><U19/><E130/><V8/><F3/><W17/><G77/><T46/><D46/><N who="1" m="25799" /><E72/><V73/><F73/><W59/><G47/><T98/><D98/><U26/><E26/><N who="2" m="16455" /><F41/><W102/><G102/><T87/><D87/><U31/><E62/><N who="2" m="37959" /><F67/><W30/><G30/><T22/><D22/><U50/><E50/><V125/><F125/><W108/><G108/><AGARI ba="2,0" hai="11,14,19,23,25,31,76,78,108,109,110" m="25799" machi="108" ten="30,2900,0" yaku="14,1,10,1" doraHai="133" who="1" fromWho="3" sc="225,0,292,35,238,0,245,-35" /><INIT seed="1,3,0,3,0,36" ten="225,327,238,210" oya="1" hai0="104,109,33,101,12,98,77,128,38,73,76,134,67" hai1="11,39,62,79,20,4,133,125,40,96,111,124,37" hai2="68,97,35,112,121,55,123,3,46,51,92,2,27" hai3="14,8,87,88,7,89,24,84,82,130,116,110,44"/><U102/><E133/><V72/><F72/><W15/><G116/><T21/><D21/><U75/><E111/><V122/><F112/><W103/><G130/><T49/><D49/><U81/><E20/><V16/><F68/><W65/><G110/><T93/><D93/><U129/><E62/><V45/><F45/><W48/><G103/><T70/><D70/><U69/><E69/><V78/><F78/><W117/><G117/><T118/><D118/><U6/><E129/><V17/><F35/><W32/><G65/><T56/><D56/><U85/><E85/><V126/><F126/><N who="1" m="48745" /><E40/><V60/><F60/><W91/><G15/><T108/><D108/><U80/><E80/><V18/><REACH who="2" step="1"/><F27/><REACH who="2" ten="225,327,228,210" step="2"/><W99/><G24/><T94/><D94/><U22/><E75/><V131/><F131/><W95/><G32/><T9/><D9/><U13/><E79/><V71/><F71/><W52/><REACH who="3" step="1"/><G99/><REACH who="3" ten="225,327,228,200" step="2"/><T34/><D34/><U50/><E96/><V42/><F42/><W63/><G63/><T83/><D83/><U19/><E102/><AGARI ba="3,2" hai="2,3,16,17,18,46,51,55,92,97,102,121,122,123" machi="102" ten="50,3200,0" yaku="1,1,54,1,53,0" doraHai="36" doraHaiUra="53" who="2" fromWho="1" sc="225,0,327,-41,228,61,200,0" /><INIT seed="2,0,0,2,1,58" ten="225,286,289,200" oya="2" hai0="109,104,105,124,4,135,49,64,36,102,90,108,41" hai1="11,5,51,25,48,21,59,54,12,34,101,0,7" hai2="16,84,73,45,3,114,94,31,22,131,88,95,66" hai3="28,76,71,62,37,92,9,117,52,60,35,120,86"/><V30/><F114/><W97/><G117/><T89/><D89/><U10/><E101/><V15/><F131/><W98/><G37/><T57/><D57/><U77/><E77/><V19/><F73/><W132/><G120/><T2/><D2/><U65/><E65/><V83/><F3/><W74/><G74/><T29/><D29/><N who="2" m="10762" /><F66/><W69/><G132/><T118/><D118/><U123/><E123/><V67/><F67/><W99/><G9/><T47/><D47/><U43/><E34/><V126/><F126/><W33/><G28/><T129/><D129/><U113/><E113/><V130/><F130/><W93/><G76/><T55/><D55/><U1/><E1/><V42/><F19/><W18/><G18/><T81/><D81/><U80/><E80/><V75/><F75/><W91/><G93/><N who="2" m="35337" /><F45/><W111/><G111/><T128/><D128/><U27/><E0/><V106/><F106/><W133/><G133/><T119/><D119/><U14/><E21/><V96/><F42/><W100/><G100/><T17/><D17/><U78/><E78/><V61/><F96/><W39/><G39/><T8/><D8/><U122/><E122/><V85/><F85/><W110/><G110/><T63/><D63/><AGARI ba="0,0" hai="15,16,22,61,63,83,84,88" m="35337,10762" machi="63" ten="30,12000,1" yaku="8,1,52,2,54,2" doraHai="58" who="2" fromWho="0" sc="225,-120,286,0,289,120,200,0" /><INIT seed="2,1,0,4,3,54" ten="105,286,409,200" oya="2" hai0="33,32,37,82,77,79,43,110,117,17,7,126,81" hai1="29,50,123,22,95,76,114,39,67,13,125,49,58" hai2="27,96,85,86,131,34,20,88,127,72,99,28,38" hai3="36,62,31,94,134,0,105,14,91,70,40,108,63"/><V48/><F38/><W8/><G0/><T119/><D119/><U107/><E114/><V41/><F72/><W129/><G105/><T83/><D83/><U118/><E107/><V47/><F127/><W15/><G108/><T12/><D12/><U52/><E118/><V100/><F131/><W42/><G134/><T103/><D103/><U132/><E39/><V66/><F34/><W74/><G74/><T1/><D1/><U24/><E132/><V104/><REACH who="2" step="1"/><F66/><REACH who="2" ten="105,286,399,200" step="2"/><W109/><G129/><T93/><D93/><AGARI ba="1,1" hai="20,27,28,41,47,48,85,86,88,93,96,99,100,104" machi="93" ten="40,12000,1" yaku="1,1,2,1,54,1,53,1" doraHai="54" doraHaiUra="84" who="2" fromWho="0" sc="105,-123,286,0,399,133,200,0" owari="-18,-51.8,286,8.6,532,63.2,200,-20.0" /></mjloggm>