<mjloggm ver="2.3"><GO type="225" lobby="0"/><UN n0="%6B%75%7A%75%6E" n1="%E6%A1%9C%E8%8A%B1%E9%96%83%E3%80%85" n2="%E3%82%BC%E3%83%AB%E3%83%80%E3%81%AE%E4%BC%9D%E8%AA%AC" n3="%E7%89%B9%E6%9D%B1%E3%81%AF%E4%B8%96%E7%95%8C%E3%82%92%E6%95%91%E3%81%86" dan="17,16,18,16" rate="2168.65,2147.68,2237.87,2140.58" sx="M,M,M,M"/><TAIKYOKU oya="0"/><INIT seed="0,0,0,0,5,124" ten="250,250,250,250" oya="0" hai0="25,32,89,103,55,38,98,21,77,118,86,62,52" hai1="75,29,51,16,70,59,82,5,19,96,20,58,26" hai2="71,10,116,135,54,76,56,95,69,88,110,120,57" hai3="43,81,114,129,0,80,84,24,74,13,41,53,128"/><T99/><D118/><U30/><E70/><V111/><F120/><W66/><G0/><T8/><D38/><U37/><E37/><V92/><F116/><W31/><G114/><T101/><D32/><U123/><E123/><V93/><F135/><W14/><G66/><T125/><D125/><U33/><E5/><V46/><F76/><W131/><G74/><T106/><D8/><U4/><E4/><V100/><F100/><W73/><G73/><T104/><D62/><U112/><E112/><V23/><F10/><W9/><G53/><T132/><D77/><U7/><E7/><V3/><F3/><W102/><G102/><T28/><REACH who="0" step="1"/><D132/><REACH who="0" ten="240,250,250,250" step="2"/><U107/><E33/><V113/><F113/><W79/><G81/><AGARI ba="0,1" hai="21,25,28,52,55,81,86,89,98,99,101,103,104,106" machi="81" ten="30,12000,1" yaku="1,1,2,1,7,1,9,1,54,1,53,0" doraHai="124" doraHaiUra="61" who="0" fromWho="3" sc="240,130,250,0,250,0,250,-120" /><INIT seed="0,1,0,1,1,0" ten="370,250,250,130" oya="0" hai0="127,46,8,41,65,29,33,39,6,25,19,89,131" hai1="107,84,67,122,48,63,47,115,93,28,94,128,110" hai2="100,116,13,57,121,68,60,120,135,58,31,95,90" hai3="50,83,69,20,119,43,32,35,45,21,37,85,80"/><T59/><D131/><U132/><E122/><V34/><F135/><W11/><G69/><T30/><D127/><U2/><E107/><V27/><F116/><W123/><G119/><T40/><D40/><U113/><E132/><V53/><F68/><W99/><G123/><T66/><D29/><U7/><E28/><V15/><F100/><W5/><G83/><T98/><D19/><U3/><E110/><V133/><F133/><W10/><G37/><T109/><D109/><U105/><E105/><V44/><F44/><W24/><G99/><T79/><D79/><U129/><E84/><V70/><F70/><W81/><G10/><T38/><D38/><U26/><E26/><V114/><F114/><N who="1" m="43529" /><E63/><V87/><F15/><W117/><G81/><T71/><D71/><U17/><E17/><V77/><F77/><W91/><G117/><T62/><D98/><U64/><E93/><V49/><REACH who="2" step="1"/><F13/><REACH who="2" ten="370,250,240,130" step="2"/><W23/><REACH who="3" step="1"/><G24/><REACH who="3" ten="370,250,240,120" step="2"/><T104/><D25/><U18/><E129/><V61/><F61/><W76/><G76/><T72/><D62/><U118/><E128/><V78/><F78/><W88/><G88/><T54/><D89/><U1/><E118/><V103/><F103/><W112/><G112/><T16/><D39/><U42/><E1/><AGARI ba="1,2" hai="1,5,11,20,21,23,32,35,43,45,50,80,85,91" machi="1" ten="40,2600,0" yaku="1,1,52,1,53,0" doraHai="0" doraHaiUra="130" who="3" fromWho="1" sc="370,0,250,-29,240,0,120,49" /><INIT seed="1,0,0,4,0,67" ten="370,221,240,169" oya="1" hai0="54,82,120,57,98,7,50,31,107,76,124,71,43" hai1="103,13,100,117,73,14,51,37,21,27,63,83,22" hai2="20,99,53,131,56,96,10,134,77,6,62,5,102" hai3="91,2,127,122,24,9,16,92,23,60,40,84,66"/><U36/><E117/><V113/><F134/><W79/><G127/><T85/><D71/><U34/><E34/><V90/><F131/><W59/><G122/><T89/><D124/><U104/><E51/><V106/><F113/><W115/><G115/><T19/><D120/><U88/><E73/><V38/><F38/><W78/><REACH who="3" step="1"/><G40/><REACH who="3" ten="370,221,240,159" step="2"/><T46/><D43/><U70/><E36/><V132/><F132/><W123/><G123/><T17/><D107/><U97/><E37/><V109/><F106/><W25/><G25/><T128/><D128/><U11/><E27/><V135/><F135/><W35/><G35/><T111/><D111/><U52/><E103/><V18/><F102/><W48/><G48/><T42/><D50/><U94/><E104/><V32/><F32/><W41/><G41/><T69/><D42/><U26/><E26/><V93/><F109/><W125/><G125/><T64/><D46/><U15/><E11/><V126/><F126/><W119/><G119/><T87/><D54/><U81/><E100/><V0/><F10/><W45/><G45/><T49/><D49/><U129/><E129/><V30/><F53/><W1/><G1/><T133/><D133/><U108/><E108/><V61/><F0/><W72/><G72/><T44/><D44/><U116/><E116/><V29/><F61/><W118/><G118/><T12/><D12/><U3/><E3/><V55/><F62/><W8/><G8/><T105/><D105/><U101/><E52/><V68/><F55/><W75/><G75/><T95/><D7/><AGARI ba="0,1" hai="2,7,9,16,23,24,59,60,66,78,79,84,91,92" machi="7" ten="40,2600,0" yaku="1,1,54,1,53,0" doraHai="67" doraHaiUra="121" who="3" fromWho="0" sc="370,-26,221,0,240,0,159,36" /><INIT seed="2,0,0,4,3,15" ten="344,221,240,195" oya="2" hai0="30,62,38,32,46,34,19,130,106,44,1,64,63" hai1="116,54,81,133,111,36,120,95,56,74,5,17,51" hai2="28,94,18,61,76,122,72,129,60,14,65,59,13" hai3="105,113,128,66,58,103,10,70,114,91,110,112,6"/><V109/><F122/><W8/><G70/><T85/><D1/><U83/><E116/><V67/><F129/><W117/><G117/><T23/><D106/><U93/><E120/><V37/><F37/><W87/><G128/><T39/><D130/><U84/><E111/><V16/><F109/><W40/><G110/><T12/><D38/><U82/><E133/><V123/><F123/><W57/><G40/><T24/><D63/><U3/><E36/><V50/><F28/><W21/><G66/><N who="2" m="25097" /><F72/><W100/><G21/><T33/><D85/><U22/><E74/><V89/><F76/><W99/><G103/><T96/><D96/><U134/><E134/><V132/><F132/><W104/><G104/><T48/><D39/><U4/><E3/><V27/><F27/><W25/><G25/><T77/><D77/><U90/><E93/><V41/><F14/><AGARI ba="0,0" hai="4,5,14,17,22,51,54,56,81,82,83,84,90,95" machi="14" ten="40,8000,1" yaku="25,2,8,1,52,1" doraHai="15" who="1" fromWho="2" sc="344,0,221,80,240,-80,195,0" /><INIT seed="3,0,0,0,0,78" ten="344,301,160,195" oya="3" hai0="3,31,59,125,133,87,97,90,95,7,46,98,1" hai1="30,68,41,58,24,101,85,86,33,93,29,116,102" hai2="71,109,18,79,100,40,23,129,32,123,118,8,117" hai3="43,0,53,112,81,127,107,111,13,62,119,96,108"/><W26/><G112/><T89/><D125/><U134/><E68/><V80/><F32/><W54/><G0/><T61/><D133/><U66/><E134/><V83/><F71/><W76/><G119/><T45/><D31/><U110/><E110/><N who="3" m="42026" /><G127/><T105/><D105/><U12/><E116/><V84/><F109/><W104/><G43/><T15/><D1/><U103/><E41/><V42/><F129/><W74/><G13/><T63/><D3/><U69/><E69/><V50/><F123/><W57/><G26/><T122/><D122/><U124/><E30/><V19/><F100/><N who="3" m="62471" /><G107/><T65/><D63/><U72/><E12/><N who="2" m="7431" /><F118/><W16/><G16/><T14/><D98/><U49/><E24/><N who="2" m="14463" /><F117/><W64/><AGARI ba="0,0" hai="53,54,57,62,64,74,76,81" m="62471,42026" machi="64" ten="30,6000,0" yaku="14,1,10,1,52,1" doraHai="78" who="3" fromWho="3" sc="344,-20,301,-20,160,-20,195,60" /><INIT seed="3,1,0,5,0,24" ten="324,281,140,255" oya="3" hai0="84,60,57,14,50,126,46,16,37,134,15,33,66" hai1="111,31,129,5,80,32,106,96,132,87,123,109,39" hai2="10,133,90,17,19,117,128,83,12,51,82,88,4" hai3="49,34,1,97,100,85,101,13,54,67,78,74,81"/><W2/><G34/><T104/><D33/><U21/><E123/><V0/><F133/><W124/><G124/><T63/><D104/><U120/><E120/><V20/><F128/><W121/><G121/><T75/><D75/><U8/><E32/><V102/><F117/><W53/><G67/><T125/><D37/><U41/><E132/><V11/><F102/><W72/><G101/><T6/><D6/><U36/><E129/><V3/><F51/><W131/><G131/><T48/><D15/><N who="1" m="5519" /><E41/><V70/><F70/><W77/><G13/><T118/><D118/><U122/><E96/><V59/><F59/><W28/><G28/><T112/><D112/><U56/><E56/><V86/><F3/><W91/><G77/><T107/><D107/><U94/><E94/><V27/><REACH who="2" step="1"/><F83/><REACH who="2" ten="324,281,130,255" step="2"/><W25/><G1/><T115/><D134/><U18/><E80/><V9/><F9/><W65/><G2/><T42/><D50/><U99/><E39/><V71/><F71/><W108/><G49/><T76/><D48/><U127/><E36/><V103/><F103/><W62/><G100/><T95/><D57/><U23/><E122/><V110/><F110/><W45/><G108/><T47/><D126/><U52/><E127/><V61/><F61/><W93/><G62/><T35/><D63/><U22/><E111/><V89/><AGARI ba="1,1" hai="0,4,10,11,12,17,19,20,27,82,86,88,89,90" machi="89" ten="20,5200,0" yaku="1,1,0,1,7,1,54,1,53,0" doraHai="24" doraHaiUra="68" who="2" fromWho="2" sc="324,-14,281,-14,130,65,255,-27" owari="310,41.0,267,6.7,195,-30.5,228,-17.2" /></mjloggm>