<mjloggm ver="2.3"><GO type="225" lobby="0"/><UN n0="%E4%BF%BA%E3%81%A8%E5%A6%96%E5%A4%A2" n1="%E3%81%BF%E3%81%BF%E3%81%9A" n2="%E3%81%B5%E3%81%98%E3%81%8B%E3%81%A4" n3="%28%EF%BF%A3%E2%96%BD%EF%BF%A3%29%CE%B4%E2%8C%92%E3%83%BB" dan="17,18,17,16" rate="2198.74,2250.48,2191.58,2141.63" sx="F,M,M,M"/><TAIKYOKU oya="0"/><INIT seed="0,0,0,1,1,91" ten="250,250,250,250" oya="0" hai0="90,68,103,13,70,58,86,64,49,38,8,101,0" hai1="96,84,24,2,10,85,21,111,62,132,135,6,28" hai2="113,5,51,125,73,114,22,31,33,9,67,93,12" hai3="100,69,106,128,79,61,102,52,50,35,87,82,46"/><T3/><D38/><U118/><E118/><V126/><F73/><W71/><G128/><T23/><D70/><U89/><E111/><V11/><F67/><W29/><G61/><T77/><D68/><U120/><E120/><V80/><F80/><W20/><G35/><T66/><D77/><U81/><E62/><V47/><F47/><W122/><G122/><T1/><D23/><U26/><E96/><V17/><F51/><W115/><G115/><N who="2" m="44041" /><F93/><W76/><G76/><T7/><D66/><U105/><E105/><V25/><F11/><W99/><REACH who="3" step="1"/><G102/><REACH who="3" ten="250,250,250,240" step="2"/><T134/><D134/><U123/><E123/><V124/><F124/><W117/><G117/><T43/><D64/><U54/><E132/><V119/><F119/><W78/><G78/><T14/><D101/><U95/><E135/><V53/><F53/><W30/><G30/><T15/><D103/><U127/><E127/><V107/><F107/><W56/><G56/><T94/><REACH who="0" step="1"/><D58/><REACH who="0" ten="240,250,250,240" step="2"/><U44/><E89/><V108/><F108/><W34/><G34/><T83/><D83/><U59/><E81/><V131/><F131/><W37/><G37/><T32/><D32/><U16/><E59/><V129/><F129/><W19/><G19/><T121/><D121/><U42/><E16/><V57/><F57/><W112/><G112/><T92/><D92/><U74/><E95/><V109/><F109/><W133/><G133/><T40/><D40/><U72/><E42/><V65/><F65/><W75/><G75/><T98/><D98/><U60/><E74/><V18/><F18/><W39/><G39/><T88/><D88/><RYUUKYOKU ba="0,2" sc="240,10,250,-30,250,10,240,10" hai0="0,1,3,7,8,13,14,15,43,49,86,90,94" hai2="5,9,12,17,22,25,31,33,125,126" hai3="20,29,46,50,52,69,71,79,82,87,99,100,106" /><INIT seed="0,1,2,1,0,80" ten="250,220,260,250" oya="0" hai0="10,107,15,57,115,28,93,16,5,30,54,65,44" hai1="118,4,40,76,20,129,56,101,51,58,98,74,100" hai2="21,6,122,119,134,78,49,35,3,33,72,104,11" hai3="27,94,105,125,24,62,130,2,124,73,7,53,9"/><T92/><D115/><U69/><E118/><V8/><F122/><W90/><G105/><T85/><D107/><U26/><E69/><V133/><F104/><W106/><G106/><T96/><D85/><U29/><E129/><V66/><F66/><W135/><G73/><T126/><D126/><N who="3" m="48745" /><G135/><N who="2" m="51721" /><F72/><W113/><G113/><T0/><D44/><N who="1" m="25991" /><E74/><V123/><F49/><W37/><G37/><T128/><D65/><U18/><E76/><V86/><F123/><W121/><G130/><T25/><D128/><U48/><E4/><N who="2" m="1055" /><F119/><W103/><G103/><N who="1" m="39498" /><E98/><V84/><F78/><W79/><G79/><T75/><D75/><U61/><E48/><V68/><F68/><W81/><G121/><T108/><D96/><U43/><E43/><V23/><F33/><W63/><G63/><T12/><D92/><U14/><E61/><V77/><F35/><W88/><G94/><T111/><D93/><U52/><E52/><V102/><F102/><W89/><G81/><T91/><D91/><U22/><AGARI ba="1,2" hai="14,18,20,22,26,29,56,58" m="39498,25991" machi="22" ten="30,1100,0" yaku="8,1" doraHai="80" who="1" fromWho="1" sc="250,-6,220,34,260,-4,250,-4" /><INIT seed="1,0,0,4,3,134" ten="244,254,256,246" oya="1" hai0="88,120,118,115,102,72,91,84,132,127,5,38,23" hai1="39,103,98,56,66,9,49,41,31,50,44,89,0" hai2="90,108,6,107,26,45,35,27,4,126,82,28,67" hai3="124,7,15,1,135,25,64,97,29,57,105,119,19"/><U11/><E89/><V2/><F107/><W73/><G73/><T14/><D115/><U83/><E83/><V13/><F67/><W22/><G135/><T3/><D132/><U113/><E113/><V109/><F45/><W24/><G119/><T116/><D38/><U63/><E31/><N who="2" m="19959" /><F90/><W62/><G124/><T133/><D133/><U18/><E0/><V131/><F82/><W106/><G97/><T54/><D72/><U96/><E96/><V33/><F131/><W129/><G25/><T48/><D3/><U76/><E76/><V65/><F65/><W101/><G101/><T94/><D127/><U51/><REACH who="1" step="1"/><E18/><REACH who="1" ten="244,244,256,246" step="2"/><V87/><F126/><W111/><G129/><T125/><D125/><U75/><E75/><V112/><F87/><W123/><G123/><T34/><D120/><U10/><E10/><N who="2" m="2327" /><F112/><W79/><G79/><T85/><D102/><U93/><AGARI ba="0,1" hai="9,11,39,41,44,49,50,51,56,63,66,93,98,103" machi="93" ten="30,6000,0" yaku="1,1,0,1,53,1" doraHai="134" doraHaiUra="92" who="1" fromWho="1" sc="244,-20,244,70,256,-20,246,-20" /><INIT seed="1,1,0,5,0,100" ten="224,314,236,226" oya="1" hai0="131,21,54,1,24,15,10,97,33,126,111,16,40" hai1="6,68,104,11,38,80,57,85,2,65,50,78,87" hai2="49,101,82,5,13,103,114,134,28,129,43,45,26" hai3="59,18,74,133,12,77,84,132,34,37,58,44,130"/><U46/><E68/><V14/><F134/><N who="3" m="51819" /><G34/><T76/><D111/><U109/><E109/><V119/><F129/><W107/><G74/><T23/><D131/><U93/><E104/><V8/><F119/><W125/><G130/><T31/><D126/><U72/><E93/><V35/><F114/><W70/><G70/><T106/><D40/><U122/><E122/><V98/><F98/><W66/><G66/><T118/><D118/><U19/><E19/><V75/><REACH who="2" step="1"/><F14/><REACH who="2" ten="224,314,226,226" step="2"/><W60/><G12/><T22/><D1/><U3/><E2/><V128/><F128/><W90/><G125/><T121/><D121/><U52/><E65/><V123/><F123/><W73/><G73/><T95/><D76/><AGARI ba="1,1" hai="5,8,13,26,28,35,43,45,49,75,76,82,101,103" machi="76" ten="40,1300,0" yaku="1,1,53,0" doraHai="100" doraHaiUra="48" who="2" fromWho="0" sc="224,-16,314,0,226,26,226,0" /><INIT seed="2,0,0,0,0,37" ten="208,314,252,226" oya="2" hai0="44,82,101,128,81,106,48,30,17,24,15,13,46" hai1="119,121,0,51,110,43,99,56,45,124,75,112,64" hai2="131,73,87,52,72,89,120,57,123,21,109,134,111" hai3="83,105,66,12,47,95,18,68,9,62,40,133,29"/><V33/><F33/><W60/><G105/><T27/><D128/><U7/><E112/><V117/><F117/><W78/><G133/><T2/><D2/><U98/><E119/><V36/><F36/><W1/><G29/><T22/><D106/><U67/><E75/><N who="2" m="28747" /><F21/><W80/><G78/><T92/><D101/><U100/><E124/><V103/><F134/><W4/><G62/><T10/><D92/><U23/><E121/><V115/><F115/><W94/><G94/><T54/><D46/><U96/><E100/><V102/><F131/><W79/><G79/><T85/><D85/><U63/><E110/><N who="2" m="41995" /><F57/><W34/><G95/><T61/><D61/><U107/><E107/><V31/><F31/><W5/><G34/><T20/><REACH who="0" step="1"/><D13/><REACH who="0" ten="198,314,252,226" step="2"/><U59/><E63/><V74/><F74/><W6/><REACH who="3" step="1"/><G1/><REACH who="3" ten="198,314,252,216" step="2"/><T76/><D76/><U127/><E0/><V28/><F123/><W132/><G132/><T25/><D25/><U38/><E98/><V58/><F120/><W126/><G126/><T55/><D55/><U50/><E127/><V69/><F28/><AGARI ba="0,2" hai="10,15,17,20,22,24,27,28,30,44,48,54,81,82" machi="28" ten="30,7700,0" yaku="1,1,7,1,9,1,8,1,53,0" doraHai="37" doraHaiUra="93" who="0" fromWho="2" sc="198,97,314,0,252,-77,216,0" /><INIT seed="3,0,0,5,1,9" ten="295,314,175,216" oya="3" hai0="64,98,63,41,56,32,115,119,80,108,30,78,81" hai1="60,5,69,109,43,62,110,99,77,38,88,93,103" hai2="104,134,113,68,105,14,0,35,25,33,37,23,45" hai3="29,1,72,116,26,44,89,133,3,79,51,130,42"/><W126/><G116/><T28/><D119/><U74/><E5/><V54/><F113/><W70/><G70/><T48/><D115/><U2/><E2/><V71/><F134/><W52/><G133/><T13/><D108/><N who="1" m="41579" /><E69/><V97/><F0/><W96/><G130/><T127/><D127/><U123/><E123/><V92/><F71/><W12/><G126/><T47/><D32/><U36/><E88/><V101/><F68/><W128/><G128/><T66/><D66/><U46/><E36/><V49/><F37/><W20/><G79/><T21/><D98/><U58/><E58/><V10/><F35/><W67/><G67/><T87/><D80/><AGARI ba="0,0" hai="38,43,46,60,62,74,77,80,93,99,103" m="41579" machi="80" ten="30,1000,0" yaku="14,1" doraHai="9" who="1" fromWho="0" sc="295,-10,314,10,175,0,216,0" owari="285,8.5,324,42.4,175,-32.5,216,-18.4" /></mjloggm>