<mjloggm ver="2.3"><GO type="225" lobby="0"/><UN n0="%E3%82%82%E3%81%90%E3%82%89" n1="%E5%88%9D%E5%8F%B7%E6%A9%9F%E3%81%A8%E4%BA%8C%E5%8F%B7%E6%A9%9F" n2="%45%6C%79%73%69%75%6D" n3="%E4%B8%8B%E6%AE%B5%E3%83%81%E3%82%A7%E3%83%AA%E3%83%BC" dan="17,16,17,16" rate="2141.06,2104.46,2155.07,2151.37" sx="M,M,F,M"/><TAIKYOKU oya="0"/><INIT seed="0,0,0,5,5,69" ten="250,250,250,250" oya="0" hai0="74,51,112,35,87,28,84,23,99,134,111,14,97" hai1="104,107,117,128,49,39,78,57,55,62,29,63,103" hai2="50,81,73,85,131,40,9,114,19,58,32,118,22" hai3="60,124,11,135,86,0,27,79,4,92,3,121,102"/><T70/><D74/><U76/><E117/><V105/><F32/><W90/><G121/><T10/><D112/><U129/><E29/><V77/><F114/><W94/><G124/><T75/><D75/><U95/><E95/><V119/><F105/><W17/><G135/><T72/><D72/><U91/><E91/><V96/><F131/><N who="1" m="50249" /><E39/><V64/><F9/><W68/><G79/><N who="1" m="30250" /><E103/><V54/><F96/><W110/><G110/><T125/><D111/><U30/><E30/><V108/><F108/><W132/><G132/><T89/><D134/><U5/><E5/><V45/><F73/><W1/><G102/><T113/><D125/><U100/><E100/><V52/><F64/><W15/><G94/><T133/><D89/><U20/><E20/><V88/><F77/><W18/><REACH who="3" step="1"/><G27/><REACH who="3" ten="250,250,250,240" step="2"/><T41/><D133/><U31/><E107/><V42/><F118/><W106/><G106/><T116/><D116/><U6/><E104/><V44/><F119/><W34/><G34/><T37/><D35/><U7/><E31/><V122/><F122/><W93/><G93/><T8/><D28/><U38/><E6/><V36/><F58/><W25/><G25/><AGARI ba="0,1" hai="19,22,25,36,40,42,44,45,50,52,54,81,85,88" machi="25" ten="30,7700,0" yaku="7,1,52,1,54,2" doraHai="69" who="2" fromWho="3" sc="250,0,250,0,250,87,240,-77" /><INIT seed="1,0,0,4,4,5" ten="250,250,337,163" oya="1" hai0="115,118,123,103,92,13,59,86,131,82,96,100,111" hai1="85,58,130,75,48,47,88,91,41,38,120,80,17" hai2="101,68,49,97,61,42,15,22,93,70,84,126,12" hai3="2,27,46,78,71,3,129,65,14,107,34,81,53"/><U6/><E120/><V39/><F39/><W43/><G129/><T125/><D115/><U44/><E130/><V106/><F126/><W128/><G128/><T135/><D131/><U24/><E6/><V56/><F68/><W10/><G53/><T4/><D125/><U127/><E75/><V109/><F70/><W9/><G107/><T1/><D123/><U62/><E127/><V99/><F109/><W40/><G65/><T26/><D118/><U74/><E74/><V69/><F69/><W28/><G71/><T11/><D111/><U30/><E17/><V20/><F84/><W89/><G89/><T54/><D135/><U0/><E0/><V25/><F22/><W63/><G63/><T50/><D26/><U112/><E112/><V36/><F36/><W79/><G79/><T102/><REACH who="0" step="1"/><D1/><REACH who="0" ten="240,250,337,163" step="2"/><U52/><E91/><AGARI ba="0,1" hai="4,11,13,50,54,59,82,86,91,92,96,100,102,103" machi="91" ten="30,8000,1" yaku="1,1,2,1,7,1,8,1,52,1,53,0" doraHai="5" doraHaiUra="114" who="0" fromWho="1" sc="240,90,250,-80,337,0,163,0" /><INIT seed="2,0,0,3,1,60" ten="330,170,337,163" oya="2" hai0="106,125,47,78,124,109,39,23,80,95,87,89,45" hai1="135,104,90,72,118,26,68,64,21,103,63,28,83" hai2="91,93,46,98,43,55,48,4,128,67,115,8,111" hai3="59,134,88,120,117,123,53,122,105,79,70,31,40"/><V61/><F115/><W77/><G117/><T84/><D106/><U74/><E118/><V14/><F128/><W44/><G105/><T1/><D109/><U86/><REACH who="1" step="1"/><E135/><REACH who="1" ten="330,160,337,163" step="2"/><V6/><F111/><W66/><G134/><T82/><D124/><U116/><E116/><V99/><F4/><W100/><G100/><T51/><D125/><U107/><E107/><V112/><F112/><W32/><G32/><T65/><D39/><U29/><E29/><V33/><F33/><W75/><G31/><T58/><D1/><U2/><E2/><V42/><REACH who="2" step="1"/><F99/><AGARI ba="0,1" hai="21,26,28,63,64,68,72,74,83,86,90,99,103,104" machi="99" ten="40,2600,0" yaku="1,1,52,1,53,0" doraHai="60" doraHaiUra="34" who="1" fromWho="2" sc="330,0,160,36,337,-26,163,0" /><INIT seed="3,0,0,1,4,123" ten="330,196,311,163" oya="3" hai0="34,116,124,122,4,117,3,113,25,29,48,100,69" hai1="95,125,85,43,6,134,76,133,79,24,9,84,19" hai2="40,97,52,61,66,73,47,21,106,82,135,78,109" hai3="17,127,2,121,41,58,37,63,67,74,10,53,70"/><W105/><G105/><T14/><D122/><U90/><E43/><V131/><F109/><W12/><G121/><T130/><D69/><U44/><E44/><V114/><F21/><W94/><G127/><T8/><D124/><U13/><E125/><V115/><F131/><W51/><G74/><T108/><D108/><U72/><E72/><V107/><F135/><N who="1" m="51721" /><E85/><V39/><F97/><W49/><G49/><T31/><D130/><U11/><E24/><V36/><F36/><W16/><G2/><AGARI ba="0,0" hai="2,6,9,11,13,19,76,79,84,90,95" m="51721" machi="2" ten="30,1000,0" yaku="20,1" doraHai="123" who="1" fromWho="3" sc="330,0,196,10,311,0,163,-10" owari="330,43.0,206,-19.4,311,11.1,153,-34.7" /></mjloggm>