<mjloggm ver="2.3"><GO type="225" lobby="0"/><UN n0="%72%69%6F%75%63%68%61%6E" n1="%72%61%6B%33" n2="%E3%81%86%E3%83%BC%E3%81%B1%E3%83%BC" n3="%30%2E%31%32%30" dan="16,17,17,16" rate="2151.00,2165.26,2225.80,2141.50" sx="M,M,F,M"/><TAIKYOKU oya="0"/><INIT seed="0,0,0,5,1,22" ten="250,250,250,250" oya="0" hai0="82,25,84,74,70,109,0,54,47,128,64,49,119" hai1="46,23,118,126,11,29,38,30,52,130,56,103,134" hai2="13,90,27,75,135,45,93,80,44,100,132,14,87" hai3="33,20,18,114,58,9,50,133,115,32,85,71,31"/><T7/><D119/><U21/><E118/><V37/><F75/><W53/><G133/><N who="2" m="51273" /><F27/><W67/><G9/><T102/><D128/><U36/><E130/><V79/><F100/><W41/><G31/><T106/><D74/><U63/><E126/><V123/><F123/><W121/><G121/><T72/><D72/><U94/><E134/><V125/><F125/><W113/><G85/><T111/><D64/><U12/><E36/><V6/><F6/><W108/><G108/><N who="0" m="41547" /><D70/><U129/><E129/><V26/><F26/><W1/><G1/><T62/><D62/><U24/><E38/><V88/><F79/><W68/><G68/><T34/><D102/><U73/><E73/><V101/><F101/><W92/><G114/><T35/><D106/><U107/><E107/><V17/><F37/><W59/><G115/><T96/><D96/><N who="1" m="59799" /><E23/><N who="2" m="11695" /><F14/><W8/><G113/><T81/><D25/><U91/><E29/><V122/><F122/><W98/><G33/><N who="0" m="12299" /><D7/><N who="1" m="3199" /><E91/><V124/><F124/><W86/><G32/><T83/><D0/><U16/><E30/><V78/><F78/><AGARI ba="0,0" hai="47,49,54,78,81,82,83,84" m="12299,41547" machi="78" ten="30,2900,0" yaku="14,1,10,1" doraHai="22" who="0" fromWho="2" sc="250,29,250,0,250,-29,250,0" /><INIT seed="0,1,0,2,3,45" ten="279,250,221,250" oya="0" hai0="66,117,90,129,9,28,34,2,62,95,103,53,109" hai1="84,92,77,8,10,125,121,59,110,78,102,16,31" hai2="47,131,50,100,87,44,135,76,14,22,64,18,72" hai3="79,94,118,98,104,112,65,119,54,113,132,11,85"/><T130/><D117/><N who="3" m="44553" /><G54/><T74/><D109/><U107/><E121/><V49/><F72/><W69/><G11/><T115/><D115/><N who="3" m="44105" /><G65/><T116/><D116/><U124/><E110/><V43/><F135/><W70/><G70/><T30/><D74/><U91/><E31/><V20/><F131/><N who="0" m="50186" /><D103/><U0/><E0/><V5/><F5/><W26/><G26/><T114/><D114/><U120/><E120/><V108/><F108/><W6/><G6/><N who="0" m="1239" /><D34/><U67/><E102/><V80/><F64/><W60/><G69/><N who="0" m="42199" /><D53/><U55/><E67/><V27/><F100/><N who="3" m="62487" /><G60/><T40/><D40/><U58/><E55/><N who="2" m="30119" /><F27/><W39/><G132/><T12/><D12/><U93/><E58/><V61/><F61/><W57/><G57/><T41/><D41/><U134/><E59/><V4/><F4/><W51/><G39/><T82/><D82/><U7/><E7/><V3/><F3/><W25/><G25/><T128/><N who="0" m="50194" /><T68/><DORA hai="73" /><D68/><U127/><E134/><V17/><F22/><W52/><G52/><T38/><D38/><U32/><E32/><V63/><F63/><W75/><G75/><T86/><AGARI ba="1,0" hai="28,30,86,90,95" m="42199,1239,50194" machi="86" ten="40,2100,0" yaku="19,1" doraHai="45,73" who="0" fromWho="0" sc="279,24,250,-8,221,-8,250,-8" /><INIT seed="0,2,0,3,3,119" ten="303,242,213,242" oya="0" hai0="17,5,105,87,123,131,23,71,92,130,125,51,8" hai1="88,18,12,40,43,70,108,56,50,97,28,36,100" hai2="37,59,112,19,44,91,120,101,133,24,115,128,90" hai3="126,32,69,75,25,83,41,9,52,114,79,0,77"/><T33/><D123/><U46/><E108/><V68/><F68/><W129/><G114/><T47/><D105/><U110/><E110/><V135/><F101/><W122/><G129/><N who="0" m="49163" /><D33/><U58/><E70/><V62/><F128/><W102/><G126/><T98/><D71/><U10/><E28/><V84/><F24/><W64/><G122/><T116/><D87/><U113/><E113/><N who="2" m="43595" /><F19/><W42/><G102/><N who="0" m="60743" /><D116/><U65/><E65/><N who="2" m="39135" /><F84/><W30/><G79/><T117/><D125/><U89/><E40/><N who="2" m="22543" /><F90/><N who="1" m="34921" /><E36/><V15/><F15/><W26/><G26/><N who="0" m="14703" /><D117/><U106/><E106/><V132/><F91/><W134/><G32/><T20/><D20/><U118/><E118/><V80/><F80/><W54/><G83/><T34/><D34/><U13/><E100/><V57/><F120/><W48/><G69/><T6/><D8/><N who="1" m="6407" /><E97/><V74/><F74/><W39/><G75/><T16/><D16/><AGARI ba="2,0" hai="10,13,16,43,46,50,56,58" m="6407,34921" machi="16" ten="30,3900,0" yaku="8,1,54,2" doraHai="119" who="1" fromWho="0" sc="303,-45,242,45,213,0,242,0" /><INIT seed="1,0,0,0,4,131" ten="258,287,213,242" oya="1" hai0="116,44,47,9,118,57,51,102,60,80,31,93,46" hai1="109,83,88,130,55,58,32,133,104,94,17,73,25" hai2="27,53,106,42,45,87,40,127,5,132,11,33,81" hai3="8,67,4,15,122,2,85,71,28,101,90,59,39"/><U62/><E133/><V115/><F106/><W100/><G122/><T125/><D31/><U70/><E104/><V113/><F127/><W111/><G111/><T120/><D125/><U3/><E3/><V74/><F74/><W135/><G135/><T107/><D107/><U38/><E38/><V96/><F96/><W78/><G39/><T76/><D120/><U6/><E6/><V89/><F132/><W1/><G71/><T124/><D124/><U26/><E130/><V117/><F117/><W37/><G37/><T108/><D108/><U119/><E109/><V86/><F86/><W79/><G28/><T95/><D51/><U128/><E128/><V0/><F27/><W16/><G1/><T14/><D102/><N who="3" m="39529" /><G4/><T52/><D118/><U35/><E70/><V22/><F22/><W7/><G7/><N who="0" m="3391" /><D116/><U126/><E119/><V114/><REACH who="2" step="1"/><F33/><REACH who="2" ten="258,287,203,242" step="2"/><W99/><G99/><T61/><D60/><U23/><E126/><V63/><F63/><N who="3" m="38399" /><G2/><T54/><D54/><U66/><E55/><V29/><F29/><W24/><G24/><T20/><D20/><U112/><E26/><V49/><AGARI ba="0,1" hai="0,5,11,40,42,45,49,53,81,87,89,113,114,115" machi="49" ten="40,5200,0" yaku="1,1,0,1,11,1,53,0" doraHai="131" doraHaiUra="103" who="2" fromWho="2" sc="258,-13,287,-26,203,62,242,-13" /><INIT seed="2,0,0,4,0,36" ten="245,261,265,229" oya="2" hai0="114,95,8,29,4,110,18,53,43,37,55,82,115" hai1="104,64,34,49,88,135,32,10,19,61,65,71,62" hai2="16,6,120,134,14,108,92,127,76,89,81,28,7" hai3="130,57,86,35,99,31,94,48,22,59,129,42,93"/><V68/><F120/><W56/><G35/><T20/><D110/><U38/><E38/><V5/><F68/><W122/><G122/><T30/><D82/><U106/><E135/><V123/><F123/><W1/><G1/><T125/><D125/><U75/><E75/><V83/><F134/><W107/><G107/><T117/><D117/><U118/><E118/><V119/><F119/><W121/><G121/><T69/><D69/><U50/><E10/><V84/><F127/><W74/><G74/><T113/><D95/><U45/><E19/><V78/><F28/><W47/><G86/><T124/><D124/><U80/><E80/><V54/><F54/><W103/><REACH who="3" step="1"/><G94/><REACH who="3" ten="245,261,265,219" step="2"/><T26/><D29/><U3/><E3/><V41/><F108/><W51/><G51/><T90/><D30/><U39/><E39/><V77/><REACH who="2" step="1"/><F41/><REACH who="2" ten="245,261,255,219" step="2"/><W102/><G102/><T66/><D115/><U96/><E71/><V126/><F126/><W23/><G23/><AGARI ba="0,2" hai="5,6,7,14,16,23,76,77,78,81,83,84,89,92" machi="23" ten="40,7700,0" yaku="1,1,8,1,54,1,53,0" doraHai="36" doraHaiUra="112" who="2" fromWho="3" sc="245,0,261,0,255,97,219,-77" /><INIT seed="2,1,0,0,4,22" ten="245,261,352,142" oya="2" hai0="131,27,98,45,89,83,34,86,123,122,63,69,104" hai1="3,84,116,107,92,126,119,1,132,96,17,55,6" hai2="40,87,82,16,78,130,102,21,79,30,12,39,38" hai3="88,68,29,18,54,109,135,94,113,66,24,32,52"/><V91/><F130/><W100/><G135/><T95/><D131/><U124/><E55/><V46/><F39/><W81/><G109/><T108/><D108/><U64/><E64/><V7/><F7/><W65/><G113/><T127/><D127/><U44/><E44/><V76/><F102/><W11/><G100/><N who="0" m="62487" /><D45/><U120/><E132/><V105/><F105/><W62/><G66/><N who="0" m="41183" /><D83/><U115/><E115/><V31/><AGARI ba="1,0" hai="12,16,21,30,31,38,40,46,76,78,79,82,87,91" machi="31" ten="30,3000,0" yaku="0,1,54,1" doraHai="22" who="2" fromWho="2" sc="245,-11,261,-11,352,33,142,-11" /><INIT seed="2,2,0,0,4,19" ten="234,250,385,131" oya="2" hai0="133,29,64,14,65,92,126,72,10,100,30,6,103" hai1="7,78,94,118,79,89,88,22,12,67,109,117,11" hai2="3,125,63,104,114,68,41,33,0,128,53,91,83" hai3="96,74,39,13,111,77,82,86,4,99,54,61,87"/><V70/><F33/><W129/><G39/><T40/><D126/><U98/><E109/><V47/><F104/><W28/><G111/><T37/><D72/><U115/><E115/><V25/><F68/><W107/><G129/><T85/><D133/><U26/><E118/><V80/><F83/><W55/><G28/><N who="0" m="10859" /><D40/><U123/><E123/><V57/><F70/><W36/><G36/><T97/><D37/><U135/><E117/><V84/><F125/><W122/><G122/><T62/><D62/><U131/><E135/><V48/><F114/><W21/><G74/><T24/><D24/><U17/><E131/><V112/><F112/><W59/><G107/><T120/><D120/><U27/><E67/><N who="0" m="25673" /><D85/><U9/><E26/><V60/><F63/><W130/><G130/><T5/><D5/><U56/><E56/><V93/><F128/><W2/><G2/><T121/><D121/><U76/><REACH who="1" step="1"/><E11/><REACH who="1" ten="234,240,385,131" step="2"/><V31/><F25/><W81/><G4/><T20/><D20/><U110/><E110/><V127/><F127/><W116/><G116/><T58/><D58/><U95/><E95/><V32/><F93/><W46/><G21/><T69/><D69/><U90/><AGARI ba="2,1" hai="7,9,12,17,22,27,76,78,79,88,89,90,94,98" machi="90" ten="30,8000,1" yaku="1,1,0,1,8,1,52,1,54,1,53,0" doraHai="19" doraHaiUra="49" who="1" fromWho="1" sc="234,-22,240,96,385,-42,131,-22" /><INIT seed="3,0,0,4,5,1" ten="212,336,343,109" oya="3" hai0="36,24,69,62,68,111,131,60,73,56,9,63,0" hai1="82,113,15,115,101,88,86,22,127,39,66,34,100" hai2="54,53,134,132,105,133,51,33,50,27,97,57,37" hai3="99,29,114,58,125,10,79,93,75,32,8,47,2"/><W78/><G114/><N who="1" m="43530" /><E34/><V126/><F126/><W83/><G125/><T45/><D111/><U55/><E39/><V106/><F37/><W118/><G118/><T42/><D73/><U124/><E66/><V64/><F64/><W21/><G32/><T123/><D123/><U92/><E55/><V7/><F7/><W103/><G78/><T19/><D131/><U98/><E15/><V128/><F128/><W48/><G58/><T16/><D56/><U129/><E22/><V77/><F77/><W95/><G2/><T25/><D0/><U72/><E129/><V23/><F33/><W18/><G29/><T49/><D36/><U104/><E101/><V74/><F74/><W11/><G95/><T108/><D108/><U121/><E121/><V6/><F6/><W122/><G122/><T35/><D9/><U109/><E109/><V14/><F14/><W38/><G38/><T117/><D117/><U81/><E81/><V116/><F97/><W90/><G103/><T13/><D35/><U135/><E135/><V85/><F85/><W71/><G71/><T26/><REACH who="0" step="1"/><D13/><REACH who="0" ten="202,336,343,109" step="2"/><U61/><E61/><V80/><F116/><W43/><REACH who="3" step="1"/><G8/><REACH who="3" ten="202,336,343,99" step="2"/><T30/><D30/><U94/><E94/><V5/><F57/><W110/><G110/><T20/><D20/><U46/><E46/><V120/><F23/><W28/><G28/><T87/><D87/><U107/><E107/><V17/><F106/><W112/><G112/><T31/><D31/><U89/><E72/><V102/><F105/><W4/><G4/><T40/><D40/><U52/><E127/><V65/><F120/><RYUUKYOKU ba="0,2" sc="202,15,336,-15,343,-15,99,15" hai0="16,19,24,25,26,42,45,49,60,62,63,68,69" hai3="10,11,18,21,43,47,48,75,79,83,90,93,99" /><INIT seed="3,1,2,4,0,17" ten="217,321,328,114" oya="3" hai0="79,63,16,19,134,68,81,56,120,133,86,23,41" hai1="97,34,99,48,12,122,71,128,113,104,91,102,7" hai2="129,74,67,22,59,35,94,42,33,115,90,4,131" hai3="126,49,76,106,118,119,8,64,24,103,9,60,14"/><W109/><G76/><T20/><D120/><U44/><E122/><V108/><F108/><W95/><G109/><T61/><D41/><U83/><E113/><V43/><F74/><W124/><G106/><T25/><D68/><U39/><E34/><N who="2" m="12811" /><F4/><W101/><G49/><T55/><REACH who="0" step="1"/><D63/><REACH who="0" ten="207,321,328,114" step="2"/><U65/><E71/><V15/><F115/><W78/><G119/><T100/><D100/><U0/><E102/><V57/><F42/><W66/><G118/><T110/><D110/><U13/><E39/><V53/><F43/><W70/><G66/><T116/><D116/><U80/><E65/><V11/><F67/><W21/><G101/><T38/><D38/><U123/><E123/><V5/><F53/><W1/><G1/><T18/><D18/><U89/><E0/><V46/><F5/><W10/><G78/><T85/><D85/><U50/><E7/><V125/><F90/><W107/><G107/><T31/><D31/><U36/><E36/><V47/><F125/><W27/><G103/><T75/><D75/><U127/><E104/><V132/><F131/><W3/><G3/><T29/><D29/><U51/><E127/><N who="3" m="48682" /><G95/><T92/><D92/><U32/><E128/><V117/><F94/><W6/><G6/><T69/><D69/><U73/><E73/><V26/><F117/><W98/><G98/><T96/><D96/><U121/><E121/><V45/><F129/><W62/><G62/><T135/><D135/><U112/><E99/><V84/><F132/><W130/><G130/><T87/><D87/><U40/><E97/><V105/><F105/><W77/><G77/><RYUUKYOKU ba="1,3" sc="207,15,321,-15,328,-15,114,15" hai0="16,19,20,23,25,55,56,61,79,81,86,133,134" hai3="8,9,10,14,21,24,27,60,64,70" /><INIT seed="3,2,3,1,0,84" ten="222,306,313,129" oya="3" hai0="108,130,116,80,109,70,99,38,30,123,53,105,83" hai1="42,18,71,110,3,94,133,66,23,22,103,39,107" hai2="37,16,102,17,112,40,49,67,58,92,56,43,127" hai3="121,29,96,75,6,97,50,65,47,91,55,120,0"/><W11/><G75/><T106/><D116/><U100/><E3/><V60/><F112/><W35/><G65/><T85/><D123/><U101/><E107/><V5/><F127/><W62/><G62/><T1/><D38/><U45/><E110/><N who="0" m="42601" /><D70/><U44/><E133/><V90/><F102/><W25/><REACH who="3" step="1"/><G97/><REACH who="3" ten="222,306,313,119" step="2"/><T2/><D99/><U134/><E66/><V41/><F37/><W15/><G15/><T4/><D130/><U76/><E39/><V114/><F60/><W68/><G68/><T51/><D1/><U59/><E71/><V126/><F67/><W95/><AGARI ba="2,4" hai="0,6,11,25,29,35,47,50,55,91,95,96,120,121" machi="95" ten="30,6000,0" yaku="1,1,0,1,52,1,53,0" doraHai="84" doraHaiUra="74" who="3" fromWho="3" sc="222,-22,306,-22,313,-22,119,106" /><INIT seed="3,3,0,4,4,52" ten="200,284,291,225" oya="3" hai0="135,91,9,14,34,85,58,76,59,93,22,104,118" hai1="51,127,23,27,95,63,65,130,120,68,40,90,0" hai2="126,49,69,131,46,53,36,44,1,41,109,39,56" hai3="115,33,29,21,48,18,15,5,19,124,54,45,78"/><W100/><G124/><T101/><D118/><U119/><E120/><V92/><F1/><W32/><G115/><T2/><D34/><U30/><E0/><V133/><F126/><W75/><G100/><T110/><D110/><U24/><E127/><V84/><F109/><W8/><G29/><T62/><D135/><U99/><E130/><V123/><F133/><W13/><REACH who="3" step="1"/><G18/><REACH who="3" ten="200,284,291,215" step="2"/><N who="0" m="8527" /><D104/><U10/><E119/><V38/><F123/><W132/><G132/><T83/><D2/><U11/><E27/><V122/><F122/><W82/><AGARI ba="3,1" hai="5,8,13,15,19,21,32,33,45,48,54,75,78,82" machi="82" ten="30,3000,0" yaku="1,1,0,1,53,0" doraHai="52" doraHaiUra="55" who="3" fromWho="3" sc="200,-13,284,-13,291,-13,215,49" /><INIT seed="3,4,0,4,5,133" ten="187,271,278,264" oya="3" hai0="54,119,1,85,7,26,83,5,39,135,8,65,113" hai1="4,92,43,36,21,52,63,91,128,109,127,25,31" hai2="88,103,15,110,75,80,27,87,73,46,35,112,69" hai3="48,58,38,23,86,44,19,116,59,81,45,0,55"/><W62/><G116/><T13/><D119/><U122/><E127/><V70/><F112/><W30/><G0/><T41/><D135/><U9/><E122/><V42/><F103/><W37/><G30/><T134/><D134/><U124/><E124/><V97/><F97/><W96/><G96/><T6/><D113/><U14/><E109/><V53/><F53/><N who="3" m="34159" /><G38/><T126/><D126/><U2/><E128/><V12/><F70/><W101/><G101/><T131/><D131/><U100/><E100/><V102/><F69/><W24/><G37/><T50/><D65/><U106/><E106/><V95/><F102/><W118/><G118/><T11/><D39/><U108/><E108/><V49/><F110/><W115/><G115/><T17/><D26/><U22/><E36/><V79/><F73/><W33/><G33/><T61/><D41/><U60/><E43/><V56/><F56/><W114/><G114/><T74/><D61/><U117/><E117/><V82/><F82/><W77/><AGARI ba="4,0" hai="19,23,24,44,45,48,55,58,77,81,86" m="34159" machi="77" ten="30,1500,0" yaku="8,1" doraHai="133" who="3" fromWho="3" sc="187,-9,271,-9,278,-9,264,27" /><INIT seed="3,5,0,0,2,79" ten="178,262,269,291" oya="3" hai0="133,12,127,108,37,94,6,68,21,64,123,129,134" hai1="38,120,92,56,36,111,88,11,24,16,117,107,34" hai2="101,77,75,72,98,53,69,33,52,99,119,135,67" hai3="58,102,17,130,54,112,104,57,65,84,20,90,47"/><W10/><G112/><T5/><D123/><U49/><E107/><V61/><F119/><W23/><G104/><T55/><D37/><U0/><E120/><V109/><F109/><W124/><G102/><T70/><D108/><U19/><E111/><V22/><F135/><N who="0" m="51722" /><D64/><U63/><E49/><V76/><F33/><W26/><G130/><T96/><D129/><U8/><E117/><V100/><F22/><N who="3" m="13647" /><G10/><N who="0" m="4175" /><D127/><U78/><E78/><V43/><F67/><W113/><G47/><T27/><D55/><U25/><E36/><V45/><F45/><W35/><G35/><T80/><D6/><U2/><E38/><V32/><F32/><W132/><G132/><T87/><D96/><U85/><E0/><V122/><F122/><W71/><G71/><T126/><D94/><U51/><E2/><V105/><F105/><W30/><G124/><T50/><D50/><U131/><E51/><V14/><F69/><W44/><G44/><T116/><D116/><U89/><E131/><V118/><F118/><W1/><G113/><T83/><D126/><U48/><E48/><V103/><F103/><W128/><G128/><T62/><D62/><U13/><E34/><V39/><F39/><W114/><G114/><T74/><D74/><U86/><E11/><V42/><F61/><N who="3" m="38071" /><G1/><T95/><D95/><N who="1" m="54671" /><E19/><V81/><F81/><N who="0" m="31306" /><D87/><U106/><E106/><V110/><F110/><W31/><G84/><T73/><D73/><U125/><E125/><V3/><F3/><W15/><G54/><AGARI ba="5,0" hai="8,13,16,24,25,54,56,63,86,89,92" m="54671" machi="54" ten="30,3900,0" yaku="8,1,54,2" doraHai="79" who="1" fromWho="3" sc="178,0,262,54,269,0,291,-54" owari="178,-32.2,316,41.6,269,6.9,237,-16.3" /></mjloggm>