<mjloggm ver="2.3"><GO type="225" lobby="0"/><UN n0="%2D%E8%B1%8A%E5%8F%A3%E3%82%81%E3%81%90%E3%81%BF%2D" n1="%E5%84%AA%40%41%42%43" n2="%E3%81%AF%E3%82%88%E3%81%8A%E3%81%98%E3%81%95%E3%82%93" n3="%E3%81%BF%E3%81%BF%E3%81%9A" dan="16,17,17,18" rate="2156.05,2169.22,2178.39,2235.69" sx="F,M,M,M"/><TAIKYOKU oya="0"/><INIT seed="0,0,0,1,1,127" ten="250,250,250,250" oya="0" hai0="98,43,90,106,19,22,6,49,68,91,53,78,89" hai1="105,11,7,4,103,109,47,64,111,10,84,45,15" hai2="77,133,104,27,20,94,135,74,117,33,52,107,88" hai3="97,41,108,3,93,99,61,66,5,71,44,72,24"/><T87/><D68/><U80/><E64/><V16/><F33/><W29/><G108/><N who="1" m="41546" /><E103/><V114/><F114/><W23/><G72/><T31/><D31/><U63/><E63/><V14/><F117/><W132/><G132/><N who="2" m="50761" /><F27/><W25/><G5/><T26/><D43/><U129/><E105/><V1/><F1/><W110/><G3/><T101/><D6/><U79/><E129/><V124/><F124/><W134/><G110/><T75/><D78/><U12/><AGARI ba="0,0" hai="4,7,10,11,12,15,45,47,79,80,84" m="41546" machi="12" ten="30,1100,0" yaku="14,1" doraHai="127" who="1" fromWho="1" sc="250,-5,250,11,250,-3,250,-3" /><INIT seed="1,0,0,2,0,61" ten="245,261,247,247" oya="1" hai0="0,79,119,117,42,28,100,27,36,14,129,82,86" hai1="41,21,77,109,62,33,50,128,108,4,51,24,123" hai2="11,83,96,10,6,68,106,104,3,26,116,35,67" hai3="49,127,101,48,110,58,72,87,37,16,34,81,84"/><U126/><E123/><V57/><F57/><W69/><G37/><T65/><D0/><U73/><E33/><V78/><F10/><W39/><G39/><T60/><D129/><U99/><E128/><V90/><F90/><W19/><G69/><T44/><D14/><U113/><E113/><V107/><F116/><W22/><G34/><T134/><D100/><U52/><E126/><V56/><F56/><W55/><G72/><T7/><D7/><U30/><E4/><V43/><F43/><W115/><G110/><N who="1" m="42602" /><E41/><V46/><F46/><W13/><G115/><T92/><D92/><U70/><E99/><V45/><F45/><W74/><G74/><T71/><REACH who="0" step="1"/><D134/><REACH who="0" ten="235,261,247,247" step="2"/><U31/><E31/><N who="2" m="19959" /><F106/><W111/><G111/><T59/><D59/><N who="1" m="35175" /><E70/><V9/><F68/><W94/><G127/><T98/><D98/><U53/><E53/><V12/><F96/><N who="3" m="59543" /><G19/><T40/><D40/><U125/><E125/><V121/><F107/><W105/><G105/><T23/><AGARI ba="0,1" hai="23,27,28,36,42,44,60,65,71,79,82,86,117,119" machi="23" ten="20,5200,0" yaku="1,1,0,1,7,1,52,1,53,0" doraHai="61" doraHaiUra="124" who="0" fromWho="0" sc="235,62,261,-26,247,-13,247,-13" /><INIT seed="2,0,0,3,2,11" ten="297,235,234,234" oya="2" hai0="105,61,129,18,2,64,58,59,21,77,109,74,106" hai1="22,101,66,126,135,71,42,133,85,0,134,119,29" hai2="102,91,36,5,7,99,43,93,84,68,107,123,104" hai3="41,37,20,38,114,94,17,128,79,3,46,98,112"/><V131/><F123/><W118/><G118/><T52/><D2/><U80/><E119/><V19/><F131/><W73/><G128/><T16/><D129/><U76/><E0/><V89/><F68/><W54/><G3/><T45/><D109/><U48/><E126/><V120/><F120/><W27/><G38/><T72/><D45/><N who="1" m="25655" /><E101/><V65/><F65/><W4/><G4/><T132/><D132/><U24/><E66/><V33/><F33/><W12/><G54/><T97/><D18/><U56/><E56/><V47/><F107/><W23/><G79/><T15/><D77/><U60/><E60/><V117/><F117/><W124/><G124/><T88/><D105/><U69/><AGARI ba="0,0" hai="22,24,29,69,71,76,80,85,133,134,135" m="25655" machi="69" ten="40,1500,0" yaku="20,1" doraHai="11" who="1" fromWho="1" sc="297,-4,235,15,234,-7,234,-4" /><INIT seed="3,0,0,4,4,5" ten="293,250,227,230" oya="3" hai0="38,24,81,122,48,0,82,110,106,113,49,28,41" hai1="71,36,53,22,3,15,97,67,64,30,18,78,51" hai2="68,60,99,9,133,31,65,79,11,56,1,75,87" hai3="90,6,63,54,40,74,95,14,132,29,93,77,32"/><W130/><G130/><T4/><D122/><U80/><E36/><V59/><F75/><W73/><G132/><T131/><D106/><U35/><E3/><V39/><F39/><W83/><G74/><T92/><D38/><U85/><E71/><V107/><F68/><W46/><G32/><T20/><D131/><U126/><E126/><V21/><F1/><W125/><G29/><T88/><D110/><U76/><E76/><V112/><F112/><W10/><G125/><T118/><D118/><U108/><E108/><V86/><F133/><W123/><G123/><T104/><D104/><U25/><REACH who="1" step="1"/><E97/><REACH who="1" ten="293,240,227,230" step="2"/><V69/><F79/><W124/><G124/><T52/><D0/><U120/><E120/><V134/><F99/><W84/><G73/><T47/><D113/><U94/><E94/><V101/><F69/><W62/><G54/><T102/><D92/><N who="3" m="35401" /><G90/><T121/><D88/><U111/><E111/><V42/><F107/><W61/><G61/><T27/><D52/><U45/><AGARI ba="0,1" hai="15,18,22,25,30,35,45,51,53,64,67,78,80,85" machi="45" ten="20,2700,0" yaku="1,1,0,1,7,1,53,0" doraHai="5" doraHaiUra="109" who="1" fromWho="1" sc="293,-7,240,37,227,-7,230,-13" /><INIT seed="4,0,0,4,5,44" ten="286,277,220,217" oya="0" hai0="124,122,22,76,128,86,130,113,2,6,88,63,117" hai1="89,35,97,96,33,19,23,82,80,59,11,99,1" hai2="36,24,50,120,4,90,41,75,8,98,84,111,65" hai3="129,83,102,48,27,107,14,68,5,132,87,119,66"/><T72/><D117/><U81/><E89/><V105/><F120/><W29/><G119/><T112/><D122/><U69/><E69/><V134/><F111/><W123/><G123/><T114/><D124/><U39/><E39/><V52/><F75/><W95/><G129/><N who="0" m="49771" /><D22/><U9/><E59/><V20/><F36/><W54/><G132/><T125/><D125/><U103/><E103/><V31/><F134/><W34/><G95/><N who="0" m="54679" /><D63/><U100/><E100/><V77/><F105/><W47/><G5/><T15/><D15/><U30/><E30/><V61/><F98/><W64/><G14/><T78/><D72/><U12/><E1/><V32/><F32/><W101/><G101/><T46/><D46/><U58/><E9/><AGARI ba="0,0" hai="2,6,9,76,78,112,113,114" m="54679,49771" machi="9" ten="40,7700,0" yaku="15,1,19,1,54,1" doraHai="44" who="0" fromWho="1" sc="286,77,277,-77,220,0,217,0" owari="363,46.3,200,-30.0,220,2.0,217,-18.3" /></mjloggm>