<mjloggm ver="2.3"><GO type="225" lobby="0"/><UN n0="%E3%83%81%E3%83%AF%E3%83%AF%E9%9A%8A%E9%95%B7" n1="%E3%83%B4%E3%82%A3%E3%83%AF%E3%82%B3%E3%82%B0%E3%83%8B" n2="%E7%89%B9%E6%9D%B1%E3%81%AF%E4%B8%96%E7%95%8C%E3%82%92%E6%95%91%E3%81%86" n3="%6D%75%75%73%61%6E%6D%75" dan="16,16,16,17" rate="2120.55,2182.61,2133.33,2159.39" sx="M,M,M,F"/><TAIKYOKU oya="0"/><INIT seed="0,0,0,2,1,30" ten="250,250,250,250" oya="0" hai0="25,60,75,12,42,65,116,83,9,120,99,90,64" hai1="43,15,74,13,135,96,88,126,82,70,94,101,78" hai2="110,44,33,84,39,4,130,11,6,113,67,24,129" hai3="81,115,31,133,71,58,23,107,68,106,16,47,5"/><T91/><D116/><U61/><E135/><V89/><F113/><W77/><G115/><T97/><D120/><U36/><E126/><V45/><F67/><W26/><G133/><T27/><D42/><U87/><E70/><V95/><F110/><W62/><G5/><T38/><D38/><U128/><E61/><V57/><F57/><W32/><G47/><T121/><D121/><U72/><E72/><V123/><F123/><W41/><G41/><T112/><D112/><U80/><REACH who="1" step="1"/><E128/><REACH who="1" ten="250,240,250,250" step="2"/><V48/><F130/><W28/><G71/><T66/><D60/><U22/><E22/><V8/><F129/><W122/><G68/><T55/><D75/><U103/><E103/><V56/><F8/><W35/><G122/><T105/><D9/><U86/><E86/><V51/><F11/><W100/><G100/><T7/><D97/><U76/><E76/><V52/><F39/><W125/><G125/><T19/><D99/><U114/><E114/><V73/><F73/><W69/><G69/><T134/><D134/><U127/><E127/><V132/><F132/><W93/><G77/><T108/><D108/><U29/><E29/><V85/><F85/><W14/><G31/><T117/><D117/><U0/><E0/><V104/><F84/><W3/><G3/><T46/><D90/><U119/><E119/><V53/><F89/><W63/><G63/><T20/><D91/><U17/><E17/><V2/><F2/><W1/><G1/><T18/><D19/><U124/><E124/><V59/><F48/><W10/><G62/><T131/><D18/><U37/><E37/><RYUUKYOKU ba="0,1" sc="250,-10,240,30,250,-10,250,-10" hai1="13,15,36,43,74,78,80,82,87,88,94,96,101" /><INIT seed="1,1,1,0,2,60" ten="240,270,240,240" oya="1" hai0="80,73,97,89,77,25,29,121,30,76,133,102,132" hai1="126,135,16,46,56,62,7,83,24,42,64,92,1" hai2="20,22,52,61,108,36,130,28,59,21,68,27,4" hai3="18,50,2,40,69,88,47,54,51,134,15,0,72"/><U127/><E135/><N who="0" m="51785" /><D121/><U124/><E1/><V9/><F108/><W78/><G72/><T5/><D5/><U85/><E7/><V110/><F110/><W131/><G78/><N who="0" m="44111" /><D89/><U105/><E105/><V106/><F130/><W95/><G131/><T3/><D3/><U6/><E6/><V41/><F106/><W39/><G69/><T115/><D115/><U67/><E92/><V116/><F116/><W81/><G81/><T74/><D30/><U125/><E125/><V57/><F68/><W86/><G134/><T93/><D74/><U34/><E62/><V53/><F41/><W12/><G12/><T55/><D55/><U103/><E56/><V100/><F36/><W17/><G39/><T49/><D49/><N who="1" m="26839" /><E103/><V107/><F107/><W101/><G101/><T43/><D43/><U120/><E120/><V70/><F100/><W87/><G87/><T66/><D66/><U75/><E75/><V19/><F70/><W117/><G117/><T98/><D98/><U109/><E109/><V111/><F28/><W65/><G65/><T94/><D94/><U118/><E118/><V128/><F111/><W71/><G71/><T26/><D26/><U129/><E129/><V58/><F128/><W45/><REACH who="3" step="1"/><G18/><REACH who="3" ten="240,270,240,230" step="2"/><T84/><D84/><U35/><E16/><V104/><F104/><W99/><G99/><T91/><D102/><U63/><E64/><V33/><F19/><W123/><G123/><T32/><AGARI ba="1,2" hai="25,29,32,76,77,91,93,97" m="44111,51785" machi="32" ten="30,1100,0" yaku="20,1" doraHai="60" who="0" fromWho="0" sc="240,34,270,-6,240,-4,230,-4" /><INIT seed="2,0,0,2,1,93" ten="274,264,236,226" oya="2" hai0="68,91,47,48,10,4,55,29,123,66,90,127,22" hai1="89,59,77,86,96,63,23,101,57,8,16,45,106" hai2="60,3,46,113,54,50,126,115,125,32,67,12,79" hai3="69,107,120,5,98,129,19,87,9,133,61,102,85"/><V18/><F3/><W41/><G120/><T25/><D123/><U35/><E35/><V94/><F32/><W52/><G129/><T38/><D127/><N who="2" m="48650" /><F79/><W81/><G133/><T43/><D66/><U74/><E8/><N who="2" m="6407" /><F94/><W118/><G118/><T42/><D68/><AGARI ba="0,0" hai="46,50,54,60,67,68,113,115" m="6407,48650" machi="68" ten="30,1500,0" yaku="18,1" doraHai="93" who="2" fromWho="0" sc="274,-15,264,0,236,15,226,0" /><INIT seed="2,1,0,3,3,65" ten="259,264,251,226" oya="2" hai0="20,54,12,72,124,127,15,30,55,90,84,64,131" hai1="57,75,10,34,67,110,76,119,93,2,70,9,63" hai2="92,26,56,86,21,130,106,24,52,68,100,122,0" hai3="83,80,28,117,129,62,123,73,27,40,19,18,128"/><V1/><F122/><W91/><G123/><T125/><D72/><U74/><E119/><V59/><F68/><W38/><G117/><T77/><D131/><U103/><E110/><V46/><F130/><W66/><G38/><T126/><D77/><U78/><E34/><V109/><F109/><W13/><G40/><T49/><D64/><U53/><E76/><V43/><F106/><W104/><G104/><T89/><D89/><U81/><E2/><V31/><F26/><W111/><G111/><T99/><D99/><U121/><E74/><V32/><F32/><W102/><G102/><T112/><D55/><U39/><E39/><V135/><F135/><W44/><G44/><T133/><D112/><U51/><REACH who="1" step="1"/><E121/><REACH who="1" ten="259,254,251,226" step="2"/><V98/><F1/><W107/><G73/><T14/><D125/><U11/><E11/><V29/><F0/><W23/><G128/><T115/><D115/><U33/><E33/><V22/><F22/><W58/><G129/><T69/><D126/><U97/><AGARI ba="1,1" hai="9,10,51,53,57,63,67,70,75,78,81,93,97,103" machi="97" ten="30,7900,0" yaku="1,1,0,1,52,1,53,1" doraHai="65" doraHaiUra="48" who="1" fromWho="1" sc="259,-21,254,92,251,-40,226,-21" /><INIT seed="3,0,0,3,4,28" ten="238,346,211,205" oya="3" hai0="33,59,121,134,98,68,55,58,1,88,43,133,37" hai1="131,93,53,79,94,125,22,108,11,96,80,114,82" hai2="74,63,85,48,92,40,64,122,135,128,100,107,90" hai3="84,16,34,123,23,71,127,89,132,113,91,101,87"/><W3/><G113/><T60/><D1/><U126/><E108/><V49/><F128/><W117/><G123/><T4/><D121/><U21/><E114/><V30/><F122/><W9/><G117/><T62/><D68/><U86/><E131/><V70/><F40/><W76/><G71/><T39/><D4/><U27/><E11/><V26/><F74/><W0/><G34/><T54/><D33/><U83/><E53/><V104/><F135/><N who="0" m="51722" /><D43/><U24/><E79/><V111/><F111/><W102/><G132/><T67/><D67/><U7/><E7/><V73/><F73/><W52/><G3/><T57/><D57/><U95/><E86/><N who="3" m="32810" /><G0/><T109/><D109/><U120/><E96/><N who="2" m="61831" /><F104/><W77/><G9/><T97/><D97/><U12/><E12/><V115/><F115/><W32/><G32/><AGARI ba="0,0" hai="26,30,32,48,49,63,64,70,85,90,92" m="61831" machi="32" ten="30,2000,0" yaku="25,1,52,1" doraHai="28" who="2" fromWho="3" sc="238,0,346,0,211,20,205,-20" owari="238,3.8,346,44.6,231,-16.9,185,-31.5" /></mjloggm>