<mjloggm ver="2.3"><GO type="225" lobby="0"/><UN n0="%31%38%63%6D%E7%AB%8B%E7%9B%B4%E6%A3%92" n1="%73%75%7A%75%72%61%6E%65" n2="%E3%81%8B%E3%82%8F%E3%81%A1%E3%82%83%E3%82%93%35%38" n3="%6D%75%75%6D%75%72%61" dan="16,16,16,16" rate="2063.52,2063.90,2165.50,2174.48" sx="M,M,M,F"/><TAIKYOKU oya="0"/><INIT seed="0,0,0,5,5,133" ten="250,250,250,250" oya="0" hai0="57,45,80,33,117,1,0,5,126,123,28,131,60" hai1="31,35,56,25,84,20,96,86,52,19,81,88,95" hai2="128,18,30,53,14,64,113,38,26,90,78,82,98" hai3="112,104,70,125,72,3,13,99,108,9,132,12,76"/><T75/><D123/><U67/><E67/><V107/><F113/><W106/><G112/><T100/><D117/><U127/><E127/><V94/><F38/><W58/><G132/><T83/><D131/><U68/><E68/><V39/><F39/><W87/><G70/><T41/><D100/><U40/><E40/><V44/><F128/><W15/><G72/><T54/><D126/><U24/><REACH who="1" step="1"/><E81/><REACH who="1" ten="250,240,250,250" step="2"/><V63/><F64/><W121/><G125/><T71/><D71/><U89/><E89/><V122/><F82/><W8/><G121/><T29/><D80/><U48/><AGARI ba="0,1" hai="19,20,24,25,31,35,48,52,56,84,86,88,95,96" machi="48" ten="20,8000,1" yaku="1,1,0,1,7,1,54,2,53,0" doraHai="133" doraHaiUra="97" who="1" fromWho="1" sc="250,-40,240,90,250,-20,250,-20" /><INIT seed="1,0,0,2,1,99" ten="210,330,230,230" oya="1" hai0="120,54,70,108,66,69,122,37,130,124,34,56,46" hai1="94,84,2,16,52,55,11,118,14,65,38,17,74" hai2="92,106,128,71,31,97,23,59,73,81,47,45,102" hai3="58,62,51,25,6,10,36,41,104,28,20,101,33"/><U67/><E74/><V134/><F71/><W63/><G36/><T96/><D34/><U26/><E2/><V61/><F134/><W12/><G33/><T89/><D89/><N who="1" m="53543" /><E38/><V90/><F128/><W50/><G41/><N who="0" m="22831" /><D96/><U83/><E118/><V129/><F129/><W113/><G113/><T24/><D24/><U29/><E29/><V35/><F35/><W39/><G39/><T98/><D98/><U7/><E83/><V125/><F125/><W22/><G22/><T131/><D124/><U115/><E115/><V103/><F73/><W27/><G27/><T21/><D21/><N who="1" m="13607" /><E7/><V77/><F31/><W85/><G85/><T119/><D119/><U117/><E117/><V79/><F23/><W1/><G1/><T3/><D3/><U127/><E127/><V91/><F106/><W111/><G104/><T82/><D82/><U72/><E72/><V80/><F80/><W30/><G30/><T133/><D133/><U64/><AGARI ba="0,0" hai="11,14,17,52,55,64,65,67" m="13607,53543" machi="64" ten="30,6000,0" yaku="8,1,54,2" doraHai="99" who="1" fromWho="1" sc="210,-20,330,60,230,-20,230,-20" /><INIT seed="1,1,0,5,2,101" ten="190,390,210,210" oya="1" hai0="135,130,10,23,48,74,15,35,123,79,104,17,56" hai1="26,71,49,58,103,100,7,72,25,86,67,80,70" hai2="19,21,83,114,75,116,102,38,107,34,78,0,62" hai3="44,119,6,46,81,133,91,68,94,60,11,39,65"/><U117/><E72/><V45/><F116/><W93/><G119/><T132/><D35/><U108/><E117/><V129/><F129/><W66/><G133/><N who="0" m="51275" /><D130/><U55/><E108/><V18/><F114/><W85/><G66/><T121/><D56/><U3/><E3/><V20/><F34/><W113/><G113/><T16/><D48/><U99/><E7/><V51/><F38/><W14/><REACH who="3" step="1"/><G46/><REACH who="3" ten="190,390,210,200" step="2"/><T1/><D1/><U77/><E67/><V110/><F45/><W41/><AGARI ba="1,1" hai="6,11,14,39,41,44,60,65,68,81,85,91,93,94" machi="41" ten="30,7900,0" yaku="1,1,2,1,0,1,53,1" doraHai="101" doraHaiUra="8" who="3" fromWho="3" sc="190,-21,390,-40,210,-21,200,92" /><INIT seed="2,0,0,5,1,91" ten="169,350,189,292" oya="2" hai0="109,31,73,33,70,18,3,63,75,43,5,127,39" hai1="1,62,107,135,96,76,117,64,41,101,132,77,103" hai2="81,82,49,121,67,8,105,51,11,120,57,10,123" hai3="30,124,19,44,83,40,118,45,42,129,130,17,125"/><V16/><F105/><W59/><G59/><T128/><D109/><U68/><E1/><V94/><F67/><W53/><G53/><T95/><D128/><N who="3" m="49257" /><G83/><T23/><D127/><N who="3" m="48713" /><G30/><T6/><D43/><N who="3" m="16425" /><G118/><T78/><D39/><U27/><E41/><V106/><F106/><W35/><G35/><T13/><D78/><U113/><E117/><V97/><F82/><W115/><G115/><T54/><D5/><U87/><E113/><V80/><F81/><W116/><G116/><T2/><D2/><U4/><E4/><V84/><F57/><W102/><G102/><T12/><D12/><U126/><E103/><N who="2" m="60855" /><F123/><W29/><G29/><T114/><D114/><U71/><E126/><V48/><F121/><W69/><G69/><T47/><D70/><U119/><E68/><V55/><F120/><W112/><G112/><T88/><D63/><U122/><E122/><V90/><F55/><W61/><G61/><T38/><D54/><U92/><E119/><V56/><F56/><W7/><G7/><T58/><D58/><U0/><E62/><V133/><F49/><W104/><G104/><T21/><D21/><U86/><E107/><V52/><F48/><W131/><N who="3" m="49265" /><W36/><DORA hai="134" /><G36/><T22/><D22/><U25/><E71/><V37/><F37/><W28/><G28/><T65/><D38/><U108/><E101/><V15/><F51/><W66/><G66/><T85/><D65/><U60/><E64/><V50/><F50/><W26/><G26/><N who="0" m="18679" /><D47/><AGARI ba="0,0" hai="17,19,44,45,47" m="16425,48713,49265" machi="47" ten="50,12000,2" yaku="28,2,19,1,18,1,52,3" doraHai="91,134" who="3" fromWho="0" sc="169,-120,350,0,189,0,292,120" /><INIT seed="3,0,0,1,5,32" ten="49,350,189,412" oya="3" hai0="113,125,45,3,14,27,9,107,119,33,127,55,85" hai1="81,129,83,122,19,80,100,91,20,5,79,51,42" hai2="37,54,43,71,74,4,10,49,87,102,94,41,75" hai3="60,110,2,126,13,15,6,8,109,58,130,115,34"/><W86/><G115/><T131/><D107/><U7/><E122/><V0/><F87/><W101/><G126/><N who="0" m="48139" /><D85/><U104/><E129/><V82/><F94/><W50/><G130/><T88/><D88/><U26/><E104/><V31/><F31/><W116/><G15/><T132/><D55/><U23/><E100/><V90/><F90/><W134/><G134/><T48/><D48/><U103/><E103/><V61/><F49/><W67/><G34/><T12/><D45/><U124/><E124/><V117/><F82/><W128/><G128/><T57/><D57/><U123/><E123/><V56/><F56/><W68/><G116/><T133/><D131/><U96/><E79/><V121/><F61/><W64/><G86/><T70/><D70/><U59/><E23/><V106/><F106/><W1/><G101/><T30/><D119/><U46/><REACH who="1" step="1"/><E59/><REACH who="1" ten="49,340,189,412" step="2"/><V25/><F102/><W44/><G68/><T52/><D113/><U39/><E39/><V53/><F37/><W112/><G112/><T118/><D118/><U22/><E22/><V21/><F21/><W35/><G35/><T28/><D28/><U95/><AGARI ba="0,1" hai="5,7,19,20,26,42,46,51,80,81,83,91,95,96" machi="95" ten="30,4000,0" yaku="1,1,0,1,8,1,53,0" doraHai="32" doraHaiUra="108" who="1" fromWho="1" sc="49,-10,340,50,189,-10,412,-20" owari="39,-46.1,390,19.0,179,-22.1,392,49.2" /></mjloggm>