<mjloggm ver="2.3"><GO type="225" lobby="0"/><UN n0="%E3%82%BC%E3%83%AB%E3%83%80%E3%81%AE%E4%BC%9D%E8%AA%AC" n1="%E5%A4%9C%E3%81%AE%E3%82%AC%E3%82%B9%E3%83%91%E3%83%BC%E3%83%AB" n2="%48%61%61%61%6C%61%6E%64" n3="%E6%9D%BE%E6%9C%AC%E5%81%A5%E7%94%B7" dan="18,17,18,16" rate="2214.24,2240.93,2190.27,2162.45" sx="M,M,M,M"/><TAIKYOKU oya="0"/><INIT seed="0,0,0,3,5,50" ten="250,250,250,250" oya="0" hai0="62,60,20,105,73,107,26,67,101,122,28,72,69" hai1="95,23,7,129,124,55,113,78,22,68,98,77,133" hai2="89,5,1,83,45,46,51,118,119,96,125,52,132" hai3="109,85,71,100,56,13,88,99,79,42,64,39,117"/><T6/><D122/><U74/><E68/><V66/><F125/><W10/><G117/><N who="2" m="44553" /><F66/><W92/><G109/><T15/><D62/><U32/><E32/><V14/><F132/><W130/><G130/><T134/><D134/><U81/><E133/><V33/><F33/><W8/><G71/><T106/><REACH who="0" step="1"/><D101/><REACH who="0" ten="240,250,250,250" step="2"/><U90/><E129/><V102/><F102/><W86/><G100/><T9/><AGARI ba="0,1" hai="6,9,15,20,26,28,60,67,69,72,73,105,106,107" machi="9" ten="40,7800,0" yaku="1,1,2,1,0,1,53,0" doraHai="50" doraHaiUra="131" who="0" fromWho="0" sc="240,88,250,-26,250,-26,250,-26" /><INIT seed="0,1,0,2,5,94" ten="328,224,224,224" oya="0" hai0="23,67,2,119,114,3,72,4,82,24,120,65,129" hai1="59,70,118,12,35,20,110,8,115,89,127,97,130" hai2="61,34,132,71,9,123,57,41,17,95,117,96,19" hai3="62,113,124,18,76,88,44,30,31,98,28,86,112"/><T49/><D114/><U126/><E118/><V58/><F123/><W122/><G124/><N who="1" m="47658" /><E110/><V107/><F117/><W134/><G122/><T25/><D120/><U83/><E130/><V1/><F34/><W99/><G134/><T54/><D119/><U125/><E70/><V26/><F107/><W29/><G76/><T79/><D129/><U50/><E35/><V73/><F132/><W105/><G105/><T39/><D39/><U91/><E115/><V16/><F73/><W60/><G113/><T101/><D101/><U109/><E109/><V32/><F41/><W75/><G75/><T81/><D81/><U64/><E20/><N who="2" m="13575" /><F71/><W128/><G128/><T53/><D24/><U22/><E22/><V11/><F57/><W37/><G112/><T55/><D49/><U5/><E125/><V21/><F1/><W77/><G77/><T6/><D2/><U36/><E36/><V102/><F32/><W15/><N who="3" m="7168" /><DORA hai="106" /><W27/><G27/><T45/><D3/><U66/><E59/><V7/><F7/><W135/><G135/><T48/><D4/><U108/><E108/><V47/><F47/><W63/><G44/><T78/><D6/><U13/><E13/><N who="2" m="9391" /><F19/><W68/><G68/><T80/><D25/><U85/><E50/><V111/><F111/><W103/><G37/><T52/><REACH who="0" step="1"/><D23/><REACH who="0" ten="318,224,224,224" step="2"/><U43/><E43/><V92/><F92/><AGARI ba="1,1" hai="5,8,12,64,66,83,85,89,91,92,97" m="47658" machi="92" ten="30,2000,0" yaku="18,1,52,1" doraHai="94,106" who="1" fromWho="2" sc="318,0,224,33,224,-23,224,0" /><INIT seed="1,0,0,1,3,53" ten="318,257,201,224" oya="1" hai0="98,127,14,32,65,70,89,27,76,43,58,93,30" hai1="87,115,2,3,48,122,56,62,106,129,39,77,131" hai2="18,21,111,38,118,5,102,69,13,60,107,88,84" hai3="121,108,109,24,71,92,134,63,37,74,97,47,20"/><U31/><E115/><V8/><F118/><W33/><G121/><T126/><D43/><U40/><E39/><V51/><F38/><W78/><G33/><T128/><D128/><N who="1" m="49227" /><E122/><V1/><F111/><W105/><G105/><T123/><D123/><U116/><E116/><V66/><F51/><W104/><G104/><T52/><D76/><U120/><E120/><V9/><F107/><W99/><G99/><T6/><D65/><U85/><E31/><V42/><F102/><W23/><G23/><T83/><D83/><N who="1" m="47343" /><E87/><V124/><F42/><W90/><G134/><T46/><D46/><N who="1" m="25671" /><E106/><V81/><REACH who="2" step="1"/><F124/><REACH who="2" ten="318,257,191,224" step="2"/><W80/><G37/><T119/><D119/><U26/><E26/><V49/><F49/><W64/><REACH who="3" step="1"/><G47/><REACH who="3" ten="318,257,191,214" step="2"/><T86/><D127/><U35/><E35/><V29/><F29/><AGARI ba="0,2" hai="20,24,29,63,64,71,74,78,80,90,92,97,108,109" machi="29" ten="40,2600,0" yaku="1,1,2,1,53,0" doraHai="53" doraHaiUra="112" who="3" fromWho="2" sc="318,0,257,0,191,-26,214,46" /><INIT seed="2,0,0,3,4,65" ten="318,257,165,260" oya="2" hai0="104,62,121,44,105,76,12,117,9,38,55,32,37" hai1="40,123,25,50,128,78,115,2,106,22,118,28,18" hai2="129,92,120,63,49,14,15,99,64,134,87,35,1" hai3="48,81,127,57,60,86,58,69,114,19,5,116,53"/><V130/><F120/><W31/><G116/><T84/><D32/><U16/><E118/><V33/><F1/><W67/><G127/><T7/><D117/><U110/><E115/><V46/><F87/><W17/><G114/><T88/><D76/><U124/><E106/><V54/><F134/><W56/><G31/><T70/><D121/><U100/><E100/><V85/><F85/><W97/><G5/><T61/><D61/><U75/><E123/><V111/><F111/><W24/><G97/><T94/><D55/><U125/><E2/><V93/><F33/><W47/><REACH who="3" step="1"/><G24/><REACH who="3" ten="318,257,165,250" step="2"/><T13/><D7/><U126/><E110/><V101/><F35/><W27/><G27/><T107/><D13/><U23/><E28/><V20/><F93/><W103/><G103/><T98/><D98/><U6/><E6/><V113/><F113/><W95/><G95/><T82/><D94/><U39/><E25/><V131/><REACH who="2" step="1"/><F20/><REACH who="2" ten="318,257,155,250" step="2"/><W112/><G112/><T21/><D21/><U68/><E23/><V26/><F26/><W10/><G10/><T79/><D9/><U77/><E22/><V42/><F42/><W41/><G41/><T80/><D107/><U51/><E126/><V30/><F30/><W83/><G83/><T4/><D105/><U91/><E40/><V74/><F74/><W72/><G72/><T0/><D104/><U11/><E75/><V135/><F135/><W3/><G3/><T36/><D0/><U66/><E124/><V45/><F45/><W73/><G73/><N who="0" m="43119" /><D44/><U122/><E125/><V108/><F108/><W29/><G29/><T90/><D82/><RYUUKYOKU ba="0,2" sc="318,-15,257,-15,155,15,250,15" hai2="14,15,46,49,54,63,64,92,99,101,129,130,131" hai3="17,19,47,48,53,56,57,58,60,67,69,81,86" /><INIT seed="2,1,2,4,1,37" ten="303,242,170,265" oya="2" hai0="23,10,132,3,35,36,91,119,133,51,111,41,100" hai1="126,96,93,1,88,107,32,86,54,31,125,85,130" hai2="80,68,19,83,6,66,82,2,42,134,128,77,101" hai3="11,28,113,26,62,22,108,89,106,4,110,71,58"/><V25/><F128/><W103/><G71/><T120/><D120/><U39/><E1/><V73/><F134/><N who="0" m="51818" /><D111/><N who="3" m="42537" /><G113/><T34/><D119/><U74/><E130/><V117/><F117/><W18/><G89/><T131/><D131/><U81/><E39/><V27/><F101/><W97/><G28/><T118/><D36/><U55/><E74/><V53/><F53/><N who="3" m="34127" /><G11/><T124/><D124/><N who="1" m="47723" /><E107/><V63/><F42/><W78/><G78/><T105/><D23/><U90/><E96/><V9/><REACH who="2" step="1"/><F27/><AGARI ba="1,2" hai="27,31,32,54,55,81,85,86,88,90,93" m="47723" machi="27" ten="30,2000,0" yaku="18,1,54,1" doraHai="37" who="1" fromWho="2" sc="303,0,242,43,170,-23,265,0" /><INIT seed="3,0,0,5,1,96" ten="303,285,147,265" oya="3" hai0="91,33,76,6,17,46,112,77,116,122,22,83,78" hai1="97,35,31,105,41,123,104,110,42,34,7,108,89" hai2="56,98,100,23,64,66,10,103,11,50,59,37,55" hai3="8,21,12,1,3,44,25,9,121,4,5,85,0"/><W84/><G121/><T57/><D116/><U133/><E123/><V36/><F98/><W119/><G119/><T2/><D33/><U107/><E133/><V15/><F23/><W62/><G62/><T53/><D122/><U90/><E7/><V126/><F126/><W86/><REACH who="3" step="1"/><G44/><REACH who="3" ten="303,285,147,255" step="2"/><T72/><D46/><U132/><E132/><V28/><F28/><BYE who="2" /><AGARI ba="0,1" hai="0,1,3,4,5,8,9,12,21,25,28,84,85,86" machi="28" ten="40,3900,0" yaku="1,1,2,1,53,0" doraHai="96" doraHaiUra="114" who="3" fromWho="2" sc="303,0,285,0,147,-39,255,49" owari="303,10.3,285,-11.5,108,-39.2,304,40.4" /></mjloggm>