<mjloggm ver="2.3"><GO type="225" lobby="0"/><UN n0="%E6%98%93%E5%88%A9%E8%96%A9%E4%BC%AF" n1="%28%EF%BF%A3%E2%96%BD%EF%BF%A3%29%CE%B4%E2%8C%92%E3%83%BB" n2="%48%61%61%61%6C%61%6E%64" n3="%E3%81%A9%E3%82%8F%E3%82%93%E3%81%94" dan="16,16,18,16" rate="2047.46,2066.09,2177.03,2076.49" sx="F,M,M,M"/><TAIKYOKU oya="0"/><INIT seed="0,0,0,0,2,126" ten="250,250,250,250" oya="0" hai0="35,111,124,75,100,113,87,106,33,135,9,13,96" hai1="125,24,51,14,15,97,5,44,68,74,2,21,110" hai2="63,0,53,105,59,23,80,60,130,42,34,116,95" hai3="78,81,107,85,134,19,55,112,128,3,29,94,98"/><T1/><D113/><U131/><E74/><V48/><F105/><W99/><G112/><T109/><D75/><U27/><E68/><V32/><F0/><W61/><G3/><T6/><D124/><U67/><E67/><V90/><F116/><W115/><G115/><T73/><D73/><U16/><E125/><V132/><F80/><W4/><G4/><T7/><D135/><U72/><E72/><V119/><F132/><W54/><G29/><T45/><D7/><U93/><E2/><V91/><F119/><W84/><G134/><T37/><D13/><U64/><E64/><V36/><F36/><W43/><G43/><N who="0" m="22767" /><D87/><U117/><E110/><AGARI ba="0,0" hai="1,6,9,33,35,96,100,106,109,110,111" m="22767" machi="110" ten="30,5800,0" yaku="14,1,10,1,23,1" doraHai="126" who="0" fromWho="1" sc="250,58,250,-58,250,0,250,0" /><INIT seed="0,1,0,1,5,109" ten="308,192,250,250" oya="0" hai0="46,16,54,31,105,53,122,20,64,6,30,95,128" hai1="22,79,39,40,49,94,112,133,76,85,65,121,70" hai2="56,24,82,132,19,83,120,66,38,3,5,86,51" hai3="110,111,55,32,113,72,127,13,77,58,104,17,43"/><T74/><D122/><U126/><E39/><V44/><F120/><W0/><G104/><T67/><D105/><U114/><E121/><V119/><F132/><W15/><G0/><T48/><D74/><U25/><E133/><V135/><F135/><W131/><G32/><T61/><D6/><U42/><E126/><V59/><F119/><W78/><G43/><N who="1" m="16426" /><E49/><V88/><F38/><W91/><G127/><T130/><D95/><U10/><E10/><V27/><F5/><W125/><G125/><T8/><D8/><U52/><E52/><N who="0" m="20073" /><D61/><N who="1" m="40239" /><E94/><V108/><F3/><W93/><G72/><T96/><D96/><U75/><E85/><V35/><F51/><W45/><G93/><T1/><D1/><U97/><E97/><V71/><F71/><W37/><G110/><T123/><D123/><U14/><E14/><V90/><F108/><W73/><G15/><N who="0" m="9247" /><D46/><U106/><E106/><V102/><F44/><W60/><G45/><T11/><D11/><U33/><E33/><V21/><F35/><W100/><G73/><T92/><D48/><U117/><E117/><V28/><F86/><W80/><G37/><T63/><D92/><U89/><E89/><V26/><F90/><W81/><G91/><T7/><D7/><U9/><E9/><V101/><F88/><W18/><G111/><T107/><D107/><U84/><E84/><V129/><F101/><W41/><G100/><T87/><D87/><U118/><E118/><V50/><F102/><W103/><G103/><T47/><D47/><U4/><E4/><V98/><F50/><W116/><G116/><T57/><D67/><RYUUKYOKU ba="1,0" sc="308,30,192,-10,250,-10,250,-10" hai0="30,31,57,63,64,128,130" /><INIT seed="0,2,0,0,3,56" ten="338,182,240,240" oya="0" hai0="25,120,64,22,78,42,58,38,92,41,108,52,123" hai1="0,72,35,65,46,9,80,90,27,68,129,96,132" hai2="121,34,111,26,33,55,119,97,87,16,63,102,126" hai3="73,17,32,48,135,99,105,18,104,13,47,61,40"/><T110/><D78/><U98/><E129/><V94/><F121/><N who="0" m="46666" /><D92/><U115/><E132/><V106/><F111/><N who="0" m="42538" /><D64/><U54/><E115/><V3/><F3/><W1/><G32/><T23/><D38/><U45/><E27/><V14/><F26/><W53/><G1/><T109/><N who="0" m="42546" /><T86/><DORA hai="15" /><D86/><U70/><E35/><V83/><F94/><W49/><G135/><T44/><D44/><U107/><E70/><V113/><F33/><W6/><G73/><T127/><D127/><U4/><E72/><V12/><F34/><W5/><G99/><T7/><D7/><U2/><E107/><V128/><F126/><W82/><G82/><T43/><D25/><U69/><E69/><V10/><F83/><W11/><G105/><T118/><D118/><U101/><E46/><V122/><F87/><W91/><G91/><T81/><D81/><U88/><E80/><V84/><F84/><W76/><G76/><T74/><D74/><U124/><E124/><V95/><F119/><W21/><G104/><T29/><D29/><U37/><E37/><V28/><F106/><W100/><G100/><T133/><D133/><U103/><E101/><V89/><F102/><W71/><G71/><T75/><D75/><U36/><E36/><V39/><F89/><N who="1" m="34409" /><E103/><V20/><F39/><W85/><G85/><T62/><AGARI ba="2,0" hai="22,23,41,42,43,52,58,62" m="42546,46666" machi="62" ten="50,12000,1" yaku="14,1,10,1,52,1,54,1" doraHai="56,15" who="0" fromWho="0" sc="338,126,182,-42,240,-42,240,-42" /><INIT seed="0,3,0,4,4,80" ten="464,140,198,198" oya="0" hai0="50,103,110,82,39,13,64,30,99,6,36,47,129" hai1="29,56,11,0,97,106,118,21,128,35,113,14,74" hai2="62,130,94,61,1,58,31,46,89,7,101,57,67" hai3="121,71,87,4,95,38,92,16,126,73,96,48,124"/><T125/><D129/><U34/><E74/><V53/><F130/><W55/><G38/><T66/><D125/><N who="3" m="48233" /><G121/><T135/><D135/><U81/><E56/><V68/><F31/><W24/><G73/><T109/><D30/><U79/><E128/><V45/><F101/><W115/><G71/><T54/><D6/><N who="1" m="1479" /><E97/><V98/><REACH who="2" step="1"/><F68/><REACH who="2" ten="464,140,188,198" step="2"/><W114/><G114/><T5/><D103/><U12/><E113/><V122/><F122/><W111/><G115/><T127/><D127/><U133/><E133/><V20/><F20/><N who="3" m="13319" /><G111/><T90/><D110/><U108/><E108/><V77/><F77/><W107/><G4/><T116/><D5/><U8/><E79/><V37/><F37/><W120/><G120/><T100/><D39/><U52/><E21/><V22/><F22/><W18/><G18/><T51/><D36/><U91/><E35/><V10/><AGARI ba="3,1" hai="1,7,10,45,46,53,57,58,61,62,67,89,94,98" machi="10" ten="30,2000,0" yaku="1,1,0,1,53,0" doraHai="80" doraHaiUra="132" who="2" fromWho="2" sc="464,-13,140,-8,188,39,198,-8" /><INIT seed="1,0,0,1,1,86" ten="451,132,227,190" oya="1" hai0="81,134,48,31,94,92,89,96,80,73,88,103,24" hai1="98,33,17,59,95,43,22,55,13,129,53,122,37" hai2="36,114,130,35,97,75,23,9,21,45,133,69,84" hai3="16,104,117,118,90,8,128,10,72,82,44,39,41"/><U107/><E33/><V40/><F35/><W46/><G104/><T132/><D48/><U100/><E122/><V113/><F75/><W108/><G108/><T4/><D4/><U106/><E129/><V78/><F130/><W87/><G128/><T93/><D73/><U71/><E71/><V58/><F69/><W109/><G109/><T120/><D120/><U126/><E126/><V85/><F133/><N who="0" m="51306" /><D103/><U15/><E55/><V91/><F9/><W124/><G124/><T1/><D1/><U26/><E43/><V79/><F97/><W25/><G46/><T19/><D19/><U28/><E37/><V51/><F78/><W42/><G42/><T66/><D66/><U6/><E6/><V5/><F79/><W27/><G72/><T63/><D63/><U56/><E56/><V115/><F85/><W121/><G121/><T12/><D12/><U64/><E64/><V105/><F5/><W47/><G47/><T111/><D111/><U112/><E112/><V77/><F77/><W127/><G127/><T18/><D18/><U99/><E28/><V110/><F110/><W20/><REACH who="3" step="1"/><G27/><REACH who="3" ten="451,132,227,180" step="2"/><T74/><D74/><U131/><E131/><V34/><F114/><W32/><G32/><N who="0" m="20583" /><D94/><U54/><E107/><V83/><F105/><W101/><G101/><T50/><D50/><U49/><REACH who="1" step="1"/><E54/><REACH who="1" ten="451,122,227,180" step="2"/><N who="2" m="32095" /><F34/><W30/><G30/><T119/><D119/><AGARI ba="0,2" hai="8,10,16,20,25,39,41,44,82,87,90,117,118,119" machi="119" ten="40,8000,1" yaku="1,1,12,1,52,1,54,1,53,0" doraHai="86" doraHaiUra="3" who="3" fromWho="0" sc="451,-80,122,0,227,0,180,100" /><INIT seed="2,0,0,2,3,108" ten="371,122,227,280" oya="2" hai0="22,19,27,31,7,73,65,134,40,96,97,89,80" hai1="81,56,101,79,37,87,24,122,62,68,15,109,20" hai2="59,129,25,92,41,88,2,114,111,78,113,55,74" hai3="4,72,61,76,50,16,46,8,90,30,3,9,86"/><V0/><F111/><W116/><G116/><T115/><D115/><U34/><E37/><V98/><F129/><W63/><G30/><T42/><D134/><U123/><E109/><V107/><F41/><N who="0" m="15978" /><D73/><U43/><E43/><V32/><F107/><W124/><G124/><T128/><D7/><U66/><E15/><V67/><F67/><W64/><G72/><T60/><D128/><U105/><E56/><V70/><F70/><W35/><G35/><T71/><D71/><U93/><E93/><V127/><F127/><W100/><G100/><T44/><D44/><U5/><E5/><V45/><F45/><W57/><G76/><T58/><D31/><U130/><E20/><V103/><F103/><W28/><G28/><T1/><D1/><U12/><E12/><V121/><F121/><W53/><G63/><T21/><D21/><U132/><E132/><V51/><F32/><W11/><G16/><T69/><D69/><U125/><E130/><V77/><F25/><W91/><G91/><T99/><D80/><AGARI ba="0,0" hai="3,4,8,9,11,46,50,53,57,61,64,80,86,90" machi="80" ten="30,1000,0" yaku="7,1" doraHai="108" who="3" fromWho="0" sc="371,-10,122,0,227,0,280,10" /><INIT seed="3,0,0,3,4,107" ten="361,122,227,290" oya="3" hai0="23,8,48,131,101,95,9,16,134,34,52,41,120" hai1="66,85,38,90,110,69,73,3,112,44,111,128,84" hai2="56,2,32,106,21,35,47,11,10,93,113,63,57" hai3="97,20,78,116,130,104,72,1,17,67,81,132,6"/><W125/><G116/><T86/><D34/><U45/><E3/><V36/><F106/><W12/><G132/><T122/><D131/><U94/><E112/><V98/><F113/><W103/><G130/><T71/><D71/><U105/><E128/><V27/><F36/><W124/><REACH who="3" step="1"/><G67/><REACH who="3" ten="361,122,227,280" step="2"/><T91/><D134/><U22/><E105/><V24/><F32/><W99/><G99/><N who="0" m="59647" /><D41/><U135/><E135/><V26/><F35/><W59/><G59/><N who="0" m="33159" /><D122/><U123/><E123/><V19/><F57/><W7/><G7/><T109/><D120/><U60/><E38/><V115/><F115/><W82/><G82/><N who="0" m="49623" /><D109/><U76/><E111/><V55/><F47/><W62/><G62/><T121/><D121/><U83/><E110/><V13/><REACH who="2" step="1"/><F2/><REACH who="2" ten="361,122,217,280" step="2"/><W25/><G25/><AGARI ba="0,2" hai="8,9,16,23,25" m="49623,33159,59647" machi="25" ten="30,3900,0" yaku="8,1,54,2" doraHai="107" who="0" fromWho="3" sc="361,59,122,0,217,0,280,-39" owari="420,52.0,122,-37.8,217,-18.3,241,4.1" /></mjloggm>