<mjloggm ver="2.3"><GO type="225" lobby="0"/><UN n0="%E3%81%AF%E3%82%88%E3%81%8A%E3%81%98%E3%81%95%E3%82%93" n1="%E8%B5%A4%E7%BE%BD%E3%81%AE%E7%8E%8B" n2="%E6%9A%87%E4%BA%BA%EF%BC%A0%E9%85%8D%E4%BF%A1%E5%9E%A2" n3="%E7%B4%94%E6%BD%94%E3%83%94%E3%83%A9%E3%83%8B%E3%82%A2" dan="17,16,17,16" rate="2211.91,2081.82,2212.97,2133.48" sx="M,M,M,M"/><TAIKYOKU oya="0"/><INIT seed="0,0,0,1,2,103" ten="250,250,250,250" oya="0" hai0="35,121,126,101,18,85,27,4,38,14,69,71,29" hai1="25,2,45,34,106,48,16,39,47,37,128,58,11" hai2="63,86,108,7,51,134,123,81,54,30,61,89,124" hai3="41,15,17,75,97,107,22,36,109,87,33,129,115"/><T122/><D38/><U24/><E128/><V42/><F123/><W3/><G87/><T82/><D126/><U131/><E131/><V74/><F124/><W59/><G59/><T60/><D4/><U90/><E106/><V52/><F108/><W68/><G97/><T76/><D101/><U77/><E77/><V5/><F74/><W130/><G41/><T43/><D43/><U116/><E116/><V28/><F134/><W12/><G12/><T56/><D121/><U70/><E70/><V53/><F42/><W40/><G22/><T62/><D122/><U84/><E58/><V13/><F51/><W67/><G15/><T94/><D94/><U21/><E47/><V72/><F72/><W31/><G31/><N who="2" m="11817" /><F13/><W44/><G40/><T114/><D114/><U10/><E25/><V112/><F112/><W98/><G3/><T55/><REACH who="0" step="1"/><D62/><AGARI ba="0,0" hai="5,7,52,53,54,61,62,63,81,86,89" m="11817" machi="62" ten="30,2000,0" yaku="8,1,54,1" doraHai="103" who="2" fromWho="0" sc="250,-20,250,0,250,20,250,0" /><INIT seed="1,0,0,4,2,9" ten="230,250,270,250" oya="1" hai0="89,91,80,71,95,25,110,75,61,39,79,18,134" hai1="68,107,97,93,62,22,87,45,96,57,27,23,43" hai2="130,53,73,112,119,15,32,3,12,81,85,7,0" hai3="49,82,66,48,129,19,77,83,26,13,34,2,50"/><U28/><E68/><V86/><F119/><W120/><G120/><T104/><D104/><U133/><E133/><V111/><F32/><W47/><G2/><T30/><D39/><U35/><E107/><V123/><F123/><W58/><G129/><T55/><D110/><U16/><E87/><V116/><F116/><W60/><G34/><T1/><D134/><U76/><E76/><V122/><F122/><W92/><G26/><T99/><D1/><U33/><E33/><V59/><F0/><W103/><G77/><T115/><D115/><U54/><E93/><V98/><F73/><W121/><G121/><T135/><D135/><U74/><E74/><V101/><F86/><W118/><G47/><T20/><D30/><U94/><E94/><V105/><F111/><W109/><G118/><T90/><REACH who="0" step="1"/><D71/><REACH who="0" ten="220,250,270,250" step="2"/><U6/><E35/><V46/><F112/><W21/><REACH who="3" step="1"/><G109/><REACH who="3" ten="220,250,270,240" step="2"/><T114/><D114/><U132/><E132/><V78/><F130/><W29/><G29/><T11/><D11/><U69/><E69/><V36/><F3/><W31/><G31/><T5/><D5/><U128/><E6/><V100/><F7/><W24/><G24/><T37/><D37/><U38/><E128/><V40/><REACH who="2" step="1"/><F101/><REACH who="2" ten="220,250,260,240" step="2"/><W84/><G84/><T44/><D44/><U127/><REACH who="1" step="1"/><E127/><REACH who="1" ten="220,240,260,240" step="2"/><RYUUKYOKU type="reach4" ba="0,4" sc="220,0,240,0,260,0,240,0" hai0="18,20,25,55,61,75,79,80,89,90,91,95,99" hai1="16,22,23,27,28,38,43,45,54,57,62,96,97" hai2="12,15,36,40,46,53,59,78,81,85,98,100,105" hai3="13,19,21,48,49,50,58,60,66,82,83,92,103" /><INIT seed="1,1,4,3,4,47" ten="220,240,260,240" oya="1" hai0="75,78,80,8,115,119,99,73,126,106,81,55,116" hai1="117,98,120,123,100,51,23,25,110,92,95,87,93" hai2="63,28,77,89,128,71,18,36,45,54,32,6,66" hai3="5,52,130,62,125,3,82,111,48,29,41,37,114"/><U68/><E117/><N who="0" m="45129" /><D55/><U34/><E34/><V83/><F128/><W31/><G130/><T21/><D21/><U9/><E68/><V84/><F6/><W102/><G102/><N who="0" m="62815" /><D8/><U20/><E110/><V64/><F64/><W14/><G111/><T49/><D49/><U127/><E127/><V58/><F18/><W12/><G125/><T121/><D126/><U43/><E9/><V107/><F107/><W33/><G114/><T7/><D7/><U105/><E87/><V104/><F104/><W132/><G132/><T65/><D65/><U46/><REACH who="1" step="1"/><E20/><REACH who="1" ten="220,230,260,240" step="2"/><V86/><F32/><W90/><G33/><T11/><D11/><U2/><E2/><V30/><F86/><W16/><G3/><T96/><D96/><U76/><E76/><V72/><F77/><W38/><G5/><T4/><D4/><U70/><E70/><V39/><F72/><W40/><G29/><AGARI ba="1,5" hai="23,25,29,43,46,51,92,93,95,98,100,105,120,123" machi="29" ten="40,3900,0" yaku="1,1,52,1,53,0" doraHai="47" doraHaiUra="1" who="1" fromWho="3" sc="220,0,230,92,260,0,240,-42" /><INIT seed="1,2,0,5,4,22" ten="220,322,260,198" oya="1" hai0="4,11,38,117,56,82,12,58,93,44,20,105,28" hai1="84,120,0,114,135,13,43,33,94,31,79,104,128" hai2="111,113,37,27,42,125,67,50,54,57,103,64,86" hai3="106,3,47,34,130,118,109,16,18,134,116,63,41"/><U8/><E114/><V108/><F113/><W39/><G3/><T121/><D105/><U101/><E104/><V122/><F103/><W48/><G106/><T119/><D121/><U95/><E120/><V35/><F122/><W98/><G109/><N who="2" m="42057" /><F125/><W25/><G130/><T72/><D93/><U32/><E0/><V73/><F73/><W2/><G2/><T81/><D38/><U124/><E124/><V61/><F37/><W132/><G98/><T52/><D117/><N who="3" m="45161" /><G63/><T112/><D112/><U17/><E128/><V80/><F42/><W129/><G129/><T133/><D133/><N who="3" m="51305" /><G39/><T9/><D119/><U6/><E33/><V62/><F62/><W46/><G46/><T89/><D44/><U126/><E43/><V69/><F69/><W90/><G90/><T83/><D58/><U60/><E60/><V1/><F61/><W110/><G110/><T131/><D131/><U40/><E40/><V53/><F53/><W78/><G78/><T92/><D56/><U123/><E123/><V26/><F1/><W14/><G14/><N who="0" m="5415" /><D52/><U97/><E126/><V75/><F35/><W5/><G5/><T99/><D72/><U66/><E6/><V51/><F75/><W70/><G70/><T76/><D76/><U77/><E135/><V71/><F50/><W10/><G10/><T74/><D74/><U100/><E79/><N who="2" m="46367" /><F71/><W36/><G36/><T7/><D7/><U96/><E77/><V85/><F85/><W127/><G127/><T87/><D87/><U91/><E84/><V15/><F15/><W45/><G47/><T115/><D115/><U21/><E101/><RYUUKYOKU ba="2,0" sc="220,-15,322,-15,260,15,198,15" hai2="26,27,51,54,57,64,67" hai3="16,18,25,34,41,45,48" /><INIT seed="2,3,0,4,2,28" ten="205,307,275,213" oya="2" hai0="8,65,122,106,9,83,74,108,78,90,66,41,27" hai1="11,39,43,81,111,0,17,88,42,55,38,25,20" hai2="48,80,61,51,59,92,3,14,86,104,70,89,94" hai3="116,34,4,40,15,19,117,93,26,76,53,58,110"/><V50/><F3/><W98/><G40/><T60/><D122/><U73/><E111/><V31/><F70/><W49/><G110/><T101/><D108/><U5/><E55/><V72/><F104/><W71/><G71/><T22/><D41/><U23/><E43/><V113/><F113/><W30/><G4/><T46/><D46/><U47/><E23/><V105/><F105/><W67/><G76/><T37/><D37/><N who="1" m="21967" /><E88/><V114/><F114/><W68/><G68/><T129/><D129/><U95/><E95/><V115/><F115/><W100/><REACH who="3" step="1"/><G67/><REACH who="3" ten="205,307,275,203" step="2"/><T84/><D65/><U62/><E62/><V127/><F72/><W75/><G75/><T57/><D74/><U12/><E25/><V45/><F127/><W10/><AGARI ba="3,1" hai="10,15,19,26,30,34,49,53,58,93,98,100,116,117" machi="10" ten="20,8000,1" yaku="1,1,0,1,7,1,52,1,53,1" doraHai="28" doraHaiUra="24" who="3" fromWho="3" sc="205,-23,307,-23,275,-43,203,99" /><INIT seed="3,0,0,0,4,5" ten="182,284,232,302" oya="3" hai0="53,84,14,19,44,33,80,46,36,34,74,30,57" hai1="16,113,91,39,127,12,114,109,120,52,11,110,47" hai2="27,132,1,43,71,7,124,93,90,66,22,59,125" hai3="135,51,75,48,116,25,98,129,78,17,96,42,65"/><W115/><G115/><T72/><D74/><U8/><E120/><V49/><F132/><W119/><G135/><T62/><D72/><U31/><E127/><N who="2" m="48715" /><F71/><W18/><G65/><T99/><D99/><U38/><E31/><V77/><F77/><W41/><G75/><T105/><D105/><U86/><E8/><N who="2" m="2159" /><F66/><W81/><G78/><T97/><D97/><U112/><E52/><N who="2" m="32143" /><F43/><W10/><G42/><T9/><D36/><U95/><E47/><V13/><F13/><W101/><G41/><T70/><D70/><U61/><E61/><V102/><F102/><W15/><G101/><T24/><REACH who="0" step="1"/><D34/><REACH who="0" ten="172,284,232,302" step="2"/><U92/><E39/><V20/><F27/><W103/><G25/><T111/><D111/><N who="1" m="42507" /><E38/><V89/><F89/><AGARI ba="0,1" hai="9,14,19,24,30,33,44,46,53,57,62,80,84,89" machi="89" ten="30,3900,0" yaku="1,1,7,1,52,1,53,0" doraHai="5" doraHaiUra="60" who="0" fromWho="2" sc="172,49,284,0,232,-39,302,0" owari="221,-17.9,284,8.4,193,-30.7,302,40.2" /></mjloggm>