<mjloggm ver="2.3"><GO type="225" lobby="0"/><UN n0="%E5%B8%86%E7%AB%8B%E5%A4%8F%E8%A1%A3" n1="%E3%82%BC%E3%83%AB%E3%83%80%E3%81%AE%E4%BC%9D%E8%AA%AC" n2="%E4%BE%BF%E6%89%80" n3="%E6%9D%B1%E9%A2%A8%E3%81%AE%E3%81%8D%E3%82%83%E3%81%B7%E3%81%95%E3%82%93" dan="16,17,16,16" rate="2097.32,2243.58,2073.32,2129.46" sx="M,M,M,M"/><TAIKYOKU oya="0"/><INIT seed="0,0,0,2,1,123" ten="250,250,250,250" oya="0" hai0="127,66,100,52,76,124,53,74,13,111,21,84,79" hai1="47,104,126,42,22,62,18,96,54,73,88,89,135" hai2="80,72,35,120,130,98,50,56,31,25,133,4,20" hai3="99,9,103,51,87,36,68,105,3,30,7,85,2"/><T97/><D74/><U93/><E126/><N who="0" m="48169" /><D66/><U81/><E135/><V86/><F120/><W63/><G36/><T8/><D21/><U83/><E104/><V113/><F113/><W67/><G51/><T131/><D131/><U82/><E73/><V10/><F130/><W91/><G2/><T77/><D84/><U14/><E62/><V128/><F128/><W119/><G119/><T61/><D61/><U110/><E110/><V107/><F133/><W29/><REACH who="3" step="1"/><G87/><REACH who="3" ten="250,250,250,240" step="2"/><T38/><D38/><U71/><E71/><V92/><F86/><W27/><G27/><T117/><D117/><U5/><E42/><V19/><F25/><W43/><G43/><T116/><D116/><U55/><E47/><V65/><F50/><W15/><G15/><T46/><D46/><U112/><E112/><V122/><F72/><W90/><G90/><T39/><D39/><U0/><E89/><V28/><F122/><W118/><G118/><T60/><D60/><U75/><E75/><V48/><F48/><W40/><G40/><T24/><D24/><N who="1" m="14423" /><E0/><V108/><F35/><W57/><G57/><T17/><D111/><U11/><AGARI ba="0,1" hai="5,11,14,54,55,81,82,83,88,93,96" m="14423" machi="11" ten="30,2000,0" yaku="8,1,54,1" doraHai="123" who="1" fromWho="1" sc="250,-10,250,30,250,-5,240,-5" /><INIT seed="1,0,0,0,5,52" ten="240,280,245,235" oya="1" hai0="28,115,73,99,27,129,116,59,12,55,87,0,66" hai1="60,57,105,41,121,32,16,64,123,38,90,82,49" hai2="48,51,92,29,21,46,103,97,36,135,65,81,33" hai3="113,45,98,130,112,134,11,104,94,117,34,25,80"/><U76/><BYE who="2" /><E32/><UN n2="%E4%BE%BF%E6%89%80" /><V23/><F135/><W75/><G45/><T86/><D0/><U53/><E105/><V40/><F33/><W8/><G130/><T5/><D115/><U24/><E90/><V85/><F65/><W95/><G134/><T19/><D116/><U39/><E39/><V10/><F10/><W43/><G43/><T56/><D5/><U83/><E41/><V69/><F69/><W15/><G117/><T124/><D73/><U110/><E38/><V102/><F102/><W84/><G75/><T119/><D99/><U89/><E89/><V74/><F74/><W114/><G104/><T106/><D106/><U128/><E110/><V71/><F71/><W13/><G25/><T44/><D124/><U70/><E128/><V78/><REACH who="2" step="1"/><F23/><REACH who="2" ten="240,280,235,235" step="2"/><W93/><G34/><T72/><D72/><U58/><E70/><V63/><F63/><W17/><G98/><T100/><D129/><U77/><E123/><V101/><F101/><W6/><REACH who="3" step="1"/><G113/><REACH who="3" ten="240,280,235,225" step="2"/><T50/><D119/><U88/><E121/><V22/><F22/><W127/><G127/><T1/><D100/><U131/><E131/><V35/><F35/><W9/><G9/><T133/><D133/><U18/><E64/><V31/><F31/><W37/><G37/><T108/><D66/><U26/><E60/><V68/><F68/><W120/><G120/><T54/><D28/><U79/><E49/><V96/><F96/><W125/><G125/><T109/><D50/><U4/><E53/><V61/><F61/><W122/><G122/><T132/><D55/><U2/><E58/><N who="0" m="22057" /><D54/><U3/><E57/><RYUUKYOKU ba="0,2" sc="240,-15,280,-15,235,15,225,15" hai2="21,29,36,40,46,48,51,78,81,85,92,97,103" hai3="6,8,11,13,15,17,80,84,93,94,95,112,114" /><INIT seed="2,1,2,5,4,97" ten="225,265,250,240" oya="2" hai0="94,81,40,3,113,67,85,5,80,121,68,91,53" hai1="36,96,77,19,23,75,79,14,34,1,62,105,22" hai2="106,103,16,128,17,120,44,49,15,32,61,131,92" hai3="38,46,35,47,124,114,125,76,93,12,41,69,64"/><V84/><F120/><W50/><G76/><T7/><D113/><U18/><E34/><V10/><F32/><W86/><G35/><T42/><D121/><U90/><E36/><V117/><F117/><W21/><G93/><T133/><D133/><U98/><E1/><V11/><F106/><W55/><G86/><T9/><D7/><U109/><E109/><V102/><F61/><N who="3" m="40079" /><G21/><T31/><D31/><U6/><E6/><V126/><F126/><N who="3" m="48747" /><G12/><T134/><D134/><U8/><E8/><V13/><F128/><W70/><G70/><T111/><D111/><U115/><E75/><V95/><F131/><W58/><G114/><T20/><D20/><U43/><E115/><V130/><F130/><W83/><G83/><T57/><D81/><U37/><E105/><V135/><F135/><W2/><G2/><T127/><D80/><U33/><E33/><V45/><F49/><W108/><G108/><T78/><D127/><U112/><E79/><V82/><F82/><W129/><G129/><T100/><D78/><U110/><E77/><V0/><F0/><W89/><G89/><T65/><D100/><U99/><E90/><V52/><F84/><W29/><G29/><T104/><D104/><U59/><E110/><V26/><F26/><W116/><G116/><T71/><D71/><U27/><E112/><V88/><F88/><W56/><AGARI ba="1,2" hai="38,41,46,47,50,55,56,58" m="48747,40079" machi="56" ten="30,4000,0" yaku="18,1,34,2" doraHai="97" who="3" fromWho="3" sc="225,-11,265,-11,250,-21,240,63" /><INIT seed="3,0,0,4,4,63" ten="214,254,229,303" oya="3" hai0="114,105,98,69,75,16,113,84,42,128,70,122,44" hai1="10,73,93,41,81,125,54,104,60,19,109,130,11" hai2="38,111,82,47,110,55,107,90,77,74,6,53,120" hai3="8,34,71,0,92,83,119,65,118,121,52,26,99"/><W67/><G121/><T49/><D75/><U48/><E104/><V33/><F33/><W108/><G71/><T1/><D1/><U7/><E109/><N who="2" m="41483" /><F120/><W91/><G108/><T101/><D122/><U126/><E130/><V129/><F129/><W134/><G134/><T117/><D128/><U40/><E93/><V64/><F107/><W132/><G132/><T96/><D96/><U79/><E19/><V31/><F31/><W45/><G83/><T86/><D117/><U27/><E27/><V85/><F6/><W76/><G76/><T89/><D86/><U94/><E60/><V29/><F29/><W102/><G102/><T127/><D127/><N who="1" m="48651" /><E94/><N who="2" m="54607" /><F64/><W87/><G119/><T57/><D57/><N who="1" m="32967" /><E10/><V51/><F38/><W35/><G118/><T28/><D28/><U56/><E56/><V17/><F17/><W88/><G35/><T37/><D37/><U25/><E25/><V124/><F124/><W66/><G26/><T59/><D59/><U2/><AGARI ba="0,0" hai="2,7,11,40,41,73,79,81" m="32967,48651" machi="2" ten="30,1100,0" yaku="18,1" doraHai="63" who="1" fromWho="1" sc="214,-3,254,11,229,-3,303,-5" /><INIT seed="4,0,0,1,5,130" ten="211,265,226,298" oya="0" hai0="55,66,59,118,19,21,30,43,129,80,29,128,13" hai1="126,86,45,40,37,69,72,32,134,35,4,52,94" hai2="64,88,101,11,31,58,20,83,77,53,120,33,54" hai3="84,111,114,27,81,8,38,46,122,15,63,110,16"/><T7/><D128/><U125/><E72/><V79/><F120/><W36/><G63/><T5/><D129/><U61/><E134/><V108/><F108/><W67/><G67/><T48/><D118/><U56/><E4/><N who="0" m="1609" /><D66/><N who="1" m="41167" /><E86/><N who="2" m="50271" /><F33/><N who="1" m="12873" /><E94/><V113/><F113/><W97/><G97/><T73/><D73/><U22/><E22/><V3/><F3/><W85/><G27/><T96/><D80/><U34/><E34/><V106/><F106/><W44/><G114/><T103/><D43/><U47/><E47/><V18/><F11/><W2/><G2/><T135/><D135/><U109/><E109/><V26/><F101/><W65/><G65/><T127/><D127/><U131/><E131/><V6/><F6/><W90/><G122/><T116/><D116/><U92/><E92/><AGARI ba="0,0" hai="13,19,21,29,30,48,55,59,92,96,103" m="1609" machi="92" ten="30,1500,0" yaku="8,1" doraHai="130" who="0" fromWho="1" sc="211,15,265,-15,226,0,298,0" /><INIT seed="4,1,0,0,5,79" ten="226,250,226,298" oya="0" hai0="113,35,26,93,50,21,74,66,8,67,49,77,110" hai1="12,45,18,6,97,15,72,102,57,135,63,106,61" hai2="96,32,117,80,34,101,119,47,115,28,134,46,43" hai3="36,128,130,33,68,109,105,122,123,98,0,4,1"/><T94/><D35/><N who="2" m="13354" /><F28/><W5/><G36/><T124/><D113/><U7/><E135/><V118/><F134/><W3/><G68/><T71/><D124/><U54/><E72/><V29/><F29/><W69/><G69/><T84/><D110/><U39/><E15/><V90/><F115/><W13/><G33/><T58/><D71/><U27/><E27/><V59/><F59/><W51/><G51/><N who="0" m="19467" /><D74/><U92/><E63/><V83/><F90/><W14/><G109/><T52/><D8/><U89/><E39/><N who="2" m="21887" /><F47/><W75/><G75/><T60/><D94/><AGARI ba="1,0" hai="80,83,94,96,101,117,118,119" m="21887,13354" machi="94" ten="40,5200,0" yaku="12,1,52,2" doraHai="79" who="2" fromWho="0" sc="226,-55,250,0,226,55,298,0" /><INIT seed="5,0,0,5,2,55" ten="171,250,281,298" oya="1" hai0="19,89,22,30,82,7,127,123,88,8,110,93,112" hai1="57,101,117,100,124,108,72,51,73,67,97,29,126" hai2="135,24,70,25,75,37,87,16,28,21,125,64,63" hai3="69,35,65,46,15,113,49,48,34,62,44,66,86"/><U53/><E117/><V31/><F75/><W38/><G113/><T56/><D127/><N who="1" m="48683" /><E108/><V120/><F125/><W36/><G86/><N who="0" m="50263" /><D110/><U118/><E118/><V12/><F120/><W84/><G84/><N who="0" m="52391" /><D112/><U103/><E97/><V58/><F37/><W54/><G15/><N who="0" m="5535" /><D123/><U68/><E29/><V132/><F87/><W6/><G6/><T81/><D81/><U23/><E23/><V9/><REACH who="2" step="1"/><F70/><REACH who="2" ten="171,250,271,298" step="2"/><W119/><G119/><T74/><D74/><U95/><E73/><V79/><F79/><W3/><G69/><T4/><D4/><U129/><E72/><V27/><F27/><W92/><G36/><T109/><D109/><U83/><E129/><V50/><F50/><W0/><G38/><T91/><D91/><U114/><E114/><V94/><F94/><W39/><G39/><T96/><D96/><N who="1" m="59423" /><E83/><V14/><F14/><W76/><G92/><T71/><D71/><U104/><E104/><V60/><F60/><AGARI ba="0,1" hai="51,53,57,60,67,68,101,103" m="59423,48683" machi="60" ten="30,2900,0" yaku="18,1,52,1" doraHai="55" who="1" fromWho="2" sc="171,0,250,39,271,-29,298,0" /><INIT seed="5,1,0,3,3,90" ten="171,289,242,298" oya="1" hai0="14,125,123,0,133,74,39,104,94,110,84,121,50" hai1="76,98,130,78,100,112,116,95,132,41,96,99,10" hai2="43,32,40,82,135,83,60,114,131,64,67,7,25" hai3="109,106,42,20,15,24,2,58,11,85,45,30,88"/><U122/><E116/><V19/><F135/><W52/><G106/><T55/><D0/><U101/><E122/><N who="0" m="46601" /><D104/><U16/><E132/><V68/><F131/><W81/><G2/><T103/><D133/><U128/><E112/><V12/><F64/><W107/><G107/><T93/><D110/><U57/><E41/><V22/><F114/><W87/><G109/><T108/><D108/><U4/><E16/><V47/><F43/><W18/><G85/><T54/><D39/><U23/><E23/><V65/><F65/><W77/><G77/><N who="1" m="29802" /><E57/><V79/><F79/><W111/><G111/><T115/><D115/><U97/><E128/><V91/><F32/><W119/><G119/><T92/><D74/><U31/><E31/><V6/><F25/><W13/><G13/><T44/><D55/><U120/><E120/><V48/><F7/><W1/><G1/><T126/><D103/><N who="1" m="60831" /><E130/><V62/><F6/><W75/><G75/><T80/><D14/><AGARI ba="1,0" hai="4,10,14,97,98,99,100,101" m="60831,29802" machi="14" ten="30,2900,0" yaku="8,1,52,1" doraHai="90" who="1" fromWho="0" sc="171,-32,289,32,242,0,298,0" owari="139,-36.1,321,42.1,242,-15.8,298,9.8" /></mjloggm>