<mjloggm ver="2.3"><GO type="225" lobby="0"/><UN n0="%E3%81%AF%E3%82%88%E3%81%8A%E3%81%98%E3%81%95%E3%82%93" n1="%4B%2E%32%2E%4B%2E" n2="%63%68%78%62%64" n3="%53%61%63%68%69%30%34" dan="17,17,16,16" rate="2186.04,2186.96,2138.79,2077.92" sx="M,M,M,M"/><TAIKYOKU oya="0"/><INIT seed="0,0,0,0,4,71" ten="250,250,250,250" oya="0" hai0="68,20,88,95,6,132,58,84,25,108,106,2,81" hai1="85,33,101,103,109,69,116,80,72,83,78,50,90" hai2="36,102,121,62,41,28,45,30,117,35,94,64,92" hai3="4,3,52,131,13,46,86,79,110,96,56,89,97"/><T15/><D106/><U39/><E69/><V105/><F121/><W51/><G110/><T113/><D68/><U0/><E0/><V87/><F117/><W126/><G131/><T134/><D113/><U70/><E70/><N who="2" m="42263" /><F87/><W19/><G126/><T93/><D2/><U128/><E33/><V32/><F30/><W24/><G79/><T122/><D122/><U118/><E50/><V34/><F94/><N who="3" m="54583" /><G3/><T5/><D108/><U133/><E109/><V100/><F100/><N who="1" m="38473" /><E39/><V53/><F53/><N who="3" m="29943" /><G24/><T67/><D132/><U31/><E31/><V9/><F9/><N who="3" m="6575" /><G4/><N who="0" m="1643" /><D15/><U17/><E17/><V47/><F92/><W91/><G91/><T22/><D134/><U29/><E29/><V14/><F14/><W48/><AGARI ba="0,0" hai="48,52,56,96,97" m="6575,29943,54583" machi="48" ten="30,2000,0" yaku="8,1,54,1" doraHai="71" who="3" fromWho="3" sc="250,-10,250,-5,250,-5,250,20" /><INIT seed="1,0,0,0,0,15" ten="240,245,245,270" oya="1" hai0="46,101,19,94,87,103,96,73,3,47,119,84,21" hai1="66,32,125,83,86,116,49,58,54,133,63,10,56" hai2="70,126,76,134,78,51,20,4,48,40,75,65,85" hai3="102,118,60,132,105,8,14,74,29,39,127,27,82"/><U111/><E116/><V67/><F134/><W71/><G39/><T98/><D119/><U45/><E125/><V37/><F126/><W68/><G127/><T28/><D73/><U135/><E32/><V64/><F70/><W72/><G118/><T108/><D3/><U100/><E111/><V22/><F75/><W107/><G132/><N who="1" m="50762" /><E100/><V81/><F76/><W57/><G71/><T117/><D117/><U44/><E10/><V1/><F1/><W89/><G68/><T6/><D6/><U62/><E63/><V128/><F4/><W80/><G74/><T52/><D28/><U131/><E131/><V110/><F128/><W43/><G43/><T2/><D2/><U55/><E66/><V25/><F110/><W120/><G120/><T129/><D46/><U59/><E44/><V77/><F77/><AGARI ba="0,0" hai="45,49,54,55,56,58,59,62,77,83,86" m="50762" machi="77" ten="30,1500,0" yaku="20,1" doraHai="15" who="1" fromWho="2" sc="240,0,245,15,245,-15,270,0" /><INIT seed="1,1,0,4,2,23" ten="240,260,230,270" oya="1" hai0="53,29,88,15,38,8,134,5,21,82,28,131,101" hai1="121,0,2,114,26,120,65,127,116,87,49,105,95" hai2="22,67,13,129,63,9,66,4,46,33,62,41,54" hai3="85,11,79,31,96,1,107,117,128,97,112,122,44"/><U132/><E105/><V130/><F33/><W60/><G122/><T84/><D131/><N who="2" m="50186" /><F22/><W61/><G31/><T56/><D134/><U86/><E114/><V36/><F54/><W90/><G44/><T34/><D34/><U48/><E116/><V7/><F7/><W80/><G79/><T3/><D38/><U37/><E37/><V25/><F25/><W35/><G35/><T125/><D125/><U74/><E74/><V78/><F78/><W83/><G11/><T106/><D106/><U119/><E65/><AGARI ba="1,0" hai="4,9,13,36,41,46,62,63,65,66,67" m="50186" machi="65" ten="30,1000,0" yaku="19,1" doraHai="23" who="2" fromWho="1" sc="240,0,260,-13,230,13,270,0" /><INIT seed="2,0,0,4,4,73" ten="240,247,243,270" oya="2" hai0="98,69,53,19,50,9,26,93,71,131,27,108,59" hai1="87,57,109,52,103,2,38,105,61,126,15,22,82" hai2="7,14,0,99,24,115,1,20,32,86,110,31,49" hai3="79,4,35,116,135,122,6,17,3,128,62,74,81"/><V29/><F99/><W125/><G116/><T40/><D108/><U104/><E2/><N who="2" m="1131" /><F86/><W45/><G122/><T46/><D131/><U129/><E38/><V33/><F49/><W113/><G35/><N who="2" m="13385" /><F115/><W120/><G120/><T48/><D71/><U133/><E103/><V123/><F123/><W39/><G128/><T111/><D111/><U76/><E109/><V64/><F64/><W12/><G113/><T95/><D69/><U88/><E129/><V68/><F68/><W34/><G62/><T41/><D40/><U47/><E105/><V66/><F66/><W8/><G34/><T18/><D95/><U54/><E104/><V30/><F110/><W102/><G102/><T67/><D67/><U60/><E47/><V58/><F58/><W11/><G45/><T5/><D5/><U119/><E119/><V124/><F124/><W127/><G6/><T106/><D106/><U130/><E130/><V112/><F112/><W36/><G39/><T121/><D121/><U96/><E126/><N who="3" m="48138" /><G36/><T94/><D93/><N who="1" m="56359" /><E54/><V72/><F72/><W89/><G89/><N who="0" m="55631" /><D9/><AGARI ba="0,0" hai="7,9,14,20,24,29,30,31" m="13385,1131" machi="9" ten="30,12000,1" yaku="35,5" doraHai="73" who="2" fromWho="0" sc="240,-120,247,0,243,120,270,0" /><INIT seed="2,1,0,4,3,76" ten="120,247,363,270" oya="2" hai0="66,109,46,132,133,8,61,37,62,42,64,67,73" hai1="113,34,116,14,60,121,36,1,50,118,48,32,56" hai2="86,71,80,51,39,3,16,15,82,123,25,128,26" hai3="2,17,52,21,98,13,27,63,12,135,108,78,126"/><V11/><F39/><W18/><G2/><T28/><D73/><U122/><E1/><V55/><F71/><W129/><G108/><T107/><D107/><U102/><E102/><V49/><F3/><W85/><G129/><T117/><D28/><U91/><E91/><V79/><F128/><W44/><G135/><T41/><D8/><U95/><E95/><V6/><F123/><N who="1" m="47113" /><E113/><V99/><F99/><W72/><G72/><T57/><D109/><U58/><E14/><N who="2" m="5495" /><F51/><N who="1" m="19497" /><E36/><V87/><F49/><N who="3" m="28711" /><G126/><T59/><D42/><U111/><E111/><V105/><F55/><W35/><G35/><N who="1" m="13354" /><E60/><V101/><F101/><W103/><G63/><T4/><D4/><U94/><E94/><V54/><F54/><W31/><G12/><T89/><D89/><U9/><E9/><N who="2" m="6255" /><F105/><W75/><G13/><T22/><D22/><U40/><E40/><V5/><F5/><W81/><G103/><T84/><D84/><U23/><E23/><V124/><F124/><W24/><G75/><T43/><D43/><U77/><E118/><V74/><F74/><W106/><G106/><T97/><D97/><U115/><E115/><V20/><F20/><N who="3" m="15751" /><G98/><T93/><D93/><U114/><E114/><V119/><F119/><W68/><G68/><T131/><D117/><U19/><E116/><V125/><F125/><W10/><G10/><T100/><D100/><U53/><E53/><V88/><AGARI ba="1,0" hai="25,26,79,80,82,86,87,88" m="6255,5495" machi="88" ten="30,12000,1" yaku="8,1,52,2,54,2" doraHai="76" who="2" fromWho="2" sc="120,-41,247,-41,363,123,270,-41" /><INIT seed="2,2,0,0,5,78" ten="79,206,486,229" oya="2" hai0="20,122,17,46,16,112,90,81,117,126,40,22,54" hai1="99,129,108,119,115,67,34,100,62,39,85,61,60" hai2="104,96,92,93,69,24,88,91,27,73,12,127,134" hai3="97,1,45,35,50,51,74,0,47,130,15,79,110"/><V42/><F69/><W37/><G35/><T29/><D122/><U84/><E119/><V31/><F127/><W98/><G37/><T38/><D112/><U106/><E115/><V56/><F104/><W135/><G110/><T13/><D126/><U52/><E39/><V105/><F105/><W28/><G28/><T59/><D117/><U36/><E36/><V83/><F134/><W65/><G65/><T66/><D66/><U2/><E2/><V48/><F12/><W44/><G15/><T30/><D17/><U68/><E108/><V33/><F27/><W23/><G23/><T49/><REACH who="0" step="1"/><D22/><REACH who="0" ten="69,206,486,229" step="2"/><U58/><E34/><V63/><F42/><W71/><G135/><T53/><D53/><U103/><E52/><V89/><F96/><W76/><G97/><T70/><D70/><U3/><E68/><V113/><F113/><W133/><G98/><T4/><D4/><U18/><E18/><V120/><F120/><W72/><G133/><T25/><D25/><U116/><E116/><V6/><F6/><W14/><G71/><T95/><D95/><U94/><E94/><V75/><F93/><W11/><G11/><T80/><D80/><U32/><E32/><V111/><F92/><W109/><G109/><T41/><D41/><U26/><E26/><V121/><F111/><W7/><G7/><T43/><D43/><U19/><E19/><V9/><F121/><W132/><G132/><T131/><D131/><U123/><E129/><V107/><F83/><W10/><G10/><T5/><D5/><U101/><E123/><V87/><F9/><W128/><G130/><RYUUKYOKU ba="2,1" sc="69,30,206,-10,486,-10,229,-10" hai0="13,16,20,29,30,38,40,46,49,54,59,81,90" /><INIT seed="3,3,1,4,5,94" ten="99,196,476,219" oya="3" hai0="97,103,36,87,41,58,56,19,0,88,40,22,106" hai1="64,15,2,100,133,101,91,125,17,98,5,77,128" hai2="121,79,38,76,54,80,118,18,25,14,96,95,62" hai3="115,48,59,81,75,47,83,70,61,90,34,66,50"/><W43/><G115/><T67/><D0/><U131/><E125/><V68/><F38/><W16/><G34/><T122/><D122/><U32/><E32/><V28/><F118/><W51/><G75/><T78/><D78/><U105/><E133/><V130/><F130/><N who="1" m="49705" /><E77/><V112/><F112/><W108/><G108/><T37/><D37/><U119/><E119/><V65/><F54/><W39/><G70/><T85/><D85/><U44/><E64/><V69/><F69/><W73/><G73/><T60/><D58/><U116/><E116/><V7/><F7/><W27/><G90/><T49/><D49/><U127/><E127/><V55/><F55/><W124/><G124/><T135/><D36/><U21/><E44/><V72/><F79/><W89/><G89/><T13/><REACH who="0" step="1"/><D135/><REACH who="0" ten="89,196,476,219" step="2"/><U26/><E2/><V86/><F72/><W74/><G74/><T53/><D53/><U9/><E105/><V1/><F1/><W104/><G104/><T120/><D120/><U134/><E134/><V93/><F96/><W114/><G39/><T117/><D117/><U8/><E8/><V111/><F111/><W12/><G50/><T123/><D123/><U92/><AGARI ba="3,2" hai="5,9,15,17,21,26,91,92,98,100,101" m="49705" machi="92" ten="30,2000,0" yaku="19,1,52,1" doraHai="94" who="1" fromWho="1" sc="89,-8,196,49,476,-8,219,-13" owari="81,-41.9,245,4.5,468,56.8,206,-19.4" /></mjloggm>