<mjloggm ver="2.3"><GO type="225" lobby="0"/><UN n0="%E8%BE%9B%E5%8F%A3%E3%82%AB%E3%83%AC%E3%83%BC%E3%83%A9%E3%82%A4%E3%82%B9" n1="%E4%B8%96%E7%95%8C%E3%81%AE%E4%BA%80%E4%BA%95" n2="%E3%83%97%E3%83%AC%E3%83%B4%E3%82%A1%E3%83%86%E3%82%A3" n3="%6D%75%75%6D%75%72%61" dan="16,17,16,16" rate="2215.17,2221.28,2144.66,2059.12" sx="M,M,F,F"/><TAIKYOKU oya="0"/><INIT seed="0,0,0,3,4,131" ten="250,250,250,250" oya="0" hai0="86,93,88,124,123,133,25,82,125,126,92,52,107" hai1="49,130,10,34,97,134,66,99,116,70,105,77,113" hai2="14,3,53,121,42,39,37,106,57,118,71,111,78" hai3="127,9,120,2,16,35,62,58,48,33,18,65,100"/><T117/><D117/><U91/><E34/><V84/><F3/><W6/><G127/><T98/><D123/><U8/><E70/><V102/><F118/><W128/><G128/><T13/><D25/><U59/><E130/><V51/><F121/><W50/><G120/><T87/><D133/><U76/><E113/><V83/><F71/><W80/><G100/><N who="0" m="62871" /><D13/><U40/><E105/><V61/><F111/><W63/><G63/><T36/><D36/><U32/><E32/><V104/><F102/><W114/><G114/><T54/><D93/><U75/><E75/><V30/><F30/><W81/><G33/><T79/><AGARI ba="0,0" hai="52,54,79,82,86,87,88,92,124,125,126" m="62871" machi="79" ten="30,6000,0" yaku="18,1,54,2" doraHai="131" who="0" fromWho="0" sc="250,60,250,-20,250,-20,250,-20" /><INIT seed="0,1,0,0,4,15" ten="310,230,230,230" oya="0" hai0="85,97,116,108,96,9,39,117,25,95,34,128,112" hai1="102,8,47,99,51,82,131,27,90,52,104,2,110" hai2="119,4,56,103,89,126,79,22,71,118,111,74,16" hai3="134,55,30,106,24,17,45,76,48,115,20,42,127"/><T100/><D112/><U6/><E110/><V124/><F71/><W114/><G127/><N who="2" m="48681" /><F103/><W80/><G134/><T11/><D39/><U12/><E131/><V62/><F89/><W53/><G106/><T59/><D128/><U84/><REACH who="1" step="1"/><E27/><REACH who="1" ten="310,220,230,230" step="2"/><N who="2" m="14791" /><F111/><W135/><G135/><T32/><D108/><U10/><E10/><V86/><F74/><W57/><G114/><T107/><D9/><U40/><E40/><V75/><F75/><W123/><G115/><T73/><D11/><U105/><E105/><V125/><F125/><W43/><G123/><T132/><D73/><U70/><E70/><V77/><F4/><W69/><G69/><T121/><D107/><U37/><E37/><V46/><F46/><W130/><G130/><T68/><D68/><U58/><E58/><V54/><F86/><N who="3" m="48391" /><G30/><T133/><D85/><U7/><E7/><V13/><F13/><AGARI ba="1,1" hai="2,6,8,12,13,47,51,52,82,84,90,99,102,104" machi="13" ten="40,2600,0" yaku="1,1,54,1,53,0" doraHai="15" doraHaiUra="113" who="1" fromWho="2" sc="310,0,220,39,230,-29,230,0" /><INIT seed="1,0,0,1,0,95" ten="310,259,201,230" oya="1" hai0="82,11,25,116,89,70,20,61,66,4,44,26,75" hai1="118,76,40,69,130,53,51,132,7,0,85,1,23" hai2="91,102,12,22,42,129,126,60,49,81,80,29,59" hai3="17,56,47,30,21,74,14,77,3,106,62,33,55"/><U96/><E118/><V133/><F126/><W108/><G108/><T124/><D116/><U10/><E69/><V58/><F129/><W100/><G3/><T127/><D44/><U131/><E132/><V6/><F133/><W9/><G33/><T122/><D122/><U16/><E40/><V79/><F102/><W27/><G74/><T52/><D52/><U135/><E135/><V63/><F42/><W50/><G77/><N who="0" m="44351" /><D89/><U72/><E0/><V112/><F112/><W19/><G106/><T110/><D20/><U120/><E72/><V123/><F123/><W99/><G100/><T134/><D134/><U115/><E115/><V65/><F49/><W36/><G36/><T34/><D110/><U101/><E85/><V15/><F79/><W71/><G71/><T98/><D98/><U114/><E114/><V125/><F125/><N who="0" m="48202" /><D34/><U93/><E76/><V107/><F107/><W88/><G88/><T64/><D64/><U128/><E120/><V38/><F38/><W90/><G90/><T37/><D37/><U28/><E28/><V5/><F91/><W103/><G103/><T45/><D45/><U31/><E31/><V57/><F29/><W117/><G117/><T8/><D8/><U73/><E73/><V39/><F39/><W97/><G30/><T48/><D48/><U104/><E53/><AGARI ba="0,0" hai="9,14,17,19,21,27,47,50,53,55,56,62,97,99" machi="53" ten="30,7700,0" yaku="7,1,8,1,52,2" doraHai="95" who="3" fromWho="1" sc="310,0,259,-77,201,0,230,77" /><INIT seed="2,0,0,5,3,118" ten="310,182,201,307" oya="2" hai0="114,21,90,66,113,6,34,108,92,85,94,119,131" hai1="0,71,5,88,53,84,120,26,42,29,106,97,13" hai2="50,116,124,112,11,70,31,115,16,37,3,9,100" hai3="7,27,73,56,74,72,134,78,62,123,14,1,128"/><V111/><F70/><W59/><G1/><T82/><D34/><U25/><E71/><V15/><F37/><W96/><G123/><T126/><D6/><U20/><E0/><V127/><F116/><W18/><G128/><T43/><D119/><U35/><E42/><V45/><F100/><W44/><G134/><T83/><D66/><U68/><E68/><V48/><F31/><W81/><G56/><T36/><D21/><U51/><E120/><V98/><F98/><W58/><G58/><T122/><D122/><U8/><E97/><V89/><F89/><W64/><G44/><T129/><D43/><U93/><E106/><V86/><F86/><W132/><G132/><T65/><D65/><U2/><E2/><V19/><F3/><W135/><G135/><T80/><D36/><U40/><E40/><V41/><F111/><W107/><G27/><T99/><D126/><N who="2" m="48170" /><F48/><W101/><G7/><T52/><D108/><U117/><E117/><V76/><F76/><W22/><AGARI ba="0,0" hai="14,18,22,59,62,64,72,73,74,78,81,96,101,107" machi="22" ten="20,1500,0" yaku="0,1,7,1" doraHai="118" who="3" fromWho="3" sc="310,-4,182,-4,201,-7,307,15" /><INIT seed="3,0,0,1,3,72" ten="306,178,194,322" oya="3" hai0="47,70,113,21,9,111,55,131,87,109,3,49,39" hai1="128,46,124,28,123,43,81,5,12,129,108,97,56" hai2="101,66,98,42,4,13,79,80,57,6,17,132,88" hai3="11,75,126,0,54,1,77,107,127,92,51,95,14"/><W96/><G107/><T119/><D119/><U133/><E123/><V76/><F132/><W78/><G1/><T45/><D70/><U90/><E133/><V115/><F42/><W20/><G20/><T116/><D116/><U15/><E108/><N who="0" m="41545" /><D131/><N who="1" m="50251" /><E124/><N who="3" m="47658" /><G0/><T68/><D68/><U135/><E135/><V99/><F115/><W118/><G75/><T134/><D134/><U24/><E56/><V48/><F101/><N who="3" m="60551" /><G118/><T23/><D113/><U2/><E2/><V27/><F27/><W37/><G37/><T58/><D87/><N who="1" m="50543" /><E97/><N who="2" m="36875" /><F4/><N who="3" m="3431" /><G95/><T35/><D35/><N who="1" m="20871" /><E5/><V33/><F6/><W125/><N who="3" m="47666" /><W26/><DORA hai="71" /><G26/><T19/><D3/><U29/><E29/><V84/><F33/><W10/><G10/><T18/><D9/><U60/><E60/><N who="2" m="38159" /><F48/><AGARI ba="0,0" hai="12,15,43,46,48" m="20871,50543,50251" machi="48" ten="30,1000,0" yaku="19,1" doraHai="72,71" who="1" fromWho="2" sc="306,0,178,10,194,-10,322,0" owari="306,10.6,188,-21.2,184,-31.6,322,42.2" /></mjloggm>