<mjloggm ver="2.3"><GO type="225" lobby="0"/><UN n0="%E5%A4%96%E5%B7%9D%E7%AB%9C%E6%88%90" n1="%33%74%72%65%65" n2="%6D%75%75%73%61%6E%6D%75" n3="%E3%83%A9%E3%83%BC%E3%83%A1%E3%83%B3%E4%BA%94%E9%83%8E" dan="16,16,16,16" rate="2116.47,2107.95,2111.90,2099.20" sx="M,F,F,M"/><TAIKYOKU oya="0"/><INIT seed="0,0,0,3,2,16" ten="250,250,250,250" oya="0" hai0="108,87,39,13,79,120,103,68,34,37,132,33,94" hai1="115,96,6,119,52,61,36,57,54,121,28,128,58" hai2="110,126,83,111,11,86,27,114,67,100,46,23,59" hai3="38,44,66,18,15,64,116,1,25,48,99,117,122"/><T124/><D120/><U12/><E121/><V131/><F114/><W81/><G122/><T55/><D68/><U40/><E115/><V82/><F131/><W77/><G1/><T76/><D124/><U9/><E128/><V105/><F126/><W74/><G38/><T71/><D71/><U45/><E119/><V102/><F11/><W112/><G112/><T78/><D132/><U2/><E28/><V85/><F46/><W95/><G25/><T90/><D108/><N who="2" m="41514" /><F67/><W123/><G123/><T19/><D103/><N who="2" m="39466" /><F105/><W118/><G95/><T51/><D37/><U49/><REACH who="1" step="1"/><E96/><REACH who="1" ten="250,240,250,250" step="2"/><V98/><F98/><W88/><G99/><T60/><D39/><U65/><E65/><V135/><F135/><W63/><G66/><T26/><D26/><U7/><E7/><V107/><F107/><W72/><G117/><T3/><D3/><AGARI ba="0,1" hai="2,3,6,9,12,36,40,45,49,52,54,57,58,61" machi="3" ten="40,2600,0" yaku="1,1,54,1,53,0" doraHai="16" doraHaiUra="133" who="1" fromWho="0" sc="250,-26,240,36,250,0,250,0" /><INIT seed="1,0,0,0,4,57" ten="224,276,250,250" oya="1" hai0="79,135,7,100,103,26,96,97,39,55,75,58,33" hai1="10,102,134,69,35,19,99,92,6,21,66,112,86" hai2="49,60,118,108,65,34,23,44,45,89,129,95,111" hai3="114,72,22,16,132,110,127,48,68,71,59,98,106"/><U115/><E134/><V25/><F118/><W117/><G114/><T88/><D135/><U77/><E35/><V0/><F0/><W94/><G132/><T12/><D39/><U125/><E125/><V56/><F34/><W107/><G72/><T120/><D120/><U31/><E31/><V27/><F129/><W67/><G127/><T29/><D75/><U126/><E126/><V28/><F27/><W101/><G117/><T18/><D79/><U30/><E30/><V4/><F4/><W81/><G110/><N who="2" m="42025" /><F49/><W9/><G9/><T62/><D7/><U24/><E77/><V113/><F113/><W53/><G81/><T40/><D40/><U1/><REACH who="1" step="1"/><E86/><AGARI ba="0,0" hai="23,25,28,44,45,56,60,65,86,89,95" m="42025" machi="86" ten="30,2000,0" yaku="14,1,52,1" doraHai="57" who="2" fromWho="1" sc="224,0,276,-20,250,20,250,0" /><INIT seed="2,0,0,1,4,33" ten="224,256,270,250" oya="2" hai0="112,116,131,77,65,98,81,42,29,129,123,118,45" hai1="56,13,133,109,73,57,52,68,115,18,80,21,107" hai2="96,63,121,74,47,126,9,66,101,91,102,17,1" hai3="83,23,135,64,41,69,132,61,5,30,25,78,60"/><V38/><F121/><W59/><G41/><T8/><D123/><U108/><E115/><V127/><F74/><W86/><REACH who="3" step="1"/><G5/><REACH who="3" ten="224,256,270,240" step="2"/><T103/><D112/><U3/><E109/><V110/><F110/><W104/><G104/><T88/><D118/><U105/><E107/><V128/><F126/><W2/><G2/><T134/><D116/><U94/><E105/><V51/><F127/><W4/><G4/><T12/><D42/><U67/><E3/><V89/><F1/><W53/><AGARI ba="0,1" hai="23,25,30,53,59,60,61,64,69,78,83,86,132,135" machi="53" ten="30,2000,0" yaku="1,1,0,1,53,0" doraHai="33" doraHaiUra="35" who="3" fromWho="3" sc="224,-5,256,-5,270,-10,240,30" /><INIT seed="3,0,0,5,3,124" ten="219,251,260,270" oya="3" hai0="82,69,13,53,8,100,57,4,83,117,48,108,111" hai1="110,76,133,130,52,15,84,0,61,16,26,51,104" hai2="2,102,10,119,30,39,106,47,74,127,46,90,21" hai3="134,97,55,29,28,128,109,123,64,98,40,7,115"/><W78/><G115/><T35/><D117/><U25/><E0/><V99/><F119/><W81/><G123/><T42/><D69/><U50/><E104/><V41/><F127/><W95/><G40/><T89/><D35/><U72/><E72/><V135/><F135/><W63/><G134/><T11/><D100/><U24/><E133/><V120/><F90/><W62/><G7/><T93/><D42/><U85/><E110/><V125/><F47/><W19/><G109/><T20/><D108/><U5/><E5/><N who="2" m="1335" /><F21/><W77/><G19/><T73/><D73/><U38/><E38/><V31/><F125/><W37/><G37/><T132/><D132/><U44/><E76/><V68/><F120/><W36/><G36/><T121/><D121/><U6/><E6/><V58/><F58/><N who="3" m="36951" /><G81/><T101/><D101/><U34/><E34/><V33/><F68/><W27/><G27/><T75/><D75/><U49/><E44/><V45/><F45/><W114/><G114/><T67/><D111/><U17/><E17/><V9/><F74/><W12/><G12/><T60/><D11/><U103/><E15/><V23/><F33/><W32/><G32/><T18/><D67/><U65/><E65/><V70/><F70/><W91/><G97/><T54/><D54/><U107/><E52/><V129/><F9/><W43/><G43/><T113/><D113/><U87/><E26/><N who="2" m="16735" /><F31/><N who="3" m="11851" /><G55/><T116/><D116/><U59/><E25/><V96/><F99/><W79/><G63/><T122/><D122/><U3/><E61/><V105/><F106/><W92/><G92/><T71/><D71/><RYUUKYOKU ba="0,0" sc="219,-15,251,-15,260,15,270,15" hai2="39,41,46,96,102,105,129" hai3="77,78,79,91,95,98,128" /><INIT seed="3,1,0,5,5,16" ten="204,236,275,285" oya="3" hai0="41,40,22,99,23,42,68,76,94,104,3,126,31" hai1="2,45,93,19,98,1,134,107,21,35,103,10,101" hai2="110,14,122,114,133,71,26,25,63,57,20,127,82" hai3="39,128,129,69,132,64,74,49,36,47,87,6,83"/><W55/><G132/><T24/><D126/><U8/><E134/><V105/><F114/><W84/><G74/><T52/><D68/><U51/><E35/><V97/><F133/><W53/><G53/><T102/><D3/><U7/><E1/><V95/><F105/><W13/><G69/><T96/><D76/><U54/><E10/><V17/><F110/><W86/><G64/><T61/><D104/><U15/><REACH who="1" step="1"/><E107/><REACH who="1" ten="204,226,275,285" step="2"/><V125/><F125/><W59/><G129/><T90/><D102/><AGARI ba="1,1" hai="2,7,8,15,19,21,45,51,54,93,98,101,102,103" machi="102" ten="30,7700,0" yaku="1,1,2,1,7,1,52,1,53,0" doraHai="16" doraHaiUra="81" who="1" fromWho="0" sc="204,-80,226,90,275,0,285,0" owari="124,-37.6,316,41.6,275,-12.5,285,8.5" /></mjloggm>