<mjloggm ver="2.3"><GO type="225" lobby="0"/><UN n0="%E7%99%BD%E9%9B%AA%E4%B9%83%E6%84%9B" n1="%E5%AF%82%E5%AF%9E%E3%82%AE%E3%83%8D%E3%82%B9%E3%83%93%E3%83%BC%E3%83%AB" n2="%E5%B0%8F%E9%B3%A5%E9%81%8A%E7%B7%B4%E7%84%A1%32%31%E6%AD%B3" n3="%E7%AD%89%E3%80%85%E5%8A%9B%E5%8A%87%E5%A0%B4" dan="16,16,16,16" rate="2077.48,2131.62,2173.39,2135.08" sx="F,M,F,M"/><TAIKYOKU oya="0"/><INIT seed="0,0,0,1,4,19" ten="250,250,250,250" oya="0" hai0="30,109,104,10,47,24,17,13,77,3,31,102,103" hai1="34,131,113,41,71,134,87,111,130,114,94,64,88" hai2="4,73,84,26,132,58,27,37,122,67,116,63,1" hai3="32,105,44,117,124,107,45,126,8,110,75,53,35"/><T125/><D125/><N who="3" m="48233" /><G8/><T129/><D129/><N who="1" m="49163" /><E34/><N who="3" m="12842" /><G53/><T6/><D77/><U16/><E111/><V133/><F122/><W33/><G33/><T57/><D109/><U78/><E41/><V72/><F37/><W54/><G110/><T83/><D83/><N who="1" m="47607" /><E134/><N who="2" m="51819" /><F116/><W120/><G54/><T95/><D104/><N who="3" m="40009" /><G75/><N who="2" m="28745" /><F84/><W61/><G61/><T80/><D80/><U55/><E55/><V90/><F90/><W74/><G74/><T82/><D82/><U99/><E16/><V14/><F1/><W52/><G52/><T59/><D3/><U100/><E100/><V5/><F4/><W62/><G62/><AGARI ba="0,0" hai="62,64,71,88,94,99,113,114" m="47607,49163" machi="62" ten="30,2000,0" yaku="19,1,54,1" doraHai="19" who="1" fromWho="3" sc="250,0,250,20,250,0,250,-20" /><INIT seed="1,0,0,2,4,2" ten="250,270,250,230" oya="1" hai0="15,70,21,114,125,32,86,67,110,75,63,127,34" hai1="93,57,31,42,109,62,92,108,132,83,81,87,10" hai2="122,17,123,73,103,61,128,120,9,27,119,99,131" hai3="89,64,130,102,91,48,55,112,49,11,13,60,126"/><U28/><E42/><V12/><F73/><W78/><G112/><T43/><D75/><U33/><E132/><V115/><F119/><W50/><G130/><N who="2" m="49705" /><F61/><W53/><G126/><N who="0" m="48139" /><D110/><N who="1" m="42603" /><E10/><V44/><F44/><W40/><G40/><T6/><D114/><U58/><E58/><V36/><F36/><W41/><G41/><T77/><D43/><U54/><E81/><V71/><F71/><W105/><G78/><T100/><D100/><U76/><E33/><V22/><F99/><W74/><G74/><T135/><D135/><U18/><E18/><N who="2" m="12759" /><F103/><W97/><G55/><T66/><D66/><U23/><E23/><V0/><F115/><W5/><REACH who="3" step="1"/><G53/><REACH who="3" ten="250,270,250,220" step="2"/><T134/><D134/><U68/><E68/><AGARI ba="0,1" hai="5,11,13,48,49,50,60,64,68,89,91,97,102,105" machi="68" ten="40,5200,0" yaku="1,1,2,1,52,1,53,0" doraHai="2" doraHaiUra="72" who="3" fromWho="1" sc="250,0,270,-52,250,0,220,62" /><INIT seed="2,0,0,2,1,111" ten="250,218,250,282" oya="2" hai0="89,14,66,95,10,16,100,3,39,97,118,27,36" hai1="58,38,1,20,126,4,85,49,106,0,117,8,74" hai2="45,86,24,115,73,110,77,43,132,44,98,81,11" hai3="112,32,13,48,108,15,67,78,18,113,127,40,70"/><V92/><F132/><W130/><G108/><T52/><D118/><U72/><E117/><V133/><F133/><W51/><G32/><T84/><D66/><U68/><E68/><V61/><F110/><W41/><G78/><T104/><D3/><U75/><E38/><V37/><F45/><W124/><G18/><T63/><REACH who="0" step="1"/><D27/><REACH who="0" ten="240,218,250,282" step="2"/><U50/><E0/><V109/><F109/><W121/><G121/><T46/><D46/><U28/><E1/><V42/><F24/><W94/><G130/><T91/><D91/><U57/><E58/><AGARI ba="0,1" hai="10,14,16,36,39,52,58,63,84,89,95,97,100,104" machi="58" ten="40,5200,0" yaku="1,1,54,2,53,0" doraHai="111" doraHaiUra="21" who="0" fromWho="1" sc="240,62,218,-52,250,0,282,0" /><INIT seed="3,0,0,1,4,61" ten="302,166,250,282" oya="3" hai0="95,49,115,101,64,70,124,32,76,47,50,58,116" hai1="104,28,113,36,94,26,1,134,3,18,82,66,43" hai2="86,41,93,5,106,120,14,8,57,9,16,123,90" hai3="44,97,31,12,133,81,125,109,30,67,55,2,131"/><W62/><G2/><T24/><D116/><U4/><E113/><V71/><F71/><W29/><G133/><T34/><D70/><U117/><E134/><V127/><F106/><W56/><G131/><T135/><D135/><U39/><E104/><V129/><F127/><W85/><G109/><T103/><D124/><U33/><E117/><V65/><F41/><W40/><G125/><T126/><D126/><U51/><E66/><V11/><F129/><W102/><G12/><T48/><D115/><U45/><E94/><V0/><REACH who="2" step="1"/><F8/><REACH who="2" ten="302,166,240,282" step="2"/><W69/><G69/><T35/><D47/><U77/><E18/><V13/><F13/><W22/><G40/><T73/><D24/><U96/><E96/><V112/><F112/><W128/><G128/><T75/><D34/><U99/><E99/><V110/><F110/><W6/><G44/><T78/><D35/><U83/><E83/><V42/><F42/><W89/><G97/><T7/><D32/><U60/><E60/><AGARI ba="0,1" hai="0,5,9,11,14,16,57,60,65,86,90,93,120,123" machi="60" ten="40,5200,0" yaku="1,1,52,1,54,1,53,0" doraHai="61" doraHaiUra="105" who="2" fromWho="1" sc="302,0,166,-52,240,62,282,0" owari="302,40.2,114,-38.6,302,10.2,282,-11.8" /></mjloggm>