<mjloggm ver="2.3"><GO type="225" lobby="0"/><UN n0="%E5%8D%A0%E3%81%84%E5%B8%AB%E8%A3%8F%E3%81%AA%E3%81%84%E3%81%97" n1="%77%72%77%72%77%72%77%72" n2="%E3%81%B5%E3%81%98%E3%81%8B%E3%81%A4" n3="%E3%83%81%E3%83%AF%E3%83%AF%E9%9A%8A%E9%95%B7" dan="17,17,16,16" rate="2162.71,2197.49,2164.17,2175.19" sx="M,M,M,M"/><TAIKYOKU oya="0"/><INIT seed="0,0,0,0,1,135" ten="250,250,250,250" oya="0" hai0="99,105,77,106,74,89,20,97,121,40,119,3,95" hai1="21,11,112,125,109,14,7,42,87,62,71,86,67" hai2="108,94,43,129,120,26,35,110,30,130,52,79,44" hai3="9,91,5,48,59,80,127,17,118,56,34,103,116"/><T12/><D3/><U90/><E109/><N who="2" m="42091" /><F120/><W133/><G34/><T37/><D121/><U23/><E112/><V57/><F79/><W68/><G68/><T28/><D119/><U82/><E125/><V16/><F94/><W76/><G133/><T88/><D28/><U10/><E42/><V29/><F44/><W60/><G127/><T101/><D12/><U72/><E72/><V8/><F43/><W128/><G128/><N who="2" m="49257" /><F35/><W33/><G33/><T102/><D20/><U27/><E27/><V69/><F69/><W111/><G111/><T47/><REACH who="0" step="1"/><D95/><REACH who="0" ten="240,250,250,250" step="2"/><U41/><E11/><V13/><F26/><W114/><G118/><T19/><D19/><U50/><E21/><V45/><F45/><W46/><G46/><T55/><D55/><U131/><E23/><V113/><F113/><W85/><G114/><T31/><D31/><U134/><E131/><V92/><F92/><W15/><G116/><T38/><D38/><U93/><E134/><V122/><F122/><W39/><G39/><T84/><D84/><U78/><E41/><V70/><F70/><W115/><G115/><T6/><D6/><U49/><AGARI ba="0,1" hai="7,10,14,49,50,62,67,71,78,82,86,87,90,93" machi="49" ten="30,1100,0" yaku="0,1" doraHai="135" who="1" fromWho="1" sc="240,-5,250,21,250,-3,250,-3" /><INIT seed="1,0,0,4,1,12" ten="235,271,247,247" oya="1" hai0="78,5,24,49,74,65,71,131,81,53,89,100,27" hai1="66,108,61,62,48,104,127,82,109,123,19,92,76" hai2="28,95,130,6,52,57,70,4,122,102,32,59,107" hai3="64,114,20,14,91,128,33,120,121,88,58,79,106"/><U113/><E104/><V125/><F122/><W3/><G33/><T26/><D131/><U116/><E123/><V97/><F130/><W15/><G128/><T36/><D36/><U51/><E113/><V96/><F70/><W112/><G3/><T40/><D100/><U60/><E116/><V101/><F125/><W2/><G2/><T126/><D126/><U1/><E127/><V44/><F59/><W42/><G106/><T29/><D5/><U46/><E1/><V110/><F110/><N who="1" m="42601" /><E92/><V83/><F83/><W22/><G58/><T11/><D11/><U68/><E51/><V45/><F32/><W75/><G42/><T7/><D40/><N who="1" m="24647" /><E19/><V118/><F28/><W103/><G121/><T41/><D41/><U9/><E9/><V80/><F80/><W54/><G120/><T47/><D7/><N who="2" m="2602" /><F107/><W119/><G114/><T43/><D43/><U93/><E93/><N who="2" m="58511" /><F118/><W50/><G119/><T23/><REACH who="0" step="1"/><D89/><REACH who="0" ten="225,271,247,247" step="2"/><U0/><E0/><V69/><F69/><W133/><G91/><T72/><D72/><AGARI ba="0,1" hai="60,61,62,66,68,72,76,82" m="24647,42601" machi="72" ten="30,2900,0" yaku="14,1,10,1" doraHai="12" who="1" fromWho="0" sc="225,-29,271,39,247,0,247,0" /><INIT seed="1,1,0,5,5,14" ten="196,310,247,247" oya="1" hai0="34,40,106,68,87,43,33,84,39,25,130,134,117" hai1="98,120,113,60,131,91,11,55,58,54,105,85,66" hai2="103,31,56,64,37,119,109,41,38,47,86,57,28" hai3="9,62,100,95,51,12,5,83,135,26,13,46,29"/><U44/><E113/><V88/><F119/><W27/><G135/><T20/><D20/><U89/><BYE who="0" /><E120/><UN n0="%E5%8D%A0%E3%81%84%E5%B8%AB%E8%A3%8F%E3%81%AA%E3%81%84%E3%81%97" /><V6/><F109/><W126/><G126/><T71/><D117/><U108/><E108/><V94/><F38/><W132/><G132/><T19/><D25/><U65/><E131/><V10/><F103/><W42/><G62/><T125/><D134/><U128/><E128/><V92/><F92/><W74/><G12/><T16/><D130/><U52/><E11/><V2/><REACH who="2" step="1"/><F64/><REACH who="2" ten="196,310,237,247" step="2"/><W118/><G118/><T21/><D39/><U61/><E105/><V107/><F107/><W0/><G100/><T76/><D106/><U3/><E65/><V123/><F123/><W82/><G95/><T115/><D115/><U4/><E66/><V127/><F127/><W18/><G83/><T15/><D125/><U133/><E133/><V77/><F77/><W112/><G112/><T49/><D76/><U81/><E91/><V99/><F99/><W70/><G82/><T79/><D79/><U114/><E98/><V124/><F124/><W104/><G104/><T48/><D15/><U45/><E114/><V1/><F1/><W122/><G122/><T50/><D50/><U7/><E3/><V72/><F72/><W59/><G74/><T24/><D24/><U63/><E58/><AGARI ba="1,1" hai="2,6,10,28,31,37,41,47,56,57,58,86,88,94" machi="58" ten="40,2600,0" yaku="1,1,54,1,53,0" doraHai="14" doraHaiUra="110" who="2" fromWho="1" sc="196,0,310,-29,237,39,247,0" /><INIT seed="2,0,0,3,1,30" ten="196,281,276,247" oya="2" hai0="42,94,39,61,27,89,98,72,132,76,102,119,49" hai1="134,113,78,68,13,126,53,36,125,107,92,9,96" hai2="82,56,54,25,59,80,69,57,100,75,51,85,83" hai3="103,44,88,16,38,101,19,48,58,8,111,121,20"/><V60/><F75/><W29/><G121/><T115/><D115/><U28/><E113/><V71/><F100/><N who="3" m="38475" /><G38/><T7/><D39/><U114/><E36/><V3/><F3/><W26/><G111/><T41/><D132/><U17/><E114/><V66/><F85/><W97/><G58/><T135/><D135/><U31/><E107/><V21/><REACH who="2" step="1"/><F71/><REACH who="2" ten="196,281,266,247" step="2"/><W4/><G97/><T1/><D1/><U23/><E68/><V129/><F129/><W70/><G70/><T112/><D72/><U43/><E134/><V73/><F73/><W108/><G108/><T91/><D102/><U6/><E96/><V127/><F127/><W116/><G116/><T46/><D119/><U45/><E126/><V47/><F47/><W124/><G124/><T67/><D112/><U64/><E45/><V55/><F55/><W63/><G44/><T128/><D128/><U105/><E53/><V10/><F10/><W93/><G8/><T18/><D41/><U50/><E125/><V110/><F110/><W117/><G117/><T90/><D76/><U99/><E105/><V84/><F84/><W2/><G2/><T35/><D7/><U120/><E78/><V74/><F74/><W37/><G4/><T81/><D98/><U123/><E123/><V34/><F34/><W11/><G11/><T22/><D35/><U86/><E120/><V62/><F62/><W106/><G106/><T79/><D79/><U33/><E33/><V131/><F131/><W87/><G63/><T104/><D104/><U95/><E99/><V52/><F52/><W12/><G87/><N who="0" m="50415" /><D94/><U40/><E95/><RYUUKYOKU ba="0,1" sc="196,15,281,-15,266,15,247,-15" hai0="18,22,27,42,46,49,61,67,90,91" hai2="21,25,51,54,56,57,59,60,66,69,80,82,83" /><INIT seed="2,1,1,1,4,49" ten="211,266,281,232" oya="2" hai0="37,47,70,15,102,105,34,85,118,82,51,18,112" hai1="56,22,67,129,4,101,53,71,46,65,13,114,6" hai2="120,130,135,26,31,39,27,83,29,106,99,123,131" hai3="87,111,1,10,50,40,117,126,81,11,79,94,17"/><V133/><F83/><W68/><G117/><T75/><D112/><U132/><E71/><V107/><F99/><W21/><G68/><T98/><D34/><U42/><E114/><V134/><F39/><W3/><G111/><T38/><D70/><U30/><E129/><N who="2" m="49163" /><F106/><W108/><G108/><T16/><D75/><U104/><E132/><V90/><F90/><W20/><G126/><T33/><D33/><U44/><E101/><V5/><F5/><N who="1" m="2153" /><E104/><V119/><F119/><W103/><G103/><T93/><D105/><U62/><E42/><V88/><F88/><W32/><G40/><T7/><D118/><U110/><E110/><V12/><F12/><W24/><G79/><N who="0" m="46303" /><D37/><U35/><E13/><V74/><F74/><W59/><G81/><T48/><D38/><U125/><E125/><V57/><F57/><W9/><G59/><T23/><D7/><U73/><E73/><V36/><F36/><W86/><G1/><T95/><D47/><N who="1" m="17963" /><E35/><N who="2" m="20919" /><F107/><W80/><G3/><T122/><D95/><U19/><E67/><V76/><F76/><W14/><G94/><T121/><D121/><U60/><E65/><V63/><F63/><W115/><G115/><T61/><D122/><U113/><E62/><V116/><F116/><W25/><G80/><T128/><D128/><U89/><E89/><V54/><F54/><W127/><G127/><T45/><D45/><U0/><E0/><V55/><F55/><W8/><G87/><T77/><D77/><U91/><E91/><V64/><F64/><W78/><G86/><T97/><D61/><U43/><E113/><V28/><F28/><RYUUKYOKU ba="1,1" sc="211,-10,266,-10,281,30,232,-10" hai2="27,31,120,123,133,134,135" /><INIT seed="2,2,1,0,1,7" ten="201,256,311,222" oya="2" hai0="117,76,19,43,93,102,63,128,32,49,0,13,39" hai1="91,133,135,131,81,5,28,1,54,10,132,96,34" hai2="40,60,94,90,56,89,103,100,61,38,3,85,75" hai3="123,20,112,134,111,44,88,12,70,79,130,86,71"/><V66/><F75/><W72/><G123/><T87/><D0/><U101/><E131/><V129/><F129/><W4/><G130/><T58/><D128/><U113/><E113/><V124/><F124/><W108/><G112/><T35/><D39/><U24/><E54/><V126/><F126/><W64/><G134/><T37/><D37/><U53/><E53/><V77/><F77/><W17/><G4/><T127/><D127/><U73/><E91/><V50/><F3/><W119/><G119/><T74/><D74/><U122/><E122/><V105/><F105/><W99/><G72/><T115/><D117/><U57/><E57/><N who="2" m="37167" /><F38/><W6/><G6/><T45/><D115/><U116/><E116/><V33/><F33/><W110/><G64/><T65/><D76/><N who="1" m="44175" /><E96/><N who="2" m="57431" /><F50/><W11/><G79/><T8/><REACH who="0" step="1"/><D87/><REACH who="0" ten="191,256,311,222" step="2"/><U95/><E135/><V41/><F85/><W52/><G86/><T98/><AGARI ba="2,2" hai="8,13,19,32,35,43,45,49,58,63,65,93,98,102" machi="98" ten="30,8000,1" yaku="1,1,2,1,0,1,52,1,53,1" doraHai="7" doraHaiUra="15" who="0" fromWho="0" sc="191,106,256,-22,311,-42,222,-22" /><INIT seed="3,0,0,4,4,8" ten="297,234,269,200" oya="3" hai0="25,123,101,75,126,87,9,57,39,108,107,106,73" hai1="28,71,72,37,120,14,132,89,29,127,119,62,0" hai2="83,36,128,93,1,46,41,38,18,66,40,16,79" hai3="26,88,103,55,90,35,4,56,49,113,64,10,63"/><W60/><G113/><T34/><D123/><U80/><E120/><V2/><F128/><W97/><G35/><T58/><D108/><U117/><E0/><V78/><F93/><W84/><G26/><T96/><D126/><U86/><E127/><V105/><F66/><W27/><G27/><T135/><D39/><U129/><E37/><V17/><F105/><W50/><G50/><T112/><D135/><U32/><E132/><V94/><F94/><N who="3" m="58807" /><G84/><T51/><D51/><U69/><E129/><V5/><F5/><W15/><G63/><T70/><D87/><U102/><E72/><V43/><F83/><W134/><G134/><T42/><D106/><U100/><E32/><V13/><F13/><W45/><AGARI ba="0,0" hai="4,10,15,45,49,55,56,60,64,88,90" m="58807" machi="45" ten="30,6000,0" yaku="8,1,52,1,54,1" doraHai="8" who="3" fromWho="3" sc="297,-20,234,-20,269,-20,200,60" /><INIT seed="3,1,0,5,5,67" ten="277,214,249,260" oya="3" hai0="50,27,59,11,122,45,29,38,72,44,107,126,81" hai1="61,89,1,92,46,120,32,23,21,39,58,35,90" hai2="47,97,129,100,56,55,114,104,91,101,84,70,18" hai3="22,64,43,25,3,5,20,127,118,49,66,124,10"/><W51/><G118/><T52/><D122/><U132/><E120/><V65/><F114/><W17/><G22/><T112/><D107/><U80/><E1/><V93/><F129/><W9/><G9/><T24/><D112/><U19/><E132/><V94/><F47/><N who="3" m="25855" /><G51/><T128/><D128/><U98/><E23/><V13/><F104/><W74/><G74/><T40/><D126/><AGARI ba="1,0" hai="3,5,10,17,20,25,64,66,124,126,127" m="25855" machi="126" ten="30,1500,0" yaku="18,1" doraHai="67" who="3" fromWho="0" sc="277,-18,214,0,249,0,260,18" /><INIT seed="3,2,0,3,5,15" ten="259,214,249,278" oya="3" hai0="48,57,17,55,18,10,12,9,66,114,0,67,31" hai1="110,32,93,120,44,69,61,135,88,43,24,58,65" hai2="109,121,104,123,96,29,76,16,108,35,14,62,3" hai3="117,116,53,54,71,34,46,102,74,36,45,47,50"/><W80/><G34/><T127/><D0/><U75/><E110/><N who="2" m="42603" /><F76/><W81/><G102/><T118/><D118/><N who="3" m="45673" /><G74/><T6/><D127/><U37/><E135/><V124/><F124/><W1/><G1/><T112/><D31/><U30/><E75/><V19/><F3/><W82/><G71/><T83/><D83/><U99/><REACH who="1" step="1"/><E120/><REACH who="1" ten="259,204,249,278" step="2"/><V51/><F121/><W122/><G122/><T4/><D114/><U73/><E73/><V23/><F123/><W97/><G36/><T26/><D112/><U38/><E38/><V133/><F133/><W27/><G50/><T107/><D107/><U130/><E130/><V131/><F51/><W59/><G46/><T13/><D26/><U8/><E8/><V33/><F131/><W28/><G27/><T70/><D70/><AGARI ba="2,1" hai="24,30,32,37,43,44,58,61,65,69,70,88,93,99" machi="70" ten="40,2600,0" yaku="1,1,54,1,53,0" doraHai="15" doraHaiUra="49" who="1" fromWho="0" sc="259,-32,204,42,249,0,278,0" /><INIT seed="4,0,0,1,5,29" ten="227,246,249,278" oya="0" hai0="65,31,101,0,131,17,114,126,47,62,67,24,51" hai1="63,21,56,9,71,120,128,30,28,6,39,3,119" hai2="86,109,135,107,53,127,40,84,49,19,77,134,89" hai3="15,95,33,13,90,100,14,78,35,96,5,93,45"/><T34/><D114/><U122/><E119/><V76/><F40/><W27/><G78/><T38/><D0/><U117/><E117/><V12/><F107/><W87/><G5/><T72/><D72/><U61/><E39/><V59/><F109/><W64/><G64/><T57/><D131/><U74/><E74/><V106/><F106/><W75/><G75/><T132/><D132/><N who="2" m="50730" /><F127/><W42/><REACH who="3" step="1"/><G27/><REACH who="3" ten="227,246,249,268" step="2"/><T60/><D126/><U99/><E6/><V4/><F4/><W26/><G26/><T52/><D38/><AGARI ba="0,1" hai="13,14,15,33,35,38,42,45,87,90,93,95,96,100" machi="38" ten="40,8000,1" yaku="1,1,52,2,53,1" doraHai="29" doraHaiUra="98" who="3" fromWho="0" sc="227,-80,246,0,249,0,268,90" owari="147,-35.3,246,-15.4,249,4.9,358,45.8" /></mjloggm>