<mjloggm ver="2.3"><GO type="225" lobby="0"/><UN n0="%E7%AB%8B%E8%8A%B1%E9%9F%BF" n1="%E3%82%BC%E3%83%AB%E3%83%80%E3%81%AE%E4%BC%9D%E8%AA%AC" n2="%E7%89%B9%E6%9D%B1%E3%81%AF%E4%B8%96%E7%95%8C%E3%82%92%E6%95%91%E3%81%86" n3="%79%75%72%69%6D%6F%67" dan="17,17,16,16" rate="2172.08,2169.11,2127.82,2141.41" sx="F,M,M,F"/><TAIKYOKU oya="0"/><INIT seed="0,0,0,5,5,53" ten="250,250,250,250" oya="0" hai0="100,111,1,122,78,66,52,109,123,51,87,99,57" hai1="18,115,32,131,65,23,124,103,94,29,130,96,46" hai2="9,98,12,25,0,54,45,71,60,81,88,15,120" hai3="43,3,126,28,93,38,114,4,33,95,61,62,49"/><T56/><D1/><U48/><E124/><V72/><F120/><W79/><G114/><T34/><D34/><U7/><E115/><V44/><F0/><W6/><G38/><T112/><D112/><U125/><E125/><V13/><F9/><W47/><G28/><T8/><D8/><U5/><E29/><V64/><F25/><W129/><G33/><T80/><D66/><U30/><E65/><V42/><F54/><W10/><G129/><N who="1" m="49162" /><E30/><V127/><F127/><W35/><G35/><T41/><D41/><N who="1" m="24655" /><E32/><V118/><F118/><W27/><G27/><AGARI ba="0,0" hai="5,7,18,23,27,94,96,103" m="24655,49162" machi="27" ten="30,1000,0" yaku="19,1" doraHai="53" who="1" fromWho="3" sc="250,0,250,10,250,0,250,-10" /><INIT seed="1,0,0,2,1,49" ten="250,260,250,240" oya="1" hai0="62,98,122,111,11,45,24,40,68,95,6,34,3" hai1="70,33,104,84,1,5,103,12,50,71,125,74,37" hai2="81,116,66,88,0,42,51,96,82,52,61,130,17" hai3="131,43,54,35,23,120,85,2,134,90,76,56,22"/><U107/><E12/><V108/><F116/><W91/><G35/><T9/><D111/><U48/><E84/><V21/><F0/><W79/><G2/><T105/><D11/><N who="1" m="2479" /><E48/><V18/><F108/><W19/><G120/><T127/><D127/><U58/><E50/><V44/><F130/><W99/><G43/><T38/><D122/><U31/><E58/><N who="2" m="37175" /><F42/><W110/><G134/><T15/><D15/><U67/><E125/><V115/><F115/><W123/><G131/><T117/><D117/><U119/><E119/><V16/><F21/><W25/><G23/><T32/><D24/><N who="1" m="18663" /><E74/><V60/><F60/><N who="3" m="35863" /><G123/><T121/><D121/><U101/><E67/><V41/><F41/><W65/><G65/><N who="0" m="41015" /><D95/><AGARI ba="0,0" hai="16,17,18,44,51,52,81,82,88,95,96" m="37175" machi="95" ten="30,8000,1" yaku="8,1,52,1,54,3" doraHai="49" who="2" fromWho="0" sc="250,-80,260,0,250,80,240,0" /><INIT seed="2,0,0,5,2,66" ten="170,260,330,240" oya="2" hai0="57,92,41,33,28,94,71,89,134,25,75,116,1" hai1="130,128,58,49,53,107,54,124,47,23,78,125,102" hai2="122,19,80,83,85,14,15,109,12,0,21,104,77" hai3="112,68,51,32,133,65,87,101,93,135,60,79,105"/><V20/><F122/><W7/><G112/><T95/><D75/><U38/><E78/><V121/><F121/><W76/><G32/><T9/><D134/><N who="3" m="51209" /><G105/><T48/><D116/><U55/><E102/><V36/><F104/><W59/><G7/><T103/><D103/><U42/><E23/><V29/><F0/><W118/><G118/><T88/><D71/><U84/><E84/><V22/><F36/><W56/><G56/><T70/><D70/><U110/><E107/><V115/><F115/><W90/><G101/><T126/><D126/><N who="1" m="48747" /><E110/><V8/><F109/><W3/><G3/><T26/><D26/><U100/><E100/><V6/><F29/><W74/><G74/><T46/><REACH who="0" step="1"/><D57/><REACH who="0" ten="160,260,330,240" step="2"/><U129/><AGARI ba="0,1" hai="38,42,47,49,53,54,55,58,128,129,130" m="48747" machi="129" ten="40,8000,1" yaku="19,1,18,1,34,2" doraHai="66" who="1" fromWho="1" sc="160,-20,260,90,330,-40,240,-20" /><INIT seed="3,0,0,0,5,6" ten="140,350,290,220" oya="3" hai0="78,66,71,86,129,125,89,3,54,4,132,28,92" hai1="98,24,60,100,2,13,115,104,31,97,56,40,19" hai2="109,32,50,111,22,128,26,42,122,55,123,1,47" hai3="8,88,68,81,63,62,85,131,70,18,74,30,133"/><W127/><G131/><T39/><D129/><U44/><E2/><V72/><F72/><W93/><G127/><T91/><D125/><U37/><E115/><V113/><F1/><W112/><G133/><T94/><D132/><U101/><E13/><V87/><F32/><W130/><G112/><T95/><D39/><U35/><E19/><V51/><F128/><W124/><G124/><T121/><D121/><N who="2" m="46090" /><F87/><W135/><G135/><T120/><D120/><U29/><E24/><V107/><F107/><W134/><G130/><T34/><D54/><U69/><E69/><V73/><F73/><W21/><G134/><T53/><D53/><U5/><E5/><V65/><F113/><W20/><G70/><T96/><D78/><U84/><E84/><V0/><F0/><W57/><G68/><T10/><D95/><U67/><E35/><V23/><F65/><W106/><G106/><AGARI ba="0,0" hai="29,31,37,40,44,56,60,67,97,98,100,101,104,106" machi="106" ten="30,2000,0" yaku="7,1,9,1" doraHai="6" who="1" fromWho="3" sc="140,0,350,20,290,0,220,-20" owari="140,-36.0,370,47.0,290,9.0,200,-20.0" /></mjloggm>