<mjloggm ver="2.3"><GO type="225" lobby="0"/><UN n0="%E4%BF%BA%E3%81%A8%E5%A6%96%E5%A4%A2" n1="%E3%81%A4%E3%81%A3%E3%81%B1%E3%82%8A%E3%83%9D%E3%83%BC%E3%83%AB" n2="%E6%97%A5%E6%9B%9C%E6%97%A5%E3%82%88%E3%82%8A%E3%81%AE%E4%BD%BF%E8%80%85" n3="%E3%81%BE%E3%81%A8%E3%81%9F" dan="17,16,16,17" rate="2166.42,2097.52,2100.68,2184.23" sx="F,M,M,M"/><TAIKYOKU oya="0"/><INIT seed="0,0,0,0,0,3" ten="250,250,250,250" oya="0" hai0="100,21,115,109,36,126,12,123,107,2,32,105,67" hai1="124,17,44,95,61,112,30,50,87,89,68,83,51" hai2="99,53,97,35,79,41,26,88,52,19,40,10,69" hai3="71,60,117,84,130,129,90,18,62,75,81,77,23"/><T22/><D115/><U5/><E112/><V14/><F69/><W78/><G117/><T43/><D123/><U15/><E124/><V48/><F79/><W0/><G0/><T55/><D2/><U54/><E30/><V70/><F70/><W6/><G6/><T106/><D32/><U66/><E51/><V93/><F99/><W128/><G71/><T24/><D126/><U34/><E34/><V72/><F72/><W64/><G64/><T37/><D109/><U122/><E122/><V39/><F39/><W103/><G103/><T45/><D67/><U82/><REACH who="1" step="1"/><E5/><REACH who="1" ten="250,240,250,250" step="2"/><N who="2" m="3407" /><F35/><W127/><G127/><T133/><D36/><U16/><E16/><V13/><F26/><W134/><G134/><T114/><D133/><U132/><E132/><V86/><F97/><W42/><G129/><T118/><D114/><U74/><E74/><V76/><F76/><W92/><G77/><T47/><D24/><U11/><AGARI ba="0,1" hai="11,15,17,44,50,54,61,66,68,82,83,87,89,95" machi="11" ten="20,2700,0" yaku="1,1,0,1,7,1,53,0" doraHai="3" doraHaiUra="96" who="1" fromWho="1" sc="250,-13,240,37,250,-7,250,-7" /><INIT seed="1,0,0,4,3,133" ten="237,277,243,243" oya="1" hai0="47,121,3,18,98,74,49,91,67,55,17,0,131" hai1="92,122,83,39,76,102,88,13,132,100,127,19,78" hai2="124,51,64,63,46,128,116,118,40,89,23,32,79" hai3="43,96,86,94,93,22,65,14,34,12,103,72,20"/><U134/><E122/><V7/><F32/><W41/><G34/><T27/><D74/><U30/><E39/><V35/><F35/><W58/><G72/><T50/><D121/><U26/><E127/><V119/><F79/><N who="1" m="30249" /><E83/><V109/><F7/><W60/><G14/><T71/><D131/><U125/><E125/><V61/><F23/><N who="3" m="8747" /><G12/><T28/><D28/><U1/><E1/><V54/><F89/><AGARI ba="0,0" hai="41,43,58,60,65,86,89,93,94,96,103" m="8747" machi="89" ten="30,1000,0" yaku="8,1" doraHai="133" who="3" fromWho="2" sc="237,0,277,0,243,-10,243,10" /><INIT seed="2,0,0,3,5,104" ten="237,277,233,253" oya="2" hai0="135,7,39,124,63,122,110,22,30,101,45,112,16" hai1="77,120,74,80,49,58,61,52,48,24,40,17,102" hai2="94,3,126,71,55,84,51,5,65,38,12,62,75" hai3="73,31,133,27,70,11,123,72,97,33,54,121,118"/><V100/><F38/><W86/><G118/><T29/><D122/><U1/><E1/><V47/><F126/><W87/><G133/><T44/><D112/><U113/><E113/><V83/><F3/><W50/><G70/><T57/><D135/><U76/><E120/><V91/><F100/><W23/><G121/><T99/><D124/><U93/><E77/><V37/><F37/><W88/><G87/><T129/><D110/><U68/><E68/><V114/><F114/><W131/><G131/><T43/><D7/><U13/><E24/><V26/><F26/><W34/><G97/><T96/><D44/><U4/><E4/><V35/><F35/><W107/><G107/><T89/><D89/><U32/><E32/><V117/><F117/><W81/><G123/><T0/><D129/><U109/><E40/><V134/><F134/><W95/><G11/><T106/><D96/><U10/><E109/><V98/><F98/><W6/><G6/><T79/><D79/><U18/><E93/><V115/><F115/><W36/><G36/><T25/><REACH who="0" step="1"/><D0/><REACH who="0" ten="227,277,233,253" step="2"/><U92/><E102/><V60/><F5/><W128/><G128/><T59/><D59/><U41/><E58/><V67/><F83/><W28/><G81/><T19/><D19/><U46/><E80/><V119/><F119/><W105/><G88/><T15/><D15/><U82/><E82/><V132/><F132/><W116/><G116/><T103/><D103/><U9/><E76/><V125/><F125/><W42/><G31/><T127/><D127/><U78/><E78/><V53/><F12/><W85/><G28/><RYUUKYOKU ba="0,1" sc="227,30,277,-10,233,-10,253,-10" hai0="16,22,25,29,30,39,43,45,57,63,99,101,106" /><INIT seed="3,1,1,0,0,54" ten="257,267,223,243" oya="3" hai0="32,67,68,112,124,80,132,104,10,53,71,105,55" hai1="15,58,20,89,109,69,34,129,74,77,59,131,127" hai2="43,57,90,133,110,48,96,86,47,101,6,4,18" hai3="44,23,92,27,118,8,108,13,12,5,66,122,87"/><W79/><G118/><T30/><D80/><N who="1" m="45111" /><E109/><V88/><F110/><W117/><G122/><T83/><D83/><U19/><E127/><V2/><F133/><W31/><G117/><T14/><D124/><U40/><E69/><V26/><F2/><W9/><G108/><T128/><D132/><U94/><E40/><V35/><F35/><W21/><G66/><T60/><D71/><U81/><E81/><V125/><F125/><W28/><G79/><T46/><D128/><N who="1" m="49227" /><E34/><V39/><F39/><W116/><G116/><T98/><D46/><U120/><E120/><V38/><F38/><W130/><G44/><T111/><D105/><U62/><E62/><V103/><F103/><W70/><G70/><T73/><D73/><U123/><E123/><V102/><F102/><W121/><G121/><T64/><D64/><U95/><E95/><N who="2" m="54679" /><F101/><W0/><G92/><T36/><D36/><U100/><E100/><V16/><F96/><AGARI ba="1,1" hai="15,19,20,58,59,89,94,96" m="49227,45111" machi="96" ten="30,3900,0" yaku="19,1,52,2" doraHai="54" who="1" fromWho="2" sc="257,0,267,52,223,-42,243,0" owari="257,5.7,319,41.9,181,-31.9,243,-15.7" /></mjloggm>