<mjloggm ver="2.3"><GO type="225" lobby="0"/><UN n0="%E3%81%86%E3%82%8C%E3%81%9F%E3%82%93%E6%9E%95" n1="%E3%81%8B%E3%81%9F%32%36%E3%82%8A" n2="%E3%81%B7%E3%82%8A%E3%82%93%E8%81%96%E4%BA%BA" n3="%E3%81%82%E3%81%99%E3%81%AB%E3%82%83%E3%82%80" dan="16,16,16,16" rate="2121.16,2099.71,2131.60,2014.70" sx="F,M,M,F"/><TAIKYOKU oya="0"/><INIT seed="0,0,0,4,0,116" ten="250,250,250,250" oya="0" hai0="119,89,130,62,36,111,101,128,34,0,37,64,1" hai1="65,6,38,75,2,13,45,57,126,86,42,135,44" hai2="21,25,110,20,39,114,15,11,5,77,81,94,102" hai3="115,48,132,51,73,74,22,53,84,35,93,56,40"/><T90/><D119/><U134/><E75/><V16/><F39/><N who="0" m="14922" /><D101/><U131/><E2/><N who="0" m="1129" /><D34/><U91/><E126/><V49/><F114/><W125/><G35/><T41/><D41/><U92/><E131/><N who="0" m="50217" /><D111/><U99/><E44/><V58/><F21/><W28/><G22/><T68/><AGARI ba="0,0" hai="62,64,68,89,90" m="50217,1129,14922" machi="68" ten="40,2100,0" yaku="19,1" doraHai="116" who="0" fromWho="0" sc="250,21,250,-7,250,-7,250,-7" /><INIT seed="0,1,0,5,2,31" ten="271,243,243,243" oya="0" hai0="107,54,21,75,134,104,43,35,109,42,40,121,66" hai1="128,91,96,94,95,67,122,56,60,47,12,70,85" hai2="83,63,116,119,49,118,133,20,46,57,34,127,88" hai3="30,72,1,73,92,48,110,25,77,100,111,112,24"/><T80/><D121/><U13/><E128/><V6/><F133/><W37/><G37/><T135/><D109/><N who="3" m="41481" /><G1/><T53/><D66/><U97/><E122/><V5/><F127/><W69/><G69/><T38/><D38/><U41/><E70/><V2/><F20/><W39/><G39/><T52/><D21/><U76/><E76/><V58/><F58/><W125/><G125/><T3/><D3/><U131/><E131/><V59/><F59/><W103/><G112/><T126/><D35/><U36/><REACH who="1" step="1"/><E85/><REACH who="1" ten="271,233,243,243" step="2"/><N who="2" m="50239" /><F34/><W11/><G77/><N who="0" m="44095" /><D126/><U124/><E124/><V102/><F2/><W101/><G72/><T71/><D71/><U61/><E61/><V15/><F102/><AGARI ba="1,1" hai="12,13,36,41,47,56,60,67,91,94,95,96,97,102" machi="102" ten="30,2000,0" yaku="1,1,7,1,53,0" doraHai="31" doraHaiUra="64" who="1" fromWho="2" sc="271,0,233,33,243,-23,243,0" /><INIT seed="1,0,0,1,3,93" ten="271,266,220,243" oya="1" hai0="73,102,43,5,42,19,86,113,22,25,106,91,0" hai1="109,67,133,128,76,30,28,78,63,108,35,70,77" hai2="90,112,58,121,120,26,31,99,116,97,123,100,94" hai3="27,20,51,69,49,88,10,13,36,23,8,21,40"/><U46/><E128/><V59/><F116/><W48/><G69/><T89/><D113/><U4/><E133/><V132/><F132/><W7/><G36/><T37/><D73/><U38/><E4/><V81/><F81/><W119/><G119/><T96/><D37/><U74/><E74/><V84/><F84/><W131/><G131/><T134/><D134/><U135/><E135/><V87/><F112/><W61/><G61/><T29/><D91/><U65/><E65/><V15/><F15/><W39/><G10/><T47/><D47/><U114/><E114/><V124/><F87/><W16/><REACH who="3" step="1"/><G88/><REACH who="3" ten="271,266,220,233" step="2"/><T17/><D89/><U72/><E72/><V52/><F124/><W68/><G68/><T56/><D86/><U80/><E80/><V34/><REACH who="2" step="1"/><F52/><REACH who="2" ten="271,266,210,233" step="2"/><W60/><G60/><T126/><D126/><U12/><E63/><V71/><F71/><W111/><G111/><T107/><D42/><U125/><E70/><V105/><AGARI ba="0,2" hai="26,31,34,58,59,90,94,97,99,100,105,120,121,123" machi="105" ten="30,7900,0" yaku="1,1,0,1,52,2,53,0" doraHai="93" doraHaiUra="6" who="2" fromWho="2" sc="271,-20,266,-39,210,99,233,-20" /><INIT seed="2,0,0,5,3,33" ten="251,227,309,213" oya="2" hai0="108,82,78,104,19,119,60,112,121,84,50,3,85" hai1="57,48,7,88,2,114,54,16,113,21,8,134,11" hai2="126,25,97,47,107,127,125,12,70,36,63,66,26" hai3="72,35,131,109,89,4,81,38,91,43,20,120,128"/><V27/><F12/><W52/><G35/><T65/><D112/><U22/><E134/><V71/><F47/><W68/><G120/><T122/><D108/><U18/><E11/><V87/><F87/><W76/><G109/><T46/><D104/><U13/><E88/><N who="3" m="33866" /><G68/><T95/><D3/><U102/><E102/><N who="2" m="62927" /><F36/><W56/><G4/><T83/><D119/><U45/><E45/><V0/><F71/><W51/><G20/><T67/><D95/><U6/><E6/><V123/><F123/><W103/><G103/><T28/><D28/><U99/><REACH who="1" step="1"/><E99/><REACH who="1" ten="251,217,309,213" step="2"/><V86/><F86/><W77/><G77/><T15/><D121/><U39/><E39/><V49/><F49/><W1/><G38/><T96/><D96/><U135/><E135/><V59/><F70/><W129/><G43/><N who="0" m="24927" /><D122/><U90/><E90/><V132/><F132/><W101/><G101/><T40/><D84/><U61/><E61/><V55/><F0/><AGARI ba="0,1" hai="0,1,51,52,56,72,76,81,128,129,131" m="33866" machi="0" ten="40,8000,1" yaku="19,1,52,2,54,2" doraHai="33" who="3" fromWho="2" sc="251,0,217,0,309,-80,213,90" /><INIT seed="3,0,0,5,5,22" ten="251,217,229,303" oya="3" hai0="116,98,56,35,1,124,106,66,55,89,90,132,125" hai1="129,133,103,50,60,95,97,48,78,108,128,122,14" hai2="36,63,88,31,65,68,117,38,6,15,126,0,4" hai3="73,9,83,49,25,46,23,51,80,12,72,3,26"/><W84/><G3/><T53/><D116/><U19/><E122/><V44/><F117/><W10/><G23/><T102/><D132/><U13/><E133/><V109/><F109/><W121/><G84/><T99/><D1/><U127/><E108/><V62/><F0/><W52/><G12/><T107/><D35/><U28/><E127/><N who="0" m="48713" /><D66/><U86/><E28/><V42/><F126/><W81/><G81/><T57/><D99/><U105/><E60/><V7/><F62/><W20/><G20/><T93/><D89/><N who="1" m="53687" /><E13/><V123/><F123/><W43/><G43/><T69/><D69/><U74/><E19/><V30/><F38/><W71/><G71/><T77/><D77/><U8/><E8/><V94/><REACH who="2" step="1"/><F15/><REACH who="2" ten="251,217,219,303" step="2"/><W61/><G61/><N who="0" m="35983" /><D102/><U41/><E14/><V119/><F119/><W47/><G121/><T11/><D11/><U79/><E48/><AGARI ba="0,1" hai="48,55,57,90,93,98,106,107" m="35983,48713" machi="48" ten="30,1000,0" yaku="18,1" doraHai="22" who="0" fromWho="1" sc="251,20,217,-10,219,0,303,0" owari="271,7.1,207,-29.3,219,-18.1,303,40.3" /></mjloggm>