<mjloggm ver="2.3"><GO type="225" lobby="0"/><UN n0="%E3%83%A9%E3%83%BC%E3%83%A1%E3%83%B3%E4%BA%94%E9%83%8E" n1="%E5%AF%82%E5%AF%9E%E3%82%AE%E3%83%8D%E3%82%B9%E3%83%93%E3%83%BC%E3%83%AB" n2="%73%61%6E%64%69%72%69%73" n3="%E3%83%B4%E3%83%A0%EF%BC%99%E3%81%A6" dan="16,16,16,17" rate="2086.64,2170.79,2160.58,2204.20" sx="M,M,M,M"/><TAIKYOKU oya="0"/><INIT seed="0,0,0,3,3,120" ten="250,250,250,250" oya="0" hai0="72,54,108,127,35,49,128,114,129,122,124,81,33" hai1="37,63,105,62,86,16,55,51,97,42,104,0,107" hai2="46,134,13,34,118,115,113,130,9,132,96,11,126" hai3="2,93,59,32,29,70,125,40,52,47,28,90,50"/><T112/><D122/><U69/><E0/><V6/><F96/><W103/><G125/><N who="0" m="48203" /><D81/><U71/><E97/><V78/><F78/><W98/><G2/><T135/><D72/><U99/><E99/><V106/><F46/><W53/><G70/><T7/><D135/><N who="2" m="51754" /><F106/><W26/><G28/><T76/><D76/><U41/><E86/><V5/><F126/><W10/><G10/><T77/><D77/><U91/><E91/><V27/><F130/><N who="0" m="50282" /><D7/><U65/><E37/><V95/><F95/><W48/><REACH who="3" step="1"/><G40/><REACH who="3" ten="250,250,250,240" step="2"/><T67/><D33/><U133/><E133/><V87/><F34/><W79/><G79/><T109/><D35/><U85/><E41/><V1/><F11/><W117/><G117/><T30/><D30/><U119/><E42/><V82/><F118/><W18/><G18/><T20/><D20/><U23/><E119/><V121/><F9/><W14/><G14/><T74/><D74/><U111/><E16/><V66/><F13/><W88/><AGARI ba="0,1" hai="26,29,32,47,48,50,52,53,59,88,90,93,98,103" machi="88" ten="30,8000,1" yaku="1,1,0,1,54,2,53,1" doraHai="120" doraHaiUra="43" who="3" fromWho="3" sc="250,-40,250,-20,250,-20,240,90" /><INIT seed="1,0,0,3,2,84" ten="210,230,230,330" oya="1" hai0="19,51,79,28,114,20,98,105,111,100,130,134,26" hai1="67,22,2,50,78,131,116,31,72,33,38,43,9" hai2="39,107,17,74,10,117,41,112,13,5,64,132,133" hai3="85,35,127,91,83,66,11,123,80,71,93,73,32"/><U106/><E116/><V108/><F117/><W0/><G123/><T14/><D111/><U119/><E119/><V121/><F121/><W62/><G127/><T124/><D124/><U37/><E22/><V36/><F74/><W4/><REACH who="3" step="1"/><G73/><REACH who="3" ten="210,230,230,320" step="2"/><T6/><D114/><U125/><E72/><V89/><F112/><W81/><AGARI ba="0,1" hai="0,4,11,32,35,62,66,71,80,81,83,85,91,93" machi="81" ten="30,7900,0" yaku="1,1,2,1,0,1,52,1,53,0" doraHai="84" doraHaiUra="99" who="3" fromWho="3" sc="210,-20,230,-39,230,-20,320,89" /><INIT seed="2,0,0,5,2,33" ten="190,191,210,409" oya="2" hai0="74,32,8,4,79,48,92,130,35,128,61,13,90" hai1="112,49,83,11,52,118,76,58,73,23,21,54,105" hai2="71,46,14,38,57,100,47,75,63,25,121,19,60" hai3="16,87,78,9,77,59,20,50,84,24,111,45,119"/><V18/><F121/><W55/><G111/><T116/><D116/><U88/><E112/><V66/><F75/><W62/><G119/><T68/><D48/><U94/><E118/><V131/><F131/><N who="0" m="50218" /><D79/><N who="3" m="30217" /><G9/><T17/><D17/><U98/><E105/><V99/><F38/><W134/><G134/><T69/><D74/><U53/><E11/><V108/><F25/><W12/><G12/><T104/><D104/><U27/><E23/><V1/><F1/><W123/><G123/><T0/><D13/><U3/><E3/><V91/><F91/><W124/><G124/><T122/><D122/><U129/><E129/><V82/><F82/><W89/><G89/><T64/><D69/><U133/><E133/><V39/><F39/><W103/><G103/><T37/><D37/><U44/><E44/><V5/><F5/><W95/><G95/><T135/><D135/><U56/><E56/><V125/><F108/><W93/><G93/><T36/><D36/><U126/><E126/><V106/><F19/><AGARI ba="0,0" hai="19,21,27,49,52,53,54,58,73,76,83,88,94,98" machi="19" ten="30,3900,0" yaku="7,1,54,2" doraHai="33" who="1" fromWho="2" sc="190,0,191,39,210,-39,409,0" /><INIT seed="3,0,0,4,1,30" ten="190,230,171,409" oya="3" hai0="126,103,8,40,83,96,107,70,98,71,13,32,54" hai1="64,90,34,63,5,122,14,4,61,84,41,38,121" hai2="55,93,39,51,81,132,87,116,25,46,50,99,11" hai3="1,18,17,133,100,91,134,57,6,123,20,97,105"/><W118/><G123/><T19/><D126/><U59/><E34/><V112/><F112/><W42/><G118/><T28/><D40/><U44/><E5/><V74/><F116/><W45/><G57/><T85/><D54/><U2/><E2/><V79/><F132/><W16/><G91/><T130/><D96/><U48/><E38/><V12/><F39/><W65/><G65/><T113/><D130/><U37/><E37/><V108/><F108/><W53/><G53/><T135/><D135/><N who="3" m="51721" /><G6/><T33/><D113/><U80/><E61/><V21/><F74/><W49/><G1/><T89/><REACH who="0" step="1"/><D33/><REACH who="0" ten="180,230,171,409" step="2"/><U114/><E114/><V72/><F72/><W128/><G128/><T86/><D86/><U127/><E127/><V56/><F46/><W106/><G106/><T78/><D78/><U73/><E73/><V129/><F129/><W52/><G42/><T104/><D104/><U102/><E84/><V58/><F51/><W15/><AGARI ba="0,1" hai="15,16,17,18,20,45,49,52,97,100,105" m="51721" machi="15" ten="30,6000,0" yaku="20,1,54,2" doraHai="30" who="3" fromWho="3" sc="180,-20,230,-20,171,-20,409,70" owari="160,-24.0,210,1.0,151,-34.9,479,57.9" /></mjloggm>