<mjloggm ver="2.3"><GO type="225" lobby="0"/><UN n0="%E7%89%B9%E6%9D%B1%E3%81%AF%E4%B8%96%E7%95%8C%E3%82%92%E6%95%91%E3%81%86" n1="%6D%75%75%6D%75%72%61" n2="%E3%81%99%E3%81%84%E3%81%BE%E3%81%9B%E3%83%BC%E3%82%93" n3="%E3%81%9F%E3%81%93%E2%98%86%E7%84%BC%E3%81%8D" dan="16,16,16,16" rate="2123.30,2185.81,2164.25,2071.33" sx="M,F,M,M"/><TAIKYOKU oya="0"/><INIT seed="0,0,0,4,4,0" ten="250,250,250,250" oya="0" hai0="48,52,81,13,67,100,32,128,118,46,64,8,106" hai1="30,72,77,71,53,26,3,39,102,4,92,14,123" hai2="65,133,75,9,16,111,12,37,59,70,11,99,101" hai3="126,24,58,15,91,17,79,88,51,107,61,25,125"/><T10/><D118/><U132/><E123/><V41/><F111/><W119/><G107/><T131/><D32/><U78/><E71/><V60/><F133/><W135/><G79/><T103/><D81/><U97/><E132/><V114/><F75/><W87/><G119/><T54/><D106/><U62/><E3/><V98/><F114/><W113/><G113/><T127/><D127/><N who="3" m="48649" /><G51/><T74/><D74/><U129/><E39/><V21/><F70/><W55/><G135/><T44/><D48/><U117/><E129/><V40/><F99/><W45/><G45/><T94/><REACH who="0" step="1"/><D13/><REACH who="0" ten="240,250,250,250" step="2"/><U6/><E72/><V134/><F134/><W63/><G63/><T20/><D20/><N who="1" m="15687" /><E14/><V50/><F37/><W124/><G124/><T108/><D108/><U120/><E117/><V95/><F50/><W57/><G57/><T115/><D115/><U18/><E120/><V90/><F40/><W29/><G24/><T76/><D76/><U5/><E77/><V105/><F41/><W82/><G25/><T83/><D83/><U96/><E78/><V28/><F28/><W84/><G82/><T104/><D104/><U89/><E92/><AGARI ba="0,1" hai="8,10,44,46,52,54,64,67,92,94,100,103,128,131" machi="92" ten="25,9600,0" yaku="1,1,22,2,54,1,53,0" doraHai="0" doraHaiUra="80" who="0" fromWho="1" sc="240,106,250,-96,250,0,250,0" /><INIT seed="0,1,0,4,2,110" ten="346,154,250,250" oya="0" hai0="86,83,61,74,35,81,42,115,75,113,37,90,67" hai1="59,23,28,77,135,94,95,130,121,19,71,12,29" hai2="56,4,55,58,34,117,124,51,131,8,70,89,14" hai3="93,66,22,118,52,133,3,47,79,82,99,49,40"/><T18/><D35/><U88/><E71/><V27/><F124/><W11/><G133/><T25/><D37/><U127/><E95/><V111/><F70/><W60/><G118/><T120/><D42/><U123/><E127/><V109/><F131/><W33/><G33/><T63/><D120/><U26/><E130/><V69/><F69/><W48/><G22/><T13/><D25/><U107/><E107/><V32/><F117/><W91/><G3/><T62/><D67/><U134/><E77/><V36/><F36/><W73/><G11/><T122/><D122/><U46/><E46/><V126/><F126/><W45/><G60/><T15/><D15/><U50/><E121/><V17/><F89/><W106/><G66/><T10/><REACH who="0" step="1"/><D83/><REACH who="0" ten="336,154,250,250" step="2"/><U53/><E123/><V104/><F34/><W85/><REACH who="3" step="1"/><G106/><REACH who="3" ten="336,154,250,240" step="2"/><T80/><D80/><U31/><REACH who="1" step="1"/><E26/><REACH who="1" ten="336,144,250,240" step="2"/><V87/><F104/><W132/><G132/><T68/><D68/><U57/><E57/><V54/><F27/><W119/><G119/><T6/><D6/><U105/><E105/><V1/><F4/><W112/><G112/><AGARI ba="1,3" hai="10,13,18,61,62,63,74,75,81,86,90,112,113,115" machi="112" ten="40,12000,1" yaku="1,1,52,3,53,0" doraHai="110" doraHaiUra="21" who="0" fromWho="3" sc="336,153,144,0,250,0,240,-123" /><INIT seed="0,2,0,2,4,93" ten="489,144,250,117" oya="0" hai0="43,49,115,8,122,135,133,89,66,18,46,7,118" hai1="72,85,58,106,88,52,35,117,107,45,15,99,132" hai2="130,28,101,21,61,102,10,129,112,91,55,67,19" hai3="109,74,26,65,48,96,2,50,36,0,47,51,105"/><T56/><D115/><U77/><E117/><V41/><F112/><W131/><G74/><T54/><D118/><U16/><E35/><V124/><F124/><W71/><G109/><T86/><D66/><U75/><E132/><V22/><F41/><W116/><G116/><T90/><D18/><U3/><E3/><V87/><F55/><W95/><G105/><T38/><D122/><U60/><E45/><V92/><F28/><W11/><G131/><N who="2" m="50185" /><F10/><W119/><G26/><T23/><D23/><N who="2" m="8714" /><F19/><W79/><G79/><T17/><D17/><U134/><E77/><V9/><F9/><W24/><G24/><T128/><D128/><U80/><E134/><N who="0" m="51209" /><D86/><U97/><E72/><V62/><F62/><W84/><G84/><T104/><D104/><U20/><E75/><V69/><AGARI ba="2,0" hai="61,67,69,87,91,92,101,102" m="8714,50185" machi="69" ten="30,1100,0" yaku="19,1" doraHai="93" who="2" fromWho="2" sc="489,-7,144,-5,250,17,117,-5" /><INIT seed="1,0,0,4,3,95" ten="482,139,267,112" oya="1" hai0="79,36,97,103,37,67,87,2,35,106,17,3,112" hai1="52,69,131,63,119,122,68,31,89,0,101,117,25" hai2="5,120,71,115,10,7,73,32,84,130,99,15,6" hai3="134,57,107,41,128,109,105,54,22,50,113,93,114"/><U83/><E122/><V111/><F73/><W108/><G41/><T76/><D35/><U61/><E0/><V110/><F71/><W23/><G128/><T51/><D112/><N who="3" m="43113" /><G93/><T135/><D135/><U18/><E131/><V9/><F120/><W33/><G134/><T98/><D67/><U90/><E18/><V29/><F130/><W132/><G33/><T127/><D127/><U58/><E101/><V102/><F115/><W86/><G86/><T129/><D129/><U62/><E62/><V1/><F84/><W133/><G132/><T91/><D98/><U55/><E83/><V85/><F85/><W47/><G47/><T77/><D51/><U48/><E48/><V42/><F42/><W78/><G78/><T26/><D26/><U72/><E72/><V75/><F75/><W104/><G133/><T8/><D17/><U27/><REACH who="1" step="1"/><E58/><REACH who="1" ten="482,129,267,112" step="2"/><V38/><F1/><W40/><G40/><T126/><D3/><U124/><E124/><V12/><F5/><W70/><G70/><T39/><D126/><U28/><AGARI ba="0,1" hai="25,27,28,31,52,55,61,63,68,69,89,90,117,119" machi="28" ten="25,12000,1" yaku="1,1,0,1,22,2,54,1,53,0" doraHai="95" doraHaiUra="4" who="1" fromWho="1" sc="482,-40,129,130,267,-40,112,-40" /><INIT seed="1,1,0,1,4,52" ten="442,259,227,72" oya="1" hai0="39,72,46,88,22,5,98,67,103,129,83,4,17" hai1="38,105,57,123,58,108,1,84,33,56,97,81,13" hai2="79,10,118,21,9,36,48,119,3,122,91,130,109" hai3="20,73,69,134,68,104,132,41,30,6,89,62,115"/><U54/><E123/><V63/><F122/><W25/><G104/><T99/><D67/><U8/><E38/><V113/><F36/><W111/><G73/><T34/><D34/><U35/><E1/><V77/><F3/><W7/><G115/><T135/><D129/><U66/><E108/><V80/><F109/><W42/><G111/><T49/><D39/><U76/><E66/><V65/><F130/><W106/><G106/><T23/><D23/><U96/><E54/><V85/><F113/><W120/><G120/><T86/><D72/><U93/><E105/><V0/><F0/><W112/><G89/><T71/><D71/><U117/><E96/><N who="0" m="36905" /><D135/><N who="3" m="51753" /><G112/><T45/><D103/><U16/><REACH who="1" step="1"/><E117/><REACH who="1" ten="442,249,227,72" step="2"/><V87/><F119/><W51/><G69/><T27/><D46/><U74/><E74/><V90/><F118/><W43/><G68/><T110/><D110/><U44/><E44/><V40/><F65/><W64/><G64/><T28/><D28/><U19/><E19/><V107/><F107/><W116/><G116/><T15/><D15/><U37/><E37/><V47/><F47/><N who="3" m="26095" /><G62/><T126/><D126/><U124/><E124/><V2/><F63/><W100/><G100/><AGARI ba="1,1" hai="8,13,16,33,35,56,57,58,76,81,84,93,97,100" machi="100" ten="40,24000,3" yaku="1,1,52,3,54,1,53,3" doraHai="52" doraHaiUra="53" who="1" fromWho="3" sc="442,0,249,253,227,0,72,-243" owari="442,24.2,502,60.2,227,-17.3,-171,-67.1" /></mjloggm>