<mjloggm ver="2.3"><GO type="225" lobby="0"/><UN n0="%6D%75%75%6D%75%72%61" n1="%37%2F%32%E3%81%AB%E7%94%9F%E3%81%BE%E3%82%8C%E3%81%A6" n2="%E4%B8%AD%E5%B9%B4%E3%81%AE%E5%8D%B1%E6%A9%9F" n3="%E6%A1%9C%E8%8A%B1%E9%96%83%E3%80%85" dan="16,17,16,18" rate="2143.18,2171.53,2158.19,2243.58" sx="F,M,M,M"/><TAIKYOKU oya="0"/><INIT seed="0,0,0,3,4,103" ten="250,250,250,250" oya="0" hai0="121,2,135,27,102,34,21,29,115,83,85,26,10" hai1="49,56,17,129,109,13,95,48,72,61,134,89,94" hai2="16,100,51,20,69,28,65,90,73,8,39,64,37" hai3="68,14,98,119,18,117,57,46,23,99,105,12,32"/><T59/><D115/><U36/><E36/><V66/><F69/><W110/><G68/><T131/><D121/><U111/><E72/><V54/><F73/><W62/><G32/><T114/><D114/><U108/><E129/><V81/><F28/><W35/><G35/><T79/><D131/><U120/><E120/><V67/><N who="2" m="16384" /><DORA hai="41" /><V3/><F100/><W5/><G110/><T97/><D135/><U15/><E134/><V107/><F107/><W52/><G105/><T25/><D59/><U19/><E61/><V4/><F90/><W122/><G122/><T42/><D42/><U30/><E30/><V123/><F81/><W133/><G133/><T124/><D124/><U74/><E74/><V127/><F127/><W0/><G0/><T43/><D43/><U84/><E56/><V82/><F82/><W126/><G46/><T77/><D77/><U60/><E60/><V118/><F118/><W44/><G44/><T7/><REACH who="0" step="1"/><D34/><REACH who="0" ten="240,250,250,250" step="2"/><U130/><E130/><V87/><F123/><W58/><G126/><T78/><D78/><U71/><E71/><V93/><F39/><W101/><G58/><T75/><D75/><U40/><E40/><V88/><F37/><W86/><G119/><T113/><D113/><U63/><E111/><V9/><F51/><N who="1" m="19529" /><E63/><V80/><F54/><W128/><G117/><T106/><AGARI ba="0,1" hai="2,7,10,21,25,26,27,29,79,83,85,97,102,106" machi="106" ten="20,7800,0" yaku="1,1,0,1,7,1,52,1,53,0" doraHai="103,41" doraHaiUra="132,55" who="0" fromWho="0" sc="240,88,250,-26,250,-26,250,-26" /><INIT seed="0,1,0,5,0,102" ten="328,224,224,224" oya="0" hai0="112,47,80,131,87,66,122,108,83,132,5,4,12" hai1="37,9,118,22,103,49,96,48,6,114,67,70,39" hai2="94,89,23,126,74,38,21,27,86,28,92,129,45" hai3="115,53,16,54,99,52,72,36,31,30,32,75,8"/><T61/><D112/><U130/><E118/><V91/><F126/><W98/><G115/><T55/><D122/><U84/><E114/><V60/><F74/><W110/><G36/><T88/><D131/><U34/><E130/><V13/><F129/><W57/><G110/><T121/><D121/><U11/><E22/><V81/><F60/><W51/><G72/><T76/><D132/><U14/><E34/><V124/><F124/><W59/><G75/><T63/><D108/><U40/><E49/><V93/><F38/><W73/><G73/><T0/><D0/><U1/><E84/><V18/><REACH who="2" step="1"/><F45/><REACH who="2" ten="328,224,214,224" step="2"/><W128/><G128/><T44/><D63/><U104/><E39/><V46/><F46/><W20/><G51/><T62/><D62/><U42/><E48/><V127/><F127/><W117/><G117/><T7/><D47/><U68/><E67/><V33/><F33/><W2/><G32/><T17/><D66/><U79/><E37/><V111/><F111/><W50/><G50/><T65/><D44/><U134/><E134/><V85/><AGARI ba="1,1" hai="13,18,21,23,27,28,81,85,86,89,91,92,93,94" machi="85" ten="20,5200,0" yaku="1,1,0,1,7,1,8,1,53,0" doraHai="102" doraHaiUra="109" who="2" fromWho="2" sc="328,-27,224,-14,214,65,224,-14" /><INIT seed="1,0,0,3,5,62" ten="301,210,279,210" oya="1" hai0="108,14,96,32,119,94,109,35,56,3,121,44,92" hai1="95,115,102,61,10,127,37,79,86,23,131,87,88" hai2="106,41,99,93,38,46,83,15,114,52,134,57,2" hai3="6,116,47,120,104,72,97,18,65,24,110,101,66"/><U1/><E115/><V58/><F2/><W16/><G120/><T74/><D3/><U129/><E37/><V51/><F114/><W27/><G72/><T125/><D121/><U63/><E102/><V19/><F106/><W105/><G110/><N who="0" m="42603" /><D125/><U53/><E127/><V85/><F134/><W77/><G77/><T64/><D119/><U45/><E23/><V50/><F99/><W107/><G6/><T28/><D74/><U13/><E1/><V98/><F98/><W78/><G78/><T43/><D14/><U135/><E135/><V49/><F93/><N who="0" m="35946" /><D28/><U11/><E11/><V39/><F39/><W81/><G81/><T22/><D22/><U122/><E122/><V34/><F34/><W0/><G0/><T130/><D130/><N who="1" m="49675" /><E86/><V111/><F111/><W73/><G73/><T33/><D96/><U132/><E79/><N who="2" m="46335" /><F38/><W126/><G126/><T70/><D70/><U4/><E132/><V128/><F128/><W8/><G116/><T20/><D20/><U59/><E45/><N who="2" m="27695" /><F50/><AGARI ba="0,0" hai="4,10,13,50,53,59,61,63,87,88,95" m="49675" machi="50" ten="30,2900,0" yaku="19,1,54,1" doraHai="62" who="1" fromWho="2" sc="301,0,210,29,279,-29,210,0" /><INIT seed="1,1,0,3,0,120" ten="301,239,250,210" oya="1" hai0="94,57,49,24,68,88,92,33,119,132,128,8,0" hai1="45,80,11,6,127,50,100,135,72,53,89,101,15" hai2="74,117,107,96,93,97,77,48,110,79,59,86,85" hai3="60,13,18,34,31,10,106,55,5,36,78,1,19"/><U76/><E127/><V131/><F48/><W84/><G106/><T73/><D119/><U125/><E125/><V111/><F59/><W2/><G36/><T43/><D68/><U58/><E135/><V81/><F117/><W61/><G55/><T116/><D116/><U9/><E89/><N who="2" m="55343" /><F131/><W104/><G104/><T14/><D73/><U75/><E72/><V133/><F133/><W30/><G84/><N who="2" m="32361" /><F79/><W42/><G78/><T64/><D132/><U91/><E91/><V114/><F114/><W134/><G42/><T46/><D0/><N who="3" m="105" /><G61/><T29/><D128/><U83/><E80/><V27/><F27/><N who="3" m="18783" /><G60/><T37/><D88/><U130/><E130/><V109/><F107/><W90/><G134/><T98/><D98/><AGARI ba="1,0" hai="74,77,81,97,98,109,110,111" m="32361,55343" machi="98" ten="40,12000,2" yaku="14,1,34,2,52,3" doraHai="120" who="2" fromWho="0" sc="301,-123,239,0,250,123,210,0" /><INIT seed="2,0,0,1,1,128" ten="178,239,373,210" oya="2" hai0="72,44,91,131,6,38,135,76,10,89,107,8,108" hai1="86,123,81,114,28,5,116,13,98,101,73,120,125" hai2="75,30,78,117,105,2,59,36,51,50,129,56,111" hai3="53,95,0,121,92,104,40,74,99,115,94,71,29"/><V3/><F105/><W17/><G121/><N who="1" m="46666" /><E28/><V11/><F117/><W58/><G71/><T14/><D131/><U67/><E67/><V90/><F129/><W119/><G119/><T93/><D107/><N who="1" m="63927" /><E13/><V26/><F36/><W60/><G74/><T97/><D108/><U9/><E9/><V23/><F111/><W39/><G0/><T54/><D135/><U63/><E63/><V34/><F34/><W113/><G29/><T134/><D134/><U87/><E5/><V25/><F90/><W100/><REACH who="3" step="1"/><G17/><REACH who="3" ten="178,239,373,200" step="2"/><T45/><D72/><U32/><E116/><V127/><F3/><W65/><G65/><T47/><D38/><U43/><E73/><V84/><F75/><W132/><G132/><T88/><D76/><U80/><E114/><V49/><F2/><W109/><G109/><T64/><D64/><U27/><E125/><V122/><F127/><W102/><G102/><N who="0" m="60719" /><D10/><U85/><E43/><V48/><F122/><W83/><G83/><T69/><D69/><U106/><E81/><N who="2" m="47159" /><F11/><W112/><G112/><T12/><D12/><U1/><E80/><V55/><F26/><W96/><G96/><T103/><D103/><U33/><E1/><V42/><F42/><W24/><G24/><T70/><D70/><U37/><E27/><V21/><F21/><W20/><G20/><T126/><D126/><U15/><E15/><V41/><F41/><W124/><G124/><T79/><D79/><U52/><E32/><V22/><F22/><W46/><AGARI ba="0,1" hai="39,40,46,53,58,60,92,94,95,99,100,104,113,115" machi="46" ten="30,2000,0" yaku="1,1,0,1,53,0" doraHai="128" doraHaiUra="35" who="3" fromWho="3" sc="178,-5,239,-5,373,-10,200,30" /><INIT seed="3,0,0,0,1,70" ten="173,234,363,230" oya="3" hai0="24,52,15,114,109,23,81,4,120,92,69,20,36" hai1="132,90,72,58,116,112,18,53,89,133,1,126,14" hai2="65,33,98,39,135,19,2,45,130,47,30,73,42" hai3="37,77,40,25,79,97,67,76,119,31,60,107,105"/><W0/><G0/><T64/><D120/><U57/><E112/><V49/><F73/><W51/><G51/><T63/><D114/><U17/><E1/><V32/><F2/><W16/><G119/><T28/><D109/><U6/><E72/><V94/><F130/><W110/><G110/><T13/><D81/><U3/><E3/><V124/><F124/><W48/><G48/><T118/><D118/><U83/><E116/><V38/><F135/><N who="1" m="51785" /><E126/><V91/><F65/><W55/><G55/><T117/><D117/><U113/><E58/><V88/><F30/><W50/><G50/><T12/><D52/><U123/><E90/><V106/><F106/><W66/><G16/><T78/><D78/><U56/><E57/><V127/><F127/><W103/><G105/><T115/><D115/><U74/><E89/><V68/><F68/><W41/><G41/><T43/><D92/><U129/><E129/><V121/><F121/><W80/><G80/><T84/><D84/><U134/><E134/><V44/><F19/><W26/><G60/><T62/><D62/><N who="1" m="36111" /><E123/><V85/><F47/><W101/><G101/><T131/><D131/><U59/><E59/><V7/><F7/><W71/><G71/><T96/><D96/><U5/><E18/><V82/><F49/><W22/><G77/><T9/><REACH who="0" step="1"/><D23/><REACH who="0" ten="163,234,363,230" step="2"/><N who="1" m="11703" /><E113/><V27/><F33/><W21/><G79/><AGARI ba="0,1" hai="5,6,74,79,83" m="11703,36111,51785" machi="79" ten="30,1000,0" yaku="20,1" doraHai="70" who="1" fromWho="3" sc="163,0,234,20,363,0,230,-10" owari="163,-33.7,254,5.4,363,46.3,220,-18.0" /></mjloggm>