<mjloggm ver="2.3"><GO type="225" lobby="0"/><UN n0="%48%61%61%61%6C%61%6E%64" n1="%73%75%7A%75%6D%65%33" n2="%E3%83%B4%E3%83%A0%EF%BC%99%E3%81%A6" n3="%E8%81%B7%E6%A5%AD%E3%80%81%E9%A2%A8%32" dan="18,17,17,16" rate="2257.24,2205.64,2208.86,2104.07" sx="M,M,M,M"/><TAIKYOKU oya="0"/><INIT seed="0,0,0,3,1,81" ten="250,250,250,250" oya="0" hai0="51,23,25,71,132,76,43,53,93,113,65,125,12" hai1="58,115,66,74,117,19,36,86,41,56,109,42,37" hai2="48,82,126,127,129,15,7,72,121,103,69,47,84" hai3="55,98,70,38,112,75,77,123,64,3,5,0,29"/><T52/><D113/><U18/><E74/><V90/><F121/><W67/><G112/><T39/><D125/><U27/><E115/><V63/><F129/><W30/><G38/><T130/><D130/><U45/><E109/><V91/><F72/><W105/><G123/><T83/><D39/><U88/><E117/><V4/><F103/><W32/><G77/><T133/><D12/><U34/><E34/><V44/><F91/><W96/><G75/><T40/><D93/><U89/><E66/><N who="2" m="41183" /><F15/><W108/><G108/><T6/><D6/><U78/><E78/><V17/><F17/><W57/><G5/><T31/><D65/><U110/><E110/><V100/><F47/><W35/><G105/><T107/><D107/><U97/><E97/><V99/><F48/><W104/><G104/><T2/><D2/><U13/><E13/><V134/><F44/><W21/><G57/><T106/><D106/><U61/><E45/><V16/><F16/><W94/><G55/><T87/><D53/><U59/><E59/><V122/><F122/><W49/><G49/><T11/><D71/><U9/><E61/><V114/><F114/><W20/><REACH who="3" step="1"/><G70/><REACH who="3" ten="250,250,250,240" step="2"/><T22/><D52/><U1/><E37/><V101/><F4/><W8/><G8/><T14/><D11/><U119/><E36/><V24/><F7/><W95/><AGARI ba="0,1" hai="0,3,20,21,29,30,32,35,64,67,94,95,96,98" machi="95" ten="25,6400,0" yaku="1,1,0,1,22,2,53,0" doraHai="81" doraHaiUra="102" who="3" fromWho="3" sc="250,-32,250,-16,250,-16,240,74" /><INIT seed="1,0,0,4,4,126" ten="218,234,234,314" oya="1" hai0="78,29,4,27,52,39,109,95,101,98,60,54,66" hai1="62,103,46,81,133,106,75,47,87,55,70,85,23" hai2="93,114,40,31,13,3,32,49,102,94,74,130,71" hai3="73,50,21,51,96,16,69,135,14,100,88,22,5"/><U108/><E133/><V92/><F3/><W84/><G73/><T129/><D109/><U113/><E113/><V10/><F114/><W25/><G69/><T37/><D129/><U67/><E108/><V19/><F71/><W121/><G135/><T15/><D78/><U123/><E123/><V72/><F102/><W127/><G127/><T116/><D116/><U2/><E2/><V35/><F130/><W17/><G5/><T97/><D97/><U131/><E131/><V63/><F63/><W34/><G34/><T110/><D110/><U89/><E75/><V68/><F68/><W33/><G33/><T8/><D39/><U125/><E125/><V0/><F32/><W24/><G14/><T58/><REACH who="0" step="1"/><D37/><REACH who="0" ten="208,234,234,314" step="2"/><U18/><E87/><V56/><F72/><W1/><G121/><T53/><D53/><U7/><E55/><V6/><F74/><W128/><G128/><T115/><D115/><U42/><E42/><V132/><F132/><W107/><REACH who="3" step="1"/><G1/><REACH who="3" ten="208,234,234,304" step="2"/><T122/><D122/><U80/><E7/><V111/><F6/><W76/><G76/><T104/><D104/><U41/><E106/><V120/><F0/><W45/><G45/><T28/><D28/><U59/><E46/><V20/><F120/><W64/><G64/><T48/><D48/><U105/><E47/><V30/><F30/><W36/><G36/><T82/><D82/><AGARI ba="0,2" hai="16,17,21,22,24,25,50,51,82,84,88,96,100,107" machi="82" ten="30,8000,1" yaku="1,1,7,1,9,1,54,2,53,0" doraHai="126" doraHaiUra="65" who="3" fromWho="0" sc="208,-80,234,0,234,0,304,100" /><INIT seed="2,0,0,5,5,23" ten="128,234,234,404" oya="2" hai0="28,57,89,129,125,82,135,126,3,115,7,47,55" hai1="116,33,12,25,90,99,121,56,86,80,51,91,95" hai2="98,60,49,4,52,18,45,68,100,1,36,5,62" hai3="39,122,13,35,26,92,84,78,70,132,21,87,58"/><V97/><F36/><W96/><G70/><T106/><D115/><U130/><E116/><V44/><F44/><W43/><G35/><T88/><D106/><U11/><E130/><V119/><F119/><W48/><G132/><T74/><D129/><U104/><E104/><V114/><F114/><W85/><G122/><T73/><D47/><U123/><E51/><V38/><F38/><W67/><G39/><T24/><D135/><U17/><E56/><V6/><F1/><W110/><G110/><T120/><D120/><N who="1" m="46155" /><E33/><V117/><F117/><W124/><G124/><N who="0" m="47723" /><D7/><U61/><E61/><N who="2" m="23659" /><F68/><W66/><G13/><T75/><D3/><U46/><E46/><V53/><F53/><N who="3" m="32039" /><G43/><T112/><D112/><U10/><E25/><V54/><F54/><W16/><G78/><T76/><D55/><U65/><E65/><V107/><F107/><W63/><G63/><T31/><D57/><U29/><E29/><V77/><F77/><W40/><G40/><T103/><D28/><U111/><E111/><V93/><F98/><W30/><G30/><T59/><D59/><U2/><E2/><V19/><AGARI ba="0,0" hai="4,5,6,18,19,45,49,52,93,97,100" m="23659" machi="19" ten="30,3000,0" yaku="8,1,54,1" doraHai="23" who="2" fromWho="2" sc="128,-10,234,-10,234,30,404,-10" /><INIT seed="2,1,0,3,0,71" ten="118,224,264,394" oya="2" hai0="84,16,95,10,26,12,68,125,93,31,40,126,89" hai1="128,114,50,18,80,38,130,25,127,9,21,39,60" hai2="129,119,65,22,55,112,0,78,3,66,70,29,44" hai3="5,11,32,43,98,19,109,1,121,122,24,69,4"/><V124/><F119/><W83/><G109/><T14/><D68/><U86/><E114/><V81/><F112/><W51/><G69/><T57/><D40/><U117/><E117/><V75/><F124/><W2/><G98/><T41/><D41/><U110/><E110/><V8/><F129/><N who="1" m="49769" /><E127/><V13/><F70/><W101/><G101/><T59/><D125/><U56/><E50/><V132/><F132/><W107/><G107/><T62/><D126/><U72/><E9/><V85/><F75/><W88/><G5/><T34/><D62/><U79/><E72/><V100/><F100/><W123/><G19/><T61/><D61/><U120/><E120/><V96/><F96/><W87/><G24/><T106/><D106/><U105/><E105/><V111/><F111/><W64/><G64/><AGARI ba="1,0" hai="18,21,25,38,39,56,60,64,79,80,86" m="49769" machi="64" ten="30,3900,0" yaku="19,1,52,2" doraHai="71" who="1" fromWho="3" sc="118,0,224,42,264,0,394,-42" /><INIT seed="3,0,0,2,1,129" ten="118,266,264,352" oya="3" hai0="113,30,10,51,79,25,6,108,18,38,43,134,100" hai1="16,31,14,97,34,106,122,52,44,3,111,86,32" hai2="93,29,9,102,2,88,37,103,33,21,114,101,94" hai3="24,83,109,49,47,27,131,59,35,133,57,135,118"/><W15/><G118/><T0/><D51/><U132/><E122/><V46/><F114/><W65/><G131/><T50/><D50/><U77/><E3/><V124/><F33/><W66/><G109/><T125/><D108/><U64/><E64/><V28/><F124/><W104/><G104/><T92/><D92/><U89/><E111/><V116/><F116/><W12/><G83/><T20/><D125/><U87/><E77/><V40/><F93/><W23/><G49/><T112/><D100/><U119/><E119/><V56/><F56/><W126/><G126/><T99/><D99/><U58/><E44/><V70/><F70/><W53/><G53/><T71/><D71/><U80/><E87/><V42/><F42/><W36/><G36/><T22/><D79/><U121/><E31/><V105/><F105/><W19/><G19/><T110/><D110/><U107/><E121/><V76/><F76/><W98/><G98/><T96/><D96/><U72/><E72/><V84/><F21/><W130/><G23/><T63/><D63/><U60/><E132/><V67/><F67/><W48/><G47/><T69/><D69/><U74/><E74/><V45/><F46/><W62/><G62/><T115/><D43/><U78/><E107/><V127/><F127/><W1/><G130/><T81/><D81/><U73/><E73/><V13/><F2/><W68/><G1/><T85/><D85/><U120/><E120/><V128/><F128/><W61/><G68/><T90/><D38/><U39/><E39/><V8/><F8/><W117/><G117/><T4/><D113/><RYUUKYOKU ba="0,0" sc="118,-10,266,-10,264,30,352,-10" hai2="9,13,28,29,37,40,45,84,88,94,101,102,103" owari="108,-39.2,256,-14.4,294,9.4,342,44.2" /></mjloggm>