<mjloggm ver="2.3"><GO type="225" lobby="0"/><UN n0="%E5%8D%A0%E3%81%84%E5%B8%AB%E8%A3%8F%E3%81%AA%E3%81%84%E3%81%97" n1="%E5%B0%8F%E9%B3%A5%E9%81%8A%E7%B7%B4%E7%84%A1%32%31%E6%AD%B3" n2="%E6%B8%A1%E5%A4%A9%E8%97%8D" n3="%E3%81%B5%E3%81%98%E3%81%8B%E3%81%A4" dan="16,16,16,16" rate="2155.13,2163.11,2065.95,2177.43" sx="M,F,M,M"/><TAIKYOKU oya="0"/><INIT seed="0,0,0,3,0,31" ten="250,250,250,250" oya="0" hai0="12,45,55,56,120,59,125,48,95,75,124,10,6" hai1="32,43,40,16,73,101,58,28,81,17,97,108,134" hai2="37,20,15,18,57,80,49,113,114,85,39,98,13" hai3="99,133,112,30,78,111,14,60,65,50,90,69,71"/><T129/><D120/><U26/><E108/><V46/><F57/><W54/><G112/><T63/><D75/><U123/><E123/><V52/><F98/><W126/><G111/><T8/><D129/><U25/><E134/><V130/><F130/><W116/><G116/><T77/><D77/><U91/><E58/><V1/><F1/><W93/><G133/><T102/><D102/><U131/><E131/><V23/><F37/><W35/><G126/><N who="0" m="48747" /><D95/><U96/><E73/><V9/><F39/><W94/><G78/><T24/><D24/><U42/><E81/><V122/><F122/><W88/><G14/><N who="0" m="5399" /><D63/><U22/><E91/><V132/><F132/><W21/><G21/><T127/><N who="0" m="48755" /><T79/><DORA hai="38" /><D79/><U92/><REACH who="1" step="1"/><E97/><REACH who="1" ten="250,240,250,250" step="2"/><V29/><F113/><W41/><G71/><T5/><AGARI ba="0,1" hai="5,10,12,45,48,55,56,59" m="5399,48755" machi="5" ten="40,2100,0" yaku="18,1" doraHai="31,38" who="0" fromWho="0" sc="250,31,240,-7,250,-7,250,-7" /><INIT seed="0,1,0,3,4,121" ten="281,233,243,243" oya="0" hai0="60,28,41,71,46,103,16,114,23,120,51,0,127" hai1="70,4,87,119,26,42,68,113,57,17,109,47,15" hai2="36,117,14,135,6,29,132,123,22,75,2,88,122" hai3="40,58,96,89,56,3,49,32,129,69,78,91,76"/><T10/><D114/><U45/><E113/><V124/><F75/><W126/><G32/><T86/><D120/><N who="2" m="46122" /><F88/><N who="3" m="33867" /><G69/><T21/><D127/><U53/><E119/><V59/><F59/><N who="3" m="22571" /><G3/><T67/><D103/><U54/><E4/><V73/><F73/><W55/><G126/><T82/><D28/><U11/><E26/><N who="2" m="16599" /><F36/><W24/><G129/><T25/><D21/><U130/><E130/><V93/><F93/><W81/><G24/><T12/><D0/><U85/><E68/><V74/><F74/><W128/><G128/><T7/><D25/><U30/><E70/><V105/><F105/><W77/><G40/><T79/><REACH who="0" step="1"/><D23/><REACH who="0" ten="271,233,243,243" step="2"/><U97/><E30/><V100/><F100/><W107/><G96/><T98/><D98/><U125/><E97/><V92/><F124/><W27/><G27/><T90/><D90/><U9/><E125/><V115/><F115/><W8/><G107/><T106/><D106/><U35/><E35/><V1/><F1/><W134/><G8/><T102/><D102/><U31/><E31/><V104/><F104/><W5/><G78/><T112/><D112/><U19/><E9/><N who="2" m="4407" /><F2/><W13/><G76/><T95/><D95/><U110/><E11/><V48/><F92/><W65/><G77/><T43/><D43/><U50/><E42/><V20/><F20/><W99/><G99/><T64/><D64/><U39/><E15/><V101/><F101/><W52/><G65/><T133/><D133/><N who="2" m="51274" /><F117/><W108/><G134/><T118/><D118/><U116/><E116/><V33/><F33/><W34/><G34/><T131/><D131/><U61/><E53/><RYUUKYOKU ba="1,1" sc="271,15,233,-15,243,15,243,-15" hai0="7,10,12,16,41,46,51,60,67,71,79,82,86" hai2="48" /><INIT seed="0,2,1,4,2,120" ten="286,218,258,228" oya="0" hai0="26,125,37,14,86,76,116,77,106,119,73,81,53" hai1="123,59,103,60,27,19,65,29,111,90,91,42,55" hai2="20,22,18,70,72,4,6,17,9,24,0,128,82" hai3="13,80,52,109,30,87,118,132,68,93,96,33,107"/><T84/><D37/><U38/><E123/><V15/><F70/><W47/><G118/><T2/><D2/><U36/><E103/><V25/><F82/><W78/><G68/><T64/><D64/><U105/><E105/><V98/><F98/><W71/><G71/><T54/><D106/><U114/><E114/><V129/><F72/><W23/><G107/><T44/><D125/><U41/><E19/><V28/><REACH who="2" step="1"/><F4/><REACH who="2" ten="286,218,248,228" step="2"/><W79/><G96/><T21/><D81/><U50/><E36/><V104/><F104/><W92/><G80/><T35/><D73/><U67/><E38/><V101/><F101/><W121/><G121/><T8/><D84/><U32/><E91/><V130/><F130/><W75/><G87/><T62/><D86/><U113/><E90/><V117/><F117/><W102/><G75/><T127/><D119/><U11/><E113/><V61/><F61/><W39/><G102/><T88/><D62/><U5/><E60/><V48/><F48/><W112/><G39/><T115/><D116/><U69/><E69/><V83/><F83/><W34/><G112/><T94/><D115/><U49/><E49/><V89/><F89/><W131/><G131/><T10/><D88/><U135/><E5/><V108/><F108/><W7/><G109/><T46/><D77/><U58/><E111/><V43/><F43/><W122/><G79/><T133/><D76/><U63/><E41/><V99/><F99/><W134/><G78/><T16/><D94/><U51/><E42/><V66/><F66/><W31/><G93/><T95/><D95/><U85/><E67/><RYUUKYOKU ba="2,2" sc="286,-10,218,-10,248,30,228,-10" hai2="0,6,9,15,17,18,20,22,24,25,28,128,129" /><INIT seed="1,3,2,0,3,121" ten="276,208,278,218" oya="1" hai0="49,16,24,4,104,34,63,91,129,36,127,30,128" hai1="72,98,27,135,19,2,47,117,125,92,77,112,96" hai2="81,8,79,18,89,0,58,65,106,10,15,57,14" hai3="37,87,101,75,119,68,20,99,9,60,64,25,35"/><U107/><E117/><V22/><F106/><W6/><G119/><T108/><D36/><U102/><E112/><V123/><F123/><W132/><G132/><T54/><D127/><U131/><E131/><N who="0" m="50249" /><D108/><U110/><E2/><V76/><F65/><W122/><G122/><T93/><D104/><U94/><E47/><V111/><F111/><W7/><G37/><T71/><D4/><U44/><E44/><V120/><F120/><W26/><G75/><T53/><D49/><U90/><E27/><V17/><F0/><W97/><G87/><N who="0" m="52479" /><D16/><U126/><E19/><V133/><F133/><W118/><G118/><T83/><D83/><N who="1" m="45479" /><E135/><V21/><F89/><W43/><G43/><T55/><D71/><U42/><E42/><V28/><F81/><W59/><G68/><T11/><D11/><U69/><E69/><V39/><F39/><W41/><G41/><T38/><D38/><U115/><E115/><V50/><F50/><W130/><G9/><T61/><AGARI ba="3,2" hai="24,30,34,53,54,55,61,63" m="52479,50249" machi="61" ten="40,1500,0" yaku="19,1" doraHai="121" who="0" fromWho="0" sc="276,44,208,-10,278,-7,218,-7" /><INIT seed="2,0,0,0,5,45" ten="320,198,271,211" oya="2" hai0="60,28,131,57,124,111,23,127,58,7,85,77,63" hai1="39,59,29,31,18,132,97,6,81,116,65,118,66" hai2="128,11,1,69,78,86,135,30,4,98,53,121,115" hai3="68,16,34,20,88,64,84,99,42,46,103,8,73"/><V24/><F115/><W109/><G73/><T38/><D38/><U71/><E39/><V47/><F121/><W100/><G34/><T113/><D113/><U41/><E41/><V17/><F69/><W15/><G109/><T105/><D105/><U52/><E71/><V50/><F128/><W14/><G68/><T33/><D33/><U107/><E6/><V80/><F135/><W122/><G64/><T93/><D7/><U83/><E132/><V44/><F98/><W87/><G122/><T35/><D35/><U117/><E18/><V26/><F17/><W22/><G84/><T79/><D111/><U119/><N who="1" m="29696" /><DORA hai="3" /><U114/><E114/><V130/><F130/><W32/><G32/><T56/><D93/><U110/><E110/><V104/><F104/><W108/><G108/><T36/><D36/><U70/><E70/><V27/><REACH who="2" step="1"/><F44/><REACH who="2" ten="320,198,261,211" step="2"/><W12/><G99/><T126/><D131/><U76/><E97/><V120/><F120/><W0/><G103/><T19/><D19/><U10/><E107/><V96/><F96/><W94/><G100/><T37/><D126/><U133/><E133/><V13/><F13/><W21/><REACH who="3" step="1"/><G0/><REACH who="3" ten="320,198,261,201" step="2"/><T43/><D127/><U67/><E10/><V49/><F49/><AGARI ba="0,2" hai="8,12,14,15,16,20,21,22,42,46,49,87,88,94" machi="49" ten="40,16000,3" yaku="1,1,2,1,8,1,52,1,54,2,53,3" doraHai="45,3" doraHaiUra="9,123" who="3" fromWho="2" sc="320,0,198,0,261,-160,201,180" /><INIT seed="3,0,0,0,3,116" ten="320,198,101,381" oya="3" hai0="20,104,73,75,61,56,79,24,17,84,14,30,3" hai1="83,69,26,85,92,54,0,132,117,66,16,86,112" hai2="134,100,101,90,35,81,53,48,57,106,128,97,15" hai3="41,52,94,71,126,21,12,93,74,7,82,119,76"/><W44/><G119/><T122/><D104/><U107/><E107/><V80/><F35/><W96/><G126/><T115/><D115/><U49/><E0/><V23/><F128/><W6/><G71/><T129/><D3/><U123/><E112/><V38/><F134/><W42/><G94/><T105/><D105/><U135/><E92/><V25/><F38/><W111/><G41/><T110/><D110/><U32/><E86/><V39/><F39/><W95/><G52/><T8/><D129/><U28/><E66/><V118/><F118/><W9/><G95/><T63/><D63/><U37/><E69/><V113/><F113/><W124/><G21/><T108/><D108/><U13/><E37/><V87/><F100/><W11/><G124/><T33/><D84/><U133/><E117/><V68/><F68/><W45/><G42/><T47/><D47/><U125/><E125/><V10/><F81/><W65/><G65/><T114/><D114/><U78/><E133/><V31/><F106/><W18/><G111/><T43/><D43/><U88/><E78/><V64/><F64/><W109/><G76/><T59/><D122/><U5/><E135/><V62/><F101/><W120/><G45/><T121/><D121/><U91/><E32/><V27/><F27/><W77/><G44/><T19/><D79/><U102/><E26/><V51/><REACH who="2" step="1"/><F97/><REACH who="2" ten="320,198,91,381" step="2"/><W58/><G96/><T72/><D61/><U34/><E34/><V1/><F1/><W22/><G109/><T70/><REACH who="0" step="1"/><D70/><REACH who="0" ten="310,198,91,381" step="2"/><U36/><E132/><V103/><F103/><W4/><G77/><T55/><D55/><RYUUKYOKU ba="0,2" sc="310,15,198,-15,91,15,381,-15" hai0="8,14,17,19,20,24,30,33,56,59,72,73,75" hai2="10,15,23,25,31,48,51,53,57,62,80,87,90" owari="325,12.5,183,-21.7,106,-39.4,386,48.6" /></mjloggm>