<mjloggm ver="2.3"><GO type="225" lobby="0"/><UN n0="%E8%90%BD%E6%97%A5" n1="%E3%81%8B%E3%82%8F%E3%81%A1%E3%82%83%E3%82%93%35%38" n2="%6D%75%75%73%61%6E%6D%75" n3="%E5%A4%9C%E5%85%89%E5%A4%A9%E6%A5%BC" dan="17,16,16,16" rate="2201.90,2156.65,2118.58,2068.06" sx="F,M,F,F"/><TAIKYOKU oya="0"/><INIT seed="0,0,0,4,0,77" ten="250,250,250,250" oya="0" hai0="51,33,1,2,73,57,93,109,13,10,107,117,74" hai1="16,108,28,12,46,102,23,37,116,38,54,65,129" hai2="99,45,76,31,14,90,101,92,133,22,80,26,114" hai3="8,122,60,112,21,24,39,42,32,5,40,128,84"/><T66/><D117/><U85/><E116/><V78/><F114/><W127/><G112/><T86/><D107/><U69/><E108/><V115/><F115/><W79/><G32/><T52/><D33/><U130/><E102/><V88/><F133/><W19/><G39/><N who="1" m="14858" /><E28/><V15/><F45/><W106/><G106/><T4/><D109/><U67/><E69/><V25/><F25/><W49/><G122/><T18/><D66/><U89/><E54/><V11/><F14/><N who="3" m="5391" /><G60/><T132/><D132/><U123/><E46/><V72/><REACH who="2" step="1"/><F78/><REACH who="2" ten="250,250,240,250" step="2"/><W47/><G128/><N who="1" m="49258" /><E123/><V63/><F63/><W29/><G127/><T94/><D1/><U131/><E131/><V64/><F64/><W87/><G79/><T20/><REACH who="0" step="1"/><D94/><AGARI ba="0,1" hai="12,16,23,65,67,85,89,94" m="49258,14858" machi="94" ten="30,2000,0" yaku="19,1,54,1" doraHai="77" who="1" fromWho="0" sc="250,-20,250,30,240,0,250,0" /><INIT seed="1,0,0,0,3,129" ten="230,280,240,250" oya="1" hai0="12,46,1,131,98,24,8,97,64,7,42,40,13" hai1="119,59,120,49,110,102,100,85,2,128,76,9,135" hai2="106,5,132,6,89,56,112,26,108,101,57,92,41" hai3="81,111,86,66,124,16,51,31,117,84,44,91,130"/><U99/><E120/><V79/><F108/><W58/><G111/><T52/><D131/><U34/><E119/><V95/><F112/><W29/><G130/><T63/><D1/><U93/><E128/><V105/><F79/><W127/><G117/><T83/><D24/><U69/><E34/><V32/><F41/><N who="3" m="24975" /><G16/><T74/><D13/><U47/><E69/><V50/><F101/><W60/><G84/><T134/><D134/><U123/><E110/><V68/><F68/><W28/><G28/><T70/><D42/><U80/><E123/><V94/><F89/><W39/><G39/><T82/><D52/><U22/><E102/><V125/><F125/><N who="3" m="48203" /><G29/><T55/><D55/><U35/><E100/><V114/><F114/><W96/><G31/><T23/><D23/><U11/><E22/><V20/><F32/><W71/><G96/><T53/><D53/><U67/><E99/><V122/><F122/><W54/><G54/><T30/><D30/><U88/><E35/><V43/><F43/><W113/><G113/><T87/><D74/><U25/><E25/><V133/><F50/><W27/><G27/><T14/><D14/><U48/><E48/><V36/><F36/><W33/><G33/><T107/><D107/><N who="2" m="40970" /><F20/><W116/><G116/><T121/><D121/><U4/><E49/><V45/><F26/><W109/><G109/><T61/><D61/><U103/><E103/><V77/><F45/><W115/><G115/><T75/><D75/><U21/><E47/><V78/><F5/><W72/><G72/><T15/><D15/><U38/><E4/><V104/><F6/><RYUUKYOKU ba="0,0" sc="230,-10,280,-10,240,-10,250,30" hai3="58,60,66,71,81,86,91" /><INIT seed="2,1,0,3,4,2" ten="220,270,230,280" oya="2" hai0="71,96,5,130,135,88,55,97,0,36,83,123,107" hai1="21,28,34,103,108,131,23,42,57,61,41,133,129" hai2="70,120,111,44,31,48,109,47,26,90,54,45,115" hai3="16,63,117,12,69,82,84,91,30,14,65,52,17"/><V64/><F115/><W114/><G117/><T22/><D123/><U8/><E108/><N who="2" m="41547" /><F120/><W94/><G114/><T119/><D71/><U35/><E103/><V92/><F64/><W6/><G30/><T39/><D119/><U60/><E8/><V46/><F70/><W11/><G14/><T81/><D107/><U43/><E57/><V93/><F90/><W100/><G52/><T24/><D130/><N who="1" m="49675" /><E28/><V51/><F51/><W33/><G33/><AGARI ba="1,0" hai="26,31,33,44,45,46,47,48,54,92,93" m="41547" machi="33" ten="30,2900,0" yaku="14,1,10,1" doraHai="2" who="2" fromWho="3" sc="220,0,270,0,230,32,280,-32" /><INIT seed="2,2,0,1,0,84" ten="220,270,262,248" oya="2" hai0="86,88,20,119,111,116,7,52,46,130,73,79,53" hai1="31,23,34,95,33,56,108,49,9,128,121,131,18" hai2="82,126,72,15,129,83,30,123,17,67,115,27,62" hai3="24,66,28,134,38,51,45,125,70,13,104,132,5"/><V133/><F115/><W71/><G104/><T1/><D111/><U127/><E108/><V103/><F123/><W124/><G38/><T58/><D130/><N who="1" m="49707" /><E121/><V4/><F129/><W96/><G5/><T135/><D135/><N who="3" m="51753" /><G13/><T60/><D79/><U0/><E127/><N who="3" m="48714" /><G96/><T112/><D73/><U117/><E117/><N who="0" m="45129" /><D112/><U87/><E31/><V6/><F126/><W93/><G93/><N who="0" m="54423" /><D20/><U64/><E95/><V57/><F133/><W69/><G24/><T80/><D80/><U97/><E97/><V100/><F72/><W85/><G28/><T98/><D98/><U54/><E87/><V63/><F30/><W107/><G85/><T22/><D22/><U74/><E74/><V91/><F27/><W12/><G12/><T59/><D46/><N who="1" m="27959" /><E0/><V120/><F120/><W105/><G105/><T89/><D89/><U26/><E9/><V55/><F91/><W109/><G107/><T47/><D47/><U3/><E3/><V106/><F106/><W90/><G109/><T32/><D32/><U77/><E77/><V43/><F82/><W16/><G90/><T10/><D59/><U11/><E11/><N who="2" m="6399" /><F83/><W94/><G94/><T44/><D44/><U118/><E118/><V75/><F75/><W39/><G39/><T19/><D19/><U35/><E35/><V102/><F4/><W36/><G16/><T2/><D2/><U76/><E76/><V37/><F6/><W8/><G36/><T122/><D122/><U25/><E25/><V40/><F37/><W68/><N who="3" m="17408" /><DORA hai="101" /><W41/><G8/><T48/><D48/><U114/><E114/><V81/><F81/><RYUUKYOKU ba="2,0" sc="220,0,270,0,262,0,248,0" hai0="1,7,10,52,53,58,60" hai1="18,23,26,33,34,56,64" hai2="40,43,55,57,62,63,67,100,102,103" hai3="41,45,51,66" /><INIT seed="2,3,0,0,5,31" ten="220,270,262,248" oya="2" hai0="116,61,7,125,75,8,132,69,11,4,15,98,27" hai1="89,114,29,37,14,129,118,47,23,33,100,56,3" hai2="55,65,57,123,39,135,77,126,128,6,82,86,119" hai3="94,34,30,83,108,36,51,58,81,97,102,59,88"/><V131/><F119/><W60/><G36/><T64/><D125/><U32/><E3/><V44/><F123/><W18/><G108/><T74/><D132/><U92/><E118/><V0/><F126/><W91/><G30/><T79/><D116/><U113/><E100/><V130/><F135/><W45/><G34/><N who="1" m="13418" /><E56/><N who="3" m="21546" /><G60/><T35/><D79/><U70/><E47/><V117/><F117/><W80/><G18/><T78/><D78/><U43/><E43/><AGARI ba="3,0" hai="43,45,51,80,81,83,88,91,94,97,102" m="21546" machi="43" ten="30,2000,0" yaku="8,1,54,1" doraHai="31" who="3" fromWho="1" sc="220,0,270,-29,262,0,248,29" /><INIT seed="3,0,0,1,1,81" ten="220,241,262,277" oya="3" hai0="3,83,120,5,42,108,72,89,46,26,58,125,85" hai1="31,23,79,133,66,34,17,134,122,75,28,96,15" hai2="14,53,57,123,59,113,27,13,84,25,62,67,76" hai3="94,18,68,0,50,37,77,52,126,112,39,70,44"/><W73/><G112/><T105/><D120/><U51/><E66/><V64/><F113/><W6/><G0/><T2/><D108/><U129/><E79/><V8/><F123/><W97/><G6/><T4/><D125/><U54/><E75/><V131/><F131/><W101/><G126/><T114/><D114/><U100/><E122/><V124/><F124/><W91/><G73/><T116/><D116/><U106/><E129/><V93/><F64/><W86/><G77/><T41/><D105/><U115/><E115/><V103/><F103/><W117/><G117/><T109/><D109/><U98/><E98/><V11/><F11/><W92/><REACH who="3" step="1"/><G18/><REACH who="3" ten="220,241,262,267" step="2"/><T16/><D72/><U60/><E17/><V74/><F76/><W38/><AGARI ba="0,1" hai="37,38,39,44,50,52,68,70,86,91,92,94,97,101" machi="38" ten="30,12000,1" yaku="1,1,2,1,0,1,52,1,54,1,53,0" doraHai="81" doraHaiUra="128" who="3" fromWho="3" sc="220,-40,241,-40,262,-40,267,130" owari="180,-32.0,201,-19.9,222,2.2,397,49.7" /></mjloggm>