<mjloggm ver="2.3"><GO type="225" lobby="0"/><UN n0="%E3%81%82%E3%82%93%E3%81%AA%E3%81%A4" n1="%74%61%6B%65%2D%79%6F%75" n2="%E3%81%95%E3%81%8D%E3%81%9F%E3%81%BE%E6%9E%97%E6%AA%8E" n3="%E3%81%A9%E3%82%8F%E3%82%93%E3%81%94" dan="16,16,16,16" rate="2110.23,2194.70,2153.91,2229.31" sx="M,M,M,M"/><TAIKYOKU oya="0"/><INIT seed="0,0,0,3,4,129" ten="250,250,250,250" oya="0" hai0="30,32,123,54,127,33,73,110,94,62,108,113,97" hai1="63,119,67,134,19,39,69,80,59,77,3,56,81" hai2="100,22,99,2,8,0,105,82,107,50,24,120,44" hai3="51,46,21,75,26,9,135,52,18,102,55,43,109"/><T116/><D113/><U111/><E119/><V5/><F120/><W13/><G109/><N who="0" m="42091" /><D116/><U87/><E111/><V65/><F65/><W115/><G115/><T7/><D123/><U133/><E39/><V4/><F107/><W121/><G75/><T58/><D127/><U104/><E104/><V90/><F82/><W71/><G121/><T131/><D131/><U86/><E3/><V74/><F74/><W40/><G71/><T96/><D73/><U68/><E19/><V37/><F37/><W25/><G135/><N who="1" m="51722" /><E68/><V36/><F36/><W95/><G43/><T72/><D72/><U20/><E20/><V47/><F90/><AGARI ba="0,0" hai="56,59,63,67,69,77,80,81,86,87,90" m="51722" machi="90" ten="30,7700,0" yaku="20,1,52,3" doraHai="129" who="1" fromWho="2" sc="250,0,250,77,250,-77,250,0" /><INIT seed="1,0,0,5,1,62" ten="250,327,173,250" oya="1" hai0="121,47,58,30,38,75,74,23,114,24,3,106,107" hai1="0,83,81,128,125,56,70,10,93,122,76,20,84" hai2="12,61,94,36,115,60,97,51,78,112,80,130,32" hai3="126,55,40,105,87,101,117,9,27,49,33,48,52"/><U13/><E122/><V104/><F104/><W31/><G126/><T25/><D114/><N who="2" m="43562" /><F32/><W7/><G117/><T133/><D3/><U17/><E125/><V89/><F36/><W73/><G73/><T34/><D121/><U68/><E128/><V99/><F99/><W118/><G118/><T41/><D133/><U54/><E93/><V8/><F51/><W64/><G105/><T98/><D107/><U103/><E103/><V43/><F43/><W11/><G101/><T108/><D108/><U1/><E83/><V67/><F130/><W59/><G7/><T91/><D58/><U127/><E127/><V85/><F60/><W2/><G2/><T90/><D106/><U109/><E109/><V66/><F61/><W123/><G40/><T119/><D119/><U95/><E95/><V88/><F78/><W102/><G102/><T15/><D98/><U37/><E37/><V129/><F129/><W134/><G134/><T53/><D34/><U135/><E135/><V39/><F39/><W116/><G116/><T14/><D38/><U35/><E35/><V45/><F45/><W72/><G72/><T16/><D41/><U46/><E46/><V57/><F57/><W100/><G100/><T132/><D132/><U131/><E131/><V21/><F21/><N who="3" m="15855" /><G123/><T86/><D75/><U77/><E77/><V120/><F120/><W113/><G33/><N who="0" m="20679" /><D74/><U26/><E0/><V96/><F96/><W19/><G113/><T42/><D42/><U5/><E1/><V4/><AGARI ba="0,0" hai="4,8,12,66,67,80,85,88,89,94,97" m="43562" machi="4" ten="30,7900,0" yaku="11,1,52,2,54,1" doraHai="62" who="2" fromWho="2" sc="250,-20,327,-39,173,79,250,-20" /><INIT seed="2,0,0,0,5,84" ten="230,288,252,230" oya="2" hai0="42,101,75,61,133,65,109,118,96,112,103,43,55" hai1="67,44,23,59,48,50,63,119,13,56,26,127,89" hai2="0,83,51,81,70,28,120,17,126,108,115,98,36" hai3="14,78,31,100,125,117,30,62,131,128,64,124,37"/><V34/><F115/><W47/><G117/><T105/><D112/><U116/><E127/><N who="3" m="48714" /><G78/><T122/><D122/><U87/><E13/><V79/><F126/><W73/><G73/><T90/><D75/><U97/><E97/><V82/><F36/><W94/><G14/><T11/><D118/><U72/><E72/><V21/><F70/><N who="3" m="42263" /><G100/><T9/><D109/><U129/><E116/><V15/><F120/><W24/><G94/><N who="0" m="56407" /><D105/><U7/><E119/><V40/><F0/><W52/><G52/><T60/><D65/><U71/><E67/><V95/><F108/><W3/><G3/><T45/><D133/><U4/><E4/><V12/><F12/><W16/><G16/><T74/><D74/><U33/><E7/><V102/><F79/><W54/><G54/><T134/><D134/><U130/><E130/><N who="3" m="49706" /><G24/><T66/><D66/><U35/><E26/><V123/><F123/><W132/><G132/><T8/><D55/><U77/><E77/><V69/><F69/><W106/><G106/><T86/><D101/><U99/><E71/><V39/><F102/><W27/><G27/><T25/><D25/><U92/><E129/><V85/><F15/><W32/><G32/><T104/><D103/><U46/><E33/><V19/><F34/><W49/><G49/><N who="0" m="26807" /><D104/><U53/><E35/><V41/><F51/><W88/><G88/><T20/><D20/><U5/><E23/><V121/><F21/><W113/><G113/><T58/><D43/><AGARI ba="0,0" hai="30,31,37,43,47" m="49706,42263,48714" machi="43" ten="30,2000,0" yaku="18,1,19,1" doraHai="84" who="3" fromWho="0" sc="230,-20,288,0,252,0,230,20" /><INIT seed="3,0,0,3,0,65" ten="210,288,252,250" oya="3" hai0="43,77,50,53,98,96,87,52,110,121,105,102,83" hai1="80,18,84,109,17,0,12,118,37,41,78,131,68" hai2="91,106,28,111,7,70,72,6,57,82,14,92,86" hai3="95,22,4,124,51,9,101,31,21,135,69,32,108"/><W133/><G124/><T2/><D121/><U128/><E109/><V103/><F111/><W115/><G108/><T74/><D110/><U42/><E118/><V104/><F104/><W107/><G107/><T60/><D2/><U85/><E0/><V71/><F57/><W23/><G115/><T132/><D132/><N who="3" m="50761" /><G51/><T3/><D3/><U47/><E41/><V123/><F123/><W1/><G69/><N who="2" m="26121" /><F14/><W100/><G95/><T62/><D98/><U127/><E68/><V40/><F40/><W10/><G10/><T63/><REACH who="0" step="1"/><D74/><REACH who="0" ten="200,288,252,250" step="2"/><U27/><E127/><V13/><F72/><W45/><G45/><AGARI ba="0,1" hai="43,45,50,52,53,60,62,63,77,83,87,96,102,105" machi="45" ten="40,5200,0" yaku="1,1,2,1,54,1,53,0" doraHai="65" doraHaiUra="66" who="0" fromWho="3" sc="200,62,288,0,252,0,250,-52" /><INIT seed="4,0,0,1,2,78" ten="262,288,252,198" oya="0" hai0="91,24,17,60,32,123,43,26,13,118,92,4,49" hai1="105,30,90,21,98,53,48,119,113,35,133,126,39" hai2="9,14,19,66,79,12,127,112,25,63,65,8,41" hai3="135,82,130,56,29,50,104,109,7,116,70,44,83"/><T99/><D118/><U124/><E119/><V110/><F112/><W3/><G116/><T121/><D4/><U34/><E39/><V122/><F110/><W45/><G104/><T6/><D6/><U97/><E113/><V74/><F127/><N who="1" m="48681" /><E133/><V68/><F122/><W120/><G70/><T15/><D15/><U33/><E105/><V47/><F66/><W54/><G109/><T61/><D121/><U16/><E30/><V88/><F25/><N who="0" m="9834" /><D32/><U125/><E90/><V128/><F128/><W134/><G130/><T31/><D31/><U94/><E94/><V106/><F106/><W102/><G120/><T27/><D27/><N who="1" m="14759" /><E125/><V71/><F71/><W67/><G102/><T84/><D123/><U69/><E69/><V28/><F28/><W89/><G29/><T95/><D95/><U37/><E37/><V111/><F111/><W86/><G83/><T20/><D99/><U22/><E22/><V114/><F114/><W58/><G58/><AGARI ba="0,0" hai="33,34,35,48,53,58,97,98" m="14759,48681" machi="58" ten="40,2600,0" yaku="18,1,54,1" doraHai="78" who="1" fromWho="3" sc="262,0,288,26,252,0,198,-26" owari="262,6.2,314,41.4,252,-14.8,172,-32.8" /></mjloggm>