<mjloggm ver="2.3"><GO type="225" lobby="0"/><UN n0="%E8%90%BD%E6%97%A5" n1="%E6%A0%B9%E5%85%83%E3%81%8B%E3%82%89%E5%90%B9%E3%81%A3%E9%A3%9B%E3%81%B6" n2="%E5%8D%A0%E3%81%84%E5%B8%AB%E8%A3%8F%E3%81%AA%E3%81%84%E3%81%97" n3="%E3%81%B5%E3%81%98%E3%81%8B%E3%81%A4" dan="16,17,17,17" rate="2121.81,2171.49,2215.72,2195.68" sx="F,F,M,M"/><TAIKYOKU oya="0"/><INIT seed="0,0,0,5,1,103" ten="250,250,250,250" oya="0" hai0="106,94,25,135,117,98,6,52,133,118,22,107,23" hai1="35,68,1,101,90,28,20,131,71,66,58,12,4" hai2="51,72,67,27,123,126,92,81,16,74,88,102,62" hai3="104,110,32,15,99,63,75,69,56,86,76,38,119"/><T8/><D52/><U55/><E131/><V26/><F123/><W84/><G119/><T59/><D59/><U36/><E36/><V44/><F126/><W120/><G110/><T128/><D128/><U53/><E101/><V54/><F102/><N who="3" m="62559" /><G56/><T114/><D114/><U31/><E1/><V80/><F72/><W83/><G15/><T29/><D22/><U42/><E42/><V34/><F74/><W47/><G86/><T48/><D48/><U49/><E35/><V89/><F34/><W40/><G84/><T37/><D37/><U2/><E2/><V61/><F26/><W112/><G112/><T121/><D121/><U14/><E90/><N who="2" m="34923" /><F92/><W134/><G134/><N who="0" m="51211" /><D94/><U91/><E71/><V50/><F50/><W30/><G120/><T39/><D39/><U77/><E68/><V43/><F43/><W46/><G46/><T60/><D60/><N who="2" m="23146" /><F67/><N who="3" m="41215" /><G30/><T70/><D70/><U127/><E66/><V11/><F11/><W129/><G129/><T33/><D23/><AGARI ba="0,0" hai="16,23,27,44,51,54,80,81" m="23146,34923" machi="23" ten="30,3900,0" yaku="8,1,54,2" doraHai="103" who="2" fromWho="0" sc="250,-39,250,0,250,39,250,0" /><INIT seed="1,0,0,1,1,3" ten="211,250,289,250" oya="1" hai0="134,98,10,75,128,119,82,52,69,43,53,18,19" hai1="66,22,28,135,35,103,5,4,77,23,106,55,81" hai2="49,20,30,85,32,21,7,68,133,129,92,112,46" hai3="2,39,9,118,84,87,64,56,36,16,104,42,107"/><U127/><E35/><V62/><F32/><W70/><G118/><T123/><D119/><U97/><E127/><V61/><F133/><W116/><G116/><T89/><D134/><U99/><E135/><V101/><F129/><W108/><G70/><T12/><D128/><U74/><E66/><V120/><F120/><W102/><G108/><T0/><D123/><U41/><E41/><V38/><F38/><W96/><G107/><T117/><D117/><U59/><E99/><V58/><F68/><W109/><G109/><T125/><D125/><U80/><E80/><V65/><F62/><W126/><G126/><T31/><D69/><U24/><REACH who="1" step="1"/><E23/><REACH who="1" ten="211,240,289,250" step="2"/><V6/><F20/><W95/><G42/><T94/><D43/><U37/><E37/><V79/><F21/><W72/><G39/><T131/><D131/><U44/><E44/><V14/><F46/><W63/><G36/><T29/><D0/><U105/><E105/><V17/><F65/><W34/><G34/><T71/><D71/><U50/><AGARI ba="0,1" hai="4,5,22,24,28,50,55,59,74,77,81,97,103,106" machi="50" ten="20,12000,1" yaku="1,1,0,1,7,1,52,2,53,0" doraHai="3" doraHaiUra="15" who="1" fromWho="1" sc="211,-40,240,130,289,-40,250,-40" /><INIT seed="1,1,0,0,0,41" ten="171,370,249,210" oya="1" hai0="101,14,48,59,58,46,84,97,55,33,92,70,102" hai1="82,112,123,68,40,30,20,64,117,96,113,32,47" hai2="129,130,99,74,53,7,43,62,18,0,65,25,110" hai3="60,52,57,66,77,15,27,85,34,63,94,115,75"/><U72/><E117/><V54/><F110/><W135/><G115/><T21/><D70/><U87/><E20/><N who="2" m="13463" /><F74/><W3/><G3/><T45/><D33/><U91/><E123/><V31/><F31/><W17/><G135/><T8/><D21/><U19/><E72/><V69/><F99/><W71/><G75/><T11/><D11/><U49/><E19/><V111/><F111/><W95/><G34/><T28/><D28/><U61/><REACH who="1" step="1"/><E96/><REACH who="1" ten="171,360,249,210" step="2"/><V89/><F130/><W132/><G132/><T122/><D122/><U12/><E12/><V126/><F129/><W118/><G27/><AGARI ba="1,1" hai="27,30,32,40,47,49,61,64,68,82,87,91,112,113" machi="27" ten="40,7700,0" yaku="1,1,52,1,53,1" doraHai="41" doraHaiUra="26" who="1" fromWho="3" sc="171,0,360,90,249,0,210,-80" /><INIT seed="1,2,0,0,3,52" ten="171,450,249,130" oya="1" hai0="76,84,8,66,85,126,13,54,59,125,61,91,10" hai1="32,30,112,26,23,103,35,58,83,96,131,130,18" hai2="101,82,16,9,81,90,79,37,4,124,122,53,11" hai3="64,27,71,33,104,34,94,15,102,80,5,128,88"/><U109/><E112/><V55/><F122/><W69/><G128/><N who="1" m="49194" /><E83/><V129/><F124/><N who="0" m="47722" /><D76/><U120/><E120/><V95/><F37/><W48/><G80/><N who="0" m="49543" /><D85/><U117/><E117/><V72/><F129/><W78/><G78/><T73/><D73/><U19/><E96/><V57/><F81/><W135/><G135/><T20/><D20/><N who="1" m="15687" /><E103/><V62/><F101/><W60/><G102/><T38/><D38/><U28/><E58/><V134/><F134/><W46/><G104/><T51/><D13/><N who="1" m="9679" /><E28/><V114/><F114/><W63/><G71/><AGARI ba="2,0" hai="8,10,51,54,59,61,66,71" m="49543,47722" machi="71" ten="30,2000,0" yaku="18,1,52,1" doraHai="52" who="0" fromWho="3" sc="171,26,450,0,249,0,130,-26" /><INIT seed="2,0,0,3,4,68" ten="197,450,249,104" oya="2" hai0="82,119,57,52,0,2,4,6,37,79,43,71,133" hai1="26,22,63,91,99,132,58,112,50,125,110,27,90" hai2="81,30,130,77,14,129,94,75,1,5,106,17,103" hai3="42,59,12,100,66,122,87,44,121,34,113,89,116"/><V105/><F30/><W128/><G116/><T60/><D119/><U8/><E110/><V120/><F5/><W40/><G113/><T85/><D133/><U48/><E112/><V16/><F1/><W114/><G128/><N who="2" m="49257" /><F120/><W13/><G114/><T31/><D31/><N who="1" m="17879" /><E125/><V73/><F73/><W93/><G34/><T70/><D6/><U10/><E27/><V134/><F134/><W84/><G100/><T96/><D96/><U124/><E124/><V3/><F3/><W56/><G66/><T86/><D86/><U115/><E115/><V107/><F14/><W62/><G62/><T55/><D55/><N who="1" m="34271" /><E132/><V11/><F11/><N who="1" m="4137" /><E91/><V24/><F24/><W18/><G89/><T32/><D32/><U135/><E135/><V46/><F46/><W102/><G102/><T35/><D35/><U64/><E64/><V78/><F78/><W53/><G44/><N who="0" m="23663" /><D71/><U38/><E38/><V131/><N who="2" m="49265" /><V72/><DORA hai="41" /><F72/><W117/><G117/><T9/><D9/><U20/><E20/><V111/><F111/><W95/><REACH who="3" step="1"/><G53/><REACH who="3" ten="197,450,249,94" step="2"/><T33/><D33/><U104/><E104/><V109/><F109/><W15/><G15/><T76/><D4/><U67/><E67/><V25/><F25/><W83/><G83/><T108/><D108/><U19/><E90/><V29/><F103/><W101/><G101/><T98/><D2/><U123/><E123/><V88/><F29/><W45/><G45/><T7/><D0/><U127/><E127/><V47/><F47/><W97/><G97/><AGARI ba="0,1" hai="16,17,75,77,81,88,94,97,105,106,107" m="49265" machi="97" ten="50,9600,0" yaku="19,1,54,2" doraHai="68,41" who="2" fromWho="3" sc="197,0,450,0,249,106,94,-96" owari="197,-20.3,450,55.0,355,15.5,-2,-50.2" /></mjloggm>