<mjloggm ver="2.3"><GO type="225" lobby="0"/><UN n0="%33%74%72%65%65" n1="%E3%82%B3%E3%83%90%E3%83%AC%E3%82%A4" n2="%4C%4F%4C%49%54%41" n3="%E7%99%BD%E6%97%A5%E9%9B%AA%E8%8F%9C" dan="16,16,16,17" rate="2162.55,2129.01,2156.96,2220.07" sx="F,M,F,M"/><TAIKYOKU oya="0"/><INIT seed="0,0,0,5,4,127" ten="250,250,250,250" oya="0" hai0="98,29,55,18,114,116,13,66,27,10,124,23,117" hai1="108,131,82,93,100,74,112,67,128,42,111,113,30" hai2="63,19,48,68,115,81,76,25,79,60,38,75,43" hai3="0,99,80,72,86,32,5,41,103,94,2,36,104"/><T64/><D114/><N who="1" m="44139" /><E42/><V110/><F115/><W119/><G32/><T123/><D123/><U133/><E67/><V89/><F38/><W49/><G119/><T56/><D124/><U85/><E30/><V58/><F68/><W65/><G65/><T11/><D117/><U46/><E46/><N who="2" m="25695" /><F75/><W95/><G49/><T120/><D116/><U12/><E12/><V24/><F110/><N who="1" m="42025" /><E74/><V92/><F81/><W26/><G26/><N who="2" m="10345" /><F19/><W57/><G72/><T40/><D120/><U61/><E61/><N who="2" m="23627" /><F58/><W71/><G71/><T16/><D40/><U45/><E45/><V8/><F8/><W35/><G57/><T7/><D11/><U121/><E121/><V62/><N who="2" m="23635" /><V83/><DORA hai="107" /><F83/><W14/><G80/><T125/><D125/><U84/><E133/><V9/><F9/><W126/><G36/><T132/><D132/><U97/><E82/><V59/><F59/><W105/><G126/><T33/><D64/><U21/><E21/><V1/><F1/><W22/><G0/><T70/><D66/><U15/><E15/><V53/><F53/><W122/><G22/><T78/><D70/><U77/><E77/><V91/><F91/><W17/><G14/><T102/><D78/><U6/><E6/><V50/><F50/><W4/><G5/><T31/><D23/><U96/><E97/><AGARI ba="0,0" hai="76,79,89,92,97" m="23635,10345,25695" machi="97" ten="30,1000,0" yaku="8,1" doraHai="127,107" who="2" fromWho="1" sc="250,0,250,-10,250,10,250,0" /><INIT seed="1,0,0,0,3,81" ten="250,240,260,250" oya="1" hai0="0,132,108,121,112,40,77,65,36,117,88,28,89" hai1="131,120,103,93,98,109,105,111,58,42,94,41,66" hai2="50,95,27,128,11,126,47,91,29,86,9,19,71" hai3="64,37,7,2,43,23,61,30,8,115,127,54,79"/><U49/><E120/><V124/><F71/><W15/><G115/><T130/><D117/><U84/><E131/><V60/><F60/><W14/><G127/><N who="2" m="48681" /><F19/><W53/><G79/><T68/><D112/><U5/><E5/><V48/><F128/><W129/><G129/><T97/><D130/><U13/><E13/><V34/><F48/><W133/><G133/><T123/><D132/><U102/><E105/><V63/><F63/><W106/><G106/><T72/><D65/><U125/><E125/><V85/><F86/><W32/><G37/><T4/><D68/><U20/><E20/><V22/><F34/><W31/><G32/><T24/><D36/><U10/><E10/><V51/><F51/><W25/><G31/><T122/><D122/><U1/><E1/><V44/><F44/><W56/><G43/><AGARI ba="0,0" hai="9,11,22,27,29,43,47,50,85,91,95" m="48681" machi="43" ten="30,2000,0" yaku="18,1,52,1" doraHai="81" who="2" fromWho="3" sc="250,0,240,0,260,20,250,-20" /><INIT seed="2,0,0,1,0,23" ten="250,240,280,230" oya="2" hai0="106,14,108,3,134,91,33,80,128,53,6,118,115" hai1="117,78,60,68,7,18,9,32,16,27,74,103,119" hai2="73,116,38,50,45,127,37,26,40,111,39,31,110" hai3="95,67,25,85,129,54,65,135,34,19,130,79,107"/><V86/><F73/><W112/><G107/><T114/><D53/><U11/><E103/><V12/><F116/><W72/><G135/><T29/><D91/><U35/><E78/><V71/><F71/><W2/><G2/><T24/><D80/><U57/><E68/><V113/><F113/><N who="0" m="43018" /><D106/><U61/><E74/><V69/><F69/><W123/><G123/><T13/><D134/><U36/><E57/><V70/><F70/><W0/><G0/><T97/><D97/><U1/><E36/><V121/><F127/><W83/><G112/><T109/><D118/><U63/><E61/><V105/><F12/><N who="0" m="4714" /><D128/><N who="3" m="49257" /><G54/><T44/><D44/><U58/><E58/><V87/><F121/><W81/><G95/><T55/><D55/><U75/><E75/><V66/><F66/><W102/><G102/><T10/><AGARI ba="0,0" hai="3,6,10,24,29,33,108,109" m="4714,43018" machi="10" ten="40,5200,0" yaku="34,2,52,1" doraHai="23" who="0" fromWho="0" sc="250,52,240,-13,280,-26,230,-13" /><INIT seed="3,0,0,1,2,4" ten="302,227,254,217" oya="3" hai0="93,1,110,113,128,9,79,13,58,50,45,83,10" hai1="123,102,122,87,82,76,16,74,22,68,65,66,134" hai2="44,34,8,86,49,135,99,133,107,127,90,3,69" hai3="103,24,95,51,96,91,11,72,81,46,104,132,42"/><W73/><G132/><N who="2" m="50761" /><F34/><W85/><G24/><T19/><D110/><U131/><E134/><V117/><F69/><W55/><G11/><N who="0" m="6591" /><D1/><U27/><E131/><V57/><F117/><W20/><G20/><T116/><D116/><U111/><E111/><V119/><F119/><W77/><REACH who="3" step="1"/><G42/><REACH who="3" ten="302,227,254,207" step="2"/><N who="0" m="24887" /><D128/><U12/><E123/><V2/><F8/><W40/><G40/><T31/><D10/><N who="1" m="6167" /><E122/><V125/><F2/><W48/><G48/><T60/><D9/><U114/><E114/><V64/><F3/><W7/><G7/><T78/><D113/><U130/><E130/><V6/><F6/><W35/><G35/><T124/><D31/><U120/><E120/><V61/><F49/><W30/><G30/><T28/><D28/><U32/><E32/><V126/><F127/><W121/><G121/><T105/><D124/><U129/><E129/><V38/><F125/><W36/><G36/><T54/><D105/><U75/><E27/><V0/><F0/><W70/><G70/><T15/><D15/><U29/><E68/><V112/><F126/><W109/><G109/><T62/><D62/><U47/><E29/><V33/><F33/><W25/><G25/><T97/><D83/><U59/><E22/><V80/><F112/><W71/><G71/><T94/><D94/><U98/><E82/><V84/><F80/><W56/><G56/><T5/><D5/><U21/><E21/><V108/><F108/><W101/><G101/><AGARI ba="0,1" hai="54,58,60,78,79,93,97,101" m="24887,6591" machi="101" ten="30,2000,0" yaku="8,1,52,1" doraHai="4" who="0" fromWho="3" sc="302,30,227,0,254,0,207,-20" owari="332,43.2,227,-17.3,254,5.4,187,-31.3" /></mjloggm>