<mjloggm ver="2.3"><GO type="225" lobby="0"/><UN n0="%E9%B3%B3%E6%9D%B1%E3%81%AE%E3%81%86%E3%81%95%E3%81%8E%E3%81%95%E3%82%93" n1="%72%69%6F%75%63%68%61%6E" n2="%E8%B6%85%E7%B4%9A%E9%B3%B3%E5%87%B0" n3="%E3%82%B7%E3%83%B3%E5%A4%AA%E6%9C%97" dan="17,17,16,16" rate="2218.75,2145.90,2142.47,2199.15" sx="M,M,M,M"/><TAIKYOKU oya="0"/><INIT seed="0,0,0,0,4,53" ten="250,250,250,250" oya="0" hai0="120,78,86,41,5,46,127,116,85,77,28,68,132" hai1="52,112,125,115,31,35,90,1,119,33,110,54,111" hai2="79,100,59,17,14,36,19,60,18,83,72,61,133" hai3="40,0,99,51,62,32,49,130,13,48,107,87,106"/><T38/><D116/><U15/><E119/><V117/><F117/><W124/><G130/><T11/><D120/><U131/><E1/><V103/><F36/><W96/><G0/><T98/><D68/><U101/><E131/><V12/><F133/><W97/><G32/><N who="1" m="12362" /><E31/><V93/><F60/><W47/><G124/><T69/><D127/><U67/><E125/><V122/><F122/><W23/><G87/><T134/><D28/><U8/><E101/><V29/><F29/><W9/><G23/><T88/><D98/><U104/><E67/><V39/><F39/><W109/><G109/><N who="1" m="41482" /><E104/><V123/><F123/><W66/><G106/><T102/><D102/><U22/><E90/><V30/><F30/><W80/><G80/><N who="0" m="49223" /><D85/><U105/><E22/><V114/><F114/><N who="1" m="43561" /><E105/><V16/><N who="2" m="4096" /><DORA hai="84" /><V71/><F71/><W27/><G107/><T2/><D69/><U7/><AGARI ba="0,0" hai="7,8,15,52,54" m="43561,41482,12362" machi="7" ten="40,5200,0" yaku="14,1,11,1,54,1" doraHai="53,84" who="1" fromWho="1" sc="250,-26,250,52,250,-13,250,-13" /><INIT seed="1,0,0,5,1,56" ten="224,302,237,237" oya="1" hai0="105,83,47,17,119,76,3,111,89,54,94,85,35" hai1="7,25,114,88,115,63,123,12,23,19,87,4,6" hai2="33,122,72,13,8,10,132,78,79,1,96,91,22" hai3="108,93,116,90,134,124,58,77,57,39,67,45,18"/><U60/><E123/><V112/><F122/><W50/><G116/><T106/><D119/><U126/><E126/><V48/><F33/><W74/><G124/><T34/><D3/><U82/><REACH who="1" step="1"/><E25/><REACH who="1" ten="224,292,237,237" step="2"/><V110/><F110/><W51/><G108/><T65/><D111/><U59/><E59/><V71/><F71/><W70/><G57/><T84/><D35/><U53/><E53/><V49/><F112/><AGARI ba="0,1" hai="4,6,7,12,19,23,60,63,82,87,88,112,114,115" machi="112" ten="40,12000,1" yaku="1,1,52,2,54,1,53,0" doraHai="56" doraHaiUra="36" who="1" fromWho="2" sc="224,0,292,130,237,-120,237,0" /><INIT seed="1,1,0,1,4,47" ten="224,422,117,237" oya="1" hai0="65,106,108,62,17,9,1,123,8,25,24,130,112" hai1="21,79,109,104,26,43,59,48,36,95,88,68,61" hai2="10,53,57,66,131,117,60,14,11,70,121,120,40" hai3="122,76,71,89,54,13,38,27,129,39,67,4,87"/><U2/><E104/><V101/><F117/><W100/><G122/><T41/><D112/><U116/><E116/><V132/><F131/><W93/><G129/><T22/><D130/><U99/><E2/><V111/><F111/><W5/><G76/><T16/><D108/><U6/><E109/><V52/><F132/><W64/><G100/><T94/><D106/><U23/><E6/><V119/><F119/><W85/><G27/><T50/><D123/><U30/><E36/><V33/><F33/><W18/><G54/><T126/><D126/><U12/><E79/><V44/><F101/><W128/><G128/><T49/><D94/><U118/><E118/><V3/><F3/><W114/><G114/><T37/><D37/><U15/><E68/><V135/><F135/><W35/><G35/><T19/><D41/><U74/><E74/><V134/><F134/><W115/><G71/><T102/><D102/><U82/><E82/><V63/><F53/><W127/><G127/><T56/><D1/><U28/><E30/><V45/><F45/><W91/><G115/><T103/><D103/><U73/><E73/><V58/><F58/><W55/><G55/><T29/><D24/><U0/><E0/><V113/><F113/><W110/><G110/><T72/><D72/><U42/><E21/><V96/><F96/><W75/><G75/><T81/><D81/><U125/><E125/><V133/><F133/><W69/><G38/><T34/><D34/><U51/><E42/><V124/><F124/><W7/><G39/><T107/><D107/><U32/><E43/><V20/><F121/><RYUUKYOKU ba="1,0" sc="224,30,422,-10,117,-10,237,-10" hai0="8,9,16,17,19,22,25,29,49,50,56,62,65" /><INIT seed="2,2,0,4,1,0" ten="254,412,107,227" oya="2" hai0="14,102,63,106,78,46,44,79,22,50,54,43,105" hai1="119,111,20,10,41,62,49,36,128,95,122,45,126" hai2="4,129,60,103,17,57,29,114,75,110,61,35,99" hai3="125,120,52,18,74,27,23,26,81,1,8,84,68"/><V94/><F114/><W51/><G120/><T123/><D123/><U33/><E119/><V34/><F75/><W69/><G74/><T32/><D32/><U98/><E122/><V92/><F129/><W16/><G125/><T131/><D131/><U112/><E128/><V134/><F134/><W66/><G66/><T3/><D3/><U72/><E33/><V88/><F110/><W48/><G48/><N who="0" m="26655" /><D106/><U53/><E112/><V90/><F17/><W21/><G8/><T91/><D105/><U31/><E126/><V70/><F70/><W117/><G1/><T93/><D102/><U96/><E111/><V24/><F4/><W130/><G117/><T67/><D14/><U59/><E72/><V25/><F57/><W104/><G104/><T109/><D22/><U97/><E10/><V127/><F127/><W124/><G124/><T11/><D11/><U6/><E6/><V55/><F55/><W12/><G12/><T121/><D121/><U135/><E135/><V38/><F38/><W13/><G13/><T77/><D109/><U65/><E20/><V64/><F64/><W87/><G130/><T56/><D78/><U133/><E133/><V39/><F39/><W37/><G37/><T83/><D83/><U82/><E82/><V71/><F71/><N who="3" m="27211" /><G81/><T19/><D19/><U30/><REACH who="1" step="1"/><E95/><REACH who="1" ten="254,402,107,227" step="2"/><V118/><F118/><W113/><G113/><T115/><D115/><U9/><E9/><V2/><F2/><W85/><G23/><T132/><D132/><U7/><E7/><V101/><F29/><N who="3" m="17615" /><G27/><T80/><D80/><U86/><E86/><AGARI ba="2,1" hai="46,50,54,56,63,67,77,79,86,91,93" m="26655" machi="86" ten="30,1000,0" yaku="8,1" doraHai="0" who="0" fromWho="1" sc="254,26,402,-16,107,0,227,0" /><INIT seed="3,0,0,5,5,116" ten="280,386,107,227" oya="3" hai0="135,25,32,112,60,12,114,53,27,71,47,4,9" hai1="98,77,124,66,106,55,133,96,8,85,23,103,123" hai2="121,22,102,61,109,117,87,2,14,80,57,76,86" hai3="16,113,34,26,108,19,15,45,82,33,49,51,36"/><W120/><G113/><N who="0" m="43627" /><D135/><U83/><E123/><V100/><F117/><W90/><G108/><T42/><D32/><U39/><E133/><V29/><F2/><W1/><G1/><T59/><D71/><U69/><E124/><V11/><F109/><W28/><G120/><T105/><D105/><U18/><E39/><AGARI ba="0,0" hai="4,9,12,25,27,39,42,47,53,59,60" m="43627" machi="39" ten="30,1000,0" yaku="11,1" doraHai="116" who="0" fromWho="1" sc="280,10,386,-10,107,0,227,0" owari="290,9.0,376,47.6,107,-39.3,227,-17.3" /></mjloggm>