<mjloggm ver="2.3"><GO type="225" lobby="0"/><UN n0="%EF%BC%AE%EF%BC%A1%EF%BC%AF%33%33%39" n1="%E5%86%B7%E5%87%8D%E3%82%AE%E3%83%A7%E3%83%BC%E3%82%B6" n2="%72%69%6F%75%63%68%61%6E" n3="%E3%82%BC%E3%83%AB%E3%83%80%E3%81%AE%E4%BC%9D%E8%AA%AC" dan="17,17,16,17" rate="2159.33,2217.93,2238.39,2242.25" sx="M,M,M,M"/><TAIKYOKU oya="0"/><INIT seed="0,0,0,4,3,118" ten="250,250,250,250" oya="0" hai0="11,38,0,75,104,42,57,53,101,60,97,21,36" hai1="91,68,47,71,125,94,126,127,121,44,108,96,131" hai2="87,76,129,32,72,24,52,66,26,63,56,29,132" hai3="117,18,135,114,115,13,79,16,5,2,83,86,6"/><T93/><D75/><U81/><E108/><V3/><F129/><W31/><G117/><T34/><D34/><U15/><E131/><V69/><F132/><W23/><G135/><T4/><D42/><U20/><E121/><V40/><F3/><W100/><G31/><T33/><D33/><U7/><E81/><V119/><F119/><W78/><G78/><T110/><D110/><U67/><E67/><V64/><F72/><W105/><G18/><T46/><D46/><N who="1" m="17451" /><E20/><V61/><F40/><W134/><G134/><T27/><REACH who="0" step="1"/><D104/><REACH who="0" ten="240,250,250,250" step="2"/><U50/><E50/><V28/><F63/><W39/><G105/><T70/><D70/><U112/><E112/><V82/><F69/><W106/><G39/><T10/><D10/><AGARI ba="0,1" hai="7,10,15,68,71,91,94,96,125,126,127" m="17451" machi="10" ten="40,1300,0" yaku="18,1" doraHai="118" who="1" fromWho="0" sc="240,-13,250,23,250,0,250,0" /><INIT seed="1,0,0,1,1,38" ten="227,273,250,250" oya="1" hai0="51,66,40,130,80,39,44,93,11,98,56,109,64" hai1="14,47,6,77,135,78,103,59,121,101,49,22,108" hai2="112,3,127,18,46,15,68,60,131,104,36,84,57" hai3="106,55,105,90,114,41,96,34,69,79,119,82,94"/><U16/><E121/><V110/><F110/><W50/><G114/><T58/><D109/><U19/><E135/><V27/><F3/><W122/><G122/><T132/><D132/><U29/><E108/><V53/><F112/><W134/><G134/><T62/><D130/><U0/><E29/><V23/><F131/><W83/><G34/><T32/><D32/><U37/><E6/><V24/><F127/><W13/><G69/><T118/><D118/><U67/><E0/><V81/><F104/><W124/><G124/><T117/><D117/><U45/><E37/><V35/><F68/><W54/><G119/><T102/><D11/><U48/><E59/><V100/><F100/><W88/><G90/><T125/><D125/><U128/><E128/><V85/><F85/><W74/><G83/><T8/><D8/><U91/><E91/><V33/><F27/><W115/><G115/><T10/><D10/><U42/><E67/><V17/><F36/><W123/><G13/><T26/><D26/><U21/><REACH who="1" step="1"/><E14/><REACH who="1" ten="227,263,250,250" step="2"/><V92/><F15/><W99/><G123/><T25/><D25/><U43/><AGARI ba="0,1" hai="16,19,21,22,42,43,45,47,48,49,77,78,101,103" machi="43" ten="25,24000,3" yaku="1,1,2,1,0,1,22,2,8,1,52,2,54,1,53,0" doraHai="38" doraHaiUra="86" who="1" fromWho="1" sc="227,-80,263,250,250,-80,250,-80" /><INIT seed="1,1,0,0,4,120" ten="147,513,170,170" oya="1" hai0="12,38,91,79,102,96,78,106,56,68,33,61,132" hai1="65,52,105,134,29,124,54,85,46,118,53,81,92" hai2="87,125,86,110,45,32,30,58,10,127,73,133,15" hai3="123,93,42,122,107,34,50,126,6,72,64,67,44"/><U63/><E118/><V94/><F110/><W28/><G107/><T109/><D33/><U129/><E105/><V112/><F133/><W13/><G72/><T83/><D38/><U7/><E134/><V121/><F121/><W40/><G123/><T103/><D68/><U24/><E7/><V74/><F112/><W26/><G122/><T5/><D132/><U130/><E92/><V128/><F128/><W101/><G126/><N who="2" m="48137" /><F45/><W114/><G114/><T31/><D31/><U47/><E124/><V37/><F37/><W20/><G42/><T88/><D102/><U111/><E111/><V113/><F113/><W55/><G40/><T97/><D109/><U117/><E117/><V35/><F58/><W11/><REACH who="3" step="1"/><G34/><REACH who="3" ten="147,513,170,160" step="2"/><T75/><D96/><AGARI ba="1,1" hai="6,11,13,20,26,28,44,50,55,64,67,93,96,101" machi="96" ten="40,8000,1" yaku="1,1,2,1,8,1,53,1" doraHai="120" doraHaiUra="48" who="3" fromWho="0" sc="147,-83,513,0,170,0,160,93" /><INIT seed="2,0,0,2,3,96" ten="64,513,170,253" oya="2" hai0="126,111,100,133,46,88,70,114,120,125,22,101,1" hai1="65,53,13,128,43,90,56,2,44,8,5,28,129" hai2="118,116,108,21,115,25,59,113,74,15,130,69,102" hai3="85,121,62,12,51,17,0,31,75,80,109,19,119"/><V11/><F69/><W48/><G0/><T97/><D1/><U58/><E28/><V71/><F71/><W72/><G119/><N who="2" m="45609" /><F59/><W20/><G121/><T106/><D70/><U84/><E65/><V34/><F102/><W112/><G109/><T55/><D120/><U38/><E2/><V45/><F45/><W132/><G132/><T134/><D111/><U117/><E117/><V68/><F68/><W127/><G127/><N who="0" m="48651" /><D114/><N who="2" m="43530" /><F74/><W6/><G112/><T40/><D22/><U110/><E110/><V23/><F108/><W42/><G62/><T66/><D66/><U49/><REACH who="1" step="1"/><E56/><REACH who="1" ten="64,503,170,253" step="2"/><V3/><F3/><W29/><G29/><T67/><D67/><U92/><AGARI ba="0,1" hai="5,8,13,38,43,44,49,53,58,84,90,92,128,129" machi="92" ten="30,4000,0" yaku="1,1,2,1,0,1,53,0" doraHai="96" doraHaiUra="78" who="1" fromWho="1" sc="64,-10,503,50,170,-20,253,-10" /><INIT seed="3,0,0,5,2,131" ten="54,553,150,243" oya="3" hai0="23,73,16,15,87,81,50,9,113,99,21,112,35" hai1="96,79,20,89,97,38,3,134,103,27,109,133,95" hai2="7,6,60,10,100,98,107,104,83,68,106,117,130" hai3="4,12,105,80,11,84,17,30,26,125,25,57,45"/><W46/><G105/><T94/><D35/><U29/><E109/><V88/><F130/><W121/><G121/><T31/><D73/><U13/><E3/><V1/><F117/><W78/><G125/><T86/><D112/><U36/><E79/><V71/><F6/><W76/><G76/><T77/><D113/><U69/><E69/><V2/><F2/><W18/><G57/><T108/><D108/><U8/><E133/><V39/><F39/><W111/><G111/><T123/><D123/><U102/><E102/><V82/><F68/><W72/><G72/><T135/><D135/><U61/><E61/><V64/><REACH who="2" step="1"/><F88/><REACH who="2" ten="54,553,140,243" step="2"/><W56/><G4/><T128/><D128/><U42/><E134/><V85/><F85/><W101/><G84/><T66/><D66/><U132/><E132/><V52/><F52/><W33/><G101/><T40/><D86/><U92/><E42/><V53/><F53/><W54/><G54/><T120/><D120/><U115/><E115/><V90/><F90/><W14/><G78/><T58/><D31/><U63/><E63/><V93/><AGARI ba="0,1" hai="1,7,10,60,64,71,82,83,93,98,100,104,106,107" machi="93" ten="30,2000,0" yaku="1,1,0,1,53,0" doraHai="131" doraHaiUra="114" who="2" fromWho="2" sc="54,-5,553,-5,140,30,243,-10" owari="49,-45.1,548,64.8,170,-23.0,233,3.3" /></mjloggm>