<mjloggm ver="2.3"><GO type="225" lobby="0"/><UN n0="%E3%81%BE%E3%81%A8%E3%81%9F" n1="%E5%8F%AF%E5%85%90%E9%82%A3%E7%94%B1%E5%A4%9A" n2="%E3%83%A9%E3%82%A4%E3%83%B3%E3%81%AE%E8%99%8E" n3="%E3%81%A4%E3%81%A3%E3%81%B1%E3%82%8A%E3%83%9D%E3%83%BC%E3%83%AB" dan="16,16,16,17" rate="2120.81,2094.15,2096.22,2153.59" sx="M,F,M,M"/><TAIKYOKU oya="0"/><INIT seed="0,0,0,3,0,135" ten="250,250,250,250" oya="0" hai0="19,119,90,84,54,134,114,46,34,57,65,31,118" hai1="77,73,51,67,37,27,127,128,116,96,109,76,97" hai2="117,83,25,124,94,102,85,106,23,1,2,122,38" hai3="69,68,64,7,17,74,95,99,71,8,87,92,91"/><T93/><D114/><U98/><E37/><V29/><F122/><W52/><G74/><T59/><D134/><U123/><E123/><V47/><F106/><W0/><G17/><T18/><D31/><U50/><E116/><V49/><F38/><W58/><G64/><T82/><D34/><U131/><E109/><V129/><F129/><N who="1" m="49737" /><E67/><V24/><F117/><W36/><G36/><T55/><D65/><U81/><E77/><V22/><F124/><W125/><G125/><T75/><D46/><U120/><E120/><V30/><F94/><W45/><G45/><T16/><D75/><U121/><E121/><V5/><F102/><W101/><REACH who="3" step="1"/><G69/><REACH who="3" ten="250,250,250,240" step="2"/><T10/><D118/><U33/><E127/><V110/><F110/><W108/><G108/><T39/><D39/><U107/><E107/><V9/><F5/><W105/><G105/><T12/><D119/><U44/><E44/><V100/><F9/><W13/><G13/><T103/><D59/><U126/><E126/><V42/><REACH who="2" step="1"/><F100/><REACH who="2" ten="250,250,240,240" step="2"/><W40/><G40/><T70/><D103/><U14/><E14/><V78/><AGARI ba="0,2" hai="1,2,22,23,24,25,29,30,42,47,49,78,83,85" machi="78" ten="20,8000,1" yaku="1,1,2,1,0,1,7,1,9,1,53,0" doraHai="135" doraHaiUra="4" who="2" fromWho="2" sc="250,-40,250,-20,240,100,240,-20" /><INIT seed="1,0,0,5,5,30" ten="210,230,340,220" oya="1" hai0="95,133,94,16,25,1,71,61,121,22,9,67,29" hai1="128,83,62,0,87,80,101,84,98,112,37,53,75" hai2="11,6,38,130,124,33,51,114,92,45,123,50,69" hai3="115,110,43,40,18,88,85,13,5,44,58,82,35"/><U72/><E37/><V59/><F69/><W108/><G115/><T89/><D133/><U103/><E0/><V73/><F123/><W15/><G35/><T102/><D121/><U8/><E8/><V65/><F73/><N who="1" m="28233" /><E53/><V86/><F114/><W125/><G125/><T47/><D47/><U66/><E62/><V54/><F124/><W14/><G5/><T126/><D126/><U118/><E66/><V100/><F38/><W4/><G4/><T3/><D102/><N who="1" m="38923" /><E112/><V135/><F65/><W39/><G43/><T117/><D95/><U96/><E128/><V97/><F130/><W26/><G58/><T56/><D117/><U27/><E27/><V106/><F33/><W127/><G127/><T7/><D3/><U42/><E42/><V93/><F50/><W49/><G39/><T79/><D79/><N who="1" m="46111" /><E118/><V77/><F51/><W134/><G26/><T24/><D71/><U119/><E119/><V90/><F59/><W81/><G18/><T21/><D67/><U70/><E70/><V20/><F6/><W46/><G46/><T57/><REACH who="0" step="1"/><D61/><REACH who="0" ten="200,230,340,220" step="2"/><U12/><E12/><V91/><F45/><W113/><G113/><T122/><D122/><U10/><E10/><V19/><F11/><W78/><G134/><T23/><D23/><U36/><E36/><V31/><F20/><W17/><G14/><T104/><D104/><U32/><E32/><V76/><F106/><W105/><G105/><T131/><D131/><U64/><E64/><V52/><F135/><W132/><G132/><T48/><D48/><U99/><E83/><V63/><F63/><W74/><G13/><RYUUKYOKU ba="0,1" sc="200,10,230,10,340,-30,220,10" hai0="1,7,9,16,21,22,24,25,29,56,57,89,94" hai1="87,96,98,99" hai3="15,17,40,44,49,74,78,81,82,85,88,108,110" /><INIT seed="1,1,1,3,4,29" ten="210,240,310,230" oya="1" hai0="65,32,0,55,94,68,123,80,37,10,103,102,130" hai1="4,7,47,64,36,49,118,15,119,52,127,14,112" hai2="22,121,107,131,2,41,126,69,33,97,92,120,9" hai3="122,77,116,71,111,39,48,16,96,63,53,129,66"/><U8/><E112/><V99/><F69/><W17/><G122/><T117/><D117/><U87/><E127/><V124/><F22/><W1/><G116/><T78/><D37/><U104/><E104/><V38/><F33/><W85/><G1/><T125/><D125/><N who="2" m="48234" /><F131/><W18/><G129/><T79/><D130/><U35/><E36/><V98/><F107/><W3/><G3/><T56/><D65/><U25/><E64/><V133/><F92/><W23/><G39/><T93/><D68/><U89/><E25/><V110/><F110/><W34/><G34/><T72/><D0/><U26/><E26/><V81/><F81/><W28/><G111/><T58/><D32/><U88/><E89/><V27/><F27/><W60/><G28/><T62/><D10/><U113/><E113/><V19/><F133/><W128/><G128/><T132/><D132/><U86/><E86/><V105/><F105/><W115/><G115/><T135/><D135/><U134/><E134/><V73/><F73/><W84/><G71/><T46/><D80/><U6/><E35/><V108/><F108/><W20/><G85/><T75/><D62/><N who="3" m="23593" /><G96/><T11/><D46/><U76/><E76/><V21/><F2/><W54/><G77/><T30/><D30/><U31/><E31/><V5/><F38/><W50/><G84/><T44/><D123/><U51/><E51/><N who="3" m="19498" /><G66/><T24/><D44/><U42/><E42/><V70/><F41/><W114/><G114/><T106/><D106/><U101/><E101/><V45/><F120/><W100/><G100/><T83/><D103/><U43/><E118/><RYUUKYOKU ba="1,1" sc="210,-10,240,-10,310,-10,230,30" hai3="16,17,18,20,23,53,54" /><INIT seed="2,2,1,3,5,92" ten="200,230,300,260" oya="2" hai0="13,134,39,78,20,71,59,108,5,126,11,87,37" hai1="0,57,22,97,65,61,109,54,7,34,118,60,106" hai2="8,95,119,131,14,116,32,3,25,31,26,84,130" hai3="104,44,67,115,112,49,76,113,52,53,132,62,75"/><V40/><F40/><N who="3" m="24711" /><G104/><T68/><D126/><U63/><E118/><N who="2" m="45099" /><F95/><W79/><G132/><T123/><D108/><U98/><E34/><N who="2" m="20847" /><F84/><W55/><G75/><T105/><D134/><U82/><E109/><V128/><F3/><W90/><G90/><T56/><D105/><U80/><E106/><V12/><F8/><W35/><G35/><T41/><D123/><U43/><E43/><V27/><F27/><W6/><G6/><T2/><D39/><U91/><E0/><V83/><F83/><N who="1" m="31785" /><E7/><V33/><F33/><W127/><G127/><T85/><D78/><U74/><E74/><V38/><F38/><W133/><G133/><T4/><D85/><U121/><E121/><V110/><F110/><W99/><G99/><N who="1" m="37898" /><E65/><V70/><F70/><AGARI ba="2,1" hai="52,53,55,62,67,70,76,79,112,113,115" m="24711" machi="70" ten="40,2600,0" yaku="11,1,54,1" doraHai="92" who="3" fromWho="2" sc="200,0,230,0,300,-32,260,42" /><INIT seed="3,0,0,3,3,23" ten="200,230,268,302" oya="3" hai0="74,81,20,100,103,120,61,121,26,80,33,25,62" hai1="48,125,46,86,32,35,104,29,135,3,90,87,78" hai2="57,83,126,105,72,47,19,110,38,82,60,8,24" hai3="97,50,122,18,76,91,31,58,65,73,16,109,93"/><W70/><G122/><T119/><D74/><U36/><E104/><V101/><F110/><W127/><G109/><T79/><D20/><U30/><E3/><V51/><F38/><W131/><G70/><T15/><D15/><U124/><E36/><V117/><F72/><W128/><G127/><N who="1" m="48714" /><E78/><V28/><F117/><W98/><G31/><N who="1" m="11786" /><E87/><V6/><F19/><W12/><G98/><T44/><D44/><U5/><E5/><V102/><F126/><W43/><G18/><T71/><D71/><U89/><E89/><V84/><F105/><W17/><G17/><T53/><D53/><N who="1" m="29847" /><E135/><V114/><F102/><W9/><G76/><T132/><D79/><U34/><E34/><V133/><F101/><W1/><G1/><T95/><D33/><U4/><E4/><V42/><F133/><W94/><G73/><T7/><D7/><U118/><E118/><V88/><F83/><AGARI ba="0,0" hai="32,35,83,86,90" m="29847,11786,48714" machi="83" ten="30,1000,0" yaku="18,1" doraHai="23" who="1" fromWho="2" sc="200,0,230,10,268,-10,302,0" owari="200,-30.0,240,-16.0,258,5.8,302,40.2" /></mjloggm>