<mjloggm ver="2.3"><GO type="225" lobby="0"/><UN n0="%E6%A1%9C%E8%8A%B1%E9%96%83%E3%80%85" n1="%72%69%6F%75%63%68%61%6E" n2="%E5%8F%AF%E5%85%90%E9%82%A3%E7%94%B1%E5%A4%9A" n3="%E3%81%82%E3%81%99%E3%81%AB%E3%82%83%E3%82%80" dan="16,16,16,16" rate="2075.44,2183.25,2198.07,2109.54" sx="M,M,F,F"/><TAIKYOKU oya="0"/><INIT seed="0,0,0,0,4,19" ten="250,250,250,250" oya="0" hai0="86,40,67,83,42,33,98,52,20,121,112,55,27" hai1="51,87,28,4,7,100,32,117,31,114,77,88,73" hai2="97,92,113,25,9,96,29,129,94,56,93,134,36" hai3="107,85,60,37,111,78,62,109,90,2,10,18,21"/><T17/><D112/><U108/><E117/><V66/><F113/><W122/><G37/><T128/><D121/><U8/><E114/><V106/><F36/><W81/><G107/><T103/><D128/><U126/><E108/><N who="3" m="41546" /><G122/><T71/><D33/><U79/><E126/><V6/><F129/><W63/><G2/><T54/><D67/><U76/><E100/><V44/><F134/><W65/><G10/><T38/><D71/><U48/><E73/><V99/><F106/><W23/><G65/><T130/><D38/><U22/><E32/><V64/><F44/><W1/><G1/><T115/><D130/><U104/><E104/><V30/><F56/><W118/><G118/><T15/><D15/><N who="1" m="5511" /><E7/><V26/><F9/><W119/><G119/><T131/><D131/><U53/><E22/><N who="3" m="8202" /><G18/><T133/><D133/><U125/><E125/><V120/><F120/><W3/><G3/><T70/><D70/><U43/><E43/><N who="0" m="16425" /><D115/><U12/><E12/><V69/><F6/><W45/><G45/><T68/><D68/><U41/><E41/><V0/><F0/><W84/><G60/><T132/><D132/><U91/><E48/><V101/><F69/><W13/><G13/><T49/><D49/><U95/><E51/><V50/><F50/><W11/><G11/><T102/><D55/><U80/><E53/><V14/><F14/><W110/><N who="3" m="41554" /><W35/><DORA hai="59" /><G35/><T34/><D34/><U89/><E95/><AGARI ba="0,0" hai="62,63,78,81,84,85,90,95" m="8202,41554" machi="95" ten="40,12000,2" yaku="14,1,52,5" doraHai="19,59" who="3" fromWho="1" sc="250,0,250,-120,250,0,250,120" /><INIT seed="1,0,0,0,5,19" ten="250,130,250,370" oya="1" hai0="27,131,37,65,13,41,59,28,73,67,108,70,0" hai1="112,14,117,128,83,133,51,72,90,12,88,89,46" hai2="82,26,29,118,10,32,40,24,121,114,102,77,91" hai3="124,52,45,111,78,34,2,71,50,123,9,4,74"/><U6/><E112/><V100/><F118/><W47/><G123/><T80/><D13/><U66/><E117/><V134/><F121/><W48/><G111/><T54/><D108/><U56/><E128/><V63/><F114/><W30/><G71/><T31/><D31/><U113/><E113/><V16/><F134/><W135/><G135/><T125/><D125/><U8/><E133/><V127/><F127/><W94/><G124/><T15/><D15/><N who="1" m="5527" /><E72/><V57/><F40/><W42/><G94/><T85/><D67/><U60/><E83/><V17/><F91/><N who="1" m="23297" /><U39/><DORA hai="68" /><E39/><V98/><F10/><W62/><G74/><T96/><D65/><U21/><E21/><V129/><F129/><W44/><G78/><T3/><D3/><U7/><E7/><V38/><F38/><W126/><G126/><T61/><D0/><U18/><E18/><V109/><F109/><W35/><G30/><T79/><D70/><U49/><E49/><V104/><F24/><W101/><G34/><T5/><D5/><U130/><E130/><V22/><F32/><W120/><G35/><T122/><D73/><U69/><E69/><V116/><F116/><W76/><G120/><T132/><D131/><U110/><E110/><V81/><F81/><W25/><G25/><T107/><D132/><U84/><E84/><N who="2" m="48207" /><F17/><W75/><G75/><T53/><D122/><U92/><E92/><V33/><F16/><W1/><G4/><T115/><D115/><U23/><E23/><V86/><F33/><W119/><G119/><T105/><D37/><U55/><AGARI ba="0,0" hai="12,14,46,51,55,56,60,66" m="23297,5527" machi="55" ten="30,3000,0" yaku="8,1,54,1" doraHai="19,68" who="1" fromWho="1" sc="250,-10,130,30,250,-10,370,-10" /><INIT seed="1,1,0,4,2,124" ten="240,160,240,360" oya="1" hai0="79,32,121,20,19,45,118,122,131,89,38,59,91" hai1="39,111,93,2,40,13,73,27,12,96,72,3,132" hai2="82,24,15,17,54,50,127,113,9,1,95,128,5" hai3="64,7,106,41,92,43,30,66,55,114,62,84,115"/><U46/><E132/><V86/><F127/><W48/><G106/><T116/><D79/><U125/><E125/><V129/><F113/><W47/><G7/><T34/><D59/><U56/><E111/><V112/><F112/><N who="3" m="43051" /><G30/><T35/><D45/><U58/><E27/><V44/><F95/><W126/><G92/><T53/><D53/><U75/><E56/><V80/><F24/><W26/><G26/><N who="0" m="14623" /><D38/><U33/><E33/><V134/><F134/><W94/><G94/><T81/><D81/><U102/><REACH who="1" step="1"/><E58/><REACH who="1" ten="240,150,240,360" step="2"/><V0/><F82/><W4/><G126/><T107/><D34/><U105/><E105/><V49/><F49/><W77/><G48/><T88/><D107/><U22/><E22/><V21/><REACH who="2" step="1"/><F1/><AGARI ba="1,1" hai="1,2,3,12,13,39,40,46,72,73,75,93,96,102" machi="1" ten="50,4800,0" yaku="1,1,53,1" doraHai="124" doraHaiUra="69" who="1" fromWho="2" sc="240,0,150,61,240,-51,360,0" /><INIT seed="1,2,0,5,1,7" ten="240,211,189,360" oya="1" hai0="49,68,122,38,80,131,100,19,3,75,93,112,26" hai1="115,97,86,8,51,110,116,124,40,21,1,119,118" hai2="101,0,127,123,39,108,69,135,87,102,15,72,83" hai3="106,73,2,22,89,33,71,24,95,18,10,74,28"/><U27/><E115/><V6/><F15/><N who="3" m="9567" /><G71/><T128/><D38/><U82/><E124/><V88/><F39/><W17/><G106/><T46/><D68/><U16/><E110/><V61/><F123/><W109/><G17/><T25/><D3/><U70/><E70/><V31/><F108/><W63/><G63/><T60/><D60/><U12/><E1/><V55/><F127/><W52/><G52/><N who="0" m="29751" /><D19/><U30/><E97/><V42/><F42/><W129/><G129/><N who="0" m="49739" /><D112/><U103/><E103/><V125/><F125/><W67/><G67/><T36/><D36/><U94/><E94/><V121/><F121/><W37/><G37/><T91/><D100/><U105/><E105/><V132/><F69/><W107/><G107/><T45/><D45/><U130/><E130/><V58/><F101/><W13/><G13/><T126/><D126/><U99/><E99/><V77/><F102/><W113/><G109/><T23/><D23/><U81/><REACH who="1" step="1"/><E86/><REACH who="1" ten="240,201,189,360" step="2"/><V20/><F87/><N who="3" m="52671" /><G113/><T111/><D111/><U134/><E134/><V90/><F135/><W76/><G73/><T50/><D122/><U85/><E85/><V5/><F132/><W47/><G74/><T84/><D75/><U78/><E78/><V11/><REACH who="2" step="1"/><F6/><REACH who="2" ten="240,201,179,360" step="2"/><W4/><G4/><T57/><D93/><U41/><E41/><V114/><F114/><W62/><G76/><T65/><D84/><U48/><E48/><V66/><F66/><W79/><G79/><T98/><D50/><U56/><E56/><V9/><F9/><W54/><G10/><T44/><D65/><U96/><E96/><V133/><F133/><RYUUKYOKU ba="2,2" sc="240,-15,201,15,179,15,360,-15" hai1="8,12,16,21,27,30,40,51,81,82,116,118,119" hai2="0,5,11,20,31,55,58,61,72,77,83,88,90" /><INIT seed="1,3,2,0,0,97" ten="225,216,194,345" oya="1" hai0="31,122,40,1,34,80,114,73,52,53,81,135,6" hai1="71,88,78,66,82,8,32,4,101,129,91,83,56" hai2="90,57,93,103,132,63,15,69,27,2,98,28,68" hai3="45,60,133,24,95,5,41,121,12,35,134,70,9"/><U125/><E71/><V62/><F2/><W11/><G121/><T17/><D114/><U61/><E32/><V102/><F132/><N who="3" m="50795" /><G95/><T25/><D135/><U46/><E129/><V65/><F15/><W105/><G105/><T110/><D110/><U124/><E101/><V118/><F118/><W109/><G109/><T113/><D113/><U111/><E111/><V13/><F13/><W42/><G11/><N who="0" m="2511" /><D81/><U19/><E19/><V14/><F14/><W18/><G45/><T72/><D17/><U85/><E46/><V117/><F117/><W115/><G115/><T100/><D100/><U58/><E58/><V96/><F96/><W89/><G89/><T10/><D10/><U67/><E67/><V43/><F43/><W128/><G128/><T36/><D73/><U107/><E107/><V51/><F51/><W75/><G75/><T21/><D34/><U30/><E30/><V48/><F48/><W64/><G18/><T44/><D122/><U37/><E37/><V119/><F119/><W26/><G26/><T16/><D31/><AGARI ba="3,2" hai="5,9,12,24,31,35,41,42,60,64,70" m="50795" machi="31" ten="30,1000,0" yaku="20,1" doraHai="97" who="3" fromWho="0" sc="225,-19,216,0,194,0,345,39" /><INIT seed="2,0,0,0,4,19" ten="206,216,194,384" oya="2" hai0="86,43,92,120,14,48,15,80,124,88,110,36,28" hai1="114,106,105,130,24,54,56,40,107,18,9,95,100" hai2="127,27,68,122,21,72,7,17,117,135,82,89,74" hai3="35,134,12,20,55,63,50,123,109,62,126,5,108"/><V32/><F117/><W29/><G123/><T99/><D120/><U78/><E114/><V79/><F122/><W87/><G134/><T71/><D110/><N who="3" m="42601" /><G126/><T129/><D124/><U115/><E115/><V37/><F127/><W67/><G35/><T31/><D129/><U131/><E40/><V13/><F135/><W98/><G98/><T42/><D71/><U102/><E78/><V33/><F37/><W132/><G132/><T61/><D61/><U101/><E95/><V38/><F38/><W103/><G103/><T90/><D36/><U51/><REACH who="1" step="1"/><E24/><REACH who="1" ten="206,206,194,384" step="2"/><V0/><F74/><W44/><G87/><T118/><D43/><U39/><E39/><V133/><F133/><W1/><G67/><T85/><D85/><U60/><E60/><V64/><F27/><W70/><G63/><T96/><D96/><U2/><E2/><V10/><F68/><W104/><G1/><T41/><D41/><U49/><E49/><V116/><F64/><W46/><G62/><T57/><D42/><U97/><E97/><V69/><F69/><W16/><G70/><T45/><D99/><U30/><E30/><V111/><F111/><W22/><G104/><T34/><D31/><U75/><E75/><V119/><F119/><W121/><G121/><T83/><D28/><U52/><E52/><V93/><F116/><W128/><G29/><T11/><D92/><U3/><E3/><V76/><F79/><W8/><G128/><T125/><D125/><U47/><E47/><V77/><F76/><W59/><G46/><T53/><D118/><U73/><E73/><V65/><F65/><RYUUKYOKU ba="0,1" sc="206,-15,206,15,194,15,384,-15" hai1="9,18,51,54,56,100,101,102,105,106,107,130,131" hai2="0,7,10,13,17,21,32,33,72,77,82,89,93" /><INIT seed="2,1,1,3,1,90" ten="191,221,209,369" oya="2" hai0="121,74,29,31,97,5,117,18,2,71,8,64,82" hai1="19,114,84,123,33,47,99,120,79,100,111,130,127" hai2="96,86,61,75,44,57,93,94,34,50,41,43,13" hai3="91,81,40,38,45,3,30,83,16,0,119,125,65"/><V77/><F75/><W10/><G119/><T110/><D121/><N who="1" m="46667" /><E111/><V107/><F34/><W36/><G36/><T76/><D110/><U118/><E127/><V7/><F107/><W14/><G125/><T12/><D117/><U103/><E130/><V66/><F43/><W28/><G65/><T78/><D78/><U122/><N who="1" m="46675" /><U53/><DORA hai="106" /><E33/><V135/><F135/><W68/><G68/><T72/><D72/><U55/><E114/><V48/><F48/><W69/><G69/><T15/><D97/><U104/><E118/><V6/><F13/><W59/><G59/><T88/><D88/><U109/><E109/><V60/><F60/><W102/><G102/><T89/><D89/><U58/><E103/><V133/><F133/><W128/><G128/><T62/><REACH who="0" step="1"/><D2/><REACH who="0" ten="181,221,209,369" step="2"/><U22/><E79/><V87/><F96/><W26/><G3/><T37/><D37/><U46/><E84/><N who="2" m="32299" /><F77/><W85/><G0/><T9/><AGARI ba="1,2" hai="5,8,9,12,15,18,29,31,62,64,71,74,76,82" machi="9" ten="20,5200,0" yaku="1,1,0,1,7,1,52,1,53,0" doraHai="90,106" doraHaiUra="129,115" who="0" fromWho="0" sc="181,75,221,-14,209,-27,369,-14" /><INIT seed="3,0,0,4,2,35" ten="256,207,182,355" oya="3" hai0="122,109,133,29,43,26,48,83,37,97,94,117,127" hai1="132,42,71,20,99,67,28,55,27,1,60,120,106" hai2="88,21,128,74,72,11,92,90,112,44,40,38,84" hai3="103,25,58,75,31,6,96,34,53,108,10,134,52"/><W125/><G75/><T36/><D122/><U82/><E120/><V119/><F112/><W89/><G134/><T30/><D117/><U19/><E1/><V45/><F119/><W101/><G125/><T39/><D109/><U63/><E132/><V8/><F128/><W17/><G17/><T85/><D133/><U24/><E42/><V57/><F45/><W56/><G89/><T51/><D30/><U105/><E82/><V7/><F21/><W0/><G96/><T13/><D13/><U22/><E99/><V76/><F76/><W98/><G98/><T73/><D73/><U5/><E5/><V121/><F121/><W62/><G108/><T100/><D43/><U15/><E15/><V113/><F113/><W79/><G79/><T131/><D127/><U47/><E47/><V116/><F116/><W46/><G46/><T78/><D131/><U118/><E118/><V110/><F110/><W123/><G123/><T93/><D93/><U129/><E129/><V86/><F57/><W33/><G34/><T66/><D66/><U87/><E87/><V54/><F54/><W61/><AGARI ba="0,0" hai="0,6,10,25,31,33,52,53,56,58,61,62,101,103" machi="61" ten="20,12000,1" yaku="0,1,7,1,9,1,52,1,54,1" doraHai="35" who="3" fromWho="3" sc="256,-40,207,-40,182,-40,355,120" owari="216,1.6,167,-23.3,142,-35.8,475,57.5" /></mjloggm>