<mjloggm ver="2.3"><GO type="225" lobby="0"/><UN n0="%4C%4F%4C%49%54%41" n1="%E3%81%B2%E3%81%AA%E3%81%AE%E3%82%8A%E3%81%8F" n2="%E3%81%A4%E3%81%A3%E3%81%B1%E3%82%8A%E3%83%9D%E3%83%BC%E3%83%AB" n3="%E3%80%93%E3%81%97%E3%83%BC%E3%82%89%E3%80%93" dan="16,16,16,16" rate="2196.89,2099.70,2155.53,2159.97" sx="F,M,M,M"/><TAIKYOKU oya="0"/><INIT seed="0,0,0,0,1,116" ten="250,250,250,250" oya="0" hai0="71,81,12,132,83,134,66,57,109,112,63,67,49" hai1="35,26,8,18,72,60,98,10,95,124,108,80,110" hai2="70,62,96,5,9,65,17,103,3,90,45,117,76" hai3="31,86,99,7,6,53,14,59,1,34,78,16,41"/><T82/><D112/><U75/><E124/><V30/><F117/><W111/><G111/><N who="1" m="42538" /><E80/><V106/><F76/><W38/><G1/><T92/><D109/><U40/><E40/><V48/><F30/><W28/><G34/><T0/><D0/><U85/><E85/><V44/><F17/><W52/><G38/><T23/><D92/><U29/><E60/><V47/><REACH who="2" step="1"/><F90/><REACH who="2" ten="250,250,240,250" step="2"/><W15/><G78/><T58/><D132/><U119/><E119/><V43/><AGARI ba="0,1" hai="3,5,9,43,44,45,47,48,62,65,70,96,103,106" machi="43" ten="20,5200,0" yaku="1,1,2,1,0,1,7,1,53,0" doraHai="116" doraHaiUra="84" who="2" fromWho="2" sc="250,-26,250,-13,240,62,250,-13" /><INIT seed="1,0,0,0,0,8" ten="224,237,302,237" oya="1" hai0="127,110,24,44,124,78,38,5,70,102,63,41,53" hai1="29,86,15,121,128,112,117,18,98,54,21,71,104" hai2="97,100,45,99,30,34,62,67,134,10,111,59,60" hai3="118,95,22,92,31,51,43,107,27,25,114,6,13"/><U2/><E112/><V9/><F111/><W80/><G107/><T120/><D110/><U19/><E117/><V4/><F134/><W12/><G114/><T35/><D120/><U83/><E121/><V101/><F45/><N who="3" m="26047" /><G118/><T33/><D102/><U66/><E2/><V39/><F39/><W28/><G6/><T58/><D78/><U94/><E104/><V52/><F30/><N who="3" m="11307" /><G80/><T75/><D75/><U26/><E128/><V126/><F34/><W133/><G133/><T17/><D5/><U61/><E19/><V109/><F109/><W74/><G74/><T50/><D17/><U65/><E65/><V55/><F126/><N who="0" m="48170" /><D24/><N who="3" m="9289" /><G22/><T3/><D3/><U11/><E54/><V64/><F4/><W20/><G20/><T123/><D123/><U76/><REACH who="1" step="1"/><E94/><AGARI ba="0,0" hai="12,13,92,94,95" m="9289,11307,26047" machi="94" ten="30,3900,0" yaku="8,1,52,2" doraHai="8" who="3" fromWho="1" sc="224,0,237,-39,302,0,237,39" /><INIT seed="2,0,0,4,0,33" ten="224,198,302,276" oya="2" hai0="58,81,27,52,115,106,60,13,43,99,100,76,109" hai1="41,61,63,125,0,40,59,18,28,83,101,98,30" hai2="10,21,123,92,134,45,118,67,23,57,4,91,121" hai3="8,90,49,82,133,26,129,31,53,96,37,93,107"/><V9/><F118/><W50/><G37/><T54/><D115/><U12/><E125/><V55/><F134/><W62/><G133/><T105/><D109/><U64/><E0/><V73/><F73/><W88/><G129/><T44/><D13/><U116/><E116/><V68/><F68/><W126/><G107/><T36/><D27/><U71/><E83/><V70/><F70/><W104/><G104/><T97/><D54/><U19/><E19/><V38/><F38/><W110/><G110/><T135/><D135/><U34/><E34/><V130/><F130/><W127/><G8/><N who="2" m="3177" /><F4/><W65/><G82/><T86/><D99/><U89/><E89/><V87/><F123/><W128/><G90/><T74/><D74/><U111/><E111/><V1/><F1/><W112/><G112/><T15/><D15/><U66/><E12/><V80/><F45/><W69/><G128/><T42/><REACH who="0" step="1"/><D43/><REACH who="0" ten="214,198,302,276" step="2"/><U77/><E40/><V72/><F72/><W95/><G53/><T79/><D79/><U108/><E41/><V3/><F121/><W113/><G113/><T6/><D6/><U29/><E108/><V14/><F14/><W11/><G127/><T78/><D78/><U51/><E77/><N who="2" m="46479" /><F3/><W131/><G126/><T84/><D84/><U22/><E98/><N who="2" m="57631" /><F67/><W102/><G131/><T39/><D39/><U25/><E101/><V94/><F94/><AGARI ba="0,1" hai="36,42,44,52,58,60,76,81,86,94,97,100,105,106" machi="94" ten="30,3900,0" yaku="1,1,7,1,54,1,53,0" doraHai="33" doraHaiUra="16" who="0" fromWho="2" sc="214,49,198,0,302,-39,276,0" /><INIT seed="3,0,0,2,4,52" ten="263,198,263,276" oya="3" hai0="114,1,90,77,56,72,47,101,10,45,133,51,46" hai1="25,67,94,30,124,16,102,35,42,134,93,20,119" hai2="86,23,71,109,69,38,122,40,12,97,32,125,75" hai3="14,132,70,99,74,130,26,54,66,37,61,41,31"/><W92/><G74/><T118/><D118/><U62/><E119/><V128/><F75/><W48/><G130/><T117/><D117/><U110/><E110/><V24/><F32/><W135/><G14/><T78/><D101/><U28/><E28/><V76/><F109/><W82/><G82/><T96/><D133/><N who="3" m="51273" /><G41/><T64/><D72/><U59/><E134/><V55/><F40/><W22/><G37/><T27/><D1/><U121/><E121/><V112/><F38/><W57/><G92/><N who="0" m="56343" /><D114/><U95/><E42/><V98/><F12/><W39/><G39/><T65/><D10/><U49/><E49/><V87/><F112/><W108/><G99/><N who="2" m="37897" /><F71/><N who="3" m="42447" /><G108/><T111/><D27/><U3/><E102/><V6/><F69/><AGARI ba="0,0" hai="22,26,31,48,54,57,69,70" m="42447,51273" machi="69" ten="30,2900,0" yaku="20,1,52,1" doraHai="52" who="3" fromWho="2" sc="263,0,198,0,263,-29,276,29" owari="263,6.3,198,-30.2,234,-16.6,305,40.5" /></mjloggm>