<mjloggm ver="2.3"><GO type="225" lobby="0"/><UN n0="%E4%BA%BA%E9%96%93%E3%83%81%E3%83%A3%E3%83%BC%E3%83%8F%E3%83%B3" n1="%E3%81%BF%E3%81%BF%E3%81%9A" n2="%E5%B8%86%E7%AB%8B%E5%A4%8F%E8%A1%A3" n3="%E5%A4%9C%E5%85%89%E5%A4%A9%E6%A5%BC" dan="16,18,16,17" rate="2079.41,2257.38,2146.67,2168.93" sx="M,M,M,M"/><TAIKYOKU oya="0"/><INIT seed="0,0,0,0,0,103" ten="250,250,250,250" oya="0" hai0="77,85,58,71,44,22,12,36,94,73,119,95,118" hai1="86,11,23,135,59,99,110,20,72,29,7,83,88" hai2="67,120,19,60,121,87,28,101,37,106,123,79,43" hai3="8,47,102,1,45,31,114,124,70,100,27,39,50"/><T51/><D71/><U78/><E110/><V35/><F19/><W57/><G70/><T126/><D73/><U90/><E135/><V3/><F87/><W131/><G114/><T33/><D33/><U2/><E29/><V127/><F79/><W122/><G122/><T16/><D126/><U55/><E99/><N who="2" m="61759" /><F3/><W134/><G124/><T34/><D34/><U89/><REACH who="1" step="1"/><E86/><REACH who="1" ten="250,240,250,250" step="2"/><V40/><F127/><W115/><G134/><T96/><D119/><U109/><E109/><V48/><F28/><W76/><G31/><T93/><D118/><U130/><E130/><V52/><F123/><W82/><G131/><T18/><D36/><U64/><E64/><V113/><F121/><W68/><G39/><T74/><D74/><U26/><E26/><V81/><F120/><W129/><G27/><N who="0" m="14791" /><D58/><U84/><E84/><V92/><F37/><W6/><G129/><T15/><D96/><U107/><E107/><V66/><F113/><W112/><G112/><T24/><D24/><U42/><E42/><V30/><F43/><W25/><G115/><T56/><D56/><U14/><E14/><V104/><F40/><W41/><G25/><T116/><D116/><U10/><E10/><V62/><F104/><W63/><G68/><T49/><D15/><U54/><E54/><V133/><F133/><W65/><G47/><T21/><D44/><U75/><E75/><AGARI ba="0,1" hai="1,6,8,41,45,50,57,63,65,75,76,82,100,102" machi="75" ten="30,1000,0" yaku="7,1" doraHai="103" who="3" fromWho="1" sc="250,0,240,-10,250,0,250,20" /><INIT seed="1,0,0,1,0,109" ten="250,230,250,270" oya="1" hai0="77,103,17,121,95,123,83,57,90,111,106,126,97" hai1="44,29,16,5,52,68,13,33,38,113,19,82,34" hai2="80,75,116,135,58,66,42,10,3,115,51,108,72" hai3="40,56,122,102,11,32,37,91,48,50,133,71,129"/><U24/><E68/><V21/><F116/><W55/><G122/><N who="0" m="46603" /><D57/><U65/><E65/><V59/><F108/><W64/><G32/><T22/><D111/><U2/><E113/><V127/><F127/><W85/><G129/><T26/><D17/><U15/><E82/><V93/><F135/><W4/><G133/><T60/><D22/><N who="1" m="11535" /><E38/><V104/><F104/><W110/><G110/><T101/><D60/><U62/><E44/><V25/><F66/><W117/><G117/><T87/><D26/><U0/><E52/><V9/><F59/><W39/><G102/><N who="0" m="62799" /><D126/><U131/><E62/><V74/><F58/><W73/><G71/><T81/><D81/><U76/><E76/><V100/><F80/><N who="3" m="49575" /><G39/><T20/><D20/><N who="1" m="15495" /><E131/><V120/><F120/><W124/><G37/><T94/><D94/><U134/><E134/><V41/><F93/><W128/><G64/><T27/><D27/><U86/><E86/><AGARI ba="0,0" hai="77,83,86,87,90,95,101,103" m="62799,46603" machi="86" ten="30,3900,0" yaku="13,1,34,2" doraHai="109" who="0" fromWho="1" sc="250,39,230,-39,250,0,270,0" /><INIT seed="2,0,0,2,4,12" ten="289,191,250,270" oya="2" hai0="123,17,3,120,125,98,66,83,122,109,59,89,70" hai1="133,127,33,64,121,25,77,7,37,74,99,67,8" hai2="24,116,35,101,112,94,5,14,71,23,6,124,80" hai3="76,132,90,10,115,105,65,75,87,85,108,73,129"/><V81/><F112/><W93/><G65/><T13/><D3/><U11/><E127/><V119/><F71/><W36/><G36/><T21/><D125/><U131/><E133/><V1/><F124/><W18/><G105/><T16/><D109/><U106/><E131/><V130/><F130/><W0/><G129/><T61/><D17/><U97/><E121/><V22/><F35/><W79/><G0/><T57/><D83/><N who="2" m="31818" /><F1/><W69/><G69/><T95/><AGARI ba="0,0" hai="13,16,21,57,59,61,66,70,89,95,98,120,122,123" machi="95" ten="40,5200,0" yaku="0,1,52,1,54,1" doraHai="12" who="0" fromWho="0" sc="289,52,191,-13,250,-26,270,-13" /><INIT seed="3,0,0,0,3,48" ten="341,178,224,257" oya="3" hai0="129,51,45,36,37,91,38,95,12,19,128,34,80" hai1="114,3,58,134,43,119,32,85,47,78,59,27,90" hai2="33,44,123,1,49,130,52,97,121,6,15,10,84" hai3="73,16,100,108,111,93,120,92,96,7,118,62,132"/><W53/><G118/><T79/><D34/><U20/><E114/><V50/><F33/><W113/><G113/><T8/><D95/><U0/><E32/><V64/><F130/><N who="0" m="50282" /><D91/><U98/><E78/><V2/><F64/><W21/><G120/><N who="2" m="46153" /><F84/><W42/><G73/><N who="0" m="43119" /><D36/><U110/><E110/><N who="3" m="42026" /><G42/><AGARI ba="0,0" hai="8,12,19,37,38,42,45,51" m="43119,50282" machi="42" ten="30,1000,0" yaku="19,1" doraHai="48" who="0" fromWho="3" sc="341,10,178,0,224,0,257,-10" owari="351,45.1,178,-32.2,224,-17.6,247,4.7" /></mjloggm>