<mjloggm ver="2.3"><GO type="225" lobby="0"/><UN n0="%61%67%65%48%61" n1="%E3%81%BF%E3%81%BF%E3%81%9A" n2="%72%69%6F%75%63%68%61%6E" n3="%74%61%6B%75%61%6B%61" dan="16,17,16,17" rate="2047.77,2218.95,2153.80,2194.52" sx="M,M,M,M"/><TAIKYOKU oya="0"/><INIT seed="0,0,0,3,0,66" ten="250,250,250,250" oya="0" hai0="107,5,133,6,69,131,26,14,126,19,71,87,34" hai1="128,12,132,63,37,124,7,72,81,35,86,68,32" hai2="33,110,17,67,76,115,106,85,39,31,41,119,120" hai3="108,103,73,51,80,114,50,129,123,102,125,109,43"/><T58/><D107/><U48/><E37/><V20/><F120/><W16/><G114/><T47/><D58/><U105/><E105/><V24/><F115/><W18/><G125/><T79/><D126/><U61/><E124/><V118/><F110/><N who="3" m="42603" /><G123/><T21/><D47/><U94/><E72/><V25/><F106/><W121/><G121/><T97/><D97/><U92/><E48/><N who="3" m="18474" /><G43/><T88/><D79/><U91/><E132/><V65/><F76/><N who="3" m="44047" /><G129/><T57/><D57/><U49/><E49/><V127/><F85/><W100/><AGARI ba="0,0" hai="16,18,100,102,103" m="44047,18474,42603" machi="100" ten="40,2700,0" yaku="14,1,54,1" doraHai="66" who="3" fromWho="3" sc="250,-13,250,-7,250,-7,250,27" /><INIT seed="1,0,0,1,1,76" ten="237,243,243,277" oya="1" hai0="39,37,96,16,19,45,109,67,79,124,25,74,42" hai1="101,83,86,33,28,13,36,133,71,104,73,24,68" hai2="91,77,97,61,55,131,118,59,50,27,15,122,31" hai3="121,35,46,129,38,123,64,66,52,2,14,110,49"/><U84/><E36/><V103/><F118/><W30/><G2/><T17/><D109/><U134/><E73/><V41/><F131/><W125/><G14/><T108/><D108/><U20/><E86/><V32/><F122/><N who="3" m="46603" /><G30/><T60/><D124/><U107/><E20/><V135/><F135/><N who="1" m="51721" /><E13/><V0/><F0/><W58/><G35/><T4/><D4/><U132/><N who="1" m="51729" /><U93/><DORA hai="102" /><E93/><V23/><F77/><W69/><G110/><T85/><D96/><N who="1" m="61479" /><E107/><V126/><F126/><W53/><G125/><T21/><D74/><U92/><E92/><V75/><F75/><W70/><G129/><T34/><D34/><U130/><E130/><V87/><F15/><W22/><G22/><T81/><REACH who="0" step="1"/><D37/><REACH who="0" ten="227,243,243,277" step="2"/><U54/><E54/><V51/><F32/><W117/><G38/><T127/><D127/><U29/><E29/><V63/><F41/><W95/><G53/><T106/><D106/><U116/><E116/><V78/><F55/><W98/><G52/><T40/><D40/><U9/><E9/><V128/><F97/><W8/><G98/><T113/><D113/><U18/><E18/><V65/><F128/><W7/><G8/><T120/><D120/><U5/><E5/><V43/><F43/><W6/><G7/><T89/><D89/><AGARI ba="0,1" hai="24,28,33,68,71,83,84,89" m="61479,51729" machi="89" ten="40,7700,0" yaku="20,1,52,2" doraHai="76,102" who="1" fromWho="0" sc="227,-77,243,87,243,0,277,0" /><INIT seed="1,1,0,1,0,74" ten="150,330,243,277" oya="1" hai0="1,47,93,126,13,73,108,134,69,64,2,70,46" hai1="15,49,22,65,88,24,8,11,77,39,43,80,59" hai2="122,19,25,131,76,57,75,105,119,132,27,133,124" hai3="116,52,3,99,89,4,14,0,63,38,53,82,79"/><U56/><E39/><V58/><F119/><W95/><G116/><T71/><D108/><U36/><E36/><V32/><F122/><W118/><G118/><T115/><D115/><U85/><E65/><V100/><F124/><W55/><G38/><T72/><D64/><U106/><E106/><V113/><F113/><W51/><G51/><T129/><D126/><U117/><E117/><V123/><F123/><W62/><G0/><N who="0" m="107" /><D93/><U91/><E59/><V37/><F37/><W26/><G3/><T50/><D50/><U54/><E43/><V114/><F114/><W10/><REACH who="3" step="1"/><G26/><REACH who="3" ten="150,330,243,267" step="2"/><T127/><D127/><U128/><E128/><V84/><F27/><W20/><G20/><T78/><D13/><U23/><E23/><V121/><F25/><W61/><G61/><T83/><D129/><U66/><E66/><V12/><F131/><W102/><G102/><T130/><D130/><U21/><E21/><V31/><F100/><W81/><G81/><T7/><D134/><U86/><E15/><V48/><F12/><W112/><G112/><T34/><D34/><U18/><E91/><V87/><F32/><W5/><G5/><T103/><D7/><U101/><E101/><V110/><F133/><W68/><G68/><N who="0" m="17411" /><T120/><DORA hai="98" /><D103/><U92/><AGARI ba="1,1" hai="8,11,18,22,24,49,54,56,77,80,85,86,88,92" machi="92" ten="20,12000,1" yaku="0,1,7,1,8,1,52,1,54,1" doraHai="74,98" who="1" fromWho="1" sc="150,-41,330,133,243,-41,267,-41" /><INIT seed="1,2,0,5,2,127" ten="109,463,202,226" oya="1" hai0="135,104,18,28,62,99,4,59,1,13,112,34,10" hai1="51,90,47,56,49,84,40,126,76,86,129,3,114" hai2="96,11,78,93,121,102,87,50,6,82,109,48,36" hai3="100,21,73,46,32,98,33,123,79,71,74,106,15"/><U5/><E114/><V119/><F109/><W111/><G123/><T89/><D135/><U37/><E126/><V58/><F119/><W124/><G124/><T107/><D112/><U12/><E3/><V81/><F121/><W118/><G111/><T69/><D69/><U110/><E110/><V63/><F36/><W26/><G71/><T101/><D89/><U68/><E68/><V52/><REACH who="2" step="1"/><F81/><REACH who="2" ten="109,463,192,226" step="2"/><W64/><G118/><T39/><D39/><U67/><E37/><V42/><F42/><W72/><G33/><T17/><D34/><U61/><E40/><V9/><F9/><W128/><G32/><T105/><D28/><U97/><E49/><V19/><F19/><W91/><G72/><T29/><D17/><U45/><E51/><V70/><F70/><W66/><G73/><T44/><D29/><U92/><E5/><V30/><F30/><W108/><G74/><T134/><D134/><U55/><E61/><V75/><F75/><W22/><G108/><T7/><D4/><U27/><E84/><V116/><F116/><W122/><G122/><T120/><D120/><U103/><E86/><V133/><F133/><W25/><G21/><T130/><D130/><U115/><E129/><V80/><F80/><W54/><G22/><N who="0" m="11599" /><D44/><U132/><E47/><V88/><F88/><W83/><G91/><T57/><D62/><U85/><E45/><V43/><F43/><W94/><G46/><T131/><D131/><U14/><E132/><V0/><AGARI ba="2,1" hai="0,6,11,48,50,52,58,63,78,82,87,93,96,102" machi="0" ten="20,5200,0" yaku="1,1,0,1,7,1,54,1,53,0" doraHai="127" doraHaiUra="8" who="2" fromWho="2" sc="109,-15,463,-28,192,68,226,-15" /><INIT seed="2,0,0,4,0,117" ten="94,435,260,211" oya="2" hai0="66,71,55,81,23,116,72,53,35,73,19,102,42" hai1="132,28,99,48,125,50,121,69,68,123,94,129,59" hai2="100,130,61,131,43,78,21,86,107,15,65,127,33" hai3="26,90,80,41,98,56,110,134,38,118,57,29,31"/><V9/><F127/><W1/><G118/><T63/><D116/><U113/><E113/><V103/><F33/><W40/><G1/><T67/><D35/><U120/><E125/><V10/><F43/><W47/><G110/><T92/><D42/><U115/><E115/><V84/><F21/><W108/><G108/><T37/><D37/><U32/><E132/><V2/><F2/><W60/><G134/><T74/><D67/><U70/><E129/><N who="2" m="49163" /><F9/><W58/><G41/><T8/><D81/><U135/><E135/><V89/><F78/><W18/><G18/><T105/><D8/><U101/><E59/><N who="2" m="37055" /><F107/><W46/><G46/><T62/><D105/><U25/><AGARI ba="0,0" hai="25,28,32,48,50,68,69,70,94,99,101,120,121,123" machi="25" ten="40,8000,1" yaku="0,1,13,1,52,3" doraHai="117" who="1" fromWho="1" sc="94,-20,435,80,260,-40,211,-20" /><INIT seed="3,0,0,0,1,7" ten="74,515,220,191" oya="3" hai0="65,85,134,115,61,24,120,49,130,44,89,52,35" hai1="33,72,113,41,114,47,129,15,106,76,82,97,91" hai2="12,68,135,94,80,107,45,90,51,18,79,105,31" hai3="46,60,128,133,109,131,6,53,123,75,132,98,111"/><W50/><G75/><T62/><D120/><U63/><E129/><N who="3" m="49738" /><G98/><T99/><D130/><U42/><E42/><V13/><F135/><N who="3" m="51787" /><G6/><T108/><D108/><N who="3" m="41545" /><G60/><T74/><D134/><U117/><E97/><V48/><F107/><W84/><G84/><T25/><D115/><U27/><E106/><V59/><F105/><W56/><G123/><T37/><D74/><U110/><E72/><V19/><F79/><W116/><G116/><T30/><D37/><U121/><E76/><V93/><F80/><W126/><G46/><T2/><D2/><U20/><E110/><V57/><F45/><W55/><G55/><T0/><D0/><U112/><E117/><V124/><F90/><W96/><G96/><T67/><D24/><U8/><E91/><V92/><F94/><W118/><G118/><T77/><D77/><U100/><E121/><V78/><F78/><W28/><G28/><T38/><D38/><U11/><E63/><V122/><F31/><W102/><G126/><T14/><D99/><U3/><E47/><V87/><F122/><W66/><G66/><T103/><D103/><AGARI ba="0,0" hai="50,53,56,102,103" m="41545,51787,49738" machi="103" ten="40,12000,1" yaku="19,1,20,1,14,1,10,1" doraHai="7" who="3" fromWho="0" sc="74,-120,515,0,220,0,191,120" owari="-46,-54.6,515,61.5,220,-18.0,311,11.1" /></mjloggm>