<mjloggm ver="2.3"><GO type="225" lobby="0"/><UN n0="%E3%80%90%E3%83%88%E3%83%AA%E3%83%A5%E3%83%95%E3%80%91" n1="%E7%B4%94%E6%BD%94%E3%83%94%E3%83%A9%E3%83%8B%E3%82%A2" n2="%E8%9B%87%E3%81%AE%E8%A1%80" n3="%E6%9D%B1%E9%A2%A8%E3%81%AE%E3%81%8D%E3%82%83%E3%81%B7%E3%81%95%E3%82%93" dan="16,17,16,16" rate="2094.50,2226.28,2163.25,2121.89" sx="M,M,M,M"/><TAIKYOKU oya="0"/><INIT seed="0,0,0,5,2,12" ten="250,250,250,250" oya="0" hai0="26,75,23,21,87,72,134,67,97,99,115,15,92" hai1="135,120,114,105,8,58,129,118,85,37,65,84,116" hai2="78,20,53,112,28,7,29,45,43,40,51,49,41" hai3="1,0,3,104,59,110,69,11,16,5,102,25,31"/><T36/><D115/><U106/><E58/><V128/><F112/><W4/><G69/><T119/><D36/><U57/><E57/><V61/><F128/><W101/><G110/><T38/><D38/><U132/><E8/><V111/><F111/><W133/><G133/><T77/><D67/><U108/><E65/><V89/><F78/><W81/><G104/><T60/><D60/><U109/><E37/><V66/><F51/><W127/><G81/><T98/><D119/><U100/><E100/><V18/><F7/><W73/><G73/><T33/><D75/><U27/><E27/><V124/><F89/><W130/><G59/><T47/><D47/><U64/><E64/><V24/><REACH who="2" step="1"/><F124/><REACH who="2" ten="250,250,240,250" step="2"/><W70/><G130/><T62/><D62/><U63/><E63/><V123/><F123/><W71/><G127/><T13/><D77/><U32/><E129/><V82/><F82/><W39/><G39/><T131/><D131/><U86/><E114/><V90/><F90/><W113/><G113/><T96/><D72/><U54/><E109/><V125/><F125/><W35/><G5/><T22/><D134/><U50/><E108/><V83/><F83/><W55/><G4/><T76/><D76/><U117/><E120/><V93/><F93/><W14/><G102/><T56/><D92/><U80/><E80/><V122/><F122/><W2/><G101/><T94/><D94/><U107/><E135/><V17/><F17/><W46/><N who="3" m="0" /><DORA hai="44" /><W30/><G31/><T91/><D91/><U9/><E132/><V74/><F74/><W68/><G68/><AGARI ba="0,1" hai="18,20,24,28,29,40,41,43,45,49,53,61,66,68" machi="68" ten="40,8000,1" yaku="1,1,52,2,53,2" doraHai="12,44" doraHaiUra="42,48" who="2" fromWho="3" sc="250,0,250,0,240,90,250,-80" /><INIT seed="1,0,0,5,1,119" ten="250,250,330,170" oya="1" hai0="18,54,120,135,86,99,129,105,88,17,104,29,71" hai1="24,75,34,115,31,68,63,49,98,52,0,27,101" hai2="37,12,91,8,123,108,95,33,2,66,61,82,90" hai3="42,125,117,111,21,118,133,113,57,6,92,16,39"/><U25/><E115/><V106/><F106/><W13/><G39/><T44/><D71/><U89/><E75/><V67/><F33/><W79/><G42/><T56/><D129/><U76/><E76/><V131/><F2/><W130/><G79/><T73/><D73/><U59/><E0/><V28/><F37/><W100/><G130/><T85/><D44/><U77/><E77/><V128/><F108/><W114/><G111/><T19/><D29/><U36/><E36/><V126/><F28/><W102/><G57/><T116/><D116/><N who="3" m="44649" /><G133/><T81/><D135/><U121/><E89/><V22/><F22/><W7/><G92/><T51/><D99/><U127/><E127/><V124/><F82/><W26/><G100/><T10/><D86/><U35/><E35/><V11/><F95/><W96/><G96/><T46/><D10/><U20/><E121/><V43/><F43/><W97/><G97/><T32/><D32/><U3/><E3/><V53/><F53/><W94/><G94/><T70/><D70/><U69/><E69/><V1/><F1/><W5/><G102/><T84/><D84/><U38/><E38/><V55/><F55/><W64/><G64/><T132/><D132/><U50/><E68/><V93/><F93/><W58/><G58/><T122/><REACH who="0" step="1"/><D56/><REACH who="0" ten="240,250,330,170" step="2"/><U47/><E34/><V80/><F131/><W60/><G125/><T134/><D134/><U109/><E109/><V15/><F128/><W41/><G41/><T30/><D30/><U40/><E50/><V4/><F126/><W14/><G60/><T83/><D83/><U87/><E87/><RYUUKYOKU ba="0,1" sc="240,10,250,10,330,-30,170,10" hai0="17,18,19,46,51,54,81,85,88,104,105,120,122" hai1="20,24,25,27,31,40,47,49,52,59,63,98,101" hai3="5,6,7,13,14,16,21,26,113,114" /><INIT seed="1,1,1,0,2,135" ten="250,260,300,180" oya="1" hai0="43,14,133,52,70,54,22,15,56,33,32,23,131" hai1="72,10,113,62,37,80,101,49,67,78,38,74,61" hai2="11,103,128,63,104,59,124,12,42,107,122,96,87" hai3="125,121,94,111,35,44,34,69,9,93,73,90,118"/><U2/><E113/><V106/><F122/><W75/><G121/><T53/><D133/><U18/><E61/><V71/><F71/><W117/><G69/><T24/><D70/><U115/><E115/><V5/><F128/><W3/><G44/><T109/><D43/><U66/><E49/><V7/><F42/><W58/><G58/><T16/><D131/><U97/><E74/><N who="3" m="28170" /><G111/><T99/><D109/><U81/><E80/><V19/><F87/><W82/><G82/><T39/><D99/><U27/><E27/><V84/><F84/><W126/><G9/><T21/><D39/><U13/><E2/><V85/><F85/><N who="3" m="52431" /><G94/><T102/><D102/><U25/><E25/><V20/><F7/><W47/><G47/><T129/><D129/><U29/><E29/><V134/><F134/><W116/><G3/><T95/><D95/><U1/><E1/><V123/><F123/><W119/><N who="3" m="29696" /><DORA hai="83" /><W86/><G86/><T26/><D56/><U110/><E110/><V31/><F31/><W65/><G65/><T127/><D24/><U130/><E130/><V132/><F132/><W41/><G41/><T46/><D46/><U108/><E108/><V64/><F106/><W112/><G112/><T120/><D120/><U51/><E51/><V60/><F104/><W8/><G8/><T36/><D26/><U91/><E38/><V98/><F60/><W92/><G92/><T105/><D105/><N who="1" m="63663" /><E37/><V68/><F68/><W45/><G45/><T0/><D0/><U89/><E66/><V40/><F64/><W55/><G55/><T79/><D36/><U77/><E67/><RYUUKYOKU ba="1,1" sc="250,-10,260,-10,300,-10,180,30" hai3="34,35,125,126" /><INIT seed="2,2,1,5,2,52" ten="240,250,290,210" oya="2" hai0="94,10,111,99,57,66,44,36,83,29,87,2,100" hai1="76,20,62,130,77,86,41,40,39,58,30,135,128" hai2="21,64,88,48,114,95,14,47,123,110,63,116,85" hai3="117,56,102,34,26,118,105,96,55,23,59,53,127"/><V80/><F114/><W101/><G34/><T75/><D111/><U93/><E135/><V82/><F116/><W9/><G9/><T126/><D29/><U1/><E1/><V27/><F123/><W81/><G81/><T133/><D133/><U74/><E74/><V28/><F14/><W50/><G102/><T125/><D75/><U6/><E6/><V38/><F38/><W0/><G0/><T32/><D32/><U90/><E39/><V119/><F119/><W69/><G69/><T8/><D2/><U7/><E7/><V35/><F35/><W12/><G12/><T91/><D44/><U73/><E73/><V71/><REACH who="2" step="1"/><F110/><REACH who="2" ten="240,250,280,210" step="2"/><W3/><G3/><T79/><D36/><U89/><E128/><V68/><F68/><W22/><G127/><N who="0" m="48651" /><D79/><U33/><E33/><V17/><F17/><W104/><G104/><T5/><D5/><U122/><E130/><V107/><F107/><W42/><G42/><AGARI ba="2,2" hai="21,27,28,42,47,48,63,64,71,80,82,85,88,95" machi="42" ten="30,5800,0" yaku="1,1,7,1,54,1,53,0" doraHai="52" doraHaiUra="51" who="2" fromWho="3" sc="240,0,250,0,280,84,210,-64" /><INIT seed="2,3,0,3,0,91" ten="240,250,364,146" oya="2" hai0="110,134,12,17,31,115,58,124,4,9,130,61,51" hai1="22,67,16,98,66,108,40,27,57,7,15,126,63" hai2="36,2,116,10,119,102,19,39,76,45,89,99,13" hai3="113,70,127,129,84,65,49,11,94,35,120,96,135"/><V46/><F76/><W42/><G120/><T86/><D115/><U8/><E108/><V34/><F34/><W105/><G113/><T72/><D72/><U97/><E126/><V53/><F2/><W52/><G127/><T54/><D110/><U128/><E128/><V26/><F89/><W44/><G129/><T60/><D130/><U114/><E114/><V121/><F121/><W68/><G135/><T14/><D134/><U62/><REACH who="1" step="1"/><E40/><REACH who="1" ten="240,240,364,146" step="2"/><V122/><F122/><W104/><G35/><T24/><D124/><U90/><E90/><V20/><F119/><W77/><G105/><T64/><D86/><U48/><E48/><V87/><F87/><W71/><G104/><T73/><D73/><U118/><E118/><V133/><F116/><W69/><G84/><T32/><D64/><U3/><E3/><V43/><F43/><W41/><G77/><T56/><D56/><AGARI ba="3,1" hai="7,8,15,16,22,27,56,57,62,63,66,67,97,98" machi="56" ten="30,12000,2" yaku="1,1,7,1,9,1,8,1,54,1,53,1" doraHai="91" doraHaiUra="21" who="1" fromWho="0" sc="240,-129,240,139,364,0,146,0" /><INIT seed="3,0,0,0,0,92" ten="111,379,364,146" oya="3" hai0="5,14,45,135,52,86,75,10,106,125,70,96,99" hai1="90,128,42,78,108,37,31,114,77,30,126,116,4" hai2="9,20,49,8,56,88,97,82,105,79,25,67,84" hai3="57,50,53,41,60,118,68,100,55,115,15,51,130"/><W0/><G0/><T13/><D70/><U43/><E114/><V101/><F79/><N who="1" m="30217" /><E37/><V76/><F76/><W34/><G118/><T109/><D75/><U1/><E1/><V98/><F98/><N who="0" m="37418" /><D106/><U104/><E104/><V123/><F123/><W44/><G130/><T63/><D109/><U35/><E35/><V83/><F83/><W66/><G34/><T28/><D135/><U29/><E108/><V62/><F49/><N who="3" m="26767" /><G100/><T69/><D69/><U32/><E32/><V127/><F127/><W112/><G15/><N who="0" m="5583" /><D125/><U48/><E126/><V120/><F120/><W102/><G102/><T124/><D124/><U7/><E128/><V47/><F47/><AGARI ba="0,0" hai="47,50,51,53,55,57,60,66,68,112,115" m="26767" machi="47" ten="30,2900,0" yaku="34,2" doraHai="92" who="3" fromWho="2" sc="111,0,379,0,364,-29,146,29" /><INIT seed="3,1,0,5,2,38" ten="111,379,335,175" oya="3" hai0="131,105,48,29,40,64,130,15,96,10,9,26,4" hai1="132,77,16,113,24,56,28,78,93,62,23,30,107" hai2="37,54,2,70,25,41,19,3,101,45,81,80,20" hai3="11,123,44,53,108,49,114,84,31,111,59,119,51"/><W134/><G31/><N who="1" m="11818" /><E107/><V8/><F70/><W109/><G11/><T102/><D64/><N who="1" m="38983" /><E113/><V50/><F101/><W115/><G84/><T67/><D67/><U100/><E132/><V52/><F54/><N who="3" m="32207" /><G134/><T73/><D73/><U21/><E21/><V103/><F103/><W129/><G119/><T17/><D10/><U18/><E18/><V66/><F66/><W86/><G86/><T72/><D72/><U128/><E128/><V120/><F120/><W74/><G74/><T112/><D112/><N who="3" m="43049" /><G123/><T6/><D130/><AGARI ba="1,0" hai="44,51,53,108,109,111,129,130" m="43049,32207" machi="130" ten="40,12000,1" yaku="14,1,10,1,34,2" doraHai="38" who="3" fromWho="0" sc="111,-123,379,0,335,0,175,123" owari="-12,-51.2,379,47.9,335,13.5,298,-10.2" /></mjloggm>