<mjloggm ver="2.3"><GO type="225" lobby="0"/><UN n0="%E3%82%BC%E3%83%AB%E3%83%80%E3%81%AE%E4%BC%9D%E8%AA%AC" n1="%72%65%6E%6B%75%6E" n2="%E7%99%BD%E6%97%A5%E9%9B%AA%E8%8F%9C" n3="%E3%81%BF%E3%81%BF%E3%81%9A" dan="17,17,17,17" rate="2172.52,2226.55,2221.42,2263.23" sx="M,M,M,M"/><TAIKYOKU oya="0"/><INIT seed="0,0,0,5,0,84" ten="250,250,250,250" oya="0" hai0="113,63,92,65,57,22,26,28,101,78,107,123,58" hai1="30,91,3,112,121,4,14,130,60,88,103,7,48" hai2="29,106,0,11,75,38,83,6,19,95,32,125,44" hai3="64,116,104,90,69,134,37,55,71,76,51,59,10"/><T2/><D113/><U118/><E118/><V49/><F106/><W12/><G116/><T126/><D123/><U132/><E121/><V79/><F125/><W40/><G104/><T85/><D126/><U66/><E3/><V18/><F95/><W102/><G102/><T127/><D127/><U73/><E73/><V119/><F119/><W25/><G134/><T43/><D2/><U110/><E112/><V81/><F81/><W1/><G1/><T131/><D131/><U24/><E103/><V122/><F122/><W54/><G76/><T72/><D43/><U41/><E130/><V67/><F67/><W74/><G74/><T96/><D72/><U120/><E120/><V109/><F109/><W39/><G25/><T20/><D20/><N who="1" m="15623" /><E132/><V98/><F98/><W114/><G90/><N who="1" m="34346" /><E14/><V128/><F128/><W47/><G114/><T16/><D107/><U111/><E48/><V42/><F49/><N who="3" m="26855" /><G12/><T62/><D28/><U99/><E41/><V70/><F70/><N who="3" m="26635" /><G10/><T35/><D35/><U31/><E31/><V86/><F75/><W100/><G100/><T61/><D65/><U89/><E66/><V68/><F29/><W45/><G64/><T94/><D94/><N who="1" m="56783" /><E60/><AGARI ba="0,0" hai="37,39,45,51,54,55,59,60" m="26635,26855" machi="60" ten="30,8000,1" yaku="35,5" doraHai="84" who="3" fromWho="1" sc="250,0,250,-80,250,0,250,80" /><INIT seed="1,0,0,5,0,90" ten="250,170,250,330" oya="1" hai0="95,72,36,22,46,38,87,41,128,104,115,134,88" hai1="1,123,53,131,135,79,34,25,26,7,69,62,50" hai2="60,133,44,20,102,129,77,80,120,12,61,15,5" hai3="19,99,4,83,98,100,66,130,82,114,11,132,106"/><U121/><E131/><V67/><F129/><W17/><G114/><T37/><D128/><U55/><E135/><V31/><F120/><W64/><G130/><T8/><D115/><U59/><E79/><V76/><F133/><W6/><G132/><T107/><D134/><U14/><E1/><V29/><F102/><W93/><G106/><T110/><D110/><U65/><E121/><V96/><F44/><W113/><G113/><T39/><D72/><U109/><E109/><V111/><F111/><W108/><G108/><T122/><D122/><U45/><E34/><V103/><F76/><W58/><G99/><T28/><REACH who="0" step="1"/><D8/><REACH who="0" ten="240,170,250,330" step="2"/><U92/><E123/><V30/><F20/><W91/><G11/><T73/><D73/><U105/><E105/><V127/><F127/><W117/><G117/><T10/><D10/><N who="1" m="4447" /><E69/><V24/><F5/><W112/><G4/><T71/><D71/><U21/><E21/><V116/><F116/><W118/><G6/><T89/><D89/><U43/><E92/><V2/><F77/><W85/><G112/><T94/><D94/><U42/><E65/><N who="3" m="25194" /><G118/><T57/><D57/><U74/><E74/><V75/><F67/><W63/><G82/><T86/><D86/><U119/><E119/><V84/><F84/><W124/><G124/><T9/><D9/><U101/><E101/><V13/><F80/><W54/><AGARI ba="0,1" hai="17,19,54,58,63,83,85,91,93,98,100" m="25194" machi="54" ten="30,2000,0" yaku="8,1,52,1" doraHai="90" who="3" fromWho="3" sc="240,-5,170,-10,250,-5,330,30" /><INIT seed="2,0,0,5,4,24" ten="235,160,245,360" oya="2" hai0="45,88,34,26,134,129,76,91,131,2,73,38,77" hai1="109,93,20,54,21,61,122,63,58,32,80,64,13" hai2="0,49,68,116,46,15,99,110,51,103,56,105,106" hai3="9,82,114,25,83,28,3,108,57,65,16,96,115"/><V6/><F116/><W30/><G108/><T90/><D2/><U97/><E109/><V133/><F110/><W36/><G36/><T48/><D38/><U62/><E122/><V92/><F68/><W37/><G37/><T124/><D124/><U29/><E32/><V102/><F133/><W86/><G96/><T31/><D134/><U14/><E80/><V128/><F0/><W47/><G47/><T11/><D11/><U72/><E72/><V79/><F79/><W17/><G65/><T7/><D7/><U43/><E43/><V52/><F128/><N who="0" m="49226" /><D73/><U87/><E87/><V40/><REACH who="2" step="1"/><F103/><REACH who="2" ten="235,160,235,360" step="2"/><W12/><G3/><T22/><D34/><U18/><E64/><V70/><F70/><W135/><G135/><T98/><D98/><U123/><E123/><V71/><F71/><W81/><G86/><T94/><D94/><U8/><E14/><V101/><F101/><W85/><G85/><T4/><D4/><U117/><E117/><V100/><F100/><W74/><G74/><T89/><N who="0" m="22528" /><DORA hai="55" /><T44/><D44/><U113/><E93/><V27/><F27/><W112/><G57/><T35/><D35/><U53/><E97/><V120/><F120/><W127/><G127/><T104/><D104/><U5/><E58/><V119/><F119/><W50/><G25/><T39/><D39/><U23/><E113/><V67/><F67/><W60/><G114/><T66/><D66/><U69/><E69/><V1/><F1/><W95/><G112/><T130/><D130/><U125/><E125/><V118/><F118/><W59/><G115/><T10/><D45/><RYUUKYOKU ba="0,1" sc="235,-10,160,-10,235,30,360,-10" hai2="6,15,40,46,49,51,52,56,92,99,102,105,106" /><INIT seed="2,1,1,3,2,54" ten="225,150,265,350" oya="2" hai0="63,135,118,44,116,98,52,34,10,62,85,3,97" hai1="75,53,83,60,36,73,74,129,76,120,134,82,4" hai2="18,58,84,21,117,99,130,108,24,13,94,6,126" hai3="15,30,19,69,93,38,17,104,80,105,125,11,65"/><V132/><F117/><N who="0" m="45162" /><D34/><U109/><E36/><V66/><F126/><W131/><G38/><T79/><D135/><U42/><E42/><V114/><F114/><W91/><G125/><T72/><D72/><U121/><E4/><V78/><F132/><W37/><G37/><T31/><D31/><U107/><E134/><V25/><F130/><W12/><G30/><T16/><D3/><U90/><E129/><V33/><F33/><W47/><G47/><T115/><D115/><U122/><E107/><V8/><F108/><W50/><G50/><N who="0" m="28743" /><D79/><N who="1" m="44399" /><E60/><N who="0" m="23081" /><D85/><N who="1" m="48359" /><E53/><V86/><F78/><W106/><G131/><T39/><D39/><U103/><E103/><N who="2" m="60919" /><F25/><W95/><G69/><T119/><D119/><U35/><E35/><V112/><F112/><W23/><G65/><T7/><D7/><U111/><E90/><V0/><F0/><W14/><G14/><AGARI ba="1,1" hai="10,14,16,97,98" m="23081,28743,45162" machi="14" ten="30,3900,0" yaku="12,1,54,2" doraHai="54" who="0" fromWho="3" sc="225,52,150,0,265,0,350,-42" /><INIT seed="3,0,0,1,1,111" ten="277,150,265,308" oya="3" hai0="37,102,54,18,56,109,122,80,5,9,49,26,62" hai1="104,22,7,73,114,19,120,85,14,52,72,101,110" hai2="97,8,53,1,21,117,103,23,46,59,124,60,67" hai3="20,57,83,51,81,63,66,115,125,43,106,41,79"/><W89/><G115/><T24/><D37/><U35/><E120/><V91/><F117/><W75/><G106/><T112/><D122/><U95/><E110/><V107/><F124/><W126/><G20/><T84/><D109/><U13/><E35/><V11/><F11/><W40/><G51/><T92/><D112/><U4/><E114/><V76/><F76/><W31/><G31/><T69/><D18/><N who="1" m="10575" /><E104/><V27/><F91/><W16/><REACH who="3" step="1"/><G16/><REACH who="3" ten="277,150,265,298" step="2"/><T74/><D49/><U29/><E72/><V17/><F23/><W68/><G68/><T90/><D69/><U45/><E73/><V129/><F129/><W118/><G118/><T133/><D74/><U25/><E25/><V32/><F32/><W121/><G121/><T128/><D128/><U99/><E29/><V94/><F46/><W70/><G70/><T116/><D116/><U33/><E33/><V34/><F34/><W93/><G93/><T3/><D133/><U82/><E19/><V108/><F108/><W12/><G12/><T0/><D0/><U96/><E14/><V48/><F107/><W87/><AGARI ba="0,1" hai="40,41,43,57,63,66,75,79,81,83,87,89,125,126" machi="87" ten="30,3000,0" yaku="1,1,0,1,53,0" doraHai="111" doraHaiUra="127" who="3" fromWho="3" sc="277,-10,150,-10,265,-10,298,40" owari="267,6.7,140,-36.0,255,-14.5,338,43.8" /></mjloggm>