<mjloggm ver="2.3"><GO type="225" lobby="0"/><UN n0="%E7%AD%89%E3%80%85%E5%8A%9B%E5%8A%87%E5%A0%B4" n1="%E6%A1%9C%E8%8A%B1%E9%96%83%E3%80%85" n2="%E3%83%9D%E3%83%B3%E3%83%9D%E3%82%B3%E5%95%86%E4%BA%8B" n3="%E8%81%B7%E6%A5%AD%E3%80%81%E9%A2%A8%32" dan="16,17,16,16" rate="2145.47,2146.72,2118.52,2141.71" sx="M,M,M,M"/><TAIKYOKU oya="0"/><INIT seed="0,0,0,1,1,45" ten="250,250,250,250" oya="0" hai0="30,38,87,116,49,101,123,75,42,72,27,135,58" hai1="32,65,110,39,126,90,46,14,103,82,25,55,102" hai2="86,62,85,33,125,7,22,94,9,113,108,64,74" hai3="1,18,6,83,71,11,10,0,57,51,80,96,121"/><T132/><D116/><U106/><E110/><V61/><F33/><W112/><G71/><T48/><D123/><U66/><E126/><V68/><F113/><W93/><G112/><T63/><D101/><U16/><E32/><V41/><F74/><W76/><G121/><T20/><D75/><U3/><E3/><V88/><F108/><W129/><G129/><T73/><D73/><U5/><E5/><V40/><F125/><W23/><G76/><T97/><D72/><U122/><E25/><V69/><F22/><W98/><G98/><T43/><D97/><U77/><E77/><V104/><F104/><W105/><G105/><T52/><D87/><N who="1" m="50551" /><E39/><V60/><F85/><W84/><G84/><T36/><D38/><U2/><E2/><V59/><F62/><W81/><G1/><T120/><D120/><U26/><E26/><V44/><F61/><W99/><G6/><T107/><D107/><U53/><E53/><V31/><F31/><W92/><G0/><T95/><D95/><N who="3" m="36425" /><G99/><T118/><D118/><U130/><E130/><V47/><F68/><W35/><G35/><T117/><D117/><U134/><E122/><V133/><F69/><W128/><G96/><T114/><D114/><U29/><E29/><V111/><F111/><W115/><G115/><T56/><D36/><U12/><E106/><V37/><F37/><W119/><G128/><T34/><D34/><U131/><E131/><V89/><F86/><W79/><G79/><T78/><D78/><U109/><E109/><V124/><F124/><W21/><G119/><T4/><D4/><U28/><E102/><RYUUKYOKU ba="0,0" sc="250,0,250,0,250,0,250,0" /><INIT seed="1,1,0,1,5,112" ten="250,250,250,250" oya="1" hai0="100,118,64,108,72,16,3,107,48,133,39,31,88" hai1="66,8,2,96,0,15,103,125,23,71,10,130,57" hai2="101,1,59,14,99,65,41,105,128,30,55,120,18" hai3="85,78,79,117,63,111,38,33,22,46,97,77,34"/><U9/><E71/><V75/><F120/><W7/><G111/><T84/><D39/><U81/><E125/><V114/><F1/><W95/><G7/><T4/><D72/><U29/><E130/><V21/><F114/><W49/><G38/><T24/><D108/><U61/><E81/><V40/><F128/><W98/><G117/><T121/><D133/><U67/><E67/><V110/><F110/><W19/><G33/><T56/><D121/><U52/><E66/><V25/><F65/><W132/><G34/><T42/><D118/><U102/><E102/><V119/><F75/><W115/><G63/><T47/><D107/><U36/><E36/><V11/><REACH who="2" step="1"/><F119/><REACH who="2" ten="250,250,240,250" step="2"/><W109/><G109/><T129/><D129/><U37/><E37/><V12/><F12/><W70/><G115/><T87/><D3/><U68/><E68/><V135/><F135/><W74/><G132/><T51/><D64/><U35/><E35/><V17/><F17/><W106/><G74/><T26/><D16/><U58/><E15/><V134/><F134/><W73/><G73/><T123/><D123/><U54/><E29/><V91/><F91/><N who="3" m="53743" /><G70/><T92/><D31/><U124/><E124/><V116/><F116/><W62/><G19/><T89/><D4/><U82/><E0/><V32/><F32/><W131/><G131/><T126/><D126/><U113/><E2/><V93/><F93/><W44/><G106/><T43/><D92/><N who="1" m="58759" /><E113/><V27/><F27/><W90/><G90/><T69/><D69/><U28/><E28/><V94/><F94/><W104/><G104/><T13/><D89/><RYUUKYOKU ba="1,1" sc="250,-10,250,-10,240,30,250,-10" hai2="11,14,18,21,25,30,40,41,55,59,99,101,105" /><INIT seed="2,2,1,5,2,44" ten="240,240,270,240" oya="2" hai0="128,31,84,112,92,49,88,74,32,67,120,59,133" hai1="85,72,15,50,70,103,105,57,34,73,46,40,62" hai2="125,6,55,89,13,98,106,94,93,45,14,65,81" hai3="109,68,20,127,24,21,71,16,108,22,79,18,58"/><V51/><F125/><W8/><G127/><T122/><D112/><U38/><E34/><V28/><F106/><W124/><G124/><T104/><D74/><U96/><E85/><V2/><F2/><W121/><G121/><T29/><D104/><U111/><E111/><N who="3" m="42570" /><G79/><T48/><D133/><U23/><E23/><N who="3" m="8778" /><G58/><T12/><D128/><U101/><E101/><V126/><F126/><W113/><N who="3" m="8786" /><W10/><DORA hai="17" /><G113/><T130/><D130/><U35/><E35/><V97/><F81/><W116/><G116/><T115/><D32/><U118/><E15/><V66/><F28/><N who="0" m="10826" /><D115/><U119/><E119/><V47/><F47/><W100/><G24/><T37/><D122/><U42/><E118/><V77/><F77/><W123/><G100/><T76/><D120/><U90/><E57/><V30/><F30/><W1/><G1/><T114/><D114/><U25/><E25/><V61/><F6/><W52/><G52/><T135/><D76/><U75/><E103/><N who="2" m="60847" /><F61/><W129/><G129/><T0/><D0/><U26/><E26/><V3/><F3/><W86/><G123/><T80/><D59/><U87/><E62/><V5/><F5/><W91/><G68/><T69/><D69/><U27/><E70/><V53/><F53/><W4/><G71/><T33/><D33/><U11/><E27/><V82/><F66/><W83/><G4/><T19/><D67/><U134/><E73/><V107/><F65/><W117/><G117/><T41/><D12/><N who="2" m="4714" /><F107/><W36/><G36/><T95/><D37/><N who="1" m="21775" /><E75/><V78/><F78/><W39/><G39/><T43/><D43/><RYUUKYOKU ba="2,1" sc="240,-15,240,-15,270,15,240,15" hai2="45,51,55,82,89,94,98" hai3="8,10,16,18,83,86,91" /><INIT seed="2,3,1,3,0,7" ten="225,225,285,255" oya="2" hai0="34,106,119,20,64,44,37,131,63,2,73,110,126" hai1="35,120,112,134,94,29,65,115,123,6,105,18,45" hai2="57,108,111,23,42,85,31,104,28,66,39,132,0" hai3="17,124,86,50,47,87,118,16,117,36,24,69,135"/><V75/><F75/><W83/><G69/><T30/><RYUUKYOKU type="yao9" ba="3,1" sc="225,0,225,0,285,0,255,0" hai0="2,20,30,34,37,44,63,64,73,106,110,119,126,131" /><INIT seed="2,4,1,3,1,101" ten="225,225,285,255" oya="2" hai0="102,91,108,27,31,86,61,58,127,75,50,63,95" hai1="55,78,49,40,8,26,16,57,121,37,64,38,29" hai2="99,134,73,51,11,97,126,0,13,82,131,89,36" hai3="34,9,32,76,54,130,62,85,65,129,33,46,52"/><V60/><F36/><W15/><G76/><T79/><D108/><U2/><E121/><V43/><F0/><W94/><G94/><T132/><D132/><U35/><E78/><V83/><F73/><W14/><G85/><T1/><D1/><U48/><E64/><V128/><F134/><W59/><G15/><T92/><D127/><U135/><E135/><V71/><F126/><W28/><G28/><T47/><D75/><U122/><E122/><V87/><F83/><W133/><G133/><T10/><D79/><U39/><E48/><V124/><F124/><W30/><G30/><T90/><D10/><U125/><E125/><V69/><F51/><W45/><G45/><T25/><D102/><U24/><E24/><V7/><F43/><W66/><G46/><T98/><D31/><U115/><E115/><V3/><F3/><W20/><G20/><T19/><D19/><U41/><REACH who="1" step="1"/><E16/><REACH who="1" ten="225,215,285,255" step="2"/><V88/><F60/><W113/><G113/><T80/><D63/><U109/><E109/><V4/><F4/><AGARI ba="4,2" hai="2,4,8,26,29,35,37,38,39,40,41,49,55,57" machi="4" ten="40,2600,0" yaku="1,1,53,1" doraHai="101" doraHaiUra="53" who="1" fromWho="2" sc="225,0,215,58,285,-38,255,0" /><INIT seed="3,0,0,4,5,44" ten="225,273,247,255" oya="3" hai0="135,53,106,63,56,68,73,66,88,99,20,48,121" hai1="11,92,61,71,113,2,22,17,130,30,80,21,62" hai2="131,87,125,39,116,43,9,64,82,23,55,52,26" hai3="107,93,40,85,27,1,10,4,126,25,3,90,47"/><W41/><G126/><T81/><D121/><U117/><E113/><V112/><F112/><W115/><G107/><T114/><D114/><U104/><E104/><V36/><F116/><W42/><G115/><T50/><D135/><U76/><E130/><V129/><F64/><W91/><G3/><T35/><D35/><U128/><E128/><N who="2" m="49227" /><F9/><W105/><G105/><T78/><D20/><U8/><E92/><V46/><F39/><W102/><G102/><T12/><D12/><U58/><E61/><V111/><F111/><W18/><G18/><T15/><D15/><U96/><E96/><V94/><F94/><W28/><G91/><T38/><D38/><U32/><E71/><V49/><F36/><W13/><G1/><T57/><D88/><U79/><E8/><V118/><F125/><W19/><G4/><T123/><D123/><U65/><E117/><V84/><F118/><W97/><G97/><T67/><D99/><U6/><E80/><V74/><F74/><W72/><G72/><T45/><D106/><U77/><E17/><N who="2" m="12655" /><F87/><W133/><G133/><T100/><D100/><U75/><E75/><V110/><F110/><W5/><G5/><T124/><D124/><U89/><E6/><V120/><F120/><W54/><G28/><T0/><D0/><U109/><E109/><V34/><F34/><W98/><G98/><T132/><D132/><U24/><E2/><V95/><F95/><W31/><G31/><T127/><D127/><U29/><E29/><V103/><F103/><W119/><G119/><T59/><D67/><U101/><E101/><V7/><F7/><RYUUKYOKU ba="0,0" sc="225,10,273,-30,247,10,255,10" hai0="45,48,50,53,56,57,59,63,66,68,73,78,81" hai2="43,46,49,52,55,82,84" hai3="10,13,19,25,27,40,41,42,47,54,85,90,93" /><INIT seed="3,1,0,5,3,107" ten="235,243,257,265" oya="3" hai0="30,73,8,20,0,22,82,3,119,35,16,83,23" hai1="40,29,88,126,121,76,33,48,81,52,77,67,96" hai2="111,18,56,115,17,105,39,117,102,46,120,36,78" hai3="14,55,113,80,86,65,135,38,53,101,103,50,109"/><W122/><G113/><T25/><D83/><U58/><E121/><V7/><F117/><W43/><G122/><T9/><D73/><U124/><E67/><V62/><F120/><W99/><G135/><T41/><D82/><U69/><E69/><V74/><F115/><W127/><G127/><N who="1" m="48682" /><E40/><V24/><F7/><W75/><G75/><T134/><D41/><U6/><E6/><V112/><F112/><W79/><G38/><T116/><D134/><U93/><E81/><V123/><F123/><W59/><G109/><T13/><D119/><U72/><E72/><V110/><F102/><W47/><G14/><N who="0" m="7239" /><D116/><U104/><E104/><V49/><F105/><W94/><G103/><T15/><D15/><U34/><E29/><V70/><F70/><W21/><G21/><T5/><AGARI ba="1,0" hai="0,3,5,9,13,20,22,23,25,30,35" m="7239" machi="5" ten="30,12000,2" yaku="35,5,54,1" doraHai="107" who="0" fromWho="0" sc="235,123,243,-31,257,-31,265,-61" owari="358,45.8,212,-18.8,226,2.6,204,-29.6" /></mjloggm>