<mjloggm ver="2.3"><GO type="225" lobby="0"/><UN n0="%33%74%72%65%65" n1="%E3%81%A9%E3%82%93%E3%82%88%E3%81%8F%4D%6B%2E%32" n2="%E9%A2%A8%E3%81%A7%E9%B3%B4%E3%81%8F" n3="%E5%8F%AF%E5%85%90%E9%82%A3%E7%94%B1%E5%A4%9A" dan="16,16,16,16" rate="2134.96,2171.30,2163.32,2171.01" sx="F,M,M,F"/><TAIKYOKU oya="0"/><INIT seed="0,0,0,0,1,92" ten="250,250,250,250" oya="0" hai0="115,67,130,42,100,37,81,35,126,77,52,109,18" hai1="87,132,34,39,86,23,71,63,98,85,121,127,36" hai2="6,19,4,120,101,84,57,1,53,131,96,44,74" hai3="65,95,26,108,7,16,5,134,29,88,55,135,122"/><T13/><D115/><U111/><E121/><V45/><F74/><W20/><G122/><T90/><D130/><U97/><E34/><V17/><F120/><W41/><G108/><T133/><D109/><U3/><E3/><V33/><F33/><W104/><G104/><T70/><D35/><U106/><E111/><V128/><F84/><W66/><G41/><T116/><D116/><U68/><E106/><V78/><F78/><W58/><G29/><T46/><D133/><N who="3" m="50697" /><G66/><T117/><D117/><U2/><E2/><V21/><F19/><W9/><G65/><T129/><D129/><N who="2" m="49738" /><F6/><W24/><G24/><T91/><D67/><U112/><E132/><V31/><F4/><W22/><G22/><T50/><D70/><U80/><E80/><V40/><F40/><W105/><G105/><T94/><D42/><U28/><E112/><V123/><F31/><W113/><G9/><N who="0" m="6447" /><D37/><U25/><E127/><V8/><F8/><W102/><G102/><T99/><D126/><U73/><E73/><V76/><F76/><W10/><G10/><T47/><D47/><U59/><E71/><V75/><F75/><W107/><G107/><T30/><D30/><U48/><E68/><V32/><F32/><W0/><G0/><T60/><D60/><U79/><E79/><V114/><F1/><W61/><G113/><T27/><D27/><U89/><E63/><N who="2" m="36271" /><F123/><W38/><G38/><T15/><D15/><U69/><E69/><V119/><F119/><W124/><G124/><T43/><D43/><U82/><E36/><V103/><F114/><W110/><G110/><T93/><D93/><RYUUKYOKU ba="0,0" sc="250,15,250,-15,250,-15,250,15" hai0="46,50,52,77,81,90,91,94,99,100" hai3="5,7,16,20,26,55,58,61,88,95" /><INIT seed="0,1,0,1,5,24" ten="265,235,235,265" oya="0" hai0="22,119,92,9,95,114,18,26,21,94,51,135,110" hai1="39,28,74,111,101,128,98,35,90,103,32,6,113" hai2="38,58,60,78,132,15,127,52,56,85,91,133,121" hai3="36,129,100,7,42,47,61,122,120,88,112,11,41"/><T102/><D114/><U2/><E39/><V54/><F38/><W53/><G112/><T65/><D119/><U16/><E111/><V83/><F121/><W27/><G100/><T117/><D117/><U5/><E113/><V118/><F118/><W31/><G129/><T76/><D110/><U25/><E35/><V12/><F127/><W63/><G42/><T44/><D135/><N who="2" m="51786" /><F78/><W106/><G106/><T89/><D76/><U134/><E74/><V29/><F29/><W72/><G72/><T105/><D65/><U99/><E128/><V109/><F109/><W48/><G36/><T1/><D105/><U37/><E37/><V43/><F43/><W40/><G40/><T20/><D102/><U125/><E125/><V66/><F66/><W64/><G41/><T73/><D73/><U23/><E134/><V34/><F34/><N who="3" m="20863" /><G64/><T49/><D89/><U96/><E90/><V86/><F85/><W123/><G88/><T59/><D44/><U124/><E6/><V126/><F126/><W108/><G108/><T93/><N who="0" m="23552" /><DORA hai="17" /><T8/><D1/><AGARI ba="1,0" hai="1,7,11,47,48,53,61,63,120,122,123" m="20863" machi="1" ten="30,2000,0" yaku="13,1,52,1" doraHai="24,17" who="3" fromWho="0" sc="265,-23,235,0,235,0,265,23" /><INIT seed="1,0,0,2,3,32" ten="242,235,235,288" oya="1" hai0="94,71,47,107,98,61,114,37,117,6,122,22,77" hai1="89,127,59,2,7,99,69,67,65,9,91,102,41" hai2="28,57,34,111,10,80,11,70,113,128,103,132,16" hai3="26,64,30,95,38,79,12,116,121,14,24,123,54"/><U96/><E69/><V93/><F70/><W104/><G104/><T82/><D107/><U110/><E127/><V131/><F111/><W101/><G38/><T66/><D117/><U62/><E67/><V72/><F132/><W36/><G36/><T86/><D114/><U124/><E124/><V3/><F113/><W134/><G134/><T46/><D122/><U19/><E110/><V120/><F120/><W15/><G116/><T44/><D6/><U130/><E130/><V60/><F28/><W135/><G135/><T48/><D22/><U1/><E1/><V73/><F34/><W115/><G115/><T83/><D83/><U126/><E126/><V17/><F93/><W31/><G64/><T88/><REACH who="0" step="1"/><D37/><REACH who="0" ten="232,235,235,288" step="2"/><U56/><E41/><AGARI ba="0,1" hai="41,44,46,47,48,61,66,71,77,82,86,88,94,98" machi="41" ten="30,7700,0" yaku="1,1,2,1,7,1,54,1,53,0" doraHai="32" doraHaiUra="112" who="0" fromWho="1" sc="232,87,235,-77,235,0,288,0" /><INIT seed="2,0,0,0,5,84" ten="319,158,235,288" oya="2" hai0="12,119,88,118,20,58,52,25,107,92,50,131,47" hai1="93,44,5,3,113,128,10,61,85,127,70,99,123" hai2="81,98,26,65,38,124,56,1,30,117,95,134,82" hai3="0,71,103,69,63,66,74,28,100,18,27,24,115"/><V21/><F1/><W114/><G0/><T105/><D12/><U42/><E113/><N who="3" m="43018" /><G74/><T64/><D131/><U75/><E75/><V108/><F38/><W116/><G116/><N who="0" m="44587" /><D64/><U32/><E32/><V19/><F117/><W83/><G71/><T77/><D77/><U106/><E128/><V13/><F124/><W101/><G18/><N who="0" m="12439" /><D47/><U33/><E33/><V31/><F134/><W45/><G45/><T130/><D130/><U2/><E2/><V112/><F108/><W17/><G17/><T68/><D68/><U72/><E72/><V16/><F19/><W125/><G125/><T80/><D80/><U135/><E127/><V34/><F112/><W37/><G37/><T121/><D121/><U94/><E123/><V22/><F31/><W78/><G28/><T57/><D57/><U15/><E3/><V86/><F86/><AGARI ba="0,0" hai="50,52,58,86,88,92,105,107" m="12439,44587" machi="86" ten="30,7700,0" yaku="12,1,52,1,54,2" doraHai="84" who="0" fromWho="2" sc="319,77,158,0,235,-77,288,0" /><INIT seed="3,0,0,3,5,134" ten="396,158,158,288" oya="3" hai0="106,49,114,112,22,84,95,100,79,113,36,3,53" hai1="105,71,127,74,77,55,107,68,133,128,27,83,16" hai2="44,25,96,14,132,69,75,116,119,111,70,46,13" hai3="21,92,0,59,38,86,108,24,120,52,88,6,9"/><W66/><G120/><T10/><D36/><U125/><E133/><V123/><F132/><W12/><G108/><T57/><D106/><N who="1" m="40459" /><E55/><V7/><F75/><W135/><G135/><T61/><D22/><N who="1" m="13767" /><E128/><V41/><F96/><W63/><G38/><T34/><D34/><U32/><E32/><V72/><F72/><W99/><G0/><T67/><D100/><U23/><E23/><V31/><F111/><W91/><G66/><T130/><D130/><U19/><E19/><V50/><F123/><W33/><G33/><T94/><D84/><U93/><E93/><V103/><F103/><W48/><G48/><T39/><D79/><U2/><E2/><V102/><F102/><W80/><G21/><T76/><D76/><U8/><E8/><V5/><F50/><W4/><G24/><T118/><D118/><U126/><AGARI ba="0,0" hai="68,71,74,77,83,125,126,127" m="13767,40459" machi="126" ten="40,8000,1" yaku="18,1,52,3,54,1" doraHai="134" who="1" fromWho="1" sc="396,-20,158,80,158,-20,288,-40" owari="376,47.6,238,-16.2,138,-36.2,248,4.8" /></mjloggm>