<mjloggm ver="2.3"><GO type="225" lobby="0"/><UN n0="%E3%81%BF%E3%81%BF%E3%81%9A" n1="%E3%81%82%E3%81%B9%E3%81%99%E3%81%91" n2="%6D%75%75%6D%75%72%61" n3="%E5%84%AA%40%41%42%43" dan="16,16,16,17" rate="2140.15,2111.75,2127.23,2193.01" sx="M,M,F,M"/><TAIKYOKU oya="0"/><INIT seed="0,0,0,5,1,56" ten="250,250,250,250" oya="0" hai0="46,89,10,3,52,128,88,93,131,110,90,96,97" hai1="95,74,64,111,50,37,17,103,7,79,87,85,76" hai2="1,58,44,102,22,108,28,34,80,53,48,78,42" hai3="41,60,19,124,11,20,99,77,35,82,114,100,107"/><T45/><D110/><U68/><E37/><V112/><F108/><W29/><G114/><T12/><D3/><U24/><E7/><V113/><F34/><W26/><G124/><T123/><D123/><U120/><E111/><V49/><F1/><W81/><G41/><T5/><D46/><U61/><E74/><V98/><F22/><W15/><G77/><T130/><D93/><U132/><E132/><V104/><REACH who="2" step="1"/><F28/><REACH who="2" ten="250,250,240,250" step="2"/><W94/><G35/><T8/><D8/><U62/><E120/><V27/><F27/><W36/><G36/><T109/><D109/><U119/><E24/><V39/><F39/><W83/><G107/><T47/><D47/><U66/><E119/><V127/><F127/><W106/><G106/><T2/><D2/><U84/><E79/><V115/><F115/><W31/><REACH who="3" step="1"/><G60/><REACH who="3" ten="250,250,240,240" step="2"/><T121/><D121/><U32/><E76/><V16/><F16/><AGARI ba="0,2" hai="11,15,16,19,20,26,29,31,81,82,83,94,99,100" machi="16" ten="40,8000,1" yaku="1,1,2,1,8,1,54,1,53,0" doraHai="56" doraHaiUra="135" who="3" fromWho="2" sc="250,0,250,0,240,-80,240,100" /><INIT seed="1,0,0,0,2,102" ten="250,250,160,340" oya="1" hai0="110,46,96,50,79,83,31,77,120,16,25,106,57" hai1="105,34,36,126,60,52,111,21,17,130,78,87,69" hai2="100,123,24,20,0,35,61,19,71,84,18,5,1" hai3="107,47,33,116,89,38,6,12,122,39,11,119,41"/><U85/><E34/><V82/><F123/><W74/><G122/><T2/><D120/><U40/><E130/><V62/><F35/><W44/><G33/><T55/><D2/><U65/><E126/><V58/><F5/><W75/><G107/><T63/><D110/><U37/><E111/><V125/><F125/><W91/><G89/><T73/><D79/><U45/><E37/><V30/><F1/><N who="3" m="463" /><G91/><T42/><D31/><U67/><E67/><V115/><F0/><W132/><G12/><T3/><D3/><U117/><E105/><V101/><F115/><W4/><G4/><T80/><D80/><U86/><E117/><N who="3" m="45130" /><G132/><T15/><D25/><U7/><E7/><V133/><F133/><W49/><G38/><T118/><D118/><U121/><E121/><V131/><F131/><W13/><G13/><T81/><D77/><U51/><E78/><V54/><F100/><W70/><G70/><T128/><D73/><U108/><E108/><V103/><F103/><W14/><G14/><T59/><D128/><U68/><E68/><V112/><F112/><W129/><G129/><T9/><D106/><U64/><E64/><V10/><F101/><W93/><G93/><T22/><D96/><U98/><E98/><V66/><REACH who="2" step="1"/><F10/><REACH who="2" ten="250,250,150,340" step="2"/><W124/><G124/><T32/><D32/><U127/><E127/><V90/><AGARI ba="0,1" hai="18,19,20,24,30,54,58,61,62,66,71,82,84,90" machi="90" ten="20,5200,0" yaku="1,1,2,1,0,1,7,1,53,0" doraHai="102" doraHaiUra="134" who="2" fromWho="2" sc="250,-13,250,-26,150,62,340,-13" /><INIT seed="2,0,0,0,5,2" ten="237,224,212,327" oya="2" hai0="33,27,79,94,105,81,129,75,50,104,0,20,40" hai1="7,72,133,17,131,124,77,130,69,18,14,5,123" hai2="16,114,55,23,13,64,32,35,85,43,58,86,90" hai3="122,107,74,53,41,89,121,6,103,83,29,91,112"/><V80/><F114/><W87/><G29/><T71/><D71/><U101/><E133/><V48/><F64/><W76/><G41/><T28/><D129/><N who="1" m="49163" /><E124/><V34/><F43/><W38/><G38/><T78/><D78/><U54/><E123/><V24/><REACH who="2" step="1"/><F85/><REACH who="2" ten="237,224,202,327" step="2"/><W88/><G112/><T3/><D40/><U65/><E65/><V60/><F60/><W102/><G121/><T125/><D125/><U66/><E66/><V30/><AGARI ba="0,1" hai="13,16,23,24,30,32,34,35,48,55,58,80,86,90" machi="30" ten="30,11700,0" yaku="1,1,0,1,54,1,53,1" doraHai="2" doraHaiUra="47" who="2" fromWho="2" sc="237,-39,224,-39,202,127,327,-39" /><INIT seed="2,1,0,1,1,121" ten="198,185,329,288" oya="2" hai0="86,45,8,34,30,37,67,112,41,76,33,46,69" hai1="109,95,48,15,36,74,97,128,51,94,125,100,93" hai2="92,129,29,87,5,98,102,38,24,1,77,17,2" hai3="49,135,27,63,70,111,68,21,66,122,88,0,64"/><V60/><F129/><W107/><G122/><T105/><D112/><U72/><E36/><V16/><F38/><W25/><G0/><T117/><D105/><U126/><E15/><V131/><F131/><W130/><G130/><T54/><D117/><U134/><E128/><V75/><F75/><N who="1" m="28713" /><E51/><V114/><F114/><W28/><G107/><T81/><D30/><U14/><E14/><V91/><F77/><W7/><G7/><T78/><D8/><U39/><E48/><V85/><F60/><W13/><G13/><T57/><D45/><U52/><E52/><V120/><F120/><W82/><G49/><N who="0" m="30927" /><D76/><U44/><E44/><V19/><F5/><W79/><G79/><T106/><D106/><N who="1" m="63759" /><E39/><V47/><F47/><W133/><G27/><T62/><AGARI ba="1,0" hai="33,34,37,41,46,62,67,69,78,81,86" m="30927" machi="62" ten="30,1100,0" yaku="24,1" doraHai="121" who="0" fromWho="0" sc="198,14,185,-4,329,-6,288,-4" /><INIT seed="3,0,0,4,5,107" ten="212,181,323,284" oya="3" hai0="52,29,20,27,31,53,134,28,2,51,6,5,110" hai1="57,130,125,46,10,34,131,60,21,103,25,37,104" hai2="105,129,100,62,71,72,96,94,101,19,47,124,4" hai3="126,39,64,98,35,45,55,14,67,61,99,111,85"/><W79/><G35/><T17/><D110/><U50/><E125/><V113/><F113/><W93/><G126/><T77/><D134/><U117/><E117/><V82/><F124/><W54/><G39/><T122/><D122/><U74/><E37/><V133/><F4/><W78/><G111/><T102/><D2/><U114/><E114/><V76/><F129/><W128/><G128/><N who="1" m="49194" /><E34/><V41/><F133/><W48/><G14/><T118/><D118/><U88/><E10/><V89/><F105/><W84/><G93/><T115/><D115/><U68/><E68/><V1/><F1/><W23/><G23/><T92/><D77/><U70/><E70/><V24/><F71/><W91/><G91/><T119/><D119/><U11/><E11/><V40/><F101/><W42/><G61/><T15/><D27/><U135/><E135/><V86/><F62/><W127/><G127/><T49/><D102/><U95/><E103/><V69/><F69/><W66/><G85/><T106/><D106/><U65/><E104/><V112/><F112/><W44/><G84/><T59/><REACH who="0" step="1"/><D92/><REACH who="0" ten="202,181,323,284" step="2"/><U90/><E95/><V73/><F94/><W81/><G79/><T12/><D12/><U121/><E121/><V7/><F76/><W83/><G78/><T109/><D109/><U33/><E33/><V108/><F100/><W43/><G67/><T38/><D38/><U26/><E74/><V75/><F108/><W36/><G36/><T13/><D13/><U8/><E8/><V22/><F72/><W123/><G123/><T9/><D9/><U116/><E116/><V16/><F73/><RYUUKYOKU ba="0,1" sc="202,15,181,-15,323,-15,284,15" hai0="5,6,15,17,20,28,29,31,49,51,52,53,59" hai3="42,43,44,45,48,54,55,64,66,81,83,98,99" /><INIT seed="3,1,1,5,2,98" ten="217,166,308,299" oya="3" hai0="90,13,108,80,43,107,68,51,78,64,73,60,59" hai1="0,18,85,30,130,118,28,16,123,122,77,42,96" hai2="119,102,79,103,117,40,9,54,50,26,3,56,95" hai3="11,87,47,46,94,71,15,62,35,114,24,8,120"/><W93/><G120/><T127/><D108/><U106/><E0/><V74/><F26/><W121/><G121/><T69/><D127/><U75/><E130/><V39/><F95/><W109/><G114/><T7/><D107/><U82/><E118/><V45/><F102/><W92/><G109/><T49/><D90/><U105/><E42/><V10/><F103/><W36/><G36/><T55/><D51/><U132/><E75/><V48/><F48/><W57/><G71/><T5/><D13/><U83/><E96/><V116/><F3/><W67/><G35/><T29/><D29/><U65/><E65/><V66/><F66/><W38/><G24/><T111/><D69/><U84/><REACH who="1" step="1"/><E77/><REACH who="1" ten="217,156,308,299" step="2"/><V4/><F79/><W126/><G126/><T2/><D111/><U17/><E17/><V61/><F74/><W33/><G67/><T104/><D2/><U37/><E37/><V99/><F99/><W58/><G38/><T112/><D112/><U21/><E21/><V53/><F4/><N who="3" m="3463" /><G33/><T128/><D128/><U100/><E100/><V110/><F110/><W134/><G11/><T124/><D124/><U135/><AGARI ba="1,2" hai="16,18,28,30,82,83,84,85,105,106,122,123,132,135" machi="135" ten="25,8000,1" yaku="1,1,0,1,22,2,54,1,53,0" doraHai="98" doraHaiUra="86" who="1" fromWho="1" sc="217,-21,156,103,308,-21,299,-41" /><INIT seed="4,0,0,0,5,129" ten="196,259,287,258" oya="0" hai0="102,52,27,13,3,104,43,36,101,41,120,93,110" hai1="54,23,60,66,98,77,38,51,116,49,45,61,31" hai2="126,57,20,134,59,122,24,128,35,85,76,4,28" hai3="115,44,131,64,72,130,10,79,87,86,33,32,117"/><T112/><D120/><U124/><E116/><V0/><F122/><W91/><G117/><T132/><D3/><U56/><E77/><V95/><F128/><N who="3" m="49195" /><G64/><T111/><D104/><U63/><E98/><V68/><F68/><W58/><G58/><T70/><D70/><N who="1" m="42311" /><E23/><V127/><F134/><W55/><G72/><T5/><D112/><U105/><E31/><V40/><F40/><N who="0" m="15434" /><D36/><U92/><E92/><V39/><F39/><W15/><G79/><T80/><D80/><U9/><E9/><N who="2" m="2183" /><F76/><W96/><G96/><T8/><D93/><U30/><E124/><V114/><F114/><W18/><G115/><T12/><D27/><U22/><E105/><V108/><F95/><N who="3" m="54775" /><G87/><T37/><D37/><U69/><E38/><V89/><F85/><W109/><G109/><N who="0" m="41483" /><D132/><U7/><E69/><V46/><F108/><W65/><G65/><T1/><D52/><U113/><E54/><V123/><F123/><W118/><G118/><T81/><D81/><U88/><E113/><V34/><F126/><W90/><G90/><T6/><D6/><U29/><E88/><V21/><F127/><W94/><G94/><T26/><D26/><U99/><E7/><V121/><F89/><W42/><G42/><T47/><D47/><U2/><E45/><V73/><F121/><W82/><G82/><T67/><D67/><U100/><E2/><V78/><F46/><W48/><AGARI ba="0,0" hai="10,15,18,32,33,44,48,55" m="54775,49195" machi="48" ten="30,1100,0" yaku="19,1" doraHai="129" who="3" fromWho="3" sc="196,-5,259,-3,287,-3,258,11" /><INIT seed="5,0,0,4,4,36" ten="191,256,284,269" oya="1" hai0="78,3,49,32,23,51,62,122,58,40,104,111,50" hai1="126,26,107,77,130,12,117,86,134,65,1,112,61" hai2="73,124,21,57,96,16,47,34,92,66,52,25,119" hai3="59,27,125,42,5,82,22,99,45,98,0,123,101"/><U33/><E117/><V68/><F119/><W48/><G123/><T106/><D32/><U20/><E112/><V115/><F73/><W76/><G125/><T91/><D3/><U94/><E107/><V11/><F34/><W56/><G0/><T19/><D122/><U6/><E130/><V54/><F68/><W69/><G5/><T41/><D111/><U89/><E126/><V97/><F97/><W55/><G69/><T109/><D109/><U133/><E77/><V79/><F79/><W100/><G99/><T17/><D78/><U81/><E33/><V4/><F47/><W113/><G113/><T80/><D106/><U13/><E81/><V87/><F87/><N who="3" m="48583" /><G98/><T135/><D104/><U121/><E6/><V44/><F44/><W18/><G59/><T10/><D135/><N who="1" m="51723" /><E121/><V43/><F115/><W31/><G31/><T14/><D80/><U102/><E102/><N who="3" m="39530" /><G56/><T132/><D91/><U63/><E63/><V127/><F127/><W93/><G93/><T84/><D84/><U131/><E131/><V53/><F57/><W103/><G103/><T90/><D90/><U67/><E61/><V120/><F120/><W60/><G60/><T30/><D132/><U72/><E72/><V29/><F124/><W118/><G118/><T38/><D30/><N who="1" m="17735" /><E1/><V70/><F4/><W15/><G27/><N who="0" m="14831" /><D38/><U75/><E75/><V8/><F25/><W110/><G110/><T28/><D28/><U129/><E129/><V2/><F29/><W105/><G105/><T85/><D85/><U37/><E37/><V114/><F2/><W35/><G35/><T108/><D108/><RYUUKYOKU ba="0,0" sc="191,10,256,10,284,-30,269,10" hai0="10,14,19,40,41,49,50,51,58,62" hai1="12,13,65,67,86,89,94" hai3="15,18,22,42,45,48,55" /><INIT seed="5,1,0,1,1,50" ten="201,266,254,279" oya="1" hai0="73,83,131,94,89,14,0,107,44,113,72,99,114" hai1="103,106,40,101,88,86,9,100,62,78,3,125,79" hai2="13,87,112,1,47,25,12,80,132,20,75,31,4" hai3="108,5,91,124,82,7,45,49,59,116,135,126,68"/><U43/><E106/><V56/><F75/><N who="0" m="28746" /><D0/><U2/><E125/><N who="3" m="48234" /><G108/><T22/><D44/><U24/><E24/><V69/><F69/><W63/><G68/><T67/><D67/><U81/><E62/><V105/><F105/><W55/><G135/><T57/><D57/><U42/><REACH who="1" step="1"/><E9/><REACH who="1" ten="201,256,254,279" step="2"/><V96/><F25/><W6/><G116/><T8/><D22/><U70/><E70/><V134/><F20/><W38/><G38/><T29/><D29/><U104/><E104/><V60/><F31/><W122/><G122/><T102/><D8/><U109/><E109/><V37/><F37/><W130/><G130/><T90/><D14/><U11/><E11/><V21/><F13/><W52/><G5/><T17/><D17/><U26/><E26/><V54/><F4/><W51/><G63/><T28/><D28/><U133/><E133/><V77/><F132/><W95/><G82/><T110/><D110/><U58/><E58/><V92/><F134/><W64/><G64/><T10/><D10/><U93/><E93/><V33/><F92/><W76/><G76/><AGARI ba="1,1" hai="2,3,40,42,43,76,78,79,81,86,88,100,101,103" machi="76" ten="40,3900,0" yaku="1,1,54,1,53,0" doraHai="50" doraHaiUra="23" who="1" fromWho="3" sc="201,0,256,52,254,0,279,-42" owari="201,-29.9,308,40.8,254,5.4,237,-16.3" /></mjloggm>