<mjloggm ver="2.3"><GO type="225" lobby="0"/><UN n0="%6D%75%75%6D%75%72%61" n1="%E3%81%8B%E3%82%8F%E3%81%A1%E3%82%83%E3%82%93%35%38" n2="%4E%55%44%41" n3="%E8%BE%9B%E5%8F%A3%E3%82%AB%E3%83%AC%E3%83%BC%E3%83%A9%E3%82%A4%E3%82%B9" dan="16,16,16,16" rate="2147.02,2158.34,2124.21,2206.20" sx="F,M,M,M"/><TAIKYOKU oya="0"/><INIT seed="0,0,0,0,1,135" ten="250,250,250,250" oya="0" hai0="67,31,50,72,9,112,54,49,100,114,103,91,132" hai1="28,10,7,86,0,19,16,126,78,44,96,98,134" hai2="6,90,81,122,33,64,85,101,108,77,97,73,125" hai3="24,127,71,29,106,87,65,25,105,21,76,35,36"/><T57/><D132/><U45/><E134/><V63/><F122/><W26/><G36/><T104/><D72/><U59/><E28/><V8/><F108/><W34/><G71/><T30/><D67/><U37/><E59/><V131/><F131/><W70/><G70/><T39/><D39/><U55/><E37/><V118/><F33/><W88/><G65/><T102/><D104/><U133/><E133/><V18/><F118/><W121/><G76/><T11/><D112/><U75/><E75/><V110/><F110/><W80/><G121/><T3/><D114/><U84/><E78/><V94/><F18/><W52/><G127/><T43/><D91/><U62/><E62/><V74/><F125/><W128/><G128/><T12/><D3/><U46/><E55/><V51/><F51/><W17/><REACH who="3" step="1"/><G52/><REACH who="3" ten="250,250,250,240" step="2"/><N who="0" m="31887" /><D43/><U120/><E120/><V93/><F73/><W123/><G123/><T113/><D113/><U13/><E126/><V56/><F74/><W61/><G61/><T42/><D42/><U40/><E40/><V4/><F77/><W79/><G79/><T130/><D130/><U27/><E45/><V99/><F63/><W32/><G32/><T124/><D124/><U14/><E44/><V89/><F64/><W48/><G48/><T1/><D54/><U111/><E46/><V23/><F56/><W83/><G83/><T107/><D50/><U22/><E111/><V60/><F60/><W92/><G92/><T41/><D41/><U82/><E82/><V109/><F109/><W20/><G20/><T116/><D107/><U117/><E22/><V47/><F23/><RYUUKYOKU ba="0,1" sc="250,-10,250,-10,250,-10,240,30" hai3="17,21,24,25,26,29,34,35,80,87,88,105,106" /><INIT seed="1,1,1,0,0,97" ten="240,240,240,270" oya="1" hai0="60,83,10,63,32,103,48,101,76,94,130,34,23" hai1="13,115,27,111,118,8,36,57,95,82,15,17,129" hai2="88,50,110,87,1,0,80,104,26,3,123,61,20" hai3="78,39,71,55,54,47,126,116,127,68,96,25,85"/><U112/><E36/><V46/><F123/><W100/><G25/><T67/><D130/><U22/><E118/><V30/><F110/><W6/><G6/><T56/><D23/><U4/><E129/><V9/><F104/><W31/><G31/><T24/><D48/><U86/><E111/><V51/><F61/><W120/><G120/><T131/><D131/><U33/><E95/><V79/><F9/><W38/><G85/><T74/><D94/><U134/><E134/><V109/><F109/><W45/><G78/><T81/><D81/><U106/><E106/><V107/><F107/><W69/><G116/><T58/><D10/><U2/><E57/><V52/><REACH who="2" step="1"/><F51/><REACH who="2" ten="240,240,230,270" step="2"/><W93/><G38/><T114/><D114/><U43/><E115/><V29/><F29/><W7/><G39/><T92/><D63/><U117/><E112/><V99/><F99/><W49/><G7/><T75/><D60/><U128/><E117/><V121/><F121/><W16/><G16/><T65/><D67/><U90/><E128/><V64/><F64/><W14/><G126/><T44/><D65/><U73/><E8/><V19/><F19/><W59/><G127/><T98/><D98/><U89/><E4/><V124/><F124/><W12/><REACH who="3" step="1"/><G45/><REACH who="3" ten="240,240,230,260" step="2"/><T11/><D44/><U91/><E17/><V135/><F135/><W37/><G37/><T5/><D5/><U132/><E132/><V133/><F133/><W42/><G42/><T84/><D11/><U102/><E43/><V35/><F35/><W119/><G119/><T41/><D32/><U53/><E33/><V28/><F28/><RYUUKYOKU ba="1,3" sc="240,-15,240,-15,230,15,260,15" hai2="0,1,3,20,26,30,46,50,52,79,80,87,88" hai3="12,14,47,49,54,55,59,68,69,71,93,96,100" /><INIT seed="2,2,3,3,1,10" ten="225,225,245,275" oya="2" hai0="75,59,116,76,21,123,103,52,79,96,65,19,132" hai1="7,48,87,111,99,135,62,112,17,108,129,67,90" hai2="26,117,6,49,5,122,40,61,95,127,78,118,72" hai3="13,105,73,38,51,47,60,25,23,120,8,57,46"/><V98/><F122/><W1/><G120/><T58/><D123/><U42/><E112/><V128/><F127/><W69/><G105/><T131/><D132/><U31/><E135/><V115/><F115/><W70/><G73/><T2/><D2/><U94/><E129/><V124/><F124/><W18/><G1/><T113/><D113/><U32/><E7/><V28/><F128/><W125/><G38/><T54/><D131/><U63/><E31/><V16/><F61/><W4/><G125/><T64/><D75/><U126/><E32/><V93/><F16/><W88/><G88/><T20/><D96/><U53/><E42/><V74/><F117/><W82/><G82/><T37/><D37/><U71/><E63/><V106/><F106/><W56/><G56/><T30/><D30/><U84/><E17/><V85/><F74/><W89/><G89/><T55/><D19/><U24/><E24/><V27/><F72/><W77/><G77/><N who="0" m="29771" /><D103/><U35/><E35/><N who="2" m="20887" /><F27/><W104/><G104/><T45/><D45/><U11/><E126/><V34/><F34/><W92/><G92/><N who="2" m="35401" /><F98/><W121/><G121/><T41/><D41/><U130/><E130/><V119/><F119/><W29/><G29/><T3/><D116/><U114/><E114/><V110/><F118/><W50/><G47/><T39/><D3/><U86/><REACH who="1" step="1"/><E11/><REACH who="1" ten="225,215,245,275" step="2"/><V9/><F9/><W97/><G8/><T134/><D134/><U12/><E12/><V100/><F40/><W107/><G4/><T44/><D39/><U33/><E33/><V133/><F133/><W14/><G25/><T15/><D15/><RYUUKYOKU ba="2,4" sc="225,-10,215,30,245,-10,275,-10" hai1="48,53,62,67,71,84,86,87,90,94,99,108,111" /><INIT seed="3,3,4,3,4,118" ten="215,245,235,265" oya="3" hai0="3,127,132,105,92,73,77,107,88,0,22,100,18" hai1="66,11,38,48,122,55,34,39,62,95,26,49,10" hai2="13,42,135,57,68,52,4,111,64,17,130,46,123" hai3="87,78,101,133,28,41,36,80,21,96,116,31,56"/><W12/><G116/><T59/><D100/><U104/><E104/><V24/><F111/><W115/><G115/><T2/><D127/><U91/><E122/><V83/><F130/><W84/><G36/><T25/><D132/><U9/><E26/><V44/><F135/><W19/><G41/><T129/><D129/><U60/><E34/><V98/><F123/><W16/><G133/><T45/><D45/><N who="2" m="17514" /><F68/><W8/><G56/><T35/><D35/><U6/><E6/><V14/><F42/><W61/><G61/><T23/><D59/><U85/><E60/><N who="2" m="35879" /><F64/><W75/><G75/><T113/><D113/><U40/><E40/><V53/><F53/><W121/><G87/><T67/><D67/><U51/><REACH who="1" step="1"/><E55/><REACH who="1" ten="215,235,235,265" step="2"/><V32/><F32/><W47/><G121/><T43/><D43/><U134/><E134/><V99/><F4/><W81/><G47/><T126/><D126/><U70/><AGARI ba="3,5" hai="9,10,11,38,39,48,49,51,62,66,70,85,91,95" machi="70" ten="30,2000,0" yaku="1,1,0,1,53,0" doraHai="118" doraHaiUra="109" who="1" fromWho="1" sc="215,-8,235,79,235,-8,265,-13" owari="207,-29.3,314,41.4,227,-17.3,252,5.2" /></mjloggm>