<mjloggm ver="2.3"><GO type="225" lobby="0"/><UN n0="%E8%A8%88%E7%AE%97%E6%A9%9F%E8%87%AA%E7%84%B6" n1="%6D%75%75%6D%75%72%61" n2="%67%61%79%75%6E%79" n3="%E8%81%B7%E6%A5%AD%E3%80%81%E9%A2%A8%32" dan="17,16,16,16" rate="2243.18,2169.41,2131.30,2142.73" sx="M,F,M,M"/><TAIKYOKU oya="0"/><INIT seed="0,0,0,1,0,72" ten="250,250,250,250" oya="0" hai0="89,53,13,22,40,69,103,130,32,125,23,0,3" hai1="109,127,25,50,88,91,99,95,14,123,64,20,131" hai2="74,6,118,132,105,97,49,43,55,82,28,112,27" hai3="46,126,106,94,101,29,120,84,104,60,116,115,31"/><T134/><D69/><U113/><E123/><V61/><F112/><W135/><G115/><T10/><D40/><U26/><E113/><V93/><F105/><W9/><G116/><T70/><D70/><U122/><E122/><V68/><F43/><W34/><G126/><T1/><D103/><U102/><E109/><V24/><F132/><W12/><G135/><T58/><D134/><U44/><E127/><V119/><F6/><W18/><G106/><T124/><D32/><U96/><E131/><V79/><F61/><W117/><G34/><T51/><D130/><U45/><E64/><V7/><F7/><W59/><G117/><T62/><D22/><U38/><E38/><V110/><F68/><W78/><G104/><T41/><D23/><U30/><E26/><V21/><F24/><W92/><G46/><T39/><D39/><U108/><E108/><V133/><F133/><W42/><G42/><T17/><REACH who="0" step="1"/><D89/><REACH who="0" ten="240,250,250,250" step="2"/><U47/><E91/><V67/><F110/><W75/><G101/><T56/><D56/><U73/><E73/><V57/><REACH who="2" step="1"/><F67/><REACH who="2" ten="240,250,240,250" step="2"/><N who="3" m="39327" /><G120/><T19/><D19/><U76/><E30/><V33/><F33/><W77/><G29/><T83/><D83/><U129/><E129/><V66/><F66/><W71/><G71/><T52/><D52/><U15/><E25/><V111/><F111/><W4/><G31/><T48/><D48/><U63/><E50/><V8/><F8/><W65/><G65/><T2/><N who="0" m="0" /><DORA hai="114" /><T121/><D121/><U107/><E63/><V128/><F128/><W5/><G9/><T11/><D11/><U86/><E20/><RYUUKYOKU ba="0,2" sc="240,10,250,10,240,10,250,-30" hai0="10,13,17,41,51,53,58,62,124,125" hai1="14,15,44,45,47,76,86,88,95,96,99,102,107" hai2="21,27,28,49,55,57,74,79,82,93,97,118,119" /><INIT seed="0,1,2,0,1,81" ten="250,260,250,220" oya="0" hai0="60,27,58,46,135,24,57,38,6,26,40,129,99" hai1="0,130,17,90,67,77,118,115,132,76,101,19,105" hai2="70,102,53,52,45,21,87,82,106,59,88,72,39" hai3="68,123,124,37,25,127,36,20,31,94,49,122,47"/><T64/><D135/><U7/><E118/><V91/><F70/><W79/><G68/><T30/><D129/><U50/><E132/><V2/><F2/><W121/><G79/><T108/><D108/><U119/><E119/><V131/><F131/><W34/><G94/><T103/><D6/><U22/><E130/><V43/><F72/><W80/><G80/><T44/><D46/><U109/><E109/><V11/><F102/><W29/><G29/><T120/><D120/><U23/><E115/><V83/><F106/><W114/><G34/><T28/><REACH who="0" step="1"/><D57/><REACH who="0" ten="240,260,250,220" step="2"/><U5/><E5/><V100/><F59/><W61/><G114/><T56/><D56/><U96/><E7/><V16/><F45/><W62/><G62/><T69/><D69/><U48/><E0/><V18/><F39/><N who="3" m="14923" /><G61/><T98/><D98/><U73/><E96/><V75/><F43/><AGARI ba="1,3" hai="20,25,31,43,47,49,121,122,123,124,127" m="14923" machi="43" ten="40,1300,0" yaku="13,1" doraHai="81" who="3" fromWho="2" sc="240,0,260,0,250,-16,220,46" /><INIT seed="1,0,0,3,0,27" ten="240,260,234,266" oya="1" hai0="111,115,23,18,128,72,93,4,5,54,19,89,29" hai1="114,67,85,77,95,130,62,108,74,40,52,120,66" hai2="96,48,22,105,55,61,25,121,133,11,47,82,116" hai3="34,49,97,80,76,73,107,92,15,0,134,87,86"/><U131/><E114/><V65/><F121/><W21/><G0/><T3/><D115/><U32/><E120/><V59/><F116/><W123/><G34/><T98/><D72/><U14/><E74/><V118/><F118/><W104/><G134/><T122/><D122/><U60/><E40/><V46/><F133/><W109/><G109/><T81/><D111/><U84/><E108/><V36/><F82/><N who="3" m="45327" /><G21/><T113/><D128/><N who="1" m="49195" /><E32/><V79/><F79/><N who="3" m="46367" /><G15/><T71/><D71/><U70/><E77/><V69/><F11/><W51/><G49/><T20/><D113/><U17/><E95/><V99/><F105/><N who="3" m="40523" /><G51/><T6/><D3/><U35/><E35/><V45/><REACH who="2" step="1"/><F36/><REACH who="2" ten="240,260,224,266" step="2"/><W124/><G123/><T31/><D81/><U56/><E67/><V90/><F90/><N who="3" m="53343" /><G124/><T7/><D54/><U33/><E33/><V44/><N who="2" m="11264" /><DORA hai="37" /><V125/><F125/><W83/><G83/><T2/><D2/><U117/><E117/><V26/><F26/><W24/><G24/><N who="0" m="14359" /><D4/><U78/><E78/><V30/><AGARI ba="0,1" hai="22,25,30,48,55,59,61,65,69,96,99" m="11264" machi="30" ten="40,5200,0" yaku="1,1,0,1,52,1,53,0" doraHai="27,37" doraHaiUra="1,38" who="2" fromWho="2" sc="240,-13,260,-26,224,62,266,-13" /><INIT seed="2,0,0,1,4,53" ten="227,234,286,253" oya="2" hai0="98,131,88,6,3,84,99,49,126,61,35,121,83" hai1="90,17,8,64,80,94,111,27,135,0,100,93,130" hai2="39,12,92,2,114,69,1,4,34,46,127,124,28" hai3="7,75,101,104,57,52,51,118,97,85,56,67,9"/><V133/><F69/><W74/><G118/><T37/><D37/><U41/><E111/><V71/><F71/><W110/><G110/><T120/><D35/><U30/><E130/><V79/><F114/><W38/><G38/><T86/><D49/><U20/><E135/><V134/><F79/><W21/><G21/><T15/><D3/><N who="2" m="1034" /><F92/><W68/><G68/><T59/><D131/><U60/><E41/><V33/><F46/><W77/><G85/><T18/><D6/><U26/><E0/><V89/><F89/><W55/><G67/><N who="0" m="39359" /><D126/><N who="2" m="48170" /><F39/><W66/><G66/><T91/><D120/><U36/><E36/><V45/><F45/><W95/><G77/><T50/><D50/><U24/><E100/><V13/><F28/><W72/><G95/><N who="0" m="54759" /><D121/><U117/><E117/><V40/><F40/><W129/><G129/><T128/><D128/><U16/><E80/><V82/><F82/><W48/><G7/><T76/><D76/><U113/><E113/><V5/><F5/><W106/><G106/><T96/><D99/><U31/><E93/><V54/><F54/><W58/><G9/><AGARI ba="0,0" hai="9,15,18,83,86,88,96,98" m="54759,39359" machi="9" ten="30,3900,0" yaku="8,1,52,1,54,1" doraHai="53" who="0" fromWho="3" sc="227,39,234,0,286,0,253,-39" /><INIT seed="3,0,0,2,3,13" ten="266,234,286,214" oya="3" hai0="4,88,66,105,76,97,51,117,48,133,41,19,130" hai1="78,39,26,109,64,80,113,58,91,86,31,54,12" hai2="69,34,21,63,132,124,29,11,119,111,99,81,56" hai3="57,73,3,134,92,87,68,128,62,0,83,94,42"/><W122/><G122/><T17/><D117/><U107/><E109/><V10/><F69/><W101/><G68/><T33/><D33/><U60/><E113/><V100/><F34/><W8/><G128/><T53/><D4/><U25/><E107/><V118/><F111/><W45/><G73/><T7/><D7/><U84/><E39/><V28/><F132/><W1/><G134/><T55/><D66/><U32/><E25/><N who="2" m="16431" /><F29/><W127/><G8/><T115/><D76/><U59/><E12/><V5/><F124/><W75/><G75/><T104/><D41/><U50/><E91/><V2/><F81/><W79/><G101/><T131/><D133/><U70/><E70/><V121/><F11/><W36/><REACH who="3" step="1"/><G127/><REACH who="3" ten="266,234,286,204" step="2"/><T120/><D120/><U44/><E59/><V90/><F121/><W110/><G110/><T38/><D130/><U37/><E37/><V24/><F10/><W47/><G47/><T126/><D38/><U72/><AGARI ba="0,1" hai="26,31,32,44,50,54,58,60,64,72,78,80,84,86" machi="72" ten="20,1500,0" yaku="0,1,7,1" doraHai="13" who="1" fromWho="1" sc="266,-4,234,25,286,-4,204,-7" /><INIT seed="4,0,0,5,1,54" ten="262,259,282,197" oya="0" hai0="26,7,25,110,64,58,99,121,102,56,24,81,36" hai1="90,68,96,12,128,60,22,38,48,75,21,95,82" hai2="130,33,42,131,51,120,11,3,30,18,80,47,41" hai3="91,101,119,9,0,112,92,45,127,1,70,2,124"/><T67/><D121/><U135/><E38/><V113/><F120/><W37/><G119/><T29/><D36/><U84/><E128/><N who="2" m="49195" /><F113/><W5/><G70/><T114/><D114/><U85/><E135/><V27/><F80/><W34/><G34/><T108/><D29/><U116/><E116/><V77/><F77/><W69/><G69/><T23/><D23/><U28/><E75/><V86/><F86/><W40/><G101/><T49/><D7/><U52/><E85/><V44/><F3/><W100/><G100/><T10/><D10/><U93/><E28/><V87/><F87/><W103/><G103/><T89/><D89/><N who="1" m="55343" /><E60/><V13/><F47/><W43/><G43/><AGARI ba="0,0" hai="11,13,18,27,30,33,41,42,43,44,51" m="49195" machi="43" ten="30,1000,0" yaku="19,1" doraHai="54" who="2" fromWho="3" sc="262,0,259,0,282,10,197,-10" /><INIT seed="5,0,0,2,2,128" ten="262,259,292,187" oya="1" hai0="75,116,106,9,11,30,112,44,52,81,4,80,12" hai1="23,68,66,76,104,39,51,7,77,123,121,92,25" hai2="24,110,50,126,109,57,34,118,13,61,111,122,55" hai3="2,86,99,115,0,125,119,114,98,32,73,96,93"/><U108/><E104/><V29/><F122/><W31/><G32/><T95/><D106/><U105/><E105/><V19/><F126/><W15/><G31/><T88/><D116/><U20/><E39/><V17/><F118/><W21/><G119/><T28/><D112/><N who="3" m="43049" /><G73/><T130/><D130/><U10/><E108/><V91/><F91/><N who="3" m="53495" /><G125/><T27/><D9/><U79/><E20/><V127/><F127/><W113/><N who="3" m="43057" /><W90/><DORA hai="59" /><G90/><T69/><D69/><U35/><E35/><V33/><F33/><W43/><G43/><T64/><D64/><U101/><E66/><V40/><REACH who="2" step="1"/><F13/><REACH who="2" ten="262,259,282,187" step="2"/><W49/><G49/><T47/><D12/><U129/><E121/><V72/><F72/><W83/><G83/><T124/><D80/><U74/><E74/><V103/><F103/><W78/><G78/><T58/><D81/><U132/><E123/><V54/><F54/><W100/><G100/><T5/><D52/><U65/><E129/><V84/><F84/><W62/><G62/><T14/><D124/><U56/><E79/><V37/><F37/><W6/><G21/><T82/><D82/><U41/><E77/><V18/><F18/><W3/><G15/><T134/><D14/><U16/><E76/><V38/><F38/><W60/><G60/><T131/><D131/><U36/><E36/><V48/><F48/><W8/><AGARI ba="0,1" hai="0,2,3,6,8,96,98,99" m="53495,43057" machi="8" ten="50,1600,0" yaku="15,1" doraHai="128,59" who="3" fromWho="3" sc="262,-4,259,-8,282,-4,187,26" /><INIT seed="6,0,0,2,1,117" ten="258,251,278,213" oya="2" hai0="83,116,74,64,102,120,89,72,40,70,56,6,109" hai1="108,86,78,53,107,20,35,41,118,94,111,101,95" hai2="132,123,125,99,87,128,98,68,129,84,0,32,34" hai3="59,119,52,50,127,114,26,44,135,113,38,16,112"/><V106/><F0/><W77/><G119/><T45/><D109/><U105/><E35/><N who="2" m="13355" /><F68/><W67/><G127/><T4/><D70/><U90/><E20/><V58/><F125/><W47/><G135/><T39/><D102/><U5/><E5/><V100/><F99/><W71/><G77/><T103/><D103/><U23/><E41/><V11/><F11/><W65/><G38/><T62/><D116/><U49/><E23/><V61/><F132/><W37/><G37/><T110/><D110/><U21/><E118/><V131/><F123/><W15/><G26/><T96/><D120/><U122/><E122/><V19/><F19/><W76/><G76/><T97/><D96/><U85/><E21/><V8/><F8/><N who="3" m="6247" /><G71/><T54/><D72/><U10/><E10/><V57/><F57/><W22/><G22/><T17/><D17/><U121/><E121/><V133/><F133/><W124/><G124/><T92/><D74/><U33/><E33/><V13/><F13/><W75/><G75/><T115/><D4/><U30/><E111/><V60/><F60/><W130/><G130/><N who="2" m="33281" /><V3/><DORA hai="43" /><F3/><W93/><G93/><T25/><D6/><U82/><E108/><V36/><F36/><W126/><G126/><T51/><D25/><U79/><E107/><V2/><F2/><W81/><G81/><T24/><D83/><N who="1" m="47351" /><E105/><V48/><F48/><W42/><G59/><N who="0" m="36959" /><D24/><U69/><E69/><V80/><F80/><W7/><G7/><T27/><D27/><U66/><E95/><V63/><F63/><W9/><G9/><T14/><D14/><U28/><E94/><RYUUKYOKU ba="0,0" sc="258,10,251,-30,278,10,213,10" hai0="39,40,45,51,54,56,89,92,97,115" hai2="58,61,84,87,98,100,106" hai3="42,44,47,50,52,65,67,112,113,114" /><INIT seed="6,1,0,4,3,113" ten="268,221,288,223" oya="2" hai0="73,133,135,77,10,15,52,70,131,68,101,1,86" hai1="66,104,76,88,105,5,56,39,62,45,22,54,17" hai2="63,92,121,84,4,50,20,90,71,72,69,112,97" hai3="41,114,31,93,23,67,0,29,27,109,44,95,96"/><V130/><F121/><W102/><G0/><T36/><D36/><U34/><E34/><V107/><F72/><W6/><G109/><T79/><D1/><U7/><E76/><N who="0" m="29257" /><D73/><U60/><E104/><V123/><F123/><W38/><G114/><T16/><D101/><U80/><E105/><V103/><F112/><W14/><G67/><T127/><D86/><N who="1" m="50247" /><E39/><V42/><F130/><W98/><G6/><N who="1" m="2058" /><E45/><V43/><F4/><W32/><G14/><T35/><D35/><U74/><E74/><V117/><F117/><W124/><G124/><T128/><D127/><U53/><E60/><V48/><F69/><W119/><G119/><T83/><D83/><U33/><E33/><V24/><F71/><W13/><G13/><AGARI ba="1,0" hai="13,17,22,53,54,56,62,66" m="2058,50247" machi="13" ten="30,2000,0" yaku="8,1,54,1" doraHai="113" who="1" fromWho="3" sc="268,0,221,23,288,0,223,-23" /><INIT seed="7,0,0,1,4,77" ten="268,244,288,200" oya="3" hai0="90,88,111,102,70,100,0,121,79,71,11,117,124" hai1="103,109,25,119,96,97,108,17,24,8,80,131,99" hai2="16,2,62,83,57,78,30,47,106,101,59,54,65" hai3="12,37,33,39,72,126,112,13,86,74,40,6,68"/><W42/><G68/><T85/><D111/><U89/><E131/><V18/><F2/><W69/><G69/><T64/><D117/><U94/><E119/><V19/><F30/><W45/><G33/><T15/><D0/><U116/><E116/><V22/><F47/><W23/><G112/><T73/><D121/><U110/><E25/><V53/><F101/><W122/><G122/><T27/><D73/><N who="3" m="28265" /><G45/><T123/><D123/><U135/><E24/><N who="2" m="14407" /><F106/><W56/><G56/><T120/><D70/><U32/><E8/><V75/><F75/><W21/><G6/><T14/><D102/><N who="1" m="60695" /><E17/><N who="2" m="6155" /><F59/><W26/><G86/><T91/><D85/><N who="1" m="50343" /><E32/><V28/><F28/><W95/><G95/><T51/><D120/><U118/><E118/><V55/><F65/><W81/><G81/><T60/><D64/><U52/><E52/><N who="2" m="34087" /><F83/><W20/><G26/><T107/><D27/><U48/><E48/><V125/><F78/><W44/><G44/><T84/><D79/><U130/><E99/><V50/><F50/><W105/><G105/><T38/><D51/><U58/><E58/><V127/><F55/><W10/><G10/><T3/><D11/><U82/><E82/><V67/><F67/><W36/><G126/><T1/><D124/><U115/><E130/><V9/><F9/><W87/><G87/><T61/><D84/><U4/><E4/><V132/><F125/><W66/><G66/><N who="0" m="41415" /><D61/><U41/><E41/><AGARI ba="0,0" hai="12,13,20,21,23,36,37,39,40,41,42" m="28265" machi="41" ten="40,3900,0" yaku="28,2" doraHai="77" who="3" fromWho="1" sc="268,0,244,-39,288,0,200,39" /><INIT seed="7,1,0,5,0,83" ten="268,205,288,239" oya="3" hai0="3,72,85,87,36,0,69,76,13,115,54,25,82" hai1="75,102,88,30,126,46,71,74,95,52,41,31,21" hai2="107,80,32,105,27,86,15,19,101,73,58,23,35" hai3="11,106,135,5,63,128,55,111,119,116,45,43,93"/><W65/><G106/><T99/><D69/><U104/><E71/><V4/><F73/><W70/><G128/><T131/><D36/><U68/><E68/><V129/><F129/><W61/><G135/><T12/><D131/><U34/><E34/><V60/><F101/><W89/><G55/><T133/><D25/><U9/><E126/><V24/><F32/><W42/><G61/><T53/><D99/><U37/><E104/><V81/><F81/><W26/><G26/><T97/><D97/><U40/><E102/><V122/><F122/><W7/><G7/><T117/><D117/><U120/><E120/><V100/><F100/><W94/><G94/><T64/><D64/><U49/><E74/><V121/><F24/><W51/><G43/><N who="1" m="16458" /><E75/><V28/><F4/><W78/><G111/><T18/><D72/><U113/><E37/><V20/><F35/><W79/><G116/><T6/><D133/><U1/><E113/><V127/><F127/><W130/><G119/><T77/><D115/><U123/><E123/><V59/><F59/><W134/><G134/><T84/><D6/><U62/><E1/><V96/><F96/><W125/><G125/><T132/><D132/><U10/><E62/><V118/><F118/><W103/><G103/><T98/><D98/><N who="1" m="57703" /><E21/><V8/><F121/><W16/><G130/><T22/><D0/><U48/><E49/><V44/><F105/><W91/><G70/><T33/><D33/><U110/><E110/><V47/><F107/><W57/><G63/><T92/><D3/><U39/><E39/><V38/><F38/><W17/><G51/><RYUUKYOKU ba="1,0" sc="268,-10,205,30,288,-10,239,-10" hai1="9,10,30,31,46,48,52" owari="258,5.8,235,-16.5,278,37.8,229,-27.1" /></mjloggm>