<mjloggm ver="2.3"><GO type="225" lobby="0"/><UN n0="%E5%A4%9C%E5%85%89%E5%A4%A9%E6%A5%BC" n1="%E3%81%B5%E3%81%98%E3%81%8B%E3%81%A4" n2="%E3%81%AF%E3%82%88%E3%81%8A%E3%81%98%E3%81%95%E3%82%93" n3="%E4%BA%AE%E6%B5%81%E6%89%93%E8%80%85" dan="17,16,17,16" rate="2116.40,2170.02,2172.81,2076.82" sx="M,M,M,F"/><TAIKYOKU oya="0"/><INIT seed="0,0,0,0,0,37" ten="250,250,250,250" oya="0" hai0="19,62,61,4,116,130,8,15,7,135,113,69,65" hai1="104,11,84,17,117,98,81,67,60,83,71,97,9" hai2="109,57,112,120,92,85,99,64,75,73,22,87,50" hai3="125,38,31,101,70,131,121,26,13,35,123,20,23"/><T39/><D113/><U128/><E117/><V122/><F112/><W100/><G70/><T114/><D114/><U54/><E128/><V2/><F2/><W66/><G66/><T49/><D116/><U0/><E83/><V52/><F109/><W80/><G80/><T47/><D130/><U53/><E104/><V134/><F134/><W40/><G131/><T34/><D135/><U46/><E11/><V48/><F64/><W33/><G125/><T56/><D39/><U105/><E105/><V127/><F127/><W5/><G20/><T44/><D34/><N who="3" m="12809" /><G5/><T42/><REACH who="0" step="1"/><D47/><REACH who="0" ten="240,250,250,250" step="2"/><U16/><E46/><V32/><F32/><W103/><G121/><T43/><D43/><U102/><E71/><V95/><F120/><W29/><G38/><T82/><D82/><U108/><E81/><V6/><F122/><W118/><G40/><T72/><D72/><U58/><E108/><V90/><F73/><W133/><G118/><T55/><AGARI ba="0,1" hai="4,7,8,15,19,42,44,49,55,56,61,62,65,69" machi="55" ten="20,7800,0" yaku="1,1,0,1,7,1,52,1,53,0" doraHai="37" doraHaiUra="79" who="0" fromWho="0" sc="240,88,250,-26,250,-26,250,-26" /><INIT seed="0,1,0,0,4,69" ten="328,224,224,224" oya="0" hai0="0,39,1,56,111,37,101,64,29,131,60,6,86" hai1="38,114,130,98,106,88,35,51,127,74,45,68,42" hai2="4,81,22,27,18,104,66,135,5,82,26,47,21" hai3="123,76,113,43,15,62,97,46,94,90,99,24,31"/><T125/><D125/><U41/><E127/><V70/><F104/><W78/><G113/><T9/><D131/><U36/><E114/><V61/><F135/><W52/><G123/><T133/><D133/><U19/><E130/><V124/><F124/><W63/><G99/><T102/><D1/><U100/><E74/><V92/><F92/><W14/><G62/><T44/><D111/><U67/><E19/><V73/><F47/><W12/><G63/><T71/><D29/><U16/><E35/><V7/><REACH who="2" step="1"/><F73/><REACH who="2" ten="328,224,214,224" step="2"/><W126/><G126/><T8/><D44/><U10/><E42/><V13/><F13/><W25/><G25/><T40/><D40/><U17/><E10/><V110/><F110/><W95/><G95/><T49/><D9/><U112/><E112/><V105/><F105/><W132/><G132/><T33/><D8/><U89/><E17/><AGARI ba="1,1" hai="4,5,7,17,18,21,22,26,27,61,66,70,81,82" machi="17" ten="40,8000,1" yaku="1,1,9,1,53,2" doraHai="69" doraHaiUra="20" who="2" fromWho="1" sc="328,0,224,-83,214,93,224,0" /><INIT seed="1,0,0,0,2,29" ten="328,141,307,224" oya="1" hai0="126,19,113,48,6,96,49,109,45,16,23,121,11" hai1="90,59,68,91,95,79,74,119,81,22,7,99,129" hai2="117,124,14,94,114,58,106,3,97,41,73,84,53" hai3="85,88,2,32,72,130,12,127,27,47,112,100,26"/><U43/><E119/><V17/><F3/><W131/><G72/><T134/><D113/><U66/><E129/><N who="3" m="49162" /><G2/><T111/><D121/><U62/><E43/><V75/><F124/><W40/><G112/><T71/><D126/><U83/><E7/><V44/><F117/><W64/><G127/><T123/><D123/><U82/><E68/><V30/><F30/><N who="3" m="19543" /><G64/><T50/><D71/><U116/><E116/><V101/><F114/><W87/><G100/><T20/><D134/><U57/><E90/><V92/><F75/><W70/><G70/><T10/><D45/><U63/><REACH who="1" step="1"/><E22/><REACH who="1" ten="328,131,307,224" step="2"/><N who="0" m="8233" /><D6/><U86/><E86/><V36/><F84/><W120/><G120/><T39/><D96/><U60/><E60/><V104/><F73/><W25/><G87/><T52/><D39/><U56/><E56/><V67/><F58/><W61/><G61/><T1/><D1/><U69/><E69/><V105/><F41/><W33/><G33/><T102/><D102/><U93/><E93/><V55/><F92/><N who="3" m="54287" /><G12/><T80/><D80/><U18/><E18/><V42/><F17/><W135/><G135/><T122/><D122/><U13/><E13/><V37/><F14/><W21/><G21/><T78/><D19/><U31/><E31/><V5/><F36/><AGARI ba="0,1" hai="25,27,36,40,47" m="54287,19543,49162" machi="36" ten="30,3900,0" yaku="19,1,52,1,54,1" doraHai="29" who="3" fromWho="2" sc="328,0,131,0,307,-39,224,49" /><INIT seed="2,0,0,4,0,11" ten="328,131,268,273" oya="2" hai0="53,73,26,112,129,27,37,85,29,114,72,80,59" hai1="2,5,117,47,24,40,56,113,84,101,38,74,55" hai2="67,42,110,86,102,134,60,22,92,99,109,4,65" hai3="83,52,88,23,45,130,79,10,17,28,20,91,125"/><V31/><F134/><W75/><G130/><T116/><D37/><U133/><E113/><V64/><F4/><W87/><G125/><T98/><D129/><U68/><E133/><V34/><F34/><W78/><G75/><T36/><D36/><U63/><E117/><V16/><F42/><W48/><G91/><T119/><D98/><U71/><E101/><V30/><F60/><W58/><G58/><T61/><D73/><U46/><E46/><V127/><F86/><W9/><G28/><T77/><D85/><U41/><E41/><V111/><F127/><W81/><G81/><T89/><D89/><U107/><E107/><V106/><F106/><W76/><G23/><N who="0" m="15583" /><D27/><AGARI ba="0,0" hai="16,22,27,30,31,64,65,67,92,99,102,109,110,111" machi="27" ten="50,9600,0" yaku="14,1,10,1,54,1" doraHai="11" who="2" fromWho="0" sc="328,-96,131,0,268,96,273,0" /><AGARI ba="0,0" hai="9,10,17,20,27,45,48,52,76,78,79,83,87,88" machi="27" ten="40,5200,0" yaku="8,1,54,2" doraHai="11" who="3" fromWho="0" sc="232,-52,131,0,364,0,273,52" /><INIT seed="2,1,0,1,4,75" ten="180,131,364,325" oya="2" hai0="129,90,95,29,42,131,24,97,0,106,108,53,119" hai1="11,61,124,67,65,26,120,86,27,68,110,20,105" hai2="12,22,13,58,2,135,48,87,126,55,128,104,31" hai3="9,56,18,118,17,4,109,102,116,85,40,28,45"/><V78/><F2/><W52/><G102/><T73/><D0/><U66/><E105/><V39/><F39/><W43/><G28/><T70/><D119/><U63/><E110/><V96/><F126/><W80/><G109/><T49/><D108/><U112/><E124/><V1/><F1/><W82/><G116/><T107/><D73/><U57/><E112/><V115/><F115/><W35/><G35/><N who="0" m="20903" /><D42/><N who="3" m="15913" /><G45/><N who="0" m="27823" /><D70/><U89/><E120/><V25/><F128/><AGARI ba="1,0" hai="90,95,97,106,107,128,129,131" m="27823,20903" machi="128" ten="30,1000,0" yaku="19,1" doraHai="75" who="0" fromWho="2" sc="180,13,131,0,364,-13,325,0" /><INIT seed="3,0,0,0,0,67" ten="193,131,351,325" oya="3" hai0="47,5,42,63,89,32,111,68,88,90,46,53,132" hai1="60,51,57,26,30,34,99,79,43,6,130,117,29" hai2="58,10,73,18,61,94,4,28,82,11,113,17,121" hai3="20,37,35,131,126,110,16,86,92,1,84,21,74"/><W125/><G35/><T15/><D32/><U12/><E130/><V45/><F113/><W93/><G74/><T127/><D111/><U14/><E117/><V133/><F133/><W107/><G110/><T70/><D132/><U55/><E30/><V91/><F121/><W69/><G69/><T114/><D127/><N who="3" m="48649" /><G107/><T97/><D114/><U24/><E24/><V85/><F28/><W66/><G21/><T13/><D97/><U129/><E129/><V135/><F135/><W76/><G37/><T23/><D23/><U48/><E79/><V52/><F73/><W116/><G1/><T120/><D63/><U25/><E99/><N who="2" m="57823" /><F45/><N who="0" m="16906" /><D53/><U71/><E26/><V3/><F3/><W109/><G109/><T103/><D5/><U40/><E6/><V105/><F105/><W0/><G0/><T106/><D103/><U108/><E108/><V87/><F87/><N who="3" m="33323" /><G131/><T95/><D95/><N who="3" m="36425" /><G116/><T122/><D42/><U7/><E43/><V39/><F39/><W96/><G66/><T83/><D106/><U72/><E72/><V56/><F58/><W78/><G96/><T8/><D8/><N who="2" m="3114" /><F4/><W81/><G81/><T59/><D59/><U80/><E80/><V2/><F2/><W100/><G100/><T104/><D104/><U27/><E27/><AGARI ba="0,0" hai="16,20,27,76,78" m="36425,33323,48649" machi="27" ten="30,2900,0" yaku="18,1,54,1" doraHai="67" who="3" fromWho="1" sc="193,0,131,-29,351,0,325,29" owari="193,-20.7,102,-39.8,351,15.1,354,45.4" /></mjloggm>