<mjloggm ver="2.3"><GO type="225" lobby="0"/><UN n0="%E3%82%B2%E3%82%B9%E8%8C%82%E5%8B%9D" n1="%E6%9F%B3%E6%A2%A6%E7%92%83" n2="%E3%81%8B%E3%82%8F%E3%81%A1%E3%82%83%E3%82%93%35%38" n3="%E8%B6%85%E7%B4%9A%E9%B3%B3%E5%87%B0" dan="16,16,16,16" rate="2040.20,2124.18,2134.68,2145.56" sx="F,F,M,M"/><TAIKYOKU oya="0"/><INIT seed="0,0,0,1,5,28" ten="250,250,250,250" oya="0" hai0="130,47,68,105,19,35,97,79,116,82,89,13,86" hai1="121,73,114,88,17,63,51,43,52,8,16,108,103" hai2="117,95,32,10,22,132,4,125,109,33,71,46,0" hai3="92,90,78,120,31,42,93,59,70,23,134,84,94"/><T3/><D130/><U5/><E73/><V25/><F71/><W133/><G70/><T6/><D116/><U128/><E114/><V113/><F113/><W61/><G120/><T55/><D68/><U26/><E121/><V7/><F117/><W65/><G78/><T112/><D112/><U77/><E128/><V44/><F44/><W64/><G42/><T38/><D3/><U85/><E108/><V76/><F76/><W57/><G31/><T14/><D6/><U30/><E77/><V123/><F123/><W54/><G23/><T37/><D35/><U67/><E103/><V74/><F74/><W96/><G64/><T60/><D13/><N who="1" m="5263" /><E43/><V45/><F45/><W127/><G127/><T24/><D24/><U12/><E12/><V83/><F83/><W80/><REACH who="3" step="1"/><G96/><REACH who="3" ten="250,250,250,240" step="2"/><T107/><D97/><U41/><E41/><V91/><F125/><W62/><AGARI ba="0,1" hai="54,57,59,61,62,65,80,84,90,92,93,94,133,134" machi="62" ten="30,4000,0" yaku="1,1,2,1,0,1,53,0" doraHai="28" doraHaiUra="18" who="3" fromWho="3" sc="250,-20,250,-10,250,-10,240,50" /><INIT seed="1,0,0,4,4,48" ten="230,240,240,290" oya="1" hai0="57,81,72,89,90,41,66,64,27,135,109,43,55" hai1="0,56,101,121,120,65,2,96,36,50,40,19,99" hai2="8,24,12,69,45,107,63,13,53,113,3,35,4" hai3="97,83,47,85,74,116,75,127,46,70,38,16,125"/><U108/><E19/><V111/><F107/><W98/><G70/><T33/><D109/><U28/><E28/><V117/><F117/><W77/><G116/><T104/><D104/><U126/><E108/><V129/><F111/><W26/><G38/><T23/><D33/><U78/><E78/><V80/><F80/><W134/><G134/><T52/><D135/><U49/><E126/><N who="3" m="48138" /><G97/><T44/><D72/><N who="3" m="27689" /><G98/><T34/><D34/><U106/><E36/><V100/><F69/><W42/><G42/><N who="0" m="15883" /><D81/><U112/><E112/><V71/><F71/><W132/><G132/><T68/><D68/><U86/><E86/><V119/><F119/><W84/><G84/><T17/><D44/><U32/><E32/><V67/><F45/><W118/><G118/><T25/><D27/><U59/><E99/><V115/><F24/><W92/><G92/><T7/><D7/><U114/><E114/><V18/><F35/><W60/><G60/><N who="0" m="37903" /><D66/><U54/><E65/><V93/><F67/><W31/><G31/><T95/><D95/><U62/><E62/><V73/><F73/><W39/><G39/><T61/><D61/><U133/><E133/><V131/><F115/><W110/><G110/><T79/><D79/><U91/><E91/><AGARI ba="0,0" hai="17,23,25,52,55,89,90,91" m="37903,15883" machi="91" ten="30,7700,0" yaku="8,1,52,2,54,1" doraHai="48" who="0" fromWho="1" sc="230,77,240,-77,240,0,290,0" /><INIT seed="2,0,0,2,1,67" ten="307,163,240,290" oya="2" hai0="109,89,110,119,56,14,11,10,88,90,6,112,4" hai1="133,1,5,61,35,45,7,51,113,26,135,19,48" hai2="122,105,63,3,41,71,16,73,124,62,107,115,96" hai3="55,52,17,29,81,126,43,131,102,8,40,66,72"/><V44/><F115/><W111/><G111/><N who="0" m="42507" /><D112/><U83/><E113/><V12/><F122/><W100/><G131/><T80/><D56/><U64/><E83/><V78/><F3/><W59/><G126/><T50/><D50/><U33/><E19/><V49/><F124/><W92/><G66/><T95/><D80/><U38/><E38/><V117/><F117/><W21/><G29/><T123/><D123/><U13/><E13/><V57/><F71/><W20/><G81/><T30/><D30/><U54/><E48/><V120/><F120/><W77/><G77/><T65/><D65/><U39/><E39/><V75/><F63/><W99/><G72/><T125/><D119/><U70/><E26/><V60/><F62/><W79/><G79/><T18/><D125/><U87/><E87/><V24/><F78/><W68/><G68/><T130/><D130/><U132/><REACH who="1" step="1"/><E1/><REACH who="1" ten="307,153,240,290" step="2"/><V103/><F24/><W106/><G17/><T9/><D18/><U32/><AGARI ba="0,1" hai="5,7,32,33,35,45,51,54,61,64,70,132,133,135" machi="32" ten="40,16000,3" yaku="1,1,2,1,0,1,20,1,52,1,53,3" doraHai="67" doraHaiUra="128" who="1" fromWho="1" sc="307,-40,153,170,240,-80,290,-40" /><INIT seed="3,0,0,4,1,2" ten="267,323,160,250" oya="3" hai0="94,103,7,132,123,106,34,21,39,133,67,131,108" hai1="23,122,107,8,91,76,62,119,125,53,32,102,19" hai2="66,4,88,78,56,105,96,79,44,70,12,92,87" hai3="110,27,97,11,126,71,120,41,72,43,3,85,37"/><W129/><G120/><T15/><D123/><U17/><E122/><V22/><F70/><W51/><G72/><T58/><D39/><U89/><E32/><V45/><F105/><W36/><G71/><T54/><D34/><U60/><E107/><V50/><F45/><W46/><G129/><T84/><D67/><U59/><E102/><V75/><F75/><W77/><G126/><T9/><D108/><U18/><E125/><V116/><F116/><W35/><G110/><T10/><D131/><U134/><E134/><N who="0" m="51817" /><D106/><U81/><E8/><V113/><F113/><W101/><G43/><T99/><D84/><N who="1" m="48167" /><E119/><V69/><F69/><W112/><G112/><T48/><D9/><U47/><E47/><V42/><F96/><W1/><G11/><T33/><D33/><U104/><E104/><V63/><F22/><AGARI ba="0,0" hai="7,10,15,21,22,48,54,58,94,99,103" m="51817" machi="22" ten="30,2000,0" yaku="20,1,52,1" doraHai="2" who="0" fromWho="2" sc="267,20,323,0,160,-20,250,0" owari="287,8.7,323,42.3,140,-36.0,250,-15.0" /></mjloggm>