<mjloggm ver="2.3"><GO type="225" lobby="0"/><UN n0="%E5%84%AA%40%41%42%43" n1="%E3%82%A2%E3%83%9E%E3%83%9D%EF%BD%9E%EF%BD%9E%E3%83%A9" n2="%E3%83%99%E3%83%AB%E3%83%A2%E3%83%83%E3%83%88" n3="%E6%9D%B1%E9%A2%A8%E3%81%AE%E3%81%8D%E3%82%83%E3%81%B7%E3%81%95%E3%82%93" dan="17,17,16,16" rate="2139.79,2145.77,2094.21,2211.05" sx="M,M,M,M"/><TAIKYOKU oya="0"/><INIT seed="0,0,0,0,4,135" ten="250,250,250,250" oya="0" hai0="119,75,44,61,65,103,28,133,5,108,20,110,4" hai1="63,105,6,127,36,55,41,98,117,102,76,89,96" hai2="33,56,87,106,1,58,31,90,42,3,128,38,104" hai3="21,22,134,53,45,30,92,126,77,37,52,94,69"/><T131/><D119/><U78/><E117/><V71/><F71/><W32/><G69/><T84/><D75/><U27/><E6/><V15/><F128/><W16/><G77/><T10/><D133/><U47/><E127/><V80/><F15/><W85/><G126/><T120/><D120/><U111/><E111/><N who="0" m="42537" /><D103/><U59/><E27/><V23/><F33/><W72/><G32/><T100/><D100/><U29/><E29/><V64/><F3/><W91/><G72/><T130/><D44/><U14/><E14/><V67/><F1/><W54/><G134/><T66/><D84/><U43/><E43/><V124/><F124/><W81/><G30/><T19/><D28/><U79/><E89/><V83/><F31/><W122/><G22/><T132/><D66/><U51/><REACH who="1" step="1"/><E96/><REACH who="1" ten="250,240,250,250" step="2"/><V121/><F90/><W116/><G116/><T25/><D132/><U112/><E112/><V17/><F121/><W2/><G2/><N who="0" m="279" /><D5/><U13/><E13/><V114/><F114/><W123/><G123/><T46/><D46/><U86/><E86/><V57/><F87/><W8/><G122/><T18/><D18/><U39/><AGARI ba="0,1" hai="36,39,41,47,51,55,59,63,76,78,79,98,102,105" machi="39" ten="30,2000,0" yaku="1,1,0,1,53,0" doraHai="135" doraHaiUra="62" who="1" fromWho="1" sc="250,-10,240,30,250,-5,250,-5" /><INIT seed="1,0,0,4,1,88" ten="240,270,245,245" oya="1" hai0="77,90,97,40,107,21,57,119,9,105,113,47,11" hai1="132,112,53,48,37,126,12,84,110,98,94,99,104" hai2="18,123,87,66,92,51,31,5,32,120,96,67,118" hai3="134,117,62,68,83,39,56,35,85,34,8,36,70"/><U72/><E37/><V109/><F118/><W19/><G117/><T33/><D113/><U114/><E72/><V2/><F109/><W26/><G134/><T125/><D33/><U0/><E0/><V60/><F87/><W69/><G35/><T93/><D125/><U133/><E12/><V58/><F18/><W52/><G8/><T80/><D119/><U128/><E126/><V50/><F67/><W108/><G108/><T41/><D41/><U10/><E10/><V121/><F5/><W29/><REACH who="3" step="1"/><G19/><REACH who="3" ten="240,270,245,235" step="2"/><T127/><D127/><U28/><E110/><V22/><F32/><W95/><G95/><T111/><D111/><U81/><E133/><V27/><REACH who="2" step="1"/><F2/><REACH who="2" ten="240,270,235,235" step="2"/><W6/><G6/><T124/><D124/><U106/><E132/><V49/><F49/><W14/><G14/><T44/><D9/><U3/><E3/><V131/><F131/><W71/><N who="3" m="17408" /><DORA hai="79" /><W17/><G17/><T130/><D11/><U16/><E16/><V63/><F63/><W7/><G7/><T82/><D130/><U64/><E128/><V122/><N who="2" m="30720" /><DORA hai="65" /><V42/><F42/><W20/><G20/><T76/><D40/><U86/><E114/><V100/><AGARI ba="0,2" hai="22,27,31,50,51,58,60,66,92,96,100" m="30720" machi="100" ten="60,8000,1" yaku="1,1,0,1,25,2,52,1,53,0" doraHai="88,79,65" doraHaiUra="38,74,129" who="2" fromWho="2" sc="240,-20,270,-40,235,100,235,-20" /><INIT seed="2,0,0,3,3,8" ten="220,230,335,215" oya="2" hai0="11,7,92,115,81,44,30,101,51,110,53,82,108" hai1="134,15,47,28,86,118,14,90,59,26,60,64,79" hai2="43,83,113,96,61,56,0,133,21,25,49,1,20" hai3="23,107,122,40,131,57,98,65,74,31,17,48,91"/><V33/><F113/><W42/><G74/><T99/><D115/><U125/><E118/><V135/><F33/><W97/><G131/><T32/><D30/><U52/><E79/><V39/><F39/><W45/><G31/><T3/><REACH who="0" step="1"/><D32/><REACH who="0" ten="210,230,335,215" step="2"/><U109/><E109/><AGARI ba="0,1" hai="3,7,11,44,51,53,81,82,92,99,101,108,109,110" machi="109" ten="40,5200,0" yaku="1,1,2,1,14,1,53,0" doraHai="8" doraHaiUra="124" who="0" fromWho="1" sc="210,62,230,-52,335,0,215,0" /><INIT seed="3,0,0,5,0,102" ten="272,178,335,215" oya="3" hai0="17,52,121,43,94,36,45,74,80,34,113,90,69" hai1="44,130,54,111,133,38,135,101,10,64,32,40,0" hai2="75,103,83,88,86,70,11,123,47,20,61,115,132" hai3="93,106,46,122,92,16,76,3,124,104,42,8,55"/><W116/><G116/><T87/><D121/><U81/><E32/><V95/><F115/><W85/><G122/><T114/><D69/><U97/><E111/><V65/><F132/><W127/><G55/><T68/><D34/><U62/><E130/><V78/><F47/><W120/><G120/><T41/><D68/><U77/><E54/><V125/><F125/><N who="3" m="48203" /><G3/><T117/><D117/><U24/><E24/><V84/><F20/><W112/><G112/><N who="0" m="43115" /><D17/><U131/><E131/><V1/><F103/><W73/><G73/><T27/><D27/><U19/><E19/><V30/><F30/><W4/><G4/><T89/><D74/><N who="1" m="43191" /><E62/><V23/><F61/><W50/><G76/><T72/><D72/><U79/><E64/><V57/><F78/><W134/><G134/><N who="1" m="51210" /><E79/><V56/><F65/><W119/><G119/><T29/><D29/><U53/><E53/><V59/><F75/><W110/><G110/><T9/><D52/><U18/><E18/><V21/><F70/><W5/><G5/><T91/><D41/><U37/><E37/><V71/><F71/><W105/><G85/><T22/><D87/><U14/><E0/><V26/><F123/><W98/><G98/><T128/><D128/><U118/><E118/><V107/><F59/><W63/><G63/><T126/><D126/><U6/><E97/><V82/><F57/><W49/><G49/><T39/><D36/><U12/><E101/><V7/><F56/><W108/><G108/><T129/><D129/><U67/><E67/><V100/><F100/><W15/><AGARI ba="0,0" hai="8,15,16,42,46,50,92,93,104,105,106" m="48203" machi="15" ten="40,12000,1" yaku="18,1,52,3,54,1" doraHai="102" who="3" fromWho="3" sc="272,-40,178,-40,335,-40,215,120" owari="232,-16.8,138,-36.2,295,9.5,335,43.5" /></mjloggm>