<mjloggm ver="2.3"><GO type="225" lobby="0"/><UN n0="%E5%84%AA%40%41%42%43" n1="%E5%A4%9C%E3%81%AE%E3%82%AC%E3%82%B9%E3%83%91%E3%83%BC%E3%83%AB" n2="%E3%80%93%E3%81%97%E3%83%BC%E3%82%89%E3%80%93" n3="%E3%82%B3%E3%83%90%E3%83%AC%E3%82%A4" dan="17,16,16,16" rate="2155.03,2178.25,2166.56,2134.57" sx="M,M,M,M"/><TAIKYOKU oya="0"/><INIT seed="0,0,0,2,5,68" ten="250,250,250,250" oya="0" hai0="65,41,27,18,74,30,86,19,14,63,12,75,99" hai1="72,115,28,118,0,34,69,24,88,64,131,105,83" hai2="31,55,120,111,62,119,104,67,10,73,96,21,79" hai3="13,93,42,52,48,56,95,45,6,44,32,29,82"/><T98/><D41/><U127/><RYUUKYOKU type="yao9" ba="0,0" sc="250,0,250,0,250,0,250,0" hai1="0,24,28,34,64,69,72,83,88,105,115,118,127,131" /><INIT seed="0,1,0,2,1,62" ten="250,250,250,250" oya="0" hai0="27,21,18,63,130,122,59,131,75,76,71,135,96" hai1="56,47,115,39,66,67,88,93,133,98,110,94,117" hai2="111,52,43,106,29,19,0,104,68,97,61,49,15" hai3="13,42,12,80,4,1,14,132,28,112,84,36,116"/><T123/><D75/><U58/><E117/><V78/><F0/><W45/><G116/><T35/><D76/><U10/><E110/><V33/><F111/><W99/><G112/><T30/><D71/><U77/><E115/><V8/><F78/><W128/><G132/><T127/><D135/><U65/><E133/><V134/><F134/><W103/><G28/><T16/><D96/><N who="1" m="57383" /><E39/><V20/><F33/><W91/><G128/><N who="0" m="49195" /><D127/><U107/><E107/><V120/><F43/><W57/><G57/><N who="1" m="22122" /><E77/><V118/><F118/><W7/><REACH who="3" step="1"/><G1/><REACH who="3" ten="250,250,250,240" step="2"/><T11/><D123/><U74/><E74/><V126/><F29/><W55/><G55/><T105/><D122/><U87/><E87/><V44/><F120/><W70/><G70/><T83/><D59/><U72/><E72/><V53/><F68/><W73/><G73/><T41/><D41/><U69/><E69/><V9/><F53/><W34/><G34/><T60/><D35/><U125/><E125/><V5/><F126/><W79/><G79/><T46/><D30/><U92/><E98/><V89/><F97/><W64/><G64/><T81/><D63/><U54/><E10/><V100/><F9/><W32/><G32/><T51/><D60/><U95/><E54/><V3/><F61/><W101/><G101/><T26/><D11/><U40/><E40/><V23/><F100/><W6/><G6/><T129/><D129/><U22/><E22/><V86/><REACH who="2" step="1"/><F23/><REACH who="2" ten="250,250,240,240" step="2"/><W113/><G113/><T102/><D102/><U119/><E119/><V121/><F121/><W108/><G108/><T37/><D21/><U109/><E109/><RYUUKYOKU ba="1,2" sc="250,-30,250,10,240,10,240,10" hai1="47,65,66,67,92,94,95" hai2="3,5,8,15,19,20,44,49,52,86,89,104,106" hai3="4,7,12,13,14,36,42,45,80,84,91,99,103" /><INIT seed="1,2,2,1,3,20" ten="220,260,250,250" oya="1" hai0="134,25,72,47,23,71,10,13,56,87,86,69,53" hai1="1,18,44,15,29,46,93,14,30,124,133,90,48" hai2="6,35,84,21,28,22,73,0,32,34,117,40,36" hai3="121,103,125,120,79,77,70,132,108,11,2,113,9"/><U4/><E124/><V27/><F73/><W63/><G125/><T76/><D134/><U64/><E133/><V75/><F75/><W130/><G132/><T88/><D72/><U54/><E1/><V83/><F117/><W110/><G103/><T31/><D47/><U102/><E102/><V128/><F128/><W135/><G130/><T43/><D43/><U126/><E126/><V38/><F40/><W119/><G135/><T127/><D127/><U17/><E4/><V98/><F98/><W116/><G2/><T114/><D76/><U19/><E64/><V68/><F68/><W104/><G104/><T95/><D86/><N who="1" m="52439" /><E46/><V99/><F99/><W60/><REACH who="3" step="1"/><G70/><REACH who="3" ten="220,260,250,240" step="2"/><T74/><D114/><AGARI ba="2,3" hai="9,11,60,63,77,79,108,110,113,114,116,119,120,121" machi="114" ten="25,6400,0" yaku="1,1,2,1,22,2,53,0" doraHai="20" doraHaiUra="50" who="3" fromWho="0" sc="220,-70,260,0,250,0,240,100" /><INIT seed="2,0,0,5,1,28" ten="150,260,250,340" oya="2" hai0="130,39,48,36,135,63,12,52,105,32,104,65,66" hai1="46,17,45,125,114,19,77,37,106,29,92,81,124" hai2="26,88,123,84,15,101,109,34,103,58,72,40,68" hai3="54,9,13,78,94,60,127,61,99,129,53,44,20"/><V117/><F68/><W59/><G127/><N who="1" m="48714" /><E106/><V22/><F72/><W71/><G71/><T133/><D12/><U112/><E29/><V107/><F117/><W16/><G78/><T75/><D75/><N who="1" m="43199" /><E92/><V6/><F123/><W98/><G129/><T89/><D89/><U38/><E46/><V87/><F107/><W10/><G99/><T95/><D95/><U118/><E118/><V23/><F87/><W100/><G61/><T5/><D5/><U122/><E122/><V91/><F40/><W93/><G94/><T49/><D63/><U2/><E2/><V76/><F76/><W111/><G111/><T51/><D51/><AGARI ba="0,0" hai="9,10,13,16,20,44,51,53,54,59,60,93,98,100" machi="51" ten="40,2600,0" yaku="8,1,54,1" doraHai="28" who="3" fromWho="0" sc="150,-26,260,0,250,0,340,26" /><INIT seed="3,0,0,4,1,96" ten="124,260,250,366" oya="3" hai0="121,35,72,133,135,22,54,60,86,20,116,102,132" hai1="82,42,12,41,10,95,62,16,75,80,65,15,48" hai2="13,129,24,2,98,127,19,3,112,108,7,131,73" hai3="99,25,67,89,29,49,44,36,57,6,126,107,78"/><W28/><G126/><T105/><D116/><U68/><E75/><V110/><F73/><W70/><G70/><T93/><D72/><U118/><E118/><V63/><F63/><W83/><G36/><T9/><D121/><U55/><E95/><V91/><F91/><W27/><G6/><T111/><D35/><U104/><E104/><V76/><F76/><W122/><G122/><T51/><D111/><N who="2" m="42538" /><F98/><W34/><G89/><T120/><D120/><U58/><REACH who="1" step="1"/><E15/><REACH who="1" ten="124,250,250,366" step="2"/><V53/><F127/><W40/><G107/><T81/><D105/><U43/><AGARI ba="0,1" hai="10,12,16,41,42,43,48,55,58,62,65,68,80,82" machi="43" ten="30,8000,1" yaku="1,1,2,1,0,1,54,1,53,1" doraHai="96" doraHaiUra="64" who="1" fromWho="1" sc="124,-20,250,90,250,-20,366,-40" owari="104,-39.6,340,44.0,230,-17.0,326,12.6" /></mjloggm>