<mjloggm ver="2.3"><GO type="225" lobby="0"/><UN n0="%6E%69%63%6B%6C%6F%77" n1="%E9%89%A2%E5%B7%BB%E3%82%AC%E3%83%96" n2="%E3%82%BC%E3%83%AB%E3%83%80%E3%81%AE%E4%BC%9D%E8%AA%AC" n3="%4B%2E%32%2E%4B%2E" dan="16,16,16,16" rate="2103.36,2044.94,2138.48,2057.24" sx="F,M,M,M"/><TAIKYOKU oya="0"/><INIT seed="0,0,0,5,4,113" ten="250,250,250,250" oya="0" hai0="70,65,110,135,29,87,73,23,127,130,93,86,123" hai1="42,14,117,71,94,101,19,89,32,35,102,97,50" hai2="41,18,81,119,0,15,55,49,44,122,9,88,12" hai3="79,105,60,75,67,80,20,61,104,59,38,118,62"/><T77/><D123/><U90/><E71/><V126/><F126/><W7/><G38/><T129/><D70/><U34/><E102/><V68/><F122/><W51/><G7/><T57/><D127/><U78/><E78/><V17/><F68/><W83/><G118/><T74/><D135/><U108/><E108/><V47/><F0/><W121/><G121/><T27/><D110/><U40/><E117/><V16/><F119/><W91/><G20/><T36/><D36/><U30/><E30/><V114/><F114/><W115/><G115/><T95/><D86/><U25/><E25/><V54/><F15/><W39/><G39/><T84/><D87/><U120/><E120/><V24/><F24/><W103/><G51/><T125/><D125/><U56/><E56/><V107/><F107/><W100/><G91/><T64/><D84/><U134/><E134/><V111/><F111/><W124/><G83/><T96/><D93/><U131/><E131/><N who="0" m="50185" /><D77/><U48/><E90/><V31/><F31/><W128/><G128/><T22/><D22/><U99/><E99/><V6/><F47/><W13/><G124/><T5/><D5/><U21/><REACH who="1" step="1"/><E101/><REACH who="1" ten="250,240,250,250" step="2"/><V37/><F37/><W132/><G103/><N who="0" m="60831" /><D57/><U46/><E46/><V11/><F88/><W53/><G100/><T76/><D76/><U92/><E92/><V98/><F98/><W33/><G132/><T116/><D116/><U45/><E45/><V1/><REACH who="2" step="1"/><F81/><REACH who="2" ten="250,240,240,250" step="2"/><W109/><G109/><T85/><D85/><U3/><E3/><V106/><F106/><W69/><G105/><T28/><D28/><U58/><E58/><RYUUKYOKU ba="0,2" sc="250,10,240,10,240,10,250,-30" hai0="23,27,29,64,65,73,74" hai1="14,19,21,32,34,35,40,42,48,50,89,94,97" hai2="1,6,9,11,12,16,17,18,41,44,49,54,55" /><INIT seed="0,1,2,2,4,43" ten="260,250,250,220" oya="0" hai0="80,52,105,110,9,82,54,17,59,96,83,50,102" hai1="32,79,84,98,4,22,116,85,62,106,94,121,70" hai2="13,104,103,24,112,45,68,114,69,124,89,133,90" hai3="81,92,122,1,118,7,56,108,6,76,65,111,12"/><T8/><D110/><N who="3" m="42025" /><G118/><T44/><REACH who="0" step="1"/><D17/><REACH who="0" ten="250,250,250,220" step="2"/><U72/><E116/><V58/><F112/><W41/><G122/><T2/><D2/><U60/><E121/><V130/><F114/><W20/><G1/><T115/><D115/><U125/><E125/><V16/><F124/><W119/><G119/><T126/><D126/><U25/><E4/><V77/><F16/><N who="3" m="10247" /><G41/><T19/><D19/><U61/><E70/><V127/><F68/><W97/><G56/><T21/><D21/><U100/><E32/><V87/><F58/><W67/><G6/><T57/><D57/><U113/><E113/><V46/><F69/><W107/><G7/><T39/><D39/><U88/><E22/><V129/><F127/><W28/><G28/><T35/><D35/><U131/><E131/><V29/><F129/><W64/><G107/><T34/><D34/><U5/><E5/><V36/><F130/><W31/><G31/><T38/><D38/><U53/><E25/><V74/><F36/><W49/><G49/><AGARI ba="1,3" hai="8,9,44,49,50,52,54,59,80,82,83,96,102,105" machi="49" ten="40,7700,0" yaku="1,1,52,1,54,1,53,0" doraHai="43" doraHaiUra="23" who="0" fromWho="3" sc="250,110,250,0,250,0,220,-80" /><INIT seed="0,2,0,4,0,112" ten="360,250,250,140" oya="0" hai0="129,118,21,37,40,41,86,108,89,126,76,123,134" hai1="85,57,8,131,107,119,82,50,110,51,26,95,122" hai2="104,111,106,46,12,127,96,62,29,36,101,130,4" hai3="39,73,49,98,61,75,64,66,0,109,68,33,45"/><T67/><D123/><U53/><E122/><V105/><F111/><W11/><G39/><T83/><D118/><U91/><E110/><V13/><F127/><W124/><G109/><T80/><D129/><U27/><E107/><V114/><F114/><W128/><G66/><T65/><D134/><U135/><E135/><V87/><F130/><W88/><G128/><T24/><D126/><U28/><E131/><V60/><F29/><W132/><G132/><T5/><D5/><U38/><E38/><V120/><F120/><W103/><G33/><T32/><D32/><U14/><E119/><V74/><F74/><W20/><G20/><T117/><D117/><U115/><E115/><V3/><F3/><W34/><G34/><T15/><D15/><U44/><E28/><V19/><F87/><W94/><G124/><T71/><D108/><U16/><REACH who="1" step="1"/><E95/><REACH who="1" ten="360,240,250,140" step="2"/><V97/><F104/><W18/><G103/><T116/><D116/><U17/><E17/><V7/><F19/><W42/><REACH who="3" step="1"/><G18/><REACH who="3" ten="360,240,250,130" step="2"/><N who="0" m="12343" /><D37/><U92/><E92/><V1/><F36/><W72/><G72/><T2/><D71/><U100/><E100/><V79/><F101/><W133/><G133/><T125/><D125/><U9/><E9/><V93/><F93/><W43/><G43/><AGARI ba="2,2" hai="8,14,16,26,27,43,44,50,51,53,57,82,85,91" machi="43" ten="30,7700,0" yaku="1,1,7,1,8,1,54,1,53,0" doraHai="112" doraHaiUra="30" who="1" fromWho="3" sc="360,0,240,103,250,0,130,-83" /><INIT seed="1,0,0,5,4,78" ten="360,343,250,47" oya="1" hai0="19,99,22,42,90,57,79,111,102,121,35,29,87" hai1="40,98,103,23,116,66,21,38,16,117,51,107,17" hai2="104,125,43,105,28,86,77,85,53,41,12,6,31" hai3="132,119,134,14,34,106,9,126,49,135,108,68,84"/><U62/><E38/><V122/><F125/><W95/><G106/><T4/><D111/><U36/><E36/><V59/><F122/><W81/><G68/><T71/><D71/><U27/><E40/><V60/><F105/><W89/><G34/><T76/><D35/><U39/><E39/><V133/><F133/><W44/><G126/><T127/><D29/><N who="2" m="11338" /><F104/><W18/><G119/><T124/><D42/><N who="2" m="15882" /><F77/><W123/><G108/><T55/><D4/><U3/><E3/><V91/><F91/><W94/><REACH who="3" step="1"/><G123/><REACH who="3" ten="360,343,250,37" step="2"/><T114/><D121/><U82/><E116/><V58/><F58/><W46/><G46/><T63/><D127/><U48/><E117/><V97/><F97/><W101/><G101/><T64/><D124/><U45/><E45/><V80/><F80/><W70/><G70/><T5/><D102/><U113/><E82/><V1/><F1/><W88/><G88/><T52/><D90/><U74/><E113/><V109/><F109/><W13/><G13/><T128/><D114/><U131/><E131/><V26/><F26/><W100/><G100/><T112/><D128/><U2/><E2/><V83/><F83/><W92/><G92/><T30/><D112/><U115/><E115/><V72/><F72/><W75/><G75/><T93/><D93/><U54/><E74/><V96/><F96/><W33/><G33/><T15/><D99/><U20/><E98/><V10/><AGARI ba="0,1" hai="6,10,12,53,59,60,85,86" m="15882,11338" machi="10" ten="30,1100,0" yaku="8,1" doraHai="78" who="2" fromWho="2" sc="360,-3,343,-5,250,21,37,-3" /><INIT seed="2,0,0,1,3,23" ten="357,338,271,34" oya="2" hai0="132,32,58,54,101,47,2,38,94,85,15,18,127" hai1="92,27,10,3,49,111,39,119,13,51,126,90,4" hai2="123,36,33,87,89,70,55,44,113,133,34,42,45" hai3="129,107,118,112,71,37,67,22,121,41,57,8,114"/><V117/><F113/><N who="3" m="43627" /><G107/><T21/><D32/><U97/><E119/><V110/><F117/><W43/><G8/><T20/><D2/><U82/><E111/><V12/><F123/><W103/><G118/><T78/><D127/><U124/><E39/><V86/><F70/><W64/><G103/><T6/><D6/><U40/><E3/><V59/><F110/><W56/><G22/><T63/><D132/><U52/><E82/><V115/><F115/><W53/><G121/><T0/><D0/><U77/><E77/><V96/><F133/><W80/><G80/><N who="0" m="47255" /><D38/><U46/><REACH who="1" step="1"/><E27/><REACH who="1" ten="357,328,271,34" step="2"/><V102/><F36/><W73/><G129/><T100/><D94/><U16/><E16/><V88/><F12/><W30/><G73/><T81/><D81/><U24/><E24/><V128/><F128/><W62/><G30/><T74/><D74/><U99/><E99/><V7/><F96/><W28/><G28/><T93/><D93/><U14/><E14/><V109/><F109/><W131/><G131/><T60/><D21/><U35/><E35/><V125/><F7/><W5/><G5/><T69/><D20/><U98/><E98/><V104/><F33/><W9/><G9/><T65/><D18/><U72/><E72/><V11/><F34/><W122/><G122/><T17/><D17/><U50/><E50/><V108/><F108/><W79/><G79/><T31/><D15/><U120/><E120/><V48/><F11/><W83/><G83/><T75/><D31/><U25/><E25/><V106/><F48/><N who="3" m="30759" /><G37/><T84/><D75/><U134/><E134/><V95/><F95/><RYUUKYOKU ba="0,1" sc="357,-15,328,15,271,-15,34,15" hai1="4,10,13,40,46,49,51,52,90,92,97,124,126" hai3="41,43,57,62,64,67,71" /><INIT seed="3,1,1,0,3,60" ten="342,343,256,49" oya="3" hai0="90,105,39,104,48,46,34,108,92,116,85,126,56" hai1="111,103,14,67,93,45,74,128,84,43,88,125,94" hai2="96,101,38,20,70,16,78,21,75,2,71,76,89" hai3="86,50,117,81,124,40,59,134,44,123,109,132,15"/><W68/><G117/><T135/><D116/><U82/><E67/><V69/><F38/><W1/><G123/><T4/><D34/><U7/><E74/><V36/><F36/><W31/><G1/><T133/><D39/><U22/><E111/><V110/><F110/><W47/><G68/><T64/><D108/><U42/><E125/><V17/><F2/><W131/><G109/><T41/><D126/><U37/><E128/><V53/><F89/><W127/><G131/><T54/><D4/><U106/><E106/><V11/><F11/><W55/><G31/><T80/><D64/><U28/><E37/><V24/><F53/><W100/><G47/><T3/><D3/><U77/><E103/><V65/><F75/><W79/><G100/><T18/><D18/><N who="1" m="10583" /><E7/><V73/><F73/><W8/><G127/><T63/><D92/><N who="1" m="35435" /><E28/><V97/><F65/><W95/><G95/><T19/><REACH who="0" step="1"/><D19/><REACH who="0" ten="332,343,256,49" step="2"/><U58/><E58/><V122/><F122/><W30/><G124/><T33/><D33/><U25/><E25/><V129/><F129/><W87/><G30/><T118/><D118/><U23/><E23/><V51/><F51/><W9/><G87/><T112/><D112/><U120/><E120/><V98/><REACH who="2" step="1"/><F101/><REACH who="2" ten="332,343,246,49" step="2"/><W121/><G121/><T10/><D10/><U32/><E45/><V27/><AGARI ba="1,3" hai="16,17,20,21,24,27,69,70,71,76,78,96,97,98" machi="27" ten="40,12000,2" yaku="1,1,2,1,0,1,9,1,54,1,53,2" doraHai="60" doraHaiUra="12" who="2" fromWho="2" sc="332,-31,343,-31,246,153,49,-61" owari="301,-9.9,312,11.2,399,49.9,-12,-51.2" /></mjloggm>