<mjloggm ver="2.3"><GO type="225" lobby="0"/><UN n0="%E6%98%93%E5%88%A9%E8%96%A9%E4%BC%AF" n1="%6D%75%75%73%61%6E%6D%75" n2="%53%E3%81%BB%E3%81%84%E3%81%BB%E3%81%84" n3="%E9%B4%A8%4E%45%47%49" dan="16,17,17,16" rate="2114.82,2176.02,2155.29,2122.74" sx="F,F,M,M"/><TAIKYOKU oya="0"/><INIT seed="0,0,0,0,1,58" ten="250,250,250,250" oya="0" hai0="32,29,96,65,81,39,59,70,34,2,100,111,115" hai1="14,128,69,116,47,11,53,10,26,78,48,45,90" hai2="23,92,38,93,119,56,43,18,28,72,112,131,129" hai3="33,87,85,125,120,21,76,52,68,7,44,20,124"/><T25/><D115/><U60/><E116/><V104/><F104/><W123/><G33/><T122/><D122/><N who="3" m="46633" /><G68/><T88/><D2/><U9/><E128/><V57/><F72/><W83/><G7/><T27/><D39/><U49/><E78/><V24/><F112/><W95/><G95/><N who="2" m="36425" /><F119/><W50/><G87/><T41/><D41/><U30/><E90/><V130/><F28/><W51/><G50/><T89/><D59/><N who="1" m="34927" /><E69/><V75/><F75/><W71/><G71/><T42/><D42/><N who="1" m="24631" /><E30/><V17/><F17/><W63/><G63/><N who="0" m="40255" /><D81/><U117/><E117/><V132/><F132/><W46/><G46/><AGARI ba="0,0" hai="18,23,24,38,43,46,56,57,129,130,131" m="36425" machi="46" ten="40,1300,0" yaku="19,1" doraHai="58" who="2" fromWho="3" sc="250,0,250,0,250,13,250,-13" /><INIT seed="1,0,0,3,1,19" ten="250,250,263,237" oya="1" hai0="40,108,86,82,21,76,51,92,116,55,132,13,119" hai1="26,43,73,58,60,117,46,53,63,65,131,110,59" hai2="111,90,134,64,35,68,81,17,96,127,84,37,32" hai3="62,128,24,38,5,31,112,61,45,123,0,103,72"/><U129/><E73/><V50/><F37/><W126/><G112/><T101/><D108/><U54/><E26/><V11/><F111/><W80/><G123/><T89/><D132/><U49/><E110/><V56/><F127/><W120/><G120/><T107/><D40/><U99/><E99/><V130/><F130/><N who="1" m="49673" /><E117/><V102/><F68/><W36/><G103/><T33/><D33/><U18/><E18/><V106/><F134/><W121/><G62/><T4/><D101/><U12/><E12/><V79/><F64/><AGARI ba="0,0" hai="43,46,49,53,54,58,59,60,63,64,65" m="49673" machi="64" ten="30,5800,0" yaku="19,1,34,2" doraHai="19" who="1" fromWho="2" sc="250,0,250,58,263,-58,237,0" /><INIT seed="1,1,0,2,4,21" ten="250,308,205,237" oya="1" hai0="35,2,10,49,12,39,116,123,75,59,55,114,44" hai1="68,96,106,25,78,74,9,41,82,84,95,69,97" hai2="112,121,124,45,102,130,105,5,0,50,128,100,93" hai3="134,109,127,14,11,7,62,83,94,80,63,43,6"/><U56/><E41/><V115/><F121/><W103/><G109/><T135/><D114/><N who="2" m="43562" /><F105/><W4/><G134/><T23/><D75/><U57/><E9/><N who="2" m="2215" /><F124/><W86/><G127/><T132/><D116/><U54/><E106/><V17/><F17/><N who="3" m="8415" /><G43/><T40/><D35/><U67/><E74/><V92/><F92/><W129/><G129/><N who="2" m="49769" /><F93/><W131/><G131/><T51/><D123/><U117/><E117/><V31/><F31/><W58/><G94/><T47/><D2/><U32/><E67/><V13/><F13/><W52/><G103/><T81/><D81/><N who="3" m="31305" /><G86/><T8/><D39/><U1/><E1/><V38/><F38/><W88/><G88/><T70/><D135/><U79/><E79/><V71/><F71/><W28/><G28/><T29/><D70/><U60/><E68/><V16/><F16/><W48/><AGARI ba="1,0" hai="4,6,7,48,52,58,62,63" m="31305,8415" machi="48" ten="30,2000,0" yaku="8,1,54,1" doraHai="21" who="3" fromWho="3" sc="250,-6,308,-11,205,-6,237,23" /><INIT seed="2,0,0,4,2,56" ten="244,297,199,260" oya="2" hai0="109,81,22,52,130,72,133,20,79,40,55,99,50" hai1="25,49,6,98,65,26,93,105,35,7,75,45,112" hai2="87,74,38,76,1,2,111,121,21,68,18,13,37" hai3="4,125,118,135,16,71,32,61,80,86,108,126,11"/><V101/><F121/><W8/><G118/><T51/><D109/><U66/><E105/><V14/><F111/><W107/><G108/><T42/><D130/><U58/><E75/><V53/><F74/><W100/><G32/><T85/><D133/><U78/><E78/><V29/><F101/><W24/><G100/><T90/><D99/><U0/><E112/><V120/><F120/><W31/><G107/><T27/><D22/><U3/><E3/><V83/><F68/><W60/><G71/><T134/><D134/><U5/><E0/><V104/><F104/><W63/><G135/><T127/><D127/><N who="3" m="48649" /><G16/><N who="0" m="12679" /><D72/><U122/><E35/><V97/><F97/><W96/><G96/><T47/><D79/><U19/><E122/><V41/><F29/><W114/><G114/><T89/><D90/><N who="1" m="55607" /><E19/><V23/><F53/><W62/><N who="3" m="15360" /><DORA hai="95" /><W84/><G84/><T119/><D119/><U128/><E128/><V44/><F38/><W34/><G4/><T30/><D30/><U106/><E106/><V73/><F87/><W17/><G17/><AGARI ba="0,0" hai="1,2,13,14,17,18,21,23,37,41,44,73,76,83" machi="17" ten="40,2000,0" yaku="9,1" doraHai="56,95" who="2" fromWho="3" sc="244,0,297,0,199,20,260,-20" /><INIT seed="2,1,0,4,0,89" ten="244,297,219,240" oya="2" hai0="87,101,33,54,3,105,68,95,103,93,78,21,115" hai1="43,132,57,129,118,42,48,58,23,74,119,2,38" hai2="11,113,98,63,124,109,121,51,67,106,97,85,114" hai3="99,20,49,44,17,130,80,133,36,39,64,125,31"/><V71/><F121/><W46/><G125/><T107/><D33/><U104/><E74/><V25/><F124/><W7/><G130/><T96/><D68/><U65/><E104/><N who="0" m="40009" /><D21/><U9/><E23/><V134/><F134/><W4/><G133/><T30/><D54/><N who="1" m="31943" /><E9/><V88/><F109/><W75/><G99/><N who="0" m="59631" /><D30/><U84/><E84/><V34/><F11/><W76/><G64/><T112/><D3/><U90/><E90/><V12/><F12/><W35/><G46/><T86/><D86/><U83/><E2/><V100/><F97/><W24/><G39/><T126/><D126/><U41/><E132/><V69/><F69/><W10/><G36/><T55/><D55/><U117/><E129/><V102/><F102/><W14/><REACH who="3" step="1"/><G35/><REACH who="3" ten="244,297,219,230" step="2"/><T123/><D123/><U120/><E120/><V40/><F40/><AGARI ba="1,1" hai="4,7,10,14,17,20,24,31,40,44,49,75,76,80" machi="40" ten="30,7700,0" yaku="1,1,2,1,7,1,53,1" doraHai="89" doraHaiUra="5" who="3" fromWho="2" sc="244,0,297,0,219,-80,230,90" /><INIT seed="3,0,0,2,3,0" ten="244,297,139,320" oya="3" hai0="9,127,1,51,44,4,68,79,133,115,15,94,2" hai1="84,119,40,96,110,22,48,19,6,63,125,117,109" hai2="62,134,54,42,123,126,39,80,116,66,107,106,50" hai3="86,132,103,135,108,100,24,29,28,118,32,111,3"/><W88/><G118/><N who="1" m="45066" /><E125/><V5/><F116/><W16/><G3/><T20/><D68/><U47/><E96/><V82/><F126/><W73/><G73/><T52/><D127/><U75/><E75/><V85/><F123/><W13/><G29/><T93/><D133/><N who="3" m="51273" /><G13/><T76/><D115/><U104/><E104/><V23/><F134/><W38/><G16/><T89/><D94/><U33/><E63/><V49/><F39/><W72/><G72/><T114/><D2/><U25/><E84/><V77/><F82/><N who="3" m="49239" /><G38/><T30/><D114/><U122/><E33/><V17/><F42/><W14/><G14/><T78/><D1/><U35/><E35/><V7/><F106/><W98/><G103/><T87/><D20/><U105/><E122/><V43/><F107/><AGARI ba="0,0" hai="24,28,32,98,100,107,108,111" m="49239,51273" machi="107" ten="30,2900,0" yaku="20,1,54,1" doraHai="0" who="3" fromWho="2" sc="244,0,297,0,139,-29,320,29" owari="244,-15.6,297,9.7,110,-39.0,349,44.9" /></mjloggm>