<mjloggm ver="2.3"><GO type="225" lobby="0"/><UN n0="%43%68%65" n1="%73%6C%69%63%6B%33%31%39" n2="%6D%75%75%6D%75%72%61" n3="%E3%81%B7%E3%82%8A%E3%82%93%E8%81%96%E4%BA%BA" dan="16,16,16,16" rate="2150.97,2194.19,2138.79,2078.88" sx="M,M,F,M"/><TAIKYOKU oya="0"/><INIT seed="0,0,0,3,0,24" ten="250,250,250,250" oya="0" hai0="71,51,55,128,113,10,46,103,74,81,52,111,80" hai1="54,91,56,41,79,117,36,38,70,73,76,16,131" hai2="62,58,92,39,114,33,65,125,124,130,102,6,42" hai3="66,99,17,82,121,127,0,132,13,134,94,44,107"/><T21/><D113/><U49/><E117/><V100/><F114/><W95/><G0/><T75/><D71/><U18/><E70/><V31/><F130/><W112/><G112/><T85/><D128/><U120/><E120/><V12/><F39/><W37/><G121/><T108/><D103/><U5/><E131/><V30/><F42/><W40/><G66/><T104/><D104/><U110/><E110/><N who="0" m="42025" /><D81/><U61/><E5/><V22/><F33/><W83/><G107/><T45/><D21/><U101/><E101/><N who="2" m="39019" /><F92/><N who="3" m="35371" /><G99/><T47/><D10/><U9/><E9/><N who="2" m="4151" /><F22/><N who="3" m="11567" /><G127/><AGARI ba="0,0" hai="30,31,58,62,65,124,125,127" m="4151,39019" machi="127" ten="30,3900,0" yaku="18,1,52,2" doraHai="24" who="2" fromWho="3" sc="250,0,250,0,250,39,250,-39" /><INIT seed="1,0,0,0,2,77" ten="250,250,289,211" oya="1" hai0="76,10,127,92,39,107,124,13,86,97,85,106,116" hai1="102,133,125,35,37,113,32,38,74,72,109,7,43" hai2="101,114,95,100,126,14,79,45,82,90,73,62,15" hai3="33,27,110,75,20,40,53,34,2,88,47,135,131"/><U71/><E113/><V26/><F114/><W48/><G2/><T16/><D39/><N who="1" m="14859" /><E7/><V132/><F132/><W123/><G123/><T17/><D116/><U115/><E102/><V3/><F126/><N who="0" m="48170" /><D17/><U81/><E43/><V25/><F3/><W56/><G135/><T63/><D63/><U96/><E96/><V6/><F45/><W1/><G1/><T103/><D86/><U111/><E115/><V84/><F62/><W122/><G122/><T68/><D68/><U91/><E133/><V31/><F25/><W83/><G131/><T55/><D55/><U108/><E71/><V99/><F6/><W52/><G110/><T117/><D117/><U104/><E104/><V51/><F51/><W58/><G75/><N who="1" m="28714" /><E125/><V67/><F67/><W130/><G130/><T41/><D41/><U19/><E19/><V93/><REACH who="2" step="1"/><F100/><REACH who="2" ten="250,250,279,211" step="2"/><W5/><G5/><T94/><D107/><U23/><E111/><V50/><F50/><W28/><G34/><AGARI ba="0,1" hai="14,15,26,31,34,73,79,82,84,90,93,95,99,101" machi="34" ten="30,8000,1" yaku="1,1,7,1,52,1,53,2" doraHai="77" doraHaiUra="89" who="2" fromWho="3" sc="250,0,250,0,279,90,211,-80" /><INIT seed="2,0,0,1,4,60" ten="250,250,369,131" oya="2" hai0="128,131,21,90,123,102,81,50,122,71,79,133,37" hai1="15,29,117,113,25,135,49,41,65,69,52,121,101" hai2="127,67,2,39,96,11,9,94,98,36,124,32,23" hai3="106,87,126,130,12,54,20,10,134,33,47,61,92"/><V132/><F32/><W70/><G33/><T59/><D37/><U104/><E113/><V105/><F105/><W110/><G106/><T73/><D71/><U27/><E117/><V48/><F48/><W89/><G110/><T64/><D133/><U63/><E135/><V91/><F132/><W100/><G100/><T13/><D102/><U26/><E121/><V112/><F23/><W83/><G134/><T76/><D90/><U4/><E41/><V46/><F112/><W116/><G116/><T7/><D79/><U57/><E15/><V6/><F11/><W3/><G3/><T74/><D74/><U118/><E4/><V77/><F96/><W114/><G114/><T35/><D35/><N who="1" m="20911" /><E118/><V34/><F77/><W95/><G20/><T107/><D107/><U103/><E103/><V19/><F19/><N who="3" m="8599" /><G130/><N who="0" m="49707" /><D7/><U120/><E120/><V42/><F34/><W22/><G126/><N who="2" m="48169" /><F39/><W80/><G80/><T78/><D78/><U88/><E88/><V14/><F2/><W51/><G22/><T72/><D72/><U31/><E31/><V108/><F108/><W45/><G45/><T99/><D99/><AGARI ba="0,0" hai="26,27,49,52,57,63,65,69,99,101,104" m="20911" machi="99" ten="30,3900,0" yaku="25,1,52,1,54,1" doraHai="60" who="1" fromWho="0" sc="250,-39,250,39,369,0,131,0" /><INIT seed="3,0,0,4,5,34" ten="211,289,369,131" oya="3" hai0="13,28,7,83,36,102,119,45,82,51,90,2,65" hai1="72,80,39,110,109,93,88,18,92,5,58,135,44" hai2="17,40,94,71,3,128,133,23,24,124,30,50,47" hai3="15,46,77,8,20,75,16,57,59,27,31,87,61"/><W78/><G75/><T97/><D119/><U6/><E135/><V115/><F115/><W106/><G106/><T21/><D36/><U131/><E131/><V64/><F133/><W118/><G118/><T91/><D65/><U95/><E58/><V129/><F3/><W84/><G46/><T73/><D2/><U120/><E120/><V49/><F124/><W19/><G31/><T55/><D7/><U56/><E56/><V86/><F50/><W121/><G121/><T117/><D117/><U70/><E70/><V79/><F30/><W116/><G116/><T1/><D1/><U134/><E134/><V89/><F79/><W99/><G99/><T9/><D9/><U67/><E67/><V60/><AGARI ba="0,0" hai="17,23,24,40,47,49,60,64,71,86,89,94,128,129" machi="60" ten="30,1100,0" yaku="0,1" doraHai="34" who="2" fromWho="2" sc="211,-3,289,-3,369,11,131,-5" owari="208,-19.2,286,8.6,380,48.0,126,-37.4" /></mjloggm>