<mjloggm ver="2.3"><GO type="225" lobby="0"/><UN n0="%E3%83%8F%E3%82%AC%E3%82%BF%E3%82%AB%E3%81%AE%E3%81%88%E3%81%98%E3%81%8D" n1="%6E%65%77%E8%BC%AA%E5%A4%A7%E7%B4%8D%E8%A8%80" n2="%E3%83%A9%E3%83%BC%E3%83%A1%E3%83%B3%E4%BA%94%E9%83%8E" n3="%E9%80%9F%E6%B0%B4%E5%87%9B%E9%A6%99" dan="16,16,16,16" rate="2195.86,2094.29,2062.27,2089.91" sx="M,M,M,F"/><TAIKYOKU oya="0"/><INIT seed="0,0,0,0,3,74" ten="250,250,250,250" oya="0" hai0="15,99,102,117,70,111,21,124,135,61,121,79,93" hai1="45,83,32,57,47,88,130,14,114,59,42,40,78" hai2="75,62,100,28,5,123,108,35,126,80,11,110,69" hai3="103,66,3,33,131,71,107,68,30,50,4,133,23"/><T64/><D117/><U76/><E130/><V37/><F123/><W134/><G33/><T2/><D121/><U94/><E114/><V96/><F37/><W12/><G3/><T27/><D2/><U132/><E132/><V97/><F126/><W95/><G107/><T25/><D124/><U38/><E32/><V48/><F48/><W58/><G4/><T85/><D135/><U41/><E14/><V92/><F96/><W8/><G8/><T81/><REACH who="0" step="1"/><D111/><REACH who="0" ten="240,250,250,250" step="2"/><U19/><E19/><AGARI ba="0,1" hai="15,19,21,25,27,61,64,70,79,81,85,93,99,102" machi="19" ten="40,7700,0" yaku="1,1,2,1,52,1,53,0" doraHai="74" doraHaiUra="29" who="0" fromWho="1" sc="240,87,250,-77,250,0,250,0" /><INIT seed="0,1,0,3,4,31" ten="327,173,250,250" oya="0" hai0="60,101,61,71,86,35,52,18,123,36,64,41,88" hai1="9,99,126,58,98,30,95,28,84,96,40,129,75" hai2="29,85,48,115,128,135,118,100,49,57,33,72,46" hai3="27,77,63,132,67,79,91,0,69,53,23,109,15"/><T16/><D123/><U62/><E129/><V20/><F115/><W51/><G0/><T10/><D101/><U13/><E126/><V130/><F72/><W54/><G15/><T17/><D35/><U11/><E75/><V90/><F135/><W45/><G132/><T119/><D119/><U26/><E40/><V25/><F118/><W112/><G112/><T121/><D121/><U116/><E116/><V97/><F57/><W114/><G114/><T68/><D36/><U111/><E111/><V134/><F20/><W24/><G24/><T83/><D41/><U125/><E125/><V19/><F19/><W89/><G109/><T2/><D2/><U122/><E122/><V131/><F46/><W81/><G53/><T82/><D82/><U66/><E26/><V120/><F134/><W103/><G103/><T38/><D38/><U55/><E66/><V113/><F113/><W108/><G108/><T76/><D10/><U39/><E39/><V6/><F6/><W12/><G12/><T102/><D102/><U22/><E22/><V59/><F59/><W133/><G133/><T43/><D43/><U14/><E84/><V56/><F56/><W117/><G117/><T78/><REACH who="0" step="1"/><D52/><REACH who="0" ten="317,173,250,250" step="2"/><N who="1" m="34119" /><E95/><N who="2" m="54735" /><F120/><W7/><G81/><T42/><D42/><U3/><E55/><V4/><F4/><W21/><G7/><T47/><D47/><U106/><E3/><V94/><AGARI ba="1,1" hai="25,29,33,48,49,94,97,100,128,130,131" m="54735" machi="94" ten="30,2000,0" yaku="19,1,52,1" doraHai="31" who="2" fromWho="2" sc="317,-11,173,-6,250,33,250,-6" /><INIT seed="1,0,0,4,2,112" ten="306,167,283,244" oya="1" hai0="131,54,10,108,104,18,22,123,99,75,50,40,89" hai1="59,19,42,134,77,16,0,100,21,86,20,116,33" hai2="15,126,69,48,60,103,58,129,96,17,85,47,11" hai3="132,82,73,118,97,125,78,14,53,121,23,38,9"/><U88/><E134/><V4/><F126/><W101/><G38/><T71/><D75/><U61/><E116/><V32/><F129/><W46/><G121/><T117/><D123/><U114/><E114/><V34/><F69/><W35/><G35/><T41/><D71/><U57/><E33/><V110/><F110/><W128/><G132/><T79/><D79/><U65/><E0/><V107/><F85/><W127/><G128/><T93/><D108/><U124/><E124/><V24/><F4/><W68/><G23/><N who="1" m="8778" /><E42/><V98/><F98/><W55/><G68/><T31/><D104/><U39/><E39/><V91/><F91/><W115/><G115/><T130/><D31/><U36/><E36/><V63/><F24/><W51/><G55/><T120/><D10/><U106/><E106/><V133/><F133/><W122/><G122/><T29/><D29/><U94/><E77/><V113/><F113/><W80/><G80/><T45/><D117/><U1/><E1/><V3/><F3/><W90/><G118/><T13/><D120/><U7/><E7/><V95/><F107/><W25/><G127/><T27/><D131/><U70/><E70/><V84/><F32/><W81/><G125/><T37/><D130/><U30/><E30/><V2/><F34/><W105/><G73/><T135/><D135/><U8/><E8/><V119/><F119/><W109/><G78/><T28/><D37/><U56/><E100/><V67/><F2/><W87/><G109/><T52/><D41/><U6/><E6/><V66/><F103/><W26/><G105/><T72/><D72/><RYUUKYOKU ba="0,0" sc="306,15,167,15,283,-15,244,-15" hai0="13,18,22,27,28,40,45,50,52,54,89,93,99" hai1="16,19,56,57,59,61,65,86,88,94" /><INIT seed="1,1,0,4,2,55" ten="321,182,268,229" oya="1" hai0="121,5,133,16,20,127,3,97,81,12,99,33,30" hai1="114,52,28,66,120,94,90,46,98,79,88,109,87" hai2="104,135,36,53,107,47,106,67,111,96,25,48,7" hai3="24,40,71,50,132,54,19,93,42,84,8,68,126"/><U11/><E114/><V27/><F36/><W38/><G38/><T65/><D65/><U130/><E120/><V122/><F122/><W58/><G132/><T86/><D121/><U29/><E130/><V69/><F135/><W13/><G126/><T51/><D51/><N who="1" m="28791" /><E109/><V39/><F111/><W6/><G71/><T32/><D127/><U83/><E66/><V44/><F7/><W124/><G68/><T113/><D113/><U41/><E41/><V95/><F39/><W37/><G37/><T23/><D133/><U75/><E75/><V18/><F18/><W9/><G124/><T102/><D102/><N who="1" m="60759" /><E11/><V14/><F67/><W82/><G93/><T17/><D33/><U15/><E15/><V1/><F69/><W49/><G49/><T57/><D32/><U72/><E72/><V80/><F1/><W22/><REACH who="3" step="1"/><G9/><REACH who="3" ten="321,182,268,219" step="2"/><T76/><D3/><U77/><E77/><AGARI ba="1,1" hai="6,8,13,19,22,24,40,42,50,54,58,77,82,84" machi="77" ten="30,8000,1" yaku="1,1,2,1,7,1,8,1,52,1,53,0" doraHai="55" doraHaiUra="91" who="3" fromWho="1" sc="321,0,182,-83,268,0,219,93" /><INIT seed="2,0,0,1,1,95" ten="321,99,268,312" oya="2" hai0="90,110,7,30,71,13,1,75,23,19,18,122,68" hai1="135,127,24,118,59,33,112,16,35,25,82,12,113" hai2="130,62,133,93,31,61,60,48,77,32,74,88,129" hai3="43,66,109,4,103,22,131,102,28,2,124,114,126"/><V79/><F133/><W14/><G43/><T44/><D75/><U99/><E59/><V106/><F106/><W53/><G66/><T123/><D110/><U52/><E82/><V132/><F132/><W37/><G37/><T107/><D107/><U54/><E135/><V58/><F32/><W50/><G109/><T51/><D30/><U8/><E118/><V97/><F31/><W64/><G64/><T5/><D90/><U134/><E134/><V104/><F104/><W27/><G2/><T41/><D1/><U105/><E105/><V11/><F11/><N who="3" m="4455" /><G131/><N who="2" m="50185" /><F74/><W21/><G21/><T89/><D89/><U39/><E39/><V6/><F6/><W100/><G114/><T57/><D57/><U29/><E127/><N who="3" m="48682" /><G103/><T10/><D71/><U70/><E70/><V111/><F111/><W72/><G72/><T80/><D68/><U26/><E99/><V83/><F83/><W86/><G86/><T0/><D80/><U42/><E42/><V115/><F115/><W101/><G101/><T84/><D84/><U81/><E81/><V69/><F69/><W67/><G67/><T38/><D38/><U47/><E29/><V15/><F15/><W116/><G116/><T63/><D0/><U36/><E36/><V121/><F121/><W85/><G85/><T76/><D123/><U119/><E119/><V91/><F91/><W125/><G125/><T128/><D122/><U120/><E120/><V117/><F117/><W45/><AGARI ba="0,0" hai="22,27,28,45,50,53,100,102" m="48682,4455" machi="45" ten="30,1100,0" yaku="18,1" doraHai="95" who="3" fromWho="3" sc="321,-3,99,-3,268,-5,312,11" /><INIT seed="3,0,0,5,2,4" ten="318,96,263,323" oya="3" hai0="123,116,98,99,39,91,32,67,96,49,100,133,57" hai1="19,0,58,10,70,106,85,81,18,102,105,101,12" hai2="92,104,127,47,135,52,44,103,111,112,22,125,6" hai3="132,76,7,15,40,60,119,55,3,8,41,130,86"/><W62/><G119/><T43/><D116/><U20/><E70/><V124/><F112/><W117/><G117/><T87/><D123/><U9/><E58/><V42/><F104/><W89/><G132/><T51/><D32/><U50/><E50/><N who="2" m="28743" /><F103/><W48/><G76/><T73/><D73/><U5/><E106/><V61/><F92/><N who="3" m="54327" /><G3/><T126/><D39/><U97/><E102/><V134/><F22/><W75/><G75/><T115/><D133/><N who="2" m="50698" /><F111/><W128/><G128/><T59/><D115/><U72/><E72/><V84/><F84/><W27/><G27/><T65/><D100/><U31/><E31/><V131/><F131/><W33/><G33/><T95/><D126/><N who="2" m="32258" /><V53/><DORA hai="16" /><F6/><W11/><G11/><T54/><D43/><N who="3" m="16457" /><G130/><T30/><D30/><U71/><E71/><V1/><F1/><W74/><G74/><T37/><D37/><U113/><E113/><V21/><F21/><W36/><G36/><T35/><D35/><U82/><REACH who="1" step="1"/><E85/><REACH who="1" ten="318,86,263,323" step="2"/><V23/><F47/><AGARI ba="0,1" hai="7,8,15,47,48,55,60,62" m="16457,54327" machi="47" ten="30,2900,0" yaku="8,1,52,1" doraHai="4,16" who="3" fromWho="2" sc="318,0,86,0,263,-29,323,39" owari="318,11.8,86,-41.4,234,-16.6,362,46.2" /></mjloggm>