<mjloggm ver="2.3"><GO type="225" lobby="0"/><UN n0="%77%72%77%72%77%72%77%72" n1="%4B%2E%32%2E%4B%2E" n2="%45%6C%79%73%69%75%6D" n3="%E8%83%83%E3%81%A8%E8%85%B8" dan="16,17,17,17" rate="2119.18,2185.38,2103.54,2248.47" sx="M,M,F,M"/><TAIKYOKU oya="0"/><INIT seed="0,0,0,4,3,20" ten="250,250,250,250" oya="0" hai0="21,27,17,128,53,84,72,52,101,9,104,106,117" hai1="90,40,63,87,93,22,48,109,134,130,105,45,86" hai2="83,78,115,131,97,99,65,77,0,12,96,107,4" hai3="114,132,28,79,91,88,60,50,46,10,15,129,80"/><T29/><D72/><U43/><E105/><V23/><F115/><W36/><G114/><T121/><D117/><U3/><E3/><V16/><F131/><W59/><G36/><T67/><D121/><U73/><E73/><V25/><F0/><W26/><G129/><T102/><D128/><U125/><E130/><V81/><F107/><W14/><G132/><T92/><D67/><U38/><E134/><V95/><F65/><N who="3" m="39071" /><G79/><N who="2" m="30217" /><F95/><W118/><G118/><T47/><D106/><U123/><E123/><V94/><F94/><W6/><G14/><N who="0" m="7375" /><D104/><U33/><E33/><V122/><F122/><W68/><G80/><N who="2" m="30793" /><F4/><W11/><G11/><T133/><D133/><U8/><E8/><V74/><F74/><W18/><G6/><T135/><D135/><U55/><E38/><V124/><F124/><W119/><G68/><T113/><D113/><U98/><E125/><V66/><F66/><W31/><G119/><T64/><D64/><U35/><E35/><V100/><F100/><N who="0" m="38506" /><D47/><U75/><E75/><V57/><F57/><W41/><G31/><T70/><D70/><U126/><E126/><V42/><F42/><W13/><G13/><AGARI ba="0,0" hai="12,13,16,23,25,96,97,99" m="30793,30217" machi="13" ten="30,3900,0" yaku="8,1,52,1,54,1" doraHai="20" who="2" fromWho="3" sc="250,0,250,0,250,39,250,-39" /><INIT seed="1,0,0,4,2,91" ten="250,250,289,211" oya="1" hai0="51,107,3,65,118,120,129,125,6,2,126,56,123" hai1="117,108,0,86,24,8,34,38,115,109,47,68,71" hai2="76,44,61,82,74,73,83,60,10,90,19,101,53" hai3="103,50,20,66,92,128,12,5,93,9,30,85,52"/><U29/><E115/><V122/><F122/><N who="0" m="46634" /><D107/><U95/><E117/><V35/><F35/><W18/><G128/><T111/><D118/><U89/><E0/><V49/><F101/><W69/><G69/><T14/><D129/><U31/><E8/><V84/><REACH who="2" step="1"/><F74/><REACH who="2" ten="250,250,279,211" step="2"/><W99/><G30/><T28/><D28/><U78/><E31/><V23/><F23/><W36/><G36/><T37/><D37/><U43/><REACH who="1" step="1"/><E78/><REACH who="1" ten="250,240,279,211" step="2"/><V87/><F87/><W64/><G85/><T94/><D126/><U110/><AGARI ba="0,2" hai="24,29,34,38,43,47,68,71,86,89,95,108,109,110" machi="110" ten="30,18000,2" yaku="1,1,2,1,0,1,14,1,10,1,52,1,53,0" doraHai="91" doraHaiUra="105" who="1" fromWho="1" sc="250,-60,240,200,279,-60,211,-60" /><INIT seed="1,1,0,3,2,50" ten="190,440,219,151" oya="1" hai0="73,34,117,97,24,1,28,116,82,64,110,127,76" hai1="27,91,14,44,111,125,20,52,88,54,114,13,133" hai2="53,59,112,101,85,56,19,115,75,113,3,22,35" hai3="92,47,93,23,124,105,80,121,51,57,79,107,106"/><U17/><E114/><V70/><F75/><W134/><G121/><T78/><D110/><U58/><E111/><V7/><F35/><W77/><G124/><T120/><D127/><U87/><E125/><V62/><F70/><W32/><G32/><T102/><D120/><U99/><E133/><V95/><F7/><W61/><G134/><T16/><D76/><U119/><E119/><V2/><F59/><W123/><G123/><T108/><D108/><U72/><E72/><V90/><REACH who="2" step="1"/><F101/><REACH who="2" ten="190,440,209,151" step="2"/><W65/><G23/><T48/><D34/><U74/><E58/><V55/><F55/><W39/><G39/><T126/><D73/><U89/><E54/><V36/><F36/><W130/><G130/><T83/><D126/><U8/><E52/><V49/><F49/><W81/><G51/><T84/><D48/><U71/><E74/><V86/><F86/><W131/><G131/><T109/><D84/><U6/><E87/><V135/><F135/><W38/><G38/><T60/><D109/><U94/><E71/><V46/><F46/><W11/><G47/><T41/><D117/><U4/><E44/><V15/><AGARI ba="1,1" hai="2,3,15,19,22,53,56,62,85,90,95,112,113,115" machi="15" ten="30,7900,0" yaku="1,1,0,1,11,1,52,1,53,0" doraHai="50" doraHaiUra="37" who="2" fromWho="2" sc="190,-21,440,-40,209,92,151,-21" /><INIT seed="2,0,0,5,5,67" ten="169,400,301,130" oya="2" hai0="48,89,29,114,13,117,54,11,56,86,20,104,23" hai1="76,27,83,124,126,49,26,12,129,69,52,123,37" hai2="33,71,88,130,58,105,36,24,14,113,82,99,97" hai3="38,31,74,63,1,55,73,42,10,43,95,53,4"/><V60/><F113/><W96/><G31/><T44/><D114/><U30/><E37/><V66/><F130/><W127/><G127/><N who="1" m="48682" /><E129/><V107/><F36/><W119/><G119/><T128/><D104/><U25/><E123/><V61/><F14/><W111/><G111/><T106/><D106/><U28/><E69/><V121/><F121/><W8/><G38/><T5/><D117/><U47/><E12/><V116/><F116/><W81/><G81/><T108/><D108/><U3/><E3/><V78/><F105/><W87/><G87/><AGARI ba="0,0" hai="25,26,27,28,30,47,49,52,76,83,87" m="48682" machi="87" ten="30,2000,0" yaku="18,1,54,1" doraHai="67" who="1" fromWho="3" sc="169,0,400,20,301,0,130,-20" /><INIT seed="3,0,0,1,4,64" ten="169,420,301,110" oya="3" hai0="107,90,22,51,96,35,132,116,30,82,123,9,105" hai1="98,54,134,46,131,133,117,41,18,17,122,94,77" hai2="3,87,56,13,11,69,49,23,37,16,58,61,104" hai3="45,25,43,72,6,20,34,36,60,71,120,100,124"/><W7/><G120/><T29/><D123/><U63/><E117/><V40/><F104/><W129/><G124/><T84/><D35/><U114/><E114/><V106/><F106/><W127/><G100/><T14/><D116/><U38/><E122/><V44/><F87/><W70/><G127/><T126/><D132/><N who="1" m="50795" /><E77/><V85/><F85/><W66/><G129/><T48/><D22/><U112/><E112/><V130/><F130/><W21/><G72/><T125/><D96/><U109/><E109/><V99/><F99/><W108/><G108/><T121/><D107/><U59/><E131/><V53/><F3/><W97/><G97/><T75/><D48/><U12/><E12/><V67/><REACH who="2" step="1"/><F11/><REACH who="2" ten="169,420,291,110" step="2"/><W1/><G70/><AGARI ba="0,1" hai="13,16,23,37,40,44,49,53,56,58,61,67,69,70" machi="70" ten="40,12000,2" yaku="1,1,2,1,52,2,54,1,53,1" doraHai="64" doraHaiUra="42" who="2" fromWho="3" sc="169,0,420,0,291,130,110,-120" owari="169,-23.1,420,22.0,421,52.1,-10,-51.0" /></mjloggm>