<mjloggm ver="2.3"><GO type="225" lobby="0"/><UN n0="%E3%81%95%E3%81%8D%E3%81%9F%E3%81%BE%E6%9E%97%E6%AA%8E" n1="%E3%83%81%E3%83%AF%E3%83%AF%E9%9A%8A%E9%95%B7" n2="%E6%97%A5%E6%9B%9C%E6%97%A5%E3%82%88%E3%82%8A%E3%81%AE%E4%BD%BF%E8%80%85" n3="%E3%81%BF%E3%81%BF%E3%81%9A" dan="16,17,16,18" rate="2055.75,2158.93,2091.80,2251.25" sx="M,M,M,M"/><TAIKYOKU oya="0"/><INIT seed="0,0,0,4,4,27" ten="250,250,250,250" oya="0" hai0="88,53,12,132,39,111,67,112,103,37,83,49,97" hai1="60,0,123,117,17,87,7,55,33,131,134,20,44" hai2="11,110,26,22,66,56,86,65,58,114,89,43,135" hai3="2,74,82,119,121,24,100,71,41,130,5,34,133"/><T28/><D112/><U59/><E117/><V8/><F114/><W57/><G57/><N who="2" m="22121" /><F43/><W10/><G100/><T52/><D132/><U115/><E123/><V113/><F135/><W116/><G121/><T77/><D67/><N who="2" m="25610" /><F110/><W127/><G133/><T4/><D111/><U6/><E134/><V64/><N who="2" m="25618" /><V32/><DORA hai="54" /><F32/><W106/><G71/><T25/><D39/><U96/><E115/><V124/><F124/><W68/><G68/><T120/><D37/><U109/><E109/><V108/><F108/><W78/><G106/><T101/><D120/><U85/><E33/><V122/><F122/><W107/><G107/><T93/><D53/><U45/><E131/><V80/><F113/><W63/><G63/><T30/><D25/><U9/><E7/><V95/><F80/><W128/><G41/><T81/><D83/><U16/><E45/><V15/><F15/><W46/><G46/><N who="0" m="27703" /><D12/><U92/><E44/><V99/><F99/><W19/><G127/><T23/><D81/><U50/><E60/><V98/><F98/><W76/><G76/><T91/><D77/><U90/><E96/><V29/><AGARI ba="0,0" hai="8,11,22,26,29,86,89,95" m="25618,22121" machi="29" ten="40,8000,1" yaku="8,1,52,4" doraHai="27,54" who="2" fromWho="2" sc="250,-40,250,-20,250,80,250,-20" /><INIT seed="1,0,0,3,4,14" ten="210,230,330,230" oya="1" hai0="66,70,39,52,113,115,75,20,50,49,74,116,82" hai1="86,128,10,106,33,117,68,88,34,126,19,18,45" hai2="7,4,132,53,54,16,81,17,127,92,32,2,44" hai3="95,109,55,84,133,125,60,71,12,123,65,111,130"/><U42/><E117/><V78/><F32/><W41/><G123/><T28/><D116/><U38/><E106/><V129/><F2/><W0/><G125/><T124/><D39/><U100/><E68/><V5/><F127/><W134/><G0/><T73/><D124/><U13/><E126/><V15/><F129/><W108/><G130/><T59/><D50/><U72/><E72/><V90/><F132/><N who="3" m="50795" /><G41/><T57/><D70/><U40/><E128/><V76/><F44/><W98/><G55/><N who="2" m="21001" /><F81/><W135/><N who="3" m="50803" /><W8/><DORA hai="107" /><G84/><T58/><D82/><U120/><E120/><V35/><F35/><W21/><G21/><T85/><D85/><U46/><E100/><V121/><F121/><W91/><G109/><T24/><REACH who="0" step="1"/><D66/><REACH who="0" ten="200,230,330,230" step="2"/><U110/><E110/><V114/><F114/><AGARI ba="0,1" hai="20,24,28,49,52,57,58,59,73,74,75,113,114,115" machi="114" ten="50,12000,2" yaku="1,1,2,1,52,3,54,1,53,0" doraHai="14,107" doraHaiUra="30,101" who="0" fromWho="2" sc="200,130,230,0,330,-120,230,0" /><INIT seed="2,0,0,4,1,8" ten="330,230,210,230" oya="2" hai0="1,76,123,3,69,108,101,51,55,49,35,52,84" hai1="59,98,85,91,15,11,93,79,23,14,118,107,119" hai2="133,77,2,10,42,106,36,131,26,50,48,45,90" hai3="80,88,96,27,54,86,117,72,67,6,127,24,65"/><V70/><F70/><W103/><G117/><T21/><D69/><U22/><E119/><V74/><F106/><W110/><G110/><T25/><D108/><U134/><E118/><V39/><F39/><W132/><G127/><T20/><D123/><U5/><E134/><V128/><F90/><W116/><G116/><T114/><D114/><U125/><E125/><V64/><F64/><N who="3" m="24651" /><G72/><T40/><D101/><U34/><E34/><V47/><F26/><W57/><G6/><T121/><D121/><U120/><E120/><V75/><F133/><W56/><G132/><T135/><D135/><U81/><E107/><V89/><F89/><W83/><G57/><T16/><D40/><U44/><E59/><V7/><F50/><N who="3" m="30807" /><G80/><T100/><D35/><U124/><E124/><V38/><F38/><W28/><G28/><T60/><D60/><U62/><E62/><V30/><F30/><W9/><G9/><T66/><D66/><U113/><E113/><V0/><F0/><W31/><G31/><N who="0" m="17831" /><D100/><U95/><E44/><V112/><F112/><W43/><G43/><T37/><D37/><U71/><E71/><V4/><F4/><W18/><G18/><T104/><D104/><U92/><E22/><V33/><F33/><W129/><G129/><N who="2" m="49737" /><F77/><W13/><G13/><N who="0" m="9359" /><D1/><U109/><E109/><V82/><F82/><W58/><G103/><T94/><D3/><U29/><E29/><V115/><F115/><W126/><G126/><T130/><D130/><U87/><E98/><V111/><F111/><W102/><G58/><T99/><D76/><U105/><E105/><V17/><F17/><AGARI ba="0,0" hai="5,11,14,15,17,23,79,81,85,87,91,92,93,95" machi="17" ten="40,8000,1" yaku="6,1,8,1,52,2" doraHai="8" who="1" fromWho="2" sc="330,0,230,80,210,-80,230,0" /><INIT seed="3,0,0,4,2,41" ten="330,310,130,230" oya="3" hai0="85,57,13,20,99,40,123,111,95,122,60,82,46" hai1="21,88,33,107,29,96,126,24,44,108,91,50,127" hai2="112,97,128,72,93,4,43,61,80,75,51,113,35" hai3="47,77,119,83,2,17,103,110,78,58,15,115,106"/><W5/><G115/><T134/><D111/><U18/><E108/><V94/><F35/><W71/><G110/><T68/><D68/><U64/><E64/><V105/><F4/><W3/><G71/><T19/><D134/><U117/><E117/><V135/><F61/><W102/><G119/><T32/><D32/><U69/><E69/><V9/><F9/><W49/><G58/><T132/><D132/><U26/><E107/><V125/><F135/><W120/><G120/><T87/><D123/><U12/><E24/><V34/><F34/><W84/><G5/><T86/><D122/><U54/><REACH who="1" step="1"/><E96/><REACH who="1" ten="330,300,130,230" step="2"/><V118/><F118/><W73/><G106/><T1/><D1/><U0/><E0/><V114/><F125/><AGARI ba="0,1" hai="12,18,21,26,29,33,44,50,54,88,91,125,126,127" machi="125" ten="40,8000,1" yaku="1,1,18,1,52,1,54,1,53,0" doraHai="41" doraHaiUra="130" who="1" fromWho="2" sc="330,0,300,90,130,-80,230,0" owari="330,13.0,390,49.0,50,-45.0,230,-17.0" /></mjloggm>