<mjloggm ver="2.3"><GO type="225" lobby="0"/><UN n0="%E6%80%AA%E3%81%97%E3%81%99%E3%81%8E%E3%82%8B%E3%83%81%E3%83%BC" n1="%E3%83%A9%E3%83%96%E3%83%AC%E3%83%BC" n2="%6D%75%75%6D%75%72%61" n3="%E5%A4%96%E5%B7%9D%E7%AB%9C%E6%88%90" dan="16,18,16,16" rate="2154.00,2239.56,2163.46,2136.03" sx="M,M,F,M"/><TAIKYOKU oya="0"/><INIT seed="0,0,0,2,3,110" ten="250,250,250,250" oya="0" hai0="2,52,134,33,119,80,125,10,9,50,95,96,77" hai1="92,115,29,131,22,79,128,107,91,101,102,34,17" hai2="7,54,90,49,26,100,31,24,89,3,133,6,98" hai3="47,21,94,51,111,82,117,56,60,81,93,30,37"/><T42/><D119/><U121/><E121/><V105/><F133/><W58/><G37/><T45/><D33/><U123/><E123/><V39/><F39/><W53/><G117/><T65/><D134/><U62/><E79/><V59/><F26/><N who="3" m="16719" /><G111/><T69/><D125/><U0/><E0/><V112/><F112/><W124/><G124/><T75/><D2/><U114/><E29/><V74/><F74/><W104/><G104/><T23/><D23/><U19/><E62/><V15/><F3/><W116/><G116/><T5/><D5/><U16/><E22/><V1/><F1/><W68/><G68/><T132/><D132/><U4/><E4/><V61/><F49/><W126/><G58/><T70/><D52/><U11/><E11/><V86/><F15/><W113/><G113/><N who="1" m="43018" /><E34/><V20/><REACH who="2" step="1"/><F89/><REACH who="2" ten="250,250,240,250" step="2"/><W129/><G126/><T36/><D75/><U127/><E127/><V63/><F63/><W64/><G129/><N who="1" m="49738" /><E107/><V120/><F120/><W32/><G32/><T106/><D106/><U71/><E71/><V40/><F40/><W97/><G51/><T84/><D50/><U57/><E57/><V108/><F108/><W72/><G56/><T88/><REACH who="0" step="1"/><D70/><REACH who="0" ten="240,250,240,250" step="2"/><U14/><E14/><V135/><F135/><W44/><G72/><T130/><D130/><U76/><E76/><V35/><F35/><W83/><G60/><AGARI ba="0,2" hai="9,10,36,42,45,60,65,69,77,80,84,88,95,96" machi="60" ten="40,3900,0" yaku="1,1,54,1,53,0" doraHai="110" doraHaiUra="99" who="0" fromWho="3" sc="240,59,250,0,240,0,250,-39" /><INIT seed="0,1,0,1,4,23" ten="299,250,240,211" oya="0" hai0="132,110,30,131,58,55,89,44,24,104,100,63,85" hai1="81,92,94,69,37,8,107,87,78,109,128,9,105" hai2="32,118,83,127,67,108,130,1,49,48,122,29,16" hai3="101,36,88,68,120,135,41,75,114,39,27,119,11"/><T33/><D131/><U62/><E37/><V124/><F122/><W13/><G114/><T45/><D132/><U121/><E121/><V46/><F130/><W82/><G119/><T112/><D112/><U26/><E107/><V133/><F133/><W97/><G120/><T99/><REACH who="0" step="1"/><D110/><REACH who="0" ten="289,250,240,211" step="2"/><U103/><E109/><V15/><F108/><W134/><G134/><T57/><D57/><U123/><E128/><V31/><F118/><W117/><G135/><T34/><D34/><U22/><E123/><V2/><F32/><W113/><G113/><T25/><D25/><U71/><E71/><V77/><F124/><W91/><G68/><T40/><D40/><U102/><E69/><V125/><F127/><W4/><G27/><T76/><D76/><U70/><E70/><V106/><F125/><W0/><G117/><T86/><D86/><U47/><E78/><V21/><F77/><W50/><G41/><T5/><D5/><U54/><E87/><V98/><F1/><W20/><G0/><T12/><D12/><U129/><E129/><V90/><F2/><W53/><G13/><T3/><D3/><U56/><E26/><V80/><F15/><W18/><G75/><T51/><D51/><U61/><E56/><V38/><F49/><W42/><G50/><T79/><D79/><U73/><E73/><V95/><F48/><W43/><G43/><T116/><D116/><U65/><E47/><V59/><F46/><W84/><G39/><T7/><D7/><U35/><E35/><V115/><F38/><W52/><G36/><T28/><D28/><N who="2" m="10826" /><F115/><W66/><G42/><RYUUKYOKU ba="1,1" sc="289,30,250,-10,240,-10,211,-10" hai0="24,30,33,44,45,55,58,63,85,89,99,100,104" /><INIT seed="0,2,1,5,4,29" ten="319,240,230,201" oya="0" hai0="99,83,18,37,35,132,70,118,98,6,135,61,14" hai1="105,102,109,116,66,71,103,130,9,15,67,119,82" hai2="55,96,74,68,23,126,95,20,77,111,97,16,8" hai3="72,58,112,12,131,2,54,41,47,123,108,115,80"/><T27/><D118/><U106/><E82/><V17/><F68/><W94/><G2/><T117/><D117/><U45/><E45/><V110/><F126/><W36/><G108/><N who="2" m="41513" /><F74/><W65/><G131/><T40/><D83/><U32/><E109/><V128/><F128/><W33/><G123/><T63/><D6/><U42/><E130/><V49/><F77/><W44/><G33/><T125/><D125/><U92/><E71/><V53/><F8/><W86/><G72/><T11/><D40/><U10/><E42/><V84/><F84/><W107/><G107/><T75/><D37/><U50/><E50/><V28/><F28/><W48/><G94/><T91/><D75/><U76/><E92/><V121/><F121/><W39/><G12/><T69/><D70/><U114/><E15/><N who="2" m="9247" /><F95/><W51/><G65/><T24/><D69/><U78/><E114/><V85/><F85/><W124/><G124/><T64/><D64/><U62/><E62/><V79/><F79/><W122/><G122/><T13/><D11/><U19/><E19/><V113/><F113/><W34/><G34/><AGARI ba="2,1" hai="9,10,32,34,66,67,76,78,102,103,105,106,116,119" machi="34" ten="25,6400,0" yaku="22,2,52,2" doraHai="29" who="1" fromWho="3" sc="319,0,240,80,230,0,201,-70" /><INIT seed="1,0,0,5,5,41" ten="319,320,230,131" oya="1" hai0="30,7,100,35,114,10,74,68,54,27,61,33,1" hai1="70,22,96,81,111,75,37,134,48,43,50,76,15" hai2="120,88,0,28,16,59,4,133,18,42,118,84,69" hai3="65,112,53,24,79,9,20,95,131,82,56,47,115"/><U77/><E70/><V72/><F69/><W21/><G131/><T8/><D114/><U36/><E134/><V11/><F118/><W46/><G115/><T12/><D74/><U108/><E96/><V83/><F120/><W119/><G112/><T44/><D100/><U129/><E129/><V78/><F133/><W63/><G119/><T106/><D106/><U2/><E2/><V104/><F104/><W13/><G95/><T87/><D87/><U71/><E71/><V93/><F28/><W122/><G122/><T60/><D35/><U113/><E113/><V55/><F42/><W38/><G38/><T124/><D68/><U14/><E22/><V62/><AGARI ba="0,0" hai="0,4,11,16,18,55,59,62,72,78,83,84,88,93" machi="62" ten="20,5200,0" yaku="0,1,7,1,54,2" doraHai="41" who="2" fromWho="2" sc="319,-13,320,-26,230,52,131,-13" /><INIT seed="2,0,0,0,0,95" ten="306,294,282,118" oya="2" hai0="26,103,37,101,24,58,9,79,126,81,75,84,127" hai1="50,80,55,61,108,66,99,113,77,110,115,90,70" hai2="67,96,15,93,120,31,69,132,41,121,28,51,63" hai3="53,7,65,59,100,71,109,98,30,23,76,27,22"/><V2/><F2/><W33/><G109/><N who="1" m="42090" /><E77/><V32/><F132/><W0/><G76/><T47/><D75/><U38/><E38/><V14/><F41/><W123/><G123/><T86/><D86/><N who="1" m="50503" /><E99/><V52/><F120/><W124/><G124/><N who="0" m="47659" /><D58/><AGARI ba="0,0" hai="50,55,58,61,66,70,113,115" m="50503,42090" machi="58" ten="30,1000,0" yaku="14,1" doraHai="95" who="1" fromWho="0" sc="306,-10,294,10,282,0,118,0" /><INIT seed="3,0,0,0,5,1" ten="296,304,282,118" oya="3" hai0="128,103,82,116,55,109,77,60,36,72,12,37,88" hai1="130,20,123,57,61,124,92,16,96,74,46,54,71" hai2="97,9,94,118,107,68,64,47,126,62,23,87,133" hai3="127,121,38,106,89,32,10,110,17,35,31,108,84"/><W105/><G121/><T76/><D116/><U43/><E123/><V11/><F118/><W28/><G38/><T30/><D109/><N who="3" m="42089" /><G127/><T58/><D128/><U85/><E74/><V21/><F126/><W90/><G17/><T8/><D77/><U80/><E124/><V53/><F11/><W19/><G19/><T113/><D113/><U120/><E71/><V18/><F9/><W129/><G10/><T56/><D103/><N who="1" m="60807" /><E120/><V101/><F18/><W99/><G129/><T131/><D30/><N who="3" m="11305" /><G99/><T40/><D131/><U48/><E130/><V6/><F97/><W119/><G119/><T104/><D37/><U49/><E20/><V29/><F23/><W26/><G26/><T13/><D8/><U134/><E134/><V100/><F133/><W41/><G41/><T78/><D40/><U33/><E33/><N who="3" m="12874" /><G84/><T67/><D36/><U27/><E27/><V63/><F87/><W4/><G4/><T81/><D72/><U3/><E16/><V111/><F6/><W5/><G5/><T66/><D13/><U122/><E122/><V51/><F111/><W132/><G132/><T112/><D12/><U135/><E135/><V102/><F21/><W73/><G73/><T93/><D112/><U22/><E22/><V125/><F29/><W91/><AGARI ba="0,0" hai="89,90,91,105,106" m="12874,11305,42089" machi="91" ten="40,12000,1" yaku="28,2,14,1,10,1" doraHai="1" who="3" fromWho="3" sc="296,-40,304,-40,282,-40,118,120" /><INIT seed="3,1,0,2,5,89" ten="256,264,242,238" oya="3" hai0="66,38,10,64,55,125,98,111,11,6,28,46,14" hai1="4,96,84,31,15,133,128,93,24,33,50,0,25" hai2="9,58,68,82,19,1,78,94,40,67,115,100,3" hai3="56,74,101,112,21,91,62,90,86,5,59,75,37"/><W39/><G112/><T107/><D111/><U2/><E128/><V109/><F68/><W47/><G101/><T80/><D125/><U102/><E133/><V32/><F115/><W129/><G129/><T72/><D28/><U26/><E0/><V81/><F32/><W65/><G5/><T130/><D130/><U30/><E2/><V53/><F67/><W127/><G127/><T79/><D11/><N who="1" m="4583" /><E33/><V51/><F109/><W44/><G21/><T77/><D77/><U29/><E84/><V110/><F110/><W108/><G108/><T22/><D22/><U70/><E70/><V105/><F105/><W13/><G13/><T87/><D72/><U88/><E50/><V27/><F81/><W17/><G17/><T60/><D38/><U69/><E69/><V95/><F100/><AGARI ba="1,0" hai="24,25,26,29,30,31,88,93,96,100,102" m="4583" machi="100" ten="30,3900,0" yaku="8,1,52,1,54,1" doraHai="89" who="1" fromWho="2" sc="256,0,264,42,242,-42,238,0" owari="256,5.6,306,40.6,200,-30.0,238,-16.2" /></mjloggm>