<mjloggm ver="2.3"><GO type="225" lobby="0"/><UN n0="%E6%B8%A9%E2%98%85%E6%83%85%E2%98%85%E6%8E%AA%E2%98%85%E7%BD%AE" n1="%E3%81%AA%E3%81%A1%30%39%32%37" n2="%E4%B8%AD%E5%B9%B4%E3%81%AE%E5%8D%B1%E6%A9%9F" n3="%E5%8F%AF%E5%85%90%E9%82%A3%E7%94%B1%E5%A4%9A" dan="16,16,17,16" rate="2165.45,2072.42,2191.29,2193.24" sx="M,M,M,F"/><TAIKYOKU oya="0"/><INIT seed="0,0,0,3,2,123" ten="250,250,250,250" oya="0" hai0="19,78,54,13,103,90,129,85,66,44,135,114,99" hai1="132,36,29,67,121,102,62,23,18,0,47,51,17" hai2="5,76,20,15,74,58,7,71,69,37,1,27,50" hai3="9,111,83,3,72,34,108,43,22,14,105,11,28"/><T12/><D114/><U96/><E121/><V88/><F37/><W59/><G105/><T6/><D135/><U115/><E0/><V57/><F1/><W10/><G43/><T110/><D129/><U122/><E122/><V93/><F74/><W97/><G97/><T16/><D66/><U131/><E131/><V68/><F76/><N who="3" m="44423" /><G59/><T46/><D78/><U80/><E80/><V116/><F116/><W94/><G94/><N who="0" m="58871" /><D110/><N who="3" m="42025" /><G34/><T32/><D32/><U119/><E96/><V134/><F134/><W53/><G53/><T8/><D54/><U56/><E56/><V127/><F127/><W112/><G112/><T64/><D64/><U107/><E67/><V48/><F58/><W70/><G70/><T77/><D77/><U30/><E115/><V2/><F57/><W95/><G95/><N who="0" m="54735" /><D6/><U133/><E133/><V84/><F7/><N who="3" m="3455" /><G3/><T24/><D24/><AGARI ba="0,0" hai="9,10,22,24,28" m="3455,42025,44423" machi="24" ten="30,7700,0" yaku="14,1,52,3" doraHai="123" who="3" fromWho="0" sc="250,-77,250,0,250,0,250,77" /><INIT seed="1,0,0,1,1,133" ten="173,250,250,327" oya="1" hai0="127,124,27,86,23,91,53,11,4,75,32,114,90" hai1="94,88,41,89,113,126,100,42,35,125,123,16,121" hai2="128,34,104,65,48,106,81,130,68,17,20,108,50" hai3="30,129,22,102,40,77,0,70,66,131,26,79,19"/><U29/><E113/><V85/><F34/><W12/><G0/><T111/><D114/><U118/><E118/><V52/><F108/><W55/><G40/><N who="1" m="15466" /><E100/><V83/><F68/><W101/><G55/><T24/><D75/><U54/><E54/><V14/><F65/><W39/><G39/><T21/><D111/><U87/><E16/><V57/><F50/><W80/><G66/><T1/><D53/><U2/><E2/><V61/><F48/><W78/><G70/><T134/><D134/><U62/><E62/><V49/><F49/><W3/><G3/><T51/><D51/><U9/><E9/><V13/><F13/><W6/><G6/><T135/><D135/><U18/><E18/><V59/><F59/><W107/><G80/><T109/><D109/><U44/><E44/><V15/><F83/><W95/><G107/><T119/><D119/><U60/><E60/><V46/><F15/><W99/><REACH who="3" step="1"/><G102/><REACH who="3" ten="173,250,250,317" step="2"/><T76/><D1/><U47/><E47/><V110/><F110/><W7/><G7/><T112/><D4/><U5/><E5/><V115/><F115/><W97/><G97/><T63/><D112/><U105/><E105/><V84/><F46/><W72/><G72/><T10/><D86/><U132/><E132/><V67/><F85/><W73/><G73/><T64/><D64/><U38/><E38/><V71/><F67/><W33/><AGARI ba="0,1" hai="12,19,22,26,30,33,77,78,79,95,99,101,129,131" machi="33" ten="30,2000,0" yaku="1,1,0,1,53,0" doraHai="133" doraHaiUra="122" who="3" fromWho="3" sc="173,-5,250,-10,250,-5,317,30" /><INIT seed="2,0,0,5,1,77" ten="168,240,245,347" oya="2" hai0="99,122,25,44,49,114,51,10,94,97,13,36,129" hai1="109,62,14,12,135,65,71,31,101,53,54,47,100" hai2="61,80,27,41,52,29,4,7,96,130,45,125,43" hai3="118,67,21,17,39,3,16,32,104,111,124,133,1"/><V121/><F121/><W33/><G39/><T83/><D122/><U59/><E109/><V58/><F125/><W75/><G75/><T66/><D114/><U79/><E135/><V131/><F96/><W56/><G104/><T23/><D129/><N who="2" m="49162" /><F80/><W89/><G118/><T22/><D36/><U0/><E0/><V20/><F43/><W103/><G103/><N who="1" m="39498" /><E71/><V91/><F91/><W30/><G89/><T55/><D66/><U126/><E126/><V48/><AGARI ba="0,0" hai="4,7,20,27,29,41,45,48,52,58,61" m="49162" machi="48" ten="30,3000,0" yaku="19,1,54,1" doraHai="77" who="2" fromWho="2" sc="168,-10,240,-10,245,30,347,-10" /><INIT seed="2,1,0,2,3,90" ten="158,230,275,337" oya="2" hai0="107,6,82,77,10,83,123,118,115,105,79,45,28" hai1="74,8,9,124,16,35,97,13,119,95,109,117,44" hai2="55,130,23,34,48,66,36,110,100,91,42,0,49" hai3="61,121,106,51,89,64,54,60,24,76,1,30,38"/><V27/><F0/><W3/><G121/><T94/><D123/><U84/><E74/><V129/><F34/><W135/><G38/><T5/><D115/><U127/><E35/><V21/><F66/><W39/><G39/><T73/><D118/><U111/><E84/><V56/><F36/><W71/><G106/><T120/><D120/><U40/><E9/><V62/><F110/><N who="1" m="41993" /><E44/><V116/><F116/><N who="1" m="44617" /><E40/><V114/><F114/><W25/><G76/><T102/><D28/><U29/><E29/><V96/><F91/><AGARI ba="1,0" hai="8,13,16,91,95,97,124,127" m="44617,41993" machi="91" ten="30,3900,0" yaku="14,1,52,1,54,1" doraHai="90" who="1" fromWho="2" sc="158,0,230,42,275,-42,337,0" /><INIT seed="3,0,0,4,1,102" ten="158,272,233,337" oya="3" hai0="133,33,51,37,62,14,79,46,88,65,128,87,100" hai1="106,55,98,41,54,131,23,127,13,59,9,83,29" hai2="85,12,77,89,91,109,64,135,16,61,84,114,18" hai3="121,30,107,73,48,86,126,24,57,20,10,96,71"/><W2/><G121/><T104/><D133/><U56/><E131/><V50/><F114/><W116/><G116/><T118/><D118/><U78/><E127/><V119/><F119/><W52/><G73/><T120/><D120/><U66/><E41/><V25/><F135/><W82/><G71/><T97/><D128/><U74/><E98/><V101/><F109/><W90/><G126/><T1/><D1/><U117/><E117/><V112/><F112/><W26/><G107/><T76/><D33/><U7/><E106/><V69/><F101/><W15/><G2/><T43/><D14/><U63/><E59/><V105/><F105/><W125/><G125/><T81/><REACH who="0" step="1"/><D37/><REACH who="0" ten="148,272,233,337" step="2"/><U47/><E13/><V80/><F12/><W28/><G15/><T49/><D49/><U67/><E7/><V8/><F8/><W3/><G3/><T123/><D123/><U45/><E9/><V58/><F25/><W31/><G10/><T129/><D129/><U44/><E23/><V92/><F50/><W11/><G11/><T34/><D34/><U17/><E63/><V122/><F122/><W39/><G39/><T132/><D132/><U22/><E22/><V75/><F69/><AGARI ba="0,1" hai="43,46,51,62,65,69,76,79,81,87,88,97,100,104" machi="69" ten="30,7700,0" yaku="1,1,7,1,52,1,54,1,53,0" doraHai="102" doraHaiUra="108" who="0" fromWho="2" sc="148,87,272,0,233,-77,337,0" owari="235,-16.5,272,7.2,156,-34.4,337,43.7" /></mjloggm>