<mjloggm ver="2.3"><GO type="225" lobby="0"/><UN n0="%E7%AD%89%E3%80%85%E5%8A%9B%E5%8A%87%E5%A0%B4" n1="%E3%82%BC%E3%83%AB%E3%83%80%E3%81%AE%E4%BC%9D%E8%AA%AC" n2="%E3%81%82%E3%81%99%E3%81%AB%E3%82%83%E3%82%80" n3="%E3%81%BF%E3%81%BF%E3%81%9A" dan="16,16,16,17" rate="2177.36,2192.62,2173.93,2192.11" sx="M,M,F,M"/><TAIKYOKU oya="0"/><INIT seed="0,0,0,2,0,114" ten="250,250,250,250" oya="0" hai0="50,21,108,55,73,41,78,9,13,12,40,59,63" hai1="22,135,69,39,1,58,67,77,42,17,118,96,89" hai2="37,36,127,76,128,62,70,19,35,134,93,74,15" hai3="56,105,90,131,102,119,60,18,129,28,110,64,130"/><T72/><D108/><U82/><E1/><V87/><F35/><W86/><G110/><T66/><D73/><U101/><E69/><V100/><F127/><W44/><G28/><T11/><D72/><U104/><E135/><V68/><F134/><W121/><G121/><T25/><D78/><U80/><E89/><V115/><F115/><W2/><G2/><T30/><D12/><U52/><E67/><V29/><F29/><W45/><G119/><T7/><REACH who="0" step="1"/><D11/><REACH who="0" ten="240,250,250,250" step="2"/><U83/><E118/><V91/><F74/><W107/><G130/><T47/><AGARI ba="0,1" hai="7,9,13,21,25,30,40,41,47,50,55,59,63,66" machi="47" ten="20,12000,1" yaku="1,1,2,1,0,1,7,1,8,1,53,0" doraHai="114" doraHaiUra="116" who="0" fromWho="0" sc="240,130,250,-40,250,-40,250,-40" /><INIT seed="0,1,0,1,2,64" ten="370,210,210,210" oya="0" hai0="97,90,89,46,114,51,0,121,44,7,118,91,77" hai1="122,112,81,9,29,93,63,48,47,135,96,103,6" hai2="76,99,2,124,75,57,34,18,94,15,106,22,41" hai3="111,10,126,16,54,69,113,53,45,120,20,116,43"/><T107/><D114/><U11/><E135/><V26/><F124/><W127/><G113/><T72/><D118/><U134/><E134/><V133/><F133/><W24/><G116/><T131/><D121/><U79/><E122/><V25/><F106/><W80/><G120/><T13/><D0/><U62/><E29/><V28/><F41/><W67/><G111/><T14/><D131/><U102/><E102/><V50/><F2/><W12/><G80/><T119/><D119/><U100/><E100/><V86/><F75/><W130/><G130/><T71/><D71/><U82/><E112/><V19/><F76/><W98/><G98/><T123/><D72/><U40/><E82/><V39/><F39/><W101/><G101/><T17/><D77/><U27/><E27/><V84/><F50/><W23/><G23/><T5/><D107/><U125/><E11/><V117/><F57/><W105/><G105/><T132/><D123/><U56/><E56/><V92/><F92/><W32/><G32/><T49/><D132/><U61/><E125/><N who="3" m="47626" /><G67/><T110/><D110/><U128/><E128/><V87/><F117/><W36/><G69/><T1/><D1/><U73/><REACH who="1" step="1"/><E62/><REACH who="1" ten="370,200,210,210" step="2"/><V129/><F129/><W70/><G70/><T108/><D108/><U60/><E60/><V88/><REACH who="2" step="1"/><F99/><REACH who="2" ten="370,200,200,210" step="2"/><W74/><G74/><T78/><D97/><U115/><E115/><V104/><F104/><W52/><G53/><T58/><D58/><U3/><AGARI ba="1,2" hai="3,6,9,40,47,48,61,63,73,79,81,93,96,103" machi="3" ten="20,8000,1" yaku="1,1,0,1,7,1,53,2" doraHai="64" doraHaiUra="59" who="1" fromWho="1" sc="370,-41,200,103,200,-21,210,-21" /><INIT seed="1,0,0,2,4,17" ten="329,303,179,189" oya="1" hai0="62,78,59,30,95,94,79,108,77,50,99,97,29" hai1="6,127,49,44,109,68,16,12,101,51,26,72,28" hai2="107,116,117,135,7,13,55,40,41,20,89,19,46" hai3="96,100,113,56,91,53,2,121,58,31,120,111,98"/><U37/><E72/><V52/><F107/><W114/><G2/><T14/><D108/><U87/><E68/><V64/><F135/><W25/><G111/><T8/><D50/><U11/><E109/><V92/><F7/><W88/><G25/><T61/><D95/><U39/><E127/><V66/><F117/><W85/><G85/><T128/><D128/><U23/><E101/><V9/><F116/><W60/><G100/><T69/><D69/><U36/><E87/><V0/><F0/><W125/><G60/><T103/><D99/><U76/><E76/><V134/><F134/><W119/><G119/><T32/><D32/><U84/><E84/><N who="2" m="52263" /><F9/><W104/><G53/><N who="2" m="20553" /><F46/><W129/><G129/><T21/><D62/><U42/><REACH who="1" step="1"/><E51/><REACH who="1" ten="329,293,179,189" step="2"/><V70/><F70/><W27/><G125/><T38/><D103/><U82/><E82/><V81/><F81/><W131/><G131/><T10/><D78/><U67/><E67/><AGARI ba="0,1" hai="13,19,20,40,41,64,66,67" m="20553,52263" machi="67" ten="30,3900,0" yaku="8,1,52,1,54,1" doraHai="17" who="2" fromWho="1" sc="329,0,293,-39,179,49,189,0" /><INIT seed="2,0,0,0,2,50" ten="329,254,228,189" oya="2" hai0="27,118,43,63,13,72,17,5,44,4,71,34,62" hai1="54,120,111,76,88,83,90,127,24,81,37,74,87" hai2="92,47,33,108,80,59,11,133,64,19,116,53,110" hai3="30,55,101,1,57,70,28,102,9,56,114,10,98"/><V46/><F116/><W122/><G122/><T66/><D72/><U113/><E113/><V126/><F33/><W32/><G70/><T51/><D118/><U82/><E37/><V86/><F126/><W7/><G114/><T22/><D34/><U130/><E127/><V35/><F35/><W91/><G91/><T26/><D63/><U93/><E120/><V69/><F92/><W135/><G135/><T131/><D131/><U25/><E130/><V125/><F125/><W99/><G32/><T8/><D27/><U45/><E111/><N who="2" m="42539" /><F133/><W14/><G1/><T38/><D38/><U106/><E106/><V40/><F40/><W73/><G73/><T39/><D39/><U48/><REACH who="1" step="1"/><E81/><REACH who="1" ten="329,244,228,189" step="2"/><V41/><F41/><W3/><G3/><T107/><D107/><U0/><E0/><V52/><F69/><W68/><G68/><T58/><D71/><U121/><E121/><V23/><F11/><W103/><G10/><T65/><D8/><U119/><E119/><V84/><F80/><W109/><G109/><T2/><D2/><U61/><E61/><N who="2" m="37951" /><F47/><W132/><G132/><T29/><D44/><U129/><E129/><V36/><F46/><W21/><G57/><T6/><D58/><U85/><AGARI ba="0,1" hai="24,25,45,48,54,74,76,82,83,85,87,88,90,93" machi="85" ten="20,12000,2" yaku="1,1,0,1,7,1,52,1,54,1,53,2" doraHai="50" doraHaiUra="78" who="1" fromWho="1" sc="329,-30,244,130,228,-60,189,-30" /><INIT seed="3,0,0,4,2,10" ten="299,374,168,159" oya="3" hai0="5,62,37,44,94,2,33,28,101,54,125,85,77" hai1="65,109,87,19,72,21,58,116,49,111,1,17,67" hai2="107,6,35,18,114,115,84,41,7,26,99,50,83" hai3="119,76,92,68,51,3,123,86,98,131,22,23,130"/><W27/><G123/><T95/><D2/><U69/><E72/><V122/><F122/><W38/><G119/><T64/><D33/><U52/><E116/><V11/><F107/><W128/><G38/><T8/><D28/><U46/><E1/><V57/><F99/><W75/><G3/><T133/><D133/><U47/><E87/><V63/><F7/><W91/><G68/><T4/><D4/><U113/><E113/><V106/><F106/><W96/><G51/><T61/><D125/><U56/><E56/><V12/><F35/><W118/><G118/><T16/><D5/><U82/><E82/><V15/><F26/><W40/><G40/><T0/><D0/><U112/><E19/><V121/><F121/><W24/><G75/><T66/><D37/><U135/><E135/><V39/><F39/><W14/><G14/><N who="0" m="7239" /><D101/><U43/><E112/><V105/><F105/><W31/><REACH who="3" step="1"/><G76/><REACH who="3" ten="299,374,168,149" step="2"/><T9/><D77/><U132/><E132/><V93/><F41/><W103/><G103/><T71/><D71/><U34/><E69/><V127/><F50/><W74/><G74/><T117/><D117/><U25/><E43/><V53/><F127/><W78/><G78/><T110/><D62/><U80/><E49/><V48/><F48/><W124/><G124/><T89/><D61/><U81/><E47/><V60/><F63/><W102/><G102/><T97/><D44/><U100/><E46/><V20/><F93/><W73/><G73/><T36/><D95/><U13/><E100/><V45/><F45/><W129/><N who="3" m="32768" /><DORA hai="70" /><W104/><G104/><T90/><D36/><RYUUKYOKU ba="0,1" sc="299,-15,374,-15,168,15,149,15" hai2="6,11,12,15,18,20,53,57,60,83,84,114,115" hai3="22,23,24,27,31,86,91,92,96,98" /><INIT seed="3,1,1,2,3,99" ten="284,359,183,164" oya="3" hai0="44,109,38,37,52,49,21,95,77,45,124,70,76" hai1="112,133,85,89,7,0,8,117,57,10,123,65,34" hai2="102,92,60,27,25,42,51,111,47,122,79,17,80" hai3="16,88,18,56,91,119,14,108,113,98,40,93,22"/><W2/><G113/><T96/><D70/><U3/><E112/><V120/><F111/><W64/><G119/><T118/><D118/><U116/><E34/><V6/><F6/><W83/><G108/><T131/><D109/><U53/><E123/><N who="2" m="47147" /><F60/><N who="3" m="37895" /><G2/><T132/><D132/><U105/><E10/><V19/><F92/><W30/><G40/><T110/><D110/><U36/><E53/><V26/><F102/><N who="3" m="60751" /><G30/><T73/><D131/><U69/><E36/><V62/><F62/><W74/><G74/><AGARI ba="1,1" hai="17,19,25,26,27,42,47,51,74,79,80" m="47147" machi="74" ten="30,1000,0" yaku="13,1" doraHai="99" who="2" fromWho="3" sc="284,0,359,0,183,23,164,-13" owari="284,8.4,359,45.9,206,-19.4,151,-34.9" /></mjloggm>