<mjloggm ver="2.3"><GO type="225" lobby="0"/><UN n0="%E8%BE%9B%E5%8F%A3%E3%82%AB%E3%83%AC%E3%83%BC%E3%83%A9%E3%82%A4%E3%82%B9" n1="%E3%81%9F%E3%81%8B%E3%80%82" n2="%E3%81%BF%E3%81%BF%E3%81%9A" n3="%E7%82%8E%E3%83%8E%E6%9C%B1%E9%9B%80" dan="18,16,18,16" rate="2276.23,2082.75,2235.80,2161.90" sx="M,M,M,M"/><TAIKYOKU oya="0"/><INIT seed="0,0,0,3,3,30" ten="250,250,250,250" oya="0" hai0="7,91,58,41,99,134,119,53,71,13,37,11,93" hai1="15,88,86,85,36,12,115,72,77,95,16,112,117" hai2="110,14,124,87,67,106,49,94,50,89,29,45,127" hai3="35,104,44,2,130,22,131,129,69,84,122,120,27"/><T59/><D134/><U66/><E117/><V96/><F110/><W17/><G104/><T107/><D119/><U42/><E66/><V98/><F67/><W75/><G75/><T62/><D71/><U83/><E42/><V3/><F3/><W78/><G69/><T76/><D107/><U81/><E36/><V46/><F29/><N who="3" m="19903" /><G44/><T4/><D76/><U92/><E15/><V60/><F60/><W65/><G65/><N who="0" m="39127" /><D37/><U54/><E54/><N who="2" m="29999" /><F106/><W118/><G118/><T9/><D41/><U51/><E51/><V47/><F47/><W25/><G2/><T32/><D32/><U109/><E109/><V123/><F123/><N who="3" m="47147" /><G84/><T18/><D11/><U105/><E105/><V56/><F56/><W10/><G78/><T33/><D33/><U132/><E132/><V114/><F114/><N who="1" m="43561" /><E86/><V0/><F0/><W102/><G102/><T79/><D79/><U31/><E31/><V82/><F94/><W24/><G10/><AGARI ba="0,0" hai="10,12,16,72,77,81,83,85,88,92,95" m="43561" machi="10" ten="30,3900,0" yaku="11,1,54,2" doraHai="30" who="1" fromWho="3" sc="250,0,250,39,250,0,250,-39" /><INIT seed="1,0,0,5,5,21" ten="250,289,250,211" oya="1" hai0="69,101,72,4,70,5,123,37,8,67,74,50,10" hai1="1,125,34,84,119,6,111,131,116,7,83,79,57" hai2="128,98,35,106,43,110,96,40,63,113,47,19,124" hai3="12,108,134,129,53,87,46,100,23,41,81,55,56"/><U17/><E125/><V104/><F35/><W82/><G108/><T61/><D37/><U107/><E107/><V68/><F110/><W30/><G129/><T89/><D123/><U122/><E122/><V11/><F128/><W28/><G134/><T52/><D101/><U20/><E131/><V33/><F33/><W62/><G100/><T115/><D115/><U15/><E111/><V58/><F68/><W73/><G73/><T103/><D103/><U22/><E34/><V114/><F19/><W60/><G12/><T109/><D70/><U16/><E57/><V88/><F11/><W14/><G14/><T0/><D89/><U93/><E93/><N who="2" m="56359" /><F98/><W112/><G112/><N who="2" m="43113" /><F124/><W45/><G23/><T66/><D66/><U118/><REACH who="1" step="1"/><E1/><REACH who="1" ten="250,279,250,211" step="2"/><V80/><F80/><W75/><G56/><T85/><D109/><U78/><E78/><V24/><F104/><W120/><G120/><T42/><D0/><U29/><E29/><V77/><F106/><W105/><G105/><T71/><D69/><U25/><AGARI ba="0,1" hai="6,7,15,16,17,20,22,25,79,83,84,116,118,119" machi="25" ten="30,11700,0" yaku="1,1,0,1,52,1,54,1,53,0" doraHai="21" doraHaiUra="135" who="1" fromWho="1" sc="250,-39,279,127,250,-39,211,-39" /><INIT seed="1,1,0,4,2,67" ten="211,406,211,172" oya="1" hai0="94,56,16,130,122,22,39,114,33,17,107,68,98" hai1="74,72,119,32,19,53,51,101,79,85,12,102,50" hai2="61,87,95,27,5,105,66,134,99,46,49,7,24" hai3="110,96,135,13,29,123,44,45,69,36,47,4,48"/><U75/><E32/><V40/><F105/><W97/><G110/><T129/><D114/><U10/><E119/><V34/><F134/><W60/><G123/><T28/><D39/><U112/><E112/><V125/><F125/><W100/><G135/><T124/><D124/><U104/><E104/><V70/><F87/><W62/><G36/><T38/><D38/><U23/><E23/><V84/><F84/><W106/><G29/><T73/><D107/><U81/><REACH who="1" step="1"/><E51/><REACH who="1" ten="211,396,211,172" step="2"/><V8/><F34/><W37/><G37/><T18/><D33/><U9/><E9/><V121/><F121/><W21/><G48/><T3/><D122/><U126/><E126/><V31/><F31/><W59/><G21/><T91/><D22/><U76/><E76/><V14/><REACH who="2" step="1"/><F5/><REACH who="2" ten="211,396,201,172" step="2"/><W83/><G4/><T92/><D28/><U111/><E111/><V1/><F1/><W78/><G106/><T71/><D3/><U132/><E132/><V133/><F133/><W41/><G78/><T88/><D129/><U131/><E131/><V115/><F115/><W120/><G120/><T52/><D130/><U77/><E77/><V58/><F58/><AGARI ba="1,2" hai="10,12,19,50,53,58,72,74,75,79,81,85,101,102" machi="58" ten="40,2000,0" yaku="1,1,53,0" doraHai="67" doraHaiUra="26" who="1" fromWho="2" sc="211,0,396,43,201,-23,172,0" /><INIT seed="1,2,0,3,1,72" ten="211,439,178,172" oya="1" hai0="78,59,62,115,49,3,93,122,112,13,1,73,14" hai1="91,50,31,126,85,110,44,9,127,46,118,123,2" hai2="58,54,41,5,81,22,119,30,10,114,111,19,107" hai3="103,0,98,11,71,20,32,36,105,33,124,6,48"/><U129/><E123/><V28/><F119/><W70/><G124/><N who="1" m="47658" /><E118/><V87/><F107/><W67/><G20/><T128/><D122/><U95/><E110/><V102/><F41/><W63/><G48/><T116/><D49/><U34/><E129/><V26/><F102/><W106/><G106/><T61/><D93/><U132/><E132/><V25/><F114/><W24/><G36/><T47/><D59/><U90/><E90/><V96/><F96/><W84/><G84/><T100/><D73/><U69/><E69/><V51/><F111/><W8/><G8/><T131/><D100/><U135/><E135/><V92/><F92/><W16/><REACH who="3" step="1"/><G70/><REACH who="3" ten="211,439,178,162" step="2"/><T29/><D116/><U65/><E50/><V66/><F66/><W134/><G134/><T12/><D115/><U68/><E65/><V82/><F87/><W52/><G52/><T94/><D112/><U7/><E68/><V104/><F104/><W40/><G40/><T39/><D39/><U97/><E85/><V17/><F81/><W120/><G120/><T53/><D128/><U15/><E2/><V125/><F82/><W89/><G89/><T23/><D1/><U38/><E38/><V55/><F125/><W88/><G88/><T76/><D3/><U27/><AGARI ba="2,1" hai="7,9,15,27,31,34,44,46,91,95,97" m="47658" machi="27" ten="30,1500,0" yaku="18,1" doraHai="72" who="1" fromWho="1" sc="211,-7,439,31,178,-7,162,-7" /><INIT seed="1,3,0,1,1,75" ten="204,470,171,155" oya="1" hai0="31,2,24,124,69,11,103,51,89,12,128,97,117" hai1="53,29,41,45,54,18,104,106,74,87,68,122,9" hai2="79,82,6,94,58,76,81,64,70,102,30,92,123" hai3="17,4,47,25,60,118,120,83,105,38,119,132,35"/><U8/><E122/><V127/><F123/><W22/><G120/><T0/><D117/><N who="3" m="44553" /><G132/><T90/><D124/><U131/><E74/><V134/><F70/><W88/><G105/><T42/><D69/><U116/><E116/><V39/><F39/><W135/><G135/><T112/><D112/><U48/><E68/><V57/><F134/><W126/><G126/><T7/><D128/><U59/><E131/><V100/><F127/><W33/><G60/><T121/><D121/><U101/><E29/><V63/><F30/><W66/><G66/><T21/><D0/><U98/><E54/><V56/><F6/><W67/><G67/><T113/><D2/><U34/><E34/><N who="3" m="12810" /><G4/><T20/><D20/><U77/><E106/><V13/><F13/><W109/><G109/><T40/><D113/><U129/><E129/><V65/><F56/><W133/><G133/><T27/><D27/><U15/><E9/><V91/><F91/><N who="0" m="34826" /><D51/><U114/><E114/><V36/><F36/><W5/><G5/><T72/><D72/><U125/><E125/><V37/><F37/><W95/><G38/><T1/><D1/><U23/><E23/><V86/><F86/><N who="3" m="52631" /><G47/><T55/><D31/><U78/><E87/><V111/><F111/><W99/><G99/><T84/><D97/><U71/><E71/><V32/><F32/><W107/><G107/><T46/><D7/><U61/><AGARI ba="3,0" hai="8,15,18,41,45,48,53,59,61,77,78,98,101,104" machi="61" ten="20,7800,0" yaku="0,1,7,1,52,2" doraHai="75" who="1" fromWho="1" sc="204,-29,470,87,171,-29,155,-29" /><INIT seed="1,4,0,4,3,129" ten="175,557,142,126" oya="1" hai0="80,63,6,38,9,82,66,62,23,104,35,126,97" hai1="98,64,24,48,31,108,127,90,72,15,49,56,21" hai2="36,75,93,58,102,87,134,71,44,12,116,30,99" hai3="2,69,106,34,42,28,120,79,53,74,132,7,94"/><U19/><E72/><V51/><F116/><W20/><G120/><T54/><D35/><U124/><E108/><V111/><F75/><W121/><G121/><T8/><D38/><U50/><E90/><V65/><F111/><W3/><G106/><T60/><D126/><U11/><E98/><V22/><F134/><W4/><G69/><T43/><D43/><U67/><REACH who="1" step="1"/><E56/><REACH who="1" ten="175,547,142,126" step="2"/><V91/><F71/><W105/><G74/><T114/><D97/><U77/><E77/><V57/><F57/><W27/><G79/><T84/><D84/><U92/><E92/><V45/><F58/><W83/><G94/><T128/><D82/><U76/><E76/><V86/><F86/><W100/><G83/><T0/><D80/><U112/><E112/><V130/><F87/><W103/><G105/><T135/><D104/><U101/><E101/><V55/><F102/><W47/><G100/><T122/><D114/><U117/><E117/><V10/><F130/><W123/><G103/><T17/><D128/><U40/><E40/><N who="2" m="22535" /><F91/><W32/><G123/><T52/><D122/><U46/><E46/><V16/><F93/><W110/><G47/><T39/><D66/><AGARI ba="4,1" hai="11,15,19,21,24,31,48,49,50,64,66,67,124,127" machi="66" ten="40,3900,0" yaku="1,1,53,1" doraHai="129" doraHaiUra="5" who="1" fromWho="0" sc="175,-51,547,61,142,0,126,0" /><INIT seed="1,5,0,3,5,119" ten="124,608,142,126" oya="1" hai0="99,124,67,107,90,105,49,36,135,25,21,54,8" hai1="127,134,44,19,43,86,52,112,66,106,129,12,92" hai2="30,51,94,34,1,121,63,59,9,31,80,3,74" hai3="88,131,70,101,95,91,89,13,96,110,62,114,61"/><U78/><E106/><V24/><F121/><W72/><G114/><T126/><D36/><U123/><E123/><V104/><F104/><W69/><G72/><T75/><D75/><U48/><E112/><V116/><F116/><W14/><G110/><T132/><D67/><U56/><E127/><N who="0" m="48681" /><D8/><N who="1" m="6535" /><E129/><V82/><F30/><W4/><G131/><T65/><D65/><U22/><E22/><V57/><F94/><W79/><G79/><T81/><D81/><N who="1" m="47415" /><E134/><N who="0" m="51241" /><D90/><U103/><E66/><V93/><F74/><W113/><G113/><T83/><D83/><U41/><E44/><V60/><F82/><W100/><G4/><T2/><D2/><U50/><E50/><V64/><F51/><W11/><G11/><T5/><D5/><U71/><E71/><V98/><F80/><W76/><G76/><T117/><D117/><U133/><E133/><V125/><F9/><W33/><G69/><T26/><D99/><AGARI ba="5,0" hai="41,43,48,52,56,92,99,103" m="47415,6535" machi="99" ten="30,2900,0" yaku="8,1,54,1" doraHai="119" who="1" fromWho="0" sc="124,-44,608,44,142,0,126,0" /><INIT seed="1,6,0,1,1,14" ten="80,652,142,126" oya="1" hai0="12,31,49,50,20,19,55,59,109,46,106,72,18" hai1="51,103,43,107,104,87,52,42,102,33,11,80,54" hai2="115,88,118,6,112,5,3,120,2,60,70,85,126" hai3="35,69,91,110,27,40,108,100,130,119,105,77,71"/><U135/><E33/><V125/><F118/><W93/><G119/><T89/><D106/><U76/><E135/><V56/><F70/><W63/><G130/><T74/><D109/><N who="3" m="42089" /><G77/><T0/><D0/><N who="2" m="42" /><F120/><W30/><G40/><N who="1" m="15402" /><E107/><V128/><F128/><W81/><G81/><T62/><D31/><U66/><E104/><V17/><F17/><N who="0" m="6154" /><D74/><U94/><E66/><N who="2" m="39175" /><F5/><W124/><G124/><N who="2" m="47721" /><F6/><W7/><G7/><T16/><D72/><U67/><E67/><V129/><F129/><W65/><G105/><T132/><D132/><U117/><E117/><V134/><F134/><W111/><N who="3" m="42097" /><W95/><DORA hai="1" /><G100/><N who="1" m="38442" /><E94/><AGARI ba="6,0" hai="85,88,94,112,115" m="47721,39175,42" machi="94" ten="30,2000,0" yaku="18,1,54,1" doraHai="14,1" who="2" fromWho="1" sc="80,0,652,-38,142,38,126,0" /><INIT seed="2,0,0,3,1,81" ten="80,614,180,126" oya="2" hai0="27,0,134,52,5,3,7,99,82,47,98,128,45" hai1="88,17,132,53,57,71,67,97,86,60,87,74,70" hai2="56,66,13,10,4,49,115,75,105,51,54,106,76" hai3="44,61,34,43,26,109,77,89,92,21,112,124,28"/><V95/><F115/><W116/><G116/><T68/><D68/><U11/><E74/><V14/><F66/><W113/><G109/><T35/><D35/><U55/><E132/><V46/><F75/><W12/><G124/><T103/><D134/><U65/><E71/><V108/><F76/><W123/><G77/><T94/><D128/><U6/><E70/><V122/><F122/><W91/><G123/><T62/><D27/><U30/><E30/><V25/><F108/><W37/><G61/><T80/><D62/><U20/><E65/><V42/><F25/><W40/><G40/><T58/><D58/><U41/><E41/><V59/><F59/><W135/><G135/><T32/><D32/><U100/><E100/><V131/><F131/><W111/><G111/><T16/><D103/><U9/><E6/><V1/><REACH who="2" step="1"/><F95/><REACH who="2" ten="80,614,170,126" step="2"/><W38/><G112/><T125/><D94/><N who="1" m="56519" /><E67/><V64/><F64/><W129/><G113/><T110/><D110/><U127/><E127/><V101/><F101/><W90/><G129/><T48/><D125/><U73/><E73/><V126/><F126/><W83/><G92/><T63/><D47/><U33/><E33/><V78/><F78/><W36/><G83/><T69/><D82/><U2/><E55/><V102/><F102/><W29/><G34/><T130/><D80/><U84/><E2/><N who="0" m="553" /><D130/><U24/><AGARI ba="0,1" hai="9,11,17,20,24,53,57,60,84,86,87" m="56519" machi="24" ten="30,12000,2" yaku="25,1,8,1,52,3,54,1" doraHai="81" who="1" fromWho="1" sc="80,-30,614,130,170,-60,126,-30" /><INIT seed="3,0,0,2,3,43" ten="50,744,110,96" oya="3" hai0="82,89,41,1,119,34,7,113,18,70,74,25,10" hai1="112,31,102,131,122,125,92,39,4,35,3,51,24" hai2="21,72,64,90,133,91,65,58,52,9,12,107,56" hai3="50,123,68,29,23,54,84,95,22,88,130,114,17"/><W77/><G114/><T117/><D70/><U78/><E51/><N who="2" m="30751" /><F72/><W93/><G123/><T111/><D89/><N who="2" m="33802" /><F107/><W99/><G68/><T106/><D106/><U60/><E24/><V86/><F133/><W38/><G38/><T44/><D111/><U0/><E60/><V81/><F21/><W30/><G130/><T5/><D113/><U134/><E4/><N who="2" m="3111" /><F58/><N who="3" m="33111" /><G23/><T14/><D7/><U67/><E92/><V48/><F48/><W62/><G62/><T46/><D74/><U27/><E78/><AGARI ba="0,0" hai="64,65,78,81,86" m="3111,33802,30751" machi="78" ten="30,2000,0" yaku="8,1,54,1" doraHai="43" who="2" fromWho="1" sc="50,0,744,-20,110,20,96,0" owari="50,-45.0,724,82.4,130,-7.0,96,-30.4" /></mjloggm>