<mjloggm ver="2.3"><GO type="225" lobby="0"/><UN n0="%4E%6F%2E%30%30%30%31" n1="%E3%81%86%E3%82%8B%E3%81%8A%E3%81%A1%E3%82%83" n2="%E9%80%86%E9%80%A3%E5%B8%AF%E3%81%AE%E9%AC%BC" n3="%E9%80%9F%E6%B0%B4%E5%87%9B%E9%A6%99" dan="18,16,16,17" rate="2246.17,2119.54,2133.76,2169.64" sx="M,F,M,F"/><TAIKYOKU oya="0"/><INIT seed="0,0,0,5,1,45" ten="250,250,250,250" oya="0" hai0="86,94,53,25,12,101,106,38,126,1,123,77,54" hai1="26,79,35,103,132,24,131,89,66,76,65,14,85" hai2="29,100,90,64,33,118,124,9,37,39,117,52,75" hai3="55,107,47,93,13,3,51,46,72,109,22,7,11"/><T111/><D123/><U105/><E132/><V60/><F124/><W61/><G107/><T57/><D1/><U97/><E131/><V16/><F75/><W96/><G72/><T116/><D116/><U92/><E14/><V112/><F112/><W82/><G109/><T87/><D38/><U122/><E122/><V23/><F100/><W80/><G61/><T99/><D126/><U20/><E35/><V84/><F33/><W21/><G46/><T62/><D111/><U68/><E26/><V15/><F39/><W110/><G110/><T73/><D12/><U50/><E50/><V74/><F37/><W19/><REACH who="3" step="1"/><G21/><REACH who="3" ten="250,250,250,240" step="2"/><T119/><D106/><U27/><E105/><V41/><F74/><W98/><G98/><T10/><D73/><U134/><E20/><V95/><F118/><W130/><G130/><T69/><D119/><U114/><E97/><V67/><F117/><W49/><G49/><T128/><D128/><U135/><E134/><V56/><F41/><W0/><G0/><T40/><D40/><U115/><E135/><V5/><REACH who="2" step="1"/><F29/><REACH who="2" ten="250,250,240,240" step="2"/><W58/><G58/><T91/><D57/><U129/><E114/><V2/><AGARI ba="0,2" hai="2,5,9,15,16,23,52,56,60,64,67,84,90,95" machi="2" ten="20,12000,2" yaku="1,1,2,1,0,1,7,1,54,2,53,0" doraHai="45" doraHaiUra="120" who="2" fromWho="2" sc="250,-60,250,-30,240,140,240,-30" /><INIT seed="1,0,0,1,1,36" ten="190,220,380,210" oya="1" hai0="130,2,41,81,56,100,15,78,91,14,109,62,31" hai1="124,63,102,115,77,38,117,24,10,80,47,110,132" hai2="6,48,94,88,126,119,133,20,21,113,93,122,83" hai3="69,42,85,123,65,49,128,116,125,3,18,17,46"/><U4/><E115/><V92/><F119/><W23/><G123/><T82/><D2/><U51/><E117/><V74/><F122/><W108/><G116/><T70/><D70/><U111/><E124/><V58/><F133/><W29/><G3/><T30/><D109/><N who="1" m="41483" /><E132/><V33/><F126/><W64/><G125/><T50/><D100/><U8/><E102/><V60/><F33/><W79/><G128/><T104/><D104/><U75/><E38/><V105/><F105/><W19/><G108/><T101/><D101/><U22/><E63/><V45/><F6/><W71/><G71/><T5/><D91/><U76/><E76/><V52/><F113/><W34/><G34/><T134/><D130/><U72/><E72/><V13/><F13/><N who="0" m="4618" /><D5/><U112/><E4/><V1/><F1/><W57/><G69/><T121/><D121/><U44/><E44/><V107/><F107/><W35/><G35/><T27/><D134/><U114/><E112/><V129/><F129/><W55/><G23/><N who="0" m="15743" /><D31/><N who="1" m="17815" /><E114/><V59/><F74/><W12/><G29/><T28/><D78/><U98/><E98/><V66/><F59/><W103/><G103/><T97/><D97/><U37/><E37/><V131/><F131/><W53/><G12/><T127/><D28/><U16/><E16/><V87/><AGARI ba="0,0" hai="20,21,45,48,52,58,60,66,83,87,88,92,93,94" machi="87" ten="30,7900,0" yaku="0,1,8,1,54,2" doraHai="36" who="2" fromWho="2" sc="190,-20,220,-39,380,79,210,-20" /><INIT seed="2,0,0,3,3,8" ten="170,181,459,190" oya="2" hai0="15,109,1,14,90,9,87,69,31,117,89,68,21" hai1="120,108,99,34,40,41,60,132,73,45,47,4,116" hai2="22,86,129,56,46,133,55,51,38,65,11,115,6" hai3="19,126,70,96,91,62,112,7,67,110,102,2,18"/><V50/><F115/><W92/><G112/><T12/><D109/><U95/><E34/><V111/><F133/><W77/><G110/><T35/><D117/><U10/><E73/><V23/><F129/><W36/><G36/><T74/><D74/><U72/><E72/><V13/><F38/><W106/><G126/><T71/><D35/><U80/><E108/><V124/><F124/><W16/><G77/><T57/><D57/><U52/><E116/><V49/><F111/><W84/><G7/><T53/><D53/><U33/><E33/><V3/><F3/><W122/><REACH who="3" step="1"/><G2/><REACH who="3" ten="170,181,459,180" step="2"/><T26/><REACH who="0" step="1"/><D87/><REACH who="0" ten="160,181,459,180" step="2"/><U103/><E132/><V66/><F86/><W59/><G59/><T121/><D121/><AGARI ba="0,2" hai="16,18,19,62,67,70,84,91,92,96,102,106,121,122" machi="121" ten="40,5200,0" yaku="1,1,54,1,53,1" doraHai="8" doraHaiUra="64" who="3" fromWho="0" sc="160,-52,181,0,459,0,180,72" /><INIT seed="3,0,0,2,5,34" ten="108,181,459,252" oya="3" hai0="114,104,89,80,111,73,13,134,95,29,60,2,45" hai1="59,10,25,85,87,54,49,116,78,37,63,0,39" hai2="6,112,31,86,36,40,28,126,66,93,23,53,76" hai3="92,75,26,79,48,69,107,96,77,44,109,18,101"/><W123/><G123/><T7/><D111/><U110/><E110/><V103/><F126/><W128/><G69/><T113/><D134/><U81/><E116/><V14/><F112/><W71/><G71/><T15/><D29/><U35/><E87/><V42/><F66/><W52/><G128/><T97/><D60/><U11/><E63/><V57/><F103/><W16/><G109/><T82/><D45/><U47/><E47/><V5/><F5/><W100/><G75/><T127/><D127/><U129/><E129/><V83/><F93/><W70/><G70/><T102/><D15/><U90/><E78/><N who="3" m="29706" /><G107/><T122/><D13/><U91/><E91/><V55/><F55/><W105/><G105/><T135/><D122/><U106/><E106/><V125/><F125/><W20/><G101/><T12/><D12/><U1/><E11/><N who="2" m="4471" /><F36/><W19/><AGARI ba="0,0" hai="16,18,19,20,26,44,48,52,92,96,100" m="29706" machi="19" ten="30,6000,0" yaku="8,1,54,2" doraHai="34" who="3" fromWho="3" sc="108,-20,181,-20,459,-20,252,60" /><INIT seed="3,1,0,5,1,80" ten="88,161,439,312" oya="3" hai0="21,39,30,68,73,61,38,33,52,62,0,12,88" hai1="125,65,28,45,107,6,51,82,4,47,104,95,115" hai2="13,81,128,93,69,77,105,84,24,100,108,112,22" hai3="122,31,16,106,48,5,49,119,42,117,27,18,40"/><W101/><G122/><T86/><D73/><U44/><E115/><V118/><F118/><W87/><G5/><N who="1" m="2154" /><E104/><V60/><F128/><W35/><G101/><T85/><D0/><U57/><E107/><V25/><F108/><W8/><G106/><T10/><D33/><U34/><E34/><V36/><F36/><W19/><G8/><T102/><D39/><U46/><E125/><V14/><F25/><W11/><G11/><T126/><D68/><U53/><E28/><V79/><F79/><W32/><G32/><T121/><D38/><U135/><E135/><V131/><F131/><W120/><G120/><T116/><D121/><U96/><E82/><V110/><F110/><W37/><G37/><T99/><D116/><U83/><E83/><V59/><F69/><W97/><G97/><T56/><D62/><N who="1" m="38095" /><E46/><V64/><F112/><W98/><G98/><T50/><D126/><U90/><AGARI ba="1,0" hai="44,45,47,51,53,90,95,96" m="38095,2154" machi="90" ten="30,1100,0" yaku="8,1" doraHai="80" who="1" fromWho="1" sc="88,-4,161,14,439,-4,312,-6" owari="84,-41.6,175,-22.5,435,53.5,306,10.6" /></mjloggm>