<mjloggm ver="2.3"><GO type="225" lobby="0"/><UN n0="%61%6D%65%6B%69" n1="%E3%81%95%E3%81%8D%E3%81%9F%E3%81%BE%E6%9E%97%E6%AA%8E" n2="%6D%75%75%73%61%6E%6D%75" n3="%E5%A4%96%E5%B7%9D%E7%AB%9C%E6%88%90" dan="16,16,16,16" rate="2058.45,2049.43,2148.09,2111.90" sx="M,M,F,M"/><TAIKYOKU oya="0"/><INIT seed="0,0,0,0,4,108" ten="250,250,250,250" oya="0" hai0="98,5,86,69,76,133,128,75,83,68,112,32,131" hai1="95,113,7,54,135,22,45,111,120,65,58,20,34" hai2="19,41,96,38,66,27,28,106,17,100,55,122,99" hai3="9,44,110,36,81,42,89,1,67,93,59,47,119"/><T104/><D112/><U124/><E111/><V26/><F122/><W70/><G119/><T121/><D121/><U109/><E109/><V3/><F3/><W23/><G70/><T126/><D126/><U60/><E34/><V51/><F38/><W84/><G47/><T25/><D5/><U30/><E120/><V90/><F41/><W50/><G110/><T15/><D15/><U61/><E124/><V117/><F117/><W94/><G23/><T46/><D46/><U14/><E135/><V57/><F27/><W56/><G67/><T71/><D86/><U85/><E113/><V127/><F127/><W77/><G50/><T80/><D80/><U74/><E74/><V134/><F134/><W53/><G53/><T63/><D63/><U103/><E30/><V91/><F66/><W129/><G94/><T8/><D8/><N who="1" m="4383" /><E61/><V33/><REACH who="2" step="1"/><F96/><REACH who="2" ten="250,250,240,250" step="2"/><W64/><G64/><T115/><D133/><U35/><E65/><V10/><F10/><W11/><G11/><T118/><D118/><U72/><E54/><V49/><F49/><W18/><G1/><T130/><D115/><U105/><E60/><V4/><F4/><W114/><G114/><T40/><D40/><U116/><E116/><V52/><F52/><W21/><G9/><T6/><D6/><U88/><E35/><V102/><F102/><W107/><G36/><T37/><D37/><U92/><E103/><V79/><F79/><W0/><G42/><T24/><D32/><U78/><E78/><V31/><F31/><W87/><G0/><T82/><D131/><U125/><E125/><V43/><F43/><RYUUKYOKU ba="0,1" sc="250,-10,250,-10,240,30,250,-10" hai2="17,19,26,28,33,51,55,57,90,91,99,100,106" /><INIT seed="1,1,1,5,1,96" ten="240,240,270,240" oya="1" hai0="132,128,134,106,14,69,50,92,97,62,77,72,90" hai1="25,60,34,66,115,49,80,75,9,120,70,61,71" hai2="93,73,107,87,133,89,44,47,55,11,7,117,17" hai3="41,122,2,109,13,53,86,5,108,135,67,40,20"/><U23/><E115/><V130/><F117/><W88/><G122/><T84/><D128/><U59/><E120/><V38/><F130/><W36/><G135/><N who="0" m="51755" /><D14/><U95/><E34/><V26/><F133/><W125/><G125/><T119/><D50/><U3/><E95/><V98/><F73/><W52/><G67/><N who="0" m="41207" /><D119/><U51/><E75/><V121/><F121/><W29/><G2/><T37/><D37/><U91/><E3/><V103/><F38/><W27/><G13/><T105/><D72/><U1/><E1/><V94/><F55/><N who="3" m="21067" /><G5/><T79/><D106/><U76/><E9/><V33/><F7/><W43/><G36/><T18/><D18/><N who="1" m="12535" /><E71/><V68/><F68/><W129/><G129/><T85/><D85/><N who="1" m="48263" /><E70/><V0/><F0/><W127/><G127/><T64/><D64/><U16/><E61/><V21/><F11/><W118/><G118/><T126/><D126/><U101/><E16/><V114/><F114/><W131/><G131/><T4/><D4/><U42/><E42/><N who="3" m="10754" /><W58/><DORA hai="83" /><G58/><T74/><D74/><U28/><E28/><V113/><F113/><W31/><G31/><T45/><D45/><U24/><E24/><V15/><F107/><W123/><G123/><T46/><D46/><U110/><E110/><N who="3" m="42602" /><G86/><T6/><D6/><U63/><E59/><V39/><F39/><W54/><N who="3" m="21075" /><W116/><DORA hai="32" /><G116/><T19/><D19/><U112/><E112/><V65/><F65/><W35/><G35/><T111/><D111/><U78/><E66/><V8/><F33/><W22/><G20/><T48/><D48/><U124/><E51/><RYUUKYOKU ba="1,1" sc="240,10,240,-30,270,10,240,10" hai0="77,79,84,90,92,97,105" hai2="8,15,17,21,26,44,47,87,89,93,94,98,103" hai3="22,27,29,88" /><INIT seed="2,2,1,0,4,118" ten="250,210,280,250" oya="2" hai0="25,35,36,93,95,3,5,33,82,11,31,23,106" hai1="60,22,6,107,130,54,84,46,124,58,41,123,69" hai2="9,105,100,30,115,55,0,92,57,125,122,91,134" hai3="37,15,65,126,116,131,85,38,10,4,101,68,51"/><V77/><F115/><W119/><G126/><T97/><D36/><U1/><E107/><V20/><F125/><W24/><G131/><T111/><D111/><U17/><E124/><V63/><F134/><W81/><G101/><T102/><D82/><U96/><E69/><V61/><F122/><W40/><G65/><T83/><D83/><U52/><E130/><V48/><F77/><N who="3" m="46255" /><G68/><T56/><D56/><U39/><E54/><V19/><F105/><W99/><G99/><T29/><REACH who="0" step="1"/><D29/><REACH who="0" ten="240,210,280,250" step="2"/><U73/><E73/><V66/><F30/><W87/><G37/><T64/><D64/><U28/><E28/><V59/><F66/><W104/><G38/><T112/><D112/><U98/><E123/><V89/><F59/><W14/><G119/><T108/><D108/><U117/><E117/><V135/><F57/><W26/><G116/><T80/><D80/><U94/><E94/><AGARI ba="2,2" hai="3,5,11,23,25,31,33,35,93,94,95,97,102,106" machi="94" ten="40,2600,0" yaku="1,1,53,1" doraHai="118" doraHaiUra="2" who="0" fromWho="1" sc="240,52,210,-32,280,0,250,0" /><INIT seed="3,0,0,4,0,66" ten="292,178,280,250" oya="3" hai0="129,125,97,35,127,75,41,102,76,130,40,103,90" hai1="131,87,58,92,132,77,8,34,42,49,44,38,30" hai2="28,81,133,95,1,12,32,47,26,101,62,79,17" hai3="68,84,63,16,48,37,93,106,121,15,67,33,88"/><W122/><G33/><T20/><D35/><U112/><E112/><V105/><F1/><W89/><G37/><T29/><D76/><U45/><E58/><V46/><F133/><W54/><G106/><N who="0" m="63823" /><D103/><U55/><E132/><V110/><F110/><W94/><G89/><T57/><D57/><U85/><E131/><N who="0" m="50185" /><D75/><U69/><E69/><V78/><F105/><W4/><G4/><T43/><D90/><U72/><E92/><V111/><F111/><W39/><G39/><T82/><D82/><U134/><E134/><V50/><F62/><W64/><G64/><T86/><D86/><U59/><E59/><V10/><F81/><W70/><G70/><T83/><D83/><U109/><E109/><V60/><F60/><W21/><G94/><T73/><D73/><U96/><E96/><V113/><F113/><W23/><G23/><T2/><D2/><U24/><E72/><V108/><F108/><W5/><G5/><T27/><AGARI ba="0,0" hai="20,27,29,40,41,43,125,127" m="50185,63823" machi="27" ten="40,1500,0" yaku="19,1" doraHai="66" who="0" fromWho="0" sc="292,15,178,-4,280,-4,250,-7" owari="307,40.7,174,-32.6,276,7.6,243,-15.7" /></mjloggm>