<mjloggm ver="2.3"><GO type="225" lobby="0"/><UN n0="%E5%A4%96%E5%B7%9D%E7%AB%9C%E6%88%90" n1="%6D%75%75%6D%75%72%61" n2="%E6%97%A5%E6%9B%9C%E6%97%A5%E3%82%88%E3%82%8A%E3%81%AE%E4%BD%BF%E8%80%85" n3="%E3%81%82%E3%81%99%E3%81%AB%E3%82%83%E3%82%80" dan="16,16,18,16" rate="2229.95,2197.05,2192.16,2053.48" sx="M,M,M,F"/><TAIKYOKU oya="0"/><INIT seed="0,0,0,0,2,88" ten="250,250,250,250" oya="0" hai0="134,110,10,7,78,46,33,89,15,28,69,83,47" hai1="118,114,84,131,36,44,19,50,40,18,2,93,41" hai2="80,26,49,68,82,57,62,74,48,75,117,22,24" hai3="77,101,119,106,81,51,72,86,39,8,103,0,108"/><T27/><D69/><U95/><E118/><V16/><F68/><W130/><G39/><T23/><D134/><U61/><E131/><V73/><F117/><W32/><G119/><T97/><D110/><U11/><E114/><V13/><F82/><W37/><G37/><T79/><D33/><U54/><E61/><V104/><F104/><W98/><G32/><T132/><D132/><U76/><E36/><V124/><F80/><W29/><G29/><T96/><D79/><U60/><E2/><V71/><F71/><W99/><G130/><T65/><D65/><U38/><E38/><V12/><F124/><W31/><G31/><T94/><REACH who="0" step="1"/><D96/><REACH who="0" ten="240,250,250,250" step="2"/><U107/><E76/><V90/><F90/><W30/><G77/><T52/><D52/><U20/><E54/><V121/><F121/><W53/><G53/><T63/><D63/><U126/><E60/><V66/><REACH who="2" step="1"/><F26/><REACH who="2" ten="240,250,240,250" step="2"/><W85/><G72/><AGARI ba="0,2" hai="7,10,15,23,27,28,46,47,72,78,83,89,94,97" machi="72" ten="30,5800,0" yaku="1,1,7,1,52,1,53,0" doraHai="88" doraHaiUra="111" who="0" fromWho="3" sc="240,78,250,0,240,0,250,-58" /><INIT seed="0,1,0,2,0,125" ten="318,250,240,192" oya="0" hai0="82,104,5,98,107,105,18,10,56,87,57,11,13" hai1="7,95,32,26,43,69,96,2,110,37,63,40,73" hai2="1,60,84,133,99,54,51,115,8,58,79,103,101" hai3="75,97,6,49,47,83,48,52,31,92,77,81,0"/><T25/><D98/><U33/><E73/><V41/><F115/><W78/><G31/><T71/><D71/><U127/><E127/><V20/><F133/><W29/><G29/><T128/><D128/><U55/><E110/><V14/><F1/><W28/><G28/><T93/><D93/><U129/><E26/><V76/><F20/><W85/><G49/><T19/><D25/><U106/><E106/><V89/><F41/><W116/><G116/><T22/><D22/><U34/><E129/><V35/><F35/><W80/><G6/><T70/><D70/><U66/><E55/><V91/><F60/><W12/><G12/><T112/><D112/><U64/><E64/><V62/><F62/><W114/><G114/><T100/><D100/><N who="2" m="38474" /><F99/><W74/><G0/><T86/><D86/><U122/><E122/><V123/><F123/><W53/><G85/><T38/><D38/><U16/><E37/><V30/><F30/><W4/><G4/><T3/><REACH who="0" step="1"/><D19/><REACH who="0" ten="308,250,240,192" step="2"/><U9/><E16/><N who="2" m="8263" /><F91/><AGARI ba="1,1" hai="3,5,10,11,13,18,56,57,82,87,91,104,105,107" machi="91" ten="40,2000,0" yaku="1,1,53,0" doraHai="125" doraHaiUra="42" who="0" fromWho="2" sc="308,33,250,0,240,-23,192,0" /><INIT seed="0,2,0,1,2,29" ten="341,250,217,192" oya="0" hai0="44,49,75,18,31,69,2,8,134,77,108,127,21" hai1="54,81,92,91,3,101,132,98,63,55,1,90,19" hai2="36,43,133,61,5,47,0,125,38,50,72,130,106" hai3="86,118,35,135,84,48,33,15,103,115,14,129,65"/><T104/><D104/><U66/><E132/><V20/><F72/><W12/><G135/><T53/><D69/><U124/><E124/><V79/><F106/><W37/><G37/><T100/><D100/><U64/><E19/><V40/><F133/><W34/><G115/><T122/><D134/><U68/><E66/><V126/><F79/><W11/><G118/><T39/><D122/><U7/><E7/><V26/><F130/><W58/><G11/><T89/><D31/><U45/><E45/><V78/><F78/><W24/><G24/><T51/><D39/><U111/><E111/><V88/><F61/><W123/><G129/><T56/><D127/><N who="2" m="48650" /><F43/><W93/><G123/><T73/><D77/><U94/><E81/><V97/><F5/><W121/><G121/><T116/><D75/><U13/><E13/><V32/><F0/><W128/><G128/><T112/><D73/><U114/><E114/><V57/><F57/><W22/><G22/><T9/><D21/><U131/><E131/><V76/><F76/><W62/><REACH who="3" step="1"/><G48/><REACH who="3" ten="341,250,217,182" step="2"/><T10/><D51/><U46/><E1/><V105/><F38/><W80/><G80/><T71/><D49/><N who="1" m="28983" /><E3/><V109/><F36/><W83/><G83/><T107/><D2/><U119/><E119/><V6/><F20/><W23/><G23/><T110/><D116/><U41/><E94/><N who="2" m="56519" /><F105/><W42/><G42/><T102/><D107/><U16/><E41/><V87/><F109/><N who="0" m="42090" /><D112/><U117/><E117/><V99/><F40/><W28/><G28/><T120/><D120/><U17/><E92/><V67/><F50/><W70/><G70/><RYUUKYOKU ba="2,1" sc="341,-10,250,-10,217,-10,182,30" hai3="12,14,15,33,34,35,58,62,65,84,86,93,103" /><INIT seed="1,3,1,0,4,91" ten="331,240,207,212" oya="1" hai0="15,46,3,94,73,104,55,75,23,77,41,51,44" hai1="66,43,2,78,76,7,80,108,1,38,68,79,84" hai2="61,112,36,67,135,21,82,132,18,16,20,128,124" hai3="121,110,25,81,29,37,122,12,24,83,6,63,62"/><U33/><E33/><V100/><F36/><W106/><G37/><T48/><D104/><U71/><E108/><V107/><F82/><W74/><G106/><T26/><D3/><U34/><E34/><V5/><F5/><W47/><G110/><T87/><D15/><U102/><E102/><V57/><F112/><W19/><G12/><T64/><D64/><U96/><E96/><N who="2" m="61831" /><F124/><W30/><G47/><T117/><D117/><U105/><E105/><V17/><F128/><W88/><G6/><T31/><D77/><U8/><E2/><V123/><F123/><W42/><G42/><T113/><D113/><U65/><E38/><V98/><F98/><W129/><G19/><N who="2" m="4865" /><V72/><DORA hai="13" /><F72/><W4/><G4/><T120/><D120/><U39/><E39/><V56/><F56/><W50/><G74/><T115/><D115/><U116/><E116/><V97/><F97/><W85/><G129/><T86/><D86/><U58/><E58/><V93/><F93/><W9/><G85/><T22/><D22/><U70/><REACH who="1" step="1"/><E43/><REACH who="1" ten="331,230,207,212" step="2"/><V45/><F45/><W131/><G131/><T54/><D41/><U101/><E101/><V52/><F67/><AGARI ba="3,2" hai="1,7,8,65,66,67,68,70,71,76,78,79,80,84" machi="67" ten="40,2000,0" yaku="1,1,53,0" doraHai="91,13" doraHaiUra="28,90" who="1" fromWho="2" sc="331,0,230,49,207,-29,212,0" /><INIT seed="1,4,0,0,2,78" ten="331,279,178,212" oya="1" hai0="81,85,64,57,13,82,68,112,97,32,134,104,40" hai1="63,19,94,118,76,101,109,61,41,77,86,44,70" hai2="96,72,34,9,67,52,83,95,30,74,90,79,80" hai3="125,7,73,93,103,14,92,105,69,22,119,84,23"/><U135/><E118/><V43/><F67/><W107/><G73/><T0/><D0/><U46/><E135/><V124/><F124/><W15/><G69/><T3/><D3/><U33/><E33/><V126/><F126/><W17/><G125/><T111/><D57/><U66/><E109/><V47/><F9/><W42/><G42/><T39/><D13/><U27/><E61/><V128/><F128/><W29/><G119/><T133/><D85/><U28/><E19/><V38/><F34/><W98/><G29/><T132/><D112/><U35/><E46/><V5/><F30/><W65/><G65/><T55/><D55/><U2/><E2/><V1/><F1/><W88/><REACH who="3" step="1"/><G7/><REACH who="3" ten="331,279,178,202" step="2"/><T51/><D64/><U110/><E110/><V122/><F5/><W49/><G49/><T8/><D51/><U60/><E60/><V36/><F122/><W50/><G50/><T116/><D68/><U31/><E28/><V20/><F38/><W18/><AGARI ba="4,1" hai="14,15,17,18,22,23,84,88,92,93,98,103,105,107" machi="18" ten="30,7900,0" yaku="1,1,0,1,9,1,54,1,53,0" doraHai="78" doraHaiUra="127" who="3" fromWho="3" sc="331,-24,279,-43,178,-24,202,101" /><INIT seed="2,0,0,3,5,63" ten="307,236,154,303" oya="2" hai0="64,106,74,98,14,38,59,67,110,21,102,44,97" hai1="54,13,23,37,18,118,33,46,73,49,78,5,26" hai2="96,2,90,120,105,52,48,32,103,89,12,76,17" hai3="43,101,57,130,45,69,25,51,93,95,66,24,4"/><V88/><F120/><W16/><G69/><T28/><D74/><U113/><E113/><V34/><F2/><W41/><G130/><T127/><D110/><U39/><E118/><V86/><F76/><W50/><G4/><T8/><D127/><U87/><E73/><V42/><F42/><W10/><G101/><T119/><D119/><U121/><E121/><V65/><F65/><W40/><G93/><T108/><D108/><U79/><E79/><V128/><F128/><W112/><G95/><T56/><D44/><U83/><REACH who="1" step="1"/><E5/><REACH who="1" ten="307,226,154,303" step="2"/><V81/><F34/><W3/><G112/><T75/><D75/><U131/><E131/><V94/><F32/><W116/><G116/><T71/><D71/><U117/><E117/><V35/><F35/><W134/><G134/><T91/><D106/><U70/><E70/><V133/><F133/><W123/><G123/><T58/><D102/><U11/><E11/><N who="2" m="6303" /><F105/><W111/><G10/><T27/><D91/><U55/><E55/><V30/><F30/><AGARI ba="0,1" hai="13,18,23,26,30,33,37,39,46,49,54,78,83,87" machi="30" ten="40,2600,0" yaku="1,1,53,1" doraHai="63" doraHaiUra="31" who="1" fromWho="2" sc="307,0,226,36,154,-26,303,0" /><INIT seed="3,0,0,2,1,44" ten="307,262,128,303" oya="3" hai0="60,74,61,15,104,115,134,32,135,109,10,26,21" hai1="91,95,42,128,118,50,94,76,41,133,108,90,16" hai2="37,72,79,22,121,30,20,36,125,46,58,73,31" hai3="63,55,34,77,57,70,117,49,47,130,9,120,80"/><W114/><G114/><T17/><D115/><U0/><E108/><V83/><F125/><W107/><G117/><T2/><D109/><U54/><E0/><V56/><F121/><W82/><G120/><T67/><D74/><U116/><E133/><N who="0" m="50697" /><D104/><U101/><E128/><V71/><F71/><W102/><G34/><T87/><D87/><N who="1" m="52575" /><E76/><V64/><F64/><W75/><G130/><T103/><D103/><U45/><E101/><V25/><F46/><W1/><G70/><T129/><D129/><U19/><E118/><V18/><F18/><N who="1" m="6697" /><E116/><V39/><REACH who="2" step="1"/><F72/><REACH who="2" ten="307,262,118,303" step="2"/><W131/><G131/><T84/><D67/><U8/><E8/><V59/><F59/><W89/><G9/><T27/><D84/><AGARI ba="0,1" hai="41,42,45,50,54,84,91,95" m="6697,52575" machi="84" ten="30,3900,0" yaku="8,1,52,1,54,1" doraHai="44" who="1" fromWho="0" sc="307,-39,262,49,118,0,303,0" owari="268,-13.2,311,41.1,118,-38.2,303,10.3" /></mjloggm>