<mjloggm ver="2.3"><GO type="225" lobby="0"/><UN n0="%E7%B4%94%E6%BD%94%E3%83%94%E3%83%A9%E3%83%8B%E3%82%A2" n1="%73%75%7A%75%6D%65%33" n2="%E6%A1%9C%E8%8A%B1%E9%96%83%E3%80%85" n3="%E3%81%B5%E3%81%98%E3%81%8B%E3%81%A4" dan="17,17,16,17" rate="2250.77,2273.60,2206.76,2197.73" sx="M,M,M,M"/><TAIKYOKU oya="0"/><INIT seed="0,0,0,5,1,133" ten="250,250,250,250" oya="0" hai0="43,75,20,5,131,104,7,21,39,117,49,35,33" hai1="9,57,110,97,34,109,135,40,44,83,15,0,134" hai2="10,53,25,45,113,59,84,50,100,77,55,103,74" hai3="98,130,28,123,121,66,95,88,42,85,111,6,86"/><T36/><D75/><U82/><E34/><V118/><F113/><W126/><G42/><T31/><D104/><U32/><E32/><V81/><F118/><W19/><G6/><T38/><D38/><U125/><E0/><V64/><F74/><W11/><G28/><T128/><D43/><U13/><E97/><V60/><F25/><W92/><G66/><T102/><D102/><U72/><E57/><V116/><F116/><W54/><G54/><T107/><D107/><U30/><E30/><V47/><REACH who="2" step="1"/><F10/><REACH who="2" ten="250,250,240,250" step="2"/><W1/><G11/><T78/><D117/><U132/><E72/><V91/><F91/><W65/><G123/><T89/><D89/><U37/><E13/><V87/><F87/><W14/><G85/><T29/><REACH who="0" step="1"/><D49/><AGARI ba="0,1" hai="45,47,49,50,53,55,59,60,64,77,81,84,100,103" machi="49" ten="40,8000,1" yaku="1,1,9,1,8,1,53,1" doraHai="133" doraHaiUra="62" who="2" fromWho="0" sc="250,-80,250,0,240,90,250,0" /><INIT seed="1,0,0,5,1,72" ten="170,250,330,250" oya="1" hai0="64,2,108,7,33,99,92,80,12,113,127,47,87" hai1="96,56,58,3,115,73,25,90,48,130,124,76,54" hai2="14,22,52,101,5,65,63,31,46,28,123,116,104" hai3="42,1,112,29,121,10,135,120,118,55,26,69,11"/><U107/><E115/><V53/><F116/><W128/><G69/><T37/><D127/><U16/><E3/><V51/><F123/><W6/><G55/><T66/><D108/><U85/><E124/><V9/><F53/><W59/><G59/><T44/><D33/><U30/><E130/><V83/><F104/><W40/><G112/><T34/><D34/><U81/><E107/><V20/><F101/><W86/><G86/><T126/><D2/><U133/><E133/><V43/><F43/><W94/><G94/><T91/><D113/><U82/><E96/><V74/><F28/><W100/><G100/><T97/><D97/><U98/><E98/><V105/><F31/><W23/><G135/><T84/><D84/><U93/><E81/><V36/><F36/><W49/><G128/><T114/><D114/><U132/><E132/><V60/><F105/><W0/><G49/><T27/><D27/><U68/><E68/><V89/><F63/><W103/><G103/><T102/><D37/><U35/><REACH who="1" step="1"/><E16/><REACH who="1" ten="170,240,330,250" step="2"/><V67/><F83/><W131/><G131/><T62/><D126/><U70/><E70/><V109/><F14/><N who="3" m="5463" /><G118/><T8/><REACH who="0" step="1"/><D62/><REACH who="0" ten="160,240,330,250" step="2"/><U106/><E106/><V117/><F60/><W41/><G121/><T17/><D17/><U88/><E88/><V21/><F89/><W110/><G120/><T50/><D50/><U79/><E79/><V75/><F117/><W111/><G0/><T32/><D32/><U125/><E125/><V119/><F119/><W13/><G1/><T15/><D15/><U129/><E129/><V19/><F19/><N who="3" m="8639" /><G111/><T78/><D78/><RYUUKYOKU ba="0,2" sc="160,10,240,10,330,-30,250,10" hai0="7,8,12,44,47,64,66,80,87,91,92,99,102" hai1="25,30,35,48,54,56,58,73,76,82,85,90,93" hai3="23,26,29,40,41,42,110" /><INIT seed="1,1,2,5,1,66" ten="170,250,300,260" oya="1" hai0="117,105,109,45,58,114,80,5,18,103,123,2,61" hai1="84,52,75,50,122,49,65,63,28,72,86,53,16" hai2="134,106,29,93,11,76,43,74,38,79,22,27,33" hai3="41,13,60,119,21,62,85,31,127,19,133,101,88"/><U37/><E37/><V121/><F106/><W3/><G3/><T97/><D114/><U115/><E115/><V12/><F121/><W90/><G127/><T57/><D123/><U30/><E122/><V34/><F134/><W15/><G133/><T113/><D113/><U94/><E72/><V40/><F74/><W116/><G101/><T135/><D135/><U125/><E75/><V102/><F34/><W46/><G31/><N who="1" m="11818" /><E125/><V10/><F10/><W1/><G13/><T71/><D109/><U56/><E94/><V118/><F118/><N who="3" m="45099" /><G1/><T104/><D117/><U39/><E39/><V55/><F55/><N who="1" m="21065" /><E16/><N who="2" m="8223" /><F38/><N who="3" m="21815" /><G90/><T82/><D104/><U73/><E73/><V130/><F33/><W69/><G69/><T107/><D107/><U24/><E24/><V89/><F102/><W87/><G87/><AGARI ba="1,2" hai="49,50,56,63,65,84,86,87" m="21065,11818" machi="87" ten="30,2900,0" yaku="8,1,54,1" doraHai="66" who="1" fromWho="3" sc="170,0,250,52,300,0,260,-32" /><INIT seed="1,2,0,4,2,8" ten="170,302,300,228" oya="1" hai0="3,35,45,127,99,94,97,86,114,5,101,117,7" hai1="9,120,27,71,66,59,34,105,112,0,43,75,42" hai2="61,52,103,113,17,100,133,6,19,70,79,40,83" hai3="64,104,76,29,93,28,48,4,21,96,130,119,16"/><U24/><E112/><V62/><F113/><W116/><G104/><T55/><D127/><U56/><E120/><V98/><F133/><W121/><G121/><T92/><D117/><N who="3" m="45129" /><G130/><T89/><D35/><U25/><E105/><V122/><F122/><W60/><G76/><T84/><D3/><U131/><E34/><V58/><F40/><W44/><G4/><T23/><D114/><U38/><E75/><V129/><F6/><W53/><G60/><T31/><D55/><U110/><E131/><V126/><F126/><W90/><G64/><T33/><D33/><U77/><E77/><V118/><F118/><W18/><G18/><T128/><D45/><U49/><E0/><V88/><F129/><W72/><G72/><T107/><D107/><U26/><E71/><V132/><F62/><W20/><G20/><T85/><REACH who="0" step="1"/><D128/><REACH who="0" ten="160,302,300,228" step="2"/><U13/><E66/><V36/><F132/><W81/><G81/><T82/><D82/><U108/><E108/><V54/><F83/><W2/><G2/><T41/><D41/><U47/><E110/><V1/><F1/><W102/><G102/><T65/><D65/><U63/><E43/><V124/><F124/><W12/><AGARI ba="2,1" hai="12,16,21,28,29,44,48,53,90,93,96" m="45129" machi="12" ten="30,4000,0" yaku="12,1,52,1,54,1" doraHai="8" who="3" fromWho="3" sc="160,-12,302,-22,300,-12,228,56" /><INIT seed="2,0,0,4,1,73" ten="148,280,288,284" oya="2" hai0="127,53,61,54,135,5,108,86,133,0,4,68,3" hai1="83,69,16,101,112,94,32,12,115,28,59,15,129" hai2="103,31,95,44,114,29,81,120,14,27,64,88,30" hai3="122,66,78,80,10,100,11,91,65,18,79,52,116"/><V9/><F114/><W113/><G122/><T82/><D108/><U77/><E69/><V96/><F120/><W43/><G116/><T102/><D102/><U106/><E106/><V89/><F64/><N who="3" m="24683" /><G43/><T84/><D61/><U99/><E129/><V71/><F71/><W47/><G100/><T128/><D68/><U37/><E37/><V49/><F27/><W119/><G119/><T75/><D75/><U90/><E12/><V130/><F130/><W6/><G6/><T50/><D128/><U22/><E59/><V8/><F81/><W118/><G118/><T62/><D62/><U125/><E125/><V46/><F46/><W132/><G132/><T87/><D82/><U17/><E17/><N who="2" m="8391" /><F9/><N who="3" m="3083" /><G18/><T36/><D36/><U126/><E126/><V121/><F121/><W20/><G20/><T107/><D127/><U55/><E32/><V70/><F70/><W109/><G109/><T13/><D13/><U93/><E28/><N who="2" m="7171" /><V51/><DORA hai="76" /><F51/><N who="3" m="28799" /><G113/><T19/><D19/><U111/><E111/><V48/><F48/><W85/><AGARI ba="0,0" hai="78,79,80,85,91" m="28799,3083,24683" machi="85" ten="30,8000,1" yaku="8,1,52,3,54,1" doraHai="73,76" who="3" fromWho="3" sc="148,-20,280,-20,288,-40,284,80" /><INIT seed="3,0,0,1,3,93" ten="128,260,248,364" oya="3" hai0="110,74,3,8,58,62,40,118,54,43,99,9,114" hai1="109,72,134,20,85,81,70,66,106,95,129,41,34" hai2="77,56,24,130,57,69,45,21,49,108,2,17,132" hai3="135,97,67,98,47,52,4,79,50,29,42,113,133"/><W39/><G113/><T26/><D74/><U38/><E34/><V27/><F108/><W60/><G79/><T19/><D110/><U28/><E109/><V13/><F69/><N who="3" m="42215" /><G29/><T32/><D32/><U96/><E134/><N who="3" m="51210" /><G4/><T111/><D111/><U91/><E106/><V25/><F132/><W35/><G35/><T31/><D118/><U53/><E72/><V89/><F130/><W51/><G51/><T87/><D114/><U126/><E129/><V127/><F127/><W122/><G122/><T100/><D3/><U18/><E126/><V90/><F77/><W92/><G92/><T131/><D131/><U48/><E28/><V103/><F103/><W119/><G119/><T128/><D128/><U63/><E38/><V33/><F2/><W104/><G104/><T101/><D87/><U116/><E116/><V16/><F17/><W22/><G22/><T46/><D19/><U68/><E18/><V84/><F33/><W117/><G117/><T82/><D82/><U123/><E20/><V73/><F73/><W65/><G65/><T36/><D100/><U124/><E124/><V125/><F125/><W44/><AGARI ba="0,0" hai="39,42,44,47,50,52,97,98" m="51210,42215" machi="44" ten="30,11700,0" yaku="20,1,52,2,54,1" doraHai="93" who="3" fromWho="3" sc="128,-39,260,-39,248,-39,364,117" owari="89,-41.1,221,2.1,209,-19.1,481,58.1" /></mjloggm>