<mjloggm ver="2.3"><GO type="225" lobby="0"/><UN n0="%E6%98%93%E5%88%A9%E8%96%A9%E4%BC%AF" n1="%E6%A1%9C%E8%8A%B1%E9%96%83%E3%80%85" n2="%E2%91%A3%E9%81%BF%E9%81%8A%E6%88%AF%E3%80%90%E6%9D%B1%E5%8D%97%E3%80%91" n3="%4D%50%43%32%38%30%30" dan="16,18,16,16" rate="2157.01,2242.68,2110.66,2195.07" sx="F,M,M,M"/><TAIKYOKU oya="0"/><INIT seed="0,0,0,2,4,15" ten="250,250,250,250" oya="0" hai0="88,126,58,43,76,84,24,2,54,72,108,42,44" hai1="48,127,50,27,19,1,105,110,16,14,37,115,32" hai2="83,96,34,8,70,68,133,26,98,121,64,41,52" hai3="123,5,85,130,47,77,23,103,56,107,45,22,112"/><T53/><D2/><U21/><E37/><V119/><F121/><W74/><G74/><T55/><D126/><U109/><E127/><V95/><F41/><W6/><G112/><T30/><D108/><N who="1" m="41579" /><E115/><V61/><F68/><W114/><G114/><T93/><D58/><U25/><E1/><V60/><F119/><W49/><G107/><T29/><D29/><N who="1" m="19519" /><E105/><V131/><F83/><N who="3" m="47343" /><G103/><T57/><D57/><U129/><E129/><V39/><F131/><W134/><G134/><T13/><D13/><U116/><E116/><V99/><F133/><W94/><G123/><T40/><D72/><U3/><E3/><V9/><F39/><W31/><G31/><T104/><D104/><U101/><E101/><V4/><F9/><AGARI ba="0,0" hai="9,14,16,19,21,25,48,50" m="19519,41579" machi="9" ten="30,7700,0" yaku="14,1,52,2,54,1" doraHai="15" who="1" fromWho="2" sc="250,0,250,77,250,-77,250,0" /><INIT seed="1,0,0,5,5,87" ten="250,327,173,250" oya="1" hai0="115,18,77,11,93,124,39,12,121,134,98,119,135" hai1="91,50,65,46,67,23,95,7,103,29,133,38,96" hai2="6,94,123,105,51,15,33,132,90,79,60,2,64" hai3="73,81,13,111,32,112,78,125,63,127,129,107,102"/><U76/><E38/><V35/><F123/><W108/><G32/><N who="2" m="12361" /><F90/><W36/><G36/><T80/><D115/><U86/><E133/><V113/><F94/><W88/><G13/><T16/><D119/><U89/><E7/><V74/><F51/><W117/><G63/><T0/><D0/><U116/><E116/><V25/><F25/><W69/><G69/><T54/><D124/><N who="3" m="47689" /><G117/><T122/><D39/><U109/><E109/><N who="3" m="42058" /><G129/><T9/><D54/><N who="1" m="30039" /><E76/><V66/><F15/><W44/><G44/><T19/><D11/><U131/><E131/><V110/><F66/><N who="1" m="25097" /><E86/><V56/><F110/><W21/><G21/><T53/><D53/><U85/><E85/><V27/><F27/><AGARI ba="0,0" hai="23,27,29,89,91,95,96,103" m="25097,30039" machi="27" ten="30,5800,0" yaku="8,1,52,2" doraHai="87" who="1" fromWho="2" sc="250,0,327,58,173,-58,250,0" /><INIT seed="1,1,0,1,4,3" ten="250,385,115,250" oya="1" hai0="119,22,20,105,14,83,85,132,135,60,2,31,38" hai1="118,26,30,61,42,122,1,35,53,8,51,123,6" hai2="9,34,106,25,131,79,108,80,117,89,100,27,91" hai3="130,56,19,7,43,97,74,114,63,129,10,104,49"/><U82/><E118/><V69/><F117/><W24/><G74/><T50/><D2/><U17/><E42/><V103/><F69/><W46/><G114/><T57/><D38/><U65/><E82/><V36/><F36/><W73/><G73/><T5/><D50/><U124/><E124/><V81/><F34/><W127/><G127/><T66/><D105/><U96/><E96/><V67/><F67/><W99/><G19/><T72/><D72/><U78/><E78/><V40/><F40/><W64/><G24/><N who="2" m="9289" /><F106/><W107/><G99/><T121/><D121/><U71/><REACH who="1" step="1"/><E17/><REACH who="1" ten="250,375,115,250" step="2"/><V41/><F81/><W37/><G97/><T11/><D119/><U102/><E102/><V98/><F41/><W33/><G37/><T45/><D83/><U77/><E77/><V15/><F103/><W116/><G116/><T52/><D85/><U94/><E94/><V109/><F100/><W55/><G43/><T75/><D75/><U39/><E39/><V90/><F98/><W110/><G107/><T21/><D31/><U93/><E93/><V58/><F79/><W16/><G104/><T101/><D101/><U62/><E62/><V4/><F80/><W111/><G16/><T0/><D60/><U48/><E48/><V120/><F120/><W113/><G113/><T87/><D87/><U29/><E29/><V68/><F91/><W92/><G92/><T44/><D135/><U88/><E88/><V128/><F90/><W115/><G115/><T18/><D132/><U54/><E54/><V95/><F89/><W133/><G133/><T112/><D112/><U84/><E84/><RYUUKYOKU ba="1,1" sc="250,-10,375,30,115,-10,250,-10" hai1="1,6,8,26,30,35,51,53,61,65,71,122,123" /><INIT seed="1,2,1,5,1,45" ten="240,405,105,240" oya="1" hai0="122,83,47,2,109,39,62,21,38,29,36,48,124" hai1="8,16,34,25,61,58,127,23,30,84,133,18,37" hai2="14,97,129,104,85,111,94,52,41,27,31,19,68" hai3="28,6,126,119,79,77,75,9,44,11,33,43,82"/><U131/><E131/><V72/><F129/><W56/><G126/><T66/><D2/><U93/><E127/><V1/><F1/><W107/><G107/><T110/><D124/><U105/><E105/><V3/><F3/><W113/><G113/><T125/><D125/><U54/><E133/><V65/><F72/><W92/><G119/><T20/><D83/><U116/><E116/><V121/><F121/><W128/><G79/><T42/><D122/><U10/><E37/><V26/><F41/><W117/><G117/><T91/><D91/><N who="1" m="53479" /><E34/><V112/><F112/><W12/><G128/><T103/><D103/><U13/><E8/><V108/><F85/><W89/><G11/><T64/><D64/><U96/><E96/><V46/><F65/><W74/><G74/><T53/><D42/><U5/><AGARI ba="2,1" hai="5,10,13,16,18,23,25,30,54,58,61" m="53479" machi="5" ten="30,3000,0" yaku="8,1,54,1" doraHai="45" who="1" fromWho="1" sc="240,-12,405,46,105,-12,240,-12" /><INIT seed="1,3,0,5,2,15" ten="228,451,93,228" oya="1" hai0="40,109,100,132,9,5,95,67,83,10,19,1,69" hai1="87,6,27,79,42,43,51,112,90,119,124,108,85" hai2="96,99,107,35,62,73,54,68,58,12,30,84,50" hai3="117,28,127,18,24,46,53,130,129,118,93,120,88"/><U48/><E112/><V98/><F73/><W115/><G115/><T89/><D109/><U94/><E119/><N who="3" m="45578" /><G120/><T38/><D132/><U72/><E72/><V31/><F107/><W104/><G104/><T80/><D100/><U122/><E122/><V17/><F35/><W91/><G46/><T135/><D135/><U34/><E124/><V63/><F68/><W49/><G127/><T57/><D69/><U103/><E103/><V3/><F3/><W134/><G134/><T121/><D121/><U70/><E70/><V55/><F84/><N who="3" m="52359" /><G91/><T11/><D40/><U44/><E108/><V16/><F12/><W101/><G101/><T59/><D38/><U97/><E79/><V60/><F55/><W7/><G7/><T39/><D39/><U77/><E6/><V125/><F125/><W65/><G65/><T123/><D67/><U56/><E77/><V2/><F2/><W45/><G18/><AGARI ba="3,0" hai="16,17,18,30,31,50,54,58,60,62,63,96,98,99" machi="18" ten="40,8000,1" yaku="8,1,52,3,54,1" doraHai="15" who="2" fromWho="3" sc="228,0,451,0,93,89,228,-89" /><INIT seed="2,0,0,2,4,9" ten="228,451,182,139" oya="2" hai0="107,87,123,54,84,120,67,83,77,134,32,115,31" hai1="113,128,38,103,114,130,22,92,2,23,108,116,47" hai2="30,60,62,93,14,8,90,95,86,24,44,61,5" hai3="76,82,133,66,40,42,132,98,18,125,0,91,33"/><V117/><F117/><W48/><G33/><T46/><D115/><U3/><E116/><V27/><F30/><W6/><G125/><T12/><D107/><U126/><E126/><V4/><F44/><W16/><G66/><T131/><D131/><N who="1" m="50219" /><E108/><V72/><F72/><W69/><G69/><T51/><D134/><N who="3" m="51817" /><G0/><N who="1" m="42" /><E22/><V43/><F43/><N who="3" m="16427" /><G6/><T73/><D67/><U109/><E109/><V94/><REACH who="2" step="1"/><F5/><REACH who="2" ten="228,451,172,139" step="2"/><W20/><G48/><T105/><D51/><U7/><E7/><V11/><F11/><W96/><G91/><T26/><D73/><U25/><E47/><V129/><F129/><W119/><G119/><T37/><D46/><U53/><E38/><V112/><F112/><W85/><G18/><T97/><D37/><U74/><E74/><V55/><F55/><W75/><G75/><T49/><D54/><U59/><E53/><V89/><F89/><W78/><G78/><T57/><D49/><U71/><E114/><V101/><F101/><W36/><G36/><T122/><D77/><U135/><E113/><V80/><AGARI ba="0,1" hai="4,8,14,24,27,60,61,62,80,86,90,93,94,95" machi="80" ten="30,11700,0" yaku="1,1,0,1,8,1,52,1,53,0" doraHai="9" doraHaiUra="52" who="2" fromWho="2" sc="228,-39,451,-39,172,127,139,-39" /><INIT seed="2,1,0,5,5,19" ten="189,412,299,100" oya="2" hai0="0,36,24,1,126,107,110,68,87,118,131,33,130" hai1="77,103,5,32,122,16,90,70,113,89,106,15,135" hai2="114,14,67,127,111,74,28,86,80,31,55,65,49" hai3="124,23,132,82,45,6,95,91,98,34,40,21,61"/><V133/><F74/><W102/><G34/><T123/><D87/><U93/><E113/><V2/><F2/><W35/><G35/><T29/><D24/><U63/><E106/><V134/><F114/><W26/><G132/><N who="2" m="50793" /><F14/><W129/><G129/><T25/><D68/><U88/><E135/><V38/><F38/><W69/><G124/><T53/><D53/><U83/><E32/><V9/><F9/><W52/><G6/><T17/><D107/><U57/><E70/><V72/><F72/><W101/><G69/><T3/><D36/><U112/><E5/><V66/><F127/><W37/><G26/><N who="0" m="18615" /><D126/><U51/><E51/><V58/><F111/><W56/><G82/><T46/><D110/><U79/><E122/><V119/><F119/><W18/><G18/><T42/><D118/><U71/><E71/><V44/><F58/><W64/><G64/><N who="2" m="16385" /><V50/><DORA hai="109" /><F50/><W13/><REACH who="3" step="1"/><G13/><REACH who="3" ten="189,412,299,90" step="2"/><T12/><D123/><U94/><E83/><V22/><F80/><W78/><G78/><T59/><D3/><U117/><E117/><V27/><F31/><W115/><G115/><T104/><D0/><U7/><E112/><V48/><F28/><W30/><G30/><T81/><D12/><U41/><E7/><V39/><F27/><W47/><G47/><T76/><D25/><U125/><E125/><V62/><F44/><W105/><G105/><T128/><D104/><U84/><E79/><V108/><F108/><W75/><G75/><N who="0" m="43167" /><D1/><U4/><E77/><V73/><F73/><W92/><G92/><T116/><D116/><U85/><E4/><V54/><F54/><RYUUKYOKU ba="1,1" sc="189,-10,412,-10,299,-10,90,30" hai3="21,23,37,40,45,52,56,61,91,95,98,101,102" /><INIT seed="3,2,1,2,4,50" ten="179,402,289,120" oya="3" hai0="37,89,133,82,44,115,8,0,39,4,42,72,91" hai1="118,36,95,112,21,119,17,18,107,54,76,25,69" hai2="106,68,78,20,135,94,19,88,93,46,5,73,105" hai3="31,130,58,10,40,3,49,57,87,124,109,30,77"/><W48/><G130/><T15/><D39/><U60/><E107/><V65/><F135/><W43/><G124/><T71/><D71/><U90/><E112/><V1/><F93/><W117/><G117/><N who="1" m="44554" /><E36/><V92/><F94/><W67/><G109/><T111/><D111/><U108/><E76/><V59/><F68/><W128/><G128/><T35/><D35/><U96/><E108/><V110/><F110/><W85/><G3/><T97/><D133/><U64/><E54/><V131/><F131/><W12/><G77/><N who="0" m="44327" /><D115/><U122/><E122/><V55/><F65/><W86/><G67/><T51/><D15/><U11/><E11/><V13/><F46/><N who="3" m="25671" /><G43/><T62/><D62/><U32/><E32/><V47/><F47/><W52/><G58/><T6/><D6/><AGARI ba="2,1" hai="6,10,12,30,31,49,52,57,85,86,87" m="25671" machi="6" ten="30,5800,0" yaku="8,1,52,1,54,1" doraHai="50" who="3" fromWho="0" sc="179,-64,402,0,289,0,120,74" /><INIT seed="3,3,0,2,3,6" ten="115,402,289,194" oya="3" hai0="9,21,23,93,98,126,111,73,99,86,10,114,29" hai1="33,63,75,117,94,89,107,56,134,0,5,76,132" hai2="38,113,58,39,12,82,79,54,123,51,22,49,125" hai3="97,40,105,37,81,110,52,68,48,60,133,104,1"/><W102/><G105/><T71/><D73/><U131/><E107/><V96/><F113/><W27/><G133/><N who="1" m="51306" /><E33/><V53/><F123/><W50/><G50/><T77/><D71/><U16/><E131/><V43/><F125/><W116/><G116/><T41/><D126/><U3/><E16/><V66/><F96/><N who="0" m="36906" /><D114/><U34/><E34/><V119/><F119/><W59/><G1/><T32/><D32/><U124/><E124/><V47/><F66/><N who="3" m="41031" /><G81/><N who="0" m="47407" /><D111/><U84/><E5/><V120/><F120/><W121/><G121/><T135/><D135/><U108/><E108/><V67/><F67/><W78/><G78/><T26/><D41/><U17/><E17/><V130/><F43/><W128/><G110/><T92/><D23/><U83/><E117/><V85/><F130/><W7/><G7/><T42/><D42/><U14/><E14/><V61/><F51/><W112/><G112/><T88/><D93/><U19/><E19/><V127/><F127/><W64/><G64/><AGARI ba="3,0" hai="0,3,56,63,64,75,76,83,84,89,94" m="51306" machi="64" ten="30,1000,0" yaku="20,1" doraHai="6" who="1" fromWho="3" sc="115,0,402,19,289,0,194,-19" owari="115,-38.5,421,52.1,289,8.9,175,-22.5" /></mjloggm>