<mjloggm ver="2.3"><GO type="225" lobby="0"/><UN n0="%72%69%6F%75%63%68%61%6E" n1="%E5%8F%AF%E5%85%90%E9%82%A3%E7%94%B1%E5%A4%9A" n2="%70%68%65%6E%6F%6D%65" n3="%E3%82%A2%E3%82%A4%E3%82%B9%E3%83%86%E3%82%A3%E3%83%BC%E3%81%82%E3%81%B9" dan="17,17,16,16" rate="2225.02,2192.00,2124.64,2106.48" sx="M,F,M,M"/><TAIKYOKU oya="0"/><INIT seed="0,0,0,1,2,108" ten="250,250,250,250" oya="0" hai0="67,27,56,41,110,105,98,20,3,60,55,13,125" hai1="34,129,48,135,2,43,94,4,25,86,19,12,65" hai2="18,84,36,51,7,22,119,74,134,124,31,106,10" hai3="115,120,104,100,16,112,133,45,29,69,127,126,47"/><T130/><D125/><N who="3" m="47625" /><G69/><T46/><D130/><U77/><E129/><V15/><F36/><W1/><G1/><T118/><D118/><U70/><E135/><V78/><F124/><W95/><G104/><T54/><D3/><U8/><E70/><V5/><F134/><W68/><G68/><T37/><D110/><U90/><E65/><V44/><F74/><W63/><G63/><T30/><REACH who="0" step="1"/><D13/><REACH who="0" ten="240,250,250,250" step="2"/><U52/><E2/><V116/><F119/><W6/><G133/><T14/><D14/><U79/><E43/><N who="2" m="24991" /><F116/><W24/><G120/><T122/><D122/><U101/><E101/><AGARI ba="0,1" hai="20,27,30,37,41,46,54,55,56,60,67,98,101,105" machi="101" ten="40,3900,0" yaku="1,1,53,1" doraHai="108" doraHaiUra="42" who="0" fromWho="1" sc="240,49,250,-39,250,0,250,0" /><INIT seed="0,1,0,0,2,44" ten="289,211,250,250" oya="0" hai0="16,125,14,129,76,85,114,51,55,52,29,15,28" hai1="71,117,90,27,132,5,32,41,97,127,1,74,86" hai2="60,135,19,80,40,38,77,54,121,128,59,122,17" hai3="131,49,36,30,39,98,91,112,20,61,92,83,105"/><T25/><D114/><U48/><E117/><V95/><F128/><W12/><G112/><T88/><D129/><U134/><E74/><V123/><F135/><N who="1" m="51753" /><E71/><V93/><F38/><W72/><G131/><T34/><D125/><U58/><E127/><V42/><F40/><W57/><G105/><T109/><D109/><U118/><E118/><V26/><F42/><W119/><G119/><T116/><D116/><U99/><E5/><V79/><F79/><W45/><G72/><T96/><D28/><N who="1" m="19487" /><E1/><V104/><F104/><W8/><G83/><T24/><D76/><U101/><E101/><V50/><F60/><W43/><G20/><N who="0" m="15495" /><D96/><U64/><E64/><V103/><F103/><W63/><G30/><T113/><D34/><U130/><E130/><V11/><F26/><W47/><G45/><N who="0" m="27759" /><D113/><U23/><E23/><V87/><REACH who="2" step="1"/><F11/><REACH who="2" ten="289,211,240,250" step="2"/><W81/><G63/><T9/><D55/><N who="1" m="32103" /><E41/><V37/><F37/><W66/><REACH who="3" step="1"/><G81/><AGARI ba="1,1" hai="81,86,90,97,99" m="32103,19487,51753" machi="81" ten="30,2000,0" yaku="20,1,52,1" doraHai="44" who="1" fromWho="3" sc="289,0,211,33,240,0,250,-23" /><INIT seed="1,0,0,0,2,57" ten="289,244,240,227" oya="1" hai0="36,48,2,128,94,97,24,54,93,74,120,55,113" hai1="108,10,106,60,29,69,85,66,84,125,12,5,116" hai2="99,64,101,89,117,26,44,4,112,109,123,130,39" hai3="100,76,23,134,22,103,37,56,21,92,27,131,59"/><U78/><E116/><V110/><F117/><W119/><G37/><T87/><D113/><U96/><E125/><V61/><F123/><W71/><G119/><T72/><D36/><U41/><E108/><V81/><F112/><W90/><G71/><T0/><D120/><U15/><E41/><V102/><F130/><W52/><G131/><T129/><D24/><U9/><E29/><V80/><F4/><W115/><G76/><T28/><D87/><U16/><REACH who="1" step="1"/><E78/><REACH who="1" ten="289,234,240,227" step="2"/><V122/><F122/><W14/><G115/><T83/><D28/><U8/><E8/><V42/><F109/><W7/><G134/><T68/><D129/><U18/><E18/><V20/><F110/><W121/><G121/><T135/><D128/><U107/><E107/><V38/><F38/><W70/><G70/><T17/><D68/><U33/><E33/><V124/><F124/><W132/><G132/><T65/><D17/><U104/><E104/><V67/><F39/><W86/><G27/><T62/><D135/><U11/><E11/><V50/><F26/><W127/><G127/><T25/><D25/><U63/><E63/><V40/><F40/><W19/><G7/><T133/><D62/><U6/><E6/><V43/><F42/><W111/><G111/><T46/><D133/><U82/><E82/><N who="2" m="31851" /><F61/><N who="3" m="35975" /><G59/><T30/><D74/><U88/><E88/><V3/><F89/><W126/><G126/><T98/><D72/><U75/><E75/><V105/><F105/><W49/><G49/><T35/><D48/><U73/><E73/><V47/><F50/><W91/><G90/><T34/><D35/><RYUUKYOKU ba="0,1" sc="289,-15,234,15,240,-15,227,15" hai1="5,9,10,12,15,16,60,66,69,84,85,96,106" hai3="14,19,21,22,23,86,91,92,100,103" /><INIT seed="1,1,1,2,1,101" ten="274,249,225,242" oya="1" hai0="129,120,16,67,29,54,6,81,95,133,88,8,115" hai1="69,49,117,36,121,21,102,65,17,89,61,100,24" hai2="119,14,130,90,48,52,134,91,15,64,3,50,7" hai3="58,13,85,0,78,106,40,113,44,98,23,82,125"/><U123/><E117/><V20/><F119/><W86/><G0/><T114/><D129/><U45/><E36/><V135/><F64/><W9/><G125/><T110/><D110/><U77/><E77/><V112/><F130/><W104/><G113/><T55/><D133/><N who="2" m="50698" /><F112/><W131/><G131/><T34/><D120/><U33/><E33/><V62/><F62/><W22/><G58/><T76/><D67/><U63/><E63/><V124/><F124/><W31/><G98/><T25/><D16/><U30/><E30/><V126/><F50/><N who="3" m="26887" /><G86/><T5/><D115/><U57/><E69/><V56/><F126/><W32/><G32/><T127/><D114/><U99/><E123/><V72/><F72/><W116/><G116/><T51/><D127/><U38/><E38/><V28/><F3/><W59/><G59/><T47/><D54/><N who="1" m="29999" /><E121/><V94/><F7/><N who="3" m="3263" /><G31/><T53/><D55/><U68/><E68/><V1/><F1/><W74/><G74/><T111/><D111/><U132/><E132/><V43/><F43/><W96/><G96/><T75/><REACH who="0" step="1"/><D8/><REACH who="0" ten="264,249,225,242" step="2"/><U84/><E99/><AGARI ba="1,2" hai="5,6,25,29,34,47,51,53,75,76,81,88,95,99" machi="99" ten="30,7700,0" yaku="1,1,2,1,7,1,54,1,53,0" doraHai="101" doraHaiUra="83" who="0" fromWho="1" sc="264,100,249,-80,225,0,242,0" /><INIT seed="2,0,0,2,5,97" ten="364,169,225,242" oya="2" hai0="28,74,103,121,93,133,3,126,15,80,67,134,110" hai1="94,30,17,68,56,82,100,89,57,10,112,40,38" hai2="5,33,124,125,19,37,66,107,51,8,36,43,132" hai3="64,96,35,20,117,84,120,29,42,49,25,65,39"/><V85/><F132/><N who="0" m="50794" /><D3/><U104/><E112/><V4/><F33/><W18/><G120/><T70/><D110/><U76/><E68/><V135/><F135/><W75/><G75/><T101/><D121/><U83/><E30/><V113/><F113/><W21/><G39/><T81/><D28/><U58/><E38/><V54/><F107/><W1/><G1/><T98/><D74/><U90/><E40/><V91/><F66/><W87/><G35/><T130/><D130/><U22/><E104/><V55/><F19/><W2/><G2/><T60/><D126/><N who="2" m="48746" /><F54/><W111/><G111/><T86/><D15/><U122/><E122/><V61/><F61/><W52/><G42/><T72/><D72/><U127/><E127/><V116/><F116/><W53/><G53/><T99/><D86/><N who="3" m="32809" /><G96/><T95/><AGARI ba="0,0" hai="60,67,70,80,81,93,95,98,99,101,103" m="50794" machi="95" ten="30,4000,0" yaku="20,1,52,2" doraHai="97" who="0" fromWho="0" sc="364,40,169,-10,225,-20,242,-10" /><INIT seed="3,0,0,1,5,10" ten="404,159,205,232" oya="3" hai0="14,8,67,116,4,74,79,90,60,19,103,32,55" hai1="51,46,6,58,113,133,53,16,63,29,20,86,37" hai2="9,24,130,31,21,81,71,132,35,118,39,100,80" hai3="17,0,94,128,11,13,127,87,110,69,54,104,45"/><W25/><G104/><T52/><D116/><U7/><E133/><V33/><F39/><W119/><G119/><T43/><D32/><U106/><E113/><V66/><F118/><W49/><G69/><T96/><D43/><U47/><E106/><V95/><F132/><W122/><G122/><T34/><D34/><U5/><E37/><V72/><F130/><W42/><G128/><T50/><D90/><U57/><E29/><V105/><F95/><W84/><G127/><T134/><D134/><U26/><REACH who="1" step="1"/><E86/><REACH who="1" ten="404,149,205,232" step="2"/><V73/><F72/><W30/><G87/><T65/><D74/><U15/><E15/><V121/><F73/><W2/><G110/><T98/><D14/><U70/><E70/><V129/><F105/><W40/><G2/><T115/><D115/><U82/><E82/><V64/><F71/><W120/><G0/><T92/><D92/><U44/><E44/><V77/><F81/><W131/><G120/><T41/><D98/><U59/><E59/><V89/><F121/><W125/><G131/><T85/><D96/><U75/><E75/><V114/><F129/><W109/><G109/><T126/><D85/><U62/><E62/><V111/><F114/><W78/><G94/><T83/><D60/><U38/><E38/><V3/><F111/><W102/><G84/><T48/><D83/><U91/><E91/><V97/><F89/><W61/><G61/><T12/><D12/><U1/><E1/><V112/><F112/><W68/><G13/><T117/><D117/><U22/><E22/><V93/><F80/><W27/><G68/><T18/><D126/><RYUUKYOKU ba="0,1" sc="404,-10,149,30,205,-10,232,-10" hai1="5,6,7,16,20,26,46,47,51,53,57,58,63" owari="404,50.4,179,-32.1,195,-20.5,222,2.2" /></mjloggm>