<mjloggm ver="2.3"><GO type="225" lobby="0"/><UN n0="%E9%80%86%E9%80%A3%E5%B8%AF%E3%81%AE%E9%AC%BC" n1="%72%69%6F%75%63%68%61%6E" n2="%E5%8D%A0%E3%81%84%E5%B8%AB%E8%A3%8F%E3%81%AA%E3%81%84%E3%81%97" n3="%E6%B8%A9%E2%98%85%E6%83%85%E2%98%85%E6%8E%AA%E2%98%85%E7%BD%AE" dan="17,16,17,18" rate="2167.19,2244.16,2187.87,2195.35" sx="M,M,M,M"/><TAIKYOKU oya="0"/><INIT seed="0,0,0,1,1,10" ten="250,250,250,250" oya="0" hai0="119,60,42,116,44,91,135,3,113,130,99,106,80" hai1="114,52,76,24,66,9,86,64,104,19,23,97,1" hai2="45,111,63,131,71,46,20,58,98,37,87,78,29" hai3="72,120,32,56,38,28,123,92,105,7,39,14,100"/><T110/><D3/><U95/><E114/><V67/><F111/><W53/><G72/><T16/><D113/><U75/><E75/><V21/><F131/><W102/><G105/><T12/><D130/><U101/><E104/><V107/><F71/><W90/><G28/><T88/><D135/><U18/><E52/><V134/><F134/><W122/><G32/><T31/><D110/><U83/><REACH who="1" step="1"/><E1/><REACH who="1" ten="250,240,250,250" step="2"/><V82/><F107/><W27/><G53/><T118/><D106/><U5/><E5/><V94/><F45/><W132/><G7/><T65/><D119/><U55/><E55/><V74/><F74/><W0/><G0/><T96/><D118/><U79/><E79/><V68/><F46/><W133/><G133/><T84/><D116/><U73/><E73/><V109/><F78/><W81/><G132/><T61/><D31/><U129/><E129/><V11/><F29/><W62/><G123/><T93/><D99/><U13/><AGARI ba="0,1" hai="9,13,18,19,23,24,64,66,76,83,86,95,97,101" machi="13" ten="30,8000,1" yaku="1,1,0,1,8,1,52,1,53,1" doraHai="10" doraHaiUra="22" who="1" fromWho="1" sc="250,-40,240,90,250,-20,250,-20" /><INIT seed="1,0,0,5,0,99" ten="210,330,230,230" oya="1" hai0="131,28,8,117,21,53,134,58,130,14,4,92,127" hai1="7,119,79,56,118,126,51,80,43,68,22,50,54" hai2="110,115,86,38,27,93,105,20,32,85,128,15,30" hai3="25,3,109,29,122,75,60,48,106,37,133,6,101"/><U42/><E68/><V17/><F110/><W91/><G37/><T35/><D117/><U114/><E114/><V83/><F105/><W88/><G75/><T81/><D134/><U95/><E126/><V63/><F128/><W124/><G122/><T71/><D127/><U77/><E7/><V41/><F115/><W11/><G124/><T94/><D71/><U47/><E42/><V10/><F41/><W125/><G125/><T39/><D39/><U40/><E40/><V113/><F38/><W112/><G112/><T116/><D35/><U78/><E80/><V98/><F113/><W129/><G109/><T59/><D116/><U16/><REACH who="1" step="1"/><E95/><REACH who="1" ten="210,320,230,230" step="2"/><V46/><F83/><W111/><G6/><T26/><D81/><U2/><E2/><V73/><F93/><W89/><G3/><T44/><D94/><U24/><AGARI ba="0,1" hai="16,22,24,43,47,50,51,54,56,77,78,79,118,119" machi="24" ten="30,6000,0" yaku="1,1,0,1,54,1,53,0" doraHai="99" doraHaiUra="103" who="1" fromWho="1" sc="210,-20,320,70,230,-20,230,-20" /><INIT seed="1,1,0,0,0,97" ten="190,390,210,210" oya="1" hai0="68,60,33,114,106,51,28,103,108,61,43,112,87" hai1="16,42,5,75,91,113,44,57,40,50,38,129,47" hai2="117,124,86,98,80,62,100,52,96,102,111,26,82" hai3="134,4,54,120,53,65,121,93,64,104,39,101,132"/><U105/><E113/><V10/><F117/><W131/><G104/><T118/><D118/><U18/><E75/><V58/><F111/><W27/><G4/><T116/><D116/><U110/><E110/><V130/><F130/><W76/><G76/><T11/><D108/><U107/><E129/><V59/><F124/><W77/><G77/><T8/><D87/><U13/><E91/><V128/><F128/><W99/><G131/><T0/><D51/><U126/><E126/><V119/><F119/><W115/><G115/><T24/><D43/><U79/><E79/><V25/><F10/><W15/><G39/><T19/><D11/><U70/><E70/><V21/><F59/><W46/><G15/><T84/><D84/><U135/><E135/><N who="3" m="51754" /><G27/><N who="2" m="10249" /><F21/><W49/><G54/><T37/><D37/><U6/><E57/><V88/><F82/><W67/><AGARI ba="1,0" hai="46,49,53,64,65,67,93,99,101,120,121" m="51754" machi="67" ten="30,2000,0" yaku="20,1,52,1" doraHai="97" who="3" fromWho="3" sc="190,-6,390,-11,210,-6,210,23" /><INIT seed="2,0,0,0,0,15" ten="184,379,204,233" oya="2" hai0="120,69,20,12,81,29,62,21,57,24,40,10,102" hai1="65,44,48,23,126,119,74,68,111,112,127,34,36" hai2="0,130,77,67,7,50,59,114,37,107,76,134,133" hai3="80,18,8,118,5,101,30,97,110,116,104,26,32"/><V27/><F114/><W52/><G110/><T83/><D120/><U46/><E111/><V85/><F37/><W73/><G52/><T1/><D69/><U72/><E34/><V19/><F107/><W103/><G103/><T16/><D102/><U49/><E112/><V51/><F130/><W78/><REACH who="3" step="1"/><G18/><REACH who="3" ten="184,379,204,223" step="2"/><T84/><D40/><N who="1" m="22535" /><E119/><V39/><F7/><W55/><G55/><T95/><D1/><AGARI ba="0,1" hai="1,5,8,26,30,32,73,78,80,97,101,104,116,118" machi="1" ten="30,8000,1" yaku="1,1,7,1,23,2,53,1" doraHai="15" doraHaiUra="92" who="3" fromWho="0" sc="184,-80,379,0,204,0,223,90" /><INIT seed="3,0,0,5,4,55" ten="104,379,204,313" oya="3" hai0="115,40,56,90,31,50,69,98,128,86,130,33,108" hai1="64,13,95,66,105,132,73,123,18,58,8,62,25" hai2="6,54,114,57,70,45,104,120,77,133,17,124,126" hai3="71,99,30,46,127,110,23,92,113,0,82,7,97"/><W42/><G113/><T34/><D69/><U125/><E105/><V16/><F114/><W29/><G71/><T87/><D115/><U3/><E123/><V68/><F133/><W52/><G127/><N who="2" m="48681" /><F120/><W67/><G67/><T20/><D108/><U10/><E73/><V1/><F104/><W81/><G110/><T47/><D98/><U37/><E37/><V5/><F77/><W36/><G97/><T131/><D87/><U112/><E112/><V48/><F17/><W85/><G7/><N who="2" m="2569" /><F1/><W59/><G0/><T32/><D20/><U53/><E95/><V9/><F45/><W43/><G43/><T119/><D31/><U94/><E53/><V26/><F9/><W11/><G11/><T44/><D119/><U111/><E62/><V89/><F89/><W72/><G23/><AGARI ba="0,0" hai="16,23,26,48,54,57,68,70" m="2569,48681" machi="23" ten="30,3900,0" yaku="18,1,52,1,54,1" doraHai="55" who="2" fromWho="3" sc="104,0,379,0,204,39,313,-39" owari="104,-39.6,379,47.9,243,-15.7,274,7.4" /></mjloggm>