<mjloggm ver="2.3"><GO type="225" lobby="0"/><UN n0="%E7%B4%94%E6%BD%94%E3%83%94%E3%83%A9%E3%83%8B%E3%82%A2" n1="%E5%AF%82%E5%AF%9E%E3%82%AE%E3%83%8D%E3%82%B9%E3%83%93%E3%83%BC%E3%83%AB" n2="%6D%75%75%6D%75%72%61" n3="%E5%A4%96%E5%B7%9D%E7%AB%9C%E6%88%90" dan="18,16,16,16" rate="2273.55,2139.84,2141.85,2251.48" sx="M,M,F,M"/><TAIKYOKU oya="0"/><INIT seed="0,0,0,4,1,22" ten="250,250,250,250" oya="0" hai0="93,31,90,36,95,97,104,54,47,67,42,126,69" hai1="85,88,28,37,116,29,57,92,120,5,101,115,43" hai2="24,44,84,14,18,127,122,38,40,2,109,89,133" hai3="32,81,3,34,121,23,33,66,50,131,59,111,130"/><T16/><D126/><U51/><E116/><V72/><F122/><W128/><G3/><T6/><D6/><U45/><E120/><V26/><F127/><W63/><G121/><T73/><D73/><U113/><E5/><V110/><F72/><W117/><G117/><T108/><D31/><U9/><E9/><N who="2" m="6479" /><F2/><W119/><G119/><T96/><D104/><U17/><E101/><V86/><F133/><W52/><G111/><N who="2" m="42505" /><F86/><W123/><G123/><T75/><D75/><U74/><E74/><V102/><F102/><W100/><G100/><T8/><D108/><U132/><E17/><V4/><F4/><W106/><G106/><T65/><D69/><U64/><E132/><V129/><F129/><W35/><G35/><T25/><D54/><N who="1" m="31967" /><E64/><V61/><F61/><W30/><G81/><AGARI ba="0,0" hai="24,26,38,40,44,81,84,89" m="42505,6479" machi="81" ten="30,3900,0" yaku="14,1,52,2" doraHai="22" who="2" fromWho="3" sc="250,0,250,0,250,39,250,-39" /><INIT seed="1,0,0,1,1,1" ten="250,250,289,211" oya="1" hai0="44,19,119,11,57,54,100,102,77,36,72,8,4" hai1="128,110,40,62,13,9,106,68,46,124,52,45,126" hai2="26,116,96,49,123,79,30,69,6,28,20,27,115" hai3="83,66,70,92,75,130,58,37,114,127,81,24,5"/><U23/><E106/><V133/><F116/><W107/><G107/><T17/><D119/><U41/><E128/><V60/><F123/><W14/><G130/><T61/><D72/><U39/><E23/><V33/><F133/><W90/><G37/><T63/><D77/><U103/><E103/><V34/><F115/><W2/><G2/><T51/><D36/><U85/><E85/><V32/><F79/><W53/><G75/><T129/><D129/><U99/><E99/><V135/><F135/><W112/><G127/><N who="1" m="48682" /><E110/><V50/><F96/><W78/><G66/><T120/><D120/><U93/><E93/><V113/><F113/><N who="3" m="43627" /><G70/><T25/><D61/><U86/><E86/><V65/><REACH who="2" step="1"/><F6/><REACH who="2" ten="250,250,279,211" step="2"/><W71/><G78/><T59/><D4/><N who="1" m="3239" /><E68/><V125/><F125/><W80/><G71/><T108/><D108/><U98/><E98/><V89/><F89/><W74/><G90/><T56/><D100/><U105/><E105/><V67/><F67/><W42/><G5/><T122/><D102/><U29/><E29/><V101/><F101/><W97/><G97/><T82/><D122/><U22/><E40/><V94/><F94/><W12/><G92/><T104/><D104/><U118/><E118/><V35/><AGARI ba="0,1" hai="20,26,27,28,30,32,33,34,35,49,50,60,65,69" machi="35" ten="30,2000,0" yaku="1,1,0,1,53,0" doraHai="1" doraHaiUra="91" who="2" fromWho="2" sc="250,-5,250,-10,279,30,211,-5" /><INIT seed="2,0,0,3,1,82" ten="245,240,309,206" oya="2" hai0="81,111,109,105,134,119,107,31,130,29,38,59,125" hai1="6,1,75,65,88,41,132,87,62,123,110,27,42" hai2="69,50,90,30,116,124,60,76,84,7,67,33,72" hai3="122,79,25,98,3,133,108,55,11,92,135,53,113"/><V40/><F116/><W66/><G122/><T20/><D38/><U45/><E75/><V36/><F36/><W129/><G108/><N who="0" m="41547" /><D119/><U52/><E110/><V24/><F124/><W131/><G66/><T101/><D125/><U46/><E123/><V70/><F70/><W83/><G25/><T56/><D101/><U85/><E1/><V104/><F104/><N who="0" m="40010" /><D134/><N who="3" m="51209" /><G113/><T127/><D127/><U35/><E6/><V47/><F7/><N who="3" m="1535" /><G92/><T18/><D81/><U103/><E132/><V8/><F8/><W19/><G98/><T15/><D130/><N who="3" m="49673" /><G19/><T51/><D59/><U86/><E27/><V102/><F102/><W96/><G96/><T17/><D18/><U39/><E103/><V71/><F71/><W80/><G80/><T5/><D5/><U4/><E4/><V121/><F121/><W128/><N who="3" m="49681" /><W91/><DORA hai="74" /><G91/><T77/><D77/><U14/><E88/><V34/><F76/><W117/><G117/><T37/><D37/><U95/><E95/><V93/><F72/><AGARI ba="0,0" hai="53,55,72,79,83" m="49681,1535,51209" machi="72" ten="40,5200,0" yaku="20,1,19,1,52,1" doraHai="82,74" who="3" fromWho="2" sc="245,0,240,0,309,-52,206,52" /><INIT seed="3,0,0,3,1,10" ten="245,240,257,258" oya="3" hai0="118,74,7,127,32,27,80,131,135,2,17,24,106" hai1="65,0,34,48,66,57,50,111,55,114,113,116,83" hai2="20,84,25,72,13,59,8,128,51,87,70,29,46" hai3="54,99,89,18,41,88,64,115,44,86,37,11,81"/><W22/><G115/><N who="1" m="44042" /><E0/><V108/><F70/><W33/><G33/><T31/><D80/><U39/><E34/><V82/><F108/><W79/><G64/><N who="1" m="24682" /><E83/><V12/><F128/><W90/><G11/><N who="0" m="2551" /><D106/><U98/><E98/><V130/><F130/><W61/><G61/><T30/><D74/><U112/><N who="1" m="44050" /><U101/><DORA hai="97" /><E101/><V45/><F72/><W71/><G54/><T28/><D131/><U9/><E9/><V56/><F8/><W124/><G71/><T117/><D127/><U92/><E92/><V129/><F129/><W47/><G47/><N who="2" m="17929" /><F84/><W109/><G124/><T58/><D58/><N who="2" m="22058" /><F51/><N who="1" m="19497" /><E111/><V103/><F103/><W14/><REACH who="3" step="1"/><G109/><REACH who="3" ten="245,240,257,248" step="2"/><T19/><D32/><U73/><E116/><N who="0" m="44649" /><D135/><U107/><E55/><V93/><F93/><AGARI ba="0,1" hai="14,18,22,37,41,44,79,81,86,88,89,90,93,99" machi="93" ten="40,7700,0" yaku="1,1,52,1,54,1,53,0" doraHai="10,97" doraHaiUra="53,120" who="3" fromWho="2" sc="245,0,240,0,257,-77,248,87" owari="245,4.5,240,-16.0,180,-32.0,335,43.5" /></mjloggm>