<mjloggm ver="2.3"><GO type="225" lobby="0"/><UN n0="%E3%82%B3%E3%83%A2%E3%83%AA%E3%82%B9%E3%83%88" n1="%E3%81%BF%E3%81%BF%E3%81%9A" n2="%E4%BA%95%E5%B8%AF" n3="%E3%81%B5%E3%81%98%E3%81%8B%E3%81%A4" dan="16,16,16,16" rate="2067.63,2243.48,2056.38,2199.33" sx="M,M,M,M"/><TAIKYOKU oya="0"/><BYE who="1" /><UN n1="%E3%81%BF%E3%81%BF%E3%81%9A" /><INIT seed="0,0,0,5,2,52" ten="250,250,250,250" oya="0" hai0="28,18,0,86,74,110,49,95,23,107,131,133,117" hai1="43,91,42,73,122,32,46,1,61,124,9,112,3" hai2="64,125,8,68,88,129,6,83,59,96,101,116,76" hai3="100,98,25,40,57,123,44,13,15,108,39,27,11"/><T37/><D37/><U105/><E122/><V135/><F125/><W53/><G123/><T19/><D74/><U94/><E105/><V55/><F129/><W71/><G108/><T90/><D107/><U10/><E32/><V102/><F135/><W121/><G71/><T103/><D117/><U30/><E73/><V80/><F68/><W4/><G15/><T31/><D133/><U63/><E30/><V126/><F64/><W97/><G121/><T16/><D0/><U22/><E22/><V65/><F65/><W82/><G82/><N who="2" m="31273" /><F76/><W109/><G109/><T115/><D103/><U38/><E124/><V127/><F116/><W70/><G70/><T81/><D115/><U36/><E94/><N who="2" m="56391" /><F127/><W24/><REACH who="3" step="1"/><G100/><REACH who="3" ten="250,250,250,240" step="2"/><T89/><D110/><U33/><E112/><V26/><F126/><W20/><G20/><T77/><D23/><U128/><E33/><V7/><F26/><W34/><G34/><T50/><D131/><U84/><E128/><V104/><F104/><W69/><G69/><T12/><D12/><U5/><E1/><V62/><F7/><W2/><G2/><T87/><D90/><U114/><E114/><V17/><F6/><W78/><G78/><T67/><D67/><U132/><E132/><V111/><F111/><W48/><AGARI ba="0,1" hai="4,11,13,24,25,27,39,40,44,48,53,57,97,98" machi="48" ten="30,4000,0" yaku="1,1,0,1,52,1,53,0" doraHai="52" doraHaiUra="60" who="3" fromWho="3" sc="250,-20,250,-10,250,-10,240,50" /><INIT seed="1,0,0,0,4,70" ten="230,240,240,290" oya="1" hai0="96,76,7,25,119,29,53,67,42,78,38,68,54" hai1="64,122,6,130,47,106,58,82,21,100,107,69,86" hai2="89,129,46,71,50,34,43,23,104,111,95,57,61" hai3="109,59,94,48,83,16,37,105,12,65,118,123,133"/><U88/><E122/><V31/><F104/><W115/><G123/><T5/><D68/><U81/><E130/><V63/><F129/><W135/><G115/><T99/><D25/><U91/><E69/><V93/><F111/><W9/><G105/><T97/><D29/><U110/><E110/><V117/><F34/><W85/><G109/><T66/><D42/><U36/><E6/><V30/><F117/><W33/><G33/><T108/><D108/><U8/><E8/><V20/><F71/><W40/><G94/><N who="2" m="35849" /><F89/><W22/><G118/><T56/><D56/><U84/><E100/><V41/><F41/><W73/><G73/><T121/><D99/><U11/><E11/><V32/><F32/><W45/><G9/><T13/><D121/><U87/><E87/><V98/><F98/><W4/><G4/><T72/><D72/><U14/><E47/><V131/><F63/><N who="3" m="38143" /><G48/><T79/><D119/><U128/><E36/><V18/><F131/><W24/><G24/><T17/><D38/><U127/><E127/><V10/><F10/><W125/><G125/><T15/><D79/><U51/><E128/><V134/><F134/><N who="3" m="51211" /><G85/><T62/><D62/><U101/><E101/><V39/><F39/><W114/><G114/><T55/><D97/><U74/><E74/><V112/><F112/><W0/><G83/><T44/><D96/><U19/><E51/><V60/><F60/><AGARI ba="0,0" hai="14,19,21,58,60,64,81,82,84,86,88,91,106,107" machi="60" ten="40,3900,0" yaku="9,1,54,1" doraHai="70" who="1" fromWho="2" sc="230,0,240,39,240,-39,290,0" /><INIT seed="1,1,0,2,1,15" ten="230,279,201,290" oya="1" hai0="60,106,58,105,11,129,73,99,94,53,43,30,74" hai1="117,24,41,87,8,47,101,40,130,86,71,135,81" hai2="42,0,31,55,23,18,68,102,14,59,45,98,124" hai3="22,126,90,76,70,133,85,5,95,2,121,83,9"/><U56/><E117/><V122/><F122/><W27/><G126/><T1/><D43/><U26/><E71/><V57/><F124/><W61/><G133/><T108/><D108/><U123/><E123/><V34/><F68/><W79/><G121/><T91/><D30/><U109/><E135/><V132/><F0/><W48/><G48/><T103/><D106/><U92/><E130/><V62/><F132/><W39/><G39/><T128/><D1/><U77/><E109/><V82/><F82/><W25/><G79/><T3/><D3/><U78/><E8/><V38/><F59/><W37/><G37/><T63/><D11/><U125/><E125/><V69/><F69/><W116/><G116/><T104/><D104/><U115/><E115/><V50/><F31/><W64/><REACH who="3" step="1"/><G22/><REACH who="3" ten="230,279,201,280" step="2"/><T36/><D36/><U49/><E41/><V16/><F34/><W54/><G54/><T12/><D53/><U51/><E77/><V32/><F32/><W52/><G52/><T46/><D129/><U6/><E49/><V96/><F38/><W119/><G119/><T100/><D128/><U89/><E40/><V113/><F113/><W80/><G80/><T110/><D110/><U112/><E51/><V65/><F42/><W118/><G118/><T13/><D46/><U107/><E47/><V111/><F111/><W7/><G7/><T20/><D20/><U21/><E6/><V97/><REACH who="2" step="1"/><F18/><REACH who="2" ten="230,279,191,280" step="2"/><W72/><AGARI ba="1,2" hai="2,5,9,25,27,61,64,70,72,76,83,85,90,95" machi="72" ten="20,5200,0" yaku="1,1,0,1,7,1,53,1" doraHai="15" doraHaiUra="88" who="3" fromWho="3" sc="230,-14,279,-27,191,-14,280,75" /><INIT seed="2,0,0,4,4,27" ten="216,252,177,355" oya="2" hai0="3,62,109,44,116,103,129,68,21,47,107,97,69" hai1="86,110,100,119,9,60,96,51,49,37,18,130,104" hai2="39,87,24,128,34,82,67,102,80,114,29,117,58" hai3="42,131,120,111,79,2,93,25,108,5,56,30,95"/><V89/><F117/><W74/><G120/><T132/><D3/><U7/><E37/><V12/><F114/><W71/><G71/><T26/><D109/><N who="3" m="42057" /><G56/><T31/><D132/><U57/><E110/><V64/><F128/><W125/><G42/><T84/><D116/><U106/><E119/><V6/><F39/><W46/><G46/><T124/><D124/><U66/><E106/><V4/><F102/><W65/><G65/><T73/><D73/><U94/><E130/><V77/><F58/><W92/><G125/><T81/><D129/><U118/><E118/><V90/><F90/><W28/><G25/><T40/><D62/><U115/><E115/><V70/><F70/><W38/><G38/><T16/><D47/><U121/><E121/><V32/><F32/><W135/><G135/><T72/><D69/><U35/><E35/><V13/><F67/><W126/><G126/><T54/><D54/><U33/><E33/><V83/><F64/><W23/><G23/><T50/><D68/><U99/><E49/><V61/><F61/><W88/><G88/><T98/><D50/><U15/><E51/><V10/><REACH who="2" step="1"/><F89/><REACH who="2" ten="216,252,167,355" step="2"/><W1/><G131/><T63/><D63/><U19/><E99/><V55/><F55/><W14/><G79/><T43/><D43/><U113/><E113/><V134/><F134/><W52/><G52/><T101/><D40/><U112/><E112/><V91/><F91/><W41/><G41/><T48/><D103/><U85/><E104/><V11/><AGARI ba="0,1" hai="4,6,10,11,12,13,24,29,34,77,80,82,83,87" machi="11" ten="30,11700,0" yaku="1,1,0,1,9,1,52,1,53,0" doraHai="27" doraHaiUra="17" who="2" fromWho="2" sc="216,-39,252,-39,167,127,355,-39" /><INIT seed="2,1,0,3,1,28" ten="177,213,294,316" oya="2" hai0="32,8,89,71,113,79,121,52,74,44,24,27,107" hai1="129,3,116,29,11,101,110,18,19,45,15,20,60" hai2="68,112,0,135,133,70,41,82,87,90,111,80,48" hai3="34,84,117,31,123,14,69,77,130,109,1,13,56"/><V64/><F112/><W75/><G69/><T95/><D113/><U39/><E116/><V37/><F37/><W118/><G75/><T104/><D71/><N who="2" m="27178" /><F64/><W35/><G56/><T134/><D134/><N who="2" m="51210" /><F0/><W65/><G65/><T38/><D121/><U55/><E110/><V40/><F111/><W9/><G84/><T93/><D8/><U96/><E129/><V42/><F82/><W59/><G77/><T105/><D93/><N who="1" m="58511" /><E39/><V115/><F115/><W16/><G59/><T102/><D38/><U108/><E3/><V2/><F2/><W81/><G81/><T53/><D79/><U49/><E108/><V22/><F22/><N who="3" m="11535" /><G109/><T4/><D74/><U5/><E60/><V50/><AGARI ba="1,0" hai="40,41,42,48,50,80,87,90" m="51210,27178" machi="50" ten="40,2100,0" yaku="20,1" doraHai="28" who="2" fromWho="2" sc="177,-8,213,-8,294,24,316,-8" /><INIT seed="2,2,0,5,3,80" ten="169,205,318,308" oya="2" hai0="68,82,9,44,134,83,122,71,62,118,13,89,81" hai1="95,129,48,127,57,33,60,51,49,15,21,65,17" hai2="86,46,130,24,85,69,67,30,50,31,29,125,104" hai3="90,4,64,53,70,76,61,52,110,132,11,96,103"/><V98/><F125/><W135/><G110/><T93/><D122/><U102/><E129/><V121/><F121/><W88/><G76/><T100/><D134/><N who="3" m="51241" /><G11/><T12/><D118/><U117/><E33/><N who="2" m="20647" /><F31/><W113/><G4/><T26/><D100/><U36/><E36/><V58/><F58/><W20/><G20/><T106/><D106/><U59/><E117/><V1/><F30/><W6/><G6/><T101/><D101/><U74/><E74/><V123/><F1/><W42/><G42/><T47/><D26/><U112/><E112/><V92/><F92/><N who="3" m="58759" /><G113/><T41/><D41/><U114/><E127/><V0/><F0/><W8/><G8/><T99/><D13/><U133/><E114/><V32/><F32/><W28/><G28/><T40/><D40/><U79/><E79/><V131/><F123/><W84/><G90/><T16/><REACH who="0" step="1"/><D71/><REACH who="0" ten="159,205,318,308" step="2"/><U54/><E133/><V39/><F69/><W18/><G18/><T73/><D73/><U87/><E102/><V27/><F131/><W25/><G25/><T116/><D116/><U23/><E23/><V97/><F27/><W128/><G128/><T19/><D19/><U111/><E111/><V5/><F130/><W115/><G115/><T43/><D43/><U105/><E105/><V56/><F5/><W34/><G34/><T45/><D45/><U3/><E3/><V108/><F46/><W37/><G37/><T109/><D109/><U63/><E15/><V126/><F108/><W107/><G107/><T119/><D119/><U66/><E17/><V72/><F39/><W75/><G75/><T55/><D55/><RYUUKYOKU ba="2,1" sc="159,15,205,-15,318,-15,308,15" hai0="9,12,16,44,47,62,68,81,82,83,89,93,99" hai3="52,53,61,64,70,84,88" /><INIT seed="3,3,1,5,0,109" ten="174,190,303,323" oya="3" hai0="21,114,105,38,84,89,81,121,54,37,82,14,56" hai1="129,51,133,58,132,23,53,7,36,47,123,15,117" hai2="27,13,9,28,44,134,96,135,61,85,124,10,63" hai3="91,106,48,125,128,92,119,32,126,0,80,31,11"/><W87/><G119/><T79/><D121/><U26/><E123/><V94/><F85/><W50/><G106/><T41/><D105/><U115/><E117/><V112/><F44/><W111/><G111/><T5/><D114/><U59/><E115/><V73/><F73/><W6/><G128/><T40/><D37/><U76/><E76/><V120/><F120/><W116/><G116/><T98/><D38/><U88/><E129/><V52/><F112/><W46/><G31/><T4/><D21/><U131/><E131/><V34/><F124/><N who="3" m="47723" /><G32/><T25/><D25/><U30/><E88/><N who="2" m="55367" /><F52/><N who="3" m="29719" /><G50/><N who="0" m="30807" /><D14/><U39/><E36/><V77/><F77/><W20/><G20/><T2/><D2/><U70/><E39/><V102/><F102/><W8/><G8/><N who="2" m="3177" /><F13/><W118/><G118/><T95/><D82/><AGARI ba="3,1" hai="0,6,11,80,82,87,91,92" m="29719,47723" machi="82" ten="30,2900,0" yaku="18,1,54,1" doraHai="109" who="3" fromWho="0" sc="174,-38,190,0,303,0,323,48" owari="136,-36.4,190,-21.0,303,10.3,371,47.1" /></mjloggm>