<mjloggm ver="2.3"><GO type="225" lobby="0"/><UN n0="%E5%BE%80%E5%B9%B4%E3%81%AE%E3%82%B4%E3%83%AA%E3%83%A9" n1="%E3%82%AF%E3%82%A3%E3%82%A6" n2="%E6%97%A5%E6%9B%9C%E6%97%A5%E3%82%88%E3%82%8A%E3%81%AE%E4%BD%BF%E8%80%85" n3="%E9%B3%B3%E6%9D%B1%E3%81%AE%E3%81%86%E3%81%95%E3%81%8E%E3%81%95%E3%82%93" dan="16,16,17,16" rate="2116.27,2121.37,2139.19,2126.33" sx="M,M,M,M"/><TAIKYOKU oya="0"/><INIT seed="0,0,0,0,3,44" ten="250,250,250,250" oya="0" hai0="70,121,75,97,68,2,37,28,33,15,101,24,95" hai1="122,125,106,39,32,1,23,29,112,93,84,135,58" hai2="54,22,17,123,119,45,64,79,56,18,128,111,92" hai3="0,134,98,83,85,19,91,49,31,5,88,118,105"/><T59/><D2/><U96/><E96/><V61/><F119/><W67/><G118/><T74/><D121/><U10/><E93/><V35/><F123/><W30/><G134/><T13/><D37/><U38/><E58/><V51/><F35/><W99/><G67/><T81/><D74/><U113/><E84/><V12/><F111/><W60/><G60/><T116/><D116/><U52/><E52/><V77/><F128/><W109/><G109/><T42/><D42/><U124/><E23/><V43/><F92/><W78/><G0/><T41/><D41/><U129/><E122/><V7/><F7/><W115/><G115/><N who="1" m="44106" /><E106/><V6/><F6/><W90/><G5/><T82/><D82/><U127/><E10/><V87/><F87/><W57/><G19/><T34/><D34/><U131/><E1/><V11/><REACH who="2" step="1"/><F43/><REACH who="2" ten="250,250,240,250" step="2"/><W40/><G105/><T62/><D75/><U50/><E50/><V73/><F73/><W89/><N who="3" m="22528" /><DORA hai="27" /><W3/><G3/><T86/><D86/><U21/><E135/><V8/><F8/><W25/><G40/><T72/><D72/><U66/><E21/><V100/><F100/><W14/><G99/><T107/><D107/><U71/><E131/><V63/><F63/><W102/><G98/><T133/><D133/><U76/><E129/><V103/><F103/><W9/><G102/><T53/><REACH who="0" step="1"/><D81/><REACH who="0" ten="240,250,240,250" step="2"/><U4/><E39/><V55/><F55/><W46/><G83/><T48/><D48/><U130/><E38/><V120/><F120/><W104/><G49/><T126/><D126/><N who="1" m="32259" /><U65/><DORA hai="117" /><E65/><V114/><F114/><RYUUKYOKU ba="0,2" sc="240,15,250,-15,240,15,250,-15" hai0="13,15,24,28,33,53,59,62,68,70,95,97,101" hai2="11,12,17,18,22,45,51,54,56,61,64,77,79" /><INIT seed="0,1,2,3,0,96" ten="255,235,255,235" oya="0" hai0="117,134,109,105,80,127,55,3,17,56,122,104,40" hai1="89,68,101,102,125,16,83,124,12,51,123,88,35" hai2="26,73,110,32,85,39,27,72,74,76,34,7,71" hai3="120,79,114,11,90,22,112,108,4,61,0,36,10"/><T84/><D117/><U43/><E68/><V98/><F110/><W91/><G108/><T115/><D115/><U97/><E35/><V48/><F39/><W53/><G36/><T103/><D122/><U31/><E31/><V13/><F71/><W135/><G120/><T92/><D134/><U64/><E64/><V131/><F131/><W81/><G135/><T42/><D3/><U47/><E123/><V18/><F7/><W132/><G132/><T67/><D67/><U9/><E83/><V66/><F66/><W106/><G106/><T65/><D65/><U69/><E69/><V41/><F41/><W49/><G61/><T45/><D127/><N who="1" m="48715" /><E102/><V86/><F48/><W57/><G11/><T133/><D133/><U78/><E78/><V77/><F73/><W111/><G22/><T129/><D129/><U8/><E8/><V28/><F28/><W1/><G1/><T29/><D29/><U50/><E51/><V60/><F60/><W62/><G62/><T82/><D82/><U38/><E38/><V23/><F74/><W15/><G0/><T30/><D30/><U119/><E119/><V2/><F72/><N who="3" m="43239" /><G111/><T116/><D116/><U19/><E19/><V54/><F2/><W107/><G114/><T37/><D17/><U87/><E87/><V21/><F18/><W126/><G112/><T113/><D113/><U100/><E100/><V75/><F75/><W25/><G126/><T121/><D121/><U128/><E128/><V118/><F118/><W44/><G4/><T58/><D109/><U130/><E130/><V63/><F34/><W14/><G10/><RYUUKYOKU ba="1,2" sc="255,-10,235,30,255,-10,235,-10" hai1="9,12,16,43,47,50,88,89,97,101" /><INIT seed="1,2,2,0,4,1" ten="245,265,245,225" oya="1" hai0="36,92,10,103,49,122,71,69,120,11,68,12,98" hai1="109,24,126,63,30,23,29,135,74,50,19,15,44" hai2="51,83,27,132,112,130,43,106,117,35,38,84,39" hai3="34,28,25,95,82,134,8,88,70,46,89,41,77"/><U128/><E126/><V31/><F117/><W127/><G134/><T17/><D36/><U26/><E128/><V115/><F106/><W72/><G127/><T62/><D49/><U90/><E74/><V37/><F132/><W59/><G70/><T94/><D94/><U9/><E135/><V56/><F130/><W80/><G80/><T45/><D45/><U73/><E73/><V104/><F104/><W20/><G59/><T32/><D32/><U0/><E63/><V116/><F116/><W129/><G129/><T52/><REACH who="0" step="1"/><D11/><REACH who="0" ten="235,265,245,225" step="2"/><U107/><E50/><V125/><F125/><W131/><G131/><T61/><D61/><U79/><E44/><V58/><F115/><W111/><G34/><T91/><D91/><U16/><E90/><V13/><F112/><W114/><G114/><T14/><D14/><N who="1" m="9623" /><E107/><V54/><F39/><W22/><G95/><T5/><D5/><N who="1" m="1191" /><E79/><V57/><F38/><W42/><G89/><T105/><D105/><U100/><E100/><V85/><F37/><W4/><G88/><T123/><D123/><U18/><E109/><V60/><F60/><W66/><G111/><T101/><D101/><U110/><E110/><V76/><F13/><W124/><G124/><T21/><D21/><N who="1" m="15567" /><E15/><V113/><F113/><W133/><G46/><T75/><D75/><U96/><E96/><V3/><F3/><W119/><G72/><T86/><D86/><U53/><E53/><V40/><REACH who="2" step="1"/><F85/><REACH who="2" ten="235,265,235,225" step="2"/><W108/><G133/><T102/><D102/><U47/><E24/><V48/><F48/><W99/><G25/><T81/><D81/><U67/><E67/><RYUUKYOKU ba="2,4" sc="235,15,265,-15,235,15,225,-15" hai0="10,12,17,52,62,68,69,71,92,98,103,120,122" hai2="27,31,35,40,43,51,54,56,57,58,76,83,84" /><INIT seed="2,3,4,2,1,131" ten="250,250,250,210" oya="2" hai0="135,88,5,40,104,92,55,19,83,77,129,76,46" hai1="60,36,125,116,122,74,27,102,85,120,28,4,14" hai2="32,134,58,48,133,30,24,101,113,41,51,80,124" hai3="31,105,39,52,42,17,89,68,128,63,107,47,35"/><V71/><F71/><W87/><G128/><T97/><D129/><U57/><E74/><V119/><F113/><W6/><G6/><T15/><D135/><N who="2" m="51722" /><F124/><W50/><G17/><T81/><D104/><U1/><E116/><V90/><F119/><W73/><G73/><T11/><D55/><N who="1" m="33855" /><E36/><V93/><F41/><W75/><G75/><T45/><D5/><U72/><E72/><V132/><N who="2" m="51730" /><V79/><DORA hai="21" /><F101/><W20/><G20/><T22/><D11/><N who="1" m="4455" /><E1/><V82/><F79/><W78/><G78/><T16/><D77/><U59/><E102/><V37/><F37/><W70/><G70/><T65/><D76/><U61/><E125/><V98/><F58/><N who="3" m="33047" /><G35/><T43/><D40/><U106/><E106/><V38/><F38/><W7/><G107/><T23/><D43/><U3/><E3/><V8/><F8/><W84/><G105/><T66/><D46/><U54/><E120/><V9/><F9/><W2/><G2/><T64/><D45/><U115/><E122/><V33/><F33/><W123/><G123/><T67/><N who="0" m="16384" /><DORA hai="96" /><T13/><AGARI ba="3,4" hai="13,15,16,19,22,23,81,83,88,92,97" m="16384" machi="13" ten="40,12000,2" yaku="4,1,0,1,9,1,8,1,54,2" doraHai="131,21,96" who="0" fromWho="0" sc="250,169,250,-33,250,-63,210,-33" /><INIT seed="3,0,0,0,5,65" ten="419,217,187,177" oya="3" hai0="12,120,135,78,99,103,3,67,48,74,39,132,81" hai1="95,84,47,52,66,110,49,30,57,106,96,87,8" hai2="133,63,111,22,35,41,32,115,0,56,116,85,68" hai3="15,23,9,134,126,121,90,33,59,44,69,19,109"/><W14/><G121/><T24/><D3/><U105/><E110/><V5/><F68/><W27/><G69/><T77/><D39/><U61/><E30/><V60/><F115/><W58/><G109/><T82/><D67/><U86/><REACH who="1" step="1"/><E8/><REACH who="1" ten="419,207,187,177" step="2"/><V25/><F111/><W94/><G134/><T131/><D120/><U1/><E1/><V102/><F0/><W107/><G126/><T7/><D24/><U42/><E42/><V38/><F41/><W72/><G107/><T26/><D26/><U55/><E55/><V43/><F43/><W128/><G128/><T54/><D131/><U71/><E71/><V76/><F25/><W28/><G72/><T123/><D123/><U129/><E129/><V64/><F133/><W4/><REACH who="3" step="1"/><G44/><REACH who="3" ten="419,207,187,167" step="2"/><N who="0" m="27911" /><D74/><U73/><E73/><V62/><F116/><W36/><G36/><T50/><D135/><U130/><E130/><V31/><F38/><W119/><G119/><T2/><D132/><U88/><AGARI ba="0,2" hai="47,49,52,57,61,66,84,86,87,88,95,96,105,106" machi="88" ten="30,8000,1" yaku="1,1,0,1,54,2,53,1" doraHai="65" doraHaiUra="93" who="1" fromWho="1" sc="419,-20,207,100,187,-20,167,-40" owari="399,49.9,307,10.7,167,-23.3,127,-37.3" /></mjloggm>