<mjloggm ver="2.3"><GO type="225" lobby="0"/><UN n0="%E9%80%9F%E6%B0%B4%E5%87%9B%E9%A6%99" n1="%33%74%72%65%65" n2="%E3%83%B4%E3%83%A0%EF%BC%99%E3%81%A6" n3="%E3%81%A1%E3%82%85%E3%81%86%E3%81%A9%E3%81%8F%E8%B1%A1%E3%81%95%E3%82%93" dan="16,17,17,17" rate="2136.45,2221.22,2194.33,2163.72" sx="F,F,M,M"/><TAIKYOKU oya="0"/><INIT seed="0,0,0,2,2,50" ten="250,250,250,250" oya="0" hai0="130,85,31,9,107,96,10,49,105,67,36,57,56" hai1="102,77,37,19,27,16,94,24,4,0,21,71,117" hai2="35,51,53,122,99,26,54,25,75,52,32,126,91" hai3="39,111,28,132,3,101,112,78,108,7,90,61,92"/><T89/><D36/><U48/><E37/><V62/><F122/><W127/><G39/><T69/><D130/><U116/><E71/><V58/><F75/><W79/><G61/><N who="0" m="38311" /><D69/><U41/><E77/><N who="3" m="29194" /><G28/><T60/><D49/><U8/><E102/><V115/><F115/><W1/><G7/><T110/><D107/><U73/><E73/><V82/><F126/><W83/><G112/><T93/><D105/><U81/><E81/><V55/><F51/><W74/><G1/><T30/><D110/><N who="3" m="42025" /><G3/><T33/><D33/><U46/><E94/><N who="2" m="56799" /><F32/><W80/><G127/><T76/><D30/><U135/><E135/><V17/><F35/><W22/><G22/><AGARI ba="0,0" hai="0,4,8,16,19,21,22,24,27,41,46,48,116,117" machi="22" ten="40,2600,0" yaku="9,1,54,1" doraHai="50" who="1" fromWho="3" sc="250,0,250,26,250,0,250,-26" /><INIT seed="1,0,0,5,2,31" ten="250,276,250,224" oya="1" hai0="132,45,30,8,28,44,101,102,49,77,11,94,42" hai1="113,36,24,43,120,97,135,22,1,103,96,115,125" hai2="75,65,52,98,116,68,37,39,111,26,14,79,18" hai3="121,117,114,129,124,69,106,50,27,66,3,34,73"/><U2/><E120/><V90/><F116/><W51/><RYUUKYOKU type="yao9" ba="0,0" sc="250,0,276,0,250,0,224,0" hai3="3,27,34,50,51,66,69,73,106,114,117,121,124,129" /><INIT seed="1,1,0,3,5,100" ten="250,276,250,224" oya="1" hai0="125,133,31,44,19,42,27,32,24,119,38,15,45" hai1="13,110,47,123,72,120,75,51,99,124,83,61,4" hai2="94,126,53,67,58,113,73,49,88,5,132,34,127" hai3="59,112,77,33,95,114,81,70,2,41,35,131,8"/><U55/><E124/><N who="2" m="47659" /><F34/><W84/><G70/><T20/><D125/><U90/><E110/><V115/><F73/><W14/><G131/><T6/><D119/><U102/><E61/><V135/><F5/><W54/><G2/><T74/><D74/><U87/><E72/><V89/><F67/><W134/><G41/><T63/><D133/><N who="2" m="51274" /><F89/><W11/><G134/><T52/><D6/><U1/><E1/><V105/><F105/><W108/><G108/><T121/><D121/><U21/><E75/><V71/><F71/><W80/><G8/><T23/><D44/><U106/><REACH who="1" step="1"/><E4/><REACH who="1" ten="250,266,250,224" step="2"/><V111/><F111/><W116/><G116/><T26/><D63/><U79/><E79/><V60/><F60/><W18/><G114/><T86/><D32/><U98/><E98/><AGARI ba="1,1" hai="49,53,58,88,94,98,113,115" m="51274,47659" machi="98" ten="30,3900,0" yaku="18,1,20,1,54,1" doraHai="100" who="2" fromWho="1" sc="250,0,266,-42,250,52,224,0" /><INIT seed="2,0,0,5,3,106" ten="250,224,302,224" oya="2" hai0="36,100,56,93,57,13,22,107,41,37,18,50,98" hai1="120,124,109,68,45,48,104,111,119,25,40,64,59" hai2="0,130,101,125,82,95,126,2,73,81,8,27,39" hai3="117,1,90,19,65,92,69,51,7,52,87,113,66"/><V14/><F39/><W77/><G117/><T86/><D57/><U28/><E119/><V96/><F130/><W84/><G113/><T9/><D9/><U4/><E104/><V94/><F94/><W30/><G30/><T6/><D6/><U134/><E4/><V44/><F44/><N who="3" m="27751" /><G69/><T89/><REACH who="0" step="1"/><D41/><REACH who="0" ten="240,224,302,224" step="2"/><U135/><E59/><V71/><F71/><W62/><G7/><T53/><AGARI ba="0,1" hai="13,18,22,36,37,50,53,56,86,89,93,98,100,107" machi="53" ten="30,8000,1" yaku="1,1,2,1,0,1,25,2,53,0" doraHai="106" doraHaiUra="20" who="0" fromWho="0" sc="240,90,224,-20,302,-40,224,-20" /><INIT seed="3,0,0,0,0,27" ten="330,204,262,204" oya="3" hai0="45,9,93,42,125,70,37,106,47,89,16,48,85" hai1="53,108,72,111,51,36,24,12,121,95,23,130,131" hai2="3,2,107,79,62,33,82,30,84,43,55,32,52" hai3="105,91,77,40,135,18,113,68,8,49,117,134,69"/><W99/><G113/><T25/><D70/><N who="3" m="27241" /><G117/><T129/><D106/><U5/><E121/><V124/><F107/><W67/><G77/><T92/><D129/><N who="1" m="49163" /><E36/><V127/><F32/><W15/><G67/><T10/><D125/><N who="2" m="48202" /><F43/><W60/><G60/><T63/><D63/><U59/><E72/><V71/><F71/><W29/><G105/><T128/><D128/><U7/><E95/><V97/><F97/><W116/><G116/><T57/><D57/><U50/><E50/><V20/><F33/><W17/><G29/><T110/><D45/><U96/><E96/><V13/><F13/><W21/><G49/><T109/><D48/><U75/><E75/><V104/><F104/><W83/><G40/><T118/><D118/><U122/><E122/><V115/><F115/><W46/><G46/><T123/><D123/><U54/><E12/><V4/><F62/><W44/><G44/><T19/><D47/><N who="1" m="27903" /><E5/><V87/><F4/><W41/><G41/><T98/><D42/><U28/><E7/><V90/><F2/><W66/><G66/><T120/><D37/><U102/><E102/><V76/><F3/><W74/><G99/><T103/><D120/><U132/><E132/><N who="3" m="50730" /><G74/><T26/><D98/><U56/><E54/><N who="2" m="20523" /><F84/><N who="3" m="50591" /><G8/><T64/><D64/><U126/><E126/><V114/><F114/><W34/><G34/><T73/><D73/><U80/><E80/><V78/><F78/><W14/><G21/><T0/><D103/><U86/><E86/><V38/><F38/><W58/><G58/><AGARI ba="0,0" hai="23,24,28,56,58,59,108,111" m="27903,49163" machi="58" ten="30,2000,0" yaku="19,1,52,1" doraHai="27" who="1" fromWho="3" sc="330,0,204,20,262,0,204,-20" owari="330,43.0,224,-17.6,262,6.2,184,-31.6" /></mjloggm>