<mjloggm ver="2.3"><GO type="225" lobby="0"/><UN n0="%E6%A1%9C%E8%8A%B1%E9%96%83%E3%80%85" n1="%E7%89%B9%E6%9D%B1%E3%81%AF%E4%B8%96%E7%95%8C%E3%82%92%E6%95%91%E3%81%86" n2="%E3%81%99%E3%81%84%E3%81%BE%E3%81%9B%E3%83%BC%E3%82%93" n3="%E3%83%81%E3%83%AF%E3%83%AF%E9%9A%8A%E9%95%B7" dan="17,16,18,16" rate="2191.14,2115.60,2224.40,2107.97" sx="M,M,M,M"/><TAIKYOKU oya="0"/><INIT seed="0,0,0,5,5,112" ten="250,250,250,250" oya="0" hai0="131,55,130,4,76,93,115,90,54,95,126,116,66" hai1="32,25,87,132,42,127,135,49,38,27,101,30,21" hai2="36,16,103,84,120,22,39,20,57,110,13,97,56" hai3="122,61,59,2,119,47,78,41,3,24,10,133,46"/><T128/><D115/><U9/><E38/><V44/><F120/><W11/><G122/><T48/><D126/><U6/><E101/><V86/><F110/><W105/><G105/><T73/><D66/><U85/><E42/><V113/><F113/><W5/><G133/><N who="1" m="51274" /><E49/><V58/><F22/><W53/><G78/><T50/><D4/><U123/><E123/><V111/><F111/><W104/><G104/><T52/><D116/><U75/><E75/><V114/><F114/><W62/><G119/><T134/><D134/><U35/><E127/><V107/><REACH who="2" step="1"/><F39/><REACH who="2" ten="250,250,240,250" step="2"/><W79/><G10/><T83/><REACH who="0" step="1"/><D95/><REACH who="0" ten="240,250,240,250" step="2"/><U26/><E35/><V129/><F129/><W70/><G2/><T14/><D14/><N who="1" m="5431" /><E27/><V117/><F117/><W29/><G24/><T23/><D23/><U1/><E1/><V7/><F7/><W124/><G5/><T89/><D89/><U108/><E108/><V40/><AGARI ba="0,2" hai="13,16,20,36,40,44,56,57,58,84,86,97,103,107" machi="40" ten="30,4000,0" yaku="1,1,0,1,54,1,53,0" doraHai="112" doraHaiUra="77" who="2" fromWho="2" sc="240,-20,250,-10,240,60,250,-10" /><INIT seed="1,0,0,4,0,68" ten="220,240,300,240" oya="1" hai0="61,77,51,2,42,37,59,45,52,39,60,121,16" hai1="118,72,65,26,58,94,122,13,48,4,127,71,73" hai2="23,112,110,3,102,80,0,119,62,44,55,29,31" hai3="10,114,28,15,88,90,8,83,96,86,67,17,36"/><U92/><E118/><V27/><F119/><W113/><G28/><T125/><D2/><U18/><E122/><V82/><F110/><W108/><G108/><T54/><D121/><U70/><E4/><V98/><F112/><W101/><G67/><T64/><D77/><U11/><E127/><V100/><F31/><W5/><G90/><T49/><D16/><U116/><E116/><V124/><F102/><W40/><G40/><T135/><D135/><U104/><E104/><V76/><F124/><W38/><G114/><T120/><D120/><U75/><E26/><V63/><F82/><W89/><G89/><T12/><D12/><U1/><E1/><V99/><F99/><W78/><G78/><T7/><D7/><U66/><E48/><V97/><F97/><W134/><G134/><T79/><D79/><U6/><E6/><V132/><F132/><W47/><G47/><N who="0" m="28031" /><D125/><U91/><E92/><N who="2" m="58439" /><F0/><W32/><G32/><T50/><D61/><U43/><E73/><V85/><F3/><W56/><G113/><T123/><D123/><U111/><E75/><V41/><F63/><W128/><G128/><T35/><D35/><U9/><E72/><V130/><F62/><W129/><G129/><T87/><D87/><U74/><E111/><V19/><F130/><W81/><G81/><T53/><D53/><U109/><E109/><V93/><F55/><W14/><G56/><AGARI ba="0,0" hai="37,39,42,45,49,50,52,56,59,60,64" m="28031" machi="56" ten="30,16000,3" yaku="35,5,52,2,54,1" doraHai="68" who="0" fromWho="3" sc="220,160,240,0,300,0,240,-160" /><INIT seed="2,0,0,3,0,83" ten="380,240,300,80" oya="2" hai0="102,13,114,41,30,61,12,98,15,77,8,39,0" hai1="19,24,79,123,105,119,115,5,3,29,76,103,92" hai2="127,122,7,26,2,108,44,48,58,109,93,90,64" hai3="68,18,49,28,99,36,55,121,14,134,124,53,47"/><V23/><F122/><W118/><G121/><T59/><D114/><U132/><E115/><V10/><F127/><W128/><G118/><T25/><D77/><U65/><E123/><V112/><F112/><W31/><G68/><T22/><D39/><U35/><E119/><V96/><F64/><W88/><G124/><T50/><D0/><U107/><E132/><V82/><F58/><W27/><G134/><T40/><D8/><U125/><E125/><V97/><F82/><W4/><G128/><T80/><D80/><U100/><E65/><V104/><F97/><W131/><G131/><T56/><D50/><U120/><E19/><V51/><F104/><W21/><G36/><T94/><D59/><U70/><E70/><V86/><F96/><W135/><G135/><T63/><D63/><U37/><E100/><V1/><F1/><W54/><G4/><T20/><D20/><U91/><E103/><V84/><F84/><W106/><G106/><T60/><D61/><U67/><E5/><V117/><F117/><W11/><REACH who="3" step="1"/><G28/><REACH who="3" ten="380,240,300,70" step="2"/><T101/><D101/><U72/><E29/><N who="2" m="17631" /><F44/><W74/><G74/><T71/><D71/><U57/><E107/><V95/><F95/><AGARI ba="0,1" hai="11,14,18,21,27,31,47,49,53,54,55,88,95,99" machi="95" ten="40,5200,0" yaku="1,1,8,1,54,1,53,0" doraHai="83" doraHaiUra="113" who="3" fromWho="2" sc="380,0,240,0,300,-52,70,62" /><INIT seed="3,0,0,3,0,62" ten="380,240,248,132" oya="3" hai0="96,43,20,113,108,50,90,94,4,39,49,114,107" hai1="32,10,75,33,78,101,45,133,6,23,81,102,82" hai2="71,51,42,29,5,15,19,34,117,36,53,27,103" hai3="7,59,21,132,55,134,35,57,89,28,129,60,54"/><W14/><G35/><T118/><D118/><U120/><E120/><V84/><F71/><W104/><G104/><T3/><D108/><U72/><E133/><N who="3" m="51306" /><G129/><T37/><D20/><U83/><E23/><V74/><F74/><W130/><G130/><T135/><D135/><U65/><E65/><V122/><F117/><W100/><G100/><N who="0" m="62855" /><D4/><U69/><E69/><V111/><F111/><W79/><G79/><T77/><D3/><N who="1" m="351" /><E82/><V0/><F122/><W88/><G7/><T80/><D43/><U121/><E83/><V41/><F103/><N who="1" m="39433" /><E75/><V58/><F36/><N who="0" m="13898" /><D90/><U110/><E110/><V115/><F115/><N who="0" m="44042" /><D94/><U68/><E121/><V95/><F5/><W109/><G109/><T56/><D56/><U86/><E68/><V112/><F112/><W63/><G28/><T16/><D16/><AGARI ba="0,0" hai="14,16,21,54,55,57,59,60,63,88,89" m="51306" machi="16" ten="30,5800,0" yaku="20,1,54,2" doraHai="62" who="3" fromWho="0" sc="380,-58,240,0,248,0,132,58" /><INIT seed="3,1,0,3,0,39" ten="322,240,248,190" oya="3" hai0="65,109,75,81,74,34,29,59,128,84,132,86,26" hai1="62,36,104,31,41,33,73,15,21,19,129,0,102" hai2="77,46,50,12,91,101,111,95,7,44,61,110,28" hai3="117,24,114,98,135,70,82,35,5,107,63,38,64"/><W22/><G114/><T99/><D109/><N who="2" m="41482" /><F101/><N who="3" m="62903" /><G117/><T97/><D128/><U18/><E73/><V105/><F105/><W83/><G135/><T40/><D40/><U60/><E129/><V37/><F37/><W69/><G69/><T14/><D86/><U47/><E0/><V66/><F77/><W90/><G5/><T8/><D132/><U133/><E133/><V123/><F123/><W43/><G22/><N who="0" m="15575" /><D75/><U134/><E134/><V124/><F124/><W48/><G38/><T25/><D25/><U55/><E55/><V16/><F7/><W4/><G4/><N who="0" m="3335" /><D34/><U119/><E119/><V87/><F50/><W30/><G90/><N who="0" m="51471" /><D74/><U20/><E31/><V45/><F28/><W122/><G122/><T53/><D65/><U68/><E33/><V78/><F78/><W89/><G89/><T1/><D1/><U49/><E68/><N who="2" m="42063" /><F45/><AGARI ba="1,0" hai="24,30,35,43,45,48,63,64,70,82,83" m="62903" machi="45" ten="30,2900,0" yaku="25,1,52,1" doraHai="39" who="3" fromWho="2" sc="322,0,240,0,248,-32,190,32" /><INIT seed="3,2,0,3,1,15" ten="322,240,216,222" oya="3" hai0="86,129,118,109,69,66,82,130,50,94,115,26,32" hai1="111,134,90,104,74,55,100,3,96,35,112,84,73" hai2="40,132,41,117,38,120,54,125,85,18,16,88,102" hai3="0,43,23,89,128,64,5,121,12,24,39,62,67"/><W116/><G116/><T19/><D118/><U110/><E3/><V28/><F117/><W79/><G121/><T29/><D109/><N who="1" m="41483" /><E112/><V126/><F120/><W52/><G0/><T7/><D7/><U14/><E35/><V95/><F132/><W98/><G128/><N who="0" m="49259" /><D115/><U49/><E14/><V63/><F28/><W58/><G79/><T87/><D19/><N who="2" m="7210" /><F38/><W25/><G43/><N who="2" m="16457" /><F102/><W105/><G39/><T46/><D94/><N who="1" m="54599" /><E134/><V72/><F72/><W101/><G105/><T113/><D113/><U27/><E27/><N who="3" m="10314" /><G101/><T2/><D2/><U1/><E1/><V127/><F54/><W65/><G23/><T76/><D69/><U92/><E104/><V83/><F63/><W36/><G36/><T37/><D37/><U107/><E107/><V8/><F8/><N who="3" m="4111" /><G64/><T108/><D66/><U17/><E17/><V45/><F45/><AGARI ba="2,0" hai="45,49,55,73,74,92,96,100" m="54599,41483" machi="45" ten="30,1000,0" yaku="14,1" doraHai="15" who="1" fromWho="2" sc="322,0,240,16,216,-16,222,0" owari="322,42.2,256,5.6,200,-30.0,222,-17.8" /></mjloggm>