<mjloggm ver="2.3"><GO type="225" lobby="0"/><UN n0="%E3%81%9F%E3%81%93%E2%98%86%E7%84%BC%E3%81%8D" n1="%E4%B8%8B%E6%AE%B5%E3%83%81%E3%82%A7%E3%83%AA%E3%83%BC" n2="%41%54%53%4D" n3="%6D%75%75%6D%75%72%61" dan="16,16,16,16" rate="2090.41,2145.90,2118.22,2187.42" sx="M,M,M,M"/><TAIKYOKU oya="0"/><INIT seed="0,0,0,0,1,10" ten="250,250,250,250" oya="0" hai0="24,95,125,90,6,19,127,35,91,50,29,92,103" hai1="43,133,69,55,113,47,36,99,49,40,86,5,68" hai2="109,110,108,65,60,38,56,134,54,126,97,17,41" hai3="85,88,94,26,1,66,16,132,4,18,34,32,76"/><T89/><D6/><U44/><E113/><V122/><F122/><W70/><G132/><T78/><D78/><U93/><E133/><V75/><F134/><W84/><G1/><T59/><D103/><U62/><E5/><V120/><F120/><W53/><G4/><T0/><D0/><U14/><E86/><V96/><F75/><W82/><G53/><N who="0" m="32183" /><D19/><U121/><E121/><V81/><F126/><AGARI ba="0,0" hai="24,29,35,89,90,91,92,95,125,126,127" m="32183" machi="126" ten="30,1500,0" yaku="18,1" doraHai="10" who="0" fromWho="2" sc="250,15,250,0,250,-15,250,0" /><INIT seed="0,1,0,5,1,22" ten="265,250,235,250" oya="0" hai0="123,134,33,92,121,52,50,90,9,47,68,59,88" hai1="102,80,35,104,122,133,70,105,3,108,91,63,60" hai2="99,1,118,41,112,71,10,24,67,115,61,55,51" hai3="126,16,111,79,54,87,29,93,98,132,124,39,5"/><T78/><D134/><U74/><E122/><V20/><F118/><W72/><G132/><T81/><D33/><U114/><E133/><V64/><F64/><W27/><G111/><T100/><D68/><U25/><E108/><V11/><F41/><W17/><G39/><T8/><D100/><U30/><E114/><V12/><F99/><W84/><G5/><T85/><D123/><U113/><E113/><V117/><F1/><W2/><G2/><T43/><D121/><U45/><E3/><V130/><F130/><W77/><G54/><T135/><D135/><U95/><E102/><V58/><F117/><W75/><G84/><T125/><D125/><N who="3" m="48233" /><G87/><T76/><D76/><N who="3" m="29257" /><G98/><N who="0" m="57607" /><D78/><U19/><E80/><V82/><F82/><W18/><G93/><T53/><D53/><U40/><E74/><V42/><F42/><W46/><G46/><T106/><D106/><U13/><E104/><V57/><F10/><W0/><G0/><T107/><D107/><U97/><E105/><V49/><F49/><AGARI ba="1,0" hai="8,9,43,47,49,50,52,59,81,85,90" m="57607" machi="49" ten="30,5800,0" yaku="8,1,54,2" doraHai="22" who="0" fromWho="2" sc="265,61,250,0,235,-61,250,0" /><INIT seed="0,2,0,3,0,106" ten="326,250,174,250" oya="0" hai0="52,109,5,39,61,115,10,37,81,83,0,19,119" hai1="79,98,64,116,87,36,30,77,16,45,123,135,34" hai2="26,6,73,92,41,20,84,9,2,40,90,1,76" hai3="43,46,88,4,130,25,22,56,86,120,67,18,125"/><T128/><D115/><U126/><E116/><V110/><F110/><W117/><G117/><T91/><D119/><U95/><E123/><V104/><F104/><W97/><G125/><T49/><D128/><U68/><E126/><V118/><F118/><W59/><G130/><T23/><D61/><U129/><E129/><V42/><F2/><W112/><G112/><T78/><D109/><U3/><E3/><V80/><REACH who="2" step="1"/><F42/><REACH who="2" ten="326,250,164,250" step="2"/><W29/><G43/><T134/><D134/><U114/><E135/><V82/><F82/><W113/><G113/><T8/><D81/><U111/><E111/><V12/><F12/><W11/><G120/><T72/><D91/><U31/><E114/><V94/><F94/><W70/><G88/><T132/><D132/><U107/><E95/><V122/><F122/><W96/><G96/><T124/><D124/><U28/><E107/><V71/><F71/><W15/><G97/><T33/><D33/><U101/><E98/><V14/><F14/><W13/><G13/><T105/><D105/><U53/><E68/><V103/><F103/><W133/><G133/><T48/><D10/><U17/><E101/><V21/><F21/><W44/><G70/><T121/><D121/><U57/><E34/><V89/><F89/><W127/><G127/><T99/><D99/><U55/><E79/><V100/><F100/><W65/><G11/><T85/><D23/><U102/><E77/><V27/><F27/><W66/><G25/><T93/><D93/><U74/><E102/><V35/><F35/><W131/><G131/><T63/><D0/><U38/><E87/><RYUUKYOKU ba="2,1" sc="326,-10,250,-10,164,30,250,-10" hai2="1,6,9,20,26,40,41,73,76,80,84,90,92" /><INIT seed="1,3,1,5,2,103" ten="316,240,194,240" oya="1" hai0="54,52,87,19,71,78,94,88,22,59,29,13,120" hai1="57,8,73,56,115,111,93,62,47,16,45,117,53" hai2="21,79,34,15,0,101,130,97,121,100,12,133,92" hai3="41,114,77,24,80,90,27,113,119,134,127,105,64"/><U86/><E117/><V20/><F34/><W44/><G119/><T50/><D71/><U128/><E73/><V66/><F0/><W95/><G134/><T83/><D120/><U126/><E115/><V30/><F121/><W36/><G127/><T48/><D29/><U5/><E126/><V108/><F133/><W116/><G116/><T25/><D25/><U98/><E128/><V96/><F130/><W125/><G125/><T42/><D42/><U82/><E111/><V43/><F108/><W89/><G64/><T46/><REACH who="0" step="1"/><D78/><REACH who="0" ten="306,240,194,240" step="2"/><U76/><E57/><V123/><F123/><W129/><G77/><T99/><D99/><U81/><E81/><AGARI ba="3,2" hai="13,19,22,46,48,50,52,54,59,81,83,87,88,94" machi="81" ten="40,12000,2" yaku="1,1,25,2,8,1,54,2,53,1" doraHai="103" doraHaiUra="9" who="0" fromWho="1" sc="306,149,240,-129,194,0,240,0" /><INIT seed="2,0,0,2,0,112" ten="455,111,194,240" oya="2" hai0="77,114,12,101,76,55,91,131,39,70,100,121,30" hai1="86,62,92,110,113,43,6,95,64,69,42,127,28" hai2="124,93,34,134,66,74,10,79,46,3,29,96,126" hai3="17,11,109,117,35,87,4,51,73,7,80,38,61"/><V25/><F134/><W31/><G38/><T102/><D39/><U83/><E113/><V44/><F66/><W5/><G117/><T58/><D70/><U19/><E127/><N who="2" m="48683" /><F79/><W16/><G73/><T8/><D121/><U107/><E107/><V106/><F106/><W60/><G109/><T105/><D30/><U97/><E110/><V23/><F74/><W118/><G118/><T33/><D131/><U18/><E6/><N who="3" m="2666" /><G35/><T26/><D26/><U68/><E28/><V78/><F78/><N who="3" m="46487" /><G31/><T116/><D33/><U63/><E86/><V49/><F34/><W24/><G51/><T104/><D116/><U14/><E14/><V108/><F108/><W122/><G122/><T128/><D12/><U22/><E22/><V99/><F49/><W130/><G130/><T54/><D128/><U129/><E129/><V20/><F20/><N who="3" m="13319" /><G17/><T98/><D8/><U9/><E64/><V125/><F125/><W94/><G94/><T50/><D114/><U59/><E83/><V135/><F3/><W27/><G27/><T115/><D115/><U21/><E21/><V53/><F10/><W1/><G1/><T133/><D105/><U119/><E9/><V75/><F75/><W47/><G47/><N who="2" m="17961" /><F135/><W82/><G82/><T15/><D133/><U65/><E65/><V41/><F93/><W111/><G111/><T123/><D104/><U40/><E119/><V57/><F41/><W85/><G11/><T71/><D76/><U132/><E42/><V84/><F84/><W81/><G7/><T67/><D77/><AGARI ba="0,0" hai="60,61,77,81,85" m="13319,46487,2666" machi="77" ten="30,2000,0" yaku="8,1,54,1" doraHai="112" who="3" fromWho="0" sc="455,-20,111,0,194,0,240,20" /><INIT seed="3,0,0,5,4,111" ten="435,111,194,260" oya="3" hai0="32,79,84,121,81,51,72,47,134,130,94,101,11" hai1="107,22,122,76,63,106,17,67,108,44,3,56,31" hai2="118,73,83,28,60,46,62,59,23,4,26,49,78" hai3="13,55,29,70,90,0,128,119,98,40,21,126,87"/><W100/><G119/><T45/><D32/><U120/><E108/><V34/><F118/><W133/><G0/><T35/><D35/><U48/><E3/><V52/><F4/><W61/><G70/><T80/><D130/><U69/><E106/><V93/><F34/><W88/><G128/><T113/><D134/><U71/><E107/><V132/><F132/><W125/><G133/><T97/><D121/><U16/><E31/><V24/><F24/><W9/><G40/><T91/><D113/><U74/><E122/><V41/><REACH who="2" step="1"/><F93/><REACH who="2" ten="435,111,184,260" step="2"/><W58/><G125/><T10/><D47/><U64/><E120/><V116/><F116/><W8/><G126/><T1/><D1/><U33/><E33/><V135/><F135/><W30/><G13/><T123/><D123/><U2/><E2/><V42/><F42/><AGARI ba="0,1" hai="10,11,42,45,51,72,79,80,81,84,91,94,97,101" machi="42" ten="30,1000,0" yaku="7,1" doraHai="111" who="0" fromWho="2" sc="435,20,111,0,184,-10,260,0" owari="455,55.5,111,-38.9,174,-22.6,260,6.0" /></mjloggm>