<mjloggm ver="2.3"><GO type="225" lobby="0"/><UN n0="%E6%B0%B7%E5%B7%9D%E9%87%8C%E5%A5%88" n1="%E6%B4%BE%E9%81%A3%E3%81%AE%E3%82%B8%E3%83%A3%E3%83%83%E3%82%AF" n2="%E3%81%BF%E3%81%BF%E3%81%9A" n3="%E7%99%BD%E6%97%A5%E9%9B%AA%E8%8F%9C" dan="16,17,16,16" rate="2133.58,2174.57,2126.73,2146.95" sx="F,M,M,M"/><TAIKYOKU oya="0"/><INIT seed="0,0,0,5,1,21" ten="250,250,250,250" oya="0" hai0="56,15,88,62,58,94,85,35,121,109,41,82,68" hai1="38,76,70,10,50,74,23,47,46,89,124,9,22" hai2="91,17,45,19,60,25,126,98,43,42,114,78,111" hai3="16,80,106,44,116,125,0,128,67,132,26,1,20"/><T129/><D121/><U71/><E38/><V7/><F114/><W123/><G123/><T55/><D129/><U28/><E74/><V119/><F78/><W66/><G116/><T51/><D109/><U31/><E76/><V59/><F7/><W33/><G106/><T52/><D68/><U104/><E104/><V64/><F111/><W72/><G128/><T110/><D110/><U75/><E75/><V27/><F119/><W112/><G112/><T105/><D105/><U12/><E12/><V73/><F73/><W92/><G132/><T113/><D113/><U77/><E77/><V4/><F4/><W8/><G125/><T134/><D134/><U101/><E50/><N who="2" m="26935" /><F43/><W6/><G0/><T37/><D35/><U84/><E84/><V40/><F40/><W117/><G117/><T97/><D37/><U34/><E101/><V32/><F32/><W135/><G135/><T11/><D41/><U95/><E34/><V3/><F3/><W115/><G115/><T122/><D122/><U81/><E81/><V103/><F103/><W130/><G130/><T118/><D118/><U100/><E100/><V14/><F126/><W133/><G1/><T54/><D54/><U79/><E79/><V69/><F69/><W30/><G33/><T120/><D120/><U36/><E124/><V96/><F17/><W93/><G72/><T18/><D97/><N who="2" m="37482" /><F91/><W29/><G133/><T49/><D62/><U57/><E36/><V108/><F108/><W83/><G6/><T90/><D90/><U86/><E89/><V65/><F64/><W63/><G67/><T13/><D13/><RYUUKYOKU ba="0,0" sc="250,15,250,-15,250,15,250,-15" hai0="11,15,18,49,51,52,55,56,58,82,85,88,94" hai2="14,19,25,27,59,60,65" /><INIT seed="0,1,0,2,3,18" ten="265,235,265,235" oya="0" hai0="12,17,24,64,85,6,48,104,93,119,130,52,108" hai1="27,42,1,21,28,77,82,118,74,97,86,111,3" hai2="13,5,110,114,59,46,35,78,90,84,37,75,10" hai3="19,43,56,25,20,71,129,23,55,54,99,69,126"/><T117/><D104/><U62/><E118/><V128/><F114/><W94/><G126/><T92/><D130/><U89/><E111/><V30/><F110/><W96/><G129/><T81/><D108/><U103/><E42/><V36/><F128/><W112/><G112/><T57/><D64/><U95/><REACH who="1" step="1"/><E62/><REACH who="1" ten="265,225,265,235" step="2"/><V100/><F36/><W38/><G43/><T116/><D6/><U49/><E49/><V0/><F37/><W66/><G38/><T58/><D58/><U127/><E127/><V105/><F59/><W53/><G71/><T41/><D41/><U26/><E26/><V133/><F46/><W7/><G69/><T123/><D123/><U76/><E76/><V70/><F78/><W29/><G56/><T120/><D120/><U68/><E68/><V51/><F51/><W32/><G66/><T109/><D24/><U132/><E132/><V113/><F133/><W98/><G7/><T134/><D134/><U16/><E16/><V72/><F70/><W31/><G31/><T50/><D50/><U2/><E2/><V8/><F113/><W45/><G45/><T11/><REACH who="0" step="1"/><D109/><REACH who="0" ten="255,225,265,235" step="2"/><U67/><E67/><V80/><F5/><W14/><REACH who="3" step="1"/><G32/><REACH who="3" ten="255,225,265,225" step="2"/><T135/><D135/><U79/><E79/><AGARI ba="1,3" hai="11,12,17,48,52,57,79,81,85,92,93,116,117,119" machi="79" ten="40,3900,0" yaku="1,1,54,1,53,0" doraHai="18" doraHaiUra="63" who="0" fromWho="1" sc="255,72,225,-42,265,0,225,0" /><INIT seed="0,2,0,0,4,85" ten="327,183,265,225" oya="0" hai0="103,53,114,24,41,63,128,0,84,119,43,80,97" hai1="110,36,117,48,33,131,98,86,38,70,4,45,75" hai2="67,42,125,69,10,44,40,105,113,132,124,25,52" hai3="126,49,1,21,31,81,68,56,133,123,106,23,111"/><T3/><D114/><U92/><E117/><V39/><F105/><W120/><G68/><T17/><D119/><U11/><E75/><V102/><F102/><W109/><G106/><T9/><D128/><U26/><E70/><V50/><F113/><W88/><G1/><T16/><D0/><U121/><E121/><N who="3" m="46666" /><G133/><T22/><D3/><U64/><E64/><V62/><F10/><W61/><G49/><T54/><D9/><U57/><E110/><N who="3" m="41994" /><G31/><T100/><D17/><U108/><E108/><V20/><F132/><W134/><G126/><N who="2" m="48745" /><F39/><W94/><G81/><T28/><D28/><AGARI ba="2,0" hai="20,25,28,40,42,44,50,52,62,67,69" m="48745" machi="28" ten="30,2000,0" yaku="18,1,54,1" doraHai="85" who="2" fromWho="0" sc="327,-26,183,0,265,26,225,0" /><INIT seed="1,0,0,4,2,17" ten="301,183,291,225" oya="1" hai0="11,12,28,129,30,8,110,70,78,109,58,42,84" hai1="128,124,107,126,64,123,94,73,114,132,54,52,111" hai2="76,127,47,33,16,23,36,112,135,14,122,134,13" hai3="40,25,93,6,81,57,9,66,61,55,43,53,68"/><U41/><E107/><V91/><F122/><W60/><G81/><T32/><D70/><U108/><E73/><V65/><F127/><N who="1" m="48681" /><E123/><V59/><F112/><W99/><G55/><N who="1" m="21034" /><E114/><V131/><F131/><W118/><G118/><T62/><D129/><U113/><E113/><V63/><F33/><W69/><G69/><T115/><D42/><U72/><E72/><V133/><F76/><W90/><REACH who="3" step="1"/><G25/><REACH who="3" ten="301,183,291,215" step="2"/><T75/><D115/><U120/><E120/><V45/><F36/><W105/><G105/><T80/><D80/><U103/><E128/><V86/><F13/><AGARI ba="0,1" hai="6,9,13,40,43,53,57,60,61,66,68,90,93,99" machi="13" ten="30,2000,0" yaku="1,1,7,1,53,0" doraHai="17" doraHaiUra="22" who="3" fromWho="2" sc="301,0,183,0,291,-20,215,30" /><INIT seed="2,0,0,2,4,13" ten="301,183,271,245" oya="2" hai0="8,80,42,63,46,72,21,91,70,92,33,56,111" hai1="66,20,71,43,121,77,51,78,12,96,23,30,105" hai2="81,102,14,90,49,83,5,37,116,18,47,59,65" hai3="28,112,0,115,61,2,74,126,129,124,22,100,58"/><V98/><F116/><W41/><G74/><T133/><D33/><U84/><E121/><V103/><F5/><W119/><G119/><T4/><D70/><U110/><E110/><V120/><F37/><W48/><G129/><T39/><D111/><U88/><E71/><V31/><F31/><W29/><G100/><N who="2" m="38441" /><F120/><W131/><G131/><T36/><D133/><U79/><E105/><V69/><F69/><W68/><G68/><T134/><D134/><U35/><E96/><V57/><F98/><W6/><G41/><T118/><D118/><U24/><E66/><V16/><F90/><W114/><G48/><T7/><D36/><U95/><REACH who="1" step="1"/><E12/><REACH who="1" ten="301,173,271,245" step="2"/><V9/><F65/><N who="3" m="39095" /><G0/><T113/><D113/><U1/><E1/><V60/><F60/><W52/><G2/><T76/><D63/><U62/><E62/><V34/><F34/><W55/><G115/><T3/><D3/><U108/><E108/><V127/><F127/><W64/><G126/><T50/><D39/><U85/><E85/><V67/><F67/><W94/><G64/><T25/><D72/><U125/><E125/><V135/><F135/><W75/><G124/><T106/><D106/><U89/><E89/><V19/><F14/><W38/><G114/><T97/><D91/><U132/><E132/><V82/><F9/><W101/><G112/><T123/><D123/><U45/><AGARI ba="0,1" hai="20,23,24,30,35,43,45,51,77,78,79,84,88,95" machi="45" ten="30,7900,0" yaku="1,1,0,1,54,1,53,1" doraHai="13" doraHaiUra="44" who="1" fromWho="1" sc="301,-20,173,89,271,-39,245,-20" /><INIT seed="3,0,0,1,1,102" ten="281,262,232,225" oya="3" hai0="61,14,51,112,86,117,106,129,60,94,100,82,15" hai1="50,130,111,73,119,5,74,91,59,36,57,116,81" hai2="101,26,43,92,56,45,18,41,44,66,6,118,10" hai3="42,96,107,21,13,77,34,24,54,124,95,4,0"/><W46/><G107/><T27/><D117/><U89/><E36/><V38/><F118/><N who="1" m="45097" /><E111/><V65/><F26/><W33/><G124/><T40/><D106/><U93/><E5/><V48/><F18/><W80/><G0/><T128/><D112/><U71/><E71/><V23/><F23/><W98/><G54/><T35/><D35/><U83/><E130/><N who="0" m="50281" /><D27/><U113/><E113/><V108/><F108/><W110/><G110/><T133/><D133/><U99/><E50/><V76/><F56/><N who="1" m="21577" /><E89/><V90/><F76/><W69/><G69/><T28/><D28/><U87/><E83/><V53/><F53/><W49/><G34/><T121/><D121/><U72/><E81/><V7/><F101/><W134/><G33/><T79/><D51/><U70/><E70/><V55/><F55/><W19/><G134/><T84/><D40/><U85/><AGARI ba="0,0" hai="72,73,74,85,87,91,93,99" m="21577,45097" machi="85" ten="40,1500,0" yaku="12,1" doraHai="102" who="1" fromWho="1" sc="281,-4,262,15,232,-4,225,-7" /><INIT seed="4,0,0,5,0,63" ten="277,277,228,218" oya="0" hai0="117,42,76,37,30,50,87,48,41,57,82,27,77" hai1="33,25,103,13,113,18,106,29,8,59,43,66,17" hai2="61,114,70,92,47,38,93,40,34,1,128,102,36" hai3="7,54,3,74,64,26,79,12,16,53,67,62,35"/><T52/><D117/><U84/><E43/><N who="0" m="16393" /><D37/><U107/><E113/><V129/><F1/><W124/><G124/><T80/><D27/><U20/><E84/><V51/><F34/><W122/><G122/><T58/><D30/><U32/><E32/><V28/><F28/><N who="3" m="19863" /><G79/><N who="0" m="46495" /><D82/><U69/><E59/><N who="0" m="22537" /><D48/><U132/><E132/><V72/><F72/><W10/><G74/><T133/><D133/><U115/><E115/><V135/><F114/><W86/><G86/><T78/><D78/><U121/><E121/><V21/><F135/><W49/><G62/><T9/><D9/><U97/><E106/><V127/><F127/><W104/><G104/><T39/><D39/><U118/><E118/><V11/><F11/><W44/><G53/><T31/><D31/><U24/><E69/><V60/><F38/><W71/><G71/><T120/><D120/><U112/><E112/><V95/><F36/><W15/><G15/><T2/><D2/><U5/><E5/><V134/><F134/><W68/><G68/><T110/><D110/><U88/><E107/><V96/><F61/><W131/><G131/><N who="2" m="50249" /><F21/><AGARI ba="0,0" hai="3,7,10,12,16,21,44,49,54,64,67" m="19863" machi="21" ten="30,7700,0" yaku="24,1,52,2,54,1" doraHai="63" who="3" fromWho="2" sc="277,0,277,0,228,-77,218,77" /><INIT seed="5,0,0,2,3,57" ten="277,277,151,295" oya="1" hai0="46,89,76,132,1,79,120,108,134,73,41,121,95" hai1="117,55,124,12,5,83,74,59,7,69,101,114,125" hai2="37,128,8,21,30,36,130,131,25,64,65,129,49" hai3="135,75,32,54,22,81,119,110,90,33,84,15,115"/><U127/><E114/><V45/><N who="2" m="32768" /><DORA hai="63" /><V50/><F8/><W27/><G110/><T85/><D1/><U68/><E117/><V92/><F92/><W2/><G115/><T104/><D46/><U80/><E101/><V52/><REACH who="2" step="1"/><F50/><REACH who="2" ten="277,277,141,295" step="2"/><W123/><G119/><T112/><D104/><U13/><E80/><V14/><F14/><N who="1" m="5737" /><E5/><V17/><F17/><W107/><G15/><T16/><D112/><U109/><E7/><V11/><F11/><W66/><G81/><N who="0" m="45199" /><D16/><U4/><E4/><V51/><F51/><W94/><G2/><T102/><D108/><U48/><E109/><V67/><AGARI ba="0,1" hai="21,25,30,36,37,45,49,52,64,65,67" m="32768" machi="67" ten="60,16000,3" yaku="1,1,0,1,19,1,52,3,54,1,53,1" doraHai="57,63" doraHaiUra="23,133" who="2" fromWho="2" sc="277,-40,277,-80,141,170,295,-40" owari="237,-16.3,197,-30.3,311,41.1,255,5.5" /></mjloggm>