<mjloggm ver="2.3"><GO type="225" lobby="0"/><UN n0="%E3%81%B5%E3%81%98%E3%81%8B%E3%81%A4" n1="%E3%81%BF%E3%81%BF%E3%81%9A" n2="%72%69%6F%75%63%68%61%6E" n3="%E4%BF%BA%E3%81%A8%E5%A6%96%E5%A4%A2" dan="16,18,16,17" rate="2158.77,2222.73,2251.35,2176.60" sx="M,M,M,F"/><TAIKYOKU oya="0"/><INIT seed="0,0,0,5,1,135" ten="250,250,250,250" oya="0" hai0="105,72,82,115,134,53,43,57,61,40,25,131,96" hai1="48,111,121,8,97,127,94,45,103,91,75,18,98" hai2="126,24,67,34,21,62,23,54,1,38,128,4,29" hai3="129,51,3,80,35,84,132,22,133,101,102,49,7"/><T36/><D115/><U5/><E121/><V130/><F126/><W31/><G35/><T68/><D134/><N who="3" m="51817" /><G129/><N who="2" m="49769" /><F38/><W14/><G3/><T113/><D131/><U107/><E111/><V12/><F54/><W109/><G109/><T9/><D113/><U120/><E120/><V37/><F37/><W52/><G49/><T69/><D105/><U19/><E127/><V79/><F79/><N who="3" m="46111" /><G31/><T124/><D96/><U64/><E64/><V112/><F112/><W89/><G89/><T110/><D110/><U63/><E63/><V16/><F67/><W33/><G33/><T60/><D124/><U13/><REACH who="1" step="1"/><E75/><REACH who="1" ten="250,240,250,250" step="2"/><V56/><F62/><W28/><G28/><T32/><D61/><U50/><E50/><V78/><F78/><W92/><G7/><T83/><D72/><U76/><E76/><V17/><F4/><W85/><G51/><T77/><D77/><U55/><AGARI ba="0,1" hai="5,8,13,18,19,45,48,55,91,94,97,98,103,107" machi="55" ten="20,5200,0" yaku="1,1,0,1,7,1,53,1" doraHai="135" doraHaiUra="47" who="1" fromWho="1" sc="250,-26,240,62,250,-13,250,-13" /><INIT seed="1,0,0,2,2,95" ten="224,302,237,237" oya="1" hai0="99,125,132,45,110,11,74,47,126,27,16,63,104" hai1="35,130,76,117,44,113,112,68,114,121,127,108,14" hai2="49,135,30,5,34,25,111,43,41,65,69,72,85" hai3="19,96,106,129,91,24,28,89,51,97,124,88,93"/><U37/><RYUUKYOKU type="yao9" ba="0,0" sc="224,0,302,0,237,0,237,0" hai1="14,35,37,44,68,76,108,112,113,114,117,121,127,130" /><INIT seed="1,1,0,0,0,25" ten="224,302,237,237" oya="1" hai0="85,20,61,94,55,43,22,60,18,9,66,75,95" hai1="118,132,15,70,38,45,101,27,0,72,104,121,13" hai2="82,122,8,30,135,129,47,64,39,2,69,44,98" hai3="67,86,113,108,32,4,21,134,80,41,26,124,77"/><U125/><RYUUKYOKU type="yao9" ba="1,0" sc="224,0,302,0,237,0,237,0" hai1="0,13,15,27,38,45,70,72,101,104,118,121,125,132" /><INIT seed="1,2,0,2,5,125" ten="224,302,237,237" oya="1" hai0="76,89,115,22,0,26,110,37,88,105,59,97,71" hai1="126,74,81,96,15,91,44,104,70,23,35,106,111" hai2="128,93,107,9,60,132,2,114,53,27,87,4,69" hai3="39,102,54,98,21,78,38,45,120,75,121,49,80"/><U73/><E35/><V67/><F132/><W56/><G121/><T90/><D115/><U79/><E70/><V12/><F128/><W46/><G120/><T24/><D71/><U119/><E44/><V68/><F114/><W29/><G46/><T25/><D37/><U62/><E62/><V1/><F107/><N who="1" m="41001" /><E23/><V36/><F36/><W10/><G102/><T6/><D110/><U43/><E15/><V33/><F69/><W72/><G72/><T99/><D105/><U116/><E43/><V103/><F87/><W123/><G98/><N who="0" m="37387" /><D76/><N who="1" m="44175" /><E126/><V5/><F93/><W127/><G127/><T42/><D0/><U19/><E19/><V57/><F103/><W17/><G123/><T3/><D3/><U83/><E111/><V66/><F5/><W124/><G124/><T51/><D6/><U122/><E122/><V77/><F77/><W109/><G109/><T55/><D42/><U20/><E20/><AGARI ba="2,0" hai="20,22,24,25,26,51,55,59,88,89,90" m="37387" machi="20" ten="40,2600,0" yaku="8,1,54,1" doraHai="125" who="0" fromWho="1" sc="224,32,302,-32,237,0,237,0" /><INIT seed="2,0,0,2,1,31" ten="256,270,237,237" oya="2" hai0="15,12,51,98,10,1,25,11,57,110,34,132,76" hai1="121,107,68,67,14,21,27,103,62,126,29,30,38" hai2="17,5,20,104,94,39,92,90,43,115,47,78,28" hai3="55,3,120,40,56,42,65,73,97,111,72,109,119"/><V41/><F115/><W116/><G3/><T101/><D76/><U89/><E126/><V18/><F104/><W7/><G7/><T6/><D132/><U85/><E121/><V53/><F78/><W86/><G86/><T48/><D110/><N who="3" m="41993" /><G97/><T46/><D57/><U82/><E38/><V44/><F5/><W35/><G120/><T69/><D69/><U87/><E14/><V23/><F28/><W133/><G65/><T118/><D118/><N who="3" m="45097" /><G133/><T54/><D51/><U36/><E36/><V124/><F124/><W9/><G9/><T80/><D80/><U135/><E135/><V58/><F39/><W79/><G35/><T113/><D113/><U8/><E8/><V88/><F58/><W128/><G128/><T49/><D49/><U114/><E114/><V99/><F53/><W63/><G79/><T19/><D1/><U75/><E87/><V130/><REACH who="2" step="1"/><F99/><REACH who="2" ten="256,270,227,237" step="2"/><W96/><G96/><T45/><D98/><U32/><E30/><V64/><F64/><W117/><N who="3" m="45105" /><W106/><DORA hai="112" /><G106/><T123/><D123/><U33/><E107/><V50/><F50/><W59/><G56/><T81/><D101/><U95/><E103/><V24/><F24/><W70/><G70/><T93/><D25/><U22/><E29/><V125/><F125/><W131/><G131/><AGARI ba="0,1" hai="17,18,20,23,41,43,44,47,88,90,92,94,130,131" machi="131" ten="25,18000,2" yaku="1,1,22,2,54,1,53,2" doraHai="31,112" doraHaiUra="127,134" who="2" fromWho="3" sc="256,0,270,0,227,190,237,-180" /><INIT seed="2,1,0,2,5,134" ten="256,270,417,57" oya="2" hai0="94,27,45,97,62,52,25,95,90,133,35,37,11" hai1="39,21,71,83,131,69,66,41,30,102,115,19,63" hai2="107,108,12,96,84,81,132,111,124,89,78,76,60" hai3="31,14,65,123,40,93,101,42,57,130,127,126,103"/><V46/><F124/><N who="3" m="47659" /><G123/><T117/><D133/><U86/><E115/><V5/><F132/><W48/><G130/><T79/><D79/><U74/><E102/><N who="3" m="38922" /><G31/><T72/><D95/><U110/><E74/><V54/><F76/><W24/><G24/><T109/><D27/><U121/><E30/><V61/><F78/><W77/><G77/><T56/><D72/><U38/><E131/><V92/><F107/><W13/><G93/><T33/><D25/><U120/><E121/><V23/><F92/><W17/><G65/><T4/><D117/><U22/><E66/><V116/><F81/><W10/><G14/><T73/><D94/><U7/><E83/><V100/><F12/><W1/><G1/><T6/><D35/><U128/><E120/><V82/><F82/><W64/><G48/><T99/><D33/><U68/><E128/><V18/><F116/><W98/><G98/><T32/><D99/><U55/><E86/><V135/><F84/><W50/><G50/><T129/><D32/><U91/><E91/><V85/><BYE who="1" /><F89/><W106/><G106/><T9/><D90/><U114/><E114/><V113/><F85/><UN n1="%E3%81%BF%E3%81%BF%E3%81%9A" /><W0/><G0/><T26/><D97/><U15/><E15/><V59/><F113/><W28/><G28/><T125/><D129/><U2/><E2/><V70/><F135/><W43/><G43/><T105/><D26/><U67/><E41/><V87/><F96/><W51/><G51/><T118/><D125/><U44/><E67/><V36/><F87/><W49/><G49/><T8/><D105/><U88/><E88/><V122/><F100/><RYUUKYOKU ba="1,0" sc="256,-10,270,-10,417,-10,57,30" hai3="10,13,17,40,42,57,64" /><INIT seed="3,2,0,4,4,1" ten="246,260,407,87" oya="3" hai0="5,39,22,83,133,30,110,71,86,85,68,121,102" hai1="95,58,53,87,125,55,8,82,98,12,11,43,99" hai2="129,46,17,16,14,41,18,34,78,93,51,3,23" hai3="50,84,44,135,106,116,54,80,27,94,104,134,26"/><W109/><G116/><T64/><D121/><U37/><E125/><V81/><F34/><W97/><G109/><T62/><D110/><U115/><E37/><V105/><F105/><W66/><G106/><T15/><D133/><N who="3" m="50697" /><G104/><T112/><D39/><U65/><E115/><V76/><F3/><W120/><G120/><T57/><D112/><U72/><E43/><V42/><F129/><W35/><G35/><T126/><D102/><N who="1" m="60767" /><E99/><V77/><F41/><W131/><G66/><T75/><D126/><U79/><E72/><V28/><F28/><W124/><G124/><T107/><D107/><U6/><E8/><N who="2" m="6215" /><F93/><W100/><G131/><T108/><D108/><U117/><E117/><V69/><F69/><W91/><AGARI ba="2,0" hai="26,27,44,50,54,80,84,91,94,97,100" m="50697" machi="91" ten="30,1500,0" yaku="20,1" doraHai="1" who="3" fromWho="3" sc="246,-7,260,-7,407,-7,87,21" /><INIT seed="3,3,0,5,5,6" ten="239,253,400,108" oya="3" hai0="89,132,108,46,34,22,109,81,38,52,128,118,27" hai1="50,2,125,51,131,76,105,121,112,129,31,29,18" hai2="44,102,85,23,73,75,117,40,45,53,66,26,71" hai3="104,116,111,7,0,32,12,78,37,79,47,54,113"/><W70/><G113/><T67/><D118/><U100/><E112/><V101/><F117/><W135/><G116/><T68/><D34/><U41/><E2/><V74/><F85/><W114/><G114/><T83/><D132/><U4/><E4/><V35/><F35/><W119/><G119/><T95/><D128/><N who="1" m="49227" /><E125/><V48/><F66/><W133/><G32/><T90/><D67/><U122/><E76/><V91/><F91/><N who="0" m="34826" /><D68/><U16/><E100/><V65/><F65/><W103/><G0/><T28/><D95/><U94/><E94/><V49/><REACH who="2" step="1"/><F71/><REACH who="2" ten="239,253,390,108" step="2"/><W14/><G70/><T86/><D86/><U61/><E122/><V36/><F36/><W107/><G37/><T127/><D127/><U21/><E121/><V11/><F11/><W1/><G133/><T123/><D123/><U99/><E21/><V15/><F15/><W42/><G135/><T39/><D39/><U92/><E99/><V56/><F56/><W10/><G111/><N who="0" m="42571" /><D38/><U43/><E92/><V88/><F88/><W87/><G42/><N who="1" m="15882" /><E105/><V9/><F9/><W33/><G33/><T13/><D13/><U62/><E29/><AGARI ba="3,1" hai="23,26,29,40,44,45,48,49,53,73,74,75,101,102" machi="29" ten="40,1300,0" yaku="1,1,53,0" doraHai="6" doraHaiUra="134" who="2" fromWho="1" sc="239,0,253,-22,390,32,108,0" owari="239,3.9,231,-16.9,422,52.2,108,-39.2" /></mjloggm>