<mjloggm ver="2.3"><GO type="225" lobby="0"/><UN n0="%E3%81%99%E3%81%84%E3%81%BE%E3%81%9B%E3%83%BC%E3%82%93" n1="%E3%82%A2%E3%83%BC%E3%83%A2%E3%83%AD%E3%83%BC%E3%83%B4%E3%82%A1" n2="%E3%81%B5%E3%81%98%E3%81%8B%E3%81%A4" n3="%E5%8D%A0%E3%81%84%E5%B8%AB%E8%A3%8F%E3%81%AA%E3%81%84%E3%81%97" dan="17,16,16,16" rate="2252.58,2134.62,2169.36,2158.94" sx="M,M,M,M"/><TAIKYOKU oya="0"/><INIT seed="0,0,0,2,3,67" ten="250,250,250,250" oya="0" hai0="66,34,58,109,0,21,28,105,120,123,25,90,81" hai1="82,77,71,78,22,61,91,65,42,104,133,115,26" hai2="89,16,88,11,43,79,49,94,35,1,55,112,96" hai3="75,52,114,72,31,119,101,73,39,83,27,129,37"/><T116/><D116/><U23/><E133/><V62/><F112/><W17/><G114/><T10/><D105/><U122/><E122/><V13/><F35/><W56/><G119/><T121/><D109/><U53/><E115/><V134/><F134/><W32/><G129/><T130/><D130/><U8/><E104/><V50/><F79/><W30/><G101/><T108/><D108/><U74/><E42/><V64/><F1/><W117/><G117/><T87/><D34/><U33/><E77/><V110/><F43/><W113/><G113/><T36/><D36/><U6/><E53/><V68/><F110/><W131/><G131/><T45/><D45/><U59/><E91/><V69/><F89/><W24/><G17/><T106/><D106/><U47/><E47/><V46/><F50/><W86/><G86/><T132/><D132/><U127/><E127/><V57/><AGARI ba="0,0" hai="11,13,16,46,49,55,57,62,64,68,69,88,94,96" machi="57" ten="20,12000,2" yaku="0,1,7,1,52,2,54,2" doraHai="67" who="2" fromWho="2" sc="250,-60,250,-30,250,120,250,-30" /><INIT seed="1,0,0,1,1,122" ten="190,220,370,220" oya="1" hai0="19,12,72,32,6,53,118,17,129,113,20,40,10" hai1="94,33,61,88,56,3,131,73,14,89,1,90,11" hai2="13,50,23,91,5,87,28,26,24,121,135,27,101" hai3="76,132,98,63,104,81,126,54,84,35,66,7,41"/><U134/><E33/><V106/><F135/><W60/><G132/><T16/><D72/><U57/><E134/><V120/><F106/><W78/><G126/><T100/><D113/><U127/><E127/><V31/><F101/><W25/><G41/><T77/><D77/><U125/><E125/><V79/><F79/><W71/><G7/><T119/><D100/><U52/><E73/><V86/><F50/><W116/><G78/><T130/><D53/><N who="1" m="33935" /><E1/><V92/><F27/><W22/><G116/><N who="0" m="44587" /><D40/><U68/><E68/><V82/><F13/><W39/><G39/><T30/><D32/><U4/><E3/><V47/><F5/><W108/><G22/><T48/><D48/><N who="1" m="30855" /><E131/><N who="0" m="50185" /><D30/><U37/><E37/><V85/><F120/><W95/><G54/><T112/><D112/><U9/><E9/><V42/><F121/><W102/><G60/><T64/><D64/><U69/><E69/><V114/><F114/><W107/><G107/><T74/><D74/><U36/><E36/><V67/><F67/><W80/><G104/><T75/><D75/><U111/><E111/><V46/><F42/><W123/><G108/><T128/><N who="0" m="50193" /><T115/><DORA hai="45" /><D115/><U62/><E62/><V34/><F82/><N who="3" m="47175" /><G123/><T83/><D83/><U117/><E117/><V70/><F70/><W21/><G35/><T29/><D29/><U8/><E8/><V15/><F34/><W44/><G44/><T96/><D96/><AGARI ba="0,0" hai="4,11,14,88,89,90,94,96" m="30855,33935" machi="96" ten="30,11600,0" yaku="8,1,52,1,54,2" doraHai="122,45" who="1" fromWho="0" sc="190,-116,220,116,370,0,220,0" /><INIT seed="1,1,0,0,0,109" ten="74,336,370,220" oya="1" hai0="80,102,75,16,87,113,48,43,35,24,5,61,36" hai1="129,71,39,4,27,121,123,34,110,23,108,11,120" hai2="42,99,115,1,103,98,86,77,135,55,134,63,127" hai3="119,50,82,94,47,10,79,78,21,57,101,41,53"/><U20/><E39/><V112/><F1/><W66/><G119/><T64/><D113/><N who="2" m="43594" /><F127/><W84/><G66/><T46/><D75/><U107/><E107/><V95/><F42/><W118/><G118/><T56/><D5/><U114/><E71/><V83/><F63/><W133/><G133/><T29/><D102/><U72/><E72/><V132/><F55/><W15/><G21/><N who="1" m="8266" /><E114/><V37/><F99/><N who="3" m="59639" /><G47/><T70/><D16/><U130/><E27/><V88/><F37/><W59/><G59/><T97/><D97/><U104/><E104/><V30/><F30/><W52/><G53/><T0/><D0/><N who="1" m="391" /><E34/><V60/><F60/><W93/><G41/><T131/><D131/><AGARI ba="1,0" hai="108,110,120,121,123,129,130,131" m="391,8266" machi="131" ten="40,7700,0" yaku="19,1,34,2" doraHai="109" who="1" fromWho="0" sc="74,-80,336,80,370,0,220,0" owari="-6,-50.6,416,51.6,370,17.0,220,-18.0" /></mjloggm>