<mjloggm ver="2.3"><GO type="225" lobby="0"/><UN n0="%E3%83%97%E3%83%AC%E3%83%B4%E3%82%A1%E3%83%86%E3%82%A3" n1="%E3%81%BE%E3%81%A8%E3%81%9F" n2="%E6%A1%9C%E8%8A%B1%E9%96%83%E3%80%85" n3="%66%67%67%68%68%64%66" dan="16,16,16,16" rate="2050.72,2098.63,2108.67,2094.15" sx="F,M,M,M"/><TAIKYOKU oya="0"/><INIT seed="0,0,0,5,3,64" ten="250,250,250,250" oya="0" hai0="85,51,3,65,122,135,45,29,49,115,80,79,57" hai1="121,71,17,128,60,116,5,20,41,110,101,120,50" hai2="107,2,44,15,34,109,77,61,111,33,23,108,11" hai3="8,1,93,18,6,90,31,82,119,125,28,72,68"/><T75/><D122/><U114/><E116/><V70/><F107/><W104/><G119/><T106/><D115/><U66/><E114/><V46/><F77/><W132/><G104/><T99/><D3/><U100/><E110/><V16/><F2/><W74/><G132/><T32/><D135/><U21/><E128/><V0/><F0/><W58/><G125/><T96/><D106/><U43/><E5/><V113/><F113/><W56/><G68/><T130/><D130/><U94/><E21/><V19/><F61/><W105/><G105/><T134/><D134/><U25/><E100/><V112/><F70/><W123/><G123/><T89/><D32/><N who="2" m="12394" /><F112/><W81/><G18/><T73/><D29/><U127/><E127/><V48/><F48/><W97/><G81/><T36/><D36/><U26/><E43/><V52/><F52/><W7/><G7/><T92/><D73/><U4/><E4/><V24/><AGARI ba="0,0" hai="11,15,16,19,23,24,44,46,108,109,111" m="12394" machi="24" ten="40,2700,0" yaku="14,1,54,1" doraHai="64" who="2" fromWho="2" sc="250,-13,250,-7,250,27,250,-7" /><INIT seed="1,0,0,3,3,111" ten="237,243,277,243" oya="1" hai0="63,107,21,82,31,100,9,57,68,72,92,125,76" hai1="23,97,121,18,26,132,36,56,117,59,39,12,134" hai2="130,106,46,42,67,85,73,110,5,90,109,43,101" hai3="123,88,44,14,124,24,69,84,122,48,129,81,78"/><U114/><E117/><V135/><F135/><N who="1" m="51753" /><E121/><V34/><F130/><W27/><G129/><T16/><D68/><U83/><E97/><N who="2" m="61743" /><F34/><W120/><G124/><T2/><D125/><U38/><E83/><V113/><F67/><W95/><G14/><T22/><D107/><U52/><E26/><V30/><F30/><W127/><G69/><T112/><D31/><U6/><E6/><V131/><F5/><W99/><REACH who="3" step="1"/><G127/><REACH who="3" ten="237,243,277,233" step="2"/><T11/><D2/><U4/><E4/><V93/><F131/><W3/><G3/><T45/><D9/><U74/><E74/><V66/><F73/><W119/><G119/><T96/><D11/><U80/><E114/><V7/><F7/><W118/><G118/><T94/><D112/><U98/><E80/><V65/><F113/><W108/><G108/><N who="2" m="41577" /><F42/><AGARI ba="0,1" hai="24,27,42,44,48,78,81,84,88,95,99,120,122,123" machi="42" ten="40,2600,0" yaku="1,1,54,1,53,0" doraHai="111" doraHaiUra="105" who="3" fromWho="2" sc="237,0,243,0,277,-26,233,36" /><INIT seed="2,0,0,5,0,15" ten="237,243,251,269" oya="2" hai0="115,86,22,41,23,100,123,60,49,14,75,80,112" hai1="44,62,67,5,29,109,72,122,17,50,124,81,37" hai2="48,120,94,133,53,127,74,91,93,16,21,64,26" hai3="69,33,92,27,4,35,79,25,54,42,82,84,76"/><V135/><F120/><W57/><G69/><T105/><D123/><U87/><E109/><V130/><F130/><W0/><G42/><T36/><D75/><U45/><E124/><V3/><F127/><W47/><G47/><T132/><D36/><U11/><E72/><V39/><F39/><W110/><G110/><T121/><D121/><U2/><E29/><V20/><F3/><W18/><G76/><T119/><D119/><U65/><E37/><V97/><F74/><W77/><G77/><T70/><D132/><N who="2" m="50762" /><F64/><W55/><G92/><T40/><D105/><U6/><E65/><V32/><F32/><W108/><G108/><T113/><D100/><U95/><E95/><N who="2" m="56575" /><F21/><W12/><G35/><T118/><D118/><U125/><E125/><V101/><F101/><W126/><G33/><T90/><D23/><U73/><E2/><V89/><F89/><W8/><G126/><T31/><D49/><U28/><E50/><V66/><F66/><W58/><G0/><T98/><D60/><U99/><E73/><V13/><F13/><W52/><G27/><T1/><D1/><U114/><E122/><V34/><F34/><W106/><G106/><T19/><D70/><U103/><E103/><V9/><F9/><W51/><G51/><T96/><REACH who="0" step="1"/><D31/><REACH who="0" ten="227,243,251,269" step="2"/><U88/><E28/><V134/><N who="2" m="50770" /><V46/><AGARI ba="0,1" hai="16,20,26,46,48,53,93,94" m="56575,50770" machi="46" ten="40,12000,1" yaku="4,1,20,1,52,1,54,1" doraHai="15" who="2" fromWho="2" sc="227,-40,243,-40,251,130,269,-40" /><INIT seed="2,1,0,0,1,35" ten="187,203,381,229" oya="2" hai0="61,91,62,48,126,133,96,92,82,84,120,95,122" hai1="25,42,114,70,129,99,127,111,135,123,14,102,117" hai2="66,47,18,54,45,83,52,106,113,57,0,132,115" hai3="112,124,67,119,63,69,4,79,81,121,9,29,78"/><V43/><F106/><W37/><G119/><T50/><D126/><U13/><E25/><V65/><F18/><W108/><G121/><T73/><D133/><U58/><E58/><V56/><F83/><W17/><G108/><T74/><D82/><U15/><E42/><V51/><F0/><W6/><G37/><T23/><D23/><U125/><E70/><V38/><F132/><W2/><G124/><N who="1" m="47690" /><E135/><V89/><F89/><W33/><G112/><N who="2" m="43081" /><F57/><W80/><G6/><T39/><D91/><U8/><E114/><V105/><F105/><W90/><G17/><T107/><D107/><N who="1" m="63967" /><E117/><V72/><F72/><W94/><G80/><T44/><D96/><U100/><E123/><V97/><F97/><W59/><G81/><T24/><D24/><U46/><E100/><V11/><F11/><W22/><G59/><T87/><D44/><U76/><E76/><V103/><F103/><W30/><G79/><T34/><REACH who="0" step="1"/><D39/><REACH who="0" ten="177,203,381,229" step="2"/><U131/><E46/><V1/><F47/><W3/><G78/><T104/><D104/><U31/><E111/><V88/><F45/><W86/><G90/><T5/><D5/><N who="1" m="3215" /><E31/><V26/><F38/><W49/><G29/><T40/><D40/><U109/><E109/><V130/><F43/><W128/><G30/><T55/><D55/><U98/><E98/><V36/><F52/><W75/><G75/><T64/><D64/><U134/><E134/><V71/><F65/><W10/><G67/><T16/><D16/><U53/><E53/><V118/><F54/><W116/><G116/><T68/><D68/><U41/><E41/><V20/><F118/><RYUUKYOKU ba="1,1" sc="177,15,203,15,381,-15,229,-15" hai0="34,48,50,61,62,73,74,84,87,92,95,120,122" hai1="14,15,129,131" /><INIT seed="3,2,1,1,2,126" ten="192,218,366,214" oya="3" hai0="92,114,22,128,13,117,38,73,79,84,74,11,101" hai1="24,12,69,6,49,76,26,35,17,67,66,1,4" hai2="108,8,107,64,20,15,34,86,121,48,44,7,106" hai3="93,60,3,85,52,33,16,81,43,131,25,10,54"/><W14/><G131/><T31/><D117/><U104/><E104/><V27/><F108/><W0/><G43/><T120/><D38/><U36/><E69/><V19/><F121/><W102/><G33/><T134/><D120/><U105/><E105/><V41/><F64/><W55/><G25/><N who="0" m="16823" /><D74/><U109/><E109/><V96/><F96/><N who="3" m="59663" /><G0/><T88/><D73/><U59/><E36/><V28/><REACH who="2" step="1"/><F86/><REACH who="2" ten="192,218,356,214" step="2"/><W83/><G3/><AGARI ba="2,2" hai="3,7,8,15,19,20,27,28,34,41,44,48,106,107" machi="3" ten="30,8000,1" yaku="1,1,2,1,7,1,24,2,53,0" doraHai="126" doraHaiUra="77" who="2" fromWho="3" sc="192,0,218,0,356,106,214,-86" owari="192,-20.8,218,1.8,462,56.2,128,-37.2" /></mjloggm>