<mjloggm ver="2.3"><GO type="225" lobby="0"/><UN n0="%E5%B0%8F%E5%AE%AE%E3%81%9F%E3%81%9A%E3%81%8D" n1="%E3%81%B5%E3%81%98%E3%81%8B%E3%81%A4" n2="%E4%BF%BA%E3%81%A8%E5%A6%96%E5%A4%A2" n3="%E3%81%99%E3%81%84%E3%81%BE%E3%81%9B%E3%83%BC%E3%82%93" dan="18,16,17,18" rate="2178.69,2177.70,2188.43,2189.09" sx="F,M,F,M"/><TAIKYOKU oya="0"/><INIT seed="0,0,0,2,1,59" ten="250,250,250,250" oya="0" hai0="28,81,12,46,50,134,18,115,57,88,122,1,92" hai1="112,128,38,62,47,97,36,95,120,117,48,75,54" hai2="41,96,32,39,93,132,123,45,98,13,40,61,90" hai3="102,79,89,11,104,3,22,19,70,4,64,110,99"/><T133/><D1/><U55/><E117/><V76/><F123/><W29/><G110/><T135/><D122/><U8/><E120/><V100/><F132/><W85/><G79/><T125/><D115/><U30/><E75/><V130/><F32/><W0/><G29/><T94/><D28/><U52/><E112/><V73/><F130/><W83/><G0/><T108/><D125/><U42/><E128/><V25/><F25/><W7/><G7/><T80/><D94/><U20/><E8/><V16/><F40/><W91/><G89/><T103/><D103/><N who="1" m="60863" /><E36/><V6/><F6/><W27/><G64/><T87/><D108/><U44/><E38/><V107/><F76/><W34/><REACH who="3" step="1"/><G70/><REACH who="3" ten="250,250,250,240" step="2"/><T14/><D135/><U49/><E30/><V51/><F73/><W53/><G53/><N who="1" m="20586" /><E20/><V72/><F72/><W109/><G109/><T17/><D134/><U105/><E105/><V86/><F107/><W37/><G37/><T65/><D133/><U9/><E9/><N who="2" m="6191" /><F39/><W33/><AGARI ba="0,1" hai="3,4,11,19,22,27,33,34,83,85,91,99,102,104" machi="33" ten="30,2000,0" yaku="1,1,0,1,53,0" doraHai="59" doraHaiUra="71" who="3" fromWho="3" sc="250,-10,250,-5,250,-5,240,30" /><INIT seed="1,0,0,1,3,122" ten="240,245,245,270" oya="1" hai0="33,83,67,81,11,51,126,44,69,103,0,97,21" hai1="37,55,49,109,77,115,60,93,1,96,76,48,127" hai2="52,58,20,7,2,91,35,38,17,23,108,16,40" hai3="116,8,5,3,112,30,107,114,124,135,74,71,47"/><U130/><E115/><V65/><F35/><W131/><RYUUKYOKU type="yao9" ba="0,0" sc="240,0,245,0,245,0,270,0" hai3="3,5,8,30,47,71,74,107,112,114,116,124,131,135" /><INIT seed="1,1,0,3,2,35" ten="240,245,245,270" oya="1" hai0="97,111,75,134,8,28,48,19,2,55,32,27,133" hai1="70,11,4,93,21,26,41,91,76,128,117,72,30" hai2="114,62,43,125,79,106,74,115,81,129,29,42,36" hai3="18,64,60,65,52,59,108,122,67,96,109,132,104"/><U124/><E117/><V61/><F106/><W120/><G104/><T33/><D75/><U51/><E124/><V47/><F125/><W123/><G96/><T127/><D127/><U121/><E128/><V105/><F105/><W99/><G99/><T57/><D33/><U46/><E121/><V20/><F129/><W95/><G95/><T85/><D111/><N who="3" m="42569" /><G18/><T101/><D97/><N who="1" m="57535" /><E72/><V73/><F43/><W130/><G130/><T44/><D101/><U90/><E70/><V0/><F73/><W50/><G132/><N who="0" m="50795" /><D85/><U7/><E76/><V86/><F74/><W100/><G100/><T40/><D19/><U77/><E77/><V89/><F79/><W39/><G39/><N who="0" m="21535" /><D8/><U23/><E23/><V71/><F20/><W113/><G113/><N who="2" m="43017" /><F29/><W98/><G98/><T13/><D13/><N who="1" m="5351" /><E7/><V119/><F119/><W22/><G22/><T6/><D6/><U10/><E10/><V66/><F61/><AGARI ba="1,0" hai="50,52,59,60,61,64,65,67,120,122,123" m="42569" machi="61" ten="40,8000,1" yaku="14,1,34,2,54,1" doraHai="35" who="3" fromWho="2" sc="240,0,245,0,245,-83,270,83" /><INIT seed="2,0,0,4,5,49" ten="240,245,162,353" oya="2" hai0="11,8,14,100,106,90,41,80,38,43,46,58,108" hai1="66,10,56,2,121,48,130,62,119,83,125,126,4" hai2="86,3,117,47,99,112,102,24,29,97,73,35,16" hai3="127,1,32,6,113,118,18,129,13,28,19,57,68"/><V96/><F112/><W45/><G68/><T98/><D108/><U111/><E119/><V76/><F117/><W36/><G118/><T93/><D43/><U135/><E111/><V109/><F3/><W107/><G107/><T71/><D71/><U132/><E121/><V26/><F109/><W116/><G116/><T78/><D14/><U85/><E48/><V110/><F110/><W69/><G69/><T101/><D101/><U0/><E0/><V114/><F114/><W124/><G129/><T63/><D100/><U7/><E7/><V15/><F73/><W53/><G113/><T61/><D61/><U65/><E65/><V92/><F26/><N who="3" m="18455" /><G13/><T22/><D22/><U70/><E70/><V77/><F47/><W55/><G6/><T34/><D34/><U88/><REACH who="1" step="1"/><E130/><REACH who="1" ten="240,235,162,353" step="2"/><V133/><F133/><AGARI ba="0,1" hai="2,4,10,56,62,66,83,85,88,125,126,132,133,135" machi="133" ten="40,8000,1" yaku="1,1,2,1,20,1,54,1,53,1" doraHai="49" doraHaiUra="33" who="1" fromWho="2" sc="240,0,235,90,162,-80,353,0" /><INIT seed="3,0,0,3,5,123" ten="240,325,82,353" oya="3" hai0="65,54,58,84,26,75,99,0,5,68,35,126,69" hai1="108,121,43,12,19,49,39,22,70,86,20,31,133" hai2="17,95,116,47,21,23,11,135,103,82,27,79,92" hai3="96,115,114,134,71,41,1,32,72,7,109,73,2"/><W89/><G71/><T102/><D126/><U24/><E121/><V98/><F116/><W25/><G134/><T45/><D75/><N who="3" m="28745" /><G89/><T48/><D0/><N who="3" m="105" /><G7/><T56/><D5/><U64/><E39/><V105/><F135/><W78/><G78/><T18/><D84/><U128/><E133/><V51/><F51/><W10/><G10/><T44/><D18/><U50/><E86/><V104/><F104/><W9/><G9/><T90/><D90/><U76/><E76/><V83/><F47/><N who="0" m="17994" /><D35/><U46/><E50/><V29/><F11/><W28/><G41/><T6/><D26/><U52/><E128/><V131/><F131/><W16/><G16/><T119/><D99/><U85/><E85/><V4/><F4/><W40/><G40/><T97/><D97/><U91/><E91/><V122/><F122/><W124/><G96/><T36/><D6/><U112/><E43/><V127/><F127/><W106/><G106/><T55/><D102/><U130/><E130/><V63/><F105/><W15/><G15/><T38/><D119/><U60/><REACH who="1" step="1"/><E112/><REACH who="1" ten="240,315,82,353" step="2"/><N who="3" m="43050" /><G124/><T33/><D38/><U93/><E93/><V100/><F95/><W80/><G80/><T94/><D94/><U118/><E118/><V30/><F103/><W74/><G74/><T132/><D132/><U88/><E88/><V125/><F125/><W13/><G13/><T42/><D36/><U129/><E129/><V53/><F21/><W111/><AGARI ba="0,1" hai="25,28,32,109,111" m="43050,105,28745" machi="111" ten="40,7800,0" yaku="23,1,52,2" doraHai="123" who="3" fromWho="3" sc="240,-26,315,-26,82,-26,353,88" owari="214,-18.6,289,8.9,56,-44.4,441,54.1" /></mjloggm>