<mjloggm ver="2.3"><GO type="225" lobby="0"/><UN n0="%33%74%72%65%65" n1="%E3%82%82%E3%81%90%E3%82%89" n2="%E6%98%A5%E3%81%AE%E3%81%8B%E3%81%91%E3%82%89" n3="%6D%75%75%6D%75%72%61" dan="17,17,16,17" rate="2182.97,2174.84,2032.18,2217.32" sx="F,M,F,F"/><TAIKYOKU oya="0"/><INIT seed="0,0,0,3,3,17" ten="250,250,250,250" oya="0" hai0="61,7,24,46,101,73,40,110,55,127,111,108,71" hai1="113,87,122,135,11,103,51,30,27,6,3,130,60" hai2="4,89,58,94,72,78,18,115,70,2,54,31,93" hai3="95,48,22,121,32,69,65,116,41,50,29,74,91"/><T97/><D127/><U0/><E122/><V39/><F115/><W37/><G116/><T23/><D73/><U12/><E113/><V75/><F70/><W80/><G74/><T68/><D7/><U26/><E130/><V126/><F39/><W5/><G121/><T36/><D61/><U63/><E135/><V120/><F120/><W77/><G32/><T118/><D55/><U131/><E131/><V76/><F31/><W79/><G37/><T14/><D14/><U82/><E103/><V133/><F126/><W64/><G5/><T119/><D119/><U62/><E51/><N who="3" m="19498" /><G80/><T33/><D33/><U49/><E49/><V56/><F18/><W112/><G69/><T45/><D45/><U96/><E96/><V47/><F47/><W123/><G41/><T106/><D118/><U44/><E44/><V67/><F54/><W124/><G124/><T1/><D1/><U86/><E27/><V132/><F4/><W99/><G112/><T20/><D20/><U134/><E134/><V28/><F2/><W59/><G59/><T42/><D42/><U8/><E82/><V85/><F28/><AGARI ba="0,0" hai="23,24,28,36,40,46,68,71,97,101,106,108,110,111" machi="28" ten="40,7700,0" yaku="14,1,10,1,52,1" doraHai="17" who="0" fromWho="2" sc="250,77,250,0,250,-77,250,0" /><INIT seed="0,1,0,0,0,75" ten="327,250,173,250" oya="0" hai0="124,13,14,126,51,42,93,83,106,110,15,117,119" hai1="5,134,35,52,101,16,30,130,7,120,86,116,131" hai2="102,99,57,27,76,12,79,133,46,94,89,104,59" hai3="47,49,128,9,24,87,21,39,91,71,109,105,73"/><T44/><D106/><U70/><E120/><V34/><F133/><W65/><G109/><T112/><D112/><U118/><E70/><V123/><F123/><W68/><G128/><N who="1" m="49194" /><E101/><V28/><F46/><W6/><G39/><T64/><D110/><U3/><E86/><V38/><F38/><W31/><G73/><T121/><D121/><U107/><E107/><V22/><F12/><W4/><G105/><T72/><D64/><U33/><E134/><V88/><F34/><N who="1" m="12809" /><E52/><V69/><F69/><W92/><G65/><T127/><D93/><U80/><E80/><V1/><F1/><W97/><G87/><T115/><D115/><U77/><E77/><AGARI ba="1,0" hai="13,14,15,42,44,51,72,77,83,117,119,124,126,127" machi="77" ten="50,4800,0" yaku="18,1,52,1" doraHai="75" who="0" fromWho="1" sc="327,51,250,-51,173,0,250,0" /><INIT seed="0,2,0,0,3,6" ten="378,199,173,250" oya="0" hai0="89,16,9,22,108,21,49,4,25,131,68,2,39" hai1="48,42,105,43,53,61,112,71,75,104,134,19,81" hai2="92,59,106,118,101,125,50,23,67,55,133,26,87" hai3="86,29,37,83,40,98,11,7,102,132,80,78,76"/><T82/><D39/><U85/><E75/><V116/><F133/><W35/><G132/><T73/><D131/><U84/><E134/><V17/><F125/><W114/><G114/><T119/><D119/><N who="2" m="45610" /><F67/><W0/><G35/><T41/><D68/><U30/><E112/><V107/><F101/><W27/><G37/><T127/><D127/><U113/><E113/><V10/><F10/><W110/><G110/><T44/><D108/><U94/><E30/><V20/><F20/><W128/><G40/><T135/><D135/><U12/><E104/><V45/><F45/><W88/><G128/><T66/><D66/><U120/><E105/><V13/><F26/><W123/><G123/><T72/><REACH who="0" step="1"/><D22/><REACH who="0" ten="368,199,173,250" step="2"/><U74/><E120/><V31/><F31/><W111/><G111/><T34/><D34/><U97/><E71/><V130/><F130/><W32/><REACH who="3" step="1"/><G80/><REACH who="3" ten="368,199,173,240" step="2"/><T52/><D52/><U91/><E53/><V56/><F56/><W63/><G63/><T103/><D103/><U96/><E61/><V28/><F28/><W18/><G18/><T93/><D93/><AGARI ba="2,2" hai="0,7,11,27,29,32,76,78,83,86,88,93,98,102" machi="93" ten="30,8000,1" yaku="1,1,7,1,52,1,54,1,53,1" doraHai="6" doraHaiUra="33" who="3" fromWho="0" sc="368,-86,199,0,173,0,240,106" /><INIT seed="1,0,0,0,5,3" ten="282,199,173,346" oya="1" hai0="52,91,111,29,36,79,129,84,47,69,59,74,61" hai1="86,114,85,32,15,122,53,39,73,23,83,71,43" hai2="63,67,17,56,132,12,92,41,24,108,6,31,75" hai3="81,110,64,127,34,113,5,93,104,65,106,80,62"/><U126/><E122/><V45/><F108/><W54/><G113/><T2/><D111/><U38/><E114/><V16/><F132/><W123/><G123/><T89/><D129/><U25/><E71/><V103/><F75/><W21/><G110/><T72/><D2/><U98/><E73/><V40/><F6/><W13/><G34/><T35/><D79/><U115/><E115/><V107/><F107/><W11/><G127/><T116/><D116/><U44/><E126/><V60/><F60/><W109/><G109/><T14/><D89/><U49/><E32/><V18/><F12/><W33/><G33/><T20/><D69/><U130/><E130/><V134/><F134/><W125/><G125/><T118/><D35/><U100/><E15/><V99/><REACH who="2" step="1"/><F45/><REACH who="2" ten="282,199,163,346" step="2"/><W124/><G124/><T28/><D74/><U0/><E0/><V90/><F90/><W135/><G135/><T7/><D72/><U133/><E133/><V82/><F82/><W95/><G106/><T30/><D118/><U66/><E66/><V77/><F77/><W101/><G104/><T55/><D7/><U96/><E100/><V119/><F119/><W121/><G121/><T50/><D14/><U105/><E105/><V128/><F128/><W88/><G65/><T1/><D1/><U48/><E83/><V19/><N who="2" m="4096" /><DORA hai="4" /><V42/><F42/><W68/><G81/><T87/><D91/><U46/><E43/><V131/><F131/><W37/><G80/><T117/><D117/><U97/><E46/><V112/><F112/><W22/><G101/><T27/><D36/><N who="1" m="13867" /><E49/><V70/><F70/><RYUUKYOKU ba="0,1" sc="282,10,199,10,163,10,346,-30" hai0="20,27,28,29,30,47,50,52,55,59,61,84,87" hai1="23,25,44,48,53,85,86,96,97,98" hai2="24,31,40,41,56,63,67,92,99,103" /><INIT seed="1,1,1,4,3,42" ten="292,209,173,316" oya="1" hai0="23,48,98,33,101,118,16,117,85,52,72,135,131" hai1="9,70,4,71,15,26,14,96,6,2,46,7,10" hai2="109,83,104,95,134,108,78,28,37,68,22,127,107" hai3="111,50,67,47,113,121,116,129,51,19,61,99,3"/><U80/><E80/><V58/><F68/><W35/><G113/><T115/><D72/><U114/><E114/><V90/><F37/><W66/><G121/><T97/><D115/><U88/><E26/><N who="2" m="16471" /><F58/><W103/><G111/><N who="2" m="42569" /><F134/><W29/><G129/><T40/><D135/><U34/><E34/><V57/><F57/><W93/><G116/><T20/><D33/><U0/><E46/><V43/><F43/><W81/><G29/><T21/><D131/><U125/><E7/><V30/><F30/><W128/><G35/><T25/><D40/><U110/><E125/><V63/><F63/><W119/><G119/><T53/><D118/><U31/><E31/><V38/><F38/><W82/><G128/><T91/><D117/><U27/><E27/><V39/><F39/><W64/><G61/><T8/><D25/><U133/><E110/><V126/><F90/><W36/><G36/><T89/><D89/><U100/><E88/><V123/><F95/><W94/><G94/><N who="0" m="54639" /><D101/><U18/><E18/><V130/><F123/><W59/><G19/><T1/><D1/><U76/><E76/><V5/><F5/><W77/><G3/><T11/><D16/><U75/><E75/><N who="2" m="43487" /><F130/><W92/><G92/><T41/><D41/><U65/><E133/><V56/><F56/><W45/><G77/><T120/><D120/><U112/><E112/><V13/><F13/><N who="1" m="4617" /><E65/><V54/><F54/><N who="3" m="30031" /><G59/><N who="0" m="33159" /><D53/><AGARI ba="1,1" hai="47,51,53,64,66,67,81,82,93,99,103" m="30031" machi="53" ten="30,3900,0" yaku="8,1,52,2" doraHai="42" who="3" fromWho="0" sc="292,-42,209,0,173,0,316,52" /><INIT seed="2,0,0,0,3,135" ten="250,209,173,368" oya="2" hai0="19,128,69,129,133,119,109,50,101,43,112,77,11" hai1="122,1,121,35,10,105,31,104,64,58,54,116,45" hai2="23,80,100,46,9,8,61,16,118,39,95,84,14" hai3="125,3,96,127,5,41,17,81,53,30,44,48,7"/><V36/><F118/><W51/><G30/><T124/><D112/><U70/><E116/><V4/><F9/><W113/><G113/><T74/><D119/><U94/><E45/><V59/><F46/><W123/><G123/><N who="1" m="47114" /><E94/><V65/><F95/><W13/><G81/><T114/><D43/><U0/><E58/><V40/><F100/><W33/><G33/><T78/><D50/><U52/><E64/><V66/><F66/><W134/><G96/><T103/><D69/><U111/><E70/><V102/><F102/><W67/><G67/><T6/><D103/><U62/><E62/><V25/><REACH who="2" step="1"/><F40/><REACH who="2" ten="250,209,163,368" step="2"/><W24/><G41/><T92/><D101/><U47/><E47/><V15/><F15/><W82/><G13/><T90/><D92/><U86/><E10/><V89/><AGARI ba="0,1" hai="4,8,14,16,23,25,36,39,59,61,65,80,84,89" machi="89" ten="20,7800,0" yaku="1,1,0,1,7,1,54,1,53,0" doraHai="135" doraHaiUra="120" who="2" fromWho="2" sc="250,-26,209,-26,163,88,368,-26" /><INIT seed="2,1,0,5,2,83" ten="224,183,251,342" oya="2" hai0="75,100,43,127,95,108,129,6,132,28,48,52,107" hai1="80,56,10,77,38,34,112,12,17,1,2,134,33" hai2="124,19,99,57,62,87,26,16,47,102,68,89,103" hai3="0,106,61,49,42,11,55,117,31,90,29,121,46"/><V88/><F68/><W93/><G117/><T9/><D108/><U79/><E38/><V53/><F124/><W7/><G106/><T24/><D127/><U101/><E112/><V70/><F70/><W92/><G121/><T45/><D132/><U73/><E134/><V125/><F125/><W118/><G118/><T91/><D129/><U58/><E101/><N who="2" m="38411" /><F26/><W59/><REACH who="3" step="1"/><G92/><REACH who="3" ten="224,183,251,332" step="2"/><T82/><D107/><U120/><E120/><V126/><F126/><W104/><G104/><T113/><D95/><U78/><E34/><V122/><F122/><W25/><G25/><T54/><D24/><U131/><E33/><V44/><F99/><AGARI ba="1,1" hai="0,7,11,29,31,42,46,49,55,59,61,90,93,99" machi="99" ten="30,3900,0" yaku="1,1,7,1,53,1" doraHai="83" doraHaiUra="41" who="3" fromWho="2" sc="224,0,183,0,251,-42,332,52" /><INIT seed="3,0,0,5,4,82" ten="224,183,209,384" oya="3" hai0="116,53,24,68,5,121,127,59,96,22,51,108,15" hai1="93,29,38,73,7,91,20,55,69,115,111,81,90" hai2="123,60,56,32,104,87,129,31,19,132,28,58,13" hai3="49,109,75,50,26,125,12,100,30,76,57,70,0"/><W118/><G70/><T128/><D116/><U85/><E115/><V88/><F129/><W107/><G0/><T83/><D121/><U63/><E111/><V74/><F74/><W27/><G125/><T106/><D108/><U89/><E38/><V101/><F132/><W16/><G107/><T78/><D68/><U131/><E131/><V110/><F110/><W4/><G4/><T1/><D1/><U61/><E7/><V34/><F123/><W92/><G75/><T33/><D33/><U23/><E69/><V9/><F104/><W36/><G36/><T42/><D42/><U44/><E73/><V10/><F101/><W103/><G76/><T17/><D127/><U95/><E63/><V47/><F47/><W37/><G37/><T18/><D5/><U113/><E113/><V77/><F77/><W114/><G114/><T41/><D41/><U112/><E112/><V52/><F34/><W46/><G100/><T119/><D119/><U14/><E29/><N who="2" m="11339" /><F58/><W39/><G57/><T122/><D59/><N who="1" m="35071" /><E44/><V80/><F32/><W8/><G46/><T62/><D122/><U64/><E64/><V67/><F10/><W120/><G8/><T72/><D72/><U65/><E65/><AGARI ba="0,0" hai="9,13,19,52,56,60,65,67,80,87,88" m="11339" machi="65" ten="30,7700,0" yaku="8,1,52,1,54,2" doraHai="82" who="2" fromWho="1" sc="224,0,183,-77,209,77,384,0" owari="224,-17.6,106,-39.4,286,8.6,384,48.4" /></mjloggm>