<mjloggm ver="2.3"><GO type="225" lobby="0"/><UN n0="%E3%81%8C%E3%81%9F" n1="%E7%89%8C%E6%B5%81%E7%8A%B6%E6%85%8B%E9%BA%BB%E9%9B%80" n2="%E3%83%99%E3%83%AB%E3%83%A2%E3%83%83%E3%83%88" n3="%E3%81%82%E3%81%99%E3%81%AB%E3%82%83%E3%82%80" dan="17,18,16,16" rate="2146.60,2195.09,2074.53,2149.13" sx="M,M,M,F"/><TAIKYOKU oya="0"/><INIT seed="0,0,0,3,2,8" ten="250,250,250,250" oya="0" hai0="96,103,54,71,9,23,93,42,10,94,116,99,115" hai1="74,53,56,34,38,68,124,112,18,92,16,122,19" hai2="85,17,45,30,11,78,117,109,120,69,12,97,55" hai3="20,133,101,47,98,89,4,65,40,60,35,121,81"/><T58/><D115/><U33/><E122/><V37/><F69/><W50/><G35/><T126/><D126/><U84/><E74/><V118/><F120/><W80/><G133/><T130/><D130/><U125/><E68/><V26/><F109/><W119/><G119/><T76/><D116/><U44/><E112/><V67/><F67/><W110/><G110/><T24/><D76/><U91/><E44/><V2/><F97/><W51/><G121/><T3/><D42/><U105/><E105/><V52/><F2/><W113/><G113/><T128/><D128/><U48/><REACH who="1" step="1"/><E38/><REACH who="1" ten="250,240,250,250" step="2"/><V7/><F117/><W108/><G47/><T77/><D71/><U114/><E114/><V32/><F37/><W15/><G108/><T27/><D3/><U59/><E59/><V100/><F45/><W131/><G131/><T70/><D70/><U6/><E6/><V82/><F7/><W102/><G4/><T83/><D58/><U29/><E29/><V57/><F118/><W14/><G40/><T28/><D54/><U5/><E5/><V13/><F57/><W95/><G65/><T90/><REACH who="0" step="1"/><D24/><REACH who="0" ten="240,240,250,250" step="2"/><U39/><E39/><V127/><F127/><AGARI ba="0,2" hai="16,18,19,33,34,48,53,56,84,91,92,124,125,127" machi="127" ten="40,5200,0" yaku="1,1,18,1,54,1,53,0" doraHai="8" doraHaiUra="107" who="1" fromWho="2" sc="240,0,240,72,250,-52,250,0" /><INIT seed="1,0,0,3,5,101" ten="240,312,198,250" oya="1" hai0="25,109,102,37,21,120,51,58,125,26,33,98,73" hai1="126,62,20,66,35,22,87,23,127,34,41,28,39" hai2="116,24,57,53,43,46,18,103,13,134,10,114,8" hai3="90,65,95,91,44,93,3,19,135,30,56,69,96"/><U0/><E39/><V45/><F116/><W16/><G135/><T99/><D37/><U59/><E41/><V78/><F78/><W104/><G3/><T113/><D113/><U82/><E0/><V74/><F74/><W5/><G5/><T38/><D38/><U123/><E123/><V118/><F118/><W80/><G69/><T81/><D120/><U9/><E9/><V60/><F134/><W131/><G131/><T42/><D109/><U94/><E94/><V27/><F114/><W111/><G111/><T110/><D110/><U48/><E48/><V83/><F83/><W122/><G30/><T72/><D125/><N who="1" m="47627" /><E28/><V17/><F103/><W67/><G104/><T36/><D36/><U50/><E50/><V61/><F61/><W128/><G128/><T68/><D102/><U76/><AGARI ba="0,0" hai="20,22,23,34,35,59,62,66,76,82,87" m="47627" machi="76" ten="30,1500,0" yaku="18,1" doraHai="101" who="1" fromWho="1" sc="240,-5,312,15,198,-5,250,-5" /><INIT seed="1,1,0,4,2,12" ten="235,327,193,245" oya="1" hai0="105,60,33,31,50,88,32,130,126,35,108,80,114" hai1="59,29,118,94,5,27,75,13,104,15,133,17,2" hai2="69,24,37,76,57,109,55,44,68,53,74,0,10" hai3="122,132,71,49,43,125,77,34,38,19,119,8,18"/><U47/><E104/><V107/><F107/><W58/><G34/><T51/><D114/><U95/><E75/><V97/><F109/><W63/><G122/><T56/><D105/><U131/><E118/><V14/><F97/><W40/><G119/><T52/><D108/><U134/><E47/><V113/><F113/><W112/><G112/><T120/><D130/><U106/><E106/><V111/><F111/><W116/><G116/><T70/><D126/><U25/><E59/><V36/><F36/><W42/><G38/><T115/><D115/><U84/><E84/><V93/><F0/><W124/><G132/><T103/><D103/><U41/><E41/><V91/><F76/><W98/><G77/><T39/><D39/><U16/><E29/><V85/><F74/><W79/><G79/><T45/><D120/><U82/><E82/><V20/><F37/><W62/><G8/><T22/><D70/><U135/><E2/><V92/><F93/><N who="1" m="35337" /><E5/><V89/><F89/><W66/><G98/><T117/><D117/><U72/><E72/><V46/><F68/><W73/><G49/><T4/><D4/><U99/><E99/><V110/><F110/><W121/><G73/><T64/><D51/><U30/><E131/><V128/><F128/><W123/><G121/><T65/><D31/><U67/><E67/><V1/><F1/><W7/><G7/><T78/><D64/><U28/><E28/><N who="2" m="17415" /><F69/><W86/><G123/><T81/><D78/><U23/><E30/><V9/><F53/><N who="3" m="34127" /><G86/><N who="0" m="50247" /><D81/><U61/><E61/><N who="2" m="36031" /><F10/><AGARI ba="1,0" hai="10,13,15,16,17,23,25,27,133,134,135" m="35337" machi="10" ten="30,11600,0" yaku="20,1,52,2,54,1" doraHai="12" who="1" fromWho="2" sc="235,0,327,119,193,-119,245,0" /><INIT seed="1,2,0,0,5,64" ten="235,446,74,245" oya="1" hai0="53,124,8,131,37,44,68,78,56,88,100,0,66" hai1="107,82,94,80,135,101,3,38,28,20,72,45,91" hai2="22,75,46,98,103,126,69,52,4,35,119,2,51" hai3="87,99,26,76,36,121,105,57,127,7,134,118,86"/><U61/><E3/><V65/><F75/><W43/><G121/><T111/><D111/><U89/><E28/><V25/><F126/><W79/><G127/><T24/><D124/><U85/><E20/><V109/><F109/><W29/><G57/><T11/><D78/><N who="1" m="44103" /><E61/><V92/><F119/><W90/><G87/><T40/><D100/><U60/><E60/><V41/><F2/><W115/><G86/><T42/><D131/><U67/><E67/><V47/><F4/><W32/><G99/><T18/><D40/><U17/><E17/><V102/><F35/><W125/><G90/><T62/><D0/><U114/><E45/><V104/><F104/><W54/><G54/><T106/><D106/><U15/><E15/><V12/><F12/><W16/><G105/><T129/><D129/><U1/><E38/><V49/><F65/><W112/><G36/><T132/><D132/><U97/><E1/><V23/><F23/><W96/><G29/><T74/><D74/><U59/><E59/><V10/><F10/><W83/><G26/><T73/><D73/><U77/><E114/><V128/><F128/><W63/><G115/><T27/><D88/><N who="1" m="33867" /><E135/><V14/><F14/><W48/><G112/><T13/><D11/><U95/><AGARI ba="2,0" hai="77,82,85,94,95,97,101,107" m="33867,44103" machi="95" ten="30,18000,2" yaku="35,5,54,1" doraHai="64" who="1" fromWho="1" sc="235,-62,446,186,74,-62,245,-62" /><INIT seed="1,3,0,2,3,49" ten="173,632,12,183" oya="1" hai0="108,105,54,132,0,16,31,93,121,34,30,122,52" hai1="79,19,96,127,55,10,25,89,123,47,36,135,28" hai2="60,134,23,38,37,111,102,35,119,116,61,32,43" hai3="50,62,67,75,39,103,76,53,65,42,44,117,69"/><U133/><E123/><N who="0" m="47113" /><D105/><U15/><E79/><V20/><F102/><W6/><G117/><T118/><D118/><U129/><E129/><V22/><F43/><W97/><G6/><T115/><D115/><U84/><E96/><V2/><F2/><W128/><G128/><T85/><D108/><U48/><E36/><V126/><F23/><W68/><G76/><T14/><D132/><U88/><E127/><V18/><F18/><W46/><G75/><T83/><D93/><U56/><E56/><V112/><F112/><W114/><G114/><T91/><D0/><U8/><E8/><V124/><REACH who="2" step="1"/><F111/><REACH who="2" ten="173,632,2,183" step="2"/><W12/><G12/><T11/><D34/><U86/><E135/><AGARI ba="3,1" hai="20,22,32,35,37,38,60,61,116,119,124,126,134,135" machi="135" ten="25,6400,0" yaku="1,1,2,1,22,2,53,0" doraHai="49" doraHaiUra="94" who="2" fromWho="1" sc="173,0,632,-73,2,83,183,0" /><INIT seed="2,0,0,0,4,98" ten="173,559,85,183" oya="2" hai0="65,88,28,129,11,81,135,1,55,36,109,58,56" hai1="5,121,48,60,21,133,64,31,30,124,92,99,40" hai2="131,95,7,72,44,41,96,90,123,106,115,75,120" hai3="113,53,130,118,82,67,127,116,14,2,85,79,134"/><V12/><F115/><W19/><G2/><T22/><D109/><U111/><E111/><V62/><F131/><W76/><G130/><T24/><D129/><U112/><E112/><V20/><F62/><W23/><G113/><T103/><D36/><U18/><E5/><V93/><F106/><W117/><G134/><T89/><D135/><U32/><E32/><V54/><F54/><W119/><G127/><T17/><D103/><U105/><E105/><V107/><F107/><W108/><G108/><T37/><D37/><U77/><E77/><V27/><F120/><W100/><G100/><T61/><D81/><U132/><E124/><V51/><F123/><W26/><G67/><T78/><D78/><U59/><E121/><V94/><F95/><W42/><G42/><T50/><D1/><U83/><E83/><V4/><F4/><W73/><G53/><T3/><D3/><U15/><E133/><V57/><F57/><W9/><G76/><T0/><D0/><U16/><E18/><V33/><F33/><W46/><G46/><T71/><D71/><U128/><E132/><V69/><F69/><W126/><G126/><T74/><D74/><U70/><E128/><V68/><F68/><W13/><G13/><AGARI ba="0,0" hai="11,13,17,22,24,28,50,55,56,58,61,65,88,89" machi="13" ten="40,2600,0" yaku="8,1,54,1" doraHai="98" who="0" fromWho="3" sc="173,26,559,0,85,0,183,-26" /><INIT seed="3,0,0,4,0,77" ten="199,559,85,157" oya="3" hai0="3,97,87,14,71,35,51,18,95,53,81,64,34" hai1="22,6,36,55,69,65,128,88,21,105,116,119,41" hai2="98,9,27,135,25,13,54,50,40,92,7,72,125" hai3="26,56,114,8,132,32,30,42,82,103,110,47,109"/><W37/><G114/><T115/><D3/><U46/><E105/><V83/><F125/><W112/><G112/><T133/><D115/><U2/><E128/><V24/><F135/><W58/><G132/><T5/><D133/><U12/><E2/><V124/><F124/><W20/><G103/><N who="0" m="60863" /><D5/><U93/><E55/><V84/><F40/><W127/><G127/><T131/><D34/><U68/><E6/><V48/><F72/><W15/><G32/><T104/><D104/><U38/><E38/><V134/><F134/><W70/><G70/><T33/><D33/><U67/><E67/><V4/><F4/><W73/><G73/><T90/><D35/><U91/><E91/><V79/><REACH who="2" step="1"/><F54/><REACH who="2" ten="199,559,75,157" step="2"/><W130/><G130/><T111/><D131/><U113/><E113/><V107/><F107/><W76/><G109/><T52/><D53/><U10/><E10/><V75/><F75/><W39/><G110/><T126/><D111/><U108/><E108/><V19/><F19/><N who="3" m="8679" /><G37/><T11/><D126/><U28/><E28/><V29/><F29/><W78/><G39/><T101/><D52/><U74/><E74/><V31/><F31/><W96/><G42/><T80/><D51/><U100/><E100/><V0/><F0/><W62/><G30/><T89/><D101/><U120/><E120/><V63/><F63/><W59/><G62/><T49/><D49/><U66/><E69/><V45/><F45/><W99/><G47/><T121/><D18/><N who="1" m="10439" /><E68/><V129/><F129/><W16/><G56/><T85/><D71/><U102/><E119/><V44/><F44/><W43/><G58/><RYUUKYOKU ba="0,1" sc="199,-10,559,-10,75,30,157,-10" hai2="7,9,13,24,25,27,48,50,79,83,84,92,98" owari="189,-1.1,559,65.9,105,-39.5,147,-25.3" /></mjloggm>