<mjloggm ver="2.3"><GO type="225" lobby="0"/><UN n0="%E5%8D%A0%E3%81%84%E5%B8%AB%E8%A3%8F%E3%81%AA%E3%81%84%E3%81%97" n1="%E6%A1%9C%E8%8A%B1%E9%96%83%E3%80%85" n2="%E3%83%B4%E3%83%A0%EF%BC%99%E3%81%A6" n3="%E6%81%A5%E6%99%92%E3%81%97" dan="17,16,16,16" rate="2144.19,2118.58,2101.39,2136.24" sx="M,M,M,M"/><TAIKYOKU oya="0"/><INIT seed="0,0,0,3,2,3" ten="250,250,250,250" oya="0" hai0="50,11,72,111,70,131,76,122,19,39,92,113,6" hai1="22,35,108,56,38,119,100,4,90,84,34,24,128" hai2="71,52,123,106,124,67,105,102,32,47,132,48,97" hai3="13,26,21,27,73,95,10,66,69,45,125,86,33"/><T9/><D113/><U77/><E119/><V60/><F123/><W133/><G73/><T126/><D39/><U79/><E38/><V51/><F124/><W0/><G125/><T121/><D126/><U42/><E108/><V41/><F132/><W109/><G109/><T30/><D111/><U118/><E118/><V64/><F64/><W80/><G133/><T1/><D70/><U98/><E128/><V49/><F105/><W107/><G107/><T54/><D131/><U17/><E42/><V110/><F110/><W117/><G117/><T44/><D30/><U134/><E56/><V46/><REACH who="2" step="1"/><F32/><REACH who="2" ten="250,250,240,250" step="2"/><W23/><G33/><T5/><D122/><U129/><E35/><V63/><F63/><W62/><G62/><T120/><D120/><U7/><E34/><V2/><F2/><W37/><G0/><T61/><D121/><U12/><E134/><V18/><F18/><W88/><G66/><T65/><D19/><U40/><E129/><V20/><F20/><W114/><G23/><T130/><D130/><U75/><E22/><V104/><F104/><W53/><G21/><T99/><D61/><U28/><E17/><V31/><F31/><W82/><G69/><T68/><D65/><U55/><E28/><V16/><F16/><N who="3" m="8247" /><G114/><T127/><D68/><U58/><E12/><V85/><F85/><W14/><G14/><N who="0" m="5423" /><D127/><U96/><E84/><V43/><F43/><W8/><G8/><T115/><D115/><U87/><E40/><V15/><F15/><W83/><G37/><AGARI ba="0,1" hai="37,41,46,47,48,49,51,52,60,67,71,97,102,106" machi="37" ten="30,7700,0" yaku="1,1,7,1,54,1,53,1" doraHai="3" doraHaiUra="103" who="2" fromWho="3" sc="250,0,250,0,240,87,250,-77" /><INIT seed="1,0,0,2,1,122" ten="250,250,327,173" oya="1" hai0="84,81,40,7,105,3,38,70,116,25,125,23,4" hai1="100,45,63,0,10,56,73,114,5,30,121,6,48" hai2="119,32,77,66,104,17,31,74,120,127,8,108,21" hai3="19,57,132,9,71,43,131,54,16,98,96,123,51"/><U29/><E121/><V72/><F120/><W87/><G123/><T68/><D116/><U135/><E114/><V112/><F119/><W67/><G131/><T92/><D105/><U107/><E73/><V89/><F104/><W110/><G132/><T111/><D125/><U61/><E135/><V103/><F103/><W47/><G110/><T36/><D111/><U46/><E6/><V129/><F127/><W11/><G87/><T102/><D68/><U101/><E61/><V12/><F108/><W34/><G34/><T14/><D70/><U124/><E46/><V78/><F66/><W15/><G67/><T49/><D3/><U65/><E124/><V113/><F32/><W128/><G128/><T35/><D35/><U59/><E59/><V41/><F89/><W22/><G71/><T86/><D36/><U117/><E117/><V109/><F41/><W42/><G42/><T28/><D38/><U75/><E75/><V80/><F109/><W13/><REACH who="3" step="1"/><G22/><REACH who="3" ten="250,250,327,163" step="2"/><T88/><D84/><U1/><E1/><V94/><F129/><W126/><G126/><T24/><D23/><U130/><E130/><V2/><F2/><W26/><G26/><T52/><D24/><U18/><E0/><V60/><F74/><W64/><G64/><T53/><D40/><U95/><E65/><V133/><F133/><W93/><G93/><T55/><D14/><U20/><E95/><V99/><F72/><W69/><G69/><T83/><D92/><U91/><E20/><V106/><F21/><W82/><G82/><T79/><D83/><U85/><E107/><V62/><F94/><RYUUKYOKU ba="0,1" sc="250,-10,250,-10,327,-10,163,30" hai3="9,11,13,15,16,19,43,47,51,54,57,96,98" /><INIT seed="2,1,1,3,2,104" ten="240,240,317,193" oya="2" hai0="131,86,122,44,45,21,61,95,53,96,26,52,4" hai1="125,70,75,60,63,42,76,31,9,0,121,78,69" hai2="91,15,115,25,135,67,19,112,133,107,100,119,111" hai3="10,6,118,72,1,62,126,113,84,132,36,3,123"/><V16/><F119/><W13/><G118/><T22/><D122/><U93/><E121/><V94/><F67/><W2/><G36/><T68/><D131/><U51/><E31/><V41/><F41/><W58/><G123/><T90/><D4/><U81/><E125/><V7/><F100/><W12/><G126/><T98/><D68/><U20/><E20/><N who="2" m="13471" /><F107/><W99/><G132/><N who="2" m="50761" /><F111/><W129/><G129/><T64/><D21/><U27/><E70/><V106/><F106/><W103/><G113/><T24/><D24/><U108/><E27/><V66/><F66/><W87/><G13/><T30/><D64/><U18/><E69/><V39/><F39/><W57/><G57/><N who="0" m="34983" /><D53/><U28/><E0/><V105/><F105/><W74/><G87/><T109/><D109/><U29/><E42/><V88/><F7/><W97/><G84/><T35/><D35/><U127/><E108/><V14/><F14/><W116/><G116/><T47/><AGARI ba="1,1" hai="22,26,30,44,45,47,86,90,95,96,98" m="34983" machi="47" ten="30,2000,0" yaku="8,1,54,1" doraHai="104" who="0" fromWho="0" sc="240,33,240,-6,317,-11,193,-6" /><INIT seed="3,0,0,2,2,27" ten="273,234,306,187" oya="3" hai0="105,93,86,11,103,70,54,74,4,77,39,100,81" hai1="106,23,119,76,99,52,41,134,111,7,67,55,127" hai2="117,123,58,95,115,75,126,90,50,82,63,122,43" hai3="89,16,114,47,29,97,66,61,59,85,2,8,30"/><W129/><G129/><T56/><D70/><U14/><E111/><V125/><F115/><W96/><G114/><T72/><D39/><U51/><E127/><N who="2" m="48651" /><F117/><W133/><G133/><T15/><D105/><U17/><E134/><V33/><F33/><W102/><G47/><T62/><D72/><U24/><E119/><V3/><F3/><W80/><G2/><T64/><D74/><U53/><E76/><N who="2" m="44319" /><F50/><W107/><REACH who="3" step="1"/><G96/><REACH who="3" ten="273,234,306,177" step="2"/><T68/><REACH who="0" step="1"/><D93/><REACH who="0" ten="263,234,306,177" step="2"/><U83/><E106/><V57/><F95/><W1/><G1/><T94/><D94/><U40/><E83/><V69/><F122/><W87/><G87/><T118/><D118/><U35/><E99/><V92/><F123/><W31/><G31/><T13/><D13/><AGARI ba="0,2" hai="8,13,16,29,30,59,61,66,80,85,89,97,102,107" machi="13" ten="40,12000,1" yaku="1,1,52,2,54,1,53,1" doraHai="27" doraHaiUra="9" who="3" fromWho="0" sc="263,-120,234,0,306,0,177,140" owari="143,-35.7,234,-16.6,306,10.6,317,41.7" /></mjloggm>