<mjloggm ver="2.3"><GO type="225" lobby="0"/><UN n0="%E3%83%AD%E3%83%83%E3%83%86%E9%9B%80%E7%90%83" n1="%E8%81%B7%E6%A5%AD%E3%80%81%E9%A2%A8%32" n2="%E6%A0%B9%E5%85%83%E3%81%8B%E3%82%89%E5%90%B9%E3%81%A3%E9%A3%9B%E3%81%B6" n3="%E3%81%A1%E3%82%85%E3%81%86%E3%81%A9%E3%81%8F%E8%B1%A1%E3%81%95%E3%82%93" dan="17,16,17,16" rate="2215.52,2134.18,2195.45,2116.19" sx="M,M,F,M"/><TAIKYOKU oya="0"/><INIT seed="0,0,0,5,5,3" ten="250,250,250,250" oya="0" hai0="121,18,128,41,23,66,34,63,5,6,97,135,69" hai1="119,24,98,48,124,2,65,70,12,9,28,108,11" hai2="50,88,114,53,110,99,101,45,7,8,126,61,38" hai3="17,109,94,96,20,129,32,62,0,87,93,30,14"/><T58/><D34/><U80/><E108/><V4/><F110/><W115/><G109/><T56/><D121/><U122/><E119/><V84/><F114/><W103/><G115/><T52/><D128/><U71/><E122/><V15/><F126/><W131/><G0/><T42/><D135/><U134/><E65/><V68/><F38/><W35/><G62/><N who="0" m="38231" /><D69/><U13/><E2/><V60/><F68/><W105/><G30/><T64/><D64/><U26/><E124/><V116/><F116/><W100/><G105/><T86/><D97/><U72/><E134/><V39/><F39/><W46/><G46/><T91/><D42/><U19/><E98/><V120/><F120/><W47/><G47/><T43/><D43/><U22/><E48/><V51/><F51/><W59/><G59/><T27/><D41/><U44/><E44/><V118/><F118/><W81/><G94/><AGARI ba="0,0" hai="5,6,18,23,27,52,56,63,86,91,94" m="38231" machi="94" ten="30,11600,0" yaku="8,1,52,2,54,1" doraHai="3" who="0" fromWho="3" sc="250,116,250,0,250,0,250,-116" /><INIT seed="0,1,0,5,0,97" ten="366,250,250,134" oya="0" hai0="49,37,73,108,131,89,118,52,135,70,32,115,93" hai1="68,119,55,65,134,123,1,85,5,53,34,41,113" hai2="25,24,4,51,38,72,99,28,64,2,54,91,18" hai3="81,88,50,58,125,69,42,101,8,105,100,57,22"/><T48/><RYUUKYOKU type="yao9" ba="1,0" sc="366,0,250,0,250,0,134,0" hai0="32,37,48,49,52,70,73,89,93,108,115,118,131,135" /><INIT seed="0,2,0,5,2,30" ten="366,250,250,134" oya="0" hai0="77,38,107,74,134,105,99,0,67,100,117,11,22" hai1="24,31,127,47,91,104,129,110,53,120,44,41,66" hai2="20,45,80,56,112,103,58,27,119,55,64,81,88" hai3="54,15,122,133,73,68,10,114,5,111,62,34,94"/><T26/><D67/><U18/><E110/><V125/><F112/><W130/><G114/><T37/><D117/><U87/><E104/><V69/><F125/><W36/><G73/><T1/><D134/><U126/><E120/><V3/><F3/><W51/><G122/><T50/><D107/><U92/><E129/><V33/><F33/><W70/><G36/><T61/><D61/><U35/><E66/><V132/><F132/><W98/><G133/><T78/><D50/><U8/><E53/><V46/><F69/><W90/><G130/><T121/><D121/><U63/><E63/><N who="2" m="37991" /><F103/><W43/><G111/><T109/><D109/><U84/><E87/><N who="2" m="50279" /><F81/><W96/><G96/><T115/><D115/><U14/><REACH who="1" step="1"/><E47/><REACH who="1" ten="366,240,250,134" step="2"/><V79/><F119/><W6/><G70/><T13/><D105/><U9/><E9/><V16/><F79/><W83/><G68/><T57/><D78/><U116/><E116/><V95/><F95/><W49/><G10/><T7/><D77/><U102/><E102/><V23/><F23/><W118/><G94/><T21/><D21/><U60/><E60/><AGARI ba="2,1" hai="16,20,27,45,46,55,58,60" m="50279,37991" machi="60" ten="30,3900,0" yaku="8,1,54,2" doraHai="30" who="2" fromWho="1" sc="366,0,240,-45,250,55,134,0" /><INIT seed="1,0,0,4,2,76" ten="366,195,305,134" oya="1" hai0="46,36,84,87,47,60,135,44,28,18,59,91,79" hai1="78,50,114,37,128,92,72,9,33,71,73,54,93" hai2="120,123,112,5,19,4,82,53,108,49,21,27,12" hai3="134,69,68,74,125,109,16,77,80,97,38,20,101"/><U103/><E33/><V88/><F108/><W99/><G109/><T130/><D130/><U7/><E37/><V66/><F66/><W131/><G131/><T45/><D135/><U2/><E71/><V11/><F112/><W107/><G134/><T89/><D36/><U56/><E114/><V98/><F5/><W100/><G125/><T31/><D46/><U70/><E128/><V118/><F118/><W42/><G42/><T48/><D48/><U105/><E70/><V61/><F61/><W132/><G38/><T81/><D18/><U83/><REACH who="1" step="1"/><E73/><REACH who="1" ten="366,185,305,134" step="2"/><V23/><F123/><W104/><REACH who="3" step="1"/><G132/><REACH who="3" ten="366,185,305,124" step="2"/><T121/><D121/><U57/><E57/><V75/><F120/><W117/><G117/><T129/><D129/><U116/><E116/><V40/><F75/><W10/><G10/><T86/><D59/><U119/><E119/><V85/><F11/><W133/><G133/><T67/><D45/><U24/><E24/><AGARI ba="0,2" hai="16,20,24,68,69,74,77,80,97,99,100,101,104,107" machi="24" ten="30,8000,1" yaku="1,1,7,1,9,1,52,1,54,1,53,0" doraHai="76" doraHaiUra="52" who="3" fromWho="1" sc="366,0,185,-80,305,0,124,100" /><INIT seed="2,0,0,1,2,92" ten="366,105,305,224" oya="2" hai0="69,131,20,16,2,55,75,135,17,106,63,13,39" hai1="62,77,118,66,54,86,23,46,111,98,130,10,9" hai2="102,57,83,25,68,84,36,65,124,6,42,40,129" hai3="105,87,107,80,41,35,32,120,76,134,122,26,37"/><V51/><F124/><W45/><G134/><T126/><D75/><U49/><E111/><V19/><F129/><W88/><G76/><T71/><D2/><U59/><E130/><V11/><F36/><W97/><G107/><T29/><D39/><U94/><E118/><V3/><F68/><W50/><G37/><T96/><D29/><U33/><E33/><V12/><F102/><W85/><G85/><T31/><D31/><U18/><E86/><V47/><F42/><W108/><G108/><T58/><D131/><U27/><E77/><V60/><F25/><W100/><REACH who="3" step="1"/><G26/><REACH who="3" ten="366,105,305,214" step="2"/><T91/><D106/><U95/><REACH who="1" step="1"/><E95/><REACH who="1" ten="366,95,305,214" step="2"/><V133/><F133/><W72/><G72/><T73/><D73/><U38/><E38/><V28/><F84/><W115/><G115/><T128/><D135/><U119/><E119/><V79/><F79/><W90/><G90/><AGARI ba="0,2" hai="9,10,18,23,27,46,49,54,59,62,66,90,94,98" machi="90" ten="30,8000,1" yaku="1,1,7,1,8,1,52,1,53,1" doraHai="92" doraHaiUra="44" who="1" fromWho="3" sc="366,0,95,100,305,0,214,-80" /><INIT seed="3,0,0,0,2,90" ten="366,195,305,134" oya="3" hai0="64,25,66,57,62,42,119,93,3,24,17,65,2" hai1="113,23,32,50,80,1,122,124,88,111,10,53,134" hai2="107,117,79,91,133,85,87,82,78,51,73,41,9" hai3="21,103,125,74,126,109,6,105,61,70,43,29,110"/><W44/><G74/><T11/><D119/><U28/><E32/><V36/><F36/><N who="3" m="21607" /><G6/><T81/><D42/><U68/><E1/><V115/><F41/><W55/><G21/><T71/><D71/><U69/><E69/><V63/><F63/><W39/><G39/><T77/><D93/><U58/><E10/><V0/><F0/><W46/><G29/><T86/><D2/><U56/><E23/><V34/><F34/><W114/><G114/><T54/><D3/><U52/><E28/><V19/><F9/><W40/><G103/><T47/><D47/><U30/><E30/><V97/><F19/><W20/><G20/><T94/><D94/><U120/><E68/><V106/><F51/><N who="3" m="27079" /><G105/><N who="2" m="39945" /><F133/><W83/><G83/><T72/><D72/><U132/><E113/><V5/><F5/><W13/><G13/><AGARI ba="0,0" hai="11,13,17,24,25,54,57,62,64,65,66,77,81,86" machi="13" ten="40,1300,0" yaku="8,1" doraHai="90" who="0" fromWho="3" sc="366,13,195,0,305,0,134,-13" owari="379,47.9,195,-20.5,305,10.5,121,-37.9" /></mjloggm>