<mjloggm ver="2.3"><GO type="225" lobby="0"/><UN n0="%E2%98%86%E5%AD%AB%E7%87%95%E5%A7%BF%E2%98%86" n1="%E8%A8%88%E7%AE%97%E6%A9%9F%E8%87%AA%E7%84%B6" n2="%E3%83%B4%E3%83%A0%EF%BC%99%E3%81%A6" n3="%E4%B8%AD%E5%B9%B4%E3%81%AE%E5%8D%B1%E6%A9%9F" dan="16,17,17,16" rate="2159.32,2209.16,2173.72,2091.89" sx="M,M,M,M"/><TAIKYOKU oya="0"/><INIT seed="0,0,0,2,4,114" ten="250,250,250,250" oya="0" hai0="21,33,8,80,27,6,75,44,101,134,88,97,98" hai1="113,119,69,77,125,133,63,87,66,54,83,100,61" hai2="48,93,108,118,3,95,90,52,59,120,99,135,89" hai3="123,20,57,82,68,4,81,129,111,13,115,109,110"/><T39/><D33/><U96/><E113/><V132/><F120/><W1/><G68/><T60/><D134/><N who="2" m="51242" /><F3/><W23/><G115/><T126/><D126/><U16/><E133/><V34/><F34/><W49/><G123/><T64/><D39/><U19/><E125/><V50/><F50/><W127/><G127/><T42/><D75/><U78/><E78/><V12/><F12/><W131/><G1/><T58/><D101/><U46/><E119/><V79/><F79/><W55/><G4/><T106/><D106/><U94/><REACH who="1" step="1"/><E46/><REACH who="1" ten="250,240,250,250" step="2"/><V47/><F47/><W29/><G131/><T2/><D44/><U71/><E71/><V45/><F45/><W104/><G129/><T117/><D42/><U24/><E24/><V14/><F108/><W17/><G104/><T43/><D43/><U30/><E30/><V56/><F56/><AGARI ba="0,1" hai="16,19,54,56,61,63,66,69,77,83,87,94,96,100" machi="56" ten="40,2600,0" yaku="1,1,54,1,53,0" doraHai="114" doraHaiUra="36" who="1" fromWho="2" sc="250,0,240,36,250,-26,250,0" /><INIT seed="1,0,0,3,1,24" ten="250,276,224,250" oya="1" hai0="111,95,72,30,108,34,88,123,6,133,93,19,99" hai1="41,130,22,3,60,9,96,107,98,2,126,35,84" hai2="15,78,5,86,82,103,38,8,101,17,21,112,40" hai3="125,135,129,121,51,76,29,91,25,52,13,114,100"/><U62/><E35/><V23/><F112/><W27/><G121/><T53/><D72/><U49/><E130/><V90/><F38/><W16/><G114/><T109/><D123/><U36/><E36/><V127/><F127/><W1/><G1/><T67/><D133/><U10/><E22/><V113/><F113/><W0/><G0/><T56/><D67/><U89/><E126/><V45/><F90/><W57/><G125/><T48/><D6/><U131/><E131/><V54/><F54/><W47/><G129/><T104/><D104/><U120/><E120/><V37/><REACH who="2" step="1"/><F23/><REACH who="2" ten="250,276,214,250" step="2"/><N who="3" m="15551" /><G135/><T50/><D34/><U33/><E33/><V117/><F117/><W69/><G69/><T68/><D68/><U110/><E89/><V11/><F11/><N who="3" m="6207" /><G27/><AGARI ba="0,1" hai="5,8,15,17,21,27,37,40,45,78,82,86,101,103" machi="27" ten="30,2000,0" yaku="1,1,7,1,53,0" doraHai="24" doraHaiUra="92" who="2" fromWho="3" sc="250,0,276,0,214,30,250,-20" /><INIT seed="2,0,0,4,3,59" ten="250,276,244,230" oya="2" hai0="99,85,116,8,18,80,66,128,58,68,41,83,14" hai1="133,34,23,84,72,36,95,4,46,57,48,61,10" hai2="104,40,75,63,29,130,102,3,27,94,126,98,103" hai3="67,117,49,64,19,122,114,22,107,109,32,131,33"/><V101/><F3/><W132/><G107/><T88/><D68/><U70/><E34/><V13/><F75/><W86/><G122/><T52/><D128/><U56/><E36/><V35/><F130/><W15/><G117/><T73/><D116/><U39/><E39/><V2/><F2/><W96/><G131/><T82/><D66/><U110/><E72/><V106/><F126/><W120/><G120/><T53/><D41/><U76/><E70/><V55/><F40/><W16/><G114/><T9/><D99/><U93/><E110/><V37/><F37/><W30/><G109/><T54/><D73/><U134/><E56/><V17/><F106/><W0/><G96/><T51/><D8/><U42/><E23/><V44/><F104/><W24/><G32/><T92/><AGARI ba="0,0" hai="9,14,18,51,52,53,54,58,80,82,83,85,88,92" machi="92" ten="30,7900,0" yaku="0,1,8,1,54,2" doraHai="59" who="0" fromWho="0" sc="250,79,276,-20,244,-39,230,-20" /><INIT seed="3,0,0,3,4,60" ten="329,256,205,210" oya="3" hai0="62,86,21,83,106,93,57,15,98,97,1,34,88" hai1="129,59,122,116,96,67,11,130,41,132,79,32,118" hai2="37,58,33,135,63,19,103,47,39,112,108,44,75" hai3="71,22,26,52,111,76,126,134,114,50,53,31,46"/><W45/><G114/><T81/><D1/><U6/><E122/><V18/><F112/><W101/><G71/><T38/><D34/><U20/><E32/><V12/><F33/><W117/><G117/><N who="1" m="45162" /><E41/><V91/><F75/><W17/><G126/><T56/><D38/><U84/><E20/><N who="2" m="11335" /><F37/><W68/><G68/><T61/><D106/><U92/><E132/><V115/><F39/><W78/><G134/><T49/><D49/><U25/><E25/><V54/><F115/><W121/><G121/><T36/><D36/><U24/><E24/><V64/><F135/><W85/><G111/><T110/><D83/><N who="1" m="47231" /><E59/><N who="2" m="36991" /><F108/><W14/><G101/><T104/><D104/><U28/><E67/><V48/><F103/><W105/><G105/><T127/><D127/><U66/><E66/><V73/><F73/><W0/><G0/><T124/><D124/><U77/><E77/><V35/><F35/><W7/><G76/><T8/><D110/><U120/><E28/><V55/><F54/><N who="3" m="30031" /><G31/><T133/><D133/><U80/><E80/><V119/><F119/><W3/><G3/><T30/><D81/><U87/><E120/><V99/><F19/><W131/><G78/><T13/><D30/><U29/><E29/><V89/><F89/><W10/><G131/><T109/><D109/><U40/><E40/><V9/><F9/><W74/><G74/><T2/><D2/><N who="1" m="471" /><E130/><V113/><F113/><W125/><G125/><T107/><D107/><U94/><E129/><V95/><AGARI ba="0,0" hai="44,47,48,55,58,91,95,99" m="36991,11335" machi="95" ten="30,2000,0" yaku="8,1,52,1" doraHai="60" who="2" fromWho="2" sc="329,-5,256,-5,205,20,210,-10" owari="324,42.4,251,5.1,225,-17.5,200,-30.0" /></mjloggm>