<mjloggm ver="2.3"><GO type="225" lobby="0"/><UN n0="%E3%83%8F%E3%83%B3%E3%83%89%E3%83%A9%E3%83%BC%E3%83%BB%E3%83%AF%E3%83%B3" n1="%6D%75%75%73%61%6E%6D%75" n2="%E3%81%8B%E3%82%8F%E3%81%A1%E3%82%83%E3%82%93%35%38" n3="%72%69%6F%75%63%68%61%6E" dan="17,17,16,16" rate="2187.20,2144.02,2178.35,2201.19" sx="M,F,M,M"/><TAIKYOKU oya="0"/><INIT seed="0,0,0,1,2,36" ten="250,250,250,250" oya="0" hai0="23,55,86,66,128,57,135,111,132,70,33,87,22" hai1="52,19,119,74,16,100,10,85,50,17,127,54,81" hai2="27,59,46,134,69,131,24,122,8,93,13,82,78" hai3="37,39,123,117,84,133,2,124,125,101,115,60,89"/><T79/><D33/><U25/><E119/><V73/><F122/><W28/><G115/><T72/><D128/><U99/><E127/><N who="3" m="48714" /><G117/><T102/><D72/><U3/><E74/><V32/><F69/><W49/><G2/><T98/><D66/><U21/><E3/><V80/><F32/><W104/><G133/><N who="0" m="51275" /><D70/><U40/><E10/><V14/><F134/><W65/><G123/><T67/><D67/><U42/><E99/><V95/><F131/><W88/><G28/><T113/><D113/><U45/><E100/><V0/><F0/><W130/><G130/><T64/><D64/><U83/><E54/><V58/><F73/><W34/><G34/><T6/><D6/><U76/><E81/><V26/><F82/><N who="3" m="49175" /><G89/><T77/><D87/><U53/><E53/><V7/><F7/><W61/><G61/><N who="0" m="36031" /><D111/><U29/><AGARI ba="0,0" hai="16,17,19,21,25,29,40,42,45,50,52,76,83,85" machi="29" ten="30,12000,2" yaku="0,1,8,1,52,2,54,2" doraHai="36" who="1" fromWho="1" sc="250,-60,250,120,250,-30,250,-30" /><INIT seed="1,0,0,2,4,28" ten="190,370,220,220" oya="1" hai0="110,48,119,46,24,118,97,77,103,39,100,131,82" hai1="73,113,26,54,65,92,101,41,133,20,4,79,0" hai2="125,94,29,34,115,121,83,45,85,12,2,71,90" hai3="70,27,81,91,36,129,88,51,15,108,31,128,11"/><U3/><E113/><V38/><F2/><W80/><G36/><T98/><D39/><U87/><E133/><V7/><F121/><W23/><G108/><T21/><D110/><U30/><E73/><V105/><F105/><W25/><G70/><T112/><D112/><U6/><E41/><V126/><F71/><W135/><G135/><T16/><D131/><N who="3" m="50249" /><G51/><T96/><D119/><U114/><E114/><V127/><F115/><W120/><G120/><T63/><D63/><U66/><E3/><V124/><F124/><W93/><G25/><T106/><D118/><U55/><E0/><V13/><F7/><N who="1" m="2601" /><E79/><V9/><F9/><W57/><G57/><T76/><D106/><U95/><E87/><V19/><F19/><N who="3" m="8703" /><G91/><T50/><D50/><U42/><E42/><N who="2" m="22743" /><F83/><W22/><G23/><T53/><REACH who="0" step="1"/><D77/><REACH who="0" ten="180,370,220,220" step="2"/><U104/><E104/><V130/><F130/><W59/><G59/><T84/><AGARI ba="0,1" hai="16,21,24,46,48,53,76,82,84,96,97,98,100,103" machi="84" ten="30,8000,1" yaku="1,1,2,1,0,1,8,1,54,1,53,0" doraHai="28" doraHaiUra="109" who="0" fromWho="0" sc="180,90,370,-40,220,-20,220,-20" /><INIT seed="2,0,0,5,0,35" ten="270,330,200,200" oya="2" hai0="88,134,89,25,39,131,54,41,123,2,58,129,132" hai1="133,92,120,127,106,16,101,9,23,64,91,13,52" hai2="20,17,33,24,87,84,81,6,31,72,117,34,69" hai3="126,80,109,104,65,125,37,62,49,22,29,19,53"/><V12/><F69/><W99/><G37/><T111/><D25/><N who="1" m="14567" /><E106/><V82/><F117/><W116/><G109/><T95/><D111/><U76/><E133/><N who="0" m="51305" /><D123/><U94/><E120/><V57/><F72/><W27/><G116/><T67/><D2/><U10/><E127/><V4/><F34/><W55/><G80/><T108/><D67/><U128/><E128/><N who="0" m="49225" /><D108/><U48/><E64/><V96/><F96/><W11/><G99/><T75/><D75/><U78/><E101/><V114/><F114/><W60/><G104/><T135/><N who="0" m="51313" /><T118/><DORA hai="0" /><D118/><U51/><E51/><V85/><REACH who="2" step="1"/><F57/><REACH who="2" ten="270,330,190,200" step="2"/><N who="3" m="37007" /><G62/><N who="0" m="36183" /><D95/><U15/><E94/><V26/><F26/><W73/><G73/><T102/><D102/><U103/><E103/><V70/><F70/><W98/><G126/><T43/><D39/><U130/><E130/><V115/><F115/><W40/><G125/><T42/><AGARI ba="0,1" hai="41,42,43,88,89" m="36183,49225,51313" machi="42" ten="50,6400,0" yaku="20,1,19,1,54,1" doraHai="35,0" who="0" fromWho="0" sc="270,74,330,-16,190,-32,200,-16" /><INIT seed="3,0,0,2,3,4" ten="344,314,158,184" oya="3" hai0="31,59,6,58,105,116,37,72,60,82,43,127,121" hai1="63,3,33,99,57,50,41,113,132,124,18,88,51" hai2="56,98,114,134,30,78,91,8,80,122,5,73,68" hai3="40,61,83,25,94,2,111,125,129,75,1,84,24"/><W36/><G125/><T109/><D116/><U118/><E113/><V16/><F114/><W106/><G106/><T34/><D105/><U79/><E33/><V96/><F68/><W12/><G129/><T0/><D121/><U42/><E124/><V10/><F30/><W9/><G111/><T23/><D23/><U64/><E132/><V100/><F134/><W62/><G75/><T120/><D120/><U93/><E118/><V65/><F122/><W19/><G36/><T55/><D109/><U11/><E79/><V87/><F16/><N who="3" m="8207" /><G40/><N who="1" m="15466" /><E3/><V49/><F5/><W15/><G94/><T48/><D6/><U112/><E112/><V32/><F32/><W54/><G1/><T70/><D0/><U44/><E44/><V53/><F65/><W90/><G2/><T103/><D127/><U95/><E95/><N who="2" m="54783" /><F96/><W135/><G135/><T45/><D34/><U104/><E104/><AGARI ba="0,0" hai="8,10,49,53,56,73,78,80,98,100,104" m="54783" machi="104" ten="30,3900,0" yaku="24,1,52,2" doraHai="4" who="2" fromWho="1" sc="344,0,314,-39,158,39,184,0" owari="344,44.4,275,7.5,197,-20.3,184,-31.6" /></mjloggm>