<mjloggm ver="2.3"><GO type="225" lobby="0"/><UN n0="%72%65%6E%6B%75%6E" n1="%E3%81%B5%E3%81%98%E3%81%8B%E3%81%A4" n2="%E3%81%8C%E3%81%9F" n3="%72%69%6F%75%63%68%61%6E" dan="17,16,17,16" rate="2207.94,2206.94,2130.99,2126.52" sx="M,M,M,M"/><TAIKYOKU oya="0"/><INIT seed="0,0,0,4,4,80" ten="250,250,250,250" oya="0" hai0="119,27,109,34,74,97,14,132,22,45,58,122,71" hai1="95,7,104,82,53,134,50,21,46,13,6,4,62" hai2="94,10,72,2,110,105,32,37,0,81,103,88,20" hai3="49,31,101,40,130,28,1,96,98,36,24,107,78"/><T99/><D71/><U51/><E104/><V126/><F32/><W39/><G130/><T30/><D74/><U93/><E134/><V41/><F110/><W106/><G1/><T121/><D119/><U68/><E68/><V124/><F20/><W61/><G78/><T23/><D132/><U112/><E112/><V114/><F114/><W35/><G31/><T127/><D127/><N who="2" m="48682" /><F105/><W123/><G123/><T54/><D109/><U76/><E62/><V84/><F10/><W77/><G77/><T113/><D113/><U91/><E51/><V9/><F9/><W87/><G87/><T89/><D45/><U8/><E21/><V43/><F72/><W111/><G111/><T70/><D70/><U17/><REACH who="1" step="1"/><E91/><REACH who="1" ten="250,240,250,250" step="2"/><V29/><F29/><W11/><G61/><T115/><D115/><U15/><E15/><V75/><F75/><AGARI ba="0,1" hai="4,6,7,8,13,17,46,50,53,75,76,82,93,95" machi="75" ten="40,1300,0" yaku="1,1,53,0" doraHai="80" doraHaiUra="128" who="1" fromWho="2" sc="250,0,240,23,250,-13,250,0" /><INIT seed="1,0,0,0,2,126" ten="250,263,237,250" oya="1" hai0="94,127,129,95,71,96,22,104,83,33,20,11,55" hai1="34,73,3,100,80,105,62,48,31,81,86,28,84" hai2="63,36,87,32,108,103,47,58,51,93,45,90,44" hai3="70,42,49,89,38,121,92,85,74,9,123,41,13"/><U30/><E3/><V116/><F116/><W21/><G74/><T64/><D33/><U17/><E73/><V35/><F36/><W6/><G70/><T69/><D127/><U67/><E48/><V16/><F108/><W54/><G38/><T10/><D83/><U60/><E34/><V134/><F134/><W79/><G79/><T1/><D55/><U14/><E105/><V24/><F103/><W50/><G21/><T59/><D59/><U114/><E114/><V5/><F5/><W56/><REACH who="3" step="1"/><G49/><REACH who="3" ten="250,263,237,240" step="2"/><T115/><D71/><U117/><E117/><V128/><F128/><W27/><G27/><T46/><D22/><N who="1" m="11575" /><E67/><V25/><F51/><W82/><G82/><N who="1" m="31850" /><E100/><V135/><F135/><W18/><G18/><T106/><D64/><U112/><E112/><V75/><F75/><W23/><G23/><T119/><D20/><U26/><E26/><V12/><F32/><W7/><G7/><T53/><D69/><U125/><E125/><V111/><F35/><W76/><G76/><T98/><D115/><U2/><E2/><V19/><F111/><W15/><G15/><T66/><D1/><U37/><E37/><V29/><F29/><W102/><G102/><T97/><D66/><U88/><E88/><V77/><F77/><W113/><G113/><T131/><D119/><U78/><E78/><V57/><F19/><W122/><AGARI ba="0,1" hai="6,9,13,41,42,50,54,56,85,89,92,121,122,123" machi="122" ten="30,8000,1" yaku="1,1,0,1,53,3" doraHai="126" doraHaiUra="118" who="3" fromWho="3" sc="250,-20,263,-40,237,-20,240,90" /><INIT seed="2,0,0,3,5,46" ten="230,223,217,330" oya="2" hai0="109,28,117,120,21,108,106,13,119,2,53,67,115" hai1="122,128,100,63,35,132,51,4,58,107,135,29,59" hai2="5,98,114,101,40,38,47,44,80,130,34,73,78" hai3="92,102,87,110,75,64,12,18,68,66,48,88,17"/><V81/><F114/><W19/><G75/><T52/><D106/><U104/><E122/><V60/><F34/><W113/><G113/><T50/><D115/><U33/><E4/><V127/><F130/><W79/><G110/><N who="0" m="42603" /><D2/><U82/><E82/><V96/><F127/><W14/><G79/><T131/><D120/><U65/><E128/><V74/><F60/><W95/><G68/><T76/><D131/><U25/><E35/><V56/><F56/><W27/><G27/><N who="0" m="16495" /><D67/><N who="3" m="25641" /><G48/><T72/><D13/><N who="3" m="5225" /><G102/><T39/><D39/><U70/><E70/><V83/><F5/><W85/><G95/><T11/><D11/><U103/><E104/><V118/><F118/><N who="0" m="45066" /><D50/><U90/><E107/><V36/><F101/><W93/><G92/><T9/><D9/><U123/><E123/><V105/><F105/><W99/><AGARI ba="0,0" hai="17,18,19,85,87,88,93,99" m="5225,25641" machi="99" ten="30,2000,0" yaku="8,1,54,1" doraHai="46" who="3" fromWho="3" sc="230,-5,223,-5,217,-10,330,20" /><INIT seed="3,0,0,4,4,11" ten="225,218,207,350" oya="3" hai0="51,105,54,131,49,129,60,59,128,10,125,123,40" hai1="96,94,116,78,4,9,32,77,124,0,86,87,6" hai2="29,20,61,83,80,17,99,71,134,3,81,126,48" hai3="120,108,74,46,122,23,47,101,91,34,65,132,16"/><W121/><G34/><T112/><D105/><U90/><E32/><V68/><F3/><W7/><G74/><T73/><D73/><U110/><E110/><V53/><F126/><W79/><G108/><T111/><D111/><U103/><E124/><V15/><F134/><W36/><G79/><N who="1" m="30218" /><E0/><V66/><F99/><W82/><G7/><N who="1" m="2602" /><E116/><V85/><F29/><W70/><G101/><T14/><D125/><U22/><E9/><V57/><REACH who="2" step="1"/><F85/><REACH who="2" ten="225,218,197,350" step="2"/><N who="1" m="32265" /><E22/><V43/><F43/><W127/><G23/><T37/><D112/><U84/><E84/><V35/><F35/><W109/><G127/><T93/><D40/><U1/><E1/><V119/><F119/><W38/><G132/><T28/><D28/><U30/><E30/><V97/><F97/><W33/><G33/><T115/><D115/><U106/><E106/><V50/><F50/><W72/><G122/><T75/><D75/><U45/><E45/><AGARI ba="0,1" hai="15,17,20,45,48,53,57,61,66,68,71,80,81,83" machi="45" ten="40,2600,0" yaku="1,1,52,1,53,0" doraHai="11" doraHaiUra="102" who="2" fromWho="1" sc="225,0,218,-26,197,36,350,0" owari="225,-17.5,192,-30.8,233,3.3,350,45.0" /></mjloggm>