<mjloggm ver="2.3"><GO type="225" lobby="0"/><UN n0="%77%72%77%72%77%72%77%72" n1="%E7%89%B9%E6%9D%B1%E3%81%AF%E4%B8%96%E7%95%8C%E3%82%92%E6%95%91%E3%81%86" n2="%E3%82%B2%E3%82%B9%E8%8C%82%E5%8B%9D" n3="%E3%82%BC%E3%83%AB%E3%83%80%E3%81%AE%E4%BC%9D%E8%AA%AC" dan="16,16,16,17" rate="2090.40,2100.63,2060.61,2256.80" sx="M,M,F,M"/><TAIKYOKU oya="0"/><INIT seed="0,0,0,0,2,134" ten="250,250,250,250" oya="0" hai0="26,75,71,47,122,113,41,88,27,22,101,89,91" hai1="64,74,32,61,98,115,126,45,85,53,70,65,10" hai2="58,4,66,49,105,48,63,77,25,78,42,59,38" hai3="17,130,111,30,128,73,12,19,83,90,95,131,37"/><T129/><D113/><U93/><E74/><V62/><F105/><W36/><G111/><T54/><D122/><U16/><E32/><V104/><F104/><W1/><G1/><T110/><D75/><U20/><E115/><V109/><F109/><W3/><G3/><T51/><D110/><U94/><E126/><V69/><F4/><W29/><G83/><T23/><D129/><U68/><E10/><V119/><F25/><W124/><G73/><T28/><D101/><U127/><E127/><V72/><F72/><W34/><G124/><T56/><D71/><U86/><E94/><V14/><F14/><W18/><G12/><T50/><REACH who="0" step="1"/><D91/><REACH who="0" ten="240,250,250,250" step="2"/><U15/><E70/><V0/><F119/><W132/><G132/><T52/><D52/><U103/><REACH who="1" step="1"/><E65/><REACH who="1" ten="240,240,250,250" step="2"/><V33/><F69/><W121/><G121/><T5/><D5/><U82/><E82/><V133/><F133/><W55/><G128/><T31/><AGARI ba="0,2" hai="22,23,26,27,28,31,41,47,50,51,54,56,88,89" machi="31" ten="20,18000,2" yaku="1,1,0,1,7,1,9,1,8,1,54,1,53,0" doraHai="134" doraHaiUra="100" who="0" fromWho="0" sc="240,200,240,-60,250,-60,250,-60" /><INIT seed="0,1,0,1,0,79" ten="440,180,190,190" oya="0" hai0="15,101,82,114,31,24,75,89,85,58,14,122,98" hai1="134,56,10,20,29,19,1,115,133,50,42,135,117" hai2="57,104,39,3,16,6,68,73,111,127,81,13,121" hai3="21,23,64,87,119,118,43,74,40,69,106,123,112"/><T132/><D114/><U107/><E117/><V126/><F68/><W113/><G74/><T17/><D122/><U11/><E107/><V93/><F104/><W65/><G106/><T88/><D132/><U63/><E115/><V100/><F121/><W95/><G87/><T36/><D36/><U25/><E1/><V35/><F35/><W41/><G41/><T96/><D75/><U67/><REACH who="1" step="1"/><E29/><REACH who="1" ten="440,170,190,190" step="2"/><V130/><F3/><W84/><G123/><T116/><D116/><U18/><E18/><V9/><F6/><W91/><G113/><T32/><D17/><U83/><E83/><V110/><F130/><W102/><G112/><T109/><D109/><U78/><E78/><N who="2" m="44239" /><F110/><W92/><G118/><T71/><D82/><U33/><E33/><V8/><F111/><W49/><G119/><T5/><D31/><U37/><E37/><V28/><F28/><W99/><G92/><T66/><D5/><U86/><E86/><V77/><F39/><W124/><G84/><T76/><D32/><U47/><AGARI ba="1,1" hai="10,11,19,20,25,42,47,50,56,63,67,133,134,135" machi="47" ten="40,5200,0" yaku="1,1,0,1,20,1,53,0" doraHai="79" doraHaiUra="80" who="1" fromWho="1" sc="440,-27,170,65,190,-14,190,-14" /><INIT seed="1,0,0,2,0,2" ten="413,235,176,176" oya="1" hai0="130,129,27,50,33,19,108,28,20,18,41,61,65" hai1="45,116,88,90,75,100,58,123,96,135,24,111,101" hai2="68,39,54,91,56,60,13,105,114,122,133,102,5" hai3="55,77,62,10,38,92,85,124,36,1,98,4,128"/><U103/><E116/><V109/><F122/><W21/><G124/><T63/><D108/><U52/><E123/><V48/><F114/><W125/><G125/><T57/><D63/><U112/><E112/><V11/><F133/><W31/><G128/><N who="0" m="49259" /><D33/><U7/><E135/><V117/><F117/><W22/><G77/><T70/><D70/><U40/><E75/><V6/><F109/><W66/><G85/><T9/><D9/><U46/><E111/><V95/><F39/><W69/><G55/><T71/><D71/><U64/><E64/><N who="2" m="38919" /><F68/><W25/><REACH who="3" step="1"/><G22/><REACH who="3" ten="413,235,176,166" step="2"/><T86/><D86/><U93/><E52/><V78/><F78/><W89/><AGARI ba="0,1" hai="1,4,10,21,25,31,36,38,62,66,69,89,92,98" machi="89" ten="20,12000,2" yaku="1,1,2,1,0,1,7,1,52,1,53,1" doraHai="2" doraHaiUra="0" who="3" fromWho="3" sc="413,-30,235,-60,176,-30,166,130" /><INIT seed="2,0,0,5,5,31" ten="383,175,146,296" oya="2" hai0="15,114,96,65,41,7,99,34,23,60,42,76,104" hai1="129,92,64,59,46,35,100,117,126,11,56,58,69" hai2="29,63,91,21,1,116,72,86,66,103,27,105,71" hai3="127,78,52,24,26,6,50,98,95,115,25,32,112"/><V79/><F116/><W123/><G123/><T120/><D34/><U19/><E117/><V75/><F1/><W130/><G127/><T135/><D114/><N who="3" m="43561" /><G130/><T122/><D135/><U113/><E113/><V83/><F103/><N who="3" m="60895" /><G78/><T101/><D99/><U4/><E129/><V8/><F105/><W90/><G6/><T119/><D119/><U28/><E126/><V17/><F79/><W20/><G90/><T48/><D76/><U18/><E46/><V2/><F2/><W125/><G125/><T9/><D23/><U67/><E92/><V102/><F102/><W132/><G132/><T82/><D82/><U109/><E100/><V62/><F62/><W44/><G32/><T33/><D33/><U37/><E37/><V106/><F106/><W61/><G61/><T36/><D36/><U84/><E84/><V53/><F53/><W110/><G110/><T134/><D134/><U57/><E109/><V124/><F124/><W97/><G97/><T94/><D104/><U30/><E35/><V68/><REACH who="2" step="1"/><F71/><REACH who="2" ten="383,175,136,296" step="2"/><W22/><AGARI ba="0,1" hai="20,22,24,25,26,44,50,52" m="60895,43561" machi="22" ten="40,2700,0" yaku="11,1,54,1" doraHai="31" who="3" fromWho="3" sc="383,-7,175,-7,136,-13,296,37" /><INIT seed="3,0,0,5,4,44" ten="376,168,123,333" oya="3" hai0="66,39,26,16,80,46,71,118,83,114,55,21,49" hai1="5,91,64,129,54,58,103,47,100,121,123,112,42" hai2="97,105,12,29,109,63,25,85,67,17,48,127,9" hai3="84,4,61,35,3,78,87,56,45,107,19,106,65"/><W20/><G35/><T62/><D118/><U23/><E64/><V22/><F127/><W81/><G84/><T133/><D133/><U128/><E5/><V122/><F122/><W72/><G72/><T96/><D114/><U41/><E112/><V126/><F126/><W57/><G57/><N who="0" m="33007" /><D96/><U125/><E125/><V82/><F109/><W102/><G102/><N who="1" m="38954" /><E91/><V33/><F97/><W104/><G45/><T119/><D119/><U135/><E23/><V53/><F105/><W68/><G68/><T95/><D95/><U124/><E135/><V93/><F93/><W79/><G79/><T88/><D88/><U11/><E11/><V24/><F63/><W60/><G60/><T120/><D120/><N who="1" m="46155" /><E47/><V108/><F108/><W134/><G134/><T10/><D10/><U74/><E74/><V111/><F111/><W70/><G70/><T73/><D73/><U51/><E124/><V14/><F67/><W2/><REACH who="3" step="1"/><G4/><REACH who="3" ten="376,168,123,323" step="2"/><T37/><D37/><U0/><E128/><V132/><F132/><W6/><G6/><T115/><D115/><U75/><E75/><V18/><F33/><W130/><G130/><T94/><D94/><U69/><E69/><V131/><F131/><W113/><G113/><T34/><D34/><U7/><E129/><V40/><F40/><AGARI ba="0,1" hai="16,21,26,39,40,46,62,66,71,80,83" m="33007" machi="40" ten="30,3900,0" yaku="24,1,52,1,54,1" doraHai="44" who="0" fromWho="2" sc="376,49,168,0,123,-39,323,0" owari="425,52.5,168,-23.2,84,-41.6,323,12.3" /></mjloggm>