<mjloggm ver="2.3"><GO type="225" lobby="0"/><UN n0="%E8%A6%9A%E9%86%92%E3%81%97%E3%81%9F%E3%81%A8%E3%81%BE%E3%81%A8" n1="%E4%BF%BA%E3%81%A8%E5%A6%96%E5%A4%A2" n2="%E6%B4%BE%E9%81%A3%E3%81%AE%E3%82%B8%E3%83%A3%E3%83%83%E3%82%AF" n3="%E6%9D%B1%E9%A2%A8%E3%81%AE%E3%81%8D%E3%82%83%E3%81%B7%E3%81%95%E3%82%93" dan="16,17,17,17" rate="2158.71,2209.73,2223.65,2199.82" sx="M,F,M,M"/><TAIKYOKU oya="0"/><INIT seed="0,0,0,2,1,70" ten="250,250,250,250" oya="0" hai0="10,27,91,18,31,103,132,64,40,109,39,36,113" hai1="56,65,61,54,120,7,130,24,8,53,4,87,83" hai2="89,105,3,22,6,100,20,123,102,30,76,15,129" hai3="115,19,37,12,126,71,82,60,55,81,62,44,133"/><T42/><D113/><U135/><E120/><V45/><F123/><W86/><G115/><T33/><D132/><U125/><E135/><V13/><F76/><W85/><G133/><T121/><D121/><U79/><E130/><V88/><F129/><W5/><G5/><T17/><D103/><N who="2" m="39466" /><F3/><W72/><G72/><T47/><D109/><U57/><E125/><V38/><F38/><W25/><G25/><T131/><D131/><U28/><E8/><N who="2" m="4247" /><F105/><W118/><G118/><T68/><D91/><N who="2" m="34890" /><F30/><W1/><G1/><T48/><D10/><U90/><E79/><V2/><F2/><W119/><G119/><T134/><D134/><U124/><E124/><V51/><F15/><W23/><G126/><T75/><D75/><U43/><E43/><AGARI ba="0,0" hai="20,22,43,45,51" m="34890,4247,39466" machi="43" ten="30,2000,0" yaku="8,1,54,1" doraHai="70" who="2" fromWho="1" sc="250,0,250,-20,250,20,250,0" /><INIT seed="1,0,0,3,4,129" ten="250,230,270,250" oya="1" hai0="3,104,59,126,98,66,48,6,65,9,87,105,118" hai1="114,78,45,115,124,74,43,132,122,91,102,37,13" hai2="68,69,34,25,63,28,11,10,121,127,12,108,73" hai3="58,2,5,106,7,53,107,20,30,46,29,97,26"/><U110/><E122/><V70/><F121/><W96/><G46/><T64/><D118/><U55/><E102/><V81/><F108/><W134/><G134/><T76/><D126/><U84/><E124/><V22/><F127/><W89/><G29/><T82/><REACH who="0" step="1"/><D98/><REACH who="0" ten="240,230,270,250" step="2"/><U83/><E110/><V0/><F0/><W111/><G111/><T130/><D130/><U77/><E114/><V95/><F68/><W41/><G2/><T62/><D62/><U40/><E115/><V56/><F69/><W19/><G96/><T116/><D116/><U61/><E132/><V120/><F70/><W90/><G97/><T52/><AGARI ba="0,1" hai="3,6,9,48,52,59,64,65,66,76,82,87,104,105" machi="52" ten="30,4000,0" yaku="1,1,0,1,54,1,53,0" doraHai="129" doraHaiUra="24" who="0" fromWho="0" sc="240,50,230,-20,270,-10,250,-10" /><INIT seed="2,0,0,4,2,121" ten="290,210,260,240" oya="2" hai0="111,125,76,80,135,127,23,38,21,113,131,106,94" hai1="46,83,103,96,124,40,42,95,41,85,100,19,35" hai2="9,39,109,68,24,49,0,110,128,61,98,43,129" hai3="26,115,89,114,60,82,55,72,1,101,48,44,16"/><V51/><F24/><W34/><G1/><T45/><D106/><U73/><E35/><V133/><F98/><W50/><G101/><T122/><D122/><U25/><E73/><V36/><F133/><W7/><G7/><T31/><D113/><N who="3" m="43017" /><G34/><T102/><D135/><U5/><E124/><N who="0" m="47689" /><D131/><N who="2" m="50250" /><F9/><W10/><G60/><T59/><D31/><U70/><E70/><V2/><F2/><W64/><G64/><T105/><D105/><U58/><E58/><V97/><F97/><W91/><G50/><N who="2" m="18953" /><F0/><W47/><G47/><T56/><D102/><U120/><E120/><V63/><F63/><W87/><G72/><T86/><D45/><U117/><E46/><N who="2" m="23911" /><F39/><W30/><G30/><T78/><D38/><U108/><E100/><V126/><F126/><W4/><G4/><T112/><D112/><U79/><E5/><V12/><F12/><N who="3" m="7191" /><G26/><T134/><D134/><U57/><E25/><V69/><F69/><W3/><G3/><T13/><D13/><U18/><E18/><V75/><F75/><W27/><G27/><T17/><D17/><U32/><E19/><V37/><F37/><W123/><G123/><T107/><D107/><U99/><E32/><V62/><F62/><W53/><G53/><T54/><D54/><U81/><E103/><V77/><F77/><AGARI ba="0,0" hai="44,48,55,77,82,87,89,91" m="7191,43017" machi="77" ten="30,2000,0" yaku="11,1,54,1" doraHai="121" who="3" fromWho="2" sc="290,0,210,0,260,-20,240,20" /><INIT seed="3,0,0,2,4,97" ten="290,210,240,260" oya="3" hai0="110,107,98,105,64,28,18,88,56,82,106,0,67" hai1="83,60,72,96,3,84,1,63,109,100,81,121,127" hai2="32,54,37,41,124,93,5,46,130,116,78,12,30" hai3="44,31,114,70,13,115,86,19,23,42,58,11,22"/><W108/><G70/><T24/><D0/><U77/><E109/><V9/><F116/><W95/><G108/><T134/><D110/><U66/><E127/><V104/><F104/><W118/><G58/><T29/><D134/><U111/><E111/><V55/><F124/><W7/><G118/><T99/><D18/><U17/><E121/><V59/><F130/><W2/><G23/><T90/><D99/><U119/><E119/><V101/><F78/><W75/><G31/><T39/><D39/><U102/><E60/><V6/><F6/><W20/><G20/><T68/><D68/><U51/><E51/><V125/><F125/><W120/><G75/><T135/><D135/><U36/><E36/><V129/><F129/><W52/><G42/><T21/><D29/><U26/><E96/><V79/><F79/><W123/><G86/><T16/><D28/><U112/><E3/><V92/><F101/><N who="1" m="39017" /><E1/><V117/><F117/><W94/><G120/><T38/><D38/><U122/><E122/><V49/><F54/><W91/><G123/><T27/><D98/><U15/><E112/><V85/><F85/><W8/><G114/><T14/><D107/><U25/><E81/><V47/><F59/><W76/><G115/><T65/><D106/><U113/><E72/><V40/><F40/><W126/><G126/><T62/><D105/><U87/><E87/><V74/><F74/><W4/><G2/><T73/><D73/><U48/><E113/><V57/><F57/><W34/><G44/><T80/><D82/><U35/><E35/><V45/><F45/><W131/><G34/><RYUUKYOKU ba="0,0" sc="290,-10,210,-10,240,30,260,-10" hai2="5,9,12,30,32,37,41,46,47,49,55,92,93" /><INIT seed="4,1,0,2,4,82" ten="280,200,270,250" oya="0" hai0="65,96,135,117,88,8,64,71,17,50,19,101,87" hai1="39,3,74,60,80,61,124,24,30,91,14,127,70" hai2="131,75,122,132,79,16,31,84,97,63,59,33,38" hai3="118,29,104,25,128,90,47,49,99,100,56,111,6"/><T83/><D117/><U77/><E3/><V44/><F122/><W12/><G111/><T133/><D50/><U120/><E120/><V73/><F31/><W48/><G128/><T123/><D123/><U125/><E39/><V46/><F33/><W34/><G118/><T109/><D109/><U27/><E70/><V36/><F97/><W5/><G56/><T126/><D126/><U69/><E69/><V15/><F132/><N who="0" m="50762" /><D8/><U40/><E40/><V106/><F106/><W57/><G12/><T103/><D103/><U2/><E2/><V53/><F131/><W41/><REACH who="3" step="1"/><G90/><REACH who="3" ten="280,200,270,240" step="2"/><T81/><D71/><U116/><E116/><V18/><F15/><W26/><G26/><T21/><D65/><U119/><E119/><V113/><F59/><W7/><G7/><T35/><D64/><U78/><E14/><V115/><F46/><W58/><G58/><T9/><D88/><U108/><E108/><V4/><F44/><W43/><G43/><T32/><D101/><U130/><E130/><V105/><F4/><W55/><AGARI ba="1,1" hai="5,6,25,29,34,41,47,48,49,55,57,99,100,104" machi="55" ten="30,2000,0" yaku="1,1,0,1,53,0" doraHai="82" doraHaiUra="107" who="3" fromWho="3" sc="280,-11,200,-6,270,-6,240,33" /><INIT seed="5,0,0,0,0,15" ten="269,194,264,273" oya="1" hai0="25,0,92,77,53,49,35,97,56,70,83,44,98" hai1="122,116,127,74,37,79,13,72,90,94,63,57,135" hai2="100,42,102,64,31,117,59,17,19,80,86,2,84" hai3="14,131,47,71,111,16,118,22,110,20,107,89,105"/><U4/><E116/><V69/><F69/><W52/><G71/><T108/><D70/><U67/><E122/><V43/><F2/><W39/><G118/><T91/><D108/><U12/><E135/><V133/><F31/><W3/><G3/><T119/><D0/><U115/><E115/><V65/><F133/><W58/><G131/><T113/><D119/><U28/><E127/><V81/><F117/><W5/><G5/><T128/><D128/><U76/><E37/><V26/><F26/><W99/><G22/><T126/><D126/><U132/><E132/><V82/><F82/><W68/><G68/><T73/><D113/><U32/><E74/><V112/><F59/><W101/><G89/><T88/><D56/><U48/><E72/><V96/><F96/><W23/><G23/><T85/><REACH who="0" step="1"/><D91/><REACH who="0" ten="259,194,264,273" step="2"/><U9/><E12/><V134/><F134/><W62/><REACH who="3" step="1"/><G105/><REACH who="3" ten="259,194,264,263" step="2"/><T55/><D55/><U125/><E125/><V36/><F112/><W1/><G1/><T50/><D50/><U40/><E48/><V45/><F36/><W78/><G78/><T75/><D75/><U61/><E63/><V120/><F120/><W18/><G18/><T51/><D51/><U8/><E79/><V109/><F109/><W41/><AGARI ba="0,2" hai="14,16,20,39,41,47,52,58,62,99,101,107,110,111" machi="41" ten="30,12000,2" yaku="1,1,0,1,52,1,54,2,53,1" doraHai="15" doraHaiUra="95" who="3" fromWho="3" sc="259,-30,194,-60,264,-30,263,140" owari="229,-17.1,134,-36.6,234,3.4,403,50.3" /></mjloggm>