<mjloggm ver="2.3"><GO type="225" lobby="0"/><UN n0="%E8%BE%9B%E5%8F%A3%E3%82%AB%E3%83%AC%E3%83%BC%E3%83%A9%E3%82%A4%E3%82%B9" n1="%E4%B8%89%E5%86%A0%E7%8E%8B%E3%83%BB%E5%B1%B1%E7%94%B0%E5%93%B2%E4%BA%BA" n2="%74%61%6B%65%2D%79%6F%75" n3="%E3%81%A1%E3%82%85%E3%81%86%E3%81%A9%E3%81%8F%E8%B1%A1%E3%81%95%E3%82%93" dan="16,16,17,17" rate="2126.84,2173.27,2136.54,2213.60" sx="M,M,M,M"/><TAIKYOKU oya="0"/><INIT seed="0,0,0,2,4,94" ten="250,250,250,250" oya="0" hai0="31,18,93,77,88,133,92,2,32,42,74,129,26" hai1="46,43,86,67,96,128,89,49,134,19,106,36,22" hai2="48,61,5,25,34,44,52,81,85,83,45,16,73" hai3="62,17,50,69,125,60,53,115,126,110,11,39,78"/><T103/><D2/><U75/><E134/><V118/><F118/><W108/><G115/><T58/><D133/><U35/><E128/><V84/><F5/><W66/><G78/><T68/><D68/><U59/><E35/><V71/><F73/><W120/><G11/><T79/><D129/><U87/><E75/><V97/><F71/><W116/><G116/><T30/><D74/><U121/><E121/><V130/><F130/><W27/><G27/><T109/><D109/><N who="3" m="42089" /><G17/><T80/><D42/><U1/><E1/><V20/><F34/><W14/><G14/><T102/><D80/><N who="2" m="30794" /><F61/><N who="3" m="40143" /><G39/><T37/><D37/><U29/><E29/><N who="0" m="10761" /><D32/><U47/><E106/><V105/><F105/><W122/><G62/><T33/><D33/><U51/><E36/><V117/><F117/><W28/><G60/><T10/><D58/><U82/><E59/><N who="2" m="33159" /><F97/><W40/><G40/><T3/><D3/><U100/><E96/><V132/><F132/><W131/><G28/><T107/><D107/><U24/><E43/><V6/><F6/><W113/><G113/><T95/><D103/><U98/><E100/><V57/><F57/><N who="3" m="32951" /><G131/><T112/><D102/><U90/><E98/><V123/><F123/><AGARI ba="0,0" hai="120,122,123,125,126" m="32951,40143,42089" machi="123" ten="30,7700,0" yaku="13,1,14,1,34,2" doraHai="94" who="3" fromWho="2" sc="250,0,250,0,250,-77,250,77" /><INIT seed="1,0,0,5,0,85" ten="250,250,173,327" oya="1" hai0="75,103,8,101,44,76,112,70,83,117,100,54,18" hai1="62,46,26,58,25,60,104,21,23,80,53,0,39" hai2="94,125,132,99,82,22,61,43,86,91,40,57,27" hai3="106,72,4,126,36,28,37,84,63,107,71,35,92"/><U52/><E104/><V130/><F130/><W32/><G72/><T127/><D112/><U29/><E0/><V56/><F132/><W66/><G4/><T110/><D110/><U108/><E108/><V67/><F57/><W135/><G135/><T48/><D117/><U111/><E111/><V11/><F11/><W81/><G92/><T87/><D127/><U123/><E123/><V14/><F14/><W89/><G126/><T41/><D70/><U49/><E39/><V55/><F125/><W73/><G73/><T3/><D75/><U97/><E97/><V65/><F65/><W34/><G28/><T90/><D3/><U12/><E12/><V93/><F93/><W128/><G128/><T50/><D76/><U116/><E80/><V122/><F122/><W5/><G5/><T119/><D119/><U42/><E116/><V7/><F7/><W88/><G89/><T120/><D120/><U6/><E6/><V133/><F133/><W59/><G71/><T114/><D114/><U51/><REACH who="1" step="1"/><E42/><REACH who="1" ten="250,240,173,327" step="2"/><V98/><F98/><W118/><G118/><T13/><REACH who="0" step="1"/><D101/><REACH who="0" ten="240,240,173,327" step="2"/><U68/><E68/><V64/><F43/><W113/><G113/><T96/><D96/><U79/><E79/><N who="2" m="46431" /><F40/><W47/><G36/><T9/><D9/><U30/><AGARI ba="0,2" hai="21,23,25,26,29,30,46,49,51,52,53,58,60,62" machi="30" ten="20,24000,3" yaku="1,1,0,1,7,1,9,1,8,1,54,1,53,2" doraHai="85" doraHaiUra="45" who="1" fromWho="1" sc="240,-80,240,260,173,-80,327,-80" /><INIT seed="1,1,0,0,2,35" ten="160,500,93,247" oya="1" hai0="38,29,64,61,10,73,65,13,120,93,115,90,134" hai1="100,46,89,70,117,31,98,18,44,37,77,36,53" hai2="57,99,66,40,113,24,106,84,130,0,47,32,119" hai3="63,7,25,123,14,23,88,97,50,15,1,30,131"/><U34/><E70/><V39/><F119/><W81/><G123/><T3/><D115/><U21/><E89/><V101/><F113/><W16/><G131/><T49/><D38/><U41/><E34/><V54/><F130/><W75/><G63/><T76/><D120/><U78/><E31/><V17/><F66/><W8/><G50/><T28/><D134/><U86/><E86/><V45/><F45/><W111/><G111/><T102/><D102/><U79/><E53/><V72/><F72/><W108/><G108/><T74/><D49/><U26/><E117/><V62/><F84/><W60/><G60/><T69/><D65/><U125/><E125/><V59/><F59/><W116/><G116/><T121/><D121/><U56/><E56/><V80/><F80/><W51/><G51/><T107/><D107/><U95/><E78/><V133/><F133/><W4/><G4/><T12/><D12/><U42/><AGARI ba="1,0" hai="18,21,26,36,37,41,42,44,46,77,79,95,98,100" machi="42" ten="30,3000,0" yaku="0,1,9,1" doraHai="35" who="1" fromWho="1" sc="160,-11,500,33,93,-11,247,-11" /><INIT seed="1,2,0,4,1,6" ten="149,533,82,236" oya="1" hai0="97,85,61,71,77,62,38,48,92,11,56,84,90" hai1="52,17,100,135,42,34,111,44,13,3,58,94,87" hai2="33,22,86,89,20,25,55,130,50,88,120,1,133" hai3="105,59,80,60,23,113,19,15,32,10,72,53,8"/><U93/><E3/><V102/><F120/><W0/><G113/><T81/><D38/><U12/><E34/><V39/><F130/><W51/><G105/><T30/><D30/><U21/><E135/><V119/><F119/><W82/><G32/><T70/><D70/><U35/><E35/><V24/><F133/><W46/><G0/><T27/><D27/><U123/><E123/><V54/><F39/><W47/><G72/><T96/><D71/><U64/><E64/><V79/><F1/><W132/><G132/><T29/><D29/><U4/><E100/><V57/><F33/><W78/><G47/><T103/><D11/><N who="3" m="4137" /><G78/><T76/><D76/><U41/><E44/><V112/><F112/><W26/><G26/><T101/><D101/><U116/><E13/><V40/><F102/><W98/><G98/><T95/><D96/><U18/><E12/><V16/><F40/><AGARI ba="2,0" hai="15,19,23,40,46,51,53,59,60,80,82" m="4137" machi="40" ten="30,7700,0" yaku="8,1,52,3" doraHai="6" who="3" fromWho="2" sc="149,0,533,0,82,-83,236,83" owari="149,-25.1,533,63.3,-1,-50.1,319,11.9" /></mjloggm>