<mjloggm ver="2.3"><GO type="225" lobby="0"/><UN n0="%E3%83%9D%E3%83%B3%E3%83%9D%E3%82%B3%E5%95%86%E4%BA%8B" n1="%E3%81%B5%E3%81%98%E3%81%8B%E3%81%A4" n2="%E3%83%97%E3%83%AC%E3%83%B4%E3%82%A1%E3%83%86%E3%82%A3" n3="%4C%4F%4C%49%54%41" dan="16,16,16,16" rate="2134.99,2197.64,2060.89,2149.53" sx="M,M,F,F"/><TAIKYOKU oya="0"/><INIT seed="0,0,0,1,4,34" ten="250,250,250,250" oya="0" hai0="134,106,69,27,102,46,6,132,36,63,61,123,5" hai1="91,43,41,105,99,32,19,68,2,9,86,18,125" hai2="124,21,67,12,31,29,50,35,109,100,28,97,87" hai3="85,104,101,65,47,77,114,25,75,118,57,95,107"/><T72/><D123/><U129/><E68/><V49/><F109/><W45/><G114/><T10/><D72/><U81/><E125/><V131/><F124/><W122/><G118/><T90/><D90/><U22/><E32/><V130/><F35/><W133/><G133/><N who="0" m="51307" /><D6/><U7/><E129/><N who="2" m="49163" /><F87/><W8/><G122/><T110/><D27/><U23/><E105/><V14/><F67/><W79/><G104/><T80/><D80/><U111/><E99/><V73/><F73/><W56/><G25/><T92/><D106/><U121/><E111/><V39/><F39/><W20/><G20/><T74/><D74/><U42/><REACH who="1" step="1"/><E121/><REACH who="1" ten="250,240,250,250" step="2"/><V51/><F21/><AGARI ba="0,1" hai="2,7,9,18,19,21,22,23,41,42,43,81,86,91" machi="21" ten="40,5200,0" yaku="1,1,2,1,52,1,53,0" doraHai="34" doraHaiUra="96" who="1" fromWho="2" sc="250,0,240,62,250,-52,250,0" /><INIT seed="1,0,0,2,2,60" ten="250,302,198,250" oya="1" hai0="105,101,36,54,84,57,2,77,70,28,65,18,114" hai1="11,3,83,135,71,30,119,129,91,16,134,82,52" hai2="108,43,64,51,123,66,79,103,74,75,58,39,104" hai3="110,117,34,122,86,102,20,12,89,19,15,17,22"/><U87/><E119/><V132/><F123/><W107/><G122/><T10/><D114/><U23/><E71/><V99/><F108/><W96/><G110/><T126/><D36/><U128/><E30/><V121/><F121/><W24/><G117/><T78/><D126/><U106/><E106/><V80/><F132/><N who="1" m="50729" /><E83/><V48/><F75/><W33/><REACH who="3" step="1"/><G24/><REACH who="3" ten="250,302,198,240" step="2"/><T131/><D131/><N who="1" m="50251" /><E3/><V5/><F5/><W113/><G113/><T25/><D2/><U95/><E82/><AGARI ba="0,1" hai="12,15,17,19,20,22,33,34,82,86,89,96,102,107" machi="82" ten="30,3900,0" yaku="1,1,7,1,9,1,53,0" doraHai="60" doraHaiUra="46" who="3" fromWho="1" sc="250,0,302,-39,198,0,240,49" /><INIT seed="2,0,0,1,1,81" ten="250,263,198,289" oya="2" hai0="83,91,59,103,45,122,52,25,95,31,11,85,26" hai1="39,38,107,105,70,58,12,0,72,124,53,56,100" hai2="108,104,64,102,36,121,93,4,106,18,33,78,17" hai3="34,6,50,120,23,30,82,128,37,10,29,129,132"/><V88/><F121/><W71/><G37/><T98/><D122/><U89/><E0/><V80/><F33/><W76/><G120/><T117/><D117/><U92/><E70/><V32/><F32/><W28/><G34/><T126/><D126/><U90/><E124/><V99/><F36/><W2/><G71/><T19/><D31/><U67/><E72/><V8/><F64/><W21/><G50/><N who="0" m="28751" /><D59/><U73/><E73/><N who="2" m="43087" /><F106/><W54/><G54/><T123/><D123/><U9/><E67/><V111/><F4/><W113/><G132/><T22/><D22/><N who="3" m="8201" /><G82/><T15/><AGARI ba="0,0" hai="11,15,19,25,26,83,85,91,95,98,103" m="28751" machi="15" ten="30,7900,0" yaku="25,1,8,1,52,1,54,1" doraHai="81" who="0" fromWho="0" sc="250,79,263,-20,198,-39,289,-20" /><INIT seed="3,0,0,0,4,19" ten="329,243,159,269" oya="3" hai0="60,101,106,16,71,134,104,79,77,9,5,20,62" hai1="12,25,18,113,24,129,31,89,30,26,118,102,94" hai2="57,13,36,98,38,50,88,41,92,64,47,66,68" hai3="73,46,120,121,95,72,97,0,45,91,29,54,7"/><W14/><G0/><T32/><D32/><U55/><E113/><V108/><F108/><W110/><G110/><T49/><D134/><U11/><E102/><V21/><F38/><W10/><G29/><T8/><D106/><U34/><E129/><V99/><F68/><W15/><G72/><T80/><D71/><U43/><E43/><V28/><F36/><W112/><G73/><T85/><D104/><U58/><E118/><V1/><F1/><W53/><G112/><T87/><D101/><U22/><E34/><V122/><F122/><W37/><G37/><T135/><D49/><U48/><REACH who="1" step="1"/><E31/><REACH who="1" ten="329,233,159,269" step="2"/><V27/><F57/><W125/><G125/><T133/><D135/><U78/><E78/><V33/><F33/><W114/><G114/><T59/><D59/><U90/><E90/><V6/><F99/><AGARI ba="0,1" hai="11,12,18,22,24,25,26,30,48,55,58,89,94,99" machi="99" ten="30,8000,1" yaku="1,1,7,1,8,1,52,1,53,1" doraHai="19" doraHaiUra="51" who="1" fromWho="2" sc="329,0,233,90,159,-80,269,0" owari="329,42.9,323,12.3,79,-42.1,269,-13.1" /></mjloggm>