<mjloggm ver="2.3"><GO type="225" lobby="0"/><UN n0="%E4%BE%BF%E6%89%80" n1="%4B%2E%32%2E%4B%2E" n2="%6D%75%75%6D%75%72%61" n3="%E3%83%97%E3%83%AC%E3%83%B4%E3%82%A1%E3%83%86%E3%82%A3" dan="16,17,17,16" rate="2067.19,2187.67,2216.59,2123.52" sx="M,M,F,F"/><TAIKYOKU oya="0"/><INIT seed="0,0,0,5,3,17" ten="250,250,250,250" oya="0" hai0="6,78,33,2,100,24,23,70,119,62,123,77,16" hai1="124,89,14,12,67,31,9,80,92,42,127,5,38" hai2="87,45,129,57,112,126,21,132,41,0,107,19,90" hai3="13,63,115,134,135,120,68,28,122,101,82,113,86"/><T116/><D123/><N who="3" m="47145" /><G68/><T95/><D2/><U25/><E67/><V30/><F112/><N who="3" m="43083" /><G63/><T84/><D6/><U40/><E80/><V94/><F126/><N who="1" m="48169" /><E14/><V44/><F129/><W8/><G101/><T1/><D1/><U83/><E83/><V20/><F132/><W52/><G52/><T64/><D33/><N who="1" m="20719" /><E38/><V29/><F107/><W104/><G104/><T79/><REACH who="0" step="1"/><D84/><AGARI ba="0,0" hai="5,9,12,40,42,84,89,92" m="20719,48169" machi="84" ten="30,1000,0" yaku="18,1" doraHai="17" who="1" fromWho="0" sc="250,-10,250,10,250,0,250,0" /><INIT seed="1,0,0,3,4,20" ten="240,260,250,250" oya="1" hai0="27,44,114,86,28,88,59,68,135,102,63,95,83" hai1="22,100,71,0,37,35,56,97,131,62,84,116,130" hai2="77,50,25,70,32,118,96,124,36,31,110,19,115" hai3="6,4,79,13,12,109,60,34,64,16,49,122,90"/><U103/><E116/><V2/><F36/><W89/><G122/><T40/><D135/><U39/><E35/><V29/><F118/><W99/><G34/><T73/><D68/><U87/><E0/><V105/><F110/><W75/><G109/><T132/><D132/><U11/><E71/><V30/><F124/><W74/><G49/><T53/><D114/><U43/><E11/><V41/><F115/><W113/><G113/><T93/><D102/><N who="1" m="38955" /><E22/><V45/><F2/><W54/><G54/><T82/><D93/><U61/><E97/><V23/><F70/><W81/><G75/><T67/><D67/><N who="1" m="39335" /><E62/><V24/><F105/><W128/><G128/><N who="1" m="49194" /><E43/><V9/><F96/><W104/><G104/><T117/><D73/><U3/><E3/><V108/><F108/><W126/><G126/><T18/><D117/><U10/><E10/><V48/><F9/><W127/><G127/><T46/><D18/><U55/><E55/><V38/><F48/><W120/><G120/><T1/><D1/><U65/><E65/><V26/><F32/><W21/><G12/><T107/><D107/><U94/><E94/><V78/><REACH who="2" step="1"/><F38/><AGARI ba="0,0" hai="37,38,39,84,87" m="49194,39335,38955" machi="38" ten="30,1500,0" yaku="19,1" doraHai="20" who="1" fromWho="2" sc="240,0,260,15,250,-15,250,0" /><INIT seed="1,1,0,0,0,18" ten="240,275,235,250" oya="1" hai0="123,114,112,36,66,47,94,131,48,117,97,83,40" hai1="115,106,120,82,12,72,15,100,81,118,27,14,121" hai2="130,103,63,6,73,71,10,54,30,17,110,135,125" hai3="26,85,116,65,99,67,87,68,89,11,102,25,23"/><U64/><E115/><V2/><F110/><W52/><G116/><T62/><D117/><U43/><E118/><V38/><F130/><W59/><G68/><T69/><D131/><U39/><E64/><N who="3" m="24650" /><G11/><T95/><D123/><U86/><E72/><V58/><F125/><W134/><G134/><T76/><D36/><U60/><E106/><V5/><F135/><W42/><G26/><T33/><D33/><U77/><E100/><V127/><F127/><W80/><G42/><T7/><D7/><U113/><E113/><V28/><F71/><W61/><G102/><T53/><D40/><U93/><E93/><V122/><F122/><W21/><G99/><T91/><REACH who="0" step="1"/><D95/><REACH who="0" ten="230,275,235,250" step="2"/><U3/><E43/><V13/><F38/><W133/><G133/><T34/><D34/><U46/><E39/><V96/><F6/><W24/><G24/><T35/><D35/><U22/><E120/><V88/><F5/><W4/><G4/><T50/><D50/><U104/><E121/><V9/><F2/><W31/><G25/><T132/><D132/><U107/><E3/><V51/><F51/><W32/><G32/><T75/><AGARI ba="1,1" hai="47,48,53,62,66,69,75,76,83,91,94,97,112,114" machi="75" ten="20,2700,0" yaku="1,1,0,1,7,1,53,0" doraHai="18" doraHaiUra="19" who="0" fromWho="0" sc="230,40,275,-14,235,-8,250,-8" /><INIT seed="2,0,0,3,1,109" ten="270,261,227,242" oya="2" hai0="6,50,129,32,83,3,74,84,115,99,55,17,35" hai1="64,100,125,39,71,72,34,13,42,101,85,59,118" hai2="14,36,61,116,111,40,0,20,114,41,38,4,130" hai3="68,33,91,48,56,107,95,46,90,21,132,52,76"/><V37/><F116/><W131/><G33/><T134/><D74/><U45/><E72/><V98/><F111/><W28/><G68/><T133/><D129/><U122/><E118/><V96/><F130/><W62/><G107/><T124/><D17/><U22/><E34/><V104/><F0/><W80/><G131/><T110/><D110/><U31/><E71/><V89/><F114/><W47/><G132/><N who="0" m="50795" /><D99/><U54/><E64/><V77/><F77/><W88/><G95/><T7/><D124/><U44/><E44/><V65/><F89/><W108/><G108/><T11/><D6/><U87/><E31/><V86/><F86/><N who="3" m="48391" /><G62/><T51/><D51/><U135/><E125/><V106/><F106/><W67/><G67/><T93/><D93/><U63/><E135/><V23/><F98/><W1/><G1/><T16/><D16/><U102/><E122/><V26/><F104/><W121/><G121/><T94/><D94/><U75/><E75/><V112/><F96/><W117/><G117/><T97/><D97/><U123/><E123/><V2/><F2/><W81/><G81/><T119/><D119/><U73/><E73/><V70/><F112/><W18/><G28/><T105/><D105/><U30/><E30/><N who="2" m="17735" /><F4/><W120/><G120/><T66/><D66/><U9/><REACH who="1" step="1"/><E22/><REACH who="1" ten="270,251,227,242" step="2"/><V49/><F23/><W103/><G103/><T79/><D115/><U92/><E92/><V5/><F65/><W8/><G21/><T57/><AGARI ba="0,1" hai="3,7,11,32,35,50,55,57,79,83,84" m="50795" machi="57" ten="30,1100,0" yaku="20,1" doraHai="109" who="0" fromWho="0" sc="270,21,251,-3,227,-5,242,-3" /><INIT seed="3,0,0,3,0,82" ten="291,248,222,239" oya="3" hai0="11,60,81,48,111,63,115,101,64,93,38,33,79" hai1="127,90,89,122,77,69,124,18,97,107,67,58,51" hai2="92,87,71,42,113,14,8,108,129,110,102,50,119" hai3="19,95,54,43,24,94,56,2,22,26,123,128,121"/><W35/><G2/><T1/><D38/><U25/><E122/><V34/><F113/><W117/><G117/><T96/><D33/><U31/><E77/><V21/><F119/><W118/><G118/><T112/><D111/><N who="2" m="42538" /><F34/><W75/><G75/><N who="0" m="43263" /><D48/><U68/><E18/><N who="2" m="10455" /><F71/><W61/><G128/><T0/><D11/><U100/><E69/><V32/><F32/><W106/><G106/><T16/><D16/><U23/><E68/><V66/><F66/><W85/><G43/><T130/><D130/><U9/><E9/><V83/><F129/><W99/><G35/><T55/><D55/><N who="1" m="32127" /><E67/><V15/><F50/><W37/><G37/><T91/><D101/><U49/><E49/><V134/><F42/><W78/><G26/><T103/><D103/><U84/><E84/><V73/><F73/><W47/><G47/><T135/><D60/><U76/><E76/><N who="2" m="46567" /><F134/><W104/><G104/><T5/><D135/><U105/><E105/><V7/><F102/><W30/><G78/><T41/><D41/><U98/><E107/><V4/><F92/><W74/><G74/><T6/><D0/><U27/><E100/><V59/><F59/><W132/><G132/><T88/><D1/><U52/><E52/><V40/><F40/><W114/><G114/><N who="0" m="43563" /><D91/><U116/><E116/><V131/><F131/><W44/><G44/><T62/><D62/><U70/><E70/><AGARI ba="0,0" hai="5,6,63,64,70,88,93,96" m="43563,43263" machi="70" ten="30,2000,0" yaku="11,1,54,1" doraHai="82" who="0" fromWho="1" sc="291,20,248,-20,222,0,239,0" owari="311,41.1,228,-17.2,222,-27.8,239,3.9" /></mjloggm>