<mjloggm ver="2.3"><GO type="225" lobby="0"/><UN n0="%E3%81%95%E3%81%8D%E3%81%9F%E3%81%BE%E6%9E%97%E6%AA%8E" n1="%4B%2E%32%2E%4B%2E" n2="%E3%81%82%E3%81%99%E3%81%AB%E3%82%83%E3%82%80" n3="%E3%82%BC%E3%83%AB%E3%83%80%E3%81%AE%E4%BC%9D%E8%AA%AC" dan="16,16,16,18" rate="2043.90,2151.27,2160.66,2181.27" sx="M,M,F,M"/><TAIKYOKU oya="0"/><INIT seed="0,0,0,3,3,95" ten="250,250,250,250" oya="0" hai0="130,9,87,23,36,34,29,91,133,85,116,109,113" hai1="13,104,115,39,60,105,83,58,61,123,132,6,67" hai2="108,110,56,65,125,135,25,100,2,0,53,10,19" hai3="75,90,33,89,120,82,50,93,18,51,8,43,59"/><T62/><D113/><U96/><E123/><V52/><F135/><W20/><G33/><T84/><D116/><U40/><E132/><V72/><F72/><W46/><G120/><T78/><D133/><U12/><E115/><V114/><F114/><W129/><G129/><T124/><D124/><U126/><E126/><V42/><F42/><W28/><G75/><T14/><D130/><U122/><E122/><V63/><F125/><W64/><G82/><T76/><D34/><U26/><E26/><V71/><F100/><W49/><G8/><T134/><D134/><U16/><E83/><V22/><F53/><W27/><G28/><T30/><D36/><U68/><E6/><V128/><F128/><W94/><G64/><T119/><D119/><U70/><E12/><V4/><REACH who="2" step="1"/><F0/><REACH who="2" ten="250,250,240,250" step="2"/><W81/><G43/><T57/><D109/><U111/><E111/><V47/><F47/><W99/><G46/><T66/><D91/><U69/><E40/><V86/><F86/><W101/><G101/><T37/><D37/><U1/><E1/><V31/><F31/><W24/><G81/><T79/><REACH who="0" step="1"/><D23/><REACH who="0" ten="240,250,240,250" step="2"/><U98/><E39/><V131/><F131/><W73/><G89/><T5/><D5/><U102/><BYE who="0" /><E105/><V88/><F88/><W117/><G117/><T55/><D55/><U77/><E77/><UN n0="%E3%81%95%E3%81%8D%E3%81%9F%E3%81%BE%E6%9E%97%E6%AA%8E" /><V7/><F7/><W21/><G21/><T17/><AGARI ba="0,2" hai="9,14,17,29,30,57,62,66,76,78,79,84,85,87" machi="17" ten="30,6000,0" yaku="1,1,0,1,8,1,53,0" doraHai="95" doraHaiUra="118" who="0" fromWho="0" sc="240,80,250,-20,240,-20,250,-20" /><INIT seed="0,1,0,3,4,63" ten="320,230,220,230" oya="0" hai0="127,21,72,86,90,108,129,92,30,102,57,135,85" hai1="23,24,98,53,99,114,107,66,14,97,45,122,117" hai2="123,120,93,104,111,77,70,7,118,119,22,49,81" hai3="109,34,4,31,61,16,115,44,80,133,79,124,125"/><T76/><D127/><N who="3" m="48713" /><G115/><T37/><D37/><U10/><E117/><N who="2" m="44555" /><F7/><W29/><G109/><T126/><D126/><U1/><E122/><N who="2" m="46635" /><F70/><W113/><G113/><T88/><D108/><U105/><E114/><V84/><F49/><W68/><G133/><T110/><D110/><U17/><E1/><V13/><F13/><W121/><G121/><T6/><D135/><U0/><E0/><V94/><F22/><W40/><G4/><T33/><D33/><U89/><E89/><V27/><F27/><W58/><G68/><T28/><D90/><U35/><E35/><V100/><F111/><W55/><G34/><T83/><D6/><U106/><E53/><V103/><F103/><W36/><G16/><T11/><D102/><U67/><REACH who="1" step="1"/><E45/><REACH who="1" ten="320,220,220,230" step="2"/><V131/><F131/><W116/><G116/><T96/><D129/><U71/><E71/><V65/><F65/><W8/><G55/><T82/><D57/><U130/><E130/><V51/><F100/><W46/><G46/><T64/><D64/><U15/><E15/><V12/><F12/><W54/><G54/><T62/><D62/><U26/><E26/><V69/><F69/><W56/><G56/><T3/><D3/><U39/><E39/><V78/><F78/><W74/><G58/><T87/><D76/><U48/><E48/><V43/><F104/><W18/><G61/><T91/><D11/><U20/><E20/><V59/><F59/><W41/><G41/><T112/><D21/><U134/><E134/><V32/><F32/><W101/><G101/><T42/><D42/><U128/><E128/><V47/><AGARI ba="1,1" hai="43,47,51,77,81,84,93,94" m="46635,44555" machi="47" ten="40,2700,0" yaku="5,1,12,1" doraHai="63" who="2" fromWho="2" sc="320,-14,220,-8,220,40,230,-8" /><INIT seed="1,0,0,1,1,38" ten="306,212,260,222" oya="1" hai0="68,66,69,63,134,46,54,85,115,72,121,59,53" hai1="87,50,35,98,29,117,128,15,10,7,64,131,133" hai2="93,83,76,111,30,31,23,14,100,113,36,125,19" hai3="4,101,56,52,28,44,11,123,92,57,26,62,13"/><U21/><E117/><V109/><F125/><W78/><G123/><T79/><D72/><U95/><E133/><V124/><F124/><W58/><G78/><T42/><D115/><U126/><E126/><V132/><F132/><W86/><G44/><T3/><D134/><U9/><E35/><V99/><F36/><W104/><G104/><T70/><D3/><U8/><E64/><V77/><F113/><W90/><REACH who="3" step="1"/><G101/><REACH who="3" ten="306,212,260,212" step="2"/><T2/><D46/><U17/><E29/><V88/><F100/><W71/><G71/><T60/><D70/><U48/><E7/><V81/><F76/><W55/><G55/><T135/><D54/><U118/><E118/><V45/><F45/><W33/><AGARI ba="0,1" hai="4,11,13,26,28,33,52,56,57,58,62,86,90,92" machi="33" ten="20,5200,0" yaku="1,1,0,1,7,1,54,1,53,0" doraHai="38" doraHaiUra="32" who="3" fromWho="3" sc="306,-13,212,-26,260,-13,212,62" /><INIT seed="2,0,0,4,2,120" ten="293,186,247,274" oya="2" hai0="127,5,8,18,86,32,62,56,25,92,117,68,131" hai1="130,134,33,114,11,78,1,64,65,59,72,70,73" hai2="37,75,48,102,38,16,103,97,0,100,34,90,19" hai3="85,91,31,95,40,3,126,57,12,23,53,124,108"/><V122/><F122/><W14/><G3/><T83/><D68/><U60/><E114/><V43/><F0/><W4/><G40/><T112/><D112/><U54/><E130/><V17/><F34/><W50/><G108/><T119/><D131/><U79/><E134/><V61/><F75/><W21/><G31/><T42/><D42/><U111/><E33/><V88/><F61/><W26/><G26/><T74/><D74/><U106/><E106/><V67/><F67/><W109/><G109/><T123/><D123/><U36/><E111/><V133/><F133/><W47/><G47/><T41/><D41/><U105/><E105/><V98/><F48/><W135/><G135/><T77/><D92/><U118/><E118/><V84/><F43/><W10/><REACH who="3" step="1"/><G12/><REACH who="3" ten="293,186,247,264" step="2"/><T82/><D25/><U81/><E36/><N who="2" m="13931" /><F84/><W107/><G107/><T129/><D86/><U76/><E72/><V51/><F51/><W96/><G96/><AGARI ba="0,1" hai="16,17,19,88,90,96,97,98,100,102,103" m="13931" machi="96" ten="40,12000,1" yaku="28,2,54,2" doraHai="120" who="2" fromWho="3" sc="293,0,186,0,247,130,264,-120" /><INIT seed="2,1,0,3,4,38" ten="293,186,377,144" oya="2" hai0="88,127,2,73,117,31,86,103,0,80,59,35,77" hai1="18,111,122,70,99,32,102,124,107,25,52,87,109" hai2="1,6,134,17,62,130,34,48,83,27,85,36,94" hai3="56,123,116,39,41,33,135,115,101,47,131,67,79"/><V82/><F36/><W104/><G123/><T14/><D127/><U19/><E122/><V24/><F134/><W121/><G121/><T50/><D103/><U106/><E106/><V68/><F130/><W29/><G116/><T113/><D113/><U46/><E124/><V98/><F82/><W128/><G79/><T75/><D75/><U110/><E70/><V55/><F1/><W4/><G4/><T89/><D89/><U43/><E87/><V13/><F6/><W30/><G135/><T26/><D117/><U95/><E52/><V97/><F68/><W23/><G23/><T20/><D59/><U90/><E90/><N who="2" m="51519" /><F62/><N who="3" m="38343" /><G33/><T126/><D126/><U63/><E63/><V91/><F98/><N who="3" m="61495" /><G115/><T96/><D96/><U58/><E58/><N who="2" m="33127" /><F34/><W76/><G76/><T44/><D35/><U78/><E78/><V51/><F51/><W133/><G133/><T7/><D7/><U64/><E64/><V3/><F3/><W81/><G81/><T45/><D0/><U40/><E107/><V105/><F105/><W119/><G119/><T8/><D2/><U15/><E46/><V57/><F57/><W61/><G61/><T112/><D112/><U118/><E118/><V11/><AGARI ba="1,0" hai="11,13,17,24,27,91,94,97" m="33127,51519" machi="11" ten="30,1500,0" yaku="8,1" doraHai="38" who="2" fromWho="2" sc="293,-6,186,-6,377,18,144,-6" /><INIT seed="2,2,0,5,0,74" ten="287,180,395,138" oya="2" hai0="6,124,22,110,33,113,63,82,58,101,116,79,9" hai1="97,48,83,70,69,127,72,126,31,78,5,42,131" hai2="4,3,8,71,95,64,11,51,40,55,132,57,133" hai3="107,39,59,60,128,0,68,118,135,87,134,41,122"/><V46/><F95/><W88/><G118/><T123/><D110/><U94/><E131/><V108/><F11/><W106/><G122/><T96/><D113/><U36/><E31/><V109/><F64/><W2/><G68/><T98/><D123/><U45/><E48/><V18/><F18/><W115/><G128/><T90/><D33/><U104/><E5/><V125/><F125/><N who="1" m="47625" /><E104/><N who="3" m="39978" /><G41/><T92/><D124/><U84/><E72/><V16/><F16/><W49/><G49/><T26/><D116/><U112/><E112/><V76/><F71/><W43/><G43/><T121/><D121/><U34/><E34/><V73/><F40/><W19/><G19/><T38/><D38/><U32/><E32/><V100/><F100/><AGARI ba="2,0" hai="36,42,45,69,70,78,83,84,94,97,100" m="47625" machi="100" ten="30,2000,0" yaku="18,1,52,1" doraHai="74" who="1" fromWho="2" sc="287,0,180,26,395,-26,138,0" /><INIT seed="3,0,0,4,3,53" ten="287,206,369,138" oya="3" hai0="96,98,78,41,113,72,45,63,17,67,74,131,126" hai1="19,35,38,81,39,52,50,83,127,42,16,7,31" hai2="48,130,95,125,23,4,92,61,27,64,101,12,44" hai3="51,86,102,100,69,59,49,40,33,70,94,80,90"/><W0/><G0/><T30/><D131/><U111/><E35/><V93/><F125/><W66/><G33/><T99/><D126/><U10/><E127/><V25/><F130/><W20/><G69/><T21/><D30/><U107/><E107/><V58/><F101/><W6/><G70/><T77/><D113/><U91/><E31/><V76/><F76/><W119/><G119/><T134/><D134/><U112/><E112/><V56/><F56/><W13/><G6/><T46/><D74/><U105/><E105/><V54/><F4/><W26/><G13/><T60/><D72/><U2/><E111/><V129/><F129/><W62/><G40/><T24/><D63/><U128/><E128/><V29/><F25/><W71/><G71/><T5/><D5/><U84/><E81/><V117/><F117/><W55/><G55/><T88/><D88/><U89/><E89/><V82/><F82/><W68/><G68/><T133/><D133/><U106/><E106/><V36/><F36/><W34/><G34/><T97/><N who="0" m="24576" /><DORA hai="8" /><T135/><D135/><U110/><E110/><V47/><F47/><W124/><G124/><T109/><D109/><U114/><E114/><V73/><F73/><W18/><REACH who="3" step="1"/><G80/><REACH who="3" ten="287,206,369,128" step="2"/><T9/><D41/><U121/><E121/><V115/><F115/><W15/><G15/><AGARI ba="0,1" hai="12,15,23,27,29,44,48,54,58,61,64,92,93,95" machi="15" ten="40,8000,1" yaku="8,1,52,3" doraHai="53,8" who="2" fromWho="3" sc="287,0,206,0,369,90,128,-80" owari="287,8.7,206,-19.4,459,55.9,48,-45.2" /></mjloggm>