<mjloggm ver="2.3"><GO type="225" lobby="0"/><UN n0="%72%69%6F%75%63%68%61%6E" n1="%2D%E8%B1%8A%E5%8F%A3%E3%82%81%E3%81%90%E3%81%BF%2D" n2="%E3%81%B5%E3%81%98%E3%81%8B%E3%81%A4" n3="%E6%B4%BE%E9%81%A3%E3%81%AE%E3%82%B8%E3%83%A3%E3%83%83%E3%82%AF" dan="16,16,16,17" rate="2170.72,2104.14,2169.20,2184.88" sx="M,F,M,M"/><TAIKYOKU oya="0"/><INIT seed="0,0,0,5,1,118" ten="250,250,250,250" oya="0" hai0="41,8,20,42,131,77,33,14,43,28,66,71,99" hai1="32,63,52,37,112,123,85,4,95,13,39,120,93" hai2="10,9,134,135,6,59,55,0,132,24,116,102,51" hai3="129,124,114,21,19,75,82,74,104,79,29,111,54"/><T133/><D33/><U34/><E4/><V38/><F116/><W87/><G114/><T5/><D131/><U70/><E13/><V48/><F38/><W7/><G104/><T121/><D121/><U50/><E112/><V110/><F110/><W60/><G111/><T98/><D133/><U76/><E76/><V62/><F102/><W16/><G7/><T61/><REACH who="0" step="1"/><D77/><REACH who="0" ten="240,250,250,250" step="2"/><U31/><E32/><V80/><F80/><W105/><G129/><T126/><D126/><U100/><E34/><V3/><REACH who="2" step="1"/><F24/><AGARI ba="0,1" hai="5,8,14,20,24,28,41,42,43,61,66,71,98,99" machi="24" ten="40,3900,0" yaku="1,1,53,1" doraHai="118" doraHaiUra="57" who="0" fromWho="2" sc="240,49,250,0,250,-39,250,0" /><INIT seed="0,1,0,2,5,91" ten="289,250,211,250" oya="0" hai0="20,22,10,89,113,4,120,51,115,125,135,41,88" hai1="28,97,76,90,1,11,56,107,72,48,24,47,119" hai2="8,53,82,14,49,77,70,62,104,69,84,94,112" hai3="80,43,96,58,102,100,5,0,98,15,79,133,71"/><T105/><D120/><U122/><E119/><V60/><F112/><W128/><G71/><T83/><D105/><U54/><E122/><V7/><F104/><W118/><G0/><T130/><D130/><U17/><E76/><V29/><F29/><W42/><G118/><T99/><D125/><U25/><E72/><V126/><F126/><W131/><G58/><T101/><D135/><U31/><E1/><V38/><F38/><W123/><G133/><T129/><D129/><N who="3" m="49737" /><G123/><T121/><D121/><U85/><E97/><N who="3" m="37482" /><G5/><T6/><D6/><U2/><E107/><V132/><F132/><W111/><G15/><N who="0" m="5575" /><D115/><U73/><E2/><V35/><F35/><W30/><G30/><T39/><D113/><U52/><E73/><V67/><F62/><W95/><G111/><T3/><D3/><U87/><E87/><V37/><F37/><W74/><G102/><T134/><D39/><U116/><E116/><V65/><F65/><W78/><G78/><T68/><D68/><U59/><E28/><V114/><F114/><W36/><G36/><T33/><D33/><U40/><E59/><V50/><F70/><W21/><G21/><N who="0" m="8299" /><D134/><U9/><E31/><V64/><F64/><W86/><G100/><T23/><N who="0" m="8307" /><T55/><DORA hai="61" /><D101/><U103/><E103/><V110/><F110/><W32/><G32/><T93/><D89/><AGARI ba="1,0" hai="42,43,74,79,80,86,89,95" m="37482,49737" machi="89" ten="30,2000,0" yaku="19,1,52,1" doraHai="91,61" who="3" fromWho="0" sc="289,-23,250,0,211,0,250,23" /><INIT seed="1,0,0,3,2,91" ten="266,250,211,273" oya="1" hai0="111,112,8,49,79,126,5,27,121,109,57,23,104" hai1="81,116,87,34,32,25,48,84,100,73,103,93,89" hai2="113,46,22,132,101,56,118,31,130,47,63,52,59" hai3="24,82,30,64,96,128,90,16,7,50,92,71,28"/><U98/><E116/><V85/><F118/><W70/><G7/><T12/><D104/><U13/><E73/><V131/><F132/><W60/><G71/><T117/><D112/><U114/><E114/><V94/><F113/><W105/><G128/><N who="2" m="49193" /><F59/><W76/><G105/><T120/><D117/><U125/><E125/><V75/><F75/><W61/><G50/><T43/><D79/><U29/><E34/><V41/><F41/><W1/><G1/><T99/><D99/><U36/><E36/><V78/><F78/><W20/><REACH who="3" step="1"/><G61/><REACH who="3" ten="266,250,211,263" step="2"/><T95/><D49/><U134/><E48/><V42/><F42/><W33/><G33/><T58/><D43/><U67/><E32/><V53/><F53/><W55/><G55/><T37/><D37/><U19/><E134/><V3/><F3/><W68/><G68/><T72/><D121/><U77/><E67/><V45/><F45/><W97/><G97/><T15/><D120/><U11/><E98/><N who="2" m="59607" /><F85/><AGARI ba="0,1" hai="16,20,24,28,30,60,64,70,76,82,85,90,92,96" machi="85" ten="30,8000,1" yaku="1,1,7,1,52,1,54,1,53,1" doraHai="91" doraHaiUra="21" who="3" fromWho="2" sc="266,0,250,0,211,-80,263,90" /><INIT seed="2,0,0,0,0,120" ten="266,250,131,353" oya="2" hai0="112,44,75,56,62,76,45,7,69,90,63,130,40" hai1="37,80,31,85,42,20,65,119,67,92,97,0,64" hai2="27,19,26,78,121,127,28,105,89,11,34,118,73" hai3="41,115,117,46,5,84,16,93,22,98,49,95,13"/><V29/><F105/><W134/><G117/><T132/><D112/><U96/><E0/><V3/><F121/><W24/><G115/><T12/><D69/><U102/><E119/><V17/><F118/><W61/><G134/><T111/><D111/><U129/><E129/><V116/><F116/><W135/><G135/><T38/><D132/><U122/><E122/><V9/><F89/><N who="3" m="53415" /><G61/><T53/><D130/><U50/><E37/><V83/><F127/><W14/><G5/><T128/><D128/><U55/><E42/><V87/><F73/><W30/><G30/><T32/><D32/><U60/><E97/><V81/><F81/><W131/><G131/><T59/><D90/><AGARI ba="0,0" hai="13,14,16,22,24,41,46,49,90,95,98" m="53415" machi="90" ten="30,2000,0" yaku="8,1,54,1" doraHai="120" who="3" fromWho="0" sc="266,-20,250,0,131,0,353,20" /><INIT seed="3,0,0,5,1,18" ten="246,250,131,373" oya="3" hai0="12,115,51,91,80,88,31,85,58,96,26,72,69" hai1="66,22,63,100,65,92,8,70,77,56,47,98,78" hai2="2,128,59,7,95,60,114,57,25,17,23,75,133" hai3="79,29,3,73,76,89,87,90,83,5,131,48,21"/><W14/><G48/><T20/><D69/><U126/><E126/><V122/><F122/><W130/><G3/><T15/><D72/><U39/><E8/><V43/><F114/><W71/><G71/><T109/><D109/><U125/><E125/><V81/><F128/><W74/><G5/><T62/><D115/><U53/><E66/><V103/><F133/><W52/><G52/><N who="0" m="32031" /><D62/><U30/><E39/><V61/><F43/><W35/><G35/><T134/><D134/><U84/><E84/><V16/><F2/><W116/><G116/><T111/><D111/><U127/><E127/><V24/><F7/><W6/><G73/><T64/><D64/><U117/><E117/><V41/><F41/><W67/><G67/><T19/><D31/><U42/><E53/><V82/><F75/><W34/><G29/><T28/><D28/><U110/><E70/><V129/><F129/><W1/><G34/><T99/><D88/><U27/><E110/><V46/><F95/><W68/><G1/><T113/><D113/><U118/><E118/><V86/><F103/><W49/><G68/><T120/><D120/><U123/><E123/><V104/><F104/><W38/><G38/><T36/><D36/><U9/><E9/><V135/><F135/><W45/><G74/><T40/><D40/><U11/><E11/><V4/><F4/><W55/><G55/><T112/><D112/><U121/><E121/><V97/><F97/><AGARI ba="0,0" hai="12,15,19,20,26,80,85,91,96,97,99" m="32031" machi="97" ten="30,3900,0" yaku="8,1,52,1,54,1" doraHai="18" who="0" fromWho="2" sc="246,39,250,0,131,-39,373,0" owari="285,8.5,250,-15.0,92,-40.8,373,47.3" /></mjloggm>