<mjloggm ver="2.3"><GO type="225" lobby="0"/><UN n0="%E7%99%BD%E6%97%A5%E9%9B%AA%E8%8F%9C" n1="%E3%81%A8%E3%82%93%E3%81%A8%E3%81%93%E3%81%A8%E3%82%93" n2="%E3%83%97%E3%83%AC%E3%83%B4%E3%82%A1%E3%83%86%E3%82%A3" n3="%E3%81%B5%E3%81%98%E3%81%8B%E3%81%A4" dan="16,16,16,16" rate="2203.27,2099.86,2112.81,2103.75" sx="M,F,F,M"/><TAIKYOKU oya="0"/><INIT seed="0,0,0,4,2,53" ten="250,250,250,250" oya="0" hai0="123,41,69,36,37,46,14,21,128,5,73,74,40" hai1="134,121,9,81,127,126,22,76,106,24,55,110,103" hai2="107,26,122,79,48,25,64,32,42,0,59,83,75" hai3="84,23,58,44,57,49,45,101,120,89,33,94,56"/><T7/><D123/><U43/><E121/><V102/><F122/><W27/><G33/><T95/><D69/><U96/><E110/><V125/><F0/><W38/><G120/><T16/><D128/><U67/><E134/><V105/><F125/><W30/><G38/><T6/><REACH who="0" step="1"/><D95/><REACH who="0" ten="240,250,250,250" step="2"/><U88/><E126/><V130/><F130/><W50/><G101/><T111/><D111/><U119/><E127/><V28/><F102/><W135/><G135/><T129/><D129/><U71/><E103/><V90/><F107/><W117/><G117/><T52/><D52/><U68/><E55/><V2/><F105/><W132/><G132/><T29/><D29/><U72/><E71/><V115/><F28/><W62/><G62/><T18/><D18/><U99/><E106/><V108/><F108/><W70/><G70/><T15/><D15/><U133/><E68/><V8/><F115/><W13/><G13/><T109/><D109/><U35/><E133/><V10/><F2/><W51/><AGARI ba="0,1" hai="23,27,30,44,45,49,50,51,56,57,58,84,89,94" machi="51" ten="30,8000,1" yaku="0,1,8,1,52,3" doraHai="53" who="3" fromWho="3" sc="240,-40,250,-20,250,-20,250,90" /><INIT seed="1,0,0,1,3,73" ten="200,230,230,340" oya="1" hai0="69,12,18,45,75,3,103,104,46,6,4,83,88" hai1="121,113,128,0,99,85,119,31,67,133,15,30,130" hai2="59,58,1,123,80,38,20,21,124,127,90,40,66" hai3="114,132,95,98,79,17,28,102,33,118,84,49,13"/><U53/><E0/><V11/><F123/><W26/><G114/><T68/><D104/><U71/><E119/><V112/><F112/><W111/><G132/><T82/><D103/><U7/><E121/><V70/><F70/><W74/><G118/><T65/><D3/><U54/><E113/><V93/><F66/><W108/><G49/><T2/><D2/><U63/><E133/><V117/><F117/><W110/><G74/><T64/><D75/><U5/><E99/><V8/><F80/><N who="3" m="47135" /><G13/><T23/><D12/><U27/><E85/><V101/><F1/><W134/><G134/><T97/><D97/><U62/><E15/><V135/><F135/><W47/><G47/><T51/><D51/><U107/><E71/><V35/><F101/><W52/><G17/><T16/><D23/><U61/><E107/><V48/><F48/><W10/><G10/><T41/><D41/><U56/><E67/><V89/><F93/><W81/><G81/><T86/><D86/><U115/><E115/><V36/><F40/><W34/><G52/><T76/><D76/><U78/><E78/><V87/><F87/><W94/><G94/><T50/><D50/><U109/><E54/><V25/><F25/><W42/><G42/><T19/><D19/><U96/><E27/><V129/><F35/><AGARI ba="0,0" hai="26,28,33,34,35,95,98,102,108,110,111" m="47135" machi="35" ten="30,2000,0" yaku="14,1,52,1" doraHai="73" who="3" fromWho="2" sc="200,0,230,0,230,-20,340,20" /><INIT seed="2,0,0,1,1,127" ten="200,230,210,360" oya="2" hai0="132,76,49,103,128,52,106,1,63,60,125,69,3" hai1="122,30,126,135,78,98,74,124,129,85,8,47,107" hai2="82,66,92,56,45,100,14,23,95,21,22,71,131" hai3="120,72,119,20,121,117,27,10,55,113,0,114,67"/><V33/><F33/><W68/><G72/><T109/><D125/><N who="1" m="48235" /><E30/><V18/><F71/><W12/><G55/><T24/><D109/><U64/><E64/><V4/><F4/><W9/><G67/><T38/><D38/><U65/><E65/><V134/><F134/><W111/><G68/><T118/><D69/><U59/><E59/><V88/><F131/><W89/><G89/><T75/><D132/><U70/><E8/><N who="3" m="3178" /><G12/><T17/><D128/><U84/><E70/><V81/><F45/><W58/><G0/><T40/><D40/><U29/><E129/><V79/><F79/><W99/><G58/><T105/><D118/><N who="3" m="45065" /><G99/><T46/><D76/><U97/><E78/><V73/><F73/><W42/><G42/><T51/><D75/><U61/><E74/><V31/><F31/><W57/><G57/><T116/><D116/><U41/><E29/><V101/><F66/><W104/><G104/><T15/><D3/><U83/><E107/><V2/><F56/><W112/><G20/><N who="2" m="7785" /><F2/><W43/><G27/><T5/><D24/><U90/><E135/><V86/><F81/><W123/><G43/><N who="0" m="24799" /><D1/><U48/><E97/><V34/><F34/><W96/><G96/><N who="0" m="61671" /><D106/><U28/><E98/><V130/><F130/><W102/><G102/><AGARI ba="0,0" hai="14,18,23,82,86,88,92,95,100,101,102" m="7785" machi="102" ten="30,2900,0" yaku="8,1,54,1" doraHai="127" who="2" fromWho="3" sc="200,0,230,0,210,29,360,-29" /><INIT seed="2,1,0,3,2,45" ten="200,230,239,331" oya="2" hai0="114,56,88,26,1,134,87,122,130,13,97,81,126" hai1="89,71,43,19,135,28,29,91,125,77,98,69,12" hai2="129,73,65,95,25,3,22,53,128,85,121,75,109" hai3="57,30,24,6,90,42,49,94,86,104,103,51,16"/><V93/><F3/><W132/><G132/><T113/><D122/><U46/><E135/><V108/><F121/><W118/><G118/><T55/><D134/><U68/><E125/><V82/><F65/><W72/><G72/><N who="2" m="27721" /><F53/><W36/><G36/><T15/><D1/><U21/><E77/><N who="2" m="46287" /><F22/><N who="3" m="15639" /><G104/><T52/><D126/><U10/><E98/><V62/><F62/><W101/><G6/><T105/><D130/><N who="2" m="50282" /><F25/><W50/><G42/><T5/><D26/><U63/><E63/><V47/><F47/><W61/><G16/><T4/><D4/><U74/><E21/><V44/><F44/><W83/><G83/><T70/><D70/><U124/><E46/><V120/><F120/><W123/><G123/><T133/><D55/><AGARI ba="1,0" hai="49,50,51,55,57,61,86,90,94,101,103" m="15639" machi="55" ten="30,7700,0" yaku="8,1,52,3" doraHai="45" who="3" fromWho="0" sc="200,-80,230,0,239,0,331,80" /><INIT seed="3,0,0,4,1,111" ten="120,230,239,411" oya="3" hai0="9,7,94,11,124,134,116,53,4,52,74,49,67" hai1="114,119,76,13,106,96,91,20,1,90,5,113,86" hai2="16,105,98,37,80,122,0,100,88,126,31,58,18" hai3="35,128,103,66,118,78,97,64,85,55,87,121,127"/><W51/><G35/><T50/><D67/><U77/><E1/><V29/><F37/><W84/><G121/><T47/><D74/><U83/><E119/><V42/><F122/><W115/><G118/><T25/><D116/><U99/><E5/><V32/><F0/><W6/><G6/><T22/><D124/><U133/><E13/><V69/><F42/><W56/><G127/><T14/><D134/><U79/><E20/><V39/><F39/><W81/><G128/><T110/><D110/><U70/><E70/><V123/><F126/><W54/><G115/><N who="1" m="44042" /><E133/><V73/><F123/><W93/><G55/><T15/><D94/><N who="1" m="56407" /><E106/><V112/><F112/><W28/><G28/><T33/><D33/><U95/><AGARI ba="0,0" hai="76,77,79,83,86,91,95,99" m="56407,44042" machi="95" ten="30,8000,1" yaku="34,2,52,3" doraHai="111" who="1" fromWho="1" sc="120,-20,230,80,239,-20,411,-40" owari="100,-40.0,310,11.0,219,-18.1,371,47.1" /></mjloggm>