<mjloggm ver="2.3"><GO type="225" lobby="0"/><UN n0="%E6%AB%BB%E4%BA%95%E5%A5%8F" n1="%E7%89%B9%E6%9D%B1%E3%81%AF%E4%B8%96%E7%95%8C%E3%82%92%E6%95%91%E3%81%86" n2="%E3%83%A9%E3%83%96%E3%83%AC%E3%83%BC" n3="%E3%81%AF%E3%82%88%E3%81%8A%E3%81%98%E3%81%95%E3%82%93" dan="17,16,18,17" rate="2207.93,2136.18,2193.34,2191.83" sx="M,M,M,M"/><TAIKYOKU oya="0"/><INIT seed="0,0,0,3,0,85" ten="250,250,250,250" oya="0" hai0="89,121,38,32,101,79,71,123,81,65,73,54,58" hai1="60,67,97,134,28,107,99,47,119,13,86,52,124" hai2="75,45,61,113,37,72,76,35,59,1,2,111,63" hai3="133,129,126,127,118,24,11,80,23,83,116,20,29"/><T9/><D32/><U93/><E119/><N who="3" m="45610" /><G80/><T66/><D38/><U106/><E134/><V130/><F113/><W17/><G83/><T39/><D39/><U33/><E124/><N who="3" m="47658" /><G133/><T49/><D101/><U26/><E86/><V94/><F130/><W18/><G129/><T64/><D71/><U55/><E13/><V16/><F35/><N who="3" m="20903" /><G18/><T98/><REACH who="0" step="1"/><D9/><REACH who="0" ten="240,250,250,250" step="2"/><U132/><E132/><V3/><F37/><W74/><G74/><T105/><D105/><U135/><E135/><V78/><F75/><W57/><G57/><T100/><D100/><U6/><E107/><V41/><F59/><W5/><G17/><T7/><D7/><U44/><E6/><V21/><F16/><W19/><G19/><T114/><D114/><U109/><E106/><V68/><F72/><W10/><G10/><T12/><D12/><AGARI ba="0,1" hai="5,11,12,20,23" m="20903,47658,45610" machi="12" ten="30,3900,0" yaku="18,1,34,2" doraHai="85" who="3" fromWho="0" sc="240,-39,250,0,250,0,250,49" /><INIT seed="1,0,0,0,3,64" ten="201,250,250,299" oya="1" hai0="9,4,1,126,99,117,127,84,47,54,28,7,121" hai1="75,110,73,59,93,15,106,24,113,49,50,128,120" hai2="18,33,77,31,37,131,56,43,27,60,55,82,91" hai3="17,38,116,74,67,52,10,108,90,130,44,61,88"/><U45/><E113/><V100/><F131/><W66/><G74/><T14/><D117/><U53/><E120/><V133/><F133/><W22/><G130/><T3/><D121/><U72/><E128/><V46/><F100/><W115/><G115/><T112/><D112/><U51/><E106/><V42/><F91/><N who="3" m="34859" /><G38/><T35/><D84/><U134/><E134/><V89/><F89/><W107/><G107/><T65/><D65/><N who="3" m="24585" /><G108/><T96/><D28/><U29/><E93/><V40/><REACH who="2" step="1"/><F18/><REACH who="2" ten="201,250,240,299" step="2"/><W79/><G116/><T68/><D126/><U80/><E110/><V71/><F71/><W0/><G17/><T102/><D68/><U32/><E80/><V114/><F114/><W109/><G109/><T118/><D127/><U25/><E25/><V92/><F92/><W36/><G79/><T13/><D118/><U76/><E76/><V58/><F58/><W124/><G124/><T119/><D119/><U8/><REACH who="1" step="1"/><E59/><REACH who="1" ten="201,240,240,299" step="2"/><V16/><F16/><AGARI ba="0,2" hai="8,15,16,24,29,32,45,49,50,51,53,72,73,75" machi="16" ten="40,12000,1" yaku="1,1,2,1,54,1,53,1" doraHai="64" doraHaiUra="41" who="1" fromWho="2" sc="201,0,240,140,240,-120,299,0" /><INIT seed="1,1,0,0,2,93" ten="201,380,120,299" oya="1" hai0="82,36,59,85,66,14,91,16,135,38,43,42,123" hai1="29,6,61,27,5,100,69,131,99,30,10,79,127" hai2="65,39,117,94,3,74,32,28,95,25,129,134,7" hai3="51,108,103,31,111,40,56,101,19,87,110,1,49"/><U104/><E131/><V83/><F117/><W8/><G31/><T122/><D135/><U17/><E127/><V80/><F134/><W102/><G40/><N who="0" m="15403" /><D59/><U35/><E30/><V109/><F129/><W11/><G56/><T67/><D38/><U105/><E105/><V120/><F120/><N who="0" m="46122" /><D36/><U119/><E119/><V53/><F109/><W78/><G1/><T26/><D26/><U106/><E106/><V97/><F65/><W63/><G63/><T70/><D70/><U118/><E118/><V132/><F132/><W90/><G78/><T47/><D47/><U22/><E79/><V48/><F39/><W96/><G96/><T114/><D114/><U12/><E10/><AGARI ba="1,0" hai="10,14,16,66,67,82,85,91" m="46122,15403" machi="10" ten="30,2000,0" yaku="13,1,54,1" doraHai="93" who="0" fromWho="1" sc="201,23,380,-23,120,0,299,0" /><INIT seed="2,0,0,4,0,79" ten="224,357,120,299" oya="2" hai0="78,54,99,63,69,26,130,15,72,118,125,25,82" hai1="74,71,65,47,22,109,44,27,70,66,21,113,84" hai2="119,53,129,122,105,33,56,88,5,24,40,106,100" hai3="50,127,41,92,87,20,94,101,121,36,67,98,58"/><V17/><F119/><W7/><G121/><T6/><D118/><U46/><E74/><V112/><F122/><W77/><G127/><T35/><D130/><U28/><E113/><V42/><F112/><W34/><G34/><T89/><D125/><U108/><E84/><V126/><F126/><W104/><G7/><T135/><D135/><U38/><E38/><V13/><F129/><W45/><G20/><N who="1" m="7786" /><E28/><V85/><F5/><W2/><G2/><T8/><D35/><U73/><E73/><V49/><F13/><W30/><G30/><T76/><D76/><U4/><E4/><V23/><F33/><W18/><G18/><T31/><D31/><U51/><E51/><V39/><F39/><W111/><G111/><N who="1" m="42570" /><E27/><V90/><F90/><W131/><G131/><T116/><D116/><U86/><E86/><V43/><REACH who="2" step="1"/><F100/><REACH who="2" ten="224,357,110,299" step="2"/><N who="3" m="62487" /><G36/><T133/><D133/><U128/><E128/><V102/><F102/><W95/><G101/><T59/><D89/><U132/><E132/><V117/><F117/><W3/><G3/><T16/><D6/><U68/><AGARI ba="0,1" hai="44,46,47,65,66,68,70,71" m="42570,7786" machi="68" ten="40,5200,0" yaku="28,2,14,1" doraHai="79" who="1" fromWho="1" sc="224,-13,357,62,110,-26,299,-13" /><INIT seed="3,0,0,0,0,124" ten="211,419,84,286" oya="3" hai0="91,102,111,11,105,128,98,131,40,17,19,85,97" hai1="82,59,72,123,77,95,116,22,7,13,66,103,80" hai2="119,67,0,57,1,46,27,28,88,41,68,83,74" hai3="34,32,48,14,75,78,45,61,130,81,29,50,109"/><W69/><G109/><T122/><D122/><U39/><E39/><V53/><F119/><W31/><G14/><T2/><D111/><U5/><E123/><V25/><F25/><W62/><G81/><T3/><D40/><U58/><E116/><V106/><F106/><W37/><G78/><T55/><D97/><U101/><E95/><V92/><F83/><W51/><G75/><T118/><D118/><U54/><E77/><V43/><F43/><W84/><G84/><T63/><D63/><N who="1" m="38271" /><E72/><V96/><F74/><W76/><G76/><T24/><D55/><U23/><E80/><V87/><F87/><W86/><G86/><T135/><D135/><U112/><E112/><V117/><F117/><W16/><G51/><T121/><D121/><U8/><E7/><V133/><F133/><W36/><G45/><T12/><D24/><U21/><E82/><V110/><F110/><W89/><G89/><T126/><D126/><U35/><E35/><V127/><F127/><W38/><G36/><T132/><D132/><U71/><E71/><V100/><F100/><W125/><G125/><T18/><D91/><U4/><E4/><V42/><F42/><W65/><G65/><T47/><D85/><U20/><E20/><V10/><F10/><W113/><G69/><T26/><D47/><U52/><E54/><V108/><F108/><W44/><G44/><T120/><D120/><U90/><E90/><V64/><F64/><W115/><G16/><N who="0" m="8223" /><D26/><U6/><E6/><V15/><F15/><W9/><G9/><T94/><D105/><U99/><E99/><V56/><F68/><RYUUKYOKU ba="0,0" sc="211,10,419,10,84,-30,286,10" hai0="2,3,17,18,19,94,98,102,128,131" hai1="5,8,13,21,22,23,52,58,101,103" hai3="29,31,32,34,37,38,48,50,61,62,113,115,130" /><INIT seed="3,1,0,4,4,128" ten="221,429,54,296" oya="3" hai0="14,118,115,75,40,67,51,124,61,121,131,9,94" hai1="39,107,91,123,31,29,71,3,116,46,25,62,127" hai2="55,68,35,96,85,47,90,17,117,97,81,48,10" hai3="52,11,49,78,0,23,27,73,24,1,110,120,134"/><W106/><G120/><T21/><D118/><U129/><E123/><V98/><F68/><W119/><G119/><T64/><D121/><U125/><E3/><V7/><F35/><W16/><G106/><T77/><D115/><U6/><E6/><V108/><F108/><W13/><G110/><T126/><D131/><U114/><E129/><V28/><F28/><W93/><G134/><T63/><D21/><U105/><E116/><V32/><F32/><W95/><G24/><T104/><D104/><U4/><E4/><V76/><F117/><W92/><G78/><T130/><D130/><U74/><E74/><V57/><F57/><W87/><G73/><T30/><D30/><N who="1" m="11275" /><E25/><V26/><F26/><W100/><G100/><T84/><D75/><U83/><E83/><V53/><F53/><W80/><G80/><T44/><D63/><U65/><E91/><V133/><F7/><N who="3" m="3327" /><G0/><T50/><D50/><U58/><E114/><V20/><F20/><W19/><G1/><T99/><D61/><U66/><E66/><V36/><F36/><W122/><G122/><T103/><D124/><N who="1" m="47691" /><E71/><V45/><F76/><W54/><G19/><T56/><D126/><U34/><E34/><V60/><F60/><W12/><G27/><T22/><D22/><U132/><E132/><V59/><F133/><W33/><G33/><T112/><D112/><U15/><E15/><V8/><F8/><W37/><G37/><T109/><D109/><U79/><E79/><V5/><F5/><W89/><G49/><T82/><D56/><U102/><E102/><V2/><F2/><W70/><G70/><RYUUKYOKU ba="1,0" sc="221,0,429,0,54,0,296,0" hai0="9,14,40,44,51,64,67,77,82,84,94,99,103" hai1="39,46,58,62,65,105,107" hai2="10,17,45,47,48,55,59,81,85,90,96,97,98" hai3="12,16,23,52,54,87,89,92,93,95" /><INIT seed="3,2,0,5,2,100" ten="221,429,54,296" oya="3" hai0="125,46,95,86,6,31,53,25,38,111,27,79,135" hai1="34,18,92,44,59,117,50,96,60,63,0,130,109" hai2="29,118,11,26,42,74,121,115,106,51,48,70,57" hai3="99,133,7,97,84,1,126,15,61,64,107,103,114"/><W12/><G114/><T72/><D111/><U9/><E34/><V108/><F26/><W131/><G126/><T35/><D135/><U14/><E109/><V36/><F11/><W77/><G133/><T58/><D125/><U39/><E0/><V89/><F89/><W49/><G131/><T21/><D72/><U93/><E130/><V90/><F90/><W5/><G49/><T71/><D71/><U134/><E39/><V2/><F29/><W43/><G43/><T113/><D113/><U119/><E134/><V82/><F82/><W52/><G52/><T54/><D6/><U75/><E75/><V88/><F88/><W40/><G40/><T28/><D38/><U3/><E3/><V98/><F98/><W127/><G127/><T45/><D53/><N who="1" m="29895" /><E96/><V124/><F42/><W87/><G99/><T76/><D95/><N who="1" m="36427" /><E59/><V33/><F57/><W105/><G107/><T55/><D54/><U17/><E17/><V120/><F51/><W116/><G116/><AGARI ba="2,0" hai="9,14,18,60,63,116,117,119" m="36427,29895" machi="116" ten="30,1000,0" yaku="12,1" doraHai="100" who="1" fromWho="3" sc="221,0,429,16,54,0,296,-16" owari="221,-17.9,445,54.5,54,-44.6,280,8.0" /></mjloggm>