<mjloggm ver="2.3"><GO type="225" lobby="0"/><UN n0="%E3%81%BD%E3%81%A1%E3%81%9F%E3%81%93%E3%82%84" n1="%E3%81%82%E3%81%99%E3%81%AB%E3%82%83%E3%82%80" n2="%E7%89%B9%E6%9D%B1%E3%81%AF%E4%B8%96%E7%95%8C%E3%82%92%E6%95%91%E3%81%86" n3="%E4%B8%89%E5%86%A0%E7%8E%8B%E3%83%BB%E5%B1%B1%E7%94%B0%E5%93%B2%E4%BA%BA" dan="17,16,16,16" rate="2168.79,2025.64,2192.99,2177.01" sx="M,F,M,M"/><TAIKYOKU oya="0"/><INIT seed="0,0,0,4,1,105" ten="250,250,250,250" oya="0" hai0="50,56,73,42,3,1,92,98,119,80,14,24,29" hai1="71,97,109,32,20,13,96,51,65,129,33,30,102" hai2="64,93,133,11,103,63,18,61,39,88,44,27,132" hai3="101,17,22,120,4,106,81,54,28,104,117,67,48"/><T34/><D119/><U112/><E109/><V12/><F103/><W62/><G117/><T9/><D80/><U23/><E129/><V134/><F27/><W108/><G108/><T95/><D73/><U68/><E112/><V82/><F82/><W78/><G28/><T16/><D95/><U25/><E51/><V52/><F64/><W26/><G4/><T111/><D111/><U49/><E49/><N who="2" m="28711" /><F39/><W58/><G101/><T5/><D56/><U77/><E77/><V115/><F115/><W85/><REACH who="3" step="1"/><G120/><REACH who="3" ten="250,250,250,240" step="2"/><T10/><D1/><U84/><E102/><V89/><F89/><W40/><G40/><T70/><D70/><AGARI ba="0,1" hai="17,22,26,48,54,58,62,67,70,78,81,85,104,106" machi="70" ten="30,2000,0" yaku="1,1,7,1,53,0" doraHai="105" doraHaiUra="99" who="3" fromWho="0" sc="250,-20,250,0,250,0,240,30" /><INIT seed="1,0,0,0,3,110" ten="230,250,250,270" oya="1" hai0="80,133,12,25,105,4,58,128,8,70,22,43,103" hai1="59,52,65,9,13,122,95,17,20,50,35,29,72" hai2="6,18,64,81,93,40,45,117,114,94,41,101,39" hai3="19,60,123,14,62,47,119,84,0,69,57,51,129"/><U97/><E72/><V99/><F117/><W106/><G0/><T104/><D70/><U86/><E122/><V5/><F41/><W125/><G123/><T76/><D128/><U124/><E124/><V96/><F64/><W54/><G129/><T37/><D133/><U10/><E86/><V15/><F81/><W74/><G74/><T75/><D103/><U111/><E111/><V49/><F39/><W67/><G119/><T7/><D7/><U16/><E65/><V116/><F116/><W131/><G131/><T27/><D58/><U32/><E29/><V90/><REACH who="2" step="1"/><F114/><REACH who="2" ten="230,250,240,270" step="2"/><W2/><G125/><T21/><D43/><U71/><E71/><V109/><F109/><W115/><G115/><T89/><D37/><U121/><E121/><V92/><F92/><W108/><G108/><T107/><REACH who="0" step="1"/><D89/><REACH who="0" ten="220,250,240,270" step="2"/><U120/><E120/><V112/><F112/><W130/><G130/><T118/><D118/><U56/><E56/><V23/><AGARI ba="0,2" hai="5,6,15,18,23,40,45,49,90,93,94,96,99,101" machi="23" ten="20,5200,0" yaku="1,1,0,1,7,1,8,1,53,0" doraHai="110" doraHaiUra="61" who="2" fromWho="2" sc="220,-13,250,-26,240,72,270,-13" /><INIT seed="2,0,0,0,2,45" ten="207,224,312,257" oya="2" hai0="121,115,93,100,97,77,79,126,23,56,41,37,117" hai1="53,32,90,11,104,134,75,114,27,89,135,123,119" hai2="67,112,49,5,38,16,42,71,127,8,95,86,107" hai3="109,106,70,124,54,72,25,4,51,9,58,131,0"/><V29/><F107/><W81/><G106/><T62/><D121/><U17/><E114/><V10/><F38/><W92/><G109/><T69/><D115/><U132/><E119/><V94/><F112/><W111/><G111/><T12/><D126/><U68/><E104/><V103/><F29/><W55/><G124/><T1/><D1/><U44/><E75/><V2/><F127/><W130/><G70/><T21/><D69/><U105/><E68/><V99/><F67/><W102/><G25/><T63/><D117/><U91/><E105/><V113/><F113/><W84/><G72/><T74/><D63/><U28/><E123/><V80/><F94/><W125/><G125/><T83/><D79/><U52/><REACH who="1" step="1"/><E44/><REACH who="1" ten="207,214,312,257" step="2"/><V48/><F71/><W85/><G131/><T118/><D118/><U19/><E19/><V87/><F16/><W3/><G130/><T96/><D96/><U101/><E101/><V46/><F46/><W14/><G102/><T66/><D37/><U39/><E39/><V122/><F103/><W133/><G133/><T33/><D41/><U60/><E60/><V43/><F122/><W129/><G129/><T98/><D98/><U24/><E24/><V108/><F99/><W30/><G30/><T34/><REACH who="0" step="1"/><D12/><AGARI ba="0,1" hai="11,12,17,27,28,32,52,53,89,90,91,132,134,135" machi="12" ten="50,6400,0" yaku="1,1,20,1,54,1,53,0" doraHai="45" doraHaiUra="76" who="1" fromWho="0" sc="207,-64,214,74,312,0,257,0" /><INIT seed="3,0,0,1,2,15" ten="143,288,312,257" oya="3" hai0="77,89,120,58,56,21,115,113,131,121,100,4,38" hai1="135,62,60,19,101,36,33,86,116,111,94,78,118" hai2="128,41,74,92,13,112,83,122,61,102,110,91,57" hai3="28,47,134,1,43,17,114,2,69,119,37,35,67"/><W93/><G114/><N who="0" m="43531" /><D77/><U98/><E36/><V44/><F112/><W105/><G119/><N who="1" m="45610" /><E111/><V27/><F110/><W18/><G105/><T32/><D100/><U3/><E3/><V82/><F128/><W53/><G134/><T48/><D38/><U10/><E33/><V46/><F122/><N who="0" m="47210" /><D32/><U81/><E135/><V65/><F102/><W20/><G35/><T79/><D79/><U23/><E10/><V50/><F74/><W107/><G107/><T73/><D73/><U24/><AGARI ba="0,0" hai="19,23,24,60,62,78,81,86,94,98,101" m="45610" machi="24" ten="30,2000,0" yaku="12,1,52,1" doraHai="15" who="1" fromWho="1" sc="143,-5,288,20,312,-5,257,-10" owari="138,-36.2,308,40.8,307,10.7,247,-15.3" /></mjloggm>