<mjloggm ver="2.3"><GO type="225" lobby="0"/><UN n0="%E9%B3%B3%E6%9D%B1%E3%81%AE%E3%81%BF%E3%81%91%E3%81%AB%E3%82%83%E3%82%93" n1="%E3%82%A2%E3%83%BC%E3%83%A2%E3%83%AD%E3%83%BC%E3%83%B4%E3%82%A1" n2="%E3%81%8C%E3%81%9F" n3="%E3%81%B5%E3%81%98%E3%81%8B%E3%81%A4" dan="17,16,17,16" rate="2137.15,2144.36,2157.86,2206.19" sx="F,M,F,M"/><TAIKYOKU oya="0"/><INIT seed="0,0,0,5,1,38" ten="250,250,250,250" oya="0" hai0="15,132,57,64,58,78,97,34,135,113,130,133,8" hai1="69,60,0,75,82,49,22,114,101,84,5,68,10" hai2="26,29,2,18,65,128,90,17,44,63,95,87,91" hai3="110,55,9,66,126,43,121,89,13,120,25,134,28"/><T127/><D113/><U116/><E116/><V59/><F2/><W14/><G66/><T107/><D34/><U131/><E114/><V20/><F128/><W76/><G76/><T42/><D130/><U108/><E131/><V46/><F91/><W123/><G89/><T23/><D127/><U115/><E115/><V1/><F1/><W81/><G81/><T72/><D23/><U16/><E75/><V45/><AGARI ba="0,0" hai="17,18,20,26,29,44,45,46,59,63,65,87,90,95" machi="45" ten="30,2000,0" yaku="0,1,8,1" doraHai="38" who="2" fromWho="2" sc="250,-10,250,-5,250,20,250,-5" /><INIT seed="1,0,0,2,5,19" ten="240,245,270,245" oya="1" hai0="74,29,100,95,27,32,128,118,88,12,76,30,56" hai1="135,75,1,134,62,39,116,81,0,93,55,58,65" hai2="124,9,36,49,57,48,127,79,73,80,44,111,105" hai3="51,130,63,64,112,6,121,102,28,33,8,50,126"/><U23/><E116/><V103/><F111/><W129/><G112/><T106/><D118/><U26/><E39/><V54/><F36/><W25/><G102/><T2/><D2/><U99/><E81/><V125/><F9/><W90/><G121/><T114/><D114/><U92/><E75/><V40/><F103/><W122/><G122/><T43/><D128/><N who="3" m="49257" /><G90/><T7/><D30/><U17/><E92/><V110/><REACH who="2" step="1"/><F110/><REACH who="2" ten="240,245,260,245" step="2"/><W89/><G126/><T22/><D100/><U96/><E134/><V3/><F3/><N who="3" m="95" /><G89/><T66/><D88/><N who="1" m="55335" /><E135/><V15/><F15/><W85/><G85/><T47/><D12/><U87/><E0/><V69/><F69/><AGARI ba="0,1" hai="25,28,33,50,51,63,64,69" m="95,49257" machi="69" ten="30,1000,0" yaku="19,1" doraHai="19" who="3" fromWho="2" sc="240,0,245,0,260,-10,245,20" /><INIT seed="2,0,0,1,0,101" ten="240,245,250,265" oya="2" hai0="117,1,59,2,88,119,86,126,26,93,36,132,129" hai1="121,8,39,135,123,102,110,91,42,3,43,15,4" hai2="52,35,124,50,23,79,25,82,65,6,130,85,30" hai3="49,109,20,46,10,9,70,128,0,89,64,84,55"/><V48/><F130/><W44/><G128/><T18/><D36/><U57/><E110/><V134/><F134/><W104/><G109/><T78/><D129/><U122/><E135/><V19/><F124/><W81/><G104/><T94/><D132/><U27/><E102/><V69/><F6/><W22/><G70/><T73/><D126/><U32/><E57/><V83/><F65/><W38/><G64/><T125/><D125/><U99/><E3/><V58/><F69/><W72/><G72/><T31/><D18/><U100/><E91/><V63/><REACH who="2" step="1"/><F83/><REACH who="2" ten="240,245,240,265" step="2"/><W105/><G81/><T97/><D119/><U118/><E118/><V113/><F113/><W103/><G0/><T87/><D117/><U116/><E116/><V68/><F68/><W90/><G38/><T56/><D1/><U53/><E39/><V34/><F34/><W51/><G46/><T127/><D2/><U17/><E32/><V37/><F37/><W106/><G44/><T47/><D47/><U107/><E4/><V7/><F7/><W61/><G55/><T98/><D127/><U21/><E53/><V5/><F5/><W67/><G67/><T92/><D56/><U11/><E42/><V71/><F71/><W112/><G112/><T74/><D59/><U29/><E43/><V13/><AGARI ba="0,1" hai="13,19,23,25,30,35,48,50,52,58,63,79,82,85" machi="13" ten="20,7800,0" yaku="1,1,0,1,7,1,54,1,53,0" doraHai="101" doraHaiUra="111" who="2" fromWho="2" sc="240,-26,245,-26,240,88,265,-26" /><INIT seed="2,1,0,3,3,53" ten="214,219,328,239" oya="2" hai0="76,131,90,0,58,106,41,51,118,8,33,81,117" hai1="123,77,19,75,114,83,40,126,98,39,2,10,55" hai2="28,29,4,1,125,102,78,54,50,97,103,101,113" hai3="84,43,85,96,30,91,129,57,48,21,122,32,65"/><V66/><F113/><W100/><G122/><T73/><D33/><U71/><E114/><V7/><F125/><W56/><G32/><T109/><D106/><U45/><E126/><V95/><F78/><W42/><G65/><T27/><D109/><U121/><E71/><V67/><F1/><W116/><G116/><N who="0" m="44651" /><D131/><U24/><E98/><V92/><F97/><W127/><G127/><T68/><D68/><U12/><E24/><V5/><F67/><W62/><G129/><T47/><D27/><U18/><E18/><V60/><F60/><W46/><G42/><T69/><D90/><U59/><REACH who="1" step="1"/><E2/><REACH who="1" ten="214,209,328,239" step="2"/><V64/><F102/><W63/><G100/><T37/><D69/><U104/><E104/><V87/><F101/><W49/><G96/><T11/><D0/><U111/><E111/><V124/><F103/><W44/><G30/><T120/><D120/><U86/><E86/><V25/><F124/><W17/><G85/><T38/><D38/><U72/><E72/><V36/><F36/><W94/><G17/><T115/><D115/><U135/><E135/><V79/><F29/><W80/><G84/><T9/><D37/><U3/><E3/><V35/><F87/><W16/><G80/><T61/><D8/><U13/><E13/><V34/><F79/><W70/><G70/><T107/><D107/><U93/><E93/><N who="2" m="35915" /><F34/><W89/><G94/><T14/><D14/><U110/><E110/><V31/><F31/><W128/><G128/><T22/><D22/><U132/><E132/><V105/><F105/><W74/><G74/><T82/><D82/><U26/><E26/><RYUUKYOKU ba="1,1" sc="214,10,209,10,328,10,239,-30" hai0="9,11,41,47,51,58,61,73,76,81" hai1="10,12,19,39,40,45,55,59,75,77,83,121,123" hai2="4,5,7,25,28,35,50,54,64,66" /><INIT seed="2,2,1,5,2,45" ten="224,219,338,209" oya="2" hai0="14,0,99,13,58,72,98,6,113,132,110,93,48" hai1="66,20,128,107,43,104,82,28,116,123,120,24,37" hai2="88,42,57,55,65,16,38,118,41,60,9,117,35" hai3="10,19,75,79,61,86,7,67,51,12,81,54,3"/><V64/><F35/><W103/><G103/><T40/><D113/><U36/><E116/><V11/><F38/><N who="1" m="14953" /><E43/><N who="2" m="16395" /><F117/><W50/><G54/><T100/><D72/><U52/><E66/><N who="2" m="25707" /><F118/><W8/><REACH who="3" step="1"/><G75/><REACH who="3" ten="224,219,338,199" step="2"/><T109/><D100/><U112/><E112/><V59/><F59/><AGARI ba="2,2" hai="3,7,8,10,12,19,50,51,59,61,67,79,81,86" machi="59" ten="30,8000,1" yaku="1,1,2,1,7,1,52,2,53,0" doraHai="45" doraHaiUra="71" who="3" fromWho="2" sc="224,0,219,0,338,-86,199,106" /><INIT seed="3,0,0,3,0,133" ten="224,219,252,305" oya="3" hai0="36,2,27,52,99,44,117,85,63,61,54,19,116" hai1="11,24,67,76,91,73,62,45,66,102,48,13,103" hai2="84,4,28,111,122,16,78,77,3,81,98,25,135" hai3="31,80,87,37,21,39,69,49,0,107,10,94,92"/><W33/><G107/><T64/><D2/><U8/><E73/><V127/><F111/><W6/><G69/><N who="0" m="42127" /><D85/><U29/><E76/><V109/><F127/><W56/><G33/><T121/><D19/><U134/><E134/><V34/><F135/><W23/><G39/><T79/><D79/><U42/><E91/><V72/><F109/><W95/><G37/><T41/><D27/><U57/><E66/><V130/><F130/><W18/><G31/><T114/><D99/><U47/><E47/><V30/><F30/><W97/><G97/><T118/><D121/><U22/><REACH who="1" step="1"/><E8/><REACH who="1" ten="224,209,252,305" step="2"/><V60/><F77/><N who="3" m="46479" /><G10/><T86/><D86/><U96/><E96/><V1/><F84/><W43/><G0/><T83/><D83/><U104/><E104/><V26/><F98/><W88/><G88/><T51/><D114/><U128/><E128/><V38/><F3/><W53/><G6/><AGARI ba="0,1" hai="6,11,13,22,24,29,42,45,48,57,62,67,102,103" machi="6" ten="30,3900,0" yaku="1,1,7,1,8,1,53,0" doraHai="133" doraHaiUra="132" who="1" fromWho="3" sc="224,0,209,49,252,0,305,-39" /><INIT seed="4,0,0,2,1,24" ten="224,258,252,266" oya="0" hai0="1,108,17,86,61,119,134,56,103,67,80,15,36" hai1="106,57,75,95,55,13,91,130,96,105,133,78,4" hai2="81,85,45,16,102,90,107,10,28,66,59,48,52" hai3="128,110,40,23,18,112,115,76,109,21,27,100,71"/><T42/><D119/><U46/><E133/><V58/><F107/><W7/><G71/><T116/><D116/><U62/><E130/><V29/><F102/><W101/><G76/><T118/><D118/><U122/><E122/><V131/><F131/><W98/><G40/><T38/><D1/><U54/><E75/><V8/><F16/><N who="3" m="12711" /><G7/><T20/><D134/><U63/><E78/><V132/><F132/><W31/><G128/><T70/><D108/><N who="3" m="41577" /><G98/><T41/><D103/><U125/><E125/><V44/><F66/><W53/><G53/><T43/><REACH who="0" step="1"/><D70/><REACH who="0" ten="214,258,252,266" step="2"/><U51/><E105/><V0/><F0/><W2/><G2/><T68/><D68/><U94/><E106/><V121/><F121/><W34/><G101/><T135/><D135/><U19/><E94/><V87/><F87/><W72/><G100/><T99/><D99/><U74/><E74/><V92/><F92/><W104/><G104/><T123/><D123/><U64/><E96/><V22/><F59/><W111/><G72/><T33/><D33/><U9/><E95/><V3/><F3/><W60/><G111/><T30/><D30/><N who="2" m="11882" /><F22/><W117/><G117/><T49/><D49/><U129/><E129/><V114/><F114/><N who="3" m="43563" /><G60/><T26/><D26/><U82/><E63/><V88/><F90/><AGARI ba="0,1" hai="15,17,20,36,38,41,42,43,56,61,67,80,86,90" machi="90" ten="40,2000,0" yaku="1,1,53,0" doraHai="24" doraHaiUra="50" who="0" fromWho="2" sc="214,30,258,0,252,-20,266,0" /><INIT seed="4,1,0,1,0,97" ten="244,258,232,266" oya="0" hai0="88,71,27,28,74,112,60,135,111,123,23,125,84" hai1="26,11,86,116,2,51,69,68,30,29,133,107,36" hai2="115,20,93,132,73,113,101,33,39,55,80,35,81" hai3="134,117,37,47,3,126,66,129,79,21,70,59,131"/><T105/><D123/><U96/><E116/><V1/><F1/><W82/><G3/><T56/><D74/><U85/><E36/><V10/><F39/><W46/><G21/><T58/><D112/><N who="2" m="43082" /><F132/><W87/><G117/><T13/><D135/><U77/><E133/><V43/><F43/><N who="3" m="22895" /><G134/><T8/><D125/><U119/><E119/><V128/><F128/><N who="3" m="49227" /><G126/><T122/><D122/><U62/><E30/><V17/><F10/><W89/><G70/><T108/><D105/><U109/><E11/><V22/><F55/><W53/><G66/><T100/><D100/><U6/><E68/><V95/><F20/><W31/><G31/><T16/><D71/><U25/><E29/><V99/><F93/><W18/><G18/><T103/><D103/><U50/><E2/><V127/><F127/><W91/><G47/><T65/><REACH who="0" step="1"/><D58/><REACH who="0" ten="234,258,232,266" step="2"/><U120/><E69/><V44/><F44/><W121/><G121/><T15/><D15/><U63/><E120/><V19/><F73/><W61/><AGARI ba="1,1" hai="53,59,61,79,82,87,89,91" m="49227,22895" machi="61" ten="30,1100,0" yaku="19,1" doraHai="97" who="3" fromWho="3" sc="234,-6,258,-4,232,-4,266,24" /><INIT seed="5,0,0,4,1,93" ten="228,254,228,290" oya="1" hai0="134,103,64,82,135,17,88,77,96,37,112,125,52" hai1="46,92,44,55,67,31,62,86,83,113,35,50,76" hai2="53,95,126,89,81,115,87,32,94,54,20,25,23" hai3="127,30,106,70,26,45,27,124,18,63,43,68,91"/><U80/><E113/><V78/><F115/><W29/><G106/><T75/><D112/><U7/><E7/><V121/><F121/><W10/><G91/><T105/><D37/><U28/><E35/><V66/><F126/><N who="3" m="48171" /><G10/><T24/><D125/><U85/><E44/><V11/><F32/><N who="3" m="20535" /><G18/><T5/><D64/><U97/><E85/><N who="2" m="48311" /><F11/><W8/><G8/><T74/><D74/><U56/><E83/><N who="2" m="49407" /><F66/><W104/><G104/><T58/><D5/><U119/><E119/><V14/><F14/><W15/><G15/><T100/><D100/><AGARI ba="0,0" hai="28,31,46,50,55,56,62,67,76,80,86,92,97,100" machi="100" ten="30,5800,0" yaku="7,1,8,1,52,1" doraHai="93" who="1" fromWho="0" sc="228,-58,254,58,228,0,290,0" owari="170,-33.0,312,41.2,228,-17.2,290,9.0" /></mjloggm>