<mjloggm ver="2.3"><GO type="225" lobby="0"/><UN n0="%E3%81%AA%E3%81%A1%30%39%32%37" n1="%6D%75%75%6D%75%72%61" n2="%E9%B3%B3%E6%9D%B1%E3%81%AE%E3%81%86%E3%81%95%E3%81%8E%E3%81%95%E3%82%93" n3="%E3%81%BF%E3%82%84%E3%81%93%E3%82%93%EF%BC%91%EF%BC%90%E6%AD%B3" dan="16,17,17,16" rate="2072.30,2179.99,2187.95,2041.18" sx="M,F,M,M"/><TAIKYOKU oya="0"/><INIT seed="0,0,0,5,5,111" ten="250,250,250,250" oya="0" hai0="95,9,19,109,84,43,97,25,18,79,86,57,77" hai1="67,71,66,16,100,112,118,29,103,89,47,0,49" hai2="21,124,31,78,53,32,116,40,83,101,26,48,99" hai3="106,68,129,87,126,80,6,96,4,92,33,93,70"/><T14/><D109/><U55/><E118/><V108/><F108/><W54/><G33/><T64/><D43/><U131/><E0/><V22/><F124/><W58/><G106/><T113/><D113/><U132/><E131/><V41/><F116/><W59/><G126/><T135/><D135/><U73/><E132/><V11/><F11/><W60/><G129/><T56/><D79/><U13/><E73/><V94/><F32/><W119/><G119/><T90/><D77/><U42/><E71/><V7/><F7/><W75/><G75/><T105/><D105/><U63/><E29/><V98/><F21/><W38/><G38/><T123/><D123/><U8/><E112/><V127/><F127/><W74/><G74/><T27/><D56/><N who="1" m="35231" /><E89/><V61/><F61/><W12/><G70/><T23/><REACH who="0" step="1"/><D25/><REACH who="0" ten="240,250,250,250" step="2"/><U121/><E121/><V88/><F78/><N who="3" m="46487" /><G68/><T125/><D125/><U17/><E17/><V36/><F36/><W69/><G69/><T120/><D120/><U24/><E24/><V39/><F39/><W35/><G58/><T134/><D134/><U82/><E82/><V45/><REACH who="2" step="1"/><F83/><REACH who="2" ten="240,250,240,250" step="2"/><W3/><G60/><AGARI ba="0,2" hai="9,14,18,19,23,27,57,60,64,84,86,90,95,97" machi="60" ten="40,3900,0" yaku="1,1,8,1,53,0" doraHai="111" doraHaiUra="133" who="0" fromWho="3" sc="240,59,250,0,240,0,250,-39" /><INIT seed="0,1,0,2,1,88" ten="299,250,240,211" oya="0" hai0="34,47,41,20,86,50,24,59,39,84,76,113,133" hai1="107,57,74,43,58,38,92,18,116,48,118,73,68" hai2="98,53,119,21,10,71,67,81,42,63,9,121,23" hai3="122,60,70,79,99,82,89,128,90,108,0,64,110"/><T51/><D113/><U44/><E107/><V93/><F121/><W56/><G122/><T32/><D133/><U125/><E68/><V11/><F119/><W12/><G0/><T36/><D51/><U105/><E105/><V135/><F135/><W72/><G128/><T109/><D109/><N who="3" m="42089" /><G12/><T52/><D39/><U96/><E125/><V100/><F42/><W6/><G6/><T117/><D117/><U8/><E116/><V102/><F102/><W22/><G22/><T124/><D124/><U13/><E118/><V3/><F3/><W83/><G83/><T94/><D76/><U75/><REACH who="1" step="1"/><E38/><REACH who="1" ten="299,240,240,211" step="2"/><V26/><F26/><W106/><G70/><T30/><D34/><U77/><E77/><V132/><F132/><W111/><N who="3" m="42097" /><W33/><DORA hai="2" /><G33/><T127/><D127/><U80/><E80/><V95/><F81/><W1/><G1/><T114/><D32/><U14/><E14/><V28/><F93/><N who="3" m="56751" /><G106/><T37/><D37/><U120/><E120/><V126/><F126/><W61/><G79/><T78/><D78/><U115/><E115/><V131/><F131/><W65/><G72/><T87/><REACH who="0" step="1"/><D114/><REACH who="0" ten="289,240,240,211" step="2"/><U97/><E97/><V45/><F98/><W130/><G130/><T27/><D27/><U134/><E134/><V5/><F71/><N who="3" m="42375" /><G82/><T55/><D55/><U112/><E112/><V16/><F53/><W31/><G65/><T29/><D29/><U66/><E66/><V25/><F28/><W15/><G31/><T103/><D103/><AGARI ba="1,2" hai="8,13,18,43,44,48,57,58,73,74,75,92,96,103" machi="103" ten="40,2600,0" yaku="1,1,52,1,53,0" doraHai="88,2" doraHaiUra="62,19" who="1" fromWho="0" sc="289,-29,240,49,240,0,211,0" /><INIT seed="1,0,0,4,0,62" ten="260,289,240,211" oya="1" hai0="25,83,61,33,13,84,72,68,1,21,91,125,15" hai1="54,60,42,35,119,124,6,113,5,47,20,102,53" hai2="41,117,24,49,109,93,44,40,2,78,3,99,135" hai3="19,67,95,74,92,104,127,45,111,134,58,23,48"/><U73/><E113/><V122/><F117/><W16/><G104/><T110/><D1/><U126/><E35/><V64/><F122/><W17/><G111/><T89/><D110/><U37/><E119/><V82/><F109/><W80/><G127/><N who="1" m="48682" /><E73/><V50/><F135/><W52/><G134/><T34/><D125/><U133/><E133/><V129/><F129/><W32/><G32/><T70/><D72/><U131/><E131/><V107/><F107/><W56/><G56/><T4/><D33/><U29/><E102/><V101/><F24/><W97/><G74/><T7/><D34/><U12/><E60/><V115/><F64/><W14/><G80/><T31/><D61/><U11/><E6/><V132/><F115/><W118/><G118/><T71/><REACH who="0" step="1"/><D91/><REACH who="0" ten="250,289,240,211" step="2"/><U75/><E75/><V22/><F132/><W112/><G112/><T85/><D85/><U46/><E46/><N who="2" m="25799" /><F2/><W76/><G76/><T59/><D59/><U94/><E94/><N who="3" m="35882" /><G97/><T9/><D9/><U39/><E39/><V108/><F3/><W96/><G96/><T51/><D51/><U103/><E103/><V0/><F0/><W38/><G38/><T77/><D77/><U81/><E81/><V18/><F108/><W66/><G58/><T36/><D36/><U26/><AGARI ba="0,1" hai="5,11,12,20,26,29,37,42,47,53,54" m="48682" machi="26" ten="30,1500,0" yaku="18,1" doraHai="62" who="1" fromWho="1" sc="250,-5,289,25,240,-5,211,-5" /><INIT seed="1,1,0,3,0,124" ten="245,314,235,206" oya="1" hai0="35,16,75,52,101,103,130,1,113,70,10,67,28" hai1="78,56,13,43,129,68,106,111,0,47,32,83,86" hai2="79,110,82,122,121,66,45,60,19,11,42,125,36" hai3="93,6,49,108,64,57,120,73,74,34,114,14,71"/><U100/><E0/><V61/><F110/><W123/><G114/><T17/><D113/><U33/><E68/><V50/><F125/><W46/><G34/><T37/><D75/><U18/><E111/><V117/><F117/><W29/><G108/><T115/><D115/><U69/><E69/><V58/><F50/><W109/><G29/><T4/><D37/><U23/><E129/><V76/><F60/><W53/><G109/><T27/><D67/><U22/><E106/><V116/><F116/><W38/><G74/><T9/><D70/><U44/><E100/><V62/><F62/><N who="3" m="40343" /><G73/><T2/><D130/><U89/><E56/><V104/><F104/><W98/><G14/><T85/><D85/><U99/><E23/><V131/><F131/><W39/><G6/><T7/><D52/><U133/><E133/><V41/><F41/><N who="3" m="22839" /><G39/><T25/><D28/><U90/><E47/><V26/><F79/><W80/><G80/><T105/><D105/><U127/><E127/><V95/><F95/><W5/><G5/><T94/><D94/><U51/><REACH who="1" step="1"/><E99/><REACH who="1" ten="245,304,235,206" step="2"/><V3/><F3/><W126/><G126/><T20/><D20/><U59/><E59/><V12/><F26/><W96/><G96/><T15/><D35/><AGARI ba="1,1" hai="13,18,22,32,33,35,43,44,51,78,83,86,89,90" machi="35" ten="40,2000,0" yaku="1,1,53,0" doraHai="124" doraHaiUra="55" who="1" fromWho="0" sc="245,-23,304,33,235,0,206,0" /><INIT seed="1,2,0,2,2,112" ten="222,337,235,206" oya="1" hai0="2,8,113,66,119,59,133,3,124,91,131,20,45" hai1="25,84,109,51,106,0,53,6,67,75,127,63,97" hai2="70,116,40,42,73,9,100,111,123,85,71,52,74" hai3="115,108,47,135,7,118,33,68,122,49,56,58,89"/><U78/><E75/><V105/><F123/><W1/><G115/><T99/><D113/><U5/><E127/><V107/><F9/><W10/><G122/><T120/><D124/><U87/><E109/><V86/><F100/><W11/><G108/><T126/><D120/><U4/><E0/><V103/><F103/><W34/><G68/><T48/><D126/><U101/><E25/><V35/><F111/><W19/><G135/><T41/><D133/><U29/><E29/><V102/><F102/><W44/><G89/><T26/><D131/><U60/><E78/><V132/><F132/><W23/><G11/><T50/><D8/><U30/><E30/><V77/><F77/><W98/><G98/><T69/><D69/><U64/><E63/><V24/><F52/><W76/><G76/><T15/><D15/><U21/><E21/><V18/><F24/><W90/><G90/><T82/><D119/><U92/><E106/><V72/><F72/><W83/><G118/><T114/><D114/><U39/><E39/><V32/><F18/><W16/><G83/><T27/><D27/><U104/><E104/><V13/><F13/><N who="3" m="9615" /><G19/><T134/><D134/><U22/><E22/><V62/><F62/><W121/><G121/><T17/><D66/><N who="1" m="25131" /><E60/><V12/><F12/><W96/><G96/><T43/><D99/><U57/><AGARI ba="2,0" hai="4,5,6,51,53,57,84,87,92,97,101" m="25131" machi="57" ten="30,1500,0" yaku="8,1" doraHai="112" who="1" fromWho="1" sc="222,-7,337,21,235,-7,206,-7" /><INIT seed="1,3,0,3,5,69" ten="215,358,228,199" oya="1" hai0="66,79,85,21,68,4,63,91,10,83,16,58,22" hai1="72,34,131,2,74,70,54,67,101,13,12,128,6" hai2="77,25,110,55,114,122,78,5,107,103,81,104,47" hai3="33,117,42,9,27,57,76,116,52,48,73,108,123"/><U106/><E34/><V71/><F122/><W89/><G123/><T31/><D68/><U80/><E2/><V98/><F110/><W28/><G108/><T113/><D113/><U92/><E106/><V97/><F114/><W20/><G89/><T49/><D31/><U105/><E105/><V17/><F71/><W86/><G73/><T65/><D65/><U84/><E67/><V132/><F132/><W124/><G124/><T120/><D120/><U64/><E64/><V62/><F5/><W56/><G9/><T94/><D49/><U130/><E70/><V53/><F47/><W15/><G57/><T29/><D29/><U112/><E112/><V125/><F125/><W39/><G15/><T82/><D82/><U37/><E54/><V50/><F62/><W118/><G86/><T41/><D41/><U32/><E32/><V40/><F40/><W30/><G76/><T61/><D61/><U51/><E51/><V93/><F77/><W60/><G48/><T38/><D38/><U3/><E37/><V88/><F104/><W46/><G30/><T119/><D119/><U96/><E72/><V134/><F134/><W99/><G99/><T1/><REACH who="0" step="1"/><D16/><REACH who="0" ten="205,358,228,199" step="2"/><U95/><E80/><V102/><F50/><W135/><G135/><T43/><D43/><U23/><E128/><V14/><F81/><W127/><G127/><T26/><D26/><U11/><E130/><V59/><F25/><W45/><G45/><T87/><AGARI ba="3,1" hai="1,4,10,21,22,58,63,66,79,83,85,87,91,94" machi="87" ten="20,5200,0" yaku="1,1,0,1,7,1,53,1" doraHai="69" doraHaiUra="7" who="0" fromWho="0" sc="205,71,358,-29,228,-16,199,-16" /><INIT seed="2,0,0,1,2,83" ten="276,329,212,183" oya="2" hai0="64,61,79,82,106,27,55,41,18,131,47,112,121" hai1="48,97,51,114,7,87,115,80,94,57,16,60,54" hai2="75,76,67,122,15,62,40,120,113,88,29,56,42" hai3="100,104,13,65,46,59,118,1,63,14,73,23,4"/><V69/><F113/><W8/><G118/><T35/><D112/><U74/><E74/><V96/><F29/><W91/><G73/><T89/><D121/><U84/><E114/><V50/><F75/><W49/><G23/><T52/><D106/><U90/><E115/><V108/><F76/><W37/><G37/><T105/><D105/><U110/><E110/><V81/><F108/><W36/><G36/><T125/><D79/><N who="1" m="46111" /><E7/><V30/><F30/><W3/><G3/><T127/><D131/><U5/><E5/><V86/><F96/><W9/><G9/><T6/><D6/><U129/><E129/><V85/><F85/><W19/><G19/><T78/><D78/><U26/><E97/><V2/><F2/><W70/><G70/><T66/><D82/><U132/><E132/><V44/><F15/><W20/><G20/><AGARI ba="0,0" hai="16,20,26,48,51,54,57,60,87,90,94" m="46111" machi="20" ten="30,7700,0" yaku="8,1,52,2,54,1" doraHai="83" who="1" fromWho="3" sc="276,0,329,77,212,0,183,-77" /><INIT seed="3,0,0,4,4,75" ten="276,406,212,106" oya="3" hai0="6,93,27,73,9,81,116,43,48,52,21,106,32" hai1="57,111,123,63,4,46,87,82,89,38,51,86,100" hai2="35,124,7,12,110,74,70,77,60,71,53,114,117" hai3="39,10,26,128,55,28,61,62,50,19,127,44,40"/><W66/><G128/><T16/><D106/><U119/><E123/><V130/><F114/><W42/><G127/><T101/><D116/><U68/><E119/><V105/><F117/><W112/><G112/><T104/><D104/><U131/><E68/><V69/><F35/><W134/><G134/><T92/><D43/><N who="1" m="25055" /><E38/><V120/><F105/><W122/><G122/><T47/><D101/><U78/><E111/><V135/><F120/><W80/><G80/><T41/><D32/><U85/><E131/><V37/><F37/><W102/><G102/><T129/><D129/><U24/><E100/><V99/><F70/><W67/><G39/><T45/><D45/><U107/><E107/><V11/><F71/><W56/><G19/><T125/><D41/><U84/><E4/><V109/><F69/><W14/><G14/><T64/><D64/><N who="1" m="39023" /><E24/><V58/><F74/><W72/><G10/><T13/><D125/><U95/><AGARI ba="0,0" hai="78,82,84,85,86,87,89,95" m="39023,25055" machi="95" ten="30,2000,0" yaku="8,1,52,1" doraHai="75" who="1" fromWho="1" sc="276,-5,406,20,212,-5,106,-10" owari="271,7.1,426,52.6,207,-19.3,96,-40.4" /></mjloggm>