<mjloggm ver="2.3"><GO type="225" lobby="0"/><UN n0="%E3%81%8B%E3%82%8F%E3%81%A1%E3%82%83%E3%82%93%35%38" n1="%E6%97%A5%E6%9B%9C%E6%97%A5%E3%82%88%E3%82%8A%E3%81%AE%E4%BD%BF%E8%80%85" n2="%74%2E%6F%2E%6F%2E%73" n3="%E5%8D%8D%E6%B1%A0%E8%A2%8B%E6%9C%80%E5%BC%B7%E5%8D%8D" dan="16,16,18,16" rate="2120.06,2176.29,2154.72,2159.19" sx="M,M,M,M"/><TAIKYOKU oya="0"/><INIT seed="0,0,0,2,4,69" ten="250,250,250,250" oya="0" hai0="135,77,95,53,28,113,0,86,58,15,10,61,16" hai1="134,22,62,68,85,127,98,93,39,96,55,17,33" hai2="133,20,120,49,29,25,52,59,41,5,71,12,38" hai3="13,6,1,99,80,79,66,34,31,36,45,65,117"/><T114/><D135/><U56/><E33/><V121/><F133/><W48/><G117/><T63/><D0/><U64/><E134/><V104/><F104/><W100/><G1/><T11/><D28/><U116/><E116/><V37/><F71/><W92/><G34/><T47/><D114/><U88/><E127/><V9/><REACH who="2" step="1"/><F41/><REACH who="2" ten="250,250,240,250" step="2"/><N who="3" m="24623" /><G66/><T82/><D113/><U2/><E2/><V75/><F75/><W54/><G65/><T23/><D63/><U107/><E107/><V30/><F30/><W14/><G31/><T126/><D126/><U19/><E39/><AGARI ba="0,1" hai="5,9,12,20,25,29,37,38,39,49,52,59,120,121" machi="39" ten="40,8000,1" yaku="1,1,52,3,54,1,53,0" doraHai="69" doraHaiUra="101" who="2" fromWho="1" sc="250,0,250,-80,240,90,250,0" /><INIT seed="1,0,0,4,2,14" ten="250,170,330,250" oya="1" hai0="84,112,60,132,87,44,25,62,40,63,97,31,133" hai1="131,28,8,118,78,107,120,129,135,49,33,121,7" hai2="126,77,61,123,38,128,117,127,130,19,37,24,113" hai3="88,116,4,47,105,122,66,16,41,90,52,43,64"/><U45/><E107/><V23/><F117/><W96/><G4/><T134/><D97/><U1/><E78/><V71/><F123/><N who="1" m="47177" /><E49/><V9/><F77/><W39/><G116/><T100/><D100/><U74/><E74/><V12/><F113/><W50/><G122/><T75/><D75/><U103/><E118/><V6/><F61/><W119/><G119/><T81/><D112/><U65/><E103/><V93/><F93/><N who="3" m="56359" /><G90/><T91/><D84/><U111/><E45/><V110/><F110/><W114/><G114/><T36/><REACH who="0" step="1"/><D62/><REACH who="0" ten="240,170,330,250" step="2"/><U98/><E98/><V54/><F128/><N who="1" m="49225" /><E65/><N who="3" m="25194" /><G105/><T101/><D101/><U72/><E72/><V30/><F130/><W2/><G2/><T3/><D3/><U0/><E111/><V22/><F71/><W53/><G39/><T124/><D124/><U109/><E109/><V13/><F37/><W46/><G41/><T70/><D70/><U21/><E0/><V48/><REACH who="2" step="1"/><F38/><REACH who="2" ten="240,170,320,250" step="2"/><W69/><G69/><T5/><D5/><U115/><E115/><V80/><F80/><W67/><G43/><T15/><D15/><U92/><E92/><V11/><F11/><W79/><G79/><T27/><D27/><N who="1" m="16495" /><E135/><V58/><AGARI ba="0,2" hai="6,9,12,13,19,22,23,24,30,48,54,58,126,127" machi="58" ten="30,4000,0" yaku="1,1,0,1,52,1,53,0" doraHai="14" doraHaiUra="34" who="2" fromWho="2" sc="240,-10,170,-20,320,60,250,-10" /><INIT seed="2,0,0,5,0,18" ten="230,150,380,240" oya="2" hai0="8,108,81,119,42,57,96,5,12,109,91,24,74" hai1="27,38,128,115,23,79,25,44,70,107,120,98,113" hai2="72,62,102,3,35,129,56,126,104,16,64,76,85" hai3="101,89,92,13,60,36,41,99,133,114,21,47,125"/><V22/><F35/><W6/><G133/><T135/><D135/><U83/><E70/><V39/><F3/><W51/><G125/><T86/><D119/><U58/><E120/><V73/><F39/><W132/><G132/><T111/><D42/><U123/><E128/><V32/><F32/><W61/><G36/><T17/><D74/><U130/><E130/><V100/><F129/><W52/><G114/><T54/><D96/><U31/><E123/><V69/><F69/><W15/><G41/><T20/><REACH who="0" step="1"/><D109/><REACH who="0" ten="220,150,380,240" step="2"/><U7/><E115/><V67/><F72/><W63/><G6/><T10/><D10/><U37/><E113/><V110/><F73/><W49/><G49/><AGARI ba="0,1" hai="5,8,12,17,20,24,49,54,57,81,86,91,108,111" machi="49" ten="40,2600,0" yaku="1,1,52,1,53,0" doraHai="18" doraHaiUra="43" who="0" fromWho="3" sc="220,36,150,0,380,0,240,-26" /><INIT seed="3,0,0,0,3,117" ten="256,150,380,214" oya="3" hai0="116,8,45,37,134,2,100,75,111,61,104,26,98" hai1="52,53,63,127,4,66,120,34,39,57,48,46,132" hai2="73,128,19,115,133,1,24,108,79,69,84,7,54" hai3="29,41,93,72,106,42,3,10,62,129,85,14,23"/><W5/><G72/><T33/><D116/><U101/><E34/><V43/><F54/><W118/><G106/><T112/><D111/><U125/><E4/><V32/><F84/><W58/><G129/><T51/><D51/><N who="1" m="28791" /><E101/><V131/><F19/><W76/><G3/><T6/><D134/><U74/><E74/><V67/><F24/><N who="3" m="16543" /><G118/><T105/><D112/><U126/><E39/><V88/><F73/><W65/><G93/><T0/><D75/><U44/><E132/><V9/><F1/><W83/><AGARI ba="0,0" hai="5,10,14,41,42,58,62,65,76,83,85" m="16543" machi="83" ten="30,1500,0" yaku="8,1" doraHai="117" who="3" fromWho="3" sc="256,-5,150,-5,380,-5,214,15" /><INIT seed="3,1,0,1,2,86" ten="251,145,375,229" oya="3" hai0="7,35,89,48,45,38,79,16,108,65,63,81,72" hai1="69,100,8,75,127,94,97,28,101,118,49,2,22" hai2="52,46,109,104,26,4,14,125,24,39,96,34,76" hai3="78,111,29,58,18,119,41,54,122,121,6,68,114"/><W88/><G68/><T135/><D38/><U61/><E118/><V13/><F109/><W84/><G114/><T132/><D108/><U1/><E127/><V51/><F39/><W113/><G113/><T91/><D7/><U93/><E75/><V66/><F66/><W105/><G119/><T43/><D35/><U129/><E129/><V115/><F104/><W106/><G78/><T90/><REACH who="0" step="1"/><D16/><REACH who="0" ten="241,145,375,229" step="2"/><U80/><E8/><V85/><F4/><W21/><G111/><T126/><D126/><U123/><E123/><V67/><F34/><W47/><G29/><T27/><D27/><U95/><E28/><V110/><F24/><W0/><G0/><T36/><D36/><U60/><E22/><V82/><F26/><W50/><G6/><T53/><D53/><U31/><E31/><V98/><F125/><W71/><G71/><AGARI ba="1,1" hai="43,45,48,63,65,71,72,79,81,89,90,91,132,135" machi="71" ten="40,8000,1" yaku="1,1,52,3,53,1" doraHai="86" doraHaiUra="74" who="0" fromWho="3" sc="241,93,145,0,375,0,229,-83" owari="334,13.4,145,-35.5,375,47.5,146,-25.4" /></mjloggm>