<mjloggm ver="2.3"><GO type="225" lobby="0"/><UN n0="%6C%61%6D%62" n1="%4B%2E%32%2E%4B%2E" n2="%E5%AD%90%E4%BE%9B%E4%BC%9A%E5%93%A1" n3="%6D%75%75%73%61%6E%6D%75" dan="16,16,17,17" rate="2176.12,2197.13,2122.60,2140.98" sx="M,M,M,F"/><TAIKYOKU oya="0"/><INIT seed="0,0,0,0,0,119" ten="250,250,250,250" oya="0" hai0="5,45,49,123,104,54,74,1,69,127,48,17,98" hai1="15,80,112,64,52,106,67,111,29,97,99,108,58" hai2="10,56,81,93,3,90,55,122,82,24,28,100,6" hai3="78,65,8,41,84,128,47,0,13,35,92,61,110"/><T16/><D123/><U96/><E112/><V124/><F100/><W32/><G110/><N who="1" m="42026" /><E106/><V105/><F105/><W46/><G0/><T30/><D69/><U133/><E133/><V103/><F103/><W118/><G128/><T116/><D116/><U95/><E29/><V25/><F124/><W94/><G118/><T132/><D74/><U113/><E113/><V88/><F122/><W18/><G94/><T2/><D132/><U134/><E134/><V51/><F90/><W126/><G126/><T40/><D127/><U9/><E80/><V75/><F75/><W62/><G62/><T59/><D30/><U135/><E95/><V77/><F77/><W53/><G53/><T66/><D66/><N who="1" m="25131" /><E135/><V70/><F70/><W42/><G32/><T43/><D43/><U38/><E38/><V73/><F73/><W68/><G35/><T11/><REACH who="0" step="1"/><D2/><REACH who="0" ten="240,250,250,250" step="2"/><U63/><E99/><V115/><F115/><W7/><G42/><T130/><D130/><U72/><E72/><V109/><F109/><W31/><G41/><T50/><D50/><U21/><E21/><V85/><REACH who="2" step="1"/><F28/><REACH who="2" ten="240,250,240,250" step="2"/><W91/><G31/><T36/><D36/><U44/><E97/><V39/><F39/><W83/><REACH who="3" step="1"/><G7/><REACH who="3" ten="240,250,240,240" step="2"/><T86/><D86/><AGARI ba="0,3" hai="8,13,18,46,47,61,65,68,78,83,84,86,91,92" machi="86" ten="30,3900,0" yaku="1,1,2,1,7,1,53,0" doraHai="119" doraHaiUra="120" who="3" fromWho="0" sc="240,-39,250,0,240,0,240,69" /><INIT seed="1,0,0,0,4,72" ten="201,250,240,309" oya="1" hai0="40,100,124,111,117,59,8,104,68,92,85,84,46" hai1="122,127,9,119,129,70,78,118,2,93,81,20,69" hai2="23,13,3,83,90,96,131,14,114,133,41,16,1" hai3="128,73,130,30,56,67,109,98,44,63,39,88,34"/><U115/><E115/><V12/><F114/><W19/><G109/><T52/><D117/><U53/><E122/><V125/><F125/><W79/><G34/><T99/><D68/><N who="1" m="26219" /><E53/><V89/><F133/><W91/><G30/><T74/><D74/><N who="1" m="43223" /><E93/><N who="2" m="56367" /><F131/><N who="3" m="50219" /><G19/><T55/><D111/><U113/><E20/><V0/><F1/><W66/><G66/><T32/><D32/><U86/><E86/><N who="0" m="33385" /><D104/><U24/><E113/><V65/><F3/><W57/><G98/><T47/><D40/><U26/><E26/><N who="2" m="14695" /><F0/><W94/><G94/><T49/><D124/><U4/><E127/><V18/><F41/><N who="3" m="22591" /><G56/><N who="0" m="32783" /><D8/><U35/><E129/><V48/><F65/><W43/><G43/><T58/><D58/><U21/><E21/><N who="2" m="11463" /><F48/><AGARI ba="0,0" hai="46,47,48,55,59,92,99,100" m="32783,33385" machi="48" ten="30,2000,0" yaku="8,1,54,1" doraHai="72" who="0" fromWho="2" sc="201,20,250,0,240,-20,309,0" /><INIT seed="2,0,0,5,4,96" ten="221,250,220,309" oya="2" hai0="69,94,4,24,84,44,97,108,67,95,5,132,11" hai1="93,57,59,134,131,63,25,10,92,113,35,28,60" hai2="22,56,133,115,80,41,114,62,38,126,40,58,61" hai3="100,64,53,117,18,3,120,43,42,52,119,116,37"/><V21/><F38/><W87/><G3/><T90/><D108/><U111/><E113/><V1/><F1/><W33/><G33/><T23/><D132/><U98/><E134/><V32/><F32/><W105/><G120/><T50/><D67/><U109/><E131/><V86/><F133/><W46/><G18/><T135/><D69/><U77/><E77/><V68/><F68/><W99/><G64/><T12/><D135/><U30/><E10/><V55/><F126/><W121/><G121/><T106/><D106/><U104/><E104/><V16/><F115/><W101/><G101/><T54/><D5/><U45/><E45/><V79/><F114/><W9/><G9/><T19/><REACH who="0" step="1"/><D97/><REACH who="0" ten="211,250,220,309" step="2"/><U73/><E98/><V130/><F130/><W51/><G105/><T125/><D125/><U81/><E109/><V47/><F47/><W8/><G99/><T107/><D107/><U48/><E111/><V103/><F103/><W72/><G100/><T66/><D66/><U112/><E112/><V49/><F62/><W71/><G46/><T128/><D128/><U29/><E63/><V70/><F70/><W7/><G71/><T124/><D124/><U123/><E60/><V0/><F0/><W31/><G116/><T83/><AGARI ba="0,1" hai="4,11,12,19,23,24,44,50,54,83,84,90,94,95" machi="83" ten="20,8000,1" yaku="1,1,0,1,7,1,8,1,53,1" doraHai="96" doraHaiUra="82" who="0" fromWho="0" sc="211,90,250,-20,220,-40,309,-20" /><INIT seed="3,0,0,4,3,110" ten="301,230,180,289" oya="3" hai0="4,133,49,95,50,106,115,87,68,135,121,123,85" hai1="99,62,63,73,59,42,65,5,128,97,17,16,90" hai2="125,51,132,29,36,76,93,54,114,47,103,83,10" hai3="118,25,33,28,126,26,71,6,67,0,39,52,13"/><W44/><G118/><T77/><D68/><U32/><E32/><V15/><F125/><W79/><G126/><T12/><D106/><U23/><E73/><V2/><F132/><N who="0" m="50762" /><D115/><U104/><E128/><V72/><F2/><W8/><G26/><T11/><D87/><U34/><E34/><V56/><F29/><W88/><G79/><T98/><D85/><U46/><E5/><V18/><F103/><W80/><G39/><T14/><D14/><U74/><E74/><V35/><F35/><W84/><G67/><T78/><D78/><U117/><E117/><V27/><F27/><W131/><G71/><T111/><D111/><U38/><E104/><V82/><F82/><W124/><G124/><T22/><D22/><U86/><E63/><V116/><F116/><W92/><G131/><T30/><D77/><U45/><E45/><V43/><REACH who="2" step="1"/><F93/><REACH who="2" ten="301,230,170,289" step="2"/><W61/><G92/><T109/><D30/><U119/><E119/><V102/><F102/><W120/><G0/><T55/><D95/><U7/><E7/><V64/><F64/><W37/><G80/><T101/><D101/><U91/><E91/><V24/><F24/><W58/><G88/><T9/><D4/><U70/><E70/><V134/><F134/><W3/><G3/><T122/><D122/><U57/><E17/><V96/><F96/><W94/><G120/><T60/><D98/><U69/><E97/><V53/><F53/><N who="3" m="33999" /><G94/><T41/><D121/><U66/><E99/><V81/><F81/><W48/><G84/><T112/><D123/><U21/><E65/><V19/><F19/><W20/><G33/><RYUUKYOKU ba="0,1" sc="301,-15,230,-15,170,15,289,15" hai2="10,15,18,36,43,47,51,54,56,72,76,83,114" hai3="6,8,13,20,25,28,37,44,48,52" owari="286,8.6,215,-18.5,185,-31.5,314,41.4" /></mjloggm>