<mjloggm ver="2.3"><GO type="225" lobby="0"/><UN n0="%70%68%65%6E%6F%6D%65" n1="%E7%99%BD%E9%9B%AA%E4%B9%83%E6%84%9B" n2="%E3%82%BC%E3%83%AB%E3%83%80%E3%81%AE%E4%BC%9D%E8%AA%AC" n3="%E5%8D%A0%E3%81%84%E5%B8%AB%E8%A3%8F%E3%81%AA%E3%81%84%E3%81%97" dan="16,16,17,16" rate="2123.46,2059.27,2114.84,2111.13" sx="M,F,M,M"/><TAIKYOKU oya="0"/><INIT seed="0,0,0,4,4,126" ten="250,250,250,250" oya="0" hai0="115,100,53,43,6,110,104,96,88,105,122,123,117" hai1="118,48,108,7,64,134,54,19,68,90,52,80,17" hai2="20,107,44,38,26,4,14,114,61,91,109,111,125" hai3="67,29,35,121,40,3,103,12,10,72,15,41,89"/><T93/><D43/><U34/><E118/><V99/><F114/><W9/><G121/><T63/><D115/><U1/><E34/><V50/><F125/><W120/><G120/><T13/><D117/><U58/><E108/><N who="2" m="41547" /><F38/><W57/><G3/><T31/><D110/><U79/><E134/><V49/><F61/><W116/><G116/><T75/><D31/><U102/><E68/><V8/><F44/><W131/><G72/><T92/><D93/><U106/><E64/><V83/><F83/><W74/><G74/><T70/><D75/><U21/><E90/><V98/><F91/><W84/><G103/><T119/><D105/><U55/><E102/><N who="2" m="62935" /><F99/><W94/><G67/><T39/><D39/><U130/><E106/><V78/><F78/><W42/><G57/><T69/><D119/><U132/><E132/><V25/><F25/><W86/><G41/><T77/><D77/><U95/><E95/><V129/><F129/><W112/><G94/><T37/><D37/><U47/><E80/><V23/><F23/><W128/><G89/><T27/><D27/><N who="1" m="14767" /><E79/><V73/><F73/><W18/><G112/><T30/><D69/><U66/><E130/><N who="3" m="49706" /><G40/><T85/><D70/><U46/><E66/><V124/><F124/><W16/><G42/><T60/><D63/><N who="1" m="36295" /><E55/><V135/><F135/><W133/><G133/><T81/><D104/><U22/><E47/><V56/><F56/><W101/><G101/><T24/><D60/><U33/><E46/><V5/><F5/><W65/><G65/><T2/><D53/><U113/><E54/><V59/><F59/><W82/><G82/><RYUUKYOKU ba="0,0" sc="250,-15,250,-15,250,15,250,15" hai2="4,8,14,20,26,49,50" hai3="9,10,12,15,16,18,29,35,84,86" /><INIT seed="1,1,0,5,2,106" ten="235,235,265,265" oya="1" hai0="23,92,6,93,7,90,133,119,63,104,29,134,79" hai1="36,53,20,73,86,11,76,5,28,58,55,95,81" hai2="18,115,27,56,118,9,132,44,61,87,12,1,80" hai3="21,32,43,51,16,15,24,107,121,31,41,60,30"/><U135/><E135/><N who="0" m="51721" /><D104/><U62/><E36/><V38/><F132/><W117/><G121/><T99/><D119/><U124/><E124/><V112/><F118/><W74/><G117/><T25/><D79/><U78/><E28/><V70/><F70/><W88/><G74/><T96/><D63/><U97/><E20/><V13/><F27/><W46/><G31/><T71/><D71/><U17/><E17/><V113/><F38/><W114/><G114/><T64/><D64/><U66/><E78/><N who="2" m="46487" /><F44/><W33/><G107/><T84/><D84/><U108/><E86/><V89/><F89/><AGARI ba="1,0" hai="6,7,23,25,29,89,90,92,93,96,99" m="51721" machi="89" ten="30,1000,0" yaku="20,1" doraHai="106" who="0" fromWho="2" sc="235,13,235,0,265,-13,265,0" /><INIT seed="2,0,0,1,0,27" ten="248,235,252,265" oya="2" hai0="53,99,34,115,69,59,117,41,67,82,101,48,131" hai1="62,65,108,1,26,97,15,96,87,73,116,63,90" hai2="106,61,2,16,54,39,44,18,71,91,21,35,81" hai3="4,130,46,3,104,52,45,40,89,88,107,28,25"/><V126/><F35/><W11/><G130/><T84/><D115/><U43/><E116/><V135/><F126/><W51/><G107/><T111/><D131/><U76/><E108/><V122/><F122/><W127/><G104/><T6/><D111/><U50/><E1/><V77/><F135/><W24/><G24/><T86/><D117/><U70/><E62/><V105/><F2/><W31/><G127/><T22/><D34/><U58/><E15/><V114/><F114/><W113/><G113/><T110/><D110/><U55/><E43/><V13/><F91/><W0/><G0/><T72/><D6/><U118/><E118/><V17/><F17/><W83/><G83/><T23/><D72/><U80/><REACH who="1" step="1"/><E26/><REACH who="1" ten="248,225,252,265" step="2"/><V32/><F61/><W100/><G28/><T124/><D41/><U14/><E14/><V109/><F13/><W12/><G3/><T112/><D124/><U85/><E85/><V102/><F109/><W38/><G100/><T119/><D86/><U49/><E49/><V60/><F39/><W98/><G98/><T42/><D119/><U5/><E5/><V37/><F37/><W9/><G9/><T30/><D30/><U33/><E33/><AGARI ba="0,1" hai="4,11,12,25,31,33,38,40,45,46,51,52,88,89" machi="33" ten="30,7700,0" yaku="7,1,52,1,54,2" doraHai="27" who="3" fromWho="1" sc="248,0,225,-77,252,0,265,87" /><INIT seed="3,0,0,0,0,56" ten="248,148,252,352" oya="3" hai0="124,70,9,120,23,98,48,83,47,119,12,78,5" hai1="52,135,19,42,40,91,97,80,24,20,38,87,126" hai2="106,44,82,92,17,104,131,132,89,62,112,43,1" hai3="122,8,6,29,86,133,134,125,16,107,36,15,10"/><W26/><G107/><T101/><D120/><U22/><E135/><N who="3" m="51722" /><G36/><T118/><D70/><U30/><E126/><V3/><F132/><W72/><G72/><T68/><D68/><U71/><E38/><V84/><F131/><W117/><G125/><T65/><D65/><U81/><E71/><V55/><F112/><W69/><G69/><T37/><D37/><U79/><E97/><V95/><F95/><W121/><G86/><T61/><D61/><U73/><E22/><V27/><F62/><W110/><G110/><T31/><D31/><U7/><E7/><V53/><F53/><W116/><G121/><T111/><D23/><U109/><E30/><V21/><F55/><W90/><G90/><T128/><D111/><U25/><E25/><V2/><F92/><W35/><G122/><T28/><D28/><U60/><E109/><V50/><AGARI ba="0,0" hai="1,2,3,17,21,27,43,44,50,82,84,89,104,106" machi="50" ten="30,1100,0" yaku="0,1" doraHai="56" who="2" fromWho="2" sc="248,-3,148,-3,252,11,352,-5" owari="245,-15.5,145,-35.5,263,6.3,347,44.7" /></mjloggm>