<mjloggm ver="2.3"><GO type="225" lobby="0"/><UN n0="%72%69%6F%75%63%68%61%6E" n1="%74%61%6B%65%2D%79%6F%75" n2="%E3%81%8F%E3%81%BE%E3%81%96%E3%82%8F" n3="%E3%81%A1%E3%82%85%E3%81%86%E3%81%A9%E3%81%8F%E8%B1%A1%E3%81%95%E3%82%93" dan="17,16,16,17" rate="2304.65,2181.62,2053.25,2178.84" sx="M,M,M,M"/><TAIKYOKU oya="0"/><INIT seed="0,0,0,3,3,79" ten="250,250,250,250" oya="0" hai0="53,106,36,70,33,17,63,4,89,18,22,74,119" hai1="12,103,40,134,28,30,122,101,49,50,60,25,21" hai2="31,44,37,121,132,77,92,56,129,73,23,109,10" hai3="102,47,84,87,72,110,90,127,57,34,51,41,100"/><T118/><D33/><U19/><E122/><V108/><F121/><W67/><G34/><T86/><D74/><U8/><E134/><V3/><F132/><W113/><G113/><T29/><D106/><U66/><E28/><V96/><F129/><W126/><G72/><T42/><D4/><U38/><E38/><V45/><F56/><W104/><G110/><N who="2" m="42601" /><F3/><W58/><G87/><T69/><D29/><U61/><E61/><V7/><F23/><W98/><G102/><N who="1" m="38922" /><E40/><V131/><F31/><W125/><REACH who="3" step="1"/><G67/><REACH who="3" ten="250,250,250,240" step="2"/><T81/><D118/><U26/><E66/><V85/><F73/><W114/><G114/><T1/><D119/><U59/><E26/><V97/><F85/><W43/><G43/><T24/><D42/><U62/><E25/><V6/><F131/><W13/><G13/><T78/><D1/><U124/><E12/><V91/><F37/><W76/><G76/><T75/><D36/><U11/><E124/><V27/><F77/><W39/><G39/><T46/><D78/><U83/><E11/><V80/><F27/><W52/><G52/><T5/><D75/><U135/><E8/><V20/><F10/><W133/><G133/><T64/><D53/><U35/><E35/><V0/><F0/><W65/><G65/><T112/><D112/><U14/><E14/><V15/><F15/><W105/><G105/><T88/><D5/><N who="2" m="1546" /><F20/><W48/><G48/><T99/><D22/><U130/><E21/><V82/><F97/><W93/><AGARI ba="0,1" hai="41,47,51,57,58,84,90,93,98,100,104,125,126,127" machi="93" ten="30,4000,0" yaku="1,1,0,1,18,1,53,0" doraHai="79" doraHaiUra="68" who="3" fromWho="3" sc="250,-20,250,-10,250,-10,240,50" /><INIT seed="1,0,0,5,3,116" ten="230,240,240,290" oya="1" hai0="44,66,125,13,10,21,118,17,47,122,128,127,27" hai1="77,29,43,46,59,132,129,16,37,130,85,12,80" hai2="7,42,112,3,101,64,109,28,57,31,92,15,18" hai3="30,82,19,58,14,22,70,121,50,74,55,108,60"/><U111/><E132/><V76/><F109/><W1/><G1/><T79/><D118/><U63/><E29/><V26/><F112/><W65/><G108/><T94/><D128/><U119/><E119/><V5/><F42/><W78/><REACH who="3" step="1"/><G30/><REACH who="3" ten="230,240,240,280" step="2"/><T110/><D110/><U61/><E111/><V0/><F3/><W56/><G56/><T67/><D127/><U131/><REACH who="1" step="1"/><E59/><REACH who="1" ten="230,230,240,280" step="2"/><V34/><F31/><W49/><G49/><T41/><D125/><U91/><E91/><V123/><F28/><W83/><G83/><T106/><D79/><U72/><E72/><V48/><F76/><W62/><G62/><T93/><D47/><U75/><E75/><V45/><F48/><W6/><G6/><T97/><D44/><U11/><AGARI ba="0,2" hai="11,12,16,37,43,46,61,63,77,80,85,129,130,131" machi="11" ten="30,12000,1" yaku="1,1,0,1,19,1,54,1,53,1" doraHai="116" doraHaiUra="81" who="1" fromWho="1" sc="230,-40,230,140,240,-40,280,-40" /><INIT seed="1,1,0,0,0,26" ten="190,370,200,240" oya="1" hai0="103,59,93,14,92,106,33,118,56,95,62,78,23" hai1="65,32,111,113,110,39,119,96,116,71,35,128,9" hai2="53,22,10,127,64,41,134,28,25,117,85,76,27" hai3="100,94,6,123,69,67,31,11,121,7,126,135,133"/><U132/><E113/><V29/><F117/><N who="1" m="45129" /><E96/><V112/><F112/><W37/><G37/><T129/><D129/><U8/><E39/><V52/><F127/><W44/><G44/><T55/><D118/><U2/><E65/><V54/><F134/><N who="3" m="51211" /><G126/><T74/><D33/><N who="1" m="12875" /><E132/><V61/><F41/><W48/><G48/><T38/><D38/><U63/><E63/><V43/><F43/><W102/><G7/><T40/><D40/><U88/><E71/><V15/><F76/><W60/><G31/><N who="2" m="11849" /><F85/><W34/><G34/><T57/><D74/><U97/><E2/><V0/><F0/><N who="3" m="455" /><G94/><N who="0" m="36459" /><D106/><U4/><E97/><V89/><F89/><W19/><G19/><N who="0" m="10743" /><D78/><U114/><E114/><V82/><F82/><W90/><G90/><T73/><D73/><U101/><E88/><V83/><F83/><W104/><G104/><T51/><D51/><U36/><E36/><V107/><F107/><W17/><G17/><T131/><D131/><U108/><E128/><V87/><F87/><W5/><G5/><T130/><D130/><U125/><E125/><V18/><F61/><W86/><G86/><T80/><D80/><U12/><E101/><AGARI ba="1,0" hai="60,67,69,100,101,102,121,123" m="455,51211" machi="101" ten="30,1000,0" yaku="20,1" doraHai="26" who="3" fromWho="1" sc="190,0,370,-13,200,0,240,13" /><INIT seed="2,0,0,1,0,101" ten="190,357,200,253" oya="2" hai0="72,74,26,49,89,98,66,84,100,85,73,23,37" hai1="50,111,86,77,53,58,29,5,133,39,125,69,22" hai2="115,135,105,79,80,82,106,107,112,123,122,102,14" hai3="56,119,81,128,52,35,16,60,75,41,0,15,76"/><V11/><F135/><W42/><G119/><T71/><D37/><U24/><E111/><V68/><F68/><W126/><G0/><T65/><D49/><U17/><E133/><V36/><F36/><W19/><G35/><T97/><D97/><U48/><E125/><V120/><F102/><W30/><G30/><T31/><D71/><U38/><E69/><V99/><F99/><W57/><G126/><T91/><D84/><U1/><E48/><V114/><F79/><W83/><G128/><T134/><D134/><U21/><E1/><V59/><F59/><W87/><G56/><T62/><D62/><U95/><E5/><AGARI ba="0,0" hai="5,11,14,80,82,105,106,107,112,114,115,120,122,123" machi="5" ten="60,12000,1" yaku="29,2,52,3" doraHai="101" who="2" fromWho="1" sc="190,0,357,-120,200,120,253,0" /><INIT seed="2,1,0,0,4,133" ten="190,237,320,253" oya="2" hai0="37,7,110,114,68,104,14,128,29,35,71,88,81" hai1="111,16,26,38,130,121,19,23,6,0,91,8,63" hai2="47,83,15,74,76,50,116,49,42,112,92,67,9" hai3="132,118,57,18,86,113,70,93,22,10,80,89,78"/><V66/><F112/><W59/><G118/><T69/><D114/><U5/><E111/><V40/><F116/><W107/><G113/><T100/><D110/><U131/><E38/><V60/><F92/><W65/><G107/><T109/><D109/><U87/><E121/><V119/><F119/><W44/><G132/><T56/><D128/><N who="1" m="49195" /><E63/><V51/><F42/><W28/><G44/><T126/><D37/><U32/><E32/><V95/><F95/><W21/><G10/><T129/><D129/><U82/><E5/><V39/><REACH who="2" step="1"/><F60/><REACH who="2" ten="190,237,310,253" step="2"/><W103/><G93/><T98/><D104/><U125/><E125/><V127/><F127/><W96/><G80/><T124/><D126/><U123/><E123/><V72/><F72/><W52/><G96/><T75/><D124/><U24/><E82/><V41/><F41/><W73/><G73/><T106/><D75/><U45/><E87/><V120/><F120/><W134/><G86/><T122/><D122/><U25/><E91/><V90/><F90/><W27/><G89/><T1/><D88/><U31/><E45/><V33/><F33/><W17/><G134/><T12/><D81/><U58/><E58/><V55/><F55/><W135/><G52/><T94/><D56/><U54/><E54/><V79/><F79/><W43/><G78/><T77/><D77/><U20/><E31/><V11/><F11/><W34/><G43/><T3/><D94/><U85/><E85/><V108/><F108/><W46/><G135/><T115/><D35/><U64/><E64/><V13/><F13/><AGARI ba="1,1" hai="0,6,8,13,16,19,20,23,24,25,26" m="49195" machi="13" ten="30,7700,0" yaku="19,1,34,2,54,1" doraHai="133" who="1" fromWho="2" sc="190,0,237,90,310,-80,253,0" /><INIT seed="3,0,0,1,4,44" ten="190,327,230,253" oya="3" hai0="121,110,43,16,93,66,131,116,56,107,127,2,97" hai1="5,77,130,98,10,120,59,82,90,67,119,79,102" hai2="53,125,15,103,8,14,100,12,74,1,122,124,133" hai3="30,96,62,21,86,72,135,20,112,69,55,42,88"/><W94/><G112/><T106/><D116/><U33/><E33/><V92/><F74/><W132/><G72/><T28/><D121/><U17/><E120/><V19/><F122/><W52/><G42/><T35/><D2/><U3/><E119/><V85/><F133/><N who="3" m="51275" /><G69/><T58/><D110/><U38/><E38/><V105/><F105/><W80/><G62/><T50/><D127/><N who="2" m="48714" /><F53/><N who="3" m="20555" /><G30/><T57/><D131/><U54/><E130/><V108/><F108/><W0/><G0/><T46/><D66/><U114/><E67/><V39/><F39/><W40/><G40/><T34/><D34/><U48/><E114/><V65/><F65/><W78/><AGARI ba="0,0" hai="20,21,78,80,86,88,94,96" m="20555,51275" machi="78" ten="30,6000,0" yaku="20,1,54,2" doraHai="44" who="3" fromWho="3" sc="190,-20,327,-20,230,-20,253,60" owari="170,-33.0,307,10.7,210,-19.0,313,41.3" /></mjloggm>