<mjloggm ver="2.3"><GO type="225" lobby="0"/><UN n0="%E9%80%9F%E6%B0%B4%E5%87%9B%E9%A6%99" n1="%43%68%65" n2="%4E%49%4A%49%49%52%4F" n3="%E3%81%9F%E3%81%8C%E3%82%84%E3%81%99" dan="16,16,16,16" rate="2173.16,2093.00,2185.49,2101.90" sx="F,M,M,M"/><TAIKYOKU oya="0"/><INIT seed="0,0,0,4,1,57" ten="250,250,250,250" oya="0" hai0="25,128,125,50,121,77,79,46,34,83,117,4,1" hai1="109,30,127,27,62,17,69,126,22,93,3,110,75" hai2="118,19,36,38,72,135,95,105,87,90,61,42,60" hai3="97,58,55,10,124,29,115,133,130,123,131,6,31"/><T99/><D121/><U26/><E75/><V16/><F105/><W66/><G66/><T49/><D117/><U47/><E47/><V15/><F72/><W43/><G115/><T120/><D120/><U85/><E85/><V39/><F118/><W67/><G67/><T68/><D68/><U129/><E93/><V7/><F42/><W54/><G54/><T114/><D114/><U59/><E69/><V71/><F71/><W48/><G123/><T91/><D128/><N who="3" m="49193" /><G124/><N who="1" m="47658" /><E3/><V35/><F35/><W98/><G43/><T8/><D125/><U112/><E112/><V101/><F101/><W82/><G82/><T28/><D49/><U40/><E40/><V70/><F70/><W76/><G76/><T103/><D91/><U78/><E78/><V100/><F100/><W104/><G133/><T102/><D83/><U81/><E81/><V41/><F41/><W20/><G20/><T64/><D64/><N who="1" m="39007" /><E129/><V53/><F135/><W56/><G56/><T11/><D103/><U44/><E44/><V45/><F7/><W23/><G104/><T111/><D79/><U9/><E9/><V18/><REACH who="2" step="1"/><F15/><REACH who="2" ten="250,250,240,250" step="2"/><W33/><G33/><AGARI ba="0,1" hai="17,22,26,27,30,33,109,110" m="39007,47658" machi="33" ten="30,2000,0" yaku="18,1,52,1" doraHai="57" who="1" fromWho="3" sc="250,0,250,30,240,0,250,-20" /><INIT seed="1,0,0,4,2,101" ten="250,280,240,230" oya="1" hai0="112,77,41,130,0,69,43,99,91,132,37,113,8" hai1="48,1,135,44,89,107,86,20,120,72,56,68,25" hai2="133,76,104,27,38,108,93,23,26,39,59,6,36" hai3="55,13,74,105,5,122,102,14,49,47,35,31,58"/><U87/><E72/><V60/><F76/><W116/><G74/><T10/><D69/><U4/><E68/><V66/><F108/><W52/><G122/><T51/><D37/><U65/><E120/><V67/><F133/><W95/><G116/><T109/><D77/><U119/><E119/><V78/><F78/><W88/><G102/><T131/><D109/><U114/><E114/><V64/><F6/><W134/><G105/><T83/><D83/><U71/><E71/><V127/><F127/><W16/><G134/><T57/><D57/><U21/><E107/><V45/><F104/><W53/><G31/><T97/><D51/><U103/><E103/><V46/><F93/><W15/><G35/><T40/><D132/><U111/><E111/><V7/><F7/><W110/><G5/><T85/><D85/><U121/><E87/><V81/><F81/><W84/><G110/><T128/><D91/><U9/><E121/><V61/><F59/><W118/><G118/><T22/><D22/><U73/><E73/><V50/><F50/><N who="3" m="28767" /><G55/><T34/><D34/><U29/><E135/><V32/><F32/><W98/><G84/><T124/><D124/><U19/><E65/><V100/><F100/><W2/><G2/><T33/><D33/><N who="1" m="20655" /><E19/><AGARI ba="0,0" hai="13,14,15,16,19,49,53,58,88,95,98" m="28767" machi="19" ten="30,7700,0" yaku="8,1,54,3" doraHai="101" who="3" fromWho="1" sc="250,0,280,-77,240,0,230,77" /><INIT seed="2,0,0,0,4,71" ten="250,203,240,307" oya="2" hai0="64,66,28,27,33,8,93,14,101,87,97,107,50" hai1="83,26,42,35,22,115,70,44,81,108,13,51,32" hai2="135,123,77,20,38,116,126,9,55,76,125,130,90" hai3="12,3,18,86,7,114,17,74,104,63,41,48,78"/><V25/><F116/><W65/><G74/><T24/><D24/><U133/><E115/><V120/><F9/><N who="3" m="4159" /><G104/><T124/><D124/><N who="2" m="47722" /><F55/><W46/><G3/><T67/><D50/><U98/><E70/><V30/><F135/><W49/><G49/><T105/><REACH who="0" step="1"/><D87/><REACH who="0" ten="240,203,240,307" step="2"/><U111/><E133/><V132/><F132/><W102/><G86/><T53/><D53/><U16/><E98/><V31/><F123/><W37/><G48/><T99/><D99/><U59/><E59/><V43/><F120/><W15/><G114/><T62/><D62/><U1/><E1/><V88/><F130/><W52/><G52/><T100/><D100/><U75/><E75/><V106/><F31/><W4/><G102/><T19/><AGARI ba="0,1" hai="8,14,19,27,28,33,64,66,67,93,97,101,105,107" machi="19" ten="30,2000,0" yaku="1,1,0,1,53,0" doraHai="71" doraHaiUra="121" who="0" fromWho="0" sc="240,30,203,-5,240,-10,307,-5" /><INIT seed="3,0,0,0,1,61" ten="270,198,230,302" oya="3" hai0="73,40,49,53,76,81,57,44,41,9,32,112,4" hai1="110,91,45,93,86,18,54,129,122,132,97,26,55" hai2="90,47,71,127,125,79,120,35,16,80,88,36,13" hai3="8,38,121,133,59,5,104,72,126,65,108,115,117"/><W37/><RYUUKYOKU type="yao9" ba="0,0" sc="270,0,198,0,230,0,302,0" hai3="5,8,37,38,59,65,72,104,108,115,117,121,126,133" /><INIT seed="3,1,0,4,5,45" ten="270,198,230,302" oya="3" hai0="3,7,14,70,87,57,23,41,108,16,30,54,1" hai1="126,9,86,17,116,33,53,2,44,130,58,62,59" hai2="134,105,12,111,25,99,50,131,69,78,74,115,6" hai3="120,72,118,132,88,56,27,80,93,127,113,110,68"/><W100/><G68/><T20/><D70/><U128/><E33/><V90/><F69/><W66/><G118/><T46/><D108/><U51/><E116/><V49/><F115/><W39/><G39/><T48/><D7/><U55/><E126/><V18/><F111/><W84/><G110/><T96/><D96/><U107/><E107/><V61/><F6/><W31/><G120/><T11/><D30/><U79/><E44/><V5/><F5/><W76/><G113/><T135/><D135/><U22/><E9/><V97/><F25/><W28/><G127/><T77/><D1/><U81/><REACH who="1" step="1"/><E2/><REACH who="1" ten="270,188,230,302" step="2"/><V13/><F105/><W67/><G132/><T40/><D3/><U42/><E42/><V15/><F134/><W114/><G114/><T8/><D8/><U19/><E19/><V117/><F18/><W34/><G31/><T102/><D41/><U112/><E112/><V129/><F117/><W83/><G28/><T124/><D124/><U119/><E119/><V98/><F129/><W109/><G109/><T52/><D40/><U64/><E64/><V47/><F47/><W36/><G67/><T89/><D11/><U95/><E95/><V125/><F131/><W101/><G93/><N who="0" m="54463" /><D23/><U73/><E73/><V37/><F125/><W91/><G34/><T10/><D10/><U24/><AGARI ba="1,1" hai="17,22,24,51,53,55,58,59,62,79,81,86,128,130" machi="24" ten="30,4000,0" yaku="1,1,0,1,52,1,53,0" doraHai="45" doraHaiUra="29" who="1" fromWho="1" sc="270,-11,188,53,230,-11,302,-21" /><INIT seed="4,0,0,4,5,62" ten="259,241,219,281" oya="0" hai0="35,105,37,38,131,135,94,42,65,13,116,57,76" hai1="15,52,4,117,58,26,34,50,46,127,39,16,121" hai2="14,123,24,124,115,107,78,21,32,110,10,84,91" hai3="2,51,69,126,59,90,60,1,23,82,96,61,93"/><T3/><D105/><U6/><E117/><V113/><F123/><W44/><G61/><T54/><D3/><U19/><E121/><V106/><F110/><W33/><G33/><T122/><D35/><U83/><E127/><V31/><F78/><W67/><G69/><T25/><D122/><U102/><E102/><V30/><F124/><W97/><G126/><T53/><D76/><U74/><E74/><V17/><F31/><W47/><G82/><T104/><D25/><U100/><E83/><V27/><F107/><W49/><G23/><T43/><D104/><U18/><E100/><V129/><F106/><W20/><G20/><T40/><D94/><U86/><E86/><V119/><F119/><W125/><G125/><T109/><D13/><U29/><E15/><V68/><F68/><W81/><G81/><T64/><D116/><U89/><REACH who="1" step="1"/><E89/><REACH who="1" ten="259,231,219,281" step="2"/><V41/><F91/><W63/><G97/><T92/><D109/><U80/><E80/><V8/><F84/><W118/><G118/><T128/><D92/><U99/><E99/><V0/><F129/><W72/><G72/><T77/><D77/><U75/><E75/><V133/><F133/><W71/><G1/><T48/><D135/><U88/><E88/><V130/><F130/><W9/><G90/><T7/><D131/><U36/><E36/><N who="0" m="13929" /><D128/><U45/><E45/><N who="3" m="17482" /><G93/><T112/><D112/><N who="2" m="43082" /><F0/><W73/><G73/><T66/><D7/><U95/><E95/><V87/><F87/><W70/><G96/><T22/><D22/><U132/><E132/><V5/><F10/><W55/><G71/><T98/><D98/><RYUUKYOKU ba="0,1" sc="259,0,231,0,219,0,281,0" hai0="40,42,43,48,53,54,57,64,65,66" hai1="4,6,16,18,19,26,29,34,39,46,50,52,58" hai2="5,8,14,17,21,24,27,30,32,41" hai3="2,9,49,51,55,59,60,63,67,70" /><INIT seed="4,1,1,4,3,5" ten="259,231,219,281" oya="0" hai0="23,30,19,123,125,130,110,102,134,66,89,50,63" hai1="92,44,113,11,40,106,39,14,87,52,20,45,2" hai2="79,97,120,48,37,53,98,131,71,7,55,74,62" hai3="80,26,38,12,103,27,28,85,35,99,1,72,57"/><T8/><D123/><U112/><E106/><V75/><F120/><W126/><G1/><T100/><D130/><U94/><E2/><V67/><F131/><W24/><G38/><T58/><D134/><U64/><E20/><V122/><F122/><W96/><G72/><T25/><D125/><U129/><E64/><V65/><F65/><W51/><G126/><T21/><D110/><U114/><E129/><V115/><F115/><W132/><G132/><T31/><D50/><N who="1" m="28743" /><E87/><V105/><F7/><AGARI ba="1,1" hai="7,11,14,39,40,45,92,94,112,113,114" m="28743" machi="7" ten="30,7700,0" yaku="15,1,11,1,52,1,54,1" doraHai="5" who="1" fromWho="2" sc="259,0,231,90,219,-80,281,0" owari="259,-14.1,321,42.1,139,-36.1,281,8.1" /></mjloggm>