<mjloggm ver="2.3"><GO type="225" lobby="0"/><UN n0="%72%61%6B%33" n1="%72%69%6F%75%63%68%61%6E" n2="%E5%B8%86%E7%AB%8B%E5%A4%8F%E8%A1%A3" n3="%54%4F%52" dan="16,17,16,17" rate="2165.29,2230.26,2115.98,2242.32" sx="M,M,M,M"/><TAIKYOKU oya="0"/><INIT seed="0,0,0,0,1,76" ten="250,250,250,250" oya="0" hai0="77,2,14,120,83,106,84,37,68,117,69,121,21" hai1="24,80,70,45,49,47,5,112,96,48,115,123,59" hai2="36,78,56,50,64,99,75,1,72,9,105,82,44" hai3="88,51,98,91,74,3,39,110,4,40,20,62,33"/><T28/><D2/><U63/><E123/><V23/><F23/><W128/><G33/><T16/><D117/><U15/><E70/><V30/><F30/><W18/><G39/><T26/><D106/><U86/><E96/><V95/><F105/><W97/><G74/><T52/><D37/><U89/><E24/><V43/><F64/><W25/><G110/><T94/><D94/><U101/><E101/><V22/><F22/><W41/><G128/><T126/><D126/><U55/><E48/><V108/><F108/><W58/><G4/><T131/><D131/><U114/><REACH who="1" step="1"/><E63/><REACH who="1" ten="250,240,250,250" step="2"/><V65/><F50/><W127/><G51/><T31/><D31/><U134/><E134/><V53/><F36/><W113/><G98/><T90/><D121/><U35/><E35/><V100/><F99/><W67/><G97/><T118/><D120/><U34/><E34/><V42/><F100/><W130/><G130/><T7/><D118/><U92/><E92/><V129/><F95/><W19/><G62/><T73/><D28/><U104/><E104/><V133/><F133/><W32/><G25/><T124/><D68/><U60/><E60/><V87/><F129/><W109/><G32/><T125/><D69/><U11/><AGARI ba="0,1" hai="5,11,15,45,47,49,55,59,80,86,89,112,114,115" machi="11" ten="40,8000,1" yaku="1,1,0,1,11,1,52,1,53,0" doraHai="76" doraHaiUra="27" who="1" fromWho="1" sc="250,-40,240,90,250,-20,250,-20" /><INIT seed="1,0,0,4,0,5" ten="210,330,230,230" oya="1" hai0="65,27,113,53,77,100,107,88,84,108,34,41,129" hai1="116,69,45,101,62,122,94,54,90,105,67,50,8" hai2="35,76,4,17,59,3,18,85,32,10,120,135,124" hai3="66,64,68,2,133,26,118,12,79,19,125,114,47"/><U0/><E116/><V99/><F120/><W111/><G114/><T128/><D113/><U56/><E122/><V123/><F123/><W11/><G118/><T106/><D108/><U104/><E101/><V78/><F124/><W58/><G111/><T93/><D41/><U74/><E74/><V1/><F135/><W42/><G125/><T37/><D37/><U52/><E0/><V131/><F131/><N who="0" m="50250" /><D65/><U86/><REACH who="1" step="1"/><E8/><REACH who="1" ten="210,320,230,230" step="2"/><V21/><F10/><W98/><G11/><T31/><D100/><U134/><E134/><V14/><F3/><W46/><G2/><T24/><D107/><U63/><AGARI ba="0,1" hai="45,50,52,54,56,62,63,67,69,86,90,94,104,105" machi="63" ten="20,7800,0" yaku="1,1,0,1,7,1,54,1,53,0" doraHai="5" doraHaiUra="115" who="1" fromWho="1" sc="210,-26,320,88,230,-26,230,-26" /><INIT seed="1,1,0,5,3,110" ten="184,408,204,204" oya="1" hai0="4,80,113,92,33,39,124,20,83,24,107,131,121" hai1="27,3,1,134,10,109,106,2,97,53,82,71,15" hai2="11,120,25,13,17,7,73,64,115,46,96,40,6" hai3="43,5,68,48,35,66,91,135,55,32,126,54,50"/><U41/><E134/><V100/><F120/><W47/><G135/><T58/><D107/><U125/><E125/><V85/><F73/><W0/><G126/><T89/><D124/><U26/><E109/><V12/><F115/><W93/><G0/><T38/><D33/><U14/><E71/><V105/><F64/><W95/><G5/><T76/><D113/><U72/><E41/><V9/><F25/><W52/><G50/><T102/><D102/><U21/><E53/><V75/><F75/><W57/><G68/><T77/><D4/><U78/><E10/><V111/><F111/><W94/><REACH who="3" step="1"/><G91/><REACH who="3" ten="184,408,204,194" step="2"/><T117/><D89/><U119/><E1/><V51/><F6/><W128/><G128/><T37/><D131/><U61/><E2/><V65/><F7/><W60/><AGARI ba="1,1" hai="32,35,43,47,48,52,54,55,57,60,66,93,94,95" machi="60" ten="40,5200,0" yaku="1,1,0,1,54,1,53,0" doraHai="110" doraHaiUra="101" who="3" fromWho="3" sc="184,-14,408,-27,204,-14,194,65" /><INIT seed="2,0,0,3,2,129" ten="170,381,190,259" oya="2" hai0="91,100,118,66,96,59,12,14,84,49,122,27,64" hai1="10,114,93,52,55,73,24,103,36,57,97,74,127" hai2="51,35,128,113,44,16,45,63,87,78,115,109,0" hai3="131,25,20,53,79,21,11,80,71,2,28,132,3"/><V117/><F117/><W42/><G131/><T104/><D122/><U13/><E114/><V19/><F128/><W86/><G71/><T62/><D118/><U41/><E127/><V58/><F35/><W76/><G42/><T6/><D66/><U38/><E55/><N who="2" m="34271" /><F0/><W82/><G53/><T116/><D116/><U90/><E24/><V40/><F115/><W106/><G106/><T46/><D27/><U54/><E54/><N who="2" m="30055" /><F113/><W69/><G69/><T7/><D12/><U50/><E103/><V22/><F109/><W83/><G20/><T68/><D14/><U88/><E90/><V29/><F29/><W47/><G47/><T99/><D99/><U56/><E56/><V134/><F134/><W101/><G101/><T92/><REACH who="0" step="1"/><D59/><REACH who="0" ten="160,381,190,259" step="2"/><U31/><E31/><V135/><F135/><W105/><G132/><T133/><D133/><U75/><REACH who="1" step="1"/><E41/><AGARI ba="0,1" hai="6,7,41,46,49,62,64,68,84,91,92,96,100,104" machi="41" ten="30,3900,0" yaku="1,1,7,1,53,1" doraHai="129" doraHaiUra="95" who="0" fromWho="1" sc="160,49,381,-39,190,0,259,0" /><INIT seed="3,0,0,2,3,73" ten="209,342,190,259" oya="3" hai0="79,9,105,24,18,90,2,4,96,40,57,12,19" hai1="56,42,106,23,113,15,82,109,60,108,125,87,67" hai2="28,89,33,6,124,55,1,35,63,70,76,65,123" hai3="59,27,54,78,44,80,20,110,132,45,117,52,29"/><W129/><G117/><T31/><D40/><U91/><E106/><V37/><F1/><W10/><G132/><T134/><D134/><U53/><E113/><V25/><F6/><W102/><G129/><T38/><D38/><U14/><E125/><V131/><F131/><W128/><G128/><T74/><D57/><N who="1" m="37263" /><E42/><V127/><F37/><W120/><G120/><T34/><D90/><U0/><E0/><V93/><F123/><W98/><G10/><T16/><D96/><U47/><E47/><V135/><F135/><W130/><G130/><T50/><D50/><N who="1" m="30775" /><E23/><V81/><F55/><W48/><G54/><T58/><D58/><U32/><E32/><V13/><F35/><W122/><G110/><AGARI ba="0,0" hai="14,15,82,87,91,108,109,110" m="30775,37263" machi="110" ten="30,1000,0" yaku="14,1" doraHai="73" who="1" fromWho="3" sc="209,0,342,10,190,0,259,-10" owari="209,-19.1,352,45.2,190,-31.0,249,4.9" /></mjloggm>