<mjloggm ver="2.3"><GO type="225" lobby="0"/><UN n0="%E9%B3%B3%E6%9D%B1%E3%81%AE%E3%81%86%E3%81%95%E3%81%8E%E3%81%95%E3%82%93" n1="%E9%80%9F%E6%B0%B4%E5%87%9B%E9%A6%99" n2="%E3%81%B7%E3%82%8A%E3%82%93%E8%81%96%E4%BA%BA" n3="%E4%B8%8B%E6%AE%B5%E3%83%81%E3%82%A7%E3%83%AA%E3%83%BC" dan="16,16,16,16" rate="2159.98,2057.66,2131.19,2142.78" sx="M,F,M,M"/><TAIKYOKU oya="0"/><INIT seed="0,0,0,2,0,97" ten="250,250,250,250" oya="0" hai0="72,13,64,15,43,133,23,94,99,103,48,56,100" hai1="1,78,36,120,95,19,85,91,44,68,45,32,63" hai2="14,104,26,41,81,66,124,88,39,112,70,16,114" hai3="92,38,8,132,80,125,101,74,127,55,73,106,9"/><T25/><D133/><U18/><E32/><V116/><F124/><N who="3" m="47691" /><G38/><T65/><D72/><N who="3" m="27753" /><G106/><T2/><D2/><U28/><E120/><V54/><F104/><W46/><G80/><T4/><D4/><U86/><E28/><V57/><F116/><W105/><G105/><T76/><D76/><U111/><E1/><V102/><F102/><N who="0" m="38954" /><D13/><U117/><E78/><V21/><F70/><W96/><G132/><T122/><D15/><U59/><E68/><V134/><F66/><N who="0" m="25706" /><D122/><U67/><E117/><V20/><F134/><W108/><G108/><T110/><D110/><U53/><E111/><V126/><F126/><W123/><G123/><T6/><D6/><U22/><E36/><V42/><F39/><W47/><G47/><N who="0" m="25727" /><D56/><U109/><E109/><V84/><F112/><W129/><G129/><T130/><D130/><U131/><E131/><V60/><F114/><W115/><G115/><T10/><D10/><U69/><E69/><V121/><F121/><W30/><G8/><T0/><D0/><U52/><E45/><V90/><F90/><W119/><G9/><T83/><D83/><U89/><E44/><V7/><REACH who="2" step="1"/><F7/><REACH who="2" ten="250,250,240,250" step="2"/><W87/><G119/><T51/><D51/><U79/><E79/><V37/><F37/><W107/><G107/><T34/><D34/><U12/><REACH who="1" step="1"/><E18/><AGARI ba="0,1" hai="14,16,18,20,21,26,41,42,54,57,60,81,84,88" machi="18" ten="30,8000,1" yaku="1,1,7,1,8,1,54,2,53,0" doraHai="97" doraHaiUra="27" who="2" fromWho="1" sc="250,0,250,-80,240,90,250,0" /><INIT seed="1,0,0,5,2,44" ten="250,170,330,250" oya="1" hai0="19,45,130,94,0,35,28,123,125,34,129,91,29" hai1="5,134,23,126,61,57,133,105,12,74,17,71,114" hai2="100,88,119,7,112,101,64,117,95,52,110,115,82" hai3="33,13,70,96,48,31,42,24,30,135,65,25,60"/><U58/><E105/><V116/><F64/><W6/><G135/><N who="1" m="51722" /><E74/><V111/><F7/><W21/><G96/><T40/><D0/><U89/><E114/><N who="2" m="43563" /><F82/><W79/><G79/><T53/><D53/><U62/><E126/><V108/><F52/><W132/><G132/><T22/><D125/><U103/><E103/><V109/><F109/><W127/><G127/><T73/><D73/><U32/><E32/><V124/><F124/><W85/><G85/><AGARI ba="0,0" hai="85,88,95,100,101,108,110,111,116,117,119" m="43563" machi="85" ten="40,8000,1" yaku="14,1,11,1,34,2,54,1" doraHai="44" who="2" fromWho="3" sc="250,0,170,0,330,80,250,-80" /><INIT seed="2,0,0,4,3,135" ten="250,170,410,170" oya="2" hai0="134,128,5,124,130,56,32,122,78,123,96,57,70" hai1="113,49,90,60,66,83,36,110,87,86,102,34,22" hai2="59,64,42,39,69,38,84,112,127,118,29,3,63" hai3="31,4,45,121,14,74,11,125,53,23,67,65,81"/><V0/><F112/><W46/><G121/><T82/><D70/><U77/><E34/><V79/><F118/><W116/><G116/><T106/><D32/><U80/><E36/><V51/><F29/><W117/><G117/><T44/><D134/><U119/><E113/><V100/><F100/><W98/><G74/><T9/><D44/><N who="3" m="17001" /><G125/><T93/><D124/><U1/><E1/><V126/><F3/><W55/><G81/><T17/><D17/><U41/><E119/><V68/><F0/><W114/><G114/><T101/><D106/><U72/><E110/><V16/><F42/><W85/><G85/><N who="0" m="48343" /><D9/><U2/><E2/><V13/><F13/><W6/><G98/><T75/><D5/><U24/><E102/><V37/><F79/><W89/><G89/><T54/><D75/><U28/><E72/><V104/><F104/><W88/><G88/><T95/><D95/><U92/><E92/><V40/><F84/><W27/><G6/><T18/><D18/><U48/><E41/><V52/><F16/><W10/><G10/><T21/><D21/><U7/><E7/><V47/><F68/><AGARI ba="0,0" hai="22,24,28,48,49,60,66,68,77,80,83,86,87,90" machi="68" ten="30,1000,0" yaku="7,1" doraHai="135" who="1" fromWho="2" sc="250,0,170,10,410,-10,170,0" /><INIT seed="3,0,0,4,0,70" ten="250,180,400,170" oya="3" hai0="43,36,112,86,25,126,66,109,123,97,115,104,0" hai1="73,129,128,15,103,92,106,98,69,77,80,93,90" hai2="127,63,51,101,31,134,28,21,113,10,118,83,29" hai3="133,53,117,64,13,81,5,49,87,107,111,65,75"/><W114/><G117/><T130/><D109/><U23/><E69/><V27/><F113/><N who="0" m="43594" /><D130/><N who="1" m="50283" /><E23/><V135/><F118/><W99/><G114/><T62/><D126/><U96/><E15/><V78/><F101/><W125/><G75/><T132/><D132/><N who="2" m="50730" /><F63/><W131/><G131/><T32/><D86/><U35/><E35/><V67/><F67/><N who="3" m="25675" /><G107/><AGARI ba="0,0" hai="73,77,80,90,92,93,96,98,103,106,107" m="50283" machi="107" ten="30,3900,0" yaku="19,1,34,2" doraHai="70" who="1" fromWho="3" sc="250,0,180,39,400,0,170,-39" owari="250,5.0,219,-18.1,400,50.0,131,-36.9" /></mjloggm>