<mjloggm ver="2.3"><GO type="225" lobby="0"/><UN n0="%72%69%6F%75%63%68%61%6E" n1="%E3%81%82%E3%81%84%E3%81%82%E3%81%8A%E3%81%84" n2="%6D%75%75%6D%75%72%61" n3="%E3%81%AF%E3%82%88%E3%81%8A%E3%81%98%E3%81%95%E3%82%93" dan="17,18,17,16" rate="2274.21,2179.91,2244.48,2152.75" sx="M,M,F,M"/><TAIKYOKU oya="0"/><INIT seed="0,0,0,3,1,128" ten="250,250,250,250" oya="0" hai0="76,116,15,3,109,113,127,131,103,33,69,83,57" hai1="119,97,35,124,105,25,41,68,123,108,50,79,115" hai2="47,65,74,39,23,17,106,14,1,85,135,120,77" hai3="52,80,75,93,134,5,104,62,100,4,63,13,45"/><T11/><D113/><U70/><E79/><V36/><F120/><W95/><G104/><T38/><D116/><U117/><E123/><V51/><F74/><W6/><G134/><T81/><D69/><U29/><E108/><V49/><F106/><W27/><G75/><T55/><D131/><U44/><E124/><V56/><F1/><W129/><G129/><T2/><D127/><U112/><E97/><V60/><F135/><W31/><G80/><T110/><D33/><U92/><E92/><N who="3" m="35402" /><G100/><T10/><D38/><U9/><E105/><V24/><F77/><W114/><G114/><N who="1" m="43562" /><E9/><N who="0" m="3081" /><D103/><U88/><E88/><V67/><F85/><W66/><G13/><T118/><D15/><U73/><E73/><V126/><F126/><W37/><G66/><T7/><D118/><AGARI ba="0,0" hai="25,29,35,41,44,50,68,70,117,118,119" m="43562" machi="118" ten="30,1000,0" yaku="11,1" doraHai="128" who="1" fromWho="0" sc="250,-10,250,10,250,0,250,0" /><INIT seed="1,0,0,4,4,77" ten="240,260,250,250" oya="1" hai0="73,21,9,30,24,83,102,76,41,109,55,90,20" hai1="81,50,16,99,63,101,129,57,2,17,31,119,68" hai2="115,61,118,127,126,131,48,93,27,12,18,56,122" hai3="132,1,130,94,88,82,72,100,104,6,37,113,120"/><U23/><E119/><V106/><F118/><W91/><G120/><T105/><D109/><U10/><E129/><V124/><F122/><W33/><G33/><T11/><D41/><U35/><E35/><V26/><F106/><W111/><G113/><T80/><D55/><U7/><E68/><V14/><F131/><W59/><G37/><T98/><REACH who="0" step="1"/><D21/><REACH who="0" ten="230,260,250,250" step="2"/><U103/><E23/><V66/><F115/><W92/><G111/><T95/><D95/><U108/><E108/><V32/><F93/><W116/><G130/><T49/><D49/><U54/><E50/><V71/><F32/><W89/><G116/><T121/><D121/><U8/><E8/><V135/><F135/><W44/><G132/><T87/><AGARI ba="0,1" hai="9,11,20,24,30,73,76,80,83,87,90,98,102,105" machi="87" ten="30,7900,0" yaku="1,1,0,1,52,2,53,0" doraHai="77" doraHaiUra="40" who="0" fromWho="0" sc="230,89,260,-39,250,-20,250,-20" /><INIT seed="2,0,0,4,3,79" ten="319,221,230,230" oya="2" hai0="134,60,31,96,102,53,61,3,130,114,37,126,39" hai1="116,128,11,127,47,74,62,32,29,2,30,129,78" hai2="9,97,88,95,123,51,66,36,103,86,108,16,41" hai3="112,5,63,27,14,22,115,91,94,38,4,50,124"/><V69/><F123/><W77/><G38/><T99/><D114/><N who="3" m="43561" /><G124/><T75/><D3/><U33/><E116/><V83/><F36/><W25/><G77/><T26/><D126/><U84/><E74/><V101/><F108/><W48/><G63/><T82/><D130/><N who="1" m="50283" /><E127/><V70/><F66/><W24/><G22/><T58/><D134/><U118/><E118/><V135/><F135/><W104/><G104/><T1/><D1/><U119/><E119/><V8/><F101/><W17/><G17/><T0/><D0/><U23/><E47/><V52/><F41/><W10/><G4/><T81/><D75/><U120/><E62/><V106/><F106/><W20/><G20/><N who="0" m="15815" /><D37/><U125/><E125/><V131/><F131/><W13/><G13/><T105/><D105/><U40/><E40/><V6/><F6/><W12/><G14/><T45/><D45/><U76/><E120/><V28/><F28/><N who="1" m="10857" /><E23/><V18/><F70/><W21/><G21/><T87/><D39/><U117/><E117/><V19/><F69/><W68/><G68/><T59/><D102/><U44/><E44/><AGARI ba="0,0" hai="8,9,16,18,19,44,51,52,83,86,88,95,97,103" machi="44" ten="40,12000,1" yaku="8,1,52,1,54,3" doraHai="79" who="2" fromWho="1" sc="319,0,221,-120,230,120,230,0" /><INIT seed="2,1,0,3,4,69" ten="319,101,350,230" oya="2" hai0="38,74,119,115,49,52,117,10,5,33,93,91,0" hai1="101,40,7,121,97,111,21,126,22,123,56,2,1" hai2="31,84,41,64,42,87,30,46,58,90,80,81,129" hai3="34,60,77,112,28,125,76,114,134,36,89,65,66"/><V96/><F129/><W44/><G125/><T11/><D115/><N who="3" m="44073" /><G134/><T20/><D33/><U54/><E126/><V68/><F68/><N who="3" m="42023" /><G66/><T70/><D70/><U133/><E133/><V59/><F96/><W57/><G57/><T24/><D74/><U16/><E111/><V37/><F64/><W63/><G63/><T135/><D38/><U79/><E79/><V55/><F37/><W83/><G28/><T48/><D135/><U108/><E40/><V53/><F46/><W98/><G34/><T132/><D132/><U43/><E43/><V9/><F90/><W67/><G67/><T4/><D48/><U8/><E1/><V39/><F39/><W109/><G109/><T103/><D103/><U105/><E108/><V95/><F95/><N who="3" m="56687" /><G83/><T32/><D32/><U19/><E22/><V47/><F47/><W75/><G75/><T127/><D127/><U12/><REACH who="1" step="1"/><E19/><REACH who="1" ten="319,91,350,230" step="2"/><V102/><F41/><AGARI ba="1,1" hai="36,41,44,76,77" m="56687,42023,44073" machi="41" ten="30,2000,0" yaku="11,1,52,1" doraHai="69" who="3" fromWho="2" sc="319,0,91,0,350,-23,230,33" /><INIT seed="3,0,0,2,5,102" ten="319,91,327,263" oya="3" hai0="27,96,129,98,59,28,82,6,36,13,3,56,134" hai1="49,45,41,17,90,71,23,2,5,79,72,19,43" hai2="132,24,116,63,80,78,125,21,123,1,99,113,32" hai3="67,20,58,68,37,47,130,111,91,29,66,39,34"/><W53/><G34/><T89/><D3/><U75/><E71/><V83/><F113/><W65/><G29/><T110/><D36/><N who="3" m="13897" /><G20/><N who="0" m="15463" /><D110/><U46/><E90/><V117/><F32/><W70/><G91/><T52/><D129/><U30/><E30/><V44/><F1/><W7/><G7/><T120/><D134/><U133/><E133/><V74/><F83/><W106/><G106/><T126/><D126/><U25/><E19/><V73/><F21/><W40/><G130/><T93/><D120/><U92/><E92/><V0/><F0/><W105/><G105/><T54/><D82/><U121/><E121/><V69/><F80/><W118/><G118/><T38/><D38/><U16/><E17/><V10/><F123/><W15/><G15/><T51/><D98/><U112/><E112/><V135/><F99/><W26/><G26/><T84/><D96/><U100/><E100/><V18/><F24/><W11/><G11/><N who="0" m="4343" /><D52/><U61/><E61/><V104/><F18/><W119/><G119/><T35/><D35/><U128/><E128/><V103/><F117/><W50/><G111/><T109/><D109/><U114/><E114/><V124/><F116/><W86/><G86/><T64/><D64/><U77/><E5/><V57/><F74/><W87/><G87/><T14/><D14/><U48/><REACH who="1" step="1"/><E2/><REACH who="1" ten="319,81,327,263" step="2"/><V94/><F132/><W60/><AGARI ba="0,1" hai="40,47,50,53,58,60,65,66,67,68,70" m="13897" machi="60" ten="30,12000,1" yaku="35,5" doraHai="102" who="3" fromWho="3" sc="319,-40,81,-40,327,-40,263,130" owari="279,-12.1,41,-45.9,287,8.7,393,49.3" /></mjloggm>