<mjloggm ver="2.3"><GO type="225" lobby="0"/><UN n0="%E8%81%B7%E6%A5%AD%E3%80%81%E9%A2%A8%32" n1="%E3%81%B8%E3%82%80%E3%81%B8%E3%82%80%EF%BC%92%E5%8F%B7" n2="%74%61%6B%75%61%6B%61" n3="%E6%A1%9C%E8%8A%B1%E9%96%83%E3%80%85" dan="16,17,16,18" rate="2120.51,2188.47,2167.06,2203.27" sx="M,M,M,M"/><TAIKYOKU oya="0"/><INIT seed="0,0,0,0,1,76" ten="250,250,250,250" oya="0" hai0="113,27,106,130,103,34,89,125,123,55,129,17,97" hai1="71,78,102,18,13,132,59,105,45,133,83,23,56" hai2="32,42,35,79,134,96,104,107,128,108,28,1,72" hai3="81,135,33,41,30,19,87,65,63,86,68,118,115"/><T131/><D123/><U26/><E71/><V74/><F42/><W53/><G115/><T49/><D113/><U46/><E102/><V2/><F28/><W43/><G118/><T51/><D125/><U75/><E105/><N who="2" m="40523" /><F79/><W114/><G114/><T77/><D77/><U124/><E124/><V61/><F61/><W31/><G135/><N who="1" m="51786" /><E26/><V80/><F80/><W64/><G19/><T126/><D126/><U91/><E91/><V54/><F54/><W101/><G101/><T15/><D55/><U16/><E18/><V100/><F96/><W99/><G99/><T29/><REACH who="0" step="1"/><D89/><REACH who="0" ten="240,250,250,250" step="2"/><U69/><E69/><V24/><F134/><W25/><G53/><T0/><D0/><U120/><E120/><V93/><F1/><W4/><G68/><T50/><D50/><U109/><E109/><V21/><F2/><W36/><G64/><T88/><D88/><U39/><E39/><V111/><F108/><W112/><G36/><T73/><D73/><U22/><E22/><AGARI ba="0,1" hai="15,17,22,27,29,34,49,51,97,103,106,129,130,131" machi="22" ten="40,3900,0" yaku="1,1,19,1,53,0" doraHai="76" doraHaiUra="40" who="0" fromWho="1" sc="240,49,250,-39,250,0,250,0" /><INIT seed="0,1,0,4,4,93" ten="289,211,250,250" oya="0" hai0="31,89,96,115,60,117,19,116,130,113,51,109,34" hai1="63,67,135,64,2,50,103,80,128,84,0,78,83" hai2="104,1,119,4,76,21,57,28,33,53,132,79,56" hai3="108,126,77,72,13,129,3,94,91,42,125,32,54"/><T110/><D130/><U11/><E128/><V38/><F132/><W107/><G129/><T22/><D60/><U82/><E135/><V36/><F33/><W81/><G3/><T6/><D51/><U120/><E120/><V112/><F104/><W29/><G108/><N who="0" m="41579" /><D89/><U92/><E50/><V62/><F112/><N who="0" m="43082" /><D96/><U44/><E44/><V47/><F119/><N who="0" m="45642" /><D6/><U74/><E64/><V27/><F4/><W111/><G91/><T58/><D58/><U18/><E92/><V71/><F56/><W20/><G94/><T48/><D48/><U65/><E65/><V25/><F57/><W52/><G111/><T26/><D19/><U133/><E133/><V98/><F98/><W55/><G55/><T106/><D106/><U40/><E103/><V114/><F53/><W105/><G52/><T123/><D123/><U90/><E82/><V100/><F100/><W101/><G54/><T75/><D75/><U17/><E40/><V99/><F99/><W30/><G42/><T102/><D102/><U37/><E37/><V5/><F36/><W73/><G73/><T70/><D70/><U49/><E49/><V122/><F71/><W46/><G101/><T7/><D7/><U95/><E83/><V59/><F5/><W12/><G105/><T23/><AGARI ba="1,0" hai="22,23,26,31,34" m="45642,43082,41579" machi="23" ten="40,12000,1" yaku="14,1,10,1,34,2" doraHai="93" who="0" fromWho="0" sc="289,123,211,-41,250,-41,250,-41" /><INIT seed="0,2,0,5,1,101" ten="412,170,209,209" oya="0" hai0="45,92,63,80,114,28,115,95,21,27,85,47,104" hai1="50,60,109,36,7,13,44,55,103,54,125,23,3" hai2="75,0,117,83,62,131,51,5,66,96,89,134,130" hai3="102,32,86,42,2,119,74,1,106,107,116,70,56"/><T26/><D104/><N who="3" m="39977" /><G56/><T67/><D114/><U81/><E109/><V22/><F134/><W135/><G102/><T108/><D115/><U124/><E103/><V18/><F117/><W71/><G86/><T88/><D108/><U112/><E112/><V31/><F31/><W30/><G42/><T35/><D47/><U72/><E36/><V100/><F51/><W59/><G59/><T133/><D45/><U87/><E72/><V61/><F5/><W64/><G74/><T128/><D133/><U43/><E3/><N who="3" m="1034" /><G135/><T122/><D128/><U120/><E120/><V77/><F0/><W90/><G90/><T52/><D122/><U4/><E60/><V69/><F61/><N who="3" m="40207" /><G71/><T46/><D67/><U48/><E43/><V132/><F89/><W82/><G82/><T93/><D63/><U76/><E4/><V57/><F69/><W97/><G97/><T38/><D80/><U39/><E39/><V15/><REACH who="2" step="1"/><F132/><REACH who="2" ten="412,170,199,209" step="2"/><W33/><G33/><T53/><D35/><U12/><E7/><V8/><F8/><W123/><G123/><T25/><D38/><U79/><E50/><V129/><F129/><W11/><G11/><T65/><D46/><U113/><E44/><V68/><F68/><W126/><G126/><T94/><D65/><U58/><E48/><V6/><F6/><W127/><G127/><T99/><D99/><U19/><E124/><V73/><F73/><W20/><G20/><T37/><D37/><U9/><E125/><V98/><F98/><W49/><G49/><T40/><D21/><U78/><E23/><V84/><F84/><W110/><G110/><RYUUKYOKU ba="2,1" sc="412,-15,170,-15,199,15,209,15" hai2="15,18,22,57,62,66,75,77,83,96,100,130,131" hai3="30,32,116,119" /><INIT seed="1,3,1,3,3,94" ten="397,155,214,224" oya="1" hai0="110,119,40,54,32,64,16,25,123,96,39,69,63" hai1="45,115,89,8,28,111,20,82,67,14,114,131,24" hai2="130,70,26,93,4,129,41,104,99,35,75,66,10" hai3="5,21,108,7,124,84,29,23,127,103,102,97,52"/><U55/><E131/><N who="2" m="50187" /><F75/><W134/><G108/><T47/><D119/><U17/><E67/><V78/><F78/><W72/><G72/><T112/><D110/><U73/><E111/><V58/><F41/><W51/><G134/><T19/><D112/><U122/><E122/><V113/><F113/><W126/><G84/><T6/><D123/><U76/><REACH who="1" step="1"/><E89/><REACH who="1" ten="397,145,214,224" step="2"/><N who="2" m="55727" /><F70/><W80/><G126/><T74/><D69/><U92/><E92/><V9/><F104/><W42/><G127/><T12/><D64/><U87/><E87/><V81/><F81/><W62/><G124/><T36/><D74/><U109/><E109/><V132/><F132/><W1/><G80/><T91/><D91/><U33/><E33/><V118/><F118/><W125/><G125/><T100/><D32/><U86/><E86/><V34/><F34/><W105/><G105/><T2/><D96/><U83/><E83/><V107/><F107/><W61/><G97/><T90/><D90/><U13/><E13/><V120/><F120/><W88/><G88/><T22/><D12/><U53/><E53/><V15/><F35/><W106/><G52/><T3/><D54/><U59/><E59/><V79/><F66/><W116/><G106/><T98/><D98/><U135/><E135/><V27/><F58/><W48/><G116/><T49/><D2/><U31/><E31/><V37/><F15/><W71/><G71/><T121/><D3/><U65/><E65/><V43/><F27/><W0/><G29/><T60/><D25/><U77/><E77/><V57/><F79/><W30/><G30/><T95/><D121/><RYUUKYOKU ba="3,2" sc="397,-15,145,15,214,-15,224,15" hai1="8,14,17,20,24,28,45,55,73,76,82,114,115" hai3="0,1,5,7,21,23,42,48,51,61,62,102,103" /><INIT seed="1,4,2,2,1,111" ten="382,160,199,239" oya="1" hai0="43,51,95,61,123,59,82,80,67,71,38,79,9" hai1="103,104,17,33,73,81,127,129,118,69,134,128,112" hai2="72,46,77,2,113,130,56,15,12,119,13,90,135" hai3="132,126,115,114,97,20,55,109,88,24,96,107,94"/><U19/><RYUUKYOKU type="yao9" ba="4,2" sc="382,0,160,0,199,0,239,0" hai1="17,19,33,69,73,81,103,104,112,118,127,128,129,134" /><INIT seed="1,5,2,3,1,82" ten="382,160,199,239" oya="1" hai0="21,8,111,94,127,2,95,5,61,14,24,130,92" hai1="40,83,4,116,78,106,71,118,120,125,0,45,53" hai2="33,52,124,80,79,26,23,103,122,63,19,36,89" hai3="3,134,101,75,105,84,6,17,98,77,47,50,15"/><U43/><E120/><V18/><F122/><W70/><G70/><T132/><D111/><U102/><E53/><V135/><F33/><W86/><G134/><T133/><D130/><U69/><E43/><V28/><F135/><N who="0" m="51786" /><D127/><U121/><E121/><V126/><F36/><W9/><G77/><T10/><D61/><U62/><E125/><N who="2" m="48235" /><F103/><W48/><G75/><T13/><D10/><N who="1" m="2311" /><E62/><V114/><F89/><W68/><G68/><N who="1" m="26186" /><E118/><V99/><F99/><W22/><REACH who="3" step="1"/><G50/><REACH who="3" ten="382,160,199,229" step="2"/><T108/><D108/><U25/><E25/><V129/><F114/><W91/><G91/><T73/><D73/><N who="1" m="43471" /><E116/><V11/><F26/><W131/><G131/><T42/><D42/><AGARI ba="5,3" hai="3,6,9,15,17,22,42,47,48,84,86,98,101,105" machi="42" ten="30,7700,0" yaku="1,1,7,1,52,2,53,0" doraHai="82" doraHaiUra="51" who="3" fromWho="0" sc="382,-92,160,0,199,0,229,122" /><INIT seed="2,0,0,0,2,69" ten="290,160,199,351" oya="2" hai0="6,35,60,104,26,16,41,46,101,53,17,9,127" hai1="63,64,62,132,7,25,131,92,34,71,15,68,88" hai2="116,70,73,122,110,30,58,12,28,123,49,96,130" hai3="19,75,107,23,3,72,18,133,83,39,121,61,56"/><V59/><F116/><W98/><G121/><T134/><D127/><U27/><E131/><V113/><F113/><W114/><G114/><T4/><D134/><U5/><E132/><V100/><F70/><W1/><G39/><T119/><D119/><U13/><E34/><V33/><F73/><W109/><G109/><T24/><D104/><U20/><E20/><V90/><F130/><W45/><G45/><T82/><D101/><U118/><E118/><V65/><F110/><W52/><G18/><N who="0" m="7275" /><D35/><U43/><E43/><V99/><F12/><W84/><G75/><T67/><D67/><U108/><E108/><V10/><F10/><W129/><G72/><T48/><D82/><U135/><E135/><V38/><F33/><W22/><G22/><T2/><D2/><U76/><E76/><V32/><F32/><W8/><G8/><T105/><D105/><U47/><E47/><V120/><F38/><W78/><G129/><T87/><D87/><U85/><E15/><V77/><F77/><W124/><G124/><T74/><D74/><U21/><E13/><V29/><F90/><W0/><G133/><T11/><D11/><U93/><E93/><V91/><F91/><W89/><G107/><T44/><D9/><U31/><E27/><N who="0" m="10281" /><D46/><U57/><REACH who="1" step="1"/><E68/><REACH who="1" ten="290,150,199,351" step="2"/><V79/><F79/><W125/><G125/><T128/><D128/><U103/><E103/><V95/><F100/><W42/><G78/><T51/><D41/><U40/><E40/><V126/><F95/><W66/><G42/><T97/><D44/><U106/><E106/><V54/><F126/><W115/><G0/><RYUUKYOKU ba="0,1" sc="290,-15,150,15,199,15,351,-15" hai1="5,7,21,25,31,57,62,63,64,71,85,88,92" hai2="28,29,30,49,54,58,59,65,96,99,120,122,123" /><INIT seed="2,1,1,2,5,8" ten="275,165,214,336" oya="2" hai0="114,30,88,47,115,29,41,96,75,15,60,83,63" hai1="132,20,81,79,17,90,94,85,99,129,101,26,58" hai2="52,23,76,39,80,82,40,1,125,117,49,67,56" hai3="113,14,71,69,124,12,64,3,70,97,46,10,34"/><V19/><F117/><W65/><G34/><T6/><D75/><U7/><E129/><V31/><F125/><W134/><G124/><T62/><D114/><U104/><E132/><V57/><F1/><W45/><G134/><T59/><D115/><U37/><E37/><V43/><F31/><N who="0" m="11786" /><D47/><U24/><E7/><V131/><F131/><W105/><G3/><T118/><D41/><N who="2" m="15946" /><F76/><W25/><G25/><T111/><D111/><U103/><E58/><V130/><F39/><W38/><G38/><T77/><D77/><U4/><E4/><V5/><F5/><W36/><G36/><T33/><D33/><U91/><E103/><V32/><F32/><W121/><G121/><T61/><D118/><U54/><E54/><N who="2" m="31823" /><F67/><W48/><G65/><N who="0" m="39071" /><D96/><U0/><E0/><V110/><F110/><W89/><G105/><T119/><D119/><U106/><E106/><V98/><F98/><W2/><G113/><T51/><D51/><U53/><E53/><V44/><F44/><N who="3" m="17003" /><G48/><T55/><D55/><U112/><E112/><V21/><F130/><W42/><G64/><T84/><D6/><U78/><E104/><V123/><F123/><W122/><G122/><T109/><D109/><U128/><E128/><V16/><F57/><W9/><G42/><T74/><D74/><U28/><REACH who="1" step="1"/><E79/><REACH who="1" ten="275,155,214,336" step="2"/><V18/><F52/><W133/><G133/><T120/><D120/><U102/><E102/><V66/><F66/><W87/><G2/><T22/><D63/><U27/><E27/><V108/><F108/><W50/><G71/><T107/><D107/><U68/><E68/><V35/><F35/><AGARI ba="1,2" hai="17,20,24,26,28,35,78,81,85,90,91,94,99,101" machi="35" ten="30,3900,0" yaku="1,1,6,1,7,1,53,0" doraHai="8" doraHaiUra="100" who="1" fromWho="2" sc="275,0,155,62,214,-42,336,0" /><INIT seed="3,0,0,2,5,8" ten="275,217,172,336" oya="3" hai0="93,19,44,11,36,133,46,114,43,71,65,5,135" hai1="32,95,74,85,94,37,6,22,125,77,109,113,99" hai2="68,21,119,69,1,51,121,70,101,38,0,123,111" hai3="35,26,40,120,39,129,132,124,63,58,78,24,107"/><W83/><G120/><N who="2" m="46153" /><F101/><W50/><G39/><T9/><D114/><U18/><E32/><V88/><F38/><W27/><G107/><T30/><D30/><U98/><E37/><V54/><F119/><W84/><G129/><T48/><D93/><U128/><E128/><V10/><F21/><W42/><G132/><N who="0" m="50763" /><D65/><U3/><E3/><N who="2" m="1099" /><F10/><W106/><G106/><T110/><D71/><N who="2" m="18178" /><V91/><DORA hai="108" /><F111/><W75/><G27/><T100/><D100/><U131/><E109/><V118/><F118/><W55/><G24/><T14/><D110/><U80/><E131/><V105/><F105/><W47/><G26/><T117/><D117/><U49/><E22/><V7/><F7/><W13/><G35/><T104/><D104/><U82/><E6/><V52/><F54/><W134/><G55/><T16/><D11/><U41/><E95/><V96/><F96/><W20/><G20/><T60/><D60/><U64/><E94/><V12/><F12/><W34/><G63/><T53/><AGARI ba="0,0" hai="5,9,14,16,19,36,43,44,46,48,53" m="50763" machi="53" ten="30,4000,0" yaku="20,1,52,1,54,1" doraHai="8,108" who="0" fromWho="0" sc="275,40,217,-10,172,-10,336,-20" owari="315,11.5,207,-19.3,162,-33.8,316,41.6" /></mjloggm>