<mjloggm ver="2.3"><GO type="225" lobby="0"/><UN n0="%E3%81%A8%E3%82%93%E3%81%A8%E3%81%93%E3%81%A8%E3%82%93" n1="%E3%81%86%E3%81%A9%E3%82%93%E3%81%93" n2="%E3%82%B2%E3%82%B9%E8%8C%82%E5%8B%9D" n3="%77%72%77%72%77%72%77%72" dan="16,16,16,16" rate="2115.25,2176.96,2053.58,2132.08" sx="F,M,F,M"/><TAIKYOKU oya="0"/><INIT seed="0,0,0,2,3,117" ten="250,250,250,250" oya="0" hai0="111,29,36,132,129,52,124,60,67,115,42,24,90" hai1="80,125,4,33,114,44,68,37,30,59,19,118,23" hai2="2,72,70,103,121,50,98,38,94,113,135,51,101" hai3="61,69,75,79,3,14,65,11,122,54,18,78,45"/><T32/><D115/><U1/><E68/><V43/><F113/><W26/><G3/><T53/><D124/><U5/><E114/><V108/><F72/><W107/><G107/><T100/><D129/><U87/><E118/><V34/><F34/><W35/><G75/><T105/><D132/><U64/><E125/><V48/><F70/><W120/><G54/><T109/><D90/><U74/><E74/><V95/><F135/><W84/><G45/><T22/><D42/><U76/><E33/><V104/><F2/><W21/><G35/><T77/><D77/><U97/><E30/><V20/><F108/><N who="0" m="41546" /><D22/><U89/><E44/><V8/><F8/><W12/><G12/><T126/><D36/><U73/><E37/><V56/><F38/><W58/><G69/><N who="0" m="42215" /><D126/><U128/><E128/><V71/><F43/><W133/><G133/><T83/><D83/><U93/><E73/><V96/><F71/><W40/><G40/><T16/><D16/><U66/><E1/><V28/><F104/><W86/><G79/><T88/><D88/><U130/><E130/><V99/><F56/><W49/><G78/><T82/><D82/><U92/><E92/><V47/><F47/><W106/><G106/><T0/><D0/><U116/><E116/><V112/><F112/><W102/><G102/><T131/><D131/><U10/><E59/><V25/><F96/><AGARI ba="0,0" hai="24,29,32,52,53,96,100,105" m="42215,41546" machi="96" ten="30,11600,0" yaku="25,1,14,1,10,1,54,1" doraHai="117" who="0" fromWho="2" sc="250,116,250,0,250,-116,250,0" /><INIT seed="0,1,0,4,2,51" ten="366,250,134,250" oya="0" hai0="1,4,33,75,100,37,82,74,8,122,5,121,85" hai1="104,108,72,18,113,50,15,77,25,103,14,102,127" hai2="46,132,111,6,79,120,47,3,56,128,43,114,34" hai3="48,86,26,78,109,118,27,88,97,52,16,68,131"/><T35/><D100/><U126/><E108/><V134/><F79/><W130/><G118/><T57/><D57/><U106/><E25/><V95/><F95/><W59/><G68/><T76/><D37/><U92/><E113/><V65/><F6/><W61/><G109/><T39/><D39/><U63/><E63/><N who="2" m="38119" /><F3/><W44/><G97/><T64/><D64/><U98/><E50/><N who="2" m="26975" /><F34/><W125/><G78/><T30/><D85/><U24/><E24/><V105/><F105/><N who="1" m="40553" /><E14/><V89/><F89/><W55/><G125/><N who="1" m="47626" /><E18/><V107/><F107/><W36/><G36/><T69/><D69/><U93/><E15/><V83/><F83/><W91/><G91/><T42/><D82/><N who="1" m="45351" /><E92/><V110/><F114/><W123/><G123/><T94/><D94/><U45/><E45/><V21/><F21/><W90/><G27/><T73/><D121/><U41/><E41/><V23/><F23/><N who="3" m="13671" /><G86/><T40/><D122/><U116/><E103/><V29/><F29/><W58/><G58/><T2/><D30/><U80/><E80/><V9/><F9/><W115/><G115/><T19/><D8/><U62/><E62/><V20/><F20/><W31/><G31/><T10/><D10/><U135/><E116/><V87/><F87/><W124/><G124/><T133/><D73/><U49/><E49/><V13/><F13/><W0/><G0/><T28/><D28/><U22/><E22/><V70/><F70/><W81/><G81/><T54/><D1/><U60/><E60/><V32/><F120/><W12/><G12/><T71/><D2/><U53/><E135/><N who="2" m="51755" /><F111/><W66/><G66/><RYUUKYOKU ba="1,0" sc="366,-15,250,15,134,-15,250,15" hai1="53,93,98,102" hai3="44,48,52,55,59,61,88,90,130,131" /><INIT seed="1,2,0,4,1,125" ten="351,265,119,265" oya="1" hai0="112,47,56,72,102,87,119,71,54,79,16,52,134" hai1="122,66,6,23,111,95,53,123,68,28,80,100,101" hai2="120,0,91,31,12,109,105,39,108,117,32,45,78" hai3="131,104,44,35,89,83,128,82,26,18,65,15,41"/><U36/><E36/><V107/><F0/><W103/><G65/><T51/><D71/><U130/><E111/><N who="2" m="42571" /><F120/><W60/><G60/><T50/><D119/><U25/><E6/><V86/><F117/><W14/><G14/><T38/><D112/><U90/><E80/><V94/><F78/><W93/><G103/><T40/><D134/><U110/><E110/><V70/><F70/><W132/><G104/><T11/><D72/><U30/><E30/><V34/><F107/><W61/><G61/><T124/><D102/><U126/><E126/><V67/><F67/><W127/><G132/><T106/><D106/><U13/><E66/><V10/><F105/><W63/><G63/><T43/><D124/><U88/><E68/><V73/><F73/><W24/><G35/><T75/><D75/><U46/><E90/><V1/><F1/><W133/><G82/><N who="0" m="47583" /><D38/><U29/><E122/><V115/><F115/><W19/><G83/><T57/><D57/><U92/><E123/><V76/><F76/><W64/><G64/><T4/><D4/><U69/><E69/><V49/><F39/><N who="3" m="21567" /><G18/><T55/><D55/><U42/><E53/><N who="2" m="29871" /><F31/><W48/><G133/><T59/><D56/><U22/><E29/><V5/><AGARI ba="2,0" hai="5,10,12,32,34,86,91,94" m="29871,42571" machi="5" ten="30,1100,0" yaku="14,1" doraHai="125" who="2" fromWho="2" sc="351,-5,265,-7,119,17,265,-5" /><INIT seed="2,0,0,1,3,98" ten="346,258,136,260" oya="2" hai0="58,35,80,79,5,30,134,63,72,27,83,56,19" hai1="76,126,118,21,50,119,9,71,112,105,66,8,57" hai2="13,33,93,42,26,85,45,46,18,64,73,62,101" hai3="99,67,55,28,37,24,44,12,61,81,20,124,127"/><V22/><F73/><W52/><G81/><T87/><D134/><U74/><E112/><V82/><F42/><W69/><G12/><T115/><D115/><U133/><E133/><V59/><F33/><W97/><G37/><T40/><D5/><U100/><E126/><N who="3" m="48170" /><G44/><T131/><D131/><U86/><E74/><V23/><F93/><W34/><G20/><T113/><D113/><U92/><E105/><V75/><F75/><W135/><G135/><T130/><D130/><U91/><E71/><V117/><F117/><W123/><G123/><T43/><D19/><U14/><E76/><V122/><F122/><W90/><G90/><T16/><D16/><N who="1" m="10391" /><E119/><V54/><F64/><W0/><G0/><T84/><D72/><U38/><E38/><V116/><F116/><W70/><G70/><T108/><D108/><U51/><E100/><V15/><F101/><W10/><G10/><N who="1" m="4202" /><E118/><V41/><F41/><W109/><G109/><T53/><D58/><U31/><E31/><N who="2" m="17879" /><F13/><W39/><G39/><T2/><REACH who="0" step="1"/><D2/><REACH who="0" ten="336,258,136,260" step="2"/><U65/><E57/><V47/><F46/><W3/><G3/><T125/><D125/><U95/><E95/><V7/><F7/><W78/><G69/><T121/><D121/><U48/><AGARI ba="0,1" hai="48,50,51,65,66,86,91,92" m="4202,10391" machi="48" ten="30,2000,0" yaku="8,1,54,1" doraHai="98" who="1" fromWho="1" sc="336,-5,258,30,136,-10,260,-5" /><INIT seed="3,0,0,2,3,40" ten="331,288,126,255" oya="3" hai0="102,14,15,90,45,134,79,35,96,118,70,109,66" hai1="103,59,46,62,92,52,80,120,133,60,17,54,94" hai2="110,116,91,3,106,95,36,1,75,98,105,83,4" hai3="39,101,38,86,126,81,85,111,29,25,122,53,26"/><W73/><G122/><T117/><D35/><U71/><E120/><V19/><F1/><W31/><G101/><T27/><D79/><U107/><E107/><V100/><F19/><W132/><G53/><T9/><D27/><N who="3" m="10249" /><G81/><T64/><D90/><U108/><E108/><V127/><F116/><W61/><G61/><T24/><D24/><U58/><E71/><V2/><F36/><N who="3" m="13867" /><G73/><T67/><D70/><U41/><E133/><V21/><F21/><W57/><G57/><T131/><D134/><U69/><E69/><V51/><F51/><W88/><G88/><T82/><D82/><U93/><E80/><V13/><F13/><W77/><G77/><T115/><D15/><U99/><E17/><V44/><F4/><W11/><G11/><T76/><D76/><U5/><E5/><V87/><F44/><W7/><G7/><T65/><D45/><U47/><E47/><V123/><F123/><W20/><G20/><T104/><D66/><U6/><E6/><V63/><F63/><W129/><G132/><T8/><D9/><U34/><E34/><V48/><F127/><W125/><G129/><T23/><D131/><U128/><E128/><V55/><F110/><W33/><G33/><T22/><D109/><U10/><E10/><V49/><F49/><AGARI ba="0,0" hai="41,46,49,52,54,58,59,60,62,92,93,94,99,103" machi="49" ten="30,8000,1" yaku="7,1,9,1,8,1,52,1,54,1" doraHai="40" who="1" fromWho="2" sc="331,0,288,80,126,-80,255,0" owari="331,13.1,368,46.8,46,-45.4,255,-14.5" /></mjloggm>