<mjloggm ver="2.3"><GO type="225" lobby="0"/><UN n0="%E3%83%A1%E3%82%AC%E3%83%87%E3%82%B8" n1="%E6%97%A5%E6%9B%9C%E6%97%A5%E3%82%88%E3%82%8A%E3%81%AE%E4%BD%BF%E8%80%85" n2="%E8%81%B7%E6%A5%AD%E3%80%81%E9%A2%A8%32" n3="%73%75%7A%75%6D%65%33" dan="16,18,16,17" rate="2073.27,2158.36,2185.14,2243.43" sx="F,M,M,M"/><TAIKYOKU oya="0"/><INIT seed="0,0,0,5,4,71" ten="250,250,250,250" oya="0" hai0="39,135,80,30,63,108,58,104,37,42,36,128,98" hai1="8,101,102,44,85,125,131,78,100,96,5,123,15" hai2="110,113,89,3,32,94,60,127,13,38,93,61,59" hai3="27,99,82,105,34,69,114,2,21,70,65,66,24"/><T43/><D30/><U92/><E123/><V81/><F3/><W124/><G114/><T118/><D118/><U86/><E125/><V73/><F32/><W16/><G2/><T0/><D0/><U90/><E131/><V48/><F110/><W19/><G124/><T106/><D128/><U1/><E1/><V11/><F38/><W109/><G109/><T52/><D108/><U40/><REACH who="1" step="1"/><E78/><REACH who="1" ten="250,240,250,250" step="2"/><V133/><F127/><W23/><G34/><T28/><D135/><U75/><E75/><V62/><F133/><W17/><G70/><T130/><D130/><U115/><E115/><V49/><F113/><W46/><G69/><T56/><D28/><U22/><E22/><V18/><F73/><W6/><G23/><T10/><D10/><U122/><E122/><V87/><F59/><W83/><G21/><T134/><D134/><U7/><E7/><V57/><F57/><W20/><G20/><T50/><D58/><U41/><E41/><V25/><F25/><W91/><G6/><T35/><D35/><U120/><E120/><V64/><F64/><W126/><G65/><T111/><D111/><U53/><E53/><V72/><F72/><W51/><G66/><T132/><D132/><U121/><E121/><V29/><F29/><W47/><G27/><T112/><D112/><U79/><E79/><V97/><REACH who="2" step="1"/><F94/><REACH who="2" ten="250,240,240,250" step="2"/><N who="3" m="56799" /><G126/><T45/><D56/><U4/><E4/><V55/><F55/><N who="3" m="30199" /><G24/><T26/><D26/><U31/><E31/><V119/><F119/><W84/><G105/><T107/><D106/><U12/><E12/><V116/><F116/><W76/><G47/><RYUUKYOKU ba="0,2" sc="250,-30,240,10,240,10,250,10" hai1="5,8,15,40,44,85,86,90,92,96,100,101,102" hai2="11,13,18,48,49,60,61,62,81,87,89,93,97" hai3="16,17,19,76,82,83,84" /><INIT seed="1,1,2,1,5,129" ten="220,250,250,260" oya="1" hai0="29,93,98,7,127,124,42,63,90,116,12,104,97" hai1="77,115,111,105,89,71,121,74,106,122,83,51,6" hai2="40,69,73,86,55,109,20,39,130,41,2,80,3" hai3="0,70,72,91,62,56,96,35,31,134,87,61,113"/><U11/><E115/><V132/><F109/><W103/><G113/><T21/><D116/><U126/><E71/><V102/><F69/><W65/><G72/><T84/><D42/><U53/><E111/><V82/><F130/><W23/><G0/><T30/><D63/><U5/><E126/><N who="0" m="48169" /><D104/><U125/><E125/><V133/><F102/><W9/><G9/><N who="0" m="4159" /><D21/><U75/><E75/><V49/><F73/><W107/><G23/><T26/><D26/><U88/><E106/><V123/><F123/><W27/><G134/><N who="2" m="51817" /><F20/><W58/><REACH who="3" step="1"/><G62/><REACH who="3" ten="220,250,250,250" step="2"/><T34/><D34/><U18/><E122/><V114/><F114/><W1/><G1/><N who="2" m="9" /><F80/><AGARI ba="1,3" hai="27,31,35,56,58,61,65,70,80,87,91,96,103,107" machi="80" ten="30,7700,0" yaku="1,1,7,1,25,2,53,0" doraHai="129" doraHaiUra="10" who="3" fromWho="2" sc="220,0,250,0,250,-80,250,110" /><INIT seed="2,0,0,4,1,9" ten="220,250,170,360" oya="2" hai0="35,77,97,92,95,19,43,8,129,24,89,13,7" hai1="48,105,5,90,110,111,64,47,122,59,74,100,45" hai2="62,11,88,21,80,30,104,2,15,118,38,73,99" hai3="103,126,56,28,20,102,114,93,50,17,44,116,113"/><V33/><F118/><W53/><G126/><T41/><D129/><U106/><E74/><V70/><F38/><W10/><G116/><T4/><D77/><U91/><E5/><N who="0" m="2121" /><D35/><U86/><E122/><V31/><F2/><W75/><G75/><T135/><D135/><U52/><E91/><V128/><F128/><W14/><G93/><T83/><D83/><N who="1" m="49503" /><E100/><V1/><F1/><W34/><G34/><T27/><D95/><U131/><E131/><V26/><F104/><N who="1" m="40041" /><E64/><V40/><F40/><AGARI ba="0,0" hai="8,13,19,24,27,40,41,43,89,92,97" m="2121" machi="40" ten="30,2000,0" yaku="8,1,52,1" doraHai="9" who="0" fromWho="2" sc="220,20,250,0,170,-20,360,0" /><INIT seed="3,0,0,0,5,80" ten="240,250,150,360" oya="3" hai0="112,33,56,115,12,62,20,100,116,78,15,66,73" hai1="7,127,23,0,111,106,90,24,87,35,92,104,121" hai2="82,91,70,17,29,88,117,109,132,14,81,49,22" hai3="76,107,52,101,95,131,42,55,34,89,46,74,93"/><W128/><G34/><T13/><D33/><U119/><E121/><V83/><F117/><W79/><G107/><T113/><D116/><U27/><E119/><V43/><F70/><W114/><G101/><T118/><D118/><U99/><E111/><V122/><F122/><W110/><G110/><T105/><D73/><U51/><E127/><V72/><F109/><W31/><G31/><T6/><D78/><N who="3" m="29737" /><G74/><T61/><D20/><U4/><E35/><V28/><F132/><W11/><G11/><N who="0" m="4215" /><D62/><U124/><E124/><V59/><F72/><W21/><G21/><T45/><D45/><U68/><E0/><V63/><F43/><W16/><G16/><T71/><D71/><U108/><E106/><V53/><REACH who="2" step="1"/><F63/><REACH who="2" ten="240,250,140,360" step="2"/><W48/><G128/><T126/><D126/><U50/><E68/><V30/><AGARI ba="0,1" hai="14,17,22,28,29,30,49,53,59,81,82,83,88,91" machi="30" ten="30,8000,1" yaku="1,1,2,1,0,1,8,1,54,1,53,0" doraHai="80" doraHaiUra="96" who="2" fromWho="2" sc="240,-20,250,-20,140,90,360,-40" owari="220,-28.0,230,3.0,230,-17.0,320,42.0" /></mjloggm>