<mjloggm ver="2.3"><GO type="225" lobby="0"/><UN n0="%E7%9C%9F%E4%B8%80" n1="%E3%82%A2%E3%82%A4%E3%82%B9%E3%83%86%E3%82%A3%E3%83%BC%E3%81%82%E3%81%B9" n2="%E3%82%B2%E3%82%B9%E8%8C%82%E5%8B%9D" n3="%E5%8D%A0%E3%81%84%E5%B8%AB%E8%A3%8F%E3%81%AA%E3%81%84%E3%81%97" dan="17,16,16,16" rate="2110.59,2101.48,2057.29,2167.81" sx="M,M,F,M"/><TAIKYOKU oya="0"/><INIT seed="0,0,0,5,4,47" ten="250,250,250,250" oya="0" hai0="119,15,40,28,16,84,77,0,14,105,34,60,127" hai1="94,67,41,68,135,26,132,23,96,117,62,124,50" hai2="108,22,65,52,129,45,4,73,31,46,38,37,71" hai3="25,43,114,57,63,74,75,131,128,109,82,130,100"/><T91/><D119/><U112/><E117/><V126/><F73/><W86/><G114/><T1/><D105/><U24/><E124/><V18/><F31/><W78/><G109/><T30/><D127/><U83/><E83/><V87/><F126/><W72/><G43/><T90/><D40/><U93/><E112/><V29/><F29/><N who="0" m="11370" /><D34/><U55/><E41/><V110/><F4/><W133/><G25/><T120/><D120/><U44/><E94/><V10/><F10/><W6/><G6/><T7/><D60/><U102/><REACH who="1" step="1"/><E23/><REACH who="1" ten="250,240,250,250" step="2"/><V92/><F129/><W121/><G121/><T99/><D77/><U3/><E3/><V123/><F123/><W51/><G133/><AGARI ba="0,1" hai="24,26,44,50,55,62,67,68,93,96,102,132,133,135" machi="133" ten="40,8000,1" yaku="1,1,20,1,52,1,53,1" doraHai="47" doraHaiUra="88" who="1" fromWho="3" sc="250,0,240,90,250,0,250,-80" /><INIT seed="1,0,0,2,3,24" ten="250,330,250,170" oya="1" hai0="9,25,92,65,36,54,5,61,104,77,47,96,30" hai1="35,29,40,42,58,108,68,33,59,0,115,90,37" hai2="57,95,131,50,86,70,127,55,64,11,120,49,22" hai3="73,89,23,87,28,48,135,43,97,52,62,74,17"/><U116/><E115/><V113/><F120/><W84/><G135/><T45/><D104/><U8/><E116/><V1/><F113/><W78/><G73/><T41/><D77/><U129/><E68/><V34/><F34/><W18/><G74/><T119/><D119/><U75/><E75/><V103/><F127/><W111/><G111/><T7/><D54/><U102/><E129/><V81/><F131/><W14/><G43/><T88/><D47/><U122/><E122/><V32/><F32/><W12/><G62/><T128/><D9/><U39/><E102/><V132/><F132/><W76/><G97/><T56/><REACH who="0" step="1"/><D128/><REACH who="0" ten="240,330,250,170" step="2"/><U105/><E8/><V53/><F55/><W4/><G4/><T109/><D109/><U94/><E105/><V10/><F1/><W80/><G78/><T26/><D26/><U63/><E0/><V125/><F125/><W124/><G124/><T91/><D91/><U121/><E90/><V130/><F130/><W106/><G106/><T79/><D79/><U3/><E3/><V123/><F123/><W99/><G99/><T107/><D107/><U31/><E121/><V6/><F11/><N who="3" m="6303" /><G89/><T93/><D93/><U82/><E94/><V98/><F10/><W112/><G112/><T19/><D19/><U126/><E126/><V118/><F6/><W13/><G87/><T15/><D15/><U72/><E72/><V60/><F118/><W67/><G14/><T114/><D114/><U134/><E108/><V2/><F2/><W133/><G133/><T16/><D16/><U38/><E134/><V85/><F98/><W21/><G18/><RYUUKYOKU ba="0,1" sc="240,30,330,-10,250,-10,170,-10" hai0="5,7,25,30,36,41,45,56,61,65,88,92,96" /><INIT seed="2,1,1,3,2,72" ten="270,320,240,160" oya="2" hai0="53,122,22,44,64,130,42,41,77,29,71,17,25" hai1="133,135,73,21,10,51,88,89,105,119,16,37,39" hai2="125,54,82,49,112,102,46,93,109,104,75,114,0" hai3="106,120,28,48,123,134,78,13,85,60,83,94,18"/><V4/><F125/><W62/><G106/><T11/><D122/><U47/><E105/><V68/><F68/><W96/><G134/><N who="1" m="51210" /><E10/><V129/><F129/><W6/><G6/><T76/><D130/><U31/><E31/><V55/><F104/><W111/><G111/><T126/><D126/><U107/><E107/><V97/><F109/><W74/><G28/><T117/><D117/><U81/><E119/><V87/><F75/><W124/><G124/><T38/><D71/><U12/><E73/><V36/><F36/><N who="1" m="13897" /><E81/><V63/><F4/><W32/><G32/><T15/><D64/><U131/><E131/><V127/><F0/><W2/><G2/><T5/><D42/><AGARI ba="1,1" hai="12,16,21,42,47,51,88,89" m="13897,51210" machi="42" ten="30,3900,0" yaku="20,1,54,2" doraHai="72" who="1" fromWho="0" sc="270,-42,320,52,240,0,160,0" /><INIT seed="3,0,0,5,0,16" ten="228,372,240,160" oya="3" hai0="35,75,110,103,127,125,42,115,108,4,107,19,52" hai1="7,98,76,45,94,106,90,64,119,17,66,61,95" hai2="34,129,9,46,5,96,101,28,50,41,37,92,118" hai3="130,69,97,122,89,58,79,68,32,128,62,38,11"/><W104/><G122/><T105/><D75/><U51/><E106/><V54/><F129/><N who="3" m="49771" /><G38/><T111/><D35/><U26/><E76/><V102/><F118/><W27/><G79/><T114/><D42/><U86/><E7/><V124/><F124/><N who="0" m="47690" /><D4/><U22/><E119/><V93/><F28/><N who="3" m="19487" /><G11/><T59/><D19/><U25/><E25/><V55/><F34/><W132/><G132/><T24/><D24/><U71/><E61/><V10/><F5/><W134/><G134/><T117/><D117/><U36/><E71/><N who="3" m="27210" /><G89/><T113/><D103/><N who="1" m="60887" /><E36/><V63/><F63/><AGARI ba="0,0" hai="52,59,63,105,107,108,110,111,113,114,115" m="47690" machi="63" ten="40,8000,1" yaku="14,1,11,1,18,1,54,1" doraHai="16" who="0" fromWho="2" sc="228,80,372,0,240,-80,160,0" owari="308,10.8,372,47.2,160,-24.0,160,-34.0" /></mjloggm>