<mjloggm ver="2.3"><GO type="225" lobby="0"/><UN n0="%E8%81%B7%E6%A5%AD%E3%80%81%E9%A2%A8%32" n1="%E3%81%B2%E3%81%AA%E3%81%AE%E3%82%8A%E3%81%8F" n2="%E8%A8%88%E7%AE%97%E6%A9%9F%E8%87%AA%E7%84%B6" n3="%E5%AF%82%E5%AF%9E%E3%82%AE%E3%83%8D%E3%82%B9%E3%83%93%E3%83%BC%E3%83%AB" dan="16,17,17,16" rate="2144.86,2200.23,2238.52,2157.16" sx="M,M,M,M"/><TAIKYOKU oya="0"/><INIT seed="0,0,0,4,0,124" ten="250,250,250,250" oya="0" hai0="33,85,122,99,129,131,48,84,45,57,36,51,125" hai1="3,110,83,79,103,133,92,100,68,35,43,80,4" hai2="65,109,93,39,24,101,81,67,29,105,97,47,123" hai3="21,74,114,8,37,76,40,77,102,107,9,1,96"/><T23/><D33/><U7/><E68/><V112/><F123/><W60/><G114/><T58/><D122/><U116/><E116/><V34/><F112/><W63/><G21/><T90/><D125/><U73/><E35/><V28/><F28/><W119/><G9/><T19/><D36/><U17/><E110/><V87/><F109/><W82/><G77/><T72/><D72/><U10/><E7/><V5/><F5/><N who="3" m="1071" /><G119/><T126/><D126/><U115/><E83/><V55/><F93/><W49/><G49/><T95/><D99/><U120/><E120/><V130/><F130/><N who="0" m="49674" /><D84/><U12/><E73/><V132/><F132/><W64/><G64/><T98/><D98/><U54/><E133/><V31/><F31/><W14/><G14/><N who="0" m="9719" /><D51/><U38/><E38/><V22/><F34/><W118/><G118/><T121/><D121/><U15/><E115/><V32/><F32/><W13/><G13/><T18/><D18/><U6/><E15/><V53/><F65/><W56/><G96/><T134/><D134/><U91/><E12/><V59/><F87/><W86/><G86/><T71/><D71/><U41/><E17/><V2/><F2/><W127/><G127/><T50/><D50/><U16/><E16/><V26/><F26/><W108/><G108/><T111/><D111/><U104/><E3/><V128/><F128/><W30/><G30/><T62/><D62/><U75/><E75/><V66/><F66/><N who="3" m="39175" /><G63/><T78/><D78/><U42/><E79/><V106/><F67/><W94/><G76/><T89/><D89/><U20/><E91/><V25/><F39/><RYUUKYOKU ba="0,0" sc="250,30,250,-10,250,-10,250,-10" hai0="45,48,57,58,85,90,95" /><INIT seed="0,1,0,2,5,29" ten="280,240,240,240" oya="0" hai0="98,52,3,36,63,120,81,76,6,38,30,53,113" hai1="33,128,0,91,75,22,107,122,121,68,70,82,35" hai2="25,42,133,111,48,60,80,114,72,47,4,118,11" hai3="79,58,85,20,23,83,103,115,69,12,27,37,32"/><T89/><D120/><U90/><E0/><V51/><F114/><W73/><G115/><T104/><D113/><U55/><E107/><V59/><F111/><W112/><G69/><N who="1" m="26730" /><E55/><V40/><F133/><W102/><G112/><T62/><D30/><U39/><E22/><V49/><F118/><W1/><G1/><T66/><D63/><U71/><E71/><V106/><F106/><W84/><G37/><T95/><D104/><U65/><E65/><V31/><F72/><W88/><G73/><T119/><D119/><U64/><E64/><V50/><F80/><W54/><G32/><N who="1" m="12362" /><E75/><V26/><F40/><W46/><G12/><T86/><D66/><U9/><E39/><V17/><F17/><N who="3" m="12687" /><G23/><T14/><D14/><U131/><E9/><V34/><F25/><W74/><G74/><T13/><D13/><U116/><E116/><V19/><F19/><W16/><G16/><T134/><D53/><U57/><E57/><V67/><REACH who="2" step="1"/><F48/><REACH who="2" ten="280,240,230,240" step="2"/><N who="3" m="28951" /><G58/><N who="0" m="35143" /><D38/><U78/><E78/><V97/><F97/><W130/><G130/><N who="1" m="49706" /><E82/><AGARI ba="1,1" hai="79,82,83,84,85,88,102,103" m="28951,12687" machi="82" ten="30,2000,0" yaku="8,1,54,1" doraHai="29" who="3" fromWho="1" sc="280,0,240,-23,230,0,240,33" /><INIT seed="1,0,0,5,0,109" ten="280,217,230,273" oya="1" hai0="115,6,82,78,72,7,70,11,48,33,1,4,68" hai1="36,116,9,97,127,63,29,42,89,74,107,53,86" hai2="101,95,61,105,65,134,80,131,125,59,37,27,118" hai3="67,84,135,113,51,38,60,79,39,108,120,126,102"/><U2/><E116/><V75/><F118/><W47/><G120/><T73/><D115/><U110/><E74/><V71/><F37/><N who="3" m="13835" /><G102/><T10/><D33/><U44/><E110/><V87/><F131/><W17/><G84/><T103/><D7/><U12/><E2/><V26/><F125/><W90/><G17/><T20/><D73/><U18/><E127/><V34/><F134/><W62/><G90/><T54/><D20/><U3/><E3/><V83/><F59/><W100/><G100/><T92/><D103/><U19/><E107/><V106/><F106/><W56/><G79/><T128/><D128/><U21/><E97/><N who="2" m="61615" /><F75/><W35/><G35/><T88/><D10/><U8/><E29/><N who="2" m="19767" /><F27/><W0/><G0/><T119/><D6/><U64/><E53/><V114/><F114/><W43/><G108/><T66/><D119/><U40/><E42/><V121/><F121/><W57/><G126/><T112/><D112/><U45/><E45/><V133/><F133/><W76/><G76/><T14/><D1/><U104/><E104/><V91/><AGARI ba="0,0" hai="61,65,71,80,83,87,91,95" m="19767,61615" machi="91" ten="30,1100,0" yaku="25,1" doraHai="109" who="2" fromWho="2" sc="280,-3,217,-5,230,11,273,-3" /><INIT seed="2,0,0,2,5,77" ten="277,212,241,270" oya="2" hai0="72,51,89,135,67,16,65,113,107,127,15,134,130" hai1="19,43,23,97,17,61,20,46,116,2,63,64,27" hai2="74,93,52,108,47,3,109,69,44,114,9,36,18" hai3="118,131,37,119,6,121,29,4,39,68,101,126,129"/><V132/><F114/><W24/><G68/><T55/><D72/><U49/><E116/><N who="3" m="44586" /><G101/><T66/><D107/><U95/><E2/><V21/><F69/><W81/><G121/><T84/><D127/><U32/><E32/><V53/><F74/><W35/><G126/><T82/><D113/><U14/><REACH who="1" step="1"/><E64/><REACH who="1" ten="277,202,241,270" step="2"/><V12/><F132/><W0/><G0/><T86/><D134/><U102/><AGARI ba="0,1" hai="14,17,19,20,23,27,43,46,49,61,63,95,97,102" machi="102" ten="20,12000,2" yaku="1,1,2,1,0,1,7,1,8,1,53,1" doraHai="77" doraHaiUra="94" who="1" fromWho="1" sc="277,-30,202,130,241,-60,270,-30" /><INIT seed="3,0,0,5,5,2" ten="247,332,181,240" oya="3" hai0="127,34,68,7,110,85,108,33,41,61,91,59,62" hai1="84,14,92,15,29,100,93,82,18,97,88,11,105" hai2="40,113,76,5,109,70,30,20,56,118,78,71,134" hai3="94,38,90,119,117,77,16,58,45,26,66,135,107"/><W74/><G107/><T60/><D127/><U42/><E29/><V47/><F113/><W24/><G135/><T31/><D68/><U115/><E115/><V43/><F134/><W75/><G66/><T104/><D104/><U1/><E1/><V53/><F118/><W89/><G58/><T72/><D72/><U130/><E130/><V25/><F109/><W49/><G38/><T99/><D99/><U9/><E42/><V116/><F116/><W79/><G49/><T98/><D98/><U121/><E121/><V69/><F40/><W27/><G27/><N who="0" m="18687" /><D34/><U106/><E82/><V102/><F102/><W80/><G80/><N who="0" m="49575" /><D41/><U19/><AGARI ba="0,0" hai="9,11,14,15,18,19,84,88,92,93,97,100,105,106" machi="19" ten="20,5200,0" yaku="0,1,7,1,9,1,54,1" doraHai="2" who="1" fromWho="1" sc="247,-13,332,52,181,-13,240,-26" owari="234,3.4,384,48.4,168,-33.2,214,-18.6" /></mjloggm>