<mjloggm ver="2.3"><GO type="225" lobby="0"/><UN n0="%E3%83%B4%E3%82%A3%E3%83%AF%E3%82%B3%E3%82%B0%E3%83%8B" n1="%63%68%78%62%64" n2="%E3%83%97%E3%83%AC%E3%83%B4%E3%82%A1%E3%83%86%E3%82%A3" n3="%28%EF%BF%A3%E2%96%BD%EF%BF%A3%29%CE%B4%E2%8C%92%E3%83%BB" dan="16,16,16,16" rate="2148.97,2139.92,2114.38,2075.74" sx="M,M,F,M"/><TAIKYOKU oya="0"/><INIT seed="0,0,0,4,2,106" ten="250,250,250,250" oya="0" hai0="69,117,36,16,113,51,3,84,72,83,35,18,10" hai1="120,67,103,4,125,12,61,70,90,2,81,131,95" hai2="93,122,57,114,71,112,121,43,54,7,23,26,40" hai3="100,0,49,89,60,130,21,27,34,109,135,134,85"/><T66/><D113/><N who="2" m="43626" /><F7/><W77/><G0/><T38/><D117/><U48/><E125/><V132/><F23/><W29/><G109/><T41/><D35/><U124/><E131/><V101/><F101/><W1/><G1/><T65/><D51/><U99/><E124/><V128/><F26/><W46/><G130/><T19/><D69/><U107/><E2/><V24/><F24/><W22/><G60/><T94/><D94/><U6/><E120/><N who="2" m="46187" /><F93/><W11/><G11/><T39/><D41/><N who="2" m="15946" /><F128/><W58/><G77/><T44/><D44/><U119/><E119/><V17/><F17/><W32/><G46/><T105/><D105/><U14/><E81/><V126/><F126/><W73/><G100/><T68/><D68/><U80/><E80/><V64/><F71/><W86/><G34/><T87/><D72/><U62/><E4/><V20/><F20/><N who="3" m="7787" /><G89/><T97/><D97/><U56/><E6/><V123/><N who="2" m="46195" /><V63/><DORA hai="118" /><F132/><N who="3" m="50731" /><G73/><T75/><D75/><U47/><E95/><V50/><F50/><W116/><G116/><T15/><D3/><U76/><E76/><V79/><F79/><W104/><G104/><T9/><D15/><U92/><E12/><V28/><F28/><W111/><G111/><T78/><REACH who="0" step="1"/><D87/><REACH who="0" ten="240,250,250,250" step="2"/><N who="3" m="33289" /><G49/><T127/><D127/><U59/><E14/><V108/><F108/><W133/><G133/><T55/><D55/><AGARI ba="0,1" hai="54,55,57,63,64" m="15946,46195,43626" machi="55" ten="50,12000,2" yaku="34,2,52,4" doraHai="106,118" who="2" fromWho="0" sc="240,-120,250,0,250,130,250,0" /><INIT seed="1,0,0,0,4,29" ten="120,250,380,250" oya="1" hai0="99,124,128,127,38,114,90,103,76,12,55,39,84" hai1="32,8,77,61,100,65,111,75,6,86,43,18,116" hai2="68,72,78,35,69,63,1,74,41,91,117,125,10" hai3="40,94,92,50,80,110,31,95,118,53,70,83,98"/><U96/><E116/><V52/><F117/><W101/><G70/><T131/><D76/><U62/><E111/><V79/><F41/><W82/><G110/><T104/><D12/><U115/><E115/><V60/><F91/><W89/><G118/><T27/><D27/><U59/><E75/><V11/><F1/><W120/><G120/><T121/><D55/><U88/><E43/><V132/><F52/><W4/><G40/><T45/><D45/><U56/><E77/><V54/><F54/><W135/><G135/><T105/><D38/><U42/><E42/><V71/><F132/><W5/><G31/><T0/><D0/><U67/><E32/><V24/><F71/><W51/><G51/><T107/><D39/><U93/><E18/><V22/><F24/><W37/><G37/><T16/><D16/><U106/><E8/><V87/><F87/><W102/><G102/><T9/><D9/><U47/><REACH who="1" step="1"/><E47/><REACH who="1" ten="120,240,380,250" step="2"/><V122/><F122/><W108/><G108/><T46/><D46/><U123/><E123/><V36/><F22/><W85/><REACH who="3" step="1"/><G95/><REACH who="3" ten="120,240,380,240" step="2"/><N who="0" m="58879" /><D121/><U21/><E21/><V7/><F36/><W2/><G2/><T64/><D114/><U112/><E112/><V130/><F10/><W129/><G129/><N who="0" m="49739" /><D64/><U49/><E49/><V73/><F130/><W30/><G30/><T25/><D25/><U57/><E57/><AGARI ba="0,2" hai="4,5,50,53,57,80,82,83,85,89,92,94,98,101" machi="57" ten="40,2600,0" yaku="1,1,8,1,53,0" doraHai="29" doraHaiUra="133" who="3" fromWho="1" sc="120,0,240,-26,380,0,240,46" /><INIT seed="2,0,0,5,0,88" ten="120,214,380,286" oya="2" hai0="43,19,42,133,67,132,35,14,13,102,49,32,29" hai1="23,97,122,12,114,16,118,80,100,74,9,124,60" hai2="81,20,24,40,30,45,51,92,128,56,64,18,50" hai3="11,28,90,47,0,106,87,22,39,58,31,86,59"/><V99/><F128/><W78/><G106/><T44/><D67/><U15/><E118/><V72/><F72/><W4/><G78/><T116/><D116/><U53/><E114/><V104/><F104/><W111/><G86/><T38/><D102/><U25/><E124/><V17/><F81/><W125/><G125/><T33/><D29/><U85/><E74/><V46/><F46/><W37/><G111/><T117/><D117/><U113/><E122/><V73/><F73/><W2/><G2/><T68/><D68/><U61/><E53/><V69/><F69/><W103/><G103/><T96/><D96/><U84/><E15/><V95/><F99/><W10/><G10/><T1/><D1/><U135/><E84/><V123/><F123/><W112/><G112/><T119/><D119/><U120/><E135/><V105/><F105/><W21/><G31/><T57/><D42/><U121/><E113/><V129/><F129/><W52/><G58/><T66/><D49/><U5/><E120/><V77/><F77/><W93/><G47/><T34/><N who="0" m="8192" /><DORA hai="75" /><T48/><D48/><U27/><E27/><V110/><F110/><W107/><G107/><T8/><REACH who="0" step="1"/><D13/><REACH who="0" ten="110,214,380,286" step="2"/><U98/><E121/><V89/><F50/><W65/><G65/><T71/><D71/><U82/><E98/><V63/><F64/><W7/><G28/><T126/><D126/><U70/><E70/><V3/><F3/><W36/><G0/><T83/><D83/><N who="1" m="31787" /><E85/><V41/><F41/><W55/><G87/><T54/><D54/><U131/><E131/><V91/><F40/><W115/><G115/><RYUUKYOKU ba="0,1" sc="110,15,214,15,380,-15,286,-15" hai0="8,14,19,38,43,44,57,66,132,133" hai1="5,9,12,16,23,25,60,61,97,100" /><INIT seed="3,1,1,5,3,107" ten="125,229,365,271" oya="3" hai0="63,22,96,69,116,46,35,84,109,3,88,80,60" hai1="86,40,53,94,81,130,111,103,121,104,87,14,48" hai2="31,18,24,33,79,41,89,19,117,100,92,20,113" hai3="61,32,17,50,131,132,135,99,5,75,66,0,52"/><W23/><G32/><T49/><D35/><U108/><E104/><V2/><F113/><W58/><G131/><T43/><D116/><U74/><E40/><V13/><F117/><W76/><G99/><T28/><D3/><U57/><E130/><V71/><F71/><W102/><G102/><T30/><D109/><N who="1" m="42059" /><E121/><V51/><F2/><W9/><G76/><T11/><D69/><U36/><E36/><V125/><F125/><W21/><G75/><T37/><D37/><U44/><E14/><V105/><F79/><W78/><G78/><T73/><D73/><U25/><E25/><V82/><F82/><W64/><G64/><T95/><D11/><U72/><E44/><V8/><F41/><W70/><REACH who="3" step="1"/><G17/><REACH who="3" ten="125,229,365,261" step="2"/><T67/><D67/><U6/><E103/><V133/><F33/><W120/><G120/><T62/><REACH who="0" step="1"/><D22/><AGARI ba="1,2" hai="0,5,9,21,22,23,50,52,58,61,66,70,132,135" machi="22" ten="40,3900,0" yaku="1,1,54,1,53,0" doraHai="107" doraHaiUra="119" who="3" fromWho="0" sc="125,-42,229,0,365,0,261,62" /><INIT seed="3,2,0,2,3,118" ten="83,229,365,323" oya="3" hai0="66,46,128,67,23,73,106,97,37,34,113,133,79" hai1="74,71,121,100,82,101,60,132,52,78,92,90,35" hai2="86,25,93,98,84,29,104,31,40,39,2,32,89" hai3="75,64,68,135,125,56,13,119,11,95,83,5,130"/><W88/><G119/><T57/><D23/><U3/><E3/><V22/><F2/><W102/><G125/><T28/><D79/><U10/><E35/><V117/><F117/><W120/><G135/><T109/><D57/><U44/><E132/><V27/><F104/><W45/><G68/><T24/><D66/><U4/><E121/><V85/><F39/><W43/><G130/><T50/><D50/><U99/><E71/><V122/><F40/><W94/><G120/><T61/><D133/><U42/><E4/><V15/><F122/><W131/><G131/><T110/><D73/><U9/><E100/><V59/><F59/><W81/><G75/><T18/><D18/><U91/><E91/><V38/><F38/><W107/><G107/><T116/><D116/><U129/><E129/><V103/><F15/><W108/><G108/><T26/><D26/><U58/><REACH who="1" step="1"/><E101/><REACH who="1" ten="83,219,365,323" step="2"/><V134/><F134/><W70/><G70/><T7/><D128/><U105/><E105/><V30/><F30/><W87/><G102/><T69/><D7/><U96/><E96/><V21/><F32/><W77/><G77/><T17/><D17/><U49/><AGARI ba="2,1" hai="9,10,42,44,49,52,58,60,74,78,82,90,92,99" machi="49" ten="20,5200,0" yaku="1,1,0,1,7,1,54,1,53,0" doraHai="118" doraHaiUra="16" who="1" fromWho="1" sc="83,-15,219,68,365,-15,323,-28" owari="68,-43.2,287,-11.3,350,45.0,295,9.5" /></mjloggm>