<mjloggm ver="2.3"><GO type="225" lobby="0"/><UN n0="%E3%80%90%E3%83%88%E3%83%AA%E3%83%A5%E3%83%95%E3%80%91" n1="%E3%82%B3%E3%83%90%E3%83%AC%E3%82%A4" n2="%E3%81%8B%E3%82%8F%E3%81%A1%E3%82%83%E3%82%93%35%38" n3="%74%2E%6F%2E%6F%2E%73" dan="16,16,16,18" rate="2034.68,2113.86,2114.17,2154.74" sx="M,M,M,M"/><TAIKYOKU oya="0"/><INIT seed="0,0,0,5,0,60" ten="250,250,250,250" oya="0" hai0="2,16,38,11,94,30,27,106,36,19,89,67,65" hai1="71,46,131,88,61,99,17,111,57,113,48,102,73" hai2="78,68,79,33,26,72,43,53,21,40,64,66,91" hai3="51,133,37,95,49,55,58,117,130,84,112,42,118"/><T101/><D106/><U123/><E73/><V105/><F105/><W54/><G112/><T80/><D2/><U13/><E113/><V90/><F33/><W85/><G130/><T23/><D38/><U93/><E131/><V7/><F68/><W134/><G95/><T22/><D11/><U108/><E71/><V109/><F72/><W18/><G18/><N who="0" m="6699" /><D36/><U77/><E77/><N who="2" m="29195" /><F7/><W62/><G37/><T119/><D22/><U44/><E123/><V114/><F109/><N who="1" m="42057" /><E48/><V100/><F100/><W28/><G28/><T122/><D122/><U127/><E102/><V63/><F114/><W34/><G34/><T20/><D20/><N who="1" m="11311" /><E127/><V98/><F21/><W29/><G29/><T15/><D15/><U0/><E0/><V41/><F26/><W24/><G24/><T4/><D4/><U14/><E14/><V69/><F69/><W35/><G35/><T45/><D119/><U86/><E99/><V104/><F104/><W32/><G32/><T121/><D121/><U10/><E10/><V110/><F110/><W52/><G117/><T50/><D101/><U120/><E120/><V125/><F125/><W81/><G118/><T124/><D124/><U8/><E8/><V128/><F128/><W59/><G84/><N who="0" m="50311" /><D94/><U135/><E135/><N who="3" m="51722" /><G85/><T75/><D75/><U103/><E103/><V96/><F96/><W31/><G31/><T74/><D74/><U56/><E93/><N who="2" m="56631" /><F91/><W47/><G81/><T25/><D25/><U115/><E115/><V9/><F9/><W12/><G12/><T1/><D1/><U92/><E92/><V132/><F132/><W116/><G116/><RYUUKYOKU ba="0,0" sc="250,10,250,-30,250,10,250,10" hai0="23,27,30,45,50,65,67" hai2="40,41,43,53,63,64,66" hai3="42,47,49,51,52,54,55,58,59,62" /><INIT seed="0,1,0,4,5,50" ten="260,220,260,260" oya="0" hai0="119,91,3,35,53,104,10,39,128,120,11,109,92" hai1="77,15,28,66,24,96,34,129,22,133,7,116,32" hai2="123,17,106,36,103,130,73,23,80,5,112,75,108" hai3="9,64,90,121,62,72,79,93,44,46,20,74,18"/><T69/><RYUUKYOKU type="yao9" ba="1,0" sc="260,0,220,0,260,0,260,0" hai0="3,10,11,35,39,53,69,91,92,104,109,119,120,128" /><INIT seed="0,2,0,0,5,100" ten="260,220,260,260" oya="0" hai0="32,73,128,8,95,84,58,102,78,104,93,82,126" hai1="106,21,34,132,108,98,48,43,11,49,133,69,74" hai2="1,16,4,59,20,75,31,127,41,105,119,118,115" hai3="117,122,13,76,66,2,109,111,88,14,70,101,97"/><T107/><D32/><U90/><E74/><V42/><F115/><W89/><G76/><T12/><D128/><U112/><E69/><V56/><F75/><W53/><G2/><T92/><D58/><N who="2" m="22058" /><F31/><W18/><G117/><N who="2" m="44553" /><F127/><W123/><G53/><T67/><D67/><U110/><E34/><V19/><F105/><N who="0" m="40522" /><D12/><U96/><E11/><N who="2" m="2447" /><F19/><W81/><G66/><T7/><D126/><U6/><E6/><V44/><F44/><W124/><G70/><T27/><D27/><AGARI ba="2,0" hai="16,20,27,41,42" m="2447,44553,22058" machi="27" ten="30,2000,0" yaku="12,1,54,1" doraHai="100" who="2" fromWho="0" sc="260,-26,220,0,260,26,260,0" /><INIT seed="1,0,0,5,1,68" ten="234,220,286,260" oya="1" hai0="99,31,63,76,108,66,8,46,38,91,79,123,6" hai1="51,120,13,100,71,23,115,21,131,60,9,33,56" hai2="77,5,32,19,126,128,28,30,95,112,122,134,1" hai3="39,37,82,92,48,98,7,42,35,107,118,20,116"/><U104/><E120/><V106/><F106/><W65/><G35/><T62/><D108/><U96/><E33/><V83/><F122/><W117/><G107/><T58/><D31/><U12/><E115/><V75/><F32/><W127/><G127/><T80/><D123/><U97/><E131/><V110/><F126/><W105/><G105/><T43/><D63/><U47/><E97/><V15/><F110/><W74/><G7/><T89/><D99/><U103/><E100/><V41/><F128/><W88/><G65/><T86/><REACH who="0" step="1"/><D76/><REACH who="0" ten="224,220,286,260" step="2"/><U59/><E71/><V4/><F28/><W133/><G133/><T113/><D113/><U109/><E109/><V26/><F30/><W34/><G34/><T27/><D27/><U29/><E29/><V25/><F26/><W24/><G24/><T57/><D57/><U55/><E59/><V130/><F25/><W111/><G111/><T93/><D93/><U70/><E70/><V53/><F112/><W81/><G20/><T135/><D135/><U14/><REACH who="1" step="1"/><E9/><REACH who="1" ten="224,210,286,260" step="2"/><N who="2" m="6639" /><F134/><W16/><G116/><T119/><D119/><U101/><E101/><V129/><F129/><W22/><G117/><T90/><D90/><U69/><E69/><V102/><F130/><W125/><G118/><T85/><D85/><U2/><E2/><AGARI ba="0,2" hai="2,6,8,38,43,46,58,62,66,79,80,86,89,91" machi="2" ten="30,3900,0" yaku="1,1,7,1,52,1,53,0" doraHai="68" doraHaiUra="49" who="0" fromWho="1" sc="224,59,210,-39,286,0,260,0" /><INIT seed="2,0,0,5,4,88" ten="283,171,286,260" oya="2" hai0="42,43,55,90,94,111,18,77,109,78,75,133,33" hai1="106,59,123,128,116,60,131,65,71,104,48,24,41" hai2="1,73,58,74,87,4,101,84,83,86,72,119,7" hai3="127,34,126,96,70,30,16,66,67,54,51,2,103"/><V38/><F119/><W50/><G2/><T125/><D33/><U76/><E116/><V32/><F32/><W92/><G30/><T47/><D18/><U11/><E123/><V21/><F38/><W82/><G34/><T91/><D91/><U135/><E76/><N who="0" m="29289" /><D75/><U98/><E135/><V3/><F83/><W62/><G82/><T130/><D130/><U28/><E11/><V85/><F85/><W80/><G80/><T113/><D113/><U108/><E108/><N who="0" m="41545" /><D125/><N who="3" m="47625" /><G67/><T8/><D8/><U118/><E118/><V36/><F101/><W0/><G0/><T26/><D26/><U19/><E19/><V117/><F117/><W56/><G16/><T5/><D5/><U69/><E69/><V49/><F3/><W20/><G20/><T27/><D27/><U17/><E17/><V39/><F21/><W79/><G79/><T29/><D29/><U105/><E98/><V64/><F1/><W122/><G122/><T120/><D133/><U31/><E31/><V129/><F129/><W22/><G22/><T52/><D42/><U46/><REACH who="1" step="1"/><E71/><REACH who="1" ten="283,161,286,260" step="2"/><V114/><F4/><W23/><G23/><AGARI ba="0,1" hai="23,24,28,41,46,48,59,60,65,104,105,106,128,131" machi="23" ten="40,2600,0" yaku="1,1,2,1,53,0" doraHai="88" doraHaiUra="99" who="1" fromWho="3" sc="283,0,161,36,286,0,260,-26" /><INIT seed="3,0,0,1,5,121" ten="283,197,286,234" oya="3" hai0="95,55,97,87,86,53,7,46,66,99,115,127,106" hai1="36,82,126,129,33,5,17,102,11,80,78,100,89" hai2="72,15,74,125,91,45,65,10,84,57,21,98,64" hai3="111,130,103,132,133,113,112,76,1,101,63,37,108"/><W73/><G37/><T107/><D127/><U12/><E33/><V44/><F125/><W68/><G1/><T22/><D7/><U96/><E126/><V35/><F35/><W114/><G68/><T104/><D66/><N who="2" m="25706" /><F72/><W109/><G63/><T52/><D22/><U124/><E124/><V56/><F98/><N who="0" m="37386" /><D46/><N who="2" m="18026" /><F21/><W88/><G130/><T51/><D51/><U48/><E36/><V4/><F74/><W18/><G18/><T70/><D95/><AGARI ba="0,0" hai="4,10,15,56,57,84,91,95" m="18026,25706" machi="95" ten="30,1000,0" yaku="8,1" doraHai="121" who="2" fromWho="0" sc="283,-10,197,0,286,10,234,0" /><INIT seed="4,0,0,2,0,116" ten="273,197,296,234" oya="0" hai0="90,8,41,53,121,91,78,10,103,69,125,93,124" hai1="84,119,43,77,76,132,85,25,88,33,117,46,16" hai2="59,36,101,0,51,50,7,22,112,79,58,11,63" hai3="102,29,61,30,17,14,96,106,5,109,64,42,57"/><T107/><D69/><U100/><E132/><V15/><F36/><W66/><G109/><T113/><D113/><U37/><E100/><V82/><F112/><W60/><G5/><T95/><D41/><U127/><E127/><N who="0" m="48713" /><D53/><U56/><E117/><V55/><F101/><W74/><G74/><T118/><D78/><U68/><E68/><V133/><F133/><W71/><G42/><T83/><D83/><U98/><E98/><V67/><F22/><AGARI ba="0,0" hai="14,17,22,29,30,57,60,61,64,66,71,96,102,106" machi="22" ten="30,1000,0" yaku="7,1" doraHai="116" who="3" fromWho="2" sc="273,0,197,0,296,-10,234,10" /><INIT seed="5,0,0,4,2,122" ten="273,197,286,244" oya="1" hai0="41,26,74,89,75,49,2,9,8,64,109,23,93" hai1="32,52,27,90,56,3,11,99,72,105,135,108,15" hai2="50,65,98,84,112,29,97,101,69,95,116,103,125" hai3="17,14,31,28,60,106,5,63,67,123,78,107,45"/><U80/><E3/><V48/><F116/><W71/><G123/><T128/><D109/><U36/><E36/><V54/><F125/><W115/><G115/><T12/><D128/><U21/><E32/><V88/><F112/><W43/><G5/><T1/><D64/><U35/><E35/><V20/><F69/><W55/><G78/><T119/><D119/><U76/><E108/><V134/><F65/><W16/><G17/><T131/><D131/><U82/><E82/><V120/><F120/><W39/><G60/><T13/><D49/><N who="2" m="19050" /><F54/><W110/><G55/><T121/><D121/><U46/><E46/><V38/><F134/><W66/><G66/><T79/><D41/><U73/><E135/><V62/><F62/><W126/><G126/><T86/><D79/><U7/><E73/><V19/><F29/><W53/><G53/><T61/><D61/><U30/><E105/><V70/><F38/><W81/><G81/><T132/><D132/><U92/><E52/><V22/><F22/><W94/><G110/><T51/><D51/><U133/><E133/><V57/><F57/><W40/><G40/><T113/><D113/><U114/><E114/><V127/><F70/><W87/><G106/><T100/><D1/><U130/><E56/><V129/><F127/><W10/><G107/><T0/><D0/><U18/><REACH who="1" step="1"/><E130/><REACH who="1" ten="273,187,286,244" step="2"/><V47/><F47/><W117/><G117/><T124/><D2/><U118/><E118/><V4/><F129/><W34/><G34/><T24/><D124/><U37/><E37/><V102/><F4/><AGARI ba="0,1" hai="4,7,11,15,18,21,27,30,72,76,80,90,92,99" machi="4" ten="40,3900,0" yaku="1,1,53,1" doraHai="122" doraHaiUra="104" who="1" fromWho="2" sc="273,0,187,49,286,-39,244,0" /><INIT seed="5,1,0,2,5,72" ten="273,236,247,244" oya="1" hai0="92,10,125,18,96,78,7,127,129,11,119,103,25" hai1="45,117,115,48,83,0,22,1,87,128,116,59,75" hai2="101,52,60,3,40,66,63,24,37,42,88,69,86" hai3="93,8,82,21,14,73,90,123,91,12,120,104,61"/><U6/><E75/><V34/><F3/><W114/><G104/><T112/><D119/><U44/><E128/><V109/><F109/><W132/><G114/><T130/><D112/><U43/><E117/><V53/><F101/><W46/><G132/><T23/><D78/><U106/><E106/><V70/><F34/><W65/><G46/><T80/><D80/><U5/><E116/><V122/><F24/><W94/><G21/><T33/><D33/><U13/><E1/><V77/><F77/><W26/><G26/><T58/><D58/><U79/><E0/><V134/><F122/><W19/><G14/><N who="0" m="5471" /><D11/><U124/><E115/><V67/><F134/><W47/><G47/><N who="1" m="17994" /><E124/><AGARI ba="1,0" hai="18,23,25,92,96,103,124,125,127,129,130" m="5471" machi="124" ten="30,1000,0" yaku="18,1" doraHai="72" who="0" fromWho="1" sc="273,13,236,-13,247,0,244,0" /><INIT seed="6,0,0,4,4,56" ten="286,223,247,244" oya="2" hai0="103,94,12,41,107,68,21,4,117,91,126,129,95" hai1="108,62,13,105,45,54,6,44,9,38,89,115,35" hai2="73,82,133,125,76,34,128,80,26,58,127,84,119" hai3="29,51,120,55,112,65,14,97,43,15,118,40,16"/><V7/><F7/><W59/><G118/><T52/><D68/><U8/><E35/><V81/><F34/><W124/><G120/><T79/><D79/><U46/><E105/><V67/><F26/><W22/><G124/><N who="2" m="47689" /><F58/><W42/><G112/><T114/><D114/><U17/><E115/><V49/><F49/><W63/><G29/><T98/><D41/><U3/><E108/><V85/><F67/><W93/><G14/><T135/><D117/><U66/><E54/><V28/><F28/><W11/><G11/><N who="0" m="4199" /><D107/><U78/><E78/><N who="2" m="44111" /><F119/><W23/><G23/><T71/><D71/><U111/><E111/><V109/><F109/><W36/><G36/><T64/><D64/><U30/><E30/><V130/><F133/><W32/><G32/><T102/><D135/><U131/><E38/><V33/><F33/><W27/><G15/><T121/><D121/><U61/><E66/><V48/><F48/><W96/><REACH who="3" step="1"/><G93/><REACH who="3" ten="286,223,247,234" step="2"/><T122/><D21/><U60/><E131/><V113/><F113/><W77/><G77/><AGARI ba="0,1" hai="76,77,81,82,84,85,128,130" m="44111,47689" machi="77" ten="30,5800,0" yaku="18,1,34,2" doraHai="56" who="2" fromWho="3" sc="286,0,223,0,247,68,234,-58" owari="286,8.6,223,-17.7,315,41.5,176,-32.4" /></mjloggm>