<mjloggm ver="2.3"><GO type="225" lobby="0"/><UN n0="%E8%81%B7%E6%A5%AD%E3%80%81%E9%A2%A8%32" n1="%E5%80%89%E6%A9%8B%EF%BC%A0%E4%BA%8B%E5%8B%99" n2="%73%6C%69%63%6B%33%31%39" n3="%E5%B8%86%E7%AB%8B%E5%A4%8F%E8%A1%A3" dan="16,16,17,17" rate="2108.55,2130.68,2195.64,2170.82" sx="M,M,M,M"/><TAIKYOKU oya="0"/><INIT seed="0,0,0,5,3,76" ten="250,250,250,250" oya="0" hai0="2,77,42,102,75,96,122,119,9,94,99,19,55" hai1="29,40,5,18,70,57,22,35,51,67,3,64,11" hai2="121,73,112,28,132,114,135,97,60,108,95,47,20" hai3="44,105,15,83,92,93,27,8,38,13,100,24,69"/><T131/><D119/><U7/><E7/><V50/><F73/><W129/><G69/><T116/><D116/><U110/><E110/><V53/><F28/><W39/><G129/><T101/><D122/><U134/><E134/><N who="2" m="51243" /><F20/><W61/><G61/><T30/><D131/><U111/><E111/><V109/><F95/><W41/><G39/><T78/><D30/><U32/><E70/><V104/><F97/><W98/><G15/><T4/><D42/><U85/><E35/><V58/><F104/><W68/><G68/><T71/><D71/><U14/><E85/><V127/><F121/><W117/><G117/><T81/><D78/><U16/><E18/><V65/><F127/><W25/><REACH who="3" step="1"/><G83/><REACH who="3" ten="250,250,250,240" step="2"/><T36/><D36/><U48/><E40/><V80/><F80/><W66/><G66/><T106/><REACH who="0" step="1"/><D55/><REACH who="0" ten="240,250,250,240" step="2"/><N who="1" m="31975" /><E51/><V86/><F109/><W54/><G54/><T31/><D31/><U126/><E126/><V115/><F108/><W103/><G103/><T72/><D72/><U46/><E67/><V128/><F128/><W0/><G0/><T6/><D6/><AGARI ba="0,2" hai="6,8,13,24,25,27,38,41,44,92,93,98,100,105" machi="6" ten="40,1300,0" yaku="1,1,53,0" doraHai="76" doraHaiUra="34" who="3" fromWho="0" sc="240,-13,250,0,250,0,240,33" /><INIT seed="1,0,0,2,3,88" ten="227,250,250,273" oya="1" hai0="95,8,104,29,92,85,5,97,81,24,63,27,109" hai1="59,43,113,134,22,13,46,68,99,31,100,98,117" hai2="44,72,135,78,26,115,103,35,45,131,6,32,105" hai3="60,28,130,47,14,42,93,67,25,12,37,126,49"/><U11/><E113/><V48/><F131/><W34/><G126/><T65/><D109/><U127/><E117/><V106/><F135/><W79/><G130/><T33/><D27/><U114/><E68/><V19/><F115/><W38/><G79/><N who="0" m="46271" /><D8/><U89/><E114/><V112/><F112/><W55/><G93/><T15/><D15/><U66/><E127/><V76/><F6/><W91/><G91/><T111/><D111/><U73/><E73/><V54/><F19/><W52/><G55/><T4/><D4/><U116/><E134/><V61/><F61/><W36/><REACH who="3" step="1"/><G42/><REACH who="3" ten="227,250,250,263" step="2"/><T86/><D86/><U51/><E89/><V129/><F54/><W23/><G23/><T7/><D5/><U94/><E22/><V75/><F129/><W90/><G90/><T56/><D7/><U110/><E43/><V83/><F83/><W96/><G96/><T9/><D97/><U125/><E98/><V62/><F105/><W133/><G133/><T20/><D104/><U82/><E99/><V18/><F106/><W39/><N who="3" m="9216" /><DORA hai="128" /><W121/><G121/><T107/><D107/><U124/><E82/><V40/><F40/><W1/><G1/><T132/><D132/><U16/><E125/><V57/><F76/><W2/><G2/><T119/><D9/><U17/><E11/><V122/><F78/><W74/><G74/><T80/><D80/><U0/><E124/><V53/><F72/><W84/><G84/><T58/><D20/><U120/><E0/><V64/><F75/><W21/><G21/><T87/><D87/><U69/><E110/><V30/><F122/><RYUUKYOKU ba="0,1" sc="227,-10,250,-10,250,-10,263,30" hai3="12,14,25,28,34,47,49,52,60,67" /><INIT seed="2,1,1,5,3,67" ten="217,240,240,293" oya="2" hai0="5,91,45,78,21,89,130,75,116,113,12,135,99" hai1="41,15,104,8,20,65,64,35,76,85,100,80,58" hai2="61,23,73,101,11,60,42,112,52,120,123,102,32" hai3="13,74,95,134,97,106,127,9,72,109,128,92,87"/><V48/><F112/><W105/><G13/><T132/><D113/><U10/><E35/><V56/><F32/><W103/><G9/><T24/><D116/><U19/><E41/><V131/><F73/><N who="3" m="28267" /><G109/><T17/><D130/><U119/><E119/><V77/><F77/><W86/><G127/><T7/><D45/><U30/><E104/><N who="3" m="40042" /><G134/><N who="0" m="51243" /><D78/><U82/><E100/><V44/><F131/><W26/><G26/><T117/><D75/><U111/><E111/><V107/><F11/><W33/><G33/><T3/><D117/><U43/><E43/><V49/><F107/><N who="3" m="63983" /><G128/><T108/><D108/><U71/><E80/><V98/><F23/><W88/><G87/><T81/><D7/><U129/><E129/><V40/><F40/><W38/><G38/><T110/><D110/><U83/><E85/><V70/><F42/><W90/><G90/><N who="0" m="34315" /><D12/><U59/><E15/><V66/><F44/><W36/><G36/><T115/><D115/><U6/><E6/><V118/><F118/><W94/><AGARI ba="1,1" hai="86,88,92,94,95" m="63983,40042,28267" machi="94" ten="40,12000,2" yaku="35,5,54,1" doraHai="67" who="3" fromWho="3" sc="217,-31,240,-31,240,-61,293,133" /><INIT seed="3,0,0,3,3,73" ten="186,209,179,426" oya="3" hai0="127,45,50,114,108,98,63,15,88,47,111,85,113" hai1="93,46,53,129,55,81,74,91,40,96,57,134,118" hai2="109,121,62,95,33,82,48,86,10,83,9,6,18" hai3="22,104,38,94,76,56,35,133,43,77,123,128,14"/><W84/><G94/><N who="0" m="56647" /><D127/><U87/><E74/><V4/><F109/><N who="0" m="42058" /><D15/><U97/><E129/><V102/><F33/><W103/><G56/><T1/><D1/><U68/><E134/><V72/><F72/><W24/><G22/><T29/><D29/><U119/><E68/><V51/><F121/><W112/><G43/><N who="0" m="24895" /><D85/><U101/><E97/><N who="2" m="59711" /><F62/><W110/><G103/><T130/><D130/><U65/><E65/><V0/><F0/><W61/><G61/><T100/><D100/><U39/><E57/><V5/><F83/><W117/><G84/><T64/><D47/><U99/><E99/><V41/><F18/><W120/><G24/><T28/><D28/><U79/><E101/><V59/><F41/><W78/><G128/><T70/><AGARI ba="0,0" hai="63,64,70,113,114" m="24895,42058,56647" machi="70" ten="30,2000,0" yaku="14,1,54,1" doraHai="73" who="0" fromWho="0" sc="186,20,209,-5,179,-5,426,-10" owari="206,0.6,204,-19.6,174,-32.6,416,51.6" /></mjloggm>