<mjloggm ver="2.3"><GO type="225" lobby="0"/><UN n0="%E3%82%B7%E3%83%B3%E5%A4%AA%E6%9C%97" n1="%E3%81%8C%E3%81%9F" n2="%E3%81%BF%E3%81%BF%E3%81%9A" n3="%E9%80%9F%E6%B0%B4%E5%87%9B%E9%A6%99" dan="16,16,17,17" rate="2151.22,2157.88,2221.23,2191.24" sx="M,F,M,F"/><TAIKYOKU oya="0"/><INIT seed="0,0,0,4,4,73" ten="250,250,250,250" oya="0" hai0="59,48,71,100,74,120,131,52,39,87,23,113,49" hai1="31,62,38,50,130,81,29,32,104,13,26,115,119" hai2="122,76,60,43,75,80,55,11,27,123,28,107,51" hai3="86,65,25,93,94,112,33,45,4,132,41,129,101"/><T24/><D120/><U116/><E119/><V89/><F107/><W135/><G112/><T102/><D131/><U0/><E116/><V57/><F89/><W17/><G4/><T7/><D74/><U134/><E38/><V21/><REACH who="2" step="1"/><F11/><REACH who="2" ten="250,250,240,250" step="2"/><W64/><G129/><T121/><D113/><U14/><E104/><V72/><F72/><W114/><G114/><T36/><D102/><U124/><E115/><V109/><F109/><W97/><G135/><T22/><D100/><U106/><E134/><V83/><F83/><W10/><G132/><T90/><D121/><U69/><E106/><V40/><F40/><W34/><G10/><T6/><D39/><U110/><E130/><V127/><F127/><W46/><G41/><T82/><D36/><U56/><E110/><V117/><F117/><W61/><G101/><T95/><D71/><U66/><E69/><V91/><F91/><W18/><G94/><T84/><D48/><U128/><E128/><V85/><F85/><W111/><G86/><T108/><D108/><U67/><E124/><V125/><F125/><W58/><G111/><T133/><D133/><U53/><E81/><V54/><F54/><W3/><G93/><T16/><REACH who="0" step="1"/><D23/><REACH who="0" ten="240,250,240,250" step="2"/><U47/><E50/><V78/><F78/><AGARI ba="0,2" hai="6,7,16,22,24,49,52,59,78,82,84,87,90,95" machi="78" ten="30,24000,3" yaku="1,1,2,1,7,1,8,1,52,1,54,2,53,1" doraHai="73" doraHaiUra="15" who="0" fromWho="2" sc="240,260,250,0,240,-240,250,0" /><INIT seed="0,1,0,3,4,45" ten="500,250,0,250" oya="0" hai0="68,10,50,49,12,79,80,16,13,113,103,21,57" hai1="95,121,87,75,130,67,32,58,36,71,134,62,74" hai2="2,22,94,117,60,61,52,69,93,99,38,33,127" hai3="27,14,31,110,42,88,115,109,92,26,83,135,124"/><T76/><D113/><U39/><E121/><V48/><F33/><W78/><G115/><T90/><D68/><U89/><E32/><V29/><F38/><W17/><G42/><T63/><D103/><U132/><E130/><V28/><F2/><W112/><G112/><T44/><D90/><U35/><E35/><V64/><F127/><W70/><G70/><T98/><D98/><U123/><E123/><V55/><F117/><W41/><G41/><N who="0" m="24719" /><D50/><U120/><E120/><V11/><F11/><N who="3" m="6367" /><G31/><T6/><D80/><U20/><E20/><V96/><F22/><W116/><G116/><T81/><D81/><U100/><E100/><V8/><F8/><W5/><G5/><T119/><D119/><U131/><E131/><V77/><F77/><W19/><G19/><T4/><D4/><U54/><E39/><V43/><F43/><W85/><G135/><N who="1" m="51754" /><E36/><V73/><F73/><N who="3" m="43471" /><G124/><T65/><AGARI ba="1,0" hai="6,10,12,13,16,21,57,63,65,76,79" m="24719" machi="65" ten="30,6000,0" yaku="8,1,52,1,54,1" doraHai="45" who="0" fromWho="0" sc="500,63,250,-21,0,-21,250,-21" owari="563,66.3,229,2.9,-21,-52.1,229,-17.1" /></mjloggm>