<mjloggm ver="2.3"><GO type="225" lobby="0"/><UN n0="%E8%A8%88%E7%AE%97%E6%A9%9F%E8%87%AA%E7%84%B6" n1="%43%68%65" n2="%73%69%72%6F%75%74" n3="%E7%89%B9%E6%9D%B1%E3%81%AF%E4%B8%96%E7%95%8C%E3%82%92%E6%95%91%E3%81%86" dan="17,16,16,16" rate="2235.10,2165.50,2107.53,2149.05" sx="M,M,M,M"/><TAIKYOKU oya="0"/><INIT seed="0,0,0,5,3,92" ten="250,250,250,250" oya="0" hai0="75,52,45,66,56,126,111,33,29,130,79,51,40" hai1="30,16,7,99,15,76,133,0,42,97,62,117,94" hai2="24,82,13,23,3,98,74,68,12,59,39,35,61" hai3="17,6,119,81,88,69,26,107,67,101,109,84,103"/><T110/><D130/><U18/><E117/><V134/><F39/><W22/><G119/><T87/><D75/><U53/><E133/><V8/><F68/><W89/><G109/><N who="0" m="41483" /><D126/><U28/><E42/><V124/><F35/><W78/><G6/><T90/><D79/><U113/><E0/><V36/><F36/><W20/><G69/><T108/><N who="0" m="41491" /><T63/><DORA hai="77" /><D29/><N who="1" m="11371" /><E76/><V34/><F34/><W112/><G112/><T41/><D33/><U5/><E113/><V105/><F3/><W121/><G121/><T19/><D19/><N who="1" m="7211" /><E94/><AGARI ba="0,0" hai="40,41,45,51,52,56,63,66,87,90,94" m="41491" machi="94" ten="40,7700,0" yaku="14,1,10,1,54,1" doraHai="92,77" who="0" fromWho="1" sc="250,77,250,-77,250,0,250,0" /><INIT seed="0,1,0,4,3,121" ten="327,173,250,250" oya="0" hai0="116,66,117,72,87,35,91,108,77,5,6,23,50" hai1="37,24,118,89,79,11,63,59,48,133,49,15,110" hai2="30,40,1,31,124,111,52,43,100,119,51,67,26" hai3="38,44,122,69,68,54,10,131,88,74,106,113,64"/><T19/><D35/><U93/><E118/><V55/><F1/><W62/><G74/><T16/><D66/><U4/><E37/><V105/><F67/><W27/><G106/><T101/><D101/><U127/><E127/><V83/><F83/><W0/><G113/><T82/><D19/><U135/><E79/><V107/><F100/><W58/><G122/><T128/><D128/><U25/><E110/><V102/><F102/><W13/><G0/><T97/><D97/><U94/><E94/><V17/><F17/><W70/><G27/><N who="1" m="10314" /><E135/><V18/><F18/><W115/><G115/><T28/><D28/><U20/><E20/><V73/><F26/><W90/><G131/><T45/><D108/><U36/><E36/><V32/><F111/><W92/><G92/><T57/><D117/><U75/><E75/><V22/><F73/><W53/><G54/><N who="0" m="31959" /><D116/><U61/><E61/><V81/><F119/><W46/><G46/><T95/><D45/><U42/><E42/><V34/><F32/><W78/><G78/><T123/><D123/><U80/><E80/><V9/><F81/><W120/><G120/><T109/><D109/><U86/><E133/><V21/><F34/><W47/><G47/><T14/><AGARI ba="1,0" hai="5,6,14,16,23,72,77,82,87,91,95" m="31959" machi="14" ten="30,3000,0" yaku="25,1,54,1" doraHai="121" who="0" fromWho="0" sc="327,33,173,-11,250,-11,250,-11" /><INIT seed="0,2,0,5,3,55" ten="360,162,239,239" oya="0" hai0="67,121,57,78,86,12,34,105,94,97,13,23,72" hai1="48,132,80,10,42,20,109,77,135,124,15,31,116" hai2="1,102,87,79,104,63,24,60,134,91,131,50,36" hai3="6,39,0,101,125,108,25,120,32,117,76,110,33"/><T49/><D34/><U75/><E116/><V3/><F36/><W71/><G39/><T114/><D114/><U119/><E119/><V30/><F131/><W62/><G117/><T112/><D121/><U19/><E109/><V98/><F134/><W122/><G76/><T64/><D72/><U44/><E124/><V21/><F79/><W81/><G81/><N who="0" m="47415" /><D105/><U7/><REACH who="1" step="1"/><E31/><REACH who="1" ten="360,152,239,239" step="2"/><V26/><F1/><AGARI ba="2,1" hai="1,7,10,15,19,20,42,44,48,75,77,80,132,135" machi="1" ten="40,5200,0" yaku="1,1,2,1,53,1" doraHai="55" doraHaiUra="74" who="1" fromWho="2" sc="360,0,152,68,239,-58,239,0" /><INIT seed="1,0,0,4,0,78" ten="360,220,181,239" oya="1" hai0="39,134,24,98,131,38,62,72,83,118,19,123,6" hai1="34,85,108,74,135,15,1,94,129,0,133,97,77" hai2="66,107,120,84,2,9,121,65,5,89,45,41,122" hai3="52,80,64,58,79,48,91,93,23,109,59,33,20"/><U35/><E74/><V18/><F107/><W127/><G109/><T25/><D118/><U36/><E36/><V82/><REACH who="2" step="1"/><F18/><REACH who="2" ten="360,220,171,239" step="2"/><W12/><G127/><T28/><D19/><U102/><E108/><V103/><F103/><W40/><G33/><T124/><D124/><U60/><E129/><V31/><F31/><W16/><G40/><T114/><D28/><U57/><E35/><V21/><F21/><W73/><G23/><T113/><D131/><U115/><E34/><V128/><F128/><W22/><G20/><T46/><D113/><U53/><E115/><V104/><F104/><W17/><G17/><T119/><D114/><U69/><E135/><V55/><F55/><W44/><REACH who="3" step="1"/><G64/><REACH who="3" ten="360,220,171,229" step="2"/><T37/><D134/><U132/><E132/><V61/><F61/><W49/><G49/><AGARI ba="0,2" hai="2,5,9,41,45,49,65,66,82,84,89,120,121,122" machi="49" ten="40,2600,0" yaku="1,1,52,1,53,0" doraHai="78" doraHaiUra="70" who="2" fromWho="3" sc="360,0,220,0,171,46,229,-26" /><INIT seed="2,0,0,1,4,91" ten="360,220,217,203" oya="2" hai0="50,4,130,11,78,87,42,59,134,117,15,35,27" hai1="71,52,37,1,46,18,125,72,132,8,16,118,115" hai2="70,103,64,10,93,108,101,86,48,61,14,53,116" hai3="123,60,105,127,29,77,49,66,67,97,44,94,99"/><V23/><F116/><W75/><G123/><T19/><D130/><U2/><E118/><V65/><F108/><W122/><G122/><T25/><D35/><U12/><E115/><V40/><F40/><W74/><G127/><T34/><D34/><U82/><E71/><V98/><F103/><W110/><G110/><T96/><D134/><U7/><E132/><V120/><F120/><W58/><G67/><T38/><D38/><U32/><E32/><V68/><F23/><W54/><G77/><T24/><D96/><U0/><E125/><V56/><F86/><W69/><G29/><T126/><D126/><U114/><E114/><V107/><F65/><W104/><G69/><T131/><D131/><U13/><E13/><V57/><REACH who="2" step="1"/><F107/><REACH who="2" ten="360,220,207,203" step="2"/><W111/><G111/><T76/><D87/><U30/><E72/><V95/><F95/><W85/><G85/><T20/><D42/><U55/><E82/><V51/><F51/><W129/><G129/><T83/><D117/><U3/><E37/><V109/><F109/><W106/><REACH who="3" step="1"/><G99/><REACH who="3" ten="360,220,207,193" step="2"/><T33/><D83/><U39/><E39/><V28/><F28/><W81/><G81/><T92/><D76/><U6/><E30/><V36/><F36/><W88/><AGARI ba="0,2" hai="44,49,54,58,60,66,74,75,88,94,97,104,105,106" machi="88" ten="30,7900,0" yaku="1,1,0,1,52,1,54,1,53,0" doraHai="91" doraHaiUra="113" who="3" fromWho="3" sc="360,-20,220,-20,207,-39,193,99" /><INIT seed="3,0,0,2,4,104" ten="340,200,168,292" oya="3" hai0="98,110,48,9,45,132,131,134,53,25,30,92,114" hai1="113,81,8,44,15,39,24,7,10,72,116,16,37" hai2="26,56,20,47,76,61,1,87,27,106,117,111,80" hai3="103,34,133,129,43,79,55,23,93,35,107,88,99"/><W70/><G70/><T124/><D110/><U101/><E113/><V19/><F111/><W118/><G118/><T46/><D131/><U130/><E130/><V96/><F1/><W119/><G119/><T102/><D124/><U90/><E116/><V84/><F117/><W14/><G129/><T64/><D114/><U13/><E101/><V32/><F47/><W31/><G43/><T112/><D112/><U77/><E44/><V73/><F106/><W38/><G38/><T28/><D64/><U57/><E90/><V11/><F11/><W40/><G40/><T0/><D45/><U135/><E135/><N who="0" m="51753" /><D25/><U108/><E108/><V54/><REACH who="2" step="1"/><F96/><REACH who="2" ten="340,200,158,292" step="2"/><W115/><G133/><T50/><D0/><U60/><REACH who="1" step="1"/><E24/><REACH who="1" ten="340,190,158,292" step="2"/><V109/><F109/><W75/><G115/><T125/><D46/><U91/><E91/><V74/><F74/><W82/><G75/><T100/><D102/><U121/><E121/><V49/><F49/><W94/><G88/><T97/><D48/><U51/><E51/><V22/><F22/><W4/><G23/><T65/><D50/><U122/><E122/><V71/><F71/><W29/><G103/><T69/><D69/><U62/><E62/><V86/><F86/><W67/><G99/><T120/><D97/><U89/><E89/><V128/><F128/><W68/><G68/><T21/><D98/><U85/><E85/><V3/><F3/><W123/><G123/><T41/><D120/><U2/><E2/><V18/><F18/><W78/><G107/><T95/><D100/><U126/><E126/><V59/><F59/><W36/><G36/><RYUUKYOKU ba="0,2" sc="340,-15,190,15,158,15,292,-15" hai1="7,8,10,13,15,16,37,39,57,60,72,77,81" hai2="19,20,26,27,32,54,56,61,73,76,80,84,87" owari="345,44.5,205,-19.5,173,-32.7,277,7.7" /></mjloggm>