<mjloggm ver="2.3"><GO type="225" lobby="0"/><UN n0="%E3%83%B4%E3%83%A0%EF%BC%99%E3%81%A6" n1="%4D%50%43%32%38%30%30" n2="%E5%B8%86%E7%AB%8B%E5%A4%8F%E8%A1%A3" n3="%47%32%E9%BE%8D%E9%96%80" dan="17,16,17,16" rate="2198.40,2136.05,2140.66,2100.02" sx="M,M,M,M"/><TAIKYOKU oya="0"/><INIT seed="0,0,0,4,5,65" ten="250,250,250,250" oya="0" hai0="100,37,78,90,28,106,77,7,109,98,95,40,42" hai1="17,36,20,94,0,44,55,19,5,58,117,107,110" hai2="38,128,97,2,18,125,23,74,112,134,127,24,121" hai3="82,60,119,54,68,59,41,32,135,130,29,71,27"/><T132/><D28/><U50/><E107/><V56/><F112/><W21/><G119/><T80/><D7/><U115/><E117/><V66/><F121/><W103/><G130/><T79/><D37/><U49/><E115/><V72/><F128/><W4/><G135/><T11/><D11/><U101/><E110/><V47/><F134/><W120/><G120/><T12/><D12/><U88/><E101/><V31/><F2/><W114/><G114/><T122/><D122/><U129/><E129/><V14/><F97/><W39/><G4/><T99/><D132/><U105/><E105/><V126/><F56/><W131/><G131/><T61/><D109/><U104/><E104/><V10/><REACH who="2" step="1"/><F66/><REACH who="2" ten="250,250,240,250" step="2"/><W93/><G59/><T64/><REACH who="0" step="1"/><D80/><REACH who="0" ten="240,250,240,250" step="2"/><U48/><E0/><V62/><F62/><W43/><G60/><T53/><D53/><U34/><E55/><V52/><F52/><W69/><G82/><T3/><D3/><U75/><E36/><V111/><F111/><W16/><G39/><T70/><AGARI ba="0,2" hai="40,42,61,64,70,77,78,79,90,95,98,99,100,106" machi="70" ten="30,6000,0" yaku="1,1,0,1,52,1,53,0" doraHai="65" doraHaiUra="1" who="0" fromWho="0" sc="240,80,250,-20,240,-20,250,-20" /><INIT seed="0,1,0,3,2,87" ten="320,230,220,230" oya="0" hai0="133,25,81,122,130,57,52,82,75,107,129,90,18" hai1="112,85,111,50,47,26,7,24,5,76,63,58,51" hai2="132,123,16,17,56,79,104,0,22,96,20,32,19" hai3="84,36,116,2,115,6,103,48,86,13,124,109,108"/><T8/><D122/><U3/><E111/><N who="3" m="42570" /><G115/><T80/><D107/><U101/><E101/><V69/><F123/><W65/><G36/><T39/><D39/><U128/><E128/><N who="0" m="49257" /><D133/><U114/><E76/><V41/><F69/><W89/><G116/><T120/><D120/><U15/><E3/><V40/><F32/><W4/><G124/><T119/><D119/><U45/><E85/><V44/><F0/><W9/><G103/><T62/><D75/><U12/><E58/><V55/><F79/><W71/><G48/><T97/><D8/><U49/><E51/><N who="2" m="27015" /><F104/><W34/><G34/><T95/><D25/><U110/><E110/><V113/><F113/><W94/><G2/><T99/><D18/><U91/><REACH who="1" step="1"/><E63/><REACH who="1" ten="320,220,220,230" step="2"/><N who="2" m="36255" /><F132/><W66/><G71/><T23/><D97/><U68/><E68/><V67/><F67/><N who="3" m="25611" /><G84/><T42/><D42/><U106/><E106/><V93/><F41/><W54/><G54/><T83/><N who="0" m="20480" /><DORA hai="98" /><T29/><D99/><U1/><E1/><V73/><F73/><W88/><G89/><AGARI ba="1,1" hai="5,7,12,15,24,26,45,47,49,50,89,91,112,114" machi="89" ten="25,8000,1" yaku="1,1,22,2,52,2,53,0" doraHai="87,98" doraHaiUra="118,134" who="1" fromWho="3" sc="320,0,220,93,220,0,230,-83" /><AGARI ba="1,0" hai="16,17,19,20,22,89,93,96" m="36255,27015" machi="89" ten="30,3900,0" yaku="8,1,52,1,54,1" doraHai="87,98" who="2" fromWho="3" sc="320,0,313,0,220,39,147,-39" /><INIT seed="1,0,0,4,1,22" ten="320,313,259,108" oya="1" hai0="125,107,13,59,77,15,87,134,24,61,52,98,111" hai1="30,53,57,105,116,73,78,81,86,29,90,32,28" hai2="69,1,93,19,14,45,21,113,79,124,27,97,70" hai3="131,25,123,119,82,17,133,38,118,51,6,65,115"/><U91/><E116/><N who="3" m="44586" /><G123/><T110/><D125/><U50/><E105/><V34/><F124/><W76/><G38/><T47/><D134/><U122/><E122/><V37/><F113/><W44/><G115/><T5/><D47/><U36/><E36/><V18/><F1/><W62/><G133/><T74/><D74/><U117/><E117/><V71/><F79/><W58/><G131/><T99/><D77/><U11/><E11/><V4/><F4/><W108/><G108/><N who="0" m="41515" /><D87/><U3/><E3/><V89/><F34/><W67/><G6/><T112/><D112/><U96/><E96/><N who="0" m="36905" /><D5/><U104/><E104/><V75/><F75/><N who="3" m="43295" /><G67/><T0/><D0/><U31/><N who="1" m="7168" /><DORA hai="64" /><U60/><E32/><V55/><F55/><N who="3" m="30183" /><G17/><T106/><D106/><U109/><E109/><V92/><F92/><W128/><G128/><T129/><D107/><U80/><REACH who="1" step="1"/><E91/><REACH who="1" ten="320,303,259,108" step="2"/><V130/><F130/><W68/><G58/><T102/><D129/><U88/><E88/><V56/><F56/><W135/><G135/><T12/><D102/><U23/><E23/><V126/><F126/><W10/><G10/><T7/><D7/><U103/><E103/><V121/><F121/><W48/><G48/><AGARI ba="0,1" hai="48,50,53,57,60,73,78,80,81,86,90" m="7168" machi="48" ten="50,2400,0" yaku="1,1,53,0" doraHai="22,64" doraHaiUra="2,33" who="1" fromWho="3" sc="320,0,303,34,259,0,108,-24" /><INIT seed="1,1,0,0,3,48" ten="320,337,259,84" oya="1" hai0="128,33,108,73,27,125,93,95,91,56,50,84,110" hai1="80,61,8,89,54,135,90,57,97,124,101,30,62" hai2="83,116,46,106,44,19,67,122,102,123,47,51,98" hai3="10,3,22,43,2,117,71,118,115,36,17,59,20"/><U81/><E135/><V21/><F116/><N who="3" m="44651" /><G71/><T75/><D128/><U111/><E124/><V82/><F67/><W86/><G43/><T113/><D113/><U109/><E30/><V41/><F46/><W52/><G36/><T13/><D125/><U55/><E8/><V68/><F68/><W1/><G115/><T18/><D93/><U24/><E24/><V26/><F83/><N who="1" m="31817" /><E101/><V132/><F132/><W0/><G86/><T133/><D133/><U34/><E34/><V76/><REACH who="2" step="1"/><F47/><REACH who="2" ten="320,337,249,84" step="2"/><W107/><N who="3" m="0" /><DORA hai="78" /><W79/><G107/><T134/><D134/><U65/><E65/><V58/><F58/><W4/><G79/><T23/><D56/><U35/><E57/><V49/><F49/><N who="3" m="31119" /><G4/><T127/><D50/><U77/><E62/><V37/><F37/><W38/><G38/><T66/><D66/><U131/><E61/><V6/><F6/><W25/><G25/><T42/><D27/><U53/><E77/><V87/><AGARI ba="1,1" hai="19,21,26,41,44,51,76,82,87,98,102,106,122,123" machi="87" ten="20,5200,0" yaku="1,1,0,1,7,1,52,1,53,0" doraHai="48,78" doraHaiUra="112,60" who="2" fromWho="2" sc="320,-14,337,-27,249,65,84,-14" /><INIT seed="2,0,0,2,5,63" ten="306,310,314,70" oya="2" hai0="4,5,39,29,7,72,122,88,81,126,115,85,33" hai1="41,99,105,87,109,30,130,62,113,96,74,94,59" hai2="91,25,102,48,55,84,118,34,36,44,58,18,40" hai3="54,53,128,112,24,71,97,119,22,17,111,13,61"/><V68/><F118/><W73/><G119/><T42/><D122/><U77/><E113/><V121/><F121/><W76/><G112/><T6/><D115/><U125/><E41/><V32/><F102/><W57/><G111/><T19/><D126/><U95/><E30/><V47/><F68/><W120/><G120/><T78/><D4/><U107/><E109/><V135/><F135/><W92/><G128/><T11/><D33/><U79/><E74/><V37/><F37/><W103/><G71/><T2/><D29/><U133/><E133/><V60/><F18/><W65/><G73/><T26/><D26/><U106/><E130/><V23/><F23/><W89/><G76/><N who="1" m="29258" /><E59/><V64/><REACH who="2" step="1"/><F25/><REACH who="2" ten="306,310,304,70" step="2"/><W45/><G45/><N who="0" m="23775" /><D19/><U127/><E125/><V35/><F35/><W69/><G69/><T134/><D134/><U49/><E127/><V56/><F56/><W80/><REACH who="3" step="1"/><G24/><REACH who="3" ten="306,310,304,60" step="2"/><T108/><D108/><U132/><E132/><V8/><F8/><W116/><G116/><T101/><D101/><U83/><E107/><V82/><AGARI ba="0,2" hai="32,34,36,40,44,47,48,55,58,60,64,82,84,91" machi="82" ten="20,12000,1" yaku="1,1,0,1,7,1,52,1,53,1" doraHai="63" doraHaiUra="50" who="2" fromWho="2" sc="306,-40,310,-40,304,140,60,-40" /><INIT seed="2,1,0,4,1,126" ten="266,270,444,20" oya="2" hai0="48,70,31,75,91,12,65,2,94,61,73,13,98" hai1="125,88,32,109,113,22,42,128,34,85,130,117,116" hai2="131,5,26,57,107,27,63,133,134,30,106,62,79" hai3="81,124,92,115,84,41,80,103,10,69,114,71,23"/><V59/><F131/><N who="1" m="50217" /><E113/><N who="3" m="43018" /><G124/><T56/><D2/><U122/><E125/><V68/><F79/><W82/><G41/><T47/><D31/><U104/><E104/><V108/><F5/><W119/><G119/><N who="1" m="45642" /><E109/><V6/><F6/><W101/><G10/><T53/><D12/><U67/><E122/><V96/><F68/><N who="3" m="26187" /><G23/><T19/><REACH who="0" step="1"/><D70/><REACH who="0" ten="256,270,444,20" step="2"/><U121/><E121/><V110/><F30/><W33/><G33/><T129/><D129/><U51/><E67/><V52/><F110/><W49/><G49/><T1/><D1/><U87/><E34/><V74/><F108/><W14/><G14/><T44/><D44/><N who="1" m="26007" /><E32/><V29/><F107/><W35/><G35/><T39/><D39/><U93/><E22/><AGARI ba="1,1" hai="13,19,22,47,48,53,56,61,65,73,75,91,94,98" machi="22" ten="30,3900,0" yaku="1,1,7,1,53,1" doraHai="126" doraHaiUra="18" who="0" fromWho="1" sc="256,52,270,-42,444,0,20,0" /><INIT seed="3,0,0,5,1,4" ten="308,228,444,20" oya="3" hai0="1,41,34,133,24,23,124,106,121,9,92,11,135" hai1="0,100,53,55,36,67,49,125,17,105,94,25,27" hai2="85,5,118,131,117,114,56,96,21,66,52,42,81" hai3="31,128,29,32,80,54,110,113,33,79,90,98,3"/><W46/><G113/><T14/><D106/><U95/><E36/><V2/><F114/><W45/><G3/><T40/><D92/><U8/><E125/><V82/><F131/><W59/><G128/><T71/><D71/><U26/><E67/><V22/><F42/><W76/><G110/><T39/><D39/><U48/><E105/><V58/><F96/><W103/><G33/><T65/><D65/><U109/><E109/><V77/><F22/><W69/><G69/><T107/><D107/><U123/><E123/><V75/><F21/><W12/><G90/><T99/><D99/><U78/><E78/><V122/><F122/><W13/><G32/><T61/><D61/><U19/><E100/><V60/><F5/><W30/><G46/><T62/><D62/><U129/><E129/><V101/><F2/><W37/><G45/><T10/><D121/><U74/><E74/><V88/><F101/><W70/><G70/><T86/><D86/><U89/><E0/><V16/><F16/><N who="1" m="6217" /><E8/><N who="0" m="3177" /><D124/><U87/><E87/><V51/><AGARI ba="0,0" hai="51,52,56,58,60,66,75,77,81,82,85,88,117,118" machi="51" ten="20,5200,0" yaku="0,1,7,1,54,2" doraHai="4" who="2" fromWho="2" sc="308,-13,228,-13,444,52,20,-26" owari="295,9.5,215,-18.5,496,59.6,-6,-50.6" /></mjloggm>