<mjloggm ver="2.3"><GO type="225" lobby="0"/><UN n0="%EF%BC%B3%E3%81%9E%E3%81%88%E2%98%86" n1="%E3%83%AB%E3%83%9B%E3%83%B3%E3%83%87%E3%82%A3%E3%82%A8" n2="%E3%81%82%E3%81%99%E3%81%AB%E3%82%83%E3%82%80" n3="%33%74%72%65%65" dan="16,17,16,16" rate="2087.32,2153.52,2101.17,2151.78" sx="M,M,F,F"/><TAIKYOKU oya="0"/><INIT seed="0,0,0,3,2,104" ten="250,250,250,250" oya="0" hai0="56,33,77,110,128,15,25,46,2,27,123,29,89" hai1="69,113,68,51,82,95,115,44,87,35,42,119,134" hai2="70,57,99,133,7,64,14,106,40,38,18,17,32" hai3="10,52,83,105,61,125,102,59,49,26,72,22,118"/><T66/><D123/><U130/><E35/><V34/><F70/><W45/><G118/><T1/><D128/><U78/><E119/><V81/><F133/><W92/><G125/><T127/><D127/><U58/><E130/><V101/><F7/><W103/><G105/><T4/><D110/><U107/><E107/><V86/><F38/><W39/><G39/><T85/><D77/><U94/><E134/><V67/><F40/><W11/><G102/><T37/><D27/><U132/><E132/><V135/><F135/><W54/><G72/><T24/><D24/><U62/><E68/><V73/><F73/><W117/><G83/><T79/><D79/><U41/><E41/><V74/><F74/><W75/><G75/><T111/><D46/><U63/><E63/><V71/><F18/><W91/><G103/><T5/><D37/><U16/><E69/><V9/><F71/><W90/><G117/><T60/><D111/><U100/><E100/><V112/><F112/><N who="1" m="43081" /><E16/><V109/><F109/><W108/><G108/><T80/><REACH who="0" step="1"/><D15/><REACH who="0" ten="240,250,250,250" step="2"/><U31/><E31/><V114/><F114/><W21/><G26/><T43/><D43/><U13/><E13/><V50/><F32/><W3/><G3/><AGARI ba="0,1" hai="1,2,3,4,5,25,29,33,56,60,66,80,85,89" machi="3" ten="40,2000,0" yaku="1,1,53,0" doraHai="104" doraHaiUra="126" who="0" fromWho="3" sc="240,30,250,0,250,0,250,-20" /><INIT seed="0,1,0,0,1,34" ten="270,250,250,230" oya="0" hai0="78,131,96,127,55,107,103,23,98,35,68,30,111" hai1="60,0,88,53,116,38,37,63,59,85,135,16,95" hai2="126,32,43,45,65,31,24,72,106,87,84,19,20" hai3="71,64,27,4,130,69,28,125,132,33,129,73,1"/><T118/><D118/><U105/><E116/><V49/><F126/><W82/><G125/><T8/><D127/><U122/><E122/><V51/><F72/><W104/><G104/><T113/><D113/><U97/><E135/><V42/><F106/><W15/><G15/><T47/><D131/><N who="3" m="50185" /><G64/><T75/><D96/><U52/><E0/><V120/><F120/><W115/><G115/><T7/><D23/><U133/><E133/><V102/><F102/><W121/><G121/><T110/><D55/><U13/><E105/><V90/><F65/><W79/><G132/><T25/><D47/><U40/><E40/><V41/><F84/><W62/><G62/><T57/><D57/><N who="1" m="34855" /><E37/><V74/><F74/><W39/><G39/><T70/><D75/><U2/><E2/><V119/><F119/><W76/><G79/><T114/><D78/><U128/><E38/><V117/><F117/><W46/><G46/><T48/><D48/><U21/><E128/><V3/><F51/><W100/><G100/><T123/><D123/><U109/><E109/><N who="0" m="41481" /><D114/><U18/><E18/><V5/><F49/><W10/><AGARI ba="1,0" hai="1,4,10,27,28,33,69,71,73,76,82" m="50185" machi="10" ten="30,4000,0" yaku="19,1,23,1,52,1" doraHai="34" who="3" fromWho="3" sc="270,-21,250,-11,250,-11,230,43" /><INIT seed="1,0,0,1,0,95" ten="249,239,239,273" oya="1" hai0="62,72,100,39,1,81,8,51,23,9,69,77,130" hai1="18,19,115,92,103,2,80,112,94,75,91,58,26" hai2="68,106,55,78,50,27,30,99,119,7,132,44,135" hai3="29,15,11,131,57,22,128,46,53,123,54,59,3"/><U49/><E2/><V85/><F119/><W25/><G123/><T17/><D130/><N who="3" m="49705" /><G3/><T45/><D100/><U74/><E49/><V48/><F68/><W47/><G57/><T34/><D34/><U87/><E58/><V21/><F7/><N who="3" m="3583" /><G54/><T116/><D39/><U13/><E26/><V42/><F78/><W41/><G41/><T32/><D32/><U117/><E13/><V16/><F85/><W35/><G35/><T52/><D1/><U31/><E31/><V93/><F106/><W97/><G97/><T118/><D118/><U70/><E70/><V10/><F10/><W122/><G122/><T90/><D90/><U108/><E18/><V56/><REACH who="2" step="1"/><F30/><REACH who="2" ten="249,239,229,273" step="2"/><W4/><G4/><T134/><D116/><U101/><E117/><V113/><F113/><W127/><G127/><T28/><D28/><U60/><E112/><V36/><F36/><W96/><G96/><T124/><D124/><U79/><E115/><V86/><F86/><W14/><G14/><T38/><D38/><U71/><E71/><V24/><F24/><W126/><G126/><T107/><D107/><U109/><E75/><V129/><F129/><W114/><G114/><T104/><D104/><U5/><E5/><V67/><F67/><W88/><G25/><T120/><D120/><U102/><E19/><V111/><F111/><N who="1" m="42569" /><E60/><V76/><F76/><W43/><G29/><T40/><D69/><U98/><AGARI ba="0,1" hai="74,79,80,87,91,92,94,98,101,102,103" m="42569" machi="98" ten="30,12000,1" yaku="14,1,10,1,34,2,52,1" doraHai="95" who="1" fromWho="1" sc="249,-40,239,130,229,-40,273,-40" /><INIT seed="1,1,0,2,3,133" ten="209,369,189,233" oya="1" hai0="16,33,37,87,134,82,98,79,74,58,61,18,2" hai1="17,71,29,124,19,64,75,104,15,77,28,9,73" hai2="23,21,3,59,69,22,40,110,109,49,54,100,42" hai3="65,117,93,68,57,55,127,24,13,121,35,92,46"/><U129/><E104/><V52/><F69/><W83/><G121/><T31/><D134/><U10/><E71/><V113/><F3/><W53/><G117/><T8/><D37/><U63/><E77/><V44/><F100/><W11/><G68/><T115/><D115/><U45/><E45/><V105/><F105/><W102/><G35/><T99/><D2/><U76/><E76/><V30/><F30/><N who="1" m="11881" /><E63/><V95/><F95/><W12/><G46/><T112/><D112/><U67/><E15/><V26/><F26/><W4/><G13/><T72/><D8/><N who="1" m="3179" /><E129/><V130/><F130/><W66/><G12/><T81/><D79/><U106/><E106/><V56/><F113/><W27/><G27/><T116/><D61/><U78/><E78/><V5/><F5/><W14/><G24/><T20/><D74/><N who="1" m="28171" /><E124/><V39/><REACH who="2" step="1"/><F40/><REACH who="2" ten="209,369,179,233" step="2"/><W88/><G4/><T32/><D72/><U135/><E135/><V36/><F36/><W108/><G92/><T114/><D114/><U126/><E126/><V0/><F0/><W118/><G93/><T80/><D80/><U48/><E48/><AGARI ba="1,1" hai="21,22,23,39,42,44,48,49,52,54,56,59,109,110" machi="48" ten="40,5200,0" yaku="1,1,9,1,54,1,53,0" doraHai="133" doraHaiUra="91" who="2" fromWho="1" sc="209,0,369,-55,179,65,233,0" /><INIT seed="2,0,0,2,4,67" ten="209,314,244,233" oya="2" hai0="45,85,20,120,27,70,3,52,29,77,44,128,97" hai1="49,30,76,98,102,62,19,69,25,26,94,110,23" hai2="39,10,111,9,51,82,131,38,72,15,74,126,96" hai3="33,36,125,16,117,106,37,84,31,60,35,47,7"/><V91/><F131/><W14/><G117/><T95/><D120/><U87/><E110/><V105/><F126/><W50/><G125/><T86/><D128/><U104/><E49/><V34/><F34/><W109/><G109/><T18/><D3/><U121/><E121/><V108/><F51/><W43/><G106/><T41/><D70/><U65/><E76/><V119/><F15/><W133/><G133/><T132/><D132/><U12/><E87/><V8/><F8/><W127/><G127/><T90/><D41/><U116/><E116/><V32/><F32/><W101/><G101/><T63/><D29/><U130/><E130/><V89/><F96/><W68/><G84/><N who="0" m="32363" /><D77/><U54/><E54/><V57/><F57/><AGARI ba="0,0" hai="18,20,27,44,45,52,57,63,90,95,97" m="32363" machi="57" ten="30,3900,0" yaku="25,1,8,1,54,1" doraHai="67" who="0" fromWho="2" sc="209,39,314,0,244,-39,233,0" /><INIT seed="3,0,0,2,3,9" ten="248,314,205,233" oya="3" hai0="98,43,14,0,16,113,115,81,134,13,15,120,47" hai1="83,22,55,121,128,130,33,72,49,39,94,50,88" hai2="1,66,80,86,56,114,85,79,54,11,65,97,63" hai3="123,126,68,129,125,8,89,132,96,87,84,23,67"/><W36/><G123/><T34/><D120/><U45/><E33/><V90/><F114/><N who="0" m="43530" /><D34/><U17/><E121/><V74/><F74/><W110/><G132/><T135/><D0/><U118/><E118/><V32/><F32/><W103/><G129/><N who="1" m="49770" /><E83/><V41/><F41/><W60/><G36/><N who="0" m="21991" /><D98/><N who="1" m="57671" /><E72/><V102/><F1/><W101/><G110/><T24/><D81/><U4/><E4/><V111/><F111/><W52/><G125/><T100/><D100/><U99/><E99/><V77/><F77/><W31/><G101/><T78/><D78/><U42/><E55/><V62/><F62/><W69/><G52/><T35/><D35/><U40/><E40/><V2/><F2/><W21/><G126/><T91/><D91/><U61/><E61/><V122/><F122/><W46/><G89/><T71/><D71/><U58/><E58/><V112/><F112/><W107/><G68/><T133/><D24/><AGARI ba="0,0" hai="17,22,24,39,42,45,49,50" m="57671,49770" machi="24" ten="30,2000,0" yaku="19,1,54,1" doraHai="9" who="1" fromWho="0" sc="248,-20,314,20,205,0,233,0" owari="228,-17.2,334,43.4,205,-29.5,233,3.3" /></mjloggm>