<mjloggm ver="2.3"><GO type="225" lobby="0"/><UN n0="%4E%49%4A%49%49%52%4F" n1="%E3%83%AD%E3%83%83%E3%83%86%E9%9B%80%E7%90%83" n2="%E6%A1%9C%E8%8A%B1%E9%96%83%E3%80%85" n3="%E3%83%B4%E3%83%A0%EF%BC%99%E3%81%A6" dan="16,17,18,17" rate="2179.20,2184.40,2240.84,2186.40" sx="M,M,M,M"/><TAIKYOKU oya="0"/><INIT seed="0,0,0,0,1,132" ten="250,250,250,250" oya="0" hai0="11,10,41,74,92,57,44,120,102,6,83,24,21" hai1="113,110,46,58,40,76,45,86,55,107,49,80,25" hai2="118,117,8,114,68,43,5,56,72,12,36,3,97" hai3="88,133,32,103,51,18,116,99,35,131,77,64,79"/><T73/><D120/><U123/><E110/><V78/><F68/><W67/><G116/><T0/><D10/><U128/><E128/><V1/><F114/><W50/><G133/><T134/><D134/><U100/><E123/><V63/><F97/><W13/><G103/><T121/><D121/><U109/><E109/><V28/><F28/><W39/><G39/><T82/><D57/><U98/><E113/><V101/><F101/><W4/><G4/><T119/><D119/><N who="2" m="45578" /><F78/><W125/><G13/><T70/><D70/><U89/><E25/><V122/><F72/><W85/><G99/><T16/><D102/><U19/><E19/><V87/><F87/><W115/><G85/><T69/><D69/><U91/><REACH who="1" step="1"/><E46/><REACH who="1" ten="250,240,250,250" step="2"/><N who="2" m="23911" /><F122/><W96/><G18/><T37/><REACH who="0" step="1"/><D92/><REACH who="0" ten="240,240,250,250" step="2"/><U106/><E106/><V84/><F8/><W124/><G115/><T135/><D135/><U34/><E34/><V38/><F5/><W26/><G32/><T15/><D15/><U81/><E81/><AGARI ba="0,2" hai="0,6,11,16,21,24,37,41,44,73,74,81,82,83" machi="81" ten="40,7700,0" yaku="1,1,54,1,53,1" doraHai="132" doraHaiUra="17" who="0" fromWho="1" sc="240,97,240,-77,250,0,250,0" /><INIT seed="0,1,0,1,3,109" ten="337,163,250,250" oya="0" hai0="123,43,133,42,10,8,89,17,106,64,129,134,131" hai1="18,122,65,13,99,57,40,90,78,28,41,75,125" hai2="135,88,48,97,34,111,74,63,47,130,1,61,80" hai3="51,104,100,116,85,96,110,32,3,0,79,7,20"/><T77/><D106/><U87/><E125/><V36/><F111/><W69/><G110/><T118/><D123/><U15/><E122/><V68/><F36/><W82/><G116/><T107/><D118/><U94/><E75/><V53/><F130/><N who="0" m="49674" /><D107/><U132/><E132/><N who="0" m="50793" /><D77/><U44/><E28/><V45/><F34/><W101/><G32/><T16/><D64/><U30/><E30/><V56/><F1/><W21/><G100/><T5/><D89/><U22/><E15/><V71/><F74/><W26/><G69/><T105/><D105/><U49/><E41/><N who="0" m="15369" /><D10/><U66/><REACH who="1" step="1"/><E57/><REACH who="1" ten="337,153,250,250" step="2"/><V24/><F135/><W33/><G33/><T119/><D119/><U92/><E92/><N who="2" m="56455" /><F71/><W58/><G104/><T72/><D72/><U76/><E76/><V113/><F68/><W102/><G79/><T108/><D108/><U126/><E126/><V14/><F56/><W86/><G82/><AGARI ba="1,1" hai="13,18,22,40,44,49,65,66,78,82,87,90,94,99" machi="82" ten="40,2600,0" yaku="1,1,8,1,53,0" doraHai="109" doraHaiUra="127" who="1" fromWho="3" sc="337,0,153,39,250,0,250,-29" /><INIT seed="1,0,0,4,5,17" ten="337,192,250,221" oya="1" hai0="122,87,118,114,117,76,85,15,20,75,120,115,67" hai1="54,109,18,95,19,113,106,10,45,84,108,134,50" hai2="107,101,110,132,69,83,103,46,7,21,98,121,44" hai3="9,82,13,74,59,48,91,78,96,33,68,77,105"/><U0/><E113/><N who="0" m="43017" /><D20/><U36/><E134/><V37/><F121/><N who="0" m="46698" /><D15/><U89/><E106/><V29/><F110/><N who="1" m="42601" /><E36/><V16/><F29/><W128/><G68/><T5/><D5/><AGARI ba="0,0" hai="0,5,10,18,19,45,50,54,84,89,95" m="42601" machi="5" ten="30,2900,0" yaku="14,1,10,1" doraHai="17" who="1" fromWho="0" sc="337,-29,192,29,250,0,221,0" /><INIT seed="1,1,0,4,0,47" ten="308,221,250,221" oya="1" hai0="98,76,77,0,123,130,49,51,121,19,132,1,79" hai1="53,26,6,120,50,78,62,41,134,91,60,54,99" hai2="112,65,119,64,85,135,24,92,74,4,75,80,106" hai3="116,45,109,108,86,3,81,90,82,111,87,100,128"/><U18/><E120/><N who="0" m="46153" /><D132/><U16/><E134/><V115/><F135/><W15/><G3/><N who="0" m="1099" /><D130/><U71/><E6/><V101/><F4/><W107/><G15/><T20/><D98/><U73/><E78/><V22/><F119/><W52/><G128/><T37/><D37/><U88/><E73/><V131/><F106/><W34/><G34/><T43/><D43/><U25/><E71/><V63/><F92/><W126/><G126/><T9/><D9/><U10/><E41/><V33/><F101/><W57/><G45/><T21/><D21/><U58/><E99/><V66/><F33/><W42/><G42/><T97/><D97/><U30/><E10/><V38/><F38/><W69/><G69/><T125/><D125/><U40/><E40/><V28/><F63/><N who="1" m="24105" /><E54/><V95/><F131/><W48/><G116/><T17/><D17/><N who="1" m="6763" /><E30/><V118/><F118/><W29/><G29/><T124/><D124/><U55/><E55/><V72/><F66/><W122/><G122/><T127/><D127/><U96/><E96/><V39/><F39/><W56/><G107/><T110/><D110/><U13/><E13/><AGARI ba="1,0" hai="13,19,20,49,51,76,77,79" m="1099,46153" machi="13" ten="40,5200,0" yaku="13,1,52,2" doraHai="47" who="0" fromWho="1" sc="308,55,221,-55,250,0,221,0" /><INIT seed="2,0,0,1,4,3" ten="363,166,250,221" oya="2" hai0="127,99,19,116,12,10,72,121,5,6,90,32,62" hai1="77,55,18,113,94,36,38,7,130,109,98,9,56" hai2="34,107,135,81,61,23,92,104,115,33,84,79,30" hai3="68,117,0,22,40,60,125,75,17,89,52,74,45"/><V2/><F115/><W14/><G117/><T85/><D121/><U25/><E109/><V91/><F135/><W59/><G125/><T57/><D72/><U106/><E130/><V100/><F2/><W76/><G0/><T42/><D32/><U27/><E106/><V41/><F41/><W29/><G29/><T86/><D127/><U101/><E113/><V102/><F61/><W128/><G128/><T82/><D42/><U46/><E77/><V120/><F23/><W37/><G76/><N who="0" m="46279" /><D99/><U66/><E66/><V21/><F21/><W95/><REACH who="3" step="1"/><G68/><REACH who="3" ten="363,166,250,211" step="2"/><T124/><D124/><U83/><E38/><V67/><F30/><W44/><G44/><T1/><D1/><U78/><E46/><V108/><F120/><W129/><G129/><T53/><D116/><U31/><E36/><V123/><F123/><W132/><G132/><T13/><D13/><N who="1" m="5311" /><E31/><V4/><F79/><W105/><G105/><T110/><D110/><U8/><E78/><V51/><F108/><W69/><G69/><T24/><D24/><U26/><E26/><V28/><F28/><W80/><G80/><AGARI ba="0,1" hai="5,6,10,12,19,53,57,62,80,86,90" m="46279" machi="80" ten="30,3900,0" yaku="8,1,52,2" doraHai="3" who="0" fromWho="3" sc="363,49,166,0,250,0,211,-39" /><INIT seed="3,0,0,2,2,24" ten="412,166,250,172" oya="3" hai0="114,63,32,51,102,42,116,47,94,101,125,66,67" hai1="2,134,29,115,104,113,78,83,100,36,110,58,71" hai2="57,13,55,11,22,61,96,62,21,120,108,50,4" hai3="14,79,73,38,17,126,12,56,93,84,109,72,23"/><W52/><G38/><T10/><D125/><U37/><E58/><V97/><F108/><W131/><G126/><T74/><D116/><U20/><E20/><N who="2" m="7787" /><F120/><W75/><G109/><T45/><D74/><N who="1" m="43479" /><E110/><V28/><F28/><W31/><G31/><T124/><D94/><U18/><E18/><V46/><F62/><W25/><G131/><T85/><D85/><U48/><E48/><V39/><F39/><N who="1" m="14921" /><E29/><V41/><AGARI ba="0,0" hai="4,11,13,41,46,50,55,57,61,96,97" m="7787" machi="41" ten="30,1100,0" yaku="8,1" doraHai="24" who="2" fromWho="2" sc="412,-3,166,-3,250,11,172,-5" owari="409,50.9,163,-33.7,261,6.1,167,-23.3" /></mjloggm>