<mjloggm ver="2.3"><GO type="225" lobby="0"/><UN n0="%E6%B8%A9%E2%98%85%E6%83%85%E2%98%85%E6%8E%AA%E2%98%85%E7%BD%AE" n1="%6D%61%74%69%67%75%73%61" n2="%E6%A1%9C%E8%8A%B1%E9%96%83%E3%80%85" n3="%E3%83%99%E3%83%AB%E3%83%A2%E3%83%83%E3%83%88" dan="17,17,16,16" rate="2204.29,2211.31,2115.68,2111.01" sx="M,M,M,M"/><TAIKYOKU oya="0"/><INIT seed="0,0,0,0,4,111" ten="250,250,250,250" oya="0" hai0="68,92,94,16,114,130,133,117,10,81,18,57,21" hai1="96,0,29,69,43,90,112,73,1,42,122,4,116" hai2="120,102,78,32,119,54,19,115,26,53,58,82,62" hai3="74,38,2,127,44,105,50,66,22,11,31,36,88"/><T75/><D68/><U45/><E90/><V95/><F120/><W30/><G105/><T13/><D114/><U100/><E29/><V59/><F119/><W106/><G106/><T104/><D117/><U41/><E45/><V76/><F115/><W61/><G74/><T80/><D104/><U79/><E96/><N who="2" m="59679" /><F32/><W84/><G127/><T52/><D133/><U121/><E42/><V124/><F82/><N who="0" m="31850" /><D75/><U126/><E4/><V113/><F124/><W14/><G2/><T23/><D130/><U37/><E100/><V8/><F113/><W109/><G109/><T97/><D97/><U86/><E86/><V107/><F107/><W6/><G22/><N who="0" m="8203" /><D18/><U27/><E112/><V56/><F26/><W72/><G72/><T108/><D108/><U55/><E73/><V7/><F7/><W12/><G38/><T3/><D3/><U132/><E37/><V51/><F58/><W99/><G99/><T28/><D28/><U9/><E69/><V39/><F39/><W34/><G36/><T15/><D13/><AGARI ba="0,0" hai="8,13,19,51,53,54,56,59,62,76,78" m="59679" machi="13" ten="30,1000,0" yaku="8,1" doraHai="111" who="2" fromWho="0" sc="250,-10,250,0,250,10,250,0" /><INIT seed="1,0,0,0,3,126" ten="240,250,260,250" oya="1" hai0="90,22,77,61,76,39,68,3,43,60,17,84,81" hai1="70,46,78,80,14,28,24,53,4,9,86,73,56" hai2="66,74,98,38,58,109,100,117,69,134,133,2,40" hai3="124,118,103,30,115,44,5,62,96,107,29,7,105"/><U114/><E70/><V32/><F117/><W122/><G124/><T83/><D3/><U21/><E114/><V110/><F74/><W23/><G115/><T10/><D10/><U125/><E125/><V57/><F32/><W88/><G107/><T94/><D39/><U85/><REACH who="1" step="1"/><E46/><REACH who="1" ten="240,240,260,250" step="2"/><V50/><F69/><W42/><G118/><T102/><D68/><U15/><E15/><V123/><F2/><W47/><G47/><T0/><D0/><U64/><E64/><V11/><F66/><W16/><G122/><T51/><D43/><U129/><E129/><V20/><F40/><W130/><G44/><T104/><D51/><AGARI ba="0,1" hai="4,9,14,21,24,28,51,53,56,73,78,80,85,86" machi="51" ten="30,2900,0" yaku="1,1,7,1,53,0" doraHai="126" doraHaiUra="127" who="1" fromWho="0" sc="240,-29,240,39,260,0,250,0" /><INIT seed="1,1,0,4,0,111" ten="211,279,260,250" oya="1" hai0="105,4,70,49,13,24,3,6,68,25,34,59,46" hai1="133,21,66,48,43,121,44,16,110,131,5,57,78" hai2="17,31,126,83,99,134,72,117,39,29,73,109,41" hai3="107,9,71,86,129,89,104,10,127,67,45,62,7"/><U92/><E121/><V116/><F109/><W69/><G127/><T33/><D105/><U63/><E110/><V106/><F126/><W97/><G71/><T91/><D3/><U82/><E131/><V94/><F106/><W19/><G129/><T22/><D59/><U27/><E133/><V52/><F134/><W84/><G84/><T14/><D91/><U2/><E2/><V120/><F120/><W123/><G123/><T95/><D95/><U102/><E5/><V79/><F72/><W90/><G90/><T112/><D49/><U15/><E92/><V87/><F73/><W85/><G85/><T77/><D22/><U98/><E98/><V64/><F64/><W130/><G130/><T20/><D20/><U42/><E102/><V80/><F17/><W47/><G19/><T101/><D46/><U100/><E100/><V74/><F52/><W118/><G118/><T0/><D0/><U61/><E61/><V12/><F12/><W56/><G69/><T30/><D101/><U38/><E15/><V119/><F94/><N who="3" m="54583" /><G10/><T32/><D32/><U128/><E128/><V26/><F99/><W51/><G97/><T65/><D65/><U28/><E16/><V36/><F26/><W55/><G47/><T1/><D1/><U81/><E78/><N who="2" m="46583" /><F39/><W132/><G132/><T88/><D77/><U58/><E58/><V37/><F37/><W114/><G114/><T54/><D112/><U8/><E8/><V60/><F60/><W125/><G125/><T76/><D76/><U113/><E113/><V11/><F11/><W75/><G75/><T124/><D124/><RYUUKYOKU ba="1,0" sc="211,-30,279,10,260,10,250,10" hai1="21,27,28,38,42,43,44,48,57,63,66,81,82" hai2="29,31,36,41,74,79,80,116,117,119" hai3="7,9,45,51,55,56,62,67,104,107" /><INIT seed="1,2,0,4,1,115" ten="181,289,270,260" oya="1" hai0="40,22,90,17,131,125,92,114,66,123,47,43,68" hai1="4,42,119,26,132,10,32,74,67,85,133,86,29" hai2="71,55,57,78,93,127,52,95,27,63,39,116,88" hai3="65,25,35,12,107,38,113,3,46,134,135,104,118"/><U81/><E67/><V58/><F127/><W80/><G3/><T69/><D114/><U45/><E119/><V23/><F116/><W89/><G113/><T44/><D125/><U96/><E96/><V62/><F71/><W48/><G38/><T121/><D131/><U5/><E74/><V97/><F39/><W84/><G65/><T30/><D30/><U50/><E85/><V73/><F95/><W11/><G25/><T117/><D117/><U60/><E60/><V31/><F73/><W75/><G35/><T101/><D101/><U14/><REACH who="1" step="1"/><E4/><REACH who="1" ten="181,279,270,260" step="2"/><V72/><F72/><W77/><G75/><T79/><D66/><U128/><E128/><V51/><F78/><AGARI ba="2,1" hai="5,10,14,26,29,32,42,45,50,78,81,86,132,133" machi="78" ten="40,12000,1" yaku="1,1,25,2,53,1" doraHai="115" doraHaiUra="7" who="1" fromWho="2" sc="181,0,279,136,270,-126,260,0" /><INIT seed="1,3,0,1,4,104" ten="181,415,144,260" oya="1" hai0="28,131,83,111,82,101,130,55,68,9,54,94,75" hai1="121,18,51,31,106,124,112,21,57,129,69,12,0" hai2="53,25,11,7,87,29,114,93,40,122,110,13,27" hai3="100,23,72,123,60,61,37,117,26,38,90,59,134"/><U50/><E112/><V73/><F122/><W65/><G123/><T80/><D68/><U98/><E121/><V34/><F110/><W16/><G100/><T132/><D111/><U113/><E69/><V133/><F133/><W58/><G134/><T64/><D64/><U135/><E135/><V17/><F114/><W95/><G72/><T88/><D101/><U96/><E129/><N who="0" m="49161" /><D132/><U97/><E124/><V79/><F40/><W14/><G14/><T74/><D28/><U35/><E106/><V36/><F36/><W119/><G38/><T115/><D115/><U128/><E128/><V52/><F93/><W1/><G37/><T105/><D105/><U120/><E120/><V81/><REACH who="2" step="1"/><F87/><REACH who="2" ten="181,415,134,260" step="2"/><W76/><G1/><T4/><D55/><U32/><E113/><V44/><F44/><W84/><REACH who="3" step="1"/><G76/><REACH who="3" ten="181,415,134,250" step="2"/><T46/><D75/><U47/><E0/><V118/><F118/><W103/><G103/><T56/><D74/><U78/><E78/><V127/><F127/><W67/><AGARI ba="3,2" hai="16,23,26,58,59,60,61,65,67,84,90,95,117,119" machi="67" ten="30,7900,0" yaku="1,1,0,1,9,1,54,1,53,0" doraHai="104" doraHaiUra="92" who="3" fromWho="3" sc="181,-23,415,-42,134,-23,250,108" /><INIT seed="2,0,0,4,4,2" ten="158,373,111,358" oya="2" hai0="50,124,39,107,83,38,125,99,80,67,3,46,62" hai1="17,58,127,95,76,20,49,23,18,30,81,57,87" hai2="68,51,4,35,105,135,70,91,115,1,108,44,60" hai3="106,110,129,43,12,63,79,61,64,89,117,84,130"/><V109/><F115/><W32/><G32/><T33/><D33/><U134/><E127/><N who="0" m="48713" /><D3/><U29/><E134/><V19/><F135/><W53/><G106/><T86/><D99/><U121/><E121/><V45/><F105/><W97/><G110/><N who="2" m="42601" /><F35/><W47/><G97/><T74/><D74/><U82/><E95/><V25/><F91/><W6/><G79/><N who="0" m="46367" /><D83/><U0/><E0/><V112/><F112/><W72/><G72/><T94/><D94/><U102/><E102/><V126/><F126/><W69/><G117/><T40/><D107/><U9/><E87/><V48/><F19/><W128/><G63/><T78/><D78/><U65/><E76/><V101/><F25/><W132/><G132/><T24/><D24/><U85/><E85/><V114/><F101/><W133/><G133/><T55/><D40/><U42/><E42/><N who="2" m="24599" /><F60/><W123/><G89/><T34/><D34/><U98/><E98/><V104/><F104/><W26/><G26/><T27/><D27/><U36/><E82/><V92/><F92/><W119/><G84/><T120/><D120/><U10/><E81/><V75/><F75/><W54/><G123/><T90/><D90/><U111/><E111/><V22/><F114/><W59/><G119/><T100/><D100/><U21/><E18/><V113/><F113/><W37/><G12/><T52/><D67/><U66/><E65/><V71/><F22/><W13/><G64/><T41/><D62/><U93/><E66/><V8/><F70/><W118/><G69/><T31/><D31/><N who="1" m="11787" /><E93/><V28/><F28/><W56/><G118/><T122/><D122/><RYUUKYOKU ba="0,0" sc="158,15,373,-15,111,15,358,-15" hai0="38,39,41,46,50,52,55" hai2="1,4,8,45,51,68,71" /><INIT seed="2,1,0,2,3,53" ten="173,358,126,343" oya="2" hai0="61,16,75,111,44,36,59,130,115,21,10,89,45" hai1="110,42,79,133,72,117,82,33,14,125,109,48,60" hai2="99,134,7,65,3,69,102,62,123,84,27,13,122" hai3="131,46,94,126,91,0,95,20,51,2,52,24,88"/><V100/><F134/><W19/><G126/><T66/><D115/><U11/><E117/><V41/><F3/><W22/><G131/><T30/><D75/><U128/><E33/><V98/><F41/><W76/><G76/><T12/><D130/><U71/><E128/><V64/><F84/><W47/><G47/><T104/><D104/><U119/><E119/><V28/><F65/><W32/><G32/><T74/><D74/><U17/><E125/><V56/><F69/><W127/><G127/><T107/><D107/><U121/><E121/><V67/><F67/><W39/><G39/><T26/><D111/><U103/><E103/><N who="2" m="39467" /><F123/><W93/><G22/><T132/><D36/><U77/><E133/><V54/><F64/><W68/><G68/><T40/><D132/><U55/><E42/><V78/><F78/><W1/><AGARI ba="1,0" hai="0,1,2,19,20,24,46,51,52,88,91,93,94,95" machi="1" ten="40,5200,0" yaku="0,1,54,2" doraHai="53" who="3" fromWho="3" sc="173,-14,358,-14,126,-27,343,55" /><INIT seed="3,0,0,1,4,104" ten="159,344,99,398" oya="3" hai0="34,131,110,56,116,37,133,0,88,58,93,74,52" hai1="51,108,57,107,91,86,28,102,114,129,20,132,11" hai2="49,113,25,48,4,84,100,42,9,55,127,53,126" hai3="13,47,44,50,21,29,83,14,72,80,92,119,69"/><W90/><G69/><T81/><D37/><U65/><E114/><V96/><F113/><W61/><G61/><T62/><D0/><U134/><E108/><V120/><F84/><W68/><G68/><T6/><D34/><U1/><E129/><V101/><F25/><N who="3" m="16559" /><G72/><T40/><D131/><U135/><E107/><V98/><F9/><W99/><G47/><T130/><D133/><U123/><E102/><V23/><F23/><W109/><G109/><T54/><D116/><U125/><E123/><V117/><F4/><W105/><G105/><T78/><D40/><U122/><E122/><V112/><F112/><W7/><G119/><T18/><D110/><U36/><E36/><V124/><F120/><W103/><G103/><N who="2" m="39497" /><F42/><W77/><G77/><T115/><D6/><U30/><E20/><V46/><F46/><W22/><G22/><T97/><D130/><U79/><E79/><V66/><F66/><W3/><G3/><T26/><D115/><U5/><E125/><N who="2" m="32003" /><V32/><DORA hai="15" /><F32/><W12/><G7/><T67/><D26/><U19/><E28/><V106/><F106/><W33/><G33/><T121/><D121/><U59/><E30/><V87/><F87/><W118/><G118/><T95/><D67/><U38/><E38/><V8/><F8/><W75/><G75/><T39/><D74/><U41/><E65/><V24/><F24/><W70/><G70/><T45/><D45/><U16/><E41/><AGARI ba="0,0" hai="12,13,14,41,44,50,80,83,90,92,99" m="16559" machi="41" ten="30,1500,0" yaku="8,1" doraHai="104,15" who="3" fromWho="1" sc="159,0,344,-15,99,0,398,15" owari="159,-24.1,329,12.9,99,-40.1,413,51.3" /></mjloggm>