<mjloggm ver="2.3"><GO type="225" lobby="0"/><UN n0="%33%74%72%65%65" n1="%E3%81%88%E3%82%80%E3%81%82%E3%83%BC%E3%82%8B" n2="%E3%82%A2%E3%83%A1%E3%82%A2%E3%83%A9%E3%83%AC" n3="%52%61%69%61%6E%2E" dan="16,16,16,16" rate="2094.67,2147.59,2047.75,2057.67" sx="F,M,M,M"/><TAIKYOKU oya="0"/><INIT seed="0,0,0,3,3,133" ten="250,250,250,250" oya="0" hai0="93,41,88,26,116,80,57,75,96,97,52,53,48" hai1="79,63,121,0,12,1,99,2,65,59,95,120,113" hai2="90,7,81,67,118,66,16,23,85,109,45,37,15" hai3="9,124,55,36,70,111,127,128,40,6,35,102,38"/><T94/><D116/><U5/><E113/><V33/><F109/><W98/><G70/><T73/><D41/><U29/><E79/><V100/><F118/><W3/><G35/><T87/><D26/><U44/><E44/><V24/><F100/><W92/><G111/><T8/><D8/><U110/><E110/><V78/><F7/><W64/><G64/><T18/><D18/><U103/><E12/><V106/><F106/><W108/><G108/><T27/><D27/><U21/><REACH who="1" step="1"/><E5/><REACH who="1" ten="250,240,250,250" step="2"/><V60/><F45/><W13/><G128/><T25/><D25/><AGARI ba="0,1" hai="0,1,2,21,25,29,59,63,65,95,99,103,120,121" machi="25" ten="40,8000,1" yaku="1,1,2,1,25,2,53,0" doraHai="133" doraHaiUra="115" who="1" fromWho="0" sc="250,-80,240,90,250,0,250,0" /><INIT seed="1,0,0,2,4,97" ten="170,330,250,250" oya="1" hai0="20,89,124,85,123,103,105,52,134,115,130,65,93" hai1="111,3,71,133,23,49,8,39,38,68,78,135,86" hai2="44,54,96,74,129,16,90,14,88,12,4,42,37" hai3="26,125,108,64,106,55,109,131,13,121,27,48,80"/><U120/><E23/><V15/><F129/><W51/><G121/><T99/><D130/><U24/><E24/><N who="3" m="9258" /><G131/><T75/><D115/><U107/><E86/><V63/><F74/><W67/><G106/><T2/><D123/><U61/><E78/><V22/><F4/><W102/><G13/><T59/><D134/><N who="1" m="51211" /><E8/><V122/><F122/><W11/><G11/><T40/><D124/><U5/><E5/><V41/><F41/><W9/><G9/><T101/><D20/><U45/><E107/><V79/><F79/><W21/><G21/><T119/><D119/><U81/><E81/><V95/><REACH who="2" step="1"/><F90/><REACH who="2" ten="170,330,240,250" step="2"/><W17/><G125/><T91/><D75/><U66/><E120/><V36/><F36/><N who="1" m="13865" /><E3/><V35/><F35/><W92/><G109/><T114/><D2/><U87/><E87/><V57/><AGARI ba="0,1" hai="12,14,15,16,22,37,42,44,54,57,63,88,95,96" machi="57" ten="30,7900,0" yaku="1,1,0,1,54,2,53,0" doraHai="97" doraHaiUra="28" who="2" fromWho="2" sc="170,-20,330,-39,240,89,250,-20" /><INIT seed="2,0,0,1,0,38" ten="150,291,329,230" oya="2" hai0="54,130,127,97,47,25,29,81,118,106,76,44,58" hai1="74,131,119,20,63,35,111,56,50,6,0,12,114" hai2="79,28,108,104,112,85,129,101,13,80,15,92,135" hai3="123,99,9,8,49,55,57,59,125,21,110,107,78"/><V31/><F112/><W51/><G123/><T30/><D130/><U83/><E35/><V120/><F120/><W17/><G110/><T103/><D127/><U37/><E37/><V39/><F129/><W52/><G125/><T53/><D118/><U71/><E131/><V34/><F39/><W121/><G121/><T10/><D10/><U19/><E71/><V36/><F36/><W41/><G78/><T60/><D53/><U96/><E111/><V88/><F135/><W61/><G107/><T67/><D54/><U48/><E114/><V62/><F62/><W128/><G99/><T27/><D25/><U105/><E0/><V22/><F34/><W32/><G32/><T26/><D27/><U90/><E6/><V93/><F93/><W65/><G128/><T122/><D122/><U14/><E14/><N who="2" m="5131" /><F22/><W70/><REACH who="3" step="1"/><G41/><REACH who="3" ten="150,291,329,220" step="2"/><T109/><D109/><U7/><E105/><V98/><F108/><W117/><G117/><T133/><D133/><U116/><E119/><V75/><AGARI ba="0,1" hai="28,31,75,79,80,85,88,92,98,101,104" m="5131" machi="75" ten="30,3000,0" yaku="24,1,54,1" doraHai="38" who="2" fromWho="2" sc="150,-10,291,-10,329,40,220,-10" /><INIT seed="2,1,0,3,3,110" ten="140,281,369,210" oya="2" hai0="26,25,18,13,130,55,117,105,39,100,71,98,76" hai1="120,49,48,42,28,66,70,111,23,20,84,10,90" hai2="1,56,69,44,29,91,133,5,67,7,129,15,99" hai3="102,2,31,78,59,127,43,53,109,116,87,104,50"/><V72/><F72/><W8/><G116/><T106/><D117/><U132/><E111/><V24/><F1/><W128/><G109/><T22/><D130/><U64/><E132/><V33/><F69/><W113/><G128/><T65/><D106/><U61/><E66/><V135/><F129/><W114/><G127/><T134/><D134/><N who="2" m="51210" /><F44/><W119/><G119/><T75/><D39/><U34/><E120/><V74/><F15/><W89/><G31/><T45/><D65/><U38/><E38/><V60/><F74/><W112/><G43/><T58/><D45/><U83/><E42/><V96/><F91/><W3/><G78/><T123/><D71/><U93/><E10/><V36/><F36/><W6/><G2/><T35/><D123/><U41/><E41/><V30/><F29/><W21/><G21/><T121/><D121/><U88/><E34/><V80/><F80/><N who="3" m="49383" /><G104/><T101/><D101/><AGARI ba="1,0" hai="3,6,8,50,53,59,101,102,112,113,114" m="49383" machi="101" ten="30,7700,0" yaku="11,1,52,3" doraHai="110" who="3" fromWho="0" sc="140,-80,281,0,369,0,210,80" /><INIT seed="3,0,0,3,0,36" ten="60,281,369,290" oya="3" hai0="121,4,96,62,113,65,120,25,84,45,124,69,8" hai1="90,64,85,94,15,130,52,71,104,111,97,50,67" hai2="23,58,46,48,31,38,82,125,44,135,22,28,13" hai3="87,73,55,60,37,6,1,5,81,105,70,43,53"/><W35/><G35/><T110/><D110/><U54/><E111/><V103/><F135/><W29/><G105/><T26/><D124/><U92/><E104/><V114/><F114/><W10/><G29/><T32/><D113/><U18/><E130/><V74/><F125/><W40/><G6/><T109/><D109/><U79/><E71/><V61/><F103/><W126/><G126/><T39/><D84/><U88/><E79/><V30/><F38/><W59/><G70/><T14/><D26/><U83/><E54/><N who="2" m="34007" /><F74/><W76/><G37/><T17/><D96/><U108/><E108/><V122/><F82/><W133/><G133/><T63/><D63/><U72/><E72/><V57/><F122/><W9/><G9/><T34/><D34/><U49/><E49/><V27/><F57/><W41/><REACH who="3" step="1"/><G73/><REACH who="3" ten="60,281,369,280" step="2"/><T99/><D99/><U106/><E106/><V66/><F30/><W68/><G68/><T51/><D39/><U132/><E132/><V127/><F28/><W2/><G2/><T12/><D32/><U16/><E92/><V86/><F31/><W42/><N who="3" m="10240" /><DORA hai="75" /><W78/><G78/><T131/><D131/><U24/><E24/><V128/><F27/><W112/><G112/><T56/><D25/><U21/><E18/><V3/><F3/><W119/><G119/><T89/><D69/><U7/><E7/><V129/><F127/><W116/><G116/><T118/><D118/><U47/><AGARI ba="0,1" hai="15,16,21,47,50,52,64,67,83,85,88,90,94,97" machi="47" ten="20,12000,2" yaku="0,1,7,1,8,1,54,3" doraHai="36,75" who="1" fromWho="1" sc="60,-30,281,130,369,-30,280,-60" owari="30,-47.0,411,51.1,339,13.9,220,-18.0" /></mjloggm>