<mjloggm ver="2.3"><GO type="225" lobby="0"/><UN n0="%E3%83%97%E3%83%AC%E3%83%B4%E3%82%A1%E3%83%86%E3%82%A3" n1="%E3%81%99%E3%81%84%E3%81%BE%E3%81%9B%E3%83%BC%E3%82%93" n2="%77%72%77%72%77%72%77%72" n3="%E5%8D%A0%E3%81%84%E5%B8%AB%E8%A3%8F%E3%81%AA%E3%81%84%E3%81%97" dan="16,17,16,16" rate="2079.32,2239.52,2223.30,2159.69" sx="F,M,M,M"/><TAIKYOKU oya="0"/><INIT seed="0,0,0,3,2,13" ten="250,250,250,250" oya="0" hai0="100,124,73,54,20,114,28,77,5,134,89,19,49" hai1="29,103,47,32,3,17,90,10,107,118,36,12,97" hai2="71,128,22,37,75,33,2,104,120,96,109,42,55" hai3="58,65,76,6,121,78,8,110,15,63,48,112,43"/><T50/><D114/><U31/><E118/><V119/><RYUUKYOKU type="yao9" ba="0,0" sc="250,0,250,0,250,0,250,0" hai2="2,22,33,37,42,55,71,75,96,104,109,119,120,128" /><INIT seed="0,1,0,3,2,77" ten="250,250,250,250" oya="0" hai0="133,125,129,126,20,109,26,34,61,65,17,49,75" hai1="27,105,16,78,120,110,88,5,79,80,106,43,28" hai2="94,76,124,38,70,99,121,66,60,33,46,41,116" hai3="62,35,113,82,134,130,12,45,23,87,32,7,128"/><T24/><D75/><U54/><E120/><V111/><F121/><W40/><G113/><T2/><D2/><U73/><E110/><V48/><F111/><W118/><G118/><T107/><D109/><U57/><E5/><V100/><F116/><W131/><G62/><T74/><D74/><U4/><E4/><V58/><F124/><N who="0" m="47722" /><D107/><U83/><E43/><V64/><F33/><W39/><G134/><T102/><D102/><U72/><E88/><V119/><F119/><W21/><G21/><T93/><D93/><U104/><E16/><V59/><F76/><N who="3" m="46535" /><G23/><T132/><D49/><U51/><E106/><V56/><REACH who="2" step="1"/><F66/><REACH who="2" ten="250,250,240,250" step="2"/><W135/><G135/><N who="0" m="51787" /><D34/><AGARI ba="1,1" hai="27,28,34,51,54,57,72,73,78,79,80,83,104,105" machi="34" ten="30,7700,0" yaku="7,1,9,1,52,2" doraHai="77" who="1" fromWho="0" sc="250,-80,250,90,240,0,250,0" /><INIT seed="1,0,0,4,1,38" ten="170,340,240,250" oya="1" hai0="119,49,56,9,125,121,100,109,80,79,47,133,20" hai1="86,54,114,28,36,107,41,95,84,105,7,31,46" hai2="13,118,90,116,135,81,134,88,26,70,59,45,72" hai3="120,92,75,74,23,35,110,39,126,2,22,32,77"/><U112/><E7/><V85/><F70/><W29/><G120/><T37/><D119/><N who="2" m="45610" /><F26/><W0/><G39/><T53/><D121/><U102/><E54/><V98/><F59/><W64/><G110/><T51/><D109/><U101/><E36/><V66/><F66/><W21/><G92/><T5/><D125/><U106/><E95/><N who="2" m="56679" /><F13/><W63/><G126/><T52/><D133/><N who="2" m="50698" /><F45/><W68/><G29/><T93/><D20/><U19/><E46/><V103/><F103/><W43/><G22/><T67/><D100/><U113/><E102/><V60/><F60/><W96/><G63/><T65/><D93/><U1/><E101/><V10/><F10/><W97/><G64/><T58/><D37/><U82/><E28/><V48/><F48/><W91/><G68/><T61/><D61/><U78/><E31/><V17/><F17/><W87/><G23/><T25/><D25/><U104/><E19/><V132/><F132/><W76/><G21/><T44/><D65/><U131/><E107/><V62/><F62/><W12/><G32/><T8/><D67/><U89/><E106/><V99/><F99/><W4/><G35/><T40/><D40/><U34/><E41/><V83/><F72/><W6/><G43/><T111/><D111/><U57/><E105/><V16/><F16/><W14/><G87/><N who="0" m="48543" /><D8/><U11/><E104/><V108/><F108/><W127/><G127/><T94/><D94/><AGARI ba="0,0" hai="81,83,85,90,94" m="50698,56679,45610" machi="94" ten="30,7700,0" yaku="20,1,34,2,54,1" doraHai="38" who="2" fromWho="0" sc="170,-77,340,0,240,77,250,0" /><INIT seed="2,0,0,2,2,65" ten="93,340,317,250" oya="2" hai0="110,87,20,117,99,66,59,27,7,53,9,41,72" hai1="123,132,44,25,107,83,111,14,24,4,122,128,38" hai2="34,68,51,10,89,33,0,30,55,47,116,106,75" hai3="88,48,71,57,49,78,84,125,86,100,127,50,42"/><V62/><F116/><W133/><G133/><T70/><D117/><U21/><E132/><V135/><F135/><W26/><G100/><T19/><D72/><U17/><E111/><V82/><F106/><W39/><G39/><T60/><D110/><U12/><E107/><V56/><F30/><W74/><G74/><T120/><D120/><N who="1" m="46123" /><E128/><V46/><F46/><W3/><G3/><T114/><D114/><U54/><E83/><V93/><F68/><W58/><G71/><T119/><D119/><U80/><E80/><V32/><F10/><W16/><G78/><T1/><D87/><U40/><E54/><V6/><F6/><W36/><G86/><T64/><D41/><U63/><E63/><V28/><F0/><W113/><G36/><T126/><D126/><N who="3" m="48137" /><G42/><T101/><REACH who="0" step="1"/><D70/><REACH who="0" ten="83,340,317,250" step="2"/><U23/><E4/><V129/><F75/><W109/><G109/><T91/><D91/><U22/><E12/><V96/><F82/><N who="3" m="49175" /><G113/><T94/><AGARI ba="0,1" hai="1,7,9,19,20,27,53,59,60,64,66,94,99,101" machi="94" ten="20,2700,0" yaku="1,1,0,1,7,1,53,0" doraHai="65" doraHaiUra="115" who="0" fromWho="0" sc="83,37,340,-7,317,-13,250,-7" /><INIT seed="3,0,0,0,2,12" ten="120,333,304,243" oya="3" hai0="82,120,58,31,22,38,80,95,110,119,47,76,40" hai1="113,49,112,107,62,66,20,124,93,134,7,50,0" hai2="26,14,86,130,106,77,85,103,4,32,11,73,36" hai3="115,67,27,84,21,34,57,108,37,52,128,83,46"/><W8/><G115/><T100/><D119/><U90/><E107/><V10/><F130/><W88/><G34/><T25/><D110/><U99/><E124/><V75/><F36/><W29/><G128/><T97/><D120/><U39/><E39/><V64/><F85/><W135/><G135/><T125/><D125/><U116/><E134/><V17/><F64/><W56/><G108/><T111/><D111/><U126/><E126/><V87/><F87/><W5/><G67/><T16/><D76/><U105/><E105/><V9/><F9/><W48/><REACH who="3" step="1"/><G37/><REACH who="3" ten="120,333,304,233" step="2"/><T51/><D38/><U55/><E113/><V43/><F43/><W70/><G70/><T45/><D47/><U114/><E114/><V6/><F106/><W127/><G127/><T30/><D58/><U118/><E112/><V13/><F103/><W104/><G104/><T68/><D68/><U44/><E118/><V28/><REACH who="2" step="1"/><F4/><REACH who="2" ten="120,333,294,233" step="2"/><W131/><G131/><T53/><REACH who="0" step="1"/><D40/><REACH who="0" ten="110,333,294,233" step="2"/><U109/><E116/><V98/><F98/><W92/><G92/><T23/><D23/><U74/><E20/><V133/><F133/><W71/><G71/><T72/><D72/><U123/><E74/><V1/><F1/><AGARI ba="0,3" hai="1,5,8,21,27,29,46,48,52,56,57,83,84,88" machi="1" ten="30,11600,0" yaku="1,1,7,1,54,2,53,0" doraHai="12" doraHaiUra="101" who="3" fromWho="2" sc="110,0,333,0,294,-116,233,146" owari="110,-39.0,333,13.3,178,-22.2,379,47.9" /></mjloggm>