<mjloggm ver="2.3"><GO type="225" lobby="0"/><UN n0="%E8%81%B7%E6%A5%AD%E3%80%81%E9%A2%A8%32" n1="%E3%81%B2%E3%81%AA%E3%81%AE%E3%82%8A%E3%81%8F" n2="%4B%2E%32%2E%4B%2E" n3="%E5%8D%A0%E3%81%84%E5%B8%AB%E8%A3%8F%E3%81%AA%E3%81%84%E3%81%97" dan="16,17,17,16" rate="2135.18,2148.54,2163.33,2147.25" sx="M,M,M,M"/><TAIKYOKU oya="0"/><INIT seed="0,0,0,4,4,19" ten="250,250,250,250" oya="0" hai0="7,100,61,122,12,23,94,21,107,59,106,115,41" hai1="76,53,70,97,123,52,48,80,83,67,0,40,93" hai2="69,4,20,88,81,85,1,117,68,135,32,60,110" hai3="45,55,33,31,35,49,43,79,28,29,27,65,89"/><T13/><D115/><U6/><E123/><V5/><F32/><W127/><G127/><T30/><D122/><U16/><E40/><V38/><F38/><W9/><G79/><T8/><D106/><U99/><E70/><V91/><F110/><W130/><G130/><T105/><D107/><U26/><E67/><V47/><F135/><W131/><G65/><N who="0" m="39103" /><D105/><U113/><E6/><V39/><F117/><W51/><G131/><T14/><D41/><U84/><E0/><V112/><F112/><W57/><G33/><T74/><D74/><U90/><E113/><V44/><F39/><W121/><G121/><T78/><D78/><U120/><E120/><V102/><F102/><W133/><G133/><T58/><D58/><N who="1" m="33031" /><E83/><V71/><F60/><W17/><G89/><T96/><D23/><N who="1" m="13671" /><E53/><V101/><F1/><W132/><G132/><T129/><D129/><U36/><E36/><V118/><F118/><W114/><G114/><T25/><AGARI ba="0,0" hai="7,8,12,13,14,21,25,30,94,96,100" m="39103" machi="25" ten="30,6000,0" yaku="25,1,8,1,52,1" doraHai="19" who="0" fromWho="0" sc="250,60,250,-20,250,-20,250,-20" /><INIT seed="0,1,0,1,3,23" ten="310,230,230,230" oya="0" hai0="33,56,70,55,58,80,124,68,130,131,110,101,54" hai1="50,12,103,114,83,43,17,65,27,26,62,128,88" hai2="121,39,94,100,24,1,67,57,6,86,119,28,2" hai3="104,66,9,13,40,75,19,3,21,10,85,112,51"/><T117/><D33/><U123/><E123/><V134/><F121/><W14/><G75/><T15/><D15/><U127/><E128/><N who="0" m="49193" /><D101/><U69/><E127/><V87/><F39/><W90/><G112/><T82/><D117/><U49/><E103/><V35/><F119/><W30/><G104/><T133/><D133/><U108/><E108/><V22/><F134/><W11/><G66/><T63/><D124/><U74/><E114/><V38/><F38/><W29/><G3/><T129/><N who="0" m="49201" /><T47/><DORA hai="60" /><D110/><U52/><E50/><V32/><F32/><W95/><G13/><T98/><D98/><U34/><E43/><V115/><F35/><W84/><G84/><N who="2" m="32297" /><F115/><W125/><G125/><T73/><D47/><AGARI ba="1,0" hai="9,10,11,14,19,21,29,30,40,47,51,85,90,95" machi="47" ten="40,1300,0" yaku="8,1" doraHai="23,60" who="3" fromWho="0" sc="310,-16,230,0,230,0,230,16" /><INIT seed="1,0,0,2,5,13" ten="294,230,230,246" oya="1" hai0="41,101,117,17,135,89,124,81,50,114,99,93,64" hai1="3,122,36,83,85,60,79,55,28,57,45,33,42" hai2="97,116,119,10,75,105,26,100,123,35,6,107,0" hai3="94,19,108,48,115,98,46,9,103,72,129,4,37"/><U65/><E122/><V44/><F123/><W118/><G115/><T56/><D117/><U61/><E3/><V49/><F75/><W120/><G118/><T22/><D114/><U24/><REACH who="1" step="1"/><E55/><REACH who="1" ten="294,220,230,246" step="2"/><V59/><F116/><W29/><BYE who="1" /><G120/><T40/><D124/><U20/><E20/><V2/><F107/><UN n1="%E3%81%B2%E3%81%AA%E3%81%AE%E3%82%8A%E3%81%8F" /><W67/><G129/><T92/><D135/><U43/><E43/><V130/><F130/><W133/><G133/><T111/><D41/><U86/><E86/><V66/><F119/><W82/><G72/><T7/><D40/><U27/><E27/><V96/><F2/><W106/><G106/><T54/><D22/><U34/><E34/><V134/><F134/><W38/><G38/><T127/><D54/><U80/><E80/><V128/><F128/><W109/><G82/><T23/><D23/><U39/><E39/><V95/><F26/><W16/><G37/><T104/><D81/><U53/><E53/><V18/><F35/><W15/><G67/><T132/><D64/><U113/><E113/><V47/><F66/><W1/><G1/><T71/><D127/><U62/><AGARI ba="0,1" hai="24,28,33,36,42,45,57,60,61,62,65,79,83,85" machi="62" ten="30,3000,0" yaku="1,1,0,1,53,0" doraHai="13" doraHaiUra="84" who="1" fromWho="1" sc="294,-10,220,40,230,-10,246,-10" /><INIT seed="1,1,0,4,1,99" ten="284,260,220,236" oya="1" hai0="21,29,87,55,8,78,19,27,104,50,37,3,95" hai1="51,127,126,91,89,71,124,35,41,74,117,102,84" hai2="86,65,7,20,115,94,131,90,105,77,103,59,112" hai3="30,0,121,111,70,54,88,96,17,60,120,116,113"/><U76/><E117/><V45/><F7/><W46/><G113/><N who="2" m="43593" /><F20/><W110/><G116/><T107/><D37/><U34/><E71/><V11/><F11/><W6/><G30/><T58/><D3/><U101/><E41/><V16/><F45/><W12/><G6/><T75/><D75/><U129/><E129/><V4/><F4/><W38/><G0/><T10/><D104/><U23/><E23/><V132/><F16/><W81/><G70/><T24/><D107/><U128/><E128/><V122/><F131/><W42/><G96/><T80/><REACH who="0" step="1"/><D95/><REACH who="0" ten="274,260,220,236" step="2"/><N who="1" m="54695" /><E74/><V40/><F105/><W118/><G118/><T97/><D97/><U64/><E64/><V57/><F65/><W108/><G108/><T82/><D82/><U52/><E76/><V9/><F77/><W44/><G111/><T125/><D125/><U93/><E35/><AGARI ba="1,1" hai="8,10,19,21,24,27,29,35,50,55,58,78,80,87" machi="35" ten="30,2000,0" yaku="1,1,7,1,53,0" doraHai="99" doraHaiUra="62" who="0" fromWho="1" sc="274,33,260,-23,220,0,236,0" /><INIT seed="2,0,0,5,4,99" ten="307,237,220,236" oya="2" hai0="15,102,109,60,101,124,91,5,84,110,34,7,131" hai1="57,113,104,80,116,89,32,135,40,81,107,3,45" hai2="28,119,65,125,42,71,127,54,48,25,92,66,27" hai3="69,39,98,47,76,50,13,18,30,37,105,115,79"/><V112/><F112/><W9/><G69/><T87/><D34/><U68/><E113/><V10/><F119/><W0/><BYE who="1" /><G115/><T108/><D124/><N who="2" m="47690" /><F42/><UN n1="%E3%81%B2%E3%81%AA%E3%81%AE%E3%82%8A%E3%81%8F" /><W117/><G117/><T36/><D36/><U77/><E32/><V59/><F71/><W41/><G0/><T73/><D73/><U33/><E33/><N who="2" m="20623" /><F27/><W1/><G1/><T31/><D131/><U4/><E68/><V55/><F10/><W8/><G30/><T22/><D60/><U114/><E114/><V97/><F55/><W29/><G29/><T132/><D132/><U17/><E135/><V16/><F16/><W14/><G37/><T106/><D106/><U95/><E17/><V90/><AGARI ba="0,0" hai="48,54,59,65,66,90,92,97" m="20623,47690" machi="90" ten="30,1500,0" yaku="18,1" doraHai="99" who="2" fromWho="2" sc="307,-5,237,-5,220,15,236,-5" /><INIT seed="2,1,0,3,3,12" ten="302,232,235,231" oya="2" hai0="34,124,101,1,130,108,56,114,7,103,91,69,60" hai1="8,118,74,105,18,125,113,112,57,134,109,21,47" hai2="32,28,25,16,38,122,61,49,96,70,65,6,43" hai3="4,76,42,36,41,20,35,126,119,46,9,3,123"/><V98/><F122/><W52/><G119/><T110/><D114/><U30/><E74/><V78/><F38/><W106/><G123/><T79/><D69/><U102/><E105/><V85/><F6/><W89/><G106/><T117/><D34/><U131/><E102/><V97/><F43/><W24/><G35/><T72/><D91/><U111/><E118/><V128/><F128/><W64/><G64/><T50/><D50/><U99/><E99/><V54/><F85/><W90/><G41/><T92/><D92/><U71/><E71/><V127/><F78/><W26/><G26/><T14/><D1/><U29/><E131/><V33/><F33/><W129/><G126/><T10/><D130/><U0/><E47/><V39/><F39/><W84/><G129/><T17/><D124/><U53/><E125/><V15/><F127/><W2/><G2/><T133/><D7/><N who="1" m="1127" /><E53/><V63/><F63/><W66/><G66/><T44/><D44/><U120/><E57/><V11/><REACH who="2" step="1"/><F98/><REACH who="2" ten="302,232,225,231" step="2"/><W135/><G84/><T59/><D60/><U82/><E120/><V23/><F23/><W48/><G76/><T19/><D72/><U95/><E113/><V58/><AGARI ba="1,1" hai="11,15,16,25,28,32,49,54,58,61,65,70,96,97" machi="58" ten="20,12000,1" yaku="1,1,0,1,7,1,52,1,54,1,53,0" doraHai="12" doraHaiUra="68" who="2" fromWho="2" sc="302,-41,232,-41,225,133,231,-41" /><INIT seed="2,2,0,1,4,68" ten="261,191,358,190" oya="2" hai0="79,47,49,124,27,103,28,25,60,76,48,3,129" hai1="133,16,58,32,46,65,66,29,122,52,34,33,88" hai2="11,125,41,69,8,37,26,89,67,100,120,114,5" hai3="130,116,43,35,131,36,111,99,127,73,15,57,39"/><V24/><F114/><W113/><G116/><T6/><D124/><U30/><E133/><V40/><F120/><W55/><G127/><T109/><D109/><U23/><E122/><V135/><F100/><W20/><G35/><T22/><D129/><N who="3" m="49161" /><G43/><T13/><D3/><U95/><E46/><V94/><F135/><W106/><G73/><T98/><D60/><U83/><E83/><V107/><F107/><W78/><G78/><T70/><D70/><U56/><E30/><V86/><F11/><W62/><G111/><T90/><D90/><U18/><E29/><V91/><F91/><W101/><G113/><T128/><D128/><U87/><E58/><V134/><F134/><W38/><G20/><N who="0" m="15399" /><D49/><U112/><E112/><V82/><F67/><W126/><G126/><T1/><D1/><U75/><E75/><V74/><F69/><W93/><G15/><T59/><D13/><N who="1" m="9615" /><E18/><V80/><F74/><W63/><G63/><T2/><D2/><U72/><E72/><V44/><F41/><W45/><G45/><T50/><D47/><U10/><E10/><V84/><F125/><W119/><G119/><T104/><D79/><U17/><E17/><V115/><F115/><W105/><AGARI ba="2,0" hai="36,38,39,55,57,62,93,99,101,105,106" m="49161" machi="105" ten="40,8000,1" yaku="19,1,52,3" doraHai="68" who="3" fromWho="3" sc="261,-22,191,-22,358,-42,190,86" /><INIT seed="3,0,0,1,4,54" ten="239,169,316,276" oya="3" hai0="8,52,86,61,73,32,82,94,81,113,115,36,67" hai1="131,76,1,53,79,97,56,63,62,110,90,109,34" hai2="105,14,135,49,130,16,55,126,112,58,123,25,45" hai3="21,69,44,12,65,2,125,64,99,26,28,74,89"/><W77/><G2/><T108/><D108/><U17/><E34/><V102/><F112/><N who="0" m="43082" /><D32/><U72/><E1/><V22/><F126/><W23/><G69/><N who="0" m="42223" /><D36/><U66/><E131/><V15/><F130/><W41/><G125/><T134/><D134/><U95/><E17/><V118/><F118/><W119/><G119/><T19/><D73/><U127/><E127/><V87/><F135/><W103/><G74/><T75/><D75/><U104/><E104/><V117/><F117/><W71/><G77/><N who="0" m="46383" /><D94/><U5/><E5/><V101/><F105/><W78/><G78/><T50/><D82/><U132/><E132/><V46/><F123/><W35/><G89/><T24/><D24/><U114/><E114/><V0/><F25/><W10/><G71/><T33/><D33/><U80/><REACH who="1" step="1"/><E79/><REACH who="1" ten="239,159,316,276" step="2"/><V59/><F0/><W13/><G35/><T4/><D19/><U68/><AGARI ba="0,1" hai="53,56,62,63,66,68,72,76,80,90,95,97,109,110" machi="68" ten="30,7900,0" yaku="1,1,2,1,0,1,52,1,53,0" doraHai="54" doraHaiUra="40" who="1" fromWho="1" sc="239,-20,159,89,316,-20,276,-39" /><INIT seed="4,0,0,0,5,63" ten="219,248,296,237" oya="0" hai0="11,83,10,114,8,124,35,84,86,71,52,87,121" hai1="31,41,32,85,78,126,14,45,64,91,16,129,100" hai2="4,40,67,62,88,66,128,44,3,1,36,37,24" hai3="60,20,119,95,72,122,56,127,108,42,118,110,17"/><T12/><D71/><U96/><E129/><V13/><F36/><W107/><G107/><T27/><D121/><U73/><E32/><V116/><F128/><W53/><G72/><T113/><D124/><U125/><E31/><V39/><F39/><W65/><G127/><N who="1" m="48650" /><E78/><V19/><F116/><W89/><G42/><T111/><D111/><U77/><E77/><V132/><F132/><W29/><G122/><T112/><D83/><N who="1" m="49599" /><E73/><V76/><F76/><W94/><G29/><N who="0" m="19903" /><D52/><U134/><E134/><V47/><F47/><W92/><G110/><T80/><D80/><U30/><E30/><V98/><F24/><N who="3" m="14351" /><G108/><T57/><D57/><U33/><E33/><V104/><F4/><AGARI ba="0,0" hai="4,8,10,11,12,84,86,87,112,113,114" m="19903" machi="4" ten="40,2000,0" yaku="15,1" doraHai="63" who="0" fromWho="2" sc="219,20,248,0,296,-20,237,0" /><INIT seed="4,1,0,1,4,130" ten="239,248,276,237" oya="0" hai0="105,71,49,70,90,123,69,129,119,1,89,60,131" hai1="92,14,59,66,36,24,128,7,18,46,30,43,99" hai2="55,135,84,133,118,93,79,48,63,0,96,38,82" hai3="11,21,53,5,28,87,95,103,121,52,127,33,114"/><T107/><D123/><U32/><E7/><V22/><F38/><W88/><G33/><T98/><D1/><U6/><E6/><V73/><F0/><W57/><G121/><T80/><D119/><U31/><E128/><N who="0" m="49225" /><D60/><U117/><E117/><V104/><F118/><W41/><G114/><T15/><D15/><U83/><E31/><V29/><F63/><W76/><G127/><T122/><D122/><U64/><E59/><V56/><F22/><W23/><G41/><T4/><D4/><U65/><E83/><V12/><F12/><N who="3" m="5231" /><G53/><T113/><D113/><U40/><E40/><V67/><F29/><W25/><G21/><T94/><D49/><U8/><REACH who="1" step="1"/><E66/><REACH who="1" ten="239,238,276,237" step="2"/><V109/><F67/><W68/><G68/><T58/><D58/><U42/><E42/><V116/><F116/><W124/><G124/><T77/><D90/><AGARI ba="1,1" hai="8,14,18,24,30,32,36,43,46,64,65,90,92,99" machi="90" ten="30,2000,0" yaku="1,1,7,1,53,0" doraHai="130" doraHaiUra="115" who="1" fromWho="0" sc="239,-23,238,33,276,0,237,0" /><INIT seed="5,0,0,5,0,44" ten="216,271,276,237" oya="1" hai0="52,51,120,89,2,74,82,109,53,85,76,111,112" hai1="134,86,130,45,77,60,72,6,116,117,103,34,59" hai2="19,133,43,37,71,36,47,115,99,42,73,67,90" hai3="113,79,69,54,40,20,123,104,46,95,10,18,114"/><U1/><E34/><V68/><F73/><W102/><G104/><T3/><D112/><N who="3" m="43113" /><G123/><T31/><D120/><U129/><E134/><V22/><F133/><W9/><G69/><T38/><D38/><U25/><E72/><V135/><F135/><W17/><G54/><T128/><D53/><U33/><E103/><V132/><F115/><W121/><G79/><T94/><D128/><N who="1" m="49259" /><E6/><V24/><F132/><W126/><G126/><T7/><D31/><N who="1" m="19695" /><E1/><V92/><F67/><W125/><G125/><T83/><D83/><N who="1" m="47471" /><E45/><AGARI ba="0,0" hai="19,22,24,36,37,42,43,45,47,68,71,90,92,99" machi="45" ten="40,1300,0" yaku="9,1" doraHai="44" who="2" fromWho="1" sc="216,0,271,-13,276,13,237,0" /><INIT seed="6,0,0,3,0,8" ten="216,258,289,237" oya="2" hai0="12,46,59,57,19,6,100,67,106,28,125,51,77" hai1="18,13,41,14,42,133,48,83,56,98,129,34,76" hai2="122,132,115,53,45,82,117,27,24,104,4,74,124" hai3="35,134,50,102,16,120,75,0,47,95,31,29,33"/><V11/><F104/><W60/><G0/><T54/><D125/><U3/><E3/><V101/><F117/><W89/><G120/><T5/><D28/><U128/><E34/><V88/><F101/><W103/><G75/><T116/><D116/><U22/><E133/><V79/><F122/><W37/><G37/><T1/><D1/><U71/><E71/><V40/><F124/><W64/><G33/><T70/><D70/><U66/><E98/><V10/><F115/><W110/><G110/><T96/><D77/><U55/><E66/><V130/><F130/><N who="1" m="50281" /><E14/><V9/><F4/><W25/><G35/><T119/><D119/><U21/><E21/><V84/><F53/><W17/><G64/><T30/><D30/><U126/><E126/><V107/><F107/><W86/><G29/><T97/><D97/><U26/><E26/><V69/><F69/><W58/><G25/><T44/><D44/><U80/><E80/><V20/><F20/><W23/><G23/><T73/><D73/><AGARI ba="0,0" hai="13,18,22,41,42,48,55,56,73,76,83" m="50281" machi="73" ten="30,2000,0" yaku="19,1,52,1" doraHai="8" who="1" fromWho="0" sc="216,-20,258,20,289,0,237,0" /><INIT seed="7,0,0,2,3,97" ten="196,278,289,237" oya="3" hai0="101,12,14,67,52,7,37,115,75,135,93,39,44" hai1="11,49,79,120,41,22,122,117,121,16,55,25,0" hai2="94,60,78,45,32,106,81,61,48,53,123,103,134" hai3="113,108,119,111,21,126,10,114,92,83,36,104,82"/><W24/><G104/><T2/><D75/><U89/><E41/><V91/><F32/><W107/><G107/><T66/><D135/><U110/><E110/><N who="3" m="42026" /><G36/><N who="0" m="13899" /><D2/><U116/><E79/><V19/><F134/><W30/><G119/><N who="1" m="45642" /><E89/><V31/><F123/><W9/><G126/><T90/><D7/><N who="1" m="1511" /><E122/><V20/><F31/><W71/><G71/><T80/><D90/><U56/><AGARI ba="0,0" hai="16,22,25,49,55,56,120,121" m="1511,45642" machi="56" ten="30,2000,0" yaku="12,1,54,1" doraHai="97" who="1" fromWho="1" sc="196,-5,278,20,289,-5,237,-10" owari="191,-30.9,298,39.8,284,8.4,227,-17.3" /></mjloggm>