<mjloggm ver="2.3"><GO type="225" lobby="0"/><UN n0="%EF%BC%94%36" n1="%E3%82%A2%E3%83%A1%E3%82%A2%E3%83%A9%E3%83%AC" n2="%6D%75%75%73%61%6E%6D%75" n3="%E5%A4%96%E5%B7%9D%E7%AB%9C%E6%88%90" dan="16,16,16,16" rate="2045.87,2186.53,2150.32,2097.80" sx="M,M,F,M"/><TAIKYOKU oya="0"/><INIT seed="0,0,0,4,0,61" ten="250,250,250,250" oya="0" hai0="125,53,31,89,63,17,18,90,111,131,110,113,70" hai1="29,130,72,23,41,60,27,0,71,10,12,15,91" hai2="75,127,19,55,129,46,98,22,104,58,116,16,123" hai3="84,85,66,11,65,118,43,57,135,7,2,105,97"/><T54/><D113/><U35/><E72/><V99/><F123/><W62/><G118/><T74/><D74/><U103/><E130/><V128/><F75/><W117/><G117/><T68/><D31/><U112/><E112/><V64/><F116/><W93/><G135/><T45/><D45/><U102/><E41/><V38/><F127/><W33/><G33/><T95/><D95/><U100/><E91/><N who="0" m="34825" /><D63/><U32/><E0/><V24/><F19/><N who="0" m="7178" /><D125/><U124/><E124/><V56/><F104/><W3/><G105/><T21/><D21/><U83/><E83/><V79/><F79/><W76/><G2/><T122/><D122/><U108/><E23/><V5/><F46/><W120/><G120/><T4/><D4/><U133/><E35/><V25/><F5/><W8/><G8/><T69/><D131/><N who="2" m="50250" /><F38/><W34/><G34/><T42/><D42/><U121/><E10/><V82/><F25/><W78/><G43/><T48/><D48/><U87/><E27/><V73/><F82/><W106/><G106/><T47/><D47/><U30/><E30/><V77/><F77/><W50/><G50/><T1/><D1/><U39/><E29/><V80/><F80/><W81/><G78/><T20/><D20/><U26/><E26/><V37/><F37/><W132/><G132/><T14/><D14/><U9/><E39/><V101/><F73/><W107/><G107/><T88/><N who="0" m="34833" /><T6/><DORA hai="96" /><D6/><U92/><E121/><V134/><F134/><W40/><G84/><T44/><D44/><U59/><E133/><V67/><F24/><W114/><G114/><RYUUKYOKU ba="0,0" sc="250,30,250,-10,250,-10,250,-10" hai0="53,54,68,69,70,110,111" /><INIT seed="0,1,0,5,4,130" ten="280,240,240,240" oya="0" hai0="13,66,14,116,48,133,3,71,109,126,29,124,76" hai1="110,129,42,92,63,111,97,27,134,36,30,52,77" hai2="106,10,9,34,11,43,50,127,15,70,40,74,135" hai3="1,81,96,91,103,5,0,112,125,101,44,99,22"/><T121/><D3/><U89/><E129/><V56/><F70/><W95/><G112/><T132/><D121/><U123/><E123/><V24/><F106/><W53/><G125/><N who="0" m="48235" /><D116/><U59/><E77/><V58/><F74/><W23/><G0/><T79/><D29/><U69/><E69/><V82/><F127/><W17/><G1/><T102/><D102/><U26/><E134/><N who="0" m="51817" /><D109/><N who="1" m="41483" /><E30/><V100/><F100/><W57/><G44/><AGARI ba="1,0" hai="26,27,36,42,44,52,59,63,89,92,97" m="41483" machi="44" ten="30,2000,0" yaku="14,1,54,1" doraHai="130" who="1" fromWho="3" sc="280,0,240,23,240,0,240,-23" /><INIT seed="1,0,0,2,3,13" ten="280,263,240,217" oya="1" hai0="35,22,10,134,120,108,114,64,24,67,104,70,30" hai1="83,99,20,115,51,58,39,44,50,118,47,80,135" hai2="100,130,133,5,102,117,86,53,3,93,96,4,94" hai3="81,95,27,132,12,6,91,17,60,57,87,28,76"/><U77/><E115/><V121/><F117/><W82/><G132/><T61/><D104/><U85/><E118/><V68/><F68/><W54/><G6/><T71/><D114/><U124/><E124/><V9/><F121/><W74/><G74/><T103/><D103/><U41/><E135/><V72/><F72/><W18/><G12/><T15/><D134/><U7/><E7/><V127/><F133/><W1/><G1/><T52/><D120/><U122/><E122/><V40/><F127/><W110/><G110/><T78/><D78/><U101/><E58/><V49/><F130/><W75/><REACH who="3" step="1"/><G81/><REACH who="3" ten="280,263,240,207" step="2"/><T31/><D108/><U119/><E80/><V37/><F5/><W97/><G97/><T112/><D112/><U32/><E99/><V129/><F129/><W14/><G14/><T106/><D15/><U73/><E73/><V19/><F86/><W42/><G42/><T88/><D10/><U90/><E85/><V123/><F40/><W62/><G62/><T107/><D61/><U63/><E41/><V92/><F123/><W126/><G126/><T33/><D24/><U65/><E83/><V26/><F96/><W48/><G48/><T34/><D34/><AGARI ba="0,1" hai="17,18,27,28,34,54,57,60,75,76,82,87,91,95" machi="34" ten="30,8000,1" yaku="1,1,7,1,52,2,53,1" doraHai="13" doraHaiUra="23" who="3" fromWho="0" sc="280,-80,263,0,240,0,207,90" /><INIT seed="2,0,0,1,0,66" ten="200,263,240,297" oya="2" hai0="132,36,23,13,121,44,85,32,38,81,122,114,59" hai1="98,124,80,130,119,9,70,125,131,134,47,15,10" hai2="43,95,34,24,78,6,8,60,71,35,92,61,25" hai3="76,72,74,33,79,90,115,106,39,28,75,2,135"/><V31/><F78/><N who="3" m="29739" /><G39/><T67/><D32/><U109/><E109/><V42/><F6/><W26/><G2/><T87/><D114/><U62/><E119/><V117/><F8/><W123/><G123/><T96/><D96/><U127/><E80/><V45/><F117/><W51/><G51/><T3/><D3/><U50/><E98/><V65/><F60/><W16/><G16/><N who="0" m="10639" /><D36/><U84/><E84/><N who="0" m="32329" /><D38/><U30/><E30/><V55/><F55/><W97/><G90/><T77/><D121/><U94/><E94/><V118/><F118/><W7/><G7/><T12/><D122/><U112/><E112/><V63/><F63/><W68/><G68/><T46/><D132/><U104/><E104/><V53/><F53/><W49/><G49/><T88/><D77/><U14/><E134/><V54/><F54/><W116/><G116/><T52/><D67/><N who="1" m="41335" /><E10/><V0/><F0/><W83/><G135/><T5/><D12/><N who="1" m="4651" /><E9/><V93/><F45/><N who="0" m="17514" /><D5/><U120/><E120/><V20/><REACH who="2" step="1"/><F35/><REACH who="2" ten="200,263,230,297" step="2"/><N who="3" m="20887" /><G115/><T48/><D81/><U69/><E69/><V11/><F11/><W113/><G113/><T17/><D17/><AGARI ba="0,1" hai="17,20,24,25,31,34,42,43,61,65,71,92,93,95" machi="17" ten="40,7700,0" yaku="1,1,52,1,53,1" doraHai="66" doraHaiUra="18" who="2" fromWho="0" sc="200,-77,263,0,230,87,297,0" /><INIT seed="2,1,0,3,3,15" ten="123,263,317,297" oya="2" hai0="11,46,94,120,116,83,27,12,73,3,5,50,117" hai1="90,114,34,26,36,23,122,105,101,55,123,51,21" hai2="80,48,61,71,42,89,16,69,133,106,81,78,18" hai3="13,102,95,35,70,37,10,112,93,17,22,72,29"/><V40/><F106/><W28/><G72/><T124/><D120/><N who="1" m="46123" /><E36/><V99/><F133/><W88/><G37/><T121/><D121/><U7/><E114/><V127/><F127/><W107/><G70/><T132/><D124/><U79/><E79/><V58/><F71/><W9/><G107/><T33/><D132/><U77/><E77/><V126/><F69/><W19/><G35/><T92/><D83/><N who="2" m="31818" /><F78/><W6/><G112/><T129/><D73/><U44/><E7/><V103/><F103/><W109/><G109/><T97/><D129/><U53/><E90/><V131/><F131/><W67/><G67/><T24/><D94/><U68/><E68/><V52/><F126/><W14/><G95/><T45/><D3/><U63/><E101/><V56/><F89/><W111/><G102/><T39/><D39/><U91/><E91/><V118/><F99/><N who="3" m="57767" /><G111/><T30/><D27/><AGARI ba="1,0" hai="6,9,10,13,14,17,19,22,27,28,29" m="57767" machi="27" ten="30,7700,0" yaku="8,1,52,2,54,1" doraHai="15" who="3" fromWho="0" sc="123,-80,263,0,317,0,297,80" /><INIT seed="3,0,0,5,0,34" ten="43,263,317,377" oya="3" hai0="3,46,27,40,128,105,7,72,76,36,125,117,42" hai1="38,113,9,115,119,43,21,50,1,15,56,67,57" hai2="54,103,94,96,16,55,123,92,58,129,75,107,90" hai3="30,101,100,24,18,89,13,63,35,49,47,66,83"/><W68/><G83/><T2/><D117/><U12/><E119/><V14/><F75/><W116/><G89/><T78/><D125/><U44/><E21/><V118/><F129/><W74/><G74/><T53/><D128/><U87/><E87/><V112/><F118/><W104/><G116/><T28/><D53/><U134/><E9/><V51/><F123/><W64/><G64/><T120/><D7/><U65/><E1/><V23/><F112/><W77/><G77/><T88/><D88/><U79/><E79/><V131/><F131/><W48/><G48/><T5/><D78/><U126/><E50/><V70/><F70/><W106/><G106/><T45/><D5/><U11/><E11/><V52/><F107/><W135/><G135/><T93/><D93/><U109/><E44/><V99/><AGARI ba="0,0" hai="14,16,23,51,52,54,55,58,90,92,94,96,99,103" machi="99" ten="20,8000,1" yaku="0,1,7,1,8,1,54,2" doraHai="34" who="2" fromWho="2" sc="43,-20,263,-20,317,80,377,-40" owari="23,-47.7,243,-15.7,397,49.7,337,13.7" /></mjloggm>