<mjloggm ver="2.3"><GO type="225" lobby="0"/><UN n0="%E9%80%86%E9%80%A3%E5%B8%AF%E3%81%AE%E9%AC%BC" n1="%E3%81%AF%E3%82%88%E3%81%8A%E3%81%98%E3%81%95%E3%82%93" n2="%E3%81%8C%E3%81%9F" n3="%73%75%7A%75%6D%65%33" dan="16,17,16,17" rate="2136.19,2188.88,2107.35,2282.08" sx="M,M,F,M"/><TAIKYOKU oya="0"/><INIT seed="0,0,0,5,0,54" ten="250,250,250,250" oya="0" hai0="79,62,45,42,43,109,85,44,61,49,50,81,95" hai1="47,118,33,121,83,112,78,35,103,72,16,130,64" hai2="75,39,22,126,46,77,14,94,91,132,55,87,25" hai3="120,11,123,36,66,101,67,82,116,57,56,40,37"/><T19/><D109/><U17/><E118/><V117/><F117/><W105/><G105/><T51/><D51/><U119/><E121/><N who="3" m="46666" /><G101/><T48/><D48/><U71/><E119/><V111/><F111/><W3/><G116/><T24/><D95/><U7/><E130/><V28/><F126/><W88/><G11/><T135/><D135/><U41/><E112/><V38/><F132/><W96/><G3/><T6/><D6/><U8/><E103/><V129/><F129/><W15/><G15/><T26/><REACH who="0" step="1"/><D19/><REACH who="0" ten="240,250,250,250" step="2"/><U21/><E17/><V68/><F39/><W69/><G36/><T92/><D92/><U76/><E16/><V23/><F38/><W124/><G124/><T90/><D90/><U53/><E7/><V107/><F94/><N who="3" m="56391" /><G82/><T0/><D0/><U70/><E83/><V133/><F91/><W93/><G93/><T59/><D59/><N who="3" m="22601" /><G69/><T114/><D114/><U18/><E71/><V115/><F68/><W113/><G113/><T100/><D100/><U122/><E70/><V74/><F115/><W31/><G31/><T128/><D128/><U30/><E30/><V5/><F133/><W9/><G9/><T27/><AGARI ba="0,1" hai="24,26,27,42,43,44,45,49,50,61,62,79,81,85" machi="27" ten="30,11700,0" yaku="1,1,0,1,9,1,8,1,53,0" doraHai="54" doraHaiUra="60" who="0" fromWho="0" sc="240,127,250,-39,250,-39,250,-39" /><BYE who="2" /><INIT seed="0,1,0,2,3,118" ten="367,211,211,211" oya="0" hai0="47,134,107,127,64,61,117,128,10,15,14,122,83" hai1="27,49,123,84,120,67,21,109,95,20,73,22,113" hai2="65,56,1,130,39,52,110,28,105,55,0,87,131" hai3="111,121,23,36,116,82,71,32,94,35,96,63,30"/><T125/><D117/><UN n2="%E3%81%8C%E3%81%9F" /><U81/><E27/><V85/><F105/><W132/><G116/><T50/><D107/><U66/><E73/><V72/><F72/><W76/><G36/><T126/><D134/><U42/><E95/><V100/><F100/><W103/><G132/><T24/><D128/><N who="2" m="49194" /><F39/><W16/><G111/><T31/><D83/><U59/><E109/><V4/><F110/><W92/><G30/><T119/><D119/><U129/><E129/><V33/><F65/><W19/><G19/><T34/><D10/><U46/><E113/><V60/><F4/><W6/><G6/><T90/><D90/><U115/><E115/><V108/><F108/><W114/><G114/><T69/><REACH who="0" step="1"/><D122/><REACH who="0" ten="357,211,211,211" step="2"/><U68/><E123/><V40/><F1/><W99/><G121/><T44/><D44/><U78/><E120/><V38/><F0/><W18/><G82/><T86/><D86/><U79/><E78/><V53/><F87/><W26/><G76/><T43/><AGARI ba="1,1" hai="14,15,24,31,34,43,47,50,61,64,69,125,126,127" machi="43" ten="30,6000,0" yaku="1,1,0,1,18,1,53,0" doraHai="118" doraHaiUra="75" who="0" fromWho="0" sc="357,73,211,-21,211,-21,211,-21" /><INIT seed="0,2,0,3,5,66" ten="430,190,190,190" oya="0" hai0="24,14,52,38,46,97,26,61,51,16,107,95,29" hai1="112,44,79,25,19,30,105,50,127,125,90,0,7" hai2="68,126,15,20,124,56,35,74,80,69,77,111,116" hai3="54,84,42,73,67,120,8,121,88,122,71,17,22"/><T31/><D38/><U118/><E118/><V100/><F35/><W65/><G73/><T36/><D36/><U48/><E105/><V130/><F116/><W13/><G42/><T134/><D107/><U12/><E112/><V92/><F111/><W82/><G71/><T5/><D134/><U63/><E79/><V39/><F39/><W60/><G22/><T75/><D75/><U99/><E0/><V64/><F130/><W37/><G37/><T43/><D5/><U83/><E7/><V110/><F110/><W93/><G93/><T108/><D108/><U70/><E63/><N who="2" m="37991" /><F100/><W103/><G103/><T101/><D31/><U62/><E62/><V47/><F47/><W128/><G128/><T53/><D61/><U86/><E99/><V131/><F92/><W109/><G109/><T85/><D85/><U18/><E70/><V55/><F55/><N who="0" m="21066" /><D29/><U91/><E30/><V119/><F131/><W32/><G32/><T117/><D117/><U4/><E4/><V3/><F3/><W9/><REACH who="3" step="1"/><G8/><AGARI ba="2,0" hai="8,14,16,24,26,43,46,51,95,97,101" m="21066" machi="8" ten="30,5800,0" yaku="8,1,54,2" doraHai="66" who="0" fromWho="3" sc="430,64,190,0,190,0,190,-64" /><INIT seed="0,3,0,2,1,107" ten="494,190,190,126" oya="0" hai0="8,64,44,55,102,37,27,2,62,99,46,93,18" hai1="12,105,4,119,15,58,126,68,96,29,3,77,82" hai2="11,39,70,63,121,69,124,88,40,108,74,116,86" hai3="49,24,72,114,23,51,48,109,59,50,79,87,13"/><T16/><D55/><U128/><E119/><V133/><F121/><W66/><G114/><T125/><D125/><U31/><E68/><V56/><F124/><W36/><G36/><T67/><D67/><U91/><E126/><V42/><F116/><W122/><G122/><T95/><D95/><U111/><E3/><V21/><F108/><W54/><G109/><T17/><D27/><U98/><E111/><V110/><F110/><W1/><G1/><T83/><D37/><U94/><E128/><V129/><F129/><W45/><G13/><T115/><D115/><U117/><E117/><V84/><F74/><W92/><G66/><T43/><D43/><U9/><E58/><V32/><F32/><W106/><G106/><T76/><D8/><U53/><E53/><V75/><F75/><W25/><G45/><T78/><D2/><U131/><E131/><V97/><F69/><W19/><G72/><T81/><D78/><U123/><E123/><V65/><F70/><W41/><G41/><N who="2" m="15977" /><F39/><W90/><G79/><T5/><D5/><U120/><E120/><V118/><F118/><W85/><REACH who="3" step="1"/><G24/><REACH who="3" ten="494,190,190,116" step="2"/><T135/><D76/><U14/><E15/><V28/><F65/><W127/><G127/><T104/><D104/><U57/><E14/><V33/><F133/><W112/><G112/><T52/><D135/><U30/><E105/><V132/><F132/><W134/><G134/><T22/><D46/><U7/><E4/><V113/><F113/><W61/><G61/><T10/><D44/><U0/><E0/><V26/><F63/><W80/><G80/><T34/><D83/><RYUUKYOKU ba="3,1" sc="494,-10,190,-10,190,-10,116,30" hai3="19,23,25,48,49,50,51,54,59,85,87,90,92" /><INIT seed="1,4,1,0,5,49" ten="484,180,180,146" oya="1" hai0="82,121,2,114,98,93,86,83,105,5,127,101,64" hai1="97,31,128,78,111,113,124,6,46,74,81,118,50" hai2="91,77,76,99,123,10,52,80,73,135,48,29,51" hai3="133,84,88,104,59,16,56,53,100,11,55,43,27"/><U117/><E113/><V18/><F123/><W0/><G0/><T62/><D114/><U3/><E124/><V39/><F39/><W134/><G43/><T54/><D127/><U63/><E128/><V37/><F37/><W66/><G104/><T28/><D121/><U44/><E111/><V89/><F135/><N who="3" m="51723" /><G100/><T58/><D28/><U13/><E3/><V95/><F29/><W57/><G66/><T115/><D115/><U106/><E44/><N who="2" m="27655" /><F73/><W22/><G11/><T94/><D5/><U67/><E31/><V122/><F122/><W8/><G8/><T79/><D2/><U112/><E112/><V102/><F51/><W109/><G109/><T116/><D116/><U34/><E34/><V30/><F30/><W26/><G26/><T68/><D83/><AGARI ba="4,1" hai="16,22,27,53,55,56,57,59,83,84,88" m="51723" machi="83" ten="30,8000,1" yaku="20,1,52,2,54,2" doraHai="49" who="3" fromWho="0" sc="484,-92,180,0,180,0,146,102" /><INIT seed="2,0,0,5,4,119" ten="392,180,180,248" oya="2" hai0="54,128,18,96,101,43,11,33,92,55,8,123,14" hai1="64,114,113,35,91,107,40,41,23,112,1,0,109" hai2="93,49,131,58,42,69,77,120,2,79,47,105,44" hai3="25,36,118,38,37,15,97,7,53,85,20,127,34"/><V73/><F120/><W88/><G118/><T81/><D128/><U71/><E35/><V75/><F105/><W66/><G127/><T76/><D33/><U21/><E107/><V111/><F69/><W17/><G66/><T46/><D123/><U125/><E64/><V100/><F2/><W117/><G117/><T116/><D116/><U63/><E71/><V45/><F131/><W51/><G97/><T39/><REACH who="0" step="1"/><D8/><REACH who="0" ten="382,180,180,248" step="2"/><U61/><E114/><V4/><F111/><W50/><G34/><T22/><D22/><U83/><E109/><V32/><F32/><W82/><G53/><T9/><D9/><U10/><E10/><V26/><F73/><AGARI ba="0,1" hai="11,14,18,39,43,46,54,55,73,76,81,92,96,101" machi="73" ten="30,2000,0" yaku="1,1,7,1,53,0" doraHai="119" doraHaiUra="132" who="0" fromWho="2" sc="382,30,180,0,180,-20,248,0" /><INIT seed="3,0,0,5,3,39" ten="412,180,160,248" oya="3" hai0="124,80,109,14,79,70,43,106,75,97,108,103,44" hai1="78,5,47,96,6,57,54,20,58,99,67,94,65" hai2="117,41,119,82,0,51,125,10,122,7,71,16,86" hai3="46,72,127,38,107,131,50,64,90,22,33,62,13"/><W113/><G33/><T56/><D70/><U102/><E78/><V76/><F71/><W101/><G38/><T42/><D124/><U95/><E47/><V112/><F112/><W61/><G72/><T34/><D34/><U49/><E20/><V59/><F125/><W4/><G127/><T52/><D14/><U32/><E32/><V53/><F122/><W132/><G113/><T87/><D75/><U130/><E130/><V120/><F120/><W19/><G131/><T30/><D30/><U129/><E129/><V28/><F28/><W11/><G132/><T26/><D26/><U3/><E3/><V93/><F93/><W35/><G35/><T8/><D8/><U81/><E81/><V68/><F68/><W40/><G64/><N who="1" m="24650" /><E58/><V48/><REACH who="2" step="1"/><F16/><REACH who="2" ten="412,180,150,248" step="2"/><N who="3" m="10511" /><G107/><T121/><D121/><U133/><E133/><V91/><F91/><AGARI ba="0,1" hai="5,6,49,54,57,91,94,95,96,99,102" m="24650" machi="91" ten="30,1000,0" yaku="8,1" doraHai="39" who="1" fromWho="2" sc="412,0,180,20,150,-10,248,0" owari="412,51.2,200,-20.0,140,-36.0,248,4.8" /></mjloggm>