<mjloggm ver="2.3"><GO type="225" lobby="0"/><UN n0="%72%65%6E%6B%75%6E" n1="%E3%81%B5%E3%81%98%E3%81%8B%E3%81%A4" n2="%E6%B8%A9%E2%98%85%E6%83%85%E2%98%85%E6%8E%AA%E2%98%85%E7%BD%AE" n3="%E5%B0%8F%E9%B3%A5%E9%81%8A%E7%B7%B4%E7%84%A1%32%31%E6%AD%B3" dan="17,16,17,16" rate="2228.50,2185.64,2221.44,2156.97" sx="M,M,M,F"/><TAIKYOKU oya="0"/><INIT seed="0,0,0,3,2,119" ten="250,250,250,250" oya="0" hai0="25,38,15,36,57,100,121,17,77,85,99,31,44" hai1="45,62,47,84,75,42,91,37,110,86,78,134,27" hai2="40,132,21,105,92,6,116,133,35,13,43,34,89" hai3="106,94,69,74,56,98,87,3,18,58,115,24,32"/><T103/><D121/><U50/><E110/><V66/><F105/><W135/><G106/><T54/><D38/><U16/><E134/><N who="2" m="51819" /><F66/><W113/><G74/><T46/><D77/><U1/><E1/><V83/><F83/><W48/><G69/><T20/><D85/><U90/><E62/><V11/><F21/><W93/><G3/><T61/><D36/><U71/><E75/><V102/><F102/><N who="0" m="38954" /><D99/><U72/><E72/><V129/><F129/><W108/><G135/><T117/><D117/><U59/><E71/><V120/><F120/><W12/><G108/><T0/><D0/><U65/><E65/><V60/><F60/><W4/><G113/><T14/><D14/><U30/><E59/><V10/><F10/><AGARI ba="0,0" hai="10,15,17,20,25,31,44,46,54,57,61" m="38954" machi="10" ten="30,1500,0" yaku="8,1" doraHai="119" who="0" fromWho="2" sc="250,15,250,0,250,-15,250,0" /><INIT seed="0,1,0,3,1,83" ten="265,250,235,250" oya="0" hai0="103,57,102,118,38,37,51,3,110,93,16,4,134" hai1="69,123,17,36,114,119,6,9,61,76,7,100,59" hai2="5,34,21,43,116,10,39,55,89,79,115,62,111" hai3="127,52,53,33,32,120,19,25,2,94,77,24,14"/><T54/><D118/><U82/><E119/><V70/><F116/><W12/><G77/><T31/><D31/><U72/><E123/><V117/><F117/><W97/><G2/><T66/><D134/><U105/><E114/><V92/><F34/><W113/><G113/><T98/><D110/><U109/><E36/><V67/><F115/><W0/><G0/><T30/><D30/><U40/><E40/><V46/><F79/><W124/><G120/><T112/><D112/><U29/><E69/><V125/><F111/><W20/><G12/><T78/><D78/><U23/><E29/><V27/><F125/><N who="3" m="48203" /><G32/><T68/><D102/><U44/><E44/><V75/><F75/><W121/><G121/><T28/><D28/><U101/><E105/><V58/><F21/><W86/><G86/><T108/><D108/><U1/><E7/><V128/><F27/><N who="3" m="10315" /><G33/><T135/><D135/><U41/><E41/><V130/><F10/><W84/><G97/><T81/><D4/><U42/><E42/><V47/><F5/><W126/><N who="3" m="48211" /><W73/><DORA hai="26" /><G73/><T35/><D3/><U95/><E109/><V45/><F130/><W85/><G85/><T132/><D35/><U22/><E22/><V18/><F18/><W48/><G48/><T65/><D16/><U11/><E11/><V133/><F133/><W49/><G49/><T13/><D13/><N who="1" m="9647" /><E95/><V91/><F128/><W60/><G60/><T99/><D132/><U64/><E1/><V96/><F91/><AGARI ba="1,0" hai="14,19,20,52,53,84,91,94" m="10315,48211" machi="91" ten="40,5200,0" yaku="18,1,52,1,54,1" doraHai="83,26" who="3" fromWho="2" sc="265,0,250,0,235,-55,250,55" /><INIT seed="1,0,0,2,3,11" ten="265,250,180,305" oya="1" hai0="117,73,133,119,101,135,26,56,41,63,6,86,53" hai1="113,48,51,123,70,98,76,24,91,95,126,68,96" hai2="4,62,100,82,21,44,15,2,25,43,65,60,102" hai3="92,115,84,20,69,105,79,19,31,122,40,14,109"/><U114/><E123/><V37/><F2/><W78/><G105/><T55/><D73/><U80/><E126/><V121/><F121/><W75/><G115/><T88/><D41/><U99/><E114/><V107/><F107/><W29/><G69/><T89/><D101/><U61/><E113/><V0/><F0/><W50/><G75/><T106/><D106/><U118/><E118/><N who="0" m="45065" /><D6/><U125/><E125/><V71/><F62/><W64/><G64/><T34/><D53/><U52/><E70/><V116/><F82/><W83/><G78/><T74/><D74/><U87/><E68/><V90/><F90/><W10/><G109/><T110/><D110/><U28/><E51/><V97/><F97/><W112/><G112/><T30/><D86/><U77/><E77/><V120/><F120/><W81/><G81/><T46/><D46/><U59/><REACH who="1" step="1"/><E61/><REACH who="1" ten="265,240,180,305" step="2"/><V9/><REACH who="2" step="1"/><F116/><REACH who="2" ten="265,240,170,305" step="2"/><W35/><G122/><T22/><D133/><U8/><E8/><V45/><F45/><W17/><G10/><T134/><D135/><U7/><E7/><V42/><F42/><W129/><G40/><T108/><D108/><U1/><E1/><V18/><AGARI ba="0,2" hai="4,9,15,18,21,25,37,43,44,60,65,71,100,102" machi="18" ten="20,8000,1" yaku="1,1,0,1,7,1,52,1,53,1" doraHai="11" doraHaiUra="66" who="2" fromWho="2" sc="265,-20,240,-40,170,100,305,-20" /><INIT seed="2,0,0,1,3,83" ten="245,200,270,285" oya="2" hai0="6,35,4,38,84,101,58,47,113,99,66,19,121" hai1="62,129,8,32,5,103,1,81,102,112,95,100,64" hai2="111,126,24,70,60,13,61,63,127,122,108,76,93" hai3="27,110,10,2,12,55,44,105,106,91,18,69,77"/><V73/><F73/><W54/><G69/><T72/><D72/><U116/><E116/><V65/><F76/><W92/><G110/><N who="2" m="42025" /><F122/><W43/><G77/><T118/><D35/><U45/><E112/><V135/><F135/><W46/><G2/><T0/><D0/><U21/><E129/><V3/><F3/><W123/><G123/><T56/><D118/><U37/><E32/><V68/><F24/><W124/><G124/><N who="2" m="47657" /><F65/><W74/><G74/><T86/><D66/><U132/><E132/><V98/><F13/><W130/><G27/><T119/><D119/><U40/><E21/><V96/><F96/><W82/><G12/><T88/><D121/><U134/><E134/><V25/><F25/><W125/><G125/><T75/><D75/><U117/><E117/><V7/><F7/><W53/><G130/><T89/><D4/><U26/><E26/><V20/><F20/><W114/><G10/><T71/><D6/><U28/><E28/><V120/><F120/><W109/><G109/><T11/><D99/><U104/><E104/><V16/><F16/><W52/><G18/><T14/><D19/><U59/><REACH who="1" step="1"/><E81/><REACH who="1" ten="245,190,270,285" step="2"/><V30/><F30/><W87/><G82/><T107/><D107/><U23/><E23/><V39/><F39/><W131/><G131/><T97/><D38/><U57/><E57/><V67/><F70/><W22/><G106/><N who="0" m="63791" /><D71/><U9/><E9/><V78/><F68/><W115/><G105/><T133/><D133/><U42/><E42/><V31/><F31/><W48/><G22/><T51/><D113/><U94/><AGARI ba="0,1" hai="1,5,8,37,40,45,59,62,64,94,95,100,102,103" machi="94" ten="30,2000,0" yaku="1,1,0,1,53,0" doraHai="83" doraHaiUra="17" who="1" fromWho="1" sc="245,-5,190,30,270,-10,285,-5" /><INIT seed="3,0,0,5,4,17" ten="240,220,260,280" oya="3" hai0="59,89,22,94,52,77,57,78,82,26,38,64,32" hai1="132,20,108,67,6,85,4,31,39,71,109,27,11" hai2="8,103,53,15,91,99,106,123,131,62,130,56,10" hai3="83,21,114,37,7,25,65,28,51,124,16,13,74"/><W30/><G37/><T55/><D32/><U80/><E39/><V126/><F126/><W9/><G124/><T87/><D38/><U119/><E132/><V60/><F123/><W133/><G114/><T113/><D113/><U75/><E75/><V5/><F91/><W120/><G120/><T23/><D64/><U121/><E121/><V86/><F86/><W135/><G65/><T73/><D77/><U1/><E119/><V122/><F122/><W76/><G51/><T3/><D3/><U90/><REACH who="1" step="1"/><E6/><REACH who="1" ten="240,210,260,280" step="2"/><V79/><F131/><W118/><G118/><T18/><REACH who="0" step="1"/><D23/><REACH who="0" ten="230,210,260,280" step="2"/><U96/><E96/><V93/><F99/><W45/><G135/><T95/><D95/><U2/><E2/><V125/><F93/><W69/><G133/><T63/><D63/><AGARI ba="0,2" hai="1,4,11,20,27,31,63,67,71,80,85,90,108,109" machi="63" ten="40,2600,0" yaku="1,1,52,1,53,0" doraHai="17" doraHaiUra="104" who="1" fromWho="0" sc="230,-26,210,46,260,0,280,0" /><INIT seed="4,0,0,1,1,81" ten="204,256,260,280" oya="0" hai0="96,5,84,102,12,36,121,25,125,106,120,133,44" hai1="92,18,72,54,126,34,58,42,59,98,46,112,130" hai2="17,4,119,103,132,74,91,97,32,127,128,77,65" hai3="83,31,115,82,85,10,27,63,104,90,108,131,76"/><T123/><D125/><U47/><E34/><V60/><F32/><W78/><G108/><T35/><D133/><U87/><E72/><V89/><F127/><W9/><G104/><T40/><D5/><U86/><E130/><V0/><F128/><W122/><G131/><T66/><D12/><U111/><E111/><V70/><F132/><W48/><G115/><T95/><D66/><U62/><E126/><V99/><F99/><W16/><G63/><T11/><D11/><U41/><E112/><V75/><F4/><W79/><G122/><T114/><D114/><U51/><E18/><V21/><F0/><W23/><G48/><T45/><D45/><U30/><E30/><V93/><F119/><W80/><G31/><T49/><D35/><U53/><E47/><V69/><F69/><W50/><G50/><T88/><REACH who="0" step="1"/><D25/><REACH who="0" ten="194,256,260,280" step="2"/><U135/><E135/><V39/><F65/><W2/><G2/><T67/><D67/><U52/><E46/><V33/><F33/><W113/><G113/><T100/><D100/><N who="1" m="60487" /><E54/><V71/><F103/><W24/><G27/><T3/><D3/><U26/><E26/><V94/><F71/><W124/><G124/><T73/><D73/><U110/><E110/><V13/><F70/><W37/><G37/><AGARI ba="0,1" hai="36,37,40,44,49,84,88,95,96,102,106,120,121,123" machi="37" ten="40,7700,0" yaku="1,1,52,1,54,1,53,0" doraHai="81" doraHaiUra="57" who="0" fromWho="3" sc="194,87,256,0,260,0,280,-77" /><INIT seed="4,1,0,5,1,8" ten="281,256,260,203" oya="0" hai0="48,85,102,99,126,72,129,16,123,10,92,0,73" hai1="60,43,90,31,26,115,37,6,78,59,5,39,52" hai2="122,63,34,23,113,116,62,20,32,132,118,29,71" hai3="17,56,121,87,30,119,70,79,69,104,53,47,68"/><T57/><D123/><U42/><E78/><V127/><F122/><W28/><G104/><T125/><D129/><U19/><E115/><V9/><F113/><W64/><G121/><T14/><D0/><U135/><E135/><V86/><F71/><W50/><G119/><N who="2" m="45609" /><F132/><W88/><G79/><T38/><D38/><U82/><E39/><V111/><F111/><W105/><G105/><T58/><D85/><N who="1" m="50487" /><E31/><V112/><F112/><W83/><G64/><T21/><D10/><U81/><E81/><V18/><F127/><N who="0" m="48650" /><D48/><U106/><E106/><V4/><F86/><W35/><G35/><N who="2" m="13353" /><F29/><W109/><G109/><T101/><D101/><U11/><E37/><V7/><F7/><N who="1" m="2569" /><E26/><N who="2" m="14615" /><F23/><W54/><REACH who="3" step="1"/><G17/><REACH who="3" ten="281,256,260,193" step="2"/><T91/><D73/><U95/><E19/><V55/><F55/><W67/><G67/><T133/><D72/><U80/><E52/><V97/><F97/><W1/><G1/><AGARI ba="1,1" hai="1,4,9,62,63" m="14615,13353,45609" machi="1" ten="30,1000,0" yaku="12,1" doraHai="8" who="2" fromWho="3" sc="281,0,256,0,260,23,193,-13" /><INIT seed="5,0,0,2,3,21" ten="281,256,283,180" oya="1" hai0="125,30,2,120,56,132,100,94,119,24,45,130,54" hai1="49,91,8,81,79,69,59,47,73,86,123,135,62" hai2="58,6,31,121,67,70,53,103,106,89,1,26,115" hai3="76,88,34,98,131,122,4,128,39,46,124,18,80"/><U65/><E135/><V129/><F121/><W84/><G122/><T27/><D2/><U102/><E123/><V113/><F129/><N who="3" m="49739" /><G4/><T63/><D120/><U109/><E109/><V3/><F6/><W126/><G34/><T60/><D119/><U9/><E102/><V57/><F70/><W16/><G39/><T36/><D132/><U71/><E71/><V83/><F67/><W7/><G7/><T29/><D130/><U87/><E73/><V68/><F68/><W51/><G98/><N who="0" m="59479" /><D36/><U20/><E20/><N who="2" m="15815" /><F103/><W107/><G76/><T44/><D63/><U11/><E69/><V22/><F22/><W10/><G107/><T38/><D38/><U32/><E32/><V50/><F106/><W116/><G116/><T5/><D5/><U90/><REACH who="1" step="1"/><E86/><REACH who="1" ten="281,246,283,180" step="2"/><N who="2" m="50399" /><F1/><W97/><G97/><T74/><D74/><U28/><E28/><V96/><F3/><W64/><G64/><T110/><D30/><U108/><E108/><V117/><F96/><W118/><G118/><T127/><D29/><U40/><AGARI ba="0,1" hai="8,9,11,40,47,49,59,62,65,79,81,87,90,91" machi="40" ten="30,11700,0" yaku="1,1,0,1,8,1,53,1" doraHai="21" doraHaiUra="52" who="1" fromWho="1" sc="281,-39,246,127,283,-39,180,-39" owari="242,-15.8,373,47.3,244,4.4,141,-35.9" /></mjloggm>