<mjloggm ver="2.3"><GO type="225" lobby="0"/><UN n0="%E3%82%B8%E3%83%A3%E3%83%9E%E3%83%BC%E3%83%AB%E3%83%9E%E3%83%AC%E3%83%BC" n1="%E3%83%AD%E3%83%83%E3%83%86%E9%9B%80%E7%90%83" n2="%E7%9C%9F%E4%B8%80" n3="%E7%A7%8B%E6%9C%88%E7%9C%9F%E7%90%86%E4%BA%9E" dan="17,17,17,16" rate="2195.38,2145.08,2254.24,2103.24" sx="M,M,M,F"/><TAIKYOKU oya="0"/><INIT seed="0,0,0,2,4,58" ten="250,250,250,250" oya="0" hai0="132,101,99,104,56,46,133,79,126,5,102,19,28" hai1="26,50,85,134,120,93,117,52,31,97,51,89,13" hai2="10,48,70,21,114,42,107,118,20,116,36,111,61" hai3="90,12,59,103,81,14,115,122,80,96,123,32,94"/><T34/><D126/><U30/><E134/><N who="0" m="51817" /><D79/><U37/><E117/><N who="2" m="45163" /><F114/><W8/><G32/><T69/><D69/><U119/><E120/><N who="3" m="46122" /><G115/><T95/><D5/><U86/><E37/><V124/><F124/><W91/><G59/><T105/><D19/><U72/><E72/><V29/><F107/><N who="0" m="41034" /><D46/><N who="1" m="27735" /><E119/><V67/><F111/><W44/><G44/><T73/><D73/><U38/><E38/><V1/><F36/><W23/><G23/><N who="2" m="8777" /><F29/><N who="1" m="10761" /><E26/><V88/><F48/><W24/><G24/><N who="0" m="18695" /><D56/><U60/><E51/><V84/><F42/><W6/><G14/><T109/><D109/><U68/><E68/><V77/><F77/><W128/><G128/><T33/><D33/><U39/><E39/><V87/><F88/><AGARI ba="0,0" hai="6,8,12,80,81,88,90,91,94,96,103" m="46122" machi="88" ten="30,2000,0" yaku="13,1,54,1" doraHai="58" who="3" fromWho="2" sc="250,0,250,0,250,-20,250,20" /><AGARI ba="0,0" hai="88,95,99,101,102" m="18695,41034,51817" machi="88" ten="30,2900,0" yaku="20,1,54,1" doraHai="58" who="0" fromWho="2" sc="250,29,250,0,230,-29,270,0" /><INIT seed="0,1,0,5,5,76" ten="279,250,201,270" oya="0" hai0="90,108,98,84,11,72,122,3,79,134,59,121,97" hai1="36,49,68,43,33,20,9,74,91,8,70,54,32" hai2="64,77,24,132,27,114,80,0,99,89,66,67,60" hai3="18,105,117,123,106,58,14,95,131,7,23,34,17"/><T63/><D3/><U39/><E74/><V19/><F114/><W56/><G34/><T88/><D11/><U12/><E20/><V103/><F132/><W46/><G117/><T4/><D4/><U111/><E111/><V16/><F0/><W130/><G123/><N who="0" m="47115" /><D59/><U37/><E43/><V94/><F60/><W110/><G110/><T62/><D108/><U65/><E91/><N who="0" m="34857" /><D62/><U42/><E42/><V53/><F53/><W13/><G7/><T35/><D63/><U41/><E41/><V83/><F77/><W28/><G28/><T93/><D35/><U118/><E118/><V69/><F89/><W100/><G95/><T86/><D134/><U71/><E65/><V126/><F126/><W109/><G109/><T44/><D44/><U102/><E102/><V29/><F69/><W21/><G46/><T40/><D40/><U124/><E124/><V133/><F133/><W45/><G45/><T10/><D10/><U5/><E9/><V2/><F2/><W78/><G100/><N who="0" m="60463" /><D98/><U22/><E22/><N who="2" m="13383" /><F29/><W38/><G38/><T25/><D25/><U50/><E50/><V113/><F113/><W73/><G130/><T119/><D119/><U48/><E49/><V15/><F27/><W30/><G131/><T125/><D125/><U26/><E26/><V85/><F85/><W31/><G73/><T116/><D116/><U129/><E129/><V112/><F112/><W55/><G55/><T51/><D51/><U1/><E1/><V96/><F96/><W107/><G107/><T135/><D135/><U52/><E54/><V128/><F128/><W120/><G120/><RYUUKYOKU ba="1,0" sc="279,0,250,0,201,0,270,0" hai0="72,79,84,86" hai1="5,8,12,32,33,36,37,39,48,52,68,70,71" hai2="15,19,64,66,67,80,83,94,99,103" hai3="13,14,17,18,21,23,30,31,56,58,78,105,106" /><INIT seed="0,2,0,5,4,75" ten="279,250,201,270" oya="0" hai0="110,20,76,38,33,130,37,85,67,88,115,25,87" hai1="79,31,84,5,19,34,1,104,65,11,21,9,13" hai2="36,46,83,44,121,51,45,4,91,3,63,78,48" hai3="109,6,126,97,59,43,27,120,64,50,12,96,39"/><T71/><D33/><U30/><E104/><V41/><F121/><W77/><G120/><T90/><D115/><U99/><E99/><V7/><F91/><W54/><G109/><T129/><D110/><U32/><E65/><V100/><F100/><W62/><G126/><T74/><D67/><U0/><E84/><N who="0" m="32329" /><D71/><U98/><E98/><V105/><F105/><W18/><G39/><N who="0" m="14859" /><D74/><U26/><E79/><V17/><F17/><W108/><G108/><T113/><D76/><U72/><E72/><N who="2" m="43463" /><F7/><W134/><G43/><T102/><D102/><U93/><E93/><V49/><F63/><W28/><G77/><T57/><D57/><U125/><E125/><V122/><F122/><W107/><G107/><T124/><D113/><U112/><E112/><V15/><F15/><W8/><G6/><T95/><D95/><U24/><E0/><V16/><F16/><W131/><G97/><T123/><D123/><U135/><E135/><V23/><F23/><AGARI ba="2,0" hai="1,5,9,11,13,19,21,23,24,26,30,31,32,34" machi="23" ten="30,16000,3" yaku="7,1,9,1,35,6" doraHai="75" who="1" fromWho="2" sc="279,0,250,166,201,-166,270,0" /><INIT seed="1,0,0,4,4,135" ten="279,416,35,270" oya="1" hai0="36,80,82,122,10,0,69,113,83,66,9,35,92" hai1="16,100,44,5,15,38,131,51,54,30,99,105,129" hai2="86,127,116,59,96,55,17,114,81,23,57,91,112" hai3="101,22,77,134,102,103,75,31,71,52,20,25,37"/><U98/><E30/><V110/><F110/><W85/><G75/><T119/><D113/><N who="2" m="43626" /><F116/><W47/><G71/><T11/><D119/><U132/><E132/><V32/><F32/><W2/><G2/><T111/><D35/><U3/><E38/><V120/><F120/><W46/><G134/><T26/><D36/><U24/><E24/><N who="2" m="14447" /><F96/><W64/><G64/><T73/><D73/><U72/><E72/><V63/><F57/><W97/><G97/><T84/><D0/><U43/><E5/><V126/><AGARI ba="0,0" hai="55,59,63,81,86,91,126,127" m="14447,43626" machi="126" ten="30,4000,0" yaku="11,1,52,2" doraHai="135" who="2" fromWho="2" sc="279,-10,416,-20,35,40,270,-10" /><INIT seed="2,0,0,3,4,5" ten="269,396,75,260" oya="2" hai0="130,26,129,14,48,82,34,63,81,87,132,126,21" hai1="42,75,20,11,79,8,118,54,52,35,89,107,71" hai2="3,64,58,127,41,2,29,128,96,98,66,123,86" hai3="49,25,6,105,12,125,60,91,44,56,16,9,22"/><V80/><F123/><W1/><G105/><T30/><D126/><U116/><E35/><V59/><F127/><W36/><G36/><T72/><D132/><U94/><E107/><V40/><F29/><W103/><G125/><T124/><D124/><U38/><E71/><V121/><F121/><W4/><G103/><T117/><D117/><U32/><E32/><V74/><F86/><W110/><G110/><T90/><D48/><U112/><E112/><V102/><F80/><W108/><G108/><T114/><D114/><U31/><E42/><V73/><REACH who="2" step="1"/><F102/><REACH who="2" ten="269,396,65,260" step="2"/><W84/><G1/><T134/><D82/><U19/><E31/><V53/><F53/><N who="3" m="29863" /><G84/><T101/><D101/><U67/><E54/><V77/><F77/><W61/><G91/><T95/><D81/><U97/><E89/><V109/><F109/><W135/><G135/><T10/><D134/><U15/><E79/><V13/><F13/><W100/><G100/><T92/><D90/><U39/><E15/><V122/><F122/><W46/><G46/><T69/><D87/><U113/><E118/><V131/><AGARI ba="0,1" hai="2,3,40,41,58,59,64,66,73,74,96,98,128,131" machi="131" ten="25,9600,0" yaku="1,1,0,1,22,2,53,0" doraHai="5" doraHaiUra="85" who="2" fromWho="2" sc="269,-32,396,-32,65,106,260,-32" /><INIT seed="2,1,0,3,0,72" ten="237,364,171,228" oya="2" hai0="97,25,101,62,89,54,96,112,11,81,105,12,93" hai1="8,88,77,119,127,28,120,85,79,22,39,66,15" hai2="67,128,0,53,13,80,107,69,30,38,125,27,82" hai3="19,122,6,48,58,47,98,108,109,75,104,26,35"/><V99/><F0/><W114/><G122/><T61/><D112/><U83/><E119/><V21/><F38/><W87/><G75/><T95/><D105/><U29/><E39/><V31/><F31/><N who="1" m="11849" /><E127/><V86/><F125/><W121/><G121/><T84/><D25/><U37/><E37/><V9/><F128/><W18/><G114/><T113/><D54/><U134/><E134/><V36/><F36/><W115/><G115/><T33/><D33/><U7/><E120/><V20/><F69/><W124/><G124/><T55/><D55/><U92/><E66/><V63/><F53/><W43/><G6/><T131/><D131/><U51/><E51/><V117/><F117/><W132/><G132/><T45/><D45/><U73/><E73/><V68/><F20/><W71/><G71/><T49/><D49/><U14/><E92/><V118/><F118/><W123/><G123/><T60/><D113/><U103/><E103/><V46/><F46/><W57/><G35/><T100/><REACH who="0" step="1"/><D62/><REACH who="0" ten="227,364,171,228" step="2"/><U59/><E59/><V4/><REACH who="2" step="1"/><F86/><REACH who="2" ten="227,364,161,228" step="2"/><W34/><G87/><T42/><D42/><U52/><E52/><V56/><F56/><W135/><G135/><T106/><D106/><U64/><E64/><V94/><F94/><W130/><G130/><T76/><D76/><U2/><E2/><V17/><F17/><AGARI ba="1,2" hai="11,12,17,60,61,81,84,89,93,95,96,97,100,101" machi="17" ten="30,7700,0" yaku="1,1,7,1,9,1,8,1,53,0" doraHai="72" doraHaiUra="23" who="0" fromWho="2" sc="227,100,364,0,161,-80,228,0" /><AGARI ba="1,0" hai="7,8,14,15,17,22,77,79,83,85,88" m="11849" machi="17" ten="30,7700,0" yaku="8,1,52,2,54,1" doraHai="72" who="1" fromWho="2" sc="327,0,364,77,81,-77,228,0" /><INIT seed="3,0,0,2,2,67" ten="327,441,4,228" oya="3" hai0="79,46,115,19,33,24,65,107,130,0,106,121,105" hai1="17,110,47,85,118,80,64,77,119,38,94,56,58" hai2="57,70,4,109,112,48,81,135,11,49,127,60,51" hai3="122,8,103,111,91,75,32,132,101,83,35,31,116"/><W52/><G116/><N who="1" m="44586" /><E110/><V95/><F112/><W131/><G122/><T29/><D121/><U2/><E2/><V84/><F109/><W134/><G111/><T28/><D0/><U92/><E17/><V10/><F135/><N who="3" m="51755" /><G131/><T69/><D105/><U45/><E45/><V74/><F127/><W50/><G8/><T14/><D106/><U21/><E21/><V15/><F74/><W100/><G31/><T13/><D13/><U44/><E44/><V42/><F10/><W123/><G123/><T63/><D63/><N who="1" m="37991" /><E58/><V98/><F70/><W68/><G68/><T37/><D79/><U104/><E104/><V41/><F57/><N who="3" m="32919" /><G91/><T16/><D130/><U22/><E22/><V54/><F60/><W20/><G20/><T6/><D33/><U90/><E90/><V39/><F39/><W126/><G126/><T25/><D19/><U87/><E38/><V9/><F54/><W124/><G124/><T129/><D16/><U27/><E47/><V61/><F9/><W82/><G82/><T62/><D129/><U59/><E80/><V26/><F26/><W66/><G66/><T76/><D25/><U72/><E59/><V108/><F108/><W23/><G23/><T128/><D24/><U53/><E27/><V99/><F61/><W114/><G114/><T18/><D115/><U102/><E53/><V12/><F12/><W40/><G40/><N who="2" m="15465" /><F81/><W133/><N who="3" m="51763" /><W7/><DORA hai="125" /><G7/><T113/><D6/><U93/><E102/><N who="3" m="26114" /><W5/><DORA hai="73" /><G5/><T89/><D28/><U117/><E117/><V97/><F95/><W36/><G36/><T78/><D29/><RYUUKYOKU ba="0,0" sc="327,-30,441,10,4,10,228,10" hai1="72,77,85,87,92,93,94" hai2="4,11,15,48,49,51,84,97,98,99" hai3="32,35,75,83" /><INIT seed="3,1,0,3,5,78" ten="297,451,14,238" oya="3" hai0="115,82,70,44,91,43,16,127,64,75,80,14,59" hai1="65,79,41,10,45,131,34,94,49,68,13,32,54" hai2="39,117,21,24,73,9,133,108,67,60,66,134,47" hai3="86,33,29,26,28,6,111,23,99,132,3,93,116"/><W96/><G116/><T121/><D121/><U2/><E131/><V107/><F73/><W15/><G132/><T123/><D123/><U92/><E2/><V74/><F74/><W125/><G125/><T58/><D127/><U85/><E68/><V83/><F83/><N who="0" m="31786" /><D75/><U72/><E65/><V104/><F9/><W11/><G111/><T17/><D70/><U71/><E85/><V46/><F21/><W124/><G124/><T100/><D115/><U110/><E79/><V98/><F24/><W113/><G113/><T97/><D100/><U1/><E54/><V18/><F18/><N who="0" m="7274" /><D14/><U130/><E13/><V122/><F117/><W42/><G42/><T51/><D64/><U63/><E34/><V76/><F76/><W7/><G7/><T118/><D118/><U103/><E32/><V5/><F108/><W36/><G36/><T129/><D129/><U69/><E71/><V40/><F122/><W114/><G114/><T89/><D97/><U53/><E69/><V109/><F109/><W19/><G29/><T62/><D62/><U4/><E63/><V37/><F5/><W30/><G30/><T50/><D50/><U120/><E49/><V12/><F12/><W95/><REACH who="3" step="1"/><G86/><REACH who="3" ten="297,451,14,228" step="2"/><T106/><D106/><N who="2" m="40490" /><F98/><AGARI ba="1,1" hai="3,6,11,15,19,23,26,28,33,93,95,96,98,99" machi="98" ten="40,12000,1" yaku="1,1,24,2,53,1" doraHai="78" doraHaiUra="27" who="3" fromWho="2" sc="297,0,451,0,14,-123,228,133" owari="297,-10.3,451,55.1,-109,-60.9,361,16.1" /></mjloggm>