<mjloggm ver="2.3"><GO type="225" lobby="0"/><UN n0="%E3%82%A2%E3%82%A4%E3%82%B9%E3%83%86%E3%82%A3%E3%83%BC%E3%81%82%E3%81%B9" n1="%E3%81%AF%E3%82%88%E3%81%8A%E3%81%98%E3%81%95%E3%82%93" n2="%E3%81%BF%E3%81%BF%E3%81%9A" n3="%E3%81%A0%E3%81%8A" dan="16,17,16,16" rate="2088.16,2226.41,2163.18,2036.14" sx="M,M,M,M"/><TAIKYOKU oya="0"/><INIT seed="0,0,0,0,5,9" ten="250,250,250,250" oya="0" hai0="129,108,68,32,111,91,105,39,50,28,122,52,36" hai1="0,49,135,38,25,89,6,7,58,109,88,85,95" hai2="119,101,130,64,18,8,63,56,31,12,53,59,23" hai3="81,99,117,22,66,125,118,57,80,33,93,90,55"/><T51/><D122/><U73/><E38/><V20/><F130/><W47/><G33/><T19/><D105/><U29/><E73/><V97/><F119/><W120/><G120/><T1/><D1/><U41/><E0/><V114/><F114/><W113/><G113/><T94/><D68/><U115/><E115/><V79/><F79/><W65/><G125/><T27/><D129/><U126/><E126/><V82/><F82/><W86/><G47/><N who="0" m="27743" /><D51/><U128/><E128/><V104/><REACH who="2" step="1"/><F31/><REACH who="2" ten="250,250,240,250" step="2"/><W44/><G80/><T67/><D28/><U3/><E29/><V11/><F11/><W127/><G81/><T60/><D32/><U106/><E109/><N who="0" m="42057" /><D27/><U26/><E25/><V5/><F5/><W16/><G127/><T77/><D77/><U4/><E26/><V42/><F42/><W2/><G118/><T121/><D121/><U46/><E3/><V96/><F96/><W45/><G117/><T21/><D21/><U48/><E4/><V116/><F116/><W76/><G99/><T71/><D19/><U30/><E30/><V69/><F69/><W133/><G22/><T124/><D124/><U10/><E10/><V134/><F134/><W112/><G16/><T17/><D17/><U43/><E135/><V72/><F72/><W107/><G2/><T123/><D123/><U74/><E74/><V61/><AGARI ba="0,1" hai="8,12,18,20,23,53,56,59,61,63,64,97,101,104" machi="61" ten="20,8000,1" yaku="1,1,0,1,7,1,52,1,53,1" doraHai="9" doraHaiUra="92" who="2" fromWho="2" sc="250,-40,250,-20,240,90,250,-20" /><INIT seed="1,0,0,5,3,51" ten="210,230,330,230" oya="1" hai0="65,74,9,89,94,97,36,116,132,44,17,93,16" hai1="92,2,58,90,67,55,15,20,34,26,30,59,37" hai2="61,130,29,41,35,18,122,107,125,50,98,91,25" hai3="78,53,104,121,68,23,5,63,45,19,113,4,134"/><U60/><E2/><V52/><F122/><W70/><G121/><T73/><D116/><U6/><E37/><V100/><F125/><W75/><G104/><T7/><D132/><U27/><E6/><V111/><F111/><W11/><G113/><T84/><D65/><U95/><E15/><V28/><F130/><W129/><G134/><T14/><D36/><U114/><E114/><V112/><F112/><W101/><G101/><T103/><D44/><U81/><E81/><V32/><F41/><W87/><G75/><T80/><D74/><U77/><E77/><V69/><F91/><W24/><G5/><T72/><D73/><U38/><E38/><V1/><F18/><W64/><G70/><T8/><D9/><U110/><E110/><V102/><F102/><W54/><G45/><T13/><D14/><U76/><E76/><V42/><F42/><W124/><G124/><T115/><D115/><U43/><E43/><V99/><F99/><W108/><G129/><T85/><REACH who="0" step="1"/><D72/><REACH who="0" ten="200,230,330,230" step="2"/><U47/><E47/><N who="2" m="27743" /><F1/><W106/><G108/><T10/><D10/><U40/><E40/><V131/><F131/><W46/><G46/><T133/><D133/><U0/><E0/><V39/><F39/><W128/><G128/><T49/><D49/><U71/><E71/><V120/><F120/><W21/><G68/><T83/><D83/><U12/><E12/><V119/><F119/><W62/><G11/><T96/><D96/><N who="1" m="57367" /><E67/><N who="2" m="41199" /><F25/><N who="3" m="14527" /><G64/><T118/><D118/><U66/><E66/><V88/><F98/><W127/><G24/><T82/><D82/><U135/><E135/><V123/><F123/><RYUUKYOKU ba="0,1" sc="200,30,230,-10,330,-10,230,-10" hai0="7,8,13,16,17,80,84,85,89,93,94,97,103" /><INIT seed="2,1,1,5,2,111" ten="230,220,320,220" oya="2" hai0="77,114,14,12,57,66,135,134,51,19,103,76,88" hai1="106,73,133,67,3,20,85,56,21,32,48,93,81" hai2="102,36,74,101,109,8,35,65,99,7,71,33,50" hai3="113,26,49,87,44,70,104,96,0,84,58,100,37"/><V17/><F109/><W69/><G0/><T59/><D103/><U25/><E106/><V116/><F116/><W24/><G37/><T13/><D19/><U122/><E3/><V120/><F36/><W15/><G113/><T131/><D131/><U54/><E133/><N who="0" m="50697" /><D114/><U78/><E122/><V90/><F120/><W39/><G39/><T6/><D6/><U91/><REACH who="1" step="1"/><E67/><REACH who="1" ten="230,210,320,220" step="2"/><V127/><F65/><W47/><G70/><T34/><D66/><U64/><E64/><V83/><F127/><W72/><G69/><T16/><D34/><U43/><E43/><V86/><F33/><W75/><G104/><T40/><D40/><U28/><AGARI ba="1,2" hai="20,21,25,28,32,48,54,56,73,78,81,85,91,93" machi="28" ten="30,2000,0" yaku="1,1,0,1,53,0" doraHai="111" doraHaiUra="126" who="1" fromWho="1" sc="230,-6,210,43,320,-11,220,-6" /><INIT seed="3,0,0,3,5,70" ten="224,253,309,214" oya="3" hai0="78,127,86,93,118,14,81,5,77,44,69,52,74" hai1="25,72,17,79,132,102,119,53,98,83,45,47,135" hai2="6,57,4,104,111,63,122,42,64,71,92,48,106" hai3="107,37,65,26,91,10,3,61,117,33,29,115,34"/><W39/><G115/><T80/><D127/><U105/><E119/><V62/><F111/><W131/><G117/><T76/><D69/><U1/><E1/><V68/><F92/><W38/><G131/><T24/><D118/><U125/><E125/><V59/><F122/><W28/><G107/><T13/><D24/><U128/><E128/><V123/><F123/><W114/><G114/><T20/><D5/><U7/><E7/><V8/><F48/><W75/><G75/><T101/><D20/><N who="1" m="13455" /><E53/><V0/><F42/><W60/><G91/><T126/><D126/><U82/><E83/><N who="0" m="31817" /><D74/><U41/><E41/><V2/><F64/><W113/><G113/><T120/><D120/><U109/><E109/><V129/><F8/><W21/><G29/><T55/><D86/><U27/><E27/><V88/><F88/><W90/><G90/><T23/><D23/><U19/><E19/><V35/><F129/><W58/><REACH who="3" step="1"/><G61/><REACH who="3" ten="224,253,309,204" step="2"/><T94/><D101/><U11/><E105/><V121/><F121/><W15/><G15/><N who="0" m="5643" /><D44/><U116/><E116/><V54/><F104/><W66/><G66/><T36/><D36/><U87/><E72/><V108/><F106/><W85/><G85/><T133/><D133/><U96/><E45/><V124/><F108/><W110/><G110/><T99/><D99/><N who="1" m="37931" /><E47/><V18/><F124/><W32/><G32/><T9/><D9/><U51/><E102/><V89/><F89/><W50/><G50/><T43/><D43/><U49/><E11/><V103/><F103/><W112/><G112/><T73/><D73/><U56/><E49/><V95/><F63/><RYUUKYOKU ba="0,1" sc="224,10,253,10,309,-30,204,10" hai0="52,55,76,77,78,93,94" hai1="51,56,79,82,87,132,135" hai3="3,10,21,26,28,33,34,37,38,39,58,60,65" /><INIT seed="3,1,1,2,2,93" ten="234,263,279,214" oya="3" hai0="131,124,98,60,63,50,74,41,133,107,61,14,134" hai1="46,101,47,3,79,85,121,13,39,37,54,24,10" hai2="113,69,19,9,111,68,6,84,104,57,95,127,78" hai3="12,122,11,8,31,49,27,112,36,89,81,52,88"/><W7/><G112/><T73/><D124/><U33/><E3/><V77/><F104/><W25/><G122/><T1/><D1/><U110/><E110/><V108/><F19/><W35/><G36/><T56/><D131/><U76/><E101/><V86/><F57/><W82/><G25/><T71/><D71/><N who="2" m="27210" /><F113/><W129/><G129/><T22/><D14/><U17/><E121/><V32/><F32/><W48/><G48/><T5/><D22/><U90/><E46/><V16/><F16/><W4/><G82/><T103/><D5/><U0/><E0/><N who="2" m="199" /><F127/><W97/><G97/><T83/><D83/><N who="1" m="49471" /><E79/><N who="2" m="30219" /><F95/><W42/><G42/><T30/><D30/><N who="1" m="19655" /><E76/><V119/><F119/><W29/><G29/><T15/><D15/><U94/><E94/><V99/><F99/><W59/><G81/><T55/><REACH who="0" step="1"/><D41/><REACH who="0" ten="224,263,279,214" step="2"/><U92/><E13/><AGARI ba="1,2" hai="4,7,8,11,12,13,27,31,35,49,52,59,88,89" machi="13" ten="30,11600,0" yaku="7,1,9,1,54,2" doraHai="93" who="3" fromWho="1" sc="224,0,263,-119,279,0,214,139" owari="224,-17.6,144,-35.6,279,7.9,353,45.3" /></mjloggm>