<mjloggm ver="2.3"><GO type="225" lobby="0"/><UN n0="%72%69%6F%75%63%68%61%6E" n1="%33%74%72%65%65" n2="%E3%81%8B%E3%82%8F%E3%81%A1%E3%82%83%E3%82%93%35%38" n3="%41%54%53%4D" dan="17,17,16,16" rate="2247.68,2240.07,2084.96,2149.66" sx="M,F,M,M"/><TAIKYOKU oya="0"/><INIT seed="0,0,0,4,1,8" ten="250,250,250,250" oya="0" hai0="6,88,72,127,77,94,59,2,53,63,13,92,26" hai1="62,83,60,107,5,44,135,11,115,57,110,101,67" hai2="16,123,108,61,32,52,81,21,47,64,96,86,31" hai3="3,41,56,118,51,29,68,78,117,111,76,37,20"/><T134/><D2/><U36/><E110/><V45/><F123/><W74/><G3/><T66/><D127/><U113/><E135/><V55/><F108/><W132/><G68/><T34/><D134/><U91/><E107/><V90/><F32/><W4/><G132/><T82/><D66/><U119/><E119/><V33/><F33/><W23/><G111/><T122/><D122/><U126/><E101/><V133/><F31/><W97/><G4/><T17/><D6/><U129/><E126/><V9/><F9/><W0/><G0/><T85/><D34/><U1/><E129/><V46/><F96/><W100/><G37/><T18/><D26/><U71/><E91/><V89/><F89/><W73/><G73/><T19/><REACH who="0" step="1"/><D92/><REACH who="0" ten="240,250,250,250" step="2"/><U102/><E5/><V112/><F133/><W50/><G117/><T38/><D38/><U27/><E36/><V120/><F120/><W7/><G118/><T125/><D125/><U87/><E67/><V15/><REACH who="2" step="1"/><F112/><REACH who="2" ten="240,250,240,250" step="2"/><W42/><G7/><T12/><AGARI ba="0,2" hai="12,13,17,18,19,53,59,63,72,77,82,85,88,94" machi="12" ten="30,12000,1" yaku="1,1,0,1,52,2,54,1,53,0" doraHai="8" doraHaiUra="103" who="0" fromWho="0" sc="240,140,250,-40,240,-40,250,-40" /><INIT seed="0,1,0,0,0,133" ten="380,210,200,210" oya="0" hai0="106,44,110,87,36,98,117,29,30,9,135,48,130" hai1="88,23,54,45,68,60,77,13,20,94,28,1,134" hai2="76,66,24,21,82,43,81,80,89,7,49,52,93" hai3="103,11,34,121,65,61,4,38,73,3,74,40,57"/><T19/><D130/><U126/><E126/><V39/><F39/><W115/><G34/><T0/><D135/><U64/><E1/><V14/><F66/><W107/><G115/><T62/><D117/><U27/><E134/><V42/><F76/><W58/><G121/><T100/><D36/><U71/><E77/><V6/><F14/><W69/><G57/><T31/><D110/><U118/><E118/><V67/><F67/><W113/><G58/><T59/><D87/><U101/><E101/><V17/><F6/><W90/><G90/><T47/><D48/><U123/><E123/><V122/><F7/><W75/><G113/><T63/><D62/><U120/><E120/><V26/><F26/><W84/><G84/><T51/><D51/><U25/><E13/><V56/><REACH who="2" step="1"/><F122/><REACH who="2" ten="380,210,190,210" step="2"/><W131/><G131/><T78/><D78/><U85/><E64/><V114/><F114/><W125/><G125/><T8/><D0/><U46/><E71/><V5/><F5/><W124/><G124/><T104/><D19/><N who="1" m="12447" /><E68/><V105/><F105/><W55/><G107/><T109/><D104/><U129/><E129/><V70/><F70/><W41/><G38/><T132/><D132/><U22/><E27/><V18/><F18/><W16/><G16/><T50/><D109/><U96/><E28/><V33/><F33/><W79/><G79/><T97/><D30/><U99/><E22/><V53/><F53/><W37/><G55/><N who="0" m="34303" /><D29/><U119/><E119/><V111/><F111/><W116/><G116/><T92/><D31/><U35/><E35/><V32/><F32/><W91/><G37/><RYUUKYOKU ba="1,1" sc="380,-10,210,-10,190,30,210,-10" hai2="17,21,24,42,43,49,52,56,80,81,82,89,93" /><INIT seed="1,2,1,0,0,60" ten="370,200,220,200" oya="1" hai0="115,47,90,94,73,87,13,21,14,6,9,120,41" hai1="61,126,77,65,97,38,76,83,24,25,86,91,72" hai2="64,42,50,123,28,59,1,95,68,103,74,46,133" hai3="67,20,78,127,52,96,118,53,44,112,125,128,69"/><U84/><E126/><N who="3" m="48138" /><G112/><T114/><D73/><U17/><E38/><V111/><F123/><W102/><G128/><T110/><D110/><U30/><E77/><V131/><F74/><W71/><G118/><T31/><D120/><U101/><E17/><V93/><F1/><W3/><G3/><T105/><D105/><U88/><E86/><V45/><F68/><W51/><G78/><T70/><D70/><U7/><E7/><V32/><F103/><W5/><G69/><T82/><D94/><U23/><E24/><V26/><F111/><W130/><G5/><T122/><D122/><U117/><E117/><V135/><F46/><W40/><G130/><T63/><D63/><U121/><E121/><V36/><F131/><W81/><G81/><T106/><D106/><U33/><E33/><V18/><F18/><W80/><G80/><T89/><D90/><U109/><E109/><V132/><REACH who="2" step="1"/><F36/><REACH who="2" ten="370,200,210,200" step="2"/><W27/><G71/><T104/><D115/><U11/><E72/><V22/><F22/><W56/><G20/><T2/><D114/><U92/><E11/><V12/><F12/><W113/><G113/><T37/><REACH who="0" step="1"/><D104/><REACH who="0" ten="360,200,210,200" step="2"/><U10/><E10/><V15/><F15/><W79/><G27/><AGARI ba="2,3" hai="2,6,9,13,14,21,27,31,37,41,47,82,87,89" machi="27" ten="40,2600,0" yaku="1,1,2,1,53,0" doraHai="60" doraHaiUra="100" who="0" fromWho="3" sc="360,62,200,0,210,0,200,-32" /><INIT seed="2,0,0,2,3,39" ten="422,200,210,168" oya="2" hai0="16,18,52,128,115,10,76,109,71,118,32,13,88" hai1="91,80,62,56,45,29,126,49,78,81,102,104,44" hai2="121,111,63,27,70,77,66,67,57,101,38,120,24" hai3="17,4,116,58,41,113,69,31,11,90,53,0,20"/><V3/><F3/><W54/><G69/><T107/><D115/><U6/><E126/><V127/><F127/><W8/><G113/><T130/><D71/><U55/><E104/><V26/><F111/><W132/><G116/><T122/><D122/><U134/><E134/><V105/><F77/><W112/><G112/><T2/><D32/><U103/><E29/><V50/><F38/><W106/><G106/><T123/><D123/><U51/><E6/><V119/><F119/><W14/><G132/><T7/><D107/><U133/><E133/><V72/><F72/><W99/><G41/><T87/><D118/><U79/><E91/><V12/><F12/><W129/><G129/><N who="0" m="49771" /><D76/><U37/><E37/><V75/><F75/><W22/><G31/><T28/><D28/><U135/><E135/><V114/><F114/><W117/><G117/><T47/><D109/><U15/><E15/><V34/><F34/><W68/><G68/><T96/><D96/><U35/><E35/><V95/><F105/><W65/><G65/><T25/><D25/><U21/><E21/><V48/><F67/><W131/><G131/><T85/><D2/><U23/><E23/><V84/><F70/><W33/><G33/><T108/><D108/><U36/><E79/><V5/><F5/><W94/><REACH who="3" step="1"/><G53/><REACH who="3" ten="422,200,210,158" step="2"/><T82/><D87/><N who="1" m="48535" /><E55/><V73/><F73/><W89/><G89/><T40/><D52/><U100/><E100/><V9/><F101/><W59/><G59/><T1/><D1/><U97/><E103/><V110/><F110/><W98/><G98/><T61/><D61/><AGARI ba="0,1" hai="0,4,8,11,14,17,20,22,54,58,61,90,94,99" machi="61" ten="30,2000,0" yaku="1,1,7,1,53,0" doraHai="39" doraHaiUra="43" who="3" fromWho="0" sc="422,-20,200,0,210,0,158,30" /><INIT seed="3,0,0,5,1,15" ten="402,200,210,188" oya="3" hai0="51,98,39,41,17,120,5,101,7,134,66,33,32" hai1="105,45,87,73,69,90,108,31,29,53,44,14,22" hai2="128,118,99,125,26,50,89,46,76,129,20,88,28" hai3="86,106,12,94,11,25,116,121,55,117,122,92,6"/><W78/><G106/><T96/><D120/><U23/><E73/><V109/><F118/><W110/><G110/><T21/><D39/><U63/><E105/><V49/><F109/><W60/><G117/><T37/><D37/><U130/><E108/><V75/><F125/><W97/><G116/><T112/><D134/><U62/><E69/><V65/><F65/><W30/><G121/><T91/><D112/><U18/><E130/><N who="2" m="50283" /><F99/><W81/><G122/><T113/><D113/><U8/><E31/><V123/><F123/><W111/><G111/><T43/><D66/><U103/><E103/><V48/><F46/><N who="1" m="18025" /><E29/><V59/><F59/><N who="3" m="34943" /><G97/><N who="0" m="37483" /><D32/><U40/><E40/><N who="0" m="15433" /><D33/><U0/><E0/><V34/><F34/><W102/><G102/><T80/><D101/><U19/><E53/><V126/><F126/><W52/><G52/><T133/><D133/><U35/><E35/><V135/><F135/><W93/><G30/><T119/><D119/><U57/><E57/><V71/><F71/><W10/><G10/><T124/><D51/><U79/><E8/><V131/><F131/><W114/><G114/><T77/><D124/><U64/><E64/><V84/><F75/><W82/><G82/><AGARI ba="0,0" hai="20,26,28,48,49,50,76,82,84,88,89" m="50283" machi="82" ten="30,2000,0" yaku="19,1,54,1" doraHai="15" who="2" fromWho="3" sc="402,0,200,0,210,20,188,-20" owari="402,50.2,200,-20.0,230,3.0,168,-33.2" /></mjloggm>