<mjloggm ver="2.3"><GO type="225" lobby="0"/><UN n0="%E3%82%BC%E3%83%AB%E3%83%80%E3%81%AE%E4%BC%9D%E8%AA%AC" n1="%E3%81%B5%E3%81%98%E3%81%8B%E3%81%A4" n2="%E3%81%BE%E3%81%A8%E3%81%9F" n3="%E3%81%BF%E3%81%BF%E3%81%9A" dan="18,16,16,18" rate="2214.38,2150.26,2193.44,2254.79" sx="M,M,M,M"/><TAIKYOKU oya="0"/><INIT seed="0,0,0,1,2,79" ten="250,250,250,250" oya="0" hai0="131,18,66,1,72,26,124,52,8,25,81,129,90" hai1="94,7,20,99,130,82,117,69,6,78,109,110,65" hai2="84,2,127,44,92,121,103,35,32,41,104,17,59" hai3="43,106,100,22,10,96,33,116,73,101,83,50,102"/><T60/><D124/><U120/><E117/><V128/><F121/><W39/><G116/><T135/><D135/><U75/><E120/><V42/><F2/><W118/><G118/><T58/><D66/><U119/><E119/><V97/><F41/><W80/><G33/><T56/><D56/><U57/><E69/><V63/><F128/><N who="0" m="49226" /><D18/><U15/><E130/><V28/><F17/><W113/><G39/><T24/><D90/><U3/><E3/><V89/><F28/><W126/><G113/><T115/><D115/><U49/><E20/><V37/><F127/><W40/><G126/><T14/><D1/><U4/><E65/><AGARI ba="0,0" hai="32,35,37,42,44,59,63,65,84,89,92,97,103,104" machi="65" ten="30,1000,0" yaku="7,1" doraHai="79" who="2" fromWho="1" sc="250,0,250,-10,250,10,250,0" /><INIT seed="1,0,0,0,3,104" ten="250,240,260,250" oya="1" hai0="9,6,22,7,86,32,3,92,53,55,70,66,133" hai1="24,57,131,106,54,64,119,112,48,67,20,5,117" hai2="122,12,105,76,38,116,17,97,58,72,129,77,39" hai3="120,13,42,114,111,95,27,132,0,101,102,18,25"/><U28/><E112/><V94/><F116/><W26/><G120/><T127/><D32/><U29/><E106/><V34/><F34/><W91/><G114/><T10/><D127/><U62/><E131/><V31/><F31/><W96/><G0/><T75/><D133/><U98/><E5/><V125/><F125/><W89/><G132/><T99/><D75/><U78/><E67/><V90/><F77/><W60/><G111/><T35/><D35/><U61/><E61/><V65/><F129/><W87/><G42/><T16/><D86/><U47/><E29/><V118/><F118/><W74/><G74/><T15/><D70/><U50/><E78/><V4/><F4/><W115/><G60/><T8/><D66/><U135/><E135/><V1/><F1/><W124/><G115/><T128/><D128/><U43/><REACH who="1" step="1"/><E98/><REACH who="1" ten="250,230,260,250" step="2"/><V40/><F65/><W110/><G124/><T59/><D3/><U21/><E21/><V83/><F122/><W41/><G110/><T85/><D99/><U73/><E73/><V80/><F105/><W93/><G41/><T49/><D55/><U36/><E36/><V121/><F39/><W37/><G37/><T123/><D123/><U109/><E109/><V130/><F121/><W63/><REACH who="3" step="1"/><G63/><REACH who="3" ten="250,230,260,240" step="2"/><T69/><D69/><AGARI ba="0,2" hai="20,24,28,43,47,48,50,54,57,62,64,69,117,119" machi="69" ten="30,2900,0" yaku="1,1,7,1,53,0" doraHai="104" doraHaiUra="103" who="1" fromWho="0" sc="250,-29,230,49,260,0,240,0" /><INIT seed="1,1,0,1,5,46" ten="221,279,260,240" oya="1" hai0="76,44,14,110,79,43,52,16,20,4,63,41,5" hai1="119,48,102,70,61,114,59,103,33,132,83,104,31" hai2="51,32,96,72,58,112,55,86,18,115,13,129,53" hai3="77,12,36,106,85,120,56,40,47,24,131,128,105"/><U65/><E114/><N who="2" m="43563" /><F72/><W71/><G120/><T19/><D110/><U69/><E119/><V22/><F32/><W1/><G71/><T34/><D34/><U3/><E3/><V91/><F96/><W124/><G1/><T49/><D19/><U25/><E132/><V29/><F29/><W100/><G124/><T75/><D75/><U10/><E10/><V117/><F129/><N who="3" m="49739" /><G100/><T84/><D43/><U68/><E104/><V8/><F55/><W94/><G12/><T135/><D135/><U134/><E134/><V87/><F87/><W35/><G56/><N who="0" m="35207" /><D84/><U107/><E83/><N who="2" m="49631" /><F8/><W2/><G2/><T0/><D0/><U39/><E39/><V81/><F81/><N who="3" m="47279" /><G94/><T30/><D30/><AGARI ba="1,0" hai="24,30,35,36,40,47,105,106" m="47279,49739" machi="30" ten="30,1000,0" yaku="19,1" doraHai="46" who="3" fromWho="0" sc="221,-13,279,0,260,0,240,13" /><INIT seed="2,0,0,4,2,34" ten="208,279,260,253" oya="2" hai0="78,104,31,90,107,52,29,7,49,133,132,13,120" hai1="51,117,103,88,76,10,22,125,97,61,105,5,54" hai2="37,45,108,80,95,84,20,68,26,60,32,39,36" hai3="50,119,28,21,116,70,33,129,48,35,114,40,11"/><V101/><F32/><W71/><G21/><T27/><D120/><U38/><E117/><V62/><F45/><W69/><G40/><T94/><D78/><U123/><E123/><V66/><F62/><W86/><G86/><T25/><D13/><U135/><E38/><V134/><F134/><N who="0" m="51818" /><D7/><U124/><E135/><V98/><F108/><W128/><G11/><T53/><D94/><U9/><E76/><V0/><F0/><W96/><G96/><T126/><D90/><U57/><E22/><V113/><F113/><W122/><G122/><T30/><D126/><N who="1" m="48747" /><E5/><V92/><F92/><W102/><G114/><T65/><D65/><N who="1" m="39087" /><E88/><V12/><F12/><W59/><G102/><T63/><D63/><U56/><AGARI ba="0,0" hai="9,10,51,54,56,97,103,105" m="39087,48747" machi="56" ten="30,1100,0" yaku="18,1" doraHai="34" who="1" fromWho="1" sc="208,-3,279,11,260,-5,253,-3" /><INIT seed="3,0,0,2,4,106" ten="205,290,255,250" oya="3" hai0="105,51,39,5,42,92,30,126,127,65,14,16,107" hai1="45,19,115,104,24,26,0,2,98,38,89,87,17" hai2="88,56,41,60,25,37,81,15,7,8,1,109,58" hai3="110,129,78,122,49,84,113,91,85,6,101,54,20"/><W119/><G113/><T124/><D39/><U135/><E115/><V77/><F109/><W4/><G122/><T76/><D30/><U75/><E75/><V34/><F58/><W86/><G119/><T83/><D5/><N who="3" m="2153" /><G129/><T53/><D92/><U18/><E135/><V43/><F37/><W62/><G101/><T10/><D65/><U112/><E112/><V40/><F1/><W33/><G33/><T114/><D42/><U70/><E70/><V66/><F34/><W50/><G78/><T57/><D114/><U80/><E0/><V128/><F128/><W97/><G20/><T118/><D118/><U63/><E63/><V125/><F125/><W68/><G68/><T13/><D13/><U59/><E59/><V9/><F9/><W102/><G102/><T61/><D61/><U47/><E2/><V72/><F25/><N who="1" m="9833" /><E104/><V100/><REACH who="2" step="1"/><F100/><REACH who="2" ten="205,290,245,250" step="2"/><W21/><G110/><T44/><REACH who="0" step="1"/><D57/><REACH who="0" ten="195,290,245,250" step="2"/><U35/><E38/><V123/><F123/><W36/><G36/><T55/><D55/><U130/><E130/><V90/><AGARI ba="0,2" hai="7,8,15,40,41,43,56,60,66,72,77,81,88,90" machi="90" ten="30,7900,0" yaku="1,1,0,1,52,1,54,1,53,0" doraHai="106" doraHaiUra="117" who="2" fromWho="2" sc="195,-20,290,-20,245,99,250,-39" owari="175,-32.5,270,7.0,344,44.4,211,-18.9" /></mjloggm>