<mjloggm ver="2.3"><GO type="225" lobby="0"/><UN n0="%E3%81%AF%E3%82%88%E3%81%8A%E3%81%98%E3%81%95%E3%82%93" n1="%E9%B3%B3%E6%9D%B1%E3%81%AE%E3%81%86%E3%81%95%E3%81%8E%E3%81%95%E3%82%93" n2="%43%68%65" n3="%E5%B8%86%E7%AB%8B%E5%A4%8F%E8%A1%A3" dan="16,16,16,17" rate="2119.33,2169.80,2110.34,2137.07" sx="M,M,M,M"/><TAIKYOKU oya="0"/><INIT seed="0,0,0,1,1,131" ten="250,250,250,250" oya="0" hai0="47,51,69,38,8,29,102,120,127,77,105,121,34" hai1="42,78,35,59,72,61,71,25,85,68,81,113,124" hai2="3,92,15,0,75,83,80,107,122,112,76,106,52" hai3="40,70,130,101,11,95,132,45,2,26,46,125,20"/><T31/><D69/><U90/><E124/><V6/><F112/><W16/><G132/><T74/><D38/><U64/><E113/><V9/><F122/><W12/><G125/><T99/><D127/><U22/><E35/><V32/><F32/><W115/><G115/><T10/><D77/><U36/><E42/><V43/><F43/><W58/><G70/><T86/><D74/><U94/><REACH who="1" step="1"/><E36/><REACH who="1" ten="250,240,250,250" step="2"/><V82/><F75/><W21/><G40/><N who="0" m="25063" /><D34/><U57/><E57/><V114/><F114/><W44/><G58/><T39/><D39/><U5/><E5/><V23/><F6/><W91/><G130/><T110/><D120/><U66/><E66/><V4/><F4/><W117/><G45/><T100/><D121/><U134/><E134/><V33/><F33/><W111/><G46/><T129/><D129/><U97/><E97/><V87/><F52/><W119/><G44/><T88/><D99/><U104/><E104/><V63/><F106/><W116/><G116/><T56/><D105/><U118/><E118/><V54/><F107/><W7/><G119/><T17/><D56/><U55/><E55/><V30/><F54/><W73/><G117/><T98/><D98/><U133/><E133/><V67/><F67/><W19/><G7/><T108/><D110/><U41/><E41/><V135/><F135/><W27/><G111/><T37/><D37/><U18/><AGARI ba="0,1" hai="18,22,25,59,61,64,68,71,72,78,81,85,90,94" machi="18" ten="20,2700,0" yaku="1,1,0,1,7,1,53,0" doraHai="131" doraHaiUra="49" who="1" fromWho="1" sc="250,-13,240,37,250,-7,250,-7" /><INIT seed="1,0,0,2,5,28" ten="237,277,243,243" oya="1" hai0="78,90,40,103,81,102,46,75,80,122,38,117,32" hai1="25,44,107,105,41,0,133,69,24,118,49,58,125" hai2="64,73,47,79,111,126,33,123,50,19,113,121,128" hai3="35,5,54,1,65,29,127,51,37,71,17,119,13"/><U131/><E118/><V31/><F111/><W60/><G37/><T66/><D117/><U42/><E69/><V115/><F64/><W43/><G119/><T4/><D122/><U89/><E0/><V20/><F128/><W6/><G127/><T95/><D4/><U39/><E125/><V34/><F126/><W62/><G43/><T101/><D66/><U12/><E131/><V2/><F2/><W57/><G62/><T30/><D81/><U100/><E133/><V14/><F79/><W109/><G109/><T23/><D23/><U53/><E41/><V52/><F73/><W16/><G17/><T120/><D120/><N who="2" m="46154" /><F31/><W134/><G1/><T3/><D3/><U112/><E112/><AGARI ba="0,0" hai="14,19,20,33,34,47,50,52,112,113,115" m="46154" machi="112" ten="30,7700,0" yaku="11,1,52,2,54,1" doraHai="28" who="2" fromWho="1" sc="237,0,277,-77,243,77,243,0" /><INIT seed="2,0,0,3,2,33" ten="237,200,320,243" oya="2" hai0="87,93,132,59,0,58,113,107,121,69,111,36,99" hai1="3,8,43,54,53,2,37,125,135,112,94,10,24" hai2="77,25,126,78,38,65,86,117,83,21,28,96,18" hai3="47,22,35,44,115,41,108,133,114,116,6,84,102"/><V134/><F117/><W91/><G35/><T7/><D121/><U16/><E43/><V97/><F38/><W100/><G116/><T122/><D113/><N who="3" m="43017" /><G108/><T26/><D69/><U104/><E112/><V118/><F118/><W85/><G133/><T31/><D122/><U17/><E104/><V9/><F126/><W62/><G62/><T129/><D36/><U14/><E37/><V123/><F123/><W98/><G6/><T119/><D119/><U46/><E125/><V61/><F78/><W88/><G22/><T11/><D111/><U49/><E135/><V19/><F134/><W79/><G79/><T80/><D107/><U64/><E64/><V51/><F51/><N who="3" m="27023" /><G47/><T89/><D129/><U110/><E110/><V23/><F9/><W30/><G30/><T109/><D109/><U67/><E67/><V27/><REACH who="2" step="1"/><F28/><REACH who="2" ten="237,200,310,243" step="2"/><W40/><G40/><T103/><D132/><U32/><E10/><V101/><F101/><W48/><G102/><T92/><D80/><U70/><E49/><V39/><F39/><W42/><G48/><T105/><D105/><U72/><E94/><V56/><AGARI ba="0,1" hai="18,19,21,23,25,27,56,61,65,77,83,86,96,97" machi="56" ten="20,12000,1" yaku="1,1,0,1,7,1,9,1,8,1,53,0" doraHai="33" doraHaiUra="71" who="2" fromWho="2" sc="237,-40,200,-40,310,130,243,-40" /><INIT seed="2,1,0,4,1,73" ten="197,160,440,203" oya="2" hai0="53,24,50,59,10,34,93,23,109,48,131,29,75" hai1="128,37,130,15,25,106,46,120,49,64,13,21,20" hai2="122,103,114,83,81,112,4,54,104,113,60,101,31" hai3="80,32,27,132,107,87,71,105,57,127,16,88,12"/><V90/><F122/><W62/><G127/><T76/><D109/><U30/><E37/><V79/><F31/><W94/><G132/><T78/><D131/><N who="1" m="50219" /><E120/><V33/><F33/><W67/><G71/><T115/><D115/><U22/><E106/><V125/><F4/><W3/><G3/><T9/><D75/><U61/><E13/><V98/><F125/><W47/><G47/><T18/><D34/><U65/><E15/><V82/><F54/><W95/><G27/><T72/><D72/><U1/><E1/><V35/><F60/><W7/><G7/><T63/><D93/><U17/><E17/><V39/><F39/><W121/><G32/><T5/><D18/><U129/><N who="1" m="50227" /><U0/><DORA hai="43" /><E0/><V108/><F108/><W6/><G6/><T102/><D102/><N who="2" m="38922" /><F104/><W8/><G121/><T77/><D5/><U84/><E64/><V100/><F100/><W55/><G107/><T52/><D63/><U92/><E65/><V111/><F111/><W119/><G105/><T134/><D134/><U70/><E70/><V117/><F35/><W2/><G2/><T85/><D85/><U26/><E61/><V97/><F117/><W99/><G67/><T36/><D36/><U74/><E74/><N who="2" m="43255" /><F98/><W14/><G119/><T44/><AGARI ba="1,0" hai="9,10,23,24,29,44,48,50,52,53,59,76,77,78" machi="44" ten="30,12000,2" yaku="0,1,8,1,52,4,54,1" doraHai="73,43" who="0" fromWho="0" sc="197,123,160,-31,440,-61,203,-31" /><INIT seed="3,0,0,0,2,18" ten="320,129,379,172" oya="3" hai0="5,88,31,100,102,25,77,89,84,53,131,8,101" hai1="47,2,110,91,37,22,115,55,34,127,60,54,11" hai2="79,94,57,132,20,58,133,23,81,30,125,36,104" hai3="113,108,45,95,74,43,61,32,33,66,90,65,16"/><W10/><G74/><T72/><D131/><U83/><E115/><V6/><F104/><W73/><G73/><T26/><D72/><U93/><E127/><V129/><F36/><W15/><G113/><T64/><D64/><U46/><E110/><V21/><F129/><W4/><G108/><T82/><D53/><U120/><E34/><V117/><F117/><W44/><G66/><T85/><D85/><U114/><E120/><V68/><F68/><W98/><G44/><T9/><D25/><U49/><E114/><V96/><F30/><W48/><REACH who="3" step="1"/><G4/><REACH who="3" ten="320,129,379,162" step="2"/><T38/><D38/><U19/><E83/><V71/><F6/><W105/><G105/><T122/><D122/><U111/><E111/><V50/><F81/><W29/><G29/><T78/><D77/><U1/><E37/><V134/><F79/><W40/><G40/><T116/><D116/><U121/><E121/><V80/><F80/><W7/><G7/><T124/><D124/><U27/><E11/><V109/><F109/><W3/><G3/><T99/><D99/><N who="1" m="57791" /><E46/><V130/><F125/><W87/><G87/><T106/><D106/><U69/><E69/><AGARI ba="0,1" hai="10,15,16,32,33,43,45,48,61,65,69,90,95,98" machi="69" ten="30,11600,0" yaku="1,1,7,1,54,1,53,1" doraHai="18" doraHaiUra="92" who="3" fromWho="1" sc="320,0,129,-116,379,0,162,126" /><INIT seed="3,1,0,2,2,54" ten="320,13,379,288" oya="3" hai0="59,119,24,101,114,60,102,65,80,61,130,108,128" hai1="84,22,105,70,111,112,67,2,52,25,118,107,50" hai2="131,48,55,68,81,98,72,49,126,109,82,29,122" hai3="47,30,120,39,77,8,53,104,115,21,75,71,127"/><W78/><G115/><T66/><D119/><U86/><E111/><V106/><F68/><W34/><G120/><T28/><D108/><U73/><E112/><V1/><F1/><W10/><G127/><T123/><D123/><U64/><E73/><V97/><F109/><W11/><G104/><T135/><D114/><U57/><E2/><V74/><F55/><W44/><G34/><T35/><D135/><U45/><E70/><V12/><F12/><W92/><G71/><T93/><D80/><U14/><E107/><V3/><F106/><W96/><G75/><T31/><D31/><U110/><E105/><V99/><F3/><W9/><N who="3" m="2048" /><DORA hai="13" /><W87/><G39/><T124/><D124/><U26/><E118/><V0/><F0/><W20/><G87/><T85/><D85/><U83/><E110/><V69/><F99/><W15/><G30/><T5/><D5/><U38/><E14/><V79/><F69/><W117/><G117/><T62/><D101/><U121/><E121/><V23/><F98/><W40/><G40/><T18/><D18/><U19/><E38/><V129/><F97/><W41/><G41/><T27/><D24/><U76/><E25/><V7/><F29/><W89/><G15/><T51/><D93/><U113/><E113/><V42/><F42/><W16/><G16/><T100/><D102/><U125/><E125/><V32/><F126/><W116/><G116/><T37/><D100/><U17/><E19/><V133/><F122/><W95/><G95/><T43/><D37/><U88/><E45/><N who="3" m="17482" /><G53/><N who="0" m="32191" /><D43/><U33/><E33/><V6/><F74/><RYUUKYOKU ba="1,0" sc="320,10,13,10,379,-30,288,10" hai0="27,28,35,60,61,62,65,66,128,130" hai1="17,22,26,50,52,57,64,67,76,83,84,86,88" hai3="20,21,77,78,89,92,96" /><INIT seed="3,2,0,5,1,116" ten="330,23,349,298" oya="3" hai0="130,88,24,55,108,18,95,44,114,92,38,134,119" hai1="28,26,122,42,34,115,39,100,82,69,97,53,68" hai2="43,58,135,15,83,33,21,56,30,73,1,76,60" hai3="47,75,123,103,113,11,64,59,74,90,9,37,35"/><W40/><G113/><T106/><D106/><U67/><E115/><V128/><F1/><W131/><G131/><T71/><D119/><U105/><E53/><V126/><F128/><W3/><G35/><T101/><D130/><U8/><E8/><V96/><F126/><W80/><G103/><T87/><D114/><U63/><E69/><V112/><F112/><W29/><G29/><T132/><D71/><U84/><E84/><V20/><F135/><N who="0" m="51754" /><D108/><U13/><E13/><V107/><F43/><W99/><G123/><T12/><D24/><U6/><E6/><V81/><F81/><W102/><G90/><T66/><D66/><U127/><E127/><V121/><F121/><W72/><G80/><N who="0" m="49255" /><D101/><U50/><E50/><V118/><F118/><W125/><G125/><T16/><D18/><U133/><E133/><V54/><F107/><W32/><G32/><T61/><D61/><U36/><E82/><V5/><F96/><W19/><G19/><T23/><D55/><U49/><E49/><V7/><F58/><W110/><G110/><T27/><D12/><U129/><E129/><V52/><F54/><W120/><G120/><T22/><D23/><U86/><E122/><V14/><F33/><W45/><G3/><T111/><D111/><U48/><E86/><V46/><F46/><W62/><REACH who="3" step="1"/><G47/><REACH who="3" ten="330,23,349,288" step="2"/><T104/><D104/><AGARI ba="2,1" hai="9,11,37,40,45,59,62,64,72,74,75,99,102,104" machi="104" ten="40,3900,0" yaku="1,1,2,1,53,0" doraHai="116" doraHaiUra="51" who="3" fromWho="0" sc="330,-45,23,0,349,0,288,55" /><INIT seed="3,3,0,0,0,25" ten="285,23,349,343" oya="3" hai0="8,63,34,67,106,58,87,85,30,59,46,19,36" hai1="62,17,135,83,81,130,64,120,97,69,66,3,55" hai2="68,18,121,4,2,86,134,122,10,52,12,105,109" hai3="15,44,72,113,13,9,53,128,119,26,42,60,91"/><W99/><G113/><T123/><D123/><N who="2" m="47114" /><F109/><W28/><G72/><T131/><D106/><U92/><E130/><V47/><F134/><W104/><G119/><T90/><D131/><U51/><E135/><V27/><F105/><W29/><G128/><T37/><D59/><U114/><E3/><V38/><F68/><W103/><G91/><T1/><D46/><U40/><E114/><V73/><F73/><W112/><G112/><T49/><D49/><U126/><E126/><V77/><F27/><W115/><G115/><T79/><D79/><U11/><E40/><N who="2" m="22935" /><F52/><W94/><G104/><T100/><D100/><U54/><E54/><V80/><F2/><W5/><G26/><T39/><D34/><U78/><E120/><V33/><F33/><W24/><G24/><T71/><D71/><U125/><E125/><V96/><F96/><W129/><G129/><T116/><D116/><U93/><E69/><V101/><F101/><W20/><G60/><T111/><D111/><U132/><E132/><V0/><F0/><W50/><G53/><T88/><D30/><U45/><E62/><V56/><F56/><W35/><G35/><T16/><D1/><U7/><E97/><V48/><F48/><W32/><G32/><T110/><D110/><U84/><E64/><V14/><F14/><W6/><G6/><AGARI ba="3,0" hai="4,6,10,12,18,77,80,86" m="22935,47114" machi="6" ten="30,1000,0" yaku="13,1" doraHai="25" who="2" fromWho="3" sc="285,0,23,0,349,19,343,-19" owari="285,-11.5,23,-47.7,368,46.8,324,12.4" /></mjloggm>