<mjloggm ver="2.3"><GO type="225" lobby="0"/><UN n0="%E9%BB%92%E9%89%84%E7%8F%A0%E9%9B%AB" n1="%E6%A0%B9%E5%85%83%E3%81%8B%E3%82%89%E5%90%B9%E3%81%A3%E9%A3%9B%E3%81%B6" n2="%E3%83%81%E3%83%AF%E3%83%AF%E9%9A%8A%E9%95%B7" n3="%E3%81%B5%E3%81%98%E3%81%8B%E3%81%A4" dan="16,17,16,17" rate="2168.29,2183.45,2145.68,2181.34" sx="M,F,M,M"/><TAIKYOKU oya="0"/><INIT seed="0,0,0,4,4,113" ten="250,250,250,250" oya="0" hai0="35,15,9,71,96,57,95,50,19,110,39,99,45" hai1="26,21,42,41,3,132,47,126,16,107,123,74,13" hai2="52,0,91,105,23,93,112,22,49,5,68,63,111" hai3="36,12,64,65,100,73,51,117,8,34,6,53,124"/><T104/><D35/><U38/><E123/><V97/><F112/><W25/><G124/><T28/><D28/><U77/><E126/><V66/><F111/><W94/><G73/><T121/><D121/><U30/><E132/><V80/><F105/><W101/><G36/><T70/><D104/><U48/><E107/><V133/><F133/><W72/><G72/><T134/><D134/><U108/><E108/><V90/><F0/><W43/><G43/><T69/><D110/><U89/><E3/><V60/><F5/><W92/><G117/><T40/><REACH who="0" step="1"/><D95/><REACH who="0" ten="240,250,250,250" step="2"/><U103/><E30/><V29/><F29/><W116/><G94/><T7/><D7/><U102/><E38/><V87/><REACH who="2" step="1"/><F60/><REACH who="2" ten="240,250,240,250" step="2"/><W115/><G115/><T98/><D98/><U125/><E125/><V88/><F88/><W61/><G61/><T109/><D109/><U75/><E89/><V20/><F20/><W62/><G62/><T135/><D135/><U76/><E76/><V14/><F14/><W120/><G12/><T4/><D4/><U24/><E77/><V44/><AGARI ba="0,2" hai="22,23,44,49,52,63,66,68,80,87,90,91,93,97" machi="44" ten="20,8000,1" yaku="1,1,0,1,7,1,54,1,53,1" doraHai="113" doraHaiUra="78" who="2" fromWho="2" sc="240,-40,250,-20,240,100,250,-20" /><INIT seed="1,0,0,1,1,71" ten="200,230,340,230" oya="1" hai0="73,105,45,129,35,17,36,0,57,43,69,5,33" hai1="13,70,131,72,63,27,10,16,76,116,54,67,124" hai2="60,114,127,59,82,102,99,126,15,90,123,100,12" hai3="86,80,1,75,50,6,133,78,119,25,65,52,19"/><U3/><E116/><V122/><F114/><W41/><G119/><T21/><D57/><U111/><E124/><N who="2" m="47659" /><F100/><W103/><G133/><T98/><D129/><U29/><E131/><V84/><F123/><W96/><G65/><T37/><D69/><U94/><E111/><V93/><F122/><W8/><G41/><N who="0" m="22695" /><D17/><U135/><E135/><V42/><F42/><W34/><G34/><T44/><D21/><U74/><E3/><V28/><F28/><W91/><G19/><T87/><D87/><U88/><E54/><AGARI ba="0,0" hai="12,15,54,59,60,82,84,90,93,99,102" m="47659" machi="54" ten="30,1000,0" yaku="18,1" doraHai="71" who="2" fromWho="1" sc="200,0,230,-10,340,10,230,0" /><INIT seed="2,0,0,5,3,58" ten="200,220,350,230" oya="2" hai0="115,90,36,72,129,126,6,56,101,52,108,10,124" hai1="94,5,131,59,61,81,46,88,112,64,98,40,78" hai2="128,29,121,104,44,13,4,21,1,86,77,25,63" hai3="19,14,31,111,127,38,57,28,73,62,103,106,119"/><V55/><F121/><W20/><G119/><T130/><D115/><U3/><E131/><N who="0" m="50185" /><D36/><U85/><E112/><V24/><F128/><W95/><G111/><T47/><D72/><U22/><E22/><V11/><F104/><W82/><G38/><T80/><D108/><U35/><E5/><V116/><F116/><W30/><G127/><N who="0" m="48683" /><D101/><U113/><E113/><V50/><F1/><W34/><G106/><T41/><D80/><U83/><E3/><V54/><F24/><W12/><G73/><T109/><D90/><U102/><E35/><V8/><F8/><W18/><G82/><T107/><D107/><U16/><E16/><V69/><F77/><W133/><G34/><T42/><D47/><U23/><E23/><V60/><F21/><W100/><G95/><T134/><D134/><U74/><E83/><V49/><F44/><W79/><G133/><T123/><D123/><U43/><E46/><V75/><F75/><W114/><G114/><T89/><D89/><U125/><E125/><V48/><F29/><W9/><REACH who="3" step="1"/><G79/><REACH who="3" ten="200,220,350,220" step="2"/><T97/><D109/><U53/><E74/><V71/><F25/><W118/><G118/><T2/><D97/><U26/><E26/><V122/><F122/><W120/><G120/><T92/><D92/><U70/><E78/><V110/><F110/><W33/><G33/><T7/><D6/><U84/><E84/><V15/><F86/><W117/><G117/><T105/><D105/><U76/><E76/><V99/><F99/><W0/><G0/><T93/><D93/><N who="1" m="58703" /><E81/><V87/><F87/><W27/><G27/><T135/><D135/><RYUUKYOKU ba="0,1" sc="200,10,220,10,350,-30,220,10" hai0="2,7,10,41,42,52,56" hai1="40,43,53,59,61,64,70,85,88,94" hai3="9,12,14,18,19,20,28,30,31,57,62,100,103" /><INIT seed="3,1,1,5,2,36" ten="210,230,320,230" oya="3" hai0="121,20,7,70,64,77,130,88,104,62,94,115,41" hai1="80,106,9,131,92,4,71,24,105,44,133,30,8" hai2="128,116,47,84,13,73,40,93,23,26,132,75,17" hai3="12,60,122,78,49,72,51,35,69,6,46,135,91"/><W95/><G35/><T63/><D104/><U39/><E71/><V57/><F116/><W134/><G122/><T18/><D121/><U126/><E9/><V76/><F128/><W82/><G69/><T65/><D130/><U56/><E131/><V14/><F132/><N who="3" m="50731" /><G60/><T86/><D115/><U0/><E92/><V52/><F73/><W124/><G124/><T31/><D7/><U87/><E56/><V118/><F75/><W58/><G58/><T112/><D112/><U54/><E126/><V42/><F118/><W43/><G6/><T3/><D3/><U34/><E133/><V48/><F40/><W113/><G12/><T111/><D111/><U100/><E100/><V103/><F103/><W11/><G11/><T15/><D77/><U107/><E54/><V110/><F110/><W83/><G83/><T2/><D2/><U27/><E27/><V59/><F59/><W85/><G113/><T22/><D41/><U5/><E5/><V53/><F13/><W99/><G72/><T108/><D108/><U33/><E33/><V28/><F57/><W10/><G10/><N who="0" m="6519" /><D31/><U61/><E61/><N who="0" m="23049" /><D70/><U37/><E44/><V67/><F47/><W19/><G19/><T123/><D123/><U97/><E0/><V81/><F17/><W45/><G45/><T90/><D90/><N who="1" m="51559" /><E4/><V79/><F14/><W1/><G1/><T114/><D114/><U125/><E125/><V119/><F119/><W127/><G127/><T21/><AGARI ba="1,1" hai="20,21,22,64,65,86,88,94" m="23049,6519" machi="21" ten="30,2000,0" yaku="8,1,54,1" doraHai="36" who="0" fromWho="0" sc="210,33,230,-6,320,-6,230,-11" owari="243,4.3,224,-17.6,314,41.4,219,-28.1" /></mjloggm>