<mjloggm ver="2.3"><GO type="225" lobby="0"/><UN n0="%E3%83%AD%E3%83%83%E3%83%86%E9%9B%80%E7%90%83" n1="%E3%81%A6%E3%81%A4%EF%BC%A3" n2="%72%61%6B%33" n3="%E3%83%AB%E3%83%9B%E3%83%B3%E3%83%87%E3%82%A3%E3%82%A8" dan="17,16,17,17" rate="2258.40,2064.91,2270.21,2211.93" sx="M,M,M,M"/><TAIKYOKU oya="0"/><INIT seed="0,0,0,0,2,86" ten="250,250,250,250" oya="0" hai0="88,82,75,36,76,62,23,61,134,127,79,3,57" hai1="101,20,50,60,96,123,32,4,58,13,105,117,8" hai2="87,34,83,81,72,49,115,63,132,30,104,73,64" hai3="5,122,38,114,35,10,9,21,131,130,80,128,44"/><T93/><D3/><U85/><E123/><V55/><F115/><W2/><G114/><T109/><D36/><U70/><E117/><V124/><F104/><W17/><G122/><T119/><D119/><U41/><E32/><V92/><F124/><W100/><G100/><T25/><D127/><U116/><E116/><V107/><F107/><W33/><G80/><T103/><D134/><U59/><E20/><V68/><F92/><W28/><G44/><T89/><D109/><U65/><E41/><V24/><F132/><W51/><G51/><T26/><D26/><U97/><E97/><V16/><F16/><W121/><G38/><T129/><D129/><U1/><E50/><V77/><REACH who="2" step="1"/><F83/><REACH who="2" ten="250,250,240,250" step="2"/><W48/><G121/><T78/><D82/><U0/><E0/><V7/><F7/><W113/><G113/><T31/><D75/><U67/><E1/><V110/><F110/><W11/><G11/><T135/><D135/><U98/><E98/><V108/><F108/><W90/><G10/><T99/><REACH who="0" step="1"/><D62/><REACH who="0" ten="240,250,240,250" step="2"/><U112/><E112/><V42/><F42/><W91/><G2/><T15/><D15/><U14/><E14/><V27/><F27/><W95/><G130/><T69/><D69/><U39/><E70/><V53/><F53/><AGARI ba="0,2" hai="23,25,31,53,57,61,76,78,79,88,89,93,99,103" machi="53" ten="40,12000,1" yaku="1,1,8,1,52,2,54,1,53,0" doraHai="86" doraHaiUra="126" who="0" fromWho="2" sc="240,140,250,0,240,-120,250,0" /><INIT seed="0,1,0,3,5,68" ten="380,250,120,250" oya="0" hai0="6,88,109,130,119,80,54,60,1,113,64,129,36" hai1="56,47,15,46,127,2,12,121,55,90,75,98,108" hai2="111,38,133,124,50,31,57,37,48,3,78,83,8" hai3="72,70,114,61,82,89,39,43,125,52,122,94,95"/><T115/><D119/><U29/><E121/><V86/><F111/><W107/><G107/><T18/><D54/><U110/><E75/><V25/><F124/><W120/><G114/><T11/><D18/><U27/><E127/><V24/><F133/><W77/><G125/><T128/><D36/><U97/><E2/><V20/><F24/><W17/><G17/><T81/><D109/><N who="1" m="42091" /><E46/><V84/><F84/><W32/><G32/><T96/><D81/><U104/><E47/><V51/><REACH who="2" step="1"/><F57/><REACH who="2" ten="380,250,110,250" step="2"/><W7/><G120/><T30/><D115/><U74/><E74/><V79/><F79/><W69/><G77/><T85/><D113/><U42/><E97/><V63/><F63/><W33/><G61/><T45/><D96/><U19/><E98/><V53/><F53/><W73/><G72/><T34/><D85/><U4/><E56/><V49/><N who="2" m="12288" /><DORA hai="16" /><V13/><F13/><W21/><G52/><T76/><D60/><U132/><E55/><V101/><F101/><W92/><G122/><T14/><D14/><U0/><E132/><V9/><F9/><W118/><G73/><T67/><D11/><U123/><E15/><V26/><F26/><W58/><G58/><T40/><D76/><U10/><E12/><V135/><F135/><W41/><G70/><T126/><D126/><U103/><E103/><V134/><F134/><W106/><G69/><T131/><D131/><U44/><E10/><V117/><F117/><W22/><G118/><T35/><D130/><U59/><E59/><V99/><F99/><W87/><G87/><T91/><D129/><U5/><E123/><RYUUKYOKU ba="1,1" sc="380,-10,250,-10,110,30,250,-10" hai2="3,8,20,25,31,37,38,78,83,86" /><INIT seed="1,2,1,5,5,129" ten="370,240,140,240" oya="1" hai0="22,5,20,110,79,75,54,6,13,15,1,57,114" hai1="133,113,88,86,58,7,81,101,84,116,27,82,16" hai2="38,65,119,123,63,48,2,8,51,68,14,76,30" hai3="33,92,85,42,108,3,103,21,104,131,23,66,37"/><U18/><E113/><V19/><F119/><W69/><G3/><T106/><D106/><U10/><E116/><V29/><F123/><W121/><G121/><T77/><D110/><U111/><E111/><V130/><F130/><W64/><G37/><T135/><D135/><U45/><E133/><V93/><F38/><W44/><G44/><T127/><D127/><U120/><E120/><V62/><F76/><N who="0" m="29258" /><D1/><U32/><E101/><V117/><F117/><W28/><G42/><T80/><D80/><U95/><E45/><V55/><F63/><W11/><G11/><N who="0" m="4335" /><D75/><U83/><E84/><V122/><F122/><W96/><G66/><T118/><D118/><U91/><E91/><V90/><F2/><W74/><G74/><T4/><D114/><U43/><E43/><V59/><REACH who="2" step="1"/><F48/><REACH who="2" ten="370,240,130,240" step="2"/><W134/><G131/><T89/><D89/><U34/><E34/><V125/><F125/><W100/><G108/><T105/><D105/><U112/><E112/><V53/><F53/><W73/><G104/><T26/><D54/><U36/><E36/><V17/><F17/><W102/><G33/><T56/><D4/><U87/><E32/><V109/><F109/><W107/><G107/><T78/><D78/><U12/><E18/><V35/><F35/><W46/><G103/><T0/><D0/><U128/><E128/><V132/><F132/><W126/><G102/><T9/><D22/><U25/><E16/><AGARI ba="2,2" hai="6,9,15,16,20,26,56,57" m="4335,29258" machi="16" ten="30,2000,0" yaku="8,1,54,1" doraHai="129" who="0" fromWho="1" sc="370,46,240,-26,130,0,240,0" /><INIT seed="2,0,0,1,0,13" ten="416,214,130,240" oya="2" hai0="14,95,106,8,62,16,84,51,71,130,83,67,29" hai1="89,20,23,129,73,41,113,134,37,133,72,5,74" hai2="116,47,76,103,53,102,52,115,48,7,131,58,82" hai3="81,1,64,119,122,69,19,24,2,85,57,126,25"/><V12/><F131/><W28/><G69/><T3/><D106/><U98/><E129/><V94/><F115/><W0/><G122/><T50/><D130/><U124/><E113/><V35/><F35/><W40/><G40/><T79/><D3/><U22/><E124/><V128/><F116/><W120/><G120/><T96/><D29/><U121/><E121/><V59/><F128/><W101/><G101/><AGARI ba="0,0" hai="8,14,16,50,51,62,67,71,79,83,84,95,96,101" machi="101" ten="30,3900,0" yaku="7,1,52,1,54,1" doraHai="13" who="0" fromWho="3" sc="416,39,214,0,130,0,240,-39" /><INIT seed="3,0,0,1,3,53" ten="455,214,130,201" oya="3" hai0="39,108,44,8,16,49,10,122,17,69,3,65,83" hai1="68,57,91,127,112,42,129,100,104,5,124,125,20" hai2="46,29,21,107,26,116,93,66,51,79,34,90,117" hai3="35,33,41,74,123,120,95,87,6,19,128,58,97"/><W60/><G74/><T56/><D69/><U119/><E112/><V115/><F115/><W12/><G128/><T135/><D122/><U113/><E113/><V80/><F107/><W114/><G6/><T73/><D108/><U43/><E129/><V38/><F38/><W88/><G114/><T27/><D135/><U101/><E68/><V94/><F34/><W110/><G110/><T2/><D39/><U84/><E119/><V9/><F117/><W4/><G4/><T18/><D2/><U55/><E20/><V89/><F116/><W61/><G61/><N who="0" m="38055" /><D3/><U96/><E100/><V77/><F66/><W103/><G41/><N who="0" m="24719" /><D73/><U118/><E5/><V109/><F109/><W72/><G72/><T67/><D67/><U23/><E23/><V32/><F32/><W82/><G33/><T11/><D83/><N who="1" m="49567" /><E118/><V121/><F121/><W62/><G62/><AGARI ba="0,0" hai="42,43,55,57,62,96,101,104,124,125,127" m="49567" machi="62" ten="30,2000,0" yaku="18,1,52,1" doraHai="53" who="1" fromWho="3" sc="455,0,214,20,130,0,201,-20" owari="455,55.5,234,3.4,130,-37.0,181,-21.9" /></mjloggm>