<mjloggm ver="2.3"><GO type="225" lobby="0"/><UN n0="%E3%81%99%E3%81%84%E3%81%BE%E3%81%9B%E3%83%BC%E3%82%93" n1="%4E%49%4A%49%49%52%4F" n2="%E6%B4%BE%E9%81%A3%E3%81%AE%E3%82%B8%E3%83%A3%E3%83%83%E3%82%AF" n3="%E6%A1%9C%E8%8A%B1%E9%96%83%E3%80%85" dan="16,16,16,17" rate="2083.20,2236.86,2155.40,2141.88" sx="M,M,M,M"/><TAIKYOKU oya="0"/><INIT seed="0,0,0,4,2,55" ten="250,250,250,250" oya="0" hai0="21,121,75,113,52,109,16,115,6,0,54,97,63" hai1="105,60,23,99,47,64,27,48,135,15,131,127,98" hai2="107,13,100,57,25,14,38,49,126,62,65,92,119" hai3="69,83,94,122,34,129,110,37,30,5,82,19,66"/><T77/><D121/><U39/><E127/><V108/><F38/><W11/><G122/><T102/><D109/><U112/><E131/><V76/><F108/><W53/><G110/><T117/><D117/><U80/><E135/><V101/><F126/><W20/><G37/><T41/><D41/><U134/><E39/><V125/><F125/><W70/><G66/><T3/><D77/><U26/><E105/><V73/><F107/><W36/><G36/><T74/><D74/><U24/><E80/><V61/><F119/><W18/><G18/><T67/><D75/><U9/><E23/><V84/><F73/><W32/><G94/><T56/><D6/><U104/><E112/><V116/><F116/><W42/><G53/><T130/><D130/><U120/><E134/><V10/><F25/><N who="3" m="14495" /><G42/><T106/><D115/><U71/><E104/><V2/><F2/><W17/><G17/><T28/><D28/><U128/><E128/><V85/><F49/><W132/><G30/><T4/><D113/><U95/><E95/><V88/><F62/><W45/><G45/><T12/><REACH who="0" step="1"/><D0/><REACH who="0" ten="240,250,250,250" step="2"/><U86/><E120/><V72/><F72/><W133/><G129/><T44/><D44/><U91/><E47/><V1/><F1/><W31/><G31/><T90/><D90/><U29/><E29/><V118/><F118/><W43/><G43/><T78/><D78/><U89/><E89/><V8/><F76/><W51/><G133/><T58/><D58/><U103/><E91/><V59/><F59/><W123/><G132/><T35/><D35/><U114/><E114/><V124/><F124/><RYUUKYOKU ba="0,1" sc="240,30,250,-10,250,-10,250,-10" hai0="3,4,12,16,21,52,54,56,63,67,97,102,106" /><INIT seed="0,1,1,0,3,35" ten="270,240,240,240" oya="0" hai0="123,49,37,8,68,118,99,129,22,24,34,96,80" hai1="89,133,104,25,36,131,12,79,76,19,64,23,119" hai2="60,90,67,59,16,61,115,56,110,38,15,54,127" hai3="74,120,69,82,71,132,77,122,26,6,95,14,62"/><T117/><D123/><N who="3" m="47145" /><G132/><T43/><D68/><U41/><E133/><V83/><F115/><W97/><G26/><T58/><D34/><U78/><E131/><V3/><F110/><W57/><G14/><T87/><D129/><U33/><E104/><V135/><F135/><W70/><G6/><T103/><D37/><U98/><E119/><V27/><F127/><W53/><G70/><T4/><D99/><U42/><E64/><V84/><F38/><W121/><N who="3" m="47153" /><W13/><DORA hai="116" /><G13/><T109/><D109/><U88/><E36/><V44/><F44/><W124/><G124/><T107/><D4/><U81/><E33/><V101/><F101/><AGARI ba="1,1" hai="53,57,62,69,71,74,77,82,95,97,101" m="47153" machi="101" ten="40,8000,1" yaku="13,1,52,4" doraHai="35,116" who="3" fromWho="2" sc="270,0,240,0,240,-83,240,93" /><INIT seed="1,0,0,0,5,1" ten="270,240,157,333" oya="1" hai0="59,85,13,43,55,58,131,122,28,120,72,132,71" hai1="9,99,34,54,96,57,46,111,19,94,14,31,119" hai2="129,44,92,93,50,101,15,65,33,130,79,125,56" hai3="52,104,133,117,77,91,25,2,36,20,47,103,68"/><U86/><E119/><V6/><F33/><W23/><G117/><T87/><D72/><U116/><E116/><V114/><F125/><W37/><G68/><T3/><D3/><U62/><E111/><V35/><F35/><W124/><G124/><T112/><D112/><U66/><E34/><V67/><F79/><W100/><G2/><T106/><D106/><U80/><E31/><V26/><F26/><W8/><G77/><T21/><D71/><U16/><E19/><V118/><F118/><W38/><G8/><T0/><D0/><U12/><E12/><V115/><F56/><W11/><G11/><T126/><D126/><U61/><E94/><N who="2" m="36459" /><F101/><W53/><G103/><T74/><D74/><U83/><E83/><V17/><F6/><W110/><G133/><T29/><D132/><U95/><E95/><V76/><F76/><W108/><G91/><T73/><D73/><U113/><E113/><N who="2" m="43019" /><F44/><W7/><G7/><T81/><D81/><U128/><E128/><N who="2" m="49259" /><F50/><W90/><G47/><T42/><D131/><U121/><E121/><V98/><F98/><N who="3" m="61463" /><G25/><T127/><D127/><U32/><E32/><V88/><F88/><W30/><G90/><T64/><D122/><U27/><E27/><V109/><F109/><N who="3" m="42091" /><G30/><T107/><D29/><U24/><E24/><V78/><F78/><W49/><G49/><T123/><D123/><U97/><E46/><V5/><F5/><W45/><G45/><T39/><D28/><U41/><E41/><V69/><F69/><W105/><G105/><T22/><D120/><U102/><E102/><V51/><F51/><W60/><G53/><RYUUKYOKU ba="0,0" sc="270,-15,240,-15,157,15,333,15" hai2="15,17,65,67" hai3="20,23,36,37,38,52,60" /><INIT seed="2,1,0,5,0,24" ten="255,225,172,348" oya="2" hai0="64,48,123,75,126,14,11,131,15,10,18,95,88" hai1="96,49,26,30,86,5,134,111,73,67,50,71,6" hai2="45,128,22,78,112,122,93,13,109,113,116,98,118" hai3="125,104,53,127,42,19,12,63,130,135,58,117,80"/><V60/><F78/><W72/><G117/><N who="2" m="45161" /><F45/><W114/><G114/><N who="2" m="44137" /><F60/><W89/><G104/><T105/><D123/><U83/><E73/><V32/><F93/><W81/><G42/><T77/><D105/><U68/><E96/><V40/><F98/><W115/><G115/><T1/><D1/><U132/><E67/><V92/><F92/><W23/><G72/><T25/><D126/><U3/><E86/><V87/><F87/><W99/><G99/><T28/><D131/><U84/><E84/><V106/><F40/><W82/><G130/><T90/><D64/><U44/><E83/><V129/><F106/><W17/><G89/><T55/><D75/><U133/><E44/><V20/><F122/><W124/><G81/><T0/><D0/><U103/><E103/><V74/><F74/><W110/><G82/><T56/><D77/><U62/><E62/><V61/><F109/><W121/><G80/><T34/><D95/><U91/><E111/><V79/><F79/><W52/><G121/><T21/><D34/><N who="1" m="20823" /><E91/><V37/><F37/><W31/><G110/><T59/><D56/><U27/><E68/><V108/><F108/><W69/><G69/><T57/><D59/><U4/><E71/><V70/><F32/><W76/><G76/><T54/><D55/><U119/><E119/><V7/><F20/><N who="3" m="11303" /><G53/><T65/><D65/><U66/><E66/><N who="2" m="41295" /><F22/><W94/><G94/><T47/><D47/><U97/><E97/><V43/><F43/><W35/><G35/><T120/><D120/><U16/><E3/><V85/><F85/><W29/><G135/><T33/><D33/><RYUUKYOKU ba="1,0" sc="255,0,225,0,172,0,348,0" hai0="10,11,14,15,18,21,25,28,48,54,57,88,90" hai1="4,5,6,16,27,49,50,132,133,134" hai2="7,13,128,129" hai3="19,23,29,31,52,58,63,124,125,127" /><INIT seed="2,2,0,4,3,56" ten="255,225,172,348" oya="2" hai0="79,37,118,120,109,121,108,12,11,75,30,69,36" hai1="38,42,16,18,62,48,13,85,101,100,27,74,57" hai2="2,26,110,4,123,8,115,125,112,21,6,41,7" hai3="78,0,71,126,66,58,1,94,135,84,61,111,47"/><V5/><F41/><W92/><G111/><N who="0" m="42571" /><D69/><U49/><E38/><N who="0" m="14953" /><D118/><U43/><E74/><V124/><F110/><W134/><G126/><N who="2" m="48745" /><F123/><W60/><G47/><T23/><D79/><U52/><E85/><V28/><AGARI ba="2,0" hai="2,4,5,6,7,8,21,26,28,112,115" m="48745" machi="28" ten="30,6000,0" yaku="18,1,34,2" doraHai="56" who="2" fromWho="2" sc="255,-22,225,-22,172,66,348,-22" /><INIT seed="2,3,0,1,4,64" ten="233,203,238,326" oya="2" hai0="30,112,98,6,41,8,21,118,46,78,117,12,114" hai1="62,0,125,105,7,70,55,127,43,102,109,50,101" hai2="116,120,121,71,38,76,129,82,133,77,130,96,134" hai3="35,122,86,88,131,27,113,107,67,24,87,79,32"/><V90/><F38/><W39/><G122/><N who="2" m="47209" /><F116/><N who="0" m="44650" /><D78/><N who="2" m="30314" /><F71/><W13/><G13/><T2/><D98/><U11/><E109/><V5/><F5/><W74/><G67/><T36/><D12/><U80/><E80/><V75/><F75/><W10/><G10/><T63/><D63/><U23/><E23/><V51/><F51/><W58/><G39/><T53/><D53/><U91/><E91/><V59/><F59/><W81/><G58/><T33/><D21/><U84/><E84/><N who="2" m="50455" /><F96/><W123/><G74/><T34/><D34/><U72/><E72/><V40/><F40/><W106/><G123/><T3/><D3/><U89/><E89/><V19/><F19/><W124/><G88/><T119/><D119/><U22/><E22/><V20/><F20/><W108/><G32/><T132/><D132/><AGARI ba="3,0" hai="129,130,132,133,134" m="50455,30314,47209" machi="132" ten="40,7700,0" yaku="20,1,34,2" doraHai="64" who="2" fromWho="0" sc="233,-86,203,0,238,86,326,0" /><INIT seed="2,4,0,4,1,92" ten="147,203,324,326" oya="2" hai0="108,77,0,126,57,56,40,16,99,17,100,48,38" hai1="96,18,90,72,63,91,30,45,116,94,37,122,73" hai2="85,7,1,119,5,111,132,95,118,114,129,2,84" hai3="49,78,106,88,135,34,24,76,81,46,33,79,103"/><V43/><F43/><W123/><G123/><T131/><D0/><N who="2" m="106" /><F114/><W22/><G135/><T68/><D68/><U36/><E116/><N who="2" m="44587" /><F132/><W42/><G106/><T102/><D126/><U67/><E122/><V50/><F95/><W8/><G103/><T4/><D131/><U54/><E30/><V58/><F58/><W6/><G8/><T124/><D124/><U10/><E90/><V31/><F31/><W104/><G6/><N who="2" m="2057" /><F50/><W75/><G104/><T89/><D38/><U39/><E45/><V93/><F93/><W120/><G120/><T44/><D4/><U52/><E73/><V14/><F14/><W28/><G75/><T59/><D77/><U60/><E72/><V29/><F29/><W19/><G28/><T12/><D108/><U71/><REACH who="1" step="1"/><E63/><REACH who="1" ten="147,193,324,326" step="2"/><V69/><F111/><W41/><G88/><T125/><D125/><U134/><E134/><V80/><F129/><W87/><G78/><T15/><D89/><U101/><E101/><V121/><F121/><W25/><G79/><T47/><D44/><U113/><E113/><V117/><F117/><W109/><G109/><T35/><D35/><U20/><E20/><V110/><F110/><W127/><G127/><T83/><D83/><U26/><E26/><N who="3" m="10346" /><G34/><T130/><D130/><U61/><E61/><V133/><F133/><W105/><G33/><T27/><D27/><U97/><E97/><V13/><F80/><W98/><G22/><N who="0" m="11559" /><D99/><U3/><E3/><V65/><F13/><AGARI ba="4,1" hai="10,13,18,36,37,39,52,54,60,67,71,91,94,96" machi="13" ten="40,5200,0" yaku="1,1,52,1,54,1,53,0" doraHai="92" doraHaiUra="82" who="1" fromWho="2" sc="147,0,193,74,324,-64,326,0" /><INIT seed="3,0,0,0,4,69" ten="147,267,260,326" oya="3" hai0="30,45,32,87,120,90,66,125,68,62,21,42,105" hai1="55,10,129,99,34,46,7,74,110,25,73,50,81" hai2="72,108,122,39,97,33,89,60,102,128,67,119,121" hai3="95,28,113,75,80,12,107,93,86,4,77,19,27"/><W82/><G113/><T133/><D120/><N who="2" m="46186" /><F108/><W52/><G107/><T88/><D125/><U37/><E110/><V57/><F72/><W11/><G52/><T96/><D133/><U92/><E129/><V6/><F33/><W1/><G1/><T123/><D123/><U29/><E37/><V58/><F119/><W23/><G28/><T13/><D13/><U117/><E81/><V35/><F35/><W40/><G40/><T44/><D21/><U134/><E134/><V22/><F128/><W3/><G3/><T111/><D111/><U41/><E55/><V104/><F6/><W43/><G43/><T2/><D2/><U56/><E56/><V48/><F89/><AGARI ba="0,0" hai="4,11,12,19,23,27,75,77,80,82,86,89,93,95" machi="89" ten="30,1500,0" yaku="7,1" doraHai="69" who="3" fromWho="2" sc="147,0,267,0,260,-15,326,15" owari="147,-35.3,267,6.7,245,-15.5,341,44.1" /></mjloggm>