<mjloggm ver="2.3"><GO type="225" lobby="0"/><UN n0="%72%65%6E%6B%75%6E" n1="%E3%81%8B%E3%82%8F%E3%81%A1%E3%82%83%E3%82%93%35%38" n2="%72%69%6F%75%63%68%61%6E" n3="%E3%81%B5%E3%81%98%E3%81%8B%E3%81%A4" dan="17,16,16,16" rate="2217.32,2149.37,2129.04,2196.40" sx="M,M,M,M"/><TAIKYOKU oya="0"/><INIT seed="0,0,0,2,0,130" ten="250,250,250,250" oya="0" hai0="29,56,135,101,123,41,120,113,70,17,83,54,34" hai1="35,26,24,96,2,78,59,85,117,112,53,103,6" hai2="106,38,66,49,80,36,63,28,16,77,116,7,23" hai3="58,25,118,67,89,10,43,131,132,12,71,45,75"/><T100/><D70/><U110/><E117/><V11/><F116/><W31/><G131/><T68/><D68/><U87/><E110/><V22/><F106/><W57/><G118/><T44/><D29/><U13/><E2/><V18/><F49/><W32/><G75/><T39/><D34/><U74/><E74/><V86/><F28/><W65/><G89/><T127/><D113/><U88/><E112/><V126/><F126/><W9/><G132/><T82/><D127/><U60/><E35/><V122/><F122/><W69/><G69/><T111/><D111/><U1/><E1/><V92/><F92/><W3/><G3/><T134/><D17/><N who="2" m="6762" /><F36/><W90/><G71/><T104/><D83/><N who="1" m="47351" /><E96/><V21/><F38/><W128/><G128/><T42/><D42/><U84/><E103/><N who="0" m="39497" /><D104/><U61/><E61/><V115/><F115/><W15/><G90/><T81/><D81/><N who="1" m="49167" /><E87/><V94/><F94/><W105/><G105/><T47/><D82/><U0/><E0/><V20/><N who="2" m="5120" /><DORA hai="95" /><V52/><F66/><N who="3" m="25099" /><G32/><T107/><D107/><U108/><E108/><V64/><F64/><W91/><G31/><T48/><D44/><U73/><E73/><V125/><F125/><W33/><G91/><T37/><D37/><U4/><E4/><V50/><F7/><N who="3" m="3135" /><G33/><T14/><D14/><U129/><E129/><V76/><F77/><W99/><G99/><T114/><D114/><U46/><E46/><N who="2" m="27735" /><F11/><AGARI ba="0,0" hai="6,11,13,24,26,53,59,60" m="49167,47351" machi="11" ten="30,2000,0" yaku="8,1,54,1" doraHai="130,95" who="1" fromWho="2" sc="250,0,250,20,250,-20,250,0" /><INIT seed="1,0,0,5,3,43" ten="250,270,230,250" oya="1" hai0="55,88,64,10,125,87,106,74,129,77,66,95,122" hai1="119,134,91,6,44,86,102,41,21,76,4,105,16" hai2="53,30,45,111,31,56,58,38,35,12,27,124,51" hai3="65,135,22,109,18,85,50,133,40,25,47,11,37"/><U48/><E119/><V123/><F123/><W103/><G109/><T80/><D122/><U100/><E76/><V26/><F111/><W63/><G103/><N who="1" m="39466" /><E105/><V29/><F124/><W2/><G85/><T72/><D106/><U5/><E134/><V60/><F12/><W9/><G37/><T36/><D36/><U61/><E61/><V131/><F131/><W84/><G84/><T73/><D129/><U104/><E104/><V1/><F1/><W113/><G113/><T90/><D125/><U96/><E96/><V75/><F75/><W23/><G23/><T13/><D90/><U118/><E118/><V62/><F38/><W0/><G0/><T130/><D130/><U59/><E59/><V79/><F79/><W89/><G89/><T42/><D73/><U108/><E108/><V67/><REACH who="2" step="1"/><F35/><REACH who="2" ten="250,270,220,250" step="2"/><W15/><G2/><T101/><D72/><U127/><E127/><V68/><F68/><W92/><G135/><T107/><D107/><U54/><E41/><AGARI ba="0,1" hai="26,27,29,30,31,41,45,51,53,56,58,60,62,67" machi="41" ten="40,5200,0" yaku="1,1,8,1,52,1,53,0" doraHai="43" doraHaiUra="112" who="2" fromWho="1" sc="250,0,270,-52,220,62,250,0" /><INIT seed="2,0,0,1,0,38" ten="250,218,282,250" oya="2" hai0="75,58,94,106,116,6,87,96,25,18,127,68,92" hai1="90,102,19,23,114,32,20,11,128,50,110,97,4" hai2="10,40,133,100,42,124,7,111,62,16,27,43,85" hai3="80,12,46,35,82,26,17,78,9,36,52,29,24"/><V71/><F124/><W91/><G26/><T74/><D68/><U67/><E114/><V30/><F133/><W8/><G91/><N who="0" m="53375" /><D6/><U105/><E32/><V129/><F129/><W98/><G98/><T117/><D58/><U54/><E110/><V108/><F100/><W65/><G65/><T83/><D25/><U113/><E113/><V107/><F107/><W14/><G78/><T53/><D53/><U130/><E67/><V44/><F85/><W69/><G69/><T95/><D18/><U34/><E90/><V77/><F77/><W15/><G15/><T57/><D57/><U99/><E99/><V134/><F134/><W2/><G2/><T49/><D49/><U112/><E34/><V121/><F121/><W126/><G126/><T81/><D127/><U22/><E19/><V5/><F44/><W60/><G36/><T51/><D51/><U122/><E122/><V41/><N who="2" m="10240" /><DORA hai="120" /><V135/><F135/><W123/><G123/><T45/><D45/><U21/><N who="1" m="5120" /><DORA hai="39" /><U64/><E64/><N who="2" m="41367" /><F10/><W33/><G46/><T86/><D106/><U13/><REACH who="1" step="1"/><E112/><REACH who="1" ten="250,208,282,250" step="2"/><V119/><F16/><W72/><G17/><T103/><D116/><U132/><E132/><V104/><F119/><W93/><G35/><T101/><D117/><U115/><E115/><V28/><F104/><W88/><G33/><T76/><D83/><U131/><E131/><V109/><F27/><W56/><G82/><T47/><D103/><U0/><E0/><V37/><F37/><W3/><G80/><T63/><D101/><U48/><E48/><V79/><F79/><W61/><G24/><RYUUKYOKU ba="0,1" sc="250,-15,208,15,282,15,250,-15" hai1="4,11,13,50,54,97,102,105,128,130" hai2="5,7,28,30,108,109,111" /><INIT seed="2,1,1,3,2,118" ten="235,223,297,235" oya="2" hai0="23,123,38,88,70,105,45,1,116,49,69,19,96" hai1="14,121,135,100,119,12,47,27,73,60,15,55,29" hai2="86,68,66,7,48,28,35,133,109,32,13,126,120" hai3="65,21,99,50,40,106,85,101,90,37,108,131,110"/><V34/><F120/><W95/><G131/><T75/><D75/><U134/><E119/><V102/><F126/><W71/><G37/><T31/><D1/><U53/><E73/><V112/><F112/><W132/><G132/><N who="1" m="50730" /><E121/><V67/><F133/><W46/><G71/><T80/><D123/><U124/><E124/><V114/><F114/><W89/><G65/><T107/><D38/><U39/><E100/><V25/><F109/><W11/><G11/><T8/><D8/><U111/><E111/><N who="3" m="42538" /><G90/><T77/><D31/><U78/><E78/><V51/><F102/><W91/><G91/><T16/><D19/><U87/><E87/><V128/><F128/><W104/><G21/><T44/><D77/><U98/><E98/><V57/><F68/><W130/><G130/><T4/><D96/><U20/><E60/><V17/><F7/><W127/><G127/><T43/><D70/><U97/><E97/><V59/><F86/><W5/><G5/><T93/><D69/><U74/><E74/><V2/><F2/><W56/><G56/><N who="2" m="21577" /><F67/><W82/><AGARI ba="1,1" hai="40,46,50,82,85,89,95,99,101,104,106" m="42538" machi="82" ten="30,1100,0" yaku="14,1" doraHai="118" who="3" fromWho="3" sc="235,-4,223,-4,297,-6,235,24" /><INIT seed="3,0,0,4,2,20" ten="231,219,291,259" oya="3" hai0="96,103,42,61,101,34,92,133,7,6,36,82,2" hai1="119,111,48,66,68,86,121,122,29,116,32,113,59" hai2="107,9,112,14,54,33,11,84,50,128,72,102,106" hai3="62,38,120,23,75,78,126,118,76,47,18,114,129"/><W13/><G120/><N who="1" m="46186" /><E86/><V21/><F112/><W43/><G114/><T60/><D34/><U73/><E73/><V110/><F33/><W8/><G118/><N who="1" m="45098" /><E32/><V10/><F110/><W65/><G126/><T5/><D2/><U104/><E104/><V56/><F128/><W52/><G129/><T19/><D133/><U80/><E80/><V125/><F125/><W16/><G75/><T30/><D30/><U51/><E29/><V17/><F72/><W69/><REACH who="3" step="1"/><G52/><REACH who="3" ten="231,219,291,249" step="2"/><T71/><D7/><U123/><E123/><V0/><F0/><W25/><AGARI ba="0,1" hai="8,13,16,18,23,25,38,43,47,62,65,69,76,78" machi="25" ten="20,18000,2" yaku="1,1,2,1,0,1,7,1,52,1,54,1,53,0" doraHai="20" doraHaiUra="135" who="3" fromWho="3" sc="231,-60,219,-60,291,-60,249,190" owari="171,-22.9,159,-34.1,231,3.1,439,53.9" /></mjloggm>