<mjloggm ver="2.3"><GO type="225" lobby="0"/><UN n0="%47%68%6F%73%74%55%30" n1="%E3%81%B5%E3%81%98%E3%81%8B%E3%81%A4" n2="%77%72%77%72%77%72%77%72" n3="%E3%81%8B%E3%82%8F%E3%81%A1%E3%82%83%E3%82%93%35%38" dan="17,16,16,16" rate="2176.83,2101.99,2267.98,2172.67" sx="M,M,M,M"/><TAIKYOKU oya="0"/><INIT seed="0,0,0,5,1,35" ten="250,250,250,250" oya="0" hai0="23,78,28,70,72,79,74,63,42,135,100,57,0" hai1="36,58,53,90,52,87,16,92,83,12,109,29,26" hai2="62,66,54,110,15,71,38,45,115,37,61,11,99" hai3="76,130,69,126,112,60,91,21,18,24,119,120,48"/><T19/><D135/><U25/><E109/><V34/><F34/><W96/><G119/><T6/><D70/><U44/><E36/><V117/><F115/><W3/><G112/><T33/><D100/><U1/><E1/><V64/><F110/><W49/><G76/><T118/><D42/><U114/><E114/><V27/><F27/><W102/><G126/><T13/><D118/><U9/><E29/><V132/><F117/><W111/><G111/><T94/><D74/><U7/><E7/><V116/><F116/><W5/><G91/><T101/><D72/><U122/><E122/><V47/><F99/><W75/><G75/><T123/><D123/><U73/><E73/><V40/><F15/><W88/><G88/><T131/><D131/><U32/><E32/><V93/><F93/><N who="3" m="58639" /><G130/><T50/><D94/><U20/><E20/><V2/><F11/><N who="3" m="2495" /><G120/><T121/><D121/><U86/><E86/><V106/><F2/><W56/><G69/><T104/><D104/><U77/><E77/><V17/><F17/><W113/><G113/><T84/><D84/><U14/><E14/><V127/><F106/><W134/><G134/><T85/><D85/><U67/><E92/><V55/><F127/><W97/><G97/><T98/><D78/><U129/><E129/><V95/><F95/><W30/><G18/><T41/><D79/><U22/><E22/><V8/><F8/><W65/><AGARI ba="0,0" hai="21,24,30,48,49,56,60,65" m="2495,58639" machi="65" ten="30,2000,0" yaku="25,1,52,1" doraHai="35" who="3" fromWho="3" sc="250,-10,250,-5,250,-5,250,20" /><INIT seed="1,0,0,4,2,109" ten="240,245,245,270" oya="1" hai0="7,115,69,60,8,73,32,129,107,12,16,58,92" hai1="23,44,126,20,128,132,112,14,18,41,106,84,82" hai2="78,111,34,113,120,11,19,3,56,103,33,61,6" hai3="110,95,131,72,40,27,135,76,74,24,89,55,80"/><U119/><E119/><V101/><F120/><W35/><G35/><T114/><D107/><U116/><E116/><V64/><F111/><W90/><G40/><T30/><D69/><U62/><E106/><V100/><F78/><W17/><G110/><T68/><D68/><U39/><E126/><V63/><F19/><W57/><G135/><T87/><D73/><U83/><E132/><V46/><F46/><W81/><G131/><T54/><D129/><U75/><E128/><V91/><F91/><W38/><G38/><T26/><D87/><U28/><E112/><V10/><F113/><W5/><G5/><T117/><D117/><U97/><E97/><V98/><F98/><W121/><G121/><T130/><D130/><U79/><E62/><V96/><F96/><W70/><G70/><T59/><D92/><U127/><E127/><V108/><F108/><W1/><G1/><T4/><D4/><U15/><E28/><V133/><F133/><W31/><G17/><T13/><D58/><U25/><REACH who="1" step="1"/><E23/><AGARI ba="0,0" hai="7,8,12,13,16,23,26,30,32,54,59,60,114,115" machi="23" ten="30,7700,0" yaku="7,1,52,2,54,1" doraHai="109" who="0" fromWho="1" sc="240,77,245,-77,245,0,270,0" /><INIT seed="2,0,0,4,1,132" ten="317,168,245,270" oya="2" hai0="135,8,80,11,21,81,19,118,103,42,117,87,12" hai1="133,99,36,85,10,17,0,49,68,123,14,72,52" hai2="31,134,1,45,76,114,5,105,70,131,46,101,74" hai3="107,62,88,18,58,102,92,56,95,83,41,69,30"/><V59/><F114/><W61/><G69/><T93/><D135/><U13/><E133/><V71/><F134/><W4/><G107/><T47/><D103/><U126/><E123/><V130/><F31/><W100/><G4/><T16/><D93/><U89/><E72/><V34/><F34/><W39/><G39/><T22/><D22/><U104/><E36/><V51/><F59/><W108/><G41/><T66/><D66/><U25/><E68/><V23/><F23/><W110/><G30/><T94/><D94/><U38/><E38/><V98/><F45/><W48/><G48/><N who="0" m="26743" /><D19/><U27/><E0/><V127/><F5/><W128/><G83/><N who="0" m="31819" /><D87/><U90/><E104/><V106/><F1/><W91/><REACH who="3" step="1"/><G18/><REACH who="3" ten="317,168,245,260" step="2"/><T121/><D121/><U113/><E113/><V33/><F106/><W75/><G75/><T111/><D111/><U96/><E126/><V77/><F127/><W115/><G115/><T120/><D120/><U55/><E17/><V32/><F74/><W65/><G65/><T119/><AGARI ba="0,1" hai="8,11,12,16,21,117,118,119" m="31819,26743" machi="119" ten="40,2700,0" yaku="12,1,54,1" doraHai="132" who="0" fromWho="0" sc="317,37,168,-7,245,-13,260,-7" /><INIT seed="3,0,0,1,4,11" ten="354,161,232,253" oya="3" hai0="19,101,25,27,63,71,56,30,88,53,50,131,55" hai1="21,80,8,16,14,127,7,51,43,84,121,26,93" hai2="15,32,36,31,117,126,74,134,103,111,60,5,69" hai3="100,123,44,114,115,104,70,90,10,54,75,122,0"/><W73/><G54/><T85/><D131/><U42/><E121/><N who="3" m="46090" /><G44/><T57/><D101/><U110/><E110/><V89/><F126/><W13/><G70/><T12/><D30/><U40/><E127/><V28/><F134/><W95/><G13/><T41/><D41/><U6/><E93/><V47/><F117/><W97/><G10/><N who="0" m="6551" /><D71/><U45/><E6/><V23/><F31/><W67/><G67/><T4/><D4/><U9/><E9/><V64/><F28/><W116/><G0/><T61/><D61/><U52/><E52/><V1/><F60/><W91/><G116/><T99/><D99/><U109/><E109/><V35/><F1/><W130/><G130/><T81/><AGARI ba="0,0" hai="25,27,50,53,55,56,57,63,81,85,88" m="6551" machi="81" ten="30,4000,0" yaku="8,1,52,1,54,1" doraHai="11" who="0" fromWho="0" sc="354,40,161,-10,232,-10,253,-20" owari="394,49.4,151,-34.9,222,-17.8,233,3.3" /></mjloggm>