<mjloggm ver="2.3"><GO type="225" lobby="0"/><UN n0="%28%EF%BF%A3%E2%96%BD%EF%BF%A3%29%CE%B4%E2%8C%92%E3%83%BB" n1="%E3%82%BF%E3%83%BC%E3%83%90%E3%83%B3%E9%87%8E%E5%8F%A3" n2="%E3%83%97%E3%83%AC%E3%83%B4%E3%82%A1%E3%83%86%E3%82%A3" n3="%E3%83%97%E3%83%92" dan="16,16,16,16" rate="2131.41,2122.62,2073.93,2145.10" sx="M,M,F,M"/><TAIKYOKU oya="0"/><INIT seed="0,0,0,2,4,89" ten="250,250,250,250" oya="0" hai0="10,112,16,127,79,99,13,62,30,11,26,6,122" hai1="9,88,90,2,125,108,77,101,107,19,60,54,51" hai2="17,55,22,63,38,56,133,21,3,47,109,135,28" hai3="45,80,116,93,42,120,91,70,7,85,67,24,50"/><T59/><D112/><U35/><E108/><V72/><F72/><W115/><G115/><T111/><D122/><U103/><E125/><V118/><F3/><W87/><G116/><T96/><D127/><U81/><E35/><V46/><F109/><W82/><G120/><T12/><D79/><U117/><E117/><V36/><F118/><W110/><G110/><T69/><D69/><U52/><E60/><V0/><F0/><W61/><G7/><T15/><D15/><U78/><E107/><V76/><F76/><W57/><G70/><T44/><D44/><U65/><E65/><V20/><F28/><W8/><G8/><T98/><D111/><U37/><E37/><V66/><F17/><W1/><G1/><T129/><D129/><U14/><E2/><V4/><F4/><W132/><G132/><N who="2" m="50761" /><F46/><W100/><G100/><N who="1" m="38474" /><E54/><V53/><F47/><W126/><G126/><T34/><REACH who="0" step="1"/><D98/><REACH who="0" ten="240,250,250,250" step="2"/><U18/><E18/><V71/><F53/><AGARI ba="0,1" hai="6,10,11,12,13,16,26,30,34,53,59,62,96,99" machi="53" ten="30,11600,0" yaku="1,1,2,1,7,1,54,1,53,0" doraHai="89" doraHaiUra="74" who="0" fromWho="2" sc="240,126,250,0,250,-116,250,0" /><INIT seed="0,1,0,2,4,62" ten="366,250,134,250" oya="0" hai0="54,129,124,69,68,49,26,24,6,47,67,133,130" hai1="23,64,78,13,103,5,16,97,74,43,58,118,35" hai2="59,45,87,128,21,126,117,55,107,65,95,42,104" hai3="9,134,80,41,14,105,121,122,71,29,91,63,70"/><T88/><D124/><U90/><E118/><V120/><F126/><W18/><G134/><T51/><D133/><U8/><E35/><V79/><F117/><W44/><G105/><T93/><D6/><U37/><E90/><V48/><F120/><N who="3" m="46187" /><G29/><T119/><D51/><U102/><E102/><V83/><F128/><N who="0" m="49258" /><D119/><U36/><E43/><V2/><F2/><W34/><G34/><T20/><D67/><U22/><E74/><V12/><F95/><W0/><G63/><T40/><D40/><U77/><E37/><V39/><F21/><N who="1" m="7689" /><E5/><V112/><F112/><W84/><G0/><T73/><D73/><U3/><E3/><V135/><F135/><W33/><G33/><T132/><D132/><U53/><E36/><AGARI ba="1,0" hai="9,14,18,36,41,44,70,71,80,84,91" m="46187" machi="36" ten="30,1000,0" yaku="13,1" doraHai="62" who="3" fromWho="1" sc="366,0,250,-13,134,0,250,13" /><INIT seed="1,0,0,3,2,21" ten="366,237,134,263" oya="1" hai0="14,85,48,10,28,65,23,51,125,53,75,15,113" hai1="98,80,73,58,86,103,83,89,62,92,115,45,19" hai2="102,26,37,106,70,35,93,96,55,12,133,127,74" hai3="29,41,46,54,79,72,104,47,27,17,129,66,76"/><U39/><E115/><V18/><F74/><W81/><G129/><T124/><D75/><U34/><E34/><V8/><F37/><W68/><G79/><T100/><D113/><U40/><E73/><V4/><F133/><W114/><G114/><T77/><D65/><U24/><E19/><V50/><F127/><W56/><G17/><T108/><D100/><U60/><E60/><V49/><F70/><W57/><G104/><T43/><D108/><U16/><E16/><V31/><F106/><W71/><G66/><T36/><D36/><U32/><E32/><V69/><F69/><W63/><G56/><T121/><D121/><U52/><REACH who="1" step="1"/><E24/><REACH who="1" ten="366,227,134,263" step="2"/><V64/><F64/><W25/><G27/><N who="0" m="16511" /><D125/><U3/><E3/><V88/><F102/><W6/><G6/><T7/><D124/><U135/><E135/><V110/><F110/><W101/><G72/><T130/><D15/><U116/><E116/><V118/><F118/><W5/><G5/><T99/><D14/><U33/><E33/><V131/><F131/><W11/><G63/><T87/><D7/><U78/><E78/><V82/><F4/><W112/><G25/><T84/><D77/><U90/><E90/><V2/><F2/><W97/><G76/><T134/><D130/><U123/><E123/><V126/><F126/><W22/><G112/><T1/><D1/><U13/><E13/><V95/><F35/><W9/><G22/><T105/><D134/><U20/><E20/><V30/><F26/><W44/><G9/><T107/><D10/><U59/><E59/><V119/><F12/><W111/><G11/><RYUUKYOKU ba="0,1" sc="366,-10,227,30,134,-10,263,-10" hai1="39,40,45,52,58,62,80,83,86,89,92,98,103" /><INIT seed="1,1,1,0,4,133" ten="356,257,124,253" oya="1" hai0="60,55,132,65,27,91,84,19,120,39,32,11,31" hai1="68,64,66,115,20,34,43,35,37,6,126,100,129" hai2="94,99,131,109,96,13,14,36,85,48,25,62,58" hai3="69,101,61,106,124,30,15,122,114,134,16,128,117"/><U46/><E115/><V50/><F36/><W52/><G114/><T29/><D39/><U41/><E6/><V42/><F109/><W110/><G122/><T127/><D132/><U108/><E41/><V80/><F131/><W102/><G110/><T135/><D135/><U83/><E108/><V119/><F119/><W79/><G134/><T54/><D31/><U40/><E40/><V17/><F96/><W21/><G106/><T121/><D19/><U7/><E7/><V123/><F123/><N who="0" m="47178" /><D127/><U22/><E100/><V4/><F42/><W5/><G128/><T70/><D11/><U112/><E129/><V10/><F25/><N who="3" m="16687" /><G69/><T104/><D104/><U88/><E112/><V72/><F72/><W75/><G79/><T90/><D90/><U63/><E66/><V26/><F26/><W98/><G75/><T97/><D97/><U24/><E126/><V53/><F94/><AGARI ba="1,1" hai="27,29,32,54,55,60,65,70,84,91,94" m="47178" machi="94" ten="30,1000,0" yaku="13,1" doraHai="133" who="0" fromWho="2" sc="356,23,257,0,124,-13,253,0" /><INIT seed="2,0,0,1,2,16" ten="379,257,111,253" oya="2" hai0="104,122,123,30,60,113,120,14,117,1,73,2,85" hai1="63,112,7,61,25,87,86,129,55,54,70,47,89" hai2="32,5,121,118,34,49,68,20,72,106,88,132,108" hai3="79,6,8,35,98,19,33,26,94,37,95,18,42"/><V102/><F121/><W127/><G79/><T21/><D73/><U119/><E112/><V116/><F68/><W10/><G42/><T91/><D104/><U81/><E119/><V107/><F72/><W97/><G26/><T135/><D117/><N who="2" m="45162" /><F49/><W124/><REACH who="3" step="1"/><G6/><REACH who="3" ten="379,257,111,243" step="2"/><T133/><D120/><U126/><E7/><V4/><F102/><W75/><G75/><T74/><D123/><U115/><E25/><V65/><F4/><W93/><G93/><T46/><D74/><U22/><E115/><V31/><F5/><W48/><G48/><T57/><D113/><U64/><E61/><V134/><F65/><W38/><AGARI ba="0,1" hai="8,10,18,19,33,35,37,38,94,95,97,98,124,127" machi="38" ten="25,6400,0" yaku="1,1,0,1,22,2,53,0" doraHai="16" doraHaiUra="100" who="3" fromWho="3" sc="379,-16,257,-16,111,-32,243,74" /><INIT seed="3,0,0,2,3,124" ten="363,241,79,317" oya="3" hai0="20,126,4,32,75,48,6,134,110,94,21,97,24" hai1="72,104,36,107,1,38,108,23,58,33,46,115,35" hai2="129,100,0,40,56,98,55,12,106,117,84,133,65" hai3="18,125,101,128,47,86,135,9,26,43,70,85,122"/><W130/><G125/><T90/><D75/><U63/><E1/><V2/><F117/><W7/><G122/><T59/><D32/><U39/><E72/><V29/><F133/><W80/><G70/><T116/><D110/><U89/><E115/><V10/><F29/><W66/><G66/><T120/><D116/><U81/><E46/><V16/><F40/><W95/><G135/><T88/><D134/><U109/><E23/><V64/><F84/><W50/><G18/><T60/><D21/><U54/><E81/><V71/><F71/><W68/><G26/><T30/><D120/><U51/><E89/><V103/><F106/><W57/><G57/><T11/><D126/><U127/><E63/><V49/><F98/><N who="3" m="59615" /><G68/><T119/><D119/><U53/><E127/><V17/><F56/><W111/><G111/><N who="1" m="42570" /><E51/><V77/><F49/><W41/><G43/><T91/><D48/><U99/><E99/><V74/><F74/><W22/><G22/><T25/><D25/><U105/><E58/><V76/><F10/><W28/><G28/><T15/><D6/><U37/><N who="1" m="9216" /><DORA hai="96" /><U82/><E82/><V113/><F12/><N who="3" m="5183" /><G85/><T5/><D5/><U132/><E132/><V112/><REACH who="2" step="1"/><F55/><AGARI ba="0,0" hai="4,11,15,20,24,30,55,59,60,88,90,91,94,97" machi="55" ten="30,3900,0" yaku="7,1,8,1,54,1" doraHai="124,96" who="0" fromWho="2" sc="363,39,241,0,79,-39,317,0" /><AGARI ba="0,0" hai="33,35,53,54,55,104,105,107" m="9216,42570" machi="55" ten="70,8000,1" yaku="28,2,14,1" doraHai="124,96" who="1" fromWho="2" sc="402,0,241,80,40,-80,317,0" owari="402,50.2,321,12.1,-40,-54.0,317,-8.3" /></mjloggm>