<mjloggm ver="2.3"><GO type="225" lobby="0"/><UN n0="%E6%98%93%E5%88%A9%E8%96%A9%E4%BC%AF" n1="%E3%82%82%E3%81%90%E3%82%89" n2="%72%69%6F%75%63%68%61%6E" n3="%6D%75%75%6D%75%72%61" dan="16,16,16,16" rate="2091.50,2216.12,2198.25,2144.68" sx="F,M,M,F"/><TAIKYOKU oya="0"/><INIT seed="0,0,0,0,1,100" ten="250,250,250,250" oya="0" hai0="18,59,55,129,53,56,110,76,81,74,15,14,95" hai1="73,126,36,93,102,11,67,107,42,64,111,45,112" hai2="43,47,96,113,48,98,5,132,117,29,84,82,7" hai3="135,6,87,0,51,101,60,38,44,61,32,50,17"/><T52/><D129/><U77/><E111/><V34/><F132/><W30/><G135/><T58/><D110/><U99/><E126/><V122/><F122/><W90/><G38/><T66/><D95/><U128/><E128/><V119/><F113/><W33/><G0/><T106/><D106/><U92/><E112/><V3/><F29/><W130/><G6/><N who="2" m="2057" /><F34/><W23/><G101/><T103/><D103/><U46/><E11/><V71/><F71/><W121/><G51/><T28/><D28/><U19/><E19/><V24/><F24/><W114/><G130/><T31/><D31/><U123/><E123/><V115/><F3/><W133/><G114/><T2/><D2/><U125/><E125/><V68/><F68/><W21/><G133/><T26/><REACH who="0" step="1"/><D66/><REACH who="0" ten="240,250,250,250" step="2"/><U78/><E64/><V116/><F115/><W40/><G121/><T20/><AGARI ba="0,1" hai="14,15,18,20,26,52,53,55,56,58,59,74,76,81" machi="20" ten="40,12000,1" yaku="1,1,2,1,0,1,54,1,53,0" doraHai="100" doraHaiUra="88" who="0" fromWho="0" sc="240,130,250,-40,250,-40,250,-40" /><INIT seed="0,1,0,5,2,57" ten="370,210,210,210" oya="0" hai0="81,70,131,100,53,108,12,1,41,13,27,6,68" hai1="135,16,64,97,82,110,61,36,60,83,127,114,124" hai2="7,69,65,76,122,121,112,102,32,55,51,5,31" hai3="45,111,133,79,74,10,11,8,99,84,120,98,119"/><T14/><D131/><U113/><E110/><V116/><F112/><N who="1" m="43113" /><E135/><V40/><F116/><W67/><G119/><T88/><D100/><U19/><E97/><V129/><F129/><W109/><G74/><T63/><D41/><U92/><E92/><V89/><F40/><W101/><G133/><T96/><D108/><N who="3" m="41545" /><G120/><T47/><D27/><U22/><E36/><V35/><F102/><W26/><G45/><T128/><D128/><U20/><E20/><V117/><F117/><W130/><G130/><T93/><D81/><N who="1" m="30731" /><E19/><V90/><F76/><W4/><G84/><T80/><D80/><U91/><E91/><V38/><F38/><W52/><G79/><T56/><REACH who="0" step="1"/><D47/><REACH who="0" ten="360,210,210,210" step="2"/><U50/><E127/><V24/><F122/><W44/><G101/><T29/><D29/><U87/><E124/><V39/><F31/><W77/><G26/><T107/><D107/><U85/><E50/><V58/><F24/><W28/><G28/><T34/><D34/><U66/><E66/><V104/><F39/><W15/><G67/><T94/><D94/><U125/><E125/><V73/><F104/><W30/><G30/><T134/><D134/><U49/><E49/><V123/><F121/><W21/><G77/><T42/><D42/><U105/><E105/><V126/><F123/><W59/><G4/><N who="2" m="1609" /><F126/><W46/><G99/><T75/><D75/><U118/><E64/><V17/><F73/><W43/><G98/><T23/><D23/><U86/><E118/><V132/><F132/><W33/><G33/><N who="2" m="12873" /><F17/><N who="3" m="10431" /><G43/><T62/><D62/><AGARI ba="1,1" hai="8,10,11,44,46,52,59,62" m="10431,41545" machi="62" ten="30,3900,0" yaku="14,1,52,1,54,1" doraHai="57" who="3" fromWho="0" sc="360,-42,210,0,210,0,210,52" /><INIT seed="1,0,0,2,5,59" ten="318,210,210,262" oya="1" hai0="72,134,40,88,131,98,83,1,6,8,135,68,130" hai1="75,105,101,120,61,56,70,11,60,107,81,133,9" hai2="53,52,82,89,41,80,24,102,77,4,118,35,62" hai3="103,37,73,29,36,12,47,95,44,109,43,31,5"/><U42/><E120/><V110/><F118/><W90/><G73/><T25/><D40/><U16/><E133/><N who="0" m="50697" /><D25/><U121/><E121/><V14/><F110/><W45/><G109/><T32/><D32/><U21/><E70/><V122/><F122/><W13/><G103/><T51/><D51/><U76/><E42/><V23/><F102/><W20/><G43/><T129/><D68/><U71/><E71/><V85/><F41/><W114/><G114/><T63/><D63/><U48/><E48/><V99/><F35/><W0/><G0/><T50/><D50/><U39/><E39/><V27/><F99/><W34/><G34/><T10/><D10/><U17/><E101/><V96/><F96/><N who="3" m="57463" /><G37/><T117/><D117/><U91/><E61/><V116/><F116/><W78/><G78/><N who="0" m="44487" /><D98/><U54/><E9/><N who="2" m="4391" /><F62/><W19/><G36/><T65/><D88/><U108/><E91/><V97/><F97/><W58/><G58/><T67/><AGARI ba="0,0" hai="1,6,8,65,67,129,130,131" m="44487,50697" machi="67" ten="40,2700,0" yaku="19,1,20,1" doraHai="59" who="0" fromWho="0" sc="318,27,210,-13,210,-7,262,-7" /><INIT seed="2,0,0,4,4,26" ten="345,197,203,255" oya="2" hai0="122,9,88,22,104,71,87,107,31,39,4,2,120" hai1="16,75,63,80,60,90,97,33,113,123,1,111,57" hai2="106,53,55,126,109,56,47,130,115,8,28,14,38" hai3="73,52,44,117,135,29,46,25,124,45,61,40,21"/><V118/><F115/><W54/><G117/><T64/><D39/><U58/><E113/><V129/><F118/><W134/><G73/><T119/><D119/><U133/><E1/><V18/><F106/><W78/><G78/><T42/><D42/><U7/><E7/><V77/><F126/><W27/><G124/><T10/><D10/><U43/><E43/><N who="2" m="23031" /><F77/><W48/><G61/><T62/><D104/><U89/><E123/><V24/><F56/><W102/><G102/><T37/><D37/><U3/><E3/><V76/><F76/><W131/><G40/><T101/><D101/><U13/><E33/><N who="2" m="20615" /><F109/><W23/><G131/><AGARI ba="0,0" hai="8,14,18,53,55,129,130,131" m="20615,23031" machi="131" ten="30,2900,0" yaku="19,1,52,1" doraHai="26" who="2" fromWho="3" sc="345,0,197,0,203,29,255,-29" /><INIT seed="2,1,0,5,3,119" ten="345,197,232,226" oya="2" hai0="121,86,1,52,42,87,58,28,105,133,96,61,62" hai1="111,23,56,13,80,81,117,47,88,89,36,127,34" hai2="67,60,40,98,6,43,55,2,126,3,69,82,79" hai3="57,32,104,41,29,124,75,107,17,128,74,102,112"/><V46/><F126/><W109/><G109/><T53/><D121/><U103/><E117/><V113/><F113/><W77/><G124/><T85/><D1/><U25/><E127/><V131/><F131/><W11/><G128/><T64/><D133/><U16/><E111/><V49/><F98/><W63/><G41/><T4/><D4/><U51/><E103/><V83/><F83/><W5/><G17/><T91/><D42/><N who="1" m="25079" /><E34/><V100/><F100/><W44/><G44/><T39/><D39/><U116/><E36/><V12/><F40/><W132/><G132/><T0/><D0/><U70/><E70/><V65/><F65/><W19/><G19/><T21/><D105/><U30/><E116/><V94/><F94/><W101/><G101/><T90/><D96/><U95/><E56/><V99/><F99/><W72/><G77/><T59/><D64/><U15/><E89/><V93/><F93/><W27/><G102/><T92/><D91/><U22/><E15/><V76/><F76/><W97/><G112/><T37/><D37/><U134/><E134/><V118/><F55/><W24/><G104/><T8/><D8/><U73/><E73/><V18/><F118/><W130/><G130/><T106/><D106/><U78/><E78/><V35/><F35/><W110/><G110/><T120/><D120/><U68/><E68/><V10/><REACH who="2" step="1"/><F18/><REACH who="2" ten="345,197,222,226" step="2"/><W9/><G107/><T108/><D108/><U14/><E14/><V38/><F38/><W54/><G97/><AGARI ba="1,1" hai="13,16,22,23,25,30,80,81,88,95,97" m="25079" machi="97" ten="30,3900,0" yaku="8,1,54,2" doraHai="119" who="1" fromWho="3" sc="345,0,197,52,222,0,226,-42" /><INIT seed="3,0,0,3,2,12" ten="345,249,222,184" oya="3" hai0="39,21,104,49,84,8,89,114,118,73,15,115,116" hai1="83,121,108,9,68,52,119,23,117,32,36,126,81" hai2="47,48,97,35,125,2,60,72,6,100,120,98,46" hai3="87,34,31,13,105,24,75,40,63,106,28,94,95"/><W64/><G75/><T59/><D39/><U44/><E32/><V4/><F72/><W51/><G31/><T61/><D104/><U93/><E121/><V38/><F35/><W25/><G25/><T55/><D61/><U122/><E122/><V16/><F120/><W79/><G105/><T53/><D53/><U54/><E68/><V3/><F38/><W11/><G106/><T130/><D130/><U67/><E67/><V27/><F125/><W45/><G79/><T66/><D66/><U50/><E36/><V17/><F60/><W80/><G80/><N who="1" m="30794" /><E126/><V0/><F27/><W14/><G14/><T10/><D21/><U113/><E113/><N who="0" m="43017" /><D73/><U29/><E9/><N who="0" m="3689" /><D15/><U91/><E108/><V92/><F98/><W7/><REACH who="3" step="1"/><G87/><REACH who="3" ten="345,249,222,174" step="2"/><T123/><D123/><U20/><E29/><V102/><F0/><W71/><AGARI ba="0,1" hai="7,11,13,24,28,34,40,45,51,63,64,71,94,95" machi="71" ten="20,7800,0" yaku="1,1,2,1,0,1,7,1,53,0" doraHai="12" doraHaiUra="134" who="3" fromWho="3" sc="345,-26,249,-26,222,-26,174,88" /><INIT seed="3,1,0,3,1,48" ten="319,223,196,262" oya="3" hai0="44,88,57,28,65,55,4,122,29,116,37,75,97" hai1="33,83,99,8,3,93,14,133,32,117,76,108,124" hai2="112,42,79,131,132,92,94,19,62,129,54,110,118" hai3="84,22,16,49,50,91,100,35,46,71,89,59,109"/><W80/><G71/><T45/><D116/><U60/><E117/><V25/><F118/><W7/><G35/><T104/><D75/><U30/><E108/><V77/><F112/><W9/><G109/><T86/><D65/><U98/><E124/><V130/><F110/><W34/><G34/><T2/><D2/><U24/><E3/><V121/><F132/><W102/><G91/><T21/><D4/><U74/><E133/><V27/><F121/><W56/><G7/><T115/><D37/><U68/><E33/><V67/><F42/><W87/><G87/><T64/><D64/><U18/><E93/><N who="2" m="35947" /><F19/><W96/><G9/><T90/><D104/><U82/><E82/><V17/><F17/><W12/><G50/><N who="0" m="30967" /><D97/><U63/><E68/><N who="2" m="42103" /><F25/><W113/><G113/><T11/><D90/><U69/><E69/><V70/><F27/><W20/><G20/><T23/><D11/><U6/><E99/><V81/><F70/><W135/><G135/><T103/><D103/><N who="3" m="39465" /><G96/><T61/><D122/><U5/><E98/><V58/><F81/><W101/><N who="3" m="39473" /><W10/><DORA hai="126" /><G22/><N who="0" m="8203" /><D61/><AGARI ba="1,0" hai="54,58,61,77,79,129,130,131" m="42103,35947" machi="61" ten="30,8000,1" yaku="19,1,52,4" doraHai="48,126" who="2" fromWho="0" sc="319,-83,223,0,196,83,262,0" /><INIT seed="4,0,0,4,1,95" ten="236,223,279,262" oya="0" hai0="51,34,66,125,52,50,128,121,27,72,31,118,81" hai1="124,96,132,43,109,107,74,115,0,71,19,80,79" hai2="14,126,122,33,22,26,32,1,116,99,42,104,82" hai3="64,63,49,13,68,134,112,100,78,102,41,38,56"/><T8/><D118/><U58/><E109/><V55/><F122/><W12/><G112/><T10/><D121/><U67/><E115/><V11/><F116/><W94/><G78/><T30/><D128/><U9/><E124/><V28/><F126/><W92/><G134/><T5/><D66/><U114/><E114/><V48/><F1/><W39/><G68/><T17/><D31/><U84/><E71/><V133/><F42/><W91/><G39/><T16/><D51/><U98/><E107/><V21/><F133/><W87/><G38/><T88/><D125/><U46/><E132/><V60/><F60/><W6/><G6/><T83/><D10/><U25/><E74/><V3/><F3/><W103/><G94/><T77/><D88/><N who="1" m="51207" /><E0/><V2/><F2/><W90/><G90/><T135/><D83/><U24/><E79/><V15/><F82/><W61/><G61/><T37/><D37/><U85/><E85/><V40/><F32/><W4/><G4/><T120/><D120/><U105/><E105/><V131/><F131/><W35/><G35/><T127/><D127/><U119/><E119/><V20/><F104/><W123/><G123/><T101/><D101/><U75/><E75/><V29/><F29/><W76/><G76/><T36/><D36/><U117/><E117/><V130/><F130/><W129/><G129/><T110/><D110/><U113/><E113/><V106/><F106/><W111/><G111/><T45/><D135/><U59/><E67/><V108/><F108/><W53/><G64/><T97/><D97/><N who="1" m="37483" /><E9/><V93/><F11/><W89/><G91/><RYUUKYOKU ba="0,0" sc="236,15,223,-15,279,-15,262,15" hai0="5,8,16,17,27,30,34,45,50,52,72,77,81" hai3="12,13,41,49,53,56,63,87,89,92,100,102,103" /><INIT seed="4,1,0,0,3,88" ten="251,208,264,277" oya="0" hai0="70,85,37,38,87,1,127,20,45,96,4,33,50" hai1="116,124,126,57,24,112,81,61,52,101,25,77,102" hai2="41,118,110,122,69,64,109,78,59,123,22,106,104" hai3="28,105,9,42,94,54,119,49,43,117,17,23,100"/><T11/><D33/><U67/><E116/><V7/><F7/><W63/><G105/><T14/><D70/><U121/><E121/><V32/><F22/><W84/><G28/><T80/><D127/><N who="1" m="48683" /><E67/><V114/><F59/><W66/><G9/><T75/><D96/><U135/><E135/><V29/><F41/><W86/><G86/><T0/><D75/><N who="1" m="43199" /><E112/><V133/><F78/><W65/><G65/><T111/><D87/><U103/><AGARI ba="1,0" hai="24,25,52,57,61,101,102,103" m="43199,48683" machi="103" ten="30,2000,0" yaku="18,1,54,1" doraHai="88" who="1" fromWho="1" sc="251,-11,208,23,264,-6,277,-6" /><INIT seed="5,0,0,4,0,47" ten="240,231,258,271" oya="1" hai0="131,0,13,75,50,99,2,48,111,98,90,95,39" hai1="68,81,92,66,35,109,41,77,60,23,121,83,93" hai2="31,30,28,108,122,113,130,124,27,44,120,18,114" hai3="128,117,61,133,115,49,56,64,19,38,129,5,85"/><U15/><E121/><N who="2" m="46699" /><F44/><W53/><G115/><N who="2" m="44041" /><F124/><W82/><G38/><T91/><D111/><U116/><E35/><N who="2" m="20895" /><F130/><W62/><G133/><T33/><D33/><U76/><E109/><V1/><F108/><W36/><G117/><T88/><D131/><U73/><E116/><V52/><F1/><W59/><G36/><T26/><D39/><U84/><REACH who="1" step="1"/><E41/><REACH who="1" ten="240,221,258,271" step="2"/><V25/><F52/><W8/><G53/><T127/><D127/><U72/><E72/><V132/><F132/><W112/><G112/><T42/><D75/><U24/><E24/><V104/><F104/><W126/><G126/><T89/><D26/><U134/><E134/><V96/><F96/><W74/><G74/><T101/><D42/><U54/><E54/><V10/><F25/><W125/><G125/><T4/><D98/><U51/><E51/><V97/><F97/><W29/><G49/><T67/><D99/><U16/><AGARI ba="0,1" hai="15,16,23,60,66,68,73,76,77,81,83,84,92,93" machi="16" ten="30,12000,1" yaku="1,1,0,1,54,1,53,2" doraHai="47" doraHaiUra="78" who="1" fromWho="1" sc="240,-40,221,130,258,-40,271,-40" owari="200,-30.0,351,45.1,218,-18.2,231,3.1" /></mjloggm>