<mjloggm ver="2.3"><GO type="225" lobby="0"/><UN n0="%33%74%72%65%65" n1="%E3%81%AA%E3%81%A1%30%39%32%37" n2="%73%6C%69%63%6B%33%31%39" n3="%E8%83%83%E3%81%A8%E8%85%B8" dan="16,16,16,16" rate="2179.25,2105.10,2091.20,2164.53" sx="F,M,M,M"/><TAIKYOKU oya="0"/><INIT seed="0,0,0,3,3,98" ten="250,250,250,250" oya="0" hai0="126,26,90,13,53,38,95,113,57,60,124,105,49" hai1="28,7,80,121,61,94,67,52,107,97,87,59,46" hai2="99,74,123,56,77,112,39,114,1,106,68,88,6" hai3="103,130,4,133,82,89,54,20,42,62,10,22,55"/><T91/><D113/><U18/><E121/><V30/><F68/><W102/><G130/><T37/><D105/><U104/><E7/><V51/><F123/><W129/><G129/><T11/><D26/><U85/><E28/><V115/><F39/><W127/><G127/><N who="0" m="48683" /><D60/><U9/><E107/><V24/><F74/><W58/><G133/><T134/><D134/><U84/><E104/><V8/><F77/><W75/><G42/><T17/><D90/><U43/><E67/><V14/><F1/><W47/><G75/><T116/><D116/><U44/><E43/><V2/><F2/><W32/><G32/><T66/><D66/><U118/><E118/><V76/><F76/><W0/><G89/><T40/><D40/><U101/><REACH who="1" step="1"/><E80/><REACH who="1" ten="250,240,250,250" step="2"/><V31/><F106/><W135/><G82/><T48/><D48/><U73/><E73/><V109/><F51/><W71/><G135/><T83/><D83/><U34/><E34/><V23/><F114/><W122/><G122/><T21/><D38/><U100/><E100/><V36/><F36/><W29/><G29/><T128/><D37/><U79/><E79/><V33/><F31/><W63/><G102/><T70/><D128/><U5/><E5/><V78/><F33/><W19/><G103/><T35/><D35/><U125/><E125/><V111/><F78/><W12/><G4/><T108/><D49/><U65/><E65/><V27/><F115/><W16/><G19/><T86/><D17/><U64/><E64/><V45/><F6/><W15/><G0/><T72/><D72/><U81/><E81/><V120/><F112/><RYUUKYOKU ba="0,1" sc="250,-10,240,30,250,-10,250,-10" hai1="9,18,44,46,52,59,61,84,85,87,94,97,101" /><INIT seed="1,1,1,2,4,26" ten="240,270,240,240" oya="1" hai0="112,78,33,46,32,84,91,56,81,36,65,19,95" hai1="110,119,0,54,21,6,124,30,117,24,122,97,101" hai2="133,53,4,17,43,23,104,27,73,60,64,105,75" hai3="107,114,13,135,90,103,70,132,48,45,109,77,50"/><U42/><E42/><V40/><F133/><N who="3" m="51275" /><G114/><T7/><D112/><U68/><E68/><V9/><F53/><W31/><G109/><T49/><D7/><U20/><E54/><V8/><F73/><W116/><G116/><N who="1" m="44618" /><E97/><V96/><F75/><W130/><G130/><T92/><D92/><U66/><E101/><V88/><F104/><W41/><G77/><T131/><D131/><U120/><E66/><V38/><F38/><W89/><G70/><T87/><D36/><U102/><E102/><V125/><F125/><W94/><G107/><T83/><D95/><U51/><E51/><V79/><F79/><W126/><G126/><T86/><D86/><U69/><E69/><V129/><F129/><W59/><G103/><T10/><D56/><U5/><E124/><V123/><F105/><W28/><G13/><N who="0" m="7607" /><D65/><U118/><E118/><V16/><F64/><W80/><G80/><T113/><D113/><U67/><E67/><V47/><F47/><N who="3" m="25711" /><G59/><T115/><D115/><U127/><E127/><V85/><F40/><N who="3" m="24871" /><G90/><T25/><D91/><U134/><E134/><V12/><F43/><W62/><G62/><T98/><D78/><U82/><E110/><V22/><F60/><W108/><G108/><T35/><D83/><U121/><E82/><V18/><F88/><W61/><G61/><T63/><D63/><U128/><E128/><V72/><F72/><W58/><G58/><T93/><D81/><U15/><E0/><V29/><F12/><W39/><G39/><T57/><D57/><U11/><E6/><V55/><F4/><W106/><G106/><T34/><D49/><RYUUKYOKU ba="1,1" sc="240,-15,270,15,240,-15,240,15" hai1="5,11,15,20,21,24,30,120,121,122" hai3="28,31,89,94" /><INIT seed="1,2,1,5,3,1" ten="225,285,225,255" oya="1" hai0="61,19,26,6,132,103,92,16,30,83,134,124,129" hai1="113,51,65,91,116,89,58,111,121,80,86,43,4" hai2="74,119,101,11,18,97,52,54,105,104,37,13,38" hai3="17,34,84,94,3,59,41,99,68,108,12,55,60"/><U45/><E113/><V22/><F119/><W100/><G108/><T44/><D129/><U33/><E116/><V88/><F74/><W98/><G34/><T128/><D128/><U130/><E130/><V10/><F105/><W87/><G3/><T77/><D124/><U127/><E121/><V8/><REACH who="2" step="1"/><F88/><REACH who="2" ten="225,285,215,255" step="2"/><N who="3" m="55623" /><G68/><T46/><D134/><U72/><E91/><V64/><F64/><W106/><G106/><T73/><D132/><U70/><E72/><V109/><F109/><W36/><G36/><AGARI ba="2,2" hai="8,10,11,13,18,22,36,37,38,52,54,97,101,104" machi="36" ten="40,2600,0" yaku="1,1,54,1,53,0" doraHai="1" doraHaiUra="47" who="2" fromWho="3" sc="225,0,285,0,215,52,255,-32" /><INIT seed="2,0,0,5,5,26" ten="225,285,267,223" oya="2" hai0="122,41,43,125,12,45,129,48,24,35,42,65,105" hai1="21,2,96,120,77,112,58,107,33,128,37,108,83" hai2="118,25,81,119,66,63,6,97,29,50,115,114,121" hai3="89,32,16,68,59,0,44,54,133,113,13,55,67"/><V131/><F81/><W31/><G0/><T8/><D122/><U79/><E33/><N who="2" m="20655" /><F97/><W19/><G133/><T56/><D129/><U39/><E21/><V80/><F80/><W88/><G113/><N who="2" m="43017" /><F50/><N who="3" m="28999" /><G32/><T38/><D38/><U52/><E112/><V123/><F63/><N who="3" m="38399" /><G68/><T102/><D125/><U92/><E107/><V34/><F66/><W27/><G55/><T82/><D82/><U28/><E83/><V64/><F64/><W20/><G13/><T74/><D74/><U91/><E52/><V110/><F34/><W117/><G117/><N who="2" m="44553" /><F131/><W70/><G70/><T23/><D35/><U5/><E128/><V53/><F53/><W124/><G124/><T95/><D105/><U51/><E39/><V9/><F110/><W22/><G22/><T4/><D56/><U94/><E58/><V10/><F10/><W62/><G62/><T1/><D65/><U57/><E108/><V104/><F104/><W111/><G111/><T98/><REACH who="0" step="1"/><D1/><AGARI ba="0,0" hai="1,6,9,121,123" m="44553,43017,20655" machi="1" ten="30,11600,0" yaku="23,1,34,2,52,1" doraHai="26" who="2" fromWho="0" sc="225,-116,285,0,267,116,223,0" /><INIT seed="2,1,0,3,2,49" ten="109,285,383,223" oya="2" hai0="47,110,83,11,127,116,65,27,109,115,48,82,107" hai1="29,133,120,26,50,46,17,64,72,96,21,51,132" hai2="57,40,104,76,6,52,14,33,58,105,88,13,98" hai3="134,100,106,71,77,37,16,43,93,9,119,41,15"/><V56/><F33/><W67/><G119/><T20/><D115/><U112/><E112/><V53/><F40/><W3/><G134/><N who="1" m="51818" /><E72/><V89/><F76/><W92/><G3/><T30/><D116/><U113/><E113/><V44/><F44/><W80/><G106/><T0/><D107/><U18/><E120/><V78/><F78/><W91/><G37/><T2/><D65/><U118/><E118/><V42/><F42/><W74/><G100/><T123/><D123/><U97/><E64/><V34/><F34/><W1/><G92/><T10/><D127/><U55/><E51/><V85/><F6/><W94/><G94/><T63/><D63/><U84/><E84/><V126/><F126/><W69/><G1/><T128/><D128/><U135/><E135/><V90/><F85/><W70/><REACH who="3" step="1"/><G67/><REACH who="3" ten="109,285,383,213" step="2"/><T101/><D101/><U38/><E38/><V81/><F105/><W39/><G39/><T122/><D122/><U7/><E7/><V114/><F114/><W5/><G5/><T32/><D0/><U102/><E102/><V19/><F104/><W130/><G130/><T62/><D2/><U45/><E45/><V117/><F117/><W36/><G36/><T108/><D108/><U60/><E96/><AGARI ba="1,1" hai="9,15,16,41,43,69,70,71,74,77,80,91,93,96" machi="96" ten="40,2600,0" yaku="1,1,54,1,53,0" doraHai="49" doraHaiUra="54" who="3" fromWho="1" sc="109,0,285,-29,383,0,213,39" /><INIT seed="3,0,0,3,0,20" ten="109,256,383,252" oya="3" hai0="130,101,49,75,0,119,85,53,77,44,63,7,103" hai1="56,37,13,123,89,91,121,112,83,116,11,67,25" hai2="79,113,95,107,3,26,36,80,58,96,33,52,29" hai3="99,125,32,111,68,35,6,10,17,46,4,93,106"/><W19/><G106/><T64/><D119/><U70/><E70/><V50/><F113/><W69/><G125/><T62/><D75/><U90/><E37/><V129/><F129/><W42/><G111/><T38/><D130/><U45/><E112/><V78/><F107/><W102/><G68/><T114/><D114/><U18/><E116/><V39/><F3/><W5/><G69/><T72/><D72/><U115/><E115/><V134/><F134/><W14/><REACH who="3" step="1"/><G19/><REACH who="3" ten="109,256,383,242" step="2"/><T127/><D127/><U31/><E18/><V47/><F58/><W84/><G84/><T110/><D110/><U43/><E56/><V40/><F79/><W120/><G120/><T126/><D126/><U87/><E87/><V21/><F33/><W122/><G122/><T8/><D38/><AGARI ba="0,1" hai="4,5,6,10,14,17,32,35,38,42,46,93,99,102" machi="38" ten="40,2000,0" yaku="1,1,53,0" doraHai="20" doraHaiUra="131" who="3" fromWho="0" sc="109,-20,256,0,383,0,242,30" /><INIT seed="3,1,0,0,0,9" ten="89,256,383,272" oya="3" hai0="92,122,105,57,11,72,125,64,116,43,134,108,118" hai1="89,30,78,85,39,76,4,114,100,63,66,2,81" hai2="132,70,18,31,109,56,53,55,45,67,14,96,59" hai3="75,121,87,110,91,33,10,129,62,1,3,73,82"/><W19/><G121/><T32/><D92/><U97/><E114/><V61/><F109/><W37/><G129/><T40/><D11/><U27/><E39/><V71/><F132/><W86/><G33/><T99/><D57/><U80/><E4/><V77/><F31/><W123/><G123/><T25/><D64/><U8/><E8/><V106/><F77/><W131/><G131/><T65/><D65/><U74/><E2/><V26/><F26/><W124/><G37/><T48/><D48/><U36/><E36/><V15/><F45/><W54/><G124/><T133/><D25/><U24/><E89/><V90/><F18/><W47/><G110/><T93/><D93/><U21/><E27/><V12/><F67/><W28/><G28/><T119/><D99/><U88/><E80/><V69/><F90/><W95/><G3/><T29/><D29/><U38/><E74/><V128/><F128/><W101/><G101/><T49/><D118/><U94/><E38/><V98/><REACH who="2" step="1"/><F106/><REACH who="2" ten="89,256,373,272" step="2"/><W0/><G75/><T46/><D72/><U130/><REACH who="1" step="1"/><E130/><REACH who="1" ten="89,246,373,272" step="2"/><V120/><F120/><W112/><G73/><T117/><D122/><U84/><E84/><V58/><F58/><AGARI ba="1,2" hai="21,24,30,58,63,66,76,78,81,85,88,94,97,100" machi="58" ten="30,12000,2" yaku="1,1,7,1,25,2,8,1,54,1,53,0" doraHai="9" doraHaiUra="51" who="1" fromWho="2" sc="89,0,246,143,373,-123,272,0" owari="89,-41.1,389,48.9,250,-15.0,272,7.2" /></mjloggm>