<mjloggm ver="2.3"><GO type="225" lobby="0"/><UN n0="%43%68%65" n1="%E5%B8%86%E7%AB%8B%E5%A4%8F%E8%A1%A3" n2="%6D%6F%6E%63%68%69" n3="%E6%A1%9C%E8%8A%B1%E9%96%83%E3%80%85" dan="16,16,16,17" rate="2079.65,2099.01,2045.52,2187.46" sx="M,M,M,M"/><TAIKYOKU oya="0"/><INIT seed="0,0,0,1,2,100" ten="250,250,250,250" oya="0" hai0="85,10,58,131,122,123,102,52,23,80,132,9,97" hai1="8,55,33,12,76,47,110,4,64,68,60,19,129" hai2="32,54,86,28,114,42,130,2,109,37,57,67,3" hai3="16,15,82,71,18,22,96,120,1,92,95,78,93"/><T108/><D132/><U66/><E110/><V75/><F75/><W91/><G120/><T39/><D108/><U128/><E33/><V88/><F114/><W61/><G1/><T105/><D39/><U111/><E111/><V103/><F103/><W84/><G71/><T27/><D131/><U48/><E76/><V45/><F67/><W46/><G61/><T74/><D74/><U99/><E66/><V133/><F109/><W106/><G106/><T29/><D123/><U50/><E99/><V21/><F32/><W6/><G6/><T17/><D29/><U34/><E34/><V7/><F130/><W126/><G126/><T40/><D40/><U51/><E51/><V79/><F79/><W24/><REACH who="3" step="1"/><G46/><REACH who="3" ten="250,250,250,240" step="2"/><T90/><D122/><U116/><E116/><V134/><F7/><W59/><G59/><T56/><D58/><U94/><E4/><V43/><F45/><W127/><G127/><T118/><D118/><U31/><E129/><V121/><F2/><W112/><G112/><T44/><D44/><U83/><E128/><V104/><F3/><W77/><G77/><T62/><AGARI ba="0,1" hai="9,10,17,23,27,52,56,62,80,85,90,97,102,105" machi="62" ten="20,7800,0" yaku="0,1,7,1,52,1,54,1" doraHai="100" who="0" fromWho="0" sc="250,88,250,-26,250,-26,240,-26" /><INIT seed="0,1,0,4,5,60" ten="338,224,224,214" oya="0" hai0="112,93,52,86,53,125,68,8,61,14,75,50,108" hai1="132,32,3,37,58,131,116,130,95,15,81,47,67" hai2="100,121,120,40,51,59,72,6,29,119,97,98,109" hai3="34,88,113,0,73,123,118,24,36,102,27,84,87"/><T42/><D75/><U90/><E116/><V23/><F72/><W9/><G118/><T64/><D112/><U70/><E3/><V26/><F119/><W62/><G73/><T76/><D125/><U44/><E32/><V83/><F109/><W80/><G113/><T101/><D108/><U5/><E132/><V43/><F6/><W126/><G126/><T117/><D117/><U133/><E70/><V39/><F39/><W54/><G36/><T94/><D101/><U128/><E81/><V77/><F97/><W28/><G102/><T104/><D104/><U79/><E79/><V56/><F83/><W122/><G27/><T135/><D135/><U33/><E33/><V12/><F77/><W17/><G84/><T7/><D94/><U78/><E78/><V134/><F12/><W31/><G31/><T105/><D105/><U1/><E1/><V41/><F134/><W35/><G35/><T19/><D19/><U30/><E30/><V11/><F11/><W38/><G38/><T45/><D93/><U82/><E82/><AGARI ba="1,0" hai="7,8,14,42,45,50,52,53,61,64,68,76,82,86" machi="82" ten="40,12000,1" yaku="25,2,52,1,54,1" doraHai="60" who="0" fromWho="1" sc="338,123,224,-123,224,0,214,0" /><INIT seed="0,2,0,2,0,3" ten="461,101,224,214" oya="0" hai0="60,12,120,110,72,62,46,65,113,8,37,68,44" hai1="92,9,129,119,57,109,89,132,48,24,50,6,43" hai2="10,28,45,121,134,77,5,40,11,14,96,23,34" hai3="133,108,101,30,61,94,71,58,55,39,90,100,82"/><T86/><D72/><U21/><E109/><V117/><F34/><W107/><G108/><T114/><D120/><U135/><E119/><V59/><F134/><N who="1" m="51241" /><E129/><V122/><F117/><W91/><G133/><T2/><D2/><N who="1" m="215" /><E43/><V123/><F59/><W85/><G107/><T95/><D110/><U51/><E57/><V99/><F10/><W16/><G39/><T1/><D1/><U74/><E74/><V67/><F67/><W20/><G30/><T42/><D62/><U126/><E126/><V105/><F105/><W53/><G53/><T75/><D75/><U31/><E51/><V18/><F28/><W7/><G7/><T4/><D46/><U70/><E70/><V64/><F77/><W0/><G0/><T63/><D63/><U130/><E130/><V69/><F64/><W76/><G71/><T13/><D13/><U88/><E89/><N who="3" m="33802" /><G94/><T33/><D33/><U93/><E92/><V36/><REACH who="2" step="1"/><F69/><REACH who="2" ten="461,101,214,214" step="2"/><W112/><G112/><T54/><D114/><U79/><E79/><V38/><F38/><W29/><G29/><T102/><D113/><U49/><E49/><V78/><F78/><W83/><G83/><T128/><D128/><U127/><E127/><V124/><F124/><W19/><G19/><T87/><D68/><U66/><E66/><V116/><F116/><W125/><G125/><T80/><D65/><U103/><E103/><V98/><F98/><AGARI ba="2,1" hai="21,24,31,48,50,88,93,98" m="215,51241" machi="98" ten="30,3900,0" yaku="20,1,52,1,54,1" doraHai="3" who="1" fromWho="2" sc="461,0,101,55,214,-45,214,0" /><INIT seed="1,0,0,4,1,2" ten="461,156,169,214" oya="1" hai0="97,8,59,116,44,35,15,76,126,71,94,39,69" hai1="50,40,24,85,34,112,37,47,0,87,27,33,82" hai2="4,80,129,65,109,36,98,84,115,83,32,120,91" hai3="5,113,52,106,46,25,74,67,66,12,86,92,61"/><U16/><E112/><V114/><F32/><W41/><G113/><N who="2" m="43017" /><F36/><W29/><G74/><T135/><D116/><U117/><E117/><V7/><F65/><W118/><G106/><T122/><D35/><U127/><E127/><V54/><F120/><W107/><G107/><T51/><D51/><BYE who="0" /><U95/><E0/><V22/><F129/><W6/><G118/><T23/><D23/><N who="1" m="13415" /><E34/><V18/><F109/><UN n0="%43%68%65" /><W123/><G123/><T30/><D39/><U101/><E37/><V73/><F54/><W19/><G25/><T55/><D44/><U104/><E104/><V68/><F68/><W43/><G29/><T75/><D75/><U42/><E33/><V78/><F98/><W134/><G134/><T121/><D71/><U99/><E27/><AGARI ba="0,0" hai="4,7,18,22,27,73,78,80,83,84,91" m="43017" machi="27" ten="30,3900,0" yaku="11,1,52,2" doraHai="2" who="2" fromWho="1" sc="461,0,156,-39,169,39,214,0" /><INIT seed="2,0,0,0,1,128" ten="461,117,208,214" oya="2" hai0="71,3,94,82,16,65,95,57,81,47,26,38,116" hai1="113,129,64,12,36,110,126,41,107,51,133,33,69" hai2="101,40,46,68,73,86,60,21,96,24,93,83,131" hai3="11,15,92,135,91,120,118,5,53,78,67,61,106"/><V97/><F131/><W76/><G120/><T42/><D3/><U14/><RYUUKYOKU type="yao9" ba="0,0" sc="461,0,117,0,208,0,214,0" hai1="12,14,33,36,41,51,64,69,107,110,113,126,129,133" /><INIT seed="2,1,0,4,3,32" ten="461,117,208,214" oya="2" hai0="85,54,3,111,41,60,4,86,95,71,89,6,34" hai1="5,68,23,22,134,92,109,61,93,128,72,100,76" hai2="39,116,84,12,42,67,74,101,97,47,2,122,13" hai3="135,50,17,44,11,36,118,82,53,46,48,126,83"/><V115/><F122/><W55/><G118/><T87/><D34/><U130/><E109/><V121/><F121/><W132/><G36/><T33/><D33/><U88/><E134/><N who="3" m="51242" /><G126/><T62/><D111/><U20/><E72/><V40/><F116/><W110/><G110/><T125/><D125/><U75/><E75/><V19/><F74/><W120/><G120/><T59/><D41/><U117/><E76/><V10/><F40/><W127/><G127/><T30/><D30/><U56/><E68/><V112/><F67/><W43/><G55/><T99/><D3/><U49/><E117/><V90/><F12/><AGARI ba="1,0" hai="11,12,17,43,44,46,48,50,53,82,83" m="51242" machi="12" ten="30,1000,0" yaku="20,1" doraHai="32" who="3" fromWho="2" sc="461,0,117,0,208,-13,214,13" /><INIT seed="3,0,0,3,5,134" ten="461,117,195,227" oya="3" hai0="125,66,85,53,33,94,43,64,96,23,32,121,118" hai1="75,48,24,104,100,76,77,71,93,73,128,27,34" hai2="92,9,2,51,28,52,39,80,8,97,54,3,10" hai3="59,35,65,61,123,56,117,122,131,82,113,6,79"/><W41/><G117/><T124/><D118/><U44/><E128/><V69/><F39/><W120/><G113/><T42/><D121/><U13/><E71/><V88/><F69/><W101/><G131/><T70/><D85/><U45/><E104/><V135/><F135/><W0/><G35/><T109/><D53/><U20/><E34/><V98/><F28/><W7/><G101/><T114/><D23/><U119/><E119/><V126/><F126/><N who="0" m="48746" /><D109/><U127/><E127/><V40/><F80/><W38/><G82/><T14/><D14/><U107/><E107/><V22/><F22/><W115/><G115/><T95/><D114/><U49/><E20/><V1/><F40/><N who="0" m="15402" /><D95/><U111/><E13/><V87/><REACH who="2" step="1"/><F54/><REACH who="2" ten="461,117,185,227" step="2"/><W55/><G41/><T83/><D83/><U74/><E74/><V46/><AGARI ba="0,1" hai="1,2,3,8,9,10,46,51,52,87,88,92,97,98" machi="46" ten="40,8000,1" yaku="1,1,2,1,0,1,54,2,53,0" doraHai="134" doraHaiUra="57" who="2" fromWho="2" sc="461,-20,117,-20,185,90,227,-40" owari="441,54.1,97,-40.3,275,7.5,187,-21.3" /></mjloggm>