<mjloggm ver="2.3"><GO type="225" lobby="0"/><UN n0="%E9%80%9F%E6%B0%B4%E5%87%9B%E9%A6%99" n1="%E6%A1%9C%E8%8A%B1%E9%96%83%E3%80%85" n2="%E9%A2%A8%E3%81%A7%E9%B3%B4%E3%81%8F" n3="%E3%81%8F%E3%81%BE%E3%81%96%E3%82%8F" dan="16,18,16,16" rate="2053.41,2221.60,2117.46,2048.30" sx="F,M,M,M"/><TAIKYOKU oya="0"/><INIT seed="0,0,0,0,4,5" ten="250,250,250,250" oya="0" hai0="84,63,113,75,13,129,107,25,2,103,42,22,46" hai1="77,122,14,58,45,31,23,99,33,116,125,126,76" hai2="4,69,41,55,49,11,48,10,135,35,114,17,0" hai3="34,86,111,21,110,80,120,15,68,131,65,100,36"/><T109/><D75/><U67/><E116/><V74/><F74/><W24/><G36/><T128/><D2/><U118/><E118/><V51/><F114/><W32/><G100/><T79/><D103/><U134/><E122/><V57/><F69/><W98/><G98/><T94/><D107/><U83/><E134/><V119/><F119/><W82/><G82/><T50/><D113/><U59/><E33/><V70/><F70/><W72/><G72/><T26/><D109/><N who="3" m="41481" /><G120/><T8/><D63/><U71/><E45/><V7/><F35/><W132/><G15/><T12/><D12/><U1/><E99/><V28/><F28/><N who="3" m="17423" /><G131/><N who="0" m="50251" /><D22/><U104/><E23/><V108/><F108/><W89/><G132/><T64/><D64/><U47/><E14/><V27/><F135/><W112/><G112/><T90/><D79/><U3/><E76/><V73/><F73/><W92/><G65/><T101/><D101/><U20/><E67/><V130/><F130/><W87/><G68/><T54/><D42/><U30/><E71/><V121/><F121/><W62/><G62/><T19/><AGARI ba="0,0" hai="8,13,19,25,26,46,50,54,84,90,94" m="50251" machi="19" ten="30,3000,0" yaku="19,1,52,1" doraHai="5" who="0" fromWho="0" sc="250,30,250,-10,250,-10,250,-10" /><INIT seed="0,1,0,3,1,61" ten="280,240,240,240" oya="0" hai0="123,110,12,76,8,104,74,29,134,69,111,112,81" hai1="126,80,34,35,132,51,0,1,108,23,133,75,58" hai2="49,92,27,114,4,5,36,73,24,95,57,105,94" hai3="121,30,55,47,82,97,39,124,107,131,60,62,2"/><T31/><D112/><U106/><E106/><V115/><F36/><W6/><G30/><T88/><D123/><U38/><E38/><V84/><F73/><W41/><G62/><T70/><D104/><U96/><E96/><V14/><F105/><W129/><G82/><T125/><D125/><U43/><E126/><V119/><F119/><W19/><G124/><T10/><D10/><U118/><E118/><V109/><F109/><N who="0" m="41482" /><D134/><U53/><E43/><V9/><F4/><W103/><G121/><T18/><D88/><U86/><E108/><V20/><F27/><W83/><G2/><T7/><D7/><U48/><E1/><V78/><F78/><W130/><G6/><T28/><AGARI ba="1,0" hai="8,12,18,28,29,31,69,70,74,76,81" m="41482" machi="28" ten="30,3000,0" yaku="14,1,10,1" doraHai="61" who="0" fromWho="0" sc="280,33,240,-11,240,-11,240,-11" /><INIT seed="0,2,0,4,4,100" ten="313,229,229,229" oya="0" hai0="87,77,71,75,91,11,3,80,1,31,25,22,96" hai1="119,88,10,59,121,67,73,64,85,41,49,13,101" hai2="97,127,21,53,94,46,56,74,132,65,124,39,131" hai3="112,50,33,104,43,58,51,0,82,83,125,57,5"/><T72/><D71/><U133/><E119/><V15/><F74/><W9/><G112/><T78/><D96/><U61/><E121/><V8/><F131/><W76/><G33/><T103/><D103/><U7/><E133/><V24/><F132/><W107/><G83/><T54/><D11/><U17/><E73/><V16/><F39/><W42/><G125/><T66/><D66/><U68/><E101/><V29/><F46/><W45/><G58/><T47/><D72/><U37/><E37/><V118/><F118/><W115/><G115/><T52/><D78/><U93/><E67/><V28/><F65/><W110/><G110/><T55/><REACH who="0" step="1"/><D47/><REACH who="0" ten="303,229,229,229" step="2"/><N who="1" m="25839" /><E68/><V84/><F84/><W129/><G57/><T63/><D63/><U69/><E69/><V26/><F124/><W106/><G129/><T105/><D105/><U92/><E7/><V86/><F86/><W81/><G76/><T60/><D60/><U18/><E18/><V34/><F127/><W36/><G107/><T2/><D2/><U130/><E130/><V38/><F38/><W12/><G36/><T111/><D111/><U62/><E62/><V4/><F4/><W135/><G135/><T114/><D114/><U20/><E10/><V23/><F97/><W116/><G116/><T6/><D6/><U90/><E90/><V48/><REACH who="2" step="1"/><F94/><AGARI ba="2,1" hai="1,3,22,25,31,52,54,55,75,77,80,87,91,94" machi="94" ten="40,7700,0" yaku="1,1,54,1,53,1" doraHai="100" doraHaiUra="89" who="0" fromWho="2" sc="303,93,229,0,229,-83,229,0" /><AGARI ba="2,0" hai="13,17,20,59,61,64,85,88,92,93,94" m="25839" machi="94" ten="30,2000,0" yaku="8,1,54,1" doraHai="100" who="1" fromWho="2" sc="396,0,229,20,146,-20,229,0" /><INIT seed="0,3,0,2,4,90" ten="396,249,126,229" oya="0" hai0="70,73,102,4,97,55,78,49,46,87,52,69,135" hai1="29,61,65,98,108,16,133,130,132,45,44,33,53" hai2="85,115,14,37,60,41,43,54,5,74,51,86,100" hai3="118,124,11,58,95,122,134,10,31,27,117,67,40"/><T20/><D73/><U116/><E116/><V75/><F115/><W63/><G124/><T30/><D135/><N who="1" m="51787" /><E108/><V7/><F60/><W9/><G134/><T15/><D70/><N who="1" m="42287" /><E130/><V32/><F100/><W22/><G122/><T84/><D69/><U103/><E53/><V81/><F32/><W131/><G40/><T1/><D1/><U0/><E0/><V72/><F37/><W114/><G114/><T34/><D34/><U94/><E16/><V6/><F14/><W129/><REACH who="3" step="1"/><G95/><REACH who="3" ten="396,249,126,219" step="2"/><N who="0" m="58687" /><D78/><U48/><E48/><V99/><F81/><W82/><G82/><T56/><D4/><U128/><E128/><AGARI ba="3,1" hai="9,10,11,22,27,31,58,63,67,117,118,128,129,131" machi="128" ten="40,8000,1" yaku="1,1,19,1,53,3" doraHai="90" doraHaiUra="127" who="3" fromWho="1" sc="396,0,249,-89,126,0,219,99" /><INIT seed="1,0,0,2,3,62" ten="396,160,126,318" oya="1" hai0="31,85,95,71,11,92,12,52,39,120,82,127,115" hai1="72,50,103,60,94,97,16,116,61,30,32,18,80" hai2="28,47,110,23,121,37,101,4,38,91,54,73,46" hai3="132,17,55,96,56,111,114,135,93,123,113,79,66"/><U100/><E116/><V76/><F121/><W84/><G123/><T5/><D39/><U124/><E124/><V53/><F4/><W48/><G111/><T130/><D115/><N who="3" m="44041" /><G17/><T25/><D120/><U126/><E126/><V88/><F101/><W75/><G75/><T36/><D36/><U122/><E122/><V86/><F23/><W98/><G66/><T63/><D130/><U29/><E32/><V45/><F28/><N who="1" m="10857" /><E72/><V118/><F73/><W20/><G20/><N who="0" m="15783" /><D71/><U19/><E100/><V102/><F102/><W44/><G44/><T7/><D7/><U78/><E78/><V42/><F47/><W89/><G79/><N who="0" m="46303" /><D127/><U64/><E80/><V70/><F76/><W27/><G27/><T128/><D128/><U104/><E104/><V108/><F70/><W134/><AGARI ba="0,0" hai="48,55,56,84,89,93,96,98,132,134,135" m="44041" machi="134" ten="40,1500,0" yaku="20,1" doraHai="62" who="3" fromWho="3" sc="396,-4,160,-7,126,-4,318,15" /><INIT seed="2,0,0,5,3,52" ten="392,153,122,333" oya="2" hai0="41,133,93,29,77,36,5,13,104,127,6,106,109" hai1="21,91,46,82,105,125,8,64,56,67,116,117,17" hai2="97,0,31,90,120,134,96,111,32,66,79,71,112" hai3="113,14,84,80,75,100,81,62,114,54,122,9,44"/><V130/><F0/><W25/><G122/><T102/><D29/><U1/><E105/><V98/><F120/><W135/><G135/><T19/><D41/><U128/><E128/><V26/><F112/><W118/><G100/><T74/><D36/><U27/><E125/><V87/><F134/><W2/><G2/><T110/><D133/><U38/><E38/><V30/><F30/><W101/><G101/><T51/><D51/><U63/><E46/><V107/><F130/><W34/><G25/><T61/><D77/><U70/><E67/><V16/><F111/><N who="0" m="42506" /><D74/><U4/><REACH who="1" step="1"/><E70/><REACH who="1" ten="392,143,122,333" step="2"/><V53/><F66/><W50/><G75/><T132/><D106/><U131/><E131/><V7/><F71/><W94/><G114/><T15/><D104/><U55/><E55/><V126/><F126/><W86/><G113/><T10/><D127/><U45/><E45/><V42/><F42/><W43/><G54/><T58/><D132/><U124/><E124/><V18/><F107/><W48/><G44/><T88/><D102/><U3/><E3/><V73/><F53/><W40/><G43/><T11/><D61/><U12/><E12/><V35/><F35/><W95/><G14/><T92/><D13/><U115/><E115/><V89/><F7/><W65/><G40/><T99/><D15/><U57/><E57/><V123/><F123/><W47/><G47/><T60/><D58/><U76/><E76/><V37/><F37/><W33/><G65/><T69/><D5/><U24/><E24/><V68/><F68/><W103/><G62/><T85/><D6/><U28/><E28/><RYUUKYOKU ba="0,1" sc="392,-10,143,30,122,-10,333,-10" hai1="1,4,8,17,21,27,56,63,64,82,91,116,117" /><INIT seed="3,1,1,3,1,24" ten="382,173,112,323" oya="3" hai0="34,108,88,82,79,54,72,32,123,105,87,6,130" hai1="64,92,113,53,62,70,119,107,46,40,56,96,18" hai2="20,5,37,29,58,86,51,33,10,19,30,50,80" hai3="59,4,16,99,28,118,110,111,131,67,68,57,93"/><W133/><G118/><T134/><D123/><U109/><E113/><V45/><F33/><W94/><G4/><T78/><D105/><U52/><E107/><V100/><F100/><W114/><G114/><T121/><D121/><U23/><E109/><N who="3" m="41482" /><G131/><T21/><D108/><U90/><E70/><V39/><F39/><W60/><G28/><N who="2" m="10857" /><F37/><W48/><G133/><T135/><D6/><U43/><E119/><V2/><F2/><W81/><G81/><N who="0" m="45255" /><D21/><U71/><E71/><V7/><F58/><N who="3" m="22027" /><G48/><N who="2" m="18473" /><F45/><W73/><G73/><N who="0" m="43375" /><D54/><N who="1" m="21099" /><E46/><V22/><F10/><W84/><G99/><T116/><D116/><U47/><E47/><V102/><F102/><W27/><G84/><T101/><D101/><U17/><E17/><V38/><F22/><AGARI ba="1,1" hai="16,22,27,60,67,68,93,94" m="22027,41482" machi="22" ten="30,5800,0" yaku="14,1,10,1,54,1" doraHai="24" who="3" fromWho="2" sc="382,0,173,0,112,-61,323,71" owari="382,18.2,173,-22.7,51,-44.9,394,49.4" /></mjloggm>