<mjloggm ver="2.3"><GO type="225" lobby="0"/><UN n0="%E9%AC%BC%E7%95%9C%E7%B1%B3%E5%85%B5" n1="%E3%81%AF%E3%82%88%E3%81%8A%E3%81%98%E3%81%95%E3%82%93" n2="%E6%B4%BE%E9%81%A3%E3%81%AE%E3%82%B8%E3%83%A3%E3%83%83%E3%82%AF" n3="%33%74%72%65%65" dan="17,17,17,16" rate="2185.64,2179.56,2215.84,2209.08" sx="M,M,M,F"/><TAIKYOKU oya="0"/><INIT seed="0,0,0,2,1,130" ten="250,250,250,250" oya="0" hai0="117,115,58,41,105,125,122,23,52,80,64,128,92" hai1="29,67,108,56,19,83,59,135,120,48,33,133,57" hai2="7,9,97,99,131,28,8,14,109,51,2,13,63" hai3="106,20,119,11,107,79,86,94,75,22,6,116,18"/><T110/><D105/><U21/><E120/><V54/><F109/><W85/><G75/><T114/><D122/><U74/><E108/><V60/><F28/><W102/><G107/><T69/><D110/><U127/><E127/><V30/><F30/><W126/><G126/><T78/><D125/><U12/><E67/><V42/><F131/><W77/><G106/><T65/><D128/><U90/><E48/><V121/><F121/><W35/><G35/><T103/><D117/><U84/><REACH who="1" step="1"/><E74/><REACH who="1" ten="250,240,250,250" step="2"/><V27/><F51/><W15/><G119/><T32/><D65/><U82/><E82/><V76/><F60/><W50/><G116/><T47/><D64/><U53/><E53/><V46/><F63/><W124/><G124/><T81/><D80/><U98/><E98/><V61/><F61/><W17/><G50/><T44/><D81/><U37/><E37/><V73/><F54/><W71/><G71/><T96/><D69/><U25/><AGARI ba="0,1" hai="12,19,21,25,29,33,56,57,59,83,84,90,133,135" machi="25" ten="30,7900,0" yaku="1,1,0,1,52,2,53,0" doraHai="130" doraHaiUra="38" who="1" fromWho="1" sc="250,-39,240,89,250,-20,250,-20" /><INIT seed="1,0,0,3,4,5" ten="211,329,230,230" oya="1" hai0="30,0,62,103,87,105,92,57,17,122,40,1,11" hai1="29,99,132,124,13,4,67,9,109,78,112,111,96" hai2="73,54,3,79,16,10,64,113,12,65,8,90,55" hai3="128,60,134,41,97,22,74,69,108,68,118,104,117"/><U131/><E112/><V43/><F43/><W24/><G108/><N who="1" m="41546" /><E124/><V125/><F125/><W86/><G134/><T45/><D122/><U121/><E121/><V7/><F113/><W85/><G74/><T106/><D30/><U49/><E132/><V127/><F127/><W42/><G128/><T75/><D75/><U18/><E131/><V21/><F90/><W100/><G42/><T126/><D126/><U82/><E29/><V23/><F73/><W133/><G41/><T20/><D1/><N who="1" m="143" /><E67/><V107/><F107/><W70/><G133/><T115/><D115/><U84/><E49/><V123/><F123/><W80/><G60/><T31/><D31/><U28/><E28/><V114/><F114/><W94/><G104/><T72/><D105/><U27/><E27/><V102/><F79/><W91/><REACH who="3" step="1"/><G86/><REACH who="3" ten="211,329,230,220" step="2"/><T32/><D87/><U93/><E93/><V110/><F110/><W120/><G120/><T44/><D92/><U61/><E61/><V47/><F64/><W116/><G116/><T53/><D72/><U66/><E66/><V37/><F65/><W2/><G2/><T36/><D0/><U58/><E84/><V14/><F3/><W88/><G88/><T59/><D106/><U33/><E82/><V15/><F37/><W129/><G129/><T6/><D36/><U130/><E130/><V39/><F39/><W26/><G26/><T83/><D83/><U38/><E38/><V50/><F54/><W76/><G76/><T89/><D53/><U19/><E78/><V71/><F55/><W98/><G98/><T63/><D40/><U77/><E77/><RYUUKYOKU ba="0,1" sc="211,-10,329,-10,230,-10,220,30" hai3="22,24,68,69,70,80,85,91,94,97,100,117,118" /><INIT seed="2,1,1,0,3,22" ten="201,319,220,250" oya="2" hai0="35,44,79,61,64,74,72,130,57,47,131,25,73" hai1="99,51,128,105,108,129,118,103,33,94,27,1,119" hai2="86,16,56,133,120,76,106,89,75,37,38,8,110" hai3="83,69,52,5,63,65,48,62,21,55,36,58,107"/><V49/><F120/><W6/><G107/><T92/><D92/><U93/><E1/><V54/><F106/><W12/><G36/><T71/><D79/><U31/><E108/><V123/><F123/><W97/><G97/><T78/><D78/><U53/><E93/><V29/><F110/><W41/><G41/><T77/><D77/><U134/><E134/><V20/><F29/><W116/><G116/><T10/><D10/><U84/><E84/><V23/><F133/><W45/><G83/><T100/><D100/><U117/><REACH who="1" step="1"/><E105/><REACH who="1" ten="201,309,220,250" step="2"/><V3/><F3/><W17/><AGARI ba="1,2" hai="5,6,12,17,21,45,48,52,55,58,62,63,65,69" machi="17" ten="30,2000,0" yaku="0,1,54,1" doraHai="22" who="3" fromWho="3" sc="201,-6,309,-6,220,-11,250,43" /><INIT seed="3,0,0,5,5,2" ten="195,303,209,293" oya="3" hai0="121,52,50,46,114,73,58,102,17,60,3,5,30" hai1="57,63,103,22,40,117,29,55,37,72,84,4,68" hai2="99,90,12,36,79,83,9,39,76,116,128,34,77" hai3="108,7,69,20,26,64,104,74,107,81,27,32,43"/><W54/><G54/><T88/><D73/><U122/><E72/><V28/><F116/><W129/><G27/><T80/><D121/><U78/><E122/><V61/><F128/><W51/><G129/><T75/><D30/><U33/><E33/><V53/><F34/><W130/><G130/><T98/><D114/><U70/><E117/><V65/><F28/><N who="3" m="19479" /><G20/><T19/><D3/><U14/><E103/><V100/><F53/><W118/><G51/><T101/><D5/><U126/><E126/><V125/><F125/><W35/><G118/><T38/><D38/><U106/><E106/><V42/><F42/><W6/><G6/><T112/><D112/><U97/><E97/><V89/><F36/><W18/><G18/><N who="0" m="6667" /><D75/><U15/><E70/><V62/><F39/><W66/><G7/><T48/><D48/><U56/><E68/><V109/><F109/><W110/><G43/><N who="0" m="24927" /><D98/><U135/><E135/><V86/><F90/><W113/><G113/><T95/><D80/><N who="1" m="47127" /><E37/><V1/><F1/><W94/><G35/><T25/><D25/><N who="1" m="16567" /><E40/><V45/><F83/><W23/><G69/><T133/><D133/><U10/><E15/><V96/><F12/><W11/><G94/><T8/><D8/><U120/><E120/><V127/><F127/><W85/><G11/><T115/><D115/><U93/><E93/><N who="2" m="54455" /><F9/><W16/><G74/><T71/><D71/><U67/><E56/><N who="2" m="37063" /><F61/><W132/><G132/><T105/><D105/><N who="3" m="40521" /><G110/><T87/><AGARI ba="0,0" hai="52,58,60,87,88,95,101,102" m="24927,6667" machi="87" ten="30,4000,0" yaku="8,1,54,2" doraHai="2" who="0" fromWho="0" sc="195,40,303,-10,209,-10,293,-20" /><INIT seed="4,0,0,2,2,48" ten="235,293,199,273" oya="0" hai0="2,3,93,96,10,9,34,113,70,104,12,74,7" hai1="123,81,49,26,77,43,121,126,37,118,103,54,125" hai2="61,132,86,6,5,109,42,57,120,18,76,78,65" hai3="87,67,110,36,127,84,112,91,20,22,129,1,75"/><T71/><D74/><U40/><E118/><V119/><F120/><N who="1" m="46153" /><E26/><V98/><F132/><W102/><G112/><T47/><D113/><U88/><E88/><V95/><F109/><W50/><G129/><T15/><D34/><U13/><E13/><V59/><F119/><W68/><G127/><N who="1" m="48650" /><E103/><N who="2" m="60895" /><F42/><W90/><G102/><T56/><D104/><U80/><E37/><V82/><F78/><W35/><G91/><T62/><D47/><N who="1" m="27967" /><E81/><V46/><F46/><W32/><G90/><T58/><D15/><U133/><E133/><V79/><F79/><W124/><G36/><T72/><D12/><U63/><E63/><N who="2" m="38127" /><F18/><W100/><G124/><T30/><D72/><AGARI ba="0,0" hai="40,43,72,77,80" m="27967,48650,46153" machi="72" ten="30,2000,0" yaku="18,1,52,1" doraHai="48" who="1" fromWho="0" sc="235,-20,293,20,199,0,273,0" owari="215,-18.5,313,41.3,199,-30.1,273,7.3" /></mjloggm>