<mjloggm ver="2.3"><GO type="225" lobby="0"/><UN n0="%E3%81%8B%E3%82%8F%E3%81%A1%E3%82%83%E3%82%93%35%38" n1="%4D%6F%6E%61%6E%61" n2="%72%69%6F%75%63%68%61%6E" n3="%E3%81%A4%E3%81%A3%E3%81%B1%E3%82%8A%E3%83%9D%E3%83%BC%E3%83%AB" dan="16,16,16,17" rate="2117.54,2089.60,2152.36,2228.49" sx="M,F,M,M"/><TAIKYOKU oya="0"/><INIT seed="0,0,0,0,5,18" ten="250,250,250,250" oya="0" hai0="126,120,71,59,4,109,3,73,11,81,69,95,114" hai1="79,124,20,99,7,103,30,25,32,135,105,78,129" hai2="39,66,121,61,92,88,45,17,37,47,130,48,54" hai3="98,83,53,1,67,40,46,113,72,6,91,128,96"/><T15/><D114/><U2/><E124/><V70/><F121/><W55/><G113/><T85/><D120/><U51/><E129/><V56/><F130/><W38/><G128/><T123/><D123/><U29/><E135/><V115/><F115/><W28/><G67/><T133/><D133/><U0/><E32/><V94/><F94/><N who="3" m="56415" /><G98/><T43/><D126/><U27/><E51/><V10/><F37/><W104/><G28/><T75/><D109/><U119/><E119/><V76/><F76/><N who="3" m="44423" /><G104/><T100/><D73/><U22/><REACH who="1" step="1"/><E7/><REACH who="1" ten="250,240,250,250" step="2"/><V117/><F117/><W62/><G62/><T77/><D4/><U26/><E26/><V111/><F111/><W93/><G93/><T89/><D95/><U23/><E23/><V87/><REACH who="2" step="1"/><F39/><REACH who="2" ten="250,240,240,250" step="2"/><W110/><G110/><T41/><D81/><U125/><E125/><V131/><F131/><W112/><G112/><T57/><D75/><U49/><E49/><V35/><F35/><W64/><G38/><T50/><D50/><U63/><E63/><V14/><AGARI ba="0,2" hai="10,14,17,45,47,48,54,56,61,66,70,87,88,92" machi="14" ten="30,7900,0" yaku="1,1,0,1,54,1,53,1" doraHai="18" doraHaiUra="9" who="2" fromWho="2" sc="250,-39,240,-20,240,99,250,-20" /><INIT seed="1,0,0,2,5,24" ten="211,220,339,230" oya="1" hai0="7,127,77,64,100,115,89,96,8,3,88,25,33" hai1="12,21,97,76,47,134,50,117,53,46,59,0,28" hai2="91,101,86,85,81,11,106,36,44,14,32,48,63" hai3="95,113,133,55,37,54,38,56,123,70,72,125,90"/><U43/><E117/><V67/><F36/><W60/><G123/><T31/><D115/><U15/><E134/><V4/><F32/><W6/><G113/><T19/><D127/><U109/><E0/><V71/><F86/><W112/><G112/><T121/><D121/><U9/><E109/><V34/><F34/><W20/><G72/><T84/><D64/><U130/><E130/><V93/><F106/><W78/><G78/><T75/><D75/><U107/><E76/><V22/><F22/><W73/><G73/><T58/><D58/><U17/><E43/><V118/><F118/><W30/><G70/><T80/><REACH who="0" step="1"/><D19/><REACH who="0" ten="201,220,339,230" step="2"/><U99/><E107/><AGARI ba="0,1" hai="3,7,8,25,31,33,77,80,84,88,89,96,100,107" machi="107" ten="30,8000,1" yaku="1,1,2,1,7,1,52,1,54,1,53,0" doraHai="24" doraHaiUra="61" who="0" fromWho="1" sc="201,90,220,-80,339,0,230,0" /><INIT seed="2,0,0,4,0,76" ten="291,140,339,230" oya="2" hai0="0,3,101,122,53,30,79,31,2,95,118,110,75" hai1="100,132,112,74,9,36,4,61,40,41,107,50,78" hai2="106,113,35,84,60,83,126,7,133,109,28,17,111" hai3="88,19,98,67,59,37,15,55,45,119,10,125,34"/><V64/><F113/><W69/><G119/><T131/><D122/><U39/><E112/><V71/><F106/><W80/><G34/><T51/><D118/><U48/><E132/><V52/><F133/><W102/><G125/><T73/><D110/><N who="2" m="41994" /><F126/><W46/><G37/><T86/><D131/><U89/><E107/><V25/><F7/><W43/><G43/><T92/><D101/><U103/><E89/><N who="2" m="51359" /><F17/><W23/><G67/><T44/><D92/><U14/><E39/><V24/><F24/><W105/><G69/><T85/><D86/><U63/><E36/><V62/><F62/><W104/><G104/><T56/><D44/><U90/><E90/><V57/><F71/><W97/><G97/><T5/><D5/><U87/><E74/><V1/><F1/><W42/><G105/><T27/><D27/><U124/><E124/><V134/><F134/><W29/><G102/><T32/><D75/><U26/><E26/><V130/><F130/><W114/><G98/><T70/><D73/><U121/><E121/><V33/><F35/><W68/><G68/><T22/><D32/><U93/><E100/><V82/><F82/><W47/><G114/><T54/><D70/><U91/><E103/><V99/><F99/><W58/><G88/><N who="0" m="53647" /><D79/><U49/><REACH who="1" step="1"/><E78/><REACH who="1" ten="291,130,339,230" step="2"/><V135/><F135/><W65/><G80/><T128/><D128/><U66/><E66/><AGARI ba="0,1" hai="25,28,33,52,57,60,64,66" m="51359,41994" machi="66" ten="30,11600,0" yaku="14,1,10,1,52,1,54,1" doraHai="76" who="2" fromWho="1" sc="291,0,130,-116,339,126,230,0" /><INIT seed="2,1,0,2,3,69" ten="291,14,465,230" oya="2" hai0="127,53,52,92,130,56,1,72,117,61,76,83,57" hai1="50,9,18,7,88,134,86,49,14,95,128,47,13" hai2="99,122,118,46,120,42,107,10,97,75,102,111,132" hai3="112,133,90,62,39,59,23,15,4,12,74,19,0"/><V37/><F118/><W87/><G74/><T113/><D113/><U96/><E134/><V103/><F132/><W28/><G133/><T108/><D108/><U16/><E128/><V31/><F111/><W66/><G112/><T79/><D127/><U35/><E35/><V11/><F75/><W84/><G39/><T98/><D130/><U5/><E96/><V116/><F116/><W115/><G115/><T21/><D117/><U41/><REACH who="1" step="1"/><E49/><REACH who="1" ten="291,4,465,230" step="2"/><V33/><F33/><W48/><G48/><T55/><D1/><U25/><E25/><V32/><F122/><W121/><G0/><T135/><D135/><U43/><E43/><V91/><F120/><W82/><G121/><T65/><D79/><U20/><AGARI ba="1,1" hai="5,7,9,13,14,16,18,20,41,47,50,86,88,95" machi="20" ten="20,12000,2" yaku="1,1,0,1,7,1,8,1,54,2,53,1" doraHai="69" doraHaiUra="36" who="1" fromWho="1" sc="291,-31,4,133,465,-61,230,-31" /><INIT seed="3,0,0,1,2,8" ten="260,137,404,199" oya="3" hai0="86,43,83,25,108,23,121,103,80,112,87,2,125" hai1="53,42,4,62,32,0,38,59,104,10,39,24,14" hai2="56,114,93,11,58,113,57,61,5,118,12,19,98" hai3="55,97,105,44,26,82,124,116,120,27,67,106,107"/><W117/><G120/><T49/><D121/><U133/><E104/><V122/><F118/><W74/><G124/><T9/><D103/><U132/><E0/><V7/><F122/><W69/><G97/><T16/><D108/><U54/><E42/><V41/><F41/><W135/><G135/><T89/><D125/><U127/><E127/><V99/><F99/><W6/><G6/><N who="2" m="2057" /><F113/><W34/><G27/><T75/><D75/><U40/><E40/><V95/><F114/><W134/><G55/><T111/><D111/><U68/><E68/><V17/><F17/><W91/><G44/><N who="0" m="25759" /><D2/><U84/><E84/><N who="0" m="32297" /><D112/><U52/><E32/><V128/><F128/><W88/><G134/><N who="1" m="51818" /><E24/><V90/><F93/><W81/><G105/><T102/><D102/><U78/><E78/><V46/><F46/><W126/><G26/><T71/><D71/><U76/><E76/><V22/><F22/><W100/><G126/><T31/><D89/><N who="3" m="34377" /><G69/><T48/><D48/><U13/><E39/><V20/><F20/><W35/><G107/><T110/><D110/><U129/><E38/><V70/><F70/><W47/><G106/><T36/><D36/><U123/><E123/><V101/><F101/><W130/><G100/><T50/><D50/><U66/><E129/><V94/><F94/><W73/><G130/><T3/><D3/><U60/><E60/><AGARI ba="0,0" hai="11,12,19,56,57,58,60,61,90,95,98" m="2057" machi="60" ten="30,2000,0" yaku="8,1,52,1" doraHai="8" who="2" fromWho="1" sc="260,0,137,-20,404,20,199,0" owari="260,6.0,117,-38.3,424,52.4,199,-20.1" /></mjloggm>