<mjloggm ver="2.3"><GO type="225" lobby="0"/><UN n0="%E7%89%B9%E6%9D%B1%E3%81%AF%E4%B8%96%E7%95%8C%E3%82%92%E6%95%91%E3%81%86" n1="%E5%8E%9F%E7%AF%80%E5%AD%90" n2="%63%68%78%62%64" n3="%E6%B4%BE%E9%81%A3%E3%81%AE%E3%82%B8%E3%83%A3%E3%83%83%E3%82%AF" dan="16,16,16,16" rate="2140.95,2090.50,2109.39,2205.84" sx="M,F,M,M"/><TAIKYOKU oya="0"/><INIT seed="0,0,0,4,5,122" ten="250,250,250,250" oya="0" hai0="3,36,16,108,26,115,119,15,33,107,39,88,63" hai1="54,48,73,43,64,37,103,116,30,76,98,23,130" hai2="75,8,6,32,128,85,99,102,134,2,61,131,132" hai3="89,113,111,17,47,72,49,96,101,51,93,95,127"/><T123/><D123/><U20/><E116/><V71/><F75/><W50/><G113/><T104/><D115/><U100/><E130/><N who="2" m="49707" /><F32/><W110/><G72/><T80/><D119/><U46/><E64/><N who="2" m="41359" /><F85/><W118/><G118/><T124/><D3/><U13/><E30/><V59/><F59/><W10/><G127/><T34/><D124/><U65/><E65/><V0/><F0/><W82/><G82/><T19/><D63/><U9/><E76/><V24/><F24/><W11/><G47/><T5/><D5/><U78/><E78/><V62/><F62/><W52/><G52/><T41/><D26/><U79/><E79/><V18/><F18/><W83/><G83/><T91/><D80/><U112/><E73/><V120/><F120/><W56/><G56/><T84/><D84/><U109/><E103/><V105/><AGARI ba="0,0" hai="2,6,8,99,102,105,132,134" m="41359,49707" machi="105" ten="30,2000,0" yaku="19,1,23,1" doraHai="122" who="2" fromWho="2" sc="250,-10,250,-5,250,20,250,-5" /><INIT seed="1,0,0,5,3,122" ten="240,245,270,245" oya="1" hai0="115,7,133,54,48,100,31,40,38,116,96,69,61" hai1="14,32,127,34,95,75,117,80,8,92,79,27,18" hai2="94,111,62,2,68,6,10,55,124,22,89,35,112" hai3="33,132,76,123,29,74,90,129,23,16,64,105,66"/><U102/><E117/><V67/><F35/><W101/><G123/><T121/><D121/><U47/><E127/><V103/><F124/><W109/><G129/><T99/><D116/><U11/><E102/><V4/><F112/><W21/><G74/><T71/><D115/><U78/><E78/><V85/><F6/><W72/><G76/><T52/><D133/><U86/><E11/><V0/><F103/><W43/><G43/><T59/><D7/><U17/><E47/><V134/><F134/><W104/><G72/><T113/><D31/><U125/><E125/><V73/><F73/><W20/><G132/><T120/><D99/><U12/><E27/><V97/><F97/><W82/><G29/><T106/><D113/><U128/><E128/><V83/><F22/><W98/><G33/><T131/><D131/><U30/><E30/><V56/><F83/><W84/><G104/><T126/><D126/><U60/><E92/><V26/><F26/><W9/><REACH who="3" step="1"/><G109/><REACH who="3" ten="240,245,270,235" step="2"/><T135/><D135/><U41/><E41/><V108/><REACH who="2" step="1"/><F0/><REACH who="2" ten="240,245,260,235" step="2"/><W114/><G114/><T46/><REACH who="0" step="1"/><D120/><REACH who="0" ten="230,245,260,235" step="2"/><U88/><E32/><V70/><F70/><W110/><G110/><T53/><D53/><U19/><E34/><V42/><F42/><W130/><G130/><T13/><D13/><AGARI ba="0,3" hai="9,13,16,20,21,23,64,66,82,84,90,98,101,105" machi="13" ten="40,2600,0" yaku="1,1,54,1,53,0" doraHai="122" doraHaiUra="119" who="3" fromWho="0" sc="230,-26,245,0,260,0,235,56" /><INIT seed="2,0,0,2,5,11" ten="204,245,260,291" oya="2" hai0="59,127,45,16,29,44,57,134,133,83,27,84,60" hai1="70,30,2,56,93,105,49,42,0,135,119,109,51" hai2="128,115,125,13,6,52,3,62,64,36,10,35,126" hai3="114,17,39,88,5,4,81,41,15,120,33,53,65"/><V19/><F115/><W66/><G120/><T20/><D127/><N who="2" m="48650" /><F36/><W80/><G33/><T14/><D134/><U91/><E105/><V89/><F128/><W92/><G114/><T101/><D101/><U113/><E70/><N who="2" m="42263" /><F35/><W94/><G94/><T61/><D133/><U74/><E74/><V78/><F78/><W85/><G53/><T1/><D1/><U76/><E76/><V112/><F112/><W9/><G41/><T118/><D61/><U72/><E72/><V130/><F130/><W24/><G39/><T97/><D97/><U46/><E135/><V77/><F77/><W79/><G24/><T7/><D7/><N who="3" m="2633" /><G80/><T95/><D95/><U98/><E119/><V110/><F89/><W22/><G22/><N who="0" m="15607" /><D118/><U106/><E113/><V108/><F52/><W102/><G102/><T12/><D12/><U68/><E68/><V40/><F40/><W123/><G123/><T99/><D99/><AGARI ba="0,0" hai="9,15,17,65,66,79,81,85,88,92,99" m="2633" machi="99" ten="30,3900,0" yaku="8,1,52,1,54,1" doraHai="11" who="3" fromWho="0" sc="204,-39,245,0,260,0,291,39" /><INIT seed="3,0,0,5,5,83" ten="165,245,260,330" oya="3" hai0="51,2,107,24,68,40,115,135,6,98,91,35,36" hai1="15,102,127,116,131,33,129,134,37,93,132,88,81" hai2="77,84,53,58,69,18,133,130,100,126,86,112,113" hai3="22,123,10,12,17,25,31,45,49,14,60,55,119"/><W26/><G119/><T54/><D135/><N who="1" m="51755" /><E33/><V73/><F69/><W39/><G39/><T65/><D115/><U106/><E37/><V8/><F133/><W101/><G101/><T28/><D51/><U62/><E116/><V46/><F100/><W111/><G111/><T41/><D54/><U23/><E127/><V19/><F130/><N who="1" m="49673" /><E62/><V74/><F126/><W104/><G104/><T105/><D91/><U4/><E81/><V79/><F46/><W125/><G125/><T71/><D41/><U89/><E106/><V20/><F53/><W75/><G60/><T50/><D50/><U85/><E102/><V9/><F20/><W66/><G66/><T76/><D76/><U82/><E23/><V63/><F63/><W1/><G22/><T7/><D7/><U72/><E72/><V59/><AGARI ba="0,0" hai="8,9,18,19,58,59,73,74,77,79,84,86,112,113" machi="59" ten="25,8000,1" yaku="0,1,22,2,52,2" doraHai="83" who="2" fromWho="2" sc="165,-20,245,-20,260,80,330,-40" owari="145,-35.5,225,-17.5,340,44.0,290,9.0" /></mjloggm>