<mjloggm ver="2.3"><GO type="225" lobby="0"/><UN n0="%E7%BD%AA%E5%88%91%E6%B3%95%E5%AE%9A%E4%B8%BB%E7%BE%A9" n1="%E9%81%85%E5%88%BB%E3%81%AE%E3%83%97%E3%83%AA%E3%83%B3%E3%82%B9%E2%99%AA" n2="%E3%81%A1%E3%82%85%E3%81%86%E3%81%A9%E3%81%8F%E8%B1%A1%E3%81%95%E3%82%93" n3="%E4%B8%AD%E5%B9%B4%E3%81%AE%E5%8D%B1%E6%A9%9F" dan="16,16,16,16" rate="2181.81,2165.18,2104.67,2094.46" sx="M,F,M,M"/><TAIKYOKU oya="0"/><INIT seed="0,0,0,0,0,126" ten="250,250,250,250" oya="0" hai0="19,37,128,82,112,13,88,24,122,49,47,85,124" hai1="59,77,14,41,95,73,43,100,33,113,72,92,115" hai2="89,104,69,94,2,28,117,27,40,8,78,119,25" hai3="30,23,0,129,31,108,76,93,38,4,134,98,91"/><T101/><D112/><N who="1" m="43083" /><E33/><N who="2" m="20623" /><F104/><W18/><G129/><T36/><D122/><U114/><N who="1" m="43091" /><U53/><DORA hai="75" /><E14/><V99/><F69/><W7/><G38/><T118/><D118/><N who="2" m="45066" /><F40/><N who="1" m="15433" /><E100/><V79/><F27/><W6/><G108/><T45/><D124/><U26/><E26/><V32/><F32/><W63/><G134/><T87/><D101/><U67/><E67/><V107/><F107/><W34/><G0/><T5/><D24/><U22/><E22/><V15/><F2/><W96/><G34/><T20/><D5/><AGARI ba="0,0" hai="5,8,15,78,79,89,94,99" m="45066,20623" machi="5" ten="30,3900,0" yaku="12,1,52,2" doraHai="126,75" who="2" fromWho="0" sc="250,-39,250,0,250,39,250,0" /><INIT seed="1,0,0,5,0,63" ten="211,250,289,250" oya="1" hai0="62,75,98,131,36,32,68,114,18,73,24,112,104" hai1="124,95,21,97,53,94,126,111,25,5,128,66,43" hai2="72,20,12,90,69,50,56,80,74,26,27,119,123" hai3="3,85,2,84,101,57,92,108,130,127,134,113,129"/><U132/><E128/><N who="3" m="49258" /><G113/><T28/><D18/><U38/><E132/><V107/><F123/><W23/><G134/><T6/><D6/><U117/><E117/><V52/><F107/><W79/><G108/><T10/><D10/><U71/><E5/><V40/><F119/><W70/><G70/><T116/><D116/><U121/><E121/><V91/><F69/><W4/><G127/><N who="1" m="48682" /><E111/><V0/><F0/><N who="3" m="43" /><G4/><T87/><D87/><U45/><E53/><V118/><F118/><W44/><G44/><T93/><D93/><U17/><E97/><V48/><F74/><N who="0" m="28170" /><D131/><U39/><E39/><V30/><F72/><W54/><G23/><T100/><D36/><U47/><E47/><V46/><F80/><W89/><G101/><T31/><D31/><U51/><E38/><V14/><F26/><W120/><G120/><T61/><D61/><AGARI ba="0,0" hai="17,21,25,43,45,51,61,66,71,94,95" m="48682" machi="61" ten="30,2900,0" yaku="18,1,52,1" doraHai="63" who="1" fromWho="0" sc="211,-29,250,29,289,0,250,0" /><INIT seed="1,1,0,5,2,51" ten="182,279,289,250" oya="1" hai0="13,78,26,101,24,85,118,52,91,44,84,110,125" hai1="8,59,29,114,40,30,103,87,69,102,76,80,94" hai2="43,113,46,28,106,108,100,131,49,0,21,66,11" hai3="107,48,75,65,81,27,67,14,132,123,4,95,115"/><U47/><E114/><V119/><F119/><W23/><G107/><T133/><D118/><U2/><E69/><V37/><F108/><W36/><G36/><T93/><D110/><U82/><E59/><V32/><F32/><W6/><G115/><T74/><D74/><U10/><E82/><V18/><F113/><W15/><G123/><T45/><D133/><U17/><E2/><V31/><F131/><W68/><G68/><T111/><D111/><U73/><E73/><V77/><F77/><W116/><G132/><T89/><D125/><U71/><E71/><V38/><F66/><N who="3" m="25099" /><G75/><T16/><D78/><U50/><E17/><V57/><F38/><W70/><G81/><T126/><D101/><N who="1" m="38411" /><E94/><V56/><F100/><W86/><G70/><T7/><D7/><N who="3" m="2601" /><G116/><T83/><D126/><U62/><E62/><V22/><F106/><W58/><G86/><T130/><D130/><U60/><E60/><V61/><F0/><W97/><G95/><T19/><D19/><U1/><E1/><V5/><F37/><W121/><G97/><T128/><D128/><U120/><E120/><V35/><F35/><W105/><G105/><T53/><D44/><U64/><E64/><V109/><F109/><W90/><G121/><T39/><D39/><U127/><E127/><V129/><F129/><W55/><G90/><T134/><D134/><U122/><E122/><V72/><F72/><W135/><G135/><T9/><D45/><U54/><E40/><V3/><F57/><W63/><G63/><T25/><AGARI ba="1,0" hai="9,13,16,24,25,26,52,53,83,84,85,89,91,93" machi="25" ten="30,12000,2" yaku="0,1,8,1,52,2,54,2" doraHai="51" who="0" fromWho="0" sc="182,123,279,-61,289,-31,250,-31" /><INIT seed="2,0,0,2,1,28" ten="305,218,258,219" oya="2" hai0="110,127,31,19,117,78,83,96,106,92,64,39,48" hai1="76,130,49,133,3,9,103,13,102,122,55,134,94" hai2="1,54,37,22,53,115,135,59,42,93,80,81,16" hai3="38,23,91,11,86,56,60,119,109,125,88,58,79"/><V63/><F115/><W97/><G119/><T10/><D39/><U66/><E3/><V14/><F1/><W99/><G38/><T113/><D113/><U7/><E76/><V131/><F131/><W32/><G32/><T52/><D110/><U62/><E130/><V41/><F135/><N who="1" m="51721" /><E122/><V77/><F93/><W85/><G109/><T26/><D106/><U128/><E128/><V89/><F37/><W51/><G11/><T114/><D114/><U120/><E94/><V25/><F54/><N who="3" m="31839" /><G125/><T121/><D121/><U84/><E84/><N who="3" m="32362" /><G79/><T50/><D64/><U90/><E90/><N who="3" m="34346" /><G23/><T126/><D117/><U46/><E120/><V12/><F89/><W111/><G111/><T73/><D127/><U5/><E5/><V100/><F100/><W107/><G107/><T104/><D104/><U61/><E61/><V123/><F123/><W132/><G132/><T33/><D126/><U47/><E47/><V69/><F69/><AGARI ba="0,0" hai="7,9,13,46,49,55,62,66,69,102,103" m="51721" machi="69" ten="30,1000,0" yaku="20,1" doraHai="28" who="1" fromWho="2" sc="305,0,218,10,258,-10,219,0" /><INIT seed="3,0,0,4,2,116" ten="305,228,248,219" oya="3" hai0="79,74,44,133,39,129,103,126,23,83,73,33,68" hai1="30,77,4,88,52,115,69,118,91,80,43,9,93" hai2="12,31,56,8,70,41,94,121,127,104,120,75,14" hai3="0,49,28,5,7,38,66,10,119,18,15,55,19"/><W6/><G119/><T128/><D33/><U102/><E115/><V130/><F104/><W57/><G38/><T84/><D68/><U100/><E69/><V61/><F130/><N who="0" m="50282" /><D126/><U131/><E43/><V11/><F127/><W64/><G0/><T72/><D133/><U105/><E105/><V3/><F70/><W58/><G28/><T17/><D103/><U107/><E107/><V132/><F132/><W34/><G34/><T26/><D44/><U35/><E118/><V32/><F75/><W42/><G42/><T81/><D39/><U78/><E30/><V89/><F41/><W65/><REACH who="3" step="1"/><G18/><REACH who="3" ten="305,228,248,209" step="2"/><T62/><D62/><AGARI ba="0,1" hai="5,6,7,10,15,19,49,55,57,58,62,64,65,66" machi="62" ten="40,7700,0" yaku="1,1,2,1,8,1,53,0" doraHai="116" doraHaiUra="110" who="3" fromWho="0" sc="305,-77,228,0,248,0,209,87" /><INIT seed="3,1,0,2,4,3" ten="228,228,248,296" oya="3" hai0="81,75,1,32,90,93,132,0,56,104,129,77,38" hai1="108,128,16,20,45,82,48,61,53,133,87,2,7" hai2="46,119,10,96,130,116,18,64,30,35,13,29,22" hai3="4,25,40,23,79,51,106,68,37,26,59,70,124"/><W41/><G106/><T39/><D32/><U112/><E112/><V101/><F130/><W17/><G37/><T58/><D129/><U83/><E128/><V57/><F46/><W44/><G70/><T110/><D110/><U73/><E108/><V99/><F35/><W107/><G68/><T115/><D115/><U62/><E133/><V135/><F135/><W109/><G107/><T15/><D104/><U6/><E2/><V94/><F99/><W34/><G109/><T55/><D58/><N who="1" m="35023" /><E62/><N who="2" m="37967" /><F29/><W85/><G124/><T27/><D132/><U120/><E73/><V97/><F97/><W72/><G72/><T98/><D0/><U113/><E120/><V47/><F47/><W78/><G41/><T60/><D1/><U95/><E113/><V52/><F52/><W31/><G4/><N who="1" m="1578" /><E95/><V9/><F9/><W111/><G111/><T8/><REACH who="0" step="1"/><D27/><AGARI ba="1,0" hai="10,13,18,22,27,30,94,96,101,116,119" m="37967" machi="27" ten="30,1000,0" yaku="25,1" doraHai="3" who="2" fromWho="0" sc="228,-13,228,0,248,13,296,0" /><INIT seed="4,0,0,1,2,58" ten="215,228,261,296" oya="0" hai0="31,45,63,84,15,18,105,57,14,21,16,28,92" hai1="97,53,66,103,60,83,54,12,20,135,115,129,6" hai2="36,23,42,109,77,80,132,34,88,91,27,30,89" hai3="4,122,64,133,123,85,86,81,48,70,121,100,9"/><T7/><D105/><U37/><E129/><V125/><F109/><W130/><G130/><T90/><D45/><U106/><E37/><V0/><F125/><W24/><G133/><T29/><D7/><U76/><E135/><V126/><F132/><W2/><G100/><T82/><D82/><U79/><E115/><V46/><F126/><W131/><G131/><T61/><D57/><U102/><E102/><V116/><F116/><W124/><G124/><T78/><D78/><U117/><E117/><V10/><F34/><W110/><G110/><T99/><D99/><U26/><E12/><V25/><F25/><W94/><G94/><T93/><D92/><U114/><E6/><V44/><F44/><W128/><G128/><T96/><D96/><U51/><E114/><V35/><F35/><W67/><G70/><T101/><D101/><U71/><E51/><V32/><F32/><W33/><G48/><T1/><D1/><U73/><REACH who="1" step="1"/><E76/><REACH who="1" ten="215,218,261,296" step="2"/><V11/><REACH who="2" step="1"/><F0/><REACH who="2" ten="215,218,251,296" step="2"/><W112/><G112/><T69/><D69/><U55/><E55/><V52/><F52/><W39/><G39/><T120/><D120/><U5/><E5/><V75/><AGARI ba="0,2" hai="10,11,23,27,30,36,42,46,75,77,80,88,89,91" machi="75" ten="30,7900,0" yaku="1,1,0,1,54,1,53,1" doraHai="58" doraHaiUra="40" who="2" fromWho="2" sc="215,-39,218,-20,251,99,296,-20" owari="176,-32.4,198,-20.2,350,45.0,276,7.6" /></mjloggm>