<mjloggm ver="2.3"><GO type="225" lobby="0"/><UN n0="%E3%81%8B%E3%82%8F%E3%81%A1%E3%82%83%E3%82%93%35%38" n1="%E3%83%B4%E3%82%A3%E3%83%AF%E3%82%B3%E3%82%B0%E3%83%8B" n2="%28%EF%BF%A3%E2%96%BD%EF%BF%A3%29%CE%B4%E2%8C%92%E3%83%BB" n3="%E3%82%BF%E3%83%BC%E3%83%90%E3%83%B3%E9%87%8E%E5%8F%A3" dan="17,16,16,16" rate="2147.07,2138.33,2128.82,2097.51" sx="M,M,M,M"/><TAIKYOKU oya="0"/><INIT seed="0,0,0,5,1,135" ten="250,250,250,250" oya="0" hai0="101,115,120,100,53,39,89,98,59,30,43,44,97" hai1="71,54,11,55,104,74,60,22,27,6,132,111,50" hai2="134,131,23,78,18,13,122,109,29,66,2,20,42" hai3="112,116,125,107,45,129,119,57,58,26,48,118,88"/><T80/><D115/><U61/><E111/><V102/><F2/><W87/><G112/><T14/><D120/><U99/><E132/><V83/><F134/><W130/><G107/><T75/><D30/><U105/><E74/><V17/><F122/><W63/><G26/><T9/><D97/><U96/><E105/><V31/><F109/><W91/><G125/><T24/><D24/><U94/><E71/><V65/><F102/><W86/><G45/><T15/><D15/><U81/><E81/><V76/><F42/><W8/><G8/><T51/><D75/><U128/><E128/><N who="3" m="49258" /><G48/><T93/><REACH who="0" step="1"/><D80/><REACH who="0" ten="240,250,250,250" step="2"/><U46/><E99/><V95/><F131/><W108/><G108/><T35/><D35/><U0/><E104/><V113/><F113/><W67/><G57/><T106/><D106/><U37/><E96/><V47/><F83/><N who="3" m="49247" /><G119/><T82/><D82/><AGARI ba="0,1" hai="58,63,67,82,87,91,116,118" m="49247,49258" machi="82" ten="30,2000,0" yaku="19,1,54,1" doraHai="135" who="3" fromWho="0" sc="240,-20,250,0,250,0,250,30" /><INIT seed="1,0,0,2,1,70" ten="220,250,250,280" oya="1" hai0="50,93,69,60,47,133,9,57,95,0,68,61,91" hai1="24,32,108,126,80,107,110,112,38,99,120,44,25" hai2="85,16,90,63,18,43,3,86,26,33,13,45,28" hai3="92,83,56,129,114,59,100,14,55,17,10,79,104"/><U106/><E112/><V96/><F3/><W19/><G129/><T5/><D133/><U37/><E120/><V84/><F63/><W94/><G114/><T74/><D74/><U23/><E126/><V119/><F119/><W58/><G104/><T76/><D76/><U97/><E44/><V82/><F96/><W117/><G117/><T115/><D115/><U12/><E12/><V34/><F34/><W1/><G1/><T40/><D61/><U31/><E80/><V81/><F13/><W36/><G36/><T21/><D21/><U102/><E99/><V49/><REACH who="2" step="1"/><F85/><REACH who="2" ten="220,250,240,280" step="2"/><W41/><G14/><T48/><D0/><U22/><E32/><V77/><AGARI ba="0,1" hai="16,18,26,28,33,43,45,49,77,81,82,84,86,90" machi="77" ten="20,8000,1" yaku="1,1,2,1,0,1,7,1,54,1,53,0" doraHai="70" doraHaiUra="65" who="2" fromWho="2" sc="220,-20,250,-40,240,90,280,-20" /><INIT seed="2,0,0,3,2,32" ten="200,210,330,260" oya="2" hai0="21,41,46,91,39,120,68,65,97,110,7,73,98" hai1="90,58,69,114,47,64,117,83,72,102,25,33,109" hai2="124,67,112,60,49,105,100,1,17,38,26,78,81" hai3="48,4,82,77,103,129,62,88,87,107,12,40,37"/><V125/><F38/><W130/><G37/><T56/><D120/><U20/><E117/><V95/><F105/><W80/><G62/><T123/><D123/><U135/><E33/><V44/><F112/><W63/><G63/><T99/><D73/><U5/><E69/><V89/><F100/><W15/><G103/><T9/><D68/><U29/><E114/><V116/><F1/><W101/><G101/><T23/><D110/><U92/><E109/><V66/><F17/><W13/><G107/><T42/><D42/><U6/><E64/><V119/><F26/><W86/><REACH who="3" step="1"/><G4/><REACH who="3" ten="200,210,330,250" step="2"/><T27/><D65/><U36/><E102/><V0/><F67/><W118/><G118/><T133/><D133/><U122/><E122/><V2/><F116/><W106/><G106/><T74/><D74/><U43/><E135/><V16/><F119/><W22/><G22/><T45/><D23/><U61/><E5/><V104/><F60/><W131/><G131/><T35/><D35/><U34/><E6/><V57/><F66/><W18/><G18/><T128/><D128/><U59/><E61/><V3/><F16/><W28/><G28/><T71/><D7/><U24/><E34/><V51/><F104/><W19/><G19/><T54/><D71/><U132/><E132/><V84/><F0/><W70/><G70/><T79/><D21/><U11/><E25/><V75/><F2/><W126/><G126/><T55/><D9/><U115/><E11/><V52/><F3/><W127/><G127/><T76/><D27/><U31/><E31/><V85/><F75/><W50/><G50/><RYUUKYOKU ba="0,1" sc="200,-15,210,-15,330,15,250,15" hai2="44,49,51,52,57,78,81,84,85,89,95,124,125" hai3="12,13,15,40,48,77,80,82,86,87,88,129,130" /><INIT seed="2,1,1,5,4,48" ten="185,195,345,265" oya="2" hai0="129,4,90,8,135,80,76,23,55,16,24,89,96" hai1="66,126,71,103,47,49,99,119,111,110,9,121,70" hai2="123,38,26,94,102,92,54,113,84,33,44,101,22" hai3="14,46,0,104,98,100,106,79,19,15,36,133,31"/><V30/><F113/><W69/><G0/><T12/><D129/><U10/><E119/><V39/><F123/><W35/><G133/><T64/><D135/><U85/><E85/><V86/><F33/><W3/><G3/><T65/><D55/><N who="1" m="30143" /><E126/><V132/><F132/><W118/><G69/><N who="1" m="26122" /><E66/><V83/><F39/><W63/><G36/><T13/><D24/><U52/><E52/><V56/><F44/><W45/><G46/><T114/><D114/><U50/><E50/><N who="2" m="30807" /><F38/><W11/><G45/><T112/><D112/><U95/><E121/><V37/><F37/><W34/><G34/><T105/><D105/><U122/><E122/><V67/><F67/><N who="0" m="25674" /><D96/><U5/><E5/><V107/><F107/><W59/><G106/><T109/><D109/><AGARI ba="1,1" hai="9,10,95,99,103,109,110,111" m="26122,30143" machi="109" ten="30,2000,0" yaku="14,1,52,1" doraHai="48" who="1" fromWho="0" sc="185,-23,195,33,345,0,265,0" /><INIT seed="3,0,0,5,0,104" ten="162,228,345,265" oya="3" hai0="7,125,110,103,122,45,26,88,28,31,106,37,131" hai1="41,24,33,8,99,130,114,84,95,116,134,46,53" hai2="21,39,64,73,50,15,77,132,61,25,43,86,82" hai3="11,44,126,34,54,12,107,113,66,52,98,58,111"/><W135/><G113/><T100/><D122/><U83/><E114/><V121/><F39/><W109/><G34/><T94/><D110/><N who="3" m="41993" /><G135/><T3/><D125/><U42/><E130/><V38/><F38/><W127/><G107/><T63/><D131/><U91/><E116/><V123/><F132/><W60/><G98/><T101/><D106/><U6/><E24/><V85/><F15/><W78/><G78/><T51/><D37/><U9/><E33/><V18/><F50/><N who="3" m="28743" /><G54/><T20/><D3/><U90/><E134/><V92/><F43/><N who="1" m="16393" /><E6/><AGARI ba="0,0" hai="6,11,12,58,60,66,126,127" m="28743,41993" machi="6" ten="30,5800,0" yaku="14,1,10,1,54,1" doraHai="104" who="3" fromWho="1" sc="162,0,228,-58,345,0,265,58" /><INIT seed="3,1,0,1,1,45" ten="162,170,345,323" oya="3" hai0="48,85,28,30,47,112,42,4,133,55,26,52,0" hai1="107,11,115,91,54,94,40,92,49,63,25,100,24" hai2="105,128,67,34,78,83,68,134,33,127,122,16,89" hai3="106,21,44,60,58,77,66,23,132,20,71,125,86"/><W12/><G106/><T43/><D133/><U15/><E115/><V88/><F105/><W90/><G132/><T118/><D118/><U1/><E1/><V79/><F134/><W35/><G35/><T17/><D112/><U65/><E40/><N who="0" m="15401" /><D0/><U95/><E100/><V130/><F127/><W57/><G125/><T72/><D72/><U62/><E107/><V96/><F122/><W6/><G44/><T46/><D4/><N who="1" m="3559" /><E91/><N who="2" m="34891" /><F96/><W108/><G108/><T50/><D85/><U120/><E120/><V97/><F97/><W2/><G2/><T39/><D39/><U99/><E99/><V36/><F36/><W8/><REACH who="3" step="1"/><G77/><REACH who="3" ten="162,170,345,313" step="2"/><T117/><D117/><U111/><E111/><V124/><F124/><W7/><G7/><T84/><D84/><U101/><E101/><V38/><F79/><W74/><G74/><T121/><D121/><U41/><E41/><V69/><F38/><W27/><G27/><T73/><D73/><U119/><E119/><V81/><F78/><W123/><G123/><T31/><D17/><U93/><N who="1" m="23552" /><DORA hai="129" /><U19/><E19/><V5/><F16/><W102/><G102/><T64/><D26/><U51/><E24/><V113/><F5/><W104/><G104/><T22/><D22/><U32/><E32/><V61/><F34/><W10/><G10/><T3/><D3/><U98/><E98/><V59/><F33/><W135/><G135/><T18/><D18/><U76/><E76/><V37/><F37/><W82/><AGARI ba="1,1" hai="6,8,12,20,21,23,57,58,60,66,71,82,86,90" machi="82" ten="30,6000,0" yaku="1,1,0,1,53,1" doraHai="45,129" doraHaiUra="56,70" who="3" fromWho="3" sc="162,-21,170,-21,345,-21,313,73" owari="141,-35.9,149,-25.1,324,12.4,386,48.6" /></mjloggm>