<mjloggm ver="2.3"><GO type="225" lobby="0"/><UN n0="%E7%B4%94%E6%BD%94%E3%83%94%E3%83%A9%E3%83%8B%E3%82%A2" n1="%E3%82%BF%E3%83%BC%E3%83%90%E3%83%B3%E9%87%8E%E5%8F%A3" n2="%E3%80%93%E3%81%97%E3%83%BC%E3%82%89%E3%80%93" n3="%72%61%6B%33" dan="17,16,16,16" rate="2206.59,2091.87,2108.53,2131.17" sx="M,M,M,M"/><TAIKYOKU oya="0"/><INIT seed="0,0,0,1,5,124" ten="250,250,250,250" oya="0" hai0="78,76,45,82,103,40,75,50,109,17,29,91,43" hai1="70,92,132,116,39,3,68,51,83,127,53,2,131" hai2="74,73,58,105,35,31,111,37,119,27,126,99,95" hai3="94,38,108,22,28,86,85,96,128,48,9,1,5"/><T101/><D29/><U79/><E116/><V13/><F126/><W129/><G38/><T98/><D109/><U97/><E127/><V25/><F37/><W133/><G108/><T4/><D4/><U110/><E39/><V102/><F111/><W107/><G107/><T113/><D113/><U112/><E110/><V26/><F119/><W134/><G48/><T104/><D101/><U100/><E112/><V19/><F105/><W18/><G28/><T114/><D114/><U93/><E93/><V80/><F74/><W8/><G8/><T120/><D120/><U125/><E132/><N who="3" m="50794" /><G85/><T66/><D66/><U54/><E125/><V117/><F117/><W72/><G86/><T46/><D17/><U121/><E121/><V65/><F80/><W0/><G72/><T130/><D91/><U77/><E92/><V21/><F73/><W56/><G56/><T41/><D78/><U118/><E51/><V49/><F49/><W7/><G7/><T135/><D135/><U33/><E118/><V115/><F115/><W57/><G57/><T88/><D88/><U71/><E71/><V10/><REACH who="2" step="1"/><F35/><REACH who="2" ten="250,250,240,250" step="2"/><W32/><G32/><T87/><D75/><U11/><E33/><V84/><F84/><W59/><G0/><T64/><D45/><U123/><E123/><V12/><F12/><N who="3" m="9543" /><G59/><T67/><D67/><U16/><E2/><V69/><F69/><W81/><G81/><T24/><D64/><U42/><E3/><V52/><F52/><W20/><G20/><T30/><D50/><U89/><E68/><V55/><F55/><W14/><G1/><T106/><D82/><RYUUKYOKU ba="0,1" sc="250,-15,250,-15,240,15,250,15" hai2="10,13,19,21,25,26,27,31,58,65,95,99,102" hai3="5,9,14,94,96,128,129" /><INIT seed="1,1,1,0,2,19" ten="235,235,255,265" oya="1" hai0="87,20,14,71,64,133,80,111,122,97,103,57,29" hai1="52,101,126,70,91,24,18,73,58,90,81,10,59" hai2="130,21,60,76,42,93,118,4,99,40,67,54,32" hai3="61,0,56,129,124,45,1,79,11,25,74,116,83"/><U49/><E70/><V31/><F32/><W15/><G124/><T105/><D111/><U114/><E114/><V92/><F118/><W117/><G129/><T17/><D133/><U112/><E112/><V120/><F120/><W104/><G104/><T131/><D131/><U100/><E126/><V46/><F76/><W44/><G25/><T51/><D122/><U22/><E73/><V65/><F92/><W28/><G28/><T66/><D71/><U84/><E10/><V94/><F94/><W113/><G113/><T41/><D29/><U47/><REACH who="1" step="1"/><E90/><REACH who="1" ten="235,225,255,265" step="2"/><V88/><F130/><W109/><G109/><T102/><D102/><AGARI ba="1,2" hai="18,22,24,47,49,52,58,59,81,84,91,100,101,102" machi="102" ten="40,12000,1" yaku="1,1,2,1,8,1,52,1,54,1,53,0" doraHai="19" doraHaiUra="39" who="1" fromWho="0" sc="235,-123,225,143,255,0,265,0" /><INIT seed="1,2,0,3,5,129" ten="112,368,255,265" oya="1" hai0="39,98,118,108,88,63,132,19,73,113,31,70,52" hai1="30,43,47,55,89,3,60,84,125,12,10,21,35" hai2="62,130,42,112,122,40,5,56,115,50,66,28,135" hai3="102,8,119,128,81,97,93,20,9,92,1,49,114"/><U59/><E125/><V82/><F28/><W4/><G114/><N who="2" m="43561" /><F5/><W75/><G128/><T26/><D113/><U72/><E72/><V86/><F130/><W77/><G119/><T116/><D108/><U22/><E3/><V61/><F122/><W33/><G33/><T87/><D73/><U45/><E35/><V16/><F62/><W34/><G34/><T17/><D39/><U13/><E13/><V120/><F120/><W11/><G93/><T80/><D70/><U94/><E30/><V27/><F50/><W126/><G126/><T85/><D98/><U57/><E57/><V105/><F105/><W106/><G106/><T104/><D104/><U121/><E121/><V23/><F135/><W111/><G111/><T101/><D101/><U131/><E131/><V109/><F109/><W6/><G6/><T74/><D74/><U2/><E2/><V100/><F100/><W44/><REACH who="3" step="1"/><G20/><REACH who="3" ten="112,368,255,255" step="2"/><T69/><D132/><U41/><E22/><V38/><F38/><W99/><G99/><T48/><D118/><U91/><E21/><V14/><F27/><W51/><G51/><T46/><D116/><U65/><E94/><V64/><F64/><W37/><G37/><T71/><D26/><U7/><E65/><V32/><F32/><W103/><G103/><T79/><D31/><U117/><E117/><V0/><F0/><W68/><G68/><T96/><D96/><U53/><E7/><V36/><F36/><W76/><G76/><AGARI ba="2,1" hai="14,16,23,40,42,56,61,66,76,82,86" m="43561" machi="76" ten="30,2000,0" yaku="11,1,54,1" doraHai="129" who="2" fromWho="3" sc="112,0,368,0,255,36,255,-26" /><INIT seed="2,0,0,0,5,81" ten="112,368,291,229" oya="2" hai0="21,82,104,41,48,58,38,91,0,45,133,102,111" hai1="110,128,1,112,64,108,134,14,78,16,68,131,39" hai2="130,36,92,28,124,33,98,100,116,119,32,89,105" hai3="73,107,114,40,120,31,11,42,77,90,46,121,35"/><V18/><F36/><W9/><G107/><T2/><D111/><N who="1" m="42539" /><E112/><V95/><F124/><W83/><G114/><T47/><D133/><U113/><E113/><V34/><F130/><W20/><G20/><T63/><D104/><U50/><E134/><V123/><F123/><W101/><G101/><T26/><D102/><U12/><E39/><V29/><F105/><W44/><G90/><T126/><D126/><U117/><E1/><V6/><F6/><W15/><G31/><T52/><D91/><U127/><E117/><V71/><F71/><W59/><G59/><T60/><D82/><U84/><E127/><V5/><F5/><W30/><G30/><T55/><REACH who="0" step="1"/><D60/><REACH who="0" ten="102,368,291,229" step="2"/><U122/><E128/><V88/><F100/><W66/><G83/><T7/><D7/><U22/><E131/><V62/><F62/><W61/><G61/><T118/><D118/><U94/><E122/><V99/><F34/><W86/><G35/><T43/><D43/><U3/><E78/><V85/><F119/><W93/><G77/><T54/><D54/><U97/><E64/><V53/><F116/><W103/><G66/><T87/><D87/><U96/><E84/><V74/><F85/><W10/><G86/><T13/><D13/><U72/><E12/><V129/><F129/><W17/><G121/><T106/><D106/><U115/><E14/><V27/><F53/><W49/><G120/><T75/><D75/><U57/><E72/><V8/><F74/><W4/><G73/><T70/><D70/><U69/><E115/><V51/><F33/><W76/><G76/><T23/><D23/><RYUUKYOKU ba="0,1" sc="102,30,368,-10,291,-10,229,-10" hai0="0,2,21,26,38,41,45,47,48,52,55,58,63" /><INIT seed="3,1,1,3,5,117" ten="132,358,281,219" oya="3" hai0="4,128,81,113,58,41,69,45,33,19,72,49,127" hai1="102,78,109,130,110,124,34,98,80,112,107,115,5" hai2="36,97,31,71,104,65,3,95,14,79,61,26,92" hai3="25,91,108,51,82,53,20,93,8,126,122,100,120"/><W131/><G126/><T87/><D127/><U118/><E124/><V106/><F3/><W94/><G131/><T37/><D128/><U103/><E118/><V105/><F36/><W129/><G129/><T111/><D111/><N who="1" m="42507" /><E130/><V99/><F79/><W67/><G108/><T48/><D113/><U23/><E34/><V96/><REACH who="2" step="1"/><F14/><REACH who="2" ten="132,358,271,219" step="2"/><W86/><G67/><T11/><D69/><U70/><E70/><V135/><F135/><W76/><G8/><T85/><D33/><AGARI ba="1,2" hai="26,31,33,61,65,71,92,95,96,97,99,104,105,106" machi="33" ten="50,1600,0" yaku="1,1,53,0" doraHai="117" doraHaiUra="77" who="2" fromWho="0" sc="132,-19,358,0,271,39,219,0" owari="113,-38.7,358,45.8,310,11.0,219,-18.1" /></mjloggm>