<mjloggm ver="2.3"><GO type="225" lobby="0"/><UN n0="%6E%69%63%6B%6C%6F%77" n1="%73%61%6E%64%69%72%69%73" n2="%6D%75%75%6D%75%72%61" n3="%E9%89%A2%E5%B7%BB%E3%82%AC%E3%83%96" dan="16,16,16,16" rate="2108.78,2128.77,2129.62,2052.44" sx="F,M,F,M"/><TAIKYOKU oya="0"/><INIT seed="0,0,0,2,0,15" ten="250,250,250,250" oya="0" hai0="103,38,127,117,71,125,16,34,33,30,120,101,50" hai1="135,28,78,59,25,4,65,27,17,124,98,75,100" hai2="128,96,10,80,29,94,35,48,49,121,90,114,19" hai3="52,87,14,66,68,46,82,126,89,73,57,3,104"/><T134/><D117/><U53/><E135/><V51/><F121/><W132/><G3/><T91/><D120/><U67/><E124/><N who="0" m="47689" /><D38/><U118/><E4/><V44/><F114/><W113/><G113/><T7/><D7/><U64/><E118/><V115/><F115/><W21/><G126/><T37/><D37/><U112/><E112/><V60/><F128/><W1/><G1/><T93/><D71/><U84/><E75/><V0/><F35/><N who="0" m="13322" /><D30/><U56/><E28/><V18/><F29/><W70/><G104/><T39/><D39/><U76/><E27/><V54/><F0/><W8/><G132/><T123/><D50/><N who="2" m="19562" /><F10/><W102/><G8/><T13/><D123/><U131/><E131/><V26/><F26/><W83/><G46/><T11/><D134/><U109/><E109/><V95/><F80/><W62/><G83/><T133/><D133/><U9/><E9/><V45/><F45/><W61/><G70/><T107/><D107/><U108/><E108/><V24/><F24/><W36/><G36/><T69/><D69/><U6/><E6/><V85/><F60/><W47/><G47/><T79/><D79/><U20/><E78/><V41/><F41/><W55/><G62/><T32/><N who="0" m="13330" /><T12/><DORA hai="40" /><D12/><U63/><E76/><V86/><F86/><AGARI ba="0,0" hai="11,13,16,86,91,93,101,103" m="13330,47689" machi="86" ten="40,7700,0" yaku="18,1,52,1,54,1" doraHai="15,40" who="0" fromWho="2" sc="250,77,250,0,250,-77,250,0" /><INIT seed="0,1,0,1,3,85" ten="327,250,173,250" oya="0" hai0="26,107,77,5,29,78,129,7,128,25,70,102,49" hai1="109,12,54,35,68,23,76,131,62,65,83,13,39" hai2="135,82,71,114,60,50,8,125,48,61,27,40,34" hai3="89,75,24,4,119,64,94,3,120,95,72,106,42"/><T69/><D107/><U33/><E109/><V53/><F114/><W36/><G119/><T30/><D49/><U67/><E131/><V37/><F125/><W93/><G106/><T20/><D20/><U46/><E67/><V91/><F135/><W113/><G113/><T110/><REACH who="0" step="1"/><D102/><REACH who="0" ten="317,250,173,250" step="2"/><U118/><E23/><V100/><F100/><W133/><G133/><T115/><D115/><U38/><E35/><V43/><F37/><W45/><G120/><T55/><D55/><U103/><E33/><V117/><F117/><W44/><G64/><T130/><D130/><U98/><E118/><V17/><F50/><W80/><G45/><T2/><D2/><U121/><E121/><V126/><F126/><W51/><G51/><T57/><D57/><U52/><E39/><V58/><F71/><W88/><G72/><T92/><D92/><U47/><E38/><V105/><F105/><W134/><G134/><T19/><D19/><U32/><E32/><V96/><F34/><W21/><G21/><T9/><D9/><U0/><E0/><V81/><F27/><W28/><G24/><T79/><D79/><U111/><E47/><V16/><F8/><N who="3" m="2079" /><G28/><T10/><D10/><U86/><E46/><V97/><F43/><W122/><G122/><T22/><D22/><U63/><E54/><V116/><F40/><W14/><G14/><T123/><D123/><U101/><E101/><V66/><F116/><W59/><G59/><T87/><D87/><U108/><E108/><AGARI ba="1,1" hai="5,7,25,26,29,30,69,70,77,78,108,110,128,129" machi="108" ten="25,4800,0" yaku="1,1,22,2,53,0" doraHai="85" doraHaiUra="90" who="0" fromWho="1" sc="317,61,250,-51,173,0,250,0" /><INIT seed="0,2,0,3,0,20" ten="378,199,173,250" oya="0" hai0="95,109,42,99,17,118,103,106,112,37,12,94,50" hai1="31,18,43,56,14,87,54,9,76,57,60,107,34" hai2="73,133,115,128,26,1,92,65,127,132,134,88,126" hai3="2,129,4,131,124,125,47,97,130,27,117,79,83"/><T104/><D112/><U123/><E123/><V49/><F1/><W119/><G47/><T51/><D118/><N who="3" m="45065" /><G97/><T86/><D37/><U69/><E107/><V3/><F3/><W23/><G83/><T46/><D109/><U90/><E76/><V59/><F115/><W38/><G79/><T102/><D51/><U135/><E135/><V41/><F73/><W6/><G38/><T100/><D86/><U78/><E78/><V29/><F41/><W0/><G0/><T67/><D67/><U105/><E105/><V85/><F128/><W40/><G40/><T44/><D44/><U7/><E43/><V110/><F110/><W91/><G91/><T8/><D103/><U116/><E116/><V120/><F120/><W11/><G6/><T122/><D122/><U75/><E75/><V48/><F65/><W89/><G89/><T58/><D58/><U16/><E69/><V66/><F66/><W61/><G61/><T13/><D13/><U36/><E36/><V25/><F49/><W33/><G33/><T96/><AGARI ba="2,0" hai="8,12,17,42,46,50,94,95,96,99,100,102,104,106" machi="96" ten="30,3000,0" yaku="0,1,9,1" doraHai="20" who="0" fromWho="0" sc="378,36,199,-12,173,-12,250,-12" /><INIT seed="0,3,0,2,4,89" ten="414,187,161,238" oya="0" hai0="134,120,97,68,60,80,38,39,94,45,0,57,48" hai1="23,132,106,72,112,133,12,33,26,83,9,22,114" hai2="30,34,11,121,8,58,24,52,53,17,131,6,31" hai3="101,21,129,77,84,91,2,113,90,126,65,28,125"/><T49/><D120/><U95/><E106/><V82/><F121/><W75/><G2/><T87/><D0/><U35/><E72/><V128/><F82/><N who="3" m="45375" /><G65/><T135/><D68/><U79/><E95/><V124/><F124/><N who="3" m="47723" /><G21/><N who="1" m="7690" /><E83/><V70/><F70/><W76/><G28/><T69/><D69/><U32/><E79/><V13/><F31/><W66/><G66/><N who="0" m="39183" /><D87/><U111/><E111/><V93/><F93/><N who="3" m="54471" /><G113/><N who="1" m="43626" /><E26/><V86/><F86/><W92/><G129/><N who="2" m="49737" /><F58/><W102/><G76/><T4/><D80/><U62/><E62/><V40/><F40/><W20/><G20/><T78/><D78/><U105/><E105/><V41/><F41/><W15/><G15/><AGARI ba="3,0" hai="6,8,11,13,15,17,24,30,34,52,53" m="49737" machi="15" ten="30,2000,0" yaku="19,1,54,1" doraHai="89" who="2" fromWho="3" sc="414,0,187,0,161,29,238,-29" /><INIT seed="1,0,0,0,2,121" ten="414,187,190,209" oya="1" hai0="35,48,55,100,134,84,125,88,111,49,71,96,64" hai1="31,91,28,82,67,40,116,23,102,93,20,119,122" hai2="59,92,86,57,120,60,6,29,105,110,118,77,123" hai3="66,14,90,97,135,109,114,30,83,46,101,128,7"/><U9/><E122/><V10/><F118/><W53/><G114/><T18/><D111/><U94/><E40/><V75/><F105/><W1/><G1/><T126/><D35/><U32/><E32/><V73/><F29/><W63/><G30/><T36/><D36/><U107/><E107/><V127/><F127/><N who="0" m="48650" /><D134/><U4/><E67/><V129/><F129/><W34/><G34/><T13/><D55/><U56/><E56/><V76/><F120/><W132/><G128/><T61/><D96/><U69/><E69/><V79/><F123/><W106/><G14/><T19/><D100/><U98/><E82/><V16/><F110/><W99/><G7/><T80/><D19/><U0/><E31/><V8/><F75/><W85/><G97/><T104/><D104/><U78/><E78/><V21/><F73/><W2/><G2/><T26/><D26/><U115/><E115/><V3/><F10/><AGARI ba="0,0" hai="10,13,18,48,49,61,64,71,80,84,88" m="48650" machi="10" ten="30,2000,0" yaku="18,1,54,1" doraHai="121" who="0" fromWho="2" sc="414,20,187,0,190,-20,209,0" /><INIT seed="2,0,0,0,1,30" ten="434,187,170,209" oya="2" hai0="97,93,88,29,106,101,96,94,92,58,34,45,134" hai1="116,67,16,7,41,31,21,15,66,50,129,5,102" hai2="77,126,87,33,78,18,38,64,72,105,86,107,51" hai3="112,103,56,113,68,114,57,35,109,121,14,75,55"/><V26/><F38/><W36/><G75/><T11/><D134/><U43/><E116/><V73/><F64/><N who="1" m="24617" /><E129/><V133/><F133/><W22/><G68/><T79/><D58/><N who="3" m="22633" /><G36/><T65/><D65/><U74/><E74/><V9/><F51/><W123/><G103/><T127/><D79/><U132/><E132/><V131/><F9/><W98/><G98/><T90/><D127/><U95/><E31/><V85/><F18/><N who="3" m="10583" /><G55/><T128/><D128/><U69/><E69/><V0/><F0/><W44/><G44/><T130/><D130/><U20/><E20/><V19/><F19/><W99/><G99/><T1/><D45/><N who="1" m="25903" /><E43/><V24/><F131/><W62/><G62/><T46/><D46/><U122/><E122/><N who="3" m="46602" /><G109/><T53/><D53/><U81/><E81/><V110/><F86/><W89/><G89/><T10/><D1/><U82/><E82/><V104/><F104/><W120/><N who="3" m="46610" /><W23/><DORA hai="54" /><G23/><T115/><D29/><U48/><E48/><V49/><F49/><W13/><G13/><T2/><D2/><U84/><E102/><V118/><F110/><W76/><G76/><T117/><D101/><U47/><E47/><V111/><F111/><W71/><G71/><T124/><D106/><U28/><E28/><V80/><F80/><W25/><G25/><T135/><D135/><U91/><AGARI ba="0,0" hai="5,7,15,16,21,84,91,95" m="25903,24617" machi="91" ten="30,2000,0" yaku="8,1,54,1" doraHai="30,54" who="1" fromWho="1" sc="434,-5,187,20,170,-10,209,-5" /><INIT seed="3,0,0,4,5,106" ten="429,207,160,204" oya="3" hai0="52,40,5,114,97,79,87,25,17,29,8,44,89" hai1="78,118,56,110,81,121,90,6,124,86,18,43,76" hai2="82,35,85,32,48,37,67,96,41,20,132,129,28" hai3="98,80,53,103,22,120,11,15,101,72,113,51,75"/><W54/><G113/><T36/><D114/><U70/><E121/><V58/><F129/><W4/><G120/><T30/><D79/><U14/><E70/><V19/><F132/><W66/><G66/><T13/><D97/><U104/><E104/><V27/><F37/><W126/><G126/><T127/><D127/><U64/><E124/><V45/><F96/><W95/><G80/><T109/><D109/><U123/><E123/><V119/><F119/><W65/><G65/><T99/><D99/><U2/><E110/><V135/><F135/><W1/><G103/><T46/><D46/><U71/><E71/><V62/><REACH who="2" step="1"/><F28/><REACH who="2" ten="429,207,150,204" step="2"/><W83/><G83/><T133/><D30/><U10/><E118/><V116/><F116/><W93/><G93/><T38/><D29/><U91/><E81/><V9/><F9/><W55/><REACH who="3" step="1"/><G51/><REACH who="3" ten="429,207,150,194" step="2"/><T33/><D133/><U111/><E111/><V34/><F34/><W3/><G3/><T60/><D33/><U74/><E2/><V94/><F94/><W39/><G39/><T102/><D36/><U61/><E61/><V108/><F108/><W112/><G112/><T49/><D102/><U16/><E64/><V122/><F122/><W23/><G23/><N who="0" m="13551" /><D38/><U12/><E10/><V128/><F128/><W130/><G130/><T42/><D60/><U125/><E125/><V57/><F57/><W134/><G134/><T117/><D117/><U107/><E56/><V88/><AGARI ba="0,2" hai="19,20,27,32,35,41,45,48,58,62,67,82,85,88" machi="88" ten="20,8000,1" yaku="1,1,0,1,7,1,54,1,53,1" doraHai="106" doraHaiUra="21" who="2" fromWho="2" sc="429,-20,207,-20,150,100,194,-40" owari="409,50.9,187,-21.3,250,5.0,154,-34.6" /></mjloggm>