<mjloggm ver="2.3"><GO type="225" lobby="0"/><UN n0="%72%69%6F%75%63%68%61%6E" n1="%E3%81%8C%E3%81%9F" n2="%E3%81%A8%E3%82%93%E3%81%A8%E3%81%93%E3%81%A8%E3%82%93" n3="%72%65%6E%6B%75%6E" dan="16,16,16,17" rate="2155.32,2130.07,2099.51,2227.45" sx="M,M,F,M"/><TAIKYOKU oya="0"/><INIT seed="0,0,0,2,5,84" ten="250,250,250,250" oya="0" hai0="106,24,100,74,69,88,65,121,92,135,8,81,72" hai1="3,55,109,75,80,131,97,36,7,127,51,64,70" hai2="22,34,73,46,117,57,107,19,119,30,112,103,122" hai3="23,114,63,90,125,104,6,68,2,43,35,54,44"/><T102/><D121/><U83/><E36/><V10/><F112/><W76/><G35/><T53/><D135/><U1/><E109/><V71/><F71/><W49/><G104/><T25/><D53/><U67/><E131/><V14/><F73/><W45/><G114/><T129/><D129/><U18/><E127/><V93/><F107/><W94/><G76/><N who="0" m="44167" /><D74/><U91/><E18/><V95/><F34/><W33/><G33/><T11/><D100/><U96/><E75/><V108/><F122/><W116/><G116/><T4/><D65/><U101/><E70/><V0/><F108/><W126/><G23/><T82/><D82/><U59/><E101/><V56/><F103/><W47/><G68/><T39/><D39/><U99/><E3/><V21/><F0/><W38/><G63/><T78/><D78/><U5/><E1/><V113/><F113/><W12/><G12/><N who="0" m="5127" /><D11/><U132/><E132/><V40/><F117/><W120/><G120/><T86/><D69/><U32/><E32/><V111/><F111/><W58/><G6/><N who="1" m="2058" /><E80/><V41/><F119/><W20/><G20/><T52/><D52/><U89/><E83/><V48/><F22/><W77/><G77/><T26/><D24/><U66/><AGARI ba="0,0" hai="51,55,59,64,66,67,89,91,96,97,99" m="2058" machi="66" ten="40,5200,0" yaku="8,1,52,2" doraHai="84" who="1" fromWho="1" sc="250,-26,250,52,250,-13,250,-13" /><INIT seed="1,0,0,4,5,36" ten="224,302,237,237" oya="1" hai0="32,54,55,99,58,44,101,90,116,114,113,135,115" hai1="92,34,26,47,28,7,1,107,84,43,80,21,24" hai2="126,104,95,10,74,8,79,48,121,127,118,62,71" hai3="64,109,70,129,97,11,41,30,96,69,98,85,63"/><U108/><E107/><V93/><F118/><W132/><G109/><T15/><D135/><U66/><E108/><V5/><F104/><W37/><G132/><T117/><D32/><U16/><E66/><V72/><F48/><W56/><G129/><T6/><D90/><U76/><E92/><V86/><F121/><W131/><G131/><T122/><D122/><U65/><E65/><V23/><F23/><W128/><G128/><T73/><D73/><U60/><E60/><V22/><F22/><W94/><G30/><T88/><D44/><U0/><REACH who="1" step="1"/><E7/><REACH who="1" ten="224,292,237,237" step="2"/><V35/><F62/><W100/><G70/><T51/><D117/><U18/><E18/><V45/><F5/><W75/><G69/><T112/><D116/><U133/><E133/><V40/><F71/><W77/><G94/><T38/><D115/><U87/><E87/><V67/><F86/><W4/><G85/><T33/><D6/><U125/><E125/><V25/><F67/><W68/><G68/><T106/><D114/><U9/><E9/><V83/><F8/><W12/><G75/><T2/><D113/><U123/><E123/><V134/><F10/><W61/><G61/><T78/><D112/><U82/><E82/><V17/><F74/><W130/><G130/><T29/><D106/><U39/><AGARI ba="0,1" hai="0,1,16,21,24,26,28,34,39,43,47,76,80,84" machi="39" ten="20,12000,1" yaku="1,1,0,1,7,1,52,1,54,1,53,0" doraHai="36" doraHaiUra="111" who="1" fromWho="1" sc="224,-40,292,130,237,-40,237,-40" /><INIT seed="1,1,0,2,5,106" ten="184,422,197,197" oya="1" hai0="107,31,81,126,7,129,47,4,15,20,84,113,76" hai1="23,68,103,105,134,85,78,125,48,17,3,101,55" hai2="11,60,56,24,63,69,14,118,70,38,65,127,19" hai3="111,37,121,104,77,18,21,52,100,98,74,122,79"/><U110/><E68/><V44/><F118/><W133/><G37/><T32/><D113/><U39/><E39/><V61/><F127/><W123/><G111/><T67/><D129/><U108/><E3/><V28/><F63/><W8/><G133/><T50/><D126/><U130/><E125/><V43/><REACH who="2" step="1"/><F60/><REACH who="2" ten="184,422,187,197" step="2"/><W64/><G64/><T117/><D117/><U54/><E108/><V12/><F12/><W51/><G8/><T66/><D67/><U46/><E110/><V10/><F10/><W13/><REACH who="3" step="1"/><G74/><REACH who="3" ten="184,422,187,187" step="2"/><N who="0" m="43159" /><D66/><U29/><E134/><V124/><F124/><W42/><G42/><T87/><D4/><U114/><E114/><V53/><F53/><W109/><G109/><T92/><D7/><U120/><E54/><V0/><F0/><W25/><G25/><T57/><D15/><U88/><E55/><V34/><AGARI ba="1,2" hai="11,14,19,24,28,34,38,43,44,56,61,65,69,70" machi="34" ten="20,2700,0" yaku="1,1,0,1,7,1,53,0" doraHai="106" doraHaiUra="82" who="2" fromWho="2" sc="184,-8,422,-14,187,50,187,-8" /><INIT seed="2,0,0,3,5,33" ten="176,408,237,179" oya="2" hai0="59,104,35,82,22,128,105,115,83,84,73,111,56" hai1="54,2,77,112,103,62,108,125,58,18,51,20,0" hai2="6,12,66,36,47,116,118,46,81,63,39,24,87" hai3="17,57,93,133,11,98,79,53,135,119,31,41,34"/><V43/><F24/><N who="3" m="18791" /><G79/><T131/><D115/><U124/><E112/><V13/><F36/><W32/><G32/><T71/><D111/><U134/><E108/><V99/><F47/><W52/><G41/><T4/><D35/><U49/><E134/><N who="3" m="51210" /><G119/><T25/><D71/><U19/><E77/><V96/><F96/><W107/><G107/><N who="0" m="41035" /><D4/><U7/><E103/><V3/><F99/><W10/><G17/><N who="1" m="6154" /><E20/><V80/><F116/><W45/><G45/><T67/><D73/><U88/><E88/><V106/><F118/><W76/><G76/><N who="0" m="46151" /><D83/><U90/><E90/><V92/><F106/><W16/><G57/><T113/><D67/><U5/><E5/><V85/><F92/><W89/><G10/><T55/><D113/><U8/><E2/><V94/><F3/><W101/><G89/><T97/><D97/><U117/><E117/><V127/><F6/><W29/><G29/><N who="0" m="17591" /><D55/><U129/><E129/><AGARI ba="0,0" hai="56,59,128,129,131" m="17591,46151,41035" machi="129" ten="30,1000,0" yaku="19,1" doraHai="33" who="0" fromWho="1" sc="176,10,408,-10,237,0,179,0" /><INIT seed="3,0,0,5,3,111" ten="186,398,237,179" oya="3" hai0="62,117,32,93,104,45,25,130,64,124,115,128,51" hai1="34,118,70,120,91,101,122,15,80,84,135,103,19" hai2="23,29,0,9,35,18,60,26,55,58,12,108,99" hai3="63,65,125,72,112,22,20,48,94,46,13,39,107"/><W66/><G107/><T44/><D124/><U85/><E34/><V59/><F99/><W74/><G39/><T98/><D117/><U86/><E70/><V43/><F43/><W61/><G125/><T116/><D115/><U47/><E118/><V57/><F108/><W31/><G112/><T4/><D116/><U24/><E24/><V50/><F50/><W8/><G94/><T68/><D4/><AGARI ba="0,0" hai="0,4,9,12,18,23,26,29,35,55,57,58,59,60" machi="4" ten="40,2600,0" yaku="24,2" doraHai="111" who="2" fromWho="0" sc="186,-26,398,0,237,26,179,0" owari="160,-34.0,398,49.8,263,6.3,179,-22.1" /></mjloggm>