<mjloggm ver="2.3"><GO type="225" lobby="0"/><UN n0="%28%EF%BF%A3%E2%96%BD%EF%BF%A3%29%CE%B4%E2%8C%92%E3%83%BB" n1="%E3%82%BC%E3%83%AB%E3%83%80%E3%81%AE%E4%BC%9D%E8%AA%AC" n2="%E6%B8%A9%E2%98%85%E6%83%85%E2%98%85%E6%8E%AA%E2%98%85%E7%BD%AE" n3="%E3%81%8B%E3%82%8F%E3%81%A1%E3%82%83%E3%82%93%35%38" dan="17,17,17,16" rate="2256.22,2172.89,2160.42,2157.71" sx="M,M,M,M"/><TAIKYOKU oya="0"/><INIT seed="0,0,0,4,2,86" ten="250,250,250,250" oya="0" hai0="128,73,43,0,106,1,48,104,50,16,56,123,59" hai1="62,118,119,53,22,80,63,9,65,101,41,100,114" hai2="47,35,33,26,3,87,130,2,27,110,54,61,117" hai3="52,124,34,95,7,12,39,32,36,78,77,60,51"/><T112/><D73/><U17/><E114/><V111/><F61/><W91/><G124/><T57/><D112/><U126/><E126/><V18/><F47/><W129/><G129/><T46/><D128/><U132/><E132/><V82/><F54/><W44/><G34/><N who="2" m="12809" /><F130/><W89/><G32/><T45/><D123/><U76/><E41/><V90/><F117/><W13/><G39/><T103/><D16/><U42/><E42/><V29/><F29/><W107/><G107/><T19/><D19/><U121/><E121/><V58/><F58/><N who="3" m="34887" /><G36/><T94/><D94/><U14/><E119/><V93/><F93/><W38/><G38/><T25/><D25/><N who="2" m="9226" /><F18/><W69/><G69/><T109/><D59/><U120/><E120/><V135/><F135/><W79/><G95/><T102/><REACH who="0" step="1"/><D43/><REACH who="0" ten="240,250,250,250" step="2"/><U4/><E118/><V64/><F64/><W99/><G99/><T66/><D66/><U20/><E65/><V75/><F75/><W105/><G105/><T23/><D23/><U30/><E22/><V55/><F55/><N who="3" m="30183" /><G7/><T97/><D97/><U122/><E4/><V37/><F37/><W133/><G133/><T81/><D81/><U88/><E80/><V5/><F5/><W96/><G96/><T127/><D127/><U115/><E122/><V83/><F82/><W21/><G21/><T72/><D72/><U70/><E20/><V108/><AGARI ba="0,1" hai="2,3,83,87,90,108,110,111" m="9226,12809" machi="108" ten="40,2700,0" yaku="14,1,52,1" doraHai="86" who="2" fromWho="2" sc="240,-13,250,-7,250,37,250,-7" /><INIT seed="1,0,0,4,3,66" ten="227,243,287,243" oya="1" hai0="111,110,77,75,71,97,83,50,45,63,96,99,9" hai1="91,55,101,92,17,80,34,108,133,69,70,0,16" hai2="114,33,118,120,116,88,73,93,64,104,95,102,81" hai3="44,123,37,87,30,13,48,59,39,98,12,129,10"/><U46/><E34/><V84/><F33/><W7/><G123/><T3/><D3/><U86/><E0/><V115/><F64/><W51/><G129/><T43/><D9/><U40/><E55/><V132/><F120/><W53/><G30/><T19/><D19/><U112/><E112/><N who="2" m="43051" /><F132/><W57/><G57/><T128/><D128/><U119/><E119/><N who="2" m="45611" /><F73/><W5/><G98/><AGARI ba="0,0" hai="81,84,88,93,95,98,102,104" m="45611,43051" machi="98" ten="30,7700,0" yaku="11,1,34,2,54,1" doraHai="66" who="2" fromWho="3" sc="227,0,243,0,287,77,243,-77" /><INIT seed="2,0,0,0,3,124" ten="227,243,364,166" oya="2" hai0="34,126,52,119,131,41,16,35,133,81,112,12,50" hai1="57,59,114,9,17,48,28,27,86,63,89,96,66" hai2="103,74,97,7,60,65,43,110,83,61,76,82,31" hai3="106,132,108,44,107,64,113,15,91,111,128,78,6"/><V5/><F110/><N who="3" m="42027" /><G15/><T20/><D112/><U40/><E114/><V79/><F43/><W115/><G6/><T125/><D41/><U93/><E86/><V118/><F118/><W122/><G44/><N who="0" m="27719" /><D119/><U134/><E134/><V25/><F61/><W92/><G64/><T36/><D36/><U67/><E40/><V30/><F30/><W56/><G56/><T26/><D133/><U24/><E28/><V88/><F25/><W80/><G122/><T22/><D81/><U87/><E87/><V45/><F31/><W10/><G10/><T68/><D68/><U123/><E123/><V49/><F45/><W104/><G132/><T135/><D135/><U69/><E69/><V62/><F65/><W1/><G1/><T18/><D35/><U29/><E29/><V71/><F71/><W130/><G113/><T19/><D19/><U8/><E27/><V54/><F7/><W120/><G120/><T102/><D102/><U121/><E121/><V11/><F103/><W42/><G42/><T129/><D34/><U73/><E73/><V47/><F5/><W70/><G70/><T109/><D109/><U51/><E67/><V84/><F74/><N who="3" m="43095" /><G115/><T23/><D23/><N who="1" m="13423" /><E59/><V58/><F58/><W32/><G32/><T13/><D26/><U46/><E46/><V39/><F39/><W75/><G75/><T33/><D33/><U94/><E51/><V3/><F3/><W37/><G37/><T99/><D99/><AGARI ba="0,0" hai="91,92,99,104,106,107,128,130" m="43095,42027" machi="99" ten="40,8000,1" yaku="14,1,34,2,52,2" doraHai="124" who="3" fromWho="0" sc="227,-80,243,0,364,0,166,80" /><INIT seed="3,0,0,0,0,95" ten="147,243,364,246" oya="3" hai0="71,77,96,2,62,4,40,90,51,59,129,24,76" hai1="47,107,72,14,101,36,41,39,84,56,31,45,81" hai2="60,21,110,117,98,28,48,112,74,103,75,30,80" hai3="127,130,86,61,33,78,23,122,88,100,132,87,27"/><W52/><G122/><T8/><D129/><U70/><E70/><V131/><F112/><W111/><G33/><T121/><D121/><U113/><E113/><V63/><F117/><W46/><G130/><T10/><D71/><U118/><E118/><V49/><F131/><W128/><G128/><T67/><D24/><U66/><E72/><V85/><F110/><W50/><G127/><T79/><D10/><U91/><E31/><V94/><F75/><W123/><G123/><T0/><D0/><U19/><E101/><V53/><F49/><W16/><G132/><T116/><D116/><U15/><E107/><V124/><F74/><W42/><G100/><T25/><D25/><U105/><E105/><V20/><F30/><W89/><G111/><T55/><D40/><U44/><E36/><V109/><F124/><W65/><G42/><T64/><REACH who="0" step="1"/><D51/><REACH who="0" ten="137,243,364,246" step="2"/><U125/><E125/><V104/><F48/><W73/><G27/><T13/><D13/><U32/><E14/><V1/><F1/><W29/><G29/><T43/><D43/><U93/><E32/><V120/><F120/><W6/><G50/><T26/><D26/><U7/><E15/><V102/><F109/><W119/><G119/><T134/><D134/><U108/><E108/><V5/><F28/><W133/><G133/><T114/><D114/><U82/><E41/><V68/><F68/><N who="3" m="42031" /><G23/><T35/><D35/><U11/><E11/><V92/><F21/><W57/><G46/><T17/><D17/><U54/><E19/><V34/><F20/><W135/><G16/><T37/><D37/><U106/><E39/><RYUUKYOKU ba="0,1" sc="137,30,243,-10,364,-10,246,-10" hai0="2,4,8,55,59,62,64,67,76,77,79,90,96" owari="167,-33.3,233,-16.7,364,46.4,236,3.6" /></mjloggm>