<mjloggm ver="2.3"><GO type="225" lobby="0"/><UN n0="%E9%A2%A8%E3%81%A7%E9%B3%B4%E3%81%8F" n1="%E5%A4%96%E5%B7%9D%E7%AB%9C%E6%88%90" n2="%E3%81%8A%E3%81%8B%E3%81%8F%E3%82%89" n3="%E8%81%B7%E6%A5%AD%E3%80%81%E9%A2%A8%32" dan="16,16,16,16" rate="2125.69,2115.47,2056.21,2096.21" sx="M,M,M,M"/><TAIKYOKU oya="0"/><INIT seed="0,0,0,4,4,79" ten="250,250,250,250" oya="0" hai0="49,115,102,19,22,72,99,29,108,77,46,20,38" hai1="119,120,75,122,130,4,42,94,9,63,32,62,87" hai2="88,28,74,15,47,6,39,60,97,27,125,121,106" hai3="57,109,55,14,37,105,118,89,58,93,132,128,25"/><T126/><D38/><U5/><E119/><V69/><F121/><W26/><G105/><T80/><D115/><U96/><E75/><V111/><F74/><W34/><G37/><T81/><D126/><U84/><E32/><V112/><F111/><W56/><G109/><T59/><D108/><U44/><E130/><V53/><F6/><W33/><G128/><T30/><D59/><N who="3" m="22601" /><G33/><T16/><D72/><U52/><E42/><V35/><F15/><W83/><G34/><T41/><D77/><U31/><E31/><N who="0" m="11785" /><D99/><U124/><E124/><V104/><F125/><W1/><G1/><T7/><D102/><U76/><E96/><V113/><F104/><W78/><G132/><T13/><D7/><U107/><E107/><V100/><F53/><W50/><G118/><T64/><D64/><U129/><E4/><V116/><F88/><W23/><G78/><T54/><D41/><U48/><E129/><V11/><F11/><W133/><G133/><T123/><D123/><U68/><E68/><V71/><F116/><W36/><G36/><T61/><D61/><N who="1" m="23051" /><E122/><V134/><F134/><W40/><G40/><T85/><D85/><N who="1" m="32843" /><E120/><V70/><F60/><W18/><G93/><T101/><D101/><U45/><E94/><V51/><F39/><W8/><G8/><T73/><D73/><U91/><E76/><V21/><F35/><W82/><G89/><T66/><D66/><U90/><E45/><V131/><F131/><W103/><G103/><T17/><D20/><U117/><E117/><V95/><F106/><W114/><G114/><N who="2" m="44137" /><F71/><W110/><G110/><T135/><D135/><RYUUKYOKU ba="0,0" sc="250,0,250,0,250,0,250,0" hai0="13,16,17,19,22,46,49,54,80,81" hai1="5,9,44,48,52,90,91" hai2="21,27,28,47,51,69,70,95,97,100" hai3="14,18,23,25,26,50,55,58,82,83" /><INIT seed="0,1,0,0,3,6" ten="250,250,250,250" oya="0" hai0="32,59,47,126,39,56,134,57,97,117,42,82,98" hai1="4,106,64,60,81,65,22,96,83,73,115,33,86" hai2="123,135,125,127,74,84,103,130,105,26,7,18,128" hai3="55,132,79,95,0,80,61,112,31,62,116,120,48"/><T23/><D32/><U17/><E33/><V9/><F74/><W21/><G0/><T16/><D117/><U67/><E115/><V24/><F105/><W89/><G112/><T88/><D126/><N who="2" m="48138" /><F103/><W58/><G132/><T110/><D134/><U77/><E4/><V72/><F72/><W1/><G1/><T69/><D69/><U68/><E96/><V131/><F84/><N who="3" m="48159" /><G120/><T12/><REACH who="0" step="1"/><D110/><REACH who="0" ten="240,250,250,250" step="2"/><U30/><E68/><V15/><F135/><W107/><G116/><T119/><D119/><U45/><E73/><V35/><F35/><W109/><G109/><T25/><D25/><N who="2" m="9834" /><F123/><W28/><G28/><T71/><D71/><U93/><E30/><V92/><F92/><W113/><G113/><T36/><D36/><U13/><E93/><V34/><F34/><W78/><G31/><T19/><D19/><AGARI ba="1,1" hai="7,9,15,18,19,128,130,131" m="9834,48138" machi="19" ten="40,8000,1" yaku="19,1,18,1,34,2,52,1" doraHai="6" who="2" fromWho="0" sc="240,-83,250,0,250,93,250,0" /><INIT seed="1,0,0,4,5,35" ten="157,250,343,250" oya="1" hai0="128,5,89,120,129,126,37,20,53,62,41,23,83" hai1="32,30,131,54,79,72,127,19,63,73,6,135,114" hai2="75,7,11,100,102,81,10,86,76,42,46,132,95" hai3="71,8,69,84,80,24,104,101,1,67,98,21,36"/><U49/><E114/><V99/><F132/><W33/><G36/><T58/><D126/><U17/><E135/><V27/><F27/><W112/><G112/><T130/><D120/><U96/><E127/><V64/><F64/><W52/><G33/><T56/><D41/><U93/><E63/><V118/><F118/><W16/><G67/><T78/><D37/><U122/><E122/><V45/><F11/><W110/><G110/><T133/><D133/><U106/><E106/><V3/><F46/><W82/><G82/><T87/><D5/><U66/><E66/><V88/><F86/><W47/><G1/><T116/><D116/><U39/><E6/><V50/><AGARI ba="0,0" hai="3,7,10,42,45,50,75,76,81,88,95,99,100,102" machi="50" ten="20,5200,0" yaku="0,1,7,1,52,1,54,1" doraHai="35" who="2" fromWho="2" sc="157,-13,250,-26,343,52,250,-13" /><INIT seed="2,0,0,4,4,115" ten="144,224,395,237" oya="2" hai0="90,2,102,75,106,73,23,131,109,5,114,49,32" hai1="67,35,104,60,64,121,108,21,38,132,31,74,28" hai2="65,110,16,7,128,89,39,116,66,24,50,47,62" hai3="0,53,126,88,9,15,41,125,77,34,17,98,19"/><V55/><F39/><W127/><G34/><T119/><D114/><U78/><E104/><V26/><F128/><W99/><G41/><T14/><D32/><U25/><E38/><V81/><F7/><W27/><G77/><T117/><D131/><U112/><E112/><V22/><F116/><N who="0" m="44618" /><D109/><U95/><E78/><V37/><F37/><W29/><G0/><T129/><D129/><U100/><E74/><V61/><F26/><W57/><G19/><N who="0" m="10743" /><D90/><U71/><E121/><V51/><F89/><W103/><G88/><T20/><D20/><U80/><E80/><V120/><F22/><N who="3" m="15607" /><G103/><T91/><D91/><U133/><E108/><V42/><F81/><W1/><G1/><T82/><D82/><U79/><E79/><V68/><F24/><W86/><G86/><T111/><D111/><U13/><E13/><V10/><F120/><W56/><G15/><T58/><D58/><N who="1" m="36887" /><E35/><V69/><F110/><W36/><G57/><T8/><D49/><U84/><E84/><V40/><F50/><W52/><G36/><T101/><D101/><U11/><E31/><V92/><F51/><W33/><G56/><T124/><D124/><U76/><E76/><V30/><F30/><W46/><G33/><T107/><D107/><U12/><E100/><V4/><F68/><W123/><G127/><T45/><D45/><U72/><E72/><V70/><F47/><W122/><G46/><T63/><D63/><N who="1" m="40447" /><E95/><V59/><F92/><W93/><G126/><T83/><D83/><U105/><E105/><V113/><F113/><W118/><G125/><T87/><D87/><U96/><E96/><AGARI ba="0,0" hai="2,5,8,73,75,96,102,106" m="10743,44618" machi="96" ten="30,8000,1" yaku="6,1,12,1,52,3" doraHai="115" who="0" fromWho="1" sc="144,80,224,-80,395,0,237,0" /><INIT seed="3,0,0,1,1,93" ten="224,144,395,237" oya="3" hai0="31,89,78,134,58,33,105,47,114,95,124,1,61" hai1="0,5,20,76,113,102,4,104,34,92,40,109,66" hai2="126,36,43,45,106,135,37,68,48,101,65,11,53" hai3="12,117,111,125,97,99,88,27,94,13,98,54,35"/><W49/><G117/><T133/><D105/><U52/><E34/><V38/><F106/><W83/><G125/><T44/><D1/><U8/><E113/><V127/><F101/><W57/><G111/><T41/><D78/><U81/><E109/><V64/><F11/><W123/><G123/><T131/><D131/><U121/><E121/><V130/><F130/><W73/><G73/><T25/><D41/><U129/><E129/><V26/><F26/><W82/><G35/><T60/><D60/><U29/><E5/><V18/><F18/><W70/><G70/><T6/><D6/><U110/><E110/><V87/><F87/><N who="3" m="52511" /><G27/><T132/><D124/><N who="2" m="47658" /><F68/><W23/><G23/><T80/><D80/><AGARI ba="0,0" hai="12,13,49,54,57,80,82,83,97,98,99" m="52511" machi="80" ten="30,12000,1" yaku="8,1,52,3,54,1" doraHai="93" who="3" fromWho="0" sc="224,-120,144,0,395,0,237,120" /><INIT seed="3,1,0,1,3,117" ten="104,144,395,357" oya="3" hai0="31,46,125,28,7,106,116,43,68,126,96,87,71" hai1="105,61,115,93,120,102,16,78,55,135,94,54,27" hai2="11,51,53,48,99,82,23,57,101,97,2,21,22" hai3="8,92,119,67,60,13,34,0,107,84,121,131,111"/><W114/><G107/><T90/><D116/><U33/><E115/><V63/><F82/><W20/><G121/><T6/><D96/><N who="1" m="61639" /><E120/><V118/><F118/><W18/><G119/><T5/><D106/><U36/><E36/><V103/><F11/><W42/><G114/><T128/><D87/><U130/><E78/><V19/><F19/><W81/><G34/><T44/><D90/><U50/><E50/><N who="2" m="18987" /><F2/><W59/><G131/><T4/><N who="0" m="1024" /><DORA hai="89" /><T24/><D24/><U109/><E54/><V14/><F14/><W62/><G42/><T112/><D43/><U45/><E93/><V35/><F35/><W88/><G0/><T83/><D83/><U58/><E58/><V104/><F104/><W39/><G39/><T37/><D37/><U66/><E61/><V75/><F75/><W17/><G111/><T32/><D32/><U26/><E135/><V56/><F56/><N who="3" m="37255" /><G81/><T74/><D74/><U70/><E55/><V100/><AGARI ba="1,0" hai="21,22,23,53,57,63,97,99,100,101,103" m="18987" machi="100" ten="40,1500,0" yaku="8,1" doraHai="117,89" who="2" fromWho="2" sc="104,-5,144,-5,395,18,357,-8" owari="99,-40.1,139,-26.1,413,51.3,349,14.9" /></mjloggm>