<mjloggm ver="2.3"><GO type="225" lobby="0"/><UN n0="%E3%81%9F%E3%81%93%E2%98%86%E7%84%BC%E3%81%8D" n1="%E3%82%82%E3%81%90%E3%82%89" n2="%E3%81%99%E3%81%84%E3%81%BE%E3%81%9B%E3%83%BC%E3%82%93" n3="%72%61%6B%33" dan="16,17,16,16" rate="2117.00,2216.19,2150.93,2184.39" sx="M,M,M,M"/><TAIKYOKU oya="0"/><INIT seed="0,0,0,5,5,2" ten="250,250,250,250" oya="0" hai0="0,52,1,3,120,29,117,36,9,116,125,15,26" hai1="112,28,49,21,16,126,135,82,34,62,6,40,51" hai2="57,8,67,20,48,95,75,118,110,43,45,27,74" hai3="39,106,90,64,55,108,129,61,18,63,94,35,81"/><T69/><D36/><U107/><E107/><V19/><F110/><W111/><G106/><T37/><D37/><U96/><E135/><V83/><F118/><N who="0" m="45674" /><D69/><U86/><E126/><V132/><F132/><W50/><G39/><T84/><D52/><U4/><E112/><V130/><F130/><W30/><G61/><T22/><D84/><U56/><E96/><V13/><F83/><W119/><G81/><T65/><D65/><N who="1" m="39111" /><E28/><V134/><F134/><W89/><G129/><T32/><D125/><U66/><E34/><V122/><F122/><W88/><G119/><T70/><D70/><U5/><E40/><V25/><F25/><W114/><G114/><T97/><D97/><U99/><E99/><V23/><F23/><W47/><G94/><T100/><D100/><U101/><E101/><V58/><F95/><W38/><G38/><T102/><D102/><U12/><E66/><V127/><F127/><W14/><G64/><T44/><D44/><U123/><E123/><V91/><F91/><AGARI ba="0,0" hai="4,5,6,12,16,21,49,51,82,86,91" m="39111" machi="91" ten="30,8000,1" yaku="8,1,52,3,54,1" doraHai="2" who="1" fromWho="2" sc="250,0,250,80,250,-80,250,0" /><INIT seed="1,0,0,0,1,22" ten="250,330,170,250" oya="1" hai0="96,16,115,119,122,9,76,61,90,38,20,114,134" hai1="26,106,130,25,99,75,121,81,3,78,66,19,8" hai2="73,32,45,116,34,85,132,91,80,13,21,49,109" hai3="125,52,7,117,0,120,82,131,5,123,129,100,124"/><U53/><E121/><N who="3" m="46666" /><G100/><T111/><D38/><U30/><E130/><N who="3" m="49674" /><G82/><T40/><D40/><U107/><E66/><V33/><F116/><W55/><G117/><T133/><D76/><U89/><E3/><V98/><F109/><W94/><G94/><N who="0" m="56407" /><D111/><U15/><E53/><N who="3" m="20554" /><G0/><T42/><D42/><U65/><E65/><V102/><F132/><N who="0" m="50794" /><D122/><U87/><E99/><V62/><F73/><W63/><G63/><T93/><D119/><U95/><REACH who="1" step="1"/><E26/><REACH who="1" ten="250,320,170,250" step="2"/><V92/><F62/><W59/><G59/><T37/><D61/><U46/><E46/><V4/><F45/><W2/><G2/><T104/><D115/><U105/><E105/><V48/><REACH who="2" step="1"/><F4/><AGARI ba="0,1" hai="4,5,7,124,125" m="20554,49674,46666" machi="4" ten="40,8000,1" yaku="28,2,19,1,54,1" doraHai="22" who="3" fromWho="2" sc="250,0,320,0,170,-80,250,90" /><INIT seed="2,0,0,3,4,73" ten="250,320,90,340" oya="2" hai0="76,125,77,17,82,111,31,6,94,11,120,81,36" hai1="33,43,114,53,45,55,128,15,30,80,79,20,19" hai2="49,35,131,66,37,7,22,74,132,34,9,96,108" hai3="104,69,106,98,93,130,117,68,105,78,16,58,89"/><V134/><F37/><W99/><G117/><T116/><D36/><U47/><E114/><V59/><F74/><W70/><G130/><T110/><D31/><U101/><E101/><V129/><F108/><N who="0" m="41514" /><D17/><U27/><E128/><N who="2" m="49227" /><F96/><W97/><G58/><T112/><D116/><U88/><E88/><V57/><F22/><W102/><G102/><T71/><D71/><U10/><E33/><N who="2" m="12299" /><F49/><W85/><REACH who="3" step="1"/><G16/><REACH who="3" ten="250,320,90,330" step="2"/><T51/><D112/><U61/><E61/><N who="2" m="38191" /><F59/><W133/><G133/><T63/><D63/><U41/><E47/><V14/><AGARI ba="0,1" hai="7,9,14,132,134" m="38191,12299,49227" machi="14" ten="40,2100,0" yaku="19,1" doraHai="73" who="2" fromWho="2" sc="250,-7,320,-7,90,31,330,-7" /><INIT seed="2,1,0,2,3,16" ten="243,313,121,323" oya="2" hai0="5,6,127,45,111,94,83,54,89,11,132,87,107" hai1="1,29,103,120,70,129,60,81,21,117,88,124,71" hai2="115,80,116,7,92,108,109,66,86,41,75,46,20" hai3="50,52,55,96,17,38,110,73,121,39,79,2,12"/><V76/><F115/><W65/><G2/><T130/><D107/><U114/><E117/><V47/><F116/><W123/><G110/><N who="2" m="42601" /><F7/><W23/><G65/><T119/><D130/><U3/><E129/><V67/><F46/><W125/><G125/><T131/><D132/><U72/><E114/><V24/><F92/><W85/><G73/><T128/><D127/><U42/><E124/><V62/><F75/><W84/><G96/><T25/><D119/><U19/><E1/><V64/><F62/><W97/><G97/><T44/><D111/><U58/><E3/><V27/><F20/><W91/><G121/><T53/><D6/><U82/><E120/><V59/><F59/><W118/><G123/><T99/><D45/><U49/><E58/><V0/><F0/><W102/><G118/><T36/><D36/><AGARI ba="1,0" hai="24,27,36,41,47,64,66,67,76,80,86" m="42601" machi="36" ten="30,2900,0" yaku="14,1,10,1" doraHai="16" who="2" fromWho="0" sc="243,-32,313,0,121,32,323,0" /><INIT seed="2,2,0,2,1,77" ten="211,313,153,323" oya="2" hai0="69,53,105,101,30,100,9,80,24,120,103,79,28" hai1="89,112,117,18,16,129,7,123,131,41,49,92,74" hai2="67,122,44,11,81,40,132,55,10,108,3,21,22" hai3="124,2,35,113,87,107,59,23,114,52,93,37,34"/><V13/><F122/><W85/><G107/><T133/><D69/><U20/><E117/><V83/><F132/><W12/><G2/><T65/><D120/><U57/><E112/><N who="3" m="43114" /><G37/><T96/><D133/><U26/><E123/><V84/><F3/><W102/><G124/><T126/><D126/><U14/><E74/><V116/><F116/><W47/><G47/><T99/><D65/><U127/><E7/><V1/><F1/><W48/><G102/><T128/><D128/><N who="1" m="49227" /><E127/><V110/><F67/><W42/><G42/><T33/><D30/><N who="1" m="17735" /><E14/><V36/><F55/><W56/><G56/><T115/><D115/><U62/><E49/><V135/><F135/><W70/><G70/><T5/><D53/><N who="1" m="34095" /><E41/><V78/><F83/><W45/><G45/><T71/><D71/><U58/><E58/><V15/><F10/><W130/><G130/><T50/><D50/><U119/><E119/><V17/><REACH who="2" step="1"/><F21/><REACH who="2" ten="211,313,143,323" step="2"/><W82/><G23/><T43/><D43/><U54/><E54/><V121/><F121/><W86/><G82/><T98/><D105/><U39/><E39/><V104/><F104/><W109/><G93/><T91/><D9/><U32/><E32/><V73/><F73/><W61/><G35/><T46/><D33/><U29/><E29/><V134/><F134/><W97/><G34/><T66/><D66/><U27/><E27/><V106/><F106/><W6/><G52/><T88/><D28/><U72/><E72/><V25/><F25/><W90/><G61/><T63/><D63/><U125/><E125/><V76/><F76/><W111/><G59/><T118/><D24/><RYUUKYOKU ba="2,1" sc="211,-15,313,15,143,15,323,-15" hai1="16,18,89,92" hai2="11,13,15,17,22,36,40,44,78,81,84,108,110" /><INIT seed="2,3,1,1,2,83" ten="196,328,158,308" oya="2" hai0="54,93,121,6,75,84,65,128,132,95,42,130,15" hai1="104,29,12,26,96,41,99,119,56,3,37,28,129" hai2="38,44,122,63,24,73,131,1,0,60,89,85,64" hai3="91,61,53,47,32,120,82,58,10,111,133,74,94"/><V90/><F122/><W48/><G120/><T135/><D75/><U66/><E3/><V72/><F131/><N who="0" m="50218" /><D65/><U9/><E119/><V79/><F24/><W55/><G111/><T68/><D68/><U114/><E114/><V45/><F64/><W70/><G133/><N who="0" m="51275" /><D42/><U22/><E104/><V31/><F31/><W36/><G32/><T23/><D54/><U27/><E37/><V80/><F79/><W19/><G36/><T124/><D121/><U8/><E8/><V112/><F38/><W127/><G127/><T88/><D124/><U92/><E41/><V4/><F4/><W117/><G117/><T116/><D116/><U20/><E129/><V62/><F112/><W13/><G70/><T105/><D105/><U71/><E71/><V39/><F39/><W21/><G74/><T123/><D123/><U101/><E99/><V52/><F52/><W134/><G134/><T51/><D51/><U50/><E50/><V43/><F43/><W67/><G82/><N who="0" m="49175" /><D6/><N who="1" m="3127" /><E66/><V118/><F118/><W98/><G67/><T102/><D102/><U46/><E56/><V35/><F73/><W125/><G125/><T115/><D115/><U59/><E59/><V103/><F103/><W34/><G34/><T49/><D49/><U33/><E33/><V16/><F35/><W25/><G55/><T17/><AGARI ba="3,1" hai="15,17,23,93,95" m="49175,51275,50218" machi="17" ten="40,8000,1" yaku="19,1,20,1,52,1,54,1" doraHai="83" who="0" fromWho="0" sc="196,99,328,-23,158,-43,308,-23" /><INIT seed="3,0,0,5,0,62" ten="295,305,115,285" oya="3" hai0="32,95,48,5,102,6,49,40,68,33,41,103,67" hai1="36,25,87,111,124,107,131,132,16,125,43,9,84" hai2="77,29,78,22,79,85,121,4,126,53,128,15,10" hai3="104,105,35,31,20,18,63,101,122,3,51,57,21"/><W88/><G122/><T8/><D95/><U28/><E111/><V23/><F121/><W75/><G75/><T99/><D8/><U34/><E131/><V47/><F128/><W112/><G112/><T60/><D99/><U72/><E72/><V65/><F126/><N who="1" m="48745" /><E132/><V73/><F73/><W115/><G115/><T97/><D97/><U123/><E123/><V89/><F29/><W26/><G3/><T0/><D0/><U74/><E74/><V94/><REACH who="2" step="1"/><F65/><REACH who="2" ten="295,305,105,285" step="2"/><N who="3" m="39151" /><G35/><T17/><D67/><U7/><E28/><V54/><F54/><W66/><G66/><T130/><D130/><U117/><E117/><V82/><F82/><W1/><G1/><T71/><D60/><U134/><E134/><V37/><F37/><W14/><G101/><T42/><D42/><U27/><E43/><V114/><F114/><W44/><G105/><T90/><D41/><U12/><E36/><V55/><F55/><N who="3" m="30183" /><G104/><T64/><D40/><U83/><E83/><V98/><F98/><W81/><G81/><T120/><D64/><U2/><E107/><V91/><F91/><AGARI ba="0,1" hai="14,18,20,21,26,31,88,91" m="30183,39151" machi="91" ten="30,5800,0" yaku="8,1,52,1,54,1" doraHai="62" who="3" fromWho="2" sc="295,0,305,0,105,-58,285,68" owari="295,-10.5,305,10.5,47,-45.3,353,45.3" /></mjloggm>