<mjloggm ver="2.3"><GO type="225" lobby="0"/><UN n0="%E3%81%86%E3%83%BC%E3%81%B1%E3%83%BC" n1="%E6%A1%9C%E8%8A%B1%E9%96%83%E3%80%85" n2="%E5%B8%86%E7%AB%8B%E5%A4%8F%E8%A1%A3" n3="%38%63%E3%81%AF%E3%81%A3%E3%81%97%E3%83%BC" dan="17,16,16,16" rate="2185.91,2087.93,2044.81,2124.92" sx="F,M,M,M"/><TAIKYOKU oya="0"/><INIT seed="0,0,0,0,1,61" ten="250,250,250,250" oya="0" hai0="53,96,40,19,32,64,38,0,107,43,79,30,93" hai1="63,21,29,51,9,37,83,52,122,13,1,17,16" hai2="133,20,134,5,55,70,105,46,28,45,98,118,102" hai3="130,110,81,99,44,104,10,116,35,31,27,72,125"/><T24/><D107/><U57/><E122/><V113/><F113/><W7/><G116/><T36/><D0/><U58/><E37/><V50/><F5/><W76/><G110/><T121/><D121/><U115/><E115/><V78/><F118/><W129/><G125/><T6/><D6/><U89/><E1/><V94/><F78/><W73/><G73/><T106/><D106/><U56/><E29/><V92/><F70/><W85/><G85/><T15/><D53/><U109/><E109/><V14/><F46/><W71/><G71/><T135/><D79/><U4/><E21/><V66/><F66/><W48/><G48/><T49/><D64/><N who="1" m="39015" /><E57/><V42/><F55/><W95/><G44/><T131/><D135/><N who="2" m="51722" /><F28/><W132/><G132/><T59/><D131/><U114/><E114/><V23/><F20/><W97/><G104/><T100/><D59/><U90/><E83/><V126/><F126/><W87/><G72/><T91/><D100/><U54/><E54/><V119/><F119/><W88/><REACH who="3" step="1"/><G97/><REACH who="3" ten="250,250,250,240" step="2"/><T2/><D49/><U11/><E11/><V62/><F62/><W60/><G60/><T82/><D36/><U101/><E101/><V41/><F41/><W25/><G25/><T77/><D38/><U34/><E34/><V84/><F84/><W117/><G117/><T75/><REACH who="0" step="1"/><D2/><AGARI ba="0,1" hai="2,7,10,27,31,35,76,81,87,88,95,99,129,130" machi="2" ten="40,2600,0" yaku="1,1,54,1,53,0" doraHai="61" doraHaiUra="69" who="3" fromWho="0" sc="250,-26,250,0,250,0,240,36" /><INIT seed="1,0,0,5,1,128" ten="224,250,250,276" oya="1" hai0="53,64,11,55,113,123,37,71,96,87,102,18,100" hai1="29,101,19,14,97,43,111,83,121,59,51,105,93" hai2="25,6,103,62,112,68,67,80,122,127,9,61,89" hai3="40,4,81,22,44,94,26,119,50,75,109,131,20"/><U66/><E121/><V124/><F122/><W16/><G131/><T77/><D113/><U135/><E111/><V0/><F112/><W118/><G109/><T134/><D37/><U69/><E69/><V73/><F89/><W130/><G130/><T27/><D123/><U39/><E39/><V30/><F62/><W36/><G4/><T57/><D71/><U13/><E105/><V33/><REACH who="2" step="1"/><F103/><REACH who="2" ten="224,250,240,276" step="2"/><W63/><G63/><T91/><D100/><U24/><E101/><V120/><F120/><W7/><G119/><T31/><D102/><U117/><E117/><V38/><F38/><W74/><G36/><T133/><D91/><U28/><E51/><V104/><F104/><W21/><G118/><T125/><D77/><AGARI ba="0,1" hai="0,6,9,25,30,33,61,67,68,73,77,80,124,127" machi="77" ten="40,8000,1" yaku="1,1,23,2,53,1" doraHai="128" doraHaiUra="79" who="2" fromWho="0" sc="224,-80,250,0,240,90,276,0" /><INIT seed="2,0,0,1,1,82" ten="144,250,330,276" oya="2" hai0="107,97,99,57,21,7,66,110,84,119,124,11,38" hai1="25,54,34,1,12,95,96,47,32,14,42,27,6" hai2="62,71,49,58,59,52,87,80,127,48,90,75,43" hai3="56,86,129,22,70,41,67,76,133,93,98,15,28"/><V16/><F127/><W83/><G133/><T132/><D124/><U92/><E1/><V45/><F75/><W50/><G70/><T121/><D132/><U72/><E72/><V40/><F71/><W126/><G126/><T63/><D121/><U4/><E54/><V18/><F43/><W64/><G129/><T5/><D110/><U89/><E89/><V30/><F30/><W111/><G111/><T117/><D38/><U134/><E134/><V123/><F123/><W114/><G114/><T10/><D21/><U109/><E47/><V79/><F90/><W135/><G135/><T112/><D112/><U8/><E96/><N who="0" m="36937" /><D107/><U24/><E42/><V44/><F44/><W131/><G131/><T108/><D108/><U81/><E81/><V100/><F100/><W69/><G69/><T53/><D53/><AGARI ba="0,0" hai="16,18,40,45,48,49,52,53,58,59,62,79,80,87" machi="53" ten="30,12000,1" yaku="7,1,8,1,52,1,54,2" doraHai="82" who="2" fromWho="0" sc="144,-120,250,0,330,120,276,0" /><INIT seed="2,1,0,3,4,14" ten="24,250,450,276" oya="2" hai0="44,56,23,85,48,104,84,55,3,31,58,73,116" hai1="5,81,36,45,105,129,88,91,97,119,41,80,68" hai2="82,127,64,60,66,54,69,9,17,113,19,51,15" hai3="130,50,101,27,10,6,53,98,122,111,112,121,22"/><V35/><F113/><W59/><G111/><T133/><D133/><U40/><E119/><V52/><F127/><W89/><G112/><T47/><D116/><U39/><E129/><V107/><F107/><W26/><G89/><T92/><D73/><U131/><E131/><V57/><F35/><W32/><G27/><T38/><D3/><U134/><E68/><V83/><F66/><W21/><G21/><T43/><D104/><U37/><E5/><V126/><F126/><W135/><G32/><T72/><D72/><U120/><E120/><V67/><F64/><W102/><G102/><T78/><D78/><U71/><E71/><V11/><F54/><W117/><G135/><T86/><D92/><U123/><E123/><V77/><F77/><W118/><G130/><T24/><REACH who="0" step="1"/><D31/><REACH who="0" ten="14,250,450,276" step="2"/><U49/><E134/><V110/><F110/><W95/><G118/><T87/><N who="0" m="21504" /><DORA hai="13" /><T12/><D12/><AGARI ba="1,1" hai="9,11,12,15,17,19,51,52,57,60,67,69,82,83" machi="12" ten="40,18000,2" yaku="9,1,52,4,54,1" doraHai="14,13" who="2" fromWho="0" sc="14,-183,250,0,450,193,276,0" owari="-169,-66.9,250,-15.0,643,74.3,276,7.6" /></mjloggm>