<mjloggm ver="2.3"><GO type="225" lobby="0"/><UN n0="%E3%81%99%E3%81%84%E3%81%BE%E3%81%9B%E3%83%BC%E3%82%93" n1="%6B%65%6E%6E%64%69" n2="%E7%AD%89%E3%80%85%E5%8A%9B%E5%8A%87%E5%A0%B4" n3="%72%61%6B%33" dan="16,16,16,18" rate="2108.89,2148.08,2132.48,2252.39" sx="M,M,M,M"/><TAIKYOKU oya="0"/><INIT seed="0,0,0,3,3,22" ten="250,250,250,250" oya="0" hai0="82,101,13,110,58,61,74,117,121,124,46,52,3" hai1="79,73,95,89,37,131,116,100,109,28,81,6,130" hai2="26,111,98,128,15,126,25,17,119,87,123,57,38" hai3="77,135,62,23,66,12,16,103,24,19,118,42,34"/><T47/><D117/><U56/><E37/><V0/><F0/><W9/><G135/><T48/><D3/><U39/><E39/><V36/><F123/><W106/><G118/><T59/><D121/><U114/><E116/><V21/><F119/><W108/><G108/><T97/><D124/><U20/><E109/><V88/><F111/><W107/><G77/><T41/><D110/><U125/><E6/><V49/><F38/><W102/><G42/><T99/><D47/><U45/><E45/><V40/><F36/><W11/><G34/><T30/><D30/><U44/><E44/><N who="2" m="25735" /><F128/><N who="1" m="49193" /><E56/><V134/><F134/><W8/><G107/><T35/><D35/><U33/><E33/><V120/><F126/><W65/><G65/><T54/><D101/><U86/><E125/><V67/><F98/><W1/><G1/><T129/><D129/><U32/><E32/><V113/><F113/><W64/><G64/><T80/><D13/><U27/><E100/><V127/><F120/><W7/><G106/><T53/><D74/><U92/><E92/><N who="2" m="54303" /><F127/><W69/><REACH who="3" step="1"/><G7/><REACH who="3" ten="250,250,250,240" step="2"/><T105/><D105/><U83/><E81/><N who="0" m="31337" /><D54/><U132/><E132/><V84/><F84/><W76/><G76/><T43/><D43/><U60/><E114/><V112/><F112/><W18/><G18/><T31/><D31/><U91/><E91/><V90/><F90/><W71/><G71/><T115/><D115/><U68/><E68/><V29/><F29/><W4/><G4/><T70/><D70/><U75/><E73/><V51/><F67/><W94/><G94/><T78/><D78/><U93/><E95/><RYUUKYOKU ba="0,1" sc="250,0,250,0,250,0,240,0" hai0="41,46,48,52,53,58,59,61,97,99" hai1="20,27,28,60,75,79,83,86,89,93" hai2="15,17,21,25,26,51,57" hai3="8,9,11,12,16,19,23,24,62,66,69,102,103" /><INIT seed="0,1,1,0,4,96" ten="250,250,250,240" oya="0" hai0="65,95,27,44,40,51,50,89,31,87,57,49,123" hai1="34,79,110,68,15,121,129,9,122,86,61,75,132" hai2="20,91,93,43,107,3,118,101,74,8,32,7,97" hai3="100,115,72,112,108,109,131,21,45,99,98,111,10"/><T39/><D123/><U55/><E34/><V103/><F32/><W25/><G72/><T38/><D38/><U106/><E75/><V83/><F118/><W119/><G119/><T105/><D105/><U54/><E106/><V90/><F107/><N who="3" m="63895" /><G131/><T80/><D80/><U117/><E117/><V113/><F113/><W33/><G33/><T114/><D114/><U46/><E110/><V24/><F43/><W36/><G10/><T1/><D1/><U130/><E132/><V69/><F69/><W60/><G60/><N who="0" m="38031" /><D39/><U73/><E73/><V53/><F53/><N who="1" m="19977" /><E46/><V18/><REACH who="2" step="1"/><F91/><REACH who="2" ten="250,250,240,240" step="2"/><W127/><G115/><T58/><D58/><U26/><E68/><V134/><F134/><W47/><G112/><T76/><D76/><AGARI ba="1,2" hai="3,7,8,18,20,24,74,76,83,90,93,97,101,103" machi="76" ten="40,8000,1" yaku="1,1,52,2,53,1" doraHai="96" doraHaiUra="104" who="2" fromWho="0" sc="250,-83,250,0,240,103,240,0" /><INIT seed="1,0,0,5,5,37" ten="167,250,343,240" oya="1" hai0="19,97,106,63,107,73,20,15,29,16,26,98,91" hai1="119,70,114,57,54,105,61,62,86,81,123,92,23" hai2="51,13,77,67,131,0,48,68,115,109,58,41,110" hai3="66,134,14,96,122,59,135,30,90,33,25,78,65"/><U80/><E114/><V35/><F0/><W17/><G122/><T46/><D73/><U76/><E119/><V128/><F35/><W8/><G78/><T108/><D108/><N who="2" m="41578" /><F77/><W87/><G96/><T4/><D4/><U83/><E105/><V121/><F121/><W127/><G127/><T74/><D74/><U21/><E123/><V28/><F28/><W111/><G111/><T6/><D107/><U7/><E7/><V52/><F115/><W104/><G104/><T31/><D6/><U130/><E130/><N who="2" m="49707" /><F13/><W118/><G118/><T71/><D106/><U101/><E76/><V60/><F51/><W102/><G102/><T116/><D116/><U126/><E126/><V53/><F53/><W18/><G18/><T120/><D120/><U100/><E101/><V43/><AGARI ba="0,0" hai="41,43,48,52,58,60,67,68" m="49707,41578" machi="43" ten="40,12000,2" yaku="14,1,19,1,34,2,52,2,54,1" doraHai="37" who="2" fromWho="2" sc="167,-30,250,-60,343,120,240,-30" /><INIT seed="2,0,0,4,5,102" ten="137,190,463,210" oya="2" hai0="69,77,31,91,57,22,73,98,15,134,106,33,123" hai1="79,42,56,41,119,7,85,84,74,101,82,24,4" hai2="3,99,95,11,78,32,45,66,94,46,43,62,6" hai3="131,124,51,48,127,47,52,75,113,10,92,125,58"/><V55/><F32/><W39/><G75/><T121/><D69/><U19/><E119/><V50/><F78/><W29/><G29/><T122/><D134/><U13/><E101/><V5/><F5/><N who="1" m="2121" /><E74/><V117/><F117/><W64/><G10/><T14/><D33/><U80/><E24/><V104/><F104/><W27/><G27/><T135/><D135/><U68/><E56/><V65/><F95/><W132/><G132/><T36/><D36/><U70/><E70/><V61/><F62/><N who="3" m="37975" /><G92/><T17/><D31/><U28/><E28/><V114/><F114/><W100/><G100/><T89/><D14/><U44/><E44/><V109/><F109/><W83/><G83/><T63/><D73/><U38/><E38/><V81/><F81/><W130/><G39/><T120/><N who="0" m="30720" /><DORA hai="129" /><T105/><D77/><N who="1" m="46095" /><E68/><V71/><F66/><W0/><G0/><T76/><D76/><U20/><AGARI ba="0,0" hai="13,19,20,41,42,79,82,85" m="46095,2121" machi="20" ten="30,1100,0" yaku="8,1" doraHai="102,129" who="1" fromWho="1" sc="137,-3,190,11,463,-5,210,-3" /><INIT seed="3,0,0,5,2,19" ten="134,201,458,207" oya="3" hai0="124,86,122,11,58,59,105,98,32,133,28,14,90" hai1="130,95,91,36,65,121,44,83,107,69,135,120,62" hai2="132,37,115,109,117,73,123,50,96,78,79,129,24" hai3="75,76,70,71,60,45,52,68,125,30,48,63,88"/><W10/><G125/><T118/><D118/><U116/><E107/><V4/><F37/><W80/><G30/><T89/><D122/><U3/><E3/><V35/><F115/><W55/><G10/><T93/><D124/><U25/><E116/><V97/><F117/><W39/><G39/><T26/><D133/><U102/><E135/><V74/><F132/><W40/><G55/><T104/><D104/><U7/><E7/><V67/><F109/><W92/><REACH who="3" step="1"/><G40/><REACH who="3" ten="134,201,458,197" step="2"/><T49/><D49/><U72/><E36/><V12/><F50/><W134/><G134/><T34/><D34/><U101/><E121/><V15/><F35/><W111/><G111/><T77/><D77/><U53/><E53/><V103/><F123/><W82/><G82/><T9/><D9/><U56/><E83/><V16/><F79/><W108/><G108/><T128/><D128/><U42/><E130/><V99/><F78/><W46/><G46/><T131/><D131/><U27/><E44/><V66/><F129/><W6/><G6/><T5/><REACH who="0" step="1"/><D105/><REACH who="0" ten="124,201,458,197" step="2"/><U54/><E120/><V112/><F4/><W33/><G33/><T81/><AGARI ba="0,2" hai="5,11,14,26,28,32,58,59,81,86,89,90,93,98" machi="81" ten="20,5200,0" yaku="1,1,2,1,0,1,7,1,53,0" doraHai="19" doraHaiUra="57" who="0" fromWho="0" sc="124,72,201,-13,458,-13,197,-26" owari="196,-0.4,188,-21.2,445,54.5,171,-32.9" /></mjloggm>