<mjloggm ver="2.3"><GO type="225" lobby="0"/><UN n0="%E5%A4%9C%E3%81%AE%E3%82%AC%E3%82%B9%E3%83%91%E3%83%BC%E3%83%AB" n1="%E3%81%A4%E3%81%A3%E3%81%B1%E3%82%8A%E3%83%9D%E3%83%BC%E3%83%AB" n2="%E3%81%AF%E3%82%88%E3%81%8A%E3%81%98%E3%81%95%E3%82%93" n3="%E3%81%99%E3%81%84%E3%81%BE%E3%81%9B%E3%83%BC%E3%82%93" dan="17,16,17,18" rate="2183.46,2124.01,2188.11,2287.67" sx="M,M,M,M"/><TAIKYOKU oya="0"/><INIT seed="0,0,0,3,5,50" ten="250,250,250,250" oya="0" hai0="10,95,75,99,74,19,92,109,126,122,64,31,42" hai1="129,90,45,107,115,114,26,55,73,112,77,91,29" hai2="105,33,121,28,12,118,66,102,96,27,56,30,68" hai3="32,22,51,1,52,11,100,123,104,69,72,61,41"/><T46/><D122/><U106/><E129/><V24/><F121/><W110/><G32/><T3/><D126/><U124/><E124/><V120/><F120/><W85/><G72/><T63/><D31/><U132/><E132/><V34/><F118/><W135/><G123/><T49/><D109/><U113/><N who="1" m="28672" /><DORA hai="71" /><U79/><E45/><V2/><F12/><W7/><G135/><T57/><D19/><U82/><E55/><V23/><F23/><W38/><G110/><T13/><D3/><U17/><E17/><V47/><F56/><W134/><G134/><T39/><D39/><U48/><E48/><V60/><REACH who="2" step="1"/><F47/><REACH who="2" ten="250,250,240,250" step="2"/><W0/><G22/><T125/><D125/><U5/><E5/><V59/><F59/><W37/><G7/><T21/><D21/><N who="1" m="15567" /><E79/><V53/><F53/><W131/><G52/><T67/><D67/><U9/><E9/><V127/><F127/><W128/><G11/><T116/><D116/><U117/><E117/><V18/><F18/><W16/><G16/><T25/><D10/><U119/><E119/><V98/><F98/><W8/><G8/><T89/><D13/><U35/><E35/><V93/><F93/><W6/><G6/><T70/><D70/><U76/><E77/><V65/><F65/><W103/><G131/><T83/><D95/><U101/><E107/><V84/><F84/><W15/><G85/><T36/><D75/><U80/><E80/><V58/><F58/><W20/><G104/><T14/><D83/><U94/><E94/><V78/><F78/><W43/><G128/><T54/><D74/><U62/><E62/><RYUUKYOKU ba="0,1" sc="250,-15,250,15,240,15,250,-15" hai1="73,76,82,90,91,101,106" hai2="2,24,27,28,30,33,34,60,66,68,96,102,105" /><INIT seed="1,1,1,1,3,104" ten="235,265,255,235" oya="1" hai0="65,56,79,61,106,134,90,133,64,33,53,30,25" hai1="80,16,116,58,130,45,91,36,115,42,99,0,123" hai2="113,69,13,88,18,125,126,12,26,22,110,66,4" hai3="23,98,103,63,109,84,132,17,121,93,83,74,75"/><U55/><E115/><V2/><F113/><W77/><G121/><T48/><D106/><U44/><E123/><V19/><F110/><W35/><G109/><T62/><D79/><U27/><E116/><V105/><F105/><W41/><G35/><T135/><D90/><U38/><E0/><V52/><F66/><AGARI ba="1,1" hai="25,30,33,48,53,56,61,62,64,65,66,133,134,135" machi="66" ten="40,1300,0" yaku="20,1" doraHai="104" who="0" fromWho="2" sc="235,26,265,0,255,-16,235,0" /><INIT seed="2,0,0,3,5,53" ten="261,265,239,235" oya="2" hai0="124,105,133,95,101,59,14,40,118,129,4,32,125" hai1="10,11,87,89,35,78,110,67,100,20,74,48,69" hai2="17,88,83,64,103,91,0,44,13,15,107,50,131" hai3="42,2,132,49,26,24,75,117,54,70,65,60,9"/><V82/><F0/><W16/><G117/><T62/><D105/><U109/><E35/><V28/><F131/><W122/><G122/><T8/><D32/><U111/><E100/><V23/><F28/><W51/><G75/><T27/><D129/><U104/><E104/><V116/><F116/><W76/><G76/><T127/><D118/><U12/><E78/><V80/><F64/><W130/><G130/><T22/><D133/><U21/><E74/><V34/><F34/><W36/><G132/><T61/><D40/><U128/><E128/><V92/><F107/><W119/><G119/><T43/><D43/><U29/><E48/><V66/><F66/><W58/><G51/><T115/><D115/><U5/><E10/><V3/><F3/><W106/><G106/><T108/><D108/><U81/><REACH who="1" step="1"/><E29/><REACH who="1" ten="261,255,239,235" step="2"/><V120/><F120/><W77/><G77/><T99/><D124/><U55/><E55/><N who="2" m="30151" /><F13/><N who="3" m="7215" /><G2/><T79/><D79/><U46/><E46/><AGARI ba="0,1" hai="24,26,36,42,46,49,54,58,60,65,70" m="7215" machi="46" ten="30,3900,0" yaku="24,1,52,1,54,1" doraHai="53" who="3" fromWho="1" sc="261,0,255,-39,239,0,235,49" /><INIT seed="3,0,0,3,0,45" ten="261,216,239,284" oya="3" hai0="131,53,76,7,78,20,83,120,134,39,129,82,86" hai1="43,115,72,37,36,105,1,123,63,107,32,98,92" hai2="10,33,5,100,58,19,117,87,52,119,94,69,102" hai3="41,55,77,106,30,75,35,64,22,0,54,128,28"/><W124/><G106/><N who="1" m="40458" /><E92/><V44/><F69/><W103/><G103/><T121/><D39/><N who="1" m="14923" /><E98/><V112/><F33/><W101/><G35/><T17/><D7/><U116/><E43/><V61/><F112/><W104/><G101/><T73/><D134/><U60/><E115/><V29/><F119/><W127/><G41/><T122/><REACH who="0" step="1"/><D53/><REACH who="0" ten="251,216,239,284" step="2"/><U91/><E116/><V93/><F52/><W84/><G55/><T13/><AGARI ba="0,1" hai="13,17,20,73,76,78,82,83,86,120,121,122,129,131" machi="13" ten="40,5200,0" yaku="1,1,2,1,0,1,53,0" doraHai="45" doraHaiUra="26" who="0" fromWho="0" sc="251,62,216,-13,239,-13,284,-26" owari="313,41.3,203,-29.7,226,-17.4,258,5.8" /></mjloggm>