<mjloggm ver="2.3"><GO type="225" lobby="0"/><UN n0="%72%69%6F%75%63%68%61%6E" n1="%77%72%77%72%77%72%77%72" n2="%4D%6F%6E%61%6E%61" n3="%E6%98%93%E5%88%A9%E8%96%A9%E4%BC%AF" dan="16,17,16,16" rate="2161.50,2214.62,2126.01,2037.64" sx="M,M,F,F"/><TAIKYOKU oya="0"/><INIT seed="0,0,0,5,4,105" ten="250,250,250,250" oya="0" hai0="33,121,20,12,104,118,68,35,46,37,29,63,18" hai1="66,123,42,88,77,78,86,40,7,8,24,91,23" hai2="22,65,43,38,17,132,119,60,128,64,101,62,126" hai3="85,131,70,6,30,16,95,61,45,135,76,72,4"/><T47/><D118/><U26/><E123/><V21/><F119/><W117/><G117/><T106/><D121/><U55/><E66/><V48/><F126/><W14/><G30/><T27/><D33/><U15/><E55/><V90/><F128/><W107/><G107/><T87/><D87/><U112/><E112/><V54/><F132/><W32/><G32/><T19/><D47/><U115/><E115/><V9/><F101/><W67/><G131/><T58/><D68/><U36/><E91/><V10/><F38/><W59/><G135/><T113/><D113/><U31/><E26/><V110/><F90/><W108/><G70/><T130/><D130/><U124/><E124/><V99/><F99/><W97/><G45/><T83/><D83/><U102/><E102/><V52/><F43/><N who="1" m="16425" /><E36/><V11/><F110/><W73/><G108/><T125/><D125/><U84/><E84/><V25/><F25/><W57/><G57/><T49/><D37/><U134/><E134/><V13/><F22/><W111/><G111/><T92/><D92/><AGARI ba="0,0" hai="7,8,15,23,24,31,77,78,86,88,92" m="16425" machi="92" ten="30,2000,0" yaku="8,1,54,1" doraHai="105" who="1" fromWho="0" sc="250,-20,250,20,250,0,250,0" /><INIT seed="1,0,0,0,4,60" ten="230,270,250,250" oya="1" hai0="34,117,13,14,78,42,7,1,21,15,67,102,123" hai1="28,70,133,85,131,30,72,63,57,47,26,3,50" hai2="93,127,99,134,108,111,32,110,0,6,59,81,91" hai3="9,31,96,106,122,12,92,65,17,130,23,109,49"/><U29/><E72/><V35/><F127/><W40/><G122/><T74/><D117/><U18/><E3/><V126/><F126/><W101/><G109/><T19/><D123/><U37/><E131/><V113/><F134/><W94/><G130/><T87/><D74/><U105/><E105/><V46/><F113/><W5/><G31/><T100/><D34/><U118/><E118/><V66/><F46/><W68/><G40/><T107/><D42/><U80/><E133/><V115/><F81/><W114/><G49/><T55/><D67/><N who="1" m="39407" /><E70/><V62/><REACH who="2" step="1"/><F115/><REACH who="2" ten="230,270,240,250" step="2"/><W44/><G114/><T135/><D135/><U71/><E37/><V88/><F88/><W95/><G44/><T52/><D78/><U16/><E71/><V103/><F103/><W79/><G79/><T36/><D36/><U2/><E2/><V64/><F64/><W45/><G45/><T4/><D1/><U11/><E47/><V38/><F38/><W56/><G68/><T73/><D102/><U41/><E41/><V10/><AGARI ba="0,1" hai="0,6,10,32,35,59,62,66,91,93,99,108,110,111" machi="10" ten="40,8000,1" yaku="1,1,0,1,14,1,52,1,53,1" doraHai="60" doraHaiUra="33" who="2" fromWho="2" sc="230,-20,270,-40,240,90,250,-20" /><INIT seed="2,0,0,3,1,96" ten="210,230,330,230" oya="2" hai0="72,19,92,77,8,135,122,7,111,14,65,31,17" hai1="125,115,79,106,44,73,131,33,9,48,103,13,95" hai2="45,71,57,93,62,24,35,49,74,75,23,121,28" hai3="132,87,109,66,91,133,112,80,118,47,117,130,105"/><V108/><F121/><W40/><G66/><T11/><D122/><U81/><E115/><V100/><F108/><W126/><G40/><T15/><D135/><N who="3" m="51785" /><G47/><T2/><D111/><U70/><E33/><V78/><F35/><W104/><G109/><T56/><D31/><U99/><E70/><V18/><F78/><W5/><G5/><T39/><D39/><U98/><E131/><V90/><F71/><W123/><G123/><T25/><D25/><U119/><E125/><V20/><F74/><W3/><G3/><T12/><D92/><U54/><E119/><N who="3" m="45578" /><G112/><T0/><D12/><U26/><E26/><V86/><F75/><W134/><N who="3" m="51793" /><W69/><DORA hai="1" /><G69/><T51/><D7/><U32/><E32/><V83/><F45/><W116/><N who="3" m="45586" /><W55/><DORA hai="6" /><G55/><T46/><D65/><U61/><E61/><V129/><F49/><W21/><G21/><T50/><D56/><U101/><E13/><N who="2" m="9295" /><F129/><W60/><G60/><T63/><D63/><U110/><E110/><V97/><F62/><W82/><G130/><T94/><D51/><U76/><E76/><N who="2" m="46439" /><F57/><W68/><G68/><T42/><D77/><U16/><E9/><V52/><F52/><W128/><G128/><T37/><D72/><U29/><E29/><V89/><AGARI ba="0,0" hai="23,24,28,89,90,93,97,100" m="46439,9295" machi="89" ten="30,3000,0" yaku="8,1,52,1" doraHai="96,1,6" who="2" fromWho="2" sc="210,-10,230,-10,330,30,230,-10" /><INIT seed="2,1,0,2,5,119" ten="200,220,360,220" oya="2" hai0="60,120,40,50,54,53,41,135,93,29,81,110,72" hai1="99,130,65,33,96,112,113,56,95,45,46,49,116" hai2="121,106,23,25,77,59,132,71,35,3,80,15,22" hai3="122,105,129,9,69,37,102,67,125,64,17,128,84"/><V44/><F121/><W20/><G37/><T18/><D120/><U91/><E116/><V11/><F71/><W68/><G9/><T94/><D135/><U103/><E33/><V133/><F106/><W82/><G125/><T124/><D124/><U89/><E130/><N who="3" m="50282" /><G102/><T16/><D110/><U57/><E49/><V107/><F107/><W0/><G0/><T131/><D131/><U115/><E65/><N who="3" m="25162" /><G105/><T55/><D29/><U108/><E108/><V52/><F3/><W101/><G101/><T90/><D60/><U75/><E75/><V58/><F35/><W118/><G118/><T4/><D4/><U111/><E111/><V6/><F44/><W97/><G97/><T117/><D117/><U123/><E123/><V98/><F58/><W126/><G126/><T34/><D34/><U83/><E45/><V79/><F98/><W28/><G28/><T14/><D72/><U7/><E46/><V13/><F15/><N who="3" m="9279" /><G122/><T32/><D32/><U62/><E7/><V27/><F25/><W86/><G86/><N who="0" m="50511" /><D18/><U21/><E56/><V127/><F127/><W74/><G74/><T76/><D50/><U114/><E114/><V26/><F27/><W43/><G43/><N who="0" m="16459" /><D76/><AGARI ba="1,0" hai="68,69,76,82,84" m="9279,25162,50282" machi="76" ten="30,1000,0" yaku="19,1" doraHai="119" who="3" fromWho="0" sc="200,-13,220,0,360,0,220,13" /><INIT seed="3,0,0,2,1,28" ten="187,220,360,233" oya="3" hai0="34,106,39,108,7,16,2,36,66,74,20,125,9" hai1="60,123,85,135,43,98,42,15,51,77,131,40,81" hai2="87,107,48,64,21,3,49,120,25,122,80,119,115" hai3="33,79,41,24,65,12,30,84,18,55,44,94,10"/><W59/><G65/><T53/><D106/><U121/><E131/><V8/><F115/><W118/><G118/><T89/><D74/><U63/><E135/><V68/><F119/><W127/><G127/><T4/><D66/><U76/><E76/><V93/><F107/><W67/><G67/><T103/><D125/><U0/><E0/><V99/><F64/><W134/><G134/><T13/><D103/><U100/><E51/><V101/><F8/><W52/><G59/><T45/><D7/><U73/><E73/><V126/><F3/><W58/><G58/><T35/><D108/><U47/><E47/><V61/><F61/><W50/><REACH who="3" step="1"/><G94/><REACH who="3" ten="187,220,360,223" step="2"/><T56/><D89/><U124/><E124/><V112/><F126/><W116/><G116/><T57/><D57/><U46/><E46/><V19/><F112/><W86/><G86/><T69/><D69/><U83/><E85/><V17/><F68/><W1/><G1/><T37/><REACH who="0" step="1"/><D45/><REACH who="0" ten="177,220,360,223" step="2"/><U11/><E77/><N who="2" m="46479" /><F122/><W113/><G113/><T26/><D26/><U129/><E123/><V78/><F120/><W90/><G90/><T62/><AGARI ba="0,2" hai="2,4,9,13,16,20,34,35,36,37,39,53,56,62" machi="62" ten="30,8000,1" yaku="1,1,0,1,52,2,54,1,53,0" doraHai="28" doraHaiUra="111" who="0" fromWho="0" sc="177,100,220,-20,360,-20,223,-40" owari="277,7.7,200,-20.0,340,44.0,183,-31.7" /></mjloggm>