<mjloggm ver="2.3"><GO type="225" lobby="0"/><UN n0="%E9%B3%B3%E6%9D%B1%E3%81%AE%E3%81%86%E3%81%95%E3%81%8E%E3%81%95%E3%82%93" n1="%E3%82%82%E3%81%90%E3%82%89" n2="%E3%83%AB%E3%83%9B%E3%83%B3%E3%83%87%E3%82%A3%E3%82%A8" n3="%6D%75%75%6D%75%72%61" dan="16,16,16,16" rate="2102.84,2196.53,2121.06,2128.48" sx="M,M,M,F"/><TAIKYOKU oya="0"/><INIT seed="0,0,0,0,0,131" ten="250,250,250,250" oya="0" hai0="115,56,57,38,39,33,117,48,82,105,83,21,15" hai1="23,2,73,101,40,128,96,90,124,53,107,58,43" hai2="120,81,87,54,88,5,29,119,91,46,59,36,8" hai3="20,113,132,61,130,126,49,65,69,100,42,86,6"/><T102/><D115/><U135/><E128/><V122/><F119/><W72/><G130/><T24/><D117/><U98/><E2/><V127/><F127/><W77/><G126/><T16/><D39/><U34/><E34/><V84/><F29/><W37/><G72/><T92/><D105/><U50/><E73/><V14/><F36/><W3/><G113/><T129/><D38/><U134/><E124/><V106/><F106/><W31/><G100/><T123/><D123/><U118/><E118/><V1/><F1/><W103/><G103/><T18/><D129/><U79/><E79/><V19/><F46/><W51/><G37/><T95/><D33/><U71/><E71/><V9/><F9/><W108/><G42/><T75/><D75/><U109/><E109/><V70/><F70/><W10/><G108/><T41/><D41/><U60/><E23/><V74/><F74/><W4/><G4/><T133/><D102/><U111/><E111/><V13/><F13/><W7/><G7/><T0/><D0/><U44/><REACH who="1" step="1"/><E43/><REACH who="1" ten="250,240,250,250" step="2"/><V112/><F112/><W45/><G20/><T11/><D21/><U121/><E121/><V94/><REACH who="2" step="1"/><F5/><REACH who="2" ten="250,240,240,250" step="2"/><W28/><G6/><T78/><D11/><U110/><E110/><V35/><F35/><W85/><G10/><T68/><D68/><U64/><E64/><V22/><F22/><W97/><G65/><T55/><D15/><U52/><E52/><V63/><AGARI ba="0,2" hai="8,14,19,54,59,63,81,84,87,88,91,94,120,122" machi="63" ten="20,8000,1" yaku="1,1,0,1,7,1,54,1,53,1" doraHai="131" doraHaiUra="89" who="2" fromWho="2" sc="250,-40,240,-20,240,100,250,-20" /><INIT seed="1,0,0,1,3,84" ten="210,220,340,230" oya="1" hai0="61,22,64,103,30,31,58,25,86,124,66,73,50" hai1="39,55,68,6,89,13,17,10,24,29,122,83,33" hai2="127,111,101,77,81,95,28,42,78,91,110,8,9" hai3="34,32,51,114,57,94,7,76,62,113,100,5,35"/><U11/><E39/><V16/><F127/><W49/><G76/><T27/><D73/><U54/><E68/><V23/><F28/><W46/><G100/><T134/><D134/><U117/><E117/><V80/><F42/><W133/><G133/><T1/><D124/><U41/><E41/><V65/><F65/><W92/><G62/><T109/><D109/><N who="2" m="41482" /><F101/><W21/><G21/><T69/><D1/><U2/><E122/><V98/><F81/><W112/><G57/><T20/><D103/><U116/><E116/><V88/><F91/><W56/><G56/><T71/><D66/><U38/><E38/><V105/><F105/><W119/><G119/><T59/><REACH who="0" step="1"/><D86/><REACH who="0" ten="200,220,340,230" step="2"/><U97/><REACH who="1" step="1"/><E97/><REACH who="1" ten="200,210,340,230" step="2"/><V74/><F78/><W75/><G113/><T37/><D37/><U130/><E130/><V67/><F67/><W125/><G112/><T12/><D12/><AGARI ba="0,2" hai="8,9,12,16,23,74,77,80,88,95,98" m="41482" machi="12" ten="30,7700,0" yaku="14,1,52,1,54,2" doraHai="84" who="2" fromWho="0" sc="200,-77,210,0,340,97,230,0" /><INIT seed="2,0,0,3,1,1" ten="123,210,437,230" oya="2" hai0="45,17,25,70,126,29,134,110,0,19,40,102,87" hai1="114,109,84,31,9,10,82,127,93,49,41,95,37" hai2="46,2,15,20,120,5,116,59,99,61,129,132,81" hai3="91,130,90,73,78,100,57,108,71,113,43,64,8"/><V52/><F116/><W115/><G108/><T68/><D134/><U7/><E114/><N who="3" m="43530" /><G71/><T88/><D126/><U18/><E37/><V62/><F2/><W63/><G130/><T97/><D110/><U38/><E38/><V12/><F62/><W58/><G43/><T125/><D125/><U53/><E31/><V124/><F15/><W13/><G100/><T39/><D0/><U32/><E32/><V111/><F46/><W16/><G58/><T28/><D70/><U133/><E41/><V128/><F129/><W107/><G107/><T104/><D29/><U76/><E133/><V106/><F99/><W74/><G78/><T42/><D68/><U72/><E72/><AGARI ba="0,0" hai="8,13,16,57,63,64,72,73,74,90,91" m="43530" machi="72" ten="30,2000,0" yaku="11,1,54,1" doraHai="1" who="3" fromWho="1" sc="123,0,210,-20,437,0,230,20" /><INIT seed="3,0,0,2,1,98" ten="123,190,437,250" oya="3" hai0="37,38,3,94,17,73,28,110,46,24,60,103,74" hai1="91,89,36,51,95,65,26,62,53,68,7,128,119" hai2="40,111,113,42,20,58,61,87,34,30,93,47,54" hai3="78,43,86,116,120,5,13,15,25,105,106,12,124"/><W67/><G116/><T84/><D110/><U66/><E119/><V96/><F34/><W130/><G120/><T127/><D127/><U108/><E108/><V79/><F113/><W122/><G5/><T112/><D112/><U4/><E128/><V107/><F107/><W134/><G134/><T102/><D3/><U99/><E36/><V80/><F111/><W97/><G43/><T18/><D60/><U81/><E26/><N who="2" m="16711" /><F47/><W63/><G106/><T1/><D1/><U104/><E104/><V8/><F8/><W16/><G122/><T101/><D38/><U31/><E31/><V85/><F85/><W55/><G55/><T129/><D129/><U29/><E29/><V92/><F92/><W109/><G25/><T88/><D37/><U48/><E48/><V115/><F115/><W22/><G109/><T83/><D46/><U11/><E66/><V82/><F82/><W23/><G23/><N who="0" m="15391" /><D73/><U39/><E91/><AGARI ba="0,0" hai="40,42,54,58,61,79,80,87,91,93,96" m="16711" machi="91" ten="30,1000,0" yaku="8,1" doraHai="98" who="2" fromWho="1" sc="123,0,190,-10,437,10,250,0" owari="123,-37.7,180,-22.0,447,54.7,250,5.0" /></mjloggm>