<mjloggm ver="2.3"><GO type="225" lobby="0"/><UN n0="%E5%80%89%E6%A9%8B%EF%BC%A0%E4%BA%8B%E5%8B%99" n1="%E8%81%B7%E6%A5%AD%E3%80%81%E9%A2%A8%32" n2="%6D%75%75%6D%75%72%61" n3="%33%74%72%65%65" dan="16,16,16,17" rate="2090.35,2101.33,2149.13,2211.64" sx="M,M,F,F"/><TAIKYOKU oya="0"/><INIT seed="0,0,0,2,1,62" ten="250,250,250,250" oya="0" hai0="18,79,7,38,28,41,95,84,42,110,71,60,53" hai1="44,45,26,52,103,98,65,35,127,113,104,61,135" hai2="39,123,125,131,63,128,121,129,1,101,31,19,66" hai3="77,36,134,12,6,89,78,73,126,40,109,112,54"/><T22/><D38/><U25/><E127/><V74/><F125/><W105/><G126/><T33/><D7/><U37/><E135/><V21/><F74/><W82/><G105/><T122/><D122/><U11/><E113/><V88/><F39/><W34/><G112/><T49/><D33/><U55/><E11/><V106/><F1/><W8/><G34/><T80/><D28/><N who="1" m="19855" /><E26/><N who="2" m="14655" /><F31/><W85/><G109/><T46/><D110/><U48/><E37/><V32/><F32/><W81/><G134/><T117/><D117/><U43/><E45/><V87/><F101/><W9/><G9/><T14/><REACH who="0" step="1"/><D95/><REACH who="0" ten="240,250,250,250" step="2"/><U70/><AGARI ba="0,1" hai="43,44,48,52,55,61,65,70,98,103,104" m="19855" machi="70" ten="30,4000,0" yaku="25,1,52,1,54,1" doraHai="62" who="1" fromWho="1" sc="240,-20,250,50,250,-10,250,-10" /><INIT seed="1,0,0,4,0,93" ten="220,300,240,240" oya="1" hai0="80,30,37,8,54,110,74,86,32,24,128,70,13" hai1="44,111,118,117,119,28,53,92,75,58,16,47,95" hai2="103,82,33,96,48,72,65,69,6,104,1,78,5" hai3="3,27,9,131,0,91,126,34,51,122,59,57,130"/><U46/><E75/><V14/><F33/><W133/><G122/><T60/><D74/><U15/><E28/><V123/><F123/><W102/><G126/><T116/><D116/><U124/><E111/><V11/><F48/><W66/><G133/><T77/><D37/><U81/><E81/><V108/><F108/><W62/><G102/><T55/><D110/><U129/><E124/><V45/><F45/><W63/><G51/><T115/><D128/><N who="3" m="49193" /><G9/><T67/><REACH who="0" step="1"/><D115/><REACH who="0" ten="210,300,240,240" step="2"/><U98/><E129/><V113/><F113/><W23/><G34/><T100/><D100/><U134/><E134/><V68/><F72/><W71/><G91/><T41/><D41/><U125/><E125/><V38/><F38/><W7/><G7/><AGARI ba="0,1" hai="7,8,13,24,30,32,54,55,60,67,70,77,80,86" machi="7" ten="30,2000,0" yaku="1,1,7,1,53,0" doraHai="93" doraHaiUra="109" who="0" fromWho="3" sc="210,30,300,0,240,0,240,-20" /><INIT seed="2,0,0,5,4,34" ten="240,300,240,220" oya="2" hai0="65,47,107,114,88,33,52,9,8,39,67,116,110" hai1="7,38,86,22,103,83,97,11,20,0,48,50,72" hai2="53,23,14,113,73,118,56,55,132,111,51,78,79" hai3="12,57,49,31,60,46,58,43,32,91,24,105,18"/><V115/><F118/><W90/><G105/><T5/><D114/><U89/><E38/><V59/><F132/><W94/><G94/><T61/><D107/><U21/><REACH who="1" step="1"/><E72/><REACH who="1" ten="240,290,240,220" step="2"/><V28/><F73/><W1/><G1/><T69/><D39/><U2/><E2/><V77/><F113/><W80/><G80/><T44/><D116/><U134/><E134/><V71/><F115/><W13/><G13/><T102/><D110/><U120/><E120/><V25/><F111/><W76/><G76/><T74/><D74/><U92/><AGARI ba="0,1" hai="0,7,11,20,21,22,48,50,83,86,89,92,97,103" machi="92" ten="30,4000,0" yaku="1,1,0,1,52,1,53,0" doraHai="34" doraHaiUra="15" who="1" fromWho="1" sc="240,-10,290,50,240,-20,220,-10" /><INIT seed="3,0,0,3,1,47" ten="230,340,220,210" oya="3" hai0="116,95,64,108,123,55,106,66,60,15,32,88,89" hai1="87,125,90,59,121,97,3,19,119,68,23,4,96" hai2="31,50,27,102,6,43,39,16,115,14,122,94,82" hai3="99,111,114,52,104,45,112,49,91,80,8,70,36"/><W113/><G70/><T34/><D106/><U25/><E121/><V69/><F115/><W61/><G111/><T18/><D123/><U48/><E68/><V63/><F39/><W132/><G132/><T117/><D108/><U85/><E125/><V107/><F107/><W33/><G33/><T5/><D5/><U83/><E3/><V105/><F94/><W71/><G36/><T126/><D126/><U10/><E4/><V42/><F6/><W37/><G37/><T35/><D55/><N who="1" m="32231" /><E119/><V77/><F122/><W124/><G124/><T7/><D7/><U54/><E10/><V44/><F42/><W62/><G8/><T78/><D78/><N who="1" m="46327" /><E54/><V134/><F134/><W11/><G11/><T26/><D66/><U46/><E46/><V84/><F105/><W17/><G71/><T40/><D40/><U133/><E133/><V93/><F43/><W79/><G17/><T2/><D18/><U9/><E9/><V22/><F16/><W118/><G118/><T101/><D2/><U12/><E12/><V29/><F14/><W0/><G0/><T103/><D15/><U73/><E73/><V58/><F69/><W74/><REACH who="3" step="1"/><G104/><REACH who="3" ten="230,340,220,200" step="2"/><T86/><D116/><U128/><E128/><V92/><F31/><W28/><G28/><N who="0" m="19479" /><D117/><U110/><E110/><V38/><F38/><W98/><G98/><N who="0" m="57703" /><D34/><U75/><E75/><V76/><F29/><W131/><G131/><T72/><D35/><U109/><E109/><V20/><F20/><W24/><G24/><T13/><D72/><U53/><E53/><N who="2" m="29895" /><F27/><W21/><G21/><T129/><D129/><U30/><E30/><RYUUKYOKU ba="0,1" sc="230,-15,340,15,220,-15,200,15" hai1="19,23,25,87,90,96,97" hai3="45,49,52,61,62,74,79,80,91,99,112,113,114" /><INIT seed="3,1,1,3,4,44" ten="215,355,205,215" oya="3" hai0="81,122,47,66,34,82,12,103,73,6,67,61,104" hai1="38,17,110,89,109,128,135,27,101,111,79,95,58" hai2="22,28,107,132,63,112,33,32,88,37,96,70,99" hai3="53,24,126,30,75,57,64,72,84,1,131,48,20"/><W114/><G114/><T129/><D34/><U43/><E128/><V124/><F112/><W100/><G131/><T31/><D129/><U91/><E135/><V121/><F132/><W56/><G126/><T49/><D31/><U92/><E79/><V23/><F37/><W8/><G100/><T102/><D73/><U117/><E117/><V105/><F124/><W11/><G1/><T60/><D104/><U9/><E43/><V26/><F121/><W68/><G68/><T98/><D122/><U5/><E38/><V116/><F116/><W3/><G3/><T14/><D98/><N who="1" m="59591" /><E95/><N who="2" m="56423" /><F33/><W115/><G115/><T118/><D118/><U19/><E58/><N who="3" m="22634" /><G64/><T86/><D47/><U97/><E97/><V13/><F107/><W51/><G75/><T83/><D82/><U59/><E59/><V35/><F35/><W52/><G72/><T74/><D74/><U54/><E54/><N who="3" m="21098" /><G84/><T130/><D130/><U7/><E7/><V62/><F70/><W71/><G71/><T76/><D86/><U125/><E125/><V65/><F32/><W39/><G39/><T127/><D127/><U85/><E85/><V15/><F105/><W50/><AGARI ba="1,1" hai="8,11,20,24,30,48,50,51" m="21098,22634" machi="50" ten="30,12000,1" yaku="8,1,52,3,54,1" doraHai="44" who="3" fromWho="3" sc="215,-41,355,-41,205,-41,215,133" owari="174,-22.6,314,11.4,164,-33.6,348,44.8" /></mjloggm>