<mjloggm ver="2.3"><GO type="225" lobby="0"/><UN n0="%E7%B4%94%E6%BD%94%E3%83%94%E3%83%A9%E3%83%8B%E3%82%A2" n1="%E3%83%9D%E3%82%B1%E3%83%83%E3%83%88" n2="%72%69%6F%75%63%68%61%6E" n3="%E9%B4%A8%4E%45%47%49" dan="17,16,16,16" rate="2183.00,2099.54,2220.98,2111.35" sx="M,M,M,M"/><TAIKYOKU oya="0"/><INIT seed="0,0,0,0,1,110" ten="250,250,250,250" oya="0" hai0="58,30,112,128,22,8,44,35,116,54,32,84,17" hai1="59,63,6,99,9,103,69,122,93,119,118,33,60" hai2="81,73,51,2,101,106,52,47,124,62,131,1,85" hai3="115,42,133,29,64,56,108,15,48,96,105,92,72"/><T102/><D116/><U24/><E122/><V70/><F124/><W46/><G105/><T97/><D128/><U13/><E69/><V26/><F131/><W66/><G108/><T36/><D84/><U79/><E79/><V14/><F73/><W43/><G72/><T132/><D132/><U90/><E60/><V39/><F39/><W117/><G133/><T7/><D30/><U98/><E24/><V87/><F87/><W53/><G117/><T89/><D89/><U76/><E33/><V104/><F14/><W34/><G43/><T20/><D112/><U23/><E23/><V45/><F45/><W74/><G74/><T11/><D44/><U10/><E10/><V88/><F26/><W3/><G3/><T86/><D86/><U55/><REACH who="1" step="1"/><E76/><REACH who="1" ten="250,240,250,250" step="2"/><V18/><F18/><W100/><G34/><T134/><D134/><U121/><E121/><V21/><F21/><W71/><G29/><T50/><D22/><U67/><E67/><V12/><F12/><W107/><G71/><T113/><D113/><U82/><E82/><V135/><F135/><W61/><G115/><T28/><D28/><U120/><E120/><V19/><F19/><W125/><G125/><T80/><D80/><U83/><E83/><V4/><F4/><W25/><G25/><N who="0" m="14479" /><D32/><U130/><E130/><V129/><F129/><W109/><G109/><T49/><D35/><U95/><AGARI ba="0,1" hai="6,9,13,55,59,63,90,93,95,98,99,103,118,119" machi="95" ten="20,2700,0" yaku="1,1,0,1,7,1,53,0" doraHai="110" doraHaiUra="27" who="1" fromWho="1" sc="250,-13,240,37,250,-7,250,-7" /><INIT seed="1,0,0,2,0,69" ten="237,277,243,243" oya="1" hai0="10,96,128,75,58,9,17,36,122,135,130,61,25" hai1="124,119,1,67,90,60,98,28,32,3,47,5,92" hai2="110,101,49,59,19,91,39,132,134,79,80,46,4" hai3="115,40,82,13,11,62,41,6,29,45,57,113,118"/><U15/><E119/><V2/><F110/><W100/><G118/><T76/><D122/><U84/><E124/><V121/><F121/><W104/><G29/><T97/><D135/><N who="2" m="51754" /><F101/><W99/><G82/><N who="0" m="45343" /><D36/><U85/><E15/><V55/><F19/><W68/><G68/><T54/><D25/><U74/><E74/><N who="2" m="43127" /><F91/><W129/><G41/><T86/><D86/><U53/><E84/><V66/><F66/><W123/><G123/><T31/><D31/><U108/><E108/><V33/><F33/><W131/><G129/><N who="0" m="49771" /><D17/><U127/><E127/><V30/><F30/><W78/><G131/><T125/><D125/><U22/><E85/><V23/><F23/><W116/><G116/><T27/><D27/><U0/><E22/><V81/><F81/><W112/><G112/><T93/><D97/><U8/><E32/><V107/><F107/><W133/><G133/><T117/><D117/><U50/><REACH who="1" step="1"/><E28/><REACH who="1" ten="237,267,243,243" step="2"/><V105/><F2/><W38/><REACH who="3" step="1"/><G78/><REACH who="3" ten="237,267,243,233" step="2"/><T42/><D42/><U7/><E7/><V44/><F4/><W120/><G120/><T14/><D14/><U12/><E12/><V114/><F114/><W109/><G109/><T73/><D73/><U24/><E24/><V34/><F34/><W37/><G37/><T51/><D10/><U64/><E64/><AGARI ba="0,2" hai="6,11,13,38,40,45,57,62,64,99,100,104,113,115" machi="64" ten="30,3900,0" yaku="1,1,7,1,52,1,53,0" doraHai="69" doraHaiUra="16" who="3" fromWho="1" sc="237,0,267,-39,243,0,233,59" /><INIT seed="2,0,0,5,3,102" ten="237,228,243,292" oya="2" hai0="73,128,9,21,121,59,1,39,28,122,76,46,103" hai1="82,75,129,78,31,120,48,3,132,67,18,38,19" hai2="64,20,8,116,34,29,108,6,130,27,125,71,7" hai3="56,70,12,117,33,87,81,51,110,16,60,106,123"/><V11/><F116/><W124/><G123/><T88/><D59/><U97/><E120/><V96/><F125/><W52/><G117/><T30/><D30/><U23/><E38/><V42/><F130/><W66/><G110/><T13/><D128/><U99/><E129/><V53/><F108/><W93/><G124/><T61/><D61/><U77/><E3/><N who="2" m="95" /><F53/><W4/><G33/><T109/><D109/><U65/><E132/><V134/><F42/><W113/><G113/><T127/><D88/><U69/><E48/><V107/><F134/><W0/><G0/><T135/><D135/><U10/><E77/><V37/><F37/><W133/><G133/><T50/><D39/><U57/><E69/><V101/><F20/><W89/><G4/><T54/><D127/><U32/><E32/><V90/><F90/><W5/><G5/><T36/><D36/><U79/><E79/><V85/><F85/><W63/><G63/><T24/><D1/><U26/><E57/><V119/><F119/><W44/><G44/><T68/><D68/><U55/><E55/><V100/><F100/><W22/><G81/><T45/><D45/><U14/><REACH who="1" step="1"/><E19/><REACH who="1" ten="237,218,243,292" step="2"/><V35/><F34/><W58/><G58/><T2/><D121/><U49/><E49/><V105/><F64/><AGARI ba="0,1" hai="10,14,18,23,26,31,64,65,67,75,78,82,97,99" machi="64" ten="40,1300,0" yaku="1,1,53,0" doraHai="102" doraHaiUra="47" who="1" fromWho="2" sc="237,0,218,23,243,-13,292,0" /><INIT seed="3,0,0,4,5,123" ten="237,241,230,292" oya="3" hai0="38,119,50,20,118,115,29,3,46,34,30,131,80" hai1="17,106,61,36,122,74,132,68,104,60,59,79,90" hai2="18,31,37,70,45,82,127,120,5,124,98,33,67" hai3="81,44,97,54,24,117,7,62,109,42,49,66,112"/><W13/><G112/><T72/><D115/><U96/><E36/><V26/><F120/><W71/><G117/><T103/><D38/><U8/><E122/><V100/><F5/><W107/><G24/><T1/><D34/><U25/><E132/><V88/><F18/><W92/><G107/><T108/><D131/><U10/><E68/><V39/><F82/><W41/><G81/><T111/><D103/><U23/><E61/><N who="2" m="40303" /><F88/><W89/><G109/><N who="0" m="42059" /><D80/><U57/><E104/><N who="2" m="63511" /><F37/><W16/><G7/><T86/><D86/><U84/><E106/><V22/><F22/><AGARI ba="0,0" hai="13,16,22,41,42,44,49,54,62,66,71,89,92,97" machi="22" ten="30,2900,0" yaku="7,1,54,1" doraHai="123" who="3" fromWho="2" sc="237,0,241,0,230,-29,292,29" owari="237,-16.3,241,4.1,201,-29.9,321,42.1" /></mjloggm>