<mjloggm ver="2.3"><GO type="225" lobby="0"/><UN n0="%E3%81%86%E3%83%BC%E3%81%B1%E3%83%BC" n1="%6D%75%75%6D%75%72%61" n2="%E5%86%B7%E5%87%8D%E3%82%AE%E3%83%A7%E3%83%BC%E3%82%B6" n3="%E3%81%B2%E3%81%AA%E3%81%AE%E3%82%8A%E3%81%8F" dan="16,16,16,17" rate="2202.12,2155.17,2127.63,2194.14" sx="F,F,M,M"/><TAIKYOKU oya="0"/><INIT seed="0,0,0,3,3,45" ten="250,250,250,250" oya="0" hai0="51,9,4,27,86,29,87,112,41,25,127,23,114" hai1="116,21,79,6,30,35,13,22,80,102,53,2,36" hai2="76,42,39,65,60,64,8,108,62,0,122,16,67" hai3="107,55,15,32,82,117,61,28,91,97,18,72,38"/><T7/><D127/><U135/><E116/><V40/><F122/><W118/><G38/><T109/><D109/><U128/><E36/><V12/><F108/><W123/><G32/><T126/><D126/><U11/><E128/><V83/><F0/><W131/><G28/><T31/><D23/><U34/><E135/><V119/><F119/><W44/><G131/><T84/><D87/><U98/><E21/><V47/><REACH who="2" step="1"/><F40/><REACH who="2" ten="250,250,240,250" step="2"/><W73/><G123/><T125/><D125/><U89/><E2/><V26/><F26/><W101/><G118/><T93/><D41/><U70/><E34/><V90/><F90/><W52/><G91/><T113/><D113/><U129/><E35/><V54/><F54/><W68/><G55/><T95/><REACH who="0" step="1"/><D9/><REACH who="0" ten="240,250,240,250" step="2"/><U56/><E11/><V49/><F49/><AGARI ba="0,2" hai="4,7,25,27,29,31,49,51,84,86,93,95,112,114" machi="49" ten="25,24000,3" yaku="1,1,2,1,22,2,52,2,53,2" doraHai="45" doraHaiUra="81" who="0" fromWho="2" sc="240,260,250,0,240,-240,250,0" /><INIT seed="0,1,0,1,2,21" ten="500,250,0,250" oya="0" hai0="134,94,104,91,58,49,50,67,132,11,71,124,54" hai1="135,16,76,126,63,116,29,37,96,66,0,77,85" hai2="36,41,105,56,51,84,45,128,111,48,70,46,31" hai3="7,107,118,8,78,82,101,61,26,87,95,86,109"/><T90/><D124/><U65/><E116/><V114/><F105/><W52/><G118/><T23/><D104/><U19/><E0/><V59/><F114/><W14/><G107/><T42/><D11/><U133/><E37/><V30/><F70/><W10/><G109/><T39/><D50/><U40/><E126/><V119/><F111/><W15/><G26/><T73/><D73/><U130/><E130/><V110/><F119/><W89/><G101/><T47/><D23/><U9/><E40/><N who="2" m="24615" /><F36/><W62/><REACH who="3" step="1"/><G52/><REACH who="3" ten="500,250,0,240" step="2"/><T120/><D54/><U69/><E65/><V122/><F110/><W3/><G3/><T97/><D67/><U131/><E131/><V79/><F128/><W127/><G127/><T121/><D120/><U88/><E29/><N who="2" m="10763" /><F122/><W6/><AGARI ba="1,1" hai="6,7,8,10,14,15,61,62,78,82,86,87,89,95" machi="6" ten="20,8000,1" yaku="1,1,0,1,7,1,9,1,8,1,53,0" doraHai="21" doraHaiUra="113" who="3" fromWho="3" sc="500,-41,250,-21,0,-21,240,93" owari="459,55.9,229,-17.1,-21,-52.1,333,13.3" /></mjloggm>