<mjloggm ver="2.3"><GO type="225" lobby="0"/><UN n0="%E3%81%86%E3%83%BC%E3%81%B1%E3%83%BC" n1="%E3%83%B4%E3%83%A0%EF%BC%99%E3%81%A6" n2="%E3%81%86%E3%82%8B%E3%81%8A%E3%81%A1%E3%82%83" n3="%30%2E%31%32%30" dan="17,17,16,16" rate="2219.13,2147.43,2074.84,2136.14" sx="F,M,F,M"/><TAIKYOKU oya="0"/><INIT seed="0,0,0,1,0,108" ten="250,250,250,250" oya="0" hai0="115,78,92,123,28,103,121,56,125,11,15,67,34" hai1="111,83,95,58,20,65,93,89,98,80,42,113,39" hai2="45,26,19,10,91,75,122,100,55,54,85,133,70" hai3="112,8,66,60,68,7,21,41,49,71,64,30,126"/><T94/><D125/><U81/><E111/><V18/><F75/><W73/><G126/><T12/><D78/><U109/><E109/><V107/><F122/><W37/><G73/><T36/><D36/><U99/><E39/><V128/><F70/><W135/><G37/><T116/><D116/><U59/><E42/><V5/><F107/><W119/><G119/><T29/><D34/><U86/><E113/><V102/><F128/><W130/><G130/><T104/><D104/><U40/><E40/><V46/><F5/><W31/><G135/><T88/><D56/><U25/><E65/><V79/><F79/><W48/><G7/><T22/><D67/><U14/><E14/><N who="2" m="7511" /><F133/><W90/><G41/><T117/><D117/><U132/><E132/><V44/><F19/><W53/><G8/><T114/><D11/><U87/><E87/><V134/><F26/><W110/><G110/><T47/><D47/><N who="2" m="17994" /><F134/><W76/><G76/><T63/><D103/><N who="2" m="39466" /><F46/><W74/><G74/><T38/><D38/><U84/><E84/><V124/><F124/><W33/><G33/><T23/><REACH who="0" step="1"/><D88/><REACH who="0" ten="240,250,250,250" step="2"/><N who="1" m="55591" /><E86/><V62/><F62/><AGARI ba="0,1" hai="12,15,22,23,28,29,62,63,92,94,114,115,121,123" machi="62" ten="25,12000,1" yaku="1,1,22,2,52,2,53,0" doraHai="108" doraHaiUra="0" who="0" fromWho="2" sc="240,130,250,0,250,-120,250,0" /><INIT seed="0,1,0,4,3,15" ten="370,250,130,250" oya="0" hai0="101,70,94,84,81,104,0,19,116,98,130,63,72" hai1="21,1,108,96,8,28,124,79,118,112,2,39,120" hai2="132,86,66,52,25,74,44,31,109,75,125,67,88" hai3="93,83,80,58,100,30,110,71,43,17,46,40,134"/><T24/><D116/><U131/><E39/><V11/><F75/><W45/><G71/><T90/><D0/><U50/><E79/><V49/><F74/><W99/><G134/><T111/><D130/><U59/><E120/><V69/><F132/><W20/><G30/><T7/><D7/><U89/><E118/><V60/><F109/><W47/><G58/><T37/><D37/><U68/><E68/><V18/><F125/><W95/><G95/><T42/><D42/><N who="3" m="15913" /><G110/><T34/><D111/><U91/><E28/><V14/><F60/><W102/><G102/><T85/><D85/><U127/><E112/><V117/><F69/><W113/><G113/><T64/><D19/><U3/><E3/><V105/><F105/><W107/><G107/><T5/><D5/><U13/><E108/><V16/><F18/><W22/><G22/><T6/><D6/><U114/><E114/><V119/><F117/><W38/><G38/><T103/><D103/><U29/><E1/><V123/><F123/><W92/><G92/><T57/><D57/><U128/><E127/><V27/><F119/><W87/><G87/><T48/><D48/><U121/><E121/><V62/><F62/><W56/><G56/><T97/><D97/><U41/><E2/><V135/><F135/><W51/><G51/><T33/><D24/><AGARI ba="1,0" hai="17,20,24,45,46,47,80,83,93,99,100" m="15913" machi="24" ten="30,2000,0" yaku="8,1,52,1" doraHai="15" who="3" fromWho="0" sc="370,-23,250,0,130,0,250,23" /><INIT seed="1,0,0,3,3,131" ten="347,250,130,273" oya="1" hai0="27,72,18,28,21,24,95,33,78,127,96,125,91" hai1="114,118,105,15,23,87,101,55,52,123,20,13,83" hai2="94,16,50,42,90,108,14,117,106,51,79,104,134" hai3="102,35,119,56,116,4,93,9,40,121,62,65,99"/><U70/><E118/><N who="3" m="45098" /><G35/><T110/><D110/><U115/><E123/><V30/><F117/><W38/><G40/><T75/><REACH who="0" step="1"/><D78/><REACH who="0" ten="337,250,130,273" step="2"/><U41/><E115/><V122/><F79/><W133/><G121/><T74/><AGARI ba="0,1" hai="18,21,24,27,28,33,72,74,75,91,95,96,125,127" machi="74" ten="40,5200,0" yaku="1,1,2,1,0,1,53,0" doraHai="131" doraHaiUra="2" who="0" fromWho="0" sc="337,62,250,-26,130,-13,273,-13" /><INIT seed="2,0,0,2,0,50" ten="399,224,117,260" oya="2" hai0="7,105,38,43,111,110,79,101,66,14,75,39,91" hai1="54,15,93,125,1,74,65,5,57,13,96,107,56" hai2="128,118,121,78,135,129,76,36,51,3,126,102,26" hai3="9,123,8,134,22,30,35,97,24,58,55,122,71"/><V21/><F36/><W25/><G71/><T87/><D66/><U59/><E107/><V34/><F118/><W127/><G127/><T64/><D64/><U99/><E74/><V89/><F121/><W37/><G37/><T104/><D79/><N who="2" m="30250" /><F3/><W48/><G134/><T68/><D75/><U86/><E125/><V95/><F34/><W27/><G27/><T114/><D114/><U60/><E1/><V61/><F126/><W94/><G123/><T106/><D101/><U18/><E56/><V81/><F61/><W103/><REACH who="3" step="1"/><G122/><REACH who="3" ten="399,224,117,250" step="2"/><T17/><D68/><U6/><E13/><V109/><F135/><W28/><AGARI ba="0,1" hai="8,9,22,24,25,28,30,35,48,55,58,94,97,103" machi="28" ten="20,8000,1" yaku="1,1,2,1,0,1,7,1,52,1,53,0" doraHai="50" doraHaiUra="11" who="3" fromWho="3" sc="399,-20,224,-20,117,-40,250,90" /><INIT seed="3,0,0,2,4,10" ten="379,204,77,340" oya="3" hai0="91,69,94,104,13,33,64,59,117,7,45,105,83" hai1="77,54,108,114,63,68,35,60,31,133,113,109,20" hai2="99,39,51,130,52,124,75,49,53,28,25,79,14" hai3="78,61,22,89,93,107,97,1,95,0,86,74,17"/><W116/><G116/><T8/><D117/><U123/><E77/><V57/><F39/><W21/><G21/><T38/><D33/><U119/><E35/><V120/><F124/><W121/><G121/><T30/><D69/><U48/><E31/><V82/><F130/><W132/><G132/><T71/><D71/><U15/><E20/><V100/><F120/><W87/><G107/><T98/><D30/><U12/><E123/><V36/><F36/><W32/><G32/><T2/><D2/><U47/><E119/><V26/><F28/><W16/><G17/><T118/><D118/><U44/><E68/><V46/><F26/><W111/><G111/><T24/><D24/><U66/><E48/><V103/><F25/><W102/><G74/><T56/><D64/><U37/><E37/><V106/><REACH who="2" step="1"/><F100/><REACH who="2" ten="379,204,67,340" step="2"/><W42/><G42/><T19/><D38/><U127/><E127/><V92/><F92/><W128/><G128/><T11/><D104/><U76/><E108/><V84/><F84/><W65/><G86/><T81/><D105/><U125/><E109/><V27/><F27/><W3/><G78/><T4/><D83/><U122/><E76/><V101/><F101/><W110/><G110/><T115/><D81/><U5/><E122/><V72/><F72/><W41/><G41/><T129/><D129/><U43/><E125/><V134/><F134/><W55/><G55/><T40/><D40/><U18/><E43/><V85/><F85/><W62/><REACH who="3" step="1"/><G65/><REACH who="3" ten="379,204,67,330" step="2"/><T90/><D19/><U67/><E133/><V29/><F29/><W58/><G58/><T88/><D59/><RYUUKYOKU ba="0,2" sc="379,-15,204,-15,67,15,330,15" hai2="14,46,49,51,52,53,57,75,79,82,99,103,106" hai3="0,1,3,16,22,61,62,87,89,93,95,97,102" /><INIT seed="3,1,2,1,2,117" ten="364,189,82,345" oya="3" hai0="126,22,36,109,122,134,47,71,75,118,51,31,111" hai1="103,38,23,76,55,110,79,116,3,54,8,33,69" hai2="81,5,58,95,63,112,132,125,6,124,93,44,113" hai3="37,72,25,101,82,119,130,2,52,26,108,49,123"/><W39/><G119/><T64/><D118/><U15/><E116/><V56/><F81/><W20/><G2/><T98/><D75/><U61/><E33/><V107/><F107/><W11/><G123/><T83/><D36/><U100/><E3/><V133/><REACH who="2" step="1"/><F63/><REACH who="2" ten="364,189,72,345" step="2"/><W62/><G62/><T131/><D83/><U34/><E61/><V53/><F53/><W67/><G67/><T29/><D64/><U129/><E54/><V65/><F65/><W102/><G26/><T57/><D111/><U89/><E55/><V73/><F73/><W121/><G121/><T19/><D122/><U16/><E110/><V1/><F1/><W88/><G108/><T18/><D109/><U105/><E105/><V4/><F4/><W45/><G130/><T115/><D131/><U99/><E129/><V27/><F27/><W24/><G24/><T92/><D115/><U13/><E76/><V74/><F74/><W94/><G11/><T50/><D71/><U77/><E79/><V12/><F12/><W10/><G10/><T35/><D35/><U128/><E77/><V0/><F0/><W80/><G72/><T7/><D7/><U42/><E13/><V9/><F9/><W41/><G80/><T78/><D78/><U59/><E128/><V86/><F86/><N who="3" m="52503" /><G82/><T60/><D60/><U28/><E15/><V120/><F120/><W127/><G127/><T85/><D126/><U97/><E8/><V114/><F114/><W90/><G90/><T43/><D85/><U17/><E89/><V46/><AGARI ba="1,3" hai="5,6,44,46,56,58,93,95,112,113,124,125,132,133" machi="46" ten="25,6400,0" yaku="1,1,0,1,22,2,53,0" doraHai="117" doraHaiUra="14" who="2" fromWho="2" sc="364,-17,189,-17,72,97,345,-33" owari="347,44.7,172,-22.8,169,-33.1,312,11.2" /></mjloggm>