<mjloggm ver="2.3"><GO type="225" lobby="0"/><UN n0="%E8%A6%9A%E9%86%92%E3%81%97%E3%81%9F%E3%81%A8%E3%81%BE%E3%81%A8" n1="%E3%81%BE%E3%81%A8%E3%81%9F" n2="%E3%81%A8%E3%82%89%E3%81%84%E3%81%A1" n3="%E3%81%BF%E3%81%BF%E3%81%9A" dan="17,16,16,16" rate="2146.07,2108.80,2104.51,2157.20" sx="M,M,M,M"/><TAIKYOKU oya="0"/><INIT seed="0,0,0,4,5,17" ten="250,250,250,250" oya="0" hai0="131,44,135,54,116,88,53,106,0,8,90,96,16" hai1="120,52,28,95,64,76,23,77,3,104,24,10,61" hai2="93,1,36,62,4,78,6,108,102,48,40,112,85" hai3="67,22,134,132,65,71,83,121,127,39,100,125,63"/><T133/><D116/><U31/><E104/><V59/><F112/><W42/><G100/><N who="0" m="62727" /><D131/><U47/><E120/><V107/><F36/><W27/><G121/><T7/><D44/><U91/><E28/><V21/><F1/><W26/><G83/><T15/><D54/><U18/><E3/><V115/><F107/><W68/><G39/><T43/><D53/><U20/><E10/><V118/><F118/><W57/><G42/><T87/><D87/><N who="1" m="52735" /><E64/><V117/><F117/><W89/><G89/><T51/><D51/><N who="1" m="28799" /><E61/><V103/><F62/><W99/><G63/><T126/><D43/><U14/><AGARI ba="0,0" hai="14,18,20,23,24,31,76,77" m="28799,52735" machi="14" ten="30,7900,0" yaku="8,1,52,2,54,1" doraHai="17" who="1" fromWho="1" sc="250,-39,250,79,250,-20,250,-20" /><INIT seed="1,0,0,0,2,12" ten="211,329,230,230" oya="1" hai0="116,24,125,20,81,36,35,98,9,17,52,100,72" hai1="80,63,109,94,73,61,102,29,92,113,56,6,75" hai2="78,101,1,65,27,119,4,118,49,48,15,86,104" hai3="13,85,10,87,7,38,42,58,33,64,66,129,95"/><U43/><E113/><V135/><F1/><W83/><G33/><T76/><D116/><U2/><E61/><V133/><F65/><W62/><G129/><T130/><D130/><U19/><E92/><V77/><F27/><W117/><G117/><N who="2" m="44553" /><F101/><W120/><G120/><T51/><D125/><U55/><E80/><V132/><F104/><W107/><G107/><T99/><D36/><U50/><E102/><V105/><F105/><W106/><G106/><T5/><D100/><U88/><E2/><V134/><N who="2" m="33792" /><DORA hai="111" /><V40/><F40/><W69/><G38/><T34/><D35/><U127/><E43/><V126/><F126/><W30/><G42/><T60/><D60/><U18/><E63/><V74/><F86/><W39/><G39/><T53/><D34/><U108/><E127/><V124/><F124/><W23/><G69/><T79/><D76/><N who="2" m="29290" /><F74/><W115/><G66/><T45/><REACH who="0" step="1"/><D53/><REACH who="0" ten="201,329,230,230" step="2"/><U21/><E55/><V57/><F57/><W16/><G64/><T122/><D122/><U11/><E56/><V0/><F0/><AGARI ba="0,1" hai="0,5,9,17,20,24,45,51,52,72,79,81,98,99" machi="0" ten="30,7700,0" yaku="1,1,7,1,52,1,54,1,53,0" doraHai="12,111" doraHaiUra="25,114" who="0" fromWho="2" sc="201,87,329,0,230,-77,230,0" /><INIT seed="2,0,0,5,5,123" ten="288,329,153,230" oya="2" hai0="101,105,128,0,129,125,45,3,100,130,80,115,111" hai1="75,68,2,29,12,71,79,119,69,9,52,35,82" hai2="24,108,117,107,98,97,28,65,120,74,132,15,34" hai3="27,70,63,85,4,55,103,49,42,124,51,102,131"/><V121/><F117/><W104/><G124/><T126/><D115/><U31/><E2/><N who="0" m="553" /><D45/><U40/><E40/><V44/><F132/><W72/><G72/><T21/><D21/><U64/><E64/><V46/><F74/><W19/><G131/><T99/><D101/><U18/><E35/><V16/><F65/><W37/><G4/><T87/><D111/><U8/><E119/><V60/><F60/><W10/><G104/><T93/><D105/><U62/><E8/><V133/><F133/><W38/><G38/><T36/><D36/><U6/><E6/><V61/><F61/><W116/><G116/><T127/><D127/><U90/><E90/><AGARI ba="0,0" hai="80,87,90,93,99,100,125,126,128,129,130" m="553" machi="90" ten="40,1300,0" yaku="19,1" doraHai="123" who="0" fromWho="1" sc="288,13,329,-13,153,0,230,0" /><INIT seed="3,0,0,1,4,19" ten="301,316,153,230" oya="3" hai0="5,97,9,74,51,44,47,53,120,21,62,37,110" hai1="109,15,8,84,88,103,83,132,68,57,54,93,102" hai2="112,70,12,26,36,3,22,135,128,46,45,61,64" hai3="41,2,108,121,86,11,131,16,124,134,111,91,31"/><W43/><G121/><T4/><D120/><U100/><E68/><V30/><F112/><W81/><G124/><T130/><D110/><N who="3" m="42025" /><G134/><T99/><D130/><U34/><E34/><V28/><F3/><W79/><G131/><T75/><D62/><N who="1" m="36151" /><E132/><V10/><F128/><W119/><G119/><T52/><D21/><U35/><E35/><V27/><F135/><W38/><G38/><T96/><D4/><N who="1" m="3463" /><E109/><V80/><F80/><AGARI ba="0,0" hai="80,83,84,88,93,100,102,103" m="3463,36151" machi="80" ten="30,2000,0" yaku="8,1,54,1" doraHai="19" who="1" fromWho="2" sc="301,0,316,20,153,-20,230,0" owari="301,10.1,336,43.6,133,-36.7,230,-17.0" /></mjloggm>