<mjloggm ver="2.3"><GO type="225" lobby="0"/><UN n0="%E3%81%82%E3%82%93%E3%81%AA%E3%81%A4" n1="%E6%A1%9C%E8%8A%B1%E9%96%83%E3%80%85" n2="%E8%A8%88%E7%AE%97%E6%A9%9F%E8%87%AA%E7%84%B6" n3="%73%6C%69%63%6B%33%31%39" dan="16,18,17,16" rate="2122.76,2212.13,2236.06,2188.66" sx="M,M,M,M"/><TAIKYOKU oya="0"/><INIT seed="0,0,0,5,1,88" ten="250,250,250,250" oya="0" hai0="17,45,98,76,86,5,15,64,54,16,119,123,112" hai1="77,26,61,135,93,78,134,43,62,6,82,31,38" hai2="84,46,37,131,103,22,110,32,65,42,116,34,55" hai3="80,41,27,104,57,50,68,0,20,19,69,48,117"/><T53/><D112/><U13/><E38/><V101/><F110/><W100/><G0/><T11/><D119/><U96/><E43/><V3/><F3/><W91/><G117/><T87/><D123/><U125/><E125/><V56/><F116/><W120/><G104/><T107/><D64/><U126/><E126/><V7/><F7/><W121/><G100/><T128/><D128/><U132/><E13/><V99/><F131/><W108/><G108/><T30/><D30/><U92/><E6/><V113/><F113/><W60/><G80/><N who="0" m="47367" /><D107/><U25/><E25/><V29/><F84/><W70/><G91/><T28/><D28/><U118/><E118/><V24/><F103/><W124/><G124/><T111/><D111/><U71/><E96/><V129/><F129/><W79/><G79/><N who="1" m="30218" /><E82/><V52/><F32/><W63/><G63/><N who="1" m="24074" /><E71/><V67/><F34/><AGARI ba="0,0" hai="26,31,34,92,93,132,134,135" m="24074,30218" machi="34" ten="40,5200,0" yaku="20,1,52,2" doraHai="88" who="1" fromWho="2" sc="250,0,250,52,250,-52,250,0" /><INIT seed="1,0,0,5,5,52" ten="250,302,198,250" oya="1" hai0="12,69,82,66,67,8,104,134,81,102,91,132,4" hai1="42,103,94,2,131,120,135,112,18,80,87,0,50" hai2="58,15,63,88,97,14,110,45,54,13,46,49,38" hai3="84,40,22,121,83,114,119,47,48,43,124,55,16"/><U125/><E112/><V107/><F110/><W127/><G121/><T61/><D67/><U53/><E120/><V106/><F38/><W123/><G123/><T89/><D89/><U101/><E42/><V41/><REACH who="2" step="1"/><F45/><REACH who="2" ten="250,302,188,250" step="2"/><W77/><G114/><T95/><D132/><U60/><E135/><V1/><F1/><W115/><G115/><T44/><D134/><U118/><E0/><V122/><F122/><W96/><G119/><T33/><D44/><U99/><E2/><V130/><F130/><W70/><G70/><T3/><D3/><U9/><E131/><V126/><F126/><N who="3" m="48171" /><G96/><T62/><D69/><U109/><E109/><V117/><F117/><W32/><G32/><T20/><D33/><U10/><E125/><V128/><F128/><W25/><AGARI ba="0,1" hai="16,22,25,40,43,47,48,55,77,83,84" m="48171" machi="25" ten="30,2000,0" yaku="18,1,54,1" doraHai="52" who="3" fromWho="3" sc="250,-5,302,-10,188,-5,250,30" /><INIT seed="2,0,0,5,2,89" ten="245,292,183,280" oya="2" hai0="69,134,8,124,24,10,77,127,29,78,70,51,114" hai1="48,74,105,19,95,113,18,104,32,57,47,52,37" hai2="28,9,115,12,133,99,39,118,3,130,45,16,68" hai3="31,84,27,86,97,135,20,43,44,131,62,40,93"/><V129/><F68/><N who="0" m="26218" /><D114/><U34/><E74/><V50/><F115/><W116/><G116/><T81/><D51/><U122/><E113/><V21/><F118/><W120/><G120/><T125/><D134/><U121/><E95/><V58/><F133/><W71/><G135/><T2/><D2/><U110/><E110/><V33/><F39/><W60/><G131/><N who="2" m="50185" /><F58/><W36/><G43/><T30/><D30/><U82/><E82/><V46/><F50/><W42/><G42/><T26/><D26/><U49/><E37/><V41/><F41/><W103/><REACH who="3" step="1"/><G60/><REACH who="3" ten="245,292,183,270" step="2"/><T54/><D125/><U22/><E47/><N who="2" m="17931" /><F99/><W5/><G5/><T128/><D128/><U85/><E121/><V6/><F28/><W98/><G98/><T102/><D127/><U92/><E122/><V23/><F33/><W76/><G76/><T87/><D78/><U35/><E48/><V101/><F101/><W14/><G14/><T56/><D102/><U0/><E0/><V112/><F112/><W75/><G75/><T111/><D124/><U63/><E63/><V53/><F53/><W132/><G132/><T106/><D54/><U123/><E123/><V117/><F117/><W67/><AGARI ba="0,1" hai="20,27,31,36,40,44,62,67,71,84,86,93,97,103" machi="67" ten="30,4000,0" yaku="1,1,0,1,52,1,53,0" doraHai="89" doraHaiUra="4" who="3" fromWho="3" sc="245,-10,292,-10,183,-20,270,50" /><INIT seed="3,0,0,1,0,82" ten="235,282,163,320" oya="3" hai0="11,135,110,51,102,55,125,128,117,99,52,64,71" hai1="42,22,98,79,101,14,4,115,41,0,37,89,17" hai2="122,46,36,16,88,2,12,25,134,116,90,112,8" hai3="107,83,57,114,44,75,74,87,133,63,113,43,121"/><W5/><G121/><T76/><D117/><U118/><E115/><V6/><F112/><W24/><G107/><T38/><D38/><U124/><E118/><V60/><F116/><W81/><G133/><T73/><D135/><U56/><E124/><V32/><F134/><W95/><G5/><T78/><D125/><U80/><E89/><V67/><F122/><W1/><G1/><T129/><D110/><U15/><E0/><V132/><F132/><W54/><G95/><T18/><D18/><U61/><E37/><V58/><F46/><W97/><G97/><T77/><D11/><N who="1" m="4455" /><E98/><V66/><F66/><W108/><G108/><T131/><D51/><U109/><E101/><V48/><F48/><W65/><G65/><T45/><D45/><U85/><E109/><V9/><REACH who="2" step="1"/><F36/><REACH who="2" ten="235,282,153,320" step="2"/><W69/><G44/><T92/><D73/><U100/><E100/><V62/><F62/><AGARI ba="0,1" hai="52,55,62,64,71,76,77,78,92,99,102,128,129,131" machi="62" ten="50,3200,0" yaku="19,1,54,1" doraHai="82" who="0" fromWho="2" sc="235,42,282,0,153,-32,320,0" owari="277,-12.3,282,8.2,121,-37.9,320,42.0" /></mjloggm>