<mjloggm ver="2.3"><GO type="225" lobby="0"/><UN n0="%79%75%72%69%6D%6F%67" n1="%72%69%6F%75%63%68%61%6E" n2="%E3%81%A4%E3%81%A3%E3%81%B1%E3%82%8A%E3%83%9D%E3%83%BC%E3%83%AB" n3="%41%6F%54" dan="16,16,17,16" rate="2116.87,2157.08,2225.24,2040.39" sx="F,M,M,M"/><TAIKYOKU oya="0"/><INIT seed="0,0,0,5,4,128" ten="250,250,250,250" oya="0" hai0="121,8,123,59,64,2,47,91,24,72,85,77,17" hai1="84,6,130,96,111,51,131,95,11,54,41,30,104" hai2="37,76,108,50,36,132,71,26,31,75,13,38,87" hai3="40,99,25,98,103,135,94,68,53,113,10,93,101"/><T44/><D72/><U46/><E111/><V22/><F108/><W82/><G113/><T16/><D2/><U0/><E30/><V67/><F75/><W35/><G68/><T62/><D77/><U134/><E134/><V100/><F100/><W39/><G135/><T106/><D106/><U129/><E104/><V28/><F132/><W116/><G116/><T115/><D115/><U57/><E84/><V124/><F124/><W86/><G53/><T29/><D123/><U14/><E0/><V117/><F117/><W133/><G133/><T9/><D9/><U3/><E3/><V126/><F126/><W18/><G39/><T80/><D121/><U27/><E27/><V5/><F50/><W65/><G65/><T34/><REACH who="0" step="1"/><D8/><REACH who="0" ten="240,250,250,250" step="2"/><U74/><E74/><V63/><F76/><W127/><G127/><T45/><AGARI ba="0,1" hai="16,17,24,29,34,44,45,47,59,62,64,80,85,91" machi="45" ten="30,11700,0" yaku="1,1,2,1,0,1,54,1,53,0" doraHai="128" doraHaiUra="66" who="0" fromWho="0" sc="240,127,250,-39,250,-39,250,-39" /><INIT seed="0,1,0,0,2,26" ten="367,211,211,211" oya="0" hai0="48,10,24,115,70,77,71,97,1,103,110,52,61" hai1="54,36,42,83,101,88,60,126,66,6,50,49,17" hai2="102,65,59,9,76,117,68,45,43,18,64,25,29" hai3="120,2,75,121,131,93,104,41,0,129,47,125,127"/><T3/><D115/><U128/><E128/><N who="3" m="49226" /><G93/><T118/><D118/><U96/><E126/><N who="3" m="48138" /><G104/><T122/><D122/><N who="3" m="47209" /><G75/><T46/><D77/><U106/><E6/><V105/><F76/><W124/><N who="3" m="48146" /><W85/><DORA hai="73" /><G85/><T32/><D110/><U113/><E113/><V69/><F105/><W100/><G100/><T30/><D10/><U28/><E28/><V12/><F9/><W130/><N who="3" m="49234" /><W84/><DORA hai="38" /><G84/><T123/><D123/><U95/><E83/><V56/><F29/><W8/><G8/><T81/><D81/><U51/><E17/><V33/><F18/><W78/><G78/><T37/><D37/><AGARI ba="1,0" hai="0,2,37,41,47" m="47209,48146,49234" machi="37" ten="60,8000,1" yaku="19,1,18,1,13,1,23,1,52,1" doraHai="26,73,38" who="3" fromWho="0" sc="367,-83,211,0,211,0,211,83" /><INIT seed="1,0,0,3,5,128" ten="284,211,211,294" oya="1" hai0="54,127,119,45,7,27,51,95,129,75,123,48,16" hai1="132,109,35,105,68,44,50,125,14,80,74,70,5" hai2="12,40,62,79,85,19,120,21,67,33,31,112,11" hai3="36,118,2,77,98,24,25,57,115,53,111,113,41"/><U82/><E35/><V102/><F120/><W38/><G2/><T66/><D119/><U13/><E105/><V94/><F112/><W76/><G118/><T103/><D127/><U83/><E125/><V60/><F33/><W114/><G111/><T34/><D75/><U96/><E132/><V8/><F40/><W43/><G98/><T58/><D129/><U99/><E109/><V15/><F31/><W47/><G53/><T1/><D123/><U18/><E74/><V126/><F126/><W56/><G115/><T92/><D103/><U28/><E28/><V87/><F21/><W89/><G89/><T134/><D134/><U122/><E122/><V61/><F67/><W52/><G52/><T106/><D106/><U64/><E5/><N who="2" m="3087" /><F79/><W91/><G91/><T55/><D66/><U17/><E64/><V121/><F121/><W46/><AGARI ba="0,0" hai="24,25,36,38,41,43,46,47,56,57,76,77,113,114" machi="46" ten="25,3200,0" yaku="0,1,22,2" doraHai="128" who="3" fromWho="3" sc="284,-8,211,-16,211,-8,294,32" /><INIT seed="2,0,0,4,2,122" ten="276,195,203,326" oya="2" hai0="83,31,46,121,52,73,59,109,84,61,23,120,70" hai1="108,99,30,16,92,5,10,38,34,7,33,86,133" hai2="44,94,64,27,19,75,67,131,4,111,107,42,43" hai3="71,114,55,116,93,2,76,102,90,119,25,106,53"/><V0/><F107/><W132/><G2/><T36/><D73/><U80/><E38/><V58/><F75/><W96/><G71/><T82/><D82/><U17/><E133/><V22/><F131/><W123/><G123/><T127/><D127/><U87/><E108/><V1/><F111/><W81/><G132/><T115/><D115/><U56/><E56/><V50/><F43/><W60/><G114/><T101/><D101/><U13/><E17/><V15/><F94/><W63/><G25/><T97/><D97/><U6/><E30/><V112/><F112/><W125/><G125/><T72/><D72/><U11/><E11/><N who="2" m="4583" /><F1/><W88/><G90/><T85/><D109/><U74/><E74/><V130/><F0/><W98/><G76/><T21/><D85/><U89/><REACH who="1" step="1"/><E86/><REACH who="1" ten="276,185,203,326" step="2"/><V128/><F128/><W32/><G119/><T14/><D70/><U35/><E35/><V134/><F134/><W24/><G116/><T29/><D29/><U105/><E105/><V9/><F130/><W95/><G106/><T54/><D23/><U118/><E118/><V126/><F126/><W18/><G32/><T79/><D31/><U113/><E113/><V91/><F9/><W20/><G81/><T129/><D129/><U110/><E110/><V124/><F124/><W62/><AGARI ba="0,1" hai="18,20,24,53,55,60,62,63,88,93,95,96,98,102" machi="62" ten="30,4000,0" yaku="0,1,8,1,54,1" doraHai="122" who="3" fromWho="3" sc="276,-10,185,-10,203,-20,326,50" /><INIT seed="3,0,0,5,1,110" ten="266,175,183,376" oya="3" hai0="121,61,87,124,85,133,95,18,112,73,84,49,12" hai1="51,114,20,0,67,54,31,115,52,113,53,66,119" hai2="30,11,3,50,76,74,62,47,45,104,91,23,122" hai3="101,19,17,123,131,43,36,128,126,38,7,21,55"/><W34/><G34/><T105/><D73/><U83/><E0/><V130/><F104/><W135/><G123/><T92/><D105/><U26/><E119/><V27/><F122/><W78/><G101/><T106/><D106/><U9/><E9/><V134/><F134/><W94/><G7/><T72/><D133/><U79/><REACH who="1" step="1"/><E51/><REACH who="1" ten="266,165,183,376" step="2"/><V125/><F130/><W28/><G131/><T116/><D121/><U117/><E117/><V107/><F125/><W59/><G128/><T25/><D124/><U71/><E71/><V68/><F107/><W4/><G126/><T60/><D116/><U109/><E109/><V111/><F111/><W15/><G135/><T37/><D49/><U102/><E102/><V132/><F132/><W82/><G38/><T33/><D37/><U118/><E118/><V90/><F3/><W42/><G36/><T81/><D72/><AGARI ba="0,1" hai="20,26,31,52,53,54,66,67,72,79,83,113,114,115" machi="72" ten="50,8000,1" yaku="1,1,52,3,54,1,53,0" doraHai="110" doraHaiUra="29" who="1" fromWho="0" sc="266,-80,165,90,183,0,376,0" owari="186,-21.4,255,5.5,183,-31.7,376,47.6" /></mjloggm>