<mjloggm ver="2.3"><GO type="225" lobby="0"/><UN n0="%E3%81%8C%E3%81%9F" n1="%E3%81%82%E3%82%93%E3%81%AA%E3%81%A4" n2="%E4%B8%89%E5%86%A0%E7%8E%8B%E3%83%BB%E5%B1%B1%E7%94%B0%E5%93%B2%E4%BA%BA" n3="%E5%B8%86%E7%AB%8B%E5%A4%8F%E8%A1%A3" dan="16,16,16,17" rate="2056.25,2110.71,2113.28,2175.61" sx="F,M,M,M"/><TAIKYOKU oya="0"/><INIT seed="0,0,0,3,1,44" ten="250,250,250,250" oya="0" hai0="54,1,30,132,99,36,14,56,78,130,114,49,28" hai1="39,71,95,100,120,89,94,128,70,59,2,45,97" hai2="58,104,126,116,32,129,3,125,131,10,127,53,35" hai3="12,24,37,121,6,84,20,107,103,98,50,9,76"/><T8/><D114/><U112/><E120/><V87/><F104/><W119/><G121/><T46/><D1/><U61/><E2/><V62/><F116/><W52/><G119/><T55/><D130/><N who="2" m="49674" /><F87/><W106/><G37/><T83/><D132/><U41/><E112/><V5/><AGARI ba="0,0" hai="3,5,10,32,35,53,58,62,125,126,127" m="49674" machi="5" ten="40,2700,0" yaku="18,1,19,1" doraHai="44" who="2" fromWho="2" sc="250,-13,250,-7,250,27,250,-7" /><INIT seed="1,0,0,5,0,18" ten="237,243,277,243" oya="1" hai0="41,26,67,99,57,113,107,39,36,56,109,97,129" hai1="87,54,123,23,90,77,50,29,108,112,0,84,82" hai2="45,51,134,49,131,106,124,73,35,37,98,119,128" hai3="7,91,21,95,130,74,76,79,132,62,47,12,65"/><U11/><E112/><V19/><F73/><W61/><G130/><N who="2" m="49705" /><F119/><W102/><G132/><T5/><D129/><U28/><E123/><V70/><F134/><W114/><G114/><T15/><D113/><U92/><E108/><V103/><F124/><W48/><G102/><T16/><D109/><U2/><E11/><V27/><F70/><W115/><G115/><T135/><D135/><U118/><E118/><V3/><F3/><W83/><G76/><T44/><D39/><U100/><E100/><V85/><F85/><W40/><G7/><T122/><D122/><U80/><E92/><V17/><F37/><W20/><G12/><T94/><D107/><U46/><REACH who="1" step="1"/><E29/><REACH who="1" ten="237,233,277,243" step="2"/><N who="2" m="19903" /><F51/><W121/><G121/><T42/><D36/><U111/><E111/><V59/><F59/><W78/><G48/><T126/><D56/><U22/><E22/><V58/><F58/><W68/><G95/><T69/><D94/><U64/><E64/><V60/><F60/><W66/><G62/><T117/><D67/><U72/><E72/><V104/><F106/><W133/><G66/><T93/><D117/><U34/><E34/><V55/><AGARI ba="0,1" hai="17,19,45,49,55,98,103,104" m="19903,49705" machi="55" ten="30,1100,0" yaku="19,1" doraHai="18" who="2" fromWho="2" sc="237,-3,233,-5,277,21,243,-3" /><INIT seed="2,0,0,5,4,99" ten="234,228,298,240" oya="2" hai0="108,105,107,71,35,31,83,84,21,96,69,10,57" hai1="64,125,68,121,124,102,27,66,92,47,109,126,90" hai2="46,118,128,29,116,0,127,78,40,112,58,43,104" hai3="42,62,37,115,110,114,59,135,63,98,97,123,33"/><V73/><F112/><N who="3" m="43051" /><G123/><T30/><D108/><U7/><E109/><V49/><F0/><W51/><G110/><T87/><D35/><U36/><E68/><V119/><F127/><N who="1" m="32513" /><U45/><DORA hai="129" /><E121/><V54/><F128/><W65/><G33/><T132/><D10/><U100/><E27/><V70/><F104/><W18/><G37/><T24/><D30/><U23/><E23/><V8/><F70/><N who="3" m="42295" /><G18/><T77/><D84/><N who="1" m="52295" /><E7/><V120/><F29/><W11/><G11/><T93/><D69/><U88/><E88/><V25/><F8/><W16/><G16/><T133/><D71/><U39/><E39/><V19/><F120/><W56/><G135/><N who="0" m="51787" /><D57/><N who="3" m="22089" /><G63/><T81/><D81/><U103/><E47/><AGARI ba="0,0" hai="42,47,51,97,98" m="22089,42295,43051" machi="47" ten="30,1000,0" yaku="11,1" doraHai="99,129" who="3" fromWho="1" sc="234,0,228,-10,298,0,240,10" /><INIT seed="3,0,0,3,3,108" ten="234,218,298,250" oya="3" hai0="48,106,23,25,98,44,110,47,45,123,59,32,54" hai1="30,73,51,125,101,61,111,6,52,65,81,126,116" hai2="68,5,49,53,3,21,128,85,100,4,86,117,114" hai3="70,91,12,58,118,29,2,42,69,33,87,112,129"/><W28/><G112/><T74/><D123/><U90/><E111/><V96/><F114/><W66/><G118/><T60/><D110/><U11/><E116/><V115/><F115/><W113/><G113/><T93/><D74/><U79/><E30/><V134/><F68/><W84/><G2/><T0/><D0/><U63/><E90/><V80/><F117/><W14/><G42/><T130/><D130/><U43/><E101/><V1/><F1/><W94/><G129/><T104/><D32/><U9/><E43/><V102/><F128/><W95/><G58/><T76/><D76/><U18/><E18/><V8/><F5/><W105/><G105/><T92/><D92/><U99/><E99/><V71/><F71/><W97/><G33/><T78/><D78/><U120/><E120/><V50/><F134/><W103/><G66/><T40/><D104/><U34/><E34/><V10/><F10/><N who="1" m="3593" /><E6/><V22/><F50/><W36/><G36/><T88/><D106/><U124/><E65/><V131/><F131/><W55/><G55/><T56/><D56/><AGARI ba="0,0" hai="51,52,56,61,63,73,79,81,124,125,126" m="3593" machi="56" ten="30,2000,0" yaku="18,1,54,1" doraHai="108" who="1" fromWho="0" sc="234,-20,218,20,298,0,250,0" /><INIT seed="4,0,0,4,1,97" ten="214,238,298,250" oya="0" hai0="103,44,2,0,121,105,45,16,115,79,99,46,77" hai1="106,3,38,22,49,61,69,4,113,82,6,119,133" hai2="70,76,17,65,135,111,93,94,89,24,62,114,66" hai3="95,92,104,37,108,112,48,84,15,9,42,110,109"/><T35/><D121/><U12/><E38/><V129/><F111/><W78/><G37/><T74/><D35/><U36/><E36/><V55/><F114/><W21/><G21/><T52/><D115/><U32/><E32/><V98/><F135/><W54/><G112/><T40/><D40/><U31/><E113/><V68/><F129/><W57/><G104/><T86/><D74/><U20/><E119/><V102/><F76/><W75/><G75/><T51/><D16/><N who="1" m="10247" /><E3/><V107/><F55/><W28/><G28/><T50/><D77/><U87/><E106/><V39/><F39/><W13/><G42/><T25/><D25/><N who="1" m="16823" /><E69/><V120/><F120/><W88/><G78/><T124/><D124/><U83/><E61/><V96/><F17/><W26/><G26/><T125/><D125/><U134/><E49/><V10/><F10/><W23/><G23/><T118/><D118/><U7/><E87/><V30/><F24/><W59/><G9/><T33/><D33/><U126/><E126/><V29/><F107/><W58/><G15/><T85/><D85/><U5/><E5/><V43/><F43/><W128/><G13/><T11/><D11/><U1/><E1/><V117/><F117/><W18/><G128/><T41/><REACH who="0" step="1"/><D45/><REACH who="0" ten="204,238,298,250" step="2"/><U80/><E133/><V64/><F29/><W34/><G34/><T100/><D100/><U8/><E134/><V60/><F30/><W53/><G18/><T90/><D90/><U131/><E131/><V91/><F102/><W122/><G122/><T132/><D132/><U63/><E8/><V56/><F89/><W101/><G53/><RYUUKYOKU ba="0,1" sc="204,10,238,10,298,-30,250,10" hai0="0,2,41,44,46,50,51,52,79,86,99,103,105" hai1="4,6,7,63,80,82,83" hai3="48,54,57,58,59,84,88,92,95,101,108,109,110" /><INIT seed="4,1,1,4,2,82" ten="214,248,268,260" oya="0" hai0="5,95,1,71,15,119,43,21,44,114,87,130,86" hai1="32,128,69,11,13,126,88,58,83,38,91,28,65" hai2="45,0,40,109,81,111,22,29,51,53,10,122,67" hai3="4,36,31,14,123,23,7,96,12,97,124,104,8"/><T62/><D119/><U76/><E38/><V79/><F122/><W105/><G123/><T30/><D1/><U110/><E110/><V68/><F68/><W56/><G36/><T108/><D108/><U101/><E128/><V59/><F67/><W46/><G124/><T117/><D117/><U6/><E126/><V85/><F29/><W115/><G115/><T132/><D114/><U24/><E69/><V34/><F34/><W131/><G131/><T19/><D130/><U55/><E101/><V9/><F22/><W60/><G46/><T74/><D74/><U49/><REACH who="1" step="1"/><E65/><REACH who="1" ten="214,238,268,260" step="2"/><V90/><F111/><W39/><G39/><T33/><D132/><U133/><E133/><V100/><F109/><W78/><G105/><T127/><D127/><U50/><E50/><N who="2" m="31159" /><F100/><W80/><G104/><T129/><D129/><U92/><E92/><N who="2" m="54351" /><F0/><W16/><G60/><T35/><D62/><U134/><E134/><V18/><F18/><W98/><G16/><T121/><D71/><U3/><E3/><V17/><F17/><W89/><G4/><T61/><D61/><U64/><E64/><V42/><F42/><W37/><G37/><N who="0" m="21615" /><D121/><U48/><E48/><V20/><F20/><W112/><G112/><T73/><D21/><U84/><AGARI ba="1,2" hai="6,11,13,24,28,32,49,55,58,76,83,84,88,91" machi="84" ten="20,12000,2" yaku="1,1,0,1,7,1,52,1,54,1,53,1" doraHai="82" doraHaiUra="54" who="1" fromWho="1" sc="214,-61,238,143,268,-31,260,-31" owari="153,-34.7,381,48.1,237,3.7,229,-17.1" /></mjloggm>