<mjloggm ver="2.3"><GO type="225" lobby="0"/><UN n0="%E3%81%8B%E3%82%8F%E3%81%A1%E3%82%83%E3%82%93%35%38" n1="%E3%82%A2%E3%83%A1%E3%82%A2%E3%83%A9%E3%83%AC" n2="%E6%9D%B1%E9%A2%A8%E3%81%AE%E3%81%8D%E3%82%83%E3%81%B7%E3%81%95%E3%82%93" n3="%E3%81%BF%E3%81%BF%E3%81%9A" dan="17,16,17,18" rate="2233.95,2057.34,2158.82,2258.70" sx="M,M,M,M"/><TAIKYOKU oya="0"/><INIT seed="0,0,0,3,4,121" ten="250,250,250,250" oya="0" hai0="119,67,106,11,60,54,35,53,105,7,21,27,73" hai1="114,120,93,116,8,41,30,38,43,12,76,16,125" hai2="64,15,103,56,0,100,55,79,4,46,134,18,113" hai3="81,84,9,128,62,112,90,51,14,131,130,122,72"/><T29/><D73/><U95/><E116/><V33/><F113/><W78/><G112/><T86/><D119/><U135/><E120/><V1/><F33/><W6/><G122/><T118/><D118/><U74/><E114/><V102/><F134/><W40/><G62/><T69/><D86/><U129/><E129/><V3/><F79/><W98/><G98/><T94/><D94/><U107/><E107/><V108/><F64/><W89/><G72/><T42/><D42/><U117/><E125/><V24/><F46/><AGARI ba="0,0" hai="6,9,14,40,46,51,78,81,84,89,90,128,130,131" machi="46" ten="40,5200,0" yaku="25,2,19,1" doraHai="121" who="3" fromWho="2" sc="250,0,250,0,250,-52,250,52" /><INIT seed="1,0,0,0,5,38" ten="250,250,198,302" oya="1" hai0="5,111,31,130,30,110,63,124,68,71,80,9,25" hai1="41,104,65,75,73,21,59,46,77,64,12,55,106" hai2="76,26,92,83,135,116,11,29,95,122,45,39,15" hai3="7,105,61,17,50,36,24,90,14,133,60,94,43"/><U115/><E115/><V126/><F135/><W34/><G105/><T112/><D112/><U74/><E77/><V8/><F122/><W132/><G36/><T113/><BYE who="2" /><D113/><U4/><E104/><V44/><F44/><N who="3" m="25887" /><G7/><T23/><D124/><UN n2="%E6%9D%B1%E9%A2%A8%E3%81%AE%E3%81%8D%E3%82%83%E3%81%B7%E3%81%95%E3%82%93" /><U66/><E106/><V47/><F116/><W134/><G24/><T58/><D80/><U67/><N who="1" m="16384" /><DORA hai="84" /><U18/><E4/><V103/><F126/><W117/><G34/><T107/><D107/><U102/><E102/><V56/><F8/><N who="3" m="6343" /><G117/><T42/><D42/><U27/><E27/><V72/><F39/><W70/><G70/><T125/><D125/><U79/><E79/><V10/><F10/><W0/><G0/><T119/><D119/><U121/><E121/><V51/><F56/><W19/><G19/><T6/><D25/><U86/><E86/><AGARI ba="0,0" hai="60,61,86,90,94,132,133,134" m="6343,25887" machi="86" ten="30,3900,0" yaku="20,1,52,2" doraHai="38,84" who="3" fromWho="1" sc="250,0,250,-39,198,0,302,39" /><INIT seed="2,0,0,2,5,97" ten="250,211,198,341" oya="2" hai0="132,60,53,72,64,65,15,70,20,134,52,117,131" hai1="1,87,0,107,33,113,118,89,124,93,76,94,99" hai2="71,51,11,88,83,78,58,62,92,84,45,68,79" hai3="55,25,3,120,74,104,121,23,38,21,111,110,35"/><V27/><F27/><W44/><G104/><T100/><D72/><U14/><E113/><V98/><F11/><W10/><G74/><T80/><D80/><U59/><E33/><V18/><F18/><W47/><G35/><T123/><D15/><U12/><E118/><V108/><F108/><N who="3" m="41515" /><G55/><N who="0" m="21067" /><D20/><N who="3" m="7753" /><G25/><T82/><D82/><U75/><E124/><V5/><F5/><N who="3" m="1343" /><G38/><T7/><D7/><U106/><E106/><V54/><REACH who="2" step="1"/><F79/><REACH who="2" ten="250,211,188,341" step="2"/><W28/><G28/><T95/><D117/><U129/><E76/><V37/><F37/><W101/><G101/><T122/><D100/><U13/><E1/><V96/><F96/><W126/><G126/><T127/><D127/><U130/><E0/><V66/><AGARI ba="0,1" hai="45,51,54,58,62,66,68,71,78,83,84,88,92,98" machi="66" ten="20,7800,0" yaku="1,1,0,1,7,1,54,1,53,0" doraHai="97" doraHaiUra="9" who="2" fromWho="2" sc="250,-26,211,-26,188,88,341,-26" /><INIT seed="2,1,0,3,5,19" ten="224,185,276,315" oya="2" hai0="100,58,64,47,25,76,121,79,94,117,32,85,127" hai1="68,115,12,116,17,75,72,59,107,3,73,88,41" hai2="24,50,33,70,36,26,13,20,56,95,133,81,62" hai3="16,125,93,65,112,52,30,131,120,53,77,6,106"/><V49/><F133/><W135/><G106/><T61/><D121/><U43/><E115/><V91/><F36/><W83/><G120/><T67/><D127/><U5/><E116/><V92/><F70/><W110/><G110/><T103/><D117/><U69/><E107/><V82/><F33/><W57/><G125/><T118/><D118/><U71/><E59/><V34/><F34/><W105/><G105/><T8/><D32/><U98/><E5/><V4/><F4/><W89/><G135/><T37/><D37/><U15/><E3/><V40/><F13/><W38/><G38/><T109/><D109/><U96/><E88/><V130/><F130/><W108/><G30/><T90/><D8/><U18/><E12/><V87/><F26/><W10/><G108/><T78/><D47/><U54/><E54/><V51/><F82/><W126/><G126/><T55/><D25/><U129/><E129/><V23/><F40/><W0/><G131/><T2/><D2/><U29/><E29/><V1/><F1/><W84/><G16/><N who="1" m="6250" /><E15/><V122/><F122/><W132/><G112/><T48/><D61/><U35/><E35/><V113/><F113/><W114/><G132/><T7/><D7/><U104/><E104/><V128/><F128/><W74/><G114/><T28/><D28/><U9/><E9/><V46/><F46/><W134/><G134/><T63/><D63/><U39/><E39/><V99/><F24/><W97/><G74/><T119/><D119/><U101/><E101/><AGARI ba="1,0" hai="48,55,58,64,67,76,78,79,85,90,94,100,101,103" machi="101" ten="40,1300,0" yaku="8,1" doraHai="19" who="0" fromWho="1" sc="224,16,185,-16,276,0,315,0" /><INIT seed="3,0,0,3,2,5" ten="240,169,276,315" oya="3" hai0="8,31,11,47,132,46,83,79,53,125,38,4,52" hai1="80,7,41,95,43,99,14,56,37,101,17,81,89" hai2="91,85,119,129,15,27,42,3,30,39,70,57,23" hai3="105,112,86,77,87,76,18,73,35,88,67,40,130"/><W62/><G112/><T33/><D33/><U49/><E37/><V121/><F70/><W26/><G105/><T126/><D31/><U6/><E6/><V109/><F119/><W36/><G73/><N who="0" m="43503" /><D132/><U74/><E7/><V34/><F129/><W123/><G123/><T24/><D24/><U45/><E74/><V84/><F121/><W59/><G130/><T114/><D114/><U20/><E43/><V90/><F109/><W134/><G134/><T111/><D11/><U16/><E56/><V127/><F3/><W32/><G87/><T44/><D111/><U0/><E0/><V104/><F127/><N who="0" m="48650" /><D38/><U48/><E48/><V22/><F104/><W110/><G110/><T66/><D66/><U78/><E78/><V1/><F1/><AGARI ba="0,0" hai="1,4,8,44,46,47,52,53" m="48650,43503" machi="1" ten="30,3900,0" yaku="18,1,52,1,54,1" doraHai="5" who="0" fromWho="2" sc="240,39,169,0,276,-39,315,0" owari="279,7.9,169,-33.1,237,-16.3,315,41.5" /></mjloggm>