<mjloggm ver="2.3"><GO type="225" lobby="0"/><UN n0="%E3%83%97%E3%83%AC%E3%83%B4%E3%82%A1%E3%83%86%E3%82%A3" n1="%43%68%65" n2="%E3%81%AA%E3%81%A1%30%39%32%37" n3="%E3%81%86%E3%83%BC%E3%81%B1%E3%83%BC" dan="16,16,16,17" rate="2088.56,2177.96,2083.51,2154.11" sx="F,M,M,F"/><TAIKYOKU oya="0"/><INIT seed="0,0,0,5,5,43" ten="250,250,250,250" oya="0" hai0="69,26,86,89,50,29,9,106,66,21,52,36,72" hai1="63,109,15,79,82,123,35,113,51,53,39,135,67" hai2="1,7,47,105,125,107,120,45,95,25,96,56,37" hai3="75,85,12,3,58,114,118,8,90,16,124,0,103"/><T129/><D36/><U27/><E39/><V64/><F120/><W128/><G114/><T57/><D72/><U49/><E123/><V122/><F122/><W4/><G118/><T13/><D106/><U23/><E113/><V62/><F125/><W18/><G75/><T104/><D104/><U117/><E117/><V11/><F107/><W83/><G124/><T73/><D73/><U32/><E15/><V30/><F37/><W102/><G128/><T42/><D42/><U70/><E51/><V93/><F105/><W28/><G28/><T88/><D129/><U14/><E14/><V87/><F87/><W134/><G134/><T22/><D22/><U74/><E109/><V78/><F78/><W38/><G38/><T92/><D69/><U81/><E81/><V121/><F95/><W97/><G0/><T41/><D41/><U44/><REACH who="1" step="1"/><E135/><REACH who="1" ten="250,240,250,250" step="2"/><V24/><F121/><W20/><G3/><T65/><D89/><U77/><E77/><V10/><F10/><W34/><G103/><T17/><AGARI ba="0,1" hai="9,13,17,21,26,29,50,52,57,65,66,86,88,92" machi="17" ten="20,12000,1" yaku="0,1,7,1,8,1,54,2" doraHai="43" who="0" fromWho="0" sc="250,130,240,-40,250,-40,250,-40" /><INIT seed="0,1,0,3,3,20" ten="380,200,210,210" oya="0" hai0="119,80,15,97,86,54,116,74,126,21,8,123,42" hai1="124,26,92,115,58,125,122,66,0,129,114,71,64" hai2="23,105,34,120,30,36,65,55,73,98,132,62,9" hai3="96,41,93,38,100,47,81,25,104,48,33,31,82"/><T101/><D123/><U10/><E71/><V102/><F120/><W89/><REACH who="3" step="1"/><G38/><REACH who="3" ten="380,200,210,200" step="2"/><T35/><D119/><U107/><E122/><V94/><F36/><W7/><G7/><T79/><D116/><U28/><E115/><V67/><F132/><W69/><G69/><T5/><D126/><U44/><E114/><V14/><F67/><W68/><G68/><T27/><D42/><U60/><E66/><V2/><F55/><W109/><G109/><T13/><D54/><U108/><E108/><V11/><F65/><W22/><G22/><T4/><D35/><U19/><E64/><V3/><F34/><W12/><G12/><T17/><D13/><U87/><E125/><V95/><F3/><W121/><G121/><T133/><D133/><U49/><E124/><V134/><F2/><W72/><G72/><T106/><REACH who="0" step="1"/><D74/><REACH who="0" ten="370,200,210,200" step="2"/><U53/><E0/><V57/><F73/><W29/><G29/><AGARI ba="1,2" hai="4,5,8,15,17,21,27,29,79,80,86,97,101,106" machi="29" ten="30,11600,0" yaku="1,1,2,1,7,1,52,1,53,0" doraHai="20" doraHaiUra="113" who="0" fromWho="3" sc="370,139,200,0,210,0,200,-119" /><INIT seed="0,2,0,5,0,76" ten="509,200,210,81" oya="0" hai0="129,8,48,121,111,63,120,7,131,11,82,83,41" hai1="59,21,55,125,38,106,135,113,4,68,33,114,72" hai2="69,50,36,6,56,34,47,109,64,133,92,73,71" hai3="100,57,124,23,84,49,46,127,81,108,123,66,91"/><T51/><D63/><U19/><E68/><N who="2" m="26187" /><F34/><W110/><G123/><T2/><D41/><U62/><E33/><V128/><F6/><W15/><G100/><T1/><REACH who="0" step="1"/><D7/><REACH who="0" ten="499,200,210,81" step="2"/><U130/><E4/><V89/><F133/><W42/><G127/><T67/><D67/><U102/><E62/><V65/><F64/><W134/><G124/><T119/><D119/><U52/><E125/><V116/><F65/><W104/><G134/><T28/><D28/><U74/><E135/><V99/><F116/><W126/><G126/><T39/><D39/><U105/><E38/><V61/><F36/><W30/><G30/><T95/><D95/><U12/><E55/><V22/><F92/><W86/><G104/><T5/><D5/><U13/><E106/><V93/><F93/><W43/><G43/><T87/><D87/><U96/><E52/><V85/><F61/><W0/><G66/><T117/><D117/><U98/><E105/><V10/><F85/><W32/><G84/><T3/><D3/><U60/><E60/><V115/><F73/><W44/><G0/><T97/><D97/><U26/><E98/><V80/><F99/><W90/><G42/><T88/><D88/><U101/><E96/><V35/><F89/><W122/><G91/><T16/><D16/><U94/><E94/><V103/><F103/><W107/><G107/><T27/><D27/><U24/><E19/><V18/><F18/><W20/><G90/><T40/><D40/><U17/><E17/><V112/><F112/><W77/><G86/><T53/><D53/><U45/><E114/><V58/><F115/><RYUUKYOKU ba="2,1" sc="499,30,200,-10,210,-10,81,-10" hai0="1,2,8,11,48,51,82,83,111,120,121,129,131" /><INIT seed="0,3,1,3,4,80" ten="529,190,200,71" oya="0" hai0="49,78,29,129,105,57,27,104,123,101,102,117,72" hai1="71,66,61,59,52,58,133,56,70,41,81,126,130" hai2="5,44,32,77,24,13,116,135,107,111,96,9,20" hai3="51,87,47,53,2,99,124,22,121,95,120,68,65"/><T43/><D117/><U40/><E126/><V48/><F116/><W83/><G2/><T69/><D123/><N who="3" m="47177" /><G124/><T17/><D129/><U31/><E130/><V115/><F115/><W134/><G134/><T54/><D69/><N who="1" m="26123" /><E81/><V127/><F111/><W63/><G22/><T113/><D113/><U112/><E31/><V88/><F135/><W1/><G1/><T35/><D72/><U45/><E133/><V109/><F109/><W73/><G73/><T79/><D43/><N who="1" m="16459" /><E112/><V23/><F77/><N who="3" m="46575" /><G95/><T75/><D75/><U7/><E7/><V90/><F32/><W91/><G99/><T38/><D38/><U33/><E33/><V8/><F23/><W118/><G118/><T16/><D78/><U82/><E82/><V85/><F9/><W36/><G36/><T62/><D79/><U46/><E59/><V97/><F107/><W93/><G93/><T11/><D105/><U89/><E89/><AGARI ba="3,1" hai="47,51,53,63,65,68,89,91" m="46575,47177" machi="89" ten="30,2000,0" yaku="13,1,52,1" doraHai="80" who="3" fromWho="1" sc="529,0,190,-29,200,0,71,39" /><INIT seed="1,0,0,5,2,111" ten="529,161,200,110" oya="1" hai0="79,10,107,55,3,71,99,73,50,98,130,97,103" hai1="26,76,125,105,62,18,37,113,28,67,122,5,7" hai2="49,114,100,74,44,129,92,88,66,134,102,101,42" hai3="77,21,93,15,30,31,83,104,0,58,85,116,17"/><U87/><E122/><V43/><F74/><W2/><G104/><T19/><D130/><U115/><E37/><V63/><F129/><W112/><G112/><T6/><D71/><U8/><E105/><V16/><F134/><W96/><G116/><T84/><D73/><U47/><E125/><V118/><F118/><W13/><G58/><T60/><D60/><U121/><E47/><V53/><F114/><W128/><G128/><T14/><D79/><U120/><E18/><V24/><F24/><W32/><G15/><T56/><REACH who="0" step="1"/><D84/><REACH who="0" ten="519,161,200,110" step="2"/><U34/><E121/><V117/><F117/><W110/><G110/><T89/><D89/><U27/><E120/><V106/><F106/><W9/><G32/><T35/><D35/><U119/><E119/><V95/><F88/><W1/><REACH who="3" step="1"/><G21/><AGARI ba="0,1" hai="3,6,10,14,19,21,50,55,56,97,98,99,103,107" machi="21" ten="30,2000,0" yaku="1,1,7,1,53,0" doraHai="111" doraHaiUra="57" who="0" fromWho="3" sc="519,30,161,0,200,0,110,-20" /><INIT seed="2,0,0,0,5,41" ten="549,161,200,90" oya="2" hai0="65,46,101,130,100,111,92,16,81,135,107,17,84" hai1="95,6,129,96,28,2,70,15,58,24,121,114,102" hai2="110,74,85,37,44,105,103,39,125,7,14,98,1" hai3="91,4,12,117,49,18,31,50,113,32,21,8,63"/><V79/><F125/><W112/><G117/><T75/><D111/><U19/><E70/><V33/><F14/><W116/><G116/><T93/><D130/><U128/><E114/><N who="3" m="44138" /><G63/><T87/><D135/><U29/><E121/><V80/><F33/><W99/><G32/><T90/><D65/><U51/><E6/><V62/><F85/><W133/><G31/><T53/><D75/><U124/><E2/><V27/><F27/><N who="3" m="14775" /><G133/><T64/><D64/><U123/><E124/><V73/><F62/><W52/><G99/><T54/><D107/><U57/><E123/><V69/><F105/><W120/><G120/><T56/><D56/><U59/><E51/><N who="3" m="19466" /><G91/><T94/><D81/><U119/><E119/><V36/><F98/><W118/><G118/><T43/><D90/><U108/><E108/><V126/><F80/><W77/><G77/><T104/><D104/><U11/><REACH who="1" step="1"/><E29/><REACH who="1" ten="549,151,200,90" step="2"/><V106/><F1/><W61/><G61/><T115/><D115/><U60/><E60/><V89/><F7/><W45/><G52/><N who="0" m="20075" /><D87/><U134/><E134/><V0/><F74/><W88/><G88/><T132/><D84/><U48/><E48/><V30/><F73/><W22/><G22/><AGARI ba="0,1" hai="11,15,19,22,24,28,57,58,59,95,96,102,128,129" machi="22" ten="40,2600,0" yaku="1,1,53,1" doraHai="41" doraHaiUra="20" who="1" fromWho="3" sc="549,0,151,36,200,0,90,-26" /><INIT seed="3,0,0,1,3,82" ten="549,187,200,64" oya="3" hai0="4,36,93,74,56,119,81,116,132,3,102,46,7" hai1="48,78,96,76,124,12,39,58,84,69,77,127,8" hai2="113,40,50,121,20,11,64,52,34,68,31,95,120" hai3="28,63,47,83,108,24,91,99,59,114,67,16,9"/><W42/><G114/><T131/><D132/><U115/><E69/><V35/><F113/><W118/><G118/><T17/><D131/><U73/><E39/><V94/><F40/><W112/><G112/><T49/><D17/><U105/><E73/><V117/><F117/><W89/><G108/><T104/><D104/><U41/><E115/><V10/><F20/><W135/><G135/><T45/><D36/><U44/><E58/><V100/><F64/><W26/><G99/><T0/><D74/><U25/><E25/><N who="2" m="18799" /><F35/><W71/><G71/><T38/><D38/><U60/><E60/><V57/><F68/><W27/><G28/><T122/><D81/><N who="1" m="47143" /><E96/><N who="2" m="59415" /><F95/><W86/><G91/><T32/><D122/><AGARI ba="0,0" hai="10,11,50,52,57,120,121,122" m="59415,18799" machi="122" ten="30,2000,0" yaku="13,1,54,1" doraHai="82" who="2" fromWho="0" sc="549,-20,187,0,200,20,64,0" owari="529,62.9,187,-21.3,220,2.0,64,-43.6" /></mjloggm>