<mjloggm ver="2.3"><GO type="225" lobby="0"/><UN n0="%E3%81%A1%E3%82%85%E3%81%86%E3%81%A9%E3%81%8F%E8%B1%A1%E3%81%95%E3%82%93" n1="%E3%81%B8%E3%82%80%E3%81%B8%E3%82%80%EF%BC%92%E5%8F%B7" n2="%E3%81%86%E3%82%8C%E3%81%9F%E3%82%93%E6%9E%95" n3="%72%69%6F%75%63%68%61%6E" dan="16,17,16,17" rate="2125.76,2201.65,2109.68,2262.95" sx="M,M,F,M"/><TAIKYOKU oya="0"/><INIT seed="0,0,0,0,3,78" ten="250,250,250,250" oya="0" hai0="60,45,123,6,54,57,68,79,104,52,0,24,19" hai1="128,101,10,69,74,1,33,41,2,4,23,81,35" hai2="36,83,63,95,86,126,38,124,25,8,82,94,51" hai3="121,92,127,42,125,44,77,133,15,49,5,16,66"/><T105/><D123/><U99/><E128/><V119/><F119/><W30/><G133/><T29/><D68/><U71/><E23/><V120/><F120/><W103/><G121/><T48/><D19/><U85/><E1/><V84/><F51/><W93/><G30/><T115/><D115/><U89/><E41/><V13/><F25/><W98/><G5/><T106/><D79/><U132/><E132/><V111/><F111/><W134/><G134/><T108/><D108/><U32/><REACH who="1" step="1"/><E74/><REACH who="1" ten="250,240,250,250" step="2"/><V113/><F113/><W50/><G127/><T20/><REACH who="0" step="1"/><D105/><AGARI ba="0,1" hai="2,4,10,32,33,35,69,71,81,85,89,99,101,105" machi="105" ten="40,5200,0" yaku="1,1,2,1,52,1,53,0" doraHai="78" doraHaiUra="118" who="1" fromWho="0" sc="250,-52,240,62,250,0,250,0" /><INIT seed="1,0,0,3,4,68" ten="198,302,250,250" oya="1" hai0="122,52,69,102,97,71,105,120,19,40,15,135,96" hai1="106,92,32,129,127,117,24,60,94,123,133,48,59" hai2="25,132,6,8,53,73,90,46,76,70,119,75,134" hai3="26,34,99,4,20,38,114,5,49,87,67,89,113"/><U18/><E117/><V83/><F119/><W101/><G34/><T78/><D78/><U62/><E123/><N who="0" m="47145" /><D135/><N who="2" m="51754" /><F70/><W128/><G38/><T112/><D112/><U11/><E106/><V51/><F25/><W44/><G128/><T3/><D3/><U81/><E133/><V125/><F90/><W41/><G67/><T103/><D40/><U91/><E32/><V50/><F50/><W7/><G87/><T124/><D124/><U74/><E74/><N who="2" m="43415" /><F125/><W82/><G82/><T54/><D69/><U35/><E81/><V108/><F108/><W79/><G89/><T12/><D71/><U72/><E91/><V126/><F126/><W30/><REACH who="3" step="1"/><G79/><REACH who="3" ten="198,302,250,240" step="2"/><T66/><D66/><U111/><E127/><V80/><F80/><W110/><G110/><T131/><D131/><U57/><E111/><V84/><F84/><W100/><G100/><T65/><D65/><U10/><E129/><V43/><F43/><W77/><G77/><T130/><D130/><U116/><E116/><V13/><AGARI ba="0,1" hai="6,8,13,46,51,53,73,75" m="43415,51754" machi="13" ten="30,1100,0" yaku="20,1" doraHai="68" who="2" fromWho="2" sc="198,-3,302,-5,250,21,240,-3" /><INIT seed="2,0,0,2,1,128" ten="195,297,271,237" oya="2" hai0="133,107,4,68,130,95,36,87,104,0,85,70,19" hai1="20,91,39,16,49,99,7,67,84,79,8,45,88" hai2="109,72,30,47,124,57,31,116,110,78,44,63,118" hai3="14,26,17,92,54,13,41,119,102,10,120,114,64"/><V38/><F72/><W103/><G119/><T2/><D36/><U1/><E39/><V21/><F78/><W56/><G120/><T6/><D95/><U134/><E134/><V125/><F21/><W98/><G114/><T35/><D19/><U80/><E67/><V83/><F83/><W5/><G64/><T97/><D97/><U28/><E28/><V69/><F69/><W122/><G122/><T108/><D108/><N who="2" m="41578" /><F30/><W43/><G103/><T52/><D35/><U74/><E99/><V46/><F31/><W66/><G66/><T129/><REACH who="0" step="1"/><D52/><REACH who="0" ten="185,297,271,237" step="2"/><U32/><E32/><V50/><F38/><W123/><G123/><T132/><AGARI ba="0,1" hai="0,2,4,6,68,70,85,87,104,107,129,130,132,133" machi="132" ten="25,12000,2" yaku="1,1,2,1,0,1,22,2,52,2,53,0" doraHai="128" doraHaiUra="115" who="0" fromWho="0" sc="185,130,297,-30,271,-60,237,-30" /><INIT seed="3,0,0,1,0,41" ten="315,267,211,207" oya="3" hai0="125,57,99,28,110,54,27,81,129,119,46,117,66" hai1="55,20,133,17,94,126,111,109,80,78,118,107,113" hai2="131,5,72,121,9,105,112,104,69,97,135,35,100" hai3="93,130,11,14,42,4,44,32,63,76,132,22,65"/><W91/><G130/><T120/><D120/><U0/><E113/><V134/><F131/><W122/><G132/><N who="2" m="50729" /><F112/><W52/><G122/><T88/><D129/><U62/><E107/><N who="2" m="63887" /><F121/><W77/><G32/><T123/><D66/><U47/><E0/><N who="2" m="167" /><F69/><W98/><G52/><T84/><D54/><U74/><E126/><V114/><F114/><W2/><G22/><T12/><D125/><U10/><E10/><V38/><F72/><W86/><G2/><T49/><D123/><U33/><E33/><V3/><F3/><W83/><G63/><T116/><D116/><U48/><E133/><V87/><F87/><W128/><G128/><T64/><D84/><U108/><E118/><V71/><F71/><W67/><REACH who="3" step="1"/><G76/><REACH who="3" ten="315,267,211,197" step="2"/><T90/><D117/><U50/><E62/><V68/><F68/><W115/><G115/><T21/><D119/><U30/><E30/><V61/><F61/><W82/><G82/><T75/><D81/><U31/><E31/><V15/><F35/><W43/><G43/><T37/><D21/><U96/><E109/><V45/><F15/><W70/><G70/><T18/><D12/><U85/><E111/><V95/><F95/><W6/><G6/><T51/><D110/><U101/><E108/><V92/><F92/><W36/><AGARI ba="0,1" hai="4,11,14,36,42,44,65,67,77,83,86,91,93,98" machi="36" ten="20,7800,0" yaku="1,1,0,1,7,1,52,1,53,0" doraHai="41" doraHaiUra="24" who="3" fromWho="3" sc="315,-26,267,-26,211,-26,197,88" /><INIT seed="3,1,0,5,5,50" ten="289,241,185,285" oya="3" hai0="1,80,57,94,36,111,37,130,134,76,58,126,109" hai1="27,66,96,95,78,26,74,15,42,101,38,54,3" hai2="56,33,23,59,31,46,132,40,79,92,72,68,6" hai3="5,35,43,98,18,12,16,105,125,97,82,60,133"/><W91/><G35/><T30/><D130/><U0/><E66/><V20/><F132/><W2/><G133/><T13/><D134/><U8/><E38/><N who="0" m="14953" /><D126/><U41/><E74/><V67/><F68/><W63/><G125/><T77/><D1/><U106/><E78/><N who="0" m="30313" /><D80/><U128/><E128/><V117/><F117/><W9/><G43/><T100/><D30/><U113/><E113/><V90/><F6/><W110/><G110/><N who="0" m="41995" /><D13/><U22/><E106/><V45/><F79/><W124/><G124/><T14/><D14/><U65/><E65/><V135/><F72/><W131/><G131/><T87/><D100/><U44/><E3/><V69/><F69/><W99/><G105/><T88/><AGARI ba="1,0" hai="57,58,87,88,94" m="41995,30313,14953" machi="88" ten="40,2700,0" yaku="14,1,54,1" doraHai="50" who="0" fromWho="0" sc="289,30,241,-8,185,-8,285,-14" owari="319,41.9,233,-16.7,177,-32.3,271,7.1" /></mjloggm>