<mjloggm ver="2.3"><GO type="225" lobby="0"/><UN n0="%E3%83%B4%E3%83%A0%EF%BC%99%E3%81%A6" n1="%E6%A1%9C%E8%8A%B1%E9%96%83%E3%80%85" n2="%E3%83%8F%E3%83%B3%E3%83%89%E3%83%A9%E3%83%BC%E3%83%BB%E3%83%AF%E3%83%B3" n3="%E3%80%90%E3%83%88%E3%83%AA%E3%83%A5%E3%83%95%E3%80%91" dan="16,17,17,16" rate="2129.27,2178.23,2161.26,2091.21" sx="M,M,M,M"/><TAIKYOKU oya="0"/><INIT seed="0,0,0,0,0,134" ten="250,250,250,250" oya="0" hai0="56,28,18,63,42,119,114,13,55,102,127,82,91" hai1="16,40,53,26,75,27,69,66,86,65,85,121,98" hai2="32,15,129,125,4,94,68,31,131,78,29,123,58" hai3="101,5,49,122,47,34,100,96,87,118,67,77,25"/><T7/><D114/><U105/><E121/><V90/><F68/><W92/><G118/><T11/><D119/><U104/><E75/><V61/><F123/><W120/><G67/><T103/><D28/><U126/><E53/><V108/><F78/><W115/><G115/><T60/><D127/><U0/><E98/><V22/><F32/><W50/><G5/><T99/><D42/><U35/><E40/><V19/><F4/><W111/><G111/><T6/><D63/><U14/><E14/><V44/><F44/><W128/><G128/><N who="2" m="49225" /><F108/><W71/><G71/><T23/><D6/><U36/><E69/><V64/><F125/><W54/><G50/><T110/><D110/><U10/><E0/><V83/><F83/><N who="3" m="47599" /><G34/><T112/><D112/><U116/><E35/><V41/><F41/><W113/><G113/><T20/><D20/><U37/><E10/><V48/><F48/><W17/><G120/><T84/><REACH who="0" step="1"/><D99/><AGARI ba="0,0" hai="15,19,22,29,31,58,61,64,90,94,99" m="49225" machi="99" ten="30,1000,0" yaku="19,1" doraHai="134" who="2" fromWho="0" sc="250,-10,250,0,250,10,250,0" /><INIT seed="1,0,0,4,0,105" ten="240,250,260,250" oya="1" hai0="114,112,18,133,111,52,92,64,45,47,56,71,55" hai1="103,61,126,8,57,0,49,89,69,87,107,70,27" hai2="28,106,15,67,127,68,3,19,101,2,26,66,81" hai3="10,53,125,62,99,77,74,108,123,130,23,120,39"/><U21/><E126/><V94/><F127/><W80/><G125/><T5/><D5/><U51/><E107/><V93/><F106/><W54/><G108/><T59/><D18/><U36/><E36/><V42/><F42/><W119/><G39/><T102/><D92/><U124/><E103/><V90/><F81/><W121/><G130/><T6/><D6/><U11/><E70/><V131/><F131/><W29/><G10/><N who="1" m="3626" /><E69/><V96/><F2/><W48/><G119/><T78/><D102/><U31/><E0/><V1/><F1/><W63/><G99/><T20/><D20/><U34/><E34/><V129/><F3/><W30/><G54/><N who="0" m="20523" /><D78/><U17/><E17/><V91/><F129/><W115/><G115/><N who="0" m="44075" /><D111/><U58/><E58/><N who="0" m="22057" /><D133/><U35/><E35/><V32/><F101/><W22/><G22/><T41/><D41/><U118/><E124/><V132/><F132/><W73/><G73/><T113/><N who="0" m="44083" /><T65/><DORA hai="85" /><D71/><U7/><E7/><V72/><F72/><W13/><G30/><T24/><D24/><U79/><E79/><V14/><F68/><W43/><G43/><T116/><D116/><U100/><E100/><V16/><F19/><W46/><REACH who="3" step="1"/><G13/><REACH who="3" ten="240,250,260,240" step="2"/><T75/><D75/><U109/><E118/><V83/><F14/><W86/><G86/><T104/><D104/><U117/><E117/><V60/><F15/><W135/><G135/><T98/><D98/><U95/><E109/><V128/><F128/><W134/><G134/><T50/><D50/><U110/><E110/><V37/><F96/><W4/><G4/><T76/><D76/><RYUUKYOKU ba="0,1" sc="240,10,250,10,260,-30,240,10" hai0="45,47,64,65" hai1="21,27,31,49,51,57,61,87,89,95" hai3="23,29,46,48,53,62,63,74,77,80,120,121,123" /><INIT seed="1,1,1,3,0,38" ten="250,260,230,250" oya="1" hai0="27,14,63,119,116,99,2,92,41,95,64,114,26" hai1="78,87,12,110,81,11,134,56,108,80,91,31,66" hai2="24,85,107,102,60,77,94,135,3,103,113,96,97" hai3="61,101,52,82,4,89,7,130,19,16,10,67,129"/><U72/><E134/><V54/><F3/><W44/><G101/><T112/><D2/><U46/><E31/><V17/><F135/><W53/><G89/><T104/><D104/><U45/><E56/><V86/><F113/><W6/><G82/><T76/><D76/><U73/><E66/><V35/><F77/><W22/><G10/><T50/><D14/><U120/><E120/><V36/><F36/><W68/><G19/><T121/><D121/><U29/><E29/><V71/><F54/><W123/><G123/><T69/><D112/><U20/><E20/><V13/><F13/><N who="3" m="9487" /><G44/><T47/><D92/><U74/><E81/><V1/><F1/><W133/><G133/><T23/><D114/><U57/><E91/><V90/><F90/><W105/><G105/><T98/><D98/><U9/><E9/><V48/><F17/><W8/><G8/><T18/><D27/><U42/><E46/><V21/><F21/><W25/><G25/><T100/><AGARI ba="1,1" hai="18,23,26,41,47,50,63,64,69,95,99,100,116,119" machi="100" ten="20,2700,0" yaku="0,1,7,1,52,1" doraHai="38" who="0" fromWho="0" sc="250,40,260,-14,230,-8,250,-8" /><INIT seed="2,0,0,1,5,48" ten="290,246,222,242" oya="2" hai0="125,12,109,108,20,36,16,124,83,76,93,1,128" hai1="91,38,56,81,52,94,79,115,64,18,131,53,118" hai2="34,96,17,127,49,57,82,44,133,84,10,5,13" hai3="54,30,95,46,69,92,15,74,62,100,19,25,7"/><V75/><F127/><N who="0" m="48714" /><D36/><U119/><E115/><V9/><F133/><W8/><G74/><N who="0" m="43415" /><D1/><U59/><E38/><V132/><F132/><W106/><G7/><T112/><D112/><U126/><E126/><V22/><F34/><W80/><G80/><T72/><D72/><U77/><E131/><V107/><F75/><W11/><G11/><T28/><D128/><U31/><E31/><V4/><F57/><N who="1" m="22089" /><E119/><V98/><F5/><W89/><G69/><T85/><D28/><U14/><E64/><V116/><F116/><W51/><G62/><T41/><D41/><U6/><E6/><V63/><F63/><W24/><G106/><T35/><D35/><U3/><E81/><V114/><F114/><W27/><G100/><T121/><D121/><U50/><E3/><V68/><F68/><W122/><G122/><T88/><AGARI ba="0,0" hai="12,16,20,85,88,93,108,109" m="43415,48714" machi="88" ten="30,4000,0" yaku="18,1,54,2" doraHai="48" who="0" fromWho="0" sc="290,40,246,-10,222,-20,242,-10" /><INIT seed="3,0,0,3,0,22" ten="330,236,202,232" oya="3" hai0="80,77,91,105,73,130,86,53,17,62,56,116,45" hai1="55,90,75,6,81,2,68,98,126,54,8,96,104" hai2="61,114,127,49,39,63,72,19,47,111,28,123,99" hai3="135,20,88,125,43,128,92,89,112,29,100,0,69"/><W97/><G112/><T7/><D105/><U48/><E68/><V11/><F114/><W83/><G69/><T27/><D116/><U40/><E126/><V84/><F72/><W122/><G122/><T9/><D130/><U31/><E31/><V71/><F39/><W13/><G0/><T32/><D45/><U58/><E40/><V34/><F111/><W131/><G43/><T14/><D32/><U95/><E104/><V106/><F127/><W66/><G66/><T124/><D124/><U117/><E117/><V3/><F123/><W103/><G135/><T60/><D60/><U132/><E132/><V30/><F84/><N who="3" m="50207" /><G13/><T38/><D38/><U94/><E81/><V46/><F30/><W67/><G67/><T44/><D44/><U50/><E75/><V24/><F71/><W102/><G125/><T134/><D134/><U16/><E16/><V1/><F1/><W87/><G29/><T52/><D53/><U21/><E55/><V133/><F133/><W78/><G20/><N who="0" m="13711" /><D73/><U108/><E21/><V15/><F3/><W57/><G57/><T12/><D14/><N who="1" m="5399" /><E108/><V18/><F18/><W79/><G131/><T107/><D107/><U59/><E2/><V4/><F19/><W74/><G74/><T33/><D33/><U115/><E115/><V129/><F129/><W101/><G128/><T42/><D42/><U120/><E120/><V25/><F47/><W23/><G23/><T110/><D110/><U51/><E59/><V93/><F106/><AGARI ba="0,0" hai="78,79,87,89,92,97,100,101,102,103,106" m="50207" machi="106" ten="30,18000,2" yaku="35,5,54,1" doraHai="22" who="3" fromWho="2" sc="330,0,236,0,202,-180,232,180" owari="330,13.0,236,-16.4,22,-47.8,412,51.2" /></mjloggm>