<mjloggm ver="2.3"><GO type="225" lobby="0"/><UN n0="%E8%90%BD%E6%97%A5" n1="%E5%8D%A0%E3%81%84%E5%B8%AB%E8%A3%8F%E3%81%AA%E3%81%84%E3%81%97" n2="%6D%61%74%69%67%75%73%61" n3="%73%61%6B%6F%EF%BC%A0%E6%9C%80" dan="17,17,17,16" rate="2215.78,2185.28,2183.22,2193.60" sx="F,M,M,M"/><TAIKYOKU oya="0"/><INIT seed="0,0,0,4,5,78" ten="250,250,250,250" oya="0" hai0="41,110,37,23,88,127,5,9,112,16,27,64,38" hai1="128,99,48,12,129,58,39,126,55,19,121,111,70" hai2="50,65,11,131,2,115,125,66,71,102,132,73,81" hai3="79,4,26,57,134,10,56,33,96,77,6,21,74"/><T7/><D112/><U120/><E111/><V107/><F50/><W90/><G33/><T47/><D127/><U68/><E99/><V51/><F51/><W13/><G134/><T54/><D110/><U105/><E105/><V32/><BYE who="1" /><F131/><W87/><G4/><UN n1="%E5%8D%A0%E3%81%84%E5%B8%AB%E8%A3%8F%E3%81%AA%E3%81%84%E3%81%97" /><T92/><D38/><U101/><E101/><V118/><F66/><W0/><G0/><T98/><D64/><U45/><E19/><V91/><F91/><W106/><G106/><T52/><D5/><U80/><E12/><AGARI ba="0,0" hai="7,9,12,16,23,27,37,41,47,52,54,88,92,98" machi="12" ten="30,11600,0" yaku="7,1,54,3" doraHai="78" who="0" fromWho="1" sc="250,116,250,-116,250,0,250,0" /><INIT seed="0,1,0,3,3,55" ten="366,134,250,250" oya="0" hai0="131,46,111,66,135,106,59,122,52,13,54,19,30" hai1="32,123,7,27,76,82,93,120,51,99,87,61,133" hai2="37,70,77,107,40,75,43,100,8,6,67,86,62" hai3="112,88,31,118,129,92,74,98,117,96,104,28,2"/><T78/><D122/><U115/><E133/><V121/><F121/><W130/><G2/><T41/><D106/><U83/><E115/><V85/><F43/><W95/><G74/><T24/><D135/><U15/><E15/><BYE who="1" /><V125/><F125/><W21/><G21/><T134/><D134/><U20/><E20/><V94/><F107/><W45/><G45/><T73/><D131/><N who="3" m="50185" /><G104/><UN n1="%E5%8D%A0%E3%81%84%E5%B8%AB%E8%A3%8F%E3%81%AA%E3%81%84%E3%81%97" /><T89/><D111/><U1/><E1/><V5/><F40/><W50/><G50/><T38/><D78/><U72/><E51/><V17/><F77/><W53/><G53/><T10/><D73/><U56/><E7/><V36/><F5/><W39/><G39/><T109/><D109/><U116/><E116/><N who="3" m="44650" /><G112/><T23/><D89/><AGARI ba="1,0" hai="28,31,88,89,92,95,96,98" m="44650,50185" machi="89" ten="30,2000,0" yaku="19,1,54,1" doraHai="55" who="3" fromWho="0" sc="366,-23,134,0,250,0,250,23" /><INIT seed="1,0,0,5,2,126" ten="343,134,250,273" oya="1" hai0="40,118,17,7,103,85,4,49,26,79,2,61,113" hai1="19,81,125,22,116,30,104,95,46,33,47,115,15" hai2="96,108,53,62,35,42,83,124,52,106,132,93,14" hai3="41,128,13,44,48,32,123,134,117,29,8,76,23"/><U114/><E104/><V59/><F35/><W80/><G123/><T50/><D113/><U43/><E116/><V135/><F106/><W86/><G32/><T100/><D118/><U54/><E125/><V133/><F124/><W37/><G117/><T55/><D61/><U98/><E81/><V120/><F120/><W9/><G37/><T27/><D2/><U45/><E43/><V121/><F108/><W127/><G134/><T69/><D69/><U31/><E54/><V91/><F121/><W66/><G66/><T88/><D79/><U51/><E51/><N who="0" m="19465" /><D55/><U77/><E77/><V111/><F111/><W63/><G63/><T34/><D34/><U119/><E119/><V70/><F70/><W24/><G127/><T11/><D40/><U131/><E131/><V105/><F105/><W28/><G128/><T39/><D39/><U25/><REACH who="1" step="1"/><E30/><REACH who="1" ten="343,124,250,273" step="2"/><V20/><F42/><W74/><G74/><T92/><D92/><U71/><E71/><V67/><F83/><W38/><G38/><T36/><D36/><U21/><E21/><V101/><F53/><W97/><G29/><T99/><D11/><U12/><E12/><V0/><F14/><W60/><G60/><T112/><D112/><U3/><E3/><V129/><F0/><W56/><G56/><T72/><D72/><U1/><E1/><V90/><F129/><W68/><G68/><T64/><D64/><U87/><E87/><V58/><F20/><W73/><G73/><T65/><D85/><U107/><E107/><V10/><F10/><N who="3" m="4203" /><G13/><T75/><D75/><U84/><E84/><V16/><F133/><RYUUKYOKU ba="0,1" sc="343,-15,124,15,250,-15,273,15" hai1="15,19,22,25,31,33,45,46,47,95,98,114,115" hai3="23,24,28,41,44,48,76,80,86,97" /><INIT seed="1,1,1,4,1,7" ten="328,139,235,288" oya="1" hai0="72,37,31,121,84,35,8,5,76,50,58,97,65" hai1="129,66,96,87,47,59,131,82,23,125,30,119,100" hai2="124,106,78,51,92,89,108,71,110,74,81,104,133" hai3="15,13,34,60,102,49,116,88,135,109,115,69,75"/><U43/><E119/><V44/><F71/><W24/><G115/><T0/><D37/><U10/><E125/><V2/><F2/><W134/><G75/><T63/><D121/><U114/><E114/><V132/><F51/><W39/><G39/><T62/><D72/><U28/><E66/><V18/><F18/><W128/><G116/><T118/><D118/><U86/><E59/><V27/><F27/><W20/><G102/><T70/><D50/><N who="1" m="27007" /><E23/><V80/><F80/><W25/><G34/><T11/><D35/><U117/><E117/><V52/><F52/><W126/><G109/><N who="2" m="42089" /><F44/><W53/><G69/><T55/><D31/><N who="1" m="11819" /><E82/><V22/><F22/><W67/><G20/><T9/><REACH who="0" step="1"/><D97/><REACH who="0" ten="318,139,235,288" step="2"/><U94/><E10/><V21/><F124/><W130/><G126/><T103/><D103/><U46/><E46/><V64/><F21/><W26/><G49/><T123/><D123/><U83/><E83/><AGARI ba="1,2" hai="0,5,8,9,11,55,58,62,63,65,70,76,83,84" machi="83" ten="40,12000,2" yaku="1,1,52,3,53,2" doraHai="7" doraHaiUra="56" who="0" fromWho="1" sc="318,143,139,-123,235,0,288,0" /><INIT seed="2,0,0,5,2,74" ten="461,16,235,288" oya="2" hai0="15,44,27,1,58,103,52,77,67,89,62,69,75" hai1="48,20,42,31,127,7,33,115,123,3,84,34,100" hai2="114,90,41,30,5,16,49,95,65,122,102,13,61" hai3="121,51,96,109,80,14,113,32,99,6,60,118,79"/><V56/><F114/><W71/><G118/><T97/><D1/><U81/><E115/><V68/><F122/><W9/><G113/><T45/><D89/><U78/><E123/><V93/><F30/><W98/><G121/><T10/><D27/><U39/><E127/><V104/><F5/><W19/><G109/><T76/><D75/><U128/><E128/><V72/><F72/><W85/><G32/><T116/><D116/><U83/><E100/><V106/><F102/><W108/><G108/><T125/><D125/><U36/><E20/><V110/><F95/><W131/><G131/><T135/><D135/><U53/><E31/><V46/><F68/><W0/><G51/><T105/><D45/><U63/><E63/><V55/><F41/><W28/><G28/><T43/><D67/><U47/><E36/><V59/><F46/><W92/><G60/><T134/><D134/><U50/><E83/><V132/><F132/><W120/><G71/><T12/><D12/><U124/><E124/><V70/><F70/><W130/><G120/><T88/><D88/><U54/><E39/><V25/><F25/><W64/><G64/><T129/><D69/><U17/><E17/><V119/><F119/><W21/><REACH who="3" step="1"/><G130/><REACH who="3" ten="461,16,235,278" step="2"/><T87/><D129/><U23/><E23/><N who="2" m="11663" /><F110/><W4/><G4/><T37/><D37/><U94/><E94/><AGARI ba="0,1" hai="0,6,9,14,19,21,79,80,85,92,94,96,98,99" machi="94" ten="40,2600,0" yaku="1,1,52,1,53,0" doraHai="74" doraHaiUra="126" who="3" fromWho="1" sc="461,0,16,-26,235,0,278,36" owari="461,56.1,-10,-51.0,235,-16.5,314,11.4" /></mjloggm>