<mjloggm ver="2.3"><GO type="225" lobby="0"/><UN n0="%E7%A7%8B%E6%9C%88%E7%9C%9F%E7%90%86%E4%BA%9E" n1="%E6%B0%B7%E5%B7%9D%E9%87%8C%E5%A5%88" n2="%E3%81%AF%E3%82%88%E3%81%8A%E3%81%98%E3%81%95%E3%82%93" n3="%E3%81%99%E3%81%84%E3%81%BE%E3%81%9B%E3%83%BC%E3%82%93" dan="16,16,17,16" rate="2128.73,2163.41,2162.48,2206.74" sx="M,F,M,M"/><TAIKYOKU oya="0"/><INIT seed="0,0,0,2,1,3" ten="250,250,250,250" oya="0" hai0="11,2,57,68,35,112,14,130,77,115,109,114,99" hai1="26,81,78,87,88,40,116,100,92,0,12,63,33" hai2="106,49,113,86,22,7,32,134,30,23,60,6,28" hai3="124,103,48,66,46,79,110,56,121,82,59,44,37"/><T18/><D68/><U15/><E116/><V119/><F113/><W101/><G110/><T75/><D130/><U74/><E40/><V31/><F106/><W80/><G124/><T84/><D75/><U91/><E0/><V53/><F32/><W10/><G121/><T58/><D35/><U128/><E128/><V64/><F134/><W39/><G48/><T52/><D109/><U1/><E1/><V122/><F122/><W96/><G10/><T102/><D2/><U17/><E100/><V94/><F119/><W89/><G89/><T71/><D71/><U65/><E91/><N who="2" m="53623" /><F64/><W70/><G66/><T111/><D111/><U123/><E123/><V24/><F60/><W9/><G9/><T42/><D42/><U85/><E74/><V27/><F28/><W129/><G70/><T72/><D72/><U126/><E126/><V95/><F95/><W127/><G127/><T16/><D18/><U117/><E117/><V19/><F19/><W8/><G8/><T61/><D57/><AGARI ba="0,0" hai="6,7,22,23,24,27,30,31,49,53,57" m="53623" machi="57" ten="30,3900,0" yaku="8,1,52,2" doraHai="3" who="2" fromWho="0" sc="250,-39,250,0,250,39,250,0" /><INIT seed="1,0,0,1,0,114" ten="211,250,289,250" oya="1" hai0="62,98,119,94,40,125,97,73,23,104,105,20,68" hai1="61,24,108,117,27,71,84,100,51,12,48,29,118" hai2="123,5,52,16,101,41,34,43,122,92,26,83,103" hai3="80,90,130,111,42,50,99,88,76,81,65,133,131"/><U115/><E115/><V21/><F34/><W75/><G65/><T11/><D73/><U78/><E100/><V74/><F5/><W39/><G39/><T116/><D125/><U57/><E71/><V33/><F33/><W37/><G37/><T4/><D40/><U77/><E12/><V46/><F123/><W3/><G3/><T17/><D104/><U31/><E84/><V38/><F122/><W95/><G133/><T67/><D105/><U49/><E108/><V14/><F41/><W32/><G32/><T106/><D106/><U102/><E102/><V15/><F83/><W28/><G28/><N who="1" m="10826" /><E61/><V96/><F74/><W7/><G7/><T66/><D66/><U63/><E63/><V54/><F101/><W47/><REACH who="3" step="1"/><G111/><REACH who="3" ten="211,250,289,240" step="2"/><T53/><D53/><U60/><E60/><V112/><F112/><W58/><G58/><T89/><D97/><U110/><E57/><V6/><F6/><W93/><G93/><T13/><REACH who="0" step="1"/><D23/><REACH who="0" ten="201,250,289,240" step="2"/><U82/><E110/><V56/><F54/><W0/><G0/><AGARI ba="0,2" hai="0,4,11,13,17,20,62,67,68,89,94,98,116,119" machi="0" ten="30,8000,1" yaku="1,1,2,1,7,1,52,2,53,0" doraHai="114" doraHaiUra="70" who="0" fromWho="3" sc="201,100,250,0,289,0,240,-80" /><INIT seed="2,0,0,2,4,49" ten="301,250,289,160" oya="2" hai0="90,113,92,68,43,60,97,34,41,93,28,59,79" hai1="23,88,132,96,127,98,64,102,73,80,63,11,47" hai2="78,35,67,125,40,9,82,99,32,83,72,51,29" hai3="12,111,71,107,46,2,134,21,13,50,14,123,27"/><V42/><F125/><W121/><G107/><T100/><D113/><U4/><E132/><V48/><F67/><W108/><G71/><T128/><D128/><U95/><E127/><V52/><F99/><W87/><G2/><T103/><D68/><U10/><E23/><V118/><F118/><W37/><G37/><T69/><D79/><U76/><E47/><V54/><F9/><W30/><G87/><T77/><D77/><U66/><E63/><V16/><F78/><W105/><G105/><T116/><D69/><U122/><E11/><V135/><F29/><W7/><G7/><T36/><D36/><U115/><E122/><V89/><F89/><W6/><G6/><T57/><D57/><U53/><E53/><V38/><F38/><W120/><REACH who="3" step="1"/><G134/><REACH who="3" ten="301,250,289,150" step="2"/><T19/><D116/><U81/><E4/><V5/><F5/><W117/><G117/><T112/><D112/><U31/><E96/><V75/><F135/><W70/><G70/><T56/><D97/><U0/><E98/><V106/><F106/><W94/><G94/><T109/><D92/><U86/><E95/><V8/><F75/><W55/><AGARI ba="0,1" hai="12,13,14,21,27,30,46,50,55,108,111,120,121,123" machi="55" ten="40,5200,0" yaku="1,1,0,1,52,1,53,0" doraHai="49" doraHaiUra="133" who="3" fromWho="3" sc="301,-13,250,-13,289,-26,150,62" /><INIT seed="3,0,0,2,4,24" ten="288,237,263,212" oya="3" hai0="130,86,21,105,67,48,80,16,70,36,62,114,54" hai1="25,117,83,18,132,108,47,129,12,119,96,111,51" hai2="27,2,84,110,55,72,112,131,1,41,34,133,28" hai3="50,99,15,92,73,125,127,71,91,69,128,95,75"/><W14/><G50/><T121/><D121/><U22/><E83/><V79/><F112/><W115/><G115/><T124/><D114/><U94/><E132/><V33/><F72/><N who="3" m="27723" /><G128/><T10/><D105/><U52/><E129/><V39/><F131/><W3/><G3/><T102/><D102/><U31/><E117/><V57/><F133/><W8/><G92/><T90/><D124/><N who="3" m="47689" /><G15/><N who="0" m="7287" /><D130/><U120/><E120/><V11/><F1/><W76/><G76/><T49/><D49/><U20/><REACH who="1" step="1"/><E119/><REACH who="1" ten="288,227,263,212" step="2"/><V77/><F79/><W7/><AGARI ba="0,1" hai="7,8,14,69,71,91,95,99" m="47689,27723" machi="7" ten="30,1500,0" yaku="18,1" doraHai="24" who="3" fromWho="3" sc="288,-5,227,-5,263,-5,212,25" /><INIT seed="3,1,0,4,1,40" ten="283,222,258,237" oya="3" hai0="61,66,82,116,102,122,129,47,86,132,118,125,58" hai1="54,73,71,29,56,84,11,37,38,20,16,50,53" hai2="25,99,93,76,26,65,123,7,34,62,113,87,75" hai3="8,89,78,18,46,14,109,103,4,13,110,130,43"/><W91/><G130/><T120/><D129/><U52/><E73/><V97/><F113/><W107/><G78/><T6/><D125/><U28/><E71/><V72/><F7/><W44/><G103/><T15/><D132/><U128/><E128/><V70/><F123/><W81/><G107/><T55/><D102/><U92/><E37/><V90/><F97/><W39/><G46/><T10/><D120/><U24/><E38/><V21/><F34/><W131/><G131/><T12/><D12/><U64/><E11/><V105/><F25/><W49/><G39/><T77/><D122/><U9/><E9/><V83/><REACH who="2" step="1"/><F105/><REACH who="2" ten="283,222,248,237" step="2"/><W23/><G81/><T60/><D116/><U42/><E29/><AGARI ba="1,1" hai="21,26,29,62,65,70,72,75,76,83,87,90,93,99" machi="29" ten="30,3900,0" yaku="1,1,2,1,7,1,53,0" doraHai="40" doraHaiUra="35" who="2" fromWho="1" sc="283,0,222,-42,248,52,237,0" owari="283,8.3,180,-32.0,300,40.0,237,-16.3" /></mjloggm>