<mjloggm ver="2.3"><GO type="225" lobby="0"/><UN n0="%72%65%6E%6B%75%6E" n1="%E3%81%BF%E3%81%BF%E3%81%9A" n2="%E4%BF%BA%E3%81%A8%E5%A6%96%E5%A4%A2" n3="%E3%81%99%E3%81%84%E3%81%BE%E3%81%9B%E3%83%BC%E3%82%93" dan="17,17,17,18" rate="2171.15,2263.48,2194.56,2188.61" sx="M,M,F,M"/><TAIKYOKU oya="0"/><INIT seed="0,0,0,5,4,52" ten="250,250,250,250" oya="0" hai0="94,99,86,1,29,19,104,72,88,116,90,112,128" hai1="43,57,67,92,35,89,127,18,13,60,50,91,122" hai2="114,77,21,110,11,51,32,33,106,73,111,124,121" hai3="25,87,22,23,41,26,61,28,82,120,7,5,48"/><T3/><D116/><U4/><E122/><V20/><F121/><W36/><G36/><T0/><D112/><U133/><E133/><V102/><F114/><W54/><G41/><T63/><D72/><U84/><E127/><V85/><F73/><W103/><G103/><T53/><D128/><U68/><E35/><V130/><F102/><W74/><G61/><T46/><D29/><U131/><E131/><V115/><F106/><W98/><G98/><T37/><D104/><U95/><E4/><V134/><F51/><W107/><G107/><T2/><N who="0" m="0" /><DORA hai="31" /><T40/><D19/><U16/><E13/><V66/><F66/><W123/><G74/><T97/><REACH who="0" step="1"/><D90/><REACH who="0" ten="240,250,250,250" step="2"/><U17/><E18/><V8/><F115/><W12/><G123/><T109/><D109/><N who="2" m="41482" /><F130/><W34/><G120/><T75/><D75/><U93/><E93/><V15/><F134/><W38/><G28/><T126/><D126/><U132/><E132/><V39/><F124/><W76/><G34/><T55/><D55/><U62/><E91/><V65/><F33/><W101/><G54/><T135/><D135/><U71/><E95/><V79/><F32/><W117/><G117/><T105/><D105/><U14/><E17/><V64/><F79/><W27/><G76/><T42/><D42/><U125/><E125/><V80/><F77/><W70/><G5/><T118/><D118/><U44/><E16/><N who="2" m="10271" /><F21/><W6/><G23/><T59/><AGARI ba="0,1" hai="37,40,46,53,59,63,86,88,94,97,99" m="0" machi="59" ten="60,12000,1" yaku="1,1,0,1,52,1,54,1,53,0" doraHai="52,31" doraHaiUra="108,100" who="0" fromWho="0" sc="240,130,250,-40,250,-40,250,-40" /><INIT seed="0,1,0,0,0,11" ten="370,210,210,210" oya="0" hai0="3,43,116,87,29,25,83,97,107,126,5,32,132" hai1="82,56,122,98,37,65,7,35,12,123,44,13,131" hai2="88,54,47,63,21,117,112,55,49,104,125,20,114" hai3="78,4,23,38,61,17,101,14,60,30,127,80,128"/><T10/><D116/><U34/><E98/><V89/><F117/><W18/><G127/><T77/><D126/><U100/><E100/><V85/><F125/><W26/><G128/><T67/><D132/><U129/><E82/><V36/><F104/><W75/><G38/><T68/><D43/><N who="1" m="22639" /><E7/><V0/><F0/><W31/><G4/><T64/><REACH who="0" step="1"/><D68/><REACH who="0" ten="360,210,210,210" step="2"/><U111/><E123/><V50/><F114/><W133/><G133/><T41/><D41/><U73/><E122/><V120/><F112/><W121/><G121/><T1/><D1/><U91/><E131/><V92/><F120/><W66/><G101/><AGARI ba="1,1" hai="3,5,10,25,29,32,64,67,77,83,87,97,101,107" machi="101" ten="40,2000,0" yaku="1,1,53,0" doraHai="11" doraHaiUra="106" who="0" fromWho="3" sc="360,33,210,0,210,0,210,-23" /><INIT seed="0,2,0,0,4,11" ten="393,210,210,187" oya="0" hai0="15,56,105,50,107,76,52,63,65,122,14,89,108" hai1="33,125,79,106,1,53,24,88,114,31,80,118,60" hai2="126,74,57,75,25,91,70,110,9,68,58,123,104" hai3="131,90,81,29,115,86,62,134,30,120,71,39,69"/><T85/><D122/><U3/><E118/><V17/><F123/><W67/><G120/><T99/><D108/><U83/><E106/><V47/><F104/><W4/><G115/><T73/><D73/><U93/><E114/><V42/><F110/><W34/><G134/><T19/><D76/><U49/><E60/><V48/><F126/><W41/><G131/><T92/><D19/><U96/><E125/><V23/><F91/><W51/><G39/><T124/><D124/><U95/><E95/><V16/><F75/><W112/><G112/><T59/><D107/><U78/><E78/><V18/><F74/><W130/><G130/><T135/><D135/><U84/><REACH who="1" step="1"/><E80/><REACH who="1" ten="393,200,210,187" step="2"/><V100/><F70/><W82/><G81/><N who="0" m="49327" /><D105/><U133/><E133/><V36/><F68/><W22/><G71/><T54/><D65/><U101/><E101/><AGARI ba="2,1" hai="14,15,50,52,54,56,59,63,92,99,101" m="49327" machi="101" ten="30,11600,0" yaku="8,1,52,2,54,1" doraHai="11" who="0" fromWho="1" sc="393,132,200,-122,210,0,187,0" /><INIT seed="0,3,0,2,2,63" ten="525,78,210,187" oya="0" hai0="49,110,81,84,71,38,105,96,40,46,70,114,20" hai1="85,117,11,76,93,62,106,45,91,54,37,123,13" hai2="116,102,24,115,67,31,4,135,69,1,134,50,61" hai3="42,33,22,14,21,107,86,23,58,77,29,79,17"/><T128/><D114/><U82/><E117/><V95/><F115/><W129/><G107/><T57/><D128/><U2/><E123/><V99/><F116/><W51/><G129/><T119/><D119/><U41/><E106/><V88/><F50/><W36/><G36/><T68/><D110/><U83/><E2/><V75/><F75/><W98/><G98/><T56/><D38/><U112/><E112/><V130/><F130/><W59/><G33/><T121/><D121/><U10/><E10/><V9/><REACH who="2" step="1"/><F102/><REACH who="2" ten="525,78,200,187" step="2"/><W44/><G51/><T12/><D105/><U47/><E47/><V73/><F73/><W133/><G44/><T3/><D49/><U18/><E54/><V109/><F109/><W64/><G42/><T122/><D46/><U103/><E103/><V113/><F113/><W124/><G124/><T30/><D40/><U6/><E6/><V101/><F101/><W0/><G133/><T16/><D122/><U127/><E127/><V97/><F97/><W35/><G64/><T65/><D96/><U126/><E126/><V53/><F53/><W72/><G72/><T90/><D65/><U118/><E118/><V94/><F94/><W48/><G48/><T8/><REACH who="0" step="1"/><D30/><REACH who="0" ten="515,78,200,187" step="2"/><U34/><E37/><V132/><F132/><W87/><G29/><T78/><D78/><N who="1" m="46295" /><E41/><V25/><F25/><W120/><G120/><T89/><D89/><U131/><E91/><V125/><F125/><W74/><G79/><T39/><D39/><U19/><E131/><V92/><F92/><W26/><G77/><T66/><D66/><U55/><E93/><V15/><F15/><RYUUKYOKU ba="3,2" sc="515,15,78,-15,200,15,187,-15" hai0="3,8,12,16,20,56,57,68,70,71,81,84,90" hai2="1,4,9,24,31,61,67,69,88,95,99,134,135" /><INIT seed="0,4,2,2,0,77" ten="530,63,215,172" oya="0" hai0="68,50,99,114,88,37,2,74,0,55,56,75,48" hai1="44,111,86,39,91,23,24,18,94,96,101,32,14" hai2="60,31,134,130,90,28,105,26,89,70,35,133,10" hai3="112,128,81,36,119,108,122,27,8,65,117,4,22"/><T98/><D68/><U61/><E111/><V127/><F105/><W46/><G112/><T5/><D114/><U71/><E39/><V126/><F28/><W25/><G108/><T33/><D33/><U124/><E124/><N who="2" m="47659" /><F10/><W49/><G36/><T84/><D37/><U121/><E121/><V41/><F41/><W93/><G122/><T53/><D5/><U7/><E32/><V40/><F40/><W131/><G65/><T42/><D42/><U12/><E44/><V109/><F109/><W19/><G27/><T47/><D75/><U97/><E7/><V123/><F123/><W83/><G93/><T52/><D74/><U73/><E73/><V129/><F60/><W21/><G21/><T116/><D55/><U45/><E45/><V66/><F66/><W79/><G117/><T110/><D116/><U104/><E71/><V57/><F57/><W3/><G119/><T34/><D34/><U6/><E6/><V82/><F70/><W17/><G17/><T58/><D47/><U54/><REACH who="1" step="1"/><E86/><REACH who="1" ten="530,53,215,172" step="2"/><N who="2" m="50391" /><F90/><W38/><G38/><T87/><D110/><U85/><E85/><V95/><F95/><W80/><REACH who="3" step="1"/><G79/><REACH who="3" ten="530,53,215,162" step="2"/><T102/><D87/><U115/><E115/><V63/><F63/><W20/><G20/><T92/><REACH who="0" step="1"/><D99/><REACH who="0" ten="520,53,215,162" step="2"/><U72/><E72/><V43/><F43/><AGARI ba="4,5" hai="3,4,8,19,22,25,43,46,49,80,81,83,128,131" machi="43" ten="40,8000,1" yaku="1,1,52,3,53,0" doraHai="77" doraHaiUra="11" who="3" fromWho="2" sc="520,0,53,0,215,-92,162,142" /><INIT seed="1,0,0,5,4,115" ten="520,53,123,304" oya="1" hai0="48,95,17,18,28,63,68,9,69,71,76,98,133" hai1="80,81,54,88,110,27,91,109,22,33,7,14,116" hai2="23,53,113,120,50,29,32,11,43,114,30,45,4" hai3="126,103,55,67,39,78,12,21,16,106,123,104,122"/><U49/><E33/><V41/><F120/><W34/><G39/><T37/><D133/><U36/><E36/><V74/><F32/><W89/><G126/><T0/><D37/><U102/><E102/><V1/><F74/><W35/><G78/><T13/><D28/><N who="2" m="10858" /><F23/><W44/><G67/><T31/><D31/><N who="1" m="17911" /><E116/><V57/><F57/><W97/><G106/><T108/><D76/><U3/><E3/><V24/><F24/><W83/><G35/><T82/><D82/><N who="1" m="31851" /><E7/><V92/><F92/><W130/><G34/><T72/><D0/><U90/><E14/><V134/><F134/><W131/><G123/><T77/><D71/><U42/><E42/><V46/><F46/><W85/><G122/><T64/><D69/><U52/><E49/><V99/><F99/><W6/><G6/><T61/><D48/><U135/><E135/><V127/><F127/><W128/><G44/><T121/><D68/><U119/><E119/><V105/><F105/><W20/><G20/><T40/><D13/><U132/><E132/><V70/><F70/><W65/><G131/><T111/><D121/><U51/><E51/><V5/><F5/><W107/><G107/><T10/><D72/><U84/><E84/><V118/><F118/><W100/><G100/><T66/><D40/><U59/><E59/><V26/><F26/><W62/><G65/><T2/><D2/><U87/><E87/><V8/><F8/><W129/><G129/><T38/><D38/><U86/><E86/><V56/><F56/><N who="3" m="35103" /><G130/><T94/><D77/><U75/><E75/><V25/><F25/><N who="3" m="14503" /><G128/><T60/><D60/><RYUUKYOKU ba="0,0" sc="520,0,53,0,123,0,304,0" hai0="9,10,17,18,61,63,64,66,94,95,98,108,111" hai1="52,54,88,90,91,109,110" hai2="1,4,11,41,43,45,50,53,113,114" hai3="12,83,85,89,97,103,104" /><INIT seed="1,1,0,2,5,10" ten="520,53,123,304" oya="1" hai0="37,125,13,86,48,24,43,34,18,127,14,111,49" hai1="99,62,59,77,79,87,27,85,115,107,74,64,101" hai2="108,97,71,41,68,23,83,67,57,81,39,88,15" hai3="132,51,12,76,120,30,44,129,58,7,110,117,114"/><U1/><E115/><V46/><F108/><W19/><G114/><T135/><D111/><U54/><E1/><V130/><F130/><W32/><G110/><T33/><D135/><U91/><E74/><V53/><F71/><W126/><G120/><T38/><D86/><U72/><E72/><V92/><F67/><W11/><G129/><T105/><D105/><U80/><E27/><V73/><F68/><W42/><G132/><T96/><D96/><U47/><E47/><V28/><F73/><W8/><G126/><T31/><D43/><U50/><REACH who="1" step="1"/><E87/><REACH who="1" ten="520,43,123,304" step="2"/><V75/><F75/><W35/><G44/><T94/><D24/><U17/><E17/><V45/><F46/><W69/><G19/><T100/><D18/><U16/><E16/><N who="2" m="10655" /><F28/><W123/><G30/><T134/><D31/><U5/><E5/><V102/><F39/><W65/><G7/><T90/><D134/><U82/><E82/><V66/><F41/><W128/><G42/><T4/><D4/><U133/><E133/><V52/><F45/><W55/><G128/><T29/><D29/><U78/><E78/><V63/><F81/><W118/><G35/><T61/><D38/><U93/><E93/><N who="2" m="58671" /><F83/><W112/><G32/><T0/><D37/><U56/><AGARI ba="1,1" hai="50,54,56,59,62,64,77,79,80,85,91,99,101,107" machi="56" ten="20,3900,0" yaku="1,1,0,1,7,1,53,0" doraHai="10" doraHaiUra="22" who="1" fromWho="1" sc="520,-14,43,52,123,-14,304,-14" /><INIT seed="1,2,0,3,5,35" ten="506,95,109,290" oya="1" hai0="55,72,70,40,21,10,125,50,3,121,131,7,11" hai1="89,8,133,60,67,51,86,112,22,33,69,102,57" hai2="27,37,126,71,111,16,49,65,23,122,52,28,119" hai3="79,30,99,1,68,107,117,48,2,104,54,25,114"/><U98/><E112/><V32/><F119/><W18/><G114/><T76/><D121/><U105/><E33/><V46/><F122/><W42/><G68/><T20/><D70/><U17/><E133/><V103/><F111/><W58/><G117/><T9/><D125/><U90/><E8/><V130/><F126/><W88/><G79/><T74/><D131/><U19/><E19/><V116/><F116/><W53/><G42/><T123/><D40/><U45/><E86/><V12/><F130/><W91/><G18/><T56/><D123/><U92/><E105/><V36/><REACH who="2" step="1"/><F103/><REACH who="2" ten="506,95,99,290" step="2"/><W34/><G107/><T85/><D7/><U26/><REACH who="1" step="1"/><E69/><REACH who="1" ten="506,85,99,290" step="2"/><V109/><F109/><W84/><G104/><T97/><D11/><U83/><E83/><V14/><F14/><W94/><G54/><AGARI ba="2,2" hai="17,22,26,45,51,54,57,60,67,89,90,92,98,102" machi="54" ten="30,5800,0" yaku="1,1,7,1,8,1,53,0" doraHai="35" doraHaiUra="6" who="1" fromWho="3" sc="506,0,85,84,99,0,290,-64" /><INIT seed="1,3,0,4,0,70" ten="506,169,99,226" oya="1" hai0="74,130,105,37,88,92,34,118,11,76,116,55,107" hai1="96,124,94,131,25,19,3,2,125,109,95,104,79" hai2="28,75,126,106,22,26,24,85,31,67,129,73,23" hai3="93,0,1,132,77,119,17,29,66,133,41,10,100"/><U16/><E131/><V54/><F106/><W30/><G119/><T49/><D34/><U101/><E79/><V127/><F129/><W83/><G66/><T57/><D37/><U63/><E63/><V134/><F67/><W62/><G62/><T50/><D130/><U111/><E104/><V60/><F85/><W43/><G17/><N who="1" m="6730" /><E25/><V48/><F60/><W8/><G93/><N who="1" m="35338" /><E101/><V65/><F65/><W128/><G100/><T98/><D11/><N who="3" m="4137" /><G128/><T64/><D107/><U84/><E84/><V123/><F123/><W18/><G18/><T80/><D105/><U99/><E2/><N who="3" m="1130" /><G83/><T4/><D4/><U117/><E3/><V103/><F103/><W45/><G45/><T9/><D9/><U110/><E117/><V20/><F20/><W35/><G77/><T36/><D64/><U32/><E32/><V120/><F120/><W6/><G6/><T42/><REACH who="0" step="1"/><D49/><REACH who="0" ten="496,169,99,226" step="2"/><U13/><E13/><V122/><F122/><W12/><G12/><T14/><D14/><U51/><E51/><V71/><F48/><W78/><G35/><T39/><D39/><U81/><E81/><V97/><F71/><W59/><G29/><T27/><D27/><U112/><E112/><V89/><F31/><W114/><G30/><T113/><D113/><U68/><E68/><V69/><F69/><W135/><G114/><T53/><D53/><U58/><E58/><V61/><F54/><W102/><G59/><T15/><D15/><U82/><E82/><V121/><F121/><W46/><G135/><T38/><D38/><U47/><E47/><AGARI ba="3,1" hai="36,42,47,50,55,57,74,76,80,88,92,98,116,118" machi="47" ten="40,8000,1" yaku="1,1,52,1,54,1,53,1" doraHai="70" doraHaiUra="44" who="0" fromWho="1" sc="496,99,169,-89,99,0,226,0" /><INIT seed="2,0,0,5,4,62" ten="595,80,99,226" oya="2" hai0="34,0,126,119,114,130,135,65,108,75,100,90,37" hai1="53,94,134,74,56,63,121,98,20,73,93,96,45" hai2="83,84,23,40,51,129,109,89,115,39,111,97,99" hai3="78,127,107,64,112,4,24,95,128,69,52,132,5"/><V59/><F115/><W21/><G107/><T117/><D65/><U46/><E134/><V66/><F129/><W9/><G132/><T27/><D27/><U3/><E3/><V41/><F39/><W86/><G128/><T57/><D57/><U7/><E121/><V88/><F23/><W92/><G127/><T122/><D90/><N who="1" m="55351" /><E74/><V38/><F38/><W11/><G64/><T60/><D60/><U44/><E73/><V47/><F40/><W15/><G69/><T106/><REACH who="0" step="1"/><D100/><REACH who="0" ten="585,80,99,226" step="2"/><N who="1" m="60503" /><E20/><V113/><F113/><W6/><G24/><T61/><D61/><U55/><E7/><V77/><F66/><AGARI ba="0,1" hai="44,45,46,53,55,56,63,66" m="60503,55351" machi="66" ten="30,2000,0" yaku="8,1,52,1" doraHai="62" who="1" fromWho="2" sc="585,0,80,30,99,-20,226,0" /><INIT seed="3,0,0,1,1,90" ten="585,110,79,226" oya="3" hai0="17,116,109,40,96,14,38,10,23,78,55,121,15" hai1="42,127,122,62,59,108,74,107,75,91,102,80,58" hai2="57,53,28,69,92,52,51,43,24,65,129,95,100" hai3="98,94,73,19,49,27,29,79,85,77,60,106,32"/><W33/><G33/><T134/><D116/><U101/><E122/><V70/><F129/><W61/><G73/><T7/><D121/><U76/><E108/><V4/><F100/><W130/><G106/><T132/><D109/><U133/><E127/><V93/><F4/><W103/><G130/><T68/><D68/><U131/><E131/><V72/><F72/><W18/><G49/><T35/><D35/><U88/><E133/><N who="0" m="51305" /><D78/><U64/><E74/><V128/><F128/><W3/><G3/><T104/><D55/><U115/><E115/><V125/><F125/><W82/><G79/><T37/><D40/><U118/><E118/><V1/><F1/><W135/><G135/><T0/><D15/><U54/><E42/><V67/><F43/><W56/><G61/><T48/><D48/><U45/><E45/><N who="2" m="27759" /><F70/><W30/><G103/><AGARI ba="0,0" hai="0,7,10,14,17,23,37,38,96,103,104" m="51305" machi="103" ten="30,1000,0" yaku="20,1" doraHai="90" who="0" fromWho="3" sc="585,10,110,0,79,0,226,-10" owari="595,69.5,110,-29.0,79,-42.1,216,1.6" /></mjloggm>