<mjloggm ver="2.3"><GO type="225" lobby="0"/><UN n0="%E5%B8%86%E7%AB%8B%E5%A4%8F%E8%A1%A3" n1="%E3%81%86%E3%83%BC%E3%81%B1%E3%83%BC" n2="%E7%9C%9F%E4%B8%80" n3="%47%68%6F%73%74%55%30" dan="16,17,17,17" rate="2074.90,2177.39,2153.68,2151.35" sx="M,F,M,M"/><TAIKYOKU oya="0"/><INIT seed="0,0,0,4,1,32" ten="250,250,250,250" oya="0" hai0="1,97,46,57,48,109,53,111,25,40,82,94,11" hai1="45,29,85,135,44,39,75,133,7,26,66,23,96" hai2="70,17,73,127,35,84,0,59,98,4,95,37,92" hai3="77,131,8,3,34,54,30,28,19,36,58,21,31"/><T78/><D25/><U108/><E75/><V47/><F70/><W114/><G36/><T64/><D64/><U13/><E108/><N who="0" m="41545" /><D94/><U101/><E85/><V105/><F73/><W16/><G114/><T14/><D97/><U5/><E66/><V69/><F35/><W15/><G131/><T129/><D129/><U43/><E45/><V110/><F69/><W80/><G34/><T89/><D89/><U120/><E120/><V6/><F98/><W51/><G3/><T115/><D115/><U90/><E90/><V119/><F110/><W65/><G65/><T52/><D57/><U93/><REACH who="1" step="1"/><E13/><REACH who="1" ten="250,240,250,250" step="2"/><V61/><F119/><W49/><G77/><T27/><D1/><U113/><E113/><V50/><F0/><W56/><G56/><T123/><D123/><U134/><AGARI ba="0,1" hai="5,7,23,26,29,39,43,44,93,96,101,133,134,135" machi="134" ten="30,4000,0" yaku="1,1,0,1,20,1,53,0" doraHai="32" doraHaiUra="33" who="1" fromWho="1" sc="250,-20,240,50,250,-10,250,-10" /><INIT seed="1,0,0,3,0,114" ten="230,290,240,240" oya="1" hai0="30,103,57,46,52,63,29,23,15,24,113,40,74" hai1="89,102,53,118,6,18,13,128,37,10,94,41,108" hai2="99,76,9,42,129,31,27,71,93,49,25,85,68" hai3="134,22,28,65,73,105,47,78,36,123,116,5,33"/><U132/><E128/><V133/><F129/><W97/><G22/><T126/><D126/><U104/><E132/><V50/><F133/><W112/><G112/><T0/><D0/><U21/><E118/><V122/><F122/><W56/><G134/><T17/><D113/><U110/><E102/><V92/><F9/><W48/><G5/><T19/><D74/><U124/><E104/><V82/><F71/><W91/><G36/><T35/><D103/><U111/><E53/><V2/><F2/><W80/><G105/><T1/><D1/><U135/><E135/><V12/><F68/><W16/><G116/><T45/><D45/><N who="1" m="23727" /><E124/><V77/><F12/><W95/><G123/><T11/><REACH who="0" step="1"/><D35/><REACH who="0" ten="220,290,240,240" step="2"/><U121/><E121/><V83/><F42/><W100/><G33/><T55/><D55/><U72/><E72/><V67/><F67/><W70/><G65/><T7/><D7/><U4/><E6/><V62/><F62/><W131/><G100/><T125/><D125/><U26/><E4/><V8/><F50/><AGARI ba="0,1" hai="11,15,17,19,23,24,29,30,40,46,50,52,57,63" machi="50" ten="30,8000,1" yaku="1,1,7,1,8,1,54,1,53,1" doraHai="114" doraHaiUra="59" who="0" fromWho="2" sc="220,90,290,0,240,-80,240,0" /><INIT seed="2,0,0,5,2,23" ten="310,290,160,240" oya="2" hai0="102,10,131,124,87,84,70,36,44,55,27,17,18" hai1="29,89,22,5,67,117,37,106,25,128,134,61,3" hai2="65,4,66,130,34,95,19,126,108,35,82,45,81" hai3="83,11,49,120,75,118,88,8,103,69,114,80,43"/><V90/><F126/><W24/><G120/><T113/><D113/><U112/><E112/><V20/><F130/><W32/><G69/><T71/><D124/><U79/><E117/><V38/><F4/><W73/><G118/><T58/><D131/><U50/><E37/><V40/><F108/><W122/><G122/><T104/><D104/><U115/><E115/><V47/><F47/><N who="3" m="25855" /><G32/><T64/><D102/><U26/><E106/><V21/><F35/><W123/><G73/><T91/><D87/><U31/><E79/><V13/><F34/><W121/><G75/><T100/><D100/><U68/><E134/><V1/><F1/><W41/><G121/><T107/><D107/><U42/><E89/><V94/><F94/><W39/><G103/><T125/><D125/><U111/><E111/><V76/><F21/><W9/><G39/><T60/><D10/><N who="3" m="2561" /><W51/><DORA hai="6" /><G114/><T77/><D71/><U63/><E5/><V62/><F76/><W57/><G123/><T7/><D77/><U30/><E128/><V46/><F46/><N who="3" m="26063" /><G24/><T53/><D27/><U93/><E26/><V12/><F12/><W105/><G105/><T116/><D7/><U74/><E25/><V0/><F0/><W119/><G119/><T133/><D116/><U110/><E3/><V14/><F14/><W109/><G109/><T132/><D132/><U54/><E110/><V85/><REACH who="2" step="1"/><F66/><REACH who="2" ten="310,290,150,240" step="2"/><W33/><G33/><T52/><D133/><U99/><E67/><V2/><F2/><W127/><G127/><T129/><D129/><U86/><E22/><V101/><F101/><W92/><G92/><RYUUKYOKU ba="0,1" sc="310,-10,290,-10,150,30,240,-10" hai2="13,19,20,38,40,45,62,65,81,82,85,90,95" /><INIT seed="2,1,1,5,3,55" ten="300,280,180,230" oya="2" hai0="30,119,7,94,111,95,129,84,128,22,130,35,118" hai1="134,104,12,61,0,28,17,33,79,44,122,120,8" hai2="63,89,9,25,68,74,32,31,85,41,52,131,5" hai3="109,103,72,81,56,75,92,20,36,24,43,60,110"/><V1/><F131/><W124/><G124/><T34/><D111/><N who="3" m="42505" /><G36/><T126/><D126/><U27/><E104/><V2/><F74/><W4/><G4/><T114/><D114/><U97/><E134/><V45/><F1/><W77/><G43/><T132/><D132/><U54/><E79/><V117/><F117/><N who="0" m="44554" /><D7/><N who="1" m="1127" /><E97/><V18/><F18/><N who="3" m="12311" /><G75/><T90/><D95/><U29/><E29/><V80/><F68/><W58/><G60/><T19/><D30/><U71/><E71/><V46/><REACH who="2" step="1"/><F41/><REACH who="2" ten="300,280,170,230" step="2"/><W73/><G73/><T48/><D48/><N who="1" m="28935" /><E61/><V66/><F66/><W98/><AGARI ba="1,2" hai="56,58,72,77,81,92,98,103" m="12311,42505" machi="98" ten="30,4000,0" yaku="14,1,52,2" doraHai="55" who="3" fromWho="3" sc="300,-11,280,-11,170,-21,230,63" /><INIT seed="3,0,0,3,5,96" ten="289,269,149,293" oya="3" hai0="120,68,62,3,71,29,20,97,17,122,65,99,66" hai1="117,82,79,107,31,87,67,25,4,114,22,100,102" hai2="73,85,10,52,44,43,135,112,50,9,133,6,104" hai3="36,108,55,16,12,63,88,86,38,24,95,61,109"/><W70/><G24/><T11/><D29/><U18/><E114/><V2/><F112/><W15/><G15/><T110/><D110/><N who="3" m="42601" /><G55/><T89/><D11/><U119/><E107/><V42/><F73/><W35/><G35/><T26/><D3/><U121/><E121/><V34/><F34/><W56/><G70/><T78/><D78/><U13/><E67/><V103/><F10/><N who="3" m="6167" /><G56/><T40/><D40/><U19/><E4/><V57/><F85/><W127/><G127/><T47/><D47/><U123/><E123/><V90/><F90/><W37/><AGARI ba="0,0" hai="36,37,38,61,63,86,88,95" m="6167,42601" machi="37" ten="40,12000,1" yaku="14,1,10,1,54,2" doraHai="96" who="3" fromWho="3" sc="289,-40,269,-40,149,-40,293,120" owari="249,4.9,229,-17.1,109,-39.1,413,51.3" /></mjloggm>