<mjloggm ver="2.3"><GO type="225" lobby="0"/><UN n0="%E3%83%8F%E3%83%B3%E3%83%89%E3%83%A9%E3%83%BC%E3%83%BB%E3%83%AF%E3%83%B3" n1="%E6%B4%BE%E9%81%A3%E3%81%AE%E3%82%B8%E3%83%A3%E3%83%83%E3%82%AF" n2="%E3%82%BC%E3%83%AB%E3%83%80%E3%81%AE%E4%BC%9D%E8%AA%AC" n3="%72%69%6F%75%63%68%61%6E" dan="17,17,18,17" rate="2240.07,2226.10,2221.83,2243.95" sx="M,M,M,M"/><TAIKYOKU oya="0"/><INIT seed="0,0,0,0,3,26" ten="250,250,250,250" oya="0" hai0="18,95,110,118,57,59,116,113,31,41,89,114,22" hai1="54,120,90,94,34,82,30,58,23,7,46,33,79" hai2="103,21,78,51,27,6,104,109,132,48,38,134,35" hai3="124,37,56,32,98,135,14,29,61,24,99,69,45"/><T76/><D76/><U119/><E120/><V96/><F38/><W102/><G124/><T88/><D41/><U84/><E119/><V74/><F109/><W101/><G135/><N who="2" m="51753" /><F35/><W108/><G108/><T52/><D110/><U2/><E46/><V53/><F6/><W71/><G14/><N who="0" m="9559" /><D59/><U66/><E66/><V16/><F53/><W8/><G8/><T39/><D39/><U125/><E125/><V83/><AGARI ba="0,0" hai="16,21,27,48,51,74,78,83,96,103,104" m="51753" machi="83" ten="30,2000,0" yaku="20,1,54,1" doraHai="26" who="2" fromWho="2" sc="250,-10,250,-5,250,20,250,-5" /><INIT seed="1,0,0,0,5,7" ten="240,245,270,245" oya="1" hai0="114,60,87,49,52,92,67,57,48,84,13,66,43" hai1="3,68,108,51,100,132,124,90,105,10,22,117,1" hai2="23,94,12,20,78,19,40,14,111,120,121,36,37" hai3="25,103,28,93,16,131,65,129,15,58,107,38,88"/><U30/><E117/><V119/><F111/><W113/><G113/><T41/><D114/><U116/><E116/><V45/><F119/><W6/><G38/><T82/><D13/><U33/><E124/><V55/><F37/><W44/><G6/><T109/><D109/><U128/><E108/><V11/><F78/><W75/><G75/><T70/><D67/><U98/><E22/><V71/><F71/><W91/><G44/><T39/><D49/><U80/><E51/><V62/><F94/><W32/><G107/><T101/><D39/><U17/><E68/><V83/><F83/><W27/><G27/><T104/><D104/><U97/><E128/><N who="3" m="49226" /><G103/><T8/><D8/><U63/><E63/><V135/><F135/><W46/><G46/><T106/><D106/><U21/><E132/><V50/><F62/><N who="3" m="38103" /><G93/><T81/><D92/><U95/><E33/><V118/><F118/><W99/><G99/><T54/><D101/><U130/><E130/><V76/><F36/><W64/><G64/><T74/><D74/><U35/><E35/><V59/><F40/><W69/><G69/><T102/><D102/><U2/><E98/><V34/><F45/><W0/><G0/><T73/><D73/><U123/><E105/><V42/><F42/><N who="0" m="15882" /><D54/><U96/><E96/><V29/><F34/><W79/><G79/><T61/><D61/><U133/><E133/><V127/><F76/><W89/><G91/><T122/><D122/><U9/><E123/><V4/><F127/><W86/><G86/><T72/><D72/><U126/><E126/><V77/><F77/><W31/><G31/><RYUUKYOKU ba="0,0" sc="240,10,245,-30,270,10,245,10" hai0="48,52,57,60,66,70,81,82,84,87" hai2="4,11,12,14,19,20,23,29,50,55,59,120,121" hai3="15,16,25,28,32,88,89" /><INIT seed="2,1,0,5,3,50" ten="250,215,280,255" oya="2" hai0="107,118,109,15,34,129,48,35,25,83,132,53,51" hai1="78,102,9,74,4,58,86,120,37,67,127,100,126" hai2="56,0,130,89,40,27,133,32,98,125,16,33,95" hai3="80,41,71,113,28,84,11,97,117,81,68,111,128"/><V90/><F0/><W101/><G117/><T60/><D107/><U29/><E120/><V52/><F125/><N who="1" m="47625" /><E37/><V70/><F70/><W7/><G111/><T23/><D109/><U30/><E74/><V92/><F40/><W42/><G128/><T66/><D129/><U65/><E78/><V85/><F133/><W93/><G113/><T91/><D132/><U131/><E86/><V121/><F121/><W1/><G80/><T31/><D118/><U77/><E77/><V38/><F38/><W24/><G68/><T75/><D15/><U72/><E72/><V6/><F6/><W45/><G71/><T123/><D51/><U18/><E18/><V46/><F46/><W99/><G97/><T3/><D3/><N who="1" m="159" /><E131/><V134/><F134/><W64/><G64/><N who="1" m="24650" /><E58/><V55/><F130/><W88/><REACH who="3" step="1"/><G45/><REACH who="3" ten="250,215,280,245" step="2"/><T82/><D123/><U47/><E47/><V57/><F98/><W135/><G135/><T20/><D83/><U105/><E105/><V39/><F95/><W26/><G26/><T62/><D25/><U19/><E19/><V108/><F16/><W115/><G115/><T13/><D82/><U104/><E104/><V103/><F27/><W43/><G43/><T61/><D75/><U119/><E119/><V94/><F108/><W14/><G14/><T22/><D13/><U106/><E106/><V59/><F92/><W114/><G114/><T79/><D79/><U12/><E12/><V8/><F94/><W2/><G2/><T54/><D91/><U73/><E73/><V69/><F90/><W87/><G87/><T17/><D17/><U49/><E29/><RYUUKYOKU ba="1,1" sc="250,-10,215,-10,280,-10,245,30" hai3="1,7,11,24,28,41,42,81,84,88,93,99,101" /><INIT seed="3,2,1,2,3,107" ten="240,205,270,275" oya="3" hai0="130,38,58,46,40,37,74,55,77,3,96,4,111" hai1="14,89,22,120,24,132,28,57,30,17,9,20,99" hai2="105,127,98,78,121,36,0,1,113,101,114,19,83" hai3="117,119,50,124,16,42,8,54,81,26,115,87,10"/><W133/><G115/><N who="2" m="44041" /><F19/><W53/><G124/><T21/><D111/><U61/><E120/><V68/><F127/><W48/><G133/><T118/><D118/><U122/><E132/><V56/><F56/><N who="3" m="32807" /><G42/><T76/><D130/><U31/><E122/><V60/><F36/><W116/><G117/><T6/><D38/><U11/><E11/><V129/><F129/><W32/><G32/><T67/><D67/><U13/><E99/><V49/><F49/><W43/><G43/><T134/><D134/><U52/><REACH who="1" step="1"/><E89/><REACH who="1" ten="240,195,270,275" step="2"/><V123/><F123/><W90/><G119/><T7/><D96/><U27/><E27/><V18/><F121/><W88/><G116/><T71/><D3/><U64/><E64/><V47/><F0/><W86/><G26/><T80/><D71/><U93/><E93/><V110/><F1/><W59/><G16/><AGARI ba="2,2" hai="9,13,14,16,17,20,22,24,28,30,31,52,57,61" machi="16" ten="30,8000,1" yaku="1,1,7,1,8,1,54,2,53,0" doraHai="107" doraHaiUra="97" who="1" fromWho="3" sc="240,0,195,106,270,0,275,-86" owari="240,-16.0,301,40.1,270,7.0,189,-31.1" /></mjloggm>