<mjloggm ver="2.3"><GO type="225" lobby="0"/><UN n0="%E3%81%9F%E3%81%8B%E3%80%82" n1="%E7%89%B9%E6%9D%B1%E3%81%AF%E4%B8%96%E7%95%8C%E3%82%92%E6%95%91%E3%81%86" n2="%E3%83%B4%E3%83%A0%EF%BC%99%E3%81%A6" n3="%4B%2E%32%2E%4B%2E" dan="16,16,16,16" rate="2098.17,2165.19,2128.83,2142.44" sx="M,M,M,M"/><TAIKYOKU oya="0"/><INIT seed="0,0,0,5,3,99" ten="250,250,250,250" oya="0" hai0="5,9,135,2,30,129,105,113,66,96,22,65,44" hai1="8,95,29,61,79,103,89,133,67,11,14,45,83" hai2="70,3,77,12,28,125,102,134,71,81,80,131,0" hai3="120,58,106,46,107,76,72,75,52,87,31,23,60"/><T78/><D113/><U92/><E133/><V54/><F134/><W119/><G119/><T24/><D135/><U38/><E29/><V109/><F109/><W98/><G120/><T91/><D78/><U130/><E130/><V25/><F131/><W43/><G87/><T63/><D44/><U93/><E38/><V74/><F12/><W124/><G124/><T32/><D22/><U19/><E45/><V82/><F125/><W101/><G106/><T108/><D108/><U39/><E39/><V116/><F54/><W41/><G76/><T4/><D4/><U121/><E121/><V85/><F116/><W114/><G114/><T16/><D16/><U47/><E47/><V118/><F118/><W36/><REACH who="3" step="1"/><G41/><REACH who="3" ten="250,250,250,240" step="2"/><T48/><D129/><U122/><E122/><V68/><F85/><W27/><AGARI ba="0,1" hai="23,27,31,36,43,46,52,58,60,72,75,98,101,107" machi="27" ten="30,12000,2" yaku="1,1,2,1,0,1,52,1,54,1,53,1" doraHai="99" doraHaiUra="57" who="3" fromWho="3" sc="250,-60,250,-30,250,-30,240,130" /><INIT seed="1,0,0,3,3,2" ten="190,220,220,370" oya="1" hai0="24,118,109,98,129,29,6,40,92,25,61,19,72" hai1="46,57,52,30,49,23,127,4,32,15,36,65,47" hai2="123,28,77,132,45,107,3,90,27,60,22,104,134" hai3="112,89,114,122,94,85,54,8,113,20,33,59,38"/><U56/><E127/><V62/><F123/><W84/><G122/><T135/><D72/><U87/><E32/><V103/><F77/><W115/><G33/><T31/><D118/><U48/><E36/><V91/><F45/><W50/><G115/><T80/><D129/><U126/><E126/><V119/><F119/><W117/><G117/><T88/><D135/><N who="2" m="51754" /><F3/><W93/><G38/><T43/><D61/><N who="2" m="23658" /><F103/><W41/><G41/><N who="0" m="15947" /><D19/><U34/><E34/><V71/><F71/><W130/><G130/><T79/><D109/><U14/><E65/><V10/><F10/><W67/><G8/><T51/><D51/><U9/><E87/><V17/><F28/><N who="0" m="10826" /><D80/><U95/><E95/><V74/><F74/><W110/><G94/><T125/><D79/><U108/><E108/><V13/><F27/><N who="0" m="10314" /><D125/><U37/><E37/><V5/><F104/><W76/><G76/><T82/><D82/><U111/><E111/><V0/><F107/><W53/><G93/><T7/><AGARI ba="0,0" hai="6,7,88,92,98" m="10314,10826,15947" machi="7" ten="30,7900,0" yaku="8,1,52,2,54,1" doraHai="2" who="0" fromWho="0" sc="190,79,220,-39,220,-20,370,-20" /><INIT seed="2,0,0,2,1,2" ten="269,181,200,350" oya="2" hai0="129,101,26,19,107,78,43,13,113,62,72,98,81" hai1="118,95,55,122,41,49,3,69,25,71,33,68,104" hai2="89,120,12,127,51,48,14,11,65,99,58,4,15" hai3="82,6,110,66,114,83,79,37,46,85,124,74,36"/><V52/><F120/><W94/><G110/><T75/><D129/><U16/><E118/><V126/><F65/><W7/><G124/><N who="2" m="47657" /><F48/><W45/><G114/><T61/><D43/><U73/><E122/><V125/><N who="2" m="47665" /><V97/><DORA hai="111" /><F89/><W123/><G123/><T96/><D113/><U40/><E104/><V54/><F54/><W21/><G94/><T70/><D26/><U119/><E119/><V134/><F134/><W109/><G21/><T90/><D72/><U31/><E73/><V0/><AGARI ba="0,0" hai="0,4,11,12,14,15,51,52,58,97,99" m="47665" machi="0" ten="50,9600,0" yaku="18,1,52,1,54,1" doraHai="2,111" who="2" fromWho="2" sc="269,-32,181,-32,200,96,350,-32" /><INIT seed="2,1,0,3,3,92" ten="237,149,296,318" oya="2" hai0="30,97,114,70,129,57,23,0,28,15,32,103,101" hai1="75,131,13,59,53,5,127,98,82,107,67,31,108" hai2="88,1,85,110,122,4,125,117,96,93,109,3,14" hai3="6,16,24,38,87,99,113,7,83,74,51,56,11"/><V27/><F117/><W52/><G38/><T100/><D114/><U79/><E108/><N who="2" m="41579" /><F122/><W84/><G113/><T72/><D72/><U65/><E131/><V37/><F37/><W9/><G74/><T66/><D70/><U63/><E127/><V80/><F125/><W90/><G87/><T20/><D32/><U106/><E31/><N who="0" m="11817" /><D0/><N who="2" m="74" /><F27/><W12/><G99/><T35/><D35/><U81/><E82/><V26/><F26/><W116/><G116/><T55/><D66/><U61/><E53/><V73/><F73/><W120/><G120/><T47/><D47/><U17/><E5/><N who="3" m="1546" /><G24/><T121/><D121/><U54/><E54/><V115/><F115/><W76/><G9/><T128/><D15/><U18/><E18/><V42/><F42/><W48/><G51/><N who="0" m="30975" /><D20/><U50/><E50/><V41/><F41/><W62/><G48/><T58/><D23/><U44/><E44/><V94/><F4/><W102/><G102/><T126/><D126/><U134/><E134/><V95/><F14/><W21/><G11/><T104/><D58/><U111/><E111/><V71/><F71/><W119/><G119/><T22/><D22/><U89/><E13/><V36/><F36/><W135/><G135/><T86/><D103/><AGARI ba="1,0" hai="80,85,88,93,94,95,96,103" m="74,41579" machi="103" ten="30,11600,0" yaku="14,1,10,1,52,1,54,1" doraHai="92" who="2" fromWho="0" sc="237,-119,149,0,296,119,318,0" /><INIT seed="2,2,0,5,3,84" ten="118,149,415,318" oya="2" hai0="6,57,7,51,43,131,41,77,123,22,15,0,67" hai1="49,42,112,4,10,36,110,120,108,114,69,134,46" hai2="128,95,106,126,97,73,24,27,124,39,85,21,29" hai3="63,119,71,93,52,89,121,54,96,103,47,76,1"/><V31/><F73/><W75/><G119/><T62/><D123/><U40/><E120/><V98/><F39/><W14/><G121/><T105/><D105/><U130/><E69/><V111/><F128/><W59/><G1/><T37/><D131/><U19/><E130/><V18/><F111/><N who="1" m="42537" /><E134/><V132/><F132/><W74/><G71/><T72/><D51/><U133/><E133/><V11/><F11/><W78/><G74/><T99/><D99/><N who="2" m="37898" /><F106/><W45/><G75/><T33/><D33/><U50/><E19/><V56/><F56/><N who="3" m="35207" /><G103/><T88/><D0/><N who="1" m="263" /><E40/><N who="0" m="15433" /><D37/><U64/><E64/><V127/><F24/><W115/><G115/><AGARI ba="2,0" hai="36,42,46,49,50,112,114,115" m="263,42537" machi="115" ten="30,1000,0" yaku="14,1" doraHai="84" who="1" fromWho="3" sc="118,0,149,16,415,0,318,-16" /><INIT seed="3,0,0,2,3,125" ten="118,165,415,302" oya="3" hai0="113,80,37,49,127,41,39,68,72,11,29,44,94" hai1="124,5,6,87,1,100,63,24,76,129,25,77,4" hai2="36,56,60,91,21,66,3,78,43,128,117,75,33" hai3="31,14,12,95,109,46,116,110,58,103,0,97,123"/><W96/><G116/><T38/><D113/><U126/><E129/><V45/><F128/><W57/><G123/><T118/><D118/><U32/><E100/><V74/><F33/><W102/><G0/><T89/><D68/><U112/><E1/><V90/><F117/><W133/><G31/><T10/><D127/><N who="1" m="48683" /><E112/><V70/><F21/><W40/><G133/><T59/><D29/><N who="1" m="19495" /><E25/><V85/><F3/><W23/><G23/><T130/><D130/><U111/><E111/><N who="3" m="42506" /><G12/><T51/><D72/><U50/><E50/><V88/><F70/><W73/><G14/><T54/><REACH who="0" step="1"/><D80/><REACH who="0" ten="108,165,415,302" step="2"/><N who="1" m="47495" /><E77/><V48/><F36/><N who="3" m="21767" /><G73/><T67/><D67/><U104/><E104/><AGARI ba="0,1" hai="57,58,95,96,97,102,103,104" m="21767,42506" machi="104" ten="30,2900,0" yaku="14,1,10,1" doraHai="125" who="3" fromWho="1" sc="108,0,165,-29,415,0,302,39" /><INIT seed="3,1,0,5,3,77" ten="108,136,415,341" oya="3" hai0="51,106,74,93,70,92,124,18,45,2,31,38,28" hai1="69,19,97,127,129,115,94,54,85,20,61,63,116" hai2="83,119,58,47,60,107,134,103,55,37,125,101,7" hai3="110,72,49,59,11,89,128,64,9,29,78,0,8"/><W112/><G112/><T84/><D74/><U56/><E115/><V90/><F119/><W108/><G128/><T21/><D124/><U81/><E129/><V76/><F125/><W1/><G29/><T25/><D106/><U33/><E33/><V80/><F107/><W43/><G43/><T13/><D2/><U35/><E35/><V111/><F111/><N who="3" m="42539" /><G89/><T105/><D105/><U117/><E69/><V46/><F134/><W133/><G133/><T98/><D70/><U52/><E127/><V71/><F71/><W40/><G40/><T10/><D38/><U88/><E63/><V32/><F32/><W14/><G14/><T121/><D121/><U16/><E54/><V91/><F37/><W53/><G64/><T99/><D31/><U4/><E4/><V95/><F7/><W34/><G34/><T68/><D68/><U3/><E3/><V104/><F90/><W82/><AGARI ba="1,0" hai="0,1,8,9,11,49,53,59,72,78,82" m="42539" machi="82" ten="40,7800,0" yaku="14,1,10,1,52,1" doraHai="77" who="3" fromWho="3" sc="108,-27,136,-27,415,-27,341,81" owari="81,-41.9,109,-29.1,388,18.8,422,52.2" /></mjloggm>