<mjloggm ver="2.3"><GO type="225" lobby="0"/><UN n0="%E3%81%BD%E3%81%A1%E3%81%9F%E3%81%93%E3%82%84" n1="%E3%82%8C%E3%81%99%E3%81%93" n2="%E6%96%B0%E4%B8%96%E7%95%8C%E3%81%AE%E7%B4%99" n3="%E3%82%BC%E3%83%AB%E3%83%80%E3%81%AE%E4%BC%9D%E8%AA%AC" dan="17,17,17,17" rate="2201.88,2194.44,2186.68,2174.43" sx="M,F,F,M"/><TAIKYOKU oya="0"/><INIT seed="0,0,0,5,5,8" ten="250,250,250,250" oya="0" hai0="102,43,69,84,65,42,81,88,61,70,27,94,15" hai1="124,3,106,33,60,104,108,46,37,90,39,44,53" hai2="55,14,40,5,83,50,120,19,97,58,127,98,116" hai3="26,82,92,109,135,78,93,34,31,74,62,59,129"/><T13/><D70/><U20/><E33/><V122/><F127/><W66/><G109/><T76/><D102/><U56/><E3/><V111/><F111/><W11/><G135/><T12/><REACH who="0" step="1"/><D27/><REACH who="0" ten="240,250,250,250" step="2"/><U95/><E108/><V68/><F68/><W38/><G129/><T32/><D32/><U114/><E124/><V132/><F132/><W128/><G128/><T35/><D35/><U45/><E114/><V1/><F120/><W79/><G38/><T134/><D134/><U130/><E130/><V47/><F122/><W18/><G79/><T23/><D23/><U41/><E20/><V72/><F116/><W0/><G0/><T57/><D57/><U9/><E37/><V131/><F131/><W123/><G123/><T96/><AGARI ba="0,1" hai="12,13,15,42,43,61,65,69,76,81,84,88,94,96" machi="96" ten="30,18000,2" yaku="1,1,0,1,52,3,54,1,53,0" doraHai="8" doraHaiUra="126" who="0" fromWho="0" sc="240,190,250,-60,250,-60,250,-60" /><INIT seed="0,1,0,4,3,67" ten="430,190,190,190" oya="0" hai0="61,58,83,62,19,117,77,3,0,36,45,41,125" hai1="124,46,97,108,21,93,23,116,92,75,84,60,43" hai2="29,82,106,4,11,27,73,15,118,91,20,85,80" hai3="130,81,7,30,101,63,127,120,57,44,104,10,129"/><T48/><D117/><U103/><E116/><V49/><F106/><W50/><G127/><T131/><D125/><U9/><E75/><V79/><F118/><W66/><G120/><T119/><D119/><U25/><E124/><V109/><REACH who="2" step="1"/><F49/><REACH who="2" ten="430,190,180,190" step="2"/><W31/><G129/><T34/><D48/><U55/><E108/><AGARI ba="1,1" hai="4,11,15,20,27,29,73,79,80,82,85,91,108,109" machi="108" ten="40,2600,0" yaku="1,1,2,1,53,0" doraHai="67" doraHaiUra="132" who="2" fromWho="1" sc="430,0,190,-29,180,39,190,0" /><INIT seed="1,0,0,1,2,2" ten="430,161,219,190" oya="1" hai0="124,64,127,130,29,134,87,55,36,59,98,72,74" hai1="21,125,3,0,103,132,4,75,27,45,44,50,131" hai2="17,122,85,67,22,47,109,51,92,100,6,93,28" hai3="115,13,11,39,25,126,118,123,99,5,106,116,1"/><U128/><E75/><V66/><F122/><W65/><G39/><T114/><D114/><U120/><E120/><V95/><F109/><W101/><G123/><T58/><D36/><U10/><E125/><V62/><F28/><W35/><G115/><T117/><D117/><N who="3" m="45161" /><G65/><T46/><D29/><U73/><E73/><V40/><F6/><W91/><G126/><T68/><D87/><U7/><E103/><V54/><F100/><W37/><G37/><T61/><D98/><U119/><E119/><V20/><F85/><W8/><G91/><T56/><D74/><U32/><E32/><V83/><F83/><W94/><G25/><T31/><D31/><N who="1" m="17903" /><E132/><V12/><REACH who="2" step="1"/><F22/><REACH who="2" ten="430,161,209,190" step="2"/><W38/><G35/><T48/><D72/><U34/><E34/><V43/><F43/><W111/><G111/><T60/><D134/><U108/><E108/><V135/><F135/><W121/><G121/><T23/><D23/><U52/><E4/><V14/><F14/><W90/><G8/><T9/><D9/><U105/><E3/><V33/><F33/><W97/><G38/><T96/><D127/><U41/><E105/><V24/><F24/><W42/><G42/><T15/><D15/><AGARI ba="0,1" hai="1,5,11,13,15,90,94,97,99,101,106" m="45161" machi="15" ten="30,2000,0" yaku="12,1,52,1" doraHai="2" who="3" fromWho="0" sc="430,-20,161,0,209,0,190,30" /><INIT seed="2,0,0,4,2,78" ten="410,161,209,220" oya="2" hai0="116,52,20,44,129,84,26,66,45,22,83,114,19" hai1="87,72,115,58,25,73,103,105,96,29,24,59,128" hai2="54,40,17,53,85,97,100,74,75,8,62,0,33" hai3="42,126,111,90,119,81,135,5,112,106,80,69,77"/><V13/><F33/><W88/><G69/><T34/><D34/><U10/><E115/><V28/><F28/><W71/><G71/><T65/><D114/><U124/><E128/><V43/><F0/><W98/><G112/><T11/><D11/><U61/><E124/><V37/><F85/><W117/><G42/><T107/><D107/><U113/><E113/><V109/><F109/><W48/><G48/><N who="0" m="28679" /><D45/><U125/><E125/><V89/><F89/><N who="3" m="34411" /><G5/><T39/><D39/><U92/><E10/><V55/><F62/><W68/><G68/><T3/><D3/><U93/><E58/><V7/><F7/><W46/><G46/><T27/><D116/><N who="3" m="44617" /><G126/><T49/><D49/><U12/><E12/><V30/><F30/><W63/><G63/><T21/><D129/><U23/><E25/><N who="0" m="9225" /><D19/><U121/><E121/><V108/><F108/><W6/><G6/><T123/><D123/><U134/><E134/><V122/><F122/><W127/><G127/><T51/><D51/><U38/><E38/><V2/><F2/><W102/><G135/><T104/><D65/><U130/><E130/><V132/><F132/><W50/><G50/><T9/><D66/><N who="1" m="39231" /><E105/><V32/><F32/><W70/><G70/><T14/><D104/><U18/><E18/><V94/><REACH who="2" step="1"/><F37/><REACH who="2" ten="410,161,199,220" step="2"/><W131/><G131/><T64/><D64/><U56/><E56/><V86/><F86/><N who="3" m="48399" /><G111/><T67/><D67/><U57/><E57/><V91/><F91/><AGARI ba="0,1" hai="23,24,29,72,73,87,91,92,93,96,103" m="39231" machi="91" ten="30,1000,0" yaku="25,1" doraHai="78" who="1" fromWho="2" sc="410,0,161,20,199,-10,220,0" /><INIT seed="3,0,0,0,2,16" ten="410,181,189,220" oya="3" hai0="68,24,109,49,81,69,54,42,61,5,134,20,66" hai1="119,83,125,102,15,12,13,106,131,86,9,47,101" hai2="94,84,115,135,53,82,8,3,64,90,19,132,59" hai3="2,127,113,30,32,14,7,87,123,74,133,1,34"/><W75/><G87/><T99/><D69/><U41/><E131/><V98/><F115/><W22/><G75/><T92/><D42/><U79/><E125/><V73/><F73/><W93/><G93/><T124/><D5/><U108/><E108/><V27/><F64/><W95/><G95/><T35/><D35/><N who="3" m="13353" /><G74/><T130/><D109/><U11/><E119/><V111/><F111/><W89/><G89/><T6/><D6/><U128/><E128/><V96/><F3/><N who="3" m="1035" /><G113/><T45/><D130/><U88/><E79/><V121/><F121/><W103/><G103/><N who="1" m="39434" /><E106/><V112/><F112/><W129/><G129/><T70/><D54/><U52/><E41/><V117/><F117/><W114/><G114/><T122/><D92/><U118/><E118/><V37/><F37/><W23/><G133/><T77/><D49/><AGARI ba="0,0" hai="9,11,12,13,15,47,49,52,83,86,88" m="39434" machi="49" ten="30,3900,0" yaku="8,1,54,2" doraHai="16" who="1" fromWho="0" sc="410,-39,181,39,189,0,220,0" owari="371,47.1,220,2.0,189,-31.1,220,-18.0" /></mjloggm>