<mjloggm ver="2.3"><GO type="225" lobby="0"/><UN n0="%E3%83%A9%E3%83%96%E3%83%AC%E3%83%BC" n1="%28%EF%BF%A3%E2%96%BD%EF%BF%A3%29%CE%B4%E2%8C%92%E3%83%BB" n2="%E6%B4%BE%E9%81%A3%E3%81%AE%E3%82%B8%E3%83%A3%E3%83%83%E3%82%AF" n3="%E9%A2%A8%E3%81%A7%E9%B3%B4%E3%81%8F" dan="18,16,16,16" rate="2222.48,2123.42,2154.47,2134.24" sx="M,M,M,M"/><TAIKYOKU oya="0"/><INIT seed="0,0,0,0,0,66" ten="250,250,250,250" oya="0" hai0="94,16,8,38,68,34,44,49,122,28,101,20,2" hai1="27,107,86,54,121,30,102,82,10,72,88,22,98" hai2="79,52,46,109,51,33,63,7,57,55,17,89,65" hai3="45,24,119,73,29,21,92,61,56,134,124,132,64"/><T83/><D122/><U60/><E121/><V91/><F33/><W117/><G73/><T76/><D38/><U19/><E72/><V81/><F109/><W116/><G45/><T36/><D36/><U15/><E60/><V135/><F135/><W114/><G114/><T123/><D123/><U67/><E67/><V62/><F7/><W95/><REACH who="3" step="1"/><G124/><REACH who="3" ten="250,250,250,240" step="2"/><T9/><D44/><U133/><E133/><AGARI ba="0,1" hai="21,24,29,56,61,64,92,95,116,117,119,132,133,134" machi="133" ten="50,6400,0" yaku="1,1,2,1,20,1,53,0" doraHai="66" doraHaiUra="77" who="3" fromWho="1" sc="250,0,250,-64,250,0,240,74" /><INIT seed="1,0,0,0,4,4" ten="250,186,250,314" oya="1" hai0="53,103,67,40,79,52,9,59,82,47,124,2,116" hai1="129,66,114,118,58,71,74,128,94,72,120,106,112" hai2="121,95,7,63,133,100,39,48,46,33,25,37,44" hai3="30,64,8,36,10,132,62,80,49,97,24,60,18"/><U19/><E71/><V78/><F121/><W122/><G36/><T104/><D116/><U23/><E106/><V98/><F133/><W11/><G122/><T21/><D124/><U77/><E120/><V13/><F63/><N who="3" m="24107" /><G132/><T107/><D67/><U101/><E66/><V41/><F78/><W0/><G0/><T16/><D59/><U34/><E58/><V108/><F108/><W117/><G117/><T69/><D103/><U28/><E118/><V68/><F68/><W29/><G64/><T86/><D107/><U105/><E105/><V55/><F39/><W125/><G125/><T127/><D104/><U54/><E54/><N who="0" m="21097" /><D2/><U14/><E34/><V12/><F7/><W76/><G97/><T110/><D110/><U1/><E28/><N who="3" m="10858" /><G49/><N who="0" m="26855" /><D127/><U102/><E1/><V17/><F33/><W87/><G24/><N who="0" m="14375" /><D69/><U26/><E26/><V65/><F65/><W32/><G32/><T22/><D22/><U27/><E27/><V61/><F61/><W6/><G6/><T51/><D51/><U96/><E102/><V130/><F25/><W91/><G18/><T35/><D35/><U20/><E20/><V42/><F17/><W84/><G84/><T45/><D45/><U73/><REACH who="1" step="1"/><E77/><AGARI ba="0,0" hai="8,10,11,76,77,80,87,91" m="10858,24107" machi="77" ten="30,7700,0" yaku="8,1,52,3" doraHai="4" who="3" fromWho="1" sc="250,0,186,-77,250,0,314,77" /><INIT seed="2,0,0,0,3,43" ten="250,109,250,391" oya="2" hai0="32,31,99,118,48,123,98,78,17,20,65,135,133" hai1="63,61,1,3,59,51,7,28,84,73,130,39,8" hai2="119,25,134,14,101,57,90,83,42,52,67,30,104" hai3="97,114,76,37,109,112,91,35,93,106,49,117,45"/><V21/><F119/><W74/><G35/><T19/><D123/><U70/><E73/><V38/><F134/><W102/><G37/><T16/><D65/><U126/><E39/><V10/><F67/><W26/><G117/><T111/><D32/><U64/><E126/><V44/><F104/><W36/><G36/><T96/><D118/><U55/><E130/><V75/><F101/><W58/><G58/><T53/><D78/><U23/><E1/><V0/><F0/><W68/><G68/><T13/><D111/><U125/><E125/><V22/><F22/><W124/><G124/><T115/><D115/><U77/><E63/><V127/><F127/><W54/><G109/><T72/><D72/><U60/><E60/><V12/><F10/><W85/><REACH who="3" step="1"/><G26/><REACH who="3" ten="250,109,250,381" step="2"/><N who="0" m="16839" /><D135/><U95/><E70/><V121/><F121/><W41/><G41/><T71/><D71/><U69/><E77/><V18/><F42/><W128/><G128/><T40/><D40/><U24/><E95/><V107/><F38/><W88/><G88/><T50/><D133/><U120/><E120/><V4/><F90/><W100/><G100/><T131/><D131/><U86/><REACH who="1" step="1"/><E69/><REACH who="1" ten="250,99,250,381" step="2"/><V92/><F92/><W66/><G66/><T9/><D50/><U47/><AGARI ba="0,2" hai="3,7,8,23,24,28,47,51,55,59,61,64,84,86" machi="47" ten="20,12000,2" yaku="1,1,2,1,0,1,7,1,52,1,53,1" doraHai="43" doraHaiUra="46" who="1" fromWho="1" sc="250,-30,99,140,250,-60,381,-30" /><INIT seed="3,0,0,3,2,120" ten="220,239,190,351" oya="3" hai0="8,97,29,104,57,15,58,31,115,121,24,81,110" hai1="95,38,96,19,92,44,74,73,79,103,28,50,94" hai2="130,91,107,83,87,66,102,26,23,1,54,77,99" hai3="111,127,52,114,90,18,80,6,46,134,65,13,42"/><W88/><G114/><T116/><D121/><U123/><E38/><V2/><F130/><W47/><G6/><T25/><D116/><U118/><E123/><V93/><F66/><W105/><G105/><T53/><D110/><U113/><E28/><N who="0" m="10825" /><D104/><U133/><E118/><V33/><F33/><W20/><G127/><T78/><D97/><U60/><E113/><V59/><F26/><N who="0" m="10346" /><D115/><U119/><E133/><V62/><REACH who="2" step="1"/><F23/><REACH who="2" ten="220,239,180,351" step="2"/><W0/><G134/><T84/><D53/><N who="1" m="29895" /><E119/><V126/><F126/><W16/><G65/><T122/><D122/><U45/><E103/><V129/><F129/><W124/><G124/><T61/><D61/><U100/><E60/><V106/><F106/><W17/><G0/><T112/><D112/><U40/><E100/><V10/><F10/><W128/><G128/><T35/><D35/><U22/><E22/><V86/><AGARI ba="0,1" hai="1,2,54,59,62,77,83,86,87,91,93,99,102,107" machi="86" ten="20,5200,0" yaku="1,1,0,1,7,1,53,1" doraHai="120" doraHaiUra="85" who="2" fromWho="2" sc="220,-13,239,-13,180,62,351,-26" owari="207,-29.3,226,-17.4,242,4.2,325,42.5" /></mjloggm>