<mjloggm ver="2.3"><GO type="225" lobby="0"/><UN n0="%54%4F%52" n1="%E3%81%B5%E3%81%98%E3%81%8B%E3%81%A4" n2="%E3%82%A2%E3%83%9E%E3%83%9D%EF%BD%9E%EF%BD%9E%E3%83%A9" n3="%E5%8D%A0%E3%81%84%E5%B8%AB%E8%A3%8F%E3%81%AA%E3%81%84%E3%81%97" dan="17,16,17,16" rate="2242.66,2147.45,2136.17,2158.19" sx="M,M,M,M"/><TAIKYOKU oya="0"/><INIT seed="0,0,0,0,5,83" ten="250,250,250,250" oya="0" hai0="108,44,28,25,122,33,101,57,36,49,79,97,65" hai1="54,119,123,20,52,81,27,85,77,102,91,131,84" hai2="82,69,46,38,110,96,6,88,34,16,55,13,15" hai3="112,29,41,127,39,121,47,14,105,80,26,120,89"/><T98/><D122/><N who="3" m="47209" /><G112/><T2/><D2/><U63/><E123/><V3/><F69/><W92/><G127/><T68/><D108/><U126/><E119/><V58/><F34/><N who="3" m="20791" /><G14/><T31/><D31/><N who="1" m="17895" /><E131/><V111/><F3/><W103/><G80/><T78/><D97/><U106/><E106/><V132/><F132/><W93/><G89/><T0/><D0/><U4/><E126/><V109/><F6/><W61/><G61/><T10/><D10/><U95/><E4/><V12/><F46/><W134/><G134/><T67/><D57/><N who="1" m="35239" /><E54/><V42/><F42/><W35/><G35/><T62/><D65/><U72/><E72/><V71/><F71/><W22/><G22/><T125/><D36/><U45/><E45/><V32/><F38/><W17/><G17/><T21/><D21/><U48/><E48/><N who="2" m="31079" /><F32/><W24/><G24/><T129/><D129/><U73/><E73/><V1/><F1/><W118/><G118/><T94/><REACH who="0" step="1"/><D125/><REACH who="0" ten="240,250,250,250" step="2"/><U115/><E115/><V18/><F96/><AGARI ba="0,1" hai="39,41,47,92,93,96,103,105" m="20791,47209" machi="96" ten="30,1000,0" yaku="13,1" doraHai="83" who="3" fromWho="2" sc="240,0,250,0,250,-10,250,20" /><INIT seed="1,0,0,3,0,43" ten="240,250,240,270" oya="1" hai0="99,33,14,109,10,87,40,135,84,81,35,6,44" hai1="15,20,63,18,91,25,124,21,115,80,133,126,110" hai2="105,114,93,64,104,13,24,41,27,94,16,7,113" hai3="65,32,36,1,131,92,22,119,26,12,98,121,88"/><U118/><E115/><N who="2" m="44043" /><F64/><W108/><G121/><T70/><D70/><U111/><E118/><V8/><F41/><W38/><G1/><T45/><D109/><N who="1" m="41483" /><E63/><V107/><F7/><W127/><G108/><T31/><D135/><U128/><E80/><V83/><F83/><W100/><G131/><T17/><D99/><U106/><E106/><V76/><F76/><W66/><G127/><N who="1" m="48682" /><E91/><V56/><F56/><W46/><G119/><T3/><D87/><U96/><E96/><V50/><F50/><W11/><G38/><T28/><D35/><U69/><E69/><V54/><F54/><W60/><G32/><T101/><D101/><U130/><E133/><V123/><F123/><W55/><G60/><T29/><D33/><U117/><E117/><V2/><F2/><W134/><G134/><T47/><D40/><U77/><E77/><V67/><F67/><W125/><G125/><T112/><D112/><U58/><E58/><V0/><F0/><W78/><G78/><N who="0" m="46135" /><D3/><U95/><E95/><AGARI ba="0,0" hai="8,13,16,24,27,93,94,95,104,105,107" m="44043" machi="95" ten="40,2600,0" yaku="11,1,54,1" doraHai="43" who="2" fromWho="1" sc="240,0,250,-26,240,26,270,0" /><INIT seed="2,0,0,0,2,9" ten="240,224,266,270" oya="2" hai0="128,120,38,123,89,131,90,113,125,100,132,106,49" hai1="15,64,135,40,109,114,24,39,119,108,130,34,21" hai2="23,65,25,112,105,98,117,4,62,33,126,18,2" hai3="101,82,52,42,92,16,55,41,93,127,94,134,67"/><V104/><F112/><W75/><G127/><T59/><D38/><U110/><E114/><V26/><F117/><W124/><G124/><T48/><D113/><U47/><E119/><V31/><F126/><W76/><G134/><T27/><D125/><U70/><E135/><V79/><F79/><W29/><G29/><T8/><D132/><U36/><E130/><N who="0" m="49705" /><D27/><U77/><E77/><V87/><F87/><N who="3" m="48583" /><G67/><T63/><D100/><U5/><E34/><V1/><F4/><W58/><G55/><N who="0" m="34303" /><D106/><U95/><E95/><V96/><F105/><W88/><G101/><T86/><D8/><N who="1" m="4495" /><E70/><V10/><F10/><W32/><G32/><T13/><D13/><U83/><E83/><V122/><F104/><W54/><G54/><T43/><D89/><U91/><E91/><V85/><F1/><W60/><G75/><T6/><D6/><U73/><E73/><V97/><F2/><W7/><G7/><T129/><D129/><U118/><E118/><V81/><F81/><W50/><G88/><T12/><D12/><U28/><E64/><V53/><F65/><W11/><G60/><T72/><D72/><U37/><AGARI ba="0,0" hai="21,24,28,36,37,39,40,47,108,109,110" m="4495" machi="37" ten="40,2700,0" yaku="14,1,52,1" doraHai="9" who="1" fromWho="1" sc="240,-7,224,27,266,-13,270,-7" /><INIT seed="3,0,0,3,3,127" ten="233,251,253,263" oya="3" hai0="125,55,28,123,80,6,75,46,91,1,79,15,8" hai1="61,111,90,56,64,134,23,49,124,44,37,36,5" hai2="60,97,92,120,68,135,103,2,59,104,102,132,4" hai3="20,93,45,34,89,108,30,26,62,122,73,27,22"/><W40/><G122/><T95/><D123/><U7/><E124/><V130/><F120/><W121/><G121/><T96/><D125/><U13/><E111/><V21/><F68/><W29/><G73/><T109/><D109/><U87/><E134/><N who="2" m="51243" /><F4/><W114/><G114/><T133/><D133/><U47/><E37/><V69/><F2/><W118/><G108/><T110/><D110/><U70/><E47/><V76/><F76/><W43/><G118/><T53/><D28/><U71/><E71/><V72/><F69/><W112/><G112/><T101/><D15/><U54/><E36/><V9/><F9/><W51/><G62/><T35/><D35/><U107/><E107/><V129/><F72/><W25/><G34/><T32/><D32/><U128/><E70/><V31/><F103/><W65/><G65/><T58/><D58/><U77/><E77/><V19/><F104/><W115/><G115/><T98/><REACH who="0" step="1"/><D46/><REACH who="0" ten="223,251,253,263" step="2"/><U0/><E0/><V99/><F31/><N who="3" m="11787" /><G43/><T63/><D63/><U3/><E3/><V78/><F59/><W12/><G12/><T117/><D117/><U84/><E44/><V41/><F60/><W16/><G20/><T52/><D52/><U82/><E23/><V94/><F41/><W106/><G106/><AGARI ba="0,1" hai="1,6,8,53,55,75,79,80,91,95,96,98,101,106" machi="106" ten="30,2000,0" yaku="1,1,7,1,53,0" doraHai="127" doraHaiUra="116" who="0" fromWho="3" sc="223,30,251,0,253,0,263,-20" /><INIT seed="4,0,0,5,4,57" ten="253,251,253,243" oya="0" hai0="93,85,83,64,84,111,58,12,11,20,13,67,42" hai1="121,133,110,18,88,132,0,56,31,129,36,40,76" hai2="25,123,29,60,43,92,90,81,46,9,100,51,97" hai3="68,78,45,2,101,66,106,94,8,95,105,37,125"/><T38/><D111/><U116/><E121/><V65/><F123/><W53/><G125/><T23/><D93/><U112/><E110/><V82/><F9/><W4/><G53/><T87/><D83/><U80/><E0/><V69/><REACH who="2" step="1"/><F100/><REACH who="2" ten="253,251,243,243" step="2"/><W124/><G101/><T26/><D11/><U135/><E135/><V113/><F113/><W102/><G102/><T7/><D7/><U27/><E112/><V63/><F63/><W127/><G8/><T47/><D20/><AGARI ba="0,1" hai="20,25,29,43,46,51,60,65,69,81,82,90,92,97" machi="20" ten="30,3900,0" yaku="1,1,7,1,52,1,53,0" doraHai="57" doraHaiUra="70" who="2" fromWho="0" sc="253,-39,251,0,243,49,243,0" /><INIT seed="5,0,0,1,1,46" ten="214,251,292,243" oya="1" hai0="119,86,17,41,133,107,53,67,39,110,89,102,131" hai1="59,25,50,96,123,103,128,23,73,20,61,38,95" hai2="27,118,3,99,106,111,18,34,24,19,42,22,44" hai3="126,104,129,13,122,121,87,43,40,57,125,108,113"/><U10/><E123/><V55/><F111/><W91/><G104/><T31/><D119/><U66/><E73/><V101/><F118/><W2/><G2/><T83/><D110/><U5/><E128/><V62/><F3/><W130/><G108/><T15/><D131/><N who="3" m="50185" /><G13/><T6/><D133/><U109/><E109/><V77/><F77/><W93/><G113/><T33/><D6/><U60/><E38/><V54/><F62/><W124/><G57/><T134/><D134/><U37/><E37/><V81/><F81/><W135/><G135/><T100/><D67/><U127/><E127/><V4/><F4/><W76/><G76/><T71/><D71/><U78/><E78/><V98/><F98/><W47/><G40/><T116/><D116/><U85/><E85/><V52/><F34/><W1/><G1/><T69/><D69/><U63/><E23/><V74/><F74/><W117/><G117/><T64/><D64/><U132/><E132/><V105/><F105/><W0/><G0/><T45/><D53/><N who="1" m="32183" /><E5/><V36/><F27/><W48/><AGARI ba="0,0" hai="43,47,48,87,91,93,121,122,124,125,126" m="50185" machi="48" ten="40,5200,0" yaku="18,1,19,1,52,1" doraHai="46" who="3" fromWho="3" sc="214,-13,251,-26,292,-13,243,52" /><INIT seed="6,0,0,4,0,21" ten="201,225,279,295" oya="2" hai0="121,17,100,60,124,5,105,9,16,109,75,114,74" hai1="106,42,71,131,86,98,81,85,108,47,95,101,80" hai2="116,43,1,2,125,83,33,34,51,118,77,41,76" hai3="111,93,61,84,24,127,102,115,89,119,13,120,15"/><V79/><F51/><W55/><G119/><N who="2" m="45609" /><F83/><N who="1" m="31817" /><E47/><V22/><F22/><W72/><G111/><T12/><D109/><U73/><E42/><N who="2" m="15883" /><F125/><W132/><G72/><T25/><D124/><U27/><E131/><V59/><F59/><N who="3" m="35071" /><G120/><T78/><D121/><U10/><E27/><V44/><F44/><W133/><G24/><T65/><D114/><U99/><E10/><V126/><F126/><W31/><G115/><T135/><D135/><N who="3" m="51785" /><G127/><T29/><D78/><U67/><E108/><V14/><F14/><N who="3" m="5131" /><G102/><T57/><D75/><U62/><E73/><V117/><F117/><W26/><G26/><T64/><D74/><U87/><E62/><V94/><F94/><W58/><G58/><T82/><D82/><U54/><E71/><V36/><F36/><W112/><G112/><T18/><D100/><N who="1" m="62751" /><E67/><V122/><F122/><W92/><G92/><T134/><D134/><U88/><E54/><V7/><F7/><W128/><G128/><T68/><D105/><AGARI ba="0,0" hai="85,86,87,88,95,98,101,105" m="62751,31817" machi="105" ten="30,12000,2" yaku="35,5,54,1" doraHai="21" who="1" fromWho="0" sc="201,-120,225,120,279,0,295,0" owari="81,-41.9,345,44.5,279,-12.1,295,9.5" /></mjloggm>