<mjloggm ver="2.3"><GO type="225" lobby="0"/><UN n0="%E6%A1%9C%E8%8A%B1%E9%96%83%E3%80%85" n1="%E5%84%AA%40%41%42%43" n2="%E7%B4%94%E6%BD%94%E3%83%94%E3%83%A9%E3%83%8B%E3%82%A2" n3="%E3%81%B5%E3%81%98%E3%81%8B%E3%81%A4" dan="16,17,17,17" rate="2194.19,2161.55,2223.03,2214.03" sx="M,M,M,M"/><TAIKYOKU oya="0"/><INIT seed="0,0,0,0,3,91" ten="250,250,250,250" oya="0" hai0="44,98,16,7,79,73,75,133,112,113,23,115,103" hai1="5,36,69,61,102,131,76,41,124,66,128,118,106" hai2="81,117,85,87,0,49,104,18,26,43,29,53,95" hai3="57,119,127,4,125,122,20,10,9,52,92,67,68"/><T77/><D7/><U129/><E118/><V86/><F104/><W21/><G119/><T120/><D44/><N who="1" m="23591" /><E5/><V48/><F0/><W19/><G122/><T56/><D56/><U13/><E76/><V28/><F43/><W116/><G67/><T130/><D120/><U60/><E13/><V93/><F81/><W45/><G68/><T17/><D17/><U89/><E89/><V74/><F74/><W135/><G45/><T62/><D62/><N who="1" m="40151" /><E124/><N who="3" m="47690" /><G135/><T108/><D133/><U37/><E37/><V83/><F83/><W54/><G116/><T42/><D42/><U40/><E40/><V78/><F78/><W90/><G54/><T39/><D39/><U35/><E35/><V63/><F63/><N who="1" m="24137" /><E102/><V34/><F53/><W97/><G19/><T55/><D79/><U123/><E106/><V51/><F117/><W126/><N who="3" m="47698" /><W71/><DORA hai="50" /><G71/><T107/><D77/><U100/><E100/><V109/><F34/><W132/><G132/><T111/><D55/><U22/><E22/><N who="3" m="8810" /><G4/><T31/><D16/><U38/><E38/><V6/><F6/><W1/><G1/><T94/><D75/><U15/><E15/><V99/><F18/><W64/><G64/><T2/><D73/><U24/><E24/><V11/><F26/><W101/><G101/><T14/><D2/><U70/><E70/><V121/><F121/><AGARI ba="0,0" hai="121,123,128,129,131" m="24137,40151,23591" machi="121" ten="40,5200,0" yaku="19,1,34,2" doraHai="91,50" who="1" fromWho="2" sc="250,0,250,52,250,-52,250,0" /><INIT seed="1,0,0,3,1,99" ten="250,302,198,250" oya="1" hai0="104,38,76,8,58,64,28,34,20,13,62,119,29" hai1="37,108,116,50,79,15,24,16,43,102,27,4,69" hai2="10,47,100,70,74,48,95,51,0,14,84,31,112" hai3="105,54,132,56,49,17,26,101,78,80,59,88,124"/><U127/><E116/><V93/><F74/><W103/><G124/><T106/><D119/><U129/><E69/><V72/><F70/><W115/><G132/><T77/><D34/><U46/><E127/><V91/><F72/><W5/><G5/><T39/><D39/><U57/><E129/><V107/><F107/><W21/><G115/><T33/><D33/><U19/><E79/><N who="0" m="30281" /><D38/><U120/><E120/><V109/><F109/><W133/><G133/><T30/><D106/><U126/><E126/><V134/><F134/><W82/><G105/><T130/><D104/><U25/><E108/><V42/><F112/><W71/><G71/><T110/><D110/><U55/><REACH who="1" step="1"/><E102/><REACH who="1" ten="250,292,198,250" step="2"/><N who="3" m="38922" /><G78/><T81/><D130/><U7/><E7/><V128/><F100/><W122/><G122/><T89/><D89/><U11/><AGARI ba="0,1" hai="4,11,15,16,19,24,25,27,37,43,46,50,55,57" machi="11" ten="30,6000,0" yaku="1,1,0,1,54,1,53,0" doraHai="99" doraHaiUra="98" who="1" fromWho="1" sc="250,-20,292,70,198,-20,250,-20" /><INIT seed="1,1,0,3,4,24" ten="230,362,178,230" oya="1" hai0="115,102,89,49,48,124,86,63,41,46,91,95,111" hai1="32,38,28,105,53,107,60,98,64,21,110,47,70" hai2="80,71,58,45,54,75,114,88,83,134,43,1,90" hai3="37,97,18,52,9,17,30,10,127,7,65,14,11"/><U72/><E110/><V99/><F71/><W68/><G37/><T20/><D115/><U55/><E21/><V25/><F114/><W56/><G127/><T116/><D116/><U51/><E72/><V79/><F1/><W100/><G30/><T125/><D111/><U108/><E108/><V122/><F122/><W106/><G68/><T74/><D74/><U76/><E76/><V131/><F131/><W12/><G65/><T4/><D4/><U0/><E0/><V119/><F134/><W57/><REACH who="3" step="1"/><G52/><REACH who="3" ten="230,362,178,220" step="2"/><T118/><D49/><U62/><E38/><V5/><F54/><W50/><G50/><T42/><D63/><U123/><E62/><V87/><F58/><W40/><G40/><T92/><D41/><U31/><E31/><V8/><F119/><W84/><G84/><N who="0" m="52263" /><D118/><U78/><E53/><V104/><F43/><W27/><G27/><T128/><D125/><U129/><E55/><V66/><F66/><W61/><G61/><T130/><D124/><U2/><E51/><V101/><F25/><W39/><G39/><T73/><D73/><U94/><E28/><V15/><F45/><W126/><G126/><T34/><D130/><U81/><E47/><V67/><F67/><W13/><AGARI ba="1,1" hai="7,9,10,11,12,13,14,17,18,56,57,97,100,106" machi="13" ten="20,5200,0" yaku="1,1,0,1,7,1,9,1,53,0" doraHai="24" doraHaiUra="135" who="3" fromWho="3" sc="230,-14,362,-27,178,-14,220,65" /><INIT seed="2,0,0,2,3,105" ten="216,335,164,285" oya="2" hai0="50,121,131,40,28,113,58,63,78,73,122,45,111" hai1="16,7,17,132,5,96,68,41,27,4,75,10,43" hai2="56,83,62,14,133,102,115,52,108,37,11,100,46" hai3="48,109,67,93,84,98,13,126,118,80,92,61,47"/><V1/><F1/><W71/><G118/><T39/><D28/><U125/><E75/><V128/><F115/><W23/><G109/><T123/><D113/><U53/><E68/><V65/><F128/><W91/><G126/><T29/><D29/><U3/><E132/><V21/><F133/><W20/><G13/><T51/><D111/><U114/><E114/><V36/><F108/><W54/><REACH who="3" step="1"/><G92/><REACH who="3" ten="216,335,164,275" step="2"/><T112/><D112/><U134/><E125/><V99/><F21/><W85/><G85/><T101/><D131/><U77/><E134/><V30/><F30/><W57/><G57/><T127/><D127/><U104/><E104/><V6/><F100/><AGARI ba="0,1" hai="20,23,47,48,54,61,67,71,80,84,91,93,98,100" machi="100" ten="30,3900,0" yaku="1,1,7,1,53,1" doraHai="105" doraHaiUra="94" who="3" fromWho="2" sc="216,0,335,0,164,-39,275,49" /><INIT seed="3,0,0,0,5,135" ten="216,335,125,324" oya="3" hai0="1,76,28,22,4,95,113,51,47,30,94,3,39" hai1="84,87,49,80,111,61,57,127,92,119,99,116,132" hai2="18,40,89,90,124,16,26,110,37,68,32,105,129" hai3="27,67,69,118,101,24,63,85,45,73,53,15,25"/><W108/><G118/><N who="1" m="45098" /><E127/><V78/><F105/><W65/><G73/><T117/><D39/><U48/><E111/><V109/><F68/><W96/><G108/><N who="2" m="41577" /><F78/><W42/><G67/><T107/><D22/><U62/><E132/><V56/><F129/><W130/><G130/><T9/><D30/><U106/><E106/><V13/><F37/><W7/><G53/><T43/><D1/><U19/><E19/><N who="2" m="7211" /><F40/><W91/><G15/><T133/><D94/><U121/><E121/><V29/><F13/><W8/><G42/><T81/><D76/><N who="1" m="46087" /><E87/><V103/><F103/><W100/><G45/><T83/><D51/><N who="1" m="19531" /><E57/><V12/><F56/><N who="3" m="37095" /><G96/><T86/><D95/><U2/><E2/><V115/><F115/><W82/><G69/><T34/><D83/><U97/><E97/><V54/><F12/><N who="3" m="5151" /><G101/><AGARI ba="0,0" hai="61,62,92,99,101" m="19531,46087,45098" machi="101" ten="30,1000,0" yaku="12,1" doraHai="135" who="1" fromWho="3" sc="216,0,335,10,125,0,324,-10" owari="216,-18.4,345,44.5,125,-37.5,314,11.4" /></mjloggm>