<mjloggm ver="2.3"><GO type="225" lobby="0"/><UN n0="%E3%80%90%E3%83%88%E3%83%AA%E3%83%A5%E3%83%95%E3%80%91" n1="%28%EF%BF%A3%E2%96%BD%EF%BF%A3%29%CE%B4%E2%8C%92%E3%83%BB" n2="%E7%89%B9%E6%9D%B1%E5%96%B0%E8%B5%A4%E9%80%9F" n3="%E9%BB%99%E8%81%B4%E3%81%AE%E3%81%99%E3%82%9D%E3%82%81" dan="16,17,16,16" rate="2076.20,2251.11,2052.39,2106.66" sx="M,M,M,M"/><TAIKYOKU oya="0"/><INIT seed="0,0,0,2,1,87" ten="250,250,250,250" oya="0" hai0="82,74,4,38,107,133,48,89,11,128,7,29,111" hai1="103,124,99,104,125,10,84,105,101,36,130,118,71" hai2="63,122,72,96,25,95,112,76,121,116,41,37,66" hai3="113,80,127,75,56,91,62,12,5,19,135,94,61"/><T64/><D133/><U30/><E71/><V114/><F25/><W42/><G127/><N who="1" m="48714" /><E36/><V33/><F33/><W120/><G113/><T23/><D128/><U16/><E30/><V73/><F116/><W110/><G110/><T1/><D107/><N who="1" m="41035" /><E118/><V92/><F41/><W17/><G120/><T97/><D111/><U90/><E99/><V15/><F37/><W18/><G42/><T34/><D97/><U47/><E47/><V51/><F51/><W108/><G108/><T134/><D134/><U44/><E44/><V21/><F96/><W20/><G5/><T109/><D109/><U9/><E130/><V119/><F119/><W79/><G62/><T53/><D38/><U40/><E40/><V31/><F63/><W69/><G69/><T6/><D34/><U126/><N who="1" m="48722" /><U55/><DORA hai="132" /><E55/><V0/><F31/><W46/><G46/><T2/><D2/><U98/><E98/><V102/><F0/><W78/><G135/><T117/><D117/><U35/><E35/><V24/><F112/><W43/><G43/><T54/><D54/><U13/><E9/><V8/><F8/><W70/><G70/><T27/><D64/><U14/><E13/><V88/><F15/><W26/><G12/><T50/><D53/><U83/><AGARI ba="0,0" hai="10,14,16,83,84,90,101,103" m="41035,48722" machi="83" ten="50,12000,2" yaku="18,1,52,5,54,1" doraHai="87,132" who="1" fromWho="1" sc="250,-60,250,120,250,-30,250,-30" /><INIT seed="1,0,0,4,4,44" ten="190,370,220,220" oya="1" hai0="14,11,101,107,132,28,58,77,67,99,93,109,75" hai1="9,38,66,105,49,35,45,100,83,59,64,56,125" hai2="119,4,85,74,19,104,24,71,46,112,89,68,15" hai3="76,65,111,126,103,131,130,79,31,87,78,17,33"/><U57/><E35/><V12/><F119/><W23/><G65/><N who="1" m="25194" /><E105/><V134/><F104/><W86/><G111/><T102/><D109/><U95/><E38/><V129/><F129/><N who="3" m="49163" /><G103/><T108/><D108/><U5/><E125/><V21/><F74/><W94/><G94/><T120/><D132/><U48/><E45/><V60/><F134/><W98/><G98/><T36/><D36/><U116/><E116/><V61/><F112/><W88/><G31/><T117/><D117/><U62/><E83/><V43/><F68/><W3/><G3/><T16/><D28/><U72/><E72/><V63/><F4/><W53/><G33/><T55/><D120/><U54/><E9/><V123/><F71/><W81/><G53/><T127/><D127/><U97/><E5/><V34/><F34/><W27/><G126/><T6/><D67/><U118/><E118/><V106/><F106/><W92/><AGARI ba="0,0" hai="17,23,27,76,78,79,81,86,87,88,92" m="49163" machi="92" ten="30,2000,0" yaku="19,1,54,1" doraHai="44" who="3" fromWho="3" sc="190,-5,370,-10,220,-5,220,20" /><INIT seed="2,0,0,0,4,89" ten="185,360,215,240" oya="2" hai0="130,58,56,5,125,0,68,123,108,30,72,49,71" hai1="115,91,88,94,14,61,121,28,96,44,50,113,127" hai2="103,97,11,18,27,59,3,2,12,9,79,51,37" hai3="70,86,13,133,7,92,26,78,57,99,128,109,25"/><V131/><F37/><W40/><G70/><T129/><D72/><U74/><E74/><V73/><F131/><N who="0" m="50186" /><D30/><U17/><E127/><V81/><F27/><W48/><G109/><T134/><D5/><U10/><E121/><V114/><F114/><W38/><G38/><T45/><D0/><U52/><E28/><V98/><F97/><W41/><G133/><T66/><D134/><U90/><REACH who="1" step="1"/><E61/><REACH who="1" ten="185,350,215,240" step="2"/><V62/><F62/><W33/><G128/><T39/><D125/><U124/><E124/><V8/><F2/><W104/><G33/><T76/><D123/><U31/><E31/><V34/><F3/><W15/><G104/><T65/><D108/><U120/><E120/><V23/><F34/><W102/><G25/><T20/><D68/><U118/><E118/><V107/><F107/><W77/><G26/><T60/><D66/><U46/><E46/><V19/><F59/><W43/><G57/><T16/><D58/><U83/><E83/><V54/><F73/><W64/><G64/><T135/><D135/><U132/><E132/><V101/><F81/><W24/><G24/><N who="0" m="14343" /><D56/><U35/><E35/><V75/><F75/><W4/><G13/><T36/><D76/><U95/><E95/><V111/><F79/><W119/><G119/><T63/><D60/><U110/><E110/><V69/><F111/><W84/><G78/><T22/><D22/><U67/><E67/><V42/><F69/><W21/><G77/><T29/><D29/><U55/><E55/><AGARI ba="0,1" hai="36,39,45,49,55,63,65,71" m="14343,50186" machi="55" ten="30,2000,0" yaku="19,1,54,1" doraHai="89" who="0" fromWho="1" sc="185,30,350,-20,215,0,240,0" /><INIT seed="3,0,0,2,0,128" ten="215,330,215,240" oya="3" hai0="23,55,118,34,38,132,133,77,91,98,131,79,66" hai1="60,14,87,4,10,67,83,127,6,115,56,15,49" hai2="114,40,21,35,50,135,84,9,33,48,125,1,82" hai3="78,5,2,0,37,64,46,105,119,57,32,65,120"/><W3/><G119/><T39/><D131/><U11/><E127/><V26/><F114/><W31/><G105/><T29/><D66/><U92/><E115/><V126/><F135/><N who="0" m="51786" /><D34/><N who="2" m="12810" /><F40/><W22/><G78/><N who="0" m="29707" /><D55/><U59/><E92/><V107/><F107/><W100/><G100/><T30/><D118/><U124/><E124/><N who="2" m="47723" /><F9/><W108/><G32/><T12/><D98/><U61/><E67/><V109/><F1/><W73/><G65/><T58/><D58/><U53/><E59/><V20/><F109/><W81/><G108/><T70/><D70/><U130/><E130/><V63/><F63/><W99/><G99/><T36/><D91/><AGARI ba="0,0" hai="4,6,10,11,14,15,49,53,56,60,61,83,87,91" machi="91" ten="30,3900,0" yaku="7,1,9,1,8,1" doraHai="128" who="1" fromWho="0" sc="215,-39,330,39,215,0,240,0" owari="176,-32.4,369,46.9,215,-18.5,240,4.0" /></mjloggm>