<mjloggm ver="2.3"><GO type="225" lobby="0"/><UN n0="%E3%83%A9%E3%82%A4%E3%83%B3%E3%81%AE%E8%99%8E" n1="%E5%B8%86%E7%AB%8B%E5%A4%8F%E8%A1%A3" n2="%E3%81%90%E3%81%A1%E3%82%84%E3%81%BE" n3="%E3%81%8B%E3%82%8F%E3%81%A1%E3%82%83%E3%82%93%35%38" dan="16,17,16,16" rate="2130.44,2158.38,2140.72,2154.13" sx="M,M,M,M"/><TAIKYOKU oya="0"/><INIT seed="0,0,0,4,1,110" ten="250,250,250,250" oya="0" hai0="108,61,119,114,121,106,129,54,76,31,62,93,127" hai1="56,134,51,131,123,104,12,72,17,98,99,64,66" hai2="28,1,125,94,135,107,24,11,111,118,13,89,124" hai3="30,15,130,58,87,35,53,21,14,101,109,42,10"/><T133/><D119/><U60/><E123/><V126/><F107/><W44/><G109/><T41/><D121/><U92/><E72/><V32/><F111/><W117/><G117/><T96/><D108/><U33/><E134/><V103/><F118/><W112/><G35/><T63/><D133/><U105/><E131/><V7/><F135/><W68/><G68/><T4/><D129/><U29/><E66/><V65/><F103/><W18/><G130/><T97/><D127/><U128/><E128/><V16/><F65/><W9/><G101/><T19/><D114/><U116/><E116/><V55/><F55/><W67/><G67/><T70/><D41/><U3/><E3/><V48/><F48/><N who="3" m="26647" /><G112/><T26/><D4/><U25/><E51/><V84/><REACH who="2" step="1"/><F124/><REACH who="2" ten="250,250,240,250" step="2"/><W49/><G49/><T100/><D106/><U6/><E105/><V73/><F73/><W0/><G53/><T132/><D100/><U80/><E104/><V78/><F78/><W52/><G52/><T38/><D76/><U82/><E64/><V88/><F88/><W115/><G58/><T79/><D54/><U95/><E56/><V37/><F37/><W69/><G69/><T22/><D38/><U40/><E40/><V122/><F122/><W46/><G46/><T75/><D70/><U86/><E60/><V34/><F34/><W2/><G115/><T83/><D132/><U120/><E120/><V36/><F36/><W102/><G102/><N who="0" m="60687" /><D97/><U27/><E99/><V74/><F74/><W57/><G57/><T23/><D63/><U85/><E98/><V81/><F81/><N who="1" m="31337" /><E33/><V45/><F45/><RYUUKYOKU ba="0,1" sc="250,15,250,-15,240,15,250,-15" hai0="19,22,23,26,31,61,62,75,79,83" hai2="1,7,11,13,16,24,28,32,84,89,94,125,126" /><INIT seed="0,1,1,4,5,106" ten="265,235,255,235" oya="0" hai0="24,46,65,21,122,70,93,78,81,12,22,109,58" hai1="98,36,41,67,35,61,112,116,72,89,57,121,79" hai2="29,10,54,11,45,47,104,37,74,49,59,71,66" hai3="5,64,0,127,82,110,25,2,119,124,52,120,56"/><T125/><D122/><U76/><E121/><V28/><F104/><W117/><G120/><T48/><D70/><U115/><E116/><N who="3" m="44618" /><G64/><T131/><D125/><N who="3" m="48201" /><G5/><T55/><D131/><U101/><E89/><V87/><F87/><W32/><G110/><T86/><D109/><U44/><E35/><V15/><F74/><W88/><G25/><T17/><D93/><U95/><REACH who="1" step="1"/><E72/><REACH who="1" ten="265,225,255,235" step="2"/><V63/><F10/><W42/><G32/><T4/><D4/><U126/><E126/><V38/><F38/><W85/><G42/><T75/><D75/><U43/><E43/><N who="2" m="22767" /><F47/><W114/><G114/><AGARI ba="1,2" hai="36,41,44,57,61,67,76,79,95,98,101,112,114,115" machi="114" ten="40,2600,0" yaku="1,1,11,1,53,0" doraHai="106" doraHaiUra="105" who="1" fromWho="3" sc="265,0,225,49,255,0,235,-29" /><INIT seed="1,0,0,0,5,83" ten="265,274,255,206" oya="1" hai0="82,70,61,107,125,43,19,116,67,35,117,128,30" hai1="53,63,26,120,105,84,132,41,48,96,127,80,29" hai2="1,0,65,101,77,7,114,126,28,23,8,104,72" hai3="118,108,131,135,10,97,44,89,16,38,74,18,115"/><U99/><E127/><V103/><F126/><W88/><G115/><T66/><D125/><U2/><E132/><V17/><F114/><W20/><G74/><T60/><D128/><U113/><E113/><V51/><F104/><W58/><G135/><T12/><D107/><U134/><E2/><V124/><F1/><W90/><G131/><T37/><D82/><U78/><E120/><V36/><F36/><W95/><G108/><T52/><D30/><U14/><E105/><V69/><F51/><W98/><G118/><T21/><D35/><U86/><E134/><V15/><F124/><W94/><G38/><T122/><D122/><U39/><E39/><V112/><F112/><W81/><G44/><T64/><D52/><U55/><E14/><V34/><F77/><W100/><G58/><T59/><REACH who="0" step="1"/><D67/><REACH who="0" ten="255,274,255,206" step="2"/><U47/><E55/><V130/><F130/><W102/><G10/><T27/><D27/><U46/><E26/><V75/><F28/><W91/><G20/><T111/><D111/><U109/><E29/><V57/><F34/><W123/><G123/><T32/><D32/><U24/><E24/><V87/><F23/><W42/><G42/><T22/><D22/><U76/><E109/><V4/><F8/><W13/><G13/><T85/><D85/><AGARI ba="0,1" hai="16,18,81,85,88,89,90,91,94,95,97,98,100,102" machi="85" ten="40,8000,1" yaku="9,1,8,1,52,1,54,2" doraHai="83" who="3" fromWho="0" sc="255,-80,274,0,255,0,206,90" /><INIT seed="2,0,0,5,0,11" ten="175,274,255,296" oya="2" hai0="101,90,110,130,56,105,103,78,117,30,135,112,77" hai1="96,104,118,2,108,41,6,35,84,8,54,33,113" hai2="82,57,116,48,115,58,34,31,22,65,15,64,60" hai3="119,94,127,26,19,62,74,93,3,28,134,37,16"/><V50/><F115/><W67/><G119/><T86/><D30/><U1/><E118/><V132/><F116/><W72/><G3/><T79/><D117/><U12/><E113/><V17/><F132/><W7/><G7/><T13/><D112/><U61/><E108/><V32/><F31/><W73/><G37/><T70/><D70/><U38/><E2/><V102/><F102/><W10/><G134/><T46/><D135/><U111/><E111/><V14/><F82/><W42/><G42/><T44/><D110/><U27/><E27/><V39/><F39/><W85/><G127/><T81/><D130/><U45/><E1/><V98/><F98/><W126/><G126/><T122/><D122/><U88/><E96/><V91/><F91/><W75/><G75/><T63/><D105/><U4/><E4/><V114/><F114/><W76/><G10/><T47/><REACH who="0" step="1"/><D13/><REACH who="0" ten="165,274,255,296" step="2"/><U128/><E104/><V18/><F34/><W40/><G28/><T87/><D87/><U5/><E128/><V20/><F32/><W24/><G74/><T123/><D123/><U129/><E129/><V25/><F25/><N who="3" m="9835" /><G73/><T83/><D83/><N who="1" m="49183" /><E35/><V80/><F80/><W69/><G72/><T23/><D23/><U59/><E33/><V92/><F92/><W95/><G85/><T71/><D71/><U125/><E125/><V55/><F65/><AGARI ba="0,1" hai="44,46,47,56,63,65,77,78,79,81,86,90,101,103" machi="65" ten="40,2600,0" yaku="1,1,8,1,53,0" doraHai="11" doraHaiUra="120" who="0" fromWho="2" sc="165,36,274,0,255,-26,296,0" /><INIT seed="3,0,0,4,0,87" ten="201,274,229,296" oya="3" hai0="24,117,46,34,97,105,82,89,21,14,3,30,106" hai1="72,98,1,40,27,19,44,42,45,131,62,121,22" hai2="79,8,77,78,101,73,29,61,47,74,7,107,25" hai3="109,84,0,60,120,129,86,90,103,134,36,38,28"/><W23/><G120/><T65/><D117/><U59/><E72/><V69/><F107/><W31/><G0/><T130/><D3/><U17/><E131/><V6/><F101/><W119/><G119/><T5/><D130/><U76/><E76/><V57/><F69/><W12/><G103/><T108/><D108/><U13/><E1/><V49/><F8/><W37/><G129/><T114/><D114/><U33/><E33/><V39/><F39/><W127/><G109/><T126/><D126/><U10/><E121/><V135/><F135/><W123/><G123/><T122/><D122/><U75/><E75/><V95/><F95/><N who="3" m="54727" /><G134/><T125/><D125/><U67/><REACH who="1" step="1"/><E98/><REACH who="1" ten="201,264,229,296" step="2"/><V80/><F74/><W15/><G127/><T32/><D32/><U100/><E100/><V68/><F77/><W124/><G124/><T132/><D132/><U26/><E26/><V92/><F79/><W50/><G12/><T70/><D34/><U2/><E2/><V48/><F78/><W116/><G116/><T54/><D97/><U112/><E112/><V55/><F25/><W64/><G15/><T83/><D14/><U99/><E99/><V43/><F73/><W51/><G86/><T4/><D24/><U52/><E52/><V113/><F55/><W56/><G31/><T66/><D54/><U18/><E18/><V102/><F29/><W53/><G53/><T9/><D30/><U81/><E81/><V110/><F80/><W111/><G111/><T85/><D82/><U58/><E58/><V20/><F113/><W11/><G11/><T35/><D9/><U128/><E128/><RYUUKYOKU ba="0,1" sc="201,-15,264,15,229,-15,296,15" hai1="10,13,17,19,22,27,40,42,44,45,59,62,67" hai3="23,28,36,37,38,50,51,56,60,64" owari="186,-31.4,279,7.9,214,-18.6,321,42.1" /></mjloggm>