<mjloggm ver="2.3"><GO type="225" lobby="0"/><UN n0="%E7%99%BD%E6%97%A5%E9%9B%AA%E8%8F%9C" n1="%72%69%6F%75%63%68%61%6E" n2="%E7%B4%94%E6%BD%94%E3%83%94%E3%83%A9%E3%83%8B%E3%82%A2" n3="%E3%81%B5%E3%81%98%E3%81%8B%E3%81%A4" dan="17,16,16,16" rate="2225.97,2141.17,2147.52,2179.67" sx="M,M,M,M"/><TAIKYOKU oya="0"/><INIT seed="0,0,0,2,1,72" ten="250,250,250,250" oya="0" hai0="118,33,51,37,2,54,52,42,106,61,59,11,89" hai1="34,135,16,74,6,9,29,15,80,41,58,23,21" hai2="91,122,71,92,43,130,86,94,22,4,131,24,123" hai3="101,28,40,67,13,115,10,129,104,90,62,83,134"/><T48/><D118/><U70/><E70/><V103/><F71/><W121/><G115/><T109/><D33/><U68/><E68/><V78/><F43/><W76/><G121/><N who="2" m="46089" /><F4/><W84/><G134/><T12/><D106/><U1/><E135/><V113/><F22/><W19/><G129/><N who="2" m="49161" /><F24/><W77/><G40/><T110/><D2/><U8/><E41/><V124/><F124/><W132/><G132/><T100/><D100/><U119/><E119/><V65/><F65/><W47/><G47/><N who="0" m="24015" /><D89/><U128/><E128/><V56/><F56/><N who="3" m="37319" /><G104/><T20/><D20/><U39/><E58/><V66/><F66/><W88/><G101/><T44/><D12/><U116/><E39/><V3/><F3/><W14/><G28/><T114/><D11/><U73/><E116/><V46/><F46/><W87/><G13/><T55/><D114/><U7/><E23/><V107/><F113/><W17/><G19/><T85/><D85/><U81/><E74/><V75/><F107/><W105/><G105/><T127/><D127/><U125/><E73/><V64/><F64/><W102/><G102/><T36/><D36/><U93/><E125/><V0/><F0/><W50/><G50/><N who="0" m="18987" /><D44/><U5/><E5/><V79/><F75/><W108/><G108/><AGARI ba="0,0" hai="52,54,55,59,61,108,109,110" m="18987,24015" machi="108" ten="30,12000,1" yaku="14,1,10,1,34,2,54,1" doraHai="72" who="0" fromWho="3" sc="250,120,250,0,250,0,250,-120" /><INIT seed="0,1,0,1,4,7" ten="370,250,250,130" oya="0" hai0="87,46,55,31,97,12,52,13,96,15,37,35,119" hai1="28,71,104,77,91,131,133,24,16,53,26,132,123" hai2="90,95,3,129,45,4,86,92,116,114,125,49,44" hai3="18,63,135,100,78,107,60,9,94,39,67,75,93"/><T33/><D119/><U1/><E131/><V36/><F129/><W23/><G135/><T89/><D37/><U88/><E123/><V117/><F125/><W8/><G39/><T106/><D31/><U120/><E120/><V113/><F36/><W30/><G30/><T80/><D46/><U27/><E104/><V6/><F86/><W64/><G107/><T73/><D73/><U21/><E71/><V98/><F49/><W130/><G130/><T38/><D38/><U51/><E1/><V83/><F83/><W85/><G75/><T14/><N who="0" m="3072" /><DORA hai="81" /><T56/><D55/><U41/><E77/><V57/><F57/><W29/><G29/><T50/><REACH who="0" step="1"/><D106/><REACH who="0" ten="360,250,250,130" step="2"/><U61/><E133/><V66/><F44/><W103/><G23/><T74/><D74/><U19/><E132/><V118/><F45/><W108/><G108/><T43/><D43/><U48/><E41/><V22/><F22/><W127/><G18/><N who="1" m="6698" /><E28/><V110/><F110/><W5/><G5/><T134/><D134/><U69/><E21/><V101/><F117/><W62/><G127/><T102/><D102/><N who="3" m="38953" /><G78/><T79/><D79/><U111/><E111/><V115/><F118/><W54/><G54/><T70/><D70/><U32/><E69/><V99/><F116/><W124/><G124/><T121/><D121/><U126/><E126/><V59/><F4/><W76/><G76/><T17/><D17/><U65/><E53/><V11/><F113/><W68/><G68/><T40/><D40/><U10/><E24/><V109/><F109/><W58/><G58/><T112/><D112/><U84/><E26/><RYUUKYOKU ba="1,1" sc="360,15,250,-15,250,15,130,-15" hai0="33,35,50,52,56,80,87,89,96,97" hai2="3,6,11,59,66,90,92,95,98,99,101,114,115" /><INIT seed="0,2,1,5,1,45" ten="375,235,265,115" oya="0" hai0="99,80,98,128,86,111,126,20,119,59,38,117,123" hai1="60,31,131,35,94,24,58,55,34,12,53,129,87" hai2="102,105,28,68,67,121,21,19,91,95,108,104,32" hai3="83,73,106,30,8,23,115,7,11,125,122,40,65"/><T3/><D38/><U51/><E34/><V74/><F121/><W124/><G115/><T85/><D3/><U93/><E12/><V44/><F74/><W79/><G122/><T66/><D123/><U9/><E9/><V82/><F82/><W114/><G114/><T96/><D20/><U120/><E120/><V26/><F108/><W84/><G106/><T14/><D14/><U15/><E15/><V61/><F102/><W36/><G65/><T112/><D112/><U46/><REACH who="1" step="1"/><E87/><REACH who="1" ten="375,225,265,115" step="2"/><V135/><F32/><W39/><G84/><T88/><D111/><U76/><E76/><V101/><F26/><N who="3" m="16735" /><G8/><T92/><D126/><N who="3" m="48745" /><G40/><T22/><D86/><U49/><E49/><V63/><F63/><W90/><G90/><T62/><D117/><U54/><E54/><V78/><F61/><W133/><G133/><T118/><D118/><U110/><E110/><V130/><F91/><W100/><G100/><T27/><D119/><U47/><E47/><V10/><F44/><W70/><G70/><T41/><D41/><U109/><E109/><V33/><F68/><W16/><G7/><T97/><D128/><AGARI ba="2,2" hai="24,31,35,46,51,53,55,58,60,93,94,128,129,131" machi="128" ten="40,5200,0" yaku="1,1,19,1,52,1,53,0" doraHai="45" doraHaiUra="37" who="1" fromWho="0" sc="375,-58,225,78,265,0,115,0" /><INIT seed="1,0,0,5,2,46" ten="317,303,265,115" oya="1" hai0="134,50,27,100,41,130,104,24,58,25,48,76,112" hai1="74,14,31,113,39,110,131,89,6,127,69,65,29" hai2="80,36,42,124,122,98,84,52,12,77,88,23,82" hai3="17,71,45,121,120,116,123,67,78,97,18,73,92"/><U66/><E113/><V133/><F122/><W103/><G116/><T33/><D112/><U109/><E39/><V51/><F133/><W68/><G73/><T83/><D33/><U3/><E3/><V115/><F115/><W2/><G2/><T32/><D32/><U15/><E74/><V9/><F124/><W8/><G78/><T90/><D134/><U62/><E127/><V44/><F23/><W35/><G35/><T16/><D130/><U11/><E131/><V86/><F98/><W70/><G67/><T99/><D90/><U126/><E126/><V13/><F9/><W5/><REACH who="3" step="1"/><G45/><AGARI ba="0,0" hai="12,13,36,42,44,45,51,52,77,80,82,84,86,88" machi="45" ten="30,7700,0" yaku="7,1,52,1,54,2" doraHai="46" who="2" fromWho="3" sc="317,0,303,0,265,77,115,-77" /><INIT seed="2,0,0,5,1,33" ten="317,303,342,38" oya="2" hai0="94,11,30,109,107,74,130,111,69,24,128,22,79" hai1="110,123,13,90,129,87,103,135,81,127,108,47,121" hai2="37,91,93,71,122,16,104,134,131,25,44,92,120" hai3="12,85,14,7,62,36,88,84,34,18,53,58,42"/><V40/><F71/><W64/><G34/><T45/><D107/><U50/><E129/><N who="0" m="49769" /><D69/><U65/><E127/><V77/><F104/><W68/><G7/><T75/><D94/><U115/><E135/><V17/><F131/><W126/><G85/><T117/><D117/><U31/><E115/><V51/><F134/><W60/><G126/><T99/><D99/><U132/><E132/><V97/><F77/><W101/><G101/><T38/><D11/><U8/><E31/><V124/><F124/><W56/><G36/><T114/><D114/><U78/><E65/><V55/><F92/><W73/><G42/><N who="0" m="22743" /><D79/><U59/><E59/><V28/><F122/><N who="1" m="46601" /><E103/><V3/><F3/><W95/><G73/><AGARI ba="0,0" hai="22,24,30,73,74,75,109,111" m="22743,49769" machi="73" ten="30,1000,0" yaku="19,1" doraHai="33" who="0" fromWho="3" sc="317,10,303,0,342,0,38,-10" /><INIT seed="3,0,0,2,0,37" ten="327,303,342,28" oya="3" hai0="82,15,32,110,85,46,67,119,78,17,30,35,129" hai1="102,48,60,98,31,95,107,14,66,63,2,58,39" hai2="64,74,34,101,19,68,123,5,22,112,13,21,114" hai3="77,73,104,117,36,6,43,75,24,127,56,113,41"/><W16/><G117/><T133/><D119/><U109/><E109/><V135/><F74/><W86/><G113/><T76/><D110/><U88/><E39/><V134/><F34/><W11/><G104/><T42/><D133/><N who="2" m="50698" /><F123/><W105/><G105/><T26/><D35/><U23/><E2/><V9/><F101/><W65/><G36/><T96/><D129/><U83/><E83/><V87/><F22/><N who="3" m="13383" /><G73/><T90/><D67/><U84/><E60/><N who="2" m="39943" /><F87/><W80/><G75/><T40/><D96/><U0/><E0/><AGARI ba="0,0" hai="0,5,9,13,19,21,112,114" m="39943,50698" machi="0" ten="30,1000,0" yaku="20,1" doraHai="37" who="2" fromWho="1" sc="327,0,303,-10,342,10,28,0" owari="327,12.7,293,-10.7,352,45.2,28,-47.2" /></mjloggm>