<mjloggm ver="2.3"><GO type="225" lobby="0"/><UN n0="%E3%83%AB%E3%83%9B%E3%83%B3%E3%83%87%E3%82%A3%E3%82%A8" n1="%E9%80%9F%E6%B0%B4%E5%87%9B%E9%A6%99" n2="%E6%A0%B9%E5%85%83%E3%81%8B%E3%82%89%E5%90%B9%E3%81%A3%E9%A3%9B%E3%81%B6" n3="%4D%50%43%32%38%30%30" dan="16,17,16,16" rate="2162.32,2163.89,2177.14,2128.86" sx="M,F,F,M"/><TAIKYOKU oya="0"/><INIT seed="0,0,0,1,1,68" ten="250,250,250,250" oya="0" hai0="36,64,105,99,69,9,23,67,86,75,12,17,115" hai1="94,42,27,134,88,30,111,59,83,10,40,103,50" hai2="29,110,87,60,13,114,130,80,8,39,19,51,31" hai3="82,33,84,132,38,133,78,52,21,120,98,48,58"/><T73/><D115/><U4/><E111/><V131/><F114/><W125/><G33/><T37/><D73/><U0/><E134/><N who="3" m="51818" /><G125/><T66/><D75/><U128/><E128/><N who="2" m="49195" /><F110/><W95/><G120/><T112/><D112/><U61/><E103/><V85/><F51/><W15/><G15/><T46/><D69/><U72/><E83/><V57/><F39/><W91/><G21/><T77/><D46/><U117/><E50/><V116/><F116/><W3/><G3/><T62/><D62/><U119/><E72/><V1/><F1/><W81/><G81/><T107/><D77/><U102/><E102/><V92/><F92/><W44/><G38/><T49/><D49/><U122/><E122/><V71/><F71/><W113/><G113/><T74/><D74/><U35/><E119/><V20/><F20/><W25/><G25/><T7/><D86/><N who="2" m="32778" /><F80/><W24/><G24/><T43/><D43/><U22/><E35/><V70/><F70/><W28/><G28/><T123/><D123/><U106/><E106/><V90/><F90/><W63/><G63/><T47/><D47/><AGARI ba="0,0" hai="44,47,48,52,58,78,82,84,91,95,98" m="51818" machi="47" ten="30,2000,0" yaku="20,1,54,1" doraHai="68" who="3" fromWho="0" sc="250,-20,250,0,250,0,250,20" /><INIT seed="1,0,0,2,0,72" ten="230,250,250,270" oya="1" hai0="116,135,99,84,98,5,100,13,32,124,115,57,64" hai1="78,104,119,28,94,129,127,134,7,126,3,92,86" hai2="75,85,101,90,110,87,42,79,93,21,54,55,44" hai3="81,31,125,131,29,10,37,112,23,105,120,17,27"/><U15/><E3/><V130/><F130/><W24/><G105/><T82/><D115/><U108/><E28/><N who="3" m="10826" /><G37/><T109/><D32/><U6/><E104/><V61/><F110/><W38/><G38/><T2/><D2/><U73/><E73/><V1/><F1/><W117/><G81/><T11/><D116/><U16/><E119/><V33/><F33/><W35/><G117/><T70/><D70/><U25/><E25/><N who="3" m="9802" /><G112/><T53/><D109/><U123/><E123/><V26/><F75/><W114/><G120/><T47/><D124/><N who="1" m="47659" /><E108/><V14/><F101/><W59/><G59/><T133/><D64/><U132/><E129/><V77/><F26/><N who="3" m="14703" /><G131/><T122/><D47/><U69/><E69/><V68/><F68/><W22/><G125/><T95/><D99/><U89/><E94/><V45/><F61/><W41/><G41/><T107/><D107/><U12/><E78/><N who="2" m="29707" /><F85/><W111/><G111/><T62/><REACH who="0" step="1"/><D122/><REACH who="0" ten="220,250,250,270" step="2"/><U8/><E12/><V39/><F45/><W103/><G35/><T19/><D19/><U83/><E92/><V43/><F44/><W67/><G67/><T65/><D65/><U91/><E91/><AGARI ba="0,1" hai="5,11,13,53,57,62,82,84,91,95,98,100,133,135" machi="91" ten="40,2600,0" yaku="1,1,53,1" doraHai="72" doraHaiUra="50" who="0" fromWho="1" sc="220,36,250,-26,250,0,270,0" /><INIT seed="2,0,0,3,0,74" ten="256,224,250,270" oya="2" hai0="85,95,97,52,130,14,94,11,110,50,87,63,67" hai1="101,39,131,66,91,24,18,32,73,75,10,128,3" hai2="23,56,6,106,90,41,7,71,58,48,65,84,26" hai3="103,107,115,92,13,15,111,133,127,105,77,29,79"/><V33/><F106/><W22/><G111/><T54/><D110/><U132/><E39/><V30/><F71/><W112/><G133/><T100/><D130/><N who="1" m="49707" /><E132/><V21/><F33/><W72/><G72/><T102/><D102/><U0/><E101/><V17/><F41/><W64/><G127/><T86/><D94/><U38/><E38/><V69/><F69/><W61/><G107/><T37/><D37/><U20/><E66/><V93/><F65/><W27/><G105/><T31/><D31/><N who="1" m="19559" /><E75/><V99/><F99/><N who="3" m="59879" /><G15/><T129/><D129/><U19/><E91/><V120/><F120/><W28/><G13/><T125/><D125/><U135/><E73/><V78/><F56/><N who="3" m="36903" /><G29/><T59/><REACH who="0" step="1"/><D50/><REACH who="0" ten="246,224,250,270" step="2"/><U113/><E135/><V76/><F48/><W47/><G47/><T2/><D2/><U44/><E44/><V42/><F58/><W83/><G83/><T88/><D88/><U121/><E121/><V80/><F80/><W55/><G55/><T9/><D9/><U34/><E113/><AGARI ba="0,1" hai="22,27,28,77,79,112,113,115" m="36903,59879" machi="113" ten="30,7700,0" yaku="25,1,11,1,52,2" doraHai="74" who="3" fromWho="1" sc="246,0,224,-77,250,0,270,87" /><INIT seed="3,0,0,0,2,88" ten="246,147,250,357" oya="3" hai0="135,84,118,71,21,129,114,130,0,101,31,123,9" hai1="18,16,99,5,60,6,45,78,67,57,53,105,36" hai2="19,38,132,40,104,20,70,111,49,77,61,33,72" hai3="42,14,107,13,12,32,79,127,54,10,1,35,50"/><W122/><G122/><T66/><D118/><U131/><E131/><V25/><F104/><W133/><G107/><T64/><D123/><U39/><E78/><V108/><F132/><W92/><G133/><T69/><D135/><U85/><E85/><V76/><F38/><W44/><G79/><T110/><D101/><U94/><E105/><V7/><F7/><W63/><G127/><T128/><D84/><U23/><E36/><V29/><F70/><N who="0" m="26634" /><D110/><N who="2" m="42026" /><F61/><W47/><G63/><T55/><D55/><U98/><E98/><V65/><F65/><N who="0" m="25194" /><D114/><U22/><E39/><V4/><F4/><W17/><G1/><T96/><D96/><U75/><E75/><V115/><F115/><W37/><G35/><T83/><D83/><U51/><E22/><V24/><F72/><W80/><G32/><T15/><D0/><U82/><E82/><V90/><F90/><W134/><G134/><T113/><D113/><U89/><E18/><V46/><AGARI ba="0,0" hai="19,20,24,25,29,33,40,46,49,76,77" m="42026" machi="46" ten="30,1100,0" yaku="14,1" doraHai="88" who="2" fromWho="2" sc="246,-3,147,-3,250,11,357,-5" owari="243,-15.7,144,-35.6,261,6.1,352,45.2" /></mjloggm>