<mjloggm ver="2.3"><GO type="225" lobby="0"/><UN n0="%6D%75%75%6D%75%72%61" n1="%E3%81%BF%E3%81%BF%E3%81%9A" n2="%E3%82%B2%E3%82%B9%E8%8C%82%E5%8B%9D" n3="%E3%83%97%E3%83%AC%E3%83%B4%E3%82%A1%E3%83%86%E3%82%A3" dan="16,16,16,16" rate="2075.40,2182.55,2093.10,2122.90" sx="F,M,F,F"/><TAIKYOKU oya="0"/><INIT seed="0,0,0,5,3,24" ten="250,250,250,250" oya="0" hai0="78,107,134,109,90,37,70,110,79,41,50,88,15" hai1="126,38,114,53,116,130,71,60,86,43,94,68,45" hai2="26,59,121,89,128,111,129,87,7,113,11,112,72" hai3="54,67,12,80,74,91,40,98,8,95,27,19,102"/><T104/><D37/><U23/><E86/><V108/><F72/><W76/><G40/><T21/><D70/><N who="1" m="26667" /><E94/><V34/><F59/><W0/><G67/><T62/><D62/><U29/><E29/><N who="2" m="19767" /><F89/><N who="0" m="34410" /><D134/><U115/><E23/><V55/><F55/><W17/><G54/><T135/><D135/><U122/><E116/><V18/><F18/><W93/><G0/><T69/><D69/><U103/><E103/><V36/><F87/><W127/><G127/><T106/><D15/><U84/><E84/><V81/><F81/><W61/><G61/><T51/><D21/><U63/><E122/><V46/><F121/><W125/><G125/><T47/><D50/><N who="1" m="28879" /><E130/><N who="2" m="50283" /><F46/><W3/><G3/><T83/><D83/><U66/><E126/><V133/><F36/><W124/><G124/><T96/><D96/><U14/><E66/><V75/><F75/><W101/><G95/><T85/><D85/><U33/><E33/><V6/><F133/><W28/><REACH who="3" step="1"/><G17/><REACH who="3" ten="250,250,250,240" step="2"/><T20/><D104/><U117/><E63/><V22/><F6/><W99/><G99/><T132/><D132/><U4/><E60/><V58/><F58/><W119/><G119/><T10/><D106/><U1/><E117/><V118/><F118/><W13/><G13/><T5/><D107/><U48/><E1/><N who="2" m="495" /><F22/><AGARI ba="0,1" hai="8,12,19,22,27,28,74,76,80,91,93,98,101,102" machi="22" ten="30,3900,0" yaku="1,1,7,1,52,1,53,0" doraHai="24" doraHaiUra="56" who="3" fromWho="2" sc="250,0,250,0,250,-39,240,49" /><INIT seed="1,0,0,4,5,54" ten="250,250,211,289" oya="1" hai0="112,113,79,129,71,93,43,12,14,28,126,73,100" hai1="95,68,34,109,39,111,78,35,75,132,3,91,18" hai2="25,123,16,5,29,108,56,49,90,20,124,31,24" hai3="23,62,114,80,45,11,9,127,81,83,74,26,85"/><U72/><E39/><V46/><F108/><N who="1" m="41545" /><E132/><V94/><F124/><W105/><G127/><T92/><D71/><U47/><E3/><V10/><F123/><W67/><G114/><T40/><D73/><N who="1" m="28235" /><E78/><V6/><F10/><W125/><G74/><T84/><D79/><U110/><N who="1" m="41553" /><U4/><DORA hai="135" /><E4/><N who="2" m="1643" /><F25/><W50/><G105/><T88/><D126/><U2/><E2/><V15/><F24/><W65/><G125/><T76/><D76/><U7/><E7/><V103/><F103/><W41/><G67/><T42/><D100/><U133/><E133/><V98/><F46/><W66/><G66/><T64/><D64/><U119/><E119/><V63/><F49/><W32/><G32/><T48/><D48/><U101/><E47/><V77/><F77/><W52/><G41/><T97/><D40/><U53/><E53/><AGARI ba="0,0" hai="15,16,20,29,31,53,56,63,90,94,98" m="1643" machi="53" ten="30,3900,0" yaku="8,1,52,1,54,1" doraHai="54,135" who="2" fromWho="1" sc="250,0,250,-39,211,39,289,0" /><INIT seed="2,0,0,0,1,20" ten="250,211,250,289" oya="2" hai0="34,53,135,16,93,40,77,55,85,91,127,118,60" hai1="67,32,71,31,95,43,74,27,103,96,99,29,81" hai2="62,8,120,86,82,126,128,83,10,131,113,102,17" hai3="90,18,59,2,68,36,56,42,19,94,130,35,115"/><V0/><F120/><W51/><G35/><T46/><D135/><U54/><E43/><V63/><F113/><W9/><G115/><T97/><D127/><U6/><E6/><V133/><F126/><W13/><G68/><T45/><D118/><U21/><E54/><V4/><F102/><W76/><G2/><T132/><D132/><U101/><E74/><V23/><F133/><W134/><G134/><T15/><D34/><U3/><E81/><V52/><F10/><W38/><G130/><N who="2" m="49705" /><F52/><N who="0" m="20042" /><D60/><N who="2" m="23082" /><F86/><W75/><G38/><T87/><D77/><U64/><E71/><V28/><F28/><W37/><G36/><T69/><D69/><U11/><E11/><V116/><F116/><W88/><G37/><T122/><D122/><U89/><E3/><V106/><F106/><W14/><G75/><T65/><D65/><U111/><E111/><V33/><F33/><W124/><G76/><T1/><D1/><U5/><E5/><V22/><F22/><N who="3" m="11599" /><G124/><T107/><D107/><U125/><E125/><V121/><F121/><W98/><G90/><N who="0" m="55479" /><D40/><U61/><E61/><V26/><AGARI ba="0,0" hai="0,4,8,17,23,26,82,83" m="23082,49705" machi="26" ten="30,3000,0" yaku="19,1,52,1" doraHai="20" who="2" fromWho="2" sc="250,-10,211,-10,250,30,289,-10" /><INIT seed="2,1,0,0,4,21" ten="240,201,280,279" oya="2" hai0="116,132,76,41,65,107,118,79,57,13,94,10,47" hai1="74,28,34,63,53,119,48,24,16,120,25,19,104" hai2="61,84,67,127,51,77,42,70,23,135,110,20,26" hai3="31,95,125,81,92,40,113,52,3,83,103,37,2"/><V90/><F127/><W99/><G125/><T38/><D107/><U72/><E119/><V29/><F135/><W109/><G109/><T98/><D132/><U55/><E104/><V126/><F126/><W35/><G113/><T69/><D69/><U97/><E97/><V36/><F36/><W5/><G37/><T49/><D38/><U73/><E120/><V91/><F110/><W50/><G40/><T131/><D131/><U122/><E122/><V32/><F77/><W114/><G114/><T88/><D65/><U22/><E63/><V96/><F96/><W11/><G2/><T121/><D57/><U6/><E6/><V14/><F14/><W45/><REACH who="3" step="1"/><G92/><REACH who="3" ten="240,201,280,269" step="2"/><T27/><D121/><U18/><REACH who="1" step="1"/><E55/><REACH who="1" ten="240,191,280,269" step="2"/><V78/><F67/><W89/><G89/><T101/><D116/><U82/><E82/><V58/><F91/><W112/><G112/><T100/><D118/><U0/><E0/><V44/><F90/><W102/><G102/><T128/><D100/><U1/><E1/><V87/><F78/><W59/><G59/><AGARI ba="1,2" hai="16,18,19,22,24,25,28,34,48,53,59,72,73,74" machi="59" ten="40,12000,2" yaku="1,1,52,2,54,1,53,3" doraHai="21" doraHaiUra="12" who="1" fromWho="3" sc="240,0,191,143,280,0,269,-123" /><INIT seed="3,0,0,0,2,106" ten="240,334,280,146" oya="3" hai0="21,83,88,73,55,74,134,66,133,5,115,30,18" hai1="75,103,130,54,62,36,23,28,48,99,59,44,69" hai2="127,120,92,61,34,64,101,8,118,132,52,110,114" hai3="76,98,119,46,117,112,39,67,50,4,87,97,42"/><W17/><G112/><T43/><D115/><U72/><E130/><V108/><F114/><W12/><G4/><T128/><D128/><U63/><E63/><V70/><F118/><W113/><G113/><T41/><D30/><U77/><E77/><V9/><F127/><W45/><G67/><T95/><D66/><N who="1" m="41175" /><E23/><V96/><F132/><N who="0" m="50794" /><D55/><U104/><E28/><V135/><F135/><W40/><G119/><T10/><D83/><U65/><E65/><V126/><F126/><W124/><G124/><T31/><D31/><U84/><E84/><V109/><F34/><W11/><G117/><T7/><D18/><U22/><E22/><V26/><F26/><W57/><REACH who="3" step="1"/><G57/><REACH who="3" ten="240,334,280,136" step="2"/><T27/><D7/><U121/><E121/><V2/><F120/><W82/><AGARI ba="0,1" hai="11,12,17,39,40,42,45,46,50,76,82,87,97,98" machi="82" ten="30,6000,0" yaku="1,1,2,1,0,1,53,0" doraHai="106" doraHaiUra="3" who="3" fromWho="3" sc="240,-20,334,-20,280,-20,136,70" /><INIT seed="3,1,0,5,0,65" ten="220,314,260,206" oya="3" hai0="38,20,109,50,46,44,5,21,17,68,125,41,76" hai1="101,12,128,14,49,47,83,118,91,111,90,71,57" hai2="18,98,102,2,16,53,28,7,82,22,70,15,4" hai3="74,67,115,89,66,33,134,78,9,87,114,77,23"/><W30/><G33/><T93/><D109/><U42/><E71/><V45/><F2/><W64/><G134/><T85/><D68/><U103/><E111/><V55/><F70/><W73/><G9/><T99/><D125/><U27/><E128/><V130/><F130/><W58/><G58/><T1/><D1/><U0/><E0/><V129/><F129/><W123/><G123/><T32/><D32/><U31/><E118/><V104/><F28/><W26/><G78/><T113/><D5/><U119/><E119/><V60/><F82/><W86/><G86/><T59/><D59/><U132/><E132/><V100/><F100/><N who="1" m="38473" /><E57/><V37/><F18/><W122/><G122/><T35/><D85/><N who="1" m="50495" /><E91/><V127/><F127/><W36/><G77/><T62/><D76/><U34/><E34/><V39/><F60/><W131/><G36/><T106/><D62/><U75/><E75/><V120/><F120/><W107/><G107/><T92/><D106/><U88/><E88/><V43/><F37/><W126/><G126/><T24/><D35/><U80/><E80/><V10/><REACH who="2" step="1"/><F4/><REACH who="2" ten="220,314,250,206" step="2"/><W54/><G131/><T116/><D116/><U52/><E31/><V72/><F72/><W8/><G8/><T84/><D38/><U56/><E27/><V81/><F81/><N who="3" m="49391" /><G74/><T6/><D6/><U61/><AGARI ba="1,1" hai="12,14,42,47,49,52,56,61" m="50495,38473" machi="61" ten="30,2000,0" yaku="8,1,54,1" doraHai="65" who="1" fromWho="1" sc="220,-6,314,33,250,-6,206,-11" owari="214,-18.6,347,44.7,244,4.4,195,-30.5" /></mjloggm>