<mjloggm ver="2.3"><GO type="225" lobby="0"/><UN n0="%E3%81%B5%E3%81%98%E3%81%8B%E3%81%A4" n1="%E8%90%BD%E6%97%A5" n2="%33%74%72%65%65" n3="%E3%83%81%E3%83%AF%E3%83%AF%E9%9A%8A%E9%95%B7" dan="17,16,16,16" rate="2212.20,2156.90,2167.49,2120.17" sx="M,F,F,M"/><TAIKYOKU oya="0"/><INIT seed="0,0,0,5,2,78" ten="250,250,250,250" oya="0" hai0="63,132,59,103,57,8,100,88,104,31,120,23,68" hai1="0,15,76,64,62,126,61,52,86,20,115,4,75" hai2="30,82,124,116,21,66,89,38,43,29,54,84,128" hai3="80,17,74,47,22,96,27,67,95,111,90,51,32"/><T98/><D132/><U94/><E126/><V77/><F124/><W33/><G111/><T12/><D120/><U37/><E37/><V79/><F128/><W35/><G67/><T65/><D103/><U101/><E115/><V53/><F116/><W135/><G135/><T102/><D102/><U81/><E0/><V9/><F66/><W129/><G129/><T69/><D69/><U72/><E62/><V16/><F9/><W118/><G118/><T18/><D31/><N who="2" m="11786" /><F43/><W5/><G5/><T93/><REACH who="0" step="1"/><D8/><REACH who="0" ten="240,250,250,250" step="2"/><U110/><E101/><V113/><F113/><W106/><G106/><T107/><D107/><U36/><E110/><V119/><F119/><W130/><G130/><T131/><D131/><U99/><E75/><V109/><F109/><W60/><G33/><T26/><D26/><U125/><E72/><V28/><F28/><W2/><G32/><T127/><D127/><U42/><E125/><V114/><F114/><W121/><G35/><T83/><D83/><U123/><E123/><V14/><F38/><W92/><G121/><T97/><AGARI ba="0,1" hai="12,18,23,57,59,63,65,68,88,93,97,98,100,104" machi="97" ten="20,7800,0" yaku="1,1,0,1,7,1,54,1,53,0" doraHai="78" doraHaiUra="6" who="0" fromWho="0" sc="240,88,250,-26,250,-26,250,-26" /><INIT seed="0,1,0,4,4,40" ten="328,224,224,224" oya="0" hai0="26,21,15,95,127,66,99,98,81,37,112,86,38" hai1="10,113,41,13,91,135,116,36,71,47,103,59,29" hai2="109,106,60,42,31,108,134,61,5,120,119,132,57" hai3="87,22,39,56,18,35,19,125,11,133,23,83,30"/><T126/><D112/><U110/><E71/><V43/><F106/><W64/><G125/><N who="0" m="47627" /><D66/><U101/><E116/><V32/><F5/><W111/><G133/><N who="2" m="51305" /><F31/><W4/><G111/><N who="2" m="42569" /><F32/><W7/><G39/><N who="0" m="14859" /><D95/><U97/><E135/><V67/><F119/><W94/><G35/><T96/><D15/><U16/><E110/><V131/><F120/><W88/><G4/><T117/><D117/><U72/><E113/><V128/><F61/><W1/><G30/><N who="0" m="17743" /><D99/><U34/><E29/><V14/><F14/><W118/><G118/><T82/><D82/><U51/><E34/><V0/><F0/><W90/><G83/><T62/><D62/><U27/><E27/><V78/><F78/><AGARI ba="1,0" hai="78,81,86,96,98" m="17743,14859,47627" machi="78" ten="30,1500,0" yaku="18,1" doraHai="40" who="0" fromWho="2" sc="328,18,224,0,224,-18,224,0" /><INIT seed="0,2,0,2,0,63" ten="346,224,206,224" oya="0" hai0="20,114,58,16,103,116,132,109,41,133,46,65,52" hai1="95,8,14,118,36,121,37,122,85,76,82,96,92" hai2="81,64,21,55,101,19,106,57,0,108,73,89,93" hai3="135,66,24,91,126,72,79,25,111,47,69,88,74"/><T62/><D116/><U15/><E118/><V86/><F108/><W38/><G111/><T102/><D114/><U120/><E15/><V51/><F0/><W13/><G126/><T68/><D109/><U3/><E3/><V54/><F106/><W98/><G135/><N who="0" m="51787" /><D46/><U67/><E67/><V80/><F73/><W33/><G79/><T87/><D41/><U48/><E48/><V129/><F129/><W127/><G127/><T53/><D87/><U110/><E110/><V34/><F34/><W10/><G25/><N who="0" m="14471" /><D53/><U75/><E75/><V31/><F31/><W125/><G125/><T4/><D4/><U112/><E112/><V40/><F40/><W119/><G119/><T9/><D9/><U134/><E134/><V43/><F43/><W131/><G72/><T28/><D28/><U113/><E113/><V5/><F5/><W32/><G74/><T61/><AGARI ba="2,0" hai="52,58,61,62,65,68,102,103" m="14471,51787" machi="61" ten="30,11700,0" yaku="20,1,52,1,54,2" doraHai="63" who="0" fromWho="0" sc="346,123,224,-41,206,-41,224,-41" /><INIT seed="0,3,0,2,1,8" ten="469,183,165,183" oya="0" hai0="21,131,72,110,133,129,120,99,70,45,59,117,23" hai1="105,49,54,68,38,87,46,71,5,61,43,122,63" hai2="92,113,119,33,125,1,128,114,130,15,112,29,7" hai3="4,76,25,22,55,116,78,83,35,37,101,9,108"/><T100/><D117/><U88/><E105/><V57/><F119/><W52/><G116/><T85/><D70/><U64/><E122/><V74/><F74/><W111/><G35/><T97/><D45/><U90/><E5/><V42/><F42/><W81/><G37/><T60/><D120/><U18/><E18/><V2/><F57/><W24/><G101/><T77/><D133/><U94/><E90/><V84/><F84/><W73/><G9/><T19/><D23/><U109/><E109/><N who="3" m="42058" /><G4/><T11/><D11/><U31/><E31/><V10/><F92/><W86/><G25/><T93/><D99/><U16/><E16/><AGARI ba="3,0" hai="16,22,24,52,55,73,76,78,81,83,86" m="42058" machi="16" ten="30,3900,0" yaku="14,1,54,2" doraHai="8" who="3" fromWho="1" sc="469,0,183,-48,165,0,183,48" /><INIT seed="1,0,0,2,0,60" ten="469,135,165,231" oya="1" hai0="81,111,122,76,50,14,107,124,26,132,20,95,3" hai1="69,97,74,17,30,49,48,16,64,42,62,85,6" hai2="73,98,0,24,28,127,34,114,27,103,19,45,72" hai3="106,75,105,112,8,68,118,131,120,71,7,32,70"/><U11/><E74/><V135/><F135/><W100/><G120/><T40/><D107/><U101/><E30/><V10/><F127/><W78/><G112/><T113/><D3/><U41/><E85/><V93/><F114/><W38/><G118/><T4/><D124/><U121/><E121/><V102/><F102/><W91/><G91/><T47/><D132/><U104/><E49/><V134/><F134/><W125/><G125/><T25/><D122/><U128/><E128/><V88/><F45/><W92/><G131/><T51/><D51/><U116/><E116/><V99/><F27/><W44/><G92/><T9/><D113/><U86/><E86/><V96/><F98/><W58/><G58/><T110/><D95/><U39/><E39/><V65/><F65/><W13/><G100/><T1/><D1/><U2/><REACH who="1" step="1"/><E48/><REACH who="1" ten="469,125,165,231" step="2"/><V54/><F72/><W5/><G75/><T130/><D130/><U90/><E90/><V57/><F73/><W29/><G38/><T82/><D76/><U35/><E35/><V43/><F88/><W117/><G78/><T37/><D37/><U84/><E84/><V89/><F89/><W80/><G117/><T12/><D82/><U109/><E109/><N who="0" m="41481" /><D81/><U94/><E94/><V53/><F93/><W119/><G80/><T83/><D83/><U46/><E46/><V18/><F34/><W56/><G119/><T126/><D126/><U79/><E79/><V31/><F31/><W55/><G106/><T61/><D50/><U63/><E63/><V129/><F28/><W115/><G105/><T77/><D61/><U66/><E66/><RYUUKYOKU ba="0,1" sc="469,-10,125,30,165,-10,231,-10" hai1="2,6,11,16,17,41,42,62,64,69,97,101,104" /><INIT seed="1,1,1,5,0,39" ten="459,155,155,221" oya="1" hai0="34,133,10,46,7,116,48,51,27,67,47,93,119" hai1="31,105,66,32,129,101,110,86,135,114,98,9,81" hai2="128,11,15,90,16,49,132,82,130,104,30,94,99" hai3="127,43,75,29,50,14,40,45,118,85,12,38,42"/><U55/><E114/><V88/><F132/><W84/><G75/><T61/><D133/><U0/><E135/><V58/><F104/><W28/><G118/><T70/><D93/><U53/><E129/><N who="2" m="49771" /><F30/><N who="3" m="11883" /><G38/><T44/><D34/><U22/><E32/><V52/><F82/><W25/><G25/><T103/><D27/><U35/><E35/><V79/><F79/><W83/><G127/><T102/><D103/><AGARI ba="1,1" hai="11,15,16,49,52,58,88,90,94,99,103" m="49771" machi="103" ten="30,7700,0" yaku="19,1,54,3" doraHai="39" who="2" fromWho="0" sc="459,-80,155,0,155,90,221,0" /><INIT seed="2,0,0,3,2,121" ten="379,155,245,221" oya="2" hai0="109,96,133,46,49,29,4,116,11,53,82,117,91" hai1="95,47,103,124,45,84,63,118,65,72,85,100,61" hai2="33,59,7,77,51,13,128,97,39,3,19,101,112" hai3="79,54,119,83,26,67,111,16,42,2,73,52,105"/><V6/><F112/><W76/><G119/><N who="0" m="45643" /><D109/><U75/><E118/><V56/><F39/><W8/><G111/><T86/><D133/><U34/><E95/><N who="2" m="58559" /><F33/><W78/><G105/><T115/><D115/><U12/><E34/><V58/><F3/><W37/><G67/><T22/><D96/><U132/><E65/><V17/><F128/><W74/><G78/><T27/><D11/><U32/><E32/><V126/><F126/><W110/><G110/><T44/><D4/><N who="2" m="1578" /><F77/><W15/><G2/><T71/><D71/><U90/><E12/><V125/><F125/><W38/><G26/><T107/><D107/><U89/><REACH who="1" step="1"/><E124/><REACH who="1" ten="379,145,245,221" step="2"/><V18/><F13/><W24/><G15/><T98/><D82/><U35/><E35/><V0/><F0/><W55/><G83/><T129/><D27/><U5/><E5/><V113/><F113/><W60/><G24/><T130/><D130/><U25/><E25/><V10/><F10/><W62/><G8/><T48/><D129/><U1/><E1/><V64/><F64/><W93/><G74/><T66/><D66/><U94/><E94/><V131/><F131/><W87/><G93/><T99/><D29/><U43/><E43/><V104/><F104/><W134/><G42/><N who="0" m="24599" /><D22/><U122/><E122/><V114/><F114/><W14/><G73/><T31/><D31/><U36/><E36/><V127/><F127/><W57/><G37/><T106/><D106/><U23/><E23/><V135/><F135/><AGARI ba="0,1" hai="45,47,61,63,72,75,84,85,89,90,100,103,132,135" machi="135" ten="25,3200,0" yaku="1,1,22,2,53,0" doraHai="121" doraHaiUra="88" who="1" fromWho="2" sc="379,0,145,42,245,-32,221,0" /><INIT seed="3,0,0,2,0,44" ten="379,187,213,221" oya="3" hai0="80,91,84,113,81,12,63,0,9,56,69,43,132" hai1="88,25,62,78,101,116,14,109,135,114,45,8,32" hai2="17,48,79,39,103,131,21,104,92,54,129,51,42" hai3="110,35,89,10,70,126,5,6,11,7,36,28,115"/><W97/><G115/><T73/><D132/><U57/><E114/><V122/><F104/><W112/><G112/><T71/><D0/><U85/><E135/><V30/><F30/><W130/><G36/><T33/><D43/><U61/><E109/><V27/><F122/><W95/><G70/><T64/><D33/><U118/><E78/><V83/><F39/><W29/><G110/><T3/><D3/><U16/><E101/><V90/><F103/><W49/><G126/><T128/><D128/><N who="2" m="49226" /><F42/><W46/><G130/><T86/><D73/><U24/><E45/><V19/><F19/><W41/><REACH who="3" step="1"/><G35/><REACH who="3" ten="379,187,213,211" step="2"/><T18/><D113/><U125/><E125/><V26/><F26/><N who="1" m="10345" /><E32/><V37/><F37/><W55/><G55/><T13/><D71/><U47/><E47/><V123/><F54/><W87/><G87/><T20/><D69/><U67/><E118/><V74/><F123/><W82/><G82/><N who="0" m="49559" /><D86/><AGARI ba="0,1" hai="17,21,27,48,51,74,79,83,86,90,92" m="49226" machi="86" ten="30,3900,0" yaku="19,1,52,2" doraHai="44" who="2" fromWho="0" sc="379,-39,187,0,213,49,211,0" owari="340,44.0,187,-31.3,262,6.2,211,-18.9" /></mjloggm>