<mjloggm ver="2.3"><GO type="225" lobby="0"/><UN n0="%E6%9A%87%E4%BA%BA%EF%BC%A0%E9%85%8D%E4%BF%A1%E5%9E%A2" n1="%E6%BC%AB%E6%89%8D%E9%BA%BB%E5%B0%86%E5%91%86%E5%91%86" n2="%E5%B5%90%E9%9B%B2%E3%81%AE%E3%82%AB%E3%83%A9%E3%82%B9" n3="%E3%81%86%E3%83%BC%E3%81%B1%E3%83%BC" dan="17,16,16,17" rate="2169.18,2086.94,2051.44,2197.58" sx="F,M,F,M"/><TAIKYOKU oya="0"/><INIT seed="0,0,0,2,1,75" ten="250,250,250,250" oya="0" hai0="106,38,56,86,71,23,2,5,111,16,65,114,93" hai1="85,132,45,63,103,4,119,110,74,91,15,40,67" hai2="41,3,98,46,14,116,126,55,78,83,10,53,104" hai3="19,34,128,70,96,1,60,47,89,134,35,13,9"/><T76/><D114/><U32/><E119/><V73/><F126/><W20/><G128/><T37/><D106/><U8/><E32/><V18/><F116/><W99/><G134/><T62/><D111/><U27/><E74/><V25/><F25/><W48/><G70/><T87/><D71/><U112/><E110/><V97/><F3/><W127/><G127/><T39/><D76/><U42/><E132/><V135/><F135/><W50/><G60/><T92/><D2/><U118/><E118/><V101/><REACH who="2" step="1"/><F97/><REACH who="2" ten="250,250,240,250" step="2"/><W64/><G35/><T88/><D5/><U72/><E27/><V12/><F12/><W77/><G34/><T51/><D51/><AGARI ba="0,1" hai="10,14,18,41,46,51,53,55,73,78,83,98,101,104" machi="51" ten="30,3900,0" yaku="1,1,7,1,52,1,53,0" doraHai="75" doraHaiUra="130" who="2" fromWho="0" sc="250,-39,250,0,240,49,250,0" /><INIT seed="1,0,0,4,0,29" ten="211,250,289,250" oya="1" hai0="98,42,74,59,37,84,104,41,75,57,106,116,72" hai1="107,71,50,68,11,124,0,114,5,73,128,56,90" hai2="66,65,91,86,16,19,81,36,30,100,110,20,12" hai3="103,97,35,130,49,61,18,80,113,2,70,111,33"/><U1/><E114/><V62/><F36/><W94/><G113/><T79/><D116/><U108/><E128/><V21/><F110/><W55/><G2/><T10/><D10/><U93/><E1/><V127/><F127/><W120/><G120/><T34/><D37/><U102/><E124/><V95/><F30/><W45/><G111/><T105/><D98/><U134/><E73/><V40/><F40/><N who="0" m="15466" /><D84/><U47/><E134/><V85/><F62/><W133/><G133/><T125/><D125/><U3/><E3/><V78/><REACH who="2" step="1"/><F100/><REACH who="2" ten="211,250,279,250" step="2"/><W132/><G132/><T123/><D123/><U118/><E108/><V23/><F23/><W76/><G130/><T99/><D34/><U24/><E102/><V52/><F52/><W27/><G61/><T54/><D54/><U4/><E118/><V69/><F69/><W112/><G70/><T26/><D99/><U109/><E68/><V89/><F89/><W88/><G103/><T126/><D126/><U43/><E71/><V28/><F28/><W14/><G112/><T115/><D115/><U63/><E109/><V6/><F6/><W87/><G27/><AGARI ba="0,1" hai="12,16,19,20,21,27,65,66,78,81,85,86,91,95" machi="27" ten="30,7700,0" yaku="1,1,7,1,8,1,54,1,53,0" doraHai="29" doraHaiUra="101" who="2" fromWho="3" sc="211,0,250,0,279,87,250,-77" /><INIT seed="2,0,0,3,4,55" ten="211,250,366,173" oya="2" hai0="5,117,46,1,29,48,61,88,77,95,23,85,13" hai1="47,37,106,74,41,6,9,110,109,8,34,87,121" hai2="105,15,79,43,25,10,69,7,128,12,40,62,51" hai3="108,44,50,100,71,31,35,96,130,19,67,98,65"/><V54/><F105/><W39/><G108/><N who="1" m="41578" /><E9/><V66/><F128/><W18/><G130/><T129/><D129/><U125/><E87/><V81/><F15/><W32/><G39/><T3/><D117/><U58/><E125/><V16/><F25/><W118/><G118/><T53/><D77/><U72/><E121/><V26/><F26/><W99/><G100/><T93/><D29/><U132/><E132/><V131/><F7/><W115/><G115/><T27/><D27/><U11/><E11/><V86/><REACH who="2" step="1"/><F131/><REACH who="2" ten="211,250,356,173" step="2"/><W52/><G31/><T119/><D119/><U116/><E116/><V103/><F103/><W24/><G24/><T56/><D5/><U73/><E106/><V111/><F111/><W2/><G2/><T60/><D1/><N who="1" m="79" /><E34/><V97/><F97/><W123/><G35/><T107/><D3/><U78/><E58/><AGARI ba="0,1" hai="10,12,16,40,43,51,54,58,62,66,69,79,81,86" machi="58" ten="30,12000,1" yaku="1,1,7,1,52,1,54,1,53,1" doraHai="55" doraHaiUra="59" who="2" fromWho="1" sc="211,0,250,-120,356,130,173,0" /><INIT seed="2,1,0,4,3,38" ten="211,130,486,173" oya="2" hai0="31,107,105,62,60,82,6,91,59,67,70,40,115" hai1="84,5,56,21,52,17,71,78,109,90,126,32,106" hai2="79,81,18,13,97,121,80,69,39,19,132,86,9" hai3="1,120,131,51,104,58,118,30,11,93,128,100,134"/><V133/><F69/><W34/><G120/><T125/><D115/><U87/><E71/><V102/><F39/><W92/><G118/><T28/><D125/><U89/><E32/><V103/><F121/><W45/><G58/><T27/><D6/><U43/><E106/><V36/><F36/><W44/><G44/><T94/><D82/><N who="1" m="47191" /><E109/><V122/><F122/><W130/><G134/><N who="2" m="51817" /><F80/><W16/><G30/><T114/><D40/><U8/><E126/><V129/><F129/><W116/><G34/><T63/><D31/><U96/><E96/><V49/><F49/><W101/><G116/><T53/><D63/><N who="1" m="36231" /><E87/><V95/><F103/><N who="3" m="39499" /><G104/><T26/><D114/><U83/><E83/><V99/><F99/><W112/><G112/><T127/><D127/><U3/><E3/><V47/><F47/><W88/><G1/><T0/><D0/><U64/><E64/><V74/><F74/><W33/><G33/><T65/><D65/><U66/><E66/><V14/><F14/><N who="3" m="7263" /><G88/><N who="1" m="33898" /><E5/><AGARI ba="1,0" hai="5,9,13,18,19,79,81,86,95,97,102" m="51817" machi="5" ten="30,1500,0" yaku="20,1" doraHai="38" who="2" fromWho="1" sc="211,0,130,-18,486,18,173,0" /><INIT seed="2,2,0,5,1,48" ten="211,112,504,173" oya="2" hai0="47,110,36,21,50,130,23,135,121,79,76,120,103" hai1="112,3,28,114,43,2,95,12,42,125,99,132,70" hai2="25,116,105,94,9,24,4,74,51,59,31,102,46" hai3="107,93,17,53,26,113,72,77,37,96,38,84,119"/><V68/><F68/><W32/><G119/><T87/><D36/><U56/><E70/><V16/><F74/><W128/><G128/><T82/><D130/><U20/><E132/><V100/><F105/><W69/><G69/><T55/><D135/><U126/><E28/><V22/><F59/><W123/><G123/><T108/><D79/><U86/><E86/><V67/><F67/><W97/><G97/><T6/><D103/><U63/><E3/><V54/><F94/><W85/><G85/><T101/><D101/><U92/><E2/><V106/><F106/><W133/><G72/><T91/><D6/><U62/><E20/><N who="0" m="7753" /><D76/><U80/><E12/><N who="2" m="5159" /><F25/><W60/><G26/><T10/><D10/><U15/><E15/><V27/><F27/><W75/><G75/><T19/><D19/><U78/><E78/><V90/><F31/><W14/><G107/><T11/><D11/><U35/><E80/><V89/><F116/><W44/><G133/><T8/><D8/><U131/><E131/><V134/><F134/><W83/><G32/><T1/><D1/><U34/><REACH who="1" step="1"/><E56/><REACH who="1" ten="211,102,504,173" step="2"/><V39/><F22/><N who="3" m="11575" /><G84/><T111/><AGARI ba="2,1" hai="47,50,55,82,87,91,108,110,111,120,121" m="7753" machi="111" ten="40,2700,0" yaku="14,1,52,1" doraHai="48" who="0" fromWho="0" sc="211,43,102,-9,504,-15,173,-9" /><INIT seed="3,0,0,3,1,88" ten="254,93,489,164" oya="3" hai0="71,116,5,66,8,21,63,109,75,123,101,125,11" hai1="113,42,30,79,82,1,61,112,36,57,118,78,117" hai2="12,120,90,50,135,48,37,15,91,44,132,81,10" hai3="17,9,127,51,2,68,62,53,19,55,70,83,126"/><W28/><G83/><T59/><D116/><N who="1" m="44651" /><E1/><V121/><F37/><W14/><G28/><T102/><D123/><N who="2" m="47178" /><F50/><W40/><G2/><T31/><D75/><U86/><E30/><V52/><F15/><N who="3" m="7407" /><G40/><T130/><D109/><U35/><E35/><V95/><F81/><W67/><G51/><T33/><D33/><U89/><E42/><V18/><F90/><W39/><G70/><T133/><D71/><U27/><E27/><V41/><F41/><W111/><G39/><T26/><D26/><U80/><E36/><V0/><F0/><W46/><G46/><T32/><D31/><U7/><E7/><V54/><F54/><W3/><G3/><T13/><D5/><U84/><E57/><V6/><F6/><W4/><G4/><T106/><D59/><U131/><E61/><V56/><F56/><W98/><G14/><T104/><D13/><U96/><E131/><V115/><F115/><N who="1" m="44105" /><E96/><AGARI ba="0,0" hai="10,12,18,44,48,52,91,95,96,132,135" m="47178" machi="96" ten="30,3900,0" yaku="13,1,52,1,54,1" doraHai="88" who="2" fromWho="1" sc="254,0,93,-39,489,39,164,0" owari="254,5.4,54,-44.6,528,62.8,164,-23.6" /></mjloggm>