<mjloggm ver="2.3"><GO type="225" lobby="0"/><UN n0="%62%6F%6E%6F%73%2E%2E" n1="%E3%83%AD%E3%83%83%E3%83%86%E9%9B%80%E7%90%83" n2="%E3%82%82%E3%81%90%E3%82%89" n3="%E3%81%9F%E3%81%A3%E3%81%A1%E3%82%87" dan="17,17,17,16" rate="2222.16,2272.66,2191.68,2051.18" sx="M,M,M,M"/><TAIKYOKU oya="0"/><INIT seed="0,0,0,0,3,126" ten="250,250,250,250" oya="0" hai0="58,76,128,48,5,90,29,122,63,121,28,53,54" hai1="30,8,82,49,43,61,94,25,107,119,109,113,83" hai2="13,123,36,33,101,110,134,45,132,115,70,81,47" hai3="92,50,19,41,108,104,3,129,35,67,32,88,114"/><T37/><D37/><U69/><E107/><V65/><F115/><W2/><G104/><T127/><D127/><U118/><E109/><V97/><F123/><W135/><G114/><T105/><D105/><U34/><E113/><V57/><F33/><W4/><G108/><T1/><D76/><U66/><E94/><V16/><F70/><W18/><G135/><N who="2" m="51753" /><F36/><W106/><G67/><T86/><D128/><U120/><E120/><V17/><F110/><W22/><G106/><T73/><D73/><U0/><E49/><V12/><F81/><W98/><G129/><T96/><D96/><U31/><E43/><V80/><F80/><W56/><G41/><T84/><D121/><U116/><REACH who="1" step="1"/><E31/><REACH who="1" ten="250,240,250,250" step="2"/><V14/><F47/><W26/><G50/><T71/><D122/><U130/><E130/><V95/><F45/><W7/><G92/><T78/><D28/><U11/><E11/><V100/><F100/><W89/><G98/><T27/><D48/><U79/><E79/><V15/><N who="2" m="3072" /><DORA hai="59" /><V93/><F95/><W87/><G26/><T42/><D78/><U62/><E62/><AGARI ba="0,1" hai="16,17,57,62,65,93,97,101" m="3072,51753" machi="62" ten="50,6400,0" yaku="20,1,52,1,54,1" doraHai="126,59" who="2" fromWho="1" sc="250,0,240,-64,250,74,250,0" /><INIT seed="1,0,0,4,2,74" ten="250,176,324,250" oya="1" hai0="89,37,36,95,54,113,31,35,57,44,128,86,13" hai1="99,111,6,24,104,90,21,130,117,107,109,71,123" hai2="65,122,78,121,4,28,29,3,112,131,88,41,129" hai3="98,135,55,16,127,43,7,83,125,81,73,1,26"/><U53/><E117/><V5/><F112/><W25/><G135/><T47/><D113/><U61/><E123/><N who="2" m="47115" /><F65/><W87/><G43/><T59/><D128/><N who="2" m="49226" /><F41/><W101/><G55/><T77/><D35/><U33/><E33/><V102/><F102/><W106/><G7/><N who="2" m="2633" /><F3/><W27/><G1/><T63/><D37/><U120/><E120/><V67/><F67/><W22/><G125/><T18/><D36/><U69/><E130/><V72/><F88/><W45/><G127/><T66/><D31/><N who="2" m="11850" /><F72/><W124/><G124/><T96/><D57/><N who="1" m="34991" /><E6/><V75/><F75/><W76/><REACH who="3" step="1"/><G45/><REACH who="3" ten="250,176,324,240" step="2"/><T103/><D54/><U68/><E99/><V134/><F134/><W0/><G0/><T126/><D126/><U70/><N who="1" m="17408" /><DORA hai="94" /><U50/><E50/><V116/><F116/><W20/><G20/><N who="0" m="11343" /><D44/><U39/><E39/><V62/><F62/><W119/><G119/><T82/><D47/><U84/><E21/><V133/><F133/><W93/><G93/><T79/><AGARI ba="0,1" hai="59,63,66,77,79,82,86,89,95,96,103" m="11343" machi="79" ten="30,7900,0" yaku="8,1,52,3" doraHai="74,94" who="0" fromWho="0" sc="250,89,176,-39,324,-20,240,-20" /><INIT seed="2,0,0,2,5,106" ten="339,137,304,220" oya="2" hai0="45,10,88,96,93,34,119,109,76,105,123,94,48" hai1="39,47,85,113,24,114,111,51,89,80,71,54,124" hai2="112,107,102,116,30,91,13,20,17,0,100,22,87" hai3="18,1,23,62,118,42,27,127,68,74,121,43,9"/><V108/><F116/><W72/><G118/><T103/><D123/><U35/><E124/><V77/><F0/><W67/><G121/><T2/><D34/><U86/><E111/><V120/><F120/><W82/><G127/><T79/><D119/><U130/><E130/><V16/><F112/><W125/><G125/><T70/><D70/><U131/><E131/><V99/><F108/><W66/><G67/><T50/><D105/><U84/><E71/><V5/><F30/><W65/><G65/><T38/><D38/><U14/><E39/><V104/><F5/><W3/><G82/><T61/><D61/><U57/><E86/><V26/><F77/><W126/><G126/><T90/><D103/><U15/><E85/><V52/><F104/><W110/><G110/><T41/><D109/><U21/><E35/><V132/><F132/><W46/><G43/><T44/><D10/><U69/><E69/><V7/><F7/><W135/><G135/><T56/><D56/><U95/><E80/><V33/><F33/><W37/><REACH who="3" step="1"/><G9/><REACH who="3" ten="339,137,304,210" step="2"/><T59/><D41/><U8/><E47/><V4/><F107/><W64/><G64/><T55/><D45/><U101/><E101/><V115/><F102/><W122/><G122/><T98/><D44/><U6/><REACH who="1" step="1"/><E24/><REACH who="1" ten="339,127,304,210" step="2"/><N who="2" m="14343" /><F100/><W133/><G133/><T36/><D36/><U12/><E12/><V63/><F13/><W53/><G53/><N who="0" m="32167" /><D2/><AGARI ba="0,2" hai="1,2,3,18,23,27,37,42,46,62,66,68,72,74" machi="2" ten="40,5200,0" yaku="1,1,52,2,53,0" doraHai="106" doraHaiUra="134" who="3" fromWho="0" sc="339,-52,127,0,304,0,210,72" /><INIT seed="3,0,0,2,4,45" ten="287,127,304,282" oya="3" hai0="21,82,52,7,75,32,14,124,55,110,57,20,22" hai1="3,19,90,135,23,78,116,8,33,98,69,113,129" hai2="121,79,103,10,27,77,36,2,96,6,42,44,0" hai3="127,41,15,4,76,28,54,74,122,106,61,1,84"/><W11/><G122/><T13/><D32/><U107/><E78/><V80/><F121/><W108/><G106/><T53/><D110/><U130/><E90/><V30/><F0/><W65/><G74/><T34/><D34/><U47/><E98/><V48/><F36/><W31/><G1/><T38/><D38/><U66/><E66/><V131/><F131/><N who="1" m="50185" /><E107/><V81/><F79/><W100/><G108/><T132/><D132/><U118/><E69/><V58/><F58/><N who="3" m="37047" /><G127/><T68/><D68/><U95/><E95/><V43/><F43/><W26/><G26/><T71/><D71/><U112/><E47/><V5/><F5/><W9/><G100/><T35/><D35/><U86/><E86/><V89/><F89/><W119/><G9/><N who="0" m="4287" /><D75/><U120/><E120/><V17/><F17/><W60/><G41/><T99/><D124/><U94/><E94/><V85/><F85/><W37/><G37/><T16/><D82/><U29/><E135/><V64/><F77/><W128/><G76/><T56/><D99/><U87/><E87/><V102/><F102/><W109/><G84/><T46/><D46/><U115/><E33/><N who="2" m="20703" /><F81/><W59/><G128/><T105/><D105/><U93/><E93/><N who="2" m="58767" /><F80/><W88/><G88/><T126/><D126/><U133/><E133/><V50/><F64/><W114/><G54/><T125/><D125/><U123/><E123/><V101/><F101/><W73/><G73/><T49/><D55/><U83/><E83/><V25/><F42/><W62/><G59/><T24/><D24/><N who="1" m="14463" /><E29/><V134/><F134/><W12/><G28/><T72/><D72/><RYUUKYOKU ba="0,0" sc="287,15,127,15,304,-15,282,-15" hai0="14,16,20,21,22,49,52,53,56,57" hai1="3,8,112,113,115,116,118" owari="302,40.2,142,-35.8,289,8.9,267,-13.3" /></mjloggm>