<mjloggm ver="2.3"><GO type="225" lobby="0"/><UN n0="%72%69%6F%75%63%68%61%6E" n1="%E3%81%BF%E3%81%BF%E3%81%9A" n2="%4B%2E%32%2E%4B%2E" n3="%E3%82%A2%E3%83%A1%E3%82%A2%E3%83%A9%E3%83%AC" dan="16,18,16,16" rate="2169.86,2253.73,2120.50,2166.20" sx="M,M,M,M"/><TAIKYOKU oya="0"/><INIT seed="0,0,0,3,0,134" ten="250,250,250,250" oya="0" hai0="8,130,11,120,91,47,88,60,12,96,51,53,17" hai1="70,62,76,121,58,39,32,2,44,54,84,103,3" hai2="119,43,59,36,72,108,33,114,113,104,112,68,98" hai3="18,31,127,105,100,46,49,102,83,135,94,87,55"/><T78/><D120/><U63/><E121/><V129/><RYUUKYOKU type="yao9" ba="0,0" sc="250,0,250,0,250,0,250,0" hai2="33,36,43,59,68,72,98,104,108,112,113,114,119,129" /><INIT seed="0,1,0,5,4,91" ten="250,250,250,250" oya="0" hai0="11,115,90,81,14,120,78,125,26,17,95,53,103" hai1="43,60,101,83,61,48,15,57,107,97,88,40,68" hai2="20,108,127,89,111,46,64,22,74,6,0,65,44" hai3="33,10,67,23,47,106,42,4,128,63,82,92,62"/><T69/><D115/><U66/><E48/><V35/><F35/><W27/><G128/><T104/><D120/><U58/><E68/><V16/><F74/><W122/><G106/><T70/><D125/><U5/><E5/><V52/><F127/><W55/><G33/><T86/><D53/><U114/><E114/><V71/><F22/><W112/><G112/><T118/><D118/><U7/><E7/><V76/><F76/><W93/><G122/><T59/><D59/><U45/><E45/><V121/><F71/><W32/><G32/><T50/><D50/><U18/><E83/><V41/><F46/><W21/><G82/><T36/><D36/><U87/><E18/><V132/><F132/><W100/><G100/><T110/><D110/><N who="2" m="42026" /><F89/><W80/><G80/><T8/><D8/><U133/><E15/><N who="2" m="9247" /><F121/><W96/><G23/><T124/><D124/><U134/><E133/><V113/><F113/><W79/><G79/><T3/><D26/><U94/><REACH who="1" step="1"/><E134/><REACH who="1" ten="250,240,250,250" step="2"/><V98/><F6/><W109/><G4/><T135/><D135/><U54/><AGARI ba="1,1" hai="40,43,54,57,58,60,61,66,87,88,94,97,101,107" machi="54" ten="20,12000,2" yaku="1,1,2,1,0,1,7,1,52,1,54,1,53,0" doraHai="91" doraHaiUra="119" who="1" fromWho="1" sc="250,-61,240,133,250,-31,250,-31" /><INIT seed="1,0,0,2,3,56" ten="189,373,219,219" oya="1" hai0="88,119,76,103,1,98,99,22,86,79,35,121,38" hai1="14,44,94,8,45,13,96,24,116,114,74,62,42" hai2="65,32,89,11,43,63,69,39,111,71,118,6,130" hai3="54,67,25,100,106,113,105,83,49,115,12,18,64"/><U26/><E114/><V133/><F118/><W61/><G25/><T123/><D119/><U57/><E116/><V108/><F32/><W15/><G83/><N who="0" m="49247" /><D35/><U93/><E74/><V84/><F130/><W60/><G100/><T48/><D1/><U2/><E2/><V46/><F133/><W129/><G49/><T81/><D38/><U40/><E57/><V109/><F71/><W126/><G18/><T95/><D22/><U128/><E8/><V68/><F69/><W9/><G9/><T102/><D48/><U72/><E72/><V78/><F78/><N who="0" m="29738" /><D81/><U29/><E128/><V117/><F117/><W120/><G129/><T134/><D134/><U20/><E20/><V37/><F37/><W66/><G66/><T107/><AGARI ba="0,0" hai="95,98,99,102,103,107,121,123" m="29738,49247" machi="107" ten="30,4000,0" yaku="34,2,54,1" doraHai="56" who="0" fromWho="0" sc="189,40,373,-20,219,-10,219,-10" /><INIT seed="2,0,0,3,2,70" ten="229,353,209,209" oya="2" hai0="24,78,111,9,80,18,41,69,55,117,54,8,65" hai1="64,60,11,33,35,98,4,87,135,51,40,88,133" hai2="86,2,52,66,17,39,126,63,57,106,81,129,119" hai3="0,79,118,38,82,42,50,120,75,114,26,21,109"/><V76/><F119/><W34/><G109/><T125/><D111/><U36/><E98/><V14/><F126/><W122/><G118/><T43/><D125/><U124/><E51/><V49/><F129/><W100/><G114/><T29/><D117/><U103/><E103/><V59/><F2/><W46/><G50/><T53/><D65/><U104/><E104/><V127/><F127/><W44/><G44/><T28/><D69/><N who="1" m="42119" /><E40/><N who="0" m="15433" /><D80/><N who="1" m="49255" /><E36/><V45/><F106/><W10/><G100/><T92/><D78/><U20/><E20/><V107/><F107/><W85/><G85/><T30/><D92/><U130/><E130/><V3/><F3/><W68/><G68/><T72/><D72/><U91/><E91/><V48/><F39/><W13/><G34/><T74/><D74/><U110/><E110/><V84/><F84/><W31/><REACH who="3" step="1"/><G0/><REACH who="3" ten="229,353,209,199" step="2"/><T61/><D61/><U67/><E124/><V123/><F123/><W73/><G73/><T102/><D102/><U23/><E33/><V56/><REACH who="2" step="1"/><F49/><REACH who="2" ten="229,353,199,199" step="2"/><W62/><G62/><T94/><D94/><U83/><E133/><V95/><F95/><W32/><G32/><T27/><D8/><AGARI ba="0,2" hai="8,14,17,45,48,52,56,57,59,63,66,76,81,86" machi="8" ten="30,11600,0" yaku="1,1,7,1,8,1,54,1,53,0" doraHai="70" doraHaiUra="16" who="2" fromWho="0" sc="229,-116,353,0,199,136,199,0" /><INIT seed="2,1,0,4,5,86" ten="113,353,335,199" oya="2" hai0="116,30,27,73,94,46,56,4,39,66,115,17,57" hai1="104,117,23,118,29,69,59,121,45,74,107,91,48" hai2="20,82,127,53,8,41,83,105,132,58,109,95,5" hai3="70,128,100,106,72,96,1,7,55,65,80,75,33"/><V135/><F105/><W99/><G128/><T36/><D115/><U10/><E69/><V102/><F127/><W92/><G33/><T26/><D116/><U50/><E74/><V68/><F68/><W49/><G80/><T3/><D73/><U108/><E121/><V13/><F41/><W18/><G18/><T24/><D30/><U6/><E108/><V63/><F109/><W62/><G7/><T111/><D111/><U67/><E107/><V103/><F103/><W51/><G51/><T15/><D66/><U134/><E104/><V25/><F132/><W131/><G1/><T22/><D94/><U88/><E134/><V97/><REACH who="2" step="1"/><F135/><REACH who="2" ten="113,353,325,199" step="2"/><W64/><G100/><T78/><D78/><U31/><E118/><V90/><F90/><W42/><G70/><T40/><REACH who="0" step="1"/><D36/><REACH who="0" ten="103,353,325,199" step="2"/><U87/><E117/><V9/><F9/><AGARI ba="1,2" hai="3,4,9,15,17,22,24,26,27,39,40,46,56,57" machi="9" ten="40,2600,0" yaku="1,1,2,1,53,0" doraHai="86" doraHaiUra="98" who="0" fromWho="2" sc="103,49,353,0,325,-29,199,0" /><INIT seed="3,0,0,2,3,126" ten="152,353,296,199" oya="3" hai0="25,63,101,44,68,55,3,8,51,9,112,123,48" hai1="73,127,46,116,66,102,13,79,50,39,108,93,42" hai2="124,2,58,62,60,24,14,87,29,133,70,81,7" hai3="61,77,57,109,15,104,54,59,106,103,94,129,85"/><W92/><G109/><T131/><D123/><U114/><E114/><V19/><F124/><W122/><G122/><T110/><D110/><U76/><E127/><V82/><F133/><W86/><G15/><T0/><D112/><U37/><E108/><V72/><F72/><W117/><G77/><T32/><D0/><U5/><E116/><V27/><F70/><W132/><G117/><T64/><D3/><U43/><E66/><V28/><F7/><W47/><G47/><T26/><D26/><U121/><E121/><V89/><F81/><W52/><G61/><T67/><D67/><U41/><E73/><V33/><F2/><W6/><G6/><T130/><D101/><U74/><E74/><V31/><F58/><W16/><G103/><T119/><D119/><U18/><E5/><V69/><F69/><W105/><G105/><T80/><D80/><U135/><E135/><V34/><REACH who="2" step="1"/><F28/><REACH who="2" ten="152,353,286,199" step="2"/><W71/><G71/><T75/><D75/><U111/><E111/><V53/><F53/><W88/><G132/><T96/><D96/><N who="1" m="59663" /><E37/><V20/><AGARI ba="0,1" hai="14,19,20,24,27,29,31,33,34,60,62,82,87,89" machi="20" ten="20,5200,0" yaku="1,1,0,1,7,1,9,1,53,0" doraHai="126" doraHaiUra="36" who="2" fromWho="2" sc="152,-13,353,-13,286,62,199,-26" owari="139,-36.1,340,14.0,348,44.8,173,-22.7" /></mjloggm>