<mjloggm ver="2.3"><GO type="225" lobby="0"/><UN n0="%4D%6F%6E%61%6E%61" n1="%E6%A1%9C%E8%8A%B1%E9%96%83%E3%80%85" n2="%E3%83%B4%E3%82%A3%E3%83%AF%E3%82%B3%E3%82%B0%E3%83%8B" n3="%E5%B8%86%E7%AB%8B%E5%A4%8F%E8%A1%A3" dan="16,16,16,16" rate="2086.85,2166.01,2172.57,2161.95" sx="F,M,M,M"/><TAIKYOKU oya="0"/><INIT seed="0,0,0,2,3,54" ten="250,250,250,250" oya="0" hai0="118,125,98,45,48,96,58,105,113,122,3,11,12" hai1="43,37,85,114,24,110,63,28,76,91,117,17,130" hai2="10,38,126,19,4,22,116,119,92,69,84,103,67" hai3="127,8,5,46,18,82,134,135,55,0,25,36,13"/><T70/><D113/><U1/><E117/><N who="2" m="45131" /><F38/><W111/><G111/><T81/><D118/><U120/><E120/><V44/><F44/><W34/><G82/><T78/><D70/><U64/><E110/><V68/><F67/><W73/><G73/><T33/><D33/><U95/><E114/><V2/><F126/><W104/><G104/><T15/><D122/><U128/><E1/><V40/><F40/><W74/><G74/><T87/><D125/><U14/><E76/><V42/><F42/><W112/><G112/><T86/><D3/><U90/><E90/><N who="2" m="53319" /><F103/><W93/><G36/><T80/><D105/><U102/><E102/><V65/><F65/><W60/><G127/><T35/><D15/><AGARI ba="0,0" hai="2,4,10,15,19,22,68,69" m="53319,45131" machi="15" ten="30,1000,0" yaku="12,1" doraHai="54" who="2" fromWho="0" sc="250,-10,250,0,250,10,250,0" /><INIT seed="1,0,0,5,1,12" ten="240,250,260,250" oya="1" hai0="125,92,114,45,5,61,115,87,44,112,46,6,31" hai1="64,77,116,1,123,109,47,34,82,52,122,134,73" hai2="72,99,104,62,33,108,32,76,56,60,86,118,35" hai3="81,37,121,107,102,53,3,55,48,27,79,10,50"/><U0/><E116/><V110/><F118/><W71/><G121/><T113/><D125/><U63/><E34/><V59/><F72/><W66/><G37/><T117/><D117/><U74/><E74/><V128/><F128/><W135/><G135/><T25/><N who="0" m="28672" /><DORA hai="49" /><T90/><REACH who="0" step="1"/><D61/><REACH who="0" ten="230,250,260,250" step="2"/><U98/><E134/><V43/><F60/><W106/><G66/><T91/><D91/><U54/><E122/><V30/><F62/><W75/><G55/><T40/><D40/><U24/><E123/><V84/><F43/><W78/><G53/><T94/><D94/><U111/><E54/><V127/><F127/><W67/><G67/><T23/><AGARI ba="0,1" hai="5,6,23,25,31,44,45,46,87,90,92" m="28672" machi="23" ten="60,7900,0" yaku="1,1,0,1,53,1" doraHai="12,49" doraHaiUra="21,58" who="0" fromWho="0" sc="230,89,250,-39,260,-20,250,-20" /><INIT seed="2,0,0,1,3,81" ten="319,211,240,230" oya="2" hai0="47,96,88,105,17,21,100,9,99,132,130,32,60" hai1="75,19,120,111,39,94,108,51,68,76,128,115,103" hai2="133,53,65,38,124,85,50,63,10,27,90,71,95" hai3="18,93,77,135,61,31,12,119,36,98,33,73,114"/><V57/><F133/><W62/><G119/><T44/><D32/><U110/><E39/><V82/><F124/><W56/><G36/><T64/><D130/><U91/><E115/><V86/><F38/><W42/><G42/><T59/><D132/><U8/><E128/><V69/><F10/><W22/><G135/><T70/><D70/><U46/><E68/><V109/><F109/><W118/><G118/><T13/><D96/><U117/><E117/><V127/><F127/><W7/><G114/><T67/><D67/><U116/><E116/><V15/><F15/><W6/><G62/><T34/><D34/><U102/><E120/><V107/><F27/><W79/><G33/><T20/><D20/><U123/><E123/><V4/><F4/><N who="3" m="1579" /><G31/><T92/><D9/><U2/><E76/><V43/><F43/><W29/><G29/><T37/><D37/><U48/><E75/><V112/><F112/><W131/><G73/><T26/><D26/><U41/><E51/><V5/><F5/><W58/><G58/><T80/><D105/><U1/><E19/><V49/><F107/><W55/><G131/><T122/><D122/><U45/><E45/><V72/><F49/><W83/><G83/><T87/><AGARI ba="0,0" hai="13,17,21,44,47,59,60,64,80,87,88,92,99,100" machi="87" ten="30,7900,0" yaku="0,1,8,1,52,1,54,1" doraHai="81" who="0" fromWho="0" sc="319,79,211,-20,240,-39,230,-20" /><INIT seed="3,0,0,5,1,110" ten="398,191,201,210" oya="3" hai0="85,61,23,33,124,16,19,122,115,53,50,71,77" hai1="135,87,90,109,128,51,52,3,101,24,35,18,46" hai2="2,132,20,4,89,10,60,31,17,58,111,59,97" hai3="116,1,30,131,88,119,105,134,129,7,5,26,95"/><W108/><G105/><T96/><D115/><U12/><E3/><V55/><F111/><W93/><G108/><T9/><D33/><U14/><E109/><V120/><F132/><W39/><G39/><T86/><D96/><U81/><E135/><V43/><F43/><W106/><G106/><T98/><D98/><U41/><E128/><N who="3" m="49226" /><G134/><T48/><D48/><N who="1" m="26703" /><E35/><V74/><F74/><W38/><G38/><T49/><D19/><U22/><E101/><V40/><F40/><W66/><G66/><T73/><D53/><U29/><E29/><V13/><F58/><AGARI ba="0,0" hai="12,14,18,22,24,51,52,58,81,87,90" m="26703" machi="58" ten="30,2000,0" yaku="8,1,54,1" doraHai="110" who="1" fromWho="2" sc="398,0,191,20,201,-20,210,0" owari="398,49.8,211,1.1,181,-31.9,210,-19.0" /></mjloggm>