<mjloggm ver="2.3"><GO type="225" lobby="0"/><UN n0="%E3%83%81%E3%83%AF%E3%83%AF%E9%9A%8A%E9%95%B7" n1="%E5%A4%9C%E5%85%89%E5%A4%A9%E6%A5%BC" n2="%E3%81%BF%E3%81%BF%E3%81%9A" n3="%E5%86%B7%E5%87%8D%E3%82%AE%E3%83%A7%E3%83%BC%E3%82%B6" dan="16,17,18,17" rate="2131.72,2171.08,2261.48,2219.97" sx="M,M,M,M"/><TAIKYOKU oya="0"/><INIT seed="0,0,0,0,3,122" ten="250,250,250,250" oya="0" hai0="42,52,63,87,132,126,123,96,98,135,50,124,94" hai1="15,12,120,16,82,103,37,33,25,24,114,69,28" hai2="2,36,80,107,48,14,115,85,129,29,91,73,13" hai3="22,20,23,45,62,38,134,7,121,0,79,67,84"/><T58/><D87/><U112/><E120/><V110/><F36/><W127/><G121/><T72/><D72/><U95/><E112/><V31/><F2/><W53/><G127/><N who="0" m="48683" /><D123/><U39/><E114/><V105/><F115/><W11/><BYE who="1" /><G134/><N who="0" m="51243" /><D94/><U108/><E108/><V64/><F110/><W34/><G34/><T26/><D26/><U19/><E19/><V111/><F111/><W6/><G6/><T131/><D131/><U21/><E21/><V81/><F129/><W46/><G38/><T74/><D74/><UN n1="%E5%A4%9C%E5%85%89%E5%A4%A9%E6%A5%BC" /><U116/><E116/><V90/><F73/><W54/><G45/><AGARI ba="0,0" hai="42,45,50,52,58,63,96,98" m="51243,48683" machi="45" ten="30,5800,0" yaku="18,1,20,1,54,1" doraHai="122" who="0" fromWho="3" sc="250,58,250,0,250,0,250,-58" /><INIT seed="0,1,0,2,3,112" ten="308,250,250,192" oya="0" hai0="85,100,82,58,86,5,12,65,96,44,21,41,109" hai1="6,28,40,79,61,53,134,81,16,73,23,38,35" hai2="91,64,92,9,59,10,135,99,125,93,119,68,72" hai3="129,62,7,120,102,25,48,95,78,67,30,107,66"/><T123/><D123/><U98/><E134/><V24/><F135/><W130/><G120/><T76/><D109/><U116/><E6/><V50/><F72/><W17/><G7/><T71/><D71/><U84/><E116/><V128/><F125/><W108/><G108/><T117/><D117/><U127/><E127/><V122/><F122/><W75/><G17/><T39/><D85/><U106/><E35/><V18/><F119/><W87/><G48/><T4/><D12/><U11/><E11/><V37/><F37/><W15/><G15/><T114/><D21/><U110/><E28/><V56/><F68/><W0/><G0/><T77/><D77/><U101/><E110/><V132/><F128/><W69/><G67/><T111/><D114/><U63/><E53/><N who="2" m="31799" /><F132/><W57/><G57/><T121/><D121/><U104/><E104/><V126/><F93/><W1/><G1/><T49/><D111/><U26/><REACH who="1" step="1"/><E73/><REACH who="1" ten="308,240,250,192" step="2"/><V103/><F126/><W29/><G29/><T46/><D65/><U74/><E74/><V80/><F9/><W2/><G2/><T105/><D58/><U51/><E51/><V3/><F64/><W33/><G75/><T124/><D124/><U36/><E36/><V118/><F59/><W20/><G20/><T13/><D4/><U83/><E83/><V113/><F118/><W88/><REACH who="3" step="1"/><G78/><REACH who="3" ten="308,240,250,182" step="2"/><T52/><D76/><U8/><E8/><V60/><F10/><W27/><G27/><T54/><D39/><U55/><E55/><V31/><F24/><W133/><G133/><T97/><D54/><U47/><AGARI ba="1,2" hai="16,23,26,38,40,47,61,63,79,81,84,98,101,106" machi="47" ten="30,4000,0" yaku="1,1,0,1,54,1,53,0" doraHai="112" doraHaiUra="115" who="1" fromWho="1" sc="308,-21,240,63,250,-11,182,-11" /><INIT seed="1,0,0,1,3,127" ten="287,303,239,171" oya="1" hai0="78,54,65,110,112,29,17,4,28,59,30,94,123" hai1="31,3,10,38,129,70,109,55,11,96,82,130,81" hai2="114,126,57,25,5,8,7,128,48,24,98,101,88" hai3="60,83,21,105,111,84,63,53,64,68,47,107,122"/><U97/><E70/><V135/><F126/><W117/><G122/><T42/><D112/><U32/><E38/><V19/><F114/><W46/><G111/><T134/><D110/><U67/><E67/><V13/><F135/><W20/><G117/><T92/><D134/><U73/><E31/><V76/><F76/><W39/><G47/><T80/><D123/><U85/><E32/><V66/><F128/><N who="1" m="49257" /><E109/><V14/><F101/><W95/><G95/><T33/><D65/><U15/><E73/><V120/><F120/><W77/><G60/><T51/><D33/><U93/><E93/><N who="2" m="56615" /><F5/><W125/><G125/><T91/><D4/><N who="1" m="1311" /><E55/><N who="2" m="31975" /><F66/><W49/><G39/><T37/><D37/><U74/><E74/><V89/><F89/><W133/><G133/><T119/><D91/><U106/><E106/><V87/><F87/><W16/><REACH who="3" step="1"/><G20/><AGARI ba="0,0" hai="7,8,13,14,19,20,24,25" m="31975,56615" machi="20" ten="30,2000,0" yaku="8,1,54,1" doraHai="127" who="2" fromWho="3" sc="287,0,303,0,239,20,171,-20" /><INIT seed="2,0,0,4,1,122" ten="287,303,259,151" oya="2" hai0="57,135,93,2,108,114,87,92,59,26,118,66,94" hai1="96,39,82,25,60,58,6,86,75,16,131,7,113" hai2="72,22,56,77,55,64,120,90,69,17,128,32,91" hai3="99,121,41,134,78,65,74,115,67,47,98,0,52"/><V97/><F120/><W30/><G121/><T106/><D114/><U119/><E113/><V38/><F32/><W29/><G115/><T63/><D106/><U107/><E119/><V95/><F38/><W24/><G134/><T37/><D2/><U112/><E112/><V71/><F128/><W104/><G0/><T42/><D118/><U127/><E39/><V110/><F64/><W103/><G78/><T68/><D135/><U21/><E75/><V85/><F72/><W35/><G74/><T84/><D68/><U20/><E131/><V62/><F77/><W125/><G125/><T126/><D126/><U101/><E21/><V18/><F110/><W49/><G30/><T129/><D129/><U132/><E132/><V36/><F17/><W43/><G43/><T15/><D108/><U76/><REACH who="1" step="1"/><E127/><REACH who="1" ten="287,293,259,151" step="2"/><V53/><F36/><W105/><REACH who="3" step="1"/><G41/><REACH who="3" ten="287,293,259,141" step="2"/><T102/><D42/><U51/><E51/><V8/><F62/><W19/><G19/><T45/><D37/><U117/><E117/><V11/><F18/><W4/><G4/><T33/><D63/><U46/><E46/><V34/><F34/><W28/><G28/><T83/><D45/><U12/><E12/><V5/><F5/><W133/><G133/><T79/><D15/><U27/><E27/><V116/><F116/><W14/><G14/><T111/><D26/><U9/><E9/><V130/><F8/><W88/><G88/><T31/><D33/><U100/><E100/><AGARI ba="0,2" hai="24,29,35,47,49,52,65,67,98,99,100,103,104,105" machi="100" ten="40,8000,1" yaku="1,1,9,1,54,1,53,1" doraHai="122" doraHaiUra="44" who="3" fromWho="1" sc="287,0,293,-80,259,0,141,100" /><INIT seed="3,0,0,1,3,106" ten="287,213,259,241" oya="3" hai0="3,113,130,96,68,74,135,114,46,23,36,105,66" hai1="102,19,29,11,48,41,69,26,129,52,25,82,121" hai2="20,18,12,64,4,39,99,7,71,90,24,134,9" hai3="44,53,54,63,50,103,56,57,1,30,70,73,92"/><W120/><G1/><T0/><D130/><U107/><E121/><V31/><F39/><W15/><G120/><T78/><D135/><U40/><E129/><V35/><F134/><W14/><G70/><T132/><D132/><U62/><E102/><V83/><F71/><W51/><G73/><T33/><D23/><N who="1" m="15551" /><E107/><V88/><F64/><W126/><G126/><T115/><D33/><U95/><E69/><V97/><F4/><W8/><G30/><T10/><D10/><U131/><E131/><V42/><F42/><W111/><G111/><T87/><D87/><U123/><E123/><V98/><REACH who="2" step="1"/><F83/><REACH who="2" ten="287,213,249,241" step="2"/><W91/><G103/><N who="0" m="62695" /><D66/><U21/><E82/><V58/><F58/><W112/><G112/><T100/><D100/><U60/><E95/><V16/><F16/><W127/><G127/><T59/><D59/><N who="1" m="33159" /><E41/><V34/><F34/><W61/><G61/><T108/><D68/><U94/><E40/><V128/><F128/><W49/><G49/><T89/><D36/><U85/><E62/><V75/><F75/><W116/><G116/><T47/><D113/><U101/><E60/><V6/><F6/><W118/><G118/><T77/><D114/><U2/><E2/><AGARI ba="0,1" hai="2,7,9,12,18,20,24,31,35,88,90,97,98,99" machi="2" ten="40,8000,1" yaku="1,1,24,2,54,1,53,0" doraHai="106" doraHaiUra="124" who="2" fromWho="1" sc="287,0,213,-80,249,90,241,0" owari="287,8.7,133,-36.7,339,43.9,241,-15.9" /></mjloggm>