<mjloggm ver="2.3"><GO type="225" lobby="0"/><UN n0="%E3%81%AA%E3%81%A1%30%39%32%37" n1="%E5%8F%AF%E5%85%90%E9%82%A3%E7%94%B1%E5%A4%9A" n2="%72%69%6F%75%63%68%61%6E" n3="%38%63%E3%81%AF%E3%81%A3%E3%81%97%E3%83%BC" dan="16,16,17,16" rate="2077.39,2196.12,2257.74,2096.77" sx="M,F,M,M"/><TAIKYOKU oya="0"/><INIT seed="0,0,0,5,2,63" ten="250,250,250,250" oya="0" hai0="135,89,9,69,25,72,81,45,54,4,65,20,7" hai1="39,102,2,91,49,70,55,77,66,51,104,86,94" hai2="116,78,132,98,19,74,57,85,3,110,68,113,108" hai3="109,61,71,0,42,30,52,60,59,22,6,79,112"/><T56/><D135/><U87/><E39/><V29/><F113/><W93/><G112/><T17/><D45/><U14/><E2/><V62/><F132/><W36/><G109/><N who="2" m="42089" /><F116/><W44/><G79/><T28/><D72/><U119/><E119/><V5/><F74/><W73/><G73/><T41/><D41/><U33/><E33/><V47/><F68/><W15/><G0/><T107/><D107/><U129/><E129/><V83/><F29/><W120/><G120/><T126/><D126/><U125/><E125/><V31/><F31/><W76/><G76/><T80/><D69/><U115/><E115/><V90/><F47/><W50/><G93/><T92/><D65/><U95/><E104/><V27/><F98/><W101/><G101/><T23/><D80/><U122/><E122/><V111/><N who="2" m="42097" /><V130/><DORA hai="100" /><F130/><W96/><G96/><N who="0" m="57359" /><D81/><N who="1" m="47407" /><E70/><V11/><F78/><W58/><G71/><T43/><D43/><U35/><E35/><V131/><F131/><W123/><G123/><T48/><D9/><U99/><E66/><N who="2" m="39247" /><F19/><W82/><G82/><T97/><D97/><U26/><E99/><V18/><F18/><W32/><G32/><T117/><D117/><U13/><E95/><V37/><F37/><W128/><G128/><T114/><D114/><U118/><E118/><V38/><F38/><W10/><REACH who="3" step="1"/><G59/><REACH who="3" ten="250,250,250,240" step="2"/><T16/><D28/><U103/><E103/><V121/><F121/><W84/><G84/><T53/><D56/><N who="1" m="32879" /><E102/><V106/><F106/><W1/><G1/><T88/><D88/><U124/><E91/><V134/><F134/><W105/><G105/><RYUUKYOKU ba="0,1" sc="250,-15,250,-15,250,15,240,15" hai2="3,5,11,27,83,85,90" hai3="6,10,15,22,30,36,42,44,50,52,58,60,61" /><INIT seed="1,1,1,4,3,73" ten="235,235,265,255" oya="1" hai0="56,1,100,104,62,10,49,72,48,45,79,122,34" hai1="129,106,26,13,74,130,55,81,46,90,96,59,23" hai2="105,132,85,39,93,103,111,65,98,20,53,124,120" hai3="58,131,0,95,14,135,2,32,7,121,70,50,61"/><U43/><E13/><V63/><F111/><W54/><G121/><T114/><D114/><U133/><E133/><V76/><F120/><W125/><G32/><T119/><D119/><U36/><E106/><V12/><F124/><W44/><G125/><T118/><D118/><U107/><E107/><V77/><F39/><W69/><G135/><T109/><D34/><U101/><E101/><V40/><F40/><W57/><G57/><T22/><D109/><U24/><E96/><V29/><F132/><W89/><G131/><N who="1" m="50186" /><E23/><V117/><F117/><W94/><G94/><T19/><D100/><U86/><E74/><V17/><F53/><W110/><G14/><T127/><D127/><U21/><E21/><V38/><F38/><W99/><G110/><T3/><D104/><U16/><E16/><V78/><F29/><W67/><REACH who="3" step="1"/><G7/><REACH who="3" ten="235,235,265,245" step="2"/><T71/><D122/><U41/><E41/><V115/><F115/><W64/><G64/><T116/><D116/><U112/><E112/><V15/><F15/><W123/><G123/><T66/><D66/><U6/><E6/><V18/><F18/><W28/><G28/><T31/><D19/><U108/><E108/><V82/><F105/><W30/><G30/><T92/><D31/><U128/><E128/><V87/><F87/><W83/><G83/><T42/><D92/><U75/><E75/><V4/><F4/><W9/><G9/><T134/><D10/><U5/><E5/><V91/><F103/><W51/><G51/><AGARI ba="1,2" hai="24,26,36,43,46,51,55,59,81,86,90" m="50186" machi="51" ten="30,1500,0" yaku="19,1" doraHai="73" who="1" fromWho="3" sc="235,0,235,38,265,0,245,-18" /><INIT seed="1,2,0,3,2,109" ten="235,273,265,227" oya="1" hai0="85,34,102,44,105,45,12,9,75,111,25,125,124" hai1="52,78,91,65,119,8,97,106,13,23,89,93,20" hai2="81,129,0,118,112,46,60,27,62,82,83,35,63" hai3="1,38,28,67,99,61,77,51,37,41,57,108,86"/><U121/><E119/><V49/><F118/><W42/><G1/><T66/><D75/><U32/><E32/><V22/><F129/><W101/><G108/><T48/><D111/><U130/><E121/><V84/><F0/><W26/><G86/><T114/><D114/><U56/><E130/><V115/><F35/><W36/><G77/><T100/><D66/><U31/><E106/><V127/><F84/><W30/><G30/><T134/><D134/><U76/><E65/><V15/><F15/><W74/><G51/><T131/><D131/><U117/><E117/><V50/><F127/><W33/><REACH who="3" step="1"/><G74/><REACH who="3" ten="235,273,265,217" step="2"/><T133/><D48/><N who="1" m="30727" /><E31/><V88/><F50/><W87/><G87/><T71/><D85/><N who="1" m="52399" /><E78/><V54/><REACH who="2" step="1"/><F88/><REACH who="2" ten="235,273,255,217" step="2"/><W58/><G58/><T7/><D124/><U94/><E76/><V132/><F132/><W11/><G11/><T79/><D133/><U47/><E47/><V64/><F64/><W55/><G55/><T17/><D125/><U80/><E80/><V59/><F59/><W43/><G43/><T96/><D79/><U5/><AGARI ba="2,2" hai="5,8,13,20,23,91,94,97" m="52399,30727" machi="5" ten="30,3000,0" yaku="8,1,54,1" doraHai="109" who="1" fromWho="1" sc="235,-12,273,56,255,-12,217,-12" /><INIT seed="1,3,0,0,2,42" ten="223,329,243,205" oya="1" hai0="45,108,14,116,95,46,100,90,92,35,66,67,113" hai1="16,80,110,60,21,78,128,101,49,56,19,103,34" hai2="77,105,102,38,114,32,28,86,117,9,44,30,54" hai3="93,48,5,13,112,81,124,52,85,89,43,97,125"/><U31/><E128/><V87/><F117/><W131/><G112/><T37/><D113/><U88/><E34/><V36/><F114/><W98/><G131/><T104/><D116/><U55/><E110/><V129/><F129/><W64/><G64/><N who="0" m="24619" /><D104/><U74/><E31/><V24/><F30/><W65/><G65/><T133/><D37/><U115/><E115/><V6/><F36/><W135/><G43/><T91/><D35/><U123/><E123/><V12/><F77/><W57/><G135/><T82/><D133/><U11/><E60/><V75/><F75/><W7/><G98/><N who="0" m="59487" /><D108/><U0/><E88/><N who="0" m="33833" /><D82/><U72/><E72/><V33/><F33/><W39/><G39/><T73/><D73/><U70/><E70/><V50/><REACH who="2" step="1"/><F38/><REACH who="2" ten="223,329,233,205" step="2"/><W10/><REACH who="3" step="1"/><G7/><REACH who="3" ten="223,329,233,195" step="2"/><T3/><D3/><U106/><E0/><V61/><F61/><W40/><G40/><T94/><D14/><U63/><E63/><V20/><F20/><W107/><G107/><T111/><D111/><U62/><E106/><V1/><F1/><W15/><G15/><T71/><D71/><U84/><E62/><V59/><F59/><W99/><G99/><AGARI ba="3,2" hai="6,9,12,24,28,32,44,50,54,86,87,99,102,105" machi="99" ten="40,2600,0" yaku="1,1,52,1,53,0" doraHai="42" doraHaiUra="127" who="2" fromWho="3" sc="223,0,329,0,233,55,195,-35" /><INIT seed="2,0,0,2,1,7" ten="223,329,288,160" oya="2" hai0="128,48,104,87,18,135,108,129,91,52,13,81,114" hai1="67,21,45,131,26,24,106,100,51,134,133,9,63" hai2="68,62,16,66,111,78,2,31,97,101,112,40,82" hai3="83,122,15,121,120,47,53,80,11,0,14,23,19"/><V30/><F112/><W125/><G0/><T124/><D114/><U8/><E131/><V5/><F111/><W105/><G105/><T64/><D108/><U69/><E100/><V36/><F36/><W28/><G125/><T4/><D124/><U44/><E106/><V116/><F40/><W20/><G20/><T84/><D104/><U115/><E115/><V76/><F116/><W50/><REACH who="3" step="1"/><G28/><REACH who="3" ten="223,329,288,150" step="2"/><T93/><D135/><U98/><E21/><V54/><F30/><W38/><G38/><T46/><D64/><U117/><E134/><V94/><F31/><W43/><G43/><T42/><D42/><U102/><E133/><V72/><F54/><W126/><G126/><T60/><D128/><U59/><E67/><V103/><F78/><W58/><G58/><T109/><D129/><U25/><E59/><V56/><F56/><W29/><G29/><T77/><D109/><U88/><E117/><V10/><REACH who="2" step="1"/><F16/><AGARI ba="0,1" hai="11,14,15,16,19,23,47,50,53,80,83,120,121,122" machi="16" ten="40,8000,1" yaku="1,1,52,1,54,1,53,1" doraHai="7" doraHaiUra="17" who="3" fromWho="2" sc="223,0,329,0,288,-80,150,90" /><INIT seed="3,0,0,2,5,63" ten="223,329,208,240" oya="3" hai0="62,53,127,69,124,44,16,134,71,59,129,120,113" hai1="116,41,56,72,119,13,31,23,109,45,25,92,88" hai2="2,12,78,79,32,30,33,19,3,89,60,50,20" hai3="48,27,102,105,75,6,34,95,58,66,42,10,7"/><W96/><G75/><T55/><D120/><U64/><E72/><V114/><F114/><W46/><G105/><T1/><D113/><U52/><E109/><V107/><F107/><W97/><G97/><T65/><D1/><U35/><E64/><V39/><F39/><W132/><G132/><T133/><D129/><U106/><E106/><V61/><F89/><W80/><G80/><T5/><D5/><U135/><E135/><N who="0" m="51721" /><D44/><U83/><E83/><V36/><F36/><W84/><G84/><T21/><D53/><U14/><E35/><V110/><F110/><W90/><G90/><T112/><D112/><U77/><E77/><N who="2" m="29195" /><F33/><W51/><G34/><T0/><D0/><U73/><E73/><V43/><F32/><W93/><G93/><T24/><D55/><U125/><E125/><AGARI ba="0,0" hai="16,21,24,59,62,65,69,71,124,125,127" m="51721" machi="125" ten="30,7700,0" yaku="18,1,20,1,52,1,54,1" doraHai="63" who="0" fromWho="1" sc="223,77,329,-77,208,0,240,0" owari="300,40.0,252,5.2,208,-29.2,240,-16.0" /></mjloggm>