<mjloggm ver="2.3"><GO type="225" lobby="0"/><UN n0="%E7%8D%A3%E8%87%AD%E3%81%84%E8%82%89%E7%90%83" n1="%E3%81%BE%E3%81%A8%E3%81%9F" n2="%E8%9B%87%E3%81%AE%E8%A1%80" n3="%E3%82%BC%E3%83%AB%E3%83%80%E3%81%AE%E4%BC%9D%E8%AA%AC" dan="16,16,16,17" rate="2120.50,2165.67,2159.75,2176.19" sx="M,M,M,M"/><TAIKYOKU oya="0"/><INIT seed="0,0,0,5,3,29" ten="250,250,250,250" oya="0" hai0="123,50,77,79,118,78,71,129,119,88,104,22,122" hai1="89,28,12,111,73,17,133,5,67,57,97,76,6" hai2="99,132,45,27,96,105,115,38,34,32,36,53,127" hai3="62,131,44,60,91,19,100,75,101,58,93,92,107"/><T49/><D71/><U54/><E111/><V16/><F115/><W24/><G75/><T18/><D104/><U65/><E133/><V116/><F105/><W11/><G131/><T26/><D129/><U35/><E76/><V117/><F132/><W82/><G107/><T21/><D21/><U110/><E73/><V69/><F69/><W51/><G82/><T87/><D123/><U30/><E30/><V8/><F127/><W55/><G62/><T13/><D13/><U109/><E28/><V90/><F53/><W20/><G11/><T63/><D63/><N who="1" m="36279" /><E35/><N who="2" m="13355" /><F45/><W40/><REACH who="3" step="1"/><G92/><REACH who="3" ten="250,250,250,240" step="2"/><T48/><REACH who="0" step="1"/><D122/><REACH who="0" ten="240,250,250,240" step="2"/><U98/><E110/><V68/><F68/><W64/><G64/><T61/><D61/><U9/><E65/><V37/><F8/><W0/><G0/><T121/><D121/><U85/><E67/><V10/><F10/><W120/><G120/><T135/><D135/><U103/><E109/><V81/><F117/><W102/><G102/><T72/><D72/><U59/><E103/><V1/><F116/><W41/><G41/><T83/><AGARI ba="0,2" hai="18,22,26,48,49,50,77,78,79,83,87,88,118,119" machi="83" ten="30,11700,0" yaku="1,1,0,1,54,1,53,1" doraHai="29" doraHaiUra="86" who="0" fromWho="0" sc="240,137,250,-39,250,-39,240,-39" /><INIT seed="0,1,0,4,3,34" ten="377,211,211,201" oya="0" hai0="88,6,28,9,90,128,104,115,125,93,24,31,23" hai1="10,13,26,38,7,5,54,71,70,97,100,73,59" hai2="118,25,80,35,102,60,105,22,132,66,108,47,95" hai3="36,76,4,53,51,56,2,85,116,81,83,103,86"/><T20/><D115/><U30/><E38/><V106/><F108/><W134/><G116/><T74/><D104/><U63/><E73/><V122/><F122/><W94/><G134/><T75/><D128/><U82/><E82/><V1/><F35/><W62/><G36/><T33/><D125/><U96/><E96/><V55/><F132/><W45/><G4/><T64/><D64/><U15/><E5/><V124/><F124/><W119/><G119/><T37/><D37/><U123/><E15/><V68/><F118/><W32/><G32/><T109/><D109/><U69/><E123/><V21/><F1/><W84/><G2/><T39/><D39/><U14/><E14/><V65/><F65/><W48/><G81/><T49/><D49/><U0/><E13/><V67/><F67/><W58/><G51/><T113/><D113/><U129/><E129/><V92/><F80/><W61/><G58/><T46/><D46/><U17/><E17/><V79/><F79/><W78/><G78/><T3/><D90/><U18/><E18/><V16/><F22/><W99/><REACH who="3" step="1"/><G61/><REACH who="3" ten="377,211,211,191" step="2"/><T42/><D33/><U135/><E135/><V130/><F130/><W112/><G112/><T131/><D131/><U77/><E77/><V87/><F60/><W44/><G44/><T111/><D111/><U52/><E59/><V91/><F47/><W41/><AGARI ba="1,1" hai="41,45,48,53,56,62,76,83,84,85,86,94,99,103" machi="41" ten="20,8000,1" yaku="1,1,0,1,7,1,8,1,53,1" doraHai="34" doraHaiUra="89" who="3" fromWho="3" sc="377,-41,211,-21,211,-21,191,93" /><INIT seed="1,0,0,1,3,112" ten="336,190,190,284" oya="1" hai0="59,17,121,3,6,131,110,122,106,62,18,85,46" hai1="24,102,63,86,1,8,65,108,28,21,22,76,69" hai2="26,73,79,90,64,11,50,34,116,47,56,123,105" hai3="38,91,74,84,124,0,33,114,70,2,125,72,45"/><U57/><E108/><V39/><F123/><N who="0" m="47114" /><D110/><U132/><E132/><V61/><F105/><W32/><G114/><T49/><D106/><U113/><E113/><V43/><F90/><W104/><G104/><T42/><D131/><U77/><E102/><V130/><F130/><W71/><G84/><T111/><D111/><U36/><E36/><V30/><F11/><W98/><G91/><T15/><D3/><N who="3" m="1065" /><G98/><T31/><D31/><U7/><E86/><V96/><F96/><W54/><G54/><N who="0" m="34167" /><D85/><U4/><E4/><V89/><F89/><W133/><G45/><T27/><D27/><U128/><E128/><V109/><F109/><W51/><G51/><T100/><D100/><U52/><REACH who="1" step="1"/><E21/><REACH who="1" ten="336,180,190,284" step="2"/><V107/><F39/><W40/><G133/><T127/><D127/><U97/><E97/><V117/><REACH who="2" step="1"/><F107/><REACH who="2" ten="336,180,180,284" step="2"/><W120/><G120/><T134/><D134/><U41/><E41/><V78/><F78/><W19/><G40/><T10/><AGARI ba="0,2" hai="6,10,15,17,18,42,46,49" m="34167,47114" machi="10" ten="30,1100,0" yaku="13,1" doraHai="112" who="0" fromWho="0" sc="336,31,180,-5,180,-3,284,-3" /><INIT seed="2,0,0,2,3,109" ten="367,175,177,281" oya="2" hai0="119,78,118,14,9,57,39,50,58,88,18,6,28" hai1="89,80,105,122,124,81,75,68,98,67,86,114,16" hai2="71,8,35,115,108,87,111,92,61,84,117,59,7" hai3="63,24,85,31,125,41,66,128,69,76,62,47,20"/><V19/><F117/><N who="0" m="44554" /><D39/><U116/><E116/><V103/><F35/><W12/><G125/><T79/><D28/><U90/><E122/><V96/><F71/><W73/><G128/><T121/><D121/><U97/><E68/><V70/><F19/><W37/><G62/><T129/><D129/><U27/><E67/><N who="2" m="39359" /><F70/><W135/><G135/><T34/><D34/><U13/><E124/><V38/><F38/><W120/><G120/><T126/><D126/><U113/><E27/><V36/><F36/><W5/><G73/><T54/><D88/><U77/><E97/><V74/><F74/><W49/><G37/><T104/><D104/><U43/><E43/><V127/><F127/><W32/><G5/><T72/><D72/><U60/><E60/><V42/><F42/><W30/><G30/><T130/><D130/><U23/><REACH who="1" step="1"/><E105/><REACH who="1" ten="367,165,177,281" step="2"/><V82/><F82/><W132/><G63/><T26/><D26/><U17/><E17/><V101/><F101/><W56/><G66/><T48/><D18/><U110/><E110/><N who="2" m="42027" /><F115/><W94/><G69/><T64/><D64/><U21/><E21/><V11/><F11/><W22/><G22/><T33/><D33/><U123/><E123/><V91/><F103/><W107/><G32/><T93/><D9/><U25/><E25/><V3/><AGARI ba="0,1" hai="3,7,8,84,87,91,92,96" m="42027,39359" machi="3" ten="30,3000,0" yaku="14,1,10,1" doraHai="109" who="2" fromWho="2" sc="367,-10,165,-10,177,40,281,-10" /><INIT seed="2,1,0,3,1,129" ten="357,155,217,271" oya="2" hai0="18,77,81,0,99,127,83,10,7,4,124,70,36" hai1="9,76,47,22,45,97,105,55,2,72,5,32,60" hai2="35,39,27,53,110,40,113,51,20,30,125,85,65" hai3="131,103,115,61,64,6,19,114,112,25,92,75,14"/><V86/><F113/><W107/><G131/><T57/><D70/><U80/><E32/><V96/><F125/><N who="0" m="48202" /><D36/><U11/><E22/><V15/><F110/><W42/><G75/><T73/><D7/><U56/><E105/><V93/><F65/><W38/><G107/><T119/><D119/><U101/><REACH who="1" step="1"/><E11/><REACH who="1" ten="357,145,217,271" step="2"/><V121/><F121/><W126/><G126/><T91/><D10/><U44/><E44/><N who="2" m="27879" /><F35/><W23/><G23/><T87/><D0/><U98/><E98/><V95/><F39/><W123/><G38/><T102/><D99/><U52/><E52/><V134/><F40/><W31/><G42/><T1/><D1/><U29/><E29/><V135/><F15/><W68/><G14/><T34/><D34/><U16/><E16/><V3/><F3/><W90/><G19/><T63/><D18/><U49/><E49/><V66/><F66/><W74/><G64/><N who="0" m="39023" /><D4/><U84/><E84/><N who="2" m="32363" /><F96/><W117/><G114/><T94/><D102/><U50/><E50/><V21/><F20/><W82/><G115/><T128/><D128/><U109/><E109/><V67/><F67/><W79/><G112/><T130/><D130/><U69/><E69/><V41/><F41/><W48/><G68/><T111/><D111/><U118/><E118/><V133/><AGARI ba="1,1" hai="21,27,30,93,95,133,134,135" m="32363,27879" machi="133" ten="40,12000,1" yaku="20,1,52,3" doraHai="129" who="2" fromWho="2" sc="357,-41,145,-41,217,133,271,-41" /><INIT seed="2,2,0,3,0,6" ten="316,104,350,230" oya="2" hai0="40,133,70,34,90,129,20,124,94,60,130,74,58" hai1="109,110,77,21,56,135,128,35,43,50,73,105,41" hai2="85,31,113,54,117,131,80,104,87,26,76,49,98" hai3="114,67,100,24,57,36,17,22,19,66,71,39,96"/><V30/><F113/><W93/><G114/><T42/><D34/><U32/><E77/><V123/><F123/><W81/><G71/><T112/><D112/><U8/><E21/><V1/><F117/><W91/><G39/><T72/><D70/><U16/><E105/><V89/><F1/><W61/><G36/><T127/><D20/><U3/><E73/><V10/><F131/><N who="0" m="50186" /><D74/><U99/><E128/><V106/><F10/><W116/><G116/><T13/><D13/><N who="1" m="7207" /><E3/><V23/><F31/><N who="3" m="17815" /><G66/><N who="0" m="39191" /><D72/><U14/><E135/><V115/><F98/><W37/><G37/><T62/><D62/><U15/><E35/><V75/><F75/><W51/><G51/><T125/><D133/><U78/><E32/><V7/><F7/><W65/><G65/><T121/><D121/><U63/><E78/><V108/><F115/><W33/><G33/><T46/><D46/><N who="1" m="25935" /><E43/><V83/><REACH who="2" step="1"/><F108/><REACH who="2" ten="316,104,340,230" step="2"/><N who="1" m="41577" /><E99/><AGARI ba="2,1" hai="40,42,90,94,99,124,125,127" m="39191,50186" machi="99" ten="40,2600,0" yaku="18,1,19,1" doraHai="6" who="0" fromWho="1" sc="316,42,104,-32,340,0,230,0" /><INIT seed="3,0,0,4,2,78" ten="358,72,340,230" oya="3" hai0="47,62,48,26,95,42,109,122,120,91,16,117,0" hai1="38,1,104,35,88,50,93,41,30,131,66,90,7" hai2="37,98,25,53,6,135,70,126,57,61,105,54,72" hai3="15,12,107,24,28,79,119,132,19,116,89,10,56"/><W46/><G107/><T84/><D117/><U94/><E131/><V34/><F37/><W43/><G132/><T113/><D109/><U81/><E104/><V13/><F70/><W75/><G56/><T40/><D0/><U58/><E38/><V92/><F135/><W51/><G89/><T123/><D113/><U68/><E1/><V2/><F105/><W60/><G60/><T14/><D26/><U125/><E125/><V22/><F126/><W108/><G108/><T71/><D42/><U121/><E121/><V86/><F72/><W8/><G79/><T100/><D100/><U44/><E68/><V73/><F73/><W18/><REACH who="3" step="1"/><G75/><REACH who="3" ten="358,72,340,220" step="2"/><T31/><D62/><U83/><E7/><V114/><F61/><W55/><G55/><T127/><D71/><U80/><E66/><V77/><F53/><W134/><G134/><T102/><D127/><U128/><E128/><V64/><F54/><W103/><G103/><T59/><D102/><U99/><E58/><V97/><F57/><W85/><G85/><T110/><D110/><U69/><E69/><V49/><F86/><W67/><G67/><T96/><D59/><U36/><E36/><V76/><F64/><W101/><G101/><T130/><D130/><U112/><E112/><V5/><F77/><W111/><G111/><T65/><D65/><U4/><E4/><V87/><F6/><W20/><AGARI ba="0,1" hai="8,10,12,15,18,19,20,24,28,43,46,51,116,119" machi="20" ten="20,7800,0" yaku="1,1,0,1,7,1,9,1,53,0" doraHai="78" doraHaiUra="3" who="3" fromWho="3" sc="358,-26,72,-26,340,-26,220,88" /><INIT seed="3,1,0,2,2,39" ten="332,46,314,308" oya="3" hai0="20,98,9,96,30,133,134,135,111,47,11,37,8" hai1="89,117,97,3,51,87,88,52,94,59,118,114,36" hai2="21,130,100,112,15,76,19,34,83,91,71,121,82" hai3="24,10,68,122,99,93,18,102,17,23,50,131,42"/><W48/><G122/><T62/><D111/><U85/><E3/><V13/><F71/><W92/><G68/><T127/><D127/><U45/><E114/><V43/><F34/><W5/><G131/><T105/><D62/><U107/><E107/><V56/><F112/><W73/><G73/><T67/><D67/><U120/><E97/><N who="0" m="37481" /><D105/><U78/><E78/><V75/><F130/><W63/><G63/><T72/><D72/><U16/><E120/><V7/><F121/><W77/><G77/><T124/><D124/><U125/><E125/><V58/><F100/><W53/><G92/><T38/><D47/><U6/><E6/><V4/><F43/><W65/><G65/><T29/><D20/><U106/><E106/><V14/><F82/><W31/><G42/><T81/><D81/><U12/><E36/><AGARI ba="1,0" hai="8,9,11,29,30,36,37,38,133,134,135" m="37481" machi="36" ten="40,5200,0" yaku="28,2,20,1" doraHai="39" who="0" fromWho="1" sc="332,55,46,-55,314,0,308,0" owari="387,48.7,-9,-50.9,314,11.4,308,-9.2" /></mjloggm>