<mjloggm ver="2.3"><GO type="225" lobby="0"/><UN n0="%E3%80%90%E3%83%88%E3%83%AA%E3%83%A5%E3%83%95%E3%80%91" n1="%6D%75%75%73%61%6E%6D%75" n2="%E3%81%AA%E3%82%81%E3%81%93%E9%9B%80%E5%A3%AB" n3="%E5%8F%AF%E5%85%90%E9%82%A3%E7%94%B1%E5%A4%9A" dan="16,17,16,16" rate="2037.03,2168.99,2025.34,2089.74" sx="M,F,M,F"/><TAIKYOKU oya="0"/><INIT seed="0,0,0,1,1,51" ten="250,250,250,250" oya="0" hai0="32,105,55,5,66,18,45,52,131,34,103,75,126" hai1="53,100,54,42,124,90,6,2,93,115,9,4,84" hai2="67,10,23,85,30,106,47,37,98,28,123,57,133" hai3="0,56,113,25,14,81,44,19,59,15,114,91,125"/><T109/><D131/><U82/><E124/><V86/><F123/><W132/><G0/><T62/><D126/><U104/><E104/><V73/><F73/><W108/><G125/><T3/><D75/><U94/><E115/><V72/><F72/><W79/><G108/><T29/><D18/><U41/><E6/><V43/><F133/><W122/><G132/><T65/><D65/><U99/><REACH who="1" step="1"/><E93/><REACH who="1" ten="250,240,250,250" step="2"/><V40/><F106/><W95/><G114/><T8/><D109/><U63/><E63/><V38/><F38/><W48/><G113/><T121/><D121/><U46/><E46/><V49/><F47/><W17/><G122/><T21/><D45/><U24/><E24/><V70/><F37/><W80/><G25/><N who="0" m="18479" /><D34/><U11/><E11/><V130/><F10/><W128/><G44/><T22/><D22/><U16/><E16/><V89/><F23/><W68/><G19/><T129/><D21/><U83/><E83/><V87/><F43/><AGARI ba="0,1" hai="2,4,9,41,42,43,53,54,82,84,90,94,99,100" machi="43" ten="40,5200,0" yaku="1,1,52,2,53,0" doraHai="51" doraHaiUra="58" who="1" fromWho="2" sc="250,0,240,62,250,-52,250,0" /><INIT seed="1,0,0,0,1,41" ten="250,302,198,250" oya="1" hai0="108,25,122,58,91,64,79,71,75,116,84,110,44" hai1="87,48,37,101,0,105,2,8,85,10,30,38,113" hai2="47,118,59,56,98,43,92,121,97,82,132,63,3" hai3="129,100,1,22,117,46,27,111,95,20,88,93,9"/><U11/><E113/><V50/><F118/><W45/><G117/><T69/><D116/><U23/><E105/><V127/><F121/><W33/><G33/><T14/><D25/><U70/><E70/><V61/><F3/><W102/><G111/><N who="0" m="42539" /><D122/><U66/><E66/><V94/><F127/><W115/><G115/><T26/><D26/><U16/><E101/><N who="3" m="39018" /><G1/><T49/><D14/><U114/><E30/><V86/><F132/><W7/><G129/><T107/><D79/><U73/><E73/><V109/><F109/><W6/><G95/><N who="2" m="36393" /><F63/><W52/><G20/><T18/><D18/><U67/><E114/><V78/><F59/><W134/><G134/><T5/><D5/><N who="3" m="1545" /><G9/><T119/><D119/><U51/><E2/><V29/><F29/><N who="3" m="17655" /><G52/><AGARI ba="0,0" hai="43,47,50,52,56,61,78,82,86,97,98" m="36393" machi="52" ten="30,3900,0" yaku="8,1,52,1,54,1" doraHai="41" who="2" fromWho="3" sc="250,0,302,0,198,39,250,-39" /><INIT seed="2,0,0,3,3,64" ten="250,302,237,211" oya="2" hai0="94,6,79,129,71,114,97,10,125,103,132,22,57" hai1="36,43,130,99,81,119,28,14,56,16,109,80,39" hai2="88,102,20,4,45,87,48,113,34,9,123,49,133" hai3="76,33,95,116,72,12,1,32,2,74,44,90,121"/><V89/><F113/><W70/><G116/><T23/><D114/><U107/><E119/><V29/><F34/><W111/><G121/><T65/><D129/><U54/><E130/><V30/><F133/><W62/><G111/><T0/><D125/><U105/><E109/><V13/><F102/><W67/><G12/><T134/><D57/><U58/><E28/><V104/><F104/><W86/><G32/><T7/><D7/><U82/><E58/><V75/><F75/><W120/><G120/><T124/><D79/><U18/><E18/><V26/><F123/><W38/><G33/><T5/><D5/><U51/><E43/><V47/><F30/><W77/><G77/><T84/><D84/><U19/><E19/><V3/><F3/><W8/><G8/><T40/><D40/><U66/><E66/><V78/><F48/><W128/><G128/><T115/><D124/><U17/><E17/><V96/><F96/><W27/><G27/><T55/><D55/><U122/><E122/><V112/><F47/><W92/><G72/><T85/><D85/><U91/><E105/><V127/><F127/><W73/><G73/><T21/><REACH who="0" step="1"/><D115/><REACH who="0" ten="240,302,237,211" step="2"/><U53/><E54/><N who="2" m="29999" /><F112/><W25/><G74/><T52/><D52/><U117/><E53/><V31/><F31/><W15/><G44/><T46/><D46/><U42/><E42/><V118/><F118/><W126/><G126/><T83/><D83/><AGARI ba="0,1" hai="4,9,13,20,26,29,78,83,87,88,89" m="29999" machi="83" ten="30,2900,0" yaku="8,1,54,1" doraHai="64" who="2" fromWho="0" sc="240,-29,302,0,237,39,211,0" /><INIT seed="2,1,0,3,1,76" ten="211,302,276,211" oya="2" hai0="25,60,19,62,37,22,24,93,40,102,134,11,135" hai1="18,122,130,45,66,96,111,103,132,23,112,120,67" hai2="121,59,72,20,83,0,80,31,113,6,92,109,125" hai3="74,9,128,21,105,52,79,33,84,27,87,44,97"/><V51/><F113/><W5/><G33/><T104/><D104/><U29/><E112/><V55/><F121/><N who="1" m="46697" /><E111/><V58/><F72/><W68/><G68/><T78/><D78/><U1/><E130/><V116/><F116/><W123/><G123/><T14/><D40/><U61/><E132/><N who="0" m="50729" /><D37/><U54/><E1/><V10/><F125/><W91/><G128/><T70/><D70/><U7/><E7/><V4/><F4/><W86/><G74/><T36/><D36/><U88/><E29/><V114/><F114/><W13/><G79/><T2/><D2/><U73/><E73/><V110/><F92/><N who="3" m="56479" /><G105/><T16/><D25/><N who="1" m="14583" /><E103/><V115/><F115/><W82/><G27/><T131/><D131/><U100/><E100/><V108/><F59/><W99/><G21/><T118/><D118/><U106/><E106/><V42/><F42/><W119/><G119/><T28/><D28/><U117/><E117/><V101/><F101/><W12/><G12/><T41/><D41/><U39/><E39/><V50/><F50/><N who="3" m="28743" /><G99/><AGARI ba="1,0" hai="11,14,16,19,22,24,60,62,93,99,102" m="50729" machi="99" ten="30,2000,0" yaku="20,1,54,1" doraHai="76" who="0" fromWho="3" sc="211,23,302,0,276,0,211,-23" /><INIT seed="3,0,0,1,5,85" ten="234,302,276,188" oya="3" hai0="68,89,43,83,73,31,108,0,48,51,65,39,25" hai1="80,40,64,106,47,22,78,128,54,67,49,10,110" hai2="132,125,58,50,70,120,27,8,72,93,56,88,134" hai3="114,53,37,55,42,76,35,41,100,33,74,7,57"/><W46/><G114/><T75/><D108/><U21/><E110/><V97/><F125/><W123/><G123/><T84/><D0/><U60/><E106/><V127/><F127/><W34/><G42/><T126/><D126/><U103/><E128/><V11/><F70/><W16/><G7/><T63/><D39/><U115/><E115/><V109/><F72/><W59/><G100/><T92/><D43/><U2/><E103/><V118/><F118/><W13/><G59/><N who="2" m="22569" /><F109/><W14/><G14/><T105/><D105/><U15/><E2/><V111/><F111/><W23/><REACH who="3" step="1"/><G57/><REACH who="3" ten="234,302,276,178" step="2"/><T124/><D124/><U96/><E40/><V130/><F120/><W101/><G101/><T20/><REACH who="0" step="1"/><D73/><REACH who="0" ten="224,302,276,178" step="2"/><N who="1" m="43087" /><E15/><V135/><F130/><W69/><G69/><T95/><D95/><U112/><E112/><V36/><F36/><W18/><G18/><T52/><D52/><U133/><E54/><V117/><F117/><W82/><AGARI ba="0,2" hai="13,16,23,33,34,35,37,41,46,53,55,74,76,82" machi="82" ten="40,7800,0" yaku="1,1,0,1,54,1,53,0" doraHai="85" doraHaiUra="24" who="3" fromWho="3" sc="224,-26,302,-26,276,-26,178,98" /><INIT seed="3,1,0,5,2,91" ten="198,276,250,276" oya="3" hai0="110,49,59,87,45,41,79,42,71,89,94,121,37" hai1="84,69,5,77,116,64,102,107,22,31,6,29,50" hai2="30,123,98,99,23,125,20,47,130,34,11,46,66" hai3="92,58,75,26,80,51,72,68,52,93,63,135,76"/><W0/><G0/><T108/><D121/><U12/><E69/><V43/><F34/><W27/><G75/><T119/><D119/><U85/><E116/><V2/><F130/><W9/><G135/><T90/><D71/><U4/><E107/><V78/><F47/><W36/><G36/><T83/><D90/><U57/><E102/><V67/><F78/><W124/><G124/><T131/><D131/><U39/><E39/><V109/><F109/><W19/><G26/><T48/><D37/><U38/><E38/><V88/><F11/><W44/><G68/><T104/><D104/><U112/><E112/><V133/><F2/><W134/><G134/><T56/><D108/><U115/><E115/><V3/><F3/><W14/><G27/><T126/><D126/><U8/><E22/><N who="2" m="8235" /><F30/><N who="1" m="11273" /><E77/><V74/><F74/><W18/><G18/><T127/><D127/><U81/><E81/><V96/><F133/><W21/><G21/><T62/><D110/><U28/><E28/><V35/><F35/><W15/><G15/><T60/><D60/><N who="1" m="37903" /><E50/><N who="2" m="26975" /><F123/><W129/><G129/><T54/><D59/><U95/><E84/><V113/><F113/><W73/><G73/><T65/><REACH who="0" step="1"/><D49/><REACH who="0" ten="188,276,250,276" step="2"/><U105/><E105/><V82/><F125/><W122/><G122/><T33/><D33/><U55/><E95/><V53/><F67/><AGARI ba="1,1" hai="9,14,19,44,51,52,58,63,67,72,76,80,92,93" machi="67" ten="30,11600,0" yaku="7,1,52,2,54,1" doraHai="91" who="3" fromWho="2" sc="188,0,276,0,250,-119,276,129" owari="188,-21.2,276,7.6,131,-36.9,405,50.5" /></mjloggm>