<mjloggm ver="2.3"><GO type="225" lobby="0"/><UN n0="%E6%A1%9C%E8%8A%B1%E9%96%83%E3%80%85" n1="%6D%75%75%6D%75%72%61" n2="%E3%82%82%E3%81%90%E3%82%89" n3="%E5%AF%82%E5%AF%9E%E3%82%AE%E3%83%8D%E3%82%B9%E3%83%93%E3%83%BC%E3%83%AB" dan="18,16,17,16" rate="2270.53,2140.12,2189.91,2156.64" sx="M,F,M,M"/><TAIKYOKU oya="0"/><INIT seed="0,0,0,0,4,38" ten="250,250,250,250" oya="0" hai0="0,119,48,70,44,18,116,5,95,66,92,80,46" hai1="132,20,59,121,101,77,40,107,15,100,88,7,10" hai2="118,6,2,14,47,97,1,114,82,27,72,60,105" hai3="25,9,125,22,12,61,104,113,13,81,63,21,62"/><T124/><D124/><U117/><E117/><V53/><F114/><W99/><G113/><T129/><D129/><U24/><E121/><V54/><F118/><W4/><G125/><T134/><D134/><U110/><E110/><V106/><F27/><W8/><G104/><T41/><D116/><U133/><E77/><V37/><F60/><W69/><G69/><T74/><D119/><U123/><E123/><V33/><F33/><W11/><G99/><T71/><D18/><U96/><E59/><V36/><F14/><N who="3" m="5739" /><G4/><T90/><D95/><N who="1" m="56423" /><E107/><V122/><F122/><W31/><G81/><T45/><D80/><U109/><E109/><V49/><F106/><W57/><G22/><T115/><D74/><U78/><E78/><V79/><F1/><W98/><G98/><T16/><D115/><U86/><E86/><V87/><F97/><W55/><AGARI ba="0,0" hai="8,9,11,21,25,31,55,57,61,62,63" m="5739" machi="55" ten="30,1100,0" yaku="8,1" doraHai="38" who="3" fromWho="3" sc="250,-5,250,-3,250,-3,250,11" /><INIT seed="1,0,0,4,5,116" ten="245,247,247,261" oya="1" hai0="48,28,71,95,74,107,106,101,47,78,108,67,91" hai1="82,4,13,83,115,73,112,99,22,134,89,10,9" hai2="129,64,63,104,37,88,45,72,131,77,11,26,1" hai3="69,110,20,133,25,109,57,35,81,15,27,59,49"/><U127/><E127/><V126/><F104/><W53/><G69/><T8/><D28/><U93/><E134/><V30/><F126/><W98/><G133/><T5/><D108/><N who="3" m="41577" /><G98/><T79/><D71/><U3/><E22/><V38/><F72/><W117/><G117/><T123/><D67/><U24/><E24/><N who="3" m="9290" /><G81/><T51/><D51/><U92/><E92/><V87/><F77/><W21/><G35/><T0/><D101/><U135/><E135/><V50/><F1/><W113/><G113/><T80/><D123/><U90/><E73/><V118/><F11/><W65/><G15/><T94/><D79/><U85/><REACH who="1" step="1"/><E83/><REACH who="1" ten="245,237,247,261" step="2"/><N who="2" m="49279" /><F118/><W41/><G20/><T31/><D95/><U14/><E14/><V121/><F26/><W84/><G21/><T56/><D31/><U2/><E2/><V55/><F30/><W6/><G84/><T23/><D23/><U40/><E40/><V76/><F131/><W58/><G41/><N who="0" m="24687" /><D107/><U33/><E33/><V125/><F129/><W97/><G97/><T19/><D106/><U70/><E70/><V44/><F125/><W111/><G111/><T12/><D0/><U102/><E102/><V120/><F120/><W18/><G65/><T17/><D94/><U54/><E54/><V34/><F121/><W7/><G53/><T46/><D74/><U62/><E62/><V66/><F34/><W52/><G52/><T105/><D105/><U61/><E61/><V86/><F66/><W36/><G36/><T122/><D122/><U100/><E100/><V16/><F64/><W29/><G49/><T68/><D68/><U124/><E124/><RYUUKYOKU ba="0,1" sc="245,-10,237,30,247,-10,261,-10" hai1="3,4,9,10,13,82,85,89,90,93,99,112,115" /><INIT seed="1,1,1,5,4,129" ten="235,267,237,251" oya="1" hai0="78,10,25,79,65,32,97,4,112,29,16,45,19" hai1="74,50,72,41,2,131,124,6,92,22,64,12,35" hai2="115,9,96,62,100,122,56,26,105,30,27,126,48" hai3="123,135,113,104,134,107,82,103,110,101,71,119,98"/><U83/><E131/><V8/><F122/><W21/><G123/><T86/><D112/><U75/><E35/><V130/><F130/><W1/><G113/><T38/><D65/><U99/><E124/><V61/><F115/><W118/><G1/><T37/><D97/><U66/><E2/><V111/><F126/><W44/><G71/><T52/><D38/><U80/><E41/><V18/><F111/><W127/><G127/><T88/><D37/><U76/><E50/><V89/><F89/><W70/><G70/><T24/><D24/><U59/><E59/><V69/><F69/><W23/><G82/><N who="0" m="49239" /><D19/><U84/><E80/><V54/><F27/><W33/><G33/><T58/><D4/><U114/><E114/><V17/><F17/><W68/><G68/><T91/><D91/><U90/><REACH who="1" step="1"/><E22/><REACH who="1" ten="235,257,237,251" step="2"/><N who="3" m="8202" /><G44/><T55/><D58/><U5/><E5/><V42/><F56/><W13/><G110/><T117/><D45/><U116/><E116/><N who="3" m="44586" /><G13/><N who="0" m="7223" /><D117/><U67/><E67/><V39/><F39/><W77/><G77/><T51/><D55/><U120/><E120/><V46/><F46/><W15/><G15/><T81/><D81/><U43/><E43/><V40/><F42/><W0/><G0/><T60/><D79/><U108/><E108/><V53/><F53/><W128/><G128/><T20/><D78/><U109/><E109/><V85/><F54/><W3/><G3/><T47/><D60/><U121/><E121/><V11/><F40/><W125/><G125/><T87/><D32/><U57/><E57/><V31/><F62/><W36/><G36/><T133/><D47/><RYUUKYOKU ba="1,2" sc="235,-15,257,15,237,-15,251,15" hai1="6,12,64,66,72,74,75,76,83,84,90,92,99" hai3="98,101,103,104,107,134,135" /><INIT seed="1,2,2,5,2,12" ten="220,272,222,266" oya="1" hai0="116,63,16,24,1,8,4,118,117,58,129,94,54" hai1="76,55,75,110,43,29,28,31,86,115,60,61,6" hai2="109,52,44,5,105,57,83,103,90,113,73,82,67" hai3="0,34,131,21,121,23,32,7,68,96,40,47,42"/><U77/><E115/><V10/><F109/><W134/><G121/><T38/><D38/><U111/><E75/><V48/><F113/><W14/><G68/><T53/><D129/><U18/><E6/><V124/><F124/><W93/><G131/><T15/><D94/><U84/><E43/><V49/><F73/><W13/><G134/><T88/><D24/><U20/><E55/><V71/><F71/><W79/><G79/><N who="1" m="30282" /><E18/><V56/><F90/><W101/><G0/><T46/><D88/><U99/><E99/><V128/><F103/><W36/><G42/><T51/><REACH who="0" step="1"/><D117/><REACH who="0" ten="210,272,222,266" step="2"/><U64/><E111/><V11/><F128/><W127/><G127/><T122/><D122/><U123/><E110/><V91/><F91/><W59/><G96/><T92/><D92/><U81/><E123/><V2/><F83/><W25/><G93/><T102/><D102/><U80/><E80/><V3/><F82/><W107/><G101/><T9/><AGARI ba="2,3" hai="1,4,8,9,15,16,46,51,53,54,58,63,116,118" machi="9" ten="20,8000,1" yaku="1,1,0,1,7,1,52,1,54,1,53,0" doraHai="12" doraHaiUra="104" who="0" fromWho="0" sc="210,116,272,-42,222,-22,266,-22" /><INIT seed="2,0,0,2,4,112" ten="326,230,200,244" oya="2" hai0="28,103,129,72,128,100,111,90,84,32,8,67,131" hai1="107,70,11,102,21,22,26,2,116,95,88,89,33" hai2="98,30,55,115,123,48,31,52,114,130,44,85,40" hai3="105,74,0,51,3,86,1,109,41,27,35,17,64"/><V81/><F123/><W92/><G74/><T43/><D111/><U60/><E116/><V99/><F130/><W53/><G105/><T119/><D119/><U46/><E46/><V18/><F115/><W87/><G41/><T14/><D72/><U80/><E80/><V13/><F114/><W108/><G64/><T124/><D124/><U63/><E2/><V56/><F99/><W79/><G79/><T57/><D43/><U62/><E70/><V113/><F98/><W23/><G35/><T76/><D76/><U83/><E107/><V66/><F66/><W38/><G38/><T9/><D28/><U54/><E33/><V34/><F34/><W120/><G120/><T93/><D32/><U134/><E11/><N who="0" m="4169" /><D14/><U58/><E134/><V82/><F113/><W7/><G7/><T12/><D12/><U94/><E102/><V6/><F6/><W73/><G73/><T91/><D91/><N who="1" m="34891" /><E83/><N who="2" m="31755" /><F85/><W96/><G87/><T77/><D77/><U24/><E24/><V125/><F125/><W126/><G86/><T97/><D84/><U20/><E26/><V37/><F37/><W61/><G126/><T106/><D106/><U29/><E29/><V78/><F78/><W110/><G0/><T71/><D71/><U25/><E25/><V101/><F101/><N who="3" m="60551" /><G61/><AGARI ba="0,0" hai="57,61,67,90,93,97,100,103,128,129,131" m="4169" machi="61" ten="40,1300,0" yaku="19,1" doraHai="112" who="0" fromWho="3" sc="326,13,230,0,200,0,244,-13" /><AGARI ba="0,0" hai="20,21,22,54,58,60,61,62,63,94,95" m="34891" machi="61" ten="30,2000,0" yaku="8,1,54,1" doraHai="112" who="1" fromWho="3" sc="339,0,230,20,200,0,231,-20" /><INIT seed="3,0,0,1,1,99" ten="339,250,200,211" oya="3" hai0="51,36,40,92,121,126,130,2,58,112,0,89,124" hai1="15,38,54,59,19,44,78,101,45,116,132,127,122" hai2="88,91,53,110,123,68,114,60,119,81,27,96,62" hai3="57,48,86,134,118,111,25,64,109,21,65,106,34"/><W85/><G118/><T29/><D121/><U35/><E122/><V108/><F119/><W1/><G1/><T87/><D130/><U13/><E35/><V76/><F123/><W80/><G106/><T100/><D112/><U37/><E78/><V26/><F114/><W82/><G34/><T98/><D36/><U66/><E66/><N who="3" m="25706" /><G48/><T42/><D29/><U71/><E71/><V135/><F135/><W14/><G57/><T84/><D84/><N who="3" m="32361" /><G14/><T33/><D33/><U83/><E13/><V52/><F68/><W9/><G9/><T63/><D51/><U73/><E37/><V32/><F32/><W133/><G80/><N who="0" m="49383" /><D2/><U22/><E59/><V8/><F8/><W70/><G82/><T117/><D0/><U50/><E15/><V67/><F67/><W113/><G70/><T77/><D77/><U105/><E105/><V46/><F81/><W16/><G113/><T75/><D75/><U104/><E38/><V28/><F76/><W12/><G12/><T11/><D11/><U131/><E83/><V128/><F128/><W5/><G5/><T95/><D95/><U55/><E73/><V10/><F10/><W17/><G17/><T102/><D58/><U56/><E131/><V94/><F94/><W6/><G6/><T107/><D63/><U125/><E104/><V39/><F39/><W18/><G18/><T93/><D107/><U120/><E120/><V47/><F28/><W24/><G24/><T69/><D69/><U43/><E19/><V4/><F4/><W49/><G49/><T7/><D117/><U72/><E72/><V97/><AGARI ba="0,0" hai="26,27,46,47,52,53,60,62,88,91,96,97,108,110" machi="97" ten="25,12000,2" yaku="5,1,0,1,22,2,54,2" doraHai="99" who="2" fromWho="2" sc="339,-30,250,-30,200,120,211,-60" owari="309,10.9,220,-18.0,320,42.0,151,-34.9" /></mjloggm>