<mjloggm ver="2.3"><GO type="225" lobby="0"/><UN n0="%E7%82%8E%E3%81%AE%E3%83%88%E3%83%AC%E3%83%BC%E3%83%80%E3%83%BC" n1="%6E%69%63%6F%6E%74%6F" n2="%6A%70%74%77%61%32" n3="%E9%B3%B3%E6%9D%B1%E3%81%AE%E3%81%86%E3%81%95%E3%81%8E%E3%81%95%E3%82%93" dan="16,17,16,16" rate="2132.70,2127.99,2054.62,2261.71" sx="M,M,M,M"/><TAIKYOKU oya="0"/><INIT seed="0,0,0,5,2,23" ten="250,250,250,250" oya="0" hai0="115,25,32,67,133,18,87,5,47,116,134,77,63" hai1="45,28,46,88,44,120,6,125,72,128,30,49,14" hai2="132,33,92,73,98,16,9,35,12,114,123,113,108" hai3="75,103,121,42,85,10,131,71,66,17,91,36,90"/><T83/><D116/><U57/><E120/><V27/><F73/><W124/><G75/><T82/><D115/><N who="2" m="44042" /><F92/><W130/><G121/><T39/><D5/><U59/><E72/><V60/><F98/><W13/><G124/><T117/><D117/><U69/><E69/><V2/><F123/><W122/><G122/><T40/><D83/><U20/><E125/><V105/><F105/><W1/><G103/><T111/><D111/><U93/><E128/><N who="3" m="49194" /><G1/><T7/><D7/><U135/><E135/><V4/><F60/><N who="3" m="40391" /><G85/><T100/><D100/><U107/><E107/><V106/><F106/><W84/><G84/><T50/><D39/><U0/><E0/><V22/><F132/><W81/><G81/><T76/><D76/><U109/><E109/><V53/><F53/><W43/><G43/><T61/><D61/><U54/><E59/><V102/><F102/><W95/><G95/><T15/><D63/><U127/><E127/><V3/><F108/><W94/><G94/><T56/><D56/><U58/><E58/><V78/><F78/><W31/><G31/><T86/><D67/><U126/><E126/><V79/><F79/><W118/><G118/><T52/><D40/><U29/><E29/><N who="2" m="19647" /><F35/><W62/><G62/><T8/><D87/><N who="1" m="52383" /><E6/><V26/><AGARI ba="0,0" hai="2,3,4,9,12,16,22,26" m="19647,44042" machi="26" ten="30,8000,1" yaku="34,2,52,2,54,1" doraHai="23" who="2" fromWho="2" sc="250,-40,250,-20,250,80,250,-20" /><INIT seed="1,0,0,3,5,103" ten="210,230,330,230" oya="1" hai0="88,92,74,56,93,30,9,15,40,66,57,10,49" hai1="8,53,54,43,20,82,7,2,112,39,115,94,110" hai2="13,108,22,79,41,105,87,78,107,12,81,123,3" hai3="132,55,44,70,14,64,83,116,104,29,128,102,17"/><U131/><E131/><V90/><F3/><W77/><G128/><T118/><D74/><U101/><E110/><V33/><F33/><W121/><G121/><T63/><D118/><U73/><E20/><V45/><F123/><W32/><G116/><T58/><D93/><U31/><E31/><V27/><F108/><W24/><G132/><T38/><D38/><U124/><E124/><V76/><F12/><W5/><G5/><T36/><D36/><U85/><E54/><V0/><F13/><W59/><G44/><T46/><D30/><U47/><E53/><V72/><F0/><W51/><G70/><T42/><D42/><U1/><E1/><V18/><REACH who="2" step="1"/><F72/><REACH who="2" ten="210,230,320,230" step="2"/><W60/><G14/><T68/><REACH who="0" step="1"/><D15/><REACH who="0" ten="200,230,320,230" step="2"/><U75/><E75/><V16/><F16/><W62/><G17/><T99/><AGARI ba="0,2" hai="9,10,40,46,49,56,57,58,63,66,68,88,92,99" machi="99" ten="30,7900,0" yaku="1,1,2,1,0,1,54,1,53,0" doraHai="103" doraHaiUra="21" who="0" fromWho="0" sc="200,99,230,-39,320,-20,230,-20" /><INIT seed="2,0,0,0,3,56" ten="299,191,300,210" oya="2" hai0="48,40,106,57,84,21,52,95,119,50,31,113,63" hai1="22,66,26,37,35,64,13,110,86,3,29,97,32" hai2="58,8,53,91,133,85,112,129,87,135,117,11,27" hai3="33,128,15,24,12,38,88,108,77,75,126,62,98"/><V30/><F112/><W96/><G38/><T111/><D106/><U42/><E42/><V9/><BYE who="1" /><F117/><W102/><G108/><T19/><D111/><U71/><E71/><V45/><F45/><W61/><G128/><T39/><D113/><U16/><E16/><V6/><F6/><W54/><G126/><T2/><D2/><U83/><E83/><V114/><F129/><W121/><G121/><T123/><D123/><U60/><E60/><N who="3" m="23146" /><G75/><T134/><D134/><N who="2" m="51210" /><F114/><W89/><G33/><T94/><D31/><U1/><E1/><V104/><F104/><W43/><G77/><T49/><D119/><U122/><E122/><V67/><F67/><W127/><G43/><T103/><D40/><UN n1="%6E%69%63%6F%6E%74%6F" /><U0/><E110/><V47/><F47/><W34/><G34/><T105/><D39/><U115/><E37/><V28/><F91/><N who="3" m="34891" /><G127/><T76/><D105/><U93/><E115/><V79/><F79/><W92/><G98/><T41/><D41/><U23/><E3/><V132/><F132/><W120/><G120/><T101/><D76/><U125/><E0/><V65/><F65/><N who="1" m="25193" /><E35/><N who="2" m="20895" /><F30/><W68/><G68/><T5/><D5/><U72/><E32/><V44/><F44/><W78/><G78/><T100/><D84/><U124/><E86/><V90/><F90/><W4/><G4/><T99/><D99/><U46/><E46/><V82/><F82/><W14/><G54/><T17/><D17/><N who="1" m="10543" /><E72/><V59/><F53/><W10/><G10/><T131/><D131/><U36/><E36/><V81/><F85/><W130/><G130/><T20/><D20/><U74/><E74/><RYUUKYOKU ba="0,0" sc="299,0,191,0,300,0,210,0" hai0="19,21,48,49,50,52,57,63,94,95,100,101,103" hai1="23,26,29,93,97,124,125" hai2="8,9,11,58,59,81,87" hai3="12,14,15,24,92,96,102" /><INIT seed="2,1,0,4,3,81" ten="299,191,300,210" oya="2" hai0="22,60,70,126,34,93,63,53,11,91,104,119,131" hai1="87,44,106,94,59,12,65,31,128,78,134,40,74" hai2="82,0,3,127,33,29,125,129,80,5,56,107,7" hai3="130,25,42,17,112,43,85,28,86,9,95,15,105"/><V114/><F114/><W118/><G130/><T1/><D104/><U124/><E106/><V14/><F107/><W49/><G118/><T109/><D34/><U64/><E74/><V4/><F129/><W71/><G105/><T133/><D131/><U73/><E73/><V55/><F14/><W97/><G71/><T46/><D119/><U116/><E116/><V96/><F96/><W84/><G49/><T79/><D79/><U50/><E128/><V51/><F80/><W30/><G112/><T103/><D103/><U48/><E134/><V98/><F98/><W24/><G24/><T26/><D133/><U6/><E124/><N who="2" m="47691" /><F82/><W52/><G52/><T16/><D126/><U27/><E78/><V92/><F92/><W36/><G36/><T113/><D70/><U111/><E111/><V66/><F66/><W61/><G61/><T37/><D109/><U132/><E132/><V32/><F29/><N who="3" m="11371" /><G25/><T57/><D113/><U101/><E27/><V99/><F99/><W68/><G68/><T108/><D108/><U121/><E31/><V2/><AGARI ba="1,0" hai="0,2,3,4,5,7,32,33,51,55,56" m="47691" machi="2" ten="40,2100,0" yaku="18,1" doraHai="81" who="2" fromWho="2" sc="299,-8,191,-8,300,24,210,-8" /><INIT seed="2,2,0,0,0,16" ten="291,183,324,202" oya="2" hai0="31,51,110,10,25,18,47,101,5,34,80,24,13" hai1="127,22,37,20,107,130,113,6,99,39,121,77,85" hai2="114,111,76,57,82,128,46,122,94,112,54,33,40" hai3="12,65,88,120,14,32,11,36,73,91,2,1,35"/><V104/><F104/><W119/><G36/><N who="1" m="13898" /><E113/><V124/><F122/><W17/><G120/><T21/><D110/><U29/><E121/><V55/><F33/><N who="3" m="12875" /><G65/><T123/><D123/><U28/><E85/><V116/><F116/><W70/><G70/><T45/><D101/><U125/><E77/><V30/><F111/><W105/><G105/><T83/><REACH who="0" step="1"/><D47/><REACH who="0" ten="281,183,324,202" step="2"/><U71/><E130/><V103/><F46/><W62/><G119/><T96/><D96/><U53/><E71/><V64/><F128/><W19/><G91/><T134/><D134/><U66/><E66/><V129/><F64/><W92/><G88/><T102/><D102/><N who="1" m="62943" /><E53/><AGARI ba="2,1" hai="5,10,13,18,21,24,25,31,34,45,51,53,80,83" machi="53" ten="30,3900,0" yaku="1,1,7,1,52,1,53,0" doraHai="16" doraHaiUra="93" who="0" fromWho="1" sc="281,55,183,-45,324,0,202,0" /><INIT seed="3,0,0,5,5,93" ten="336,138,324,202" oya="3" hai0="99,117,80,49,31,18,109,102,69,47,28,96,118" hai1="85,30,24,128,43,45,5,36,106,3,78,103,133" hai2="126,111,11,121,68,6,51,34,0,66,132,40,90" hai3="127,71,73,86,70,39,1,29,98,110,113,123,46"/><W81/><G113/><T64/><D109/><U20/><E128/><V37/><F111/><W26/><G110/><T17/><D69/><U21/><E133/><V50/><F132/><W83/><G123/><T119/><D64/><U10/><E85/><V44/><F121/><W122/><G122/><T53/><D80/><U84/><E84/><V33/><F126/><W59/><G127/><T77/><D77/><U104/><E21/><V57/><F68/><W134/><G134/><T55/><D102/><U16/><E30/><V129/><F129/><W79/><G1/><T54/><D47/><U88/><E103/><V72/><F72/><W8/><G8/><T76/><D49/><U38/><E38/><V130/><F130/><W25/><G59/><T60/><D60/><U108/><E108/><V92/><F37/><W62/><G62/><T2/><D76/><U67/><E78/><V105/><F105/><W91/><G25/><T42/><D42/><U87/><REACH who="1" step="1"/><E67/><REACH who="1" ten="336,128,324,202" step="2"/><V82/><F82/><AGARI ba="0,1" hai="3,5,10,16,20,24,36,43,45,82,87,88,104,106" machi="82" ten="30,12000,2" yaku="1,1,2,1,7,1,54,2,53,2" doraHai="93" doraHaiUra="101" who="1" fromWho="2" sc="336,0,128,130,324,-120,202,0" owari="336,43.6,258,5.8,204,-19.6,202,-29.8" /></mjloggm>