<mjloggm ver="2.3"><GO type="225" lobby="0"/><UN n0="%E3%81%B2%E3%81%AA%E3%81%AE%E3%82%8A%E3%81%8F" n1="%E3%81%AF%E3%83%BC%E3%81%A1%E3%82%83%E3%82%93" n2="%E5%B0%8F%E9%B3%A5%E9%81%8A%E7%B7%B4%E7%84%A1%32%31%E6%AD%B3" n3="%72%69%6F%75%63%68%61%6E" dan="17,16,16,16" rate="2238.42,2102.10,2177.37,2153.05" sx="M,F,F,M"/><TAIKYOKU oya="0"/><INIT seed="0,0,0,2,5,38" ten="250,250,250,250" oya="0" hai0="89,63,128,74,118,105,29,13,116,76,134,59,81" hai1="49,129,90,25,82,35,40,80,6,15,9,124,97" hai2="23,87,34,96,71,115,119,93,46,36,131,70,31" hai3="41,73,88,91,21,53,109,84,100,83,56,17,48"/><T61/><D134/><U106/><E129/><V45/><F34/><W51/><G109/><T24/><D105/><U92/><E106/><V18/><F115/><W64/><G73/><T2/><D2/><U69/><E69/><V121/><F121/><W110/><G110/><T3/><D3/><U111/><E111/><V55/><F131/><W108/><G108/><T57/><D128/><U7/><E7/><V43/><F31/><W75/><G75/><T103/><D103/><U77/><E124/><V127/><F87/><W86/><G100/><T14/><D89/><U47/><E35/><V60/><F127/><W1/><G1/><T122/><D122/><U123/><E123/><V27/><F119/><W20/><G64/><T66/><D118/><U99/><E25/><V132/><F132/><W19/><G41/><T130/><D130/><U12/><E12/><V37/><F37/><W85/><G48/><T22/><REACH who="0" step="1"/><D116/><REACH who="0" ten="240,250,250,250" step="2"/><U50/><E77/><V104/><F104/><W65/><G65/><AGARI ba="0,1" hai="13,14,22,24,29,57,59,61,63,65,66,74,76,81" machi="65" ten="30,11600,0" yaku="1,1,2,1,7,1,9,1,53,0" doraHai="38" doraHaiUra="68" who="0" fromWho="3" sc="240,126,250,0,250,0,250,-116" /><INIT seed="0,1,0,4,0,28" ten="366,250,250,134" oya="0" hai0="44,17,72,93,61,43,118,85,89,79,100,128,114" hai1="1,115,113,26,64,91,11,76,6,96,66,126,108" hai2="65,13,15,49,3,57,5,134,92,31,32,122,133" hai3="41,23,59,97,107,69,27,119,109,131,75,36,20"/><T88/><D114/><N who="1" m="43531" /><E108/><V77/><F122/><W35/><G119/><T56/><D100/><U123/><E123/><V121/><F121/><W10/><G69/><T135/><D135/><N who="2" m="51722" /><F77/><W82/><G109/><T4/><D128/><U111/><E111/><V19/><F92/><W110/><G110/><T90/><D4/><U94/><E126/><V130/><F130/><W29/><G131/><T58/><D17/><U12/><E76/><V9/><F65/><N who="1" m="25193" /><E26/><N who="2" m="18551" /><F49/><W50/><G75/><T30/><D79/><U51/><E51/><V40/><F57/><W38/><G82/><T99/><D72/><U70/><E70/><V112/><F40/><W74/><G74/><T53/><D58/><U125/><E125/><V98/><F98/><W24/><G10/><T68/><D68/><U21/><E21/><N who="2" m="11519" /><F112/><W124/><G124/><T102/><D85/><U45/><E45/><V62/><F62/><W8/><G8/><T14/><D44/><U16/><E16/><V25/><F25/><W83/><G83/><T103/><D43/><U60/><E60/><V48/><F48/><W39/><G27/><T63/><D63/><U78/><E78/><V73/><F73/><W37/><N who="3" m="9216" /><DORA hai="117" /><W22/><G41/><T127/><D61/><U95/><E94/><V120/><F120/><W2/><G50/><T46/><D93/><U42/><E42/><V71/><F71/><W106/><G59/><T87/><D56/><U52/><E52/><V18/><F18/><W104/><REACH who="3" step="1"/><G97/><REACH who="3" ten="366,250,250,124" step="2"/><T116/><D99/><U101/><E101/><V47/><F47/><W0/><AGARI ba="1,1" hai="0,2,20,22,23,24,29,35,104,106,107" m="9216" machi="0" ten="70,16000,3" yaku="1,1,2,1,0,1,29,2,52,1,53,2" doraHai="28,117" doraHaiUra="81,34" who="3" fromWho="3" sc="366,-81,250,-41,250,-41,124,173" /><INIT seed="1,0,0,5,4,24" ten="285,209,209,297" oya="1" hai0="109,129,4,23,113,93,54,101,1,117,8,96,75" hai1="92,104,132,78,22,9,16,108,13,7,83,79,90" hai2="17,37,64,133,85,11,52,102,57,68,69,73,0" hai3="82,111,25,28,95,51,131,76,126,38,114,99,65"/><U127/><E104/><V43/><F73/><W12/><G114/><T97/><D113/><U84/><E127/><V70/><F133/><W26/><G126/><T81/><D117/><U119/><E132/><V91/><F102/><W15/><G38/><T77/><D109/><U103/><E108/><V53/><F0/><W39/><G111/><T110/><D110/><U41/><E119/><V94/><F64/><W67/><G39/><T50/><D129/><U6/><E41/><V62/><F43/><W32/><G131/><T120/><D120/><U3/><E7/><V66/><REACH who="2" step="1"/><F37/><REACH who="2" ten="285,209,199,297" step="2"/><W29/><G67/><T31/><D101/><U61/><E103/><V21/><F21/><W88/><G65/><T74/><D75/><U2/><E61/><V47/><F47/><W123/><G123/><T128/><D128/><U19/><E2/><V125/><F125/><W14/><G51/><T20/><D20/><U105/><E105/><V89/><F89/><W121/><G121/><T46/><D74/><U86/><E19/><V63/><F63/><W112/><G112/><T60/><D60/><U27/><E3/><V106/><F106/><W100/><G100/><T56/><D23/><U36/><E36/><V122/><F122/><W135/><G135/><T118/><D1/><U42/><E42/><V87/><F87/><N who="3" m="48583" /><G32/><T44/><D44/><U134/><E134/><V58/><F58/><W115/><G115/><T59/><D46/><U45/><E45/><V80/><F80/><W33/><G33/><T40/><D40/><U55/><E55/><V34/><F34/><W48/><G48/><RYUUKYOKU ba="0,1" sc="285,-30,209,10,199,10,297,10" hai1="6,9,13,16,22,27,78,79,83,84,86,90,92" hai2="11,17,52,53,57,62,66,68,69,70,85,91,94" hai3="12,14,15,25,26,28,29,88,95,99" /><INIT seed="1,1,1,3,5,73" ten="255,219,209,307" oya="1" hai0="128,6,113,22,57,58,124,28,100,82,123,25,132" hai1="102,109,38,126,122,49,110,105,8,66,120,0,70" hai2="97,129,46,9,50,18,16,44,64,117,101,55,32" hai3="107,27,79,91,31,20,114,47,127,63,45,80,34"/><U103/><E38/><V23/><F32/><W15/><G114/><T135/><D113/><U67/><E126/><V104/><F129/><W131/><G127/><T81/><D124/><U62/><E67/><V33/><F33/><W84/><G131/><T43/><D128/><U121/><E49/><V68/><F117/><W92/><G107/><T54/><D43/><U116/><E116/><V48/><F68/><W88/><G63/><T35/><D100/><U83/><E83/><V29/><F64/><W71/><G71/><T76/><D82/><U108/><REACH who="1" step="1"/><E105/><REACH who="1" ten="255,209,209,307" step="2"/><V115/><F115/><W112/><G112/><T2/><D81/><U21/><E21/><V111/><F9/><W5/><G34/><T74/><D22/><U87/><E87/><V13/><F111/><W118/><G118/><T134/><D35/><U26/><E26/><V36/><F36/><W85/><G91/><T93/><D25/><U119/><E119/><V78/><F104/><W86/><G85/><T11/><D11/><AGARI ba="1,2" hai="5,11,15,20,27,31,45,47,79,80,84,86,88,92" machi="11" ten="40,5200,0" yaku="8,1,52,1,54,1" doraHai="73" who="3" fromWho="0" sc="255,-55,209,0,209,0,307,75" /><INIT seed="2,0,0,4,2,86" ten="200,209,209,382" oya="2" hai0="40,73,134,113,76,110,24,18,87,100,69,10,8" hai1="62,4,121,127,48,37,20,74,78,107,103,129,109" hai2="36,54,116,84,122,25,56,23,118,9,51,72,53" hai3="125,12,88,59,16,112,14,66,31,102,41,81,99"/><V58/><F72/><W114/><G125/><T63/><D73/><U128/><E109/><V21/><F36/><W65/><G31/><T123/><D123/><U50/><E37/><V60/><F122/><W77/><G41/><T130/><D110/><U32/><E121/><V22/><F25/><W57/><G88/><T5/><D113/><N who="3" m="43625" /><G57/><T52/><D40/><U94/><E127/><V33/><F33/><W82/><G12/><T119/><D119/><U75/><E32/><V104/><F104/><N who="3" m="63583" /><G59/><T120/><D120/><U111/><E107/><V105/><F105/><W17/><G17/><T0/><D18/><U101/><E111/><V135/><F135/><W19/><G19/><T124/><D134/><U115/><E115/><V126/><F126/><W83/><G77/><T93/><D76/><U49/><E78/><V39/><F39/><W71/><G71/><T133/><D69/><U90/><E4/><V67/><F9/><AGARI ba="0,0" hai="9,14,16,65,66,81,82,83" m="63583,43625" machi="9" ten="30,2000,0" yaku="11,1,54,1" doraHai="86" who="3" fromWho="2" sc="200,0,209,0,209,-20,382,20" /><INIT seed="3,0,0,3,5,110" ten="200,209,189,402" oya="3" hai0="72,112,114,130,18,103,9,17,119,100,51,19,22" hai1="69,134,106,125,28,62,131,26,86,12,20,74,96" hai2="73,61,47,91,129,122,94,128,133,90,82,11,102" hai3="7,84,54,57,39,77,98,46,87,117,93,92,127"/><W10/><G117/><T49/><D119/><U99/><E74/><V4/><F133/><W101/><G127/><T14/><D72/><U53/><E125/><V135/><F135/><W68/><G68/><T27/><D130/><N who="2" m="50282" /><F61/><W71/><G71/><T79/><D79/><U29/><E134/><V121/><F47/><W105/><G39/><T124/><D124/><U52/><E131/><V80/><F102/><N who="0" m="38954" /><D19/><N who="1" m="12575" /><E106/><V111/><F111/><W48/><G46/><T6/><D6/><U16/><E69/><V108/><F108/><W21/><G21/><T76/><D76/><U55/><E86/><N who="2" m="52599" /><F90/><W63/><G63/><T24/><D27/><U65/><E65/><V34/><F34/><W67/><G67/><T113/><AGARI ba="0,0" hai="9,14,17,18,22,24,49,51,112,113,114" m="38954" machi="113" ten="40,8000,1" yaku="11,1,52,3" doraHai="110" who="0" fromWho="0" sc="200,80,209,-20,189,-20,402,-40" owari="280,8.0,189,-21.1,169,-33.1,362,46.2" /></mjloggm>