<mjloggm ver="2.3"><GO type="225" lobby="0"/><UN n0="%E3%82%A2%E3%83%A1%E3%82%A2%E3%83%A9%E3%83%AC" n1="%E3%80%90%E3%83%88%E3%83%AA%E3%83%A5%E3%83%95%E3%80%91" n2="%4B%2E%32%2E%4B%2E" n3="%E7%8B%82%E6%B0%97%E3%81%AE%E7%9E%B3" dan="16,16,17,16" rate="2124.19,2070.89,2197.54,2043.20" sx="M,M,M,F"/><TAIKYOKU oya="0"/><INIT seed="0,0,0,1,0,27" ten="250,250,250,250" oya="0" hai0="94,47,123,96,83,21,16,46,122,4,41,90,121" hai1="69,7,129,127,22,92,128,58,66,55,11,87,23" hai2="3,124,113,13,95,77,20,59,111,80,72,93,134" hai3="2,6,54,24,34,74,97,45,15,76,78,82,61"/><T68/><D68/><U110/><E110/><V86/><F113/><W84/><G2/><T1/><D83/><U112/><E127/><V117/><F124/><W103/><G74/><T102/><D102/><U62/><E112/><V109/><F3/><W131/><G131/><N who="1" m="50250" /><E87/><V18/><F134/><W42/><G54/><T73/><D73/><U52/><E92/><V10/><F117/><W104/><G61/><T19/><D21/><N who="1" m="7691" /><E58/><V108/><F59/><W35/><G24/><T5/><D47/><U36/><E36/><V135/><F135/><W51/><REACH who="3" step="1"/><G78/><REACH who="3" ten="250,250,250,240" step="2"/><T43/><D43/><U48/><E48/><V118/><F118/><W85/><G85/><T70/><D70/><U31/><E31/><V56/><F86/><W106/><G106/><T8/><REACH who="0" step="1"/><D4/><REACH who="0" ten="240,250,250,240" step="2"/><U50/><E50/><AGARI ba="0,2" hai="1,5,8,16,19,41,46,50,90,94,96,121,122,123" machi="50" ten="40,12000,1" yaku="1,1,2,1,54,1,53,2" doraHai="27" doraHaiUra="12" who="0" fromWho="1" sc="240,140,250,-120,250,0,240,0" /><INIT seed="0,1,0,0,1,36" ten="380,130,250,240" oya="0" hai0="101,51,127,82,21,38,120,111,133,96,94,118,46" hai1="81,78,57,117,50,109,41,9,123,4,68,28,2" hai2="15,108,119,100,95,115,93,14,88,92,63,106,45" hai3="1,87,131,34,60,31,105,33,72,132,134,16,39"/><T42/><D118/><U17/><E117/><V40/><F115/><W113/><G72/><T7/><D120/><U12/><E109/><V121/><F121/><W6/><G105/><T70/><D133/><N who="3" m="51305" /><G39/><T91/><D127/><U47/><E123/><V23/><F119/><W55/><G87/><T64/><D111/><U103/><E68/><V52/><F108/><W85/><G85/><T104/><D7/><U71/><E71/><V61/><F106/><W130/><G60/><T116/><D64/><U19/><E28/><V56/><F100/><W44/><G44/><T11/><D11/><U35/><E35/><N who="3" m="13322" /><G55/><T99/><D70/><U77/><E103/><V59/><F88/><W79/><G79/><T0/><D82/><U107/><E107/><V26/><F59/><W25/><G113/><T32/><D38/><U76/><E57/><V29/><REACH who="2" step="1"/><F63/><REACH who="2" ten="380,130,240,240" step="2"/><W102/><G102/><T62/><D62/><U37/><E37/><AGARI ba="1,1" hai="14,15,23,26,29,37,40,45,52,56,61,92,93,95" machi="37" ten="40,8000,1" yaku="1,1,2,1,52,1,54,1,53,0" doraHai="36" doraHaiUra="13" who="2" fromWho="1" sc="380,0,130,-83,240,93,240,0" /><INIT seed="1,0,0,0,5,39" ten="380,47,333,240" oya="1" hai0="79,66,130,33,43,111,4,54,17,113,52,109,48" hai1="37,44,76,133,105,12,84,46,121,95,29,19,100" hai2="77,34,27,53,117,60,40,87,93,106,11,10,5" hai3="50,7,38,67,107,22,86,35,135,64,51,110,13"/><U82/><E121/><V116/><F106/><W47/><G107/><T129/><D113/><U125/><E105/><V68/><F34/><W103/><G35/><T26/><D66/><U59/><E133/><V0/><F27/><W131/><G135/><T134/><D134/><U28/><E125/><V91/><F77/><W120/><G120/><T69/><D69/><U85/><E59/><V122/><F122/><W63/><G103/><T115/><D115/><U70/><E70/><V42/><F11/><W112/><G112/><T56/><D4/><U57/><E57/><V24/><F24/><W124/><G124/><T126/><D126/><U65/><E65/><V61/><F53/><N who="0" m="20586" /><D79/><U104/><E104/><V78/><F78/><W20/><G38/><T2/><D2/><U36/><E36/><V118/><REACH who="2" step="1"/><F61/><REACH who="2" ten="380,47,323,240" step="2"/><W45/><G63/><T75/><D33/><U90/><E100/><V97/><F97/><W119/><G119/><T102/><D102/><U1/><E1/><V80/><F80/><W127/><G127/><T23/><D75/><U81/><E82/><V18/><F18/><W21/><G13/><T123/><D123/><U74/><E74/><V96/><F96/><W25/><G25/><T98/><D98/><U9/><REACH who="1" step="1"/><E37/><REACH who="1" ten="380,37,323,240" step="2"/><V58/><F58/><W71/><G64/><AGARI ba="0,2" hai="0,5,10,40,42,60,64,68,87,91,93,116,117,118" machi="64" ten="40,5200,0" yaku="1,1,52,2,53,0" doraHai="39" doraHaiUra="99" who="2" fromWho="3" sc="380,0,37,0,323,72,240,-52" /><INIT seed="2,0,0,5,1,121" ten="380,37,395,188" oya="2" hai0="97,53,22,129,24,37,111,131,87,20,98,10,117" hai1="17,88,69,70,133,54,94,113,13,74,135,58,31" hai2="68,25,45,59,105,118,57,65,106,115,6,43,66" hai3="62,126,71,81,91,89,21,8,9,16,82,125,32"/><V99/><F115/><W127/><G32/><T80/><D117/><U102/><E113/><V75/><F75/><W84/><G62/><T11/><D37/><U103/><E74/><V134/><F118/><W79/><G71/><T63/><D63/><U61/><E31/><V14/><F106/><W101/><G101/><T27/><D87/><U120/><E120/><V123/><F123/><W95/><G82/><T4/><D80/><U114/><E114/><V44/><F105/><W49/><G49/><T83/><D83/><U35/><E35/><V30/><F99/><W119/><G119/><T28/><D53/><U104/><E70/><V23/><F134/><N who="1" m="51209" /><E69/><V33/><F68/><W107/><G107/><T41/><D41/><U100/><E104/><V48/><F45/><W60/><G60/><T109/><D28/><U78/><E78/><V3/><F3/><W18/><G18/><T0/><D0/><U55/><E55/><V132/><F132/><W38/><G38/><T39/><D39/><U47/><E47/><V90/><F90/><N who="3" m="34315" /><G95/><T77/><D77/><U50/><E61/><V108/><F33/><W64/><G64/><T92/><D92/><U112/><E112/><V12/><F65/><W15/><AGARI ba="0,0" hai="8,9,15,16,21,79,81,84,125,126,127" m="34315" machi="15" ten="40,2700,0" yaku="18,1,54,1" doraHai="121" who="3" fromWho="3" sc="380,-7,37,-7,395,-13,188,27" /><INIT seed="3,0,0,3,2,33" ten="373,30,382,215" oya="3" hai0="70,53,102,107,34,109,23,77,29,88,22,39,93" hai1="67,103,62,31,128,92,126,99,131,61,95,27,133" hai2="75,9,97,49,73,124,41,58,119,40,74,118,2" hai3="16,132,14,110,28,123,26,10,104,18,106,134,6"/><W121/><G106/><T127/><D39/><U105/><E133/><N who="3" m="51306" /><G104/><T37/><D37/><U65/><E126/><V17/><F124/><W47/><G47/><T120/><D120/><N who="3" m="46153" /><G110/><T100/><D70/><U1/><E105/><V78/><F78/><W63/><G63/><T96/><D102/><U35/><E103/><V111/><F111/><W84/><G84/><T55/><D77/><U12/><E12/><V117/><F97/><W116/><G116/><T51/><D109/><U90/><E99/><V114/><F114/><W86/><G86/><T71/><D127/><U36/><E36/><V13/><F2/><W54/><G54/><T21/><D51/><U11/><E35/><V81/><F81/><W24/><G24/><T112/><D112/><U72/><E27/><V125/><F125/><W83/><G83/><T115/><D115/><U45/><E45/><V135/><F135/><W64/><G64/><T20/><D107/><U46/><E46/><V44/><REACH who="2" step="1"/><F58/><REACH who="2" ten="373,30,372,215" step="2"/><W38/><G38/><T66/><D96/><U48/><E31/><V76/><F76/><W8/><G8/><T7/><D29/><U98/><E98/><V52/><AGARI ba="0,1" hai="9,13,17,40,41,44,49,52,73,74,75,117,118,119" machi="52" ten="40,5200,0" yaku="1,1,0,1,54,1,53,0" doraHai="33" doraHaiUra="59" who="2" fromWho="2" sc="373,-13,30,-13,372,62,215,-26" owari="360,16.0,17,-48.3,434,53.4,189,-21.1" /></mjloggm>