<mjloggm ver="2.3"><GO type="225" lobby="0"/><UN n0="%E7%89%B9%E6%9D%B1%E3%81%AF%E4%B8%96%E7%95%8C%E3%82%92%E6%95%91%E3%81%86" n1="%6D%75%75%73%61%6E%6D%75" n2="%33%74%72%65%65" n3="%E9%B3%B3%E6%9D%B1%E3%81%AE%E3%81%86%E3%81%95%E3%81%8E%E3%81%95%E3%82%93" dan="16,16,16,17" rate="2173.34,2153.92,2131.99,2226.88" sx="M,F,F,M"/><TAIKYOKU oya="0"/><INIT seed="0,0,0,1,0,92" ten="250,250,250,250" oya="0" hai0="60,84,70,120,53,125,91,48,24,117,67,27,20" hai1="73,54,47,121,90,128,124,109,78,21,28,2,99" hai2="98,86,7,74,63,94,88,59,23,96,100,85,44" hai3="25,101,57,36,31,39,62,4,83,1,35,0,113"/><T30/><D125/><U8/><E121/><V93/><F74/><W16/><G113/><T33/><D117/><U49/><E124/><V43/><F7/><W46/><G101/><T112/><D112/><U111/><E128/><V22/><F85/><W41/><G39/><T110/><D110/><U5/><E73/><V123/><F123/><W34/><G34/><T10/><D10/><U107/><E78/><V127/><F86/><W3/><G83/><T130/><D130/><U37/><E37/><V50/><F127/><W97/><G16/><T80/><D120/><U68/><E68/><V135/><F135/><W9/><REACH who="3" step="1"/><G97/><REACH who="3" ten="250,250,250,240" step="2"/><T19/><D33/><U32/><E32/><V45/><REACH who="2" step="1"/><F45/><REACH who="2" ten="250,250,240,240" step="2"/><W40/><G40/><T129/><D129/><U82/><E109/><V65/><AGARI ba="0,2" hai="22,23,43,44,50,59,63,65,88,93,94,96,98,100" machi="65" ten="20,16000,3" yaku="1,1,2,1,0,1,7,1,8,1,52,2,54,1,53,1" doraHai="92" doraHaiUra="42" who="2" fromWho="2" sc="250,-80,250,-40,240,180,240,-40" /><INIT seed="1,0,0,5,1,2" ten="170,210,420,200" oya="1" hai0="121,71,130,79,31,101,9,135,42,83,69,129,123" hai1="28,19,1,125,102,13,40,23,56,128,32,99,131" hai2="49,74,18,67,29,15,107,64,104,0,70,82,93" hai3="85,25,68,113,12,100,41,116,65,27,127,87,103"/><U52/><E125/><V16/><F0/><W91/><G113/><T62/><D135/><U8/><E40/><V80/><F29/><W20/><G127/><T112/><D112/><U60/><E32/><V3/><F3/><W78/><G116/><T44/><D101/><N who="3" m="38985" /><G68/><N who="0" m="26187" /><D31/><U48/><E60/><V11/><F93/><N who="3" m="54511" /><G65/><T50/><D9/><U72/><E72/><V59/><F70/><W43/><G12/><T109/><D109/><U26/><REACH who="1" step="1"/><E1/><REACH who="1" ten="170,200,420,200" step="2"/><V34/><F74/><W37/><G37/><T61/><D61/><U73/><E73/><V124/><F34/><W114/><G114/><T58/><D79/><U39/><E39/><V89/><F124/><W66/><G78/><T76/><D76/><U24/><E24/><V45/><F49/><W55/><G25/><T21/><D21/><U92/><AGARI ba="0,1" hai="8,13,19,23,26,28,48,52,56,92,99,102,128,131" machi="92" ten="30,11700,0" yaku="1,1,0,1,54,1,53,1" doraHai="2" doraHaiUra="46" who="1" fromWho="1" sc="170,-39,200,127,420,-39,200,-39" /><INIT seed="1,1,0,3,2,65" ten="131,327,381,161" oya="1" hai0="49,13,59,103,123,117,22,3,55,41,104,39,106" hai1="20,15,121,96,1,100,114,42,61,130,79,109,12" hai2="5,72,84,2,51,56,54,124,36,6,30,60,47" hai3="87,133,132,110,94,7,127,97,119,0,26,108,37"/><U91/><E114/><V50/><F72/><W81/><G26/><T83/><D117/><U27/><E1/><V11/><F124/><W28/><G28/><T122/><D3/><U10/><E121/><N who="0" m="46089" /><D103/><U102/><E130/><V53/><F6/><W88/><G7/><T95/><D95/><N who="1" m="56447" /><E109/><N who="3" m="42090" /><G0/><T89/><D39/><U44/><E79/><V71/><F36/><W74/><G37/><T66/><D66/><U18/><E61/><V52/><F30/><W58/><G58/><T85/><D41/><U38/><E38/><V116/><F116/><W75/><G127/><T93/><D83/><U107/><E107/><N who="0" m="41001" /><D13/><U8/><E15/><V64/><F84/><W77/><G119/><T4/><D4/><U134/><E12/><V35/><F35/><W14/><G14/><T31/><D31/><U125/><E125/><V80/><F80/><N who="3" m="45119" /><G74/><T57/><D22/><U24/><E24/><V23/><F23/><W45/><G45/><AGARI ba="1,0" hai="45,49,55,57,59,85,89,93" m="41001,46089" machi="45" ten="30,1000,0" yaku="13,1" doraHai="65" who="0" fromWho="3" sc="131,13,327,0,381,0,161,-13" /><INIT seed="2,0,0,1,0,122" ten="144,327,381,148" oya="2" hai0="21,62,42,131,117,64,36,5,9,76,121,26,114" hai1="30,68,119,79,58,93,31,51,28,87,12,132,34" hai2="38,90,103,59,10,91,2,126,127,27,77,123,22" hai3="37,72,106,118,23,63,6,71,3,16,13,43,24"/><V129/><F123/><W130/><G118/><T14/><D121/><U98/><E68/><V124/><F129/><W112/><G130/><T1/><D131/><U113/><E119/><V54/><F38/><W66/><G106/><T135/><D117/><U32/><E113/><V50/><F103/><W0/><G72/><T95/><D114/><U46/><E132/><V60/><F77/><W11/><REACH who="3" step="1"/><G112/><REACH who="3" ten="144,327,381,138" step="2"/><T75/><D135/><U97/><E32/><V82/><F127/><W55/><G55/><T19/><D75/><U102/><E34/><V69/><F54/><W35/><G35/><T128/><D128/><U7/><E79/><V17/><F126/><W99/><G99/><T45/><D76/><U86/><E97/><V52/><F52/><W74/><G74/><T110/><D95/><U109/><E93/><V48/><F124/><W78/><G78/><T84/><D84/><U134/><E87/><V57/><F82/><W73/><G73/><T105/><D105/><U61/><E86/><V101/><F101/><W100/><G100/><T41/><D41/><U104/><E134/><V81/><F81/><W67/><G67/><T108/><REACH who="0" step="1"/><D1/><REACH who="0" ten="134,327,381,138" step="2"/><U56/><E104/><V107/><F2/><W116/><G116/><T53/><D53/><U29/><N who="1" m="7168" /><DORA hai="111" /><U70/><E98/><V85/><F107/><W25/><G25/><T4/><D4/><U47/><E7/><V15/><F27/><W83/><G83/><T18/><D18/><U40/><E40/><V115/><F85/><W92/><G92/><T33/><D33/><U20/><E102/><V125/><F115/><RYUUKYOKU ba="0,2" sc="134,15,327,-15,381,-15,138,15" hai0="5,9,14,19,21,26,36,42,45,62,64,108,110" hai3="0,3,6,11,13,16,23,24,37,43,63,66,71" /><INIT seed="3,1,2,5,3,92" ten="149,312,366,153" oya="3" hai0="82,103,102,100,98,58,87,72,106,16,32,25,80" hai1="122,5,78,129,85,135,115,116,0,133,64,33,108" hai2="14,96,50,69,124,121,76,99,6,126,4,7,118" hai3="38,36,104,88,60,19,131,29,84,56,75,18,110"/><W113/><G113/><T70/><D70/><U30/><E115/><V111/><F111/><W123/><G123/><T86/><D72/><U125/><E64/><V15/><F121/><W97/><G75/><T62/><D86/><U112/><E78/><V23/><F118/><W77/><G110/><T21/><D32/><U41/><E85/><V20/><F69/><W42/><G131/><T2/><D2/><U109/><E41/><V54/><F76/><W61/><G29/><T132/><D82/><U46/><E46/><N who="2" m="27991" /><F126/><W13/><G77/><T57/><D57/><U37/><E37/><V71/><F71/><W47/><G38/><T89/><D132/><N who="1" m="50763" /><E112/><V8/><F124/><W12/><G84/><T22/><D21/><N who="2" m="8266" /><F15/><W119/><G12/><T1/><D1/><U55/><E55/><AGARI ba="1,2" hai="16,22,25,55,58,62,80,87,89,98,100,102,103,106" machi="55" ten="30,3900,0" yaku="7,1,52,1,54,1" doraHai="92" who="0" fromWho="1" sc="149,62,312,-42,366,0,153,0" owari="211,-18.9,270,7.0,366,46.6,153,-34.7" /></mjloggm>