<mjloggm ver="2.3"><GO type="225" lobby="0"/><UN n0="%E5%8D%A0%E3%81%84%E5%B8%AB%E8%A3%8F%E3%81%AA%E3%81%84%E3%81%97" n1="%E3%81%8B%E3%82%8F%E3%81%A1%E3%82%83%E3%82%93%35%38" n2="%E3%81%B5%E3%81%98%E3%81%8B%E3%81%A4" n3="%33%74%72%65%65" dan="17,17,17,16" rate="2224.27,2183.45,2217.96,2169.48" sx="M,M,M,F"/><TAIKYOKU oya="0"/><INIT seed="0,0,0,4,2,135" ten="250,250,250,250" oya="0" hai0="75,115,101,130,8,25,125,91,93,35,60,127,53" hai1="79,67,57,99,78,58,120,63,49,20,96,97,72" hai2="70,90,132,36,81,116,41,43,122,124,92,85,12" hai3="38,19,46,84,59,74,28,52,21,68,134,1,15"/><T48/><D115/><U73/><E120/><V102/><F122/><W76/><G74/><T111/><D75/><U61/><E72/><V80/><F70/><W24/><G134/><T113/><D113/><U106/><E106/><V105/><F132/><W40/><G1/><T118/><D118/><U95/><E73/><V126/><F116/><W44/><G68/><T133/><D130/><U31/><E49/><V45/><F43/><W62/><G40/><T10/><D111/><U5/><E5/><V94/><F94/><W104/><G38/><T7/><D101/><U107/><E107/><V119/><F119/><W47/><G104/><T50/><D60/><U55/><REACH who="1" step="1"/><E95/><REACH who="1" ten="250,240,250,250" step="2"/><V30/><F105/><W110/><G110/><T32/><D133/><U4/><E4/><V33/><F102/><W6/><G6/><T27/><D7/><U131/><E131/><V66/><F66/><W69/><G69/><T56/><D93/><U17/><E17/><V0/><F0/><W37/><G37/><T65/><D65/><U42/><E42/><V39/><F39/><W71/><G71/><T82/><D53/><U86/><E86/><V128/><F128/><W26/><REACH who="3" step="1"/><G28/><REACH who="3" ten="250,240,250,240" step="2"/><T112/><D112/><U54/><E54/><V129/><F129/><W18/><G18/><T87/><D87/><U16/><E16/><V103/><F30/><W22/><G22/><T121/><D121/><U2/><E2/><V9/><F33/><W100/><G100/><T13/><D32/><U109/><E109/><V14/><F103/><W123/><G123/><T11/><D35/><U77/><E77/><RYUUKYOKU ba="0,2" sc="250,-15,240,15,250,-15,240,15" hai1="20,31,55,57,58,61,63,67,78,79,96,97,99" hai3="15,19,21,24,26,44,46,47,52,59,62,76,84" /><INIT seed="1,1,2,0,4,66" ten="235,255,235,255" oya="1" hai0="16,112,34,10,24,76,0,3,107,118,48,38,113" hai1="26,64,50,132,69,2,78,117,122,75,4,131,54" hai2="101,67,41,71,35,42,89,63,82,129,130,97,72" hai3="116,114,95,88,91,59,62,5,29,92,33,36,25"/><U109/><E26/><V12/><F35/><W93/><G114/><N who="0" m="44139" /><D48/><U28/><E28/><V128/><F12/><W108/><G108/><T8/><D76/><U123/><E4/><V45/><F45/><W56/><G116/><T133/><D107/><U13/><E13/><V52/><F52/><W65/><G36/><T68/><D68/><U40/><E2/><N who="0" m="553" /><D38/><U61/><E78/><N who="2" m="44359" /><F89/><W110/><G110/><T60/><D60/><N who="1" m="40071" /><E75/><V127/><F127/><W31/><G5/><T85/><D85/><U20/><E20/><V104/><AGARI ba="1,2" hai="41,42,63,67,71,97,101,104,128,129,130" m="44359" machi="104" ten="30,2000,0" yaku="19,1,52,1" doraHai="66" who="2" fromWho="2" sc="235,-6,255,-11,235,43,255,-6" /><INIT seed="2,0,0,2,3,76" ten="229,244,278,249" oya="2" hai0="115,131,39,78,44,42,23,92,103,95,38,118,82" hai1="29,33,57,40,68,80,135,25,60,87,19,100,104" hai2="2,59,27,9,47,123,124,75,127,3,22,58,46" hai3="53,30,6,45,1,101,91,73,21,108,88,63,64"/><V93/><F123/><W116/><G116/><T112/><D118/><U130/><E130/><V56/><F75/><W106/><G108/><T65/><D131/><U24/><E135/><V90/><F9/><W110/><G110/><T107/><D107/><U132/><E132/><V98/><F46/><W117/><G117/><T111/><D111/><U11/><E40/><V34/><F34/><W129/><G129/><T36/><D65/><U102/><E68/><V20/><F47/><W4/><G106/><T121/><D121/><U66/><E104/><V50/><F50/><N who="3" m="28879" /><G101/><T84/><D23/><N who="2" m="8746" /><F27/><N who="3" m="16751" /><G1/><T99/><REACH who="0" step="1"/><D95/><REACH who="0" ten="219,244,278,249" step="2"/><U18/><E25/><V55/><F93/><W134/><G134/><T13/><D13/><U28/><E28/><V74/><F3/><W69/><G64/><T5/><D5/><U133/><E133/><V52/><F2/><W70/><G6/><T77/><D77/><U35/><E35/><V96/><F127/><W81/><G4/><T17/><D17/><U122/><E122/><V10/><F124/><W26/><G26/><T71/><D71/><U72/><E19/><V125/><F125/><W86/><G69/><T7/><D7/><U32/><E32/><V79/><F79/><N who="3" m="46399" /><G70/><T51/><AGARI ba="0,1" hai="36,38,39,42,44,51,78,82,84,92,99,103,112,115" machi="51" ten="30,4000,0" yaku="1,1,0,1,52,1,53,0" doraHai="76" doraHaiUra="16" who="0" fromWho="0" sc="219,50,244,-10,278,-20,249,-10" /><INIT seed="3,0,0,2,4,59" ten="269,234,258,239" oya="3" hai0="0,10,133,43,107,81,56,25,29,124,2,99,44" hai1="73,71,93,74,121,34,45,112,86,101,104,70,108" hai2="103,40,100,66,8,62,57,55,89,132,9,65,125" hai3="41,118,113,77,134,21,49,94,85,53,79,72,22"/><W36/><G118/><T30/><D133/><U11/><E11/><N who="2" m="4171" /><F132/><W96/><G113/><T63/><D124/><U20/><E20/><V116/><F116/><W75/><G134/><T48/><D81/><U111/><E112/><V19/><F40/><W97/><G36/><T128/><D128/><U3/><E3/><V119/><F125/><W91/><G41/><T78/><D78/><N who="3" m="29705" /><G75/><N who="1" m="28682" /><E104/><V127/><F127/><W80/><G72/><T92/><D107/><U76/><E34/><V33/><F33/><W82/><G82/><T123/><D10/><U47/><E121/><V58/><F119/><W14/><G14/><T117/><D123/><U60/><E76/><V64/><F19/><W39/><G39/><T26/><D117/><U28/><E28/><V32/><F32/><W37/><G37/><T109/><D29/><U5/><E5/><V7/><F89/><N who="3" m="55375" /><G97/><T42/><D99/><N who="1" m="59631" /><E86/><V131/><F131/><W90/><G90/><T88/><D88/><U67/><E71/><V51/><F7/><W13/><G13/><T130/><D130/><U46/><E70/><V126/><F126/><W6/><G6/><T83/><D0/><U15/><E15/><V98/><F98/><W120/><G120/><T106/><D2/><U122/><E122/><V114/><F114/><W31/><G31/><T4/><D30/><U129/><E129/><V52/><AGARI ba="0,0" hai="51,52,55,57,58,62,64,65,66,100,103" m="4171" machi="52" ten="30,4000,0" yaku="8,1,52,1,54,1" doraHai="59" who="2" fromWho="2" sc="269,-10,234,-10,258,40,239,-20" /><INIT seed="4,0,0,3,2,24" ten="259,224,298,219" oya="0" hai0="39,121,77,26,18,28,57,98,104,119,34,30,23" hai1="101,115,96,32,113,132,126,3,93,81,58,20,22" hai2="86,61,35,41,67,134,88,82,31,64,25,8,36" hai3="68,100,45,33,74,72,73,29,87,7,27,120,128"/><T53/><D119/><U14/><E32/><V66/><F134/><W62/><G128/><T65/><D39/><U91/><E3/><V103/><F103/><W85/><G120/><T21/><D121/><U80/><E132/><V40/><F8/><W12/><G45/><T95/><D77/><U111/><E111/><V52/><F36/><W5/><G100/><N who="0" m="60511" /><D104/><U19/><E126/><V9/><F9/><W89/><G12/><N who="0" m="9415" /><D65/><U84/><E58/><N who="2" m="35015" /><F35/><W49/><G49/><N who="0" m="30895" /><D34/><U16/><REACH who="1" step="1"/><E81/><REACH who="1" ten="259,214,298,219" step="2"/><V50/><F82/><W76/><G33/><T55/><D55/><U108/><E108/><V112/><F41/><W15/><G68/><T11/><D11/><U0/><E0/><V117/><F40/><W133/><G133/><T56/><D56/><U127/><E127/><V131/><F117/><W125/><G125/><T63/><D63/><U107/><E107/><V59/><F59/><W13/><G62/><T38/><D38/><U92/><E92/><V116/><F116/><W2/><G2/><T118/><D118/><U110/><E110/><V60/><F60/><W78/><G72/><T54/><D54/><U109/><E109/><V44/><F131/><W97/><G73/><T99/><D99/><U4/><E4/><N who="3" m="1610" /><G74/><T70/><D70/><U6/><E6/><V122/><F122/><W79/><G97/><T48/><D48/><U123/><E123/><V46/><F50/><W1/><G1/><T75/><D75/><U106/><E106/><V37/><F37/><W94/><G87/><T10/><D10/><U83/><E83/><N who="2" m="49247" /><F112/><W42/><G42/><T124/><D124/><RYUUKYOKU ba="0,1" sc="259,0,214,0,298,0,219,0" hai0="23,26,28,30" hai1="14,16,19,20,22,80,84,91,93,96,101,113,115" hai2="25,31,44,46,64,66,67" hai3="13,15,27,29,76,78,79,85,89,94" /><INIT seed="4,1,1,2,3,41" ten="259,214,298,219" oya="0" hai0="110,35,111,48,25,132,93,101,107,81,119,31,52" hai1="130,129,43,27,79,91,6,46,76,134,75,78,72" hai2="26,24,126,96,32,9,0,19,69,90,88,87,44" hai3="47,49,103,33,7,61,23,3,99,53,38,62,21"/><T121/><D119/><U50/><E134/><V97/><F69/><W135/><G135/><T55/><D121/><U22/><E6/><V57/><F126/><W127/><G127/><T64/><D107/><U15/><E15/><V12/><F32/><W74/><G74/><T8/><D132/><U109/><E109/><N who="0" m="41481" /><D64/><U118/><E118/><V63/><F44/><W80/><G33/><T51/><D81/><U36/><E91/><N who="2" m="34859" /><F87/><W94/><G38/><T95/><D8/><U2/><E2/><V4/><F0/><W34/><G34/><T42/><D42/><U115/><E36/><V68/><F68/><W131/><G80/><T73/><D73/><U1/><E1/><V18/><F18/><W116/><G116/><T100/><D100/><U66/><E66/><N who="2" m="39279" /><F4/><W54/><G7/><T122/><D122/><U92/><E92/><N who="0" m="35401" /><D101/><U56/><E56/><V17/><F17/><W125/><G125/><T112/><D112/><U29/><REACH who="1" step="1"/><E115/><REACH who="1" ten="259,204,298,219" step="2"/><V89/><F89/><W77/><G103/><T67/><D67/><U37/><E37/><V71/><F71/><W59/><G3/><T65/><D65/><U16/><E16/><V123/><F123/><W83/><G83/><T84/><D31/><U82/><E82/><V104/><F104/><W10/><G59/><T113/><D113/><U105/><E105/><V124/><F124/><W102/><G102/><T133/><D133/><U40/><E40/><V28/><F28/><W45/><G45/><T114/><D114/><U128/><AGARI ba="1,2" hai="22,27,29,43,46,50,72,75,76,78,79,128,129,130" machi="128" ten="40,8000,1" yaku="1,1,0,1,19,1,52,1,53,0" doraHai="41" doraHaiUra="14" who="1" fromWho="1" sc="259,-41,204,103,298,-21,219,-21" owari="218,-18.2,307,40.7,277,7.7,198,-30.2" /></mjloggm>