<mjloggm ver="2.3"><GO type="225" lobby="0"/><UN n0="%E6%97%A5%E6%9B%9C%E6%97%A5%E3%82%88%E3%82%8A%E3%81%AE%E4%BD%BF%E8%80%85" n1="%6D%75%75%6D%75%72%61" n2="%E3%83%96%E3%83%A9%E3%82%B6%E3%83%BC" n3="%E3%82%B8%E3%83%A3%E3%83%9E%E3%83%BC%E3%83%AB%E3%83%9E%E3%83%AC%E3%83%BC" dan="18,16,16,17" rate="2170.19,2211.04,2090.72,2202.82" sx="M,F,M,M"/><TAIKYOKU oya="0"/><INIT seed="0,0,0,3,0,10" ten="250,250,250,250" oya="0" hai0="45,83,105,26,58,112,129,94,87,66,49,117,52" hai1="51,65,101,35,121,42,39,75,91,47,13,55,98" hai2="71,56,89,8,22,107,80,33,126,64,127,68,122" hai3="17,82,109,95,76,30,79,84,62,44,73,74,106"/><T118/><D112/><U120/><E35/><V60/><F33/><W116/><G106/><T38/><D105/><U28/><E75/><V41/><F122/><W29/><G116/><T5/><D129/><U133/><E28/><V46/><F107/><W19/><G95/><T7/><D117/><U21/><E133/><V85/><F22/><W31/><G109/><T50/><D38/><U63/><E91/><V70/><REACH who="2" step="1"/><F8/><REACH who="2" ten="250,250,240,250" step="2"/><W67/><G31/><T16/><D118/><U53/><E120/><V34/><F34/><W128/><G30/><T4/><D94/><U99/><E121/><V6/><F6/><W115/><G29/><T24/><D16/><U2/><E21/><V23/><F23/><W104/><G17/><T20/><D20/><U110/><E110/><V100/><F100/><W14/><G104/><T125/><D125/><U135/><E101/><V72/><F72/><W108/><G74/><T25/><D4/><U90/><E135/><V27/><F27/><W57/><G108/><T18/><D18/><U69/><E2/><V9/><F9/><W3/><G3/><T15/><D5/><U96/><E13/><V54/><F54/><W1/><G1/><T48/><D7/><U61/><E53/><V102/><F102/><W12/><G12/><T36/><D15/><U88/><REACH who="1" step="1"/><E63/><REACH who="1" ten="250,240,240,250" step="2"/><V131/><F131/><W81/><G128/><T78/><D36/><AGARI ba="0,2" hai="36,41,46,56,60,64,68,70,71,80,85,89,126,127" machi="36" ten="40,1300,0" yaku="1,1,53,0" doraHai="10" doraHaiUra="114" who="2" fromWho="0" sc="250,-13,240,0,240,33,250,0" /><INIT seed="1,0,0,4,2,68" ten="237,240,273,250" oya="1" hai0="21,39,41,81,96,4,65,30,116,11,51,123,48" hai1="124,26,104,2,7,60,119,85,88,8,37,24,113" hai2="18,67,23,77,56,3,129,72,69,5,79,80,70" hai3="101,105,115,109,111,126,125,10,131,99,89,66,44"/><U94/><E113/><V95/><F129/><W120/><G115/><T91/><D116/><U43/><E119/><V100/><F79/><W92/><G66/><T122/><D65/><U86/><E124/><N who="3" m="47722" /><G10/><T54/><D21/><U28/><E104/><V118/><F118/><W14/><G14/><T128/><D30/><U82/><E60/><V32/><F32/><W97/><G44/><N who="0" m="23615" /><D128/><U40/><E37/><V58/><F5/><W47/><G47/><T84/><D54/><U78/><REACH who="1" step="1"/><E26/><REACH who="1" ten="237,230,273,250" step="2"/><V73/><F69/><W57/><G131/><T130/><D130/><U102/><E102/><V121/><F100/><W33/><G101/><T17/><D51/><U12/><E12/><V98/><F70/><W46/><G105/><T83/><D48/><U106/><E106/><V108/><F3/><W45/><G111/><T61/><D61/><U42/><E42/><V93/><F121/><W9/><G109/><T55/><D123/><U22/><AGARI ba="0,1" hai="2,7,8,22,24,28,40,43,78,82,85,86,88,94" machi="22" ten="20,7800,0" yaku="1,1,0,1,7,1,54,1,53,0" doraHai="68" doraHaiUra="64" who="1" fromWho="1" sc="237,-26,230,88,273,-26,250,-26" /><INIT seed="1,1,0,4,4,52" ten="211,318,247,224" oya="1" hai0="62,1,59,2,85,28,57,41,11,77,124,80,128" hai1="126,112,22,53,103,123,97,18,4,116,32,130,63" hai2="119,34,55,9,84,64,8,125,104,29,96,49,75" hai3="47,108,21,16,83,74,14,15,12,90,25,13,10"/><U89/><E112/><V50/><F119/><W72/><G108/><T131/><D124/><U132/><E116/><V127/><F75/><W135/><G135/><T7/><D2/><U36/><E123/><V81/><F64/><W27/><G27/><T86/><D28/><U61/><E32/><V134/><F134/><W46/><G74/><T66/><D41/><U37/><E132/><V107/><F49/><W71/><G71/><T30/><D30/><U118/><E118/><V129/><F129/><N who="0" m="49738" /><D86/><U111/><E130/><V43/><F43/><W3/><G3/><T117/><D117/><U58/><E126/><N who="2" m="48139" /><F96/><W101/><G101/><T114/><D114/><U133/><E133/><V78/><F29/><N who="3" m="17583" /><G72/><T65/><D65/><U95/><E111/><V109/><F34/><W26/><G26/><T39/><D39/><U44/><E37/><V79/><F79/><W120/><G120/><T45/><D45/><U93/><E36/><V38/><F38/><W20/><G20/><T5/><D5/><U87/><E4/><V67/><F67/><W40/><G40/><T70/><AGARI ba="1,0" hai="1,7,11,57,59,62,66,70,77,80,85" m="49738" machi="70" ten="30,4000,0" yaku="19,1,52,2" doraHai="52" who="0" fromWho="0" sc="211,43,318,-21,247,-11,224,-11" /><INIT seed="2,0,0,1,0,124" ten="254,297,236,213" oya="2" hai0="128,74,83,24,80,57,7,54,67,14,45,3,127" hai1="0,51,101,71,55,61,98,10,109,21,16,78,65" hai2="19,99,91,2,119,114,81,107,123,58,129,40,87" hai3="15,63,50,76,126,115,29,26,39,22,85,42,31"/><V28/><F114/><W1/><G1/><T86/><D3/><U110/><E78/><V36/><F2/><W117/><G117/><T11/><D127/><U90/><E90/><V93/><F123/><W4/><G126/><T113/><D113/><U73/><E73/><V96/><F28/><W47/><G115/><T79/><D128/><U94/><E10/><V38/><F119/><W56/><G39/><T121/><D121/><U135/><E0/><V9/><F40/><W18/><G4/><T49/><D24/><U43/><E43/><V108/><BYE who="1" /><F108/><W133/><G133/><T120/><D120/><U122/><E122/><V92/><F58/><W23/><G31/><T41/><D67/><U46/><E46/><V118/><F118/><W69/><G69/><T30/><D30/><U134/><E134/><V131/><F93/><W8/><G8/><T17/><D17/><U97/><E97/><N who="2" m="37451" /><F92/><W102/><G102/><T34/><D34/><U68/><E68/><V66/><F66/><W84/><REACH who="3" step="1"/><G76/><REACH who="3" ten="254,297,236,203" step="2"/><T48/><D79/><U53/><E53/><AGARI ba="0,1" hai="15,18,22,23,26,29,42,47,50,53,56,63,84,85" machi="53" ten="30,8000,1" yaku="1,1,2,1,7,1,8,1,53,1" doraHai="124" doraHaiUra="25" who="3" fromWho="1" sc="254,0,297,-80,236,0,203,90" /><INIT seed="3,0,0,1,3,68" ten="254,217,236,293" oya="3" hai0="62,49,111,125,105,9,65,28,36,53,16,82,135" hai1="84,25,91,126,51,56,3,20,102,123,104,113,94" hai2="44,55,57,33,97,64,78,109,134,133,90,129,17" hai3="72,108,116,0,87,77,38,52,117,86,46,74,35"/><W131/><G35/><T107/><D111/><U47/><E47/><V11/><F109/><UN n1="%6D%75%75%6D%75%72%61" /><W120/><G120/><T7/><D28/><U54/><E113/><V66/><F33/><W99/><G108/><T32/><D32/><U69/><E123/><V127/><F44/><W50/><G0/><T48/><D36/><U26/><E126/><V106/><F78/><W42/><G131/><T43/><D125/><U5/><E69/><V12/><F129/><W85/><G99/><T60/><D135/><N who="2" m="51722" /><F127/><W40/><G38/><T95/><D7/><U59/><E59/><V73/><F73/><W2/><G2/><T45/><D82/><U15/><E3/><V18/><F17/><W89/><G89/><T101/><D107/><U24/><E104/><V100/><F90/><W112/><G112/><T63/><D105/><U118/><E118/><V96/><F97/><W39/><G40/><T19/><D9/><N who="1" m="4527" /><E102/><V81/><F81/><N who="3" m="45239" /><G72/><T37/><D37/><U128/><E128/><V88/><F88/><W22/><G42/><T110/><D110/><U92/><E92/><V67/><F67/><W114/><G39/><T119/><D65/><U58/><E58/><V31/><F31/><AGARI ba="0,0" hai="20,24,25,26,31,51,54,56,84,91,94" m="4527" machi="31" ten="30,1000,0" yaku="8,1" doraHai="68" who="1" fromWho="2" sc="254,0,217,10,236,-10,293,0" /><INIT seed="4,0,0,1,3,35" ten="254,227,226,293" oya="0" hai0="125,132,133,25,94,130,6,5,111,36,41,4,49" hai1="27,102,29,117,65,91,79,16,10,43,67,97,135" hai2="113,68,123,20,92,55,122,114,118,69,11,81,104" hai3="129,31,63,23,134,21,80,62,15,42,40,86,56"/><T38/><D125/><U76/><E117/><V17/><F104/><W120/><G129/><T33/><D130/><U59/><E135/><N who="0" m="51785" /><D111/><U53/><E43/><V77/><F118/><W112/><G112/><N who="2" m="43113" /><F92/><W2/><G2/><T106/><D106/><U37/><E37/><N who="0" m="14441" /><D94/><N who="1" m="56543" /><E102/><V99/><F55/><W85/><G80/><T39/><N who="0" m="14449" /><T22/><DORA hai="87" /><D33/><U110/><E110/><V105/><F11/><W103/><G42/><T32/><D32/><U124/><E124/><V116/><F116/><W24/><G23/><T109/><D109/><U126/><E126/><V88/><F105/><W12/><G21/><T121/><D121/><N who="2" m="46090" /><F77/><N who="1" m="29769" /><E10/><V73/><F73/><W61/><G120/><T8/><D8/><U70/><E70/><V119/><F119/><W131/><G131/><T45/><D4/><U127/><E127/><V108/><F108/><W101/><G101/><T48/><D5/><U60/><E29/><V74/><F74/><W128/><G103/><T90/><D6/><U26/><E16/><V75/><F75/><W52/><G128/><T3/><D3/><U71/><E71/><V107/><F107/><W100/><G40/><T50/><D25/><AGARI ba="0,0" hai="25,26,27,53,59,60,65,67" m="29769,56543" machi="25" ten="30,2000,0" yaku="8,1,52,1" doraHai="35,87" who="1" fromWho="0" sc="254,-20,227,20,226,0,293,0" /><INIT seed="5,0,0,0,2,19" ten="234,247,226,293" oya="1" hai0="64,86,92,31,89,107,132,115,50,78,28,36,119" hai1="34,110,9,69,60,123,18,90,127,114,53,122,97" hai2="57,12,112,6,49,16,11,133,113,44,82,126,125" hai3="17,24,93,48,61,106,58,65,108,7,81,42,111"/><U46/><E34/><V35/><F133/><W30/><G106/><T59/><D36/><U95/><E114/><N who="2" m="44139" /><F35/><W41/><G7/><T71/><D71/><U87/><E127/><N who="2" m="48651" /><F57/><W70/><G81/><T96/><D119/><U8/><E110/><V66/><F82/><W79/><G58/><T80/><D132/><U62/><E69/><V13/><F66/><W130/><G65/><T1/><D115/><U116/><E116/><V38/><F38/><W99/><G61/><T128/><D128/><U3/><E62/><V118/><F118/><W109/><G70/><T104/><D1/><U15/><E60/><V14/><F6/><W27/><G111/><T4/><D4/><U51/><E3/><V74/><F74/><W29/><G48/><T52/><REACH who="0" step="1"/><D64/><REACH who="0" ten="224,247,226,293" step="2"/><U129/><E129/><V73/><F73/><W120/><G130/><T68/><D68/><U135/><E135/><V67/><F67/><W76/><G109/><T117/><D117/><U83/><E122/><V21/><F11/><W55/><G120/><T134/><D134/><U131/><E123/><V26/><F13/><W94/><G108/><T91/><D91/><N who="1" m="55551" /><E131/><V121/><F121/><W2/><G2/><T88/><D88/><U101/><E9/><V75/><F75/><W85/><G79/><T77/><D77/><U25/><E101/><V20/><F20/><W63/><G76/><T102/><D102/><U98/><E8/><V103/><F103/><W56/><G27/><T40/><D40/><AGARI ba="0,1" hai="12,14,16,21,26,40,44,49" m="48651,44139" machi="40" ten="30,8000,1" yaku="15,1,11,1,18,1,52,1,54,1" doraHai="19" who="2" fromWho="0" sc="224,-80,247,0,226,90,293,0" owari="144,-35.6,247,-15.3,316,41.6,293,9.3" /></mjloggm>