<mjloggm ver="2.3"><GO type="225" lobby="0"/><UN n0="%E3%81%95%E3%81%8D%E3%81%9F%E3%81%BE%E6%9E%97%E6%AA%8E" n1="%E9%80%9F%E6%B0%B4%E5%87%9B%E9%A6%99" n2="%E3%81%9F%E3%81%93%E2%98%86%E7%84%BC%E3%81%8D" n3="%6D%75%75%6D%75%72%61" dan="16,16,16,16" rate="2068.45,2141.76,2072.18,2132.22" sx="M,F,M,F"/><TAIKYOKU oya="0"/><INIT seed="0,0,0,2,2,12" ten="250,250,250,250" oya="0" hai0="17,47,48,2,36,58,83,65,60,68,106,24,99" hai1="93,98,46,57,16,35,5,97,4,111,33,26,61" hai2="63,27,85,67,73,23,90,71,128,110,108,80,126" hai3="135,79,105,133,127,28,9,96,70,51,29,7,103"/><T56/><D2/><U8/><E111/><N who="2" m="42539" /><F73/><W114/><G114/><T132/><D132/><N who="3" m="50761" /><G70/><T109/><D109/><U113/><E113/><V59/><F128/><W81/><G51/><T116/><D116/><U86/><E35/><V15/><F15/><N who="3" m="5567" /><G127/><T119/><D119/><U129/><E129/><V6/><F6/><N who="1" m="2665" /><E33/><V101/><F101/><W131/><G131/><T115/><D115/><U50/><E86/><AGARI ba="0,0" hai="28,29,79,81,86,96,103,105" m="5567,50761" machi="86" ten="30,1000,0" yaku="20,1" doraHai="12" who="3" fromWho="1" sc="250,0,250,-10,250,0,250,10" /><INIT seed="1,0,0,4,0,102" ten="250,240,250,260" oya="1" hai0="17,9,68,89,24,129,42,85,131,122,78,132,120" hai1="134,72,8,30,37,69,90,52,53,80,95,67,54" hai2="62,55,66,119,28,1,130,4,61,79,43,44,19" hai3="75,83,103,96,65,29,47,20,93,123,33,118,126"/><U14/><E37/><V41/><F119/><W112/><G123/><N who="0" m="47147" /><D68/><U116/><E116/><V115/><F28/><W59/><G118/><T121/><N who="0" m="47155" /><T22/><DORA hai="11" /><D132/><U128/><E128/><N who="0" m="49225" /><D78/><U125/><E134/><V15/><F4/><W18/><G126/><T76/><D76/><U0/><E0/><V45/><F1/><W27/><G112/><T49/><D9/><U5/><E125/><V81/><F115/><W84/><G47/><T25/><D42/><U110/><E30/><V97/><F55/><W36/><G36/><T99/><D99/><U101/><E101/><V6/><F6/><W56/><G75/><T50/><D25/><U7/><E110/><V74/><F97/><W60/><G59/><T57/><D57/><U106/><E69/><V64/><F44/><W63/><G63/><T48/><D50/><U71/><E71/><V105/><F45/><W88/><REACH who="3" step="1"/><G18/><REACH who="3" ten="250,240,250,250" step="2"/><T114/><D114/><U16/><E16/><V46/><F61/><W3/><G3/><T94/><AGARI ba="0,1" hai="17,22,24,48,49,85,89,94" m="49225,47155" machi="94" ten="50,3200,0" yaku="13,1,19,1" doraHai="102,11" who="0" fromWho="0" sc="250,42,240,-16,250,-8,250,-8" /><INIT seed="2,0,0,1,2,78" ten="292,224,242,242" oya="2" hai0="92,67,105,107,68,39,15,6,73,61,18,110,74" hai1="50,38,23,90,30,99,59,101,41,56,47,86,93" hai2="103,132,116,118,33,0,112,51,10,128,58,85,49" hai3="79,27,115,62,102,106,52,12,57,28,122,13,75"/><V14/><F0/><W81/><G122/><T130/><D110/><U134/><E134/><V53/><F112/><W77/><G115/><T1/><D130/><U87/><E38/><V34/><F128/><W117/><G117/><T65/><D39/><U70/><E70/><V64/><F132/><W42/><G42/><T55/><D1/><U84/><REACH who="1" step="1"/><E101/><REACH who="1" ten="292,214,242,242" step="2"/><V91/><F103/><W60/><G102/><T121/><D68/><U43/><E43/><V131/><F131/><W21/><G106/><T113/><D107/><U104/><E104/><V97/><F118/><W98/><G98/><T20/><D105/><U96/><E96/><V4/><F97/><W100/><G100/><T109/><D113/><U72/><E72/><V24/><F116/><W82/><G60/><T40/><D74/><AGARI ba="0,1" hai="12,13,21,27,28,52,57,62,74,75,77,79,81,82" machi="74" ten="30,8000,1" yaku="7,1,9,1,52,2,54,1" doraHai="78" who="3" fromWho="0" sc="292,-80,214,0,242,0,242,90" /><INIT seed="3,0,0,5,5,52" ten="212,214,242,332" oya="3" hai0="71,90,112,64,19,114,43,9,115,119,89,58,2" hai1="88,109,108,13,24,85,30,125,4,111,35,10,44" hai2="22,129,128,79,7,29,5,26,82,49,14,98,76" hai3="32,107,38,131,17,81,121,101,100,86,133,54,39"/><W34/><G121/><T93/><D119/><U55/><E125/><V80/><F98/><W99/><G101/><T21/><D71/><U134/><E134/><V103/><F103/><W50/><G131/><N who="2" m="50249" /><F49/><W95/><G107/><T118/><D118/><U92/><E55/><V96/><F96/><W132/><G39/><T126/><D126/><U130/><E130/><V12/><F14/><W62/><G38/><T0/><D43/><U74/><E74/><N who="2" m="43031" /><F12/><W40/><G62/><N who="0" m="37975" /><D9/><U18/><E44/><V110/><F110/><W36/><G99/><N who="0" m="57775" /><D90/><U127/><E127/><V120/><F120/><W123/><G36/><T11/><D11/><U78/><E78/><V75/><AGARI ba="0,0" hai="5,7,22,26,29,75,79,82" m="43031,50249" machi="75" ten="30,1100,0" yaku="19,1" doraHai="52" who="2" fromWho="2" sc="212,-3,214,-3,242,11,332,-5" owari="209,-29.1,211,-18.9,253,5.3,327,42.7" /></mjloggm>