<mjloggm ver="2.3"><GO type="225" lobby="0"/><UN n0="%E3%82%B3%E3%83%90%E3%83%AC%E3%82%A4" n1="%E3%83%81%E3%83%83%E3%82%BF%E3%82%BD%E3%83%BC" n2="%72%69%6F%75%63%68%61%6E" n3="%E3%81%99%E3%81%84%E3%81%BE%E3%81%9B%E3%83%BC%E3%82%93" dan="16,17,16,18" rate="2116.17,2206.94,2146.72,2240.08" sx="M,F,M,M"/><TAIKYOKU oya="0"/><INIT seed="0,0,0,3,4,94" ten="250,250,250,250" oya="0" hai0="4,42,20,53,68,134,35,47,6,135,49,16,105" hai1="108,93,110,57,13,133,8,112,26,115,121,125,32" hai2="1,21,25,91,17,30,37,75,48,114,71,117,31" hai3="44,24,52,79,54,67,88,39,7,120,102,81,122"/><T74/><D74/><U9/><E125/><V29/><F114/><N who="1" m="43561" /><E133/><N who="0" m="50697" /><D68/><U65/><E93/><V34/><F37/><W100/><G7/><T128/><D35/><U0/><E57/><V127/><F127/><W78/><G67/><T73/><D73/><U83/><E83/><V98/><F117/><W66/><G66/><T58/><D105/><U89/><E89/><V70/><F75/><W82/><G24/><N who="0" m="14343" /><D128/><U14/><E65/><V92/><F1/><W101/><G39/><AGARI ba="0,0" hai="4,6,39,42,47,49,53,58" m="14343,50697" machi="39" ten="30,2900,0" yaku="20,1,54,1" doraHai="94" who="0" fromWho="3" sc="250,29,250,0,250,0,250,-29" /><INIT seed="0,1,0,1,2,27" ten="279,250,250,221" oya="0" hai0="108,52,124,37,49,101,43,46,22,97,36,104,95" hai1="114,68,67,85,11,126,131,128,87,100,89,41,2" hai2="77,82,50,48,21,10,71,78,125,29,113,79,69" hai3="59,66,133,64,134,51,26,94,75,86,119,42,13"/><T123/><D123/><U7/><E126/><V31/><F113/><W76/><G119/><T111/><D124/><U93/><E114/><V135/><F125/><W102/><G75/><T107/><D22/><U115/><E115/><V117/><F117/><W8/><G26/><T16/><D16/><U83/><E41/><V4/><F135/><N who="3" m="51723" /><G102/><T55/><D55/><U0/><E0/><V20/><F82/><N who="3" m="47431" /><G94/><T3/><D3/><U70/><E100/><V56/><F71/><W57/><G42/><T39/><REACH who="0" step="1"/><D43/><REACH who="0" ten="269,250,250,221" step="2"/><U116/><E116/><V9/><F20/><W130/><G130/><N who="1" m="49706" /><E67/><N who="3" m="25642" /><G51/><T32/><D32/><U122/><E122/><V81/><F48/><W98/><G98/><T34/><D34/><U1/><E2/><V25/><F50/><W112/><G112/><T72/><D72/><U109/><E1/><V105/><F21/><W6/><AGARI ba="1,1" hai="6,8,13,57,59" m="25642,47431,51723" machi="6" ten="30,1100,0" yaku="20,1" doraHai="27" who="3" fromWho="3" sc="269,-6,250,-4,250,-4,221,24" /><INIT seed="1,0,0,4,1,62" ten="263,246,246,245" oya="1" hai0="65,108,74,119,93,39,56,47,38,96,11,133,72" hai1="116,78,98,132,57,58,14,35,37,99,8,30,101" hai2="59,63,13,127,89,105,111,50,112,117,0,45,5" hai3="120,67,66,28,12,135,55,46,23,69,68,124,121"/><U9/><E132/><V53/><F117/><W92/><G135/><T52/><D133/><U51/><E37/><V81/><F111/><W40/><G92/><T21/><D119/><U102/><E116/><V90/><F127/><W25/><G124/><T80/><D108/><U24/><E78/><V126/><F126/><W27/><G12/><T107/><D107/><U60/><E51/><V85/><F112/><W94/><G94/><T77/><D74/><U41/><E41/><V103/><F0/><W36/><G55/><T73/><D73/><U82/><E82/><V6/><F90/><W79/><G79/><T31/><D11/><U70/><E70/><V115/><F115/><W32/><G69/><T104/><D104/><U48/><E48/><V18/><F103/><W114/><G68/><T83/><D83/><U44/><E44/><V20/><REACH who="2" step="1"/><F105/><REACH who="2" ten="263,246,236,245" step="2"/><W1/><G1/><T84/><D72/><U87/><E101/><V129/><F129/><W91/><G91/><T2/><D2/><U109/><E102/><V7/><F7/><W100/><G100/><T71/><D77/><U10/><E109/><V49/><F49/><W61/><G114/><T42/><D39/><U29/><E60/><V26/><F26/><W123/><REACH who="3" step="1"/><G61/><REACH who="3" ten="263,246,236,235" step="2"/><T3/><D3/><U86/><E14/><V118/><F118/><W97/><G97/><T54/><D96/><U16/><E98/><V134/><F134/><W128/><G128/><T43/><D38/><U113/><E99/><V95/><F95/><W130/><G130/><T15/><D93/><U110/><E113/><V33/><F33/><RYUUKYOKU ba="0,2" sc="263,-15,246,-15,236,15,235,15" hai2="5,6,13,18,20,45,50,53,59,63,81,85,89" hai3="23,25,27,28,32,36,40,46,66,67,120,121,123" /><INIT seed="2,1,2,2,4,112" ten="248,231,251,250" oya="2" hai0="69,130,106,9,74,33,129,98,60,24,51,23,29" hai1="113,1,125,93,84,65,76,83,11,31,92,58,64" hai2="20,40,27,123,34,85,39,108,55,103,4,71,43" hai3="124,119,10,90,128,104,81,120,26,8,70,54,122"/><V116/><F116/><W99/><G119/><T94/><D74/><U32/><E125/><V86/><F123/><W35/><G124/><T5/><D51/><U73/><E113/><V127/><F127/><W15/><G70/><T101/><D94/><U41/><E41/><N who="2" m="15947" /><F34/><W89/><G128/><T77/><D77/><U88/><E93/><V109/><F71/><W134/><G134/><T30/><D30/><U78/><E76/><V14/><F39/><W102/><G35/><T68/><D23/><U133/><E133/><V52/><F103/><W131/><G131/><N who="0" m="50187" /><D60/><U42/><E42/><V118/><F118/><W7/><G8/><T80/><D80/><U115/><E115/><V18/><F4/><W45/><G81/><T38/><D38/><U25/><REACH who="1" step="1"/><E58/><REACH who="1" ten="248,221,251,250" step="2"/><V50/><F27/><W82/><G26/><T62/><D69/><U0/><E0/><V117/><F117/><W79/><G122/><T114/><D114/><U17/><E17/><V19/><F18/><W36/><G120/><T87/><D68/><U28/><E28/><V95/><F95/><W72/><G36/><T63/><D87/><N who="2" m="33290" /><F50/><W12/><G72/><T75/><D75/><U105/><E105/><V135/><F135/><W13/><G104/><T3/><AGARI ba="1,3" hai="3,5,9,24,29,33,62,63,98,101,106" m="50187" machi="3" ten="30,1100,0" yaku="19,1" doraHai="112" who="0" fromWho="0" sc="248,44,221,-4,251,-6,250,-4" /><INIT seed="3,0,0,3,0,124" ten="292,217,245,246" oya="3" hai0="32,22,121,93,28,18,12,39,43,131,67,17,120" hai1="66,2,82,38,101,42,57,36,100,30,31,55,71" hai2="58,16,135,29,94,134,75,13,118,50,108,132,130" hai3="106,26,65,129,24,81,84,41,122,61,1,104,52"/><W109/><G122/><T70/><D131/><U87/><E2/><V133/><F118/><W103/><G1/><T74/><D74/><U3/><E3/><V49/><F130/><W73/><G73/><T114/><D114/><U11/><E11/><V86/><F75/><W48/><G41/><T46/><D32/><U127/><E127/><V112/><F112/><W14/><G129/><T51/><D51/><U40/><E66/><V116/><F116/><W115/><G115/><T7/><D7/><U97/><E71/><V9/><F108/><W23/><G103/><N who="1" m="39498" /><E97/><V21/><N who="2" m="33792" /><DORA hai="35" /><V83/><F94/><W0/><G0/><T79/><D28/><N who="1" m="10795" /><E38/><V128/><F128/><W96/><G96/><T90/><D79/><N who="1" m="46559" /><E36/><V76/><F58/><N who="3" m="37047" /><G106/><T88/><D67/><U95/><E95/><V5/><REACH who="2" step="1"/><F29/><REACH who="2" ten="292,217,235,246" step="2"/><W34/><G109/><T27/><D70/><U33/><E33/><V85/><F85/><W63/><G34/><T69/><D69/><U113/><E113/><V105/><F105/><W119/><G104/><T19/><D121/><U37/><E37/><V89/><F89/><W25/><G119/><T20/><D120/><U91/><E91/><V80/><F80/><W110/><G110/><T15/><D93/><U77/><E77/><V72/><F72/><W64/><G81/><T123/><D123/><U99/><E99/><V60/><F60/><AGARI ba="0,1" hai="40,42,55,57,60" m="46559,10795,39498" machi="60" ten="30,1000,0" yaku="8,1" doraHai="124,35" who="1" fromWho="2" sc="292,0,217,20,235,-10,246,0" /><INIT seed="4,0,0,2,1,29" ten="292,237,225,246" oya="0" hai0="7,25,134,24,99,117,58,16,43,101,120,93,123" hai1="86,21,30,5,8,74,75,60,55,31,97,94,98" hai2="112,76,26,81,80,104,40,48,46,61,32,89,92" hai3="116,49,15,73,127,102,114,122,4,34,0,50,106"/><T131/><D117/><U90/><E74/><V64/><F112/><W71/><RYUUKYOKU type="yao9" ba="0,0" sc="292,0,237,0,225,0,246,0" hai3="0,4,15,34,49,50,71,73,102,106,114,116,122,127" /><INIT seed="4,1,0,2,2,25" ten="292,237,225,246" oya="0" hai0="96,20,84,8,54,22,82,113,98,90,78,104,100" hai1="105,92,107,131,42,40,112,85,129,87,67,63,31" hai2="88,9,91,7,2,17,18,118,65,99,43,16,39" hai3="57,32,108,116,122,117,26,120,79,75,45,110,93"/><T83/><D113/><U71/><E112/><V53/><F118/><W73/><G45/><T23/><D8/><U36/><E36/><V127/><F127/><W49/><G49/><T111/><D111/><N who="3" m="42537" /><G57/><T135/><D135/><U50/><E50/><V130/><F130/><N who="1" m="49673" /><E31/><V46/><F65/><W56/><G56/><T95/><D54/><U11/><E11/><V51/><REACH who="2" step="1"/><F99/><REACH who="2" ten="292,237,215,246" step="2"/><W21/><G117/><T13/><D98/><U27/><E67/><V132/><F132/><W125/><G125/><T1/><D104/><U30/><E105/><V35/><F35/><W38/><G32/><T10/><D1/><U70/><E107/><V47/><AGARI ba="1,1" hai="2,7,9,16,17,18,39,43,46,47,51,53,88,91" machi="47" ten="30,12000,2" yaku="1,1,0,1,54,2,53,3" doraHai="25" doraHaiUra="15" who="2" fromWho="2" sc="292,-61,237,-31,215,133,246,-31" owari="231,3.1,206,-29.4,348,44.8,215,-18.5" /></mjloggm>