<mjloggm ver="2.3"><GO type="225" lobby="0"/><UN n0="%E3%81%8B%E3%82%8F%E3%81%A1%E3%82%83%E3%82%93%35%38" n1="%61%73%61%64%61%31%32" n2="%E3%83%97%E3%83%92" n3="%E5%8D%A0%E3%81%84%E5%B8%AB%E8%A3%8F%E3%81%AA%E3%81%84%E3%81%97" dan="16,16,17,16" rate="2175.06,2072.48,2157.45,2162.37" sx="M,M,M,M"/><TAIKYOKU oya="0"/><INIT seed="0,0,0,1,3,52" ten="250,250,250,250" oya="0" hai0="15,60,73,118,69,82,75,74,16,79,50,101,95" hai1="108,103,58,64,23,121,46,24,62,116,127,65,20" hai2="112,107,41,66,77,99,83,80,124,133,68,106,25" hai3="61,10,135,90,31,28,125,126,9,30,36,38,26"/><T59/><D69/><U97/><E121/><V96/><F112/><W22/><G135/><T76/><D118/><U55/><E116/><V32/><F41/><W54/><G90/><T91/><D101/><U94/><E108/><V29/><F124/><N who="3" m="47723" /><G10/><T1/><D50/><U21/><E127/><V119/><F133/><W14/><G54/><T102/><D102/><U13/><E13/><V34/><F34/><W18/><G61/><T6/><D6/><AGARI ba="0,0" hai="6,9,14,18,22,26,28,30,31,36,38" m="47723" machi="6" ten="30,1000,0" yaku="18,1" doraHai="52" who="3" fromWho="0" sc="250,-10,250,0,250,0,250,10" /><INIT seed="1,0,0,2,5,56" ten="240,250,250,260" oya="1" hai0="19,80,112,21,16,0,13,115,70,22,23,31,20" hai1="41,32,125,89,108,77,86,51,4,67,17,99,60" hai2="9,33,133,63,130,37,18,26,90,98,124,3,1" hai3="40,83,7,14,62,48,93,122,64,28,30,104,117"/><U24/><E125/><V129/><F37/><W116/><G104/><T111/><D70/><U45/><E4/><V123/><F123/><W35/><G122/><T118/><D80/><U135/><E135/><V5/><F124/><W8/><G35/><T92/><D92/><U85/><E108/><V53/><F133/><W15/><G15/><N who="0" m="9247" /><D118/><N who="3" m="45673" /><G93/><T6/><D111/><U65/><E65/><V84/><F1/><W127/><G127/><T10/><D31/><U2/><E2/><V106/><F106/><W87/><G48/><T34/><D34/><U46/><E46/><V109/><F98/><W71/><G40/><T132/><D132/><U49/><E49/><V68/><F109/><W75/><G75/><T58/><D58/><N who="1" m="37271" /><E32/><V11/><F68/><W55/><G55/><T79/><D79/><AGARI ba="0,0" hai="7,8,14,28,30,62,64,71,79,83,87" m="45673" machi="79" ten="30,2000,0" yaku="12,1,52,1" doraHai="56" who="3" fromWho="0" sc="240,-20,250,0,250,0,260,20" /><INIT seed="2,0,0,4,3,103" ten="220,250,250,280" oya="2" hai0="101,120,63,12,98,49,24,3,28,97,127,134,66" hai1="29,21,107,20,110,61,67,124,108,39,80,102,128" hai2="99,90,30,6,87,25,131,59,123,46,74,64,22" hai3="88,37,4,54,42,100,106,73,45,86,9,43,69"/><V36/><F123/><W91/><G73/><T94/><D127/><U11/><E39/><V19/><F74/><W79/><G69/><T72/><D134/><U51/><E124/><V35/><F131/><W122/><G122/><T68/><D120/><U132/><E132/><V89/><F6/><W32/><G32/><T96/><D72/><U119/><E119/><V17/><F36/><W27/><G27/><T82/><D3/><U47/><E128/><V84/><F46/><W10/><G79/><T5/><D82/><U65/><E80/><V133/><F99/><W117/><G117/><T18/><D5/><U8/><E102/><V105/><F105/><W26/><G26/><T95/><D49/><U93/><E93/><N who="2" m="54439" /><F35/><W81/><G4/><T44/><D44/><U31/><E47/><V62/><F133/><W126/><G126/><T71/><D71/><U55/><E51/><V60/><F60/><W38/><G38/><T109/><D109/><U41/><E61/><V57/><F57/><W53/><G42/><T115/><D115/><U34/><E34/><V135/><F135/><W125/><G125/><T23/><REACH who="0" step="1"/><D95/><AGARI ba="0,0" hai="17,19,22,25,30,59,62,64,87,90,95" m="54439" machi="95" ten="30,1500,0" yaku="8,1" doraHai="103" who="2" fromWho="0" sc="220,-15,250,0,250,15,280,0" /><INIT seed="2,1,0,2,2,17" ten="205,250,265,280" oya="2" hai0="58,104,76,23,110,135,13,79,1,26,67,0,18" hai1="7,75,41,35,123,69,6,66,27,99,32,121,109" hai2="97,53,52,106,132,4,43,116,49,29,31,60,96" hai3="102,85,86,19,125,73,38,81,16,55,15,50,3"/><V44/><F116/><W115/><G3/><T59/><D104/><U90/><E75/><V71/><F132/><W47/><G125/><T2/><D110/><U39/><E66/><V98/><F106/><W78/><G115/><T21/><D135/><U42/><E69/><V133/><F133/><W89/><G38/><T56/><REACH who="0" step="1"/><D67/><REACH who="0" ten="195,250,265,280" step="2"/><U114/><E109/><V65/><F4/><W87/><G102/><T68/><D68/><U9/><E114/><V33/><F33/><W40/><G89/><T54/><D54/><U112/><E112/><V126/><F126/><W48/><REACH who="3" step="1"/><G15/><REACH who="3" ten="195,250,265,270" step="2"/><T72/><D72/><U5/><E121/><V51/><REACH who="2" step="1"/><F43/><REACH who="2" ten="195,250,255,270" step="2"/><W127/><G127/><T113/><D113/><U36/><E42/><V130/><F130/><W119/><G119/><T118/><D118/><U88/><E41/><V46/><AGARI ba="1,3" hai="29,31,44,46,49,51,52,53,60,65,71,96,97,98" machi="46" ten="30,11700,0" yaku="1,1,0,1,9,1,54,1,53,0" doraHai="17" doraHaiUra="8" who="2" fromWho="2" sc="195,-40,250,-40,255,150,270,-40" /><INIT seed="2,2,0,1,2,75" ten="155,210,405,230" oya="2" hai0="28,2,35,5,133,12,43,132,68,134,11,90,33" hai1="116,96,85,105,86,102,112,124,1,64,79,47,82" hai2="15,87,53,115,74,123,26,128,65,51,18,16,122" hai3="93,50,110,111,113,63,44,129,13,97,78,101,42"/><V103/><F74/><W3/><G3/><T14/><D68/><U72/><E1/><V69/><F115/><W60/><G129/><T92/><D43/><U6/><E6/><V20/><F128/><W117/><G117/><T120/><D120/><U30/><E116/><V22/><F103/><W49/><G113/><T88/><D90/><U56/><E112/><V66/><F87/><W10/><G50/><T94/><D94/><U83/><E124/><V121/><REACH who="2" step="1"/><F69/><REACH who="2" ten="155,210,395,230" step="2"/><W98/><G101/><T40/><D40/><U48/><E72/><V23/><F23/><W114/><G42/><T31/><D92/><U57/><E30/><N who="0" m="11305" /><D88/><U118/><E118/><V67/><F67/><W24/><G93/><T91/><D91/><U81/><E64/><V8/><F8/><W100/><G114/><T7/><D7/><U55/><E83/><V107/><F107/><W45/><G100/><T29/><N who="0" m="11313" /><T84/><DORA hai="58" /><D84/><U59/><E82/><V71/><F71/><W80/><G80/><T17/><D17/><U52/><REACH who="1" step="1"/><E85/><REACH who="1" ten="155,200,395,230" step="2"/><V104/><F104/><W46/><G98/><T106/><D106/><U39/><E39/><V19/><F19/><W109/><G97/><T61/><D61/><AGARI ba="2,2" hai="47,48,52,55,56,57,59,61,79,81,86,96,102,105" machi="61" ten="30,12000,2" yaku="1,1,7,1,52,2,54,1,53,1" doraHai="75,58" doraHaiUra="108,99" who="1" fromWho="0" sc="155,-126,200,146,395,0,230,0" /><INIT seed="3,0,0,4,4,114" ten="29,346,395,230" oya="3" hai0="54,110,56,3,133,16,84,126,12,28,129,86,105" hai1="22,77,11,124,120,66,70,26,117,100,91,85,25" hai2="40,80,33,83,125,109,21,50,1,55,2,130,87" hai3="47,9,76,62,0,121,58,31,82,52,113,15,60"/><W6/><G113/><T63/><D105/><U24/><E120/><V48/><F33/><W78/><G121/><T107/><D107/><U30/><E124/><V41/><F125/><W89/><G0/><T46/><D3/><U27/><E77/><V112/><F109/><W51/><G31/><T37/><D37/><U74/><E74/><V92/><F130/><W20/><G20/><T32/><D32/><U72/><E72/><V53/><F92/><W8/><G8/><T101/><D126/><U115/><E115/><V14/><F112/><W64/><G89/><T98/><D129/><U4/><E100/><V135/><F135/><W95/><G95/><T44/><D133/><U93/><E70/><V5/><F5/><W94/><G94/><T108/><D108/><U75/><E75/><V71/><F71/><W102/><G102/><T61/><D110/><U13/><REACH who="1" step="1"/><E66/><REACH who="1" ten="29,336,395,230" step="2"/><V34/><F34/><W88/><REACH who="3" step="1"/><G62/><REACH who="3" ten="29,336,395,220" step="2"/><T17/><D101/><U118/><AGARI ba="0,2" hai="4,11,13,22,24,25,26,27,30,85,91,93,117,118" machi="118" ten="30,8000,1" yaku="1,1,2,1,0,1,52,2,53,0" doraHai="114" doraHaiUra="45" who="1" fromWho="1" sc="29,-20,336,100,395,-20,220,-40" owari="9,-49.1,436,53.6,375,17.5,180,-22.0" /></mjloggm>