<mjloggm ver="2.3"><GO type="225" lobby="0"/><UN n0="%E3%81%A9%E3%82%8F%E3%82%93%E3%81%94" n1="%E6%A1%9C%E8%8A%B1%E9%96%83%E3%80%85" n2="%E3%83%B4%E3%83%A0%EF%BC%99%E3%81%A6" n3="%73%69%72%6F%75%74" dan="16,18,17,16" rate="2196.30,2242.63,2184.46,2032.29" sx="M,M,M,M"/><TAIKYOKU oya="0"/><INIT seed="0,0,0,3,5,76" ten="250,250,250,250" oya="0" hai0="2,98,12,99,77,84,68,15,108,112,78,113,62" hai1="132,126,24,129,69,120,114,37,91,38,105,22,44" hai2="50,131,117,36,66,18,67,29,81,8,26,10,89" hai3="107,48,97,61,51,80,102,7,49,31,55,56,59"/><T27/><D2/><U28/><E120/><V20/><F36/><W71/><G71/><T87/><D62/><U103/><E126/><V123/><F123/><W54/><G7/><T14/><D27/><U72/><E129/><V13/><F131/><W135/><G135/><T93/><D68/><U104/><E69/><V101/><F117/><W65/><G31/><T32/><D32/><U83/><E132/><V57/><F101/><W125/><G125/><T58/><D58/><U5/><E5/><V3/><F3/><W116/><G116/><T130/><D130/><U30/><E114/><V40/><F8/><W94/><G65/><T35/><D14/><U42/><E37/><V11/><F11/><W128/><G128/><T88/><D35/><U47/><E47/><N who="2" m="25959" /><F57/><W43/><G43/><T122/><D122/><U79/><E103/><V60/><F60/><W121/><G121/><T82/><D108/><U106/><REACH who="1" step="1"/><E91/><REACH who="1" ten="250,240,250,250" step="2"/><V39/><F39/><W95/><G102/><T124/><D124/><U23/><E23/><V133/><F133/><W86/><G107/><T16/><D113/><U45/><E45/><V52/><F89/><W53/><G59/><T90/><D112/><U110/><E110/><V115/><F115/><W46/><G46/><T4/><D4/><U111/><E111/><V17/><F20/><W6/><G6/><T85/><D78/><U9/><E9/><V109/><F10/><W1/><G56/><T64/><D64/><U25/><E25/><V34/><F109/><W41/><G61/><T96/><D90/><U33/><E33/><N who="2" m="20663" /><F66/><W74/><G41/><RYUUKYOKU ba="0,1" sc="250,-10,240,30,250,-10,250,-10" hai1="22,24,28,30,38,42,44,72,79,83,104,105,106" /><INIT seed="1,1,1,5,3,76" ten="240,270,240,240" oya="1" hai0="77,128,66,9,103,107,60,46,61,97,104,42,19" hai1="125,132,53,2,108,123,51,40,56,79,131,32,30" hai2="111,67,57,22,44,8,69,95,87,102,38,92,78" hai3="21,29,71,58,74,20,55,99,116,36,124,114,45"/><U63/><E123/><V59/><F69/><W11/><G114/><T113/><D128/><U83/><E131/><V89/><F111/><W80/><G71/><T0/><D113/><U129/><E129/><V84/><F102/><W4/><G99/><T10/><D104/><U91/><E125/><V34/><F34/><W119/><G124/><T120/><D120/><U26/><E132/><V118/><F118/><N who="3" m="45099" /><G45/><T65/><D77/><U121/><E121/><V15/><F67/><W81/><G74/><T17/><D66/><U85/><E2/><V115/><F115/><W14/><G36/><T16/><D0/><U110/><E40/><V49/><F38/><W134/><G134/><T126/><D126/><U41/><E41/><N who="2" m="24719" /><F22/><N who="3" m="8811" /><G29/><T112/><D112/><U122/><E122/><V31/><F31/><W27/><G27/><T86/><D65/><U100/><E100/><V101/><F101/><W105/><G105/><T117/><D117/><U133/><E133/><V7/><F59/><W68/><G68/><T37/><REACH who="0" step="1"/><D86/><REACH who="0" ten="230,270,240,240" step="2"/><U48/><E79/><V93/><F57/><W43/><G43/><T109/><D109/><AGARI ba="1,2" hai="26,30,32,48,51,53,56,63,83,85,91,108,109,110" machi="109" ten="40,7700,0" yaku="14,1,10,1,52,1" doraHai="76" who="1" fromWho="0" sc="230,-80,270,100,240,0,240,0" /><INIT seed="1,2,0,0,1,69" ten="150,370,240,240" oya="1" hai0="115,125,132,65,76,57,84,75,44,39,20,71,33" hai1="62,89,85,96,119,86,94,106,45,59,99,78,42" hai2="88,6,112,128,37,81,9,51,28,82,114,95,122" hai3="38,43,7,83,8,124,60,18,25,10,23,117,21"/><U107/><E119/><V109/><F122/><W31/><G124/><T103/><D115/><N who="2" m="44074" /><F28/><W127/><G127/><T46/><D125/><U61/><E78/><V113/><F109/><W17/><G117/><T91/><D33/><U104/><E86/><N who="2" m="52631" /><F128/><W54/><G83/><T98/><D71/><U48/><REACH who="1" step="1"/><E62/><REACH who="1" ten="150,360,240,240" step="2"/><V55/><F113/><W3/><G60/><T26/><D76/><U63/><E63/><V2/><F37/><W56/><G38/><T134/><D39/><U129/><E129/><V77/><F77/><W27/><G31/><N who="0" m="17863" /><D75/><U121/><E121/><V120/><F120/><W66/><G27/><T123/><D123/><U16/><E16/><V36/><F36/><W102/><G18/><T118/><D118/><U40/><E40/><V15/><F2/><W93/><G43/><T64/><D134/><U133/><E133/><V108/><F108/><W49/><G3/><T130/><D132/><U14/><E14/><V105/><F105/><W4/><G17/><T80/><D130/><U53/><AGARI ba="2,1" hai="42,45,48,53,59,61,85,89,94,96,99,104,106,107" machi="53" ten="30,3000,0" yaku="1,1,0,1,53,0" doraHai="69" doraHaiUra="67" who="1" fromWho="1" sc="150,-12,360,46,240,-12,240,-12" /><INIT seed="1,3,0,3,2,121" ten="138,406,228,228" oya="1" hai0="40,101,127,7,115,15,37,63,72,100,51,131,19" hai1="24,119,67,64,18,58,42,82,60,54,25,116,22" hai2="34,110,87,86,31,57,102,113,90,89,49,27,20" hai3="47,52,66,48,109,70,112,106,105,120,79,134,81"/><U74/><E42/><V35/><F113/><W68/><G112/><T130/><D115/><U11/><E25/><V129/><F129/><N who="0" m="49162" /><D37/><U93/><E93/><V99/><F57/><W128/><G120/><T94/><D72/><U3/><E3/><V118/><F49/><W73/><G105/><T117/><D7/><U45/><E11/><V33/><F118/><W5/><G5/><T85/><D117/><U29/><E29/><V91/><REACH who="2" step="1"/><F110/><REACH who="2" ten="138,406,218,228" step="2"/><W41/><G109/><T23/><D63/><U16/><E45/><V28/><F28/><W107/><G47/><N who="0" m="26087" /><D127/><U1/><E119/><V96/><F96/><W0/><G70/><T32/><D32/><U71/><E116/><V50/><F50/><W83/><G68/><T14/><D14/><U104/><E1/><V6/><F6/><W77/><G48/><T65/><D65/><U26/><E71/><V76/><F76/><W46/><G66/><T2/><D2/><U114/><E114/><V108/><F108/><W17/><G0/><T21/><D15/><U92/><E64/><V4/><F4/><W10/><G128/><T111/><D111/><U12/><E67/><V132/><F132/><W44/><G134/><T95/><D19/><U97/><E18/><V98/><F98/><W78/><G17/><T43/><D43/><U69/><E69/><V84/><F84/><W55/><G41/><T124/><D124/><U39/><E12/><V36/><F36/><W30/><G30/><T103/><D85/><U88/><E39/><V75/><F75/><W56/><G73/><T8/><D8/><U38/><E74/><RYUUKYOKU ba="3,1" sc="138,15,406,-15,218,15,228,-15" hai0="21,23,94,95,100,101,103" hai2="20,27,31,33,34,35,86,87,89,90,91,99,102" /><INIT seed="2,4,1,5,5,57" ten="153,391,233,213" oya="2" hai0="64,12,33,44,34,6,112,116,125,22,80,104,93" hai1="20,45,95,14,53,35,41,3,10,1,126,109,60" hai2="124,107,90,79,5,101,42,133,49,119,66,98,99" hai3="30,91,103,24,129,134,46,70,29,2,40,77,48"/><V108/><F119/><W118/><G118/><T59/><D116/><U87/><E35/><V97/><F79/><W15/><G2/><T32/><D104/><U73/><E109/><V92/><F108/><W38/><G70/><T106/><D112/><U72/><E20/><V39/><F39/><W61/><G129/><T105/><D125/><U120/><E60/><V62/><F124/><W86/><G134/><T96/><D80/><U16/><E53/><V74/><F74/><W23/><G103/><T81/><D81/><U21/><E126/><V65/><F133/><W37/><G77/><T75/><D75/><U117/><E120/><V9/><F97/><W43/><G61/><T78/><D78/><U17/><E1/><V127/><F127/><W27/><G15/><T130/><D130/><U100/><E3/><V52/><F42/><W111/><G111/><T7/><D44/><U132/><E132/><V82/><F82/><W113/><G40/><T28/><D106/><U131/><E131/><V19/><F19/><W11/><G11/><T18/><D28/><U122/><E122/><V135/><F135/><W123/><G113/><T68/><D68/><U47/><E41/><V31/><F31/><W115/><G115/><T25/><D105/><U102/><E73/><V88/><F90/><W26/><G123/><T114/><D114/><U69/><E72/><V4/><F9/><W0/><G0/><T85/><D34/><U58/><E117/><V84/><F84/><W36/><G30/><T121/><D121/><U76/><E87/><V55/><F107/><W8/><G8/><RYUUKYOKU ba="4,1" sc="153,-10,391,-10,233,-10,213,30" hai3="23,24,26,27,29,36,37,38,43,46,48,86,91" /><INIT seed="3,5,1,0,4,110" ten="143,381,223,243" oya="3" hai0="49,83,70,18,73,135,129,63,65,113,58,80,51" hai1="99,5,36,52,3,88,59,121,22,84,131,29,103" hai2="95,115,42,6,108,91,111,87,35,25,31,72,97" hai3="89,19,39,32,34,26,77,4,13,118,44,38,8"/><W30/><G77/><T17/><D135/><U68/><E68/><V100/><F115/><W41/><G118/><T9/><D129/><U94/><E36/><V11/><F72/><W78/><G78/><T14/><D73/><U27/><E121/><V128/><F42/><W102/><G34/><T126/><D126/><U43/><E43/><V93/><REACH who="2" step="1"/><F128/><REACH who="2" ten="143,381,213,243" step="2"/><W101/><G38/><T62/><D113/><U46/><E131/><V7/><F7/><W50/><G39/><T81/><REACH who="0" step="1"/><D17/><REACH who="0" ten="133,381,213,243" step="2"/><U56/><E5/><V45/><F45/><W106/><G19/><T71/><D71/><U23/><E46/><V127/><F127/><W105/><G44/><T60/><D60/><U104/><E59/><V119/><F119/><W107/><G4/><T24/><D24/><U33/><E56/><V0/><AGARI ba="5,3" hai="0,6,11,25,31,35,87,91,93,95,97,100,108,111" machi="0" ten="30,2000,0" yaku="1,1,0,1,53,0" doraHai="110" doraHaiUra="132" who="2" fromWho="2" sc="133,-10,381,-10,213,65,243,-15" owari="123,-37.7,371,47.1,278,7.8,228,-17.2" /></mjloggm>