<mjloggm ver="2.3"><GO type="225" lobby="0"/><UN n0="%6D%75%75%73%61%6E%6D%75" n1="%E5%B8%86%E7%AB%8B%E5%A4%8F%E8%A1%A3" n2="%E7%8B%82%E6%B0%97%E3%81%AE%E7%9E%B3" n3="%E3%81%A8%E3%82%89%E3%81%84%E3%81%A1" dan="17,17,16,16" rate="2181.09,2198.92,2036.99,2109.78" sx="F,M,F,M"/><TAIKYOKU oya="0"/><INIT seed="0,0,0,5,5,49" ten="250,250,250,250" oya="0" hai0="68,43,82,75,115,24,63,123,53,114,46,19,109" hai1="71,90,14,134,73,30,116,121,8,0,74,77,91" hai2="64,20,6,52,15,78,26,66,33,79,57,129,100" hai3="48,42,130,35,86,120,21,47,87,31,108,122,76"/><T59/><D123/><N who="3" m="47145" /><G108/><T55/><D109/><U92/><E121/><V17/><F33/><W16/><G76/><N who="2" m="29225" /><F100/><W25/><G130/><T61/><D82/><U96/><E116/><V70/><F70/><W5/><G5/><T117/><D19/><U13/><E134/><V84/><F84/><W37/><G37/><N who="0" m="21871" /><D24/><AGARI ba="0,0" hai="16,21,24,25,31,35,42,47,48,86,87" m="47145" machi="24" ten="30,2000,0" yaku="13,1,54,1" doraHai="49" who="3" fromWho="0" sc="250,-20,250,0,250,0,250,20" /><INIT seed="1,0,0,5,5,22" ten="230,250,250,270" oya="1" hai0="62,72,94,7,41,87,6,82,13,78,65,119,5" hai1="57,106,92,123,76,26,2,25,115,120,79,27,55" hai2="21,97,66,45,51,64,116,93,121,77,113,112,60" hai3="42,47,52,134,19,14,61,23,89,4,84,105,30"/><U126/><E106/><V63/><F116/><W1/><G134/><T36/><D119/><U59/><E115/><N who="2" m="44107" /><F77/><N who="1" m="29769" /><E2/><V83/><F83/><W70/><G105/><T10/><D36/><U67/><E126/><V96/><F121/><W95/><G30/><T39/><D39/><U80/><E123/><V109/><F109/><W127/><G127/><T99/><D41/><U35/><E35/><V24/><F63/><W20/><G1/><T33/><D33/><U32/><E32/><V111/><F111/><W102/><G102/><T110/><D72/><U54/><E80/><V90/><F96/><W28/><G4/><T98/><D98/><U117/><E117/><V91/><F91/><W107/><G107/><T125/><D110/><U129/><E129/><V130/><F60/><W133/><G133/><T15/><D125/><U11/><E120/><V101/><F101/><W100/><G100/><T40/><D40/><U71/><E71/><V118/><F118/><W29/><G23/><T46/><D46/><U128/><E128/><V43/><F130/><W74/><G74/><T38/><D38/><U135/><E135/><V86/><F97/><W44/><G44/><T58/><REACH who="0" step="1"/><D10/><REACH who="0" ten="220,250,250,270" step="2"/><U103/><E67/><V85/><F85/><W48/><G70/><T131/><D131/><U9/><E9/><V53/><F43/><W69/><G69/><T81/><D81/><U75/><E75/><V114/><N who="2" m="44115" /><V3/><DORA hai="132" /><F3/><W16/><G42/><T104/><D104/><U12/><E55/><V73/><F73/><W18/><G61/><T50/><D50/><U37/><E54/><RYUUKYOKU ba="0,1" sc="220,10,250,-30,250,10,270,10" hai0="5,6,7,13,15,58,62,65,78,82,87,94,99" hai2="21,24,45,51,53,64,66,86,90,93" hai3="14,16,18,19,20,28,29,47,48,52,84,89,95" /><INIT seed="2,1,1,0,4,130" ten="230,220,260,280" oya="2" hai0="59,84,48,65,127,0,72,13,110,40,105,85,101" hai1="125,44,58,4,30,20,116,131,51,63,22,1,36" hai2="89,61,128,97,80,8,69,67,60,119,11,120,78" hai3="93,29,23,108,66,79,112,31,37,14,121,74,6"/><V15/><F120/><W102/><G121/><T21/><D0/><U73/><E116/><V9/><F119/><W104/><G37/><T135/><D72/><U76/><E125/><V91/><F128/><W75/><G104/><T133/><D127/><U16/><E131/><V99/><F15/><W92/><G108/><T57/><D110/><U70/><E70/><V42/><F42/><W100/><G112/><T82/><D101/><U96/><E36/><V45/><F45/><W117/><G117/><T122/><D105/><U68/><E68/><V129/><F129/><W103/><G66/><T56/><D122/><U18/><E76/><V106/><F61/><W27/><G31/><T5/><D65/><N who="1" m="39159" /><E4/><V12/><F12/><W28/><G28/><T35/><D35/><U77/><E77/><V94/><F106/><W43/><G43/><T123/><D123/><U62/><E62/><V2/><F2/><W39/><G39/><T115/><D115/><U38/><E38/><V41/><F41/><W33/><G79/><N who="0" m="46175" /><D85/><U49/><E73/><V55/><F55/><W7/><G75/><T114/><D114/><U50/><E1/><V107/><F107/><W118/><G74/><T86/><D86/><U132/><E44/><V124/><F124/><W54/><G118/><T19/><D5/><N who="3" m="1545" /><G33/><T25/><D13/><N who="1" m="9231" /><E30/><V83/><F78/><W64/><G64/><T134/><D40/><U109/><E109/><V24/><F24/><W71/><G71/><T126/><D126/><U26/><E96/><V113/><F113/><W87/><G29/><T46/><D46/><U95/><E95/><AGARI ba="1,1" hai="8,9,11,60,67,69,80,83,89,91,94,95,97,99" machi="95" ten="40,3900,0" yaku="6,1,9,1" doraHai="130" who="2" fromWho="1" sc="230,0,220,-42,260,52,280,0" /><INIT seed="2,2,0,5,4,118" ten="230,178,312,280" oya="2" hai0="83,124,24,26,20,17,97,27,70,59,101,125,130" hai1="28,52,114,116,96,120,132,74,58,117,85,112,103" hai2="0,86,55,46,57,43,107,60,72,37,91,32,126" hai3="62,53,80,6,35,122,3,1,39,71,75,22,61"/><V104/><F32/><W65/><G35/><T25/><D70/><U95/><E74/><V127/><F0/><W89/><G39/><T66/><D130/><U18/><E28/><V48/><F72/><W110/><G110/><T87/><D66/><U73/><E73/><V45/><F86/><W76/><G6/><T47/><D47/><U115/><E132/><V49/><F91/><W106/><G106/><T134/><D59/><U77/><E18/><V42/><F104/><W29/><G89/><T109/><D134/><U10/><E10/><V63/><F107/><W11/><G11/><T38/><D38/><U79/><E120/><V94/><F94/><W81/><G81/><T105/><REACH who="0" step="1"/><D109/><REACH who="0" ten="220,178,312,280" step="2"/><U50/><REACH who="1" step="1"/><E85/><REACH who="1" ten="220,168,312,280" step="2"/><V33/><F126/><W82/><G75/><T23/><D23/><U13/><E13/><V51/><F127/><W41/><G22/><T92/><D92/><U119/><AGARI ba="2,2" hai="50,52,58,77,79,95,96,103,112,114,115,116,117,119" machi="119" ten="40,5200,0" yaku="1,1,0,1,54,1,53,0" doraHai="118" doraHaiUra="7" who="1" fromWho="1" sc="220,-15,168,78,312,-28,280,-15" /><INIT seed="3,0,0,0,2,82" ten="205,246,284,265" oya="3" hai0="99,53,26,77,120,126,87,4,9,74,33,66,45" hai1="56,73,1,90,70,42,84,88,119,78,29,34,110" hai2="60,63,105,38,132,100,13,124,37,27,111,35,20" hai3="117,65,114,94,127,83,50,47,106,95,76,80,103"/><W135/><G114/><T102/><D120/><U59/><E70/><V32/><F105/><W93/><G117/><T131/><D131/><U123/><E1/><V28/><F100/><W81/><G127/><T39/><D126/><U118/><E123/><V40/><F124/><W30/><G135/><T23/><D33/><U121/><E121/><V25/><F40/><W72/><G65/><T14/><D66/><U79/><E42/><V64/><F132/><W49/><G30/><T7/><D74/><U57/><E73/><V133/><F133/><W109/><G109/><T85/><D77/><N who="1" m="29195" /><E110/><V69/><F111/><W8/><G8/><T115/><D115/><U101/><E101/><V18/><F60/><W108/><G108/><T122/><D122/><U16/><E29/><AGARI ba="0,0" hai="13,18,20,25,27,28,29,32,35,37,38,63,64,69" machi="29" ten="40,1300,0" yaku="9,1" doraHai="82" who="2" fromWho="1" sc="205,0,246,-13,284,13,265,0" /><INIT seed="4,0,0,4,1,54" ten="205,233,297,265" oya="0" hai0="9,96,127,60,92,107,11,129,72,111,119,82,50" hai1="134,31,89,69,64,38,123,27,52,24,16,59,35" hai2="112,95,49,28,10,67,76,0,57,1,23,117,122" hai3="116,17,121,8,84,83,102,70,114,113,74,71,36"/><T34/><D119/><U30/><E123/><V13/><F122/><W90/><G121/><T133/><D107/><U125/><E38/><V41/><F117/><W130/><G116/><T53/><D34/><U88/><E134/><V22/><F76/><W86/><G74/><T29/><D133/><U80/><E125/><V101/><F0/><W6/><G130/><T33/><D129/><U132/><E132/><V15/><F1/><W79/><G36/><T115/><D127/><U106/><E106/><V14/><F112/><N who="3" m="43115" /><G17/><T91/><D115/><U104/><E104/><V93/><F10/><W4/><G102/><T73/><D111/><U135/><E135/><V51/><F101/><W55/><G55/><T7/><D60/><U46/><E80/><V68/><F68/><N who="3" m="26155" /><G8/><T56/><D9/><U65/><E69/><V26/><F23/><W109/><G109/><T61/><D50/><N who="2" m="18954" /><F41/><W37/><G37/><T99/><D99/><U94/><E35/><V78/><F78/><W32/><G32/><T77/><D73/><U43/><E43/><V120/><F120/><W85/><G85/><T19/><D19/><U118/><E16/><V81/><F81/><AGARI ba="0,0" hai="4,6,79,81,83,84,86,90" m="26155,43115" machi="81" ten="30,1000,0" yaku="15,1" doraHai="54" who="3" fromWho="2" sc="205,0,233,0,297,-10,265,10" /><INIT seed="5,0,0,3,4,74" ten="205,233,287,275" oya="1" hai0="122,32,118,2,29,85,56,107,82,11,76,62,131" hai1="132,73,37,64,134,52,119,108,47,69,31,72,105" hai2="46,83,54,66,67,57,75,104,91,121,93,128,88" hai3="123,94,9,124,17,113,35,111,15,27,60,33,59"/><U22/><E105/><V30/><F104/><W49/><G123/><T50/><D122/><U28/><E119/><V115/><F121/><W87/><G111/><T51/><D118/><U90/><E108/><V100/><F128/><W84/><G113/><T96/><D131/><U97/><E72/><V81/><F75/><W48/><G124/><T36/><D36/><U68/><E73/><V8/><F115/><W43/><G43/><T120/><D120/><U4/><E4/><V112/><F112/><W41/><G41/><T24/><D2/><U40/><E22/><V42/><F30/><W127/><G127/><T125/><D11/><U19/><E19/><V20/><F20/><N who="3" m="13711" /><G33/><T3/><D3/><U78/><E78/><V63/><F8/><W109/><G35/><T39/><D39/><U98/><E31/><V99/><F42/><W77/><G94/><T23/><D32/><U65/><E28/><V25/><F25/><W14/><G14/><T16/><D29/><U21/><E21/><V71/><F71/><N who="1" m="27209" /><E90/><N who="2" m="34347" /><F46/><W133/><G109/><T103/><REACH who="0" step="1"/><D125/><REACH who="0" ten="195,233,287,275" step="2"/><U95/><E134/><V79/><F79/><W0/><G133/><T110/><D110/><U53/><E132/><V106/><F106/><W18/><G0/><T58/><D58/><U116/><E116/><V89/><F100/><W1/><G1/><T7/><D7/><U114/><E114/><V129/><F129/><W70/><G77/><T6/><D6/><U92/><E92/><V101/><F101/><W102/><G102/><T126/><D126/><U86/><E95/><V10/><F10/><W130/><G9/><RYUUKYOKU ba="0,1" sc="195,15,233,-15,287,15,275,-15" hai0="16,23,24,50,51,56,62,76,82,85,96,103,107" hai2="54,57,63,66,67,81,83,89,93,99" owari="210,-29.0,218,-18.2,312,41.2,260,6.0" /></mjloggm>