<mjloggm ver="2.3"><GO type="225" lobby="0"/><UN n0="%E5%B0%8F%E9%B3%A5%E9%81%8A%E7%B7%B4%E7%84%A1%32%31%E6%AD%B3" n1="%E3%81%86%E3%83%BC%E3%81%B1%E3%83%BC" n2="%6D%75%75%6D%75%72%61" n3="%72%69%6F%75%63%68%61%6E" dan="16,16,16,17" rate="2126.28,2146.49,2147.72,2149.44" sx="F,F,F,M"/><TAIKYOKU oya="0"/><INIT seed="0,0,0,4,3,26" ten="250,250,250,250" oya="0" hai0="102,42,123,37,86,43,10,100,12,74,16,36,105" hai1="3,66,19,6,31,39,84,70,62,49,15,52,79" hai2="0,24,133,90,125,14,126,45,32,41,46,69,119" hai3="134,44,20,28,103,101,124,25,48,83,104,115,110"/><T95/><D74/><U80/><E39/><V82/><F0/><W53/><G110/><T92/><D123/><U59/><E3/><V11/><F69/><W91/><G124/><N who="2" m="47721" /><F133/><W1/><G134/><T78/><D105/><U67/><E6/><N who="2" m="3447" /><F119/><W55/><G115/><T64/><D64/><U98/><E98/><V2/><F2/><W114/><G114/><T35/><D35/><U132/><E132/><V128/><F128/><W33/><G1/><T116/><D116/><U47/><E31/><N who="2" m="19559" /><F41/><N who="0" m="15370" /><D37/><U73/><E73/><V85/><AGARI ba="0,0" hai="45,46,82,85,90" m="19559,3447,47721" machi="85" ten="30,2000,0" yaku="18,1,52,1" doraHai="26" who="2" fromWho="2" sc="250,-10,250,-5,250,20,250,-5" /><INIT seed="1,0,0,2,5,124" ten="240,245,270,245" oya="1" hai0="111,135,29,104,78,77,56,93,63,106,121,123,28" hai1="60,42,95,134,70,112,113,9,31,125,88,26,2" hai2="132,99,129,50,38,61,53,30,84,85,57,115,6" hai3="62,21,17,67,117,8,10,22,54,1,52,72,87"/><U16/><E42/><V49/><F38/><W110/><G110/><T131/><D111/><U126/><E60/><V80/><F132/><W51/><G72/><T39/><D39/><U119/><E70/><V97/><F115/><W118/><G87/><T130/><D93/><U33/><E119/><N who="3" m="45578" /><G1/><T59/><REACH who="0" step="1"/><D63/><REACH who="0" ten="230,245,270,245" step="2"/><U74/><E134/><AGARI ba="0,1" hai="28,29,56,59,77,78,104,106,121,123,130,131,134,135" machi="134" ten="25,12000,2" yaku="1,1,2,1,22,2,52,2,53,0" doraHai="124" doraHaiUra="71" who="0" fromWho="1" sc="230,130,245,-120,270,0,245,0" /><INIT seed="2,0,0,5,3,72" ten="360,125,270,245" oya="2" hai0="119,19,30,57,73,42,68,71,132,134,2,135,52" hai1="133,64,13,128,88,14,103,70,121,124,41,80,5" hai2="49,109,26,32,62,29,39,67,65,95,53,28,77" hai3="38,94,40,58,108,75,118,61,78,76,130,102,0"/><V131/><F131/><W59/><G118/><T112/><D119/><U93/><E133/><V126/><F126/><W48/><G0/><T34/><D2/><U87/><E128/><V79/><F39/><W83/><G130/><T122/><D112/><U114/><E114/><V82/><F109/><W86/><G108/><T47/><D122/><U54/><E124/><V43/><F43/><W56/><G38/><N who="0" m="21975" /><D19/><U16/><E41/><V22/><F95/><W11/><G11/><T17/><D17/><U90/><E103/><V3/><F3/><W23/><G23/><T33/><D73/><U107/><E107/><V36/><F36/><W92/><G102/><T45/><D45/><U113/><E113/><V106/><F106/><W120/><G120/><T50/><D30/><N who="2" m="11882" /><F32/><AGARI ba="0,0" hai="32,33,34,50,52,57,68,71,132,134,135" m="21975" machi="32" ten="40,2600,0" yaku="20,1,54,1" doraHai="72" who="0" fromWho="2" sc="360,26,125,0,270,-26,245,0" /><INIT seed="3,0,0,0,0,14" ten="386,125,244,245" oya="3" hai0="87,96,43,104,69,48,71,22,110,59,39,52,89" hai1="51,123,100,116,47,99,78,35,56,114,105,16,34" hai2="62,74,36,108,26,3,27,23,17,77,86,0,94" hai3="33,112,88,8,60,127,76,41,130,119,101,106,58"/><W82/><G112/><T113/><D113/><U109/><E123/><V18/><F36/><W6/><G119/><T4/><D4/><U65/><E109/><V61/><F108/><W132/><G33/><T13/><D110/><U55/><E116/><V50/><F74/><W115/><G115/><T107/><D43/><U21/><E78/><V125/><F125/><W70/><G70/><T121/><D39/><U128/><E128/><V44/><F3/><W5/><G127/><T72/><D72/><U10/><E10/><V24/><F0/><W11/><G130/><T1/><D1/><U42/><E65/><V92/><F23/><W64/><G132/><T7/><D121/><U122/><E122/><V19/><F77/><W91/><G41/><T97/><D69/><U63/><REACH who="1" step="1"/><E114/><REACH who="1" ten="386,115,244,245" step="2"/><V131/><F131/><W68/><G8/><N who="0" m="4255" /><D71/><U30/><E30/><V93/><F86/><W90/><G68/><T45/><D87/><U67/><E67/><V124/><F124/><W118/><G118/><T29/><D29/><U57/><E57/><V80/><F80/><W49/><G11/><T95/><D59/><U75/><E75/><V120/><F120/><W81/><G81/><T102/><D97/><U15/><AGARI ba="0,1" hai="15,16,21,34,35,42,47,51,55,56,63,99,100,105" machi="15" ten="20,8000,1" yaku="1,1,0,1,7,1,52,1,54,1,53,0" doraHai="14" doraHaiUra="84" who="1" fromWho="1" sc="386,-20,115,90,244,-20,245,-40" owari="366,46.6,205,-19.5,224,2.4,205,-29.5" /></mjloggm>