<mjloggm ver="2.3"><GO type="225" lobby="0"/><UN n0="%73%73%6B%5F%66%72%65%65" n1="%E3%81%B5%E3%81%98%E3%81%8B%E3%81%A4" n2="%EF%BC%B3%E3%81%9E%E3%81%88%E2%98%86" n3="%72%69%6F%75%63%68%61%6E" dan="16,17,16,16" rate="2114.39,2222.61,2085.00,2173.91" sx="M,M,M,M"/><TAIKYOKU oya="0"/><INIT seed="0,0,0,1,3,16" ten="250,250,250,250" oya="0" hai0="109,101,128,120,126,94,46,15,36,83,93,78,22" hai1="43,60,115,10,77,103,2,61,28,85,30,129,58" hai2="45,88,80,32,67,39,35,134,14,64,98,38,21" hai3="79,8,33,123,121,23,76,102,127,34,13,51,54"/><T71/><D120/><N who="3" m="46153" /><G127/><T25/><D126/><U105/><E129/><V20/><F134/><W18/><G102/><T31/><D128/><U0/><E115/><V65/><F14/><N who="3" m="9687" /><G76/><T56/><D109/><U131/><E43/><V114/><F114/><W50/><G79/><T1/><D71/><U104/><E131/><V73/><F45/><N who="3" m="27983" /><G51/><T111/><D111/><U44/><E77/><V24/><F24/><W100/><G100/><T40/><D1/><U29/><E103/><V53/><F53/><W3/><G3/><T59/><D101/><U92/><E44/><V89/><F98/><W91/><G91/><N who="2" m="34889" /><F80/><W130/><G130/><T70/><D70/><U95/><E58/><V97/><F97/><W9/><G9/><T112/><D112/><U12/><E10/><V99/><F99/><W19/><AGARI ba="0,0" hai="8,13,19,33,34" m="27983,9687,46153" machi="19" ten="30,2000,0" yaku="13,1,52,1" doraHai="16" who="3" fromWho="3" sc="250,-10,250,-5,250,-5,250,20" /><INIT seed="1,0,0,3,2,71" ten="240,245,245,270" oya="1" hai0="68,121,29,102,110,51,54,84,88,94,33,134,93" hai1="48,70,22,65,47,17,60,131,111,105,9,42,10" hai2="128,115,63,95,46,103,0,20,135,92,62,120,76" hai3="81,117,85,69,107,106,113,41,118,15,119,3,11"/><U35/><E131/><V91/><F120/><W16/><G113/><T77/><D121/><U58/><E35/><V87/><F0/><W108/><G108/><T59/><D110/><U74/><E111/><V23/><F128/><W34/><G69/><T64/><D134/><U73/><E105/><V78/><F135/><W122/><G122/><T25/><D77/><N who="2" m="29802" /><F115/><W2/><G34/><T80/><REACH who="0" step="1"/><D102/><REACH who="0" ten="230,245,245,270" step="2"/><U31/><E74/><V129/><F129/><W36/><G107/><T98/><D98/><U55/><E73/><V43/><F103/><W82/><G106/><T75/><D75/><U109/><E109/><V18/><F95/><W8/><G82/><T67/><D67/><U97/><E97/><V123/><F123/><W127/><G127/><T32/><D32/><U39/><E31/><V89/><F92/><W28/><G28/><T112/><D112/><U13/><AGARI ba="0,1" hai="9,10,13,17,22,39,42,47,48,55,58,60,65,70" machi="13" ten="20,12000,1" yaku="0,1,7,1,24,2,52,1" doraHai="71" who="1" fromWho="1" sc="230,-40,245,130,245,-40,270,-40" /><INIT seed="1,1,0,1,2,130" ten="190,375,205,230" oya="1" hai0="65,41,13,95,122,121,61,25,120,115,78,127,107" hai1="26,87,76,39,80,81,5,64,96,88,94,124,97" hai2="7,4,33,23,133,92,73,109,106,67,59,49,3" hai3="47,118,0,36,131,28,57,27,105,77,79,75,34"/><U68/><E124/><V8/><F106/><W119/><G131/><T69/><D115/><U32/><E39/><V9/><F33/><W104/><G0/><T44/><D127/><U110/><E110/><V40/><F73/><W46/><G57/><T103/><D78/><N who="3" m="29705" /><G75/><T17/><D25/><U108/><E108/><V20/><F109/><W12/><G12/><T51/><D107/><N who="3" m="41033" /><G36/><T86/><D86/><U50/><E5/><V102/><F67/><W35/><G35/><T63/><D63/><U116/><E81/><V135/><F40/><W21/><G34/><T83/><D83/><U38/><E38/><V37/><F37/><W66/><G66/><T30/><D30/><U31/><E50/><V18/><F49/><W60/><G60/><T114/><D114/><U132/><E64/><V125/><F59/><W99/><G99/><T10/><D95/><U98/><E68/><V24/><F125/><W93/><G93/><T134/><D103/><U91/><E91/><V43/><F43/><W82/><G82/><T74/><D74/><U112/><E112/><V58/><F58/><W128/><G128/><T6/><D6/><U126/><E126/><V84/><F84/><W100/><G100/><T11/><D11/><U54/><E87/><V117/><F117/><AGARI ba="1,0" hai="21,27,28,46,47,117,118,119" m="41033,29705" machi="117" ten="30,1000,0" yaku="12,1" doraHai="130" who="3" fromWho="2" sc="190,0,375,0,205,-13,230,13" /><INIT seed="2,0,0,2,3,66" ten="190,375,192,243" oya="2" hai0="49,70,77,26,86,93,97,33,69,17,91,128,27" hai1="51,38,65,16,50,55,82,12,13,36,7,107,18" hai2="20,114,122,73,39,22,125,5,101,0,6,56,68" hai3="44,115,61,90,120,92,81,123,85,94,14,15,124"/><V21/><F122/><W57/><G123/><T34/><D128/><U23/><E107/><V19/><F114/><W42/><G120/><T25/><D49/><U4/><E65/><V75/><F39/><W103/><G124/><T3/><D3/><U96/><E96/><V99/><F125/><W31/><G115/><T79/><D17/><U105/><E105/><V110/><F110/><W67/><G31/><T95/><D77/><U45/><E82/><V8/><F6/><W28/><G28/><T112/><D112/><U117/><E117/><V100/><F68/><W113/><G113/><T135/><D135/><U134/><E134/><V32/><F32/><W64/><G64/><T87/><D34/><U106/><E106/><V41/><F41/><W119/><G119/><T11/><D11/><N who="1" m="6207" /><E36/><V63/><F19/><W58/><G58/><T24/><N who="0" m="6144" /><DORA hai="52" /><T78/><D33/><U89/><E89/><V131/><F131/><W80/><G80/><T10/><D10/><U84/><E84/><V102/><REACH who="2" step="1"/><F99/><REACH who="2" ten="190,375,182,243" step="2"/><N who="3" m="59879" /><G81/><T71/><REACH who="0" step="1"/><D86/><REACH who="0" ten="180,375,182,243" step="2"/><U108/><E108/><V76/><F76/><W48/><AGARI ba="0,2" hai="14,15,42,44,48,57,61,67,85,90,94" m="59879" machi="48" ten="30,2000,0" yaku="8,1,52,1" doraHai="66,52" who="3" fromWho="3" sc="180,-5,375,-5,182,-10,243,40" /><INIT seed="3,0,0,5,3,49" ten="175,370,172,283" oya="3" hai0="125,118,66,18,103,128,68,39,122,33,111,21,61" hai1="4,46,45,67,71,100,13,119,110,22,44,25,129" hai2="133,108,114,29,130,92,77,52,88,54,34,124,83" hai3="116,27,135,131,14,62,91,73,42,12,109,7,126"/><W2/><G116/><T97/><D118/><U58/><E110/><V6/><F114/><W5/><G73/><T31/><D122/><U72/><E119/><V10/><F108/><W85/><G109/><T79/><D128/><U28/><E72/><V101/><F130/><W99/><G131/><T50/><D39/><U70/><E129/><V123/><F123/><W81/><G126/><T11/><D11/><N who="1" m="4327" /><E71/><V26/><F101/><W87/><G135/><T78/><D50/><U64/><E70/><V1/><F124/><W115/><G115/><T55/><D55/><U117/><E117/><V56/><F56/><W19/><G42/><T105/><D111/><U98/><E58/><V89/><F89/><W112/><G112/><T106/><D106/><U86/><E86/><V121/><F133/><W60/><G99/><T120/><D120/><U59/><E59/><V84/><REACH who="2" step="1"/><F121/><REACH who="2" ten="175,370,162,283" step="2"/><W107/><G107/><T41/><D125/><U96/><E100/><V47/><F47/><W57/><G57/><T37/><D37/><U43/><E43/><V82/><F82/><W35/><G81/><T113/><D41/><U90/><E90/><V38/><F38/><W40/><G91/><T63/><D113/><U132/><E132/><V95/><F95/><W8/><G40/><T17/><D61/><U76/><E45/><V75/><AGARI ba="0,1" hai="1,6,10,26,29,34,52,54,75,77,83,84,88,92" machi="75" ten="20,12000,2" yaku="1,1,0,1,7,1,52,2,54,2,53,0" doraHai="49" doraHaiUra="36" who="2" fromWho="2" sc="175,-30,370,-30,162,130,283,-60" owari="145,-35.5,340,44.0,292,9.2,223,-17.7" /></mjloggm>