<mjloggm ver="2.3"><GO type="225" lobby="0"/><UN n0="%E9%B3%B3%E6%9D%B1%E3%81%AE%E3%81%86%E3%81%95%E3%81%8E%E3%81%95%E3%82%93" n1="%E3%81%95%E3%81%8D%E3%81%9F%E3%81%BE%E6%9E%97%E6%AA%8E" n2="%E3%81%9F%E3%81%93%E2%98%86%E7%84%BC%E3%81%8D" n3="%E7%BD%AA%E5%88%91%E6%B3%95%E5%AE%9A%E4%B8%BB%E7%BE%A9" dan="16,16,16,16" rate="2164.99,2128.29,2136.38,2132.93" sx="M,M,M,M"/><TAIKYOKU oya="0"/><INIT seed="0,0,0,5,5,79" ten="250,250,250,250" oya="0" hai0="99,37,38,56,125,62,115,34,5,27,51,45,15" hai1="93,13,33,12,28,82,118,100,124,130,61,48,103" hai2="29,0,108,65,77,86,133,76,80,81,87,42,85" hai3="114,39,83,1,90,59,107,110,98,47,24,52,55"/><T14/><D115/><U121/><E121/><V96/><F0/><W23/><G1/><T106/><D125/><U53/><E118/><V58/><F29/><W122/><G114/><T84/><D37/><U109/><E109/><V68/><F68/><W94/><G110/><T30/><D38/><U40/><E124/><V32/><F32/><W19/><G122/><T10/><D84/><U20/><E33/><V126/><F108/><W22/><G107/><T8/><D106/><U31/><E130/><V44/><F133/><W92/><G39/><T78/><D78/><U67/><E40/><V91/><F96/><W3/><G3/><T6/><D99/><U113/><E82/><V41/><F44/><W120/><G120/><T60/><REACH who="0" step="1"/><D56/><REACH who="0" ten="240,250,250,250" step="2"/><U101/><E113/><V97/><F97/><N who="3" m="57495" /><G59/><T64/><D64/><U9/><E67/><V132/><F126/><W102/><G47/><T131/><D131/><U21/><E61/><N who="2" m="38071" /><F132/><W95/><G95/><AGARI ba="0,1" hai="41,42,76,77,80,81,85,86,87,91,95" m="38071" machi="95" ten="30,3900,0" yaku="8,1,52,2" doraHai="79" who="2" fromWho="3" sc="240,0,250,0,250,49,250,-39" /><INIT seed="1,0,0,1,5,125" ten="240,250,299,211" oya="1" hai0="131,96,32,14,119,94,50,115,62,108,8,24,120" hai1="112,49,26,45,63,103,68,41,76,25,135,91,93" hai2="83,117,11,105,1,118,79,29,5,31,16,92,57" hai3="129,33,51,80,37,113,123,17,61,19,104,70,2"/><U126/><E112/><V102/><F105/><W132/><RYUUKYOKU type="yao9" ba="0,0" sc="240,0,250,0,299,0,211,0" hai3="2,17,19,33,37,51,61,70,80,104,113,123,129,132" /><INIT seed="1,1,0,0,4,126" ten="240,250,299,211" oya="1" hai0="110,86,130,98,8,75,74,95,94,19,55,30,56" hai1="89,13,35,7,132,45,41,47,2,20,123,77,26" hai2="79,16,72,23,66,96,21,117,103,116,71,38,32" hai3="43,9,18,68,59,133,90,60,54,62,107,67,70"/><U81/><E132/><V128/><F38/><W37/><G107/><T111/><D30/><U120/><E35/><V36/><F32/><W135/><G90/><N who="0" m="53591" /><D19/><U83/><E89/><V5/><F36/><W14/><REACH who="3" step="1"/><G70/><REACH who="3" ten="240,250,299,201" step="2"/><T134/><D134/><U91/><E91/><V33/><F71/><W97/><G97/><T40/><D98/><U12/><E120/><V3/><F96/><W31/><G31/><T24/><D111/><U100/><E123/><V114/><F117/><W88/><G88/><T84/><D110/><U34/><E100/><V29/><F103/><W127/><G127/><T61/><D95/><U109/><E109/><V25/><F29/><W119/><G119/><T49/><D130/><U46/><E83/><V113/><F128/><W131/><G131/><T78/><D78/><U82/><E82/><V63/><F116/><W101/><G101/><T105/><D105/><U42/><E81/><V80/><F80/><W15/><G15/><T115/><D75/><U57/><E77/><V69/><F72/><W65/><G65/><T53/><D74/><U112/><E13/><V106/><F66/><W44/><AGARI ba="1,1" hai="9,14,18,37,43,44,54,59,60,62,67,68,133,135" machi="44" ten="30,4000,0" yaku="1,1,0,1,53,1" doraHai="126" doraHaiUra="4" who="3" fromWho="3" sc="240,-11,250,-21,299,-11,201,53" /><INIT seed="2,0,0,3,5,79" ten="229,229,288,254" oya="2" hai0="115,85,26,86,126,91,117,40,97,131,109,96,135" hai1="124,84,18,35,25,108,9,15,70,116,63,80,133" hai2="72,78,31,89,36,52,77,55,14,39,53,112,20" hai3="134,130,42,107,87,1,99,113,37,45,129,13,27"/><V46/><F112/><W114/><G1/><T56/><D115/><N who="3" m="44041" /><G13/><T6/><D109/><U104/><E108/><V82/><F46/><W10/><G10/><T81/><D131/><N who="3" m="50185" /><G27/><T69/><D69/><U29/><E133/><V62/><F62/><W5/><G5/><T123/><D126/><U68/><E124/><V61/><F61/><W33/><G33/><T3/><D123/><U121/><E121/><V48/><F48/><W92/><G134/><T17/><D117/><U76/><E116/><V23/><F78/><W128/><N who="3" m="50193" /><W64/><DORA hai="8" /><G64/><T57/><D6/><U7/><E104/><V75/><F75/><W51/><G87/><T38/><D86/><U94/><E63/><V47/><F31/><W24/><G107/><T54/><D3/><U132/><E132/><V32/><F32/><W101/><G24/><T12/><D26/><U60/><E60/><V4/><F20/><W73/><G73/><T71/><D135/><U34/><E34/><V59/><F23/><W106/><G92/><T65/><D65/><U74/><E74/><V58/><F14/><W120/><G51/><T49/><D71/><U2/><REACH who="1" step="1"/><E94/><REACH who="1" ten="229,219,288,254" step="2"/><V50/><F72/><W122/><AGARI ba="0,1" hai="37,42,45,99,101,106,120,122" m="50193,44041" machi="122" ten="50,6400,0" yaku="11,1,19,1,23,1" doraHai="79,8" who="3" fromWho="3" sc="229,-16,219,-16,288,-32,254,74" /><INIT seed="3,0,0,2,2,118" ten="213,203,256,328" oya="3" hai0="99,35,89,59,100,7,73,119,87,135,1,0,85" hai1="2,55,31,115,13,5,78,102,131,19,40,106,84" hai2="46,39,111,123,9,27,124,126,37,24,91,90,129" hai3="75,121,108,58,48,105,12,34,42,62,97,81,56"/><W10/><G121/><T25/><D119/><U116/><E115/><V61/><F9/><W45/><G34/><T32/><D73/><U23/><E116/><V112/><F61/><W6/><G108/><T107/><D135/><U51/><E131/><V77/><F77/><W94/><G105/><T15/><D15/><U41/><E31/><V28/><F111/><W130/><G130/><T30/><D35/><U14/><E2/><V47/><F28/><W113/><G113/><T117/><D117/><U88/><E78/><V49/><F49/><W96/><G96/><T52/><D7/><U4/><E102/><V80/><F80/><W79/><G62/><T17/><D17/><U74/><E74/><V63/><F63/><W92/><G92/><T125/><D87/><U69/><E69/><V60/><F60/><W16/><G6/><N who="1" m="2666" /><E13/><V98/><F129/><W68/><G68/><T29/><D29/><U65/><E65/><V104/><F104/><W72/><G72/><T134/><D134/><U3/><E3/><V109/><F109/><W114/><G114/><T76/><D76/><U18/><E18/><V71/><F112/><W64/><G64/><T44/><D125/><U127/><E127/><V86/><F71/><W54/><G42/><T133/><D133/><U66/><E66/><V132/><F132/><W93/><G93/><N who="0" m="54447" /><D59/><N who="1" m="33279" /><E106/><V33/><F126/><W128/><G128/><T103/><D103/><AGARI ba="0,0" hai="10,12,16,45,48,54,56,58,75,79,81,94,97,103" machi="103" ten="30,2900,0" yaku="7,1,54,1" doraHai="118" who="3" fromWho="0" sc="213,-29,203,0,256,0,328,29" owari="184,-31.6,203,-19.7,256,5.6,357,45.7" /></mjloggm>