<mjloggm ver="2.3"><GO type="225" lobby="0"/><UN n0="%E3%81%99%E3%81%84%E3%81%BE%E3%81%9B%E3%83%BC%E3%82%93" n1="%6D%75%75%73%61%6E%6D%75" n2="%72%69%6F%75%63%68%61%6E" n3="%E6%9D%B1%E9%A2%A8%E3%81%AE%E3%81%8D%E3%82%83%E3%81%B7%E3%81%95%E3%82%93" dan="18,16,16,17" rate="2175.03,2124.42,2154.13,2195.83" sx="M,F,M,M"/><TAIKYOKU oya="0"/><INIT seed="0,0,0,2,3,40" ten="250,250,250,250" oya="0" hai0="94,117,72,124,20,119,116,120,122,44,26,68,100" hai1="134,50,38,75,41,12,33,127,62,51,70,0,3" hai2="15,65,9,22,28,29,2,111,1,121,10,45,6" hai3="64,106,13,14,42,88,104,83,16,87,66,99,4"/><T27/><D72/><U113/><E75/><V130/><F65/><W56/><G42/><T78/><D68/><U114/><E33/><V84/><F84/><W58/><G106/><T60/><D124/><U91/><E127/><V31/><F45/><W46/><G104/><T98/><D78/><U86/><E134/><V82/><F82/><W5/><G99/><T37/><D60/><U90/><E38/><V63/><F63/><W34/><G34/><T102/><D102/><U23/><E70/><V36/><F36/><W76/><G76/><T30/><REACH who="0" step="1"/><D27/><REACH who="0" ten="240,250,250,250" step="2"/><U92/><E62/><V97/><F121/><W21/><G66/><T95/><D95/><U67/><E67/><V19/><F130/><W109/><G64/><T101/><D101/><U96/><E92/><V54/><F111/><W115/><G109/><T55/><D55/><U59/><E91/><V52/><REACH who="2" step="1"/><F97/><REACH who="2" ten="240,250,240,250" step="2"/><W8/><G115/><T126/><D126/><U48/><E96/><V108/><F108/><W80/><G80/><T69/><D69/><U105/><E86/><V129/><F129/><W89/><G89/><T132/><D132/><U35/><E113/><V39/><F39/><W47/><G4/><AGARI ba="0,2" hai="1,2,4,6,9,10,15,19,22,28,29,31,52,54" machi="4" ten="40,8000,1" yaku="1,1,9,1,54,1,53,1" doraHai="40" doraHaiUra="17" who="2" fromWho="3" sc="240,0,250,0,240,100,250,-80" /><INIT seed="1,0,0,3,5,45" ten="240,250,340,170" oya="1" hai0="24,44,104,120,54,88,48,36,68,1,30,84,64" hai1="99,115,63,17,38,69,97,125,105,56,111,27,110" hai2="98,12,51,59,103,10,132,26,94,116,3,117,129" hai3="67,42,8,34,52,128,92,37,83,89,47,109,35"/><U60/><E115/><V19/><F129/><W29/><G128/><T87/><D1/><U124/><E38/><V85/><F132/><W135/><G135/><T75/><D75/><U16/><E69/><V62/><F3/><W108/><G67/><T100/><D120/><U76/><E76/><V39/><F39/><W32/><G29/><T127/><D127/><N who="1" m="48715" /><E105/><V53/><F26/><W2/><G83/><T133/><D133/><U72/><E72/><V119/><REACH who="2" step="1"/><F85/><REACH who="2" ten="240,250,330,170" step="2"/><W50/><G2/><T4/><D87/><U114/><E27/><V31/><F31/><W33/><N who="3" m="8192" /><DORA hai="131" /><W123/><G123/><T80/><D24/><U6/><E114/><V21/><F21/><W23/><G23/><T122/><D36/><U13/><E111/><N who="3" m="42570" /><G8/><T101/><D122/><U95/><E110/><V126/><F126/><W77/><G37/><T102/><D30/><U22/><E22/><V18/><F18/><W78/><G42/><T106/><REACH who="0" step="1"/><D4/><REACH who="0" ten="230,250,330,170" step="2"/><U61/><E6/><V46/><F46/><W15/><G15/><T9/><D9/><U43/><E13/><V73/><F73/><W107/><G107/><T40/><D40/><U14/><E43/><V79/><F79/><W112/><G112/><T66/><D66/><U65/><E65/><V91/><F91/><W0/><G0/><T71/><D71/><U118/><E14/><V57/><F57/><W58/><G58/><T20/><D20/><U113/><E56/><V130/><F130/><W96/><AGARI ba="0,2" hai="47,50,52,77,78,89,92,96" m="42570,8192" machi="96" ten="60,7900,0" yaku="14,1,52,1,54,1" doraHai="45,131" who="3" fromWho="3" sc="230,-20,250,-39,330,-20,170,99" /><INIT seed="2,0,0,5,2,127" ten="210,211,310,269" oya="2" hai0="77,26,54,116,4,23,39,83,62,49,131,13,14" hai1="94,53,119,103,85,5,0,46,86,99,61,1,63" hai2="24,22,59,48,121,68,135,65,128,42,72,87,18" hai3="69,15,133,81,122,34,76,27,12,95,6,70,82"/><V66/><F128/><W124/><G122/><T28/><D39/><U92/><E119/><V9/><F135/><W19/><G133/><T31/><D116/><U71/><E5/><V102/><F72/><W33/><G124/><T38/><D38/><U21/><E21/><V36/><F121/><W45/><G95/><T44/><D131/><U2/><E92/><V16/><F68/><W111/><G111/><T108/><D108/><U57/><REACH who="1" step="1"/><E46/><REACH who="1" ten="210,201,310,269" step="2"/><N who="2" m="25687" /><F36/><W10/><G45/><T29/><D4/><U55/><E55/><V130/><F130/><W75/><G82/><T96/><D62/><U107/><E107/><V78/><F102/><W134/><G134/><T50/><D50/><U110/><E110/><V51/><F51/><W80/><G80/><T120/><D120/><U109/><E109/><V7/><F7/><W104/><G104/><T64/><D64/><AGARI ba="0,1" hai="0,1,2,53,57,61,63,64,71,85,86,94,99,103" machi="64" ten="40,1300,0" yaku="1,1,53,0" doraHai="127" doraHaiUra="125" who="1" fromWho="0" sc="210,-13,201,23,310,0,269,0" /><INIT seed="3,0,0,3,2,90" ten="197,224,310,269" oya="3" hai0="36,72,0,74,20,135,77,93,79,3,114,45,94" hai1="112,124,62,61,28,49,56,81,120,118,44,48,52" hai2="119,54,128,126,130,110,122,103,39,24,15,63,75" hai3="100,68,27,60,115,7,85,80,37,134,29,31,33"/><W86/><G37/><T50/><D36/><U25/><E120/><V69/><F110/><W43/><G43/><T11/><D135/><U18/><E112/><V131/><F126/><W78/><G115/><T14/><D114/><U129/><E124/><V101/><F119/><W9/><G29/><T10/><D20/><N who="1" m="15399" /><E118/><V125/><F75/><W121/><G100/><T1/><D74/><U76/><E129/><V70/><F125/><W35/><G134/><T26/><D26/><U34/><E34/><V67/><F39/><W6/><G121/><T53/><D11/><U41/><E18/><V30/><F122/><W32/><G86/><AGARI ba="0,0" hai="41,44,48,49,52,56,61,62,76,81,86" m="15399" machi="86" ten="30,2000,0" yaku="8,1,54,1" doraHai="90" who="1" fromWho="3" sc="197,0,224,20,310,0,269,-20" owari="197,-30.3,244,-15.6,310,41.0,249,4.9" /></mjloggm>