<mjloggm ver="2.3"><GO type="225" lobby="0"/><UN n0="%E4%BF%BA%E3%81%A8%E5%A6%96%E5%A4%A2" n1="%E7%89%B9%E6%9D%B1%E3%81%AF%E4%B8%96%E7%95%8C%E3%82%92%E6%95%91%E3%81%86" n2="%E6%9D%B1%E9%A2%A8%E3%81%AE%E3%81%8D%E3%82%83%E3%81%B7%E3%81%95%E3%82%93" n3="%E7%99%BD%E5%92%B2%E8%8A%B1%E3%81%A1%E3%82%83%E3%82%93" dan="17,16,17,16" rate="2148.17,2158.44,2176.26,2138.20" sx="F,M,M,F"/><TAIKYOKU oya="0"/><INIT seed="0,0,0,5,5,50" ten="250,250,250,250" oya="0" hai0="22,49,110,13,89,77,45,130,76,10,17,117,92" hai1="39,115,7,83,66,8,24,9,128,65,114,3,133" hai2="1,78,52,54,56,102,107,123,106,37,2,122,81" hai3="135,129,15,11,103,68,69,86,30,44,18,34,87"/><T84/><D117/><U4/><E39/><V99/><F37/><W0/><G129/><T41/><D130/><U132/><E128/><V42/><F107/><W74/><G135/><N who="1" m="51786" /><E83/><V75/><F42/><W97/><G74/><T118/><D118/><U95/><E95/><V20/><F20/><W32/><G0/><T19/><REACH who="0" step="1"/><D110/><REACH who="0" ten="240,250,250,250" step="2"/><U100/><E100/><V72/><F72/><W67/><G103/><T64/><D64/><N who="1" m="24683" /><E24/><AGARI ba="0,1" hai="10,13,17,19,22,24,41,45,49,76,77,84,89,92" machi="24" ten="30,11600,0" yaku="1,1,7,1,8,1,53,1" doraHai="50" doraHaiUra="43" who="0" fromWho="1" sc="240,126,250,-116,250,0,250,0" /><INIT seed="0,1,0,0,1,104" ten="366,134,250,250" oya="0" hai0="18,31,9,28,37,2,108,36,40,95,26,32,5" hai1="25,13,94,131,121,85,118,23,22,69,84,125,83" hai2="70,82,88,71,128,79,38,115,72,111,45,78,130" hai3="93,64,135,134,0,109,127,50,59,68,43,63,20"/><T86/><D108/><U110/><E110/><V133/><F115/><W34/><G34/><T129/><D129/><N who="2" m="49770" /><F133/><N who="3" m="50699" /><G109/><T33/><D40/><U67/><E131/><V119/><F111/><W56/><G0/><T101/><D18/><U39/><E39/><V105/><F119/><W58/><G20/><T41/><D41/><U12/><E121/><V52/><F38/><W42/><G93/><T7/><D7/><U113/><E125/><V48/><F105/><W74/><G74/><T124/><D124/><U65/><E94/><V75/><F88/><W62/><G127/><T24/><REACH who="0" step="1"/><D86/><REACH who="0" ten="356,134,250,250" step="2"/><U106/><E118/><V57/><F45/><N who="3" m="25911" /><G43/><T126/><D126/><U97/><E113/><V89/><F89/><W49/><G49/><T11/><D11/><U1/><E85/><N who="2" m="48343" /><F79/><W46/><G46/><T90/><D90/><U3/><E84/><V54/><F54/><AGARI ba="1,1" hai="54,56,58,59,62,63,64,68" m="25911,50699" machi="54" ten="30,3900,0" yaku="20,1,34,2" doraHai="104" who="3" fromWho="2" sc="356,0,134,0,250,-42,250,52" /><INIT seed="1,0,0,5,3,89" ten="356,134,208,302" oya="1" hai0="3,10,101,29,53,50,55,12,80,46,69,133,6" hai1="9,59,13,74,134,130,47,16,35,45,125,63,54" hai2="107,2,75,132,112,105,113,86,110,52,68,26,100" hai3="115,11,61,27,99,117,91,70,4,92,36,66,15"/><U78/><E130/><V128/><F2/><W82/><G117/><T44/><D69/><U111/><E134/><V109/><F68/><W114/><G36/><T131/><D131/><U135/><E135/><V60/><F128/><W62/><G62/><T20/><D133/><U95/><E125/><V123/><F132/><W124/><G124/><T40/><D101/><U83/><E35/><V7/><F7/><W106/><G106/><T58/><D80/><U87/><REACH who="1" step="1"/><E111/><REACH who="1" ten="356,124,208,302" step="2"/><V14/><F110/><W39/><G115/><T126/><D126/><U97/><E97/><V57/><F109/><W84/><G114/><T56/><D3/><U98/><E98/><V73/><F113/><W17/><G99/><T64/><D64/><U21/><E21/><V104/><F112/><W122/><G122/><T119/><D119/><U51/><E51/><V94/><F123/><W43/><G39/><T8/><D20/><U18/><E18/><V93/><F100/><W102/><G102/><T41/><D50/><U85/><E85/><V72/><F86/><W42/><G17/><T129/><D129/><U48/><E48/><V22/><REACH who="2" step="1"/><F14/><REACH who="2" ten="356,124,198,302" step="2"/><W67/><G15/><T71/><D12/><U81/><E81/><V90/><F90/><AGARI ba="0,2" hai="9,13,16,45,47,54,59,63,74,78,83,87,90,95" machi="90" ten="40,7700,0" yaku="1,1,52,1,54,1,53,0" doraHai="89" doraHaiUra="108" who="1" fromWho="2" sc="356,0,124,97,198,-77,302,0" /><INIT seed="1,1,0,3,2,15" ten="356,221,121,302" oya="1" hai0="88,87,69,54,31,41,135,104,77,8,102,39,78" hai1="52,46,93,17,105,123,53,49,44,42,3,89,98" hai2="74,0,51,18,80,34,60,12,63,22,62,13,56" hai3="30,61,71,133,85,14,96,117,19,68,129,50,107"/><U118/><E118/><V86/><F0/><W11/><G117/><T97/><D69/><U127/><E127/><V109/><F34/><W5/><G133/><T73/><D135/><U16/><E123/><V58/><F74/><W116/><G116/><T134/><D134/><U47/><E3/><V38/><F38/><W113/><G113/><T79/><D31/><U99/><E53/><V6/><F109/><W20/><G129/><T95/><D54/><U106/><E106/><V29/><F29/><W111/><G111/><T32/><D32/><U7/><E7/><V75/><F75/><W101/><G61/><T122/><D8/><U36/><REACH who="1" step="1"/><E47/><REACH who="1" ten="356,211,121,302" step="2"/><V84/><F80/><W83/><G5/><T10/><D122/><U91/><E91/><V21/><F6/><W131/><G131/><T126/><D126/><U64/><E64/><V110/><F110/><W23/><G107/><T33/><D41/><U24/><E24/><V94/><F94/><W43/><G43/><T57/><D104/><U35/><E35/><V125/><F125/><W76/><G101/><AGARI ba="1,1" hai="16,17,36,42,44,46,49,52,89,93,98,99,101,105" machi="101" ten="40,12000,1" yaku="1,1,52,2,54,2,53,0" doraHai="15" doraHaiUra="132" who="1" fromWho="3" sc="356,0,211,133,121,0,302,-123" /><INIT seed="1,2,0,0,3,98" ten="356,344,121,179" oya="1" hai0="113,25,43,27,13,0,118,99,135,129,55,90,33" hai1="130,133,110,94,80,87,81,92,116,121,32,131,29" hai2="63,49,56,109,9,22,82,54,114,74,102,61,52" hai3="71,103,126,30,67,4,19,111,45,95,12,7,37"/><U46/><E32/><V10/><F114/><W68/><G111/><T128/><D113/><U115/><E29/><V35/><F109/><W57/><G126/><T84/><D118/><U17/><E115/><V21/><F35/><W107/><G107/><T6/><D0/><U20/><E110/><V97/><F74/><W105/><G105/><T38/><D55/><U62/><E116/><V89/><F82/><W34/><G34/><T53/><D53/><U59/><E121/><V48/><F89/><W42/><G30/><T15/><D33/><U120/><E46/><V8/><F63/><W88/><G71/><T40/><D99/><U18/><E133/><V16/><F54/><W36/><G68/><T125/><D125/><U50/><E50/><V47/><F47/><W91/><G36/><T39/><D90/><N who="1" m="51567" /><E18/><V123/><F22/><W51/><G103/><T24/><D84/><U100/><E100/><V44/><F44/><W134/><G134/><T64/><D64/><N who="1" m="39007" /><E80/><V23/><F23/><N who="3" m="11751" /><G37/><N who="0" m="13835" /><D135/><U124/><E124/><V69/><F69/><W72/><G72/><T104/><D104/><U132/><E132/><V78/><F123/><W11/><G11/><T106/><D106/><U93/><E120/><V70/><F70/><W77/><G77/><T79/><D79/><U5/><E5/><N who="3" m="2122" /><G95/><T119/><D6/><U108/><E108/><V85/><F78/><W26/><G26/><T101/><D101/><U66/><E66/><V31/><F31/><W28/><G28/><T41/><D119/><U58/><E58/><V86/><F56/><W83/><G83/><T14/><AGARI ba="2,0" hai="13,14,15,24,25,27,40,41,43,128,129" m="13835" machi="14" ten="40,8000,1" yaku="5,1,29,2,28,2" doraHai="98" who="0" fromWho="0" sc="356,86,344,-42,121,-22,179,-22" /><INIT seed="2,0,0,4,3,126" ten="442,302,99,157" oya="2" hai0="65,73,53,47,31,61,91,52,20,112,114,0,99" hai1="89,19,10,33,120,2,4,127,35,28,85,68,128" hai2="69,58,78,94,101,79,66,5,9,29,96,93,17" hai3="48,49,1,59,109,39,77,74,14,25,67,125,110"/><V38/><F38/><W76/><G1/><T63/><D0/><U26/><E68/><V40/><F69/><W87/><G39/><T12/><D73/><U62/><E127/><V32/><F40/><W84/><G125/><T7/><D7/><U36/><E36/><V104/><F17/><W132/><G25/><T3/><D3/><U13/><E62/><V11/><F29/><W119/><G14/><T60/><D65/><U56/><E56/><V45/><F32/><W75/><G59/><T71/><D71/><U111/><E35/><V55/><F45/><W57/><G57/><T95/><D53/><U30/><E30/><V34/><F34/><W64/><REACH who="3" step="1"/><G132/><REACH who="3" ten="442,302,99,147" step="2"/><T51/><REACH who="0" step="1"/><D12/><REACH who="0" ten="432,302,99,147" step="2"/><U88/><E13/><V130/><F66/><W122/><G122/><T102/><D102/><U81/><E2/><V37/><F101/><W103/><G103/><T6/><D6/><U106/><E4/><V105/><F5/><W98/><G98/><T113/><D113/><U100/><E100/><V107/><F96/><W135/><G135/><T124/><D124/><U118/><E120/><V115/><F105/><W131/><G131/><T134/><D134/><U133/><E128/><V129/><F115/><W43/><G43/><T117/><D117/><AGARI ba="0,2" hai="48,49,64,67,74,75,76,77,84,87,109,110,117,119" machi="117" ten="25,3200,0" yaku="1,1,22,2,53,0" doraHai="126" doraHaiUra="8" who="3" fromWho="0" sc="432,-32,302,0,99,0,147,52" /><INIT seed="3,0,0,4,0,45" ten="400,302,99,199" oya="3" hai0="99,129,135,39,77,63,37,74,2,130,79,29,19" hai1="106,41,116,69,119,12,35,4,84,98,89,54,97" hai2="101,72,46,115,118,55,132,91,78,110,112,70,16" hai3="90,10,117,6,102,114,109,53,25,131,123,82,93"/><W133/><G123/><T85/><D74/><U44/><E35/><V87/><F118/><N who="1" m="45097" /><E69/><V108/><F70/><W128/><G114/><T58/><D2/><U48/><E106/><V17/><F132/><W121/><G121/><T76/><D135/><U127/><E127/><V43/><F101/><W3/><G117/><T86/><D29/><U13/><E54/><V40/><F72/><W68/><G68/><T67/><D99/><N who="1" m="37899" /><E4/><V7/><F7/><W42/><G42/><T92/><D19/><U22/><E22/><V65/><F65/><W96/><G133/><T28/><D28/><U111/><E111/><V113/><F78/><W38/><G38/><N who="0" m="14347" /><D92/><AGARI ba="0,0" hai="12,13,41,44,48,84,89,92" m="37899,45097" machi="92" ten="30,2000,0" yaku="12,1,52,1" doraHai="45" who="1" fromWho="0" sc="400,-20,302,20,99,0,199,0" owari="380,48.0,322,12.2,99,-40.1,199,-20.1" /></mjloggm>