<mjloggm ver="2.3"><GO type="225" lobby="0"/><UN n0="%E3%81%AF%E3%82%88%E3%81%8A%E3%81%98%E3%81%95%E3%82%93" n1="%E6%B2%A1%E7%94%B7" n2="%E8%A8%88%E7%AE%97%E6%A9%9F%E8%87%AA%E7%84%B6" n3="%73%61%6B%6F%EF%BC%A0%E6%9C%80" dan="16,16,17,16" rate="2139.93,2090.40,2205.25,2157.31" sx="M,M,M,M"/><TAIKYOKU oya="0"/><BYE who="3" /><INIT seed="0,0,0,5,3,109" ten="250,250,250,250" oya="0" hai0="73,15,105,45,60,11,83,122,32,106,79,12,78" hai1="0,85,133,71,121,96,74,52,124,86,64,84,34" hai2="80,47,91,119,99,65,21,17,51,129,120,107,102" hai3="72,113,59,75,8,87,1,58,104,95,37,24,22"/><T88/><D122/><UN n3="%73%61%6B%6F%EF%BC%A0%E6%9C%80" /><U67/><E121/><V100/><F120/><W54/><G104/><T130/><D32/><U126/><E74/><V40/><F129/><W127/><G37/><T50/><D130/><U29/><E0/><V131/><F131/><W27/><G127/><N who="1" m="48682" /><E133/><V56/><F119/><W14/><G1/><T53/><D79/><U94/><E71/><V68/><F68/><W125/><G125/><T92/><D60/><U7/><E7/><V77/><F65/><N who="1" m="25161" /><E29/><V3/><F56/><W55/><G87/><N who="1" m="22274" /><U117/><DORA hai="62" /><E34/><V111/><F3/><W112/><G95/><T61/><D61/><U89/><E52/><V31/><F31/><W38/><G22/><T18/><D12/><U43/><E43/><V19/><F21/><W115/><G14/><T66/><REACH who="0" step="1"/><D66/><REACH who="0" ten="240,250,250,250" step="2"/><U69/><E69/><V2/><F2/><W6/><G75/><T30/><D30/><U63/><E63/><V108/><F111/><W33/><G72/><T81/><D81/><U46/><E46/><V135/><F108/><W35/><G33/><T5/><D5/><U44/><E44/><V118/><F80/><W10/><G35/><T82/><D82/><U90/><E117/><V23/><F118/><W36/><G113/><T42/><D42/><U134/><E134/><V16/><F135/><W116/><G6/><T76/><D76/><U41/><E41/><V13/><F77/><W49/><G49/><T128/><D128/><U28/><E28/><V25/><F13/><W9/><G116/><T123/><D123/><U48/><E48/><V70/><F51/><W103/><G38/><RYUUKYOKU ba="0,1" sc="240,15,250,15,250,-15,250,-15" hai0="11,15,18,45,50,53,73,78,83,88,92,105,106" hai1="89,90,94,96" /><INIT seed="0,1,1,2,0,71" ten="255,265,235,235" oya="0" hai0="51,24,82,93,9,88,74,11,47,84,43,89,30" hai1="100,123,29,32,22,14,44,62,81,105,92,10,46" hai2="16,21,41,91,78,133,67,119,28,25,27,39,26" hai3="85,90,103,65,107,50,31,86,0,60,112,56,127"/><T4/><D4/><U95/><E123/><V113/><F113/><W79/><G112/><T80/><D80/><U135/><E32/><V115/><F115/><W128/><G0/><T34/><REACH who="0" step="1"/><D74/><REACH who="0" ten="245,265,235,235" step="2"/><U61/><E135/><V117/><F133/><W57/><G127/><T129/><D129/><U5/><E5/><V19/><F117/><W55/><G128/><T116/><D116/><U33/><E81/><V7/><F119/><W120/><G120/><T83/><D83/><U108/><E108/><V121/><F7/><W124/><G124/><T1/><D1/><U58/><E95/><V132/><F121/><W87/><G107/><T37/><D37/><U12/><E92/><V77/><F132/><W125/><G125/><T23/><D23/><U68/><E22/><V63/><F21/><W111/><G111/><T52/><D52/><U66/><E105/><V130/><F130/><W18/><G55/><T99/><AGARI ba="1,2" hai="9,11,24,30,34,43,47,51,82,84,88,89,93,99" machi="99" ten="20,7800,0" yaku="1,1,0,1,7,1,54,1,53,0" doraHai="71" doraHaiUra="54" who="0" fromWho="0" sc="245,101,265,-27,235,-27,235,-27" /><INIT seed="0,2,0,4,4,16" ten="346,238,208,208" oya="0" hai0="91,11,31,33,101,97,107,22,133,99,105,86,84" hai1="5,28,71,42,34,7,135,23,50,6,8,123,122" hai2="25,120,21,64,112,17,2,37,53,9,116,15,82" hai3="127,27,59,65,132,58,87,77,74,69,103,14,130"/><T83/><D133/><U110/><E71/><V3/><F120/><N who="1" m="46121" /><E50/><V66/><F112/><W78/><G69/><T129/><D129/><U93/><E42/><V106/><F106/><W51/><G74/><T35/><D11/><U111/><E135/><V85/><F37/><W100/><G132/><T49/><D49/><U75/><E75/><V79/><F116/><W98/><G127/><T24/><D84/><U0/><E93/><V76/><F76/><W32/><G32/><T124/><D124/><U131/><E34/><V72/><F72/><W67/><G51/><T70/><D70/><U92/><E92/><V4/><REACH who="2" step="1"/><F53/><REACH who="2" ten="346,238,198,208" step="2"/><W62/><G130/><T10/><D107/><U95/><E131/><V104/><F104/><W30/><G67/><AGARI ba="2,1" hai="2,3,4,9,15,17,21,25,64,66,67,79,82,85" machi="67" ten="40,2600,0" yaku="1,1,52,1,53,0" doraHai="16" doraHaiUra="90" who="2" fromWho="3" sc="346,0,238,0,198,42,208,-32" /><INIT seed="1,0,0,1,5,122" ten="346,238,240,176" oya="1" hai0="127,97,48,56,52,39,132,135,45,101,32,66,38" hai1="85,92,21,65,81,47,112,113,76,25,80,71,23" hai2="121,74,105,93,59,60,19,34,77,22,17,49,68" hai3="83,26,51,31,104,44,7,120,90,115,36,133,95"/><U72/><E92/><V40/><F105/><W55/><G133/><N who="0" m="51275" /><D32/><U134/><E134/><V11/><F34/><W119/><G115/><T63/><D127/><U86/><E72/><V62/><F121/><W125/><G119/><T79/><D79/><U128/><E128/><V114/><F68/><W54/><G125/><T53/><D53/><U111/><E47/><N who="2" m="25831" /><F77/><W102/><G120/><T10/><D10/><U88/><E111/><V6/><F74/><W24/><G36/><T73/><D73/><U8/><E8/><V50/><F114/><W130/><G130/><T91/><D91/><U118/><E118/><V84/><F6/><W69/><G7/><T67/><D66/><U13/><E23/><V4/><F11/><W108/><G55/><T109/><D109/><U14/><E113/><V2/><F4/><W3/><G108/><T106/><AGARI ba="0,0" hai="38,39,45,48,52,56,63,67,97,101,106" m="51275" machi="106" ten="30,2000,0" yaku="20,1,54,1" doraHai="122" who="0" fromWho="0" sc="346,20,238,-10,240,-5,176,-5" /><INIT seed="2,0,0,5,4,83" ten="366,228,235,171" oya="2" hai0="42,33,92,102,19,23,52,37,120,103,132,117,108" hai1="96,32,12,129,82,26,71,29,59,133,73,97,134" hai2="50,6,69,27,95,86,119,3,21,90,131,88,126" hai3="100,45,110,75,20,56,79,38,36,5,58,39,10"/><V101/><F119/><W122/><G122/><T81/><D33/><U13/><E129/><V84/><F69/><W105/><G110/><T4/><D108/><U25/><E59/><V48/><F131/><W64/><G20/><T121/><D4/><U94/><E71/><V77/><F126/><W30/><G30/><T14/><D117/><U130/><E130/><V63/><F77/><W128/><G128/><T18/><D132/><N who="1" m="50795" /><E26/><V28/><F101/><W113/><G113/><T9/><D42/><U118/><E118/><V8/><F63/><W87/><G75/><T116/><D37/><U31/><E31/><V107/><F107/><W85/><G79/><T125/><D103/><N who="1" m="60823" /><E97/><V40/><F40/><W78/><G45/><T24/><D125/><U55/><E55/><V7/><F7/><W106/><G58/><T44/><D116/><U89/><E73/><V124/><F124/><W68/><G68/><T67/><D67/><U0/><E0/><V41/><F41/><W70/><G70/><T54/><D44/><U112/><E112/><V104/><F104/><W35/><G35/><T91/><D121/><U60/><E60/><V34/><F34/><W109/><G106/><T127/><D127/><U47/><E47/><V98/><F98/><N who="3" m="61591" /><G109/><T62/><D62/><U15/><E15/><V57/><F57/><W22/><G56/><T65/><D65/><U49/><E49/><V46/><F46/><W76/><G64/><T17/><D120/><U93/><E82/><AGARI ba="0,0" hai="3,6,8,21,27,28,48,50,82,84,86,88,90,95" machi="82" ten="30,11600,0" yaku="7,1,52,2,54,1" doraHai="83" who="2" fromWho="1" sc="366,0,228,-116,235,116,171,0" /><INIT seed="2,1,0,1,0,135" ten="366,112,351,171" oya="2" hai0="25,120,10,86,61,32,49,101,4,2,93,83,16" hai1="79,45,77,23,95,55,104,124,102,118,9,8,11" hai2="27,58,126,20,56,14,1,133,106,5,35,74,119" hai3="63,72,40,42,24,73,7,50,98,89,33,69,26"/><V108/><F106/><W37/><G7/><T18/><D120/><U47/><E118/><V71/><F71/><W88/><G50/><T75/><D75/><U29/><E104/><V134/><F74/><W28/><G37/><T46/><D61/><U34/><E34/><V115/><F119/><W132/><G132/><N who="2" m="50793" /><F115/><W51/><G51/><T128/><D128/><U100/><E55/><V90/><F90/><W3/><G3/><T85/><D32/><U60/><E60/><V52/><F108/><W43/><G26/><T114/><D114/><U62/><E62/><N who="2" m="36103" /><F58/><W76/><G76/><T123/><D123/><U111/><E111/><V121/><F121/><W105/><G72/><T99/><D25/><U117/><E117/><V113/><F113/><W80/><G73/><T17/><REACH who="0" step="1"/><D83/><REACH who="0" ten="356,112,351,171" step="2"/><U38/><E38/><V110/><F110/><W36/><G80/><T66/><D66/><U81/><E81/><V107/><F35/><W87/><G36/><T15/><D15/><U19/><E29/><N who="2" m="17639" /><F14/><W31/><G28/><T78/><D78/><U6/><E79/><V30/><F30/><W12/><G12/><T65/><D65/><U39/><E77/><V109/><F109/><W41/><G31/><T22/><D22/><U130/><E23/><V44/><F1/><W96/><G33/><T67/><D67/><U59/><E130/><V125/><F5/><W131/><G24/><T54/><AGARI ba="1,1" hai="2,4,10,16,17,18,46,49,54,85,86,93,99,101" machi="54" ten="30,4000,0" yaku="1,1,0,1,54,1,53,0" doraHai="135" doraHaiUra="129" who="0" fromWho="0" sc="356,53,112,-11,351,-21,171,-11" /><INIT seed="3,0,0,1,5,118" ten="409,101,330,160" oya="3" hai0="83,74,110,60,16,17,38,4,85,129,7,72,95" hai1="24,71,68,96,36,135,124,28,99,0,90,111,101" hai2="98,97,8,82,10,107,69,120,105,76,78,65,26" hai3="34,114,18,102,37,92,64,121,53,103,93,75,84"/><W133/><G34/><T58/><D38/><U134/><E0/><V50/><F50/><W128/><G37/><T29/><D72/><U47/><E90/><V12/><F26/><W1/><G1/><T40/><D74/><U45/><E111/><V119/><F119/><W108/><G64/><T100/><D110/><U61/><E124/><V42/><F12/><W57/><G75/><T22/><D129/><U5/><E5/><N who="0" m="2121" /><D40/><U62/><E36/><V126/><F42/><W112/><G57/><T91/><D29/><U9/><E9/><V89/><F89/><W44/><G84/><T19/><D100/><U13/><E101/><V3/><F82/><W116/><G53/><N who="0" m="33871" /><D83/><U46/><E28/><V49/><F49/><W86/><G93/><T123/><D123/><U77/><E77/><V20/><F3/><W54/><G86/><T88/><D88/><U15/><REACH who="1" step="1"/><E47/><REACH who="1" ten="409,91,330,160" step="2"/><V55/><F126/><W56/><G112/><T23/><AGARI ba="0,1" hai="16,17,19,22,23,85,91,95" m="33871,2121" machi="23" ten="30,2000,0" yaku="8,1,54,1" doraHai="118" who="0" fromWho="0" sc="409,30,91,-5,330,-5,160,-10" owari="439,53.9,86,-41.4,325,12.5,150,-25.0" /></mjloggm>