<mjloggm ver="2.3"><GO type="225" lobby="0"/><UN n0="%E3%82%A2%E3%83%BC%E3%83%A2%E3%83%AD%E3%83%BC%E3%83%B4%E3%82%A1" n1="%E5%A4%9C%E5%85%89%E5%A4%A9%E6%A5%BC" n2="%E3%81%B5%E3%81%98%E3%81%8B%E3%81%A4" n3="%E8%B6%85%E7%B4%9A%E9%B3%B3%E5%87%B0" dan="16,17,17,17" rate="2097.27,2146.65,2220.17,2168.65" sx="M,F,M,F"/><TAIKYOKU oya="0"/><INIT seed="0,0,0,0,1,105" ten="250,250,250,250" oya="0" hai0="111,95,72,29,0,77,102,115,17,117,106,7,16" hai1="50,2,92,125,121,74,84,101,89,120,96,56,8" hai2="40,132,65,87,14,90,100,47,35,24,68,3,41" hai3="123,135,63,82,64,80,76,6,58,32,60,42,46"/><T91/><D115/><U130/><E130/><V31/><F132/><W61/><G32/><T71/><D117/><U98/><E125/><V25/><F3/><W124/><G124/><T108/><D71/><U62/><E50/><V54/><F100/><W97/><G135/><T21/><D102/><U4/><E98/><V126/><F126/><W49/><G123/><T37/><D37/><U22/><E22/><V78/><F78/><W69/><G6/><T45/><D106/><U18/><E18/><V12/><F25/><W36/><G97/><N who="0" m="57599" /><D45/><U20/><E20/><V55/><F41/><W51/><G80/><N who="0" m="45095" /><D29/><U66/><REACH who="1" step="1"/><E74/><REACH who="1" ten="250,240,250,250" step="2"/><V27/><F31/><W73/><REACH who="3" step="1"/><G63/><REACH who="3" ten="250,240,250,240" step="2"/><T70/><D21/><U109/><E109/><N who="0" m="42057" /><D70/><U1/><E1/><V26/><F68/><W129/><G129/><T128/><D128/><U38/><E38/><V30/><F35/><W99/><G99/><T116/><D116/><U85/><E85/><V9/><F87/><W19/><G19/><T118/><D118/><U127/><E127/><V119/><F119/><W114/><G114/><T79/><D79/><U44/><E44/><V93/><F47/><W15/><G15/><T34/><D34/><U110/><E110/><V112/><F14/><W131/><G131/><T122/><D122/><U48/><E48/><V104/><F12/><W10/><G10/><AGARI ba="0,2" hai="0,7,10,16,17" m="42057,45095,57599" machi="10" ten="30,11600,0" yaku="14,1,10,1,52,1,54,1" doraHai="105" who="0" fromWho="3" sc="250,136,240,0,250,0,240,-116" /><INIT seed="0,1,0,3,4,22" ten="386,240,250,124" oya="0" hai0="9,87,123,68,120,77,47,135,94,117,63,17,80" hai1="103,130,61,122,8,113,54,129,73,20,32,43,4" hai2="93,116,16,105,60,29,132,33,27,91,104,72,74" hai3="1,115,79,99,114,70,49,90,62,51,121,30,134"/><T26/><D117/><U106/><E122/><V34/><F116/><W3/><G121/><T59/><D135/><U124/><E32/><V92/><F132/><W65/><G134/><T86/><D68/><U45/><E73/><V6/><F6/><W13/><G79/><T67/><D120/><U44/><E113/><V41/><F41/><W7/><G30/><T111/><D111/><U88/><E103/><V53/><F34/><W35/><G35/><T31/><D47/><U50/><E106/><V102/><F93/><W10/><G114/><T81/><D94/><U131/><E124/><V110/><F110/><W19/><G1/><T52/><D123/><U21/><E88/><V133/><F133/><W96/><G115/><T85/><D80/><U83/><E83/><V97/><F105/><W84/><G51/><T98/><D98/><U40/><E61/><V66/><F53/><W39/><G49/><T126/><D126/><U127/><E127/><V2/><F2/><W0/><G39/><T119/><D119/><U56/><E45/><V24/><F16/><W71/><G0/><T25/><D67/><U89/><E43/><V107/><F107/><W58/><G71/><T125/><D125/><U5/><E5/><V95/><F95/><N who="3" m="54727" /><G70/><T118/><D118/><U18/><E129/><V28/><F104/><W75/><G75/><N who="2" m="28713" /><F102/><W14/><G3/><T76/><D81/><U101/><E130/><V48/><F48/><W57/><G57/><T38/><D38/><U69/><E131/><V109/><F109/><W12/><G7/><T82/><D76/><U42/><E42/><RYUUKYOKU ba="1,0" sc="386,-10,240,-10,250,-10,124,30" hai3="10,12,13,14,19,58,62,65,96,99" /><INIT seed="1,2,0,4,2,38" ten="376,230,240,154" oya="1" hai0="118,122,18,53,114,56,83,85,29,93,26,77,72" hai1="46,34,60,82,128,95,131,59,65,125,30,3,14" hai2="94,73,80,51,98,37,6,69,102,33,44,116,105" hai3="17,55,57,0,9,129,35,100,13,134,36,49,120"/><U19/><E3/><V41/><F116/><W32/><G120/><T106/><D118/><U108/><E125/><V123/><F123/><W104/><G36/><T124/><D114/><U89/><E34/><V61/><F6/><W12/><G129/><N who="1" m="49738" /><E30/><V67/><F94/><W133/><G0/><T90/><D124/><U42/><E82/><V75/><F51/><W52/><G104/><T2/><D2/><U119/><E119/><V23/><F80/><W99/><G100/><T110/><D122/><U47/><E108/><V27/><F23/><W101/><G101/><T111/><D18/><U7/><E7/><V45/><F45/><W132/><G99/><T74/><D74/><U87/><E42/><V81/><F81/><W103/><G103/><T64/><D106/><U43/><E43/><V40/><F41/><W86/><G86/><T88/><D90/><U96/><E87/><V16/><F16/><W54/><REACH who="3" step="1"/><G13/><REACH who="3" ten="376,230,240,144" step="2"/><T70/><D110/><U15/><E15/><V117/><F117/><W130/><G130/><T79/><D111/><U63/><E14/><V20/><F20/><W78/><G78/><T66/><D79/><U50/><E96/><V1/><F1/><W115/><G115/><T10/><D77/><U58/><E89/><V28/><AGARI ba="2,1" hai="27,28,33,37,40,44,61,67,69,73,75,98,102,105" machi="28" ten="30,12000,2" yaku="0,1,25,2,33,3,52,1" doraHai="38" who="2" fromWho="2" sc="376,-32,230,-62,240,136,144,-32" /><INIT seed="2,0,0,5,0,68" ten="344,168,376,112" oya="2" hai0="100,56,9,120,127,130,74,83,101,63,104,57,116" hai1="22,67,32,40,23,30,52,45,12,96,126,19,33" hai2="123,7,113,98,99,115,88,80,82,24,103,72,42" hai3="128,5,78,60,21,13,37,41,66,111,2,29,109"/><V69/><F69/><W58/><G128/><T14/><D120/><U49/><E126/><V105/><F123/><W81/><G2/><T76/><D130/><U84/><E67/><V90/><F7/><W125/><G125/><T87/><D127/><U131/><E131/><V129/><F24/><W106/><G106/><T64/><D116/><U122/><E122/><V31/><F31/><W85/><G29/><T70/><D74/><U89/><E96/><N who="2" m="61671" /><F42/><W18/><REACH who="3" step="1"/><G5/><REACH who="3" ten="344,168,376,102" step="2"/><T65/><D104/><U71/><E30/><V61/><F129/><W44/><AGARI ba="0,1" hai="13,18,21,37,41,44,58,60,66,78,81,85,109,111" machi="44" ten="30,7900,0" yaku="1,1,2,1,0,1,52,1,53,0" doraHai="68" doraHaiUra="132" who="3" fromWho="3" sc="344,-20,168,-20,376,-39,102,89" /><INIT seed="3,0,0,1,1,36" ten="324,148,337,191" oya="3" hai0="45,122,121,123,59,102,89,93,38,112,88,9,126" hai1="120,7,67,63,48,116,107,0,42,52,57,66,14" hai2="91,56,46,92,81,83,15,13,47,115,69,64,97" hai3="3,134,75,39,130,25,78,6,109,11,24,12,28"/><W43/><G130/><T49/><D38/><U105/><E120/><V117/><F115/><W125/><G125/><T8/><D59/><U2/><E116/><V110/><F117/><W21/><G134/><T135/><D126/><U108/><E108/><V40/><F110/><W103/><G109/><T19/><D135/><U94/><E14/><N who="2" m="5131" /><F69/><W30/><G12/><T18/><D112/><U76/><E76/><V84/><F40/><W70/><G70/><T124/><D124/><U111/><E111/><V50/><F83/><N who="3" m="45535" /><G103/><T119/><D119/><U96/><E107/><V85/><F85/><W71/><G71/><T72/><D72/><U101/><E105/><V128/><F128/><W53/><G53/><T132/><D132/><U74/><E74/><V41/><F47/><N who="3" m="24063" /><G24/><T80/><D80/><U118/><E118/><V26/><F26/><W23/><G30/><T131/><D131/><U127/><E127/><V104/><F104/><W29/><G28/><T114/><D114/><U4/><E0/><V10/><F10/><N who="0" m="4202" /><D123/><U60/><E2/><V77/><F64/><N who="1" m="24617" /><E63/><V51/><F51/><W73/><G73/><T1/><D1/><U99/><E96/><V16/><F56/><W90/><G90/><N who="0" m="34923" /><D122/><U87/><E87/><N who="2" m="48559" /><F97/><W106/><G106/><T98/><D121/><U62/><E62/><V27/><F27/><W44/><G44/><AGARI ba="0,0" hai="4,7,42,44,48,52,57,60,94,99,101" m="24617" machi="44" ten="30,3900,0" yaku="8,1,52,1,54,1" doraHai="36" who="1" fromWho="3" sc="324,0,148,39,337,0,191,-39" owari="324,12.4,187,-21.3,337,43.7,152,-34.8" /></mjloggm>