<mjloggm ver="2.3"><GO type="225" lobby="0"/><UN n0="%E9%B3%B3%E6%9D%B1%E3%81%AE%E3%81%BF%E3%81%91%E3%81%AB%E3%82%83%E3%82%93" n1="%66%67%67%68%68%64%66" n2="%E3%83%94%E3%83%B3%E3%82%B5%E3%83%AD%E5%BA%97%E5%93%A1" n3="%E3%83%97%E3%83%AC%E3%83%B4%E3%82%A1%E3%83%86%E3%82%A3" dan="17,16,16,16" rate="2193.96,2067.06,2161.31,2089.67" sx="F,M,M,F"/><TAIKYOKU oya="0"/><INIT seed="0,0,0,5,5,45" ten="250,250,250,250" oya="0" hai0="9,37,1,109,123,128,93,50,85,122,49,84,11" hai1="3,12,135,91,103,112,21,96,29,22,54,41,76" hai2="133,74,97,43,51,117,113,116,16,35,20,88,105" hai3="68,131,63,120,89,118,107,104,86,106,53,94,40"/><T38/><D128/><U82/><E3/><V44/><F113/><W58/><G131/><T33/><D33/><U101/><E135/><V36/><F35/><W67/><G118/><N who="2" m="45673" /><F74/><W52/><G120/><T48/><D109/><U30/><E41/><V87/><F133/><W56/><G40/><T121/><D93/><U65/><E65/><V28/><F28/><W47/><G47/><T129/><D129/><U81/><E54/><V64/><F64/><W110/><G110/><T13/><D1/><U95/><E112/><V61/><F61/><W19/><G68/><T130/><D130/><U10/><E30/><V100/><F36/><N who="0" m="13930" /><D13/><U6/><E82/><N who="2" m="49271" /><F20/><N who="1" m="7785" /><E29/><V26/><F26/><W115/><G115/><T15/><D15/><U70/><E70/><V114/><F114/><W98/><G19/><AGARI ba="0,0" hai="16,19,43,44,51,97,100,105" m="49271,45673" machi="19" ten="30,7700,0" yaku="12,1,52,1,54,2" doraHai="45" who="2" fromWho="3" sc="250,0,250,0,250,77,250,-77" /><INIT seed="1,0,0,5,1,26" ten="250,250,327,173" oya="1" hai0="15,17,32,48,110,16,99,43,45,6,79,90,133" hai1="70,100,62,114,125,73,68,29,18,22,30,83,50" hai2="126,40,92,0,91,89,81,60,95,65,13,135,41" hai3="131,107,37,5,128,36,108,134,69,71,104,84,116"/><U82/><E114/><V61/><F0/><W27/><G5/><T4/><D110/><U25/><E125/><V122/><F122/><W127/><G84/><T101/><D133/><U1/><E1/><V9/><F135/><W96/><G96/><T49/><D79/><U94/><E50/><V54/><F126/><W105/><G127/><T129/><D129/><N who="3" m="49737" /><G134/><T64/><D64/><U132/><E132/><V111/><F111/><W39/><G27/><T31/><D49/><U34/><E62/><N who="2" m="24171" /><F54/><W19/><G19/><T88/><D4/><U75/><E94/><N who="2" m="35883" /><F65/><W53/><G53/><T67/><D6/><U130/><E100/><V80/><F13/><W78/><G78/><T103/><D67/><U77/><E130/><V119/><F9/><W59/><G59/><T98/><D101/><U47/><E47/><V109/><F109/><W14/><G14/><T93/><D90/><N who="2" m="34314" /><F119/><W58/><G58/><T74/><D74/><U2/><E2/><V124/><F124/><W87/><G87/><T115/><D103/><U56/><E56/><V38/><F38/><W46/><G108/><T57/><D99/><U102/><E102/><V123/><F123/><W35/><G46/><T23/><D57/><U113/><E73/><V42/><AGARI ba="0,0" hai="40,41,42,80,81" m="34314,35883,24171" machi="42" ten="40,5200,0" yaku="28,2,8,1" doraHai="26" who="2" fromWho="2" sc="250,-13,250,-26,327,52,173,-13" /><INIT seed="2,0,0,2,1,57" ten="237,224,379,160" oya="2" hai0="100,8,69,95,72,113,82,97,43,17,38,31,18" hai1="59,6,127,52,132,87,122,42,109,51,46,133,13" hai2="77,53,7,75,41,40,98,80,79,71,19,104,0" hai3="85,96,28,117,2,92,54,12,27,103,78,86,11"/><V49/><F71/><W60/><G117/><T9/><D113/><U55/><E109/><V116/><F116/><W106/><G2/><T101/><D69/><U70/><E70/><V37/><F37/><W73/><G106/><T22/><D43/><U36/><E127/><V15/><F79/><W26/><G73/><T90/><D38/><U61/><E122/><V33/><F33/><W119/><G119/><T114/><D114/><U134/><E87/><V112/><F7/><W3/><G3/><T94/><D31/><U130/><E13/><V34/><F34/><W65/><G54/><T123/><D72/><U135/><E6/><V25/><F25/><W48/><G48/><T50/><D50/><U4/><E4/><V45/><F0/><W108/><G108/><T126/><D126/><U47/><E134/><V105/><F105/><W74/><G74/><T84/><D123/><U118/><E118/><V20/><F112/><W58/><G78/><T120/><D120/><U56/><E130/><V93/><F104/><W88/><G27/><N who="0" m="14799" /><D18/><U124/><E124/><V76/><F76/><W10/><G12/><T125/><D125/><U39/><E39/><V89/><AGARI ba="0,0" hai="15,19,20,40,41,45,49,53,75,77,80,89,93,98" machi="89" ten="20,2100,0" yaku="0,1,7,1" doraHai="57" who="2" fromWho="2" sc="237,-7,224,-7,379,21,160,-7" /><INIT seed="2,1,0,0,0,44" ten="230,217,400,153" oya="2" hai0="121,37,84,19,34,30,101,15,105,127,56,106,126" hai1="88,76,39,94,98,116,62,65,73,13,89,40,1" hai2="115,125,117,100,9,0,53,66,120,55,79,77,54" hai3="132,114,102,68,103,41,118,93,90,18,21,12,33"/><V134/><F115/><W24/><G114/><T104/><D37/><U78/><E1/><V14/><F117/><W8/><G118/><T112/><D121/><U133/><E116/><V45/><F0/><W92/><G68/><T26/><D112/><U71/><E133/><V130/><F120/><W32/><G132/><T110/><D110/><U47/><E73/><V63/><F130/><W86/><G41/><T60/><D84/><U57/><E13/><V129/><F129/><W70/><G70/><T123/><D101/><U97/><E71/><V11/><F125/><N who="0" m="47626" /><D123/><U80/><E80/><V81/><F100/><W4/><G33/><T5/><D5/><U67/><E67/><V108/><F9/><W75/><G75/><T135/><D135/><U131/><E131/><V96/><F96/><W99/><G32/><T61/><D56/><U6/><E6/><V109/><F134/><W51/><G102/><T17/><D17/><U83/><E83/><V10/><F81/><W36/><G36/><T25/><D25/><U72/><E72/><V27/><F27/><W31/><REACH who="3" step="1"/><G51/><REACH who="3" ten="230,217,400,143" step="2"/><T16/><D61/><U43/><E40/><V59/><F63/><W52/><G52/><T119/><D60/><U82/><E82/><V7/><F55/><W69/><G69/><T42/><D42/><U2/><E2/><V64/><F54/><W23/><G23/><N who="0" m="11679" /><D119/><U85/><E43/><V124/><F124/><W95/><G95/><T128/><D128/><U111/><E39/><V58/><F53/><W107/><G107/><T3/><D3/><U38/><E38/><V22/><F66/><RYUUKYOKU ba="1,1" sc="230,15,217,-15,400,-15,143,15" hai0="19,26,30,34,104,105,106" hai3="4,8,12,18,21,24,31,86,90,92,93,99,103" /><INIT seed="3,2,1,3,1,34" ten="245,202,385,158" oya="3" hai0="45,107,134,105,63,74,71,80,122,98,43,5,120" hai1="96,76,60,20,61,67,92,81,135,86,124,125,68" hai2="129,17,7,104,2,33,79,55,103,101,88,38,46" hai3="118,113,9,8,49,39,70,16,28,23,24,22,116"/><W59/><G70/><T73/><D134/><U12/><E135/><V127/><F33/><W54/><G39/><N who="0" m="21759" /><D5/><U97/><E60/><V130/><F79/><W0/><G113/><T1/><D1/><U121/><E121/><V77/><F77/><W48/><G48/><T132/><D132/><U85/><E85/><V36/><F127/><N who="1" m="48713" /><E92/><V99/><F103/><W106/><G106/><N who="0" m="40459" /><D98/><U94/><E94/><V58/><F88/><W115/><G115/><T75/><D80/><U52/><E52/><V32/><F32/><W40/><G40/><T93/><D93/><U65/><E65/><AGARI ba="2,1" hai="63,65,71,73,74,75,120,122" m="40459,21759" machi="65" ten="40,1300,0" yaku="23,1" doraHai="34" who="0" fromWho="1" sc="245,29,202,-19,385,0,158,0" owari="274,7.4,183,-21.7,385,48.5,158,-34.2" /></mjloggm>