<mjloggm ver="2.3"><GO type="225" lobby="0"/><UN n0="%E3%81%A9%E3%82%93%E3%82%88%E3%81%8F%4D%6B%2E%32" n1="%61%69%73%79%6F" n2="%E3%81%8B%E3%82%8F%E3%81%A1%E3%82%83%E3%82%93%35%38" n3="%E3%81%A9%E3%82%8F%E3%82%93%E3%81%94" dan="16,17,16,16" rate="2166.95,2223.50,2090.03,2139.13" sx="M,M,M,M"/><TAIKYOKU oya="0"/><INIT seed="0,0,0,3,4,13" ten="250,250,250,250" oya="0" hai0="36,38,9,75,93,105,111,83,28,69,129,99,26" hai1="25,64,135,66,79,54,11,62,39,55,116,2,74" hai2="128,4,48,41,100,98,108,71,92,21,17,52,85" hai3="106,47,132,81,126,5,90,102,127,121,56,18,112"/><T14/><D69/><U20/><E116/><V34/><F34/><W87/><G112/><T125/><D125/><N who="3" m="47625" /><G5/><T53/><D105/><U133/><E39/><V10/><F108/><W131/><G47/><T95/><D111/><U46/><E74/><V104/><F128/><W15/><G131/><T89/><D129/><U113/><E79/><V82/><F71/><W51/><G132/><N who="1" m="50762" /><E46/><V124/><F124/><W65/><G121/><T114/><D114/><U63/><E63/><V61/><F61/><N who="3" m="38055" /><G51/><T115/><D115/><U84/><E66/><V122/><F122/><W57/><G57/><T42/><D53/><U22/><E62/><V88/><F41/><W8/><G106/><T30/><D42/><U35/><E64/><V37/><F37/><W103/><AGARI ba="0,0" hai="8,15,18,81,87,90,102,103" m="38055,47625" machi="103" ten="30,2000,0" yaku="18,1,52,1" doraHai="13" who="3" fromWho="3" sc="250,-10,250,-5,250,-5,250,20" /><INIT seed="1,0,0,2,3,82" ten="240,245,245,270" oya="1" hai0="89,61,32,123,73,9,19,129,114,100,47,14,110" hai1="65,132,101,50,111,119,24,30,118,77,124,109,52" hai2="91,33,1,125,126,102,48,80,71,64,63,15,44" hai3="6,84,12,103,130,55,69,116,2,28,72,115,29"/><U97/><E132/><V135/><F1/><W66/><G115/><T20/><D114/><U5/><E124/><N who="2" m="47723" /><F135/><W113/><G72/><T88/><D32/><N who="1" m="20551" /><E77/><V67/><F33/><W16/><G113/><T95/><D73/><U56/><E5/><V34/><F34/><W57/><G69/><T22/><D110/><N who="1" m="41995" /><E65/><N who="2" m="41407" /><F102/><W23/><G103/><T27/><D129/><U117/><E119/><V31/><F31/><W128/><G66/><T25/><D123/><U83/><E83/><V96/><F15/><W68/><G6/><T105/><D105/><AGARI ba="0,0" hai="50,52,56,97,101,105,117,118" m="41995,20551" machi="105" ten="30,5800,0" yaku="14,1,10,1,54,1" doraHai="82" who="1" fromWho="0" sc="240,-58,245,58,245,0,270,0" /><INIT seed="1,1,0,2,4,27" ten="182,303,245,270" oya="1" hai0="12,134,100,56,31,24,107,46,75,65,118,15,95" hai1="35,128,57,111,82,110,103,91,63,122,79,43,72" hai2="60,67,126,41,89,33,55,50,20,64,26,69,16" hai3="30,93,94,21,71,76,86,40,106,101,48,98,29"/><U1/><E122/><V22/><F126/><W18/><G71/><T61/><D107/><U131/><E1/><V130/><F130/><N who="1" m="49705" /><E35/><V114/><F114/><W14/><G106/><T125/><D75/><U119/><E119/><V3/><F3/><W112/><G112/><T52/><D118/><U49/><E103/><V0/><F0/><W66/><G66/><T105/><D105/><U97/><E97/><V84/><F64/><W73/><G73/><T88/><D100/><U70/><E91/><V108/><F108/><N who="1" m="41513" /><E70/><V117/><F117/><W121/><G121/><T10/><D125/><U2/><E2/><V7/><F33/><W6/><G6/><T58/><D46/><N who="1" m="25823" /><E57/><V96/><F96/><W90/><G76/><T39/><D39/><U17/><E17/><V132/><F7/><W28/><G30/><T127/><D127/><U74/><E74/><V81/><F132/><W109/><G109/><T9/><D134/><U13/><E13/><V19/><F41/><W59/><G40/><T51/><D15/><U68/><E68/><V78/><F89/><W116/><G116/><T32/><D12/><U42/><E42/><V11/><F19/><W99/><G98/><AGARI ba="1,0" hai="9,10,24,31,32,51,52,56,58,61,65,88,95,98" machi="98" ten="30,7700,0" yaku="7,1,52,1,54,2" doraHai="27" who="0" fromWho="3" sc="182,80,303,0,245,0,270,-80" /><INIT seed="2,0,0,2,0,121" ten="262,303,245,190" oya="2" hai0="119,99,120,88,61,26,117,74,114,63,113,2,116" hai1="46,15,19,109,82,32,112,81,102,84,73,65,20" hai2="105,85,133,27,1,90,10,80,6,101,124,130,62" hai3="3,107,23,104,98,22,131,132,110,5,122,24,7"/><V89/><F130/><W31/><G98/><T11/><D74/><U77/><E109/><V135/><F124/><W38/><G38/><T49/><D120/><U17/><E32/><V94/><F105/><W52/><G122/><T92/><D49/><U86/><E65/><V66/><F27/><W95/><G95/><T68/><D26/><U45/><E73/><V0/><F101/><W69/><G69/><T39/><D39/><U9/><E102/><V14/><F133/><W8/><G132/><T125/><D125/><U43/><E43/><V127/><F127/><W129/><G52/><T78/><D78/><N who="1" m="46135" /><E112/><N who="0" m="43113" /><D68/><U33/><E33/><V67/><F135/><W96/><G96/><T134/><D134/><U47/><E20/><V18/><F6/><AGARI ba="0,0" hai="2,6,11,61,63,88,92,99,116,117,119" m="43113" machi="6" ten="40,2600,0" yaku="12,1,54,1" doraHai="121" who="0" fromWho="2" sc="262,26,303,0,245,-26,190,0" /><AGARI ba="0,0" hai="6,9,15,17,19,45,46,47,77,82,86" m="46135" machi="6" ten="30,1000,0" yaku="8,1" doraHai="121" who="1" fromWho="2" sc="288,0,303,10,219,-10,190,0" /><INIT seed="3,0,0,4,0,28" ten="288,313,209,190" oya="3" hai0="44,135,101,75,63,120,52,48,33,10,34,69,78" hai1="43,116,112,103,25,90,80,117,59,128,2,55,46" hai2="20,19,49,74,32,7,118,134,109,3,92,5,40" hai3="105,39,41,96,61,29,132,62,38,122,9,65,93"/><W113/><G122/><T37/><D120/><U36/><E112/><V82/><F118/><N who="1" m="45673" /><E128/><V11/><F92/><W131/><G113/><T45/><D101/><U47/><E2/><V66/><F66/><W22/><G131/><T89/><D135/><U81/><E103/><V85/><F74/><W57/><G105/><T8/><D75/><U98/><E25/><V79/><F7/><W133/><G9/><T106/><D78/><U23/><E23/><V70/><F70/><W0/><G0/><T107/><D89/><U58/><E58/><V12/><F109/><W84/><G84/><T31/><D31/><U91/><E46/><V67/><F67/><W71/><G133/><T88/><D88/><N who="1" m="33835" /><E98/><V86/><F134/><W126/><G126/><T54/><D69/><U123/><E123/><V130/><F130/><W14/><G132/><T119/><D119/><U114/><E114/><V35/><F85/><W125/><G125/><T64/><D64/><U30/><E30/><V6/><F86/><W102/><G41/><T111/><D111/><U18/><E18/><V60/><F5/><W115/><G115/><T108/><D108/><U129/><E129/><V127/><F127/><W15/><G29/><T24/><D24/><U95/><E95/><V87/><F3/><W53/><REACH who="3" step="1"/><G22/><REACH who="3" ten="288,313,209,180" step="2"/><T16/><D106/><U104/><E104/><V83/><F20/><W4/><G4/><T27/><D107/><U73/><E73/><V72/><F6/><W110/><G110/><T99/><D8/><U77/><E77/><V97/><F72/><W124/><G124/><T26/><D10/><RYUUKYOKU ba="0,1" sc="288,-15,313,15,209,-15,180,15" hai1="36,43,47,55,59,80,81" hai3="14,15,38,39,53,57,61,62,65,71,93,96,102" /><INIT seed="3,1,1,2,0,26" ten="273,328,194,195" oya="3" hai0="59,113,133,82,62,48,96,15,129,35,12,108,78" hai1="93,68,80,45,28,72,69,17,11,63,132,60,111" hai2="25,52,81,119,75,131,74,71,107,30,128,43,91" hai3="10,16,116,29,9,5,19,112,58,67,3,87,1"/><W126/><G112/><T27/><D108/><U47/><E28/><V64/><F119/><W98/><G116/><T89/><D113/><U20/><E11/><V94/><F107/><W38/><G38/><T65/><D129/><N who="2" m="49738" /><F43/><W101/><G126/><T39/><D39/><U76/><E60/><N who="2" m="40327" /><F81/><W33/><G87/><T34/><D133/><U115/><E17/><V49/><F94/><W90/><G90/><T122/><D122/><U104/><E20/><N who="2" m="15655" /><F91/><W70/><G58/><AGARI ba="1,1" hai="49,52,58,74,75" m="15655,40327,49738" machi="58" ten="30,3900,0" yaku="19,1,52,1,54,1" doraHai="26" who="2" fromWho="3" sc="273,0,328,0,194,52,195,-42" owari="273,7.3,328,42.8,246,-15.4,153,-34.7" /></mjloggm>