<mjloggm ver="2.3"><GO type="225" lobby="0"/><UN n0="%E8%81%B7%E6%A5%AD%E3%80%81%E9%A2%A8%32" n1="%E3%83%9E%E3%82%AB%E3%83%92%E3%82%AD" n2="%74%61%6B%75%61%6B%61" n3="%33%74%72%65%65" dan="16,16,17,17" rate="2088.85,2087.60,2199.90,2213.97" sx="M,M,M,F"/><TAIKYOKU oya="0"/><INIT seed="0,0,0,4,5,22" ten="250,250,250,250" oya="0" hai0="24,77,8,134,95,73,31,14,116,135,45,111,32" hai1="64,78,5,33,6,107,74,47,117,26,92,87,119" hai2="84,72,37,103,59,82,126,39,57,27,115,62,120" hai3="132,124,34,12,79,13,105,65,131,58,106,9,23"/><T17/><D116/><U66/><E107/><V36/><F72/><W118/><G118/><T96/><D111/><U2/><E74/><V29/><F120/><W25/><G132/><N who="0" m="50731" /><D73/><U55/><E117/><V75/><F75/><W54/><G131/><T28/><D45/><U104/><E104/><V56/><F115/><W121/><G124/><T3/><D31/><U110/><E110/><V51/><F103/><W16/><G121/><T67/><D67/><U85/><E2/><V81/><F126/><W114/><G114/><T46/><D46/><U20/><E33/><V38/><N who="2" m="9216" /><DORA hai="60" /><V70/><F51/><W99/><G65/><N who="1" m="25194" /><E119/><V108/><F108/><W1/><G1/><T80/><D3/><U102/><E78/><V129/><F129/><W53/><G79/><T91/><D77/><U68/><E68/><V44/><F70/><W21/><G34/><T113/><D80/><U50/><E102/><V49/><F62/><W123/><G123/><T127/><D127/><U4/><E92/><V61/><F61/><W130/><G130/><T15/><D113/><U122/><E122/><V112/><F112/><W76/><G76/><T48/><D32/><U94/><E94/><V133/><F133/><W109/><G106/><T71/><D71/><U97/><E97/><V93/><F93/><W19/><G109/><T90/><D95/><U52/><E55/><V40/><REACH who="2" step="1"/><F84/><REACH who="2" ten="250,250,240,250" step="2"/><W128/><G128/><T101/><D101/><U0/><E0/><V41/><F41/><W10/><G105/><T35/><D96/><U100/><E100/><V83/><F83/><W63/><G99/><RYUUKYOKU ba="0,1" sc="250,-15,250,15,240,15,250,-15" hai1="4,5,6,20,26,47,50,52,85,87" hai2="27,29,40,44,49,56,57,59,81,82" /><INIT seed="1,1,1,5,2,0" ten="235,265,255,235" oya="1" hai0="38,57,17,124,64,133,74,26,95,90,27,101,42" hai1="47,127,71,131,77,65,63,20,116,98,85,22,67" hai2="7,128,81,21,94,50,108,30,125,52,115,80,12" hai3="43,103,107,105,58,84,123,75,53,37,119,48,2"/><U112/><E112/><V16/><F108/><W6/><G123/><T29/><D74/><U13/><E116/><V121/><F121/><W28/><G119/><T41/><D124/><U46/><E127/><V25/><F125/><W68/><G75/><T56/><D133/><U39/><E131/><V19/><F128/><W120/><G120/><T11/><D38/><U44/><E39/><V72/><F115/><W106/><G68/><T49/><D101/><U129/><E129/><V86/><F72/><W4/><G103/><T45/><D42/><U122/><E98/><V78/><F81/><W113/><G113/><T9/><D17/><U61/><E122/><V35/><F94/><W92/><G2/><T118/><D118/><U23/><E13/><V134/><F134/><W97/><G84/><T24/><D29/><U70/><E85/><V8/><F35/><W117/><G117/><T60/><REACH who="0" step="1"/><D56/><AGARI ba="1,1" hai="7,8,12,16,19,21,25,30,50,52,56,78,80,86" machi="56" ten="30,8000,1" yaku="7,1,8,1,52,1,54,2" doraHai="0" who="2" fromWho="0" sc="235,-83,265,0,255,93,235,0" /><INIT seed="2,0,0,2,2,5" ten="152,265,348,235" oya="2" hai0="17,135,68,88,11,42,123,53,28,45,1,132,22" hai1="21,72,102,74,64,33,66,30,4,130,31,2,62" hai2="67,99,78,116,125,118,83,127,91,6,81,114,27" hai3="69,13,12,92,101,134,60,117,14,82,76,104,89"/><V110/><F27/><W26/><G117/><N who="2" m="45161" /><F6/><W98/><G134/><N who="0" m="51243" /><D123/><U36/><E36/><V106/><F67/><W79/><G26/><N who="0" m="16471" /><D68/><U39/><E39/><V56/><F56/><W120/><G120/><T93/><D53/><U49/><E49/><V90/><F114/><W29/><G29/><T129/><D129/><U122/><E130/><V124/><F110/><W71/><G60/><T63/><D63/><U25/><E122/><V50/><F50/><W94/><G94/><T87/><D1/><U75/><E102/><N who="2" m="62815" /><F83/><W41/><G41/><T10/><D17/><U86/><E66/><V38/><F38/><AGARI ba="0,0" hai="10,11,38,42,45,87,88,93" m="16471,51243" machi="38" ten="30,7700,0" yaku="20,1,52,2,54,1" doraHai="5" who="0" fromWho="2" sc="152,77,265,0,348,-77,235,0" /><INIT seed="3,0,0,3,4,64" ten="229,265,271,235" oya="3" hai0="16,2,104,113,68,6,12,22,71,72,28,73,59" hai1="89,46,40,51,117,130,115,38,103,132,52,9,74" hai2="90,10,77,134,18,53,31,35,108,69,123,109,124" hai3="106,5,125,25,1,11,127,43,61,129,81,67,107"/><W60/><G129/><T131/><D104/><U102/><E115/><V85/><F124/><N who="3" m="47691" /><G43/><T15/><D131/><U128/><E132/><V97/><F77/><W112/><G112/><T26/><D113/><U56/><E74/><V42/><F97/><W105/><G81/><T95/><D95/><U48/><E117/><V99/><F99/><W0/><G25/><T84/><D84/><U70/><E70/><N who="0" m="26665" /><D15/><U36/><E128/><V30/><F69/><N who="3" m="42215" /><G61/><T114/><D59/><U78/><E78/><V135/><F123/><W101/><G0/><T41/><D41/><U92/><E130/><V54/><F42/><W119/><G119/><T122/><D122/><U66/><E66/><V21/><F135/><W94/><G94/><T76/><D76/><U50/><E38/><V37/><F37/><W19/><G19/><T47/><D47/><U87/><REACH who="1" step="1"/><E9/><REACH who="1" ten="229,255,271,235" step="2"/><V45/><F10/><W75/><G75/><T32/><D114/><U80/><E80/><V8/><F8/><AGARI ba="0,1" hai="2,6,8,12,16,22,26,28,32,72,73" m="26665" machi="8" ten="30,8000,1" yaku="24,1,52,3,54,1" doraHai="64" who="0" fromWho="2" sc="229,90,255,0,271,-80,235,0" owari="319,41.9,255,5.5,191,-30.9,235,-16.5" /></mjloggm>