<mjloggm ver="2.3"><GO type="225" lobby="0"/><UN n0="%E3%83%8F%E3%83%B3%E3%83%89%E3%83%A9%E3%83%BC%E3%83%BB%E3%83%AF%E3%83%B3" n1="%E2%80%A0%E5%B0%8F%E6%9C%A8%E6%9B%BD%E9%9B%AA%E8%8F%9C%E2%80%A0" n2="%E3%80%93%E3%81%97%E3%83%BC%E3%82%89%E3%80%93" n3="%6D%75%75%73%61%6E%6D%75" dan="17,16,16,16" rate="2214.51,2083.57,2187.67,2148.97" sx="M,M,M,F"/><TAIKYOKU oya="0"/><INIT seed="0,0,0,2,1,117" ten="250,250,250,250" oya="0" hai0="101,17,91,96,6,73,97,34,15,38,104,28,37" hai1="13,50,43,54,39,23,133,129,48,84,103,88,100" hai2="63,121,2,5,30,19,102,80,12,86,11,46,87" hai3="69,125,66,45,130,120,78,29,95,79,33,47,52"/><T93/><D73/><U118/><E118/><V75/><F121/><W113/><G113/><T74/><D74/><U71/><E71/><V25/><F102/><N who="1" m="38953" /><E39/><V76/><F46/><W22/><G33/><T128/><D6/><U98/><E129/><V127/><F63/><W106/><G106/><T58/><D128/><U44/><E133/><V105/><F105/><W132/><G130/><T77/><D77/><U8/><E23/><V26/><F127/><W99/><G125/><T21/><REACH who="0" step="1"/><D58/><REACH who="0" ten="240,250,250,250" step="2"/><N who="1" m="33095" /><E98/><V67/><F75/><W89/><G99/><T32/><D32/><U65/><E65/><V107/><F67/><W55/><G66/><T41/><D41/><U108/><E108/><V14/><F86/><W90/><G69/><T135/><D135/><U59/><E59/><V35/><F87/><W53/><G132/><T18/><D18/><N who="1" m="8487" /><E84/><V1/><F76/><W85/><G79/><T82/><D82/><U31/><E31/><V83/><F30/><W10/><G78/><T0/><D0/><U4/><E4/><V24/><F35/><W123/><G29/><T68/><D68/><U119/><E119/><V92/><F80/><W131/><G131/><T62/><D62/><U109/><E109/><V60/><F83/><W9/><G85/><T122/><D122/><U114/><E114/><V61/><F60/><W126/><G120/><T51/><D51/><U116/><E116/><V94/><F61/><W57/><G123/><T56/><D56/><U7/><E7/><V110/><F110/><W115/><G57/><T27/><AGARI ba="0,1" hai="15,17,21,27,28,34,37,38,91,93,96,97,101,104" machi="27" ten="30,3000,0" yaku="1,1,0,1,53,0" doraHai="117" doraHaiUra="81" who="0" fromWho="0" sc="240,40,250,-10,250,-10,250,-10" /><INIT seed="0,1,0,5,2,3" ten="280,240,240,240" oya="0" hai0="13,121,97,77,22,18,115,28,15,109,36,20,68" hai1="78,74,99,24,45,75,110,88,94,23,124,93,12" hai2="40,62,30,67,83,6,126,53,123,0,63,135,27" hai3="34,101,54,116,47,104,114,69,118,57,108,21,122"/><T86/><D115/><U19/><E110/><V38/><F123/><W81/><G69/><T90/><D121/><U31/><E124/><V33/><F126/><W113/><G122/><T41/><D68/><U1/><E1/><V85/><F135/><W73/><G34/><T103/><D77/><U130/><E130/><V96/><F40/><W125/><G125/><T8/><D109/><U5/><E5/><V107/><F38/><W39/><G108/><T95/><D28/><U50/><E94/><V64/><F96/><W25/><G104/><T82/><D36/><U128/><E78/><V134/><F107/><W112/><G101/><T111/><D111/><U100/><E100/><V119/><F134/><W79/><G47/><T56/><D41/><U46/><E46/><V2/><F53/><W35/><G35/><T14/><D56/><U80/><E80/><V131/><F119/><W105/><G105/><T71/><D71/><U92/><E92/><V72/><F72/><W127/><G39/><T4/><REACH who="0" step="1"/><D20/><REACH who="0" ten="270,240,240,240" step="2"/><U44/><E44/><V60/><F131/><W133/><G127/><T120/><D120/><U70/><E70/><V51/><F30/><N who="3" m="17711" /><G133/><T98/><D98/><U48/><E128/><V89/><F33/><W29/><G29/><T17/><D17/><U42/><E75/><V102/><F67/><W58/><G58/><T87/><D87/><U55/><E74/><V65/><F64/><W66/><G66/><T49/><D49/><N who="1" m="29103" /><E42/><V26/><F65/><W129/><G129/><T76/><D76/><U91/><E48/><V7/><F51/><N who="3" m="30943" /><G112/><T11/><D11/><RYUUKYOKU ba="1,1" sc="270,15,240,-15,240,-15,240,15" hai0="4,8,13,14,15,18,22,82,86,90,95,97,103" hai3="73,79,81,113,114,116,118" /><INIT seed="0,2,1,0,2,72" ten="285,225,225,255" oya="0" hai0="61,115,12,14,24,127,80,45,8,120,6,101,65" hai1="110,43,77,76,10,42,71,116,73,70,94,57,134" hai2="131,13,83,119,21,108,66,55,35,88,129,44,38" hai3="11,28,1,133,54,92,20,117,19,98,126,2,69"/><T121/><D115/><U75/><E116/><V96/><F35/><W16/><G117/><T113/><D113/><U74/><E110/><V40/><F119/><W93/><G69/><T25/><D127/><U26/><E134/><V9/><F108/><W47/><G126/><T103/><D121/><U22/><E57/><V125/><F125/><W128/><G128/><N who="2" m="49225" /><F66/><W78/><G133/><T130/><D120/><U4/><E94/><N who="2" m="56391" /><F55/><W114/><G114/><T104/><D130/><U5/><E71/><V29/><F83/><W7/><G1/><T41/><D14/><U39/><E39/><V60/><F60/><W50/><G78/><T56/><D80/><U30/><E70/><V37/><F37/><W109/><G109/><T102/><REACH who="0" step="1"/><D104/><REACH who="0" ten="275,225,225,255" step="2"/><U84/><E73/><V124/><F124/><W107/><G107/><T122/><D122/><U111/><E74/><V132/><F132/><W15/><G2/><T63/><D63/><U67/><E75/><V33/><F13/><W48/><G15/><T100/><N who="0" m="25600" /><DORA hai="64" /><T34/><D34/><U68/><E111/><V86/><F33/><W32/><G32/><T59/><D59/><U87/><E68/><V3/><F3/><W58/><G58/><T0/><D0/><U85/><E26/><N who="2" m="16591" /><F9/><W79/><G11/><T31/><D31/><U118/><E10/><V123/><F123/><W17/><G28/><T62/><D62/><U51/><E30/><V46/><F46/><W23/><G47/><T135/><D135/><U97/><E118/><V82/><F82/><W90/><G92/><T36/><AGARI ba="2,2" hai="6,8,12,24,25,36,41,45,56,61,65" m="25600" machi="36" ten="40,12000,1" yaku="1,1,0,1,53,2" doraHai="72,64" doraHaiUra="52,53" who="0" fromWho="0" sc="275,146,225,-42,225,-42,255,-42" /><INIT seed="0,3,0,5,1,79" ten="421,183,183,213" oya="0" hai0="126,35,74,42,81,95,85,2,114,5,75,117,77" hai1="64,96,107,47,6,90,52,67,51,4,33,93,108" hai2="104,36,39,83,23,78,70,118,103,111,57,11,113" hai3="71,38,101,55,37,131,69,127,22,133,99,87,7"/><T98/><D35/><U15/><E33/><V124/><F70/><W119/><G119/><T29/><D29/><U8/><E108/><V110/><F118/><W28/><G127/><T121/><D117/><U54/><E107/><V73/><F124/><W115/><G115/><T56/><D126/><U17/><REACH who="1" step="1"/><E54/><REACH who="1" ten="421,173,183,213" step="2"/><V16/><F113/><W105/><G55/><T45/><D114/><U65/><AGARI ba="3,1" hai="4,6,8,15,17,47,51,52,64,65,67,90,93,96" machi="65" ten="30,8000,1" yaku="1,1,2,1,0,1,8,1,54,1,53,0" doraHai="79" doraHaiUra="30" who="1" fromWho="1" sc="421,-43,173,99,183,-23,213,-23" /><INIT seed="1,0,0,1,5,126" ten="378,272,160,190" oya="1" hai0="104,82,73,21,86,122,60,94,39,20,62,87,34" hai1="37,35,31,26,109,91,4,68,59,55,61,123,32" hai2="135,110,116,72,24,79,51,90,18,13,101,28,22" hai3="40,130,41,113,98,132,44,9,38,5,63,124,100"/><U43/><E123/><V11/><F116/><W76/><G124/><T128/><D104/><U74/><E74/><V80/><F135/><W33/><G132/><T131/><D34/><U97/><E4/><V93/><F110/><W125/><G125/><T66/><D39/><U0/><E0/><V120/><F120/><W133/><G133/><T45/><D122/><U71/><E32/><V6/><F101/><W54/><G33/><T52/><D73/><U103/><E109/><V118/><F51/><W25/><G113/><T115/><D94/><U96/><E43/><V70/><F70/><W85/><G25/><T108/><D115/><U75/><E37/><V99/><REACH who="2" step="1"/><F118/><REACH who="2" ten="378,272,150,190" step="2"/><W92/><G100/><T1/><D108/><U83/><E71/><V107/><F107/><W106/><G106/><T117/><D117/><U111/><E68/><V121/><F121/><W81/><G38/><T30/><D62/><U17/><E61/><V134/><F134/><W77/><G63/><T48/><D60/><U8/><E103/><V42/><F42/><W23/><G41/><T7/><D48/><U89/><E111/><V3/><F3/><W49/><G40/><T10/><D1/><U129/><E75/><V65/><F65/><W14/><G49/><T15/><D66/><U69/><E69/><V119/><F119/><W29/><G54/><T56/><D52/><U67/><E55/><V16/><AGARI ba="0,1" hai="6,11,13,16,18,22,24,28,72,79,80,90,93,99" machi="16" ten="30,4000,0" yaku="1,1,0,1,54,1,53,0" doraHai="126" doraHaiUra="36" who="2" fromWho="2" sc="378,-10,272,-20,150,50,190,-10" /><INIT seed="2,0,0,1,1,35" ten="368,252,200,180" oya="2" hai0="109,31,26,103,93,36,28,82,99,81,56,129,121" hai1="25,37,92,110,14,21,108,43,42,72,87,120,2" hai2="114,95,20,98,97,58,6,59,54,107,33,84,77" hai3="113,32,8,75,85,53,9,48,94,88,102,27,52"/><V83/><F33/><W7/><G75/><T22/><D36/><U38/><E2/><V112/><F107/><W0/><G113/><T70/><D70/><U96/><E72/><V90/><F59/><W78/><G102/><T34/><D121/><U64/><E64/><V40/><F40/><N who="1" m="15401" /><E87/><V61/><F98/><W63/><G78/><T11/><D109/><N who="1" m="42091" /><E14/><V68/><F68/><W115/><G115/><T126/><D129/><U30/><E120/><V16/><REACH who="2" step="1"/><F6/><REACH who="2" ten="368,252,190,180" step="2"/><W123/><G123/><T55/><D99/><U69/><E69/><V127/><F127/><W12/><G63/><T130/><D56/><U91/><AGARI ba="0,1" hai="21,25,30,37,38,91,92,96" m="42091,15401" machi="91" ten="30,1100,0" yaku="14,1" doraHai="35" who="1" fromWho="1" sc="368,-3,252,21,190,-5,180,-3" /><INIT seed="3,0,0,1,2,111" ten="365,273,185,177" oya="3" hai0="64,78,13,23,73,93,43,116,59,41,117,17,63" hai1="48,98,74,61,125,7,28,18,47,135,76,120,129" hai2="122,2,72,6,10,105,51,71,67,21,8,80,75" hai3="88,50,109,16,126,52,55,35,118,27,99,95,12"/><W14/><G118/><T106/><D106/><U84/><E129/><V26/><F105/><W20/><G109/><T91/><D41/><U19/><E98/><V83/><F122/><W56/><G126/><T25/><D43/><U45/><E84/><V87/><F80/><W104/><G104/><T81/><D25/><U77/><E7/><V131/><F131/><W46/><G35/><T119/><D119/><U44/><E45/><V101/><F101/><W127/><G127/><T90/><D90/><U24/><E24/><V130/><F10/><W128/><G128/><T66/><D66/><U4/><E4/><V0/><F0/><W134/><G134/><T115/><D115/><U112/><E28/><V79/><F130/><W69/><G69/><T3/><D3/><U100/><E100/><V29/><REACH who="2" step="1"/><F51/><AGARI ba="0,0" hai="12,14,16,20,27,46,50,51,52,55,56,88,95,99" machi="51" ten="30,12000,1" yaku="7,1,8,1,54,3" doraHai="111" who="3" fromWho="2" sc="365,0,273,0,185,-120,177,120" /><INIT seed="3,1,0,1,4,123" ten="365,273,65,297" oya="3" hai0="30,38,108,96,119,13,40,107,100,127,79,12,75" hai1="85,74,81,10,55,42,21,20,16,72,99,104,135" hai2="26,62,118,67,51,133,24,109,84,94,115,18,80" hai3="49,68,7,125,105,25,11,116,31,28,128,113,91"/><W29/><G113/><T117/><D12/><N who="1" m="7191" /><E74/><V2/><F115/><W60/><G116/><T22/><D13/><U0/><E72/><V48/><F2/><W27/><G105/><T95/><D95/><U34/><E0/><V110/><F118/><W19/><G125/><T15/><D15/><U83/><E34/><V134/><F94/><W8/><G128/><T50/><D50/><N who="2" m="18986" /><F18/><W126/><G126/><T47/><D22/><N who="1" m="8811" /><E104/><V39/><F84/><W130/><G130/><T89/><D89/><N who="1" m="51391" /><E135/><N who="2" m="51723" /><F80/><W124/><G124/><T66/><D127/><U3/><E3/><V33/><F33/><W1/><G1/><T14/><D14/><U58/><E81/><V77/><F77/><W97/><G7/><T70/><D30/><U56/><E42/><V73/><F73/><W45/><G91/><T87/><D87/><U61/><E99/><V9/><F9/><N who="3" m="3659" /><G97/><T132/><D132/><U88/><E88/><V4/><F4/><W36/><G19/><T122/><D119/><U69/><E69/><N who="2" m="42231" /><F24/><W54/><G27/><T44/><D117/><U92/><E92/><V114/><F26/><W82/><G82/><T64/><D75/><U46/><E61/><V53/><F114/><W101/><G101/><T111/><D100/><U23/><E23/><V5/><F5/><W106/><G106/><T76/><D107/><U32/><E32/><V6/><F6/><W93/><G93/><T129/><D96/><U131/><E131/><V43/><F53/><N who="3" m="29871" /><G25/><T41/><D129/><U90/><E90/><V52/><F52/><W71/><G36/><T65/><D38/><U112/><E112/><RYUUKYOKU ba="1,0" sc="365,-30,273,10,65,10,297,10" hai1="46,55,56,58" hai2="39,43,109,110" hai3="28,29,31,54,60,68,71" /><INIT seed="3,2,0,4,5,3" ten="335,283,75,307" oya="3" hai0="25,47,69,117,135,52,131,84,41,130,122,128,23" hai1="13,1,97,115,28,60,75,33,11,35,95,103,49" hai2="124,93,127,30,20,86,87,114,112,8,21,51,70" hai3="109,27,119,56,24,89,92,19,22,71,132,9,123"/><W133/><G119/><T61/><D122/><U113/><E75/><V31/><F51/><W63/><G123/><T120/><D120/><U14/><E1/><V16/><F93/><W125/><G71/><T72/><D72/><U45/><E33/><V59/><F70/><W64/><G125/><T134/><D117/><U118/><E118/><V96/><F59/><W91/><G109/><T67/><D84/><U107/><E107/><V81/><F96/><W90/><G27/><T53/><D135/><N who="3" m="51785" /><G9/><T15/><D15/><N who="1" m="5643" /><E35/><V100/><F8/><W57/><G56/><T129/><D129/><U98/><E115/><V6/><F100/><W104/><G104/><T108/><D108/><U36/><E36/><V40/><F40/><W37/><G37/><N who="0" m="21935" /><D134/><U76/><E11/><V7/><REACH who="2" step="1"/><F81/><REACH who="2" ten="335,283,65,307" step="2"/><W29/><G92/><T82/><D82/><U74/><E98/><V94/><F94/><W42/><G42/><T77/><D130/><U5/><E95/><V54/><F54/><W110/><G110/><T101/><D131/><U62/><E97/><V83/><F83/><W39/><G39/><T105/><D128/><U48/><E103/><V116/><F116/><W10/><G10/><T66/><D101/><U2/><E48/><V121/><F121/><W18/><AGARI ba="2,1" hai="18,19,22,24,29,57,63,64,89,90,91" m="51785" machi="18" ten="40,2100,0" yaku="20,1" doraHai="3" who="3" fromWho="3" sc="335,-9,283,-9,65,-9,307,37" owari="326,12.6,274,-12.6,56,-44.4,344,44.4" /></mjloggm>