<mjloggm ver="2.3"><GO type="225" lobby="0"/><UN n0="%63%68%78%62%64" n1="%E6%B0%B7%E5%B7%9D%E9%87%8C%E5%A5%88" n2="%73%7A%2E%64%31" n3="%E4%BE%BF%E6%89%80" dan="16,16,16,16" rate="2128.92,2147.48,2147.14,2039.23" sx="M,F,M,M"/><TAIKYOKU oya="0"/><INIT seed="0,0,0,2,5,57" ten="250,250,250,250" oya="0" hai0="101,24,41,105,128,60,132,26,117,71,34,113,15" hai1="107,64,20,78,92,62,73,28,4,53,32,126,17" hai2="94,100,36,129,88,48,127,89,30,8,121,9,33" hai3="123,74,51,68,97,106,133,70,18,108,6,111,3"/><T25/><D117/><U116/><E116/><V79/><F121/><W46/><G74/><T86/><D113/><U130/><E107/><V85/><F36/><W75/><G75/><T47/><D128/><U1/><E130/><V50/><F129/><W125/><G123/><T82/><D15/><U44/><E126/><V19/><F127/><W114/><G114/><T42/><D132/><U31/><E78/><V131/><F131/><W39/><G39/><T66/><D34/><U112/><E73/><V49/><F33/><W56/><G133/><T35/><D35/><U12/><E112/><V52/><F30/><W11/><G18/><T29/><D29/><U135/><E135/><V109/><F109/><N who="3" m="42059" /><G56/><T134/><D134/><U7/><E92/><V65/><F65/><W91/><G125/><T115/><D115/><U98/><E98/><V2/><F2/><W16/><G16/><T95/><D105/><U80/><E80/><V61/><F79/><W27/><G27/><T38/><D42/><U124/><E124/><V87/><F100/><N who="3" m="62735" /><G91/><T69/><D69/><N who="1" m="42135" /><E1/><V90/><F19/><W118/><G118/><T43/><D101/><U120/><E120/><V55/><F55/><AGARI ba="0,0" hai="3,6,11,46,51,55,68,70" m="62735,42059" machi="55" ten="30,1000,0" yaku="14,1" doraHai="57" who="3" fromWho="2" sc="250,0,250,0,250,-10,250,10" /><INIT seed="1,0,0,3,1,96" ten="250,250,240,260" oya="1" hai0="90,8,92,4,114,51,127,120,95,133,106,99,17" hai1="7,19,26,68,86,105,42,43,5,54,76,34,74" hai2="24,27,69,10,128,83,116,30,121,32,1,77,117" hai3="91,3,63,28,31,111,46,64,56,131,45,13,79"/><U115/><E115/><V112/><F121/><W53/><G3/><T118/><D114/><U57/><E68/><V16/><F112/><W113/><G113/><T9/><D118/><U55/><E74/><V59/><F59/><W58/><G111/><T98/><D133/><U134/><E134/><V33/><F69/><W122/><G122/><T81/><D106/><U89/><E76/><V61/><F61/><W130/><G79/><T123/><D81/><U38/><E105/><V44/><F44/><N who="3" m="17003" /><G13/><T11/><D51/><U70/><E70/><V41/><F41/><W104/><G104/><T82/><D82/><U135/><E135/><V20/><F128/><W97/><G97/><BYE who="3" /><UN n3="%E4%BE%BF%E6%89%80" /><T126/><D4/><N who="1" m="1611" /><E34/><N who="2" m="20807" /><F83/><W62/><G91/><T87/><D17/><U75/><E75/><V109/><F77/><W78/><G78/><T36/><D36/><U72/><E72/><V73/><F73/><W2/><G2/><T60/><D60/><N who="1" m="35895" /><E55/><V29/><F109/><W18/><G18/><T14/><D120/><U49/><E49/><V50/><F50/><W108/><G108/><T101/><D123/><U103/><E38/><V84/><F1/><W48/><G48/><T119/><D119/><N who="2" m="45642" /><F84/><W129/><AGARI ba="0,0" hai="28,31,53,56,58,62,63,64,129,130,131" m="17003" machi="129" ten="40,1500,0" yaku="19,1" doraHai="96" who="3" fromWho="3" sc="250,-4,250,-7,240,-4,260,15" /><INIT seed="2,0,0,5,4,0" ten="246,243,236,275" oya="2" hai0="112,98,24,5,57,12,46,6,105,118,77,88,110" hai1="119,4,20,97,73,129,113,35,52,13,48,66,34" hai2="74,27,75,53,30,42,23,114,78,101,84,108,116" hai3="38,123,9,94,91,76,43,7,8,86,89,19,41"/><V103/><F116/><W126/><G123/><T71/><D71/><U21/><E119/><V36/><F114/><W121/><G121/><T47/><D112/><U25/><E113/><V125/><F125/><W49/><G126/><T64/><D105/><U131/><E73/><V17/><F108/><W14/><G38/><T67/><D110/><U33/><E66/><N who="0" m="25129" /><D77/><U37/><E37/><V81/><F74/><W107/><G107/><T132/><D132/><U69/><E69/><V65/><F65/><W82/><G49/><T63/><D24/><U56/><E97/><V99/><F75/><W11/><G91/><T51/><D12/><U55/><E55/><V70/><F70/><W15/><REACH who="3" step="1"/><G11/><REACH who="3" ten="246,243,236,265" step="2"/><T44/><D51/><U124/><E124/><V90/><F90/><W120/><G120/><T45/><N who="0" m="11264" /><DORA hai="68" /><T85/><D118/><U50/><E50/><V18/><F103/><W127/><G127/><T106/><D106/><U39/><E39/><V22/><F36/><W32/><G32/><T100/><D100/><U61/><E48/><V122/><F122/><W117/><G117/><T87/><D98/><AGARI ba="0,1" hai="7,8,9,14,15,19,41,43,76,82,86,89,94,98" machi="98" ten="30,7700,0" yaku="1,1,7,1,8,1,52,1,53,0" doraHai="0,68" doraHaiUra="102,111" who="3" fromWho="0" sc="246,-77,243,0,236,0,265,87" /><INIT seed="3,0,0,5,0,54" ten="169,243,236,352" oya="3" hai0="79,115,72,86,61,111,88,90,135,85,30,74,6" hai1="75,35,40,5,106,91,96,130,92,105,53,127,124" hai2="71,20,45,114,27,23,51,67,68,102,125,87,16" hai3="120,33,95,69,63,129,1,59,104,78,97,58,13"/><W77/><G120/><T65/><D111/><U34/><E75/><V60/><F114/><W119/><G119/><T3/><D115/><U123/><E123/><V133/><F125/><N who="1" m="48201" /><E130/><V70/><F133/><W10/><G1/><T109/><D109/><U110/><E110/><V118/><F118/><W83/><G104/><N who="1" m="40042" /><E40/><V113/><F102/><N who="3" m="60735" /><G69/><T64/><D135/><U42/><E42/><V18/><F113/><W132/><G33/><T26/><D3/><U121/><E121/><V38/><F87/><N who="3" m="48623" /><G129/><T107/><D6/><U84/><E5/><V48/><F38/><W100/><G100/><T82/><D107/><U80/><E53/><V22/><F22/><W21/><G78/><AGARI ba="0,0" hai="34,35,78,80,84,91,92,96" m="40042,48201" machi="78" ten="30,1000,0" yaku="18,1" doraHai="54" who="1" fromWho="3" sc="169,0,243,10,236,0,352,-10" owari="169,-33.1,253,5.3,236,-16.4,342,44.2" /></mjloggm>