<mjloggm ver="2.3"><GO type="225" lobby="0"/><UN n0="%E3%82%B2%E3%82%B9%E8%8C%82%E5%8B%9D" n1="%74%2E%6F%2E%6F%2E%73" n2="%E5%86%B7%E5%87%8D%E3%82%AE%E3%83%A7%E3%83%BC%E3%82%B6" n3="%6D%75%75%73%61%6E%6D%75" dan="16,17,17,17" rate="2115.64,2120.62,2197.14,2178.34" sx="F,M,M,F"/><TAIKYOKU oya="0"/><INIT seed="0,0,0,2,2,42" ten="250,250,250,250" oya="0" hai0="62,30,24,26,75,4,70,93,27,10,36,67,74" hai1="28,49,18,113,80,129,71,68,23,99,124,21,86" hai2="91,110,57,19,16,100,107,94,22,125,54,59,126" hai3="83,87,95,8,6,52,60,33,116,82,13,79,118"/><T5/><D36/><U134/><E129/><V65/><F110/><W78/><G33/><T35/><D4/><U20/><E124/><N who="2" m="47723" /><F65/><W112/><G95/><T15/><D26/><U38/><E38/><V72/><F72/><W135/><G135/><T122/><D122/><U119/><E119/><V63/><F59/><W115/><G115/><T77/><D77/><U25/><E134/><V92/><F107/><W61/><G112/><T85/><D24/><U1/><E113/><V106/><F91/><W39/><G39/><T66/><D66/><U11/><E99/><N who="2" m="61727" /><F19/><W47/><G116/><T84/><REACH who="0" step="1"/><D93/><REACH who="0" ten="240,250,250,250" step="2"/><U50/><E25/><AGARI ba="0,1" hai="16,22,25,54,57,63,92,94" m="61727,47723" machi="25" ten="30,2000,0" yaku="18,1,54,1" doraHai="42" who="2" fromWho="1" sc="240,0,250,-20,250,30,250,0" /><INIT seed="1,0,0,4,2,53" ten="240,230,280,250" oya="1" hai0="85,87,0,88,115,97,80,124,95,83,42,39,10" hai1="12,119,125,69,93,51,52,78,30,72,128,134,47" hai2="4,67,45,91,123,41,74,49,26,66,14,103,122" hai3="60,77,22,3,130,25,40,44,29,13,86,106,61"/><U116/><E69/><V127/><F127/><W63/><G3/><T100/><D124/><U131/><E125/><V18/><F74/><W109/><G106/><T56/><D115/><U36/><E134/><V8/><F103/><W37/><G109/><T121/><D121/><U55/><E30/><V2/><F26/><W112/><G130/><N who="1" m="49706" /><E93/><V21/><REACH who="2" step="1"/><F91/><REACH who="2" ten="240,230,270,250" step="2"/><W76/><G112/><T102/><D102/><U7/><E72/><V1/><F1/><W132/><G132/><T17/><D0/><U135/><E135/><V20/><F20/><W28/><G13/><N who="0" m="7351" /><D100/><U99/><E12/><V105/><F105/><W19/><G76/><T6/><D88/><U113/><E78/><V68/><F68/><W129/><G129/><T90/><D90/><U101/><E113/><V38/><F38/><W107/><G107/><T46/><D39/><U89/><E36/><V31/><F31/><W79/><G77/><T96/><D87/><U54/><E89/><V62/><F62/><W84/><G84/><T71/><D85/><U58/><E101/><V114/><F114/><W35/><G35/><T34/><D71/><U73/><E73/><V24/><F24/><W11/><G79/><T57/><D34/><U81/><E99/><V111/><F111/><W33/><G86/><T133/><D97/><U75/><E75/><V92/><F92/><W117/><G33/><T27/><D133/><U65/><E81/><V110/><F110/><W50/><G37/><T43/><D83/><U94/><E94/><V118/><F118/><N who="1" m="45097" /><E7/><V120/><AGARI ba="0,1" hai="2,4,8,14,18,21,41,45,49,66,67,120,122,123" machi="120" ten="30,2000,0" yaku="1,1,0,1,53,0" doraHai="53" doraHaiUra="59" who="2" fromWho="2" sc="240,-5,230,-10,270,30,250,-5" /><INIT seed="2,0,0,5,5,41" ten="235,220,300,245" oya="2" hai0="114,85,81,30,107,87,53,98,108,75,39,58,118" hai1="61,120,25,56,72,4,33,135,3,5,126,27,73" hai2="95,133,24,64,66,113,49,18,29,31,116,51,36" hai3="84,19,62,7,42,2,45,12,99,63,26,37,22"/><V109/><F113/><W46/><G2/><T50/><D108/><U82/><E126/><V77/><F116/><W52/><G99/><T127/><D127/><U83/><E135/><V70/><F133/><W55/><G84/><T1/><D114/><U102/><E102/><V54/><F36/><W57/><G46/><T40/><D1/><U96/><E96/><V80/><F109/><W76/><G76/><T13/><D118/><U78/><E120/><V134/><F134/><W103/><G103/><T16/><D30/><N who="2" m="11274" /><F95/><W9/><REACH who="3" step="1"/><G55/><REACH who="3" ten="235,220,300,235" step="2"/><T67/><D98/><U10/><E3/><V92/><F54/><W14/><G14/><T74/><D75/><U130/><E78/><V105/><F77/><W129/><G129/><T132/><D74/><U86/><E130/><V90/><F90/><W124/><G124/><T21/><D132/><U43/><E86/><V125/><F125/><W131/><G131/><T32/><D87/><U15/><E43/><V79/><F79/><W91/><G91/><T8/><D85/><U117/><E72/><V121/><F80/><W35/><G35/><T106/><D81/><N who="1" m="30731" /><E73/><V122/><F121/><W48/><AGARI ba="0,1" hai="7,9,12,19,22,26,37,42,45,48,52,57,62,63" machi="48" ten="20,8000,1" yaku="1,1,0,1,7,1,52,1,54,1,53,0" doraHai="41" doraHaiUra="110" who="3" fromWho="3" sc="235,-20,220,-20,300,-40,235,90" /><INIT seed="3,0,0,4,1,108" ten="215,200,260,325" oya="3" hai0="57,90,103,62,54,116,113,94,96,124,107,125,79" hai1="80,101,38,21,6,7,61,105,82,47,131,132,58" hai2="28,23,92,119,27,60,30,0,15,32,40,121,19" hai3="24,22,50,83,66,59,84,33,36,114,65,72,93"/><W1/><G114/><T106/><D116/><U14/><E131/><V78/><F119/><W111/><G36/><T12/><D79/><U128/><E128/><V37/><F121/><W31/><G1/><T95/><D113/><U123/><E123/><V99/><F0/><W130/><G72/><T126/><D12/><U3/><E3/><V91/><F78/><W49/><G33/><T133/><D133/><U76/><E132/><V17/><F60/><N who="3" m="38047" /><G66/><T70/><D70/><U10/><E6/><V86/><F99/><AGARI ba="0,0" hai="54,57,62,90,94,95,96,99,103,106,107,124,125,126" machi="99" ten="40,1300,0" yaku="18,1" doraHai="108" who="0" fromWho="2" sc="215,13,200,0,260,-13,325,0" owari="228,-17.2,200,-30.0,247,4.7,325,42.5" /></mjloggm>