<mjloggm ver="2.3"><GO type="225" lobby="0"/><UN n0="%E3%81%86%E3%81%A9%E3%82%93%E3%81%93" n1="%E3%83%81%E3%83%AF%E3%83%AF%E9%9A%8A%E9%95%B7" n2="%E3%80%93%E3%81%97%E3%83%BC%E3%82%89%E3%80%93" n3="%33%74%72%65%65" dan="16,16,16,16" rate="2135.30,2160.71,2169.00,2163.83" sx="M,M,M,F"/><TAIKYOKU oya="0"/><INIT seed="0,0,0,5,2,39" ten="250,250,250,250" oya="0" hai0="108,75,53,80,24,35,128,40,65,100,122,16,126" hai1="58,9,104,50,119,45,33,66,120,114,110,49,13" hai2="51,29,2,14,28,95,97,130,32,54,7,67,87" hai3="6,61,59,96,78,89,125,8,112,17,36,22,105"/><T60/><D122/><U10/><E120/><V127/><F2/><W94/><G112/><T106/><D128/><U88/><E119/><V134/><F130/><W27/><G125/><T18/><D126/><U43/><E33/><V92/><F127/><W42/><G105/><T131/><D131/><U107/><E114/><V93/><F134/><W70/><G70/><N who="0" m="42279" /><D53/><U52/><E110/><V81/><F67/><W121/><G121/><T129/><D129/><U111/><E111/><V124/><F124/><W55/><G78/><N who="0" m="44127" /><D40/><U76/><E76/><N who="2" m="46503" /><F32/><W64/><G64/><T68/><D68/><U23/><E66/><V57/><F97/><W117/><G117/><T1/><D1/><U83/><E107/><V102/><F102/><W3/><G36/><T113/><D113/><U20/><E104/><V63/><F63/><W118/><G118/><T62/><D62/><U56/><E56/><V86/><F86/><W73/><G73/><T69/><D69/><U103/><E103/><V98/><F98/><W41/><AGARI ba="0,0" hai="3,6,8,17,22,27,41,42,55,59,61,89,94,96" machi="41" ten="30,8000,1" yaku="0,1,25,2,52,2" doraHai="39" who="3" fromWho="3" sc="250,-40,250,-20,250,-20,250,80" /><INIT seed="1,0,0,1,4,16" ten="210,230,230,330" oya="1" hai0="48,62,89,72,2,31,29,120,63,38,68,1,88" hai1="100,44,12,103,71,13,54,108,105,52,39,28,78" hai2="30,96,23,93,10,99,67,58,32,34,86,74,95" hai3="110,60,42,59,102,82,125,106,115,51,35,17,128"/><U5/><E71/><V111/><F74/><W25/><G115/><T18/><D38/><U49/><E108/><V56/><F86/><W33/><G110/><T27/><D72/><U73/><E39/><V80/><F80/><W22/><G128/><T101/><D120/><U81/><E105/><V118/><F111/><W64/><G125/><T3/><D101/><U21/><E54/><V104/><F104/><W92/><G106/><T8/><D48/><U126/><E126/><V91/><F10/><W107/><G107/><T135/><D135/><U55/><E55/><V134/><F118/><W6/><G6/><T43/><D43/><U116/><E116/><V94/><F94/><W75/><G51/><T15/><D31/><U14/><REACH who="1" step="1"/><E5/><REACH who="1" ten="210,220,230,330" step="2"/><V11/><F134/><W87/><G42/><T121/><D121/><U37/><E37/><V83/><F67/><W36/><G36/><T50/><D50/><U84/><E84/><V40/><F40/><W98/><G75/><T124/><D124/><U24/><AGARI ba="0,1" hai="12,13,14,21,24,28,44,49,52,73,78,81,100,103" machi="24" ten="30,11700,0" yaku="1,1,0,1,52,1,54,1,53,0" doraHai="16" doraHaiUra="123" who="1" fromWho="1" sc="210,-39,220,127,230,-39,330,-39" /><INIT seed="1,1,0,1,0,34" ten="171,347,191,291" oya="1" hai0="60,106,96,46,68,100,8,32,55,73,117,18,48" hai1="80,1,56,23,93,41,64,42,65,115,26,9,114" hai2="125,10,62,70,28,39,31,20,102,16,101,86,89" hai3="120,12,45,25,103,135,75,107,134,126,15,66,59"/><U91/><E80/><N who="2" m="49351" /><F39/><W74/><G120/><T83/><D117/><U17/><E115/><V127/><F10/><W40/><G126/><N who="2" m="48137" /><F62/><N who="3" m="38239" /><G103/><N who="2" m="39433" /><F70/><W81/><G25/><AGARI ba="1,0" hai="16,20,25,28,31" m="39433,48137,49351" machi="25" ten="30,2000,0" yaku="18,1,54,1" doraHai="34" who="2" fromWho="3" sc="171,0,347,0,191,23,291,-23" /><INIT seed="2,0,0,5,4,62" ten="171,347,214,268" oya="2" hai0="19,101,131,82,72,92,16,17,52,89,33,119,56" hai1="47,98,95,44,99,66,0,29,3,91,125,68,116" hai2="15,115,45,46,87,71,41,134,114,67,38,35,59" hai3="120,8,51,94,80,63,133,21,23,129,107,14,132"/><V112/><F35/><W57/><G120/><T105/><D131/><U6/><E116/><V42/><F87/><W130/><G107/><T93/><D119/><U111/><E125/><V77/><F77/><W90/><G51/><T43/><D33/><U12/><E111/><V85/><F85/><N who="3" m="52559" /><G80/><T103/><D43/><U78/><E78/><V36/><F15/><W28/><G28/><T110/><D110/><U73/><E73/><V106/><F106/><W32/><G32/><T79/><D105/><U27/><E0/><V135/><F59/><W70/><G70/><T9/><D9/><U83/><E3/><V54/><F54/><N who="3" m="34231" /><G21/><T123/><D123/><U58/><E83/><V108/><F108/><W40/><G23/><T113/><D113/><U109/><E109/><V2/><F2/><W4/><G40/><T64/><D64/><U61/><E68/><V37/><F37/><W81/><G81/><T24/><D24/><U26/><E26/><V34/><F34/><W18/><G4/><T69/><D69/><U124/><E6/><V104/><F104/><W25/><G25/><T7/><D7/><U86/><E27/><V96/><F96/><W88/><G88/><T118/><D118/><U117/><E117/><V53/><F53/><W75/><G75/><T100/><REACH who="0" step="1"/><D89/><REACH who="0" ten="161,347,214,268" step="2"/><U121/><E91/><V84/><F84/><W13/><G130/><T122/><D122/><U126/><E86/><V49/><F36/><W1/><G129/><T39/><D39/><U20/><E121/><V10/><F10/><W55/><G8/><T128/><D128/><U76/><E126/><RYUUKYOKU ba="0,1" sc="161,15,347,-15,214,15,268,-15" hai0="16,17,19,52,56,72,79,82,92,93,100,101,103" hai2="38,41,42,45,46,49,67,71,112,114,115,134,135" /><INIT seed="2,1,1,1,2,42" ten="176,332,229,253" oya="2" hai0="132,44,98,95,73,84,19,48,126,113,64,46,118" hai1="99,63,11,27,23,10,101,123,107,120,119,125,102" hai2="133,128,76,3,28,60,30,83,108,82,36,37,65" hai3="129,34,32,100,54,31,79,12,106,94,2,49,115"/><V41/><F3/><W68/><G2/><T74/><D113/><U0/><E119/><V38/><F133/><W69/><G106/><T55/><D132/><U15/><E125/><V20/><F128/><W109/><G129/><T87/><D126/><U25/><E102/><V85/><F108/><W57/><G109/><T51/><D118/><U70/><E0/><V96/><F96/><W131/><G131/><T18/><D64/><N who="1" m="41247" /><E23/><V40/><F83/><W90/><G100/><N who="0" m="60511" /><D74/><U50/><E50/><V24/><REACH who="2" step="1"/><F30/><REACH who="2" ten="176,332,219,253" step="2"/><W112/><G31/><T134/><D134/><U26/><E99/><V97/><F97/><W103/><G112/><T77/><D73/><U59/><E101/><V7/><F7/><W78/><G103/><T17/><D77/><U6/><E6/><V22/><F22/><W9/><G79/><T124/><D124/><U5/><E5/><V21/><F21/><W29/><G78/><T91/><D91/><U58/><E107/><V16/><F16/><W72/><G115/><T4/><D4/><U53/><E120/><V80/><F80/><W45/><G29/><T43/><AGARI ba="1,2" hai="17,18,19,43,44,46,48,51,55,84,87" m="60511" machi="43" ten="30,4000,0" yaku="8,1,52,2" doraHai="42" who="0" fromWho="0" sc="176,63,332,-11,219,-21,253,-11" /><INIT seed="3,0,0,4,1,110" ten="239,321,198,242" oya="3" hai0="24,79,56,50,44,12,99,60,20,17,117,132,126" hai1="70,118,120,109,27,115,52,19,65,2,23,75,61" hai2="42,82,15,124,90,134,7,88,5,58,106,93,116" hai3="105,94,32,63,38,102,104,77,6,31,36,21,121"/><W39/><G121/><T89/><D117/><U91/><E120/><V43/><F106/><W47/><G32/><T98/><D132/><U86/><E75/><V83/><F116/><W14/><G77/><T125/><D79/><U10/><E118/><V4/><F134/><W35/><G35/><T107/><D107/><U133/><E133/><V29/><F124/><N who="0" m="47722" /><D89/><N who="2" m="34410" /><F15/><W74/><G74/><T103/><D103/><U85/><E109/><V51/><F93/><W49/><G94/><T28/><D50/><U127/><E127/><V131/><F131/><W111/><G111/><T130/><D44/><U69/><E69/><V18/><F18/><W128/><G128/><T55/><D130/><U26/><E86/><V16/><F16/><W62/><G105/><T41/><D41/><N who="2" m="15370" /><F29/><W73/><G31/><T45/><D45/><U135/><E135/><V113/><F113/><W97/><G73/><T0/><D0/><U119/><E115/><V123/><F123/><W108/><G108/><T66/><D66/><U9/><E65/><V129/><F129/><W3/><G39/><T67/><D67/><U71/><E119/><V95/><F95/><W34/><G38/><T84/><D84/><U78/><E85/><V37/><F37/><W112/><G36/><T46/><D17/><U68/><E19/><V59/><F51/><W11/><G49/><N who="0" m="29111" /><D12/><U87/><E87/><V96/><F96/><W22/><G14/><T100/><D100/><U72/><E72/><V25/><F25/><W48/><G48/><T114/><D114/><U80/><E27/><V30/><F30/><W54/><G112/><RYUUKYOKU ba="0,0" sc="239,15,321,-15,198,15,242,-15" hai0="20,24,28,56,60,98,99" hai2="4,5,7,58,59,82,83" owari="254,5.4,306,40.6,213,-28.7,227,-17.3" /></mjloggm>