<mjloggm ver="2.3"><GO type="225" lobby="0"/><UN n0="%E3%81%A8%E3%82%93%E3%81%A8%E3%81%93%E3%81%A8%E3%82%93" n1="%E3%82%B2%E3%82%B9%E8%8C%82%E5%8B%9D" n2="%45%6C%79%73%69%75%6D" n3="%E3%81%B2%E3%81%BE%E3%81%A4%E3%81%B6%E3%81%97" dan="16,16,17,16" rate="2161.08,2065.73,2109.46,2159.99" sx="F,F,F,M"/><TAIKYOKU oya="0"/><INIT seed="0,0,0,2,3,2" ten="250,250,250,250" oya="0" hai0="41,75,70,132,78,124,36,86,121,95,46,108,71" hai1="60,9,17,131,102,84,49,120,61,82,89,116,127" hai2="3,68,34,129,94,103,0,104,19,47,130,100,92" hai3="23,88,135,28,62,63,48,58,21,22,1,101,79"/><T123/><D124/><U87/><E116/><V20/><F34/><W33/><G135/><T5/><D132/><U13/><E127/><V59/><F68/><N who="0" m="26154" /><D86/><U53/><E131/><N who="2" m="50187" /><F59/><W18/><G101/><N who="2" m="38985" /><F47/><W110/><G110/><T118/><D95/><N who="2" m="36394" /><F104/><W42/><G1/><T114/><D118/><U54/><E120/><V91/><F91/><W119/><G119/><T93/><D114/><U109/><E109/><V37/><F37/><W67/><G33/><T6/><D108/><U69/><E69/><V27/><AGARI ba="0,0" hai="0,3,19,20,27" m="36394,38985,50187" machi="27" ten="30,1100,0" yaku="19,1" doraHai="2" who="2" fromWho="2" sc="250,-5,250,-3,250,11,250,-3" /><INIT seed="1,0,0,3,5,64" ten="245,247,261,247" oya="1" hai0="16,55,119,29,93,85,32,4,90,73,9,61,68" hai1="100,44,115,106,92,111,126,38,71,99,13,88,113" hai2="69,95,42,120,66,112,116,101,104,75,63,56,76" hai3="74,31,79,135,2,12,72,52,49,43,103,50,46"/><U22/><E126/><V105/><F116/><W97/><G2/><T114/><D114/><U28/><E111/><V122/><F95/><W129/><G135/><T70/><D73/><U83/><E83/><N who="2" m="45471" /><F56/><W40/><G129/><T81/><D119/><U125/><E125/><V30/><F112/><W118/><G118/><T102/><D32/><U24/><E71/><V84/><F84/><W33/><G12/><T11/><D29/><U27/><E13/><V78/><F78/><W60/><G60/><T20/><D55/><U109/><E109/><V121/><F101/><W91/><G91/><T36/><D36/><U15/><E15/><V41/><F41/><W7/><G7/><T134/><D61/><U133/><E133/><V6/><F6/><W8/><G8/><T117/><D134/><U62/><E62/><V77/><F77/><W19/><G19/><T34/><D11/><U123/><E123/><V18/><F18/><W67/><G67/><T80/><D117/><U108/><E108/><V124/><F124/><W17/><G17/><T39/><D39/><U89/><E27/><V94/><F94/><N who="3" m="58807" /><G79/><T0/><D34/><U25/><E24/><V48/><F30/><W96/><G96/><T45/><D102/><U98/><REACH who="1" step="1"/><E89/><REACH who="1" ten="245,237,261,247" step="2"/><V51/><F121/><W132/><G132/><T86/><D70/><U54/><E54/><V21/><F120/><W87/><G52/><T5/><D68/><U37/><E37/><V110/><F122/><W3/><G3/><T47/><D0/><U65/><E65/><V23/><F110/><W130/><G130/><T10/><D90/><RYUUKYOKU ba="0,1" sc="245,-10,237,30,261,-10,247,-10" hai1="22,25,28,38,44,88,92,98,99,100,106,113,115" /><INIT seed="1,1,1,3,2,65" ten="235,267,251,237" oya="1" hai0="22,25,43,40,91,106,103,62,78,121,3,63,130" hai1="119,2,12,56,110,51,127,73,77,50,94,112,120" hai2="46,15,33,102,68,38,87,70,108,92,115,76,128" hai3="6,88,133,16,55,1,48,101,134,131,82,66,7"/><U11/><E112/><V24/><F115/><W32/><G131/><T99/><D3/><U117/><E120/><V123/><F123/><W10/><G32/><T0/><D121/><U27/><E2/><V9/><F128/><W45/><G101/><T72/><D0/><U71/><E71/><V90/><F108/><W80/><G7/><T67/><D130/><U64/><E27/><V58/><F58/><W98/><G66/><T20/><D63/><U49/><E110/><V42/><F76/><W17/><G82/><T109/><D109/><U107/><E107/><V74/><F74/><W44/><G44/><T30/><D91/><U19/><E127/><V31/><REACH who="2" step="1"/><F102/><REACH who="2" ten="235,267,241,237" step="2"/><W95/><REACH who="3" step="1"/><G80/><REACH who="3" ten="235,267,241,227" step="2"/><T14/><D72/><U53/><E73/><V23/><F23/><W21/><G21/><T26/><D22/><U37/><E117/><V113/><F113/><W86/><G86/><T60/><D103/><U29/><E119/><V104/><F104/><W13/><G13/><T118/><D14/><U96/><E12/><V122/><F122/><W105/><G105/><T83/><D118/><U28/><E64/><V59/><F59/><W39/><G39/><T79/><D67/><U84/><E84/><V111/><F111/><W100/><G100/><T47/><D106/><U18/><E94/><V81/><F81/><W36/><G36/><T75/><D83/><U52/><E37/><V135/><F135/><AGARI ba="1,3" hai="1,6,10,16,17,45,48,55,88,95,98,133,134,135" machi="135" ten="40,8000,1" yaku="1,1,20,1,54,2,53,0" doraHai="65" doraHaiUra="69" who="3" fromWho="2" sc="235,0,267,0,241,-83,227,113" /><INIT seed="2,0,0,3,1,9" ten="235,267,158,340" oya="2" hai0="19,14,47,30,125,43,93,17,65,80,57,77,135" hai1="69,90,129,105,112,42,59,8,110,128,121,7,103" hai2="78,2,44,49,97,116,12,82,3,67,4,119,100" hai3="127,106,101,35,37,46,89,16,75,56,64,111,62"/><V126/><F126/><W6/><G127/><T15/><D125/><U91/><E121/><V122/><F122/><W66/><G75/><T40/><D135/><U68/><E112/><V38/><F67/><W27/><G6/><T10/><D30/><U98/><E110/><V31/><F38/><W63/><G111/><T76/><D93/><U70/><E42/><N who="0" m="15913" /><D47/><U18/><E18/><V71/><F71/><W20/><G89/><T1/><D1/><U23/><E23/><V25/><F2/><W58/><G35/><T109/><D109/><U50/><E50/><V84/><F3/><W83/><G83/><T113/><D80/><U81/><E59/><V51/><F51/><W120/><G120/><T24/><D24/><U33/><E33/><V88/><F78/><N who="0" m="30314" /><D113/><U21/><E21/><V11/><F49/><W95/><G37/><T107/><D107/><U99/><E99/><V85/><F44/><W114/><G114/><T13/><D10/><U134/><E134/><V123/><F84/><W133/><G133/><T94/><D94/><U36/><E36/><V55/><F55/><W73/><G106/><T32/><D32/><U117/><E117/><V41/><F41/><W87/><G73/><T60/><AGARI ba="0,0" hai="13,14,15,17,19,57,60,65" m="30314,15913" machi="60" ten="40,8000,1" yaku="8,1,52,3" doraHai="9" who="0" fromWho="0" sc="235,80,267,-20,158,-40,340,-20" /><INIT seed="3,0,0,3,0,31" ten="315,247,118,320" oya="3" hai0="67,60,30,37,9,61,121,78,2,29,82,88,68" hai1="16,10,102,63,43,105,26,115,90,49,127,72,64" hai2="65,125,22,28,36,120,98,56,27,41,124,71,96" hai3="53,79,100,6,126,62,59,104,20,122,0,93,19"/><W34/><G122/><T95/><D121/><U48/><E115/><V15/><F120/><W108/><G34/><T45/><D60/><U128/><E127/><V40/><F71/><W70/><G70/><T33/><D33/><U17/><E128/><V107/><F96/><N who="3" m="59407" /><G0/><T11/><D37/><U117/><E117/><V25/><F15/><N who="3" m="9343" /><G104/><T74/><D45/><U46/><E72/><V86/><F86/><W131/><G131/><T112/><D112/><U69/><E90/><V3/><F3/><W92/><G126/><T134/><D134/><U91/><E91/><V73/><F73/><W52/><G79/><T42/><D42/><U32/><E10/><V81/><F81/><W23/><G6/><T119/><D119/><U111/><E111/><V55/><F36/><W50/><G108/><T135/><D135/><U47/><E102/><V75/><F75/><W54/><G92/><T106/><D106/><U109/><E105/><V133/><F133/><W87/><G87/><T80/><D82/><U51/><E109/><V21/><F65/><N who="3" m="39135" /><G23/><T129/><D129/><U114/><E114/><V5/><F5/><W113/><G113/><T123/><D123/><U39/><REACH who="1" step="1"/><E47/><AGARI ba="0,0" hai="47,50,52,53,54" m="39135,9343,59407" machi="47" ten="30,2900,0" yaku="8,1,54,1" doraHai="31" who="3" fromWho="1" sc="315,0,247,-29,118,0,320,29" owari="315,11.5,218,-18.2,118,-38.2,349,44.9" /></mjloggm>