<mjloggm ver="2.3"><GO type="225" lobby="0"/><UN n0="%E3%81%8B%E3%82%8F%E3%81%A1%E3%82%83%E3%82%93%35%38" n1="%45%6C%79%73%69%75%6D" n2="%E3%81%B8%E3%82%80%E3%81%B8%E3%82%80%EF%BC%92%E5%8F%B7" n3="%4B%2E%32%2E%4B%2E" dan="17,17,16,17" rate="2134.46,2109.26,2121.97,2189.21" sx="M,F,M,M"/><TAIKYOKU oya="0"/><INIT seed="0,0,0,1,1,114" ten="250,250,250,250" oya="0" hai0="81,9,134,48,90,47,86,96,106,25,115,35,132" hai1="51,29,100,73,78,88,120,5,82,103,0,67,110" hai2="20,76,84,124,111,70,1,91,77,6,39,108,98" hai3="17,33,28,26,59,41,87,15,3,18,93,80,27"/><T31/><D115/><U97/><E110/><N who="2" m="42027" /><F39/><W112/><G112/><T74/><D74/><U109/><E109/><V123/><F70/><W34/><G3/><T117/><D117/><U116/><E120/><V66/><F123/><W57/><G41/><T45/><D9/><U21/><E116/><V118/><F118/><W104/><G104/><T53/><REACH who="0" step="1"/><D47/><REACH who="0" ten="240,250,250,250" step="2"/><U49/><E73/><V22/><F124/><W2/><G2/><T69/><D69/><U75/><E75/><V50/><F1/><W126/><G126/><T102/><AGARI ba="0,1" hai="25,31,35,45,48,53,81,86,90,96,102,106,132,134" machi="102" ten="30,3000,0" yaku="1,1,0,1,53,0" doraHai="114" doraHaiUra="32" who="0" fromWho="0" sc="240,40,250,-10,250,-10,250,-10" /><INIT seed="0,1,0,0,0,34" ten="280,240,240,240" oya="0" hai0="56,98,46,123,114,0,32,74,33,15,86,52,17" hai1="77,36,104,50,5,23,25,122,119,20,80,58,54" hai2="9,19,101,51,81,132,12,3,4,38,91,48,103" hai3="133,130,93,64,129,94,29,26,47,39,92,10,73"/><T100/><D74/><U18/><E119/><V60/><F132/><W85/><G73/><T110/><D114/><U30/><E122/><V59/><F38/><W35/><G133/><T72/><D72/><U117/><E117/><V112/><F112/><W75/><G75/><T106/><D123/><U7/><E104/><V82/><F101/><W61/><G85/><T78/><D0/><U87/><REACH who="1" step="1"/><E36/><REACH who="1" ten="280,230,240,240" step="2"/><V21/><F103/><W70/><REACH who="3" step="1"/><G10/><REACH who="3" ten="280,230,240,230" step="2"/><T22/><D110/><U1/><E1/><V134/><F134/><W124/><G124/><T28/><D106/><U42/><E42/><AGARI ba="1,2" hai="26,29,35,39,42,47,61,64,70,92,93,94,129,130" machi="42" ten="40,2600,0" yaku="1,1,53,1" doraHai="34" doraHaiUra="66" who="3" fromWho="1" sc="280,0,230,-29,240,0,230,49" /><INIT seed="1,0,0,0,3,24" ten="280,201,240,279" oya="1" hai0="109,14,23,112,17,46,33,67,20,27,66,35,84" hai1="97,76,7,6,135,15,99,8,113,2,134,93,118" hai2="124,117,115,54,129,96,19,91,43,10,105,52,85" hai3="133,4,95,116,122,68,40,128,26,28,81,16,114"/><U125/><E118/><V126/><F117/><W42/><G68/><T119/><D119/><U11/><E113/><V75/><F75/><W64/><G116/><T72/><D72/><U130/><E130/><V37/><F129/><W38/><G122/><T83/><D112/><U102/><E125/><N who="2" m="48235" /><F115/><W60/><G128/><T34/><D46/><U80/><REACH who="1" step="1"/><E99/><REACH who="1" ten="280,191,240,279" step="2"/><V12/><F96/><W5/><G114/><T104/><D109/><U63/><E63/><V106/><F37/><W98/><G60/><T31/><REACH who="0" step="1"/><D104/><REACH who="0" ten="270,191,240,279" step="2"/><U77/><E77/><AGARI ba="0,2" hai="14,17,20,23,27,31,33,34,35,66,67,77,83,84" machi="77" ten="40,5200,0" yaku="1,1,2,1,52,1,53,0" doraHai="24" doraHaiUra="87" who="0" fromWho="1" sc="270,72,191,-52,240,0,279,0" /><INIT seed="2,0,0,1,1,0" ten="342,139,240,279" oya="2" hai0="30,32,111,14,60,43,74,62,4,59,36,82,125" hai1="49,33,126,92,91,5,41,89,94,97,35,3,81" hai2="87,15,20,129,134,51,79,77,18,50,116,64,85" hai3="105,48,127,22,28,19,117,78,24,75,21,61,95"/><V56/><F116/><W29/><G117/><T34/><D36/><U54/><E126/><V72/><F129/><W70/><G105/><T65/><D43/><U122/><E41/><V99/><F134/><W31/><G127/><T69/><D125/><U73/><E122/><V113/><F113/><W7/><G75/><T98/><D30/><U52/><E81/><V57/><F99/><W121/><G78/><N who="2" m="29705" /><F72/><W16/><G121/><T76/><D111/><U45/><E73/><V132/><F132/><W103/><G70/><T9/><REACH who="0" step="1"/><D98/><REACH who="0" ten="332,139,240,279" step="2"/><U37/><E37/><V128/><F128/><W25/><G31/><T118/><D118/><U112/><E112/><V40/><F40/><W8/><G29/><T100/><D100/><U63/><E63/><N who="2" m="37991" /><F51/><W123/><G28/><T101/><D101/><U47/><E54/><AGARI ba="0,1" hai="15,18,20,50,54,57,85,87" m="37991,29705" machi="54" ten="30,1500,0" yaku="8,1" doraHai="0" who="2" fromWho="1" sc="332,0,139,-15,240,25,279,0" /><AGARI ba="0,0" hai="4,9,14,32,34,54,59,60,62,65,69,74,76,82" machi="54" ten="30,3900,0" yaku="1,1,7,1,52,1,53,0" doraHai="0" doraHaiUra="27" who="0" fromWho="1" sc="332,39,124,-39,265,0,279,0" /><INIT seed="2,1,0,5,4,4" ten="371,85,265,279" oya="2" hai0="26,43,54,115,130,49,30,7,29,84,5,50,3" hai1="66,79,44,39,75,61,28,112,20,111,73,69,98" hai2="120,74,67,38,128,32,125,31,36,63,132,87,64" hai3="86,108,124,2,123,113,41,94,51,89,55,81,12"/><V53/><F120/><W126/><G2/><T71/><D71/><U48/><E112/><V114/><F74/><W105/><G123/><T103/><D103/><U6/><E111/><V62/><F114/><W40/><G113/><T25/><D115/><U78/><E39/><V133/><F125/><N who="3" m="48235" /><G108/><T57/><D84/><U24/><E75/><V127/><F127/><W101/><G105/><T88/><D88/><U56/><E69/><V37/><F53/><W93/><G12/><T59/><D3/><U17/><E73/><V118/><F118/><W102/><G102/><T122/><D122/><U97/><E17/><V8/><F8/><W80/><G101/><T65/><D54/><U19/><E19/><V68/><F87/><W117/><G117/><T90/><D90/><U10/><E79/><V82/><F82/><N who="3" m="31851" /><G94/><T11/><D43/><U104/><E78/><V21/><F36/><W110/><G110/><T96/><D65/><U22/><E104/><V14/><F32/><W100/><G100/><T47/><D96/><U119/><E119/><V76/><F76/><W83/><G83/><T15/><D26/><U116/><E116/><V13/><F68/><W35/><G35/><T131/><D25/><U60/><E22/><V109/><F109/><W23/><G23/><T70/><D70/><U77/><E77/><V1/><F21/><W42/><G55/><T52/><D52/><N who="1" m="29703" /><E61/><V107/><F1/><W34/><G34/><T129/><D129/><U95/><E95/><V134/><F134/><W72/><G72/><T0/><D131/><U46/><E46/><AGARI ba="1,0" hai="40,41,42,46,51,86,89,93" m="31851,48235" machi="46" ten="30,1000,0" yaku="18,1" doraHai="4" who="3" fromWho="1" sc="371,0,85,-13,265,0,279,13" /><INIT seed="3,0,0,5,5,47" ten="371,72,265,292" oya="3" hai0="35,123,75,98,58,130,64,22,91,18,119,135,41" hai1="57,59,30,65,93,110,77,104,101,63,13,50,46" hai2="78,48,67,69,34,8,43,103,124,87,126,99,33" hai3="12,74,5,11,73,105,23,72,62,131,71,53,128"/><W70/><G105/><T21/><D35/><U24/><E110/><V112/><F112/><W42/><G42/><T29/><D75/><U86/><E104/><V84/><F69/><W9/><G23/><T61/><D41/><U107/><E107/><V76/><F67/><W10/><G71/><T115/><D123/><U95/><E13/><V117/><F117/><W40/><G40/><T36/><D36/><U60/><E101/><V116/><F116/><W32/><G32/><N who="2" m="12393" /><F8/><W16/><G10/><T68/><D130/><N who="3" m="49705" /><G70/><T127/><D135/><U94/><E77/><N who="2" m="29803" /><F99/><W81/><G53/><T1/><D127/><N who="2" m="48682" /><F103/><W134/><G62/><T4/><D61/><U45/><E86/><N who="2" m="32811" /><F48/><W25/><G134/><T39/><D58/><U15/><E15/><V38/><F43/><W37/><G37/><AGARI ba="0,0" hai="37,38" m="32811,48682,29803,12393" machi="37" ten="40,5200,0" yaku="28,2,18,1" doraHai="47" who="2" fromWho="3" sc="371,0,72,0,265,52,292,-52" owari="371,47.1,72,-42.8,317,11.7,240,-16.0" /></mjloggm>