<mjloggm ver="2.3"><GO type="225" lobby="0"/><UN n0="%E3%82%A2%E3%83%A1%E3%82%A2%E3%83%A9%E3%83%AC" n1="%54%4F%52" n2="%6B%79%6F%6E%6B%6F%31%31" n3="%E3%83%A9%E3%83%BC%E3%83%A1%E3%83%B3%E4%BA%94%E9%83%8E" dan="16,17,16,16" rate="2095.57,2168.04,2163.17,2147.04" sx="M,M,M,M"/><TAIKYOKU oya="0"/><INIT seed="0,0,0,3,5,107" ten="250,250,250,250" oya="0" hai0="38,8,77,39,80,131,22,109,117,7,133,89,15" hai1="112,49,83,105,13,72,59,119,114,102,34,130,99" hai2="5,128,86,18,12,50,103,1,37,129,126,111,108" hai3="36,56,132,76,52,69,14,29,46,90,64,73,63"/><T79/><D117/><U19/><E119/><V54/><F37/><W101/><G132/><T40/><D133/><U98/><E34/><V82/><F103/><W121/><G101/><T135/><D135/><U3/><E3/><V23/><F5/><W31/><G121/><T10/><D131/><N who="2" m="50250" /><F1/><W71/><G71/><T100/><D109/><U62/><E99/><V33/><F33/><W110/><G110/><T78/><D22/><U122/><E49/><V65/><F65/><W24/><G14/><T125/><D125/><U96/><E96/><V16/><F18/><W93/><G36/><T48/><D100/><U9/><E122/><V75/><F126/><W58/><G69/><T60/><D8/><U87/><E130/><V17/><F17/><W120/><G120/><T47/><REACH who="0" step="1"/><D60/><REACH who="0" ten="240,250,250,250" step="2"/><U35/><E35/><V45/><F111/><W21/><G63/><T25/><D25/><U42/><E62/><V85/><F108/><W68/><G21/><T27/><D27/><U115/><E9/><V116/><F116/><W11/><G11/><T4/><D4/><U123/><E123/><V113/><F113/><W97/><G24/><T51/><D51/><U70/><E114/><V41/><F41/><W26/><G26/><T55/><D55/><U67/><E42/><V43/><F43/><W30/><G52/><T28/><D28/><U118/><E112/><V106/><F106/><W127/><G127/><T32/><D32/><U94/><E115/><V66/><F66/><W74/><G64/><T134/><D134/><U124/><E118/><V88/><F54/><W91/><G29/><RYUUKYOKU ba="0,1" sc="240,30,250,-10,250,-10,250,-10" hai0="7,10,15,38,39,40,47,48,77,78,79,80,89" /><INIT seed="0,1,1,1,2,120" ten="270,240,240,240" oya="0" hai0="57,116,72,97,46,87,126,67,41,76,75,18,44" hai1="31,7,73,88,54,66,130,27,133,129,36,113,112" hai2="17,82,91,90,63,15,78,132,28,16,38,0,25" hai3="14,45,60,111,56,5,96,13,110,42,92,32,30"/><T104/><D116/><U33/><E133/><V95/><F132/><W69/><G69/><T34/><D126/><U134/><E134/><V48/><F38/><W10/><G14/><T117/><D117/><U115/><E73/><V22/><F0/><W121/><G121/><T9/><D34/><U49/><E36/><V131/><F131/><N who="1" m="50185" /><E66/><V51/><F63/><W23/><G32/><T11/><D67/><U50/><E7/><V102/><F102/><N who="3" m="60679" /><G45/><T122/><D57/><N who="1" m="32975" /><E50/><V2/><F2/><W118/><G42/><T20/><D75/><U119/><E119/><V21/><F28/><W53/><G118/><T109/><D72/><U127/><E127/><V19/><F19/><W108/><G30/><T24/><D122/><U70/><E70/><V105/><F90/><AGARI ba="1,1" hai="27,31,33,88,90,112,113,115" m="32975,50185" machi="90" ten="40,5200,0" yaku="11,1,19,1,54,1" doraHai="120" who="1" fromWho="2" sc="270,0,240,65,240,-55,240,0" /><INIT seed="1,0,0,3,0,62" ten="270,305,185,240" oya="1" hai0="114,125,113,77,52,59,129,128,84,115,16,126,86" hai1="74,94,117,103,57,27,3,102,6,100,26,78,2" hai2="75,110,95,14,72,66,127,12,133,44,18,61,111" hai3="131,31,19,7,73,34,8,1,38,58,122,23,41"/><U69/><E69/><V109/><F127/><N who="0" m="48650" /><D16/><U42/><E117/><V92/><F133/><W80/><G122/><T108/><D108/><U68/><E68/><V120/><F120/><W49/><G131/><N who="0" m="50251" /><D77/><U79/><E42/><V46/><F95/><W56/><G38/><T112/><N who="0" m="28672" /><DORA hai="39" /><T123/><D123/><U50/><E94/><V121/><F92/><W5/><G19/><T107/><D107/><U22/><E6/><V45/><F121/><W85/><G7/><T134/><D134/><U63/><E50/><AGARI ba="0,0" hai="50,52,59,84,86" m="28672,50251,48650" machi="50" ten="60,7700,0" yaku="18,1,19,1,54,1" doraHai="62,39" who="0" fromWho="1" sc="270,77,305,-77,185,0,240,0" /><INIT seed="2,0,0,0,0,122" ten="347,228,185,240" oya="2" hai0="96,74,21,89,63,22,72,56,65,20,18,116,34" hai1="123,102,103,93,117,109,59,15,17,67,46,101,97" hai2="106,130,12,39,90,120,25,68,76,5,0,127,54" hai3="86,118,81,50,79,26,51,38,30,82,9,47,92"/><V13/><F120/><W3/><G118/><T99/><D34/><U10/><E117/><V44/><F127/><W91/><G38/><T7/><D116/><U119/><E123/><V88/><F0/><W62/><G62/><T135/><D135/><U29/><E119/><V105/><F68/><W58/><G58/><T49/><D7/><U42/><E29/><V24/><F76/><W131/><G131/><T124/><D124/><U77/><E77/><V110/><F130/><W32/><G47/><T108/><D18/><U45/><E109/><V4/><F54/><W64/><G64/><T75/><D108/><U55/><E67/><V48/><F48/><W95/><G95/><T35/><D35/><U107/><E107/><V33/><F33/><W73/><G3/><T2/><D2/><U28/><E28/><V78/><F78/><W71/><G71/><T53/><REACH who="0" step="1"/><D89/><REACH who="0" ten="337,228,185,240" step="2"/><N who="1" m="55471" /><E42/><V128/><F128/><W27/><G32/><T69/><AGARI ba="0,1" hai="20,21,22,49,53,56,63,65,69,72,74,75,96,99" machi="69" ten="40,2700,0" yaku="1,1,0,1,53,0" doraHai="122" doraHaiUra="36" who="0" fromWho="0" sc="337,37,228,-7,185,-13,240,-7" /><INIT seed="3,0,0,3,0,20" ten="374,221,172,233" oya="3" hai0="33,72,113,110,3,5,11,32,6,39,60,128,93" hai1="85,119,81,73,27,48,88,24,127,56,4,105,62" hai2="74,100,14,28,42,67,26,135,99,66,63,111,106" hai3="84,40,120,117,58,34,78,64,124,90,71,134,49"/><W103/><G117/><T92/><D110/><U79/><E119/><V13/><F135/><W2/><G120/><T132/><D72/><U43/><E105/><V112/><F112/><W126/><G2/><T104/><D104/><U87/><E73/><V114/><F114/><W36/><G34/><T116/><D116/><U47/><E4/><V59/><F111/><W91/><G103/><T107/><D107/><U94/><REACH who="1" step="1"/><E127/><REACH who="1" ten="374,211,172,233" step="2"/><V130/><F74/><W0/><G124/><T83/><D6/><U76/><E76/><V86/><F130/><W30/><G126/><T89/><D5/><U102/><E102/><V9/><F42/><W69/><G78/><T129/><D129/><U65/><AGARI ba="0,1" hai="24,27,43,47,48,56,62,65,79,81,85,87,88,94" machi="65" ten="20,16000,3" yaku="1,1,0,1,7,1,8,1,52,2,54,1,53,1" doraHai="20" doraHaiUra="37" who="1" fromWho="1" sc="374,-40,211,170,172,-40,233,-80" owari="334,13.4,381,48.1,132,-36.8,153,-24.7" /></mjloggm>