<mjloggm ver="2.3"><GO type="225" lobby="0"/><UN n0="%4B%2E%32%2E%4B%2E" n1="%73%6C%69%63%6B%33%31%39" n2="%6D%75%75%6D%75%72%61" n3="%E5%A4%96%E5%B7%9D%E7%AB%9C%E6%88%90" dan="16,16,16,16" rate="2148.17,2165.85,2188.52,2230.18" sx="M,M,F,M"/><TAIKYOKU oya="0"/><INIT seed="0,0,0,0,0,95" ten="250,250,250,250" oya="0" hai0="105,53,22,48,87,28,65,3,35,91,121,46,81" hai1="71,104,119,45,106,5,15,51,59,11,0,112,72" hai2="64,80,76,12,62,128,70,129,54,85,47,2,135" hai3="115,123,61,69,50,57,43,29,96,74,41,40,114"/><T27/><D121/><U42/><E119/><V111/><F2/><W79/><G123/><T33/><D3/><U127/><E71/><V17/><F111/><W39/><G29/><T67/><REACH who="0" step="1"/><D105/><REACH who="0" ten="240,250,250,250" step="2"/><U88/><E104/><V93/><F129/><W60/><G115/><T75/><D75/><U38/><E106/><V30/><F128/><W94/><G74/><T130/><D130/><U52/><E112/><V99/><F135/><W110/><G114/><T92/><D92/><U86/><E72/><V55/><F30/><W134/><G134/><T20/><D20/><U124/><REACH who="1" step="1"/><E0/><REACH who="1" ten="240,240,250,250" step="2"/><V9/><REACH who="2" step="1"/><F47/><REACH who="2" ten="240,240,240,250" step="2"/><W63/><G110/><T24/><D24/><U23/><E23/><V4/><F4/><W56/><G69/><T6/><D6/><U78/><E78/><V122/><F122/><W13/><G79/><T36/><D36/><U102/><E102/><AGARI ba="0,3" hai="9,12,17,54,55,62,64,70,76,80,85,93,99,102" machi="102" ten="30,3900,0" yaku="1,1,7,1,52,1,53,0" doraHai="95" doraHaiUra="101" who="2" fromWho="1" sc="240,0,240,-39,240,69,250,0" /><INIT seed="1,0,0,2,0,3" ten="240,201,309,250" oya="1" hai0="47,49,124,116,108,51,80,78,128,13,35,59,58" hai1="19,65,101,125,2,81,6,30,67,100,123,119,26" hai2="56,11,29,127,52,22,89,83,87,50,14,1,36" hai3="18,4,27,10,61,44,134,135,96,118,120,69,103"/><U24/><E119/><V76/><F36/><W53/><G120/><T71/><D71/><U109/><E123/><V122/><F122/><W111/><G118/><T8/><D116/><U38/><E38/><V90/><F127/><W21/><G111/><T110/><D35/><U31/><E125/><V82/><F1/><W66/><G53/><N who="0" m="29887" /><D124/><U33/><E19/><V16/><F82/><W121/><G44/><T107/><D51/><U40/><E40/><V54/><F54/><W95/><REACH who="3" step="1"/><G121/><REACH who="3" ten="240,201,309,240" step="2"/><T37/><D108/><U63/><E109/><V114/><F114/><W32/><G32/><T93/><D110/><U104/><E67/><V117/><F117/><W42/><G42/><T126/><D126/><U106/><E33/><V48/><F48/><W98/><G98/><T12/><D37/><U34/><E34/><V112/><F112/><W85/><G85/><T86/><D86/><U88/><E65/><V23/><F29/><W84/><G84/><T73/><D73/><U62/><E30/><V15/><F23/><W113/><G113/><T41/><D41/><U9/><E31/><V102/><F102/><W0/><AGARI ba="0,1" hai="0,4,10,18,21,27,61,66,69,95,96,103,134,135" machi="0" ten="30,7900,0" yaku="1,1,0,1,52,1,53,1" doraHai="3" doraHaiUra="7" who="3" fromWho="3" sc="240,-20,201,-39,309,-20,240,89" /><INIT seed="2,0,0,4,4,118" ten="220,162,289,329" oya="2" hai0="3,114,59,121,53,40,62,64,93,78,1,14,32" hai1="33,101,131,10,35,44,116,85,109,66,83,119,92" hai2="60,34,80,122,97,17,98,127,48,72,26,30,55" hai3="95,107,41,39,82,108,104,115,19,8,90,94,88"/><V4/><F122/><W123/><G123/><T77/><D121/><U79/><E66/><V89/><F127/><W105/><G108/><T9/><D114/><U31/><E109/><V68/><F4/><W100/><G115/><T54/><D32/><U45/><E131/><V7/><F7/><W124/><G124/><T61/><D40/><U49/><E10/><V86/><F72/><W57/><G57/><T96/><D1/><U63/><E63/><V102/><F17/><W67/><G67/><T2/><D2/><U27/><E35/><V23/><F34/><W117/><G41/><T43/><D43/><U120/><E120/><V103/><F60/><W29/><G39/><T24/><D24/><U5/><E5/><V69/><F69/><W28/><G82/><T58/><D3/><U84/><E45/><N who="2" m="28047" /><F68/><W110/><G110/><T87/><D87/><U11/><E11/><V38/><F38/><W133/><G117/><T47/><D47/><U132/><E132/><V13/><F13/><N who="3" m="7591" /><G133/><T111/><D111/><U81/><E49/><V50/><F50/><W74/><G74/><T65/><D65/><U130/><E44/><V73/><F73/><W36/><G36/><T71/><D71/><U135/><E135/><V126/><F126/><W20/><G28/><T91/><REACH who="0" step="1"/><D64/><REACH who="0" ten="210,162,289,329" step="2"/><U112/><E112/><V12/><F12/><W0/><G0/><T106/><D106/><U16/><E130/><V75/><F75/><W70/><G70/><T128/><D128/><U46/><E46/><V15/><F26/><N who="3" m="16583" /><G107/><T125/><D125/><U37/><E119/><V42/><F42/><RYUUKYOKU ba="0,1" sc="210,30,162,-10,289,-10,329,-10" hai0="9,14,53,54,58,59,61,62,77,78,91,93,96" /><INIT seed="3,1,1,2,4,31" ten="240,152,279,319" oya="3" hai0="119,98,63,84,107,129,74,120,126,68,49,92,94" hai1="32,88,5,96,15,108,121,91,3,64,85,132,22" hai2="43,114,123,48,109,12,6,27,117,104,130,71,51" hai3="67,90,56,11,124,83,116,78,21,8,118,62,80"/><W75/><G124/><T93/><D74/><U110/><E121/><V53/><F114/><W77/><G90/><T127/><D120/><U101/><E3/><V122/><F117/><W30/><G8/><T72/><D72/><U61/><E132/><V76/><F71/><W89/><G89/><N who="0" m="53287" /><D119/><U26/><E15/><V19/><F104/><W97/><G97/><T128/><D49/><U55/><E55/><V57/><F76/><W105/><G105/><T41/><D41/><U47/><E47/><V125/><F125/><N who="0" m="47626" /><D63/><U54/><E54/><V70/><F70/><W28/><G75/><T1/><D68/><U39/><E5/><V100/><F51/><W38/><G62/><T40/><D40/><U4/><E4/><V111/><F6/><W33/><G118/><T86/><D1/><U73/><E39/><V50/><F100/><W13/><G38/><T25/><D25/><U18/><E73/><V44/><F27/><W7/><G116/><T29/><D29/><U112/><E112/><V37/><F37/><W69/><G28/><T103/><D86/><U2/><E2/><V59/><F59/><W115/><G56/><T87/><D87/><U102/><E102/><V113/><F113/><W95/><G115/><T10/><D10/><U79/><E79/><V42/><F42/><W58/><G78/><T134/><D134/><U135/><E135/><V20/><F130/><AGARI ba="1,1" hai="93,94,98,103,107,128,129,130" m="47626,53287" machi="130" ten="30,7700,0" yaku="19,1,18,1,34,2" doraHai="31" who="0" fromWho="2" sc="240,90,152,0,279,-80,319,0" owari="330,43.0,152,-34.8,199,-20.1,319,11.9" /></mjloggm>