<mjloggm ver="2.3"><GO type="225" lobby="0"/><UN n0="%E3%81%BF%E3%81%BF%E3%81%9A" n1="%4C%4F%4C%49%54%41" n2="%E5%B0%8F%E9%BB%92%E5%B1%8B" n3="%E3%81%8B%E3%82%8F%E3%81%A1%E3%82%83%E3%82%93%35%38" dan="16,16,16,16" rate="2155.74,2172.73,2134.22,2158.00" sx="M,F,F,M"/><TAIKYOKU oya="0"/><INIT seed="0,0,0,3,3,55" ten="250,250,250,250" oya="0" hai0="128,46,8,21,12,19,93,85,104,66,115,33,9" hai1="17,35,96,32,111,79,116,92,72,82,63,22,50" hai2="90,0,40,84,7,16,47,15,10,20,1,108,30" hai3="44,99,36,69,132,113,18,83,27,103,68,131,24"/><T94/><D104/><U119/><E111/><V41/><F108/><W133/><G83/><T70/><D115/><U65/><E50/><V95/><F30/><W23/><G113/><T123/><D123/><U14/><E116/><V58/><F41/><N who="3" m="22567" /><G24/><T134/><D33/><U80/><E80/><V88/><F90/><W76/><G76/><T6/><D134/><N who="3" m="51817" /><G131/><T60/><D128/><U62/><E62/><V73/><F73/><W3/><G3/><T129/><D129/><U28/><E28/><V45/><F45/><W110/><G110/><T87/><D46/><U120/><E119/><V31/><F31/><W97/><G97/><T13/><D93/><AGARI ba="0,0" hai="18,23,27,68,69,93,99,103" m="51817,22567" machi="93" ten="30,1000,0" yaku="20,1" doraHai="55" who="3" fromWho="0" sc="250,-10,250,0,250,0,250,10" /><INIT seed="1,0,0,5,4,3" ten="240,250,250,260" oya="1" hai0="59,74,31,93,6,121,7,2,40,54,116,126,9" hai1="97,118,114,110,48,13,84,39,5,86,109,102,43" hai2="103,94,122,50,82,52,100,47,57,70,73,16,99" hai3="104,127,113,15,62,124,20,34,23,32,95,29,115"/><U78/><E114/><N who="3" m="43530" /><G95/><T51/><D116/><U68/><E118/><V19/><F70/><W89/><G89/><T96/><D74/><U44/><E68/><V135/><F122/><W27/><G62/><T72/><D72/><U105/><E39/><V53/><F135/><W128/><G104/><T130/><D121/><U81/><E86/><V12/><F100/><W133/><G133/><T98/><D126/><N who="3" m="48169" /><G128/><T129/><D31/><U35/><E35/><N who="3" m="13354" /><G15/><T80/><D80/><U56/><E56/><V28/><F12/><W11/><G11/><AGARI ba="0,0" hai="5,11,13,43,44,48,78,81,84,97,102,105,109,110" machi="11" ten="40,7700,0" yaku="25,2,52,1" doraHai="3" who="1" fromWho="3" sc="240,0,250,77,250,0,260,-77" /><INIT seed="1,1,0,0,4,27" ten="240,327,250,183" oya="1" hai0="98,121,19,131,77,16,130,104,55,52,58,114,35" hai1="23,42,93,17,51,14,20,108,82,87,56,36,49" hai2="69,126,120,124,125,44,37,111,113,60,57,89,65" hai3="53,96,119,43,21,97,61,122,48,26,127,33,133"/><U41/><E36/><V102/><F102/><W134/><G33/><T64/><D114/><U70/><E70/><V85/><F120/><W66/><G43/><N who="1" m="16394" /><E108/><V6/><F111/><W7/><G7/><T129/><D121/><U29/><E93/><V84/><F113/><W63/><G122/><T25/><D77/><N who="1" m="46543" /><E56/><V28/><F37/><W54/><G127/><T45/><D45/><U31/><E23/><V13/><F44/><W34/><G34/><T99/><D64/><U72/><E72/><V38/><F38/><W83/><G83/><T4/><D4/><U24/><E24/><V8/><F69/><W117/><G21/><T10/><D104/><U39/><E39/><V46/><F46/><W12/><G26/><T92/><D55/><U116/><E116/><V112/><F112/><W40/><G40/><T103/><D99/><U9/><E9/><V123/><F85/><W88/><G66/><T110/><D110/><U0/><E0/><V132/><F123/><W68/><G68/><T90/><D103/><U3/><E3/><V128/><F57/><W5/><G119/><T105/><D105/><U1/><E1/><V101/><F126/><W115/><G117/><T109/><D109/><U74/><E74/><V32/><F65/><W91/><G115/><T94/><D92/><U86/><E86/><V11/><F84/><W2/><G2/><T106/><D106/><U59/><E59/><V81/><F125/><W15/><G48/><AGARI ba="1,0" hai="14,17,20,29,31,48,49,51" m="46543,16394" machi="48" ten="30,5800,0" yaku="8,1,52,2" doraHai="27" who="1" fromWho="3" sc="240,0,327,61,250,0,183,-61" /><INIT seed="1,2,0,0,4,9" ten="240,388,250,122" oya="1" hai0="108,20,16,117,4,42,95,94,25,86,66,84,131" hai1="18,33,111,52,96,50,77,19,75,121,64,40,91" hai2="27,123,74,106,90,57,102,2,17,59,135,41,128" hai3="62,103,119,116,72,129,14,26,60,87,30,105,39"/><U107/><E121/><V83/><F123/><W7/><G72/><T3/><D117/><U109/><E33/><V69/><F69/><W37/><G87/><N who="0" m="33323" /><D3/><U81/><E40/><V126/><F2/><W11/><G103/><T115/><D115/><U100/><E91/><V1/><F1/><W112/><G105/><T114/><D114/><U92/><E64/><V71/><F71/><W85/><G112/><T132/><D108/><N who="1" m="41547" /><E107/><V43/><F90/><W63/><G129/><T89/><D131/><U133/><E133/><V127/><F135/><W6/><G6/><T12/><D132/><U49/><E49/><V38/><F128/><W21/><REACH who="3" step="1"/><G85/><REACH who="3" ten="240,388,250,112" step="2"/><N who="0" m="52527" /><D95/><U10/><E92/><V47/><F102/><W45/><G45/><T46/><D4/><U98/><E100/><V93/><F47/><W78/><G78/><T13/><D66/><U53/><E77/><V101/><F101/><W125/><G125/><T32/><D32/><U0/><E75/><V28/><F106/><W110/><G110/><T8/><D8/><U70/><E10/><V97/><F74/><W122/><G122/><T99/><D99/><U15/><E98/><V104/><F97/><W130/><G130/><T88/><D88/><U22/><E96/><V5/><F104/><W35/><G35/><T36/><D36/><AGARI ba="2,1" hai="7,11,14,21,26,30,36,37,39,60,62,63,116,119" machi="36" ten="40,2600,0" yaku="1,1,52,1,53,0" doraHai="9" doraHaiUra="67" who="3" fromWho="0" sc="240,-32,388,0,250,0,112,42" /><INIT seed="2,0,0,4,0,20" ten="208,388,250,154" oya="2" hai0="40,16,43,51,77,69,45,5,99,127,23,102,42" hai1="55,31,4,129,97,32,50,27,41,30,33,116,80" hai2="37,79,119,44,71,7,63,98,85,131,67,130,15" hai3="10,92,111,100,133,17,9,101,34,125,91,82,35"/><V13/><F119/><W123/><G123/><T75/><D69/><U135/><E116/><V107/><F85/><W0/><G111/><T74/><D127/><U11/><E129/><N who="2" m="49163" /><F79/><W1/><G82/><T110/><D5/><U58/><E135/><V25/><F7/><W29/><G92/><T22/><D110/><U84/><E41/><N who="2" m="22575" /><F25/><W93/><G133/><T118/><D23/><U70/><E70/><V49/><F49/><W21/><G125/><T124/><D124/><U112/><E112/><V78/><F78/><W72/><G72/><T86/><D86/><U12/><E97/><V57/><F71/><W65/><G1/><T108/><D118/><U14/><E30/><V96/><F96/><W19/><G0/><T38/><D108/><U87/><E87/><V109/><F109/><W53/><G34/><T76/><D77/><U39/><E39/><V8/><F8/><W54/><G35/><T121/><D121/><U104/><E32/><V60/><F60/><W105/><G9/><T113/><D113/><U2/><E104/><V134/><F134/><W83/><G10/><T122/><D122/><U89/><AGARI ba="0,0" hai="2,4,11,12,14,27,31,33,50,55,58,80,84,89" machi="89" ten="20,2700,0" yaku="0,1,7,1,52,1" doraHai="20" who="1" fromWho="1" sc="208,-7,388,27,250,-13,154,-7" /><INIT seed="3,0,0,2,0,53" ten="201,415,237,147" oya="3" hai0="69,101,50,61,21,46,33,96,127,35,55,135,74" hai1="41,57,75,43,100,114,122,64,63,62,85,73,70" hai2="111,89,120,98,45,7,52,27,103,117,106,113,6" hai3="48,4,81,18,26,36,82,99,47,93,3,108,66"/><W112/><G112/><T65/><D127/><U105/><E122/><V124/><F113/><W119/><G119/><T12/><D135/><U32/><E32/><V78/><F117/><W49/><G36/><T102/><D74/><U67/><E114/><V0/><F78/><W88/><G108/><T28/><D101/><U22/><E43/><V14/><F111/><W68/><G3/><T79/><D79/><U40/><E40/><V97/><F0/><W39/><G39/><T19/><REACH who="0" step="1"/><D28/><REACH who="0" ten="191,415,237,147" step="2"/><U131/><E100/><V77/><F77/><W128/><G128/><T60/><D60/><U109/><E62/><V92/><F124/><W83/><G4/><T133/><D133/><U116/><E75/><V110/><F110/><W115/><G115/><T34/><D34/><U87/><E63/><V44/><F120/><W10/><G68/><T31/><D31/><U86/><E70/><V5/><F14/><N who="3" m="7511" /><G26/><T8/><D8/><U13/><E73/><V1/><F1/><W16/><G66/><T107/><AGARI ba="0,1" hai="12,19,21,33,35,46,50,55,61,65,69,96,102,107" machi="107" ten="20,5200,0" yaku="1,1,0,1,7,1,53,1" doraHai="53" doraHaiUra="42" who="0" fromWho="0" sc="191,62,415,-13,237,-13,147,-26" owari="253,5.3,402,50.2,224,-17.6,121,-37.9" /></mjloggm>