<mjloggm ver="2.3"><GO type="225" lobby="0"/><UN n0="%72%69%6F%75%63%68%61%6E" n1="%E7%B4%94%E6%BD%94%E3%83%94%E3%83%A9%E3%83%8B%E3%82%A2" n2="%E3%83%A2%E3%83%B3%E3%82%AD%E3%83%BC%E3%83%88%E3%83%AA%E3%83%83%E3%82%AF" n3="%72%65%6E%6B%75%6E" dan="16,16,16,17" rate="2111.81,2152.51,2090.55,2212.47" sx="M,M,M,M"/><TAIKYOKU oya="0"/><INIT seed="0,0,0,5,2,24" ten="250,250,250,250" oya="0" hai0="15,88,108,7,114,94,63,27,0,86,34,67,38" hai1="14,116,42,129,18,2,55,69,10,80,105,97,52" hai2="111,72,117,126,124,76,103,134,61,107,92,89,17" hai3="121,11,127,131,60,79,123,98,64,120,93,90,20"/><T39/><D114/><U47/><E116/><V31/><F117/><W87/><G131/><T65/><D0/><U12/><E2/><V106/><F111/><W110/><G110/><T21/><D108/><U96/><E129/><V73/><F61/><W33/><G33/><T4/><D34/><U132/><E69/><V26/><F17/><W9/><G127/><N who="2" m="48681" /><F134/><W70/><G79/><T113/><D113/><U56/><E55/><V78/><F31/><W62/><G20/><T32/><D32/><U125/><E105/><N who="2" m="39947" /><F103/><N who="3" m="60879" /><G60/><T57/><D67/><U36/><E132/><V102/><F102/><W75/><G75/><N who="2" m="28745" /><F26/><W23/><G23/><T48/><D48/><U99/><E125/><V81/><F81/><AGARI ba="0,0" hai="9,11,62,64,70,81,87,90,120,121,123" m="60879" machi="81" ten="30,1000,0" yaku="13,1" doraHai="24" who="3" fromWho="2" sc="250,0,250,0,250,-10,250,10" /><INIT seed="1,0,0,0,2,120" ten="250,250,240,260" oya="1" hai0="41,35,82,29,106,101,107,102,113,16,4,3,129" hai1="98,36,86,115,32,64,75,43,131,39,37,18,11" hai2="6,7,61,93,65,100,97,109,124,111,33,99,28" hai3="19,21,66,114,13,47,27,51,54,90,49,68,122"/><U30/><E115/><V83/><F124/><W9/><G122/><T63/><D113/><U104/><E75/><V31/><F83/><W76/><G114/><T134/><D129/><U60/><E131/><V8/><F99/><W92/><G76/><T40/><D134/><U95/><E86/><V72/><F72/><W24/><G68/><T25/><D63/><U26/><E18/><V48/><F48/><W46/><G66/><T5/><D82/><U80/><E11/><V1/><F7/><W91/><G92/><T70/><D70/><U121/><E80/><V12/><F12/><W23/><G23/><T78/><D78/><U74/><E74/><V62/><F62/><W71/><G71/><T59/><D59/><U50/><E50/><V79/><F79/><W96/><G96/><T22/><D102/><U116/><E116/><V84/><F84/><W94/><G94/><T105/><D101/><U125/><E125/><V15/><F15/><W135/><G135/><T0/><D4/><U103/><E95/><V17/><F17/><W73/><G73/><T87/><D87/><U67/><E67/><V14/><F14/><W56/><G56/><T55/><D55/><U77/><E77/><V117/><F117/><W130/><G130/><T123/><D123/><U126/><E126/><V2/><F2/><N who="0" m="554" /><D5/><U10/><E10/><V57/><REACH who="2" step="1"/><F33/><REACH who="2" ten="250,250,230,260" step="2"/><W34/><G34/><T118/><D35/><U112/><E121/><V45/><F45/><W69/><G69/><T81/><D118/><U89/><E112/><V132/><F132/><W20/><G46/><T38/><D81/><RYUUKYOKU ba="0,1" sc="250,-10,250,-10,230,30,260,-10" hai2="1,6,8,28,31,57,61,65,93,97,100,109,111" /><INIT seed="2,1,1,1,3,29" ten="240,240,260,250" oya="2" hai0="62,27,41,61,28,20,34,55,46,76,21,22,99" hai1="30,103,134,67,106,60,23,8,75,6,14,131,126" hai2="49,82,100,37,5,132,59,48,51,95,93,102,17" hai3="16,71,118,73,58,38,129,11,110,94,65,40,105"/><V0/><F37/><W87/><G105/><T90/><D76/><U10/><E75/><V113/><F113/><W64/><G73/><T81/><D55/><U25/><E134/><V53/><F132/><W32/><G32/><T104/><D104/><U78/><E78/><V121/><F121/><W42/><G71/><T47/><D47/><U107/><E126/><V79/><F5/><W9/><G118/><T74/><D74/><U45/><E131/><V7/><F7/><W36/><G129/><T57/><D57/><U24/><E8/><V69/><F69/><W63/><G110/><T56/><D56/><U98/><E25/><V68/><F68/><W15/><G9/><T52/><D52/><U97/><E45/><V119/><F0/><W91/><REACH who="3" step="1"/><G64/><REACH who="3" ten="240,240,260,240" step="2"/><T70/><D70/><U135/><E135/><V80/><F119/><W3/><G3/><T12/><D12/><U125/><E125/><V96/><F17/><W117/><G117/><T111/><D111/><U85/><E107/><V120/><F120/><W77/><G77/><T123/><D123/><U50/><E106/><V128/><F128/><W127/><G127/><T2/><D2/><U35/><E14/><V130/><F130/><W19/><G19/><T39/><REACH who="0" step="1"/><D99/><REACH who="0" ten="230,240,260,240" step="2"/><U54/><E98/><N who="2" m="59471" /><F79/><W44/><G44/><T1/><D1/><N who="1" m="335" /><E97/><V26/><F26/><W13/><G13/><T86/><AGARI ba="1,3" hai="20,21,22,27,28,34,39,41,46,61,62,81,86,90" machi="86" ten="30,4000,0" yaku="1,1,0,1,52,1,53,0" doraHai="29" doraHaiUra="114" who="0" fromWho="0" sc="230,73,240,-11,260,-21,240,-11" /><INIT seed="3,0,0,3,3,73" ten="303,229,239,229" oya="3" hai0="39,4,7,58,63,84,34,0,81,72,116,15,117" hai1="78,30,115,24,108,132,53,109,130,93,80,47,51" hai2="56,96,92,106,5,75,94,45,74,50,46,71,42" hai3="21,123,18,64,3,65,13,19,82,85,79,111,101"/><W104/><G123/><T8/><D34/><N who="1" m="20807" /><E115/><V14/><F71/><W62/><G3/><T1/><D39/><U12/><E93/><V100/><F46/><W16/><G111/><N who="1" m="42570" /><E12/><V66/><F75/><W38/><G38/><T86/><D72/><N who="1" m="43079" /><E132/><V122/><F74/><W107/><G65/><T126/><D15/><U2/><E2/><V127/><F122/><W36/><G36/><T121/><D121/><U52/><E130/><V57/><F94/><W135/><G135/><T110/><D110/><U102/><E102/><V99/><F66/><W61/><G61/><T131/><D131/><U77/><E77/><V40/><F14/><W98/><REACH who="3" step="1"/><G107/><REACH who="3" ten="303,229,239,219" step="2"/><T35/><D0/><U118/><E118/><V48/><F106/><W134/><G134/><T29/><D1/><U124/><E124/><V83/><F127/><W90/><G90/><T120/><D126/><U17/><E17/><V33/><F100/><W22/><G22/><T125/><D125/><U37/><E37/><V68/><F33/><W54/><G54/><AGARI ba="0,1" hai="47,51,52,53,54" m="43079,42570,20807" machi="54" ten="30,3900,0" yaku="14,1,52,1,54,1" doraHai="73" who="1" fromWho="3" sc="303,0,229,49,239,0,219,-39" owari="303,40.3,278,7.8,239,-16.1,180,-32.0" /></mjloggm>