<mjloggm ver="2.3"><GO type="225" lobby="0"/><UN n0="%E3%81%B1%E3%83%BC%E3%81%9B%E3%82%93%E3%81%A8%E4%BE%8D" n1="%E5%84%AA%40%41%42%43" n2="%E3%81%BF%E3%81%BF%E3%81%9A" n3="%E5%A4%9C%E5%85%89%E5%A4%A9%E6%A5%BC" dan="16,17,18,16" rate="2126.45,2171.79,2234.81,2151.44" sx="M,M,M,F"/><TAIKYOKU oya="0"/><INIT seed="0,0,0,3,2,20" ten="250,250,250,250" oya="0" hai0="82,2,6,30,100,3,12,124,40,72,23,65,9" hai1="107,74,92,7,43,45,68,24,26,56,101,104,117" hai2="125,113,132,77,11,114,13,121,48,102,46,49,63" hai3="51,34,119,131,122,87,69,66,105,54,10,106,73"/><T110/><D65/><U58/><E68/><V16/><F121/><W108/><G119/><T99/><D124/><U98/><E74/><V41/><F125/><W71/><G73/><T112/><D112/><U21/><E117/><V78/><F132/><W39/><G39/><T90/><D40/><U44/><E7/><V123/><F123/><W85/><G122/><T84/><D72/><U61/><E58/><V95/><F63/><W118/><G118/><T93/><REACH who="0" step="1"/><D110/><REACH who="0" ten="240,250,250,250" step="2"/><U111/><E111/><V37/><F113/><W29/><G66/><T103/><D103/><U76/><E43/><N who="2" m="24671" /><F114/><W8/><G108/><T67/><D67/><U83/><E107/><V17/><F37/><W33/><G105/><T75/><D75/><U134/><E104/><V27/><F41/><W36/><G106/><T32/><D32/><U31/><E134/><V115/><F115/><W19/><G36/><T133/><D133/><U130/><E101/><V126/><F126/><W109/><G34/><T25/><AGARI ba="0,1" hai="2,3,6,9,12,23,25,30,82,84,90,93,99,100" machi="25" ten="30,11700,0" yaku="1,1,0,1,52,1,53,1" doraHai="20" doraHaiUra="0" who="0" fromWho="0" sc="240,127,250,-39,250,-39,250,-39" /><INIT seed="0,1,0,4,3,133" ten="367,211,211,211" oya="0" hai0="111,53,121,6,36,98,114,101,96,20,41,68,62" hai1="23,52,90,14,80,8,95,123,25,22,107,40,127" hai2="28,91,15,64,42,92,63,51,58,88,4,10,59" hai3="26,103,132,60,85,73,108,32,120,117,75,118,0"/><T2/><D114/><U129/><E107/><V33/><F33/><W100/><G0/><T79/><D121/><U124/><E123/><V67/><F28/><W86/><G120/><T30/><D111/><U126/><E129/><V49/><F42/><W11/><G11/><T7/><D2/><U83/><E40/><V89/><REACH who="2" step="1"/><F92/><REACH who="2" ten="367,211,201,211" step="2"/><W125/><G32/><T97/><D30/><N who="1" m="17719" /><E23/><V37/><F37/><W113/><G113/><T50/><D41/><U44/><E44/><V131/><F131/><W119/><G119/><T70/><D36/><U21/><E21/><V46/><F46/><W3/><G117/><T69/><D20/><U31/><E31/><V45/><F45/><W5/><G118/><T65/><D101/><U76/><E76/><V77/><F77/><W39/><G103/><T54/><D79/><U115/><E115/><V130/><F130/><W102/><G100/><T94/><D94/><U1/><E83/><V99/><F99/><W104/><G39/><T47/><D98/><N who="1" m="57719" /><E80/><V112/><F112/><W134/><G102/><T34/><D34/><U35/><E35/><V57/><F57/><W122/><G122/><T27/><D97/><U13/><E52/><V38/><F38/><W82/><G82/><T78/><D96/><U109/><E109/><V81/><F81/><W16/><G108/><T84/><D27/><U12/><E1/><V87/><F87/><W61/><G3/><T19/><D53/><U24/><E8/><V71/><F71/><W106/><G86/><T105/><D84/><U17/><E24/><V93/><F93/><W18/><G26/><RYUUKYOKU ba="1,1" sc="367,-15,211,15,201,15,211,-15" hai1="12,13,14,17,124,126,127" hai2="4,10,15,49,51,58,59,63,64,67,88,89,91" /><INIT seed="1,2,1,5,4,64" ten="352,226,216,196" oya="1" hai0="100,105,46,15,59,6,69,128,9,57,125,42,20" hai1="61,106,19,85,24,67,65,72,126,58,13,4,81" hai2="22,41,62,87,52,7,108,95,26,131,124,73,89" hai3="119,38,66,134,50,79,29,111,84,96,97,21,107"/><U94/><E106/><V28/><F108/><W78/><G38/><T88/><D69/><U8/><E72/><V86/><F124/><W60/><G111/><T49/><D125/><U75/><E75/><V23/><F73/><W82/><G79/><T80/><D128/><U77/><E126/><V16/><F131/><W104/><G104/><T2/><D105/><U51/><E51/><V127/><F127/><W121/><G121/><T12/><D100/><U112/><E112/><V70/><F7/><W74/><G74/><T115/><D115/><U11/><E94/><V116/><F116/><W103/><G97/><T122/><D122/><U10/><REACH who="1" step="1"/><E65/><REACH who="1" ten="352,216,216,196" step="2"/><V132/><F132/><W83/><G134/><T110/><D110/><U43/><E43/><V27/><F41/><W118/><G50/><T120/><D120/><U114/><E114/><V35/><F35/><W40/><G40/><T117/><D117/><U30/><E30/><V0/><F0/><W45/><G118/><T129/><D2/><U101/><E101/><V113/><F113/><W109/><G119/><T18/><D129/><U93/><E93/><V31/><F31/><W68/><G109/><T92/><D80/><U36/><E36/><V90/><F95/><W54/><G83/><T91/><D92/><U47/><E47/><V130/><F130/><W63/><G29/><T133/><D133/><U99/><E99/><V102/><F102/><W39/><G39/><T17/><D49/><U25/><E25/><V14/><F27/><W44/><G107/><T5/><D42/><U32/><E32/><V123/><F26/><RYUUKYOKU ba="2,2" sc="352,-10,216,30,216,-10,196,-10" hai1="4,8,10,11,13,19,24,58,61,67,77,81,85" /><INIT seed="1,3,2,0,3,65" ten="342,246,206,186" oya="1" hai0="84,7,128,134,85,44,43,26,4,3,40,16,76" hai1="1,58,37,0,80,23,104,88,87,49,77,22,82" hai2="127,93,114,119,125,126,95,129,34,12,74,63,91" hai3="35,29,61,8,110,31,33,28,25,71,9,6,39"/><U94/><E37/><V15/><F119/><W17/><G110/><T56/><D3/><U73/><E104/><V24/><F129/><W27/><G61/><T64/><D134/><U50/><E1/><V52/><F114/><W42/><G42/><N who="0" m="15915" /><D44/><U92/><E0/><V32/><F74/><W118/><G71/><T121/><D128/><U97/><E94/><N who="2" m="35851" /><F91/><W5/><G118/><T78/><D121/><U98/><E97/><V81/><F81/><W14/><G39/><T70/><D70/><U41/><E50/><V117/><F117/><W108/><G108/><T19/><D56/><U55/><REACH who="1" step="1"/><E41/><REACH who="1" ten="342,236,206,186" step="2"/><V69/><F126/><W100/><G100/><AGARI ba="3,3" hai="22,23,49,55,58,73,77,80,82,87,88,92,98,100" machi="100" ten="30,11600,0" yaku="1,1,2,1,7,1,54,1,53,0" doraHai="65" doraHaiUra="66" who="1" fromWho="3" sc="342,0,236,155,206,0,186,-125" /><INIT seed="1,4,0,1,4,34" ten="342,391,206,61" oya="1" hai0="43,97,130,14,55,23,122,82,54,96,11,45,37" hai1="51,133,8,29,105,10,121,32,114,59,124,47,80" hai2="18,39,72,104,113,12,77,19,86,117,76,102,31" hai3="15,66,129,46,90,3,128,38,0,33,64,57,73"/><U99/><E114/><V17/><F117/><W62/><G33/><T68/><D68/><U85/><E121/><V28/><F39/><W93/><G73/><T120/><D130/><N who="3" m="50281" /><G66/><T111/><D111/><U24/><E124/><V42/><F113/><W125/><G125/><T100/><D23/><U71/><E71/><V87/><F42/><N who="3" m="22871" /><G15/><T119/><D82/><U115/><E59/><V74/><F104/><W127/><G127/><T91/><D91/><U75/><E75/><V30/><F102/><W22/><G22/><T52/><D119/><U48/><E48/><V4/><F12/><W6/><G6/><T53/><N who="0" m="13312" /><DORA hai="67" /><T79/><D79/><N who="2" m="30282" /><F4/><W109/><G109/><T58/><D58/><U26/><E105/><V21/><F21/><W112/><G112/><T25/><D25/><U1/><E26/><V106/><F106/><W107/><G107/><T132/><D132/><U13/><E133/><V60/><F60/><W103/><G103/><T50/><D37/><U2/><E24/><V16/><N who="2" m="4096" /><DORA hai="94" /><V20/><F20/><W118/><G118/><T5/><D100/><U49/><E115/><V83/><F83/><W134/><G134/><T70/><D70/><U108/><E80/><V110/><F110/><W84/><AGARI ba="4,0" hai="0,3,57,62,64,84,90,93" m="22871,50281" machi="84" ten="30,4000,0" yaku="19,1,52,2" doraHai="34,67,94" who="3" fromWho="3" sc="342,-14,391,-24,206,-14,61,52" /><INIT seed="2,0,0,5,4,126" ten="328,367,192,113" oya="2" hai0="58,99,94,27,11,89,111,44,50,52,120,3,33" hai1="135,37,104,10,63,109,65,59,116,17,108,102,92" hai2="36,133,114,91,100,97,23,38,103,29,83,119,49" hai3="64,57,93,110,24,107,127,31,28,6,20,34,124"/><V56/><F114/><W122/><G107/><T81/><D120/><U30/><E116/><V8/><F119/><W51/><G122/><T69/><D69/><U72/><E135/><V73/><F133/><W46/><G110/><N who="1" m="42602" /><E37/><V131/><F8/><W123/><G123/><T76/><D111/><U128/><E72/><V95/><F103/><W106/><G106/><T48/><D33/><U53/><E104/><V78/><F49/><W86/><G6/><T113/><D27/><U0/><E30/><V130/><F56/><W43/><G31/><T32/><D32/><U39/><E39/><V19/><F29/><W117/><G34/><T101/><D3/><U77/><E77/><V87/><F38/><W16/><G117/><T96/><D11/><U68/><E102/><V25/><REACH who="2" step="1"/><F36/><REACH who="2" ten="328,367,182,113" step="2"/><W61/><REACH who="3" step="1"/><G28/><REACH who="3" ten="328,367,182,103" step="2"/><T42/><D113/><U121/><E121/><V118/><F118/><W112/><G112/><T125/><D125/><U66/><E0/><V35/><F35/><W1/><G1/><T129/><D101/><U70/><E70/><V75/><F75/><W98/><G98/><T12/><D99/><U90/><E68/><V13/><F13/><W4/><G4/><T9/><D12/><U54/><E17/><V60/><F60/><W21/><G21/><T14/><D14/><U88/><E10/><V5/><F5/><W79/><G79/><T62/><D9/><U74/><E74/><V84/><F84/><W115/><G115/><T55/><D62/><U105/><E63/><V132/><F132/><W15/><G15/><T18/><D76/><U26/><E105/><AGARI ba="0,2" hai="19,23,25,73,78,83,87,91,95,97,100,105,130,131" machi="105" ten="40,18000,2" yaku="1,1,6,1,24,2,52,2,53,0" doraHai="126" doraHaiUra="41" who="2" fromWho="1" sc="328,0,367,-180,182,200,103,0" /><INIT seed="2,1,0,5,0,35" ten="328,187,382,103" oya="2" hai0="120,12,72,102,71,86,60,106,132,33,115,54,95" hai1="23,21,17,67,77,128,133,53,59,124,122,40,118" hai2="121,129,5,39,113,46,58,111,43,30,2,63,31" hai3="66,134,70,37,27,4,98,75,131,82,19,94,108"/><V25/><F113/><W88/><G37/><T62/><D33/><U79/><E118/><V20/><F121/><W36/><G36/><T125/><D115/><U76/><E122/><V7/><F129/><W50/><G131/><T55/><D72/><U99/><E128/><V51/><F111/><W64/><G108/><T74/><D74/><U57/><E124/><V112/><F112/><W105/><G70/><T84/><D106/><U93/><E133/><V123/><F123/><W90/><G105/><T92/><D71/><U116/><E116/><V91/><F39/><W107/><G107/><T3/><D12/><U135/><E40/><V28/><F91/><W130/><G134/><T32/><D32/><U42/><E42/><V87/><F87/><W49/><G130/><T34/><D34/><U65/><E57/><V52/><REACH who="2" step="1"/><F2/><REACH who="2" ten="328,187,372,103" step="2"/><W47/><G90/><T24/><D86/><U97/><E135/><V14/><F14/><W1/><G75/><T45/><D84/><U44/><E79/><V110/><F110/><W26/><G26/><T10/><D3/><U109/><E77/><V83/><F83/><W15/><G27/><T8/><D24/><U38/><E76/><V18/><AGARI ba="1,1" hai="5,7,18,20,25,28,30,31,43,46,51,52,58,63" machi="18" ten="30,11700,0" yaku="1,1,0,1,8,1,54,1,53,0" doraHai="35" doraHaiUra="96" who="2" fromWho="2" sc="328,-40,187,-40,372,130,103,-40" /><INIT seed="2,2,0,2,4,40" ten="288,147,502,63" oya="2" hai0="54,113,33,74,50,43,52,41,38,81,3,86,92" hai1="2,25,66,28,82,71,85,105,39,126,98,35,94" hai2="60,1,4,119,101,127,59,99,128,18,8,133,62" hai3="109,80,37,88,31,20,78,51,7,34,124,24,47"/><V134/><F119/><W15/><G109/><T100/><D33/><U91/><E126/><V102/><F127/><W44/><G124/><T56/><D3/><U112/><E112/><V65/><F128/><W77/><G37/><T90/><D113/><U70/><E2/><V114/><F114/><W61/><G61/><T122/><D38/><U69/><E39/><V110/><F110/><W17/><G7/><T9/><D122/><U87/><E87/><V0/><F18/><W55/><REACH who="3" step="1"/><G47/><REACH who="3" ten="288,147,502,53" step="2"/><T84/><D74/><U6/><E6/><V79/><F0/><W106/><G106/><T111/><D111/><U27/><E105/><V64/><F79/><W49/><G49/><T72/><D72/><U107/><E107/><V48/><F48/><W73/><G73/><T16/><D50/><U45/><E45/><V14/><F1/><W57/><G57/><T53/><D56/><U26/><REACH who="1" step="1"/><E66/><REACH who="1" ten="288,137,502,53" step="2"/><V135/><F99/><W30/><G30/><T22/><D86/><AGARI ba="2,2" hai="15,17,20,24,31,34,44,51,55,77,78,80,86,88" machi="86" ten="40,8000,1" yaku="1,1,52,1,54,1,53,1" doraHai="40" doraHaiUra="76" who="3" fromWho="0" sc="288,-86,137,0,502,0,53,106" /><INIT seed="3,0,0,3,1,115" ten="202,137,502,159" oya="3" hai0="10,56,112,111,102,80,126,63,21,47,93,60,96" hai1="74,11,109,27,36,64,135,87,134,31,85,76,13" hai2="58,24,94,33,55,105,71,99,54,34,5,22,108" hai3="131,59,98,46,15,66,125,14,51,40,41,48,83"/><W127/><G131/><T62/><D111/><U68/><E36/><V52/><F108/><W107/><G83/><T104/><D126/><N who="3" m="48137" /><G66/><T69/><D69/><U8/><E74/><V19/><F71/><W37/><G59/><T113/><D21/><U45/><E109/><V121/><F121/><W118/><G41/><T82/><D56/><U114/><E114/><N who="0" m="44137" /><D10/><U133/><E45/><V120/><F120/><W89/><G51/><T119/><D119/><U70/><E8/><V9/><F105/><W84/><G48/><T130/><D130/><U103/><E103/><V101/><REACH who="2" step="1"/><F58/><REACH who="2" ten="202,137,492,159" step="2"/><W35/><G107/><T44/><D104/><U92/><E68/><V67/><F67/><W117/><G117/><T97/><D47/><U100/><E64/><V88/><F88/><W29/><G118/><T16/><D44/><U122/><E70/><V81/><F81/><W77/><G46/><T32/><D82/><U6/><E122/><V26/><F26/><W90/><G37/><T18/><D80/><U95/><E76/><V20/><F20/><W7/><G77/><T124/><D124/><U57/><E57/><V17/><F17/><W110/><G110/><T128/><D128/><U43/><E43/><V0/><AGARI ba="0,1" hai="0,5,9,19,22,24,33,34,52,54,55,94,99,101" machi="0" ten="30,4000,0" yaku="1,1,0,1,54,1,53,0" doraHai="115" doraHaiUra="72" who="2" fromWho="2" sc="202,-10,137,-10,492,50,159,-20" owari="192,-0.8,127,-37.3,542,64.2,139,-26.1" /></mjloggm>