<mjloggm ver="2.3"><GO type="225" lobby="0"/><UN n0="%6D%75%75%73%61%6E%6D%75" n1="%E3%83%A9%E3%83%BC%E3%83%A1%E3%83%B3%E4%BA%94%E9%83%8E" n2="%E3%81%AA%E3%82%81%E3%81%93%E9%9B%80%E5%A3%AB" n3="%E3%81%95%E3%81%8D%E3%81%9F%E3%81%BE%E6%9E%97%E6%AA%8E" dan="17,16,16,16" rate="2169.21,2137.29,2024.24,2072.35" sx="F,M,M,M"/><TAIKYOKU oya="0"/><INIT seed="0,0,0,2,1,115" ten="250,250,250,250" oya="0" hai0="37,104,131,75,65,73,27,46,126,102,120,91,112" hai1="1,57,22,80,44,11,64,77,43,92,103,95,32" hai2="15,135,20,99,125,51,85,49,47,8,7,3,83" hai3="71,26,130,81,58,23,4,19,72,110,69,86,105"/><T45/><D112/><U42/><E32/><V60/><F125/><W106/><G72/><T109/><D120/><U56/><E1/><V16/><F135/><W94/><G110/><T61/><D126/><U111/><E111/><V116/><F116/><W129/><G58/><T117/><D109/><U50/><E11/><V38/><F99/><W30/><G94/><T68/><D131/><N who="3" m="50185" /><G4/><T108/><D108/><U134/><E134/><V67/><F38/><W28/><G30/><T79/><D104/><N who="3" m="40041" /><G28/><T78/><D102/><U33/><E103/><V133/><F133/><W119/><G119/><T113/><D113/><U76/><E95/><V107/><F107/><W74/><G74/><T41/><D75/><U29/><E92/><V55/><F51/><W97/><G97/><T54/><D73/><U17/><E29/><V59/><F85/><W93/><G93/><T10/><D117/><U88/><E56/><V121/><REACH who="2" step="1"/><F83/><REACH who="2" ten="250,250,240,250" step="2"/><W82/><G82/><T70/><D37/><U34/><E80/><V39/><F39/><W62/><G62/><T118/><D118/><U0/><E50/><V21/><F21/><W12/><G26/><T128/><D27/><U14/><E22/><V25/><F25/><W48/><G48/><N who="0" m="28943" /><D128/><U13/><E34/><V123/><AGARI ba="0,1" hai="3,7,8,15,16,20,47,49,55,59,60,67,121,123" machi="123" ten="30,7900,0" yaku="1,1,0,1,54,1,53,1" doraHai="115" doraHaiUra="40" who="2" fromWho="2" sc="250,-39,250,-20,240,89,250,-20" /><INIT seed="1,0,0,4,1,109" ten="211,230,329,230" oya="1" hai0="49,41,104,134,83,126,72,36,97,45,112,95,87" hai1="50,92,26,21,77,37,67,14,61,40,113,25,75" hai2="116,105,133,29,32,19,63,108,94,31,131,69,117" hai3="24,8,62,65,16,85,55,124,58,70,0,118,11"/><U125/><E37/><V111/><F105/><W127/><G118/><N who="2" m="45673" /><F94/><W123/><G123/><T7/><D134/><U107/><E107/><V30/><F63/><W88/><G0/><T22/><D104/><U28/><E125/><N who="3" m="48202" /><G24/><T78/><D126/><U114/><E14/><V56/><F56/><W23/><G70/><T47/><D7/><U81/><E92/><V18/><F69/><W91/><G65/><T46/><D22/><U100/><E100/><V4/><F32/><W9/><G85/><T48/><D112/><U17/><E50/><V34/><F34/><W115/><G115/><T73/><D47/><U130/><E40/><V128/><F133/><W119/><G119/><T13/><D13/><U84/><E84/><V135/><F4/><W132/><G132/><T59/><D59/><U74/><E74/><V76/><F76/><W42/><G42/><T103/><REACH who="0" step="1"/><D36/><REACH who="0" ten="201,230,329,230" step="2"/><U52/><E113/><V53/><F135/><W51/><G51/><T43/><AGARI ba="0,1" hai="41,43,45,46,48,49,72,73,78,83,87,95,97,103" machi="43" ten="20,12000,2" yaku="1,1,2,1,0,1,7,1,9,1,53,2" doraHai="109" doraHaiUra="39" who="0" fromWho="0" sc="201,130,230,-60,329,-30,230,-30" /><INIT seed="2,0,0,0,4,70" ten="331,170,299,200" oya="2" hai0="74,60,57,52,86,58,40,37,135,71,106,117,63" hai1="46,23,68,41,130,100,107,15,128,93,10,133,90" hai2="44,126,98,105,12,38,116,59,26,78,129,11,56" hai3="8,18,25,114,42,21,102,48,97,67,79,31,36"/><V113/><F113/><W104/><G114/><T24/><D74/><U119/><E119/><V91/><F116/><W88/><G79/><T1/><D1/><U6/><E68/><V20/><F129/><W7/><G67/><N who="0" m="41447" /><D86/><U96/><E23/><V87/><F78/><W120/><G120/><T101/><D24/><U66/><E66/><V35/><F35/><W17/><G48/><N who="0" m="30855" /><D101/><U124/><E124/><V32/><F126/><W69/><G69/><T103/><D103/><U73/><E73/><V85/><F32/><W49/><G49/><T64/><D117/><U81/><E81/><V22/><F85/><W55/><G55/><T47/><D135/><U51/><REACH who="1" step="1"/><E133/><REACH who="1" ten="331,160,299,200" step="2"/><V112/><F22/><W29/><G29/><T77/><D77/><U33/><E33/><V62/><F20/><W50/><G31/><T19/><D106/><U27/><E27/><V65/><F26/><W122/><G25/><T82/><D82/><U2/><E2/><V61/><F105/><W39/><G104/><T94/><D94/><U83/><E83/><V54/><F12/><W111/><G21/><T134/><D134/><U5/><E5/><V14/><F14/><W118/><G118/><T84/><D19/><U28/><E28/><V80/><F112/><W131/><G17/><T99/><D64/><U4/><E4/><V75/><F75/><W127/><G18/><T0/><D0/><U95/><E95/><V110/><F80/><W109/><G7/><T45/><D84/><AGARI ba="0,1" hai="6,10,15,41,46,51,84,90,93,96,100,107,128,130" machi="84" ten="40,2600,0" yaku="1,1,53,1" doraHai="70" doraHaiUra="3" who="1" fromWho="0" sc="331,-26,160,36,299,0,200,0" /><INIT seed="3,0,0,3,1,32" ten="305,196,299,200" oya="3" hai0="115,70,75,114,122,0,118,1,36,111,42,31,24" hai1="106,47,61,92,7,66,43,40,103,9,29,112,49" hai2="35,126,128,98,88,87,68,74,97,131,22,27,69" hai3="80,82,10,72,15,20,90,89,38,124,95,65,55"/><W12/><G38/><T41/><D118/><U86/><E112/><N who="0" m="43049" /><D122/><U135/><E106/><V46/><F126/><W45/><G124/><T101/><D111/><U123/><E123/><V53/><F74/><W13/><G72/><T91/><D75/><U105/><E105/><V130/><F35/><W51/><G65/><T16/><D70/><N who="2" m="27242" /><F53/><W121/><G121/><T81/><D101/><U59/><E135/><V83/><F46/><W57/><G45/><N who="0" m="23719" /><D42/><N who="1" m="24823" /><E29/><AGARI ba="0,0" hai="22,27,29,83,87,88,97,98,128,130,131" m="27242" machi="29" ten="40,2600,0" yaku="19,1,54,1" doraHai="32" who="2" fromWho="1" sc="305,0,196,-26,299,26,200,0" owari="305,10.5,170,-33.0,325,42.5,200,-20.0" /></mjloggm>