<mjloggm ver="2.3"><GO type="225" lobby="0"/><UN n0="%E3%81%86%E3%83%BC%E3%81%B1%E3%83%BC" n1="%E3%82%82%E3%81%86%E3%81%93%E3%82%8A%E3%81%94%E3%82%8A%E3%82%89" n2="%E3%81%82%E3%81%B9%E3%81%99%E3%81%91" n3="%4B%2E%32%2E%4B%2E" dan="16,16,16,16" rate="2185.58,2135.49,2106.22,2240.43" sx="F,M,M,M"/><TAIKYOKU oya="0"/><INIT seed="0,0,0,0,5,130" ten="250,250,250,250" oya="0" hai0="105,29,61,37,17,102,38,78,33,26,39,0,95" hai1="67,57,97,54,24,73,53,12,82,13,43,112,72" hai2="40,108,6,87,70,114,119,103,135,81,48,44,131" hai3="23,35,134,89,27,121,15,106,110,69,36,10,74"/><T63/><D0/><U21/><E112/><V49/><F114/><W129/><RYUUKYOKU type="yao9" ba="0,0" sc="250,0,250,0,250,0,250,0" hai3="10,15,23,27,35,36,69,74,89,106,110,121,129,134" /><INIT seed="0,1,0,3,3,88" ten="250,250,250,250" oya="0" hai0="128,46,64,76,29,134,124,28,97,75,14,122,84" hai1="86,40,126,13,116,71,24,130,74,39,73,44,16" hai2="83,120,85,59,77,108,114,104,80,31,129,41,121" hai3="37,48,21,49,125,26,123,43,34,25,117,54,23"/><T115/><D115/><U27/><E116/><V33/><F114/><W106/><G117/><T92/><D122/><U19/><E71/><V9/><F108/><W100/><G34/><T93/><D75/><U89/><E130/><V2/><F104/><W50/><G123/><T90/><D128/><U95/><E126/><V63/><F129/><W42/><G125/><T22/><D76/><U68/><E68/><V56/><F41/><N who="3" m="15371" /><G106/><T10/><D124/><U52/><E52/><V131/><F131/><W62/><G100/><N who="0" m="60455" /><D134/><U67/><E67/><V6/><F59/><N who="3" m="35191" /><G37/><T91/><D46/><U15/><E74/><V17/><F31/><N who="3" m="17839" /><G50/><T18/><D64/><U60/><E60/><V1/><F33/><W58/><G58/><T107/><D107/><U45/><E73/><V112/><F1/><W99/><G99/><N who="0" m="57783" /><D22/><U111/><E111/><V78/><F112/><W103/><G103/><T51/><D51/><U36/><E36/><V7/><F121/><W70/><G70/><T94/><AGARI ba="1,0" hai="10,14,18,28,29,84,91,94" m="57783,60455" machi="94" ten="30,11700,0" yaku="8,1,52,3" doraHai="88" who="0" fromWho="0" sc="250,120,250,-40,250,-40,250,-40" /><INIT seed="0,2,0,1,1,69" ten="370,210,210,210" oya="0" hai0="119,20,81,21,103,99,45,95,35,100,84,47,134" hai1="58,44,98,23,128,9,127,15,135,133,74,34,36" hai2="61,46,29,120,125,117,122,91,97,5,106,107,24" hai3="80,66,12,64,73,68,130,65,27,75,121,14,3"/><T77/><D119/><U123/><E123/><V111/><F117/><W41/><G3/><T60/><D35/><U40/><E34/><V76/><F76/><W108/><G121/><T54/><D103/><U49/><E74/><V56/><F111/><W22/><G68/><T25/><D134/><N who="1" m="51211" /><E128/><V82/><F125/><W63/><G63/><T113/><D113/><U50/><E127/><V42/><F5/><W13/><G108/><T87/><D84/><U114/><E114/><V88/><F82/><W6/><G6/><T43/><D43/><U126/><E23/><N who="0" m="8777" /><D25/><U132/><E126/><V79/><F79/><W8/><G8/><T55/><D55/><N who="1" m="32111" /><E98/><V31/><F97/><W53/><G130/><T4/><D4/><N who="1" m="3495" /><E132/><V26/><F122/><W67/><G67/><T104/><D104/><U0/><E0/><V48/><F107/><W30/><G41/><T57/><AGARI ba="2,0" hai="45,47,54,57,60,77,81,87,95,99,100" m="8777" machi="57" ten="30,1500,0" yaku="8,1" doraHai="69" who="0" fromWho="0" sc="370,21,210,-7,210,-7,210,-7" /><INIT seed="0,3,0,4,3,128" ten="391,203,203,203" oya="0" hai0="53,46,66,73,105,121,94,93,83,57,3,10,97" hai1="135,45,126,11,60,67,84,50,39,75,48,110,95" hai2="28,30,104,65,59,54,89,116,19,99,51,106,52" hai3="7,15,72,90,1,17,35,68,27,21,6,55,44"/><T36/><D121/><U18/><E75/><V40/><F116/><W119/><G119/><T24/><D105/><U12/><E110/><V132/><F132/><W125/><G68/><T23/><D66/><U108/><E108/><V58/><F65/><W76/><G125/><T114/><D97/><U71/><E126/><V8/><F40/><W87/><G76/><T26/><D26/><U5/><E135/><V0/><F106/><W133/><G72/><T41/><D114/><U33/><E33/><V78/><F78/><W103/><G103/><T101/><D101/><U92/><E39/><V85/><F99/><W64/><G64/><T86/><D73/><U56/><E71/><V82/><F104/><W29/><G1/><T80/><D10/><U124/><E124/><V100/><F100/><W81/><REACH who="3" step="1"/><G133/><REACH who="3" ten="391,203,203,193" step="2"/><T118/><D3/><U62/><E67/><V20/><F0/><W129/><G129/><T2/><D2/><U120/><E120/><V47/><F59/><W91/><G91/><T88/><D118/><U107/><E56/><V130/><F130/><W70/><G70/><T131/><D131/><U16/><E107/><V14/><REACH who="2" step="1"/><F8/><REACH who="2" ten="391,203,193,193" step="2"/><W13/><G13/><T96/><D57/><U37/><E11/><V98/><F98/><W22/><G22/><T122/><D122/><U32/><E12/><V34/><F34/><W25/><G25/><T74/><D23/><U117/><E32/><V42/><F42/><W79/><G79/><T61/><D24/><U49/><E117/><V43/><F43/><W4/><G4/><T134/><D96/><U109/><E5/><RYUUKYOKU ba="3,2" sc="391,-15,203,-15,193,15,193,15" hai2="14,19,20,28,30,47,51,52,54,58,82,85,89" hai3="6,7,15,17,21,27,29,35,44,55,81,87,90" /><INIT seed="1,4,2,3,4,44" ten="376,188,208,208" oya="1" hai0="87,124,12,40,81,8,11,117,96,77,35,134,89" hai1="74,34,122,59,47,43,65,21,69,130,72,94,102" hai2="33,25,56,101,71,73,3,48,125,7,18,15,75" hai3="19,37,111,79,76,115,128,67,129,26,88,83,51"/><U82/><E34/><V5/><F71/><W84/><G115/><T106/><D35/><U120/><E69/><V30/><F125/><W61/><G37/><T54/><D117/><U4/><E4/><V131/><F131/><N who="3" m="50251" /><G111/><T91/><D124/><U50/><E130/><V58/><F101/><W70/><G51/><T90/><D134/><U39/><E21/><AGARI ba="4,2" hai="19,21,26,61,67,70,76,79,83,84,88" m="50251" machi="21" ten="30,2000,0" yaku="19,1,54,1" doraHai="44" who="3" fromWho="1" sc="376,0,188,-32,208,0,208,52" /><INIT seed="2,0,0,1,2,112" ten="376,156,208,260" oya="2" hai0="74,55,29,5,23,114,10,51,100,89,78,110,13" hai1="131,42,6,31,108,124,25,52,41,18,72,32,46" hai2="56,44,33,26,113,90,73,111,38,104,53,129,71" hai3="59,12,66,47,60,109,92,1,22,117,15,133,40"/><V83/><F113/><W96/><G1/><T121/><D121/><U80/><E108/><V85/><F111/><W49/><G109/><T21/><D114/><U126/><E131/><V128/><F71/><W127/><G127/><N who="1" m="48682" /><E6/><V3/><F3/><W48/><G133/><T88/><D100/><U61/><E18/><V7/><F7/><W39/><G117/><T81/><D23/><U27/><E27/><V98/><F73/><W103/><G39/><T35/><D35/><U43/><E61/><V70/><F70/><W54/><REACH who="3" step="1"/><G22/><REACH who="3" ten="376,156,208,250" step="2"/><T65/><D21/><U125/><N who="1" m="48690" /><U63/><DORA hai="135" /><E63/><V17/><F38/><W95/><G95/><T102/><D110/><U62/><E62/><V132/><F132/><W11/><G11/><T28/><D10/><U105/><E105/><V64/><F104/><W116/><G116/><T20/><D20/><U36/><E52/><V97/><F53/><W16/><G16/><T99/><D55/><U50/><E36/><V30/><F17/><W82/><G82/><T115/><D81/><U123/><E123/><V67/><F83/><W34/><G34/><T76/><D115/><U45/><E50/><V79/><F33/><W2/><G2/><T91/><D51/><U93/><E93/><V58/><F129/><W134/><G134/><T8/><D8/><U14/><E14/><V94/><F128/><W86/><G86/><T119/><D13/><U69/><E69/><AGARI ba="0,1" hai="12,15,40,47,48,49,54,59,60,66,69,92,96,103" machi="69" ten="30,7700,0" yaku="1,1,7,1,53,2" doraHai="112,135" doraHaiUra="87,9" who="3" fromWho="1" sc="376,0,156,-77,208,0,250,87" /><INIT seed="3,0,0,2,3,111" ten="376,79,208,337" oya="3" hai0="127,105,73,31,21,114,121,63,36,110,13,113,67" hai1="15,78,19,50,56,49,38,39,35,25,44,47,51" hai2="87,8,64,84,65,132,135,96,97,109,100,80,103" hai3="104,116,124,91,57,107,26,55,115,29,90,41,24"/><W17/><G116/><T16/><D110/><U83/><E35/><V1/><F1/><W52/><G124/><T70/><D127/><U93/><E25/><V88/><F8/><W0/><G0/><T128/><D121/><U92/><E15/><V81/><F65/><W99/><G115/><N who="0" m="44043" /><D128/><U126/><E126/><V4/><F64/><W22/><G41/><T118/><D118/><U30/><E19/><V75/><F4/><W10/><G10/><T12/><D36/><U134/><E30/><V77/><F109/><W60/><G55/><T106/><D31/><U117/><E117/><V130/><F130/><W48/><G48/><T28/><D28/><U33/><E33/><V37/><F37/><W14/><G14/><N who="0" m="9367" /><D73/><U123/><E50/><V85/><F85/><W89/><REACH who="3" step="1"/><G99/><REACH who="3" ten="376,79,208,327" step="2"/><T129/><D129/><U79/><E56/><V94/><F75/><W72/><G72/><T20/><D12/><U18/><E18/><AGARI ba="0,1" hai="13,18,20,63,67,70,105,106" m="9367,44043" machi="18" ten="30,8000,1" yaku="11,1,52,3,54,1" doraHai="111" who="0" fromWho="1" sc="376,90,79,-80,208,0,327,0" owari="466,56.6,-1,-50.1,208,-19.2,327,12.7" /></mjloggm>