<mjloggm ver="2.3"><GO type="225" lobby="0"/><UN n0="%E3%83%B4%E3%83%A0%EF%BC%99%E3%81%A6" n1="%E3%81%A1%E3%82%85%E3%81%86%E3%81%A9%E3%81%8F%E8%B1%A1%E3%81%95%E3%82%93" n2="%E9%80%9F%E6%B0%B4%E5%87%9B%E9%A6%99" n3="%E5%84%AA%40%41%42%43" dan="17,17,16,17" rate="2246.74,2157.38,2099.72,2213.62" sx="M,M,F,M"/><TAIKYOKU oya="0"/><INIT seed="0,0,0,0,5,55" ten="250,250,250,250" oya="0" hai0="86,126,111,60,69,21,34,107,114,12,132,56,23" hai1="101,91,121,24,105,18,102,125,123,61,6,131,130" hai2="134,78,20,81,44,120,2,65,17,43,10,27,73" hai3="135,19,9,35,32,106,92,14,76,5,99,80,57"/><T129/><D114/><U97/><E6/><V1/><F120/><N who="1" m="46153" /><E61/><V72/><F134/><W37/><G106/><T0/><D0/><U29/><E18/><V85/><F65/><W119/><G37/><T11/><D34/><N who="1" m="20775" /><E125/><V28/><F1/><W7/><G119/><T127/><D69/><U47/><E47/><V3/><F3/><W110/><G135/><T128/><D107/><N who="1" m="63919" /><E91/><V94/><F94/><W13/><G110/><T95/><D111/><U42/><E42/><V112/><F112/><W26/><G26/><T54/><D132/><U4/><E4/><V68/><F68/><W115/><G115/><T77/><D126/><U79/><E79/><V25/><F2/><W30/><G30/><T103/><D127/><U100/><E100/><V113/><F113/><W49/><G49/><T98/><D86/><U117/><E117/><V88/><F78/><W16/><G57/><T116/><D77/><U59/><E59/><V74/><F10/><N who="3" m="6199" /><G35/><T62/><D62/><U48/><E48/><V45/><REACH who="2" step="1"/><F43/><REACH who="2" ten="250,250,240,250" step="2"/><W90/><G32/><AGARI ba="0,1" hai="17,20,25,27,28,32,44,45,72,73,74,81,85,88" machi="32" ten="40,5200,0" yaku="1,1,2,1,54,1,53,0" doraHai="55" doraHaiUra="33" who="2" fromWho="3" sc="250,0,250,0,240,62,250,-52" /><INIT seed="1,0,0,1,5,65" ten="250,250,302,198" oya="1" hai0="17,73,6,128,61,3,36,4,107,133,31,27,25" hai1="81,41,93,135,122,74,67,53,0,130,86,119,69" hai2="116,108,134,85,106,14,100,18,51,46,11,87,89" hai3="35,71,49,123,57,15,96,66,80,8,125,21,68"/><U54/><E122/><V78/><F116/><W117/><G35/><T29/><D73/><U56/><E119/><V59/><F108/><W97/><G123/><T7/><D107/><U112/><E112/><V47/><F134/><W12/><G117/><T24/><D36/><U19/><E0/><V101/><F106/><W98/><G125/><T121/><D121/><U127/><E74/><V28/><F28/><N who="0" m="10826" /><D61/><U43/><E127/><V20/><F78/><W26/><G80/><T82/><D82/><U104/><E104/><V114/><F114/><W62/><G49/><T132/><D128/><U55/><E130/><V102/><F85/><W30/><REACH who="3" step="1"/><G15/><REACH who="3" ten="250,250,302,188" step="2"/><T34/><D34/><U110/><E110/><V99/><F51/><W76/><G76/><T83/><D83/><U23/><E135/><N who="0" m="51785" /><D3/><U103/><E81/><V72/><F14/><W37/><G37/><T22/><AGARI ba="0,1" hai="4,6,7,17,22,24,25,27" m="51785,10826" machi="22" ten="40,5200,0" yaku="20,1,34,2" doraHai="65" who="0" fromWho="0" sc="250,62,250,-26,302,-13,188,-13" /><INIT seed="2,0,0,1,3,38" ten="312,224,289,175" oya="2" hai0="135,45,65,67,108,106,107,103,5,63,68,82,71" hai1="86,2,132,36,21,40,75,22,116,10,121,44,53" hai2="56,123,37,47,62,20,4,74,55,51,105,52,42" hai3="77,117,89,122,90,69,30,81,14,87,73,95,49"/><V27/><F123/><W60/><G117/><T84/><D108/><U113/><E116/><V88/><F105/><W91/><G122/><T127/><D127/><U57/><E121/><V9/><F74/><W112/><G112/><T28/><D135/><U15/><E113/><V76/><F76/><W126/><G126/><T34/><D5/><U54/><E132/><V16/><F88/><W85/><G30/><T94/><D94/><U7/><E75/><V80/><F80/><W61/><G69/><T41/><D28/><U119/><E119/><V92/><F92/><W32/><G32/><T59/><D34/><U17/><E86/><V109/><F109/><W33/><G33/><T79/><D103/><U3/><E22/><V120/><F120/><W115/><G115/><T93/><D93/><U50/><REACH who="1" step="1"/><E54/><REACH who="1" ten="312,214,289,175" step="2"/><V25/><F25/><AGARI ba="0,1" hai="2,3,7,10,15,17,21,25,36,40,44,50,53,57" machi="25" ten="30,12000,2" yaku="1,1,2,1,7,1,52,1,53,2" doraHai="38" doraHaiUra="35" who="1" fromWho="2" sc="312,0,214,130,289,-120,175,0" /><INIT seed="3,0,0,3,2,69" ten="312,344,169,175" oya="3" hai0="19,128,78,76,4,130,5,27,89,98,6,24,75" hai1="129,95,51,37,49,64,104,114,22,21,109,53,68" hai2="10,83,38,116,96,80,77,118,39,62,82,135,61" hai3="103,15,2,57,28,71,111,60,17,56,0,99,13"/><W131/><G131/><N who="0" m="50219" /><D75/><U18/><E109/><V43/><F43/><W101/><G111/><T46/><D19/><U74/><E129/><V91/><F10/><W126/><G126/><T48/><D89/><U115/><E51/><V35/><F35/><W102/><G28/><T44/><D98/><U127/><E104/><V92/><F77/><N who="0" m="29802" /><D48/><U113/><E74/><V58/><F135/><W85/><G99/><T122/><D122/><U121/><E121/><V133/><F133/><W47/><G85/><T11/><D11/><U134/><E134/><V119/><REACH who="2" step="1"/><F62/><REACH who="2" ten="312,344,159,175" step="2"/><W42/><G60/><T93/><D93/><U117/><E95/><V124/><F124/><W1/><G71/><T70/><D70/><U79/><E68/><V23/><F23/><W20/><REACH who="3" step="1"/><G15/><REACH who="3" ten="312,344,159,165" step="2"/><T94/><D94/><U36/><E127/><V123/><F123/><W8/><G8/><T66/><D66/><AGARI ba="0,2" hai="38,39,58,61,66,80,82,83,91,92,96,116,118,119" machi="66" ten="50,6400,0" yaku="1,1,52,2,53,0" doraHai="69" doraHaiUra="45" who="2" fromWho="0" sc="312,-64,344,0,159,84,165,0" owari="248,4.8,344,44.4,243,-15.7,165,-33.5" /></mjloggm>