<mjloggm ver="2.3"><GO type="225" lobby="0"/><UN n0="%E6%A1%9C%E8%8A%B1%E9%96%83%E3%80%85" n1="%E3%81%B5%E3%81%98%E3%81%8B%E3%81%A4" n2="%E6%B8%A9%E2%98%85%E6%83%85%E2%98%85%E6%8E%AA%E2%98%85%E7%BD%AE" n3="%E6%B0%B7%E5%B7%9D%E9%87%8C%E5%A5%88" dan="16,16,18,16" rate="2157.70,2176.44,2233.70,2086.49" sx="M,M,M,F"/><TAIKYOKU oya="0"/><INIT seed="0,0,0,5,0,81" ten="250,250,250,250" oya="0" hai0="85,78,70,35,61,119,109,8,4,108,39,5,55" hai1="52,21,131,57,38,98,41,6,30,112,120,99,14" hai2="125,36,27,118,58,84,111,92,63,19,54,49,86" hai3="97,130,22,90,0,115,95,116,67,76,134,114,107"/><T77/><D119/><U23/><E120/><V72/><F72/><W20/><G116/><T43/><D35/><U94/><E131/><V29/><F36/><W15/><G0/><T50/><D39/><U71/><E71/><V12/><F118/><W66/><G130/><T100/><D100/><U113/><E38/><V2/><F2/><W79/><G107/><T51/><D43/><U91/><E41/><V73/><F73/><W101/><G134/><T17/><D17/><U59/><E6/><N who="0" m="2665" /><D8/><U31/><E14/><V124/><F111/><N who="0" m="42570" /><D55/><U40/><E40/><V33/><F125/><W7/><G114/><N who="1" m="44138" /><E99/><V105/><F124/><W93/><G115/><T74/><D74/><U26/><E59/><V9/><F105/><W18/><G7/><T32/><D32/><N who="1" m="20567" /><E31/><V75/><F75/><W89/><G22/><T80/><D78/><N who="3" m="29737" /><G101/><T106/><D106/><U3/><E3/><V28/><F28/><W123/><G123/><T68/><D68/><U82/><E82/><V88/><F63/><AGARI ba="0,0" hai="21,23,52,57,63,91,94,98" m="20567,44138" machi="63" ten="30,2000,0" yaku="11,1,54,1" doraHai="81" who="1" fromWho="2" sc="250,0,250,20,250,-20,250,0" /><INIT seed="1,0,0,5,3,82" ten="250,270,230,250" oya="1" hai0="29,110,98,6,125,32,65,63,121,128,14,44,10" hai1="74,60,87,49,51,16,79,72,116,21,2,3,92" hai2="111,127,100,122,7,64,80,12,28,13,33,83,104" hai3="96,109,35,124,132,117,133,68,26,119,71,95,112"/><U77/><E116/><N who="3" m="44618" /><G112/><T42/><D110/><U50/><E60/><V94/><F122/><W18/><G109/><T103/><D125/><U24/><E77/><V113/><F111/><W129/><G124/><T27/><D128/><U25/><E25/><V84/><F127/><W1/><G1/><T52/><D121/><U59/><E59/><V54/><F113/><W66/><G129/><T8/><D8/><U62/><E62/><V105/><F105/><W88/><G66/><T36/><D52/><U23/><E23/><V86/><F104/><W34/><G18/><T135/><D135/><N who="3" m="51785" /><G26/><T130/><D130/><U131/><E131/><V114/><F114/><W20/><G20/><T31/><D31/><U45/><E45/><V47/><F64/><W89/><G89/><T97/><REACH who="0" step="1"/><D103/><REACH who="0" ten="240,270,230,250" step="2"/><U56/><E2/><V102/><F28/><W61/><G61/><T41/><D41/><U108/><E3/><V22/><F54/><W5/><G5/><T30/><D30/><U107/><E108/><V9/><F7/><W69/><AGARI ba="0,1" hai="34,35,68,69,71,88,95,96" m="51785,44618" machi="69" ten="40,5200,0" yaku="12,1,20,1,54,1" doraHai="82" who="3" fromWho="3" sc="240,-13,270,-26,230,-13,250,62" /><INIT seed="2,0,0,4,0,30" ten="227,244,217,312" oya="2" hai0="22,45,80,19,106,99,15,64,55,128,63,132,115" hai1="24,100,79,131,109,94,89,134,54,3,42,83,125" hai2="65,50,44,36,78,95,61,58,6,37,7,130,1" hai3="110,88,57,119,43,90,59,26,68,18,25,32,75"/><V53/><F130/><W93/><G119/><T123/><D123/><U9/><E131/><V39/><F1/><W4/><G68/><T13/><D128/><U56/><E42/><V87/><REACH who="2" step="1"/><F95/><REACH who="2" ten="227,244,207,312" step="2"/><W49/><G93/><T11/><D115/><U73/><E3/><V107/><F107/><W135/><G135/><T10/><D132/><U14/><E134/><V28/><F28/><W103/><G110/><T82/><D106/><U20/><E94/><V40/><F40/><W76/><G43/><T96/><D96/><U97/><E97/><V2/><F2/><W21/><G103/><T48/><D99/><U117/><E100/><V72/><F72/><W31/><G75/><T85/><D85/><N who="1" m="48383" /><E117/><V77/><F77/><W29/><G76/><T118/><D118/><U70/><E109/><V84/><F84/><W108/><G108/><T17/><REACH who="0" step="1"/><D22/><REACH who="0" ten="217,244,207,312" step="2"/><U102/><E20/><V126/><F126/><W74/><G21/><T8/><D8/><U33/><E9/><V81/><AGARI ba="0,2" hai="6,7,36,37,39,44,50,53,58,61,65,78,81,87" machi="81" ten="40,3900,0" yaku="1,1,0,1,53,0" doraHai="30" doraHaiUra="35" who="2" fromWho="2" sc="217,-13,244,-13,207,59,312,-13" /><INIT seed="2,1,0,3,4,50" ten="204,231,266,299" oya="2" hai0="57,52,135,30,93,37,97,89,14,116,81,75,78" hai1="94,107,68,110,70,49,1,67,48,43,21,102,125" hai2="62,44,126,55,99,111,82,71,2,104,119,132,80" hai3="96,100,79,76,120,19,12,18,64,128,4,31,25"/><V72/><F119/><W95/><G120/><T20/><D135/><U115/><E115/><V17/><F2/><W33/><G128/><T66/><D116/><U87/><E1/><V84/><F72/><W51/><G64/><T16/><D37/><U54/><E107/><V5/><F5/><W26/><G4/><T39/><D39/><U85/><E110/><V34/><F34/><W91/><G19/><T127/><D127/><U73/><E73/><V32/><F32/><W42/><G25/><T8/><D66/><U98/><E67/><V45/><F71/><W29/><G29/><T53/><REACH who="0" step="1"/><D57/><REACH who="0" ten="194,231,266,299" step="2"/><U133/><E125/><V13/><F126/><W24/><G33/><T118/><D118/><U108/><E108/><V124/><F111/><W35/><G35/><T112/><D112/><U134/><E68/><V69/><F69/><W129/><G129/><T61/><D61/><U77/><E70/><V131/><F62/><W88/><G31/><T86/><D86/><U103/><E87/><V10/><F84/><W23/><G51/><T113/><D113/><U117/><E117/><V123/><F131/><W92/><G96/><T109/><D109/><U90/><E134/><V74/><F132/><W9/><G79/><T65/><D65/><U6/><E133/><V38/><F124/><W56/><G76/><T60/><D60/><U106/><E77/><V47/><F74/><W114/><G114/><T105/><D105/><U27/><E106/><V11/><F38/><W46/><G56/><T41/><D41/><U28/><E43/><V101/><F104/><W22/><G42/><RYUUKYOKU ba="1,1" sc="194,30,231,-10,266,-10,299,-10" hai0="8,14,16,20,30,52,53,75,78,81,89,93,97" /><INIT seed="3,2,1,0,5,65" ten="224,221,256,289" oya="3" hai0="39,101,38,121,35,54,20,130,98,61,77,57,112" hai1="31,59,53,41,73,5,97,68,72,33,102,26,105" hai2="127,2,96,22,129,133,43,134,45,110,7,17,115" hai3="82,135,120,108,51,75,42,8,89,87,49,76,104"/><W62/><G120/><T106/><D121/><U21/><E5/><V69/><F115/><W84/><G104/><T0/><D35/><U92/><E41/><V27/><F110/><W124/><G108/><T15/><D0/><U37/><E37/><V9/><F129/><W67/><G135/><N who="2" m="51721" /><F96/><W12/><G124/><T52/><D130/><U28/><E68/><V32/><F127/><W107/><G107/><T47/><D77/><U125/><E125/><V118/><F118/><W36/><G36/><T30/><D112/><U66/><E66/><V85/><F85/><W88/><G75/><T93/><D106/><U116/><E116/><V50/><F32/><W58/><G42/><T132/><D132/><U79/><E79/><V34/><F34/><W94/><G76/><T44/><D39/><U16/><E105/><V78/><F78/><W113/><G113/><T128/><D128/><U55/><E31/><V111/><F111/><W131/><G131/><T122/><D122/><U103/><E103/><V109/><F109/><W117/><G117/><T40/><D15/><U29/><E29/><V19/><F17/><AGARI ba="2,1" hai="8,12,17,49,51,58,62,67,82,84,87,88,89,94" machi="17" ten="30,5800,0" yaku="7,1,8,1,54,1" doraHai="65" who="3" fromWho="2" sc="224,0,221,0,256,-64,289,74" owari="224,2.4,221,-17.9,192,-30.8,363,46.3" /></mjloggm>