<mjloggm ver="2.3"><GO type="225" lobby="0"/><UN n0="%E3%81%A1%E3%82%85%E3%81%86%E3%81%A9%E3%81%8F%E8%B1%A1%E3%81%95%E3%82%93" n1="%72%61%6B%33" n2="%E8%81%B7%E6%A5%AD%E3%80%81%E9%A2%A8%32" n3="%61%69%73%79%6F" dan="16,17,16,17" rate="2124.88,2214.10,2124.48,2130.03" sx="M,M,M,M"/><TAIKYOKU oya="0"/><INIT seed="0,0,0,1,2,130" ten="250,250,250,250" oya="0" hai0="131,0,104,126,22,91,10,6,12,79,42,43,50" hai1="123,3,45,44,109,33,52,55,19,66,82,75,122" hai2="29,81,124,115,35,8,2,7,57,86,16,4,101" hai3="28,74,54,133,59,21,11,116,47,26,96,25,46"/><T110/><D104/><U100/><E33/><V65/><F115/><W78/><G116/><T5/><D131/><U127/><E3/><V53/><F124/><W20/><G74/><T34/><D34/><U89/><E75/><V88/><F101/><W23/><G78/><T105/><D105/><U98/><E66/><V64/><F35/><W9/><G21/><T128/><D128/><U112/><E127/><V125/><F125/><W132/><G96/><T18/><D126/><U71/><E71/><V118/><F118/><W31/><G59/><T36/><D36/><U93/><E109/><V49/><F29/><W1/><G54/><T69/><D69/><U129/><E129/><V111/><F111/><W108/><G108/><T17/><D79/><U107/><E112/><V97/><F97/><W14/><G14/><N who="0" m="9527" /><D0/><AGARI ba="0,0" hai="0,1,9,11,20,23,25,26,28,31,46,47,132,133" machi="0" ten="25,6400,0" yaku="22,2,52,2" doraHai="130" who="3" fromWho="0" sc="250,-64,250,0,250,0,250,64" /><INIT seed="1,0,0,0,1,32" ten="186,250,250,314" oya="1" hai0="87,55,107,124,115,18,38,93,28,123,69,47,1" hai1="34,62,33,86,68,70,46,67,99,81,6,78,83" hai2="14,90,121,63,21,129,130,40,29,31,22,51,2" hai3="11,111,56,127,3,35,88,126,52,110,53,134,89"/><U75/><E70/><V37/><F121/><W58/><G35/><T85/><D115/><U44/><E99/><V45/><F2/><W97/><G134/><T8/><D107/><U125/><E125/><N who="3" m="47626" /><G56/><T17/><D124/><U79/><E44/><N who="2" m="23567" /><F90/><N who="3" m="34923" /><G97/><T82/><D69/><U16/><E6/><V104/><F104/><W119/><G119/><T10/><D28/><N who="2" m="10826" /><F63/><N who="3" m="36295" /><G53/><T48/><D123/><U13/><REACH who="1" step="1"/><E46/><REACH who="1" ten="186,240,250,314" step="2"/><V41/><F45/><W131/><G131/><T133/><D47/><U43/><E43/><V77/><F41/><W116/><G116/><T132/><D133/><U30/><E30/><V98/><F129/><W36/><G36/><T23/><D38/><U112/><E112/><V72/><F98/><W106/><G106/><T118/><D132/><U128/><E128/><V100/><F130/><W15/><G3/><T73/><D1/><U54/><E54/><V57/><F57/><W113/><G113/><T91/><D55/><U95/><E95/><V105/><F105/><W61/><G61/><T80/><D93/><U5/><E5/><AGARI ba="0,1" hai="5,11,15,110,111" m="36295,34923,47626" machi="5" ten="30,3900,0" yaku="18,1,54,2" doraHai="32" who="3" fromWho="1" sc="186,0,240,-39,250,0,314,49" /><INIT seed="2,0,0,1,1,0" ten="186,201,250,363" oya="2" hai0="61,66,99,24,49,12,18,107,122,76,91,93,21" hai1="119,29,34,72,131,1,95,135,127,63,8,109,65" hai2="108,82,40,23,92,106,112,51,45,75,100,16,19" hai3="101,126,87,77,120,50,31,69,6,103,71,134,30"/><V2/><F112/><W3/><G120/><T53/><D122/><U27/><E119/><V128/><F106/><W41/><G126/><T73/><D107/><U57/><E127/><V39/><F2/><W70/><G134/><T42/><D73/><U26/><E135/><V118/><F128/><W13/><G3/><T59/><D76/><U98/><E131/><V58/><F108/><W104/><G104/><T48/><D42/><U9/><E109/><V124/><F118/><W83/><G31/><T20/><REACH who="0" step="1"/><D66/><REACH who="0" ten="176,201,250,363" step="2"/><U28/><E72/><V132/><F75/><W35/><G41/><T129/><D129/><U74/><E74/><V79/><F40/><W110/><G77/><T114/><D114/><U125/><E125/><V111/><F79/><W22/><G110/><T105/><D105/><U32/><REACH who="1" step="1"/><E1/><REACH who="1" ten="176,191,250,363" step="2"/><V56/><F111/><W15/><G71/><T37/><D37/><U113/><E113/><V102/><F39/><W85/><G70/><T84/><D84/><U78/><E78/><V80/><F124/><W14/><G69/><T90/><D90/><AGARI ba="0,2" hai="8,9,26,27,28,29,32,34,57,63,65,90,95,98" machi="90" ten="30,7700,0" yaku="1,1,7,1,9,1,53,1" doraHai="0" doraHaiUra="94" who="1" fromWho="0" sc="176,-77,191,97,250,0,363,0" /><INIT seed="3,0,0,2,2,99" ten="99,288,250,363" oya="3" hai0="31,75,79,46,59,33,70,40,3,57,93,113,88" hai1="30,11,111,21,68,47,134,106,103,15,76,112,67" hai2="97,127,87,6,71,132,73,72,7,124,126,85,8" hai3="135,23,82,53,44,22,84,101,18,66,58,78,62"/><W109/><G135/><T42/><D70/><U102/><E112/><V118/><F71/><W52/><G109/><T129/><D113/><U94/><E106/><V24/><F24/><W25/><G101/><N who="1" m="38410" /><E68/><V36/><F97/><W117/><G117/><T98/><D31/><U49/><E111/><V130/><F36/><W123/><G123/><T74/><D33/><U60/><E134/><V110/><F110/><W2/><G2/><T45/><D129/><U105/><E105/><V17/><F132/><W120/><G120/><T55/><D3/><U81/><E94/><V90/><F90/><W10/><G10/><T64/><D79/><U54/><E60/><V104/><F104/><W19/><G44/><T35/><D35/><U100/><N who="1" m="38418" /><U5/><DORA hai="122" /><E67/><V86/><F130/><W133/><G133/><T14/><D14/><AGARI ba="0,0" hai="14,18,19,22,23,25,52,53,58,62,66,78,82,84" machi="14" ten="30,5800,0" yaku="7,1,8,1,54,1" doraHai="99,122" who="3" fromWho="0" sc="99,-58,288,0,250,0,363,58" owari="41,-45.9,288,8.8,250,-15.0,421,52.1" /></mjloggm>