<mjloggm ver="2.3"><GO type="225" lobby="0"/><UN n0="%E3%83%88%E3%83%A9%E3%83%9E%E3%83%AB" n1="%E3%82%BC%E3%83%AB%E3%83%80%E3%81%AE%E4%BC%9D%E8%AA%AC" n2="%E5%B8%86%E7%AB%8B%E5%A4%8F%E8%A1%A3" n3="%63%68%78%62%64" dan="16,17,16,16" rate="2103.60,2246.15,2118.52,2134.60" sx="M,M,M,M"/><TAIKYOKU oya="0"/><INIT seed="0,0,0,1,5,96" ten="250,250,250,250" oya="0" hai0="123,63,61,100,110,20,85,111,67,9,122,68,120" hai1="84,121,125,15,5,37,127,91,48,90,30,81,101" hai2="26,13,57,103,12,22,75,74,45,0,134,112,51" hai3="92,135,49,71,16,4,56,98,44,31,87,70,86"/><T1/><D20/><U105/><E37/><V124/><F112/><W50/><G135/><T116/><D85/><N who="1" m="50479" /><E30/><V99/><F134/><W14/><G31/><T58/><D1/><U54/><E5/><V34/><F124/><N who="1" m="47689" /><E15/><V35/><F0/><W3/><G3/><T118/><D9/><U102/><E105/><V94/><F35/><W40/><G4/><T97/><D97/><U27/><E27/><V7/><F34/><W28/><G28/><T128/><D100/><N who="1" m="38507" /><E121/><V59/><F7/><W126/><G126/><T89/><D89/><U55/><E48/><V72/><F13/><W18/><G14/><T78/><D78/><U53/><E53/><V95/><F12/><W33/><G50/><T65/><D128/><U104/><E104/><V108/><F22/><W42/><G49/><T80/><D80/><AGARI ba="0,0" hai="54,55,80,84,91" m="38507,47689,50479" machi="80" ten="30,7700,0" yaku="18,1,52,3" doraHai="96" who="1" fromWho="0" sc="250,-77,250,77,250,0,250,0" /><INIT seed="1,0,0,2,3,82" ten="173,327,250,250" oya="1" hai0="103,94,119,20,50,41,43,16,23,125,79,69,77" hai1="60,108,51,131,97,112,102,101,124,31,84,8,107" hai2="35,45,24,4,11,13,88,115,44,70,113,15,0" hai3="67,118,30,110,81,73,114,99,135,134,83,29,111"/><U27/><E112/><N who="2" m="43083" /><F70/><W87/><G114/><T117/><D69/><U12/><E124/><V95/><F35/><W37/><G37/><T3/><D3/><U17/><E131/><V19/><F24/><W2/><G2/><T71/><D71/><U32/><E108/><N who="3" m="41514" /><G67/><T76/><D125/><U52/><E102/><V104/><F104/><W5/><G5/><T34/><D34/><U6/><E60/><V85/><F0/><W42/><G42/><T62/><D62/><U93/><E6/><V96/><F96/><W48/><G48/><T72/><D23/><AGARI ba="0,0" hai="4,11,13,15,19,23,44,45,85,88,95" m="43083" machi="23" ten="30,3900,0" yaku="11,1,52,1,54,1" doraHai="82" who="2" fromWho="0" sc="173,-39,327,0,250,39,250,0" /><INIT seed="2,0,0,5,4,90" ten="134,327,289,250" oya="2" hai0="19,112,111,8,77,5,54,13,4,132,28,96,2" hai1="45,55,70,82,10,41,119,12,15,97,35,56,117" hai2="102,68,72,31,88,37,14,124,22,121,69,50,109" hai3="107,3,27,61,94,86,42,79,93,60,133,24,32"/><V91/><F37/><W99/><G107/><T1/><D77/><U123/><E35/><V20/><F121/><W106/><G3/><T95/><D111/><U18/><E123/><V92/><F72/><W34/><G133/><T26/><D132/><U67/><E82/><V113/><F113/><W21/><G34/><T64/><D112/><U130/><E130/><V62/><F124/><W108/><G106/><T74/><D74/><U134/><E134/><V36/><F36/><W110/><G42/><T101/><D54/><U0/><E0/><V135/><F135/><W127/><G127/><T129/><D129/><U78/><E78/><V51/><F109/><N who="3" m="42091" /><G32/><T100/><D100/><U122/><E122/><V116/><F116/><W16/><G27/><T125/><D125/><U80/><E15/><V39/><F39/><W6/><G6/><T84/><D2/><U47/><E41/><V9/><F69/><W104/><G104/><T115/><D1/><U73/><E70/><V75/><F68/><W52/><G52/><T105/><D115/><U33/><E67/><V98/><F75/><W46/><G46/><T118/><D118/><U11/><E45/><V40/><F62/><N who="3" m="24171" /><G99/><T7/><D64/><U25/><E97/><V29/><F29/><W17/><G17/><T30/><REACH who="0" step="1"/><D26/><REACH who="0" ten="124,327,289,250" step="2"/><U48/><E25/><N who="2" m="16807" /><F40/><W63/><G63/><T38/><D38/><U114/><E114/><V81/><F102/><W76/><G76/><T59/><D59/><U44/><E117/><V87/><F22/><W71/><G71/><T43/><D43/><N who="1" m="24607" /><E119/><V103/><F103/><W85/><G79/><RYUUKYOKU ba="0,1" sc="124,10,327,-30,289,10,250,10" hai0="4,5,7,8,13,19,28,30,84,95,96,101,105" hai2="9,14,50,51,81,87,88,91,92,98" hai3="16,21,24,85,86,93,94" /><INIT seed="2,1,1,3,4,7" ten="134,297,299,260" oya="2" hai0="100,129,74,59,10,3,112,31,67,26,70,73,62" hai1="47,11,22,30,92,52,38,118,71,122,99,20,54" hai2="127,128,98,57,116,24,1,83,90,132,87,105,46" hai3="121,126,135,109,45,23,78,76,6,58,125,60,5"/><V111/><F116/><W65/><G121/><T9/><D112/><U37/><E118/><V134/><F1/><W79/><G109/><T88/><D3/><U130/><E71/><V4/><F4/><W64/><G135/><N who="2" m="51753" /><F127/><N who="3" m="48651" /><G64/><T21/><D129/><U63/><E130/><V96/><F128/><W16/><G45/><T25/><D70/><U82/><E122/><V12/><F12/><AGARI ba="1,1" hai="5,6,12,16,23,58,60,65,76,78,79" m="48651" machi="12" ten="30,2000,0" yaku="18,1,54,1" doraHai="7" who="3" fromWho="2" sc="134,0,297,0,299,-23,260,33" /><INIT seed="3,0,0,4,5,53" ten="134,297,276,293" oya="3" hai0="36,100,120,31,65,2,41,110,91,33,16,124,4" hai1="98,128,129,71,38,62,29,22,130,12,49,54,69" hai2="61,56,19,121,108,37,135,59,60,132,18,96,104" hai3="25,7,122,57,78,17,116,114,24,90,50,103,6"/><W51/><G116/><T102/><D120/><U73/><E38/><V79/><F37/><W101/><G122/><T23/><D110/><U52/><E73/><V5/><F5/><N who="3" m="1547" /><G78/><T30/><D124/><U55/><E98/><V13/><F79/><W89/><G114/><T107/><D33/><U88/><E88/><N who="3" m="33898" /><G17/><T83/><D41/><U21/><E49/><N who="3" m="18442" /><G57/><N who="2" m="22089" /><F108/><W118/><G118/><T123/><D36/><U74/><E74/><V99/><F121/><W106/><G106/><T66/><D123/><U112/><E112/><V125/><F125/><W77/><G77/><T81/><D4/><U27/><E62/><N who="2" m="24171" /><F104/><W75/><G75/><T126/><D126/><U85/><E85/><V111/><F111/><W68/><G68/><T42/><D42/><U39/><E39/><V84/><F84/><W63/><G63/><T8/><D2/><U95/><E71/><V67/><F67/><N who="0" m="25610" /><D107/><U105/><E69/><V0/><F0/><W9/><G9/><T35/><D8/><U43/><E43/><V58/><F58/><W76/><G76/><T10/><D10/><U97/><E105/><V45/><F45/><W80/><G80/><N who="0" m="30795" /><D91/><N who="1" m="55551" /><E54/><V115/><F115/><W26/><AGARI ba="0,0" hai="24,25,26,101,103" m="18442,33898,1547" machi="26" ten="40,12000,1" yaku="28,2,8,1,54,1" doraHai="53" who="3" fromWho="3" sc="134,-40,297,-40,276,-40,293,120" owari="94,-40.6,257,5.7,236,-16.4,413,51.3" /></mjloggm>