<mjloggm ver="2.3"><GO type="225" lobby="0"/><UN n0="%E3%81%AF%E3%82%88%E3%81%8A%E3%81%98%E3%81%95%E3%82%93" n1="%E6%97%A5%E6%9B%9C%E6%97%A5%E3%82%88%E3%82%8A%E3%81%AE%E4%BD%BF%E8%80%85" n2="%E7%B4%94%E6%BD%94%E3%83%94%E3%83%A9%E3%83%8B%E3%82%A2" n3="%E3%81%A4%E3%81%A3%E3%81%B1%E3%82%8A%E3%83%9D%E3%83%BC%E3%83%AB" dan="17,16,16,16" rate="2178.12,2093.72,2149.31,2169.71" sx="M,M,M,M"/><TAIKYOKU oya="0"/><INIT seed="0,0,0,2,0,53" ten="250,250,250,250" oya="0" hai0="71,104,83,106,54,31,45,16,17,14,119,12,102" hai1="34,19,41,13,115,38,10,99,70,40,3,51,1" hai2="112,120,26,84,46,18,81,89,135,117,33,91,95" hai3="7,36,87,58,80,107,125,11,123,27,116,0,23"/><T52/><D119/><U50/><E70/><V25/><F120/><W21/><G116/><T8/><D71/><U94/><E34/><V44/><F112/><W4/><G123/><T47/><D31/><U93/><E115/><V48/><F135/><W129/><G36/><T76/><D102/><U111/><E111/><V64/><F33/><W78/><G125/><T124/><D124/><U56/><E38/><V88/><F117/><W24/><G107/><T2/><D2/><U132/><E132/><V20/><F64/><W128/><G7/><T103/><D103/><U15/><E10/><V118/><F118/><W43/><G43/><T79/><D8/><U92/><E92/><V98/><F26/><W60/><G23/><T127/><D127/><U35/><E35/><V113/><F113/><W85/><G85/><T37/><D37/><U97/><REACH who="1" step="1"/><E19/><REACH who="1" ten="250,240,250,250" step="2"/><V68/><F68/><W62/><G21/><T22/><D22/><U39/><E39/><V69/><F69/><W9/><G9/><T5/><D83/><U110/><E110/><V96/><F48/><W66/><REACH who="3" step="1"/><G62/><REACH who="3" ten="250,240,250,240" step="2"/><T75/><D5/><U82/><E82/><V126/><F126/><W42/><G42/><T29/><D29/><U57/><AGARI ba="0,2" hai="1,3,13,15,40,41,50,51,56,57,93,94,97,99" machi="57" ten="25,12000,2" yaku="1,1,0,1,22,2,52,2,53,0" doraHai="53" doraHaiUra="114" who="1" fromWho="1" sc="250,-60,240,140,250,-30,240,-30" /><INIT seed="1,0,0,3,1,3" ten="190,380,220,210" oya="1" hai0="53,109,84,85,8,26,76,35,45,72,80,89,42" hai1="48,24,127,19,25,88,65,102,36,50,9,119,46" hai2="82,74,33,129,117,38,30,57,43,110,58,73,40" hai3="60,107,130,0,93,125,122,79,69,105,116,6,47"/><U59/><E119/><V27/><F117/><W96/><G122/><T94/><D109/><U29/><E127/><V56/><F110/><W99/><G116/><T100/><D100/><U4/><E102/><V90/><F129/><W133/><G130/><T10/><D53/><U37/><E37/><V61/><F61/><W77/><G125/><T20/><D35/><U123/><E36/><V101/><F101/><W120/><G120/><T111/><D72/><U70/><E70/><V5/><F38/><W131/><G131/><T81/><D94/><U114/><E114/><V39/><F39/><W63/><G69/><T62/><D62/><N who="3" m="23593" /><G47/><T22/><D111/><U17/><E65/><V44/><F44/><W7/><G93/><T34/><D34/><U31/><E46/><V54/><F54/><W23/><G23/><T64/><D64/><U103/><E103/><V66/><F66/><W15/><G15/><T98/><D98/><N who="3" m="37417" /><G0/><T67/><D67/><U41/><E59/><V97/><F58/><W87/><G87/><T132/><D132/><U118/><E48/><V75/><F57/><W126/><G126/><T1/><D1/><U83/><E50/><V128/><F56/><W49/><G49/><N who="0" m="26807" /><D20/><N who="1" m="13327" /><E41/><V104/><F128/><W106/><G133/><T52/><D52/><U121/><E118/><V86/><F97/><W134/><G134/><T113/><D113/><U108/><E123/><V124/><F124/><W68/><G68/><T55/><D55/><U28/><E121/><V14/><F104/><W95/><G95/><T16/><AGARI ba="0,0" hai="8,10,16,22,26,76,80,81,84,85,89" m="26807" machi="16" ten="30,2000,0" yaku="8,1,54,1" doraHai="3" who="0" fromWho="0" sc="190,20,380,-10,220,-5,210,-5" /><INIT seed="2,0,0,0,1,127" ten="210,370,215,205" oya="2" hai0="9,11,99,45,71,106,108,48,132,17,82,97,130" hai1="128,120,33,63,65,64,81,34,59,90,38,62,74" hai2="55,83,84,68,87,43,44,95,121,56,79,21,104" hai3="85,123,72,37,67,80,4,101,66,88,124,117,118"/><V46/><F104/><W102/><G37/><T31/><D71/><U135/><E38/><V107/><F107/><W70/><G70/><T54/><D108/><U131/><E135/><V100/><F68/><W41/><G41/><T2/><D132/><U20/><E20/><V76/><F121/><W35/><G35/><T8/><D2/><U57/><E120/><V75/><F43/><W24/><G4/><T26/><D106/><U25/><E25/><V19/><F75/><W103/><G123/><T14/><D130/><N who="1" m="49707" /><E90/><N who="2" m="53703" /><F79/><AGARI ba="0,0" hai="33,34,57,59,62,63,64,65,74,79,81" m="49707" machi="79" ten="30,7700,0" yaku="19,1,52,3" doraHai="127" who="1" fromWho="2" sc="210,0,370,77,215,-77,205,0" /><INIT seed="3,0,0,4,0,21" ten="210,447,138,205" oya="3" hai0="84,103,81,86,97,43,67,85,105,96,52,123,102" hai1="91,19,106,4,68,42,134,133,17,38,99,10,40" hai2="29,69,127,118,131,12,107,78,114,110,65,2,79" hai3="60,51,70,61,26,122,55,89,112,100,129,77,35"/><W3/><G122/><T50/><D123/><U14/><E68/><V39/><RYUUKYOKU type="yao9" ba="0,0" sc="210,0,447,0,138,0,205,0" hai2="2,12,29,39,65,69,78,79,107,110,114,118,127,131" /><INIT seed="3,1,0,4,5,68" ten="210,447,138,205" oya="3" hai0="69,5,59,123,43,24,65,48,131,25,121,92,119" hai1="82,74,81,102,98,23,28,47,95,96,110,58,122" hai2="37,63,135,61,29,72,26,84,109,7,11,60,88" hai3="30,99,104,39,17,89,116,20,45,97,78,87,86"/><W12/><G116/><T113/><D119/><U100/><E122/><V32/><F72/><W42/><G30/><T117/><D117/><U125/><E110/><V35/><F109/><W105/><G78/><T93/><D131/><U34/><E34/><V6/><F135/><W73/><G73/><T130/><D130/><U103/><E125/><V50/><F32/><W80/><REACH who="3" step="1"/><G87/><REACH who="3" ten="210,447,138,195" step="2"/><T128/><D128/><U106/><E74/><V49/><F37/><W14/><G14/><T66/><D123/><U13/><E13/><V64/><F64/><W134/><G134/><T53/><D121/><U3/><E28/><V33/><F33/><W91/><G91/><T132/><D132/><U2/><E2/><V52/><F11/><W111/><G111/><T101/><D66/><U16/><E3/><V70/><F70/><W36/><G36/><T4/><D65/><U38/><E38/><V19/><F19/><W40/><G40/><T62/><D43/><U133/><E133/><V112/><F112/><W44/><G44/><T75/><D113/><U1/><E1/><V57/><REACH who="2" step="1"/><F50/><REACH who="2" ten="210,447,128,195" step="2"/><W41/><G41/><T21/><D48/><U9/><E47/><V56/><F56/><W71/><G71/><T67/><D75/><U46/><E46/><V76/><F76/><W15/><G15/><T115/><D115/><U54/><E58/><V27/><F27/><W18/><G18/><N who="0" m="12343" /><D25/><U118/><E16/><V126/><F126/><W10/><G10/><T124/><D124/><U31/><E9/><V94/><AGARI ba="1,2" hai="6,7,26,29,35,49,52,57,60,61,63,84,88,94" machi="94" ten="30,7900,0" yaku="1,1,0,1,54,2,53,0" doraHai="68" doraHaiUra="114" who="2" fromWho="2" sc="210,-21,447,-21,128,102,195,-40" owari="189,-21.1,426,52.6,230,3.0,155,-34.5" /></mjloggm>