<mjloggm ver="2.3"><GO type="225" lobby="0"/><UN n0="%E6%A1%9C%E8%8A%B1%E9%96%83%E3%80%85" n1="%45%6C%79%73%69%75%6D" n2="%73%6C%69%63%6B%33%31%39" n3="%E5%80%89%E6%A9%8B%EF%BC%A0%E4%BA%8B%E5%8B%99" dan="17,18,17,16" rate="2245.01,2162.79,2182.66,2102.69" sx="M,F,M,M"/><TAIKYOKU oya="0"/><INIT seed="0,0,0,5,3,116" ten="250,250,250,250" oya="0" hai0="99,43,36,105,73,87,45,35,1,130,104,17,72" hai1="102,57,28,78,77,12,119,117,131,22,134,13,6" hai2="23,94,103,32,18,109,70,65,39,121,110,8,38" hai3="125,129,37,123,34,26,97,90,84,126,115,118,56"/><T92/><D130/><U68/><E68/><V61/><F32/><W127/><G37/><T9/><D87/><U111/><E131/><V112/><F112/><W91/><G118/><T42/><D42/><U2/><E111/><N who="2" m="42507" /><F8/><W46/><G129/><T98/><D98/><U108/><E102/><V53/><F53/><W24/><G115/><T79/><D17/><U133/><E57/><V41/><F41/><W88/><G84/><T96/><D96/><U25/><E77/><V101/><F121/><W74/><G74/><T86/><D86/><U69/><E78/><V11/><F11/><W15/><G123/><T100/><D35/><U50/><E69/><V20/><F20/><W132/><G34/><T4/><REACH who="0" step="1"/><D72/><REACH who="0" ten="240,250,250,250" step="2"/><U60/><E108/><V120/><F120/><W0/><G97/><T93/><D93/><U51/><E117/><V7/><F7/><W71/><G125/><T31/><D31/><U49/><E119/><V113/><F94/><W135/><G126/><T89/><D89/><U29/><E29/><V76/><F113/><W33/><G33/><T47/><D47/><U44/><E44/><V16/><F18/><W114/><G46/><T106/><D106/><U122/><E122/><V128/><F128/><W14/><G114/><T10/><D10/><U67/><E6/><V80/><F103/><W58/><G127/><T124/><D124/><U19/><E19/><V27/><F101/><W82/><G91/><T21/><D21/><U30/><E30/><V59/><F70/><W107/><G107/><T66/><D66/><U83/><E67/><V5/><F5/><RYUUKYOKU ba="0,1" sc="240,15,250,-15,250,15,250,-15" hai0="1,4,9,36,43,45,73,79,92,99,100,104,105" hai2="16,23,27,38,39,59,61,65,76,80" /><INIT seed="0,1,1,4,2,31" ten="255,235,265,235" oya="0" hai0="91,104,26,115,123,73,89,114,25,118,130,67,44" hai1="97,98,57,3,10,28,19,93,13,117,55,20,106" hai2="32,100,111,14,124,107,68,0,18,109,121,126,49" hai3="81,41,47,48,95,134,72,102,78,4,105,103,64"/><T46/><D73/><U127/><E117/><V29/><F68/><W24/><G134/><T56/><D104/><U120/><E120/><V40/><F40/><W66/><G105/><T119/><D56/><U38/><E38/><V75/><F75/><W82/><G82/><T83/><D83/><U63/><E127/><N who="2" m="48683" /><F49/><W12/><G24/><N who="0" m="9323" /><D67/><U45/><E28/><V90/><F90/><N who="0" m="34314" /><D123/><U8/><E3/><V88/><F88/><W86/><G72/><T125/><D125/><U113/><E106/><V84/><F84/><W5/><G5/><T116/><D130/><U43/><E113/><AGARI ba="1,1" hai="44,46,113,114,115,116,118,119" m="34314,9323" machi="113" ten="40,3900,0" yaku="28,2" doraHai="31" who="0" fromWho="1" sc="255,52,235,-42,265,0,235,0" /><INIT seed="0,2,0,2,1,32" ten="307,193,265,235" oya="0" hai0="61,83,101,47,15,66,14,120,100,5,22,90,105" hai1="128,16,40,4,74,78,118,107,37,54,77,92,34" hai2="117,7,52,17,44,57,97,68,89,11,29,1,70" hai3="49,103,42,106,73,86,25,88,84,41,71,75,8"/><T31/><D120/><U72/><E107/><V126/><F126/><W60/><G25/><N who="0" m="16823" /><D105/><U109/><E118/><V20/><F117/><W94/><G84/><N who="0" m="50463" /><D47/><U95/><E34/><V121/><F29/><W64/><G8/><N who="0" m="4367" /><D15/><U9/><E128/><V30/><F30/><W10/><G10/><T79/><D79/><U130/><E130/><V131/><F121/><W82/><G82/><T125/><D125/><U26/><E109/><V81/><F44/><W127/><G127/><T23/><D23/><U119/><E119/><V24/><F131/><W113/><G113/><T56/><AGARI ba="2,0" hai="56,61,66,100,101" m="4367,50463,16823" machi="56" ten="30,1500,0" yaku="8,1" doraHai="32" who="0" fromWho="0" sc="307,21,193,-7,265,-7,235,-7" /><INIT seed="0,3,0,1,3,11" ten="328,186,258,228" oya="0" hai0="21,26,40,34,93,36,35,121,24,102,131,42,87" hai1="38,107,16,91,18,5,25,135,10,106,7,122,133" hai2="105,115,108,14,27,47,8,89,72,128,79,46,134" hai3="49,111,37,62,3,56,129,125,110,63,92,64,20"/><T78/><D121/><U17/><E38/><V19/><F115/><W51/><G3/><T101/><D131/><U55/><E122/><V2/><F105/><N who="1" m="39945" /><E91/><V120/><F120/><W39/><G20/><T117/><D117/><U74/><E74/><V33/><F128/><W48/><G92/><T53/><D53/><U59/><E25/><V77/><F108/><N who="3" m="41515" /><G129/><T67/><D67/><U98/><E98/><V69/><F69/><N who="3" m="42135" /><G125/><T60/><D60/><U66/><E66/><AGARI ba="3,0" hai="37,39,48,49,51,56,63,66" m="42135,41515" machi="66" ten="30,3900,0" yaku="14,1,34,2" doraHai="11" who="3" fromWho="1" sc="328,0,186,-48,258,0,228,48" /><INIT seed="1,0,0,3,1,24" ten="328,138,258,276" oya="1" hai0="59,107,92,120,78,65,129,43,48,38,28,1,42" hai1="83,99,86,64,119,90,10,0,18,39,109,26,12" hai2="82,108,52,54,8,73,74,56,102,121,58,63,68" hai3="51,20,60,45,23,2,32,110,122,77,72,106,118"/><U89/><E119/><V16/><F121/><W21/><G122/><T100/><D107/><U17/><E39/><V117/><F117/><W25/><G118/><T95/><D1/><U6/><E109/><V67/><F108/><W114/><G110/><T71/><D71/><U5/><E64/><V87/><F102/><W31/><G2/><T134/><D78/><U96/><E96/><V19/><F68/><W33/><G106/><T3/><D3/><U70/><E70/><V135/><F135/><W101/><G101/><T132/><D38/><U113/><E113/><V27/><F67/><W7/><G7/><T116/><D129/><U105/><E105/><V46/><F46/><W128/><G128/><T80/><D80/><U94/><REACH who="1" step="1"/><E0/><REACH who="1" ten="328,128,258,276" step="2"/><V29/><F73/><W84/><G72/><T133/><D65/><U111/><E111/><V98/><F74/><W53/><G114/><T104/><D116/><U97/><E97/><V50/><F98/><W112/><G112/><T88/><D104/><U103/><E103/><V69/><F69/><W37/><G37/><T34/><D100/><U62/><E62/><V91/><REACH who="2" step="1"/><F8/><REACH who="2" ten="328,128,248,276" step="2"/><W123/><G123/><T49/><D120/><U47/><E47/><V55/><F55/><W131/><G131/><T13/><D133/><U76/><E76/><V61/><F61/><W35/><G60/><T11/><D134/><U57/><E57/><V22/><AGARI ba="0,2" hai="16,19,22,27,29,50,52,54,56,58,63,82,87,91" machi="22" ten="20,12000,2" yaku="1,1,0,1,7,1,8,1,52,1,54,2,53,0" doraHai="24" doraHaiUra="41" who="2" fromWho="2" sc="328,-30,128,-60,248,140,276,-30" /><INIT seed="2,0,0,1,4,107" ten="298,68,388,246" oya="2" hai0="26,69,47,29,36,5,40,129,45,51,114,58,93" hai1="37,81,120,22,61,84,80,110,95,97,115,31,52" hai2="20,134,3,128,91,124,0,59,94,19,9,60,10" hai3="82,21,131,92,39,112,101,25,38,106,77,56,4"/><V108/><F128/><W2/><G106/><T17/><D114/><U1/><E115/><V132/><F124/><W105/><G105/><T79/><D69/><U65/><E1/><V35/><F35/><W88/><G88/><T8/><BYE who="3" /><D129/><UN n3="%E5%80%89%E6%A9%8B%EF%BC%A0%E4%BA%8B%E5%8B%99" /><U42/><E110/><V86/><F108/><W117/><G117/><T99/><D17/><U98/><E120/><V67/><F0/><W43/><G131/><T111/><D58/><U34/><E34/><V55/><F3/><W6/><G43/><T16/><D79/><U122/><E122/><V7/><F7/><W71/><G71/><T103/><D16/><U121/><E121/><V73/><F73/><W23/><G56/><T13/><D111/><U119/><E119/><V18/><F18/><W62/><G62/><T75/><D75/><U90/><E42/><V85/><F85/><W32/><G32/><T109/><D109/><U66/><E37/><V30/><F30/><W33/><G33/><T57/><D57/><U68/><E66/><V64/><F67/><W130/><G23/><N who="0" m="15583" /><D36/><U116/><E116/><V76/><F76/><W126/><G126/><T125/><D125/><U50/><E80/><V113/><F113/><W15/><G2/><T49/><D40/><U74/><E22/><V104/><F104/><W78/><G112/><T44/><AGARI ba="0,0" hai="5,8,13,44,45,47,49,51,93,99,103" m="15583" machi="44" ten="30,1100,0" yaku="8,1" doraHai="107" who="0" fromWho="0" sc="298,11,68,-3,388,-5,246,-3" /><INIT seed="3,0,0,4,2,9" ten="309,65,383,243" oya="3" hai0="51,94,0,4,83,128,112,15,71,125,44,36,16" hai1="126,100,119,40,132,134,123,2,47,50,42,23,62" hai2="70,26,124,84,102,109,14,74,27,77,107,34,38" hai3="117,58,30,75,68,64,88,8,32,37,108,33,129"/><W90/><G117/><T96/><D36/><U35/><E35/><V111/><F38/><W49/><G37/><T101/><D125/><U82/><E2/><V31/><F70/><W55/><G75/><T48/><D128/><U79/><E119/><V85/><F124/><W46/><G129/><T103/><D71/><U19/><E126/><V87/><F26/><W115/><G115/><T121/><D121/><U86/><E123/><V54/><F14/><W45/><G68/><T105/><D112/><U93/><E62/><V66/><F66/><W61/><G108/><N who="2" m="41545" /><F54/><W120/><G120/><T56/><D83/><U52/><E132/><V106/><F102/><W133/><G133/><T17/><D0/><U72/><E134/><V114/><F114/><W65/><G33/><T3/><D3/><U104/><E104/><N who="2" m="39979" /><F74/><W21/><G32/><T118/><D118/><U81/><E100/><V99/><F99/><W60/><G8/><N who="0" m="4487" /><D103/><U25/><REACH who="1" step="1"/><E93/><REACH who="1" ten="309,55,383,243" step="2"/><V76/><AGARI ba="0,1" hai="27,31,34,76,77,84,85,87" m="39979,41545" machi="76" ten="40,1500,0" yaku="14,1" doraHai="9" who="2" fromWho="2" sc="309,-4,55,-4,383,25,243,-7" owari="305,10.5,51,-44.9,408,50.8,236,-16.4" /></mjloggm>