<mjloggm ver="2.3"><GO type="225" lobby="0"/><UN n0="%E6%9D%B1%E9%A2%A8%E3%81%AE%E3%81%8D%E3%82%83%E3%81%B7%E3%81%95%E3%82%93" n1="%E5%A4%8F%E9%88%B4%E9%88%B4%E5%A4%8F" n2="%E3%81%86%E3%81%A9%E3%82%93%E3%81%93" n3="%E3%81%BF%E3%81%BF%E3%81%9A" dan="17,16,16,16" rate="2255.44,2150.23,2191.16,2238.27" sx="M,M,M,M"/><TAIKYOKU oya="0"/><INIT seed="0,0,0,1,4,73" ten="250,250,250,250" oya="0" hai0="91,105,58,22,37,82,94,3,92,5,89,81,127" hai1="106,60,20,131,62,24,72,124,129,76,123,35,34" hai2="108,84,66,21,100,115,101,69,52,102,36,19,10" hai3="117,50,17,63,28,7,93,31,97,15,116,49,86"/><T118/><D118/><U112/><E106/><V113/><F36/><W2/><G2/><T48/><D127/><U11/><E123/><V134/><F108/><W12/><G63/><N who="1" m="24106" /><E124/><V0/><F134/><W23/><G116/><T133/><D133/><U65/><E65/><V120/><F120/><W26/><G117/><T110/><D37/><U4/><E112/><V54/><F84/><W107/><G107/><T40/><D105/><U79/><E72/><V47/><F66/><W104/><G86/><T56/><D110/><U87/><E87/><V70/><F115/><W90/><G104/><T135/><D135/><U109/><E109/><V33/><F33/><N who="1" m="12297" /><E20/><V55/><F47/><W83/><G83/><T6/><D22/><U18/><E18/><V119/><F119/><W44/><G50/><T78/><D48/><U125/><E24/><V43/><F43/><W75/><G75/><T64/><D40/><U111/><E125/><V96/><F96/><W16/><G7/><T9/><D64/><U32/><E32/><V38/><F38/><W67/><G67/><T1/><REACH who="0" step="1"/><D9/><REACH who="0" ten="240,250,250,250" step="2"/><U13/><E111/><V8/><F113/><W98/><G26/><T39/><D39/><U59/><E59/><V61/><F61/><W88/><G49/><T42/><D42/><U126/><E126/><V80/><F10/><N who="3" m="6167" /><G44/><T77/><AGARI ba="0,1" hai="1,3,5,6,56,58,77,78,81,82,89,91,92,94" machi="77" ten="25,18000,2" yaku="1,1,0,1,22,2,52,2,53,0" doraHai="73" doraHaiUra="51" who="0" fromWho="0" sc="240,190,250,-60,250,-60,250,-60" /><INIT seed="0,1,0,4,0,23" ten="430,190,190,190" oya="0" hai0="103,2,111,127,0,4,132,118,104,56,7,45,15" hai1="21,46,117,135,61,99,13,37,66,11,124,54,39" hai2="115,1,84,108,114,107,27,44,60,69,28,125,92" hai3="34,64,48,94,123,82,106,6,89,12,131,26,85"/><T68/><D68/><U65/><E117/><V67/><F108/><W36/><G36/><T119/><D56/><U49/><E135/><V70/><F70/><W113/><G113/><T16/><D45/><U109/><E109/><V77/><F1/><N who="0" m="618" /><D103/><U78/><E124/><V25/><F125/><W19/><G106/><T95/><D95/><U14/><E78/><V76/><F107/><W62/><G131/><T58/><D58/><U51/><E14/><V55/><F76/><W86/><G123/><T59/><D59/><U53/><E21/><V9/><F9/><W81/><G6/><N who="0" m="2091" /><D104/><U101/><E61/><V88/><F77/><W116/><G116/><N who="0" m="44587" /><D132/><U102/><E46/><V47/><F47/><W10/><G48/><T98/><D98/><U29/><E99/><V63/><F63/><W112/><G112/><T105/><D105/><U50/><E50/><V35/><F55/><W126/><G126/><T52/><D52/><U38/><E38/><V5/><F5/><W90/><G94/><T71/><D71/><U18/><E53/><V42/><REACH who="2" step="1"/><F25/><REACH who="2" ten="430,190,180,190" step="2"/><W31/><G62/><T120/><D127/><U129/><E54/><V8/><F8/><W100/><G64/><T17/><D111/><U83/><E66/><V130/><F130/><W40/><G40/><T133/><D133/><U91/><E129/><V96/><F96/><W57/><G57/><T24/><D24/><U3/><E65/><V110/><F110/><W20/><G10/><N who="0" m="6263" /><D120/><U74/><E3/><V41/><F41/><W128/><G128/><T134/><D134/><U122/><E122/><V97/><F97/><RYUUKYOKU ba="1,1" sc="430,10,190,-30,180,10,190,10" hai0="17" hai2="27,28,35,42,44,60,67,69,84,88,92,114,115" hai3="12,19,20,26,31,34,81,82,85,86,89,90,100" /><INIT seed="0,2,1,2,1,59" ten="440,160,190,200" oya="0" hai0="112,11,66,119,61,76,4,39,15,90,8,29,62" hai1="134,82,69,70,124,116,9,32,40,45,63,74,27" hai2="34,83,65,104,125,135,105,38,52,18,97,26,64" hai3="0,43,68,85,122,24,42,35,109,77,133,22,103"/><T96/><D119/><U23/><E116/><V75/><F38/><W3/><G35/><T56/><D39/><U57/><E32/><V72/><F135/><W93/><G133/><T99/><D112/><U94/><E134/><V102/><F105/><W121/><G68/><T7/><D29/><U89/><E9/><V95/><F125/><W49/><G109/><T73/><D73/><U17/><E124/><V92/><F92/><W115/><G115/><T53/><D76/><U130/><E130/><V54/><F95/><W50/><G77/><T41/><D41/><N who="3" m="15369" /><G85/><T117/><D90/><U78/><E45/><V36/><F36/><W55/><G93/><T30/><D30/><U10/><E10/><V5/><F5/><W31/><G103/><T79/><D79/><U47/><E47/><V107/><F83/><W25/><G25/><T118/><D118/><U20/><E20/><V113/><F113/><W46/><G49/><T19/><D117/><U1/><E40/><V84/><F84/><W120/><AGARI ba="2,1" hai="0,3,22,24,31,46,50,55,120,121,122" m="15369" machi="120" ten="40,1500,0" yaku="13,1" doraHai="59" who="3" fromWho="3" sc="440,-9,160,-6,190,-6,200,31" /><INIT seed="1,0,0,1,2,99" ten="431,154,184,231" oya="1" hai0="118,134,46,71,44,23,17,10,55,31,115,35,8" hai1="98,76,63,53,113,32,47,36,19,83,107,93,62" hai2="112,131,132,24,114,128,52,18,70,75,42,49,124" hai3="126,66,59,130,45,125,120,41,16,0,69,15,21"/><U92/><E113/><N who="2" m="43627" /><F75/><W94/><G120/><T78/><D134/><U74/><E32/><V50/><F18/><W105/><G105/><T123/><D71/><U4/><E4/><V95/><F24/><W122/><G122/><T80/><D118/><U26/><E107/><V96/><F70/><W7/><G130/><N who="2" m="49705" /><F132/><W117/><G117/><T57/><D123/><U109/><E109/><V72/><F72/><W129/><G129/><T88/><D31/><U73/><E73/><V102/><F124/><N who="3" m="47723" /><G69/><T68/><D35/><U12/><E26/><V25/><F25/><W60/><G94/><T90/><D68/><U84/><E74/><V20/><F20/><W81/><G81/><T58/><D78/><U38/><E92/><V29/><F29/><W65/><G0/><T85/><D90/><U34/><E34/><V79/><F79/><W77/><G77/><T43/><D115/><U116/><E116/><V30/><F30/><W5/><G66/><T2/><D2/><U27/><E27/><V101/><F42/><W67/><G65/><T28/><D28/><U61/><E93/><N who="2" m="58511" /><F52/><W119/><G119/><T121/><D121/><U89/><E76/><V6/><F6/><W100/><G100/><T64/><D8/><U33/><E33/><V51/><F51/><AGARI ba="0,0" hai="5,7,15,16,21,41,45,51,59,60,67" m="47723" machi="51" ten="30,2000,0" yaku="18,1,54,1" doraHai="99" who="3" fromWho="2" sc="431,0,154,0,184,-20,231,20" /><INIT seed="2,0,0,3,4,106" ten="431,154,164,251" oya="2" hai0="101,36,8,0,97,7,76,41,132,13,54,69,81" hai1="122,131,83,46,98,88,130,65,1,121,104,75,58" hai2="31,110,12,59,43,117,2,22,42,11,6,125,53" hai3="57,66,50,90,60,103,94,34,68,87,78,37,115"/><V9/><F117/><W134/><G34/><T99/><D69/><U123/><E1/><V126/><F53/><W39/><G134/><T84/><D132/><U82/><E46/><V52/><F22/><W92/><G115/><T25/><D25/><U108/><E108/><V49/><F31/><W63/><G50/><T51/><D0/><U135/><E135/><V30/><F30/><W40/><G40/><T96/><D36/><U95/><E104/><V14/><F2/><W32/><G32/><T70/><D70/><U129/><E75/><V4/><REACH who="2" step="1"/><F110/><REACH who="2" ten="431,154,154,251" step="2"/><W67/><G67/><T118/><D118/><U93/><E93/><V71/><F71/><W100/><G92/><N who="0" m="58503" /><D41/><AGARI ba="0,1" hai="4,6,9,11,12,14,41,42,43,49,52,59,125,126" machi="41" ten="40,7700,0" yaku="1,1,9,1,54,1,53,0" doraHai="106" doraHaiUra="113" who="2" fromWho="0" sc="431,-77,154,0,154,87,251,0" /><INIT seed="2,1,0,4,0,68" ten="354,154,241,251" oya="2" hai0="55,91,1,61,6,34,9,93,82,135,45,16,120" hai1="57,94,98,74,75,58,103,31,65,81,39,11,80" hai2="15,50,83,22,67,30,51,73,63,44,26,77,37" hai3="100,118,108,14,126,69,27,54,124,13,101,99,7"/><V23/><F15/><W36/><G118/><T109/><D34/><U10/><E31/><V53/><F22/><W8/><G108/><T114/><D114/><U43/><E81/><V12/><F12/><W5/><G69/><T128/><D135/><U19/><E19/><V86/><F73/><W89/><G27/><T122/><D128/><U88/><E75/><V95/><F95/><N who="3" m="56815" /><G36/><T130/><D109/><U110/><E110/><V33/><F33/><W62/><G62/><T134/><D134/><U129/><E129/><V112/><F112/><W125/><G54/><T60/><D130/><U115/><E115/><V59/><F51/><W111/><G111/><T102/><D82/><U131/><E131/><V52/><REACH who="2" step="1"/><F37/><REACH who="2" ten="354,154,231,251" step="2"/><W116/><G116/><T119/><D119/><U132/><E132/><V96/><F96/><W92/><G92/><T48/><D93/><U79/><E103/><N who="3" m="39498" /><G13/><T32/><D102/><U127/><E39/><V17/><F17/><AGARI ba="1,1" hai="5,7,8,14,17,124,125,126" m="39498,56815" machi="17" ten="30,1000,0" yaku="18,1" doraHai="68" who="3" fromWho="2" sc="354,0,154,0,231,-13,251,23" /><INIT seed="3,0,0,1,3,29" ten="354,154,218,274" oya="3" hai0="85,89,28,3,1,77,21,18,26,11,130,110,99" hai1="12,60,51,37,120,112,126,73,108,135,91,0,64" hai2="101,122,62,82,106,109,93,123,95,102,6,35,113" hai3="71,56,66,118,65,84,39,53,98,36,70,61,22"/><W125/><G98/><T69/><D69/><N who="3" m="26121" /><G84/><T8/><D130/><U23/><E37/><N who="3" m="14410" /><G22/><T68/><D110/><U50/><E0/><V121/><F109/><W124/><G118/><T33/><D68/><U59/><E73/><V67/><F113/><W32/><G32/><T97/><D77/><U15/><E108/><V79/><F6/><W41/><G41/><T14/><D1/><U54/><E112/><V20/><F20/><W45/><G45/><T10/><REACH who="0" step="1"/><D3/><REACH who="0" ten="344,154,218,274" step="2"/><U30/><E120/><V83/><F79/><W48/><G61/><T40/><D40/><U57/><E135/><V117/><F62/><W27/><G27/><T58/><D58/><U55/><E126/><AGARI ba="0,1" hai="48,53,56,65,66,124,125,126" m="14410,26121" machi="126" ten="40,7700,0" yaku="18,1,34,2" doraHai="29" who="3" fromWho="1" sc="344,0,154,-77,218,0,274,87" owari="344,14.4,77,-42.3,218,-18.2,361,46.1" /></mjloggm>