<mjloggm ver="2.3"><GO type="225" lobby="0"/><UN n0="%E5%8D%A0%E3%81%84%E5%B8%AB%E8%A3%8F%E3%81%AA%E3%81%84%E3%81%97" n1="%E6%B4%BE%E9%81%A3%E3%81%AE%E3%82%B8%E3%83%A3%E3%83%83%E3%82%AF" n2="%E5%B8%86%E7%AB%8B%E5%A4%8F%E8%A1%A3" n3="%72%69%6F%75%63%68%61%6E" dan="17,17,16,17" rate="2151.45,2221.23,2161.26,2194.17" sx="M,M,M,M"/><TAIKYOKU oya="0"/><INIT seed="0,0,0,1,3,81" ten="250,250,250,250" oya="0" hai0="46,129,8,42,55,6,131,97,116,135,73,19,64" hai1="132,93,92,44,25,111,27,48,5,41,91,100,128" hai2="105,7,49,74,39,66,35,3,34,69,118,58,70" hai3="28,51,94,120,112,114,119,68,102,90,115,45,133"/><T77/><D116/><U134/><E111/><V103/><F74/><W40/><G119/><T50/><D135/><N who="1" m="51755" /><E128/><N who="0" m="49225" /><D64/><U82/><E5/><V52/><F118/><W117/><G117/><T62/><D73/><U47/><E47/><V127/><F127/><W15/><G133/><T98/><D77/><U2/><E2/><V121/><F39/><W75/><G120/><T126/><D19/><U43/><E43/><V96/><F121/><W72/><G68/><T26/><D26/><N who="1" m="9739" /><E100/><V59/><F59/><W65/><G28/><T56/><D126/><U36/><E36/><V85/><F66/><W24/><G65/><T33/><D33/><U16/><E16/><V83/><F35/><W4/><G102/><T21/><D21/><U12/><E12/><AGARI ba="0,0" hai="6,8,12,42,46,50,55,56,62,97,98" m="49225" machi="12" ten="30,1500,0" yaku="19,1" doraHai="81" who="0" fromWho="1" sc="250,15,250,-15,250,0,250,0" /><INIT seed="0,1,0,5,3,71" ten="265,235,250,250" oya="0" hai0="120,67,26,112,37,97,131,43,50,85,86,110,18" hai1="129,27,90,100,61,130,124,1,23,122,92,109,30" hai2="123,55,68,72,108,119,78,105,66,62,44,4,88" hai3="54,63,69,82,113,2,29,10,79,56,111,81,15"/><T0/><D112/><U127/><E1/><V121/><F105/><W22/><G111/><T11/><D120/><U17/><E122/><V93/><F108/><W102/><G113/><T91/><D110/><U19/><E100/><V6/><F119/><W28/><G102/><T12/><D0/><U42/><E61/><V125/><F125/><N who="1" m="48201" /><E42/><V83/><F123/><W103/><G103/><T3/><D3/><U58/><E58/><V104/><F104/><W32/><G32/><T35/><D131/><N who="1" m="50187" /><E109/><V96/><F121/><W9/><G69/><T41/><D37/><U14/><E92/><V7/><F55/><W89/><G2/><T126/><D126/><U74/><E74/><V132/><F132/><W64/><G64/><T24/><D67/><U5/><E90/><V75/><F75/><W52/><G54/><T106/><D35/><U21/><E5/><V31/><F44/><W59/><G59/><T135/><D106/><U98/><E98/><V118/><F118/><W16/><G89/><T65/><D97/><U134/><E134/><V116/><F116/><W49/><G63/><T20/><D135/><U99/><E99/><V13/><REACH who="2" step="1"/><F31/><AGARI ba="1,0" hai="14,17,19,21,23,27,30,31" m="50187,48201" machi="31" ten="30,7700,0" yaku="18,1,19,1,34,2" doraHai="71" who="1" fromWho="2" sc="265,0,235,80,250,-80,250,0" /><INIT seed="1,0,0,5,2,74" ten="265,315,170,250" oya="1" hai0="106,3,120,7,1,65,82,61,86,133,27,2,48" hai1="109,108,111,81,85,77,55,112,56,68,15,129,107" hai2="42,52,79,114,44,71,50,33,131,35,80,39,101" hai3="32,116,29,134,78,8,75,88,31,40,97,124,49"/><U104/><E112/><V4/><F131/><W25/><G124/><T45/><D106/><U72/><E129/><V0/><F114/><W70/><G70/><T91/><D133/><U37/><E37/><V115/><F101/><W13/><G134/><T84/><D120/><U23/><E68/><V118/><F71/><W46/><G116/><T83/><D27/><U12/><E72/><N who="2" m="43111" /><F118/><W20/><G31/><T102/><D102/><U130/><E130/><V128/><F128/><W123/><G123/><T99/><D99/><U6/><E6/><V18/><F18/><W14/><G32/><T57/><D7/><U53/><E53/><V98/><F98/><W5/><G14/><N who="1" m="5162" /><E23/><V30/><F30/><W41/><G41/><T67/><D67/><U21/><E21/><V34/><F34/><W93/><G75/><T73/><D73/><U54/><E54/><V100/><F100/><W89/><REACH who="3" step="1"/><G78/><REACH who="3" ten="265,315,170,240" step="2"/><T90/><REACH who="0" step="1"/><D1/><REACH who="0" ten="255,315,170,240" step="2"/><U10/><E10/><N who="2" m="2311" /><F115/><W94/><G94/><T17/><D17/><U132/><E132/><V105/><F105/><W66/><G66/><T16/><D16/><U96/><E96/><V103/><F103/><AGARI ba="0,2" hai="5,8,13,20,25,29,40,46,49,88,89,93,97,103" machi="103" ten="30,7700,0" yaku="1,1,7,1,8,1,54,1,53,0" doraHai="74" doraHaiUra="135" who="3" fromWho="2" sc="255,0,315,0,170,-77,240,97" /><INIT seed="2,0,0,4,5,105" ten="255,315,93,337" oya="2" hai0="132,108,13,21,112,119,88,84,94,89,69,46,68" hai1="32,63,116,80,135,114,33,10,123,56,106,118,122" hai2="90,130,97,96,75,55,11,14,134,12,44,82,66" hai3="49,74,26,65,23,24,28,58,22,29,103,8,62"/><V101/><F134/><W42/><G74/><T107/><D112/><U72/><E106/><V16/><F130/><W125/><G125/><T30/><D132/><U95/><E114/><V37/><F66/><W45/><G8/><T7/><D108/><U60/><E95/><V64/><F64/><W110/><G103/><T0/><D107/><U102/><E10/><V86/><F101/><W41/><G110/><T31/><D0/><U126/><E102/><V18/><F75/><W47/><G47/><T104/><D104/><U4/><E4/><V48/><F37/><W127/><G127/><T19/><D119/><U76/><E135/><V35/><F35/><N who="1" m="13385" /><E63/><V81/><F81/><W5/><G5/><T100/><D100/><U2/><E2/><V1/><REACH who="2" step="1"/><F1/><REACH who="2" ten="255,315,83,337" step="2"/><W85/><G65/><T115/><D115/><U73/><E73/><V93/><F93/><W87/><G42/><T38/><D68/><U52/><E126/><V43/><F43/><W133/><G133/><T92/><D69/><U129/><E129/><V51/><F51/><W70/><G70/><T79/><D38/><U40/><E40/><V34/><F34/><W15/><G49/><T124/><D124/><U98/><E80/><V9/><AGARI ba="0,1" hai="9,11,12,14,16,18,44,48,55,82,86,90,96,97" machi="9" ten="20,24000,3" yaku="1,1,0,1,7,1,9,1,25,2,8,1,54,1,53,1" doraHai="105" doraHaiUra="78" who="2" fromWho="2" sc="255,-80,315,-80,83,250,337,-80" /><INIT seed="2,1,0,0,2,23" ten="175,235,333,257" oya="2" hai0="104,76,20,42,116,3,29,45,69,58,43,122,130" hai1="52,51,83,2,78,115,99,13,61,4,79,118,114" hai2="101,87,93,123,96,7,112,135,73,21,71,54,63" hai3="103,62,100,82,44,32,25,22,84,106,48,37,70"/><V50/><F112/><W60/><G32/><T132/><D122/><U124/><E2/><V97/><F73/><W109/><G37/><T102/><D69/><U94/><E118/><V24/><F123/><W119/><G119/><T125/><D3/><U131/><E131/><V81/><F135/><W10/><G109/><T30/><D116/><U86/><E124/><V39/><F39/><W36/><G36/><T8/><D125/><U68/><E78/><V92/><F7/><W110/><G110/><T33/><D132/><U15/><E68/><V34/><F34/><W67/><G10/><T5/><D33/><U105/><E105/><V1/><F1/><W65/><G106/><T9/><D130/><U53/><E61/><V74/><F74/><W0/><G0/><T46/><D76/><U47/><E53/><V59/><F71/><W18/><G62/><T80/><D80/><U120/><E120/><V41/><F41/><N who="0" m="15370" /><D58/><U129/><E129/><V72/><F72/><W55/><REACH who="3" step="1"/><G65/><REACH who="3" ten="175,235,333,247" step="2"/><T27/><D104/><U90/><E114/><V12/><F63/><W56/><G56/><T134/><D134/><U89/><E115/><V113/><F113/><W107/><G107/><T11/><D5/><U133/><E4/><V19/><F59/><W117/><G117/><T31/><D102/><N who="1" m="60791" /><E133/><V108/><F101/><W26/><G26/><T40/><D40/><U111/><E111/><V17/><F108/><W57/><G57/><T91/><D91/><AGARI ba="1,1" hai="13,15,47,51,52,79,83,86,89,90,91" m="60791" machi="91" ten="30,2000,0" yaku="8,1,54,1" doraHai="23" who="1" fromWho="0" sc="175,-23,235,33,333,0,247,0" /><AGARI ba="1,0" hai="18,22,25,44,48,55,60,67,70,82,84,91,100,103" machi="91" ten="30,3900,0" yaku="1,1,7,1,52,1,53,0" doraHai="23" doraHaiUra="126" who="3" fromWho="0" sc="152,-39,268,0,333,0,247,39" /><INIT seed="3,0,0,1,0,23" ten="113,268,333,286" oya="3" hai0="43,87,126,54,36,9,44,100,102,108,38,46,72" hai1="76,55,17,40,51,117,73,99,104,71,88,86,105" hai2="53,59,0,61,20,121,16,49,83,98,1,26,84" hai3="13,111,106,47,34,35,18,113,22,92,7,4,45"/><W31/><G106/><T37/><D72/><U107/><E71/><V80/><F121/><W94/><G113/><T30/><D108/><U29/><E40/><V131/><F131/><W74/><G74/><T69/><D87/><U75/><E29/><V97/><F1/><W115/><G115/><T56/><D9/><U19/><E117/><V52/><F0/><W66/><G111/><T11/><D11/><U15/><E99/><N who="2" m="37899" /><F84/><W65/><G31/><T64/><D30/><U127/><E127/><V112/><F112/><W32/><G47/><AGARI ba="0,0" hai="16,20,26,47,49,52,53,59,61,80,83" m="37899" machi="47" ten="30,7700,0" yaku="8,1,52,1,54,2" doraHai="23" who="2" fromWho="3" sc="113,0,268,0,333,77,286,-77" owari="113,-38.7,268,6.8,410,51.0,209,-19.1" /></mjloggm>